3940 6480
424 283 525 349 471

1685 286 1963 350 THECD.
1999 289 2090 349 BA
2106 290 2402 351 LSAMON

3588 294 3688 353 ΗΞ

430 406 594 470 nitos,
621 415 685 457 ex
720 401 852 458 urbe
895 400 947 455 in
973 414 1134 470 quam
1166 401 1550 473 immigrarunt
1584 404 1850 457 excedere
1885 402 1997 456 vult

2116 426 2223 471 :ouc;
2243 408 2337 463 οὖν
2367 406 2518 476 παρὰ
2544 407 2653 461 τῶν
2678 405 2907 460 ἐκδίκων
2928 402 3425 475 ύπομιμνὴκεσθαι
3448 402 3687 473 βούλεται

427 510 642 557 canon;
692 504 1048 549 contumaces
1097 510 1228 550 vero
1256 512 1319 550 ac
1351 497 1403 550 in
1435 511 1530 549 sna
1563 496 1993 567 importunitate,

426 586 791 641 inobedientia
821 585 1071 641 videlicet
1102 587 1543 656 impudentiaque
1558 584 1895 652 obtlrmatos,
1914 585 1997 639 vel

404 680 839 752 commissorum
877 679 979 734 sibi
1026 678 1191 734 etiam
1242 678 1581 748 negotiorum
1638 678 1994 732 administra-

427 772 628 826 tionem
664 772 942 831 mordicus
975 774 1300 837 retinentes,
1354 772 1480 840 ejici
1515 789 1543 826 a
1579 772 1867 827 defensore
1913 772 1995 825 vel
2040 799 2045 803 ο

425 863 645 931 invitos,
679 873 842 935 atque
880 866 931 918 in
978 880 1127 919 suam
1172 868 1466 920 stationem
1519 865 1766 936 compelli
1816 864 1990 932 jubet.

426 954 734 1024 Eademque
777 955 1166 1012 constitutione
1206 958 1503 1013 monachos
1553 970 1771 1027 quoque
1822 954 1991 1011 teneri

423 1045 698 1101 decretum
724 1057 829 1102 est.

423 1136 653 1199 AliiST.
687 1140 880 1202 Clerici
907 1152 955 1196 et
981 1141 1220 1197 monachi
1242 1143 1331 1210 qui
1359 1140 1587 1209 episcopi
1614 1140 1825 1209 injussu
1851 1139 1992 1196 Con-

490 1233 835 1299 stantinopoli
866 1245 1282 1299 commorantur,
1310 1243 1355 1285 et
1387 1234 1565 1286 turba:
1590 1233 1841 1296 excitant,
1868 1232 1992 1287 urbe

494 1325 850 1393 expelluntur.

491 1523 681 1586 Clerici
738 1532 832 1576 aut
887 1523 1134 1578 monachi
1202 1523 1291 1591 qui
1352 1534 1549 1593 praeter
1607 1524 1844 1593 episcopi
1907 1524 1988 1579 sui

422 1616 750 1674 sententiam
815 1614 1286 1686 Constantinopoli
1355 1616 1737 1681 inveniuntur,
1804 1624 1859 1669 et
1916 1615 1986 1669 ibi

2101 501 2129 553 ὁ
2160 501 2336 554 κανὼν
2357 502 2588 566 ἐξελθεῖν
2604 501 2701 569 τῆς
2718 500 2943 563 πόλεως,
3031 496 3405 568 παροικοῦσιν
3424 511 3441 527 ο
3459 498 3509 549 ci
3542 497 3596 549 δὲ
3621 498 3691 567 μὴ

2102 591 2397 657 πείθοιντο,
2428 593 2539 654 τοῖς
2566 592 2749 650 αὐτοῖς
2784 590 2839 642 δὲ
2880 589 3207 656 πράγμασιν
3245 587 3589 656 ὲπιμένοιεν,
3623 590 3686 657 τῇ

2099 686 2197 739 ἁνυ
2206 686 2435 757 ποταξίᾳ
2448 684 2650 756 δηλαδὴ
2663 685 2757 737 καὶ⁹
2775 682 3149 751 ἀναισχυντίᾳ,
3165 681 3201 751 ἦ
3216 684 3286 751 τῇ
3301 680 3570 747 διοικήσει
3584 679 3689 732 τῶν

2099 779 2284 841 αὐτοῖς
2335 777 2783 848 ἐγχειρισθέντων
2867 774 3216 843 πραγμάτων
3246 810 3262 834 ,
3320 770 3687 824 ἐκϐάλλεσθαι

2101 869 2195 921 καὶ
2222 869 2453 930 ἄκοντας
2475 868 2503 919 ὁ
2535 866 2716 919 κανὼν
2745 863 3089 918 διατάττεται
3126 860 3291 932 παρὰ
3324 859 3421 913 τοῦ
3455 860 3687 923 ἔκδικον,
3762 854 3767 860 ’

2097 959 2193 1013 καὶ
2239 961 2318 1021 εἰς
2344 961 2471 1019 τοὺς
2508 958 2669 1022 ἰδίους
2709 956 2927 1011 ἀπιέναι
2961 956 3180 1018 τόπους.
3247 952 3335 1006 Τὰ
3362 950 3506 1006 αὐτὰ
3602 952 3691 1005 καὶ

2096 1052 2227 1122 περὶ
2252 1050 2523 1121 μοναχῶν.

2094 1121 2319 1198 ΔΡΙΣΤ.
2381 1146 2445 1195 Ol
2503 1142 2843 1195 ἐπισκόπου
2898 1140 3039 1208 δίχα
3090 1136 3166 1206 τῆ
3224 1136 3692 1193 Κωσταντίνου

2165 1236 2568 1304 διατρίϐοντες
2622 1234 2795 1288 πόλει
2825 1232 3100 1299 κληρικοι
3145 1231 3253 1283 καὶ
3301 1225 3691 1298 μονάζοντες,

2164 1328 2263 1381 καὶ
2303 1326 2567 1394 ταραχὰς
2596 1326 3028 1395 ἀνετείροντες,
3080 1321 3183 1390 τῆς
3223 1322 3471 1386 πόλεως
3521 1318 3695 1373 ἐλαυ-

2160 1419 2495 1476 νέσθωσαν.

2168 1530 2229 1581 Οἱ
2265 1528 2416 1598 παρὰ
2453 1526 2681 1597 γνώμης
2734 1526 2828 1580 τοῦ
2885 1526 3018 1579 ἰδῖου
3056 1524 3375 1577 ἐπισκόπου
3437 1517 3690 1591 εὑρισκό-

2099 1639 2248 1692 μενοι
2289 1624 2347 1674 ὲν
2394 1619 2979 1676 Κωνσταντινουπόλει
3030 1617 3295 1685 κληρικοὶ
3361 1613 3463 1666 καὶ
3524 1612 3686 1681 μονά-

421 1706 847 1770 ecclesiasticum
919 1709 1239 1777 perturbant
1313 1718 1553 1773 statum,
1605 1708 1671 1762 ab
1735 1708 1991 1762 Ecclesiae

2116 1714 2284 1775 ζοντες
2314 1709 2451 1780 (52),
2487 1711 2582 1761 καὶ
2627 1708 2729 1779 τὴν
2784 1705 3263 1777 ἐκκλησιαστικὴν
3328 1701 3691 1773 θορυϐοῦντες

422 1797 1035 1868 Constantinopolitanae
1092 1801 1333 1854 exarcho
1396 1800 1622 1855 civitate
1708 1801 1986 1869 expellan-

425 1896 536 1951 mra

972 2024 1211 2082 CANON
1253 2026 1443 2083 XXIV.

428 2134 559 2202 Quae
589 2139 748 2192 semel
769 2137 1038 2192 voluntate
1062 2139 1289 2207 episcopi
1320 2150 1630 2196 consecrata
1664 2154 1783 2196 sunt
1811 2160 1997 2198 mona-

496 2235 680 2298 steria,
707 2243 954 2300 perpetuo
976 2251 1186 2289 manere
1217 2237 1564 2299 monasteria,
1590 2247 1637 2291 et
1669 2253 1749 2290 re:
1781 2254 1897 2304 qua:
1927 2238 1995 2290 ad

497 2340 562 2378 ea
611 2325 872 2392 pertinent
927 2327 1164 2388 servari,
1224 2342 1384 2396 eaque
1441 2343 1543 2381 non
1595 2329 1823 2395 amplius
1879 2329 1999 2397 fieri

494 2417 779 2470 swcularia
830 2415 1157 2471 habitacula.
1199 2415 1306 2470 Eos
1355 2427 1550 2485 autem,
1601 2420 1691 2489 qui
1739 2422 1834 2474 hoc
1882 2421 1999 2489 ﬁeri

495 2508 825 2574 permittunt,
856 2521 1113 2559 canonum
1143 2507 1310 2575 poenis
1342 2507 1556 2576 subjici.

501 2702 693 2760 BALS.
724 2703 970 2759 Prxsens
994 2717 1184 2768 canon,
1234 2703 1324 2773 qui
1364 2704 1555 2759 statuit
1588 2720 1692 2759 non
1736 2706 1846 2761 ﬁeri
1894 2722 1999 2763 sm-

427 2796 633 2851 cnlaria
693 2794 1015 2860 diversoria,
1081 2811 1182 2853 nec
1237 2798 1542 2851 communia
1594 2797 1708 2852 ﬁeri
1758 2813 1878 2868 quae
1935 2803 1999 2855 tie

429 2885 674 2957 episc0pi
718 2888 987 2943 sententia
1020 2896 1339 2941 consecrata
1366 2895 1495 2943 sunt
1522 2891 1874 2955 monasteria,
1906 2904 2001 2945 eas

429 2991 643 3053 quoque
669 2991 758 3032 res
778 2978 1005 3045 servari,
1039 2994 1159 3047 qua:
1192 2979 1259 3034 ad
1295 2982 1405 3050 ipsa
1440 2981 1735 3049 pertinent,
1765 2994 1822 3037 ut
1852 2992 1904 3037 et
1931 2983 1997 3038 de

2098 1802 2458 1860 κατάστασιν.
2487 1799 2574 1852 διὰ
2602 1799 2697 1851 τοῦ
2733 1799 2953 1851 ὲκδέκου
2987 1798 3085 1867 τῆς
3116 1796 3268 1851 κατὰ
3331 1797 3683 1848 Κωνσταντι-

2117 1890 2371 1945 νούπολιν
2405 1886 2732 1958 Ἐκκλησίας
2746 1889 2846 1959 τῆς
2859 1888 3064 1950 πόλεως
3093 1883 3546 1940 ὲλαυνὲσθωσαν.

2682 2021 2922 2076 ΚΔΝΩΝ
2962 2023 3089 2076 KA'.

2106 2141 2181 2196 Τὰ
2215 2138 2377 2203 ἅπαξ
2398 2134 2827 2204 καθιερωθέντα
2848 2134 3235 2203 μοναστήρια
3266 2131 3425 2186 κατὰ
3452 2131 3690 2201 γνώμην

2168 2233 2509 2285 ἐπισκόπου
2533 2228 2742 2297 μένειν
2765 2229 2852 2292 εἰς
2872 2227 2938 2279 τὸ
2972 2225 3256 2291 διηνεκὲς
3291 2224 3677 2294 μοναστήρια

2169 2324 2270 2379 καὶ
2288 2324 2358 2377 τὰ
2372 2321 2677 2391 ἀνήκοντα
2694 2319 2897 2385 αὐτοῖς
2916 2318 3232 2386 πράγματα
3255 2317 3683 2386 φυλάττεσθαι,

2169 2418 2267 2472 καὶ
2294 2417 2501 2488 μηκέτι
2546 2413 2821 2481 τίνεσθαι
2874 2410 3060 2464 ταῦτα
3093 2409 3371 2478 κοσμικὰ
3430 2406 3685 2475 natanti)-

2170 2525 2292 2577 για.
2353 2506 2501 2571 Τοὺς
2534 2505 2602 2557 δὲ
2643 2501 3116 2571 συγχωροῦντας
3167 2501 3357 2554 τοῦτο
3423 2500 3685 2567 γίνεσθαι

2172 2602 2529 2657 ὑποκεῖσθαι
2552 2596 2678 2661 τοῖς
2710 2597 2778 2649 ἐκ
2804 2594 2923 2649 τῶν
2954 2595 3233 2647 κανόνων
3258 2592 3602 2661 ἐπιτιμίοις.

2172 2712 2366 2769 ΒΑΛΣ.
2407 2711 2468 2764 Ὀ
2526 2708 2714 2779 παρὼν
2768 2709 2947 2761 κανὼν
3002 2702 3382 2776 διοριζόμενος
3434 2701 3509 2773 μὴ
3549 2702 3689 2770 γίνε-

2103 2804 2229 2859 σθαι
2254 2803 2496 2873 κοσμικὰ
2533 2799 2879 2868 καταγώγια,
2920 2798 3053 2869 μηδὲ
3086 2796 3413 2851 κοινοῦσθαι
3440 2794 3512 2848 τὰ
3550 2792 3684 2846 κατὰ

2102 2897 2331 2968 γνώμην
2368 2896 2461 2949 τού
2498 2896 2801 2950 ἐπισκόπου
2849 2891 3268 2962 καθιερωθέντα
3326 2886 3679 2959 μοναστήρια,

2104 2988 2473 3060 φυλάττεσθαι
2497 2987 2556 3041 δὲ
2588 3005 2686 3041 και
2710 2986 2779 3039 τά
2803 2986 3076 3054 ἀνήκοντα
3116 2985 3314 3046 αὐτοῖς
3361 2982 3680 3049 πράγματα,

428 3067 879 3123 monasteriorum
903 3070 1261 3124 aediﬁcatione
1288 3074 1448 3127 tacite
1470 3074 1733 3142 praecipit,
1764 3089 1827 3130 ea
1856 3075 1998 3143 quod

2116 3078 2444 3150 ὶσυμφανῶς
2475 3077 2942 3149 παρακελεύεται,
2984 3074 3083 3129 καὶ
3116 3075 3184 3129 τὰ
3219 3076 3359 3145 ’περὶ⁸
3401 3073 3502 3141 τῆς
3530 3070 3682 3136 ποιή-

427 3160 561 3219 dicit
593 3159 831 3231 episcopi
853 3160 1157 3217 voluntate.
1187 3162 1296 3217 Sed
1328 3166 1595 3233 quomodo
1624 3167 1737 3221 iieri
1770 3168 2002 3222 debeant

431 3253 783 3319 monasteria,
830 3267 860 3307 a
907 3253 1083 3324 primo
1116 3270 1325 3310 canone
1374 3257 1565 3328 synodi
1617 3260 1735 3327 quae
1788 3258 1891 3313 luit
1948 3260 2000 3315 in

431 3344 628 3416 templo
659 3343 985 3402 Sanctorum
1035 3347 1440 3417 Apostolorum,
1476 3346 1650 3403 fusius
1694 3350 1913 3417 disces;
1948 3360 2004 3406 et

432 3438 600 3498 etiam
636 3453 664 3491 a
697 3437 872 3506 primo
919 3437 1100 3508 capite
1146 3439 1306 3509 primi
1352 3439 1439 3494 tit.
1501 3456 1553 3494 1v
1612 3441 1734 3496 libri
1777 3441 1998 3497 Basilio.

432 3526 575 3605 quod
617 3535 705 3580 est
752 3542 872 3597 cap.
927 3526 1167 3594 52,125
1220 3526 1511 3584 Justiniani
1574 3529 1831 3598 Novella),
1882 3547 2003 3602 quae

432 3619 754 3690 compendio
809 3620 983 3690 posita
1027 3630 1111 3675 est
1141 3619 1192 3673 in
1223 3620 1249 3674 1
1299 3635 1419 3690 cap.
1470 3622 1530 3675 il
1581 3621 1666 3677 tit.
1722 3622 2003 3690 praesentis

430 3712 630 3783 operis.
665 3710 1085 3780 lnterrogaverit
1116 3720 1295 3766 autem
1321 3713 1609 3782 quispiam,
1630 3728 2000 3783 cumquanam

431 3803 676 3862 custodia
726 3817 814 3859 res
845 3803 1303 3859 monasteriorum
1350 3805 1557 3858 servari
1583 3802 1769 3872 jubeat
1795 3818 1992 3872 canon,

433 3908 489 3957 et
518 3912 765 3968 quisnam
795 3912 872 3952 ea:
902 3896 1035 3953 sint.
1082 3896 1161 3951 Ac
1190 3897 1432 3952 nonnulli
1484 3898 1701 3967 quidem
1745 3897 2003 3952 dixerunt

431 3990 613 4047 omnia
642 3990 1097 4045 monasteriorum
1128 4000 1238 4047 tam
1265 3988 1489 4044 mobilia
1512 4004 1674 4059 quam
1706 3990 1998 4044 immobilia

434 4093 492 4137 ut
523 4082 640 4153 ipsa
669 4082 836 4137 etiam
867 4082 1200 4137 monasteria
1251 4082 1615 4137 inalienabilia
1656 4084 1998 4137 conservari.

431 4174 563 4239 Mihi
592 4184 769 4231 autem
810 4174 1025 4229 videtur
1049 4187 1221 4227 canon
1260 4175 1347 4229 hic
1376 4174 1521 4244 loqui
1559 4176 1627 4229 de
1674 4189 1863 4245 magna
1900 4189 2002 4229 cu-

430 4265 631 4331 stodia,
661 4280 872 4322 summa
899 4264 1108 4326 scilicet
1140 4265 1440 4335 diligentia.
1469 4264 1832 4320 ltmnobilium
1857 4266 1999 4320 enim

430 4358 499 4412 ad
530 4371 593 4412 ea
639 4354 1045 4425 pertinentium,
1089 4364 1144 4409 et
1184 4366 1447 4424 praeterea
1506 4355 1672 4410 etiam
1720 4370 2001 4410 sacrorum

2105 3186 2244 3233 σεως
2270 3169 2379 3222 τῶν
2411 3165 2815 3239 μοναστηρεων,
2863 3164 2951 3217 διὰ
2974 3164 3069 3217 τοῦ
3104 3164 3310 3226 εἰπεῖν,
3339 3161 3489 3213 κατὰ
3546 3155 3679 3226 γνὼ-

2106 3278 2215 3333 μην
2262 3259 2359 3316 τοῦ
2398 3258 2724 3313 ἐπισκόπου.
2784 3256 3022 3326 Μαθήσῃ
3047 3255 3104 3309 δὲ
3168 3252 3517 3322 πλατύτερον
3570 3248 3681 3309 πῶς

2102 3352 2379 3420 ὀφείλουσι
2405 3351 2656 3420 γίνεσθαι
2712 3351 2782 3404 τὰ
2839 3352 3182 3421 μοναστήρια
3210 3347 3326 3401 ἀπὸ
3373 3346 3471 3398 τοῦ
3496 3342 3546 3397 α’
3580 3358 3676 3393 κα·

2104 3445 2252 3507 νόνος
2284 3447 2383 3515 τῆς
2415 3447 2471 3499 ὲν
2500 3443 2577 3514 τῷ
2597 3442 2711 3512 ναῷ
2741 3443 2849 3496 τῶν
2885 3442 3085 3506 Ἁγίων
3107 3440 3461 3494 Ἀποστὸλων
3491 3433 3681 3489 συστά-

2106 3553 2204 3607 σης
2241 3536 2479 3603 συνόδου,
2520 3536 2617 3589 καὶ
2644 3535 2753 3588 ἀπὸ
2789 3533 2882 3587 τοῦ
2900 3531 2949 3587 α’
2976 3551 3100 3600 κεφ.
3135 3530 3231 3585 τοῦ
3258 3537 3309 3585 α’
3332 3529 3515 3584 τίτλου
3532 3524 3619 3580 τοῦ
3642 3520 3679 3577 δ’

2107 3629 2311 3701 βιολιου
2376 3630 2482 3681 τῶν
2528 3626 2838 3681 Βασιλικῶν
2865 3626 3002 3695 ὅπερ
3025 3625 3143 3677 ἐστὶ
3166 3641 3296 3693 κεφ.
3329 3622 3410 3694 νβ’
3435 3620 3534 3690 τῆς
3569 3610 3674 3687 ρκγ

2114 3720 2539 3776 Ἰούστινιανείου
2569 3718 2809 3790 Νεαρᾶς,
2835 3714 3156 3783 συνοψισθὲν
3186 3717 3267 3777 ei;
3296 3714 3359 3767 τὸ
3382 3711 3433 3766 α’
3451 3703 3678 3779 κεφ.τοῦ

2106 3814 2175 3869 ια’
2226 3815 2406 3868 τίτλου
2460 3811 2555 3865 τοῦ
2606 3811 2871 3882 παρόντος
2924 3808 3324 3877 συντάγματος.
3391 3800 3680 3873 Ἐρωτήσει

2104 3906 2161 3959 δέ
2195 3923 2279 3970 τις
2309 3904 2450 3975 μετὰ
2473 3904 2633 3967 ποίας
2677 3901 2928 3972 φυλακῆς
2965 3902 3036 3954 τά
3075 3901 3390 3970 πράγματα
3426 3895 3536 3949 τῶν
3591 3908 3679 3962 μο-

2102 3997 2413 4067 ναστηριων
2467 3994 2839 4063 φυλάττεσθαι
2897 3996 2925 4047 ὁ
2974 3991 3157 4047 κανὼν
3201 3985 3671 4061 παρακελεύεται,

2104 4090 2202 4145 καὶ
2232 4091 2359 4143 ποῖα
2397 4087 2573 4142 ταῦτά
2597 4091 2723 4143 εἱσι.
2748 4088 2856 4141 Καί
2893 4103 3039 4147 τινες
3085 4085 3183 4156 μὲν
3237 4082 3396 4137 εἷπον
3450 4079 3677 4150 ὀφείλειν

2105 4181 2281 4234 πάντα
2318 4179 2387 4232 τά
2417 4179 2528 4231 τῶν
2575 4180 2960 4247 μοναστηρέων
3017 4175 3213 4246 κινητὰ
3264 4174 3365 4228 καὶ
3426 4172 3674 4238 ἀκίνητα,

2102 4269 2179 4334 ὡς
2199 4271 2294 4323 καὶ
2310 4270 2446 4323 αύτά
2464 4270 2530 4322 τὰ
2557 4272 2896 4338 μοναστήρια
2916 4266 3306 4336 συν-τηρεῖσθαι
3325 4262 3674 4332 ἅνεκποίητιν

2109 4362 2234 4431 ἐμοὶ
2260 4360 2317 4413 δὲ
2365 4361 2513 4413 δοκεί
2552 4361 2634 4414 ὅτι
2663 4361 2690 4412 ὁ
2727 4360 2905 4413 κανὼν
2936 4358 3175 4413 ἐνταῦθα
3236 4358 3373 4427 περὶ
3438 4351 3676 4424 φυλακῆς

430 4424 685 4515 vasorum
716 4460 1104 4515 nonnunquam
1140 4444 1396 4499 alienatio
1447 4446 1803 4515 permittitur.
1862 4446 1998 4511 Lege

2116 4424 2257 4521 λέγει
2290 4452 2554 4521 μεγάλης,
2586 4451 2825 4520 δηλονότι
2859 4450 3035 4521 ἄκροις
3056 4424 3401 4519 ἐπιμελείας.
3429 4447 3551 4501 Τῶν
3569 4442 3674 4511 γὰρ

434 4552 602 4600 tomm
632 4540 667 4591 2
711 4538 794 4593 tit.
831 4537 926 4593 lib.
966 4553 996 4585 ν
1035 4534 1253 4601 Βοείιίς,
1281 4538 1561 4592 docentem
1586 4537 1751 4606 justis
1777 4536 2002 4607 quibus-

430 4634 555 4686 dam
586 4631 652 4685 de
676 4630 879 4697 causis,
914 4644 1023 4683 non
1050 4626 1225 4683 solum
1266 4628 1383 4682 dari
1414 4627 1644 4696 pignori,
1676 4630 1770 4682 sed
1807 4627 1999 4696 quavis

430 4724 599 4780 etiam
632 4722 958 4776 alienatione
990 4719 1214 4774 alienari
1239 4704 1593 4774 ecclesiarum
1626 4719 1921 4775 immobilia
1944 4726 2001 4773 et

433 4831 595 4873 sacra
620 4830 767 4868 vasa.
792 4812 1058 4885 Quoniam
1092 4821 1275 4867 autem
1311 4813 1441 4867 dicit
1478 4827 1594 4880 eos,
1647 4813 1738 4883 qui
1772 4812 1999 4882 permit-

436 4918 556 4963 tnnt
586 4908 896 4963 communia
931 4908 1045 4961 fieri
1093 4908 1442 4970 monasteria,
1498 4920 1769 4961 canonum
1822 4906 2001 4974 poenis

433 5000 652 5069 subjici,
672 5000 945 5070 rogaverit
977 4997 1268 5069 quispiam,
1304 5012 1550 5068 quamam
1579 5012 1659 5052 eae
1682 4998 1811 5051 sint.
1848 4997 2003 5053 Scias

433 5108 564 5162 ergo
618 5092 762 5160 quod
816 5090 881 5146 15
932 5105 1107 5145 canon
1145 5092 1177 5156 Ἰ
1208 5104 1327 5159 syn.
1378 5088 1528 5153 dicit,
1570 5102 1664 5143 eos
1705 5089 1796 5158 qui
1848 5102 2002 5143 sacra

434 5183 739 5241 ctnnmunia
765 5184 989 5248 faciunt,
1022 5192 1074 5238 et
1104 5198 1167 5237 ea
1200 5180 1254 5237 in
1296 5179 1575 5250 antiquam
1617 5177 1848 5232 formam
1896 5193 2001 5233 non

434 5276 745 5345 restituunt,
769 5276 815 5334 si
836 5275 1172 5345 sintquidem
1203 5269 1749 5336 sacerdotes,debere
1764 5269 1965 5339 deponi
1987 5286 2002 5325 :

2110 4545 2475 4614 διαφερόντων
2505 4543 2718 4606 τούτοις
2769 4543 3065 4612 ἀκινήτων,
3118 4543 3254 4612 πρὸς
3282 4544 3342 4597 δὲ
3388 4540 3485 4594 καὶ
3524 4535 3676 4591 τινῶν

2113 4636 2275 4704 ἱερῶν
2312 4635 2544 4697 σκευῶν,
2594 4634 2744 4687 ἐστιν
2773 4635 2863 4686 ὅτε
2898 4634 2929 4701 ὴ
2959 4632 3247 4702 ὲκποίησις
3300 4630 3670 4699 ἐπιτρέπεται.

2111 4727 2222 4779 Καὶ
2248 4726 2525 4795 ἀνάγνωθι
2556 4724 2648 4777 τὸν
2668 4724 2789 4778 ὅλον
2833 4722 3088 4792 δεύτερον
3150 4722 3327 4775 τίτλον
3364 4720 3460 4774 τοῦ
3495 4716 3535 4771 ε’
3598 4714 3673 4783 βι-

2113 4817 2262 4871 ϐλίου
2290 4818 2398 4870 τῶν
2430 4816 2755 4879 Βασιλικῶν,
2777 4815 3100 4867 διδάσκοντα
3129 4812 3187 4879 ἐξ
3218 4812 3460 4880 εὐλόγων
3489 4806 3670 4863 αξτιῶν

2108 4926 2296 4974 τινων,
2354 4908 2429 4978 μὴ
2491 4908 2651 4977 μόνον
2723 4905 3078 4959 ὑποτίθεσθαι
3137 4907 3205 4958 τά
3227 4905 3336 4957 τῶν
3373 4895 3669 4970 ἐκκλησιῶν

2110 4999 2347 5068 ἀκίνητα
2394 4996 2489 5048 καὶ
2540 4996 2660 5066 ιερὰ
2722 4994 2912 5063 σκεύη,
2978 4994 3116 5047 ἀλλά
3193 4994 3289 5047 καὶ
3338 4985 3668 5045 ὲκποιείσθαι

2112 5089 2254 5140 κατὰ
2281 5088 2462 5139 πᾶσαν
2493 5085 2801 5155 ὲκποίησιν.
2844 5074 3001 5137 Ἐπεὶ
3053 5083 3111 5136 δέ
3137 5101 3271 5153 φησι
3298 5084 3424 5143 τοὺς
3468 5090 3670 5146 συγχω-

2115 5178 2341 5249 ροῦντας
2369 5176 2679 5229 κοινοῦσθαι
2701 5177 2770 5229 τὰ
2802 5176 3146 5247 μοναστήρια
3190 5173 3509 5229 ὑποκεῖσθαι
3561 5165 3667 5225 τοῖς

2110 5271 2219 5321 τῶν
2249 5270 2489 5323 κανόνων
2511 5269 2829 5337 ἐπιτιμίοις,
2874 5268 3140 5337 ἐρωτήσει
3211 5283 3296 5330 τις
3324 5265 3452 5318 ποῖα
3503 5252 3666 5313 ταῦτά

1662 5437 1827 5502 Guili
1841 5486 1855 5500 .
1891 5435 2218 5514 Beveregii
2257 5442 2442 5512 notae.

510 5593 619 5661 (5'2)
651 5593 944 5661 Κληθικοι
999 5590 1098 5645 καὶ
1122 5589 1514 5661 μονάζοντες..
1557 5589 1615 5642 in
1667 5588 1782 5661 hac
1820 5585 1994 5640 Alexii

438 5658 697 5727 Aristeni,
757 5658 961 5718 necnon
1007 5658 1646 5731 SymcouisLogotihetie
1701 5658 1995 5731 epitomea

436 5732 660 5804 {ustelio
687 5725 859 5797 edita
884 5771 897 5790 .
955 5725 1069 5793 haec
1098 5730 1259 5795 verba
1294 5725 1487 5793 desunt
1519 5745 1533 5781 :
1566 5742 1683 5786 uiue
1714 5735 1895 5794 tamen
1929 5725 1997 5779 ad

2107 5584 2322 5653 plenum
2375 5596 2668 5649 verumque
2714 5580 2937 5635 canonis
2990 5574 3400 5653 exprimendum
3449 5572 3656 5653 acetiam

2107 5591 2322 5653 plenum
2375 5596 2668 5649 verumque
2714 5594 2937 5635 canonis
2990 5594 3053 5633 ex
3101 5591 3400 5631 rimenuum
3449 5591 3656 5622 sensu...

2105 5653 2814 5776 nesciat-i0,intemeranda
2868 5659 3018 5714 gul”,
3057 5591 3206 5719 Fuxta
3258 5651 3492 5701 “ostrum
3523 5632 3657 5688 hunc

2105 5741 2169 5776 co
2216 5737 2372 5776 Iceni.

2105 5737 2372 5781 COUICCIII.
