3940 6480
259 306 356 368 l7}
442 254 455 261 -

1299 306 1384 370 IN
1426 306 1590 372 CAN.
1634 310 1794 372 XXV
1830 310 2040 373 CONC.
2071 310 2438 376 CHALCED.

3398 312 3504 377 674

258 429 377 482 (Est.
398 423 639 477 Γίνωσκε
668 417 762 477 οὖν
783 424 865 477 ὄτι
887 426 915 479 δ
938 422 1006 493 ιγ’
1028 425 1208 480 κανὼν
1226 428 1324 497 τῆς
1355 426 1401 492 ζ’
1422 424 1646 482 συνόδου
1684 428 1820 499 φησὶ

1957 429 2097 484 aicos
2121 446 2249 484 vero
2278 432 2358 484 vel
2386 430 2681 487 monachos
2708 428 3005 501 segregari.
3035 430 3174 499 Lege
3203 439 3254 483 et
3286 430 3354 484 ιε)
3380 444 3503 486 can.

256 522 373 582 τοὺς
422 518 496 571 τὰ
533 517 651 587 ίερὰ
703 516 1041 582 κοινοῦντας,
1096 519 1190 570 καὶ
1228 519 1302 588 μὴ
1327 519 1822 582 ἀποκαθιστῶντας

258 612 390 669 αὐτὰ
419 613 503 676 είς
528 612 585 665 τὸ
632 613 859 684 ἀρχαῖον
889 613 1096 682 σχῆμα,
1127 614 1463 684 ίερωμὲνους
1492 616 1592 682 μὲν
1626 615 1808 677 ὄντας,
1849 616 2260 690 καθαιρεῖσθαι,
2284 620 2512 685 λαϊκοὺς
2547 621 2605 676 δέ
2674 620 2708 690 ἢ
2754 619 3028 691 μοναχοὺς

1929 536 2051 591 syn.
2083 526 2134 575 in
2171 521 2402 578 Trullo..

3113 617 3499 690 ἀφορίζεσθαι.

267 706 601 772 ’Δνάγνωσον
625 706 721 758 καὶ
746 706 838 758 τὸν
864 701 951 774 μθ⁹
983 704 1185 759 κανόνα
1212 707 1312 775 τῆς
1341 707 1399 759 ἐν
1428 705 1504 776 τῷ
1538 708 1794 777 Τρούλλῳ
1834 708 2087 764 συνόδου.

320 802 566 855 ΖΩΝΑΡ.
608 799 670 854 '0
724 799 942 870 πρῶτος
1000 800 1182 855 κανὼν
1223 802 1331 869 τῆς
1362 803 1422 854 ἐν
1451 799 1526 871 τῷ
1576 802 1686 872 ναῷ
1716 800 1825 854 τῶν

271 886 462 960 ’Δγίων
556 891 900 947 Ἀποστόλων
957 891 1232 961 συστάσης
1293 892 1517 945 συνόδου
1580 892 1827 961 περιέχει

264 983 394 1056 μετὰ
420 982 534 1035 τῶν
558 969 737 1036 ἄλλων
767 984 861 1036 καὶ
888 981 1085 1035 ταῦτα’
1122 981 1345 1051 Ὠρισεν
1374 983 1408 1050 ἡ
1447 982 1578 1049 ἁγία
1606 982 1828 1043 σύνοδος

265 1075 445 1145 μηδενὶ
477 1074 681 1139 ἐξεῖναι
710 1076 1080 1144 μοναστήριον
1099 1074 1409 1143 οἰκοδομεῖν
1447 1073 1575 1127 ἄνευ
1606 1072 1703 1142 τῆς
1730 1078 1825 1124 τοι.

261 1168 557 1221 ἐπισκόπου
600 1167 829 1237 γνώμης
860 1167 953 1219 καδ
992 1166 1212 1236 βουλῆς,
1262 1166 1356 1219 καὶ
1386 1165 1456 1219 τὰ
1489 1166 1634 1234 ἑξῆς.
1668 1163 1780 1219 Καὶ
1801 1165 1829 1217 ὁ

260 1262 527 1324 πολιτικὸς
559 1261 727 1328 νόμος
772 1262 829 1311 ἐν
870 1258 1061 1330 βιϐλίῳ
1107 1259 1355 1328 τετάρτῳ
1391 1257 1501 1311 τῶν
1521 1254 1826 1309 Βασιλικών

260 1355 527 1422 κείμενος,
583 1352 753 1421 τίτλῳ
799 1352 1025 1421 πρώτῳ,
1068 1351 1137 1403 τὰ
1183 1350 1325 1405 αὐτὰ
1377 1347 1692 1421 διορίζεται.
1746 1346 1828 1401 Τὰ

261 1445 379 1513 γοῦν
430 1443 579 1497 οὕτω
614 1444 759 1497 κατὰ
800 1441 1031 1513 γνώμην
1064 1442 1311 1514 δηλονότι
1361 1441 1458 1495 τοῦ
1516 1439 1827 1494 ἐπισκόπου

261 1535 658 1606 καθιερωθέντα
717 1536 1080 1603 μοναστήρια,
1140 1535 1314 1604 ήγουν
1365 1534 1452 1587 διὰ
1508 1531 1606 1602 τῆς
1660 1532 1827 1599 εὐχῆς

262 1629 463 1684 ἐκείνου
495 1628 831 1682 ἀνατεθέντα
860 1627 938 1698 τῷ
967 1627 1111 1697 Θεῷ,
1146 1627 1220 1697 μὴ
1253 1626 1569 1680 κοινοῦσθαι
1613 1618 1767 1685 οὗτος
1800 1625 1828 1675 ὁ

265 1721 430 1775 κανὼν
459 1719 831 1780 διατάττεται,
879 1720 1061 1789 μένειν
1103 1715 1273 1772 δὲ’ἀεὶ
1327 1718 1685 1788 μοναστήρια.
1736 1713 1830 1767 καὶ

269 1812 333 1882 μὴ
355 1811 511 1863 κοινὰ
537 1810 639 1863 καὶ
664 1811 905 1877 κοσμικὰ
934 1808 1272 1877 καταγώγια
1302 1808 1576 1874 γίνεσθαι,
1626 1806 1833 1875 φυλάτ-

266 1901 441 1955 τεσθαι
498 1901 560 1956 δὲ
617 1904 713 1955 καὶ
748 1901 818 1955 τὰ
856 1902 1042 1964 αὐτοῖς
1091 1902 1364 1971 ἀνήκοντα
1392 1900 1695 1970 πράγματα
1734 1898 1830 1962 ὡς,

268 1993 367 2059 ιῐγε
385 1993 460 2063 μὴ
486 1992 632 2045 κατὰ
663 1990 893 2062 γνώμην
922 1994 1231 2048 ἐπισκόπου
1265 1993 1495 2063 συσταίη
1525 1992 1684 2061 μονὴ,
1717 1989 1829 2044 οὐδ’

266 2084 383 2153 εὐχὴ
412 2083 588 2137 αὐτοῦ
634 2085 738 2153 τῆς
782 2084 1077 2154 οἰκοδομῆς
1125 2085 1530 2156 προηγήσηται,
1582 2085 1680 2137 καὶ
1743 2077 1833 2137 οἷά

266 2191 340 2235 τις
381 2173 640 2245 ἀρραγὴς
676 2174 1044 2245 καταϐληοείη
1084 2174 1352 2244 θεμέλιος,
1398 2174 1518 2227 οὐδὲ
1573 2175 1708 2243 μονὴ
1745 2174 1835 2226 λο-

269 2264 580 2333 γισθήσεται
610 2280 623 2295 ’
649 2264 737 2317 διὰ
778 2264 937 2318 τοῦτο
971 2266 1081 2335 γὰρ
1120 2264 1148 2316 ό
1184 2264 1364 2318 κανὼν
1423 2264 1693 2335 ἐπήνεγκε
1749 2262 1831 2327 τὸ,

267 2356 397 2410 κατὰ
426 2355 664 2424 γνώμην
702 2356 1033 2409 ἐπισκόπου.
1073 2356 1213 2419 Τοὺς
1243 2355 1299 2408 δέ
1332 2355 1505 2408 ταῦτα
1554 2355 1831 2424 παραϐαί-

269 2461 442 2509 νοντας
520 2448 841 2508 κανονικοῖς
893 2446 1193 2517 ἐπιτιμίοις
1244 2445 1574 2499 ὑποκεῖσθαι
1630 2446 1831 2515 ἐψηφί-

268 2554 405 2592 σατο.

266 2629 467 2684 ΑΡΙΣΤ.
502 2628 934 2697 Μοναστήριον
975 2630 1314 2685 ἐπισκόπου
1358 2632 1557 2700 γνώμῃ
1604 2631 1821 2700 παγὲν,

323 2721 551 2789 μενέτω
598 2722 1039 2789 ἀμεταποίητον
1063 2737 1079 2753 ο
1112 2722 1205 2775 καί
1233 2722 1265 2774 ὅ
1290 2738 1345 2774 τι
1377 2724 1564 2784 τούτῳ
1599 2723 1831 2791 ἀνήκει,

327 2811 441 2878 ἤτω
494 2813 921 2880 ἀγηποίητον.
968 2814 1030 2867 '0
1061 2813 1115 2866 δ’
1144 2802 1342 2878 ἄλλως
1365 2812 1679 2881 ἐπιχειρῶν
1722 2815 1834 2868 οὐκ

328 2898 685 2964 ἀνεύθυνος.

327 2990 404 3041 Τὰ
454 2992 565 3058 μὲν
613 2991 739 3061 δίχα
790 2989 1019 3059 γνώμης
1047 2990 1141 3044 τοῦ
1186 2992 1487 3044 ἐπισκόπου
1547 2990 1832 3045 κτισθέντα

274 3082 606 3149 μοναστήρια
646 3081 744 3133 καὶ
795 3080 1081 3134 ἀσύστατά
1126 3082 1235 3133 είσι
1269 3082 1358 3135 καὶ
1400 3082 1593 3147 ἀνίερα
1626 3098 1641 3113 ’
1691 3083 1752 3135 τὸ
1774 3083 1831 3136 δέ
1861 3077 1902 3133 C

275 3171 398 3239 μετά
431 3170 638 3241 βουλῆς
681 3172 983 3226 ἐπισκόπου
1031 3171 1249 3225 κτισθὲν
1338 3174 1723 3243 μοναστήριον,
1756 3174 1834 3237 ὡς

268 3262 400 3316 θείου
463 3263 684 3317 δικαίου
737 3262 832 3329 ὃν,
882 3264 1086 3331 ὀφείλει
1150 3263 1333 3333 μένειν
1388 3265 1792 3333 ἁμεταποίητον
1818 3304 1834 3329 ,

271 3355 456 3425 καὶμὴ
494 3355 802 3427 ,κοσμικῶν
855 3355 1204 3425 καταγώγιον
1239 3355 1528 3425 γίνεσθαι·
1572 3356 1837 3425 φυλάττε-

273 3445 384 3499 σθαι
421 3446 480 3500 δέ
534 3447 635 3499 καὶ
682 3446 783 3508 τὰς
837 3449 1130 3517 ἀκινήτους
1191 3448 1357 3500 αὑτοῦ
1398 3448 1623 3517 κτήσεις
1673 3449 1837 3501 ἀνεκ-

272 3540 542 3607 τοιὴτους.
576 3538 679 3591 Τὸν
710 3540 767 3592 δέ
798 3539 1094 3594 ἀθετοῦντα
1124 3539 1295 3594 ταῦτα
1342 3542 1453 3604 τοῖς
1483 3541 1549 3593 ἐκ
1594 3538 1704 3592 τῶν
1731 3556 1836 3593 κα-

272 3629 423 3684 νόνων
450 3629 644 3700 ἔνοχον
669 3625 811 3685 εἶναι
843 3632 1158 3699 ἐπιτιμίοις.

841 3722 1079 3775 ΚΔΝΩΝ
1112 3723 1240 3778 κε’.

284 3807 505 3877 Ἐπειδή
540 3827 701 3876 τινες
725 3809 844 3865 τῶν
866 3812 1319 3880 μητροπολιτῶν
1356 3814 1437 3877 ὡς
1478 3814 1837 3884 περιηχήθη-

334 3917 459 3969 μεν,
521 3900 820 3970 ἀμελοῦσι
879 3901 1000 3956 τῶν
1050 3904 1582 3973 ἐγκελειρισμένων
1638 3903 1841 3969 αὐτοῖς

334 3994 649 4062 ποιμνίων,
698 3994 799 4047 και
832 3994 1275 4049 ἀναϐάλλονται
1313 3997 1417 4062 τὰς
1466 3998 1839 4065 χειροτονίας

335 4084 449 4138 τῶν
494 4085 871 4152 ἐπισκόπων,
908 4085 1081 4150 ἔδοξε
1122 4087 1196 4155 τῇ
1224 4089 1361 4156 ἁγίᾳ
1392 4089 1633 4155 συνόδῳ
1668 4088 1841 4155 ἐντὸς

336 4177 513 4246 τριῶν
557 4175 769 4246 μηνῶν
821 4179 1093 4246 γίνεσθαι
1149 4181 1253 4245 τὰς
1312 4182 1678 4248 χειροτονίας
1724 4180 1842 4234 τῶν

336 4269 713 4332 ἐπισκόπων,
797 4271 849 4323 ει
920 4270 1154 4338 μήποτε
1236 4271 1351 4338 ἄρα
1437 4272 1841 4340 ἀπαραίτητος

337 4359 575 4428 ἀνάγκη
633 4357 1088 4425 παρασκευάσω
1153 4357 1513 4426 ἐπιταθῆναι
1550 4360 1653 4413 τὸν
1728 4358 1839 4427 τῆς
1877 4393 1918 4448 D

338 4449 651 4517 ἀναϐολῆς
716 4448 959 4518 χρόνον.
1027 4452 1095 4503 El
1127 4448 1195 4502 δὲ
1245 4450 1330 4517 μὴ
1363 4450 1537 4503 τοῦτο
1576 4449 1837 4515 ποιήσοι,

340 4540 693 4596 ὑποκεῖσθαι
719 4539 1208 4607 ἐκκλησιαστικῷ
1235 4541 1526 4610 ἐπιτιμίῳ.
1556 4540 1677 4608 Τὴν
1696 4540 1843 4608 μέν·

340 4650 426 4688 τοι
442 4631 755 4709 πρόσοᾷον
780 4630 891 4699 τῆς
917 4632 1299 4701 χηρευούσης
1328 4632 1659 4698 ἐκκλησίας
1681 4628 1847 4685 σώαν

340 4723 500 4792 παρὰ
531 4721 611 4786 τῷ
640 4722 931 4787 οἰκονόμῳ
974 4721 1083 4791 τῆς
1115 4721 1307 4789 αὐτῆς
1356 4722 1689 4789 ἐκκλησίας
1733 4736 1846 4789 φυ-

339 4815 684 4870 λάττεσθαι.

343 4904 538 4957 ΒΔΛΣ.
575 4905 638 4957 Οἱ
677 4903 809 4957 θεῖοι
835 4904 1099 4973 Πατέρες,
1127 4904 1225 4967 τὰς
1253 4904 1361 4959 τῶν
1385 4904 1607 4959 πολλῶν
1641 4921 1842 4967 κακεν-

280 4996 525 5062 τραχείας
559 4994 982 5059 ἀνακόπτοντες,
1020 4993 1226 5065 ὥρισαν
1262 4995 1335 5063 μὴ
1366 4994 1510 5064 ἔχειν
1537 4993 1628 5047 ἐπ’
1657 4994 1840 5056 ἀδείας

281 5083 396 5146 τοὺς
430 5086 837 5153 μητροπολίτας
867 5085 969 5147 τὰς
1015 5086 1121 5137 τῶν
1151 5086 1467 5140 ἐπισκόπων
1533 5086 1833 5140 ἀναϐάλλε-

284 5173 399 5226 σθαι
413 5175 749 5245 χειροτονίας
766 5176 856 5228 ἐπὶ
872 5178 1028 5241 πολὺ,
1046 5176 1160 5230 ἀλλ’
1182 5176 1331 5239 ἐντὸς
1352 5177 1616 5247 τριμήνου
1638 5176 1840 5239 ταύτας

282 5268 469 5320 ποιεῖν.
508 5265 619 5320 Καὶ
654 5266 830 5321 ταῦτα
866 5268 965 5337 μὲν
1000 5268 1130 5337 περὶ
1167 5266 1281 5321 τῶν
1331 5267 1406 5333 μὴ
1448 5267 1839 5337 ψηφιζομένων

285 5356 694 5426 μητροπολιτῶν
744 5356 843 5418 τὰς
908 5356 1041 5421 ἰδίας
1096 5357 1405 5419 ἐπισκοπάς
1433 5372 1447 5388 ·
1486 5359 1611 5427 περὶ
1647 5358 1705 5410 δὲ
1731 5357 1839 5410 τῶν

2002 806 2255 863 ZONAR.
2289 808 2421 863 Cum
2458 808 2599 874 aliis,
2632 823 2751 877 qua:
2785 808 2960 874 primo
2987 823 3204 863 canone
3233 808 3421 878 synodi
3446 808 3500 862 in

1929 900 2133 969 templo
2163 900 2484 955 Sanctorum
2519 899 2899 970 Apostolorum
2918 898 3115 953 habitae
3133 900 3503 962 continentur,

1931 1004 1985 1046 et
2022 994 2133 1047 litec
2166 992 2410 1046 deﬁnivit
2458 1003 2643 1046 sancta
2693 989 2948 1061 synodus,
2991 1004 3060 1043 ne
3098 991 3373 1058 cuiquam"
3399 988 3504 1041 nisi

1930 1082 2167 1152 episcopi
2212 1084 2477 1136 sententia
2532 1096 2597 1133 ac
2649 1080 2924 1134 voluntate
2983 1079 3368 1133 monasterium
3412 1094 3506 1131 ex-

1930 1182 2144 1228 struere
2194 1174 2358 1229 liceat
2407 1182 2461 1228 et
2505 1172 2784 1238 deinceps.
2838 1171 2983 1224 Idem
3036 1170 3172 1223 libro
3204 1185 3255 1223 iv
3286 1166 3500 1221 Basilic.

1932 1266 2088 1321 titulo
2121 1268 2319 1335 primo,
2353 1265 2501 1321 civili
2535 1278 2751 1334 quoque
2778 1262 2895 1331 lege
2921 1261 3199 1315 decretum
3240 1268 3344 1313 est.
3373 1257 3504 1324 Quae

1931 1360 2095 1428 igitur
2114 1374 2176 1412 ea
2206 1357 2544 1420 conditione,
2577 1357 2683 1409 hoc
2716 1364 2799 1408 est
2826 1354 3082 1422 episcOpo
3112 1351 3502 1415 consentiente,

1931 1451 2320 1521 religiosasque
2368 1462 2561 1519 preces
2589 1445 2883 1500 adltiltente
2930 1442 3261 1496 monasteria
3309 1455 3506 1495 conse-

1929 1550 2077 1594 crata
2108 1555 2169 1593 ac
2209 1542 2315 1593 Deo
2350 1539 2523 1591 dicata
2570 1546 2716 1598 sunt,
2769 1549 2835 1588 nc
2861 1532 3168 1588 communia
3216 1531 3510 1584 reddantur

1931 1630 2176 1700 praecipit
2199 1645 2394 1690 canon,
2428 1628 2521 1681 sed
2557 1642 2710 1680 usum
2748 1624 3065 1679 monasterii
3124 1625 3175 1676 in
3226 1632 3505 1692 posterum

1860 1740 1906 1799 Β
1935 1737 2148 1789 semper
2177 1720 2479 1779 obtineant,
2522 1731 2622 1771 nec
2672 1714 2899 1784 profana
2932 1728 2997 1766 ac
3029 1710 3310 1765 saecularia
3353 1709 3510 1763 habi-

1937 1812 2111 1867 tacula
2147 1813 2295 1872 (iant,
2322 1818 2378 1865 ut
2405 1820 2457 1863 et
2481 1810 2617 1863 bona
2638 1822 2852 1876 quoque
2877 1805 2941 1857 ad
2967 1820 3026 1859 se
3048 1802 3365 1871 pertinentia
3394 1799 3512 1854 sine

1935 1904 2124 1958 fraude
2149 1903 2480 1971 possideant.
2514 1898 2902 1953 Monasterium
2948 1910 3076 1950 vero
3125 1895 3512 1963 quodcunque,

1935 2006 2027 2049 aut
2058 1995 2200 2048 nulla
2232 1994 2387 2064 141
2426 1992 2664 2062 episcopi
2694 1988 3045 2050 auctoritate,
3093 1995 3187 2039 aut
3216 1999 3510 2043 consecra-

1938 2086 2084 2139 tione
2111 2085 2349 2154 legitima
2381 2083 2524 2137 nulla
2557 2083 2729 2136 instar
2758 2076 3099 2132 fundamenti
3132 2073 3512 2145 longelirmis-

1934 2177 2054 2232 simi
2091 2184 2367 2246 praeeunte
2408 2176 2729 2236 excitatum,
2790 2186 2859 2225 ne
2917 2167 3231 2223 monasterii
3292 2166 3507 2233 quidem

1932 2268 2056 2322 loco
2081 2267 2265 2321 haberi
2302 2267 2499 2336 placet.
2540 2264 2749 2319 Idcirco
2782 2275 3011 2328 namque
3042 2257 3203 2313 verba
3250 2256 3364 2319 illa,
3411 2254 3511 2326 [ex

1933 2358 2172 2428 episcopi
2206 2355 2509 2429 sententia]
2549 2358 2600 2410 in
2650 2366 2864 2408 canone
2916 2351 3197 2419 adjuncta.
3236 2347 3336 2413 Qui
3381 2362 3513 2401 vero

1934 2452 2079 2505 hanc
2110 2451 2553 2506 constitutionem
2598 2448 2938 2509 violaverim,
2976 2460 3042 2499 ex
3075 2442 3351 2499 canonicis
3387 2455 3515 2493 san-

1933 2542 2210 2597 ctionibus
2231 2542 2528 2609 puniendos
2554 2556 2672 2594 esse
2693 2538 2959 2593 decernit.

1931 2633 2163 2688 ARIST.
2216 2633 2600 2687 Monasteriunt
2630 2632 2859 2700 episcopi
2890 2626 3146 2683 sententia
3183 2632 3507 2681 exstructum

2004 2723 2328 2776 immutabile
2388 2734 2636 2775 maneat:
2685 2730 2734 2773 et
2772 2717 3030 2788 quidquid
3056 2716 3121 2768 ad
3162 2717 3328 2780 ipsum
3356 2712 3516 2781 perti-

2004 2826 2108 2877 net,
2146 2832 2206 2866 ne
2233 2814 2508 2866 alienetur.
2582 2811 2686 2876 Qui
2716 2826 2833 2864 vero
2863 2823 3011 2861 secus
3043 2807 3217 2874 facere
3251 2802 3516 2872 aggredie-

2006 2916 2112 2969 tur,
2151 2920 2251 2957 non
2285 2912 2359 2956 est
2388 2901 2658 2955 innoxius.

2003 2991 2134 3057 Quae
2193 2998 2389 3058 praeter
2422 2978 2684 3056 episcopi
2770 2981 3095 3038 sententiam
3158 2984 3514 3032 exstruuntur

1937 3088 2286 3151 monasteria,
2326 3100 2423 3138 nec
2486 3091 2631 3136 stare
2690 3088 2913 3149 possunt
2977 3089 3079 3130 nec
3138 3087 3292 3127 sacra
3368 3085 3513 3125 esse.

1936 3182 2088 3248 Quod
2124 3189 2304 3234 autem
2336 3192 2400 3232 ex
2435 3174 2672 3243 episcopi
2723 3171 3000 3225 voluntate
3030 3166 3301 3222 excitatur
3330 3178 3515 3217 monaa

1938 3274 2184 3339 sterium,
2239 3286 2359 3325 cum
2409 3269 2576 3323 divini
2627 3267 2697 3321 sit
2743 3265 2904 3332 juris,
2970 3258 3306 3316 immutabile
3358 3256 3519 3311 debet

1939 3382 2180 3427 manere,
2234 3374 2289 3420 et
2318 3361 2655 3419 saecularium
2692 3374 2798 3414 non
2833 3355 2947 3409 tieri
2981 3352 3361 3415 diversorium,
3406 3349 3503 3404 sed

1937 3471 1989 3515 et
2008 3459 2214 3514 servari
2240 3460 2378 3511 bona
2397 3456 2567 3525 ipsius
2594 3451 2888 3507 immobilia
2914 3446 3058 3502 nullo
3082 3446 3239 3499 mudo
3261 3440 3518 3496 alienata.

1939 3552 2039 3619 Qui
2076 3554 2189 3606 haec
2229 3561 2407 3604 autem
2435 3559 2801 3616 transgressus
2831 3542 3008 3607 fuerit,
3042 3538 3215 3610 poenis
3242 3534 3520 3590 canonicis

1939 3642 2210 3697 obnoxius
2239 3638 2363 3693 erit.

2512 3726 2596 3781 CA
2606 3722 2739 3779 NON
2790 3718 2955 3775 XXV.

1942 3818 2202 3884 Quoniam
2230 3815 2471 3871 nonnulli
2502 3810 2913 3878 metropolitani,
2949 3817 3007 3860 ut
3038 3821 3175 3875 sape
3195 3821 3226 3858 a
3255 3804 3402 3858 nobis
3419 3818 3519 3856 att-

2011 3907 2179 3959 ditum
2206 3916 2303 3968 est,
2352 3919 2399 3957 et
2430 3918 2608 3971 greges
2667 3900 2764 3953 sibi
2815 3897 3115 3949 commissos
3146 3892 3425 3959 negligant,
3471 3898 3519 3943 et

2012 3998 2370 4063 episcoporum
2404 3993 2765 4047 ordinationes
2802 3989 3090 4055 differunt:
3117 3983 3520 4052 sancta'synodo

2013 4091 2235 4158 placuit,
2265 4099 2320 4141 ut
2344 4088 2484 4141 intra
2509 4096 2609 4139 tres
2636 4098 2832 4137 menses
2858 4078 3217 4134 ordinationes
3242 4076 3394 4141 ﬁant,
3419 4072 3522 4125 nisi

2013 4181 2354 4236 inexorabilis
2387 4183 2560 4249 utique
2588 4179 2864 4231 necessitas
2893 4172 3120 4241 effecerit
3165 4178 3220 4222 stt
3250 4166 3519 4246 dilationis

2014 4282 2215 4342 tempus
2259 4278 2589 4340 prorogetur.
2669 4265 2726 4322 Si
2774 4274 2947 4318 autem
2997 4263 3092 4315 hoc
3140 4276 3239 4313 non
3281 4258 3521 4326 fecerint,

2013 4381 2100 4420 eos
2167 4362 2532 4419 ecclesiasticis
2604 4374 2767 4428 pana:
2828 4354 3042 4420 subjici.
3157 4350 3343 4404 Vidua
3404 4363 3520 4401 vero

2013 4458 2244 4514 ecclesiis
2292 4452 2524 4507 reditum
2574 4448 2714 4518 apud
2764 4446 2996 4503 ecclesia
3032 4456 3354 4499 aconomunt
3408 4437 3520 4492 sal-

2015 4565 2131 4603 vum
2165 4544 2441 4600 custodiri.

2022 4896 2215 4951 BALS.
2283 4888 2454 4946 Divini
2489 4886 2677 4942 Patres
2722 4882 2996 4955 improbas
3031 4878 3323 4934 multorum
3366 4877 3507 4932 inva-

1947 4993 2124 5046 siones
2149 4996 2505 5055 amputantes,
2536 4988 2838 5037 Statuerunt
2863 4992 2967 5032 non
2993 4975 3182 5030 essein
3213 4972 3524 5038 metropoli-

1948 5094 2200 5139 tanorum
2260 5086 2520 5149 potestate
2577 5073 2954 5141 episcoporum
3007 5067 3377 5121 ordinationes
3428 5064 3518 5116 diu

1949 5174 2184 5236 dilferre,
2241 5170 2334 5225 sed
2379 5182 2470 5223 eas
2521 5166 2666 5220 intra
2716 5166 2989 5217 trimestre
3047 5158 3278 5227 spatium
3317 5155 3515 5211 facere.

1948 5265 2015 5319 Et
2051 5268 2164 5319 haec
2193 5262 2409 5330 quidem
2443 5259 2511 5312 de
2558 5252 2994 5323 metropolitanis
3018 5251 3107 5320 qui
3143 5250 3415 5304 neminem
3464 5248 3518 5301 in

1944 5358 2289 5424 episcopatus
2314 5366 2441 5407 suos
2468 5349 2708 5419 eligunt:
2760 5347 2827 5401 de
2857 5343 3043 5401 electis
3075 5351 3255 5397 autem
3290 5348 3341 5393 et
3366 5338 3522 5393 δίπο-

1497 5466 1686 5528 Guill.
1722 5468 2055 5544 Beveregii
2091 5475 2276 5526 noue.

356 5565 463 5632 ('53)
495 5565 732 5634 Ἐ’πειδή
757 5583 915 5631 τινες
929 5566 1046 5622 τῶν
1062 5564 1533 5635 μητροπολιτῶν.
1572 5567 1843 5621 Laudatur

292 5631 374 5687 hic
391 5631 639 5690 canones
666 5631 917 5690 versione
935 5631 1191 5704 Dionysii
1204 5637 1413 5704 Exigui,
1440 5652 1468 5689 a
1484 5636 1843 5691 concil.Wor-

299 5704 534 5776 uiati‘enSi
569 5722 711 5767 anno
734 5706 839 5767 868
873 5706 1076 5771 habito,
1104 5721 1225 5769 can.
1259 5705 1346 5772 7i,
1379 5706 1828 5777 quemadmodum

1950 5578 2004 5621 et
2041 5581 2277 5621 canones
2324 5566 2410 5633 15,
2461 5563 2547 5628 18,
2582 5563 2652 5617 22
2696 5570 2747 5616 et
2787 5561 2876 5627 27,
2926 5574 2992 5615 ex
3030 5556 3216 5633 eadem
3270 5550 3519 5633 versione

1948 5637 2143 5690 ibidem
2175 5621 2428 5692 citantur.
2467 5621 2618 5704 Quod
2654 5632 2740 5687 hic
2772 5621 2944 5687 solum
2992 5628 3314 5684 observasse
3362 5621 3515 5677 sum-

1942 5708 2073 5767 ciat.
