3940 6480
405 298 512 365 475

1667 302 1946 365 THEOD.
1991 302 2393 363 BALSAMON

3562 287 3661 352 476

408 417 656 475 rentibus
676 420 1075 487 susceptionem
1090 431 1184 476 aut
1203 422 1657 480 renuntiationem
1678 438 1820 490 saepe
1839 435 1987 491 quae-

2107 419 2477 490 'mcptCopévwv
2533 418 2628 471 καὶ
2685 412 3134 482 ὑπερτιθεμένων
3181 410 3285 479 τὴν
3320 407 3671 479 καταδοχὴνῆ

414 510 570 563 situm
604 510 705 563 fuit
748 510 873 579 quid
909 513 1023 565 lieri
1065 513 1278 577 debeat,
1310 524 1365 568 et
1400 516 1632 569 nondum
1660 512 1991 569 determina-

413 608 504 652 tur
522 601 648 668 quid
674 602 1090 659 sitl'acienduat.
1128 605 1258 660 Dico
1298 607 1481 675 itaque
1539 606 1682 675 quod
1719 606 1991 659 trimestre

407 693 642 759 spatium
698 702 813 762 post
860 695 1179 751 electionem
1224 697 1395 752 electo
1438 700 1657 753 extendi
1706 698 1864 752 debet
1922 699 1988 751 ad

412 783 835 851 suscipiendum,
870 787 966 841 .ch
1005 788 1456 845 renuntiandum:
1514 791 1653 858 quod
1684 791 1846 844 etiam
1879 805 1989 843 me-

415 874 741 949 tropolitano
793 880 862 932 ad
912 879 1146 948 aliquem
1199 880 1253 934 in
1303 881 1672 949 episcopatum
1706 898 1861 936 suum
1893 882 1995 936 eli-

414 966 646 1035 gendum
697 966 763 1019 ab
821 968 925 1026 hoc
978 985 1187 1026 canone
1235 975 1566 1030 conceditur.
1649 974 1715 1028 Et
1754 974 1796 1026 si
1850 975 1990 1027 intra

413 1063 523 1109 tres
568 1055 700 1111 istos
735 1072 947 1113 menses
990 1060 1085 1129 qui
1116 1062 1322 1118 electus
1350 1074 1431 1118 est
1465 1079 1563 1120 nec
1593 1066 1839 1132 suscipit,
1896 1079 1997 1120 nec

410 1148 705 1213 renuntiat,
752 1151 921 1205 altera
970 1151 1087 1206 ﬁeri
1118 1155 1277 1208 debet
1327 1156 1560 1219 electio;
1592 1156 1694 1210 iste
1734 1173 1861 1208 vero
1897 1156 1991 1225 qui

410 1234 621 1293 distulit
650 1249 773 1305 post
817 1243 1090 1297 trimestre
1130 1246 1362 1312 spatium
1412 1247 1809 1305 ordinationem
1844 1263 1997 1301 revo-

410 1338 540 1381 care
592 1328 819 1397 nequit,
879 1333 974 1387 sed
1037 1335 1215 1402 potius
1264 1337 1630 1393 ecelesiastice
1681 1338 1993 1405 corrigitur,

344 1464 347 1465 ,
415 1426 603 1486 utpote
631 1419 720 1485 qui
769 1420 997 1477 futilitcr
1034 1423 1168 1478 ludit
1203 1426 1254 1479 in
1290 1426 1449 1482 rebus
1484 1428 1706 1485 minime
1750 1429 1995 1494 ludicris,

414 1508 617 1579 Deique
660 1527 877 1581 gregem
924 1514 1117 1581 injuria
1156 1517 1338 1573 allicit.
1420 1520 1661 1575 Electum
1695 1530 1875 1576 autem
1928 1523 1996 1577 ab

413 1613 481 1655 eo
532 1602 625 1669 qui
687 1603 852 1673 elegit
901 1606 1059 1660 citari
1125 1624 1229 1661 non
1284 1620 1517 1676 oportet,
1576 1612 1830 1680 quoniam
1894 1629 1998 1669 nec

416 1691 864 1757 metropolitanus
895 1710 924 1749 a
958 1697 1265 1763 patriarcha
1314 1701 1379 1754 ad
1421 1702 1723 1768 eligendum
1772 1704 1994 1763 citatur.

413 1778 620 1847 Collige
668 1795 850 1839 autem
899 1787 1039 1842 hanc
1070 1788 1574 1859 interpretationem
1608 1794 1771 1848 etiam
1804 1812 1869 1851 ex
1906 1812 1997 1851 ca-

416 1870 514 1937 pit.
538 1871 574 1926 8
602 1872 736 1929 tituli
781 1875 937 1945 primi
961 1887 1013 1932 et
1036 1879 1126 1935 lib.
1163 1896 1219 1934 ut
1270 1881 1512 1947 Basilic.,
1538 1899 1647 1954 quo
1672 1886 2002 1942 examinatio

416 1963 746 2030 emergentis
815 1966 882 2021 de
935 1968 1108 2026 electo
1168 1975 1554 2031 controversia:
1616 1976 1669 2030 in
1730 1977 2003 2033 trimestre

417 2052 653 2119 spatium
709 2058 1073 2112 contrahitur.
1159 2061 1311 2127 Quod
1369 2063 1535 2119 etiam
1584 2064 1748 2122 situm
1810 2076 1893 2121 est
1946 2066 2000 2121 in

418 2145 866 2215 interpretatione
889 2153 1054 2222 capit.
1079 2154 1113 2208 8
1139 2156 1279 2211 tituli
1308 2158 1466 2225 primi
1493 2159 1778 2228 praesentis
1798 2159 2001 2232 operis.

422 2235 586 2295 Debet
615 2250 794 2297 autem
824 2246 1198 2303 ordinationes
1239 2248 1519 2306 celebrare
1551 2251 1690 2306 intra
1723 2255 2000 2307 trimestre

419 2331 676 2398 spatium.
728 2350 795 2389 ne
841 2351 929 2394 res
968 2339 1345 2408 episcoporum
1394 2358 1460 2397 ex
1492 2358 1555 2398 ea
1589 2357 1648 2397 re
1675 2342 2004 2399 detrimento

421 2421 744 2489 adiciantur,
797 2435 851 2481 et
896 2430 1079 2498 populi
1127 2431 1372 2487 doctrina
1407 2449 1471 2489 ac
1503 2434 1792 2490 instructio
1832 2436 2003 2507 negli-

423 2523 600 2581 gatur.
664 2516 719 2569 Si
751 2528 929 2572 autent
960 2531 1180 2589 propter
1222 2523 1589 2579 inevitabilem
1636 2526 1870 2594 aliquam
1906 2542 2001 2581 ne-

422 2605 755 2672 cessitatem,
799 2610 1070 2679 inquiunt,
1122 2615 1359 2683 episcopi
1389 2617 1663 2685 provectio
1692 2619 2005 2689 prohibetur

423 2694 585 2763 (forte
618 2699 759 2755 enim
792 2700 1003 2768 civitas,
1054 2719 1174 2772 ιιιιαξ
1201 2714 1282 2761 est
1313 2708 1569 2777 episcopo
1603 2710 1785 2776 vidua,
1817 2726 1844 2765 a
1872 2727 2003 2779 gen-

425 2786 572 2842 tibus
604 2796 756 2857 capta
823 2801 932 2858 est,
983 2809 1083 2851 nec
1128 2796 1285 2852 facile
1326 2807 1501 2869 potest
1550 2801 1674 2859 illuc
1719 2804 2002 2874 quisquam

425 2879 657 2947 venire),
694 2885 1068 2953 prorogabitur
1110 2890 1332 2943 omnino
1359 2891 1652 2949 ordinatio.
1694 2893 1861 2949 Porro
1889 2896 2005 2963 cpi-

425 2979 674 3039 seopatns
703 2974 859 3046 152
920 2979 1132 3034 reditus
1186 2980 1253 3034 ab
1306 2982 1423 3051 ejus
1474 2999 1760 3040 meonomo
1815 2987 2002 3041 inferri

427 3061 539 3115 vult
577 3079 772 3129 canon,
817 3066 908 3135 qui
935 3069 1152 3136 quidem
1186 3072 1384 3128 debent
1414 3076 1553 3138 dari,
1587 3092 1690 3129 non
1729 3088 2001 3145 metropo-
2028 3088 2077 3148 ε

425 3151 618 3218 litano,
653 3156 750 3210 sed
783 3156 1062 3226 episcopo,
1102 3161 1198 3229 qui
1231 3170 1314 3217 est
1340 3164 1643 3235 eligendus,
1690 3167 1901 3223 etiamsi
1935 3170 2001 3225 ad

425 3249 540 3295 tres
561 3256 778 3301 menses
832 3245 1112 3305 dill‘eratur
1169 3250 1397 3319 electio,
1461 3254 1543 3308 vel
1601 3256 1772 3312 etiam
1836 3258 2002 3314 ultra.

425 3328 869 3401 Metropolitanus
885 3345 1089 3403 autem,
1119 3339 1210 3409 qui
1235 3351 1428 3411 praeter
1454 3342 1567 3399 haec
1582 3342 1809 3410 faciunt,
1834 3360 2007 3414 pinna:

427 3423 684 3493 subiicit:
736 3441 984 3495 quamam
1036 3443 1164 3484 vero
1211 3430 1284 3486 sit
1331 3431 1433 3487 ista
1484 3433 1687 3490 nescio.
1743 3435 2006 3493 Exisdmo

425 3523 607 3573 autem
657 3530 778 3575 eam
829 3532 951 3575 esse
992 3535 1114 3588 quae
1162 3535 1192 3574 a
1244 3524 1451 3593 synodo
1497 3524 1807 3584 definietur.
1866 3527 2005 3583 Nota

427 3621 559 3676 ergo
585 3609 860 3678 quomodo
892 3609 1204 3681 intelligitur
1234 3613 1385 3680 illud,
1443 3615 1792 3673 inexorabilis
1823 3633 2007 3673 neces-

428 3695 581 3751 sitas.
678 3696 863 3767 Neque
900 3701 1044 3755 enim
1092 3702 1137 3757 si
1190 3702 1531 3774 episcopatus
1581 3705 1773 3776 injuria
1827 3707 2005 3777 aliqua

430 3786 631 3845 forensi
680 3801 924 3857 vexetur,
967 3804 1062 3847 aut
1107 3795 1286 3864 aliqua
1338 3796 1442 3851 alia
1488 3797 1751 3868 ejusmodi
1800 3800 2008 3857 ratione

428 3878 686 3948 agitetur,
738 3882 791 3937 id
834 3882 1040 3950 justam
1083 3886 1323 3955 episcopi
1367 3886 1647 3944 electionis
1693 3889 2003 3946 dilationem

429 3971 845 4041 metropolitano
892 3976 1157 4031 concedit.
1247 3976 1390 4050 Lege
1432 3982 1594 4036 etiam
1645 3997 1846 4038 nonum
1881 4000 2002 4055 cap.

428 4058 591 4127 primi
632 4061 769 4119 tituli
799 4066 1083 4134 prtesentis
1106 4069 1305 4137 operis,
1336 4078 1392 4125 et
1416 4085 1534 4140 qua:
1560 4072 1613 4128 in
1650 4071 1778 4127 illud
1806 4076 2006 4144 scripta

426 4158 579 4210 ιιιιιι.

501 4352 755 4410 ZONAR.
787 4354 865 4410 Ne
900 4359 1293 4427 metropolitani
1339 4377 1475 4432 quos
1530 4379 1695 4432 penes
1727 4368 2008 4438 episcopos

424 4448 651 4502 creandi
679 4448 770 4516 jus
802 4457 906 4513 est,
951 4450 1038 4503 diu
1068 4466 1187 4506 eam
1220 4468 1334 4507 rem
1358 4427 1637 4521 differant,
1668 4427 1774 4511 hoc
1802 4427 2009 4511 canone
2040 4427 2083 4484 θ

434 4540 813 4595 constitutum.
874 4540 1109 4598 Proinde
1162 4554 1374 4613 tempus
1422 4560 1638 4617 quinque
1688 4548 1824 4602 ultra
1868 4548 2010 4615 quod

434 4635 762 4687 creationem
824 4634 1128 4704 bujusmodi
1188 4638 1486 4695 extendere
1546 4641 1771 4695 minime
1828 4642 2007 4707 liceat,

438 4725 601 4779 trium
665 4726 915 4781 videlicet
976 4728 1240 4784 mensium
1301 4731 1680 4797 intervallum,
1745 4732 2009 4787 definivit.

438 4813 549 4869 Nec
608 4814 753 4869 enim
814 4817 1133 4873 commissos
1191 4833 1378 4875 eorum
1438 4838 1583 4877 cura:
1633 4822 1857 4891 populos
1915 4816 2013 4875 s'uo

437 4907 689 4977 episcopo
734 4908 824 4962 diu
872 4923 1081 4973 carere,
1131 4926 1196 4965 ac
1244 4913 1481 4969 incertos
1532 4914 1741 4968 consilii
1799 4913 2013 4968 nemine

442 4997 571 5065 ipsis
595 4997 733 5051 viam
760 5010 1229 5066 prtemonstrante,
1256 5003 1439 5071 vagari
1462 5018 1559 5071 par
1578 5014 1683 5056 est.
1744 5002 1800 5056 Si
1833 5013 2010 5054 tamen

440 5086 671 5154 interea,
700 5105 804 5157 quo
829 5091 1004 5146 minus
1035 5091 1173 5144 intra
1200 5093 1434 5157 spatium
1459 5094 1729 5147 trimestre
1746 5093 2002 5147 constitui

438 5176 725 5248 episcopus
756 5181 946 5248 possit,
980 5194 1141 5234 causa
1177 5180 1357 5249 aliqua
1387 5181 1691 5236 necessaria
1726 5181 2014 5250 aliquando

442 5268 733 5336 impediat;
793 5280 850 5323 ut
912 5270 959 5325 si
1021 5269 1165 5325 forte
1215 5282 1428 5339 captam
1488 5273 1680 5326 urbem
1745 5272 2014 5327 Barbarus

440 5361 808 5429 occupaverit,
856 5376 956 5416 nec
1005 5362 1073 5415 ad
1121 5376 1243 5415 eam
1269 5363 1448 5417 aditus
1476 5378 1727 5431 cuajuam
1763 5364 1833 5417 ita
1860 5363 2015 5419 facile

441 5459 667 5519 pateat:
748 5460 859 5506 tum
927 5452 1144 5507 demum
1202 5452 1525 5519 praefinitum
1600 5452 1732 5508 illud
1804 5462 2014 5522 tempus

440 5543 666 5599 extendi
710 5554 765 5599 et
812 5546 1209 5602 ordinationem
1260 5545 1459 5601 deferri
1517 5547 1683 5604 licere
1739 5549 2012 5613 decernit;

439 5638 531 5701 qni
563 5647 695 5688 vero
721 5645 911 5689 contra
936 5634 1376 5691 constitutionem
1410 5634 1547 5691 hanc
1582 5635 1790 5700 fecerit,
1841 5638 2014 5691 eccle-

442 5723 679 5779 siasticis
760 5727 933 5794 pomis
997 5727 1189 5796 subjici
1250 5726 1423 5796 jubet.
1528 5728 1771 5794 Quandiu
1838 5741 2013 5785 autem

2093 510 2191 579 τὴν
2224 510 2595 578 stupui",va
2628 506 2868 575 ἐζητήθη
2917 503 3192 573 διαφόρως
3217 501 3272 553 τί
3307 499 3493 568 μέλλει
3539 499 3676 565 γίνε-

2096 603 2219 656 σθαι
2245 620 2259 634 ν
2296 602 2392 655 καὶ
2434 602 2531 671 οὐχ
2585 599 2793 672 ὡρίσθη
2830 599 2891 651 τὸ
2920 596 3194 665 ποιητέον.
3246 593 3343 653 Διό
3378 609 3542 661 φημι
3595 592 3677 646 δτι

2092 693 2356 761 τρίμηνον
2425 690 2628 761 ὀφείλει
2692 690 2828 759 μετά
2896 688 2995 759 τὴν
3052 687 3240 757 ψῆφον
3304 683 3678 754 ὐφαπλοῦσθαι

2091 783 2172 855 τῷ
2222 784 2549 854 ψηφισθέντι
2604 783 2767 854 χάριν
2825 783 2918 836 τοῦ
2967 779 3396 846 καταδέξασθαι,
3471 776 3502 846 ἢ
3544 794 3682 847 παρ-

2098 878 2448 947 αιτήσασθαι,
2528 876 2663 947 ὅπερ
2715 877 2810 929 κα)⁸
2868 875 2945 943 τῷ
3005 870 3390 943 μητροπολίτῃ
3432 870 3541 923 ἀπὸ
3591 868 3681 923 τοῦ

2101 972 2369 1040 παρόντος
2385 970 2607 1032 κανόνος
2642 969 2798 1039 ἐδόθη
2855 968 3013 1039 χάριν
3040 966 3134 1019 τοῦ
3185 962 3543 1034 ψηφίσασθαι
3590 961 3682 1032 τὴν

2092 1063 2422 1131 ἐπισκοπὴν.
2471 1062 2580 1115 Καὶ
2621 1063 2670 1115 εί
2720 1060 2870 1123 ἐντὸς
2923 1058 3101 1112 αὐτῶν
3155 1057 3221 1110 ού
3268 1054 3681 1119 καταδέξεταιό

2096 1154 2389 1223 ψηφισθεὶς
2411 1154 2443 1223 ἢ
2466 1154 2529 1208 οὐ
2556 1154 2979 1223 παραιτήσεται,
2999 1149 3212 1219 ὀφείλει
3238 1146 3408 1214 ἑτέρα
3434 1145 3681 1213 γίνεσθαι

2094 1244 2295 1315 ψῆφος.
2321 1246 2395 1315 μὴ
2423 1243 2725 1314 δυναμένου
2746 1241 2838 1295 τοῦ
2870 1238 3255 1310 ὑπερθεμένου
3282 1234 3679 1290 ἀνακαλεῖσθαι

2096 1337 2195 1404 τὴν
2228 1335 2567 1407 χειροτονίαν
2607 1333 2744 1404 μετά
2792 1332 2890 1401 τὴν
2933 1331 3226 1401 τρίμηνεν.
3261 1344 3277 1360 ο
3332 1326 3538 1395 μᾶλλον
3593 1325 3684 1393 μὲν

2096 1424 2190 1482 οὖν
2217 1430 2313 1482 καὶ
2340 1425 2702 1495 εύθυνομένου
2760 1422 3239 1494 ἐκκλησωστικῶς
3281 1420 3362 1481 ὡς
3397 1418 3680 1483 παίζοντος

2096 1519 2349 1589 διακενῆς
2378 1519 2436 1572 ἐν
2486 1520 2545 1574 ού
2577 1523 2834 1580 παικτοῖς
2870 1517 2964 1571 καὶ⁸
3012 1515 3431 1586 λυμαινομένου
3465 1512 3528 1565 τὸ
3564 1511 3680 1565 ποί-

2103 1631 2256 1681 μνιον
2297 1613 2392 1667 τοῦ
2440 1611 2597 1666 Θεοῦ.
2647 1612 2759 1664 Καὶ
2794 1610 2915 1665 οὐδὲ
2951 1607 3161 1679 ὀφείλει
3199 1604 3603 1674 ἐπιφωνεῖσθαι
3659 1607 3686 1659 ό

2100 1705 2397 1776 ψηφισθεὶς
2428 1705 2575 1774 πανρά
2608 1706 2703 1758 τοῦ
2749 1702 3159 1772 ψηφισαμένου,
3195 1699 3341 1753 διότι
3371 1698 3497 1752 ούδέ
3526 1698 3554 1749 ὁ
3586 1715 3685 1766 μη-

2103 1796 2428 1867 τροπολίτης
2467 1798 2821 1864 ἐπιφωνεῖται
2858 1794 3010 1859 παρὰ
3038 1791 3115 1861 τῷ
3147 1791 3475 1861 πατριάρχῃ
3519 1788 3685 1859 ψηφί-

2106 1890 2323 1945 σασθαι.
2365 1889 2666 1960 Συγκρότει
2692 1888 2749 1942 δὲ
2792 1886 2892 1957 τὴν
2941 1883 3204 1955 τοιαύτην
3257 1882 3569 1953 ἑρμηνείαν
3599 1884 3686 1936 καὶ

2111 1980 2223 2035 ἀπὸ
2261 1979 2355 2034 τοῦ
2405 1978 2455 2049 η’
2485 1997 2611 2049 κεφ.
2652 1979 2747 2033 τοῦ
2777 1984 2827 2046 γ’
2859 1977 3065 2048 βιϐλίου
3105 1976 3217 2030 τῶν
3250 1974 3582 2035 Βασιλικῶν,
3613 1975 3686 2040 είς

2102 2070 2368 2140 τρίμηνον
2401 2067 2864 2141 στενοχωροῦντος
2896 2066 2996 2136 τὴν
3029 2066 3382 2133 δοκιμασίαν
3417 2065 3522 2134 τῆς
3560 2081 3689 2133 συμ-

2104 2162 2278 2231 ϐάσης
2310 2160 2624 2227 ἀντιλογίας
2652 2159 2791 2213 κατά
2819 2157 2911 2212 τοῦ
2930 2156 3326 2227 ψηφισθέντος.
3351 2155 3533 2224 Ὅπερ
3557 2172 3683 2208 κατ-

2104 2253 2284 2314 έκειτο
2317 2254 2397 2316 είς
2444 2254 2507 2307 τὸ
2570 2253 2784 2322 σκόλιον
2831 2252 2925 2303 τοῦ
2992 2255 3042 2321 η’
3096 2266 3226 2318 κεφ.
3255 2248 3357 2304 τοῦ
3404 2255 3458 2302 α’
3512 2247 3685 2299 τίτλον

2104 2346 2200 2401 τοῦ
2233 2345 2499 2413 παρόντος
2557 2348 2958 2412 συντάγματος.
3026 2341 3272 2410 Ὀφείλει
3305 2340 3367 2393 δέ
3399 2341 3574 2393 ποιεῖν
3594 2339 3685 2402 τὰς

2105 2436 2437 2511 χειροτονίας
2469 2435 2622 2499 ἐντὸς
2659 2434 2946 2504 τριμήνου,
2972 2434 3058 2489 ἵνα
3082 2433 3157 2502 μὴ
3185 2431 3451 2485 ἐντεῦθεν
3484 2432 3551 2485 τά
3582 2430 3684 2482 τῶν

2106 2523 2422 2577 ἐπισκόπων
2474 2523 2865 2590 λυμαίνωνται,
2918 2523 3012 2575 καὶ
3039 2525 3072 2593 ἡ
3103 2521 3200 2576 τοῦ
3231 2521 3370 2575 λαοῦ
3424 2520 3682 2590 ἀμελῆται

2103 2616 2440 2674 διδασκαλία.
2470 2616 2531 2669 Εἰ
2559 2615 2635 2682 δὲ,
2668 2616 2820 2683 φασὶ,
2853 2615 2945 2670 διά
2981 2632 3102 2668 τινα
3133 2614 3470 2684 περίστασιν
3507 2614 3681 2686 ἀπαρο

2103 2708 2324 2777 αίτητον
2386 2706 2653 2761 κωλύεται
2718 2708 2751 2773 ἠ
2832 2703 2925 2758 τοῦ
2980 2705 3286 2759 ἐπισκόπου
3350 2704 3681 2775 προχείρισις

2108 2799 2290 2867 (τυχὸν
2317 2798 2428 2866 γάρ
2462 2796 2827 2866 ήχηρεύουσα
2859 2796 3015 2858 πόλις
3038 2795 3349 2850 ἐπισκόπου
3382 2795 3490 2848 ὑπὸ
3521 2793 3680 2847 ἐθνῶν

2108 2890 2270 2950 ἑάλω,
2322 2889 2417 2942 καὶ
2476 2890 2577 2942 οὐκ
2620 2887 2736 2940 ἐστι
2787 2889 2916 2958 ῥᾷον
2972 2888 3231 2940 ἀπελθεῖν
3285 2886 3473 2941 ἐκεῖσε
3524 2886 3676 2952 τινα),

2109 2983 2330 3045 πάντως
2364 2978 2690 3051 ὑπερτεθείη
2747 2978 2843 3032 καὶ
2890 2980 2923 3047 ἡ
2975 2978 3310 3048 χειροτονία.
3346 2978 3461 3049 Τὴν
3508 2978 3677 3046 μέντοι

2111 3071 2372 3141 πρόσοδον
2419 3070 2518 3139 τῆς
2563 3069 2869 3138 ἐπισκοπῆς
2920 3070 3072 3138 παρὰ
3100 3068 3193 3121 τοῦ
3230 3069 3526 3136 οἰκονόμου
3550 3064 3673 3120 ταύο

2106 3181 2207 3235 της
2233 3161 2630 3226 είσοδιάξεσθαι
2661 3161 2801 3215 θέλει
2826 3163 2853 3213 ό
2886 3159 3087 3225 κανὼν,
3116 3159 3342 3229 δοδῆναι
3365 3159 3679 3228 ὀφείλουσαν

2107 3259 2171 3317 οὐ
2194 3257 2273 3329 τῷ
2328 3254 2720 3327 μητροπολίτῃ,
2775 3252 2912 3306 ἀλλά
2966 3251 3046 3322 τῷ
3106 3250 3679 3323 χειροτονηθησομένῳ

2107 3346 2421 3416 ἐπισκόπῳ.
2447 3346 2555 3400 κάν
2583 3345 2679 3398 ἐπὶ
2707 3343 2973 3414 τρίμηνον
3010 3345 3044 3415 ἡ
3070 3343 3387 3414 χειροτονία
3414 3340 3679 3423 summa

2110 3439 2216 3497 κᾶν
2246 3440 2340 3497 ἐπὶ
2366 3439 2550 3491 πλέον.
2594 3436 2734 3498 Τοὺς
2766 3436 2824 3489 δὲ
2855 3435 3005 3508 παρὰ
3030 3433 3209 3490 ταῦτα
3236 3436 3533 3495 ποιοῦντας
3584 3447 3681 3499 μη·

2107 3530 2431 3602 τροπολίτας
2461 3528 2723 3597 ἐπιτιμίῳ
2771 3526 3177 3583 καθυποϐάλλει
3204 3542 3221 3559 ο
3283 3519 3400 3581 οἷον
3431 3524 3488 3579 δέ
3529 3520 3677 3575 τοῦτό

2108 3623 2280 3686 ἐστιν,
2311 3621 2411 3673 οὐκ
2458 3614 2598 3673 οἴδα.
2630 3616 2857 3687 Νομίζω
2905 3615 2964 3669 δὲ
3004 3615 3066 3668 τὸ
3109 3613 3267 3685 παρά
3318 3614 3419 3684 τῆς
3469 3610 3676 3674 συνόδου

2107 3713 2547 3785 όρισθησόμενον.
2583 3708 2893 3779 Σημείωσαι
2923 3706 3017 3761 οὖν
3066 3706 3183 3768 πῶς
3229 3707 3438 3761 νοεῖται
3480 3702 3541 3756 τὸ
3583 3702 3676 3771 τῆς

2107 3804 2486 3874 ἀπαραιτήτου
2517 3800 2780 3867 ἀνάγκης.
2816 3798 2890 3851 Τὸ
2917 3798 3025 3868 γὰρ
3049 3796 3458 3867 ἐπηρεάζεσθαι
3484 3793 3552 3848 τά
3588 3792 3677 3861 τῆς

2109 3896 2419 3965 ἐπισκοπῆς
2453 3894 2558 3948 ὑπὸ
2599 3891 2975 3962 πρακτορικῆς
3003 3888 3241 3954 ἀδικίας,
3290 3890 3326 3961 ἢ
3390 3885 3577 3958 ἓτερόν
3627 3900 3675 3935 τι

2107 3987 2373 4051 τοιοῦτον,
2422 3984 2692 4052 ἀναϐολὴν
2736 3982 2956 4049 εὔλογον
2985 3980 3328 4050 χειροτονίας
3376 3974 3673 4032 ἐπισκόπου

2106 4081 2188 4151 τῷ
2218 4077 2588 4149 μητροπολίτῃ
2617 4076 2676 4129 οὐ
2706 4074 2941 4128 δίδωσιν.
2983 4072 3284 4141 ’Δνάγνωθι
3315 4072 3412 4127 καὶ
3462 4087 3588 4138 κεφ.
3634 4067 3674 4119 θ’

2106 4174 2203 4230 τοῦ
2231 4174 2278 4227 α’
2321 4172 2502 4225 τίτλου
2552 4169 2646 4221 τοῦ
2688 4169 2955 4236 παρόντος
2985 4167 3371 4237 συντάγματος
3403 4164 3501 4221 καὶ
3532 4162 3596 4216 τὰ
3622 4160 3675 4212 ἐν

2108 4268 2279 4336 αὐτῷ.

2182 4357 2424 4411 ΖΩΝᾹΡ.
2458 4355 2568 4417 Τὰς
2597 4353 2705 4408 τῶν
2742 4352 3057 4407 ἐπισκόπων
3092 4350 3431 4422 χειροτονίας
3479 4350 3555 4421 μὴ
3592 4348 3676 4400 ἐπὶ

2113 4449 2252 4501 πολὺ
2285 4446 2678 4518 ὑπερτίθεσθαι
2725 4447 2851 4509 τοὺς
2888 4444 3320 4515 μητροπολίτας,
3352 4439 3435 4506 οἷς
3477 4445 3510 4513 η
3546 4439 3676 4497 ἐκεί.

2112 4560 2220 4597 νων
2249 4544 2440 4611 ἀνήκει
2483 4542 2847 4613 προχείρισις,
2882 4541 2912 4592 ό
2946 4538 3139 4609 παρὼν
3172 4538 3355 4592 κανὼν
3373 4534 3673 4605 διορίζεται.

2115 4636 2213 4690 Διὸ
2248 4637 2341 4693 καὶ
2395 4635 2611 4705 χρόνον,
2636 4630 2698 4689 οὗ
2727 4635 2878 4694 ἐντὸς
2925 4631 3354 4702 χειροτονεῖσθαι
3390 4629 3512 4684 δέον
3556 4624 3674 4683 τοὺς

2114 4728 2467 4790 ἐπισκόπους,
2534 4725 2722 4789 ἔταξεν
2751 4743 2765 4757 ’
2796 4725 2824 4776 ό
2850 4724 2895 4776 δ’
2925 4725 3043 4776 ἔστι
3074 4722 3363 4791 τρίμηνον.
3402 4718 3537 4774 Οὐδὲ
3571 4713 3673 4784 γάρ

2114 4819 2207 4871 ἐπὶ
2239 4818 2373 4870 πολὺ
2422 4818 2528 4887 χρὴ
2560 4817 2685 4878 τοὺς
2718 4814 2808 4867 ὑπ’
2839 4813 3085 4877 ἐκείνους
3111 4811 3276 4875 λαοὺς
3311 4805 3675 4872 ἀνεπισκοπή-

2113 4927 2238 4974 τους
2266 4907 2425 4974 εἶναι,
2477 4909 2570 4961 καὶ
2599 4908 2675 4970 ὡς
2720 4907 2878 4974 ἔτυχε
2919 4904 3205 4974 φέρεσθαι,
3258 4905 3335 4973 μὴ
3385 4903 3538 4962 ὄντος
3584 4891 3671 4947 τοῦ

2114 5003 2536 5072 καταρτίζοντος
2568 4999 2788 5060 αὐτούς.
2829 4998 2889 5050 Ei
2931 4997 2988 5049 δέ
3015 5013 3145 5049 ποτε
3178 4994 3422 5064 συμϐαίη
3454 4983 3672 5056 ἀπαραί-

2111 5096 2276 5165 τητός
2325 5110 2410 5156 τις
2467 5090 2616 5145 αἰτία
2677 5089 2964 5143 κωλύουσα
2994 5086 3091 5155 τὴν
3136 5087 3225 5139 διὰ
3274 5084 3369 5138 τοῦ
3415 5080 3669 5178 τριμήνον

2114 5185 2475 5252 προχείρισιν,
2532 5181 2951 5249 ἐπιταθήσεται,
3002 5177 3189 5247 φησὶν,
3244 5177 3277 5229 ό
3328 5174 3540 5245 χρόνος,
3586 5174 3670 5219 καὶ

2115 5274 2545 5345 ὑπερτεθήσιται
2595 5270 2977 5342 ἠχειροτονία.
3028 5270 3188 5329 Ἴσως
3236 5267 3346 5338 γάρ
3396 5262 3540 5317 ἑάλω
3571 5254 3668 5309 ὑπὸ

2119 5366 2414 5436 Βαρϐάρων
2463 5366 2496 5434 ἡ
2558 5365 2712 5426 πόλις
2762 5362 2969 5429 ἐκείνη,
3022 5358 3119 5413 καὶ
3174 5356 3279 5410 οὐκ
3330 5354 3446 5408 ἐστι
3496 5346 3667 5446 (admoti

2113 5456 2366 5511 ἀπελθεῖν
2398 5455 2572 5513 ἐκεῖσέ
2603 5469 2748 5505 τινα.
2784 5449 2922 5510 Τοὺς
2949 5448 3004 5499 δὲ
3056 5448 3128 5515 μὴ
3181 5444 3323 5497 οὕτω
3386 5444 3662 5493 ποιοῦντας

2117 5546 2434 5598 ὑποκεῖσθαι
2468 5544 2677 5599 κελεύει
2702 5539 3175 5607 ἐκκλησιαστικοῖς
3203 5532 3514 5604 ἐπιτιμίοις.
3558 5520 3665 5588 Ἐφ’

2113 5640 2238 5690 ὅσον
2270 5638 2325 5689 δὲ
2360 5639 2393 5705 ή
2429 5635 2733 5705 χειροτονία
2768 5631 2861 5683 τοῦ
2895 5628 3203 5682 ἐπισκόπου
3241 5621 3533 5695 ύπερτεθῇν
3562 5613 3660 5665 εἶτε

2126 5731 2220 5782 ἐπὶ
2272 5728 2556 5794 τρίμηνον,
2606 5726 2704 5779 εἴτ’
2727 5723 2821 5778 ἐπὶ
2853 5721 3016 5775 πλέον
3049 5719 3295 5776 ἀνάγκης
3322 5705 3661 5776 ἐπικειμένης
