3940 6480
280 389 366 456 181
1309 381 1391 441 IN
1429 377 1573 440 CAN
1643 374 1860 439 XXVII
1903 372 2114 435 CONC.
2153 373 2519 434 CllALCED.

347 503 544 558 ΒΔΛΣ.
585 503 643 554 '0
679 500 870 572 παρὼν
913 496 1096 552 κανὼν
1151 498 1250 550 καὶ
1326 495 1358 548 6
1397 492 1478 564 λβ¹
1524 493 1622 562 τῆς
1675 492 1732 544 ὲν
1779 487 1857 558 τῷ

2029 482 2222 539 BALS.
2284 484 2531 542 Praesens
2587 499 2782 550 canon,
2847 495 2897 539 et
2952 484 3021 540 32
3070 499 3245 538 canon
3301 500 3424 556 syn.
3486 490 3540 540 in

275 598 534 665 Τρούλ).ῳ
569 596 788 649 συνόδου
817 592 1263 664 ἀπαραλλάκτως
1289 589 1499 660 έχουσι,
1548 581 1857 655 διοριζόμε-

277 709 356 741 ιοι
386 691 513 750 τοὺς
547 688 896 758 ἁρπάζοντας
919 688 1205 753 γυναῖκας,
1233 681 1268 751 ἢ
1310 680 1789 750 συμπράττοντας.
1824 676 1856 746 ἦ

279 778 711 846 ςυναιρομένους
734 779 844 836 τοῖς
870 773 1203 844 ἁρπάζουσι,
1229 772 1530 841 κληρικοὺς
1551 769 1649 838 μὲν
1679 769 1858 831 ὗντας,

278 869 694 937 καθαιρεῖσθαι,
722 869 943 929 λαῖκοὺς
1000 867 1058 919 δὲ
1115 863 1637 933 ἀναθεματίζεσοαι.
1709 861 1863 914 Ἀνά-

278 962 445 1027 γνωῦι
473 962 574 1012 καὶ
611 960 795 1011 τίτλου
856 958 900 1009 Θ⁹
920 957 1012 1010 τοῦ
1044 959 1307 1026 παρόντος
1341 955 1715 1021 συντάγματος
1773 968 1862 1002 κε-

277 1050 404 1115 φάλ.
451 1049 495 1100 λ’
557 1048 652 1099 καὶ
697 1049 765 1100 τά
822 1050 878 1099 ὲν
933 1046 1116 1114 αὐτῷ’
1177 1044 1440 1105 ὡσαύτως
1513 1043 1608 1094 καὶ
1659 1040 1749 1092 τὸν
1787 1039 1860 1102 εἶ’

277 1142 645 1193 ἀποστολικον
678 1141 901 1193 κανόνα.
947 1139 1156 1191 Ἐκείσε
1184 1138 1294 1207 γὰρ
1355 1135 1692 1204 πλατύτερον
1756 1133 1862 1184 ἐδι-

274 1236 528 1302 δάξαμεν
567 1233 684 1295 πῶς
717 1234 1043 1302 τιμωρεῖται
1075 1233 1102 1282 6
1131 1230 1334 1300 ἅρπαξ,
1369 1229 1466 1280 καὶ
1501 1227 1616 1289 πῶς
1666 1228 1694 1278 6
1742 1225 1862 1294 βίαν

276 1326 620 1396 πεποιηκὼς.
653 1327 814 1389 Ἴσως
841 1326 896 1378 δέ
929 1342 1012 1385 τις
1063 1325 1195 1392 ἐρεῖ,
1249 1323 1345 1375 καὶ
1407 1320 1523 1383 πῶς
1582 1319 1782 1389 ὁμοίως
1835 1318 1862 1368 ὀ

274 1421 568 1486 ἁρπάζων,
598 1421 696 1472 καὶ
729 1421 756 1471 6
785 1417 1181 1488 συμπράττων,
1248 1415 1343 1468 καὶ
1395 1415 1422 1465 6
1453 1412 1858 1482 συναιρόμενος,

275 1511 604 1571 κολάζονται
640 1525 656 1573 ;
693 1504 824 1559 Eine
869 1502 961 1559 οὖν
993 1507 1074 1557 ὃτι
1122 1503 1367 1565 καὶτοὺς
1407 1501 1862 1571 συμπράττοντας

277 1604 379 1653 καὶ
407 1603 535 1664 τοὺς
577 1601 1000 1670 συναιρομένους
1030 1599 1128 1668 οὐχ
1171 1591 1332 1668 ἦττον
1376 1592 1470 1647 τοῦ
1515 1592 1863 1663 ἁρπάσαντος

282 1692 900 1760 μυτάττεταιόκανών.
966 1691 1027 1743 '0
1094 1689 1190 1760 μὲν
1245 1688 1357 1757 γὰρ
1426 1686 1689 1756 ἁρπάζων
1750 1684 1863 1751 ἔχει

279 1789 374 1836 τοι
412 1785 654 1853 ἄθεσμον
680 1785 862 1853 ἔρωτα
896 1783 1192 1854 πρόφασιν,
1235 1783 1285 1832 0i
1309 1782 1366 1833 δὲ
1412 1777 1612 1840 κακίας
1693 1779 1860 1846 μόνης

281 1880 378 1930 καὶ
406 1878 596 1930 ἀδίκου
666 1874 1108 1948 κατηγοροῦνται
1172 1873 1510 1944 προθέσεως,
1564 1888 1865 1941 καταστρε-

283 1971 498 2039 φούσης
517 1971 618 2039 τὴν
637 1971 736 2038 τῆς
765 1970 976 2030 πόλεως
1003 1967 1369 2037 κοσμιότητα.
1409 1967 1563 2018 Ἐστι
1611 1965 1666 2017 δὲ
1728 1980 1866 2032 συμ-

284 2063 543 2130 πράττων
576 2063 602 2112 ό
634 2059 1040 2130 πραγματικῶς
1071 2059 1173 2126 τὴν
1231 2059 1492 2130 ἁρπαγὴν
1545 2057 1867 2126 καταρτύων

287 2154 384 2205 σὺν
413 2152 494 2222 τῷ
513 2153 821 2221 άρπάζοντι
853 2169 866 2183 ⁸
900 2152 1289 2222 συναιρόμενος
1318 2151 1374 2204 δὲ
1397 2152 1424 2202 6
1460 2149 1550 2204 διὰ
1631 2149 1867 2218 συμϐουο

285 2244 386 2311 λῆς
421 2245 456 2312 ἢ
499 2246 597 2296 καὶ
650 2245 972 2314 ἐπικουρίας
1005 2245 1172 2311 ἄλλης
1216 2242 1525 2312 συντρέχων
1562 2241 1640 2311 τῷ
1680 2242 1868 2309 πλημ-

288 2333 612 2402 μελήσαντι.
671 2334 834 2401 Ζήτει
886 2333 980 2386 καὶ
1033 2331 1108 2384 λε’
1164 2331 1387 2401 Νεαρὰν
1446 2330 1540 2383 τοῦ
1601 2328 1867 2398 βασιλέως

287 2426 460 2494 κυροῦ
493 2425 723 2487 Λέοντος
753 2425 849 2478 τοῦ
883 2425 1184 2492 Φιλοσόφου
1221 2421 1573 2493 τιμωροῦσαν
1603 2422 1695 2473 τὸν
1727 2421 1868 2490 μετὰ

288 2517 550 2585 ἁρπαγῆς
588 2516 922 2587 βιασάμενον
956 2517 1127 2587 κόρην
1158 2516 1220 2568 οὑ
1257 2516 1418 2585 μόνον
1471 2515 1561 2567 διά
1611 2514 1870 2582 πραγμάρ-

286 2625 398 2659 των
424 2610 792 2678 ἀφαιρέσεως,
820 2609 957 2662 ἀλλὰ
994 2610 1089 2663 καὶ
1122 2609 1212 2661 διὰ
1265 2608 1586 2677 σωματικῆς
1637 2606 1828 2676 ποινῆς
1851 2621 1867 2637 °

288 2699 554 2763 ὡσαύτως
583 2703 676 2754 καὶ
710 2703 839 2765 τοὺς
891 2703 1314 2771 συναιρομένους
1345 2702 1534 2762 αὐτοῖς
1563 2717 1576 2729 ·
1607 2699 1700 2751 καὶ
1755 2699 1870 2752 δια·-

289 2791 681 2859 λαμὸάνουσαν
703 2793 879 2855 ἄλλως
906 2794 1272 2862 τιμωρεῖσθαι
1301 2793 1425 2854 τοὺς
1493 2792 1714 2845 ἔνοπλον
1766 2792 1870 2860 ἁρ-

290 2884 478 2952 παγὴν
503 2886 942 2954 πονησαμένους,
1001 2887 1095 2939 καὶ
1140 2886 1315 2948 ἄλλως
1381 2885 1508 2946 τοὺς
1567 2884 1640 2954 μὴ
1698 2882 1870 2946 οὓτως

291 2976 718 3044 ἁτακτήσαντας
749 2991 764 3006 ο
824 2977 1199 3046 τιμωρεῖσθαι
1257 2978 1312 3030 δὲ
1359 2978 1455 3029 καὶ
1508 2981 1600 3028 τον
1655 2975 1872 3045 πατέρα

288 3067 387 3118 ἐὰν
409 3068 778 3134 καταδέξηται
806 3070 868 3121 τὸ
892 3070 1136 3135 γεγονός.

1964 580 2132 633 Trull.
2168 580 2354 634 eodem
2385 579 2606 632 omnino
2654 579 2813 632 modo
2844 593 2902 632 se
2936 578 3154 640 habent,
3192 579 3538 641 delinientes,

1962 688 2056 727 eos
2110 672 2200 740 qui
2256 672 2511 725 mulieres
2561 672 2800 738 rapiunt,
2855 673 2939 726 vel
2993 673 3326 739 rapientibus
3377 689 3534 737 opem

1962 763 2162 828 ferunt,
2217 763 2300 816 vel
2354 763 2738 828 consentiunt,
2797 764 2841 816 si
2895 765 3003 817 sint
3057 764 3274 831 quidem
3333 764 3539 826 cli-rc,

1963 855 2348 923 deponendos;
2385 855 2550 908 laicos
2578 863 2757 907 autem
2785 854 3348 910 anathematizandos.
3401 854 3538 923 Lege

1963 958 2014 1002 et
2054 949 2137 1000 tit.
2165 949 2196 1002 9
2229 947 2511 1015 praesentis
2539 947 2741 1014 operis,
2779 962 2897 1015 cap.
2929 946 3015 1000 50.
3045 959 3095 1000 et
3130 965 3248 1016 qua:
3281 949 3350 1001 ibi
3389 959 3536 1003 situt.

1967 1040 2224 1093 Similiter
2275 1049 2327 1091 et
2379 1039 2446 1092 67
2497 1039 2844 1106 apostolicum
2889 1055 3170 1094 canonem.
3244 1042 3355 1095 Illic
3389 1042 3532 1096 enim

1965 1130 2136 1185 fusius
2167 1131 2470 1195 docuimus,
2521 1132 2788 1198 quomodo
2824 1136 3040 1198 punitur
3071 1143 3271 1202 raptor,
3316 1145 3369 1186 et
3403 1151 3512 1204 quo

1968 1230 2124 1282 modo
2149 1229 2238 1297 qui
2269 1229 2368 1281 vim
2391 1228 2587 1282 attulit.
2636 1227 2976 1282 Dicetautem
2997 1229 3223 1286 lortasse
3241 1235 3533 1303 quispiam,

1963 1330 2018 1376 et
2047 1320 2318 1389 quomodo
2351 1320 2600 1373 similiter
2639 1321 2727 1388 qui
2767 1323 2922 1386 rapit,
2974 1331 3028 1375 et
3069 1324 3158 1392 qui
3206 1324 3310 1378 fert
3358 1341 3540 1394 opem,

1963 1418 2016 1461 et
2057 1408 2146 1475 qui
2184 1408 2476 1470 consentit,
2537 1408 2876 1474 puniuntur?
2947 1411 3038 1463 Dic
3075 1413 3258 1480 igitur,
3309 1418 3447 1482 quod
3487 1426 3541 1468 et
3623 1412 3627 1416 ”

1965 1515 2058 1554 eos
2088 1500 2181 1568 qui
2215 1514 2367 1566 Opem
2395 1497 2597 1562 ferunt,
2626 1508 2680 1552 et
2706 1501 2795 1569 qui
2831 1503 3194 1567 consentiunt,
3229 1521 3332 1557 non
3363 1507 3542 1561 minus

1963 1607 2125 1660 quam
2176 1607 2296 1644 eum
2354 1591 2444 1660 qtti
2513 1592 2711 1657 rapuit,
2769 1603 3049 1646 aversatur
3101 1604 3154 1650 et
3206 1598 3331 1650 odio
3382 1598 3541 1652 habet

1966 1697 2159 1738 canon.
2232 1681 2330 1746 Qui
2378 1682 2522 1734 enim
2575 1683 2768 1749 rapuit,
2815 1684 3078 1738 nefarium
3129 1701 3368 1742 amorem
3405 1707 3541 1759 prte-

1968 1787 2171 1831 textum
2229 1775 2407 1830 habet.
2510 1773 2585 1828 Illi
2639 1789 2792 1840 vero,
2853 1777 3021 1831 solius
3073 1779 3434 1844 improbitatis
3489 1792 3544 1836 et

1967 1868 2138 1938 iniqui
2172 1868 2434 1937 propositi
2479 1876 2824 1932 accusantur,
2879 1869 3018 1936 quod
3057 1868 3274 1937 quidem
3307 1871 3546 1927 civitatis

1971 1965 2308 2018 honestatem
2344 1979 2409 2017 ac
2439 1964 2604 2017 decus
2638 1964 2855 2017 evertit.
2913 1966 2962 2018 ls
2991 1975 3169 2017 autem
3209 1982 3366 2035 opem
3402 1968 3546 2022 ferre

1968 2057 2184 2123 dicitur,
2220 2055 2308 2125 qui
2341 2055 2484 2109 facto
2516 2055 2648 2124 ipso,
2703 2071 2824 2108 cum
2869 2070 2934 2110 eo
2981 2059 3073 2126 qui
3119 2059 3278 2125 rapit,
3328 2067 3540 2126 raptum

1971 2147 2133 2202 struit
2189 2160 2252 2200 ac
2308 2146 2543 2199 molitur.
2632 2146 2991 2199 Consentiens
3042 2156 3244 2210 autem,
3306 2151 3394 2217 qui
3451 2166 3547 2217 per

1968 2238 2280 2301 consilium,
2331 2238 2411 2290 vel
2457 2236 2598 2290 aliud
2649 2240 2809 2291 etiam
2843 2239 3100 2292 auxilium
3149 2255 3271 2292 cum
3322 2255 3407 2304 eo,
3451 2243 3543 2309 qui

1971 2343 2249 2403 peccaturo
2301 2332 2536 2392 admisit,
2590 2333 2886 2385 concurrit.
2961 2333 3150 2397 Quaere
3201 2344 3253 2387 et
3289 2334 3357 2387 55
3415 2335 3546 2404 itnp.

1969 2423 2172 2477 domini
2224 2420 2421 2475 Leonis
2492 2420 2799 2490 Philosophi
2867 2420 3163 2490 Novellam,
3241 2427 3546 2494 punientem

1967 2528 2113 2574 eum,
2173 2514 2260 2580 qui
2313 2528 2416 2565 una
2467 2527 2588 2565 cum
2644 2524 2792 2579 raptu
2844 2515 3033 2582 puellm
3063 2517 3168 2569 vim
3202 2519 3406 2586 attulit,
3445 2536 3548 2573 non

1975 2601 2149 2655 solum
2199 2616 2295 2669 per
2351 2616 2530 2653 rerum
2591 2602 3029 2670 publicationem,
3091 2607 3182 2660 sed
3239 2611 3402 2661 etiam
3458 2625 3551 2677 per

1971 2704 2189 2760 ptrnam
2233 2693 2604 2760 corporalem;
2655 2695 2906 2749 similiter
2950 2709 3003 2748 et
3057 2714 3149 2751 cos
3190 2701 3280 2766 qui
3315 2702 3385 2754 illi
3423 2718 3552 2753 con-

1973 2797 2295 2842 senserunt:
2347 2796 2403 2843 et
2454 2798 2796 2854 tractantem,
2854 2794 3011 2847 aliter
3046 2796 3221 2862 puniri
3253 2811 3345 2850 eos
3372 2799 3463 2866 qui
3499 2799 3548 2851 vi

1973 2889 2178 2932 armata
2237 2892 2549 2949 rapuerunt,
2609 2891 2662 2936 et
2717 2885 2872 2938 aliter
2924 2901 3018 2939 eos
3062 2889 3152 2955 qui
3203 2905 3307 2942 non
3364 2891 3442 2943 sic
3492 2906 3553 2945 se

1933 2965 1937 2967 ’
1975 2968 2218 3034 improbe
2243 2980 2558 3039 gesserunt;
2607 2976 2782 3040 puniri
2821 2989 2997 3030 autem
3030 2980 3191 3032 etiam
3229 2989 3285 3034 et
3318 2989 3547 3049 patrem,

1974 3060 2019 3115 si
2051 3060 2246 3115 factum
2275 3064 2674 3131 approbaverit.

363 3157 748 3214 ΖΩΝΑΡ.Καὶ
787 3161 836 3212 ol
894 3162 1166 3214 πολιτικοὶ
1221 3161 1378 3229 νόμοι
1450 3161 1696 3231 σφοδρῶς
1744 3160 1869 3223 τοὺς

2045 3153 2296 3208 ZONAR.
2369 3155 2436 3208 Et
2469 3155 2642 3223 legum
2687 3155 2921 3210 civilium
2956 3159 3184 3213 decretis
3220 3160 3271 3215 in
3303 3170 3551 3227 raptores

291 3249 552 3316 ἅρπαγας
582 3251 859 3316 γυναικῶν
899 3252 1208 3316 κολάζουσι,
1243 3255 1336 3306 καὶ
1366 3254 1485 3306 οὐδὲ
1521 3256 1602 3314 εις
1637 3255 1871 3320 γυναῖκα

293 3338 700 3407 συζεύγνυσθαι
766 3343 867 3411 τὴν
935 3345 1285 3414 ἁρπαγεῖσαν
1362 3343 1707 3416 συγχωροῦσι
1793 3344 1872 3413 τῷ

290 3431 666 3500 ιρπαγι,κᾶν
718 3435 746 3486 6
778 3435 985 3503 ταύτης
1034 3437 1218 3506 πατὴρ
1288 3440 1514 3506 συναινῇ
1570 3436 1872 3506 συγχωρῶν

291 3522 355 3572 τὸ
377 3521 678 3591 ἐγκλημαο
744 3525 839 3576 καὶ
898 3525 945 3576 0i
1008 3529 1234 3587 κανόνες
1293 3526 1350 3577 δὲ
1397 3524 1687 3588 κολάζουσι
1750 3527 1870 3587 τοὺς

296 3614 594 3676 τοιούτους.
631 3613 800 3678 Οὗτος
827 3617 883 3668 δὲ
912 3620 939 3669 6
971 3616 1153 3670 κανὼν
1180 3617 1512 3688 δριμύτερον
1561 3618 1670 3670 τῶν
1698 3617 1873 3671 ἄλλων

297 3707 659 3775 ἐπεξέρχεται
689 3710 812 3770 τοὺς
845 3709 1102 3778 ἁρπαγὴν
1125 3708 1740 3778 πλημμελοῦντας,τοὺς
1775 3709 1874 3776 μὲν

299 3800 536 3866 κληροὺς
569 3798 876 3868 καθαιρῶν,
911 3801 1038 3862 τους
1069 3800 1124 3852 δὲ
1165 3800 1384 3862 λαῖκοὺς
1426 3798 1872 3869 ἀναθεματῐζων.

300 3891 411 3942 Καὶ
448 3890 508 3940 οὐ
539 3891 700 3958 μόνον
721 3892 845 3953 τοὺς
865 3889 1212 3960 ἁρπάζοντας
1242 3895 1588 3961 τιμωρεῖται,
1613 3891 1748 3945 ἀλλὰ
1779 3892 1874 3943 καὶ⁵

297 3982 425 4041 tib;
458 3981 917 4049 συμπράῑτοντας
944 3981 977 4050 ἢ
1005 3981 1426 4052 συναιρομένους
1452 3983 1557 4034 ὑπὸ
1579 3983 1676 4045 τὰς
1705 3983 1874 4044 αὑτὰς

300 4076 535 4125 ποιεῖται
561 4073 831 4137 κολάσεις,
863 4076 958 4127 καὶ
980 4074 1300 4137 εἰκότως.⁶0
1323 4076 1422 4145 μὲν
1449 4075 1556 4144 γὰρ
1578 4076 1755 4144 ὲαυτῷ
1781 4077 1876 4144 ἁρ-

298 4165 488 4226 πάζων
507 4168 741 4232 γυναῖκα
759 4165 870 4233 ἔχει
892 4166 982 4217 τὸν
998 4165 1174 4233 ἔρωτα
1192 4166 1327 4235 πρὸς
1346 4167 1443 4235 τὴν
1463 4167 1716 4234 ἀθέμιτον
1740 4167 1877 4234 πρᾶ-

301 4255 381 4318 ξιν
412 4256 574 4307 αὑτὸν
609 4255 930 4325 βιαζόμενον
965 4273 980 4287 ⁸
1002 4259 1029 4310 6
1053 4257 1108 4308 δὲ
1145 4259 1514 4326 συμπράττων
1549 4258 1580 4326 ἢ
1624 4259 1876 4328 συναιρόι

304 4363 462 4413 μενος
497 4346 700 4413 μᾶλλον
726 4348 790 4399 ἂν
827 4347 910 4414 εἴη
935 4348 1340 4414 άσύγγνωστος,
1371 4352 1536 4419 μηδὲν
1569 4351 1707 4421 ἔχων
1743 4353 1876 4421 πρὸς

301 4440 402 4506 τὴν
431 4437 718 4504 ἐξάγιστον
741 4438 940 4506 πρᾶξιν
967 4439 1290 4493 συνελαύνον
1311 4442 1521 4510 αὑτὸνῆ
1547 4442 1643 4512 τὴν
1666 4444 1875 4496 οἰκείαν

304 4533 526 4589 κακίαν.
571 4529 640 4580 δι’
675 4529 740 4598 ἢν
772 4531 940 4599 μόνην
991 4533 1278 4600 συντρέχει
1342 4533 1420 4601 τῷ
1467 4535 1565 4602 τὴν
1617 4536 1873 4605 ἁρπαγὴν

305 4623 728 4690 ἁμαρτάνοντι·
825 4623 1284 4690 συμπράττοντας
1366 4625 1422 4676 δὲ
1479 4628 1694 4696 νοητέον
1750 4629 1874 4689 τοὺς

307 4711 708 4781 συνεργοῦντας
763 4713 854 4763 ἐπὶ
885 4714 952 4782 τῇ
1009 4714 1230 4784 ἁρπαγῇ
1264 4729 1279 4745 ⁸
1343 4719 1764 4785 συναιρομένους
1819 4718 1875 4771 δὲ

304 4806 430 4864 τοὺς
522 4805 599 4871 μὴ
645 4801 792 4872 ἔργῳ
848 4803 1358 4874 συμϐοηθήσοντας,
1451 4808 1761 4879 συμϐουλὴν
1819 4809 1875 4861 δὲ

304 4898 404 4948 καὶ
432 4896 544 4965 (36)
583 4897 818 4966 σπουδὴν
835 4898 1251 4963 εἰσαγαγόντας,
1283 4901 1376 4950 καὶ
1422 4899 1596 4963 οὕτως
1651 4902 1872 4954 έπικου⁹

305 4988 585 5055 ρήσαντας
664 4987 763 5040 κα)⁸
851 4987 1317 5058 ἀντιλαὸομένους
1397 4989 1506 5043 τῶν
1609 4993 1874 5062 πλημμε-

307 5095 569 5133 Αουντων.

304 5168 531 5221 ΑΡΙΣΤ.
580 5172 878 5238 Κληρικός
935 5168 1209 5238 ἁρπάζων
1264 5175 1540 5244 γυναῖκα,
1584 5176 1881 5243 ἀνεκκλη-

379 5260 637 5326 aleator;
660 5277 676 5292 ·
700 5265 734 5315 ό
773 5262 842 5315 δὲ
873 5267 1083 5333 λαϊκὸς
1137 5268 1293 5322 ἔστω
1360 5267 1625 5336 ἀνάθεμα
1658 5284 1672 5299 ·
1736 5268 1883 5320 κατὰ

377 5351 551 5406 τοῦτο
573 5353 672 5407 καὶ
705 5358 738 5409 ό
766 5359 1214 5427 συναιρόμενος.

1975 3246 2256 3300 mulierum
2282 3261 2473 3315 graves
2498 3249 2783 3301 admodum
2814 3264 2985 3315 poenae
3007 3253 3336 3320 constituite,
3373 3256 3551 3307 vetitis

1974 3337 2157 3401 etiam,
2183 3339 2431 3406 quamvis
2457 3353 2549 3391 eas
2575 3341 2870 3392 olfeusione
2892 3341 3115 3396 dimissa
3151 3344 3374 3412 virginis
3401 3354 3551 3412 pater

1974 3430 2256 3498 approbet,
2313 3430 2546 3498 raptoris
2577 3446 2697 3485 cum
2751 3442 2897 3500 raptu
2932 3435 3156 3487 muliere
3185 3437 3387 3502 nuptiis
3431 3452 3446 3489 :
3497 3446 3548 3490 et

1974 3536 2237 3575 canonem
2293 3539 2508 3591 quoque
2557 3526 2954 3588 sanctionibus,
3007 3541 3075 3579 ne
3126 3527 3446 3596 impunitum
3499 3528 3550 3581 id

1975 3614 2186 3669 facinus
2219 3615 2635 3685 relinqueretur,
2670 3617 2959 3682 provisum.
3003 3616 3201 3671 Verum
3245 3619 3329 3673 hic
3376 3634 3550 3675 canon

1976 3707 2098 3761 aliis
2150 3709 2394 3760 severius
2467 3709 2518 3761 in
2574 3721 2818 3777 raptores
2868 3709 3268 3772 animadvertit,
3323 3711 3555 3767 clericos

1976 3800 2192 3867 quidem
2220 3801 2512 3867 deponens,
2565 3801 2616 3854 in
2668 3803 2838 3856 laicos
2871 3818 2996 3856 vero
3030 3803 3314 3856 anathema
3345 3806 3553 3858 denun-

1978 3891 2136 3943 tians.
2217 3889 2328 3944 Nec
2357 3891 2530 3945 solum
2562 3893 2761 3959 rapina:
2793 3902 3064 3955 auctores,
3115 3897 3209 3947 sed
3255 3910 3348 3949 eos
3393 3896 3550 3949 etiam

1977 3983 2065 4050 qui
2101 3998 2255 4051 opem
2287 3983 2463 4036 ferunt
2492 3984 2572 4037 vel
2615 3988 2954 4038 consentiunt
3000 3988 3186 4040 iisdem
3223 3990 3396 4056 penis
3431 3990 3557 4042 sub-

1970 4075 2114 4145 jicit.
2183 4073 2370 4142 Neque
2437 4076 2486 4130 id
2529 4078 2744 4144 quidem
2803 4077 3017 4145 injuria.
3093 4077 3193 4142 Qui
3239 4080 3436 4131 etenim
3487 4095 3552 4134 et

1976 4172 2131 4231 raptu
2193 4163 2295 4216 sibi
2340 4179 2558 4216 uxorem
2618 4168 2984 4233 camparavit,
3053 4171 3117 4219 ad
3167 4168 3370 4223 facinus
3424 4170 3550 4222 illud

1977 4252 2388 4320 perpetrandqu
2435 4252 2790 4320 impellentem
2846 4269 2903 4306 se
2955 4269 3191 4308 amorem
3241 4273 3340 4325 pro
3386 4274 3553 4310 excu-

1977 4343 2184 4397 satione
2234 4342 2413 4406 habet,
2463 4344 2549 4410 qui
2601 4357 2732 4396 vero
2784 4360 2936 4411 opem
2987 4345 3088 4397 fert
3123 4357 3214 4399 aut
3259 4351 3550 4411 consentit,

1979 4450 2101 4488 cum
2145 4432 2275 4487 nihil
2311 4433 2380 4488 sit
2414 4433 2555 4501 quod
2594 4434 2659 4487 ad
2692 4435 3075 4503 nequissimam
3125 4439 3388 4490 actionem
3418 4437 3554 4491 inci-

1983 4534 2096 4576 tare
2141 4524 2288 4578 illum
2339 4535 2589 4594 poterat,
2647 4537 2844 4595 prteter
2895 4528 3162 4596 pr0priam
3211 4530 3552 4596 pravitatem,

1980 4631 2075 4687 per
2101 4633 2262 4687 quam
2290 4621 2456 4673 solam
2503 4638 2622 4674 cum
2656 4634 2868 4691 raptore
2899 4623 3146 4677 convenit
3174 4624 3555 4691 concurritque

1981 4711 2137 4764 venia
2162 4711 2331 4776 magis
2359 4711 2609 4781 indignus
2631 4723 2730 4768 est.
2763 4717 2839 4768 Ac
2859 4714 3127 4784 adjutores
3151 4714 3365 4783 quidem
3399 4715 3556 4769 intelo

1983 4803 2320 4873 ligimus,qni
2339 4807 2404 4858 ad
2418 4805 2592 4860 scelus
2612 4808 2927 4875 patrandmn
2943 4822 3158 4874 operam
3180 4822 3334 4860 suam
3353 4807 3555 4878 raptori

1985 4897 2394 4949 commodarum
2414 4913 2428 4949 :
2452 4899 2760 4951 consentire
2790 4913 2914 4951 vero
2938 4913 3029 4952 eos
3051 4898 3300 4961 dicimus,
3325 4912 3556 4966 quorum

1985 4999 2180 5039 manus
2215 4988 2427 5053 quidem
2475 5002 2502 5038 a
2541 4988 2746 5042 seelere
2783 4987 2976 5052 abfuit,
3007 4989 3228 5043 consilio
3263 4997 3442 5042 tamen
3494 5002 3559 5041 ac

1984 5074 2166 5126 Studio
2201 5073 2631 5140 delinquentibus
2673 5078 2945 5144 suppetias
2989 5092 3054 5131 ac
3099 5093 3253 5146 opem
3294 5081 3556 5133 tulerunt.

1983 5163 2208 5218 ARIST.
2265 5165 2496 5219 Clericus
2529 5168 2796 5221 mulierem
2830 5171 3037 5237 rapiens
3069 5172 3290 5224 ecclesia
3326 5171 3558 5237 expella-

2058 5267 2176 5310 tur:
2228 5258 2394 5310 laicus
2423 5268 2615 5324 autem,
2650 5262 2715 5313 sit
2741 5267 3059 5330 anathema;
3107 5274 3161 5317 ut
3190 5273 3237 5318 el
3267 5265 3559 5335 quicunque

2058 5351 2142 5404 isti
2175 5351 2477 5417 opitulatur.

1531 5541 1721 5602 Guill.
1769 5539 2093 5618 Beveregii
2123 5546 2310 5599 noue.

386 5727 495 5790 (ὅθι
527 5729 886 5796 Συιιόουλὴν
915 5731 983 5783 δὲ
1017 5734 1139 5787 καί.
1190 5731 1316 5785 Ηιεε
1341 5774 1354 5796 ,
1414 5747 1582 5799 usque
1632 5733 1696 5784 ad
1757 5733 1878 5783 ἐπι-

308 5801 688 5868 κουρήσαντνς
739 5802 1019 5866 inclusive,
1075 5805 1129 5858 in
1187 5804 1374 5856 codice
1440 5801 1876 5856 Amcrbachiauo

1985 5731 2380 5784 desiderantur.
2436 5729 2540 5783 Sed
2596 5745 2786 5784 sensus
2838 5732 2936 5784 loci
2997 5731 3113 5784 sine
3162 5730 3266 5783 illis
3314 5731 3554 5799 pessime

1987 5800 2362 5864 confunditur,
2399 5803 2478 5854 vel
2514 5801 2694 5869 potius
2729 5801 2908 5857 nullus
2936 5801 3153 5856 omnino
3187 5809 3293 5855 est.

3435 373 3542 436 482
3639 406 3643 410 -
