  <div class='ocr_page' id='page_1' title='image "/cluster/home/n/w/nwhite01/storage/ocr_20150623/137/hvd.32044020166120/261.png"; bbox 0 0 3940 6480; ppageno 0'>
   <div class='ocr_carea' id='block_1_1' title="bbox 444 304 2000 393">
    <p class='ocr_par' dir='ltr' id='par_1_1' title="bbox 444 311 1987 393">
     <span class='ocr_line' id='line_1_1' title="bbox 444 311 1987 393; baseline -0.013 -2"><span class='ocrx_word' id='word_1_1' title='bbox 444 326 547 393; x_wconf 67' lang='grc' dir='ltr'><strong>48Ἱ</strong></span> <span class='ocrx_word' id='word_1_2' title='bbox 1713 311 1815 373; x_wconf 79' lang='lat' dir='ltr'><strong>T11</strong></span> <span class='ocrx_word' id='word_1_3' title='bbox 1826 311 1987 371; x_wconf 85' lang='lat' dir='ltr'><strong>EOD.</strong></span> 
     </span>
    </p>
   </div>
   <div class='ocr_carea' id='block_1_2' title="bbox 2136 304 3692 393">
    <p class='ocr_par' dir='ltr' id='par_1_2' title="bbox 2144 304 3692 370">
     <span class='ocr_line' id='line_1_2' title="bbox 2144 304 3692 370; baseline 0.001 -3"><span class='ocrx_word' id='word_1_4' title='bbox 2144 309 2444 370; x_wconf 72' lang='lat' dir='ltr'><strong>LSAMON</strong></span> <span class='ocrx_word' id='word_1_5' title='bbox 3595 304 3692 369; x_wconf 72' lang='grc'><strong>488</strong></span> 
     </span>
    </p>
   </div>
   <div class='ocr_carea' id='block_1_3' title="bbox 443 412 1999 502">
    <p class='ocr_par' dir='ltr' id='par_1_3' title="bbox 443 424 1999 502">
     <span class='ocr_line' id='line_1_3' title="bbox 443 424 1999 502; baseline -0.012 -8"><span class='ocrx_word' id='word_1_6' title='bbox 443 440 652 502; x_wconf 65' lang='lat' dir='ltr'><strong>Roma,</strong></span> <span class='ocrx_word' id='word_1_7' title='bbox 704 442 759 490; x_wconf 84' lang='lat' dir='ltr'><strong>et</strong></span> <span class='ocrx_word' id='word_1_8' title='bbox 802 448 924 491; x_wconf 85' lang='lat' dir='ltr'><strong>eum</strong></span> <span class='ocrx_word' id='word_1_9' title='bbox 972 429 1423 502; x_wconf 83' lang='lat' dir='ltr'><strong>quemadmodum</strong></span> <span class='ocrx_word' id='word_1_10' title='bbox 1453 439 1509 484; x_wconf 91' lang='lat' dir='ltr'><strong>et</strong></span> <span class='ocrx_word' id='word_1_11' title='bbox 1538 427 1647 492; x_wconf 86' lang='lat' dir='ltr'><strong>ille,</strong></span> <span class='ocrx_word' id='word_1_12' title='bbox 1688 426 1740 481; x_wconf 91' lang='lat' dir='ltr'><strong>in</strong></span> <span class='ocrx_word' id='word_1_13' title='bbox 1772 424 1999 479; x_wconf 90' lang='lat' dir='ltr'><strong>omnibu</strong></span> 
     </span>
    </p>
   </div>
   <div class='ocr_carea' id='block_1_4' title="bbox 2139 412 3695 502">
    <p class='ocr_par' dir='ltr' id='par_1_4' title="bbox 2139 412 3695 493">
     <span class='ocr_line' id='line_1_4' title="bbox 2139 412 3695 493; baseline -0.006 -18"><span class='ocrx_word' id='word_1_14' title='bbox 2139 422 2229 476; x_wconf 81' lang='grc' dir='ltr'><strong>τοῦ</strong></span> <span class='ocrx_word' id='word_1_15' title='bbox 2261 423 2417 477; x_wconf 87' lang='grc' dir='ltr'><strong>πάπα</strong></span> <span class='ocrx_word' id='word_1_16' title='bbox 2463 419 2704 493; x_wconf 83' lang='grc' dir='ltr'><strong>Ῥώμης,</strong></span> <span class='ocrx_word' id='word_1_17' title='bbox 2733 416 2829 473; x_wconf 80' lang='grc' dir='ltr'><strong>καὶ</strong></span> <span class='ocrx_word' id='word_1_18' title='bbox 2861 415 2982 472; x_wconf 79' lang='grc' dir='ltr'><strong>κατ’</strong></span> <span class='ocrx_word' id='word_1_19' title='bbox 3010 416 3220 470; x_wconf 83' lang='grc' dir='ltr'><strong>ἐκεῖνον</strong></span> <span class='ocrx_word' id='word_1_20' title='bbox 3254 412 3349 467; x_wconf 77' lang='grc' dir='ltr'><strong>ἐπὶ</strong></span> <span class='ocrx_word' id='word_1_21' title='bbox 3402 412 3535 466; x_wconf 72' lang='grc' dir='ltr'><strong>πᾶσι</strong></span> <span class='ocrx_word' id='word_1_22' title='bbox 3588 413 3695 475; x_wconf 85' lang='grc' dir='ltr'><strong>τοῖς</strong></span> 
     </span>
    </p>
   </div>
   <div class='ocr_carea' id='block_1_5' title="bbox 444 500 2000 586">
    <p class='ocr_par' dir='ltr' id='par_1_5' title="bbox 444 518 2000 586">
     <span class='ocr_line' id='line_1_5' title="bbox 444 518 2000 586; baseline -0.012 -2"><span class='ocrx_word' id='word_1_23' title='bbox 444 534 609 585; x_wconf 89' lang='lat' dir='ltr'><strong>rebus</strong></span> <span class='ocrx_word' id='word_1_24' title='bbox 638 524 1020 583; x_wconf 62' lang='lat' dir='ltr'><strong>ecclesiasticis</strong></span> <span class='ocrx_word' id='word_1_25' title='bbox 1066 524 1319 576; x_wconf 81' lang='lat' dir='ltr'><strong>honorari</strong></span> <span class='ocrx_word' id='word_1_26' title='bbox 1349 536 1414 574; x_wconf 88' lang='lat' dir='ltr'><strong>ac</strong></span> <span class='ocrx_word' id='word_1_27' title='bbox 1450 519 1625 586; x_wconf 82' lang='lat' dir='ltr'><strong>magni</strong></span> <span class='ocrx_word' id='word_1_28' title='bbox 1658 518 1798 583; x_wconf 84' lang='lat' dir='ltr'><strong>fieri,</strong></span> <span class='ocrx_word' id='word_1_29' title='bbox 1831 530 2000 571; x_wconf 82' lang='lat' dir='ltr'><strong>couve</strong></span> 
     </span>
    </p>
   </div>
   <div class='ocr_carea' id='block_1_6' title="bbox 2139 500 3695 586">
    <p class='ocr_par' dir='ltr' id='par_1_6' title="bbox 2139 500 3695 584">
     <span class='ocr_line' id='line_1_6' title="bbox 2139 500 3695 584; baseline -0.008 -17"><span class='ocrx_word' id='word_1_30' title='bbox 2139 516 2615 584; x_wconf 68' lang='grc' dir='ltr'><strong>ἐκκλησιαστικαῖς</strong></span> <span class='ocrx_word' id='word_1_31' title='bbox 2642 510 2937 582; x_wconf 79' lang='grc' dir='ltr'><strong>πράγμασι</strong></span> <span class='ocrx_word' id='word_1_32' title='bbox 2972 504 3381 578; x_wconf 83' lang='grc' dir='ltr'><strong>μεγαλύνεσθαι</strong></span> <span class='ocrx_word' id='word_1_33' title='bbox 3399 500 3695 564; x_wconf 72' lang='grc' dir='ltr'><strong>ἀκολούθως</strong></span> 
     </span>
    </p>
   </div>
   <div class='ocr_carea' id='block_1_7' title="bbox 444 592 2000 680">
    <p class='ocr_par' dir='ltr' id='par_1_7' title="bbox 444 606 2000 680">
     <span class='ocr_line' id='line_1_7' title="bbox 444 606 2000 680; baseline -0.011 -8"><span class='ocrx_word' id='word_1_34' title='bbox 444 619 659 673; x_wconf 86' lang='lat' dir='ltr'><strong>nieuter</strong></span> <span class='ocrx_word' id='word_1_35' title='bbox 705 616 741 670; x_wconf 77' lang='grc'><strong>5</strong></span> <span class='ocrx_word' id='word_1_36' title='bbox 801 614 993 670; x_wconf 84' lang='lat' dir='ltr'><strong>canoni</strong></span> <span class='ocrx_word' id='word_1_37' title='bbox 1049 610 1298 667; x_wconf 72' lang='lat' dir='ltr'><strong>secunda:</strong></span> <span class='ocrx_word' id='word_1_38' title='bbox 1353 624 1470 680; x_wconf 83' lang='lat' dir='ltr'><strong>syu.</strong></span> <span class='ocrx_word' id='word_1_39' title='bbox 1527 606 1779 661; x_wconf 83' lang='lat' dir='ltr'><strong>Nonnulli</strong></span> <span class='ocrx_word' id='word_1_40' title='bbox 1823 613 2000 658; x_wconf 84' lang='lat' dir='ltr'><strong>autem</strong></span> 
     </span>
    </p>
   </div>
   <div class='ocr_carea' id='block_1_8' title="bbox 2144 592 3700 680">
    <p class='ocr_par' dir='ltr' id='par_1_8' title="bbox 2144 592 3700 675">
     <span class='ocr_line' id='line_1_8' title="bbox 2144 592 3700 675; baseline -0.006 -18"><span class='ocrx_word' id='word_1_41' title='bbox 2144 607 2208 675; x_wconf 76' lang='grc' dir='ltr'><strong>τῷ</strong></span> <span class='ocrx_word' id='word_1_42' title='bbox 2245 605 2419 673; x_wconf 81' lang='grc' dir='ltr'><strong>τρίτῳ</strong></span> <span class='ocrx_word' id='word_1_43' title='bbox 2456 604 2645 656; x_wconf 85' lang='grc' dir='ltr'><strong>κανόνι</strong></span> <span class='ocrx_word' id='word_1_44' title='bbox 2676 602 2773 669; x_wconf 81' lang='grc' dir='ltr'><strong>τῆς</strong></span> <span class='ocrx_word' id='word_1_45' title='bbox 2805 600 2850 670; x_wconf 89' lang='grc' dir='ltr'><strong>β’</strong></span> <span class='ocrx_word' id='word_1_46' title='bbox 2918 598 3161 653; x_wconf 84' lang='grc' dir='ltr'><strong>συνόδου.</strong></span> <span class='ocrx_word' id='word_1_47' title='bbox 3234 594 3396 655; x_wconf 76' lang='grc' dir='ltr'><strong>Τινὲς</strong></span> <span class='ocrx_word' id='word_1_48' title='bbox 3444 593 3524 657; x_wconf 82' lang='grc' dir='ltr'><strong>δὲ,</strong></span> <span class='ocrx_word' id='word_1_49' title='bbox 3591 592 3700 664; x_wconf 74' lang='grc' dir='ltr'><strong>βλέ-</strong></span> 
     </span>
    </p>
   </div>
   <div class='ocr_carea' id='block_1_9' title="bbox 450 685 2006 773">
    <p class='ocr_par' dir='ltr' id='par_1_9' title="bbox 450 698 2006 773">
     <span class='ocr_line' id='line_1_9' title="bbox 450 698 2006 773; baseline -0.01 -10"><span class='ocrx_word' id='word_1_50' title='bbox 450 711 691 764; x_wconf 76' lang='lat' dir='ltr'><strong>ridentes</strong></span> <span class='ocrx_word' id='word_1_51' title='bbox 741 722 860 762; x_wconf 91' lang='lat' dir='ltr'><strong>eum</strong></span> <span class='ocrx_word' id='word_1_52' title='bbox 927 705 1069 758; x_wconf 85' lang='lat' dir='ltr'><strong>nolle</strong></span> <span class='ocrx_word' id='word_1_53' title='bbox 1132 718 1284 773; x_wconf 81' lang='lat' dir='ltr'><strong>papae</strong></span> <span class='ocrx_word' id='word_1_54' title='bbox 1344 701 1571 757; x_wconf 75' lang='lat' dir='ltr'><strong>Romani</strong></span> <span class='ocrx_word' id='word_1_55' title='bbox 1639 698 1917 768; x_wconf 82' lang='lat' dir='ltr'><strong>privilegio</strong></span> <span class='ocrx_word' id='word_1_56' title='bbox 1972 710 2006 748; x_wconf 60' lang='lat' dir='ltr'><strong>st</strong></span> 
     </span>
    </p>
   </div>
   <div class='ocr_carea' id='block_1_10' title="bbox 2143 685 3699 773">
    <p class='ocr_par' dir='ltr' id='par_1_10' title="bbox 2143 685 3699 764">
     <span class='ocr_line' id='line_1_10' title="bbox 2143 685 3699 764; baseline -0.009 -13"><span class='ocrx_word' id='word_1_57' title='bbox 2143 715 2331 760; x_wconf 83' lang='grc' dir='ltr'><strong>ποντες</strong></span> <span class='ocrx_word' id='word_1_58' title='bbox 2383 697 2574 751; x_wconf 80' lang='grc' dir='ltr'><strong>τοῦτον</strong></span> <span class='ocrx_word' id='word_1_59' title='bbox 2636 695 2726 749; x_wconf 82' lang='grc' dir='ltr'><strong>διὰ</strong></span> <span class='ocrx_word' id='word_1_60' title='bbox 2787 692 3017 764; x_wconf 76' lang='grc' dir='ltr'><strong>μηδενὸς</strong></span> <span class='ocrx_word' id='word_1_61' title='bbox 3072 690 3179 745; x_wconf 84' lang='grc' dir='ltr'><strong>τῶν</strong></span> <span class='ocrx_word' id='word_1_62' title='bbox 3243 686 3558 759; x_wconf 88' lang='grc' dir='ltr'><strong>προνομίων</strong></span> <span class='ocrx_word' id='word_1_63' title='bbox 3614 685 3699 738; x_wconf 80' lang='grc' dir='ltr'><strong>τοῦ</strong></span> 
     </span>
    </p>
   </div>
   <div class='ocr_carea' id='block_1_11' title="bbox 441 778 1997 871">
    <p class='ocr_par' dir='ltr' id='par_1_11' title="bbox 441 791 1997 871">
     <span class='ocr_line' id='line_1_11' title="bbox 441 791 1997 871; baseline -0.008 -17"><span class='ocrx_word' id='word_1_64' title='bbox 441 802 650 871; x_wconf 71' lang='lat' dir='ltr'><strong>jactare</strong></span> <span class='ocrx_word' id='word_1_65' title='bbox 679 809 734 853; x_wconf 87' lang='lat' dir='ltr'><strong>et</strong></span> <span class='ocrx_word' id='word_1_66' title='bbox 774 798 1027 852; x_wconf 81' lang='lat' dir='ltr'><strong>extollere</strong></span> <span class='ocrx_word' id='word_1_67' title='bbox 1061 796 1258 865; x_wconf 86' lang='lat' dir='ltr'><strong>(neque</strong></span> <span class='ocrx_word' id='word_1_68' title='bbox 1286 796 1427 848; x_wconf 88' lang='lat' dir='ltr'><strong>enim</strong></span> <span class='ocrx_word' id='word_1_69' title='bbox 1456 796 1584 858; x_wconf 93' lang='lat' dir='ltr'><strong>imp.</strong></span> <span class='ocrx_word' id='word_1_70' title='bbox 1637 793 1750 845; x_wconf 91' lang='lat' dir='ltr'><strong>loro</strong></span> <span class='ocrx_word' id='word_1_71' title='bbox 1784 791 1832 843; x_wconf 88' lang='lat' dir='ltr'><strong>ei</strong></span> <span class='ocrx_word' id='word_1_72' title='bbox 1864 804 1997 857; x_wconf 78' lang='lat' dir='ltr'><strong>capu</strong></span> 
     </span>
    </p>
   </div>
   <div class='ocr_carea' id='block_1_12' title="bbox 2147 778 3703 871">
    <p class='ocr_par' dir='ltr' id='par_1_12' title="bbox 2147 778 3703 857">
     <span class='ocr_line' id='line_1_12' title="bbox 2147 778 3703 857; baseline -0.008 -17"><span class='ocrx_word' id='word_1_73' title='bbox 2147 790 2291 843; x_wconf 73' lang='grc' dir='ltr'><strong>ιτὰπα</strong></span> <span class='ocrx_word' id='word_1_74' title='bbox 2354 788 2572 857; x_wconf 83' lang='grc' dir='ltr'><strong>Ῥώμης</strong></span> <span class='ocrx_word' id='word_1_75' title='bbox 2637 785 3159 856; x_wconf 83' lang='grc' dir='ltr'><strong>ἀποσεμνυνόμενον</strong></span> <span class='ocrx_word' id='word_1_76' title='bbox 3219 781 3368 851; x_wconf 71' lang='grc' dir='ltr'><strong>(οὔτε</strong></span> <span class='ocrx_word' id='word_1_77' title='bbox 3417 781 3526 847; x_wconf 77' lang='grc' dir='ltr'><strong>γὰρ</strong></span> <span class='ocrx_word' id='word_1_78' title='bbox 3608 778 3703 829; x_wconf 74' lang='grc' dir='ltr'><strong>ὑπο</strong></span> 
     </span>
    </p>
   </div>
   <div class='ocr_carea' id='block_1_13' title="bbox 448 868 2004 959">
    <p class='ocr_par' dir='ltr' id='par_1_13' title="bbox 448 868 1999 959">
     <span class='ocr_line' id='line_1_13' title="bbox 448 868 1999 959; baseline -0.012 -14"><span class='ocrx_word' id='word_1_79' title='bbox 448 868 670 959; x_wconf 78' lang='lat' dir='ltr'><strong>tegitur,</strong></span> <span class='ocrx_word' id='word_1_80' title='bbox 726 905 824 943; x_wconf 88' lang='lat' dir='ltr'><strong>nec</strong></span> <span class='ocrx_word' id='word_1_81' title='bbox 868 903 989 941; x_wconf 85' lang='lat' dir='ltr'><strong>cum</strong></span> <span class='ocrx_word' id='word_1_82' title='bbox 1023 887 1152 955; x_wconf 87' lang='lat' dir='ltr'><strong>imp.</strong></span> <span class='ocrx_word' id='word_1_83' title='bbox 1199 884 1452 952; x_wconf 75' lang='lat' dir='ltr'><strong>sceptris,</strong></span> <span class='ocrx_word' id='word_1_84' title='bbox 1498 881 1688 950; x_wconf 84' lang='lat' dir='ltr'><strong>signis,</strong></span> <span class='ocrx_word' id='word_1_85' title='bbox 1735 891 1789 933; x_wconf 92' lang='lat' dir='ltr'><strong>et</strong></span> <span class='ocrx_word' id='word_1_86' title='bbox 1822 878 1999 931; x_wconf 66' lang='lat' dir='ltr'><strong>resilli</strong></span> 
     </span>
    </p>
   </div>
   <div class='ocr_carea' id='block_1_14' title="bbox 2146 868 3702 959">
    <p class='ocr_par' dir='ltr' id='par_1_14' title="bbox 2146 868 3702 951">
     <span class='ocr_line' id='line_1_14' title="bbox 2146 868 3702 951; baseline -0.01 -17"><span class='ocrx_word' id='word_1_87' title='bbox 2146 879 2631 951; x_wconf 56' lang='grc' dir='ltr'><strong>βασιλικουλώρου</strong></span> <span class='ocrx_word' id='word_1_88' title='bbox 2660 878 2758 947; x_wconf 83' lang='grc' dir='ltr'><strong>τὴν</strong></span> <span class='ocrx_word' id='word_1_89' title='bbox 2787 876 3029 945; x_wconf 76' lang='grc' dir='ltr'><strong>κεφαλὴν</strong></span> <span class='ocrx_word' id='word_1_90' title='bbox 3063 868 3702 929; x_wconf 71' lang='grc' dir='ltr'><strong>κατακαλύπτεται,οὕτε</strong></span> 
     </span>
    </p>
   </div>
   <div class='ocr_carea' id='block_1_15' title="bbox 446 959 2002 1053">
    <p class='ocr_par' dir='ltr' id='par_1_15' title="bbox 446 974 2002 1053">
     <span class='ocr_line' id='line_1_15' title="bbox 446 974 2002 1053; baseline -0.009 -17"><span class='ocrx_word' id='word_1_91' title='bbox 446 982 811 1053; x_wconf 84' lang='lat' dir='ltr'><strong>progreditur,</strong></span> <span class='ocrx_word' id='word_1_92' title='bbox 851 995 948 1033; x_wconf 91' lang='lat' dir='ltr'><strong>nec</strong></span> <span class='ocrx_word' id='word_1_93' title='bbox 977 976 1243 1047; x_wconf 78' lang='lat' dir='ltr'><strong>imperial.</strong></span> <span class='ocrx_word' id='word_1_94' title='bbox 1275 992 1381 1044; x_wconf 74' lang='lat' dir='ltr'><strong>prae</strong></span> <span class='ocrx_word' id='word_1_95' title='bbox 1411 990 1468 1029; x_wconf 84' lang='lat' dir='ltr'><strong>se</strong></span> <span class='ocrx_word' id='word_1_96' title='bbox 1493 976 1596 1028; x_wconf 87' lang='lat' dir='ltr'><strong>fert</strong></span> <span class='ocrx_word' id='word_1_97' title='bbox 1630 974 2002 1028; x_wconf 78' lang='lat' dir='ltr'><strong>auctoritatem</strong></span> 
     </span>
    </p>
   </div>
   <div class='ocr_carea' id='block_1_16' title="bbox 2146 959 3702 1053">
    <p class='ocr_par' dir='ltr' id='par_1_16' title="bbox 2146 959 3702 1053">
     <span class='ocr_line' id='line_1_16' title="bbox 2146 959 3702 1053; baseline -0.015 -24"><span class='ocrx_word' id='word_1_98' title='bbox 2146 976 2275 1046; x_wconf 80' lang='grc' dir='ltr'><strong>μετὰ</strong></span> <span class='ocrx_word' id='word_1_99' title='bbox 2313 971 2596 1043; x_wconf 82' lang='grc' dir='ltr'><strong>βασιλικοῦ</strong></span> <span class='ocrx_word' id='word_1_100' title='bbox 2628 973 2910 1041; x_wconf 83' lang='grc' dir='ltr'><strong>σκήπτρου</strong></span> <span class='ocrx_word' id='word_1_101' title='bbox 2948 970 3041 1022; x_wconf 73' lang='grc' dir='ltr'><strong>καὶ</strong></span> <span class='ocrx_word' id='word_1_102' title='bbox 3092 968 3297 1032; x_wconf 86' lang='grc' dir='ltr'><strong>σίγνων</strong></span> <span class='ocrx_word' id='word_1_103' title='bbox 3356 962 3453 1014; x_wconf 70' lang='grc' dir='ltr'><strong>καὶ</strong></span> <span class='ocrx_word' id='word_1_104' title='bbox 3509 959 3702 1053; x_wconf 53' lang='grc' dir='ltr'><strong>βάντον</strong></span> 
     </span>
    </p>
   </div>
   <div class='ocr_carea' id='block_1_17' title="bbox 448 1048 2004 1137">
    <p class='ocr_par' dir='ltr' id='par_1_17' title="bbox 448 1048 2004 1137">
     <span class='ocr_line' id='line_1_17' title="bbox 448 1048 2004 1137; baseline -0.01 -9"><span class='ocrx_word' id='word_1_105' title='bbox 448 1048 575 1128; x_wconf 65' lang='grc' dir='ltr'><strong>ιιιιο⁷</strong></span> <span class='ocrx_word' id='word_1_106' title='bbox 610 1088 793 1126; x_wconf 81' lang='lat' dir='ltr'><strong>revera</strong></span> <span class='ocrx_word' id='word_1_107' title='bbox 852 1071 1090 1125; x_wconf 88' lang='lat' dir='ltr'><strong>ittduitur</strong></span> <span class='ocrx_word' id='word_1_108' title='bbox 1140 1080 1193 1123; x_wconf 88' lang='lat' dir='ltr'><strong>et</strong></span> <span class='ocrx_word' id='word_1_109' title='bbox 1235 1072 1437 1137; x_wconf 78' lang='lat' dir='ltr'><strong>equitat</strong></span> <span class='ocrx_word' id='word_1_110' title='bbox 1483 1067 1775 1122; x_wconf 83' lang='lat' dir='ltr'><strong>secundum</strong></span> <span class='ocrx_word' id='word_1_111' title='bbox 1809 1066 1862 1118; x_wconf 88' lang='lat' dir='ltr'><strong>id</strong></span> <span class='ocrx_word' id='word_1_112' title='bbox 1891 1077 2004 1132; x_wconf 55' lang='lat' dir='ltr'><strong>quot</strong></span> 
     </span>
    </p>
   </div>
   <div class='ocr_carea' id='block_1_18' title="bbox 2146 1048 3702 1137">
    <p class='ocr_par' dir='ltr' id='par_1_18' title="bbox 2146 1048 3702 1137">
     <span class='ocr_line' id='line_1_18' title="bbox 2146 1048 3702 1137; baseline -0.015 -18"><span class='ocrx_word' id='word_1_113' title='bbox 2146 1062 2592 1137; x_wconf 74' lang='grc' dir='ltr'><strong>προοδεύει,οΰτε</strong></span> <span class='ocrx_word' id='word_1_114' title='bbox 2637 1061 2929 1131; x_wconf 79' lang='grc' dir='ltr'><strong>ἀξιώματα</strong></span> <span class='ocrx_word' id='word_1_115' title='bbox 2991 1055 3362 1129; x_wconf 84' lang='grc' dir='ltr'><strong>προϐάλλεται</strong></span> <span class='ocrx_word' id='word_1_116' title='bbox 3442 1048 3702 1119; x_wconf 69' lang='grc' dir='ltr'><strong>βασιλικὰ,</strong></span> 
     </span>
    </p>
   </div>
   <div class='ocr_carea' id='block_1_19' title="bbox 450 1136 2006 1234">
    <p class='ocr_par' dir='ltr' id='par_1_19' title="bbox 450 1155 2005 1234">
     <span class='ocr_line' id='line_1_19' title="bbox 450 1155 2005 1234; baseline -0.007 -16"><span class='ocrx_word' id='word_1_117' title='bbox 450 1164 715 1234; x_wconf 86' lang='lat' dir='ltr'><strong>imperiali</strong></span> <span class='ocrx_word' id='word_1_118' title='bbox 762 1164 982 1217; x_wconf 89' lang='lat' dir='ltr'><strong>decreto</strong></span> <span class='ocrx_word' id='word_1_119' title='bbox 1027 1161 1339 1216; x_wconf 85' lang='lat' dir='ltr'><strong>continetur</strong></span> <span class='ocrx_word' id='word_1_120' title='bbox 1369 1176 1399 1213; x_wconf 91' lang='lat' dir='ltr'><strong>a</strong></span> <span class='ocrx_word' id='word_1_121' title='bbox 1430 1168 1617 1213; x_wconf 85' lang='lat' dir='ltr'><strong>sancto</strong></span> <span class='ocrx_word' id='word_1_122' title='bbox 1667 1156 1861 1223; x_wconf 71' lang='lat' dir='ltr'><strong>Magno</strong></span> <span class='ocrx_word' id='word_1_123' title='bbox 1892 1155 2005 1208; x_wconf 91' lang='lat' dir='ltr'><strong>Con</strong></span> 
     </span>
    </p>
   </div>
   <div class='ocr_carea' id='block_1_20' title="bbox 2148 1136 3704 1234">
    <p class='ocr_par' dir='ltr' id='par_1_20' title="bbox 2148 1136 3704 1225">
     <span class='ocr_line' id='line_1_20' title="bbox 2148 1136 3704 1225; baseline -0.015 -16"><span class='ocrx_word' id='word_1_124' title='bbox 2148 1136 2261 1209; x_wconf 65' lang='grc' dir='ltr'><strong>οὗτε</strong></span> <span class='ocrx_word' id='word_1_125' title='bbox 2296 1155 2531 1225; x_wconf 80' lang='grc' dir='ltr'><strong>ἀληθινὰ</strong></span> <span class='ocrx_word' id='word_1_126' title='bbox 2558 1153 2957 1215; x_wconf 80' lang='grc' dir='ltr'><strong>ἐνδιδύσκεται,</strong></span> <span class='ocrx_word' id='word_1_127' title='bbox 3019 1148 3112 1201; x_wconf 73' lang='grc' dir='ltr'><strong>καὶ</strong></span> <span class='ocrx_word' id='word_1_128' title='bbox 3160 1139 3525 1198; x_wconf 83' lang='grc' dir='ltr'><strong>καϐαλικεύει</strong></span> <span class='ocrx_word' id='word_1_129' title='bbox 3577 1136 3704 1187; x_wconf 74' lang='grc' dir='ltr'><strong>κατὰ</strong></span> 
     </span>
    </p>
   </div>
   <div class='ocr_carea' id='block_1_21' title="bbox 447 1229 2003 1321">
    <p class='ocr_par' dir='ltr' id='par_1_21' title="bbox 447 1247 2003 1321">
     <span class='ocr_line' id='line_1_21' title="bbox 447 1247 2003 1321; baseline -0.006 -13"><span class='ocrx_word' id='word_1_130' title='bbox 447 1256 693 1310; x_wconf 86' lang='lat' dir='ltr'><strong>stantino</strong></span> <span class='ocrx_word' id='word_1_131' title='bbox 738 1255 803 1307; x_wconf 86' lang='lat' dir='ltr'><strong>ad</strong></span> <span class='ocrx_word' id='word_1_132' title='bbox 851 1267 1043 1321; x_wconf 86' lang='lat' dir='ltr'><strong>papam</strong></span> <span class='ocrx_word' id='word_1_133' title='bbox 1090 1250 1390 1303; x_wconf 76' lang='lat' dir='ltr'><strong>Romanum</strong></span> <span class='ocrx_word' id='word_1_134' title='bbox 1438 1258 1681 1303; x_wconf 88' lang='lat' dir='ltr'><strong>sanctum</strong></span> <span class='ocrx_word' id='word_1_135' title='bbox 1712 1247 2003 1300; x_wconf 76' lang='lat' dir='ltr'><strong>Silvestrun</strong></span> 
     </span>
    </p>
   </div>
   <div class='ocr_carea' id='block_1_22' title="bbox 2150 1229 3706 1321">
    <p class='ocr_par' dir='ltr' id='par_1_22' title="bbox 2150 1229 3706 1321">
     <span class='ocr_line' id='line_1_22' title="bbox 2150 1229 3706 1321; baseline -0.017 -18"><span class='ocrx_word' id='word_1_136' title='bbox 2150 1251 2235 1320; x_wconf 71' lang='grc' dir='ltr'><strong>τὴν</strong></span> <span class='ocrx_word' id='word_1_137' title='bbox 2267 1247 2560 1317; x_wconf 76' lang='grc' dir='ltr'><strong>περίληψιν</strong></span> <span class='ocrx_word' id='word_1_138' title='bbox 2589 1245 2686 1299; x_wconf 84' lang='grc' dir='ltr'><strong>τοῦ</strong></span> <span class='ocrx_word' id='word_1_139' title='bbox 2720 1242 3005 1313; x_wconf 80' lang='grc' dir='ltr'><strong>γεγονότος</strong></span> <span class='ocrx_word' id='word_1_140' title='bbox 3024 1235 3314 1307; x_wconf 79' lang='grc' dir='ltr'><strong>βασιλικοῦ</strong></span> <span class='ocrx_word' id='word_1_141' title='bbox 3344 1229 3706 1321; x_wconf 77' lang='grc' dir='ltr'><strong>θεσπίσματος</strong></span> 
     </span>
    </p>
   </div>
   <div class='ocr_carea' id='block_1_23' title="bbox 451 1316 2007 1413">
    <p class='ocr_par' dir='ltr' id='par_1_23' title="bbox 451 1339 2007 1413">
     <span class='ocr_line' id='line_1_23' title="bbox 451 1339 2007 1413; baseline -0.005 -15"><span class='ocrx_word' id='word_1_142' title='bbox 451 1353 508 1398; x_wconf 84' lang='lat' dir='ltr'><strong>ct</strong></span> <span class='ocrx_word' id='word_1_143' title='bbox 540 1360 880 1400; x_wconf 86' lang='lat' dir='ltr'><strong>successores</strong></span> <span class='ocrx_word' id='word_1_144' title='bbox 913 1344 1031 1413; x_wconf 85' lang='lat' dir='ltr'><strong>ejus</strong></span> <span class='ocrx_word' id='word_1_145' title='bbox 1062 1341 1228 1411; x_wconf 86' lang='lat' dir='ltr'><strong>facto)</strong></span> <span class='ocrx_word' id='word_1_146' title='bbox 1280 1343 1464 1395; x_wconf 86' lang='lat' dir='ltr'><strong>dicunt</strong></span> <span class='ocrx_word' id='word_1_147' title='bbox 1505 1355 1567 1393; x_wconf 92' lang='lat' dir='ltr'><strong>ea</strong></span> <span class='ocrx_word' id='word_1_148' title='bbox 1615 1355 1734 1408; x_wconf 66' lang='lat' dir='ltr'><strong>quae</strong></span> <span class='ocrx_word' id='word_1_149' title='bbox 1765 1339 1848 1393; x_wconf 91' lang='lat' dir='ltr'><strong>his</strong></span> <span class='ocrx_word' id='word_1_150' title='bbox 1876 1353 2007 1391; x_wconf 88' lang='lat' dir='ltr'><strong>cano</strong></span> 
     </span>
    </p>
   </div>
   <div class='ocr_carea' id='block_1_24' title="bbox 2148 1316 3704 1413">
    <p class='ocr_par' dir='ltr' id='par_1_24' title="bbox 2148 1316 3704 1413">
     <span class='ocr_line' id='line_1_24' title="bbox 2148 1316 3704 1413; baseline -0.018 -17"><span class='ocrx_word' id='word_1_151' title='bbox 2148 1343 2289 1411; x_wconf 81' lang='grc' dir='ltr'><strong>παρὰ</strong></span> <span class='ocrx_word' id='word_1_152' title='bbox 2320 1341 2413 1394; x_wconf 81' lang='grc' dir='ltr'><strong>τοῦ</strong></span> <span class='ocrx_word' id='word_1_153' title='bbox 2454 1340 2611 1407; x_wconf 84' lang='grc' dir='ltr'><strong>ἁγίου</strong></span> <span class='ocrx_word' id='word_1_154' title='bbox 2660 1337 2898 1407; x_wconf 77' lang='grc' dir='ltr'><strong>μεγάλου</strong></span> <span class='ocrx_word' id='word_1_155' title='bbox 2949 1329 3368 1387; x_wconf 80' lang='grc' dir='ltr'><strong>Κωνσταντίνου</strong></span> <span class='ocrx_word' id='word_1_156' title='bbox 3432 1321 3563 1393; x_wconf 74' lang='grc' dir='ltr'><strong>πρὸς</strong></span> <span class='ocrx_word' id='word_1_157' title='bbox 3623 1316 3704 1413; x_wconf 69' lang='grc' dir='ltr'><strong>τὴν</strong></span> 
     </span>
    </p>
   </div>
   <div class='ocr_carea' id='block_1_25' title="bbox 455 1409 2011 1501">
    <p class='ocr_par' dir='ltr' id='par_1_25' title="bbox 455 1431 2011 1497">
     <span class='ocr_line' id='line_1_25' title="bbox 455 1431 2011 1497; baseline -0.004 -8"><span class='ocrx_word' id='word_1_158' title='bbox 455 1439 612 1490; x_wconf 90' lang='lat' dir='ltr'><strong>nibus</strong></span> <span class='ocrx_word' id='word_1_159' title='bbox 641 1436 984 1489; x_wconf 85' lang='lat' dir='ltr'><strong>continentur</strong></span> <span class='ocrx_word' id='word_1_160' title='bbox 1017 1435 1316 1488; x_wconf 81' lang='lat' dir='ltr'><strong>exolevisse</strong></span> <span class='ocrx_word' id='word_1_161' title='bbox 1357 1440 1411 1486; x_wconf 88' lang='lat' dir='ltr'><strong>et</strong></span> <span class='ocrx_word' id='word_1_162' title='bbox 1442 1432 1492 1484; x_wconf 90' lang='lat' dir='ltr'><strong>in</strong></span> <span class='ocrx_word' id='word_1_163' title='bbox 1527 1447 1621 1485; x_wconf 88' lang='lat' dir='ltr'><strong>usu</strong></span> <span class='ocrx_word' id='word_1_164' title='bbox 1653 1446 1756 1485; x_wconf 91' lang='lat' dir='ltr'><strong>non</strong></span> <span class='ocrx_word' id='word_1_165' title='bbox 1785 1444 1925 1497; x_wconf 73' lang='lat' dir='ltr'><strong>essr,</strong></span> <span class='ocrx_word' id='word_1_166' title='bbox 1985 1431 2011 1483; x_wconf 81' lang='grc' dir='ltr'><strong>ἰι</strong></span> 
     </span>
    </p>
   </div>
   <div class='ocr_carea' id='block_1_26' title="bbox 2147 1409 3703 1501">
    <p class='ocr_par' dir='ltr' id='par_1_26' title="bbox 2147 1409 3703 1501">
     <span class='ocr_line' id='line_1_26' title="bbox 2147 1409 3703 1501; baseline -0.015 -14"><span class='ocrx_word' id='word_1_167' title='bbox 2147 1409 2327 1487; x_wconf 76' lang='grc' dir='ltr'><strong>πὰπαν</strong></span> <span class='ocrx_word' id='word_1_168' title='bbox 2364 1434 2584 1501; x_wconf 82' lang='grc' dir='ltr'><strong>Ῥώμης</strong></span> <span class='ocrx_word' id='word_1_169' title='bbox 2634 1430 2789 1496; x_wconf 78' lang='grc' dir='ltr'><strong>ἆγιον</strong></span> <span class='ocrx_word' id='word_1_170' title='bbox 2836 1426 3159 1494; x_wconf 80' lang='grc' dir='ltr'><strong>Σίλϐεστρον</strong></span> <span class='ocrx_word' id='word_1_171' title='bbox 3219 1419 3321 1473; x_wconf 76' lang='grc' dir='ltr'><strong>καὶ</strong></span> <span class='ocrx_word' id='word_1_172' title='bbox 3390 1417 3514 1476; x_wconf 75' lang='grc' dir='ltr'><strong>τοὺς</strong></span> <span class='ocrx_word' id='word_1_173' title='bbox 3595 1409 3703 1481; x_wconf 76' lang='grc' dir='ltr'><strong>μετ’</strong></span> 
     </span>
    </p>
   </div>
   <div class='ocr_carea' id='block_1_27' title="bbox 456 1510 2012 1595">
    <p class='ocr_par' dir='ltr' id='par_1_27' title="bbox 456 1521 2012 1595">
     <span class='ocr_line' id='line_1_27' title="bbox 456 1521 2012 1595; baseline -0.004 -16"><span class='ocrx_word' id='word_1_174' title='bbox 456 1528 621 1581; x_wconf 76' lang='lat' dir='ltr'><strong>etiam</strong></span> <span class='ocrx_word' id='word_1_175' title='bbox 668 1527 809 1595; x_wconf 91' lang='lat' dir='ltr'><strong>quod</strong></span> <span class='ocrx_word' id='word_1_176' title='bbox 855 1527 1037 1582; x_wconf 88' lang='lat' dir='ltr'><strong>dicunt</strong></span> <span class='ocrx_word' id='word_1_177' title='bbox 1075 1542 1140 1579; x_wconf 78' lang='lat' dir='ltr'><strong>ex</strong></span> <span class='ocrx_word' id='word_1_178' title='bbox 1193 1527 1291 1578; x_wconf 88' lang='lat' dir='ltr'><strong>hoc</strong></span> <span class='ocrx_word' id='word_1_179' title='bbox 1337 1525 1744 1585; x_wconf 86' lang='lat' dir='ltr'><strong>confirmanles,</strong></span> <span class='ocrx_word' id='word_1_180' title='bbox 1790 1523 1931 1591; x_wconf 90' lang='lat' dir='ltr'><strong>quod</strong></span> <span class='ocrx_word' id='word_1_181' title='bbox 1983 1521 2012 1574; x_wconf 83' lang='grc' dir='ltr'><strong>ἰι</strong></span> 
     </span>
    </p>
   </div>
   <div class='ocr_carea' id='block_1_28' title="bbox 2150 1510 3706 1595">
    <p class='ocr_par' dir='ltr' id='par_1_28' title="bbox 2150 1510 3706 1595">
     <span class='ocr_line' id='line_1_28' title="bbox 2150 1510 3706 1595; baseline -0.018 -15"><span class='ocrx_word' id='word_1_182' title='bbox 2150 1527 2350 1595; x_wconf 67' lang='grc' dir='ltr'><strong>αὐτὸν),</strong></span> <span class='ocrx_word' id='word_1_183' title='bbox 2382 1526 2604 1591; x_wconf 82' lang='grc' dir='ltr'><strong>λέγουσι</strong></span> <span class='ocrx_word' id='word_1_184' title='bbox 2632 1517 3075 1591; x_wconf 80' lang='grc' dir='ltr'><strong>ἁπρακτῆσαιτὰ</strong></span> <span class='ocrx_word' id='word_1_185' title='bbox 3105 1514 3213 1567; x_wconf 85' lang='grc' dir='ltr'><strong>τῶν</strong></span> <span class='ocrx_word' id='word_1_186' title='bbox 3248 1510 3516 1571; x_wconf 81' lang='grc' dir='ltr'>κανόνων,</span> <span class='ocrx_word' id='word_1_187' title='bbox 3544 1520 3706 1555; x_wconf 82' lang='grc' dir='ltr'><strong>κατα-</strong></span> 
     </span>
    </p>
   </div>
   <div class='ocr_carea' id='block_1_29' title="bbox 465 1595 2021 1687">
    <p class='ocr_par' dir='ltr' id='par_1_29' title="bbox 465 1615 2021 1687">
     <span class='ocr_line' id='line_1_29' title="bbox 465 1615 2021 1687; baseline -0.003 -14"><span class='ocrx_word' id='word_1_188' title='bbox 465 1618 835 1687; x_wconf 85' lang='lat' dir='ltr'><strong>imperialibus</strong></span> <span class='ocrx_word' id='word_1_189' title='bbox 879 1616 1035 1680; x_wconf 78' lang='lat' dir='ltr'><strong>longo</strong></span> <span class='ocrx_word' id='word_1_190' title='bbox 1082 1625 1200 1682; x_wconf 89' lang='lat' dir='ltr'><strong>post</strong></span> <span class='ocrx_word' id='word_1_191' title='bbox 1253 1625 1491 1684; x_wconf 84' lang='lat' dir='ltr'><strong>tempore</strong></span> <span class='ocrx_word' id='word_1_192' title='bbox 1524 1615 1740 1683; x_wconf 79' lang='lat' dir='ltr'><strong>scriptis</strong></span> <span class='ocrx_word' id='word_1_193' title='bbox 1770 1624 1822 1667; x_wconf 88' lang='lat' dir='ltr'><strong>et</strong></span> <span class='ocrx_word' id='word_1_194' title='bbox 1856 1630 2021 1682; x_wconf 85' lang='lat' dir='ltr'><strong>repur-</strong></span> 
     </span>
    </p>
   </div>
   <div class='ocr_carea' id='block_1_30' title="bbox 2150 1595 3706 1687">
    <p class='ocr_par' dir='ltr' id='par_1_30' title="bbox 2150 1595 3706 1683">
     <span class='ocr_line' id='line_1_30' title="bbox 2150 1595 3706 1683; baseline -0.017 -9"><span class='ocrx_word' id='word_1_195' title='bbox 2150 1618 2503 1683; x_wconf 75' lang='grc' dir='ltr'><strong>σκευάζοντες</strong></span> <span class='ocrx_word' id='word_1_196' title='bbox 2558 1616 2651 1668; x_wconf 69' lang='grc' dir='ltr'><strong>τὶν</strong></span> <span class='ocrx_word' id='word_1_197' title='bbox 2721 1615 2925 1666; x_wconf 82' lang='grc' dir='ltr'><strong>οἰκεῖον</strong></span> <span class='ocrx_word' id='word_1_198' title='bbox 2980 1608 3258 1677; x_wconf 79' lang='grc' dir='ltr'><strong>λόγονκαὶ</strong></span> <span class='ocrx_word' id='word_1_199' title='bbox 3339 1600 3450 1655; x_wconf 85' lang='grc' dir='ltr'><strong>ἀπὸ</strong></span> <span class='ocrx_word' id='word_1_200' title='bbox 3504 1596 3592 1651; x_wconf 81' lang='grc' dir='ltr'><strong>τοῦ</strong></span> <span class='ocrx_word' id='word_1_201' title='bbox 3640 1595 3706 1666; x_wconf 84' lang='grc' dir='ltr'><strong>μὴ</strong></span> 
     </span>
    </p>
   </div>
   <div class='ocr_carea' id='block_1_31' title="bbox 462 1690 2018 1780">
    <p class='ocr_par' dir='ltr' id='par_1_31' title="bbox 462 1706 2018 1780">
     <span class='ocr_line' id='line_1_31' title="bbox 462 1706 2018 1780; baseline 0.001 -21"><span class='ocrx_word' id='word_1_202' title='bbox 462 1710 603 1780; x_wconf 80' lang='lat' dir='ltr'><strong>gatis</strong></span> <span class='ocrx_word' id='word_1_203' title='bbox 632 1723 735 1761; x_wconf 90' lang='lat' dir='ltr'><strong>non</strong></span> <span class='ocrx_word' id='word_1_204' title='bbox 764 1709 881 1761; x_wconf 59' lang='lat' dir='ltr'><strong>sila:</strong></span> <span class='ocrx_word' id='word_1_205' title='bbox 911 1709 1017 1761; x_wconf 88' lang='lat' dir='ltr'><strong>sint</strong></span> <span class='ocrx_word' id='word_1_206' title='bbox 1041 1706 1204 1776; x_wconf 87' lang='lat' dir='ltr'><strong>leges,</strong></span> <span class='ocrx_word' id='word_1_207' title='bbox 1235 1722 1351 1775; x_wconf 68' lang='lat' dir='ltr'><strong>qua:</strong></span> <span class='ocrx_word' id='word_1_208' title='bbox 1378 1706 1637 1762; x_wconf 82' lang='lat' dir='ltr'><strong>definiant</strong></span> <span class='ocrx_word' id='word_1_209' title='bbox 1657 1706 2018 1761; x_wconf 78' lang='lat' dir='ltr'><strong>Constantino-</strong></span> 
     </span>
    </p>
   </div>
   <div class='ocr_carea' id='block_1_32' title="bbox 2152 1690 3708 1780">
    <p class='ocr_par' dir='ltr' id='par_1_32' title="bbox 2152 1690 3708 1779">
     <span class='ocr_line' id='line_1_32' title="bbox 2152 1690 3708 1779; baseline -0.015 -15"><span class='ocrx_word' id='word_1_210' title='bbox 2152 1709 2601 1779; x_wconf 74' lang='grc' dir='ltr'><strong>καταστρωθῆναι</strong></span> <span class='ocrx_word' id='word_1_211' title='bbox 2629 1708 2707 1767; x_wconf 79' lang='grc' dir='ltr'><strong>εἰς</strong></span> <span class='ocrx_word' id='word_1_212' title='bbox 2734 1708 2800 1758; x_wconf 81' lang='grc' dir='ltr'><strong>τὰ</strong></span> <span class='ocrx_word' id='word_1_213' title='bbox 2844 1700 3210 1773; x_wconf 79' lang='grc' dir='ltr'><strong>βασιλικὰ,τὰ</strong></span> <span class='ocrx_word' id='word_1_214' title='bbox 3244 1690 3708 1765; x_wconf 75' lang='grc' dir='ltr'><strong>μεταγενεστέροις</strong></span> 
     </span>
    </p>
   </div>
   <div class='ocr_carea' id='block_1_33' title="bbox 452 1772 2008 1869">
    <p class='ocr_par' dir='ltr' id='par_1_33' title="bbox 452 1796 2008 1868">
     <span class='ocr_line' id='line_1_33' title="bbox 452 1796 2008 1868; baseline -0.001 -17"><span class='ocrx_word' id='word_1_215' title='bbox 452 1800 746 1868; x_wconf 81' lang='lat' dir='ltr'><strong>politanutn</strong></span> <span class='ocrx_word' id='word_1_216' title='bbox 804 1798 1263 1867; x_wconf 78' lang='lat' dir='ltr'><strong>archiepiscopum</strong></span> <span class='ocrx_word' id='word_1_217' title='bbox 1327 1798 1526 1851; x_wconf 85' lang='lat' dir='ltr'><strong>habere</strong></span> <span class='ocrx_word' id='word_1_218' title='bbox 1594 1796 1824 1851; x_wconf 82' lang='lat' dir='ltr'><strong>Romani</strong></span> <span class='ocrx_word' id='word_1_219' title='bbox 1887 1812 2008 1867; x_wconf 72' lang='lat' dir='ltr'><strong>papa</strong></span> 
     </span>
    </p>
   </div>
   <div class='ocr_carea' id='block_1_34' title="bbox 2151 1772 3707 1869">
    <p class='ocr_par' dir='ltr' id='par_1_34' title="bbox 2151 1780 3707 1869">
     <span class='ocr_line' id='line_1_34' title="bbox 2151 1780 3707 1869; baseline -0.016 -12"><span class='ocrx_word' id='word_1_220' title='bbox 2151 1803 2425 1857; x_wconf 75' lang='grc' dir='ltr'><strong>καταπολὺ</strong></span> <span class='ocrx_word' id='word_1_221' title='bbox 2475 1799 2869 1869; x_wconf 75' lang='grc' dir='ltr'><strong>συγγραφέντα</strong></span> <span class='ocrx_word' id='word_1_222' title='bbox 2926 1796 3023 1848; x_wconf 72' lang='grc' dir='ltr'><strong>καὶ</strong></span> <span class='ocrx_word' id='word_1_223' title='bbox 3066 1789 3549 1859; x_wconf 81' lang='grc' dir='ltr'><strong>ἀνακαθαρθέντα,</strong></span> <span class='ocrx_word' id='word_1_224' title='bbox 3593 1780 3707 1842; x_wconf 73' lang='grc' dir='ltr'><strong>τοὺς</strong></span> 
     </span>
    </p>
   </div>
   <div class='ocr_carea' id='block_1_35' title="bbox 453 1883 2009 1963">
    <p class='ocr_par' dir='ltr' id='par_1_35' title="bbox 453 1888 2007 1959">
     <span class='ocr_line' id='line_1_35' title="bbox 453 1888 2007 1959; baseline -0.003 -16"><span class='ocrx_word' id='word_1_225' title='bbox 453 1890 755 1959; x_wconf 82' lang='lat' dir='ltr'><strong>privilegia,</strong></span> <span class='ocrx_word' id='word_1_226' title='bbox 793 1888 1245 1957; x_wconf 80' lang='lat' dir='ltr'><strong>quemadmodum</strong></span> <span class='ocrx_word' id='word_1_227' title='bbox 1294 1899 1347 1942; x_wconf 81' lang='lat' dir='ltr'><strong>et</strong></span> <span class='ocrx_word' id='word_1_228' title='bbox 1387 1903 1484 1942; x_wconf 86' lang='lat' dir='ltr'><strong>nos</strong></span> <span class='ocrx_word' id='word_1_229' title='bbox 1528 1890 1593 1943; x_wconf 74' lang='lat' dir='ltr'><strong>&#39;ea</strong></span> <span class='ocrx_word' id='word_1_230' title='bbox 1648 1890 2007 1942; x_wconf 71' lang='grc' dir='ltr'><strong>ἀοι-Ιοτίινίιιιιι</strong></span> 
     </span>
    </p>
   </div>
   <div class='ocr_carea' id='block_1_36' title="bbox 2150 1883 3706 1963">
    <p class='ocr_par' dir='ltr' id='par_1_36' title="bbox 2150 1883 3706 1963">
     <span class='ocr_line' id='line_1_36' title="bbox 2150 1883 3706 1963; baseline -0.015 -15"><span class='ocrx_word' id='word_1_231' title='bbox 2150 1897 2344 1963; x_wconf 72' lang='grc' dir='ltr'><strong>νόμους</strong></span> <span class='ocrx_word' id='word_1_232' title='bbox 2374 1893 2499 1956; x_wconf 78' lang='grc' dir='ltr'><strong>τοὺς</strong></span> <span class='ocrx_word' id='word_1_233' title='bbox 2524 1891 2936 1961; x_wconf 75' lang='grc' dir='ltr'><strong>διοριζομένους</strong></span> <span class='ocrx_word' id='word_1_234' title='bbox 2967 1888 3113 1956; x_wconf 82' lang='grc' dir='ltr'><strong>ἔχειν</strong></span> <span class='ocrx_word' id='word_1_235' title='bbox 3144 1884 3238 1935; x_wconf 81' lang='grc' dir='ltr'><strong>τὸν</strong></span> <span class='ocrx_word' id='word_1_236' title='bbox 3273 1883 3706 1934; x_wconf 79' lang='grc' dir='ltr'><strong>Κωνσταντινου-</strong></span> 
     </span>
    </p>
   </div>
   <div class='ocr_carea' id='block_1_37' title="bbox 454 1963 2010 2054">
    <p class='ocr_par' dir='ltr' id='par_1_37' title="bbox 454 1980 2010 2052">
     <span class='ocr_line' id='line_1_37' title="bbox 454 1980 2010 2052; baseline -0.003 -15"><span class='ocrx_word' id='word_1_237' title='bbox 454 1983 509 2037; x_wconf 92' lang='lat' dir='ltr'><strong>iu</strong></span> <span class='ocrx_word' id='word_1_238' title='bbox 537 1984 713 2052; x_wconf 87' lang='lat' dir='ltr'><strong>primo</strong></span> <span class='ocrx_word' id='word_1_239' title='bbox 764 1997 883 2047; x_wconf 87' lang='lat' dir='ltr'><strong>cap.</strong></span> <span class='ocrx_word' id='word_1_240' title='bbox 932 1981 1018 2034; x_wconf 90' lang='lat' dir='ltr'><strong>tit.</strong></span> <span class='ocrx_word' id='word_1_241' title='bbox 1066 1980 1099 2035; x_wconf 88' lang='lat'>8</span> <span class='ocrx_word' id='word_1_242' title='bbox 1144 1984 1424 2048; x_wconf 65' lang='lat' dir='ltr'><strong>praesentis</strong></span> <span class='ocrx_word' id='word_1_243' title='bbox 1467 1983 1669 2051; x_wconf 87' lang='lat' dir='ltr'><strong>operis.</strong></span> <span class='ocrx_word' id='word_1_244' title='bbox 1747 1980 1861 2049; x_wconf 82' lang='lat' dir='ltr'><strong>Ego</strong></span> <span class='ocrx_word' id='word_1_245' title='bbox 1890 1996 2010 2034; x_wconf 77' lang='lat' dir='ltr'><strong>vero</strong></span> 
     </span>
    </p>
   </div>
   <div class='ocr_carea' id='block_1_38' title="bbox 2153 1963 3709 2054">
    <p class='ocr_par' dir='ltr' id='par_1_38' title="bbox 2153 1963 3709 2054">
     <span class='ocr_line' id='line_1_38' title="bbox 2153 1963 3709 2054; baseline -0.017 -13"><span class='ocrx_word' id='word_1_246' title='bbox 2153 1989 2350 2048; x_wconf 80' lang='grc' dir='ltr'><strong>πόλεως</strong></span> <span class='ocrx_word' id='word_1_247' title='bbox 2383 1984 2451 2038; x_wconf 87' lang='grc' dir='ltr'><strong>τὰ</strong></span> <span class='ocrx_word' id='word_1_248' title='bbox 2485 1983 2757 2054; x_wconf 87' lang='grc' dir='ltr'><strong>προνόμια</strong></span> <span class='ocrx_word' id='word_1_249' title='bbox 2785 1980 2879 2033; x_wconf 74' lang='grc' dir='ltr'><strong>τοῦ</strong></span> <span class='ocrx_word' id='word_1_250' title='bbox 2908 1979 3068 2032; x_wconf 83' lang='grc' dir='ltr'><strong>πάπα</strong></span> <span class='ocrx_word' id='word_1_251' title='bbox 3111 1975 3363 2044; x_wconf 82' lang='grc' dir='ltr'>Ῥώμης,</span> <span class='ocrx_word' id='word_1_252' title='bbox 3415 1967 3593 2030; x_wconf 76' lang='grc' dir='ltr'><strong>καθὼς</strong></span> <span class='ocrx_word' id='word_1_253' title='bbox 3625 1963 3709 2017; x_wconf 78' lang='grc' dir='ltr'><strong>καὶ</strong></span> 
     </span>
    </p>
   </div>
   <div class='ocr_carea' id='block_1_39' title="bbox 453 2061 2009 2151">
    <p class='ocr_par' dir='ltr' id='par_1_39' title="bbox 453 2071 2009 2141">
     <span class='ocr_line' id='line_1_39' title="bbox 453 2071 2009 2141; baseline -0.005 -12"><span class='ocrx_word' id='word_1_254' title='bbox 453 2090 576 2129; x_wconf 89' lang='lat' dir='ltr'><strong>cum</strong></span> <span class='ocrx_word' id='word_1_255' title='bbox 625 2072 1253 2141; x_wconf 87' lang='lat' dir='ltr'><strong>Constantinopolitauus</strong></span> <span class='ocrx_word' id='word_1_256' title='bbox 1293 2072 1429 2129; x_wconf 81' lang='lat' dir='ltr'><strong>civis</strong></span> <span class='ocrx_word' id='word_1_257' title='bbox 1476 2074 1580 2127; x_wconf 84' lang='lat' dir='ltr'><strong>sitn</strong></span> <span class='ocrx_word' id='word_1_258' title='bbox 1634 2071 2009 2141; x_wconf 69' lang='lat' dir='ltr'><strong>integerrimus</strong></span> 
     </span>
    </p>
   </div>
   <div class='ocr_carea' id='block_1_40' title="bbox 2151 2061 3707 2151">
    <p class='ocr_par' dir='ltr' id='par_1_40' title="bbox 2151 2061 3707 2151">
     <span class='ocr_line' id='line_1_40' title="bbox 2151 2061 3707 2151; baseline -0.014 -18"><span class='ocrx_word' id='word_1_259' title='bbox 2151 2082 2304 2151; x_wconf 71' lang='grc' dir='ltr'><strong>ἡμεῖς</strong></span> <span class='ocrx_word' id='word_1_260' title='bbox 2331 2076 2805 2147; x_wconf 78' lang='grc' dir='ltr'><strong>παρεδηλὼσαμεν</strong></span> <span class='ocrx_word' id='word_1_261' title='bbox 2841 2075 2908 2125; x_wconf 83' lang='grc' dir='ltr'><strong>τὰ</strong></span> <span class='ocrx_word' id='word_1_262' title='bbox 2938 2070 3069 2141; x_wconf 76' lang='grc' dir='ltr'><strong>περὶ</strong></span> <span class='ocrx_word' id='word_1_263' title='bbox 3091 2069 3288 2123; x_wconf 72' lang='grc' dir='ltr'><strong>τούτου</strong></span> <span class='ocrx_word' id='word_1_264' title='bbox 3320 2069 3378 2118; x_wconf 83' lang='grc' dir='ltr'><strong>ὲν</strong></span> <span class='ocrx_word' id='word_1_265' title='bbox 3400 2063 3475 2133; x_wconf 80' lang='grc' dir='ltr'><strong>τῷ</strong></span> <span class='ocrx_word' id='word_1_266' title='bbox 3497 2061 3545 2113; x_wconf 84' lang='grc' dir='ltr'><strong>α’</strong></span> <span class='ocrx_word' id='word_1_267' title='bbox 3590 2074 3707 2124; x_wconf 78' lang='grc' dir='ltr'><strong>κεφ.</strong></span> 
     </span>
    </p>
   </div>
   <div class='ocr_carea' id='block_1_41' title="bbox 453 2146 2009 2241">
    <p class='ocr_par' dir='ltr' id='par_1_41' title="bbox 453 2162 2009 2237">
     <span class='ocr_line' id='line_1_41' title="bbox 453 2162 2009 2237; baseline -0.003 -17"><span class='ocrx_word' id='word_1_268' title='bbox 453 2176 510 2220; x_wconf 85' lang='lat' dir='ltr'><strong>et</strong></span> <span class='ocrx_word' id='word_1_269' title='bbox 584 2162 1559 2237; x_wconf 79' lang='lat' dir='ltr'><strong>sanctissimiCoustantiuopolitani</strong></span> <span class='ocrx_word' id='word_1_270' title='bbox 1613 2163 1790 2217; x_wconf 89' lang='lat' dir='ltr'><strong>throni</strong></span> <span class='ocrx_word' id='word_1_271' title='bbox 1868 2162 2009 2216; x_wconf 82' lang='lat' dir='ltr'><strong>factu</strong></span> 
     </span>
    </p>
   </div>
   <div class='ocr_carea' id='block_1_42' title="bbox 2151 2146 3707 2241">
    <p class='ocr_par' dir='ltr' id='par_1_42' title="bbox 2151 2146 3707 2241">
     <span class='ocr_line' id='line_1_42' title="bbox 2151 2146 3707 2241; baseline -0.014 -17"><span class='ocrx_word' id='word_1_272' title='bbox 2151 2172 2235 2224; x_wconf 81' lang='grc' dir='ltr'><strong>τοῦ</strong></span> <span class='ocrx_word' id='word_1_273' title='bbox 2262 2169 2309 2241; x_wconf 88' lang='grc' dir='ltr'><strong>η’</strong></span> <span class='ocrx_word' id='word_1_274' title='bbox 2339 2170 2523 2222; x_wconf 85' lang='grc' dir='ltr'><strong>τίτλου</strong></span> <span class='ocrx_word' id='word_1_275' title='bbox 2552 2166 2646 2219; x_wconf 84' lang='grc' dir='ltr'><strong>τοῦ</strong></span> <span class='ocrx_word' id='word_1_276' title='bbox 2685 2164 2953 2235; x_wconf 82' lang='grc' dir='ltr'><strong>παρόντος</strong></span> <span class='ocrx_word' id='word_1_277' title='bbox 2986 2165 3403 2230; x_wconf 86' lang='grc' dir='ltr'><strong>συντάγματος.</strong></span> <span class='ocrx_word' id='word_1_278' title='bbox 3466 2148 3602 2220; x_wconf 74' lang='grc' dir='ltr'><strong>Ἐγὼ</strong></span> <span class='ocrx_word' id='word_1_279' title='bbox 3657 2146 3707 2201; x_wconf 68' lang='grc' dir='ltr'><strong>δὲ</strong></span> 
     </span>
    </p>
   </div>
   <div class='ocr_carea' id='block_1_43' title="bbox 457 2240 2013 2327">
    <p class='ocr_par' dir='ltr' id='par_1_43' title="bbox 457 2254 2013 2326">
     <span class='ocr_line' id='line_1_43' title="bbox 457 2254 2013 2326; baseline -0.001 -17"><span class='ocrx_word' id='word_1_280' title='bbox 457 2255 552 2310; x_wconf 84' lang='lat' dir='ltr'><strong>Dei</strong></span> <span class='ocrx_word' id='word_1_281' title='bbox 614 2258 785 2326; x_wconf 83' lang='lat' dir='ltr'><strong>gratia</strong></span> <span class='ocrx_word' id='word_1_282' title='bbox 847 2269 974 2323; x_wconf 83' lang='lat' dir='ltr'><strong>pars</strong></span> <span class='ocrx_word' id='word_1_283' title='bbox 1031 2255 1529 2323; x_wconf 86' lang='lat' dir='ltr'><strong>opportunissima,</strong></span> <span class='ocrx_word' id='word_1_284' title='bbox 1595 2254 1715 2307; x_wconf 80' lang='lat' dir='ltr'><strong>volo</strong></span> <span class='ocrx_word' id='word_1_285' title='bbox 1774 2264 1829 2309; x_wconf 88' lang='lat' dir='ltr'><strong>et</strong></span> <span class='ocrx_word' id='word_1_286' title='bbox 1888 2266 2013 2323; x_wconf 88' lang='lat' dir='ltr'><strong>opto</strong></span> 
     </span>
    </p>
   </div>
   <div class='ocr_carea' id='block_1_44' title="bbox 2148 2240 3704 2327">
    <p class='ocr_par' dir='ltr' id='par_1_44' title="bbox 2148 2240 3704 2327">
     <span class='ocr_line' id='line_1_44' title="bbox 2148 2240 3704 2327; baseline -0.015 -11"><span class='ocrx_word' id='word_1_287' title='bbox 2148 2259 2797 2327; x_wconf 82' lang='grc' dir='ltr'><strong>Κωνσταντινουπολίτης</strong></span> <span class='ocrx_word' id='word_1_288' title='bbox 2827 2256 2901 2309; x_wconf 79' lang='grc' dir='ltr'><strong>ὢν</strong></span> <span class='ocrx_word' id='word_1_289' title='bbox 2934 2254 3440 2324; x_wconf 73' lang='grc' dir='ltr'><strong>ἁκραιφνέστοτος,</strong></span> <span class='ocrx_word' id='word_1_290' title='bbox 3492 2244 3585 2299; x_wconf 57' lang='grc' dir='ltr'><strong>καὶ⁸</strong></span> <span class='ocrx_word' id='word_1_291' title='bbox 3622 2240 3704 2293; x_wconf 78' lang='grc' dir='ltr'><strong>τοῦ</strong></span> 
     </span>
    </p>
   </div>
   <div class='ocr_carea' id='block_1_45' title="bbox 460 2339 2016 2424">
    <p class='ocr_par' dir='ltr' id='par_1_45' title="bbox 460 2347 2016 2417">
     <span class='ocr_line' id='line_1_45' title="bbox 460 2347 2016 2417; baseline 0.001 -18"><span class='ocrx_word' id='word_1_292' title='bbox 460 2359 517 2402; x_wconf 86' lang='grc' dir='ltr'><strong>ιιι</strong></span> <span class='ocrx_word' id='word_1_293' title='bbox 547 2348 994 2417; x_wconf 82' lang='lat' dir='ltr'><strong>archiepisc0pus</strong></span> <span class='ocrx_word' id='word_1_294' title='bbox 1024 2347 1677 2416; x_wconf 74' lang='lat' dir='ltr'><strong>(Ioustautiuopolitauus,</strong></span> <span class='ocrx_word' id='word_1_295' title='bbox 1702 2348 1838 2403; x_wconf 88' lang='lat' dir='ltr'><strong>citra</strong></span> <span class='ocrx_word' id='word_1_296' title='bbox 1873 2349 2016 2403; x_wconf 91' lang='lat' dir='ltr'><strong>ulluu</strong></span> 
     </span>
    </p>
   </div>
   <div class='ocr_carea' id='block_1_46' title="bbox 2154 2339 3710 2424">
    <p class='ocr_par' dir='ltr' id='par_1_46' title="bbox 2154 2339 3710 2424">
     <span class='ocr_line' id='line_1_46' title="bbox 2154 2339 3710 2424; baseline -0.014 -13"><span class='ocrx_word' id='word_1_297' title='bbox 2154 2357 2455 2424; x_wconf 65' lang='grc' dir='ltr'><strong>ὶγιωτάτου</strong></span> <span class='ocrx_word' id='word_1_298' title='bbox 2480 2353 2671 2423; x_wconf 80' lang='grc' dir='ltr'><strong>θρόνου</strong></span> <span class='ocrx_word' id='word_1_299' title='bbox 2707 2352 2806 2420; x_wconf 71' lang='grc' dir='ltr'><strong>τῆς</strong></span> <span class='ocrx_word' id='word_1_300' title='bbox 2852 2343 3485 2405; x_wconf 76' lang='grc' dir='ltr'><strong>Κωνσταντινουπόλεως</strong></span> <span class='ocrx_word' id='word_1_301' title='bbox 3562 2339 3710 2409; x_wconf 79' lang='grc' dir='ltr'><strong>μέρος</strong></span> 
     </span>
    </p>
   </div>
   <div class='ocr_carea' id='block_1_47' title="bbox 460 2428 2016 2515">
    <p class='ocr_par' dir='ltr' id='par_1_47' title="bbox 460 2436 2016 2507">
     <span class='ocr_line' id='line_1_47' title="bbox 460 2436 2016 2507; baseline -0.001 -15"><span class='ocrx_word' id='word_1_302' title='bbox 460 2446 637 2492; x_wconf 90' lang='lat' dir='ltr'><strong>tamen</strong></span> <span class='ocrx_word' id='word_1_303' title='bbox 664 2437 1065 2502; x_wconf 68' lang='lat' dir='ltr'><strong>offendiculum,</strong></span> <span class='ocrx_word' id='word_1_304' title='bbox 1121 2437 1321 2491; x_wconf 80' lang='lat' dir='ltr'><strong>habent</strong></span> <span class='ocrx_word' id='word_1_305' title='bbox 1360 2437 1537 2491; x_wconf 89' lang='lat' dir='ltr'><strong>omnia</strong></span> <span class='ocrx_word' id='word_1_306' title='bbox 1569 2436 1869 2507; x_wconf 81' lang='lat' dir='ltr'><strong>privilegia,</strong></span> <span class='ocrx_word' id='word_1_307' title='bbox 1923 2452 2016 2506; x_wconf 79' lang='lat' dir='ltr'><strong>qua</strong></span> 
     </span>
    </p>
   </div>
   <div class='ocr_carea' id='block_1_48' title="bbox 2152 2428 3708 2515">
    <p class='ocr_par' dir='ltr' id='par_1_48' title="bbox 2152 2428 3708 2515">
     <span class='ocr_line' id='line_1_48' title="bbox 2152 2428 3708 2515; baseline -0.012 -18"><span class='ocrx_word' id='word_1_308' title='bbox 2152 2442 2379 2515; x_wconf 82' lang='grc' dir='ltr'><strong>γεγονὼς</strong></span> <span class='ocrx_word' id='word_1_309' title='bbox 2408 2446 2475 2511; x_wconf 80' lang='grc' dir='ltr'><strong>τῇ</strong></span> <span class='ocrx_word' id='word_1_310' title='bbox 2510 2442 2692 2511; x_wconf 83' lang='grc' dir='ltr'><strong>χάριτι</strong></span> <span class='ocrx_word' id='word_1_311' title='bbox 2725 2440 2816 2492; x_wconf 82' lang='grc' dir='ltr'><strong>τοῦ</strong></span> <span class='ocrx_word' id='word_1_312' title='bbox 2853 2438 2988 2491; x_wconf 81' lang='grc' dir='ltr'><strong>Θεοῦ</strong></span> <span class='ocrx_word' id='word_1_313' title='bbox 3038 2436 3431 2506; x_wconf 81' lang='grc' dir='ltr'><strong>καιριώτατον,</strong></span> <span class='ocrx_word' id='word_1_314' title='bbox 3465 2431 3596 2483; x_wconf 78' lang='grc' dir='ltr'><strong>θέλω</strong></span> <span class='ocrx_word' id='word_1_315' title='bbox 3625 2428 3708 2479; x_wconf 74' lang='grc' dir='ltr'><strong>καὶ</strong></span> 
     </span>
    </p>
   </div>
   <div class='ocr_carea' id='block_1_49' title="bbox 461 2520 2017 2605">
    <p class='ocr_par' dir='ltr' id='par_1_49' title="bbox 461 2528 1932 2583">
     <span class='ocr_line' id='line_1_49' title="bbox 461 2528 1932 2583; baseline 0.003 -4"><span class='ocrx_word' id='word_1_316' title='bbox 461 2542 493 2579; x_wconf 86' lang='lat' dir='ltr'><strong>a</strong></span> <span class='ocrx_word' id='word_1_317' title='bbox 520 2528 715 2581; x_wconf 77' lang='lat' dir='ltr'><strong>divinis</strong></span> <span class='ocrx_word' id='word_1_318' title='bbox 743 2528 1042 2581; x_wconf 85' lang='lat' dir='ltr'><strong>canonibus</strong></span> <span class='ocrx_word' id='word_1_319' title='bbox 1070 2538 1197 2581; x_wconf 81' lang='lat' dir='ltr'><strong>sunt</strong></span> <span class='ocrx_word' id='word_1_320' title='bbox 1224 2528 1295 2580; x_wconf 88' lang='lat' dir='ltr'><strong>illi</strong></span> <span class='ocrx_word' id='word_1_321' title='bbox 1327 2528 1621 2581; x_wconf 83' lang='lat' dir='ltr'><strong>honorifice</strong></span> <span class='ocrx_word' id='word_1_322' title='bbox 1646 2542 1932 2583; x_wconf 84' lang='lat' dir='ltr'><strong>concessa.</strong></span> 
     </span>
    </p>
   </div>
   <div class='ocr_carea' id='block_1_50' title="bbox 2152 2520 3708 2605">
    <p class='ocr_par' dir='ltr' id='par_1_50' title="bbox 2152 2520 3708 2605">
     <span class='ocr_line' id='line_1_50' title="bbox 2152 2520 3708 2605; baseline -0.009 -16"><span class='ocrx_word' id='word_1_323' title='bbox 2152 2536 2374 2605; x_wconf 70' lang='grc' dir='ltr'><strong>εὔχομαι</strong></span> <span class='ocrx_word' id='word_1_324' title='bbox 2408 2533 2555 2603; x_wconf 83' lang='grc' dir='ltr'><strong>ἔχειν</strong></span> <span class='ocrx_word' id='word_1_325' title='bbox 2594 2533 2687 2586; x_wconf 79' lang='grc' dir='ltr'><strong>τὸν</strong></span> <span class='ocrx_word' id='word_1_326' title='bbox 2728 2527 3375 2588; x_wconf 80' lang='grc' dir='ltr'><strong>Κωνσταντινουπόλεως</strong></span> <span class='ocrx_word' id='word_1_327' title='bbox 3454 2520 3708 2578; x_wconf 78' lang='grc' dir='ltr'><strong>ἀσκανδα-</strong></span> 
     </span>
    </p>
   </div>
   <div class='ocr_carea' id='block_1_51' title="bbox 2141 2613 3711 2693">
    <p class='ocr_par' dir='ltr' id='par_1_51' title="bbox 2141 2613 3711 2693">
     <span class='ocr_line' id='line_1_51' title="bbox 2141 2613 3711 2693; baseline -0.01 -14"><span class='ocrx_word' id='word_1_328' title='bbox 2141 2627 2339 2687; x_wconf 87' lang='grc' dir='ltr'><strong>λίστως</strong></span> <span class='ocrx_word' id='word_1_329' title='bbox 2363 2624 2542 2676; x_wconf 85' lang='grc' dir='ltr'><strong>πάντα</strong></span> <span class='ocrx_word' id='word_1_330' title='bbox 2587 2624 2654 2676; x_wconf 71' lang='grc' dir='ltr'><strong>τὰ</strong></span> <span class='ocrx_word' id='word_1_331' title='bbox 2682 2624 2836 2693; x_wconf 75' lang='grc' dir='ltr'><strong>παρα</strong></span> <span class='ocrx_word' id='word_1_332' title='bbox 2866 2622 2978 2675; x_wconf 86' lang='grc' dir='ltr'><strong>τῶν</strong></span> <span class='ocrx_word' id='word_1_333' title='bbox 3009 2621 3170 2675; x_wconf 92' lang='grc' dir='ltr'><strong>θείων</strong></span> <span class='ocrx_word' id='word_1_334' title='bbox 3194 2619 3444 2674; x_wconf 86' lang='grc' dir='ltr'>κανόνων</span> <span class='ocrx_word' id='word_1_335' title='bbox 3522 2613 3711 2682; x_wconf 74' lang='grc' dir='ltr'><strong>φιλοτι-</strong></span> 
     </span>
    </p>
   </div>
   <div class='ocr_carea' id='block_1_52' title="bbox 2148 2715 2901 2788">
    <p class='ocr_par' dir='ltr' id='par_1_52' title="bbox 2148 2715 2901 2788">
     <span class='ocr_line' id='line_1_52' title="bbox 2148 2715 2901 2788; baseline -0.001 -19"><span class='ocrx_word' id='word_1_336' title='bbox 2148 2718 2389 2788; x_wconf 78' lang='grc' dir='ltr'><strong>μηθέντα</strong></span> <span class='ocrx_word' id='word_1_337' title='bbox 2425 2715 2574 2784; x_wconf 81' lang='grc' dir='ltr'><strong>αὐτῷ</strong></span> <span class='ocrx_word' id='word_1_338' title='bbox 2600 2716 2901 2785; x_wconf 80' lang='grc' dir='ltr'><strong>προνόμια.</strong></span> 
     </span>
    </p>
   </div>
   <div class='ocr_carea' id='block_1_53' title="bbox 529 2804 2085 2881">
    <p class='ocr_par' dir='ltr' id='par_1_53' title="bbox 529 2809 2044 2881">
     <span class='ocr_line' id='line_1_53' title="bbox 529 2809 2044 2881; baseline 0.001 -17"><span class='ocrx_word' id='word_1_339' title='bbox 529 2809 782 2867; x_wconf 76' lang='lat' dir='ltr'><strong>ZONAR.</strong></span> <span class='ocrx_word' id='word_1_340' title='bbox 842 2810 1455 2881; x_wconf 70' lang='lat' dir='ltr'><strong>Constantinopolitanae</strong></span> <span class='ocrx_word' id='word_1_341' title='bbox 1486 2812 1633 2865; x_wconf 88' lang='lat' dir='ltr'><strong>urbis</strong></span> <span class='ocrx_word' id='word_1_342' title='bbox 1664 2811 1919 2865; x_wconf 84' lang='lat' dir='ltr'><strong>thronum</strong></span> <span class='ocrx_word' id='word_1_343' title='bbox 1947 2830 2044 2866; x_wconf 90' lang='lat' dir='ltr'><strong>an-</strong></span> 
     </span>
    </p>
   </div>
   <div class='ocr_carea' id='block_1_54' title="bbox 2152 2804 3708 2881">
    <p class='ocr_par' dir='ltr' id='par_1_54' title="bbox 2220 2804 3708 2873">
     <span class='ocr_line' id='line_1_54' title="bbox 2220 2804 3708 2873; baseline -0.004 -12"><span class='ocrx_word' id='word_1_344' title='bbox 2220 2808 2470 2861; x_wconf 80' lang='grc' dir='ltr'><strong>ΖΩΝΑΡ.</strong></span> <span class='ocrx_word' id='word_1_345' title='bbox 2510 2807 2961 2870; x_wconf 80' lang='grc' dir='ltr'><strong>Βιάζονταίτινες</strong></span> <span class='ocrx_word' id='word_1_346' title='bbox 2989 2805 3430 2870; x_wconf 77' lang='grc' dir='ltr'><strong>κατασκευάζειν</strong></span> <span class='ocrx_word' id='word_1_347' title='bbox 3460 2804 3534 2873; x_wconf 82' lang='grc' dir='ltr'><strong>μὴ</strong></span> <span class='ocrx_word' id='word_1_348' title='bbox 3566 2804 3708 2857; x_wconf 82' lang='grc' dir='ltr'><strong>ἐλατ-</strong></span> 
     </span>
    </p>
   </div>
   <div class='ocr_carea' id='block_1_55' title="bbox 466 2896 2022 2973">
    <p class='ocr_par' dir='ltr' id='par_1_55' title="bbox 466 2903 2021 2973">
     <span class='ocr_line' id='line_1_55' title="bbox 466 2903 2021 2973; baseline -0.001 -13"><span class='ocrx_word' id='word_1_349' title='bbox 466 2906 630 2973; x_wconf 72' lang='grc' dir='ltr'><strong>ιίιιυεε</strong></span> <span class='ocrx_word' id='word_1_350' title='bbox 663 2903 847 2958; x_wconf 66' lang='lat' dir='ltr'><strong>Boium</strong></span> <span class='ocrx_word' id='word_1_351' title='bbox 889 2905 1080 2958; x_wconf 82' lang='lat' dir='ltr'><strong>throno</strong></span> <span class='ocrx_word' id='word_1_352' title='bbox 1114 2906 1261 2957; x_wconf 86' lang='lat' dir='ltr'><strong>nullo</strong></span> <span class='ocrx_word' id='word_1_353' title='bbox 1309 2914 1466 2973; x_wconf 90' lang='lat' dir='ltr'><strong>pacto</strong></span> <span class='ocrx_word' id='word_1_354' title='bbox 1519 2903 1781 2972; x_wconf 87' lang='lat' dir='ltr'><strong>dignitate</strong></span> <span class='ocrx_word' id='word_1_355' title='bbox 1827 2908 2021 2959; x_wconf 77' lang='lat' dir='ltr'><strong>cedere</strong></span> 
     </span>
    </p>
   </div>
   <div class='ocr_carea' id='block_1_56' title="bbox 2153 2896 3709 2973">
    <p class='ocr_par' dir='ltr' id='par_1_56' title="bbox 2153 2896 3709 2969">
     <span class='ocr_line' id='line_1_56' title="bbox 2153 2896 3709 2969; baseline -0.004 -15"><span class='ocrx_word' id='word_1_356' title='bbox 2153 2900 2371 2954; x_wconf 76' lang='grc' dir='ltr'><strong>τοῦσθαι</strong></span> <span class='ocrx_word' id='word_1_357' title='bbox 2439 2902 2507 2968; x_wconf 82' lang='grc' dir='ltr'><strong>τῇ</strong></span> <span class='ocrx_word' id='word_1_358' title='bbox 2570 2905 2705 2969; x_wconf 79' lang='grc' dir='ltr'><strong>τιμῇ</strong></span> <span class='ocrx_word' id='word_1_359' title='bbox 2760 2900 2850 2951; x_wconf 76' lang='grc' dir='ltr'><strong>τὸν</strong></span> <span class='ocrx_word' id='word_1_360' title='bbox 2938 2898 3039 2966; x_wconf 81' lang='grc' dir='ltr'><strong>τῆς</strong></span> <span class='ocrx_word' id='word_1_361' title='bbox 3083 2896 3709 2961; x_wconf 68' lang='grc' dir='ltr'><strong>έΚωνσταντινουπόλεως</strong></span> 
     </span>
    </p>
   </div>
   <div class='ocr_carea' id='block_1_57' title="bbox 466 2985 2022 3067">
    <p class='ocr_par' dir='ltr' id='par_1_57' title="bbox 466 2996 2019 3067">
     <span class='ocr_line' id='line_1_57' title="bbox 466 2996 2019 3067; baseline -0.002 -15"><span class='ocrx_word' id='word_1_362' title='bbox 466 3001 559 3053; x_wconf 82' lang='lat' dir='ltr'><strong>sed</strong></span> <span class='ocrx_word' id='word_1_363' title='bbox 594 2998 888 3067; x_wconf 72' lang='lat' dir='ltr'><strong>aequalibus</strong></span> <span class='ocrx_word' id='word_1_364' title='bbox 940 2997 1012 3050; x_wconf 83' lang='lat' dir='ltr'><strong>illi</strong></span> <span class='ocrx_word' id='word_1_365' title='bbox 1059 2998 1428 3067; x_wconf 79' lang='lat' dir='ltr'><strong>praerogativis</strong></span> <span class='ocrx_word' id='word_1_366' title='bbox 1476 2998 1817 3050; x_wconf 80' lang='lat' dir='ltr'><strong>honestatmn</strong></span> <span class='ocrx_word' id='word_1_367' title='bbox 1852 2996 2019 3051; x_wconf 88' lang='lat' dir='ltr'><strong>fuisse</strong></span> 
     </span>
    </p>
   </div>
   <div class='ocr_carea' id='block_1_58' title="bbox 2153 2985 3709 3067">
    <p class='ocr_par' dir='ltr' id='par_1_58' title="bbox 2153 2985 3709 3062">
     <span class='ocr_line' id='line_1_58' title="bbox 2153 2985 3709 3062; baseline -0.004 -17"><span class='ocrx_word' id='word_1_368' title='bbox 2153 2993 2339 3062; x_wconf 81' lang='grc' dir='ltr'><strong>θρόνον</strong></span> <span class='ocrx_word' id='word_1_369' title='bbox 2365 2990 2459 3044; x_wconf 76' lang='grc' dir='ltr'><strong>τοῦ</strong></span> <span class='ocrx_word' id='word_1_370' title='bbox 2495 2991 2690 3061; x_wconf 90' lang='grc' dir='ltr'><strong>θρόνου</strong></span> <span class='ocrx_word' id='word_1_371' title='bbox 2718 2991 2821 3060; x_wconf 75' lang='grc' dir='ltr'><strong>τῆς</strong></span> <span class='ocrx_word' id='word_1_372' title='bbox 2847 2990 3238 3061; x_wconf 83' lang='grc' dir='ltr'><strong>πρεσϐυτέρας</strong></span> <span class='ocrx_word' id='word_1_373' title='bbox 3308 2990 3556 3058; x_wconf 82' lang='grc' dir='ltr'><strong>Ῥώμης,</strong></span> <span class='ocrx_word' id='word_1_374' title='bbox 3588 2985 3709 3041; x_wconf 72' lang='grc' dir='ltr'><strong>ἀλλὰ</strong></span> 
     </span>
    </p>
   </div>
   <div class='ocr_carea' id='block_1_59' title="bbox 468 3083 2024 3164">
    <p class='ocr_par' dir='ltr' id='par_1_59' title="bbox 468 3088 2024 3158">
     <span class='ocr_line' id='line_1_59' title="bbox 468 3088 2024 3158; baseline 0 -16"><span class='ocrx_word' id='word_1_375' title='bbox 468 3107 573 3142; x_wconf 87' lang='grc' dir='ltr'><strong>ιιυιι</strong></span> <span class='ocrx_word' id='word_1_376' title='bbox 635 3102 763 3143; x_wconf 83' lang='lat' dir='ltr'><strong>sunt</strong></span> <span class='ocrx_word' id='word_1_377' title='bbox 804 3090 893 3158; x_wconf 84' lang='lat' dir='ltr'><strong>qui</strong></span> <span class='ocrx_word' id='word_1_378' title='bbox 952 3090 1202 3144; x_wconf 79' lang='lat' dir='ltr'><strong>evincere</strong></span> <span class='ocrx_word' id='word_1_379' title='bbox 1253 3091 1602 3144; x_wconf 81' lang='lat' dir='ltr'><strong>contendant.</strong></span> <span class='ocrx_word' id='word_1_380' title='bbox 1684 3088 1882 3142; x_wconf 85' lang='lat' dir='ltr'><strong>Verum</strong></span> <span class='ocrx_word' id='word_1_381' title='bbox 1931 3090 2024 3143; x_wconf 77' lang='lat' dir='ltr'><strong>luet</strong></span> 
     </span>
    </p>
   </div>
   <div class='ocr_carea' id='block_1_60' title="bbox 2151 3083 3707 3164">
    <p class='ocr_par' dir='ltr' id='par_1_60' title="bbox 2151 3083 3707 3156">
     <span class='ocr_line' id='line_1_60' title="bbox 2151 3083 3707 3156; baseline -0.004 -15"><span class='ocrx_word' id='word_1_382' title='bbox 2151 3088 2257 3141; x_wconf 85' lang='grc' dir='ltr'><strong>τῶν</strong></span> <span class='ocrx_word' id='word_1_383' title='bbox 2306 3087 2437 3140; x_wconf 73' lang='grc' dir='ltr'><strong>ἴσων</strong></span> <span class='ocrx_word' id='word_1_384' title='bbox 2490 3086 2793 3156; x_wconf 83' lang='grc' dir='ltr'><strong>πρεσϐείων</strong></span> <span class='ocrx_word' id='word_1_385' title='bbox 2842 3086 3029 3156; x_wconf 80' lang='grc' dir='ltr'><strong>ἐκείνῃ</strong></span> <span class='ocrx_word' id='word_1_386' title='bbox 3098 3083 3524 3139; x_wconf 83' lang='grc' dir='ltr'><strong>καταπολαύειν.</strong></span> <span class='ocrx_word' id='word_1_387' title='bbox 3585 3083 3707 3149; x_wconf 79' lang='grc' dir='ltr'><strong>Ἤδη</strong></span> 
     </span>
    </p>
   </div>
   <div class='ocr_carea' id='block_1_61' title="bbox 468 3175 2024 3251">
    <p class='ocr_par' dir='ltr' id='par_1_61' title="bbox 468 3181 2024 3251">
     <span class='ocr_line' id='line_1_61' title="bbox 468 3181 2024 3251; baseline -0.003 -16"><span class='ocrx_word' id='word_1_388' title='bbox 468 3181 835 3235; x_wconf 82' lang='lat' dir='ltr'><strong>controversia</strong></span> <span class='ocrx_word' id='word_1_389' title='bbox 881 3183 1127 3235; x_wconf 72' lang='lat' dir='ltr'><strong>secunda:</strong></span> <span class='ocrx_word' id='word_1_390' title='bbox 1186 3181 1378 3251; x_wconf 76' lang='lat' dir='ltr'><strong>synodi</strong></span> <span class='ocrx_word' id='word_1_391' title='bbox 1448 3182 1605 3235; x_wconf 83' lang='lat' dir='ltr'><strong>tertio</strong></span> <span class='ocrx_word' id='word_1_392' title='bbox 1657 3195 1865 3236; x_wconf 90' lang='lat' dir='ltr'><strong>cau0ne</strong></span> <span class='ocrx_word' id='word_1_393' title='bbox 1912 3181 2024 3236; x_wconf 70' lang='lat' dir='ltr'><strong>sati:</strong></span> 
     </span>
    </p>
   </div>
   <div class='ocr_carea' id='block_1_62' title="bbox 2154 3175 3710 3251">
    <p class='ocr_par' dir='ltr' id='par_1_62' title="bbox 2154 3175 3710 3249">
     <span class='ocr_line' id='line_1_62' title="bbox 2154 3175 3710 3249; baseline -0.004 -16"><span class='ocrx_word' id='word_1_394' title='bbox 2154 3179 2256 3249; x_wconf 87' lang='grc' dir='ltr'><strong>μέν</strong></span> <span class='ocrx_word' id='word_1_395' title='bbox 2289 3175 2382 3232; x_wconf 80' lang='grc' dir='ltr'><strong>οὖν</strong></span> <span class='ocrx_word' id='word_1_396' title='bbox 2413 3181 2470 3233; x_wconf 89' lang='grc' dir='ltr'><strong>ἐν</strong></span> <span class='ocrx_word' id='word_1_397' title='bbox 2502 3179 2579 3247; x_wconf 84' lang='grc' dir='ltr'><strong>τῷ</strong></span> <span class='ocrx_word' id='word_1_398' title='bbox 2620 3177 2669 3245; x_wconf 87' lang='grc' dir='ltr'><strong>γ’</strong></span> <span class='ocrx_word' id='word_1_399' title='bbox 2696 3178 2881 3232; x_wconf 77' lang='grc' dir='ltr'><strong>κανόνι</strong></span> <span class='ocrx_word' id='word_1_400' title='bbox 2916 3177 3014 3247; x_wconf 82' lang='grc' dir='ltr'><strong>τῆς</strong></span> <span class='ocrx_word' id='word_1_401' title='bbox 3061 3176 3323 3247; x_wconf 74' lang='grc' dir='ltr'><strong>δευτέρας</strong></span> <span class='ocrx_word' id='word_1_402' title='bbox 3386 3177 3593 3231; x_wconf 84' lang='grc' dir='ltr'><strong>συνόδου</strong></span> <span class='ocrx_word' id='word_1_403' title='bbox 3645 3178 3710 3227; x_wconf 79' lang='grc' dir='ltr'><strong>εί-</strong></span> 
     </span>
    </p>
   </div>
   <div class='ocr_carea' id='block_1_63' title="bbox 463 3268 2019 3342">
    <p class='ocr_par' dir='ltr' id='par_1_63' title="bbox 463 3271 2019 3341">
     <span class='ocr_line' id='line_1_63' title="bbox 463 3271 2019 3341; baseline 0.001 -18"><span class='ocrx_word' id='word_1_404' title='bbox 463 3272 575 3339; x_wconf 88' lang='lat' dir='ltr'><strong>jam</strong></span> <span class='ocrx_word' id='word_1_405' title='bbox 601 3271 868 3341; x_wconf 79' lang='lat' dir='ltr'><strong>explicata</strong></span> <span class='ocrx_word' id='word_1_406' title='bbox 897 3282 1000 3336; x_wconf 89' lang='lat' dir='ltr'><strong>est,</strong></span> <span class='ocrx_word' id='word_1_407' title='bbox 1055 3272 1482 3340; x_wconf 85' lang='lat' dir='ltr'><strong>ltallucinarique</strong></span> <span class='ocrx_word' id='word_1_408' title='bbox 1514 3273 1567 3324; x_wconf 92' lang='lat' dir='ltr'><strong>in</strong></span> <span class='ocrx_word' id='word_1_409' title='bbox 1609 3287 1670 3324; x_wconf 89' lang='lat' dir='ltr'><strong>ea</strong></span> <span class='ocrx_word' id='word_1_410' title='bbox 1706 3288 1762 3325; x_wconf 90' lang='lat' dir='ltr'><strong>re</strong></span> <span class='ocrx_word' id='word_1_411' title='bbox 1781 3271 2019 3341; x_wconf 88' lang='lat' dir='ltr'><strong>ejusmod</strong></span> 
     </span>
    </p>
   </div>
   <div class='ocr_carea' id='block_1_64' title="bbox 2154 3268 3710 3342">
    <p class='ocr_par' dir='ltr' id='par_1_64' title="bbox 2154 3268 3710 3342">
     <span class='ocr_line' id='line_1_64' title="bbox 2154 3268 3710 3342; baseline -0.003 -19"><span class='ocrx_word' id='word_1_412' title='bbox 2154 3288 2314 3342; x_wconf 86' lang='grc' dir='ltr'><strong>ρηται</strong></span> <span class='ocrx_word' id='word_1_413' title='bbox 2344 3270 2472 3340; x_wconf 73' lang='grc' dir='ltr'><strong>περὶ</strong></span> <span class='ocrx_word' id='word_1_414' title='bbox 2498 3269 2707 3332; x_wconf 79' lang='grc' dir='ltr'><strong>τούτου,</strong></span> <span class='ocrx_word' id='word_1_415' title='bbox 2751 3270 2849 3322; x_wconf 60' lang='grc' dir='ltr'><strong>καὶ⁵</strong></span> <span class='ocrx_word' id='word_1_416' title='bbox 2894 3268 3273 3323; x_wconf 78' lang='grc' dir='ltr'><strong>ἀποδέδεικται</strong></span> <span class='ocrx_word' id='word_1_417' title='bbox 3341 3270 3419 3340; x_wconf 80' lang='grc' dir='ltr'><strong>μὴ</strong></span> <span class='ocrx_word' id='word_1_418' title='bbox 3459 3269 3710 3337; x_wconf 80' lang='grc' dir='ltr'><strong>εὐστόχως</strong></span> 
     </span>
    </p>
   </div>
   <div class='ocr_carea' id='block_1_65' title="bbox 470 3360 2026 3432">
    <p class='ocr_par' dir='ltr' id='par_1_65' title="bbox 470 3363 2026 3432">
     <span class='ocr_line' id='line_1_65' title="bbox 470 3363 2026 3432; baseline -0.001 -15"><span class='ocrx_word' id='word_1_419' title='bbox 470 3364 717 3417; x_wconf 86' lang='lat' dir='ltr'><strong>homines</strong></span> <span class='ocrx_word' id='word_1_420' title='bbox 774 3363 1242 3428; x_wconf 88' lang='lat' dir='ltr'><strong>demonstratum;</strong></span> <span class='ocrx_word' id='word_1_421' title='bbox 1297 3378 1456 3431; x_wconf 91' lang='lat' dir='ltr'><strong>quem</strong></span> <span class='ocrx_word' id='word_1_422' title='bbox 1516 3363 1691 3418; x_wconf 89' lang='lat' dir='ltr'><strong>locum</strong></span> <span class='ocrx_word' id='word_1_423' title='bbox 1744 3367 2026 3432; x_wconf 82' lang='lat' dir='ltr'><strong>quicunqm</strong></span> 
     </span>
    </p>
   </div>
   <div class='ocr_carea' id='block_1_66' title="bbox 2154 3360 3710 3432">
    <p class='ocr_par' dir='ltr' id='par_1_66' title="bbox 2154 3360 3710 3431">
     <span class='ocr_line' id='line_1_66' title="bbox 2154 3360 3710 3431; baseline -0.002 -18"><span class='ocrx_word' id='word_1_424' title='bbox 2154 3362 2394 3423; x_wconf 73' lang='grc' dir='ltr'><strong>ἐκείνους</strong></span> <span class='ocrx_word' id='word_1_425' title='bbox 2446 3360 2626 3429; x_wconf 85' lang='grc' dir='ltr'><strong>λέγειν</strong></span> <span class='ocrx_word' id='word_1_426' title='bbox 2656 3377 2669 3389; x_wconf 85' lang='grc'><strong>·</strong></span> <span class='ocrx_word' id='word_1_427' title='bbox 2728 3363 2822 3413; x_wconf 75' lang='grc' dir='ltr'><strong>καὶ</strong></span> <span class='ocrx_word' id='word_1_428' title='bbox 2864 3361 3124 3431; x_wconf 79' lang='grc' dir='ltr'><strong>ζητητέον</strong></span> <span class='ocrx_word' id='word_1_429' title='bbox 3185 3362 3254 3414; x_wconf 74' lang='grc' dir='ltr'><strong>τὰ</strong></span> <span class='ocrx_word' id='word_1_430' title='bbox 3308 3364 3424 3415; x_wconf 86' lang='grc' dir='ltr'><strong>ἐκεῖ</strong></span> <span class='ocrx_word' id='word_1_431' title='bbox 3464 3362 3710 3430; x_wconf 81' lang='grc' dir='ltr'><strong>είρημένα</strong></span> 
     </span>
    </p>
   </div>
   <div class='ocr_carea' id='block_1_67' title="bbox 471 3450 2027 3525">
    <p class='ocr_par' dir='ltr' id='par_1_67' title="bbox 471 3455 2027 3521">
     <span class='ocr_line' id='line_1_67' title="bbox 471 3455 2027 3521; baseline -0.001 -14"><span class='ocrx_word' id='word_1_432' title='bbox 471 3455 955 3518; x_wconf 78' lang='lat' dir='ltr'><strong>animadverterit,</strong></span> <span class='ocrx_word' id='word_1_433' title='bbox 1022 3456 1221 3521; x_wconf 78' lang='lat' dir='ltr'><strong>regiam</strong></span> <span class='ocrx_word' id='word_1_434' title='bbox 1285 3456 1426 3508; x_wconf 87' lang='lat' dir='ltr'><strong>hanc</strong></span> <span class='ocrx_word' id='word_1_435' title='bbox 1492 3456 1679 3507; x_wconf 85' lang='lat' dir='ltr'><strong>urbem</strong></span> <span class='ocrx_word' id='word_1_436' title='bbox 1752 3456 2027 3507; x_wconf 87' lang='lat' dir='ltr'><strong>secundan</strong></span> 
     </span>
    </p>
   </div>
   <div class='ocr_carea' id='block_1_68' title="bbox 2154 3450 3710 3525">
    <p class='ocr_par' dir='ltr' id='par_1_68' title="bbox 2154 3450 3710 3525">
     <span class='ocr_line' id='line_1_68' title="bbox 2154 3450 3710 3525; baseline -0.005 -18"><span class='ocrx_word' id='word_1_437' title='bbox 2154 3453 2424 3525; x_wconf 78' lang='grc' dir='ltr'><strong>ἀρκοῦντα</strong></span> <span class='ocrx_word' id='word_1_438' title='bbox 2485 3455 2564 3517; x_wconf 85' lang='grc' dir='ltr'><strong>είς</strong></span> <span class='ocrx_word' id='word_1_439' title='bbox 2652 3451 2927 3518; x_wconf 79' lang='grc' dir='ltr'><strong>ἀπόδειξιν</strong></span> <span class='ocrx_word' id='word_1_440' title='bbox 3007 3452 3100 3506; x_wconf 80' lang='grc' dir='ltr'><strong>τοῦ</strong></span> <span class='ocrx_word' id='word_1_441' title='bbox 3178 3454 3442 3523; x_wconf 82' lang='grc' dir='ltr'><strong>δευτέραν</strong></span> <span class='ocrx_word' id='word_1_442' title='bbox 3524 3450 3710 3518; x_wconf 78' lang='grc' dir='ltr'><strong>ταύτην</strong></span> 
     </span>
    </p>
   </div>
   <div class='ocr_carea' id='block_1_69' title="bbox 464 3544 2020 3615">
    <p class='ocr_par' dir='ltr' id='par_1_69' title="bbox 464 3545 2005 3613">
     <span class='ocr_line' id='line_1_69' title="bbox 464 3545 2005 3613; baseline 0.001 -14"><span class='ocrx_word' id='word_1_443' title='bbox 464 3545 697 3599; x_wconf 85' lang='lat' dir='ltr'><strong>.houoris</strong></span> <span class='ocrx_word' id='word_1_444' title='bbox 750 3560 813 3597; x_wconf 85' lang='lat' dir='ltr'><strong>ac</strong></span> <span class='ocrx_word' id='word_1_445' title='bbox 874 3545 1153 3613; x_wconf 87' lang='lat' dir='ltr'><strong>dignitatis</strong></span> <span class='ocrx_word' id='word_1_446' title='bbox 1205 3546 1393 3599; x_wconf 81' lang='lat' dir='ltr'><strong>ordine</strong></span> <span class='ocrx_word' id='word_1_447' title='bbox 1449 3548 1876 3601; x_wconf 86' lang='lat' dir='ltr'><strong>constituendam</strong></span> <span class='ocrx_word' id='word_1_448' title='bbox 1928 3560 2005 3600; x_wconf 71' lang='lat' dir='ltr'><strong>es:</strong></span> 
     </span>
    </p>
   </div>
   <div class='ocr_carea' id='block_1_70' title="bbox 2150 3544 3706 3615">
    <p class='ocr_par' dir='ltr' id='par_1_70' title="bbox 2153 3544 3706 3615">
     <span class='ocr_line' id='line_1_70' title="bbox 2153 3544 3706 3615; baseline -0.005 -15"><span class='ocrx_word' id='word_1_449' title='bbox 2153 3546 2401 3615; x_wconf 81' lang='grc' dir='ltr'><strong>βασιλίδα</strong></span> <span class='ocrx_word' id='word_1_450' title='bbox 2457 3546 2612 3601; x_wconf 87' lang='grc' dir='ltr'><strong>πόλιν</strong></span> <span class='ocrx_word' id='word_1_451' title='bbox 2666 3548 2809 3600; x_wconf 77' lang='grc' dir='ltr'><strong>κατὰ</strong></span> <span class='ocrx_word' id='word_1_452' title='bbox 2865 3546 3016 3609; x_wconf 82' lang='grc' dir='ltr'><strong>τάξιν</strong></span> <span class='ocrx_word' id='word_1_453' title='bbox 3059 3548 3156 3615; x_wconf 79' lang='grc' dir='ltr'><strong>τῆς</strong></span> <span class='ocrx_word' id='word_1_454' title='bbox 3207 3547 3377 3615; x_wconf 73' lang='grc' dir='ltr'><strong>τιμῆς</strong></span> <span class='ocrx_word' id='word_1_455' title='bbox 3429 3544 3706 3615; x_wconf 84' lang='grc' dir='ltr'><strong>κρίνεσθαι.</strong></span> 
     </span>
    </p>
   </div>
   <div class='ocr_carea' id='block_1_71' title="bbox 472 3633 2028 3707">
    <p class='ocr_par' dir='ltr' id='par_1_71' title="bbox 472 3633 2028 3706">
     <span class='ocr_line' id='line_1_71' title="bbox 472 3633 2028 3706; baseline 0.003 -20"><span class='ocrx_word' id='word_1_456' title='bbox 472 3634 629 3687; x_wconf 78' lang='lat' dir='ltr'><strong>facile</strong></span> <span class='ocrx_word' id='word_1_457' title='bbox 663 3636 938 3702; x_wconf 69' lang='lat' dir='ltr'><strong>intelliget.</strong></span> <span class='ocrx_word' id='word_1_458' title='bbox 1003 3633 1137 3687; x_wconf 80' lang='lat' dir='ltr'><strong>Nam</strong></span> <span class='ocrx_word' id='word_1_459' title='bbox 1171 3635 1466 3703; x_wconf 69' lang='lat' dir='ltr'><strong>aequalibus</strong></span> <span class='ocrx_word' id='word_1_460' title='bbox 1498 3635 1601 3687; x_wconf 87' lang='lat' dir='ltr'><strong>frui</strong></span> <span class='ocrx_word' id='word_1_461' title='bbox 1637 3637 1929 3706; x_wconf 79' lang='lat' dir='ltr'><strong>privilegiis</strong></span> <span class='ocrx_word' id='word_1_462' title='bbox 1981 3638 2028 3690; x_wconf 89' lang='lat' dir='ltr'><strong>ul</strong></span> 
     </span>
    </p>
   </div>
   <div class='ocr_carea' id='block_1_72' title="bbox 2155 3633 3711 3707">
    <p class='ocr_par' dir='ltr' id='par_1_72' title="bbox 2155 3633 3711 3707">
     <span class='ocr_line' id='line_1_72' title="bbox 2155 3633 3711 3707; baseline -0.004 -18"><span class='ocrx_word' id='word_1_463' title='bbox 2155 3637 2223 3689; x_wconf 86' lang='grc' dir='ltr'><strong>Τὸ</strong></span> <span class='ocrx_word' id='word_1_464' title='bbox 2267 3637 2373 3707; x_wconf 87' lang='grc' dir='ltr'><strong>γὰρ</strong></span> <span class='ocrx_word' id='word_1_465' title='bbox 2422 3638 2531 3689; x_wconf 88' lang='grc' dir='ltr'><strong>τῶν</strong></span> <span class='ocrx_word' id='word_1_466' title='bbox 2593 3639 2720 3690; x_wconf 81' lang='grc' dir='ltr'><strong>ῐσων</strong></span> <span class='ocrx_word' id='word_1_467' title='bbox 2774 3637 3068 3690; x_wconf 79' lang='grc' dir='ltr'><strong>ἀπολαύειν</strong></span> <span class='ocrx_word' id='word_1_468' title='bbox 3132 3637 3443 3705; x_wconf 85' lang='grc' dir='ltr'><strong>πρεσϐείων</strong></span> <span class='ocrx_word' id='word_1_469' title='bbox 3487 3635 3573 3688; x_wconf 67' lang='grc' dir='ltr'><strong>διὰ</strong></span> <span class='ocrx_word' id='word_1_470' title='bbox 3623 3633 3711 3698; x_wconf 83' lang='grc' dir='ltr'><strong>τὴν</strong></span> 
     </span>
    </p>
   </div>
   <div class='ocr_carea' id='block_1_73' title="bbox 475 3724 2031 3799">
    <p class='ocr_par' dir='ltr' id='par_1_73' title="bbox 475 3727 2031 3794">
     <span class='ocr_line' id='line_1_73' title="bbox 475 3727 2031 3794; baseline 0.003 -17"><span class='ocrx_word' id='word_1_471' title='bbox 475 3727 758 3791; x_wconf 73' lang='lat' dir='ltr'><strong>imperium</strong></span> <span class='ocrx_word' id='word_1_472' title='bbox 778 3739 829 3778; x_wconf 85' lang='lat' dir='ltr'><strong>et</strong></span> <span class='ocrx_word' id='word_1_473' title='bbox 862 3736 1110 3779; x_wconf 89' lang='lat' dir='ltr'><strong>senatum</strong></span> <span class='ocrx_word' id='word_1_474' title='bbox 1140 3728 1371 3780; x_wconf 86' lang='lat' dir='ltr'><strong>dicitur:</strong></span> <span class='ocrx_word' id='word_1_475' title='bbox 1405 3728 1819 3794; x_wconf 85' lang='lat' dir='ltr'><strong>quamvisillud,</strong></span> <span class='ocrx_word' id='word_1_476' title='bbox 1848 3738 2031 3783; x_wconf 81' lang='lat' dir='ltr'><strong>tuutatt</strong></span> 
     </span>
    </p>
   </div>
   <div class='ocr_carea' id='block_1_74' title="bbox 2152 3724 3708 3799">
    <p class='ocr_par' dir='ltr' id='par_1_74' title="bbox 2154 3724 3708 3799">
     <span class='ocr_line' id='line_1_74' title="bbox 2154 3724 3708 3799; baseline -0.006 -16"><span class='ocrx_word' id='word_1_477' title='bbox 2154 3729 2432 3799; x_wconf 86' lang='grc' dir='ltr'><strong>βασιλείαν</strong></span> <span class='ocrx_word' id='word_1_478' title='bbox 2460 3729 2555 3781; x_wconf 71' lang='grc' dir='ltr'><strong>καὶ</strong></span> <span class='ocrx_word' id='word_1_479' title='bbox 2576 3729 2673 3799; x_wconf 78' lang='grc' dir='ltr'><strong>τὴν</strong></span> <span class='ocrx_word' id='word_1_480' title='bbox 2709 3728 3010 3797; x_wconf 76' lang='grc' dir='ltr'><strong>σύγκλητον</strong></span> <span class='ocrx_word' id='word_1_481' title='bbox 3038 3728 3252 3796; x_wconf 73' lang='grc' dir='ltr'><strong>εἴρηται</strong></span> <span class='ocrx_word' id='word_1_482' title='bbox 3280 3746 3294 3759; x_wconf 87' lang='grc'><strong>·</strong></span> <span class='ocrx_word' id='word_1_483' title='bbox 3344 3730 3393 3779; x_wconf 87' lang='grc' dir='ltr'><strong>εί</strong></span> <span class='ocrx_word' id='word_1_484' title='bbox 3433 3728 3526 3781; x_wconf 75' lang='grc' dir='ltr'><strong>καὶ</strong></span> <span class='ocrx_word' id='word_1_485' title='bbox 3556 3727 3585 3794; x_wconf 77' lang='grc' dir='ltr'>ἡ</span> <span class='ocrx_word' id='word_1_486' title='bbox 3618 3724 3708 3791; x_wconf 71' lang='grc' dir='ltr'><strong>μὲν</strong></span> 
     </span>
    </p>
   </div>
   <div class='ocr_carea' id='block_1_75' title="bbox 478 3817 2034 3890">
    <p class='ocr_par' dir='ltr' id='par_1_75' title="bbox 478 3817 2029 3887">
     <span class='ocr_line' id='line_1_75' title="bbox 478 3817 2029 3887; baseline 0.004 -20"><span class='ocrx_word' id='word_1_487' title='bbox 478 3831 652 3867; x_wconf 79' lang='lat' dir='ltr'><strong>rerum</strong></span> <span class='ocrx_word' id='word_1_488' title='bbox 690 3826 852 3878; x_wconf 85' lang='lat' dir='ltr'><strong>statu,</strong></span> <span class='ocrx_word' id='word_1_489' title='bbox 904 3817 956 3869; x_wconf 90' lang='lat' dir='ltr'><strong>iu</strong></span> <span class='ocrx_word' id='word_1_490' title='bbox 994 3818 1333 3887; x_wconf 86' lang='lat' dir='ltr'><strong>tyrannidem</strong></span> <span class='ocrx_word' id='word_1_491' title='bbox 1370 3819 1742 3886; x_wconf 76' lang='lat' dir='ltr'><strong>degeneravit;</strong></span> <span class='ocrx_word' id='word_1_492' title='bbox 1783 3820 1868 3871; x_wconf 86' lang='lat' dir='ltr'><strong>hic</strong></span> <span class='ocrx_word' id='word_1_493' title='bbox 1901 3834 2029 3873; x_wconf 87' lang='lat' dir='ltr'><strong>vero</strong></span> 
     </span>
    </p>
   </div>
   <div class='ocr_carea' id='block_1_76' title="bbox 2157 3817 3713 3890">
    <p class='ocr_par' dir='ltr' id='par_1_76' title="bbox 2157 3817 3713 3890">
     <span class='ocr_line' id='line_1_76' title="bbox 2157 3817 3713 3890; baseline -0.004 -17"><span class='ocrx_word' id='word_1_494' title='bbox 2157 3822 2233 3882; x_wconf 85' lang='grc' dir='ltr'><strong>είς</strong></span> <span class='ocrx_word' id='word_1_495' title='bbox 2264 3819 2560 3890; x_wconf 77' lang='grc' dir='ltr'><strong>τυραννίδα</strong></span> <span class='ocrx_word' id='word_1_496' title='bbox 2593 3820 2962 3888; x_wconf 82' lang='grc' dir='ltr'><strong>μετήμειπται</strong></span> <span class='ocrx_word' id='word_1_497' title='bbox 2984 3859 3000 3883; x_wconf 94' lang='grc'><strong>,</strong></span> <span class='ocrx_word' id='word_1_498' title='bbox 3026 3821 3060 3889; x_wconf 81' lang='grc' dir='ltr'><strong>ή</strong></span> <span class='ocrx_word' id='word_1_499' title='bbox 3094 3820 3148 3871; x_wconf 84' lang='grc' dir='ltr'><strong>δὲ</strong></span> <span class='ocrx_word' id='word_1_500' title='bbox 3182 3820 3600 3887; x_wconf 78' lang='grc' dir='ltr'><strong>συγκέκλεισται</strong></span> <span class='ocrx_word' id='word_1_501' title='bbox 3630 3817 3713 3867; x_wconf 70' lang='grc' dir='ltr'><strong>καὶ</strong></span> 
     </span>
    </p>
   </div>
   <div class='ocr_carea' id='block_1_77' title="bbox 474 3908 2030 3979">
    <p class='ocr_par' dir='ltr' id='par_1_77' title="bbox 474 3908 2030 3977">
     <span class='ocr_line' id='line_1_77' title="bbox 474 3908 2030 3977; baseline 0.002 -17"><span class='ocrx_word' id='word_1_502' title='bbox 474 3909 760 3973; x_wconf 86' lang='lat' dir='ltr'><strong>splendore</strong></span> <span class='ocrx_word' id='word_1_503' title='bbox 808 3909 1034 3974; x_wconf 87' lang='lat' dir='ltr'><strong>pristino</strong></span> <span class='ocrx_word' id='word_1_504' title='bbox 1079 3909 1298 3977; x_wconf 83' lang='lat' dir='ltr'><strong>amisso,</strong></span> <span class='ocrx_word' id='word_1_505' title='bbox 1358 3908 1573 3963; x_wconf 80' lang='lat' dir='ltr'><strong>defecit.</strong></span> <span class='ocrx_word' id='word_1_506' title='bbox 1627 3910 2030 3965; x_wconf 81' lang='lat' dir='ltr'><strong>Utsanctorun</strong></span> 
     </span>
    </p>
   </div>
   <div class='ocr_carea' id='block_1_78' title="bbox 2156 3908 3712 3979">
    <p class='ocr_par' dir='ltr' id='par_1_78' title="bbox 2156 3911 3712 3979">
     <span class='ocr_line' id='line_1_78' title="bbox 2156 3911 3712 3979; baseline -0.004 -14"><span class='ocrx_word' id='word_1_507' title='bbox 2156 3912 2454 3966; x_wconf 70' lang='grc' dir='ltr'><strong>ἐκλέλοιπε.</strong></span> <span class='ocrx_word' id='word_1_508' title='bbox 2538 3912 2709 3964; x_wconf 82' lang='grc' dir='ltr'><strong>Τοῦτο</strong></span> <span class='ocrx_word' id='word_1_509' title='bbox 2753 3911 3025 3978; x_wconf 88' lang='grc' dir='ltr'><strong>λεγόντων</strong></span> <span class='ocrx_word' id='word_1_510' title='bbox 3070 3913 3179 3963; x_wconf 87' lang='grc' dir='ltr'><strong>τῶν</strong></span> <span class='ocrx_word' id='word_1_511' title='bbox 3249 3914 3422 3979; x_wconf 83' lang='grc' dir='ltr'><strong>ἁγίων</strong></span> <span class='ocrx_word' id='word_1_512' title='bbox 3464 3911 3712 3975; x_wconf 83' lang='grc' dir='ltr'><strong>Πατέρων</strong></span> 
     </span>
    </p>
   </div>
   <div class='ocr_carea' id='block_1_79' title="bbox 477 3998 2033 4073">
    <p class='ocr_par' dir='ltr' id='par_1_79' title="bbox 477 3998 2033 4071">
     <span class='ocr_line' id='line_1_79' title="bbox 477 3998 2033 4071; baseline 0.004 -22"><span class='ocrx_word' id='word_1_513' title='bbox 477 3999 689 4049; x_wconf 81' lang='lat' dir='ltr'><strong>illorum</strong></span> <span class='ocrx_word' id='word_1_514' title='bbox 741 3998 956 4050; x_wconf 81' lang='lat' dir='ltr'><strong>Patrum</strong></span> <span class='ocrx_word' id='word_1_515' title='bbox 1013 4013 1075 4067; x_wconf 83' lang='lat' dir='ltr'><strong>ea</strong></span> <span class='ocrx_word' id='word_1_516' title='bbox 1142 4015 1295 4054; x_wconf 87' lang='lat' dir='ltr'><strong>meus</strong></span> <span class='ocrx_word' id='word_1_517' title='bbox 1357 4003 1549 4067; x_wconf 89' lang='lat' dir='ltr'><strong>fuerit,</strong></span> <span class='ocrx_word' id='word_1_518' title='bbox 1614 4003 1867 4071; x_wconf 86' lang='lat' dir='ltr'><strong>qu0niam</strong></span> <span class='ocrx_word' id='word_1_519' title='bbox 1922 4002 2033 4057; x_wconf 73' lang='lat' dir='ltr'><strong>urb:</strong></span> 
     </span>
    </p>
   </div>
   <div class='ocr_carea' id='block_1_80' title="bbox 2154 3998 3710 4073">
    <p class='ocr_par' dir='ltr' id='par_1_80' title="bbox 2155 4000 3710 4073">
     <span class='ocr_line' id='line_1_80' title="bbox 2155 4000 3710 4073; baseline -0.003 -16"><span class='ocrx_word' id='word_1_520' title='bbox 2155 4004 2403 4069; x_wconf 75' lang='grc' dir='ltr'><strong>ἐκείνων,</strong></span> <span class='ocrx_word' id='word_1_521' title='bbox 2436 4005 2519 4057; x_wconf 84' lang='grc' dir='ltr'><strong>ὅτι</strong></span> <span class='ocrx_word' id='word_1_522' title='bbox 2553 4004 2647 4055; x_wconf 76' lang='grc' dir='ltr'><strong>ἐπὶ</strong></span> <span class='ocrx_word' id='word_1_523' title='bbox 2680 4002 2930 4073; x_wconf 77' lang='grc' dir='ltr'><strong>βασιλείᾳ</strong></span> <span class='ocrx_word' id='word_1_524' title='bbox 2987 4004 3223 4073; x_wconf 75' lang='grc' dir='ltr'><strong>ἐτιμήθη</strong></span> <span class='ocrx_word' id='word_1_525' title='bbox 3282 4007 3315 4073; x_wconf 85' lang='grc' dir='ltr'><strong>ή</strong></span> <span class='ocrx_word' id='word_1_526' title='bbox 3372 4004 3529 4064; x_wconf 85' lang='grc' dir='ltr'><strong>πόλις</strong></span> <span class='ocrx_word' id='word_1_527' title='bbox 3587 4000 3710 4066; x_wconf 73' lang='grc' dir='ltr'><strong>αὕτη</strong></span> 
     </span>
    </p>
   </div>
   <div class='ocr_carea' id='block_1_81' title="bbox 479 4091 2035 4166">
    <p class='ocr_par' dir='ltr' id='par_1_81' title="bbox 479 4091 2035 4160">
     <span class='ocr_line' id='line_1_81' title="bbox 479 4091 2035 4160; baseline 0.005 -19"><span class='ocrx_word' id='word_1_528' title='bbox 479 4092 702 4157; x_wconf 86' lang='lat' dir='ltr'><strong>imperio</strong></span> <span class='ocrx_word' id='word_1_529' title='bbox 719 4105 782 4143; x_wconf 85' lang='lat' dir='ltr'><strong>ac</strong></span> <span class='ocrx_word' id='word_1_530' title='bbox 800 4102 1011 4157; x_wconf 85' lang='lat' dir='ltr'><strong>senatu,</strong></span> <span class='ocrx_word' id='word_1_531' title='bbox 1035 4091 1175 4145; x_wconf 88' lang='lat' dir='ltr'><strong>sicut</strong></span> <span class='ocrx_word' id='word_1_532' title='bbox 1193 4093 1317 4145; x_wconf 88' lang='lat' dir='ltr'><strong>ulitn</strong></span> <span class='ocrx_word' id='word_1_533' title='bbox 1348 4091 1542 4160; x_wconf 78' lang='lat' dir='ltr'><strong>Roma,</strong></span> <span class='ocrx_word' id='word_1_534' title='bbox 1573 4105 1761 4147; x_wconf 86' lang='lat' dir='ltr'><strong>ornata</strong></span> <span class='ocrx_word' id='word_1_535' title='bbox 1783 4096 1901 4157; x_wconf 84' lang='lat' dir='ltr'><strong>fuit,</strong></span> <span class='ocrx_word' id='word_1_536' title='bbox 1930 4109 2035 4149; x_wconf 80' lang='lat' dir='ltr'><strong>eatr</strong></span> 
     </span>
    </p>
   </div>
   <div class='ocr_carea' id='block_1_82' title="bbox 2153 4091 3709 4166">
    <p class='ocr_par' dir='ltr' id='par_1_82' title="bbox 2154 4095 3709 4166">
     <span class='ocr_line' id='line_1_82' title="bbox 2154 4095 3709 4166; baseline -0.003 -17"><span class='ocrx_word' id='word_1_537' title='bbox 2154 4097 2248 4149; x_wconf 75' lang='grc' dir='ltr'><strong>καὶ</strong></span> <span class='ocrx_word' id='word_1_538' title='bbox 2282 4095 2575 4163; x_wconf 83' lang='grc' dir='ltr'><strong>συγκλήτῳ</strong></span> <span class='ocrx_word' id='word_1_539' title='bbox 2604 4095 2680 4159; x_wconf 84' lang='grc' dir='ltr'><strong>ὠς</strong></span> <span class='ocrx_word' id='word_1_540' title='bbox 2711 4095 2878 4147; x_wconf 83' lang='grc' dir='ltr'><strong>πάλαι</strong></span> <span class='ocrx_word' id='word_1_541' title='bbox 2913 4095 3123 4164; x_wconf 72' lang='grc' dir='ltr'>Ῥώμη,</span> <span class='ocrx_word' id='word_1_542' title='bbox 3159 4098 3239 4148; x_wconf 89' lang='grc' dir='ltr'><strong>δεῖ</strong></span> <span class='ocrx_word' id='word_1_543' title='bbox 3296 4098 3470 4166; x_wconf 78' lang='grc' dir='ltr'><strong>αὐτὴν</strong></span> <span class='ocrx_word' id='word_1_544' title='bbox 3519 4097 3609 4150; x_wconf 74' lang='grc' dir='ltr'><strong>καὶ</strong></span> <span class='ocrx_word' id='word_1_545' title='bbox 3660 4095 3709 4145; x_wconf 89' lang='grc' dir='ltr'><strong>ἐν</strong></span> 
     </span>
    </p>
   </div>
   <div class='ocr_carea' id='block_1_83' title="bbox 475 4179 2031 4257">
    <p class='ocr_par' dir='ltr' id='par_1_83' title="bbox 475 4183 2028 4253">
     <span class='ocr_line' id='line_1_83' title="bbox 475 4183 2028 4253; baseline 0.003 -17"><span class='ocrx_word' id='word_1_546' title='bbox 475 4183 863 4237; x_wconf 86' lang='lat' dir='ltr'><strong>ecclesiasticis</strong></span> <span class='ocrx_word' id='word_1_547' title='bbox 898 4198 1116 4253; x_wconf 89' lang='lat' dir='ltr'><strong>quoque</strong></span> <span class='ocrx_word' id='word_1_548' title='bbox 1142 4186 1510 4253; x_wconf 66' lang='lat' dir='ltr'><strong>prwrogativis</strong></span> <span class='ocrx_word' id='word_1_549' title='bbox 1557 4186 1744 4240; x_wconf 84' lang='lat' dir='ltr'><strong>iisdem</strong></span> <span class='ocrx_word' id='word_1_550' title='bbox 1776 4188 2028 4241; x_wconf 85' lang='lat' dir='ltr'><strong>omnibus</strong></span> 
     </span>
    </p>
   </div>
   <div class='ocr_carea' id='block_1_84' title="bbox 2158 4179 3714 4257">
    <p class='ocr_par' dir='ltr' id='par_1_84' title="bbox 2158 4179 3714 4257">
     <span class='ocr_line' id='line_1_84' title="bbox 2158 4179 3714 4257; baseline -0.002 -17"><span class='ocrx_word' id='word_1_551' title='bbox 2158 4191 2266 4250; x_wconf 83' lang='grc' dir='ltr'><strong>τοῖς</strong></span> <span class='ocrx_word' id='word_1_552' title='bbox 2303 4187 2791 4256; x_wconf 82' lang='grc' dir='ltr'><strong>ἐκκλησιαστικοῖς</strong></span> <span class='ocrx_word' id='word_1_553' title='bbox 2828 4188 3185 4256; x_wconf 85' lang='grc' dir='ltr'><strong>προνομίοις,</strong></span> <span class='ocrx_word' id='word_1_554' title='bbox 3220 4190 3296 4251; x_wconf 83' lang='grc' dir='ltr'><strong>ὼς</strong></span> <span class='ocrx_word' id='word_1_555' title='bbox 3348 4179 3714 4257; x_wconf 61' lang='grc' dir='ltr'><strong>ἐκείηντιμᾶη</strong></span> 
     </span>
    </p>
   </div>
   <div class='ocr_carea' id='block_1_85' title="bbox 476 4274 2032 4350">
    <p class='ocr_par' dir='ltr' id='par_1_85' title="bbox 476 4274 2032 4346">
     <span class='ocr_line' id='line_1_85' title="bbox 476 4274 2032 4346; baseline 0.004 -20"><span class='ocrx_word' id='word_1_556' title='bbox 476 4274 673 4341; x_wconf 81' lang='lat' dir='ltr'><strong>quibus</strong></span> <span class='ocrx_word' id='word_1_557' title='bbox 703 4274 816 4340; x_wconf 91' lang='lat' dir='ltr'><strong>illa,</strong></span> <span class='ocrx_word' id='word_1_558' title='bbox 854 4276 1125 4329; x_wconf 89' lang='lat' dir='ltr'><strong>bonestari</strong></span> <span class='ocrx_word' id='word_1_559' title='bbox 1160 4285 1431 4344; x_wconf 84' lang='lat' dir='ltr'><strong>Oportere,</strong></span> <span class='ocrx_word' id='word_1_560' title='bbox 1462 4291 1526 4330; x_wconf 86' lang='lat' dir='ltr'><strong>ac</strong></span> <span class='ocrx_word' id='word_1_561' title='bbox 1573 4278 1803 4346; x_wconf 87' lang='lat' dir='ltr'><strong>primum</strong></span> <span class='ocrx_word' id='word_1_562' title='bbox 1836 4280 2032 4346; x_wconf 85' lang='lat' dir='ltr'><strong>quiden</strong></span> 
     </span>
    </p>
   </div>
   <div class='ocr_carea' id='block_1_86' title="bbox 2151 4274 3707 4350">
    <p class='ocr_par' dir='ltr' id='par_1_86' title="bbox 2157 4276 3707 4350">
     <span class='ocr_line' id='line_1_86' title="bbox 2157 4276 3707 4350; baseline -0.004 -17"><span class='ocrx_word' id='word_1_563' title='bbox 2157 4280 2302 4342; x_wconf 88' lang='grc' dir='ltr'><strong>σθαι,</strong></span> <span class='ocrx_word' id='word_1_564' title='bbox 2339 4280 2473 4331; x_wconf 79' lang='grc' dir='ltr'><strong>πᾶσι</strong></span> <span class='ocrx_word' id='word_1_565' title='bbox 2522 4278 2632 4330; x_wconf 87' lang='grc' dir='ltr'><strong>τῶν</strong></span> <span class='ocrx_word' id='word_1_566' title='bbox 2686 4279 2863 4331; x_wconf 80' lang='grc' dir='ltr'><strong>ἄλλων</strong></span> <span class='ocrx_word' id='word_1_567' title='bbox 2924 4280 3354 4350; x_wconf 77' lang='grc' dir='ltr'><strong>προ-τιμωμένην</strong></span> <span class='ocrx_word' id='word_1_568' title='bbox 3398 4276 3707 4348; x_wconf 84' lang='grc' dir='ltr'><strong>ἐκκλησιῶν,</strong></span> 
     </span>
    </p>
   </div>
   <div class='ocr_carea' id='block_1_87' title="bbox 479 4367 2035 4442">
    <p class='ocr_par' dir='ltr' id='par_1_87' title="bbox 479 4367 2035 4433">
     <span class='ocr_line' id='line_1_87' title="bbox 479 4367 2035 4433; baseline 0.002 -14"><span class='ocrx_word' id='word_1_569' title='bbox 479 4367 615 4419; x_wconf 89' lang='lat' dir='ltr'><strong>inter</strong></span> <span class='ocrx_word' id='word_1_570' title='bbox 644 4367 779 4420; x_wconf 89' lang='lat' dir='ltr'><strong>alias</strong></span> <span class='ocrx_word' id='word_1_571' title='bbox 808 4381 1000 4421; x_wconf 89' lang='lat' dir='ltr'><strong>omnes</strong></span> <span class='ocrx_word' id='word_1_572' title='bbox 1034 4367 1315 4433; x_wconf 88' lang='lat' dir='ltr'><strong>ecclesias,</strong></span> <span class='ocrx_word' id='word_1_573' title='bbox 1369 4368 1437 4420; x_wconf 87' lang='lat' dir='ltr'><strong>ab</strong></span> <span class='ocrx_word' id='word_1_574' title='bbox 1478 4367 1567 4421; x_wconf 88' lang='lat' dir='ltr'><strong>illa</strong></span> <span class='ocrx_word' id='word_1_575' title='bbox 1597 4385 1726 4425; x_wconf 84' lang='lat' dir='ltr'><strong>vero</strong></span> <span class='ocrx_word' id='word_1_576' title='bbox 1752 4374 2035 4425; x_wconf 78' lang='lat' dir='ltr'><strong>secunduir</strong></span> 
     </span>
    </p>
   </div>
   <div class='ocr_carea' id='block_1_88' title="bbox 2156 4367 3712 4442">
    <p class='ocr_par' dir='ltr' id='par_1_88' title="bbox 2158 4371 3712 4442">
     <span class='ocr_line' id='line_1_88' title="bbox 2158 4371 3712 4442; baseline -0.004 -18"><span class='ocrx_word' id='word_1_577' title='bbox 2158 4371 2422 4440; x_wconf 81' lang='grc' dir='ltr'><strong>δευτέραν</strong></span> <span class='ocrx_word' id='word_1_578' title='bbox 2476 4371 2534 4424; x_wconf 86' lang='grc' dir='ltr'><strong>δέ</strong></span> <span class='ocrx_word' id='word_1_579' title='bbox 2563 4371 2681 4440; x_wconf 84' lang='grc' dir='ltr'><strong>μετ’</strong></span> <span class='ocrx_word' id='word_1_580' title='bbox 2711 4371 2928 4441; x_wconf 80' lang='grc' dir='ltr'><strong>ἐκείνην</strong></span> <span class='ocrx_word' id='word_1_581' title='bbox 2985 4372 3366 4442; x_wconf 74' lang='grc' dir='ltr'><strong>ὑπάρχουσαν.</strong></span> <span class='ocrx_word' id='word_1_582' title='bbox 3423 4372 3543 4424; x_wconf 85' lang='grc' dir='ltr'><strong>Τῶν</strong></span> <span class='ocrx_word' id='word_1_583' title='bbox 3596 4371 3712 4422; x_wconf 85' lang='grc' dir='ltr'><strong>ῐσων</strong></span> 
     </span>
    </p>
   </div>
   <div class='ocr_carea' id='block_1_89' title="bbox 476 4438 2032 4535">
    <p class='ocr_par' dir='ltr' id='par_1_89' title="bbox 476 4459 2032 4532">
     <span class='ocr_line' id='line_1_89' title="bbox 476 4459 2032 4532; baseline 0.001 -20"><span class='ocrx_word' id='word_1_584' title='bbox 476 4460 752 4529; x_wconf 76' lang='lat' dir='ltr'><strong>dignitatis</strong></span> <span class='ocrx_word' id='word_1_585' title='bbox 781 4459 954 4514; x_wconf 86' lang='lat' dir='ltr'><strong>locum</strong></span> <span class='ocrx_word' id='word_1_586' title='bbox 984 4460 1249 4514; x_wconf 89' lang='lat' dir='ltr'><strong>obtinere.</strong></span> <span class='ocrx_word' id='word_1_587' title='bbox 1331 4461 1594 4518; x_wconf 86' lang='lat' dir='ltr'><strong>Omnibus</strong></span> <span class='ocrx_word' id='word_1_588' title='bbox 1621 4478 1856 4532; x_wconf 85' lang='lat' dir='ltr'><strong>namque</strong></span> <span class='ocrx_word' id='word_1_589' title='bbox 1885 4464 2032 4517; x_wconf 89' lang='lat' dir='ltr'><strong>modi</strong></span> 
     </span>
    </p>
   </div>
   <div class='ocr_carea' id='block_1_90' title="bbox 2157 4438 3713 4535">
    <p class='ocr_par' dir='ltr' id='par_1_90' title="bbox 2160 4438 3713 4535">
     <span class='ocr_line' id='line_1_90' title="bbox 2160 4438 3713 4535; baseline 0.001 -20"><span class='ocrx_word' id='word_1_590' title='bbox 2160 4462 2270 4531; x_wconf 81' lang='grc' dir='ltr'><strong>γὰρ</strong></span> <span class='ocrx_word' id='word_1_591' title='bbox 2287 4438 2357 4514; x_wconf 67' lang='grc' dir='ltr'><strong>’ἐν</strong></span> <span class='ocrx_word' id='word_1_592' title='bbox 2392 4438 2597 4515; x_wconf 74' lang='grc' dir='ltr'><strong>ἅπασιν</strong></span> <span class='ocrx_word' id='word_1_593' title='bbox 2622 4438 2910 4527; x_wconf 73' lang='grc' dir='ltr'><strong>ἀξιοῦσθαι</strong></span> <span class='ocrx_word' id='word_1_594' title='bbox 2939 4438 3173 4533; x_wconf 21' lang='grc' dir='ltr'><strong>ταύτην*</strong></span> <span class='ocrx_word' id='word_1_595' title='bbox 3200 4468 3510 4535; x_wconf 70' lang='grc' dir='ltr'><strong>ἀμήχανον,</strong></span> <span class='ocrx_word' id='word_1_596' title='bbox 3570 4458 3634 4514; x_wconf 85' lang='grc' dir='ltr'><strong>δι’</strong></span> <span class='ocrx_word' id='word_1_597' title='bbox 3653 4457 3713 4517; x_wconf 74' lang='grc' dir='ltr'><strong>ἃς</strong></span> 
     </span>
    </p>
   </div>
   <div class='ocr_carea' id='block_1_91' title="bbox 478 4551 2034 4625">
    <p class='ocr_par' dir='ltr' id='par_1_91' title="bbox 478 4551 2034 4621">
     <span class='ocr_line' id='line_1_91' title="bbox 478 4551 2034 4621; baseline -0.001 -15"><span class='ocrx_word' id='word_1_598' title='bbox 478 4552 765 4621; x_wconf 77' lang='lat' dir='ltr'><strong>aequalem,</strong></span> <span class='ocrx_word' id='word_1_599' title='bbox 812 4561 1033 4621; x_wconf 89' lang='lat' dir='ltr'><strong>pr0pter</strong></span> <span class='ocrx_word' id='word_1_600' title='bbox 1078 4551 1274 4605; x_wconf 87' lang='lat' dir='ltr'><strong>allatas</strong></span> <span class='ocrx_word' id='word_1_601' title='bbox 1312 4566 1379 4605; x_wconf 91' lang='lat' dir='ltr'><strong>eo</strong></span> <span class='ocrx_word' id='word_1_602' title='bbox 1428 4553 1544 4607; x_wconf 86' lang='lat' dir='ltr'><strong>loco</strong></span> <span class='ocrx_word' id='word_1_603' title='bbox 1572 4554 1827 4615; x_wconf 86' lang='lat' dir='ltr'><strong>rationes,</strong></span> <span class='ocrx_word' id='word_1_604' title='bbox 1861 4553 2034 4605; x_wconf 82' lang='lat' dir='ltr'><strong>intelli-</strong></span> 
     </span>
    </p>
   </div>
   <div class='ocr_carea' id='block_1_92' title="bbox 2156 4551 3712 4625">
    <p class='ocr_par' dir='ltr' id='par_1_92' title="bbox 2158 4551 3712 4625">
     <span class='ocr_line' id='line_1_92' title="bbox 2158 4551 3712 4625; baseline -0.003 -19"><span class='ocrx_word' id='word_1_605' title='bbox 2158 4553 2338 4613; x_wconf 83' lang='grc' dir='ltr'><strong>αίτίας</strong></span> <span class='ocrx_word' id='word_1_606' title='bbox 2367 4556 2544 4606; x_wconf 82' lang='grc' dir='ltr'><strong>ἐκεῖσε</strong></span> <span class='ocrx_word' id='word_1_607' title='bbox 2578 4554 2905 4625; x_wconf 73' lang='grc' dir='ltr'><strong>εἰρήκαμεν,</strong></span> <span class='ocrx_word' id='word_1_608' title='bbox 2936 4556 2986 4607; x_wconf 84' lang='grc' dir='ltr'><strong>εί</strong></span> <span class='ocrx_word' id='word_1_609' title='bbox 3020 4556 3094 4625; x_wconf 84' lang='grc' dir='ltr'><strong>μή</strong></span> <span class='ocrx_word' id='word_1_610' title='bbox 3147 4556 3249 4609; x_wconf 80' lang='grc' dir='ltr'><strong>πού</strong></span> <span class='ocrx_word' id='word_1_611' title='bbox 3306 4574 3392 4619; x_wconf 90' lang='grc' dir='ltr'><strong>τις</strong></span> <span class='ocrx_word' id='word_1_612' title='bbox 3444 4556 3585 4607; x_wconf 72' lang='grc' dir='ltr'><strong>εἴποι</strong></span> <span class='ocrx_word' id='word_1_613' title='bbox 3639 4551 3712 4602; x_wconf 77' lang='grc' dir='ltr'><strong>ὅτι</strong></span> 
     </span>
    </p>
   </div>
   <div class='ocr_carea' id='block_1_93' title="bbox 482 4639 2038 4715">
    <p class='ocr_par' dir='ltr' id='par_1_93' title="bbox 482 4642 2033 4712">
     <span class='ocr_line' id='line_1_93' title="bbox 482 4642 2033 4712; baseline 0 -16"><span class='ocrx_word' id='word_1_614' title='bbox 482 4658 609 4712; x_wconf 86' lang='lat' dir='ltr'><strong>gere</strong></span> <span class='ocrx_word' id='word_1_615' title='bbox 661 4658 765 4696; x_wconf 92' lang='lat' dir='ltr'><strong>non</strong></span> <span class='ocrx_word' id='word_1_616' title='bbox 822 4656 1141 4712; x_wconf 89' lang='lat' dir='ltr'><strong>possumus,</strong></span> <span class='ocrx_word' id='word_1_617' title='bbox 1206 4642 1308 4697; x_wconf 89' lang='lat' dir='ltr'><strong>nisi</strong></span> <span class='ocrx_word' id='word_1_618' title='bbox 1354 4643 1494 4698; x_wconf 87' lang='lat' dir='ltr'><strong>forte</strong></span> <span class='ocrx_word' id='word_1_619' title='bbox 1539 4644 1738 4698; x_wconf 81' lang='lat' dir='ltr'><strong>dixerit</strong></span> <span class='ocrx_word' id='word_1_620' title='bbox 1784 4644 2033 4712; x_wconf 88' lang='lat' dir='ltr'><strong>quispiau</strong></span> 
     </span>
    </p>
   </div>
   <div class='ocr_carea' id='block_1_94' title="bbox 2156 4639 3712 4715">
    <p class='ocr_par' dir='ltr' id='par_1_94' title="bbox 2160 4639 3712 4715">
     <span class='ocr_line' id='line_1_94' title="bbox 2160 4639 3712 4715; baseline 0.003 -20"><span class='ocrx_word' id='word_1_621' title='bbox 2160 4639 2508 4713; x_wconf 75' lang='grc' dir='ltr'><strong>προορῶντες</strong></span> <span class='ocrx_word' id='word_1_622' title='bbox 2556 4647 2614 4697; x_wconf 87' lang='grc' dir='ltr'><strong>ἐν</strong></span> <span class='ocrx_word' id='word_1_623' title='bbox 2686 4644 2969 4713; x_wconf 84' lang='grc' dir='ltr'><strong>Πνεύματι</strong></span> <span class='ocrx_word' id='word_1_624' title='bbox 3012 4646 3151 4715; x_wconf 80' lang='grc' dir='ltr'><strong>ἁγίῳ</strong></span> <span class='ocrx_word' id='word_1_625' title='bbox 3197 4648 3246 4699; x_wconf 78' lang='grc' dir='ltr'><strong>οἱ</strong></span> <span class='ocrx_word' id='word_1_626' title='bbox 3303 4647 3439 4700; x_wconf 82' lang='grc' dir='ltr'><strong>θεῖοι</strong></span> <span class='ocrx_word' id='word_1_627' title='bbox 3490 4645 3712 4708; x_wconf 70' lang='grc' dir='ltr'><strong>Πατέρις</strong></span> 
     </span>
    </p>
   </div>
   <div class='ocr_carea' id='block_1_95' title="bbox 483 4732 2039 4806">
    <p class='ocr_par' dir='ltr' id='par_1_95' title="bbox 483 4732 2034 4804">
     <span class='ocr_line' id='line_1_95' title="bbox 483 4732 2034 4804; baseline 0.001 -16"><span class='ocrx_word' id='word_1_628' title='bbox 483 4736 738 4803; x_wconf 84' lang='lat' dir='ltr'><strong>quoniam</strong></span> <span class='ocrx_word' id='word_1_629' title='bbox 787 4734 955 4788; x_wconf 84' lang='lat' dir='ltr'><strong>divini</strong></span> <span class='ocrx_word' id='word_1_630' title='bbox 994 4734 1065 4787; x_wconf 92' lang='lat' dir='ltr'><strong>illi</strong></span> <span class='ocrx_word' id='word_1_631' title='bbox 1095 4732 1285 4789; x_wconf 88' lang='lat' dir='ltr'><strong>Patres</strong></span> <span class='ocrx_word' id='word_1_632' title='bbox 1319 4734 1520 4804; x_wconf 88' lang='lat' dir='ltr'><strong>Spiritu</strong></span> <span class='ocrx_word' id='word_1_633' title='bbox 1551 4745 1740 4791; x_wconf 87' lang='lat' dir='ltr'><strong>sancto</strong></span> <span class='ocrx_word' id='word_1_634' title='bbox 1769 4735 2034 4790; x_wconf 88' lang='lat' dir='ltr'><strong>illuminat</strong></span> 
     </span>
    </p>
   </div>
   <div class='ocr_carea' id='block_1_96' title="bbox 2154 4732 3710 4806">
    <p class='ocr_par' dir='ltr' id='par_1_96' title="bbox 2159 4732 3710 4806">
     <span class='ocr_line' id='line_1_96' title="bbox 2159 4732 3710 4806; baseline 0.002 -15"><span class='ocrx_word' id='word_1_635' title='bbox 2159 4738 2383 4799; x_wconf 77' lang='grc' dir='ltr'><strong>ἐκεῖνοι,</strong></span> <span class='ocrx_word' id='word_1_636' title='bbox 2449 4738 2524 4798; x_wconf 73' lang='grc' dir='ltr'><strong>ὡς</strong></span> <span class='ocrx_word' id='word_1_637' title='bbox 2598 4737 3051 4806; x_wconf 64' lang='grc' dir='ltr'><strong>ἀποτμηθήσεται</strong></span> <span class='ocrx_word' id='word_1_638' title='bbox 3097 4738 3198 4805; x_wconf 78' lang='grc' dir='ltr'><strong>τῆς</strong></span> <span class='ocrx_word' id='word_1_639' title='bbox 3267 4738 3378 4791; x_wconf 86' lang='grc' dir='ltr'><strong>τῶν</strong></span> <span class='ocrx_word' id='word_1_640' title='bbox 3437 4732 3710 4806; x_wconf 71' lang='grc' dir='ltr'><strong>όρθοδόξων</strong></span> 
     </span>
    </p>
   </div>
   <div class='ocr_carea' id='block_1_97' title="bbox 478 4822 2034 4897">
    <p class='ocr_par' dir='ltr' id='par_1_97' title="bbox 478 4823 2034 4896">
     <span class='ocr_line' id='line_1_97' title="bbox 478 4823 2034 4896; baseline -0.001 -17"><span class='ocrx_word' id='word_1_641' title='bbox 478 4827 861 4896; x_wconf 70' lang='lat' dir='ltr'><strong>praevideruut,</strong></span> <span class='ocrx_word' id='word_1_642' title='bbox 912 4823 1211 4881; x_wconf 77' lang='lat' dir='ltr'><strong>Romanam</strong></span> <span class='ocrx_word' id='word_1_643' title='bbox 1243 4825 1538 4882; x_wconf 81' lang='lat' dir='ltr'><strong>Ecclesiam</strong></span> <span class='ocrx_word' id='word_1_644' title='bbox 1584 4835 1803 4896; x_wconf 86' lang='lat' dir='ltr'><strong>pr0pter</strong></span> <span class='ocrx_word' id='word_1_645' title='bbox 1843 4842 2034 4881; x_wconf 81' lang='lat' dir='ltr'><strong>errore:</strong></span> 
     </span>
    </p>
   </div>
   <div class='ocr_carea' id='block_1_98' title="bbox 2154 4822 3710 4897">
    <p class='ocr_par' dir='ltr' id='par_1_98' title="bbox 2159 4822 3710 4897">
     <span class='ocr_line' id='line_1_98' title="bbox 2159 4822 3710 4897; baseline -0.001 -20"><span class='ocrx_word' id='word_1_646' title='bbox 2159 4825 2505 4897; x_wconf 73' lang='grc' dir='ltr'><strong>ὁλοκληρίας,</strong></span> <span class='ocrx_word' id='word_1_647' title='bbox 2532 4828 2626 4878; x_wconf 73' lang='grc' dir='ltr'><strong>καὶ</strong></span> <span class='ocrx_word' id='word_1_648' title='bbox 2659 4826 3216 4895; x_wconf 78' lang='grc' dir='ltr'><strong>ἐξοστρακισοήσεται</strong></span> <span class='ocrx_word' id='word_1_649' title='bbox 3278 4831 3375 4893; x_wconf 82' lang='grc' dir='ltr'><strong>τῆς</strong></span> <span class='ocrx_word' id='word_1_650' title='bbox 3403 4822 3710 4893; x_wconf 74' lang='grc' dir='ltr'><strong>όμηγύρεω;</strong></span> 
     </span>
    </p>
   </div>
   <div class='ocr_carea' id='block_1_99' title="bbox 479 4910 2035 4989">
    <p class='ocr_par' dir='ltr' id='par_1_99' title="bbox 479 4918 2035 4989">
     <span class='ocr_line' id='line_1_99' title="bbox 479 4918 2035 4989; baseline -0.002 -16"><span class='ocrx_word' id='word_1_651' title='bbox 479 4933 607 4974; x_wconf 80' lang='lat' dir='ltr'><strong>suos</strong></span> <span class='ocrx_word' id='word_1_652' title='bbox 653 4918 725 4973; x_wconf 79' lang='lat' dir='ltr'><strong>ab</strong></span> <span class='ocrx_word' id='word_1_653' title='bbox 775 4918 1195 4974; x_wconf 79' lang='lat' dir='ltr'><strong>orthodoxorum</strong></span> <span class='ocrx_word' id='word_1_654' title='bbox 1247 4930 1390 4974; x_wconf 69' lang='lat' dir='ltr'><strong>cmtu</strong></span> <span class='ocrx_word' id='word_1_655' title='bbox 1433 4918 1845 4989; x_wconf 82' lang='lat' dir='ltr'><strong>segregandam,</strong></span> <span class='ocrx_word' id='word_1_656' title='bbox 1896 4928 2035 4988; x_wconf 62' lang='lat' dir='ltr'><strong>alqui</strong></span> 
     </span>
    </p>
   </div>
   <div class='ocr_carea' id='block_1_100' title="bbox 2155 4910 3711 4989">
    <p class='ocr_par' dir='ltr' id='par_1_100' title="bbox 2160 4910 3711 4987">
     <span class='ocr_line' id='line_1_100' title="bbox 2160 4910 3711 4987; baseline -0.004 -18"><span class='ocrx_word' id='word_1_657' title='bbox 2160 4917 2270 4969; x_wconf 81' lang='grc' dir='ltr'><strong>τῶν</strong></span> <span class='ocrx_word' id='word_1_658' title='bbox 2299 4917 2509 4970; x_wconf 82' lang='grc' dir='ltr'><strong>πιστῶν</strong></span> <span class='ocrx_word' id='word_1_659' title='bbox 2555 4916 2647 4969; x_wconf 77' lang='grc' dir='ltr'><strong>διὰ</strong></span> <span class='ocrx_word' id='word_1_660' title='bbox 2696 4916 2946 4985; x_wconf 84' lang='grc' dir='ltr'><strong>δόγματα</strong></span> <span class='ocrx_word' id='word_1_661' title='bbox 2999 4918 3290 4984; x_wconf 78' lang='grc' dir='ltr'><strong>ἐτερόδοξα</strong></span> <span class='ocrx_word' id='word_1_662' title='bbox 3344 4921 3376 4987; x_wconf 86' lang='grc' dir='ltr'><strong>ή</strong></span> <span class='ocrx_word' id='word_1_663' title='bbox 3444 4910 3711 4980; x_wconf 71' lang='grc' dir='ltr'><strong>Ῥωμαίων</strong></span> 
     </span>
    </p>
   </div>
   <div class='ocr_carea' id='block_1_101' title="bbox 479 5001 2035 5079">
    <p class='ocr_par' dir='ltr' id='par_1_101' title="bbox 479 5009 2035 5078">
     <span class='ocr_line' id='line_1_101' title="bbox 479 5009 2035 5078; baseline -0.001 -16"><span class='ocrx_word' id='word_1_664' title='bbox 479 5009 625 5065; x_wconf 84' lang='lat' dir='ltr'><strong>omni</strong></span> <span class='ocrx_word' id='word_1_665' title='bbox 658 5010 891 5064; x_wconf 81' lang='lat' dir='ltr'><strong>fidelium</strong></span> <span class='ocrx_word' id='word_1_666' title='bbox 936 5011 1211 5065; x_wconf 87' lang='lat' dir='ltr'><strong>consortio</strong></span> <span class='ocrx_word' id='word_1_667' title='bbox 1239 5009 1623 5065; x_wconf 88' lang='lat' dir='ltr'><strong>elimiuandam</strong></span> <span class='ocrx_word' id='word_1_668' title='bbox 1666 5009 1800 5073; x_wconf 89' lang='lat' dir='ltr'><strong>fore,</strong></span> <span class='ocrx_word' id='word_1_669' title='bbox 1857 5009 2035 5078; x_wconf 81' lang='lat' dir='ltr'><strong>prima:</strong></span> 
     </span>
    </p>
   </div>
   <div class='ocr_carea' id='block_1_102' title="bbox 2152 5001 3708 5079">
    <p class='ocr_par' dir='ltr' id='par_1_102' title="bbox 2173 5001 3708 5079">
     <span class='ocr_line' id='line_1_102' title="bbox 2173 5001 3708 5079; baseline -0.001 -18"><span class='ocrx_word' id='word_1_670' title='bbox 2173 5008 2498 5076; x_wconf 83' lang='grc' dir='ltr'><strong>Ἐκκλησία,</strong></span> <span class='ocrx_word' id='word_1_671' title='bbox 2532 5006 2759 5077; x_wconf 76' lang='grc' dir='ltr'><strong>πρώτην</strong></span> <span class='ocrx_word' id='word_1_672' title='bbox 2788 5007 2996 5079; x_wconf 81' lang='grc' dir='ltr'><strong>ταύτην</strong></span> <span class='ocrx_word' id='word_1_673' title='bbox 3028 5008 3347 5073; x_wconf 79' lang='grc' dir='ltr'><strong>ἐλογίσαντο</strong></span> <span class='ocrx_word' id='word_1_674' title='bbox 3377 5024 3392 5040; x_wconf 76' lang='grc' dir='ltr'><strong><em>ο</em></strong></span> <span class='ocrx_word' id='word_1_675' title='bbox 3437 5008 3529 5060; x_wconf 82' lang='grc' dir='ltr'><strong>καὶ</strong></span> <span class='ocrx_word' id='word_1_676' title='bbox 3553 5001 3708 5060; x_wconf 79' lang='grc' dir='ltr'><strong>οὕτως</strong></span> 
     </span>
    </p>
   </div>
   <div class='ocr_carea' id='block_1_103' title="bbox 481 5100 2037 5171">
    <p class='ocr_par' dir='ltr' id='par_1_103' title="bbox 481 5100 2037 5171">
     <span class='ocr_line' id='line_1_103' title="bbox 481 5100 2037 5171; baseline -0.001 -16"><span class='ocrx_word' id='word_1_677' title='bbox 481 5102 606 5155; x_wconf 91' lang='lat' dir='ltr'><strong>huic</strong></span> <span class='ocrx_word' id='word_1_678' title='bbox 640 5103 985 5167; x_wconf 87' lang='lat' dir='ltr'><strong>detulerunt;</strong></span> <span class='ocrx_word' id='word_1_679' title='bbox 1018 5110 1176 5171; x_wconf 85' lang='lat' dir='ltr'><strong>atque</strong></span> <span class='ocrx_word' id='word_1_680' title='bbox 1203 5103 1277 5156; x_wconf 85' lang='lat' dir='ltr'><strong>ita</strong></span> <span class='ocrx_word' id='word_1_681' title='bbox 1311 5103 1501 5157; x_wconf 89' lang='lat' dir='ltr'><strong>iisdem</strong></span> <span class='ocrx_word' id='word_1_682' title='bbox 1532 5115 1650 5155; x_wconf 90' lang='lat' dir='ltr'><strong>eam</strong></span> <span class='ocrx_word' id='word_1_683' title='bbox 1691 5100 2037 5169; x_wconf 69' lang='lat' dir='ltr'><strong>praerogativi:</strong></span> 
     </span>
    </p>
   </div>
   <div class='ocr_carea' id='block_1_104' title="bbox 2155 5100 3711 5171">
    <p class='ocr_par' dir='ltr' id='par_1_104' title="bbox 2159 5100 3711 5171">
     <span class='ocr_line' id='line_1_104' title="bbox 2159 5100 3711 5171; baseline -0.006 -18"><span class='ocrx_word' id='word_1_684' title='bbox 2159 5101 2267 5153; x_wconf 89' lang='grc' dir='ltr'><strong>τῶν</strong></span> <span class='ocrx_word' id='word_1_685' title='bbox 2299 5102 2479 5153; x_wconf 74' lang='grc' dir='ltr'><strong>αὐτῶν</strong></span> <span class='ocrx_word' id='word_1_686' title='bbox 2512 5101 2697 5171; x_wconf 81' lang='grc' dir='ltr'><strong>ἐκείνῃ</strong></span> <span class='ocrx_word' id='word_1_687' title='bbox 2731 5100 2957 5154; x_wconf 85' lang='grc' dir='ltr'><strong>δικαίων</strong></span> <span class='ocrx_word' id='word_1_688' title='bbox 2986 5103 3043 5154; x_wconf 87' lang='grc' dir='ltr'><strong>ἐν</strong></span> <span class='ocrx_word' id='word_1_689' title='bbox 3098 5104 3264 5155; x_wconf 84' lang='grc' dir='ltr'><strong>πᾶσιν</strong></span> <span class='ocrx_word' id='word_1_690' title='bbox 3302 5101 3537 5171; x_wconf 74' lang='grc' dir='ltr'><strong>ἠξίωσαν</strong></span> <span class='ocrx_word' id='word_1_691' title='bbox 3578 5109 3711 5163; x_wconf 80' lang='grc' dir='ltr'><strong>πρω·</strong></span> 
     </span>
    </p>
   </div>
   <div class='ocr_carea' id='block_1_105' title="bbox 481 5180 2037 5263">
    <p class='ocr_par' dir='ltr' id='par_1_105' title="bbox 481 5190 2035 5263">
     <span class='ocr_line' id='line_1_105' title="bbox 481 5190 2035 5263; baseline -0.001 -17"><span class='ocrx_word' id='word_1_692' title='bbox 481 5193 533 5246; x_wconf 86' lang='lat' dir='ltr'><strong>iu</strong></span> <span class='ocrx_word' id='word_1_693' title='bbox 592 5193 845 5248; x_wconf 86' lang='lat' dir='ltr'><strong>omnibus</strong></span> <span class='ocrx_word' id='word_1_694' title='bbox 898 5194 1262 5255; x_wconf 86' lang='lat' dir='ltr'><strong>decoraruut,</strong></span> <span class='ocrx_word' id='word_1_695' title='bbox 1321 5209 1443 5263; x_wconf 73' lang='lat' dir='ltr'><strong>qua:</strong></span> <span class='ocrx_word' id='word_1_696' title='bbox 1498 5200 1557 5244; x_wconf 91' lang='lat' dir='ltr'><strong>ut</strong></span> <span class='ocrx_word' id='word_1_697' title='bbox 1609 5190 1699 5243; x_wconf 87' lang='lat' dir='ltr'><strong>illa</strong></span> <span class='ocrx_word' id='word_1_698' title='bbox 1748 5191 2035 5259; x_wconf 84' lang='lat' dir='ltr'><strong>aliquando</strong></span> 
     </span>
    </p>
   </div>
   <div class='ocr_carea' id='block_1_106' title="bbox 2152 5180 3708 5263">
    <p class='ocr_par' dir='ltr' id='par_1_106' title="bbox 2161 5180 3708 5261">
     <span class='ocr_line' id='line_1_106' title="bbox 2161 5180 3708 5261; baseline -0.003 -17"><span class='ocrx_word' id='word_1_699' title='bbox 2161 5192 2341 5244; x_wconf 72' lang='grc' dir='ltr'><strong>στεύειν</strong></span> <span class='ocrx_word' id='word_1_700' title='bbox 2381 5192 2705 5261; x_wconf 79' lang='grc' dir='ltr'><strong>μέλλουσαν,</strong></span> <span class='ocrx_word' id='word_1_701' title='bbox 2725 5192 2799 5252; x_wconf 84' lang='grc' dir='ltr'><strong>ὡς</strong></span> <span class='ocrx_word' id='word_1_702' title='bbox 2833 5192 3019 5261; x_wconf 85' lang='grc' dir='ltr'><strong>ἐκείνη</strong></span> <span class='ocrx_word' id='word_1_703' title='bbox 3052 5194 3204 5245; x_wconf 77' lang='grc' dir='ltr'><strong>ποτέ.</strong></span> <span class='ocrx_word' id='word_1_704' title='bbox 3244 5192 3355 5261; x_wconf 81' lang='grc' dir='ltr'><strong>Τήν</strong></span> <span class='ocrx_word' id='word_1_705' title='bbox 3417 5190 3522 5257; x_wconf 83' lang='grc' dir='ltr'><strong>γὰρ</strong></span> <span class='ocrx_word' id='word_1_706' title='bbox 3572 5180 3708 5253; x_wconf 81' lang='grc' dir='ltr'><strong>μετά</strong></span> 
     </span>
    </p>
   </div>
   <div class='ocr_carea' id='block_1_107' title="bbox 482 5266 2038 5355">
    <p class='ocr_par' dir='ltr' id='par_1_107' title="bbox 482 5279 2038 5351">
     <span class='ocr_line' id='line_1_107' title="bbox 482 5279 2038 5351; baseline -0.002 -15"><span class='ocrx_word' id='word_1_707' title='bbox 482 5284 843 5351; x_wconf 86' lang='lat' dir='ltr'><strong>principatum</strong></span> <span class='ocrx_word' id='word_1_708' title='bbox 897 5285 1027 5338; x_wconf 92' lang='lat' dir='ltr'><strong>olim</strong></span> <span class='ocrx_word' id='word_1_709' title='bbox 1084 5285 1367 5339; x_wconf 89' lang='lat' dir='ltr'><strong>obtinebit.</strong></span> <span class='ocrx_word' id='word_1_710' title='bbox 1446 5279 1579 5334; x_wconf 87' lang='lat' dir='ltr'><strong>Nam</strong></span> <span class='ocrx_word' id='word_1_711' title='bbox 1628 5282 2038 5350; x_wconf 54' lang='lat' dir='ltr'><strong>pra‘positiOuett</strong></span> 
     </span>
    </p>
   </div>
   <div class='ocr_carea' id='block_1_108' title="bbox 2152 5266 3708 5355">
    <p class='ocr_par' dir='ltr' id='par_1_108' title="bbox 2162 5266 3708 5355">
     <span class='ocr_line' id='line_1_108' title="bbox 2162 5266 3708 5355; baseline -0.004 -19"><span class='ocrx_word' id='word_1_712' title='bbox 2162 5266 2515 5355; x_wconf 68' lang='grc' dir='ltr'><strong>πρόθεσινόιό</strong></span> <span class='ocrx_word' id='word_1_713' title='bbox 2539 5286 2815 5354; x_wconf 86' lang='grc' dir='ltr'><strong>συγχωρεῖ</strong></span> <span class='ocrx_word' id='word_1_714' title='bbox 2836 5284 2961 5337; x_wconf 90' lang='grc' dir='ltr'><strong>κατ’</strong></span> <span class='ocrx_word' id='word_1_715' title='bbox 2992 5284 3233 5346; x_wconf 88' lang='grc' dir='ltr'><strong>ἐκείνους</strong></span> <span class='ocrx_word' id='word_1_716' title='bbox 3258 5283 3492 5335; x_wconf 82' lang='grc' dir='ltr'><strong>νοεῖσθαι</strong></span> <span class='ocrx_word' id='word_1_717' title='bbox 3522 5279 3609 5332; x_wconf 79' lang='grc' dir='ltr'><strong>ἐπὶ</strong></span> <span class='ocrx_word' id='word_1_718' title='bbox 3641 5272 3708 5337; x_wconf 77' lang='grc' dir='ltr'><strong>τῷ</strong></span> 
     </span>
    </p>
   </div>
   <div class='ocr_carea' id='block_1_109' title="bbox 478 5366 2034 5447">
    <p class='ocr_par' dir='ltr' id='par_1_109' title="bbox 478 5374 2034 5447">
     <span class='ocr_line' id='line_1_109' title="bbox 478 5374 2034 5447; baseline -0.002 -19"><span class='ocrx_word' id='word_1_719' title='bbox 478 5384 621 5443; x_wconf 75' lang='lat' dir='ltr'><strong>post,</strong></span> <span class='ocrx_word' id='word_1_720' title='bbox 654 5376 805 5445; x_wconf 78' lang='lat' dir='ltr'><strong>juxta</strong></span> <span class='ocrx_word' id='word_1_721' title='bbox 837 5393 927 5432; x_wconf 88' lang='lat' dir='ltr'><strong>eos</strong></span> <span class='ocrx_word' id='word_1_722' title='bbox 956 5381 1020 5432; x_wconf 92' lang='lat' dir='ltr'><strong>de</strong></span> <span class='ocrx_word' id='word_1_723' title='bbox 1048 5388 1166 5447; x_wconf 87' lang='lat' dir='ltr'><strong>post</strong></span> <span class='ocrx_word' id='word_1_724' title='bbox 1192 5379 1243 5431; x_wconf 91' lang='lat' dir='ltr'><strong>in</strong></span> <span class='ocrx_word' id='word_1_725' title='bbox 1270 5388 1509 5444; x_wconf 85' lang='lat' dir='ltr'><strong>tempore</strong></span> <span class='ocrx_word' id='word_1_726' title='bbox 1531 5375 1835 5429; x_wconf 80' lang='lat' dir='ltr'><strong>conStitutae</strong></span> <span class='ocrx_word' id='word_1_727' title='bbox 1865 5374 2034 5442; x_wconf 74' lang='lat' dir='ltr'><strong>regina</strong></span> 
     </span>
    </p>
   </div>
   <div class='ocr_carea' id='block_1_110' title="bbox 2153 5366 3709 5447">
    <p class='ocr_par' dir='ltr' id='par_1_110' title="bbox 2166 5366 3709 5445">
     <span class='ocr_line' id='line_1_110' title="bbox 2166 5366 3709 5445; baseline -0.003 -18"><span class='ocrx_word' id='word_1_728' title='bbox 2166 5376 2304 5445; x_wconf 81' lang='grc' dir='ltr'><strong>μετὰ</strong></span> <span class='ocrx_word' id='word_1_729' title='bbox 2324 5376 2498 5445; x_wconf 81' lang='grc' dir='ltr'><strong>χρόνῳ</strong></span> <span class='ocrx_word' id='word_1_730' title='bbox 2524 5375 2624 5444; x_wconf 82' lang='grc' dir='ltr'><strong>τῆς</strong></span> <span class='ocrx_word' id='word_1_731' title='bbox 2650 5375 2964 5438; x_wconf 84' lang='grc' dir='ltr'><strong>συστάσεως</strong></span> <span class='ocrx_word' id='word_1_732' title='bbox 2994 5375 3097 5444; x_wconf 82' lang='grc' dir='ltr'><strong>τῆς</strong></span> <span class='ocrx_word' id='word_1_733' title='bbox 3151 5376 3417 5445; x_wconf 78' lang='grc' dir='ltr'><strong>βασιλίδος</strong></span> <span class='ocrx_word' id='word_1_734' title='bbox 3460 5373 3566 5425; x_wconf 83' lang='grc' dir='ltr'><strong>τῶν</strong></span> <span class='ocrx_word' id='word_1_735' title='bbox 3618 5366 3709 5418; x_wconf 73' lang='grc' dir='ltr'><strong>πό-</strong></span> 
     </span>
    </p>
   </div>
   <div class='ocr_carea' id='block_1_111' title="bbox 485 5461 2041 5539">
    <p class='ocr_par' dir='ltr' id='par_1_111' title="bbox 485 5463 2037 5539">
     <span class='ocr_line' id='line_1_111' title="bbox 485 5463 2037 5539; baseline -0.002 -21"><span class='ocrx_word' id='word_1_736' title='bbox 485 5467 716 5530; x_wconf 86' lang='lat' dir='ltr'><strong>urbium,</strong></span> <span class='ocrx_word' id='word_1_737' title='bbox 779 5467 1002 5539; x_wconf 82' lang='lat' dir='ltr'><strong>intelligi</strong></span> <span class='ocrx_word' id='word_1_738' title='bbox 1056 5488 1161 5523; x_wconf 87' lang='lat' dir='ltr'><strong>non</strong></span> <span class='ocrx_word' id='word_1_739' title='bbox 1213 5466 1482 5536; x_wconf 88' lang='lat' dir='ltr'><strong>permittit</strong></span> <span class='ocrx_word' id='word_1_740' title='bbox 1531 5480 1701 5518; x_wconf 88' lang='lat' dir='ltr'><strong>canon</strong></span> <span class='ocrx_word' id='word_1_741' title='bbox 1752 5464 1821 5517; x_wconf 82' lang='grc'><strong>56</strong></span> <span class='ocrx_word' id='word_1_742' title='bbox 1870 5463 2037 5530; x_wconf 86' lang='lat' dir='ltr'><strong>synod</strong></span> 
     </span>
    </p>
   </div>
   <div class='ocr_carea' id='block_1_112' title="bbox 2149 5461 3705 5539">
    <p class='ocr_par' dir='ltr' id='par_1_112' title="bbox 2162 5461 3705 5539">
     <span class='ocr_line' id='line_1_112' title="bbox 2162 5461 3705 5539; baseline -0.001 -20"><span class='ocrx_word' id='word_1_743' title='bbox 2162 5468 2300 5520; x_wconf 89' lang='grc' dir='ltr'><strong>λεων</strong></span> <span class='ocrx_word' id='word_1_744' title='bbox 2345 5469 2373 5519; x_wconf 89' lang='grc' dir='ltr'>ό</span> <span class='ocrx_word' id='word_1_745' title='bbox 2438 5467 2525 5531; x_wconf 78' lang='grc' dir='ltr'><strong>λς’</strong></span> <span class='ocrx_word' id='word_1_746' title='bbox 2559 5468 2744 5521; x_wconf 84' lang='grc' dir='ltr'><strong>κανὼν</strong></span> <span class='ocrx_word' id='word_1_747' title='bbox 2793 5468 2894 5536; x_wconf 83' lang='grc' dir='ltr'><strong>τῆς</strong></span> <span class='ocrx_word' id='word_1_748' title='bbox 2953 5470 3010 5521; x_wconf 84' lang='grc' dir='ltr'><strong>ἐν</strong></span> <span class='ocrx_word' id='word_1_749' title='bbox 3071 5469 3149 5539; x_wconf 85' lang='grc' dir='ltr'><strong>τῷ</strong></span> <span class='ocrx_word' id='word_1_750' title='bbox 3184 5468 3435 5539; x_wconf 83' lang='grc' dir='ltr'><strong>Τρούλλῳ</strong></span> <span class='ocrx_word' id='word_1_751' title='bbox 3481 5461 3705 5517; x_wconf 68' lang='grc' dir='ltr'><strong>συνόδου,</strong></span> 
     </span>
    </p>
   </div>
   <div class='ocr_carea' id='block_1_113' title="bbox 483 5549 2039 5627">
    <p class='ocr_par' dir='ltr' id='par_1_113' title="bbox 483 5554 2036 5624">
     <span class='ocr_line' id='line_1_113' title="bbox 483 5554 2036 5624; baseline 0.001 -19"><span class='ocrx_word' id='word_1_752' title='bbox 483 5554 773 5624; x_wconf 72' lang='lat' dir='ltr'><strong>Trullaum,</strong></span> <span class='ocrx_word' id='word_1_753' title='bbox 807 5562 1096 5615; x_wconf 87' lang='lat' dir='ltr'><strong>secundum</strong></span> <span class='ocrx_word' id='word_1_754' title='bbox 1130 5556 1627 5624; x_wconf 78' lang='lat' dir='ltr'><strong>Constantinopolis</strong></span> <span class='ocrx_word' id='word_1_755' title='bbox 1658 5558 1909 5609; x_wconf 88' lang='lat' dir='ltr'><strong>thronum</strong></span> <span class='ocrx_word' id='word_1_756' title='bbox 1944 5569 2036 5622; x_wconf 88' lang='lat' dir='ltr'><strong>pos</strong></span> 
     </span>
    </p>
   </div>
   <div class='ocr_carea' id='block_1_114' title="bbox 2150 5549 3706 5627">
    <p class='ocr_par' dir='ltr' id='par_1_114' title="bbox 2161 5549 3706 5627">
     <span class='ocr_line' id='line_1_114' title="bbox 2161 5549 3706 5627; baseline -0.008 -18"><span class='ocrx_word' id='word_1_757' title='bbox 2161 5557 2416 5626; x_wconf 86' lang='grc' dir='ltr'><strong>δεύτερον</strong></span> <span class='ocrx_word' id='word_1_758' title='bbox 2446 5558 2537 5609; x_wconf 75' lang='grc' dir='ltr'><strong>τὸν</strong></span> <span class='ocrx_word' id='word_1_759' title='bbox 2570 5557 2761 5627; x_wconf 87' lang='grc' dir='ltr'><strong>θρόνον</strong></span> <span class='ocrx_word' id='word_1_760' title='bbox 2791 5561 2889 5625; x_wconf 75' lang='grc' dir='ltr'><strong>τῆς</strong></span> <span class='ocrx_word' id='word_1_761' title='bbox 2925 5558 3549 5615; x_wconf 81' lang='grc' dir='ltr'><strong>Κωνσταντινουπόλεως</strong></span> <span class='ocrx_word' id='word_1_762' title='bbox 3597 5549 3706 5600; x_wconf 84' lang='grc' dir='ltr'><strong>τάτ-</strong></span> 
     </span>
    </p>
   </div>
   <div class='ocr_carea' id='block_1_115' title="bbox 486 5642 2042 5720">
    <p class='ocr_par' dir='ltr' id='par_1_115' title="bbox 486 5645 2036 5715">
     <span class='ocr_line' id='line_1_115' title="bbox 486 5645 2036 5715; baseline 0.001 -17"><span class='ocrx_word' id='word_1_763' title='bbox 486 5649 687 5703; x_wconf 74' lang='grc' dir='ltr'><strong>νειοιίδ</strong></span> <span class='ocrx_word' id='word_1_764' title='bbox 720 5650 902 5706; x_wconf 78' lang='lat' dir='ltr'><strong>Roma:</strong></span> <span class='ocrx_word' id='word_1_765' title='bbox 933 5654 1184 5707; x_wconf 89' lang='lat' dir='ltr'><strong>thronum</strong></span> <span class='ocrx_word' id='word_1_766' title='bbox 1217 5649 1555 5704; x_wconf 87' lang='lat' dir='ltr'><strong>constituens</strong></span> <span class='ocrx_word' id='word_1_767' title='bbox 1606 5656 1660 5699; x_wconf 87' lang='lat' dir='ltr'><strong>et</strong></span> <span class='ocrx_word' id='word_1_768' title='bbox 1707 5645 2036 5715; x_wconf 81' lang='lat' dir='ltr'><strong>subjungens</strong></span> 
     </span>
    </p>
   </div>
   <div class='ocr_carea' id='block_1_116' title="bbox 2148 5642 3704 5720">
    <p class='ocr_par' dir='ltr' id='par_1_116' title="bbox 2162 5642 3704 5720">
     <span class='ocr_line' id='line_1_116' title="bbox 2162 5642 3704 5720; baseline -0.001 -21"><span class='ocrx_word' id='word_1_769' title='bbox 2162 5665 2269 5700; x_wconf 90' lang='grc' dir='ltr'><strong>των</strong></span> <span class='ocrx_word' id='word_1_770' title='bbox 2296 5649 2431 5714; x_wconf 83' lang='grc' dir='ltr'><strong>μετὰ</strong></span> <span class='ocrx_word' id='word_1_771' title='bbox 2454 5649 2544 5701; x_wconf 82' lang='grc' dir='ltr'><strong>τὸν</strong></span> <span class='ocrx_word' id='word_1_772' title='bbox 2574 5650 2671 5717; x_wconf 80' lang='grc' dir='ltr'><strong>τῆς</strong></span> <span class='ocrx_word' id='word_1_773' title='bbox 2702 5648 3080 5719; x_wconf 78' lang='grc' dir='ltr'><strong>πρεσϐυτέρας</strong></span> <span class='ocrx_word' id='word_1_774' title='bbox 3120 5652 3355 5720; x_wconf 84' lang='grc' dir='ltr'><strong>Ῥώμης,</strong></span> <span class='ocrx_word' id='word_1_775' title='bbox 3375 5650 3466 5701; x_wconf 72' lang='grc' dir='ltr'><strong>καὶ</strong></span> <span class='ocrx_word' id='word_1_776' title='bbox 3485 5642 3704 5707; x_wconf 69' lang='grc' dir='ltr'><strong>ἐπάγων.</strong></span> 
     </span>
    </p>
   </div>
   <div class='ocr_carea' id='block_1_117' title="bbox 488 5727 2044 5819">
    <p class='ocr_par' dir='ltr' id='par_1_117' title="bbox 488 5734 2044 5819">
     <span class='ocr_line' id='line_1_117' title="bbox 488 5734 2044 5819; baseline -0.002 -26"><span class='ocrx_word' id='word_1_777' title='bbox 488 5736 611 5797; x_wconf 81' lang='lat' dir='ltr'><strong>Post</strong></span> <span class='ocrx_word' id='word_1_778' title='bbox 640 5741 780 5800; x_wconf 86' lang='lat' dir='ltr'><strong>hunc</strong></span> <span class='ocrx_word' id='word_1_779' title='bbox 808 5743 1207 5802; x_wconf 76' lang='lat' dir='ltr'><strong>Alexandrinus</strong></span> <span class='ocrx_word' id='word_1_780' title='bbox 1236 5748 1553 5798; x_wconf 85' lang='lat' dir='ltr'><strong>numeretur</strong></span> <span class='ocrx_word' id='word_1_781' title='bbox 1584 5737 1837 5804; x_wconf 89' lang='lat' dir='ltr'><strong>thronus,</strong></span> <span class='ocrx_word' id='word_1_782' title='bbox 1865 5734 2044 5819; x_wconf 63' lang='lat' dir='ltr'><strong>deinde</strong></span> 
     </span>
    </p>
   </div>
   <div class='ocr_carea' id='block_1_118' title="bbox 2151 5727 3707 5819">
    <p class='ocr_par' dir='ltr' id='par_1_118' title="bbox 2164 5727 3707 5815">
     <span class='ocr_line' id='line_1_118' title="bbox 2164 5727 3707 5815; baseline -0.004 -21"><span class='ocrx_word' id='word_1_783' title='bbox 2164 5740 2300 5794; x_wconf 80' lang='grc' dir='ltr'><strong>Μεθ’</strong></span> <span class='ocrx_word' id='word_1_784' title='bbox 2330 5740 2389 5796; x_wconf 86' lang='grc' dir='ltr'><strong>ὃν</strong></span> <span class='ocrx_word' id='word_1_785' title='bbox 2424 5742 2451 5795; x_wconf 84' lang='grc' dir='ltr'>ό</span> <span class='ocrx_word' id='word_1_786' title='bbox 2483 5740 2992 5812; x_wconf 76' lang='grc' dir='ltr'><strong>τῆςἈλεξανδρείας</strong></span> <span class='ocrx_word' id='word_1_787' title='bbox 3025 5742 3363 5815; x_wconf 79' lang='grc' dir='ltr'><strong>ἀριθμείσθω</strong></span> <span class='ocrx_word' id='word_1_788' title='bbox 3380 5738 3574 5811; x_wconf 82' lang='grc' dir='ltr'><strong>θρόνος,</strong></span> <span class='ocrx_word' id='word_1_789' title='bbox 3603 5727 3707 5784; x_wconf 71' lang='grc' dir='ltr'><strong>εἶτα</strong></span> 
     </span>
    </p>
   </div>
  </div>
