3940 6480
278 431 377 489 ίὲθ

1248 428 1329 487 ΙΝ
1364 424 1531 485 CAN.
1564 423 1821 487 XXVI“
1869 423 2077 483 CONC.
2128 426 2491 487 CHALCED.

3399 419 3500 483 490

276 543 296 593 ὁ
322 541 415 608 τῆς
447 537 800 608 Ἀντιοχείας,
833 540 927 592 καὶ
980 538 1119 607 μετὰ
1149 539 1358 602 τοῦτον,
1388 540 1416 590 ὁ
1476 538 1579 607 τῆς
1606 538 1830 607 ἰεροιςο¹

1942 535 2329 600 Antiocbcnus,
2363 547 2415 591 et
2445 544 2563 604 post
2595 552 2716 591 enin
2749 534 3291 607 Hierosolymitanus.
3351 534 3501 587 Sicut

273 630 517 699 λυμιτῶν.
563 631 649 694 Ὠς
682 633 790 701 γὰρ
820 633 1046 686 ἐπὶτῶν
1097 632 1272 686 ἀλλων
1338 632 1544 702 θρόνων
1594 632 1627 699 ἡ
1679 631 1831 699 μετὰ

271 722 513 788 πρόθεσις
579 723 959 793 ὑποϐιὸασμὸν
1016 724 1192 794 δηλοῖ,
1268 723 1412 777 οὕτω
1468 724 1565 777 καί
1603 724 1693 775 ἐπὶ
1736 722 1831 774 τοῦ

273 815 447 884 θρόνου
478 814 582 883 τῆς
614 816 1241 879 Κωνσταντινουπόλεως
1274 816 1458 886 ἐτέθη.
1520 816 1627 869 Καὶ
1692 814 1832 866 οὕτω

269 907 494 959 νοεῖσθαι
526 906 727 977 χρεών.
767 908 880 962 Καὶ
903 910 929 960 ὁ
960 911 1018 961 ἐν
1047 910 1420 980 πατριάρχαις
1479 907 1536 960 δὲ
1589 907 1831 975 ὼίδιμος

272 999 571 1069 Νικηφόρος
604 1002 632 1052 ὁ
659 1000 802 1064 θεῖος
832 1003 888 1054 ὲν
920 1001 998 1071 τῷ
1028 998 1095 1071 ιβ’
1118 1002 1229 1054 τῶν
1281 999 1414 1071 παρ’
1466 999 1632 1053 αὑτοῦ
1700 1016 1830 1067 συγ-

276 1093 578 1161 γραφέντων
671 1093 986 1161 κεφαλαίων
1059 1094 1203 1147 κατά
1280 1094 1388 1145 τῶν
1457 1093 1825 1162 εἰκονομάχων

275 1184 422 1237 ιαῦτά
448 1200 657 1253 φησιν’
701 1186 823 1238 Ὅτι
879 1186 938 1239 δὲ
998 1187 1098 1256 τῆς
1146 1185 1444 1254 καθολικῆς
1505 1186 1833 1255 Ἐκκλησίας

272 1277 825 1349 ἂπεῤῥιμμένοιείσὶ,
859 1278 1050 1348 σαφῶς
1077 1277 1427 1350 μαρτυροῦσι
1445 1278 1540 1329 καὶ
1582 1278 1650 1330 τὰ
1686 1296 1833 1346 πεμ-

271 1369 459 1437 φθέντα
487 1370 798 1439 γράμματα
837 1371 928 1423 διὰ
950 1371 1043 1423 τοῦ
1076 1371 1500 1442 μακαριωτάτου
1531 1372 1835 1441 ἀρχιερέως

273 1461 352 1531 τῆς
382 1462 773 1532 πρεσϐυτέρας
810 1460 1056 1532 Ῥώμης,
1088 1462 1336 1516 τουτέστι
1364 1460 1459 1515 τοῦ
1489 1461 1709 1528 πρώτου
1741 1462 1837 1513 καὶ

268 1552 616 1606 ἀποστολικοῦ
658 1552 873 1624 θρόνου.
903 1554 1090 1607 Ταῦτα
1124 1554 1257 1622 περὶ
1314 1553 1417 1623 τῆς
1464 1550 1669 1618 τάξεως
1742 1548 1837 1606 καὶ

269 1645 418 1713 τομῆς
454 1644 835 1715 διαταξαμένη
866 1647 898 1716 ή
935 1646 1057 1716 ἱερά
1092 1645 1312 1707 σύνοδος
1342 1644 1435 1697 τοῦ
1493 1645 1684 1714 θρόνου
1738 1644 1839 1713 τῆς

270 1735 681 1805 μεγαλοπόλεως
733 1737 937 1808 ταύτης
984 1738 1292 1805 διαλέγεται
1366 1738 1462 1790 καὶ
1532 1738 1661 1805 περὶ
1725 1737 1834 1790 τῶν

271 1830 591 1883 ὑποκεῖσθαι
627 1830 943 1899 μελλουσῶν
972 1832 1111 1902 αὐτῇ
1143 1830 1491 1900 διοικήσεων,
1520 1830 1613 1883 καὶ
1638 1829 1840 1894 ταύτας

1937 624 2121 691 igitur.
2174 626 2261 679 ubi
2302 628 2375 681 de
2424 628 2544 681 aliis
2570 627 2790 682 sedibus
2828 640 3009 682 sermo
3038 635 3142 690 est,
3193 622 3501 678 inferiorem

1936 714 2213 783 dignitatis
2246 717 2468 785 gradum
2518 719 2824 786 prcepositio
2858 719 2969 782 illa,
3024 724 3163 786 post,
3217 713 3501 785 signiticet.

1938 810 2007 863 ita
2036 810 2225 874 etiam,
2272 826 2393 864 cum
2429 813 2492 865 de
2521 812 3111 883 Constantinopolitana
3155 812 3280 867 sede
3304 811 3501 879 agitur.

1936 904 2122 956 eodem
2166 902 2330 956 modo
2378 904 2743 972 accipiendam
2772 920 2893 959 esse
2935 904 3089 958 facile
3135 914 3365 959 constat.
3444 903 3509 957 Et

1935 1009 2065 1048 vero
2088 995 2423 1049 clarissimus
2460 996 2769 1064 patriarcha
2804 994 3140 1067 Nicephorus
3170 996 3384 1049 divinus
3450 994 3505 1047 in

1936 1087 2257 1142 duodecimo
2279 1087 2600 1154 scriptorum
2642 1103 2858 1143 suorum
2883 1100 3073 1143 contra
3122 1087 3509 1142 lconomachns

1937 1178 2117 1247 capite
2170 1181 2283 1233 hinc
2334 1182 2533 1234 habet:
2589 1179 2719 1236 Esse
2762 1195 2894 1234 vero
2935 1182 3066 1235 istos
3100 1179 3506 1251 (lconomaclios

1948 1270 2182 1341 scilicet)
2241 1271 2308 1324 ab
2362 1270 2599 1325 Ecclesia
2646 1271 2914 1326 catholica
2974 1287 3198 1340 prorsus
3258 1272 3508 1325 exclusos

1937 1374 2098 1431 atque
2150 1364 2373 1431 ejectos,
2432 1364 2514 1417 vel
2564 1365 2691 1433 ipsa;
2737 1364 2931 1419 litterze
2981 1378 3100 1434 quas
3138 1380 3166 1415 a
3198 1364 3509 1417 beatissimo

1937 1456 2181 1509 antistite
2205 1456 2399 1509 veteris
2437 1455 2643 1520 llonue,
2674 1457 2775 1510 hoc
2834 1466 2916 1511 est
2968 1472 2996 1509 a
3053 1458 3225 1526 prima
3274 1465 3328 1509 et
3382 1470 3499 1522 apo-

1938 1546 2125 1599 stolica
2166 1548 2292 1601 sede
2368 1548 2542 1601 inissa:
2601 1557 2723 1601 sunt
2779 1548 2912 1602 satis
2970 1561 3236 1617 superque
3299 1555 3504 1600 testati.

1939 1645 2046 1691 tur.
2078 1637 2173 1691 llis
2203 1639 2364 1707 igitur
2418 1642 2483 1693 de
2516 1641 2694 1695 throni
2747 1656 2955 1711 magna)
3003 1638 3225 1709 hujusce
3274 1639 3509 1694 civitatis

1939 1731 2131 1784 ordine
2181 1742 2233 1785 et
2279 1731 2485 1786 honore
2531 1749 2559 1785 a
2612 1748 2764 1787 sacra
2814 1734 3019 1805 synodo
3062 1732 3398 1797 constitutis,
3445 1731 3512 1785 de

1942 1823 2267 1878 dioecesibus
2320 1824 2481 1877 etiam
2537 1825 2612 1877 illi
2672 1826 2801 1879 olim
2860 1825 3212 1895 subjiciendis
3268 1826 3504 1889 disserit,

269 1916 389 1974 εἷναί
430 1939 574 1990 φησι
598 1923 698 1993 τὴν
750 1923 1039 1993 Ποντικὴν,
1094 1926 1195 1991 τὴν
1262 1921 1537 1992 Ἀσιανὴν,
1587 1922 1682 1975 καὶ
1734 1924 1830 1992 τὴν

1942 1931 2070 1985 quas
2103 1915 2233 1970 dicit
2274 1932 2395 1971 esse
2433 1914 2733 1983 Ponticam,
2783 1919 3036 1973 Asianam
3061 1916 3219 1989 147
3252 1928 3306 1972 et
3338 1916 3502 1972 Thra-

270 2012 581 2083 Θρᾳκικήνο
633 2008 709 2065 ὧν
752 2012 815 2083 δὴ
845 2011 1166 2083 διοικήσεων
1220 2012 1315 2064 καὶ
1362 2015 1460 2072 τὰς
1498 2011 1835 2083 χειροτονίας

271 2106 358 2156 τῶν
391 2105 818 2175 μητροπολιτῶν
854 2105 1034 2174 μόνων
1061 2104 1348 2173 ἀνατίθησι
1381 2102 1460 2174 τῷ
1488 2105 1835 2158 Κωνσταντι-

270 2196 580 2259 νουπόὶεως.
599 2196 825 2266 Εἴρηται
859 2198 914 2250 δὲ
937 2196 996 2249 τὸ
1014 2179 1238 2265 μονων,
1266 2196 1352 2248 ἵνα
1385 2197 1458 2267 μὴ
1479 2196 1572 2249 καὶ
1599 2196 1695 2257 τὰς
1728 2197 1835 2248 τῶν

274 2286 568 2339 ἐπισκόπων
593 2286 924 2364 χςροτονίας
954 2285 1345 2356 σφετερίσηταί
1393 2302 1476 2347 τις
1538 2285 1647 2337 τῶν
1680 2286 1836 2338 Κων-

281 2382 752 2441 στιιντινουτιό).εως
773 2382 1110 2433 ἐπισκόπων.
1131 2380 1365 2433 Ἐκεῖνοι
1382 2379 1491 2449 γὰρ
1505 2377 1717 2447 ἑκάστῳ
1728 2376 1834 2429 τῶν

273 2467 797 2541 μητροπολιτῶν,οἷς
816 2471 1083 2525 ἀνέκαθεν
1147 2471 1369 2540 ἀνῆκον,
1424 2471 1703 2539 εἰάθησαν.
1726 2468 1835 2536 ιΔιδ

269 2566 523 2633 καὶιὲπιφέ
532 2568 655 2635 ρειὸ
680 2565 859 2617 κανὼν
877 2566 936 2617 τὸ
956 2564 1158 2634 δηλαδὴ
1178 2566 1407 2617 ἑκάστου
1431 2562 1832 2633 μητροπολίτου

266 2656 690 2725 χειροτονοῦντος
718 2659 846 2720 τοὺς
877 2660 975 2725 τῆς
999 2656 1272 2726 ἐπαρχίας
1301 2656 1634 2717 ἐπισκόπους
1687 2656 1831 2724 μετά

264 2750 354 2800 τῶν
382 2750 716 2800 ἐπισκόπων
752 2751 850 2817 τῆς
879 2748 1051 2817 αὐτῆς
1081 2747 1379 2817 ἐπαρχίας.
1421 2746 1741 2813 Ἀνατίθησι
1777 2747 1835 2799 δὲ

263 2840 995 2910 τῴΚωνσταντινουπὸλεως
1028 2842 1119 2893 καὶ
1172 2840 1274 2910 τὴν
1334 2839 1670 2910 χειροτονίαν
1724 2840 1835 2892 τιῖν

264 2936 577 2987 ἐπισκόπων
611 2935 720 2986 τῶν
751 2936 809 2986 ὲν
862 2933 979 2995 τοῖς
1051 2932 1409 3003 βαρϐαρικοῖς
1449 2930 1648 2995 ἔθνεσι,
1720 2932 1834 2994 τοῖς

261 3026 394 3080 οὖσιν
424 3029 489 3079 ἐν
524 3030 647 3089 ταῖς
679 3026 960 3095 ῥηθείσαις
988 3026 1344 3095 διοικήσεσιν,
1401 3016 1505 3075 οἶοί
1573 3024 1714 3075 εἰσιν
1781 3023 1832 3074 οἱ

271 3119 478 3173 Ἀλανοὶ
508 3121 602 3171 καὶ
637 3120 686 3170 οἱ
751 3118 943 3171 Ῥὦσοι
976 3132 989 3147 ο
1060 3118 1109 3169 οἱ
1169 3116 1268 3185 μὲν
1316 3116 1425 3186 γὰρ
1469 3117 1535 3185 τῇ
1596 3114 1832 3185 Ποντικῇ

259 3211 542 3278 διοικήσει,
578 3214 628 3263 ot
659 3210 717 3262 δὲ
748 3210 1027 3280 Ῥὦσοιτῇ
1049 3210 1297 3279 Θρᾳκικῇ
1332 3207 1829 3276 συμπαράκεινται.

263 3306 371 3358 Ἵνα
391 3306 452 3357 δὲ
490 3302 566 3373 μὴ
594 3305 660 3373 τῇ
722 3302 984 3371 αὑθεντίᾳ.
1059 3301 1151 3353 τοῦ
1200 3299 1830 3362 Κωνσταντινουπὸὶεως

262 3395 594 3467 νομισθῶσιν
622 3397 672 3447 οἱ
693 3397 826 3447 θεῖοι
893 3393 1133 3462 Πατέρες
1187 3394 1383 3445 ἐκεῖνοι
1434 3392 1494 3444 τὸ
1554 3394 1662 3445 πᾶν
1733 3394 1833 3461 τῆς

261 3489 591 3560 χειροτονίας
622 3488 955 3549 ἀνατιθέναι,
980 3484 1120 3536 ὥστε
1156 3486 1329 3536 ποιεῖν
1350 3484 1557 3535 ἐκεῖνον
1591 3484 1682 3535 ἐπὶ
1712 3486 1829 3545 ταῖς

261 3582 619 3654 χειροτονίαις
664 3579 784 3637 κατ’
809 3580 1059 3643 ἐξουσίαν
1105 3577 1141 3630 δι
1182 3576 1451 3647 βούλεται,
1499 3576 1831 3644 προσέθεντο

255 3674 692 3746 χειροτονεῖσθαι
720 3672 849 3741 παρ’
876 3670 1050 3722 αὐτοῦ
1078 3670 1201 3731 τοὺς
1251 3668 1655 3738 μητροπολίτας
1688 3685 1828 3736 συμ-

254 3770 435 3837 φώνων
479 3767 858 3836 ψηφισμάτων
886 3763 1210 3833 γινομένων,
1247 3764 1341 3815 καὶ
1368 3761 1457 3814 ἐπ’
1501 3762 1666 3815 αὐτὸν
1692 3764 1829 3813 ἀνα-

254 3864 571 3932 φερομένων
609 3859 896 3930 μονονουχὶ
918 3856 1078 3910 τοῦτο
1102 3856 1377 3923 λέγοντες,
1433 3856 1515 3908 ὅτι
1567 3856 1679 3925 Οὐχ
1734 3854 1831 3917 οὓς

255 3955 510 4024 βούλεται
538 3955 565 4005 ὁ
610 3950 1247 4011 Κωνσταντινουπο).εως
1308 3949 1680 4017 χειροτονήσει
1727 3966 1830 4018 μη-

253 4044 597 4116 τροπολίτας,
630 4041 745 4094 ἀλλ’
782 4043 816 4112 ἡ
847 4041 940 4093 ὑπ’
976 4040 1141 4092 αὐτὸν
1192 4038 1409 4100 σύνοδος
1463 4038 1561 4101 τὰς
1615 4039 1828 4108 ψήφους

255 4141 568 4209 ποιήσεταιο
601 4138 698 4192 καὶ
733 4135 933 4205 ὲφόὒς
964 4136 1030 4188 ἂν
1088 4137 1137 4187 οἱ
1185 4132 1555 4203 ψηφιζόμενοι
1600 4150 1830 4202 συμςω-

252 4233 617 4302 νήσουσιν,ὲξ
678 4230 903 4284 ἐκείνων
951 4228 1327 4299 χειροτονήσει
1405 4227 1828 4297 ἀναφερομένων

251 4328 349 4379 τῶν
387 4327 767 4397 ψηφισμάτων
807 4324 941 4395 πρὸς
977 4323 1163 4377 αὐτόν.
1198 4321 1323 4373 Τισὶ
1355 4320 1452 4388 μὲν
1482 4315 1575 4373 οὖν
1638 4318 1700 4372 τὸ
1720 4337 1830 4388 yo-

252 4437 364 4472 νων
412 4422 875 4483 οὖτω.νενόηται.
902 4416 1083 4479 καθὼς
1123 4416 1337 4485 εἴρηται
1368 4431 1381 4444 ο
1426 4414 1576 4465 ἆὶλοι
1640 4413 1697 4465 δὲ
1750 4413 1831 4475 είς

252 4509 538 4578 διαστολὴν
579 4525 712 4576 φασι
783 4509 1005 4576 τεθῆναι
1077 4506 1187 4558 τῶν
1238 4504 1441 4556 λοιπῶν
1478 4504 1827 4573 διοικήσεων,

1938 2011 2145 2063 eicam:
2203 2026 2430 2079 quarum
2460 2011 2676 2081 quidem
2724 2012 3035 2066 dimcesium
3071 2011 3509 2069 metronoliianos

1938 2101 2083 2156 solos
2139 2118 2166 2156 a
2239 2104 2541 2173 patriarcha
2607 2102 3203 2173 ConstantinOpolitano
3271 2103 3514 2157 Ordinum

1932 2193 2105 2263 jubet.
2159 2194 2265 2263 Sed
2329 2199 2472 2263 solos
2523 2195 2726 2265 inquit.
2776 2196 3239 2264 metropolitanos,
3289 2211 3357 2249 ne
3401 2197 3504 2263 epl-

1938 2303 2130 2357 SCOpOS
2162 2304 2373 2357 quoque
2406 2289 2621 2342 creandi
2642 2288 2732 2357 jus
2758 2285 3384 2357 Constantinoliolitanus
3408 2287 3505 2341 sibi

1937 2379 2263 2448 quandoque
2308 2381 2538 2433 antistes
2564 2390 2884 2433 assumeret.
2962 2379 3098 2434 Illud
3128 2379 3273 2433 enim
3303 2378 3504 2431 unicui-

1939 2488 2043 2539 que
2073 2472 2509 2540 metropolitano,
2529 2486 2666 2540 quos
2711 2486 2873 2541 penes
2913 2450 3039 2525 olim
3072 2486 3284 2540 quoque
3314 2471 3503 2523 fuerat.

1939 2577 2020 2617 est
2065 2564 2336 2617 relictum.
2416 2563 2623 2618 Idcirco
2672 2563 2945 2631 sulijungit
2992 2580 3201 2629 canon,
3258 2564 3360 2618 hoc
3404 2565 3507 2618 viz.

1942 2672 2261 2728 unoquoque
2290 2660 2707 2727 metropolitano
2735 2660 3023 2728 provincia:
3063 2674 3176 2713 sure
3205 2658 3506 2727 cpiscOpos,

1939 2750 2196 2805 adhibitis
2242 2751 2363 2804 aliis
2401 2750 2644 2819 ejusdem
2697 2750 2985 2818 provincia:
3028 2749 3321 2818 episcopis,
3369 2748 3505 2801 ordi-

1940 2830 2125 2898 nante.
2181 2842 2565 2911 Episcoporum
2603 2858 2729 2896 vero
2766 2842 2997 2906 illorum,
3029 2843 3117 2910 qui
3151 2842 3289 2909 apud
3326 2842 3505 2895 barba-

1940 2952 2029 2990 ras
2073 2937 2317 2990 nationes
2371 2936 2423 2988 in
2471 2935 2631 2990 dictis
2678 2935 3007 2990 dimccsibus
3058 2935 3281 3004 degunt,
3326 2935 3506 3003 quales

1938 3030 2093 3084 Alani
2146 3040 2271 3103 sunt
2309 3038 2362 3083 et
2396 3029 2578 3093 llussi,
2632 3028 2703 3081 illi
2752 3029 2966 3098 quidem
3003 3022 3508 3094 Ponticzedicecesi,

1941 3125 1994 3178 hi
2054 3138 2184 3177 vero
2230 3120 2509 3176 'l‘hracicai
2574 3120 2848 3189 adjuncti,
2911 3119 3508 3189 Constantinopolitano

1940 3219 2103 3272 etiam
2150 3215 2361 3285 prtesnli
2396 3214 2792 3268 ordinationem
2825 3212 3135 3267 denmndat.
3213 3212 3409 3265 Verum
3448 3226 3509 3266 ne

1936 3327 1965 3362 a
2021 3310 2218 3363 divinis
2260 3306 2534 3372 Patribns,
2573 3321 2695 3374 qua:
2737 3306 2803 3358 ad
2839 3292 3170 3360 creationem
3201 3303 3505 3372 metropoli-

1937 3414 2187 3456 tanorum
2250 3400 2559 3472 pertinent,
2619 3400 2871 3453 universa
2924 3395 3510 3475 Constantinopolitaui

1935 3495 2245 3550 auctoritati
2276 3508 2533 3548 Concessa
2566 3507 2682 3547 esse
2728 3499 3062 3561 pntirentnr,
3116 3500 3174 3542 ut
3224 3489 3325 3557 ipsi
3372 3502 3510 3556 quae-

1937 3602 2150 3656 cunque
2202 3587 2500 3640 collibitum
2557 3594 2736 3649 esset,
2800 3600 2896 3653 pro
2958 3592 3224 3653 potestate
3279 3589 3512 3634 statuere

1937 3682 2159 3745 liceret;
2193 3680 2417 3742 ideirco,
2450 3681 2519 3733 ab
2553 3679 2641 3731 illo
2664 3678 2902 3746 quidem,
2937 3676 3029 3730 sed
3053 3672 3513 3729 consentientibus

1937 3786 2117 3828 tamen
2166 3774 2393 3827 aliorum
2441 3770 2750 3841 snli'ragiis.
2807 3782 2968 3838 atque
3015 3771 3081 3821 ad
3135 3781 3260 3821 eum
3302 3766 3513 3833 delatis,

1936 3868 2389 3937 tnetropolitauos
2436 3868 2700 3919 creandos
2754 3878 2871 3917 esse
2923 3862 3243 3916 decernunt.
3310 3859 3514 3925 Quibus

1936 3964 2190 4017 nimirum
2230 3960 2407 4014 verbis
2440 3960 2490 4012 id
2528 3968 2711 4023 aperte
2756 3957 2993 4010 indicare
3033 3956 3349 4019 voluerunt,
3409 3969 3513 4007 non

1938 4055 2019 4109 fas
2077 4070 2197 4109 esse
2244 4050 2845 4120 Constantinopolitano
2881 4047 3094 4118 prmsuli
3142 4044 3515 4114 metropolita—

1936 4164 2053 4212 ttos,
2104 4148 2370 4199 arbitratu
2410 4158 2508 4196 suo
2551 4157 2687 4211 quos
2719 4141 2971 4203 voluerit,
3011 4141 3377 4197 constituere:
3425 4141 3514 4191 sed

1934 4256 2106 4312 quos,
2158 4237 2426 4306 suifragiis
2478 4235 2768 4303 inspectis,
2826 4233 3182 4288 concordibus
3227 4235 3366 4286 votis
3421 4248 3516 4301 ιιι-ιι

1938 4335 2233 4404 subjectum
2272 4332 2534 4402 synodum
2568 4330 2876 4399 designatos
2906 4312 3026 4381 esse
3072 4326 3405 4396 cognoverit,
3451 4343 3514 4379 ex

1938 4446 2004 4484 eo
2037 4444 2259 4481 numero
2284 4425 2516 4495 aliquem
2546 4423 2613 4477 ab
2644 4423 2757 4490 ipso
2786 4420 2998 4476 scilicet
3025 4434 3145 4473 esse
3176 4418 3511 4487 deligendum

1936 4520 2346 4575 existimavere.
2446 4518 2523 4570 Ac
2580 4516 2806 4567 verbum
2867 4510 3082 4580 quidem
3141 4508 3358 4579 (solum)
3414 4510 3517 4560 hoc

252 4601 682 4653 διαστελλόντων
705 4600 816 4651 τῶν
851 4600 1115 4669 Ιιατέρων
1146 4598 1244 4658 τὰς
1289 4596 1455 4658 ἄλλας
1501 4596 1819 4664 διοικήσεις,

1942 4626 2095 4684 pacto
2122 4611 2366 4665 nonnulli
2394 4608 2797 4675 intelligendum
2830 4603 3231 4659 existimavere.
3295 4600 3423 4662 Alii,
3461 4609 3518 4653 nt

254 4691 471 4752 καὶτὰς
498 4690 799 4759 εἰρημένας
835 4691 1002 4759 μόνας
1060 4685 1469 4755 ἀνατιθεμένων
1520 4686 1598 4755 τῴ
1649 4685 1823 4757 θρόνῳ

251 4786 338 4852 τῆς
392 4774 1049 4843 Κώνσταντινουπόὶεως.
1083 4779 1269 4849 Αίγάρ
1285 4779 1472 4831 λοιπαὶ
1506 4778 1823 4847 διοικήσεις,

198 4928 201 4931 .
252 4877 415 4944 ήτῆς
454 4875 795 4936 Μακεδονίας
843 4874 1043 4943 δηλαδὴ
1105 4874 1200 4926 καὶ
1253 4872 1569 4935 Θετταλίας,
1635 4872 1823 4924 Ἑλλά-

252 4970 409 5031 δοςτε
453 4969 685 5037 καὶτῆς
716 4968 1151 5032 Πελοποννήσου,
1215 4966 1312 5021 καὶ
1369 4969 1468 5035 τῆς
1522 4965 1825 5034 λεγομένης

266 5059 525 5133 Ἠπείρου
560 5061 777 5115 καὶτοῦ
836 5061 1133 5128 Ἰλλυρικνῦ
1168 5059 1243 5129 τῷ
1319 5056 1539 5128 Ῥώμης
1584 5059 1681 5126 τῆς
1724 5076 1827 5112 πα-

254 5156 408 5218 λαιᾶς
443 5157 729 5226 ὲπισκόπῳ
754 5158 874 5209 τότε
906 5158 1207 5208 ἀνέκειντο.

252 5368 478 5423 ΑΡΙΣΤ.
523 5371 586 5423 Ὀ
630 5372 735 5439 τῆς
762 5370 902 5433 νέας
933 5372 1267 5432 ἐπίσκοπος
1318 5367 1542 5436 Ῥώμης
1589 5368 1668 5432 τῷ
1717 5368 1833 5434 τῆς

308 5464 569 5527 π-(λυιῆς
598 5466 879 5532 ὁμότιμος
914 5463 1009 5515 διὰ
1039 5462 1152 5527 τὴν
1178 5460 1296 5513 τῶν
1348 5460 1675 5527 σκήπτρων
1721 5476 1825 5528 με-

322 5555 571 5608 τάθεσιν
600 5574 613 5584 ’
639 5556 779 5610 ὅθεν
812 5559 865 5609 οἱ
893 5559 1141 5608 Πόντου.
1193 5554 1288 5607 καί
1319 5554 1532 5618 Ἄσίας
1578 5552 1674 5605 καὶ
1721 5551 1830 5617 τῆς

319 5650 554 5717 Θρᾴκης
608 5652 702 5702 καὶ
735 5654 786 5702 οἱ
818 5648 1129 5715 βάρϐαροι,
1166 5646 1246 5711 τῷ
1292 5644 1391 5713 τῆς
1446 5649 1823 5698 [iuraturu-

314 5750 663 5809 νουπιίλεως
691 5744 1228 5811 κεχειροτόνηνται.

330 5835 597 5904 ’ἰσότιμος
628 5839 656 5888 ὁ
690 5832 1319 5893 Κωνσταντινουπόλεως
1350 5832 1430 5902 τῷ
1462 5831 1565 5896 τῆς
1600 5828 1821 5897 Ῥώμης

196 5974 199 5975 ν
253 5929 558 5999 ὲπισκόπῳ,
594 5930 687 5981 καὶ
753 5926 861 5980 τῶν
924 5926 1056 5976 ἴσων
1117 5924 1419 5975 ἀπολαύσει
1488 5921 1818 5994 πρεσϐείων,

576 6022 847 6083 Ριιτῐιοι.
878 6022 992 6082 Gn.
1036 6017 1390 6083 CXXXVII.

1937 4715 2285 4763 cnumcratas
2315 4704 2576 4757 dimceses
2601 4716 2629 4752 a
2665 4697 2887 4766 reliquis
2914 4703 3281 4764 segregarem,
3314 4706 3514 4760 easque.

1941 4811 2149 4853 tantum
2214 4791 2829 4861 Constantinopoliluna:
2910 4787 3100 4840 ditioni
3181 4784 3515 4853 adjudicatas

1936 4910 2057 4950 esse
2088 4892 2447 4953 declararent,
2496 4889 2545 4941 id
2595 4886 2815 4938 verboni
2850 4898 2877 4935 a
2912 4879 3167 4935 Pati-ibus
3214 4878 3511 4932 adhibitum

1937 4988 2105 5041 fuisse
2150 4985 2503 5037 arbitrantur.
2590 4978 2724 5030 Nam
2781 4976 2903 5028 alia).
2962 4976 3265 5034 diceeeses,
3337 4969 3513 5022 Mace-

1940 5079 2115 5133 donim
2145 5077 2351 5132 scilicet
2377 5071 3049 5134 ac’l‘liessalia-,totiusqne
3073 5065 3295 5119 Graecia:
3328 5071 3380 5115 et
3408 5061 3509 5117 l'c-

1939 5171 2201 5243 Inponesi,
2234 5181 2287 5221 et
2311 5169 2427 5236 ejus
2450 5180 2568 5235 quae
2598 5163 2789 5232 Epirus
2819 5162 3037 5219 dicitur,
3070 5155 3341 5226 aclllyrici
3364 5162 3513 5206 vete-

1959 5273 2033 5324 ris
2049 5269 2231 5322 Romae
2249 5267 2501 5332 episcopo
2548 5271 2675 5313 tunc
2716 5258 2972 5325 temporis
3001 5255 3253 5322 ascripta:
3276 5252 3513 5304 fuerunt.

1938 5364 2164 5419 ARIST.
2228 5362 2391 5414 Novo:
2416 5357 2594 5410 Ranae
2623 5356 2891 5422 episcopus
2922 5353 3094 5404 eodem
3136 5357 3289 5416 atque
3330 5343 3511 5396 veteris

2009 5460 2203 5508 honore
2223 5452 2458 5521 fruatur,
2477 5457 2688 5515 propter
2704 5444 2902 5508 imperii
2923 5438 3343 5493 trarrslatioucm.
3371 5433 3515 5495 Qua-

2011 5558 2220 5617 propter
2267 5542 2447 5607 Pomi,
2502 5541 2661 5595 Λδίω.
2715 5537 3050 5603 Thraciirque
3078 5528 3308 5595 episcopi
3364 5535 3419 5577 ut
3468 5522 3514 5575 cl

2015 5638 2241 5692 Barbari
2268 5654 2299 5688 a
2327 5631 2916 5698 Constantinopolitano
2947 5624 3273 5677 ordinentur.

2009 5821 2308 5891 Episcopus
2354 5806 2997 5878 Constantinopolitanns
3050 5790 3520 5891 aequalem-habet

1932 5880 2180 5969 Roniano
2208 5911 2493 5972 honorem,
2536 5914 2589 5960 et
2625 5900 2921 5972 wqiiulibus
2949 5894 3159 5950 fruetur
3198 5880 3518 5956 privilegiis,

3108 5982 3177 6050 16
