3940 6480
473 409 579 472 495

1728 400 2007 461 ΤΠΕΟΙ).
2038 400 2437 460 BALSAMON

3591 409 3681 471 4'36

546 522 739 576 BALS.
794 518 1070 589 Scriptum
1113 524 1197 572 cst
1234 517 1288 571 in
1318 523 1510 587 quarta
1548 514 1762 570 actione
1787 515 2030 569 Actorun

2216 513 2414 566 ΒΑΛΣ.
2467 513 2779 582 Γέγραπται
2847 512 2907 565 ἐν
2955 516 3021 582 τῇ
3089 513 3337 585 τετάρτῃ
3371 515 3558 585 πράξει
3593 522 3690 574 τῶν

470 618 506 671 ιι
535 613 773 685 synodi,'
801 613 941 680 quod
990 618 1108 677 post
1160 607 1399 663 Dioscori
1443 607 1781 663 Alexandriae
1811 606 2047 676 episcOpi

473 707 887 774 depositionem,
940 701 1006 756 15
1039 701 1276 773 [Εςγριίἰ
1306 702 1544 772 episcopi
1588 716 1653 754 ex
1680 700 2049 755 Alexandrina

472 797 690 852 dimcesi
729 794 886 867 149
908 804 1198 864 praesentes
1230 793 1505 863 Eutychen
1548 802 1603 846 et
1650 791 1768 860 ejus
1804 791 2047 859 dogmata

473 888 1001 941 anathematizarunt
1032 901 1045 937 :
1081 884 1419 938 subscribere
1446 892 1624 937 autem
1656 888 2049 947 consequenter

469 979 711 1048 epistolae
764 978 933 1031 sancti
972 976 1165 1030 Leonis
1218 989 1368 1044 papa.
1399 973 1645 1037 Romani,
1700 987 1859 1041 quam
1903 970 2048 1024 misit

472 1072 538 1126 ad
586 1069 900 1124 Flavianum
967 1068 1327 1137 patriarcham
1372 1062 2042 1131 Constantinopolitanmn,

471 1172 532 1217 ut
559 1163 624 1217 iis
655 1177 772 1231 quze
806 1161 858 1214 in
887 1175 947 1214 ea
976 1168 1131 1214 erant
1178 1158 1559 1218 assentientes,
1617 1172 1721 1210 non
1758 1154 2045 1221 persuade-

470 1256 702 1309 bantur:
742 1252 982 1307 dicentes
1011 1264 1133 1304 esse
1160 1249 1481 1302 inusitatum
1514 1248 1566 1300 in
1600 1263 1693 1301 sna
1722 1244 2042 1315 Egyptiaca

472 1347 694 1402 dicecesi
716 1357 910 1415 praeter
932 1343 1282 1399 Alexandrini
1308 1340 1696 1409 archiepiscopi
1718 1339 2041 1393 sententiam

469 1441 578 1494 tale
612 1440 744 1509 quid
773 1436 974 1500 facere,
1035 1444 1087 1489 et
1125 1443 1368 1504 petentes
1402 1434 1449 1485 id
1481 1431 1582 1486 sibi
1616 1430 1839 1485 concedi
1873 1432 2042 1483 donec

469 1530 867 1585 Alexandrinus
922 1526 1358 1595 archiepisc0pus
1403 1524 1576 1579 factus
1607 1523 1695 1576 sit.
1772 1522 2039 1587 Quoniam

470 1638 598 1690 ergo
649 1619 861 1689 quidam
918 1634 1011 1674 eos
1056 1618 1134 1672 sic
1194 1617 1433 1670 dicentes
1494 1629 1599 1669 non
1660 1613 2035 1677 admittebant,

471 1713 677 1770 deiiniit
724 1712 959 1782 synodus
1006 1724 1099 1764 eos
1148 1707 1279 1761 nihil
1313 1706 1440 1761 mali
1478 1707 1584 1775 pati
1614 1715 1890 1775 Oportere,
1942 1704 2036 1760 sed

2152 604 2489 675 Πρακτικῶν
2520 605 2618 674 τῆς
2652 606 2695 658 δ’
2712 605 2930 659 συνόδου
2961 606 3043 658 ὅτι
3084 606 3222 676 μετά
3244 605 3342 677 τὴν
3390 607 3689 680 καθαίρεσιν

2150 699 2445 767 Διοσκόρου
2512 697 2811 751 ἐπισκόπου
2890 697 3303 768 Ἀλεξανδρείας
3363 700 3692 769 τρισκαίδεκα

2150 788 2449 840 ἐπίσκοποι
2482 788 2779 855 Αίγύπτίοι
2811 788 3277 857 παρουσιάξοντες
3326 789 3433 841 ἀπὸ
3463 790 3554 861 τῆς
3579 791 3695 844 διοιο

2149 881 2367 951 κήσεως
2396 880 2814 957 Ἀλεξανδρείας
2862 880 2955 934 τὸν
3031 881 3132 950 μὲν
3189 882 3436 952 Εὐτυχέα
3487 884 3578 936 καὶ
3636 886 3695 939 τὰ

2146 972 2393 1041 δόγματα
2419 973 2583 1026 αὑτοῦ
2608 973 3015 1044 ἀνεθεμάτισαν
3047 990 3061 1005 ο
3121 974 3439 1042 ὑπογράψαι
3489 975 3543 1028 δὲ
3577 977 3693 1029 ἁκο-

2145 1063 2350 1126 λούθως
2364 1067 2456 1117 καὶ
2487 1066 2542 1117 ἐν
2565 1068 2628 1135 τῇ
2661 1066 2914 1134 ἐπιστολῇ
2944 1064 3041 1119 τοῦ
3075 1065 3232 1132 ἁγίου
3259 1065 3482 1129 Λέοντος
3511 1069 3695 1123 πάππα

2158 1152 2401 1226 Ῥώμης,
2444 1156 2510 1227 ἥν
2543 1156 2834 1210 ἀπέστειλε
2865 1156 2941 1227 τῷ
2978 1158 3297 1230 πατριάρχῃ
3364 1161 3696 1214 Κωνστιιντι-

2144 1248 2447 1311 νουπόλεως
2478 1247 2783 1318 Φλαϐιανῷ,
2818 1250 2893 1312 ώς
2934 1248 3272 1318 στοιχοῦντες
3307 1252 3416 1312 τοῖς
3454 1252 3508 1301 ἐν
3549 1252 3694 1323 αὐτῇ,

2149 1341 2249 1392 οὑκ
2295 1340 2592 1403 ἐπείθοντο,
2632 1341 2880 1408 λέγοντες
2941 1342 3214 1412 ἀσύνηθες
3280 1338 3418 1395 εἶναι
3468 1346 3529 1413 τῇ
3578 1346 3687 1397 κατ’

2144 1432 2344 1494 αὐτοὺς
2397 1434 2748 1502 Αίγυπτιακῇ
2801 1433 3067 1502 διοικήσει
3125 1432 3278 1503 παρὰ
3356 1431 3572 1504 γνώμην
3614 1433 3696 1486 τοῦ

2142 1526 2444 1579 ἐπισκόπου
2498 1525 2904 1595 Ἀλεξανδρείας
2965 1524 3212 1578 τοιοῦτόν
3262 1542 3314 1577 τι
3380 1529 3566 1589 ποιεῖν,
3612 1530 3698 1579 καὶ

2140 1616 2586 1684 παρακαλοῦντες
2636 1617 2914 1687 ἐνδοθῆναι
2948 1616 3151 1682 αὐτοῖς,
3187 1616 3382 1686 μέχρις
3431 1615 3496 1669 ἂν
3534 1615 3697 1678 Ἀλεξ-

2140 1709 2388 1778 ανδρείας
2445 1709 2869 1783 ἀρχιεπίσκοπος
2926 1709 3168 1778 γένηται.
3214 1708 3336 1762 Ὀτι
3403 1703 3494 1761 οὖν
3562 1727 3690 1770 τινες

472 1810 525 1863 in
585 1805 800 1875 preprio
844 1811 989 1858 statu
1052 1815 1291 1863 manere,
1344 1809 1398 1853 et
1449 1794 1800 1853 Alexandrini
1856 1799 2030 1853 archi-

2137 1800 2200 1852 οὐ
2234 1800 2597 1869 παρεδέχοντο
2632 1800 2859 1862 τούτους
2880 1799 3055 1852 ταῦτα
3082 1799 3383 1871 λέγοντας,
3422 1798 3612 1871 ὥρισεν
3660 1801 3687 1871 ὴ

469 1899 701 1969 episcOpi
736 1896 1125 1951 ordinationem
1182 1902 1516 1962 exspectare.
1600 1892 1809 1946 lnterea
1858 1902 2037 1946 autem

466 1991 551 2045 vel
580 1990 708 2044 dare
741 1989 1082 2056 iidejussores
1114 1986 1181 2041 de
1211 1985 1472 2050 sistendo,
1514 1984 1597 2038 vel
1619 1985 1662 2039 si
1695 1984 2039 2052 [idejussores

466 2077 598 2133 dare
624 2092 727 2131 non
758 2084 1000 2146 possunt,
1049 2091 1235 2129 eorum
1268 2074 1624 2144 jurejurando
1654 2074 1812 2127 ﬁdem
1855 2074 2039 2127 haberi

467 2169 674 2241 (Grmce
699 2178 778 2222 est
813 2166 1134 2237 ἐξωμοσία).
1175 2167 1471 2220 Eslautem
1502 2166 1795 2236 ἐξωμοσία,
1826 2166 1949 2217 dum
1984 2167 2037 2219 in

464 2272 626 2331 caput
645 2260 985 2329 imperaturis
1006 2261 1085 2314 vel
1110 2262 1160 2313 in
1186 2260 1454 2329 pr0priani
1474 2258 1861 2327 salutemjurat
1890 2261 2040 2327 quis-

458 2357 624 2425 piam.
661 2354 861 2407 Dicitur
906 2363 1083 2407 autem
1136 2352 1425 2420 ἐξωμοσία,
1456 2352 1595 2420 quod
1637 2366 1739 2405 non
1773 2350 2044 2406 reducitur

463 2449 564 2504 hoc
588 2447 962 2516 jusjurandum
990 2446 1284 2501 secundum
1324 2445 1664 2515 jurisperitos
1699 2444 1765 2498 ad
1798 2434 2039 2515 quinque

460 2539 821 2609 jurisjurandi
856 2540 1062 2608 species
1090 2537 1204 2606 lege
1234 2545 1483 2599 statutas,
1516 2537 1606 2591 sed
1637 2545 1719 2589 est
1747 2548 1895 2589 extra
1923 2551 2037 2590 eas.

458 2629 602 2700 Lege
632 2629 665 2683 8
691 2630 855 2684 them.
891 2628 962 2685 20
987 2628 1168 2700 cap.~4§
1192 2628 1275 2687 tit.
1329 2642 1402 2680 vn
1448 2626 1541 2681 lib.
1570 2626 1788 2681 Basilic.
1833 2638 1886 2681 et
1920 2642 2040 2696 qua:

461 2732 619 2774 extra
666 2721 866 2788 scripta
915 2727 1060 2775 sunt.
1141 2690 1279 2774 ﬂeta
1321 2727 1497 2772 autem
1544 2733 1613 2772 ex
1645 2718 1746 2773 hoc
1788 2718 2039 2787 praesenti

466 2826 677 2868 canone
707 2813 977 2881 quomodo
1027 2813 1314 2881 exponitur
1360 2812 1428 2866 20
1472 2825 1642 2866 canon
1687 2811 2035 2879 apostoliCus,

459 2904 684 2958 dicens:
729 2905 971 2960 Clericus
992 2903 1291 2973 ﬁdejubens
1312 2904 1645 2976 deponatur;
1696 2914 1751 2959 et
1777 2904 1893 2975 lege
1920 2904 2038 2977 ejus

459 2993 979 3062 interpretationem.

2145 1892 2361 1954 σύνοδος
2400 1893 2567 1963 μηδέν
2594 1910 2644 1945 τι
2679 1894 2875 1956 αὐτοὺς
2906 1892 3099 1946 παθεῖν
3142 1895 3335 1959 κακὸν,
3367 1892 3499 1947 ἀλλὰ
3529 1893 3694 1962 μένειν

2145 1985 2352 2052 ἐπὶτῆς
2382 1985 2591 2047 οἰκείας
2623 1984 2927 2054 ἐπιτιμίας,
2971 1964 3069 2040 καὶ
3114 1985 3417 2055 ἀναμένειν
3467 1982 3563 2055 τὴν
3613 1985 3695 2037 τοῦ

2158 2076 2567 2146 Ἀλεξανδρείας
2611 2078 2973 2146 χειροτονίαν.
3017 2078 3105 2149 Ἐν
3134 2077 3215 2148 τῷ
3250 2078 3399 2148 μέσῳ
3449 2077 3563 2148 asa
3616 2077 3696 2143 ὲγ-

2144 2169 2354 2237 γυητὰς
2394 2166 2581 2221 δοῦναι
2638 2169 3062 2239 παραστάσεως,
3121 2168 3152 2239 ἢ
3202 2169 3299 2221 ἐὰν
3360 2169 3433 2239 μὴ
3461 2168 3695 2220 δύνανται

2146 2257 2330 2311 δοῦναι
2419 2260 2712 2331 ἐγγυητὰς,
2800 2261 3075 2331 ἐξωμοσία
3192 2260 3691 2329 καταπιστευθῆναι.

2159 2349 2463 2420 Ἐξωμοσία
2495 2352 2551 2403 δὲ
2583 2354 2699 2405 ἐστι
2722 2353 2783 2405 τὸ
2810 2353 2890 2415 είς
2915 2351 3015 2422 τὴν
3041 2351 3285 2422 κεφαλὴν
3308 2351 3400 2404 τοῦ
3427 2350 3693 2421 βασιλέως,

2145 2440 2177 2509 ἢ
2217 2443 2297 2505 είς
2324 2443 2423 2508 τὴν
2462 2442 2672 2495 οἰκείαν
2702 2443 2978 2513 σωτηρίαν
3002 2442 3203 2512 ὀμόσαι
3263 2444 3411 2496 τινά.
3448 2442 3692 2495 Καλεῖται

2143 2532 2199 2584 δὲ
2232 2533 2525 2603 ἐξωμοσία,
2554 2535 2637 2587 ὅτι
2664 2534 2763 2587 οὐκ
2796 2534 3057 2603 ἀνάγεται
3086 2535 3114 2586 ὁ
3142 2535 3313 2605 ὅρκος
3367 2528 3520 2598 οὗτος
3568 2532 3694 2586 κατὰ

2142 2629 2271 2688 τοὺς
2313 2627 2649 2696 νομομαθεῖς
2701 2630 2780 2690 είς
2835 2628 2962 2690 τοὺς
3049 2627 3474 2698 νενομισμένους
3547 2617 3691 2677 πέντε

2138 2717 2499 2785 ὂρκους,άλλ’
2554 2718 2659 2785 ἐξω
2690 2720 2902 2773 τούτων
2944 2720 3083 2773 ἐστί.
3140 2720 3256 2773 Καὶ
3307 2720 3613 2786 ἀνάγνωσω
3640 2716 3692 2767 τὸ

2143 2808 2194 2880 η’
2218 2809 2362 2877 θέμα
2403 2809 2498 2862 τοῦ
2530 2817 2578 2863 κ’
2611 2827 2739 2880 κεφ.
2765 2810 2857 2863 τοῦ
2923 2809 2976 2875 ς’
3002 2810 3179 2864 τίτλου
3243 2811 3338 2864 τοῦ
3399 2810 3444 2876 ζ’
3508 2808 3690 2880 βιϐλίου

2136 2901 2244 2953 τῶν
2276 2901 2607 2967 Βασιλικῶν,
2629 2904 2723 2956 καὶ
2759 2904 2827 2957 τὰ
2881 2902 3081 2969 ἔξωθεν
3115 2903 3284 2957 αὑτοῦ
3326 2899 3687 2974 γεγραμμένα.

2135 2995 2452 3065 Σημείωσαι
2501 2995 2557 3048 δὲ
2616 2998 2724 3050 ἀπὸ
2778 2997 2873 3049 τοῦ
2948 2996 3220 3067 παρόντος
3289 2997 3509 3057 κανόνος
3558 2994 3689 3052 ὅπως

458 3082 817 3155 ἑρμηνεύεται
845 3088 873 3139 ὁ
935 3084 1287 3149 ἀποστολικδς
1342 3091 1389 3140 κ’
1482 3083 1680 3151 κανὼν,
1725 3085 1754 3135 ό
1782 3082 1959 3151 λέγων
1992 3085 2304 3156 ’Κληρικδς
2330 3088 2533 3157 ἐγγύας
2563 3088 2740 3151 διδοὺς
2789 3087 3190 3160 καθαιρείσθω,
3253 3089 3349 3143 καὶ
3402 3087 3687 3155 ἀνάγνωσον

457 3178 555 3249 τὴν
590 3180 782 3234 τούτου
813 3182 1135 3251 ἑρμηνείαν.

532 3356 779 3413 ZONAR.
813 3355 870 3411 lu
921 3365 1113 3426 quarta
1151 3355 1354 3426 synodo
1403 3364 1591 3409 contra
1628 3357 1939 3410 Dioscorum
1968 3367 2030 3406 ac

2206 3352 2445 3405 ΖΩΝΑΡ.
2483 3352 2569 3403 Ἐν
2596 3355 2661 3422 τῇ
2691 3353 2929 3425 τετάρτῃ
2971 3352 3173 3421 συνόδῳ
3222 3355 3295 3421 τῇ
3328 3355 3387 3406 ἐν
3412 3350 3688 3421 Χαλκηδόνι

458 3450 809 3521 Entychetem
858 3462 1154 3516 eorumque
1201 3448 1442 3516 gregales
1493 3447 1836 3501 Chalcedone
1885 3445 2025 3499 cele-

458 3544 634 3605 brata,
687 3540 919 3611 [Egyptii
972 3539 1188 3608 quidam
1224 3540 1461 3607 episc0pi
1496 3554 1615 3591 cum
1651 3540 1921 3601 adessent,
1975 3547 2030 3589 ut

458 3634 701 3703 ejusdem
736 3633 925 3703 synodi
974 3634 1209 3693 decreta,
1259 3647 1322 3685 ex
1349 3630 1517 3684 sancti
1560 3629 1753 3683 Leonis
1804 3624 2029 3681 Romani

460 3744 609 3795 papa:
635 3727 698 3778 ad
732 3723 1041 3777 Flavianum
1078 3723 1444 3776 beatissimum
1480 3720 1892 3787 Constantinop.
1941 3732 2031 3769 ar-

456 3820 713 3887 chiepisc.
759 3818 937 3872 missis
964 3816 1152 3870 litteris
1173 3816 1337 3876 edita,
1372 3813 1733 3881 chirographo
1768 3826 1866 3865 suo
1894 3824 2029 3863 con-

458 3914 752 3972 firmarent,
795 3908 983 3962 adduci
1020 3922 1121 3960 non
1173 3915 1443 3975 poterant.
1483 3904 1600 3959 Non
1629 3904 1767 3973 quod
1811 3918 1871 3957 ea
1903 3903 2025 3972 qui-

457 4006 601 4066 dem,
634 4011 693 4055 ut
725 4002 992 4063 ferebant,
1040 4000 1109 4051 illi
1158 3999 1332 4052 minus
1381 3997 1711 4066 probarent;
1759 3995 1851 4049 scd
1884 3996 2025 4063 quod

454 4093 796 4148 Alexandria:
859 4092 1301 4159 arcliiepisc0pus
1381 4102 1507 4143 tunc
1569 4089 1784 4159 quidem
1851 4087 2028 4141 nullus

454 4196 606 4251 erat;
647 4183 1029 4253 Aﬂgyptimum-
1054 4182 1428 4251 episcoporum
1462 4156 1874 4233 consuetudinis
1906 4192 2026 4231 esse

454 4277 714 4343 dicentes,
744 4276 872 4330 nihil
906 4275 1206 4329 inconsulto
1227 4272 1597 4327 Alexandrino
1620 4272 2025 4340 archiepiseopo

454 4371 521 4423 de
573 4371 734 4423 rebus
783 4366 1165 4422 ecclesiasticis
1217 4366 1581 4429 constituere;
1621 4365 1825 4417 idcirco
1872 4361 2025 4430 parvi

452 4462 552 4515 sibi
591 4460 852 4528 temporis
877 4475 1103 4522 moram,
1141 4458 1307 4509 donec
1338 4456 1381 4509 is
1403 4463 1617 4508 creatus
1650 4456 1857 4515 fuisset,
1891 4468 2022 4507 con-

451 4552 569 4605 cedi
594 4551 954 4619 postulabant.
976 4548 1078 4599 Sed
1097 4544 1361 4615 Egyptiis
1378 4545 1645 4611 episcopis
1666 4544 1805 4610 quod
1838 4556 2021 4593 eorum

453 4656 643 4709 nempe
671 4641 827 4693 [idem
857 4648 1163 4708 suspectum
1192 4637 1449 4707 baberent
1475 4675 1490 4697 ,
1525 4645 1685 4702 atque
1713 4635 1832 4686 ideo
1863 4648 2023 4702 syno-

452 4736 568 4787 dicc
596 4734 808 4786 decreta
835 4732 945 4784 suis
975 4728 1459 4789 subscriptionibus
1489 4726 1811 4780 centirmare
1837 4726 2021 4777 nolue-

453 4833 599 4889 runt,
622 4822 972 4889 deposititmis
1017 4833 1228 4888 pmnam
1269 4817 1458 4887 synodi
1520 4817 1787 4885 antistites
1815 4817 2018 4883 irroga~

451 4930 595 4966 vere.
641 4912 741 4978 Qui
786 4922 962 4965 tmncn
1011 4913 1061 4962 in
1101 4909 1304 4980 synodo
1340 4906 1613 4976 principes
1661 4905 1759 4958 viri
1797 4907 2022 4957 aderant

449 5004 611 5059 simul
644 5020 763 5056 cum
794 5013 1010 5066 senatu,
1032 5000 1132 5066 'ut,
1163 5000 1507 5054 manentibus
1538 4999 1673 5066 ipsis
1704 4999 1755 5050 in
1802 4998 2018 5066 proprio

447 5097 724 5165 dignitatis
755 5095 1077 5164 episr0palis
1114 5092 1338 5154 habitu,
1370 5091 1716 5144 Alexandrini
1751 5090 2020 5157 archiepi-

445 5190 595 5259 Scopi
630 5192 959 5242 creationem
985 5194 1378 5255 exspectarent,
1408 5184 1630 5237 concedi
1652 5192 1901 5249 oportere
1922 5197 2012 5233 ar-

444 5282 806 5335 bitrabantur.
835 5276 1035 5333 V'crum
1063 5293 1183 5347 syn.
1232 5276 1502 5330 antistites
1522 5272 1842 5327 delationem
1872 5273 2013 5325 illam

444 5386 761 5444 praetextum
781 5389 920 5437 esse,
941 5382 996 5424 ut
1022 5373 1164 5424 nacti
1193 5370 1492 5422 libertatem
1514 5367 1871 5428 discederent,
1899 5382 2017 5418 sus-

442 5466 625 5536 picati,
658 5468 722 5518 de
753 5466 964 5517 illm'um
1000 5466 1051 5515 in
1088 5462 1217 5516 urbe
1244 5459 1837 5527 Constantinopolitana
1865 5474 2017 5509 man-

439 5561 590 5612 sione
616 5572 907 5627 sponsores
957 5557 1071 5608 dari
1110 5554 1471 5624 postulabant.
1504 5550 1618 5617 Qua
1651 5552 1865 5620 quidem
1917 5566 2013 5618 p0-

436 5652 730 5704 stulatione
773 5666 802 5703 a
835 5648 1162 5719 principibus
1204 5660 1415 5716 quoque
1443 5656 1493 5698 et
1523 5653 1711 5698 senatu
1756 5642 2006 5712 probata,

437 5741 726 5813 JEgypIiis,
760 5751 819 5795 ut
862 5742 941 5795 rcl
973 5740 1319 5810 lidejussores
1352 5738 1563 5801 darent,
1599 5736 1641 5789 si
1671 5751 1805 5805 quos
1836 5737 2002 5789 habe-

435 5846 577 5902 eeut,
612 5836 696 5890 vel
729 5844 875 5891 certe
912 5843 1251 5889 sacramento
1296 5829 1450 5887 ﬁdem
1499 5844 1652 5887 suam
1693 5828 1997 5897 obstringe-

2138 3445 2575 3519 συγκροτηθείσῃ
2602 3448 2744 3498 κατὰ
2782 3445 3077 3514 Διοσκόρου
3128 3446 3223 3498 καὶ
3298 3444 3561 3515 Εὑτυχοῦς
3607 3442 3689 3494 καὶ

2138 3534 2247 3586 τῶν
2281 3537 2598 3605 ὁμοφρόνων
2632 3537 2816 3601 αὐτοῖς
2861 3536 3117 3607 παρῆσαν
3148 3536 3240 3588 καί
3314 3553 3454 3599 τινες
3500 3534 3599 3587 τῶν
3638 3532 3688 3597 ἐξ

2133 3628 2413 3695 Αἰγύπτου
2438 3629 2751 3692 ἐπίσκοποι,
2792 3630 2842 3681 οἳ
2869 3628 3214 3700 παρῃτοῦντο
3253 3627 3568 3698 ὑπογράψαι
3590 3625 3685 3685 τοῖς

2131 3719 2621 3791 δογματισθείσιτῇ
2651 3721 2781 3790 ἁγίᾳ
2816 3720 3043 3790 συνόδῳ,
3068 3721 3317 3792 ἑπομένῃ
3349 3724 3411 3789 τῇ
3452 3715 3681 3783 ἐπιστολῇ

2131 3811 2224 3863 τοῦ
2254 3814 2402 3865 ὁσίου
2432 3813 2661 3876 Λέοντος
2685 3815 2886 3867 πάππα
2918 3812 3156 3883 Ῥώμης,
3187 3815 3253 3884 ἢν
3287 3811 3560 3867 ἐπέστειλε
3615 3805 3682 3875 τῷ

2137 3907 2422 3975 ἁγιωτάτῳ
2453 3907 2868 3977 ἁρχιεπισκόπῳ
2903 3905 3538 3968 Κωνσταντινουπόλεως
3560 3901 3679 3953 Φλα-

2132 3999 2323 4067 6ιανῷ.
2360 3999 2713 4071 Παρῃτοῦντο
2740 4000 2820 4061 δὲ,
2861 3999 2959 4067 οὐχ
2991 3999 3067 4061 ὡς
3098 3998 3535 4068 ἁπαρεσκόμενοι
3582 3992 3678 4053 τοῖς

2127 4092 2308 4155 δόξασι
2329 4095 2393 4161 τῇ
2429 4092 2666 4161 συνόδῳ’
2699 4089 2811 4143 ἀλλ’
2847 4091 2926 4142 ὃτι
2967 4089 3371 4158 Ἀλεξανδρείας
3393 4088 3487 4142 οὐκ
3509 4082 3571 4156 ἦν
3597 4100 3683 4151 τη·-

2130 4183 2364 4237 νικαῦτα
2394 4184 2848 4253 ἀρχιεπίσκοπος,
2887 4182 3138 4249 λέγοντες
3163 4182 3284 4245 ἔθος
3339 4178 3475 4236 εἶναι
3512 4181 3565 4231 ἐν
3593 4176 3678 4229 Λί-

2130 4275 2340 4344 γὺπτῳ,
2376 4274 2697 4345 ἀρχιερεῦσι
2751 4275 2917 4343 μηδὲν
2937 4290 2988 4326 τι
3015 4274 3279 4345 πράττειν
3308 4274 3675 4343 ἐκκλησιαστι-

2128 4368 2222 4421 κὸν
2244 4367 2396 4435 παρὰ
2425 4367 2650 4436 γνώμην
2670 4366 2764 4418 τοῦ
2802 4366 3209 4437 Ἀλεξανδρείας
3231 4362 3672 4437 ἀρχιεπισκόπου›

2130 4460 2225 4513 καὶ
2254 4459 2532 4524 ἀξιοῦντες
2562 4458 2846 4528 ἐνδοθῆναι
2880 4460 3085 4523 αὐτοῖς,
3120 4459 3319 4530 μέχρις
3350 4460 3415 4513 ἂν
3456 4453 3674 4516 Ἀλεξαν-

2126 4549 2307 4620 δρείας
2349 4547 2778 4618 ἁρχιεπίσκοπος
2811 4549 3059 4617 γένηται.
3085 4550 3149 4601 Ol
3176 4549 3273 4618 μὲν
3294 4546 3388 4602 οῦν
3419 4547 3514 4613 τῆς
3538 4540 3675 4595 συνό·

2127 4640 2218 4692 δου
2284 4642 2581 4711 ἀρχιερεῖς,
2638 4641 3042 4703 ὑποπτεύοντες
3099 4642 3172 4704 ώς
3209 4639 3602 4712 ἐτεροδοξοῦσιν
3629 4632 3671 4684 οἱ

2128 4732 2415 4801 Αἰγύπτιοι
2448 4734 2761 4797 ἐπίσκοποι,
2798 4735 2892 4786 καὶ
2930 4734 3018 4786 διὰ
3074 4733 3232 4787 τοῦτο
3290 4736 3352 4787 οὐ
3414 4729 3672 4802 βούλονται

2124 4824 2418 4894 βεῦαιῶσαι
2466 4826 2956 4896 δι’ὑποσημασίας
3016 4825 3224 4887 οίκείας
3281 4827 3350 4879 τὰ
3403 4815 3671 4875 συνοδικῶς
3746 4862 3749 4863 ν

2123 4917 2489 4987 ψηφισθέντα,
2526 4919 2846 4986 καθαίρεσιν
2876 4917 3100 4971 ἐκείνων
3133 4914 3576 4986 κατεψηφίζοντο.
3613 4905 3667 4957 Οἱ

2122 5010 2177 5061 δὲ
2218 5010 2602 5079 συμπαρόντες
2624 5012 2689 5078 τῇ
2723 5009 2929 5078 συνόδῳ
2966 5009 3227 5077 ἄρχοντες
3272 5012 3368 5061 καὶ
3392 5009 3422 5077 ἠ
3448 5000 3668 5069 σύγκληο

2125 5120 2214 5163 τος
2253 5102 2476 5168 διέγνων
2501 5102 2611 5153 δεῖν
2642 5102 2920 5170 ἐνδοθῆναι
2947 5103 3148 5165 αὐτοῖς,
3187 5103 3437 5171 μένουσιν
3462 5097 3546 5148 ἐπὶ
3585 5087 3667 5141 τοῦ

2110 5192 2321 5246 οἰκείου
2351 5192 2626 5260 σχήματος
2659 5192 2756 5260 τῆς
2816 5192 3210 5261 ἀρχιερατικῆς
3245 5190 3435 5254 ἀξὶας,
3476 5180 3666 5249 ἀναμέσ-

2122 5300 2233 5334 νειν
2262 5284 2359 5350 τὴν
2389 5283 2720 5351 χειροτονίαν
2750 5281 2844 5334 τοῦ
2889 5283 3296 5353 Ἀλεξανδρείας
3332 5270 3667 5353 άρχιεπισκὸο

2122 5392 2245 5426 που.
2282 5374 2425 5425 Οἱδέ
2468 5391 2529 5443 γε
2578 5373 2679 5442 τῆς
2728 5374 2945 5426 συνόδου
2985 5375 3282 5443 ἀρχιερεῖς,
3336 5372 3531 5438 σκῆψιν
3577 5363 3665 5427 τὴν

2124 5465 2419 5535 ὑπέρθεσιν
2468 5466 2832 5527 ὑπολαϐόντες
2878 5464 3038 5528 εἶναι,
3072 5466 3159 5518 ἵνα
3203 5468 3456 5535 τυχόντες
3500 5454 3665 5509 ἁδείας

2121 5556 2573 5625 ὑποχωρήσωσιν,
2602 5554 2765 5625 ᾔτουν
2794 5555 2997 5622 ἐγγύας
3022 5554 3203 5608 δοῦναι
3227 5554 3418 5614 αὐτοὺς
3442 5539 3667 5617 προσμέ·

2116 5663 2227 5700 νειν
2261 5650 2326 5715 τῇ
2358 5646 2588 5715 βασιλίδι
2635 5646 2742 5697 τῶν
2768 5648 2975 5699 πόλεων
2995 5660 3009 5673 ⁸
3060 5645 3157 5697 καὶ
3178 5647 3227 5699 ei.
3249 5646 3500 5715 ἄρχοντες
3526 5627 3661 5695 καὶὴ

2112 5739 2412 5808 σύγκλητος
2433 5738 2782 5808 ἀπεφήναντο
2799 5737 2831 5807 ἢ
2846 5736 3049 5805 ἐγγύας
3072 5737 3269 5801 αὐτοὺς
3299 5729 3602 5806 παρασχεῖν,
3618 5727 3663 5777 εἰ

2104 5832 2389 5903 εὐποροῖεν
2416 5831 2725 5902 ἐγγυητῶν,
2752 5831 2785 5899 ἢ
2833 5830 3106 5901 ἐξωμοσία
3159 5818 3657 5885 καταπιστευθῆνίιμ
