3940 6480
443 346 549 408 tuo

1705 349 1980 412 THEOD.
2013 352 2410 419 BALSAMON

3580 354 3676 416 500

436 460 777 516 'lheotioreto
827 464 1155 532 conscripta.
1211 472 1264 516 et
1323 465 1424 517 “NB
1469 463 1774 533 epistolam.
1827 464 1990 520 Nullo:

2113 468 2208 517 καὶ
2238 468 2364 526 τοὺς
2412 463 2806 532 ὁμοδοξοῦντας
2850 465 3071 530 αὐτοῖς’
3109 467 3205 521 καὶ
3258 468 3331 523 τὰ
3381 467 3528 538 παρὰ
3587 469 3674 520 τοῦ

432 565 561 604 vero
594 567 826 607 canones
850 568 909 608 ea
941 555 1174 622 synodus
1207 558 1583 626 promulgavit.

913 837 997 890 DE
1025 838 1250 894 SEXTA
1285 840 1580 898 SYNODO.

509 927 700 981 BALS.
726 928 889 982 Sexta
925 933 1164 1001 synodus
1204 932 1304 986 fuit
1347 936 1398 988 in
1435 936 1530 988 hat:
1567 936 1775 989 urbium
1819 939 2000 1003 regina

433 1018 728 1082 ltitperatile
782 1018 1139 1075 Constantino
1168 1022 1443 1094 Pagonan
1499 1025 1787 1082 Iustiniani
1824 1040 1998 1097 patre,

431 1109 664 1164 lleraelii
699 1127 825 1163 vero
849 1122 1062 1180 nepote,
1095 1130 1216 1168 eum
1255 1115 1356 1170 170
1391 1120 1558 1172 Sancti
1587 1119 1773 1174 Patres
1801 1135 2000 1174 conve-

432 1203 642 1256 nissent
671 1201 930 1258 adversus
965 1204 1335 1276 Theodorum,
1366 1209 1454 1277 qui
1490 1211 1542 1262 in
1589 1210 1761 1264 Pbara
1789 1212 2001 1279 episco-

415 1304 615 1363 \patnnt
649 1307 908 1362 gesserat.
942 1297 1234 1352 Honorium
1285 1301 1376 1370 qui
1425 1301 1626 1366 Romae,
1676 1302 1874 1372 Cyrum
1908 1303 1998 1371 qni

435 1385 797 1447 Alexandrina,
819 1386 1090 1456 Sergium,
1110 1387 1397 1458 Pyrrhum,
1419 1389 1642 1445 Paulum
1681 1404 1732 1446 et
1756 1394 1997 1453 Petrum.

429 1476 522 1543 qui
548 1477 798 1530 Ecclesiae
816 1477 1424 1547 Constantinopolitanm
1453 1485 1798 1552 praal'uerant,
1820 1484 2000 1538 Maca-

431 1568 569 1619 rium
604 1568 1019 1633 Antiochenam,
1057 1583 1107 1624 et
1135 1570 1467 1640 Stephanum
1498 1575 1614 1642 ejus
1651 1575 1996 1642 discipulum,

429 1665 483 1709 et
509 1657 920 1727 Polyehronium
957 1661 1182 1715 delirum
1241 1678 1446 1722 senem.
1483 1666 1570 1732 qui
1623 1666 1735 1718 ausi
1785 1664 1998 1719 fuerant

429 1747 623 1815 dogma
688 1750 1050 1811 introducere,
1130 1753 1415 1806 Dominum
1493 1765 1736 1808 nostrum
1811 1756 1994 1810 Jesum

2104 558 2456 626 Θεοδωρήτου
2495 558 2880 626 συγγραφέντα
2917 559 3189 628 κεφάλαια
3214 576 3228 590 ’
3268 563 3364 612 καὶ
3406 559 3504 628 τὴν
3562 561 3674 612 Ἴδα

2105 650 2420 719 ἐπιστολήν.
2457 651 2705 714 Κανόνας
2735 650 2791 702 δὲ
2837 653 2869 721 ή
2925 653 3149 706 τοιαύττι
3210 651 3437 714 σύνοδος
3469 655 3568 704 οὐκ
3595 653 3674 717 tg-

2106 739 2275 791 έθετο.

2412 832 2570 884 ΠΕΡΙ
2603 831 2737 884 ΤΗΣ
2768 833 2997 885 ΕΚΤΗΣ
3028 833 3331 884 ΣΥΝΟΔΟ]

2173 926 2365 980 ΒΑΛΣ.
2430 925 2494 978 Ἢ
2548 926 2677 994 ἕκτη
2735 925 2949 989 σύνοδος
3009 929 3235 995 γέγονεν
3289 931 3350 981 ἐν
3397 929 3570 998 ταύτῃ
3615 932 3676 997 τῇ

2107 1017 2336 1087 βασιλίδι
2366 1017 2472 1068 τῶν
2494 1017 2700 1070 πόλεων
2722 1017 3094 1087 βασιλεύοντος
3123 1019 3547 1072 Κωνσταντίνου
3576 1020 3663 1073 τοῦ

2104 1107 2465 1175 Πωγωνάτου,
2499 1109 2706 1176 πατρὸς
2732 1109 2828 1176 μὲν
2849 1108 2940 1160 τοῦ
2983 1109 3399 1176 Ἰουστινιανοῦ,
3419 1111 3677 1178 ἀπογόνου

2104 1198 2160 1252 δὲ
2189 1199 2285 1250 τοῦ
2315 1199 2646 1269 Ἡρακλείου
2681 1198 2816 1269 (46),
2850 1201 3044 1253 ἑκατὸν
3095 1203 3482 1272 ἐϐδομήκοντα
3515 1205 3678 1269 ἁγίων

2102 1289 2359 1358 Πατέρων
2403 1287 2898 1358 συναθροισθέντων
2950 1291 3090 1343 κατὰ
3145 1291 3430 1358 Θεοδώρου
3469 1296 3679 1346 ἐπισκο-

2103 1378 2402 1441 πεὺσαντος
2432 1381 2490 1430 ἐν
2515 1381 2688 1450 Φαρᾷ,
2729 1381 2983 1450 Ὀνωρίου
3020 1381 3264 1450 Ῥώμης,
3298 1385 3483 1453 Κύρου
3535 1383 3678 1436 Ἀλε-

2101 1469 2669 1540 ξανδρεία;,Σεργίου,
2709 1471 2912 1542 Πύρου,
2939 1472 3171 1533 Παύλου,
3201 1474 3296 1526 καὶ
3333 1475 3560 1544 Πέτρου,
3587 1475 3678 1544 τῆς

2101 1562 2158 1612 ἐν
2197 1562 2769 1615 Κωνσταντινουπόλει
2813 1561 3138 1632 Ἐκκλησίας
3173 1565 3675 1634 προεδρευσὰντων,

2104 1654 2392 1724 Μακαρίου
2445 1653 2775 1721 Ἀντιοχείας
2801 1655 2896 1707 καὶ
2955 1655 3232 1722 Στεφάνου
3288 1655 3385 1708 τοῦ
3437 1656 3674 1726 μαθητοῦ

2099 1747 2288 1811 αὑτοῦ,
2321 1748 2413 1800 καὶ
2435 1747 2829 1816 Πολυχρονίου,
2859 1746 2954 1799 τοῦ
2988 1748 3363 1818 νηπιὸφρονος
3398 1747 3671 1816 γέροντος,

427 1836 706 1893 Christum
757 1857 917 1894 unam
962 1845 1292 1898 voluntatem
1333 1855 1386 1899 et
1434 1862 1593 1898 unam
1628 1846 1990 1913 Operationem

2101 1842 2204 1894 τῶν
2232 1840 2619 1908 τολμησάντων
2653 1839 2984 1908 δογματίσαι
3029 1838 3086 1891 ἓν
3141 1839 3360 1909 θέλημα
3400 1841 3496 1892 καὶ
3555 1842 3675 1906 μίαν

429 1933 649 1992 habere,
676 1945 958 2001 postquam
987 1936 1300 1991 incarnatus
1327 1949 1430 1991 est.
1455 1940 1600 2002 Quos
1645 1955 1765 1993 cum
1807 1941 1872 1995 iis
1904 1943 1996 2010 qui

427 2026 833 2080 consentiebant
855 2027 979 2093 illis,
1004 2044 1066 2082 ex
1101 2027 1335 2082 Ecclesia
1361 2032 1654 2099 amputavit
1689 2042 1743 2085 et
1774 2034 1994 2088 anathe-

429 2119 704 2171 matizavit
753 2131 941 2173 sancta
1001 2121 1112 2175 haec
1172 2123 1412 2192 synodus
1465 2142 1478 2176 :
1534 2124 1667 2179 duas
1726 2126 1998 2181 naturales

426 2210 733 2264 voluntates
761 2213 974 2266 etduas
1015 2217 1358 2282 operationes
1389 2217 1590 2269 similes
1636 2217 1834 2271 habere
1875 2228 1998 2285 post

425 2303 857 2356 incarnationem
901 2313 1146 2358 statuens
1194 2304 1482 2374 Dominum
1535 2321 1779 2364 nostrum
1811 2311 1996 2366 Jesnm

423 2393 721 2457 Christum,
753 2409 858 2446 non
893 2396 943 2448 in
983 2396 1246 2454 divisione
1278 2415 1651 2466 personarum,
1711 2403 1804 2456 sed
1855 2405 1995 2473 quod

425 2482 564 2535 nulla
593 2492 785 2537 natura
812 2499 875 2538 ex
908 2485 1113 2539 duabus
1131 2488 1358 2553 naturis,
1383 2504 1502 2557 quae
1531 2499 1657 2543 sunt
1681 2492 1732 2544 in
1755 2491 1994 2556 Christo,

344 2641 350 2647 ἢ
422 2583 506 2627 est
550 2575 668 2628 sine.
722 2575 1000 2630 voluntate
1056 2579 1136 2631 vel
1189 2582 1537 2647 Operatioue:
1592 2596 1658 2634 ne
1713 2585 1995 2652 utriusque

425 2677 630 2719 natnrte
683 2666 910 2721 sublatis
975 2670 1124 2723 hisce
1180 2673 1622 2745 proprietatibus,
1680 2675 1996 2743 operatione

424 2755 545 2810 dico
567 2765 621 2809 et
650 2758 946 2823 voluntate,
979 2763 1096 2815 duae
1123 2779 1340 2832 quoque
1360 2775 1589 2830 naturae,
1615 2781 1844 2835 quarum
1868 2778 1996 2821 sunt

424 2848 801 2915 proprietates,
823 2866 926 2905 una
958 2852 1158 2906 aul‘erri
1180 2855 1485 2910 videantur.
1506 2843 1611 2913 Sed
1627 2860 1754 2914 haec
1777 2875 1996 2930 quoque

422 2942 658 3009 synodus
691 2956 931 2996 canones
962 2960 1066 2998 non
1099 2945 1286 3000 edidit.

497 3119 648 3190 151
671 3121 923 3177 ZONAR.
940 3122 1100 3181 SeXIa
1133 3127 1389 3195 synodus,
1415 3130 1710 3199 imperante
1731 3131 1997 3192 Constan-

2100 1935 2383 2003 ἐνέργειαν
2450 1933 2596 2001 ἔχειν
2646 1932 2787 2000 μετὰ
2850 1932 2950 2000 τὴν
3002 1931 3287 1999 σάρκωσιν
3334 1931 3424 1982 τὶν
3475 1930 3673 1998 Κύριον

2110 2025 2489 2094 ἡμῶνΊησοῦν
2516 2026 2746 2093 Χριστὸν
2778 2023 2871 2086 οὓς
2897 2023 3031 2093 μετὰ
3059 2024 3165 2076 τῶν
3222 2022 3674 2092 συμφρσνούντων

2100 2120 2287 2180 αὐτοῖς
2321 2116 2548 2184 ἐξέκοψε
2576 2117 2672 2186 τῆς
2709 2117 3043 2186 Ἐκκλησίας
3074 2116 3181 2166 »καὶ
3215 2114 3614 2182 ἁνεθεμάτισεν
3642 2116 3673 2182 ὴ

2072 2210 2230 2275 ’ἁγία
2263 2208 2401 2277 αὓτη
2436 2208 2680 2269 σύνοδος·
2716 2209 2810 2260 δύο
2867 2206 3148 2276 θελήματα
3183 2207 3393 2275 φυσικᾶ
3449 2207 3543 2257 καὶ
3587 2205 3674 2256 δύο

2100 2302 2382 2370 ἐνεργείας
2401 2301 2594 2369 ὁμοίας
2648 2301 2794 2369 ἔχειν
2840 2302 2981 2369 μετὰ
3010 2299 3109 2367 τὴν
3152 2299 3438 2369 σάρκωσιν
3479 2297 3675 2366 δογμα-

2096 2393 2320 2457 τίσασα,
2348 2393 2441 2444 καὶ
2481 2391 2780 2460 κυρώσασα
2835 2392 2926 2443 τὸν
2985 2390 3191 2461 Κύριον
3251 2391 3412 2459 ἡμῶν
3475 2387 3673 2459 Ἰησοῦν

2096 2486 2335 2555 Χριστὸν
2364 2486 2464 2538 οὐκ
2491 2486 2548 2536 ἐν
2572 2484 2842 2556 διαιρέσει
2879 2485 3218 2554 προσώπων,
3251 2483 3371 2536 ἀλλ’
3407 2484 3489 2534 ὃτι
3516 2481 3672 2551 μηδε·

2105 2577 2204 2646 μία
2239 2576 2401 2646 φύσις
2430 2577 2536 2630 τῶν
2566 2577 2658 2630 δύο
2690 2577 2907 2646 φύσεων
2933 2577 3028 2628 ἐπὶ
3055 2573 3303 2646 Χριστοῦ
3327 2573 3584 2643 ἀθέλητος
3610 2569 3671 2641 ἦν

2097 2670 2130 2741 ἢ
2170 2670 2532 2741 ἀνενέργητος
2555 2686 2569 2700 ⁸
2609 2669 2696 2723 ἴνα
2727 2671 2802 2739 μὴ
2837 2669 2944 2722 τῶν
2993 2669 3304 2738 ἰδιωμάτων
3325 2667 3528 2720 τούτων
3549 2668 3671 2718 ἐκα-

2099 2761 2267 2831 τέρας
2325 2761 2541 2829 φύσεως
2609 2758 3162 2830 ἀναιρουμένιι›ν.τῆς
3214 2759 3503 2828 ἐνεργείας
3537 2755 3672 2822 λέγω

2097 2854 2194 2906 καὶ
2227 2852 2326 2922 τῆς
2353 2855 2642 2922 θελήσεως,
2668 2854 2761 2905 καὶ
2781 2852 2837 2904 αἱ
2862 2851 2954 2904 δύο
2988 2849 3201 2920 φύσεις,
3253 2843 3329 2903 ὧν
3354 2850 3497 2901 εἰσιν
3527 2847 3666 2900 ίδιώο

2099 2961 2268 3014 ματα,
2335 2945 2784 3017 συναναιρεῖσθαι
2842 2943 3090 2998 δοκῶσιν.
3143 2943 3283 2997 Ούδέ
3320 2941 3460 3013 αῦτη
3497 2941 3669 3010 μέντοι

2094 3037 2128 3108 ἡ
2161 3037 2374 3100 σύνοδος
2425 3039 2656 3101 κανόνας
2693 3036 2928 3104 ἐξέθετο.

2165 3126 2410 3180 ΖΩΝΑΡ.
2469 3126 2535 3178 Ἦ
2577 3126 2710 3194 ἕκτη
2751 3124 2965 3187 σύνοδος
3003 3125 3227 3193 γέγονεν
3275 3124 3334 3177 ἐν
3391 3121 3559 3193 ταύτῃ
3607 3121 3664 3188 τῇ

427 3212 542 3270 tino
563 3211 838 3283 Pogonato
863 3213 1088 3270 lleractii
1114 3230 1330 3286 nepote,
1356 3221 1408 3273 in
1438 3221 1540 3278 hac.
1563 3223 1777 3280 urbium
1803 3226 1990 3295 regina

2101 3215 2333 3288 βασιλίδι
2365 3218 2472 3272 τῶν
2502 3216 2709 3270 πόλεων
2739 3216 3115 3286 βασιλεύοντος
3140 3214 3554 3267 Κωνσταντὲνου
3581 3207 3667 3261 τοῦ

423 3305 601 3359 habita
632 3305 766 3374 fuit;
801 3323 922 3362 cum
950 3310 1214 3365 adversus
1244 3311 1616 3393 Theodorum,
1659 3317 1753 3385 qtti
1806 3317 1996 3376 [δίηται

421 3397 792 3466 episcopatum
843 3412 1121 3470 gesserat;
1189 3400 1512 3471 Honorium,
1562 3424 1723 3474 quem
1760 3410 1997 3466 Alexan-

419 3488 580 3552 dria;
638 3490 908 3557 Sergium,
941 3491 1226 3562 Pyrrhum,
1279 3496 1524 3563 Paulum,
1581 3497 1825 3564 Petrum.
1860 3518 1996 3571 quos

424 3577 662 3633 Ecclesia
729 3580 1324 3653 Constantinoliolitana
1391 3591 1644 3657 praesides
1694 3592 1992 3660 habuerat;

425 3669 716 3726 Hacarium
747 3673 1407 3748 Atiliocbcnum,ejusque
1433 3682 1732 3736 auditorem
1761 3683 1994 3753 Stepha-

423 3778 574 3826 num,
607 3766 940 3835 stultamque
969 3781 1022 3822 et
1059 3768 1295 3838 ineptum
1345 3783 1528 3826 senem
1551 3769 1992 3843 Polychroniuui,

421 3865 641 3909 centum
678 3867 733 3911 et
783 3861 1122 3930 septuaginta
1161 3864 1336 3917 sancti
1373 3863 1562 3920 Patres
1589 3869 1992 3925 convenissent.

421 3944 522 4011 Qui
553 3961 674 3999 cum
711 3963 874 4002 unam
927 3951 979 4003 in
1014 3950 1240 4008 Domino
1274 3964 1461 4006 nostro
1487 3953 1614 4009 Jesu
1646 3956 1866 4013 Christo
1899 3974 1990 4008 vn-

419 4036 706 4103 lnntatem,
741 4049 1023 4109 postquam
1076 4044 1118 4097 is
1157 4044 1428 4099 hominem
1482 4047 1678 4112 induit,
1721 4066 1992 4117 unamque

417 4129 684 4186 alliciendi
741 4133 848 4186 vim
919 4135 1192 4192 exstitisse
1262 4139 1500 4204 proliteri
1529 4141 1646 4197 ausi
1717 4141 1926 4206 forent;
1961 4159 1988 4195 a

420 4233 607 4283 sancta
655 4229 884 4296 synodo.
942 4244 1063 4282 cum
1130 4230 1381 4285 omnibus
1429 4233 1517 4298 qtti
1569 4236 1757 4290 eodem
1805 4252 1992 4292 errore

420 4323 756 4382 tenerentur,
793 4319 860 4370 ab
889 4317 1148 4376 Ecclesiae
1177 4339 1404 4390 corpore
1433 4327 1624 4390 excisi,
1661 4339 1824 4396 atque
1853 4345 1987 4383 ana-

421 4408 657 4462 themate
699 4412 866 4462 notati
900 4422 1044 4466 sunt.
1091 4412 1220 4478 Quae
1271 4416 1485 4484 quidem
1535 4419 1796 4488 synodus,
1853 4421 1989 4477 duas

418 4498 472 4559 iu
507 4497 728 4554 Christo
756 4499 1062 4556 voluntates
1097 4515 1379 4572 postquam
1418 4508 1708 4560 humanam
1757 4509 1858 4563 sibi
1895 4527 1988 4563 na-

2103 3310 2442 3378 Πωγωνάτου
2474 3309 2567 3362 τοῦ
2593 3308 2858 3377 ἀπογόνου
2897 3305 3244 3377 Ἡρακλείου,
3289 3304 3487 3358 ἑκατὸν
3530 3299 3668 3354 ἐσδο-

2103 3403 2344 3471 μήκοντα
2401 3400 2573 3468 ἁγίων
2642 3399 2900 3471 Πατάρων
2973 3398 3472 3468 συναθροισθέντων
3535 3392 3664 3447 κατὰ

2101 3490 2379 3563 Θειδώρου
2407 3493 2878 3563 ἐπισκοπήσαντος
2905 3493 2964 3545 ἐν
2987 3491 3196 3561 Φαρᾶν,
3235 3489 3498 3557 Ὀνωρίου
3536 3485 3664 3540 Ῥώ·

2103 3601 2231 3654 μης,
2266 3582 2448 3653 Κύρου
2487 3582 2910 3655 Ἀλεξανδρείας,
2944 3582 3190 3652 Σεργίου,
3242 3581 3486 3653 Πύρρου,
3521 3574 3661 3630 Παύ-

2099 3675 2212 3735 λου.
2240 3676 2445 3746 Πέτρου
2473 3675 2572 3745 τῆς
2607 3677 2663 3727 ἐν
2685 3674 3310 3736 Κωνσταντινουπόλεως
3345 3671 3662 3740 Ἐκκλησίας

2102 3767 2604 3836 προεδρευσάντων,
2640 3767 2932 3837 Μακαρίου
2973 3767 3306 3836 Ἀντιοχείας
3331 3766 3425 3820 καὶ
3465 3760 3663 3830 Στεφά-

2101 3875 2192 3911 νου
2213 3859 2306 3911 τοῦ
2338 3859 2578 3928 μαθητοῦ
2607 3858 2794 3928 αὐτοῦ,
2827 3861 2922 3912 καὶ
2955 3857 3320 3930 Πολυχρονίου
3349 3857 3446 3911 τοῦ
3477 3853 3657 3926 νηπιό-

2101 3959 2290 4019 φρονος
2321 3953 2596 4021 γέροντος,
2639 3951 2750 4004 τῶν
2795 3951 3187 4021 τολμησάντων
3223 3949 3281 4003 ἓν
3321 3949 3531 4017 θέλημα
3570 3944 3657 3996 καὶ

2102 4039 2230 4109 μίαν
2261 4041 2540 4110 ἐνέργειαν
2563 4041 2888 4110 δογματίσαι
2918 4041 3065 4111 ἔχειν
3092 4042 3232 4110 μετὰ
3264 4041 3365 4108 τὴν
3390 4045 3656 4107 σάρκωσιν

2097 4135 2187 4187 τὸν
2232 4133 2434 4204 Κύριον
2467 4134 2626 4203 ήμῶν
2685 4133 2895 4204 Ἰησοῦν
2936 4134 3195 4204 Χριστὸν,
3238 4133 3338 4195 οὓς
3387 4131 3522 4200 μετὰ
3554 4126 3656 4181 τῶν

2097 4226 2550 4296 συμφρονούντων
2581 4226 2760 4286 αὐτοῖς
2793 4225 3018 4295 ἐξέκοψε
3074 4226 3174 4296 τῆς
3217 4221 3546 4294 Ἐκκλησίας
3569 4216 3655 4271 καὶ
3719 4231 3724 4236 '

2094 4319 2485 4388 ἁνεθεμάτ;σεν
2533 4319 2562 4387 ή
2606 4318 2738 4384 ἁγία
2780 4316 2923 4386 αὕτη
2952 4318 3190 4383 σύνοδος,
3241 4316 3337 4371 δύο
3385 4315 3653 4383 θελήματα

2096 4412 2300 4480 φυσικὰ
2331 4411 2425 4464 καὶ
2481 4411 2574 4464 δύο
2622 4411 2907 4481 ἐνεργείας
2962 4411 3153 4480 ὁμοίας
3204 4412 3352 4481 ἔχειν
3399 4405 3536 4478 μετὰ
3561 4401 3652 4472 τὴν

2099 4507 2379 4573 σάρκωσιν
2414 4505 2812 4574 δογματίσασα,
2859 4504 2951 4558 καὶ
2986 4505 3284 4573 κυρώσασα
3321 4503 3414 4555 τὸν
3459 4497 3653 4565 Κύριον

420 4602 596 4646 turam
651 4592 919 4658 adiunxit,
969 4595 1184 4662 duoque
1231 4597 1430 4651 similia
1486 4597 1696 4668 agendi'
1724 4603 1989 4671 principia

2101 4599 2258 4666 ἡμῶν
2300 4596 2508 4666 Ἰησοῦν
2537 4597 2794 4667 Χριστὸν,
2823 4598 2921 4650 οὐκ
2953 4599 3010 4649 ἐν
3035 4595 3302 4666 διαιρέσει
3333 4588 3650 4663 προσώπων.

416 4686 640 4739 omnino
669 4686 998 4739 admittenda
1055 4698 1109 4741 et
1155 4691 1494 4755 agnosrenda
1549 4707 1672 4746 esse
1720 4693 1985 4750 deﬁnivit.

420 4773 535 4826 Non
565 4775 687 4842 quia
717 4775 999 4828 Dominum
1051 4789 1294 4832 nostrum
1327 4779 1508 4834 Jesntn
1557 4783 1837 4839 Christum
1871 4802 1990 4852 per-

417 4881 672 4928 spnarttm
705 4866 1102 4933 tnultiplicitate
1137 4869 1366 4923 divisum
1416 4872 1592 4934 vellet,
1623 4875 1714 4926 sed
1752 4878 1892 4941 quod
1922 4892 1986 4931 ex

419 4954 626 5008 duabus
669 4956 816 5011 ineo
849 4959 1055 5012 naturis
1089 4969 1361 5023 neutram,
1417 4972 1506 5014 aut
1545 4963 1818 5019 voluntate
1865 4983 1986 5032 sua,

357 5059 368 5091 :,
419 5055 511 5096 aut
545 5045 734 5111 agendi
788 5045 1061 5110 facultate,
1095 5051 1339 5104 caruisse
1369 5054 1728 5111 existimaret.
1775 5056 1854 5113 Ne
1901 5061 1986 5118 iis.

417 5153 540 5206 qua:
567 5140 825 5208 cujusque
859 5149 1066 5196 naturae
1092 5147 1310 5211 propria
1348 5156 1494 5211 sunt,
1528 5149 1802 5204 voluntate
1831 5152 1989 5203 nimi-

2098 4693 2212 4747 ἀλλ’
2235 4693 2316 4745 ὅτι
2347 4691 2576 4759 οὐδεμία
2602 4692 2762 4759 φύσις
2790 4691 2898 4743 τῶν
2946 4691 3041 4744 δύο
3063 4690 3280 4757 φύσεων
3304 4689 3399 4741 ἐπὶ
3425 4676 3648 4754 Χριστοῦ

2095 4786 2355 4854 ἁθέλητος
2375 4779 2442 4856 ἦν
2471 4785 2504 4855 ἢ
2534 4785 2890 4854 ἀνενέργητος
2925 4798 2938 4812 ο
2970 4783 3056 4835 ἵνα
3103 4783 3198 4852 μὴ,
3227 4782 3334 4836 τῶν
3360 4771 3651 4845 ἰδιωμάτων

2096 4876 2300 4930 τούτων
2334 4875 2598 4944 ἑκατέρας
2649 4871 2864 4940 φύσεως
2907 4873 3336 4943 ἀναιρουμένων,
3383 4870 3483 4938 τῆς
3511 4868 3649 4931 ἐνερο

2098 4971 2252 5036 γείας
2293 4968 2439 5033 λέγω
2473 4968 2568 5019 καὶ
2610 4967 2707 5033 τῆς
2751 4965 3045 5035 θελήσεως,
3084 4966 3176 5018 καὶ
3221 4967 3277 5016 αἱ
3333 4964 3554 5031 φύσεις,
3579 4948 3647 5006 ὧν

2100 5064 2239 5117 εἰσιν
2277 5062 2564 5129 ἰδιώματα,
2598 5058 3039 5126 συναναιρείσθαι
3065 5059 3314 5112 δοκῶσιν.
3353 5053 3485 5106 Οὐδὲ
3515 5047 3643 5112 αὕτη

2102 5156 2286 5223 μέντοι
2312 5156 2343 5218 ἠ
2380 5152 2593 5211 σύνοδος
2620 5151 2845 5214 κανόνας
2869 5152 3104 5217 ἐξέθετο.

421 5245 536 5283 runt
566 5242 618 5285 et
643 5234 834 5299 agendi
890 5234 962 5297 vi,
993 5249 1059 5289 ex
1089 5237 1344 5292 alterutra
1395 5249 1590 5294 natura
1649 5242 1894 5307 sublatis,
1953 5246 2120 5311 ipsam
2182 5258 2394 5311 quoque.
2447 5253 2711 5308 naturam,
2767 5243 2917 5312 cujus
2975 5257 3052 5296 eae
3104 5239 3382 5295 facultates
3433 5227 3648 5304 ρτορτίε

421 5330 567 5381 sunt.
601 5323 891 5378 sustulisse
943 5325 1276 5382 viderentur.
1327 5327 1433 5383 Sed
1482 5345 1550 5384 ne
1582 5331 1742 5402 hujus
1775 5333 1991 5402 quidem
2024 5352 2142 5406 syn.
2176 5345 2296 5389 can.
2336 5334 2427 5387 ulli
2459 5349 2684 5402 usquam
2719 5333 2850 5388 editi
2879 5343 3026 5389 sunt.

1651 5449 1840 5511 Guill.
1874 5443 2203 5527 Beveregii
2243 5457 2430 5510 notae.

488 5542 598 5612 (46)
641 5543 959 5614 Ἀπογόνου
988 5546 1056 5599 δὲ
1095 5549 1463 5614 Ἠραιῑειόυ.
1507 5550 1634 5605 Post
1671 5555 1772 5608 ista
1820 5557 1981 5610 verba

536 5613 972 5692 insullodleiatto
1022 5613 1162 5692 haec,
1196 5620 1468 5686 leguntur,
1527 5625 1621 5675 ἐπὶ
1677 5626 1984 5692 Ἀγάθωνος

420 5683 877 5759 ιιάππαῚξώμης,
903 5688 1173 5753 Γεωργίου
1207 5683 1850 5759 Κώνσταντινουπόλεὶυς.
1898 5735 1912 5749 .

478 5793 493 5805 .
548 5753 966 5834 Ἀλεξανδρείας,
995 5761 1279 5831 Μακαρίαν
1325 5763 1652 5833 Ἀντιοχείας
1681 5766 1774 5818 καὶ
1808 5753 1979 5834 Ἰερο-

419 5832 684 5899 σςιλυμων.
727 5824 824 5899 Ubi
877 5832 1092 5899 nomina
1126 5824 1971 5899 ebiswpnrumnAle-xandriniet

418 5892 915 5964 Hierosolymitaui,
956 5892 1416 5957 ideirco-forsitan
1458 5905 1802 5968 omittuntur,
1843 5908 1967 5970 quia

2092 5555 2169 5611 {lli
2191 5571 2298 5608 non
2327 5554 2426 5607 nisi
2461 5569 2557 5628 per
2583 5555 2819 5628 vicarios
2849 5570 2979 5610 sons
3016 5555 3260 5628 adorant.
3315 5553 3432 5628 llzec
3471 5555 3637 5628 autem

2091 5629 2252 5681 verba
2307 5641 2406 5677 nec
2441 5626 2491 5676 in
2527 5623 2991 5687 Amerhachiano,
3033 5644 3130 5679 nec
3181 5623 3506 5680 ZEtoniensi.
3546 5625 3637 5665 “9“

2092 5697 2145 5750 in
2206 5695 2489 5762 impressis
2559 5695 2786 5747 antehac
2852 5697 3136 5750 codicibus
3194 5699 3489 5748 habentur,
3533 5695 3636 5736 etc

2088 5771 2335 5834 margine
2368 5765 2420 5817 in
2451 5773 2652 5819 textum
2679 5767 2923 5818 traducta
2974 5767 3223 5819 Videntur
3251 5784 3261 5817 :
3302 5782 3363 5817 ac
3401 5762 3633 5836 lit-optet:

2086 5854 2150 5891 ea
2184 5838 2270 5890 hic
2326 5837 2506 5902 potius
2555 5850 2619 5889 ea
2681 5837 2960 5901 adnotare,
2986 5852 3148 5906 quam
3201 5837 3272 5891 ibi
3327 5834 3636 5889 interserere

2082 5910 2255 5961 visain
2292 5918 2394 5960 est.
3087 5931 3090 5933 λ
