3940 6480
266 341 358 405 Sili)
1441 350 1524 411 IN
1554 353 1757 415 CUNC.
1815 352 1898 413 IN
1935 355 2257 418 TRULLO.

3397 370 3500 434 506

275 478 296 513 ι
333 456 565 529 μεγέθει
611 467 1063 534 Manassae;
1102 486 1161 522 τε
1212 468 1306 525 καὶ
1351 472 1731 537 ταπεινώσεως
1774 473 1816 526 τί

1942 493 1962 527 ‹
1993 484 2046 530 et
2088 474 2154 529 ad
2186 490 2245 530 se
2268 478 2541 533 revocavit
2573 494 2636 535 ac
2690 478 2934 546 reduxit,
2986 480 3140 536 nobis
3172 497 3380 550 quoque
3410 502 3495 537 se-

276 573 292 603 t
332 555 610 625 ἡμέτερον
647 559 803 626 γένος
835 564 1301 641 μεταποιήσαντα,
1336 565 1427 617 καὶ
1463 566 1599 635 πρὸς
1640 566 1832 619 ἑαυτὸν

276 665 295 694 ‹
330 646 816 718 ἀνακαλεσάμενος)
866 652 960 705 καὶ
999 653 1409 708 ἀναϐιϐάσαντα
1456 657 1551 709 καὶ
1606 654 1708 727 τὴν
1751 658 1831 720 είς

275 755 291 785 ι
328 739 385 791 τὸ
413 739 476 792 εὖ
508 737 653 795 εἶναι
680 744 865 811 τρίϐον
906 747 1037 815 ἡμῖν
1077 747 1429 811 ὑποδείξαντα
1460 748 1547 801 διά
1583 749 1690 801 τῶν
1730 749 1829 818 τῆς

274 850 292 883 t
343 832 675 902 Ἑκκλησίας
698 834 1037 909 λαμπτήρων
1058 839 1149 891 καὶ
1177 840 1533 905 διδασκάλων,
1564 856 1830 908 φωταγω-

273 945 288 977 t
326 926 576 993 γούντων
603 929 672 982 τά
698 930 839 983 κατὰ
860 930 993 984 Θεὸν
1014 935 1044 1001 ὴ
1055 933 1166 1001 μῶν
1190 933 1524 1002 διαϐήματα,
1560 935 1651 987 καὶ
1691 932 1830 1002 πρὸς

269 1038 286 1069 ι
322 1019 381 1071 τὸ
425 1019 764 1096 Εὑαγγέλιον
809 1026 1214 1096 παρορμώντων
1243 1043 1257 1058 ·
1301 1019 1375 1080 ὧν
1433 1028 1525 1080 καὶ
1577 1026 1637 1079 τὸ
1680 1026 1830 1079 πολί-

272 1128 288 1158 ι
325 1126 503 1178 τευνμα
536 1112 598 1162 ὲν
622 1112 873 1182 οὐρανοῖς
895 1115 1129 1185 ὑπάρχει
1153 1116 1294 1171 κατά
1316 1118 1406 1170 τὸν
1427 1117 1568 1170 θεῖον
1598 1117 1830 1171 ἀπόστο-

272 1220 288 1251 t
323 1201 413 1253 λον
437 1217 455 1234 ⁶
481 1202 611 1255 ὅθεν
632 1206 727 1258 καὶ
748 1204 842 1257 νῦν
868 1208 1001 1276 ἡμῖν
1025 1208 1116 1260 τὸν
1144 1210 1341 1262 οἰκεῖον
1373 1209 1490 1277 βίον
1515 1209 1827 1277 διεξάγουσι

271 1314 286 1342 ι
324 1297 723 1369 ῥᾳθυμότερον,
756 1294 850 1353 ’ἰαὶ
880 1302 947 1370 τῇ
984 1300 1090 1353 τῶν
1123 1302 1398 1370 λογισμῶν
1430 1303 1600 1372 ἀργίᾳ
1626 1302 1825 1355 καθεὺο

269 1410 281 1435 ε
319 1388 522 1453 δουσιν,
556 1390 634 1453 ὡς
658 1391 992 1446 ἐπεισελθεῖν
1030 1392 1364 1463 ἀφυλάκτοις
1405 1393 1499 1448 τὸν
1537 1394 1826 1463 δδοστάτην

272 1505 285 1532 ι
322 1482 539 1554 ἐχθρὸν,
563 1483 662 1537 καὶ
682 1486 824 1537 κατά
850 1485 1044 1557 μικρὸν
1068 1487 1165 1554 τὴν
1188 1488 1389 1558 ἀρετὴν
1418 1488 1822 1557 ὑποκλέψαντα,

272 1595 286 1627 t
323 1576 418 1646 τὴν
448 1579 659 1632 κακίαν
688 1579 821 1648 ἡμῖν
853 1580 1283 1649 ἀνθυπενεγκεῖν
1313 1598 1327 1613 ·
1368 1581 1398 1634 ὁ
1432 1580 1529 1651 τὴν
1563 1580 1851 1652 μεγίστην

269 1692 283 1721 ι
322 1672 528 1741 ταύτην
553 1672 651 1726 τοῦ
682 1674 949 1743 παρόντος
979 1675 1181 1743 κόσμου
1213 1676 1583 1747 πηδαλιουχῶν
1625 1674 1825 1730 ὁλκάδα

269 1781 285 1812 t
319 1759 561 1828 Χριστὸς
594 1765 622 1815 δ
651 1762 783 1826 Θεὸς
810 1763 991 1832 ἡμῶν,
1028 1765 1085 1816 σὲ
1115 1765 1203 1817 τὸν
1236 1765 1400 1832 σοφὸν
1436 1768 1568 1834 ἡμῖν
1622 1765 1823 1837 κυϐερ-

268 1874 283 1904 t
318 1856 503 1923 νήτην,
565 1856 658 1909 τὸν
714 1858 914 1925 εὐσεϐῆ
974 1856 1243 1925 βασιλέα,
1300 1860 1613 1929 προστάτην
1663 1859 1831 1923 ὅντως

267 1964 283 1996 ι
321 1947 647 2018 ἀνέστησεν,
713 1951 1103 2020 οἰκονομοῦντα
1142 1954 1264 2014 τοὺς
1304 1953 1494 2022 λόγους
1536 1957 1594 2008 ὲν
1626 1953 1827 2023 κρίσει,

268 2061 283 2090 ι
320 2041 669 2109 φυλάσσοντα
727 2045 809 2106 εἰς
852 2045 943 2095 τὸν
994 2046 1167 2098 αἰῶνα
1218 2047 1519 2117 ἀλήθειαν,
1573 2047 1829 2101 ποιοῦντα

270 2154 283 2180 ι
317 2134 489 2201 κρῖμα
518 2133 621 2187 καὶ
650 2135 997 2205 δικαιοσύνην
1040 2140 1099 2190 ἐν
1136 2139 1286 2207 μέσῳ
1328 2138 1426 2207 τῆς
1464 2138 1587 2208 γῆς,
1636 2139 1730 2192 καὶ
1770 2141 1829 2194 έν

269 2244 283 2273 ι
319 2225 540 2297 ἀμώμῳ
578 2227 682 2296 ὀδῷ
725 2230 1092 2298 πορευόμενον
1121 2245 1133 2260 ·
1179 2230 1238 2283 ὃν
1277 2233 1310 2300 ἡ
1356 2232 1515 2301 σοφία
1556 2234 1828 2304 κυοφορή-

266 2334 282 2364 ι
323 2333 463 2370 σασα
506 2319 607 2370 καὶ
642 2319 971 2387 μαιεὺσασα,
1013 2321 1195 2385 καλῶς
1225 2325 1342 2384 ταῖς
1374 2324 1597 2394 ἀρεταῖς
1630 2324 1831 2396 ἐκθρέ-

271 2430 286 2458 ‹
320 2411 469 2478 ψασά
498 2428 568 2464 τε
599 2412 694 2465 καὶ
734 2414 1149 2482 περιστείλασα,
1185 2421 1279 2467 καὶ
1320 2416 1463 2468 θείου
1493 2417 1828 2486 πληρώσασα

266 2522 279 2549 ι
321 2503 664 2572 ηνεὺματος,
711 2504 987 2575 ὀφθαλμὸν
1033 2507 1356 2576 οἰκουμένης
1406 2508 1704 2574 ἀπέδειξεν,
1760 2512 1826 2580 τῇ

270 2619 281 2639 ι
320 2593 407 2646 τοῦ
438 2593 540 2647 νοῦ
602 2595 936 2665 καθαρότητι
979 2597 1071 2649 καὶ
1113 2600 1178 2667 τῇ
1217 2599 1562 2669 λαμπρότητι
1606 2599 1829 2668 διαυγά-

268 2683 476 2747 «ζοντα
534 2690 859 2757 περιφανῶς
910 2689 969 2742 τὸ
1027 2689 1312 2759 ὑπήκοον·
1370 2684 1414 2759 ᾧ
1474 2691 1572 2761 τὴν
1627 2693 1827 2763 ἑαυτῆς

269 2796 284 2824 ι
332 2775 669 2849 Ἐκκλησίαν
700 2779 992 2851 παρέθετο,
1021 2782 1117 2835 καὶ
1151 2783 1243 2837 τὸν
1265 2783 1429 2849 νόμον
1460 2785 1630 2854 αὑτῆς
1664 2783 1826 2855 μελε-

266 2889 283 2920 ‹
314 2871 408 2940 τᾷν
439 2871 647 2933 νυκτὸς
670 2871 766 2924 καὶ
793 2872 1004 2943 ἡμέρας
1026 2873 1265 2940 ἐδίδαξεν
1294 2875 1432 2945 πρὸς
1451 2877 1825 2946 καταρτισμὸν

266 2978 283 3010 t
316 2961 404 3013 καὶ
429 2959 729 3031 οἰκοδομὴν
758 2961 867 3015 τῶν
894 2963 998 3014 ὑπὸ
1022 2964 1180 3033 χεῖρα
1201 2963 1346 3017 λαῶν
1370 2980 1385 2994 ο
1417 2964 1498 3029 ὃς,
1527 2965 1606 3034 τῷ
1636 2966 1823 3037 θερμῷ

267 3075 282 3105 ι
319 3057 407 3109 τοῦ
454 3057 633 3128 πρὸς⁸
659 3057 789 3112 Θεὸν
835 3060 1003 3114 πόθου
1052 3061 1143 3113 τὸν
1196 3060 1444 3131 ζηλωτὴν
1498 3060 1823 3133 ὑπερϐαλὼν

1941 586 1959 619 ι
1992 560 2197 645 mitam,
2230 578 2289 624 ut
2315 569 2450 625 bene
2485 586 2747 635 essemus,
2798 573 3082 627 ostendere
3116 589 3207 642 per
3241 572 3495 629 Ecclesia:

1938 659 2269 717 «luminaria
2331 677 2395 718 ac
2463 664 2730 731 doctores,
2796 662 2885 735 qui
2939 679 3148 721 nostros
3203 673 3497 723 secundum

1938 772 1956 803 ι
1990 752 2152 807 Deum
2188 769 2406 825 gressus
2435 755 2800 811 illuminantes
2828 756 3084 826 dirigunt,
3138 767 3191 812 et
3218 760 3281 814 ad
3324 760 3498 813 Evan-

1937 862 1955 895 ι
1988 844 2186 912 gelium
2240 846 2511 901 incitant:
2567 862 2796 915 quorum
2853 848 3015 901 etiam
3069 852 3408 905 conversatio
3442 852 3494 902 in

1938 956 1956 988 ι
1987 936 2139 991 coelis
2165 948 2246 992 est
2275 939 2338 1003 ⁸³,
2368 947 2429 993 ut
2460 939 2535 993 ait
2568 940 2778 994 divinus
2813 940 3120 1009 Apostolus.
3144 940 3298 995 Unde
3329 942 3488 994 etiam

1935 1048 1953 1079 ‹
1984 1030 2135 1084 nobis
2164 1030 2327 1084 vitam
2360 1046 2500 1084 nunc
2529 1031 2886 1099 negligentins
2916 1033 3219 1101 agentibus.
3251 1042 3306 1086 et
3330 1033 3499 1087 ratio-

1933 1140 1953 1172 ι
1983 1122 2268 1176 einationis
2303 1123 2854 1193 considerationisque
2877 1103 2988 1179 otio
3021 1125 3490 1188 imlormientibus.

1935 1226 2102 1269 «eum
2154 1215 2313 1271 nobis
2360 1215 2598 1270 incautis
2652 1214 2752 1270 viae
2799 1217 3082 1273 insidiator
3130 1218 3384 1273 inimicus
3436 1234 3497 1271 se

1934 1327 1952 1359 ι
1983 1305 2248 1373 iniecerit,
2296 1317 2350 1361 et
2380 1306 2634 1362 virtutem
2670 1308 2925 1377 paulatim
2980 1308 3294 1377 snl'l'uratus,
3330 1310 3487 1364 nobis

1934 1419 1953 1451 ι
1980 1398 2094 1469 ejus
2123 1400 2240 1454 loco‘
2266 1400 2452 1454 vitium
2492 1404 2832 1470 supposuerit
2859 1420 2871 1455 :
2926 1403 3015 1471 qui
3048 1417 3315 1470 magnam
3346 1406 3493 1457 hanc

1932 1512 1949 1544 ι
1976 1496 2259 1561 praesentis
2289 1493 2473 1548 mundi
2511 1510 2696 1547 navem
2718 1494 2872 1547 clavo
2905 1495 3149 1548 assidens
3173 1497 3308 1564 regit
3339 1495 3497 1549 Chri-

1932 1603 1949 1636 ι
1978 1594 2090 1647 stus
2119 1584 2376 1640 Dominus
2408 1596 2608 1648 noster.
2644 1596 2695 1640 te
2743 1588 3038 1656 sapientem
3098 1587 3253 1641 nobis
3291 1589 3493 1658 guber—

1932 1685 2259 1741 «natorem,
2335 1677 2477 1744 pimn
2552 1678 2952 1745 imperatorem,
3023 1694 3148 1734 vere
3218 1680 3499 1747 praesidem

1902 1810 1905 1839 ε
1938 1787 1957 1819 ι
1993 1768 2267 1833 excitavit,
2318 1768 2719 1838 dispensantem
2781 1785 3058 1826 sermones
3102 1770 3154 1824 in
3187 1770 3411 1841 judicio,
3445 1772 3497 1826 in

1939 1878 1958 1911 ι
1991 1859 2238 1913 saeculum
2260 1860 2538 1914 veritatem
2569 1870 2895 1929 servantem,
2928 1860 3210 1915 facientem
3235 1860 3494 1929 judicium

1940 1974 1957 2003 ι
1986 1963 2040 2007 et
2070 1950 2339 2021 justitiam
2378 1953 2430 2005 in
2481 1952 2655 2006 medio
2692 1961 2869 2016 terrte,
2922 1963 2975 2006 et
3008 1953 3058 2006 in
3106 1953 3187 2005 via
3236 1955 3304 2007 ab
3352 1953 3497 2005 omni

1939 2066 1958 2099 ι
1987 2044 2404 2117 reprehensione
2456 2047 2611 2117 153
2662 2047 2831 2101 aliena
2880 2046 3286 2111 procedentem;
3336 2061 3495 2113 quem

1941 2161 1959 2191 ‹
1989 2156 2109 2194 cum
2142 2138 2403 2209 sapientia
2432 2139 2792 2208 concepisset,
2852 2140 3008 2205 eique
3061 2137 3370 2191 obstetricis
3408 2135 3493 2189 of-

1936 2252 1954 2284 ι
1991 2232 2171 2287 ﬁcium
2205 2232 2565 2302 prtestitisset,
2614 2222 2834 2301 pulchre
2885 2230 3174 2284 virtutibus
3200 2230 3494 2283 enutritan

1940 2332 2041 2378 tet
2096 2334 2367 2390 ornatum,
2414 2324 2705 2389 divinoque
2753 2322 2962 2391 Spiritu
3012 2321 3294 2389 repletum,
3345 2320 3494 2374 orbis

1938 2436 1955 2468 ι
1989 2428 2253 2471 terrarum
2296 2415 2513 2471 oculum
2563 2404 2760 2479 effecit,
2790 2416 2879 2485 qui
2936 2414 3129 2468 mentis
3164 2414 3396 2482 puritate
3442 2422 3497 2466 et

1940 2530 1957 2562 ‹
1990 2511 2275 2579 splendore
2326 2510 2603 2580 subjectos
2654 2518 2839 2578 aperte
2875 2509 3165 2571 illuminas,
3220 2509 3306 2561 cui
3342 2522 3496 2562 suam

1934 2621 1952 2653 ι
1985 2595 2312 2658 Εεείοείειη“
2348 2602 2766 2667 commendavit,
2832 2610 2886 2655 et
2937 2600 3105 2671 legem
3160 2598 3276 2668 ejus
3336 2607 3495 2652 noctu

1934 2714 1953 2747 ι
1985 2694 2181 2763 diuque
2230 2693 2477 2748 meditari
2515 2693 2715 2759 docuit,
2758 2692 2823 2746 ad
2854 2693 3194 2761 pepulorum,
3230 2690 3321 2759 qui
3372 2697 3498 2743 sunt

1933 2804 1953 2837 ι
1987 2786 2087 2839 sub
2104 2785 2221 2855 ejus
2241 2785 2510 2847 manibus,
2547 2782 2932 2852 perfectionem
2967 2790 3019 2836 et
3037 2781 3490 2843 azditicationem;

1934 2895 1951 2928 ι
1980 2876 2071 2945 qui
2101 2876 2191 2930 t'uo
2236 2876 2290 2930 itt
2320 2876 2480 2930 Deum
2513 2874 2763 2929 desiderii
2820 2877 3012 2928 ardore
3062 2872 3292 2926 Phinees
3317 2872 3489 2925 zelum

1932 2988 1949 3019 ‹
1979 2982 2222 3036 superas,
2249 2978 2304 3021 et
2333 2967 2553 3036 pietatis
2585 2981 2647 3021 ac
2693 2965 2993 3035 prudentia:
3023 2964 3215 3018 robore
3241 2963 3493 3018 confosso

1932 3081 1950 3113 ι
1982 3070 2221 3130 peccato,
2257 3074 2470 3130 gregem
2499 3072 2712 3127 quoque
2761 3074 2790 3113 a
2825 3056 2955 3111 vitio
2981 3066 3034 3110 et
3068 3056 3234 3111 exitio
3280 3054 3489 3109 subtra-

267 3168 282 3199 ι
317 3151 521 3216 Φινεὲς,
569 3151 662 3206 καὶ
696 3151 794 3222 τὴν
835 3153 1108 3223 ἁμαρτίαν
1158 3155 1490 3225 ὲκκεντήσας
1524 3153 1601 3225 τῷ
1628 3154 1816 3225 κράτει

1930 3174 1949 3207 ‹
1980 3158 2105 3209 bere
2149 3153 2388 3209 voluisti.
2424 3152 2720 3222 Oportebat
2763 3151 2907 3205 enim
2941 3165 3084 3215 eum,
3115 3150 3206 3218 qui
3253 3160 3373 3218 post
3397 3165 3489 3203 su-

264 3258 280 3289 (
318 3243 408 3311 τῆς
442 3242 738 3306 εὐσεϐείας
765 3261 824 3296 τε
869 3245 961 3296 καὶ
1000 3245 1287 3311 συνέσεως,
1335 3247 1430 3299 καὶ
1464 3245 1524 3298 τὸ
1569 3248 1819 3314 ποίμνιον

265 3356 278 3381 ι
313 3334 402 3403 τῆς
436 3338 645 3396 κακίας
674 3352 734 3388 τε
762 3336 855 3387 καλ⁸
886 3338 1091 3404 φθορᾶς
1121 3338 1495 3404 συνεξελέσθαι
1528 3340 1778 3411 προείλου
1799 3354 1817 3371 ο

264 3448 277 3471 ι
314 3427 519 3497 ἔπρεπε
551 3428 659 3498 γὰρ
688 3428 777 3481 τὸν
820 3429 931 3481 τῶν
960 3430 1160 3482 οἰάκων
1198 3431 1335 3499 μετὰ
1363 3431 1461 3501 τὴν
1509 3430 1621 3485 ἀνω
1646 3431 1817 3502 ῥοπὴν

264 3536 277 3566 ι
312 3518 407 3569 τοῦ
422 3519 771 3590 ἀνθρωπείου
806 3520 999 3588 γένους
1027 3522 1425 3592 ἐπειλημμένον
1457 3522 1529 3592 μὴ
1567 3523 1726 3592 μόνον
1756 3523 1817 3575 τὸ

264 3628 280 3659 ‹
315 3610 431 3663 καθ’
472 3612 647 3665 αὑτὸν
692 3615 935 3677 σκοπεῖν,
981 3615 1074 3666 καὶ
1105 3616 1253 3677 ὅπως
1278 3615 1344 3668 ἂν
1383 3618 1409 3669 δ
1434 3617 1630 3679 οίκεῖος
1670 3614 1817 3685 αὑτῷ

263 3724 276 3752 ι
311 3704 641 3758 ὄιευθὺνοιτο
687 3704 821 3774 βίος,
858 3706 993 3759 ἀλλά
1032 3708 1127 3759 καὶ
1171 3709 1280 3761 πᾶν
1321 3708 1383 3760 τὸ
1421 3709 1719 3777 ἀρχόμενον
1753 3711 1816 3761 ἐκ

261 3817 275 3847 t
311 3800 610 3868 τρικυμίας
640 3799 991 3869 περισώζειν,
1017 3801 1111 3852 καὶ
1156 3800 1255 3869 τῆς
1280 3799 1481 3868 πολλῆς
1514 3801 1623 3852 τῶν
1679 3818 1819 3871 πρα-

263 3911 277 3943 t
312 3895 538 3961 γμάτων
573 3893 887 3963 συγχύσεως
948 3894 1347 3955 ὲπικλυζόντων
1389 3896 1651 3968 πάντοθεν
1705 3895 1814 3947 τῶν

261 4002 275 4031 ι
313 3985 639 4053 πνευμάτων
703 3984 803 4053 τῆς
857 3985 1123 4054 πονηρίας
1192 3986 1288 4038 καὶ
1333 3986 1393 4038 τὸ
1445 3986 1602 4054 σῶμα
1655 3986 1811 4055 ὴμῶν

259 4093 274 4123 ι
314 4076 763 4147 έκταρασσόντων
804 4080 901 4143 τῆς
948 4076 1347 4140 ταπεινώσεως.
1403 4075 1621 4147 Ἐπειδὴ
1664 4079 1717 4131 δὲ
1756 4079 1809 4130 αἱ

259 4186 273 4214 ι
311 4166 457 4233 ἅγιαι
483 4170 577 4221 καὶ
598 4171 971 4238 οίκουμενικαὶ
993 4168 1087 4224 δύο
1110 4171 1336 4233 σύνοδοι,
1359 4172 1415 4224 αί
1442 4172 1584 4225 κατὰ
1608 4172 1811 4240 ταύτην

259 4276 273 4304 ι
311 4261 403 4327 τὴν
432 4260 686 4330 βασιλίδα
710 4261 804 4314 καὶ
825 4262 1186 4330 θεοφὺλακτον
1216 4263 1372 4316 πόλιν
1399 4263 1809 4334 συναθροισθεῖ-

259 4369 273 4397 ι
312 4368 416 4409 σαι,
460 4354 493 4420 ἡ
529 4352 629 4417 μὲν
669 4353 896 4406 ἐπὶτῶν
926 4354 1133 4423 χρόνων
1172 4354 1554 4408 Ἰουστινιανοῦ
1586 4355 1680 4408 τοῦ
1712 4357 1808 4425 τῆς

1928 3268 1947 3300 ι
1978 3262 2199 3314 pernum
2224 3254 2552 3300 momentum
2582 3241 2800 3298 humani
2822 3243 3038 3313 generis
3061 3240 3484 3312 gubernaculum

1927 3358 1945 3390 ι
1975 3337 2322 3406 suscepisset,
2372 3351 2475 3390 non
2536 3336 2707 3390 solum
2758 3336 2809 3389 id
2859 3338 2998 3405 quod
3052 3337 3116 3387 ad
3169 3349 3231 3389 se
3261 3336 3492 3402 pertinet

1927 3449 1945 3480 ε
1976 3427 2340 3493 considerare,
2374 3436 2428 3481 et
2468 3427 2737 3495 quomodo
2775 3440 2871 3480 sua
2905 3443 2933 3479 a
2962 3441 3021 3481 se
3051 3426 3159 3479 vita
3187 3422 3485 3495 dirigatur;

1925 3543 1944 3577 ι
1977 3525 2069 3578 sed
2097 3532 2150 3577 et
2177 3537 2389 3588 omnes,
2423 3522 2618 3590 quibus
2650 3521 2893 3589 imperat,
2923 3536 2985 3573 ex
3024 3519 3272 3572 maximis
3314 3518 3489 3572 ﬂucti-

1923 3636 1941 3667 ι
1975 3618 2073 3672 bus
2133 3631 2371 3677 servare,
2430 3627 2484 3669 et
2540 3629 2568 3666 a
2631 3614 2799 3667 multa
2849 3612 3190 3676 confusione,
3248 3612 3486 3679 undique

1923 3728 1940 3759 ι
1972 3688 2319 3762 obruentibus
2368 3708 2729 3775 improbitatis
2761 3704 3040 3773 spiritibus
3087 3712 3141 3757 et
3169 3703 3490 3757 humilitatis

1923 3818 1941 3851 ι
1973 3809 2165 3854 nostra:
2205 3815 2399 3869 corpus
2451 3797 2905 3867 perturbantihus,
2939 3798 3171 3866 eripere.
3221 3794 3487 3861 Quoniam

1923 3910 1941 3943 ι
1968 3900 2145 3945 autem
2174 3900 2373 3945 sanctae
2406 3899 2460 3943 et
2497 3889 2831 3943 universales
2888 3889 3004 3941 date
3059 3887 3250 3956 synodi
3304 3886 3356 3939 in
3389 3885 3489 3938 hac

1921 4002 1938 4034 ι
1971 3982 2103 4053 imp.’
2128 3993 2179 4038 et
2215 3982 2307 4038 Dei
2332 3983 2697 4037 observatriee
2726 3981 2945 4034 civitate
2974 3990 3344 4048 congregatae;
3382 3991 3485 4031 una

1917 4096 1935 4127 ‹
1963 4074 2179 4144 quidem
2232 4076 2564 4146 temporibus
2592 4073 2789 4127 divinae
2825 4071 2986 4125 sortis
3034 4069 3360 4136 Justiniani;
3409 4070 3489 4122 al-

1918 4188 1936 4222 t
1974 4179 2088 4222 tera
2122 4183 2249 4221 vero
2273 4168 2373 4222 sub
2403 4168 2501 4237 piae
2556 4169 2831 4221 memoriae
2862 4167 3187 4236 imperatore
3215 4163 3483 4217 Constan-

1918 4279 1936 4312 ‹
1969 4260 2103 4325 tino,
2131 4268 2234 4313 tua:
2261 4257 2688 4311 mansuetudinis
2721 4267 2906 4327 patre;
2959 4260 3024 4310 ad
3054 4266 3275 4325 paterne
3305 4252 3486 4308 decla--

1916 4371 1934 4404 ι
1967 4350 2196 4405 randum
2286 4349 2408 4402 lidei
2434 4351 2791 4419 mysterium,
2866 4363 3052 4402 sacros
3105 4361 3339 4401 canones
3395 4358 3479 4397 ne-

258 4462 269 4485 ι
314 4442 459 4507 θείας
496 4444 723 4512 λήξεως,
755 4447 786 4514 ἡ
820 4445 875 4497 δὲ
911 4446 1002 4498 ἐπὶ
1031 4446 1122 4499 τοῦ
1154 4448 1211 4499 έν
1256 4448 1472 4499 εὐσεϐεῖ
1504 4450 1566 4517 τῇ
1614 4449 1804 4522 μνήμῃ

1924 4457 2235 4511 rquaqnam
2294 4441 2756 4512 conscripserunt,
2807 4438 2949 4495 sicut
3009 4439 3228 4508 reliquae
3284 4445 3484 4490 sancta:

259 4554 271 4579 ι
309 4536 597 4606 γενομένου
623 4538 778 4605 ἡμῶν
814 4538 1073 4607 βασιλέως
1101 4541 1532 4607 Κωνσταντίνου,
1567 4544 1805 4614 πατέρος

257 4645 271 4673 ι
310 4630 398 4696 τῆς
425 4633 527 4699 σῆς
563 4630 918 4700 ἡμερότητος,
956 4633 1015 4685 τὸ
1060 4635 1187 4701 περὶ
1216 4635 1314 4704 τῆς
1341 4635 1576 4698 πίστεως
1602 4654 1802 4706 πατρι-

257 4739 271 4767 ς
310 4721 413 4782 κῶς
442 4721 885 4785 διατοανώσασαι
948 4726 1267 4795 μυστήριον,
1328 4727 1579 4796 οὐδαμῶς
1623 4729 1802 4797 ίεροὺς

258 4830 271 4857 ‹
310 4815 535 4875 κανξνας
588 4815 930 4884 ἐνέγραψαν·
984 4816 1234 4888 καθάπερ
1297 4820 1352 4872 αί
1408 4820 1591 4871 λοιπαὶ
1645 4820 1798 4888 ἅγιαι

258 4922 272 4945 α
309 4905 569 4973 τέσσαρες
590 4908 969 4973 οίκουμενικαὶ
1002 4909 1229 4971 σύνοδοι,
1256 4911 1323 4963 δι’
1346 4905 1419 4964 ὧν
1451 4912 1793 4980 ἀποστήσον-

255 5010 271 5039 σ
306 5011 388 5045 ται
446 4995 547 5063 μὲν
586 4998 632 5048 οί
665 4996 783 5049 λαοὶ
827 4999 923 5066 τῆς
974 4999 1210 5067 χείρονος
1256 5004 1349 5055 καὶ
1405 5002 1796 5074 ταπεινοτέρας

256 5102 268 5129 ι
307 5084 599 5154 διαγωγῆς,
658 5087 751 5141 ἐπὶ
797 5088 851 5141 δὲ
882 5090 971 5141 τὸν
999 5092 1284 5160 κρείττονα
1318 5094 1413 5146 καὶ
1462 5094 1795 5166 ὑψηλότερον

253 5192 267 5221 t
308 5179 640 5241 μεταοῶνται
668 5179 781 5249 βίον
809 5197 824 5213 ·
861 5181 1111 5235 ἐντεῦθέν
1153 5202 1209 5235 τε
1247 5185 1306 5237 τὸ
1337 5183 1487 5248 ἔθνος
1526 5186 1588 5238 τὸ
1618 5189 1791 5254 ἅγιον,

254 5283 267 5309 ι
306 5267 360 5318 τὸ
390 5267 659 5335 βασίλειον
693 5270 1010 5339 ἱεράτευμα,
1037 5272 1177 5341 ὑπὲρ
1220 5266 1282 5326 οὗ
1322 5274 1556 5343 Χριστὸς
1587 5274 1799 5327 ἀπέθα-

252 5377 267 5407 t
305 5378 404 5424 νεν,
437 5365 541 5416 ὑπὸ
571 5366 779 5418 πολλῶν
809 5366 866 5431 ἐξ
902 5364 1129 5430 ἀταξίας
1181 5366 1368 5419 παθῶν
1412 5367 1790 5437 διασπώμενον

252 5466 268 5498 ι
305 5452 393 5504 καὶ
440 5455 868 5524 ὑποσυρόμενον,
904 5456 997 5508 καὶ
1051 5458 1194 5510 κατὰ
1247 5456 1442 5527 μικρὸν
1494 5457 1593 5526 τῆς
1640 5458 1789 5521 θείας

251 5556 268 5588 t
304 5542 532 5613 μάνδρας
562 5546 873 5616 ἀπορραγὲν
914 5541 1004 5598 καὶ
1035 5546 1349 5616 διατμηθὲν,
1380 5548 1472 5600 καὶ
1506 5549 1570 5618 τῇ
1600 5548 1790 5619 ἀγνοίᾳ

250 5647 268 5682 t
302 5635 387 5687 καὶ
412 5636 547 5707 λήθῃ
574 5636 679 5690 τῶν
724 5639 820 5707 τῆς
859 5638 1059 5707 ἀρετῆς
1107 5637 1545 5708 κατορθωμάτων
1586 5641 1774 5694 ἀπολι-

305 5819 346 5851 “
373 5821 597 5885 Pbiliob.
637 5827 844 5891 "1.20.
926 5832 967 5863 ⁸³
1004 5832 1020 5885 ι
1056 5829 1200 5887 Pctr.
1239 5848 1296 5897 ιι,
1321 5834 1371 5886 9.

1914 4556 1933 4588 ι
1966 4546 2192 4604 quatuor
2220 4534 2552 4593 universales
2588 4534 2799 4606 synodi,
2841 4548 2935 4601 per
2989 4547 3123 4602 quos
3150 4530 3328 4599 populi
3358 4529 3483 4598 qui-

1912 4648 1931 4681 σ
1962 4629 2082 4681 dem
2113 4644 2140 4681 a
2171 4625 2438 4681 deteriore
2505 4636 2559 4681 et
2612 4616 2909 4694 abjectiore
2977 4623 3192 4678 vivendi
3271 4624 3483 4675 ratione

1912 4740 1929 4771 ι
1957 4721 2232 4785 recedant,
2262 4720 2328 4773 ad
2382 4718 2658 4773 meliorem
2720 4725 2897 4771 autem
2930 4726 2985 4771 et
3040 4717 3284 4770 altiorem
3317 4714 3480 4766 vitam

1908 4830 1926 4863 ι
1957 4827 2014 4865 se
2050 4812 2332 4864 traducant
2358 4812 2404 4870 τί
2427 4819 2482 4863 et
2529 4823 2593 4862 ex
2640 4808 2741 4861 hoc
2771 4821 2903 4875 gens
2949 4817 3158 4870 sancta,
3189 4803 3367 4872 regale
3396 4818 3481 4855 sa-

1910 4925 1927 4955 ι
1956 4906 2271 4967 cerdotium,
2290 4917 2383 4971 pro
2409 4916 2514 4970 quo
2532 4900 2781 4954 Christus
2802 4908 3043 4953 mortuus
3069 4898 3229 4961 est“,
3247 4913 3275 4951 a
3302 4896 3481 4949 multis

1905 5016 1924 5051 ι
1958 4994 2448 5069 perturbationibus
2474 4993 2636 5047 animi
2664 5002 2876 5062 propter
2895 5005 3069 5045 mores
3094 4992 3479 5065 incompositps

1903 5108 1923 5143 ‹
1954 5090 2268 5144 distractum
2301 5103 2363 5141 ac
2407 5086 2695 5149 divulsum,
2735 5097 2791 5139 et
2821 5101 2849 5138 a
2882 5084 3066 5139 divino
3114 5082 3327 5137 stabulo
3359 5096 3480 5150 pro-

1908 5199 1927 5234 ι
1962 5181 2247 5251 pernodum
2304 5178 2591 5248 abruptum
2652 5186 2707 5233 et
2766 5179 3091 5243 abscissum,
3152 5186 3207 5231 et
3257 5186 3479 5247 propter

1906 5293 1925 5325 ι
1957 5272 2322 5342 ignorantiam
2360 5286 2423 5324 ac
2452 5270 2778 5326 oblivionem
2814 5288 2841 5325 a
2879 5271 3038 5326 bonis
3075 5280 3126 5323 et
3160 5286 3224 5324 ex
3277 5270 3477 5322 virtute

1897 5387 1916 5419 ‹
1949 5368 2101 5422 factis
2126 5367 2450 5437 prolapsum,
2480 5377 2531 5420 et
2552 5364 2643 5419 Dei
2676 5365 2829 5431 Filio,
2853 5375 2911 5419 ut
2938 5365 3226 5433 apostolice
3260 5364 3470 5431 loquar,

1898 5459 2290 5521 «conculcato,
2361 5459 2676 5526 sanguinem
2734 5474 2949 5525 quoque
3005 5456 3361 5517 testamenti,
3418 5454 3469 5505 in

1901 5563 2057 5617 «quo
2102 5556 2181 5603 est
2239 5549 2659 5609 sanctiﬁcatum,
2727 5562 3067 5601 communem
3124 5545 3470 5606 arbitratum,

1887 5672 1911 5709 ι
1939 5642 2170 5712 Spiritus
2199 5640 2426 5710 gratiam
2450 5640 2775 5709 contumelia
2806 5638 3005 5694 atieeit.
3043 5636 3217 5703 Hanc,
3276 5642 3467 5708 utpote
