3940 6480
421 374 529 433 illi?

1676 376 1773 433 ΤΠ
1788 375 1952 434 EDD.
1999 374 2083 430 Di
2100 375 2393 432 LSAMON

3539 379 3632 443 508

422 505 438 534 ι
472 485 792 552 peculiarem
826 488 1097 556 populum,
1130 489 1407 552 reducere,
1457 492 1630 542 instar
1662 491 1863 543 Christi
1896 493 1984 560 qui

2158 492 2387 560 σοῆσαν,
2438 494 2531 545 καὶ
2577 489 2954 553 άποστολικῶς
3012 490 3209 555 εἰπεῖν,
3252 489 3340 544 τδν
3382 490 3506 546 Υίδν
3547 497 3633 550 τοῦ

422 595 440 625 ι
477 586 746 630 errantem
809 577 859 629 in
899 578 1166 631 montibus
1216 592 1367 631 ovem
1418 580 1611 647 qnazrit
1655 579 1719 641 ⁸⁵,
1780 590 1831 632 et
1883 595 1982 633 suo

425 691 441 718 ε
475 668 683 722 stabulo
712 669 1019 731 restituere,
1056 678 1109 724 et
1156 673 1405 723 mandata
1459 672 1745 739 divinaque
1783 686 1983 739 praece-

424 782 441 812 ι
476 771 585 825 pta,
616 776 709 828 per
732 750 851 829 quae
888 776 918 815 a
951 762 1178 815 mortuis
1222 763 1479 829 operibus
1517 765 1826 817 recedentes
1857 764 1986 817 vivi-

423 874 441 903 ι
480 858 722 918 tiramnr,
754 863 811 907 ut
846 867 1025 909 servet
1048 858 1373 923 persuadere
1408 857 1562 908 valde
1587 858 1829 922 cupiens,
1864 872 1985 908 om-

425 968 439 994 ι
476 947 637 1011 nique
664 945 853 999 salutis
886 947 1191 1012 provisione
1242 962 1308 1000 ac
1340 948 1695 1014 perpensione
1725 932 1982 1014 cngitata,

424 1058 440 1082 ο
474 1037 690 1102 Deoque
722 1038 972 1105 (praesim,
1008 1048 1065 1091 ut
1098 1039 1210 1090 vult
1243 1040 1290 1091 id
1319 1040 1459 1107 quod
1494 1040 1646 1104 dicit,
1675 1040 1986 1105 Qnmt'cntes

424 1147 439 1173 ι
480 1126 757 1179 Dominum
815 1128 1089 1181 invenient
1142 1130 1504 1197 cognitionem
1559 1146 1681 1183 cunt
1734 1130 1986 1198 justitia;

424 1239 441 1269 ι
479 1222 564 1286 qui
600 1230 776 1273 autem
815 1220 990 1288 ipsum
1052 1232 1197 1275 recte
1228 1233 1512 1291 quaerunt,
1568 1224 1842 1278 invenient
1897 1241 1989 1293 pa-

426 1332 441 1360 ι
481 1328 633 1367 rem:
689 1324 742 1366 et
773 1323 1011 1366 sanctam
1061 1314 1200 1367 hanc
1245 1324 1297 1367 et
1331 1316 1588 1370 divinitus
1615 1317 1840 1372 elcctam
1873 1319 1993 1371 uni-

426 1425 441 1454 ι
474 1404 732 1457 versalem
782 1405 1041 1469 synodum
1072 1408 1390 1477 congregari
1419 1408 1736 1474 decrevisti,
1775 1420 1831 1463 ut
1861 1412 1992 1463 mul-

429 1516 444 1542 ι
482 1507 654 1549 torum
676 1496 832 1549 simul
851 1500 1227 1565 congressione
1250 1501 1598 1570 unanimique
1615 1504 1991 1569 consensione,

428 1606 444 1632 ι
478 1586 549 1647 id,
582 1588 723 1651 quod
756 1601 951 1655 magno
985 1587 1164 1641 studio
1208 1590 1574 1654 contenditur,
1607 1606 1635 1643 a
1687 1600 1737 1644 te
1770 1602 1912 1646 recte
1941 1604 1994 1647 et

434 1699 448 1722 .
485 1678 673 1729 ordine
702 1676 994 1745 efﬁciatur;
1025 1679 1117 1732 sed
1167 1689 1220 1732 et
1269 1682 1311 1733 si
1345 1696 1465 1747 qua:
1496 1680 1730 1735 Iudaica:
1760 1684 1841 1737 vel
1874 1701 1996 1749 gen-

332 1833 339 1840 _
426 1786 445 1817 c
476 1770 582 1821 tilis
604 1769 957 1837 improbitatis
984 1771 1219 1839 rel’quim
1239 1781 1444 1825 maturo
1468 1775 1705 1827 veritatis
1730 1774 1761 1828 Γ
1780 1786 1995 1829 ιιιιιϐηίο

2096 600 2113 632 ι
2158 580 2294 634 Θεοῦ
2320 582 2738 651 καταπατῆσαν,
2764 582 2862 634 καὶ
2890 580 2950 634 τὺ
2974 576 3113 649 αἷμα
3148 581 3248 649 τῆς
3281 580 3558 653 διαθήκης,
3583 587 3636 639 ἐν

2094 694 2111 725 ι
2152 667 2195 742 ᾧ
2222 674 2483 745 ἡγιάσθη.
2512 675 2690 727 κοινὸν
2732 674 3105 745 ἡγησάμενον,
3145 674 3244 743 τὴν
3284 674 3376 727 τοῦ
3407 676 3641 745 Πνεύμα-

2096 787 2113 819 ι
2152 783 2241 829 τος
2269 765 2457 836 ὕϐρισε
2488 766 2668 835 χάριν.
2714 763 2886 823 Τοῦτο
2920 763 3041 817 λίαν
3072 763 3146 825 ὡς
3180 762 3489 833 περιούσιον
3525 764 3640 817 λαὸν

2095 879 2113 912 ι
2154 861 2578 925 ἐπισυναγαγεῖν
2623 857 2929 926 βουληθεὶς,
2962 859 3189 928 μιμήσει
3222 858 3317 910 τοῦ
3353 857 3411 909 τὸ
3442 857 3642 910 πλανὼ-

2094 966 2112 1000 r
2159 964 2320 1017 μενον
2348 947 2618 1017 πρόϐατον
2642 950 2734 1000 ἐπὶ
2758 948 2815 1000 τὸ
2834 948 2959 1018 ὅρος
2986 945 3370 1015 ἐπιζητοῦντος
3400 946 3641 1015 Χριστοῦ,

2094 1058 2113 1091 ι
2159 1041 2253 1093 καὶ
2302 1043 2367 1108 τῇ
2410 1040 2576 1092 αὐτοῦ
2602 1041 3075 1109 ᾔποκαταστῆσαι
3110 1040 3275 1109 αὐλῇ,
3329 1039 3423 1091 καὶ
3470 1043 3645 1093 πεῖσαι

2096 1151 2114 1187 Ι
2157 1133 2444 1201 φυλάττειν
2492 1134 2590 1195 τὰς
2638 1134 2855 1196 ἐντολάς
2895 1151 2954 1184 τε
3000 1131 3092 1185 καὶ
3139 1133 3209 1184 τὰ
3265 1130 3382 1183 θεῖα
3428 1133 3648 1199 προστά-

2098 1245 2115 1277 ι
2157 1242 2342 1293 γματα
2391 1225 2455 1279 δι’
2490 1220 2564 1278 ὧν
2614 1227 2723 1278 τῶν
2774 1226 2982 1295 νεκρῶν
3031 1223 3443 1295 ἀποχωροῦντες
3490 1225 3650 1294 ἔργων

2100 1338 2119 1371 ι
2161 1318 2596 1388 ζωοποιούμεθα,
2650 1320 2830 1372 πᾶσάν
2891 1336 2951 1371 τε
3006 1320 3341 1390 περινοήσας
3397 1317 3650 1384 σωτηρίας

2101 1428 2119 1462 ι
2160 1410 2586 1485 διάσκεψιν,ψκαὶ
2635 1410 2765 1463 Θεὸν
2799 1410 3107 1482 ἐκζητήσας
3154 1409 3300 1461 κατὰ
3345 1407 3405 1459 τὸ
3459 1407 3649 1473 φάσκον

2100 1525 2118 1558 ι
2162 1506 2363 1575 ῥητὸν,
2423 1523 2441 1556 ι
2486 1504 2549 1556 Oi
2599 1502 2891 1569 ζητοῦντες
2967 1503 3056 1554 τὸν
3118 1500 3327 1569 Κύριον
3376 1498 3652 1567 εὑρήσουσι

2104 1614 2122 1647 ι
2164 1596 2365 1663 γνῶσιν
2400 1594 2538 1662 μετὰ
2567 1592 2919 1662 δικαιοσύνης
2952 1608 2965 1622 ⁸
2997 1594 3045 1645 οἱ
3075 1591 3129 1644 δὲ
3160 1591 3341 1660 ὀρθῶς
3379 1588 3652 1657 ζητοῦντες

2106 1708 2125 1742 ι
2169 1690 2329 1741 αὐτὸν
2382 1689 2709 1757 εὑρήσουσιν
2754 1688 3015 1757 εἰρήνη-,ιο
3063 1705 3079 1737 ι
3121 1686 3220 1752 τὴν
3264 1682 3423 1750 ἁγίαν
3463 1682 3653 1748 ταύτην

2108 1803 2128 1833 ‹
2167 1783 2261 1835 καὶ
2303 1781 2583 1834 θεόλεκτον
2626 1779 3012 1849 οἱκουμενικὴν
3045 1778 3406 1847 ἀθροισθῆναι
3454 1774 3654 1827 admovi

429 1880 447 1911 ε
482 1862 730 1914 innuistte
756 1861 883 1927 sint,
916 1861 1174 1916 radicitus
1203 1872 1453 1931 tanquam
1478 1865 1658 1917 lolium
1679 1866 1993 1930 evellantur,

2116 1890 2123 1921 l
2167 1870 2395 1941 ῶρισας,
2425 1872 2573 1929 ὅπως
2600 1874 2664 1940 τῇ
2694 1871 2800 1922 τῶν
2828 1870 3040 1945 πόλεων
3062 1870 3153 1921 ἐπὶ
3177 1868 3236 1920 τὸ
3265 1868 3395 1919 αὐτὸ
3425 1865 3656 1917 συνελεύ-

430 1972 446 2002 α
477 1964 531 2005 et
568 1968 699 2021 pura
735 1952 979 2007 Ecclesiae
1011 1970 1163 2021 seges
1193 1956 1525 2010 ostendatur.
1584 1955 1684 2009 Ubi
1716 1960 1851 2011 enim
1876 1969 1996 2011 sunt

431 2063 446 2091 ι
479 2044 582 2095 duo
616 2044 692 2096 vel
713 2054 813 2098 tres
851 2044 902 2096 in
939 2046 1146 2097 nomine
1176 2061 1285 2098 meo
1311 2050 1624 2116 congregati,
1663 2049 1768 2100 illic
1798 2066 1913 2102 sum
1945 2049 1997 2103 in

432 2155 448 2183 ε
480 2138 648 2189 medio
677 2137 889 2189 illorum
922 2138 990 2201 “,
1024 2137 1197 2206 inquit
1228 2138 1505 2193 Dominus.
1570 2139 1635 2193 Et
1668 2156 1855 2195 rursus
1905 2157 2001 2211 per

433 2247 449 2276 ι
481 2227 764 2282 .Ieretniam
814 2229 967 2283 nobis
1027 2228 1325 2283 clamavit:
1375 2230 1608 2296 Quaerite
1663 2247 1748 2285 me
1785 2233 1836 2286 in
1889 2242 2001 2289 toto

435 2344 450 2368 ι
484 2322 645 2374 corde
673 2330 871 2383 vestro,
902 2331 955 2375 et
977 2323 1244 2389 apparebo
1272 2323 1422 2375 vobis
1452 2324 1519 2376 ".
1550 2322 1844 2393 Propterea
1873 2340 2002 2397 ergo

434 2431 454 2463 ι
483 2423 585 2467 tua:
619 2413 834 2482 pietatis
858 2415 1008 2483 jussu
1044 2414 1094 2466 in
1136 2415 1237 2468 hac
1266 2415 1356 2468 Dei
1387 2415 1749 2471 observatrice
1782 2426 1836 2472 et
1870 2419 1998 2485 imp.

438 2525 457 2554 ι
490 2508 617 2559 urbe
635 2508 930 2575 congressi,
959 2522 1141 2561 sacros
1173 2522 1406 2562 canones
1430 2509 1768 2576 scripsimus.
1801 2510 2002 2575 Quam-

436 2616 454 2647 ι
486 2596 667 2649 obrem
712 2608 853 2649 tuam
913 2577 1165 2665 pietatem
1212 2613 1486 2667 rogamus,
1524 2614 1615 2652 eas
1676 2615 1795 2669 qum
1851 2602 2004 2669 prius

438 2708 459 2739 ι
489 2692 541 2742 in
574 2689 675 2741 hac
706 2688 796 2743 Dei
819 2691 1183 2744 observatrice
1217 2690 1436 2744 civitate
1471 2707 1497 2743 a
1532 2694 1872 2760 congregatis
1906 2693 2004 2745 sub

331 2834 345 2847 ,
438 2800 458 2832 ε
489 2781 645 2836 home
677 2782 951 2835 memoriae
979 2782 1304 2850 imperatore
1353 2791 1537 2837 nostro
1572 2783 1822 2837 Patribus
1848 2785 2006 2839 editae

441 2893 459 2926 ι
492 2885 645 2940 sunt,
698 2890 859 2930 voces
910 2874 1003 2929 tibi
1050 2875 1395 2941 adducentes,
1446 2888 1504 2929 ut
1555 2878 2004 2945 quemadmodum

442 2968 891 3027 «convocationis
951 2967 1165 3036 scriptis
1217 2967 1517 3022 Ecclesiam
1577 2968 1890 3033 bonorasti,
1926 2973 2007 3026 sic

440 3078 459 3109 ι
494 3068 548 3114 et
609 3075 796 3115 eorum
856 3076 975 3125 quae
1031 3060 1249 3115 decreta
1303 3070 1427 3113 sunt
1490 3060 1572 3128 pia
1607 3061 2007 3131 subsignationc

2106 1982 2124 2013 ι
2168 1980 2251 2014 σει
2282 1980 2337 2019 τε
2367 1966 2459 2014 καὶ
2494 1963 2767 2031 συμπνοία
2838 1960 3210 2031 κατορθωυείη
3246 1977 3329 2011 σοι
3364 1961 3441 2020 είς
3472 1959 3581 2011 δέον
3605 1956 3657 2010 τὸ

2106 2074 2124 2104 ι
2169 2054 2605 2122 σπουδαζόμενον
2631 2071 2644 2084 ·
2679 2053 2815 2105 ἀλλὰ
2848 2054 2941 2105 καὶ
2973 2054 3098 2105 εἴτι
3130 2051 3383 2121 λείψανον
3429 2051 3654 2118 Ἐλληνι-

2106 2166 2124 2197 ι
2167 2146 2268 2212 κῆς
2318 2147 2349 2214 ἢ
2424 2145 2721 2213 Ἰουδαϊκῆς
2785 2146 3107 2212 σκαιότητος
3138 2144 3217 2213 τῷ
3272 2144 3369 2213 τῆς
3416 2143 3657 2211 ἀληθείας

2108 2254 2126 2286 t
2166 2235 2359 2304 ὡρίμῳ
2402 2235 2532 2304 σίτῳ
2572 2234 3072 2305 ἐγκαταμέμικται,
3112 2236 3176 2285 ἐκ
3221 2232 3379 2301 ῥίζης
3409 2233 3567 2300 αὐτῆς
3593 2232 3659 2291 ὡς

2109 2347 2127 2379 ‹
2168 2326 2406 2390 ζιζάνιον
2438 2326 2654 2397 ἁρθείη,
2690 2328 2781 2379 καὶ
2826 2326 3062 2395 καθαρὸν
3092 2325 3446 2395 ἀποδειχθείη
3478 2325 3537 2377 τὸ
3575 2326 3661 2393 τῆς

2108 2438 2125 2471 ⁸
2181 2419 2503 2488 Ἐκκλησίας
2547 2419 2716 2488 λήῖονο
2766 2438 2783 2469 ι
2828 2419 3002 2473 Ὅπου
3053 2418 3159 2486 γάρ
3192 2420 3300 2471 είσι
3334 2418 3425 2470 δύο
3465 2418 3661 2487 ἢτρείς

2108 2528 2127 2561 r
2172 2511 2497 2580 συνηγμένοι
2523 2512 2577 2561 ὲν
2602 2510 2678 2580 τῷ
2718 2510 2833 2578 ἐμῷ
2869 2512 3095 2579 ὀνόματι
3130 2512 3252 2563 ἐκεῖ
3292 2512 3410 2579 εἰμὶ
3440 2510 3494 2560 ὲν
3526 2510 3661 2577 μέσῳ

2112 2619 2130 2651 ι
2172 2601 2372 2665 αὐτῶν,
2411 2620 2428 2650 ι
2592 2601 2771 2669 Κυρία
2826 2600 2927 2669 ἔφη
2987 2602 3160 2670 φωνή.
3220 2599 3338 2653 Καὶ
3386 2599 3542 2652 πάλιν
3583 2597 3662 2648 διὰ

2112 2714 2130 2746 ι
2180 2695 2449 2764 Ἱερεμίου
2479 2696 2610 2765 ἡμῖν
2654 2695 3033 2765 ἀνακέκραγεν
3065 2711 3079 2725 ο
3121 2713 3139 2745 ι
3195 2691 3569 2762 Ἐκξητήσατέ
3601 2707 3660 2758 με

2112 2807 2129 2839 ι
2174 2789 2232 2841 ὲν
2270 2789 2369 2859 ὅλῃ
2414 2787 2609 2859 καρδίᾳ
2649 2787 2822 2857 ὑμῶν,
2874 2789 2968 2838 καὶ
3026 2786 3402 2855 ὲπιφανοῦμαι
3458 2786 3597 2849 ύμῖν.
3643 2801 3660 2833 ι

2116 2897 2133 2930 ι
2190 2878 2314 2931 Ἐπὶ
2350 2877 2507 2931 τοῦτο
2549 2877 2728 2930 τοίνυν
2773 2875 2915 2930 κατὰ
2956 2875 3210 2930 κέλευσιν
3248 2876 3351 2943 τῆς
3397 2874 3494 2943 σῆς
3525 2873 3667 2925 εὐσε-

2116 2990 2135 3022 ι
2177 2970 2331 3032 Gaia;
2371 2969 2714 3030 συνελθόντες
2756 2968 2896 3022 κατὰ
2924 2968 3130 3037 ταύτην
3172 2967 3275 3029 τὴν
3317 2964 3667 3031 θεοφύλακτον

2116 3082 2132 3112 ι
2181 3062 2273 3115 καὶ
2302 3063 2549 3133 βασιλίδα
2586 3062 2761 3122 πόλιν.
2801 3062 3029 3124 κανόνας
3058 3062 3239 3132 ίερούς
3271 3058 3663 3128 ἀνεγράψαμεν.

442 3174 459 3205 ι
498 3155 655 3209 finem
706 3156 975 3227 obsignes.
1030 3156 1291 3212 Dominus
1317 3167 1495 3211 autem
1532 3158 1810 3226 imperium
1860 3169 2006 3212 tuum

2117 3175 2133 3205 ι
2174 3155 2263 3208 Διὸ
2302 3155 2399 3224 τῆς
2442 3154 2542 3224 σῆς
2582 3153 2865 3215 εὐσεϐείας
2900 3152 3154 3223 δεόμεθα,
3186 3151 3289 3215 τὰς
3314 3151 3421 3204 τῶν
3455 3152 3577 3218 πρὶν
3615 3148 3668 3198 ὲν

442 3267 459 3295 ο
490 3248 727 3301 stabiliat
757 3264 820 3302 ac
854 3249 1138 3305 confirmet
1171 3250 1222 3303 in
1253 3263 1382 3317 pace
1416 3264 1479 3304 ac
1502 3248 1732 3318 jnstitia,
1768 3260 1821 3305 et
1850 3266 2011 3319 gene-

442 3355 460 3387 σ
496 3338 762 3392 rationum
793 3341 1233 3409 generationibus
1268 3340 1636 3395 transmittat:
1697 3349 1750 3394 et
1782 3351 2011 3395 terrente

442 3451 459 3481 ι
495 3446 706 3499 quoque
739 3435 989 3501 potentia:
1034 3434 1273 3503 adjiciat,
1324 3444 1381 3489 ut
1411 3435 1574 3489 etiam
1606 3434 1818 3489 caelesti
1848 3449 2011 3505 regno

444 3543 463 3575 ι
494 3523 714 3580 fruaris.
746 3544 766 3577 ι

444 3646 462 3672 α
510 3639 725 3692 μηκας,
787 3621 932 3677 οὕτω
1013 3621 1110 3676 καὶ
1175 3622 1286 3676 τῶν
1348 3622 1621 3688 δοξάντων
1674 3622 1743 3676 δι’
1800 3621 2042 3675 εὐσεϐῶν
2104 3621 2346 3693 κεραιῶν
2396 3620 2801 3693 ἑπισθρραγίσῃς
2850 3620 2911 3672 τὸ
2975 3620 3149 3683 τέλος.
3202 3617 3260 3676 ’0
3343 3618 3401 3673 δὲ

2122 3269 2137 3297 ι
2178 3249 2351 3319 ταύτῃ
2375 3251 2440 3318 τῇ
2472 3247 2826 3317 θεοφυλάκτῳ
2871 3247 3025 3299 πόλει
3049 3247 3142 3297 ἐπὶ
3161 3245 3255 3297 τοῦ
3288 3247 3345 3297 ἐν
3377 3241 3584 3295 εὐσεϐεῖ
3607 3240 3667 3308 τῇ

2121 3361 2137 3393 ι
2186 3342 2375 3413 μνήμῃ
2420 3340 2713 3408 γενομένου
2753 3338 2907 3409 ήμῶν
2956 3337 3222 3408 βασιλέως
3266 3332 3673 3406 συναθροισθὲν⁸

2122 3453 2141 3486 ι
2183 3451 2289 3485 των
2322 3433 2584 3504 Πατέρων
2612 3432 2796 3499 φωνάς
2838 3448 2919 3485 σοι
2944 3429 3336 3501 προσάγοντες,
3370 3428 3476 3492 ἵνα,
3498 3425 3671 3491 ὥσπερ

2122 3544 2140 3577 ι
2183 3528 2291 3588 τοῖς
2316 3527 2413 3595 τῆς
2437 3526 2683 3595 κλήσεως
2705 3523 3000 3594 γράμμασι
3028 3524 3124 3594 τὴν
3173 3522 3504 3591 Ἐκκλησίαν
3541 3516 3671 3571 τετίο

3478 3615 3670 3683 Κύριος

444 3737 461 3766 ι
506 3715 757 3784 στηρίξαι
791 3732 886 3769 σου
915 3714 1013 3785 τὴν
1046 3712 1325 3784 βασιλείαν
1384 3714 1441 3766 ὲν
1483 3715 1672 3784 εἰρήνῃ
1730 3715 1822 3769 καὶ
1876 3715 2213 3787 δικαιοσύνῃ,
2252 3716 2364 3791 καὶ
2414 3714 2774 3785 παραπέμψοι
2819 3715 3031 3782 γενεαῖς
3062 3712 3267 3781 γενεῶν
3354 3713 3449 3765 καὶ
3506 3723 3677 3779 προσο

445 3828 463 3860 ι
504 3808 621 3877 οείη
651 3806 729 3879 τῷ
754 3809 979 3878 ὲπιγείῳ
1009 3808 1201 3877 κράτει
1226 3810 1318 3860 καὶ
1341 3806 1437 3873 τῆς
1467 3805 1744 3875 βασιλείας
1770 3807 1869 3877 τῆς
1896 3808 1953 3859 ἐν
2009 3806 2257 3877 οὐρανοῖς
2278 3807 2376 3877 τὴν
2398 3807 2715 3860 ἀπόλαυσιν.
2756 3823 2775 3856 ι

513 3904 708 3958 BALS.
752 3903 828 3958 Ex
862 3902 1110 3973 praesenti
1140 3903 1485 3964 allocutione,
1518 3915 1638 3970 qua!
1668 3904 1735 3955 ad
1780 3904 2016 3970 impera-

448 4006 619 4049 torem
649 3993 1035 4059 Jnstinianum,
1088 3994 1177 4062 qui
1213 3994 1372 4047 etiam
1391 3993 1740 4064 Ῥινότμητος
1792 3993 1881 4062 (ab
1932 3993 2017 4046 in-

449 4089 566 4142 ciso
593 4087 748 4155 naso)
781 4087 979 4150 dictus,
1014 4085 1191 4140 habita
1221 4094 1326 4146 est,
1366 4086 1687 4149 ostenditur,
1723 4086 1862 4154 quod
1891 4099 2015 4141 cum

444 4182 562 4235 tina:
595 4179 926 4235 universales
976 4178 1188 4249 synodi,
1239 4178 1425 4247 quinta
1480 4176 1708 4241 scilicet,
1740 4191 1858 4243 qum
1915 4176 2017 4230 fuit

448 4282 706 4342 regnante
745 4286 936 4340 magno
965 4267 1289 4333 Justiniano,
1317 4279 1368 4322 et
1401 4278 1573 4329 sexta,
1611 4278 1851 4337 tempore
1874 4266 2018 4322 Con-

447 4365 670 4417 stantini
704 4361 981 4433 Pogonati,
1023 4378 1127 4416 non
1180 4361 1405 4416 fecerint
1454 4375 1691 4413 canones
1739 4361 1802 4412 ad
1839 4357 2021 4413 Eccle-

446 4456 648 4509 siarttm
705 4454 1168 4515 constitutionem,
1213 4454 1448 4521 synodus
1508 4452 1666 4522 154
1712 4451 1824 4503 lucc
1877 4449 2021 4502 facta

444 4560 528 4602 est
556 4548 621 4602 ad
657 4548 1095 4617 supplementum
1134 4546 1391 4599 dttarnm.
1429 4544 1723 4614 Propterea
1753 4543 1894 4597 enim
1923 4555 2024 4594 nec

434 4652 598 4701 sexta
659 4640 874 4708 proprie
940 4637 1274 4701 nominatur,
1332 4636 1426 4689 sed
1488 4634 1781 4702 πενθὲκτη,
1841 4632 1892 4685 id
1938 4640 2029 4711 est

2192 3903 2387 3957 ΒΑΛΣ.
2450 3903 2585 3955 Ἀπὸ
2629 3903 2722 3954 τοῦ
2754 3900 3022 3972 παρόντος
3068 3900 3545 3971 προσφωνήματος
3590 3892 3674 3949 τοῦ

2120 3997 2407 4065 γεγονότος
2450 3996 2584 4063 πρὸς
2635 3998 2731 4048 τὸν
2778 3994 3004 4065 βασιλέα
3055 3992 3431 4046 ’ῐσυστινιανδν
3464 3990 3553 4045 τὸν
3590 3987 3677 4041 καὶ

2131 4088 2489 4158 Ῥινότμητον
2548 4085 2843 4155 λεγόμενον
2910 4086 3246 4154 παρίσταται
3300 4084 3384 4137 ὅτι
3436 4082 3542 4133 τῶν
3592 4076 3677 4129 δύο

2122 4178 2518 4244 οίκουμενικῶν
2576 4176 2838 4241 συνόδων,
2897 4175 2994 4237 τῆς
3047 4174 3305 4242 πέμπτης
3351 4171 3545 4242 δηλαδὴ
3590 4168 3679 4234 τῆς

2123 4272 2428 4340 γενομένης
2463 4270 2834 4339 βασιλεύοντος
2876 4266 3254 4323 Ἰουστινιανοῦ
3299 4267 3397 4319 τοῦ
3432 4263 3677 4333 μεγάλου,

2124 4364 2221 4417 καὶ
2274 4364 2372 4433 τῆς
2421 4363 2589 4431 ἓκτης
2628 4361 2729 4429 τῆς
2765 4361 3061 4429 γενομένης
3110 4359 3489 4429 βασιλεύοντος
3535 4357 3680 4407 Κων-

2128 4454 2413 4508 σταντίνου
2450 4454 2543 4506 τοῦ
2589 4454 2957 4518 Πωγωνάτου,
2994 4451 3067 4522 μὴ
3110 4439 3429 4521 ποιησασῶν
3466 4447 3681 4505 κανόνας

2124 4548 2205 4609 είς
2232 4546 2561 4600 κατάστασιν
2587 4545 2692 4597 τῶν
2723 4544 3050 4612 ἐκκλησιῶν,
3071 4544 3293 4611 γέγονεν
3323 4543 3457 4611 αὕτη
3493 4542 3523 4608 ή
3558 4537 3673 4590 σύν-

2128 4639 2246 4701 οδος
2302 4639 2382 4700 είς
2425 4637 2814 4706 ἀναπλήρωσιν
2846 4636 2954 4687 τῶν
2983 4635 3095 4688 δύο.
3132 4634 3231 4687 Διὰ
3270 4634 3381 4706 γὰρ
3421 4631 3574 4685 τοῦτο
3598 4625 3681 4679 καὶ

445 4732 797 4798 quinisexta:
864 4745 985 4783 nam
1040 4730 1185 4798 quod
1240 4728 1440 4795 quinta:
1491 4736 1547 4781 et
1594 4735 1763 4779 sexta:
1819 4723 2006 4793 synodi

2130 4729 2254 4780 οὐδὲ
2302 4728 2439 4796 ἕκτη
2470 4728 2675 4797 κυρίως
2707 4726 3165 4794 κατονομάζεται,
3198 4726 3337 4779 ἀλλὰ
3368 4722 3632 4787 πενθέκτη
3665 4730 3681 4747 ⁶

445 4821 632 4873 deerat
691 4820 936 4887 replevit.
971 4818 1064 4872 Est
1087 4827 1267 4869 autem
1300 4816 1461 4868 etiam
1497 4812 1842 4867 universalis.
1903 4809 2020 4863 Etsi

444 4910 591 4962 enim
630 4908 1011 4965 Occidentales
1045 4908 1309 4978 episcopi,
1341 4904 1457 4960 Itali
1489 4904 1700 4959 scilicet
1730 4912 1783 4957 et
1817 4902 2023 4964 Latini,

447 5001 518 5055 ab
554 5004 672 5070 ejus
707 5004 894 5074 synodi
946 5002 1199 5057 rationib.
1236 5010 1541 5071 opportune
1586 4998 1699 5061 icti,
1744 5011 1863 5051 eam
1916 5011 2023 5049 non

446 5114 569 5153 esse
622 5096 987 5151 universalem
1049 5095 1398 5157 institerunt,
1450 5104 1549 5144 nec
1596 5088 1825 5142 Romani
1872 5101 2026 5157 papa:

448 5192 654 5261 legatos
684 5190 735 5244 in
769 5206 828 5245 ea
863 5188 1125 5250 adfuisse,
1161 5203 1225 5242 eo
1261 5186 1405 5256 quod
1436 5184 1507 5238 sit
1548 5183 1653 5237 alia
1684 5191 1838 5235 sexta
1864 5195 2026 5250 syno-

449 5280 577 5337 dus.
612 5295 729 5348 qua:
766 5290 1026 5348 regnante
1060 5275 1420 5332 Constantino
1452 5272 1725 5342 Pogonalo
1755 5270 1893 5323 facta
1918 5277 2023 5334 est,

451 5372 799 5434 utdiximus;
832 5374 968 5427 hanc
999 5381 1177 5424 autem
1213 5369 1372 5437 longo
1400 5375 1525 5432 post
1555 5377 1798 5432 tempore
1830 5361 2023 5415 factam

454 5464 619 5517 fuisse
660 5466 812 5533 jussu
860 5462 1153 5519 Justiniani
1192 5460 1539 5530 ῥινοτμήτου,
1578 5457 1629 5509 id
1678 5449 1779 5520 es't,
1836 5463 2027 5508 trunco

456 5574 585 5609 naso
615 5578 625 5612 :
668 5575 765 5626 ego
802 5571 977 5613 tamen
1007 5575 1100 5613 eos
1133 5555 1292 5609 audir
1376 5567 1480 5605 non
1515 5551 1746 5620 patiens,
1779 5557 1833 5603 et
1867 5548 2025 5618 hujus

456 5650 791 5705 allm-ntionis
810 5660 1063 5708 contextu
1080 5666 1121 5702 ἠ
1142 5646 1321 5717 potius
1350 5643 1665 5710 respiciens,
1697 5654 1751 5694 ct
1774 5640 2029 5708 deinceps

531 5835 571 5864 ⁸⁸
612 5834 652 5887 L-
682 5852 742 5887 nc.
787 5851 871 5897 xv,
905 5834 957 5888 6.

2129 4819 2484 4889 ἀνεπλήρωσε
2521 4819 2627 4887 γάρ
2657 4819 2717 4870 τὸ
2753 4818 3035 4887 ὑστέρημα
3065 4817 3166 4887 τῆς
3211 4834 3269 4869 τε
3308 4817 3567 4885 πέμπτης
3598 4808 3682 4862 καὶ

2124 4914 2223 4980 τῆς
2257 4912 2420 4981 ἕκτης
2452 4909 2693 4964 συνόδου.
2735 4910 2893 4962 Ἐστι
2922 4908 2979 4961 δὲ
3010 4908 3104 4961 καὶ
3150 4906 3528 4977 οίκουμενική.
3569 4899 3679 4954 Κᾶν

2128 5000 2237 5069 γὰρ
2270 5001 2317 5052 οί
2346 5000 2552 5052 δυτικοὶ
2598 4999 2913 5062 ἐπίσκοποι,
2961 4996 3152 5051 Ἰταλοὶ
3181 4998 3424 5067 δηλονότι
3456 4994 3548 5047 καὶ
3577 4993 3680 5044 Λα-

2126 5092 2286 5155 τῖνοι,
2312 5090 2415 5142 ὐπὸ
2460 5090 2570 5141 τῶν
2599 5088 2842 5141 κανόνων
2877 5087 2977 5155 τῆς
3014 5089 3274 5157 τοιαύτης
3306 5087 3523 5140 συνόδου
3570 5098 3683 5134 και·
3750 5130 3753 5137 ,

2133 5183 2263 5255 ρίως
2331 5182 2693 5251 πληττόμενοι
2747 5180 3111 5233 διενίστανται
3163 5180 3238 5249 μὴ
3302 5177 3441 5233 εἶναι
3493 5173 3682 5239 ταύτην

2129 5274 2533 5343 οίκουμενικὴν,
2561 5272 2691 5343 μηδὲ
2714 5274 3086 5343 τοποτηρητὰς
3117 5271 3207 5326 τοῦ
3240 5274 3439 5326 πάππα
3478 5267 3680 5335 Ῥώμης

2132 5370 2189 5420 ὲν
2212 5368 2348 5436 αὐτῇ
2380 5366 2796 5434 παρουσιάζειν,
2826 5364 2915 5418 διὰ
2941 5365 3001 5416 τὸ
3032 5365 3196 5434 ἄλλην
3234 5362 3496 5433 εἶναιτὴν
3529 5361 3681 5423 ἕκτην

2134 5456 2350 5509 σύνοδον
2383 5456 2481 5525 τὴν
2528 5456 2623 5508 ἐπὶ
2671 5454 2768 5523 τῆς
2819 5453 3100 5525 βασιλείας
3140 5454 3545 5507 Κωνσταντίνου
3591 5441 3676 5497 τοῦ

2132 5548 2471 5614 ΙΙωγωνάτου
2499 5548 2824 5616 γενομένην,
2856 5546 2931 5609 ὠς
2968 5546 3209 5616 εἴρηται,
3237 5546 3441 5615 ταύτην
3466 5543 3519 5594 δὲ
3552 5536 3679 5604 μετὰ

2137 5636 2362 5708 χρόνους
2394 5635 2643 5705 γενέσθαι
2677 5634 2906 5697 πολλοὺς
2944 5636 3085 5689 κατὰ
3118 5636 3366 5691 κέλευσιν
3393 5633 3481 5688 τοῦ
3514 5628 3676 5683 Ῥινο-

1038 5833 1081 5863 ⁶⁸
1110 5830 1296 5883 Matth.
1339 5843 1494 5890 svnt,
1524 5827 1612 5879 ‘20.
1683 5825 1725 5857 ⁸⁷
1758 5820 1954 5876 Jcrcm.
1984 5836 2135 5883 xm,
2180 5820 2258 5872 15.
