3940 6480
301 378 400 439 5οθ

1474 328 1553 437 in
1587 379 1794 439 CONC.
1830 356 1923 440 'lN
1962 381 2285 444 TRULLO.

3440 381 3541 446 Sit}

300 498 509 568 τμήτου
578 493 1000 549 Ἰουστινιανοῦ·
1061 494 1174 546 ἁλλ’
1229 496 1338 564 ἐγὼ
1404 497 1477 566 μὴ
1532 497 1859 566 ἀνεχόμενος

1979 515 2212 555 canones
2248 502 2490 556 dicentes
2526 519 2540 555 :
2588 502 2784 557 Dellnit
2814 501 2929 557 hac
2957 511 3141 557 sancta
3168 511 3222 555 et
3251 498 3541 556 universa-

297 589 517 645 ixoustv
546 586 825 651 τοιούτων,
860 587 952 639 καὶ
1001 587 1200 655 μᾶλλον
1243 588 1451 657 βλέπων
1477 589 1573 658 τὴν
1606 588 1744 655 ὑφὴν
1773 588 1863 640 τοῦ

297 682 775 751 προσφωνήματος
828 680 1040 745 τούτου,
1092 681 1185 732 καὶ
1236 680 1433 747 ἑφεξῆς
1476 682 1601 743 τοὺς
1636 681 1867 743 κανόνας

294 780 573 845 λέγοντας,
610 778 829 846 Ὧρισεν
854 777 884 845 ἡ
919 776 1046 841 ἁγία
1072 776 1163 828 καὶ
1184 776 1535 844 οίκουμενικὴ
1565 774 1701 828 αὑττ·
1737 773 1800 827 σύ
1814 793 1864 826 ν-

293 869 413 930 )δος
470 868 597 921 τάδε
635 868 729 918 καὶ
764 866 910 931 τάδε,
958 866 1025 918 τὰ
1068 866 1166 933 μὲν
1199 866 1477 933 νεόγραφα
1510 867 1865 934 νομοκάνονα,

292 961 365 1021 .2);
411 959 489 1029 μὴ
538 958 732 1028 ἔχοντα
788 959 880 1010 καὶ
926 957 1254 1027 «ὑπογραφὰς
1293 958 1399 1009 τῶν
1435 956 1745 1027 ἐκθεμένων
1770 956 1867 1016 τὰς

292 1051 552 1112 συνόδους
579 1049 841 1119 βασιλέων
865 1050 951 1101 καί
982 1050 1241 1119 Πατέρων
1268 1049 1637 1119 παρέδραμον,
1670 1048 1871 1118 ἐψηλά-

292 1158 450 1210 ρησα
496 1140 551 1193 δὲ
588 1140 974 1209 παλαιόγραφα
1024 1141 1381 1210 νομοκάνονα,
1444 1143 1539 1194 καὶ
1594 1134 1750 1208 εὑρον
1804 1141 1868 1191 ὲκ

295 1231 408 1282 τῶν
446 1230 785 1300 ὑπογραφῶν
811 1231 892 1283 ὃτι
920 1230 1013 1283 καὶ
1042 1232 1100 1283 ἐν
1127 1234 1191 1301 τῇ
1223 1232 1449 1301 τοιαύτῃ
1479 1232 1682 1296 συνόδῳ
1706 1232 1762 1283 ἐν
1791 1229 1869 1299 τῷ

303 1324 557 1393 Γρούλλῳ
586 1325 677 1375 τοῦ
714 1324 993 1392 βασιλικοῦ
1053 1323 1313 1376 παλατίου
1346 1324 1586 1392 συστάσῃ
1613 1321 1869 1391 παρῆσαν

293 1416 578 1478 Βασίλειὸς
603 1432 685 1477 τις
707 1416 1007 1477 ἐπίσκοπος
1030 1416 1126 1482 τῆς
1149 1415 1446 1484 Γορτινέων
1483 1415 1867 1485 μητροπόλεως

292 1509 399 1574 τῆς
424 1508 589 1575 νήσου
624 1507 871 1574 Κρήτης,
897 1507 990 1562 καί
1025 1524 1109 1567 τις
1136 1506 1431 1569 ἐπίσκοπος
1472 1505 1754 1573 Ῥαδένης,
1780 1504 1869 1557 τὸν

295 1598 461 1650 τόπον
507 1596 796 1665 ὑπέχοντες
854 1597 1033 1666 πάσης
1076 1597 1173 1664 τῆς
1210 1596 1426 1649 συνόδου
1486 1599 1583 1667 τῆς
1640 1595 1867 1664 Ἐκκλη-

292 1689 422 1751 σέας
464 1687 705 1756 Ῥώμης,
745 1688 837 1739 καὶ
875 1690 936 1740 οὑ
982 1689 1139 1754 μόνον
1180 1689 1354 1752 αὑτοὶ,
1385 1689 1519 1741 ἀλλὰ
1553 1689 1645 1740 καὶ
1677 1690 1724 1740 oi
1752 1689 1868 1741 τότε

292 1784 448 1845 ὄντες
477 1784 694 1849 λεγάτοι
718 1784 812 1836 τοῦ
845 1784 1063 1846 πάππα,
1090 1784 1117 1835 6
1145 1781 1562 1849 Θεσσαλονίκης.
1599 1782 1626 1833 ὁ
1658 1782 1867 1851 Σαρδη-

1974 592 2039 646 lis
2068 594 2303 664 synodus
2360 596 2471 648 haec
2523 605 2578 649 et
2616 596 2771 649 hinc:
2825 610 3013 649 recens
3063 593 3281 664 quidem
3335 594 3538 659 Scripta

1973 682 2376 746 Nomocanona,
2409 695 2467 737 ut
2498 702 2619 756 quae
2668 702 2854 740 eorum
2899 687 3283 753 imperatorum
3335 695 3389 738 et
3439 684 3543 737 l’a-

1974 782 2139 836 trum,
2168 774 2258 842 qui
2289 775 2523 845 synodos
2557 786 2937 845 exposuerunt,
2978 776 3404 844 subscriptiones
3433 791 3539 827 nou

1981 864 2265 929 haberent,
2300 864 2577 933 praeterii;
2633 866 2935 932 antiquitus
2973 875 3152 917 autem
3195 866 3395 932 scripta
3426 863 3540 917 No-

1974 971 2268 1011 moeanona
2294 958 2520 1021 versavi,
2576 967 2629 1011 et
2678 971 2744 1010 ex
2799 958 3283 1025 subscriptionibus
3337 958 3537 1019 inveni,

1974 1050 2114 1117 quod
2142 1060 2191 1103 et
2222 1050 2273 1103 in
2303 1050 2406 1103 hac
2436 1048 2660 1118 synodo,
2701 1065 2817 1118 quae
2852 1050 2901 1101 in
2932 1049 3115 1103 Trullo
3151 1050 3323 1118 magni
3355 1049 3538 1116 palatii

1975 1149 2291 1210 congregata
2330 1149 2432 1203 est,
2465 1142 2688 1192 aderant
2738 1139 2968 1193 Basilius
3020 1141 3235 1209 quidam
3285 1139 3539 1208 Gortyna:

1974 1232 2150 1286 Cretae
2179 1233 2367 1287 insula:
2395 1232 2707 1300 metropolis
2737 1233 3043 1299 episc0pus,
3080 1240 3134 1284 et
3180 1232 3401 1297 quidam
3434 1226 3542 1285 Ra-

1975 1338 2162 1377 vennte
2214 1324 2526 1391 episcopus.
2563 1323 2731 1377 totius
2764 1323 2954 1393 synodi
3004 1322 3263 1376 Romana:
3294 1323 3541 1376 Ecclesia:

1975 1417 2143 1471 vicem
2173 1426 2448 1486 gerentes;
2503 1427 2555 1468 et
2588 1430 2691 1469 non
2722 1415 2892 1469 solum
2929 1415 3049 1482 ipsi,
3084 1415 3175 1468 sed
3207 1424 3260 1468 et
3290 1416 3379 1482 qui
3414 1425 3542 1467 tunc

1977 1516 2130 1561 erant
2163 1523 2309 1576 papae
2348 1508 2528 1575 legati,
2562 1508 2976 1565 Thessalonicm.
3032 1507 3329 1569 Sardaniie,
3378 1505 3543 1558 llera-

1977 1600 2104 1652 clea).
2138 1599 2188 1652 in
2220 1597 2469 1662 Thracia,
2503 1609 2555 1651 et
2580 1599 2822 1652 Corinthi
2887 1601 3143 1666 episcopi.
3182 1598 3314 1651 Sunt
3363 1611 3539 1659 autem

1976 1691 2160 1760 legati,
2196 1693 2285 1758 qui
2320 1708 2347 1744 a
2381 1691 2517 1745 facie
2540 1693 2812 1753 dicuntur,
2850 1692 2940 1758 qui
2974 1692 3133 1743 etiam
3163 1692 3540 1755 particularem

1979 1784 2175 1837 habent
2222 1783 2672 1849 jurisdictionem,
2726 1793 2782 1835 ut
2839 1784 2939 1836 hoc
2982 1784 3286 1836 ostenditur
3347 1798 3410 1834 ex
3462 1797 3542 1833 se-

293 1874 439 1933 νίσις.
482 1876 511 1926 6
550 1848 876 1935 Ἡρακλείας
905 1873 1145 1942 Θρᾴκης,
1183 1873 1274 1923 καί
1300 1872 1327 1922 6
1359 1848 1646 1940 Κορίνθου.
1690 1848 1869 1937 Λεγά·

1979 1877 2146 1931 cundo
2178 1877 2331 1930 titulo
2375 1876 2509 1930 sexti
2562 1876 2681 1928 libri
2736 1874 2953 1930 Basilio.
3007 1876 3158 1940 Quod
3194 1886 3372 1928 autem
3407 1890 3541 1940 papa

292 1980 380 2015 τοι
413 1964 468 2015 δέ
506 1965 644 2015 εἰσιν
686 1966 735 2015 οἱ
773 1968 835 2015 ὲκ
871 1963 1165 2032 προσώπου
1210 1953 1516 2030 λεγόμενοι,
1552 1963 1747 2023 οἵτινες
1776 1964 1869 2023 καὶ

294 2056 541 2126 μερικὴν
568 2056 933 2108 δικαιοδοσίαν
959 2056 1164 2124 ἔχουσι.
1203 2054 1385 2118 καθὼς
1424 2055 1869 2125 τοῦτοπαρίστα-

294 2164 390 2197 ται
416 2148 525 2199 ἀπὸ
560 2147 650 2199 τοῦ
677 2148 721 2214 β’
741 2149 921 2199 τίτλου
972 2148 1065 2199 τοῦ
1092 2155 1143 2212 ς’
1172 2146 1376 2216 βιϐλίου
1408 2151 1515 2200 τῶν
1547 2146 1868 2201 Βασιλικῶν.

291 2238 427 2289 Ὀτι
460 2241 516 2291 δὲ
544 2242 570 2291 6
597 2241 827 2303 πάππας
872 2239 1093 2310 Ῥώμης
1125 2242 1222 2292 οὑκ
1251 2237 1361 2310 εἶχε
1405 2241 1610 2294 δίκαιον
1636 2258 1875 2311 χειροτο-

290 2331 421 2394 νίας
453 2333 532 2395 είς
559 2331 658 2402 τὴν
682 2332 960 2403 ἡμετέραν
982 2332 1219 2397 ἐνορίαν,
1245 2332 1424 2393 καθώς
1454 2350 1598 2393 τινες
1628 2333 1875 2385 πλανῶν-

286 2416 419 2486 ται,
446 2423 693 2491 λέγοντες
749 2425 837 2475 τὸν
889 2424 1286 2492 Θεσσαλονίκης
1345 2424 1437 2475 καὶ
1488 2423 1707 2494 ἑτέρους
1770 2424 1911 2477 ὑπ’)¹

288 2516 495 2569 τούτου
528 2515 962 2587 χειροτονεῖσθαι,
992 2516 1127 2569 ἀλλὰ
1178 2516 1436 2583 λεγάτους
1470 2514 1599 2585 εἶχε,
1627 2516 1871 2569 τουτέστι

288 2612 366 2660 ὲκ
412 2608 723 2676 προσώπου,
754 2609 841 2660 ὅτε
881 2609 1079 2675 δεήσει,
1111 2608 1492 2676 παρουσιάζειν
1523 2608 1832 2675 ὀφείλοντας
1858 2648 1871 2670 ,

290 2700 641 2764 παρίσταται
675 2700 773 2769 μὲν
799 2700 894 2753 καὶ
922 2699 1028 2753 ἀπὸ
1055 2701 1230 2753 ἄλλων
1259 2700 1491 2763 πολλῶν,
1525 2701 1659 2761 τέως
1695 2699 1752 2751 δὲ
1783 2700 1875 2752 καὶ

289 2789 419 2843 ἀπὸ
469 2789 562 2843 τοῦ
606 2791 737 2844 ποτὲ
791 2791 891 2861 μὲν
929 2790 1003 2854 ὡς
1041 2791 1302 2855 λεγάτους
1346 2789 1732 2860 παρουσιάζειν
1781 2793 1876 2846 τοῦ

289 2884 511 2936 πάππα
536 2884 627 2936 τδν
657 2884 1073 2954 Θεσσαλονίκης,
1095 2885 1185 2938 τὸν
1236 2885 1497 2955 Ἀθηνῶν,
1526 2886 1617 2938 καὶ
1640 2887 1732 2939 τὸν
1772 2889 1879 2940 Κο-

294 2974 519 3043 ρίνθου,
577 2976 705 3028 ποτὲ
754 2977 809 3029 δὲ
866 2977 958 3028 τὸν
1010 2976 1298 3047 Κορίνθου,
1352 2980 1442 3029 τὸν
1492 2978 1737 3047 Κρήτης,
1787 2980 1878 3033 τὸν

292 3068 562 3137 Πατρῶν,
623 3068 717 3121 τὸν
782 3069 1081 3143 Ῥαϐένης,
1136 3070 1230 3122 καὶ
1286 3068 1528 3131 ἑτέρους,
1596 3070 1770 3122 ἐνίοτε
1823 3072 1877 3123 δὲ

1970 1966 2247 2021 Romanus
2270 1966 2361 2033 jus
2394 1966 2747 2020 ordinationis
2770 1966 2821 2019 in
2856 1968 3054 2020 nostris
3088 1966 3399 2033 regionibus
3433 1980 3542 2017 non

1974 2061 2177 2125 habuit,
2207 2070 2263 2111 ut
2303 2058 2541 2113 nonnulli
2574 2058 2997 2119 hallucinautur,
3032 2060 3275 2111 (lieentes
3305 2057 3545 2110 Thessa—

1973 2153 2297 2207 lonicensetn
2357 2162 2412 2205 et
2464 2152 2598 2204 alios
2642 2152 2710 2205 ab
2759 2166 2825 2203 eo
2872 2151 3155 2215 ordinari;
3218 2151 3310 2201 sed
3355 2150 3545 2202 habuit

1973 2244 2198 2314 legatos.
2236 2245 2337 2298 hoc
2359 2254 2441 2298 est
2468 2258 2497 2295 a
2531 2242 2688 2305 facie,
2721 2243 2816 2311 qui
2850 2244 3130 2306 interesse,
3163 2244 3379 2308 quando
3405 2257 3542 2303 opus

1974 2346 2108 2401 erat,
2141 2337 2428 2396 debebant.
2471 2337 2732 2405 probatur
2766 2337 2980 2406 quidem
3025 2346 3171 2390 certe
3220 2345 3272 2386 et
3308 2350 3371 2387 ex
3425 2333 3544 2385 aliis

1976 2430 2183 2491 multis,
2217 2438 2267 2481 et
2297 2429 2437 2497 quod
2472 2428 2765 2496 aliquando
2801 2428 3039 2494 quidem,
3091 2438 3141 2481 ιιι
3183 2439 3332 2493 papze
3380 2414 3545 2493 legali

1975 2522 2227 2574 adessent
2295 2519 2715 2582 Thessalonicae,
2767 2519 3120 2578 Athenarum,
3193 2527 3245 2571 et
3294 2514 3543 2570 Corinthi

1975 2613 2248 2680 episc0pi;
2302 2611 2591 2681 aliquando
2624 2625 2752 2665 vero
2803 2588 3083 2674 Corinthi,
3118 2610 3310 2671 Cretae,
3363 2606 3542 2659 Patra-

1980 2722 2117 2769 rum,
2183 2705 2449 2757 Ravennae
2497 2712 2549 2757 et
2602 2703 2821 2765 cancri;
2869 2716 3261 2763 nonnunquam
3318 2712 3447 2751 vero
3494 2706 3544 2749 et

1979 2798 2066 2850 alii
2109 2811 2123 2849 :
2156 2805 2217 2849 ut
2241 2793 2584 2847 manifestum
2617 2792 2688 2845 sit
2717 2806 2811 2846 eos
2835 2806 2953 2845 esse
2986 2806 3136 2861 papa:
3160 2790 3386 2859 legatos,
3414 2802 3544 2855 quos

1979 2888 2171 2958 singuli
2214 2888 2422 2941 illorum
2475 2886 2772 2955 elegerunt,
2820 2900 2925 2938 non
2976 2896 3151 2937 tamen
3205 2900 3326 2937 eum
3357 2883 3457 2935 suh
3488 2895 3545 2934 se

1980 2981 2179 3035 habere
2216 2988 2291 3032 tot
2317 2987 2466 3031 extra
2496 2991 2623 3033 suos
2662 2976 2795 3029 lines
2827 2976 3131 3042 episcOpos,
3170 2982 3224 3027 et
3251 2988 3345 3026 eos
3395 2971 3543 3024 ordi-

1981 3087 2130 3127 nare.
2165 3070 2231 3126 Ut
2283 3082 2460 3124 autem
2494 3084 2627 3138 papa
2680 3084 2746 3123 ex
2794 3067 2997 3121 nostris
3039 3067 3199 3120 etiam
3234 3062 3545 3133 regionibus

291 3160 520 3223 ἄλλους.
582 3162 668 3224 Ὠς
714 3156 852 3215 εἷναι
891 3162 1047 3233 δῆλον
1072 3163 1314 3225 ἐκείνους
1344 3158 1483 3215 εἶναι
1533 3161 1625 3214 τοῦ
1672 3164 1872 3215 πάππα

1980 3164 2186 3231 legatos
2218 3163 2465 3226 haberet,
2521 3162 2881 3231 excogitatum
2916 3170 3003 3215 est
3046 3168 3267 3229 propter
3299 3158 3398 3211 vim
3429 3156 3546 3209 lon-

289 3252 592 3319 λεγὰτους,
649 3253 742 3317 οὓς
798 3254 827 3306 6
879 3253 1003 3308 καθ’
1045 3254 1140 3307 ἕνα
1183 3255 1390 3308 τούτων
1444 3254 1756 3324 ᾑρετεσατο,
1808 3254 1869 3307 οὑ

293 3345 420 3414 μὴν
485 3346 627 3415 ἔχειν
668 3346 961 3408 τοσούτους
1019 3347 1346 3416 ὑπερορίους
1397 3349 1732 3409 ἐπισκόπους
1781 3347 1872 3414 ὑφ’

290 3440 523 3500 ἑαυτὸν,
575 3443 667 3494 καὶ
718 3442 1048 3511 χειροτονεῖν
1096 3441 1338 3505 τούτους.
1380 3444 1453 3495 Τὸ
1481 3444 1537 3496 δὲ
1583 3443 1730 3512 ἔχειν
1782 3442 1872 3494 τὸν

1978 3256 2296 3325 gitudinem.
2344 3255 2403 3310 Si
2450 3256 2530 3309 vis
2576 3271 2710 3322 ergo
2758 3255 2823 3308 de
2874 3252 2958 3307 his
2989 3251 3161 3307 iusius
3194 3250 3399 3310 audire.
3432 3249 3550 3317 lego

1980 3351 2211 3418 primmn
2262 3365 2290 3401 a
2336 3348 2691 3403 Constantino
2750 3345 2966 3401 Czesare
3038 3343 3258 3413 scriptae
3311 3340 3547 3396 historiae

1978 3451 2162 3511 caput.

292 3534 544 3587 πάππαν
564 3535 821 3603 λεγάτους
850 3538 999 3599 τινὰς
1023 3537 1113 3588 καὶ
1139 3538 1247 3589 ἀπὸ
1275 3536 1374 3606 τῆς
1406 3540 1678 3609 ἡμετέρας
1700 3538 1910 3607 ὲνορίας
1966 3537 2234 3607 ἐπενοήθη
2284 3537 2370 3590 διὰ
2415 3537 2480 3589 τὸ
2562 3535 2736 3605 μῆκος
2805 3534 2908 3601 τῆς
2956 3529 3101 3585 ὀδοῦ.
3147 3529 3211 3582 El
3258 3528 3429 3590 θέλεις
3454 3522 3547 3582 οὖν

290 3623 502 3693 μαθεῖν
550 3626 619 3680 τὰ
662 3629 791 3695 περὶ
837 3626 1033 3681 τούτου
1066 3627 1423 3700 πλατύτερον,
1472 3628 1746 3697 ἀνάγνωθι
1802 3628 1861 3682 τὸ
1920 3629 2137 3698 πρῶτον
2183 3628 2284 3697 τῆς
2346 3627 2497 3699 παρὰ
2584 3625 2678 3680 τοῦ
2732 3622 3060 3694 Καισαρὲως
3136 3622 3548 3678 Κωνσταντίνου

293 3720 716 3790 συγγραφείσης
748 3723 1009 3793 ἱστορίας,

382 3814 624 3867 ΖΩΝΑΡ.
692 3814 756 3867 'H
822 3814 1008 3887 γραφὴ
1063 3815 1199 3887 αὕτη
1264 3818 1552 3887 προοίμιόν
1610 3820 1727 3870 ἐστι
1776 3818 1873 3886 τῆς

296 3908 629 3976 συγγραφῆς
655 3906 767 3958 τῶν
796 3907 1058 3969 κανόνων.
1093 3908 1189 3961 καὶ
1218 3910 1352 3977 πρὸς
1386 3908 1613 3977 βασιλέα
1647 3909 1872 3961 Ἰουστι-

294 3998 493 4053 νιανδν
521 3996 613 4050 τὸν
659 3996 1015 4066 Ῥινότμητον
1050 4001 1116 4052 ἐκ
1152 4000 1250 4067 τῆς
1281 4000 1500 4052 συνόδου
1546 4000 1875 4069 προσφώνη-

296 4108 394 4153 σις
424 4090 755 4162 διηγουμένη
787 4092 903 4154 πῶς
931 4093 1023 4144 καὶ
1065 4091 1151 4145 διὰ
1187 4091 1305 4144 τίνα
1340 4093 1521 4145 αἰτίαν
1561 4094 1593 4162 ἠ
1627 4093 1725 4161 τῆς
1752 4110 1878 4145 συν-

212 4186 215 4187 ⁷
297 4181 426 4235 ὁδου
472 4180 671 4251 ταύτης
725 4181 1064 4251 συνάθροισις
1093 4181 1285 4250 γέγονε
1330 4182 1568 4235 κελεύσει
1598 4181 1873 4253 βασιλικῇ,

299 4273 401 4325 καὶ
449 4273 527 4325 ὅτι
586 4272 681 4325 δύο
732 4274 1108 4342 οίκουμενικαὶ
1154 4272 1391 4339 σύνοδοι,
1444 4274 1479 4342 ἦ
1532 4291 1591 4325 τε
1645 4275 1872 4345 πέμπτη

300 4364 509 4433 δηλαδὴ
534 4365 626 4417 καὶ
669 4366 703 4433 ἡ
742 4363 901 4432 ἕκτη,
939 4365 972 4433 ἡ
1006 4365 1105 4433 μὲν
1146 4365 1239 4417 ἐπὶ
1286 4365 1384 4433 τῆς
1428 4364 1704 4433 βασιλείας
1746 4366 1873 4419 Ἰουο

302 4455 581 4508 στινισνοῦ
619 4454 707 4506 τοῦ
739 4453 978 4524 μεγάλου
1012 4458 1278 4518 συστᾶσα,
1313 4459 1346 4525 ἠ
1387 4455 1444 4509 δὲ
1493 4456 1871 4525 βασιλεύοντος

2063 3811 2318 3867 ZONAR.
2361 3811 2495 3866 Sunt
2531 3813 2632 3865 ista
2673 3810 2935 3880 prooemii
2978 3810 3097 3863 loco
3145 3822 3411 3864 canonum
3442 3807 3546 3864 edi.

1984 3907 2115 3961 tioni
2149 3905 2388 3974 praeﬁxa,
2418 3905 2613 3971 quibus
2648 3906 2715 3957 ad
2739 3904 3121 3971 imperatorem
3152 3901 3545 3958 Justinianum.

1979 4015 2103 4054 eum
2131 4000 2218 4067 qui
2282 3996 2632 4067 Ῥινὸτμητος
2656 3997 2829 4051 dictus
2878 3996 3134 4051 allocutio
3160 3995 3350 4065 synodi
3386 3994 3544 4048 conti-

1982 4102 2159 4151 netur,
2219 4089 2490 4158 quomodo
2551 4100 2606 4141 et
2663 4096 2882 4155 propter
2918 4102 3055 4155 quas
3115 4102 3309 4141 causas
3361 4086 3547 4140 eadem

1972 4184 2217 4253 synodus
2259 4182 2413 4249 jussu
2470 4180 2814 4250 imperatoris
2882 4179 3200 4233 convenerit
3245 4179 3544 4245 explicans.

1982 4273 2185 4342 Nempe
2228 4290 2347 4328 etnn
2399 4274 2608 4325 duabus
2656 4270 3010 4325 mcumenicis
3065 4271 3252 4339 quinta
3290 4280 3345 4322 et
3398 4278 3547 4322 sexta

1982 4367 2205 4437 synodo,
2258 4380 2487 4436 quarum
2544 4366 2712 4417 altera
2759 4361 3065 4416 Iustiniano
3114 4377 3329 4429 magno,
3384 4362 3547 4413 altera

1981 4459 2345 4515 Constantino
2392 4458 2669 4527 Pogonato
2724 4456 3018 4512 Iustiniani
3070 4454 3428 4518 Rhinotmeti,
3482 4454 3547 4507 ad

304 4549 717 4599 Κωνσταντίνου
747 4546 843 4599 τοῦ
886 4546 1245 4613 Πωγωνάτου,
1296 4546 1352 4609 ὃς
1404 4543 1472 4619 ἦν
1528 4548 1709 4619 πατὴρ
1753 4548 1867 4614 τοῦ,

1979 4567 2136 4623 quem
2208 4566 2389 4607 sermo
2421 4562 2524 4617 est,
2591 4563 2741 4620 patre
2810 4551 3107 4617 imperante
3182 4548 3362 4603 habita
3424 4546 3545 4611 fuit,

304 4638 443 4707 πρὸς
473 4637 529 4690 δν
556 4641 583 4691 6
613 4638 792 4703 λόγος,
824 4636 1088 4707 βασιλέως
1132 4637 1517 4695 Ἰουστινιανοῦ
1558 4637 1651 4690 τοῦ
1696 4640 1869 4691 Ῥινο-

310 4731 538 4799 τμήτου,
566 4732 696 4799 περὶ
730 4730 1016 4798 δογμάτων
1047 4730 1304 4799 ζητήσεις
1331 4732 1426 4781 καὶ
1450 4729 1664 4800 ψήφους
1686 4732 1873 4801 ἐποιή-

308 4840 488 4887 σαντο,
521 4825 749 4886 κανόνας
782 4823 860 4885 δὲ,
897 4823 972 4884 ὼς
1004 4824 1057 4874 αί
1098 4823 1470 4892 προλαϐοῦσαι
1506 4824 1733 4883 σύνοδοι,
1774 4826 1873 4877 οὑκ

308 4914 554 4977 ἐξέθεντο
598 4916 677 4976 είς
740 4915 1079 4969 κατάστασιν
1134 4915 1610 4985 ἐκκλησιαστικὴν,
1666 4916 1757 4968 καὶ
1796 4919 1874 4978 είς

309 5006 573 5071 ,ὕφελειαν
600 5007 693 5059 τοῦ
728 5009 919 5059 πιστοῦ
972 5005 1123 5059 λαοῦ.
1191 5008 1307 5058 Καὶ
1338 5007 1426 5059 διὰ
1459 5007 1622 5059 τοῦτο
1655 5008 1873 5075 φροντὶς

310 5098 382 5165 τῷ
438 5098 713 5166 εἰρημένῳ
758 5099 949 5165 γέγονε
988 5099 1220 5167 βασιλεῖ,
1271 5100 1358 5149 ἵνα
1399 5100 1472 5167 μὴ
1530 5100 1724 5167 ἀγνοίᾳ
1777 5097 1871 5148 τοῦ

312 5191 681 5259 προσήκοντος
745 5191 1173 5244 ἀποπλανῶνται
1233 5192 1335 5258 τῆς
1396 5190 1654 5260 ἐναρέτου
1729 5189 1873 5257 ζωῆς

312 5283 353 5331 αἱ
411 5280 550 5340 λαοὶ,
619 5282 713 5332 καὶ
768 5282 902 5352 πρὸς
958 5282 1249 5351 ἀδιάφορον
1303 5281 1605 5333 ἐκκλίνοιεν
1666 5279 1871 5349 βιοτὴν,

310 5374 403 5423 καὶ
463 5375 615 5434 τέλος
671 5376 808 5441 πρὸς
878 5374 938 5427 τὸ
995 5377 1094 5444 τῆς
1153 5376 1353 5435 κακίας
1415 5374 1873 5427 κατολισοαίνοιεν

314 5466 599 5535 βαραθρον.
662 5468 1035 5537 Ἀϐροισοῆναι
1076 5470 1169 5522 οὖν
1219 5469 1437 5521 σύνοδον
1492 5468 1680 5536 ὥρισε,
1746 5468 1875 5519 κάν-

317 5562 495 5613 εεῦθεν
525 5565 892 5632 ἠθροίσθησαν
921 5567 966 5616 oi
995 5567 1236 5630 Πατέρες
1269 5566 1486 5625 ἐκεῖνοι.
1522 5566 1615 5617 καὶ
1643 5564 1874 5625 κανόνας

318 5652 552 5715 ἱξεθεντο
612 5656 672 5706 τὸ
746 5657 1034 5725 ὑστέρημα
1098 5657 1208 5707 τῶν
1268 5656 1573 5723 εἰρημένων
1638 5655 1873 5706 συνόδων

321 5743 770 5815 ἀναπληροῦντες.
832 5750 939 5799 Καὶ
997 5750 1148 5811 τέλος
1199 5748 1342 5811 ἀξιοῖ
1394 5750 1425 5820 ἡ
1489 5748 1674 5814 γραφὴ
1731 5746 1871 5811 αὕτη

324 5838 400 5886 εἰν
429 5837 649 5891 Βασιλέα
692 5841 757 5892 δι’
795 5840 1003 5901 οἰκείας
1054 5842 1378 5904 ὑπογραφῆς
1428 5840 1721 5901 βεϐαιῶσαι
1752 5842 1873 5900 τοὶς

1981 4646 2145 4700 multa
2171 4645 2238 4699 de
2270 4645 2391 4699 ﬁdei
2425 4644 2763 4712 dogmatibus
2788 4642 3009 4710 quaesita
3029 4650 3083 4695 et
3111 4640 3315 4694 saucita
3347 4638 3543 4701 forent,

1982 4739 2156 4793 nullos
2188 4747 2364 4793 tamen
2393 4738 2459 4791 ad
2486 4736 2912 4791 ecclesiasticam
2949 4749 3059 4787 rem
3084 4733 3543 4793 constituendam,

1980 4846 2267 4898 moresque
2295 4828 2587 4883 Christiani
2622 4827 2800 4895 populi
2836 4824 3277 4886 conl'ormandos,
3310 4837 3545 4877 canones

1982 4922 2399 4987 praecedentium
2429 4920 2676 4973 adinstar
2728 4918 3055 4987 synodorum
3109 4913 3542 4981 promulgarunt.

1981 5012 2118 5069 Hinc
2150 5030 2294 5067 cura!
2328 5012 2426 5065 luit
2461 5011 2771 5079 imperatori
2800 5024 2870 5064 ne
2901 5008 3235 5077 ignoratione
3268 5004 3429 5060 ollicii
3464 5004 3544 5058 sui

1979 5119 2009 5157 a
2056 5114 2203 5158 recto
2264 5102 2479 5155 virtutis
2535 5102 2750 5155 tramite
2809 5098 3039 5169 populus
3094 5096 3428 5159 deﬂecteret,
3492 5102 3545 5148 et

1978 5195 2284 5249 liberiorem
2336 5194 2543 5249 xivendi
2580 5194 2839 5246 rationem
2882 5200 3069 5244 nactus
3098 5190 3149 5243 in
3188 5187 3545 5256 improbitatis

1979 5299 2044 5339 ac
2105 5286 2359 5339 vitiorum
2426 5286 2745 5337 barathrum
2836 5292 3107 5348 postremo
3180 5280 3541 5335 delaberetur.

1980 5378 2229 5447 Synodus
2249 5378 2432 5445 itaque
2458 5392 2554 5444 per
2586 5374 2733 5429 illum
2766 5374 2989 5438 indicta,
3023 5374 3074 5427 ln
3104 5388 3205 5441 qua
3236 5373 3541 5441 congregati

1981 5469 2167 5524 Patres
2220 5469 2321 5532 illi,
2361 5469 2524 5522 editis
2559 5468 2875 5530 caminibus,
2910 5482 3027 5537 qtue
3079 5466 3129 5517 in
3173 5464 3544 5533 superioribus

1980 5562 2199 5632 synodis
2273 5559 2579 5613 desiderata
2644 5556 2879 5620 fuerant,
2970 5554 3340 5623 expleverunt.
3399 5552 3544 5616 Quos

1980 5657 2195 5722 quidem
2246 5668 2483 5706 canones
2540 5653 2607 5704 ab
2644 5652 2744 5704 hac
2799 5650 3003 5720 synodo
3034 5648 3228 5709 editos,
3260 5654 3317 5698 ut
3363 5645 3541 5698 chiro-

1970 5748 2168 5817 graphi
2227 5746 2308 5798 sui
2378 5748 2699 5798 auctoritate
2780 5742 3083 5800 conﬁrmet.
3152 5754 3326 5805 eoque
3385 5738 3539 5804 quasi

1982 5840 2135 5900 signo
2168 5839 2460 5901 impressos
2491 5847 2543 5892 et
2574 5836 2808 5890 munitos
2844 5832 2994 5899 velit,
3025 5832 3405 5899 imperatorem
3436 5830 3538 5884 hoc
