3940 6480
276 420 369 483 5]?
1318 428 1399 484 ΙΝ
1436 429 1604 490 CAN.
1654 428 1679 486 Ι
1723 427 1832 487 COl

1970 427 2052 486 IN
2088 429 2407 491 TRULLO.
3402 437 3504 501 5ίὶ

341 548 360 581 ι
393 529 520 594 ξατο
540 545 555 561 ⁸
583 530 837 585 ἐντεῦθεν
863 532 958 587 καὶ
1005 525 1163 595 οὗτος
1212 533 1379 602 ἀτελῆ
1422 537 1524 606 τὴν
1558 537 1831 607 σωτηρίαν
1858 536 1897 590 Α

2010 554 2027 586 ι
2075 552 2232 593 naus.
2289 538 2408 593 Jam
2462 557 2611 604 vero,
2642 552 2695 596 et
2724 559 2841 612 qua:
2876 545 2926 598 in
2961 542 3312 614 Ephesiorum
3365 551 3498 600 civi-

346 642 365 674 ‹
403 624 533 693 ἡμῖν
567 625 822 691 γενέσθαι
871 625 1339 697 συλλογιζόμενος,
1378 628 1541 682 Ἀλλὰ
1575 629 1681 700 μὴν
1732 630 1826 681 καὶ

2005 645 2022 677 ι
2067 634 2175 682 tate
2208 644 2235 681 a
2285 630 2533 685 ducentis
2560 633 2754 687 divinis
2788 631 3042 688 Patribus
3069 635 3167 687 sub
3195 632 3501 689 Theodosio

341 733 357 765 ι
394 715 540 783 παρὰ
575 715 685 768 τῶν
713 719 769 768 ἐν
809 717 1075 784 Ἐφεσίων
1108 718 1259 771 πόλει
1282 716 1342 771 τὸ
1370 719 1642 791 πρότερόν
1687 736 1817 772 συν-

2005 737 2025 765 ι
2069 719 2284 774 Arcadii
2327 721 2437 776 ﬁlio
2470 722 2789 792 imperatore
2826 735 3009 779 nostro
3051 726 3228 800 primo
3275 742 3498 795 congre-

344 826 359 857 ι
393 807 667 878 αχθέντων
703 809 798 861 ἐπὶ
833 810 1117 863 Θεοδοσίου
1141 811 1237 864 τοῦ
1258 810 1373 864 υίοῦ
1414 810 1702 879 Ἀρκαδίου
1734 828 1826 879 γε-

2004 828 2019 861 ι
2067 812 2205 882 gatis
2242 815 2501 883 expositae
2536 824 2662 869 sunt
2691 815 2975 880 doctrinae,
3014 828 3267 887 tauquam
3299 818 3498 877 infrac-

345 922 361 952 ι
396 904 623 972 νομένου
679 906 835 974 ἡμῶν
886 905 1150 975 βασιλέως
1202 906 1494 960 διακοσίων
1548 906 1824 975 θεοφόρων

2001 921 2019 953 ι
2061 911 2170 959 tum
2196 903 2409 972 pietatis
2438 906 2605 960 robur
2632 906 3000 977 obsignamus,
3027 924 3190 962 unum
3220 910 3495 964 Christum

344 1012 361 1044 ι
397 995 653 1064 Πατέρων
682 996 976 1051 ἐκτεθέντα
1009 998 1337 1068 διδάγματα,
1378 999 1454 1062 ὼς
1486 1002 1687 1069 κράτος
1720 1000 1823 1069 ἁρ-

2003 1012 2022 1045 (
2066 992 2266 1048 Filium
2298 996 2391 1050 Dei
2426 1007 2478 1051 et
2510 997 2850 1071 incarnatum
2880 1001 3252 1068 praedicantes,
3279 1012 3353 1065 et,
3381 1016 3499 1069 qum

339 1106 356 1137 t
393 1087 561 1157 ραγὲς
584 1088 685 1157 τῆς
715 1090 1014 1152 εὐσεϐείας,
1044 1092 1532 1162 ὲιπσφραγίζομεν,
1571 1092 1667 1144 ἕνα
1696 1092 1827 1161 Χρι-

2003 1102 2020 1134 ‹
2070 1083 2240 1150 ipsum
2272 1085 2389 1139 sine
2436 1087 2641 1140 semine
2671 1088 2901 1156 peperit,
2926 1090 3255 1159 impollutam
3283 1104 3497 1157 semper

334 1195 351 1224 r
389 1176 512 1227 στὸν
538 1178 630 1229 τὸν
665 1178 790 1231 Υἰδν
819 1179 912 1231 τοῦ
956 1181 1093 1232 θεοῦ
1121 1182 1212 1234 καὶ
1239 1184 1587 1253 σαρκωθέντα
1622 1182 1823 1254 κηρύτ-

2000 1194 2018 1226 ι
2065 1173 2339 1245 Virginem
2371 1218 2386 1240 ,
2436 1180 2652 1248 prOprie
2700 1191 2752 1234 et
2805 1196 2933 1235 vere
2981 1180 3262 1249 Deiparam
3313 1185 3500 1237 decer-

342 1285 597 1331 ιτοντες,
647 1271 742 1322 καὶ
805 1272 904 1342 τὴν
970 1272 1132 1325 αὐτὸν
1208 1276 1465 1344 ἁσπόρως
1528 1275 1819 1338 τεκοῦσαν,

2004 1285 2021 1317 ι
2069 1277 2301 1322 nentese
2346 1268 2579 1339 ineptam
2604 1269 2839 1324 Nestorii
2862 1271 3206 1341 divisionem,
3240 1284 3494 1343 tanquam

344 1376 358 1407 t
393 1359 687 1425 ἄχραντον,
718 1362 1100 1430 ἁειπὰρθενον,
1139 1365 1343 1433 κυρίως
1373 1366 1467 1418 καὶ
1509 1366 1647 1419 κατὰ
1695 1367 1824 1433 ἀλή-

2000 1377 2018 1409 ι
2073 1374 2101 1413 a
2136 1359 2314 1413 divina
2358 1372 2505 1415 sorte
2534 1369 2819 1427 semotam,
2866 1375 3252 1433 persequentes
3280 1404 3295 1427 ,
3327 1365 3502 1418 homi-

337 1469 354 1502 ι
387 1452 541 1505 Οειαν
571 1454 833 1507 Θεοτόκον
853 1438 1168 1521 δοξάζοντες
1188 1474 1204 1492 ο
1230 1462 1323 1511 καὶ
1354 1461 1454 1530 τὴν
1482 1459 1698 1531 ληρώδη
1731 1460 1823 1514 τοῦ

2000 1471 2018 1504 ι
2066 1468 2188 1507 nem
2252 1456 2569 1523 separatim,
2620 1466 2673 1511 et
2730 1456 2899 1511 Deum
2958 1459 3271 1527 separatim,
3332 1476 3493 1513 unum

330 1564 345 1594 ι
388 1546 690 1616 Νεστορίου
728 1538 1018 1618 διαίρεσιν,
1076 1551 1151 1613 ὡς
1227 1554 1621 1623 ἀπῳκισμένην
1674 1554 1822 1619 Θείας

2001 1558 2020 1591 ι
2064 1540 2335 1596 Christum
2369 1544 2731 1611 decernentis,
2763 1553 2818 1598 et
2851 1546 3177 1614 impietatem
3231 1545 3495 1600 Iudaicam

332 1658 346 1687 ι
386 1639 587 1708 μοίρας
661 1640 1082 1709 ἀποδιώκοντες,
1155 1643 1440 1713 ἄνθρωπον
1486 1645 1671 1708 ἰδικῶς
1727 1647 1822 1699 καὶ

1998 1649 2017 1682 ι
2068 1634 2400 1688 renovantis.
2436 1634 2741 1701 Quinetiam
2769 1651 2911 1703 eam,
2939 1652 3056 1707 qua:
3093 1636 3497 1692 Chalcedonen-

334 1748 349 1776 ι
386 1729 523 1783 Θεὸν
578 1732 762 1793 ἰδικῶς
804 1734 894 1785 τδν
945 1734 1042 1787 ἕνα
1094 1736 1329 1806 Χριστὸν
1378 1738 1819 1806 δογματίζοντος.

1998 1743 2016 1773 ι
2059 1725 2195 1779 sium
2226 1727 2503 1795 metropoli
2531 1728 2629 1783 sub
2654 1728 2924 1781 Marciano
2954 1768 2970 1793 ,
3027 1730 3119 1798 qui
3163 1729 3262 1782 fuit
3306 1739 3359 1784 et
3387 1730 3497 1798 ipse

333 1840 346 1869 ι
384 1821 479 1872 καὶ
508 1823 607 1891 τὴν
648 1823 944 1890 Ἰουδαῖκὴν
972 1826 1321 1892 ἀνανεοῦντος
1350 1829 1686 1885 δυσσέϐειαν.
1739 1833 1812 1883 Οὐ
1856 1884 1889 1892 η

2000 1832 2018 1866 ι
2058 1817 2354 1885 imperator
2400 1829 2602 1883 noster,
2635 1833 2665 1871 a
2692 1818 2794 1873 650
2830 1821 3094 1891 descripta
3132 1832 3214 1876 est
3244 1821 3494 1876 Patribus

332 1932 346 1957 ε
392 1914 504 1979 μὴν
540 1884 677 1964 δέ).λά
710 1915 803 1966 καὶ
842 1884 941 1983 την
976 1917 1033 1968 ἐν
1068 1884 1454 1987 Χαλκηδονέων
1488 1922 1820 1990 μητροπόλει
1856 1884 1888 1936 Β

2000 1926 2018 1959 ‹
2067 1924 2095 1960 a
2152 1907 2261 1963 Deo
2295 1910 2515 1965 delectis
2558 1911 2715 1965 ﬁdem
2748 1913 3049 1969 orthodoxe
3072 1914 3491 1977 conﬁrmamus;

328 2018 344 2049 ι
379 2002 468 2053 ἐπὶ
501 2005 825 2074 Μαρκιανοῦ
861 2007 955 2059 καὶ
987 2006 1152 2061 αὐτοῦ
1194 2009 1491 2079 γενομένου
1523 2011 1682 2082 ἡμῶν
1724 2013 1822 2083 βα-

1999 2016 2017 2048 ι
2065 2015 2182 2067 quae
2207 2014 2366 2054 unum
2387 2001 2864 2057 ChristumFilium
2886 2002 3003 2068 Dei,
3020 2021 3087 2059 ex
3105 2006 3313 2061 duabus
3338 2015 3497 2058 natu-

340 2094 588 2156 ισιλέως
645 2096 753 2148 τῶν
802 2097 1100 2161 ἑξακοσίων
1160 2100 1455 2168 τριάκοντα
1522 2101 1821 2172 θεοκρίτων

1999 2104 2016 2138 t
2065 2088 2138 2140 ris
2170 2090 2528 2157 compositum
2553 2130 2569 2156 ,
2622 2101 2673 2145 et
2710 2094 2762 2145 in
2810 2092 3019 2148 duabus
3048 2094 3249 2148 eisdem
3288 2095 3498 2148 naturis

326 2203 341 2231 ι
377 2185 642 2255 Πατέρων
699 2189 1235 2260 στηλογραφηθεῖσαν
1286 2193 1467 2246 πίστιν
1525 2192 1821 2263 ὀρθοδόξως

1996 2192 2014 2225 ι
2054 2176 2336 2243 creditum;
2356 2193 2546 2246 magna
2566 2194 2627 2232 ac
2640 2179 2852 2233 sublimi
2872 2195 2999 2235 voce
3024 2192 3285 2235 terrarum
3303 2179 3497 2234 ﬁnibus

331 2292 349 2326 ι
386 2276 768 2348 ὲπικυροῦμεν
793 2295 808 2311 ·
852 2281 972 2350 ἥτις
1020 2282 1110 2333 τὸν
1141 2283 1236 2337 ἕνα
1270 2283 1503 2353 Χριστὸν
1555 2286 1644 2340 τὸν
1693 2286 1820 2340 Υίὸν

1995 2284 2012 2317 ι
2062 2267 2302 2331 tradidit,
2328 2278 2382 2322 et
2404 2269 2563 2324 stulte
2582 2285 2643 2323 ac
2662 2271 2838 2339 inepte
2856 2272 3172 2327 sentientem
3198 2272 3492 2344 Eutychen,

321 2386 336 2415 ι
369 2368 458 2420 τοῦ
498 2369 636 2423 Θεοῦ
669 2373 732 2424 ἐκ
764 2371 857 2425 δύο
888 2375 1209 2428 συντεθέντα
1234 2376 1351 2428 τῶν
1380 2376 1614 2445 φύσεων,
1647 2379 1740 2431 καὶ
1762 2382 1818 2434 ὲν

1995 2374 2012 2405 ι
2060 2358 2148 2425 qui
2167 2373 2416 2428 magnum
2438 2364 2752 2416 oeconomia:
2773 2366 3079 2434 mysterium
3098 2366 3492 2419 existimatione

278 2484 283 2499 ι
328 2476 347 2509 ι
379 2458 478 2511 δύο
509 2464 627 2523 ταῖς
658 2463 847 2525 αὐταῖς
877 2465 1237 2534 δοξαζόμενον
1308 2467 1521 2536 φύσεσι,
1580 2471 1816 2538 μεγαλο-

1994 2466 2012 2498 ι
2060 2448 2230 2503 solum
2271 2450 2562 2519 perfectura
2606 2468 2728 2509 esse
2770 2458 3011 2524 putabat,
3059 2465 3310 2525 tauquam
3344 2470 3497 2511 aveh-

330 2567 348 2602 t
384 2550 586 2617 φώνως
618 2556 730 2615 τοῖς
764 2554 966 2624 πέρασι
1015 2558 1388 2626 παραδέδωκε,
1448 2561 1541 2612 καὶ
1574 2560 1818 2631 Εὐτυχέα
1871 2534 1886 2563 ⁸

1994 2560 2011 2591 ι
2060 2542 2277 2596 tendum
2332 2544 2547 2614 aliquod
2584 2557 2914 2615 portentum,
2958 2559 3258 2619 tetramque
3288 2560 3489 2619 pestem

328 2662 342 2692 ι
376 2643 468 2695 τὸν
506 2648 904 2715 ματαιόφρονα,
936 2649 1027 2702 τὸν
1052 2650 1270 2720 δοκήσει
1308 2652 1368 2705 τὸ
1398 2652 1541 2721 μέγα
1596 2657 1696 2723 τῆς
1742 2655 1820 2706 oi-

1995 2651 2013 2683 ι
2061 2647 2124 2688 ex
2158 2635 2333 2690 sacris
2380 2636 2633 2692 Ecclesiae
2665 2641 2955 2694 ambitibus
2996 2642 3326 2695 exturbavit.
3374 2642 3491 2697 Una

316 2750 341 2788 ι
371 2738 639 2807 κονομίας
676 2743 969 2812 μυστήρ.ι;ν
1028 2741 1347 2811 τελεσθῆναι
1378 2745 1817 2815 ἀποφηνάμενον,

1998 2743 2015 2775 ι
2064 2736 2241 2778 autem
2274 2742 2395 2779 cum
2430 2742 2495 2781 eo
2520 2731 2680 2782 etiam
2717 2729 3027 2785 Nestorium
3071 2742 3123 2785 et
3152 2731 3491 2796 Dioscorum,

326 2850 342 2881 ι
374 2832 445 2892 ὡς
477 2834 850 2903 ἀποτρόπαιόν
879 2855 930 2890 τι
961 2841 1055 2891 καὶ
1111 2838 1329 2907 μίασμα
1379 2838 1487 2891 τῶν
1525 2840 1687 2909 ἱερῶν
1717 2841 1818 2910 τῆς

1995 2835 2012 2867 ι
2059 2832 2288 2886 quorum
2360 2818 2449 2873 ille
2488 2821 2702 2888 quidem
2737 2823 3042 2889 divisionis,
3080 2825 3165 2879 hic
3200 2839 3325 2879 vero
3349 2840 3485 2879 con-

317 2941 337 2972 ι
383 2923 722 2997 Ἐκκλησίας
752 2928 1054 2997 περιϐόλων
1098 2929 1383 2998 ἐξήλασεν.
1411 2930 1517 2983 Σὺν
1561 2931 1710 3002 αὐτῷ
1761 2932 1819 2985 δὲ

1996 2928 2015 2960 ι
2054 2910 2288 2965 (usionis
2319 2912 2571 2969 defensor
2597 2924 2715 2968 erat
2737 2925 2789 2970 et
2818 2929 3210 2986 propugnator,
3246 2918 3334 2986 qui
3370 2919 3488 2988 qui-

329 3035 346 3067 t
376 3020 478 3069 καὶ
513 3019 809 3088 Νεστόριον
840 3022 932 3072 καὶ
963 3022 1252 3091 Διόσκορον
1275 3063 1288 3085 ,
1323 3022 1414 3075 τὸν
1445 3024 1542 3091 μὲν
1564 3025 1659 3091 τῆς
1685 3023 1821 3076 διαι-

1996 3020 2015 3053 ι
2062 3003 2179 3055 dem
2209 3018 2272 3057 ex
2294 3004 2584 3072 impietatis
2602 3007 2868 3059 diametro
2887 3008 2952 3061 ad
2974 3024 3134 3062 unum
3165 3009 3487 3077 perditionis

318 3128 334 3157 ι
372 3110 605 3178 ρέσεως,
636 3110 728 3163 τὸν
752 3111 808 3163 δὲ
835 3111 929 3179 τῆς
957 3111 1273 3179 συγχύσεως
1320 3112 1730 3186 ὐπερασπιστὴν
1757 3132 1818 3169 τε

1993 3110 2013 3143 ι
2056 3103 2112 3148 et
2136 3093 2426 3162 impietatis
2454 3096 2613 3168 156
2655 3098 2970 3151 barathrum
3024 3100 3355 3154 deciderant.
3382 3098 3487 3155 Sed

316 3221 331 3250 ι
367 3202 457 3254 καὶ
497 3204 807 3272 πρόμαχον,
856 3206 987 3266 τοὺς
1012 3206 1076 3257 ὲκ
1109 3206 1403 3276 διαμέτρου
1427 3209 1525 3275 τῆς
1557 3185 1814 3271 ἀσεϐείας
1837 3210 1872 3273 C

2000 3201 2020 3236 ι
2065 3195 2120 3239 et
2154 3185 2256 3239 165
2281 3186 2583 3240 divinorum
2613 3186 2835 3243 Patrum
2865 3190 2917 3243 in
2962 3191 3059 3245 hac
3101 3192 3320 3247 civitate
3356 3194 3485 3262 imp.

319 3310 335 3342 t
368 3293 509 3362 πρὸς
546 3293 603 3344 ἓν
631 3295 1062 3358 ἐκπεπτωκότας
1100 3296 1377 3359 ἀπωλείας
1406 3297 1499 3348 καὶ
1530 3297 1818 3367 ἀθεότητος
1850 3280 1851 3287 γ

1999 3294 2017 3327 ι
2066 3287 2508 3348 congregatorum
2559 3279 2663 3334 sub
2719 3279 3023 3355 Iustiniano
3076 3284 3174 3353 pia:
3213 3289 3489 3341 memoria:

323 3398 339 3431 ι
376 3382 681 3452 βάραθρον.
723 3383 884 3437 Ἀλλά
911 3400 971 3451 γε
992 3384 1085 3437 καὶ
1115 3384 1213 3447 τὰς
1231 3384 1472 3449 εὐσεϐεῖς
1501 3387 1683 3454 φωνὰς
1711 3387 1818 3440 τῶν

1996 3385 2016 3420 ι
2061 3368 2152 3438 qui
2212 3368 2314 3423 fuit
2373 3370 2667 3439 imperator
2720 3383 2927 3436 noster,
2986 3374 3103 3439 pias
3156 3391 3315 3430 voces
3354 3388 3409 3431 et
3456 3394 3484 3430 a

323 3475 571 3526 «ἑκατὸν
602 3473 869 3543 ἑξήκοντα
896 3475 1058 3527 πέντε
1090 3476 1365 3546 θεοφόρων
1390 3478 1675 3547 Πατέρων,
1706 3480 1814 3531 τῶν

1993 3479 2011 3510 ι
2057 3460 2260 3528 Spiritu
2292 3461 2465 3515 editas
2494 3463 2888 3528 cognoscimus,
2914 3476 2967 3518 et
3004 3476 3246 3533 posteros
3276 3478 3487 3523 nostros

310 3582 326 3613 ι
361 3565 506 3618 κατὰ
582 3568 784 3635 ταύτην
846 3567 943 3634 τὴν
1021 3567 1265 3636 βασιλίδα
1327 3571 1815 3640 συναγηγερμένων

1994 3570 2012 3602 ι
2058 3552 2334 3606 docemus.
2360 3551 2463 3618 Qui
2497 3551 2838 3609 Theodorum
2869 3554 3227 3624 Mopsuestize,
3252 3558 3483 3615 Nestorii

316 3677 332 3706 ι
368 3657 533 3710 πόλιν
567 3657 659 3709 ἐπὶ
702 3659 1081 3711 ’ῐουστινιανοῦ
1126 3659 1219 3711 τοῦ
1281 3661 1380 3730 τῆς
1426 3661 1683 3721 εὐσεϐοῦς
1718 3662 1813 3731 λή-

1989 3661 2007 3691 ι
2054 3643 2472 3711 magistrum,et
2522 3642 2794 3712 Originetn
2836 3651 2890 3711 et
2938 3643 3219 3714 Didymum
3263 3660 3316 3700 et
3348 3648 3487 3701 Eva-

316 3750 504 3814 ιξεως
551 3750 845 3819 γενομένου
884 3752 1042 3820 ἡμῶν
1098 3751 1384 3821 βασιλέως,
1438 3753 1512 3816 ὡς
1574 3753 1677 3806 ὐπὸ
1717 3754 1811 3807 τοῦ

1988 3751 2006 3781 σ
2053 3733 2249 3800 grium,
2280 3734 2369 3802 qui
2403 3731 2621 3787 Graecas
2662 3732 2873 3789 fabulas
2906 3750 3090 3789 rursus
3112 3738 3262 3790 ﬁctas
3288 3741 3486 3792 retule-

319 3863 336 3895 ι
373 3843 697 3912 [Ινεύματος
748 3844 1120 3913 ὲξενεχθείσας
1150 3844 1514 3915 γινώσκομεν,
1550 3846 1643 3899 καὶ
1686 3848 1812 3908 τοὺς

1992 3842 2010 3875 ι
2061 3835 2210 3888 runt,
2264 3832 2318 3878 et
2360 3839 2644 3894 corporum
2693 3825 3046 3894 quorumdam
3083 3836 3137 3882 et
3182 3829 3482 3900 animarum

314 3955 329 3984 ι
366 3935 490 4005 μεθ’
527 3935 674 4003 ἡμᾶς
695 3934 1107 4002 ἐκδιδάσκομεν.
1149 3934 1213 3989 Οἳ
1241 3934 1512 4005 Θεόδωρον
1560 3935 1648 3988 τον
1695 3936 1807 3989 Μο-

1993 3935 2009 3966 ‹
2061 3916 2416 3973 circuitiones
2456 3928 2510 3974 et
2563 3920 2965 3974 immutationes
3008 3934 3099 3973 seu
3136 3922 3489 3990 transmigra—

312 4049 329 4078 ι
366 4027 686 4096 ψουεστίας,
717 4025 806 4079 τὸν
855 4026 1152 4097 Νεστορίου
1205 4027 1547 4093 διδάσκαλον,
1595 4028 1809 4097 Ὠριγέ⁹

1983 4028 2000 4059 ι
2052 4010 2227 4065 tiones
2274 4011 2340 4065 de
2390 4012 2598 4080 integro
2656 4011 2810 4066 nobis
2849 4021 3171 4066 revocarunt
3207 4015 3321 4068 suis
3360 4016 3484 4082 qui-

312 4137 330 4169 (
366 4136 466 4189 νην
493 4134 552 4170 τε
579 4119 674 4170 καὶ
700 4116 927 4186 Δίδυμον
960 4119 1056 4169 καὶ
1082 4118 1371 4187 Εὐάγριον,
1401 4118 1526 4181 τοὺς
1554 4116 1651 4179 τὰς
1683 4117 1811 4170 Ἔλ-

1982 4120 1999 4151 ι
2047 4101 2273 4155 busdam
2308 4103 2507 4157 mentis
2540 4103 2745 4159 deliriis
2782 4121 2845 4159 ac
2881 4107 3126 4169 somniis,
3162 4117 3214 4160 et
3259 4107 3311 4160 in
3338 4123 3482 4160 mor-

315 4229 331 4261 t
364 4210 595 4281 ληνικὰς
620 4209 1101 4277 ἀναπλασαμένους
1131 4209 1474 4280 μυθοποιίας,
1504 4210 1597 4262 καὶ
1625 4210 1809 4279 σωμά-

1984 4213 2001 4244 ι
2046 4203 2262 4248 tuorum
2298 4196 2750 4251 resurrectionem
2794 4199 2953 4267 impie
2995 4215 3059 4254 ac
3093 4200 3482 4257 contumeliose

312 4324 329 4358 t
360 4325 471 4360 των
491 4308 654 4360 τινῶν
690 4304 790 4358 καὶ
821 4303 1008 4372 ψυχῶν
1035 4304 1165 4371 ἡμῖν
1219 4302 1507 4373 περιόδους
1560 4303 1655 4356 καὶ
1710 4303 1807 4357 ἁλ-

1982 4306 2000 4338 ι
2045 4288 2405 4342 insultarunt:
2449 4298 2502 4340 et
2540 4304 2659 4357 qua:
2696 4304 2726 4343 a
2767 4290 3100 4345 Theodorito
3121 4293 3323 4357 scripta
3357 4304 3479 4347 sunt

318 4417 335 4449 ι
364 4399 616 4460 λοιώσεις
651 4394 1155 4465 ἀναπεμπάσαντας
1200 4396 1322 4456 ταῖς
1364 4394 1459 4447 τοῦ
1491 4394 1583 4447 νοῦ
1626 4411 1803 4464 παρα-

1979 4400 1997 4432 ι
2043 4382 2304 4435 adversus
2334 4391 2538 4435 rectam
2563 4382 2719 4435 ﬁdem
2735 4393 2789 4436 et
2812 4383 2876 4436 12
2906 4382 3046 4436 beati
3068 4384 3248 4455 Cyrilli
3277 4385 3476 4454 capita,

314 4508 330 4542 t
368 4494 565 4562 φοραῖς
589 4509 647 4543 τε
674 4492 767 4544 καὶ
794 4489 1130 4560 ὀνειρώξεσι,
1188 4488 1280 4540 καὶ
1312 4489 1393 4550 εἰς
1424 4488 1521 4552 τὴν
1551 4486 1659 4539 τῶν
1712 4504 1802 4541 νεο
1830 4552 1870 4562 ³

1979 4490 1998 4524 t
2045 4480 2099 4526 et
2128 4486 2268 4536 eam,
2316 4487 2449 4543 quae.
2477 4473 2673 4526 dicitur
2705 4471 2829 4538 Iba},
2876 4474 3180 4543 epistolam,
3222 4479 3480 4547 synodice

318 4604 334 4635 ι
374 4583 525 4653 κρῶν
556 4582 833 4645 δυσσεϐῶς
889 4580 1399 4650 ἐμπαροινήσαντας
1452 4578 1753 4633 ἀναϐίωσιν
1782 4595 1796 4609 ·
1824 4552 1874 4611 D

1981 4581 1999 4614 ι
2046 4561 2571 4617 anathematizarunt
2626 4575 2679 4617 et
2750 4566 3014 4619 exsecrati
3071 4577 3216 4631 sunt.
3313 4568 3475 4624 Porro

316 4694 333 4725 ι
368 4676 437 4728 τά
469 4692 531 4727 τε
564 4675 847 4744 γραφέντα
877 4675 1028 4744 παρὰ
1057 4670 1391 4741 Θεοδωρίτου
1416 4670 1559 4723 κατὰ
1584 4674 1683 4740 τῆς
1704 4671 1799 4740 ὀρ-

1982 4673 2001 4707 (
2047 4665 2215 4708 sextae
2237 4669 2454 4722 quoque
2485 4655 2697 4725 synodi,
2734 4672 2850 4724 quae
2880 4658 2930 4709 in
2968 4658 3067 4711 hac
3100 4660 3317 4715 civitate
3344 4663 3472 4731 imp.

318 4785 334 4816 ι
370 4767 471 4834 θῆς
512 4767 751 4826 πίστεως
801 4765 897 4818 καὶ
945 4765 1053 4817 τῶν
1103 4762 1311 4815 δώδεκα
1352 4762 1663 4830 κεφαλαίων
1702 4761 1809 4815 τοῦ·

1982 4766 1999 4798 ι
2046 4748 2145 4801 sub
2186 4746 2382 4799 divina:
2430 4748 2704 4801 memoriae
2737 4748 2865 4815 imp.
2897 4758 3079 4803 nostro
3112 4749 3475 4807 Constantino

307 4875 322 4906 ι
367 4857 644 4927 μακαρίου
676 4856 970 4927 Κυρίλλου,
1031 4855 1124 4909 καὶ
1175 4854 1271 4923 τὴν
1320 4853 1621 4923 λεγομένην
1678 4852 1799 4906 Ἰϐα

1981 4858 1998 4890 ι
2040 4853 2215 4908 nuper
2246 4849 2571 4908 congregata
2602 4839 2799 4904 fuerat,
2849 4840 3032 4908 ﬁdem,
3077 4856 3194 4911 qua:
3217 4845 3472 4913 majorem

274 4969 321 5023 ιι
357 4949 670 5018 ἐπιστολὴν,
699 4947 991 5009 συνοδικῶς
1020 4945 1420 5014 ἀνεθεμάτισαν
1438 4962 1496 4996 τε
1525 4944 1620 4997 καὶ
1648 4944 1798 4996 ὲϐδε-
1980 4951 1999 5009 ε
2045 4931 2356 4985 ﬁl‘lllilalem
2388 4945 2452 4985 ex
2488 4945 2555 4985 eo
2589 4932 2799 5000 accepit
2827 4972 2842 4997 ,
2872 4934 3010 5000 quod
3040 4935 3159 5003 pius
3184 4936 3477 5006 imperator

313 5058 327 5089 ι
366 5041 595 5104 λύξαντο
619 5056 633 5070 ·
671 5040 765 5091 καὶ
797 5037 895 5108 τὴν
946 5037 1051 5090 ὐπὸ
1096 5036 1195 5104 τῆς
1247 5038 1474 5106 ἔναγχος
1517 5037 1799 5108 συναθροι-

1980 5045 1997 5076 ι
2046 5035 2228 5082 noster
2254 5028 2372 5096 ejus
2405 5025 2705 5081 decisiones
2737 5042 2835 5080 suo
2861 5027 3141 5098 signacqu
3174 5034 3365 5085 muniit
3407 5034 3473 5087 ad

323 5149 339 5180 ι
384 5133 602 5202 σθείσης
629 5130 769 5184 κατὰ
792 5129 994 5198 ταύτην
1012 5127 1109 5198 τὴν
1134 5126 1377 5196 βασιλίδα
1399 5127 1553 5181 πόλιν
1584 5128 1676 5181 ἐπὶ
1702 5127 1794 5180 τοῦ

1980 5135 1997 5166 ‹
2050 5116 2283 5169 futuram
2331 5115 2383 5168 in
2434 5114 2614 5168 omnia
2659 5114 2851 5168 saecula
2898 5117 3264 5183 securitatem,
3306 5118 3476 5171 invio-

306 5238 323 5271 ι
356 5222 412 5273 ἐν
438 5222 557 5291 θείᾳ
573 5226 637 5292 τῇ
668 5222 820 5289 λήξει
845 5219 1141 5288 γενομένου
1172 5219 1328 5287 ἡμῶν
1357 5218 1619 5287 βασιλέως
1641 5221 1797 5272 Κων-

1978 5225 1995 5257 t
2044 5208 2204 5261 latam
2235 5221 2330 5260 nos
2368 5220 2588 5260 servare
2622 5206 2955 5274 proﬁtemur,
2987 5224 3105 5278 qua;
3155 5211 3287 5265 duas
3323 5219 3472 5263 natu-

313 5329 330 5362 (
362 5313 643 5365 σταντίνου
676 5312 842 5381 ’ἑκτης
877 5311 1037 5377 ἁγίας
1080 5310 1298 5362 συνόδου
1330 5310 1533 5371 πίστιν,
1588 5310 1623 5379 ἢ
1675 5326 1794 5378 μει-

1978 5321 1995 5349 ‹
2044 5299 2184 5354 rales
2213 5299 2496 5353 volitinnes
2543 5300 2657 5353 sive
2700 5298 3003 5355 voluntates
3033 5302 3273 5371 duasque
3316 5311 3467 5355 natu-

316 5420 331 5454 :
368 5404 532 5468 ζόνως
560 5406 621 5456 το
648 5404 813 5476 κῦρος
868 5402 1105 5467 ἐδέξατο,
1138 5401 1205 5454 δι’
1238 5396 1312 5454 ὧν
1353 5402 1380 5453 ὁ
1418 5398 1647 5470 εὐσεϐὴς
1694 5398 1794 5468 βα-

1975 5411 1994 5442 ‹
2044 5391 2183 5444 rales
2226 5390 2571 5457 operationes
2618 5390 2672 5444 in
2718 5390 2995 5447 iucarnata
3046 5394 3205 5449 unius
3254 5394 3466 5448 Domini

318 5511 334 5541 ι
374 5495 552 5556 σιλεύς
585 5496 846 5565 σφραγῖσι
880 5495 1004 5554 τοὺς
1036 5491 1235 5560 ταύτης
1282 5491 1480 5560 τόμους
1508 5506 1795 5559 κατησφα-

1979 5503 1996 5535 ι
2044 5483 2213 5537 nostri
2241 5480 2368 5537 Jcsu
2400 5482 2603 5538 Christi
2634 5485 2747 5538 veri
2780 5484 2874 5540 Dei
2916 5487 3215 5541 mcunomia
3259 5501 3357 5539 nos
3383 5486 3467 5554 pie

322 5602 340 5635 ι
376 5585 584 5649 λίσατο,
616 5586 751 5656 πρὸς
769 5587 865 5656 τὴν
896 5588 953 5637 ὲν
988 5584 1064 5655 τῷ
1095 5584 1256 5637 παντὶ
1287 5584 1442 5636 αίῶνι
1469 5583 1791 5651 ἀσφάλειαν,

1974 5597 1991 5627 ι
2037 5575 2243 5644 opinari
2273 5574 2470 5630 debere
2496 5588 2681 5646 aperte
2722 5579 2940 5632 docuit:
2996 5578 3088 5643 iis,
3140 5578 3229 5646 qui
3261 5589 3464 5631 rectum

315 5694 332 5725 ι
365 5681 457 5730 καὶ
481 5675 635 5741 αὖθις
664 5678 1033 5747 ὁμολογοῦμεν
1065 5677 1352 5745 φυλάττειν
1382 5676 1794 5746 ἀπαρεγχείρη-

1977 5691 1994 5723 ι
2042 5671 2286 5726 veritatis
2345 5671 2620 5726 decretum
2682 5672 3145 5735 adulteraverant,
3203 5680 3255 5725 et
3305 5684 3463 5723 unam

330 5785 347 5817 ι
382 5786 490 5837 τον,
527 5772 561 5842 ἢ
624 5770 717 5824 δύο
766 5771 1003 5839 φυσικὰς
1050 5768 1301 5837 θελήσεις
1340 5768 1458 5838 ἦτοι
1488 5766 1791 5837 θελήματα,

1976 5782 1993 5814 ι
2042 5761 2374 5816 voluntatem
2408 5776 2473 5816 ac
2501 5765 2875 5832 Operationem
2923 5778 3081 5817 unam
3126 5762 3180 5817 in
3224 5776 3332 5816 uno
3363 5760 3464 5815 Do-

322 5864 459 5915 «καὶ
482 5862 572 5918 δύο
598 5866 832 5933 φυσικὰς
892 5860 1171 5930 ἐνεργείας
1231 5860 1324 5913 ἐπὶ
1369 5859 1469 5928 τῆς
1528 5859 1791 5930 ὲνσὰρκου

1979 5873 1998 5907 ι
2043 5854 2190 5911 mino
2236 5853 2349 5912 Deo
2396 5865 2581 5914 nostro
2608 5853 2732 5912 Jesu
2764 5856 2983 5913 Christo
3031 5854 3257 5927 populos
3298 5855 3462 5913 docu-

1910 5968 1937 5978 κ-
