3940 6480
475 418 575 481 519

536 529 717 587 Tertia
754 539 932 583 autem
961 526 1155 596 Ephesi
1192 526 1325 591 fuit,
1359 525 1456 578 sub
1486 522 1791 578 Theodosio
1832 520 2026 575 Minori
2059 528 2103 581 Λ

471 632 655 678 coiitra
686 621 992 677 Nestorium
1035 618 1271 672 hominis
1300 617 1583 681 cultorem,
1622 615 1713 684 qui
1756 614 2029 669 Christum

470 716 630 783 impie
669 713 874 776 divisit,
926 722 979 767 et
1024 711 1316 773 dissecuit,
1369 724 1599 777 eumque
1649 708 1851 761 nudum
1911 719 2031 759 eSse

470 809 739 862 hominem
775 806 908 858 dixit
940 814 993 857 et
1030 818 1134 856 non
1184 802 1349 856 Deum
1401 801 1735 863 iu‘carnatttm
1760 835 1775 860 ,
1807 806 1861 851 et
1895 796 2031 849 duos

470 900 603 953 ﬁlios
628 910 681 952 et
712 900 845 951 duas
870 912 1131 967 personas
1178 896 1230 949 in
1281 911 1384 949 uno
1412 894 1630 951 Christo
1665 892 1771 943 Deo
1805 888 1987 943 docuit
2012 926 2028 951 ,

469 990 606 1043 unde
632 1000 681 1041 et
708 988 1106 1041 Sunt-tissime":
1140 986 1409 1053 Virginem
1438 982 1683 1045 Marium,
1714 994 1832 1047 quin
1856 979 2027 1047 ipsum

473 1080 636 1133 Deum
682 1078 969 1132 Dominum
1008 1088 1253 1132 nostrum
1292 1075 1475 1129 Jesum
1503 1073 1773 1127 Christum
1802 1069 2027 1139 peperit,

469 1187 571 1227 non
607 1171 1004 1240 Deiparcntem,
1044 1170 1135 1223 sed
1168 1156 1367 1222 suum
1401 1166 1687 1221 Parentem
1723 1162 1954 1217 vocavit.

537 1351 741 1415 Quarta
774 1364 900 1400 vero
934 1345 1277 1401 Chalcedone
1303 1385 1317 1410 ,
1347 1345 1446 1400 sub
1479 1343 1884 1411 religiosissimo
1927 1343 2031 1397 itit-

467 1452 712 1509 peruture
746 1439 1041 1503 Marciano,
1074 1440 1183 1492 [ilio
1228 1437 1448 1491 Gambri
1487 1453 1550 1492 ex
1581 1434 1874 1490 Theodosii
1937 1436 2034 1489 Mi-

471 1537 618 1590 noris
646 1550 857 1600 sorore,
899 1545 1083 1588 contra
1130 1534 1443 1587 Dioscorutn
1473 1544 1526 1586 et
1567 1530 1863 1599 Eutychem
1893 1571 1908 1595 ,
1942 1530 2030 1600 qui

471 1627 560 1681 Dei
592 1640 643 1683 et
672 1627 1024 1697 Sospitatoris
1049 1628 1215 1681 nostri
1237 1625 1358 1685 Jesu
1389 1625 1588 1680 Christi
1614 1624 2033 1687 incarnationem

470 1722 854 1792 imaginatione
895 1731 1098 1775 tantum
1133 1720 1246 1773 ﬁeri
1281 1719 1500 1773 fabulati
1536 1727 1685 1784 sunt,
1721 1732 1951 1785 eumque
1980 1717 2033 1769 in

470 1830 571 1865 una
605 1814 718 1879 sola
750 1824 945 1867 natura
978 1814 1241 1866 exsistere
1267 1812 1549 1875 dixerunt,
1578 1820 1633 1865 et
1677 1810 1859 1869 deitati
1904 1824 2031 1879 pas-

468 1905 647 1959 siones
678 1905 1065 1961 attribuerunt.

545 1998 741 2059 Quinta
776 2006 955 2049 autem
987 1995 1087 2049 sub
1106 1994 1415 2049 Iustiniano
1448 1993 1642 2064 Magno
1662 1993 2036 2049 Constantino.

471 2084 579 2154 poli
617 2085 795 2138 habita
830 2096 912 2138 est
952 2097 1142 2139 contra
1177 2085 1491 2140 delirantem
1539 2084 1822 2154 Origvnem
1849 2122 1865 2148 ,
1901 2083 2036 2134 Eva-

471 2180 643 2247 grittm
674 2188 728 2231 et
772 2177 1053 2247 Didymum
1079 2219 1095 2244 ,
1130 2178 1218 2246 qui
1255 2177 1566 2232 Griecanica
1606 2178 1927 2246 refulgentes
1972 2178 2035 2227 li-

479 2282 720 2338 thCllla,
760 2280 813 2324 et
856 2272 970 2341 ipsa
1019 2271 1131 2324 haec
1176 2286 1424 2339 corpora,
1488 2271 1683 2340 quibus
1740 2271 2031 2340 cingimur,

474 2364 636 2416 stulte
664 2363 919 2415 dixerunt
970 2376 1074 2415 non
1114 2376 1438 2431 resurgere,
1469 2372 1523 2416 et
1570 2363 1877 2429 paradisum
1933 2363 2035 2415 sub

470 2470 683 2505 sensum
723 2470 823 2506 non
862 2460 1057 2507 cadere
1085 2470 1237 2515 ,,nec
1283 2471 1311 2506 a
1362 2454 1472 2508 Deo
1518 2469 1658 2517 esse,
1700 2463 1751 2507 et
1791 2454 1844 2507 in
1876 2469 2039 2513 carne

474 2562 579 2599 non
613 2548 903 2599 formatum
941 2546 1108 2600 fuisse
1148 2546 1412 2600 Adamum
1441 2590 1455 2609 ,
1484 2557 1538 2601 et
1570 2548 1867 2615 punitionis
1895 2548 2038 2603 futu-

473 2654 591 2691 rum
627 2652 743 2691 esse
777 2640 956 2699 tinem,
986 2648 1041 2691 et
1068 2637 1367 2692 daemonum
1405 2638 1473 2692 ad
1520 2648 1717 2693 statum
1752 2639 2035 2707 pristinutn

475 2733 893 2796 restitutionem,
925 2742 976 2788 et
1004 2734 1138 2787 alias
1172 2733 1484 2787 innumeras
1518 2733 1857 2789 delirantium
1888 2734 2038 2795 blus-

474 2824 737 2893 phemias.
1058 2836 1069 2845 ’

542 2916 707 2968 Sexta
759 2925 933 2970 autem
980 2917 1080 2970 sub
1125 2915 1474 2970 Constantino
1518 2914 1790 2985 Pogonato
1852 2919 2038 2974 habita

477 3003 576 3058 fuit
599 3005 1093 3075 Constantinopoli,
1128 3014 1319 3059 contra
1350 3006 1693 3060 Theodorum
1728 3010 2036 3079 episcopum

473 3096 733 3161 Pharani,
784 3098 1076 3152 Honorium
1138 3099 1356 3163 Romze,
1406 3100 1605 3170 Cyrum
1661 3101 2037 3167 Alexandriae,

1722 407 1999 469 TIIEOD.
2037 403 2128 463 BA
2140 400 2441 464 LSAMON

2056 1876 2103 1931 Β

3564 411 3654 475 520

2213 516 2279 571 Ἦ
2311 516 2368 570 δὲ
2398 515 2559 586 τρίτη
2588 518 2645 567 ὲν
2688 513 2896 583 Ἐφέσῳ
2926 513 3019 565 ἐπὶ
3047 513 3323 569 Θεοδοσίου
3360 519 3449 573 τοῦ
3484 529 3655 596 μικροῦ

2132 610 2274 665 κατὰ
2296 608 2593 679 Νεστορίου
2621 607 2714 660 τοῦ
2744 606 3199 676 ἀνθρωπολάτρου
3226 610 3316 662 τοῦ
3342 612 3427 664 τὸν
3452 614 3660 688 Χρισῖδν

2128 700 2405 759 δ’)σσεϐὦς
2431 697 2768 769 διαιροῦντος
2797 700 2892 751 καὶ
2932 699 3375 767 κατατέμνοντος,
3415 705 3503 757 καί
3529 708 3663 776 ψιλὸν

2131 792 2417 862 ἄνθρωπον
2452 792 2611 845 αὐτὸν
2637 790 2775 844 εἶναι
2810 792 3081 859 λέγοντος,
3109 794 3203 845 καὶ
3233 795 3289 846 ού
3320 794 3449 847 Θεὸν
3481 816 3658 871 σεσαρο

2135 882 2382 953 κωμένον
2405 900 2419 915 ·
2453 885 2547 935 καὶ
2577 882 2670 934 δύο
2700 882 2869 945 υἱοὺς,
2896 882 2989 934 καλ⁵
3011 882 3333 947 ὑποστάσεις
3354 885 3444 938 δύο
3466 890 3551 941 ἐπὶ
3576 890 3660 941 τοῦ

2132 976 2249 1038 ἑνὸς
2297 975 2532 1045 Χριστοῦ
2583 972 2677 1027 τοῦ
2722 974 2856 1027 Θεοῦ
2900 974 3347 1044 δογματίζοντος,
3390 978 3504 1031 ὅθεν
3546 983 3664 1051 μηδὲ

2133 1067 2415 1132 Θεοτόκον,
2459 1067 2594 1119 ἀλλὰ
2634 1067 2995 1137 Χριστοτόκον
3015 1067 3370 1136 ὀνομάζοντος
3400 1071 3491 1139 τὴν
3516 1073 3665 1144 ὑπερ-

2132 1160 2296 1226 αγίαν
2344 1160 2616 1227 Παρθένον
2660 1159 2899 1228 Μαρίαν,
2946 1159 3041 1227 τὴν
3086 1159 3352 1213 τεκοῦσαν
3390 1163 3542 1217 αὑτὸν
3588 1166 3667 1218 τὸν

2132 1251 2263 1305 Θεὸν
2288 1252 2378 1304 τὶν
2414 1254 2615 1322 Κύριον
2647 1252 2804 1322 ἡμῶν
2844 1252 3049 1321 Ἰησοῦν
3074 1253 3329 1323 Χριστόν.

2215 1342 2275 1396 'H
2319 1344 2374 1395 δὲ
2414 1348 2646 1413 τετάρτη
2680 1349 2735 1397 ἐν
2775 1343 3075 1413 Χαλκηδόνι
3124 1347 3217 1397 ἐπὶ
3248 1348 3553 1415 Μαρκιανοῦ
3586 1351 3666 1402 τοῦ

2134 1434 2524 1486 εὐσεϐεστάτου
2571 1434 2872 1503 βασιλέως,
2915 1435 3006 1487 τοῦ
3054 1436 3306 1506 γαμϐροῦ
3354 1436 3439 1489 ἐπ’
3486 1438 3668 1509 ἀδελφῇ

2135 1525 2417 1577 Θεοδοσίου
2449 1527 2540 1578 τοῦ
2578 1527 2773 1595 μικροῦ
2809 1526 2945 1596 (55),
2977 1531 3115 1579 κατὰ
3150 1528 3435 1597 Διοσκόρου
3457 1530 3551 1587 ,καὶ
3579 1529 3670 1581 Εύο

2134 1619 2352 1688 τυχοῦς,
2385 1621 2492 1672 τῶν
2526 1620 2621 1690 τὴν
2655 1619 3069 1689 ένανθρώπησιν
3106 1620 3365 1673 τοῦνΘεοῦ
3396 1628 3483 1675 καὶ
3512 1624 3672 1693 Σωτῆ-

2138 1730 2228 1780 ρος
2254 1715 2284 1780 ἡ
2296 1712 2411 1781 μῶν
2454 1713 2627 1781 Ἰησοῦ
2657 1713 2893 1783 Χριστοῦ
2924 1715 2981 1767 ὲν
3012 1714 3284 1783 φαντασίᾳ
3313 1714 3553 1781 γενέσθαι
3583 1733 3671 1784 μυ-

2139 1805 2568 1873 θολογησάντων,
2599 1806 2689 1856 καὶ
2722 1808 2779 1857 ὲν
2820 1808 2916 1876 μιᾷ
2943 1805 3103 1874 φύσει
3132 1806 3296 1860 αὑτὸν
3326 1807 3579 1875 ὑπάρχειν
3601 1809 3675 1858 λεδ

2140 1896 2360 1963 γόντων,
2399 1899 2489 1950 καὶ
2522 1899 2900 1968 προνεμόντων
2933 1902 2997 1968 τῇ
3030 1900 3245 1969 θεότητι
3278 1898 3346 1951 τὰ
3376 1897 3673 1967 παθήματα.

2217 1987 2282 2039 Ἢ
2319 1988 2375 2040 δὲ
2410 1989 2631 2059 πέμπτη
2655 2030 2668 2053 ,
2702 1991 2792 2042 ἐπὶ
2837 1990 3213 2043 Ἰουστινιανοῦ
3243 1990 3336 2043 τοῦ
3366 1991 3603 2057 Μεγάλου
3629 1990 3678 2041 ὲν

2138 2082 2707 2135 Κωνσταντινουπόλει
2725 2084 2863 2136 κατὰ
2884 2082 2976 2136 τοῦ
3002 2085 3351 2154 παράφρονας
3373 2084 3676 2154 Ὠριγένους,
3698 2072 3707 2082 ’

2138 2173 2410 2242 Εὐαγρίου
2439 2193 2495 2227 τε
2529 2176 2621 2229 καὶ
2650 2175 2906 2245 Διδύμου,
2938 2176 3047 2229 τῶν
3079 2176 3178 2239 τὰς
3222 2176 3535 2244 Ἑλληνικάς
3566 2176 3679 2226 ἁνα-

2137 2267 2497 2335 πλασαμένων
2528 2268 2873 2338 μυθοποιίας,
2906 2270 2999 2322 καὶ
3026 2270 3162 2323 αὐτὰ
3197 2270 3264 2323 τά
3297 2267 3517 2338 σώματα
3542 2266 3575 2320 ἃ.
3599 2266 3679 2318 νῦν

2138 2359 2501 2429 περικείμεθα
2535 2361 2778 2425 ἀνοήτως
2809 2363 3073 2415 εἰπόντων
3111 2362 3187 2432 μὴ
3220 2360 3533 2415 ἀνίστασθαι
3556 2377 3568 2391 ο
3600 2362 3681 2411 καὶ

2138 2454 2466 2522 παράδεισον
2495 2454 2748 2524 αίσθητδν
2782 2454 2856 2524 μὴ
2891 2456 3143 2521 γενέσθαι
3176 2458 3241 2508 ὲκ
3272 2456 3365 2508 τοῦ
3395 2454 3521 2507 Θεοῦ
3558 2455 3678 2523 μήτε

2139 2546 2313 2601 εἶναι’
2351 2550 2443 2601 καὶ
2473 2551 2530 2600 ἐν
2570 2551 2733 2617 σαρκὶ
2773 2550 2845 2617 μὴ
2883 2550 3188 2618 πλασθῆναι
3222 2550 3313 2603 τὸν
3364 2550 3562 2618 Ἀδάμ·
3598 2552 3681 2602 καὶ

2138 2642 2292 2705 τέλος
2322 2638 2461 2694 εἶναι
2490 2642 2586 2711 τῆς
2617 2642 2890 2704 κολάσεως
2910 2683 2922 2706 ,
2972 2646 3065 2696 καὶ
3096 2643 3363 2711 δαιμόνων
3411 2646 3484 2704 εἰς
3514 2643 3569 2694 τὸ
3595 2644 3680 2709 ἁρ-

2138 2734 2291 2803 χαῖον
2316 2734 2777 2797 ἀποκατάστασιν,
2802 2736 2895 2787 καὶ
2919 2735 3113 2805 ἑτέρας
3143 2739 3342 2807 μυρίας
3364 2735 3683 2805 βλασφημίας

2140 2826 2207 2897 λη
2216 2826 2358 2895 ρωδη
2367 2827 2595 2881 σάντων.

2220 2920 2282 2973 Ἦ
2319 2922 2375 2975 δὲ
2413 2921 2547 2991 ἕκτη
2580 2923 2669 2974 ἐπὶ
2701 2924 3105 2978 Κωνσταντίνου
3133 2925 3230 2978 τοῦ
3272 2923 3599 2993 Πωγωνάτου
3637 2921 3686 2972 ὲν

2140 3016 2706 3072 Κωντταντινουπόλει
2752 3019 2893 3072 κατὰ
2935 3019 3213 3090 Θεοδώρου
3259 3020 3352 3073 τοῦ
3390 3022 3485 3088 τῆς
3523 3017 3685 3085 Φαρᾶν

2146 3111 2465 3174 ἐπισκόπου,
2510 3110 2762 3180 Ὀνωρίου
2803 3112 3039 3182 Ῥώμης,
3076 3113 3264 3184 Κύρου
3287 3110 3683 3181 Ἀλεξανδρείας,

478 3188 839 3261 Sergiumque
886 3200 941 3243 et.
983 3189 1273 3260 Pyrrhum,
1302 3190 1524 3247 Paulum
1559 3202 1611 3247 et
1650 3191 1890 3260 Petrum,
1942 3194 2029 3261 qui

2143 3201 2367 3270 Σεργίου
2407 3220 2467 3255 τε
2515 3204 2608 3256 καὶ
2653 3203 2889 3276 Πύρρου.
2939 3204 3151 3258 Παύλου
3193 3207 3289 3261 καὶ
3337 3206 3560 3275 Πέτρου,
3596 3201 3688 3254 τῶν

476 3282 729 3335 Ecelesiae
765 3280 1378 3350 Constantinopolitanze
1410 3283 1742 3350 praefuerunt
1769 3322 1784 3345 ,
1816 3294 1871 3339 et
1903 3283 2037 3339 alios

472 3372 565 3439 qui
596 3386 779 3425 eorum
814 3373 1058 3425 haeresim
1094 3383 1443 3427 renovarunt.
1480 3374 1541 3427 Ili
1573 3375 1717 3429 enim
1749 3375 1857 3430 Deo
1883 3391 2042 3444 repu-

474 3473 702 3530 gnantes
736 3475 789 3517 et
820 3465 1161 3533 nequissimi,
1194 3480 1314 3518 cum
1348 3465 1631 3519 Dominum
1681 3477 1921 3523 nostrum
1956 3467 2043 3523 Je-

472 3570 590 3607 smu
625 3555 903 3609 Christum
936 3557 1099 3608 etiam
1137 3567 1257 3624 post
1285 3558 1716 3612 incarnationem
1754 3576 1913 3613 unam
1944 3577 2041 3614 vo-

474 3642 731 3695 luntatem
772 3655 824 3697 et
868 3660 1026 3697 unam
1060 3646 1426 3712 operationem
1478 3647 1675 3702 habere
1719 3650 2040 3716 docuerunt,

480 3736 548 3787 ah
572 3736 673 3790 hac
705 3739 911 3805 synodo
936 3739 1278 3791 anathemate
1312 3742 1775 3805 percutiebantur.
1798 3743 2044 3802 Canones

477 3838 654 3882 autem
689 3846 788 3883 nec
824 3846 851 3882 a
890 3832 1073 3899 quinta
1122 3833 1326 3900 synodo
1356 3834 1455 3888 sub
1494 3833 1798 3890 Justiniano
1852 3836 2043 3909 Magno

480 3921 660 3975 habita
699 3938 795 3975 nec
825 3925 890 3976 ab
930 3924 1031 3978 hac
1064 3936 1212 3978 sexta
1243 3927 1345 3980 sub
1376 3926 1732 3983 Constantino
1768 3929 2042 4001 Pogonato

477 4024 802 4081 coiugregata
834 4015 960 4069 editi
988 4015 1154 4070 fuere.
1169 4017 1373 4072 Dicitur
1397 4028 1574 4074 autem
1603 4031 1657 4075 et
1682 4022 1768 4075 illa
1790 4026 1889 4078 sub
1906 4024 2045 4079 Con-

474 4106 711 4159 atantinn
726 4104 999 4174 Pogonato
1022 4112 1257 4180 synodus
1274 4120 1445 4179 sexta,
1461 4124 1513 4168 et
1539 4115 1650 4169 hrec
1671 4132 2046 4188 przesens,qu:e

480 4200 579 4251 sub
616 4199 725 4255 lilio
776 4201 893 4270 ejus
944 4203 1289 4259 lthinotmcto
1337 4205 1543 4272 habita,
1592 4220 1746 4263 sexta
1789 4226 2040 4279 quoque,

477 4291 597 4356 quia
640 4292 810 4347 amhze
843 4304 900 4346 ut
931 4311 1032 4347 una
1066 4299 1171 4349 visa
1202 4307 1285 4351 est
1313 4300 1549 4369 synodus
1576 4340 1591 4365 ,
1625 4303 1881 4369 quoniam
1929 4306 2044 4358 haec

480 4392 598 4451 post
622 4385 808 4454 viginti
842 4398 1043 4454 septem
1078 4405 1247 4442 annos
1280 4391 1457 4443 habita
1493 4392 1613 4456 fuit,
1646 4403 1700 4446 et
1728 4394 1808 4446 vel
1854 4410 2043 4448 omnes

473 4476 767 4529 verisimile
823 4488 906 4530 est
962 4478 1041 4531 vel
1100 4480 1291 4533 saltem
1352 4482 1611 4549 plurimos
1657 4484 2037 4554 episcoporum

2144 3293 2451 3359 γενομένων
2514 3294 3137 3358 Κωνσταντινουπόλεως
3208 3300 3552 3356 ἐπισκόπων,
3608 3293 3689 3344 καὶ⁸

2144 3384 2346 3455 ἑτέρων
2376 3384 2482 3437 τῶν
2516 3386 2611 3457 τὴν
2638 3388 2846 3455 αἰρεσιν
2874 3388 3055 3441 αὐτῶν
3082 3390 3548 3444 άνακαινισάντων
3568 3400 3582 3415 ⁶
3610 3380 3688 3438 οὓς

2145 3491 2226 3528 τοι
2255 3475 2363 3541 γάρ
2389 3476 2437 3527 οἱ
2466 3475 2722 3546 θεομάχοι
2752 3480 2844 3530 καί
2867 3480 3221 3532 ἀσεϐέστατοι
3250 3480 3549 3548 ἒνθελημα,
3579 3476 3692 3545 μίαν

2145 3565 2429 3635 ἐνέργειαν
2471 3565 2614 3635 ἔχειν
2647 3568 2737 3620 τὸν
2780 3569 2983 3639 Κύριον
3029 3573 3183 3639 ἡμῶν
3228 3570 3441 3641 Ἰησοῦν
3482 3567 3693 3637 Χριστὸν

2148 3657 2243 3709 καὶ
2276 3659 2693 3728 μετασάρκωσιν
2727 3661 3149 3731 δογματίσαντες
3174 3704 3188 3727 ,
3224 3666 3334 3717 ὑπὸ
3370 3663 3466 3732 τῆς
3498 3656 3692 3713 συνόδου

2146 3752 2347 3820 ταύτης
2376 3753 2909 3823 ἁναθεματίσθησαν.
2944 3757 3181 3819 Κανόνες
3204 3757 3265 3809 δὲ
3297 3756 3418 3808 οὔτε
3447 3752 3588 3821 παρὰ
3609 3749 3694 3815 τῆς

2148 3842 2403 3913 πέμπτης
2440 3847 2655 3899 συνόδου
2684 3846 2782 3916 τῆς
2807 3848 2900 3900 ἐπὶ
2939 3849 3319 3902 Ἰουστινιανοῦ
3351 3848 3441 3901 τοῦ
3469 3843 3693 3907 Μεγάλου

2148 3937 2468 4007 γενομένης,
2523 3940 2647 3991 οῦτε
2695 3940 2824 4010 παρ’
2875 3942 3045 4009 αὐτῆς
3096 3942 3193 4013 τῆς
3235 3943 3425 4012 ἕκτης,
3479 3940 3573 4007 τῆς
3618 3938 3695 3987 ἐπὶ

2154 4030 2563 4082 Κιυνσταντίνου
2586 4030 2679 4081 τοῦ
2706 4032 3045 4099 Πωγωνάτου
3109 4034 3599 4106 συναθροισθείσης,
3624 4028 3695 4090 ἐξ·
3724 4018 3727 4021 Ι

2148 4117 2429 4187 ετέθησαν.
2455 4119 2686 4185 Λέγεται
2731 4121 2787 4173 δὲ
2836 4124 2930 4175 καὶ
2964 4127 2995 4193 η
3044 4126 3135 4176 ἐπὶ
3177 4125 3581 4180 Κωνσταντίνου
3616 4119 3695 4172 τοῦ

2150 4212 2483 4277 Πωγωνάτου
2515 4214 2730 4275 σύνοδος
2752 4215 2907 4283 ἕκτη,
2944 4220 3039 4270 καὶ
3069 4220 3099 4289 ή
3132 4221 3406 4289 παροῦσα,
3437 4221 3468 4287 ή
3498 4217 3583 4270 ἐπὶ
3613 4211 3693 4266 τοῦ

2148 4300 2263 4352 υἱοῦ
2298 4302 2460 4353 αὑτοῦ
2497 4302 2589 4354 τοῦ
2645 4291 2995 4376 Ῥινοτμῆτου
3030 4312 3297 4381 γενομένη
3324 4350 3339 4375 ,
3378 4312 3542 4378 ἕκτη·
3580 4305 3696 4359 διότι

2153 4392 2229 4454 ὡς
2266 4392 2361 4462 μία
2394 4394 2577 4461 ἔδοξαν
2613 4396 2826 4460 σύνοδος
2858 4402 2949 4451 καὶ¹
2986 4402 3330 4472 ἀμφότεραι,
3364 4403 3448 4457 διὰ
3486 4400 3542 4454 τὸ
3575 4398 3696 4469 μετὰ

2150 4484 2466 4535 εἰκοσιεπτὰ
2496 4485 2721 4554 χρόνους
2756 4487 2964 4558 ταύτην
3014 4492 3266 4556 γενέσθαι
3292 4533 3306 4556 ,
3341 4494 3434 4545 καὶ
3461 4492 3582 4553 τοὺς
3614 4489 3698 4541 αὺ-

473 4569 691 4621 eosdem
728 4570 894 4622 fuisse
939 4570 1027 4638 qui
1062 4570 1146 4623 hic
1199 4580 1254 4624 et
1297 4574 1387 4640 qui
1438 4574 1507 4626 ibi
1546 4586 1939 4644 convenerunt,
1989 4588 2037 4633 et

2148 4576 2272 4637 τοὺς
2303 4576 2429 4638 ἴσως
2452 4572 2612 4639 εἶναι,
2636 4580 2667 4647 ἢ
2695 4581 2819 4642 τοὺς
2841 4581 3087 4644 πλείονας
3107 4584 3213 4635 τῶν
3235 4580 3699 4647 ἑπισκόπων,’τοὺς

474 4663 615 4728 quod
668 4671 893 4730 preptcr
931 4663 1145 4715 easdem
1210 4665 1534 4731 quiestiones
1590 4668 1885 4739 eademque
1947 4672 2043 4725 do-

474 4762 648 4820 gmata
675 4754 982 4823 congregati
1016 4764 1161 4807 sunt.

908 4994 915 5001 ,
1005 4935 1423 5026 ιξεβΑΝοΝ
1472 4940 1513 4994 ιι

479 5061 498 5093 ι
559 5044 673 5097 lloc
720 5061 933 5116 quoque
980 5050 1103 5104 huic
1134 5064 1331 5107 sanctae
1350 5058 1553 5125 synodo
1594 5058 1949 5124 pulcherrime
1988 5073 2042 5116 et

548 5154 567 5186 ι
606 5137 986 5191 ltoziestissime
1046 5141 1282 5209 placuit,
1333 5157 1390 5198 ut
1435 5148 1502 5201 ab
1553 5148 1651 5203 hoc
1705 5138 1845 5207 nitito
1909 5163 2038 5208 lem-

553 5247 571 5276 ‹
612 5244 739 5294 pnre
768 5229 1045 5298 deinceps,
1077 5236 1140 5286 ad
1186 5239 1481 5290 animarum
1532 5240 1789 5295 medelam
1833 5254 1884 5296 et
1918 5261 2043 5313 per-

550 5338 568 5370 ι
616 5322 977 5375 turbationum
1015 5328 1348 5382 curationem
1381 5329 1516 5383 (irini
1557 5334 1884 5405 stabilesque
1923 5355 2037 5395 ma-

2148 4666 2386 4719 ἐνταῦθα
2422 4670 2580 4721 κάκεῖ
2610 4670 3129 4740 συναθροισθέντας,
3169 4678 3261 4729 καὶ
3302 4679 3429 4749 περὶ
3464 4676 3565 4730 τῶν
3609 4674 3695 4726 αὺ-

2144 4760 2252 4811 τῶν
2301 4760 2626 4831 ζητημάτων
2682 4780 2739 4815 τε
2789 4766 2881 4817 καὶ
2926 4766 3213 4838 δογμάτων
3259 4772 3358 4843 τὴν
3410 4769 3697 4823 συνέλευσιν

2142 4854 2556 4923 ποιησαμένους.
3700 4878 3709 4947 tl

2747 4954 2987 5008 ΚΑΝΩΝ
3027 4954 3101 5011 Β’.

2149 5079 2169 5111 ι
2212 5048 2394 5127 Ἐοοξε
2434 5065 2488 5116 δε
2541 5082 2633 5117 και
2668 5068 2825 5119 τοῦτο
2857 5072 2920 5137 τῇ
2953 5072 3083 5142 ἁγίᾳ
3129 5074 3301 5149 ταύτῃ
3340 5077 3538 5145 συνόδῳ
3580 5072 3699 5126 κάλ-

2221 5174 2239 5204 ι
2282 5156 2434 5209 λιστά
2464 5175 2520 5209 τε
2546 5158 2638 5211 καὶ
2663 5162 3076 5228 σπουδαιότατα,
3107 5166 3246 5221 ὥστε
3280 5171 3461 5238 μένειν
3487 5169 3573 5221 καὶ
3604 5166 3699 5218 ἀπὸ

2224 5264 2242 5297 ι
2283 5249 2375 5299 τοῦ
2411 5248 2502 5301 νῦν
2539 5249 2784 5317 βεϐαίους
2820 5258 2913 5307 καὶ
2942 5257 3203 5327 ἀσφαλεῖς
3240 5262 3376 5331 πρὸς
3404 5260 3597 5330 ψυχῶν
3618 5256 3695 5331 θεέ

2224 5358 2241 5389 ι
2289 5341 2516 5409 ραπείαν
2546 5344 2641 5396 καὶ
2692 5347 2934 5416 ἰατρείαν
2965 5351 3153 5405 παθῶν
3184 5354 3310 5419 τοὺς
3344 5355 3448 5407 ὑπὸ
3474 5352 3577 5406 τῶν
3602 5349 3698 5418 τρὸ

1692 5493 1881 5555 Guill.
1915 5495 2244 5575 Beveregii
2288 5505 2476 5558 notae.

547 5624 1241 5706 (55)-Tm_7_7-ay6p05_éz’
1273 5632 1507 5702 ἀδελφῇ
1562 5638 1886 5691 Θεοδοσίου
1940 5640 2047 5691 τοῦ

466 5698 710 5774 μικροῦ.
769 5697 1074 5774 Martiattus
1105 5697 1645 5774 Thcodoswvju‘niori
1681 5727 1743 5762 cx
1780 5726 1846 5763 co
1870 5710 2046 5764 allinis

476 5768 599 5851 luit,
638 5767 781 5835 quod
814 5769 1180 5851 Pulcheriam,
1216 5767 1463 5851 sororem
1521 5779 1663 5847 ejus,
1702 5783 1755 5833 in
1799 5782 2042 5848 impera-

392 5888 393 5891 η
473 5843 663 5892 tricem
692 5843 1011 5911 assumpsit,
1042 5843 1256 5899 etiamsi
1305 5862 1428 5901 cum
1478 5843 1697 5905 ea'rem
1758 5843 2038 5920 uuniluam

2158 5639 2432 5723 habuerit.
2490 5642 2790 5723 Evagrius‘,
2846 5647 3036 5723 γνωμῃ
3099 5654 3449 5723 Πουλχερίας,
3497 5654 3577 5723 ἣν.
3613 5632 3695 5697 καἱ

2154 5714 2458 5795 ἐσῳκίσατο
2501 5714 2599 5795 μὲν
2629 5714 2702 5777 ὡς
2750 5714 3107 5795 βασιλίδα,ὀύ
3149 5714 3450 5795 μὴκῗέγνω,
3498 5714 3699 5795 ἀεί-παι-

2148 5779 2236 5866 ξρς
2265 5779 2718 5866 ῥᾲκεξνηεμέχρις
2750 5779 2958 5860 ’γήρως
3002 5779 3284 5866 μεινάσὴς.
3328 5779 3530 5864 'Eva'gr.
3562 5786 3701 5843 Ilia.

2150 5848 2349 5904 Eccles.
2374 5851 2412 5905 Ι.
2444 5867 2503 5920 ιι,
2529 5848 2649 5925 ἐειρξ
2685 5857 2735 5910 1.
2783 5848 2794 5856 ’
2830 5848 2866 5860 ”
2938 5848 2949 5900 Ῑ
