3940 6480
189 380 261 446 521

245 515 261 547 1
300 494 461 565 ἡμῶν
489 492 658 562 ἁγίων
685 492 778 545 καί
808 491 1091 562 μακαρίων
1116 489 1373 559 Πατέρων
1401 486 1512 557 (Si)
1535 483 1739 554 ὃεχθέν.
1778 485 1820 541 Α

248 608 262 638 1
302 604 402 650 τας
445 588 538 640 καὶ
572 585 947 653 κυρωθέντας,
981 581 1115 633 ἀλλὰ
1148 581 1255 650 μὴν
1288 581 1379 631 καὶ
1415 576 1743 645 παραδοθέν-

248 700 261 729 ι
302 698 402 742 τας
428 680 559 747 ἡμῖν
582 679 805 747 ὀνόματι
830 675 937 729 τῶν
961 674 1128 742 ἁγίων
1153 674 1247 725 καὶ
1268 672 1491 737 ἐνδόξων
1515 668 1744 722 ἀποστό.

246 791 263 821 1
302 772 411 823 λων
461 771 790 839 ὀγδοήκοντα
834 769 991 818 πέντε
1037 764 1298 824 κανόνας..
1344 761 1561 830 Ἐπειδὴ
1602 758 1646 812 δ’
1688 758 1744 811 ἐν

246 884 261 913 1
304 862 520 923 τούτοις
558 862 669 921 τοῖς
713 860 904 912 κανόσι
952 856 1263 909 ἐντέταλται
1308 852 1558 923 δέχεσθαι
1598 851 1744 919 ἡμᾶς

248 977 264 1007 1
302 958 404 1017 τὰς
459 954 568 1006 τῶν
599 953 776 1006 αὐτῶν
817 952 986 1016 ἁγίων
1018 948 1328 1002 ἀποστόλων
1356 944 1442 996 διὰ
1497 943 1745 1013 Κλήμενο

247 1070 263 1100 1
303 1067 393 1112 τος
418 1048 709 1111 διατάξεις,
738 1041 940 1099 αἷστισι
967 1043 1128 1095 πάλαι
1158 1040 1261 1092 eat
1286 1040 1390 1091 τῶν
1422 1034 1745 1106 ἑτεροδόξων

248 1161 264 1191 1
305 1142 398 1193 ὲπί
445 1139 592 1208 λύμῃ
619 1140 718 1206 τῆς
769 1136 1093 1203 Ἐκκλησίας
1137 1133 1266 1185 νόθα
1316 1129 1434 1183 τινὰ
1486 1132 1574 1180 καὶ
1621 1123 1747 1191 ξένα

250 1252 265 1281 1
304 1232 405 1299 τῆς
432 1227 713 1288 εὐσεϐείας
738 1221 1200 1294 παρενετέθησαν,
1227 1219 1287 1271 τὸ
1310 1215 1581 1286 εὐπρεπὲς
1613 1210 1742 1264 κόιλ-

253 1342 269 1374 1
308 1323 399 1383 λος
434 1319 547 1371 τῶν
596 1317 756 1371 θείων
791 1315 1077 1385 δογμάτων
1122 1312 1253 1381 ἡμῖν
1294 1306 1743 1378 ἁμαυρὼσαντασ

252 1436 269 1468 1
308 1417 407 1484 τὴν
432 1412 541 1465 τῶν
575 1410 830 1463 τοιούτων
860 1405 1153 1472 διατάξεων
1190 1402 1516 1473 προσφόρως
1548 1397 1747 1452 ἀποϐο-

254 1530 269 1559 1
308 1508 408 1577 λὴν
434 1503 780 1573 πεποιήμεθα
809 1500 944 1571 πρὸς
970 1499 1068 1569 τὴν
1096 1496 1186 1551 τοῦ
1214 1493 1747 1566 Χριστιανικωτάτου

250 1619 268 1651 1
306 1598 564 1669 ποιμνίου
619 1595 906 1665 οἰκοδομὴν
966 1594 1060 1646 καὶ
1113 1589 1438 1658 ἀσφάλειαν,
1498 1585 1748 1653 οὐδαμῶς

253 1713 269 1744 1
307 1693 655 1763 ἐγκρίνοντες
695 1690 760 1742 τὰ
794 1689 891 1755 τῆς
924 1686 1207 1755 αἱρετικῆς
1237 1678 1588 1750 ψευδολογίας
1619 1678 1751 1746 κυή-

256 1806 271 1837 1
309 1801 497 1854 ματα,
540 1782 637 1834 καὶ
675 1784 738 1850 τῇ
775 1778 974 1849 γνησίᾳ
1001 1777 1106 1831 τῶν
1154 1773 1467 1828 ἀποστόλων
1502 1773 1598 1874 καὶ
1631 1771 1747 1874 oio:
1780 1817 1827 1874 Β

252 1895 268 1926 1
304 1876 494 1946 κλήρῳ
516 1875 701 1942 διδαχῇ
729 1871 1163 1941 παρενείροντες·
1183 1864 1679 1935 Ἐπισφραγίζομεν
1696 1861 1751 1913 δὲ

254 1988 270 2018 1
308 1967 407 2020 καὶ
440 1966 569 2026 τοὺς
596 1964 816 2025 λοιποὺς
849 1960 1056 2022 πάντας
1096 1959 1326 2020 κανόνας
1358 1955 1480 2017 τοὺς
1513 1954 1618 2008 ὑπὸ
1646 1954 1754 2007 τῶν

254 2077 270 2108 1
301 2058 475 2124 ἁγίων
501 2053 593 2106 καὶ
624 2050 912 2122 μακαρίων
944 2050 1200 2118 ιΙατέρων
1227 2046 1383 2117 ἡμῶν
1411 2044 1750 2106 ἐκτεθέντας,

257 2172 270 2201 1
303 2148 450 2203 τοῦτ’
500 2148 617 2200 ἔστι
647 2146 765 2200 τῶν
805 2162 862 2197 τε
906 2146 963 2196 ὲν
998 2143 1203 2214 Νικαίᾳ
1254 2138 1753 2210 συναθροισθέντων

257 2241 644 2313 (τριακοσίων
700 2238 975 2291 δεκαοκτὼ
1026 2235 1301 2305 θεοφόρων
1354 2231 1610 2299 Πατέρων
1660 2230 1754 2282 καὶ

256 2354 271 2387 1
307 2334 418 2386 τῶν
454 2334 514 2384 ἐν
556 2329 821 2401 Ἀγκύρῃ,
856 2328 935 2381 ἔτι
973 2327 1079 2399 μὴν
1111 2324 1344 2379 καὶτῶν
1373 2325 1427 2375 ἐν
1450 2323 1755 2376 Νεοκαισα-

255 2443 273 2479 1
308 2426 429 2497 ρείξι
452 2442 468 2458 ο
505 2422 766 2486 ὡσαύτως
794 2421 1018 2475 καὶτῶν
1049 2421 1107 2472 ὲν
1140 2418 1415 2486 Γάγγραις
1437 2433 1451 2445 ·
1480 2415 1613 2484 πρὸς
1638 2411 1756 2464 τού-

257 2536 273 2570 1
309 2535 420 2579 τοις
447 2517 505 2570 δὲ
535 2517 628 2569 καὶ
655 2514 761 2567 τῶν
794 2518 848 2567 ἐν
892 2510 1195 2581 Ἀντιοχείᾳ
1226 2511 1321 2581 τῆς
1350 2507 1550 2579 Συρίας
1574 2524 1588 2537 ·
1620 2505 1755 2559 ἀλλὰ

260 2632 274 2664 1
313 2613 421 2681 μὴν
450 2611 545 2663 καὶ
571 2611 681 2663 τῶν
708 2610 765 2662 ὲν
780 2606 1070 2677 Λαοδικείᾳ
1094 2608 1189 2677 τῆς
1218 2604 1457 2673 Φρυγίας
1484 2619 1497 2633 ο
1533 2602 1754 2671 προσέτι

258 2726 272 2757 1
308 2709 403 2760 καὶ
451 2706 560 2759 τῶν
591 2704 784 2758 ἑκατὸν
834 2703 1174 2773 πεντήκοντα
1224 2701 1331 2752 τῶν
1382 2701 1438 2751 ἐν
1480 2695 1649 2765 ταύτῃ
1690 2698 1754 2766 τῇ

259 2820 275 2851 1
314 2798 670 2868 θεοφυλάκτῳ
722 2797 817 2849 καὶ
876 2794 1107 2866 βασιλίδι
1163 2791 1525 2846 συνελθόντων
1581 2790 1752 2853 πόλει,

260 2913 275 2946 1
310 2895 405 2946 καὶ
438 2892 733 2945 διακοσίων
772 2890 881 2941 τῶν
923 2890 981 2941 ὲν
1008 2891 1073 2959 τῇ
1117 2886 1383 2955 Ἐφεσίων
1424 2882 1755 2957 μητροπόλει

267 2988 373 3039 ιτδ
431 2986 698 3055 πρότερον
772 2982 1307 3054 συναγηγερμένων;’
1370 2978 1465 3031 καὶ
1531 2978 1636 3030 τῶν
1698 2978 1756 3028 ὲν

268 3100 281 3131 1
318 3079 623 3150 Χαλκηδόνι
662 3077 768 3130 τῶν
808 3076 1105 3143 ἑξακοσίων
1134 3073 1432 3144 τριάκοντα
1461 3070 1632 3137 ἁγίων
1662 3066 1757 3119 καὶ

263 3194 278 3223 1
319 3173 608 3242 μακαρίων
641 3171 930 3241 Πατέρων’
972 3170 1236 3230 ὡσαύτως
1274 3168 1368 3220 καὶ
1397 3165 1579 3217 τῶνὲν
1607 3163 1747 3233 Σαρ-
1776 3170 1823 3235 c

265 3281 278 3310 ι
310 3263 433 3334 δικῇ
456 3278 471 3293 ο
509 3262 589 3314 ἔτι
627 3261 732 3333 μὴν
764 3262 855 3314 καὶ
888 3261 994 3314 τῶν
1027 3262 1083 3313 ὲν
1120 3256 1446 3329 Καρθαγένῃ
1474 3273 1487 3287 ·
1526 3253 1752 3326 προσέτι

263 3373 279 3405 1
316 3371 375 3422 γε
420 3355 528 3426 μὴν
563 3342 656 3409 καὶ
686 3354 793 3408 τῶν
828 3352 983 3416 αὖθις
1013 3354 1069 3404 ἐν
1104 3351 1274 3422 ταύτῃ
1304 3354 1367 3422 τῇ
1402 3347 1754 3418 θεοφυλάκτῳ

266 3462 283 3494 1
318 3446 411 3499 καὶ
455 3445 688 3515 βασιλίδι
730 3444 883 3499 πόλει
923 3443 1286 3497 συνελθόντων
1317 3441 1410 3494 ἐπὶ
1446 3437 1752 3506 Νεκταρίου

268 3557 281 3587 1
313 3536 403 3590 τοῦ
434 3538 534 3606 τῆς
566 3536 834 3606 βασιλίδος
856 3537 1056 3606 ταύτης
1098 3535 1305 3597 πόλεως
1334 3532 1625 3607 προέδρου,
1659 3532 1756 3583 καὶ

267 3646 283 3678 1
315 3629 575 3699 Θεοφίλου
606 3631 700 3684 τοῦ
734 3630 1027 3698 γενομένου
1072 3626 1474 3697 Ἀλεξανδρείας
1504 3628 1754 3695 ἁρχιεπι·

264 3738 279 3770 1
317 3722 518 3775 σκόπου
540 3740 552 3753 ο
586 3721 724 3776 ἀλλὰ
751 3720 860 3793 μὴν
887 3722 981 3775 καὶ
1011 3719 1291 3773 Διονυσίου
1325 3717 1755 3789 ἀρχιεπισκόπου

265 3835 282 3866 1
315 3816 611 3886 γενομένου
681 3813 1082 3885 Ἀλεξανδρείας
1146 3809 1594 3881 μεγαλοπόλεως,
1664 3810 1757 3862 καὶ

268 3929 283 3961 1
321 3910 529 3981 Πέτρου
561 3910 854 3979 γενομένου
886 3906 1317 3979 ἁρχιεπισκόπου
1350 3904 1757 3972 Ἀλεξανδρείας

270 4017 285 4048 1
318 4008 406 4052 καὶ
433 4004 735 4074 μάρτυρος,
762 4004 855 4055 καὶ
886 4001 1185 4071 Γρηγορίου
1211 3997 1509 4051 ἐπισκόπου
1534 3995 1757 4065 γενομέ-

267 4108 283 4139 1
322 4089 855 4164 νουςΝεσαιαισαρείας
885 4094 977 4146 τοῦ
1016 4089 1478 4161 Θαυματςυργοῦ,
1531 4087 1758 4141 Ἀθανα-

272 4199 288 4231 1
323 4182 435 4233 σίου
496 4181 922 4250 ἀρχιεπισκόπου
982 4183 1421 4255 Ἀλεξανδρείας,
1477 4183 1758 4237 Βασιλείου

269 4291 285 4323 1
319 4270 751 4343 ἀρχιεπισκόπου
783 4271 1117 4345 Καισαρείας
1145 4275 1588 4338 Καππαδοκείας,
1619 4276 1760 4345 Γρη-

266 4382 282 4414 1
314 4364 503 4433 τορίου
542 4363 840 4416 ἐπισκόπου
887 4362 1127 4434 Νύσσης,
1163 4368 1465 4439 Γρηγορίου
1497 4367 1591 4421 τοῦ
1633 4367 1761 4421 Θεοο

266 4476 284 4507 1
317 4457 515 4525 λόγου,
601 4454 949 4525 Ἀμφιλοχίου
1008 4456 1100 4511 τοῦ
1169 4461 1426 4527 Ἰκονίου,
1487 4460 1754 4531 Τιμοθέου

270 4568 286 4601 1
314 4550 749 4620 ἀρχιεπισκόπου
766 4549 1057 4620 γενομένου
1075 4550 1481 4623 Ἀλεξανδρείας
1497 4556 1558 4607 τὸ
1576 4554 1762 4623 πρότε-
1796 4531 1841 4584 D

268 4659 284 4692 1
319 4657 431 4711 ρον,
463 4640 723 4708 Θεοφίλου
747 4640 1172 4711 ἀρχιεπισκόπου
1194 4643 1290 4712 τῆς
1314 4643 1485 4712 αὐτῆς
1520 4643 1763 4708 Ἀλεξαν-

266 4752 284 4785 1
318 4735 503 4805 ὀρείας
546 4733 980 4803 μεγαλοπόλεως,
1022 4735 1287 4805 Κυρίλλου
1330 4737 1759 4807 ἀρχιεπισκόπου

268 4846 283 4877 1
319 4829 413 4899 τῆς
475 4826 919 4898 Ἀ).εξανδρείας’
960 4828 1053 4881 καὶ
1100 4828 1384 4882 Γενναδῗου
1424 4828 1759 4899 πατριάρχου

269 4940 285 4971 1
319 4920 615 4992 γενομένου
652 4920 753 4991 τῆς
785 4920 1148 4988 θεοφυλάκτου
1180 4922 1385 4993 ταύτης
1418 4923 1512 4975 καὶ
1550 4922 1761 4992 pacm-

269 5030 285 5063 1
319 5012 403 5075 δος
431 5014 642 5076 πῦλεως
668 5030 682 5044 ·
706 5014 787 5067 ἔτι
819 5015 925 5084 μὴν
954 5015 1160 5068 καὶτὸν
1189 5016 1291 5068 ὑπὸ
1318 5016 1633 5086 Κυπριανοῦ
1663 5018 1757 5069 τού

268 5124 285 5155 1
318 5108 612 5177 γενομένου
667 5107 1096 5177 ἁρχιεπισκόπου
1146 5110 1243 5178 τῆς
1299 5112 1519 5181 ’Ἄφρων
1574 5110 1760 5184 χώρας

1256 373 1333 434 IN
1368 372 1528 432 CAN.
1569 370 1629 430 It
1669 365 1879 428 CONC.
1922 366 2004 428 IN
2044 368 2364 431 TRULLO.
3314 370 3419 431 522

1927 501 1945 533 1
1995 492 2175 549 ncant,
2210 487 2301 554 qui
2334 499 2362 537 a
2391 487 2593 540 sanctis
2612 494 2664 538 et
2714 485 2887 542 beatis
2919 485 3167 541 Patribus
3195 487 3284 556 qui
3316 505 3415 544 nos

1927 592 1945 624 1
1989 586 2400 643 prmccsscruut,
2420 578 2651 645 suscepti
2684 592 2747 631 ac
2770 578 2908 634 conti
2920 579 3072 633 rmati
3090 590 3236 645 sunt,
3256 590 3417 651 atque

1928 689 1946 719 1
1988 670 2124 723 adeo
2154 671 2308 726 nobis
2358 671 2522 725 etiam
2577 673 2755 726 traditi
2806 684 2953 740 sunt,
3002 684 3310 730 sanctorum
3363 689 3419 733 et

1926 783 1943 812 1
1983 762 2335 829 gloriosorum
2380 763 2742 830 apostolorum
2795 767 3011 821 nomine
3046 768 3113 821 83
3147 783 3407 825 canones.

1926 872 1942 901 1
1980 853 2241 919 Quoniam
2279 863 2458 910 autem
2492 855 2544 909 iu
2583 855 2665 909 his
2702 857 2855 911 nobis
2885 859 3181 914 cauonibus
3217 875 3419 928 prtecc-

1928 968 1943 995 1
1990 959 2133 1017 ptum
2161 957 2261 1012 esl,
2297 956 2357 1001 ut
2379 948 2687 1002 corutudem
2721 960 3026 1003 sanctorum
3056 950 3414 1019 apostolorum

1931 1060 1945 1087 1
1993 1054 2085 1108 per
2125 1039 2456 1094 Clementem
2510 1040 2936 1095 Constitutioues
2980 1043 3416 1112 susciperentur,

1924 1151 1941 1181 1
1981 1132 2177 1202 quibus
2205 1132 2314 1200 jam
2348 1132 2474 1187 olim
2514 1135 2581 1187 ab
2626 1134 2715 1197 iis,
2749 1136 2838 1201 qui
2873 1150 2901 1187 τι
2950 1134 3052 1189 fide
3083 1136 3253 1190 alicua
3288 1153 3416 1192 scn-

1928 1242 1945 1272 1
1994 1222 2209 1277 tittutad
2238 1222 2495 1277 Ecclesia:
2523 1224 2744 1278 exitium
2771 1224 3065 1281 adulterina
3097 1226 3338 1295 quredam
3370 1238 3425 1281 et

1927 1334 1942 1363 1
1983 1330 2011 1367 a
2053 1316 2254 1384 pietate
2283 1316 2457 1369 aliena
2512 1316 2818 1370 introducta
2866 1327 3011 1381 sunt.
3046 1333 3165 1388 quae
3212 1319 3424 1374 divino.

1927 1426 1944 1456 1
1987 1422 2103 1459 runt
2150 1406 2303 1461 nobis
2338 1407 2679 1461 decretorum
2710 1409 3014 1477 elegantem
3068 1428 3129 1465 ac
3162 1414 3417 1467 decoram

1930 1517 1945 1547 1
1988 1497 2223 1567 speciem
2271 1499 2633 1554 obscuraruut
2681 1516 2696 1554 :
2746 1501 2842 1555 has
2888 1502 3301 1558 constitutiones
3356 1505 3421 1557 ad

1931 1611 1946 1640 1
1989 1591 2436 1646 Christianissimi
2467 1593 2644 1663 gregis
2664 1594 3081 1650 mdiiicatiouem
3116 1610 3179 1650 ac
3217 1596 3425 1650 securi-

1934 1704 1949 1732 1
1993 1692 2155 1738 tatem
2185 1684 2471 1740 commode
2521 1685 2835 1755 rcjecitutts,
2878 1687 3142 1742 hacreticm
3176 1688 3426 1742 falsitatis

1932 1792 1948 1824 1
1992 1776 2152 1830 {mtus
2176 1791 2515 1844 nequaquam
2547 1775 2939 1842 immiscentes,
2989 1788 3042 1832 et
3064 1794 3333 1848 germana:
3363 1795 3427 1833 ac

1932 1888 1948 1917 1
1993 1868 2213 1938 integra:
2243 1868 2607 1936 apostolorum
2628 1869 2884 1922 doctrincc
2916 1869 3233 1924 inserentes.
3261 1869 3424 1924 Obsi-

1931 1980 1946 2009 1
1986 1976 2216 2031 gnatuus
2261 1961 2424 2016 etiam
2473 1962 2713 2031 reliquos
2756 1976 2945 2017 omnes
2990 1977 3247 2027 canones,
3274 1963 3425 2032 quia

1932 2073 1949 2103 1
1988 2054 2190 2108 sanctis
2226 2062 2277 2108 et
2314 2055 2485 2109 beatis
2518 2054 2719 2109 nostris
2744 2055 2990 2109 Patribus
3023 2055 3248 2122 expositi
3275 2066 3423 2118 sunt,

1932 2165 1949 2195 1
1994 2145 2042 2199 id
2071 2154 2196 2201 csta
2225 2148 2481 2202 trecentis
2510 2147 2693 2201 decem
2721 2157 2773 2200 et
2803 2158 2925 2201 octo
2958 2146 3216 2201 divinitus
3247 2148 3415 2215 inspi-

1936 2257 1953 2287 1
2002 2237 2134 2292 ratis
2169 2237 2443 2304 Patrihus,
2482 2238 2571 2309 qui
2606 2239 2797 2294 Nicrcze
2827 2249 3217 2305 convenerunt,
3251 2240 3428 2310 iisque

1933 2347 1953 2377 1
2000 2329 2086 2396 qui
2117 2331 2377 2399 Ancyrte,
2426 2340 2479 2384 et
2513 2330 2578 2385 iis
2607 2333 2767 2386 etiam
2798 2331 2887 2401 qui
2922 2330 3302 2395 Neocmsarete,
3355 2333 3427 2385 si-

1937 2442 1955 2471 1
2008 2422 2207 2476 tuiliter
2247 2432 2300 2475 et
2331 2422 2422 2490 qui
2469 2421 2732 2492 Gaugris;
2767 2433 3027 2493 praeterea
3081 2434 3133 2478 et
3157 2424 3219 2477 iis
3252 2425 3340 2491 qui
3373 2424 3426 2478 iu

1936 2532 1953 2562 1
1992 2512 2275 2568 Antiochia
2314 2513 2503 2584 Syrire,
2542 2524 2706 2583 atque
2730 2515 2796 2569 iis
2830 2516 2989 2570 etiam
3018 2516 3105 2585 qui
3146 2514 3198 2579 in
3230 2514 3429 2571 Laodi-

1936 2625 1953 2655 1
1992 2620 2085 2661 cea
2128 2605 2404 2677 Phrygize;
2442 2618 2697 2678 pra-terea
2737 2622 2917 2664 autem
2953 2620 3009 2664 ct
3036 2610 3138 2664 150
3169 2609 3423 2664 Patrihus

1934 2717 1951 2748 1
1987 2701 2076 2768 qui
2106 2698 2160 2753 itt
2207 2702 2303 2755 hac
2334 2700 2425 2755 Dei
2450 2701 2675 2757 cultrice
2705 2712 2757 2758 et
2792 2702 2919 2772 imp.
2980 2703 3199 2757 civitate
3233 2718 3433 2758 (tenve--

1935 2812 1951 2841 1
1995 2802 2208 2859 uerunt,
2231 2804 2284 2849 et
2320 2795 2568 2849 ducentis
2600 2794 2690 2863 qui
2724 2794 2776 2848 iu
2812 2794 3166 2864 Ephesiorum
3218 2804 3428 2850 metro-

1936 2905 1953 2936 1
2003 2886 2109 2954 poli
2165 2886 2317 2956 prius
2349 2887 2525 2941 coacti
2575 2897 2720 2951 sunt,
2772 2896 2827 2941 ct
2874 2889 3150 2941 sexcentis
3206 2889 3428 2957 triginta

1938 2998 1953 3029 1
1994 2980 2194 3034 sanctis
2227 2991 2281 3034 et
2307 2981 2481 3036 beatis
2522 2980 2793 3047 Patribus,
2817 2981 2906 3051 qui
2939 2980 3317 3046 Chalcedone;
3361 2982 3434 3035 si—

1942 3092 1957 3122 1
2002 3072 2200 3126 utiliter
2230 3083 2282 3127 et
2318 3073 2382 3127 iis
2415 3073 2502 3143 qui
2551 3071 2807 3137 Sardicae,
2854 3080 2909 3127 et
2949 3071 3039 3141 qui
3085 3072 3430 3144 Carthagine,

1945 3187 1961 3216 1
2003 3179 2056 3221 et
2091 3166 2177 3235 qui
2230 3180 2417 3221 rursus
2484 3165 2538 3220 in
2599 3167 2699 3220 hac
2770 3163 2864 3219 Dei
2913 3164 3137 3221 cultrice
3200 3176 3254 3220 et
3300 3169 3429 3236 imp.

1938 3281 1955 3312 1
2000 3262 2130 3315 urbe
2160 3269 2531 3314 convenerunt
2577 3259 2674 3313 sub
2706 3257 2980 3323 Nectario,
3027 3259 3116 3328 qui
3165 3258 3432 3327 imperiali

1940 3376 1955 3405 1
2006 3355 2133 3409 huic
2174 3353 2379 3407 civitati
2445 3352 2786 3422 praesidebat,
2835 3358 2897 3406 et
2939 3350 3240 3420 Theophila
3270 3391 3285 3417 ,
3338 3353 3431 3423 qui

1940 3470 1955 3498 1
2001 3449 2098 3501 fuit
2123 3446 2461 3501 Alexandria:
2495 3445 2959 3515 archiepiscopus.
2992 3444 3307 3511 Quinetiam
3337 3460 3433 3500 ca-

1942 3563 1958 3594 1
2001 3557 2168 3597 nones
2196 3540 2464 3612 Dionysii',
2503 3540 2591 3610 qui
2624 3538 2723 3593 fuit
2753 3538 3194 3609 archiepiscopus
3223 3554 3429 3608 magna:

1941 3658 1958 3687 1
2006 3635 2491 3691 Alexandrinorum
2542 3633 2807 3698 civitatis,
2838 3632 2983 3687 Petri
3019 3633 3108 3702 qui
3158 3631 3257 3687 fuit
3298 3632 3429 3689 Alc-

1945 3751 1960 3779 1
2004 3728 2244 3782 xantlriaa
2302 3727 2744 3797 archiepiscopus
2796 3734 2853 3781 et
2894 3733 3133 3797 martyr,
3184 3725 3433 3797 Gregorii

1880 3896 1885 3901 ὓ
1944 3841 1959 3871 1
1998 3818 2361 3875 Neocaesarere
2397 3818 2667 3889 episcopi,
2709 3819 2803 3887 qui
2868 3818 3303 3888 Thaumaturgus
3353 3819 3438 3872 di-

1944 3936 1959 3965 1
2002 3925 2122 3970 ctus
2163 3924 2269 3977 est,
2302 3913 2582 3969 Athanasii
2609 3911 2966 3967 Alexandrini
2998 3912 3390 3982 archiepiscopi
3416 3949 3435 3977 ,

1946 4032 1962 4064 1
2012 4009 2194 4065 Basilii
2240 4006 2670 4076 archiepiscopi,
2733 4003 2994 4061 Caesarea:
3044 4006 3433 4076 Cappadocim,

1947 4128 1961 4156 1
2001 4102 2244 4172 Gregorii
2285 4099 2522 4170 episcopi
2568 4097 2789 4169 Nyssac,
2837 4098 3081 4167 Gregorii
3134 4099 3391 4171 Theologi
3418 4142 3435 4165 ,

1946 4219 1962 4249 1
2004 4194 2366 4265 Amphiloehii
2434 4191 2646 4256 lconii,
2703 4191 2974 4246 Timothei
3044 4193 3432 4263 archiepiscopi

1948 4311 1965 4342 1
2009 4287 2359 4344 Alexandrini
2427 4284 2629 4355 primi,
2695 4283 2977 4354 Theophili
3041 4286 3433 4356 archiepiscOpi

1947 4408 1962 4434 1
1996 4383 2231 4450 ejusdem
2286 4377 2623 4434 Alexandria:
2678 4392 2880 4446 magna:
2930 4377 3198 4442 civitatis,
3250 4378 3435 4447 Cyrilli

1948 4495 1963 4526 1
2003 4470 2343 4527 Alexandriae
2374 4469 2759 4537 archiepiscotti
2802 4478 2856 4521 et
2891 4467 3178 4535 Geuuadii,
3204 4469 3293 4538 qui
3332 4467 3435 4523 fuit

1947 4590 1964 4620 1
2003 4563 2308 4635 patriarcha
2344 4563 2500 4631 hujus
2537 4559 2628 4615 Dei
2665 4560 2906 4616 cultricis
2929 4570 2982 4613 et
3011 4561 3139 4630 imp.
3173 4561 3429 4615 civitatis.

1944 4680 1961 4711 1
2004 4658 2266 4713 Praeterea
2304 4671 2430 4710 vero
2478 4666 2533 4708 et
2587 4669 2616 4707 a
2660 4652 2949 4723 Cypriane,
3016 4653 3108 4722 qui
3173 4653 3428 4708 Afrorum

1944 4773 1962 4805 1
2002 4751 2239 4822 regionis
2272 4749 2370 4803 fuit
2406 4747 2845 4816 archiepiscopus
2875 4755 2928 4801 et
2967 4757 3191 4816 martyr.
3222 4756 3278 4803 et
3310 4764 3432 4818 syn.

1946 4865 1963 4897 1
2002 4860 2120 4916 qure
2156 4843 2258 4898 sub
2298 4856 2358 4895 ea
2412 4839 2535 4906 fuit,
2583 4839 2837 4893 emissum
2890 4854 3177 4906 canonem,
3230 4842 3326 4911 qui
3382 4842 3436 4897 in

1946 4958 1963 4989 1
2004 4936 2381 5007 ργαιάὶριοτιιιιι
2414 4930 2698 5001 prrcsulum
2725 4930 2861 4984 locis
2902 4940 2957 4984 et
2995 4930 3194 4995 solum,
3240 4948 3438 4987 secun-

1946 5052 1964 5082 1
2004 5034 2127 5085 dum
2160 5027 2412 5083 traditam
2443 5028 2521 5080 eis
2553 5025 2991 5079 consuetudinem
3014 5064 3027 5088 ,
3055 5037 3302 5081 servatus
3334 5040 3437 5083 cst.

1948 5144 1964 5174 1
2005 5122 2068 5177 Et
2110 5120 2236 5174 nulli
2272 5120 2433 5174 licere
2473 5118 2622 5187 prius
2666 5118 2965 5172 declaratos
3010 5135 3243 5176 canones
3284 5121 3442 5174 adul—

1365 5211 1564 5273 Guill.
1600 5217 1927 5300 Beveregii
1951 5223 2137 5281 notat.

265 5312 390 5387 (δέχ
432 5310 638 5378 Ἁγίων
690 5313 997 5387 μακαρίων
1046 5316 1339 5387 Πατέρων.
1372 5316 1429 5369 ltt
1484 5320 1759 5387 prioribus

208 5381 302 5438 tam
356 5381 584 5435 Zonarte
644 5397 805 5450 quam
881 5381 1215 5438 Balsamouis
1277 5381 1619 5443 editiouihus
1670 5393 1758 5446 hic

206 5456 342 5530 locus
398 5453 501 5530 sic_
544 5452 717 5530 lectus
774 5451 897 5530 fuit,
960 5458 1085 5530 coit;
1135 5455 1240 5530 ὑπο
1283 5458 1408 5530 -τῶν
1462 5462 1567 5528 πρὸ
1600 5461 1757 5530 ἡμῶν

204 5526 361 5590 ἁγίων
417 5522 795 5596 καὶένδόξων
845 5524 1158 5596 ἀποστόλων
1210 5522 1541 5596 ὀγδοήκοντα
1599 5522 1759 5584 πέντε

204 5599 442 5659 κανόνας.
474 5594 624 5647 Adeo
665 5600 721 5665 ut
765 5608 861 5665 nos
889 5604 1009 5660 post
1071 5594 1172 5665 προ
1212 5594 1371 5665 ἡμῶν
1404 5598 1596 5663 ἁγίων,
1647 5601 1760 5653 hn-c

204 5668 355 5719 verba
387 5666 480 5718 καὶ
507 5662 794 5734 μακαρίων
826 5662 1213 5734 Ιίατέρωνλτῶν
1233 5662 1519 5734 δεχθέντας
1545 5671 1636 5721 καὶ
1665 5687 1762 5722 κυ⁸

206 5736 488 5806 ρωθέντας·
511 5731 781 5806 αλλὰςμὴν
814 5734 903 5785 καὶ
938 5731 1338 5806 παραδοθέντας
1383 5737 1514 5805 ἡμῖν
1539 5738 1762 5806 ὀνόματι

203 5805 303 5855 τῶν
336 5810 504 5874 ἁγίων
568 5804 681 5865 καί,
741 5817 809 5855 ex
873 5818 974 5855 tus.
1038 5802 1332 5857 Bodleiano
1397 5802 1740 5863 restituituus

508 5902 781 5960 PATROL.
817 5897 929 5957 Gn.
969 5900 1312 5964 CXXXVII.

1872 5323 2153 5385 Legatntur
2181 5327 2361 5374 autem
2395 5325 2448 5371 et
2479 5316 2530 5369 in
2569 5314 2872 5369 IEtoniensi
2911 5321 2963 5368 ct
3008 5315 3441 5385 Amerhachiano

1873 5410 2011 5447 mss.
2037 5406 2247 5444 necnon
2281 5391 2332 5441 in
2370 5402 2436 5441 eo
2477 5400 2637 5455 quem
2695 5385 2998 5439 Geutiauus
3056 5384 3321 5440 llervetus
3361 5387 3440 5439 la-

1876 5469 1988 5515 tine
2037 5462 2221 5523 ret-tit,
2284 5458 2361 5511 uti
2416 5473 2481 5510 cx
2545 5456 2717 5523 ipsius
2780 5456 3030 5511 versione
3080 5456 3439 5519 constat,uhi

1870 5537 2035 5587 etiam
2067 5531 2362 5584 observare
2394 5529 2540 5587 licet,
2578 5524 2768 5580 Patres
2800 5525 3109 5586 Trullanos.
3149 5526 3246 5579 hos
3272 5540 3440 5578 cauo-

1860 5619 1987 5662 nes,
2024 5615 2051 5651 a
2086 5615 2145 5652 se
2168 5598 2543 5658 confirmatos.
2595 5612 2773 5663 neque
2805 5595 3217 5658 ἀποστολικοὺς.
3269 5608 3443 5662 neque

1869 5674 1994 5733 τοὺς
2020 5669 2129 5721 τῶν
2179 5668 2494 5720 ἀποστόλων
2543 5669 2772 5729 κανόνας
2829 5667 3140 5734 appellare;
3175 5666 3268 5719 sed
3305 5674 3442 5734 itan.-

1870 5730 1988 5793 tutu
2012 5739 2561 5810 παραδοθένταςὴμῖν
2590 5737 2811 5806 ὀνόματι
2837 5730 2944 5788 τῶν
2972 5735 3143 5802 ἁγίων
3176 5734 3269 5788 καὶ
3299 5730 3446 5785 ὲνδό⁴

1871 5810 1977 5873 ξων
1999 5809 2334 5864 ἀποστόλων.
2477 5809 2480 5810 ⁷
2640 5840 2644 5844 Α

2975 5900 3046 5957 17
