  <div class='ocr_page' id='page_1' title='image "/cluster/home/n/w/nwhite01/storage/ocr_20150623/137/hvd.32044020166120/280.png"; bbox 0 0 3940 6480; ppageno 0'>
   <div class='ocr_carea' id='block_1_1' title="bbox 228 328 328 401">
    <p class='ocr_par' dir='ltr' id='par_1_1' title="bbox 228 328 328 401">
     <span class='ocr_line' id='line_1_1' title="bbox 228 328 328 401; baseline 0 0"><span class='ocrx_word' id='word_1_1' title='bbox 228 328 328 401; x_wconf 71' lang='lat' dir='ltr'><strong>tas</strong></span> 
     </span>
    </p>
   </div>
   <div class='ocr_carea' id='block_1_2' title="bbox 1300 322 2437 389">
    <p class='ocr_par' dir='ltr' id='par_1_2' title="bbox 1300 322 2437 389">
     <span class='ocr_line' id='line_1_2' title="bbox 1300 322 2437 389; baseline 0.004 -6"><span class='ocrx_word' id='word_1_2' title='bbox 1300 324 1380 383; x_wconf 83' lang='grc' dir='ltr'>ΙΝ</span> <span class='ocrx_word' id='word_1_3' title='bbox 1418 324 1587 385; x_wconf 80' lang='lat' dir='ltr'><strong>CAN.</strong></span> <span class='ocrx_word' id='word_1_4' title='bbox 1619 324 1707 385; x_wconf 88' lang='grc' dir='ltr'><strong>[ΙΙ</strong></span> <span class='ocrx_word' id='word_1_5' title='bbox 1738 322 1948 385; x_wconf 77' lang='lat' dir='ltr'><strong>CONC.</strong></span> <span class='ocrx_word' id='word_1_6' title='bbox 1987 323 2067 386; x_wconf 80' lang='lat' dir='ltr'><strong>IN</strong></span> <span class='ocrx_word' id='word_1_7' title='bbox 2108 325 2437 389; x_wconf 77' lang='lat' dir='ltr'><strong>TRULLO.</strong></span> 
     </span>
    </p>
   </div>
   <div class='ocr_carea' id='block_1_3' title="bbox 3368 335 3469 399">
    <p class='ocr_par' dir='ltr' id='par_1_3' title="bbox 3368 335 3469 399">
     <span class='ocr_line' id='line_1_3' title="bbox 3368 335 3469 399; baseline 0.059 -5"><span class='ocrx_word' id='word_1_8' title='bbox 3368 335 3469 399; x_wconf 70' lang='lat'><strong>526</strong></span> 
     </span>
    </p>
   </div>
   <div class='ocr_carea' id='block_1_4' title="bbox 283 438 1768 525">
    <p class='ocr_par' dir='ltr' id='par_1_4' title="bbox 283 438 1768 513">
     <span class='ocr_line' id='line_1_4' title="bbox 283 438 1768 513; baseline -0.002 -17"><span class='ocrx_word' id='word_1_9' title='bbox 283 442 525 496; x_wconf 77' lang='grc' dir='ltr'><strong>ΖΩΝΛΡ.</strong></span> <span class='ocrx_word' id='word_1_10' title='bbox 590 440 874 497; x_wconf 80' lang='grc' dir='ltr'>Ἐντεῦθεν</span> <span class='ocrx_word' id='word_1_11' title='bbox 926 442 1152 513; x_wconf 80' lang='grc' dir='ltr'>ἄρχεται</span> <span class='ocrx_word' id='word_1_12' title='bbox 1212 440 1320 494; x_wconf 86' lang='grc' dir='ltr'><strong>τῶν</strong></span> <span class='ocrx_word' id='word_1_13' title='bbox 1360 441 1624 506; x_wconf 76' lang='grc' dir='ltr'><strong>κανόνων,</strong></span> <span class='ocrx_word' id='word_1_14' title='bbox 1688 438 1768 493; x_wconf 73' lang='grc' dir='ltr'>κα¹</span> 
     </span>
    </p>
   </div>
   <div class='ocr_carea' id='block_1_5' title="bbox 1909 438 3467 525">
    <p class='ocr_par' dir='ltr' id='par_1_5' title="bbox 1961 438 3467 525">
     <span class='ocr_line' id='line_1_5' title="bbox 1961 438 3467 525; baseline 0.017 -34"><span class='ocrx_word' id='word_1_15' title='bbox 1961 438 2213 495; x_wconf 74' lang='lat' dir='ltr'><strong>ZONAR.</strong></span> <span class='ocrx_word' id='word_1_16' title='bbox 2258 443 2482 499; x_wconf 91' lang='lat' dir='ltr'><strong>Ducitur</strong></span> <span class='ocrx_word' id='word_1_17' title='bbox 2524 448 2589 500; x_wconf 90' lang='lat' dir='ltr'><strong>ab</strong></span> <span class='ocrx_word' id='word_1_18' title='bbox 2620 449 2720 503; x_wconf 86' lang='lat' dir='ltr'><strong>hoc</strong></span> <span class='ocrx_word' id='word_1_19' title='bbox 2758 448 2877 507; x_wconf 92' lang='lat' dir='ltr'><strong>loco</strong></span> <span class='ocrx_word' id='word_1_20' title='bbox 2910 452 3123 509; x_wconf 90' lang='lat' dir='ltr'><strong>initium</strong></span> <span class='ocrx_word' id='word_1_21' title='bbox 3158 469 3429 515; x_wconf 87' lang='lat' dir='ltr'><strong>canonum</strong></span> <span class='ocrx_word' id='word_1_22' title='bbox 3452 504 3467 525; x_wconf 85' lang='lat'><strong>,</strong></span> 
     </span>
    </p>
   </div>
   <div class='ocr_carea' id='block_1_6' title="bbox 220 533 1789 606">
    <p class='ocr_par' dir='ltr' id='par_1_6' title="bbox 220 533 1789 606">
     <span class='ocr_line' id='line_1_6' title="bbox 220 533 1789 606; baseline -0.002 -18"><span class='ocrx_word' id='word_1_23' title='bbox 220 534 319 606; x_wconf 81' lang='grc' dir='ltr'><strong>πρὸ</strong></span> <span class='ocrx_word' id='word_1_24' title='bbox 358 534 466 587; x_wconf 83' lang='grc' dir='ltr'><strong>τῶν</strong></span> <span class='ocrx_word' id='word_1_25' title='bbox 494 533 671 587; x_wconf 83' lang='grc' dir='ltr'>ἄλλων</span> <span class='ocrx_word' id='word_1_26' title='bbox 700 536 766 586; x_wconf 66' lang='grc' dir='ltr'>τὰ</span> <span class='ocrx_word' id='word_1_27' title='bbox 801 536 951 604; x_wconf 79' lang='grc' dir='ltr'><strong>παρά</strong></span> <span class='ocrx_word' id='word_1_28' title='bbox 980 535 1089 587; x_wconf 88' lang='grc' dir='ltr'><strong>τῶν</strong></span> <span class='ocrx_word' id='word_1_29' title='bbox 1127 535 1293 604; x_wconf 80' lang='grc' dir='ltr'>ἱερῶν</span> <span class='ocrx_word' id='word_1_30' title='bbox 1334 536 1431 587; x_wconf 79' lang='grc' dir='ltr'><strong>καὶ</strong></span> <span class='ocrx_word' id='word_1_31' title='bbox 1457 534 1789 586; x_wconf 80' lang='grc' dir='ltr'>πανσὲπτων</span> 
     </span>
    </p>
   </div>
   <div class='ocr_carea' id='block_1_7' title="bbox 218 624 1784 695">
    <p class='ocr_par' dir='ltr' id='par_1_7' title="bbox 218 624 1784 695">
     <span class='ocr_line' id='line_1_7' title="bbox 218 624 1784 695; baseline -0.001 -15"><span class='ocrx_word' id='word_1_32' title='bbox 218 626 519 680; x_wconf 76' lang='grc' dir='ltr'><strong>ἀποστόλων</strong></span> <span class='ocrx_word' id='word_1_33' title='bbox 550 628 918 695; x_wconf 83' lang='grc' dir='ltr'>φυλάττεσθαι</span> <span class='ocrx_word' id='word_1_34' title='bbox 948 628 1319 689; x_wconf 73' lang='grc' dir='ltr'><strong>διατάττεται,</strong></span> <span class='ocrx_word' id='word_1_35' title='bbox 1350 626 1552 695; x_wconf 80' lang='grc' dir='ltr'>ὁμοίως</span> <span class='ocrx_word' id='word_1_36' title='bbox 1586 624 1681 679; x_wconf 76' lang='grc' dir='ltr'>καὶ</span> <span class='ocrx_word' id='word_1_37' title='bbox 1711 625 1784 679; x_wconf 58' lang='grc' dir='ltr'>τὰ</span> 
     </span>
    </p>
   </div>
   <div class='ocr_carea' id='block_1_8' title="bbox 219 718 1786 790">
    <p class='ocr_par' dir='ltr' id='par_1_8' title="bbox 219 718 1786 790">
     <span class='ocr_line' id='line_1_8' title="bbox 219 718 1786 790; baseline 0 -17"><span class='ocrx_word' id='word_1_38' title='bbox 219 720 363 788; x_wconf 70' lang='grc' dir='ltr'>παρὰ</span> <span class='ocrx_word' id='word_1_39' title='bbox 384 720 492 771; x_wconf 90' lang='grc' dir='ltr'><strong>τῶν</strong></span> <span class='ocrx_word' id='word_1_40' title='bbox 533 722 947 789; x_wconf 74' lang='grc' dir='ltr'>προγεγονυιῶν</span> <span class='ocrx_word' id='word_1_41' title='bbox 982 722 1219 774; x_wconf 85' lang='grc' dir='ltr'>συνόδων</span> <span class='ocrx_word' id='word_1_42' title='bbox 1241 719 1682 790; x_wconf 81' lang='grc' dir='ltr'>δογματισθέντα</span> <span class='ocrx_word' id='word_1_43' title='bbox 1710 718 1786 789; x_wconf 84' lang='grc' dir='ltr'>μὴ</span> 
     </span>
    </p>
   </div>
   <div class='ocr_carea' id='block_1_9' title="bbox 217 811 1786 883">
    <p class='ocr_par' dir='ltr' id='par_1_9' title="bbox 217 811 1786 883">
     <span class='ocr_line' id='line_1_9' title="bbox 217 811 1786 883; baseline -0.002 -17"><span class='ocrx_word' id='word_1_44' title='bbox 217 813 526 883; x_wconf 79' lang='grc' dir='ltr'>παρεξιέναι</span> <span class='ocrx_word' id='word_1_45' title='bbox 584 813 721 883; x_wconf 78' lang='grc' dir='ltr'>μηδὲ</span> <span class='ocrx_word' id='word_1_46' title='bbox 762 814 902 867; x_wconf 75' lang='grc' dir='ltr'>κατά</span> <span class='ocrx_word' id='word_1_47' title='bbox 928 830 979 866; x_wconf 86' lang='grc' dir='ltr'><strong>τι</strong></span> <span class='ocrx_word' id='word_1_48' title='bbox 1038 811 1414 883; x_wconf 86' lang='grc' dir='ltr'>παραθραύειν</span> <span class='ocrx_word' id='word_1_49' title='bbox 1451 812 1634 875; x_wconf 88' lang='grc' dir='ltr'>ποσῶς</span> <span class='ocrx_word' id='word_1_50' title='bbox 1676 811 1786 864; x_wconf 88' lang='grc' dir='ltr'>διο-</span> 
     </span>
    </p>
   </div>
   <div class='ocr_carea' id='block_1_10' title="bbox 217 901 1784 976">
    <p class='ocr_par' dir='ltr' id='par_1_10' title="bbox 217 901 1784 976">
     <span class='ocr_line' id='line_1_10' title="bbox 217 901 1784 976; baseline -0.001 -20"><span class='ocrx_word' id='word_1_51' title='bbox 217 906 441 974; x_wconf 74' lang='grc' dir='ltr'>ρίζεται.</span> <span class='ocrx_word' id='word_1_52' title='bbox 472 901 605 958; x_wconf 82' lang='grc' dir='ltr'>Εἶτα</span> <span class='ocrx_word' id='word_1_53' title='bbox 632 906 727 959; x_wconf 72' lang='grc' dir='ltr'>καὶ</span> <span class='ocrx_word' id='word_1_54' title='bbox 765 905 1076 976; x_wconf 78' lang='grc' dir='ltr'><strong>ἀπαριθμεῖ</strong></span> <span class='ocrx_word' id='word_1_55' title='bbox 1106 905 1201 968; x_wconf 87' lang='grc' dir='ltr'><strong>τάς</strong></span> <span class='ocrx_word' id='word_1_56' title='bbox 1232 904 1513 968; x_wconf 80' lang='grc' dir='ltr'>συνόδους,</span> <span class='ocrx_word' id='word_1_57' title='bbox 1546 903 1640 957; x_wconf 71' lang='grc' dir='ltr'>καὶ</span> <span class='ocrx_word' id='word_1_58' title='bbox 1662 902 1784 956; x_wconf 84' lang='grc' dir='ltr'>καθ’</span> 
     </span>
    </p>
   </div>
   <div class='ocr_carea' id='block_1_11' title="bbox 211 990 1783 1067">
    <p class='ocr_par' dir='ltr' id='par_1_11' title="bbox 211 990 1783 1067">
     <span class='ocr_line' id='line_1_11' title="bbox 211 990 1783 1067; baseline 0 -19"><span class='ocrx_word' id='word_1_59' title='bbox 211 990 278 1048; x_wconf 84' lang='grc' dir='ltr'><strong>ὧν</strong></span> <span class='ocrx_word' id='word_1_60' title='bbox 299 996 507 1065; x_wconf 76' lang='grc' dir='ltr'>ἑκάστη</span> <span class='ocrx_word' id='word_1_61' title='bbox 543 997 808 1067; x_wconf 80' lang='grc' dir='ltr'><strong>συνήχθη,</strong></span> <span class='ocrx_word' id='word_1_62' title='bbox 840 998 934 1050; x_wconf 77' lang='grc' dir='ltr'><strong>καὶ</strong></span> <span class='ocrx_word' id='word_1_63' title='bbox 980 996 1103 1049; x_wconf 84' lang='grc' dir='ltr'>τίνα</span> <span class='ocrx_word' id='word_1_64' title='bbox 1136 996 1205 1050; x_wconf 72' lang='grc' dir='ltr'>τὰ</span> <span class='ocrx_word' id='word_1_65' title='bbox 1247 994 1378 1067; x_wconf 84' lang='grc' dir='ltr'>παρ’</span> <span class='ocrx_word' id='word_1_66' title='bbox 1408 996 1634 1049; x_wconf 75' lang='grc' dir='ltr'><strong>ἐκείνων</strong></span> <span class='ocrx_word' id='word_1_67' title='bbox 1657 996 1783 1049; x_wconf 82' lang='grc' dir='ltr'>ἀσε-</span> 
     </span>
    </p>
   </div>
   <div class='ocr_carea' id='block_1_12' title="bbox 213 1087 1781 1160">
    <p class='ocr_par' dir='ltr' id='par_1_12' title="bbox 213 1087 1781 1160">
     <span class='ocr_line' id='line_1_12' title="bbox 213 1087 1781 1160; baseline 0.002 -23"><span class='ocrx_word' id='word_1_68' title='bbox 213 1087 312 1147; x_wconf 82' lang='grc' dir='ltr'><strong>ϐῶς</strong></span> <span class='ocrx_word' id='word_1_69' title='bbox 342 1088 695 1156; x_wconf 75' lang='grc' dir='ltr'>εἰσαγόμενα,</span> <span class='ocrx_word' id='word_1_70' title='bbox 731 1089 823 1140; x_wconf 72' lang='grc' dir='ltr'><strong>καὶ</strong></span> <span class='ocrx_word' id='word_1_71' title='bbox 859 1088 982 1141; x_wconf 84' lang='grc' dir='ltr'>τίνα</span> <span class='ocrx_word' id='word_1_72' title='bbox 1005 1089 1074 1141; x_wconf 79' lang='grc' dir='ltr'>τὰ</span> <span class='ocrx_word' id='word_1_73' title='bbox 1109 1089 1242 1160; x_wconf 89' lang='grc' dir='ltr'>παρ’</span> <span class='ocrx_word' id='word_1_74' title='bbox 1281 1088 1526 1157; x_wconf 72' lang='grc' dir='ltr'>ἑκάστης</span> <span class='ocrx_word' id='word_1_75' title='bbox 1561 1088 1781 1141; x_wconf 75' lang='grc' dir='ltr'>συνόδου</span> 
     </span>
    </p>
   </div>
   <div class='ocr_carea' id='block_1_13' title="bbox 210 1179 1781 1252">
    <p class='ocr_par' dir='ltr' id='par_1_13' title="bbox 210 1179 1781 1252">
     <span class='ocr_line' id='line_1_13' title="bbox 210 1179 1781 1252; baseline 0.003 -21"><span class='ocrx_word' id='word_1_76' title='bbox 210 1179 643 1248; x_wconf 77' lang='grc' dir='ltr'>δογματισθέντα</span> <span class='ocrx_word' id='word_1_77' title='bbox 700 1182 795 1234; x_wconf 76' lang='grc' dir='ltr'><strong>καὶ</strong></span> <span class='ocrx_word' id='word_1_78' title='bbox 842 1181 1189 1252; x_wconf 85' lang='grc' dir='ltr'>κυρωθέντα,</span> <span class='ocrx_word' id='word_1_79' title='bbox 1253 1182 1348 1235; x_wconf 76' lang='grc' dir='ltr'><strong>καὶ</strong></span> <span class='ocrx_word' id='word_1_80' title='bbox 1404 1183 1622 1235; x_wconf 86' lang='grc' dir='ltr'>πάντων</span> <span class='ocrx_word' id='word_1_81' title='bbox 1675 1183 1781 1236; x_wconf 86' lang='grc' dir='ltr'><strong>τῶν</strong></span> 
     </span>
    </p>
   </div>
   <div class='ocr_carea' id='block_1_14' title="bbox 211 1269 1781 1344">
    <p class='ocr_par' dir='ltr' id='par_1_14' title="bbox 211 1269 1781 1344">
     <span class='ocr_line' id='line_1_14' title="bbox 211 1269 1781 1344; baseline 0.005 -23"><span class='ocrx_word' id='word_1_82' title='bbox 211 1269 374 1337; x_wconf 83' lang='grc' dir='ltr'>ἁγίων</span> <span class='ocrx_word' id='word_1_83' title='bbox 407 1270 671 1342; x_wconf 85' lang='grc' dir='ltr'>Πατέρων</span> <span class='ocrx_word' id='word_1_84' title='bbox 700 1273 801 1344; x_wconf 76' lang='grc' dir='ltr'>τὴν</span> <span class='ocrx_word' id='word_1_85' title='bbox 831 1274 1021 1326; x_wconf 87' lang='grc' dir='ltr'>πίστιν</span> <span class='ocrx_word' id='word_1_86' title='bbox 1070 1275 1165 1326; x_wconf 83' lang='grc' dir='ltr'>καὶ</span> <span class='ocrx_word' id='word_1_87' title='bbox 1231 1273 1300 1327; x_wconf 85' lang='grc' dir='ltr'>τὰ</span> <span class='ocrx_word' id='word_1_88' title='bbox 1338 1274 1608 1342; x_wconf 87' lang='grc' dir='ltr'>δόγματα,</span> <span class='ocrx_word' id='word_1_89' title='bbox 1642 1274 1781 1329; x_wconf 82' lang='grc' dir='ltr'>ἀσά-</span> 
     </span>
    </p>
   </div>
   <div class='ocr_carea' id='block_1_15' title="bbox 210 1360 1777 1436">
    <p class='ocr_par' dir='ltr' id='par_1_15' title="bbox 210 1360 1777 1436">
     <span class='ocr_line' id='line_1_15' title="bbox 210 1360 1777 1436; baseline 0.005 -25"><span class='ocrx_word' id='word_1_90' title='bbox 210 1360 363 1414; x_wconf 88' lang='grc' dir='ltr'>λευτα</span> <span class='ocrx_word' id='word_1_91' title='bbox 393 1362 491 1413; x_wconf 77' lang='grc' dir='ltr'>καὶ</span> <span class='ocrx_word' id='word_1_92' title='bbox 515 1362 711 1431; x_wconf 77' lang='grc' dir='ltr'>βέϐαια</span> <span class='ocrx_word' id='word_1_93' title='bbox 741 1364 1027 1435; x_wconf 80' lang='grc' dir='ltr'>διαμένειν</span> <span class='ocrx_word' id='word_1_94' title='bbox 1057 1366 1368 1436; x_wconf 80' lang='grc' dir='ltr'><strong>παρεγγυᾷ,</strong></span> <span class='ocrx_word' id='word_1_95' title='bbox 1407 1366 1500 1418; x_wconf 73' lang='grc' dir='ltr'>καὶ</span> <span class='ocrx_word' id='word_1_96' title='bbox 1530 1365 1598 1417; x_wconf 83' lang='grc' dir='ltr'>τὰ</span> <span class='ocrx_word' id='word_1_97' title='bbox 1631 1366 1777 1419; x_wconf 81' lang='grc' dir='ltr'>ἐκεί-</span> 
     </span>
    </p>
   </div>
   <div class='ocr_carea' id='block_1_16' title="bbox 209 1452 1780 1524">
    <p class='ocr_par' dir='ltr' id='par_1_16' title="bbox 209 1452 1780 1524">
     <span class='ocr_line' id='line_1_16' title="bbox 209 1452 1780 1524; baseline 0.004 -22"><span class='ocrx_word' id='word_1_98' title='bbox 209 1465 308 1502; x_wconf 82' lang='grc' dir='ltr'>νων</span> <span class='ocrx_word' id='word_1_99' title='bbox 346 1452 765 1521; x_wconf 80' lang='grc' dir='ltr'>συγγράμματα</span> <span class='ocrx_word' id='word_1_100' title='bbox 820 1452 1095 1524; x_wconf 73' lang='grc' dir='ltr'>στέργειν,</span> <span class='ocrx_word' id='word_1_101' title='bbox 1143 1454 1554 1508; x_wconf 83' lang='grc' dir='ltr'>ἀποϐάλλεσθαι</span> <span class='ocrx_word' id='word_1_102' title='bbox 1589 1455 1645 1509; x_wconf 85' lang='grc' dir='ltr'>δὲ</span> <span class='ocrx_word' id='word_1_103' title='bbox 1684 1457 1780 1509; x_wconf 77' lang='grc' dir='ltr'><strong>καὶ</strong></span> 
     </span>
    </p>
   </div>
   <div class='ocr_carea' id='block_1_17' title="bbox 206 1540 1759 1619">
    <p class='ocr_par' dir='ltr' id='par_1_17' title="bbox 206 1540 1759 1619">
     <span class='ocr_line' id='line_1_17' title="bbox 206 1540 1759 1619; baseline 0.008 -28"><span class='ocrx_word' id='word_1_104' title='bbox 206 1540 621 1610; x_wconf 76' lang='grc' dir='ltr'>ἀναθεματίζειν</span> <span class='ocrx_word' id='word_1_105' title='bbox 649 1544 777 1609; x_wconf 80' lang='grc' dir='ltr'>τοὺς</span> <span class='ocrx_word' id='word_1_106' title='bbox 808 1545 910 1615; x_wconf 83' lang='grc' dir='ltr'><strong>τῆς</strong></span> <span class='ocrx_word' id='word_1_107' title='bbox 944 1546 1204 1616; x_wconf 77' lang='grc' dir='ltr'>ἀληθείας</span> <span class='ocrx_word' id='word_1_108' title='bbox 1251 1547 1500 1619; x_wconf 81' lang='grc' dir='ltr'>ἐχθρούς.</span> <span class='ocrx_word' id='word_1_109' title='bbox 1542 1550 1664 1613; x_wconf 88' lang='grc' dir='ltr'>Τοῖς</span> <span class='ocrx_word' id='word_1_110' title='bbox 1699 1549 1759 1603; x_wconf 83' lang='grc' dir='ltr'>δὲ</span> 
     </span>
    </p>
   </div>
   <div class='ocr_carea' id='block_1_18' title="bbox 214 1632 1777 1705">
    <p class='ocr_par' dir='ltr' id='par_1_18' title="bbox 214 1632 1777 1705">
     <span class='ocr_line' id='line_1_18' title="bbox 214 1632 1777 1705; baseline 0.008 -23"><span class='ocrx_word' id='word_1_111' title='bbox 214 1632 282 1704; x_wconf 74' lang='grc' dir='ltr'>μὴ</span> <span class='ocrx_word' id='word_1_112' title='bbox 330 1632 479 1685; x_wconf 77' lang='grc' dir='ltr'>σύτω</span> <span class='ocrx_word' id='word_1_113' title='bbox 544 1633 805 1705; x_wconf 76' lang='grc' dir='ltr'>φρονοῦσι</span> <span class='ocrx_word' id='word_1_114' title='bbox 845 1654 906 1689; x_wconf 85' lang='grc' dir='ltr'><strong>τε</strong></span> <span class='ocrx_word' id='word_1_115' title='bbox 960 1638 1055 1691; x_wconf 82' lang='grc' dir='ltr'>καὶ</span> <span class='ocrx_word' id='word_1_116' title='bbox 1116 1638 1353 1704; x_wconf 84' lang='grc' dir='ltr'>ποιοῦσι,</span> <span class='ocrx_word' id='word_1_117' title='bbox 1391 1638 1677 1704; x_wconf 81' lang='grc' dir='ltr'>δοξάζουσί</span> <span class='ocrx_word' id='word_1_118' title='bbox 1716 1657 1777 1694; x_wconf 75' lang='grc' dir='ltr'>τι</span> 
     </span>
    </p>
   </div>
   <div class='ocr_carea' id='block_1_19' title="bbox 210 1724 1772 1800">
    <p class='ocr_par' dir='ltr' id='par_1_19' title="bbox 210 1724 1772 1800">
     <span class='ocr_line' id='line_1_19' title="bbox 210 1724 1772 1800; baseline 0.006 -25"><span class='ocrx_word' id='word_1_119' title='bbox 210 1726 296 1776; x_wconf 78' lang='grc' dir='ltr'>καὶ</span> <span class='ocrx_word' id='word_1_120' title='bbox 326 1724 693 1795; x_wconf 81' lang='grc' dir='ltr'><strong>κηρύττουσιν</strong></span> <span class='ocrx_word' id='word_1_121' title='bbox 723 1727 956 1798; x_wconf 78' lang='grc' dir='ltr'>ἐπιτιμᾷ</span> <span class='ocrx_word' id='word_1_122' title='bbox 981 1727 1077 1782; x_wconf 80' lang='grc' dir='ltr'>καὶ</span> <span class='ocrx_word' id='word_1_123' title='bbox 1100 1732 1336 1782; x_wconf 84' lang='grc' dir='ltr'>ποιεῖται</span> <span class='ocrx_word' id='word_1_124' title='bbox 1364 1730 1471 1782; x_wconf 83' lang='grc' dir='ltr'><strong>ὑπὸ</strong></span> <span class='ocrx_word' id='word_1_125' title='bbox 1500 1730 1772 1800; x_wconf 78' lang='grc' dir='ltr'>ἀνάθεμα.</span> 
     </span>
    </p>
   </div>
   <div class='ocr_carea' id='block_1_20' title="bbox 1892 621 3471 716">
    <p class='ocr_par' dir='ltr' id='par_1_20' title="bbox 1892 621 3471 716">
     <span class='ocr_line' id='line_1_20' title="bbox 1892 621 3471 716; baseline 0.018 -44"><span class='ocrx_word' id='word_1_126' title='bbox 1892 621 2098 675; x_wconf 86' lang='lat' dir='ltr'><strong>sancita</strong></span> <span class='ocrx_word' id='word_1_127' title='bbox 2118 633 2236 675; x_wconf 90' lang='lat' dir='ltr'><strong>sunt</strong></span> <span class='ocrx_word' id='word_1_128' title='bbox 2252 624 2519 694; x_wconf 72' lang='lat' dir='ltr'><strong>imprimis</strong></span> <span class='ocrx_word' id='word_1_129' title='bbox 2540 645 2759 686; x_wconf 85' lang='lat' dir='ltr'><strong>servare</strong></span> <span class='ocrx_word' id='word_1_130' title='bbox 2780 634 3058 703; x_wconf 88' lang='lat' dir='ltr'><strong>jubentur,</strong></span> <span class='ocrx_word' id='word_1_131' title='bbox 3082 640 3277 698; x_wconf 87' lang='lat' dir='ltr'><strong>deinde</strong></span> <span class='ocrx_word' id='word_1_132' title='bbox 3307 660 3471 716; x_wconf 75' lang='lat' dir='ltr'><strong>syno-</strong></span> 
     </span>
    </p>
   </div>
   <div class='ocr_carea' id='block_1_21' title="bbox 1891 711 3468 795">
    <p class='ocr_par' dir='ltr' id='par_1_21' title="bbox 1891 711 3468 795">
     <span class='ocr_line' id='line_1_21' title="bbox 1891 711 3468 795; baseline 0.018 -33"><span class='ocrx_word' id='word_1_133' title='bbox 1891 711 2007 765; x_wconf 84' lang='lat' dir='ltr'><strong>dica</strong></span> <span class='ocrx_word' id='word_1_134' title='bbox 2039 728 2254 783; x_wconf 88' lang='lat' dir='ltr'><strong>quoque</strong></span> <span class='ocrx_word' id='word_1_135' title='bbox 2297 716 2348 769; x_wconf 91' lang='lat' dir='ltr'><strong>in</strong></span> <span class='ocrx_word' id='word_1_136' title='bbox 2398 719 2497 773; x_wconf 87' lang='lat' dir='ltr'><strong>hoc</strong></span> <span class='ocrx_word' id='word_1_137' title='bbox 2533 729 2744 791; x_wconf 90' lang='lat' dir='ltr'><strong>tempus</strong></span> <span class='ocrx_word' id='word_1_138' title='bbox 2776 726 2917 781; x_wconf 90' lang='lat' dir='ltr'><strong>edita</strong></span> <span class='ocrx_word' id='word_1_139' title='bbox 2958 729 3198 795; x_wconf 85' lang='lat' dir='ltr'><strong>decreta,</strong></span> <span class='ocrx_word' id='word_1_140' title='bbox 3251 711 3468 790; x_wconf 40' lang='lat' dir='ltr'><strong>tte-vio-</strong></span> 
     </span>
    </p>
   </div>
   <div class='ocr_carea' id='block_1_22' title="bbox 1890 801 3463 882">
    <p class='ocr_par' dir='ltr' id='par_1_22' title="bbox 1890 801 3463 882">
     <span class='ocr_line' id='line_1_22' title="bbox 1890 801 3463 882; baseline 0.018 -29"><span class='ocrx_word' id='word_1_141' title='bbox 1890 801 2001 856; x_wconf 90' lang='lat' dir='ltr'><strong>lare</strong></span> <span class='ocrx_word' id='word_1_142' title='bbox 2037 814 2126 857; x_wconf 90' lang='lat' dir='ltr'><strong>aut</strong></span> <span class='ocrx_word' id='word_1_143' title='bbox 2162 808 2302 859; x_wconf 64' lang='lat' dir='ltr'><strong>nulla</strong></span> <span class='ocrx_word' id='word_1_144' title='bbox 2327 823 2389 863; x_wconf 79' lang='lat' dir='ltr'><strong>ex</strong></span> <span class='ocrx_word' id='word_1_145' title='bbox 2424 821 2574 877; x_wconf 82' lang='lat' dir='ltr'><strong>parte</strong></span> <span class='ocrx_word' id='word_1_146' title='bbox 2597 813 2874 870; x_wconf 89' lang='lat' dir='ltr'><strong>intirntare</strong></span> <span class='ocrx_word' id='word_1_147' title='bbox 2899 818 3060 875; x_wconf 87' lang='lat' dir='ltr'><strong>liceat</strong></span> <span class='ocrx_word' id='word_1_148' title='bbox 3092 825 3463 882; x_wconf 87' lang='lat' dir='ltr'><strong>constituitur.</strong></span> 
     </span>
    </p>
   </div>
   <div class='ocr_carea' id='block_1_23' title="bbox 1887 894 3469 986">
    <p class='ocr_par' dir='ltr' id='par_1_23' title="bbox 1887 894 3469 986">
     <span class='ocr_line' id='line_1_23' title="bbox 1887 894 3469 986; baseline 0.018 -39"><span class='ocrx_word' id='word_1_149' title='bbox 1887 894 2395 956; x_wconf 85' lang='lat' dir='ltr'><strong>Commemorantur</strong></span> <span class='ocrx_word' id='word_1_150' title='bbox 2452 905 2577 961; x_wconf 86' lang='lat' dir='ltr'><strong>inde</strong></span> <span class='ocrx_word' id='word_1_151' title='bbox 2627 924 2749 965; x_wconf 91' lang='lat' dir='ltr'><strong>cum</strong></span> <span class='ocrx_word' id='word_1_152' title='bbox 2819 914 2948 981; x_wconf 84' lang='lat' dir='ltr'><strong>ipsae</strong></span> <span class='ocrx_word' id='word_1_153' title='bbox 2989 919 3201 986; x_wconf 83' lang='lat' dir='ltr'><strong>synodi,</strong></span> <span class='ocrx_word' id='word_1_154' title='bbox 3256 930 3367 976; x_wconf 88' lang='lat' dir='ltr'><strong>tum</strong></span> <span class='ocrx_word' id='word_1_155' title='bbox 3434 923 3469 976; x_wconf 89' lang='lat' dir='ltr'><strong>ii</strong></span> 
     </span>
    </p>
   </div>
   <div class='ocr_carea' id='block_1_24' title="bbox 1886 996 3466 1077">
    <p class='ocr_par' dir='ltr' id='par_1_24' title="bbox 1886 996 3466 1077">
     <span class='ocr_line' id='line_1_24' title="bbox 1886 996 3466 1077; baseline 0.015 -37"><span class='ocrx_word' id='word_1_156' title='bbox 1886 996 2075 1042; x_wconf 86' lang='lat' dir='ltr'><strong>contra</strong></span> <span class='ocrx_word' id='word_1_157' title='bbox 2116 1005 2252 1059; x_wconf 84' lang='lat' dir='ltr'><strong>quos</strong></span> <span class='ocrx_word' id='word_1_158' title='bbox 2290 1008 2514 1064; x_wconf 79' lang='lat' dir='ltr'><strong>quaeque</strong></span> <span class='ocrx_word' id='word_1_159' title='bbox 2558 996 2737 1054; x_wconf 88' lang='lat' dir='ltr'><strong>habita</strong></span> <span class='ocrx_word' id='word_1_160' title='bbox 2776 1001 2907 1069; x_wconf 88' lang='lat' dir='ltr'><strong>fuit;</strong></span> <span class='ocrx_word' id='word_1_161' title='bbox 2973 1006 3210 1077; x_wconf 87' lang='lat' dir='ltr'><strong>quidque</strong></span> <span class='ocrx_word' id='word_1_162' title='bbox 3260 1020 3353 1064; x_wconf 89' lang='lat' dir='ltr'><strong>aut</strong></span> <span class='ocrx_word' id='word_1_163' title='bbox 3393 1011 3466 1064; x_wconf 90' lang='lat' dir='ltr'><strong>illi</strong></span> 
     </span>
    </p>
   </div>
   <div class='ocr_carea' id='block_1_25' title="bbox 1886 1078 3462 1169">
    <p class='ocr_par' dir='ltr' id='par_1_25' title="bbox 1886 1078 3462 1169">
     <span class='ocr_line' id='line_1_25' title="bbox 1886 1078 3462 1169; baseline 0.019 -38"><span class='ocrx_word' id='word_1_164' title='bbox 1886 1078 2049 1149; x_wconf 88' lang='lat' dir='ltr'><strong>impie</strong></span> <span class='ocrx_word' id='word_1_165' title='bbox 2068 1084 2598 1157; x_wconf 82' lang='lat' dir='ltr'><strong>settserint,atttquid</strong></span> <span class='ocrx_word' id='word_1_166' title='bbox 2620 1094 3047 1164; x_wconf 62' lang='lat' dir='ltr'><strong>uniuscuthSque</strong></span> <span class='ocrx_word' id='word_1_167' title='bbox 3078 1101 3271 1169; x_wconf 80' lang='lat' dir='ltr'><strong>synodi</strong></span> <span class='ocrx_word' id='word_1_168' title='bbox 3300 1103 3462 1160; x_wconf 81' lang='lat' dir='ltr'><strong>vicis-</strong></span> 
     </span>
    </p>
   </div>
   <div class='ocr_carea' id='block_1_26' title="bbox 1884 1170 3468 1263">
    <p class='ocr_par' dir='ltr' id='par_1_26' title="bbox 1884 1170 3468 1263">
     <span class='ocr_line' id='line_1_26' title="bbox 1884 1170 3468 1263; baseline 0.013 -36"><span class='ocrx_word' id='word_1_169' title='bbox 1884 1170 1985 1227; x_wconf 87' lang='lat' dir='ltr'><strong>sim</strong></span> <span class='ocrx_word' id='word_1_170' title='bbox 2005 1175 2324 1231; x_wconf 83' lang='lat' dir='ltr'><strong>auctoritate</strong></span> <span class='ocrx_word' id='word_1_171' title='bbox 2345 1178 2626 1235; x_wconf 80' lang='lat' dir='ltr'><strong>tleﬁnitum</strong></span> <span class='ocrx_word' id='word_1_172' title='bbox 2650 1191 2704 1237; x_wconf 90' lang='lat' dir='ltr'><strong>et</strong></span> <span class='ocrx_word' id='word_1_173' title='bbox 2725 1186 3102 1243; x_wconf 89' lang='lat' dir='ltr'><strong>conﬁrmatum</strong></span> <span class='ocrx_word' id='word_1_174' title='bbox 3133 1194 3205 1245; x_wconf 69' lang='lat' dir='ltr'><strong>sit</strong></span> <span class='ocrx_word' id='word_1_175' title='bbox 3228 1194 3468 1263; x_wconf 80' lang='lat' dir='ltr'><strong>explica-</strong></span> 
     </span>
    </p>
   </div>
   <div class='ocr_carea' id='block_1_27' title="bbox 1886 1264 3464 1351">
    <p class='ocr_par' dir='ltr' id='par_1_27' title="bbox 1886 1264 3464 1351">
     <span class='ocr_line' id='line_1_27' title="bbox 1886 1264 3464 1351; baseline 0.017 -37"><span class='ocrx_word' id='word_1_176' title='bbox 1886 1270 1994 1315; x_wconf 86' lang='lat' dir='ltr'><strong>tur.</strong></span> <span class='ocrx_word' id='word_1_177' title='bbox 2031 1264 2166 1319; x_wconf 90' lang='lat' dir='ltr'><strong>Tum</strong></span> <span class='ocrx_word' id='word_1_178' title='bbox 2200 1278 2511 1324; x_wconf 88' lang='lat' dir='ltr'><strong>sanctorum</strong></span> <span class='ocrx_word' id='word_1_179' title='bbox 2547 1271 2770 1328; x_wconf 80' lang='lat' dir='ltr'><strong>Patrum</strong></span> <span class='ocrx_word' id='word_1_180' title='bbox 2817 1276 2975 1332; x_wconf 89' lang='lat' dir='ltr'><strong>ﬁdem</strong></span> <span class='ocrx_word' id='word_1_181' title='bbox 3008 1295 3071 1334; x_wconf 90' lang='lat' dir='ltr'><strong>ae</strong></span> <span class='ocrx_word' id='word_1_182' title='bbox 3094 1283 3339 1351; x_wconf 80' lang='lat' dir='ltr'><strong>dogmata</strong></span> <span class='ocrx_word' id='word_1_183' title='bbox 3378 1287 3464 1340; x_wconf 86' lang='lat' dir='ltr'><strong>itt-</strong></span> 
     </span>
    </p>
   </div>
   <div class='ocr_carea' id='block_1_28' title="bbox 1881 1354 3465 1445">
    <p class='ocr_par' dir='ltr' id='par_1_28' title="bbox 1881 1354 3465 1445">
     <span class='ocr_line' id='line_1_28' title="bbox 1881 1354 3465 1445; baseline 0.016 -37"><span class='ocrx_word' id='word_1_184' title='bbox 1881 1354 2077 1410; x_wconf 84' lang='lat' dir='ltr'><strong>violata</strong></span> <span class='ocrx_word' id='word_1_185' title='bbox 2117 1372 2181 1414; x_wconf 87' lang='lat' dir='ltr'><strong>ae</strong></span> <span class='ocrx_word' id='word_1_186' title='bbox 2218 1359 2369 1414; x_wconf 88' lang='lat' dir='ltr'><strong>ﬁrma</strong></span> <span class='ocrx_word' id='word_1_187' title='bbox 2410 1364 2631 1419; x_wconf 89' lang='lat' dir='ltr'><strong>omnino</strong></span> <span class='ocrx_word' id='word_1_188' title='bbox 2666 1368 2856 1433; x_wconf 81' lang='lat' dir='ltr'><strong>teneri,</strong></span> <span class='ocrx_word' id='word_1_189' title='bbox 2888 1385 3073 1425; x_wconf 89' lang='lat' dir='ltr'><strong>eorum</strong></span> <span class='ocrx_word' id='word_1_190' title='bbox 3123 1390 3219 1429; x_wconf 88' lang='lat' dir='ltr'><strong>nos</strong></span> <span class='ocrx_word' id='word_1_191' title='bbox 3247 1378 3465 1445; x_wconf 79' lang='lat' dir='ltr'><strong>scriptis</strong></span> 
     </span>
    </p>
   </div>
   <div class='ocr_carea' id='block_1_29' title="bbox 1883 1450 3465 1536">
    <p class='ocr_par' dir='ltr' id='par_1_29' title="bbox 1883 1450 3465 1536">
     <span class='ocr_line' id='line_1_29' title="bbox 1883 1450 3465 1536; baseline 0.015 -37"><span class='ocrx_word' id='word_1_192' title='bbox 1883 1461 1945 1501; x_wconf 90' lang='lat' dir='ltr'><strong>ac</strong></span> <span class='ocrx_word' id='word_1_193' title='bbox 1971 1450 2279 1505; x_wconf 85' lang='lat' dir='ltr'><strong>auctoritati</strong></span> <span class='ocrx_word' id='word_1_194' title='bbox 2332 1456 2699 1521; x_wconf 84' lang='lat' dir='ltr'><strong>acquiescere,</strong></span> <span class='ocrx_word' id='word_1_195' title='bbox 2727 1462 2975 1517; x_wconf 82' lang='lat' dir='ltr'><strong>veritatis</strong></span> <span class='ocrx_word' id='word_1_196' title='bbox 3000 1464 3180 1521; x_wconf 76' lang='lat' dir='ltr'><strong>hostes</strong></span> <span class='ocrx_word' id='word_1_197' title='bbox 3206 1469 3465 1536; x_wconf 77' lang='lat' dir='ltr'><strong>aversari,</strong></span> 
     </span>
    </p>
   </div>
   <div class='ocr_carea' id='block_1_30' title="bbox 1879 1539 3467 1625">
    <p class='ocr_par' dir='ltr' id='par_1_30' title="bbox 1879 1539 3467 1625">
     <span class='ocr_line' id='line_1_30' title="bbox 1879 1539 3467 1625; baseline 0.016 -35"><span class='ocrx_word' id='word_1_198' title='bbox 1879 1552 1942 1592; x_wconf 92' lang='lat' dir='ltr'><strong>ae</strong></span> <span class='ocrx_word' id='word_1_199' title='bbox 1970 1539 2104 1596; x_wconf 90' lang='lat' dir='ltr'><strong>diris</strong></span> <span class='ocrx_word' id='word_1_200' title='bbox 2132 1544 2381 1599; x_wconf 88' lang='lat' dir='ltr'><strong>omnibus</strong></span> <span class='ocrx_word' id='word_1_201' title='bbox 2419 1546 2685 1603; x_wconf 78' lang='lat' dir='ltr'><strong>devovere</strong></span> <span class='ocrx_word' id='word_1_202' title='bbox 2708 1549 2921 1619; x_wconf 86' lang='lat' dir='ltr'><strong>jubent.</strong></span> <span class='ocrx_word' id='word_1_203' title='bbox 2956 1555 3011 1609; x_wconf 90' lang='lat' dir='ltr'><strong>Si</strong></span> <span class='ocrx_word' id='word_1_204' title='bbox 3040 1558 3129 1625; x_wconf 88' lang='lat' dir='ltr'><strong>qui</strong></span> <span class='ocrx_word' id='word_1_205' title='bbox 3159 1574 3283 1613; x_wconf 82' lang='lat' dir='ltr'><strong>vero</strong></span> <span class='ocrx_word' id='word_1_206' title='bbox 3311 1562 3467 1616; x_wconf 83' lang='lat' dir='ltr'><strong>aliter</strong></span> 
     </span>
    </p>
   </div>
   <div class='ocr_carea' id='block_1_31' title="bbox 1878 1631 3465 1710">
    <p class='ocr_par' dir='ltr' id='par_1_31' title="bbox 1878 1631 3465 1710">
     <span class='ocr_line' id='line_1_31' title="bbox 1878 1631 3465 1710; baseline 0.018 -28"><span class='ocrx_word' id='word_1_207' title='bbox 1878 1631 2148 1686; x_wconf 89' lang='lat' dir='ltr'><strong>senserint</strong></span> <span class='ocrx_word' id='word_1_208' title='bbox 2234 1632 2550 1706; x_wconf 86' lang='lat' dir='ltr'><strong>feceriutve,</strong></span> <span class='ocrx_word' id='word_1_209' title='bbox 2612 1641 2817 1710; x_wconf 86' lang='lat' dir='ltr'><strong>opinati</strong></span> <span class='ocrx_word' id='word_1_210' title='bbox 2862 1644 3066 1702; x_wconf 82' lang='lat' dir='ltr'><strong>fuerint</strong></span> <span class='ocrx_word' id='word_1_211' title='bbox 3116 1657 3212 1702; x_wconf 84' lang='lat' dir='ltr'><strong>aut</strong></span> <span class='ocrx_word' id='word_1_212' title='bbox 3263 1652 3465 1709; x_wconf 88' lang='lat' dir='ltr'><strong>docue-</strong></span> 
     </span>
    </p>
   </div>
   <div class='ocr_carea' id='block_1_32' title="bbox 1878 1720 3462 1810">
    <p class='ocr_par' dir='ltr' id='par_1_32' title="bbox 1878 1720 3462 1810">
     <span class='ocr_line' id='line_1_32' title="bbox 1878 1720 3462 1810; baseline 0.016 -36"><span class='ocrx_word' id='word_1_213' title='bbox 1878 1720 2009 1790; x_wconf 89' lang='lat' dir='ltr'><strong>rint,</strong></span> <span class='ocrx_word' id='word_1_214' title='bbox 2051 1737 2147 1780; x_wconf 92' lang='lat' dir='ltr'><strong>eos</strong></span> <span class='ocrx_word' id='word_1_215' title='bbox 2193 1732 2477 1797; x_wconf 76' lang='lat' dir='ltr'><strong>castigant,</strong></span> <span class='ocrx_word' id='word_1_216' title='bbox 2517 1739 2572 1786; x_wconf 84' lang='lat' dir='ltr'><strong>et</strong></span> <span class='ocrx_word' id='word_1_217' title='bbox 2630 1737 2965 1792; x_wconf 79' lang='lat' dir='ltr'><strong>anathemati</strong></span> <span class='ocrx_word' id='word_1_218' title='bbox 3012 1741 3288 1810; x_wconf 86' lang='lat' dir='ltr'><strong>subjectos</strong></span> <span class='ocrx_word' id='word_1_219' title='bbox 3339 1760 3462 1801; x_wconf 90' lang='lat' dir='ltr'><strong>esse</strong></span> 
     </span>
    </p>
   </div>
   <div class='ocr_carea' id='block_1_33' title="bbox 209 1790 1768 1903">
    <p class='ocr_par' dir='ltr' id='par_1_33' title="bbox 209 1790 1768 1892">
     <span class='ocr_line' id='line_1_33' title="bbox 209 1790 1768 1892; baseline 0.005 -26"><span class='ocrx_word' id='word_1_220' title='bbox 209 1790 479 1886; x_wconf 77' lang='grc' dir='ltr'>Οὔτε</span> <span class='ocrx_word' id='word_1_221' title='bbox 512 1790 891 1887; x_wconf 44' lang='grc' dir='ltr'>προστιθέναι-</span> <span class='ocrx_word' id='word_1_222' title='bbox 923 1790 1000 1887; x_wconf 70' lang='grc' dir='ltr'><strong>τι,</strong></span> <span class='ocrx_word' id='word_1_223' title='bbox 1054 1821 1211 1892; x_wconf 79' lang='grc' dir='ltr'>φησὶ,</span> <span class='ocrx_word' id='word_1_224' title='bbox 1270 1821 1613 1892; x_wconf 84' lang='grc' dir='ltr'>δεδυνήμεθα</span> <span class='ocrx_word' id='word_1_225' title='bbox 1663 1790 1768 1886; x_wconf 77' lang='grc' dir='ltr'>τοῖς</span> 
     </span>
    </p>
   </div>
   <div class='ocr_carea' id='block_1_34' title="bbox 1909 1790 3459 1903">
    <p class='ocr_par' dir='ltr' id='par_1_34' title="bbox 1909 1790 3459 1903">
     <span class='ocr_line' id='line_1_34' title="bbox 2331 1790 3459 1810; baseline 0.007 -13"><span class='ocrx_word' id='word_1_226' title='bbox 2331 1790 2359 1797; x_wconf 88' lang='grc'><strong>..</strong></span> <span class='ocrx_word' id='word_1_227' title='bbox 2465 1790 2471 1792; x_wconf 92' lang='grc'>.</span> <span class='ocrx_word' id='word_1_228' title='bbox 2910 1790 2964 1792; x_wconf 40' lang='grc' dir='ltr'><strong>κ-</strong></span> <span class='ocrx_word' id='word_1_229' title='bbox 3014 1790 3287 1810; x_wconf 28' lang='lat' dir='ltr'><strong>Furr“</strong></span> <span class='ocrx_word' id='word_1_230' title='bbox 3342 1790 3459 1801; x_wconf 63' lang='grc' dir='ltr'><strong>νυ-..</strong></span> 
     </span>
     <span class='ocr_line' id='line_1_35' title="bbox 1909 1814 3459 1903; baseline 0.016 -36"><span class='ocrx_word' id='word_1_231' title='bbox 1909 1814 2164 1870; x_wconf 82' lang='lat' dir='ltr'><strong>leﬁniuut.</strong></span> <span class='ocrx_word' id='word_1_232' title='bbox 2197 1817 2307 1873; x_wconf 79' lang='lat' dir='ltr'><strong>Nec</strong></span> <span class='ocrx_word' id='word_1_233' title='bbox 2343 1821 2512 1888; x_wconf 89' lang='lat' dir='ltr'><strong>enim,</strong></span> <span class='ocrx_word' id='word_1_234' title='bbox 2563 1824 2844 1895; x_wconf 87' lang='lat' dir='ltr'><strong>inquiunt,</strong></span> <span class='ocrx_word' id='word_1_235' title='bbox 2880 1830 3082 1900; x_wconf 86' lang='lat' dir='ltr'><strong>aliquid</strong></span> <span class='ocrx_word' id='word_1_236' title='bbox 3128 1833 3459 1903; x_wconf 82' lang='lat' dir='ltr'><strong>invenimus,</strong></span> 
     </span>
    </p>
   </div>
   <div class='ocr_carea' id='block_1_35' title="bbox 211 1910 1775 1982">
    <p class='ocr_par' dir='ltr' id='par_1_35' title="bbox 211 1910 1775 1982">
     <span class='ocr_line' id='line_1_36' title="bbox 211 1910 1775 1982; baseline 0.004 -21"><span class='ocrx_word' id='word_1_237' title='bbox 211 1910 348 1980; x_wconf 85' lang='grc' dir='ltr'><strong>παρά</strong></span> <span class='ocrx_word' id='word_1_238' title='bbox 383 1910 499 1962; x_wconf 86' lang='grc' dir='ltr'><strong>τῶν</strong></span> <span class='ocrx_word' id='word_1_239' title='bbox 524 1910 700 1978; x_wconf 81' lang='grc' dir='ltr'>ἁγίων</span> <span class='ocrx_word' id='word_1_240' title='bbox 749 1910 1013 1981; x_wconf 88' lang='grc' dir='ltr'>Πατέρων</span> <span class='ocrx_word' id='word_1_241' title='bbox 1041 1911 1485 1982; x_wconf 82' lang='grc' dir='ltr'>διεγνωσμένοις,</span> <span class='ocrx_word' id='word_1_242' title='bbox 1533 1911 1659 1966; x_wconf 76' lang='grc' dir='ltr'>οὔτε</span> <span class='ocrx_word' id='word_1_243' title='bbox 1721 1930 1775 1968; x_wconf 89' lang='grc' dir='ltr'><strong>τι</strong></span> 
     </span>
    </p>
   </div>
   <div class='ocr_carea' id='block_1_36' title="bbox 211 1998 1778 2071">
    <p class='ocr_par' dir='ltr' id='par_1_36' title="bbox 211 1998 1778 2071">
     <span class='ocr_line' id='line_1_37' title="bbox 211 1998 1778 2071; baseline 0.004 -21"><span class='ocrx_word' id='word_1_244' title='bbox 211 1998 483 2064; x_wconf 74' lang='grc' dir='ltr'>παντελῶς</span> <span class='ocrx_word' id='word_1_245' title='bbox 521 2001 799 2071; x_wconf 82' lang='grc' dir='ltr'>ὑφαιρεῖν,</span> <span class='ocrx_word' id='word_1_246' title='bbox 863 2000 1002 2055; x_wconf 83' lang='grc' dir='ltr'><strong>ἀλλὰ</strong></span> <span class='ocrx_word' id='word_1_247' title='bbox 1052 2002 1286 2066; x_wconf 81' lang='grc' dir='ltr'>ἐκείνοις</span> <span class='ocrx_word' id='word_1_248' title='bbox 1332 2004 1392 2055; x_wconf 79' lang='grc' dir='ltr'><strong>ἐν</strong></span> <span class='ocrx_word' id='word_1_249' title='bbox 1435 2004 1600 2057; x_wconf 80' lang='grc' dir='ltr'>πᾶσιν</span> <span class='ocrx_word' id='word_1_250' title='bbox 1651 2002 1778 2057; x_wconf 70' lang='grc' dir='ltr'>ἐπόο</span> 
     </span>
    </p>
   </div>
   <div class='ocr_carea' id='block_1_37' title="bbox 213 2092 354 2161">
    <p class='ocr_par' dir='ltr' id='par_1_37' title="bbox 213 2092 354 2161">
     <span class='ocr_line' id='line_1_38' title="bbox 213 2092 354 2161; baseline 0.014 -18"><span class='ocrx_word' id='word_1_251' title='bbox 213 2092 354 2161; x_wconf 88' lang='grc' dir='ltr'>μεθα.</span> 
     </span>
    </p>
   </div>
   <div class='ocr_carea' id='block_1_38' title="bbox 204 2184 1775 2258">
    <p class='ocr_par' dir='ltr' id='par_1_38' title="bbox 204 2184 1775 2258">
     <span class='ocr_line' id='line_1_39' title="bbox 204 2184 1775 2258; baseline 0.002 -21"><span class='ocrx_word' id='word_1_252' title='bbox 204 2184 410 2239; x_wconf 77' lang='grc' dir='ltr'><strong>ΔΡΙΣΤ.</strong></span> <span class='ocrx_word' id='word_1_253' title='bbox 474 2203 495 2237; x_wconf 70' lang='grc' dir='ltr'><strong>ι</strong></span> <span class='ocrx_word' id='word_1_254' title='bbox 543 2186 626 2240; x_wconf 76' lang='lat' dir='ltr'><strong>T‘z</strong></span> <span class='ocrx_word' id='word_1_255' title='bbox 673 2187 827 2258; x_wconf 61' lang='grc' dir='ltr'>παρα</span> <span class='ocrx_word' id='word_1_256' title='bbox 874 2186 980 2240; x_wconf 91' lang='grc' dir='ltr'><strong>τῶν</strong></span> <span class='ocrx_word' id='word_1_257' title='bbox 1025 2185 1353 2257; x_wconf 77' lang='grc' dir='ltr'>ἑτεροδόξων</span> <span class='ocrx_word' id='word_1_258' title='bbox 1425 2184 1775 2256; x_wconf 86' lang='grc' dir='ltr'>κλοπιμαίως</span> 
     </span>
    </p>
   </div>
   <div class='ocr_carea' id='block_1_39' title="bbox 275 2277 1776 2349">
    <p class='ocr_par' dir='ltr' id='par_1_39' title="bbox 275 2277 1776 2349">
     <span class='ocr_line' id='line_1_40' title="bbox 275 2277 1776 2349; baseline 0.003 -22"><span class='ocrx_word' id='word_1_259' title='bbox 275 2293 293 2327; x_wconf 75' lang='grc' dir='ltr'><strong>ι</strong></span> <span class='ocrx_word' id='word_1_260' title='bbox 330 2277 725 2349; x_wconf 80' lang='grc' dir='ltr'>ἐμϐεϐλημένα</span> <span class='ocrx_word' id='word_1_261' title='bbox 754 2281 875 2341; x_wconf 84' lang='grc' dir='ltr'>ταῖς</span> <span class='ocrx_word' id='word_1_262' title='bbox 937 2278 1025 2332; x_wconf 78' lang='grc' dir='ltr'>διὰ</span> <span class='ocrx_word' id='word_1_263' title='bbox 1058 2279 1375 2349; x_wconf 79' lang='grc' dir='ltr'>Κλήμεντος</span> <span class='ocrx_word' id='word_1_264' title='bbox 1404 2278 1512 2331; x_wconf 87' lang='grc' dir='ltr'><strong>τῶν</strong></span> <span class='ocrx_word' id='word_1_265' title='bbox 1547 2277 1776 2332; x_wconf 88' lang='grc' dir='ltr'>ἀποστό-</span> 
     </span>
    </p>
   </div>
   <div class='ocr_carea' id='block_1_40' title="bbox 277 2369 1202 2440">
    <p class='ocr_par' dir='ltr' id='par_1_40' title="bbox 277 2369 1202 2440">
     <span class='ocr_line' id='line_1_41' title="bbox 277 2369 1202 2440; baseline 0.005 -21"><span class='ocrx_word' id='word_1_266' title='bbox 277 2387 294 2419; x_wconf 79' lang='grc' dir='ltr'><strong>ι</strong></span> <span class='ocrx_word' id='word_1_267' title='bbox 330 2369 438 2422; x_wconf 83' lang='grc' dir='ltr'><strong>λων</strong></span> <span class='ocrx_word' id='word_1_268' title='bbox 469 2369 790 2435; x_wconf 75' lang='grc' dir='ltr'>Δεατάξεσιν</span> <span class='ocrx_word' id='word_1_269' title='bbox 819 2369 1202 2440; x_wconf 85' lang='grc' dir='ltr'>ἀποκήρυκτα.</span> 
     </span>
    </p>
   </div>
   <div class='ocr_carea' id='block_1_41' title="bbox 282 2458 1775 2533">
    <p class='ocr_par' dir='ltr' id='par_1_41' title="bbox 282 2458 1775 2533">
     <span class='ocr_line' id='line_1_42' title="bbox 282 2458 1775 2533; baseline -0.001 -19"><span class='ocrx_word' id='word_1_270' title='bbox 282 2458 367 2514; x_wconf 80' lang='grc' dir='ltr'>Ἐν</span> <span class='ocrx_word' id='word_1_271' title='bbox 404 2463 527 2526; x_wconf 85' lang='grc' dir='ltr'>τοῖς</span> <span class='ocrx_word' id='word_1_272' title='bbox 581 2460 964 2525; x_wconf 74' lang='grc' dir='ltr'>ἀποπολικοῖς</span> <span class='ocrx_word' id='word_1_273' title='bbox 994 2463 1183 2516; x_wconf 81' lang='grc' dir='ltr'>κανόσι</span> <span class='ocrx_word' id='word_1_274' title='bbox 1226 2462 1364 2533; x_wconf 73' lang='grc' dir='ltr'>πρὸς</span> <span class='ocrx_word' id='word_1_275' title='bbox 1423 2463 1538 2525; x_wconf 85' lang='grc' dir='ltr'>τοῖς</span> <span class='ocrx_word' id='word_1_276' title='bbox 1590 2460 1775 2524; x_wconf 77' lang='grc' dir='ltr'>ἄλλοις</span> 
     </span>
    </p>
   </div>
   <div class='ocr_carea' id='block_1_42' title="bbox 206 2551 1774 2626">
    <p class='ocr_par' dir='ltr' id='par_1_42' title="bbox 206 2551 1774 2626">
     <span class='ocr_line' id='line_1_43' title="bbox 206 2551 1774 2626; baseline 0.001 -22"><span class='ocrx_word' id='word_1_277' title='bbox 206 2555 302 2617; x_wconf 81' lang='grc' dir='ltr'>τοῖς</span> <span class='ocrx_word' id='word_1_278' title='bbox 328 2555 427 2624; x_wconf 85' lang='grc' dir='ltr'>τῆς</span> <span class='ocrx_word' id='word_1_279' title='bbox 470 2556 667 2626; x_wconf 81' lang='grc' dir='ltr'>καινῆς</span> <span class='ocrx_word' id='word_1_280' title='bbox 688 2554 785 2608; x_wconf 74' lang='grc' dir='ltr'><strong>καὶ</strong></span> <span class='ocrx_word' id='word_1_281' title='bbox 832 2553 1067 2618; x_wconf 82' lang='grc' dir='ltr'>παλαιᾶς</span> <span class='ocrx_word' id='word_1_282' title='bbox 1101 2553 1381 2625; x_wconf 85' lang='grc' dir='ltr'>Διαθὴκης</span> <span class='ocrx_word' id='word_1_283' title='bbox 1418 2551 1647 2625; x_wconf 85' lang='grc' dir='ltr'>βιϐλίοις</span> <span class='ocrx_word' id='word_1_284' title='bbox 1676 2552 1774 2607; x_wconf 76' lang='grc' dir='ltr'>καὶ</span> 
     </span>
    </p>
   </div>
   <div class='ocr_carea' id='block_1_43' title="bbox 207 2645 1773 2717">
    <p class='ocr_par' dir='ltr' id='par_1_43' title="bbox 207 2645 1773 2717">
     <span class='ocr_line' id='line_1_44' title="bbox 207 2645 1773 2717; baseline 0.001 -20"><span class='ocrx_word' id='word_1_285' title='bbox 207 2646 293 2708; x_wconf 82' lang='grc' dir='ltr'>τὰς</span> <span class='ocrx_word' id='word_1_286' title='bbox 323 2645 607 2712; x_wconf 79' lang='grc' dir='ltr'>διατάξεις</span> <span class='ocrx_word' id='word_1_287' title='bbox 639 2645 749 2699; x_wconf 87' lang='grc' dir='ltr'><strong>τῶν</strong></span> <span class='ocrx_word' id='word_1_288' title='bbox 794 2645 1133 2713; x_wconf 83' lang='grc' dir='ltr'>ἀποστόλων,</span> <span class='ocrx_word' id='word_1_289' title='bbox 1194 2646 1292 2711; x_wconf 74' lang='grc' dir='ltr'>τὰς</span> <span class='ocrx_word' id='word_1_290' title='bbox 1331 2647 1419 2700; x_wconf 80' lang='grc' dir='ltr'>διὰ</span> <span class='ocrx_word' id='word_1_291' title='bbox 1454 2646 1773 2717; x_wconf 81' lang='grc' dir='ltr'>Κλήμεντος</span> 
     </span>
    </p>
   </div>
   <div class='ocr_carea' id='block_1_44' title="bbox 205 2736 1773 2809">
    <p class='ocr_par' dir='ltr' id='par_1_44' title="bbox 205 2736 1773 2809">
     <span class='ocr_line' id='line_1_45' title="bbox 205 2736 1773 2809; baseline 0.001 -20"><span class='ocrx_word' id='word_1_292' title='bbox 205 2738 253 2791; x_wconf 72' lang='grc' dir='ltr'><strong>ὲν</strong></span> <span class='ocrx_word' id='word_1_293' title='bbox 275 2736 413 2790; x_wconf 82' lang='grc' dir='ltr'>ὀκτὼ</span> <span class='ocrx_word' id='word_1_294' title='bbox 452 2736 804 2801; x_wconf 81' lang='grc' dir='ltr'>συντεθείσας</span> <span class='ocrx_word' id='word_1_295' title='bbox 838 2736 1087 2807; x_wconf 84' lang='grc' dir='ltr'>βιϐλίοις,</span> <span class='ocrx_word' id='word_1_296' title='bbox 1142 2738 1448 2809; x_wconf 85' lang='grc' dir='ltr'>σεϐασμίας</span> <span class='ocrx_word' id='word_1_297' title='bbox 1487 2740 1582 2791; x_wconf 74' lang='grc' dir='ltr'><strong>καὶ</strong></span> <span class='ocrx_word' id='word_1_298' title='bbox 1607 2739 1773 2807; x_wconf 85' lang='grc' dir='ltr'>ἁγίας</span> 
     </span>
    </p>
   </div>
   <div class='ocr_carea' id='block_1_45' title="bbox 202 2827 1772 2901">
    <p class='ocr_par' dir='ltr' id='par_1_45' title="bbox 202 2827 1772 2901">
     <span class='ocr_line' id='line_1_46' title="bbox 202 2827 1772 2901; baseline 0.001 -20"><span class='ocrx_word' id='word_1_299' title='bbox 202 2827 335 2899; x_wconf 78' lang='grc' dir='ltr'>ἔχειν</span> <span class='ocrx_word' id='word_1_300' title='bbox 368 2829 720 2901; x_wconf 83' lang='grc' dir='ltr'>ὡρίσθημεν.</span> <span class='ocrx_word' id='word_1_301' title='bbox 761 2829 817 2881; x_wconf 84' lang='lat'><strong>&#39;0</strong></span> <span class='ocrx_word' id='word_1_302' title='bbox 848 2828 904 2881; x_wconf 84' lang='grc' dir='ltr'><strong>δὲ</strong></span> <span class='ocrx_word' id='word_1_303' title='bbox 936 2827 1129 2901; x_wconf 88' lang='grc' dir='ltr'>παρὼν</span> <span class='ocrx_word' id='word_1_304' title='bbox 1162 2828 1364 2892; x_wconf 86' lang='grc' dir='ltr'>κανὼν,</span> <span class='ocrx_word' id='word_1_305' title='bbox 1400 2828 1488 2882; x_wconf 82' lang='grc' dir='ltr'>διὰ</span> <span class='ocrx_word' id='word_1_306' title='bbox 1521 2829 1582 2882; x_wconf 86' lang='grc' dir='ltr'><strong>τὸ</strong></span> <span class='ocrx_word' id='word_1_307' title='bbox 1642 2830 1772 2883; x_wconf 85' lang='grc' dir='ltr'>νόθα</span> 
     </span>
    </p>
   </div>
   <div class='ocr_carea' id='block_1_46' title="bbox 202 2920 1774 2993">
    <p class='ocr_par' dir='ltr' id='par_1_46' title="bbox 202 2920 1774 2993">
     <span class='ocr_line' id='line_1_47' title="bbox 202 2920 1774 2993; baseline 0.001 -18"><span class='ocrx_word' id='word_1_308' title='bbox 202 2922 307 2975; x_wconf 71' lang='grc' dir='ltr'>τινὰ</span> <span class='ocrx_word' id='word_1_309' title='bbox 351 2924 451 2975; x_wconf 76' lang='grc' dir='ltr'>καὶ</span> <span class='ocrx_word' id='word_1_310' title='bbox 502 2922 631 2988; x_wconf 80' lang='grc' dir='ltr'>ξένα</span> <span class='ocrx_word' id='word_1_311' title='bbox 664 2924 765 2993; x_wconf 83' lang='grc' dir='ltr'>τῆς</span> <span class='ocrx_word' id='word_1_312' title='bbox 825 2922 1110 2986; x_wconf 75' lang='grc' dir='ltr'>εὐσεϐείας</span> <span class='ocrx_word' id='word_1_313' title='bbox 1149 2922 1256 2975; x_wconf 79' lang='grc' dir='ltr'>ὑπὸ</span> <span class='ocrx_word' id='word_1_314' title='bbox 1295 2921 1405 2975; x_wconf 86' lang='grc' dir='ltr'><strong>τῶν</strong></span> <span class='ocrx_word' id='word_1_315' title='bbox 1446 2920 1774 2993; x_wconf 77' lang='grc' dir='ltr'>ἑτεροδόξων</span> 
     </span>
    </p>
   </div>
   <div class='ocr_carea' id='block_1_47' title="bbox 204 3011 1771 3084">
    <p class='ocr_par' dir='ltr' id='par_1_47' title="bbox 204 3011 1771 3084">
     <span class='ocr_line' id='line_1_48' title="bbox 204 3011 1771 3084; baseline 0.002 -20"><span class='ocrx_word' id='word_1_316' title='bbox 204 3014 572 3082; x_wconf 76' lang='grc' dir='ltr'>παρατεθῆναι</span> <span class='ocrx_word' id='word_1_317' title='bbox 602 3015 661 3065; x_wconf 83' lang='grc' dir='ltr'><strong>ὲν</strong></span> <span class='ocrx_word' id='word_1_318' title='bbox 711 3013 904 3076; x_wconf 85' lang='grc' dir='ltr'>αὐταῖς</span> <span class='ocrx_word' id='word_1_319' title='bbox 937 3013 1028 3066; x_wconf 77' lang='grc' dir='ltr'>ἐπὶ</span> <span class='ocrx_word' id='word_1_320' title='bbox 1081 3013 1224 3084; x_wconf 80' lang='grc' dir='ltr'>λύμῃ</span> <span class='ocrx_word' id='word_1_321' title='bbox 1281 3013 1381 3083; x_wconf 77' lang='grc' dir='ltr'>τῆς</span> <span class='ocrx_word' id='word_1_322' title='bbox 1423 3011 1771 3084; x_wconf 87' lang='grc' dir='ltr'>Ἑκκλησίας,</span> 
     </span>
    </p>
   </div>
   <div class='ocr_carea' id='block_1_48' title="bbox 1876 1907 3463 1989">
    <p class='ocr_par' dir='ltr' id='par_1_48' title="bbox 1876 1907 3463 1989">
     <span class='ocr_line' id='line_1_49' title="bbox 1876 1907 3463 1989; baseline 0.016 -31"><span class='ocrx_word' id='word_1_323' title='bbox 1876 1907 2020 1974; x_wconf 90' lang='lat' dir='ltr'><strong>quod</strong></span> <span class='ocrx_word' id='word_1_324' title='bbox 2071 1917 2392 1965; x_wconf 90' lang='lat' dir='ltr'><strong>sanctorum</strong></span> <span class='ocrx_word' id='word_1_325' title='bbox 2451 1911 2674 1970; x_wconf 87' lang='lat' dir='ltr'><strong>Patrum</strong></span> <span class='ocrx_word' id='word_1_326' title='bbox 2729 1917 2938 1986; x_wconf 89' lang='lat' dir='ltr'><strong>placitis</strong></span> <span class='ocrx_word' id='word_1_327' title='bbox 2976 1922 3122 1989; x_wconf 87' lang='lat' dir='ltr'><strong>addi,</strong></span> <span class='ocrx_word' id='word_1_328' title='bbox 3181 1938 3276 1981; x_wconf 92' lang='lat' dir='ltr'><strong>aut</strong></span> <span class='ocrx_word' id='word_1_329' title='bbox 3318 1930 3463 1985; x_wconf 83' lang='lat' dir='ltr'><strong>demi</strong></span> 
     </span>
    </p>
   </div>
   <div class='ocr_carea' id='block_1_49' title="bbox 1876 2002 3012 2082">
    <p class='ocr_par' dir='ltr' id='par_1_49' title="bbox 1876 2002 3012 2082">
     <span class='ocr_line' id='line_1_50' title="bbox 1876 2002 3012 2082; baseline 0.011 -30"><span class='ocrx_word' id='word_1_330' title='bbox 1876 2009 2098 2068; x_wconf 86' lang='lat' dir='ltr'><strong>posset;</strong></span> <span class='ocrx_word' id='word_1_331' title='bbox 2123 2002 2216 2057; x_wconf 88' lang='lat' dir='ltr'><strong>sed</strong></span> <span class='ocrx_word' id='word_1_332' title='bbox 2252 2018 2316 2059; x_wconf 91' lang='lat' dir='ltr'><strong>ea</strong></span> <span class='ocrx_word' id='word_1_333' title='bbox 2355 2005 2409 2059; x_wconf 93' lang='lat' dir='ltr'><strong>in</strong></span> <span class='ocrx_word' id='word_1_334' title='bbox 2433 2008 2685 2064; x_wconf 91' lang='lat' dir='ltr'><strong>omnibus</strong></span> <span class='ocrx_word' id='word_1_335' title='bbox 2714 2012 3012 2082; x_wconf 86' lang='lat' dir='ltr'><strong>sequimur.</strong></span> 
     </span>
    </p>
   </div>
   <div class='ocr_carea' id='block_1_50' title="bbox 1877 2153 3463 2268">
    <p class='ocr_par' dir='ltr' id='par_1_50' title="bbox 1877 2153 3463 2268">
     <span class='ocr_line' id='line_1_51' title="bbox 1877 2153 3463 2268; baseline 0.018 -43"><span class='ocrx_word' id='word_1_336' title='bbox 1877 2171 2105 2231; x_wconf 81' lang='lat' dir='ltr'><strong>ARIST.</strong></span> <span class='ocrx_word' id='word_1_337' title='bbox 2144 2195 2163 2229; x_wconf 81' lang='grc' dir='ltr'><strong>ι</strong></span> <span class='ocrx_word' id='word_1_338' title='bbox 2199 2176 2328 2244; x_wconf 83' lang='lat' dir='ltr'><strong>Quae</strong></span> <span class='ocrx_word' id='word_1_339' title='bbox 2379 2182 2445 2236; x_wconf 90' lang='lat' dir='ltr'><strong>ab</strong></span> <span class='ocrx_word' id='word_1_340' title='bbox 2492 2182 2840 2241; x_wconf 85' lang='lat' dir='ltr'><strong>beterodoxis</strong></span> <span class='ocrx_word' id='word_1_341' title='bbox 2917 2191 3282 2257; x_wconf 88' lang='lat' dir='ltr'><strong>apostolorum</strong></span> <span class='ocrx_word' id='word_1_342' title='bbox 3366 2153 3463 2268; x_wconf 77' lang='lat' dir='ltr'><strong>per</strong></span> 
     </span>
    </p>
   </div>
   <div class='ocr_carea' id='block_1_51' title="bbox 1956 2266 3461 2347">
    <p class='ocr_par' dir='ltr' id='par_1_51' title="bbox 1956 2266 3461 2347">
     <span class='ocr_line' id='line_1_52' title="bbox 1956 2266 3461 2347; baseline 0.019 -29"><span class='ocrx_word' id='word_1_343' title='bbox 1956 2284 1974 2318; x_wconf 82' lang='grc' dir='ltr'><strong>ι</strong></span> <span class='ocrx_word' id='word_1_344' title='bbox 2020 2266 2354 2325; x_wconf 89' lang='lat' dir='ltr'><strong>Clementem</strong></span> <span class='ocrx_word' id='word_1_345' title='bbox 2419 2271 2907 2334; x_wconf 84' lang='lat' dir='ltr'><strong>Constitutionibus</strong></span> <span class='ocrx_word' id='word_1_346' title='bbox 2993 2280 3178 2339; x_wconf 87' lang='lat' dir='ltr'><strong>furtim</strong></span> <span class='ocrx_word' id='word_1_347' title='bbox 3254 2266 3461 2347; x_wconf 83' lang='lat' dir='ltr'><strong>inserta</strong></span> 
     </span>
    </p>
   </div>
   <div class='ocr_carea' id='block_1_52' title="bbox 1953 2362 2586 2426">
    <p class='ocr_par' dir='ltr' id='par_1_52' title="bbox 1953 2362 2586 2426">
     <span class='ocr_line' id='line_1_53' title="bbox 1953 2362 2586 2426; baseline 0.014 -14"><span class='ocrx_word' id='word_1_348' title='bbox 1953 2379 1972 2412; x_wconf 78' lang='grc' dir='ltr'><strong>ι</strong></span> <span class='ocrx_word' id='word_1_349' title='bbox 2013 2370 2160 2426; x_wconf 90' lang='lat' dir='ltr'><strong>sunt,</strong></span> <span class='ocrx_word' id='word_1_350' title='bbox 2192 2362 2534 2423; x_wconf 88' lang='lat' dir='ltr'><strong>abdicentur.</strong></span> <span class='ocrx_word' id='word_1_351' title='bbox 2565 2387 2586 2421; x_wconf 71' lang='grc' dir='ltr'><strong>ι</strong></span> 
     </span>
    </p>
   </div>
   <div class='ocr_carea' id='block_1_53' title="bbox 1908 2444 3461 2534">
    <p class='ocr_par' dir='ltr' id='par_1_53' title="bbox 1908 2444 3461 2534">
     <span class='ocr_line' id='line_1_54' title="bbox 1908 2444 3461 2534; baseline 0.02 -31"><span class='ocrx_word' id='word_1_352' title='bbox 1908 2444 1911 2447; x_wconf 72' lang='grc'><em>’</em></span> <span class='ocrx_word' id='word_1_353' title='bbox 1950 2451 2003 2505; x_wconf 91' lang='lat' dir='ltr'><strong>In</strong></span> <span class='ocrx_word' id='word_1_354' title='bbox 2035 2455 2330 2513; x_wconf 86' lang='lat' dir='ltr'><strong>eanonibus</strong></span> <span class='ocrx_word' id='word_1_355' title='bbox 2357 2459 2687 2528; x_wconf 90' lang='lat' dir='ltr'><strong>apostolicis,</strong></span> <span class='ocrx_word' id='word_1_356' title='bbox 2723 2475 2920 2532; x_wconf 71' lang='lat' dir='ltr'><strong>prteter</strong></span> <span class='ocrx_word' id='word_1_357' title='bbox 2946 2467 3080 2527; x_wconf 87' lang='lat' dir='ltr'><strong>alios</strong></span> <span class='ocrx_word' id='word_1_358' title='bbox 3110 2468 3243 2529; x_wconf 86' lang='lat' dir='ltr'><strong>Novi</strong></span> <span class='ocrx_word' id='word_1_359' title='bbox 3272 2486 3325 2530; x_wconf 91' lang='lat' dir='ltr'><strong>et</strong></span> <span class='ocrx_word' id='word_1_360' title='bbox 3353 2476 3461 2534; x_wconf 70' lang='lat' dir='ltr'><strong>Ne-</strong></span> 
     </span>
    </p>
   </div>
   <div class='ocr_carea' id='block_1_54' title="bbox 1879 2543 3462 2635">
    <p class='ocr_par' dir='ltr' id='par_1_54' title="bbox 1879 2543 3462 2635">
     <span class='ocr_line' id='line_1_55' title="bbox 1879 2543 3462 2635; baseline 0.019 -39"><span class='ocrx_word' id='word_1_361' title='bbox 1879 2543 2008 2599; x_wconf 89' lang='lat' dir='ltr'><strong>teris</strong></span> <span class='ocrx_word' id='word_1_362' title='bbox 2046 2545 2373 2604; x_wconf 90' lang='lat' dir='ltr'><strong>Testamenti</strong></span> <span class='ocrx_word' id='word_1_363' title='bbox 2409 2549 2576 2607; x_wconf 90' lang='lat' dir='ltr'><strong>libros</strong></span> <span class='ocrx_word' id='word_1_364' title='bbox 2602 2563 2654 2607; x_wconf 88' lang='lat' dir='ltr'><strong>et</strong></span> <span class='ocrx_word' id='word_1_365' title='bbox 2723 2558 3136 2619; x_wconf 88' lang='lat' dir='ltr'><strong>constitutiones</strong></span> <span class='ocrx_word' id='word_1_366' title='bbox 3188 2570 3462 2635; x_wconf 78' lang='lat' dir='ltr'><strong>apoStolo-</strong></span> 
     </span>
    </p>
   </div>
   <div class='ocr_carea' id='block_1_55' title="bbox 1876 2632 3458 2718">
    <p class='ocr_par' dir='ltr' id='par_1_55' title="bbox 1876 2632 3458 2718">
     <span class='ocr_line' id='line_1_56' title="bbox 1876 2632 3458 2718; baseline 0.021 -36"><span class='ocrx_word' id='word_1_367' title='bbox 1876 2644 2016 2695; x_wconf 90' lang='lat' dir='ltr'><strong>rum,</strong></span> <span class='ocrx_word' id='word_1_368' title='bbox 2042 2646 2071 2685; x_wconf 91' lang='lat' dir='ltr'><strong>a</strong></span> <span class='ocrx_word' id='word_1_369' title='bbox 2103 2632 2379 2692; x_wconf 84' lang='lat' dir='ltr'><strong>Clemente</strong></span> <span class='ocrx_word' id='word_1_370' title='bbox 2409 2637 2463 2692; x_wconf 93' lang='lat' dir='ltr'><strong>in</strong></span> <span class='ocrx_word' id='word_1_371' title='bbox 2488 2649 2611 2695; x_wconf 92' lang='lat' dir='ltr'><strong>octo</strong></span> <span class='ocrx_word' id='word_1_372' title='bbox 2642 2642 2794 2699; x_wconf 83' lang='lat' dir='ltr'><strong>libris</strong></span> <span class='ocrx_word' id='word_1_373' title='bbox 2821 2651 3151 2718; x_wconf 85' lang='lat' dir='ltr'><strong>compositas</strong></span> <span class='ocrx_word' id='word_1_374' title='bbox 3191 2632 3423 2715; x_wconf 84' lang='lat' dir='ltr'><strong>veneran</strong></span> <span class='ocrx_word' id='word_1_375' title='bbox 3443 2692 3458 2704; x_wconf 89' lang='lat'><strong>-</strong></span> 
     </span>
    </p>
   </div>
   <div class='ocr_carea' id='block_1_56' title="bbox 1875 2719 3458 2806">
    <p class='ocr_par' dir='ltr' id='par_1_56' title="bbox 1875 2719 3458 2806">
     <span class='ocr_line' id='line_1_57' title="bbox 1875 2719 3458 2806; baseline 0.022 -35"><span class='ocrx_word' id='word_1_376' title='bbox 1875 2719 1973 2774; x_wconf 89' lang='lat' dir='ltr'><strong>das</strong></span> <span class='ocrx_word' id='word_1_377' title='bbox 2015 2732 2067 2776; x_wconf 88' lang='lat' dir='ltr'><strong>et</strong></span> <span class='ocrx_word' id='word_1_378' title='bbox 2098 2738 2284 2780; x_wconf 90' lang='lat' dir='ltr'><strong>sacras</strong></span> <span class='ocrx_word' id='word_1_379' title='bbox 2336 2727 2538 2785; x_wconf 89' lang='lat' dir='ltr'><strong>habere</strong></span> <span class='ocrx_word' id='word_1_380' title='bbox 2580 2731 2736 2789; x_wconf 88' lang='lat' dir='ltr'><strong>nobis</strong></span> <span class='ocrx_word' id='word_1_381' title='bbox 2776 2736 2828 2790; x_wconf 88' lang='lat' dir='ltr'><strong>in</strong></span> <span class='ocrx_word' id='word_1_382' title='bbox 2880 2742 3146 2798; x_wconf 84' lang='lat' dir='ltr'><strong>mandatis</strong></span> <span class='ocrx_word' id='word_1_383' title='bbox 3174 2746 3353 2802; x_wconf 90' lang='lat' dir='ltr'><strong>datur.</strong></span> <span class='ocrx_word' id='word_1_384' title='bbox 3388 2750 3458 2806; x_wconf 84' lang='lat' dir='ltr'><strong>At</strong></span> 
     </span>
    </p>
   </div>
   <div class='ocr_carea' id='block_1_57' title="bbox 1876 2822 3458 2909">
    <p class='ocr_par' dir='ltr' id='par_1_57' title="bbox 1876 2822 3458 2909">
     <span class='ocr_line' id='line_1_58' title="bbox 1876 2822 3458 2909; baseline 0.023 -47"><span class='ocrx_word' id='word_1_385' title='bbox 1876 2825 2113 2878; x_wconf 58' lang='lat' dir='ltr'><strong>praisens</strong></span> <span class='ocrx_word' id='word_1_386' title='bbox 2161 2831 2359 2884; x_wconf 76' lang='lat' dir='ltr'><strong>canon,</strong></span> <span class='ocrx_word' id='word_1_387' title='bbox 2390 2822 2517 2888; x_wconf 90' lang='lat' dir='ltr'><strong>quia</strong></span> <span class='ocrx_word' id='word_1_388' title='bbox 2552 2825 2737 2891; x_wconf 83' lang='lat' dir='ltr'><strong>spuria</strong></span> <span class='ocrx_word' id='word_1_389' title='bbox 2790 2832 3035 2898; x_wconf 83' lang='lat' dir='ltr'><strong>quaedam</strong></span> <span class='ocrx_word' id='word_1_390' title='bbox 3083 2845 3136 2890; x_wconf 86' lang='lat' dir='ltr'><strong>et</strong></span> <span class='ocrx_word' id='word_1_391' title='bbox 3180 2852 3208 2891; x_wconf 90' lang='lat' dir='ltr'><strong>a</strong></span> <span class='ocrx_word' id='word_1_392' title='bbox 3257 2840 3458 2909; x_wconf 87' lang='lat' dir='ltr'><strong>pietate</strong></span> 
     </span>
    </p>
   </div>
   <div class='ocr_carea' id='block_1_58' title="bbox 1877 2903 3456 2989">
    <p class='ocr_par' dir='ltr' id='par_1_58' title="bbox 1877 2903 3456 2989">
     <span class='ocr_line' id='line_1_59' title="bbox 1877 2903 3456 2989; baseline 0.022 -33"><span class='ocrx_word' id='word_1_393' title='bbox 1877 2903 2048 2959; x_wconf 89' lang='lat' dir='ltr'><strong>aliena</strong></span> <span class='ocrx_word' id='word_1_394' title='bbox 2082 2907 2133 2960; x_wconf 92' lang='lat' dir='ltr'><strong>in</strong></span> <span class='ocrx_word' id='word_1_395' title='bbox 2193 2908 2309 2965; x_wconf 90' lang='lat' dir='ltr'><strong>istis</strong></span> <span class='ocrx_word' id='word_1_396' title='bbox 2345 2912 2411 2965; x_wconf 89' lang='lat' dir='ltr'><strong>ab</strong></span> <span class='ocrx_word' id='word_1_397' title='bbox 2436 2912 2783 2971; x_wconf 80' lang='lat' dir='ltr'><strong>beterodoxis</strong></span> <span class='ocrx_word' id='word_1_398' title='bbox 2808 2921 3078 2977; x_wconf 82' lang='lat' dir='ltr'><strong>adduntur</strong></span> <span class='ocrx_word' id='word_1_399' title='bbox 3095 2928 3159 2980; x_wconf 82' lang='lat' dir='ltr'><strong>ad</strong></span> <span class='ocrx_word' id='word_1_400' title='bbox 3197 2903 3456 2989; x_wconf 48' lang='lat' dir='ltr'><strong>Et-clesiae</strong></span> 
     </span>
    </p>
   </div>
   <div class='ocr_carea' id='block_1_59' title="bbox 1876 2995 3451 3083">
    <p class='ocr_par' dir='ltr' id='par_1_59' title="bbox 1876 2995 3451 3083">
     <span class='ocr_line' id='line_1_60' title="bbox 1876 2995 3451 3083; baseline 0.022 -37"><span class='ocrx_word' id='word_1_401' title='bbox 1876 2995 2099 3062; x_wconf 84' lang='lat' dir='ltr'><strong>exitum,</strong></span> <span class='ocrx_word' id='word_1_402' title='bbox 2135 3001 2291 3067; x_wconf 90' lang='lat' dir='ltr'><strong>abjici</strong></span> <span class='ocrx_word' id='word_1_403' title='bbox 2324 3017 2384 3057; x_wconf 89' lang='lat' dir='ltr'><strong>ea</strong></span> <span class='ocrx_word' id='word_1_404' title='bbox 2418 3006 2677 3075; x_wconf 85' lang='lat' dir='ltr'><strong>praecipit,</strong></span> <span class='ocrx_word' id='word_1_405' title='bbox 2708 3010 2774 3063; x_wconf 90' lang='lat' dir='ltr'><strong>ad</strong></span> <span class='ocrx_word' id='word_1_406' title='bbox 2795 3014 2972 3083; x_wconf 78' lang='lat' dir='ltr'><strong>gregis</strong></span> <span class='ocrx_word' id='word_1_407' title='bbox 3000 3014 3451 3080; x_wconf 80' lang='lat' dir='ltr'><strong>Citristiattissimi</strong></span> 
     </span>
    </p>
   </div>
   <div class='ocr_carea' id='block_1_60' title="bbox 130 3085 2785 3183">
    <p class='ocr_par' dir='ltr' id='par_1_60' title="bbox 130 3085 2785 3183">
     <span class='ocr_line' id='line_1_61' title="bbox 130 3085 2785 3183; baseline 0.003 -26"><span class='ocrx_word' id='word_1_408' title='bbox 130 3093 137 3102; x_wconf 66' lang='grc'><em>’</em></span> <span class='ocrx_word' id='word_1_409' title='bbox 202 3105 787 3169; x_wconf 70' lang='grc' dir='ltr'>ἀποϐάλλεσθαιαύτᾶς</span> <span class='ocrx_word' id='word_1_410' title='bbox 818 3105 1169 3174; x_wconf 81' lang='grc' dir='ltr'>ὲγκελεύεται</span> <span class='ocrx_word' id='word_1_411' title='bbox 1199 3107 1334 3176; x_wconf 73' lang='grc' dir='ltr'>πρὸς</span> <span class='ocrx_word' id='word_1_412' title='bbox 1356 3105 1643 3177; x_wconf 79' lang='grc' dir='ltr'>οἰκοδομὴν</span> <span class='ocrx_word' id='word_1_413' title='bbox 1676 3107 1771 3160; x_wconf 69' lang='grc' dir='ltr'><strong>καὶ</strong></span> <span class='ocrx_word' id='word_1_414' title='bbox 1798 3126 1841 3183; x_wconf 62' lang='grc' dir='ltr'><strong>(τ</strong></span> <span class='ocrx_word' id='word_1_415' title='bbox 1875 3085 2289 3145; x_wconf 56' lang='grc' dir='ltr'>ωάίίίθωίοηθηι</span> <span class='ocrx_word' id='word_1_416' title='bbox 2329 3102 2382 3147; x_wconf 68' lang='grc' dir='ltr'><strong>οι</strong></span> <span class='ocrx_word' id='word_1_417' title='bbox 2413 3097 2785 3152; x_wconf 67' lang='grc' dir='ltr'><strong>δεουτῖῑίιίθιηο</strong></span> 
     </span>
    </p>
   </div>
   <div class='ocr_carea' id='block_1_61' title="bbox 204 3193 1517 3267">
    <p class='ocr_par' dir='ltr' id='par_1_61' title="bbox 204 3193 1517 3267">
     <span class='ocr_line' id='line_1_62' title="bbox 204 3193 1517 3267; baseline 0.002 -21"><span class='ocrx_word' id='word_1_418' title='bbox 204 3196 505 3264; x_wconf 77' lang='grc' dir='ltr'>ἀσφάλειαν</span> <span class='ocrx_word' id='word_1_419' title='bbox 542 3195 637 3249; x_wconf 82' lang='grc' dir='ltr'>τοῦ</span> <span class='ocrx_word' id='word_1_420' title='bbox 666 3196 1207 3267; x_wconf 83' lang='grc' dir='ltr'>Χριστιανικωτάτου</span> <span class='ocrx_word' id='word_1_421' title='bbox 1236 3193 1517 3265; x_wconf 86' lang='grc' dir='ltr'>ποιμνίου.</span> 
     </span>
    </p>
   </div>
   <div class='ocr_carea' id='block_1_62' title="bbox 656 3282 1175 3343">
    <p class='ocr_par' dir='ltr' id='par_1_62' title="bbox 656 3282 1175 3343">
     <span class='ocr_line' id='line_1_63' title="bbox 656 3282 1175 3343; baseline -0.006 1"><span class='ocrx_word' id='word_1_422' title='bbox 656 3282 657 3285; x_wconf 0' lang='lat' dir='ltr'><strong>ﬁ</strong></span> <span class='ocrx_word' id='word_1_423' title='bbox 832 3287 1073 3343; x_wconf 82' lang='grc' dir='ltr'>ΚΑΝΩΝ</span> <span class='ocrx_word' id='word_1_424' title='bbox 1099 3287 1175 3341; x_wconf 84' lang='grc' dir='ltr'><strong>Γ’.</strong></span> 
     </span>
    </p>
   </div>
   <div class='ocr_carea' id='block_1_63' title="bbox 207 3378 1771 3453">
    <p class='ocr_par' dir='ltr' id='par_1_63' title="bbox 207 3378 1771 3453">
     <span class='ocr_line' id='line_1_64' title="bbox 207 3378 1771 3453; baseline 0.003 -24"><span class='ocrx_word' id='word_1_425' title='bbox 207 3397 223 3429; x_wconf 82' lang='grc' dir='ltr'><strong>ι</strong></span> <span class='ocrx_word' id='word_1_426' title='bbox 262 3380 479 3452; x_wconf 77' lang='grc' dir='ltr'>Ἐπειδὴ</span> <span class='ocrx_word' id='word_1_427' title='bbox 515 3380 571 3433; x_wconf 85' lang='grc' dir='ltr'>δὲ</span> <span class='ocrx_word' id='word_1_428' title='bbox 589 3383 613 3434; x_wconf 86' lang='grc' dir='ltr'><strong>ό</strong></span> <span class='ocrx_word' id='word_1_429' title='bbox 631 3380 856 3453; x_wconf 77' lang='grc' dir='ltr'>εὐσεϐὴς</span> <span class='ocrx_word' id='word_1_430' title='bbox 876 3384 967 3434; x_wconf 76' lang='grc' dir='ltr'>καὶ</span> <span class='ocrx_word' id='word_1_431' title='bbox 982 3380 1323 3451; x_wconf 82' lang='grc' dir='ltr'>φιλόχριστος</span> <span class='ocrx_word' id='word_1_432' title='bbox 1340 3378 1497 3450; x_wconf 85' lang='grc' dir='ltr'>ήμῶν</span> <span class='ocrx_word' id='word_1_433' title='bbox 1518 3379 1771 3449; x_wconf 85' lang='grc' dir='ltr'>βασιλεὺς</span> 
     </span>
    </p>
   </div>
   <div class='ocr_carea' id='block_1_64' title="bbox 262 3471 1773 3547">
    <p class='ocr_par' dir='ltr' id='par_1_64' title="bbox 262 3471 1773 3547">
     <span class='ocr_line' id='line_1_65' title="bbox 262 3471 1773 3547; baseline 0 -22"><span class='ocrx_word' id='word_1_434' title='bbox 262 3493 279 3525; x_wconf 78' lang='grc' dir='ltr'><strong>ι</strong></span> <span class='ocrx_word' id='word_1_435' title='bbox 323 3478 387 3546; x_wconf 80' lang='grc' dir='ltr'>τῇ</span> <span class='ocrx_word' id='word_1_436' title='bbox 412 3476 553 3546; x_wconf 76' lang='grc' dir='ltr'>ἁγίᾳ</span> <span class='ocrx_word' id='word_1_437' title='bbox 564 3474 735 3547; x_wconf 82' lang='grc' dir='ltr'>ταύτῃ</span> <span class='ocrx_word' id='word_1_438' title='bbox 751 3475 845 3529; x_wconf 75' lang='grc' dir='ltr'>καὶ</span> <span class='ocrx_word' id='word_1_439' title='bbox 860 3474 1208 3545; x_wconf 77' lang='grc' dir='ltr'>οἱκουμενικῇ</span> <span class='ocrx_word' id='word_1_440' title='bbox 1228 3471 1619 3544; x_wconf 83' lang='grc' dir='ltr'>προσεφώνησε</span> <span class='ocrx_word' id='word_1_441' title='bbox 1647 3489 1773 3525; x_wconf 89' lang='grc' dir='ltr'>συν-</span> 
     </span>
    </p>
   </div>
   <div class='ocr_carea' id='block_1_65' title="bbox 264 3564 1770 3638">
    <p class='ocr_par' dir='ltr' id='par_1_65' title="bbox 264 3564 1770 3638">
     <span class='ocr_line' id='line_1_66' title="bbox 264 3564 1770 3638; baseline 0.001 -20"><span class='ocrx_word' id='word_1_442' title='bbox 264 3586 279 3618; x_wconf 85' lang='lat' dir='ltr'><strong>t</strong></span> <span class='ocrx_word' id='word_1_443' title='bbox 320 3567 449 3638; x_wconf 84' lang='grc' dir='ltr'>όδῳ,</span> <span class='ocrx_word' id='word_1_444' title='bbox 486 3566 628 3621; x_wconf 81' lang='grc' dir='ltr'>ὥστε</span> <span class='ocrx_word' id='word_1_445' title='bbox 655 3567 777 3630; x_wconf 78' lang='grc' dir='ltr'>τοὺς</span> <span class='ocrx_word' id='word_1_446' title='bbox 794 3570 849 3620; x_wconf 83' lang='grc' dir='ltr'><strong>ὲν</strong></span> <span class='ocrx_word' id='word_1_447' title='bbox 867 3566 944 3637; x_wconf 85' lang='grc' dir='ltr'>τῷ</span> <span class='ocrx_word' id='word_1_448' title='bbox 962 3567 1146 3637; x_wconf 80' lang='grc' dir='ltr'>κλήρῳ</span> <span class='ocrx_word' id='word_1_449' title='bbox 1168 3564 1656 3633; x_wconf 77' lang='grc' dir='ltr'>καταλεγομένους,</span> <span class='ocrx_word' id='word_1_450' title='bbox 1675 3568 1770 3619; x_wconf 72' lang='grc' dir='ltr'><strong>καὶ</strong></span> 
     </span>
    </p>
   </div>
   <div class='ocr_carea' id='block_1_66' title="bbox 262 3656 1769 3732">
    <p class='ocr_par' dir='ltr' id='par_1_66' title="bbox 262 3656 1769 3732">
     <span class='ocr_line' id='line_1_67' title="bbox 262 3656 1769 3732; baseline -0.001 -20"><span class='ocrx_word' id='word_1_451' title='bbox 262 3680 277 3712; x_wconf 77' lang='grc' dir='ltr'><strong>ι</strong></span> <span class='ocrx_word' id='word_1_452' title='bbox 321 3662 510 3724; x_wconf 78' lang='grc' dir='ltr'>ἄλλοις</span> <span class='ocrx_word' id='word_1_453' title='bbox 537 3661 605 3728; x_wconf 76' lang='grc' dir='ltr'>τὰ</span> <span class='ocrx_word' id='word_1_454' title='bbox 632 3662 751 3714; x_wconf 77' lang='grc' dir='ltr'>θεῖα</span> <span class='ocrx_word' id='word_1_455' title='bbox 776 3659 1290 3732; x_wconf 84' lang='grc' dir='ltr'>διαπορθμεύοντας,</span> <span class='ocrx_word' id='word_1_456' title='bbox 1321 3656 1599 3728; x_wconf 76' lang='grc' dir='ltr'>καθαροὺς</span> <span class='ocrx_word' id='word_1_457' title='bbox 1637 3659 1769 3711; x_wconf 86' lang='grc' dir='ltr'>ἀπο-</span> 
     </span>
    </p>
   </div>
   <div class='ocr_carea' id='block_1_67' title="bbox 261 3751 1767 3825">
    <p class='ocr_par' dir='ltr' id='par_1_67' title="bbox 261 3751 1767 3825">
     <span class='ocr_line' id='line_1_68' title="bbox 261 3751 1767 3825; baseline -0.001 -20"><span class='ocrx_word' id='word_1_458' title='bbox 261 3774 275 3805; x_wconf 83' lang='lat' dir='ltr'><strong>t</strong></span> <span class='ocrx_word' id='word_1_459' title='bbox 321 3756 493 3825; x_wconf 77' lang='grc' dir='ltr'>φῆναι</span> <span class='ocrx_word' id='word_1_460' title='bbox 515 3756 607 3808; x_wconf 80' lang='grc' dir='ltr'>καὶ</span> <span class='ocrx_word' id='word_1_461' title='bbox 640 3753 985 3825; x_wconf 75' lang='grc' dir='ltr'>λειτουργοὺς</span> <span class='ocrx_word' id='word_1_462' title='bbox 1018 3751 1304 3822; x_wconf 74' lang='grc' dir='ltr'>ἀμώμους,</span> <span class='ocrx_word' id='word_1_463' title='bbox 1336 3752 1428 3803; x_wconf 69' lang='grc' dir='ltr'>καὶ</span> <span class='ocrx_word' id='word_1_464' title='bbox 1454 3752 1550 3821; x_wconf 84' lang='grc' dir='ltr'>τῆς</span> <span class='ocrx_word' id='word_1_465' title='bbox 1576 3752 1767 3822; x_wconf 81' lang='grc' dir='ltr'>νοερᾶς</span> 
     </span>
    </p>
   </div>
   <div class='ocr_carea' id='block_1_68' title="bbox 260 3844 1762 3917">
    <p class='ocr_par' dir='ltr' id='par_1_68' title="bbox 260 3844 1762 3917">
     <span class='ocr_line' id='line_1_69' title="bbox 260 3844 1762 3917; baseline 0 -20"><span class='ocrx_word' id='word_1_466' title='bbox 260 3866 276 3897; x_wconf 86' lang='grc' dir='ltr'><strong>ι</strong></span> <span class='ocrx_word' id='word_1_467' title='bbox 319 3846 413 3899; x_wconf 82' lang='grc' dir='ltr'>τοῦ</span> <span class='ocrx_word' id='word_1_468' title='bbox 451 3847 690 3917; x_wconf 83' lang='grc' dir='ltr'>μεγάλου</span> <span class='ocrx_word' id='word_1_469' title='bbox 736 3845 895 3907; x_wconf 84' lang='grc' dir='ltr'>Θεοῦ,</span> <span class='ocrx_word' id='word_1_470' title='bbox 921 3846 1018 3899; x_wconf 73' lang='grc' dir='ltr'><strong>καὶ</strong></span> <span class='ocrx_word' id='word_1_471' title='bbox 1045 3844 1285 3914; x_wconf 84' lang='grc' dir='ltr'>θύματος</span> <span class='ocrx_word' id='word_1_472' title='bbox 1318 3845 1409 3897; x_wconf 78' lang='grc' dir='ltr'>καὶ</span> <span class='ocrx_word' id='word_1_473' title='bbox 1437 3845 1762 3915; x_wconf 80' lang='grc' dir='ltr'>ἀρχιερέως,</span> 
     </span>
    </p>
   </div>
   <div class='ocr_carea' id='block_1_69' title="bbox 264 3934 1766 4006">
    <p class='ocr_par' dir='ltr' id='par_1_69' title="bbox 264 3934 1766 4006">
     <span class='ocr_line' id='line_1_70' title="bbox 264 3934 1766 4006; baseline -0.001 -18"><span class='ocrx_word' id='word_1_474' title='bbox 264 3957 280 3988; x_wconf 85' lang='grc' dir='ltr'><strong>ι</strong></span> <span class='ocrx_word' id='word_1_475' title='bbox 330 3938 530 4003; x_wconf 87' lang='grc' dir='ltr'>θυσίας</span> <span class='ocrx_word' id='word_1_476' title='bbox 580 3937 789 4004; x_wconf 77' lang='grc' dir='ltr'>ἀξίους,</span> <span class='ocrx_word' id='word_1_477' title='bbox 815 3936 1162 4006; x_wconf 80' lang='grc' dir='ltr'>ἀνακαθᾶραί</span> <span class='ocrx_word' id='word_1_478' title='bbox 1200 3953 1260 3988; x_wconf 89' lang='grc' dir='ltr'><strong>τε</strong></span> <span class='ocrx_word' id='word_1_479' title='bbox 1298 3936 1365 3988; x_wconf 79' lang='grc' dir='ltr'>τὰ</span> <span class='ocrx_word' id='word_1_480' title='bbox 1392 3934 1451 4000; x_wconf 80' lang='grc' dir='ltr'>ἐξ</span> <span class='ocrx_word' id='word_1_481' title='bbox 1509 3934 1766 4005; x_wconf 82' lang='grc' dir='ltr'>ἀθέσμων</span> 
     </span>
    </p>
   </div>
   <div class='ocr_carea' id='block_1_70' title="bbox 264 4027 1764 4101">
    <p class='ocr_par' dir='ltr' id='par_1_70' title="bbox 264 4027 1764 4101">
     <span class='ocr_line' id='line_1_71' title="bbox 264 4027 1764 4101; baseline -0.003 -17"><span class='ocrx_word' id='word_1_482' title='bbox 264 4044 280 4074; x_wconf 73' lang='grc' dir='ltr'><strong>ι</strong></span> <span class='ocrx_word' id='word_1_483' title='bbox 323 4032 526 4101; x_wconf 81' lang='grc' dir='ltr'>γάμων</span> <span class='ocrx_word' id='word_1_484' title='bbox 558 4029 773 4092; x_wconf 78' lang='grc' dir='ltr'>τούτοις</span> <span class='ocrx_word' id='word_1_485' title='bbox 814 4029 1167 4099; x_wconf 83' lang='grc' dir='ltr'>ὲπιτριϐἐντα</span> <span class='ocrx_word' id='word_1_486' title='bbox 1202 4028 1346 4098; x_wconf 84' lang='grc' dir='ltr'>μύση</span> <span class='ocrx_word' id='word_1_487' title='bbox 1372 4043 1385 4056; x_wconf 88' lang='grc'><strong>·</strong></span> <span class='ocrx_word' id='word_1_488' title='bbox 1420 4028 1556 4098; x_wconf 73' lang='grc' dir='ltr'>πρὸς</span> <span class='ocrx_word' id='word_1_489' title='bbox 1590 4027 1764 4097; x_wconf 86' lang='grc' dir='ltr'>τούτῳ</span> 
     </span>
    </p>
   </div>
   <div class='ocr_carea' id='block_1_71' title="bbox 265 4117 1765 4192">
    <p class='ocr_par' dir='ltr' id='par_1_71' title="bbox 265 4117 1765 4192">
     <span class='ocr_line' id='line_1_72' title="bbox 265 4117 1765 4192; baseline 0.003 -25"><span class='ocrx_word' id='word_1_490' title='bbox 265 4136 281 4167; x_wconf 84' lang='grc' dir='ltr'><strong>ι</strong></span> <span class='ocrx_word' id='word_1_491' title='bbox 327 4119 382 4171; x_wconf 80' lang='grc' dir='ltr'>δὲ</span> <span class='ocrx_word' id='word_1_492' title='bbox 404 4122 520 4170; x_wconf 77' lang='grc' dir='ltr'><strong>τῶν</strong></span> <span class='ocrx_word' id='word_1_493' title='bbox 552 4123 652 4188; x_wconf 84' lang='grc' dir='ltr'><strong>μὲν</strong></span> <span class='ocrx_word' id='word_1_494' title='bbox 702 4122 801 4192; x_wconf 79' lang='grc' dir='ltr'><strong>τῆς</strong></span> <span class='ocrx_word' id='word_1_495' title='bbox 848 4120 1139 4192; x_wconf 81' lang='grc' dir='ltr'>Ῥωμαίων</span> <span class='ocrx_word' id='word_1_496' title='bbox 1179 4122 1493 4189; x_wconf 76' lang='grc' dir='ltr'>ἁγιωτάτης</span> <span class='ocrx_word' id='word_1_497' title='bbox 1538 4117 1765 4189; x_wconf 81' lang='grc' dir='ltr'>Ἐκκληο</span> 
     </span>
    </p>
   </div>
   <div class='ocr_carea' id='block_1_72' title="bbox 260 4204 1760 4285">
    <p class='ocr_par' dir='ltr' id='par_1_72' title="bbox 260 4204 1760 4285">
     <span class='ocr_line' id='line_1_73' title="bbox 260 4204 1760 4285; baseline 0.002 -25"><span class='ocrx_word' id='word_1_498' title='bbox 260 4229 276 4260; x_wconf 80' lang='grc' dir='ltr'><strong>ι</strong></span> <span class='ocrx_word' id='word_1_499' title='bbox 324 4210 453 4274; x_wconf 85' lang='grc' dir='ltr'>σίας</span> <span class='ocrx_word' id='word_1_500' title='bbox 486 4209 578 4263; x_wconf 80' lang='grc' dir='ltr'>τὸν</span> <span class='ocrx_word' id='word_1_501' title='bbox 607 4215 704 4279; x_wconf 78' lang='grc' dir='ltr'>τῆς</span> <span class='ocrx_word' id='word_1_502' title='bbox 739 4214 1028 4285; x_wconf 86' lang='grc' dir='ltr'>ἀκριϐείας</span> <span class='ocrx_word' id='word_1_503' title='bbox 1055 4204 1363 4284; x_wconf 78' lang='grc' dir='ltr'>τηρηθῆναι</span> <span class='ocrx_word' id='word_1_504' title='bbox 1388 4212 1591 4265; x_wconf 84' lang='grc' dir='ltr'>κανόνα</span> <span class='ocrx_word' id='word_1_505' title='bbox 1626 4228 1760 4281; x_wconf 89' lang='grc' dir='ltr'>προ-</span> 
     </span>
    </p>
   </div>
   <div class='ocr_carea' id='block_1_73' title="bbox 259 4302 1758 4374">
    <p class='ocr_par' dir='ltr' id='par_1_73' title="bbox 259 4302 1758 4374">
     <span class='ocr_line' id='line_1_74' title="bbox 259 4302 1758 4374; baseline -0.001 -19"><span class='ocrx_word' id='word_1_506' title='bbox 259 4324 274 4355; x_wconf 87' lang='lat' dir='ltr'><strong>t</strong></span> <span class='ocrx_word' id='word_1_507' title='bbox 314 4304 658 4374; x_wconf 80' lang='grc' dir='ltr'>τιθεμένων·</span> <span class='ocrx_word' id='word_1_508' title='bbox 685 4302 792 4355; x_wconf 86' lang='grc' dir='ltr'><strong>τῶν</strong></span> <span class='ocrx_word' id='word_1_509' title='bbox 845 4307 903 4360; x_wconf 80' lang='grc' dir='ltr'>δὲ</span> <span class='ocrx_word' id='word_1_510' title='bbox 940 4306 1045 4358; x_wconf 82' lang='grc' dir='ltr'><strong>ὑπὸ</strong></span> <span class='ocrx_word' id='word_1_511' title='bbox 1093 4305 1185 4357; x_wconf 81' lang='grc' dir='ltr'>τὸν</span> <span class='ocrx_word' id='word_1_512' title='bbox 1226 4305 1327 4374; x_wconf 78' lang='grc' dir='ltr'>τῆς</span> <span class='ocrx_word' id='word_1_513' title='bbox 1382 4302 1758 4372; x_wconf 72' lang='grc' dir='ltr'>θεοφυλάκτου</span> 
     </span>
    </p>
   </div>
   <div class='ocr_carea' id='block_1_74' title="bbox 262 4393 1757 4465">
    <p class='ocr_par' dir='ltr' id='par_1_74' title="bbox 262 4393 1757 4465">
     <span class='ocr_line' id='line_1_75' title="bbox 262 4393 1757 4465; baseline 0.001 -20"><span class='ocrx_word' id='word_1_514' title='bbox 262 4415 277 4445; x_wconf 84' lang='grc' dir='ltr'><strong>ι</strong></span> <span class='ocrx_word' id='word_1_515' title='bbox 326 4397 535 4465; x_wconf 86' lang='grc' dir='ltr'>ταύτης</span> <span class='ocrx_word' id='word_1_516' title='bbox 566 4397 659 4448; x_wconf 72' lang='grc' dir='ltr'><strong>καὶ</strong></span> <span class='ocrx_word' id='word_1_517' title='bbox 702 4393 977 4463; x_wconf 80' lang='grc' dir='ltr'>βασιλίδος</span> <span class='ocrx_word' id='word_1_518' title='bbox 1030 4397 1238 4459; x_wconf 90' lang='grc' dir='ltr'>πόλεως</span> <span class='ocrx_word' id='word_1_519' title='bbox 1294 4396 1507 4465; x_wconf 89' lang='grc' dir='ltr'>θρόνον,</span> <span class='ocrx_word' id='word_1_520' title='bbox 1545 4396 1605 4447; x_wconf 85' lang='grc' dir='ltr'><strong>τὸ</strong></span> <span class='ocrx_word' id='word_1_521' title='bbox 1659 4395 1757 4465; x_wconf 83' lang='grc' dir='ltr'>τῆς</span> 
     </span>
    </p>
   </div>
   <div class='ocr_carea' id='block_1_75' title="bbox 261 4488 1758 4560">
    <p class='ocr_par' dir='ltr' id='par_1_75' title="bbox 261 4488 1758 4560">
     <span class='ocr_line' id='line_1_76' title="bbox 261 4488 1758 4560; baseline 0.003 -20"><span class='ocrx_word' id='word_1_522' title='bbox 261 4508 276 4540; x_wconf 86' lang='grc' dir='ltr'><strong>ι</strong></span> <span class='ocrx_word' id='word_1_523' title='bbox 322 4488 744 4559; x_wconf 77' lang='grc' dir='ltr'>φιλανθρωπίας</span> <span class='ocrx_word' id='word_1_524' title='bbox 776 4490 868 4541; x_wconf 75' lang='grc' dir='ltr'>καὶ</span> <span class='ocrx_word' id='word_1_525' title='bbox 904 4490 1247 4558; x_wconf 88' lang='grc' dir='ltr'>συμπαθείας</span> <span class='ocrx_word' id='word_1_526' title='bbox 1282 4491 1361 4551; x_wconf 87' lang='grc' dir='ltr'><strong>είς</strong></span> <span class='ocrx_word' id='word_1_527' title='bbox 1382 4488 1440 4541; x_wconf 82' lang='grc' dir='ltr'><strong>ἓν</strong></span> <span class='ocrx_word' id='word_1_528' title='bbox 1471 4489 1758 4560; x_wconf 82' lang='grc' dir='ltr'>ἀμφότερα</span> 
     </span>
    </p>
   </div>
   <div class='ocr_carea' id='block_1_76' title="bbox 258 4581 1756 4652">
    <p class='ocr_par' dir='ltr' id='par_1_76' title="bbox 258 4581 1756 4652">
     <span class='ocr_line' id='line_1_77' title="bbox 258 4581 1756 4652; baseline 0.002 -20"><span class='ocrx_word' id='word_1_529' title='bbox 258 4600 275 4632; x_wconf 82' lang='grc' dir='ltr'><strong>ι</strong></span> <span class='ocrx_word' id='word_1_530' title='bbox 326 4582 610 4652; x_wconf 81' lang='grc' dir='ltr'>μίξαντες,</span> <span class='ocrx_word' id='word_1_531' title='bbox 674 4581 957 4650; x_wconf 83' lang='grc' dir='ltr'>πατρικῶς</span> <span class='ocrx_word' id='word_1_532' title='bbox 1003 4581 1139 4649; x_wconf 81' lang='grc' dir='ltr'>ὁμοῦ</span> <span class='ocrx_word' id='word_1_533' title='bbox 1200 4581 1293 4635; x_wconf 64' lang='grc' dir='ltr'>καὶ</span> <span class='ocrx_word' id='word_1_534' title='bbox 1352 4581 1635 4650; x_wconf 80' lang='grc' dir='ltr'>θεοφιλῶς,</span> <span class='ocrx_word' id='word_1_535' title='bbox 1681 4583 1756 4646; x_wconf 85' lang='grc' dir='ltr'>ὡς</span> 
     </span>
    </p>
   </div>
   <div class='ocr_carea' id='block_1_77' title="bbox 258 4669 1753 4742">
    <p class='ocr_par' dir='ltr' id='par_1_77' title="bbox 258 4669 1753 4742">
     <span class='ocr_line' id='line_1_78' title="bbox 258 4669 1753 4742; baseline 0.002 -22"><span class='ocrx_word' id='word_1_536' title='bbox 258 4688 273 4720; x_wconf 86' lang='grc' dir='ltr'><strong>ι</strong></span> <span class='ocrx_word' id='word_1_537' title='bbox 320 4673 466 4742; x_wconf 76' lang='grc' dir='ltr'>μήτε</span> <span class='ocrx_word' id='word_1_538' title='bbox 508 4671 568 4722; x_wconf 73' lang='grc' dir='ltr'>τὸ</span> <span class='ocrx_word' id='word_1_539' title='bbox 595 4670 769 4738; x_wconf 79' lang='grc' dir='ltr'>πρᾶον</span> <span class='ocrx_word' id='word_1_540' title='bbox 804 4669 1047 4736; x_wconf 70' lang='grc' dir='ltr'>ἔκλυτον,</span> <span class='ocrx_word' id='word_1_541' title='bbox 1078 4672 1212 4740; x_wconf 83' lang='grc' dir='ltr'>μήτε</span> <span class='ocrx_word' id='word_1_542' title='bbox 1237 4671 1436 4739; x_wconf 72' lang='grc' dir='ltr'>στυφὸν</span> <span class='ocrx_word' id='word_1_543' title='bbox 1457 4672 1516 4722; x_wconf 70' lang='grc' dir='ltr'>τὸ</span> <span class='ocrx_word' id='word_1_544' title='bbox 1547 4670 1753 4742; x_wconf 77' lang='grc' dir='ltr'>αὐστη·</span> 
     </span>
    </p>
   </div>
   <div class='ocr_carea' id='block_1_78' title="bbox 261 4759 1755 4832">
    <p class='ocr_par' dir='ltr' id='par_1_78' title="bbox 261 4759 1755 4832">
     <span class='ocr_line' id='line_1_79' title="bbox 261 4759 1755 4832; baseline 0.002 -21"><span class='ocrx_word' id='word_1_545' title='bbox 261 4778 276 4811; x_wconf 84' lang='grc' dir='ltr'><strong>ι</strong></span> <span class='ocrx_word' id='word_1_546' title='bbox 324 4761 419 4832; x_wconf 72' lang='grc' dir='ltr'>ρὸν</span> <span class='ocrx_word' id='word_1_547' title='bbox 452 4760 875 4831; x_wconf 52' lang='grc' dir='ltr'>καταλείψοιμεν</span> <span class='ocrx_word' id='word_1_548' title='bbox 895 4778 908 4791; x_wconf 72' lang='grc' dir='ltr'><strong>ο</strong></span> <span class='ocrx_word' id='word_1_549' title='bbox 938 4762 1034 4814; x_wconf 73' lang='grc' dir='ltr'><strong>καὶ</strong></span> <span class='ocrx_word' id='word_1_550' title='bbox 1063 4759 1297 4830; x_wconf 85' lang='grc' dir='ltr'>μάλιστα</span> <span class='ocrx_word' id='word_1_551' title='bbox 1324 4760 1417 4813; x_wconf 82' lang='grc' dir='ltr'>τοῦ</span> <span class='ocrx_word' id='word_1_552' title='bbox 1449 4760 1508 4825; x_wconf 76' lang='grc' dir='ltr'>ἐξ</span> <span class='ocrx_word' id='word_1_553' title='bbox 1533 4760 1755 4829; x_wconf 84' lang='grc' dir='ltr'>ἀγνοίας</span> 
     </span>
    </p>
   </div>
   <div class='ocr_carea' id='block_1_79' title="bbox 260 4851 1758 4923">
    <p class='ocr_par' dir='ltr' id='par_1_79' title="bbox 260 4851 1758 4923">
     <span class='ocr_line' id='line_1_80' title="bbox 260 4851 1758 4923; baseline 0.002 -21"><span class='ocrx_word' id='word_1_554' title='bbox 260 4870 277 4901; x_wconf 82' lang='grc' dir='ltr'><strong>ι</strong></span> <span class='ocrx_word' id='word_1_555' title='bbox 323 4852 620 4923; x_wconf 82' lang='grc' dir='ltr'>πτώματος</span> <span class='ocrx_word' id='word_1_556' title='bbox 650 4855 728 4915; x_wconf 83' lang='grc' dir='ltr'>εἰς</span> <span class='ocrx_word' id='word_1_557' title='bbox 755 4854 856 4906; x_wconf 81' lang='grc' dir='ltr'>οὐκ</span> <span class='ocrx_word' id='word_1_558' title='bbox 876 4852 1070 4921; x_wconf 84' lang='grc' dir='ltr'>ὀλίγων</span> <span class='ocrx_word' id='word_1_559' title='bbox 1086 4851 1294 4923; x_wconf 86' lang='grc' dir='ltr'>ἀνδρῶν</span> <span class='ocrx_word' id='word_1_560' title='bbox 1314 4851 1513 4920; x_wconf 73' lang='grc' dir='ltr'>πλῆθος</span> <span class='ocrx_word' id='word_1_561' title='bbox 1542 4852 1758 4923; x_wconf 66' lang='grc' dir='ltr'><strong>διῆκον⁴</strong></span> 
     </span>
    </p>
   </div>
   <div class='ocr_carea' id='block_1_80' title="bbox 265 4944 1761 5015">
    <p class='ocr_par' dir='ltr' id='par_1_80' title="bbox 265 4944 1761 5015">
     <span class='ocr_line' id='line_1_81' title="bbox 265 4944 1761 5015; baseline 0 -20"><span class='ocrx_word' id='word_1_562' title='bbox 265 4963 281 4995; x_wconf 80' lang='grc' dir='ltr'><strong>ι</strong></span> <span class='ocrx_word' id='word_1_563' title='bbox 328 4962 444 5010; x_wconf 86' lang='grc' dir='ltr'>τος,</span> <span class='ocrx_word' id='word_1_564' title='bbox 473 4944 789 5015; x_wconf 79' lang='grc' dir='ltr'>συνορῶμεν</span> <span class='ocrx_word' id='word_1_565' title='bbox 820 4944 962 4998; x_wconf 82' lang='grc' dir='ltr'>ὥστε</span> <span class='ocrx_word' id='word_1_566' title='bbox 988 4947 1113 5008; x_wconf 84' lang='grc' dir='ltr'>τοὺς</span> <span class='ocrx_word' id='word_1_567' title='bbox 1144 4945 1242 5015; x_wconf 83' lang='grc' dir='ltr'><strong>μὲν</strong></span> <span class='ocrx_word' id='word_1_568' title='bbox 1267 4945 1390 4997; x_wconf 58' lang='grc' dir='ltr'><strong>δυσὶ¹</strong></span> <span class='ocrx_word' id='word_1_569' title='bbox 1434 4944 1635 5011; x_wconf 80' lang='grc' dir='ltr'>γάμοις</span> <span class='ocrx_word' id='word_1_570' title='bbox 1666 4960 1761 4995; x_wconf 60' lang='grc' dir='ltr'>περ</span> 
     </span>
    </p>
   </div>
   <div class='ocr_carea' id='block_1_81' title="bbox 265 5018 1758 5109">
    <p class='ocr_par' dir='ltr' id='par_1_81' title="bbox 265 5036 1758 5109">
     <span class='ocr_line' id='line_1_82' title="bbox 265 5036 1758 5109; baseline 0.001 -22"><span class='ocrx_word' id='word_1_571' title='bbox 265 5055 283 5087; x_wconf 74' lang='grc' dir='ltr'><strong>ι</strong></span> <span class='ocrx_word' id='word_1_572' title='bbox 328 5038 688 5109; x_wconf 82' lang='grc' dir='ltr'>ριπαρὲντας,</span> <span class='ocrx_word' id='word_1_573' title='bbox 739 5040 834 5091; x_wconf 73' lang='grc' dir='ltr'><strong>καὶ</strong></span> <span class='ocrx_word' id='word_1_574' title='bbox 899 5038 1059 5109; x_wconf 79' lang='grc' dir='ltr'>μέχρι</span> <span class='ocrx_word' id='word_1_575' title='bbox 1098 5039 1197 5107; x_wconf 81' lang='grc' dir='ltr'>τῆς</span> <span class='ocrx_word' id='word_1_576' title='bbox 1275 5036 1758 5107; x_wconf 78' lang='grc' dir='ltr'>τεντεκαιδεκάτης</span> 
     </span>
    </p>
   </div>
   <div class='ocr_carea' id='block_1_82' title="bbox 267 5128 1755 5199">
    <p class='ocr_par' dir='ltr' id='par_1_82' title="bbox 267 5128 1755 5199">
     <span class='ocr_line' id='line_1_83' title="bbox 267 5128 1755 5199; baseline 0.001 -21"><span class='ocrx_word' id='word_1_577' title='bbox 267 5146 283 5178; x_wconf 79' lang='grc' dir='ltr'><strong>ι</strong></span> <span class='ocrx_word' id='word_1_578' title='bbox 325 5128 423 5181; x_wconf 81' lang='grc' dir='ltr'>τοῦ</span> <span class='ocrx_word' id='word_1_579' title='bbox 450 5128 817 5199; x_wconf 84' lang='grc' dir='ltr'>παρελθόντος</span> <span class='ocrx_word' id='word_1_580' title='bbox 857 5129 1194 5198; x_wconf 88' lang='grc' dir='ltr'>Ίανουαρίου</span> <span class='ocrx_word' id='word_1_581' title='bbox 1222 5128 1391 5199; x_wconf 82' lang='grc' dir='ltr'>μηνὸς</span> <span class='ocrx_word' id='word_1_582' title='bbox 1422 5129 1519 5197; x_wconf 86' lang='grc' dir='ltr'>τῆς</span> <span class='ocrx_word' id='word_1_583' title='bbox 1551 5128 1755 5198; x_wconf 84' lang='grc' dir='ltr'>παρελ-</span> 
     </span>
    </p>
   </div>
   <div class='ocr_carea' id='block_1_83' title="bbox 263 5219 1753 5291">
    <p class='ocr_par' dir='ltr' id='par_1_83' title="bbox 263 5219 1753 5291">
     <span class='ocr_line' id='line_1_84' title="bbox 263 5219 1753 5291; baseline 0.001 -21"><span class='ocrx_word' id='word_1_584' title='bbox 263 5238 280 5270; x_wconf 80' lang='grc' dir='ltr'><strong>ι</strong></span> <span class='ocrx_word' id='word_1_585' title='bbox 329 5220 529 5291; x_wconf 88' lang='grc' dir='ltr'>θούσης</span> <span class='ocrx_word' id='word_1_586' title='bbox 575 5221 840 5291; x_wconf 81' lang='grc' dir='ltr'>τετάρτης</span> <span class='ocrx_word' id='word_1_587' title='bbox 873 5220 1220 5282; x_wconf 85' lang='grc' dir='ltr'>ἰνδικτιῶνος,</span> <span class='ocrx_word' id='word_1_588' title='bbox 1268 5221 1420 5283; x_wconf 78' lang='grc' dir='ltr'>ἔτους</span> <span class='ocrx_word' id='word_1_589' title='bbox 1471 5219 1753 5288; x_wconf 81' lang='grc' dir='ltr'>ἑξακισχι-</span> 
     </span>
    </p>
   </div>
   <div class='ocr_carea' id='block_1_84' title="bbox 261 5311 1753 5383">
    <p class='ocr_par' dir='ltr' id='par_1_84' title="bbox 261 5311 1753 5383">
     <span class='ocr_line' id='line_1_85' title="bbox 261 5311 1753 5383; baseline 0.001 -19"><span class='ocrx_word' id='word_1_590' title='bbox 261 5329 278 5364; x_wconf 81' lang='grc' dir='ltr'><strong>ι</strong></span> <span class='ocrx_word' id='word_1_591' title='bbox 334 5313 548 5367; x_wconf 84' lang='grc' dir='ltr'>λιοστοῦ</span> <span class='ocrx_word' id='word_1_592' title='bbox 587 5311 886 5366; x_wconf 78' lang='grc' dir='ltr'>ὲκατοστοῦ</span> <span class='ocrx_word' id='word_1_593' title='bbox 929 5313 1150 5365; x_wconf 71' lang='grc' dir='ltr'>ἐννὰτου</span> <span class='ocrx_word' id='word_1_594' title='bbox 1195 5313 1330 5383; x_wconf 73' lang='lat'><strong>(5&#39;7),</strong></span> <span class='ocrx_word' id='word_1_595' title='bbox 1386 5312 1753 5374; x_wconf 78' lang='grc' dir='ltr'>δουλωθέντας</span> 
     </span>
    </p>
   </div>
   <div class='ocr_carea' id='block_1_85' title="bbox 2482 3286 2837 3346">
    <p class='ocr_par' dir='ltr' id='par_1_85' title="bbox 2482 3286 2837 3346">
     <span class='ocr_line' id='line_1_86' title="bbox 2482 3286 2837 3346; baseline 0.017 -6"><span class='ocrx_word' id='word_1_596' title='bbox 2482 3286 2711 3344; x_wconf 74' lang='lat' dir='ltr'><strong>CANON</strong></span> <span class='ocrx_word' id='word_1_597' title='bbox 2745 3290 2837 3346; x_wconf 87' lang='grc' dir='ltr'><strong>ΙΙΙ.</strong></span> 
     </span>
    </p>
   </div>
   <div class='ocr_carea' id='block_1_86' title="bbox 1884 3371 3453 3458">
    <p class='ocr_par' dir='ltr' id='par_1_86' title="bbox 1884 3371 3453 3458">
     <span class='ocr_line' id='line_1_87' title="bbox 1884 3371 3453 3458; baseline 0.02 -38"><span class='ocrx_word' id='word_1_598' title='bbox 1884 3388 1902 3420; x_wconf 80' lang='grc' dir='ltr'><strong>ι</strong></span> <span class='ocrx_word' id='word_1_599' title='bbox 1950 3371 2215 3437; x_wconf 85' lang='lat' dir='ltr'><strong>Quoniam</strong></span> <span class='ocrx_word' id='word_1_600' title='bbox 2259 3375 2378 3443; x_wconf 86' lang='lat' dir='ltr'><strong>pius</strong></span> <span class='ocrx_word' id='word_1_601' title='bbox 2419 3376 2731 3448; x_wconf 85' lang='lat' dir='ltr'><strong>Christique</strong></span> <span class='ocrx_word' id='word_1_602' title='bbox 2781 3393 2993 3439; x_wconf 88' lang='lat' dir='ltr'><strong>amator</strong></span> <span class='ocrx_word' id='word_1_603' title='bbox 3026 3386 3327 3458; x_wconf 89' lang='lat' dir='ltr'><strong>imperator</strong></span> <span class='ocrx_word' id='word_1_604' title='bbox 3356 3410 3453 3452; x_wconf 90' lang='lat' dir='ltr'><strong>no-</strong></span> 
     </span>
    </p>
   </div>
   <div class='ocr_carea' id='block_1_87' title="bbox 1950 3464 3452 3549">
    <p class='ocr_par' dir='ltr' id='par_1_87' title="bbox 1950 3464 3452 3549">
     <span class='ocr_line' id='line_1_88' title="bbox 1950 3464 3452 3549; baseline 0.02 -37"><span class='ocrx_word' id='word_1_605' title='bbox 1950 3479 1968 3512; x_wconf 80' lang='grc' dir='ltr'><strong>ι</strong></span> <span class='ocrx_word' id='word_1_606' title='bbox 2019 3471 2133 3518; x_wconf 88' lang='lat' dir='ltr'><strong>ster</strong></span> <span class='ocrx_word' id='word_1_607' title='bbox 2161 3464 2302 3520; x_wconf 88' lang='lat' dir='ltr'><strong>hanc</strong></span> <span class='ocrx_word' id='word_1_608' title='bbox 2318 3477 2561 3522; x_wconf 88' lang='lat' dir='ltr'><strong>sanctam</strong></span> <span class='ocrx_word' id='word_1_609' title='bbox 2586 3479 2639 3524; x_wconf 91' lang='lat' dir='ltr'><strong>et</strong></span> <span class='ocrx_word' id='word_1_610' title='bbox 2671 3473 3029 3530; x_wconf 79' lang='lat' dir='ltr'><strong>universalem</strong></span> <span class='ocrx_word' id='word_1_611' title='bbox 3063 3483 3329 3549; x_wconf 87' lang='lat' dir='ltr'><strong>synodum</strong></span> <span class='ocrx_word' id='word_1_612' title='bbox 3369 3488 3452 3542; x_wconf 85' lang='lat' dir='ltr'><strong>al-</strong></span> 
     </span>
    </p>
   </div>
   <div class='ocr_carea' id='block_1_88' title="bbox 1950 3553 3455 3641">
    <p class='ocr_par' dir='ltr' id='par_1_88' title="bbox 1950 3553 3455 3641">
     <span class='ocr_line' id='line_1_89' title="bbox 1950 3553 3455 3641; baseline 0.019 -38"><span class='ocrx_word' id='word_1_613' title='bbox 1950 3573 1967 3603; x_wconf 76' lang='grc' dir='ltr'><strong>ι</strong></span> <span class='ocrx_word' id='word_1_614' title='bbox 2019 3553 2229 3611; x_wconf 87' lang='lat' dir='ltr'><strong>locutus</strong></span> <span class='ocrx_word' id='word_1_615' title='bbox 2282 3568 2387 3623; x_wconf 86' lang='lat' dir='ltr'><strong>est,</strong></span> <span class='ocrx_word' id='word_1_616' title='bbox 2443 3569 2503 3613; x_wconf 88' lang='lat' dir='ltr'><strong>ut</strong></span> <span class='ocrx_word' id='word_1_617' title='bbox 2541 3561 2634 3629; x_wconf 86' lang='lat' dir='ltr'><strong>qui</strong></span> <span class='ocrx_word' id='word_1_618' title='bbox 2683 3563 2735 3616; x_wconf 91' lang='lat' dir='ltr'><strong>in</strong></span> <span class='ocrx_word' id='word_1_619' title='bbox 2765 3562 2971 3619; x_wconf 91' lang='lat' dir='ltr'><strong>clerum</strong></span> <span class='ocrx_word' id='word_1_620' title='bbox 3019 3569 3168 3623; x_wconf 90' lang='lat' dir='ltr'><strong>relati</strong></span> <span class='ocrx_word' id='word_1_621' title='bbox 3214 3586 3360 3641; x_wconf 92' lang='lat' dir='ltr'><strong>sunt,</strong></span> <span class='ocrx_word' id='word_1_622' title='bbox 3399 3588 3455 3632; x_wconf 88' lang='lat' dir='ltr'><strong>et</strong></span> 
     </span>
    </p>
   </div>
   <div class='ocr_carea' id='block_1_89' title="bbox 1947 3646 3454 3732">
    <p class='ocr_par' dir='ltr' id='par_1_89' title="bbox 1947 3646 3454 3732">
     <span class='ocr_line' id='line_1_90' title="bbox 1947 3646 3454 3732; baseline 0.019 -36"><span class='ocrx_word' id='word_1_623' title='bbox 1947 3662 1964 3692; x_wconf 86' lang='grc'><strong><em>‹</em></strong></span> <span class='ocrx_word' id='word_1_624' title='bbox 2012 3646 2132 3701; x_wconf 87' lang='lat' dir='ltr'><strong>aliis</strong></span> <span class='ocrx_word' id='word_1_625' title='bbox 2170 3648 2347 3703; x_wconf 87' lang='lat' dir='ltr'><strong>divina</strong></span> <span class='ocrx_word' id='word_1_626' title='bbox 2385 3652 2781 3718; x_wconf 87' lang='lat' dir='ltr'><strong>transmittunt,</strong></span> <span class='ocrx_word' id='word_1_627' title='bbox 2805 3668 2969 3723; x_wconf 81' lang='lat' dir='ltr'><strong>puros</strong></span> <span class='ocrx_word' id='word_1_628' title='bbox 3004 3668 3110 3713; x_wconf 90' lang='lat' dir='ltr'><strong>eta</strong></span> <span class='ocrx_word' id='word_1_629' title='bbox 3158 3667 3454 3732; x_wconf 74' lang='lat' dir='ltr'><strong>reprelien-</strong></span> 
     </span>
    </p>
   </div>
   <div class='ocr_carea' id='block_1_90' title="bbox 1947 3740 3450 3822">
    <p class='ocr_par' dir='ltr' id='par_1_90' title="bbox 1947 3740 3450 3822">
     <span class='ocr_line' id='line_1_91' title="bbox 1947 3740 3450 3822; baseline 0.019 -37"><span class='ocrx_word' id='word_1_630' title='bbox 1947 3754 1965 3785; x_wconf 77' lang='grc' dir='ltr'><strong>ι</strong></span> <span class='ocrx_word' id='word_1_631' title='bbox 2014 3740 2167 3794; x_wconf 91' lang='lat' dir='ltr'><strong>sione</strong></span> <span class='ocrx_word' id='word_1_632' title='bbox 2206 3741 2414 3796; x_wconf 90' lang='lat' dir='ltr'><strong>alienos</strong></span> <span class='ocrx_word' id='word_1_633' title='bbox 2445 3742 2726 3801; x_wconf 86' lang='lat' dir='ltr'><strong>ministros</strong></span> <span class='ocrx_word' id='word_1_634' title='bbox 2760 3747 3035 3815; x_wconf 85' lang='lat' dir='ltr'><strong>efﬁciant,</strong></span> <span class='ocrx_word' id='word_1_635' title='bbox 3066 3755 3208 3822; x_wconf 90' lang='lat' dir='ltr'><strong>quod</strong></span> <span class='ocrx_word' id='word_1_636' title='bbox 3248 3757 3450 3814; x_wconf 84' lang='lat' dir='ltr'><strong>intelli-</strong></span> 
     </span>
    </p>
   </div>
   <div class='ocr_carea' id='block_1_91' title="bbox 1944 3834 3454 3920">
    <p class='ocr_par' dir='ltr' id='par_1_91' title="bbox 1944 3834 3454 3920">
     <span class='ocr_line' id='line_1_92' title="bbox 1944 3834 3454 3920; baseline 0.021 -39"><span class='ocrx_word' id='word_1_637' title='bbox 1944 3850 1962 3881; x_wconf 74' lang='grc' dir='ltr'><strong>ι</strong></span> <span class='ocrx_word' id='word_1_638' title='bbox 2007 3834 2185 3901; x_wconf 81' lang='lat' dir='ltr'><strong>gentia</strong></span> <span class='ocrx_word' id='word_1_639' title='bbox 2236 3837 2572 3907; x_wconf 88' lang='lat' dir='ltr'><strong>percipitur,</strong></span> <span class='ocrx_word' id='word_1_640' title='bbox 2632 3844 2808 3911; x_wconf 76' lang='lat' dir='ltr'><strong>magni</strong></span> <span class='ocrx_word' id='word_1_641' title='bbox 2875 3846 3014 3913; x_wconf 89' lang='lat' dir='ltr'><strong>Dei,</strong></span> <span class='ocrx_word' id='word_1_642' title='bbox 3098 3853 3188 3920; x_wconf 91' lang='lat' dir='ltr'><strong>qui</strong></span> <span class='ocrx_word' id='word_1_643' title='bbox 3247 3867 3331 3910; x_wconf 83' lang='lat' dir='ltr'><strong>est</strong></span> <span class='ocrx_word' id='word_1_644' title='bbox 3397 3868 3454 3911; x_wconf 90' lang='lat' dir='ltr'><strong>et</strong></span> 
     </span>
    </p>
   </div>
   <div class='ocr_carea' id='block_1_92' title="bbox 1947 3926 3454 4014">
    <p class='ocr_par' dir='ltr' id='par_1_92' title="bbox 1947 3926 3454 4014">
     <span class='ocr_line' id='line_1_93' title="bbox 1947 3926 3454 4014; baseline 0.02 -40"><span class='ocrx_word' id='word_1_645' title='bbox 1947 3942 1963 3973; x_wconf 83' lang='grc' dir='ltr'><strong>ι</strong></span> <span class='ocrx_word' id='word_1_646' title='bbox 2018 3926 2344 3980; x_wconf 87' lang='lat' dir='ltr'><strong>sacrilicium</strong></span> <span class='ocrx_word' id='word_1_647' title='bbox 2395 3939 2448 3983; x_wconf 88' lang='lat' dir='ltr'><strong>et</strong></span> <span class='ocrx_word' id='word_1_648' title='bbox 2490 3929 2768 3999; x_wconf 83' lang='lat' dir='ltr'><strong>Pontifex,</strong></span> <span class='ocrx_word' id='word_1_649' title='bbox 2820 3940 3095 3995; x_wconf 87' lang='lat' dir='ltr'><strong>sacriﬁcio</strong></span> <span class='ocrx_word' id='word_1_650' title='bbox 3145 3946 3355 4014; x_wconf 77' lang='lat' dir='ltr'><strong>dignos,</strong></span> <span class='ocrx_word' id='word_1_651' title='bbox 3396 3961 3454 4006; x_wconf 79' lang='lat' dir='ltr'><strong>et</strong></span> 
     </span>
    </p>
   </div>
   <div class='ocr_carea' id='block_1_93' title="bbox 1943 4020 3451 4107">
    <p class='ocr_par' dir='ltr' id='par_1_93' title="bbox 1943 4020 3451 4107">
     <span class='ocr_line' id='line_1_94' title="bbox 1943 4020 3451 4107; baseline 0.021 -39"><span class='ocrx_word' id='word_1_652' title='bbox 1943 4036 1959 4065; x_wconf 78' lang='grc' dir='ltr'><strong>ι</strong></span> <span class='ocrx_word' id='word_1_653' title='bbox 2007 4032 2128 4087; x_wconf 86' lang='lat' dir='ltr'><strong>quae</strong></span> <span class='ocrx_word' id='word_1_654' title='bbox 2169 4034 2231 4073; x_wconf 84' lang='lat' dir='ltr'><strong>ex</strong></span> <span class='ocrx_word' id='word_1_655' title='bbox 2269 4020 2492 4076; x_wconf 87' lang='lat' dir='ltr'><strong>nefariis</strong></span> <span class='ocrx_word' id='word_1_656' title='bbox 2527 4027 2731 4093; x_wconf 87' lang='lat' dir='ltr'><strong>nuptiis</strong></span> <span class='ocrx_word' id='word_1_657' title='bbox 2771 4029 2834 4083; x_wconf 91' lang='lat' dir='ltr'><strong>iis</strong></span> <span class='ocrx_word' id='word_1_658' title='bbox 2865 4031 3039 4087; x_wconf 89' lang='lat' dir='ltr'><strong>inusta</strong></span> <span class='ocrx_word' id='word_1_659' title='bbox 3082 4047 3210 4089; x_wconf 88' lang='lat' dir='ltr'><strong>sunt</strong></span> <span class='ocrx_word' id='word_1_660' title='bbox 3255 4044 3451 4107; x_wconf 87' lang='lat' dir='ltr'><strong>probra</strong></span> 
     </span>
    </p>
   </div>
   <div class='ocr_carea' id='block_1_94' title="bbox 1943 4111 3450 4203">
    <p class='ocr_par' dir='ltr' id='par_1_94' title="bbox 1943 4111 3450 4203">
     <span class='ocr_line' id='line_1_95' title="bbox 1943 4111 3450 4203; baseline 0.021 -44"><span class='ocrx_word' id='word_1_661' title='bbox 1943 4128 1961 4159; x_wconf 77' lang='grc' dir='ltr'><strong>ι</strong></span> <span class='ocrx_word' id='word_1_662' title='bbox 2009 4124 2073 4163; x_wconf 89' lang='lat' dir='ltr'><strong>ac</strong></span> <span class='ocrx_word' id='word_1_663' title='bbox 2109 4111 2377 4166; x_wconf 87' lang='lat' dir='ltr'><strong>dedecora</strong></span> <span class='ocrx_word' id='word_1_664' title='bbox 2425 4129 2715 4188; x_wconf 84' lang='lat' dir='ltr'><strong>repurgeut</strong></span> <span class='ocrx_word' id='word_1_665' title='bbox 2754 4139 2766 4173; x_wconf 93' lang='lat'><strong>:</strong></span> <span class='ocrx_word' id='word_1_666' title='bbox 2809 4134 2862 4175; x_wconf 90' lang='lat' dir='ltr'><strong>et</strong></span> <span class='ocrx_word' id='word_1_667' title='bbox 2894 4137 3156 4192; x_wconf 80' lang='lat' dir='ltr'><strong>praeterea</strong></span> <span class='ocrx_word' id='word_1_668' title='bbox 3198 4132 3286 4186; x_wconf 92' lang='lat' dir='ltr'><strong>alii</strong></span> <span class='ocrx_word' id='word_1_669' title='bbox 3326 4136 3450 4203; x_wconf 88' lang='lat' dir='ltr'><strong>qui-</strong></span> 
     </span>
    </p>
   </div>
   <div class='ocr_carea' id='block_1_95' title="bbox 1940 4202 3450 4281">
    <p class='ocr_par' dir='ltr' id='par_1_95' title="bbox 1940 4202 3450 4281">
     <span class='ocr_line' id='line_1_96' title="bbox 1940 4202 3450 4281; baseline 0.019 -28"><span class='ocrx_word' id='word_1_670' title='bbox 1940 4219 1958 4249; x_wconf 76' lang='grc' dir='ltr'><strong>ι</strong></span> <span class='ocrx_word' id='word_1_671' title='bbox 2008 4202 2129 4257; x_wconf 91' lang='lat' dir='ltr'><strong>dem</strong></span> <span class='ocrx_word' id='word_1_672' title='bbox 2177 4206 2535 4262; x_wconf 77' lang='lat' dir='ltr'><strong>sanctissimae</strong></span> <span class='ocrx_word' id='word_1_673' title='bbox 2579 4211 2952 4269; x_wconf 80' lang='lat' dir='ltr'><strong>Romanorum</strong></span> <span class='ocrx_word' id='word_1_674' title='bbox 3004 4219 3261 4277; x_wconf 52' lang='lat' dir='ltr'><strong>Ecclesiae</strong></span> <span class='ocrx_word' id='word_1_675' title='bbox 3319 4202 3450 4281; x_wconf 62' lang='grc' dir='ltr'>ετα-</span> 
     </span>
    </p>
   </div>
   <div class='ocr_carea' id='block_1_96' title="bbox 1941 4295 3448 4384">
    <p class='ocr_par' dir='ltr' id='par_1_96' title="bbox 1941 4295 3448 4384">
     <span class='ocr_line' id='line_1_97' title="bbox 1941 4295 3448 4384; baseline 0.018 -38"><span class='ocrx_word' id='word_1_676' title='bbox 1941 4311 1957 4344; x_wconf 80' lang='lat' dir='ltr'><strong>t</strong></span> <span class='ocrx_word' id='word_1_677' title='bbox 2003 4295 2303 4352; x_wconf 90' lang='lat' dir='ltr'><strong>ctissimum</strong></span> <span class='ocrx_word' id='word_1_678' title='bbox 2360 4314 2623 4355; x_wconf 84' lang='lat' dir='ltr'><strong>canoncm</strong></span> <span class='ocrx_word' id='word_1_679' title='bbox 2694 4309 3020 4362; x_wconf 87' lang='lat' dir='ltr'><strong>servandum</strong></span> <span class='ocrx_word' id='word_1_680' title='bbox 3102 4328 3448 4384; x_wconf 88' lang='lat' dir='ltr'><strong>preponant;</strong></span> 
     </span>
    </p>
   </div>
   <div class='ocr_carea' id='block_1_97' title="bbox 1950 4388 3451 4473">
    <p class='ocr_par' dir='ltr' id='par_1_97' title="bbox 1950 4388 3451 4473">
     <span class='ocr_line' id='line_1_98' title="bbox 1950 4388 3451 4473; baseline 0.019 -38"><span class='ocrx_word' id='word_1_681' title='bbox 1950 4407 1966 4435; x_wconf 76' lang='grc' dir='ltr'><strong>ι</strong></span> <span class='ocrx_word' id='word_1_682' title='bbox 2010 4388 2102 4443; x_wconf 91' lang='lat' dir='ltr'><strong>alii</strong></span> <span class='ocrx_word' id='word_1_683' title='bbox 2133 4404 2283 4455; x_wconf 92' lang='lat' dir='ltr'><strong>vero,</strong></span> <span class='ocrx_word' id='word_1_684' title='bbox 2313 4393 2412 4445; x_wconf 89' lang='lat' dir='ltr'><strong>sub</strong></span> <span class='ocrx_word' id='word_1_685' title='bbox 2447 4392 2547 4446; x_wconf 87' lang='lat' dir='ltr'><strong>hoc</strong></span> <span class='ocrx_word' id='word_1_686' title='bbox 2572 4392 2663 4448; x_wconf 86' lang='lat' dir='ltr'><strong>Dei</strong></span> <span class='ocrx_word' id='word_1_687' title='bbox 2701 4395 3087 4457; x_wconf 87' lang='lat' dir='ltr'><strong>observatrieis</strong></span> <span class='ocrx_word' id='word_1_688' title='bbox 3132 4414 3184 4457; x_wconf 91' lang='lat' dir='ltr'><strong>et</strong></span> <span class='ocrx_word' id='word_1_689' title='bbox 3218 4405 3451 4473; x_wconf 87' lang='lat' dir='ltr'><strong>impera-</strong></span> 
     </span>
    </p>
   </div>
   <div class='ocr_carea' id='block_1_98' title="bbox 1943 4482 3452 4557">
    <p class='ocr_par' dir='ltr' id='par_1_98' title="bbox 1943 4482 3452 4557">
     <span class='ocr_line' id='line_1_99' title="bbox 1943 4482 3452 4557; baseline 0.013 -22"><span class='ocrx_word' id='word_1_690' title='bbox 1943 4503 1961 4535; x_wconf 80' lang='grc' dir='ltr'><strong>ι</strong></span> <span class='ocrx_word' id='word_1_691' title='bbox 2011 4482 2163 4537; x_wconf 73' lang='lat' dir='ltr'><strong>toria:</strong></span> <span class='ocrx_word' id='word_1_692' title='bbox 2206 4482 2358 4538; x_wconf 90' lang='lat' dir='ltr'><strong>urbis</strong></span> <span class='ocrx_word' id='word_1_693' title='bbox 2408 4483 2625 4549; x_wconf 88' lang='lat' dir='ltr'><strong>throno,</strong></span> <span class='ocrx_word' id='word_1_694' title='bbox 2659 4489 2802 4557; x_wconf 86' lang='lat' dir='ltr'><strong>quod</strong></span> <span class='ocrx_word' id='word_1_695' title='bbox 2851 4488 2953 4545; x_wconf 89' lang='lat' dir='ltr'><strong>fuit</strong></span> <span class='ocrx_word' id='word_1_696' title='bbox 2995 4493 3352 4553; x_wconf 82' lang='lat' dir='ltr'><strong>humanitatis</strong></span> <span class='ocrx_word' id='word_1_697' title='bbox 3396 4514 3452 4555; x_wconf 90' lang='lat' dir='ltr'><strong>et</strong></span> 
     </span>
    </p>
   </div>
   <div class='ocr_carea' id='block_1_99' title="bbox 1945 4576 3450 4652">
    <p class='ocr_par' dir='ltr' id='par_1_99' title="bbox 1945 4576 3450 4652">
     <span class='ocr_line' id='line_1_100' title="bbox 1945 4576 3450 4652; baseline 0.013 -25"><span class='ocrx_word' id='word_1_698' title='bbox 1945 4596 1962 4627; x_wconf 65' lang='lat'><strong>1</strong></span> <span class='ocrx_word' id='word_1_699' title='bbox 1990 4576 2419 4647; x_wconf 66' lang='lat' dir='ltr'><strong>misericordiae,</strong></span> <span class='ocrx_word' id='word_1_700' title='bbox 2466 4579 2712 4648; x_wconf 91' lang='lat' dir='ltr'><strong>utrisque</strong></span> <span class='ocrx_word' id='word_1_701' title='bbox 2762 4591 2988 4652; x_wconf 90' lang='lat' dir='ltr'><strong>paternc</strong></span> <span class='ocrx_word' id='word_1_702' title='bbox 3033 4586 3194 4641; x_wconf 91' lang='lat' dir='ltr'><strong>simul</strong></span> <span class='ocrx_word' id='word_1_703' title='bbox 3239 4599 3293 4644; x_wconf 92' lang='lat' dir='ltr'><strong>et</strong></span> <span class='ocrx_word' id='word_1_704' title='bbox 3320 4592 3450 4646; x_wconf 87' lang='lat' dir='ltr'><strong>reli-</strong></span> 
     </span>
    </p>
   </div>
   <div class='ocr_carea' id='block_1_100' title="bbox 1943 4669 3448 4743">
    <p class='ocr_par' dir='ltr' id='par_1_100' title="bbox 1943 4669 3448 4743">
     <span class='ocr_line' id='line_1_101' title="bbox 1943 4669 3448 4743; baseline 0.013 -23"><span class='ocrx_word' id='word_1_705' title='bbox 1943 4688 1958 4720; x_wconf 85' lang='grc' dir='ltr'><strong>ι</strong></span> <span class='ocrx_word' id='word_1_706' title='bbox 2007 4669 2159 4739; x_wconf 82' lang='lat' dir='ltr'><strong>giose</strong></span> <span class='ocrx_word' id='word_1_707' title='bbox 2217 4669 2415 4735; x_wconf 89' lang='lat' dir='ltr'><strong>mistis,</strong></span> <span class='ocrx_word' id='word_1_708' title='bbox 2456 4679 2515 4724; x_wconf 92' lang='lat' dir='ltr'><strong>ut</strong></span> <span class='ocrx_word' id='word_1_709' title='bbox 2564 4686 2739 4740; x_wconf 89' lang='lat' dir='ltr'><strong>neque</strong></span> <span class='ocrx_word' id='word_1_710' title='bbox 2792 4676 2935 4743; x_wconf 86' lang='lat' dir='ltr'><strong>quod</strong></span> <span class='ocrx_word' id='word_1_711' title='bbox 2989 4687 3071 4732; x_wconf 88' lang='lat' dir='ltr'><strong>est</strong></span> <span class='ocrx_word' id='word_1_712' title='bbox 3111 4680 3241 4735; x_wconf 90' lang='lat' dir='ltr'><strong>mite</strong></span> <span class='ocrx_word' id='word_1_713' title='bbox 3290 4682 3448 4741; x_wconf 87' lang='lat' dir='ltr'><strong>nimis</strong></span> 
     </span>
    </p>
   </div>
   <div class='ocr_carea' id='block_1_101' title="bbox 1943 4760 3443 4840">
    <p class='ocr_par' dir='ltr' id='par_1_101' title="bbox 1943 4760 3443 4840">
     <span class='ocr_line' id='line_1_102' title="bbox 1943 4760 3443 4840; baseline 0.005 -26"><span class='ocrx_word' id='word_1_714' title='bbox 1943 4780 1961 4814; x_wconf 85' lang='grc' dir='ltr'><strong>ι</strong></span> <span class='ocrx_word' id='word_1_715' title='bbox 2008 4762 2279 4826; x_wconf 88' lang='lat' dir='ltr'><strong>strictum,</strong></span> <span class='ocrx_word' id='word_1_716' title='bbox 2308 4760 2660 4831; x_wconf 91' lang='lat' dir='ltr'><strong>dissolutum,</strong></span> <span class='ocrx_word' id='word_1_717' title='bbox 2681 4771 3014 4836; x_wconf 79' lang='lat' dir='ltr'><strong>nequequod</strong></span> <span class='ocrx_word' id='word_1_718' title='bbox 3045 4780 3443 4840; x_wconf 65' lang='lat' dir='ltr'><strong>estausterum,</strong></span> 
     </span>
    </p>
   </div>
   <div class='ocr_carea' id='block_1_102' title="bbox 1944 4853 3448 4933">
    <p class='ocr_par' dir='ltr' id='par_1_102' title="bbox 1944 4853 3448 4933">
     <span class='ocr_line' id='line_1_103' title="bbox 1944 4853 3448 4933; baseline 0.011 -29"><span class='ocrx_word' id='word_1_719' title='bbox 1944 4870 1962 4904; x_wconf 85' lang='grc' dir='ltr'><strong>ι</strong></span> <span class='ocrx_word' id='word_1_720' title='bbox 2012 4853 2411 4923; x_wconf 87' lang='lat' dir='ltr'><strong>relinquamus;</strong></span> <span class='ocrx_word' id='word_1_721' title='bbox 2480 4862 2534 4908; x_wconf 92' lang='lat' dir='ltr'><strong>et</strong></span> <span class='ocrx_word' id='word_1_722' title='bbox 2580 4855 2815 4910; x_wconf 81' lang='lat' dir='ltr'><strong>maxime</strong></span> <span class='ocrx_word' id='word_1_723' title='bbox 2858 4871 2978 4912; x_wconf 91' lang='lat' dir='ltr'><strong>cum</strong></span> <span class='ocrx_word' id='word_1_724' title='bbox 3025 4876 3087 4914; x_wconf 84' lang='lat' dir='ltr'><strong>ex</strong></span> <span class='ocrx_word' id='word_1_725' title='bbox 3145 4863 3448 4933; x_wconf 80' lang='lat' dir='ltr'><strong>ignorantia</strong></span> 
     </span>
    </p>
   </div>
   <div class='ocr_carea' id='block_1_103' title="bbox 1943 4943 3450 5019">
    <p class='ocr_par' dir='ltr' id='par_1_103' title="bbox 1943 4943 3450 5019">
     <span class='ocr_line' id='line_1_104' title="bbox 1943 4943 3450 5019; baseline 0.012 -24"><span class='ocrx_word' id='word_1_726' title='bbox 1943 4962 1961 4995; x_wconf 83' lang='grc' dir='ltr'><strong>ι</strong></span> <span class='ocrx_word' id='word_1_727' title='bbox 2010 4944 2190 5012; x_wconf 87' lang='lat' dir='ltr'><strong>lapsus</strong></span> <span class='ocrx_word' id='word_1_728' title='bbox 2234 4943 2285 4997; x_wconf 90' lang='lat' dir='ltr'><strong>in</strong></span> <span class='ocrx_word' id='word_1_729' title='bbox 2325 4957 2430 4996; x_wconf 91' lang='lat' dir='ltr'><strong>non</strong></span> <span class='ocrx_word' id='word_1_730' title='bbox 2455 4944 2703 5013; x_wconf 80' lang='lat' dir='ltr'><strong>exiguam</strong></span> <span class='ocrx_word' id='word_1_731' title='bbox 2740 4947 2899 5019; x_wconf 77' lang='lat'><strong>160</strong></span> <span class='ocrx_word' id='word_1_732' title='bbox 2934 4951 3213 5008; x_wconf 86' lang='lat' dir='ltr'><strong>hominum</strong></span> <span class='ocrx_word' id='word_1_733' title='bbox 3262 4958 3450 5013; x_wconf 90' lang='lat' dir='ltr'><strong>multi-</strong></span> 
     </span>
    </p>
   </div>
   <div class='ocr_carea' id='block_1_104' title="bbox 1944 5032 3447 5104">
    <p class='ocr_par' dir='ltr' id='par_1_104' title="bbox 1944 5032 3447 5104">
     <span class='ocr_line' id='line_1_105' title="bbox 1944 5032 3447 5104; baseline 0.013 -20"><span class='ocrx_word' id='word_1_734' title='bbox 1944 5052 1962 5084; x_wconf 78' lang='grc' dir='ltr'><strong>ι</strong></span> <span class='ocrx_word' id='word_1_735' title='bbox 2014 5032 2253 5087; x_wconf 88' lang='lat' dir='ltr'><strong>tudinem</strong></span> <span class='ocrx_word' id='word_1_736' title='bbox 2304 5032 2583 5100; x_wconf 87' lang='lat' dir='ltr'><strong>pervadat,</strong></span> <span class='ocrx_word' id='word_1_737' title='bbox 2638 5049 2829 5093; x_wconf 88' lang='lat' dir='ltr'><strong>omnes</strong></span> <span class='ocrx_word' id='word_1_738' title='bbox 2889 5039 3051 5095; x_wconf 87' lang='lat' dir='ltr'><strong>simul</strong></span> <span class='ocrx_word' id='word_1_739' title='bbox 3100 5043 3447 5104; x_wconf 87' lang='lat' dir='ltr'><strong>decernimus</strong></span> 
     </span>
    </p>
   </div>
   <div class='ocr_carea' id='block_1_105' title="bbox 1944 5125 3449 5206">
    <p class='ocr_par' dir='ltr' id='par_1_105' title="bbox 1944 5125 3449 5206">
     <span class='ocr_line' id='line_1_106' title="bbox 1944 5125 3449 5206; baseline 0.01 -28"><span class='ocrx_word' id='word_1_740' title='bbox 1944 5146 1962 5178; x_wconf 79' lang='grc' dir='ltr'><strong>ι</strong></span> <span class='ocrx_word' id='word_1_741' title='bbox 2008 5141 2101 5181; x_wconf 91' lang='lat' dir='ltr'><strong>eos</strong></span> <span class='ocrx_word' id='word_1_742' title='bbox 2154 5125 2246 5195; x_wconf 87' lang='lat' dir='ltr'><strong>qui</strong></span> <span class='ocrx_word' id='word_1_743' title='bbox 2292 5125 2499 5180; x_wconf 88' lang='lat' dir='ltr'><strong>duobus</strong></span> <span class='ocrx_word' id='word_1_744' title='bbox 2529 5125 2750 5193; x_wconf 91' lang='lat' dir='ltr'><strong>quidem</strong></span> <span class='ocrx_word' id='word_1_745' title='bbox 2788 5132 3153 5189; x_wconf 89' lang='lat' dir='ltr'><strong>matrimoniis</strong></span> <span class='ocrx_word' id='word_1_746' title='bbox 3184 5135 3449 5206; x_wconf 90' lang='lat' dir='ltr'><strong>implicati</strong></span> 
     </span>
    </p>
   </div>
   <div class='ocr_carea' id='block_1_106' title="bbox 1939 5216 3447 5290">
    <p class='ocr_par' dir='ltr' id='par_1_106' title="bbox 1939 5216 3447 5290">
     <span class='ocr_line' id='line_1_107' title="bbox 1939 5216 3447 5290; baseline 0.009 -20"><span class='ocrx_word' id='word_1_747' title='bbox 1939 5238 1956 5270; x_wconf 81' lang='grc' dir='ltr'><strong>ι</strong></span> <span class='ocrx_word' id='word_1_748' title='bbox 2006 5220 2176 5286; x_wconf 89' lang='lat' dir='ltr'><strong>fuere,</strong></span> <span class='ocrx_word' id='word_1_749' title='bbox 2212 5226 2266 5272; x_wconf 87' lang='lat' dir='ltr'><strong>et.</strong></span> <span class='ocrx_word' id='word_1_750' title='bbox 2297 5232 2469 5286; x_wconf 89' lang='lat' dir='ltr'><strong>usque</strong></span> <span class='ocrx_word' id='word_1_751' title='bbox 2517 5216 2584 5271; x_wconf 89' lang='lat' dir='ltr'><strong>ad</strong></span> <span class='ocrx_word' id='word_1_752' title='bbox 2614 5217 2681 5272; x_wconf 75' lang='grc'><strong>15</strong></span> <span class='ocrx_word' id='word_1_753' title='bbox 2723 5223 2983 5290; x_wconf 65' lang='lat' dir='ltr'><strong>praeteriti</strong></span> <span class='ocrx_word' id='word_1_754' title='bbox 3029 5228 3232 5282; x_wconf 88' lang='lat' dir='ltr'><strong>mensis</strong></span> <span class='ocrx_word' id='word_1_755' title='bbox 3272 5228 3447 5286; x_wconf 85' lang='lat' dir='ltr'><strong>Janu-</strong></span> 
     </span>
    </p>
   </div>
   <div class='ocr_carea' id='block_1_107' title="bbox 1936 5306 3446 5389">
    <p class='ocr_par' dir='ltr' id='par_1_107' title="bbox 1936 5306 3446 5389">
     <span class='ocr_line' id='line_1_108' title="bbox 1936 5306 3446 5389; baseline 0.007 -28"><span class='ocrx_word' id='word_1_756' title='bbox 1936 5326 1954 5361; x_wconf 81' lang='grc' dir='ltr'><strong>ι</strong></span> <span class='ocrx_word' id='word_1_757' title='bbox 2002 5309 2146 5375; x_wconf 87' lang='lat' dir='ltr'><strong>arii,</strong></span> <span class='ocrx_word' id='word_1_758' title='bbox 2181 5307 2471 5378; x_wconf 64' lang='lat' dir='ltr'><strong>praeteritae</strong></span> <span class='ocrx_word' id='word_1_759' title='bbox 2530 5306 2562 5361; x_wconf 73' lang='grc'><strong>4</strong></span> <span class='ocrx_word' id='word_1_760' title='bbox 2616 5308 2947 5378; x_wconf 88' lang='lat' dir='ltr'><strong>indictionis,</strong></span> <span class='ocrx_word' id='word_1_761' title='bbox 2981 5318 3107 5368; x_wconf 91' lang='lat' dir='ltr'><strong>anni</strong></span> <span class='ocrx_word' id='word_1_762' title='bbox 3153 5316 3292 5373; x_wconf 77' lang='lat'><strong>6109</strong></span> <span class='ocrx_word' id='word_1_763' title='bbox 3323 5335 3446 5389; x_wconf 89' lang='lat' dir='ltr'><strong>pec-</strong></span> 
     </span>
    </p>
   </div>
   <div class='ocr_carea' id='block_1_108' title="bbox 1366 5425 2171 5506">
    <p class='ocr_par' dir='ltr' id='par_1_108' title="bbox 1366 5425 2171 5506">
     <span class='ocr_line' id='line_1_109' title="bbox 1366 5425 2171 5506; baseline -0.002 -17"><span class='ocrx_word' id='word_1_764' title='bbox 1366 5426 1567 5489; x_wconf 85' lang='lat' dir='ltr'><strong>Guiil.</strong></span> <span class='ocrx_word' id='word_1_765' title='bbox 1597 5425 1932 5506; x_wconf 79' lang='lat' dir='ltr'><strong>Beveregii</strong></span> <span class='ocrx_word' id='word_1_766' title='bbox 1978 5434 2171 5487; x_wconf 66' lang='lat' dir='ltr'><strong>notae.</strong></span> 
     </span>
    </p>
   </div>
   <div class='ocr_carea' id='block_1_109' title="bbox 258 5529 1760 5602">
    <p class='ocr_par' dir='ltr' id='par_1_109' title="bbox 258 5529 1760 5602">
     <span class='ocr_line' id='line_1_110' title="bbox 258 5529 1760 5602; baseline -0.001 -15"><span class='ocrx_word' id='word_1_767' title='bbox 258 5533 367 5602; x_wconf 72' lang='lat'><strong>(57)</strong></span> <span class='ocrx_word' id='word_1_768' title='bbox 415 5535 637 5598; x_wconf 82' lang='grc' dir='ltr'>Ἔτους</span> <span class='ocrx_word' id='word_1_769' title='bbox 702 5529 1237 5601; x_wconf 76' lang='grc' dir='ltr'>ἑξακισχιλιοστοῦ</span> <span class='ocrx_word' id='word_1_770' title='bbox 1286 5529 1624 5585; x_wconf 70' lang='grc' dir='ltr'>ἑκατοστοῦ</span> <span class='ocrx_word' id='word_1_771' title='bbox 1668 5531 1760 5585; x_wconf 81' lang='grc' dir='ltr'><strong>ἐν·</strong></span> 
     </span>
    </p>
   </div>
   <div class='ocr_carea' id='block_1_110' title="bbox 193 5600 1760 5671">
    <p class='ocr_par' dir='ltr' id='par_1_110' title="bbox 193 5600 1760 5671">
     <span class='ocr_line' id='line_1_111' title="bbox 193 5600 1760 5671; baseline 0 -15"><span class='ocrx_word' id='word_1_772' title='bbox 193 5600 389 5657; x_wconf 70' lang='grc' dir='ltr'>νᾶτοὺ.</span> <span class='ocrx_word' id='word_1_773' title='bbox 458 5604 556 5658; x_wconf 80' lang='lat' dir='ltr'><strong>Hic</strong></span> <span class='ocrx_word' id='word_1_774' title='bbox 608 5619 821 5665; x_wconf 83' lang='lat' dir='ltr'><strong>otttttes,</strong></span> <span class='ocrx_word' id='word_1_775' title='bbox 871 5600 1016 5671; x_wconf 83' lang='lat' dir='ltr'><strong>qttod</strong></span> <span class='ocrx_word' id='word_1_776' title='bbox 1067 5603 1257 5670; x_wconf 79' lang='lat' dir='ltr'><strong>miror,</strong></span> <span class='ocrx_word' id='word_1_777' title='bbox 1302 5602 1481 5659; x_wconf 80' lang='lat' dir='ltr'><strong>Graeci</strong></span> <span class='ocrx_word' id='word_1_778' title='bbox 1538 5603 1760 5657; x_wconf 84' lang='lat' dir='ltr'><strong>codices</strong></span> 
     </span>
    </p>
   </div>
   <div class='ocr_carea' id='block_1_111' title="bbox 200 5674 1758 5745">
    <p class='ocr_par' dir='ltr' id='par_1_111' title="bbox 200 5674 1758 5745">
     <span class='ocr_line' id='line_1_112' title="bbox 200 5674 1758 5745; baseline 0.003 -23"><span class='ocrx_word' id='word_1_779' title='bbox 200 5688 349 5727; x_wconf 85' lang='lat' dir='ltr'><strong>manu</strong></span> <span class='ocrx_word' id='word_1_780' title='bbox 392 5674 627 5745; x_wconf 79' lang='lat' dir='ltr'><strong>exarati,</strong></span> <span class='ocrx_word' id='word_1_781' title='bbox 674 5689 778 5726; x_wconf 86' lang='lat' dir='ltr'><strong>una</strong></span> <span class='ocrx_word' id='word_1_782' title='bbox 807 5687 929 5727; x_wconf 87' lang='lat' dir='ltr'><strong>cum</strong></span> <span class='ocrx_word' id='word_1_783' title='bbox 960 5674 1269 5745; x_wconf 88' lang='lat' dir='ltr'><strong>impressis,</strong></span> <span class='ocrx_word' id='word_1_784' title='bbox 1296 5674 1352 5745; x_wconf 83' lang='lat' dir='ltr'><strong>in</strong></span> <span class='ocrx_word' id='word_1_785' title='bbox 1377 5675 1534 5744; x_wconf 80' lang='lat' dir='ltr'><strong>gravi</strong></span> <span class='ocrx_word' id='word_1_786' title='bbox 1564 5687 1758 5727; x_wconf 86' lang='lat' dir='ltr'><strong>errore</strong></span> 
     </span>
    </p>
   </div>
   <div class='ocr_carea' id='block_1_112' title="bbox 198 5742 1756 5812">
    <p class='ocr_par' dir='ltr' id='par_1_112' title="bbox 198 5742 1756 5812">
     <span class='ocr_line' id='line_1_113' title="bbox 198 5742 1756 5812; baseline 0.002 -19"><span class='ocrx_word' id='word_1_787' title='bbox 198 5745 526 5810; x_wconf 84' lang='lat' dir='ltr'><strong>conspirant.</strong></span> <span class='ocrx_word' id='word_1_788' title='bbox 561 5743 753 5799; x_wconf 79' lang='lat' dir='ltr'><strong>Patres</strong></span> <span class='ocrx_word' id='word_1_789' title='bbox 782 5745 930 5800; x_wconf 83' lang='lat' dir='ltr'><strong>enim</strong></span> <span class='ocrx_word' id='word_1_790' title='bbox 986 5742 1093 5803; x_wconf 81' lang='lat' dir='ltr'><strong>hoc</strong></span> <span class='ocrx_word' id='word_1_791' title='bbox 1146 5745 1272 5802; x_wconf 85' lang='lat' dir='ltr'><strong>loco</strong></span> <span class='ocrx_word' id='word_1_792' title='bbox 1324 5742 1541 5812; x_wconf 60' lang='lat' dir='ltr'><strong>de&#39;tpsn</strong></span> <span class='ocrx_word' id='word_1_793' title='bbox 1589 5757 1756 5808; x_wconf 88' lang='lat' dir='ltr'><strong>anno,</strong></span> 
     </span>
    </p>
   </div>
   <div class='ocr_carea' id='block_1_113' title="bbox 1870 5530 3443 5609">
    <p class='ocr_par' dir='ltr' id='par_1_113' title="bbox 1870 5530 3443 5609">
     <span class='ocr_line' id='line_1_114' title="bbox 1870 5530 3443 5609; baseline 0.006 -24"><span class='ocrx_word' id='word_1_794' title='bbox 1870 5547 1983 5601; x_wconf 91' lang='lat' dir='ltr'><strong>quo</strong></span> <span class='ocrx_word' id='word_1_795' title='bbox 2016 5530 2454 5609; x_wconf 78' lang='lat' dir='ltr'><strong>Itanc_synodum</strong></span> <span class='ocrx_word' id='word_1_796' title='bbox 2485 5532 2790 5597; x_wconf 86' lang='lat' dir='ltr'><strong>celebrant,</strong></span> <span class='ocrx_word' id='word_1_797' title='bbox 2826 5534 3150 5609; x_wconf 80' lang='lat' dir='ltr'><strong>loquuntur,</strong></span> <span class='ocrx_word' id='word_1_798' title='bbox 3179 5539 3443 5609; x_wconf 78' lang='lat' dir='ltr'><strong>quiittxta</strong></span> 
     </span>
    </p>
   </div>
   <div class='ocr_carea' id='block_1_114' title="bbox 1870 5600 3439 5673">
    <p class='ocr_par' dir='ltr' id='par_1_114' title="bbox 1870 5600 3439 5673">
     <span class='ocr_line' id='line_1_115' title="bbox 1870 5600 3439 5673; baseline 0.006 -17"><span class='ocrx_word' id='word_1_799' title='bbox 1870 5600 2014 5656; x_wconf 88' lang='lat' dir='ltr'><strong>ltauc</strong></span> <span class='ocrx_word' id='word_1_800' title='bbox 2051 5600 2335 5673; x_wconf 67' lang='lat' dir='ltr'><strong>lectionem</strong></span> <span class='ocrx_word' id='word_1_801' title='bbox 2363 5611 2481 5656; x_wconf 83' lang='lat' dir='ltr'><strong>erat</strong></span> <span class='ocrx_word' id='word_1_802' title='bbox 2511 5620 2690 5659; x_wconf 89' lang='lat' dir='ltr'><strong>annus</strong></span> <span class='ocrx_word' id='word_1_803' title='bbox 2724 5622 2751 5656; x_wconf 90' lang='lat' dir='ltr'><strong>a</strong></span> <span class='ocrx_word' id='word_1_804' title='bbox 2796 5600 2998 5659; x_wconf 85' lang='lat' dir='ltr'><strong>mundo</strong></span> <span class='ocrx_word' id='word_1_805' title='bbox 3015 5600 3238 5662; x_wconf 64' lang='lat' dir='ltr'><strong>condit&#39;o</strong></span> <span class='ocrx_word' id='word_1_806' title='bbox 3276 5600 3439 5673; x_wconf 76' lang='lat' dir='ltr'><strong>6t09,</strong></span> 
     </span>
    </p>
   </div>
   <div class='ocr_carea' id='block_1_115' title="bbox 1872 5671 3439 5735">
    <p class='ocr_par' dir='ltr' id='par_1_115' title="bbox 1872 5671 3439 5735">
     <span class='ocr_line' id='line_1_116' title="bbox 1872 5671 3439 5735; baseline 0.005 -10"><span class='ocrx_word' id='word_1_807' title='bbox 1872 5673 2063 5727; x_wconf 88' lang='lat' dir='ltr'><strong>indict.</strong></span> <span class='ocrx_word' id='word_1_808' title='bbox 2094 5673 2150 5728; x_wconf 74' lang='grc'><strong>4.</strong></span> <span class='ocrx_word' id='word_1_809' title='bbox 2184 5671 2260 5724; x_wconf 85' lang='lat' dir='ltr'><strong>Ex</strong></span> <span class='ocrx_word' id='word_1_810' title='bbox 2296 5672 2618 5730; x_wconf 82' lang='lat' dir='ltr'><strong>ittdietiottis</strong></span> <span class='ocrx_word' id='word_1_811' title='bbox 2655 5675 2931 5729; x_wconf 87' lang='lat' dir='ltr'><strong>mentione</strong></span> <span class='ocrx_word' id='word_1_812' title='bbox 2963 5687 3179 5731; x_wconf 86' lang='lat' dir='ltr'><strong>constat</strong></span> <span class='ocrx_word' id='word_1_813' title='bbox 3225 5671 3439 5735; x_wconf 77' lang='lat' dir='ltr'><strong>eitiletn</strong></span> 
     </span>
    </p>
   </div>
   <div class='ocr_carea' id='block_1_116' title="bbox 1869 5742 3439 5816">
    <p class='ocr_par' dir='ltr' id='par_1_116' title="bbox 1869 5742 3439 5816">
     <span class='ocr_line' id='line_1_117' title="bbox 1869 5742 3439 5816; baseline 0.006 -19"><span class='ocrx_word' id='word_1_814' title='bbox 1869 5742 2188 5797; x_wconf 81' lang='lat' dir='ltr'><strong>Graecorum</strong></span> <span class='ocrx_word' id='word_1_815' title='bbox 2211 5756 2375 5798; x_wconf 69' lang='lat' dir='ltr'><strong>seram</strong></span> <span class='ocrx_word' id='word_1_816' title='bbox 2402 5743 2491 5799; x_wconf 85' lang='lat' dir='ltr'><strong>hic</strong></span> <span class='ocrx_word' id='word_1_817' title='bbox 2521 5753 2839 5816; x_wconf 87' lang='lat' dir='ltr'><strong>usurpatatn</strong></span> <span class='ocrx_word' id='word_1_818' title='bbox 2863 5761 3005 5811; x_wconf 87' lang='lat' dir='ltr'><strong>esse,</strong></span> <span class='ocrx_word' id='word_1_819' title='bbox 3033 5764 3153 5815; x_wconf 81' lang='lat' dir='ltr'><strong>quae</strong></span> <span class='ocrx_word' id='word_1_820' title='bbox 3183 5763 3210 5802; x_wconf 92' lang='lat' dir='ltr'><strong>a</strong></span> <span class='ocrx_word' id='word_1_821' title='bbox 3235 5750 3439 5806; x_wconf 89' lang='lat' dir='ltr'><strong>mundo</strong></span> 
     </span>
    </p>
   </div>
  </div>
