3940 6480
269 434 376 494 529

1321 442 1400 500 ΙΝ
1443 444 1605 503 CAN.
1647 443 1733 502 llI
1760 440 1973 503 CONC.
2012 444 2088 504 ΙΝ
2120 446 2448 507 Τιιιιιιο

3434 446 3535 507 53ῧ

267 549 420 601 νείαν
452 546 643 603 αὑτοῦ.
679 550 746 604 "A
769 550 825 605 δὲ
848 555 1072 622 κρατεῖν
1097 552 1191 607 καὶ
1220 554 1418 624 ἐφεξῆς
1452 557 1831 612 κεκανόνισται

1981 559 2300 615 relationem
2341 561 2473 616 nihil
2506 561 2766 631 scriptum
2799 569 2902 616 est.
2946 560 3078 628 Qua:
3116 572 3300 616 autem
3346 561 3398 615 in
3439 578 3539 630 po—

268 637 398 707 περὶ
444 638 507 690 τὸ
534 640 715 707 τέλος,
743 644 853 695 τῶν
899 644 1073 711 ἁγίων
1120 645 1440 700 ἀποστόλων
1475 650 1585 701 εἰσὶ
1618 651 1842 714 κανόνες

265 732 332 797 ιζ’
373 736 465 787 καὶ
506 742 600 805 ιη’,
636 736 732 798 οὓς
755 741 1284 811 παραϐαινομένους,
1318 743 1393 807 ὡς
1417 743 1615 809 ἔοικεν,
1647 747 1695 799 οἱ
1729 749 1843 802 Πα-

263 824 422 892 τέρες
451 826 846 883 ἀνενεώσαντο.
877 832 1040 897 Ζήτει
1063 832 1156 885 οὖν
1176 832 1274 896 τὰς
1301 833 1508 887 τούτων
1542 837 1844 905 ἐρμηνεῖας

266 915 470 968 ἐκεῖσε·
500 917 799 988 ἐξαιρέτως
823 921 877 974 δὲ
900 924 967 976 τὰ
985 925 1262 993 γραφέντα
1285 926 1365 988 είς
1389 927 1479 980 τὴν
1534 927 1601 998 ιβ’
1646 932 1845 985 κανόνα

262 1010 362 1077 τῆς
398 1011 458 1062 ὲν
504 1012 751 1084 ’Δγκύρᾳ
784 1016 1032 1069 συνόδου.

332 1191 589 1247 ΖΩΝΛΡ.
624 1193 706 1247 Τὰ
750 1196 849 1265 μὲν
876 1197 970 1249 τοῦ
1000 1199 1191 1268 τρίτου
1246 1202 1472 1266 κανόνος
1520 1204 1733 1268 τούτου,
1768 1204 1843 1268 ὡς

269 1283 498 1347 καιρικὰ
534 1282 626 1334 καὶ
667 1284 758 1336 ἐπὶ
790 1286 901 1348 τοῖς
929 1287 1047 1340 τότε
1075 1289 1143 1341 δι’
1178 1290 1491 1359 οἰκονομίαν
1537 1293 1841 1360 ὁρισθέντα,

264 1370 323 1421 ού
377 1371 569 1439 μέντοι
612 1391 673 1442 γε
704 1376 798 1428 καὶ
830 1377 925 1429 ἐπὶ
950 1381 1064 1443 τοῖς
1092 1380 1220 1449 ἑξῆς
1254 1385 1480 1450 κρατεῖν
1524 1385 1839 1452 ὀφείλοντα,

268 1461 556 1533 εξὰθησαψ
587 1466 623 1520 ἃ
660 1466 719 1519 δὲ
755 1472 977 1539 κρατεῖν
1006 1474 1100 1524 καὶ
1130 1474 1221 1527 ἐπὶ
1272 1475 1380 1528 τῶν
1443 1477 1645 1547 ἐφεξῆς
1675 1495 1845 1531 κεκα-

263 1554 528 1623 νόνισται,
560 1559 667 1611 τῶν
700 1560 874 1627 ἁγίων
925 1563 1242 1621 ἀποστόλων
1267 1567 1376 1621 εἰσὶ
1411 1570 1638 1629 κανόνες
1676 1572 1846 1625 ἐπτα-

266 1644 597 1712 καιδέκατος
637 1652 732 1704 καὶ
767 1653 1262 1721 ὀκτωκαιδέκατος,
1303 1660 1397 1723 οὒς
1429 1663 1843 1733 παραϐαινομέ-

264 1753 389 1800 τους
421 1739 455 1808 ἠ
490 1740 712 1806 σύνοδος
747 1743 886 1817 αὕτη
921 1748 1275 1804 ἀνενεώσατο.
1331 1754 1393 1805 Ol
1417 1752 1649 1807 τοιοῦτοι
1678 1754 1841 1807 δὲκαὶ

258 1826 430 1894 ἄμφω
468 1832 696 1896 κανόνες
721 1835 1090 1909 ὲξηγήθησαν,
1129 1842 1224 1895 καὶ
1250 1844 1277 1895 ό
1307 1841 1487 1912 ζητῶν
1504 1844 1604 1912 τὴν
1634 1845 1840 1898 τούτων

1948 659 2154 707 sterum
2216 654 2371 709 lirma
2411 663 2462 710 et
2524 663 2640 710 rata
2691 669 2810 709 esse
2851 655 2997 709 circa
3059 656 3215 709 linem
3269 658 3533 711 canonice

1946 746 2302 801 constitutum
2352 756 2456 811 est,
2510 756 2650 802 sunt.
2676 756 2984 802 sanctorum
3036 748 3407 817 apostolorum
3469 750 3547 800 17'

1950 849 2008 895 ct
2044 840 2134 903 18,
2165 840 2257 908 qui
2286 855 2430 903 cum,
2466 849 2522 893 ut
2555 848 2636 895 est
2662 840 2975 904 verisimile,
3009 855 3111 893 non
3148 840 3423 894 observati
3446 857 3535 895 es-

1951 941 2095 994 sent,
2141 946 2237 986 eos
2286 933 2478 988 Patres
2530 942 2950 988 renovaverunt.
3012 932 3203 998 Qumre
3248 948 3378 1002 ergo
3426 933 3535 987 illic

1950 1039 2138 1078 eorum
2197 1024 2726 1094 interpretationem,
2767 1025 3038 1094 praecipue
3073 1034 3249 1079 autem
3291 1041 3359 1080 ea
3410 1041 3534 1094 quae

1950 1116 2150 1184 seripta
2167 1118 2359 1171 suntin
2398 1117 2606 1172 i2cau.
2647 1116 2843 1188 Ancyr.
2873 1116 3085 1187 synodi.

2024 1209 2276 1265 ZONAR.
2311 1208 2441 1277 Qua:
2485 1210 2552 1263 ad
2608 1208 2751 1263 hunc
2788 1210 3006 1264 tertium
3050 1226 3315 1266 cauonem
3366 1212 3535 1281 perti-

1950 1311 2103 1366 nent,
2161 1301 2233 1356 illi
2254 1302 2456 1370 quippe
2482 1300 2657 1356 solum
2701 1302 2953 1368 tempori,
2982 1317 3089 1371 quo
3130 1318 3300 1357 canon
3352 1303 3530 1357 editus

1946 1404 2053 1457 est,
2088 1393 2519 1457 accommodata,
2566 1394 2878 1462 nullamque
2914 1404 3100 1462 postea
3143 1394 3248 1447 vim
3296 1393 3529 1462 amplius

1950 1486 2197 1541 habitura
2218 1487 2581 1557 prtetermissa
2610 1485 2893 1552 sunt.Qute
2914 1496 3093 1542 autem
3119 1486 3263 1557 apud
3289 1498 3533 1555 posteros

1946 1593 2164 1649 quoque
2212 1580 2364 1633 lirma
2426 1578 2616 1632 Patres
2674 1593 2795 1633 esse
2848 1578 3157 1641 voluerunt,
3230 1578 3532 1647 apostolico

1951 1670 2161 1725 decimo
2186 1672 2413 1739 septimo
2437 1680 2489 1724 et
2518 1669 2728 1723 decimo
2768 1678 2959 1723 octavo
2999 1684 3206 1723 canone
3254 1670 3535 1723 continen—

1952 1767 2039 1811 tur
2072 1776 2085 1812 :
2118 1774 2254 1828 quos
2287 1758 2487 1825 passim
2539 1759 2814 1827 neglectos
2864 1759 2978 1815 lucc
3039 1758 3278 1827 synodus
3321 1759 3536 1813 censuit

1952 1850 2310 1906 renovandos.
2356 1850 2434 1904 llli
2487 1866 2619 1904 vero
2659 1853 2819 1905 anrho
2857 1866 3097 1905 canones
3142 1851 3531 1917 explicantur:

264 1919 538 1992 ἐξήγησιν
576 1925 806 1998 εὑρήσει
834 1930 1005 2001 αὐτὴν
1032 1933 1092 1985 ὲν
1124 1936 1238 1998 τοῖς
1276 1935 1386 1989 τῶν
1417 1935 1591 2003 ἁγίων
1617 1938 1849 1991 ἀποστό-

1978 1948 2010 1994 ει
2054 1955 2245 1994 eorum
2288 1941 2702 2009 explicationem
2746 1942 2789 1995 si
2832 1941 2954 2009 quis
2998 1941 3333 2010 qnatsiverit,
3367 1941 3537 1994 'intcr

263 2013 367 2065 λων
390 2017 644 2071 κανόσιν.

264 2127 491 2183 ΑΡΙΣΤ.
558 2148 577 2182 ι
623 2133 818 2202 ’ῐερεῖς
849 2136 1073 2208 δίγαμοι
1105 2140 1195 2193 καὶ
1242 2143 1648 2214 ἀμεταμέλητοι
1680 2146 1849 2219 καθῂ-

334 2236 354 2271 ι
413 2238 639 2291 ρηνται.
668 2225 731 2278 Ol
759 2226 815 2279 δὲ
847 2228 911 2280 τὸ·
931 2231 1103 2283 κακὸν
1137 2232 1511 2303 ἀμελήσαντες
1554 2237 1644 2289 ἐπὶ
1685 2239 1848 2308 ῥητὸν

338 2333 353 2360 ι
412 2314 721 2371 παύσονται
747 2320 960 2389 χρόνον
996 2323 1349 2393 οὐκοεύλογεῖ
1384 2327 1492 2394 γὰρ
1542 2328 1570 2380 ὁ
1603 2346 1850 2398 τραυμα-

338 2424 359 2455 ι
410 2407 555 2471 τίας.
589 2409 701 2463 Καὶ
748 2412 800 2465 οὶ
837 2416 1176 2485 παρανόμως
1228 2418 1603 2487 γαμήσαντες,
1643 2420 1739 2473 καὶ
1798 2421 1847 2474 οἱ

340 2518 359 2549 ο
423 2501 565 2568 μετὰ
614 2503 714 2574 τὴν
767 2506 1102 2575 χειροτονίαν
1156 2510 1482 2577 συζυγέντες
1540 2513 1678 2580 μετὰ
1756 2511 1849 2564 τὲιν

338 2612 359 2641 ι
421 2595 590 2665 ῥητὸν
609 2597 801 2667 χρόνον
814 2599 939 2663 τοὺς
965 2599 1664 2673 βαθμοὺςγνωριζέτωσαν,
1684 2606 1853 2675 ἀπρόσ

341 2707 358 2736 ι
420 2704 584 2741 κοποι
610 2690 887 2759 μένοντες,
918 2692 1120 2764 δηλαδὴ
1144 2698 1242 2765 τῆς
1275 2696 1536 2764 συζυγίας
1562 2697 1847 2766 ἀφέμενοι.

337 2798 353 2826 ι
420 2778 481 2831 Ei
512 2778 569 2831 δὲ
612 2780 752 2849 μετὰ
778 2783 869 2835 τὸν
917 2783 1043 2853 ὅρον
1080 2786 1439 2856 κωλυόμενοι,
1468 2787 1854 2860 καθῃρημένοι

334 2887 353 2919 ι
423 2871 755 2939 μενέτωσαν.
796 2892 820 2925 ι

333 3074 408 3126 Οἱ
430 3074 533 3143 τῆς
568 3076 792 3131 συνόδου
820 3080 1027 3151 ταύτης
1055 3083 1322 3155 Πατέρες,
1353 3085 1447 3138 καὶ
1471 3086 1532 3138 τδ
1565 3088 1856 3157 γινόμενον

268 3168 651 3239 διορθούμενοι
678 3174 871 3238 κακόν,
906 3176 1002 3227 καὶ
1062 3176 1124 3229 τὸ
1178 3176 1374 3246 μέλλον
1412 3178 1855 3248 ἐξασφαλιζόμε-

1948 2033 2277 2101 apostolicos
2310 2047 2547 2089 canones
2574 2048 2671 2088 suo
2691 2033 2810 2087 loco
2832 2048 2947 2088 eam
2980 2034 3233 2102 reperiet.

1948 2141 2179 2197 ARIST.
2236 2162 2255 2194 ι
2299 2142 2645 2206 Sacerdotes,
2708 2144 2800 2213 qui
2832 2144 3097 2197 secundas
3138 2150 3531 2196 contraxerunt

2027 2253 2044 2283 ι
2089 2234 2308 2304 nuptias
2356 2242 2413 2288 ct
2467 2250 2573 2289 non
2624 2234 2975 2303 resipiscunt,
3022 2234 3386 2303 deponuntur.
3432 2226 3549 2298 Qui

2030 2345 2046 2375 ι
2090 2336 2269 2381 autem
2300 2341 2327 2378 a
2364 2326 2505 2379 malo
2535 2327 2830 2389 abstinent,
2886 2327 3109 2381 definito
3150 2335 3391 2394 tempore
3422 2340 3541 2378 ces-

2032 2439 2047 2469 ι
2092 2422 2307 2474 sabunt.
2347 2417 2670 2473 Vulneratus
2728 2418 2871 2472 enim
2920 2433 3023 2472 non
3074 2416 3370 2471 hencdicit.
3436 2415 3535 2481 Qui

2028 2532 2047 2562 ι
2095 2512 2317 2567 nefariis
2356 2522 2534 2566 autem
2578 2512 2779 2581 nuptiis
2832 2510 3090 2580 implicati
3134 2518 3286 2572 sunt,
3336 2517 3391 2562 et
3442 2508 3531 2575 qui

2034 2626 2049 2653 ι
2096 2590 2215 2672 past
2250 2603 2650 2657 ordinationem
2697 2600 3096 2655 matrimonium
3127 2606 3543 2657 contraxerunt,

2031 2712 2047 2742 ι
2094 2703 2214 2761 post
2236 2692 2748 2762 tempusdclinitum
2783 2692 2848 2744 ad
2872 2690 3072 2761 gradus
3097 2705 3223 2744 suos
3250 2688 3541 2742 restituan—

2031 2807 2049 2836 ι
2097 2793 2205 2849 tur,
2240 2768 2468 2839 ulterius
2492 2801 2596 2839 non
2627 2784 3008 2854 promovendi,
3043 2780 3387 2836 matrimonio
3416 2779 3537 2833 scil.

2033 2899 2050 2930 ι
2096 2879 2381 2934 dissoluto.
2425 2878 2518 2932 Sin
2573 2886 2692 2946 post
2732 2878 3042 2939 decretum,
3104 2889 3230 2927 cum
3281 2870 3543 2942 prohibiti-

2037 2991 2056 3024 ι
2105 2971 2324 3035 fuerint,
2358 2970 2584 3040 depositi
2618 2978 2891 3023 maneant.
2930 2986 2953 3020 δ
3162 2956 3165 2961 ’

2033 3086 2234 3157 Synodi
2265 3086 2487 3157 hujusce
2510 3086 2720 3147 Patres,
2744 3091 2799 3136 ut
2823 3080 3020 3135 malum
3041 3080 3311 3149 quodjam
3340 3078 3539 3131 factum

1962 3180 2063 3236 fuit
2104 3178 2485 3242 emendarem,
2515 3185 2568 3231 et
2600 3175 2838 3230 futurum
2870 3174 3272 3245 propulsarent,
3304 3187 3542 3245 pra-scu-

267 3278 370 3327 νοι,
420 3261 516 3315 τὸν
541 3263 796 3335 παρόντα
826 3267 1027 3320 κανόνα
1055 3266 1328 3335 ἐξέθεντο,
1364 3271 1458 3323 καὶ
1528 3271 1856 3343 διορίζονται

1978 3291 2069 3331 ,em
2116 3274 2271 3344 161
2321 3271 2542 3327 edidere
2592 3283 2878 3332 canonem,
2925 3276 2978 3321 et
3027 3266 3351 3328 decernunt,
3394 3265 3541 3333 quod

266 3352 340 3414 ὡς
363 3354 491 3407 ὅσοι
525 3356 625 3424 μὲν
658 3357 764 3409 τῶν
798 3358 993 3429 ἱερέων
1020 3361 1112 3413 καὶ
1141 3362 1407 3415 διακόνων
1437 3363 1697 3436 δευτέραν
1732 3365 1853 3419 ἔλαο

269 3442 364 3497 σον
404 3446 652 3517 γαμετὴν
676 3449 782 3518 πρὸ
806 3452 905 3519 τῆς
936 3450 1113 3503 αὐτῶν
1135 3453 1529 3516 συνελεύσεως,
1572 3455 1667 3507 καὶ
1696 3455 1852 3523 ἔμειο

266 3556 362 3590 ναν
393 3539 563 3610 μέχρι
592 3540 692 3609 τῆς
727 3544 1035 3612 παρουσίας
1057 3545 1235 3599 αὐτῶν
1262 3548 1695 3617 ἀμεταμέλητοι,
1725 3550 1856 3613 τοὺς

274 3630 561 3701 ἀθέσμους
591 3633 805 3704 γάμους
830 3637 903 3705 μὴ
925 3636 1354 3702 διασπάσαντες,
1398 3638 1724 3709 καθαιρέσει
1753 3658 1856 3694 κα-

270 3723 462 3791 νονικῇ
503 3720 1000 3792 ύποῆληθήσονται,
1054 3726 1149 3777 καὶ
1181 3728 1261 3790 εἰς
1311 3728 1433 3790 τοὺς
1493 3731 1657 3793 λαοὺς
1692 3749 1858 3802 μετα-

272 3812 545 3864 πέσωαινο
577 3813 691 3866 ὅσοι
717 3812 796 3875 δὲ,
826 3815 932 3884 πρὸ
964 3816 1063 3884 τῆς
1118 3816 1486 3883 συνελεύσεως
1529 3822 1711 3875 αὑτων
1765 3841 1861 3892 με·

271 3906 705 3975 ταμεληθέντες,
743 3906 803 3959 τὸ
868 3911 1150 3980 συμφέρον
1215 3912 1559 3980 ἐπέγνωσαν,
1621 3916 1716 3969 καὶ
1762 3916 1861 3985 τὴν

277 3998 439 4069 ξένην
479 4003 573 4053 καὶ
611 4000 765 4054 νόθον
804 4001 1010 4074 ταύτην
1047 4005 1372 4078 συμπλοκὴν
1405 4007 1733 4073 ἁπεδίωξαν,
1761 4010 1861 4078 τῆς

282 4089 380 4156 μὲν
411 4090 723 4162 ἱερωσύνης
759 4092 1155 4161 παυθήσονται,
1204 4096 1624 4167 ἐπιτιμηθέντες
1649 4101 1741 4153 καὶ
1771 4100 1863 4152 ἐπὶ

283 4181 449 4251 ῥητὸν
480 4181 581 4250 ἤδη
619 4182 838 4252 χρόνον,
886 4184 1052 4255 μόνης
1094 4186 1153 4237 δὲ
1216 4188 1314 4256 τῆς
1363 4188 1529 4259 τιμῆς
1577 4190 1863 4259 μεθέξουσι

279 4271 379 4339 τῆς
408 4270 557 4322 κατὰ
586 4271 688 4340 τὴν
724 4273 993 4343 καθέδραν
1017 4277 1109 4328 καὶ
1146 4278 1353 4339 στάσιν,
1372 4282 1465 4331 καὶ
1496 4281 1867 4352 ἀρκεσθήσον-

281 4379 371 4415 ται
405 4364 477 4431 τῇ
513 4362 799 4434 προεδρίᾳ,
841 4364 918 4433 τῷ
960 4367 1151 4437 Κυρίῳ
1178 4369 1615 4437 προσκλαέοντες
1647 4388 1865 4441 συγχω-

287 4454 529 4525 ρηθῆναι
568 4454 754 4518 αὐτοῖς
779 4455 840 4508 τὸ
886 4457 949 4510 ὲκ
983 4460 1081 4528 τῆς
1113 4460 1337 4529 ἀγνοίας
1372 4463 1656 4533 ἀνόμημα.
1708 4465 1870 4517 Ἀνα-

284 4546 549 4600 κόλουθον
590 4546 699 4617 γὰρ
723 4547 817 4601 τὸν
866 4554 1212 4621 τραυματίαν
1241 4555 1535 4626 γενόμενον
1563 4558 1751 4629 ἕτερον
1779 4558 1869 4611 εύ-

281 4640 491 4709 λογεῖν.
547 4641 713 4695 Ἀλλά
746 4642 839 4696 καὶ
874 4646 923 4698 οξ
961 4645 1068 4716 πρὸ
1108 4648 1209 4715 τῆς
1257 4651 1597 4717 χειροτονίας
1630 4651 1872 4722 πρεσϐύ-

284 4752 463 4805 τεροι,
524 4734 618 4787 καὶ
684 4734 943 4802 διάκονοι,
1021 4741 1113 4792 καὶ
1177 4740 1545 4807 ύποδιὰκονοι,
1607 4746 1873 4815 μιᾷνμὲν

285 4829 507 4898 γαμετῇ
553 4829 947 4898 συναφθέντες,
986 4834 1132 4904 χήρα
1171 4833 1229 4887 δὲ
1272 4837 1641 4909 τυγχανούσῃ’
1684 4837 1869 4893 ὡσαύ-

286 4936 397 4983 τως
424 4920 483 4973 δὲ
507 4920 604 4973 καὶ
631 4923 678 4973 οἱ
709 4921 848 4990 μετᾶ
878 4922 977 4993 τὴν
1013 4927 1349 4995 χειροτονίαν
1384 4928 1463 4981 ἑνὶ
1492 4928 1657 5000 γάμῳ
1691 4948 1865 5001 προσο

288 5012 658 5083 ομιλήσαντες
704 5015 804 5082 τῆς
841 5016 940 5085 μὲν
996 5017 1303 5088 ἱερωσύνης
1332 5020 1516 5073 τέλεον
1545 5021 1605 5074 οὐ
1656 5022 1871 5094 παυθή-

295 5121 507 5169 σονται,
544 5105 659 5160 ἀλλ’
686 5106 777 5158 ἐπὶ
805 5108 967 5177 ῥητόν
995 5126 1118 5162 τιν-α
1152 5110 1646 5181 ἐπιτιμηθήσονται
1672 5115 1868 5184 χρόνον

292 5198 388 5249 καὶ
422 5198 523 5268 τῆς
559 5194 714 5268 ἱερᾶς
770 5200 1181 5270 κωλυθὴσονται
1220 5203 1588 5275 λειτουργίας,
1652 5210 1746 5261 καὶ
1789 5210 1870 5273 είς

292 5291 422 5354 τοὺς
455 5289 693 5353 οἰκείους
737 5290 892 5355 αὖθις
942 5294 1368 5350 ἀποκαταστῶσι
1405 5298 1669 5369 βαθμοὺς,
1731 5318 1870 5365 προ-

292 5379 471 5449 δήλως
541 5380 888 5451 διαλυόμενοι
931 5384 991 5437 τὸ
1042 5388 1280 5457 ἄθεσμον
1355 5393 1714 5456 συνοικέσιον,
1775 5392 1871 5446 καὶ

1960 3369 2268 3439 quicunque
2300 3366 2515 3435 quidem
2560 3363 2870 3419 sacerdotes
2906 3370 2964 3415 et
3002 3357 3214 3414 diaconi
3245 3356 3539 3412 secundam

1961 3464 2229 3516 duxerunt
2282 3472 2503 3513 uxorem
2549 3466 2677 3511 ante
2720 3455 2863 3508 hunc
2892 3467 3077 3508 eorum
3114 3457 3463 3510 conventum,
3488 3457 3545 3501 et

1961 3570 2134 3625 usque
2160 3555 2222 3607 ad
2254 3553 2493 3623 ipsorum
2528 3553 2817 3605 adventrum
2846 3547 3247 3617 impmnitentes
3271 3559 3542 3606 mansere,

1963 3647 2200 3703 nefarias
2236 3647 2367 3701 istas
2397 3660 2501 3699 non
2532 3642 2897 3698 distrahentcs
2939 3639 3176 3708 nuptias,
3219 3637 3556 3706 depositioni»

1964 3739 2239 3796 canonica
2259 3736 2632 3808 subjicicntur,
2653 3746 2707 3788 et
2726 3733 2791 3788 ad
2816 3732 2984 3788 laicos
3010 3732 3280 3786 dccidcnl.
3304 3728 3545 3795 Quicun-

1963 3848 2071 3904 que
2118 3840 2296 3887 autem
2336 3835 2463 3884 ante
2501 3828 2740 3898 ipsorum
2797 3833 3125 3880 conventum
3163 3820 3548 3891 resipisccntcs

1964 3928 2106 3995 quod
2165 3924 2386 3995 expedit
2416 3929 2792 3991 agnoverunt,
2827 3929 2881 3974 et
2928 3918 3163 3972 alienam
3213 3915 3372 3969 istam
3422 3928 3549 3981 spu-

1968 4018 2212 4085 riamque
2242 4011 2683 4079 congreSsionem
2718 4007 3064 4078 expulerunt,
3098 4003 3407 4059 sacerdotio
3429 4002 3549 4072 qui-

1967 4108 2085 4162 dem
2151 4104 2296 4175 fungi
2354 4101 2817 4171 supersedebunt,
2878 4098 2943 4152 ad
2999 4096 3323 4168 przelinitum
3383 4093 3547 4150 etiam

1970 4208 2181 4267 tempus
2217 4195 2412 4265 puniti,
2437 4193 2583 4247 illius
2606 4200 2786 4247 autem
2821 4191 3043 4245 honoris
3067 4188 3236 4243 solius
3256 4186 3549 4257 participes

1968 4299 2128 4347 erunt
2173 4290 2260 4357 qui
2303 4288 2356 4341 in
2394 4286 2652 4341 cathedra
2697 4293 2751 4338 et
2785 4283 3040 4349 statione,
3110 4291 3164 4335 et
3201 4281 3387 4349 prima:
3430 4278 3548 4332 sedi

1969 4381 2341 4451 acquiescent,
2370 4377 2605 4431 Domino
2636 4373 2888 4445 lacrymis
2928 4371 3298 4442 supplicantes
3332 4377 3389 4422 ut
3423 4382 3551 4437 pec-

1972 4484 2092 4528 cato
2132 4487 2229 4527 suo
2279 4486 2373 4540 per
2405 4466 2767 4539 ignorantiam
2813 4465 3051 4519 admisso
3095 4462 3252 4518 venia
3288 4459 3551 4514 conceda-

1977 4574 2083 4617 tur.
2149 4561 2266 4617 Non
2303 4563 2447 4615 enim
2487 4559 2767 4619 convenit,
2795 4566 2851 4611 ut
2876 4557 2964 4627 qui
2994 4557 3108 4625 ipse
3130 4564 3210 4609 est
3241 4552 3553 4607 vulneratus

1980 4656 2133 4709 alteri
2166 4653 2470 4709 benedicat.
2504 4650 2609 4706 Sed
2638 4659 2694 4706 et
2724 4648 3024 4719 presbyteri
3051 4654 3105 4702 et
3131 4645 3343 4701 diaconi
3373 4652 3427 4697 et
3454 4642 3552 4713 hy-

1980 4746 2284 4818 podiaeoni,
2334 4745 2422 4813 qui
2460 4752 2587 4797 ante
2629 4740 3026 4796 ordinationem
3070 4752 3233 4790 nuam
3284 4736 3556 4789 duxerant

1978 4856 2228 4903 uxorem,
2270 4839 2365 4894 sed
2418 4851 2538 4908 quae
2560 4836 2728 4890 ,vidua
2780 4835 2891 4899 sit;
2926 4832 3180 4889 similiter
3214 4840 3269 4884 et
3313 4828 3400 4897 qui
3434 4836 3561 4896 post

1980 4930 2373 4988 ordinationem
2414 4928 2506 4984 uni
2557 4927 2905 4982 matrimonio
2938 4939 2995 4980 se
3029 4923 3427 4994 applicuerunt,
3468 4937 3558 4975 sa-

1981 5022 2221 5077 cerdotio
2282 5019 2499 5088 quidem
2562 5032 2669 5070 non
2723 5016 2940 5084 penitus
2971 5012 3296 5079 absccdcnt,
3345 5011 3441 5067 sed
3490 5009 3557 5063 ad

1981 5113 2302 5181 prteliuitum
2322 5108 2539 5179 aliquod
2576 5119 2786 5177 tempus
2810 5106 3197 5175 punientur,'et
3220 5120 3250 5159 a
3274 5118 3431 5159 sacro
3456 5101 3559 5155 mi-

1981 5207 2209 5263 nisterio
2231 5203 2485 5274 prohihiti
2517 5208 2697 5265 erunt,
2725 5209 2783 5255 et
2815 5199 2882 5254 ad
2911 5200 3162 5270 proprios
3188 5199 3405 5253 tandem
3435 5211 3559 5265 grai.

1982 5300 2080 5354 dus
2115 5299 2305 5353 iterum
2332 5296 2708 5359 restituentur,
2741 5292 3010 5346 nefarium
3043 5290 3347 5360 coniugium
3387 5289 3559 5342 mani-

1981 5388 2583 5452 festodissolventes,et
2607 5383 2672 5439 ad
2705 5384 2870 5439 alium
2904 5383 3131 5455 gradum
3160 5380 3418 5450 majorem
3464 5395 3558 5434 nc-

1486 5549 1689 5609 Guill.
1728 5550 2061 5631 Beveregii
2110 5553 2297 5611 notae.

375 5660 488 5739 (58)
535 5664 881 5739 Ἐξξαιρέτως
937 5667 1005 5720 δὲ
1032 5668 1103 5723 τὰ
1147 5670 1470 5739 γραφέντα.
1514 5672 1611 5727 llic
1639 5673 1793 5729 locus
1820 5674 1875 5727 in

297 5727 605 5810 Parisiensi
660 5727 904 5810 editione
969 5739 1047 5793 sic
1083 5727 1305 5807 legitur,
1361 5743 1595 5810 μάλιστα
1624 5727 1681 5797 δὲ
1711 5727 1786 5797 ⁷τά
1819 5745 1877 5797 ὲν

300 5801 383 5882 τῷ
424 5802 487 5882 ιβξ
522 5811 806 5882 γραφέντα
859 5809 954 5876 τῆς
994 5811 1051 5861 ὲν
1084 5801 1626 5882 λἰἷγκύρῷσυνόδυυ.
1672 5814 1728 5869 In
1768 5830 1871 5869 ms.

311 5871 745 5932 Amerbachiano
802 5871 948 5935 totus
988 5871 1284 5944 omittitur;
1317 5871 1378 5938 ὀι
1420 5895 1563 5939 recte
1591 5884 1814 5955 quidem
1852 5903 1865 5950 ;

1986 5687 2165 5742 neque
2195 5670 2342 5726 enim
2395 5670 2448 5723 ir.
2488 5668 2659 5742 citato
2691 5665 3016 5742 duoderimo
3064 5661 3157 5742 illo
3197 5657 3555 5742 synodihAn-

1984 5736 2199 5798 cvranae
2238 5755 2449 5796 canone
2474 5739 2542 5794 de
2572 5738 2922 5793 sacerdotum
2958 5736 3310 5787 matrimonio
3334 5736 3517 5794 agitur
3542 5759 3556 5781 ν

1983 5802 2080 5868 sed
2111 5813 2180 5867 de
2238 5812 2327 5875 iis,
2362 5811 2453 5880 qui
2500 5818 2625 5863 ante
2676 5807 3006 5878 baptismum
3060 5801 3463 5860 sacriﬁcarunt,
3504 5799 3559 5853 el

1988 5892 2177 5954 postea
2214 5881 2468 5953 baptizati
2506 5888 2657 5934 sunt.
