3940 6480
457 424 562 490 531

1721 426 2002 489 TIIEOD.
2033 428 2444 492 BALSAMON

3584 433 3675 507 532

453 549 726 606 quaquam
778 534 1149 602 promovendi,
1210 535 1304 590 sed
1346 533 1400 591 in
1431 533 1622 590 eodem
1663 548 1772 606 quo
1832 533 2034 590 inventi

2145 539 2409 610 μηδαμῶς
2443 541 2499 592 ἐν
2555 538 2727 610 ἑτέρῳ
2775 539 2981 610 μείζονι
3041 539 3236 613 βαθμῷ
3281 542 3672 614 προκόπτοντες,

453 628 676 684 fuerunt
720 628 913 682 ordine
942 637 1346 696 permanentes.
1389 629 1454 684 Et
1500 630 1615 684 haec
1643 629 1861 699 quidem
1899 643 2031 684 cono

454 722 757 774 stituerunt
785 720 924 786 (leri,
951 729 1004 775 et
1033 721 1101 776 ob
1149 721 1544 778 humanitatem
1589 731 1644 777 et
1675 722 2032 778 commisera-

456 814 679 874 tionem,
739 821 865 866 ante
904 826 1112 874 eorum,
1172 822 1229 866 ut
1285 813 1488 867 dictum
1535 822 1636 876 est,
1679 823 2031 868 conventum.

453 901 584 959 Post
612 904 750 959 hanc
781 914 959 959 autem
998 905 1442 960 constitutionem
1487 914 1539 960 et
1573 921 1836 962 canonem
1896 906 2033 960 nihil

455 995 727 1061 ejusmodi
783 997 896 1050 fieri
954 997 1297 1064 permittunt,
1345 997 1440 1052 sed
1477 1006 1530 1052 et
1571 997 1743 1062 illum,
1768 997 1858 1067 qui
1890 998 2035 1054 binis

456 1088 769 1159 implicatus
804 1095 889 1143 est
919 1089 1142 1158 nuptiis,
1198 1097 1321 1159 post
1364 1089 1717 1159 baptismum,
1751 1100 1844 1146 aut
1883 1089 2036 1160 pelli-

455 1191 576 1234 cem
596 1179 814 1242 retinet,
845 1191 937 1233 aut
963 1179 1202 1242 viduam,
1233 1188 1328 1233 aut
1359 1181 1427 1235 ab
1451 1179 1559 1235 alio
1603 1180 1906 1248 dimissam,
1941 1188 2036 1235 aut

459 1274 826 1336 meretricem,
869 1282 962 1326 aut
1005 1286 1240 1337 servam,
1284 1281 1378 1326 aut
1406 1273 1676 1328 scenicam
1714 1273 1884 1338 ducit,
1929 1287 2033 1326 non

458 1377 620 1432 posse
651 1365 989 1433 episcopum,
1038 1373 1132 1416 aut
1159 1365 1560 1434 presbyterum,
1596 1373 1690 1419 aut
1713 1364 2034 1430 diaconum,

459 1463 556 1510 aut
582 1455 1013 1525 hypodiaconum
1045 1456 1181 1522 ﬁeri,
1238 1455 1395 1524 juxta
1440 1456 1708 1512 decimum
1744 1459 2035 1527 septimum

459 1555 516 1602 et
545 1547 813 1602 decimum
847 1557 1098 1603 octavum
1144 1549 1515 1618 apostolorum
1561 1565 1800 1606 canones
1845 1551 2036 1607 decer-

462 1649 616 1694 nunt.

1071 1729 1299 1786 CANON
1338 1731 1423 1788 IV.

469 1840 489 1871 ι
522 1819 578 1876 Si
613 1821 736 1890 quis
770 1823 1060 1892 episcopus
1099 1822 1182 1876 vel
1213 1824 1494 1892 presbyter
1535 1825 1619 1880 vel
1655 1826 1919 1882 diaconus
1955 1826 2035 1880 vel

537 1931 556 1962 ι
601 1911 966 1968 subdiaconus
998 1913 1080 1969 vel
1113 1913 1280 1968 lector
1318 1914 1403 1970 vel
1433 1926 1625 1972 cantor
1655 1920 1736 1973 vel
1776 1919 2038 1974 ostiarius

541 2022 558 2053 σ
607 2020 729 2060 cum
759 2005 987 2062 muliere
1028 2006 1140 2062 Deo
1177 2007 1424 2062 dedicata
1467 2010 1682 2074 coierit,
1717 2013 2036 2080 deponatur,

539 2113 558 2144 ι
605 2105 659 2150 ιιι
689 2097 780 2165 qui
810 2097 1012 2152 Christi
1048 2113 1259 2168 sponsa:
1295 2100 1487 2154 vitium
1513 2101 1753 2156 attulerit
1785 2119 1798 2156 :
1834 2103 1919 2158 sin
1947 2119 2041 2159 au-

543 2205 562 2239 ‹
608 2196 713 2242 tem
750 2187 941 2256 laicus,
973 2199 1304 2260 segregetur.
1333 2209 1352 2244 ι

531 2279 730 2336 BALS.
763 2282 902 2337 Ante
921 2284 1099 2338 omnia
1131 2293 1257 2339 nota
1282 2298 1350 2338 ex
1373 2285 1475 2339 hoc
1502 2288 1751 2356 praesenti
1794 2301 2022 2352 canone,

463 2376 607 2449 quod
637 2377 765 2432 olim
801 2388 1084 2433 cantorum
1133 2379 1287 2443 ordo,
1319 2394 1428 2435 non
1460 2395 1525 2434 ex
1549 2380 1816 2436 eunuchis
1841 2379 2039 2447 solum,

465 2475 525 2522 ut
565 2467 726 2522 hodie
755 2466 836 2533 lit,
885 2468 1336 2535 constituebatur,
1399 2470 1493 2526 sed
1533 2478 1588 2526 et
1614 2485 1680 2526 ex
1709 2471 1774 2526 iis
1813 2471 1902 2540 Qui
1935 2486 2040 2525 non

462 2567 623 2614 erant
659 2557 948 2627 ejusmodi.
991 2559 1280 2617 Lectorum
1310 2573 1489 2618 autem
1527 2563 1684 2629 ordo,
1711 2578 1822 2618 non
1857 2572 1912 2617 ut
1939 2562 2040 2632 ipsi

463 2659 773 2717 cantarent,
806 2655 1137 2711 constitutus
1181 2664 1284 2720 est,
1323 2658 1418 2712 sed
1460 2665 1515 2710 ut
1545 2657 1598 2711 in
1633 2655 1870 2711 amboue
1903 2655 2039 2711 divi—

463 2757 565 2798 nas
599 2743 910 2816 Scripturas
949 2745 1208 2816 legerent,
1246 2757 1366 2816 post
1416 2747 1626 2803 ﬁnitum
1675 2747 2038 2816 Matutinum;

464 2839 607 2893 unde
647 2839 811 2894 etiam
857 2840 1090 2898 lectores
1119 2841 1483 2913 appellantur.
1525 2841 1665 2897 Dicit
1688 2841 1834 2897 enim
1876 2839 2042 2910 depo-

464 2933 670 2988 nendos
705 2922 980 3000 cantores,
1004 2934 1143 2989 sicut
1173 2944 1226 2990 et
1269 2933 1503 3003 reliquos
1528 2933 1778 3001 clericos,
1801 2933 1896 3003 qui
1919 2947 1980 2987 cu
1998 2947 2040 2985 .n

461 3025 785 3082 mulieribus
819 3026 928 3082 Deo
963 3028 1299 3083 consecratis
1331 3037 1528 3083 coeunt
1567 3045 1580 3081 :
1629 3035 1682 3082 et
1716 3041 1824 3081 non
1868 3026 2039 3081 solum

462 3117 520 3171 in
574 3131 669 3173 eos
704 3118 1124 3186 animadvertit,
1191 3119 1285 3174 sed
1339 3119 1508 3173 laieos
1565 3118 1728 3174 etiam
1790 3117 1880 3184 qui
1934 3115 2043 3172 tale

2134 629 2339 704 ἀλλ’ἧς
2397 633 2702 704 εὑρέθησαν
2729 633 2983 702 μένοντες
3013 633 3234 697 τάξεως.
3269 636 3376 688 Καὶ
3413 638 3569 691 ταῦτα
3593 641 3678 710 μὲν

2135 724 2490 795 προσέταξαν
2533 724 2814 794 γενέσθαι,
2849 725 2939 778 διὰ
2984 725 3040 779 δὲ
3073 725 3174 794 τὴν
3212 726 3603 797 φιλανθρωπίαν
3621 749 3674 785 τε

2135 817 2231 869 καὶ
2257 816 2626 886 συμπάθειαν,
2672 817 2776 888 πρὸ
2799 818 2902 887 τῆς
2941 818 3142 880 αὐτῶν,
3176 819 3249 879 ὡς
3274 819 3509 889 εἴρηται,
3543 839 3680 876 συνε-

2137 907 2397 970 λεύσεως.
2436 909 2672 962 Ἐκτοτε
2706 910 2762 963 δὲ
2790 910 2929 979 μετὰ
2960 910 3052 963 τόν
3091 911 3218 980 ὅρον
3271 912 3458 965 τοῦτον
3490 916 3680 968 καὶτὸν

2136 1001 2360 1064 κανόνα,
2415 1001 2569 1054 οὐδέν
2623 1019 2674 1054 τι
2732 1001 2976 1055 τοιοῦτον
3018 1001 3266 1070 γίνεσθαι
3315 1005 3678 1073 συγχωροῦσιν,

2137 1092 2275 1147 ἀλλὰ
2309 1094 2403 1146 καὶ
2457 1093 2548 1146 τὸν
2594 1092 2716 1146 δυσὶ
2765 1094 2969 1162 γάμοις
3030 1093 3414 1161 συμπλακέντα
3461 1095 3586 1162 μετά
3630 1097 3682 1148 τὸ

2137 1184 2443 1254 βάπτισμα,
2471 1185 2504 1253 ἢ
2521 1183 2804 1254 παλλακὴν
2817 1187 3181 1254 κτησάμενον,
3205 1185 3236 1255 ἢ
3263 1186 3433 1255 χήραν
3451 1185 3574 1238 λαϐό
3601 1204 3680 1250 τα,

2135 1277 2170 1345 ἢ
2206 1276 2336 1345 παρ’
2367 1275 2555 1342 ἑτέρου
2601 1275 3014 1345 ἐκϐεϐλημένην
3043 1275 3075 1347 ἦ
3111 1276 3367 1346 πόρνηνῆ
3419 1277 3680 1349 οίκέτιν,ῆ

2136 1368 2245 1421 τῶν
2283 1368 2377 1420 ἐπὶ
2438 1367 2668 1438 σκηνῆς.
2724 1369 2800 1438 μὴ
2831 1367 3099 1422 δύνασθαι
3137 1363 3277 1420 εἶναι
3301 1367 3601 1433 ἐπίσκοπον,
3653 1370 3682 1438 ἦ

2140 1458 2543 1528 πρεσϐύτερον,
2584 1457 2617 1526 ἢ
2650 1458 2975 1528 διάκονον,ῆ
3007 1458 3386 1522 ὑποδιάκονον,
3423 1458 3557 1511 κατά
3573 1457 3700 1521 τοὺς

2138 1548 2532 1611 ἀποστυλικοὺς
2606 1550 2869 1612 κανόνας,
2925 1549 3018 1602 τὸν
3089 1548 3542 1603 ἑπτακαιδέκατον
3605 1551 3687 1602 καὶ

2137 1641 2607 1696 ὀκτωκαιδέκατον
2627 1641 2976 1712 διορίζονται.

2774 1736 2817 1787 Κ
2831 1736 2865 1786 Δ
2875 1734 3017 1786 ΝΩΝ
3053 1732 3130 1788 Δ⁹.

2217 1845 2234 1877 ι
2287 1828 2352 1881 Ei
2387 1845 2472 1890 τις
2499 1827 2802 1892 ἐπίσκοπος
2832 1829 2864 1898 ἢ
2896 1827 3270 1898 πρεσϐύτερος
3305 1826 3336 1897 ἦ
3372 1825 3616 1890 διάκονος
3657 1827 3686 1894 ἢ

2222 1938 2239 1968 ι
2297 1921 2660 1983 ὑποδιάκονος
2714 1922 2746 1991 ἦ
2795 1921 3149 1989 ἀναγνώστης
3180 1920 3211 1989 ἢ
3243 1919 3500 1989 ψάλτηςῆ
3531 1922 3686 1990 θυρω-

2221 2035 2236 2063 ι
2295 2014 2406 2084 pag,
2452 2016 2674 2082 γυναικὶ
2706 2015 3058 2086 ἀφιερωμένῃ
3092 2013 3169 2083 τῷ
3194 2013 3312 2083 Θεῷ
3349 2014 3579 2083 μιχθείη,
3605 2030 3690 2067 κα-

2220 2125 2238 2158 ι
2297 2106 2614 2178 θαιρείσθω,
2649 2107 2726 2165 ὡς
2755 2107 2853 2176 τὴν
2888 2106 3110 2176 νύμφην
3149 2105 3248 2158 τοῦ
3305 2106 3539 2176 Χριστοῦ
3582 2105 3687 2158 δια-

2221 2217 2239 2250 ι
2287 2197 2539 2268 φθείρας·
2566 2199 2614 2250 εἰ
2648 2197 2704 2250 δὲ
2729 2196 2942 2261 λαῖκδς,
2978 2195 3347 2263 ἀφοριζέσθω.
3410 2216 3428 2247 ι

2213 2291 2412 2345 ΒΑΛΣ.
2457 2291 2572 2361 Πρὸ
2600 2290 2820 2344 πάντων
2833 2289 3164 2359 σσημείωσαι
3192 2289 3300 2341 ἀπὸ
3323 2291 3416 2342 τοῦ
3451 2286 3691 2356 παρόντος

2144 2383 2367 2446 κανόνος
2401 2382 2483 2434 ὅτι
2516 2383 2576 2434 τὸ
2611 2380 2842 2433 παλαιὸν
2871 2381 2968 2433 οὐκ
2998 2381 3092 2433 ἀπ’
3149 2379 3419 2448 εὐνούχων
3451 2378 3601 2446 μόνον
3641 2376 3694 2427 τδ

2142 2476 2252 2530 τῶν
2285 2472 2508 2544 ψαλτῶν
2554 2473 2745 2541 ’τάγμα
2807 2471 3119 2534 συνίστατο,
3184 2470 3364 2531 καθὼς
3394 2470 3590 2536 γίνεται
3621 2469 3696 2535 σή·

2149 2584 2341 2638 μερον.
2372 2565 2513 2621 ἀλλά
2544 2564 2640 2618 καὶ
2669 2564 2772 2616 ἀπὸ
2809 2563 2884 2632 μὴ
2903 2562 3184 2615 τοιούτων.
3211 2563 3284 2613 Τὸ
3311 2563 3492 2630 τάγμα
3529 2560 3581 2612 δὲ
3598 2559 3694 2609 τῶν

2145 2652 2535 2726 ἀναγνωστῶν,
2578 2656 2639 2708 ού
2662 2655 2751 2709 διὰ
2793 2655 2852 2706 τὺ
2891 2653 3116 2722 ψάλλειν
3160 2655 3379 2714 αὐτοὺς,
3440 2651 3692 2718 ὲτυπώθη.

2146 2749 2286 2805 ἀλλὰ
2317 2749 2406 2802 διὰ
2455 2749 2516 2800 τὸ
2550 2745 2947 2814 ἀναγινώσκειν
2988 2745 3076 2798 ἐπ’
3121 2745 3374 2813 ἇμίῖωνος
3413 2744 3506 2805 τὰς
3561 2743 3696 2802 θείας

2145 2839 2372 2914 Γραφὰς
2401 2839 2540 2909 μετά
2567 2839 2665 2910 τὴν
2701 2837 2965 2891 ἀπόλυσιν
2996 2835 3090 2890 τοῦ
3137 2835 3338 2907 ὄρθρου
3360 2848 3373 2862 ⁸
3424 2836 3480 2900 ὲξ
3517 2828 3572 2887 οὗ
3616 2834 3696 2885 καὶ

2145 2934 2498 3004 ἀναγνῶσται
2536 2930 2852 2985 καλοῦνται.
2882 2931 3019 3000 Φησὶ
3047 2929 3158 2999 γὰρ
3189 2925 3695 2998 καθαιρεῖσθαιτοὺς

2143 3027 2352 3098 ψάλτας
2402 3026 2590 3096 ὥσπερ
2623 3025 2870 3087 καὶτοὺς
2901 3023 3124 3086 λοιποὺς
3177 3022 3474 3091 κληρικοϋς
3519 3035 3694 3090 μιγνυ-

2148 3124 2345 3192 μένους
2371 3122 2491 3180 ταῖς
2518 3119 2594 3189 τῷ
2649 3117 2768 3188 Θεῷ
2800 3117 3252 3188 ἁφιερωθείσαιςο
3302 3116 3398 3168 καὶ
3447 3115 3506 3168 οὐ
3553 3113 3694 3183 μόνον

463 3208 590 3277 quid
645 3208 873 3278 faciunt,
925 3220 1195 3281 segregat.
1230 3210 1348 3265 Non
1393 3219 1480 3265 est
1520 3219 1700 3265 autem
1744 3223 1944 3264 novum
1993 3209 2037 3264 si

2145 3212 2372 3276 τούτους
2423 3211 2663 3276 κολάζει,
2719 3211 2853 3264 ἀλλὰ
2911 3208 3168 3273 καὶτοὺς
3203 3210 3426 3271 λαῖκοίις
3474 3203 3696 3259 τοιοῦτόν

462 3303 696 3360 clericus
747 3317 967 3375 pr0pter
1023 3304 1128 3360 tale
1165 3304 1418 3361 delictum
1463 3305 1784 3372 deponatur.
1839 3302 1916 3357 Ex
1967 3301 2041 3357 25

461 3395 610 3450 enim
641 3410 852 3452 canone
899 3397 1220 3468 aposwlieo,
1267 3395 1432 3451 etiatn
1483 3396 1576 3464 qui
1609 3393 2041 3466 qualemcunque

459 3488 748 3544 mulierem
817 3491 1092 3559 stupravit
1144 3489 1413 3554 clericus,
1469 3487 1805 3555 deponitur:
1873 3487 2042 3542 multo

462 3590 646 3636 autem
680 3580 852 3649 magis
881 3582 972 3649 qui
1002 3595 1250 3649 sponsam
1273 3581 1475 3636 Christi
1507 3591 1559 3636 et
1585 3595 1678 3635 vas
1698 3579 1806 3634 Deo
1827 3579 2043 3634 dedica-

465 3682 580 3730 tum
617 3674 827 3745 polluit,
858 3676 1182 3744 deponatur.
1209 3676 1351 3746 Lege
1383 3689 1436 3731 et
1465 3675 1636 3730 sancti
1659 3674 1840 3729 Basilii
1871 3688 2038 3729 cano-

461 3782 588 3822 ncm
612 3765 700 3831 18,
732 3765 974 3821 20et60.
1002 3767 1136 3823 Cum
1161 3778 1338 3823 autem
1377 3769 1544 3823 discis
1565 3810 1578 3834 ,
1605 3767 1874 3836 quomodo
1891 3766 2043 3835 puni-

461 3863 556 3913 tur
598 3857 690 3928 qui
727 3873 849 3912 cum
901 3859 1099 3912 talibus
1159 3858 1478 3914 mulieribus
1538 3873 1654 3913 rem
1710 3859 1932 3924 habent,
1975 3873 2042 3912 ne

461 3949 871 4019 subdistinguas
915 3950 1176 4020 virginem
1225 3966 1293 4005 an
1329 3951 1571 4016 viduam,
1623 3951 1717 4004 sed
1767 3949 1834 4004 de
1891 3947 2040 4004 omni

461 4042 692 4101 muliere
722 4043 832 4098 Deo
866 4053 1179 4098 consecrata
1212 4043 1297 4098 dic
1327 4043 1564 4098 locutum
1608 4051 1728 4098 esse
1755 4055 2038 4096 canonem.

462 4131 617 4192 Scias
643 4146 824 4192 autem
857 4138 999 4205 quod
1034 4135 1222 4202 laicus,
1257 4135 1350 4207 qui
1387 4151 1511 4191 cum
1541 4134 1628 4190 Iuli
1661 4135 1893 4191 muliere
1922 4149 2038 4191 rem

463 4229 666 4294 habet,
721 4243 750 4282 a
783 4228 1035 4298 praesenti
1083 4228 1300 4295 quidem
1343 4242 1552 4283 canone
1589 4238 1905 4298 segregatur
1942 4245 1957 4283 :
2010 4245 2039 4282 a

460 4335 493 4374 v
515 4331 696 4375 autem
726 4334 846 4390 cap.
881 4320 1038 4390 primi
1073 4320 1156 4378 tit.
1184 4334 1236 4374 tv
1288 4320 1384 4376 lib.
1435 4319 1657 4376 Basilic.
1686 4319 1912 4391 seu1l23
1936 4320 2042 4378 No-

460 4415 567 4473 vel.
591 4415 769 4484 capite
812 4415 1052 4486 punitur.
1077 4414 1219 4483 Lege
1249 4424 1304 4469 et
1328 4413 1397 4470 50
1425 4429 1544 4484 cap.
1572 4414 1605 4468 9
1655 4413 1736 4469 tit.
1753 4417 2042 4485 praesentis

457 4523 662 4579 operts.

2144 3321 2196 3358 τι
2228 3303 2517 3365 ποιοῦντας
2569 3300 2838 3374 ἀφορίζει.
2903 3301 3016 3353 Οὐκ
3061 3297 3176 3353 ἔστι
3228 3299 3286 3352 δὲ
3345 3296 3547 3360 καινὸν,
3615 3293 3697 3345 ἐὰν

2145 3393 2482 3462 καθαιρῆται
2515 3391 2777 3464 κληρικδς
2818 3391 2884 3442 ἐκ
2933 3389 3128 3443 τούτου
3163 3388 3255 3442 τοῦ
3298 3389 3696 3459 ἁμαρτήματος.

2157 3487 2289 3541 Ἀπὸ
2312 3486 2419 3558 γὰρ
2455 3485 2549 3538 τοῦ
2602 3482 2684 3538 κε’
2731 3481 3097 3540 ἀποστολικοῦ
3159 3483 3385 3543 κανόνος
3417 3481 3550 3533 καίὸ
3573 3478 3700 3529 οἱαν-

2145 3581 2334 3651 δήτινα
2387 3579 2694 3648 πορνεύσας
2730 3579 2965 3645 γυναῖκα
3016 3575 3281 3646 κληρικὸς
3336 3572 3696 3644 καθαιρεῖται·

2148 3672 2331 3742 πολλῷ
2362 3666 2454 3725 οὖν
2477 3671 2640 3723 πλέον
2668 3671 2695 3722 ὁ
2723 3669 2822 3740 τὴν
2871 3668 3091 3740 νύμφην
3133 3668 3231 3722 τοῦ
3265 3666 3502 3739 Χριστοῦ
3532 3663 3619 3718 καὶ
3646 3662 3699 3713 τὸ

2148 3763 2341 3828 σκεῦος
2377 3766 2438 3816 τὸ
2465 3760 2888 3832 ἀνατεθειμένος)
2933 3760 3011 3832 τῷ
3061 3760 3183 3831 Θεῷ
3245 3761 3486 3830 μολύνων
3524 3755 3700 3811 καθαι-

2149 3857 2460 3928 ρεθήσεται.
2521 3853 2820 3923 Ἀνάγνωθι
2855 3853 2953 3906 καὶ
2980 3851 3072 3907 τοῦ
3109 3853 3266 3920 ἁγίου
3299 3849 3576 3906 Βασιλείου
3606 3863 3696 3918 31a-

2146 3950 2276 4006 νόνα
2315 3946 2407 4020 ιη’,
2437 3946 2483 4001 κ’
2548 3947 2645 4002 καὶ
2681 3945 2745 4012 ξ’.
2793 3945 3099 4002 Μανθάνων
3158 3946 3348 4016 μέντοι
3383 3945 3497 4007 πῶς
3541 3956 3698 4009 τιμω-

2147 4043 2369 4116 ροῦνται
2417 4045 2464 4096 oi
2499 4040 2780 4104 τοιαύταις
2809 4037 3025 4108 γυναιξὶ
3080 4037 3426 4108 μιγνύμενοι,
3461 4034 3532 4106 μὴ
3579 4033 3699 4084 ἀπο·

2144 4139 2453 4211 διαστείλῃς
2514 4135 2815 4206 παρθενίαν
2846 4134 2880 4202 ἥ
2930 4133 3184 4205 χηρείαν,
3209 4133 3349 4188 ἀλλὰ
3380 4131 3504 4198 περὶ
3533 4125 3696 4192 πάσης

2145 4229 2401 4298 γυναικὸς
2453 4226 2857 4298 ἀφιερωθείσης
2894 4225 2972 4292 τῷ
3021 4224 3142 4294 Θεῴ
3203 4224 3328 4290 λέγε
3393 4220 3482 4274 τὸν
3516 4216 3699 4271 κανόνα

2147 4321 2555 4390 ἐκφωνηθῆναι.
2605 4321 2738 4372 "Eoo
2763 4320 2819 4372 δὲ
2871 4318 3026 4382 εἰδὼς
3073 4318 3153 4370 ὅτι
3185 4319 3213 4369 ό
3240 4313 3470 4385 τοιαύτῃ
3498 4311 3699 4380 γυναικὶ

2149 4415 2481 4486 μιγνύμενος
2510 4414 2697 4477 λαῖκδς
2728 4416 2836 4468 ἀπὸ
2893 4413 2992 4485 μὲν
3028 4411 3123 4465 τοῦ
3159 4410 3435 4480 παρόντος
3492 4403 3699 4461 κανόνος

2145 4506 2490 4580 ἀφορίζεται,
2530 4506 2637 4559 ἀπὸ
2686 4505 2742 4558 δὲ
2809 4504 2903 4558 τοῦ
2962 4503 3005 4558 ε’
3052 4501 3350 4570 κεφαλαίου
3384 4501 3477 4552 τοῦ
3514 4495 3560 4549 α’
3596 4493 3700 4546 τίτ-

458 4600 553 4654 λου
607 4599 702 4654 τοῦ
769 4598 808 4654 δ’
903 4600 1111 4670 βιϐλίου
1189 4599 1298 4652 τῶν
1374 4600 1707 4668 Βασιλικῶν,
1771 4602 1940 4673 ἤγουν
1997 4603 2094 4672 τῆς
2155 4608 2276 4671 ρκγ⁹
2346 4601 2588 4671 Νεαρᾶς,
2631 4597 2942 4668 κεφαλικῶς
3011 4595 3358 4666 τιμωρεῖται.
3420 4584 3700 4655 Ἀνάγνωοι

456 4695 554 4750 καὶ
607 4694 668 4747 τὸ
695 4692 740 4746 λ’
784 4709 906 4761 κεφ.
945 4693 1041 4746 τοῦ
1073 4693 1101 4745 θ
1143 4690 1322 4746 τίτλου
1353 4693 1444 4746 τοῦ
1477 4692 1746 4764 παρόντος
1775 4692 2178 4764 συντάγματος.

527 4783 782 4839 ZONAR.
819 4785 887 4840 Ut
912 4800 1007 4838 vas
1039 4785 1398 4855 quodcunque
1429 4798 1521 4842 aut
1551 4797 1760 4844 vestem
1801 4787 1909 4840 Deo
1951 4787 2033 4840 di-
2071 4795 2110 4847 ῐ)

455 4887 658 4940 catam,
687 4891 752 4930 ac
779 4874 1007 4942 proinde
1037 4886 1307 4939 sanctam,
1338 4878 1403 4932 ad
1440 4893 1498 4933 se
1524 4877 1833 4948 quempiam
1875 4891 2031 4932 aver-

454 4977 590 5035 tere,
648 4966 822 5035 iisque
865 4965 964 5031 ttti,
999 4967 1224 5021 vetitum
1247 4977 1351 5034 est,
1385 4978 1480 5022 aut
1511 4968 1601 5038 qui
1639 4968 1688 5022 id
1727 4983 1891 5023 ausus
1923 4968 2035 5022 itte-

453 5063 527 5118 rit
554 5061 852 5118 secundum
882 5061 1336 5130 septuagesimum
1373 5061 1531 5132 162
1564 5062 1782 5115 tertium
1819 5071 2034 5116 saneto-

452 5170 575 5212 rum
603 5153 970 5223 apostolorum
1000 5167 1260 5209 canonem
1301 5163 1618 5224 segregatur
1652 5173 1666 5209 :
1697 5155 1798 5220 sic,
1832 5155 2031 5212 multov

453 5260 560 5316 que
586 5245 759 5313 magis
803 5245 897 5314 qui
950 5243 1060 5300 Deo
1089 5251 1397 5309 sacratam,
1438 5245 1552 5300 sive
1595 5246 1884 5315 virginem,
1919 5247 2034 5301 sive

452 5339 616 5394 etiam
650 5337 963 5393 commercii
993 5336 1162 5391 virilis
1186 5337 1328 5392 haud
1358 5339 1694 5407 inexpertam
1725 5337 2029 5406 mulierem,

452 5429 758 5495 violaverit,
793 5444 897 5483 non
921 5430 1154 5500 impnuis
1173 5429 1338 5484 abibit
1367 5447 1382 5494 ;
1413 5432 1502 5481 sed
1543 5431 1586 5483 si
1621 5432 1793 5485 sacris
1827 5432 2032 5485 ordini-

450 5520 553 5574 bus
597 5519 839 5574 initiatus
872 5530 961 5572 aut
1003 5519 1224 5574 omnino
1275 5520 1327 5573 in
1364 5520 1568 5573 clerum
1613 5531 1900 5591 cooptatus
1933 5523 2027 5586 sit,

451 5623 506 5666 ut
540 5611 838 5680 sacrilegus
865 5612 947 5664 vel
974 5613 1136 5666 etiam
1170 5611 1433 5681 gravioris
1464 5611 1634 5680 culpae
1662 5630 1804 5678 rcus,
1831 5617 2028 5684 quippe

449 5701 544 5771 qui
590 5701 847 5756 feminam
910 5703 1019 5758 Deo
1052 5713 1421 5758 consecratam
1467 5704 1898 5772 desponsamque
1946 5720 2030 5757 rs.-

451 5792 594 5860 puit.
629 5793 961 5863 deponetur;
1000 5797 1043 5849 si
1082 5811 1208 5850 vero
1249 5795 1417 5850 laicus
1445 5794 1514 5849 sit
1541 5795 1632 5863 qui
1665 5795 1791 5850 talia
1841 5796 2024 5860 audet,

449 5887 823 5962 segregatione
867 5889 1207 5946 multabitur.
1281 5887 1387 5947 Sed
1428 5887 1472 5944 si
1535 5887 1784 5943 initiatus
1831 5887 2028 5960 aliquis

2219 4788 2462 4842 ZQNAP.
2492 4787 2706 4853 ’Ὥσπερ
2753 4782 2946 4844 σκεῦος
3011 4779 3392 4848 οἱονδηποτοῦν
3447 4778 3479 4848 ἢ
3525 4772 3699 4838 ὀθόνην

2147 4880 2480 4932 ἀνατεθέντα
2525 4877 2665 4944 Θεῷ,
2704 4875 3001 4930 κάντεῦθεν
3063 4873 3404 4941 ἁγιασθέντα
3466 4865 3702 4938 aes-cepi-

2145 4970 2337 5034 ζεσθαί
2362 4987 2444 5031 τις
2475 4970 2567 5022 καὶ
2603 4968 2837 5038 χρᾶσθαι
2902 4967 3086 5029 αὐτοῖς
3137 4964 3433 5028 κωλύεται,
3486 4961 3518 5031 ἢ
3558 4956 3701 5011 τοῦτο

2145 5063 2317 5116 ποιῶν
2351 5061 2675 5130 ἀφορίζεται
2737 5059 2881 5112 κατὰ
2935 5059 3025 5112 τὸν
3071 5054 3472 5127 ἑϐδομηκοστὸν
3533 5049 3700 5119 τρίτον

2145 5155 2346 5207 κανόνα
2408 5153 2518 5204 τῶν
2584 5151 2747 5222 ἱερῶν
2798 5149 3133 5202 ἀποστόλων·
3180 5146 3326 5202 οὕτω
3390 5144 3482 5198 καὶ
3537 5134 3701 5204 πολλῷ

2143 5247 2306 5301 πλέον
2334 5246 2430 5312 τὴν
2460 5245 2862 5314 ἀφιερωθεῖσαν
2899 5241 3019 5310 Θεῷ
3053 5240 3288 5310 φθείρων
3310 5256 3416 5301 τις,
3442 5235 3544 5289 κᾶν
3572 5245 3701 5300 παρ-

2141 5339 2296 5400 θένος
2339 5335 2395 5410 ᾖ,
2435 5336 2539 5390 κᾶν
2571 5334 2767 5401 ἀνδρὸς
2817 5335 2875 5385 ὲν
2904 5333 3070 5402 πείρᾳ⁵
3105 5329 3374 5400 πρότερον
3420 5324 3697 5394 γενομένη,

2139 5432 2239 5484 οὐκ
2305 5428 2658 5498 ἀτιμώρητος
2705 5426 2894 5488 ἔσται,
2925 5424 3040 5477 ἀλλ’
3084 5423 3131 5474 εί
3166 5422 3262 5491 μὲν
3299 5420 3590 5491 ίερωμένος
3619 5413 3697 5481 εἰη

2138 5523 2166 5574 ὁ
2199 5521 2355 5575 τοῦτο
2405 5523 2658 5590 ποιήσας,
2695 5519 2728 5587 ἢ
2758 5519 2892 5573 ὅλως
2929 5518 2986 5568 ἐν
3032 5515 3221 5585 κλήρῳ
3273 5509 3698 5579 κατειλεγμένος.

2143 5613 2598 5684 καθαιρεθήσεται
2633 5612 2706 5672 ὼς
2739 5609 3036 5679 ἱερόσυλος,
3089 5606 3123 5663 ἣ
3177 5607 3272 5660 καὶ
3324 5599 3616 5676 βαρύτερόν
3647 5613 3694 5649 τι

2137 5707 2452 5774 τολμήσαςο
2516 5704 2615 5771 τὴν
2669 5701 2780 5771 γὰρ
2830 5703 2908 5771 τῷ
2958 5701 3076 5767 Θεῴ
3120 5697 3521 5768 ἀφιερωθεῖσαν
3570 5693 3690 5742 ἐτει-

2136 5798 2323 5867 ληοεν·
2354 5799 2400 5848 εί
2450 5797 2507 5849 δὲ
2542 5796 2726 5855 λαῖκὸς
2778 5798 2807 5848 ό
2847 5793 3147 5864 τολμητὶας
3193 5789 3364 5852 ἐστὶν,
3421 5780 3699 5856 ἀφορισμῷ

2137 5890 2603 5963 ὑποϐληθήσεται.
2657 5886 2777 5943 Κᾶν
2828 5886 2885 5940 δὲ
2949 5885 3024 5957 μὴ
3079 5882 3434 5956 ἀφιερωμὲνῃ
3494 5873 3698 5948 γυναικὶ
