3940 6480
222 426 320 491 533

1340 424 1424 487 IN
1457 420 1623 486 CAN.
1658 416 1735 481 Vl
1770 412 1981 476 CONC.
2025 412 2106 474 IN
2140 410 2469 473 TRULI.0.

3392 401 3513 464 534"

224 538 391 614 μιχθῇ
434 552 518 600 τις
546 534 657 591 τῶν
695 533 1037 605 ἱερωμένων,
1057 532 1198 590 ἀλλὰ
1243 534 1433 607 λαῖκῇ,
1470 530 1807 604 καθαιρεθήο

1971 539 2038 579 tm
2064 537 2171 578 non
2207 536 2385 586 sacra,
2428 528 2480 573 at
2510 517 2631 573 laici
2664 515 2876 571 ordinis
2904 515 3104 571 l‘emiua
3142 528 3257 571 rem
3296 515 3503 570 habue‘

220 649 390 687 σεται.

218 817 441 873 ΛΡΙΣΤ.
531 836 550 869 ι
616 814 900 886 Κληρικδς
947 813 1136 884 νύμφῃ
1209 810 1345 865 Θεοῦ
1398 809 1805 878 συναπτόμενος

331 927 353 961 ι
410 906 813 978 καθαιρείσθω
848 909 877 961 6
906 905 963 960 δὲ
997 904 1207 969 λα’ίκδς,
1254 902 1624 976 ἀφοριζέσθω.
1673 920 1692 955 ι

319 999 362 1051 0
396 998 498 1068 μὲν
530 997 716 1053 κανὼν
748 990 904 1060 οὗτος
926 995 1020 1051 τὸν
1060 995 1319 1066 γαμικῶς
1347 992 1689 1063 συναφθέντα
1735 993 1802 1061 τῇ

226 1091 483 1161 παρθένῳ
513 1093 579 1163 τῇ
623 1090 1033 1165 καθιερωθείσῃ
1071 1090 1166 1143 καὶ
1188 1086 1563 1158 νυμφευθείσῃ
1590 1083 1729 1155 Θεῷ,
1756 1084 1807 1137 εἰ

230 1181 618 1255 μὲνκ).ηρικός
654 1184 791 1249 ἐστι,
856 1182 1113 1254 καθαιρεῖ
1170 1182 1355 1236 αὐτόν·
1410 1182 1459 1234 εί
1508 1180 1565 1233 δὲ
1596 1177 1805 1243 λαῖκὸς,

227 1277 485 1347 ἀφορίζει
509 1295 521 1307 ’
562 1280 592 1331 6
650 1277 708 1330 δὲ
763 1276 1233 1339 ὀκτωκαιδέκατος
1288 1273 1383 1328 τοῦ
1420 1272 1663 1342 μεγάλου
1696 1273 1807 1324 Βα-

228 1370 424 1423 σιλείου
458 1369 645 1423 κανὼν
676 1369 751 1432 ὡς
784 1367 969 1439 μοιχὸν
999 1367 1096 1422 καὶ
1122 1366 1367 1420 τοιοῦτον
1391 1363 1689 1433 λογίζεται,
1709 1363 1807 1417 καὶ

234 1464 314 1525 είς
347 1461 642 1515 κοινωνίαν
666 1460 830 1515 αὑτὸν
882 1461 1059 1525 ἄλλως
1111 1461 1171 1515 ού
1206 1460 1602 1533 παραδέχεται,
1637 1458 1687 1512 εί
1731 1457 1808 1529 μὴ

228 1554 497 1626 πρότερον
527 1555 628 1625 τῆς
651 1554 936 1625 ἁμαρτίας
961 1555 1169 1625 παυθῇ.

826 1650 1068 1703 ΚΑΝΩΝ
1090 1650 1167 1704 E'.

230 1757 253 1792 ‹
302 1740 518 1811 Μηδεὶς
549 1740 661 1796 τῶν
712 1744 769 1796 έν
803 1742 1068 1815 ἱερατικῷ
1102 1740 1416 1813 καταλόγῳ,
1446 1740 1558 1795 τῶν
1612 1741 1671 1795 ὲν
1729 1740 1808 1810 τῷ

296 1853 316 1885 ι
372 1836 572 1890 κανόνι
631 1836 1029 1907 ἐμφερομένων
1103 1836 1439 1891 ἀνυπόπτων
1499 1833 1809 1906 προσώπων

301 1949 321 1981 ι
371 1928 538 1992 ἐκτὸς
564 1929 792 1997 διάγων,
852 1930 1093 1997 γυναῖκα
1149 1927 1505 1999 κεκτήσθωῆ
1540 1929 1809 1997 θεραπαι-

298 2039 319 2072 ι
368 2022 520 2085 νίδα,
564 2022 628 2074 τὺ
662 2021 1040 2092 ἀνεπίληπτον
1091 2021 1275 2091 ἐαυτῷ
1316 2020 1573 2074 ἐντεῦθεν
1603 2020 1808 2089 τηρῶν.
1848 2068 1851 2071 ,

301 2133 320 2165 ι
367 2115 433 2168 Ei
460 2114 524 2168 δὲ
558 2116 892 2187 παραϐαίνει
918 2132 1003 2178 τις
1024 2114 1091 2168 τά
1126 2115 1257 2184 παρ’
1288 2114 1446 2184 ἡμῶν
1493 2112 1809 2183 ὁρισθέντα,

300 2226 319 2259 ι
371 2208 776 2279 καθαιρείσθω.
809 2208 884 2261 Τὸ
927 2208 1061 2261 αὐτὸ
1093 2208 1151 2261 δὲ
1186 2206 1343 2260 τοῦτο
1376 2206 1470 2260 καὶ
1516 2206 1569 2259 οί
1626 2205 1814 2259 εὐνοῦ·

301 2319 320 2351 ι
374 2317 467 2370 χοι
522 2298 1170 2369 παραφυλαττέσθωσαν,
1215 2298 1277 2352 τὸ
1332 2298 1629 2367 ἄμεμπτον
1686 2300 1815 2351 ἑαυ·

306 2411 326 2442 ι
378 2394 501 2455 τοῖς
548 2393 967 2464 προνοούμενοι·
1010 2390 1449 2462 παραϐαίνοντες
1501 2390 1583 2453 δὲ,
1619 2392 1668 2444 εί
1718 2390 1818 2460 μὲν

304 2504 322 2535 ι
375 2484 644 2555 κληρικοὶ
698 2483 833 2549 εἷεν,
903 2484 1408 2556 καθαιρείσθωσαν,
1441 2482 1581 2536 εἰδὲ
1614 2482 1813 2549 λαῖκοὶ,

308 2598 326 2629 ‹
375 2578 871 2650 ἀφοριζέσθωσαν.
910 2597 928 2631 ι

314 2673 517 2727 ΒᾹΛΣ.
554 2674 646 2726 Ἐν
678 2671 755 2742 τῷ
780 2673 953 2744 τρίτῳ
977 2672 1165 2726 κανόνι
1195 2670 1298 2741 τῆς
1329 2671 1389 2724 ὲν
1418 2669 1629 2740 Νικαίᾳ
1664 2668 1820 2740 πρώ-

241 2781 335 2833 της
372 2764 607 2818 συνόδου
661 2764 1007 2834 πλατύτερον
1057 2762 1384 2832 ἐγράψαμεν
1415 2762 1543 2832 περὶ
1573 2754 1648 2815 ὧν
1680 2778 1821 2830 φησι

247 2856 339 2909 καὶ
371 2855 402 2909 6
429 2854 631 2924 παρὼν
684 2854 888 2909 κανών·
939 2853 1036 2907 καὶ
1070 2852 1223 2923 ζήτει
1255 2851 1324 2903 τά
1363 2853 1423 2904 ὲν
1462 2850 1658 2920 ἐκείνῳ
1717 2866 1822 2902 πα-

240 2948 622 3019 ραγραφέντα.
683 2948 798 3002 Καὶ
835 2946 1146 3018 σημείωσαι
1177 2946 1241 2997 ἐκ
1273 2946 1494 2999 πάντων
1524 2945 1608 2998 ὅτι
1650 2943 1748 2995 καὶ
1770 2943 1820 2995 οἱ

241 3044 489 3114 εύνοῦχοι
548 3043 908 3115 ἀφορίζονται
973 3039 1116 3113 μετά
1182 3041 1464 3111 γυναικῶν
1526 3036 1822 3108 ἀλλοτρίων

244 3153 651 3201 συνοικουντες.

1918 618 2024 681 rit,
2082 614 2438 688 depositionis
2493 611 2715 668 multam
2774 609 3130 665 nihilominus
3198 625 3303 664 non
3367 608 3502 663 ell'tt-

1916 711 2045 778 giet.

1917 800 2143 857 ARIST.
2183 819 2202 852 ι
2251 797 2494 854 Clericus
2539 796 2629 852 Dei
2664 811 2874 867 sponsa:
2917 795 3240 864 coniunctus
3279 791 3504 862 deponi-

2165 904 2284 948 tur:
2306 892 2477 947 laicus
2498 898 2676 945 autem
2700 888 3226 944 excommunicztur.
3261 904 3279 938 ι

1992 987 2088 1045 llic
2124 987 2339 1058 quidem
2382 1000 2554 1042 canon
2595 999 2741 1045 eum,
2778 982 2869 1052 qui
2920 981 3112 1051 virgini
3166 987 3501 1033 consecrata)

1935 1090 1991 1135 ct
2038 1082 2381 1152 desponsata:
2432 1078 2542 1133 Deo
2582 1075 2770 1147 copula
2822 1073 3215 1129 matrimoniali
3270 1073 3503 1141 conjun-

1918 1178 2080 1247 gitur,
2131 1176 2176 1231 si
2203 1175 2416 1244 quidem
2447 1173 2678 1228 clericus
2710 1181 2813 1237 est,
2850 1170 3119 1239 deponit:
3172 1169 3256 1222 sin
3302 1167 3499 1231 laicus,

1915 1268 2375 1326 excommunicat.
2433 1265 2503 1320 At
2538 1266 2780 1321 decimus
2827 1272 3051 1318 octavus
3089 1259 3273 1317 Basilii
3324 1263 3525 1329 magni

1918 1378 2095 1419 canon
2161 1362 2321 1416 talem
2362 1369 2420 1416 ut
2476 1358 2782 1414 adulterum
2846 1365 3095 1425 reputat,
3151 1370 3388 1424 eumque
3435 1356 3503 1406 ad

1918 1454 2355 1511 communionem
2411 1469 2515 1509 non
2559 1452 2719 1509 aliter
2750 1450 3011 1517 admittit,
3057 1450 3159 1504 nisi
3196 1466 3224 1504 a
3270 1457 3521 1519 peccato.

1918 1548 2070 1619 prius
2104 1550 2425 1604 cessaverit.

2534 1637 2766 1694 CANON
2822 1634 2888 1690 ν.

1924 1748 1943 1781 ‹
1987 1728 2173 1786 Nullus
2215 1746 2404 1786 eorum
2442 1730 2533 1802 qui
2570 1732 2622 1787 in
2663 1729 2987 1786 sacerdotali
3033 1731 3281 1799 catologo
3310 1742 3502 1783 receiv-

1995 1842 2015 1875 ι
2052 1833 2261 1891 sentur,
2290 1832 2440 1879 extra
2478 1839 2593 1889 eas.
2621 1840 2740 1895 qua:
2768 1825 2821 1879 in
2854 1839 3059 1879 canone
3094 1824 3426 1889 inseruntur,
3472 1838 3503 1875 a

1995 1936 2013 1968 ι
2052 1917 2357 1988 suspicione
2384 1917 2588 1974 alienas
2632 1932 2911 1986 personas,
2954 1918 3177 1988 degens,
3224 1916 3502 1969 mulierem

1996 2026 2014 2059 ι
2058 2008 2330 2076 possideat
2376 2007 2457 2062 vel
2498 2007 2770 2069 ancillam,
2819 2021 2878 2062 se
2910 2007 3035 2060 nulli
3092 2004 3505 2076 reprehensioni

1994 2117 2013 2149 ι
2060 2097 2352 2153 obuoxium
2401 2113 2467 2152 ex
2501 2099 2605 2153 hoc
2631 2113 2875 2152 servans.
2913 2096 2969 2151 Si
3003 2096 3123 2165 quis
3164 2104 3341 2149 autem
3381 2108 3503 2164 qua:

1996 2210 2013 2241 ι
2058 2205 2084 2243 a
2117 2190 2274 2244 nobis
2328 2190 2549 2245 deﬁnita
2609 2200 2733 2245 sunt
2780 2188 3114 2251 transilierit,
3173 2189 3504 2255 deponatur.

1997 2303 2015 2335 ι
2056 2283 2169 2340 lloe
2195 2282 2372 2351 ipsum
2402 2292 2577 2337 autem
2607 2283 2766 2335 etiam
2791 2281 3023 2336 eunurhi
3059 2288 3297 2344 servent,
3334 2286 3391 2331 ut
3419 2277 3502 2330 in-

1998 2395 2016 2427 ι
2055 2376 2255 2445 eulpati
2298 2376 2405 2431 sint
2452 2377 2818 2445 providentes.
2859 2372 2957 2439 Qui
2990 2382 3167 2427 autem
3206 2380 3504 2438 transgre-

1998 2488 2017 2521 ι
2058 2470 2302 2533 diuntur,
2338 2469 2381 2523 si
2418 2468 2524 2521 sint
2559 2466 2776 2536 quidem
2807 2463 3014 2530 clerici,
3042 2462 3418 2531 deponantur:
3449 2458 3493 2513 si

1999 2580 2017 2613 ι
2054 2577 2184 2617 vero
2210 2561 2356 2627 laici,
2383 2569 2757 2630 segregentur.
2782 2578 2802 2611 ι

1997 2654 2188 2711 BALS.
2225 2653 2281 2708 In
2320 2653 2354 2706 5
2388 2669 2513 2708 can.
2543 2651 2729 2722 prima:
2757 2665 2877 2720 syn.
2910 2647 3144 2704 Nicaeus:
3174 2646 3348 2700 fusius
3376 2643 3514 2698 scri-

1924 2745 2126 2817 psimus
2170 2743 2238 2797 de
2283 2743 2347 2798 iis
2399 2757 2521 2811 qua:
2564 2740 2697 2795 dicit
2727 2754 2966 2808 prtesens
3004 2752 3178 2791 canon
3207 2776 3221 2801 ,
3250 2745 3302 2788 et
3331 2746 3515 2802 quaere

1923 2852 2043 2908 quae
2090 2836 2143 2889 in
2201 2834 2290 2888 illo
2331 2834 2604 2901 adscripta
2653 2840 2799 2886 sunt.
2849 2830 2912 2884 Et
2950 2838 3077 2882 nota
3122 2843 3187 2881 ex
3232 2825 3512 2890 omnibus,

1924 2930 2067 2999 quod
2106 2928 2272 2984 etiam
2322 2925 2558 2981 eunuchi
2587 2933 2961 2996 segregantur,
3006 2920 3097 2991 qui
3141 2935 3265 2976 eum
3321 2918 3513 2975 alienis

1929 3021 2245 3077 mulieribus
2277 3018 2616 3074 eobabitant.

308 3230 565 3285 ΖΩΝΑΡ.
610 3191 701 3284 ἰΓὰ
732 3229 871 3283 αὑτά
901 3229 1000 3283 καὶ
1032 3230 1061 3283 6
1084 3228 1270 3299 τρίτος
1291 3225 1476 3281 κανὼν
1501 3227 1601 3295 τῆς
1630 3227 1688 3279 ὲν
1714 3226 1824 3279 Νι-

1997 3201 2254 3267 ZONAR.
2289 3200 2557 3268 Quoniam
2595 3198 2781 3254 eadem
2824 3196 2928 3252 hoe
2960 3194 3078 3249 loco
3104 3207 3225 3264 qute
3276 3191 3511 3249 Nicaeum

242 3325 369 3395 καίᾳ
399 3323 633 3395 πρώτης
663 3324 884 3380 συνόδου
923 3322 1189 3388 ὡρίσατο,
1219 3320 1316 3374 καὶ
1342 3319 1608 3391 ζητητέον
1637 3319 1708 3372 τά
1765 3320 1825 3373 ὲν

244 3414 438 3487 ἐκείνῳ
469 3416 764 3495 εἰρημένα.

244 3507 470 3563 ΔΡΙΣΤ.
540 3528 560 3563 ι
606 3510 719 3563 Καὶ
776 3509 1030 3579 εὐνοῦχος
1098 3510 1283 3576 lapsu;
1352 3504 1714 3574 θεραπαινίδα
1794 3504 1828 3574 ἢ

320 3618 340 3652 ι
386 3602 612 3673 ἑτέραν,
642 3602 787 3673 πλὴν
846 3601 958 3655 τῶν
990 3601 1340 3663 ἀνυπόπτων,
1388 3597 1464 3669 μὴ
1518 3594 1829 3666 κεκτήσθω,

319 3712 339 3744 ι
386 3695 733 3766 προσώπων.

315 3786 391 3839 Τὸ
421 3786 792 3846 ἐπεισάκτους
820 3783 968 3853 ἔχειν
1007 3782 1134 3846 τοὺς
1165 3781 1501 3851 ίερωμένους
1534 3782 1833 3850 γυναῖκας,

248 3878 349 3932 κᾶν
380 3876 637 3946 εὐνοῦχοί
672 3877 798 3939 εἰσι,
830 3875 941 3929 κᾶν
968 3875 1113 3942 ἄγαν
1144 3873 1397 3945 γηραιοὶ,
1443 3873 1537 3926 καὶ
1579 3873 1608 3924 6
1640 3871 1834 3941 παρὼν

250 3971 432 4025 κανὼν
465 3971 563 4025 καὶ
596 3971 631 4041 ἡ
654 3969 749 4022 τοῦ
781 3968 1023 4039 μεγάλου
1058 3965 1346 4019 Βασιλείου
1369 3963 1507 4037 πρὸς
1531 3964 1835 4035 Γρηγόριον

252 4064 632 4134 πρεσϐύτερον
660 4060 917 4131 ἐπιστολὴ
948 4058 1174 4123 κωλύει,
1209 4058 1261 4112 εί
1325 4057 1399 4128 μή
1455 4073 1561 4109 που
1594 4056 1705 4109 τῶν
1747 4056 1839 4109 ἀνο

253 4158 513 4209 υπόπτων
552 4156 861 4224 προσώπων
892 4152 1030 4205 εἰσὶν
1058 4151 1115 4204 αἱ
1145 4151 1423 4218 γυναῖκες,
1447 4146 1558 4201 οἷον
1580 4146 1837 4217 μητέρες,

258 4246 514 4314 ἀδελφαὶ,
550 4243 646 4297 καὶ¹
707 4242 844 4313 πρὸς
891 4238 1101 4310 πατρὸς
1146 4239 1181 4309 ἢ
1236 4239 1372 4310 πρὸς
1419 4236 1624 4308 μητρὸς
1670 4235 1837 4300 θεῖαι,

261 4341 355 4392 καὶ
392 4338 556 4393 ἄλλαι
604 4334 752 4398 τινὲς
783 4333 1055 4387 τοιαῦται.
1107 4332 1248 4394 Τοὺς
1300 4330 1359 4384 δὲ
1393 4328 1842 4401 παραϐαίνοντας

260 4432 325 4485 τά
371 4429 667 4500 ὁρισθέντα
716 4423 1107 4494 καθαιρεῖσθαι
1180 4423 1641 4494 προστάττουσιν.
1717 4421 1844 4474 Ἐπὶ

262 4524 316 4577 δὲ
346 4524 457 4577 τῶν
502 4520 783 4589 εὐνούχων
837 4517 898 4570 τὺ
930 4515 1092 4569 πλέον
1125 4518 1153 4569 6
1176 4514 1368 4586 παρὼν
1390 4513 1591 4581 ἐπάγει
1632 4510 1840 4577 κανὼν,

263 4616 343 4669 ὅτι
363 4617 469 4670 κᾶν
497 4608 935 4675 λαῖκοίείσι,καὶ
971 4608 1266 4662 συνοικῶσι
1298 4603 1515 4676 γυναιξὶ
1553 4604 1628 4674 μὴ
1658 4601 1846 4663 οὔσαις

271 4710 375 4763 ἀπο
415 4707 531 4760 τῶν
570 4704 905 4760 ἀνυπόπτων
947 4701 1294 4771 συγγενικῶν
1345 4696 1675 4769 προσώπων,
1710 4695 1847 4763 ἀφο-

274 4802 536 4872 ρίζονται.
876 4849 881 4853 .

907 4886 1148 4941 KANQN
1189 4884 1282 4952 ς’.

279 5005 299 5040 ι
351 4985 577 5054 Ἐπειδὴ
607 4983 756 5054 παρά
793 4984 907 5046 τοῖς
958 4979 1341 5042 ἁποστολικοῖς
1379 4977 1603 5031 κανόσιν
1635 4979 1852 5048 εἴρηται

349 5097 367 5127 ‹
417 5077 528 5129 τῶν
574 5077 655 5138 εἰς
688 5073 893 5144 κλῆρον
928 5069 1361 5143 προσαγομένων
1397 5067 1630 5139 ἀγάμων
1658 5068 1854 5138 μόνους

351 5191 368 5221 ι
415 5165 774 5236 ἀναγνώστας
803 5165 898 5218 καὶ
916 5164 1127 5233 ψάλτας
1144 5163 1366 5231 γαμεῖν’
1391 5158 1482 5212 καὶ
1511 5160 1675 5230 ἡμεῖς
1696 5157 1857 5211 τοῦτο

344 5279 361 5311 ι
420 5255 945 5328 παραφυλάττοντες
972 5250 1234 5322 ὁρίζομεν
1265 5250 1375 5303 ἀπὸ
1412 5250 1509 5303 τοῦ
1543 5250 1639 5301 νῦν
1676 5249 1855 5320 μηδα-

353 5370 373 5404 ι
430 5351 548 5421 μῶς
598 5348 953 5403 ὑποδιάκονον
1003 5346 1036 5415 ἢ
1084 5345 1333 5398 διάκονον
1390 5342 1423 5413 ἢ
1484 5341 1858 5411 πρεσϐύτερον

355 5463 373 5497 ι
432 5442 571 5511 μετὰ
612 5441 712 5512 τὴν
757 5440 843 5492 ἐπ’
893 5437 1040 5507 αὐτῷ
1092 5434 1432 5506 χειροτονίαν
1471 5432 1620 5501 ἔχειν
1676 5432 1861 5484 ἄδειαν

358 5555 375 5588 ι
422 5533 599 5603 ἐαυτῷ
616 5534 870 5603 συνιστᾷν
894 5530 1247 5583 συνοικέσιον.
1271 5526 1334 5579 Εἰ
1359 5525 1415 5578 δὲ
1432 5523 1864 5592 τοῦτοτολμὴσοι

356 5650 374 5680 ι
428 5629 715 5697 ποιυῆσαι,
758 5622 1128 5694 καθαιρείσθω
1293 5634 1307 5648 ’
1335 5619 1385 5670 εἰ
1412 5617 1466 5670 δὲ
1500 5613 1747 5684 βούλοιτό
1778 5630 1863 5676 τις

1934 3309 2150 3365 quoque
2211 3293 2400 3361 prima:
2444 3291 2636 3363 synodi
2686 3303 2898 3345 canone
2947 3288 3108 3344 tertio
3164 3285 3516 3351 deﬁniuntur,

1934 3386 2059 3440 vide
2087 3400 2207 3452 quae
2232 3384 2302 3438 ibi
2338 3382 2597 3437 diximus.

1934 3475 2164 3532 ARIST.
2209 3495 2227 3528 ι
2273 3474 2572 3529 Eunuchus
2598 3474 2763 3528 etiam
2804 3470 3064 3527 Sacerdos
3112 3468 3386 3531 ancillam,
3432 3464 3520 3521 vel

2016 3589 2035 3622 ι
2082 3570 2267 3633 aliam,
2291 3568 2531 3637 exceptis
2556 3568 2643 3629 iis,
2677 3567 2731 3620 in
2756 3579 2893 3634 quas
2920 3564 3065 3618 nulla
3099 3559 3519 3628 caditsuspicio,

2014 3682 2032 3715 ι
2077 3661 2350 3732 personis,
2386 3675 2452 3713 ne
2482 3659 2781 3728 possideat.
2822 3676 2841 3709 ι

2010 3753 2269 3810 Saeratos
2317 3752 2651 3805 introductas
2692 3750 2893 3803 habere
2942 3747 3215 3810 mulieres,
3263 3745 3389 3799 licet
3425 3759 3522 3799 eu-

1941 3847 2101 3902 nuchi
2156 3846 2289 3909 sint,
2349 3855 2443 3899 aut
2488 3843 2780 3896 admodum
2822 3855 3003 3906 senes,
3041 3849 3096 3893 et
3139 3853 3378 3907 praesens
3424 3851 3520 3891 ca-

1940 3956 2070 4003 non,
2103 3949 2156 3993 et
2187 3936 2378 3994 Basilii
2429 3934 2612 4003 magni
2659 3934 2725 3986 ad
2769 3932 3097 4001 Gregorium
3140 3928 3519 4000 presbyterum

1940 4028 2167 4099 epistola
2203 4026 2475 4096 prohibet,
2509 4024 2612 4076 nisi
2649 4021 2789 4076 forte
2815 4020 3072 4075 mulieres
3120 4019 3231 4072 sint
3277 4032 3523 4086 persona:

1941 4130 2095 4176 extra
2116 4133 2332 4172 omnem
2357 4113 2682 4184 suspicionis
2706 4113 2877 4167 aleam
2902 4111 3110 4181 positas,
3137 4121 3266 4178 puta
3295 4121 3522 4168 matres.

1944 4227 2182 4278 sorores,
2234 4211 2434 4275 amitae,
2475 4215 2816 4269 materterze,
2847 4216 2900 4260 et
2936 4204 3200 4271 ejusmodi
3240 4202 3377 4257 alite.
3421 4202 3524 4255 Eos

1945 4316 2147 4368 autem,
2173 4305 2261 4372 qui
2293 4302 2407 4356 haec
2433 4302 2649 4355 decreta
2677 4296 3061 4360 transilierinr,
3085 4295 3284 4365 deponi
3310 4293 3521 4360 juhent.

1948 4400 2023 4453 De
2067 4396 2332 4451 eunuchis
2381 4403 2561 4447 autem
2593 4392 2714 4462 plus
2744 4389 2909 4444 etiam
2959 4388 3109 4440 addit
3158 4388 3246 4441 hic
3286 4398 3528 4454 praesens

1946 4506 2144 4553 canon,
2186 4489 2329 4557 quod
2358 4487 2483 4541 licet
2515 4485 2640 4540 laici
2663 4484 2794 4549 sint,
2826 4490 2881 4537 et
2903 4495 3008 4534 una
3029 4495 3153 4534 cum
3188 4478 3528 4539 mulieribus,

1881 4570 1922 4625 Ι)
1953 4600 2073 4653 qua:
2104 4598 2208 4635 non
2236 4589 2447 4636 suntex
2470 4577 2716 4647 cognatis
2760 4575 2879 4630 istis
2907 4572 3157 4642 personis
3186 4584 3403 4625 omnem
3438 4582 3533 4621 su-

1955 4676 2256 4746 spieionem
2295 4670 2701 4742 ell'ugientibus,
2758 4668 3112 4730 cohabitent,
3153 4663 3536 4718 excommuni-

1957 4778 2118 4825 cantu
2128 4784 2172 4823 Γ.

2523 4853 2757 4912 CANON
2811 4850 2899 4908 Vh

1966 4978 1983 5009 ‹
2032 4955 2300 5023 Quoniam
2335 4954 2389 5008 in
2447 4948 2761 5020 apostolicis
2806 4944 3107 4999 canoni-hus
3165 4942 3366 4997 dictum
3416 4948 3536 5001 est,

2039 5073 2061 5104 ι
2102 5065 2290 5106 eorum
2337 5046 2427 5115 qui
2465 5060 2570 5098 non
2598 5041 2757 5096 ducta
2782 5053 2961 5093 uxore
2992 5037 3046 5091 in
3076 5037 3283 5090 clerum
3323 5048 3541 5104 promo-

2043 5164 2061 5196 σ
2109 5151 2328 5205 ventur,
2358 5139 2504 5194 solos
2528 5137 2762 5190 lectores
2784 5142 2838 5188 et
2858 5140 3110 5186 cantores
3135 5142 3354 5182 uxorem
3384 5140 3543 5195 posse

2045 5256 2062 5286 ι
2109 5238 2307 5289 dueere
2334 5250 2346 5285 :
2378 5240 2430 5283 et
2472 5244 2568 5283 nos
2604 5228 2701 5280 hoc
2730 5233 3009 5280 servantes
3031 5264 3045 5283 ,
3087 5218 3454 5279 decernimus,
3487 5227 3546 5271 ttt

2047 5349 2063 5381 ι
2107 5328 2365 5394 deinceps
2409 5321 2539 5375 nulli
2590 5318 2804 5389 penitus
2836 5316 3212 5388 hypodiarono
3240 5352 3254 5373 ,
3299 5310 3380 5363 vel
3431 5310 3546 5364 dia-

2046 5442 2064 5474 ‹
2113 5436 2273 5481 cono,
2327 5415 2407 5470 vel
2453 5412 2790 5483 presbytero,
2822 5418 2943 5479 post
2990 5406 3073 5462 sui
3119 5401 3543 5461 ordinationem.

2050 5533 2068 5566 ι
2116 5508 2426 5579 conjugium
2468 5504 2802 5559 contrahere
2855 5501 3035 5554 liceat.
3072 5496 3130 5550 Si
3174 5502 3353 5548 autem
3388 5490 3548 5545 fuerit

2053 5625 2070 5657 ι
2120 5606 2222 5658 hoc
2257 5615 2419 5654 ausus
2449 5597 2648 5661 facere,
2671 5594 2995 5662 tleponatur.
3025 5587 3081 5644 Si
3105 5586 3228 5656 quis
3252 5593 3429 5637 autem
3454 5596 3546 5636 c0-

1484 5709 1686 5772 Guill.
1719 5704 2053 5784 Beveregii
2098 5708 2291 5763 notae.

368 5822 479 5890 (59)
521 5819 947 5890 Καθαιρεῐσθῳ.
975 5813 1432 5890 llarmcnOpulus
1452 5825 1678 5890 sensum
1706 5808 1872 5876 hujus

1421 5881 1432 5896 ε

1420 5900 1429 5917 θ

295 5880 522 5947 canonis
555 5880 793 5949 breviter
852 5889 933 5945 sic
986 5880 1273 5958 exprimit,
1299 5881 1502 5953 ἱερεὺς,
1534 5880 1565 5949 ἢ
1598 5881 1869 5945 διάκονος,

1980 5776 2013 5874 ἦ
2047 5801 2405 5874 ὐποδιάκρνοε
2437 5794 2573 5874 μετὰ
2750 5776 3548 5874 ιειροτφέίανᾞλεξέιιῐςςἕὲιέῗὶ;

1985 5848 2519 5945 ὃεῐςὲὸ’ᾧζ“’ἑάεὲνὶιος
2580 5848 2687 5916 aut.
2732 5848 3014 5919 diaiouus,
3073 5861 3167 5906 aut
3193 5848 3549 5904 Subdiaconus
