3940 6480
429 411 536 476 539

504 545 523 576 ι
567 524 825 580 invitatus
875 521 1064 588 fueris,
1111 521 1164 577 in
1225 521 1414 577 ultimo
1442 520 1562 578 loco
1609 519 1908 580 accumbe,
1941 522 2001 569 ut
2029 517 2074 576 Δ

507 639 526 670 ε
571 618 791 688 quando
834 617 1040 673 venerit
1081 616 1172 687 qui
1228 625 1278 671 te
1341 614 1630 682 invitavit,
1678 614 1824 668 dicat
1873 611 1998 676 tibi,

507 731 526 764 ι
567 712 775 777 Amice,
827 710 1060 766 ascende
1112 710 1309 776 altius;
1365 719 1492 764 tunc
1530 708 1633 764 erit
1682 708 1776 763 tibi
1829 706 2000 776 gloria

503 820 522 852 ι
559 817 740 856 coram
776 801 841 856 iis
866 800 956 870 qui
998 810 1172 856 tecum
1203 800 1550 854 accumbunt.
1585 799 1721 852 Nam
1753 795 2001 868 quisquis

501 913 520 945 ι
560 909 619 950 se
655 893 869 949 extollit
895 933 910 955 ,
961 893 1336 948 Itumiliabitur
1361 931 1379 958 ,
1413 900 1465 947 et
1499 891 1590 962 qui
1629 906 1688 945 se
1727 889 1995 953 humiliat,

502 1007 520 1038 ι
563 986 975 1040 exaltabitur".
1016 1004 1034 1036 ι
1069 983 1181 1040 Hoc
1217 985 1390 1054 ipsum
1422 993 1600 1039 autem
1624 983 1789 1038 etiam
1817 996 2002 1042 serva:

500 1094 518 1127 ι
555 1077 700 1131 bitur
745 1078 796 1130 in
828 1077 1048 1146 reliquis
1081 1076 1253 1132 sacris
1281 1076 1563 1132 ordinibus
1598 1091 1612 1128 :
1654 1073 1997 1145 quandoqui-

503 1185 522 1216 ‹
558 1168 677 1220 dem
698 1165 1046 1221 saecularibus
1071 1180 1166 1221 seu
1192 1165 1840 1235 mundanisﬁdignitatibus
1876 1162 1990 1234 spi-

503 1277 521 1309 ‹
562 1257 747 1313 ritales
774 1258 1182 1326 praestautiores
1203 1271 1330 1314 esse
1359 1258 1586 1312 scimus.
1619 1275 1639 1309 ι

495 1523 577 1577 BA
588 1523 688 1581 LS.
717 1523 964 1580 Decimus
985 1535 1202 1580 octavus
1224 1539 1396 1580 canon
1417 1538 1534 1594 syn.
1556 1524 1744 1595 primm
1770 1522 2000 1579 Nicatnte

417 1617 574 1684 jubet
601 1617 794 1686 deponi
828 1618 1082 1673 diaconos
1110 1619 1198 1687 qtti
1232 1617 1420 1672 sedent
1457 1617 1508 1671 iu
1548 1617 1724 1670 medio
1766 1617 1992 1688 presby-

423 1715 683 1760 terorum.
720 1707 959 1760 Praesens
990 1716 1166 1760 autent
1201 1722 1372 1760 canon
1408 1722 1501 1760 eos
1531 1707 1618 1776 qui
1651 1707 1730 1760 sic
1762 1707 1989 1768 faciunt,

419 1813 485 1851 cx
567 1801 780 1866 proprii
843 1799 1011 1868 gradu
1073 1799 1228 1864 dejiei
1311 1799 1482 1869 jubet.
1562 1799 1616 1852 Si
1676 1800 1822 1854 enim
1876 1799 1994 1854 aliis

425 1886 565 1941 forte
597 1887 834 1941 diaconis
855 1889 907 1942 in
937 1891 1100 1959 gradu
1133 1889 1283 1960 prior
1311 1899 1424 1944 erat
1453 1889 1543 1958 qui
1569 1904 1627 1944 se
1657 1889 1995 1958 impudenter

420 1978 607 2046 gessit,
641 1988 694 2032 et
724 1989 847 2034 ante
874 1981 1216 2051 presbyteros
1239 1983 1398 2048 sedit,
1442 1983 1493 2037 in
1526 1982 1778 2036 ultimum
1821 1982 1995 2037 locum

425 2069 758 2134 deunittetur,
793 2081 845 2125 et
873 2076 976 2125 erit
1010 2073 1062 2126 in
1095 2074 1258 2143 gradu
1288 2077 1527 2128 omnium
1565 2076 1768 2140 inﬁmo,
1803 2090 1903 2130 nec
1948 2077 1997 2130 id

423 2161 567 2228 quod
598 2162 757 2218 habet
789 2164 1020 2218 ollicium
1064 2166 1491 2220 ecclesiasticum
1534 2183 1625 2221 seu
1677 2169 1911 2238 dignitas
1947 2170 1996 2224 ei

428 2254 687 2320 proderit.
719 2255 813 2308 Sin
844 2265 1019 2309 autem
1049 2271 1074 2308 a
1108 2273 1207 2311 suo
1231 2258 1534 2326 patriarcha
1571 2258 1654 2312 vel
1685 2260 1997 2328 metropoli-

421 2353 548 2398 tano
577 2345 629 2398 iu
661 2346 892 2414 aliquam
924 2349 1108 2400 urbem
1133 2350 1326 2403 missus
1352 2350 1538 2414 fuerit,
1561 2362 1615 2404 ut
1645 2351 1824 2406 locum
1851 2352 1995 2408 illius

421 2436 748 2504 repleturus,
785 2447 912 2494 tunc
940 2440 1184 2509 perinde,
1215 2457 1277 2497 ac
1307 2443 1394 2512 qui
1431 2443 1604 2512 ipsum
1636 2445 1801 2507 misit.
1832 2461 1995 2516 repu-

420 2527 627 2581 tabitur
646 2537 700 2582 et
732 2529 1108 2585 honorabitur.
1157 2531 1440 2598 Quomodo
1471 2550 1602 2590 vero
1660 2535 1726 2591 l8
1776 2540 1991 2607 quidem

419 2633 592 2672 canon
624 2618 740 2674 Nic.
774 2637 892 2690 syn.
923 2637 1068 2687 eum,
1107 2623 1198 2693 qui
1241 2624 1294 2678 in
1329 2626 1504 2680 medio
1557 2631 1990 2700 presbyterorum

418 2709 580 2773 sedit,
609 2709 890 2767 diaconum
923 2713 1298 2783 deponendum
1344 2719 1474 2773 dicit
1514 2735 1528 2772 :
1564 2719 1651 2774 hic
1679 2732 1856 2776 autem
1911 2723 1991 2779 le-

416 2800 538 2855 vius
563 2800 613 2855 in
644 2817 764 2856 eum
800 2804 1201 2874 animadvertit,
1238 2823 1429 2879 nempe
1491 2811 1844 2868 dimissione?
1892 2813 1993 2870 So-

420 2891 584 2947 iutio.
622 2892 713 2950 llle
745 2896 960 2964 quidem
1011 2913 1184 2953 canon
1224 2901 1291 2954 de
1323 2902 1388 2956 iis
1421 2904 1511 2972 qui
1543 2904 1598 2958 in
1635 2921 1792 2960 sacro
1823 2907 1989 2962 tribu-

1683 399 1966 464 THEOD.
1998 397 2406 468 BALSAMON

3549 406 3642 468 540

2181 539 2200 570 σ
2237 520 2408 574 ἐλθὼν
2449 522 2478 575 ό
2529 520 2590 576 σὲ
2633 518 2730 574 καὶ
2773 514 2938 572 αὐτὸν
2981 513 3217 578 καλέσας
3255 511 3368 584 ipsi
3403 529 3517 568 σοι’
3560 517 3646 578 A6;

2187 632 2204 664 ι
2245 613 2419 685 τούτῳ
2451 613 2647 668 τόπον⁶
2678 610 2773 666 καὶ
2799 611 2921 664 τότε
2952 606 3091 678 ἄρξῃ
3129 607 3268 676 μετὰ
3295 609 3543 678 αἰσχύνης
3567 609 3648 662 τόν

2179 719 2198 753 ι
2237 703 2466 774 ἔσχατον
2513 703 2680 758 τόπον
2731 701 3020 770 κατέχειν
3080 697 3194 751 ἀλλ’
3251 698 3377 752 ὅταν
3430 699 3650 771 κληθῇς,

2183 815 2201 847 ι
2235 796 2474 851 ἀνάπεσε
2521 799 2602 860 είς
2646 797 2739 850 τὸν
2771 795 3000 864 ἔσχατον
3031 795 3217 858 τόπον,
3244 793 3326 845 ἵνα
3378 795 3499 847 ὅταν
3537 795 3651 867 ἔλθῃ

2205 908 2223 940 ι
2267 890 2572 960 κεκληκὼς,
2603 888 2734 962 εῐπῃ
2776 906 2894 953 σοι,
2927 887 3076 944 Φίλε.
3113 885 3484 958 προσανάϐηθι
3515 887 3644 940 ἀνώ-

2184 999 2205 1032 σ
2245 999 2438 1053 τερον·
2486 983 2608 1036 τότε
2656 982 2809 1036 ἔσται
2841 999 2924 1036 σοι
2953 979 3078 1046 δόξα
3127 980 3356 1031 ἐνώπιον
3400 979 3505 1032 τῶν
3545 996 3656 1033 συν-

2180 1091 2200 1125 ι
2233 1075 2610 1143 ανακειμένων
2644 1090 2746 1128 σοι.
2789 1073 2910 1126 Ὀτι
2942 1073 3049 1133 πᾶς
3097 1074 3125 1124 6
3153 1070 3303 1138 ὑψῶν
3350 1071 3534 1124 ἑαυτὸν
3565 1088 3654 1124 τα-

2179 1183 2199 1216 ι
2235 1166 2637 1236 πεινωθήσεται
2658 1182 2674 1198 ·
2707 1166 2801 1220 καὶ
2829 1168 2858 1219 6
2892 1165 3168 1219 ταπεινῶν
3200 1163 3562 1233 ὑψωθήσεται,
3591 1164 3657 1218 T6

2178 1276 2198 1310 ι
2236 1257 2292 1311 δὲ
2320 1257 2454 1312 αὐτὸ
2479 1258 2885 1328 φυλαχθὴσεται
2915 1259 3013 1311 καὶ
3042 1257 3134 1310 ἐπὶ
3163 1257 3273 1310 τῶν
3299 1254 3497 1310 λοιπῶν
3513 1257 3658 1326 ἱερῶν

2179 1366 2200 1402 ι
2229 1349 2528 1420 ταγμάτων
2549 1367 2564 1382 ⁶
2601 1349 2787 1421 ἐπειδὴ
2814 1349 2924 1405 τῶν
2958 1349 3099 1403 κατὰ
3143 1349 3234 1402 τὸν
3268 1349 3469 1418 κόσμον
3505 1351 3656 1416 ἀξιω-

2177 1456 2198 1492 r
2235 1439 2424 1509 μάτων
2468 1439 2754 1511 κρείττονα
2799 1440 2868 1494 τὰ
2898 1437 3242 1510 πνευματικὰ
3267 1440 3607 1510 ἐπιστάμεθα.
3637 1461 3653 1491 ι

2172 1531 2369 1586 ΒΑΛΣ.
2412 1532 2471 1585 Ὀ
2507 1531 2578 1603 ιη’
2618 1534 2799 1587 κανὼν
2833 1534 2934 1603 τῆς
2964 1534 3020 1585 ὲν
3064 1533 3268 1603 Νικαίᾳ
3302 1532 3516 1602 πρώτης
3547 1550 3660 1588 συν-

2097 1623 2220 1677 όδου
2289 1624 2672 1695 καθαιρεῖσθαι
2707 1643 2840 1696 φησι
2869 1625 2995 1688 τοὺς
3018 1624 3078 1678 ὲν
3104 1625 3256 1694 μέσῳ
3285 1625 3661 1696 πρεσϐυτέρων

2102 1715 2502 1785 καθεζομένους
2547 1718 2850 1780 διακόνους.
2897 1716 2957 1770 '0
3007 1717 3065 1770 δὲ
3114 1715 3304 1786 παρὼν
3329 1715 3504 1770 κανὼν
3546 1720 3660 1782 τοὺς

2103 1806 2246 1862 οὕτω
2267 1808 2556 1872 ποιοῦντας
2582 1809 3009 1872 ὕποϐιϐἀζεσθαι
3035 1809 3099 1862 ἐκ
3122 1807 3214 1860 τοῦ
3239 1809 3444 1862 οἰκείου
3469 1809 3661 1879 βαθμοῦ

2105 1899 2562 1968 παρακελεύεται,
2605 1902 2663 1954 Εἰ
2701 1901 2808 1970 γὰρ
2857 1901 3022 1971 τυχὸν
3052 1901 3162 1954 τῶν
3202 1900 3382 1955 ἄλλων
3418 1901 3662 1955 διακόνων

2100 1991 2587 2062 προϐαθμιὼτερος
2627 1988 2695 2064 ἦν
2734 1995 2762 2046 6
2802 1995 3260 2064 ἁναιδευσάμενος
3313 1994 3407 2048 καὶ
3437 1995 3536 2065 πρὸ
3565 1995 3662 2048 τῶν

2105 2087 2496 2157 πρεσϐυτέρων
2536 2087 2790 2153 καθίσας,
2844 2085 3304 2157 κατενεχθήσεται
3359 2088 3438 2150 εἰς
3467 2086 3552 2139 τὸν
3581 2086 3664 2138 ἔσ-

2097 2193 2261 2245 χατον
2308 2177 2508 2241 τόπον,
2561 2176 2656 2230 καὶ
2714 2177 2870 2229 ἔσται
2927 2176 3145 2229 πάντων
3189 2176 3542 2244 ὐποϐἀθμιος.
3596 2178 3662 2246 μὴ

2095 2267 2477 2337 ὠφελούμενος
2523 2271 2589 2320 ἐκ
2635 2267 2729 2321 τοῦ
2776 2266 2927 2336 αὐτῷ
2966 2267 3261 2336 προσόντος
3314 2269 3446 2329 ἴσως
3478 2267 3662 2334 ἐκκλη-

2098 2361 2380 2414 σιαστικοῦ
2419 2359 2673 2430 ὀφφικίου
2717 2362 2834 2432 ἦτοι
2874 2359 3203 2429 ἀξιώματος.
3238 2359 3300 2410 El
3343 2358 3398 2410 δὲ
3437 2358 3540 2410 ἀπὸ
3579 2358 3663 2411 τοῦ

2093 2454 2298 2506 οἰκείου
2347 2455 2692 2524 πατριάρχου
2735 2454 2766 2522 ἢ
2819 2451 3220 2524 μητροπολίτου
3266 2451 3324 2502 ἐν
3375 2467 3481 2503 τινι
3527 2449 3664 2502 πόλει

2097 2546 2292 2616 σταλῇ,
2330 2547 2405 2608 ὡς
2432 2545 2524 2597 τὸν
2553 2545 2716 2598 τόπον
2739 2545 2952 2598 ἐκείνου
2985 2541 3426 2612 ἀναπληρώσων,
3453 2541 3568 2593 τότε
3597 2541 3663 2602 ὡς

2093 2636 2252 2700 αὐτὸς
2275 2638 2304 2690 6
2335 2637 2555 2700 στείλας
2583 2637 2744 2690 αὐτὸν
2764 2635 3148 2705 λογισθήσεται
3177 2635 3268 2686 καὶ
3293 2634 3659 2703 τιμηθήσεται.

2093 2727 2216 2791 Πῶς
2259 2726 2351 2780 οὖν
2382 2730 2408 2780 6
2463 2728 2560 2798 μὲν
2608 2725 2676 2792 ιη’
2741 2726 2922 2780 κανὼν
2960 2725 3058 2795 τῆς
3103 2727 3161 2778 ὲν
3201 2725 3408 2797 Νικαία
3461 2724 3662 2778 συνόδου

2091 2823 2482 2894 καθαιρεῖσθαί
2519 2842 2652 2895 φησι
2690 2823 2785 2876 τὸν
2811 2824 2870 2876 ἐν
2905 2823 3056 2893 μέσῳ
3091 2821 3482 2891 πρεσϐυτέρων
3517 2819 3663 2872 καθί·

2094 2933 2264 2971 σαντα
2292 2917 2561 2983 διάκονον,
2594 2911 2755 2979 οὗτος
2782 2916 2836 2968 δὲ
2869 2915 3202 2986 κουφότερον
3233 2914 3454 2978 κολάζει
3489 2913 3661 2975 αὖτδν,

422 2982 527 3037 nali
565 2992 805 3054 tempore
837 2988 1090 3044 sacriﬁcii
1120 3006 1182 3046 se
1214 2991 1550 3062 impudenter
1581 3009 1904 3066 gesserunt,
1935 3010 1990 3056 et

2103 3009 2256 3080 ᾗγουν
2274 3009 2362 3064 διὰ
2387 3007 2798 3080 ὐποϐιϐασμοῦζ;
2829 2982 3040 3073 λύσις.
3080 2982 3314 3069 Ἐκεῖνος
3345 3003 3666 3075 μὲνεόξκανὼν

419 3084 546 3127 ante
577 3077 887 3133 saeerdmes
933 3082 1207 3148 sederunt,
1246 3083 1513 3156 loquitur;
1567 3091 1632 3144 de
1676 3089 1985 3161 huiusmodi

2091 3103 2218 3170 περὶ
2252 3102 2361 3156 τῶν
2390 3105 2470 3166 εἰς
2499 3101 2560 3156 τὸ
2594 3101 2748 3173 βῆμα
2782 3101 2839 3154 ὲν
2871 3099 3186 3172 ἱερουργίας
3227 3098 3409 3169 καιρῷ
3429 3096 3664 3149 ἁναιδευ-

416 3165 560 3218 enim
592 3168 814 3222 omnino
845 3172 1084 3236 disserit,
1129 3176 1337 3231 scilicet
1377 3180 1444 3232 de
1485 3181 1551 3236 iis
1586 3182 1852 3251 diaconis,
1894 3189 1986 3255 qui

2103 3180 2347 3265 σαμένων
2376 3195 2469 3248 καὶ
2501 3193 2607 3266 πρὸ
2637 3193 2746 3246 τῶν
2771 3192 2961 3263 ἱερέων
2991 3191 3338 3246 καθισάντων
3367 3187 3562 3258 φησίνο
3589 3188 3663 3240 ὅτι

416 3256 787 3315 sacerdotibus
811 3266 1244 3322 communionem
1287 3272 1607 3339 porrigunt,
1656 3286 1711 3330 ct
1746 3281 1990 3346 quaedam

417 3347 522 3401 alia
552 3347 815 3417 ejusmodi
867 3354 1086 3424 indigna
1126 3357 1352 3415 faciunt.
1409 3361 1653 3420 Praesens
1687 3379 1868 3423 autem
1899 3385 1992 3424 ca-

419 3455 524 3493 non
561 3441 802 3510 loquitur
824 3447 889 3502 de
913 3450 1289 3522 diaconis,qui
1323 3466 1476 3509 extra
1509 3472 1720 3512 sacrum
1759 3462 1992 3516 tribunal

421 3531 476 3585 in
531 3537 719 3602 quavis
754 3540 1011 3596 cathedra
1061 3555 1186 3600 ante
1231 3549 1574 3619 presbyteros
1621 3553 1894 3618 sederunt,
1939 3565 1994 3609 et

416 3620 540 3675 ideo
568 3625 646 3679 eis
671 3625 844 3684 leuius
877 3633 1197 3701 supplicium
1230 3637 1440 3709 inﬂigit.
1474 3637 1657 3695 Oﬁicia
1688 3653 1869 3698 autem
1897 3660 1986 3700 ec-

414 3715 718 3773 clesiastica
753 3722 1007 3778 dicuntur
1035 3727 1380 3796 ἀρχοντῖκια.
1443 3731 1630 3788 Canon
1677 3746 1858 3790 autem
1915 3738 1995 3794 id-

413 3802 594 3876 ipsum
615 3812 900 3869 vultetiam
925 3822 1128 3874 servari
1155 3821 1206 3876 in
1235 3823 1350 3878 aliis
1378 3825 1549 3881 sacris
1570 3829 1851 3886 ordinibus
1883 3847 1896 3885 :
1929 3847 1993 3887 ue

417 3899 544 3967 quis
571 3900 830 3971 dignitate
863 3907 947 3962 vel
977 3909 1156 3966 otIicio
1207 3912 1400 3980 fretus,
1433 3918 1695 3976 adversus
1728 3923 1863 3978 alios
1893 3939 1990 3979 ex-

431 3989 672 4084 tollatur,
725 4004 778 4048 et
830 3997 1092 4057 adversus
1125 4019 1218 4061 eos
1261 4009 1354 4075 qui
1401 4008 1578 4066 altiori
1623 4015 1790 4084 gradu
1843 4025 1992 4081 sunt,

420 4076 711 4173 cﬂeratur;
751 4087 1152 4156 bypodiaconus
1198 4097 1336 4153 forte
1367 4102 1631 4158 adversus
1659 4105 1944 4162 diaconum
1974 4146 1990 4173 ,

419 4170 504 4265 vel
535 4172 705 4265 lector
731 4179 993 4238 adversus
1020 4185 1472 4265 bypodiaconum.
1503 4194 1820 4265 Spirituales
1845 4170 1992 4255 enim

423 4261 714 4357 dignitates
743 4263 1130 4344 saecularibus;
1166 4279 1362 4351 inquit,
1394 4295 1520 4340 sunt
1544 4261 1990 4357 'praastantiores.

415 4349 554 4409 Nota
589 4373 716 4415 vero
754 4366 894 4431 quod
936 4367 1096 4422 etiam
1147 4386 1177 4425 e
1212 4377 1462 4440 prteseuti
1509 4393 1721 4438 canone
1761 4384 1996 4440 manife-

416 4455 559 4501 stum
592 4460 680 4545 est
696 4454 1060 4545 ecclesiastica
1097 4461 1274 4518 ofﬁcia
1310 4466 1424 4523 sive
1453 4469 1745 4541 dignitates
1787 4477 1989 4545 gradus

418 4552 541 4592 esse
569 4542 993 4614 ecclesiasticos,
1022 4559 1079 4603 ut
1125 4554 1401 4611 diaconica
1449 4569 1505 4614 et
1557 4542 1991 4622 caetera—Miror

416 4639 596 4727 autem
621 4643 912 4727 quomodo,
937 4655 1059 4694 cum
1080 4657 1250 4699 canon
1276 4657 1473 4706 statuat
1496 4668 1640 4722 eum,
1667 4659 1759 4727 qui
1791 4660 1990 4716 missus

416 4728 519 4783 est,
539 4721 785 4780 obtinere
820 4727 993 4784 locum
1023 4737 1282 4794 mittentis
1306 4745 1444 4812 quod
1473 4748 1540 4802 ad
1570 4721 1829 4806 honorem
1858 4754 1989 4807 atti-

419 4821 528 4915 net,
570 4813 927 4915 Gortyneusis
955 4823 1244 4896 episcopus
1281 4833 1528 4902 Basilius,
1557 4841 1647 4907 qui
1677 4841 1729 4895 iu
1766 4843 1866 4896 hac
1900 4860 1991 4915 sy-

418 4903 559 4960 nodo
599 4909 762 4964 totius
792 4911 1049 4970 Romanae
1075 4918 1331 4979 Ecclesia:
1362 4926 1478 4993 iure
1512 4903 1746 5000 praesens
1775 4903 1986 5001 aderat,

417 5005 540 5094 post
563 5009 795 5094 quatuor
824 5007 1160 5072 patriarchas
1177 5024 1228 5066 et
1252 5021 1510 5083 quosdam
1540 5027 1988 5094 tnetropulitanos

415 5087 806 5159 subscripsisse
832 5094 1123 5156 invenitur.
1159 5103 1283 5169 Sed,
1318 5119 1374 5161 ιιι
1408 5122 1491 5166 cst
1530 5087 1825 5183 probabile,
1876 5120 1989 5189 ipse

415 5193 634 5251 quoque
657 5195 772 5239 erat
801 5203 951 5257 papae
994 5191 1221 5262 legatus,
1249 5209 1301 5254 et
1335 5201 1454 5257 ideo
1494 5205 1818 5277 subscripsit
1867 5223 1988 5281 post

489 5362 534 5394 ’°
574 5362 710 5422 Luc.
747 5384 855 5437 xw,
888 5371 920 5426 8
957 5383 1015 5430 et
1057 5389 1213 5448 seqq.

2096 3287 2190 3342 καὶ
2210 3287 2459 3358 περὶτῶν
2473 3286 2732 3340 τοιούτων
2754 3285 2865 3356 (65)
2885 3283 3080 3346 διόλου,
3102 3282 3417 3350 διαλέγεται
3435 3278 3662 3350 δηλονότι

2096 3379 2227 3450 περὶ
2253 3379 2517 3434 διακόνων
2541 3378 2928 3448 μεταδιδόντων
2954 3375 3161 3448 ἱερεῦσι
3182 3376 3276 3429 καλ⁵
3295 3373 3430 3427 ἄλλα
3453 3371 3666 3425 τοιαῦτα

2096 3472 2293 3538 ἀνάξια
2317 3473 2796 3540 διαπραττομένων
2818 3485 2832 3499 ·
2857 3471 2884 3523 6
2905 3470 2960 3523 δὲ
2985 3466 3177 3540 παρὼν
3207 3465 3391 3521 κανὼν
3417 3464 3540 3536 περὶ
3564 3462 3665 3516 τῶν

2095 3567 2254 3629 ικτδς
2291 3566 2385 3618 τοῦ
2420 3565 2662 3636 βήματος
2695 3564 2752 3615 ὲν
2785 3561 3024 3634 τυχούσῃ
3057 3560 3296 3630 καθέδρα
3335 3557 3664 3638 καθισᾷντων

2095 3657 2358 3710 διακόνων
2397 3658 2502 3725 πριι
2531 3655 2642 3708 τῶν
2673 3653 3096 3725 πρεσϐυτέρων·
3132 3653 3224 3704 καὶ
3269 3650 3359 3704 διὰ
3389 3650 3544 3704 τοῦτο
3579 3661 3664 3716 μεί-

2094 3747 2398 3818 τριωτέραν
2435 3745 2752 3816 ἐπαγειτὴν
2789 3744 3028 3796 κόλασιν.
3079 3740 3340 3810 Ὀφφίκια
3374 3740 3552 3810 μέντοι
3581 3740 3667 3791 ὲκ-

2095 3838 2462 3908 κλησιαστικὰ
2505 3836 2755 3906 λέγονται
2809 3837 2878 3890 τὰ
2934 3834 3273 3904 ἀρχοντίκια.
3325 3832 3402 3886 T6
3445 3830 3575 3884 αὐτὸ
3613 3829 3664 3882 δὲ

2095 3934 2317 4002 κρατεῖν
2346 3928 2596 4002 βούλεται
2629 3933 2657 3984 6
2695 3928 2880 3986 κανὼν
2914 3927 3007 3980 καὶ⁷
3037 3926 3134 3980 ἐπὶ
3160 3926 3269 3979 τῶν
3299 3924 3476 3978 ἄλλων
3511 3920 3664 3992 ἱερῶν

2093 4025 2419 4094 ταγμάτων,
2475 4022 2614 4076 ὥστε
2657 4023 2892 4093 μήτινα
2946 4019 3221 4089 ἀξιώματι
3279 4016 3583 4088 θαρροῦντα
3634 4012 3662 4082 ἢ

2097 4114 2340 4184 όφφικίῳ
2369 4112 2800 4182 κατεπαίρεσθαι
2824 4111 2936 4164 τῶν
2963 4110 3159 4173 ἄλλων,
3191 4109 3288 4162 καὶ
3313 4104 3665 4178 θρασύνεσθαι

2097 4203 2237 4256 κατᾶ
2270 4201 2379 4255 τῶν
2413 4199 2915 4271 ὑποϐαθμιωτέρων
2946 4197 3060 4269 (64)
3103 4195 3292 4261 αὑτοῦ,
3323 4194 3663 4248 ὑποδιάκονον

2093 4295 2256 4363 τυχὸν
2308 4292 2450 4347 κατὰ
2482 4291 2766 4356 διακόνου,
2803 4290 2834 4361 ἢ
2877 4289 3408 4359 ἀναγνώστηνκκατὰ
3452 4287 3661 4340 ὑποδιαο

2095 4387 2275 4442 κόνου.
2296 4383 2540 4454 Κρείττω
2563 4381 3017 4454 γὰρ,φησὶν,είσὶ
3041 4381 3109 4433 τὰ
3136 4379 3484 4448 πνευματικὰ
3512 4375 3662 4443 ἀξιώ-

2100 4489 2250 4548 ματα
2281 4477 2391 4530 τῶν
2422 4475 2726 4544 κοσμικῶν.
2759 4473 3070 4542 Σημείωσαι
3103 4471 3158 4524 δὲ
3191 4470 3272 4523 ὅτι
3313 4471 3407 4522 καὶ
3437 4468 3543 4521 ἀπὸ
3575 4465 3661 4519 τοῦ

2099 4571 2366 4640 παρόντος
2395 4566 2619 4628 κανόνος
2652 4563 2988 4635 παρίσταται
3015 4561 3084 4614 τὰ
3118 4559 3546 4630 ἐκκλησιαστικὰ
3573 4557 3664 4628 ἁρ-

2096 4660 2340 4732 χοντίκια
2378 4660 2497 4730 ἦτοι
2527 4655 2816 4725 ἀξιώματα
2845 4653 3088 4724 βαθμοὺς
3119 4649 3260 4704 εἶναι
3286 4652 3661 4720 ἐκκλησιαστι-

2096 4755 2246 4818 κοὺς,
2286 4752 2362 4816 ὡς
2395 4751 2464 4803 τὰ
2497 4747 2780 4802 διακονικὰ
2819 4745 2913 4798 καὶ
2957 4745 3025 4796 τὰ
3065 4743 3248 4796 λοιπά.
3294 4742 3568 4811 Θαυμάζω
3613 4738 3663 4791 δὲ

2095 4844 2228 4906 πῶς,
2287 4842 2379 4896 τοῦ
2433 4840 2658 4902 κανόνος
2715 4834 3093 4905 διοριζομένου
3150 4835 3239 4885 τδν
3292 4829 3657 4884 ἀποσταλέντα

2094 4937 2312 5005 ἐπέχειν
2342 4933 2431 4986 τὸν
2464 4933 2630 4985 τόπον
2661 4928 2753 4983 τοῦ
2790 4927 3208 4985 ἀποστείλαντος
3244 4925 3369 4977 ὅσον
3399 4911 3543 4976 κατὰ
3572 4918 3662 4988 τὴν

2092 5027 2281 5096 τιμὴν.
2319 5026 2348 5076 6
2376 5024 2676 5084 ἐπίσκοπος
2722 5021 2833 5074 τῶν
2865 5017 3205 5089 Γορτυναίων
3235 5015 3515 5075 Βασίλειος
3564 5028 3662 5061 πα-

2095 5115 2399 5187 ρουσιάζων
2447 5115 2504 5166 ὲν
2546 5118 2612 5181 τῇ
2656 5112 2859 5181 συνόδῳ
2897 5110 3068 5179 ταύτῃ
3115 5107 3311 5176 δικαίῳ
3355 5105 3532 5173 πάσης
3576 5101 3665 5169 τῆς

2103 5207 2434 5279 Ἐκκλησίας
2495 5203 2714 5276 Ῥώμης
2771 5202 3091 5272 εὑρίσκεται
3150 5196 3472 5270 ὑπογράψας
3528 5191 3660 5263 μετᾶ

1598 5499 1792 5560 Guill.
1821 5503 2145 5583 Beveregii
2180 5511 2365 5567 notae.

495 5609 608 5681 (63)
632 5611 753 5668 Ὀτι
779 5617 880 5695 gcal
907 5622 1038 5695 περὶ
1062 5621 1181 5676 τῶν
1222 5625 1530 5679 emovit-cuin
1558 5624 1680 5679 ΙΙωο
1718 5641 1892 5695 usque
1920 5627 1986 5681 ad

415 5678 902 5762 δξοεπραττομένων
929 5678 1199 5746 ιηἀιιιείνο
1226 5696 1278 5746 iu
1301 5678 1984 5749 I‘arisiensireditionedc-

423 5749 827 5831 sideralafctr
885 5775 986 5814 ms.
1030 5764 1476 5818 Amcrbacbiauo
1536 5764 1831 5828 babcutur,
1891 5766 1982 5819 ubi

423 5827 584 5875 etiam
637 5839 733 5893 pro
805 5829 1250 5904 ἀναιδεσαμένων
1342 5832 1505 5902 paulo
1568 5841 1730 5899 ante,
1789 5827 1992 5889 rectius

2095 5625 2876 5698 legitur,dvaﬁwcapévmv.7
3045 5691 3058 5698 _
3235 5690 3281 5698 __
3395 5687 3438 5698 κ
3552 5687 3562 5698 _

2169 5687 2280 5766 '(66)
2303 5687 2467 5751 Κατὰ
2496 5698 2615 5750 τῶν
2641 5687 3210 5766 ὖποϐαθμιωτέρωντ
3235 5690 3333 5766 Ms.
3375 5687 3662 5766 zEtonieu-

2094 5763 2337 5834 sisrle'git
2385 5766 2912 5836 προϐαθμιωτέρων,
2978 5779 3142 5831 quam
3200 5763 3485 5816 lectiuut-tu
3549 5763 3656 5824 ipse

2100 5838 2261 5892 ctiam
2283 5838 2434 5892 locus
2463 5837 2720 5905 postulat.
