3940 6480
260 477 357 546 541

1261 537 1265 540 ,
1315 476 1396 537 ιιι
1429 477 1602 541 CAN.
1638 478 1751 540 Vll
1793 478 1999 544 CONC.
2039 480 2123 543 IN
2152 479 2474 542 TRULLO.

3416 482 3525 548 5l2

260 590 381 651 τοὺς
415 586 692 656 τέσσαρας
727 583 1076 655 πατριάρχας
1102 580 1196 638 καί
1225 600 1379 647 τινας
1410 582 1839 656 μητροπολίτας.

1955 587 2310 657 patriarchas;
2358 587 2496 641 sicut
2538 593 2590 641 et
2618 586 2800 641 exteri
2832 585 3020 657 legati,
3048 586 3258 643 scilicet
3290 586 3525 643 Thessa-

272 674 408 733 Ἀλλ’
435 675 514 739 ὡς
543 674 691 728 ἔοικε
724 674 815 728 καὶ
838 674 997 737 αὐτὸς
1025 673 1251 743 λεγάτος
1273 669 1341 743 ἦν
1358 673 1451 726 τοῦ
1481 672 1682 725 πάππα
1701 689 1716 705 ·
1749 672 1842 727 καὶ

261 769 350 824 διὰ
382 768 546 822 τοῦτο
580 768 719 840 μετὰ
744 768 870 831 τοὺς
896 767 1245 837 πατριάρχας
1274 765 1614 836 ὑπέγραψεν,
1647 764 1838 837 ὥσπερ

258 864 350 915 καὶ
378 864 427 915 οἱ
455 863 636 915 λοιποὶ
668 861 908 930 λεγάτοι,
951 860 1070 930 ἦτοι
1101 863 1128 912 ό
1158 859 1582 927 Θεσσαλονίκης,
1607 859 1635 910 ὁ
1673 854 1842 928 Ἠρα-

258 953 442 1012 κλεία;
470 955 569 1005 καὶ
598 952 799 1019 ἕτεροι.
834 952 891 1003 Ὀ
918 951 972 1003 δὲ
998 949 1347 1021 χαρτοφύλαξ
1373 950 1465 1019 τῆς
1499 952 1844 1003 Κωνσταντι·

257 1043 587 1107 νουπόλεως,
607 1045 754 1105 ὅπως
773 1042 1111 1113 προκάθηται
1133 1041 1239 1095 τῶν
1260 1042 1584 1112 ἀρχιερέων,
1601 1041 1844 1105 διάκονος

257 1134 351 1199 ὢν,
381 1132 600 1203 εἴρηται
634 1134 691 1183 ὲν
733 1130 812 1200 τῷ
858 1137 924 1200 ιη’
972 1130 1160 1196 κανὸν,
1197 1132 1294 1200 τῆς
1335 1132 1559 1200 πρώτης
1602 1130 1841 1185 συνόδου.

257 1222 576 1291 Σημείωσαι
614 1222 672 1275 δὲ
698 1222 789 1274 τὸν
816 1220 1017 1274 κανόνα
1044 1221 1270 1288 λέγοντα
1302 1221 1587 1290 κρείττονα
1612 1217 1752 1273 εἶναι
1775 1221 1846 1274 τὰ

257 1315 611 1383 πνευματικὰ
636 1315 923 1384 ἀξιώματα
948 1314 1056 1367 τῶν
1079 1314 1222 1367 κατὰ
1246 1315 1451 1382 κόσμον
1479 1313 1804 1380 ἀξιωμάτων
1825 1326 1842 1344 ·

254 1404 398 1476 πλὴν
432 1406 511 1475 μὴ
560 1406 794 1476 ἑλκύσῃς
834 1406 1024 1470 τοῦτο,
1065 1406 1140 1468 ὥς
1168 1423 1311 1468 τινες
1342 1402 1522 1467 εἷπον,
1558 1406 1720 1473 χάριν
1749 1404 1843 1457 τοῦ

256 1501 637 1570 προτιμᾶσθαι
672 1499 739 1551 τὰ
770 1497 1201 1568 ἐκκλησιαστικὰ
1232 1498 1521 1567 ἀξιώματα
1548 1499 1655 1550 τῶν
1687 1497 1846 1567 βασι-

252 1589 443 1642 λικῶν.
494 1589 865 1659 Ἑρμήνευσον
890 1588 1045 1641 τοῦτο
1070 1592 1148 1651 είς
1186 1589 1313 1651 τοὺς
1343 1589 1847 1666 καταυθαδιαζομέςο

253 1699 378 1744 νους
401 1683 568 1751 τυχὸν
599 1682 988 1744 ὑποδιακόνους
1020 1681 1160 1735 κατὰ
1185 1681 1469 1748 διακόνων,
1506 1680 1537 1750 ἢ
1566 1681 1847 1744 διακόνους

256 1775 405 1829 κατὰ
440 1775 867 1843 πρεσϐυτέρων
896 1775 989 1827 καὶ
1027 1774 1148 1827 εἰπὲ
1182 1774 1266 1827 ὅτι
1288 1813 1301 1837 ,
1332 1776 1379 1827 εἰ
1418 1775 1474 1827 ὲν
1505 1776 1616 1836 τοῖς
1646 1791 1844 1842 κοσμι-

252 1868 367 1928 κοῖς
408 1864 719 1932 ἀξιώμασιν
749 1865 849 1918 οὐκ
885 1865 1062 1930 ἔξεστι
1093 1865 1170 1937 τῷ
1198 1867 1383 1937 ἥττονι
1412 1864 1539 1935 egro;
1567 1865 1680 1916 ὅντι
1712 1882 1845 1934 προ-

1944 680 2242 737 lonicensis
2292 680 2579 749 episcopus
2625 689 2680 734 et
2726 678 3096 735 lleracleanus
3131 690 3185 736 et
3219 680 3334 736 alii.
3384 681 3525 735 Con-

1945 773 2472 843 stantiuopolitanus
2524 781 2703 826 autem
2759 773 3187 843 chartophylax,
3254 774 3526 843 quomodo

1946 880 2069 919 cum
2102 864 2173 919 sit
2202 863 2484 926 diaconus,
2529 872 2653 917 ante
2687 863 2955 917 antistites
3004 866 3176 929 sedet,
3218 864 3272 917 in
3325 850 3515 933 prima:

1949 955 2139 1025 synodi
2173 953 2239 1007 l8
2268 967 2389 1007 can.
2433 953 2634 1007 dictum
2666 962 2763 1006 est.
2805 951 2935 1005 Nota
2969 960 3144 1005 autem
3180 961 3233 1006 et
3261 967 3523 1007 canonem

1946 1047 2039 1117 qui
2066 1046 2221 1107 dicit.
2251 1044 2558 1115 Spirituales
2601 1044 2892 1114 dignitates
2936 1058 3058 1098 esse
3111 1046 3519 1111 praestantiores

1947 1141 2298 1197 smeularihus
2327 1138 2698 1210 dignitatibus.
2732 1138 2836 1193 Sed
2868 1154 2933 1192 ne
2961 1138 3064 1191 hoc
3090 1152 3155 1192 eo
3180 1138 3435 1201 traxeris,
3462 1147 3524 1192 ut

1949 1231 2197 1286 nonnulli
2238 1230 2513 1292 dicebant,
2544 1229 2610 1282 ad
2645 1228 3043 1283 ecclesiasticas
3086 1228 3373 1296 dignitates
3426 1229 3496 1283 im

1946 1324 2235 1394 peratoriis
2271 1322 2662 1392 praeferendas.
2692 1320 3054 1390 Interpretare
3082 1328 3261 1373 autem
3296 1320 3399 1375 hoc
3428 1321 3519 1374 ad-

1948 1428 2139 1467 versus
2165 1411 2597 1483 hypodiaconos,
2631 1411 2718 1479 qui
2760 1410 2994 1464 fortasse
3026 1412 3257 1478 superbe
3280 1422 3334 1464 et
3372 1410 3522 1465 inso-

1948 1503 2122 1558 lenter
2145 1520 2204 1559 se
2246 1512 2442 1573 gerunt
2478 1503 2741 1558 adversus
2798 1503 3081 1568 diaconos,
3127 1502 3212 1556 vel
3267 1504 3524 1559 diaconos

1948 1595 2037 1665 qui
2085 1597 2344 1649 adversos
2390 1594 2733 1666 presbyteros
2767 1612 2780 1649 :
2818 1602 2873 1647 et
2901 1593 2989 1648 die
3017 1633 3031 1656 ,
3069 1593 3208 1659 quod
3245 1594 3288 1648 si
3328 1595 3379 1647 in
3414 1592 3519 1650 ssc-4

1948 1684 2223 1740 cularibus
2258 1684 2608 1753 dignitatibus
2637 1700 2743 1737 non
2778 1683 2901 1737 licet
2933 1683 3003 1745 ei,
3035 1684 3127 1752 qui
3177 1691 3256 1736 est
3295 1684 3521 1739 minoris

1950 1775 2246 1845 dignitatis,
2280 1776 2573 1844 praesidere
2604 1775 2684 1828 vel
2716 1773 2962 1845 praeferri
2993 1774 3066 1835 ei,
3104 1773 3191 1841 qui
3216 1783 3297 1829 est
3324 1776 3525 1842 majore

1950 1867 2215 1936 dignitate
2246 1868 2569 1929 honoratus,
2609 1866 2777 1919 multo
2808 1864 2980 1934 magis
3017 1880 3121 1917 non
3153 1863 3274 1917 licet
3305 1865 3405 1918 hoc
3442 1865 3521 1917 fa-

252 1952 532 2027 καθῆσθαι
582 1957 613 2027 ἦ
657 1958 1030 2028 προτιμᾶσθαι
1079 1958 1173 2010 τοῦ
1219 1957 1428 2029 μείζονι
1473 1958 1841 2026 τετιμημένου

1955 1975 2067 2015 cere
2089 1959 2155 2012 iis
2186 1957 2276 2028 qui
2302 1956 2829 2012 suutecclesiastieis
2850 1954 3205 2025 dignitatibus
3237 1955 3394 2024 165
3426 1955 3519 2008 ho-

252 2050 551 2120 ἀξιώματι,
586 2050 766 2120 πολλῷ
796 2049 957 2103 πλέον
989 2051 1088 2102 οὐκ
1121 2049 1299 2114 ἔξεστι
1330 2047 1488 2101 τοῦτο
1516 2051 1690 2100 ποιεῖν
1721 2051 1841 2111 ταῖς

254 2143 739 2212 ἐκκλησιαστικαῖς
758 2141 936 2206 ἀξίαις
960 2142 1365 2212 τετιμημένοις,
1392 2139 1457 2203 ἃς
1478 2140 1571 2191 καὶ
1598 2158 1845 2208 πνευμα-

252 2233 416 2293 τικὰς
468 2233 720 2298 ἐκάλεσε,
750 2234 841 2285 καὶ
884 2231 1222 2303 χρεωστοῦσι
1272 2232 1453 2283 πᾶσαν
1486 2231 1743 2297 εὐταξίαν
1780 2233 1844 2284 ὲκ

253 2325 346 2378 τοῦ
380 2326 802 2395 ἐπαγγέλματος
831 2324 1030 2380 αὐτῶν.
1061 2324 1375 2393 Σημειωσαι
1404 2318 1496 2375 οὖν
1522 2322 1613 2375 τὸν
1644 2323 1844 2376 κανόνα

252 2417 598 2489 ὀνομάζοντα
626 2419 754 2486 περὶ
778 2418 839 2469 τὸ
867 2416 1017 2478 τέλος
1042 2417 1169 2478 τοὺς
1194 2413 1681 2483 ἐκκλησιαστικοὺς
1713 2413 1842 2484 βαθ·

260 2510 401 2581 μοί-ις
452 2510 761 2580 ἀξιώματα.
804 2508 1069 2571 Πολλάκις
1117 2507 1223 2577 γὰρ
1260 2510 1338 2572 εἰς
1386 2512 1447 2562 τὸ
1489 2511 1843 2582 δικαστήριον

254 2601 417 2657 εἶπόν
466 2620 613 2665 τινες
663 2603 799 2672 μήτε
850 2601 980 2664 τοὺς
1038 2601 1528 2671 ἐκκλησιαστικοὺς
1575 2602 1843 2672 ἄρχοντας

257 2698 402 2768 μήτε
436 2696 564 2759 τοὺς
599 2695 1001 2766 μητροπολίτας
1032 2695 1089 2745 ὲν
1118 2694 1491 2763 ἀξιωματικοῦ
1523 2698 1689 2767 μοίρᾳ
1718 2711 1844 2747 συν-

252 2789 574 2854 τάττεσθαι,
637 2790 732 2841 καὶ
781 2789 870 2841 διὰ
918 2787 1076 2842 τοῦτο
1131 2788 1263 2858 μηδὲ
1302 2788 1525 2841 δυνατὸν
1569 2783 1710 2841 εἶναι
1752 2788 1844 2840 τὸν

257 2883 450 2953 στίχον
499 2882 595 2934 τοῦ
630 2881 1087 2951 ἑκκλησιαστικοῦ
1132 2880 1571 2934 κουϐουκλεισίου
1603 2881 1719 2950 ἦτοι
1749 2880 1847 2932 τοῦ

255 2977 603 3041 ἐπισκόπου,
636 2976 772 3031 ἀλλὰ
805 2974 1083 3030 ταπεινόν.
1128 2974 1282 3044 Ἐμοὶ
1308 2973 1365 3027 δὲ
1397 2972 1554 3026 τοῦτο
1582 2972 1641 3026 οὐ
1675 2972 1843 3028 δοκεῖ.

253 3069 372 3123 Καὶ
401 3069 674 3136 ἀνάγνωθι
696 3069 757 3121 τὸ
790 3075 836 3123 α’
869 3069 1163 3137 κεφάλαιον
1194 3067 1286 3120 τοῦ
1303 3066 1559 3135 η’ρτίτλου
1586 3065 1678 3117 τοῦ
1705 3081 1812 3133 παρ
1831 3095 1843 3102 -

255 3165 420 3226 ὄντος
478 3163 887 3231 συντάγματος.
964 3162 1059 3214 καλ⁵
1105 3161 1167 3213 τὸ
1227 3161 1406 3213 ἐκεῖσε
1460 3157 1849 3226 καταστρωθὲν

1941 2052 2136 2117 norati,
2158 2065 2291 2120 quas
2318 2051 2478 2104 etiam
2502 2048 2808 2119 Spiritualcs
2838 2047 3155 2116 appellavit;
3188 2049 3278 2116 qui
3308 2047 3522 2115 quidem

1940 2160 2007 2197 ex
2040 2158 2135 2197 sua
2159 2142 2491 2210 professione
2525 2141 2719 2194 debent
2753 2153 2971 2191 omnem
3024 2137 3223 2191 bonum
3278 2140 3523 2192 ordinem

1942 2237 2254 2292 observare.
2288 2232 2422 2286 Nota
2454 2247 2581 2301 ergo
2611 2247 2900 2295 canouem,
2933 2235 3022 2300 qui
3052 2233 3197 2289 circa
3229 2231 3389 2284 linem
3426 2245 3526 2284 no-

1946 2329 2116 2383 minat
2159 2326 2577 2403 ecclesiasticos
2631 2326 2832 2394 gradus
2878 2329 3188 2399 dignitates.
3252 2326 3516 2379 Nonnulli

1943 2421 2084 2474 enim
2119 2433 2260 2488 smpc
2288 2418 2340 2471 in
2369 2418 2576 2487 judicio
2603 2421 2805 2484 dixere,
2836 2436 2935 2476 nec
2964 2422 3363 2476 ecclesiasticos
3390 2434 3523 2489 prac-

1943 2512 2135 2574 fectos,
2171 2525 2275 2563 nec
2306 2508 2753 2579 metropolitanos
2776 2513 2916 2565 inter
2939 2514 3228 2583 dignitates
3252 2511 3526 2579 collocari,

1942 2610 1997 2657 et
2027 2609 2311 2672 propterea
2372 2616 2472 2654 nec
2517 2611 2790 2670 potentem
2841 2605 3056 2673 quidem
3098 2619 3220 2659 esse
3256 2602 3527 2658 ecclesia~

1944 2695 2067 2751 stici
2115 2695 2432 2750 cubicularii
2481 2695 2562 2750 vel
2608 2697 2845 2766 episc0pi
2894 2697 3163 2763 ordinem,
3202 2697 3295 2751 sed
3334 2697 3517 2749 vilem.

1945 2787 2062 2843 Hoc
2089 2797 2266 2843 autem
2304 2788 2435 2842 milii
2473 2789 2542 2841 ita
2576 2804 2695 2843 esse
2727 2807 2833 2844 non
2883 2791 3117 2846 videtur.
3156 2791 3216 2844 Et
3265 2790 3382 2858 lege
3414 2789 3509 2857 pri-

1949 2894 2095 2933 mum
2133 2894 2257 2951 cap.
2282 2877 2315 2935 8
2370 2881 2453 2935 tit.
2499 2883 2783 2950 praesentis
2829 2883 3029 2952 operis,
3059 2892 3114 2936 et
3148 2882 3255 2936 illic
3293 2881 3523 2951 positunt

1949 2972 2275 3040 scriptisque
2312 2970 2626 3025 mandatum
2674 2974 2859 3038 sancti:
2907 2974 3247 3026 Constantini
3302 2970 3477 3042 Magni

1951 3063 2044 3131 qui
2080 3070 2165 3116 est
2199 3060 2456 3128 apostolis
2484 3061 2733 3128 aequalis,
2765 3063 3068 3123 decretum,
3097 3071 3154 3116 et
3186 3071 3524 3114 commenta-

1953 3155 2092 3208 rium
2128 3152 2197 3207 56
2227 3165 2347 3220 cap.
2379 3150 2535 3217 primi
2571 3151 2652 3203 tit.
2689 3152 2971 3219 praesentis
2999 3152 3200 3221 operis.

254 3255 541 3322 ἔγγραφον
566 3252 841 3320 ϐέτπισμα
874 3250 968 3303 τοῦ
1019 3249 1369 3303 ἰσαποστόλου
1401 3248 1558 3317 ἁγίου
1601 3248 1836 3317 μεγάλου
1876 3243 2314 3308 Κωνσταντίνου,
2342 3240 2521 3295 καὶτὸ
2548 3242 2758 3312 σχόλιον
2785 3241 2875 3294 τοῦ
2927 3240 3017 3305 λς’
3077 3240 3371 3311 κεφαλαίου
3431 3243 3533 3298 τοῦ

254 3353 303 3400 α’
326 3347 519 3402 τίτλου
550 3345 643 3398 τοῦ
677 3342 941 3415 παρόντος
972 3344 1378 3414 συντάγματος.

322 3440 582 3495 ΖΩΝΑΡ.
626 3437 686 3489 '0
717 3435 1187 3497 ὀκτωκαιδέκατος
1220 3432 1400 3485 κανὼν
1428 3433 1528 3501 τῆς
1557 3434 1613 3485 ὲν
1639 3429 1844 3501 Νικαῖᾳ

2023 3424 2279 3482 ZONAR.
2312 3422 2390 3479 Ne
2434 3423 2673 3478 medium
2705 3422 2757 3475 in
2801 3430 3239 3492 presnyterorum
3272 3435 3529 3476 consessu

256 3532 496 3603 πρώτης
546 3527 766 3580 συνόδου
813 3526 887 3596 μὴ
934 3526 992 3577 ὲν
1041 3525 1190 3593 μέσῳ
1241 3520 1631 3592 πρεσϐυτέρων
1682 3518 1851 3586 καθῆ-

260 3628 393 3680 σθαι
438 3624 567 3686 τοὺς
607 3620 890 3681 διακόνους
939 3616 1189 3681 κελεύει,
1240 3616 1366 3676 τοὺς
1421 3613 1477 3667 δὲ
1520 3613 1594 3683 μὴ
1627 3610 1853 3679 πειθαρ-

260 3719 500 3790 χοῦντις
536 3712 808 3766 παύεσθαι
852 3712 954 3780 τῆς
1000 3709 1297 3770 διακονίας.
1356 3705 1416 3759 '0
1443 3706 1498 3758 δὲ
1533 3704 1725 3775 παρὼν
1756 3718 1855 3754 κα-

262 3811 379 3864 νὼν
413 3809 528 3867 τοῖς
579 3804 826 3865 αὐθαδῶς
865 3802 973 3873 πρὸ
1005 3801 1114 3855 τῶν
1157 3798 1548 3870 πρεσϐυτέρων
1582 3793 1855 3864 καθῆσθαι

262 3899 716 3970 ἁναιδευομένοις
747 3898 850 3949 οὐκ
881 3896 1158 3949 ἔκπτωσιν
1186 3894 1289 3961 τῆς
1339 3888 1615 3952 διακονίας
1657 3889 1733 3951 εἰς
1767 3886 1858 3939 κός

261 3995 431 4048 λασιν
476 3990 575 4059 τῆς
624 3987 913 4049 αὐθαδείας
945 3986 1165 4052 ἐπάγει,
1204 3984 1340 4036 ἀλλὰ
1371 3979 1751 4047 ὑποϐιϐασμδν
1791 3979 1857 4030 ὲκ

262 4084 369 4141 τοῦ
403 4083 611 4138 οἰκείου
657 4078 888 4152 βαθμοῦ.
914 4078 978 4131 Et
1022 4077 1118 4146 γὰρ
1150 4075 1311 4145 τυχὸν
1340 4074 1447 4127 τῶν
1475 4073 1650 4128 ἄλλων
1676 4070 1857 4124 διακόσ

264 4195 381 4233 νων
415 4172 902 4246 προϐαθμιώτερος
937 4166 1005 4241 ἦν
1042 4172 1068 4223 ὁ
1095 4166 1581 4236 ὰναιδευσάμενος,
1615 4166 1710 4216 καὶ
1752 4161 1857 4232 πρὸ

264 4270 384 4323 τῶν
428 4266 820 4339 πρεσϐυτέρων
868 4264 1123 4327 καθίσας,
1156 4259 1618 4331 κατενεχθήσεται
1654 4257 1730 4317 εἰς
1756 4255 1858 4308 κτὸν

268 4360 507 4430 ἔσχατον
532 4358 718 4417 τόπον,
750 4354 845 4407 καὶ
879 4354 1033 4406 ἔσται
1064 4352 1282 4406 πάντων
1317 4349 1677 4418 ὑποϐάθμιος.
1707 4347 1769 4399 Εἰ
1801 4344 1859 4397 δὲ

268 4453 383 4507 {me
406 4450 502 4504 τοῦ
531 4450 737 4502 οἰκείου
773 4446 1116 4515 πατριάρχου
1149 4444 1182 4514 ἢ
1228 4442 1631 4514 μητροπολίτου
1665 4439 1722 4492 έν
1752 4454 1859 4490 τινι

270 4544 431 4596 πόλει
478 4542 670 4609 σταλῇ,
712 4542 787 4602 ὠς
816 4540 907 4592 τὸν
951 4538 1116 4590 τόπον
1169 4535 1377 4590 ἐκείνου
1427 4530 1857 4604 ἀναπληρώσων,

270 4637 398 4689 τότε
433 4633 511 4697 ὡς
541 4632 705 4693 αὐτὸς
734 4634 760 4685 ό
791 4630 1007 4692 στείλας
1046 4629 1207 4682 αὐτὸν
1238 4627 1627 4695 λογισθήσεται
1658 4626 1752 4677 καλ⁴
1783 4640 1864 4675 τι-

277 4727 611 4797 μηθήσεται.
648 4723 778 4786 Πῶς
809 4721 901 4775 οὖν
932 4723 959 4774 ὁ
985 4721 1081 4791 μὲν
1110 4720 1218 4772 τῶν
1246 4719 1487 4771 κανόνων
1509 4717 1598 4769 τὸν
1626 4718 1684 4769 ὲν
1713 4716 1862 4783 μέσῳ

1953 3519 2129 3573 locum
2164 3517 2377 3571 diaconi
2403 3523 2695 3585 occupent,
2734 3514 2799 3568 18
2831 3516 3021 3583 primae
3054 3516 3106 3567 in
3135 3512 3309 3567 Nicaea
3338 3514 3527 3582 synodi

1952 3622 2161 3664 canone
2185 3609 2531 3661 interdictum
2560 3617 2662 3669 εει,
2686 3616 3141 3674 contumaccsque
3162 3590 3196 3657 ἰι
3228 3606 3530 3658 ministerio

1956 3699 2131 3755 arceri
2188 3700 2375 3753 eadem
2440 3698 2836 3753 constitutione
2888 3696 3192 3751 decretum.
3252 3695 3349 3750 llic
3406 3711 3534 3750 vero

1955 3808 2154 3855 canon,
2183 3792 2276 3861 qui
2316 3790 2689 3846 honestiorem
2736 3788 2958 3843 sedendi
3012 3788 3187 3842 Ineunt
3237 3790 3531 3857 impudenti

1958 3886 2267 3940 temeritate
2299 3882 2680 3938 sacerdotibus
2714 3881 3083 3950 praeripuerit,
3121 3897 3243 3934 cum
3292 3882 3343 3933 in
3376 3894 3534 3935 arro-

1958 3980 2153 4050 gantia:
2177 3992 2287 4031 suae
2318 3991 2529 4046 pmnam
2558 3989 2664 4029 non
2697 3990 2723 4027 a
2749 3974 3047 4029 ministerio
3073 3973 3290 4040 quidem
3326 3972 3534 4041 repelli,

1960 4069 2051 4121 sed
2086 4068 2152 4121 de
2182 4081 2280 4122 suo
2307 4066 2473 4136 gradu
2519 4062 2798 4119 deturbari
2827 4063 3002 4132 juhet.
3056 4059 3290 4113 Proinde
3337 4060 3382 4113 si
3424 4058 3536 4126 pri-

1959 4173 2107 4213 mum
2159 4157 2302 4212 forte
2354 4157 2530 4210 locum
2582 4156 2725 4209 inter
2766 4154 3025 4208 diaconos
3069 4151 3399 4213 obtinuerat,
3445 4149 3537 4219 qui

1960 4253 2098 4306 adeo
2121 4249 2460 4319 impudenter
2485 4262 2544 4303 se
2572 4246 2712 4318 gerit
2735 4254 2790 4301 et
2817 4253 2945 4299 ante
2969 4243 3320 4313 presbyteros
3358 4242 3535 4304 sedet,

1960 4344 2015 4398 in
2057 4353 2395 4411 postremum
2446 4340 2785 4400 detrudetur,
2823 4336 3137 4401 honoreque
3175 4332 3390 4386 caeteris
3419 4347 3541 4385 om-

1964 4433 2119 4488 nibus
2152 4431 2376 4486 inferior
2411 4428 2718 4485 habebitur.
2748 4426 2804 4482 Si
2833 4441 2992 4497 quem
3023 4436 3200 4477 tamen
3226 4423 3536 4485 diaconum,

1962 4524 2207 4580 muneris
2237 4521 2320 4579 sui
2350 4522 2638 4586 vicarium,
2668 4521 2721 4575 in
2748 4522 2935 4575 urbem
2965 4517 3201 4585 aliquam
3234 4514 3539 4584 patriarcha

1960 4617 2044 4672 vel
2067 4616 2515 4685 metropolitanus
2534 4611 3055 4677 destinarit,debitos
3079 4608 3206 4678 ipsis
3229 4605 3548 4676 praesulibus

1967 4710 2200 4763 honores
2235 4709 2414 4775 legato
2441 4704 2667 4770 deferri,
2699 4705 2997 4772 eodemque
3022 4714 3133 4769 quq
3163 4699 3252 4751 ille
3296 4697 3415 4750 loco
3452 4697 3547 4749 ha-

277 4774 609 4797 |'"|"l"""'
649 4774 734 4776 -τη
760 4774 774 4786 δ
853 4774 857 4775 ν
985 4774 996 4791 ι
1714 4774 1725 4783 .
1830 4774 1843 4782 .

276 4818 671 4890 πρεσϐυτέρων
718 4815 1019 4868 καθίσαντα
1058 4811 1357 4882 βαρύτερον
1390 4809 1635 4872 κολάζει,
1669 4809 1851 4860 παύων

1969 4802 2085 4855 beri
2140 4800 2337 4870 placet.
2390 4799 2498 4855 Sed
2552 4813 2673 4850 cum
2720 4796 2892 4849 altero
2942 4806 3174 4855 canone,
3214 4791 3303 4859 qui
3338 4788 3550 4844 medius

276 4911 445 4965 αὑτὸν
488 4910 587 4977 τῆς
640 4908 939 4967 διακονίας,
989 4898 1146 4965 οὗτος
1183 4902 1239 4955 δὲ
1293 4900 1634 4969 κουφοτέραν
1668 4896 1865 4965 ἐπάγει

273 5004 379 5071 τὴν
408 5000 685 5070 τιμωρίαν
716 4999 790 5068 τῷ
832 4995 1223 5067 προκαθίσαντι
1257 4991 1659 5062 πρεσϐυτέρου,
1692 5004 1866 5042 κατα-

276 5094 526 5158 ϐιϐάζων
574 5092 735 5144 αὑτὸν
782 5092 859 5151 είς
904 5089 993 5139 τὸν
1047 5087 1274 5156 ἔσχατον
1311 5085 1476 5137 τόπον
1515 5081 1608 5135 τοῦ
1661 5081 1864 5133 οἰκείου

280 5186 529 5259 βαθμοῦς
568 5185 736 5236 Φασὶν
776 5178 867 5235 οὖν
911 5183 992 5233 ὅτι
1024 5182 1052 5232 ὁ
1090 5179 1195 5249 μὲν
1240 5179 1337 5246 τῆς
1380 5175 1607 5246 πρώτης
1646 5174 1865 5227 συνόδου

280 5283 462 5333 κανὼν
495 5275 756 5345 περὶτῶν
792 5275 848 5326 ὲν
881 5273 1085 5343 βήματι
1116 5271 1173 5322 ὲν
1205 5268 1518 5339 ἱερουργίας
1553 5265 1731 5334 καιρῷ
1762 5280 1864 5317 κα-

282 5371 594 5441 θεζομένων
643 5370 699 5419 ὲν
731 5367 877 5437 μέσῳ
916 5364 1308 5434 πρεσϐυτέρων
1339 5363 1521 5431 φησὶν,
1565 5360 1651 5413 ὅτε
1679 5360 1865 5412 διακο-

284 5468 394 5514 νεῖν
434 5461 636 5528 μᾶλλον
683 5456 778 5508 καὶ
830 5456 1126 5523 ὑπηρετεῖν
1166 5455 1276 5512 τοῖς
1318 5449 1556 5520 ἱερεῦσιν
1592 5449 1862 5517 ὀφείλουσι

284 5554 383 5605 καὶ
414 5550 757 5620 παρεστάναι
807 5547 1025 5607 αὐτοῖς·
1071 5548 1097 5597 ὁ
1131 5545 1187 5597 δὲ
1239 5544 1339 5612 τῆς
1385 5543 1604 5595 συνόδου
1658 5542 1863 5607 ταύτης

285 5642 415 5709 περὶ
444 5642 550 5693 τῶν
586 5640 740 5701 ἐκτὸς
776 5638 1018 5707 βήματος
1050 5637 1105 5687 ὲν
1132 5635 1366 5703 τυλοᾶση
1392 5633 1631 5703 καθέδρᾳ
1656 5649 1865 5702 προκα-

288 5736 556 5789 οισάντων
622 5730 1036 5799 πρεσϐυτέρων.
1100 5726 1381 5795 Πανταιχοῦ
1448 5727 1547 5795 μὲν
1592 5727 1699 5792 γὰρ
1755 5726 1863 5784 τοῖς

290 5824 529 5893 ἱερεῦσιν
556 5826 607 5876 οἱ
646 5822 886 5874 διάκονοι
927 5817 1259 5887 χρεωστοῦσι
1304 5817 1491 5885 τιμὴν,
1544 5815 1779 5885 μάλιστα
1808 5815 1863 5866 δὲ

290 5914 354 5968 ἐν
385 5914 686 5989 ἱερουργίᾳ.
722 5910 983 5982 Ὀφιρίκια
1010 5909 1065 5962 δὲ
1103 5907 1535 5978 ὲκκλησιαστικὰ
1569 5906 1635 5959 τὰ
1664 5908 1860 5978 αρχον-

1970 4894 2114 4947 inter
2136 4892 2489 4963 presbyteros
2511 4889 2838 4951 consederit,
2868 4886 2940 4938 illi
2974 4883 3300 4939 cessationis
3327 4896 3353 4931 a
3385 4879 3550 4933 mini-

1970 4983 2139 5037 Sterio
2166 4997 2323 5051 paena
2350 4982 2570 5050 gravior
2599 4977 2799 5032 inﬂicta
2831 4978 2927 5037 sit.
2960 4990 3062 5043 qua
3097 4975 3307 5027 ratione
3343 4971 3548 5025 factum

1970 5075 2322 5140 arbitremur,
2364 5072 2556 5141 utqui
2610 5068 2979 5124 honestiorem
3038 5067 3216 5119 locum
3270 5066 3551 5118 sacerdote

1969 5166 2245 5220 assidente
2276 5163 2579 5233 occuparit,
2626 5176 2747 5215 cum
2798 5173 2864 5214 eo
2914 5159 3000 5211 hic
3028 5170 3201 5209 canon
3258 5151 3548 5209 remissius

1970 5269 2119 5327 agat,
2150 5259 2458 5325 levioreque
2486 5250 2979 5309 animadversionis
3009 5264 3209 5318 genere
3236 5244 3365 5299 nihil
3399 5244 3547 5297 aliud

1971 5367 2131 5420 quam
2168 5361 2497 5419 postremum
2533 5348 2673 5400 inter
2702 5346 2784 5399 sui
2816 5343 3024 5399 ordinis
3057 5340 3303 5394 homines
3325 5336 3550 5406 gradum

1971 5442 2472 5511 obtinercjubeat?
2521 5440 2576 5494 ld
2611 5440 2779 5512 igitur
2827 5438 2899 5491 ita
2946 5434 3193 5491 nonnulli
3255 5430 3553 5498 explicant,

1970 5547 2030 5590 ut
2058 5538 2125 5589 de
2148 5536 2418 5599 diaconis,
2455 5535 2545 5605 qui
2576 5535 2699 5587 dum
2732 5546 2883 5585 sacra
2912 5528 3170 5599 mysteria
3201 5530 3553 5592 peraguntur,

1976 5631 2026 5683 in
2063 5629 2301 5682 sat-rario
2338 5628 2500 5681 medii
2530 5627 2672 5681 inter
2713 5625 3064 5693 presbyteros
3098 5617 3417 5676 consedere,
3446 5627 3555 5680 quo

1975 5720 2193 5789 quidem
2224 5729 2464 5787 tempore
2493 5731 2587 5771 eos
2620 5715 2853 5768 maxime
2878 5710 3253 5765 sacerdotibus
3286 5701 3551 5757 inservire

1974 5820 2140 5879 atque
2194 5817 2376 5863 astare
2429 5814 2765 5875 Oportucrat,
2826 5802 3013 5870 prima:
3062 5798 3249 5868 synodi
3285 5806 3549 5847 canonem

1972 5904 2144 5974 ut‘t‘lpi
2166 5903 2331 5958 velint
2354 5920 2366 5957 :
2393 5903 2535 5955 hunc
2560 5914 2690 5954 vero
2725 5899 2790 5951 de
2815 5897 2899 5958 iis,
2926 5892 3019 5963 qui
3053 5901 3206 5946 extra
3231 5884 3545 5948 sacrarium,
