3940 6480
254 439 355 499 5:19

1298 446 1377 504 ΙΝ
1420 448 1582 507 CAN.
1624 447 1709 506 ΙΙΙ
1738 444 1951 507 CONC.
1988 448 2065 509 ΙΝ
2097 450 2424 511 TRUILO’.

3412 449 3512 511 531i

252 554 399 606 νείαν
431 551 620 606 αὐτοῦ.
656 554 724 608 ’Ἀ
747 554 802 609 δὲ
826 558 1049 626 κρατεῖν
1074 556 1169 611 καὶ
1197 559 1396 628 ἐφεξῆς
1429 561 1809 615 κεκανόνισται

1959 563 2277 618 rotationem
2319 565 2450 620 nihil
2483 564 2743 635 scripturn
2775 573 2879 620 est.
2924 563 3055 631 Qua:
3093 574 3277 619 autem
3324 564 3376 618 in
3416 582 3516 633 po—

252 642 376 713 τιερὶ
422 643 484 695 τὸ
512 645 693 711 τέλος,
721 648 831 699 τῶν
877 648 1051 715 ἁγίων
1098 650 1417 703 ἀποστόλων
1453 654 1563 705 εἰσὶ
1596 655 1820 718 κανόνες

249 737 314 803 ιζ’
352 740 444 791 καὶ
484 746 578 810 ιη’,
615 740 710 802 οὓς
734 745 1261 816 παραϐαινομένους,
1295 748 1370 811 ὡς
1395 748 1592 813 ἔοικεν,
1622 751 1672 803 οἱ
1706 753 1820 805 Πα-

248 829 400 896 τέρες
430 830 825 887 ἀνενεώσαντο.
856 836 1017 901 Ζήτει
1041 836 1133 889 οὖν
1153 837 1252 900 τὰς
1278 837 1485 890 τούτων
1520 841 1821 909 ἑρμηνεῖας

250 920 448 972 ἐκεῖσε·
478 921 776 992 ἐξαιρέτως
800 925 854 978 δὲ
878 928 944 980 τὰ
962 929 1240 997 γραφέντα
1263 931 1343 992 είς
1366 931 1457 983 τίιν
1510 931 1578 1002 ιβ’
1623 935 1822 989 κανόνα

246 1015 342 1081 τῆς
377 1016 437 1066 ὲν
482 1016 729 1088 Ἀγκύρᾳ
762 1019 1009 1073 συνόδου.

314 1196 567 1252 ΖΩΝΑΡ.
602 1198 683 1252 Τὰ
728 1200 827 1270 μὲν
854 1201 948 1254 τοῦ
979 1203 1168 1271 τρίτου
1224 1206 1449 1270 κανόνος
1497 1207 1710 1271 τούτου,
1745 1206 1820 1271 ὡς

253 1288 477 1351 καιρικά
513 1286 604 1338 καὶ
644 1288 736 1340 ἐπὶ
768 1291 879 1352 τοῖς
907 1290 1025 1344 τότε
1053 1293 1120 1344 δι’
1156 1294 1468 1363 οἰκονομίαν
1514 1296 1818 1364 ὁρισθέντα,

248 1375 305 1425 ού
356 1376 547 1444 μέντοι
590 1396 651 1445 γε
682 1380 776 1432 καὶ
808 1381 902 1433 ἐπὶ
928 1385 1042 1446 τοῖς
1071 1384 1198 1453 ἑξῆς
1232 1389 1457 1454 κρατεῖν
1502 1389 1817 1456 ὀφείλοντα,

251 1466 534 1537 εξάθησαψ
565 1470 601 1524 ἃ
638 1470 697 1523 δὲ
734 1476 955 1543 κρατεῖν
984 1478 1079 1528 καὶ
1107 1478 1199 1531 ἐπὶ
1250 1479 1358 1531 τῶν
1420 1480 1622 1550 ἑφεξῆς
1652 1498 1822 1535 κεκασ-

247 1558 506 1627 νόνισται,
537 1563 645 1615 τῶν
678 1564 852 1632 ἁγίων
903 1567 1220 1624 ἀποστόλων
1244 1572 1353 1624 εἰσὶ
1388 1574 1615 1632 κανόνες
1654 1576 1823 1630 ἑπτα-

249 1649 574 1716 καιδέκατος
614 1655 710 1708 καὶ
745 1657 1239 1725 ὀκτωκαιδέκατος,
1280 1663 1375 1727 οὓς
1406 1667 1821 1736 παρασαινομέ-

248 1758 367 1803 νους
399 1743 433 1812 ἠ
468 1744 690 1811 σύνοδος
724 1747 864 1821 αὕτη
899 1752 1253 1808 ἀνενεώσατο.
1308 1758 1371 1809 Οἱ
1394 1756 1627 1811 τοιοῦτοι
1656 1758 1818 1811 δὲκαὶ

242 1829 408 1898 ἄμφω
446 1835 674 1900 κανόνες
699 1839 1067 1912 ὲξηγήθησαν,
1107 1845 1202 1899 καὶ
1227 1847 1254 1899 ό
1284 1845 1465 1915 ζητῶν
1482 1848 1581 1916 τὴν
1612 1849 1817 1902 τούτων

1924 663 2131 711 slerum
2193 658 2348 712 firma
2388 666 2438 713 et
2501 667 2616 713 rata
2667 672 2786 713 esse
2828 659 2975 713 circa
3036 659 3193 712 tinem
3247 661 3511 715 canonice

1924 750 2279 805 mnstitutum
2329 759 2433 815 est,
2487 760 2961 806 sunt-sanctorum
3013 752 3385 819 apostolorum
3447 754 3514 803 t7

1926 853 1985 898 et
2022 844 2111 906 18,
2142 843 2235 912 qui
2262 858 2407 906 eum,
2442 853 2499 896 ut
2532 851 2613 898 est
2639 843 2952 907 verisimile,
2986 858 3088 896 non
3126 843 3400 898 observati
3424 860 3513 898 es-

1928 944 2071 998 sent,
2118 950 2215 989 eos
2262 937 2455 991 Patres
2507 946 2927 992 renovaverunt.
2989 936 3180 1002 Quaere
3226 952 3356 1006 ergo
3403 937 3512 990 itlic

1928 1042 2114 1081 eorum
2175 1027 2703 1097 interpretationem,
2744 1028 3015 1097 praecipue
3050 1038 3227 1082 autem
3268 1044 3336 1083 ea
3386 1045 3511 1097 quae

1927 1119 2127 1188 scripta
2145 1131 2267 1175 sunt
2286 1122 2336 1174 in
2376 1121 2583 1175 12cm).
2624 1120 2820 1191 Ancyr.
2850 1120 3062 1191 synodi.

2001 1212 2253 1268 ZONAR.
2288 1212 2418 1280 Qua:
2463 1213 2529 1266 ad
2586 1212 2728 1267 hunc
2765 1213 2983 1268 tertium
3028 1228 3292 1269 canonem
3343 1215 3512 1285 perti-

1928 1314 2081 1370 nent,
2138 1305 2211 1360 illi
2234 1305 2433 1374 quippe
2461 1304 2634 1359 solum
2678 1305 2930 1371 tempori,
2960 1321 3066 1374 quo
3107 1321 3277 1361 canon
3329 1306 3508 1360 editus

1924 1407 2031 1460 est,
2066 1397 2496 1460 accommodata,
2544 1397 2855 1465 nullamque
2891 1408 3077 1466 postea
3120 1397 3225 1451 vim
3274 1397 3507 1466 amplius

1929 1490 2174 1545 habitura
2195 1491 2559 1561 przetermissa
2588 1489 2871 1555 sunt.Qu:e
2892 1499 3070 1545 autem
3096 1490 3241 1560 apud
3267 1501 3510 1558 posteros

1924 1597 2141 1653 quoque
2188 1583 2341 1637 tirma
2403 1582 2593 1635 Patres
2652 1596 2772 1636 esse
2825 1582 3135 1644 voluerunt,
3208 1582 3510 1651 apostolico

1928 1674 2139 1729 decimo
2163 1676 2391 1742 septimo
2415 1683 2467 1727 et
2496 1673 2705 1727 decimo
2745 1682 2936 1727 octavo
2976 1687 3184 1726 canone
3231 1673 3512 1726 continen-

1930 1770 2062 1815 tur:
2096 1777 2232 1831 quos
2265 1762 2465 1829 passim
2517 1763 2791 1830 neglectos
2842 1763 2955 1818 hme
3016 1762 3256 1830 synodus
3299 1764 3513 1816 censuit

1929 1854 2288 1909 renovandos.
2334 1854 2411 1907 illi
2465 1870 2597 1908 vero
2638 1857 2797 1908 ambo
2835 1870 3075 1909 canones
3119 1855 3509 1921 explicantur:

248 1923 515 1995 ἐξήγησιν
553 1930 785 2003 εὑρήσει
812 1934 983 2005 αὐτὴν
1010 1937 1069 1989 ὲν
1102 1940 1215 2002 τοῖς
1254 1939 1363 1992 τῶν
1395 1940 1569 2007 ἁγίων
1595 1943 1826 1995 ἀποστό-

1956 1952 1987 1998 et
2031 1959 2223 1998 eorum
2265 1945 2680 2012 explicationem
2723 1946 2767 1999 si
2810 1945 2931 2012 quis
2976 1945 3311 2013 quaesiverit,
3345 1944 3515 1997 'intcr

247 2018 347 2069 λων
370 2021 621 2075 κανόσιν.

248 2130 468 2187 ΑΡῙΣΤ.
536 2152 555 2186 ι
600 2137 796 2206 ’ῐερεῖς
828 2140 1050 2212 δίγαμοι
1082 2144 1173 2197 καὶ
1220 2147 1626 2217 ἁμεταμέλητοι
1658 2150 1827 2222 καθῄ-

316 2240 336 2274 ι
387 2242 616 2295 ρηνται.
646 2230 709 2282 Oi
736 2230 794 2283 δὲ
825 2232 1081 2287 τὸκακδν
1115 2236 1489 2307 ἀμελήσαντες
1531 2241 1621 2293 ἐπὶ
1663 2243 1826 2311 ῥητόν

320 2336 334 2365 ι
386 2318 699 2374 παύσονται
725 2324 938 2393 χρόνον·
973 2327 1326 2397 οὐκεεύλογεῖ
1362 2331 1469 2398 γὰρ
1520 2332 1548 2384 ὁ
1581 2350 1827 2401 τραυμα-

320 2428 341 2459 ι
383 2411 533 2475 τίας.
567 2413 680 2467 Καὶ
726 2416 779 2469 οἱ
815 2420 1154 2489 παρανόμως
1206 2422 1581 2491 γαμήσαντες,
1620 2424 1716 2476 καὶ
1775 2425 1824 2477 οἱ

322 2522 339 2552 ι
395 2504 543 2572 μετὰ
592 2506 693 2578 τὴν
745 2510 1080 2579 χειροτονίαν
1134 2513 1460 2581 συζυγέντες
1518 2516 1656 2583 μετὰ
1733 2515 1827 2568 τὶν

320 2616 339 2645 ι
394 2599 568 2669 ῥητὸν
587 2601 778 2671 χρόνον
792 2604 917 2667 τοὺς
943 2603 1641 2676 βαθμοὺςγνωριζέτωσαν,
1661 2610 1831 2679 ἀπρό-

323 2710 341 2739 σ
392 2708 561 2744 κοποι
588 2694 865 2763 μένοντες,
896 2696 1098 2767 δηλαδὴ
1122 2702 1220 2769 τῆς
1253 2700 1513 2768 συζυγίας
1541 2700 1825 2770 ἀφέμενοι.

320 2802 335 2830 ι
390 2782 456 2834 Ei
489 2782 547 2834 δὲ
591 2784 730 2853 μετὰ
756 2787 847 2838 τὸν
896 2788 1021 2857 ὅρον
1058 2789 1417 2859 κωλυόμενοι,
1446 2791 1832 2863 καθῃρημένοι

317 2891 335 2923 ι
393 2875 733 2943 μενέτωσαν.
775 2896 799 2930 ι

316 3077 379 3130 Οἱ
401 3078 509 3147 τῆς
545 3080 770 3135 συνόδου
798 3083 1006 3154 ταύτης
1032 3087 1301 3159 Πατέρες,
1331 3089 1425 3142 καὶ
1448 3090 1510 3142 τὸ
1543 3092 1833 3161 γινόμενον

252 3171 629 3243 διορθούμενοι
656 3178 849 3243 κακὸν,
885 3179 980 3230 καὶ
1040 3179 1102 3233 τὸ
1157 3180 1353 3249 μέλλον
1389 3183 1834 3252 ἐξασφαλιζόμε-

1926 2036 2255 2105 apostolicos
2288 2051 2525 2093 canones
2551 2052 2649 2091 suo
2669 2036 2787 2091 loco
2810 2053 2925 2092 eam
2958 2037 3210 2105 reperiet.

1924 2145 2156 2201 ARIST.
2214 2166 2232 2197 ι
2276 2145 2623 2210 Sacerdotes,
2686 2147 2777 2216 qui
2810 2148 3076 2202 secundas
3116 2154 3508 2200 contraxerunt

2004 2256 2021 2287 ο
2067 2238 2285 2307 nuptias
2334 2246 2390 2292 et
2446 2253 2551 2293 non
2601 2237 2953 2307 resipiseuut,
3000 2238 3364 2306 deponuntur.
3410 2229 3515 2301 Qui

2008 2349 2023 2379 ι
2068 2340 2246 2384 autem
2278 2346 2305 2382 a
2342 2330 2483 2383 malo
2513 2330 2807 2393 abstinent,
2864 2331 3087 2385 definito
3127 2339 3369 2398 tempore
3400 2344 3518 2382 ces-

2009 2443 2025 2472 ι
2070 2425 2285 2477 .«abunt.
2325 2421 2647 2477 Vulneratus
2706 2423 2850 2476 enim
2897 2437 3001 2476 non
3052 2420 3348 2475 benedieit.
3414 2418 3512 2484 Qui

2006 2536 2025 2566 ι
2073 2515 2296 2570 nefariis
2334 2526 2512 2569 autem
2556 2516 2756 2585 nuptiis
2810 2513 3068 2584 implicati
3112 2521 3264 2575 sunt,
3314 2519 3369 2564 et
3421 2511 3509 2578 qui

2011 2628 2028 2657 ι
2074 2594 2193 2676 pust
2227 2607 2627 2661 ordinationem
2674 2604 3074 2659 matrimonium
3105 2608 3521 2661 contraxerunt,

2009 2716 2025 2746 ι
2072 2707 2191 2764 post
2213 2696 2726 2766 tempusdeiinitum
2761 2695 2826 2748 ad
2850 2693 3050 2765 gradus
3075 2708 3201 2747 suos
3228 2692 3519 2745 restituan-

2009 2810 2026 2840 ι
2075 2797 2183 2853 tur,
2218 2788 2446 2843 ulterius
2471 2805 2575 2843 non
2605 2787 2987 2857 promerendi,
3021 2783 3366 2839 matrimonio
3394 2782 3516 2837 scii.

2011 2903 2028 2934 ι
2074 2882 2358 2938 dissoluto.
2403 2882 2496 2936 Sin
2551 2891 2670 2950 post
2711 2882 3020 2942 decretum,
3083 2893 3208 2931 eum
3259 2873 3521 2945 prohibiti

2015 2995 2034 3027 ι
2083 2975 2302 3039 fuerint,
2336 2974 2563 3043 depositi
2596 2982 2869 3027 maneant.
2908 2990 2931 3024 ι
3138 2960 3143 2963 ί

2011 3090 2211 3161 Synodi
2243 3090 2465 3160 hujusce
2489 3089 2698 3151 Patres,
2722 3095 2776 3139 ut
2801 3084 2999 3139 malum
3020 3083 3289 3153 quodjam
3319 3082 3517 3135 factum

1940 3184 2040 3240 fuit
2081 3182 2464 3247 emendarem,
2494 3189 2546 3234 et
2579 3179 2816 3234 futurum
2848 3178 3250 3249 propulsarent,
3283 3190 3520 3247 praesen-

252 3282 352 3331 νοι,
392 3264 493 3319 τὸν
518 3267 775 3339 παρόντα
805 3270 1005 3324 κανόνα
1034 3270 1306 3339 ἐξέθεντο,
1342 3274 1436 3327 καί⁸
1506 3275 1834 3346 διορίζονται

1956 3294 2047 3334 ,em
2094 3277 2249 3348 161
2299 3275 2520 3331 edidere
2571 3288 2856 3336 canonem,
2904 3280 2956 3325 et
3005 3270 3329 3331 decernunt,
3373 3268 3519 3336 quod

252 3355 323 3417 ὡς
345 3357 466 3411 ὅσοι
502 3360 603 3427 μὲν
636 3361 743 3413 τῶν
777 3361 971 3433 ἱερέων
999 3365 1091 3417 καὶ
1119 3366 1385 3419 διακόνιον
1414 3367 1675 3440 δευτέραν
1710 3369 1831 3423 ἔλα·

254 3445 346 3501 6ον
374 3450 631 3521 γαμετὴν
655 3453 760 3522 πρὸ
784 3456 884 3522 τῆς
914 3454 1091 3507 αὐτῶν
1113 3457 1507 3520 συνελεύσεως,
1551 3458 1645 3511 καὶ
1674 3459 1829 3527 ἔμει-

250 3558 343 3593 ναν
370 3543 541 3613 μέχρι
571 3544 670 3613 τῆς
706 3547 1014 3616 παρουσίας
1037 3549 1215 3602 αὐτῶν
1241 3551 1673 3621 ἀμεταμέλητοι,
1703 3554 1834 3616 τοὺς

257 3632 539 3703 ἀθέσμους
570 3636 783 3707 γάμους
809 3640 881 3708 μή
903 3640 1332 3705 διασπάσαντες,
1376 3642 1702 3713 καθαιρέσει
1731 3662 1833 3698 κα-

252 3727 438 3795 νονικῇ
480 3724 978 3795 ύποὸληθήσονται,
1034 3730 1127 3781 καὶ
1160 3732 1239 3793 εἰς
1290 3731 1412 3794 τοὺς
1472 3735 1634 3797 λαοὺς
1670 3753 1837 3805 μετα-

254 3815 523 3867 πέσωσιν·
555 3816 671 3870 ὅσοι
695 3816 774 3879 δὲ,
805 3818 910 3888 πρὸ
942 3819 1042 3887 τῆς
1096 3820 1465 3886 συνελεύσεως
1507 3825 1689 3878 αὐτων
1742 3844 1839 3896 με·

253 3908 683 3978 ταμεληθέντες,
721 3910 782 3962 τὸ
846 3914 1128 3984 συμφέρον
1194 3915 1537 3983 ἐπέγνωσαν,
1599 3919 1695 3972 καὶ¹
1740 3920 1839 3989 τὴν

258 4001 415 4072 ξένην
456 4006 551 4057 καὶ
590 4004 743 4058 νόθον
781 4005 989 4077 ταύτην
1025 4008 1350 4082 συμπλοκὴν
1383 4010 1711 4077 ἁπεδίωξαν,
1740 4014 1840 4081 τῆς

263 4092 358 4159 μὲν
386 4094 702 4165 ἱερωσύνης
738 4095 1133 4165 παυθήσονται,
1182 4099 1602 4171 ὲπιτιμηθέντες
1627 4106 1720 4157 καὶ
1750 4103 1841 4156 ἐπὶ

264 4184 425 4253 ῥητὸν
456 4184 559 4253 ἤδη
597 4185 816 4255 χρόνον,
864 4187 1031 4258 μόνης
1072 4189 1132 4241 δὲ
1194 4192 1292 4259 τῆς
1341 4192 1506 4262 τιμῆς
1555 4194 1840 4263 μεθέξουσι

260 4274 355 4341 τῆς
383 4273 535 4326 κατά
566 4275 667 4343 τὴν
703 4276 971 4347 καθέδραν
995 4281 1087 4332 καὶ
1124 4281 1331 4343 στάσιν,
1350 4285 1444 4335 καὶ
1474 4284 1845 4356 ἀρκεσθήσον-

262 4381 348 4417 ται
381 4368 453 4434 τῇ
490 4364 777 4437 προεδρίᾳ,
819 4368 897 4437 τῷ
939 4370 1130 4440 Κυρίῳ
1157 4373 1590 4440 προσκλαίοντες
1625 4391 1842 4446 συγχω-

268 4457 507 4528 ρηθῆναι
546 4457 733 4521 αὐτοῖς
758 4459 818 4511 τὸ
864 4461 927 4513 ἐκ
962 4464 1060 4532 τῆς
1091 4463 1315 4532 ἀγνοίας
1350 4466 1634 4537 ἀνόμημα.
1686 4469 1848 4521 Ἀνα-

264 4550 527 4603 κόλουθον
568 4549 678 4620 γὰρ
702 4550 795 4604 τὸν
844 4558 1190 4624 τραυματίαν
1220 4559 1513 4629 γενόμενον
1541 4562 1730 4632 ἕτερον
1758 4562 1847 4615 εὖ-

261 4642 468 4711 λογεῖν.
525 4644 693 4697 Ἀλλά
725 4645 818 4699 καὶ
852 4650 901 4701 οί
939 4648 1046 4719 πρὸ
1086 4651 1187 4719 τῆς
1235 4654 1575 4721 χειροτονίας
1609 4655 1850 4726 πρεσϐύο

265 4754 439 4807 τεροι,
502 4737 597 4791 καὶ
663 4737 921 4805 διάκονοι,
1000 4744 1092 4795 καὶ
1155 4743 1524 4811 ύποδιάκονοι,
1586 4749 1851 4819 μιᾷνμὲν

266 4832 484 4901 γαμετῇ
531 4832 925 4901 συναφθέντες,
964 4836 1110 4907 χήρᾳ
1149 4836 1207 4890 δὲ
1250 4840 1620 4913 τυγχανούιτῃ⁸
1663 4841 1848 4897 ὡσαύ-

266 4939 373 4986 τως
400 4924 460 4976 δὲ
485 4923 583 4976 καὶ
610 4926 657 4976 οί
687 4924 825 4994 μετὰ
856 4926 955 4996 τὴν
992 4930 1328 4998 χειροτονίαν
1363 4931 1442 4984 ἐνὶ
1471 4932 1636 5004 γάμῳ
1670 4952 1844 5005 προσ-

267 5015 637 5087 ομιλήσαντες
683 5018 783 5085 τῆς
819 5020 919 5087 μὲν
975 5020 1282 5092 ἱερωσύνης
1311 5023 1494 5077 τέλεον
1524 5024 1584 5077 οὐ
1634 5026 1849 5097 παυθή-

274 5123 485 5173 σονται,
522 5108 638 5163 ἀλλ’
665 5110 756 5161 ἐπὶ
783 5111 945 5180 ῥητόν
974 5129 1096 5165 τινα
1130 5114 1625 5184 ἐπιτιμηθήσονται
1651 5119 1847 5188 χρόνον

271 5200 365 5252 καὶ
398 5202 501 5271 τῆς
537 5198 692 5271 ἱερᾶς
748 5203 1159 5273 κωλυθήσονται
1198 5206 1567 5279 λειτουργίας,
1631 5213 1725 5264 καὶ
1768 5213 1849 5276 είς

272 5293 399 5357 τοὺς
432 5292 671 5356 οἰκείους
716 5293 871 5358 αὗθις
920 5297 1347 5353 ἀποκαταστῶσι
1384 5301 1647 5373 βαθμοὺς,
1710 5322 1848 5369 προ-

271 5381 447 5451 δήλους
518 5383 866 5454 διαλυόμενοι
909 5387 970 5439 τὸ
1021 5390 1258 5461 ἄθεσμον
1334 5396 1693 5460 συνοικέσιον,
1754 5396 1849 5450 καὶ

1938 3373 2247 3443 quicunque
2278 3370 2494 3439 Quidem
2539 3366 2849 3422 sacerdotes
2884 3374 2943 3419 et
2981 3361 3193 3418 diaconi
3223 3359 3517 3416 secundam

1938 3468 2207 3521 duxerunt
2259 3476 2482 3516 uxorem
2526 3470 2655 3514 ante
2699 3458 2841 3512 hunc
2870 3471 3056 3513 eorum
3092 3460 3441 3514 conventum,
3467 3460 3523 3505 et

1939 3573 2113 3628 usque
2138 3558 2200 3611 ad
2232 3557 2471 3626 ipsorum
2507 3556 2796 3609 adventum
2825 3551 3224 3621 impmnitentes
3249 3563 3520 3610 mansere,

1941 3651 2178 3706 nefarias
2214 3651 2345 3705 istas
2375 3664 2480 3703 non
2510 3646 2876 3702 distrahentes
2918 3643 3154 3712 nuptias,
3196 3641 3527 3710 depositioni

1942 3743 2217 3799 canonica:
2237 3740 2610 3812 subjicientur,
2632 3749 2685 3793 et
2704 3737 2769 3792 ad
2795 3736 2962 3791 laicos
2989 3736 3258 3789 decident.
3282 3732 3523 3799 Quicun-

1942 3851 2050 3907 que
2096 3844 2274 3891 autem
2314 3840 2441 3888 ante
2479 3833 2719 3902 ipsorum
2776 3837 3103 3884 conventum
3142 3824 3526 3894 resipisccutes

1943 3931 2085 3999 quod
2143 3928 2365 3998 expedit
2394 3933 2771 3995 agnoverunt,
2806 3932 2859 3978 et
2907 3922 3141 3976 alienam
3192 3919 3350 3973 istam
3400 3932 3527 3984 spu-

1946 4021 2191 4089 riamque
2221 4015 2662 4083 congreSsionem
2696 4011 3043 4081 expulerunt,
3077 4006 3385 4063 sacerdotio
3408 4006 3527 4076 qui-

1945 4112 2063 4165 dem
2128 4108 2274 4179 fungi
2333 4105 2795 4175 supersedebunt,
2857 4102 2922 4156 ad
2977 4100 3302 4172 prml‘mitum
3361 4097 3525 4154 etiam

1949 4212 2160 4271 tempus
2195 4199 2391 4268 puniti,
2416 4198 2562 4251 illius
2584 4204 2765 4251 autem
2800 4194 3021 4249 honoris
3046 4192 3214 4247 solius
3235 4190 3526 4261 participes

1947 4303 2107 4350 erunt
2152 4293 2239 4361 qui
2282 4292 2334 4345 in
2372 4290 2631 4345 cathedra
2676 4297 2730 4342 et
2763 4287 3020 4352 statione,
3088 4295 3142 4339 et
3179 4284 3365 4353 primze
3408 4282 3526 4336 sedi

1948 4385 2319 4455 acquiescent,
2349 4381 2583 4435 Domino
2615 4377 2867 4449 lacrymis
2907 4375 3276 4446 supplicantes
3311 4381 3367 4426 ut
3401 4386 3529 4441 pec-

1951 4487 2071 4533 cato
2111 4491 2208 4530 suo
2258 4490 2352 4543 per
2383 4470 2747 4543 ignorantiam
2792 4468 3029 4524 admisso
3074 4466 3230 4522 venia
3266 4463 3529 4518 conceda-

1955 4578 2062 4620 tur.
2128 4565 2244 4620 Non
2282 4567 2425 4619 enim
2466 4563 2746 4624 convenit,
2774 4570 2829 4615 ut
2855 4561 2943 4631 qui
2974 4561 3087 4629 ipse
3109 4567 3189 4613 est
3220 4556 3531 4611 vulneratus

1958 4660 2111 4713 alteri
2144 4657 2449 4713 benedicat.
2484 4654 2589 4710 Sed
2617 4664 2673 4710 et
2704 4652 3003 4724 presbyteri
3030 4658 3084 4705 et
3110 4648 3321 4704 diaconi
3352 4656 3405 4701 et
3433 4646 3531 4717 hy-

1958 4750 2263 4821 podiaconi,
2313 4749 2400 4817 qui
2439 4757 2567 4802 ante
2607 4744 3004 4800 ordinationem
3049 4756 3211 4795 unam
3262 4739 3535 4793 duxerant

1958 4860 2207 4907 uxorem,
2249 4843 2343 4898 sed
2397 4856 2517 4912 quae
2548 4840 2707 4895 vidua
2759 4840 2871 4903 sit;
2905 4836 3159 4893 similiter
3193 4844 3248 4889 et
3291 4832 3378 4901 qui
3412 4840 3539 4901 post

1958 4934 2353 4992 ordinationem
2393 4932 2485 4989 uni
2536 4931 2883 4986 matrimonio
2916 4943 2975 4984 se
3008 4927 3407 4998 applicuerunt,
3447 4940 3536 4979 sa-

1960 5026 2200 5081 CCI‘thIlO
2260 5023 2479 5092 quidem
2541 5037 2647 5075 non
2703 5020 2919 5089 penitus
2950 5017 3275 5083 abscedant,
3324 5015 3420 5070 sed
3468 5013 3536 5067 ad

1960 5117 2281 5184 prmﬁnitum
2301 5113 2518 5183 aliquod
2555 5124 2765 5181 tempus
2790 5110 3103 5180 punientur,
3124 5118 3175 5163 et
3199 5124 3229 5163 a
3253 5122 3409 5163 sacro
3436 5105 3537 5159 mi-

1960 5211 2188 5266 nisterio
2210 5207 2465 5278 prohibiti
2496 5214 2677 5269 erunt,
2705 5213 2762 5259 et
2794 5204 2861 5259 ad
2890 5203 3141 5274 proprios
3168 5203 3384 5257 tandem
3414 5215 3538 5269 grat-

1960 5304 2058 5358 dus
2093 5302 2284 5357 iterum
2311 5300 2687 5363 restituentur,
2720 5296 2989 5351 nefarium
3022 5295 3327 5364 coniugium
3366 5292 3537 5346 maui-

1960 5392 2562 5455 festodissolventes,et
2586 5388 2652 5443 ad
2685 5388 2849 5443 alium
2883 5387 3110 5459 gradum
3139 5384 3397 5454 majorem
3442 5398 3536 5438 ne-

1465 5552 1667 5613 Guill.
1706 5554 2040 5634 Beveregii
2088 5557 2276 5615 notae.

350 5663 466 5746 (58.)
513 5666 860 5746 Ἓξξαιρέζως
916 5670 989 5746 es
1012 5671 1081 5746 τᾴ
1125 5672 1448 5746 γραφέντα.
1493 5675 1589 5730 llic
1618 5676 1772 5733 locus
1798 5678 1853 5731 in

276 5728 888 5815 ῐιρῆξῖριιςιρξιίιίοηρ
948 5742 1025 5815 sic
1062 5728 1283 5815 regina},
1340 5728 1768 5812 “asseasse;
1798 5728 1856 5801 te

278 5804 359 5888 τῷ
501 5813 784 5888 γραφέντα
838 5811 933 5879 τῆς
973 5814 1030 5864 ὲν
1062 5804 1605 5888 ,ἰξγκύρᾳρυνόδυω
1651 5817 1707 5872 In
1747 5834 1850 5873 ms.

288 5873 724 5935 litterbaeitiatto
781 5873 926 5937 totus
966 5873 1262 5946 omittitur;
1296 5873 1357 5941 ὀι
1398 5898 1541 5942 recte
1570 5887 1792 5957 quidem
1831 5906 1843 5954 ;

1965 5692 2143 5746 neque
2174 5674 2320 5729 enim
2373 5675 2427 5727 it:
2467 5672 2639 5746 citato
2671 5669 2995 5746 duodecimo
3044 5665 3137 5746 illo
3175 5660 3534 5746 sy'nodihAn-

1962 5740 2178 5802 evr'anre
2216 5759 2428 5800 canone
2453 5743 2521 5798 de
2551 5743 2902 5797 sacerdotum
2936 5740 3289 5791 matrimonio
3313 5740 3496 5798 agitur
3521 5762 3535 5784 ν

1962 5806 2058 5872 sed
2090 5817 2158 5871 de
2217 5816 2305 5879 iis,
2341 5815 2433 5884 qui
2479 5822 2604 5867 ante
2655 5811 2986 5882 baptismum
3040 5805 3442 5863 sacriﬁcarunt,
3484 5803 3538 5856 cl

1966 5895 2156 5959 postea
2193 5885 2447 5958 baptizati
2486 5892 2637 5938 sunt.
