3940 6480
448 411 554 478 531

1712 412 1993 474 TIIEOD.
2024 413 2435 477 BALSAMON

3577 424 3670 499 532

444 537 718 594 quaquam
771 521 1141 589 promovendi,
1202 522 1296 577 sed
1338 521 1392 577 in
1423 520 1613 577 eodem
1655 534 1763 592 quo
1824 519 2025 576 inventi

2139 525 2401 596 μηδαμῶς
2434 527 2491 577 ἐν
2546 523 2718 595 ἑτέρῳ
2766 523 2973 595 μείζονι
3033 523 3227 597 βαθμῷ
3274 530 3667 605 προκόπτοντες,

445 616 667 672 fuerunt
712 615 905 668 ordine
935 624 1339 684 permanentes.
1380 616 1446 671 Et
1492 616 1608 671 btec
1636 615 1853 685 quidem
1890 628 2023 669 eou-

446 710 749 762 stituerunt
777 707 917 772 ﬁeri,
944 717 997 761 et
1025 708 1094 762 ob
1141 708 1537 764 humanitatem
1581 718 1636 763 et.
1667 708 2025 765 commisera-

448 802 671 861 Iionem,
730 809 858 853 ante
897 813 1105 860 eorum,
1164 808 1222 852 ut
1277 800 1480 853 dictum
1528 809 1629 863 est,
1672 809 2022 855 conventum.

444 890 576 947 Post
603 892 742 947 hanc
774 901 951 946 autent
991 891 1435 946 constitutionem
1479 900 1532 946 et
1566 907 1829 947 canonem
1890 892 2025 945 nihil

447 983 719 1048 eiusmodi
776 984 890 1037 tieri
947 983 1289 1051 permittunt,
1337 983 1432 1037 sed
1470 992 1523 1038 et
1564 982 1736 1048 illum,
1762 983 1851 1052 qui
1883 984 2027 1039 binis

449 1076 761 1147 implicatus
796 1083 881 1130 est
912 1076 1135 1145 nuptiis,
1190 1084 1313 1145 post
1357 1075 1710 1145 baptismum,
1745 1086 1837 1131 aut
1876 1076 2029 1146 pelli-

449 1179 568 1222 cem
588 1167 806 1229 retinet,
838 1178 930 1220 aut
956 1166 1194 1229 viduam,
1225 1174 1320 1219 aut
1352 1167 1419 1221 ab
1444 1166 1552 1220 alio
1596 1166 1899 1234 dimissam,
1935 1175 2029 1220 aut

452 1261 818 1324 meretricem,
862 1269 954 1314 aut
997 1272 1232 1323 servam,
1276 1268 1371 1313 aut
1399 1259 1670 1314 scenicam
1707 1258 1877 1323 ducit,
1923 1273 2026 1311 non

450 1365 612 1419 posse
644 1352 981 1420 episcOpum,
1031 1360 1124 1403 aut
1152 1352 1553 1421 presbyterum,
1590 1359 1682 1404 aut
1707 1350 2027 1414 diaconum,

451 1451 548 1498 aut
575 1442 1005 1513 hypodiaconum
1038 1443 1173 1509 ﬁeri,
1231 1442 1387 1511 juxta
1433 1443 1701 1498 decimum
1737 1444 2028 1512 septimum

452 1544 509 1589 et
538 1535 805 1589 decimum
840 1544 1090 1590 octavum
1136 1535 1507 1605 apostolorum
1554 1551 1794 1592 canones
1837 1536 2029 1592 decer-

454 1637 609 1681 nunt.

1064 1716 1291 1772 CANON
1331 1718 1416 1773 IV.

463 1827 481 1858 ι
515 1806 571 1863 Si
606 1809 729 1877 quis
762 1810 1052 1879 episcopus
1092 1809 1175 1862 vel
1205 1810 1488 1879 presbyter
1529 1811 1613 1865 vel
1649 1812 1913 1868 diaconus
1948 1812 2028 1865 vel

530 1919 549 1950 ι
594 1898 959 1954 subdiaconus
990 1900 1071 1955 vel
1106 1900 1273 1954 lector
1312 1900 1397 1956 vel
1427 1912 1619 1957 cantor
1649 1905 1729 1959 vel
1769 1905 2031 1960 ostiarius

534 2010 552 2040 σ
600 2007 722 2046 cum
753 1992 979 2048 muliere
1021 1993 1133 2048 Deo
1171 1993 1417 2048 dedicata
1461 1996 1675 2060 coierit,
1710 1998 2029 2066 deponatur,

533 2100 551 2130 ι
598 2092 653 2136 ιιι
683 2084 773 2151 qui
803 2083 1005 2138 Christi
1041 2100 1252 2155 sponsze
1290 2086 1480 2140 vitium
1507 2087 1746 2143 attulerit
1779 2106 1792 2142 :
1828 2088 1912 2143 sin
1941 2106 2035 2144 au-

536 2192 556 2225 ς
601 2183 707 2229 tem
743 2173 935 2243 laicus,
967 2186 1298 2246 segregetur.
1327 2196 1345 2229 ι

526 2266 723 2323 BALS.
757 2269 895 2323 Ante
914 2271 1093 2324 omnia
1126 2279 1251 2325 nota
1277 2284 1344 2325 ex
1366 2272 1469 2325 hoc
1496 2274 1745 2342 praesenti
1788 2287 2016 2337 canone,

457 2363 600 2435 quod
630 2364 759 2419 olim
795 2374 1077 2419 cantorum
1126 2366 1281 2429 ordo,
1313 2381 1421 2421 non
1455 2381 1518 2420 ex
1543 2366 1810 2422 eunuchis
1835 2365 2033 2433 solum,

460 2462 519 2509 ut
558 2454 720 2509 hodie
750 2453 830 2520 ﬁt,
879 2455 1330 2522 constituebatur,
1392 2457 1487 2512 sed
1527 2464 1582 2512 et
1608 2471 1675 2511 ex
1704 2456 1768 2511 iis
1807 2456 1896 2525 qui
1930 2472 2034 2510 non

456 2554 617 2601 erant
654 2544 942 2613 ejusmodi.
985 2547 1274 2603 Lectorum
1304 2559 1483 2604 autem
1522 2550 1678 2615 ordo,
1706 2564 1816 2603 non
1851 2558 1907 2603 ut
1934 2548 2034 2617 ipsi

458 2647 767 2704 cantarent,
801 2642 1131 2698 constitutus
1175 2651 1277 2707 est,
1318 2644 1413 2699 sed
1454 2651 1509 2695 ut
1540 2643 1592 2697 in
1628 2640 1864 2697 amboue
1898 2640 2033 2696 divi-

456 2744 559 2785 nas
594 2730 905 2802 Scripturas
943 2732 1203 2803 legerent,
1241 2744 1360 2802 post
1410 2733 1621 2789 ﬁnitum
1670 2733 2032 2800 Matutinum;

459 2826 601 2880 unde
643 2826 805 2881 etiam
852 2828 1084 2884 lectores
1114 2827 1478 2899 appellantur.
1521 2826 1829 2883 Dicitenim
1870 2825 2037 2895 depo-

459 2920 665 2975 nendos
701 2910 975 2986 cantores,
1000 2921 1138 2976 sicut
1168 2930 1221 2976 et
1263 2919 1498 2989 reliquos
1523 2919 1773 2986 clericos,
1797 2919 1891 2988 qui
1914 2933 1975 2972 cu
1993 2933 2035 2971 ,η

456 3013 780 3069 mulieribus
814 3013 924 3068 Deo
958 3014 1294 3069 consecratis
1325 3023 1523 3069 coeunt
1562 3031 1575 3067 :
1624 3022 1676 3067 et
1711 3027 1818 3067 non
1862 3011 2034 3066 solum

457 3105 515 3158 in
569 3118 664 3160 eos
699 3105 1118 3173 animadvertit,
1187 3105 1280 3160 scd
1334 3105 1503 3159 laicos
1560 3104 1723 3159 etiam
1785 3103 1875 3169 qui
1929 3102 2038 3157 tale

2126 614 2330 690 ἀλλ’ἦς
2388 618 2693 689 εὑρέθησαν
2720 618 2974 687 μένοντες
3005 618 3226 681 τάξεως.
3261 622 3368 674 Καὶ
3405 626 3563 680 ταῦτα
3587 632 3672 699 μὲν

2126 710 2480 781 προσέταξαν
2525 708 2805 779 γενέσθαι,
2841 709 2930 762 διὰ
2976 710 3031 763 δὲ
3066 710 3167 777 τὴν
3204 711 3598 783 φιλανθρωπίαν
3616 739 3669 775 τε

2128 803 2223 855 καὶ
2249 802 2617 871 συμπάθειαν,
2663 802 2767 873 πρὸ
2791 802 2893 872 τῆς
2932 802 3134 863 αὐτῶν,
3168 802 3241 864 ὡς
3265 804 3502 875 εἴρηται,
3536 828 3674 865 cava-

2128 894 2388 956 λεύσεως.
2427 895 2663 947 Ἔκτοτε
2698 894 2753 947 δὲ
2782 895 2921 964 μετᾶ
2952 895 3044 947 τον
3083 895 3210 963 ὅρον
3264 898 3451 951 τοῦτον
3483 904 3570 953 καὶ
3595 904 3675 957 τὸν

2129 987 2351 1050 κανόνα,
2407 987 2560 1039 οὐδέν
2615 1004 2666 1039 τι
2723 986 2968 1039 τοιοῦτον
3010 986 3258 1054 γίνεσθαι
3307 993 3674 1059 συγχωροῦσιν,

2130 1078 2266 1133 ἀλλὰ
2301 1080 2394 1132 καὶ
2449 1079 2540 1132 τὸν
2586 1078 2707 1130 δυσὶ
2758 1079 2961 1147 γάμοις
3022 1077 3406 1145 συμπλακέντα
3454 1082 3580 1147 μετὰ
3626 1085 3678 1136 ea

2130 1169 2434 1239 βάπτισμα,
2462 1168 3173 1238 ἢπαλλακὴνκτησάμενον,
3197 1169 3228 1239 ἢ
3255 1171 3426 1240 χήραν
3444 1172 3567 1225 λαὸό
3596 1192 3676 1237 τα,

2128 1262 2163 1329 ἢ
2200 1262 2329 1330 παρ’
2360 1260 2547 1328 ἑτέρου
2593 1260 3006 1330 ἐκϐεϐλημένην
3036 1260 3067 1331 ἢ
3104 1260 3359 1330 πόρνηνῆ
3411 1263 3675 1335 οίκέτιν,ἣ

2130 1353 2237 1406 τῶν
2276 1354 2369 1405 ἐπὶ
2431 1352 2660 1423 σκηνῆς,
2716 1354 2791 1422 μὴ
2824 1351 3091 1406 δύνασθαι
3129 1347 3270 1403 εἶναι
3294 1353 3596 1419 ἐπίσκοπον,
3648 1357 3678 1424 ἢ

2134 1443 2535 1513 πρεσϐύτερον,
2576 1443 2609 1511 ἢ
2642 1442 2966 1512 διάκονον,ἢ
3000 1442 3378 1507 ὑποδιὰκονον,
3416 1444 3551 1496 κατὰ
3568 1444 3695 1506 τοὺς

2132 1534 2524 1595 ἀποστολικοὺς
2598 1534 2861 1597 κανόνας,
2917 1533 3009 1586 τὸν
3082 1533 3535 1588 ἑπτακαιδέκατον
3599 1536 3682 1587 καὶ

2131 1626 2599 1681 ὀκτωκαιδέκατον
2619 1626 2969 1696 διορίζονται.

2767 1719 3010 1771 ΚΛΝΩΝ
3046 1717 3124 1771 Δ’.

2211 1830 2228 1861 ι
2280 1813 2346 1865 Εἴ
2380 1830 2464 1874 τις
2491 1813 2795 1875 ἐπίσκοπος
2824 1813 2856 1883 ἢ
2889 1811 3263 1882 πρεσὸύτερος
3298 1811 3330 1880 ἢ
3366 1810 3611 1873 διάκονος
3652 1811 3682 1877 ἢ

2216 1924 2234 1953 ί
2291 1906 2651 1968 ὐποδιάκονος
2706 1906 2737 1975 ἢ
2787 1905 3143 1973 ἀναγνώστης
3173 1904 3204 1973 ἦ
3236 1904 3494 1972 ψάλτηςῆ
3525 1907 3683 1973 θυρω-

2214 2020 2230 2048 ι
2289 1999 2400 2070 ρδς,
2446 2000 2667 2066 γυναικὶ
2698 2000 3052 2070 ἀφιεορωμένῃ
3087 1998 3163 2067 τῷ
3187 1998 3306 2067 Θεῷ
3342 1998 3573 2066 μιχθείη,
3601 2013 3686 2049 κα-

2214 2111 2232 2144 ι
2292 2090 2605 2163 θαιρείσθω,
2642 2092 2718 2149 ὼς
2748 2091 2845 2160 τὴν
2881 2091 3103 2160 νύμφην
3143 2089 3242 2142 τοῦ
3298 2088 3533 2160 Χριστοῦ
3576 2088 3683 2139 δια-

2215 2203 2233 2235 ι
2280 2182 2532 2254 φθείραςο
2559 2184 2606 2235 εἰ
2641 2182 2696 2234 δὲ
2721 2180 2935 2245 λαῖκδς,
2972 2180 3341 2247 ἁφοριζέσθω.
3404 2198 3422 2230 ι

2209 2276 2406 2330 ΒΑΛΣ.
2451 2276 2565 2345 Πρὸ
2593 2275 2813 2329 πάντων
2826 2274 3159 2343 οσημείωσαι
3185 2272 3294 2325 ἀπὸ
3318 2274 3410 2323 τοῦ
3446 2267 3687 2336 παρόντος

2139 2368 2361 2430 κανόνος
2396 2367 2476 2419 ὅτι
2510 2368 2570 2418 τδ
2605 2365 2835 2417 παλαιὸν
2864 2365 2961 2417 οὐκ
2992 2365 3086 2417 ἀπ’
3143 2362 3414 2431 εὐνούχων
3445 2359 3595 2427 μόνον
3637 2356 3690 2405 τὸ

2136 2461 2246 2514 τῶν
2279 2457 2501 2528 ψαλτῶν
2551 2458 2738 2525 τάγμα
2801 2455 3113 2518 συνίστατο,
3177 2453 3358 2514 καθὼς
3388 2451 3585 2518 γίνεται
3616 2448 3692 2513 σή·

2143 2569 2335 2623 μερον,
2366 2550 2506 2606 ἀλλὰ
2538 2549 2633 2603 καὶ
2662 2549 2765 2601 ἀπὸ
2803 2548 2877 2617 μὴ
2897 2546 3177 2599 τοιούτων.
3206 2546 3279 2597 Τὸ
3306 2545 3486 2611 τάγμα
3523 2539 3575 2591 δὲ
3594 2537 3690 2588 τῶν

2139 2643 2528 2712 ἀναγνωστῶν,
2571 2640 2633 2692 οὐ
2656 2640 2745 2693 διὰ
2787 2640 2846 2691 τὺ
2884 2639 3110 2707 ψάλλειν
3155 2638 3374 2697 αὐτοὺς,
3435 2628 3688 2695 ἐτυπόιθη.

2141 2735 2280 2791 ἀλλὰ
2311 2734 2399 2787 διὰ
2450 2733 2509 2784 τὸ
2544 2729 2941 2799 ἀναγινώσκειν
2982 2730 3070 2781 ἐπ’
3115 2730 3369 2797 ἄμϐωνος
3409 2724 3501 2784 τὰς
3556 2720 3691 2778 θείας

2140 2825 2366 2899 Γραφὰς
2395 2824 2533 2894 μετὰ
2560 2823 2659 2894 τὴν
2696 2822 2958 2876 ἀπόλυσιν
2991 2819 3084 2875 τοῦ
3131 2820 3369 2890 ὄρθρου*
3419 2815 3475 2880 ἐξ
3512 2806 3567 2865 οὗ
3612 2809 3692 2862 καὶ

2140 2920 2492 2988 ἁναγνῶσται
2530 2916 2847 2969 καλοῦνται.
2876 2914 3013 2984 Φησὶ
3041 2913 3152 2982 γὰρ
3183 2906 3563 2979 καθαιρεῖσθαι
3580 2902 3690 2961 τοὺς

2137 3013 2345 3083 ψάλτας
2397 3012 2584 3081 ὥσπερ
2617 3011 2710 3064 καὶ
2739 3010 2865 3071 τοὺς
2895 3008 3118 3070 λοιποὺς
3172 3003 3469 3073 κληρικοὺς
3514 3010 3690 3068 μιγνυ-

2144 3110 2339 3177 μένους
2366 3107 2485 3165 ταῖς
2513 3105 2587 3174 τῷ
2642 3102 2762 3173 Θεῷ
2795 3100 3247 3172 ἁφιερωθείσαιςο
3298 3097 3394 3150 καὶ
3442 3093 3501 3146 οὐ
3549 3089 3689 3159 μόνον

458 3195 586 3263 quid
641 3196 868 3263 faciunt,
921 3206 1190 3267 segregat.
1224 3196 1343 3251 Non
1389 3206 1475 3252 est
1515 3205 1695 3251 autem
1739 3209 1940 3249 novum
1988 3195 2030 3249 si

2141 3198 2366 3261 τούτους
2418 3197 2656 3261 κολάζει,
2712 3196 2848 3249 ἀλλὰ
2906 3192 3162 3257 καὶτοὺς
3197 3190 3421 3250 λαῖκοὺς
3469 3177 3692 3235 τοιοῦτόν

457 3291 691 3347 clericus
742 3303 961 3361 pr0ptcr
1018 3291 1122 3346 tale
1159 3290 1413 3347 delictum
1457 3292 1779 3358 deponatur.
1835 3288 1910 3343 Ex
1962 3287 2037 3342 25

456 3383 605 3438 enim
638 3397 847 3438 canone
895 3384 1214 3454 apostolico,
1263 3382 1427 3437 etiam
1479 3382 1571 3450 qui
1605 3380 2037 3451 qualemcunque

455 3475 742 3531 mulierem
813 3477 1087 3546 stupravit
1140 3476 1408 3539 clericus,
1465 3474 1800 3541 deponitur:
1868 3473 2037 3527 multo

457 3577 641 3623 autem
676 3567 847 3636 magis
877 3569 966 3635 qui
998 3581 1246 3636 sponsam
1269 3567 1471 3622 Christi
1502 3577 1554 3622 et
1579 3581 1673 3620 vas
1693 3565 1801 3619 Deo
1823 3564 2038 3619 dedica-

461 3670 576 3717 tum
612 3661 822 3732 polluit,
854 3664 1177 3731 deponatur.
1204 3662 1346 3733 Lege
1378 3674 1431 3717 et
1460 3661 1632 3716 sancti
1654 3660 1836 3714 Basilii
1867 3674 2033 3714 eano-

457 3769 583 3809 nem
606 3753 695 3819 18,
728 3753 970 3808 20et60.
998 3754 1131 3809 Cum
1156 3764 1334 3808 autem
1373 3754 1539 3809 discis
1560 3796 1574 3819 ,
1601 3752 1868 3821 quomodo
1886 3752 2039 3820 puni-

458 3852 551 3900 tur
594 3845 685 3915 qui
723 3860 844 3899 cum
897 3845 1095 3899 talibus
1156 3844 1474 3900 mulieribus
1534 3859 1649 3898 rem
1706 3844 1927 3909 habent,
1970 3858 2038 3897 ne

457 3937 867 4006 subdistinguas
910 3937 1173 4007 virginem
1220 3953 1289 3992 an
1326 3937 1567 4001 viduam,
1599 3936 1713 3990 sed
1763 3934 1830 3989 de
1887 3932 2036 3989 omni

457 4029 688 4089 muliere
718 4031 828 4085 Deo
862 4039 1175 4085 consecrata
1208 4030 1293 4085 dic
1324 4029 1561 4084 locutum
1605 4036 1724 4083 esse
1751 4040 2034 4081 canonem.

458 4120 613 4180 Scias
639 4134 821 4180 autem
853 4125 995 4192 quod
1031 4122 1218 4189 laicus,
1254 4122 1347 4193 qui
1385 4137 1507 4176 cum
1538 4120 1625 4174 tali
1658 4119 1889 4176 muliere
1918 4134 2034 4175 rem

460 4217 662 4281 habet,
718 4230 747 4269 a
780 4215 1032 4285 praesenti
1080 4215 1296 4281 quidem
1340 4227 1549 4269 canone
1587 4222 1901 4282 segregatur
1938 4230 1953 4268 :
2007 4230 2034 4267 a

457 4324 490 4362 v
513 4319 693 4363 autem
723 4322 843 4377 cap.
877 4307 1036 4377 primi
1070 4307 1153 4364 tit.
1182 4320 1233 4361 tv
1286 4307 1381 4361 lib.
1433 4304 1654 4360 Basilic.
1683 4304 1908 4375 εευζηὸ
1932 4305 2038 4363 Νο-

458 4404 564 4460 vel.
589 4402 766 4472 capite
810 4402 1049 4473 punitur.
1074 4402 1215 4470 Lege
1247 4410 1301 4455 et
1326 4398 1394 4455 30
1422 4414 1542 4469 cap.
1569 4399 1602 4453 9
1653 4398 1732 4453 tit.
1751 4402 2038 4470 praesentis

455 4510 659 4567 operis.

456 4589 550 4642 λου
604 4586 699 4642 τοῦ
767 4586 806 4641 δ’
900 4587 1107 4657 βιϐλίου
1186 4585 1295 4639 τῶν
1372 4586 1704 4654 Βασιλικῶν,
1768 4588 1936 4659 ἤγουν
1994 4588 2091 4659 τῆς
2151 4594 2273 4657 ρκγ⁹
2342 4587 2584 4656 Νεαρᾶς,
2628 4582 2939 4653 κεφαλικῶς
3007 4580 3354 4649 τιμωρεῖται.

2139 3306 2192 3343 τι
2223 3289 2512 3351 ποιοῦντας
2563 3285 2833 3358 ἀφορίζει.
2898 3286 3011 3337 Οὐκ
3056 3280 3171 3337 ἐστι
3223 3282 3282 3335 δὲ
3341 3274 3542 3337 καινὸν,
3611 3267 3693 3318 ἐὰν

2140 3378 2477 3447 καθαιρῆται
2511 3376 2771 3449 κληρικὸς
2813 3376 2878 3427 ἐκ
2928 3373 3122 3427 τούτου
3158 3372 3250 3426 τοῦ
3293 3366 3691 3440 ἁμαρτήματος.

2153 3472 2284 3525 Ἀπὸ
2307 3471 2413 3542 γὰρ
2450 3470 2544 3523 τοῦ
2597 3466 2678 3522 κε’
2725 3466 3093 3524 ἀποστολικοῦ
3154 3466 3381 3523 κανόνος
3412 3456 3545 3511 καὶὸ
3568 3451 3696 3502 οἱαν-

2141 3566 2329 3636 δήτινα
2382 3564 2689 3632 πορνεύσας
2725 3563 2961 3630 γυναῖκα
3011 3559 3276 3630 κληρικὸς
3332 3545 3693 3636 καθαιρεῖταιρ

2144 3657 2326 3726 πολλῷ
2357 3651 2450 3709 οὖν
2473 3655 2635 3707 πλέον
2663 3655 2690 3705 ὁ
2717 3653 2816 3723 τὴν
2866 3653 3087 3723 νύμφην
3128 3652 3226 3706 τοῦ
3261 3643 3497 3719 Χριστοῦ
3528 3636 3616 3692 καὶ
3642 3631 3696 3683 τὸ

2144 3747 2337 3812 σκεῦος
2373 3750 2433 3801 τὸ
2461 3745 2882 3817 ἀνατεθειμέ·)ον
2928 3744 3006 3817 τῷ
3057 3745 3178 3814 Θεῴ
3241 3740 3482 3814 μολύνων
3520 3726 3697 3783 καθαι-

2146 3841 2455 3912 ρεθήσεται.
2517 3838 2814 3906 ’Δνάγνωθι
2850 3836 3068 3891 καὶτοῦ
3104 3838 3261 3904 ἁγίου
3294 3824 3572 3887 Βασι)-είου
3603 3832 3693 3888 Ξία⁶¹

2142 3934 2272 3990 νόνα
2311 3931 2403 4004 ιη’,
2433 3930 2479 3985 κ’
2544 3931 2640 3986 καὶ
2677 3930 2740 3996 ξ’.
2788 3930 3094 3985 Μανθάνων
3154 3930 3344 3999 μέντοι
3378 3922 3493 3982 πῶς
3537 3923 3696 4004 τινμω·

2144 4027 2364 4101 ροῦνται
2413 4029 2461 4081 οἱ
2494 4025 2775 4088 τοιαύταις
2805 4022 3020 4093 γυναιξὶ
3076 4021 3421 4092 μιγνύμενοι,
3456 4007 3528 4081 μὴ
3576 4003 3696 4101 (ξπω

2140 4095 2449 4195 διαστείλῃς
2510 4120 2811 4191 παρθενίαν
2842 4119 2876 4186 ἦ
2926 4117 3180 4189 χηρείαν,
3204 4116 3345 4171 ἀλλὰ
3376 4105 3501 4173 περὶ
3530 4095 3693 4195 πάξης

2142 4184 3137 4283 γυναικὸς.ἀφιερωθείσηςγτῷηθεῴ
3198 4208 3325 4274 λέγε
3388 4197 3478 4252 τὸν
3512 4184 3696 4283 κανόνα

2144 4275 2551 4376 έκφωνηθῆναι,
2583 4275 2734 4357 ’νΕσο
2760 4275 2821 4357 δέ
2867 4275 3022 4366 εἰδὼς
3068 4275 3149 4354 ὅτι
3180 4303 3208 4353 ὁ
3237 4291 3466 4360 τοιαύτῃ
3494 4275 3696 4376 γυναικὶ

2145 4371 2477 4472 μιινύμτενος
2506 4400 2693 4462 λαῖκδς
2725 4400 2833 4453 ἀπὸ
2890 4397 2987 4469 μὲν
3025 4396 3119 4449 τοῦ
3155 4392 3430 4464 παρόντος
3489 4371 3696 4472 xciv/'3“

2141 4493 2487 4566 ἀφορίζεται.
2527 4491 2634 4544 ἀπὸ
2682 4490 2738 4542 δὲ
2805 4489 2900 4543 τοῦ
2959 4488 3001 4541 ε’
3048 4485 3347 4554 κεφαλαίου
3381 4476 3473 4528 τοῦ
3511 4465 3556 4566 (ξ’
3593 4472 3697 4566 ⁸⁵ιῖ

3416 4547 3697 4624 Ἀιιάγνωθι

454 4683 551 4738 καὶ
605 4682 666 4735 τὸ
692 4680 737 4733 λ’
782 4697 903 4748 κεφ.
943 4680 1038 4733 τοῦ
1070 4680 1098 4732 0
1140 4677 1320 4732 τίτλον
1350 4679 1442 4732 τοῦ
1476 4678 1743 4750 παρόντος
1772 4679 2174 4750 συντάγματος.

524 4770 780 4827 ZONAR.
816 4738 885 4829 ιιί
909 4787 1004 4826 vas
1037 4772 1396 4842 quodcunque
1427 4784 1519 4828 aut
1549 4738 1756 4829 vestem
1798 4774 1906 4828 Deo

2139 4738 2147 4744 Ι
2214 4773 2458 4828 ΖΩΝΛΡ.
2489 4773 2703 4837 ’Ὠσπερ
2751 4767 2944 4828 σκεῦος
3008 4759 3389 4832 οἱονδηποτοῦν
3444 4752 3476 4821 ἢ
3522 4738 3696 4840 ὁθάντςλ

453 4875 655 4928 catam,
685 4878 750 4919 ac
777 4863 1004 4931 proinde
1034 4874 1305 4927 sanctam,
1336 4865 1401 4919 ad
1438 4879 1495 4920 se
1522 4864 1829 4934 quempiam
1871 4879 2028 4919 aver-

453 4965 588 5023 tere,
646 4954 819 5023 iisque
863 4954 961 5019 uti,
997 4955 1222 5008 vetitum
1244 4964 1349 5021 est,
1384 4964 1478 5009 aut
1509 4955 1597 5025 qui
1637 4955 1685 5009 id
1724 4971 1887 5010 ausus
1919 4956 2031 5009 lue-

450 5051 524 5105 rit
552 5050 849 5106 secundum
879 5048 1333 5118 septuagesimum
1371 5048 1528 5119 162
1562 5050 1778 5102 tertium
1816 5059 2031 5103 sancto—

449 5158 572 5199 rum
601 5141 968 5211 apostolorum
997 5155 1257 5196 canonem
1299 5151 1615 5211 segregatnr
1649 5160 1662 5196 :
1694 5143 1795 5208 sic,
1829 5143 2027 5199 multov

451 5249 558 5305 que
583 5233 756 5301 magis
801 5233 894 5303 qui
948 5230 1058 5288 Deo
1086 5239 1395 5294 sacratam,
1436 5233 1549 5287 sive
1592 5233 1880 5302 virginem,
1916 5235 2031 5288 sive

449 5327 614 5382 etiam
648 5325 961 5381 commercii
990 5324 1160 5379 virilis
1185 5325 1325 5379 haud
1356 5326 1690 5394 inexpertam
1721 5326 2026 5392 mulierem,

449 5417 756 5483 violaverit,
791 5432 894 5470 non
918 5418 1151 5488 impunis
1170 5418 1335 5471 abibit
1364 5436 1378 5482 ;
1410 5420 1499 5469 sed
1541 5419 1582 5471 si
1618 5421 1790 5473 sacris
1824 5419 2029 5471 ordini-

448 5508 550 5561 bus
594 5507 837 5561 initiatus
871 5519 959 5561 aut
1001 5508 1221 5562 omnino
1272 5509 1323 5562 in
1361 5509 1565 5562 clerum
1611 5518 1898 5577 cooptatus
1932 5509 2025 5571 sit,

449 5611 505 5652 ut
538 5598 836 5668 sacrilegus
864 5601 945 5653 vel
972 5601 1132 5654 etiam
1167 5601 1429 5670 gravioris
1461 5600 1633 5668 Clllpte
1661 5616 1803 5663 reus,
1830 5603 2027 5669 quippe

448 5689 541 5758 qui
589 5689 844 5745 feminam
908 5691 1016 5747 Deo
1049 5701 1418 5746 consecratam
1465 5691 1897 5758 desponsatnque
1945 5705 2029 5741 ra-

450 5780 591 5847 puit,
628 5780 958 5851 deponctur;
998 5786 1039 5838 si
1079 5801 1206 5838 vero
1246 5783 1415 5837 laicus
1443 5781 1514 5836 sit
1540 5781 1631 5849 qui
1664 5780 1791 5835 talia
1841 5781 2024 5845 audet,

447 5876 820 5949 segregatione
864 5878 1205 5935 multabitur.
1279 5875 1385 5934 Sed
1427 5874 1471 5930 si
1535 5872 1785 5928 initiatus
1831 5872 2028 5944 aliquis

2144 4866 2477 4918 ἀνατεθέντα
2522 4863 2662 4929 Θεῷ,
2700 4860 2997 4914 κᾶντεῦθεν
3060 4857 3400 4925 ἁγιασθέντα
3463 4846 3699 4928 σφετερι·

2144 4956 2333 5000 (en-da!
2359 4974 2441 5000 nc
2472 4955 2565 5000 καὶ
2600 4953 2835 5000 variandi.
2900 4952 3082 5000 αὐτοῖς
3135 4948 3429 5000 κωλύεται.
3483 4932 3515 5000 ἦ
3555 4930 3698 4977 τουτο

3555 4934 3670 4977 τουτ

2142 4956 2333 5021 ξεσθαί
2359 4974 2441 5016 τις
2472 4955 2565 5007 καὶ
2600 4953 2835 5023 χρᾶσθαι
2900 4952 3082 5013 αὐτοῖς
3135 4948 3429 5003 κωλύεται,
3483 4948 3515 5000 η
3555 4948 3698 4977 TW"

2249 5049 2271 5061 ’⁸
2360 5050 2370 5061 ‘
2504 5046 2547 5063 ’ν
2816 5044 2865 5063 κε
2934 5044 3021 5063 _\_
3073 5030 3470 5063 ιζ’ὶ---Δ,...ο.-λυ
3530 5013 3698 5063 τρίτον

3530 5025 3683 5084 τριτοι

2142 5049 2314 5102 ποιῶν
2348 5046 2673 5116 ἀφορίζεται
2735 5044 2879 5097 κατὰ
2932 5044 3022 5096 τὸν
3069 5030 3470 5111 ἑϐδομηκοστὸν

2142 5141 2343 5194 κανόνα
2388 5138 2516 5209 τῶν
2582 5136 2745 5207 ίερῶν
2797 5134 3130 5187 ἀποστόλων·
3178 5130 3323 5186 οὕτω
3388 5116 3501 5209 καὶᾉ
3535 5099 3699 5209 πολλοὶ

2141 5234 2303 5288 πλέον
2332 5232 2428 5299 τὴν
2458 5229 2860 5299 ἀφιερωθείσαν
2897 5226 3016 5295 Θεῷ
3050 5224 3285 5294 φθείρων
3308 5233 3414 5276 τις,
3439 5205 3541 5261 κᾶν
3570 5205 3699 5299 πναξ-

2139 5325 2292 5387 θένος
2337 5321 2393 5396 ᾖ,
2433 5322 2537 5376 κᾶν
2570 5320 2765 5387 ἀνδρὸς
2815 5319 2873 5369 ὲν
2902 5317 3068 5386 πείρᾳ.
3103 5314 3371 5384 πρότερον
3418 5294 3694 5396 Tanaim/:1:

2137 5371 2657 5484 (ζᾶἷτάζέμνάιρητος
2675 5371 2687 5387 ⁸
2704 5371 2855 5463 ἔσται
2878 5449 2891 5472 ,
2922 5371 3054 5461 ἀλλ’⁸
3081 5407 3128 5458 εἱ
3151 5371 3260 5475 ’μὲν
3280 5371 3589 5484 ’ἱερωμένος

2137 5508 2164 5559 ὁ
2197 5507 2353 5561 τοῦτο
2403 5509 2656 5575 ποιήσας,
2694 5503 2889 5571 nam:
2928 5502 2984 5552 ὲν
3030 5499 3218 5569 κλήρῳ
3270 5471 3695 5575 κατειλεγμένοξῖ

2142 5600 2597 5670 καθαιρεθήσεται
2632 5597 2704 5657 ὡς
2737 5593 3034 5664 ἱερόσυλος,
3088 5590 3121 5647 ἦ
3176 5591 3269 5644 κειὶ
3322 5562 3614 5670 inﬁxam?"
3645 5569 3693 5670 τι

2136 5655 2451 5760 τολμήὲταῖζ
2515 5690 2614 5755 τὴν
2668 5655 2906 5756 ’ίά91τῷ
2956 5685 3075 5752 Θεῷ
3119 5673 3518 5751 ἁφιερωθεῖσαν
3568 5655 3687 5760 ἐπεῖ

2135 5753 2322 5852 ληονενη·
2353 5784 2399 5833 εί
2449 5782 2506 5834 δὲ
2540 5753 2805 5840 mese
2845 5753 3145 5847 τολμητίας
3192 5774 3361 5830 ἐστὶν.
3418 5753 3697 5852 ἀφορίσίῗῖῗ

2137 5842 2602 5948 ὑποϐληθήσεται.
2657 5870 2776 5927 Κᾶν
2826 5871 2883 5924 δὲ
3078 5860 3430 5941 ἀφιερωμένη
3490 5842 3693 5914 γυναικί
