3940 6480
238 376 340 440 533

1362 384 1446 447 ΙΝ
1478 382 1645 446 CAN.
1679 379 1757 445 Vl
1791 376 2002 440 CONC.
2046 378 2128 440 IN
2161 378 2490 441 TRULLO.

3412 380 3532 443 534‘

239 489 412 563 μιχθῇ
455 504 538 552 τις
566 487 677 543 τῶν
714 489 1218 561 ίερωμένων,ἀλλὰ
1264 493 1454 567 λαῖκῇ,
1491 494 1826 567 καθαιρεθή-

1969 506 2058 544 um
2085 505 2191 546 non
2227 503 2405 554 sacra,
2447 498 2499 543 at
2529 488 2650 545 laici
2682 489 2895 546 ordinis
2922 490 3123 546 femina
3160 506 3274 548 rem
3314 494 3522 550 habue-

234 600 410 637 σεται.

231 768 458 822 ΔΡΙΣΤ.
548 788 568 822 ι
635 769 918 840 Κληρικδς
965 769 1155 841 νύμφη
1226 770 1363 824 Θεοῦ
1416 772 1824 841 συναπτόμενος

348 878 370 911 ο
428 860 830 931 καθαιρείσθω
865 864 894 916 6
924 861 980 916 δὲ
1014 862 1224 928 λαῖκδς,
1271 863 1642 936 ἀφοριζέσθω.
1691 884 1710 918 ι

333 950 378 1001 Ο
413 950 515 1019 μὲν
546 951 733 1007 κανὼν
765 944 921 1015 οὗτος
942 952 1036 1007 τὸν
1076 954 1336 1023 γαμικῶς
1364 953 1705 1023 συναφθέντα
1752 956 1819 1024 τῇ

238 1042 499 1113 παρθένῳ
528 1047 595 1116 τῇ
639 1045 1048 1120 καθιερωθείσῃ
1086 1047 1182 1100 καὶ
1203 1047 1579 1117 νυμφευθείσῃ
1607 1045 1745 1117 Θεῷ,
1772 1047 1823 1100 εί

241 1133 633 1207 μὲνκ>.ηρικός
669 1138 805 1204 ἐστι,
871 1138 1128 1211 καθαιρεί
1185 1140 1370 1194 αὐτόν·
1425 1142 1474 1194 εί
1523 1141 1580 1194 δὲ
1612 1140 1820 1206 λαῖκὸς,

237 1228 499 1297 ἀφορίζει
524 1248 535 1260 ο
577 1233 606 1284 6
663 1231 721 1285 δὲ
777 1232 1247 1297 ὀκτωκαιδέκατος
1302 1232 1398 1287 τοῦ
1434 1234 1677 1303 μεγάλου
1711 1235 1822 1287 Βα-

237 1320 440 1374 σιλείου
474 1323 658 1375 κανὼν
688 1324 765 1387 ὡς
797 1324 982 1395 μοιχὸν
1012 1325 1108 1379 καὶ
1134 1325 1380 1379 τοιοῦτον
1406 1325 1702 1394 λογίζεται,
1723 1326 1821 1380 καὶ

242 1414 325 1476 είς
360 1414 653 1468 κοινωνίαν
678 1416 842 1470 αὑτὸν
895 1417 1072 1482 ἄλλως
1124 1419 1184 1473 ού
1218 1420 1614 1492 παραδέχεται,
1650 1421 1700 1475 εί
1744 1420 1821 1491 μὴ

236 1504 510 1577 πρότερον
540 1508 639 1579 τῆς
662 1508 948 1579 ἁμαρτίας
972 1512 1180 1583 παυθῇ.

185 1596 188 1599 ⁷
838 1606 1080 1660 ΚΑΝΩΝ
1102 1608 1178 1662 E'.

236 1707 259 1742 ι
310 1691 529 1762 Μηδεὶς
560 1694 671 1749 τῶν
721 1698 780 1750 ὲν
814 1698 1079 1770 ἱερατικῷ
1113 1700 1425 1773 καταλόγῳ,
1456 1701 1568 1756 τῶν
1622 1704 1681 1758 ὲν
1740 1703 1818 1774 τῷ

304 1803 325 1836 ι
382 1788 580 1842 κανόνι
640 1790 1039 1863 ἐμφερομένων
1112 1795 1449 1849 ἀνυπόπτων
1508 1796 1818 1869 προσώπων

308 1899 329 1931 ι
379 1880 547 1945 exta;
573 1883 800 1951 διάγων,
860 1888 1102 1952 γυναῖκα
1157 1887 1452 1957 κεκτήσθω
1482 1888 1513 1958 ἢ
1548 1890 1817 1959 θεραπαι-

304 1990 323 2022 ι
376 1974 527 2036 νίδα,
572 1975 636 2027 τὸ
669 1976 1047 2048 ἀνεπίληπτον
1098 1979 1283 2050 ἑαυτῷ
1323 1981 1580 2034 ἐντεῦθεν
1610 1984 1815 2051 τηρῶν.

306 2084 326 2116 ι
374 2066 443 2119 Εί
469 2066 530 2120 δὲ
564 2070 899 2139 παραϐαίνει
925 2088 1009 2135 τις
1030 2072 1098 2125 τὰ
1132 2074 1264 2143 παρ’
1294 2074 1453 2143 ἡμῶν
1500 2075 1816 2145 ὁρισθέντα,

303 2177 324 2210 ι
376 2159 783 2231 καθαιρείσθω.
816 2163 890 2216 Τὸ
933 2165 1067 2218 αὐτὸ
1099 2165 1156 2218 δὲ
1191 2165 1348 2220 τοῦτο
1382 2166 1476 2220 καὶ
1522 2168 1574 2221 οἱ
1632 2169 1820 2222 εύνοῦ·

304 2269 324 2301 ι
378 2268 473 2321 χοι
526 2254 1175 2322 παραφυλαττέσθωσαν,
1220 2257 1282 2311 τὸ
1338 2258 1633 2328 ἄμεμπτον
1691 2262 1819 2314 έαυ-

308 2362 328 2393 ι
380 2346 505 2408 τοῖς
552 2347 971 2418 προνοούμενοι·
1014 2349 1453 2420 παραϐαίνοντες
1505 2352 1588 2415 δὲ,
1623 2354 1672 2407 εί
1722 2353 1823 2423 μὲν

306 2455 324 2486 ι
378 2435 648 2507 κληρικοὶ
702 2437 836 2505 είεν,
907 2442 1411 2513 καθαιρείσθωσαν,
1445 2443 1584 2497 εἰδὲ
1618 2444 1817 2512 λαῖκοὶ,

310 2549 327 2579 ι
377 2531 874 2602 ἀφοριζέσθωσαν.
912 2553 931 2586 ι

315 2623 519 2679 ΒΑΛΣ.
556 2627 648 2679 Ἐν
680 2626 757 2695 τῷ
782 2627 954 2698 τρίτῳ
979 2629 1168 2683 κανόνι
1198 2629 1301 2699 τῆς
1332 2631 1391 2684 ἐν
1420 2632 1631 2702 Νικαίᾳ
1666 2632 1822 2703 πρώ-

241 2732 335 2783 της
373 2716 609 2770 συνόδου
662 2718 1008 2790 πλατύτερον
1058 2720 1385 2791 ἐγράψαμεν
1417 2723 1545 2793 περὶ
1575 2716 1649 2777 ὧν
1681 2741 1822 2794 φησι

248 2806 339 2859 καὶ
371 2806 402 2860 6
430 2806 631 2876 παρὼν
684 2809 888 2863 κανών·
939 2810 1037 2863 καὶ
1071 2810 1224 2880 ζήτει
1256 2810 1325 2863 τὰ
1364 2812 1424 2864 ἐν
1462 2811 1658 2882 ἐκείνῳ
1718 2829 1823 2866 πα-

240 2901 621 2971 ραγραφέντα.
683 2903 797 2957 Καὶ
834 2903 1146 2974 σημείωσαι
1177 2904 1241 2956 ὲκ
1273 2905 1494 2960 πάντων
1524 2906 1608 2959 ὅτι
1650 2905 1747 2958 καὶ
1770 2906 1819 2958 οί

240 2994 488 3066 εύνοῠχοι
547 2998 906 3070 ἀφορίζονται
972 2998 1115 3070 μετά
1182 3001 1463 3069 γυναικῶν
1525 2999 1821 3071 ἀλλοτρίων

243 3090 649 3154 συνοικοῦντες.
1096 3090 1099 3093 ’

1938 583 2044 647 rit,
2102 584 2457 655 depositionis
2512 583 2733 638 multam
2792 584 3147 640 nihilominus
3215 603 3320 642 non
3384 587 3519 643 cllu-

1935 676 2063 743 εἰει.

1935 766 2161 822 ARIST.
2201 786 2219 820 ι
2268 765 2512 823 Clericus
2556 768 2646 823 Dei
2681 783 2891 838 sponsas
2934 770 3256 839 conjunctus
3294 771 3519 840 deponi-

2183 871 2268 915 lur
2289 878 2301 915 :
2323 860 2494 916 laicus
2515 868 2693 915 autem
2716 864 3241 918 excommunicﬂur.
3276 882 3293 916 ι

2008 953 2105 1011 llic
2141 954 2356 1024 quidem
2398 970 2570 1011 canon
2611 970 2756 1017 eum,
2793 955 2885 1024 qui
2935 956 3127 1026 virgini
3180 966 3515 1013 consecrata}

1951 1055 2006 1101 rt
2054 1048 2397 1118 desponsatm
2449 1047 2558 1102 Deo
2599 1047 2786 1118 copula
2838 1048 3229 1103 ntatritnoniali
3284 1052 3515 1119 conjun-

1933 1142 2095 1211 gitur,
2146 1143 2191 1198 si
2218 1143 2431 1211 quidem
2462 1143 2693 1198 clericus
2725 1153 2828 1209 est,
2865 1144 3133 1212 deponit:
3186 1145 3269 1198 sin
3316 1144 3512 1209 laicus.

1930 1236 2389 1295 excommunicat.
2446 1234 2517 1289 At
2552 1236 2794 1292 decimus
2842 1245 3065 1291 octavus
3102 1236 3286 1292 Basilii
3336 1242 3536 1307 magni

1931 1342 2109 1383 canon
2175 1329 2334 1384 talem
2375 1339 2433 1385 ut
2490 1330 2795 1385 adulterum
2860 1340 3108 1399 reputat,
3165 1347 3400 1401 eumque
3447 1334 3514 1385 ad

1931 1421 2368 1478 communionem
2424 1438 2528 1479 non
2571 1423 2733 1480 aliter
2763 1423 3023 1491 admittit,
3069 1425 3171 1478 nisi
3208 1441 3236 1479 a
3282 1435 3531 1495 peccato.

1930 1513 2082 1583 prius
2116 1518 2436 1572 cessaverit.

2545 1608 2778 1665 CANON
2832 1607 2899 1663 ν.

1934 1714 1953 1746 ‹
1998 1694 2183 1753 Nullus
2225 1713 2414 1754 eorum
2452 1701 2543 1772 qui
2580 1703 2632 1757 in
2673 1703 2998 1771 sacerdotali
3043 1705 3291 1775 catologo
3320 1719 3512 1759 recens-

2005 1808 2024 1841 ι
2062 1800 2270 1858 sentur,
2299 1802 2450 1847 extra
2487 1809 2603 1861 eas,
2630 1811 2750 1866 qum
2778 1797 2830 1851 in
2865 1812 3068 1853 canone
3104 1799 3435 1865 inseruntur,
3480 1815 3510 1852 a

2004 1902 2021 1934 ι
2060 1885 2366 1954 suspicione
2392 1886 2596 1943 alienas
2640 1904 2919 1957 personas,
2963 1892 3186 1963 degens,
3232 1892 3510 1945 mulierem

2005 1992 2023 2025 ι
2066 1975 2337 2042 possideat
2384 1977 2465 2031 vel
2506 1979 2778 2042 ancillam,
2826 1994 2886 2035 se
2918 1980 3043 2035 nulli
3100 1981 3512 2051 reprehensioni

2001 2082 2020 2115 ‹
2067 2065 2359 2121 obnoxium
2408 2082 2474 2122 ex
2508 2068 2612 2123 hoc
2638 2085 2882 2125 servans.
2920 2070 2975 2125 Si
3009 2071 3130 2140 quis
3171 2082 3349 2125 autem
3388 2085 3509 2141 qua:

2002 2176 2020 2206 ε
2064 2171 2090 2209 a
2123 2158 2280 2212 nobis
2334 2158 2554 2214 deﬁnita
2615 2172 2739 2216 sunt
2786 2163 3120 2227 transilierit,
3178 2165 3509 2232 doponatur.

2003 2269 2020 2301 ι
2062 2249 2174 2306 lloc
2200 2251 2377 2319 ipsum
2408 2262 2583 2307 autem
2612 2255 2771 2307 etiam
2796 2255 3028 2309 eunuchi
3064 2264 3302 2321 servent,
3339 2264 3397 2308 ut
3424 2255 3506 2308 in-

2002 2361 2020 2393 ι
2060 2343 2258 2413 culpati
2302 2345 2409 2400 sint
2457 2348 2823 2415 providentes.
2863 2346 2962 2412 Qui
2995 2357 3172 2401 autem
3212 2357 3508 2416 transgre~

2001 2454 2020 2486 ι
2061 2437 2305 2501 diuntur,
2342 2438 2385 2491 si
2422 2438 2528 2491 sint
2562 2436 2780 2506 quidem
2811 2437 3017 2504 clerici,
3046 2437 3422 2506 deponantur:
3453 2437 3505 2492 si

2002 2546 2021 2579 ι
2057 2545 2187 2584 vero
2212 2529 2359 2596 laici,
2386 2540 2760 2600 scgregentur.
2786 2550 2805 2583 ν

1999 2622 2191 2677 BALS.
2227 2620 2283 2675 lu
2322 2622 2356 2675 3
2390 2638 2515 2678 can.
2545 2622 2731 2692 primae
2760 2637 2880 2692 syn.
2913 2621 3147 2679 Nicmntn
3178 2621 3351 2676 fusius
3379 2622 3516 2676 scri-

1925 2710 2127 2781 psitnus
2172 2710 2240 2765 de
2285 2710 2349 2766 iis
2401 2725 2522 2780 qua:
2565 2711 2698 2766 dicit
2728 2726 2968 2780 pl'azsens
3006 2727 3181 2766 canon
3209 2752 3223 2777 ,
3252 2722 3304 2765 et
3334 2724 3517 2780 quam:

1924 2817 2043 2873 quas
2091 2803 2143 2855 in
2201 2802 2291 2855 illo
2332 2804 2605 2871 adscripta
2653 2812 2801 2858 sunt.
2850 2803 2913 2858 Et
2951 2813 3077 2857 nota
3124 2819 3188 2857 ex
3234 2803 3513 2868 omnibus,

1925 2896 2067 2964 quod
2106 2895 2272 2950 etiam
2321 2895 2558 2950 eunuchi
2586 2906 2961 2968 segregantur,
3006 2895 3097 2965 qui
3141 2911 3265 2952 cum
3321 2895 3513 2952 alienis

1928 2986 2244 3043 mulieribus
2275 2986 2615 3042 cohabitanl.

306 3182 563 3238 ΖΩΝΑΡ.
616 3184 698 3238 Τά
729 3185 869 3239 αύτά
899 3185 997 3239 καὶ
1029 3188 1057 3241 6
1082 3186 1268 3257 τρίτος
1289 3185 1474 3241 κανὼν
1498 3188 1599 3256 τῆς
1628 3189 1685 3241 ὲν
1711 3190 1821 3243 Νι-

1994 3167 2251 3231 ZONAR.
2286 3169 2554 3236 Quoniam
2593 3169 2778 3224 eadem
2821 3169 2925 3224 hoc
2957 3168 3075 3223 loco
3101 3182 3222 3239 quae
3274 3168 3508 3225 Nieaenae

239 3275 366 3346 καίᾳ
396 3276 630 3349 πρώτης
659 3279 880 3334 συνόδου
919 3279 1184 3346 ὡρίσατο,
1215 3279 1312 3334 καὶ
1338 3279 1604 3352 ζητητέον
1633 3281 1705 3335 τὰ
1762 3283 1822 3336 ὲν

242 3363 434 3438 ἐκείνῳ
465 3368 759 3447 εἰρημένα.

240 3456 465 3515 ΔΡΙΣΤ.
535 3481 555 3515 ι
601 3464 713 3517 Καὶ
770 3464 1025 3536 εὐνοῦχος
1093 3468 1277 3535 lapsu;
1347 3465 1708 3535 θεραπαινίδα
1789 3468 1822 3538 ἢ

316 3569 335 3603 ι
380 3553 606 3625 ἑτέραν,
637 3557 781 3628 πλὴν
840 3556 952 3611 τῶν
984 3560 1334 3623 ἀνυπόπτων,
1382 3558 1458 3630 μὴ
1512 3558 1824 3629 κεκτήσθω,

313 3662 332 3695 ι
380 3647 726 3717 προσώπων.

309 3736 383 3790 Τὸ
413 3721 784 3800 ἐπεισάκτους
813 3737 960 3808 ἔχειν
1000 3740 1127 3804 τοὺς
1158 3741 1495 3810 ἱερωμένους
1527 3744 1825 3811 γυναῖκας,

242 3828 341 3882 κᾶν
371 3828 629 3898 εὐνοῦχοί
663 3831 790 3894 είσι,
822 3830 933 3884 κάν
960 3831 1105 3899 ἄγαν
1137 3833 1389 3903 γηραιοὶ,
1435 3834 1529 3887 καὶ
1572 3835 1600 3886 6
1632 3834 1826 3903 παρὼν

243 3922 423 3975 κανὼν
456 3923 554 3976 καὶ
587 3924 622 3994 ἡ
644 3922 740 3975 τοῦ
772 3923 1014 3993 μεγάλου
1049 3922 1337 3977 Βασιλείου
1360 3924 1498 3997 πρὸς
1523 3926 1826 3998 Γρηγόριον

245 4015 623 4085 πρεοὸύτερον
650 4015 907 4086 ἐπιστολὴ
938 4015 1164 4082 κωλύει,
1199 4017 1251 4070 εί
1315 4017 1390 4088 μή
1446 4034 1552 4070 που
1584 4018 1695 4071 τῶν
1737 4019 1829 4073 ἀν-

245 4109 502 4159 υπόπτων
542 4109 850 4177 προσώπων
881 4108 1019 4161 είσ“ιν
1047 4108 1104 4161 αἱ
1134 4110 1413 4176 γυναῖκες,
1436 4107 1548 4162 οἷον
1569 4108 1827 4179 μητέρες,

249 4196 503 4265 ἀδελφαὶ,
539 4196 635 4249 καὶ
696 4197 833 4268 πρὸς
880 4195 1090 4267 πατρὸς
1135 4197 1169 4266 ἢ
1225 4198 1361 4269 πρὸς
1408 4197 1612 4269 μητρὸς
1659 4198 1826 4263 θεῖαι,

251 4290 341 4343 καὶ
378 4289 544 4343 ἄλλαι
592 4288 740 4352 τινὲς
771 4288 1043 4343 τοιαῦται.
1096 4290 1236 4353 Τοὺς
1287 4290 1347 4343 δὲ
1381 4290 1830 4361 παραϐαίνοντας

250 4381 312 4434 τά
355 4382 655 4451 ὁρισθέντα
703 4380 1095 4450 καθαιρεῖσθαι
1167 4382 1628 4453 προστάττουσιν.
1704 4384 1832 4437 Ἐπὶ

250 4473 302 4526 δὲ
331 4475 443 4527 τῶν
489 4474 770 4543 εὐνούχων
823 4472 885 4526 τὸ
916 4472 1078 4526 πλέον
1111 4475 1139 4527 6
1162 4473 1355 4545 παρὼν
1376 4474 1577 4542 ἐπάγει
1618 4473 1825 4540 κανὼν,

1930 3275 2147 3331 quoque
2208 3261 2396 3329 primm
2441 3261 2632 3333 synodi
2682 3275 2894 3317 canone
2943 3262 3105 3318 tertio
3161 3261 3512 3328 deﬁniuntur,

1930 3351 2055 3405 vide
2083 3367 2203 3419 qua;
2228 3352 2298 3406 ibi
2334 3350 2593 3407 diximus.

1928 3442 2159 3498 ARIST.
2205 3462 2222 3495 ι
2268 3442 2567 3498 Eunuchus
2593 3444 2757 3499 etiam
2798 3443 3058 3499 sacerdos
3107 3444 3381 3508 ancillam,
3427 3441 3514 3499 vel

2010 3555 2029 3587 ι
2076 3536 2261 3599 aliam,
2285 3537 2525 3605 exceptis
2550 3538 2637 3601 iis,
2672 3538 2725 3591 in
2751 3552 2887 3606 quas
2914 3538 3059 3592 nulla
3093 3537 3513 3605 caditsuspicio.

2007 3647 2026 3680 ι
2071 3629 2343 3697 personis,
2380 3644 2446 3682 ne
2476 3630 2775 3697 possideat.
2816 3649 2835 3682 ι

2003 3719 2263 3776 Sacratos
2310 3720 2644 3774 introductas
2685 3721 2885 3775 habere
2935 3721 3208 3785 mulieres,
3256 3722 3381 3776 licet
3418 3737 3515 3776 cu-

1933 3813 2093 3867 nuchi
2148 3813 2281 3877 sint,
2341 3824 2435 3867 aut
2480 3812 2772 3866 admodum
2813 3828 2994 3880 senes,
3033 3824 3088 3867 et
3131 3829 3370 3881 praesens
3416 3829 3511 3869 ca-

1931 3921 2061 3968 non,
2094 3916 2148 3959 et
2179 3903 2370 3961 Basilii
2421 3904 2603 3973 magni
2650 3906 2717 3958 ad
2760 3904 3088 3974 Gregorium
3132 3904 3510 3976 presbyterum

1930 3994 2157 4064 epistola
2194 3994 2466 4063 prohibet,
2500 3994 2603 4047 nisi
2640 3992 2780 4047 forte
2806 3994 3063 4048 mulieres
3111 3995 3221 4047 sint
3267 4010 3514 4063 personae

1930 4096 2083 4141 extra
2106 4101 2322 4139 omnem
2346 4085 2673 4153 suspicionis
2697 4085 2867 4140 aleam
2893 4086 3100 4154 positae,
3127 4097 3255 4154 puta
3285 4098 3512 4146 matres.

1933 4193 2171 4245 sorores,
2223 4179 2423 4244 amitsc,
2464 4185 2805 4242 malet-term,
2836 4189 2889 4233 et
2925 4178 3189 4245 ejusmodi
3229 4179 3366 4233 alia}.
3410 4180 3513 4233 Eos

1933 4280 2135 4333 autem,
2162 4272 2249 4339 qui
2281 4270 2395 4324 lucc
2421 4271 2638 4324 decreta
2666 4270 3048 4335 transilieriur,
3073 4270 3271 4340 deponi
3298 4270 3509 4337 juhent.

1934 4364 2010 4418 De
2054 4363 2319 4417 eunuchis
2369 4372 2549 4416 autem
2581 4362 2702 4431 plus
2732 4361 2897 4416 etiam
2947 4362 3097 4415 addit
3145 4363 3234 4416 hic
3274 4376 3516 4431 praesens

1932 4472 2131 4519 canon,
2173 4456 2316 4524 quod
2345 4455 2470 4509 licet
2502 4455 2627 4509 laici
2650 4456 2781 4520 sint,
2812 4463 2867 4509 et
2890 4469 2995 4507 una
3016 4469 3139 4508 cum
3175 4454 3514 4517 mulieribus,

250 4564 455 4621 δτικᾶν
483 4564 921 4629 λαῖκοίείσιριαλ¹
956 4566 1252 4619 συνοικῶσι
1283 4563 1501 4634 γυναιξὶ¹
1539 4565 1613 4635 μὴ
1644 4564 1826 4627 οὔσαις

1968 4565 2059 4618 μισ)
2090 4564 2193 4602 non
2222 4557 2432 4603 suntex
2456 4548 2702 4617 cngnatis
2746 4547 2865 4601 istis
2893 4546 3142 4615 personis
3172 4560 3388 4600 onmem
3423 4560 3519 4599 su-

257 4661 357 4711 ἀπὸ
399 4658 516 4712 τῶν
556 4657 890 4712 ἀνυπόπτων
932 4659 1279 4727 συγγενικῶν
1330 4656 1660 4729 προσώπων,
1694 4658 1832 4725 ἀφο-

260 4751 520 4821 ρίζονται.
861 4804 866 4809 .

890 4843 1131 4896 ΚΔΝΩΝ
1167 4827 1264 4910 ς’.

263 4954 282 4989 ι
331 4937 559 5006 Ἐπειδὴ
589 4937 738 5007 παρᾶ
776 4938 890 5001 τοῖς
940 4938 1323 5000 ἀποστολικοῖς
1362 4937 1586 4992 κανόσιν
1618 4941 1835 5010 εἴρηται

329 5048 347 5077 ι
398 5028 510 5081 τῶν
555 5029 637 5091 εἰς
670 5027 875 5098 κλῆρον
910 5027 1343 5098 προσαγομένων
1378 5028 1611 5099 ἀγάμων
1639 5030 1835 5099 μόνους

330 5141 347 5171 ι
395 5118 756 5188 ἀναγνώστας
784 5120 879 5172 καὶ
897 5120 1108 5188 ψάλτας
1126 5122 1346 5188 γαμεῖν·
1372 5119 1462 5172 καὶ
1491 5122 1656 5191 ἡμεῖς
1677 5120 1838 5174 τοῦτο

322 5229 339 5262 ι
400 5209 925 5279 παραφυλάττοντες
952 5207 1214 5278 ὁρίζομεν
1245 5210 1355 5262 ἀπὸ
1392 5210 1489 5262 τοῦ
1523 5211 1619 5263 νῦν
1655 5211 1835 5282 μηδα-

331 5320 350 5355 ι
409 5302 527 5371 μῶς
578 5302 932 5355 ύποδιάκονον
983 5302 1015 5371 ἢ
1063 5302 1312 5355 διάκονον
1369 5302 1402 5372 ἢ
1463 5303 1838 5373 πρεσϐύτερον

332 5414 350 5447 ι
410 5394 550 5462 μετά
590 5395 690 5465 τὴν
736 5395 822 5447 ἐπ’
872 5393 1019 5462 αὐτῷ
1071 5392 1410 5463 χειροτονίαν
1450 5392 1598 5462 ἔχειν
1654 5394 1839 5447 ἄδειαν

334 5506 351 5538 ι
399 5485 577 5555 ἑαυτῷ
594 5487 848 5556 συνιστᾷν
872 5487 1225 5539 συνοικέσιον.
1248 5486 1312 5537 El
1337 5484 1394 5537 δὲ
1410 5484 1842 5554 τοῦτοτολμήσοι

331 5600 349 5631 ι
404 5581 692 5648 ποιυῆσαι,
736 5577 1105 5649 καθαιρείσθω
1137 5576 1250 5650 (59)
1270 5592 1285 5606 ’
1313 5577 1361 5629 εἰ
1389 5576 1444 5629 δὲ
1476 5574 1725 5645 βούλοιτό
1755 5593 1840 5639 τις

1941 4641 2241 4712 spicionem
2280 4640 2687 4711 etfugientibus,
2743 4640 3097 4705 cohabitent,
3138 4640 3522 4693 excommuni-

1942 4743 2156 4789 cantur.

2507 4826 2590 4881 CA
2604 4824 2741 4881 NON
2794 4823 2882 4880 Vl.

1949 4943 1967 4974 ‹
2015 4920 2283 4988 Quoniam
2318 4922 2372 4975 in
2430 4919 2744 4989 apostolicis
2789 4918 3089 4973 canonihus
3148 4917 3349 4973 dictum
3398 4926 3519 4979 est.

2021 5038 2041 5068 ι
2084 5031 2272 5071 eorum
2318 5014 2409 5083 qui
2448 5029 2552 5067 non
2580 5012 2739 5067 ducta
2765 5026 2941 5067 uxore
2974 5010 3027 5065 in
3058 5011 3265 5065 clerum
3305 5025 3523 5080 promo-

2025 5129 2043 5161 σ
2091 5118 2309 5173 ventur,
2340 5108 2486 5161 solos
2509 5107 2744 5160 lectores
2766 5114 2819 5160 et
2839 5114 3091 5159 cantores
3116 5118 3335 5158 uxorem
3365 5118 3524 5171 posse

2025 5221 2043 5251 ι
2090 5204 2287 5256 ducere
2315 5218 2327 5253 :
2359 5208 2410 5252 et
2453 5214 2549 5253 nos
2585 5198 2682 5250 hoc
2711 5206 2990 5251 servantes
3011 5238 3026 5257 ,
3067 5194 3434 5257 decernimus,
3467 5204 3526 5248 ut

2026 5314 2043 5346 ‹
2087 5294 2345 5362 deinceps
2389 5290 2518 5344 nulli
2570 5290 2784 5359 penitus
2817 5288 3191 5360 ltypodiarono
3220 5328 3233 5349 ,
3279 5287 3360 5339 vel
3411 5287 3525 5341 dia-

2025 5406 2043 5439 ι
2092 5402 2252 5448 cono,
2306 5383 2387 5439 vel
2432 5382 2769 5453 presbytero,
2801 5391 2922 5451 post
2970 5379 3051 5435 sui
3098 5377 3522 5439 ordinationem,

2028 5498 2046 5531 ι
2094 5475 2404 5546 conjugiqu
2446 5475 2781 5528 contrahere
2833 5473 3014 5527 liceat.
3050 5470 3109 5524 Si
3153 5478 3331 5523 autem
3366 5467 3526 5522 fuerit

2030 5590 2047 5623 ι
2098 5572 2199 5625 hoc
2233 5584 2397 5622 ausus
2427 5566 2626 5631 facere,
2649 5565 2973 5633 deponatur.
3002 5560 3059 5618 Si
3084 5561 3206 5631 quis
3230 5570 3406 5612 autem
3432 5574 3523 5613 co-

1460 5670 1661 5733 Guill.
1696 5669 2029 5748 Bevcregii
2074 5674 2267 5729 nota).

342 5773 453 5841 (59)
495 5773 922 5839 Καοαιρείσθω.
950 5771 1397 5840 llarmenopultts
1426 5785 1650 5841 sensum
1682 5771 1847 5839 hujus

271 5840 495 5899 canonis
528 5845 767 5902 breviter
827 5844 907 5900 sic
961 5843 1240 5914 exprimit,
1274 5840 1476 5912 ἱερεὺς,
1508 5840 1539 5910 ἧ
1573 5842 1844 5909 διάκονος,

1956 5772 1988 5840 ἦ
2022 5768 2380 5840 ύποδιάκονος
2412 5763 2550 5840 μετά
2598 5762 2695 5832 τὴν
2726 5757 3062 5840 χειροτονίαν
3091 5752 3523 5840 γῄμοιςἏκαθα-ιῖ

1960 5824 2179 5910 ρείσθω.
2238 5824 2495 5893 Sacerdos
2556 5824 2663 5885 aui
2708 5824 2990 5893 diaconus,
3048 5836 3143 5880 aut
3168 5824 3523 5879 subdiaconus
