3940 6480
415 392 520 457 539

489 525 507 557 ι
552 504 809 561 invitatus
860 503 1049 570 fueris,
1095 503 1148 558 in
1208 503 1398 559 ultimo
1426 502 1547 559 loco
1594 500 1893 562 accumbe,
1925 505 1985 551 ut
2013 500 2058 557 Α

492 619 510 651 ι
556 599 776 669 quando
819 599 1025 654 venerit
1066 598 1156 668 qui
1213 607 1263 653 te
1325 596 1614 663 invitavit,
1663 596 1808 651 dicat
1858 594 1982 658 tibi,

492 712 511 744 ι
552 693 759 757 Amice,
811 692 1044 747 ascende
1097 691 1293 757 altius;
1349 700 1476 745 tunc
1514 691 1617 745 erit
1666 690 1760 744 tibi
1813 688 1985 759 gloria

487 800 506 833 ι
543 797 724 837 coram
761 783 825 837 iis
850 782 941 851 qui
982 791 1156 837 tecum
1187 782 1533 835 accumbunt.
1569 781 1705 834 Nam
1737 778 1985 850 quisquis

485 893 505 926 ι
544 890 603 930 se
640 874 895 936 extollit,
945 874 1319 928 humiliabitnr
1345 913 1363 940 ,
1398 883 1448 928 et
1483 873 1574 943 qui
1613 888 1671 927 se
1710 871 1979 935 hulniliat,

487 988 505 1018 ι
548 967 959 1021 exaltabitnr".
1000 985 1018 1018 ι
1053 965 1165 1022 Hoc
1200 967 1372 1036 ipsum
1406 975 1583 1021 autem
1608 965 1773 1020 etiam
1800 978 1985 1025 serva:

485 1075 502 1107 ι
540 1058 685 1112 bitur
728 1059 780 1111 in
812 1058 1033 1127 reliquis
1065 1058 1237 1113 sacris
1265 1058 1547 1113 ordinibus
1581 1074 1596 1110 :
1638 1056 1980 1127 quandoqui-

487 1165 505 1196 ι
543 1148 661 1201 dem
682 1146 1030 1202 saecularibus
1054 1161 1149 1203 seu
1175 1147 1823 1217 mundanisﬁdignitatibus
1860 1145 1973 1216 Spi-

487 1257 505 1289 ι
546 1238 737 1294 ι’ἰιοιεε
758 1238 1165 1307 prmstautiores
1188 1252 1313 1296 esse
1342 1240 1569 1294 scimus.
1602 1257 1623 1291 ι

478 1503 671 1561 BALS.
701 1504 947 1561 Decimus
968 1515 1185 1562 octavus
1207 1520 1378 1562 canon
1400 1520 1517 1576 syn.
1538 1506 1726 1577 primae
1754 1504 1983 1561 Nicaeum

402 1597 556 1663 jubet
585 1597 776 1667 deponi
811 1599 1064 1653 diaconos
1093 1600 1181 1668 qui
1215 1599 1403 1653 sedent
1440 1599 1491 1652 in
1531 1599 1706 1653 medio
1748 1600 1974 1670 presby-

406 1696 666 1739 terorum.
704 1688 942 1741 Prmsens
973 1697 1148 1741 antem
1184 1704 1355 1742 canon
1391 1703 1483 1742 eos
1513 1690 1601 1757 qui
1634 1689 1713 1743 sic
1745 1689 1971 1751 faciunt,

402 1793 469 1831 ex
551 1781 763 1847 pmprit
827 1781 993 1849 gradu
1056 1780 1211 1845 dejici
1295 1781 1465 1850 jubet.
1545 1781 1599 1834 Si
1658 1782 1804 1835 enim
1858 1781 1977 1835 aliis

409 1866 548 1921 forte
580 1868 817 1922 diaronis
839 1871 890 1923 in
920 1873 1082 1939 gradu
1115 1871 1266 1940 prior
1294 1880 1406 1925 crat
1436 1872 1525 1940 qui
1552 1886 1609 1926 se
1640 1871 1977 1940 impudenter

404 1959 590 2025 gessit,
624 1968 677 2012 et
707 1970 829 2015 ante
857 1962 1198 2033 presbyteros
1221 1965 1380 2030 sedit,
1424 1965 1475 2019 in
1508 1964 1760 2018 ultimum
1804 1964 1977 2019 locum

409 2050 741 2113 demittetur,
776 2062 828 2105 et
856 2057 958 2106 erit
992 2055 1044 2107 in
1077 2055 1241 2124 gradu
1271 2058 1509 2110 omnium
1547 2058 1749 2121 intimo,
1785 2072 1885 2113 nec
1930 2059 1979 2112 id

406 2141 549 2208 quod
582 2143 737 2198 habet
772 2145 1002 2199 ollicinm
1047 2147 1472 2201 ecclesiasticum
1516 2165 1607 2203 seu
1659 2151 1893 2221 dignitas
1929 2153 1979 2205 ei

411 2234 670 2300 proderit.
701 2235 796 2289 Sin
827 2245 1001 2290 autem
1031 2251 1056 2289 a
1090 2254 1189 2292 suo
1214 2239 1516 2307 patriarcha
1554 2240 1635 2294 ’vel
1667 2242 1979 2310 metropoli-

403 2333 530 2378 tano
560 2325 611 2378 iu
643 2327 875 2394 aliquam
906 2330 1091 2381 urbem
1114 2330 1308 2384 missus
1335 2332 1520 2395 fuerit,
1543 2343 1597 2386 ut
1626 2333 1805 2387 locum
1834 2334 1976 2391 illius

404 2416 730 2484 repleturus,
767 2428 895 2474 tunc
922 2422 1167 2490 perinde,
1197 2438 1258 2477 ac
1289 2424 1376 2492 qui
1412 2425 1585 2493 ipsum
1618 2427 1783 2489 misit,
1813 2444 1977 2499 repu-

403 2507 609 2561 tabitur
628 2518 681 2562 et
714 2509 1089 2567 honorabitur.
1139 2513 1421 2579 Quomodo
1453 2531 1583 2572 vero
1642 2518 1707 2573 l8
1757 2522 1973 2589 quidem

401 2613 575 2653 canon
607 2599 722 2656 Nic.
756 2617 873 2670 syu.
905 2618 1050 2668 eum,
1089 2604 1179 2674 qui
1222 2606 1275 2659 in
1311 2608 1486 2661 medio
1538 2613 1972 2681 presbyterorum

401 2690 561 2753 sedit,
591 2690 872 2747 diaconum
904 2694 1279 2764 deponendum
1325 2700 1454 2754 dicit
1496 2717 1509 2753 :
1545 2701 1632 2755 hic
1660 2714 1839 2758 autem
1893 2705 1973 2761 le-

398 2780 520 2835 vius
545 2781 595 2835 in
626 2798 746 2836 eum
782 2786 1182 2855 animadvertit,
1219 2805 1410 2860 nempe
1473 2793 1825 2850 dimissione?
1874 2796 1974 2851 So-

402 2872 567 2927 r'utio.
604 2873 695 2931 ille
728 2877 942 2944 quidem
992 2894 1164 2934 canon
1205 2882 1272 2936 de
1304 2883 1369 2937 iis
1403 2886 1492 2953 qui
1525 2885 1580 2940 in
1617 2902 1773 2942 sacro
1804 2889 1970 2944 tribu-

404 2963 508 3017 nali
546 2973 787 3034 tempore
819 2969 1071 3025 sacriﬁcii
1101 2987 1162 3027 se
1195 2972 1530 3043 impudenter
1562 2990 1845 3047 gesserunt
1871 3025 1886 3048 ,
1917 2993 1971 3038 et

400 3065 527 3107 ante
558 3058 869 3113 sacerdotes
914 3063 1188 3128 sederunt,
1228 3064 1493 3136 loquitur;
1548 3072 1613 3125 de
1658 3071 1966 3142 huiusmodi

1668 381 1950 447 THEOD.
1983 379 2391 450 BALSAMON

3533 397 3625 459 540

2165 521 2183 553 ι
2221 503 2392 557 ἐλθὼν
2432 505 2462 558 6
2514 503 2574 559 σὲ
2617 502 2713 557 καὶ
2758 498 2921 555 αὐτὸν
2965 497 3199 561 καλέσας
3238 497 3351 569 ipsi
3387 519 3499 556 σοι·
3543 508 3630 568 Δὸς

2171 615 2188 647 ι
2229 596 2403 668 τούτῳ
2435 596 2630 650 τόπον·
2662 594 2757 649 καὶ
2783 594 2905 647 τότε
2936 590 3074 661 ἄρξῃ
3113 592 3249 660 μετὰ
3278 594 3525 666 αἰσχύνης
3550 600 3632 652 τόν

2163 702 2182 735 ι
2222 686 2449 756 ἔσχατον
2497 687 2664 741 τόπον
2716 685 3003 754 κατέχειν·
3064 680 3177 734 ἀλλ’
3234 683 3359 737 ὅταν
3412 688 3633 759 κληθῇς,

2167 798 2184 830 ι
2219 779 2457 835 ἀνάπεσε
2505 783 2585 843 εἰς
2630 780 2723 834 τον
2755 778 2983 848 ἔσχατον
3015 779 3199 842 τόπον,
3226 777 3308 829 ἵνα
3361 780 3481 834 ὅταν
3520 784 3636 855 ἔλθῃ

2114 898 2115 901 π
2188 891 2206 923 ι
2250 874 2556 943 κεκληκὼς,
2586 871 2717 946 εἴπῃ
2760 889 2877 937 σοι,
2910 870 3059 927 Φίλε.
3097 870 3466 944 προσανάϐηθι
3499 875 3629 928 ἀνώ-

2168 982 2188 1015 ιι
2228 982 2421 1036 τερονο
2470 966 2591 1019 τότε
2640 966 2792 1019 ἔσται
2825 982 2906 1019 σοι
2937 963 3061 1028 δόξα
3111 964 3338 1015 ἐνώπιον
3382 966 3487 1017 τῶν
3528 984 3641 1020 συν-

2163 1074 2183 1107 (
2217 1058 2593 1126 ανακειμένων
2628 1074 2729 1110 σοι.
2773 1057 2893 1109 Ὅτι
2925 1057 3032 1117 πᾶς
3080 1058 3107 1109 6
3136 1054 3285 1121 ὑψῶν
3332 1056 3517 1109 ἑαυτὸν
3549 1075 3639 1111 τα-

2163 1165 2183 1199 ι
2218 1149 2620 1220 πεινωθήσεται
2641 1166 2657 1182 ·
2690 1150 2783 1203 καὶ
2813 1152 2841 1203 6
2875 1149 3149 1202 ταπεινῶν
3183 1148 3546 1217 ὑψωθήσεται.
3575 1151 3642 1204 Τὸ

2162 1259 2181 1292 ι
2220 1239 2275 1292 δὲ
2304 1239 2437 1295 αὐτὸ
2461 1241 2868 1311 φυλαχθὴσεται
2898 1242 2995 1295 καὶ
3025 1241 3117 1293 ἐπὶ
3145 1240 3256 1293 τῶν
3282 1238 3480 1295 λοιπῶν
3496 1244 3643 1312 ἱερῶν

2162 1349 2183 1384 ι
2212 1332 2511 1402 ταγμάτων
2532 1351 2547 1365 ο
2585 1334 2770 1404 ἐπειδὴ
2798 1333 2906 1389 τῶν
2941 1333 3081 1386 κατὰ
3126 1332 3217 1385 τὸν
3251 1334 3451 1403 κόσμον
3488 1336 3640 1401 ἀξιω-

2160 1438 2181 1473 ι
2218 1422 2406 1491 μάτων
2451 1422 2736 1494 κρείττονα
2782 1424 2851 1477 τὰ
2880 1440 3126 1493 πνευματ
3153 1422 3225 1476 κὰ
3251 1425 3591 1495 ἐπιστάμεθα.
3622 1446 3638 1476 ι

2154 1514 2352 1569 ΒΑΛΣ.
2395 1514 2454 1568 '0
2490 1513 2560 1585 ιη’
2601 1516 2781 1569 κανὼν
2816 1518 2917 1586 τῆς
2947 1518 3002 1569 ὲν
3047 1515 3252 1587 Νικαίᾳ
3285 1516 3499 1586 πρώτης
3531 1535 3645 1574 συν-

2080 1606 2202 1659 όδου
2272 1607 2654 1677 καθαιρεῖσθαι
2690 1627 2822 1679 φησι
2851 1609 2977 1671 τοὺς
3001 1608 3060 1661 ὲν
3086 1608 3238 1677 μέσῳ
3269 1609 3646 1680 πρεσϐυτέρων

2085 1699 2484 1768 καθεζομένους
2529 1701 2833 1763 διακόνους.
2880 1700 2939 1753 '0
2990 1700 3048 1753 δὲ
3096 1699 3287 1769 παρὼν
3311 1699 3486 1753 κανὼν
3530 1704 3646 1766 τοὺς

2018 1833 2060 1889 Β
2086 1789 2229 1843 οὕτω
2251 1792 2539 1855 ποιοῦντας
2565 1792 2991 1855 ὑποόιϐάζεσθαι
3017 1793 3081 1845 ὲκ
3104 1790 3197 1843 τοῦ
3223 1793 3427 1846 οἰκείου
3452 1793 3645 1863 βαθμοῦ

2086 1882 2544 1951 παρακελεύεται.
2588 1885 2645 1937 El
2684 1885 2791 1953 γὰρ
2840 1885 3004 1954 τυχὸν
3034 1885 3144 1937 τῶν
3185 1884 3363 1938 ἄλλων
3401 1885 3646 1938 διακόνων

2083 1974 2569 2045 προδαθμιὼτερος
2610 1971 2677 2047 ἦν
2716 1978 2745 2028 6
2784 1978 3244 2047 ἀναιδευσάμενος
3296 1978 3388 2031 καὶ
3419 1979 3519 2048 πρὸ
3549 1978 3646 2030 τῶν

2087 2069 2478 2140 πρεσϐυτέρων
2518 2071 2772 2135 καθίσας,
2826 2069 3288 2141 κατενεχθήσεται
3341 2071 3419 2133 είς
3449 2069 3534 2121 τὸν
3564 2069 3647 2121 έσ-

2080 2176 2243 2228 χατον
2290 2160 2490 2224 τόπον,
2542 2160 2637 2213 καὶ
2696 2161 2852 2212 ἔσται
2910 2161 3127 2213 πάντων
3172 2160 3524 2227 ὑποσάθμιος,
3578 2161 3645 2227 μὴ

2078 2250 2459 2319 ὠφελούμενος
2506 2254 2571 2303 ἐκ
2618 2250 2711 2304 τοῦ
2758 2250 2909 2319 αὐτῷ
2948 2251 3244 2320 προσόντος
3297 2252 3427 2311 ἴσως
3460 2248 3645 2315 ἐκκλη-

2080 2345 2362 2397 σιαστικοῦ
2400 2343 2655 2413 όςρφικίου
2698 2346 2815 2415 ἦτοι
2856 2342 3185 2412 ἀξιώματος.
3222 2343 3284 2394 Ei
3325 2341 3379 2393 δὲ
3420 2340 3522 2393 ἀπὸ
3562 2340 3647 2393 τοῦ

2076 2436 2281 2489 οἰκείου
2329 2438 2673 2506 πατριάρχου
2716 2437 2748 2506 ἢ
2800 2435 3203 2507 μητροπολίτου
3250 2434 3307 2485 ἐν
3357 2449 3463 2485 τινι
3509 2430 3647 2483 πόλει

2079 2529 2273 2599 σταλῇ,
2312 2531 2387 2591 ὡς
2414 2529 2505 2580 τδν
2535 2528 2699 2581 τόπον
2722 2528 2933 2581 ἐκείνου
2967 2524 3407 2595 ἀναπ).ηρὼσων,
3435 2524 3551 2575 τότε
3580 2522 3646 2583 ὡς

2074 2619 2234 2683 αὐτὸς
2257 2621 2286 2672 6
2317 2620 2536 2683 στείλας
2565 2620 2726 2673 αὑτὸν
2746 2618 3129 2688 λογισθήσεται
3158 2618 3252 2669 καὶ
3277 2616 3642 2685 τιμηθήσεται.

2074 2709 2198 2773 Πῶς
2241 2710 2333 2763 οὖν
2363 2712 2389 2763 6
2445 2712 2542 2780 μὲν
2590 2709 2657 2775 ιη’
2722 2710 2903 2763 κανὼν
2941 2709 3039 2779 τῆς
3085 2710 3142 2762 ὲν
3183 2708 3390 2779 Νικαία
3442 2705 3645 2759 συνόδου

2074 2806 2464 2876 καθαιρεῖσθαι
2500 2825 2633 2878 φησι
2672 2807 2766 2859 τὸν
2792 2808 2851 2860 ἐν
2887 2806 3038 2876 μέσῳ
3073 2804 3463 2875 πρεσϐυτέρων
3500 2800 3645 2853 καθί-

2076 2916 2246 2953 σαντα
2274 2900 2543 2965 διάκονον,
2576 2894 2736 2962 οὗτος
2763 2900 2817 2951 δὲ
2850 2900 3184 2969 κουφότερον
3216 2897 3435 2960 κολάζει
3470 2893 3642 2954 αὐτὸν,

2070 2992 2237 3063 ἤγουν
2254 2991 2343 3046 διὰ
2368 2991 2779 3063 ὑποόισασμοῦῗ;
2810 2983 3020 3056 λύσις.
3061 2991 3298 3051 Ἐκεῖνος
3327 2983 3648 3058 μὲνεόξκανὼν

2072 3085 2200 3152 περὶ
2233 3085 2342 3139 τῶν
2371 3087 2451 3149 εἰς
2481 3084 2541 3138 τὺ
2576 3084 2728 3155 βῆμα
2763 3085 2820 3137 ὲν
2852 3083 3167 3154 ἱερουργίας
3210 3080 3390 3151 καιρῷ
3410 3077 3645 3131 ἀναιδευ-

398 3145 541 3199 enim
574 3149 796 3203 omnino
827 3152 1066 3217 disserit,
1110 3156 1318 3211 scilicet
1358 3161 1425 3213 de
1466 3162 1531 3217 iis
1567 3163 1833 3233 diaconis,
1875 3171 1967 3237 qui

2087 3178 2328 3246 ςαμένων
2356 3178 2450 3231 καὶ
2482 3175 2587 3248 πρὸ
2618 3176 2728 3230 τῶν
2752 3176 2942 3246 ἱερέων
2972 3174 3320 3229 καθισάντων
3349 3168 3543 3240 φησίν·
3569 3168 3644 3219 ὅτι

398 3237 768 3295 sacerdotibus
793 3247 1224 3303 communionem
1267 3252 1587 3321 porrigunt,
1637 3267 1691 3311 et
1728 3263 1970 3327 qnmdam

398 3327 504 3381 alia
534 3328 796 3396 ejusmodi
849 3334 1066 3404 indigna
1107 3338 1333 3395 iaciunt.
1390 3342 1633 3401 Prmsens
1668 3360 1849 3405 autem
1880 3367 1973 3405 ca-

400 3435 506 3473 non
542 3421 783 3491 loquitur
805 3428 870 3482 de
895 3430 1269 3502 diaconis,qui
1304 3447 1456 3491 extra
1490 3454 1700 3494 sacrum
1740 3444 1973 3497 tribunal

403 3511 457 3565 in
513 3518 700 3581 quavis
735 3520 991 3576 cathedra
1041 3536 1167 3580 ante
1212 3530 1554 3600 presbyteros
1601 3535 1874 3599 sederunt,
1920 3547 1975 3591 et

397 3600 521 3655 ideo
549 3606 627 3659 eis
652 3606 825 3664 lenius
858 3614 1177 3682 supplicium
1210 3618 1419 3690 inﬂigit.
1454 3620 1637 3677 Oliieia
1669 3635 1849 3680 autem
1878 3642 1967 3681 ec-

396 3696 699 3754 clesiastica
734 3702 988 3759 dicuntur
1015 3709 1360 3777 ἀρχοντίκια.
1422 3714 1610 3771 Canon
1657 3728 1839 3772 autem
1896 3719 1976 3775 id-

362 3788 367 3789 “
395 3782 574 3857 ipsum
596 3792 881 3849 vultetiam
905 3804 1108 3855 servari
1135 3803 1185 3858 in
1214 3804 1330 3860 aliis
1358 3807 1528 3863 sacris
1550 3810 1831 3867 ordinibus
1864 3828 1877 3865 :
1909 3828 1974 3867 ne

399 3880 523 3947 quis
551 3882 811 3952 dignitate
844 3888 927 3942 vel
957 3891 1136 3948 olIicio
1187 3894 1379 3962 fretus,
1413 3901 1674 3957 adversus
1709 3903 1843 3959 alios
1874 3920 1971 3959 ex-

412 3970 653 4035 tollatur,
705 3985 758 4030 et
810 3978 1072 4039 adversus
1105 4002 1198 4042 eos
1242 3990 1334 4057 qui
1381 3990 1558 4047 altiori
1603 3996 1771 4064 gradu
1825 4006 1972 4062 sunt,

401 4058 691 4130 cﬂeratur;
732 4068 1133 4137 hypodiaconus
1179 4079 1317 4135 forte
1348 4084 1611 4138 adversus
1640 4085 1925 4142 diaconum
1956 4127 1971 4153 ,

399 4151 485 4206 vel
516 4153 685 4209 lector
712 4161 974 4219 adversus
1000 4167 1453 4237 bypodiaeouum.
1484 4175 1802 4245 Spirituales
1825 4183 1972 4235 enim

403 4242 694 4336 dignitates
724 4244 1109 4325 smcnlaribus,
1148 4260 1343 4331 inquit,
1376 4276 1501 4319 sunt
1525 4242 1971 4336 vprmstantiores.

396 4330 535 4389 Nota
570 4354 696 4396 vero
734 4347 874 4412 quod
916 4349 1077 4403 etiam
1127 4367 1157 4405 e
1193 4357 1442 4421 prmsenti
1490 4372 1701 4417 canone
1742 4365 1977 4421 manife-

397 4436 539 4482 stum
572 4441 654 4485 est
675 4435 1040 4493 ecclesiastica
1077 4442 1255 4499 ofﬁcia
1291 4446 1405 4502 sive
1434 4449 1726 4520 dignitates
1767 4458 1969 4525 gradus

399 4533 521 4572 esse
549 4523 972 4595 ecclesiasticos,
1002 4539 1059 4584 ut
1105 4535 1382 4591 diaconica
1431 4549 1486 4593 et
1539 4523 1971 4604 caeteraIMiror

396 4619 575 4665 autem
602 4626 891 4684 quomodo,
917 4637 1038 4676 cum
1059 4638 1229 4680 canon
1256 4637 1455 4685 statuat
1478 4648 1621 4701 eum,
1648 4638 1739 4706 qui
1772 4641 1970 4698 missus

396 4709 498 4763 est,
519 4703 763 4762 obtinere
798 4710 971 4765 locum
1002 4719 1263 4775 mittentis
1287 4725 1425 4792 quod
1455 4727 1521 4781 ad
1552 4703 1809 4786 honorem
1839 4736 1970 4789 atti-

399 4802 508 4853 net,
550 4794 905 4866 Gortynensis
934 4805 1223 4877 episcopus
1262 4814 1509 4882 Basilius,
1538 4820 1628 4886 qui
1658 4821 1709 4874 in
1746 4823 1846 4878 bac
1881 4842 1971 4897 sy-

398 4884 538 4940 nodo
579 4890 740 4944 totius
772 4893 1029 4951 Romancc
1055 4899 1312 4960 Ecclesia:
1343 4906 1458 4973 iure
1492 4926 1727 4979 praesens
1756 4884 1966 4983 aderat,

397 4985 518 5069 post
543 4989 773 5047 quatuor
804 4988 1141 5052 patriarchas
1158 5005 1208 5046 et
1232 5002 1490 5064 quosdam
1521 5008 1967 5075 tnetropulitanos

394 5064 785 5139 subscripsisse
812 5075 1103 5136 invenitur.
1139 5084 1263 5149 Sed,
1298 5098 1355 5142 ut
1389 5103 1471 5146 est
1510 5090 1805 5164 probabile,
1856 5102 1969 5171 ipse

396 5174 613 5231 quoque
636 5175 751 5219 erat
782 5183 931 5238 papa:
975 5171 1201 5243 legatus,
1229 5191 1282 5234 et
1315 5182 1434 5237 ideo
1475 5185 1797 5259 subscripsit
1847 5205 1967 5263 post

469 5342 514 5373 ⁷⁰
554 5342 689 5402 Luc.
726 5364 835 5416 xlv,
868 5350 901 5405 8
937 5362 995 5408 et
1038 5368 1194 5426 seqq.

2078 3270 2170 3323 καὶ
2191 3269 2439 3340 περὶτῶν
2454 3270 2713 3323 τοιούτων
2735 3267 2845 3339 (65)
2866 3266 3062 3329 διόλου,
3084 3266 3397 3334 διαλέγεται
3416 3258 3644 3331 δηλονότι

2076 3362 2207 3432 περὶ
2234 3361 2497 3416 διακόνων
2522 3361 2909 3430 μεταδιδόντων
2936 3358 3141 3431 ἱερεῦσι
3164 3360 3259 3413 καὶ
3279 3357 3411 3410 ἄλλα
3435 3351 3646 3406 τοιαῦτα

2077 3454 2274 3519 ἀνάξιοι
2298 3455 2776 3523 διαπραττομένων
2798 3468 2812 3482 ⁸
2837 3455 2865 3506 ό
2886 3453 2940 3506 δὲ
2966 3450 3158 3523 παρὼν
3188 3448 3371 3505 κανὼν
3398 3445 3520 3515 περὶ
3544 3441 3646 3495 τῶν

2076 3548 2235 3611 ἐκτὸς
2272 3548 2366 3599 τοῦ
2401 3548 2641 3617 βήματος
2676 3547 2733 3597 ὲν
2766 3545 3004 3616 τυχούσῃ
3038 3543 3280 3613 καθέδρᾳ
3318 3538 3645 3617 καθισᾲντων

2075 3639 2339 3692 διακόνων
2378 3641 2482 3707 np‘)
2512 3638 2623 3691 τῶν
2654 3636 3077 3707 πρεσϐυτέρωνο
3112 3636 3205 3687 καὶ
3252 3633 3341 3687 διὰ
3369 3630 3524 3685 τοῦτο
3559 3643 3644 3695 με·

2075 3728 2379 3799 τριωτέραν
2416 3728 2733 3798 ἐπάγειτὴν
2770 3727 3009 3779 κόλασιν.
3060 3724 3321 3793 Ὀφφίκια
3356 3721 3532 3791 μέντοι
3562 3720 3647 3770 ὲκ-

2077 3820 2443 3889 κλησιαστικὰ
2486 3819 2734 3888 λέγονται
2789 3820 2857 3873 τὰ
2915 3816 3255 3887 άρχοντὶκια.
3308 3814 3383 3911 T6
3426 3810 3555 3911 αὐτὸ
3584 3808 3646 3911 δὲ

2076 3916 2297 3983 κρατεῖν
2327 3913 2575 3984 βούλεται
2609 3915 2637 3967 6
2676 3912 2860 3967 κανὼν
2894 3911 2987 3963 καὶ
3017 3910 3113 3963 ἐπὶ
3140 3910 3251 3963 τῶν
3284 3906 3457 3961 ἄλλων
3493 3904 3645 3971 ἱερῶν

2073 4007 2400 4076 ταγμάτων,
2455 4005 2594 4059 ὥστε
2638 4007 2871 4075 μήτινα
2925 4002 3201 4072 ἀξιώματι
3262 3996 3564 4071 θαρροῦντα
3615 3990 3643 4059 ἦ

2078 4096 2319 4166 όφφικίῳ
2349 4095 2779 4165 κατεπαίρεσθαι
2805 4094 2915 4148 τῶν
2943 4093 3138 4157 ἄλλων,
3172 4094 3270 4146 καὶ
3296 4083 3645 4162 Θρασύνεσθαι

2078 4185 2217 4238 κατὰ
2250 4184 2359 4237 τῶν
2393 4182 2895 4254 ὑποϐαθμιωτὲρων
2926 4180 3040 4252 (64)
3082 4180 3275 4245 αὑτοῦ,
3306 4175 3644 4232 ὐποδιάκονον

2074 4278 2237 4345 τυχὸν
2289 4275 2428 4330 κατὰ
2462 4275 2745 4339 διακόνου,
2784 4274 2814 4344 ἢ
2857 4273 3231 4342 ἁναγνώστηψ
3247 4272 3390 4325 κατὰ
3434 4266 3642 4321 ὑποδιαο

2075 4369 2255 4424 κόνου.
2276 4367 2520 4437 Κρείττω
2543 4367 2671 4437 γὰρ,
2687 4364 2997 4435 φησὶν,εἰσὶ
3021 4364 3089 4416 τὰ
3116 4360 3464 4454 πνευματικά
3492 4353 3643 4454 {ﬁuit-

2080 4472 2229 4530 ματα
2260 4460 2370 4513 τῶν
2402 4459 2706 4528 κοσμικῶν.
2739 4456 3049 4525 Σημείωσαι
3082 4454 3137 4507 δὲ
3170 4454 3254 4508 ὅτι
3296 4454 3388 4506 καὶ
3419 4449 3524 4503 ἀπὸ
3557 4449 3643 4498 τοῦ

2080 4554 2346 4623 παρόντος
2376 4550 2599 4611 κανόνος
2632 4547 2967 4619 παρίσταται
2996 4544 3064 4597 τά
3098 4539 3526 4614 ἐκκλησιαστικά
3553 4537 3644 4606 ἀρ·

2077 4644 2320 4714 χοντίκια
2358 4643 2477 4713 ἦτοι
2508 4638 2795 4708 ἀξιώματα
2825 4636 3067 4708 βαθμοὺς
3098 4632 3241 4687 εἶναι
3268 4634 3642 4702 ἐκκλησιαστι-

2076 4738 2226 4800 κοὺς,
2266 4734 2341 4798 ὡς
2376 4735 2444 4786 τὰ
2478 4731 2760 4785 διακονικὰ
2798 4729 2893 4781 καὶ
2937 4728 3004 4779 τὰ
3045 4728 3228 4780 λοιπά.
3275 4723 3549 4793 Θαυμάζω
3593 4715 3644 4769 δὲ

2076 4828 2207 4889 πῶς,
2267 4825 2358 4878 τοῦ
2412 4823 2638 4884 κανόνος
2696 4818 3072 4888 διοριζομένου
3129 4818 3218 4869 τὸν
3273 4809 3637 4905 ἀποσταλέντα

2074 4919 2291 4987 ἐπέχειν
2322 4916 2411 4968 τὸν
2445 4915 2610 4968 τόπον
2642 4912 2733 4966 τοῦ
2770 4910 3188 4969 ἀποστείλαντος
3224 4909 3350 4961 ὅσον
3380 4902 3522 4958 κατᾶ
3553 4897 3642 4966 τὴν

2072 5009 2260 5079 τιμὴν,
2299 5008 2327 5058 ὁ
2357 5007 2655 5066 ἐπίσκοπος
2702 5004 2812 5057 τῶν
2845 5001 3184 5073 Γορτυναίων
3216 4998 3495 5091 Βασίλειος
3543 5007 3642 5091 πα-

2075 5098 2379 5169 ρουσιάζων
2427 5098 2484 5149 ὲν
2526 5101 2592 5164 τῇ
2636 5096 2839 5164 συνόδῳ
2877 5094 3047 5162 ταύτῃ
3094 5091 3291 5160 δικαίῳ
3336 5088 3512 5154 πάσης
3556 5088 3645 5183 τῆξ

2083 5190 2414 5261 Ἐκκλησίας
2475 5186 2693 5259 Ῥώμης
2750 5186 3071 5255 εὑρίσκεται
3129 5179 3453 5254 ὑπογράψας
3508 5179 3639 5243 μετὰ

1577 5480 1772 5542 Guill.
1801 5485 2123 5567 Beveregii
2159 5494 2345 5549 notae.

475 5590 587 5661 (63)
611 5592 733 5647 Ὅτι
760 5594 861 5676 καὶ
889 5599 1020 5676 {rapi
1044 5599 1162 5676 τῷν
1204 5604 1510 5676 τοιούτων.
1538 5606 1659 5661 ΙΙωο
1698 5623 1871 5676 usque
1899 5611 1965 5664 ad

394 5661 883 5733 διαπραττομένων
911 5661 1180 5723 inclusive
1207 5674 1259 5724 in
1282 5674 1576 5729 l‘arisiensi
1607 5661 1845 5732 editione
1868 5679 1963 5732 de-

402 5732 809 5809 siderata,’cx_
866 5752 969 5809 ms.
1012 5741 1456 5797 Amcrbacbiano
1516 5745 1810 5809 habentur,
1870 5749 1961 5801 ubi

402 5803 564 5855 etiam
616 5818 714 5873 pro
786 5807 1230 5881 ἁναιδεσαμένων
1321 5814 1484 5883 paulo
1547 5823 1708 5882 ante,
1769 5803 1970 5872 rectius

2074 5613 2293 5681 legitur,
2320 5610 2855 5681 ἀναιδευσαμένωνη
3024 5675 3037 5681 _
3214 5674 3259 5681 __
3376 5670 3418 5681 ,,
3531 5668 3541 5679 .

2148 5670 2259 5749 ζϋό)
2281 5670 2446 5753 Κατὰ
2475 5681 2594 5753 τῶν
2621 5670 3189 5753 ὖποῌΰαθμιωτέρων..
3214 5674 3311 5753 Ms,
3355 5670 3641 5753 Ailonicn-

2073 5752 2149 5804 sis
2189 5747 2315 5817 legit
2364 5750 2891 5820 προϐαθμιωτέρων,
2958 5761 3121 5814 quam
3180 5747 3465 5798 luclitttlt‘llt
3528 5747 3635 5805 δι’δι’

2078 5822 2240 5875 etiam
2261 5823 2412 5875 locus
2442 5820 2699 5888 postulat.
