3940 6480
273 475 377 543 541

1280 536 1283 537 ν
1333 475 1414 536 ιιι
1447 475 1620 539 CAN.
1656 477 1769 539 Vli
1811 477 2017 543 CONC.
2057 480 2141 543 IN
2170 480 2491 542 TRULLO.

3434 483 3543 549 542

271 588 401 649 τοὺς
439 584 709 653 τέσσαρας
744 580 1093 652 πατριάρχας
1120 578 1214 637 καί
1243 598 1397 645 τινας
1428 581 1857 655 μητροπολίτας.

1969 587 2328 656 patriarchas;
2376 587 2514 642 sicut
2556 594 2607 641 et
2636 586 2817 640 caeteri
2851 585 3038 657 legati,
3066 586 3275 644 scilicet
3307 587 3542 645 Thessa-

285 672 433 729 Ἀλλ’
458 673 532 736 ὡς
562 672 709 725 ἔοικε
742 672 832 725 καὶ
855 672 1015 734 αὐτὸς
1043 671 1268 741 λεγάτος
1291 666 1359 742 ἦν
1376 671 1469 725 τοῦ
1499 671 1699 724 πάππα
1720 688 1733 703 ·
1766 672 1860 726 καὶ

272 767 368 821 διὰ
403 765 565 820 τοῦτο
598 765 737 837 μετὰ
762 766 887 828 τοὺς
913 765 1261 835 πατριάρχας
1291 764 1631 835 ὑπέγραψεν,
1665 762 1856 836 ὥσπερ

270 860 367 912 καὶ
398 862 449 911 oi
476 860 654 912 λοιποὶ
685 857 925 926 λεγάτοι,
968 858 1087 927 ἤτοι
1119 861 1145 910 6
1175 857 1599 925 Θεσσαλονίκης,
1624 858 1652 909 6
1691 852 1860 927 Ἦρα-

270 950 463 1010 κλείας
489 951 587 1002 καὶ
616 949 701 1001 ἐτε
714 966 816 1016 ροι.
851 949 908 1000 Ὀ
935 948 989 1000 δέ
1014 948 1364 1018 χαρτοφύλαξ
1390 949 1482 1017 τῆς
1516 951 1861 1001 Κωνσταντι-

269 1040 605 1104 νουπόλεως,
625 1041 771 1103 ὅπως
789 1040 1129 1110 προκάθηται
1150 1039 1256 1093 τῶν
1277 1041 1601 1110 ἀρχιερὲωπ,
1618 1040 1861 1104 διάκονος

269 1131 368 1197 ὣν,
399 1129 617 1200 εἴρηται
651 1131 708 1180 ἐν
751 1128 829 1198 τῷ
874 1135 941 1198 ιη’
989 1129 1177 1193 κανόν,
1213 1130 1311 1198 τῆς
1352 1130 1576 1198 πρώτης
1618 1129 1859 1184 συνόδου.

269 1219 593 1289 Σημείωσαι
631 1219 689 1273 δὲ
716 1220 807 1271 τὸν
833 1218 1034 1271 κανόνα
1061 1220 1287 1286 λέγοντα
1318 1220 1604 1288 κρείττονι
1629 1216 1768 1272 εἶναι
1792 1220 1863 1273 τὰ

269 1312 629 1381 πνευματικὰ
654 1312 939 1382 ἀξιώματα
965 1311 1073 1365 τῶν
1096 1313 1238 1365 κατὰ
1263 1314 1467 1380 κόσμον
1496 1312 1821 1379 ἀξιωμάτων
1842 1326 1859 1344 ο

266 1402 414 1473 πλὴν
449 1402 528 1472 μὴ
578 1403 811 1474 ἐλκύσῃς
851 1403 1041 1468 τοῦτο,
1082 1403 1157 1466 ὥς
1185 1422 1328 1466 τινες
1358 1400 1539 1465 εἷπον,
1575 1405 1737 1472 χάριν
1766 1403 1860 1456 τοῦ

269 1498 653 1567 προτιμᾶσθαι
689 1496 757 1548 τὰ
788 1495 1219 1566 ἐκκλησιαστικὰ
1249 1497 1537 1566 ἀξιώματα
1564 1498 1671 1549 τῶν
1704 1496 1862 1566 βασι-

264 1586 461 1639 λικῶν.
511 1586 882 1657 Ἐρμήνευσον
906 1586 1061 1639 τοῦτο
1086 1590 1164 1649 είς
1202 1587 1330 1649 τοὺς
1359 1587 1864 1665 καταυθαειαζομέκ-

265 1697 392 1741 νους
415 1680 584 1749 τυχὸν
616 1679 1004 1742 ὑποδιακόνους
1036 1679 1176 1733 κατὰ
1202 1679 1485 1746 διακόνων,
1522 1679 1553 1749 ἢ
1582 1680 1863 1743 διακόνους

269 1772 418 1826 κατὰ
456 1772 847 1841 πρεσϐυτέρων
867 1786 883 1801 ⁸
912 1773 1005 1825 καὶ
1043 1771 1164 1825 εἰπὲ
1199 1772 1282 1825 ὅτι
1304 1811 1317 1836 ,
1348 1775 1395 1825 εί
1434 1774 1490 1826 ἐν
1520 1774 1633 1835 τοῖς
1662 1791 1860 1841 κοσμι·

264 1865 381 1926 κοῖς
421 1861 735 1929 ἀξιώμασιν
765 1862 865 1915 οὐκ
901 1864 1078 1927 ἔξεστι
1109 1863 1186 1935 τῷ
1214 1865 1399 1935 ἥττονι
1428 1862 1555 1934 ἀξίᾳ
1584 1864 1695 1914 ὄντι
1728 1881 1862 1933 προ-

1962 680 2259 737 lonicensis
2310 680 2596 750 episcopus
2643 690 2698 735 et
2744 678 3114 736 Ileraeleauus
3149 691 3202 737 et
3236 681 3352 736 alii.
3402 682 3543 736 Con-

1963 773 2489 843 stantinopolitanus
2541 782 2720 827 autem
2776 773 3203 844 chartopltylax,
3272 776 3543 844 quomodo

1964 879 2086 919 cum
2120 864 2190 918 sit
2219 864 2501 927 diaconus,
2546 873 2670 917 ante
2704 864 2971 918 antistites
3022 866 3192 929 sedet,
3236 864 3290 918 in
3342 852 3532 933 prima:

1967 955 2157 1025 synodi
2190 954 2256 1007 l8
2284 968 2405 1007 can.
2450 954 2651 1007 dictum
2682 963 2780 1007 est.
2822 952 2952 1005 Nota
2986 960 3161 1006 autem
3197 961 3251 1007 et
3279 967 3540 1007 canonem

1963 1046 2056 1117 qui
2084 1046 2239 1106 dicit.
2268 1045 2574 1115 spirituales
2617 1046 2909 1115 dignitates
2953 1059 3075 1099 esse
3128 1046 3537 1112 prcestantiores

1965 1141 2315 1197 smcularihus
2343 1139 2715 1211 dignitatibus.
2749 1138 2852 1194 Sed
2885 1154 2949 1193 ne
2978 1139 3080 1192 hoc
3106 1153 3171 1193 eo
3197 1140 3452 1202 traxeris,
3480 1148 3541 1193 ut

1965 1230 2214 1287 nonnulli
2255 1230 2529 1292 dicebant,
2561 1229 2627 1283 ad
2661 1228 3059 1284 ecclesiasticas
3102 1229 3390 1297 dignitates
3442 1230 3513 1284 im

1962 1323 2252 1393 peratoriis
2289 1322 2679 1392 przeferendas.
2708 1320 3070 1391 Interpretare
3098 1330 3277 1375 autem
3313 1322 3415 1376 hoc
3445 1323 3536 1375 ad-

1965 1428 2156 1467 versus
2181 1410 2613 1482 hypodiaeonos,
2647 1412 2734 1479 qui
2775 1411 3009 1465 fortas‘e
3041 1413 3273 1479 superbe
3297 1423 3350 1466 et
3388 1412 3538 1467 inso-

1964 1503 2139 1558 lenter
2161 1520 2221 1559 se
2262 1512 2458 1573 gerunt
2495 1504 2757 1558 adversus
2814 1503 3097 1569 diaconos,
3143 1505 3228 1557 vel
3282 1505 3541 1561 diaconos

1965 1595 2053 1664 qui
2101 1596 2361 1649 adversus
2407 1594 2749 1666 presbyteros
2782 1612 2796 1650 :
2833 1603 2888 1648 et
2917 1594 3004 1648 die
3032 1634 3046 1657 ,
3084 1595 3223 1660 quod
3260 1595 3303 1649 si
3344 1596 3395 1649 iu
3429 1612 3534 1651 sre-

1965 1683 2239 1740 cularibus
2274 1685 2624 1753 dignitatibus
2653 1700 2758 1737 non
2794 1684 2917 1737 licet
2948 1683 3019 1746 ei,
3050 1684 3142 1753 qui
3192 1692 3272 1737 est
3310 1686 3537 1739 minoris

1966 1774 2261 1843 dignitatis,
2296 1776 2589 1845 prmsidcre
2620 1775 2700 1829 vel
2732 1773 2977 1845 praeferri
3008 1775 3081 1836 ei,
3119 1775 3205 1842 qui
3232 1784 3313 1830 est
3339 1777 3541 1843 majore

1965 1867 2230 1935 dignitate
2261 1868 2585 1930 honoratus,
2625 1866 2793 1919 multo
2824 1864 2995 1934 magis
3032 1880 3135 1918 non
3168 1865 3289 1918 licet
3320 1866 3420 1919 hoe
3457 1866 3536 1919 fa-

264 1949 547 2025 καθῆσθαι
597 1955 629 2025 ἦ
674 1955 1045 2025 προτιμᾶσθαι
1095 1956 1189 2009 τοῦ
1235 1954 1444 2026 μείζονι
1489 1957 1856 2025 τετιμημένου

1969 1974 2083 2014 cere
2105 1958 2171 2011 iis
2202 1957 2292 2027 qtti
2317 1966 2442 2012 sunt
2463 1957 2845 2012 ecclesiasticis
2866 1955 3220 2025 dignitatibus
3252 1956 3409 2026 165
3441 1957 3534 2010 bo-

264 2048 567 2117 ἀξιώματι,
602 2047 781 2117 πολλῷ
812 2047 973 2100 πλέον
1005 2049 1104 2100 οὐκ
1136 2047 1315 2112 ἔξεστι
1347 2046 1504 2099 τοῦτο
1532 2050 1705 2099 ποιεῖν
1737 2050 1856 2110 ταῖς

266 2140 754 2209 ἐκκλησιαστικαῖς
774 2138 951 2204 ἀξίαις
976 2140 1380 2210 τετιμημένοις,
1408 2137 1472 2201 ἃς
1494 2139 1586 2190 καὶ
1614 2156 1860 2207 πνευμα-

265 2231 429 2290 τικὰς
485 2231 736 2296 ἐκάλεσε,
765 2232 857 2282 καὶ
900 2229 1237 2300 χρεωστοῦσι
1288 2231 1469 2281 πᾶσαν
1502 2230 1759 2295 εὐταξίαν
1795 2232 1859 2282 ἐκ

266 2322 360 2375 τοῦ
391 2324 817 2392 ἐπαγγέλματος
846 2322 1046 2378 αὐτῶν.
1076 2321 1390 2391 Σημείωσαι
1419 2317 1511 2374 οὖν
1538 2321 1628 2373 τὸν
1658 2322 1859 2375 κανόνα

266 2414 612 2485 ὀνομάζοντα
642 2416 769 2483 περὶ
793 2416 854 2466 τὸ
882 2413 1032 2475 τέλος
1058 2414 1184 2476 τοὺς
1208 2412 1695 2481 ἐκκλησιαστικοὺς
1728 2412 1857 2483 βαθ-

273 2507 410 2577 μοὺς
469 2508 776 2577 ἀξιώματα.
820 2506 1083 2568 Πολλάκις
1132 2505 1238 2575 γὰρ
1275 2508 1353 2569 εἰς
1401 2510 1462 2561 τὸ
1505 2510 1858 2580 δικαστήριον

268 2597 429 2653 εἶπόν
483 2617 628 2662 τινες
678 2599 813 2669 μήτε
865 2598 994 2662 τοὺς
1053 2599 1544 2669 ἐκκλησιαστικοὺς
1590 2602 1858 2671 ἄρχοντας

271 2694 411 2764 μήτε
450 2693 579 2756 τοὺς
614 2692 1015 2762 μητροπολίτας
1046 2693 1104 2743 ἐν
1132 2691 1505 2762 ἀξιωματικοῦ
1538 2697 1704 2765 μοίρᾳ
1732 2710 1858 2746 συν-

266 2786 589 2851 τάττεσθαι,
652 2787 747 2838 καὶ
796 2785 885 2838 διὰ
933 2784 1091 2839 τοῦτο
1145 2787 1277 2856 μηδὲ
1317 2787 1539 2839 δυνατὸν
1584 2782 1725 2841 εἶναι
1767 2786 1858 2839 τὸν

272 2880 466 2950 στίχον
514 2879 609 2931 τοῦ
646 2879 1101 2948 ἐκκλησιαστικοῦ
1147 2878 1586 2932 κουὸουκλεισίου
1617 2880 1734 2948 ἦτοι
1763 2879 1861 2931 τοῦ

270 2973 618 3038 ἐπισκόπου,
650 2972 787 3027 ἀλλὰ
819 2972 1097 3028 ταπεινόν.
1142 2971 1297 3042 Ἐμοὶ
1323 2971 1379 3025 δὲ
1412 2971 1569 3025 τοῦτο
1597 2971 1656 3023 οὑ
1689 2971 1857 3027 δοκεῖ.

269 3066 381 3120 Καὶ
410 3066 688 3133 ἀνάγνωθι
711 3066 770 3119 τὸ
804 3072 851 3120 α’
883 3066 1178 3134 κεφάλαιον
1208 3065 1300 3117 τοῦ
1317 3064 1573 3133 η’τίτλου
1600 3063 1693 3115 τοῦ
1719 3080 1827 3133 παρ
1846 3093 1858 3101 -

270 3161 432 3222 ὀντος
492 3161 901 3228 συντάγματος,
978 3159 1073 3212 καὶ
1119 3158 1181 3211 τὸ
1241 3158 1419 3209 ἐκεῖσε
1474 3156 1864 3225 καταστρωθὲν

1957 2051 2152 2117 norati,
2174 2065 2307 2120 quas
2334 2051 2494 2104 etiam
2518 2048 2824 2119 spirituales
2854 2048 3171 2117 appellavit;
3204 2050 3293 2117 qui
3323 2048 3537 2116 quidem

1955 2159 2023 2197 ex
2056 2157 2150 2196 sua
2175 2141 2507 2210 professione
2540 2141 2734 2194 debent
2769 2153 2987 2192 omnem
3038 2138 3238 2192 bonum
3294 2141 3538 2193 ordinem

1957 2236 2270 2291 observare.
2304 2232 2437 2286 Nota
2469 2247 2597 2301 ergo
2626 2247 2916 2295 canonem,
2949 2236 3038 2301 qui
3068 2235 3212 2290 circa
3245 2232 3403 2286 finem
3441 2246 3541 2285 no-

1962 2328 2131 2382 minat
2174 2326 2592 2401 ecclesiasticos
2646 2326 2847 2395 gradus
2893 2329 3202 2399 dignitates.
3266 2327 3531 2380 Nonnulli

1958 2420 2099 2473 enim
2133 2432 2275 2487 saepe
2303 2418 2355 2472 in
2385 2418 2591 2487 judicio
2618 2421 2820 2485 dixere,
2852 2437 2950 2477 nec
2980 2422 3379 2477 ecclesiasticos
3406 2436 3537 2490 prm—

1958 2511 2150 2574 fectos,
2186 2525 2289 2563 nec
2321 2510 2768 2580 metropolitanus
2792 2513 2931 2566 inter
2954 2515 3243 2583 dignitates
3267 2513 3541 2579 collocari,

1957 2609 2012 2656 ct
2042 2608 2326 2671 propterea
2386 2616 2486 2654 nec
2532 2611 2805 2669 potentem
2856 2606 3070 2673 quidem
3112 2620 3235 2660 cssc
3271 2604 3541 2659 ecclesia-

1958 2695 2082 2750 stici
2129 2695 2446 2750 cubicularii
2496 2695 2577 2751 vel
2623 2698 2859 2766 episcopi
2909 2698 3177 2764 ordinem,
3217 2698 3309 2753 sed
3349 2698 3532 2750 vilem.

1960 2786 2077 2842 Hoc
2103 2796 2281 2842 autem
2319 2788 2450 2842 mihi
2487 2789 2557 2841 ita
2590 2804 2709 2843 esse
2741 2807 2848 2844 non
2898 2791 3131 2845 videtur.
3169 2792 3230 2845 Et
3280 2791 3397 2859 lege
3429 2790 3522 2858 pri-

1964 2894 2109 2933 mum
2148 2893 2271 2950 cap.
2296 2877 2329 2934 8
2385 2880 2467 2934 tit.
2514 2883 2798 2950 praesentis
2843 2883 3044 2952 operis,
3073 2892 3128 2936 et
3163 2883 3270 2936 illic
3308 2883 3538 2951 posituut

1963 2971 2289 3039 scriptisque
2327 2970 2640 3024 mandatum
2688 2973 2875 3039 sancti:
2921 2974 3262 3026 Constantini
3317 2972 3492 3042 Magni

1965 3062 2059 3131 qui
2094 3069 2179 3115 est
2213 3059 2470 3128 apostolis
2498 3061 2747 3128 aequalis.
2778 3062 3083 3124 decretum,
3112 3071 3168 3116 et
3200 3072 3539 3115 commenta-

1967 3154 2107 3207 rium
2143 3152 2211 3206 ’56
2241 3165 2361 3219 cap.
2394 3150 2549 3216 primi
2585 3151 2666 3203 tit.
2703 3152 2985 3219 prazsentis
3013 3153 3214 3221 operis.
3524 3156 3528 3161 ’

270 3252 555 3319 ἔγγραφον
580 3249 855 3317 θέτπισμα
888 3248 982 3301 τοῦ
1033 3247 1383 3301 ίσαποστόλου
1415 3247 1572 3315 ἁγίου
1615 3246 1850 3315 μεγάλου
1891 3243 2328 3307 Κωνσταντίνου,
2356 3242 2450 3294 καὶ
2475 3240 2534 3294 τὸ
2562 3242 2772 3312 σχόλιον
2798 3241 2889 3294 τοῦ
2942 3240 3031 3306 λς’
3092 3241 3386 3311 κεφαλαίου
3445 3244 3548 3300 τοῦ

269 3349 319 3397 α’
343 3344 533 3399 τίτλου
564 3342 657 3396 τοῦ
690 3341 955 3412 παρόντος
986 3342 1391 3412 συντάγματος.

339 3437 597 3491 ΖΩΝΑΡ.
640 3434 700 3487 '0
731 3434 1201 3496 ὀκτωκαιδέκατος
1233 3431 1414 3484 κανὼν
1442 3431 1542 3500 τῆς
1571 3433 1627 3483 ὲν
1654 3428 1858 3499 Νικαῖᾳ

2037 3423 2292 3481 ZONAR.
2325 3421 2403 3478 Ne
2449 3423 2686 3478 medium
2719 3422 2771 3475 in
2815 3431 3253 3493 presbyterorum
3286 3436 3543 3477 consessu

271 3529 510 3601 πρώτης
560 3524 780 3577 συνόδου
827 3523 901 3593 μὴ
948 3524 1006 3574 ἐν
1054 3523 1203 3591 μέσῳ
1255 3519 1645 3590 πρεσϐυτέρων
1696 3516 1865 3585 καθῆ-

276 3624 403 3676 σθαι
452 3620 581 3682 τοὺς
621 3617 904 3678 διακόνους
953 3614 1202 3679 κελεύει,
1252 3614 1379 3674 τοὺς
1434 3612 1490 3665 δὲ
1533 3612 1607 3681 μὴ
1640 3608 1867 3678 πειθαρ-

275 3716 513 3786 χοῦντις
550 3709 822 3763 παύεσθαι
866 3709 967 3776 τῆς
1013 3706 1310 3767 διακονίας.
1369 3703 1429 3757 '0
1456 3704 1511 3756 δὲ
1546 3702 1738 3773 παρὼν
1769 3717 1868 3752 κα-

277 3807 387 3861 νὼν
426 3807 542 3864 τοῖς
592 3801 839 3862 αὐθαδῶς
878 3800 986 3870 πρὸ
1018 3798 1127 3852 τῶν
1170 3797 1561 3868 πρεσϐυτέρων
1595 3792 1867 3862 καθῆσθαι

278 3896 729 3967 ἀναιδευομένοις
761 3895 863 3947 οὐκ
895 3894 1170 3946 ἔκπτωσιν
1199 3891 1301 3959 τῆς
1352 3887 1628 3951 διακονίας
1669 3887 1746 3949 εἰς
1780 3884 1871 3938 κό-

277 3991 447 4044 λασιν
488 3987 587 4056 τῆς
637 3984 926 4046 αὐθαδείας
957 3984 1178 4049 ἐπάγει,
1217 3981 1353 4034 ἀλλὰ
1383 3978 1763 4045 ὑποϐιϐασμδν
1804 3978 1870 4028 ἐκ

277 4081 379 4137 τοῦ
416 4080 624 4134 οἰκείου
670 4075 901 4149 βαθμοῦ.
927 4076 990 4128 El
1035 4074 1131 4144 γὰρ
1163 4073 1324 4143 τυχὸν
1352 4072 1459 4125 τῶν
1487 4071 1663 4126 ἄλλων
1688 4069 1870 4123 διοικό⁹

279 4192 391 4229 νων
430 4169 914 4242 προῦαθμιὼτερος
950 4164 1017 4239 ἦν
1054 4169 1081 4220 6
1108 4165 1593 4234 ὰναιδευσάμενος,
1627 4164 1723 4214 καὶ
1764 4160 1869 4230 πρὸ

279 4267 396 4320 τῶν
443 4263 833 4335 πρεσϐυτέρων
880 4261 1135 4325 καθίσας,
1169 4257 1630 4328 κατενεχθήσεται
1666 4255 1741 4316 είς
1768 4253 1870 4305 τὸν

282 4356 520 4427 ἔσχατον
545 4355 730 4414 τόπον,
762 4352 858 4405 καὶ
892 4350 1045 4403 ἔσται
1076 4350 1294 4403 πάντων
1329 4347 1689 4416 ὑποὸάθμιος.
1719 4345 1781 4397 Εἰ
1813 4342 1871 4395 δὲ

282 4450 395 4503 ὑπὸ
418 4447 514 4501 τοῦ
544 4447 749 4499 οἰκείου
784 4444 1129 4514 πατριάρχου
1162 4442 1194 4511 ἢ
1240 4439 1643 4511 μητροπολίτου
1677 4438 1734 4491 ἓν
1763 4453 1871 4489 τινι

284 4540 445 4593 πόλει
490 4539 682 4607 σταλῇ,
723 4539 799 4599 ὡς
829 4537 919 4590 τὸν
963 4535 1128 4587 τόπον
1181 4532 1389 4587 ἐκείνου
1440 4528 1869 4602 ἀναπληρώσων,

284 4634 410 4685 τότε
446 4630 523 4694 ὡς
554 4629 717 4691 αὐτὸς
746 4631 772 4682 6
803 4628 1020 4689 στείλας
1058 4626 1219 4679 αὑτὸν
1250 4625 1639 4694 λογισθήσεται
1670 4624 1763 4675 καὶ
1794 4638 1876 4673 τι-

291 4724 623 4794 μηθήσεται.
660 4721 789 4784 Πῶς
821 4719 913 4773 οὖν
944 4721 971 4772 6
997 4718 1093 4789 μὲν
1122 4717 1231 4770 τῶν
1258 4717 1499 4769 κανόνων
1521 4716 1609 4767 τὸν
1638 4717 1696 4767 ἐν
1724 4714 1873 4781 μέσῳ

1967 3517 2143 3572 locum
2177 3516 2391 3571 diaconi
2417 3524 2708 3585 occupent,
2748 3514 2812 3569 18
2845 3517 3034 3583 prima:
3067 3517 3119 3567 in
3148 3513 3323 3569 Nicaea
3352 3516 3541 3583 synodi

1966 3621 2174 3663 canone
2198 3608 2544 3660 interdictum
2573 3617 2675 3669 est,
2699 3616 3154 3675 contumaccsqne
3174 3592 3209 3658 va
3241 3607 3544 3659 ministerio

1969 3698 2144 3753 arceri
2202 3699 2388 3753 eadem
2454 3698 2848 3753 constitutione
2901 3696 3205 3752 decretum.
3266 3696 3363 3752 llic
3420 3713 3547 3752 vero

1968 3806 2167 3855 canon,
2196 3792 2289 3860 qui
2328 3790 2702 3845 honestiorem
2749 3789 2971 3843 sedendi
3026 3788 3200 3844 Ineunt
3251 3792 3545 3859 impudenti

1971 3885 2280 3939 temeritate
2311 3883 2692 3937 sacerdotibus
2728 3881 3096 3951 praeripuerit,
3134 3899 3257 3936 eum
3306 3884 3356 3935 in
3390 3896 3547 3936 arro-

1971 3978 2166 4048 gantiae
2190 3991 2300 4029 sua:
2330 3990 2541 4045 poanam
2572 3989 2676 4029 non
2709 3990 2735 4027 a
2762 3975 3060 4030 ministerio
3086 3975 3304 4041 quidem
3339 3974 3547 4043 repelli,

1972 4068 2064 4121 sed
2099 4067 2165 4120 de
2195 4080 2293 4121 suo
2319 4065 2486 4136 gradu
2531 4063 2811 4118 deturbari
2840 4064 3015 4133 jubet.
3069 4061 3303 4114 Proinde
3351 4062 3395 4114 si
3437 4059 3549 4128 pri-

1970 4172 2120 4211 mum
2170 4155 2314 4211 forte
2366 4156 2543 4209 locum
2595 4155 2738 4208 inter
2779 4154 3038 4208 diaconos
3082 4153 3412 4215 obtinuerat,
3458 4151 3549 4220 qui

1972 4251 2110 4304 adeo
2134 4248 2473 4317 impudenter
2497 4261 2556 4302 se
2585 4246 2724 4317 gerit
2748 4253 2803 4300 et
2830 4254 2957 4299 ante
2982 4244 3333 4315 pre~byteros
3371 4244 3548 4305 sedet,

1973 4343 2028 4397 in
2070 4352 2407 4410 postremum
2459 4340 2797 4401 detrudetur,
2835 4337 3150 4402 honoreque
3188 4334 3403 4388 caeteris
3432 4350 3554 4387 om-

1976 4433 2132 4487 nibus
2164 4430 2389 4485 iuferior
2423 4428 2730 4485 habebitur.
2761 4427 2817 4483 Si
2846 4443 3004 4498 quem
3035 4437 3213 4478 tamen
3240 4424 3549 4487 diaconum,

1974 4524 2219 4580 muneris
2249 4521 2333 4578 sui
2362 4522 2651 4586 vicarium,
2681 4521 2733 4575 in
2760 4522 2947 4576 urbem
2978 4518 3213 4586 aliquam
3247 4516 3552 4585 patriarcha

1972 4616 2056 4671 vel
2079 4615 2527 4684 metropolitanus
2547 4612 3067 4678 destinarit,dehitos
3092 4610 3219 4679 ipsis
3242 4606 3561 4678 praesulibus

1978 4709 2212 4762 honores
2247 4708 2426 4775 legato
2453 4704 2679 4771 deferri,
2710 4705 3010 4773 eodemque
3034 4716 3145 4770 quq
3176 4700 3265 4753 ille
3309 4698 3427 4752 loco
3464 4699 3560 4751 ha-

291 4772 620 4794 r"l"l"""'
664 4772 787 4784 πίτυι
866 4772 869 4773 ν
997 4772 1007 4789 ι
1725 4772 1737 4781 .
1841 4772 1854 4780 .

290 4815 683 4887 πρεσϐυτέρων
729 4813 1031 4866 καθίσαντα
1069 4809 1369 4880 βαρύτερον
1401 4807 1647 4870 κολάζει,
1681 4808 1865 4858 παύων

1980 4801 2096 4855 beri
2151 4799 2349 4869 placet.
2402 4799 2511 4854 Sed
2564 4813 2685 4851 eum
2732 4797 2904 4850 altero
2954 4808 3185 4856 canone,
3226 4792 3315 4861 qui
3350 4790 3562 4845 medius

289 4908 457 4961 αὑτὸν
501 4907 600 4974 τῆς
652 4905 951 4966 διακονίας,
1000 4897 1158 4963 οὗτος
1195 4900 1251 4953 δὲ
1305 4897 1645 4967 κουφοτέραν
1680 4894 1877 4963 ἐπάγει

287 5001 391 5068 τὴν
421 4997 697 5068 τιμωρίαν
728 4997 801 5066 τῷ
843 4993 1235 5065 προκαθίσαντι
1268 4989 1671 5059 πρεσϐυτέρου,
1703 5003 1877 5040 κατοι-

289 5092 538 5156 ειδάζων
586 5090 746 5142 αὑτὸν
793 5090 870 5149 είς
915 5086 1003 5137 τὸν
1058 5084 1286 5154 ἔσχατον
1322 5082 1488 5135 τόπον
1526 5079 1619 5133 τοῦ
1672 5079 1875 5132 οἰκείου

293 5184 541 5255 βαθμοῦς
580 5183 747 5234 Φασὶν
786 5176 877 5233 οὖν
922 5181 1003 5231 ὅτι
1035 5180 1062 5231 6
1100 5177 1205 5247 μὲν
1251 5177 1348 5244 τῆς
1392 5173 1619 5244 πρώτης
1657 5172 1875 5225 συνόδου

294 5280 474 5331 κανὼν
507 5273 767 5343 περὶτῶν
802 5273 858 5324 ἐν
892 5271 1095 5341 βήματι
1126 5270 1184 5319 ἐν
1216 5266 1529 5337 ἱερουργίας
1564 5263 1742 5332 καιρῷ
1773 5277 1875 5315 κα-

296 5369 606 5438 θεζομένων
655 5367 710 5417 ἐν
742 5364 887 5434 μέσῳ
926 5363 1319 5433 πρεσϐυτέρων
1350 5362 1532 5428 φησιν,
1575 5358 1662 5411 ὅτε
1690 5358 1875 5409 διακο-

297 5466 405 5512 νεῖν
446 5457 648 5524 μᾶλλον
693 5454 788 5506 καὶ
840 5454 1137 5520 ὑπηρετεῖν
1177 5453 1287 5509 τοῖς
1330 5447 1567 5517 ἱερεῦσιν
1602 5447 1872 5514 ὀφείλουσι.

297 5551 393 5602 καὶ
425 5548 767 5617 παρεστάναι
817 5546 1035 5605 αὐτοῖς·
1081 5546 1107 5595 ὁ
1141 5543 1197 5594 δὲ
1249 5542 1349 5609 τῆς
1396 5541 1614 5593 συνόδου
1668 5539 1874 5604 ταύτης

298 5640 425 5707 περὶ
456 5638 563 5690 τῶν
598 5637 751 5698 am,-
786 5636 1028 5705 βήματος
1060 5634 1115 5685 ἐν
1142 5632 1377 5701 τυχοῦση
1402 5630 1641 5700 καθέδρᾳ
1667 5646 1875 5699 προκα-

300 5732 568 5786 θισάντων
633 5728 1045 5796 πρεσὸυτέρων.
1109 5723 1392 5792 Πανταχοῦ
1458 5724 1557 5793 μὲν
1602 5724 1709 5789 γὰρ
1765 5724 1873 5783 τοῖς

304 5821 542 5891 ἱερεῦσιν
569 5824 619 5873 οἱ
658 5820 895 5871 διάκονοι
937 5815 1270 5885 χρεωστοῦσι
1314 5814 1501 5883 τιμὴν,
1554 5813 1789 5883 μάλιστα
1818 5813 1873 5865 δὲ

304 5911 360 5966 ἐν
393 5910 697 5985 ἱερουργίᾳ.
732 5907 992 5979 Ὀφφίκια
1020 5907 1075 5961 δὲ
1113 5905 1545 5975 ἐκκλησιαστικά
1579 5904 1645 5957 τὰ
1674 5906 1871 5976 άρχον-

1981 4893 2125 4946 inter
2147 4891 2500 4962 presbyteros
2523 4890 2849 4953 consederit,
2880 4886 2952 4940 illi
2986 4885 3311 4940 cessationis
3339 4897 3365 4933 a
3396 4880 3562 4935 mini-

1982 4982 2150 5035 sterio
2178 4996 2334 5049 poena
2361 4982 2582 5049 gravior
2611 4978 2811 5032 inflicta
2843 4978 2938 5039 sit,
2971 4990 3074 5044 qua
3109 4976 3319 5029 ratione
3355 4973 3559 5027 factum

1981 5074 2333 5140 arbitremur,
2375 5082 2435 5126 ut
2477 5072 2567 5141 qui
2622 5070 2991 5124 honestiorem
3050 5068 3228 5120 locum
3281 5068 3562 5120 sacerdote

1979 5165 2257 5219 assidente
2287 5163 2590 5233 occuparit,
2638 5176 2759 5215 cum
2809 5173 2875 5214 eo
2925 5160 3011 5212 hic
3039 5172 3213 5211 canon
3269 5153 3559 5209 remissius

1982 5267 2130 5325 agat.
2160 5258 2470 5325 levioreque
2498 5251 2990 5309 animadversionis
3020 5264 3220 5319 genere
3247 5246 3376 5300 nihil
3410 5246 3558 5299 aliud

1981 5366 2141 5419 quam
2178 5360 2509 5418 postremum
2544 5348 2684 5400 inter
2713 5345 2795 5399 sui
2828 5343 3035 5399 ordinis
3068 5341 3314 5394 homines
3336 5338 3561 5408 gradum

1981 5442 2483 5509 obtinercjubeat?
2532 5439 2587 5493 ld
2622 5439 2790 5511 igitur
2838 5438 2910 5491 ita
2957 5435 3204 5491 nonnulli
3266 5431 3564 5499 explicant,

1982 5544 2041 5588 ut
2069 5536 2136 5587 de
2160 5535 2429 5598 diaconis,
2466 5535 2555 5603 qui
2587 5535 2709 5587 dum
2742 5546 2893 5585 sacra
2923 5529 3181 5599 mysteria
3212 5531 3565 5593 peraguntur,

1987 5630 2037 5681 in
2074 5627 2311 5681 sacrario
2348 5627 2510 5679 medii
2541 5627 2683 5680 inter
2724 5625 3075 5694 presbyteros
3109 5618 3428 5677 consedere,
3457 5629 3566 5681 quo

1986 5719 2203 5788 quidem
2234 5728 2475 5786 tempore
2504 5732 2598 5770 eos
2631 5716 2863 5769 maxime
2888 5710 3263 5766 sacerdotibus
3296 5702 3561 5757 inservire

1984 5819 2149 5878 atque
2204 5816 2387 5861 astare
2440 5815 2776 5875 oportuerat,
2836 5802 3023 5871 prima:
3071 5797 3259 5869 synodi
3296 5807 3560 5847 cauonem

1982 5902 2154 5972 at't‘ipi
2176 5901 2341 5956 velint
2365 5919 2377 5956 :
2403 5902 2546 5955 hunc
2571 5913 2701 5953 vero
2735 5899 2800 5951 de
2825 5898 2909 5958 iis,
2936 5892 3029 5964 qui
3062 5901 3215 5946 extra
3241 5885 3555 5949 sacrarium,
