3940 6480
456 378 561 441 543
1718 394 1992 455 TllEOD.
2038 394 2439 461 BALSAMON
3594 422 3682 489 si;

451 491 560 545 alio
607 506 930 562 quocunque
982 509 1264 566 consessu,
1308 499 1606 571 digniorem
1639 503 1740 558 sibi
1772 505 1914 560 inter
1958 519 2014 559 sa

2154 509 2300 565 τίκια
2346 512 2520 579 λέγει.
2571 513 2644 567 Τὸ
2672 515 2803 570 αὐτὸ
2838 518 2894 571 δὲ
2945 522 3171 587 κρατεῖν
3208 521 3446 591 βούλεται
3478 532 3505 584 ό

451 584 703 640 cerdotes
733 586 910 641 locum
941 593 1266 661 arrogarint,
1300 594 1709 664 intelligendum
1740 610 1859 651 esse
1893 596 2036 651 arbi-

455 682 687 728 trentur.
716 676 850 731 Cum
880 681 1023 737 enim
1050 684 1246 753 ubique
1277 688 1590 742 sacerdotes
1619 688 1791 743 vereri
1825 688 2034 745 diaconi

454 765 708 831 debeant,
744 778 853 827 tum
896 771 943 825 id
977 788 1091 837 eos,
1136 777 1258 829 dum
1299 794 1464 847 opera
1513 778 1593 832 rei
1641 778 1836 833 divinae
1873 780 2037 834 mini-

454 860 623 910 Sterio
656 859 1007 929 impenditur,
1040 878 1301 934 pra‘stare
1351 870 1588 923 maxime
1619 868 1799 924 decet.
1848 868 2036 925 Ollieia

451 962 583 1002 vero
654 956 1021 1011 ecclesiastica
1073 959 1393 1031 ἀρχοντίκια
1439 974 1617 1019 vocat.
1674 964 1818 1019 Idem
1873 978 2036 1034 porro

451 1050 508 1093 ut
542 1042 594 1095 in
625 1043 747 1099 aliis
780 1062 996 1117 quoque
1025 1059 1283 1107 servetur
1320 1054 1496 1109 sacris
1526 1054 1835 1119 ordinibus,
1873 1069 2031 1117 neve,

449 1137 575 1203 quia
612 1140 897 1207 profanam
954 1146 1165 1200 scilicrrt
1213 1148 1532 1217 dignitatem
1584 1150 2035 1219 magistratumve

448 1228 569 1295 quis
600 1231 865 1299 obtineat,
904 1236 1202 1295 insolenter
1252 1241 1456 1309 etferri,
1520 1258 1583 1297 ac
1637 1244 1691 1299 in
1749 1243 2019 1312 superiori

448 1320 640 1376 ordine
672 1327 1003 1391 constitutis,
1043 1332 1271 1386 diacono
1298 1334 1446 1389 verbi
1495 1350 1659 1390 causa
1697 1334 2031 1405 hypodiaco-

448 1425 573 1476 nus,
608 1415 849 1471 autlmic
884 1416 1055 1474 lector
1083 1422 1345 1481 insultare
1407 1438 1607 1482 temere
1662 1429 1883 1493 audeat,
1930 1427 2033 1480 hac

447 1504 836 1563 constitutione
868 1509 1169 1571 decretum.
1224 1517 1317 1572 Est
1355 1518 1726 1574 ecclesiastica
1755 1518 2022 1588 siquidem

442 1592 586 1647 civili
625 1611 946 1672 quacunque
982 1605 1241 1673 dignitate
1272 1612 1639 1677 prmstantior.
1696 1611 1864 1681 Cujus
1903 1610 2014 1680 qui-

2154 1602 2205 1667 b;
2226 1604 2286 1656 οὐ
2306 1608 2446 1661 κατὰ
2472 1610 2820 1682 ἀνθρωπίνην
2836 1614 2996 1685 χάριν
3016 1592 3349 1687 παρέχεσθαι
3371 1592 3685 1687 ὀφειλούσαᾷ

442 1680 564 1737 dem
593 1693 896 1757 argumenti
927 1711 987 1748 ea
1018 1698 1097 1753 vis
1128 1710 1232 1763 εει,
1264 1712 1319 1756 ιιι
1349 1705 1612 1770 quoniam
1648 1704 1788 1757 inter
1817 1717 1913 1757 eos
1936 1718 2004 1771 qu

2154 1696 2269 1750 ι).λά
2300 1699 2442 1752 κατά
2491 1701 2645 1756 θείαν
2679 1680 3303 1781 χάριν-ἐπικλήσειητοῦ
3350 1680 3490 1765 θείου
3538 1680 3688 1766 Πνεῦέ

437 1777 699 1847 profanos
728 1786 1079 1855 magistratus
1108 1804 1325 1862 gerum,
1374 1805 1451 1863 et,
1480 1798 1568 1866 qui
1624 1796 1899 1851 inferioris
1946 1800 2029 1849 est
2134 1803 2323 1856 ματος·

445 1872 749 1944 dignitatis,
819 1885 1137 1941 antesedere
1190 1898 1285 1942 aut
1320 1888 1571 1958 pra-ferri
1616 1891 1689 1955 ei,
1762 1887 1854 1958 qui
1902 1883 2014 1950 mai

2173 1880 2437 1948 dignitate
2492 1883 2816 1950 honoratur,
2869 1903 2978 1944 non
3024 1890 3183 1958 licet;
3238 1894 3401 1948 multo
3448 1897 3605 1968 magis
3628 1898 3688 1950 iis

439 1962 582 2019 idem
625 1984 734 2024 non
801 1972 980 2041 liceat,
1046 1980 1139 2048 qui
1208 1982 1596 2037 ecclesiasticis
1633 1992 1901 2036 ornantur
1944 1974 2323 2046 dignitatibus,
2372 1991 2509 2043 quas
2605 1979 2770 2035 etiam
2823 1984 3139 2050 spirituales
3200 1996 3374 2041 canOn
3433 1989 3529 2044 hoc
3578 1997 3687 2049 loco

439 2057 705 2126 nominat,
735 2064 932 2135 quippe
958 2085 1077 2138 qua:
1106 2087 1213 2125 non
1245 2072 1544 2138 hominum,
1576 2075 1669 2128 sed
1699 2071 1789 2125 Dei
1824 2067 2018 2141 gratia,
2061 2062 2296 2132 Spiritus
2328 2067 2505 2121 sancti
2538 2068 2902 2137 invocatione,
2935 2072 3173 2128 conferri
3206 2076 3422 2130 debent.

440 2151 671 2211 ARIST.
712 2175 730 2211 ι
771 2159 1041 2218 Diaconus
1079 2168 1241 2220 etiam
1274 2169 1506 2224 oﬂicium
1561 2179 1864 2235 assecutus,
1910 2164 2014 2221 nisi

2154 2162 2343 2215 ιΡΙΣΤ.
2382 2181 2402 2215 ι
2441 2167 2553 2218 Καὶ
2611 2166 2867 2236 όφφίκιον
2897 2169 3038 2238 ἔχων
3058 2168 3326 2235 διάκονος,
3365 2172 3412 2225 εἰ
3439 2172 3509 2243 μὴ
3535 2191 3681 2229 τοποο

518 2264 540 2299 ι
580 2250 904 2316 patriarchae
935 2255 1015 2310 vel
1050 2259 1289 2330 episcopi
1325 2262 1503 2319 locum
1542 2271 1747 2326 teneat,
1800 2263 1844 2316 si
1891 2272 2014 2324 ante

2205 2272 2223 2307 ι
2269 2254 2511 2324 τηρητὴς
2540 2255 2630 2327 εἴη
2661 2258 3005 2328 πατριάρχου
3040 2261 3072 2329 ἢ
3108 2263 3426 2331 ἐπισκόπου,
3462 2267 3560 2334 πρὸ
3589 2266 3686 2318 τῶν

519 2359 540 2393 ι
577 2345 930 2416 presbyteros
961 2351 1185 2415 sederit.
1218 2357 1460 2411 omnium
1492 2357 1596 2414 erit
1623 2356 1861 2412 intimus.
1884 2375 1904 2408 ι

2204 2365 2222 2395 ι
2266 2347 2659 2418 πρεσϐυτέρων
2720 2350 3109 2422 καθεζόμενος,
3160 2355 3421 2413 ἁπάντων
3457 2359 3682 2430 ἐσχατώ-

2131 2455 2149 2490 ι
2196 2455 2349 2507 τερος
2376 2438 2573 2494 ἔσοιτο.
2623 2460 2643 2492 ι

2195 2529 2336 2593 Τοὺς
2367 2534 2667 2602 κοσμικοὺς
2710 2535 2916 2604 τύφους
2950 2539 3043 2591 καὶ
3088 2539 3190 2604 τὰς
3229 2542 3615 2611 πρωτοκλισίας
3636 2543 3681 2597 οι

2124 2620 2259 2674 θεῖοι
2309 2622 2553 2693 Πατέρες
2605 2625 2670 2679 ὲκ
2720 2630 2816 2697 τῆς
2872 2630 3201 2701 Ἐκκλησίας
3258 2635 3681 2704 περιαιροῦντες,

2124 2714 2522 2782 προστάττουσι
2555 2718 2762 2790 μηδένα
2804 2721 2912 2775 τῶν
2940 2723 3228 2788 διακόνων,
3260 2727 3365 2780 κᾶν
3391 2727 3679 2798 οίονδήποτε

2116 2807 2575 2876 ἐκκλησιαστικὸν
2605 2813 2863 2883 ὀφφίκιον
2898 2815 3018 2887 ἔχῃ,
3049 2817 3157 2871 τῶν
3186 2819 3567 2889 πρεσϐυτέρων
3595 2837 3680 2871 κα-

2118 2897 2373 2961 θέζεσθαι
2411 2903 2636 2971 ἄνωθεν,
2690 2908 2738 2959 εξ
2776 2907 2853 2976 μή
2909 2925 3032 2975 που,
3084 2909 3163 2974 ὡς
3196 2912 3581 2983 τοποτηρητὴς,
3624 2912 3679 2965 τὸ

3556 540 3667 589 κανί

2157 554 2300 565 ηπ...
2346 554 2520 579 ..-ι-η
2583 554 2643 567 υ,
2672 554 2803 570 υινυυ
2838 554 2894 571 νο
2946 554 3170 587 θυμαίνειν
3208 554 3446 591 imminut.
3478 554 3505 584 ο
3556 554 3682 592 κανυ

2141 602 2236 652 καὶ
2268 600 2359 653 ἐπὶ
2388 602 2497 654 τῶν
2531 602 2707 657 ἄλλων
2744 607 2906 678 ἱερῶν
2933 610 3252 678 ταγμάτων,
3298 615 3431 671 ὥστε
3475 623 3543 692 μή
3579 644 3683 682 τινα

2139 690 2418 761 ἀξιώματι
2469 697 2720 765 κοσμικῴ
2754 697 3065 771 θαρροῦντα
3099 702 3131 772 ἢ
3162 704 3397 777 όφφικίῳ
3456 690 3686 770 καταναι-

2140 783 2397 839 δεύεσθαι
2421 787 2530 841 τῶν
2552 789 2749 855 ἄλλων,
2777 794 2874 846 καὶ
2902 793 3264 864 θρασύνεσθαι
3286 801 3422 855 κατὰ
3447 804 3547 857 τῶν
3568 824 3687 877 προ-

2140 876 2240 930 ϐαθ
2249 879 2418 948 μιωτέ
2427 897 2535 951 ρων
2557 882 2746 947 αὑτοῦ,
2773 885 3127 943 ὑποδιάκονον
3142 892 3298 961 τυχὸν
3315 895 3677 955 κατάδιακόνου

2140 966 2171 1036 ἢ
2193 968 2549 1041 ἀναγνώστην
2573 976 2714 1028 κατά
2741 977 3129 1035 ὑποδιακόνου.
3148 982 3387 1052 Κρείττω
3410 990 3531 1059 γὰρ,
3548 995 3685 1062 φησι,

2142 1056 2209 1108 τὰ
2239 1062 2588 1128 πνευματικὰ
2625 1063 3060 1133 ἀξιώματατῶν
3094 1071 3390 1137 κοσμικῶν,
3430 1080 3683 1146 μονονουχὶ

2130 1146 2295 1199 τοῦτο
2340 1148 2548 1219 λέγων’
2582 1154 2646 1205 Et
2689 1155 2746 1207 ὲν
2789 1158 2904 1219 τοῖς
2950 1162 3237 1226 κοσμικοτς
3285 1160 3571 1232 ἀξιώμασιν
3599 1168 3684 1220 οὐκ

2137 1237 2312 1300 ἔξεστι
2340 1241 2419 1310 τῷ
2449 1242 2670 1312 ἥττονος
2730 1243 2887 1311 ἀξίας
2918 1247 3032 1300 ὄντι
3060 1252 3485 1322 προκαθῆσθαιῆ
3512 1274 3685 1325 προτεο

2130 1331 2395 1400 τιμῆσθαι
2419 1334 2512 1403 τοῦ
2539 1336 2750 1404 μείζονι
2808 1344 3179 1412 τετιμημένου
3209 1345 3499 1415 ἀξιώματι,
3524 1350 3689 1420 πολλῴ

2134 1421 2297 1476 πλέον
2328 1424 2428 1478 οὐκ
2457 1426 2639 1491 ἔξεστι
2683 1430 2843 1484 τοῦτο
2879 1437 3053 1488 ποιεῖν
3087 1438 3200 1499 τοῖς
3232 1438 3683 1506 ἐκκλησιαστικαέ

2133 1511 2313 1575 ἀξίαις
2355 1517 2762 1586 τετιμημένοις,
2799 1520 2866 1581 ἃς
2897 1523 2990 1575 καὶ
3030 1527 3405 1594 πνευματικὰς
3433 1529 3683 1596 ἐκάλεσεν,

510 2526 708 2585 Fastus
737 2532 1026 2590 srcculares
1063 2546 1115 2590 et
1144 2538 1350 2605 primos
1385 2539 1672 2597 accubitus
1720 2543 1906 2599 Patres
1935 2544 2017 2598 di-

441 2616 555 2672 vini
611 2619 680 2675 ab
738 2621 980 2679 Ecclesia
1035 2636 1397 2695 amputautes,
1448 2638 1691 2687 statuunt
1744 2635 2011 2688 neminem

442 2709 834 2778 diaconorum,
889 2715 1267 2787 qualecunque
1333 2721 1764 2780 ecclesiasticum
1821 2726 2019 2782 haheat

440 2800 699 2868 cilicium,
752 2816 878 2861 ante
927 2810 1271 2879 presbyteros
1318 2816 1547 2882 sedere;
1605 2817 1709 2875 nisi
1757 2820 1915 2883 forte,
1961 2830 2019 2875 ut

441 2894 703 2959 vicarius,
751 2898 1075 2965 patriarcha:
1124 2904 1207 2959 sui
1258 2914 1350 2958 aut
1407 2908 1801 2977 metropolitani
1843 2912 2015 2965 vicem

434 2998 611 3056 gerat,
638 2988 692 3042 in
723 2986 885 3045 aliam
920 2992 1197 3049 civitatem
1234 2997 1430 3052 missus
1465 3000 1849 3058 canonicarum
1878 3018 2013 3070 quae

436 3078 685 3132 ruuulam
738 3090 794 3136 et
827 3083 1327 3142 ecclesiasticarum
1375 3104 1541 3145 causa
1578 3094 1957 3161 quaestionum
1994 3112 2009 3147 :

438 3175 570 3223 tunc
596 3169 767 3237 enim,
794 3180 851 3227 ut
885 3174 1031 3233 illius
1058 3176 1238 3232 locum
1277 3179 1511 3251 implens
1539 3182 1920 3241 honorabitur.
1954 3186 2011 3241 Si

439 3261 562 3328 quis
594 3274 771 3317 autem
809 3266 1073 3324 diaconus
1132 3274 1408 3342 tyrannica
1466 3277 1731 3333 adductus
1764 3279 2012 3344 audacia,

438 3352 601 3425 166
621 3355 782 3412 aliter
815 3373 978 3415 ausus
1000 3362 1164 3418 fuerit
1198 3381 1361 3435 supra
1387 3368 1761 3439 presbyterum
1796 3373 2008 3438 sedere,

2120 2991 2416 3059 πρόσωπον
2445 2995 2633 3064 ἐπέχει
2688 2998 2785 3050 τοῦ
2821 3001 3023 3053 οἰκείου
3053 3002 3396 3073 πατριάρχου
3428 3004 3459 3073 ἢ
3495 3019 3679 3073 μητροο

2118 3083 2373 3151 πολίτου,
2417 3088 2475 3139 ὲν
2509 3089 2673 3160 ἑτέρα
2734 3091 2887 3145 πόλει
2937 3093 3151 3157 σταλεὶς
3202 3096 3363 3167 χάριν
3402 3093 3685 3147 κανονικῶνη

2117 3176 2213 3228 καὶ
2247 3177 2718 3246 ἐκκλησιαστικῶν
2753 3182 3121 3252 ζητημάτων·
3167 3187 3290 3241 τότε
3326 3188 3453 3257 γὰρ,
3497 3186 3565 3248 ὡς
3597 3185 3679 3237 τὸν

2115 3268 2331 3322 ἐκείνου
2359 3272 2525 3325 τόπον
2551 3274 2904 3345 ἀναπληρῶν,
2936 3278 3323 3348 τιμηθήσεται.
3359 3280 3418 3331 Εἰ
3447 3278 3500 3331 δὲ
3522 3277 3680 3339 ἄλλως

2114 3358 2381 3428 τολμήσει
2413 3378 2497 3425 τις
2528 3364 2637 3418 τῶν
2662 3366 2947 3430 διακόνων.
2982 3370 3294 3441 τυραννικῷ
3321 3370 3509 3440 θράσει
3545 3366 3679 3440 χρὼο

430 3459 533 3496 suo
561 3450 729 3514 gradu
771 3447 1010 3516 dejectus
1039 3452 1167 3519 erit,
1200 3463 1255 3509 et
1285 3456 1528 3513 omnium
1555 3458 1781 3515 ultimus
1825 3463 2013 3519 diaco-

2154 3465 2317 3515 ,evoc,
2356 3454 2467 3507 τῶν
2509 3458 2904 3530 πρεσϐυτέρων
2950 3461 3159 3514 ἄνωθεν
3204 3463 3552 3534 καθεσθῆναι,
3598 3459 3679 3514 τοῦ

432 3552 625 3592 norum
647 3536 858 3599 evadet.

1020 3692 1253 3809 CANOI‘V'
1298 3757 1428 3814 Vill.

438 3896 458 3930 ι
506 3878 559 3931 In
595 3881 846 3935 omnibus
881 3898 965 3947 ea,
1003 3900 1121 3954 quae
1157 3904 1184 3941 a
1235 3894 1438 3948 nostris
1492 3896 1698 3953 sanctis
1751 3899 2007 3959 Patribus

509 3990 525 4020 ι
566 3976 779 4027 decreta
809 3986 955 4042 sunt,
996 3994 1091 4033 nos
1138 3997 1352 4053 quoque
1404 3997 1515 4041 rata
1560 4005 1625 4044 ac
1678 3992 1829 4044 tirma
1884 4010 2004 4050 esse

508 4081 525 4110 ι
571 4064 832 4127 volentes,
882 4084 1141 4126 canonem
1170 4089 1382 4144 quoque
1426 4094 1764 4146 renovamus,
1800 4084 1890 4152 qui
1922 4087 2007 4155 ju-

504 4173 524 4205 ‹
574 4155 665 4209 bet
722 4158 949 4229 singulis
996 4165 1151 4218 annis
1215 4168 1636 4239 uniuscujusque
1713 4178 2002 4243 provincia:

503 4263 523 4297 ι
571 4249 946 4319 episcoporum
982 4257 1222 4327 synodos
1249 4260 1385 4327 ﬁeri,
1421 4263 1515 4320 ubi
1552 4269 2001 4336 metropolitauus

503 4356 519 4385 ι
568 4339 855 4411 episcopus
890 4348 1060 4402 satius
1081 4364 1204 4405 esse
1237 4356 1479 4410 duxerit.
1507 4358 1772 4423 Quoniam
1820 4377 2000 4421 autem

502 4448 521 4481 ι
568 4442 787 4500 propter
847 4437 1056 4507 aliquas
1147 4442 1512 4500 Barbarorum
1561 4449 1896 4512 incursiones
1945 4470 2002 4515 et

498 4541 517 4573 ι
565 4526 824 4591 quasdam
858 4530 995 4587 alias
1034 4534 1334 4593 incidentes
1366 4555 1582 4608 causas,
1632 4560 1738 4600 non
1777 4562 2002 4616 possunt

502 4632 519 4662 ι
563 4615 652 4683 qui
675 4616 921 4713 ecclesiis
957 4625 1246 4689 prazsident
1275 4631 1515 4696 synodos
1547 4632 1629 4689 bis
1667 4635 1717 4690 in
1754 4615 1895 4695 anno
1919 4641 2000 4695 fa-

504 4722 520 4753 ι
569 4719 712 4770 cere,
750 4710 924 4764 visum
956 4723 1057 4777 est,
1094 4719 1394 4773 utomnino
1425 4724 1589 4778 semel
1619 4725 1671 4780 in
1697 4744 1840 4785 anno
1877 4749 2000 4800 pro—

501 4816 518 4845 ι
569 4806 688 4865 pter
713 4802 1112 4859 ecclesiasticas
1167 4810 1520 4878 quaestiones,
1590 4826 1649 4870 ut
1703 4821 1996 4880 verisimile
2030 4817 2075 4872 Ι)

501 4912 520 4943 ι
564 4905 671 4959 ρει,
700 4911 1061 4967 emergentes,
1095 4904 1480 4971 praedictorum
1530 4913 1909 4984 episc0porum
1943 4920 1995 4973 in

501 5004 518 5035 ι
568 5003 890 5057 unaquaque
940 4994 1212 5060 provincia
1261 4996 1351 5049 ﬁat
1416 5004 1675 5071 synodus,
1730 5024 1760 5060 ει
1809 5021 1998 5068 sancto

499 5096 515 5128 ι
562 5079 783 5134 Pascha:
831 5082 991 5149 festo,
1040 5094 1094 5140 et
1146 5103 1317 5157 usque
1369 5091 1437 5146 ad
1484 5093 1733 5155 Octobris
1793 5105 1997 5161 mensis

499 5188 518 5222 ι
564 5173 1046 5243 complementum,
1080 5179 1305 5248 singulis
1324 5186 1516 5250 -anuis,
1556 5188 1608 5243 in
1651 5190 1770 5247 loco
1809 5210 1993 5264 quem,

499 5278 518 5312 ι
564 5274 621 5317 ιιι
674 5266 988 5333 ρτωιιὶειιιιιι
1046 5280 1150 5337 est,
1216 5279 1664 5346 metropolitanus
1711 5287 1998 5357 episcopus

505 5371 521 5401 ‹
570 5357 833 5423 aptiorem
864 5359 1191 5426 iudicaverit
1222 5382 1235 5419 :
1267 5366 1301 5420 ii
1347 5378 1549 5436 autem,
1597 5377 1686 5442 qui
1731 5394 1835 5432 nou
1864 5397 1999 5436 eon-

504 5460 523 5494 ι
570 5445 814 5517 veniunt,
843 5451 1101 5524 episcopi,
1134 5470 1256 5511 cum
1288 5457 1341 5512 in
1369 5460 1483 5517 suis
1505 5464 1812 5523 civitatibus
1838 5483 2002 5541 agant

2125 3542 2260 3599 ἰδίου
2293 3544 2506 3617 βαθμοῦ
2540 3550 3114 3623 καταϐιϐασθήσεται,
3150 3557 3250 3611 καὶ
3290 3559 3505 3611 πάντων
3534 3556 3680 3625 ἔσχα-

2122 3653 2215 3700 τος
2252 3639 2364 3693 τῶν
2391 3641 2655 3697 διακόνων
2677 3647 2987 3717 γενήσεται.

2720 3781 2964 3835 ΚΑΝΩΝ
3013 3783 3097 3837 Η’.

2122 3930 2141 3963 ι
2192 3912 2280 3967 Ἐν
2322 3915 2554 3969 πᾶσιτά
2606 3916 2710 3970 ὑπὸ
2748 3918 2857 3971 τῶν
2906 3919 3080 3987 ἁγίων
3117 3922 3380 3993 Πατέρων
3414 3924 3563 3994 ἡμῶν
3605 3922 3682 3976 θε·

2197 4025 2214 4055 ι
2266 4006 2564 4061 σπισθέντα
2612 4010 2704 4061 καὶ
2731 4012 2893 4079 ἡμεῖς
2922 4016 3144 4081 κρατεῖν
3192 4014 3535 4083 βουλόμενοι,
3566 4016 3682 4067 ἀνα-

2191 4117 2208 4145 (
2255 4097 2485 4169 νεοῦμεν
2520 4102 2616 4152 καὶ
2652 4100 2742 4152 τὸν
2772 4104 2973 4157 κανόνα
3016 4106 3110 4156 τὸν
3142 4107 3529 4180 διαγορεύοντα
3568 4093 3682 4159 καθ’

2188 4211 2203 4239 ι
2253 4192 2486 4244 ἕκαστον
2532 4193 2654 4258 ἔτος
2700 4195 2949 4261 συνόδους
3002 4197 3109 4249 τῶν
3138 4200 3380 4269 ἑκάστης
3429 4199 3680 4268 ἐπαρχίας

2187 4300 2205 4330 ι
2253 4282 2503 4347 γίνεσθαι
2547 4284 2885 4352 ἐπισκόπων,
2936 4287 3064 4340 ἔνθα
3109 4289 3176 4343 ἂν
3219 4292 3247 4342 ὁ
3277 4292 3379 4361 τῆς
3420 4289 3680 4360 μητροπό-

2188 4392 2208 4422 4
2258 4374 2396 4432 ).εως
2429 4374 2703 4445 δοκιμάσῃ
2728 4378 3047 4441 ἐπίσκοπος.
3096 4379 3313 4451 Ἐπειδὴ
3352 4382 3407 4433 δὲ
3434 4382 3519 4435 διά
3543 4380 3680 4441 τινάς

2189 4480 2208 4515 ι
2255 4482 2315 4517 τε
2368 4465 2480 4519 τῶν
2543 4467 2834 4537 βαρϐάρων
2881 4469 3205 4537 ἐπιδρομὰς,
3255 4473 3344 4528 διά
3400 4491 3460 4526 τε
3491 4488 3680 4541 προπι-

2185 4577 2201 4603 ι
2253 4556 2494 4615 πτούσας
2541 4556 2735 4625 ἐτέρας
2784 4557 2984 4622 αἰτίας,
3023 4560 3302 4625 ἀδυνάτως
3356 4567 3404 4615 οἱ
3447 4565 3551 4615 τῶν
3596 4563 3676 4614 ὲκ-

2186 4665 2207 4699 ι
2256 4646 2497 4711 κλησιῶν
2546 4647 2795 4717 πρόεδροι
2848 4648 3033 4718 ἔχουσι
3069 4651 3150 4713 δὶς
3184 4654 3279 4705 τοῦ
3317 4653 3560 4707 ἐνιαυτοῦ
3591 4652 3680 4711 τὰς

2189 4758 2208 4790 ι
2255 4740 2509 4801 συνόδους
2551 4740 2851 4805 ποιεῖσθαι,
2879 4738 3077 4805 ἔδοξεν,
3110 4743 3250 4797 ὥστε
3298 4747 3486 4816 τρόπῳ
3532 4744 3680 4798 παντὶ¹

2181 4850 2199 4882 ι
2250 4831 2398 4897 ἅπαξ
2447 4830 2542 4883 τοῦ
2594 4831 2842 4885 ἐνιαυτοῦ
2878 4834 2990 4902 (65)
3039 4836 3137 4905 τὴν
3178 4837 3286 4889 τῶν
3336 4852 3680 4909 προγεγραμο

2182 4944 2199 4975 ι
2252 4925 2432 4993 μένων
2460 4923 2778 4978 ἐπισκόπων
2820 4925 3021 4989 διάξτά
3055 4927 3129 4988 ὡς
3158 4928 3307 4993 εἰκὸς
3340 4929 3679 4997 ἀναφυόμενα

2181 5034 2201 5068 ι
2248 5016 2681 5085 ἐκκλησιαστικά
2703 5017 2975 5085 κεφάλαια
3008 5021 3067 5071 ἐν
3096 5020 3304 5092 ἑκάστῃ
3335 5022 3569 5093 ἐπαρχίᾳ
3601 5020 3679 5090 γί-

2182 5127 2199 5159 ι
2244 5108 2432 5161 νεσθαι
2466 5107 2679 5160 σύνοδον
2698 5108 2805 5160 ἀπὸ
2832 5110 2932 5177 τῆς
2964 5111 3125 5178 ἁγίας
3148 5112 3241 5165 τοῦ
3273 5114 3463 5183 Πάσχα
3495 5113 3678 5182 ἑορτῆς

2180 5218 2199 5250 ι
2247 5200 2339 5252 καὶ
2364 5199 2525 5268 μέχρι
2554 5198 3005 5268 συμπληρώσεως
3028 5201 3120 5254 τοῦ
3161 5204 3490 5272 Ὀκτωϐρίου
3521 5199 3678 5271 μηνὸς

2184 5309 2201 5340 ι
2252 5290 2485 5344 ἑκάστου
2513 5290 2667 5357 ἔτους
2694 5295 2835 5348 κατά
2864 5294 2960 5347 τὸν
2994 5294 3178 5359 τόπον,
3203 5294 3262 5347 ὃν
3290 5297 3318 5347 ό
3352 5298 3451 5363 τῆς
3489 5308 3678 5362 μητρο-

2186 5400 2203 5432 ι
2252 5382 2484 5447 πόλεως,
2509 5384 2653 5437 καθὰ
2681 5385 3028 5455 προείρηται,
3053 5385 3341 5455 δοκιμάσει
3368 5385 3675 5442 ἐπίσκοπος.

2187 5495 2205 5524 ¢
2252 5474 2390 5540 Τοὺς
2421 5477 2477 5529 δὲ
2506 5478 2580 5549 μὴ
2614 5478 2889 5540 συνιόντας
2920 5477 3288 5542 ἐπισκόπους,
3324 5476 3676 5549 ἐνδημοῦντας

1580 5642 1781 5709 Guill.
1823 5648 2155 5727 Beveregii
2200 5663 2386 5717 notio.

507 5748 621 5817 (65)
653 5750 854 5819 Ἀπιιξ
889 5757 1004 5838 τοῦ.
1033 5759 1332 5838 inmittor").
1366 5762 1492 5838 llajc
1530 5781 1705 5834 usque
1764 5768 1829 5823 ad
1888 5768 2006 5837 γίνε

2215 5778 2432 5832 σύνοδον
2497 5777 2769 5836 inclusive
2812 5778 2865 5834 in
2942 5795 3047 5835 ms.
3099 5780 3529 5838 Amcrbachiauo
3570 5793 3673 5835 nou

427 5822 553 5881 sine
570 5838 787 5879 summo
813 5832 1037 5886 canonis
1069 5832 1395 5889 detrimento
1421 5822 1642 5892 desunt'.
