3940 6480
271 363 381 429 555

1300 362 1379 421 IN
1411 361 1575 423 CAN.
1610 360 1755 421 VIII
1797 360 2003 424 CONC.
2038 362 2123 425 IN
2164 364 2486 430 TRULLO.

3448 370 3552 434 546

356 498 373 531 ι
415 478 541 543 ταῖς
573 476 784 531 ἑαυτῶν
835 474 1047 538 πόλεσι,
1095 474 1191 528 καὶ
1250 473 1428 528 ταῦτα
1458 474 1517 528 ἐν
1552 474 1711 545 ὑγεία
1740 473 1851 528 διά-

2041 496 2060 529 (
2102 489 2155 533 et
2188 482 2303 534 sani
2332 484 2537 545 sint,et
2564 482 2631 537 ab
2658 483 2807 538 omni
2835 483 3131 541 iiievitabili
3153 494 3207 542 et
3238 489 3550 543 necessario

355 589 371 621 i
416 586 640 636 γοντας,
671 567 765 620 καὶ
796 565 974 633 πάσης
1005 564 1386 634 ἀπαραιτήτου
1424 567 1517 618 καὶ
1550 563 1861 631 ἀναγκαίας

351 680 367 711 t
416 658 678 729 ἀσχολίας
740 660 899 721 ὄντας
959 654 1307 726 ἐλευθέρους,
1366 654 1674 724 ἀδελφικῶς
1736 655 1862 707 ὲπιο

348 770 364 800 ι
407 749 766 818 πλήττεσθαι.

342 841 543 894 ΒΑΛΣ.
590 839 732 909 Περὶ
784 838 879 893 τοῦ
932 839 1052 902 πῶς
1114 841 1209 894 καὶ
1271 842 1402 893 πότε
1451 838 1754 908 ὀφείλουσιν
1816 837 1867 891 oi

274 935 574 986 ἐπίσκοποι
635 931 788 1003 παρά
819 935 934 995 ’τοῖς
979 933 1217 1004 πρώτοις
1249 933 1430 986 αὐτῶν
1484 930 1863 1004 συνέρχεσθαι,

271 1026 417 1079 ὥστε
449 1026 701 1092 γίνεσθαι
753 1031 1027 1087 συνόδους,
1074 1026 1168 1077 καὶ
1198 1024 1427 1078 λύεσθαι
1459 1026 1529 1078 τὰ
1565 1024 1864 1091 ἐκκλησια-

273 1121 439 1172 στικά
470 1120 792 1188 ζητήματα,
829 1120 1048 1189 εἴρηται
1095 1120 1155 1170 ὲν
1197 1118 1476 1188 διαφόροις
1526 1116 1863 1188 προλαϐοῦσι

264 1210 513 1263 κανόσιν.
552 1208 847 1276 Ἀνάγνωθι
896 1212 987 1262 καὶ
1016 1226 1140 1276 κεφ.
1188 1206 1236 1277 η’
1258 1208 1435 1260 τίτλον
1471 1206 1524 1276 η’
1572 1206 1667 1261 τοῦ
1712 1225 1862 1279 παρ-

264 1299 418 1362 όντος
480 1302 877 1371 συντάγματος,
926 1301 1021 1351 καὶ
1055 1301 1125 1350 τὰ
1160 1301 1216 1350 ὲν
1255 1298 1425 1368 αὐτῷ.
1466 1298 1526 1350 ’0
1567 1298 1622 1350 δὲ
1671 1297 1865 1368 παρὼν

268 1389 457 1441 κανὼν
515 1391 666 1444 οὐδέν
717 1408 767 1441 τι
815 1389 976 1441 πλέον
1019 1388 1133 1441 τῶν
1162 1388 1340 1442 ἄλλων
1375 1388 1689 1464 (prio-ludii?
1728 1391 1761 1459 ἢ
1806 1390 1866 1442 τὸ

267 1480 525 1546 γίνεσθαι
578 1480 726 1543 ἅπαξ
774 1480 866 1533 τοῦ
923 1478 1177 1532 ἐνιαυτοῦ
1229 1480 1327 1542 τὰς
1379 1479 1652 1542 συνόδους.
1707 1481 1867 1534 Ἀνά-

267 1570 438 1634 γνωθι
477 1572 573 1623 καὶ
623 1572 723 1640 τῆς
764 1572 805 1623 δ’
868 1570 1089 1624 συνόδου
1142 1572 1344 1624 κανόνα
1385 1568 1473 1633 ιϐ’,
1515 1571 1610 1622 καὶ
1650 1571 1751 1638 τῆς
1816 1576 1867 1622 α’

265 1665 489 1717 συνόδο)
540 1668 740 1718 κανόνα
787 1664 850 1731 e',
889 1665 983 1719 καὶ
1038 1666 1145 1718 τῶν
1196 1665 1367 1732 ἁγίων
1405 1665 1721 1717 ἀποστόλων
1766 1681 1865 1717 κα-

265 1757 395 1809 νόνα
417 1755 519 1819 λζ’.
554 1757 715 1810 Εἴποι
745 1759 798 1810 δέ
822 1774 903 1820 τις
927 1756 1037 1827 (66)
1069 1756 1165 1821 ὡς,
1199 1758 1306 1810 τῶν
1338 1757 1656 1809 ἐπισκόπων
1683 1756 1852 1824 ἀναγ-

270 1848 598 1917 καζομένων
631 1849 779 1919 παρά
807 1852 920 1911 τοῖς
946 1848 1377 1919 μητροπολίταις
1405 1848 1637 1914 ἐτησίως
1668 1849 1859 1918 συνέρο

272 1938 497 2005 χεοοαι,
529 1941 578 1991 οἱ
615 1941 1013 2011 μητροπολῖται
1045 1941 1145 1993 οὐκ
1170 1941 1683 2009 ἀναγκασθήσονται
1707 1941 1857 2011 παρὰ

266 2028 343 2097 τῷ
394 2033 717 2103 πατριάρχῃ
767 2032 1067 2087 συνελθεῖν.
1123 2034 1194 2085 Ἢ
1239 2033 1348 2102 γὰρ
1383 2028 1529 2087 οὗτοι
1562 2036 1711 2103 παρὰ
1744 2052 1851 2087 πα-

265 2119 506 2190 τριάρχῃ
542 2122 915 2191 συνέρχονται,
962 2123 1056 2174 καὶ
1099 2122 1392 2192 συμϐαίνει
1420 2122 1519 2183 τάς
1548 2126 1654 2176 τῶν
1689 2127 1859 2192 ἐπαρ-

266 2212 488 2283 χιωτῶν
514 2214 837 2266 ἐπισκόπων
860 2215 1113 2278 συνόδους
1138 2216 1476 2284 ἀπράκτους,
1503 2215 1535 2286 ἢ
1568 2217 1626 2269 οὐ
1665 2217 1856 2288 συνέρα

271 2321 482 2373 χονται,
524 2307 621 2358 καὶ⁵
656 2307 713 2359 αἱ
746 2308 1147 2379 πατριαρχικαὶ
1181 2308 1389 2360 σύνοδοι
1421 2308 1480 2360 οὐ
1510 2311 1853 2377 γενήσονται.

265 2395 377 2449 Καὶ
405 2396 588 2450 ταῦτα
619 2396 718 2467 μὲν
749 2400 878 2459 ἴσως
911 2401 1025 2468 ἐρεῖ
1061 2411 1177 2461 τις·
1218 2399 1281 2451 σὺ
1336 2399 1392 2452 δὲ
1425 2400 1698 2468 ἀνάγνωθι
1737 2402 1856 2453 ἐπιο

276 2490 687 2559 πατικώτερον
753 2486 812 2543 τὸ
864 2489 912 2543 κ’
968 2492 1163 2559 κεφάλ.
1217 2492 1324 2543 τοῦ
1360 2490 1410 2544 α’
1444 2492 1626 2546 τίτλου
1670 2494 1765 2548 τοῦ
1808 2504 1855 2562 γ’

266 2578 476 2647 βιϐλίου
512 2580 670 2648 λέγον
702 2584 758 2633 ὲν
797 2583 953 2652 μέρει
982 2584 1156 2645 οὕτως
1178 2600 1194 2616 ο
1230 2584 1541 2656 Κελεύομεν
1572 2587 1706 2640 πᾶσι
1735 2588 1859 2658 τρό-

265 2686 390 2729 ποις
448 2671 580 2740 μίαν
626 2671 847 2725 σύνοδον
901 2672 1148 2740 γίνεσθαι
1190 2674 1312 2728 καθ’
1360 2676 1592 2729 ἕκαστον
1647 2678 1767 2742 ἔτος
1800 2682 1855 2731 ἐν

262 2762 474 2835 ἑκάστῃ
524 2764 766 2835 ἐπαρχίᾳ
810 2765 842 2834 ἦ
895 2766 972 2836 τῷ
1018 2767 1225 2837 Ἰουνίῳ
1268 2768 1299 2839 ἦ
1359 2769 1435 2841 τῷ
1493 2772 1855 2842 Σεπτεμϐρίῳ

266 2858 425 2923 μηνὶ,
459 2856 557 2909 καὶ
614 2857 852 2910 συνιέναι
908 2859 1059 2929 παρὰ
1117 2860 1215 2928 μὲν
1246 2861 1357 2921 τοῖς
1413 2864 1853 2933 μακαριωτάτοις

264 2949 645 3019 πατριάρχαις
680 2951 921 3012 ἐκείνους
966 2952 1095 3013 τοὺς
1139 2951 1269 3022 παρ’
1302 2952 1481 3005 αὐτῶν
1512 2971 1854 3024 χειροτονου-

265 3038 490 3107 μένους,
543 3040 617 3111 μὴ
666 3042 886 3110 ἔχοντας
930 3042 985 3094 δὲ
1032 3043 1244 3097 δίκαιον
1288 3044 1483 3107 ἄλλους
1520 3046 1855 3109 ἐπισκόπους

2048 588 2066 621 ι
2111 571 2326 643 negotio
2355 572 2534 639 liberi,
2569 573 2808 630 fraterne
2837 576 3225 646 corripiantur.
3270 595 3291 629 ι

2043 838 2235 894 BALS.
2261 838 2543 906 Quomodo
2574 848 2623 892 cl
2652 839 2871 905 quando
2912 840 3146 895 debeant
3195 842 3432 913 episcOpi
3479 847 3545 898 ad

1975 947 2105 987 suos
2133 931 2337 1002 primos
2362 930 2678 994 convenire,
2711 939 2763 983 ut
2787 930 2979 997 synodi
3011 931 3332 994 habeantur,
3374 942 3427 986 et
3454 948 3546 986 ec-

1967 1023 2285 1079 clesiastica:
2318 1021 2645 1092 qutesliones
2669 1022 2966 1084 solvantur,
3002 1023 3052 1074 in
3080 1022 3307 1076 diversis
3339 1038 3545 1091 praece-

1967 1116 2222 1172 dentibus
2247 1115 2547 1167 canonibtis
2579 1112 2777 1166 dictum
2811 1123 2916 1166 eet.
2956 1112 3094 1183 Lege
3120 1123 3172 1167 et
3197 1125 3357 1182 caput
3385 1125 3544 1168 oeta-

1964 1223 2088 1260 vum
2126 1206 2261 1261 tituli
2302 1205 2479 1260 octavi
2514 1204 2797 1275 praesentis
2825 1206 3025 1273 operis,
3058 1213 3111 1259 et
3155 1222 3275 1275 qua:
3302 1206 3373 1259 ibi
3406 1208 3546 1260 scri-

1964 1308 2052 1368 pti
2090 1308 2237 1353 sunt.
2265 1297 2514 1351 Prmsetis
2547 1305 2729 1350 autem
2754 1311 2927 1349 canon
2956 1295 3087 1348 nihil
3118 1296 3235 1365 plus
3260 1312 3421 1363 quam
3452 1298 3542 1349 alii

1967 1391 2121 1454 dicit,
2154 1399 2516 1459 praeterquam
2548 1397 2604 1441 ut
2655 1388 2822 1441 semel
2857 1386 2985 1441 [iant
3035 1388 3087 1441 iii
3129 1404 3270 1441 anno
3326 1390 3543 1458 synodi.

1968 1484 2108 1551 Lege
2141 1493 2195 1535 et
2230 1492 2439 1552 quarta:
2494 1480 2685 1549 synodi
2743 1495 2938 1534 canon.
2993 1479 3261 1533 decimum
3318 1496 3541 1545 nonum,

1965 1586 2012 1630 cl
2046 1576 2231 1645 prima;
2263 1572 2458 1643 synodi
2503 1587 2765 1626 canuiietu
2815 1573 3084 1637 quintum,
3130 1582 3183 1625 et
3233 1581 3543 1626 sanctorum

1967 1668 2329 1736 apostolorum
2360 1679 2625 1720 canonem
2674 1665 3012 1719 tricesimum
3045 1664 3356 1733 septimum.
3393 1663 3545 1717 Dicat

1969 1768 2148 1811 autem
2200 1773 2308 1810 non
2353 1769 2534 1819 nemo,
2592 1756 2732 1821 quod
2789 1769 2911 1808 cum
2966 1753 3202 1822 episeopi
3249 1755 3544 1821 quotannis

1964 1854 2102 1921 apud
2137 1850 2583 1921 metropolitanos
2616 1848 2911 1903 convenire
2944 1856 3229 1915 cogantur,
3266 1855 3543 1914 metropo-

1960 1945 2113 1999 litaui
2162 1944 2303 2012 apud
2344 1941 2709 2011 patriarcliam
2759 1939 3055 1994 convenire
3107 1952 3211 1991 non
3254 1951 3541 2007 cogentur.

1960 2035 2058 2091 Vel
2088 2035 2233 2089 enim
2273 2034 2347 2088 illi
2385 2034 2525 2103 apud
2561 2032 2928 2102 patriarcham
2960 2031 3307 2095 conveniunt,
3337 2042 3543 2100 etpro-

1960 2128 2270 2182 vincialium
2306 2126 2684 2195 episcoporum
2711 2124 2948 2193 synodos
2978 2137 3200 2177 cessare
3234 2138 3331 2176 usu
3368 2124 3536 2185 venit,

1959 2221 2043 2274 vel
2071 2235 2175 2273 non
2206 2221 2553 2279 conveniunt,
2584 2225 2637 2270 et
2669 2213 2990 2285 patriarcha:
3016 2214 3205 2283 synodi
3237 2229 3341 2266 non
3386 2215 3537 2268 fient.

1960 2316 2028 2369 Et
2056 2314 2168 2366 haec
2193 2312 2407 2380 quidem
2443 2309 2592 2363 dicat
2616 2307 2838 2375 aliquis,
2873 2306 3164 2361 verisimile
3195 2313 3298 2359 est.
3330 2306 3409 2358 Tu
3445 2322 3541 2358 an—

1961 2412 2067 2458 tem
2096 2403 2406 2473 diligentius
2442 2400 2557 2468 lege
2583 2409 2748 2470 caput
2804 2399 3124 2451 vicesimum
3183 2397 3322 2450 tituli
3378 2397 3537 2466 primi

1960 2494 2053 2549 lib.
2109 2494 2275 2558 tertii,
2314 2491 2430 2545 haec
2465 2507 2528 2545 ex
2565 2500 2716 2559 parte
2768 2488 2978 2544 dicens.
3005 2486 3332 2542 Omnimodo
3376 2505 3538 2542 unam

1959 2586 2227 2657 synodum
2251 2583 2543 2652 quotannis
2572 2579 2836 2635 celebrari
2868 2580 3188 2635 mandamus
3220 2580 3273 2634 in
3301 2597 3542 2650 unaqua-

1959 2694 2064 2749 que
2096 2676 2400 2746 proviticia,
2435 2673 2516 2727 vel
2562 2671 2724 2726 Junio
2759 2672 2841 2724 vel
2877 2671 3181 2739 Septembri
3231 2690 3438 2736 mense,
3487 2684 3541 2725 et

1961 2784 2055 2823 eos
2085 2767 2175 2834 qui
2216 2766 2281 2818 tib
2315 2765 2421 2818 illis
2453 2762 2798 2822 ordinantur,
2852 2762 2992 2815 alios
3034 2774 3213 2815 autem
3250 2764 3537 2833 epimpos

1958 2857 2247 2915 ordinandi
2271 2857 2359 2927 jus
2390 2871 2495 2908 non
2532 2854 2730 2907 habent
2753 2858 2894 2919 apud
2930 2854 3271 2908 beatissimos
3301 2857 3534 2924 patriar-

1959 2954 2092 3006 chas
2121 2951 2436 3004 convenire.
2472 2945 2625 3014 Apud
2659 2944 3102 3013 religiosissimos
3132 2955 3309 2999 autem
3339 2958 3537 3000 metro-

1962 3046 2234 3117 politauos
2282 3041 2543 3108 cujusque
2591 3038 2882 3108 provineim
2927 3038 3016 3105 qui
3068 3038 3136 3090 ab
3187 3039 3251 3093 iis
3298 3040 3535 3093 ordinati

262 3134 598 3202 χειροτονεῖν
625 3133 772 3204 (67)·
830 3134 978 3205 παρά
1021 3135 1075 3187 δὲ
1119 3138 1234 3198 τοῖς
1282 3137 1602 3200 ὁσιωτάτοις
1642 3154 1850 3209 μητρο-

1959 3147 2106 3195 sunt.
2135 3134 2273 3190 Nota
2307 3134 2468 3203 igitur
2493 3147 2559 3186 ex
2588 3132 2687 3185 hac
2717 3128 2940 3184 Novella
2971 3145 3132 3199 quam
3165 3132 3233 3185 ob
3268 3147 3378 3185 rem
3409 3147 3538 3201 pro-

1468 3248 1676 3314 Guill.
1722 3252 2056 3332 Beveregii
2088 3257 2279 3311 noue.

333 3361 454 3432 (66)
478 3359 650 3432 Εἴποι
684 3355 751 3409 δέ
778 3373 888 3421 τις.
922 3356 1046 3432 Πςεε
1072 3372 1246 3423 usque
1269 3356 1333 3410 ad
1362 3356 1519 3432 linem
1543 3356 1729 3432 “hujus
1764 3361 1851 3413 in.

264 3426 688 3503 terbretationis
719 3427 1135 3503 nuncpriniuin
1192 3443 1257 3481 ex
1292 3443 1397 3503 ius.
1443 3426 1771 3503 Bodleiano_
1798 3432 1850 3483 in

264 3495 453 3557 luc'em
489 3498 678 3553 Graece
710 3497 1040 3565 emittimus.
1064 3495 1262 3565 Graace
1292 3496 1536 3564 inquam,
1583 3502 1727 3565 nam;
1752 3499 1854 3553 La-

261 3575 383 3626 tine
404 3569 639 3623 antehac
673 3567 727 3619 in
747 3564 995 3619 Gulielmi
1026 3564 1228 3619 Morelii
1256 3566 1494 3621 editione
1516 3568 1660 3621 edita
1696 3564 1847 3623 sunt.

262 3639 585 3708 Quinetiam
621 3638 675 3689 in
712 3650 813 3689 ms.
846 3635 1281 3708 Amerbai-hiano
1336 3636 1613 3708 leguntur,
1657 3647 1850 3693 eodem

264 3707 456 3773 modo,
485 3722 591 3777 quo
614 3708 666 3758 in
695 3715 923 3772 nostro;
958 3707 1061 3760 nisi
1090 3708 1234 3776 quod
1270 3722 1367 3775 pro
1412 3707 1736 3777 ἀπράκτους
1769 3710 1844 3763 ibi

264 3782 510 3852 lcgnturi
542 3777 868 3852 ἀπρακτεῖν.

331 3842 453 3920 (67)
488 3848 583 3912 Μὴ
616 3842 986 3920 ἔχοντας’-δὲ
1032 3845 1269 3920 δίκαιον
1320 3844 1552 3912 ἄλλους
1605 3846 1851 3920 enim.

263 3913 839 3986 ποὺςχειροτονεῖν.
875 3915 1095 3969 Etiamsi
1128 3916 1241 3968 hinc
1292 3925 1554 3971 constans
1606 3919 1679 3971 sit.
1738 3918 1844 3973 loci

266 3992 507 4059 hujusce
540 3986 725 4047 lectio,
761 4000 867 4038 non
906 3986 1068 4059 modo
1101 3985 1445 4059 inmunibus
1496 3987 1837 4059 Balsamonis

264 4054 554 4115 codicibus
592 4071 727 4110 mss.
756 4070 941 4109 verum
974 4056 1136 4108 etiam
1169 4056 1221 4108 in
1259 4057 1375 4124 ipsa
1405 4054 1703 4110 Justiinani
1736 4073 1837 4112 no-

269 4131 416 4185 vella
440 4126 542 4181 137
578 4140 702 4193 cap.
733 4124 788 4187 4,
815 4127 956 4179 unde
977 4124 1029 4177 in
1065 4123 1297 4179 Basilica
1327 4140 1355 4177 a
1398 4124 1724 4182 Balsamone
1767 4131 1845 4180 ei-

267 4212 385 4254 tata
422 4204 634 4251 relatus
662 4207 744 4248 est
767 4194 881 4263 (sed
916 4195 1166 4248 lioilieibi
1195 4209 1301 4247 non
1331 4198 1553 4265 exstat),
1593 4197 1844 4264 suspicor

268 4280 461 4323 tamen
492 4266 752 4320 mendum
779 4266 831 4317 iii
856 4280 975 4319 eum
1009 4265 1315 4331 irrepsisse.
1345 4264 1507 4318 Juxta
1535 4268 1675 4319 hanc
1696 4268 1841 4320 enim

270 4339 572 4394 lectionem
606 4335 818 4402 iussum
850 4342 934 4405 est
960 4333 1027 4387 ab
1060 4333 1441 4405 imperatore,
1478 4345 1537 4388 ut
1580 4337 1721 4403 apud
1750 4353 1843 4405 pa-

272 4409 553 4463 triarchas
578 4405 843 4474 cujusque
871 4404 1174 4474 dimceseos
1205 4404 1448 4473 episcopi
1502 4405 1569 4459 ab
1600 4407 1669 4460 iis
1697 4404 1845 4460 ordi-

273 4478 419 4540 nati,
457 4487 510 4532 et
545 4473 771 4544 quinon
803 4473 1113 4539 liabentjus
1154 4475 1293 4526 alios
1352 4475 1641 4544 epist-opos
1694 4475 1847 4529 ordi-

277 4547 468 4609 nandi,
494 4545 793 4614 quotannis
823 4546 1153 4614 conveniant
1173 4559 1188 4607 ;
1208 4546 1449 4611 episeOpi
1477 4557 1659 4597 autem
1700 4547 1845 4614 apud

276 4632 419 4671 suos
448 4613 924 4681 inetropolitanos.
962 4613 1252 4665 Enimvero
1284 4616 1502 4679 quinam
1534 4615 1608 4668 illi
1633 4613 1847 4683 episco-

277 4690 329 4755 pi
374 4701 501 4741 esse
529 4684 900 4755 possunt,qui
930 4700 956 4735 a
1011 4683 1366 4755 patriarchts
1398 4685 1633 4755 ordinati
1690 4696 1844 4749 sunt,

279 4753 332 4809 ιιι
356 4753 543 4808 tamen
565 4755 701 4807 alios
716 4754 1001 4821 episcopos
1034 4753 1322 4804 ordinandi
1353 4754 1442 4821 jus
1469 4769 1575 4806 non
1608 4754 1845 4807 habent:

282 4825 346 4880 lat
386 4836 646 4895 prmterea
682 4826 903 4890 quinam
935 4839 1000 4875 ex
1035 4823 1170 4889 lege,
1214 4833 1319 4873 tam
1378 4822 1642 4895 canonica
1683 4840 1844 4890 quam

281 4893 454 4957 civili,
491 4893 635 4964 apud
682 4895 1022 4964 patriarchas
1060 4895 1356 4945 convenire
1387 4894 1609 4964 debent,
1650 4903 1847 4960 praeter

286 4962 789 5034 metropoiitaiios?
831 4962 901 5015 At
925 4978 1116 5015 omnes
1165 4963 1593 5031 metropolitani,
1629 4978 1696 5016 eo
1730 4964 1848 5031 ipso

286 5033 529 5096 nomine,
565 5033 707 5103 quod
743 5040 872 5086 sunt
902 5033 1333 5103 metropolitani.
1358 5034 1498 5085 alios
1551 5034 1846 5101 episcopos

287 5099 923 5172 ordinandi'potcstatcm
961 5103 1180 5154 habent.
1227 5099 1343 5153 Non
1387 5118 1471 5153 me
1506 5099 1659 5166 latet,
1705 5099 1843 5155 noti~

288 5174 471 5229 nullos
504 5174 675 5227 fuisse
705 5172 1145 5240 archiepiscopus
1176 5181 1230 5224 et
1253 5172 1724 5238 inetrOpolitanos,
1753 5174 1844 5240 qui

291 5250 471 5299 nullos
499 5244 602 5297 sibi
638 5244 912 5311 subjectos
930 5256 1223 5309 episeopos
1264 5242 1611 5308 habuerunt;
1659 5258 1847 5296 verum

287 5313 613 5376 Iustiniani,
645 5327 674 5365 a
698 5327 805 5381 quo
830 5319 914 5364 est
959 5312 1070 5362 lltBC
1105 5311 1335 5376 novella,
1370 5313 1706 5376 temporibus
1740 5314 1848 5365 liu-

284 5385 530 5452 jusniodi
580 5382 1117 5450 archieSpicoporuin
1174 5390 1227 5434 et
1279 5382 1846 5448 inetrop.ilitanorum,

290 5456 491 5523 quibus
523 5454 657 5507 nulli
695 5454 959 5506 suberant
1006 5453 1247 5523 episcopi
1304 5452 1563 5519 dignitas,
1602 5454 1846 5505 nondum

293 5521 545 5578 instituta
574 5530 716 5584 erat,
751 5523 843 5577 sed
874 5536 903 5573 a
956 5521 1352 5590 pesterioribus
1422 5522 1849 5590 imperatoribus

291 5596 604 5649 intraﬂucta
645 5602 749 5647 est.
798 5590 1045 5660 Episcopi
1100 5602 1283 5644 autem
1330 5592 1507 5653 Derci,
1560 5592 1847 5656 Messenae,

295 5664 643 5733 Paiii,Apri,
711 5678 739 5715 a
787 5662 1106 5715 Balsamonc
1160 5663 1227 5714 ad
1277 5676 1430 5714 suam
1495 5664 1847 5717 astruendam

296 5737 605 5804 opinionem
652 5734 1082 5804 commemorati,
1116 5746 1216 5804 nec
1272 5733 1671 5802 archiepiscOpi
1724 5748 1851 5801 pro-

297 5803 411 5869 prie
441 5812 623 5869 erant,
648 5818 750 5859 nec
776 5803 1203 5871 metropolitani,
1231 5804 1325 5857 sed
1377 5807 1616 5873 episcopi
1686 5805 1849 5855 αὺτο-

1959 3356 2214 3426 κέφαλοι,
2248 3362 2388 3407 iitcx
2422 3350 2537 3419 ipsa
2566 3351 2984 3426 episcopatuiim
3016 3352 3224 3426 notitiai
3260 3362 3475 3426 constat
3518 3375 3530 3411 :

1960 3422 2054 3495 qui
2088 3426 2320 3496 proinde
2352 3436 2453 3475 nec
2485 3436 2512 3473 a
2539 3422 2848 3496 patriarcha
2878 3423 3067 3489 aliquo
3099 3424 3348 3496 ordinati
3380 3433 3533 3482 sunt.

1960 3492 2168 3553 Vereor
2188 3495 2395 3564 itaque,
2423 3507 2490 3545 ne
2519 3492 2592 3564 μὴ
2620 3492 2721 3544 hoc
2752 3492 2870 3544 loco
2901 3507 2998 3560 pro
3025 3493 3119 3544 καὶ
3148 3494 3408 3549 mendose
3439 3510 3537 3564 po-

1961 3579 2160 3632 natur;
2192 3574 2250 3617 iit
2286 3561 2492 3635 sensus
2522 3561 2613 3624 sit,
2654 3575 2750 3615 eos
2773 3564 2922 3635 apud
2953 3564 3290 3635 patri_arclias
3344 3564 3396 3617 iti
3440 3561 3534 3635 sy-

1960 3638 2106 3693 nodo
2134 3634 2431 3705 quotannis
2448 3632 2783 3705 congregari
2809 3632 3020 3705 Adehcre
3036 3702 3044 3705 _
3060 3633 3383 3705 Episcopos.
3439 3632 3532 3703 qui

1958 3710 2025 3762 ab
2058 3702 2187 3775 ipsis
2222 3703 2457 3775 ordinati
2477 3710 2617 3765 sunt,
2655 3711 2703 3754 et
2762 3703 2923 3775 alios
2949 3702 3236 3755 ordinandi
3263 3702 3532 3772 episcopos

1948 3780 2041 3848 jus
2073 3773 2287 3842 habent,
2328 3774 2449 3848 _l_ioc
2471 3781 2581 3848 est,
2636 3773 3224 3848 metropolita-nos,q_ui
3276 3784 3330 3828 et
3357 3790 3387 3828 a
3441 3791 3536 3844 pa-

1958 3843 2216 3902 ti-iarcliis
2245 3843 2482 3897 ordinati
2519 3850 2674 3912 sunt2
2706 3849 2760 3895 et
2792 3844 2894 3911 ipsi
2929 3843 3065 3896 alios
3088 3846 3382 3912 episc0pos
3426 3843 3522 3898 0r-

1955 3919 2239 3971 dinariint.
2271 3914 2361 3969 Sic
2390 3913 2610 3982 quidem
2650 3910 2879 3968 Pliotiiis
2910 3910 3135 3982 legisse'
3171 3915 3405 3981 videtur,
3450 3930 3518 3968 eo

1951 3988 2099 4058 quod
2128 3989 2269 4058 hanc
2292 3985 2454 4038 etiam
2484 3982 2751 4058 novellam
2786 3985 3050 4058 producat
3081 3982 3149 4058 ad
3188 3986 3530 4058 probandum

1946 4050 2499 4126 metropolitanorum
2538 4050 2782 4126 synodos
2817 4053 2959 4120 apud
2994 4050 3391 4126 patriarcham,
3419 4057 3530 4124 epi-

1946 4121 2240 4197 se0porum
2275 4121 2419 4197 apud
2452 4123 2907 4197 metropolitanos
2943 4124 3290 4197 perageiidas
3348 4121 3475 4197 esse
3512 4140 3528 4188 ;

1944 4191 2195 4264 γενέσθαι
2225 4191 2474 4264 συνόδους
2504 4191 2919 4264 μητροπολιτῷν
2943 4191 3231 4261 παραίτοίς
3261 4195 3534 4263 πατριάρ-

1942 4260 2087 4336 iam,
2120 4266 2215 4336 καὶ
2251 4263 2360 4315 τῶν
2388 4260 2705 4336 ἐπισκόπων
2739 4260 2890 4336 παρά
2919 4260 3524 4336 τοῖς-μητροπολίταις.

1949 4330 2113 4390 Phot.
2146 4334 2448 4402 Nouiocan.
2485 4332 2567 4384 tit.
2600 4330 2657 4391 8,
2683 4345 2819 4402 cap.»
2858 4331 2911 4384 8.
2956 4331 3061 4385 Sed
3100 4348 3167 4385 ne
3199 4333 3328 4399 quid
3359 4333 3526 4386 dissi—

1954 4400 2251 4466 tnuletiius,
2291 4403 2395 4455 hoc
2422 4405 2614 4453 saltem
2645 4415 2744 4469 pro
2775 4400 2945 4453 altera
2970 4408 3023 4454 et
3047 4401 3256 4469 vulgari
3294 4403 3530 4455 lectione

1878 4494 1927 4552 ι)
1955 4476 2063 4552 dici
2092 4483 2288 4552 potest,
2343 4470 2490 4552 quod
2518 4468 2671 4552 jirztta
2701 4485 2821 4552 eain
2875 4470 3115 4552 episcopi
3152 4468 3527 4552 stiliraganei,

1954 4546 2070 4599 sive
2092 4539 2485 4613 'provineiales
2516 4540 2857 4613 patriarcha;
2877 4542 3134 4608 alicujus,
3164 4539 3370 4613 quibus
3418 4554 3525 4593 noii

1953 4616 2058 4669 sub
2085 4611 2413 4683 patriarcha:
2443 4612 2538 4683 sed
2572 4611 2977 4683 metropolitani
3031 4612 3249 4683 nomine
3307 4620 3527 4678 praeest,

1951 4680 2102 4755 apud
2118 4699 2243 4738 eum
2281 4680 2581 4735 convenire
2611 4681 2806 4755 debent
2842 4698 2855 4733 :
2890 4680 2945 4732 lii
2975 4681 3119 4755 enim
3158 4682 3231 4755 ab
3270 4695 3335 4732 eo
3401 4684 3525 4755 (μήτ

1951 4750 2075 4809 dein
2116 4762 2378 4820 tanquam
2408 4765 2438 4802 a
2472 4751 2891 4818 metropolitano
2937 4750 3171 4803 ordinati
3223 4758 3373 4813 sunt,
3429 4751 3526 4803 sed

1952 4826 2091 4878 alios
2119 4832 2302 4878 tamen
2354 4821 2663 4888 episcopos,
2722 4821 3269 4888 metropolitanoruiit
3346 4836 3525 4882 more,

1951 4892 2249 4948 ordinandi
2283 4898 2609 4960 potestatein
2640 4905 2747 4942 non
2797 4890 3020 4943 habent.
3073 4891 3138 4942 Et
3162 4891 3277 4956 ipse
3301 4891 3521 4957 quidem

1949 4963 2297 5018 Justinianus
2325 4961 2452 5013 huic
2481 4960 2918 5027 interpretationi
2949 4961 3135 5012 favere
3168 4960 3405 5019 videtur,
3434 4960 3524 5011 ubi

1951 5032 2008 5087 in
2038 5035 2210 5087 altera
2234 5031 2445 5084 novella
2468 5030 2617 5096 jubet
2650 5044 3063 5098 unumquemque
3080 5028 3288 5081 beatum
3322 5030 3527 5081 archie-

1950 5105 2220 5172 piscopum
2251 5110 2299 5154 et
2333 5098 2717 5172 patriarcha)»,
2756 5110 2803 5172 et
2830 5099 3221 5172 metropolitani
3251 5101 3529 5172 sanctissi-

1954 5169 2064 5226 mos
2096 5169 2363 5240 episcopos
2400 5169 2492 5221 sub
2531 5184 2584 5219 se
2619 5170 2932 5220 constitutos
2956 5172 3008 5220 in
3039 5169 3219 5240 eadem
3254 5171 3528 5235 provincia

1957 5239 2241 5297 semel’aut
2278 5240 2508 5294 secundo
2535 5241 2892 5307 per'singulos
2926 5256 3094 5291 annos
3128 5239 3195 5290 ad
3226 5255 3281 5292 se
3330 5254 3526 5291 convo-

1952 5328 2100 5370 care.
2127 5311 2330 5366 Justin.
2353 5308 2543 5362 Novel.
2568 5308 2693 5372 123,
2716 5326 2837 5377 cap.
2864 5309 2952 5363 10.
2984 5310 3263 5373 Hicenim,
3295 5317 3353 5362 ut
3381 5310 3532 5361 vide-

1955 5399 2013 5437 re
2046 5393 2152 5446 est,
2182 5396 2290 5434 non
2347 5382 2529 5434 solum
2588 5380 2983 5448 archiepiscopi
3036 5390 3089 5432 et
3146 5379 3531 5448 nietropolittr,

1952 5454 2050 5507 sed
2077 5467 2128 5507 et
2159 5452 2484 5520 patriarcha}
2514 5449 2797 5517 episcopos
2818 5447 3020 5503 habent
3040 5449 3143 5503 sub
3167 5463 3224 5501 se
3257 5450 3310 5501 iii
3336 5447 3529 5502 eadem

1954 5522 2238 5590 provincia
2276 5522 2634 5581 constitutos,
2666 5534 2807 5587 quos
2836 5520 2902 5573 ad
2925 5520 3193 5590 synodum
3226 5529 3533 5590 convocare

1954 5588 2175 5648 debent.
2215 5590 2281 5644 Et
2312 5591 2395 5644 sic
2424 5590 2644 5659 quidem
2679 5588 2985 5651 Romanus,
3027 5588 3426 5659 Antioclienns,
3478 5594 3533 5659 ct

1952 5663 2362 5718 Alexandrinus
2393 5655 2747 5725 habuerunt;
2786 5662 2879 5714 sed
2912 5675 3020 5711 non
3053 5660 3181 5711 item
3209 5655 3534 5711 Constanti-

1952 5734 2304 5801 nopolitantis
2358 5743 2412 5785 et
2438 5729 2991 5801 lliet‘osolytnitaiius.
3026 5728 3109 5781 Illi
3139 5731 3534 5801 cnim_metro-

1954 5796 2179 5873 poiitani
2208 5804 2530 5872 priusquam
2579 5796 2908 5871 patriarchae
2937 5797 3187 5871 -l'ueruut
3216 5814 3230 5854 :
3260 5796 3312 5850 iii
3341 5803 3523 5849 autem
