3940 6480
333 235 439 304 547

1614 233 1892 296 ΤΠΕΟῘ),
1926 232 2350 296 BALSAMON.

3503 237 3616 303 5-18

332 349 594 406 vinciales
628 347 949 420 patriarcha:
1005 345 1589 415 Constantinopolitani
1631 357 1906 411 vocantur,

2029 346 2279 410 πολίταις
2308 345 2546 417 ἑκάστης
2575 346 2844 418 ἐπαρχίας
2873 348 2997 412 τοὺς
3027 348 3116 401 ὑπ’
3150 349 3332 402 αύτῶν
3367 368 3617 422 χειροτο-

331 443 782 512 archiepiscopus
814 442 990 507 Derci,
1029 439 1312 505 Messana},
1347 439 1515 505 Parii,
1551 440 1701 505 Apri,
1739 448 1793 493 et
1825 439 1914 491 alii

331 537 578 590 nonnulli
611 535 1004 603 archiepiscopi
1033 543 1086 585 et
1109 532 1532 601 metropolitani,
1559 531 1753 599 quibus
1783 531 1914 586 nulli

333 631 564 684 subsunt
600 628 862 698 episcopi.
899 627 978 680 llli
1014 629 1156 679 enim
1188 636 1241 680 ct
1293 625 1392 679 soli
1436 626 1501 678 ad
1547 624 1912 693 patriareham

342 721 504 772 semel
537 717 831 787 quotannis
864 717 1158 770 convenire
1189 714 1608 785 compelluntur.
1656 713 1911 782 Reliquas

332 819 514 860 autem
557 822 752 861 causas
788 809 854 860 ab
912 805 1030 859 aliis
1074 806 1268 859 allatas
1322 819 1388 860 ne
1438 806 1712 859 admittas.
1766 803 1911 871 Lege

330 911 384 954 et
426 899 586 952 tinem
626 900 754 952 dicti
799 897 1044 967 vigesitni
1091 898 1289 967 capitis
1343 897 1630 952 statuentis
1683 896 1912 951 summis

327 993 613 1063 suppliciis
689 991 1058 1060 subjiciendos
1122 1007 1242 1045 esse
1300 991 1594 1061 prmsulcs.
1659 991 1748 1061 qui
1799 991 1915 1059 epi-

327 1102 522 1157 scopos
554 1085 861 1154 huiusmodi
908 1085 1189 1139 celebrare
1227 1084 1465 1156 synodos
1503 1100 1608 1137 non
1663 1084 1909 1151 compel-

326 1178 466 1234 lunt.

2029 440 2346 508 νουμένους.
2379 439 2699 508 Σημείωσαι
2742 435 2840 493 οὖν
2889 440 2998 493 ἀπὸ
3042 442 3242 512 ταύτης
3276 442 3375 512 τῆς
3407 447 3637 517 νεαρᾶς

2025 534 2123 604 τὴν
2173 534 2372 599 αἰτίαν,
2423 535 2490 587 δι’
2535 536 2600 604 ἣν
2646 535 2893 603 λέγονται
2946 538 3293 608 ἐπαρχιῶται
3349 538 3443 592 τοῦ
3497 559 3615 594 πα-

2023 624 2283 696 τριάρχου
2316 628 2943 692 Κωνσταντινουπόλεως
2963 631 2990 682 6
3019 631 3250 700 Δέρκου,
3271 633 3298 684 6
3323 633 3614 702 Μεσήνης,

2021 719 2049 770 6
2089 719 2312 790 Παρίου,
2345 721 2373 772 6
2405 721 2642 790 Ἀπρου,
2682 723 2776 775 καὶ
2807 722 2958 776 ἄλλοι
2999 724 3143 787 τινὲς
3179 724 3618 794 ἀρχιεπίσκοποι

2024 810 2122 864 καὶ
2175 811 2570 882 μητροπολῖται
2618 812 2694 883 μὴ
2747 813 2964 884 ἔχοντες
3024 816 3388 878 ἐπισκόπουςο
3454 809 3614 870 οὗτοι

2025 902 2134 971 γὰρ
2163 902 2569 970 ἀναγκάζονται
2610 906 2703 956 καὶ
2743 907 2893 974 μόνοι
2940 906 3091 977 παρὰ
3140 907 3217 977 τῷ
3287 909 3616 979 πατριάρχῃ

2023 991 2168 1060 ἅπαξ
2201 993 2454 1047 ἐνιαυτοῦ
2506 995 2899 1066 συνέρχεσῦαι’
2946 998 3046 1061 τὰς
3079 998 3136 1052 δὲ
3181 998 3376 1062 λοιπάς
3424 1000 3620 1063 αίτίας

2019 1088 2171 1156 παρά
2201 1105 2365 1140 τινων
2414 1088 2713 1160 λεγομένας
2759 1090 2835 1161 μὴ
2870 1091 3208 1161 παραδέχου.
3260 1093 3615 1160 Ἀνάγνωσυν

2019 1178 2206 1232 καὶτὸ
2251 1179 2405 1239 τέλος
2449 1181 2545 1234 τοῦ
2580 1181 2839 1252 ῥηθέντος
2890 1188 2938 1235 κ’
2979 1184 3172 1252 κεφαλ.
3235 1184 3617 1256 διοριζομὲνου

326 1273 566 1345 ἐσχάτας
612 1273 885 1344 τιμωρίας
928 1273 1259 1343 ὑφίστασθαι
1311 1275 1437 1338 τοὺς
1474 1273 1742 1345 ἄρχοντας
1785 1272 1912 1338 τοὺς
1953 1274 2028 1344 μὴ
2058 1276 2578 1342 καταναγκάζοντας
2615 1277 2741 1338 τοὺς
2773 1275 3108 1340 ἐπισκόπους
3176 1275 3278 1340 τὰς
3345 1276 3615 1340 τοιαύτας

330 1369 585 1432 συνόδους
619 1371 819 1423 ποιεῖν.

399 1459 660 1516 ZONAR.
728 1461 882 1527 Quod
934 1460 1253 1531 apostolicis
1310 1471 1469 1515 antea
1531 1459 1912 1531 synodicisque

329 1555 633 1607 canonihus
671 1565 890 1608 cautum
935 1551 1132 1618 fuerat,
1171 1555 1282 1608 haec
1319 1569 1534 1622 quoque
1561 1554 1797 1623 synodus
1826 1568 1911 1607 rc-

331 1653 524 1699 novata
556 1646 945 1700 constitutione
979 1645 1243 1709 decrevit,
1283 1659 1369 1711 ac,
1406 1656 1462 1698 ut
1491 1645 1717 1714 singulis
1752 1647 1912 1700 annis

330 1738 382 1790 in
419 1753 744 1809 unaquaque
778 1739 1051 1807 provincia
1083 1741 1318 1810 synodus
1356 1739 1665 1804 haberetur,
1695 1738 1864 1794 edixit
1891 1757 1906 1806 ;

330 1826 466 1882 adeo
501 1836 556 1881 ut
580 1829 724 1882 omni
759 1829 938 1893 modo,
971 1829 1072 1882 hoc
1096 1837 1180 1883 est
1207 1828 1353 1884 nullo
1385 1843 1560 1883 causa!
1587 1828 1909 1900 cujusquam

332 1923 558 1974 obtentu
635 1921 1196 1990 tergiversationeqne
1254 1921 1491 1976 admissa
1566 1921 1808 1991 synodus
1856 1920 1911 1974 in

329 2025 650 2080 unaquaque
681 2010 958 2079 provincia
984 2011 1151 2065 semel
1183 2010 1473 2078 quotannis
1501 2009 1765 2064 habeatur
1791 2023 1914 2078 pro-

329 2111 448 2172 pter
473 2114 813 2172 emergentes
854 2103 1012 2172 167
1047 2103 1101 2156 in
1132 2101 1370 2156 Ecclesia
1405 2100 1782 2165 diliicultates;
1833 2101 1914 2154 id-

328 2211 432 2264 que
457 2211 484 2247 a
527 2195 666 2249 festo
700 2193 984 2250 Paschalis
1014 2194 1081 2249 ad
1114 2194 1275 2248 linem
1307 2207 1478 2263 usque
1514 2194 1713 2248 mensis
1749 2191 1914 2248 Octo-

332 2287 621 2344 bris.'Sed
654 2288 720 2342 de
765 2288 850 2342 his
907 2287 1075 2342 fusius
1135 2287 1189 2341 in
1243 2286 1584 2357 superiorum
1643 2300 1911 2341 canonum

327 2381 688 2450 explicatione
729 2380 1103 2436 disseruimus.

331 2559 557 2615 ARIST.
616 2578 633 2611 ι
675 2559 1120 2628 Quandoquidem
1170 2559 1254 2614 bis
1307 2559 1529 2630 nequit,
1557 2558 1723 2612 semel
1753 2568 1915 2628 quot-

409 2672 427 2704 ι
467 2652 625 2708 annis
697 2652 888 2706 saltem
925 2651 1230 2706 celebretur
1251 2653 1508 2722 synodus,
1543 2651 1683 2705 inter
1705 2649 1914 2706 Pascha

408 2768 428 2802 ‹
463 2761 517 2806 et
557 2764 795 2804 mensem
838 2747 1152 2803 Octobrem.
1198 2766 1216 2799 ι

404 2841 631 2912 Propter
684 2838 1028 2894 difﬁcultates
1089 2838 1363 2909 episc0pis
1441 2837 1793 2902 accidentes,
1860 2843 1915 2891 et

333 2935 696 2991 Barbarorum
744 2931 1114 2994 incursiones,
1167 2931 1443 2986 decretqu
1477 2932 1543 2988 de
1578 2930 1790 3003 synodo
1828 2929 1913 2985 bis

2093 1455 2342 1510 ΖΩΝΑΡ.
2389 1453 2495 1506 Καὶ
2549 1454 2599 1506 ot
2649 1453 2783 1506 θεῖοι
2833 1453 3122 1508 ἀπόστολοι
3171 1455 3265 1508 καὶ
3306 1457 3363 1510 αἱ
3397 1456 3618 1528 προλαο

2019 1548 2217 1602 ϐοὖσαι
2271 1545 2478 1599 σύνοδοι
2522 1548 2650 1616 περὶ
2683 1545 2795 1599 τῶν
2847 1547 3080 1616 ἐτησίων
3119 1547 3324 1600 τούτων
3373 1549 3624 1613 κανόνας

1945 1639 2292 1739 Βέξέοεντο,
2347 1637 2441 1691 καὶ
2492 1638 2524 1708 ὴ
2579 1637 2795 1701 σύνοδος
2829 1637 2969 1708 αὕτη
3024 1637 3172 1704 ἅπαξ
3218 1639 3310 1692 τοῦ
3352 1639 3616 1695 ἐνιαυτοῦ

2020 1731 2266 1802 γίνεσθαι
2328 1729 2584 1793 συνόδους
2641 1731 2698 1782 ἐν
2763 1733 2882 1793 ταῖς
2941 1729 3238 1802 ἐπαρχίαις
3295 1730 3614 1796 διετάξατο,

2015 1823 2318 1880 ἀνανεοῦσα
2397 1823 2527 1886 τοὺς
2573 1824 2862 1892 κειμένους
2920 1822 3048 1892 περὶ
3109 1821 3275 1876 αὐτοῦ
3337 1823 3614 1888 κανόνας,

2013 1917 2162 1985 ὥστε,
2195 1918 2260 1969 ἐκ
2300 1915 2502 1978 παντὸς
2535 1913 2765 1985 τρόπου,
2798 1913 2924 1967 ἀντὶ
2954 1911 3052 1967 τοῦ
3081 1914 3472 1985 ἀπαραιτήτως
3505 1913 3618 1968 καὶ

2013 2008 2467 2082 ἀπροφασίστως,
2505 2008 2651 2075 ἅπαξ
2678 2007 2770 2062 τοῦ
2801 2006 3052 2062 ἐνιαυτοῦ
3079 2009 3138 2060 ἐν
3191 2007 3396 2078 ἑκάστῃ
3427 2008 3614 2078 ἐπαρ-

2015 2105 2108 2175 χία
2140 2102 2390 2172 γίνεσθαι
2435 2101 2654 2156 σύνοδον
2694 2100 2785 2154 διά
2818 2102 2918 2159 τὰς
2977 2101 3365 2172 άναφυομένας
3407 2101 3616 2170 ἐκκλη-

2015 2197 2308 2258 σιαστικὰς
2346 2195 2548 2258 αἰτίας.
2588 2194 2841 2248 Γίνεσθαι
2882 2193 2940 2247 δὲ
2972 2193 3178 2264 ταύτην
3211 2194 3319 2247 ἀπὸ
3363 2193 3456 2247 τοῦ
3488 2193 3615 2247 Πά-

2016 2305 2212 2359 σχατος
2239 2288 2432 2358 μέχρις
2457 2286 2580 2340 ὅλου
2611 2284 2704 2338 τοῦ
2749 2285 3084 2356 ὐκτωὸρίου
3125 2286 3314 2356 μηνός.
3353 2287 3610 2359 Ἐγράφη

2015 2379 2070 2432 δὲ
2103 2379 2232 2450 περὶ
2269 2376 2463 2430 τούτου
2510 2374 2850 2448 πλατύτερον
2873 2378 2930 2431 ἐν
2964 2380 3078 2442 τοῖς
3111 2377 3444 2448 προλαῦοὗσι
3501 2395 3614 2431 κα-

2015 2469 2182 2525 νόσιν.

2017 2559 2238 2616 ΑΡΙΣΤ.
2277 2579 2297 2613 ‹
2338 2562 2494 2619 Ἐπεὶ
2523 2562 2598 2636 μὴ
2623 2561 2705 2627 δὶς
2733 2560 2978 2628 δυκατὸν,
3006 2562 3154 2627 ἅπαξ
3187 2561 3416 2616 ἑκάστου
3445 2561 3612 2624 ἔτους

2093 2669 2111 2700 ι
2145 2649 2380 2719 γινέσοω
2436 2652 2652 2716 σύνοδος
2717 2651 2883 2724 μέσον
2945 2650 3040 2705 τοῦ
3104 2652 3292 2722 Πάσχα
3338 2655 3431 2706 καὶ
3501 2649 3611 2705 τοῦ

2093 2760 2112 2794 ι
2152 2742 2482 2815 Ὀκτωόρίου
2518 2744 2706 2814 μηνός.
2755 2763 2775 2796 ι

2087 2838 2187 2891 Διὰ
2231 2839 2325 2902 τὰς
2356 2838 2806 2910 προσπιπτούσας
2854 2837 3171 2908 δυσχερείας
3221 2839 3332 2900 τοῖς
3375 2835 3613 2890 ἐπισκό-

2018 2949 2141 2995 ποις
2167 2931 2390 2988 καὶτὰς
2422 2931 2531 2986 τῶν
2588 2931 2882 3002 βαρϐάρων
2933 2931 3233 3002 ἐπιδρομὰς
3264 2931 3324 2984 τὸ
3378 2930 3458 2995 δὶς
3503 2928 3610 2983 τοῦ
3667 2935 3670 2938 ’

332 3025 624 3096 quotannis
657 3022 982 3078 celebrando
1018 3038 1044 3074 a
1075 3023 1328 3093 praesenti
1380 3038 1588 3078 canone
1632 3021 1906 3078 contrahi-

2019 3022 2173 3085 ἔτους
2205 3021 2451 3090 γίνεσθαι
2478 3021 2697 3074 σύνοδον
2723 3021 2827 3074 ὑπὸ
2849 3020 2942 3075 τοῦ
2995 3021 3263 3092 παρόντος
3303 3020 3610 3090 συνεστάλη

331 3127 454 3186 tur;
487 3128 539 3174 et
580 3116 911 3181 decernitur,
948 3115 1115 3170 semel
1146 3115 1197 3170 in
1248 3115 1476 3184 singulis
1523 3116 1683 3172 annis
1729 3113 1916 3171 haberi

332 3212 596 3286 synodum
626 3209 768 3265 inter
801 3208 1010 3263 Pascha
1049 3217 1103 3262 et
1139 3224 1378 3263 mensem
1416 3207 1730 3264 Octobrem.

945 3383 1173 3442 CANON
1216 3387 1306 3442 IX.

338 3503 357 3536 ι
394 3482 534 3539 Nulli
565 3484 728 3540 licere
755 3481 966 3537 clerico
995 3481 1314 3550 cauponiam
1346 3480 1546 3537 habere
1600 3483 1904 3538 tabernam.

2027 3117 2268 3179 κανόνος.
2307 3117 2416 3170 Καὶ
2446 3115 2654 3189 ὡρίσθη
2683 3117 2830 3182 ἅπαξ
2857 3118 2942 3186 ἐφ’
2974 3119 3192 3190 ἑκάστῳ
3248 3117 3479 3187 ἐνιαυτῷ
3518 3115 3616 3185 γί-

2025 3207 2214 3261 νεσθαι
2267 3206 2486 3260 σύνοδον
2520 3205 2722 3276 μεταξὺ
2767 3207 2862 3260 τοῦ
2894 3208 3087 3278 Πάσχα
3120 3211 3214 3263 καὶ
3263 3208 3358 3263 τοῦ
3396 3209 3612 3262 Ὀκτω-

2024 3297 2179 3368 ϐρίου
2214 3297 2402 3368 μηνός.

2623 3391 2862 3445 ΚΑΝΩΝ
2899 3372 2988 3445 ’ὡς

2023 3500 2044 3534 ‹
2083 3483 2286 3554 Μηδενὶ
2310 3485 2510 3549 ἐξεῖναι
2549 3483 2797 3555 κληρικῷ
2830 3483 2943 3556 (68)
2976 3483 3281 3556 καπηλικὸν
3326 3486 3610 3556 ἐργαστή-

1550 3595 1756 3658 Guill.
1788 3598 2128 3678 Beveregii
2176 3606 2367 3661 notae.

334 3700 657 3768 priusquam
694 3697 877 3751 throni
909 3710 1099 3751 eorum
1129 3696 1194 3749 ad
1237 3697 1642 3768 patriarehatus
1672 3699 1903 3766 promoti

333 3767 485 3833 sunt,
521 3770 643 3822 aliis
666 3775 931 3837 perpetuo
979 3767 1434 3837 rmetropolitanis
1493 3769 1728 3836 subjecti
1787 3771 1907 3824 fue-

336 3851 484 3902 runt,
517 3836 1158 3906 Constantinopolimnus
1190 3837 1408 3905 quidem
1452 3837 1826 3904 lleracleensi,
1851 3847 1906 3893 et

331 3910 657 3964 Caesariensi
699 3909 1267 3976 llierosolymitanus;
1304 3923 1415 3977 quo
1467 3908 1668 3962 factum
1709 3918 1814 3971 est,
1845 3916 1904 3962 ut

331 3981 549 4033 etiamsi
589 3989 772 4047 postea
807 3978 1127 4044 patriarchae
1163 3977 1390 4044 fuerint,
1451 3980 1655 4032 nullam
1719 3989 1900 4033 tamen

335 4051 676 4115 provinciam
722 4049 1038 4107 habuerint,
1068 4050 1120 4101 in
1159 4063 1263 4119 qua
1312 4049 1773 4118 metropoliticatn
1805 4065 1903 4119 po-

337 4129 586 4189 testatem
618 4135 876 4172 exercere
904 4127 1172 4187 poterant.
1211 4117 1526 4183 Balsamon,
1560 4119 1758 4180 fateor,
1799 4117 1903 4174 hoc

335 4191 454 4243 loco
492 4190 712 4248 asserit.
745 4190 1033 4256 episcopos
1061 4189 1429 4254 supratlietos,
1467 4189 1646 4251 Derci,
1699 4189 1901 4245 Messe-

336 4277 438 4330 nae.
470 4258 632 4320 Parii,
670 4257 823 4328 Apri,
873 4260 1118 4324 aliosque
1159 4260 1509 4330 ἐπαρχιώτας
1549 4259 1643 4312 τού
1699 4276 1904 4330 πατριιέ

331 4329 500 4398 άρχου
524 4330 1151 4391 Κωνσταντινουπόλεως
1183 4330 1360 4385 dictos
1396 4329 1567 4385 fuisse
1604 4346 1618 4383 :
1648 4330 1742 4384 sed
1761 4329 1902 4383 haud

334 4400 498 4454 dubie
525 4416 738 4455 summe
783 4398 1238 4469 καταχρηστικῶς
1295 4401 1367 4453 ita
1428 4401 1681 4469 appellati
1735 4407 1900 4462 sunt;

331 4484 455 4523 cum
491 4471 804 4539 patriarcha
831 4469 1471 4537 Constantinopolitaous
1495 4472 1699 4523 nullam
1730 4471 1902 4540 ἐπαρ-

331 4541 455 4609 χίαν
525 4540 800 4604 habuerit,
852 4541 1050 4593 nedum
1084 4540 1207 4592 illos
1275 4541 1495 4606 proprie
1549 4539 1906 4608 ὲπαρχιώτας

332 4612 536 4664 habere
566 4611 761 4675 potuit,
816 4608 935 4674 qui,
973 4615 1029 4661 ttt
1093 4618 1220 4663 ante
1250 4611 1454 4663 dictum
1515 4617 1620 4673 est,
1673 4609 1906 4662 αὐτοκέ-

332 4680 491 4747 φα).οι
532 4680 775 4750 (uerunt.
810 4677 1123 4750 Quinetiam
1167 4680 1282 4748 ipse
1313 4678 1603 4733 Balsamon
1641 4679 1905 4750 indigitat

331 4750 467 4802 alias
501 4749 568 4802 ab
592 4749 714 4802 aliis
731 4749 889 4802 datas
921 4749 1090 4802 fuisse
1126 4752 1394 4814 rationes,
1422 4763 1592 4814 quare
1621 4748 1754 4802 dicti
1776 4748 1905 4818 'epi-

333 4820 482 4886 scopi
519 4818 862 4888 ὲπαρχιῶται
887 4819 1234 4888 provinciales
1264 4818 1593 4887 patriarcha
1622 4819 1902 4874 Constan-

333 4888 680 4956 ιίιιομοιὶιιιηί
715 4892 893 4943 vocati
919 4897 1049 4945 sunt
1080 4905 1095 4942 :
1140 4891 1285 4942 unde
1318 4898 1539 4944 constat
1571 4904 1754 4944 veram
1793 4904 1901 4945 non

332 4959 650 5014 constitisse
683 4959 974 5014 rationem.
1014 4958 1172 5024 Quod
1201 4961 1249 5015 si
1281 4960 1374 5014 isti
1405 4963 1457 5014 in
1488 4960 1793 5029 provincia,
1851 4962 1901 5016 ei

338 5029 692 5098 peculiariter
722 5038 983 5094 tanquam
1020 5030 1446 5099 metropolitano
1467 5029 1735 5096 subjecta,
1770 5045 1903 5084 con-

336 5100 513 5152 stituti
550 5099 798 5163 fuissent,
833 5099 966 5152 nihil
1023 5100 1173 5153 dubii
1239 5115 1362 5154 esse
1423 5101 1620 5168 potuit,
1677 5115 1777 5153 cur
1828 5102 1902 5154 ita

337 5170 882 5240 cognominarentur.
939 5169 1044 5222 Sed
1083 5179 1136 5222 et
1176 5169 1314 5223 nihil
1345 5173 1553 5224 certius
1600 5179 1704 5230 est,
1736 5187 1898 5240 quam

335 5254 429 5292 eos
469 5243 520 5290 in
551 5237 785 5310 diversis
818 5239 1114 5306 provinciis
1155 5242 1294 5296 sitos
1321 5257 1444 5296 esse
1476 5257 1491 5306 ;
1522 5256 1586 5296 ac
1615 5237 1901 5310 propterea

337 5308 700 5378 provinciales
734 5310 977 5379 episcopi
1027 5324 1219 5365 omnes
1279 5325 1470 5365 eorum
1518 5308 1730 5364 nemini
1777 5327 1902 5367 esse

335 5386 604 5448 poterant.
645 5381 794 5433 Adeo
827 5387 885 5431 ttt
916 5393 1259 5448 quacunque
1295 5383 1514 5436 (lentum
1543 5381 1708 5435 fuerit
1736 5383 1898 5445 ratio,

332 5465 432 5502 cur
463 5450 535 5501 ita
571 5448 908 5510 dicerentur,
952 5451 1064 5504 haec
1103 5452 1297 5504 saltem
1333 5468 1360 5504 a
1388 5451 1711 5507 Balsamone
1735 5468 1901 5506 exco-

333 5521 527 5587 gitata,
559 5520 704 5572 nulla
725 5531 848 5585 est;
883 5521 987 5574 nisi
1019 5519 1246 5574 forsitan
1288 5523 1705 5591 provincialium
1749 5523 1905 5576 adin-

333 5591 899 5661 starpcpiscoporutn,
968 5591 1046 5643 illi
1115 5591 1180 5644 ad
1233 5592 1900 5661 Coumantinopolitanutn

332 5659 703 5728 patriarcham
759 5662 1057 5729 quotannis
1093 5664 1386 5718 convenire
1416 5659 1898 5731 compellerentur;

2015 3701 2160 3779 quod
2189 3701 2479 3779 Balsamon
2516 3702 2987 3779 quidenrasserit,
3017 3707 3110 3762 sed
3162 3706 3465 3779 refragante
3493 3729 3591 3768 ve-

2016 3773 2119 3847 te_ri
2145 3773 2562 3847 episcopatuum
2597 3773 2812 3847 notitia,
2845 3777 2898 3831 in
2927 3793 3031 3847 qua
3063 3779 3153 3832 isti
3213 3773 3396 3835 throni
3429 3786 3592 3836 αὐτο-

2014 3842 2243 3911 κέφα).οι
2285 3845 2661 3896 nominantur.
2695 3842 2831 3897 Cum
2865 3842 3046 3901 autem
3113 3849 3444 3906 Patriarchze
3487 3853 3604 3912 Ro-

2014 3928 2229 3991 manus,
2253 3913 2679 3991 Alexandrinus,
2723 3922 2776 3967 et
2803 3914 3176 3991 Antiochenus
3208 3919 3592 3991 suﬂraganeo;

2013 3983 2128 4056 sive
2158 3985 2850 4056 provincialesepiscopos
2882 3989 3103 4056 proprie
3137 3992 3215 4042 sie
3261 3983 3442 4046 dictos
3487 3996 3596 4049 ha-

2014 4055 2258 4114 buerint,
2295 4068 2323 4106 a
2364 4069 2423 4107 se
2456 4054 2677 4123 quidem
2715 4054 3023 4120 ordinatos,
3063 4059 3157 4112 sed
3191 4061 3394 4114 nullam
3456 4065 3596 4123 alios

2012 4123 2302 4201 episcopos
2323 4121 2612 4201 ordinandi
2641 4131 2968 4201 potestatem
2992 4128 3286 4184 habentes:
3327 4131 3402 4184 illi
3432 4121 3593 4201 juxta

2012 4193 2446 4270 hancu_ov_ellatn
2483 4195 2690 4270 eosad
2745 4197 3014 4264 synodum
3076 4213 3384 4256 convocare
3432 4193 3600 4270 pete-

2013 4272 2156 4335 rant.
2193 4261 2302 4316 Sed
2341 4277 2462 4335 cum
2490 4260 2837 4335 Iustinianus
2880 4270 3178 4335 imperator
3207 4260 3598 4330 Constantino-

2015 4333 2120 4400 poli
2158 4334 2341 4386 sedem
2410 4331 2750 4398 itnperialem
2823 4331 3095 4399 habuerit,
3145 4339 3212 4394 ad
3246 4341 3383 4394 'etm
3449 4346 3594 4400 haud

2011 4403 2178 4474 dubie
2207 4417 2362 4471 aeque
2394 4416 2457 4474 ac
2483 4403 2549 4474 ad
2591 4403 2728 4457 alias
2762 4405 2920 4460 sedes
2943 4410 3342 4474 patriarchales
3401 4415 3454 4468 in
3488 4431 3594 4470 no-

2005 4473 2140 4526 vella
2170 4473 2274 4548 ista
2299 4471 2587 4548 condenda
2621 4477 2864 4548 respexit
2887 4493 2900 4529 :
2939 4471 3058 4544 qua:
3080 4492 3367 4548 propterea
3390 4483 3457 4537 de
3479 4500 3598 4540 me-

2013 4543 2367 4611 tropolitanis
2393 4544 2577 4611 potius
2613 4542 2679 4596 ad
2712 4542 3060 4610 patriarchas
3080 4542 3231 4604 'suds
3249 4557 3595 4609 convenien-

2004 4613 2097 4689 dis
2127 4612 2623 4689 intelligendacst.
2674 4611 2782 4689 sed
2815 4615 2888 4672 ita
2935 4615 3166 4686 intelligi
3204 4625 3416 4689 nequit,
3487 4626 3593 4682 nisi

2009 4683 2254 4751 vulgaris
2306 4687 2420 4737 haec
2491 4685 2656 4762 lectio
2718 4685 3076 4762 immutetur,
3119 4683 3595 4762 quandoquidem

2010 4768 2202 4837 omnes
2235 4755 2640 4837 metropolitaui
2670 4763 2798 4837 tunc
2837 4759 3102 4828 temporis
3128 4755 3266 4816 alios
3301 4755 3596 4837 episcopos

2007 4823 2429 4900 ort‘lir‘tand‘iAjus
2462 4823 2762 4900 habebant.

2077 4893 2192 4975 (ϐξ)
2211 4893 2430 4975 Μὴδενὶ
2461 4893 2684 4975 ἐξεῖναι
2701 4897 3338 4975 κληρικῷλῖοηβῑαηιίηἰ
3371 4902 3600 4975 Harme-

2004 4966 2190 5045 nopuli
2215 4971 2452 5045 epitome
2477 4965 2640 5045 hujus
2663 4969 2894 5045 canonis
2918 4971 2999 5045 sic
3025 4987 3085 5026 se
3106 4973 3290 5045 habet,
3317 4973 3596 5045 Κληρικὸς

2005 5034 2316 5116 ξαπηῖιωξδν
2351 5036 2733 5116 ἐργαστήριον
2765 5037 2932 5116 ἔχμωγ,
2968 5041 3000 5109 ἢ
3048 5034 3371 5116 παυσάσθω,
3395 5034 3453 5116 ἦ·
3490 5034 3596 5098 καὶ

2005 5104 2322 5177 θαιρείσϐω,
2358 5104 2616 5177 Clericus,
2643 5107 2732 5177 qui
2765 5104 3022 5176 oﬂt‘cinam
3055 5104 3439 5177 cauponariizn't
3492 5117 3594 5169 ha-

2007 5177 2108 5239 bet,
2139 5183 2231 5251 aut
2261 5175 2630 5251 desistat,__aut
2687 5175 3001 5251 depbnatur.
3053 5175 3298 5251 Inquam
3357 5186 3596 5239 scholia-

2006 5254 2120 5326 stes
2147 5247 2260 5326 haec
2286 5254 2467 5326 notat,
2496 5247 2917 5326 'Onctrptdt_pxq;_
2943 5247 3167 5326 Λουκᾶς
3189 5254 3283 5326 καὶ
3313 5256 3596 5326 μυρεψικά

2005 5317 2348 5397 ἐργαστήρια
2381 5316 2415 5387 ἦ
2451 5316 2655 5397 λρυτρὰ
2682 5316 2958 5397 πρόςτῶν
2995 5323 3277 5397 κληρικὼν
3313 5316 3592 5397 ζένέρῆτετ.

2007 5387 2442 5469 σθαιόπείρηκε
2466 5387 3334 5469 διὰ,σημεέιώματοςμὼςαίσχροῦ
3366 5387 3595 5469 κέρδους

2007 5464 2102 5509 καὶ
2129 5457 2369 5532 ψεύδους
2391 5457 2680 5532 παραίτια.
2716 5457 2932 5532 κωλύει
2963 5463 3020 5516 δὲ
3043 5465 3168 5528 τοὺς
3196 5457 3480 5532 δῖακόνούς
3511 5457 3596 5521 lat;

2006 5529 2205 5604 τρικῆς
2232 5528 2658 5604 ἀντιποιεῖσθαι,
2687 5531 2792 5604 καὶ
2833 5533 3130 5604 άφορισμῷ
3187 5528 3594 5604 καθυποϐάλλει

2006 5599 2132 5678 “iob;
2155 5601 2401 5678 κοσμικᾲ
2435 5599 2530 5650 καὶ
2559 5599 2795 5678 δημόσια
2827 5599 3245 5678 διενεργοῧντας
3271 5602 3589 5678 κληριιωύς.

2010 5668 2118 5720 Καὶ
2147 5668 2174 5719 6
2197 5670 2543 5739 πατριάρχης
2573 5671 2793 5740 Μιχαὴλ
2823 5675 2849 5726 6
2871 5668 2988 5728 τοῦ’
3007 5668 3317 5748 Ἃγχιάλου,
3345 5668 3592 5752 {coaptat}
