3940 6480
285 365 385 432 549

356 595 374 625 ι
412 571 621 639 πηλείῳ
652 569 755 621 οὐκ
806 566 1231 630 ἐπιτέτραπται,
1264 562 1416 632 πόσῳ
1463 560 1663 629 μᾶλλον
1691 557 1869 620 ἄλλοις

356 680 374 711 ι
412 661 469 711 ἐν
524 656 697 723 τούτῳ
746 653 1154 713 διακονεῖσθαι,
1207 649 1356 705 καὶᾶ
1395 649 1469 719 μὴ
1522 649 1678 717 θέμις
1722 648 1871 718 αὐτῷ

357 770 373 798 ι
402 750 673 818 ἐγχειρεῖν
699 764 714 807 ς
747 748 807 799 Εἰ
831 748 959 800 δέτι
992 744 1232 798 τοιοῦτον
1258 743 1631 817 διαπράξοιτο,
1668 741 1701 813 ἢ
1731 758 1871 795 παυ-

350 860 374 890 η
417 842 623 906 σάσθω,
652 838 1094 909 ῆκαθαιρείσθω.
1138 856 1156 889 ι

356 933 550 986 ΒᾹΛΣ.
598 932 658 984 '0
721 930 821 1000 μὲν
853 930 925 984 νδ⁹
982 929 1164 983 κανὼν
1198 929 1305 982 τῶν
1352 927 1524 996 ἁγίων
1556 926 1872 980 ἀποστόλων

283 1024 636 1095 ἀεορίζεσθαι
680 1023 825 1091 λέγει
859 1025 983 1086 τοὺς
1015 1022 1293 1085 ἐσθίοντας
1338 1022 1396 1074 ἐν
1429 1019 1709 1089 καπη7ε⁷ῳ
1744 1020 1875 1088 κλη-

287 1116 504 1187 ρικούςο
536 1116 563 1166 ὁ
616 1114 671 1166 δὲ
716 1113 905 1184 παρὼν
936 1114 1233 1181 διορίζεται
1288 1112 1363 1181 μὴ
1421 1110 1567 1178 ἔχειν
1616 1111 1873 1180 κληρικὸν

287 1207 590 1276 καπηλικὸν
622 1208 1007 1277 ἐργαστήριο),
1039 1207 1203 1275 ἤγουν
1228 1205 1302 1275 μὴ
1333 1206 1578 1273 ἐνεργεῖν
1598 1201 1874 1272 ἐμπορίαν

287 1301 620 1372 καπηλικήν.
663 1302 722 1353 Εἰ
756 1302 863 1371 γὰρ
892 1301 1032 1354 κατὰ
1066 1301 1388 1354 δεσποτείαν
1422 1300 1535 1369 ἔχει
1564 1296 1874 1367 καπηλικὸν

288 1391 670 1460 ἐργαστήριον,
714 1392 807 1443 καὶ
838 1392 973 1461 ap‘;
1003 1391 1224 1460 ἐτέρους
1254 1392 1414 1444 τοῦτο
1442 1390 1712 1450 ἐκδίδωσι,
1749 1405 1874 1442 και-

291 1481 374 1531 νὸν
398 1481 501 1533 οὐκ
544 1480 679 1534 ἔστι.
714 1482 884 1534 Ίόὖτο
910 1483 1016 1552 γὰρ
1042 1482 1135 1536 καὶ
1180 1480 1334 1550 παρὰ
1362 1479 1743 1551 μοναστηρίων
1778 1478 1875 1532 καὶ

287 1572 595 1642 ἐκκλησιῶν
626 1572 899 1642 διαφόρων
914 1573 1122 1638 γίνεται
1147 1589 1162 1604 ·
1188 1572 1338 1626 ’ὥστε
1370 1574 1429 1626 τὸ
1460 1572 1605 1643 ἔχειν
1638 1570 1873 1625 ἐνταῦθα

288 1662 404 1713 ἀντὶ
431 1662 531 1714 τιῦ
561 1664 808 1732 ἐνεργεῖν
878 1663 1209 1734 ὲκλάμϐανε.
1257 1664 1410 1716 Ἐπεὶ
1458 1663 1514 1716 δὲ
1544 1662 1732 1731 ἔτερόν
1758 1664 1874 1715 ἐστι

290 1750 347 1801 τὸ
375 1750 723 1822 εὶσέρχεσθαι
778 1753 835 1806 ἐν
874 1753 1156 1824 καπηλείῳ
1211 1752 1480 1823 ἀλλοτρίῳ
1513 1752 1605 1805 καὶ
1647 1751 1871 1817 ἐσθίειν,

1309 357 1387 418 ΙΝ
1413 353 1575 416 CAN.
1618 353 1703 414 IX
1741 352 1952 415 CONC.
1995 353 2072 413 IN
2121 352 2448 416 TBULLO.
3440 357 3548 424 550

351 500 370 533 ι
406 494 526 550 ριον
562 476 728 546 ἔχειν.
782 473 844 528 Εἰ
879 472 985 543 γὰρ
1038 470 1115 542 τῷ
1147 470 1375 538 τοιούτῳ
1408 468 1636 520 εἰσιέναι
1681 467 1738 518 ἐν
1774 482 1863 517 κα.
1898 470 1943 528 Α

2050 483 2067 517 ι
2106 465 2161 520 Si
2199 467 2248 519 ei
2280 466 2426 519 enim
2456 464 2507 519 iu
2534 480 2837 535 cauponam
2877 466 3086 537 ingredi
3142 483 3248 523 non
3304 477 3390 524 est
3434 484 3555 536 pero

2056 575 2073 608 ι
2116 558 2366 623 missum,
2392 571 2595 627 quanto
2629 558 2801 625 magis
2826 568 2879 612 et
2909 560 3029 613 aliis
3056 560 3109 614 in
3135 576 3197 613 ea
3229 561 3560 625 ministrare,

2055 669 2073 703 ι
2114 665 2201 716 ea,
2231 665 2349 718 qua:
2382 666 2487 704 non
2518 650 2641 704 licet
2668 650 2769 721 ipsi
2809 652 3085 706 tractare?
3111 653 3165 706 Si
3201 654 3331 722 quid
3380 664 3560 711 autem

2056 761 2074 796 ι
2115 742 2223 797 tale
2256 743 2463 808 fecerit,
2500 744 2579 798 vel
2608 752 2803 808 cesset,
2848 744 2931 797 vel
2969 745 3286 813 deponatur.
3324 765 3343 798 ι

2051 921 2245 977 B.\LS.
2321 922 2812 992 Quinquagesimus
2892 933 3119 993 quartus
3192 925 3560 993 apostolorum

1980 1032 2152 1071 canon
2184 1017 2410 1070 clericos
2443 1018 2713 1087 segregari
2753 1016 2927 1082 jubet,
2962 1017 3054 1085 qui
3103 1018 3153 1107 i‘n
3200 1032 3443 1086 caupona
3469 1033 3563 1072 co—

1982 1109 2223 1164 incdnnl.
2256 1107 2507 1161 Decernit
2540 1119 2719 1162 autem
2752 1125 2990 1176 praesens
3025 1123 3225 1173 canon,
3282 1124 3349 1163 ne
3404 1110 3567 1164 cleri-

1980 1216 2078 1255 cus
2110 1200 2311 1254 habeat
2339 1200 2662 1269 cauponiam
2688 1200 2986 1263 ofﬁcinam,
3017 1203 3129 1255 sive
3156 1217 3221 1255 ne
3244 1203 3564 1270 cauponiam

1984 1302 2343 1347 mercaturam
2381 1302 2654 1347 exerceat.
2685 1291 2741 1346 Si
2773 1294 2915 1346 enim
2952 1294 3274 1361 cauponiam
3303 1293 3567 1347 ofﬁcinam

1982 1384 2035 1437 in
2067 1383 2306 1437 dominio
2335 1382 2519 1447 habet,
2550 1392 2604 1437 et
2633 1399 2753 1438 eam
2790 1384 2914 1439 aliis
2957 1385 3155 1451 elocat,
3203 1401 3399 1441 novum
3453 1402 3561 1440 non

1982 1484 2081 1530 est.
2119 1474 2232 1529 Hoc
2258 1476 2401 1528 enim
2434 1475 2597 1529 etiam
2650 1475 2789 1544 apud
2843 1478 3172 1531 monasteria
3221 1486 3274 1531 et
3322 1478 3568 1531 diversas

1985 1566 2042 1619 Iit
2072 1565 2357 1620 ecclesias.
2387 1564 2774 1633 Quamobrem,
2807 1567 3010 1622 habere
3050 1567 3159 1632 hic,
3204 1583 3301 1636 pro
3329 1583 3394 1623 eo
3426 1569 3569 1637 quod

1982 1670 2065 1713 est
2094 1674 2373 1723 exercere,
2411 1662 2618 1729 accipe.
2680 1662 2947 1727 Quoniam
2983 1671 3163 1716 autem
3202 1663 3346 1719 aliud
3382 1673 3465 1719 est
3514 1664 3568 1717 in

1985 1750 2215 1804 alienam
2273 1766 2578 1820 cauponam
2630 1752 2835 1820 ingredi
2874 1762 2929 1807 et
2972 1755 3281 1819 comedere,
3338 1764 3392 1810 et
3426 1755 3571 1809 aliud

291 1841 381 1892 καὶ
413 1842 606 1911 ἕτερον
640 1842 700 1895 τὸ
730 1842 1134 1913 ἐμπορεύεσθαι
1186 1842 1498 1912 καπηλικήν
1547 1843 1764 1913 τέχνην,
1820 1845 1877 1895 ἐν

2003 1843 2363 1909 :auponariaui
2397 1858 2660 1897 exercere
2699 1859 2713 1896 :
2753 1844 2805 1896 in
2849 1859 3059 1898 canone
3088 1846 3306 1914 quidem
3351 1855 3573 1916 aposto-

295 1933 387 2002 μὲν
420 1934 503 2003 τῷ
537 1935 882 2005 ἀποστολικῷ
944 1937 1127 1989 κανόνι
1182 1935 1542 2005 ἀρορίζεσθαί
1602 1952 1735 2004 φησι
1786 1934 1876 1987 τὸν

292 2026 544 2079 ἐσθίοντα
575 2028 630 2080 ἐν
662 2028 947 2097 καπηλείῳ
981 2027 1243 2097 κληρικὸν
1268 2066 1282 2090 ,
1346 2026 1440 2079 καὶ
1476 2027 1614 2096 μετὰ
1659 2043 1876 2095 παραγ-

295 2119 475 2186 γελίαν
514 2117 590 2189 μὴ
621 2118 1025 2188 διορθούμενον,
1050 2118 1265 2182 πάντως
1298 2120 1384 2173 διὰ
1418 2121 1477 2172 τὸ
1505 2118 1876 2191 μετριώτερον

294 2211 383 2264 τοῦ
412 2212 855 2282 ἁμαρτήματος·
888 2211 978 2266 τὸν
1004 2212 1059 2265 δὲ
1110 2212 1437 2283 ἐνεργοῦντα
1484 2212 1745 2283 κληρικὸν
1776 2232 1877 2267 κα-

297 2302 531 2371 πηλικὸν
555 2304 941 2373 ἐργαστήριον,
969 2304 1043 2374 μὴ
1081 2303 1462 2373 διορθούμενον
1497 2305 1632 2374 μετά
1666 2322 1884 2374 παραγ-

306 2396 501 2461 ίελῖαν,
537 2394 922 2464 καθαιρεῖσθαί
955 2412 1120 2465 φησιν
1143 2397 1170 2447 ὁ
1205 2396 1399 2466 παρὼν
1422 2395 1621 2463 κανὼν,
1662 2397 1901 2460 πάντως.

300 2487 383 2540 διὰ
402 2490 464 2539 τὸ
504 2487 807 2557 βαρύτερον
856 2487 949 2540 τοῦ
982 2489 1399 2558 ἁμαρτήματος.
1458 2489 1759 2555 Ἀναγνωθι
1814 2490 1884 2544 τὰ

302 2580 735 2650 ωραγραφέντα
770 2582 826 2634 ἐν
879 2580 957 2650 τῷ
990 2580 1210 2651 ῥηθέντι
1265 2580 1338 2633 νδ¹
1381 2581 1728 2652 ἀποστολικῷ
1780 2591 1884 2636 ’κα-

302 2673 429 2737 νόνι,
467 2673 563 2725 καὶ
623 2672 841 2725 συνόδου
904 2671 1221 2737 Λαοδικείας
1283 2672 1486 2726 κανόνα
1518 2671 1617 2738 κδ’,
1667 2676 1885 2729 συνόδου

306 2763 669 2834 Καρθαγένης
703 2767 904 2818 κανόνα
945 2762 1020 2834 μ’,
1071 2766 1165 2818 καὶ
1200 2765 1405 2836 βιϐλίου
1440 2764 1481 2818 δ’
1534 2767 1642 2819 τῶν
1674 2766 1889 2820 Βασιλις

307 2856 411 2907 κῶν
435 2855 623 2907 τίτλου
674 2861 723 2906 α’
764 2871 893 2923 κεφ.
946 2856 1292 2919 τελευταῖον,
1343 2856 1481 2927 ὅπερ
1534 2857 1887 2927 κατεστρώθη

304 2947 504 3011 ἔξωθεν
533 2945 627 2999 τοῦ
673 2943 745 2998 λε’
770 2963 895 3016 κεφ.
927 2945 1020 3000 τοῦ
1044 2945 1087 3001 θ’
1141 2947 1318 3001 τίτλου
1343 2948 1436 3001 τοῦ
1469 2949 1736 3018 παρόντος
1768 2965 1891 3001 συν-

303 3039 611 3106 τάγματος.

374 3131 627 3183 ΖΩΝΑΡ.
660 3130 734 3182 Τὸ
763 3128 907 3199 ἐχειν
957 3130 1263 3201 καπηλικὸν
1307 3132 1670 3202 ἐργαστήριον
1699 3132 1892 3204 κληρι-

307 3224 398 3276 κὸν
431 3224 661 3292 νοητέον
702 3223 761 3276 τὸ
796 3224 861 3275 δι’
893 3224 1090 3276 ἐαυτοῦ
1145 3224 1388 3292 ἐνεργεῖν
1435 3225 1601 3277 αὐτὸν
1635 3226 1694 3276 ἐν
1738 3226 1890 3296 αὐτῷ

307 3320 396 3370 καὶ
425 3318 749 3387 ὑπηρετεῖν.
809 3318 881 3369 Οὐ
934 3317 1042 3386 γὰρ
1071 3314 1386 3387 εὔσχημον,
1440 3316 1575 3370 ἀλλὰ
1621 3317 1713 3370 καὶ
1769 3318 1892 3373 λίαν

307 3411 455 3461 ἐστὶν
491 3409 738 3478 ἀπρεπὲς
770 3410 829 3460 τὸ
864 3408 1167 3478 καπηλείου
1209 3408 1579 3477 προΐστασθαι
1610 3407 1889 3479 κληρικὺν,

309 3502 397 3552 καὶ
427 3501 560 3561 τοὺς
597 3501 677 3561 είς
706 3500 838 3551 αὐτὸ
868 3499 1136 3561 εἰσιόντας
1190 3498 1570 3568 ὑποδέχεσθαι,
1613 3498 1708 3549 καὶ
1745 3497 1891 3567 βρώ-

311 3610 457 3659 ματα
495 3591 847 3659 παρατιθέναι
871 3590 1073 3652 αὐτοῖς,
1113 3590 1205 3642 καὶ
1234 3585 1377 3641 οἶνον
1408 3589 1650 3656 ἐγχέειν.
1680 3582 1752 3660 τῼ
1785 3590 1896 3658 γὰρ

309 3684 693 3755 ἀπηγόρευται
721 3684 778 3734 τὸ
796 3683 931 3744 ὅλως
962 3684 1039 3744 εἰς
1072 3681 1364 3752 καπηλεῖον
1382 3682 1726 3750 εἰσέρχεσθαι
1758 3681 1899 3734 κατά

309 3778 394 3827 τὸν
427 3775 503 3827 νδ¹
540 3775 738 3828 κανόνα
783 3774 890 3825 τῶν
920 3772 1088 3840 ἁγίων
1119 3772 1457 3835 ἀποστόλων,
1514 3773 1629 3834 πῶς
1654 3766 1809 3833 οὗτος
1840 3773 1897 3822 ἐν

310 3868 464 3936 αὑτῷ
493 3866 755 3934 διηνεκῶς
784 3866 935 3917 ἔσται
958 3865 1427 3932 ἀναστρεφόμενος
1452 3878 1465 3926 ;
1498 3862 1600 3914 Τόν
1647 3878 1706 3913 τε
1739 3860 1897 3914 τοῦτο

311 3958 576 4012 ποιοῦντα
604 3957 637 4027 ἢ
670 3956 939 4010 παύεσθαι
977 3955 1220 4026 βούλεται
1251 3959 1278 4008 ό
1316 3953 1496 4006 κανὼν
1528 3955 1558 4023 ἢ
1613 3953 1897 4021 καθαιρεῖ⁴

313 4054 464 4107 σθαι.
500 4053 561 4103 Εἰ
590 4053 647 4105 δέ
677 4069 759 4112 τις
804 4050 1061 4121 κληρικὸς
1091 4051 1300 4103 τοιοῦτο
1354 4049 1718 4118 ἐργαστήριον
1755 4048 1893 4118 ἔχων

313 4146 495 4214 ἑτέρῳ
529 4143 659 4197 αὐτὸ
689 4142 1044 4211 ἐκμισθώσει,
1078 4141 1206 4210 περὶ
1231 4140 1328 4211 τὴν
1378 4141 1584 4194 οίκείαν
1616 4140 1891 4192 καταστα-

316 4256 398 4291 σιν
437 4238 497 4289 οὐ
533 4235 881 4306 βλαϐήσεται.

1982 1931 2085 1986 lico
2115 1933 2395 1997 clericum,
2425 1934 2517 2003 qui
2546 1934 2597 1989 in
2624 1950 2874 2003 caupona
2918 1930 3172 2000 comedit,
3229 1949 3283 1991 et
3319 1948 3442 2004 post
3473 1939 3571 1994 de-

1982 2024 2378 2078 nuntiationem
2448 2039 2552 2079 non
2622 2026 2957 2095 corrigitur,
3018 2044 3085 2082 eo
3149 2029 3371 2083 omnino
3422 2031 3566 2099 quod

1983 2121 2260 2181 peccatum
2308 2114 2377 2168 sit
2407 2114 2597 2179 levius,
2636 2110 3029 2184 segregandum
3082 2119 3232 2172 dicit.
3285 2117 3560 2174 Clerieum

1984 2211 2167 2255 autem
2227 2202 2317 2271 qui
2344 2203 2663 2271 cauponiam
2702 2204 2985 2258 tabernam
3020 2214 3264 2271 exercet,
3296 2221 3397 2260 nec
3448 2215 3574 2275 post.

1985 2294 2447 2349 denuntiationem
2484 2296 2797 2366 corrigitur,
2830 2311 3067 2364 praesens
3090 2311 3288 2364 canon,
3313 2299 3569 2367 quoniam

1986 2386 2204 2454 gravius
2233 2387 2454 2442 omnino
2484 2399 2768 2458 peccatum
2808 2400 2911 2455 est,
2966 2391 3096 2444 dicit
3139 2406 3262 2445 esse
3301 2392 3580 2458 deponen-

1988 2476 2136 2532 dum.
2174 2478 2315 2549 Lege
2347 2496 2466 2549 quae
2516 2481 2747 2553 ascx-ipta
2807 2493 2937 2537 sunt
2972 2484 3022 2538 in
3057 2484 3203 2539 dicto
3243 2484 3581 2554 quinquage-

1988 2570 2128 2623 simo
2163 2580 2357 2640 quarto
2397 2588 2607 2627 canone
2641 2576 2964 2644 apostolico,
3003 2587 3057 2631 et
3105 2578 3294 2647 synodi
3346 2577 3572 2632 Laodic.

1990 2676 2114 2715 ean.
2148 2661 2217 2715 24
2248 2664 2437 2733 synod.
2470 2665 2657 2720 Carth.
2697 2682 2902 2723 canone
2935 2668 3004 2723 .40
3039 2678 3091 2722 et
3139 2670 3171 2723 4
3203 2667 3323 2723 libri
3358 2668 3577 2722 Basilio.

1993 2754 2075 2807 til.
2116 2755 2271 2823 primi
2308 2770 2430 2824 cap.
2468 2758 2712 2811 ultimum
2745 2761 2886 2828 quod
2921 2772 3073 2814 extra
3112 2761 3181 2815 35
3222 2774 3344 2829 eap.
3377 2760 3410 2814 9
3473 2762 3559 2815 tit.

1992 2846 2272 2912 praesentis
2295 2846 2495 2916 aperis,
2530 2850 2764 2917 positum
2797 2862 2896 2905 est.

2065 3130 2320 3186 ZONAR.
2356 3130 2508 3198 Quod
2538 3131 2859 3201 cauponiam
2891 3131 3107 3185 danium
3147 3131 3346 3187 habere
3391 3133 3578 3190 clerici

2001 3224 2100 3277 hoc
2130 3235 2337 3277 canone
2368 3221 2742 3290 prohibentur,
2775 3221 2827 3274 id
2862 3221 2934 3274 ita
2967 3221 3346 3291 accipiendum
3374 3234 3475 3289 est,
3525 3234 3584 3276 ut

1997 3313 2075 3367 eis
2105 3312 2351 3366 videlicet
2376 3326 2571 3381 operas
2604 3311 2655 3363 in
2689 3325 2934 3379 caupona
2986 3310 3184 3369 locare,
3215 3310 3439 3380 ejusque
3480 3315 3583 3365 mi-

2000 3403 2240 3458 nisteriis
2268 3401 2541 3456 inservire
2566 3416 2631 3455 ne
2664 3401 2841 3456 liceat.
2881 3399 3061 3470 Turpe
3102 3403 3387 3470 siquidem,
3422 3411 3586 3472 atque

1995 3494 2062 3546 ab
2095 3492 2303 3546 ordinis
2329 3492 2590 3562 dignitate
2616 3493 2963 3547 vehementer
2983 3494 3242 3557 alienum,
3266 3497 3584 3548 exercendae

1996 3600 2255 3653 eauponae
2298 3584 2558 3640 clericum
2592 3585 2908 3653 praesidere,
2964 3586 3299 3653 excipiendis
3348 3587 3584 3639 homini-

1998 3680 2119 3744 bus,
2152 3678 2486 3747 apponendis
2519 3677 2741 3732 ferculis
2785 3686 2984 3748 praesto
3028 3694 3167 3740 esse,
3206 3679 3585 3748 pincernaeque

1998 3771 2401 3838 quodammodo
2431 3785 2653 3839 operam
2695 3784 2758 3823 ac
2799 3770 3097 3825 ministeria
3142 3769 3445 3838 hospitibus
3480 3788 3583 3826 ex-

2006 3864 2211 3915 hibere.
2245 3862 2342 3915 Cui
2376 3861 2519 3916 enim
2555 3870 2611 3914 ut
2653 3861 2952 3930 apostolico
2996 3876 3206 3915 canone
3246 3863 3580 3932 quinquage-

2001 3953 2142 4005 simo
2191 3962 2387 4020 quarto
2437 3951 2619 4005 videre
2671 3961 2778 4019 est,
2837 3953 2903 4005 ad
2962 3967 3267 4021 cauponam
3322 3952 3588 4005 divertere

2002 4045 2227 4098 omnino
2265 4058 2369 4097 non
2404 4042 2751 4112 permissum,
2790 4059 2897 4113 quo
2928 4054 3085 4111 pacto
3115 4043 3233 4095 talis
3288 4043 3338 4095 in
3374 4059 3437 4096 eo
3464 4056 3586 4111 per-

1999 4147 2160 4205 petuo
2220 4135 2561 4188 versabitur?
2619 4137 2718 4200 Qui
2776 4136 2938 4205 igitur
2983 4136 3034 4189 id
3086 4136 3299 4199 fecerit,
3362 4148 3453 4191 aut
3520 4139 3588 4190 ab

1997 4242 2061 4281 eo
2096 4227 2340 4281 instituto
2378 4242 2614 4290 cessare,
2646 4239 2737 4279 aut
2766 4227 3105 4294 depositione
3141 4229 3357 4281 inuitari
3413 4244 3586 4282 canon

310 4331 488 4399 jubet.
526 4333 749 4385 Domum
783 4340 957 4385 tamen
1039 4328 1299 4397 ejusmodi
1358 4329 1575 4393 habere,
1627 4341 1690 4381 ac
1774 4324 1952 4379 loc.ire
1989 4324 2164 4387 alteri,
2209 4322 2421 4377 clericis
2465 4336 2678 4391 quoque
2716 4321 2830 4377 sine
2877 4322 2982 4375 ulla
3038 4323 3323 4391 dignitatis
3370 4323 3583 4393 jactura

314 4438 576 4481 (‘OIN‘CSSU
585 4438 635 4477 m
665 4430 769 4476 est.

318 4519 544 4575 ΔΡΙΣΤ.
606 4535 626 4570 ι
670 4516 731 4569 Et
763 4513 1060 4569 είσιέναιέν
1088 4510 1366 4581 καπηλείῳ
1395 4509 1697 4565 κεκώλυται
1727 4509 1886 4580 κληρι

2022 4508 2245 4564 ARIST.
2309 4526 2327 4558 ι
2371 4508 2427 4562 Si
2472 4522 2769 4576 cauponam
2815 4504 3019 4576 ingredi
3079 4508 3393 4574 prohibetur
3433 4509 3591 4563 cleri-

392 4632 412 4665 ι
457 4612 573 4675 κὸς,
627 4610 720 4662 καὶ
749 4607 895 4676 ἔχειν
944 4604 1320 4675 κωλυθήσεται
1369 4603 1572 4671 μᾶλλον
1597 4619 1610 4634 ’
1648 4602 1681 4672 ἢ
1714 4602 1898 4656 τοίνυν

396 4724 417 4759 ι
461 4703 849 4771 παυθήσονται,
875 4698 907 4769 ἢ
935 4693 1449 4767 καθαιρεθήσονται.
1495 4710 1515 4743 ι

389 4797 506 4851 Οὐκ
528 4793 704 4858 ἔξεστι
727 4790 987 4862 κληρικὸν
1015 4787 1320 4858 καπηλικὸν
1344 4787 1707 4857 ἐργαστήριον
1726 4785 1891 4856 ἒχειν,

321 4893 414 4945 καὶ
442 4888 686 4958 ἐνεργεῖν
715 4885 771 4937 ἐν
824 4882 1007 4952 αὐτῷ’
1058 4881 1109 4933 εί
1157 4880 1262 4951 γὰρ
1296 4877 1601 4932 κεκώλυται
1648 4876 1705 4929 ἐν
1741 4877 1899 4929 ἀλλο-

320 4982 456 5054 τρίῳ
474 4976 757 5048 καπηλείῳ
792 4971 1159 5045 είσέρχεσθαι,
1190 4973 1237 5023 εί
1275 4971 1351 5041 μὴ
1380 4970 1447 5023 δι’
1469 4969 1716 5039 ἀνάγκην
1738 4968 1899 5021 τοῦτο

325 5076 561 5145 ποιήσει,
598 5069 775 5139 πολλῷ
809 5068 969 5120 πλέον
991 5066 1134 5135 ἔχειν
1155 5066 1317 5119 αὑτὸν
1339 5063 1630 5133 καπηλεῖον
1653 5062 1715 5114 οὐ
1771 5062 1898 5131 χρὴ,

324 5172 419 5223 καὶ
448 5169 631 5228 ἄλλοις
664 5165 720 5217 ἐν
760 5162 935 5233 τούτῳ
968 5162 1255 5215 διακονεῖν.
1305 5160 1363 5212 '0
1391 5159 1447 5212 δὲ
1474 5156 1691 5226 τολμῶν
1739 5154 1897 5209 τοῦτο

2084 4622 2101 4654 ι
2143 4617 2258 4663 cus,
2291 4611 2345 4656 et
2376 4601 2573 4656 habere
2612 4601 2781 4668 magis
2827 4598 3200 4668 prohibebitur
3233 4617 3245 4652 :
3279 4600 3359 4655 vel
3408 4600 3589 4671 itaque

2087 4713 2105 4746 ι
2141 4694 2426 4757 desistant,
2462 4691 2547 4746 vel
2578 4693 2935 4761 deponantur.

2079 4785 2196 4839 Non
2228 4785 2349 4838 licet
2376 4783 2575 4839 clerico
2610 4783 2994 4851 eauponariam
3040 4782 3238 4837 habere
3292 4782 3587 4850 oliicinam,

2005 4879 2145 4934 etin
2174 4893 2235 4931 ea
2273 4876 2512 4946 operari.
2570 4873 2626 4929 Si
2678 4877 2822 4928 enim
2871 4875 3100 4929 alterius
3161 4891 3462 4945 cauponam
3506 4879 3588 4933 in-

2007 4970 2152 5040 gredi
2186 4968 2521 5039 prohibetur,
2553 4966 2653 5020 nisi
2692 4965 2918 5020 forsitan
2954 4966 3022 5019 ob
3056 4970 3427 5025 necessitatem
3458 4971 3589 5026 illud

2009 5062 2249 5116 IeCerit:
2324 5059 2491 5113 multo
2550 5058 2721 5126 magis
2793 5072 2915 5111 eum
2972 5059 3132 5128 168
3198 5061 3396 5116 habere
3462 5078 3593 5114 cau-

2005 5168 2198 5223 ponam
2235 5162 2290 5206 et
2330 5150 2452 5205 aliis
2492 5155 2545 5204 in
2595 5164 2656 5203 ea
2693 5149 3001 5205 ministrare
3046 5167 3152 5204 non
3216 5163 3452 5222 oportet.
3487 5153 3589 5221 Qui

1524 5301 1729 5364 Guill.
1770 5294 2107 5375 Beveregii
2143 5275 2330 5356 nota).

321 5444 569 5512 όφφίκια,
606 5438 638 5507 ἢ
665 5436 1039 5512 πρακτορικᾶις
1070 5433 1371 5512 ἐνεργείας,
1400 5432 1431 5502 ἢ
1464 5446 1881 5512 κονρατωρειας

324 5498 445 5574 τόίἶς
493 5498 788 5579 magaria;
835 5498 1176 5579 ἐπισκήπτει
1209 5498 1305 5555 δια
1364 5498 1752 5579 σημειώματος
1810 5498 1884 5579 μὴ

326 5571 703 5650 ἀναδέχεσθαι.
738 5571 1068 5650 Patriarclia
1130 5574 1301 5650 Lucas
1348 5571 1885 5650 etiamceplasiurias

240 5662 249 5669 ‘
326 5640 582 5722 ofﬁcm'ns,
609 5657 700 5699 aut
730 5646 1028 5722 lgalnea‘rt'as
1054 5665 1082 5697 ιι
1107 5642 1528 5722 clericiscurari
1572 5658 1663 5722 per
1719 5640 1894 5722 atina-

329 5711 578 5776 ta'tioncnt
615 5718 814 5770 vetuit:
848 5716 1004 5769 veluti
1042 5732 1157 5783 qua:
1195 5714 1336 5781 turpi
1363 5713 1510 5765 lucro
1535 5720 1583 5764 et
1618 5711 1889 5762 mendacio

334 5794 654 5846 occasionem
686 5789 936 5856 praebent.
989 5783 1266 5837 Interdicit
1320 5784 1474 5834 etiam
1512 5783 1773 5843 (latronis,
1834 5794 1895 5830 ne

1994 5424 2308 5478 medicinam
2342 5422 2587 5490 faciant:
2617 5432 2666 5477 ct
2695 5424 3045 5492 segregationi
3109 5423 3323 5490 subjicit
3365 5423 3587 5480 clericos

1995 5498 2087 5564 qui
2124 5493 2398 5547 mundana
2431 5494 2745 5564 publicaque
2809 5495 3020 5564 negotia
3082 5504 3335 5564 tractant.
3396 5493 3588 5549 Itidem

1998 5563 2309 5634 patriarcha
2347 5563 2571 5634 Michael
2628 5563 2984 5615 Anchialum;
3047 5580 3136 5626 per
3184 5563 3586 5618 adnotationem

2011 5637 2253 5699 mandat,
2284 5643 2339 5685 ut
2372 5633 2550 5686 clerici
2575 5634 2741 5702 ofﬁcia
2804 5634 3110 5693 sa’cularia.
3149 5634 3225 5686 vel
3277 5643 3587 5687 exartorum

2012 5705 2215 5768 munia,
2253 5704 2668 5774 t'elcura'orum
2734 5719 2835 5774 non
2892 5705 3208 5771 suscipiunt.
3252 5704 3585 5774 Hat‘nteHOp.

2008 5776 2154 5844 Epit.
2190 5790 2311 5828 t‘an.
2346 5782 2482 5829 sect.
2516 5773 2549 5826 ’5
2612 5774 2698 5826 tit.
2724 5773 2772 5825 ‘2.
