3940 6480
266 459 360 516 διο

1261 395 1367 510 ,ΙΝ
1403 447 1566 508 CAN.
1604 444 1720 505 ΧΠ
1754 442 1965 504 CONC.
2003 443 2085 505 IN
2116 445 2448 507 TRULLO.

3401 450 3504 514 554

265 576 321 641 ῆι
349 571 375 619 6
403 567 602 634 Κύριος
637 565 793 635 ἡμῶν
843 565 1032 633 Ιησοῦς
1064 564 1300 634 Χριστὸς
1354 564 1487 632 ἡμῖν
1534 560 1816 631 παρέδωκε

1940 558 2182 616 )ominus
2239 573 2430 618 noster
2484 560 2641 618 Jesus
2687 561 2936 619 Christus
2987 565 3210 621 tradidit
3265 577 3507 638 tempore

265 661 391 714 κατὰ
415 661 505 712 τὸν
533 659 720 728 καιρὸν
767 656 862 710 τοῦ
894 658 1126 710 θανάτου
1155 655 1322 710 αὐτοῦ
1353 655 1448 707 καὶ
1473 647 1577 723 τῆς
1603 653 1822 722 Πασχα-

263 755 365 804 λξου
394 752 617 820 ἐορτῆςς
647 751 713 802 ’Ὀ
726 767 768 800 τι
819 749 874 801 δὲ
901 749 1019 802 οὐδὲ
1056 751 1135 810 είς
1165 746 1292 800 νοῦν
1319 742 1450 817 ἦλθε
1477 747 1592 807 τοῖς
1644 744 1824 812 ἁγίοις

265 843 493 914 Πατράσι
513 842 570 894 τὸ
603 842 1039 913 ἑορτάξεινήμᾶς
1055 840 1142 894 διὰ
1173 839 1419 910 ἀζύμων,
1452 837 1635 900 καθὼς
1663 834 1822 889 τοῦτο

263 935 347 986 καὶ
381 933 528 1002 παρὰ
570 931 680 984 τῶν
715 932 985 984 Ἰουδαίων
1037 931 1271 1000 γίνεται,
1327 930 1436 982 τῶν
1487 928 1822 1000 ὁρισθέντων

266 1030 392 1097 μετὰ
433 1026 606 1097 ἀμνοῦ
641 1026 732 1080 καὶ
758 1026 984 1094 ἀζύμων
1019 1028 1113 1079 καὶ
1149 1026 1414 1095 πικρίδων
1444 1023 1543 1089 τὴν
1563 1023 1658 1076 τοῦ
1707 1022 1819 1076 Πά-

265 1135 354 1186 σχα
382 1121 552 1170 ποιεῖν
582 1119 796 1188 ἑορτὴν,
841 1118 996 1188 δῆλόν
1025 1120 1171 1171 ἐστιν
1199 1118 1306 1171 ἀπὸ
1341 1117 1435 1170 τοῦ
1464 1115 1817 1187 καταργῆσαι

262 1213 438 1272 αὐτοὺς
502 1214 681 1265 πᾶσαν
730 1211 1024 1282 Ἰουδαῖκὴν
1085 1213 1279 1282 ἑορτὴν
1331 1211 1419 1264 διὰ
1476 1211 1604 1272 τοὺς
1657 1208 1822 1261 Λατί-

264 1320 374 1366 νους
408 1301 516 1372 (71)
552 1304 681 1365 τοὺς
733 1300 1088 1372 ἑορτάζοντας
1147 1301 1285 1372 μετὰ
1314 1301 1564 1370 ἀζύμων,
1602 1300 1698 1354 καὶ
1727 1298 1815 1352 διὰ

263 1397 375 1456 τοὺς
410 1396 830 1464 ἰατρευομένους
861 1395 1012 1464 παρὰ
1054 1393 1342 1458 Ἰουδαίων,
1376 1393 1408 1463 ἦ
1442 1391 1644 1445 λοιπῶν
1672 1392 1823 1459 αἰρε-

261 1486 412 1539 τικῶν
430 1502 444 1516 ο
476 1488 677 1550 πάντες
708 1483 815 1556 γὰρ
836 1482 980 1540 οὗτοι
1004 1487 1378 1555 ἀφωρισμένοι
1402 1485 1560 1538 εἰσίν.
1577 1485 1822 1556 Σημείω-

266 1597 341 1632 σαι
368 1580 457 1631 τὸν
490 1580 737 1650 παρόντα
768 1581 974 1635 κανόνα
1002 1581 1321 1634 διδάσκοντα
1371 1581 1498 1650 περὶ
1545 1579 1654 1635 τῶν
1685 1577 1820 1641 ἀζύ-

265 1690 363 1740 μων
385 1689 398 1700 ·
428 1673 525 1724 καὶ
546 1674 626 1724 ὅτι
658 1674 704 1724 οἱ
741 1672 894 1739 παρὰ
933 1671 1204 1725 Ἰουδαίων
1239 1670 1271 1740 ἢ
1307 1669 1485 1724 ἄλλων
1519 1669 1815 1743 αἱρετικῶν

265 1764 623 1831 ἰατρευόμενοι
652 1763 996 1826 κολάζονται.

319 1855 554 1908 ΖΩΝΑΡ.
616 1857 722 1909 Καὶ
755 1858 782 1909 6
817 1856 1220 1926 ὲϐδομηκοστὸς
1266 1855 1446 1910 κανὼν
1498 1857 1610 1908 τῶν
1646 1855 1819 1924 ἁγίων

259 1949 556 2001 ἀποστόλων
594 1947 762 2020 ὁρίζει
794 1951 930 2020 μήτε
964 1949 1349 2021 συνεορτάζειν
1376 1952 1489 2014 τοῖς
1518 1949 1817 2014 Ἰουδαίοις,

264 2042 378 2108 μήτε
405 2041 534 2092 τινὰ
565 2041 696 2110 παρ’
742 2042 922 2094 αὐτῶν
950 2041 1201 2111 δέχεσθαι
1239 2042 1389 2108 ξένια
1419 2041 1530 2094 τῶν
1567 2041 1700 2113 παρ’
1724 2042 1823 2096 αύο

265 2139 357 2194 τοῖς
379 2131 607 2200 ἑορτῶν.
659 2126 824 2194 Οὗτος
861 2132 916 2184 δὲ
941 2136 968 2184 6
999 2131 1178 2186 κανὼν
1217 2132 1338 2184 οὐδὲ
1364 2130 1697 2185 οἰκειοῦσθαι
1724 2130 1823 2184 αύ-

263 2229 369 2286 τοῖς,
389 2225 514 2276 ἀντὶ
540 2222 632 2276 τοῦ
661 2224 990 2293 φιλιοῦσθαι,
1024 2226 1317 2295 συγχωρεῖ,
1343 2223 1470 2278 οὔτε
1497 2222 1822 2295 παράὐτῶν

277 2316 598 2384 ἰατρεύεσθαι
631 2316 941 2380 νοσοῦντας,
990 2316 1112 2370 οὔτε
1155 2317 1507 2370 συλλούεσθαι
1552 2317 1687 2380 ὅλως
1721 2316 1820 2369 αύ-

271 2411 372 2466 τοῖς.
397 2409 510 2459 Καὶ
562 2408 590 2458 6
612 2407 639 2458 λ
650 2404 690 2475 β’
723 2405 901 2459 κανὼν
926 2407 1022 2474 τῆς
1045 2409 1103 2460 ὲν
1123 2407 1412 2478 Λαοδικείᾳ
1429 2406 1646 2460 συνόδου
1676 2408 1820 2458 ἁπα-

265 2498 448 2566 γορεύει
516 2500 809 2569 αἱρετικῶν
857 2487 1106 2566 εὐλογίας
1151 2499 1488 2569 λαμϐάνειν’
1542 2498 1636 2552 καὶ
1690 2496 1820 2562 όλζ⁹

259 2590 339 2657 τῆς
365 2591 536 2661 αὐτῆς
588 2591 804 2644 συνόδου
850 2591 1028 2643 κανὼν
1082 2591 1237 2646 καὶὸ
1296 2590 1378 2660 λη’
1410 2589 1484 2662 μὴ
1527 2591 1637 2644 δεῖν
1686 2607 1820 2661 φησι

259 2683 389 2751 παρὰ
417 2682 692 2735 Ἰουδαίων
724 2683 755 2753 ἦ
794 2683 1105 2753 ,αἱρετικῶν
1151 2683 1220 2736 τὰ
1267 2684 1597 2754 πεμπόμενα
1629 2683 1822 2753 ἑορτα-

259 2775 397 2827 στικὰ
431 2774 758 2844 λαμϐάνειν,
804 2775 938 2845 μηδὲ
967 2773 1351 2845 συνεορτάζειν
1373 2775 1583 2838 αὐτοῖς,
1624 2774 1656 2844 ἢ
1692 2773 1820 2838 ἄζυ-

259 2884 322 2933 μα
341 2867 663 2935 λαμϐάνειν,
697 2868 791 2919 καὶ
846 2869 1122 2920 κοινωνεῖν
1150 2870 1267 2929 ταῖς
1297 2866 1579 2928 ἀσεϐείαις
1613 2865 1818 2919 αὐτῶν.

266 2959 480 3025 Ἐπαγει
532 2959 589 3010 δὲ
642 2963 669 3012 6
725 2959 906 3012 κανὼν
961 2954 1115 3022 οὗτος
1162 2963 1275 3022 τοῖς
1315 2959 1717 3029 παραϐαίνουσι
1745 2956 1814 3010 τὰ

257 3049 528 3118 ὡρισμένα
557 3051 802 3116 κόλασιν,
829 3053 941 3113 τοῖς
973 3051 1073 3120 μὲν
1125 3052 1183 3103 ἐν
1233 3051 1423 3121 κλήρῳ
1470 3051 1816 3120 καθαίρεσιν,

258 3146 356 3205 τοῖς
379 3144 435 3196 δὲ
465 3144 675 3208 λαῖκοῖς
713 3145 1035 3215 ἀφορισμόν.

254 3415 468 3467 ΑΡΙΣΤ.
527 3435 544 3466 ι
606 3416 822 3484 ’Δςυμα
862 3414 1133 3466 Ἰουδαίων
1177 3414 1530 3467 ἁπόπτυστα·
1563 3416 1591 3467 ὀ
1631 3414 1687 3467 δὲ
1720 3415 1817 3468 καὶ

325 3525 342 3555 ι
380 3506 601 3574 ἰατροὺς
631 3507 826 3568 αὐτοὺς
863 3504 1360 3575 προσκαλούμενος,
1397 3505 1430 3574 ἢ
1481 3504 1813 3574 συλλουόμε-

323 3615 339 3647 ι
378 3616 490 3659 νος,
518 3597 813 3660 ἑκπτωτος.
842 3617 860 3648 ι

323 3690 561 3758 Οὐδεμία
619 3690 964 3760 Χριστιανοῖς
1015 3689 1269 3742 κοινωνία
1317 3690 1454 3759 πρὸς
1488 3689 1813 3752 Ἰουδαίους·

253 3781 330 3834 διὰ
391 3780 552 3832 τοῦτο
602 3781 732 3848 γοῦν
783 3783 931 3842 ὅστις
983 3779 1177 3850 εὑρεθῇ
1243 3780 1312 3833 τὰ
1360 3779 1566 3833 τούτων
1631 3780 1817 3851 ἄζυμα

255 3871 461 3934 ἐσθίων,
517 3872 658 3940 ἢείς
694 3871 935 3940 ἰατρείαν
993 3871 1190 3934 αὐτοὺς
1221 3870 1723 3940 προσκαλούμενος,
1781 3871 1814 3941 ἤ

256 3964 634 4032 συλλουόμενος
666 3963 948 4033 τούτοις,ἢ
998 3961 1172 4024 ἄλλως
1224 3979 1341 4024 πως
1372 3962 1554 4025 αὐτοῖς
1583 3960 1816 4014 οἰκειού-

258 4074 434 4125 μενος,
469 4061 516 4109 εἰ
563 4057 660 4126 μὲν
701 4056 962 4127 κληρικός
983 4057 1119 4120 ἐστι,
1157 4055 1640 4126 καθαιρεθήσεται,
1675 4054 1813 4108 εἰδὲ

253 4145 453 4211 λαῐκὸς,
481 4148 928 4218 ἀφορισθήσεται.

843 4238 1082 4290 ΚΑΝΩΝ
1121 4237 1221 4290 IB’.

260 4343 276 4376 ι
300 4327 405 4380 Καὶ
427 4328 583 4380 τοῦτο
602 4329 656 4382 δὲ
676 4331 752 4390 εἰς
781 4328 980 4395 γνῶσιν
999 4328 1272 4398 ἡμετέραν
1291 4322 1476 4396 ἦλθεν,
1495 4327 1570 4390 ὡς
1591 4328 1647 4380 ἕν
1669 4345 1730 4381 τε
1753 4329 1815 4398 τῇ

330 4440 346 4470 ι
389 4421 626 4490 Ἀφρικῇ
668 4421 761 4472 καὶ
795 4420 966 4488 Λιϐύῃ
1018 4421 1110 4472 καὶ
1140 4419 1348 4488 ἑτέροις
1395 4426 1584 4482 τόποις
1616 4421 1667 4473 οί
1709 4420 1820 4472 τῶν

327 4530 344 4562 ι
386 4514 562 4564 ἐκεῖσε
621 4511 1020 4579 θεοφιλέστατος.
1071 4510 1324 4579 πρόεδροι
1374 4512 1644 4563 συνοικεῖν
1691 4513 1813 4573 ταῖς

325 4623 344 4654 ι
379 4604 538 4666 ἰδίαις
567 4607 834 4672 γαμεταῖς
876 4605 970 4656 καὶ
1003 4603 1141 4670 μετὰ
1170 4605 1269 4670 τὴν
1302 4603 1385 4653 ἐπ’
1414 4603 1608 4664 αὐτοὺς
1625 4604 1816 4672 προελ-
1849 4593 1892 4647 D

324 4713 342 4747 ι
374 4695 567 4749 θοῦσαν
593 4697 922 4766 χειροτονίαν
987 4693 1096 4763 (72)
1144 4695 1204 4746 οὐ
1255 4693 1616 4764 παρῃτοῦντο,
1648 4697 1818 4764 πρόσ-

323 4804 344 4838 ι
381 4805 565 4856 κομμα
596 4791 704 4847 τοῖς
752 4785 999 4838 ἐντεῦθεν
1040 4785 1217 4846 ἄλλοις
1245 4785 1483 4847 τιθέντες
1519 4786 1613 4838 καὶ
1656 4789 1819 4842 σκάν-

321 4898 338 4929 ι
373 4883 548 4933 δαλον.
581 4879 785 4949 Πολλῆς
807 4879 899 4930 οὖν
925 4881 1058 4948 ἡμῖν
1086 4877 1322 4944 σπουδῆς
1349 4876 1511 4946 οὔσης
1527 4878 1618 4930 τοῦ
1641 4880 1817 4932 πάντα

316 4989 332 5020 ι
376 4973 504 5038 πρὸς
535 4965 799 5039 ὠφέλειαν
831 4971 935 5023 τῶν
962 4971 1064 5022 ὑπὸ
1089 4975 1242 5038 χεῖρα
1261 4972 1526 5037 ποιμνίων
1555 4974 1817 5042 διαπράτ-

321 5083 338 5114 ι
376 5069 578 5124 τεσθαι,
633 5065 808 5130 ἔδοξεν
855 5064 992 5116 ὥστε
1042 5062 1306 5132 μηδαμῶς
1339 5064 1398 5116 τὸ
1431 5063 1678 5117 τοιοῦτον
1711 5067 1819 5120 ἀπὸ

1927 651 2120 706 mortis
2143 667 2256 708 sua:
2291 663 2344 708 et
2372 653 2494 708 festi
2535 653 2849 710 Paschalis?
2881 656 3018 723 Qula
3067 668 3245 714 autem
3299 665 3502 716 sauciis

1927 741 2184 798 Patribus
2215 760 2284 799 ne
2307 745 2362 799 in
2389 755 2620 800 mentem
2647 746 2863 815 quidem
2888 748 3033 802 venit
3064 765 3162 803 nos
3191 767 3289 820 per
3309 768 3500 823 azyma

1926 835 2320 899 celebraturos,
2384 840 2839 906 quemadmodum
2898 841 3002 895 hoc
3059 857 3274 914 quoque
3343 844 3404 899 (it
3471 862 3513 904 a.

1924 927 2150 993 ludatis,
2186 927 2382 997 quibus
2411 937 2671 984 statutum
2708 941 2792 986 est
2825 947 2945 986 cum
2971 949 3108 1002 agno
3137 946 3190 989 et
3217 937 3422 1007 azymis
3450 950 3506 991 et

1923 1015 2161 1088 lactucis
2185 1017 2489 1083 agrestibus
2521 1019 2739 1074 Pascha:
2770 1020 2966 1076 festum
3017 1024 3311 1091 celebrare,
3347 1043 3412 1082 ex
3438 1045 3502 1082 eo

1925 1109 2128 1165 clarum
2165 1109 2308 1178 quod
2364 1125 2525 1166 omne
2573 1112 2769 1167 festum
2819 1113 3101 1172 Judaicnm
3149 1119 3499 1184 aboleveriut,

1923 1213 2146 1273 propter
2181 1205 2400 1262 Latinos
2432 1207 2520 1276 qui
2553 1223 2674 1262 cum
2725 1209 2932 1278 azymis
2960 1209 3094 1263 festa
3126 1212 3420 1277 celebrant,
3449 1225 3505 1268 et

1927 1291 2151 1366 pr'opter
2177 1313 2277 1354 cos
2304 1301 2394 1369 qui
2428 1315 2455 1352 a
2492 1297 2691 1355 Judreis
2723 1300 2802 1354 vel
2839 1301 3057 1370 reliquis
3095 1303 3361 1359 hmretieis
3388 1322 3504 1359 mc-

1923 1387 2228 1445 dicamenta
2266 1392 2542 1459 accipiunt
2577 1410 2591 1446 :
2627 1407 2818 1447 omnes
2845 1394 2985 1447 enim
3015 1396 3097 1448 isti
3123 1408 3500 1464 segregantur.

1928 1479 2089 1550 169
2139 1479 2273 1535 Nota
2316 1492 2635 1550 praesentem
2690 1499 2974 1548 canouem,
3035 1486 3125 1555 qui
3174 1489 3239 1541 de
3299 1490 3503 1559 azymis

1924 1571 2179 1641 instruit;
2217 1583 2272 1628 et
2303 1577 2445 1656 quod
2482 1575 2580 1641 illi,
2621 1577 2710 1646 qui
2748 1592 2779 1631 a
2811 1576 3011 1632 Judazis
3058 1580 3143 1632 vel
3175 1581 3336 1634 etiam
3383 1581 3504 1635 aliis

1923 1661 2198 1721 haereticis
2229 1667 2452 1722 medicis
2489 1679 2780 1734 curantur,
2827 1671 3149 1740 puniuntur.

1994 1842 2246 1899 ZONAR.
2278 1846 2359 1900 Ne
2380 1845 2548 1902 festos
2578 1849 2692 1903 dies
2739 1865 2861 1905 cum
2904 1852 3104 1908 Jud:eis
3149 1855 3310 1909 simul
3359 1859 3502 1912 cele-

1850 1902 1894 1958 B
1942 1935 2124 2003 brare,
2157 1954 2294 1994 neve
2317 1941 2632 1995 munuscula
2670 1944 2735 1996 ab
2779 1944 2864 2006 iis.
2887 1947 3272 2002 anniversariis
3312 1965 3500 2003 eorum

1925 2029 2330 2086 celebritatibus
2361 2033 2683 2089 mittivsolita
2710 2076 2723 2098 ,
2758 2037 3005 2105 accipere
3055 2040 3233 2107 liceat,
3277 2054 3496 2097 sancto-

1924 2137 2045 2177 rum
2081 2124 2245 2178 etiam
2287 2126 2645 2194 apostolorum
2708 2131 3101 2198 septuagesimo
3149 2147 3360 2189 canone
3422 2138 3505 2187 iu-

1924 2214 2216 2268 terdictnm
2263 2215 2384 2269 fuit.
2425 2216 2540 2271 Hoc
2589 2226 2770 2272 autem
2817 2235 3024 2275 canone
3069 2238 3192 2277 cum
3242 2225 3308 2279 iis
3359 2230 3502 2280 ami-

1923 2306 2107 2360 citiam
2168 2308 2440 2377 iungere,
2481 2310 2554 2379 (id
2607 2312 2710 2380 est)
2764 2312 3184 2369 lamiliaritatem
3241 2317 3398 2381 inire,
3451 2331 3506 2374 et

1922 2397 2136 2453 illorum
2175 2416 2338 2468 opera
2369 2413 2694 2472 aegrotantes
2718 2407 2916 2466 curari.
2950 2414 3002 2460 et
3029 2408 3359 2463 eodemeum
3395 2412 3503 2466 illis

1921 2491 2115 2545 balneo
2149 2494 2223 2545 uti
2260 2492 2482 2548 omnino
2519 2495 2892 2562 prohibemur.
2925 2495 3311 2552 Hiereticorum
3338 2502 3498 2554 etiam

1921 2582 2326 2638 ben’edictiones
2358 2584 2684 2641 Laodiceuze
2740 2589 2940 2657 synodi
2979 2590 3288 2646 tricesimus
3313 2607 3506 2647 secun-

1921 2671 2023 2729 dus
2054 2689 2228 2728 canon
2267 2676 2515 2745 accipere
2554 2688 2718 2732 vetat.
2758 2679 3011 2748 Ejusdem
3041 2697 3257 2762 quoque
3309 2686 3498 2752 synodi

1922 2766 1992 2820 57
2032 2777 2084 2821 et
2117 2769 2238 2823 38a
2281 2767 2481 2824 Iudaeis
2531 2771 2612 2825 vel
2662 2772 2931 2826 haereticis
2978 2775 3144 2829 miSsa
3192 2792 3258 2830 ex
3311 2777 3504 2831 festivo

1923 2869 2189 2928 apparatu
2219 2863 2379 2915 xenia
2421 2864 2680 2932 recipere,
2731 2875 2824 2916 aut
2879 2881 2997 2919 cum
3051 2868 3130 2922 eis
3178 2867 3343 2922 festos
3387 2871 3503 2924 dies

1921 2950 2219 3015 celebrare,
2255 2962 2345 3004 aut
2380 2967 2567 3022 azyma
2605 2953 2672 3007 ab
2723 2955 2828 3009 illis
2875 2957 3145 3025 accipere,
3202 2974 3504 3028 eorumque

1919 3040 2150 3108 proinde
2209 3043 2470 3110 impietati
2535 3047 2938 3102 communicare
3009 3060 3170 3117 negat
3226 3062 3497 3120 Oportet-ii.

1923 3130 2114 3186 lmlicit
2145 3143 2324 3188 autem
2353 3137 2442 3189 hic
2474 3151 2648 3190 canon
2684 3153 2788 3191 non
2820 3139 3322 3208 obtemperantibus
3359 3144 3504 3196 mul-

1837 3256 1884 3320 C
1933 3236 2076 3289 tam,
2127 3227 2340 3281 clericis
2390 3228 2609 3298 quidem
2659 3229 3048 3300 depositionem
3079 3270 3093 3294 ,
3159 3233 3313 3288 laicis
3371 3250 3501 3289 vero

1923 3320 2376 3386 segregatione").

1919 3410 2148 3465 ARIST.
2184 3432 2202 3463 ι
2245 3414 2442 3484 Azyma
2474 3412 2705 3470 Judaica
2753 3426 2880 3468 sunt
2955 3419 3281 3486 respuenda.
3331 3419 3502 3485 Quiu-

1997 3522 2014 3553 ι
2056 3504 2218 3558 etiam
2253 3506 2341 3573 qui
2380 3504 2472 3559 eos
2521 3507 2760 3562 medicos
2790 3509 3047 3574 accersit,
3081 3511 3162 3563 vel
3206 3526 3308 3564 una
3360 3527 3481 3565 cum

1995 3617 2012 3647 ι
2058 3597 2123 3650 iis
2156 3597 2321 3661 lavat,
2349 3598 2659 3668 deponitur.
2696 3619 2716 3652 ι

1989 3689 2145 3743 Nulla
2197 3699 2281 3744 est
2329 3690 2658 3747 Christianis
2707 3709 2828 3747 cum
2903 3693 3102 3750 .Iudzris
3159 3697 3493 3750 communio.

1919 3777 2208 3849 Propterea
2255 3781 2438 3849 itaque
2482 3781 2794 3852 quicunque
2846 3798 3035 3838 eorum
3085 3801 3272 3855 azyma
3315 3802 3496 3839 conie-

1920 3872 2068 3936 dere,
2122 3882 2220 3926 aut
2263 3875 2329 3926 ad
2379 3874 2791 3928 medicationem
2845 3891 2941 3930 eos
2985 3891 3198 3940 vocare,
3238 3887 3330 3930 aut
3373 3894 3494 3932 cum

1921 3965 1988 4018 iis
2040 3979 2142 4018 una
2198 3963 2396 4027 lavare,
2449 3973 2542 4018 aut
2585 3964 2742 4018 aliter
2785 3981 2904 4020 cum
2960 3967 3024 4020 iis
3071 3967 3492 4022 fainiliaritatem

1922 4055 2061 4109 inire
2091 4055 2550 4124 deprehendatur,
2578 4056 2622 4110 si
2657 4056 2872 4123 quidem
2923 4059 3154 4113 clericus
3185 4069 3290 4125 est,
3332 4063 3498 4129 depu-

1922 4156 2100 4212 uetur,
2133 4149 2176 4202 si
2211 4163 2338 4202 vero
2365 4148 2556 4211 laicus,
2589 4151 3175 4206 excommunicabitur.

2507 4239 2739 4295 CANON
2781 4242 2896 4298 Xll.

1929 4350 1949 4384 ι
1986 4332 2154 4386 Porro
2190 4331 2291 4386 hoc
2324 4347 2539 4401 quoque
2569 4335 2633 4386 ad
2663 4343 2900 4388 nostram
2953 4337 3316 4406 cognitionem
3341 4339 3493 4407 {per-

2004 4444 2022 4476 ι
2065 4425 2233 4491 venit,
2265 4426 2408 4494 quod
2443 4426 2495 4479 in
2547 4425 2730 4480 Africa
2767 4436 2820 4481 et
2869 4424 3034 4498 Libya
3084 4439 3136 4482 et
3175 4429 3299 4502 aliis
3339 4431 3491 4493 locis,

2003 4537 2022 4569 ι
2062 4518 2280 4588 quidam
2314 4534 2378 4572 ex
2407 4519 2492 4582 iis,
2524 4521 2612 4586 qui
2645 4519 2755 4573 illic
2781 4529 2908 4573 sunt
2941 4521 3328 4590 religiosissimi
3357 4539 3494 4591 pran-

2001 4631 2019 4663 ι
2059 4613 2224 4674 sules,
2258 4627 2377 4663 cum
2405 4611 2640 4679 propriis
2669 4612 2948 4675 uxoribus,
3005 4613 3165 4665 etiam
3207 4623 3490 4683 postquam

1999 4724 2017 4756 ι
2062 4705 2127 4758 ad
2159 4719 2251 4758 eos
2288 4705 2550 4772 processit
2597 4703 2890 4764 ordinatio,
2928 4720 3030 4757 una
3090 4705 3334 4759 habitare
3387 4723 3492 4760 non

2000 4815 2018 4848 ‹
2061 4805 2341 4858 recusant,
2377 4807 2439 4846 ex
2475 4808 2540 4845 eo
2573 4792 2782 4862 populis
2833 4793 3214 4847 olleuiliculum
3245 4805 3298 4847 et
3340 4811 3490 4850 scan-

2003 4907 2021 4940 (
2065 4888 2244 4940 dalum
2281 4887 2588 4939 all‘erentes.
2614 4885 2744 4938 Cum
2773 4884 2954 4952 itaque
2981 4886 3219 4938 studiqu
3251 4900 3491 4940 nostrum

1999 4997 2016 5029 ι
2060 4979 2113 5031 in
2142 4993 2206 5031 eo
2240 4989 2566 5043 magnoiicre
2597 4973 2823 5030 laboret.
2882 4985 2940 5025 ut
2984 4974 3162 5026 numia
3213 4966 3494 5043 θύει-θείς

2005 5089 2022 5120 ι
2067 5071 2118 5121 in
2174 5083 2364 5120 manus
2403 5076 2615 5118 nostras
2663 5065 2845 5117 traditi
2902 5066 3164 5133 nobisque
3211 5069 3486 5122 commissi

1468 5182 1664 5247 Guill.
1718 5187 2047 5267 Beveregii
2083 5192 2267 5246 notae.

321 5311 425 5372 (τι)
445 5311 541 5362 Δίὰ
566 5309 703 5382 τοὺς
730 5311 1180 5382 Aarlrovgllagc
1205 5309 1463 5382 usquead
1496 5312 1814 5382 ᾁφωρισμέ-

253 5393 328 5428 vo:
350 5383 474 5430 εἰσίν
509 5381 784 5437 ιιιιτίιιδίνιι,
822 5397 882 5431 ex
909 5397 1009 5432 ius.
1037 5380 1326 5432 Bodleiano
1361 5380 1484 5432 huic
1514 5380 1633 5434 loco
1665 5380 1813 5438 inse-

264 5452 485 5519 _r_.iinius.
517 5452 621 5501 Sed
661 5450 712 5501 in
736 5450 1084 5503 cuilii-eAiuei
1104 5450 1368 5501 bachiauo
1393 5465 1499 5502 non
1528 5454 1806 5519 leguntur.

259 5515 362 5567 Nec
394 5522 605 5585 quidem
652 5520 821 5586 ipsius
885 5520 1246 5579 Ilalsamonis,
1293 5520 1388 5577 sed
1449 5515 1808 5589 descriptoris

260 5591 486 5653 alicujus
520 5595 680 5642 verba
714 5607 831 5642 esse
873 5591 1141 5650 videntur,
1197 5602 1250 5640 et
1285 5591 1528 5656 margine
1587 5592 1642 5645 in
1690 5605 1805 5646 tex-

257 5665 365 5706 tum
401 5662 745 5726 transcripta.

294 5727 398 5800 (7:2)
428 5730 580 5800 Μετξι
615 5730 729 5797 τὴν
750 5731 841 5782 ἐπ’
877 5731 1096 5793 αὐτοὺς
1150 5730 1565 5799 προελθοῦσαν
1615 5750 1808 5800 χειρο-

258 5798 473 5850 τονίαν.
511 5799 616 5853 Ms.
651 5798 1278 5853 Anierbacbiauushunc
1310 5802 1487 5853 locum
1518 5798 1802 5872 sicilegit,

262 5868 393 5932 μετὰ
433 5871 527 5940 τὴν
557 5870 643 5922 ἐπ’
703 5870 896 5932 αὐτοὺς
952 5873 1304 5939 χειροτονίαν.
1353 5874 1452 5924 οὐκ
1501 5868 1801 5938 αἰτοῦνται,

576 5967 846 6028 ΡΑτιιοι.
894 5970 1009 6026 (in.
1057 5968 1433 6028 CXXXV”.

1925 5316 2262 5383 πρόσκομμα
2293 5305 2383 5361 οὖν
2408 5308 2619 5370 πολλοῖς
2645 5325 2700 5360 τε
2730 5308 2907 5383 ἄλλοις
2939 5309 3176 5383 τίθενται
3200 5311 3490 5383 καὶ-σκαν-

1920 5378 2101 5444 δαλον,
2137 5378 2267 5448 ἡμῖν
2308 5379 2364 5431 δὲ
2402 5379 2603 5446 πολλῆς
2639 5379 2876 5444 σπουδῆς
2909 5378 3096 5447 οὔσης.
3146 5392 3247 5432 etc.
3291 5378 3487 5434 Vt'l'tllll

1920 5473 2017 5524 pro
2039 5451 2315 5506 αἰτοῦνται
2347 5450 2632 5516 legendum
2666 5457 2849 5516 procul
2877 5451 3039 5502 dubio
3071 5451 3488 5519 παραιτοῦνται.

1918 5519 2002 5578 vel
2039 5519 2506 5591 ﬁlp‘ﬁ‘:0§v19,_ltll
2543 5522 2594 5572 in
2631 5529 2816 5570 nostro
2858 5537 2960 5572 ins.
3001 5522 3213 5588 legitur;
3252 5538 3348 5588 pro
3376 5540 3486 5591 quo

1919 5595 1975 5648 in
1995 5587 2232 5646 editio—ue
2254 5587 2546 5642 Parisiensi
2570 5599 2836 5659 scriptum
2867 5599 2950 5642 est
2980 5587 3404 5658 παρατίθενταιξ
3426 5594 3487 5647 Et

1921 5663 2144 5731 quidem
2218 5662 2268 5712 in
2340 5658 2694 5713 variantibus
2742 5658 2970 5713 lunatae
3040 5662 3364 5716 lectionibus
3424 5680 3488 5718 «ιχ

1917 5730 2021 5786 ms.
2074 5732 2234 5786 etiam
2292 5730 2725 5785 Amerbacbiauo
2785 5743 2926 5785 recte
2983 5733 3238 5783 scribitur
3281 5747 3486 5801 παραι-

1913 5821 2149 5856 τουνται.

3103 5954 3170 6018 18
