3940 6480
320 355 417 420 561
1350 369 1431 428 iN
1470 372 1638 431 CAN.
1683 374 1830 433 XIII
1855 373 2065 434 CONC.
2097 374 2178 435 IN
2212 374 2543 436 TRULLO.
3453 374 3572 437 56?-

391 469 589 525 ΒᾹΛΣ.
645 470 1000 537 κωλύσαντες
1046 477 1091 527 οἱ
1143 475 1275 532 θεῖοι
1320 480 1557 549 Ιιατέρες
1602 484 1726 546 τοὺς
1784 488 1892 536 ἐπι-

2077 485 2269 540 BALS.
2291 487 2420 539 Cum
2455 484 2860 551 prohibuissent
2884 485 3056 542 sancti
3094 486 3281 541 Patres
3303 487 3570 555 episcop~s

316 562 562 624 σκόπους
614 563 756 631 μετὰ
787 565 888 634 τὴν
934 569 1269 636 χειροτονίαν
1302 573 1418 632 ταῖς
1462 574 1690 637 οἰκείαις
1722 593 1892 629 συνοι-

2001 593 2120 631 cnm
2158 577 2390 645 propriis
2423 576 2680 630 uxoribus
2711 577 2956 631 habitare
2988 586 3108 644 post
3140 576 3564 634 ordinationem,

312 655 436 705 κεῖν
466 653 740 721 γυναιξὶν,
790 657 1268 714 ὑποδιαστέλλουσι
1300 663 1368 716 τὰ
1419 667 1547 735 περὶ
1583 667 1690 719 τῶν
1719 669 1899 723 διακό-

314 763 428 799 νων
479 749 575 798 καὶ
623 748 733 800 τῶν
782 749 1008 818 ἱερέων*
1056 751 1152 805 καὶ
1193 753 1567 823 διορθούμενοι
1606 757 1793 829 ὥσπερ
1841 761 1899 813 τὸ

312 840 606 907 γινίμενον
634 842 796 910 χάριν
822 840 1026 896 τούτων
1058 846 1139 906 εἰς
1178 844 1278 914 τὴν
1308 846 1417 900 τῶν
1454 847 1740 918 Ῥωμαίων
1777 850 1897 904 Ἐκ-

311 932 571 998 κλησίαν,
598 933 839 1000 δηλονότι
868 935 927 989 τὸ
953 938 1361 1006 ἀναγκάζεσθαι
1391 940 1484 994 καὶ
1509 940 1728 1006 τούτους
1763 943 1902 1012 μετᾶ

310 1028 417 1092 τὴν
445 1025 781 1094 χειροτονίαν
808 1028 1035 1098 ἀπέχειν
1069 1033 1133 1083 ἐκ
1160 1032 1264 1083 τῶν
1295 1033 1558 1104 πρότερον
1586 1036 1900 1107 συζευχθει-

315 1118 430 1167 σῶν
466 1119 649 1179 αὐτοῖς
691 1121 996 1186 γυναικῶν·
1051 1124 1477 1187 ἀναστέλλοντες
1529 1126 1587 1178 δὲ
1638 1127 1730 1179 καὶ
1773 1127 1901 1189 τοὺς

312 1212 450 1271 ἴσως
500 1210 796 1279 μέλλοντας
828 1208 1003 1266 εἰπεῖν
1050 1215 1355 1269 κωλύεσθαι
1387 1217 1483 1269 καὶ
1510 1216 1737 1281 τούτους
1769 1228 1895 1270 συν-

308 1306 459 1355 εῖναι
504 1305 626 1366 ταῖς
669 1306 900 1369 οἰκείαις
945 1306 1215 1375 γυναιξὶν,
1247 1307 1435 1380 ὥσπερ
1466 1309 1532 1379 δὴ
1564 1309 1901 1366 κεκώλυνται

316 1393 418 1445 καὶ
449 1394 498 1445 οἱ
540 1395 854 1466 ἀρχιερεῖς,
909 1396 1238 1468 διορίζονται
1271 1401 1398 1462 τοὺς
1444 1400 1627 1464 ἀξίους
1655 1418 1900 1471 χειροτοο

318 1487 444 1546 νίας
485 1486 561 1555 μὴ
607 1487 1071 1556 ἀποζευγνύεσθαι
1111 1492 1175 1544 ἐκ
1203 1490 1311 1544 τῶν
1344 1494 1622 1563 προτέρων
1652 1496 1901 1563 νομίμων

310 1575 590 1641 γυναικῶν
635 1577 832 1631 αὐτῶν.
881 1580 1235 1650 Προστιθέασι
1277 1582 1334 1635 δὲ
1365 1584 1441 1653 μὴ
1472 1584 1619 1653 ἔχειν
1669 1585 1898 1649 τούτους

310 1666 416 1736 τὴν
462 1670 601 1738 μετὰ
642 1669 752 1721 τῶν
805 1672 1089 1741 ὀμοζύγων
1121 1673 1301 1727 αὐτῶν
1340 1677 1636 1744 συνάφειαν
1668 1678 1892 1747 ἀδιαφο-

2006 1695 2117 1734 stnn
2148 1691 2413 1749 tempore,
2445 1696 2510 1737 eo
2556 1681 2763 1734 scilicet
2791 1687 3031 1747 tempore
3075 1690 3184 1746 quo
3223 1675 3525 1728 sacriﬁcant
3555 1690 3569 1725 :

312 1779 447 1831 ρον·
497 1761 632 1816 ἀλλά
679 1763 1091 1820 ἀποδιίστασθαι
1130 1766 1334 1821 τούτων
1381 1770 1523 1821 κατὰ
1561 1770 1654 1823 τὸν
1707 1772 1892 1838 καιρὸν

2006 1773 2147 1826 sicut
2185 1772 2285 1827 hoc
2316 1774 2521 1827 tlcllniit
2551 1782 2607 1826 et
2632 1770 3077 1839 Carthaginiensis
3109 1768 3346 1838 synodus
3374 1767 3423 1818 in
3457 1766 3490 1817 ’5
3518 1775 3587 1817 et

306 1853 414 1921 τῆς
464 1852 765 1923 ἐφημερίας
793 1852 993 1921 αὐτῶν,
1040 1856 1206 1926 ἤγουν
1260 1855 1381 1910 καθ’
1408 1855 1503 1921 οὓς
1549 1858 1892 1929 ἱερουργοῦσι

2002 1864 2072 1918 25
2103 1873 2155 1917 et
2186 1863 2251 1917 70
2304 1879 2430 1917 can.
2483 1873 2535 1917 et
2588 1862 2622 1916 '5
2655 1878 2830 1916 canon
2888 1859 3130 1931 Dionysii
3160 1854 3573 1925 archiepiscopi

2001 761 2098 813 luti
2130 760 2464 827 corrigentes
2505 761 2645 827 quod
2689 774 2750 814 ea
2780 761 2847 813 de
2896 776 3057 813 causa
3110 763 3167 811 lit
3217 760 3267 811 in
3326 759 3565 811 llomana

2002 849 2271 914 Ecclesia,
2306 849 2516 904 scilicet
2542 851 2684 918 quod
2720 858 2775 902 ct
2816 849 2851 903 ii
2886 862 3003 917 post
3036 850 3431 902 ordinationvm
3476 864 3571 900 co-

2002 954 2199 1013 gantur
2225 960 2253 996 a
2292 944 2443 1013 prius
2481 944 2581 997 sibi
2617 944 2926 1012 conjunctis
2962 944 3220 995 uxoribus
3256 943 3566 996 abstinere:

2005 1036 2364 1103 reprimentes
2420 1048 2600 1088 autem
2660 1046 2715 1089 et
2770 1050 2884 1097 eos,
2940 1035 3029 1101 qui
3092 1032 3324 1084 fortasse
3374 1030 3567 1082 dicturi

2001 1222 2457 1289 quemadmodum
2491 1221 2843 1289 prohibentur
2865 1217 3239 1279 etantistites;
3271 1216 3571 1268 decernunt

2002 1332 2114 1378 eos,
2155 1316 2244 1385 qui
2280 1326 2337 1370 ut
2364 1314 2687 1369 ordinentur
2720 1313 2866 1382 digni
2898 1322 3045 1375 sunt,
3076 1327 3105 1364 a
3149 1310 3422 1379 prioribus
3453 1309 3569 1361 suis
3638 1356 3641 1361 λ

2004 1408 2253 1477 legitimis
2279 1408 2542 1463 uxoribus
2595 1422 2700 1460 non
2755 1405 3021 1474 separari.
3072 1403 3344 1471 Adjiciunt
3392 1410 3573 1453 autem

2003 1515 2095 1552 eos
2128 1508 2233 1553 non
2264 1516 2384 1553 cum
2427 1502 2541 1553 suis
2575 1498 2901 1567 conjugibus
2933 1496 3372 1564 conjunctionem
3407 1493 3573 1545 indis-

2005 1590 2335 1649 crimiuatim
2368 1590 2687 1654 habituros;
2721 1590 2812 1642 sed
2842 1590 2907 1641 ab
2952 1587 3021 1641 iis
3068 1586 3412 1640 abstenturos
3442 1581 3573 1636 vicis

1962 684 1963 690 η
2001 670 2064 723 de
2105 668 2349 722 diacouis
2382 679 2433 722 et
2462 668 2831 722 sacerdotibus
2861 669 3337 737 subdistinguunt;
3379 677 3433 719 et
3478 681 3571 719 ve-
3666 686 3670 746 ς
3734 716 3735 723 η

2000 1142 2156 1182 erant
2193 1129 2468 1198 prohiberi
2503 1140 2556 1182 et
2606 1128 2726 1181 illos
2773 1142 2893 1180 cum
2946 1126 3060 1179 suis
3091 1125 3349 1177 uxoribus
3400 1123 3565 1183 coire,
3646 1136 3663 1200 ὲ

309 1948 579 2013 καιρούς·
624 1945 811 2014 ὥσπερ
859 1945 1035 2026 τοῦτο⁵
1072 1946 1364 2015 διωρίσατο
1419 1948 1514 2001 καὶ
1572 1951 1606 2019 ἡ
1642 1952 1700 2002 ὲν
1745 1950 1895 2019 Καρ.-

310 2037 520 2108 θαγένῃ
558 2038 774 2100 σύνοδος
822 2038 879 2090 ὲν
927 2036 1004 2107 τῷ
1032 2036 1079 2105 γ’
1112 2037 1208 2091 καὶ
1241 2036 1318 2091 κε’
1368 2038 1461 2092 καὶ
1493 2038 1534 2091 ο’
1564 2041 1772 2105 κανόνι,
1801 2042 1896 2093 καὶ

305 2129 340 2181 ὁ
363 2136 410 2197 γ’
448 2128 631 2184 κανὼν
660 2129 754 2183 τοῦ
788 2130 1223 2201 ἀρχιεπισκόπου
1265 2130 1671 2200 Ἀλεξανδρείας
1711 2138 1896 2195 Διονυ-

308 2221 455 2276 σίου.
488 2223 630 2285 Τοὺς.
671 2223 727 2276 δὲ
765 2223 1088 2291 τολμῶντας
1118 2224 1443 2290 ἀποστερεῖν
1483 2226 1623 2294 μετὰ
1653 2227 1750 2293 τὴν
1784 2244 1895 2296 χει-

312 2314 567 2383 ροτονίαν
604 2314 730 2376 τοὺς
768 2313 1050 2375 διακόνους
1090 2313 1187 2366 καὶ
1236 2314 1363 2376 τοὺς
1398 2315 1563 2383 ἱερεῖς
1608 2314 1704 2382 τῆς
1759 2314 1895 2384 μετά

303 2405 421 2458 τῶν
459 2406 739 2477 προτέρων
770 2406 1022 2476 νομίμων
1066 2406 1345 2475 γυναικῶν
1380 2407 1561 2459 αὐτῶν
1599 2406 1896 2475 συναφείας

301 2496 690 2567 καθαιρεῖσθαί
727 2515 881 2565 φασι.
914 2498 1147 2565 Προσέτι
1180 2516 1241 2566 γε
1275 2499 1381 2570 μὴν
1412 2500 1507 2553 καὶ
1542 2500 1738 2559 αὐτοὺς
1769 2499 1895 2565 τοὺς

305 2592 846 2659 χειροτονουμένους,
885 2594 1157 2663 προφάσει
1189 2595 1476 2660 εὐλαϐείας
1501 2594 1598 2660 τὰς
1629 2600 1895 2664 γυναῖκας

305 2684 491 2736 αὐτῶν
535 2683 916 2750 ἐκϐάλλοντας,
969 2685 1323 2756 ἀφορίζεσθαι
1369 2688 1732 2759 διορίζονται·
1770 2690 1895 2741 ὲπι-

307 2777 573 2842 μένοντας
601 2774 656 2825 δὲ
692 2773 767 2842 τῷ
788 2775 964 2844 κακῷ,
992 2777 1160 2846 ῆγουν
1194 2779 1267 2846 μὴ
1304 2776 1893 2846 προσλαμϐανομένους

303 2868 535 2931 ταύτας,
568 2870 660 2921 καὶ
686 2867 1084 2938 καθαιρεῖσθαι.
1127 2868 1384 2934 Ὑπέξελέ
1418 2888 1508 2939 μοι
1535 2870 1660 2931 τοὺς
1690 2872 1746 2924 ὲν
1773 2871 1894 2933 ταῖς

310 2960 681 3029 βαρόαρικαῖς
731 2960 1053 3029 ἐκκλησίαις
1094 2961 1280 3031 ἱερεῖς.
1322 2962 1431 3015 Καὶ
1477 2962 1754 3029 ἀνάγνωθι
1799 2963 1894 3015 τὸν

302 3053 339 3104 λ
384 3056 584 3106 κανόνα
610 3053 711 3122 τῆς
740 3054 1023 3125 παρούσης
1057 3053 1275 3107 συνόδου
1307 3054 1436 3123 περὶ
1464 3053 1670 3107 τούτων
1697 3054 1893 3123 θεσμο-

306 3147 591 3202 θετοῦντα.
644 3149 737 3214 Μὴ
789 3146 1123 3217 ὲναντιωθῇς
1176 3146 1232 3198 δὲ
1273 3145 1351 3214 τῷ
1395 3151 1444 3213 γ’
1491 3148 1676 3200 κανόνι
1703 3145 1803 3215 τῆς
1833 3147 1890 3198 ὲν

302 3237 642 3310 Καρθαγένῃ
667 3239 906 3303 συνόδου,
929 3238 1145 3305 λέγοντι
1166 3236 1471 3291 κωλύεσθαι
1494 3237 1594 3304 τῆς
1623 3239 1762 3306 μετά
1785 3238 1893 3291 τῶν

303 3332 595 3400 ὁμοζύγων
647 3333 827 3386 αὐτῶν
888 3333 1186 3400 συναφείας
1242 3333 1384 3385 κατὰ
1434 3333 1527 3385 τὸν
1569 3332 1765 3403 καιρὸν
1798 3334 1897 3402 τῆς

302 3425 615 3493 ἐφημερίας
668 3426 850 3479 αὐτῶν
901 3426 1268 3489 ἐπισκόπους,
1327 3425 1735 3496 πρεσϐυτέρους
1798 3426 1895 3479 κα)⁸

300 3518 608 3581 διακόνους.
652 3519 713 3571 Ὀ
738 3518 847 3588 γὰρ
892 3517 935 3571 δ’
962 3517 1141 3572 κανὼν
1175 3519 1277 3589 τῆς
1325 3519 1495 3588 αὐτῆς
1526 3519 1768 3582 συνόδου,
1801 3521 1895 3572 καὶ

302 3613 333 3662 ὁ
368 3616 471 3675 κε’,
515 3613 606 3664 καὶ
636 3612 664 3663 ὀ
699 3610 914 3682 παρὼν,
952 3611 1048 3664 καὶ
1077 3612 1202 3674 τοὺς
1242 3611 1625 3675 ὑποδιακόνους
1663 3614 1893 3683 προστί-

307 3703 437 3771 θησι
468 3703 603 3774 ('76).
638 3704 953 3775 Σημείωσαι
984 3702 1096 3757 ἀπὸ
1122 3704 1215 3756 τοῦ
1246 3705 1514 3774 παρόντος
1556 3703 1779 3767 κανόνος
1808 3707 1890 3763 ὅτι

304 3792 711 3859 ἀναγκάζονται
751 3796 799 3846 οἱ
853 3795 1040 3864 ἱερεῖς,
1089 3794 1183 3845 καὶ
1208 3794 1257 3847 οἱ
1283 3793 1522 3846 διάκονοι
1555 3794 1646 3846 καὶ
1675 3795 1724 3846 οἱ
1756 3795 1890 3847 ὐπο-

299 3884 562 3950 διάκονοι,
590 3887 662 3948 ὡς
678 3885 745 3938 τὰ
769 3885 889 3956 ἱερὰ
910 3884 1435 3954 μεταχειριζόμενοι,
1456 3884 1757 3954 ἀπέχεσθαι
1781 3885 1889 3938 τῶν

2000 1957 2369 2011 Alexandrini.
2402 1957 2504 2011 Eos
2531 1966 2731 2019 autem,
2764 1954 2855 2023 qui
2894 1954 3120 2007 audeant
3174 1962 3291 2020 post
3343 1951 3569 2003 ordina-

1978 2049 2197 2102 tionem
2235 2050 2490 2102 diaconos
2526 2057 2579 2103 ct
2622 2048 2937 2104 sacerdotes
2982 2061 3104 2099 cum
3143 2042 3411 2112 prioribus
3461 2040 3574 2093 suis

2002 2141 2256 2210 legitimis
2288 2141 2553 2193 uxoribus
2582 2137 2976 2194 consuetudine
3014 2135 3259 2205 privare,
3300 2133 3575 2199 deponen-

1997 2234 2095 2287 dos
2128 2234 2332 2287 dicunt.
2365 2234 2636 2286 Praeterea
2676 2231 2834 2299 172
2862 2238 3039 2283 autem
3079 2236 3133 2281 et
3165 2227 3315 2295 ipsos
3343 2225 3433 2292 qui
3480 2238 3575 2275 or-

2000 2325 2281 2389 dinantur,
2306 2338 2434 2377 suas
2459 2338 2656 2377 uxores
2679 2322 2897 2390 pietatis
2926 2329 3184 2388 praztextu
3212 2316 3568 2385 expellentcs,

2000 2418 2363 2488 scgregandos
2412 2423 2699 2470 statuunt:
2738 2414 2819 2468 sin
2880 2422 3059 2465 autem
3095 2410 3147 2463 in
3203 2407 3343 2461 malo
3394 2405 3570 2474 persi-

1996 2518 2161 2573 stant,
2214 2524 2305 2562 seu
2346 2523 2438 2563 cas
2496 2522 2603 2561 non
2676 2504 2965 2570 accipiant,
3015 2501 3176 2556 etiam
3203 2498 3571 2568 deponendos.

2006 2603 2207 2672 Excipe
2238 2602 2372 2656 mihi
2406 2602 2735 2664 sacerdotes,
2784 2598 2876 2675 qui
2906 2607 3034 2651 sunt
3073 2596 3124 2649 in
3172 2592 3417 2649 ecclesiis
3450 2593 3575 2645 bar—

1997 2697 2222 2752 baricis.
2258 2695 2399 2763 Lege
2429 2704 2483 2749 et
2514 2694 2582 2748 50
2609 2707 2871 2749 canonetn
2920 2689 3081 2758 hujus
3126 2686 3317 2754 synodi
3372 2686 3437 2738 de
3487 2683 3573 2737 his

2004 2805 2218 2858 quoque
2274 2795 2619 2841 statuentem.
2669 2782 2746 2836 Ne
2785 2796 3086 2852 repugnare
3144 2789 3320 2832 autem
3371 2778 3567 2832 existi--

2005 2896 2118 2934 mes
2149 2880 2182 2933 '5
2212 2896 2337 2933 can.
2373 2877 2559 2931 Carth.
2603 2891 2727 2945 syu.
2774 2874 2999 2934 dicenti,
3041 2870 3315 2939 prohiberi
3364 2885 3389 2920 a
3442 2885 3571 2929 cou-

1995 2970 2282 3041 juuctione
2308 2984 2426 3022 cum
2465 2968 2580 3021 suis
2635 2965 2911 3027 uxoribus,
2962 2963 3094 3015 vicis
3144 2977 3255 3012 sua:
3309 2970 3566 3026 tempore,

2000 3062 2305 3128 cpiscOpos,
2337 3055 2684 3125 presbyteros
2719 3063 2772 3105 et
2806 3052 3080 3104 diaconos.
3120 3048 3373 3115 Ejusdem
3423 3046 3570 3099 enim

1999 3152 2188 3221 synodi
2226 3164 2399 3203 canon
2434 3149 2467 3201 4
2501 3158 2555 3200 et
2590 3145 2657 3198 25
2694 3152 2747 3198 et
2786 3157 3048 3212 prtescns,
3087 3140 3250 3194 etiam
3309 3137 3572 3205 hypodia—

1998 3260 2166 3296 conos
2195 3242 2403 3311 adjicit.
2431 3241 2565 3295 Nota
2617 3255 2681 3295 ex
2725 3234 2972 3306 praesenti
3013 3249 3241 3296 canone,
3290 3233 3433 3299 quod
3482 3244 3570 3281 sa-

1995 3338 2240 3389 rcrt'lotes
2286 3346 2339 3389 et
2385 3333 2597 3389 diaconi
2640 3342 2695 3387 et
2740 3326 3125 3400 hypodiaconi,
3177 3334 3234 3377 ut
3271 3324 3360 3392 qni
3410 3336 3568 3376 sacra

1997 3436 2256 3491 tractant,
2288 3444 2315 3479 a
2346 3426 2459 3480 suis
2491 3423 2801 3479 abstineant
2832 3419 3094 3474 uxoribus
3122 3417 3318 3469 vicium
3348 3428 3567 3467 suarum

2006 3521 2342 3589 temporibus
2375 3536 2594 3575 necesse
2623 3526 2725 3572 est.
2759 3516 2858 3581 Qui
2894 3516 3075 3583 itaque
3117 3519 3371 3579 perpetuo
3398 3514 3453 3559 et
3488 3504 3571 3557 in-

2003 3616 2122 3668 dies
2179 3615 2568 3684 pr0pemodum
2607 3612 2939 3667 ministrant,
2984 3617 3039 3659 et
3078 3619 3229 3658 sacra
3278 3599 3568 3667 attingunt,

2000 3720 2239 3771 quonam
2279 3703 2436 3756 modo
2461 3718 2517 3755 se
2543 3698 2919 3755 excusabuut?
2951 3696 3095 3765 che
3126 3701 3179 3746 et
3213 3691 3267 3755 5,
3292 3689 3363 3743 25
3403 3698 3453 3741 et
3502 3687 3572 3738 70

1998 3813 2123 3852 can.
2153 3796 2345 3866 synodi
2380 3792 2829 3864 Carthaginiensis
2878 3802 2932 3845 et
2982 3803 3106 3858 quae
3135 3787 3191 3840 in
3250 3786 3317 3838 iis
3366 3783 3575 3851 scripta

1996 3896 2141 3942 sunt.

304 3976 452 4032 ἱδίων
491 3978 766 4045 γυναικῶν
802 3976 945 4031 κατά
973 3977 1099 4034 τοὺς
1148 3976 1375 4045 καιροὺς
1418 3975 1527 4028 τῶν
1557 3978 1879 4048 ὲφημεριῶν
1918 3981 2120 4035 αὐτῶν.
2167 3982 2229 4035 0i.
2275 3981 2406 4047 γοῦν
2447 3979 2514 4032 δι’
2555 3979 2677 4033 ὅλου
2729 3976 2825 4029 καὶ
2874 3973 3059 4044 σχεδὸν
3141 3970 3263 4025 καθ’
3334 3969 3572 4035 ἑκάστην

312 4070 761 4140 λειτουργοῦντες
800 4068 895 4122 καὶ
926 4066 1288 4138 ψηλαφῶντες
1341 4067 1409 4120 τά
1453 4067 1586 4136 ἅγια
1637 4068 1690 4121 τί
1737 4071 2202 4147 ἀπολογήσονται;
2250 4072 2586 4141 ’Λνάγνωσον
2614 4069 2708 4124 καὶ
2738 4068 2805 4136 γ’,
2843 4074 2918 4122 κε’
2980 4069 3073 4122 καὶ
3141 4064 3181 4119 o'
3215 4066 3413 4120 κανόνα
3474 4062 3572 4130 τῆς

302 4166 361 4218 ὲν
393 4163 721 4232 Καρθαγένῃ
753 4163 971 4216 συνόδου
1004 4162 1099 4215 καὶ
1127 4162 1195 4214 τά
1226 4163 1286 4213 ἐν
1319 4163 1531 4226 αὐτοῖς.

373 4258 623 4313 ΖΩΝΑΡ.
671 4257 760 4309 Ἐν
807 4259 874 4325 τῇ
934 4255 1223 4325 Ῥωμαίων
1276 4257 1574 4329 Ἐκκλησία
1625 4261 1790 4326 φασιν
1836 4263 1888 4315 οἱ

303 4352 438 4405 θεῖοι
473 4352 717 4420 Πατέρες
766 4349 886 4411 ἔθος
918 4350 1225 4419 κρατῆσαι,
1259 4351 1352 4403 κοιλ⁷
1381 4352 1454 4412 ὡς
1500 4351 1701 4406 κανόνα
1741 4352 1886 4406 ὲκεί-

305 4461 420 4505 νοις
481 4441 765 4515 κρίνεσθαι
824 4442 949 4503 τοὺς
1002 4442 1513 4512 χειροτονουμένους
1567 4444 1731 4510 ἱερεῖς
1792 4445 1888 4498 καὶ

303 4533 592 4596 διακόνους
646 4532 993 4585 συντίθεσθαι
1026 4534 1120 4586 καὶ
1149 4532 1430 4602 ὁμολογεῖν
1474 4535 1774 4605 ἀπέχεσθαι
1800 4553 1887 4588 τε-

304 4625 469 4688 λείως
509 4624 647 4695 μετὰ
699 4625 799 4693 τὴν
848 4624 1182 4694 χειροτονίαν
1241 4625 1349 4677 τῶν
1398 4627 1663 4695 πρότερον
1703 4628 1887 4691 αὐτοῖς

309 4717 713 4787 συζευχθεισῶν
759 4718 1057 4785 γυναικῶν.
1092 4716 1261 4769 Τοῦτο
1308 4716 1361 4768 δὲ
1396 4720 1557 4788 ἡμεῖς
1591 4718 1691 4771 οὐκ
1717 4722 1885 4772 ἀπαι-

305 4813 534 4882 τοῦμεν,
565 4814 750 4880 φασὶν,
780 4810 916 4865 ἀλλὰ
944 4810 1022 4880 τῷ
1056 4810 1242 4863 κανόνι
1272 4810 1347 4879 τῷ
1387 4810 1729 4880 ἀποστολικῷ
1754 4812 1885 4863 ἀκοο

309 4902 654 4969 λουθοῦντες,
684 4906 754 4957 τὰ
778 4902 985 4971 νόμιμα
1015 4901 1325 4955 συνοικὲσια
1348 4900 1457 4957 τῶν
1482 4902 1564 4964 είς
1587 4900 1887 4970 ἱερωσύνην

306 4999 621 5065 ἐρχομένων
668 4997 893 5067 κρατεῖν
947 4994 1283 5063 βουλόμεθα,
1335 4995 1428 5047 καὶ
1462 4994 1731 5065 ἱερωμένα
1773 4992 1886 5064 (77)

306 5085 446 5142 εἴναι
467 5089 563 5141 καὶ
589 5087 868 5154 ἀδιάλυτα,
894 5088 988 5139 καὶ
1007 5088 1106 5139 οὐκ
1129 5086 1537 5155 ἀποστεροῦμεν
1571 5086 1766 5148 αὐτοὺς
1786 5087 1888 5155 τῆς

312 5182 451 5253 πρὸς
483 5181 749 5250 ἀλλήλους
782 5179 1076 5248 συναφείας
1107 5179 1198 5232 καὶ
1252 5178 1387 5248 μετά
1415 5178 1505 5231 τὸν
1542 5181 1887 5248 προσήκοντα

300 5274 503 5345 καιρὸν
534 5273 773 5342 ὁμιλίας.
809 5276 903 5336 ’ος
935 5273 1116 5326 τοίνυν
1144 5272 1295 5337 ἄξιος
1327 5272 1520 5342 φανείη
1549 5274 1884 5343 χειροτονίας

2068 4258 2319 4315 ZONAR.
2353 4258 2409 4311 In
2443 4257 2684 4310 Romana
2719 4251 2956 4308 Ecclesia
3002 4264 3205 4303 morem
3241 4245 3561 4306 invaluisse,

1994 4352 2215 4420 vimque
2241 4351 2295 4403 in
2324 4364 2386 4403 ea
2417 4348 2550 4417 legis
2582 4345 2828 4399 obtinere
2853 4343 3017 4396 divini
3056 4341 3241 4393 Patres
3291 4339 3463 4398 aiunt,
3494 4345 3553 4386 ut

2002 4445 2318 4515 quicunque
2352 4439 2687 4498 sacerdotes,
2723 4444 2817 4489 aut
2842 4435 3055 4487 diaconi
3086 4434 3243 4495 lium,
3278 4431 3379 4482 sibi
3431 4430 3566 4483 nihil

1997 4538 2050 4592 in
2096 4548 2374 4604 posterum
2434 4547 2557 4586 cum
2608 4528 2890 4593 uxoribus,
2940 4526 3136 4594 quibus
3192 4533 3318 4576 ante
3372 4522 3568 4576 sociati

1998 4628 2236 4688 fuerant,
2265 4622 2496 4690 amplius
2530 4622 2753 4675 omnino
2788 4615 3100 4673 commercii
3134 4613 3248 4667 fore
3278 4614 3572 4680 proﬁtean-

2002 4730 2107 4783 tur,
2141 4726 2191 4771 et
2227 4714 2544 4783 spondeam.
2582 4710 2651 4765 At
2679 4726 2802 4774 nos,
2834 4708 3104 4777 inquiunt,
3139 4705 3269 4758 nihil
3307 4705 3569 4770 ejusmodi

1997 4808 2357 4879 pustulatnus,
2389 4820 2575 4857 verum
2609 4802 2910 4871 apostolico
2941 4812 3150 4851 canone
3198 4796 3399 4860 edocti,
3441 4812 3572 4851 con-

1997 4911 2227 4955 tractum
2270 4914 2391 4953 cum
2434 4898 2580 4966 justa
2624 4908 2794 4948 uxore
2843 4890 3098 4946 connubii
3141 4887 3339 4953 παυς,
3389 4897 3568 4942 ratum

1995 4991 2427 5058 inviolatumque
2483 5001 2604 5042 esse
2668 4984 2939 5045 volumus,
3002 4995 3177 5049 neque
3226 4995 3332 5049 quo
3388 4978 3569 5032 minus

2000 5098 2183 5140 mutua
2226 5084 2369 5138 inter
2401 5097 2460 5137 se
2487 5077 2900 5141 consuetudine,
2925 5090 3351 5144 congressuque.
3384 5070 3567 5125 habita

1998 5175 2355 5230 nihilominus
2387 5182 2692 5241 temporqu
2726 5168 2958 5231 ratione,
2989 5166 3248 5234 coujuges
3277 5164 3568 5233 perfruan-

1998 5281 2105 5336 tur,
2139 5269 2509 5339 prohibemus.
2548 5264 2602 5318 Si
2642 5263 2764 5334 quis
2800 5262 2963 5332 igitur
3001 5276 3159 5316 sacro
3189 5276 3248 5313 se
3283 5258 3565 5329 presbyte-

1536 5408 1725 5471 Guill.
1762 5408 2094 5487 Beveregii
2141 5414 2335 5469 notae.

383 5541 495 5610 (76)
522 5540 859 5610 Σημείωσαι
882 5537 999 5593 ἀπὸ
1027 5537 1132 5610 τοῦ
1152 5538 1449 5610 παρόντος
1466 5534 1887 5610 κανόνος-..Πειξο

314 5606 490 5681 natiue
525 5606 795 5681 adwﬁuem
828 5606 993 5676 hujus
1022 5607 1370 5681 ABalsamonis
1413 5606 1885 5681 interpretationis

313 5700 381 5738 ex
401 5675 523 5736 'ms.
560 5680 850 5733 Bodleiano
877 5675 1271 5747 supplcvimus,
1306 5692 1482 5745 neque
1508 5677 1652 5747 enim
1686 5676 1738 5728 in
1766 5675 1883 5747 edi-

315 5755 467 5806 tione
503 5750 801 5806 Parisicusi
837 5745 1128 5807 habentur,
1165 5763 1338 5816 neque
1372 5749 1536 5798 etiam
1580 5746 1633 5797 in
1694 5745 1883 5799 codice

316 5821 780 5877 Amerbacbiano.
817 5818 923 5874 Sed
970 5820 1220 5888 suspicor
1270 5832 1331 5871 ea
1394 5816 1735 5873 Balsamouis
1776 5832 1881 5870 non

1984 5549 2108 5587 esse
2136 5543 2421 5601 propterea
2445 5530 2612 5599 quod,
2646 5544 2765 5601 qua}
2795 5528 3081 5601 Balsamou
3122 5523 3281 5601 dixit,
3313 5521 3401 5575 hic
3455 5534 3554 5598 re:-

1986 5588 2274 5673 petuutur,
2309 5610 2376 5677 _ct
2414 5588 2676 5677 canones
2728 5596 3217 5677 Carthaginenses‘
3252 5592 3433 5646 denuo
3482 5588 3562 5642 ci-

1987 5666 2194 5733 tantur,
2230 5671 2322 5738 qui
2354 5686 2381 5723 a
2414 5670 2737 5723 Balsamonc
2761 5677 2887 5721 ante
2907 5666 3057 5738 c_itati
3094 5671 3271 5738 sunt.‘
3453 5727 3487 5738 Δ.

2057 5731 2520 5811 (77)”Ιέρωμένα.
2542 5734 3146 5811 ιιυιιιίεἱιιιιιιεζοιιίιταξ
3167 5731 3342 5811 codex
3355 5731 3569 5785 rectius

1981 5803 2110 5886 legit
2141 5803 2453 5885 ἔρρὡἔνα.
2483 5810 2581 5866 Ms.
2610 5808 2864 5865 Gailandi
2895 5803 3276 5876 ἡδραιωμένα.
