3984 6474
484 347 587 412 563

1741 350 2016 413 THEOD.
2046 352 2448 415 BALSAMON

3614 360 3704 423 {ibi

484 469 656 524 ratus,
707 467 798 515 aut
851 461 1187 525 diaconatus.
1238 469 1331 516 aut
1378 461 1809 518 subdiaconatus
1857 464 2044 518 ordine

2149 466 2516 540 πρεσϐυτέρου
2539 471 2874 547 ῆδιακόνουῆ
2896 475 3247 530 ὐποδιακόνου
3270 474 3408 546 Ξχων
3419 476 3641 544 γυναῖκα
3652 481 3706 528 οὐ

482 551 701 623 dignum
742 554 1001 624 praebeat,
1061 556 1208 626 eligi,
1261 557 1508 625 quamvis
1557 558 1710 613 uxori
1744 559 2043 627 alligatum,

480 643 629 699 trulla
667 661 731 700 ex
761 661 827 701 eo
857 646 1075 700 divortii
1114 648 1364 715 imposita
1403 650 1729 705 necessitate
1774 650 2045 705 hominem

463 735 666 816 .licebit
696 754 710 791 :
751 752 816 791 ne
842 738 1043 808 alioqui
1085 740 1325 810 nuptias.
1359 756 1496 811 quas
1546 750 1603 796 et
1638 758 1736 797 suo
1769 743 1882 812 ipse
1910 758 2046 797 con-

482 836 670 896 spectu
733 828 993 884 Dominus
1051 833 1377 895 honestavit,
1428 846 1484 888 et
1519 834 1794 889 miraculis
1848 835 2045 891 ibidem

480 921 640 974 editis
692 923 1056 987 consecravit,
1105 924 1412 994 improbare
1458 927 1759 981 videamur.
1809 928 2045 993 Quarum

487 1014 703 1082 quidem
736 1012 897 1068 etiam
929 1019 1300 1082 sanctitatem,
1338 1018 1460 1073 aliis
1500 1034 1718 1090 quoque
1769 1036 2047 1076 sacrarum

486 1103 812 1158 Litterarum
861 1108 1187 1162 testimoniis
1235 1124 1475 1165 asserere
1528 1112 1794 1166 nituntur.
1846 1112 2050 1170 Deinde

481 1196 627 1265 quod
682 1196 734 1249 in
775 1196 1082 1251 connubiali
1139 1200 1329 1270 copula
1375 1202 1641 1273 temporis
1681 1204 1945 1259 rationem
1983 1207 2051 1260 ab

482 1288 709 1342 initiatis
738 1291 1038 1345 habendam
1073 1307 1196 1346 esse
1228 1302 1386 1347 antea
1420 1294 1625 1350 dictum
1660 1305 1760 1361 est,
1791 1297 1841 1351 id
1884 1314 2047 1363 nunc,

420 1414 427 1447 ,
482 1377 648 1431 allato
678 1378 866 1448 synodi
894 1364 1363 1452 Carthaginensis‘
1378 1386 1618 1451 decreto,
1650 1386 1810 1455 quale
1850 1390 1923 1441 sit
1951 1404 2049 1443 ex-

483 1470 732 1540 plicant:
773 1489 881 1544 quo
913 1475 1124 1531 scilicet
1171 1479 1368 1545 quibus
1410 1483 1817 1536 tractandarum
1870 1497 2049 1536 rerum

483 1578 763 1620 sacrarum
819 1583 949 1623 cura
1010 1570 1339 1626 demandata
1388 1582 1494 1637 est,
1556 1588 1651 1644 per
1701 1575 1850 1630 vices
1899 1591 2050 1638 suas,

481 1661 885 1730 constitutaque
914 1662 1053 1733 ipsis
1087 1663 1250 1719 divini
1279 1666 1565 1722 ministerii
1590 1676 1854 1737 tempora,
1884 1669 2053 1723 absti-

486 1765 615 1804 nere
648 1752 718 1805 ab
757 1768 987 1808 uxorum
1028 1757 1356 1826 contagione
1393 1756 1679 1825 jubentur.
1709 1759 1860 1825 Quod
1905 1758 2048 1814 idem

481 1840 841 1898 Alexandrini
874 1860 1094 1916 quoque
1124 1848 1518 1917 archiepisc0pi
1552 1850 1793 1921 Dionysii
1843 1868 2050 1908 canone

482 1935 644 1988 tertio
694 1938 961 1993 sancitum
1023 1949 1129 1995 est.
1181 1941 1335 2008 Quod
1386 1942 1431 1995 si
1480 1942 1570 2012 qui
1604 1943 1951 1999 nihilominus
1982 1944 2050 1999 ab

482 2029 667 2081 uxoris
700 2030 957 2100 legitima:
996 2034 1431 2101 consociatione,
1476 2045 1530 2089 et
1572 2038 1921 2101 commercio,
1957 2052 2048 2091 sa-

480 2121 755 2187 certlotcs,
789 2133 881 2176 aut
909 2124 1191 2192 diaconos,
1234 2137 1328 2180 ant
1367 2127 1770 2196 hypodiaconos
1820 2141 2051 2185 conetur

480 2213 772 2279 abducere,
812 2216 1189 2286 depositionis,
1221 2235 1341 2287 quae
1390 2221 1626 2275 maxima
1677 2236 1798 2278 esse
1848 2234 2046 2291 potest,

478 2306 681 2361 homini
716 2324 929 2378 pmnam
964 2311 1153 2367 Patres
1201 2314 1545 2371 denuntiant.
1596 2316 1704 2371 Sed
1747 2331 1845 2371 nec
1877 2319 2049 2373 sacris

476 2398 760 2456 ordinibus
792 2403 1040 2468 initiatis,
1068 2420 1206 2474 quos
1241 2406 1503 2470 diximus,
1543 2422 1739 2463 uxores
1771 2423 1898 2463 suas
1926 2410 2051 2464 reli-

478 2492 653 2555 gionis
699 2494 925 2548 obtentu
985 2498 1273 2565 repudiare
1316 2500 1662 2568 permissum,
1694 2500 1824 2568 quin
1864 2484 2046 2567 segre-

476 2582 592 2648 gari
644 2585 819 2651 primo
852 2626 867 2649 ,
918 2588 963 2642 si
1000 2588 1050 2641 id
1090 2589 1349 2657 fecerint,
1380 2604 1444 2643 ac
1474 2590 1573 2645 nisi
1606 2601 1793 2660 postea
1842 2600 2046 2644 mutata

480 2676 753 2729 sententia
784 2677 997 2732 easdem
1041 2680 1376 2746 reduxerim,
1410 2696 1505 2735 eos
1535 2681 1729 2751 deponi
1785 2690 2045 2749 praeterea

469 2764 684 2832 jubent.

473 2857 700 2913 ARIST.
743 2877 761 2911 ι
801 2860 1029 2917 Etiamsi
1058 2862 1284 2919 Romani
1320 2881 1466 2931 eum,
1504 2869 1591 2934 qui
1645 2868 1905 2924 diacOnus
1962 2870 2045 2922 vel

553 2969 571 3001 σ
619 2952 902 3023 presbyter
930 2957 1209 3013 ordinatus
1238 2969 1341 3020 est,
1378 2975 1601 3015 uxorem
1654 2976 1807 3015 suam
1863 2961 2047 3014 dimit-

550 3059 573 3092 ε
613 3053 727 3099 tere
745 3046 927 3112 velint,
950 3064 1045 3103 nos
1067 3059 1242 3104 tamen
1262 3050 1610 3107 diaconorum
1628 3062 1680 3108 et
1699 3053 2043 3124 presbytero-

466 3160 481 3177 ι.
548 3153 568 3185 ι
612 3152 727 3190 rum
760 3140 1005 3209 coniugia
1027 3142 1438 3213 rata,flrmaque
1463 3160 1679 3201 manere
1702 3145 1969 3200 volumus.
2015 3162 2034 3197 ι
2066 3155 2110 3217 C

547 3226 613 3280 Et
645 3229 688 3281 si
718 3229 770 3283 in
825 3230 1069 3285 Eet-lesia
1110 3231 1271 3287 Rom.
1307 3245 1364 3287 ttt
1417 3235 1469 3288 in
1517 3252 1642 3291 can.
1702 3237 1896 3291 ordine
1941 3237 2043 3290 hoc

472 3318 733 3384 obtinuit,
762 3330 823 3375 ut
849 3325 941 3392 qui
978 3326 1044 3377 ad
1080 3327 1521 3395 presbyteratum
1552 3338 1644 3380 aut
1695 3329 2039 3383 diaconatum

469 3424 555 3467 est
584 3417 982 3482 promovendus
1010 3426 1137 3473 ante
1163 3419 1569 3472 ordinationem
1606 3419 1946 3486 conﬁteatur,
1983 3436 2041 3476 se

470 3519 577 3558 non
606 3507 839 3572 amplius
869 3510 1022 3561 uxori
1068 3525 1178 3563 suae
1210 3511 1496 3578 conjungi,
1547 3509 1641 3563 sed
1672 3525 1886 3565 omnem
1918 3526 2039 3565 cum

469 3612 532 3649 ea
568 3602 1006 3666 congressionem
1044 3601 1336 3656 dissolvere
1371 3619 1383 3654 :
1425 3609 1626 3663 tamen,
1656 3611 1714 3654 ut
1742 3616 1935 3671 evang.
1989 3613 2043 3655 et

472 3701 648 3758 apost.
699 3707 844 3746 cura:
894 3695 1250 3757 contrarium,
1286 3694 1353 3749 ab
1391 3694 1493 3747 hoc
1524 3708 1647 3763 can.
1697 3710 1804 3748 non
1845 3695 2043 3748 admit-

470 3784 620 3848 titur,
659 3784 750 3852 qni
782 3785 999 3853 quidem
1033 3785 1281 3841 decernit
1318 3776 1669 3858 presbyteros
1710 3799 1763 3843 et
1789 3790 2044 3843 diaconos

470 3878 723 3945 coniugia
751 3893 845 3931 sua
890 3880 1131 3948 legitime
1177 3881 1309 3935 inita
1353 3896 1694 3951 nequaquam
1726 3884 2041 3949 dissolvere,

475 3965 632 4034 173
648 3965 739 4019 sed
752 3981 873 4020 cum
889 3969 1147 4024 uxoribus
1163 3971 1273 4025 suis
1284 3971 1713 4039 eonjunctionem
1729 3974 2042 4039 observare,

471 4074 502 4111 a
526 4060 921 4115 consuetudine
938 4070 1116 4116 autem
1142 4078 1266 4118 eum
1285 4064 1350 4119 iis
1367 4065 1641 4121 abstinere
1662 4077 1904 4137 tempore
1917 4082 2046 4121 con-

472 4148 733 4210 venienti,
755 4148 855 4202 hoc
883 4158 984 4215 est,
1004 4149 1254 4221 injejunii
1274 4162 1618 4209 etsacrorum
1641 4156 2043 4210 tractandorum

473 4252 736 4307 tempore;
758 4241 1040 4311 utipossint
1062 4243 1135 4308 id,
1149 4246 1289 4314 quod
1313 4261 1341 4299 a
1362 4246 1472 4300 Deo
1492 4247 1809 4315 simpliciter
1835 4257 2043 4318 petunt,

469 4330 739 4385 obtinere.
761 4331 811 4387 Is
826 4342 1006 4388 autem
1022 4336 1115 4405 qui
1137 4338 1353 4406 pietatis
1369 4346 1633 4409 prattextu
1650 4354 1874 4393 uxorem
1891 4334 2044 4394 suam

469 4422 669 4490 ejicere
697 4424 978 4492 aggressus
995 4436 1100 4490 est,
1118 4438 1431 4497 segregatur
1450 4470 1465 4494 ,
1482 4437 1536 4481 et
1563 4430 1609 4483 si
1630 4429 2043 4484 inemendabilis

2149 561 2521 631 κωλυθήσεται
2549 565 2647 635 τῆς
2678 568 2933 638 τοιαύτης
2959 569 3310 640 χειροτονίας,
3338 567 3462 621 οὗτε
3491 568 3706 637 ἀπαιτη-

2151 638 2373 719 θήσεται
2402 653 2733 727 ὁμολογῆσαι
2753 658 2829 722 ὡς
2866 638 3231 729 ἀποστήσεται
3256 662 3352 730 τῆς
3370 660 3499 729 πρὸς
3520 660 3609 728 τὴν
3641 662 3708 712 οἰ-

2149 747 2301 797 κείαν
2324 748 2565 818 γαμετὴν
2587 750 2823 819 όμιλίαςο
2840 753 2914 815 ὡς
2939 754 3005 807 ἂν
3028 757 3103 823 μὴ
3127 752 3375 807 ἐντεῦθεν
3392 753 3704 805 διαϐάλλοιτο

2149 837 2176 889 ό
2198 837 2396 907 γάμος,
2423 839 2483 892 ὃν
2512 842 2539 894 ό
2562 842 2766 913 Κύριος
2789 845 3183 914 παρουσιάσας,
3221 845 3316 897 καὶ
3344 847 3400 896 ἐν
3419 843 3561 912 αὐτῷ
3589 844 3707 896 θαυ-

2154 934 2563 1003 ματουργήσας,
2598 935 2877 1006 εύλόγησε.
2922 938 3031 990 Καὶ
3065 936 3279 1005 ἑτέραις
3309 935 3364 987 δὲ
3418 934 3708 1003 Γραφικαῖς

2153 1022 2385 1091 κρήσεσι
2434 1025 2729 1096 κέχρηνται
2776 1028 2904 1097 περί
2960 1030 3052 1081 τοῦ
3088 1030 3288 1097 γάμου,
3342 1023 3471 1107 Εἶτα
3511 1024 3538 1078 ὂ
3570 1023 3709 1079 εἶπον

2151 1113 2407 1184 ἀνωτέρω
2431 1117 2559 1185 περί
2590 1116 2683 1170 τοῦ
2716 1118 2859 1172 κατὰ
2885 1119 2978 1172 τὸν
3007 1121 3355 1189 προσήκοντα
3384 1116 3569 1187 καιρὸν
3598 1118 3709 1185 όμιο

2150 1206 2263 1259 λεῖν
2315 1210 2437 1272 ταῖς
2480 1215 2753 1280 γαμεταῖς
2796 1214 2923 1275 τοὺς
2966 1213 3296 1283 ίερωμένους
3337 1210 3707 1281 σαφηνίζουσι·

2152 1302 2246 1354 καὶ
2284 1302 2589 1373 μέμνηνται
2635 1305 2736 1374 τῆς
2790 1306 2851 1357 ἐν
2894 1305 3224 1377 Καρθαγένῃ
3273 1303 3490 1356 συνόδου
3540 1302 3711 1354 διατα-

2155 1384 2392 1463 ξάμένης
2425 1396 2554 1459 τοὺς
2585 1397 2653 1450 τὰ
2684 1398 2806 1468 ἰερά
2850 1398 3221 1470 ψηλαφῶντας
3267 1397 3389 1467 ἦτοι
3422 1409 3714 1464 μεταχειριο

2155 1484 2412 1554 ζομένους
2459 1489 2600 1545 κατὰ
2628 1490 2755 1553 τοὺς
2807 1491 2970 1555 ἰδίους
3013 1491 3195 1559 ὅρους,
3247 1490 3419 1559 ἤγουν
3470 1485 3601 1555 μετά
3625 1478 3713 1545 τάς

2154 1578 2459 1648 ἐφημερίας
2488 1579 2668 1633 αὐτῶν
2693 1583 2787 1633 καὶ
2812 1582 2939 1645 τοὺς
2986 1582 3211 1652 καιροὺς
3245 1578 3370 1631 καθ’
3394 1575 3487 1639 οὓς
3517 1576 3714 1644 ἱεροερ·

2153 1668 2363 1734 γοῦσιν.
2401 1673 2464 1724 ὲκ
2507 1672 2616 1725 τῶν
2655 1672 2900 1743 συμϐίων
2932 1670 3384 1744 ἐγκρατεύεσθαι.
3420 1668 3526 1721 Καὶ
3554 1668 3580 1718 ό
3607 1674 3714 1734 τρι-

2153 1776 2243 1825 τος
2274 1762 2329 1815 δὲ
2360 1763 2543 1817 κανὼν
2571 1764 2665 1819 τοῦ
2705 1765 3136 1836 ἀρχιεπισκόπου
3172 1758 3575 1829 Ἀλεξανδρείας
3605 1758 3715 1811 Διο-

2153 1855 2336 1907 νυσίου
2362 1857 2430 1909 τὰ
2461 1858 2601 1911 αὐτὰ
2626 1858 2991 1912 διατάττεται.
3029 1857 3139 1910 Καὶ
3168 1856 3266 1909 ἐπὶ
3309 1851 3521 1914 τούτοις
3566 1851 3709 1903 ἀπειο

2152 1946 2334 2000 λοῦσιν
2355 1950 2403 2001 οί
2424 1950 2514 2002 τὸν
2540 1952 2745 2004 κανόνα
2765 1949 2983 2019 θέμενοι
3011 1950 3251 2020 Πατέρες
3276 1950 3388 2008 τοῖς
3409 1946 3713 2014 ἀποστερεῖν

2152 2022 2935 2112 ἐπιχειροῦσίπρεσϐυτέρους
2982 2040 3014 2110 ἢ
3055 2038 3340 2101 διακόνους
3373 2038 3406 2105 ἢ
3442 2034 3712 2101 ὑποδιακό-

2152 2154 2275 2200 νους
2306 2138 2405 2206 τῆς
2450 2135 2586 2207 πρὸς
2621 2137 2723 2205 τὴν
2765 2134 2995 2205 νόμιμον
3022 2133 3260 2200 γυναῖκα
3312 2126 3602 2195 συναφείας
3642 2124 3715 2181 εἰς

2153 2231 2213 2282 τὸ
2258 2228 2519 2291 παντελὲς
2557 2228 2901 2295 καθαίρεσιν.
2946 2224 3088 2278 Ἀλλ’
3117 2222 3238 2275 οὐδὲ
3281 2222 3393 2283 τοῖς
3419 2216 3713 2289 εἰρημένοις

2156 2321 2472 2389 ἱερωμένοις
2499 2321 2771 2391 συγχωρεῖ
2794 2320 2889 2382 τὰς
2915 2317 3120 2379 οἰκείας
3153 2317 3423 2380 γυναῖκας
3448 2307 3715 2363 ἐκϐάλλειν

2152 2410 2429 2479 προφάσει
2462 2410 2784 2473 εὐλαϐείας·
2843 2407 3095 2478 ἀφορίζει
3125 2406 3233 2475 γὰρ
3280 2405 3407 2465 τοὺς
3454 2397 3715 2459 τοιούτους

2154 2502 2349 2572 μέχρις
2375 2504 2441 2555 ἂν
2473 2486 2889 2571 προσλάϐωνται
2916 2496 3073 2563 αὖθις
3098 2500 3195 2563 τὰς
3217 2498 3428 2571 οἰκείας
3446 2491 3711 2563 συμϐίους,

2153 2595 2505 2664 ἐπιμένοντας
2531 2594 2589 2647 δὲ
2617 2594 2887 2667 καθαιρεῖ.

2112 2877 2121 2887 ⁸
2151 2863 2369 2917 ΔΡΙΣΤ.
2414 2880 2433 2913 ‹
2470 2842 2600 2923 Κδινῖ
2630 2862 2680 2913 oi
2716 2861 2982 2930 Ῥωμαῖοι
3012 2859 3103 2912 τὸν
3152 2858 3231 2921 εἰς
3259 2854 3556 2923 διάκονονῆ
3586 2869 3708 2919 πρε-

2228 2974 2247 3007 (
2295 2954 2557 3023 σϐύτερον
2589 2953 2966 3023 προαγόμενον
2993 2951 3210 3019 ἀφεῖναι
3242 2951 3343 3017 τὴν
3369 2949 3599 3016 γυναῖκα
3624 2943 3727 3013 βει

2226 3067 2244 3099 t
2290 3046 2615 3114 ϐούληνται·
2665 3047 2831 3115 ἡμεῖς
2880 3043 3156 3115 ἐρρῶσθαι
3214 3044 3284 3095 τὰ
3319 3041 3577 3095 διακόνων
3626 3038 3711 3089 καὶ

2215 3162 2234 3193 ι
2281 3138 2667 3211 πρεσϐυτέρων
2698 3136 3000 3208 βουλόμεθα
3037 3136 3375 3189 συνοικέσια.
3404 3152 3421 3187 ι

2215 3235 2278 3288 Εἰ
2308 3235 2403 3287 καὶ
2436 3236 2494 3285 ὲν
2529 3236 2595 3304 τῇ
2639 3231 2928 3301 Ῥωμαίων
2987 3228 3309 3300 Ἐκκλησία,
3357 3228 3435 3291 ὡς
3467 3230 3523 3281 ὲν
3565 3227 3707 3291 τάξει

2143 3326 2399 3389 κανόνος,
2427 3328 2617 3394 κρατεί
2644 3327 2703 3377 τὸ
2734 3323 2825 3376 τὸν
2861 3322 3125 3394 μέλλοντα
3175 3320 3433 3404 γενέσθαι
3487 3319 3709 3389 πρεσϐύν

2143 3436 2301 3490 τερον
2332 3419 2365 3489 ἢ
2404 3418 2653 3471 διάκονον
2699 3414 2807 3486 πρὸ
2847 3417 2946 3486 τῆς
2975 3415 3313 3485 χειροτονίας
3360 3413 3636 3483 ὁμολογεῖν
3660 3410 3714 3462 τὸ

2099 3576 2107 3591 θ
2147 3514 2346 3585 μηκέτι
2381 3510 2755 3567 συνάπτεσθαι
2803 3512 2869 3579 τῇ
2921 3507 3089 3561 αὐτού
3145 3512 3393 3578 γαμετῇ,
3448 3503 3716 3573 ἀλλά,τὴν

2143 3608 2281 3677 πρὸς
2333 3605 2505 3674 αὐτὴν
2548 3603 2846 3671 συνάφειαν
2880 3601 3121 3655 διαλύειν
3142 3617 3156 3634 '
3191 3601 3315 3653 ἀλλ’
3341 3597 3435 3655 οὖν
3467 3599 3541 3663 ὡς
3574 3599 3714 3651 ἐναν·

2144 3694 2431 3764 τιούμενον
2478 3694 2572 3745 καὶ
2617 3695 2686 3763 τῇ
2738 3692 3074 3760 εὐαγγελικῇ
3128 3692 3220 3744 καὶ
3278 3695 3349 3761 τῇ
3397 3688 3709 3773 ἀποστολικῇ

2143 3789 2419 3857 ἀκριϐείᾳ,
2450 3787 2677 3840 ἇδεκτόν
2720 3788 2835 3839 ἐστι
2874 3786 2969 3838 καὶ
3001 3785 3081 3855 τῷ
3110 3784 3345 3854 παρόντι
3376 3784 3593 3838 κανόνι·
3628 3780 3713 3832 καὶ

2144 3880 2439 3952 διορίζεται
2471 3880 2738 3950 μηδαμῶς
2784 3879 2910 3941 τοὺς
2954 3877 3365 3949 πρεσϐυτέρους
3402 3877 3493 3930 καί
3542 3872 3712 3927 διακό-

2145 3990 2270 4036 νους
2300 3973 2369 4026 τὰ
2397 3974 2538 4027 κατά
2574 3974 2776 4042 νόμους
2803 3972 3075 4026 συστάντα
3106 3974 3423 4026 συνοικέσια
3463 3969 3711 4025 διαλύειν·

2145 4063 2281 4118 ἀλλά
2322 4062 2419 4134 τὴν
2475 4062 2613 4134 πρὸς
2646 4062 2744 4125 τὰς
2790 4062 3039 4130 γαμετάς
3082 4060 3262 4114 αὐτῶν
3291 4060 3586 4128 συνάφειαν
3608 4057 3713 4109 δια-

2144 4157 2354 4225 τηρεῖν,
2382 4155 2686 4225 ἀπὲχεσθαι
2717 4153 2775 4207 δὲ
2816 4155 2918 4224 τῆς
2968 4153 3103 4222 πρὸς
3131 4153 3302 4216 αὐτὰς
3331 4151 3543 4224 ὁμιλίας
3584 4146 3711 4202 κατὰ

2145 4245 2236 4299 τὸν
2261 4248 2450 4317 καιρόν
2475 4247 2567 4319 τὸν
2598 4248 2965 4317 προσήκοντα,
2999 4245 3147 4298 τοῦτ’
3176 4244 3326 4297 ἔστιν
3355 4245 3413 4298 ὲν
3440 4244 3516 4313 τῷ
3546 4238 3712 4308 καιρῷ

2145 4338 2245 4408 τῆς
2286 4338 2544 4408 νηστείας
2598 4339 2693 4391 καὶ
2723 4338 2821 4406 τῆς
2869 4336 2977 4389 τῶν
3027 4336 3227 4403 ’Δγίων
3261 4333 3710 4407 μεταχειρίσεως’

2146 4432 2291 4494 ὅπως
2339 4429 2640 4501 δυνηθῶσιν
2683 4430 2712 4483 ὃ
2756 4431 2907 4501 παρά
2940 4428 3036 4482 τοῦ
3071 4427 3205 4482 Θεού
3256 4428 3503 4481 αἰτοῦσιν
3538 4422 3713 4483 ἁπλῶς

470 4514 1180 4588 maneat,dep0uitur,juxta
1193 4520 1437 4589 quintum
1454 4536 1652 4577 canon.
1668 4522 2044 4590 apostolicum.

2150 4523 2451 4591 ἐπιτυχεῖν.
2480 4520 2587 4575 Τὸν
2609 4522 2664 4574 δὲ
2688 4514 3119 4592 ἐπιχειρήσαντα
3141 4520 3410 4590 προφάσει
3441 4516 3711 4574 εὐλαϐείας

468 4607 569 4676 τῆν
608 4605 799 4658 ἑαυτοῦ
828 4609 1079 4663 ἐκϐαλεῖν
1112 4613 1349 4679 γυναῖκα
1379 4612 1734 4684 ἀφορίζεσθαι
1754 4629 1769 4644 °
1803 4610 1921 4666 εἶτα
1948 4615 2041 4666 καὶ
2079 4613 2408 4684 ἀδιόρθωτον
2439 4614 2687 4683 μένοντα,
2718 4612 3101 4683 καθαιρεῖσθαι
3134 4613 3276 4667 κατά
3342 4612 3434 4665 τόν
3493 4612 3713 4665 ἀποστο-

468 4700 619 4752 λικδν
652 4702 897 4769 πέμπτον
924 4704 1147 4757 κανόνα.

1053 4798 1282 4854 CANON
1315 4798 1449 4854 XIV.

474 4905 494 4938 σ
526 4887 844 4941 Sanctorum
878 4890 1290 4960 divinorumque
1316 4892 1535 4946 Patrum
1592 4905 1895 4948 nostrorum
1940 4909 2038 4947 ca~

544 4996 562 5027 ι
601 4993 702 5031 non
747 4978 799 5031 in
829 4980 910 5033 bis
941 4997 1156 5050 quoque
1183 4982 1378 5045 valeat,
1405 4993 1464 5036 ut
1487 4986 1770 5054 presbyter
1816 4994 1944 5038 ante
1970 4985 2039 5039 50

546 5088 564 5120 ι
599 5084 771 5125 annos
805 5088 907 5126 non
942 5076 1245 5138 ordinetur,
1289 5075 1501 5131 etiamsi
1562 5079 1630 5131 sit
1680 5079 1841 5132 homo
1886 5080 2039 5133 Valde

545 5179 563 5210 ι
598 5160 808 5232 dignus,
865 5165 960 5219 sed
1009 5174 1331 5221 reservetur.
1386 5165 1645 5223 Dominus
1687 5172 1829 5223 enim
1882 5170 2042 5225 Jesus

543 5273 561 5301 ι
600 5252 847 5308 Christus
879 5258 1153 5312 tricesimo
1196 5274 1337 5314 anno
1366 5261 1668 5329 baptizatus
1706 5274 1809 5332 est,
1839 5278 1891 5319 et
1930 5281 2044 5319 coe-

548 5367 564 5396 ι
605 5346 677 5413 pit
702 5346 916 5403 docere.
944 5349 1207 5406 Similiter
1235 5368 1335 5407 nec
1358 5346 1622 5417 diaconus
1653 5368 1779 5414 ante
1836 5360 1907 5414 23
1946 5377 2040 5411 an-

546 5456 564 5488 t
603 5456 718 5505 nos,
753 5456 851 5496 nec
888 5442 1193 5500 diaconissa
1228 5453 1354 5499 ante
1378 5446 1448 5502 40
1473 5463 1641 5504 armes
1669 5453 1968 5508 ordinetur.

1060 5714 1289 5771 CANON
1328 5716 1371 5770 Χ
1384 5717 1443 5771 V.

474 5817 496 5853 ι
532 5799 895 5859 Snbdiaennus
948 5823 1011 5860 ne
1050 5809 1226 5863 minor
1290 5810 1360 5864 ‘20
1408 5812 1563 5865 annis
1621 5811 1922 5866 ordinetur.
1976 5812 2030 5868 Si

2750 4793 2988 4846 KANQN
3021 4790 3118 4845 IA'.

2146 4908 2163 4938 ι
2223 4890 2282 4941 Ὀ
2316 4888 2425 4940 τῶν
2457 4888 2631 4955 ἁγίων
2658 4888 2754 4939 καὶ
2791 4886 3065 4956 θεοφόρων
3096 4886 3255 4955 ἡμῶν
3286 4885 3544 4955 Πατέρων
3576 4896 3706 4950 κρα-

2213 4999 2232 5031 ‹
2280 4980 2446 5031 τείτω
2474 4979 2656 5032 κανὼν
2690 4981 2783 5033 καὶ
2813 4982 2871 5033 ὲν
2900 4979 3137 5044 τούτοις,
3168 4978 3310 5031 ὥστε
3340 4976 3703 5049 πρεσϐύτερον

2217 5092 2235 5123 ι
2284 5073 2390 5142 πρὸ
2434 5072 2547 5125 τῶν
2587 5074 2881 5145 τριάκοντα
2930 5072 3070 5126 ὲτῶν
3130 5073 3207 5143 μὴ
3261 5066 3701 5144 χειροτονεῖσθαι,

2217 5185 2237 5215 ι
2285 5164 2389 5217 κᾶν
2430 5164 2572 5218 πάνυ
2703 5168 2731 5219 ό
2760 5166 3056 5235 ἄνθρωπος
3117 5165 3291 5229 ἄξιος,
3323 5163 3439 5217 ἀλλ’
3488 5164 3703 5226 ἀποτη-

2216 5276 2233 5307 ι
2286 5255 2520 5327 ρεῖτβαι.
2558 5257 2618 5309 '0
2654 5259 2762 5326 γὰρ
2792 5258 2996 5326 Κύριος
3033 5258 3243 5327 Ἰησοῦς
3274 5255 3512 5328 Χριστὸς
3546 5255 3601 5304 ἐν
3628 5248 3699 5317 τῷ

2217 5368 2234 5398 ί
2283 5348 2591 5418 τριακοστῷ
2637 5348 2748 5401 ἔτει
2796 5347 3123 5419 ἐϐαπτίσθη,
3160 5351 3254 5401 καί
3311 5346 3513 5420 ἤρξατο
3560 5341 3696 5395 διδά-

2226 5461 2242 5489 ι
2291 5458 2443 5492 σκειν
2467 5456 2480 5469 '
2527 5440 2727 5508 ὁμοίως
2764 5441 2900 5509 μήτε
2944 5440 3195 5493 διάκονον
3241 5441 3346 5509 πρὸ
3374 5439 3481 5492 τῶν
3508 5436 3699 5489 εἰκοσι-

2217 5554 2235 5586 t
2285 5536 2447 5587 πέντε
2488 5534 2697 5605 χρόνων
2736 5533 2767 5602 ἢ
2813 5534 3163 5587 διακόνισσαν
3208 5532 3315 5605 πρὸ
3360 5533 3468 5586 τῶν
3514 5543 3699 5583 τεσσα-

2217 5646 2237 5679 t
2289 5628 2522 5698 ράκοντα
2552 5624 2690 5678 ἑτῶν
2722 5626 3170 5697 χειροτονεῖσθαι.
3222 5646 3240 5677 ι

2744 5719 2980 5774 ΚΑΝΩΝ
3016 5718 3115 5773 IE'.

2148 5833 2165 5866 t
2225 5810 2714 5882 Ὑποδιάκονος.μὴ
2743 5806 2908 5884 ἧττον
2948 5812 3054 5867 τῶν
3082 5814 3255 5867 εἴκοσι
3298 5811 3500 5884 χρόνων
3528 5818 3695 5878 χειρο-
