3984 6474
391 246 490 266 ἰον

389 269 492 309 οἱ)

404 629 411 635 .
461 570 480 603 ι
528 553 646 624 θείη
685 555 930 623 χρόνους,
958 559 1350 631 καθαιρείσθω.
1392 585 1411 618 ι

461 644 655 702 ΒΑΛΣ.
707 649 1024 720 Σημείωσαι
1071 655 1152 708 ὅτι
1204 657 1311 710 ἀπὸ
1361 658 1470 711 τῶν
1518 662 1800 732 παρόντων
1855 665 1949 718 δύο

378 737 625 792 κανόνων
665 740 986 810 καθαιρέσει
1015 746 1523 804 καθυποσάλλονται
1557 754 1606 805 oi
1639 755 1791 823 παρὰ
1820 758 1948 820 τοὺς

373 827 699 896 ὀρισθέντας
750 833 862 896 τοῖς
889 837 1075 891 κανόσι
1098 841 1322 908 χρόνους
1359 845 1848 915 χειροτονούμενοι.
1885 850 1948 901 0!

376 922 649 988 παρόντες
681 923 776 977 δύο
806 929 1054 995 κανόνες,
1086 935 1113 984 ὁ
1143 933 1202 986 ιδ’
1231 935 1325 987 καὶ
1359 938 1386 988 ό
1425 945 1507 1000 ιε’,
1550 942 1678 1003 τοὺς
1718 944 1947 1011 χρόνους

376 1015 719 1070 ὑποτυπουσι
768 1020 879 1072 τῶν
927 1024 984 1076 ἐν
1036 1024 1114 1095 τῷ
1167 1025 1370 1096 βήματι
1431 1031 1940 1103 ἑξυπηρετούντων,

374 1107 574 1174 ἧγουν.
603 1111 819 1181 ἱερέων,
865 1115 1152 1186 διακόνων,
1191 1121 1585 1187 ύποδιακόνων,
1621 1127 1716 1179 καὶ
1763 1127 1945 1181 διακοη

372 1200 579 1254 νισσῶν
601 1219 618 1236 ο
649 1205 746 1257 καὶ
790 1206 1119 1276 δωρέζονται
1151 1213 1242 1266 τὸν
1289 1217 1664 1286 πρεσϐύτερον
1688 1238 1946 1286 τριακον-

372 1297 544 1366 ταετῆ
592 1299 858 1365 γεγονότα
906 1300 1366 1371 χειροτονεῖσθαιο
1423 1310 1514 1362 τὸν
1562 1312 1808 1366 διάκονον
1870 1314 1947 1367 κε’

377 1387 628 1492 χρόνων*
659 1392 753 1444 τὸν
787 1394 1148 1452 ύποδιάκονον
1194 1400 1484 1472 εἰκοσαετῆ
1510 1417 1525 1433 °
1579 1406 1669 1457 καὶ
1703 1406 1802 1474 τὴν
1834 1407 1951 1460 δια-

375 1490 640 1532 γονισσαν
665 1490 1176 1560 τεσσαρακονταετῆ
1204 1507 1218 1522 ο
1252 1493 1380 1556 τοὺς
1403 1494 1460 1546 δὲ
1493 1495 1566 1566 μὴ
1597 1496 1946 1567 ὑπερϐάντας

371 1573 504 1633 τοὺς
549 1575 835 1640 τοσούτους
873 1581 1101 1650 χρόνους
1146 1587 1237 1638 καὶ
1275 1592 1784 1660 χειροτονουμένους
1814 1594 1947 1646 καθ-

385 1667 680 1731 αιρεῖσθαι.
706 1670 817 1722 Καὶ
877 1671 1049 1727 ταῦτα
1081 1676 1182 1744 μὲν
1207 1678 1334 1747 περὶ
1367 1680 1466 1746 τῆς
1513 1680 1622 1734 τῶν
1663 1682 1946 1752 τεσσάρων

372 1756 584 1810 τούτων
614 1759 836 1831 βαθμῶν
866 1767 1217 1833 χειροτονίας,
1246 1769 1318 1823 Τὸ
1354 1771 1411 1823 δὲ
1470 1779 1554 1840 κη’
1608 1790 1732 1843 κεφ.
1781 1775 1874 1828 τοῦ
1905 1775 1951 1829 α’

370 1847 559 1901 τίτλον
590 1849 686 1902 τοῦ
742 1860 790 1920 γ’
827 1852 1033 1923 βιϐλίου
1065 1857 1173 1911 τῶν
1213 1860 1520 1914 Βασιλικῶν
1559 1865 1689 1932 περ)⁸
1729 1863 1947 1933 κληρὼ-

373 1956 521 2003 σεως
572 1943 920 2011 ἀναγνώστου
980 1949 1233 2005 διδάσκον
1288 1954 1585 2025 διορίζεται
1661 1955 1736 2025 μὴ
1796 1952 1938 2010 εἶναι

371 2031 566 2085 τοῦτον
604 2035 803 2104 ἥττονα
856 2040 965 2094 τῶν
1011 2043 1292 2098 δεκαοκτὼ
1341 2047 1627 2102 ἐνιαυτῶν.
1666 2049 1776 2100 Καὶ
1806 2049 1940 2102 ἀνάο

377 2129 549 2193 γνωθι
611 2130 673 2182 τὸ
726 2139 811 2202 κη’
856 2150 981 2202 κεφ.
1039 2137 1133 2191 τοῦ
1184 2145 1230 2192 α’
1278 2140 1457 2194 τίτλου
1533 2143 1625 2196 τοῦ
1680 2143 1948 2214 παρόντος

377 2222 778 2293 συντάγματος.
801 2232 896 2280 καὶ
924 2229 991 2282 τὰ
1023 2231 1082 2284 ὲν
1111 2232 1260 2304 αὐτῷ
1283 2247 1298 2262 ⁸
1326 2235 1597 2304 ἀνάγνωθι
1625 2238 1719 2290 καὶ
1745 2236 1842 2304 τὴν
1877 2232 1951 2298 ις’

378 2314 603 2384 Νεαρὰν
637 2317 730 2370 τοῦ
780 2319 1046 2388 βασιλέως
1091 2325 1276 2394 Κυροῦ
1321 2328 1547 2390 Λέοντος
1585 2329 1680 2381 τοῦ
1720 2328 1942 2380 Φιλοσό-

1423 264 1506 323 IN
1531 266 1694 329 CAN.
1738 270 1868 331 XVI
1900 269 2108 336 CONC.
2142 277 2220 336 IN
2252 278 2578 339 TRULLO.

468 385 487 417 ι
533 366 820 422 τονείσθω.
867 371 928 425 Ei
981 372 1036 425 δέ
1091 393 1174 438 τις
1223 378 1331 430 τῶν
1381 380 1438 432 ὲν
1481 381 1665 453 οῐᾳοῦν
1710 385 1959 459 ἱερατικῇ
1993 395 2035 450 Α

465 478 483 510 ι
529 462 862 517 καταστάσει
896 467 1045 535 παρὰ
1095 470 1219 532 τοὺς
1269 473 1588 542 ὁρισθέντας
1631 495 1947 550 χειροτονη-
2015 505 2030 517 ο

3530 270 3646 334 566⁷

2143 412 2160 444 ι
2200 394 2319 460 quis
2350 405 2526 446 autem
2559 406 2771 452 eorum,
2812 388 2900 457 qni
2934 394 3058 444 sunt
3103 387 3156 441 in
3198 392 3342 440 statu
3373 385 3632 439 sacer-do.

2131 505 2148 535 ι
2190 486 2299 551 tali,
2326 496 2518 553 praeter
2543 484 2803 554 praeﬁnita
2851 491 3090 550 tempora
3135 479 3418 535 ordinatus
3448 474 3630 541 inerit,

2131 596 2148 626 ι
2195 579 2513 645 deponatur.

2125 668 2315 723 BALS.
2348 667 2482 722 Nota
2513 683 2580 721 ex
2609 669 2692 721 his
2721 667 2932 720 duobus
2963 663 3263 718 canonibus
3302 661 3627 730 depositioni

2051 761 2318 815 obuoxios
2351 760 2500 813 reddi
2545 773 2639 811 eos
2693 761 2782 826 qui
2831 768 2982 810 extra
3042 768 3278 823 tempora
3333 753 3636 812 canonilms

2051 853 2317 921 assignata
2343 853 2681 904 ordinantur.
2731 849 3029 903 Prazsenn-s
3084 848 3189 899 duo
3247 858 3504 904 canones.
3565 843 3630 894 M

2051 952 2105 996 et
2153 943 2219 996 i5
2258 958 2442 996 eorum
2499 953 2739 1009 tempora
2788 941 3105 992 describunt
3152 936 3242 1003 qui
3322 935 3376 987 in
3437 950 3626 987 sacra-

2051 1036 2133 1089 rio
2200 1036 2462 1100 serviunt,
2527 1035 2734 1087 scilicet
2806 1032 3171 1093 sacerdotum,
3251 1028 3626 1086 diaconornm,

2050 1128 2505 1181 sulnliacOnorum
2584 1137 2638 1180 et
2727 1125 3198 1184 diaconissarum;
3266 1131 3319 1173 et
3383 1127 3629 1171 statuunt

2050 1222 2384 1276 sacerdotem
2419 1217 2799 1277 Ordinandum,
2830 1216 2918 1284 qui
2950 1213 3109 1266 fuerit
3135 1211 3203 1266 50
3251 1223 3420 1262 annos
3443 1218 3624 1266 natus.

2052 1318 2333 1369 diaconum
2360 1312 2447 1380 qui
2479 1311 2569 1375 25,
2596 1290 2984 1364 subdiaconum
3015 1304 3105 1372 qui
3141 1303 3231 1361 20.
3267 1310 3320 1353 et
3361 1298 3632 1352 diaconis-

2051 1424 2186 1467 sam.
2222 1421 2340 1478 qua:
2371 1405 2478 1468 40;
2534 1419 2630 1458 eos
2667 1410 2846 1455 autem
2902 1398 2994 1468 qui
3059 1398 3172 1448 inec
3224 1405 3462 1460 tempora
3520 1406 3641 1442 non-

2050 1500 2383 1555 excesserint
2414 1507 2467 1551 et
2488 1493 2725 1548 ordinati
2753 1491 2974 1554 fuerint,
3003 1489 3367 1557 deponendos.
3416 1481 3478 1534 Et
3513 1483 3626 1535 haec

2049 1590 2269 1662 quidem
2299 1589 2365 1643 de
2414 1589 2602 1642 horum
2651 1593 2885 1654 quatuor
2935 1579 3195 1651 graduum
3259 1575 3621 1629 ordinatione.

2049 1684 2120 1738 28
2165 1691 2344 1736 autem
2399 1691 2556 1748 caput
2615 1677 2771 1745 primi
2860 1673 2996 1727 tituli
3059 1671 3123 1725 Ill
3171 1669 3290 1723 libri
3346 1666 3623 1729 Basilicor.

2058 1777 2257 1831 docens
2287 1773 2352 1827 de
2415 1770 2627 1826 lectoris
2653 1770 2705 1823 in
2741 1769 2950 1820 clerum
2989 1763 3354 1826 cooptatione,
3381 1757 3632 1811 decernit

2055 1885 2176 1923 enm
2205 1882 2310 1920 non
2343 1867 2537 1920 debere
2566 1877 2686 1916 esse
2716 1862 2976 1914 minorem
3007 1857 3070 1910 ’18
3094 1855 3270 1908 annis.
3299 1852 3438 1920 Lege
3463 1849 3629 1900 etiam

2018 1941 2020 1943 ό
2054 1971 2169 2025 cap.
2195 1955 2264 2008 28
2294 1955 2450 2025 primi
2484 1952 2618 2008 tituli
2659 1949 2941 2018 praesentis
2999 1945 3198 2014 operis,
3225 1953 3277 1995 et
3307 1955 3424 2009 qna:
3465 1939 3517 1993 in
3561 1954 3628 1991 eo

2053 2057 2196 2103 sunt.
2225 2047 2288 2100 Et
2331 2047 2444 2114 lege
2505 2046 2667 2098 etiam
2731 2043 2796 2095 16
2886 2038 3158 2092 Novellam
3232 2036 3362 2101 imp.
3423 2031 3623 2084 domini

2054 2137 2253 2194 Leonis
2301 2137 2632 2205 Philosophi,
2687 2149 2805 2203 quae
2868 2128 3118 2200 praesenti
3188 2126 3379 2181 cononi
3434 2138 3625 2177 conse-

2058 2243 2286 2302 quenter
2317 2230 2526 2294 Statuit,
2561 2230 2771 2283 demum
2813 2225 2926 2279 ﬁeri
2957 2222 3343 2276 subdiaconunt
3376 2226 3625 2286 oportere

2057 2325 2145 2393 qui
2191 2324 2503 2377 vicesimum
2541 2336 2738 2374 annum
2771 2315 3145 2384 compleverit.

375 2429 506 2479 σου,
557 2413 930 2488 διοριζομένην
961 2419 1268 2482 ἀκολούθως
1315 2421 1392 2493 τῷ
1425 2423 1652 2495 παρόντι
1693 2423 1876 2476 κανόνι
1912 2417 2160 2488 γίνεσθαι
2202 2417 2554 2470 ύποδιάκονον
2588 2417 2678 2467 τὸν
2729 2411 3094 2484 πληρώσαντα
3136 2405 3204 2460 τὰ
3257 2406 3460 2459 εἴκοσιν
3506 2404 3624 2474 ἔτη,

451 2509 691 2564 ΖΩΝΑΡ.
729 2513 791 2566 Οἱ
851 2513 1077 2578 κανόνες
1144 2509 1289 2571 οὗτοι
1343 2519 1469 2581 τοὺς
1530 2522 1754 2589 χρόνους
1815 2518 1946 2571 τάσ-

381 2620 536 2655 σουσι
563 2605 671 2657 τῶν
705 2611 1220 2680 χειροτονουμένων,
1255 2611 1350 2664 καὶ
1385 2611 1475 2666 τὸν
1506 2613 1608 2683 μὲν
1649 2614 1947 2685 πρεσϐύτε-

381 2711 474 2746 ρον
519 2697 912 2767 τριακονταετῆ
964 2701 1396 2770 χειροτονεῖσθαι
1447 2704 1712 2773 ὁρίζουσι,
1750 2707 1839 2758 τὸν
1884 2708 1943 2760 δὲ

375 2783 624 2836 διάκονον
681 2785 755 2839 κε’
809 2790 1072 2857 γεγονότα
1119 2792 1278 2855 ὲτῶν,
1317 2794 1416 2865 τὴν
1471 2795 1528 2849 δὲ
1591 2797 1941 2851 διακόνισσαν

378 2884 815 2944 τεσσαρακοστὸν
884 2883 1162 2938 ἀνύσασαν
1217 2871 1506 2954 ἐνιαυτόν,
1565 2891 1670 2959 πρὸ
1735 2892 1790 2945 δὲ
1832 2891 1942 2944 τῶν

378 2967 587 3032 χρόνων
615 2971 820 3024 τούτων
855 2973 929 3043 μὴ
962 2977 1389 3046 χειροτονεῖσθαι
1419 2980 1640 3044 αὐτοὺς,
1666 2982 1768 3033 κᾶν
1800 2983 1942 3035 πάνυ

377 3061 601 3124 δόξωσιν
633 3063 774 3127 ἄξιοι
804 3066 902 3135 τῆς
948 3069 1309 3138 χειροτονίας,
1352 3072 1469 3123 ἀλλ’
1518 3074 1941 3144 ἀποτηρεῖσθαι,

378 3155 743 3220 φυλάττεσθαι
789 3159 1012 3228 δηλαδὴ,
1048 3161 1414 3229 ἁναμένοντας
1455 3166 1546 3217 καὶ
1577 3164 1676 3235 τὴν
1710 3167 1818 3219 ἀπὸ
1849 3167 1945 3220 τοῦ

376 3247 569 3316 χρόνου
602 3249 878 3304 τελείωσιν
901 3267 915 3282 ο
948 3252 1295 3307 ὑποδιάκονον
1339 3256 1394 3308 δὲ
1434 3258 1723 3325 εἰκοσαετῆ
1765 3276 1947 3329 χειρο-

376 3337 668 3392 τονεῖσθαι.
701 3339 762 3392 ΕΞ
816 3341 874 3393 δέ
939 3359 1022 3406 τις
1085 3343 1192 3411 πρὸ
1241 3344 1350 3399 τῶν
1411 3347 1686 3416 ῥηθέντων
1737 3353 1945 3418 χρόνων

374 3430 801 3501 χειροτονηθείη,
821 3433 920 3500 τῆς
949 3433 1058 3486 τῶν
1083 3435 1327 3488 κανόνων
1363 3440 1730 3509 παραϐάσεως
1756 3443 1944 3510 ὑφέξει

372 3520 473 3586 τὴν
498 3521 838 3592 καθαίρεσιν.
873 3526 977 3577 Καὶ
1025 3528 1052 3579 ὁ
1101 3514 1162 3580 ιε’
1197 3528 1253 3581 δὲ
1292 3529 1389 3600 τῆς
1422 3534 1689 3602 τετάρτης
1721 3536 1944 3588 συνόδου

377 3614 554 3665 κανὼν
592 3615 795 3684 ὁμοίως
834 3619 959 3689 περὶ
983 3617 1079 3672 τοῦ
1105 3620 1299 3690 χρόνου
1323 3622 1432 3674 τῶν
1457 3624 1812 3678 διακονισσῶν
1837 3625 1944 3679 δια-

376 3719 654 3759 ταττεται.

374 3795 596 3851 ΑΡΙΣΤ.
663 3799 829 3852 ΚΑΝ.
865 3800 964 3856 IA'.
1008 3821 1027 3855 ‹
1075 3803 1451 3874 Πρεσϐύτερος
1498 3807 1947 3876 τριακονταετίας

453 3904 474 3939 ι
517 3889 750 3955 ἐνδέων,
801 3893 896 3945 καὶ
956 3893 1201 3957 διάκονος
1259 3895 1794 3964 εἰκοσιπενταετέας,
1851 3899 1947 3953 καὶ

453 3998 472 4030 ι
519 3983 834 4039 διακόνισσα
864 3988 1443 4055 τεσσαρακονταετίας.
1485 4009 1504 4041 ι

377 4073 593 4130 ΛΡΙΣΤ.
679 4095 697 4127 ι
751 4079 861 4130 Καὶ
910 4079 1250 4140 εἰκοσαετίας
1297 4081 1642 4135 ὑποδιὰκονοι
1694 4083 1948 4138 εύκαθαί-

1017 4187 1034 4219 ι
1079 4186 1243 4236 ρετοι.
1290 4189 1308 4219 ι

2123 2511 2372 2569 ΖΟΝΔΒ.
2427 2511 2814 2567 lnitiandorum
2865 2507 3035 2561 sacris
3106 2502 3386 2558 ordinibus
3443 2509 3629 2553 :ctatcs

2051 2621 2226 2662 canon
2247 2606 2330 2659 hic
2361 2615 2583 2675 uterque
2609 2601 2889 2666 describit,
2921 2615 2979 2651 ac
3012 2600 3062 2651 in
3088 2595 3370 2652 sacerdote
3393 2593 3629 2648 creando

2051 2699 2419 2762 tricesimum,
2479 2697 2530 2750 in
2581 2679 2803 2749 diacono
2861 2691 3177 2746 vicesimum
3246 2687 3515 2756 quintum,
3570 2685 3622 2736 in

2050 2793 2350 2847 diaconissa
2382 2787 2777 2860 quadragesimi
2807 2784 2932 2838 anni
2966 2784 3122 2836 linem
3149 2777 3450 2848 exspectari
3471 2775 3624 2846 jubet

2051 2898 2224 2952 neque
2262 2883 2353 2951 qui
2389 2881 2564 2934 minor
2590 2879 2680 2941 sit,
2711 2876 2956 2947 quamvis
2981 2888 3037 2927 se
3067 2872 3286 2942 dignum
3319 2870 3362 2923 is
3390 2867 3623 2920 maxime

2049 2976 2366 3037 ostenderit,
2405 2986 2726 3040 quemquam
2761 2967 2826 3022 ad
2881 2965 3095 3020 ordines
3137 2962 3382 3017 admitti:
3431 2973 3619 3014 verum

2050 3069 2232 3131 seponi
2293 3066 2586 3142 hominem,
2647 3063 2745 3116 hoc
2807 3069 2912 3123 est,
2968 3057 3096 3111 dum
3153 3057 3217 3107 ad
3270 3063 3460 3107 caetera
3505 3050 3622 3118 ejus

2047 3160 2240 3214 merita
2268 3157 2440 3212 matis
2494 3138 2710 3224 quoque
2741 3151 3023 3205 maturitas
3058 3147 3365 3209 accesserit,
3397 3138 3622 3211 exspor!

2049 3253 2148 3306 tari
2211 3250 2419 3320 placet;
2486 3246 2918 3317 hypodiaconum
2973 3249 3153 3296 autem
3217 3238 3402 3309 viginti
3465 3236 3622 3288 anuis

2049 3356 2232 3399 natum
2285 3342 2546 3397 ordinari.
2615 3340 2671 3394 Si
2740 3337 2859 3406 quis
2930 3349 3058 3389 vero
3120 3342 3244 3386 ante
3310 3329 3618 3398 prard‘etam

2049 3445 2264 3490 aetatem
2325 3432 2604 3488 ordinibus
2668 3429 2912 3484 initiatus
2981 3425 3072 3486 sit,
3151 3421 3331 3476 violati
3400 3420 3624 3472 canonis

2049 3542 2240 3597 ptenas
2273 3525 2609 3594 depositione
2648 3523 2778 3576 luet.
2825 3517 3022 3571 Eadem
3073 3515 3140 3570 de
3190 3513 3619 3566 diaronissarttnt

2048 3629 2208 3674 a-tate
2239 3627 2443 3688 quarta:
2470 3630 2678 3684 quoque
2703 3609 2896 3684 synodi
2939 3607 3149 3662 decimo
3198 3606 3386 3675 quinto
3414 3620 3622 3658 canone

2050 3711 2346 3766 constituta
2379 3721 2522 3761 sunt.

2048 3803 2279 3857 ARlST.
2338 3801 2494 3856 CAN.
2565 3798 2707 3853 XIV.
2756 3817 2774 3849 ι
2812 3795 3103 3866 Presbyter
3158 3807 3328 3847 annos
3377 3791 3617 3860 triginta,

2125 3916 2142 3948 ι
2178 3897 2439 3951 diaconus
2465 3893 2655 3962 viginti
2683 3892 2939 3960 quinque,
2975 3887 3343 3943 etdiaconissa
3377 3885 3614 3954 quadra-

2125 4008 2142 4038 ι
2172 3987 2314 4057 ginta
2337 3994 2479 4046 nata,
2512 3985 2803 4038 ordinatur.
2861 4001 2878 4033 ι

2053 4079 2212 4151 ιῚά.
2239 4076 2462 4132 ARIST.
2505 4095 2522 4126 ι
2556 4075 2620 4128 Et
2646 4075 3000 4144 ltypodiaconi
3046 4074 3233 4145 viginti
3285 4087 3455 4124 annos
3512 4069 3619 4122 nati

2127 4191 2143 4220 ι
2182 4170 2472 4239 eliguntur.
2519 4187 2537 4218 ι

446 4260 567 4311 Κᾶν
610 4258 753 4324 ἄγαν
804 4259 950 4323 τινὲς
1003 4261 1370 4324 εὑρίσκωνται
1410 4262 1571 4327 ἄξιοι,
1604 4262 1720 4316 ἀλλ’
1771 4266 1946 4329 οὐδεὶς

2121 4264 2376 4329 Quamvis
2420 4260 2660 4313 nonnulli
2718 4259 3008 4312 admodum
3056 4257 3200 4329 digni
3249 4257 3619 4316 inveniantur,

377 4352 526 4412 ἐντὸς
555 4348 664 4401 τῶν
720 4351 1052 4419 ὁρισθέντων
1077 4355 1164 4420 ἐφ’
1199 4354 1414 4425 ἑκάστῳ
1463 4356 1708 4425 τάγματι
1737 4359 1946 4429 χρόνων

377 4441 468 4493 τοῦ
508 4438 718 4510 βαθμοῦ
755 4440 928 4511 τύχῃ·
977 4442 1094 4495 ἀλλ’
1136 4444 1286 4506 ὅστις
1329 4445 1362 4515 ἢ
1418 4447 1790 4518 πρεσϐύτερος
1839 4451 1945 4520 πρὸ

375 4534 673 4602 τριάκοντα
735 4533 894 4600 ἐτῶν,
954 4534 987 4604 ἢ
1050 4535 1296 4599 διάκονος
1350 4541 1455 4608 πρὸ
1514 4541 1943 4614 εἰκοσιπέντε,ἢ

375 4625 731 4686 ὑποδιὰκονος
805 4623 914 4693 πρὸ
985 4626 1095 4678 τῶν
1175 4628 1383 4692 εἴκοσι,
1443 4631 1943 4700 καθαιρεθήσεταιο

376 4717 564 4786 ὥσπερ
599 4714 693 4769 καλ⁵
729 4716 1074 4782 διακόνισσα,
1116 4719 1164 4770 εἰ
1218 4719 1324 4791 πρὸ
1352 4724 1769 4792 τεσσαράκοντα
1809 4723 1945 4776 ἐτῶν

376 4808 621 4876 ππῃω.

954 4902 1344 4971 ΚΑΝΩΝΙςἎ

386 5009 403 5043 ι
454 4993 672 5064 Ἐπειδὴ
707 4996 742 5065 ἢ
795 4995 903 5048 τῶν
940 4996 1202 5065 Πράξεων
1250 4997 1428 5066 βῐὸλος
1477 5000 1616 5051 ἐτττᾶ
1665 4999 1945 5063 διακόνους

455 5102 474 5134 ι
520 5084 624 5136 ὑπὸ
653 5085 760 5138 τῶν
805 5087 1120 5139 ἁπιστὸλων
1157 5088 1500 5157 καταστῆναι
1532 5091 1901 5157 παραδίδωσιν
1927 5106 1941 5119 ο

457 5197 473 5226 ‹
516 5178 548 5246 ἡ
577 5177 632 5229 δὲ
657 5178 796 5231 κατᾶ
827 5177 1265 5242 Νεοκαισάρειαν
1293 5177 1510 5242 σύνοδος
1539 5178 1711 5242 οὕτως
1748 5182 1804 5232 ὲν
1832 5183 1944 5244 τοῖς

460 5286 475 5317 ι
522 5268 792 5320 ἐκτεθείσι
824 5268 955 5339 παρ’
978 5270 1160 5323 αὐτῶν
1210 5273 1398 5323 κανόσι
1440 5270 1627 5337 σαφῶς
1665 5271 1946 5342 διεξῆλθον

461 5378 474 5402 α
521 5358 601 5409 ὅτι
650 5357 886 5411 διάκονοι
915 5360 1055 5414 ἑπτὰ
1111 5360 1421 5426 ὀφείλουσιν
1479 5356 1620 5413 εἶναι
1665 5362 1808 5414 κατὰ
1855 5362 1946 5415 τὸν

461 5465 478 5494 ς
521 5449 745 5512 κανόνα,
769 5448 870 5501 κᾶν
894 5450 1039 5501 πάνυ
1076 5450 1287 5520 μεγάλη
1323 5453 1355 5520 ἡ
1392 5452 1546 5515 πόλις
1630 5469 1642 5482 ·
1670 5453 1946 5524 πεισθήσῃ

463 5556 480 5585 ι
524 5537 578 5590 δὲ
616 5541 679 5591 ἐκ
737 5539 835 5608 τῆς
888 5539 1071 5610 βίϐλου
1133 5541 1242 5593 τῶν
1305 5543 1606 5612 Πράξεων’
1661 5545 1822 5612 ἡμεῖς
1866 5542 1944 5613 τῷ

465 5654 480 5677 ο
522 5634 859 5704 ἀποστολικῷ
911 5635 1064 5706 ῥητῷ
1091 5636 1181 5689 τὸν
1227 5636 1352 5689 νοῦν
1387 5637 1801 5708 ἐφαρμόσαντες
1839 5640 1946 5689 τῶν

471 5748 484 5777 ι
531 5726 808 5794 Ματέρων,
842 5726 1075 5798 εὕρομεν
1102 5727 1176 5794 ὡς
1219 5729 1246 5781 ὁ
1291 5729 1445 5797 λόγος
1488 5732 1667 5794 αὐτοῖς
1709 5733 1768 5784 οὑ
1818 5732 1946 5800 περὶ

2051 4371 2208 4411 nemo
2237 4364 2412 4408 tamen
2447 4353 2588 4406 intra
2617 4350 2880 4420 praeﬁnita
2915 4349 3107 4416 cuique
3155 4347 3330 4400 ordini
3376 4355 3618 4410 letttpm'a

2050 4448 2101 4501 in
2153 4448 2374 4520 gradum
2426 4444 2660 4513 aliquem
2716 4441 3066 4511 provehatur.
3129 4439 3233 4493 Sed
3287 4439 3617 4506 quicunque.

2050 4539 2164 4593 sive
2195 4537 2474 4606 presbyter
2517 4544 2642 4588 ante
2691 4549 2860 4587 annos
2906 4532 3146 4600 triginta,
3194 4531 3308 4585 sive
3361 4529 3621 4582 diaconus

2050 4641 2173 4685 ante
2242 4630 2428 4698 viginti
2513 4629 2772 4698 quinque,
2852 4627 2966 4680 sive
3019 4624 3432 4695 ltypodiaconus
3496 4631 3621 4675 ante

2049 4719 2233 4786 viginti
2268 4725 2362 4785 sit,
2398 4723 2713 4791 deponetnr.
2766 4720 2855 4774 Sic
2906 4727 2960 4773 et
3010 4717 3314 4773 diaconissa
3385 4716 3428 4770 si
3492 4727 3620 4767 ante

2052 4815 2406 4888 quadraginta
2432 4830 2601 4868 annos
2639 4815 2748 4866 (iet.

2623 4902 2852 4959 ΟΑῙΝΟΝ
2915 4901 3056 4955 XVl.

2057 5018 2074 5048 ι
2123 4997 2384 5061 Quoniam
2444 4997 2671 5047 Actnnm
2735 4996 2871 5046 litn-r
2948 5005 3152 5063 septem
3220 4994 3476 5046 diaconos
3549 4994 3616 5041 an

2127 5107 2147 5138 ι
2188 5087 2442 5156 apostolis
2460 5087 2780 5140 constitutos
2802 5102 2920 5138 esse
2942 5087 3104 5139 tradit
3129 5127 3143 5150 ,
3167 5085 3617 5140 Neocmsariensis

2131 5199 2149 5231 ι
2190 5189 2367 5234 autem
2395 5179 2636 5249 synodus
2674 5180 2752 5233 sic
2797 5177 2848 5230 in
2902 5195 2929 5230 a
2992 5193 3051 5231 se
3114 5177 3268 5231 editis
3321 5165 3616 5229 canonihus

2128 5289 2147 5323 ι
2184 5280 2367 5338 aperte
2420 5270 2713 5332 disseruit,
2777 5269 2918 5337 quod
2976 5279 3182 5336 septem
3247 5267 3444 5321 debent
3497 5281 3618 5318 esse

2130 5382 2148 5414 ι
2183 5360 2392 5416 diaconi
2447 5376 2509 5414 ex
2542 5377 2772 5424 canone,
2856 5361 3067 5414 etiamsi
3113 5363 3184 5414 sit
3255 5375 3440 5428 mgna
3487 5359 3618 5410 civi-

2131 5474 2148 5506 ι
2185 5461 2270 5507 tas
2331 5471 2344 5506 :
2391 5469 2456 5507 ex
2513 5453 2650 5508 libro
2700 5469 2859 5522 porro
2881 5455 3109 5506 Actuum
3160 5451 3614 5520 persuadebcris:

2129 5565 2147 5596 ι
2198 5561 2294 5598 nos
2345 5560 2468 5598 cum
2527 5545 2670 5599 dicto
2742 5545 3038 5614 apostolico
3097 5543 3317 5598 Patrum
3386 5549 3618 5595 utentem

2133 5657 2151 5689 ι
2184 5640 2614 5706 adaptassemus,
2647 5637 2951 5690 invenimus
2979 5651 3071 5690 eos
3096 5649 3218 5689 esse
3251 5635 3477 5694 locutos,
3509 5645 3618 5684 non

2131 5748 2148 5780 ι
2190 5729 2254 5783 dc
2288 5729 2415 5785 viris
2439 5729 2531 5800 qui
2557 5728 2875 5785 ministra-nt
2895 5726 3190 5796 mysteriis,
3210 5724 3304 5783 sed
3342 5723 3410 5779 de
3463 5721 3622 5777 mini-
