3984 6474
462 286 567 350 567

1712 290 1814 352 ΤΗ
1824 290 1989 353 EOD.
2032 286 2432 352 BALSAMON
3574 288 3666 351 568

536 420 553 451 ι
595 399 761 457 sterio
789 401 930 470 quod
956 400 1007 455 in
1034 415 1130 457 usu
1165 417 1469 461 mensarum
1510 404 1882 471 adhibebatur,
1907 420 2028 459 cum
2063 406 2109 464 Α

2072 406 2113 464 Α
2213 422 2230 454 ι
2276 402 2385 455 τῶν
2416 401 2527 464 τοῖς
2559 398 2878 473 μυστηρίοις
2915 399 3346 471 διακονουμένων
3371 400 3567 471 ἀνδρῶν
3588 400 3645 471 ἦν

542 513 559 544 ι
594 493 737 548 liber
770 495 995 549 Actuum
1024 495 1103 548 sic
1134 493 1325 549 habeat
1356 512 1371 549 :
1401 493 1468 549 In
1505 496 1685 552 diebus
1739 500 1866 560 illis,
1914 514 2041 550 cunr

541 604 559 635 ι
592 584 964 652 discipulorum
994 584 1271 637 multitudo
1295 600 1568 654 cresceret,
1594 588 1699 656 fuit
1730 587 2029 644 Gra'corum

536 694 554 721 ι
594 686 831 725 murmur
862 671 1108 725 adversus
1154 672 1423 737 Hebrtros,
1449 679 1588 743 quod
1614 674 2031 744 despiciebantur

543 780 561 813 ι
599 777 779 814 eorum
808 762 983 833 vidule
1015 754 1067 815 in
1098 763 1388 815 ministerio
1436 766 1765 833 quotidiana.
1810 764 2022 818 Duodeo

538 870 557 902 s
592 854 693 905 cim
744 870 888 920 ergo.
922 856 1178 907 accersita
1248 856 1625 924 discipulorum
1670 856 2024 920 multitudine,

537 962 554 991 ι
588 944 830 997 dixerant
863 959 879 996 :
908 942 1028 996 Non
1060 961 1263 1014 (equum
1294 956 1366 999 est
1398 956 1454 999 ut
1503 946 1657 1000 verbo
1704 945 1798 1000 Dei
1850 946 2025 999 relicto

535 1052 553 1084 s
589 1035 777 1089 mensis
806 1036 1179 1091 ministrentus.
1237 1036 1459 1106 Deligite
1510 1054 1653 1107 ergo,
1705 1040 1923 1105 fratres,
1960 1054 2024 1091 ea;

534 1138 553 1169 ι
588 1120 735 1175 nobis
768 1124 905 1183 uiros
928 1134 1138 1191 septem,
1196 1125 1261 1177 de
1307 1127 1491 1195 quibus
1536 1128 1725 1181 bonum
1775 1128 1842 1180 sit
1881 1129 2027 1180 testi-

536 1229 554 1260 ι
590 1212 858 1277 monium,
915 1214 1116 1281 Spiritu
1171 1227 1349 1271 sancto
1406 1226 1453 1269 ct
1517 1219 1777 1277 sapientia
1824 1220 2023 1286 plenos.

534 1318 552 1350 ι
587 1317 718 1371 quos
742 1302 864 1356 huic
891 1306 1009 1357 usui
1029 1298 1384 1373 prteﬁciitmus
1412 1320 1431 1359 :
1476 1324 1567 1361 nos
1589 1316 1759 1361 autem
1804 1309 1857 1361 in
1910 1326 2026 1361 ora-

535 1409 553 1442 s
592 1392 734 1445 tione
761 1402 807 1445 et
837 1393 972 1446 verbi
992 1395 1278 1448 ministerio
1308 1396 1516 1465 fortiter
1561 1397 2020 1461 perseverabimus.

527 1501 546 1531 ι
588 1481 657 1536 Ει
685 1482 886 1552 placuit
921 1501 1091 1547 sermo
1144 1488 1236 1539 toti
1284 1488 1533 1555 prtesenti
1582 1490 1926 1550 multitudini,
1973 1501 2021 1542 et

531 1591 549 1623 ι
590 1578 854 1643 elegerunt
890 1575 1209 1642 Stephanum
1236 1578 1400 1633 virum
1430 1578 1636 1647 plenum
1670 1580 1773 1647 ﬁde
1809 1592 1855 1632 et
1899 1579 2023 1649 Spi-

531 1682 550 1715 ι
592 1666 695 1718 ritu
732 1677 935 1733 sancto,
957 1678 1005 1721 et
1035 1667 1333 1735 Philippum
1361 1680 1406 1723 et
1431 1670 1752 1725 Prochorum
1779 1681 1824 1723 et
1858 1669 2024 1724 Nica-

527 1772 546 1804 ι
582 1771 755 1808 norem
779 1768 825 1810 et
859 1755 1121 1811 Timonem
1166 1768 1212 1810 et
1256 1760 1595 1823 Parmenam,
1643 1768 1691 1812 et
1742 1758 2021 1812 Nicolaum
2056 1758 2096 1814 Β

528 1864 545 1895 ι
582 1847 897 1917 proselytnm
932 1850 1330 1913 Antiochenam,
1363 1866 1490 1917 quos
1516 1860 1812 1904 statuerunt
1840 1867 2021 1905 coram

530 1958 546 1987 ι
587 1940 837 2004 apostolis
875 1942 939 1996 ⁷⁸.
1003 1938 1132 1996 Ilaec
1198 1941 1559 2010 interpretans
1615 1942 1870 1998 Ecclesiae
1923 1943 2022 1998 do-

525 2047 544 2079 ι
587 2041 707 2085 ctor
773 2030 1011 2098 Joannes
1062 2030 1509 2104 Chrysostomus,
1584 2036 1665 2087 sic
1740 2036 2020 2104 prosequi.

443 2124 457 2143 ‘
525 2140 544 2171 ι
589 2132 675 2174 ιιιι·
721 2140 735 2175 :
785 2122 882 2176 Est
930 2139 1099 2190 opera:
1146 2125 1368 2192 pretium
1410 2122 1700 2189 admirari,
1761 2127 2019 2195 quomodo

526 2229 546 2261 ι
590 2226 690 2264 non
727 2222 803 2266 est
851 2213 1014 2266 scissa
1050 2213 1330 2265 multitudo
1377 2214 1432 2265 in
1478 2214 1703 2265 uirorum
1750 2214 2014 2279 electione,

523 2323 541 2354 ι
573 2305 830 2371 quomodo
874 2322 976 2359 non
1010 2316 1130 2359 sunt
1197 2306 1261 2359 ab
1319 2307 1441 2374 ipsis
1501 2305 1681 2374 rejecti
1738 2322 1800 2359 ac
1841 2322 2019 2373 repro-

523 2416 542 2445 ι
581 2396 689 2449 bati
737 2398 984 2466 apostoli.
1021 2397 1319 2463 Quamnam
1347 2408 1520 2451 autem
1552 2398 1804 2451 habebant
1836 2398 1889 2449 Ιιὶ
1920 2413 2015 2449 au-

524 2507 542 2539 ι
573 2490 883 2555 ctoritatem,
934 2497 984 2542 et
1029 2505 1187 2557 quant
1232 2497 1539 2557 acceperunt
1583 2489 1966 2542 ordinationem
1998 2531 2012 2551 ,

525 2602 545 2635 ι
579 2582 715 2637 scire
761 2591 837 2636 est
885 2582 1250 2636 necessarium.
1312 2581 1583 2652 Numquid
1622 2581 1960 2636 diaconorunt
1991 2584 2017 2636 .’

522 2692 541 2724 ι
582 2674 741 2740 Atqui
782 2672 877 2724 hac
908 2683 1102 2725 nonest
1133 2672 1186 2724 in
1232 2670 1501 2727 Ecclesiis.
1559 2672 1660 2727 Sed
1693 2682 1767 2725 est
1808 2672 2016 2742 presby-

522 2783 539 2814 ι
574 2773 800 2816 terarum
841 2762 1155 2829 dispensatio
1180 2761 1206 2814 .9
1254 2761 1411 2831 Atqui
1462 2762 1638 2815 nullus
1693 2763 1865 2814 adhuc
1904 2773 2014 2814 erat

524 2874 542 2905 ι
580 2855 874 2924 episcopus,
910 2854 999 2906 sed
1022 2853 1124 2908 soli
1149 2836 1395 2923 apostoli.
1450 2851 1597 2907 Unde
1645 2868 1734 2907 nec
1771 2854 2016 2906 diacono-

475 2942 478 2949 λ
522 2966 540 2999 ι
577 2964 691 3001 rum
720 2964 811 3002 nec
832 2946 1250 3017 presbyterorum
1280 2965 1463 3002 nomen
1493 2948 1735 3001 existimo
1769 2956 2009 3017 apertum

522 3057 539 3087 ι
583 3055 691 3092 esse
725 3055 787 3091 ac
822 3037 1331 3106 manifestum._Post
1356 3038 1467 3091 haec
1495 3052 1625 3104 ergo
1650 3052 1749 3092 nos
1793 3052 2006 3107 quoque

521 3151 538 3180 ι
579 3131 948 3199 ριίιιιίίριιιιιυε,
981 3140 1038 3184 ιιι
1074 3130 1315 3199 praedicti
1373 3140 1576 3199 septem
1618 3130 1850 3196 diaconi,
1904 3145 2007 3183 non
2038 3111 2079 3167 (ἶ

522 3242 540 3274 ι
575 3225 639 3277 de
664 3222 728 3277 iis
753 3223 1102 3293 accipiantur,
1157 3222 1248 3291 qui
1316 3223 1592 3295 mysteriis
1634 3223 1897 3288 serviunt,
1954 3232 2011 3276 ut

518 3333 537 3366 ι
574 3324 659 3370 est
691 3316 837 3384 prius
864 3315 1106 3385 exposita
1136 3315 1380 3369 doctrina
1415 3332 1429 3368 :
1466 3315 1558 3369 sed
1596 3329 1691 3369 eos
1720 3300 1863 3380 esse,
1886 3314 2009 3383 qui-

516 3424 537 3458 ι
566 3407 663 3462 bus
692 3405 791 3461 luit
818 3407 1122 3462 concredita
1158 3420 1223 3460 ac
1245 3406 1439 3460 tradita
1469 3406 1798 3474 dispensatio
1818 3420 2005 3461 eorum

517 3514 536 3548 ι
577 3511 697 3567 qua:
749 3506 875 3552 tunc
922 3496 1146 3551 collecta
1196 3495 1430 3550 fuerant.
1485 3494 1586 3561 Qui
1621 3496 1774 3550 nobis
1824 3494 1877 3549 in
1909 3497 2009 3549 hoc

517 3605 538 3639 ι
571 3604 785 3659 quoque
812 3589 983 3645 forma
1012 3589 1163 3645 luere
1188 3588 1540 3644 humanitatis
1565 3598 1618 3643 et
1645 3588 1808 3644 studii
1836 3589 1890 3642 in
1914 3602 2007 3643 eos

515 3695 535 3729 s
572 3678 663 3748 qui
690 3677 948 3749 indigent.

2210 516 2227 542 ι
2277 492 2416 548 ἀλλὰ
2461 492 2589 562 περὶ
2642 491 2741 561 τῆς
2766 492 2824 543 ἐν
2848 493 2966 554 ταῖς
2995 492 3204 562 χρείαις
3246 493 3357 544 τῶν
3402 496 3666 562 τραπεζῶν

2210 603 2226 635 ι
2273 582 2601 653 ὑπουργίας,
2658 583 2759 652 τῆς
2813 583 2922 635 τῶν
2980 583 3238 653 Πράξεων
3284 583 3462 652 βίϐλου
3513 588 3668 652 οὕτως

2208 694 2225 727 ι
2268 674 2533 743 ἐχούσηςο
2581 671 2683 725 Ἐν
2711 672 2839 735 ταῖς
2875 672 3121 741 ἡμέραις
3163 672 3422 739 ἐκείναις
3462 679 3672 737 πληθυο

2210 786 2226 815 ι
2265 767 2495 820 νόντων
2545 764 2667 819 τῶν
2712 763 3025 833 μαθητῶν,
3062 762 3297 833 ἐγένετο
3356 767 3672 835 γογγυσμὸς

2208 877 2227 907 ι
2272 857 2387 911 τῶν
2427 854 2843 925 Ἑλληνιστῶν
2883 857 3033 924 πρὸς
3058 855 3199 921 τοὺς
3239 856 3560 923 Ἐϐραίους,
3589 858 3670 913 δτι

2208 969 2223 997 ι
2264 947 2741 1016 παρεθεωροῦντο
2783 946 2855 999 ἐν
2899 943 2974 1014 τῇ
3003 945 3275 1011 διακονίᾳ
3318 943 3393 1014 τῇ
3432 951 3669 1013 καθημε-

2204 1059 2219 1088 ι
2256 1042 2397 1107 ρινῇ
2421 1043 2481 1092 αἱ
2511 1038 2691 1107 χῆραι
2718 1037 2937 1092 αὐτῶν.
2976 1036 3537 1104 Προσκαλεσὰμενοι
3567 1034 3673 1093 οὖν

2204 1150 2221 1181 ι
2260 1133 2315 1184 οἱ
2352 1129 2580 1184 δώδεκα
2607 1131 2674 1183 τὸ
2709 1125 2942 1193 πλῆθος
2982 1124 3103 1180 τῶν
3150 1125 3450 1193 μαθητῶν,
3477 1122 3669 1180 εἷπον*

2202 1242 2219 1271 ι
2264 1223 2384 1275 Οὐκ
2406 1222 2663 1289 ἀρεστὸν
2679 1218 2862 1289 ἡμᾶς,
2884 1218 3365 1287 καταλείψαντας
3381 1217 3485 1271 τὸν
3498 1218 3673 1288 λόγον

2200 1332 2219 1361 ‹
2266 1313 2370 1365 τοῦ
2398 1312 2566 1377 Θεοῦ,
2587 1310 2887 1365 διακονεῖν
2906 1307 3231 1378 τραπέζαις.
3248 1308 3674 1377 Ἐπισκέψασθε

2202 1420 2220 1452 ι
2266 1396 2397 1467 οὖν,
2421 1399 2690 1469 ἀδελφοὶ,
2721 1399 2946 1466 ἄνδρας
2987 1397 3055 1461 ἐξ
3103 1397 3270 1467 ὑμῶν
3288 1399 3674 1468 μαρτυρουμέ-

2200 1511 2219 1544 ι
2264 1510 2410 1557 νους
2447 1492 2619 1556 ἑπτὰ,
2665 1492 2916 1560 πλήρεις
2965 1491 3311 1559 Πνεύματος
3368 1491 3535 1560 ἁγίου
3584 1491 3674 1545 καί

2200 1606 2216 1633 s
2263 1586 2502 1652 σοφίας,
2539 1584 2644 1650 οὓς
2688 1584 3148 1652 καταστήσομεν
3195 1582 3294 1636 ἐπὶ
3338 1582 3447 1651 τῆς
3488 1585 3675 1651 χρείας

2204 1697 2221 1728 ι
2268 1679 2486 1743 ταύτης
2510 1695 2524 1709 ·
2553 1677 2725 1747 ἡμεῖς
2768 1678 2839 1731 δὲ
2874 1676 2947 1745 τῇ
2991 1675 3305 1746 προσευχῇ
3337 1676 3434 1730 καί
3461 1676 3531 1743 τῇ
3561 1678 3674 1730 δια-

2200 1788 2217 1819 ι
2263 1770 2435 1836 κονίᾳ
2480 1768 2586 1824 τοῦ
2642 1768 2842 1837 Λόγου
2901 1768 3530 1837 προσκαρτερήσομενς
3575 1764 3673 1819 Kal

2197 1880 2215 1911 ι
2261 1862 2487 1929 ἤρεσεν
2513 1864 2547 1915 ό
2583 1862 2765 1931 λόγος
2792 1860 3050 1914 ἐνώπιον
3092 1860 3323 1925 παντὸς
3373 1859 3477 1913 τοῦ
3520 1858 3675 1923 ,πλή-

2196 1970 2214 2000 ι
2256 1955 2423 2018 θους,
2453 1952 2551 2005 καί
2581 1951 2942 2017 ἐξελέξαντο
2972 1951 3302 2019 Στέφανον,
3331 1950 3515 2018 ἄνδρα
3530 1948 3675 2013 πλῆο

2199 2061 2215 2092 ι
2252 2060 2334 2112 ρη
2373 2044 2632 2110 πίστεως
2674 2044 2775 2098 καὶ
2828 2045 3177 2112 Πνεύματος
3222 2044 3417 2111 ἁγίου,
3446 2045 3544 2095 καί
3587 2043 3676 2095 Φί-

2196 2154 2215 2183 ι
2257 2138 2508 2201 λιππον,
2542 2136 2641 2189 καί
2689 2138 3033 2205 Πρόχωρον,
3074 2137 3172 2191 καὶ
3224 2134 3539 2201 Νικάνορα,
3581 2133 3675 2186 καί

2196 2245 2213 2276 ι
2263 2227 2510 2291 Τίμωνα,
2543 2226 2641 2280 καί
2680 2227 3015 2296 Παρμενᾶν,
3036 2228 3135 2281 καί
3173 2228 3475 2281 Νικόλαον
3502 2238 3677 2292 προσ-

2195 2336 2212 2367 ι
2258 2318 2486 2384 ήλυτον
2541 2320 2612 2372 ἐν
2660 2319 3007 2387 Ἀντιοχείᾳ,
3069 2320 3176 2384 οὓς
3221 2320 3498 2385 ἔστησαν
3545 2316 3678 2371 ὲνώο

2197 2429 2214 2459 ι
2255 2427 2395 2464 mor
2428 2410 2544 2464 τῶν
2588 2411 2971 2464 ἀποστόλων.
3026 2410 3211 2463 Ταῦτα
3273 2410 3675 2480 διερμηνεύωνὸ

2198 2521 2215 2552 ι
2255 2502 2354 2572 τῆς
2419 2500 2745 2572 Ἐκκλησίας
2799 2501 3118 2565 διδάσκαλος
3173 2502 3433 2571 Ἰωάννης
3463 2502 3492 2554 ὁ
3536 2501 3674 2570 Χρυὲ

2192 2613 2208 2644 ι
2252 2594 2536 2665 σόστομος,
2566 2593 2709 2647 οὕτω
2735 2594 3010 2659 διέξεισιν
3031 2594 3347 2663 Θαυμάσαι
3383 2593 3551 2657 ἀξιον
3570 2591 3672 2659 (1.8)

2191 2705 2207 2737 ι
2250 2685 2376 2752 πῶς
2403 2688 2515 2739 οὐκ
2549 2686 2810 2753 ἐσχίσθη
2858 2685 2922 2739 τὸ
2958 2684 3195 2751 πλῆθος
3223 2685 3327 2738 ἐπὶ
3363 2683 3437 2752 τῇ
3462 2683 3676 2751 αίρέσει

2192 2798 2210 2828 ι
2252 2777 2370 2830 τῶν
2402 2776 2658 2844 ἀνδρῶν,
2680 2777 2806 2842 πῶς
2835 2779 2945 2830 οὐκ
2978 2775 3554 2843 ἁπεδοκιμάσθησαν
3577 2773 3672 2829 ὑπ’

2192 2888 2209 2918 ι
2254 2867 2455 2922 αὐτῶν
2481 2870 2535 2920 οἱ
2558 2867 2913 2921 ἀπόστολοι.
2948 2864 3191 2918 Ὀποῖον
3219 2865 3292 2918 δὲ
3320 2859 3431 2934 ἄρα
3459 2865 3673 2931 ἀξίωμα

2192 2980 2209 3012 ι
2256 2955 2421 3016 οὗτοι
2445 2954 2633 3027 εἶχον,
2650 2958 2745 3011 καί
2771 2960 2949 3017 ποίαν
2973 2956 3263 3022 ἐδέξαντο
3292 2958 3671 3024 χειροτονίαν,

2191 3070 2208 3100 ι
2252 3050 2581 3119 ἀναγκαῖον
2611 3048 2822 3117 μαθεῖν
2848 3065 2862 3079 ⁸
2890 3042 3005 3116 ἆρα
3037 3047 3154 3115 τὴν
3202 3049 3325 3101 τῶν
3352 3047 3668 3109 διακόνων;

2190 3162 2205 3192 ι
2247 3139 2353 3195 Καὶ
2368 3138 2687 3209 μὴητοῦτο
2707 3138 2776 3191 ἐν
2797 3138 2925 3204 ταῖς
2941 3139 3329 3203 Ἐκκλησίαις
3351 3138 3459 3190 οὐκ
3486 3137 3663 3189 ἐστιν.

2187 3253 2204 3283 ι
2263 3233 2440 3286 Ἀλλὰ
2467 3230 2585 3285 τῶν
2614 3230 3029 3299 πρεσϐυτέρων
3056 3230 3231 3283 ἐστὶν
3264 3231 3302 3297 ἠ
3335 3231 3667 3295 οίκονομιά;

2186 3344 2204 3376 ι
2252 3323 2363 3378 Kal
2384 3341 2471 3377 τοι
2498 3322 2735 3377 οὐδέπω
2761 3322 2961 3388 οὐδεὶς
2983 3323 3321 3387 ἐπίσκοπος
3341 3320 3436 3391 ἦν,
3459 3320 3590 3375 ἀλλ’
3620 3321 3667 3372 οί

2185 3438 2202 3470 ι
2244 3420 2574 3474 ἀπόστολοι
2600 3419 2795 3486 μόνον
2816 3433 2829 3445 “
2879 3416 3019 3470 ὅθεν
3052 3416 3189 3469 οὔτε
3220 3415 3518 3468 διακόνων
3540 3413 3668 3465 οὔτε

2186 3530 2205 3563 s
2247 3509 2685 3581 πρεσϐυτέρων,
2714 3504 2897 3577 οἶμαι,
2936 3508 3000 3560 τὸ
3052 3507 3241 3575 ὄνομα
3290 3502 3443 3561 εἶναι
3490 3502 3669 3573 δῆλον

2184 3625 2203 3657 ι
2248 3603 2348 3659 καί
2402 3604 2685 3674 φανερόν.
2722 3601 2846 3655 Ἐπὶ
2870 3600 3081 3663 τούτοις
3101 3599 3192 3653 οὖν
3217 3598 3561 3671 κηρύσσομεν
3583 3594 3668 3648 καὶ

2182 3717 2199 3750 ι
2244 3699 2426 3769 ἡμεῖς,
2462 3696 2605 3751 ὥστε
2645 3696 2772 3759 τοὺς
2825 3680 3265 3766 ¹ἷιιροειρημένους
3311 3692 3453 3747 ἑπτὰ
3494 3687 3667 3745 διακό-

2185 3812 2203 3843 ι
2245 3807 2367 3853 νους
2396 3790 2471 3860 μὴ
2516 3788 2612 3843 ἐπὶ
2640 3788 2751 3841 τῶν
2787 3789 2901 3851 τοῖς
2939 3785 3272 3857 μυστηρίοις
3318 3779 3666 3855 διακονουμέ-

2186 3902 2204 3935 ι
2249 3899 2354 3935 νων
2402 3880 2782 3951 λαμϐάνεσθαι
2814 3878 2957 3934 κατὰ
2984 3879 3086 3940 τὴν
3127 3876 3661 3950 προερμηνευθεῖσαν

2186 3994 2202 4025 ι
2248 3972 2639 4027 διδασκαλίαν·
2694 3970 2832 4025 ἀλλὰ
2880 3972 3007 4035 τοὺς
3060 3971 3160 4041 τὴν
3210 3969 3524 4039 οἰκονομίαν
3572 3965 3666 4036 τῆς

2180 4086 2197 4116 ι
2245 4066 2429 4135 κοινῆς
2452 4065 2644 4135 χρείας
2669 4063 2779 4117 τῶν
2816 4062 2940 4117 τότε
2983 4062 3465 4134 συνηθροισμένων
3490 4060 3663 4129 ἐγχει-

2181 4178 2198 4209 ι
2249 4157 2534 4229 ρισθέντας
2590 4155 2813 4219 τούτους
2871 4154 3175 4227 ὑπάρχεινο
3225 4156 3279 4209 οἳ
3312 4156 3481 4218 τύπος
3533 4153 3661 4222 ἡμῖν

2184 4273 2200 4302 s
2241 4252 2344 4306 κάν
2374 4250 2553 4320 τούτῳ
2590 4250 2851 4317 γεγόνασι
2891 4249 2988 4319 τῆς
3039 4250 3170 4320 περὶ
3200 4249 3329 4313 τοὺς
3382 4246 3660 4316 δεομένους

2182 4361 2200 4392 ι
2242 4338 2653 4409 φιλανθρωπίας
2682 4354 2744 4392 τε
2781 4338 2879 4392 καὶ
2910 4337 3171 4409 σπουδῆς.
3216 4357 3235 4389 ι

505 4432 699 4489 BALS.
729 4434 974 4492 Praesens
1023 4448 1198 4490 canon
1244 4433 1662 4503 interpretatur,
1702 4435 1779 4491 vel
1828 4438 2002 4506 potius
2034 4448 2077 4503 ι)

2178 4430 2372 4485 ΒΑΛΣ.
2421 4429 2480 4482 Ὀ
2539 4428 2734 4498 παρὼν
2785 4428 2967 4483 κανὼν
3020 4428 3494 4501 ἐφερμηνευτικός
3531 4430 3662 4489 ἔστι,

432 4535 485 4576 ιιι
522 4522 747 4593 corrigit
782 4522 849 4577 15
881 4538 1002 4579 can.
1028 4520 1328 4576 Neoczrsar.
1352 4536 1473 4592 syn.
1505 4524 1594 4591 qui
1651 4522 1781 4577 dicit
1823 4540 1838 4575 :
1878 4524 2004 4578 Dia-

2108 4524 2306 4594 μᾶλλον
2344 4522 2401 4575 δὲ
2454 4522 2549 4574 καὶ
2592 4520 2944 4590 διορθωτικδς
2971 4520 3065 4573 τοῦ
3102 4520 3163 4574 ιε’
3216 4523 3441 4598 κανόνος
3480 4521 3578 4589 τῆς
3610 4521 3663 4571 ὲν

431 4615 551 4669 coni
622 4622 828 4682 septeni
907 4615 1105 4667 debent
1178 4629 1297 4668 esse
1360 4615 1653 4669 secundum
1715 4630 2003 4680 canonetn,

2104 4611 2512 4683 Νεοκαισαρείᾳ
2569 4610 2829 4677 συνόδου,
2888 4609 3170 4677 λέγοντος·
3220 4612 3471 4665 Διάκονοι
3525 4608 3661 4662 ἑπτὰ

430 4705 643 4759 etiamsi
680 4706 961 4774 sitmagna
1001 4703 1215 4758 civitas.
1250 4704 1663 4761 Persuadeberis
1707 4716 1885 4761 autem
1936 4722 2003 4761 ex

2098 4706 2408 4775 ὀφείλουσιν
2438 4699 2579 4755 εἶναι
2612 4700 2755 4755 κατὰ
2786 4701 2880 4754 τὸν
2934 4703 3161 4767 κανόνα,
3210 4701 3315 4755 κᾶν
3368 4703 3509 4756 πάνυ
3570 4716 3665 4769 με·

436 4797 576 4850 Ιί1›ι·ο
600 4797 852 4850 Actuum.
875 4794 1168 4849 Dicitenim
1193 4814 1204 4849 :
1228 4795 1391 4851 Liber
1421 4798 1646 4852 Actuum
1670 4814 1775 4852 non
1808 4808 2004 4855 tractat

2101 4798 2242 4868 γάλη
2294 4796 2380 4865 εἴη
2430 4794 2605 4856 πόλις.
2642 4792 2934 4863 Πεισθείσῃ
2972 4793 3029 4846 δὲ
3072 4796 3136 4847 ἐκ
3185 4794 3285 4863 τῆς
3334 4794 3518 4862 βίϐλου
3564 4790 3664 4844 τῶν

433 4890 499 4943 de
533 4886 795 4951 diaconis,
831 4887 921 4955 qui
955 4887 1006 4939 in
1041 4900 1197 4942 sacro
1237 4888 1484 4943 tribunali
1536 4890 1862 4956 ministrant,
1905 4891 1999 4946 sed

2139 4890 2385 4957 Ιράξεων.
2418 4884 2559 4956 Φησὶ
2588 4885 2694 4953 γὰρ
2724 4884 2800 4945 ὼς
2848 4886 2883 4954 ὴ
2941 4884 3121 4955 βίὸλος
3169 4884 3278 4938 τῶν
3306 4885 3564 4955 Πράξεων
3606 4882 3663 4934 ού

429 4981 497 5035 de
534 4978 814 5043 ministris,
867 4980 956 5048 qui
1016 4978 1267 5033 alimenta
1322 4970 1633 5049 dispensant
1668 4998 1853 5038 eorum
1906 4982 2000 5051 qui

2106 4982 2235 5050 περὶ
2261 4978 2522 5032 διακόνων
2556 4975 2917 5041 διαλαμϐάνει
2958 4976 3066 5029 τῶν
3097 4977 3154 5029 ἐν
3187 4976 3265 5046 τῷ
3294 4978 3436 5046 ἁγίῳ
3466 4975 3661 5045 βήματι

427 5070 627 5127 Christi
662 5069 1009 5140 Evangelium
1056 5071 1366 5141 praedicant.
1416 5071 1679 5139 Quoniam
1723 5083 1851 5127 tunc
1900 5087 2000 5127 nec

2102 5069 2516 5131 διακονούντων,
2545 5066 2680 5120 ἀλλὰ
2712 5067 2842 5134 περὶ
2889 5066 2999 5119 τῶν
3032 5067 3354 5121 διακονιτῶν
3386 5064 3494 5120 τῶν
3521 5065 3660 5117 οἱκο-

427 5171 584 5218 erant
644 5162 881 5231 episcopi
931 5176 1109 5231 neque
1167 5163 1377 5219 diaconi
1448 5178 1622 5234 neque
1674 5164 1994 5233 presbyteri.

2105 5164 2413 5234 νομούντων
2460 5160 2561 5224 τὰς
2599 5160 2900 5231 διατροφὰς
2929 5161 3037 5213 τῶν
3077 5162 3455 5233 κηρυττόντων
3486 5160 3545 5211 τὸ
3573 5154 3660 5209 τοῦ

430 5256 607 5320 Quare
636 5264 690 5308 et
728 5255 1026 5316 verbis..ad
1057 5255 1182 5311 dicti
1213 5257 1293 5310 sui
1320 5257 1783 5311 conﬁrmationem
1832 5269 1999 5326 appo-

2104 5255 2343 5327 Χριστοῧ
2370 5251 2736 5323 Εὐαγγέλιον·
2764 5252 2846 5305 ὅτι
2877 5252 2997 5305 οὐδὲ
3022 5252 3314 5306 ἐπίσκοποι
3352 5246 3493 5323 ἦσαν
3524 5249 3659 5309 τότε,

504 5368 550 5399 ⁷⁸
574 5368 696 5423 Act.
733 5384 788 5423 Vl
852 5370 960 5426 1-6.

1626 5474 1839 5570 'Guill.
1872 5507 2191 5583 Beveregn
2236 5512 2423 5569 notua.

503 5630 615 5695 (78)
643 5632 950 5701 Θαυμάσαι
974 5634 1165 5701 ἄξιον.
1184 5635 1308 5693 llzec
1333 5637 1395 5693 D.
1420 5634 1793 5706 Chrysostomi
1824 5634 1987 5691 verba

435 5709 567 5756 tom.
604 5700 668 5755 IV
718 5717 767 5768 τι.
802 5702 925 5775 690,
962 5705 1047 5763 ed.
1082 5705 1254 5764 Savil.

2083 5642 2245 5690 :stant
2277 5634 2332 5691 in
2367 5635 2779 5695 commentariis
2811 5632 2931 5704 ejus
2962 5630 3021 5689 in
3075 5630 3191 5688 Act.
3260 5631 3447 5702 Apost.
3489 5643 3537 5685 c.
3583 5640 3656 5690 Vl,
