3984 6474
287 356 384 418 569

1341 354 1424 413 IN
1466 355 1627 414 CAN.
1665 354 1795 416 XVI
1834 355 2041 420 CONC.
2087 355 2166 416 IN
2193 355 2514 417 TRUELO.

3395 350 3498 414 570

291 471 399 525 οὐδὲ
429 469 683 533 διάκονοι,
713 467 831 521 οὐδὲ
863 466 1244 537 πρεσϐύτεροι.
1299 465 1390 517 Διὸ
1431 465 1524 517 καὶ
1554 465 1832 535 χρησάμε-

1953 468 2074 529 sitis,
2101 481 2166 520 ex
2199 467 2334 520 libro
2361 468 2585 520 Actuum
2611 475 2664 518 et
2703 464 2880 537 magni
2918 464 3077 519 etiam
3130 463 3496 535 Chrysostomi

298 581 361 614 μοι
394 563 531 631 πρὸς
567 560 823 614 σύστασιν
858 559 950 611 τοῦ
972 559 1129 625 λόγου
1161 556 1338 610 αὐτῶν
1369 560 1478 620 τοῖς
1505 557 1836 626 προσφόροις

292 655 525 724 ῥήμασιν
545 654 608 705 ὲκ
642 651 743 720 τῆς
773 651 951 721 βίϐλου
977 651 1084 703 τῶν
1109 650 1385 718 Πράξεων,
1415 650 1499 701 ναὶ
1528 648 1710 714 μέντοι
1745 646 1838 700 καὶ

289 745 576 816 ἑρμηνείαν
620 745 712 796 τοῦ
763 745 996 812 μεγάλου
1062 742 1446 812 Χρυσοστόμου
1473 784 1488 805 ,
1517 740 1837 810 διωρίσαντο

287 837 359 905 τῷ
391 837 607 905 ῥηθέντι
635 836 819 889 κανόνι
852 837 925 905 μὴ
957 834 1288 888 ἀκολουθεῖν.
1325 835 1506 886 Ἐοικε
1539 833 1592 886 δὲ
1625 834 1706 885 ὅτι
1745 832 1841 884 καὶ

290 930 388 1000 πρὸ
421 929 612 982 τούτου
638 928 808 991 οὕτως
830 927 1135 980 ὲνενοοῦντο
1166 926 1232 979 τὰ
1261 926 1318 977 ὲν
1343 924 1420 993 τῷ
1440 925 1622 977 κανόνι
1656 923 1754 992 τῆς
1783 923 1842 975 ὲν

288 1021 685 1092 Νεοκαισαρείᾳ
718 1021 932 1073 συνόδου
966 1020 1330 1090 περιεχόμενα
1357 1018 1489 1088 (79).

356 1159 607 1213 ΖΩΝΑΡ.
650 1157 712 1210 '(l
741 1161 837 1226 τῆς
867 1158 924 1210 ὲν
949 1154 1354 1226 Νεοκαισαρείᾳ
1383 1153 1654 1222 συστάσης
1688 1152 1844 1204 συνόο

292 1252 381 1305 δου
438 1252 928 1312 πεντεκαιδέκατος
966 1247 1146 1302 κανὼν
1191 1248 1331 1300 οὓτω
1384 1246 1537 1314 φησί’
1601 1244 1844 1296 Διάκονοι

293 1347 430 1400 ἑπτὰ
461 1345 774 1413 ὀφείλουσιν
811 1341 954 1398 εἶναι
1001 1341 1142 1397 κατὰ
1171 1343 1261 1394 τὸν
1318 1341 1540 1402 κανόνα,
1574 1339 1676 1392 κᾶν
1703 1339 1842 1390 πάνυ

297 1440 506 1508 μεγάλη
543 1439 631 1508 εἴη
669 1441 702 1508 ὴ
731 1438 902 1501 πόλις.
951 1437 1229 1506 Πεισθήσῃ
1267 1434 1324 1488 δὲ
1355 1435 1464 1488 άπὸ
1511 1434 1609 1502 τῆς
1663 1431 1844 1500 βίϐλου

293 1532 398 1583 τῶν
429 1532 712 1602 Πράξεων.
748 1530 948 1585 Τοῦτον
979 1531 1072 1584 οὖν
1093 1530 1184 1582 τὸν
1209 1529 1408 1582 κανόνα
1426 1528 1474 1580 οἰ
1501 1527 1597 1595 τῆς
1627 1525 1845 1578 συνόδου

295 1623 501 1692 ταύτης
531 1624 781 1686 Πατέρες
812 1623 1172 1693 διαγράφουσι
1207 1623 1279 1692 μὴ
1323 1620 1593 1688 εὐστόχως
1621 1617 1846 1670 ἐκλαϐε-

297 1717 422 1770 σθαι
451 1717 512 1768 τὸ
555 1718 663 1768 τῶν
691 1717 950 1770 διακόνων
973 1716 1172 1785 ,ὄνομα
1231 1715 1290 1767 τὸ
1337 1716 1394 1766 ὲν
1456 1715 1576 1775 ταῖς
1607 1710 1845 1780 Πράξεσι

1943 559 2380 626 interpretatione.
2408 559 2508 621 usi,
2537 567 2836 612 statuerunt
2861 558 3057 612 dictum
3098 576 3358 614 canonem
3395 579 3497 618 non

1940 666 2059 706 esse
2086 655 2432 720 sequendum.
2462 652 2555 704 Est
2587 664 2761 707 autem
2792 665 3233 720 consentaneum,
3274 659 3417 726 quod
3447 669 3503 712 et

1944 760 2097 804 antea
2150 750 2226 804 sic
2287 750 2722 819 intelligebantur
2777 765 2896 820 quae
2968 753 3019 806 in
3081 753 3502 810 Ncocmsaricnsi

1943 843 2144 915 synodo
2173 843 2532 897 continentur.

2021 1160 2174 1231 175
2204 1160 2452 1216 ZONAR.
2485 1161 2700 1229 Septem
2731 1175 2796 1215 ex
2831 1144 3006 1232 legum
3039 1164 3353 1234 przescripto
3393 1166 3507 1219 suf-

1947 1256 2106 1310 licere
2133 1255 2182 1308 in
2222 1271 2346 1315 una,
2397 1257 2642 1324 quamvis
2695 1270 2905 1322 magna,
2957 1257 3174 1309 civitate
3229 1260 3504 1325 diaconos,

1947 1345 2106 1413 idque
2131 1360 2193 1398 ex
2231 1345 2484 1399 Actorum
2517 1345 2652 1399 libro
2676 1346 2866 1411 conjici
2895 1347 3054 1399 facile
3090 1363 3268 1413 posse.
3294 1350 3509 1403 decimo

1946 1440 2134 1510 quinto
2187 1437 2629 1493 Neoczrsaricnsis
2677 1440 2864 1509 synodi
2913 1455 3118 1494 canone
3173 1441 3505 1498 declaratum

1946 1541 2047 1588 est.
2077 1530 2225 1584 Illum
2255 1531 2412 1595 igitur
2459 1545 2712 1582 canonem
2752 1532 2936 1599 synodi
2997 1530 3180 1584 Patres
3232 1534 3331 1587 hoc
3393 1535 3510 1588 loco

1950 1623 2364 1693 reprehendunt,
2399 1637 2568 1688 neque
2591 1624 2721 1674 satis
2753 1625 3100 1677 diaconormn
3130 1642 3347 1690 nomen,
3369 1631 3510 1688 quod

1947 1733 2010 1770 ex
2069 1716 2219 1770 Actis
2271 1717 2528 1778 affertur,
2578 1716 2901 1770 intellectura
2961 1733 3078 1770 esse
3144 1723 3508 1787 pronuntiant.

295 1810 559 1876 λέγοντες.
587 1810 736 1880 Μηδὲ
768 1810 877 1876 γὰρ
916 1809 1044 1878 περὶ
1071 1808 1179 1860 τῶν
1214 1809 1270 1860 ἐν
1304 1809 1368 1876 τῇ
1407 1805 1525 1874 θείᾳ
1567 1802 1848 1872 ἱερουργίᾳ

1953 1811 2129 1880 Neque
2149 1811 2291 1865 enim
2318 1811 2382 1863 de
2405 1811 2667 1875 diaconis,
2695 1811 2782 1878 qui
2809 1827 2964 1864 Sacro
2997 1813 3180 1866 altaris
3212 1815 3512 1868 ministerio

293 1900 558 1954 διακονεῖν
581 1901 884 1969 μελλόντων
906 1899 1115 1969 ἀνδρῶν
1136 1899 1234 1978 τὴν
1263 1898 1515 1968 φροντίδα
1537 1895 1654 1948 τότε
1686 1890 1841 1956 εἶναι,

293 1992 426 2044 ἀλλὰ
456 1992 590 2062 περὶ
617 1993 713 2060 τῆς
733 1993 789 2044 ὲν
806 1994 928 2054 ταῖς
954 1990 1254 2061 τραπέζαις
1279 1988 1608 2058 ὑπηρεσίαςζ
1634 1986 1846 2054 καὶτῆς

297 2084 421 2150 περὶ
451 2083 551 2146 τὰς
579 2085 786 2151 τροφὰς
813 2083 907 2136 τοῦ
944 2078 1182 2153 πλήθους
1213 2082 1320 2134 τῶν
1371 2078 1736 2133 πιστευόντων
1764 2080 1844 2128 οξ-

295 2176 576 2238 κονομίας.
609 2176 719 2228 Καὶ
743 2174 834 2226 τὸν
861 2175 1034 2244 μέγαν
1068 2173 1322 2240 Ἰωάννην
1349 2171 1440 2224 τὸν
1474 2169 1570 2239 τὴν
1603 2167 1847 2235 γλῶτταν

295 2267 529 2336 χρυσοῦν
554 2268 894 2339 παράγουσιν
917 2267 1288 2336 ἑρμηνεύοντα
1307 2264 1376 2317 τὰ
1396 2266 1452 2316 ὲν
1472 2266 1590 2325 ταῖς
1611 2261 1846 2332 Πράξεςι

295 2362 422 2429 περὶ
453 2360 659 2412 τούτων
693 2361 832 2430 ῥητὰ
859 2360 952 2411 καὶ
980 2360 1206 2428 λέγοντα
1243 2358 1379 2427 μήτε
1407 2356 1668 2410 διακόνων
1709 2358 1846 2422 μήτε

296 2451 691 2521 πρεσϐυτέρων
727 2451 1029 2520 δηλωτικὸν
1065 2445 1204 2502 εἶναι
1245 2450 1304 2500 τδ
1348 2448 1538 2515 ὄνομα.
1571 2446 1678 2499 Καί
1713 2463 1844 2512 φασι

297 2547 387 2598 καὶ
424 2545 474 2596 οἱ
511 2544 746 2612 Πατέρες
775 2547 974 2596 ἐκεῖνοι
1005 2544 1132 2603 τοὺς
1164 2545 1219 2594 ὲν
1249 2543 1364 2601 ταῖς
1412 2540 1677 2610 Πράξεσιν
1708 2537 1848 2590 ἑπτὰ

299 2637 582 2698 διακόνους
615 2635 689 2704 μὴ
723 2636 946 2688 ἐπὶτῶν
988 2637 1044 2686 ὲν
1081 2637 1192 2695 τοῖς
1225 2635 1545 2702 μυστηρίοις
1577 2633 1850 2684 διακονους

298 2729 478 2796 μένων
517 2728 908 2796 λαμϐάνεσθαι,
949 2727 1083 2781 ἀλλὰ
1110 2727 1218 2780 τῶν
1248 2725 1677 2796 οἱκονομούντων
1702 2726 1850 2787 ὅπως

294 2825 586 2892 τρέφοιντο
615 2825 663 2875 οἱ
688 2824 815 2892 περὶ
851 2822 974 2885 τοὺς
1002 2822 1330 2900 ἀποστόλους
1354 2819 1731 2890 ἀθροιζόμενοι
1757 2817 1850 2871 καὶ

295 2913 668 2977 πιστεύοντες,
709 2911 803 2974 οὓς
855 2913 945 2965 καὶ
997 2911 1164 2964 τύπον
1211 2913 1343 2981 ἡμῖν
1375 2908 1663 2978 γεγονέναι
1716 2907 1851 2976 φασὶ

295 3007 428 3074 περὶ
460 3005 588 3066 τοὺς
619 3004 907 3073 δεομένους
958 3004 1190 3073 σπουδῆς
1238 3019 1297 3054 τε
1336 3003 1428 3055 καὶ
1483 3001 1846 3070 μεταδόσεως.

293 3083 407 3150 ιςὲιι
445 3099 473 3149 δ
505 3100 601 3167 μὲν
621 3097 802 3152 κανὼν
835 3100 892 3151 ὲν
928 3097 1138 3160 τούτοις
1159 3095 1383 3166 τελευτᾷ
1417 3095 1487 3164 μή
1531 3113 1584 3147 τι
1621 3110 1848 3164 προστι-

295 3188 410 3251 θεὶς
432 3191 601 3242 ιΙλέον
622 3190 759 3243 αίδοῖ
772 3189 884 3243 τῶν
900 3190 957 3242 ἐν
977 3187 1378 3258 Νεοκαισαρείᾳ
1401 3185 1844 3255 συστησαμένων,

292 3277 470 3351 οἶμαι,
496 3281 595 3352 τὴν
629 3282 865 3347 σύνοδον,
914 3282 1203 3350 συνάγεται
1249 3279 1306 3332 δὲ
1344 3276 1446 3340 ὃτι.
1483 3278 1602 3330 ἐπεὶ
1653 3278 1849 3330 ἐκεῖνοι

291 3375 358 3441 τῇ
400 3375 438 3425 Π
455 3372 606 3442 ράξει
636 3372 744 3426 τῶν
767 3372 1079 3426 ἀποστόλων
1105 3366 1218 3426 οἷον
1240 3371 1527 3442 ὑποϐάθρᾳ
1549 3371 1849 3441 ἐχρήσαντο

293 3471 359 3536 τῇ
390 3467 518 3536 περὶ
541 3467 653 3518 τῶν
673 3468 810 3520 ἑπτὰ
836 3466 1121 3530 διακόνων,
1153 3467 1230 3529 εἰς
1255 3466 1317 3520 τὸ
1339 3465 1519 3536 ὁρίσαι
1541 3464 1615 3536 μὴ
1639 3464 1851 3527 πλείους

295 3561 406 3610 τῶν
444 3560 585 3610 ἑπτὰ
615 3559 877 3612 διακόνων
917 3560 977 3612 ὲν
1029 3558 1182 3611 πόλει
1222 3554 1383 3621 εἶναι,
1426 3558 1531 3609 κᾶν
1566 3557 1708 3612 πάνυ
1759 3574 1854 3625 με·

297 3652 502 3720 γάληὴ
543 3651 695 3712 πόλις
731 3651 842 3721 εἴη,
879 3651 928 3703 οἱ
978 3651 1035 3703 δὲ
1075 3651 1228 3720 παρὰ
1273 3649 1383 3703 τῶν
1420 3649 1730 3703 ἀποστόλων
1765 3649 1856 3700 ὲκ-

297 3739 547 3807 λεγέντες
577 3741 657 3802 είς
684 3739 960 3792 διακονίαν
989 3740 1086 3807 οὐχ
1139 3739 1446 3809 ἱερουργίας
1486 3734 1627 3809 ἦσαν
1673 3738 1854 3790 διάκο-

299 3849 422 3896 νοι,
480 3831 598 3886 ἀλλ’
659 3831 929 3901 ὑπηρέται
1002 3832 1098 3885 καὶ
1155 3831 1432 3901 οἰκονόμοι
1492 3831 1740 3902 τροφῶν,
1792 3830 1852 3884 οὐ

302 3923 448 3975 κατὰ
475 3923 540 3975 τὸ
576 3924 857 3994 προσῆκον
911 3923 1004 3976 τὸν
1041 3924 1274 3994 ἀριθμὸν
1312 3925 1420 3977 τῶν
1478 3925 1737 3978 διακόνων
1776 3927 1856 3988 είς

301 4017 394 4068 τδν
426 4014 654 4084 ἕϐδομον
708 4015 1158 4084 ἐστενοχώρησαν
1195 4014 1427 4084 ἀριθμὸν
1479 4016 1572 4068 καὶ
1621 4016 1712 4068 ἐπὶ
1749 4015 1856 4068 τῶν

306 4108 564 4176 μεγάλων
599 4108 830 4161 πόλεων.
868 4107 1033 4161 Ὅθεν
1057 4108 1182 4161 οὐδὲ
1211 4108 1320 4180 πρὸ
1346 4107 1442 4161 τοῦ
1481 4109 1706 4172 κανόνος
1735 4108 1859 4162 τού-

301 4217 398 4252 του
428 4199 456 4251 δ
486 4201 592 4252 τῶν
631 4202 689 4252 ὲν
719 4201 1123 4272 Νεοκαισαρείᾳ
1171 4199 1350 4254 κανὼν
1403 4200 1751 4268 ἐφυλάττετο.
1800 4201 1858 4254 ’0

307 4293 407 4360 μὲν
435 4292 544 4362 γὰρ
590 4293 954 4355 Ἰουστινιανδς
974 4291 1238 4362 ἑξήκοντα
1266 4286 1692 4362 πρεσϐυτέρους,
1731 4293 1851 4345 δια-

307 4385 494 4446 κόνους
516 4385 573 4436 δὲ
600 4385 814 4446 ἑκατὸν,
849 4387 942 4438 καὶ
987 4385 1336 4447 διακονίσσας
1373 4386 1779 4452 τεσσαράκοντα
1804 4388 1860 4438 ὲν

1950 1907 2278 1968 assisterent,
2313 1905 2404 1958 sed
2437 1904 2628 1972 quibus
2654 1919 2780 1957 cura
2817 1919 3119 1957 mensarum
3167 1923 3228 1960 ac
3279 1907 3508 1962 ﬁdelium

1947 1998 2270 2053 multitudini
2328 1997 2698 2064 suppeditandi
2761 2009 3091 2051 cornn'ientus
3150 2000 3510 2063 incumberet,

1948 2089 2352 2157 accipiendum;
2385 2090 2486 2141 divi
2517 2105 2725 2157 quoque
2752 2090 3116 2160 Chrysostomi
3141 2093 3294 2144 verba
3322 2095 3506 2146 eadem

1946 2180 2284 2246 explicantis,
2327 2189 2378 2231 et
2410 2194 2505 2231 nec
2538 2180 2601 2229 de
2627 2178 2875 2231 diaconis
2924 2194 3021 2232 nec
3064 2181 3388 2250 presbyteris
3429 2182 3512 2232 in—

1948 2271 2111 2337 telligi
2171 2286 2325 2338 posse
2392 2271 2749 2323 asseverantis
2811 2271 3114 2324 lcstim‘onio
3168 2271 3509 2327 conﬁrmant.

1954 2363 2169 2429 Septem
2203 2363 2361 2429 igitur
2394 2362 2508 2414 illos
2557 2363 2809 2416 Actorum
2867 2344 3124 2415 diaconos
3179 2361 3364 2423 fuisse,
3408 2379 3510 2414 non

1951 2456 2041 2524 qui
2068 2454 2236 2510 sacris
2270 2453 2603 2517 ministeriis,
2650 2453 2774 2506 dum
2836 2469 2923 2506 res
2980 2454 3153 2506 divina
3222 2455 3511 2521 peragitur,

1948 2545 2206 2600 obeundis
2269 2554 2543 2609 vacarent,
2619 2545 2710 2598 sed
2775 2545 2862 2612 qui
2933 2545 3237 2597 hominibus
3317 2547 3519 2611 ampli--

1951 2638 2157 2692 ctendm
2195 2636 2314 2689 ﬁdei
2359 2637 2536 2690 studio
2571 2638 2634 2688 ad
2675 2635 2944 2704 apostolos
2967 2638 3178 2689 assidue
3208 2652 3517 2689 commean-

1951 2730 2092 2785 tibus
2124 2729 2370 2783 alimenta
2422 2729 2825 2797 prospicerent;
2879 2743 2906 2780 a
2965 2727 3159 2795 quibus
3213 2730 3514 2796 exemplum

1948 2838 2164 2893 quoque
2193 2822 2245 2875 in
2272 2834 2468 2888 egenos
2498 2821 2780 2875 charitatis
2807 2821 3014 2889 pia3que
3037 2821 3377 2874 liberalitatis
3448 2822 3513 2872 ad

1950 2927 2134 2970 nostra
2162 2931 2331 2984 usque
2361 2924 2600 2982 tempora
2641 2914 2862 2966 ductum
2913 2927 3034 2967 esse
3077 2911 3368 2965 afﬁrmant.
3424 2915 3518 2964 At.-

1950 3023 2054 3075 que
2082 3008 2169 3062 hic
2193 3008 2430 3076 quidem,
2463 3007 2787 3068 reverentia,
2809 3015 2868 3058 ut
2891 3006 3146 3066 arbitror,
3173 3021 3296 3072 erga
3325 3003 3513 3058 Patres

1952 3100 2136 3163 synodi
2161 3098 2607 3153 Neocaesariensis
2635 3089 2904 3159 a'uctores,
2940 3095 3084 3148 nullo
3123 3095 3330 3161 adjecto
3351 3095 3514 3146 verbo

1951 3205 2122 3245 canon
2160 3189 2472 3243 absolvitur.
2505 3189 2579 3242 Ex
2613 3203 2719 3257 quo
2752 3196 2926 3240 tamen
2976 3185 3114 3239 efﬁci
3152 3185 3365 3253 planum
3408 3195 3511 3251 est,

1950 3283 2202 3353 quoniam
2229 3283 2380 3338 Actis
2410 3282 2773 3349 apostolorum
2805 3278 2961 3349 quasi
2986 3279 3332 3332 fittidamento
3379 3276 3520 3330 Neo-

1950 3373 2297 3427 caesarienses
2320 3372 2628 3426 nitebantur
2658 3380 2710 3422 ut
2737 3371 2788 3423 in
2817 3383 3137 3438 quacunque
3159 3369 3364 3434 'magna
3393 3368 3521 3420 licet

1905 3515 1922 3533 ,
1952 3478 2015 3516 ac
2041 3465 2212 3531 ampla
2249 3463 2378 3517 urbe
2412 3472 2613 3531 septem
2664 3462 3012 3515 diaconorum
3053 3474 3336 3513 numerum
3380 3473 3518 3526 pne-

1952 3557 2205 3618 ﬁnirent;
2238 3555 2324 3623 qui
2358 3569 2483 3608 vero
2507 3555 2573 3605 ab
2598 3554 2852 3620 apostolis
2876 3553 3085 3606 diaconi
3111 3551 3371 3619 designati
3405 3552 3522 3604 lue-

1952 3661 2097 3709 rant,
2133 3664 2233 3701 non
2263 3663 2537 3700 sacrorum
2582 3646 2808 3699 ministri
2834 3645 2924 3698 sed
2955 3646 3030 3698 rei
3084 3644 3258 3712 potius
3304 3646 3519 3699 clbar’:c

1955 3741 2193 3812 praefecti
2223 3750 2273 3792 et
2297 3739 2557 3792 mconomi
2591 3737 3004 3802 adhibebantur,
3025 3751 3360 3804 nequaquam
3385 3739 3518 3791 adeo

1956 3835 2198 3900 angustis
2224 3833 2510 3899 septenarii
2551 3833 2797 3885 terminis
2841 3832 2895 3882 in
2949 3845 3260 3899 magnarum
3311 3845 3522 3897 quoquc

1956 3926 2168 3979 urbium
2193 3924 2505 3978 celebritate
2561 3924 2908 3976 diacOnorum
2955 3937 3236 3976 numerum
3277 3922 3518 3976 coerceri

1959 4017 2226 4073 debuisse.
2261 4015 2423 4084 Igitur
2448 4016 2606 4067 etiam
2643 4023 2766 4068 ante
2813 4015 2955 4068 hunc
3015 4028 3273 4068 canonem
3319 4016 3519 4068 editum

1958 4109 2383 4164 Neocmsariensi
2413 4109 2787 4164 constitutioni
2828 4109 3046 4162 minime
3093 4109 3523 4176 obtemperatum

1960 4211 2062 4258 est.
2099 4201 2384 4271 Sexaginta
2428 4201 2690 4268 siquidem
2717 4201 3068 4271 presbyteris,
3100 4200 3344 4254 diaconis
3396 4216 3524 4253 cen-

1962 4304 2095 4356 tum,
2149 4295 2499 4364 quadraginta
2554 4293 2870 4348 diaconissis
2919 4293 3164 4363 Magnam
3236 4292 3520 4347 ecclesiam

1966 4388 2170 4441 censeri
2201 4385 2542 4439 Justinianus
2575 4385 2759 4448 voluit,
2791 4395 2848 4438 ut
2880 4384 3098 4439 Basilic.
3144 4384 3282 4438 libro
3321 4399 3405 4444 tu,
3455 4381 3524 4433 ti-

308 4475 627 4546 τῇξΜεγάλῃ
654 4477 830 4529 εῐασεν
879 4478 1159 4548 ἐκκλησίᾳ,
1211 4479 1286 4542 ὡς
1319 4483 1376 4532 ὲν
1409 4477 1600 4546 βιϐλίῳ
1625 4479 1731 4530 τῶν
1755 4480 1852 4530 Βα-

1969 4466 2080 4531 Ιιιιο
2106 4477 2161 4539 2,
2191 4478 2373 4532 videre
2394 4486 2478 4530 est
2520 4494 2532 4529 :
2573 4491 2802 4546 cumque
2829 4491 3130 4541 numerum,
3163 4483 3272 4528 tam
3329 4475 3381 4527 in
3433 4489 3525 4527 sa-

310 4568 537 4621 σιλικῶν
577 4569 747 4638 τρίτῳ
785 4572 984 4634 κεῖται,
1019 4569 1182 4638 τίτλῳ
1213 4571 1451 4640 δευτέρῳ
1473 4589 1489 4601 ·
1519 4574 1546 4623 ό
1590 4572 1645 4623 δὲ
1698 4571 1864 4640 Ἠρά-

311 4660 492 4722 κλειος
530 4661 810 4738 ἐπηύξησε
845 4663 936 4716 τὸν
965 4663 1198 4733 ἀριθμὸν
1223 4662 1448 4715 καὶτῶν
1483 4663 1867 4732 πρεσϐυτέρων

314 4751 411 4802 καὶ
432 4751 702 4805 διακόνων
741 4753 965 4807 καὶτῶν
1015 4753 1221 4807 λοιπῶν
1255 4749 1537 4821 κληρικῶν
1565 4757 1621 4806 ὲν
1665 4757 1729 4822 τῇ
1761 4755 1871 4807 Με-

313 4843 453 4915 γάλῃ
501 4846 788 4914 ἐκκλησίᾳ,
848 4849 942 4900 καὶ
1013 4849 1178 4915 ἄμφω
1213 4847 1268 4898 δὲ
1310 4839 1458 4899 οὗτοι
1526 4848 1574 4898 οί
1631 4847 1870 4914 βασιλεῖς

315 4937 419 5004 πρὸ
443 4940 543 5006 τῆς
581 4937 748 5005 ἕκτης
775 4939 977 5008 ταύτης
997 4935 1138 5008 ἦσαν
1179 4938 1423 4991 συνόδου.
1465 4939 1570 4990 Καὶ
1598 4942 1653 4990 αἱ
1683 4938 1870 4992 λοιπαὶ

316 5032 370 5082 δὲ
395 5031 490 5100 τῆς
518 5033 1145 5093 Κωνσταντινουπόλεως
1167 5033 1452 5100 ἐκκλησίαι
1480 5031 1704 5094 πολλοὺς
1725 5026 1869 5099 εἶχον

318 5122 633 5189 κληρικοὺς,
665 5123 756 5174 καὶ
781 5122 1026 5184 πλείονας
1050 5122 1160 5178 τῶν
1190 5122 1337 5192 παρὰ
1351 5121 1457 5174 τῶν
1479 5121 1870 5190 δομησαμένων

319 5213 480 5274 αὐτὰς
519 5213 579 5264 ὲν
617 5214 805 5275 αὑταῖς
844 5213 1164 5282 ταχθέντων,
1197 5214 1270 5277 ὡς
1305 5213 1448 5266 ἔστιν
1494 5214 1670 5283 εὑρεῖν
1709 5213 1766 5264 ὲν
1793 5211 1872 5279 τῷ

323 5302 521 5373 πρώτῳ
577 5303 744 5373 τίτλῳ
775 5293 865 5358 τοῦ
911 5307 1093 5376 τρίτου
1135 5306 1340 5376 βιϐλίου
1376 5305 1484 5358 τῶν
1528 5304 1866 5356 Βασιλικῶν.

1964 4571 2275 4624 cerdotibns
2301 4580 2355 4622 et
2383 4569 2641 4631 diaconis,
2664 4585 2823 4636 quam
2854 4568 2904 4622 in
2930 4568 3134 4636 reliquo
3183 4565 3328 4619 omni
3377 4567 3528 4618 clero

1963 4663 2241 4716 Heraclius
2265 4663 2628 4731 ampliﬁcavit,
2655 4677 2774 4715 cum
2808 4672 3093 4726 utrumque
3127 4668 3304 4712 tamen
3353 4659 3523 4725 impe-

1963 4764 2195 4807 ratorem
2233 4762 2353 4806 ante
2399 4753 2556 4821 Imjns
2590 4762 2751 4804 sexta:
2803 4750 2986 4820 synodi
3042 4759 3279 4816 tempora
3330 4749 3526 4801 vixisse

1964 4852 2191 4898 constet.
2232 4843 2464 4910 Reliqua:
2488 4857 2697 4911 quoque
2740 4841 3344 4908 Constantinopolitanze
3380 4840 3528 4892 urbis

1974 4937 2218 4991 ecclesiae
2256 4936 2434 5003 plures
2466 4936 2690 4989 clericos
2727 4935 2987 4994 balmere,
3022 4943 3179 4986 aucto
3225 4933 3385 4983 etiam
3428 4948 3529 4983 nu-

1968 5045 2118 5083 mero
2151 5030 2238 5096 qui
2273 5027 2655 5098 praelinitnsiis
2687 5026 2752 5079 ab
2780 5041 2962 5079 earum
3010 5025 3378 5078 conditoribus
3427 5025 3529 5074 ini-

1969 5123 2044 5177 tio
2109 5125 2304 5187 fuerat,
2360 5121 2806 5189 quemadmodum
2877 5119 3038 5172 tertio
3093 5117 3306 5171 Basilic.
3367 5115 3524 5180 libro,

1972 5215 2124 5270 titulo
2155 5217 2350 5285 primo,
2377 5213 2503 5268 licet
2533 5213 2981 5266 animadvertere.

1529 5427 1724 5487 Guill.
1770 5423 2097 5502 Beveregii
2133 5430 2321 5485 notae.

395 5528 502 5595 (.79)
542 5527 661 5592 Τῆς
689 5527 754 5579 ἐν
811 5527 1232 5594 Νεοκαισαρείᾳ
1291 5528 1553 5581 συνόδου
1612 5527 1873 5593 περιεχό-

321 5614 486 5662 μενα.
526 5601 580 5652 ln
613 5598 796 5651 Latina
847 5597 1092 5650 Gcntiani
1154 5598 1364 5659 llervetj
1401 5598 1668 5652 versione.
1753 5598 1864 5648 inec

329 5669 548 5735 insuper
583 5677 898 5730 occurrunt,
929 5667 1055 5719 huic
1120 5667 1454 5720 Balsamonis
1505 5667 1716 5719 scbolio
1768 5684 1856 5717 ειμι

329 5751 479 5796 item,
521 5738 654 5790 Cum
683 5754 749 5789 ea-
781 5754 915 5789 emm
950 5739 1016 5788 sit
1049 5739 1162 5803 ipsa
1208 5755 1408 5806 quoque
1443 5739 1608 5804 primo
1648 5736 1802 5799 Suum

332 5807 605 5872 mitiquior,
674 5806 1002 5861 Justiniunus
1059 5811 1336 5876 imperator
1376 5807 1629 5860 invenitur
1689 5807 1738 5858 in
1804 5822 1858 5858 ιιι

1971 5525 2100 5578 libro
2133 5521 2272 5589 Imp.
2327 5522 2620 5583 decernere,
2672 5529 2728 5572 ut
2778 5521 2830 5572 in
2889 5519 3080 5586 Magna
3134 5519 3259 5589 sint
3303 5515 3522 5589 ere/asin

1971 5594 2180 5645 diaconi
2205 5584 2411 5644 centum
2440 5607 2457 5644 :
2493 5592 2630 5660 quod
2665 5607 2765 5660 non
2793 5584 3059 5656 iussisset.
3111 5586 3340 5660 si__aliter
3369 5584 3524 5636 intel—

2049 5676 2127 5714 ἠε
2159 5663 2343 5728 fuisset
2370 5656 2535 5714 canon
2570 5663 2621 5713 in
2664 5659 2964 5714 Neocmsar.
2998 5675 3114 5726 syri.
3157 5656 3277 5707 lla-c
3340 5663 3518 5728 autem

2049 5724 2208 5785 nullis
2249 5732 2449 5788 Gratcis
2489 5731 2789 5795 codicibus,
2823 5745 2956 5799 quos
3007 5724 3192 5782 videre
3249 5724 3518 5792 contigit,

1961 5804 2248 5858 habt-titur.
