3984 6474
415 245 516 312 571
1028 286 1037 295 .
1668 243 1943 303 'l‘tttsul).
1985 238 1991 296 Σ

2117 235 2387 297 .SAMON
3582 225 3685 289 5ἷὲ

415 358 645 418 Αιιιετ.
685 375 703 410 ι
749 358 851 424 Qui
883 368 1087 428 septem
1128 372 1246 413 esse
1276 357 1549 418 diaconos,
1576 355 1729 422 juxta
1763 350 1902 421 quod
1936 351 1991 402 in

2117 348 2316 400 lPlET.
2366 366 2385 398 ι
2429 346 2747 401 Γινωσκέτω
2785 344 2812 399 ὁ
2852 341 3031 412 λέγων
3082 340 3235 398 ἑπτά
3276 336 3579 401 διακόνους
3608 338 3685 393 ε’-

492 470 514 505 (
548 452 776 507 Actibus
816 450 1010 505 dictum
1043 460 1145 513 est,
1174 450 1423 514 allirmat,
1470 449 1627 510 sciat,
1680 445 1820 513 quod
1884 458 1989 497 non

2167 459 2186 491 ι
2231 456 2319 493 ναι
2356 440 2497 495 κατὰ
2545 439 2605 495 τδ
2637 436 2930 509 εἰρημένον
2966 438 3085 500 ταῖς
3129 433 3464 507 Πράξεσιν,
3502 432 3586 485 ὅτι
3623 433 3683 485 οὐ

494 564 513 599 ι
554 548 618 601 de
650 545 910 607 diaconis,
944 543 1034 613 qni
1078 543 1367 616 mysteriis,
1399 543 1491 597 sed
1525 540 1618 612 qui
1644 538 1846 595 mensis
1891 536 1991 593 mi-

2171 551 2189 583 ι
2241 533 2370 602 περὶ
2419 530 2530 585 τῶν
2562 531 2828 586 διακόνων
2856 588 2857 591 η
2890 531 3004 596 τοῖς
3040 526 3388 600 μυστηρίοις
3424 527 3455 579 ὁ
3500 521 3683 594 λόγος,

495 658 515 691 ι
552 639 811 699 nistrant,
840 635 1031 689 ibidem
1061 651 1237 690 sermo
1262 637 1505 691 habetur.
1544 654 1563 687 ι

2165 642 2184 675 ι
2233 625 2369 679 ἀλλὰ
2400 624 2528 694 περὶ
2556 624 2665 678 τῶν
2693 624 3003 697 τραπέζαις
3033 619 3517 694 ὑπηρετούντων.
3555 637 3575 671 ι

2106 722 2109 723 ⁷
2172 715 2232 769 ’0
2264 717 2825 787 τεσσαρακαιδὲκατος
2882 714 3062 771 κανὼν
3098 716 3205 788 τῆς
3266 716 3329 768 ὲν
3366 713 3686 766 Νεοκαισα-

2092 807 2216 880 ρείᾳ
2248 808 2490 871 συνόδου,
2516 810 2623 862 ἀπὸ
2661 810 2760 876 τῆς
2795 809 2982 878 βίϐλου
3034 808 3143 864 τῶν
3183 806 3470 877 Πράξεων
3524 805 3689 874 δῆθεν

2088 902 2374 971 ὁρμηθεὶς,
2406 902 2546 955 ἑπτὰ
2590 902 2870 965 διακόνους
2936 903 3019 970 ἐφ’
3060 900 3282 972 ἑκάστῃ
3360 899 3549 962 πόλει,
3582 897 3688 950 κᾶν

2095 991 2235 1044 πάνυ
2290 991 2503 1061 μεγάλη
2545 993 2681 1058 ἐστὶ,
2732 992 3092 1047 καθίστασθαι
3130 992 3338 1061 ὥρισε,
3396 992 3519 1051 τοῖς
3583 1007 3685 1057 μυ-

2090 1082 2336 1152 στηρίοις
2392 1082 2864 1154 ὑπηρετήσοντας.
2918 1081 2979 1135 '0
3010 1082 3068 1136 δᾶ
3113 1080 3321 1152 παρὼν
3387 1078 3576 1132 κανὼν
3610 1078 3684 1149 μὴ

2091 1173 2272 1237 καλῶς
2303 1174 2500 1242 φάσκει
2528 1174 2717 1245 νοῆσαι
2747 1174 2848 1246 τὴν
2864 1175 3161 1246 τοσιαύτην
3186 1172 3425 1227 σύνοδον
3452 1173 3516 1225 τὺ
3540 1173 3597 1225 ὲν
3618 1176 3683 1243 τῇ

2088 1265 2258 1337 βίϐλῳ
2286 1268 2395 1319 τῶν
2435 1267 2702 1337 Πράξεων
2728 1268 2860 1335 περὶ
2910 1268 3021 1322 τῶν
3052 1267 3199 1323 ἑπτὰ
3237 1266 3529 1320 διακόνων
3568 1265 3687 1317 κεί-

2094 1376 2258 1429 μενον
2321 1360 2508 1432 ῥητόν.
2559 1361 2636 1415 Οὐ
2695 1361 2805 1434 γὰρ
2866 1359 3143 1431 περὶτῶν
3188 1358 3682 1427 διακονουμένων,

417 1464 484 1517 de
510 1465 575 1516 iis
604 1466 695 1532 qui
732 1465 782 1517 in
818 1464 1020 1517 mensis
1054 1462 1442 1528 subserviunt;
1499 1470 1553 1517 et
1607 1461 1804 1531 quibus
1858 1474 1986 1515 con-

2117 1451 2251 1521 ρησὶ,
2293 1455 2407 1516 τοῖς
2441 1453 2606 1517 θείοις
2638 1453 2963 1524 μυστηρίοις
3007 1452 3224 1523 ἀνδρῶν
3271 1446 3349 1521 ἦν
3383 1453 3420 1520 ἡ
3460 1448 3687 1537 φροντὶς

2083 1542 2145 1595 τὸ
2168 1544 2291 1596 τότε
2314 1546 2427 1607 τοῖς
2455 1544 2792 1611 ἀποστόλοις,
2818 1544 2954 1599 ἀλλά
2986 1545 3117 1616 περὶ.
3148 1542 3271 1597 τῶν
3331 1541 3684 1613 ὑπουργούν-

418 1556 621 1609 credita
649 1558 1089 1621 estdispeusatio
1116 1570 1328 1617 eorum,
1374 1570 1494 1623 qua:
1542 1552 1816 1607 communi
1865 1551 1985 1607 usui

423 1658 550 1701 tunc
576 1648 799 1703 collecta
824 1648 1061 1703 fuerunt.
1077 1647 1373 1717 Propterea
1397 1647 1464 1700 ab
1488 1645 1730 1701 ecclesiis
1746 1659 1849 1699 non
1871 1646 1986 1699 cxi-

2117 1650 2196 1688 ων
2224 1636 2284 1688 ὲν
2314 1638 2437 1701 ταῖς
2467 1638 2783 1708 τραπέζαις,
2826 1639 2922 1692 καὶ
2949 1636 3048 1709 τὴν
3073 1636 3415 1708 οἰκονομίαν
3443 1638 3682 1705 ἐμπεπι-

2117 1725 2401 1752 ..-,,,,ι,,,
2422 1730 2521 1752 ,³,
2544 1729 2693 1752 _--___g
2711 1729 2935 1752 --___.__
2963 1729 3071 1752 -.-___
3103 1729 3228 1752 _,__
3270 1726 3651 1752 ____._..____._1

418 1748 573 1802 getur
612 1739 906 1793 secumlnm
940 1738 1088 1791 illum
1130 1751 1417 1800 canonem,
1448 1746 1508 1791 ut
1538 1735 1761 1804 singulae
1782 1743 1986 1803 septem

2117 1725 2401 1796 πευμὲνων
2421 1730 2521 1798 τῆς
2544 1729 2731 1800 κοινῆς
2747 1729 2935 1801 χρείας
2961 1729 3072 1783 τῶν
3100 1729 3229 1782 τότε
3265 1726 3682 1800 συνηθροισμέ-

420 1825 652 1881 habeant
682 1828 937 1883 diaconos
965 1829 1029 1880 ad
1079 1827 1382 1881 divinorum
1439 1828 1821 1898 mysteriorum
1874 1826 1975 1879 mi—

2118 1832 2215 1870 ων.
2257 1818 2356 1871 Διά
2381 1818 2539 1872 τοῦτο
2560 1820 2690 1888 γοῦν
2716 1823 2769 1874 αί
2798 1821 3085 1893 ἐκκλησίαι
3106 1821 3209 1875 οὒκ
3244 1819 3681 1891 άπαιτηθήσον-

419 1917 728 1971 ηῐειιιτὶωη.
755 1918 858 1971 Sed
881 1931 1127 1986 quaeque,
1167 1918 1464 1971 secundum
1506 1916 1713 1973 reditus
1751 1930 1901 1981 suos,
1935 1926 1990 1971 et

2117 1909 2347 1963 ῖαικατὰ
2391 1911 2480 1964 τὸν
2510 1913 2713 1965 κανόνα
2754 1915 2961 1967 ἐκεῖνον
3007 1912 3110 1968 ἀνὰ
3178 1911 3331 1967 ἑπτὰ
3389 1911 3680 1975 διακόνους

419 2008 858 2074 presbyterorum
892 2008 1318 2064 etdiaconorum
1361 2018 1417 2065 et
1460 2008 1792 2080 reliquorum
1829 2007 1990 2064 cleri-

2122 2016 2234 2067 χειν
2259 2002 2339 2063 είς
2366 2002 2464 2072 τὴν
2501 2003 2612 2056 τῶν
2639 2003 2800 2058 θείων
2827 1998 3145 2076 μυστηρίων
3173 2005 3471 2059 διακονίαν
3498 2021 3515 2035 ο
3544 2003 3681 2057 άλλά

418 2114 604 2154 eorum
628 2116 912 2154 numerum
944 2100 1183 2164 habebit,

2122 2091 2297 2164 κάστη
2335 2094 2475 2162 πρὸς
2506 2094 2606 2157 τὰς
2630 2095 2869 2160 είσόδους
2911 2097 3081 2167 αὐτῆς
3117 2096 3233 2165 ἔξει
3258 2095 3361 2151 καὶ
3393 2096 3460 2149 τὸ
3515 2096 3680 2149 ποσὸν

2089 2184 2199 2237 τῶν
2225 2185 2611 2257 πρεσϐυτέρων
2642 2187 2737 2241 καὶ
2764 2188 3031 2243 διακόνων
3055 2188 3149 2243 καὶ
3172 2187 3289 2243 τῶν
3315 2187 3530 2243 λοιπῶν
3553 2186 3682 2259 κλη-

491 734 738 787 Decimus
762 739 988 799 quartus
1014 729 1203 799 synodi
1227 729 1682 784 Neoctesariensis
1704 743 1876 783 canon
1922 741 1989 783 ex

370 868 379 885 ,τ
421 830 647 882 Actuum
673 824 923 878 videlicet
959 822 1095 876 libro
1133 822 1348 884 ductus,
1405 832 1608 892 septem
1650 822 1904 875 diaconos
1933 820 1987 873 in

422 935 745 988 unaquaque
776 917 1016 981 civitate,
1048 915 1295 984 quamvis
1345 915 1633 969 admodum
1671 928 1863 981 magna
1896 912 1986 978 sit,

418 1012 672 1065 Constitui
698 1010 961 1069 decrevit,
993 1008 1267 1078 mysteriis
1287 1008 1610 1062 servientes.
1635 1005 1705 1059 At
1752 1017 1989 1074 praesens

418 1114 589 1152 canon
620 1099 695 1152 ait
724 1098 987 1167 synodum
1035 1098 1181 1150 illam
1208 1112 1313 1151 non
1347 1104 1495 1149 recte
1544 1093 1841 1164 intelligere
1875 1107 1989 1147 ser-

422 1208 631 1245 monem
660 1192 726 1245 de
750 1201 953 1259 septem
983 1190 1227 1244 diac0nis
1258 1188 1313 1241 in
1358 1188 1588 1242 Actuum
1647 1185 1785 1239 libro
1820 1185 1985 1253 posi-

422 1274 556 1338 tum.
592 1283 704 1338 Non
744 1284 886 1339 enim
912 1283 976 1337 de
1027 1282 1359 1343 hominibus,
1404 1279 1601 1348 inquit,
1658 1278 1747 1346 qui
1775 1276 1987 1331 :divinis

420 1376 725 1429 ministrant
766 1374 1037 1445 mysteriis
1078 1373 1406 1443 intelligendi
1436 1380 1562 1427 sunt
1594 1370 1846 1439 apostoli,
1891 1369 1985 1424 sed

899 2373 1060 2443 176
1096 2371 1324 2427 CANON
1359 2371 1523 2428 xvu.

425 2478 447 2510 ι
489 2460 751 2526 Quoniam
813 2462 1147 2516 diversarum
1209 2464 1562 2519 ecclesiarum
1614 2463 1823 2526 clerici,
1864 2479 1989 2534 pro-

495 2570 515 2602 ‹
558 2552 711 2621 priis,
748 2552 799 2606 in
827 2553 1025 2621 quibus
1058 2564 1183 2606 sunt
1199 2554 1457 2619 ordinati,
1486 2553 1690 2609 relictis
1721 2554 1989 2621 ecclesiis,

498 2665 518 2694 ι
556 2645 622 2698 ad
680 2644 817 2699 alios
879 2646 1163 2714 episcopos
1226 2661 1284 2701 se
1343 2649 1712 2712 contulerunt,
1770 2656 1825 2703 et
1875 2648 1992 2705 sine

499 2755 517 2787 ι
552 2737 751 2805 pr0prii
784 2738 1021 2807 episcopi
1055 2739 1325 2794 sententia
1383 2739 1435 2795 in
1499 2739 1694 2796 alienis
1744 2740 1993 2797 ecclesiis

506 2848 524 2881 ι
565 2831 843 2885 constituti
876 2841 1023 2896 sunt,
1051 2842 1106 2886 et
1132 2846 1198 2887 ex
1226 2848 1291 2887 eo
1333 2834 1478 2902 ipsos
1527 2834 1678 2888 reddi
1701 2833 1993 2889 insolentes

500 2940 519 2974 ι
555 2925 737 2977 evenit
769 2941 783 2976 :
816 2926 1123 2982 statuimus.
1160 2935 1218 2978 ut
1257 2940 1284 2978 a
1318 2926 1570 2994 presenti
1601 2941 1786 2981 mense
1818 2925 1990 2980 Janu-

2093 2293 2283 2347 ρικων.

2682 2372 2918 2428 ΚΑΝΩΝ
2968 2375 3067 2431 IZ'.

2097 2479 2117 2512 ι
2175 2459 2504 2534 Ἐπειδήπερ
2556 2464 2828 2537 διαφόρων
2874 2465 3187 2538 ἐκκλησιῶν
3223 2466 3518 2540 κληρικοὶ,
3574 2466 3674 2530 τὰς

2168 2570 2188 2604 ι
2236 2553 2396 2619 ίδίας,
2427 2556 2485 2608 ὲν
2521 2550 2611 2618 αἷς
2631 2556 3138 2627 ἐχειροτονήθησαν,
3163 2557 3476 2628 ἐκκλησίας
3507 2572 3679 2609 καταρ

2092 2651 2098 2661 ”
2169 2663 2191 2699 ι
2235 2645 2507 2713 λιπόντες,
2544 2649 2678 2718 πρὸς
2706 2649 2926 2718 ἑτέρους
2951 2650 3674 2721 συνέδραμονὲπισκόπους,

2146 2760 2194 2797 .‹
2220 2743 2333 2795 οιαὶ
2371 2744 2597 2813 γνώμης
2628 2743 2749 2812 δίχα
2773 2742 2868 2795 τοῦ
2900 2743 3103 2797 οίκείου
3137 2744 3452 2798 ἐπισκόπου
3482 2744 3539 2797 ὲν
3556 2743 3675 2806 ταῖς

2174 2852 2195 2887 1
2241 2834 2551 2907 ἀλλοτρίαις
2586 2835 2967 2905 κατετάγησαν
2996 2835 3346 2905 ἐκκλησίαις,
3379 2836 3447 2889 ὲκ
3485 2833 3675 2887 τούτου

2172 2944 2191 2977 ι
2236 2942 2295 2978 τε
2341 2925 2540 2997 πνέὸη
2587 2925 2995 2989 ἀνυποτάκτους
3048 2926 3247 2990 αὐτοὺς
3285 2923 3669 2992 καταστῆναιο

496 3033 516 3062 α
551 3018 664 3069 ario
689 3017 975 3086 prmteritze
1004 3026 1210 3085 quarta:
1265 3016 1593 3082 indictionis,
1641 3016 1821 3074 nullus
1871 3033 1991 3073 om-

2170 3035 2191 3070 σ
2234 3015 2490 3087 ὁρίζομεν
2516 3016 2657 3071 ὥστε
2702 3017 2810 3070 άπὸ
2857 3016 2951 3071 τοῦ
2993 3018 3264 3087 παρόντος
3332 3013 3668 3084 Ἰανουαρίου

496 3126 517 3158 ι
555 3108 682 3161 nino
710 3108 958 3173 clericus,
997 3109 1051 3163 in
1082 3124 1406 3179 quocunque
1452 3111 1522 3166 sit
1554 3110 1724 3181 gradu
1753 3120 1993 3181 potesta-

502 3218 520 3250 ι
563 3208 668 3255 tem
730 3200 926 3255 habeat
1002 3201 1119 3257 sine
1205 3203 1408 3272 preprii
1489 3200 1726 3274 episcopi
1790 3205 1990 3273 scripta

501 3308 519 3341 ι
562 3291 864 3345 dimissoria
887 3294 941 3348 in
973 3292 1160 3347 alienae
1183 3294 1428 3350 ecclesiae
1450 3296 1751 3368 catalogum
1777 3297 1988 3353 referri.

504 3402 522 3434 ι
561 3382 661 3448 Qui
713 3385 858 3437 enim
896 3400 925 3437 ει
967 3385 1221 3453 praesenti
1266 3402 1417 3441 nunc
1455 3398 1695 3457 tempore
1738 3390 1840 3443 hoc
1885 3402 1989 3443 non

508 3493 527 3525 ι
564 3485 762 3539 servat,
788 3477 879 3528 sed
912 3479 1055 3544 quod
1086 3477 1137 3531 in
1179 3493 1239 3532 se
1270 3488 1354 3533 est
1378 3495 1524 3540 enm.
1563 3481 1652 3547 qui
1689 3480 1765 3535 illi
1797 3497 1990 3536 manus

503 3583 522 3615 ι
569 3564 843 3633 imposuit,
883 3565 1141 3620 dedecore
1171 3565 1351 3634 allicit,
1402 3568 1703 3637 deponatur
1751 3579 1805 3626 et
1855 3572 1991 3641 ipse,

501 3677 518 3708 ι
552 3666 606 3710 et
631 3657 719 3726 qui
751 3672 871 3710 eum
909 3668 1103 3726 praeter
1135 3660 1395 3714 rationem
1421 3662 1672 3732 suscepit.
1699 3681 1719 3715 ι

508 3921 706 3977 BALS.
742 3921 946 3991 Smpius
979 3921 1233 3984 diximus.
1269 3923 1408 3993 quod
1463 3925 1606 3979 omni
1653 3925 1871 3991 clerico,
1904 3928 1992 3997 qui

428 4016 558 4071 foris
583 4014 858 4068 ordinatus
884 4024 983 4078 est,
1018 4014 1149 4068 duas
1179 4016 1471 4084 scripturas
1512 4015 1710 4073 afferre
1743 4035 1880 4086 opus
1911 4030 1992 4076 est

426 4106 543 4176 ejus
574 4106 663 4175 qui
691 4121 811 4159 eum
835 4105 1125 4167 ordinavit,
1156 4109 1656 4163 commendatitiam
1696 4111 1902 4165 scilicet
1941 4121 1998 4168 et

427 4198 808 4262 dimissoriatn,
846 4209 903 4255 ut
944 4198 1031 4253 illa
1063 4199 1275 4267 quidem
1331 4208 1511 4254 utatur
1561 4202 1626 4254 ad
1674 4202 1995 4272 comproba-

430 4287 629 4339 tionem
666 4286 808 4339 illius
843 4290 1039 4354 gradus
1064 4290 1151 4355 qui
1182 4289 1229 4343 ei
1263 4290 1441 4345 inesse
1475 4290 1824 4346 diciturzhac
1849 4308 1991 4361 vero,

2170 3127 2189 3160 ι
2240 3109 2408 3178 μηνὸς
2434 3108 2532 3176 τῆς
2559 3106 2934 3178 παρελθούσης
2980 3109 3245 3179 τετάρτης
3287 3104 3669 3175 ἔπινεμήσεως

2171 3220 2189 3253 ι
2241 3199 2444 3272 μηδένα
2468 3199 2578 3255 τῶν
2604 3199 2862 3254 ἁπάντων
2891 3199 3197 3271 κληρικῶν,
3227 3199 3346 3252 κᾶν
3383 3197 3445 3250 ὲν
3477 3192 3676 3265 οίφδὴο

2171 3312 2193 3348 ι
2239 3310 2367 3347 ποτε
2408 3293 2653 3363 τυγχάνῃ
2688 3292 2904 3362 βαθμῷ.
2956 3293 3142 3348 ἄδειαν
3173 3289 3335 3362 ἔχειν
3370 3287 3531 3350 ἐκτὸς
3577 3287 3671 3353 τῆς

2099 3442 2106 3451 ,
2168 3406 2189 3440 ι
2232 3385 2329 3440 τοῦ
2359 3387 2559 3441 οίκείου
2581 3385 2881 3440 ἐπισκόπου
2921 3384 3256 3452 ὰπολυτικῆς
3296 3382 3587 3452 ἐγγράφου
3616 3381 3672 3430 ἐν

2165 3493 2187 3529 α
2235 3476 2399 3548 ἑτέρᾳ
2443 3474 2874 3529 κατατάττεσθαι
2930 3473 3215 3545 ἐκκλησίᾳ.
3294 3473 3454 3525 Ἐπεὶ
3505 3470 3535 3521 ό
3592 3462 3667 3538 μή

2167 3588 2189 3622 ε
2232 3568 2391 3623 τοῦτο
2412 3568 2518 3621 ἀπὸ
2531 3566 2623 3621 τοῦ
2648 3566 2742 3621 νῦν
2772 3566 3351 3637 παραφυλαττόμενος,
3375 3562 3514 3621 ἀλλὰ
3536 3575 3637 3614 κατ
3657 3587 3668 3598 ι

2169 3679 2192 3714 ε
2240 3659 2509 3731 αισχύνων
2562 3660 2622 3713 τό
2669 3675 2733 3726 γε
2763 3659 2852 3711 ἐπ’
2887 3658 3049 3714 αὐτὸν
3073 3658 3164 3711 τὸν
3191 3656 3298 3726 τὴν
3331 3652 3668 3727 χειροτονίαν

2170 3774 2190 3808 ι
2235 3754 2384 3823 αὑτῷ
2413 3751 2810 3815 ὲπιτεθεικότα,
2839 3749 3206 3820 καθαιρείσθω
3230 3748 3333 3803 καὶ
3358 3747 3544 3810 αὐτὸς,
3580 3743 3670 3796 καὶ

2175 3864 2195 3899 ι
2239 3847 2268 3898 ό
2303 3843 2635 3913 παραλόγως
2663 3840 2824 3894 αὐτὸν
2864 3838 3321 3911 προσδεξάμενος.
3361 3857 3384 3890 ι

2166 3936 2361 3992 ΒΔΔΣ.
2405 3933 2680 3995 Πολλάκις
2710 3932 2936 4000 εἴπομεν
2987 3932 3069 3985 ὅτι
3112 3931 3274 4002 χρεία
3338 3930 3456 3983 ἐστὶ
3508 3926 3668 3981 παντὶ

2099 4023 2351 4095 κληρικῷ
2372 4025 2843 4095 ἰξωχειροτονήτῳ
2864 4022 3047 4086 διττάς
3067 4021 3285 4092 γραφὰς
3310 4018 3666 4091 ἐπιφέρεσθαι

2096 4116 2188 4170 τοῦ
2253 4118 2728 4189 χειροτονήσαντος
2792 4116 2993 4182 αὐτὸν,
3062 4114 3395 4183 συστατικὴν
3467 4109 3663 4179 δηλαδὴ
3714 4119 3720 4124 ‘

2098 4210 2192 4263 καὶ
2223 4209 2579 4280 ἀπολυτικὴν,
2621 4209 2696 4272 ὡς
2728 4209 2794 4263 ἂν
2822 4212 2887 4278 τῇ
2922 4207 3021 4279 μὲν
3051 4208 3325 4278 χρήσηται
3358 4209 3440 4269 είς
3478 4200 3663 4254 ἐπισύ-

2101 4318 2289 4355 στασιν
2319 4299 2413 4353 τοῦ
2442 4301 2736 4369 λεγομένου
2783 4302 3066 4371 προσεῖναι
3118 4298 3268 4369 αὺτῷ
3303 4296 3519 4368 βαθμοῦ
3548 4310 3564 4327 ·
3596 4294 3657 4359 τῇ

429 4389 485 4432 ιιι
521 4379 655 4432 citra
684 4380 849 4433 ullum
883 4381 1324 4449 impedimentum
1376 4384 1445 4437 ab
1504 4386 1607 4439 alia
1656 4386 1884 4441 ecclesia
1939 4388 1991 4441 in

2117 4393 2151 4444 ἑὲ
2178 4394 2256 4455 είς
2270 4392 2831 4462 τδάπαρεμποδὶστως
2851 4393 2934 4462 ἐφ’
2956 4393 3146 4462 ἑτέρας
3164 4390 3463 4458 ἐκκλησίας
3480 4387 3661 4455 κλήρῳ

427 4471 627 4526 clerum
656 4481 956 4540 cooptctur.
988 4472 1121 4527 Nota
1165 4489 1293 4543 ergo
1353 4484 1677 4542 praesentem
1733 4492 1992 4532 canonem

430 4562 665 4617 maxime
696 4564 1062 4639 necessarium
1106 4579 1246 4627 esse,
1315 4574 1370 4620 et
1419 4565 1676 4621 clericum
1710 4568 1825 4637 ~qui
1885 4584 1993 4624 non

432 4655 579 4708 illius
612 4656 809 4711 virtute
840 4660 1087 4727 receptus
1119 4667 1220 4722 est,
1257 4668 1312 4712 et
1359 4659 1669 4728 episcopum
1724 4662 1813 4728 qui
1872 4677 1995 4718 eum

436 4746 649 4816 recepit
680 4747 795 4800 sine
836 4747 1142 4802 dimissoria
1184 4748 1300 4818 ejus
1350 4750 1441 4820 qui
1504 4750 1651 4804 illum
1706 4752 1995 4820 ordinavit,

431 4837 623 4904 deponi
683 4837 896 4907 jubere.
934 4840 1064 4894 Cum
1109 4840 1212 4896 hoc
1248 4841 1390 4895 enim
1439 4858 1580 4911 sa'pe
1631 4847 1887 4915 synodico
1913 4847 1991 4901 dio

433 4939 580 4982 ctum
615 4939 777 4993 esset,
810 4930 1059 4985 dixerunt
1079 4932 1319 5000 quidam,
1349 4948 1507 4986 unam
1544 4933 1625 4987 vel
1657 4936 1825 4989 solam
1860 4938 1999 4991 seria

436 5032 649 5085 pturam
683 5021 816 5075 satis
844 5036 964 5078 esse
998 5024 1046 5078 ei
1076 5024 1168 5091 qui
1196 5035 1279 5080 est
1305 5026 1438 5080 loris
1472 5026 1770 5093 ordinatus,
1791 5028 1997 5085 scilicet

433 5110 948 5167 commendatitiam.
1005 5112 1204 5184 Excipe
1267 5115 1394 5170 mibi
1459 5116 2001 5189 Constantinopolita-

360 5208 363 5213 '
435 5219 560 5255 num
599 5212 653 5257 et
676 5203 1161 5274 Carthaginensem
1194 5209 1526 5277 episcopum.
1571 5208 1608 5263 li
1668 5211 1811 5263 enim
1873 5213 1995 5277 soli,

436 5304 493 5348 nt
557 5308 698 5364 szepe
764 5297 964 5351 dictum
1032 5308 1137 5362 est,
1204 5310 1428 5368 possunt
1499 5301 1705 5357 alienos
1770 5301 1997 5375 clericos

435 5387 708 5457 suscipere
787 5399 984 5458 praeter
1051 5392 1379 5448 voluntatem
1445 5409 1628 5449 eorum
1704 5396 1792 5467 qui
1852 5398 1999 5468 ipsos

433 5481 772 5536 ordinarunt.
1840 5538 1847 5545 .

507 5570 771 5631 ZONAR.
791 5573 937 5630 Multi
965 5578 1016 5629 in
1050 5576 1193 5633 hanc
1244 5580 1562 5635 sententiam
1622 5582 1711 5637 alii
1766 5599 2001 5641 canones

436 5667 564 5721 editi
603 5677 745 5723 sunt.
771 5668 867 5725 llic
894 5685 1109 5741 quoque
1138 5670 1395 5727 clericum
1426 5673 1476 5727 in
1511 5673 1666 5731 aliam
1688 5677 1971 5735 ecclesiam

2099 4485 2590 4555 συγκαταλεγῆναι.
2628 4486 2941 4555 Σημείωσαι
2963 4484 3057 4539 οὖν
3082 4484 3172 4537 τὸν
3192 4484 3437 4552 παρόντα
3467 4477 3663 4533 κανόνα

2096 4578 2525 4645 ἀναγκαιότατον
2562 4575 2723 4644 εἶναι,
2747 4579 2841 4631 καὶ
2869 4578 3239 4650 διοριζόμενον
3275 4571 3658 4643 καθαιρεῖσθαι

2095 4673 2190 4728 τὸν
2218 4673 2368 4745 παρὰ
2396 4654 2494 4743 τὴν
2522 4676 2714 4726 τούτου
2748 4672 2975 4741 δύναμιν
2999 4671 3253 4740 δεχθέντα
3282 4669 3545 4739 κληρικὸν
3566 4660 3659 4715 καὶ

2097 4746 2188 4822 τὸν
2221 4767 2617 4836 ἀναδεξάμενον
2657 4766 2817 4819 αὑτὸν
2842 4766 3142 4817 ἐπισκοπον
3183 4762 3354 4832 χωρὶς
3406 4756 3661 4813 ἀπολυτι-

2100 4862 2201 4931 κῆς
2229 4861 2324 4913 τοῦ
2371 4858 2849 4929 χειροτονήσαντος
2878 4856 3061 4910 αὐτόν.
3092 4854 3360 4915 Πολλάκις
3387 4851 3497 4920 γὰρ
3533 4842 3659 4899 τού·
3740 4870 3743 4873 λ

2097 4971 2199 5005 του
2220 4951 2550 5021 λαληθέντος
2576 4948 2893 5013 συνοόικῶς,
2923 4948 3071 5011 τινὲς
3090 4942 3242 5000 εἷπον
3270 4945 3398 5015 μίαν
3441 4939 3535 4995 καὶ
3564 4933 3658 5004 μό·

2100 5064 2199 5114 νην
2231 5045 2449 5114 γραφὴν
2476 5042 2554 5111 τῷ
2587 5040 3057 5112 ἔξωχειροτονήτῳ
3081 5039 3291 5109 ἀρκεῖν,
3332 5024 3656 5093 συπατικῆν

2099 5138 2327 5207 δηλαδή.
2374 5134 2630 5198 ’Υπέξελέ
2658 5151 2746 5202 μοι
2789 5134 2880 5185 τὸν
2912 5127 3536 5184 Κωνσταντινουπόλεως
3565 5114 3654 5170 καὶ

2101 5228 2193 5280 τὸν
2220 5226 2586 5298 Καρχηδόνος.
2624 5221 2783 5279 Οὗτοι
2803 5224 2912 5294 γὰρ
2941 5221 3089 5293 μόνοι
3124 5212 3398 5283 δύνανται,
3431 5217 3505 5275 ὡς
3532 5207 3659 5298 ’πυλξ

2099 5318 2255 5380 λάκις
2286 5295 2524 5387 είρηται,
2562 5314 2875 5385 ἀλλοτρίους
2908 5312 3201 5382 κληρικοὺς
3232 5310 3480 5381 δέχεσθαι
3507 5295 3653 5368 παρὰ

2104 5410 2330 5478 γνώμην
2367 5408 2478 5461 τῶν
2506 5406 2996 5478 χειροτονησάντων
3023 5403 3237 5465 αὐτούς.

2174 5587 2421 5641 ΖΩΝᾹΡ.
2463 5586 2598 5651 [Ἰερλ⁵
2652 5569 2843 5636 τούτου
2877 5582 3064 5635 πολλοὶ
3112 5581 3335 5665 κανόνες
3374 5568 3647 5665 διαγορεῦἷ

2103 5695 2240 5734 ουσι.
2273 5678 2383 5732 Καὶ
2441 5672 2602 5741 οὗτος
2655 5675 2711 5729 δὲ
2756 5676 2816 5727 οὐ
2859 5675 3131 5743 συγχωρεῖ
3158 5672 3286 5727 ἄνευ
3320 5667 3527 5743 γραφῆς
3559 5658 3645 5713 τθδ
