  <div class='ocr_page' id='page_1' title='image "/cluster/home/n/w/nwhite01/storage/ocr_20150623/137/hvd.32044020166120/315.png"; bbox 0 0 3984 6474; ppageno 0'>
   <div class='ocr_carea' id='block_1_1' title="bbox 373 278 480 347">
    <p class='ocr_par' dir='ltr' id='par_1_1' title="bbox 373 278 480 347">
     <span class='ocr_line' id='line_1_1' title="bbox 373 278 480 347; baseline -0.037 1"><span class='ocrx_word' id='word_1_1' title='bbox 373 278 480 347; x_wconf 75' lang='lat'><strong>575</strong></span> 
     </span>
    </p>
   </div>
   <div class='ocr_carea' id='block_1_2' title="bbox 1620 279 2342 346">
    <p class='ocr_par' dir='ltr' id='par_1_2' title="bbox 1620 279 2342 346">
     <span class='ocr_line' id='line_1_2' title="bbox 1620 279 2342 346; baseline 0 -2"><span class='ocrx_word' id='word_1_2' title='bbox 1620 283 1898 346; x_wconf 81' lang='lat' dir='ltr'><strong>THEOD.</strong></span> <span class='ocrx_word' id='word_1_3' title='bbox 1935 279 2025 340; x_wconf 83' lang='lat' dir='ltr'><strong>BA</strong></span> <span class='ocrx_word' id='word_1_4' title='bbox 2037 280 2342 344; x_wconf 80' lang='lat' dir='ltr'><strong>LSAMON</strong></span> 
     </span>
    </p>
   </div>
   <div class='ocr_carea' id='block_1_3' title="bbox 3542 281 3641 343">
    <p class='ocr_par' dir='ltr' id='par_1_3' title="bbox 3542 281 3641 343">
     <span class='ocr_line' id='line_1_3' title="bbox 3542 281 3641 343; baseline -0.04 0"><span class='ocrx_word' id='word_1_5' title='bbox 3542 281 3641 343; x_wconf 79' lang='grc'><strong>576</strong></span> 
     </span>
    </p>
   </div>
   <div class='ocr_carea' id='block_1_4' title="bbox 380 390 1957 473">
    <p class='ocr_par' dir='ltr' id='par_1_4' title="bbox 380 400 1941 469">
     <span class='ocr_line' id='line_1_4' title="bbox 380 400 1941 469; baseline -0.01 -9"><span class='ocrx_word' id='word_1_6' title='bbox 380 404 561 465; x_wconf 77' lang='lat' dir='ltr'><strong>fuerit,</strong></span> <span class='ocrx_word' id='word_1_7' title='bbox 595 400 779 455; x_wconf 82' lang='lat' dir='ltr'><strong>adeas</strong></span> <span class='ocrx_word' id='word_1_8' title='bbox 835 402 1056 463; x_wconf 76' lang='lat' dir='ltr'><strong>reverti,</strong></span> <span class='ocrx_word' id='word_1_9' title='bbox 1114 415 1288 469; x_wconf 88' lang='lat' dir='ltr'><strong>neque</strong></span> <span class='ocrx_word' id='word_1_10' title='bbox 1353 401 1553 455; x_wconf 90' lang='lat' dir='ltr'><strong>diutius</strong></span> <span class='ocrx_word' id='word_1_11' title='bbox 1615 400 1666 453; x_wconf 90' lang='lat' dir='ltr'><strong>in</strong></span> <span class='ocrx_word' id='word_1_12' title='bbox 1722 407 1941 453; x_wconf 78' lang='lat' dir='ltr'><strong>externa</strong></span> 
     </span>
    </p>
   </div>
   <div class='ocr_carea' id='block_1_5' title="bbox 2080 390 3640 473">
    <p class='ocr_par' dir='ltr' id='par_1_5' title="bbox 2080 393 3640 473">
     <span class='ocr_line' id='line_1_5' title="bbox 2080 393 3640 473; baseline -0.002 -24"><span class='ocrx_word' id='word_1_13' title='bbox 2080 400 2248 469; x_wconf 82' lang='grc' dir='ltr'>ειντῇ</span> <span class='ocrx_word' id='word_1_14' title='bbox 2288 397 2465 469; x_wconf 78' lang='grc' dir='ltr'>χώρα,</span> <span class='ocrx_word' id='word_1_15' title='bbox 2606 395 3056 469; x_wconf 81' lang='grc' dir='ltr'>προσεληλύθασι,</span> <span class='ocrx_word' id='word_1_16' title='bbox 3108 396 3215 467; x_wconf 82' lang='grc' dir='ltr'>τῆς</span> <span class='ocrx_word' id='word_1_17' title='bbox 3279 393 3640 465; x_wconf 78' lang='grc' dir='ltr'><strong>προφάσεως,</strong></span> 
     </span>
    </p>
   </div>
   <div class='ocr_carea' id='block_1_6' title="bbox 380 496 1954 565">
    <p class='ocr_par' dir='ltr' id='par_1_6' title="bbox 380 496 1954 565">
     <span class='ocr_line' id='line_1_6' title="bbox 380 496 1954 565; baseline -0.004 -13"><span class='ocrx_word' id='word_1_18' title='bbox 380 497 598 565; x_wconf 79' lang='lat' dir='ltr'><strong>regione</strong></span> <span class='ocrx_word' id='word_1_19' title='bbox 628 496 693 548; x_wconf 88' lang='lat' dir='ltr'><strong>ad</strong></span> <span class='ocrx_word' id='word_1_20' title='bbox 739 510 900 563; x_wconf 81' lang='lat' dir='ltr'><strong>quam</strong></span> <span class='ocrx_word' id='word_1_21' title='bbox 964 504 1328 559; x_wconf 85' lang='lat' dir='ltr'><strong>accesserunt,</strong></span> <span class='ocrx_word' id='word_1_22' title='bbox 1383 504 1641 560; x_wconf 67' lang='lat' dir='ltr'><strong>prmtextu</strong></span> <span class='ocrx_word' id='word_1_23' title='bbox 1702 499 1954 547; x_wconf 78' lang='lat' dir='ltr'><strong>cessante</strong></span> 
     </span>
    </p>
   </div>
   <div class='ocr_carea' id='block_1_7' title="bbox 384 583 1953 657">
    <p class='ocr_par' dir='ltr' id='par_1_7' title="bbox 384 583 1953 657">
     <span class='ocr_line' id='line_1_7' title="bbox 384 583 1953 657; baseline -0.001 -20"><span class='ocrx_word' id='word_1_24' title='bbox 384 584 717 657; x_wconf 77' lang='lat' dir='ltr'><strong>peregrinari</strong></span> <span class='ocrx_word' id='word_1_25' title='bbox 750 598 918 637; x_wconf 89' lang='lat' dir='ltr'><strong>canon</strong></span> <span class='ocrx_word' id='word_1_26' title='bbox 946 584 1119 652; x_wconf 81' lang='lat' dir='ltr'><strong>jubet.</strong></span> <span class='ocrx_word' id='word_1_27' title='bbox 1161 584 1405 638; x_wconf 68' lang='lat' dir='ltr'><strong>Cleriros</strong></span> <span class='ocrx_word' id='word_1_28' title='bbox 1454 594 1654 647; x_wconf 86' lang='lat' dir='ltr'><strong>autem,</strong></span> <span class='ocrx_word' id='word_1_29' title='bbox 1702 583 1791 649; x_wconf 86' lang='lat' dir='ltr'><strong>qui</strong></span> <span class='ocrx_word' id='word_1_30' title='bbox 1846 597 1953 635; x_wconf 91' lang='lat' dir='ltr'><strong>non</strong></span> 
     </span>
    </p>
   </div>
   <div class='ocr_carea' id='block_1_8' title="bbox 383 674 1954 745">
    <p class='ocr_par' dir='ltr' id='par_1_8' title="bbox 383 674 1954 745">
     <span class='ocr_line' id='line_1_8' title="bbox 383 674 1954 745; baseline -0.003 -14"><span class='ocrx_word' id='word_1_31' title='bbox 383 676 630 739; x_wconf 85' lang='lat' dir='ltr'><strong>redeunt,</strong></span> <span class='ocrx_word' id='word_1_32' title='bbox 664 686 719 727; x_wconf 92' lang='lat' dir='ltr'><strong>ut</strong></span> <span class='ocrx_word' id='word_1_33' title='bbox 750 675 1008 730; x_wconf 77' lang='lat' dir='ltr'><strong>ecclesias</strong></span> <span class='ocrx_word' id='word_1_34' title='bbox 1034 676 1087 729; x_wconf 92' lang='lat' dir='ltr'><strong>in</strong></span> <span class='ocrx_word' id='word_1_35' title='bbox 1124 675 1318 745; x_wconf 83' lang='lat' dir='ltr'><strong>quibus</strong></span> <span class='ocrx_word' id='word_1_36' title='bbox 1348 674 1582 727; x_wconf 78' lang='lat' dir='ltr'><strong>ordinati</strong></span> <span class='ocrx_word' id='word_1_37' title='bbox 1631 683 1780 738; x_wconf 87' lang='lat' dir='ltr'><strong>sunt,</strong></span> <span class='ocrx_word' id='word_1_38' title='bbox 1834 674 1954 727; x_wconf 87' lang='lat' dir='ltr'><strong>sine</strong></span> 
     </span>
    </p>
   </div>
   <div class='ocr_carea' id='block_1_9' title="bbox 384 766 1953 837">
    <p class='ocr_par' dir='ltr' id='par_1_9' title="bbox 384 766 1953 837">
     <span class='ocr_line' id='line_1_9' title="bbox 384 766 1953 837; baseline -0.003 -14"><span class='ocrx_word' id='word_1_39' title='bbox 384 785 549 823; x_wconf 82' lang='lat' dir='ltr'><strong>causa</strong></span> <span class='ocrx_word' id='word_1_40' title='bbox 625 768 1012 837; x_wconf 73' lang='lat' dir='ltr'><strong>relinquentes,</strong></span> <span class='ocrx_word' id='word_1_41' title='bbox 1076 779 1129 822; x_wconf 87' lang='lat' dir='ltr'><strong>et</strong></span> <span class='ocrx_word' id='word_1_42' title='bbox 1194 768 1313 819; x_wconf 86' lang='lat' dir='ltr'><strong>aliis</strong></span> <span class='ocrx_word' id='word_1_43' title='bbox 1384 779 1636 823; x_wconf 84' lang='lat' dir='ltr'><strong>vacantes</strong></span> <span class='ocrx_word' id='word_1_44' title='bbox 1684 766 1953 837; x_wconf 71' lang='lat' dir='ltr'><strong>segregari</strong></span> 
     </span>
    </p>
   </div>
   <div class='ocr_carea' id='block_1_10' title="bbox 378 859 1949 931">
    <p class='ocr_par' dir='ltr' id='par_1_10' title="bbox 378 859 1949 931">
     <span class='ocr_line' id='line_1_10' title="bbox 378 859 1949 931; baseline -0.002 -18"><span class='ocrx_word' id='word_1_45' title='bbox 378 862 550 929; x_wconf 90' lang='lat' dir='ltr'><strong>jubet,</strong></span> <span class='ocrx_word' id='word_1_46' title='bbox 587 877 755 931; x_wconf 87' lang='lat' dir='ltr'><strong>usque</strong></span> <span class='ocrx_word' id='word_1_47' title='bbox 785 862 909 914; x_wconf 86' lang='lat' dir='ltr'><strong>dum</strong></span> <span class='ocrx_word' id='word_1_48' title='bbox 943 861 1008 913; x_wconf 86' lang='lat' dir='ltr'><strong>ad</strong></span> <span class='ocrx_word' id='word_1_49' title='bbox 1039 860 1348 923; x_wconf 88' lang='lat' dir='ltr'><strong>ecclesiam,</strong></span> <span class='ocrx_word' id='word_1_50' title='bbox 1381 878 1409 915; x_wconf 92' lang='lat' dir='ltr'><strong>e</strong></span> <span class='ocrx_word' id='word_1_51' title='bbox 1440 877 1542 931; x_wconf 87' lang='lat' dir='ltr'><strong>qua</strong></span> <span class='ocrx_word' id='word_1_52' title='bbox 1591 859 1949 929; x_wconf 77' lang='lat' dir='ltr'><strong>emigrabant,</strong></span> 
     </span>
    </p>
   </div>
   <div class='ocr_carea' id='block_1_11' title="bbox 386 952 1957 1023">
    <p class='ocr_par' dir='ltr' id='par_1_11' title="bbox 386 952 1957 1023">
     <span class='ocr_line' id='line_1_11' title="bbox 386 952 1957 1023; baseline -0.001 -15"><span class='ocrx_word' id='word_1_53' title='bbox 386 965 769 1009; x_wconf 78' lang='lat' dir='ltr'><strong>revertantur:</strong></span> <span class='ocrx_word' id='word_1_54' title='bbox 807 955 978 1023; x_wconf 87' lang='lat' dir='ltr'><strong>ipsum</strong></span> <span class='ocrx_word' id='word_1_55' title='bbox 1009 969 1170 1022; x_wconf 89' lang='lat' dir='ltr'><strong>porro</strong></span> <span class='ocrx_word' id='word_1_56' title='bbox 1203 955 1513 1023; x_wconf 87' lang='lat' dir='ltr'><strong>episcopum</strong></span> <span class='ocrx_word' id='word_1_57' title='bbox 1561 956 1648 1023; x_wconf 92' lang='lat' dir='ltr'><strong>qni</strong></span> <span class='ocrx_word' id='word_1_58' title='bbox 1710 968 1803 1007; x_wconf 90' lang='lat' dir='ltr'><strong>eos</strong></span> <span class='ocrx_word' id='word_1_59' title='bbox 1861 952 1957 1006; x_wconf 84' lang='lat' dir='ltr'><strong>ad-</strong></span> 
     </span>
    </p>
   </div>
   <div class='ocr_carea' id='block_1_12' title="bbox 384 1046 1955 1118">
    <p class='ocr_par' dir='ltr' id='par_1_12' title="bbox 384 1046 1955 1118">
     <span class='ocr_line' id='line_1_12' title="bbox 384 1046 1955 1118; baseline 0.003 -21"><span class='ocrx_word' id='word_1_60' title='bbox 384 1048 531 1100; x_wconf 83' lang='lat' dir='ltr'><strong>misit</strong></span> <span class='ocrx_word' id='word_1_61' title='bbox 562 1058 613 1099; x_wconf 90' lang='lat' dir='ltr'><strong>et</strong></span> <span class='ocrx_word' id='word_1_62' title='bbox 645 1047 867 1110; x_wconf 87' lang='lat' dir='ltr'><strong>detinet,</strong></span> <span class='ocrx_word' id='word_1_63' title='bbox 910 1049 1273 1118; x_wconf 81' lang='lat' dir='ltr'><strong>segregationi</strong></span> <span class='ocrx_word' id='word_1_64' title='bbox 1304 1046 1547 1114; x_wconf 84' lang='lat' dir='ltr'><strong>subjicit,</strong></span> <span class='ocrx_word' id='word_1_65' title='bbox 1585 1047 1822 1116; x_wconf 86' lang='lat' dir='ltr'><strong>quamliu</strong></span> <span class='ocrx_word' id='word_1_66' title='bbox 1860 1062 1955 1102; x_wconf 90' lang='lat' dir='ltr'><strong>eos</strong></span> 
     </span>
    </p>
   </div>
   <div class='ocr_carea' id='block_1_13' title="bbox 386 1143 611 1195">
    <p class='ocr_par' dir='ltr' id='par_1_13' title="bbox 386 1143 611 1195">
     <span class='ocr_line' id='line_1_13' title="bbox 386 1143 611 1195; baseline 0.013 -4"><span class='ocrx_word' id='word_1_67' title='bbox 386 1143 611 1195; x_wconf 84' lang='lat' dir='ltr'><strong>detinet.</strong></span> 
     </span>
    </p>
   </div>
   <div class='ocr_carea' id='block_1_14' title="bbox 383 1274 1953 1348">
    <p class='ocr_par' dir='ltr' id='par_1_14' title="bbox 383 1274 1953 1348">
     <span class='ocr_line' id='line_1_14' title="bbox 383 1274 1953 1348; baseline 0.001 -17"><span class='ocrx_word' id='word_1_68' title='bbox 383 1274 612 1331; x_wconf 86' lang='lat' dir='ltr'><strong>ARIST.</strong></span> <span class='ocrx_word' id='word_1_69' title='bbox 681 1294 699 1329; x_wconf 87' lang='grc' dir='ltr'><strong>ι</strong></span> <span class='ocrx_word' id='word_1_70' title='bbox 751 1277 851 1343; x_wconf 92' lang='lat' dir='ltr'><strong>Qui</strong></span> <span class='ocrx_word' id='word_1_71' title='bbox 918 1276 1251 1333; x_wconf 85' lang='lat' dir='ltr'><strong>barbaricam</strong></span> <span class='ocrx_word' id='word_1_72' title='bbox 1300 1289 1519 1348; x_wconf 90' lang='lat' dir='ltr'><strong>propter</strong></span> <span class='ocrx_word' id='word_1_73' title='bbox 1589 1277 1953 1333; x_wconf 85' lang='lat' dir='ltr'><strong>incursionem</strong></span> 
     </span>
    </p>
   </div>
   <div class='ocr_carea' id='block_1_15' title="bbox 428 1371 1954 1435">
    <p class='ocr_par' dir='ltr' id='par_1_15' title="bbox 428 1371 1954 1435">
     <span class='ocr_line' id='line_1_15' title="bbox 428 1371 1954 1435; baseline 0.003 -16"><span class='ocrx_word' id='word_1_74' title='bbox 428 1380 482 1419; x_wconf 77' lang='grc' dir='ltr'>’σ</span> <span class='ocrx_word' id='word_1_75' title='bbox 542 1371 825 1435; x_wconf 68' lang='lat' dir='ltr'><strong>mnigravit</strong></span> <span class='ocrx_word' id='word_1_76' title='bbox 872 1380 1120 1425; x_wconf 84' lang='lat' dir='ltr'><strong>cessante</strong></span> <span class='ocrx_word' id='word_1_77' title='bbox 1171 1371 1498 1435; x_wconf 84' lang='lat' dir='ltr'><strong>incursione,</strong></span> <span class='ocrx_word' id='word_1_78' title='bbox 1555 1373 1620 1425; x_wconf 87' lang='lat' dir='ltr'><strong>ad</strong></span> <span class='ocrx_word' id='word_1_79' title='bbox 1669 1371 1954 1427; x_wconf 82' lang='lat' dir='ltr'><strong>ecclesiam</strong></span> 
     </span>
    </p>
   </div>
   <div class='ocr_carea' id='block_1_16' title="bbox 461 1462 1952 1537">
    <p class='ocr_par' dir='ltr' id='par_1_16' title="bbox 461 1462 1952 1537">
     <span class='ocr_line' id='line_1_16' title="bbox 461 1462 1952 1537; baseline 0.001 -24"><span class='ocrx_word' id='word_1_80' title='bbox 461 1482 478 1513; x_wconf 81' lang='grc' dir='ltr'><strong>ι</strong></span> <span class='ocrx_word' id='word_1_81' title='bbox 546 1463 600 1537; x_wconf 78' lang='lat' dir='ltr'><strong>in</strong></span> <span class='ocrx_word' id='word_1_82' title='bbox 655 1462 808 1529; x_wconf 81' lang='lat' dir='ltr'><strong>cujus</strong></span> <span class='ocrx_word' id='word_1_83' title='bbox 873 1462 1074 1515; x_wconf 84' lang='lat' dir='ltr'><strong>clerum</strong></span> <span class='ocrx_word' id='word_1_84' title='bbox 1136 1473 1418 1531; x_wconf 77' lang='lat' dir='ltr'><strong>cooptatus</strong></span> <span class='ocrx_word' id='word_1_85' title='bbox 1465 1474 1547 1517; x_wconf 88' lang='lat' dir='ltr'><strong>est</strong></span> <span class='ocrx_word' id='word_1_86' title='bbox 1632 1475 1952 1517; x_wconf 78' lang='lat' dir='ltr'><strong>revertatur.</strong></span> 
     </span>
    </p>
   </div>
   <div class='ocr_carea' id='block_1_17' title="bbox 466 1552 1952 1625">
    <p class='ocr_par' dir='ltr' id='par_1_17' title="bbox 466 1552 1952 1625">
     <span class='ocr_line' id='line_1_17' title="bbox 466 1552 1952 1625; baseline 0.001 -21"><span class='ocrx_word' id='word_1_87' title='bbox 466 1574 483 1604; x_wconf 80' lang='grc' dir='ltr'><strong>ι</strong></span> <span class='ocrx_word' id='word_1_88' title='bbox 550 1552 642 1607; x_wconf 86' lang='lat' dir='ltr'><strong>Sin</strong></span> <span class='ocrx_word' id='word_1_89' title='bbox 681 1556 879 1616; x_wconf 69' lang='lat' dir='ltr'><strong>minus,</strong></span> <span class='ocrx_word' id='word_1_90' title='bbox 914 1571 1016 1607; x_wconf 90' lang='lat' dir='ltr'><strong>una</strong></span> <span class='ocrx_word' id='word_1_91' title='bbox 1060 1570 1183 1609; x_wconf 89' lang='lat' dir='ltr'><strong>cum</strong></span> <span class='ocrx_word' id='word_1_92' title='bbox 1218 1570 1301 1617; x_wconf 92' lang='lat' dir='ltr'><strong>eo,</strong></span> <span class='ocrx_word' id='word_1_93' title='bbox 1362 1556 1426 1609; x_wconf 87' lang='lat' dir='ltr'><strong>ad</strong></span> <span class='ocrx_word' id='word_1_94' title='bbox 1494 1572 1652 1625; x_wconf 86' lang='lat' dir='ltr'><strong>quem</strong></span> <span class='ocrx_word' id='word_1_95' title='bbox 1703 1557 1952 1625; x_wconf 74' lang='lat' dir='ltr'><strong>accessit,</strong></span> 
     </span>
    </p>
   </div>
   <div class='ocr_carea' id='block_1_18' title="bbox 460 1655 935 1714">
    <p class='ocr_par' dir='ltr' id='par_1_18' title="bbox 460 1655 935 1714">
     <span class='ocr_line' id='line_1_18' title="bbox 460 1655 935 1714; baseline 0.002 -20"><span class='ocrx_word' id='word_1_96' title='bbox 460 1664 478 1694; x_wconf 83' lang='grc' dir='ltr'><strong>ι</strong></span> <span class='ocrx_word' id='word_1_97' title='bbox 542 1655 870 1714; x_wconf 68' lang='lat' dir='ltr'><strong>segregalttr.</strong></span> <span class='ocrx_word' id='word_1_98' title='bbox 918 1664 935 1695; x_wconf 77' lang='grc' dir='ltr'><strong>ι</strong></span> 
     </span>
    </p>
   </div>
   <div class='ocr_carea' id='block_1_19' title="bbox 457 1775 1955 1852">
    <p class='ocr_par' dir='ltr' id='par_1_19' title="bbox 457 1775 1955 1852">
     <span class='ocr_line' id='line_1_19' title="bbox 457 1775 1955 1852; baseline 0.007 -22"><span class='ocrx_word' id='word_1_99' title='bbox 457 1775 717 1852; x_wconf 75' lang='lat' dir='ltr'><strong>Clericus,</strong></span> <span class='ocrx_word' id='word_1_100' title='bbox 773 1779 859 1845; x_wconf 87' lang='lat' dir='ltr'><strong>qui</strong></span> <span class='ocrx_word' id='word_1_101' title='bbox 910 1778 1025 1831; x_wconf 89' lang='lat' dir='ltr'><strong>sine</strong></span> <span class='ocrx_word' id='word_1_102' title='bbox 1077 1794 1237 1832; x_wconf 91' lang='lat' dir='ltr'><strong>causa</strong></span> <span class='ocrx_word' id='word_1_103' title='bbox 1291 1778 1471 1847; x_wconf 83' lang='lat' dir='ltr'><strong>aliqua</strong></span> <span class='ocrx_word' id='word_1_104' title='bbox 1541 1782 1842 1839; x_wconf 80' lang='lat' dir='ltr'><strong>necessaria</strong></span> <span class='ocrx_word' id='word_1_105' title='bbox 1889 1786 1955 1841; x_wconf 88' lang='lat' dir='ltr'><strong>ab</strong></span> 
     </span>
    </p>
   </div>
   <div class='ocr_carea' id='block_1_20' title="bbox 386 1868 1956 1940">
    <p class='ocr_par' dir='ltr' id='par_1_20' title="bbox 386 1868 1956 1940">
     <span class='ocr_line' id='line_1_20' title="bbox 386 1868 1956 1940; baseline 0.006 -19"><span class='ocrx_word' id='word_1_106' title='bbox 386 1868 614 1921; x_wconf 79' lang='lat' dir='ltr'><strong>ecclesia</strong></span> <span class='ocrx_word' id='word_1_107' title='bbox 654 1868 703 1920; x_wconf 94' lang='lat' dir='ltr'><strong>in</strong></span> <span class='ocrx_word' id='word_1_108' title='bbox 743 1884 840 1935; x_wconf 90' lang='lat' dir='ltr'><strong>qua</strong></span> <span class='ocrx_word' id='word_1_109' title='bbox 873 1870 922 1920; x_wconf 93' lang='lat' dir='ltr'><strong>in</strong></span> <span class='ocrx_word' id='word_1_110' title='bbox 947 1871 1146 1924; x_wconf 80' lang='lat' dir='ltr'><strong>clerum</strong></span> <span class='ocrx_word' id='word_1_111' title='bbox 1175 1882 1455 1940; x_wconf 82' lang='lat' dir='ltr'><strong>cooptatus</strong></span> <span class='ocrx_word' id='word_1_112' title='bbox 1487 1872 1607 1937; x_wconf 79' lang='lat' dir='ltr'><strong>fuit,</strong></span> <span class='ocrx_word' id='word_1_113' title='bbox 1644 1877 1865 1937; x_wconf 83' lang='lat' dir='ltr'><strong>recedit,</strong></span> <span class='ocrx_word' id='word_1_114' title='bbox 1902 1886 1956 1931; x_wconf 94' lang='lat' dir='ltr'><strong>ct</strong></span> 
     </span>
    </p>
   </div>
   <div class='ocr_carea' id='block_1_21' title="bbox 390 1959 1956 2035">
    <p class='ocr_par' dir='ltr' id='par_1_21' title="bbox 390 1959 1956 2035">
     <span class='ocr_line' id='line_1_21' title="bbox 390 1959 1956 2035; baseline 0.008 -25"><span class='ocrx_word' id='word_1_115' title='bbox 390 1959 547 2010; x_wconf 74' lang='lat' dir='ltr'><strong>alium</strong></span> <span class='ocrx_word' id='word_1_116' title='bbox 588 1960 696 2011; x_wconf 84' lang='lat' dir='ltr'><strong>:ulit</strong></span> <span class='ocrx_word' id='word_1_117' title='bbox 727 1960 1032 2023; x_wconf 87' lang='lat' dir='ltr'><strong>ecclesiam,</strong></span> <span class='ocrx_word' id='word_1_118' title='bbox 1076 1971 1129 2014; x_wconf 89' lang='lat' dir='ltr'><strong>et</strong></span> <span class='ocrx_word' id='word_1_119' title='bbox 1187 1963 1255 2017; x_wconf 90' lang='lat' dir='ltr'><strong>ab</strong></span> <span class='ocrx_word' id='word_1_120' title='bbox 1297 1965 1549 2033; x_wconf 89' lang='lat' dir='ltr'><strong>episcopo</strong></span> <span class='ocrx_word' id='word_1_121' title='bbox 1594 1968 1682 2035; x_wconf 91' lang='lat' dir='ltr'><strong>qui</strong></span> <span class='ocrx_word' id='word_1_122' title='bbox 1750 1967 1818 2022; x_wconf 92' lang='lat' dir='ltr'><strong>ibi</strong></span> <span class='ocrx_word' id='word_1_123' title='bbox 1872 1977 1956 2022; x_wconf 87' lang='lat' dir='ltr'><strong>est</strong></span> 
     </span>
    </p>
   </div>
   <div class='ocr_carea' id='block_1_22' title="bbox 388 2052 1957 2128">
    <p class='ocr_par' dir='ltr' id='par_1_22' title="bbox 388 2052 1957 2128">
     <span class='ocr_line' id='line_1_22' title="bbox 388 2052 1957 2128; baseline 0.005 -24"><span class='ocrx_word' id='word_1_124' title='bbox 388 2052 711 2116; x_wconf 84' lang='lat' dir='ltr'><strong>admittitur,</strong></span> <span class='ocrx_word' id='word_1_125' title='bbox 740 2064 791 2104; x_wconf 88' lang='lat' dir='ltr'><strong>et</strong></span> <span class='ocrx_word' id='word_1_126' title='bbox 824 2053 959 2105; x_wconf 88' lang='lat' dir='ltr'><strong>inter</strong></span> <span class='ocrx_word' id='word_1_127' title='bbox 986 2053 1214 2108; x_wconf 87' lang='lat' dir='ltr'><strong>clericos</strong></span> <span class='ocrx_word' id='word_1_128' title='bbox 1249 2056 1366 2122; x_wconf 89' lang='lat' dir='ltr'><strong>ejus</strong></span> <span class='ocrx_word' id='word_1_129' title='bbox 1416 2070 1752 2123; x_wconf 89' lang='lat' dir='ltr'><strong>recensetur,</strong></span> <span class='ocrx_word' id='word_1_130' title='bbox 1790 2062 1957 2128; x_wconf 79' lang='lat' dir='ltr'><strong>depo—</strong></span> 
     </span>
    </p>
   </div>
   <div class='ocr_carea' id='block_1_23' title="bbox 396 2144 1956 2217">
    <p class='ocr_par' dir='ltr' id='par_1_23' title="bbox 396 2144 1956 2217">
     <span class='ocr_line' id='line_1_23' title="bbox 396 2144 1956 2217; baseline 0.006 -21"><span class='ocrx_word' id='word_1_131' title='bbox 396 2144 565 2206; x_wconf 87' lang='lat' dir='ltr'><strong>nitur,</strong></span> <span class='ocrx_word' id='word_1_132' title='bbox 602 2159 707 2197; x_wconf 91' lang='lat' dir='ltr'><strong>una</strong></span> <span class='ocrx_word' id='word_1_133' title='bbox 739 2160 857 2198; x_wconf 92' lang='lat' dir='ltr'><strong>cum</strong></span> <span class='ocrx_word' id='word_1_134' title='bbox 889 2161 953 2199; x_wconf 92' lang='lat' dir='ltr'><strong>eo</strong></span> <span class='ocrx_word' id='word_1_135' title='bbox 988 2147 1081 2217; x_wconf 83' lang='lat' dir='ltr'><strong>qui</strong></span> <span class='ocrx_word' id='word_1_136' title='bbox 1109 2164 1229 2203; x_wconf 89' lang='lat' dir='ltr'><strong>eum</strong></span> <span class='ocrx_word' id='word_1_137' title='bbox 1255 2149 1471 2205; x_wconf 85' lang='lat' dir='ltr'><strong>admisit</strong></span> <span class='ocrx_word' id='word_1_138' title='bbox 1501 2160 1557 2204; x_wconf 95' lang='lat' dir='ltr'><strong>ut</strong></span> <span class='ocrx_word' id='word_1_139' title='bbox 1603 2167 1774 2206; x_wconf 90' lang='lat' dir='ltr'><strong>canon</strong></span> <span class='ocrx_word' id='word_1_140' title='bbox 1812 2152 1956 2207; x_wconf 89' lang='lat' dir='ltr'><strong>deci-</strong></span> 
     </span>
    </p>
   </div>
   <div class='ocr_carea' id='block_1_24' title="bbox 394 2237 1960 2309">
    <p class='ocr_par' dir='ltr' id='par_1_24' title="bbox 394 2237 1960 2309">
     <span class='ocr_line' id='line_1_24' title="bbox 394 2237 1960 2309; baseline 0.01 -24"><span class='ocrx_word' id='word_1_141' title='bbox 394 2250 509 2287; x_wconf 82' lang='lat' dir='ltr'><strong>mus</strong></span> <span class='ocrx_word' id='word_1_142' title='bbox 540 2237 802 2305; x_wconf 74' lang='lat' dir='ltr'><strong>septimus</strong></span> <span class='ocrx_word' id='word_1_143' title='bbox 834 2248 957 2293; x_wconf 92' lang='lat' dir='ltr'><strong>ante</strong></span> <span class='ocrx_word' id='word_1_144' title='bbox 987 2241 1222 2307; x_wconf 87' lang='lat' dir='ltr'><strong>scriptus</strong></span> <span class='ocrx_word' id='word_1_145' title='bbox 1245 2242 1506 2299; x_wconf 87' lang='lat' dir='ltr'><strong>decernit.</strong></span> <span class='ocrx_word' id='word_1_146' title='bbox 1541 2242 1640 2309; x_wconf 85' lang='lat' dir='ltr'><strong>Qui</strong></span> <span class='ocrx_word' id='word_1_147' title='bbox 1669 2256 1848 2299; x_wconf 83' lang='lat' dir='ltr'><strong>autent</strong></span> <span class='ocrx_word' id='word_1_148' title='bbox 1890 2247 1960 2301; x_wconf 92' lang='lat' dir='ltr'><strong>ob</strong></span> 
     </span>
    </p>
   </div>
   <div class='ocr_carea' id='block_1_25' title="bbox 392 2323 1954 2388">
    <p class='ocr_par' dir='ltr' id='par_1_25' title="bbox 392 2323 1954 2388">
     <span class='ocr_line' id='line_1_25' title="bbox 392 2323 1954 2388; baseline 0.008 -13"><span class='ocrx_word' id='word_1_149' title='bbox 392 2323 747 2380; x_wconf 80' lang='lat' dir='ltr'><strong>Burbarorum</strong></span> <span class='ocrx_word' id='word_1_150' title='bbox 780 2327 1139 2383; x_wconf 88' lang='lat' dir='ltr'><strong>incursionem</strong></span> <span class='ocrx_word' id='word_1_151' title='bbox 1168 2341 1262 2385; x_wconf 90' lang='lat' dir='ltr'><strong>aut</strong></span> <span class='ocrx_word' id='word_1_152' title='bbox 1295 2334 1454 2385; x_wconf 89' lang='lat' dir='ltr'><strong>aliam</strong></span> <span class='ocrx_word' id='word_1_153' title='bbox 1490 2334 1954 2388; x_wconf 87' lang='lat' dir='ltr'><strong>circumstantiam</strong></span> 
     </span>
    </p>
   </div>
   <div class='ocr_carea' id='block_1_26' title="bbox 392 2416 1957 2493">
    <p class='ocr_par' dir='ltr' id='par_1_26' title="bbox 392 2416 1957 2493">
     <span class='ocr_line' id='line_1_26' title="bbox 392 2416 1957 2493; baseline 0.009 -26"><span class='ocrx_word' id='word_1_154' title='bbox 392 2430 679 2473; x_wconf 69' lang='lat' dir='ltr'><strong>causamve</strong></span> <span class='ocrx_word' id='word_1_155' title='bbox 702 2416 906 2485; x_wconf 88' lang='lat' dir='ltr'><strong>justam</strong></span> <span class='ocrx_word' id='word_1_156' title='bbox 940 2420 1166 2475; x_wconf 86' lang='lat' dir='ltr'><strong>ecclesia</strong></span> <span class='ocrx_word' id='word_1_157' title='bbox 1194 2438 1290 2477; x_wconf 86' lang='lat' dir='ltr'><strong>sua</strong></span> <span class='ocrx_word' id='word_1_158' title='bbox 1323 2425 1552 2492; x_wconf 83' lang='lat' dir='ltr'><strong>emigrat</strong></span> <span class='ocrx_word' id='word_1_159' title='bbox 1592 2426 1846 2491; x_wconf 85' lang='lat' dir='ltr'><strong>clericus,</strong></span> <span class='ocrx_word' id='word_1_160' title='bbox 1889 2428 1957 2493; x_wconf 88' lang='lat' dir='ltr'><strong>si,</strong></span> 
     </span>
    </p>
   </div>
   <div class='ocr_carea' id='block_1_27' title="bbox 393 2509 1957 2582">
    <p class='ocr_par' dir='ltr' id='par_1_27' title="bbox 393 2509 1957 2582">
     <span class='ocr_line' id='line_1_27' title="bbox 393 2509 1957 2582; baseline 0.01 -23"><span class='ocrx_word' id='word_1_161' title='bbox 393 2524 554 2562; x_wconf 78' lang='lat' dir='ltr'><strong>causa</strong></span> <span class='ocrx_word' id='word_1_162' title='bbox 586 2509 670 2562; x_wconf 87' lang='lat' dir='ltr'><strong>illa</strong></span> <span class='ocrx_word' id='word_1_163' title='bbox 696 2512 764 2563; x_wconf 92' lang='lat' dir='ltr'><strong>ob</strong></span> <span class='ocrx_word' id='word_1_164' title='bbox 789 2526 947 2579; x_wconf 88' lang='lat' dir='ltr'><strong>quam</strong></span> <span class='ocrx_word' id='word_1_165' title='bbox 984 2514 1236 2582; x_wconf 81' lang='lat' dir='ltr'><strong>migravit</strong></span> <span class='ocrx_word' id='word_1_166' title='bbox 1260 2530 1530 2581; x_wconf 89' lang='lat' dir='ltr'><strong>cessante,</strong></span> <span class='ocrx_word' id='word_1_167' title='bbox 1559 2520 1624 2572; x_wconf 87' lang='lat' dir='ltr'><strong>ad</strong></span> <span class='ocrx_word' id='word_1_168' title='bbox 1669 2520 1957 2575; x_wconf 89' lang='lat' dir='ltr'><strong>ecclesiam</strong></span> 
     </span>
    </p>
   </div>
   <div class='ocr_carea' id='block_1_28' title="bbox 398 2604 1962 2678">
    <p class='ocr_par' dir='ltr' id='par_1_28' title="bbox 398 2604 1962 2678">
     <span class='ocr_line' id='line_1_28' title="bbox 398 2604 1962 2678; baseline 0.01 -23"><span class='ocrx_word' id='word_1_169' title='bbox 398 2618 572 2667; x_wconf 84' lang='lat' dir='ltr'><strong>suam,</strong></span> <span class='ocrx_word' id='word_1_170' title='bbox 609 2604 659 2655; x_wconf 93' lang='lat' dir='ltr'><strong>in</strong></span> <span class='ocrx_word' id='word_1_171' title='bbox 689 2606 876 2672; x_wconf 87' lang='lat' dir='ltr'><strong>quain</strong></span> <span class='ocrx_word' id='word_1_172' title='bbox 916 2606 1118 2661; x_wconf 89' lang='lat' dir='ltr'><strong>clerum</strong></span> <span class='ocrx_word' id='word_1_173' title='bbox 1175 2620 1455 2678; x_wconf 88' lang='lat' dir='ltr'><strong>cooptatus</strong></span> <span class='ocrx_word' id='word_1_174' title='bbox 1506 2611 1628 2676; x_wconf 81' lang='lat' dir='ltr'><strong>fuit,</strong></span> <span class='ocrx_word' id='word_1_175' title='bbox 1688 2629 1792 2668; x_wconf 90' lang='lat' dir='ltr'><strong>non</strong></span> <span class='ocrx_word' id='word_1_176' title='bbox 1850 2617 1962 2671; x_wconf 86' lang='lat' dir='ltr'><strong>vult</strong></span> 
     </span>
    </p>
   </div>
   <div class='ocr_carea' id='block_1_29' title="bbox 399 2694 1960 2775">
    <p class='ocr_par' dir='ltr' id='par_1_29' title="bbox 399 2694 1960 2775">
     <span class='ocr_line' id='line_1_29' title="bbox 399 2694 1960 2775; baseline 0.012 -31"><span class='ocrx_word' id='word_1_177' title='bbox 399 2694 597 2758; x_wconf 59' lang='lat' dir='ltr'><strong>redire,</strong></span> <span class='ocrx_word' id='word_1_178' title='bbox 634 2706 962 2767; x_wconf 76' lang='lat' dir='ltr'><strong>segregatur,</strong></span> <span class='ocrx_word' id='word_1_179' title='bbox 998 2715 1099 2775; x_wconf 85' lang='lat' dir='ltr'><strong>una</strong></span> <span class='ocrx_word' id='word_1_180' title='bbox 1128 2716 1248 2755; x_wconf 91' lang='lat' dir='ltr'><strong>cum</strong></span> <span class='ocrx_word' id='word_1_181' title='bbox 1277 2702 1525 2771; x_wconf 81' lang='lat' dir='ltr'><strong>episcopo</strong></span> <span class='ocrx_word' id='word_1_182' title='bbox 1554 2721 1642 2775; x_wconf 86' lang='lat' dir='ltr'><strong>qut</strong></span> <span class='ocrx_word' id='word_1_183' title='bbox 1675 2722 1795 2761; x_wconf 93' lang='lat' dir='ltr'><strong>eum</strong></span> <span class='ocrx_word' id='word_1_184' title='bbox 1833 2710 1960 2763; x_wconf 75' lang='lat' dir='ltr'><strong>reti~</strong></span> 
     </span>
    </p>
   </div>
   <div class='ocr_carea' id='block_1_30' title="bbox 399 2792 1956 2867">
    <p class='ocr_par' dir='ltr' id='par_1_30' title="bbox 399 2792 1956 2867">
     <span class='ocr_line' id='line_1_30' title="bbox 399 2792 1956 2867; baseline 0.01 -30"><span class='ocrx_word' id='word_1_185' title='bbox 399 2798 510 2848; x_wconf 78' lang='lat' dir='ltr'><strong>net,</strong></span> <span class='ocrx_word' id='word_1_186' title='bbox 538 2803 705 2855; x_wconf 91' lang='lat' dir='ltr'><strong>usque</strong></span> <span class='ocrx_word' id='word_1_187' title='bbox 735 2792 857 2843; x_wconf 91' lang='lat' dir='ltr'><strong>dum</strong></span> <span class='ocrx_word' id='word_1_188' title='bbox 908 2792 973 2845; x_wconf 91' lang='lat' dir='ltr'><strong>ad</strong></span> <span class='ocrx_word' id='word_1_189' title='bbox 1024 2807 1141 2846; x_wconf 88' lang='lat' dir='ltr'><strong>eam</strong></span> <span class='ocrx_word' id='word_1_190' title='bbox 1198 2807 1463 2852; x_wconf 86' lang='lat' dir='ltr'><strong>recurrat.</strong></span> <span class='ocrx_word' id='word_1_191' title='bbox 1521 2798 1693 2852; x_wconf 85' lang='lat' dir='ltr'><strong>Causa</strong></span> <span class='ocrx_word' id='word_1_192' title='bbox 1758 2810 1956 2867; x_wconf 84' lang='lat' dir='ltr'><strong>autem,</strong></span> 
     </span>
    </p>
   </div>
   <div class='ocr_carea' id='block_1_31' title="bbox 401 2884 1957 2959">
    <p class='ocr_par' dir='ltr' id='par_1_31' title="bbox 401 2884 1957 2959">
     <span class='ocr_line' id='line_1_31' title="bbox 401 2884 1957 2959; baseline 0.013 -32"><span class='ocrx_word' id='word_1_193' title='bbox 401 2889 804 2948; x_wconf 77' lang='lat' dir='ltr'><strong>propterquam</strong></span> <span class='ocrx_word' id='word_1_194' title='bbox 834 2884 921 2938; x_wconf 88' lang='lat' dir='ltr'><strong>hic</strong></span> <span class='ocrx_word' id='word_1_195' title='bbox 976 2885 1193 2954; x_wconf 86' lang='lat' dir='ltr'><strong>quidem</strong></span> <span class='ocrx_word' id='word_1_196' title='bbox 1256 2903 1595 2959; x_wconf 83' lang='lat' dir='ltr'><strong>segregatur,</strong></span> <span class='ocrx_word' id='word_1_197' title='bbox 1636 2892 1724 2947; x_wconf 91' lang='lat' dir='ltr'><strong>ille</strong></span> <span class='ocrx_word' id='word_1_198' title='bbox 1780 2904 1957 2948; x_wconf 86' lang='lat' dir='ltr'><strong>autem</strong></span> 
     </span>
    </p>
   </div>
   <div class='ocr_carea' id='block_1_32' title="bbox 398 2962 1957 3051">
    <p class='ocr_par' dir='ltr' id='par_1_32' title="bbox 398 2962 1957 3051">
     <span class='ocr_line' id='line_1_32' title="bbox 398 2962 1957 3051; baseline 0.015 -32"><span class='ocrx_word' id='word_1_199' title='bbox 398 2962 700 3038; x_wconf 58' lang='lat' dir='ltr'><strong>ili-ponitur,</strong></span> <span class='ocrx_word' id='word_1_200' title='bbox 730 2977 871 3043; x_wconf 89' lang='lat' dir='ltr'><strong>justa</strong></span> <span class='ocrx_word' id='word_1_201' title='bbox 909 2987 1008 3032; x_wconf 85' lang='lat' dir='ltr'><strong>est.</strong></span> <span class='ocrx_word' id='word_1_202' title='bbox 1037 2978 1144 3034; x_wconf 90' lang='lat' dir='ltr'><strong>Nec</strong></span> <span class='ocrx_word' id='word_1_203' title='bbox 1171 2982 1314 3035; x_wconf 91' lang='lat' dir='ltr'><strong>enim</strong></span> <span class='ocrx_word' id='word_1_204' title='bbox 1364 2994 1419 3035; x_wconf 89' lang='lat' dir='ltr'><strong>ut</strong></span> <span class='ocrx_word' id='word_1_205' title='bbox 1453 2984 1561 3046; x_wconf 89' lang='lat' dir='ltr'><strong>ille,</strong></span> <span class='ocrx_word' id='word_1_206' title='bbox 1620 2986 1696 3040; x_wconf 85' lang='lat' dir='ltr'><strong>sic</strong></span> <span class='ocrx_word' id='word_1_207' title='bbox 1737 2988 1844 3051; x_wconf 83' lang='lat' dir='ltr'><strong>hic,</strong></span> <span class='ocrx_word' id='word_1_208' title='bbox 1892 2990 1957 3043; x_wconf 88' lang='lat' dir='ltr'><strong>ab</strong></span> 
     </span>
    </p>
   </div>
   <div class='ocr_carea' id='block_1_33' title="bbox 2059 486 3648 561">
    <p class='ocr_par' dir='ltr' id='par_1_33' title="bbox 2059 486 3648 561">
     <span class='ocr_line' id='line_1_33' title="bbox 2059 486 3648 561; baseline -0.004 -17"><span class='ocrx_word' id='word_1_209' title='bbox 2059 490 2465 560; x_wconf 78' lang='grc' dir='ltr'>παρελθούσης’</span> <span class='ocrx_word' id='word_1_210' title='bbox 2496 492 2623 561; x_wconf 76' lang='grc' dir='ltr'>τοὺς</span> <span class='ocrx_word' id='word_1_211' title='bbox 2661 490 2716 543; x_wconf 77' lang='grc' dir='ltr'>δὲ</span> <span class='ocrx_word' id='word_1_212' title='bbox 2750 488 2824 558; x_wconf 82' lang='grc' dir='ltr'><strong>μὴ</strong></span> <span class='ocrx_word' id='word_1_213' title='bbox 2854 487 3175 549; x_wconf 81' lang='grc' dir='ltr'>ἐπανιόντας</span> <span class='ocrx_word' id='word_1_214' title='bbox 3216 486 3550 555; x_wconf 79' lang='grc' dir='ltr'>κληρικοὺς,</span> <span class='ocrx_word' id='word_1_215' title='bbox 3571 486 3648 550; x_wconf 85' lang='grc' dir='ltr'><strong>ῶς</strong></span> 
     </span>
    </p>
   </div>
   <div class='ocr_carea' id='block_1_34' title="bbox 2055 579 3646 653">
    <p class='ocr_par' dir='ltr' id='par_1_34' title="bbox 2055 579 3646 653">
     <span class='ocr_line' id='line_1_34' title="bbox 2055 579 3646 653; baseline -0.003 -17"><span class='ocrx_word' id='word_1_216' title='bbox 2055 583 2481 653; x_wconf 64' lang='grc' dir='ltr'><strong>ἀπροφασίστως</strong></span> <span class='ocrx_word' id='word_1_217' title='bbox 2509 585 2607 646; x_wconf 78' lang='grc' dir='ltr'>τὰς</span> <span class='ocrx_word' id='word_1_218' title='bbox 2645 582 2938 652; x_wconf 82' lang='grc' dir='ltr'><strong>ἐκκλησίας</strong></span> <span class='ocrx_word' id='word_1_219' title='bbox 2991 580 3554 649; x_wconf 83' lang='grc' dir='ltr'>καταλιμπάνοντας,</span> <span class='ocrx_word' id='word_1_220' title='bbox 3589 579 3646 631; x_wconf 88' lang='grc' dir='ltr'><strong>ἐν</strong></span> 
     </span>
    </p>
   </div>
   <div class='ocr_carea' id='block_1_35' title="bbox 2057 668 3650 745">
    <p class='ocr_par' dir='ltr' id='par_1_35' title="bbox 2057 668 3650 745">
     <span class='ocr_line' id='line_1_35' title="bbox 2057 668 3650 745; baseline -0.004 -18"><span class='ocrx_word' id='word_1_221' title='bbox 2057 668 2144 735; x_wconf 77' lang='grc' dir='ltr'>αἷς</span> <span class='ocrx_word' id='word_1_222' title='bbox 2173 672 2607 745; x_wconf 79' lang='grc' dir='ltr'><strong>κατετάχθησαν,</strong></span> <span class='ocrx_word' id='word_1_223' title='bbox 2642 675 2737 727; x_wconf 75' lang='grc' dir='ltr'>καὶ</span> <span class='ocrx_word' id='word_1_224' title='bbox 2770 674 2982 743; x_wconf 81' lang='grc' dir='ltr'>ἑτέραις</span> <span class='ocrx_word' id='word_1_225' title='bbox 3017 672 3419 743; x_wconf 68' lang='grc' dir='ltr'><strong>σχολάζοντας,</strong></span> <span class='ocrx_word' id='word_1_226' title='bbox 3450 670 3650 739; x_wconf 88' lang='grc' dir='ltr'>ἀφορί-</span> 
     </span>
    </p>
   </div>
   <div class='ocr_carea' id='block_1_36' title="bbox 2057 765 3648 836">
    <p class='ocr_par' dir='ltr' id='par_1_36' title="bbox 2057 765 3648 836">
     <span class='ocr_line' id='line_1_36' title="bbox 2057 765 3648 836; baseline -0.003 -15"><span class='ocrx_word' id='word_1_227' title='bbox 2057 768 2243 832; x_wconf 74' lang='grc' dir='ltr'>ζεσθαι</span> <span class='ocrx_word' id='word_1_228' title='bbox 2283 769 2513 831; x_wconf 79' lang='grc' dir='ltr'><strong>κελεύει,</strong></span> <span class='ocrx_word' id='word_1_229' title='bbox 2555 770 2659 832; x_wconf 76' lang='grc' dir='ltr'>ἕως</span> <span class='ocrx_word' id='word_1_230' title='bbox 2706 769 2772 822; x_wconf 86' lang='grc' dir='ltr'>ἂν</span> <span class='ocrx_word' id='word_1_231' title='bbox 2836 768 3175 821; x_wconf 82' lang='grc' dir='ltr'>ἐπανέλθωσι</span> <span class='ocrx_word' id='word_1_232' title='bbox 3220 766 3367 836; x_wconf 75' lang='grc' dir='ltr'>πρὸς</span> <span class='ocrx_word' id='word_1_233' title='bbox 3409 765 3515 835; x_wconf 84' lang='grc' dir='ltr'>τὴν</span> <span class='ocrx_word' id='word_1_234' title='bbox 3555 768 3648 818; x_wconf 85' lang='grc' dir='ltr'>ἐκ-</span> 
     </span>
    </p>
   </div>
   <div class='ocr_carea' id='block_1_37' title="bbox 2057 858 3647 933">
    <p class='ocr_par' dir='ltr' id='par_1_37' title="bbox 2057 858 3647 933">
     <span class='ocr_line' id='line_1_37' title="bbox 2057 858 3647 933; baseline -0.002 -20"><span class='ocrx_word' id='word_1_235' title='bbox 2057 862 2287 932; x_wconf 90' lang='grc' dir='ltr'>κλησίαν</span> <span class='ocrx_word' id='word_1_236' title='bbox 2334 862 2394 927; x_wconf 81' lang='grc' dir='ltr'>ἐξ</span> <span class='ocrx_word' id='word_1_237' title='bbox 2422 858 2488 933; x_wconf 81' lang='grc' dir='ltr'>ἧς</span> <span class='ocrx_word' id='word_1_238' title='bbox 2522 862 2887 933; x_wconf 77' lang='grc' dir='ltr'><strong>ὑπεχώρησαν</strong></span> <span class='ocrx_word' id='word_1_239' title='bbox 2908 877 2923 892; x_wconf 81' lang='grc'><em>’</em></span> <span class='ocrx_word' id='word_1_240' title='bbox 2970 862 3065 916; x_wconf 80' lang='grc' dir='ltr'>καὶ</span> <span class='ocrx_word' id='word_1_241' title='bbox 3101 861 3197 914; x_wconf 86' lang='grc' dir='ltr'>τὸν</span> <span class='ocrx_word' id='word_1_242' title='bbox 3246 860 3565 912; x_wconf 83' lang='grc' dir='ltr'>ἐπίσκοπον</span> <span class='ocrx_word' id='word_1_243' title='bbox 3592 859 3647 910; x_wconf 90' lang='grc' dir='ltr'><strong>δέ</strong></span> 
     </span>
    </p>
   </div>
   <div class='ocr_carea' id='block_1_38' title="bbox 2056 949 3646 1025">
    <p class='ocr_par' dir='ltr' id='par_1_38' title="bbox 2056 949 3646 1025">
     <span class='ocr_line' id='line_1_38' title="bbox 2056 949 3646 1025; baseline -0.005 -17"><span class='ocrx_word' id='word_1_244' title='bbox 2056 955 2147 1008; x_wconf 82' lang='grc' dir='ltr'>τὸν</span> <span class='ocrx_word' id='word_1_245' title='bbox 2194 955 2489 1025; x_wconf 74' lang='grc' dir='ltr'><strong>δεξάμενον</strong></span> <span class='ocrx_word' id='word_1_246' title='bbox 2554 956 2648 1009; x_wconf 80' lang='grc' dir='ltr'>καὶ</span> <span class='ocrx_word' id='word_1_247' title='bbox 2707 956 3008 1025; x_wconf 77' lang='grc' dir='ltr'>κατέχοντα</span> <span class='ocrx_word' id='word_1_248' title='bbox 3072 953 3284 1015; x_wconf 81' lang='grc' dir='ltr'>αὑτοὺς</span> <span class='ocrx_word' id='word_1_249' title='bbox 3342 949 3646 1021; x_wconf 69' lang='grc' dir='ltr'>ἀφορισμιῖι</span> 
     </span>
    </p>
   </div>
   <div class='ocr_carea' id='block_1_39' title="bbox 2058 1046 3204 1120">
    <p class='ocr_par' dir='ltr' id='par_1_39' title="bbox 2058 1046 3204 1120">
     <span class='ocr_line' id='line_1_39' title="bbox 2058 1046 3204 1120; baseline -0.001 -18"><span class='ocrx_word' id='word_1_250' title='bbox 2058 1048 2370 1120; x_wconf 80' lang='grc' dir='ltr'><strong>ὑποτίθησι,</strong></span> <span class='ocrx_word' id='word_1_251' title='bbox 2414 1050 2609 1120; x_wconf 79' lang='grc' dir='ltr'><strong>μέχρις</strong></span> <span class='ocrx_word' id='word_1_252' title='bbox 2649 1048 2715 1102; x_wconf 83' lang='grc' dir='ltr'><strong>ἀν</strong></span> <span class='ocrx_word' id='word_1_253' title='bbox 2739 1049 2946 1119; x_wconf 75' lang='grc' dir='ltr'>κατέχῃ</span> <span class='ocrx_word' id='word_1_254' title='bbox 2979 1046 3204 1110; x_wconf 88' lang='grc' dir='ltr'>αὑτούς.</span> 
     </span>
    </p>
   </div>
   <div class='ocr_carea' id='block_1_40' title="bbox 2060 1273 3651 1346">
    <p class='ocr_par' dir='ltr' id='par_1_40' title="bbox 2060 1273 3651 1346">
     <span class='ocr_line' id='line_1_40' title="bbox 2060 1273 3651 1346; baseline -0.003 -16"><span class='ocrx_word' id='word_1_255' title='bbox 2060 1276 2277 1331; x_wconf 74' lang='grc' dir='ltr'><strong>ΑΡΙΣΤ.</strong></span> <span class='ocrx_word' id='word_1_256' title='bbox 2325 1293 2344 1327; x_wconf 83' lang='grc' dir='ltr'><strong>ι</strong></span> <span class='ocrx_word' id='word_1_257' title='bbox 2392 1273 2448 1328; x_wconf 89' lang='lat'><strong>&#39;0</strong></span> <span class='ocrx_word' id='word_1_258' title='bbox 2487 1275 2573 1329; x_wconf 91' lang='grc' dir='ltr'><strong>διά</strong></span> <span class='ocrx_word' id='word_1_259' title='bbox 2619 1274 2965 1346; x_wconf 77' lang='grc' dir='ltr'>βαρϐαρικὴν</span> <span class='ocrx_word' id='word_1_260' title='bbox 3029 1274 3348 1346; x_wconf 79' lang='grc' dir='ltr'>ἐπιδρομὴν</span> <span class='ocrx_word' id='word_1_261' title='bbox 3393 1274 3651 1343; x_wconf 80' lang='grc' dir='ltr'>μετανὰ-</span> 
     </span>
    </p>
   </div>
   <div class='ocr_carea' id='block_1_41' title="bbox 2132 1367 3647 1439">
    <p class='ocr_par' dir='ltr' id='par_1_41' title="bbox 2132 1367 3647 1439">
     <span class='ocr_line' id='line_1_41' title="bbox 2132 1367 3647 1439; baseline -0.002 -17"><span class='ocrx_word' id='word_1_262' title='bbox 2132 1388 2151 1422; x_wconf 83' lang='grc' dir='ltr'><strong>ι</strong></span> <span class='ocrx_word' id='word_1_263' title='bbox 2200 1386 2353 1437; x_wconf 86' lang='grc' dir='ltr'>στης,</span> <span class='ocrx_word' id='word_1_264' title='bbox 2377 1369 2734 1437; x_wconf 82' lang='grc' dir='ltr'>παυσαμένης</span> <span class='ocrx_word' id='word_1_265' title='bbox 2758 1369 2857 1437; x_wconf 84' lang='grc' dir='ltr'>τῆς</span> <span class='ocrx_word' id='word_1_266' title='bbox 2883 1368 3208 1439; x_wconf 78' lang='grc' dir='ltr'><strong>ἐπιδρομῆς,</strong></span> <span class='ocrx_word' id='word_1_267' title='bbox 3242 1367 3647 1421; x_wconf 78' lang='grc' dir='ltr'>παλινοστείτω</span> 
     </span>
    </p>
   </div>
   <div class='ocr_carea' id='block_1_42' title="bbox 2132 1452 3649 1534">
    <p class='ocr_par' dir='ltr' id='par_1_42' title="bbox 2132 1452 3649 1534">
     <span class='ocr_line' id='line_1_42' title="bbox 2132 1452 3649 1534; baseline 0.001 -21"><span class='ocrx_word' id='word_1_268' title='bbox 2132 1480 2153 1513; x_wconf 79' lang='grc' dir='ltr'><strong>ι</strong></span> <span class='ocrx_word' id='word_1_269' title='bbox 2199 1460 2335 1531; x_wconf 68' lang='grc' dir='ltr'>πρὸς</span> <span class='ocrx_word' id='word_1_270' title='bbox 2365 1460 2465 1530; x_wconf 83' lang='grc' dir='ltr'>τὴν</span> <span class='ocrx_word' id='word_1_271' title='bbox 2497 1460 2796 1533; x_wconf 79' lang='grc' dir='ltr'>ἐκκλησίαν</span> <span class='ocrx_word' id='word_1_272' title='bbox 2921 1452 3281 1529; x_wconf 79' lang='grc' dir='ltr'>κεκλήρωται</span> <span class='ocrx_word' id='word_1_273' title='bbox 3308 1474 3324 1489; x_wconf 81' lang='grc'>⁶</span> <span class='ocrx_word' id='word_1_274' title='bbox 3366 1460 3502 1513; x_wconf 84' lang='grc' dir='ltr'><strong>είδέ</strong></span> <span class='ocrx_word' id='word_1_275' title='bbox 3549 1460 3649 1531; x_wconf 82' lang='grc' dir='ltr'>μὴ,</span> 
     </span>
    </p>
   </div>
   <div class='ocr_carea' id='block_1_43' title="bbox 2132 1550 3392 1623">
    <p class='ocr_par' dir='ltr' id='par_1_43' title="bbox 2132 1550 3392 1623">
     <span class='ocr_line' id='line_1_43' title="bbox 2132 1550 3392 1623; baseline 0 -20"><span class='ocrx_word' id='word_1_276' title='bbox 2132 1570 2151 1603; x_wconf 84' lang='grc' dir='ltr'><strong>ι</strong></span> <span class='ocrx_word' id='word_1_277' title='bbox 2202 1553 2339 1622; x_wconf 80' lang='grc' dir='ltr'>μετὰ</span> <span class='ocrx_word' id='word_1_278' title='bbox 2374 1550 2467 1604; x_wconf 80' lang='grc' dir='ltr'>τοῦ</span> <span class='ocrx_word' id='word_1_279' title='bbox 2511 1551 2936 1622; x_wconf 77' lang='grc' dir='ltr'>προσειληφότας</span> <span class='ocrx_word' id='word_1_280' title='bbox 2967 1552 3331 1623; x_wconf 74' lang='grc' dir='ltr'>ἀφορίζεται.</span> <span class='ocrx_word' id='word_1_281' title='bbox 3371 1569 3392 1603; x_wconf 76' lang='grc' dir='ltr'><strong>ι</strong></span> 
     </span>
    </p>
   </div>
   <div class='ocr_carea' id='block_1_44' title="bbox 2070 1758 3649 1839">
    <p class='ocr_par' dir='ltr' id='par_1_44' title="bbox 2070 1758 3649 1839">
     <span class='ocr_line' id='line_1_44' title="bbox 2070 1758 3649 1839; baseline 0.005 -24"><span class='ocrx_word' id='word_1_282' title='bbox 2070 1758 2079 1802; x_wconf 78' lang='grc'><strong>’-</strong></span> <span class='ocrx_word' id='word_1_283' title='bbox 2141 1768 2199 1821; x_wconf 87' lang='lat'><strong>&#39;0</strong></span> <span class='ocrx_word' id='word_1_284' title='bbox 2234 1769 2331 1839; x_wconf 80' lang='grc' dir='ltr'>μὲν</span> <span class='ocrx_word' id='word_1_285' title='bbox 2362 1768 2434 1839; x_wconf 81' lang='grc' dir='ltr'>μὴ</span> <span class='ocrx_word' id='word_1_286' title='bbox 2461 1768 2548 1821; x_wconf 80' lang='grc' dir='ltr'><strong>διά</strong></span> <span class='ocrx_word' id='word_1_287' title='bbox 2580 1786 2703 1822; x_wconf 91' lang='grc' dir='ltr'>τινα</span> <span class='ocrx_word' id='word_1_288' title='bbox 2742 1767 3063 1838; x_wconf 82' lang='grc' dir='ltr'>περίστασιν</span> <span class='ocrx_word' id='word_1_289' title='bbox 3109 1767 3490 1838; x_wconf 86' lang='grc' dir='ltr'>ἀναχωρήσας</span> <span class='ocrx_word' id='word_1_290' title='bbox 3518 1767 3649 1838; x_wconf 65' lang='grc' dir='ltr'>κληι-</span> 
     </span>
    </p>
   </div>
   <div class='ocr_carea' id='block_1_45' title="bbox 2065 1856 3650 1933">
    <p class='ocr_par' dir='ltr' id='par_1_45' title="bbox 2065 1856 3650 1933">
     <span class='ocr_line' id='line_1_45' title="bbox 2065 1856 3650 1933; baseline 0.001 -20"><span class='ocrx_word' id='word_1_291' title='bbox 2065 1862 2215 1931; x_wconf 70' lang='grc' dir='ltr'>ρικὸς</span> <span class='ocrx_word' id='word_1_292' title='bbox 2242 1862 2339 1931; x_wconf 81' lang='grc' dir='ltr'>τῆς</span> <span class='ocrx_word' id='word_1_293' title='bbox 2373 1861 2670 1931; x_wconf 81' lang='grc' dir='ltr'>ἐκκλησίας</span> <span class='ocrx_word' id='word_1_294' title='bbox 2774 1860 3084 1932; x_wconf 82' lang='grc' dir='ltr'>ἐκληρώθη,</span> <span class='ocrx_word' id='word_1_295' title='bbox 3123 1862 3221 1915; x_wconf 65' lang='grc' dir='ltr'><strong>καὶ⁵</strong></span> <span class='ocrx_word' id='word_1_296' title='bbox 3266 1862 3411 1930; x_wconf 69' lang='grc' dir='ltr'>πρὸς</span> <span class='ocrx_word' id='word_1_297' title='bbox 3452 1861 3650 1933; x_wconf 85' lang='grc' dir='ltr'>ἐτέραν</span> 
     </span>
    </p>
   </div>
   <div class='ocr_carea' id='block_1_46' title="bbox 2061 1953 3646 2024">
    <p class='ocr_par' dir='ltr' id='par_1_46' title="bbox 2061 1953 3646 2024">
     <span class='ocr_line' id='line_1_46' title="bbox 2061 1953 3646 2024; baseline -0.001 -16"><span class='ocrx_word' id='word_1_298' title='bbox 2061 1954 2313 2008; x_wconf 82' lang='grc' dir='ltr'>ἀπελθὼν</span> <span class='ocrx_word' id='word_1_299' title='bbox 2340 1955 2663 2023; x_wconf 88' lang='grc' dir='ltr'>ἐκκλησίαν,</span> <span class='ocrx_word' id='word_1_300' title='bbox 2698 1954 2792 2008; x_wconf 82' lang='grc' dir='ltr'>καὶ</span> <span class='ocrx_word' id='word_1_301' title='bbox 2838 1953 2988 2024; x_wconf 88' lang='grc' dir='ltr'><strong>παρά</strong></span> <span class='ocrx_word' id='word_1_302' title='bbox 3038 1953 3132 2006; x_wconf 81' lang='grc' dir='ltr'>τοῦ</span> <span class='ocrx_word' id='word_1_303' title='bbox 3186 1955 3383 2007; x_wconf 78' lang='grc' dir='ltr'>ἐκεῖσε</span> <span class='ocrx_word' id='word_1_304' title='bbox 3424 1954 3646 2006; x_wconf 75' lang='grc' dir='ltr'><strong>ἐπισκό⁴</strong></span> 
     </span>
    </p>
   </div>
   <div class='ocr_carea' id='block_1_47' title="bbox 2064 2044 3653 2117">
    <p class='ocr_par' dir='ltr' id='par_1_47' title="bbox 2064 2044 3653 2117">
     <span class='ocr_line' id='line_1_47' title="bbox 2064 2044 3653 2117; baseline -0.002 -16"><span class='ocrx_word' id='word_1_305' title='bbox 2064 2066 2165 2101; x_wconf 84' lang='grc' dir='ltr'><strong>που</strong></span> <span class='ocrx_word' id='word_1_306' title='bbox 2193 2046 2562 2117; x_wconf 72' lang='grc' dir='ltr'>προσδεχθεὶς,</span> <span class='ocrx_word' id='word_1_307' title='bbox 2589 2046 2683 2100; x_wconf 83' lang='grc' dir='ltr'>καὶ</span> <span class='ocrx_word' id='word_1_308' title='bbox 2711 2049 2821 2110; x_wconf 84' lang='grc' dir='ltr'>τοῖς</span> <span class='ocrx_word' id='word_1_309' title='bbox 2844 2046 3125 2115; x_wconf 82' lang='grc' dir='ltr'>κληρικοῖς</span> <span class='ocrx_word' id='word_1_310' title='bbox 3151 2044 3328 2099; x_wconf 68' lang='grc' dir='ltr'><strong>αὖτοῦ</strong></span> <span class='ocrx_word' id='word_1_311' title='bbox 3368 2063 3653 2113; x_wconf 70' lang='grc' dir='ltr'>συγκαταρ-</span> 
     </span>
    </p>
   </div>
   <div class='ocr_carea' id='block_1_48' title="bbox 2062 2122 3643 2208">
    <p class='ocr_par' dir='ltr' id='par_1_48' title="bbox 2062 2122 3643 2208">
     <span class='ocr_line' id='line_1_48' title="bbox 2062 2122 3643 2208; baseline -0.003 -16"><span class='ocrx_word' id='word_1_312' title='bbox 2062 2139 2264 2207; x_wconf 80' lang='grc' dir='ltr'>λεγεὶς,</span> <span class='ocrx_word' id='word_1_313' title='bbox 2309 2122 2667 2208; x_wconf 23' lang='grc' dir='ltr'>δκαθαιρείται</span> <span class='ocrx_word' id='word_1_314' title='bbox 2713 2138 2809 2191; x_wconf 79' lang='grc' dir='ltr'>σὺν</span> <span class='ocrx_word' id='word_1_315' title='bbox 2864 2137 2942 2207; x_wconf 80' lang='grc' dir='ltr'><strong>τῷ</strong></span> <span class='ocrx_word' id='word_1_316' title='bbox 2981 2137 3423 2207; x_wconf 84' lang='grc' dir='ltr'>προσδεξαμένῳ</span> <span class='ocrx_word' id='word_1_317' title='bbox 3460 2138 3643 2201; x_wconf 73' lang='grc' dir='ltr'>αὑτὸν,</span> 
     </span>
    </p>
   </div>
   <div class='ocr_carea' id='block_1_49' title="bbox 2064 2231 3646 2304">
    <p class='ocr_par' dir='ltr' id='par_1_49' title="bbox 2064 2231 3646 2304">
     <span class='ocr_line' id='line_1_49' title="bbox 2064 2231 3646 2304; baseline 0.001 -18"><span class='ocrx_word' id='word_1_318' title='bbox 2064 2234 2248 2297; x_wconf 84' lang='grc' dir='ltr'>καθὼς</span> <span class='ocrx_word' id='word_1_319' title='bbox 2272 2237 2301 2287; x_wconf 83' lang='grc' dir='ltr'><strong>ὀ</strong></span> <span class='ocrx_word' id='word_1_320' title='bbox 2332 2234 2673 2304; x_wconf 74' lang='grc' dir='ltr'>προγραφεὶς</span> <span class='ocrx_word' id='word_1_321' title='bbox 2713 2232 3180 2295; x_wconf 81' lang='grc' dir='ltr'>ἑπτακαιδέκατος</span> <span class='ocrx_word' id='word_1_322' title='bbox 3208 2234 3393 2303; x_wconf 74' lang='grc' dir='ltr'>ὁρίζει</span> <span class='ocrx_word' id='word_1_323' title='bbox 3440 2231 3646 2287; x_wconf 83' lang='grc' dir='ltr'>κανών.</span> 
     </span>
    </p>
   </div>
   <div class='ocr_carea' id='block_1_50' title="bbox 2073 2322 3645 2396">
    <p class='ocr_par' dir='ltr' id='par_1_50' title="bbox 2073 2322 3645 2396">
     <span class='ocr_line' id='line_1_50' title="bbox 2073 2322 3645 2396; baseline -0.004 -15"><span class='ocrx_word' id='word_1_324' title='bbox 2073 2327 2130 2381; x_wconf 86' lang='grc' dir='ltr'>Ὀ</span> <span class='ocrx_word' id='word_1_325' title='bbox 2161 2327 2217 2381; x_wconf 86' lang='grc' dir='ltr'>δὲ</span> <span class='ocrx_word' id='word_1_326' title='bbox 2252 2326 2321 2380; x_wconf 81' lang='grc' dir='ltr'>δι’</span> <span class='ocrx_word' id='word_1_327' title='bbox 2348 2325 2649 2396; x_wconf 71' lang='grc' dir='ltr'>ἐπιδρομὴν</span> <span class='ocrx_word' id='word_1_328' title='bbox 2686 2326 2988 2396; x_wconf 77' lang='grc' dir='ltr'>Βαρϐάρων</span> <span class='ocrx_word' id='word_1_329' title='bbox 3022 2324 3053 2395; x_wconf 83' lang='grc' dir='ltr'>ἢ</span> <span class='ocrx_word' id='word_1_330' title='bbox 3101 2323 3442 2394; x_wconf 85' lang='grc' dir='ltr'>περίστασιν</span> <span class='ocrx_word' id='word_1_331' title='bbox 3475 2322 3645 2392; x_wconf 77' lang='grc' dir='ltr'>ἄλλην</span> 
     </span>
    </p>
   </div>
   <div class='ocr_carea' id='block_1_51' title="bbox 2067 2416 3749 2490">
    <p class='ocr_par' dir='ltr' id='par_1_51' title="bbox 2067 2416 3749 2490">
     <span class='ocr_line' id='line_1_51' title="bbox 2067 2416 3749 2490; baseline -0.005 -18"><span class='ocrx_word' id='word_1_332' title='bbox 2067 2419 2409 2490; x_wconf 83' lang='grc' dir='ltr'>μετανάστης</span> <span class='ocrx_word' id='word_1_333' title='bbox 2444 2420 2547 2488; x_wconf 82' lang='grc' dir='ltr'>τῆς</span> <span class='ocrx_word' id='word_1_334' title='bbox 2587 2420 2722 2481; x_wconf 78' lang='grc' dir='ltr'>ἰδίας</span> <span class='ocrx_word' id='word_1_335' title='bbox 2762 2418 3061 2487; x_wconf 86' lang='grc' dir='ltr'>ἐκκλησίας</span> <span class='ocrx_word' id='word_1_336' title='bbox 3105 2419 3415 2487; x_wconf 83' lang='grc' dir='ltr'>γενόμενος</span> <span class='ocrx_word' id='word_1_337' title='bbox 3455 2416 3647 2484; x_wconf 84' lang='grc' dir='ltr'>κληρι-</span> <span class='ocrx_word' id='word_1_338' title='bbox 3734 2419 3749 2433; x_wconf 81' lang='lat'><strong><em>”</em></strong></span> 
     </span>
    </p>
   </div>
   <div class='ocr_carea' id='block_1_52' title="bbox 2065 2510 3642 2583">
    <p class='ocr_par' dir='ltr' id='par_1_52' title="bbox 2065 2510 3642 2583">
     <span class='ocr_line' id='line_1_52' title="bbox 2065 2510 3642 2583; baseline -0.004 -17"><span class='ocrx_word' id='word_1_339' title='bbox 2065 2514 2183 2579; x_wconf 86' lang='grc' dir='ltr'>κὸς,</span> <span class='ocrx_word' id='word_1_340' title='bbox 2219 2513 2335 2577; x_wconf 81' lang='grc' dir='ltr'>ἐὰν,</span> <span class='ocrx_word' id='word_1_341' title='bbox 2362 2512 2455 2565; x_wconf 82' lang='grc' dir='ltr'><strong>τοῦ</strong></span> <span class='ocrx_word' id='word_1_342' title='bbox 2482 2511 2654 2564; x_wconf 78' lang='grc' dir='ltr'>αἰτίου</span> <span class='ocrx_word' id='word_1_343' title='bbox 2684 2512 2753 2565; x_wconf 90' lang='grc' dir='ltr'><strong>δι’</strong></span> <span class='ocrx_word' id='word_1_344' title='bbox 2784 2511 2811 2563; x_wconf 88' lang='grc' dir='ltr'>ὃ</span> <span class='ocrx_word' id='word_1_345' title='bbox 2834 2512 3196 2583; x_wconf 77' lang='grc' dir='ltr'>ὑπεχώρησεν</span> <span class='ocrx_word' id='word_1_346' title='bbox 3224 2510 3642 2580; x_wconf 72' lang='grc' dir='ltr'>ἐπιλείψαντος,</span> 
     </span>
    </p>
   </div>
   <div class='ocr_carea' id='block_1_53' title="bbox 2063 2600 3642 2675">
    <p class='ocr_par' dir='ltr' id='par_1_53' title="bbox 2063 2600 3642 2675">
     <span class='ocr_line' id='line_1_53' title="bbox 2063 2600 3642 2675; baseline -0.004 -15"><span class='ocrx_word' id='word_1_347' title='bbox 2063 2608 2125 2665; x_wconf 89' lang='grc' dir='ltr'><strong>οὑ</strong></span> <span class='ocrx_word' id='word_1_348' title='bbox 2149 2608 2365 2675; x_wconf 85' lang='grc' dir='ltr'>θελήσει</span> <span class='ocrx_word' id='word_1_349' title='bbox 2389 2606 2551 2659; x_wconf 88' lang='grc' dir='ltr'>πάλιν</span> <span class='ocrx_word' id='word_1_350' title='bbox 2570 2605 2886 2659; x_wconf 84' lang='grc' dir='ltr'>ἐπανελθεῖν</span> <span class='ocrx_word' id='word_1_351' title='bbox 2903 2607 2983 2669; x_wconf 85' lang='grc' dir='ltr'><strong>εἰς</strong></span> <span class='ocrx_word' id='word_1_352' title='bbox 3014 2604 3113 2673; x_wconf 80' lang='grc' dir='ltr'>τὴν</span> <span class='ocrx_word' id='word_1_353' title='bbox 3139 2604 3455 2674; x_wconf 84' lang='grc' dir='ltr'>ἐκκλησίαν</span> <span class='ocrx_word' id='word_1_354' title='bbox 3478 2600 3642 2654; x_wconf 76' lang='grc' dir='ltr'>αὑτοῦ</span> 
     </span>
    </p>
   </div>
   <div class='ocr_carea' id='block_1_54' title="bbox 2063 2691 3647 2779">
    <p class='ocr_par' dir='ltr' id='par_1_54' title="bbox 2063 2691 3647 2779">
     <span class='ocr_line' id='line_1_54' title="bbox 2063 2691 3647 2779; baseline -0.006 -27"><span class='ocrx_word' id='word_1_355' title='bbox 2063 2701 2122 2752; x_wconf 89' lang='grc' dir='ltr'><strong>ἐν</strong></span> <span class='ocrx_word' id='word_1_356' title='bbox 2218 2698 2527 2779; x_wconf 81' lang='grc' dir='ltr'>ἐκληρώθη,</span> <span class='ocrx_word' id='word_1_357' title='bbox 2557 2696 2875 2765; x_wconf 76' lang='grc' dir='ltr'>ἀφορίζεται</span> <span class='ocrx_word' id='word_1_358' title='bbox 2911 2699 3006 2750; x_wconf 76' lang='grc' dir='ltr'><strong>σὺν</strong></span> <span class='ocrx_word' id='word_1_359' title='bbox 3036 2696 3113 2779; x_wconf 75' lang='grc' dir='ltr'><strong>τῷ</strong></span> <span class='ocrx_word' id='word_1_360' title='bbox 3146 2696 3445 2763; x_wconf 77' lang='grc' dir='ltr'>κατέχοντι</span> <span class='ocrx_word' id='word_1_361' title='bbox 3482 2691 3647 2745; x_wconf 81' lang='grc' dir='ltr'>αὑτὸν</span> 
     </span>
    </p>
   </div>
   <div class='ocr_carea' id='block_1_55' title="bbox 2064 2778 3645 2861">
    <p class='ocr_par' dir='ltr' id='par_1_55' title="bbox 2064 2778 3645 2861">
     <span class='ocr_line' id='line_1_55' title="bbox 2064 2778 3645 2861; baseline -0.006 -18"><span class='ocrx_word' id='word_1_362' title='bbox 2064 2791 2369 2861; x_wconf 76' lang='grc' dir='ltr'>ἐπισκόπῳ,</span> <span class='ocrx_word' id='word_1_363' title='bbox 2410 2790 2606 2860; x_wconf 80' lang='grc' dir='ltr'>μέχρις</span> <span class='ocrx_word' id='word_1_364' title='bbox 2641 2789 2707 2843; x_wconf 85' lang='grc' dir='ltr'>ἂν</span> <span class='ocrx_word' id='word_1_365' title='bbox 2761 2788 2897 2859; x_wconf 83' lang='grc' dir='ltr'>πρὸς</span> <span class='ocrx_word' id='word_1_366' title='bbox 2920 2778 3107 2858; x_wconf 77' lang='grc' dir='ltr'>αὑτὴν’</span> <span class='ocrx_word' id='word_1_367' title='bbox 3137 2784 3538 2857; x_wconf 76' lang='grc' dir='ltr'>ἐπαναδράμῃ.</span> <span class='ocrx_word' id='word_1_368' title='bbox 3581 2782 3645 2833; x_wconf 81' lang='grc' dir='ltr'><strong>Ἠ</strong></span> 
     </span>
    </p>
   </div>
   <div class='ocr_carea' id='block_1_56' title="bbox 2064 2874 3647 2955">
    <p class='ocr_par' dir='ltr' id='par_1_56' title="bbox 2064 2874 3647 2955">
     <span class='ocr_line' id='line_1_56' title="bbox 2064 2874 3647 2955; baseline -0.006 -18"><span class='ocrx_word' id='word_1_369' title='bbox 2064 2884 2123 2937; x_wconf 87' lang='grc' dir='ltr'><strong>δέ</strong></span> <span class='ocrx_word' id='word_1_370' title='bbox 2156 2885 2326 2946; x_wconf 82' lang='grc' dir='ltr'>αἰτία,</span> <span class='ocrx_word' id='word_1_371' title='bbox 2370 2883 2531 2955; x_wconf 73' lang='grc' dir='ltr'>δι’ἢν</span> <span class='ocrx_word' id='word_1_372' title='bbox 2587 2884 2686 2952; x_wconf 86' lang='grc' dir='ltr'>μὲν</span> <span class='ocrx_word' id='word_1_373' title='bbox 2726 2876 2881 2944; x_wconf 76' lang='grc' dir='ltr'>οὗτος</span> <span class='ocrx_word' id='word_1_374' title='bbox 2936 2876 3282 2951; x_wconf 80' lang='grc' dir='ltr'>ἀφορίζεται,</span> <span class='ocrx_word' id='word_1_375' title='bbox 3323 2880 3543 2939; x_wconf 85' lang='grc' dir='ltr'>ἐκεῖνος</span> <span class='ocrx_word' id='word_1_376' title='bbox 3592 2874 3647 2927; x_wconf 72' lang='grc' dir='ltr'>δὲ</span> 
     </span>
    </p>
   </div>
   <div class='ocr_carea' id='block_1_57' title="bbox 2067 2968 3647 3048">
    <p class='ocr_par' dir='ltr' id='par_1_57' title="bbox 2067 2968 3647 3048">
     <span class='ocr_line' id='line_1_57' title="bbox 2067 2968 3647 3048; baseline -0.009 -15"><span class='ocrx_word' id='word_1_377' title='bbox 2067 2979 2433 3048; x_wconf 86' lang='grc' dir='ltr'>καθαιρεῖται,</span> <span class='ocrx_word' id='word_1_378' title='bbox 2480 2975 2703 3044; x_wconf 81' lang='grc' dir='ltr'>εὔλογος</span> <span class='ocrx_word' id='word_1_379' title='bbox 2731 2990 2747 3007; x_wconf 89' lang='grc'><strong>·</strong></span> <span class='ocrx_word' id='word_1_380' title='bbox 2796 2974 2917 3027; x_wconf 86' lang='grc' dir='ltr'><strong>οὑδέ</strong></span> <span class='ocrx_word' id='word_1_381' title='bbox 2964 2972 3095 3043; x_wconf 81' lang='grc' dir='ltr'>γὰρ,</span> <span class='ocrx_word' id='word_1_382' title='bbox 3148 2971 3513 3048; x_wconf 23' lang='grc' dir='ltr'>ὡςίἐκεῖνος,</span> <span class='ocrx_word' id='word_1_383' title='bbox 3554 2968 3647 3020; x_wconf 73' lang='grc' dir='ltr'>καὶ</span> 
     </span>
    </p>
   </div>
   <div class='ocr_carea' id='block_1_58' title="bbox 402 3058 1957 3147">
    <p class='ocr_par' dir='ltr' id='par_1_58' title="bbox 402 3062 1951 3147">
     <span class='ocr_line' id='line_1_58' title="bbox 402 3062 1951 3147; baseline 0.012 -34"><span class='ocrx_word' id='word_1_384' title='bbox 402 3062 556 3119; x_wconf 87' lang='lat' dir='ltr'><strong>initio</strong></span> <span class='ocrx_word' id='word_1_385' title='bbox 595 3066 713 3118; x_wconf 89' lang='lat' dir='ltr'><strong>sine</strong></span> <span class='ocrx_word' id='word_1_386' title='bbox 747 3067 889 3134; x_wconf 81' lang='lat' dir='ltr'><strong>justa</strong></span> <span class='ocrx_word' id='word_1_387' title='bbox 917 3085 1077 3125; x_wconf 84' lang='lat' dir='ltr'><strong>causa</strong></span> <span class='ocrx_word' id='word_1_388' title='bbox 1111 3076 1352 3129; x_wconf 84' lang='lat' dir='ltr'><strong>recessit.</strong></span> <span class='ocrx_word' id='word_1_389' title='bbox 1390 3075 1832 3147; x_wconf 85' lang='lat' dir='ltr'><strong>Quandoquidem</strong></span> <span class='ocrx_word' id='word_1_390' title='bbox 1864 3078 1951 3132; x_wconf 89' lang='lat' dir='ltr'><strong>ille</strong></span> 
     </span>
    </p>
   </div>
   <div class='ocr_carea' id='block_1_59' title="bbox 2080 3058 3645 3147">
    <p class='ocr_par' dir='ltr' id='par_1_59' title="bbox 2080 3058 3645 3138">
     <span class='ocr_line' id='line_1_59' title="bbox 2080 3058 3645 3138; baseline -0.006 -15"><span class='ocrx_word' id='word_1_391' title='bbox 2080 3064 2221 3131; x_wconf 69' lang='grc' dir='ltr'>ιὺτος</span> <span class='ocrx_word' id='word_1_392' title='bbox 2255 3069 2314 3133; x_wconf 81' lang='grc' dir='ltr'>ἐξ</span> <span class='ocrx_word' id='word_1_393' title='bbox 2362 3069 2539 3138; x_wconf 84' lang='grc' dir='ltr'>ἀρχῆς</span> <span class='ocrx_word' id='word_1_394' title='bbox 2578 3064 2932 3135; x_wconf 81' lang='grc' dir='ltr'>ὑπεχώρησεν</span> <span class='ocrx_word' id='word_1_395' title='bbox 2972 3066 3100 3118; x_wconf 85' lang='grc' dir='ltr'>ἄνευ</span> <span class='ocrx_word' id='word_1_396' title='bbox 3156 3062 3393 3129; x_wconf 80' lang='grc' dir='ltr'>εὐλόγου</span> <span class='ocrx_word' id='word_1_397' title='bbox 3440 3058 3645 3118; x_wconf 82' lang='grc' dir='ltr'>αίτίας.</span> 
     </span>
    </p>
   </div>
   <div class='ocr_carea' id='block_1_60' title="bbox 402 3158 1959 3239">
    <p class='ocr_par' dir='ltr' id='par_1_60' title="bbox 402 3158 1959 3239">
     <span class='ocr_line' id='line_1_60' title="bbox 402 3158 1959 3239; baseline 0.013 -35"><span class='ocrx_word' id='word_1_398' title='bbox 402 3170 545 3216; x_wconf 72' lang='lat' dir='ltr'><strong>enirn,</strong></span> <span class='ocrx_word' id='word_1_399' title='bbox 581 3158 669 3224; x_wconf 89' lang='lat' dir='ltr'><strong>qui</strong></span> <span class='ocrx_word' id='word_1_400' title='bbox 712 3160 1103 3218; x_wconf 88' lang='lat' dir='ltr'><strong>ordinationem</strong></span> <span class='ocrx_word' id='word_1_401' title='bbox 1130 3166 1229 3234; x_wconf 88' lang='lat' dir='ltr'><strong>ipsi</strong></span> <span class='ocrx_word' id='word_1_402' title='bbox 1274 3166 1546 3228; x_wconf 79' lang='lat' dir='ltr'><strong>imposuit.</strong></span> <span class='ocrx_word' id='word_1_403' title='bbox 1596 3179 1853 3239; x_wconf 90' lang='lat' dir='ltr'><strong>quantum</strong></span> <span class='ocrx_word' id='word_1_404' title='bbox 1906 3173 1959 3225; x_wconf 93' lang='lat' dir='ltr'><strong>in</strong></span> 
     </span>
    </p>
   </div>
   <div class='ocr_carea' id='block_1_61' title="bbox 403 3245 1963 3325">
    <p class='ocr_par' dir='ltr' id='par_1_61' title="bbox 403 3245 1963 3325">
     <span class='ocr_line' id='line_1_61' title="bbox 403 3245 1963 3325; baseline 0.015 -27"><span class='ocrx_word' id='word_1_405' title='bbox 403 3260 467 3299; x_wconf 90' lang='lat' dir='ltr'><strong>eo</strong></span> <span class='ocrx_word' id='word_1_406' title='bbox 496 3245 613 3311; x_wconf 80' lang='lat' dir='ltr'><strong>fuit,</strong></span> <span class='ocrx_word' id='word_1_407' title='bbox 646 3250 835 3319; x_wconf 88' lang='lat' dir='ltr'><strong>injuria</strong></span> <span class='ocrx_word' id='word_1_408' title='bbox 864 3265 915 3308; x_wconf 91' lang='lat' dir='ltr'><strong>et</strong></span> <span class='ocrx_word' id='word_1_409' title='bbox 938 3260 1133 3325; x_wconf 88' lang='lat' dir='ltr'><strong>probro</strong></span> <span class='ocrx_word' id='word_1_410' title='bbox 1163 3276 1268 3313; x_wconf 89' lang='lat' dir='ltr'><strong>non</strong></span> <span class='ocrx_word' id='word_1_411' title='bbox 1301 3260 1473 3315; x_wconf 66' lang='lat' dir='ltr'><strong>affecit</strong></span> <span class='ocrx_word' id='word_1_412' title='bbox 1522 3265 1614 3315; x_wconf 84' lang='lat' dir='ltr'><strong>sed</strong></span> <span class='ocrx_word' id='word_1_413' title='bbox 1661 3266 1963 3320; x_wconf 85' lang='lat' dir='ltr'><strong>necessario</strong></span> 
     </span>
    </p>
   </div>
   <div class='ocr_carea' id='block_1_62' title="bbox 406 3338 683 3397">
    <p class='ocr_par' dir='ltr' id='par_1_62' title="bbox 406 3338 683 3397">
     <span class='ocr_line' id='line_1_62' title="bbox 406 3338 683 3397; baseline 0.018 -5"><span class='ocrx_word' id='word_1_414' title='bbox 406 3338 509 3393; x_wconf 88' lang='lat' dir='ltr'><strong>hoc</strong></span> <span class='ocrx_word' id='word_1_415' title='bbox 538 3338 683 3397; x_wconf 80' lang='lat' dir='ltr'><strong>fecit.</strong></span> 
     </span>
    </p>
   </div>
   <div class='ocr_carea' id='block_1_63' title="bbox 985 3481 1378 3542">
    <p class='ocr_par' dir='ltr' id='par_1_63' title="bbox 985 3481 1378 3542">
     <span class='ocr_line' id='line_1_63' title="bbox 985 3481 1378 3542; baseline 0.015 -6"><span class='ocrx_word' id='word_1_416' title='bbox 985 3481 1211 3541; x_wconf 78' lang='lat' dir='ltr'><strong>CANON</strong></span> <span class='ocrx_word' id='word_1_417' title='bbox 1239 3486 1378 3542; x_wconf 77' lang='lat' dir='ltr'><strong>XIX.</strong></span> 
     </span>
    </p>
   </div>
   <div class='ocr_carea' id='block_1_64' title="bbox 410 3608 1971 3695">
    <p class='ocr_par' dir='ltr' id='par_1_64' title="bbox 410 3608 1971 3695">
     <span class='ocr_line' id='line_1_64' title="bbox 410 3608 1971 3695; baseline 0.02 -37"><span class='ocrx_word' id='word_1_418' title='bbox 410 3625 431 3658; x_wconf 80' lang='grc' dir='ltr'><strong>ι</strong></span> <span class='ocrx_word' id='word_1_419' title='bbox 476 3608 625 3674; x_wconf 87' lang='lat' dir='ltr'><strong>Quod</strong></span> <span class='ocrx_word' id='word_1_420' title='bbox 651 3624 861 3680; x_wconf 88' lang='lat' dir='ltr'><strong>oportet</strong></span> <span class='ocrx_word' id='word_1_421' title='bbox 889 3631 980 3671; x_wconf 91' lang='lat' dir='ltr'><strong>eos</strong></span> <span class='ocrx_word' id='word_1_422' title='bbox 1015 3621 1105 3687; x_wconf 92' lang='lat' dir='ltr'><strong>qui</strong></span> <span class='ocrx_word' id='word_1_423' title='bbox 1137 3637 1375 3690; x_wconf 70' lang='lat' dir='ltr'><strong>praesunt</strong></span> <span class='ocrx_word' id='word_1_424' title='bbox 1403 3628 1666 3695; x_wconf 85' lang='lat' dir='ltr'><strong>ecclesiis,</strong></span> <span class='ocrx_word' id='word_1_425' title='bbox 1698 3631 1749 3685; x_wconf 91' lang='lat' dir='ltr'><strong>in</strong></span> <span class='ocrx_word' id='word_1_426' title='bbox 1797 3634 1971 3688; x_wconf 91' lang='lat' dir='ltr'><strong>omni-</strong></span> 
     </span>
    </p>
   </div>
   <div class='ocr_carea' id='block_1_65' title="bbox 482 3702 1969 3795">
    <p class='ocr_par' dir='ltr' id='par_1_65' title="bbox 482 3702 1969 3795">
     <span class='ocr_line' id='line_1_65' title="bbox 482 3702 1969 3795; baseline 0.02 -43"><span class='ocrx_word' id='word_1_427' title='bbox 482 3720 501 3752; x_wconf 82' lang='grc' dir='ltr'><strong>ι</strong></span> <span class='ocrx_word' id='word_1_428' title='bbox 539 3702 636 3756; x_wconf 89' lang='lat' dir='ltr'><strong>bus</strong></span> <span class='ocrx_word' id='word_1_429' title='bbox 664 3706 879 3771; x_wconf 82' lang='lat' dir='ltr'><strong>quidem</strong></span> <span class='ocrx_word' id='word_1_430' title='bbox 925 3709 1135 3776; x_wconf 87' lang='lat' dir='ltr'><strong>diebus,</strong></span> <span class='ocrx_word' id='word_1_431' title='bbox 1191 3716 1283 3769; x_wconf 84' lang='lat' dir='ltr'><strong>sed</strong></span> <span class='ocrx_word' id='word_1_432' title='bbox 1342 3734 1606 3786; x_wconf 67' lang='lat' dir='ltr'><strong>prmctpue</strong></span> <span class='ocrx_word' id='word_1_433' title='bbox 1657 3722 1969 3795; x_wconf 88' lang='lat' dir='ltr'><strong>Dominicis,</strong></span> 
     </span>
    </p>
   </div>
   <div class='ocr_carea' id='block_1_66' title="bbox 479 3798 1971 3884">
    <p class='ocr_par' dir='ltr' id='par_1_66' title="bbox 479 3798 1971 3884">
     <span class='ocr_line' id='line_1_66' title="bbox 479 3798 1971 3884; baseline 0.021 -39"><span class='ocrx_word' id='word_1_434' title='bbox 479 3812 498 3844; x_wconf 81' lang='grc' dir='ltr'><strong>ι</strong></span> <span class='ocrx_word' id='word_1_435' title='bbox 530 3809 743 3850; x_wconf 88' lang='lat' dir='ltr'><strong>omnem</strong></span> <span class='ocrx_word' id='word_1_436' title='bbox 771 3798 972 3853; x_wconf 91' lang='lat' dir='ltr'><strong>clerum</strong></span> <span class='ocrx_word' id='word_1_437' title='bbox 1004 3812 1057 3855; x_wconf 91' lang='lat' dir='ltr'><strong>et</strong></span> <span class='ocrx_word' id='word_1_438' title='bbox 1102 3807 1356 3874; x_wconf 89' lang='lat' dir='ltr'><strong>populum</strong></span> <span class='ocrx_word' id='word_1_439' title='bbox 1409 3810 1605 3866; x_wconf 87' lang='lat' dir='ltr'><strong>docere</strong></span> <span class='ocrx_word' id='word_1_440' title='bbox 1650 3816 1864 3884; x_wconf 82' lang='lat' dir='ltr'><strong>pietatis</strong></span> <span class='ocrx_word' id='word_1_441' title='bbox 1917 3830 1971 3876; x_wconf 91' lang='lat' dir='ltr'><strong>et</strong></span> 
     </span>
    </p>
   </div>
   <div class='ocr_carea' id='block_1_67' title="bbox 478 3889 1967 3974">
    <p class='ocr_par' dir='ltr' id='par_1_67' title="bbox 478 3889 1967 3974">
     <span class='ocr_line' id='line_1_67' title="bbox 478 3889 1967 3974; baseline 0.019 -38"><span class='ocrx_word' id='word_1_442' title='bbox 478 3900 499 3935; x_wconf 81' lang='grc' dir='ltr'><strong>ι</strong></span> <span class='ocrx_word' id='word_1_443' title='bbox 538 3895 698 3940; x_wconf 70' lang='lat' dir='ltr'><strong>recta:</strong></span> <span class='ocrx_word' id='word_1_444' title='bbox 751 3889 1025 3956; x_wconf 72' lang='lat' dir='ltr'><strong>religionis</strong></span> <span class='ocrx_word' id='word_1_445' title='bbox 1066 3893 1301 3964; x_wconf 88' lang='lat' dir='ltr'><strong>eloquia,</strong></span> <span class='ocrx_word' id='word_1_446' title='bbox 1353 3914 1416 3953; x_wconf 79' lang='lat' dir='ltr'><strong>ex</strong></span> <span class='ocrx_word' id='word_1_447' title='bbox 1472 3901 1648 3957; x_wconf 82' lang='lat' dir='ltr'><strong>divina</strong></span> <span class='ocrx_word' id='word_1_448' title='bbox 1693 3905 1967 3974; x_wconf 88' lang='lat' dir='ltr'><strong>Scriptura</strong></span> 
     </span>
    </p>
   </div>
   <div class='ocr_carea' id='block_1_68' title="bbox 482 3975 1972 4059">
    <p class='ocr_par' dir='ltr' id='par_1_68' title="bbox 482 3975 1972 4059">
     <span class='ocr_line' id='line_1_68' title="bbox 482 3975 1972 4059; baseline 0.019 -34"><span class='ocrx_word' id='word_1_449' title='bbox 482 3992 502 4025; x_wconf 81' lang='grc' dir='ltr'><strong>ι</strong></span> <span class='ocrx_word' id='word_1_450' title='bbox 534 3975 844 4049; x_wconf 68' lang='lat' dir='ltr'><strong>colligentes</strong></span> <span class='ocrx_word' id='word_1_451' title='bbox 868 3979 1251 4050; x_wconf 81' lang='lat' dir='ltr'><strong>iutelligentias</strong></span> <span class='ocrx_word' id='word_1_452' title='bbox 1294 3999 1349 4041; x_wconf 91' lang='lat' dir='ltr'><strong>et</strong></span> <span class='ocrx_word' id='word_1_453' title='bbox 1382 3989 1583 4058; x_wconf 85' lang='lat' dir='ltr'><strong>judicia</strong></span> <span class='ocrx_word' id='word_1_454' title='bbox 1620 3995 1879 4059; x_wconf 86' lang='lat' dir='ltr'><strong>veritatis,</strong></span> <span class='ocrx_word' id='word_1_455' title='bbox 1918 4008 1972 4053; x_wconf 91' lang='lat' dir='ltr'><strong>et</strong></span> 
     </span>
    </p>
   </div>
   <div class='ocr_carea' id='block_1_69' title="bbox 480 4072 1974 4152">
    <p class='ocr_par' dir='ltr' id='par_1_69' title="bbox 480 4072 1974 4152">
     <span class='ocr_line' id='line_1_69' title="bbox 480 4072 1974 4152; baseline 0.018 -36"><span class='ocrx_word' id='word_1_456' title='bbox 480 4080 503 4116; x_wconf 81' lang='grc' dir='ltr'><strong>ι</strong></span> <span class='ocrx_word' id='word_1_457' title='bbox 536 4080 639 4120; x_wconf 89' lang='lat' dir='ltr'><strong>non</strong></span> <span class='ocrx_word' id='word_1_458' title='bbox 669 4072 1114 4139; x_wconf 75' lang='lat' dir='ltr'><strong>transgredientis</strong></span> <span class='ocrx_word' id='word_1_459' title='bbox 1139 4075 1249 4143; x_wconf 90' lang='lat' dir='ltr'><strong>jam</strong></span> <span class='ocrx_word' id='word_1_460' title='bbox 1298 4081 1501 4147; x_wconf 82' lang='lat' dir='ltr'><strong>pasitos</strong></span> <span class='ocrx_word' id='word_1_461' title='bbox 1549 4085 1830 4152; x_wconf 89' lang='lat' dir='ltr'><strong>terminos,</strong></span> <span class='ocrx_word' id='word_1_462' title='bbox 1889 4090 1974 4143; x_wconf 86' lang='lat' dir='ltr'><strong>vel</strong></span> 
     </span>
    </p>
   </div>
   <div class='ocr_carea' id='block_1_70' title="bbox 483 4156 1973 4232">
    <p class='ocr_par' dir='ltr' id='par_1_70' title="bbox 483 4156 1973 4232">
     <span class='ocr_line' id='line_1_70' title="bbox 483 4156 1973 4232; baseline 0.017 -26"><span class='ocrx_word' id='word_1_463' title='bbox 483 4172 502 4206; x_wconf 82' lang='grc' dir='ltr'><strong>ι</strong></span> <span class='ocrx_word' id='word_1_464' title='bbox 539 4156 835 4212; x_wconf 86' lang='lat' dir='ltr'><strong>divinorum</strong></span> <span class='ocrx_word' id='word_1_465' title='bbox 864 4159 1084 4217; x_wconf 87' lang='lat' dir='ltr'><strong>Patrum</strong></span> <span class='ocrx_word' id='word_1_466' title='bbox 1134 4167 1518 4224; x_wconf 86' lang='lat' dir='ltr'><strong>traditionem:</strong></span> <span class='ocrx_word' id='word_1_467' title='bbox 1582 4174 1675 4227; x_wconf 84' lang='lat' dir='ltr'><strong>sed</strong></span> <span class='ocrx_word' id='word_1_468' title='bbox 1706 4183 1762 4227; x_wconf 81' lang='lat' dir='ltr'><strong>et</strong></span> <span class='ocrx_word' id='word_1_469' title='bbox 1813 4175 1857 4229; x_wconf 85' lang='lat' dir='ltr'><strong>si</strong></span> <span class='ocrx_word' id='word_1_470' title='bbox 1905 4177 1973 4232; x_wconf 84' lang='lat' dir='ltr'><strong>ad</strong></span> 
     </span>
    </p>
   </div>
   <div class='ocr_carea' id='block_1_71' title="bbox 484 4252 1969 4337">
    <p class='ocr_par' dir='ltr' id='par_1_71' title="bbox 484 4252 1969 4337">
     <span class='ocr_line' id='line_1_71' title="bbox 484 4252 1969 4337; baseline 0.018 -35"><span class='ocrx_word' id='word_1_471' title='bbox 484 4270 502 4302; x_wconf 86' lang='grc' dir='ltr'><strong>ι</strong></span> <span class='ocrx_word' id='word_1_472' title='bbox 545 4252 881 4321; x_wconf 85' lang='lat' dir='ltr'><strong>Seriptnram</strong></span> <span class='ocrx_word' id='word_1_473' title='bbox 916 4260 1193 4326; x_wconf 87' lang='lat' dir='ltr'><strong>pertinens</strong></span> <span class='ocrx_word' id='word_1_474' title='bbox 1218 4268 1587 4320; x_wconf 85' lang='lat' dir='ltr'><strong>controversia</strong></span> <span class='ocrx_word' id='word_1_475' title='bbox 1612 4268 1791 4337; x_wconf 88' lang='lat' dir='ltr'><strong>aliqua</strong></span> <span class='ocrx_word' id='word_1_476' title='bbox 1820 4273 1969 4328; x_wconf 81' lang='lat' dir='ltr'><strong>exci—</strong></span> 
     </span>
    </p>
   </div>
   <div class='ocr_carea' id='block_1_72' title="bbox 482 4347 1969 4433">
    <p class='ocr_par' dir='ltr' id='par_1_72' title="bbox 482 4347 1969 4433">
     <span class='ocr_line' id='line_1_72' title="bbox 482 4347 1969 4433; baseline 0.015 -37"><span class='ocrx_word' id='word_1_477' title='bbox 482 4364 501 4396; x_wconf 82' lang='grc' dir='ltr'><strong>ι</strong></span> <span class='ocrx_word' id='word_1_478' title='bbox 540 4356 645 4399; x_wconf 87' lang='lat' dir='ltr'><strong>tata</strong></span> <span class='ocrx_word' id='word_1_479' title='bbox 678 4347 856 4414; x_wconf 79' lang='lat' dir='ltr'><strong>fuerit,</strong></span> <span class='ocrx_word' id='word_1_480' title='bbox 888 4366 953 4405; x_wconf 90' lang='lat' dir='ltr'><strong>ne</strong></span> <span class='ocrx_word' id='word_1_481' title='bbox 988 4367 1105 4408; x_wconf 89' lang='lat' dir='ltr'><strong>eam</strong></span> <span class='ocrx_word' id='word_1_482' title='bbox 1132 4356 1306 4421; x_wconf 85' lang='lat' dir='ltr'><strong>aliter_</strong></span> <span class='ocrx_word' id='word_1_483' title='bbox 1324 4357 1770 4427; x_wconf 86' lang='lat' dir='ltr'><strong>interpretentur,</strong></span> <span class='ocrx_word' id='word_1_484' title='bbox 1812 4380 1969 4433; x_wconf 89' lang='lat' dir='ltr'><strong>quam</strong></span> 
     </span>
    </p>
   </div>
   <div class='ocr_carea' id='block_1_73' title="bbox 485 4437 1973 4523">
    <p class='ocr_par' dir='ltr' id='par_1_73' title="bbox 485 4437 1973 4523">
     <span class='ocr_line' id='line_1_73' title="bbox 485 4437 1973 4523; baseline 0.017 -39"><span class='ocrx_word' id='word_1_485' title='bbox 485 4453 503 4484; x_wconf 84' lang='grc' dir='ltr'><strong>ι</strong></span> <span class='ocrx_word' id='word_1_486' title='bbox 549 4445 606 4489; x_wconf 83' lang='grc' dir='ltr'><strong>ιιι</strong></span> <span class='ocrx_word' id='word_1_487' title='bbox 636 4437 889 4492; x_wconf 66' lang='lat' dir='ltr'><strong>Ecclesiae</strong></span> <span class='ocrx_word' id='word_1_488' title='bbox 918 4440 1205 4496; x_wconf 89' lang='lat' dir='ltr'><strong>luminaria</strong></span> <span class='ocrx_word' id='word_1_489' title='bbox 1236 4454 1291 4497; x_wconf 92' lang='lat' dir='ltr'><strong>et</strong></span> <span class='ocrx_word' id='word_1_490' title='bbox 1318 4449 1566 4503; x_wconf 84' lang='lat' dir='ltr'><strong>doctores</strong></span> <span class='ocrx_word' id='word_1_491' title='bbox 1611 4451 1728 4506; x_wconf 88' lang='lat' dir='ltr'><strong>suis</strong></span> <span class='ocrx_word' id='word_1_492' title='bbox 1757 4454 1973 4523; x_wconf 86' lang='lat' dir='ltr'><strong>scriptis</strong></span> 
     </span>
    </p>
   </div>
   <div class='ocr_carea' id='block_1_74' title="bbox 484 4536 1974 4602">
    <p class='ocr_par' dir='ltr' id='par_1_74' title="bbox 484 4536 1974 4602">
     <span class='ocr_line' id='line_1_74' title="bbox 484 4536 1974 4602; baseline 0.015 -22"><span class='ocrx_word' id='word_1_493' title='bbox 484 4548 503 4578; x_wconf 74' lang='grc' dir='ltr'><strong><em>ο</em></strong></span> <span class='ocrx_word' id='word_1_494' title='bbox 534 4542 936 4598; x_wconf 81' lang='lat' dir='ltr'><strong>exposuerunt;</strong></span> <span class='ocrx_word' id='word_1_495' title='bbox 964 4546 1018 4588; x_wconf 92' lang='lat' dir='ltr'><strong>et</strong></span> <span class='ocrx_word' id='word_1_496' title='bbox 1054 4536 1308 4601; x_wconf 82' lang='lat' dir='ltr'><strong>majorem</strong></span> <span class='ocrx_word' id='word_1_497' title='bbox 1336 4554 1402 4593; x_wconf 79' lang='lat' dir='ltr'><strong>ex</strong></span> <span class='ocrx_word' id='word_1_498' title='bbox 1452 4542 1516 4595; x_wconf 89' lang='lat' dir='ltr'><strong>iis</strong></span> <span class='ocrx_word' id='word_1_499' title='bbox 1564 4543 1773 4599; x_wconf 88' lang='lat' dir='ltr'><strong>laudem</strong></span> <span class='ocrx_word' id='word_1_500' title='bbox 1820 4562 1974 4602; x_wconf 83' lang='lat' dir='ltr'><strong>asse—</strong></span> 
     </span>
    </p>
   </div>
   <div class='ocr_carea' id='block_1_75' title="bbox 486 4626 1973 4708">
    <p class='ocr_par' dir='ltr' id='par_1_75' title="bbox 486 4626 1973 4708">
     <span class='ocr_line' id='line_1_75' title="bbox 486 4626 1973 4708; baseline 0.015 -37"><span class='ocrx_word' id='word_1_501' title='bbox 486 4639 505 4671; x_wconf 85' lang='grc' dir='ltr'><strong>ι</strong></span> <span class='ocrx_word' id='word_1_502' title='bbox 542 4634 796 4690; x_wconf 80' lang='lat' dir='ltr'><strong>quantur,</strong></span> <span class='ocrx_word' id='word_1_503' title='bbox 821 4640 979 4691; x_wconf 86' lang='lat' dir='ltr'><strong>quam</strong></span> <span class='ocrx_word' id='word_1_504' title='bbox 1004 4626 1049 4680; x_wconf 91' lang='lat' dir='ltr'><strong>si</strong></span> <span class='ocrx_word' id='word_1_505' title='bbox 1124 4631 1368 4697; x_wconf 86' lang='lat' dir='ltr'><strong>proprios</strong></span> <span class='ocrx_word' id='word_1_506' title='bbox 1436 4648 1709 4689; x_wconf 81' lang='lat' dir='ltr'><strong>sermones</strong></span> <span class='ocrx_word' id='word_1_507' title='bbox 1749 4652 1973 4708; x_wconf 90' lang='lat' dir='ltr'><strong>compo-</strong></span> 
     </span>
    </p>
   </div>
   <div class='ocr_carea' id='block_1_76' title="bbox 484 4715 1977 4792">
    <p class='ocr_par' dir='ltr' id='par_1_76' title="bbox 484 4715 1977 4792">
     <span class='ocr_line' id='line_1_76' title="bbox 484 4715 1977 4792; baseline 0.015 -28"><span class='ocrx_word' id='word_1_508' title='bbox 484 4730 503 4763; x_wconf 88' lang='grc' dir='ltr'><strong>ι</strong></span> <span class='ocrx_word' id='word_1_509' title='bbox 539 4724 687 4775; x_wconf 90' lang='lat' dir='ltr'><strong>nant,</strong></span> <span class='ocrx_word' id='word_1_510' title='bbox 755 4732 821 4769; x_wconf 91' lang='lat' dir='ltr'><strong>ne</strong></span> <span class='ocrx_word' id='word_1_511' title='bbox 848 4715 973 4770; x_wconf 89' lang='lat' dir='ltr'><strong>dum</strong></span> <span class='ocrx_word' id='word_1_512' title='bbox 1020 4720 1339 4788; x_wconf 85' lang='lat' dir='ltr'><strong>quandoque</strong></span> <span class='ocrx_word' id='word_1_513' title='bbox 1362 4724 1498 4777; x_wconf 88' lang='lat' dir='ltr'><strong>adid</strong></span> <span class='ocrx_word' id='word_1_514' title='bbox 1539 4727 1803 4792; x_wconf 68' lang='lat' dir='ltr'><strong>haesitant,</strong></span> <span class='ocrx_word' id='word_1_515' title='bbox 1826 4732 1977 4787; x_wconf 88' lang='lat' dir='ltr'><strong>abeo</strong></span> 
     </span>
    </p>
   </div>
   <div class='ocr_carea' id='block_1_77' title="bbox 462 4804 1974 4889">
    <p class='ocr_par' dir='ltr' id='par_1_77' title="bbox 462 4804 1974 4889">
     <span class='ocr_line' id='line_1_77' title="bbox 462 4804 1974 4889; baseline 0.017 -36"><span class='ocrx_word' id='word_1_516' title='bbox 462 4822 506 4889; x_wconf 75' lang='grc' dir='ltr'><strong>⁸ι</strong></span> <span class='ocrx_word' id='word_1_517' title='bbox 540 4804 681 4870; x_wconf 87' lang='lat' dir='ltr'><strong>quod</strong></span> <span class='ocrx_word' id='word_1_518' title='bbox 729 4810 1019 4875; x_wconf 87' lang='lat' dir='ltr'><strong>convenit,</strong></span> <span class='ocrx_word' id='word_1_519' title='bbox 1058 4811 1332 4866; x_wconf 79' lang='lat' dir='ltr'><strong>excidant.</strong></span> <span class='ocrx_word' id='word_1_520' title='bbox 1385 4814 1485 4867; x_wconf 82' lang='lat' dir='ltr'><strong>Per</strong></span> <span class='ocrx_word' id='word_1_521' title='bbox 1534 4818 1797 4875; x_wconf 90' lang='lat' dir='ltr'><strong>dictorum</strong></span> <span class='ocrx_word' id='word_1_522' title='bbox 1832 4826 1974 4878; x_wconf 90' lang='lat' dir='ltr'><strong>enim</strong></span> 
     </span>
    </p>
   </div>
   <div class='ocr_carea' id='block_1_78' title="bbox 489 4894 1973 4981">
    <p class='ocr_par' dir='ltr' id='par_1_78' title="bbox 489 4894 1973 4981">
     <span class='ocr_line' id='line_1_78' title="bbox 489 4894 1973 4981; baseline 0.02 -38"><span class='ocrx_word' id='word_1_523' title='bbox 489 4912 507 4943; x_wconf 78' lang='grc' dir='ltr'><strong>ι</strong></span> <span class='ocrx_word' id='word_1_524' title='bbox 548 4894 765 4949; x_wconf 82' lang='lat' dir='ltr'><strong>Patrum</strong></span> <span class='ocrx_word' id='word_1_525' title='bbox 800 4898 1126 4964; x_wconf 89' lang='lat' dir='ltr'><strong>doctrinam,</strong></span> <span class='ocrx_word' id='word_1_526' title='bbox 1152 4905 1355 4973; x_wconf 89' lang='lat' dir='ltr'><strong>populi,</strong></span> <span class='ocrx_word' id='word_1_527' title='bbox 1379 4907 1445 4961; x_wconf 90' lang='lat' dir='ltr'><strong>ad</strong></span> <span class='ocrx_word' id='word_1_528' title='bbox 1468 4924 1651 4965; x_wconf 91' lang='lat' dir='ltr'><strong>eorum</strong></span> <span class='ocrx_word' id='word_1_529' title='bbox 1690 4926 1809 4981; x_wconf 77' lang='lat' dir='ltr'><strong>qua:</strong></span> <span class='ocrx_word' id='word_1_530' title='bbox 1847 4927 1973 4972; x_wconf 89' lang='lat' dir='ltr'><strong>sunt</strong></span> 
     </span>
    </p>
   </div>
   <div class='ocr_carea' id='block_1_79' title="bbox 489 4988 1970 5074">
    <p class='ocr_par' dir='ltr' id='par_1_79' title="bbox 489 4988 1970 5074">
     <span class='ocr_line' id='line_1_79' title="bbox 489 4988 1970 5074; baseline 0.018 -37"><span class='ocrx_word' id='word_1_531' title='bbox 489 5002 509 5037; x_wconf 85' lang='grc' dir='ltr'><strong>ι</strong></span> <span class='ocrx_word' id='word_1_532' title='bbox 553 4988 688 5039; x_wconf 88' lang='lat' dir='ltr'><strong>bona</strong></span> <span class='ocrx_word' id='word_1_533' title='bbox 724 4996 777 5041; x_wconf 88' lang='lat' dir='ltr'><strong>et</strong></span> <span class='ocrx_word' id='word_1_534' title='bbox 816 4996 1135 5058; x_wconf 77' lang='lat' dir='ltr'><strong>expetenda,</strong></span> <span class='ocrx_word' id='word_1_535' title='bbox 1180 5003 1235 5049; x_wconf 89' lang='lat' dir='ltr'><strong>et</strong></span> <span class='ocrx_word' id='word_1_536' title='bbox 1275 4997 1482 5055; x_wconf 90' lang='lat' dir='ltr'><strong>inutilia</strong></span> <span class='ocrx_word' id='word_1_537' title='bbox 1537 5017 1599 5055; x_wconf 88' lang='lat' dir='ltr'><strong>ac</strong></span> <span class='ocrx_word' id='word_1_538' title='bbox 1654 5005 1970 5074; x_wconf 84' lang='lat' dir='ltr'><strong>rejicienda,</strong></span> 
     </span>
    </p>
   </div>
   <div class='ocr_carea' id='block_1_80' title="bbox 490 5080 1975 5166">
    <p class='ocr_par' dir='ltr' id='par_1_80' title="bbox 490 5080 1975 5166">
     <span class='ocr_line' id='line_1_80' title="bbox 490 5080 1975 5166; baseline 0.018 -38"><span class='ocrx_word' id='word_1_539' title='bbox 490 5097 509 5128; x_wconf 88' lang='grc'><strong>‹</strong></span> <span class='ocrx_word' id='word_1_540' title='bbox 551 5080 913 5147; x_wconf 80' lang='lat' dir='ltr'><strong>cognitionem</strong></span> <span class='ocrx_word' id='word_1_541' title='bbox 944 5085 1235 5151; x_wconf 87' lang='lat' dir='ltr'><strong>venientes,</strong></span> <span class='ocrx_word' id='word_1_542' title='bbox 1269 5090 1430 5145; x_wconf 84' lang='lat' dir='ltr'><strong>vitam</strong></span> <span class='ocrx_word' id='word_1_543' title='bbox 1456 5094 1508 5147; x_wconf 92' lang='lat' dir='ltr'><strong>in</strong></span> <span class='ocrx_word' id='word_1_544' title='bbox 1542 5096 1734 5151; x_wconf 90' lang='lat' dir='ltr'><strong>melius</strong></span> <span class='ocrx_word' id='word_1_545' title='bbox 1757 5114 1975 5166; x_wconf 85' lang='lat' dir='ltr'><strong>compo—</strong></span> 
     </span>
    </p>
   </div>
   <div class='ocr_carea' id='block_1_81' title="bbox 492 5173 1971 5258">
    <p class='ocr_par' dir='ltr' id='par_1_81' title="bbox 492 5173 1971 5258">
     <span class='ocr_line' id='line_1_81' title="bbox 492 5173 1971 5258; baseline 0.018 -38"><span class='ocrx_word' id='word_1_546' title='bbox 492 5188 511 5220; x_wconf 81' lang='grc' dir='ltr'><strong>ι</strong></span> <span class='ocrx_word' id='word_1_547' title='bbox 544 5181 694 5234; x_wconf 91' lang='lat' dir='ltr'><strong>nunt,</strong></span> <span class='ocrx_word' id='word_1_548' title='bbox 732 5187 832 5227; x_wconf 88' lang='lat' dir='ltr'><strong>nec</strong></span> <span class='ocrx_word' id='word_1_549' title='bbox 860 5173 1174 5242; x_wconf 64' lang='lat' dir='ltr'><strong>ignorantiae</strong></span> <span class='ocrx_word' id='word_1_550' title='bbox 1206 5181 1366 5252; x_wconf 77' lang='lat'><strong>178</strong></span> <span class='ocrx_word' id='word_1_551' title='bbox 1399 5185 1509 5239; x_wconf 91' lang='lat' dir='ltr'><strong>vitii</strong></span> <span class='ocrx_word' id='word_1_552' title='bbox 1553 5189 1971 5258; x_wconf 91' lang='lat' dir='ltr'><strong>convincuntur,</strong></span> 
     </span>
    </p>
   </div>
   <div class='ocr_carea' id='block_1_82' title="bbox 492 5261 1974 5351">
    <p class='ocr_par' dir='ltr' id='par_1_82' title="bbox 492 5261 1974 5351">
     <span class='ocr_line' id='line_1_82' title="bbox 492 5261 1974 5351; baseline 0.017 -39"><span class='ocrx_word' id='word_1_553' title='bbox 492 5280 512 5312; x_wconf 80' lang='grc' dir='ltr'><strong>ι</strong></span> <span class='ocrx_word' id='word_1_554' title='bbox 544 5263 637 5315; x_wconf 91' lang='lat' dir='ltr'><strong>sed</strong></span> <span class='ocrx_word' id='word_1_555' title='bbox 666 5261 926 5319; x_wconf 70' lang='lat' dir='ltr'><strong>doctrina:</strong></span> <span class='ocrx_word' id='word_1_556' title='bbox 959 5280 1189 5325; x_wconf 90' lang='lat' dir='ltr'><strong>mentem</strong></span> <span class='ocrx_word' id='word_1_557' title='bbox 1244 5274 1584 5344; x_wconf 83' lang='lat' dir='ltr'><strong>adhibentes,</strong></span> <span class='ocrx_word' id='word_1_558' title='bbox 1642 5281 1849 5351; x_wconf 90' lang='lat' dir='ltr'><strong>seipsos</strong></span> <span class='ocrx_word' id='word_1_559' title='bbox 1908 5284 1974 5337; x_wconf 87' lang='lat' dir='ltr'><strong>ad</strong></span> 
     </span>
    </p>
   </div>
   <div class='ocr_carea' id='block_1_83' title="bbox 493 5353 1977 5440">
    <p class='ocr_par' dir='ltr' id='par_1_83' title="bbox 493 5353 1977 5440">
     <span class='ocr_line' id='line_1_83' title="bbox 493 5353 1977 5440; baseline 0.016 -32"><span class='ocrx_word' id='word_1_560' title='bbox 493 5371 515 5408; x_wconf 80' lang='grc' dir='ltr'><strong>ι</strong></span> <span class='ocrx_word' id='word_1_561' title='bbox 552 5353 628 5421; x_wconf 82' lang='lat' dir='ltr'><strong>id,</strong></span> <span class='ocrx_word' id='word_1_562' title='bbox 653 5371 722 5411; x_wconf 91' lang='lat' dir='ltr'><strong>ne</strong></span> <span class='ocrx_word' id='word_1_563' title='bbox 753 5356 879 5413; x_wconf 78' lang='lat' dir='ltr'><strong>ntali</strong></span> <span class='ocrx_word' id='word_1_564' title='bbox 904 5363 1031 5430; x_wconf 89' lang='lat' dir='ltr'><strong>quid</strong></span> <span class='ocrx_word' id='word_1_565' title='bbox 1063 5364 1143 5419; x_wconf 91' lang='lat' dir='ltr'><strong>eis</strong></span> <span class='ocrx_word' id='word_1_566' title='bbox 1181 5368 1409 5434; x_wconf 85' lang='lat' dir='ltr'><strong>accidat,</strong></span> <span class='ocrx_word' id='word_1_567' title='bbox 1457 5374 1716 5440; x_wconf 76' lang='lat' dir='ltr'><strong>excitant,</strong></span> <span class='ocrx_word' id='word_1_568' title='bbox 1770 5386 1825 5431; x_wconf 92' lang='lat' dir='ltr'><strong>et</strong></span> <span class='ocrx_word' id='word_1_569' title='bbox 1872 5377 1977 5431; x_wconf 88' lang='lat' dir='ltr'><strong>im-</strong></span> 
     </span>
    </p>
   </div>
   <div class='ocr_carea' id='block_1_84' title="bbox 2072 3148 3645 3226">
    <p class='ocr_par' dir='ltr' id='par_1_84' title="bbox 2072 3148 3645 3226">
     <span class='ocr_line' id='line_1_84' title="bbox 2072 3148 3645 3226; baseline -0.009 -13"><span class='ocrx_word' id='word_1_570' title='bbox 2072 3161 2184 3214; x_wconf 76' lang='grc' dir='ltr'><strong>Καὶ</strong></span> <span class='ocrx_word' id='word_1_571' title='bbox 2226 3161 2349 3213; x_wconf 79' lang='grc' dir='ltr'>ὅσον</span> <span class='ocrx_word' id='word_1_572' title='bbox 2384 3163 2444 3212; x_wconf 83' lang='grc' dir='ltr'>τὸ</span> <span class='ocrx_word' id='word_1_573' title='bbox 2484 3158 2571 3211; x_wconf 80' lang='grc' dir='ltr'><strong>ἐπ’</strong></span> <span class='ocrx_word' id='word_1_574' title='bbox 2613 3157 2761 3226; x_wconf 88' lang='grc' dir='ltr'><strong>αὑτῴ</strong></span> <span class='ocrx_word' id='word_1_575' title='bbox 2808 3157 2899 3209; x_wconf 71' lang='grc' dir='ltr'>τὸν</span> <span class='ocrx_word' id='word_1_576' title='bbox 2960 3155 3059 3225; x_wconf 78' lang='grc' dir='ltr'><strong>τὴν</strong></span> <span class='ocrx_word' id='word_1_577' title='bbox 3110 3154 3460 3225; x_wconf 89' lang='grc' dir='ltr'>χειροτονίαν</span> <span class='ocrx_word' id='word_1_578' title='bbox 3498 3148 3645 3217; x_wconf 86' lang='grc' dir='ltr'>αὑτῷ</span> 
     </span>
    </p>
   </div>
   <div class='ocr_carea' id='block_1_85' title="bbox 2069 3243 3644 3323">
    <p class='ocr_par' dir='ltr' id='par_1_85' title="bbox 2069 3243 3644 3323">
     <span class='ocr_line' id='line_1_85' title="bbox 2069 3243 3644 3323; baseline -0.007 -19"><span class='ocrx_word' id='word_1_579' title='bbox 2069 3253 2446 3306; x_wconf 84' lang='grc' dir='ltr'>ἐπιτεθεικότα</span> <span class='ocrx_word' id='word_1_580' title='bbox 2474 3254 2535 3305; x_wconf 88' lang='grc' dir='ltr'><strong>οὑ</strong></span> <span class='ocrx_word' id='word_1_581' title='bbox 2577 3249 2900 3323; x_wconf 80' lang='grc' dir='ltr'>περιύϐρισε</span> <span class='ocrx_word' id='word_1_582' title='bbox 2956 3249 3051 3303; x_wconf 78' lang='grc' dir='ltr'><strong>καὶ</strong></span> <span class='ocrx_word' id='word_1_583' title='bbox 3091 3248 3467 3319; x_wconf 81' lang='grc' dir='ltr'>κατῄσχυνεν,</span> <span class='ocrx_word' id='word_1_584' title='bbox 3511 3243 3644 3298; x_wconf 79' lang='grc' dir='ltr'><strong>ἀλλά</strong></span> 
     </span>
    </p>
   </div>
   <div class='ocr_carea' id='block_1_86' title="bbox 2068 3344 2925 3417">
    <p class='ocr_par' dir='ltr' id='par_1_86' title="bbox 2068 3344 2925 3417">
     <span class='ocr_line' id='line_1_86' title="bbox 2068 3344 2925 3417; baseline -0.004 -17"><span class='ocrx_word' id='word_1_585' title='bbox 2068 3347 2137 3400; x_wconf 82' lang='grc' dir='ltr'><strong>δι’</strong></span> <span class='ocrx_word' id='word_1_586' title='bbox 2169 3346 2420 3417; x_wconf 88' lang='grc' dir='ltr'>ἀνάγκην</span> <span class='ocrx_word' id='word_1_587' title='bbox 2446 3344 2603 3398; x_wconf 81' lang='grc' dir='ltr'>τοῦτο</span> <span class='ocrx_word' id='word_1_588' title='bbox 2634 3345 2925 3412; x_wconf 78' lang='grc' dir='ltr'>πεποίηκε.</span> 
     </span>
    </p>
   </div>
   <div class='ocr_carea' id='block_1_87' title="bbox 2665 3479 3036 3536">
    <p class='ocr_par' dir='ltr' id='par_1_87' title="bbox 2665 3479 3036 3536">
     <span class='ocr_line' id='line_1_87' title="bbox 2665 3479 3036 3536; baseline 0.005 -2"><span class='ocrx_word' id='word_1_589' title='bbox 2665 3481 2904 3535; x_wconf 81' lang='grc' dir='ltr'>ΚΑΝΩΝ</span> <span class='ocrx_word' id='word_1_590' title='bbox 2936 3479 3036 3536; x_wconf 84' lang='grc' dir='ltr'><strong>ΙΘ’.</strong></span> 
     </span>
    </p>
   </div>
   <div class='ocr_carea' id='block_1_88' title="bbox 2079 3609 3648 3697">
    <p class='ocr_par' dir='ltr' id='par_1_88' title="bbox 2079 3609 3648 3697">
     <span class='ocr_line' id='line_1_88' title="bbox 2079 3609 3648 3697; baseline -0.008 -25"><span class='ocrx_word' id='word_1_591' title='bbox 2079 3638 2098 3672; x_wconf 86' lang='grc' dir='ltr'><strong>ι</strong></span> <span class='ocrx_word' id='word_1_592' title='bbox 2145 3619 2268 3673; x_wconf 75' lang='grc' dir='ltr'><strong>Ὀτι</strong></span> <span class='ocrx_word' id='word_1_593' title='bbox 2302 3618 2384 3671; x_wconf 83' lang='grc' dir='ltr'><strong>δεῖ</strong></span> <span class='ocrx_word' id='word_1_594' title='bbox 2414 3617 2539 3680; x_wconf 75' lang='grc' dir='ltr'>τοὺς</span> <span class='ocrx_word' id='word_1_595' title='bbox 2561 3616 2667 3670; x_wconf 88' lang='grc' dir='ltr'><strong>τῶν</strong></span> <span class='ocrx_word' id='word_1_596' title='bbox 2700 3615 3006 3686; x_wconf 81' lang='grc' dir='ltr'>ἐκκλησιῶν</span> <span class='ocrx_word' id='word_1_597' title='bbox 3028 3614 3383 3697; x_wconf 59' lang='grc' dir='ltr'>προεστῶτας</span> <span class='ocrx_word' id='word_1_598' title='bbox 3407 3613 3467 3664; x_wconf 91' lang='grc' dir='ltr'><strong>ἐν</strong></span> <span class='ocrx_word' id='word_1_599' title='bbox 3497 3609 3648 3680; x_wconf 71' lang='grc' dir='ltr'>πάσῃ</span> 
     </span>
    </p>
   </div>
   <div class='ocr_carea' id='block_1_89' title="bbox 2150 3703 3642 3780">
    <p class='ocr_par' dir='ltr' id='par_1_89' title="bbox 2150 3703 3642 3780">
     <span class='ocr_line' id='line_1_89' title="bbox 2150 3703 3642 3780; baseline -0.007 -18"><span class='ocrx_word' id='word_1_600' title='bbox 2150 3728 2189 3762; x_wconf 85' lang='grc' dir='ltr'>ι.</span> <span class='ocrx_word' id='word_1_601' title='bbox 2218 3710 2314 3780; x_wconf 91' lang='grc' dir='ltr'><strong>μέν</strong></span> <span class='ocrx_word' id='word_1_602' title='bbox 2373 3710 2580 3780; x_wconf 75' lang='grc' dir='ltr'>ἡμέρᾳ,</span> <span class='ocrx_word' id='word_1_603' title='bbox 2646 3707 2941 3777; x_wconf 77' lang='grc' dir='ltr'>ἐξαιρέτως</span> <span class='ocrx_word' id='word_1_604' title='bbox 3013 3704 3069 3758; x_wconf 85' lang='grc' dir='ltr'><strong>δέ</strong></span> <span class='ocrx_word' id='word_1_605' title='bbox 3130 3707 3250 3767; x_wconf 87' lang='grc' dir='ltr'>ταῖς</span> <span class='ocrx_word' id='word_1_606' title='bbox 3311 3703 3642 3772; x_wconf 83' lang='grc' dir='ltr'>Κυριακαίς,</span> 
     </span>
    </p>
   </div>
   <div class='ocr_carea' id='block_1_90' title="bbox 2151 3794 3646 3876">
    <p class='ocr_par' dir='ltr' id='par_1_90' title="bbox 2151 3794 3646 3876">
     <span class='ocr_line' id='line_1_90' title="bbox 2151 3794 3646 3876; baseline -0.009 -18"><span class='ocrx_word' id='word_1_607' title='bbox 2151 3825 2169 3857; x_wconf 82' lang='grc' dir='ltr'><strong>ι</strong></span> <span class='ocrx_word' id='word_1_608' title='bbox 2220 3805 2393 3858; x_wconf 87' lang='grc' dir='ltr'>πάντα</span> <span class='ocrx_word' id='word_1_609' title='bbox 2428 3804 2519 3857; x_wconf 81' lang='grc' dir='ltr'>τὸν</span> <span class='ocrx_word' id='word_1_610' title='bbox 2544 3802 2745 3874; x_wconf 81' lang='grc' dir='ltr'>κλῆρον</span> <span class='ocrx_word' id='word_1_611' title='bbox 2769 3802 2864 3876; x_wconf 76' lang='grc' dir='ltr'><strong>καὶ</strong></span> <span class='ocrx_word' id='word_1_612' title='bbox 2894 3801 2984 3854; x_wconf 75' lang='grc' dir='ltr'><strong>τὸν</strong></span> <span class='ocrx_word' id='word_1_613' title='bbox 3010 3798 3137 3853; x_wconf 78' lang='grc' dir='ltr'>λαὸν</span> <span class='ocrx_word' id='word_1_614' title='bbox 3154 3798 3501 3852; x_wconf 77' lang='grc' dir='ltr'>ἐκδιδάσκειν</span> <span class='ocrx_word' id='word_1_615' title='bbox 3524 3794 3646 3852; x_wconf 82' lang='grc' dir='ltr'>τοὺς</span> 
     </span>
    </p>
   </div>
   <div class='ocr_carea' id='block_1_91' title="bbox 2149 3885 3643 3966">
    <p class='ocr_par' dir='ltr' id='par_1_91' title="bbox 2149 3885 3643 3966">
     <span class='ocr_line' id='line_1_91' title="bbox 2149 3885 3643 3966; baseline -0.004 -16"><span class='ocrx_word' id='word_1_616' title='bbox 2149 3918 2167 3950; x_wconf 81' lang='grc' dir='ltr'><strong>ι</strong></span> <span class='ocrx_word' id='word_1_617' title='bbox 2215 3898 2313 3966; x_wconf 83' lang='grc' dir='ltr'>τῆς</span> <span class='ocrx_word' id='word_1_618' title='bbox 2352 3896 2635 3959; x_wconf 83' lang='grc' dir='ltr'>εὑσεὸείας</span> <span class='ocrx_word' id='word_1_619' title='bbox 2693 3895 2906 3960; x_wconf 77' lang='grc' dir='ltr'>λόγους,</span> <span class='ocrx_word' id='word_1_620' title='bbox 2964 3896 3029 3945; x_wconf 86' lang='grc' dir='ltr'><strong>ἐκ</strong></span> <span class='ocrx_word' id='word_1_621' title='bbox 3084 3892 3183 3960; x_wconf 77' lang='grc' dir='ltr'>τῆς</span> <span class='ocrx_word' id='word_1_622' title='bbox 3226 3891 3383 3951; x_wconf 80' lang='grc' dir='ltr'>θείας</span> <span class='ocrx_word' id='word_1_623' title='bbox 3421 3885 3643 3958; x_wconf 74' lang='grc' dir='ltr'>Γραφῆς</span> 
     </span>
    </p>
   </div>
   <div class='ocr_carea' id='block_1_92' title="bbox 2149 3978 3644 4057">
    <p class='ocr_par' dir='ltr' id='par_1_92' title="bbox 2149 3978 3644 4057">
     <span class='ocr_line' id='line_1_92' title="bbox 2149 3978 3644 4057; baseline -0.009 -16"><span class='ocrx_word' id='word_1_624' title='bbox 2149 4009 2167 4041; x_wconf 82' lang='grc' dir='ltr'><strong>ι</strong></span> <span class='ocrx_word' id='word_1_625' title='bbox 2217 3988 2650 4057; x_wconf 83' lang='grc' dir='ltr'>ἀναλεγομένους</span> <span class='ocrx_word' id='word_1_626' title='bbox 2668 3987 2734 4040; x_wconf 82' lang='grc' dir='ltr'><strong>τά</strong></span> <span class='ocrx_word' id='word_1_627' title='bbox 2758 3988 2855 4055; x_wconf 79' lang='grc' dir='ltr'>τῆς</span> <span class='ocrx_word' id='word_1_628' title='bbox 2884 3984 3141 4055; x_wconf 82' lang='grc' dir='ltr'>ἀληθείας</span> <span class='ocrx_word' id='word_1_629' title='bbox 3169 3982 3426 4053; x_wconf 87' lang='grc' dir='ltr'>νοήματά</span> <span class='ocrx_word' id='word_1_630' title='bbox 3458 3997 3523 4033; x_wconf 90' lang='grc' dir='ltr'><strong>τε</strong></span> <span class='ocrx_word' id='word_1_631' title='bbox 3553 3978 3644 4030; x_wconf 77' lang='grc' dir='ltr'>καὶ</span> 
     </span>
    </p>
   </div>
   <div class='ocr_carea' id='block_1_93' title="bbox 2148 4074 3646 4155">
    <p class='ocr_par' dir='ltr' id='par_1_93' title="bbox 2148 4074 3646 4155">
     <span class='ocr_line' id='line_1_93' title="bbox 2148 4074 3646 4155; baseline -0.009 -22"><span class='ocrx_word' id='word_1_632' title='bbox 2148 4101 2166 4133; x_wconf 82' lang='grc' dir='ltr'><strong>ι</strong></span> <span class='ocrx_word' id='word_1_633' title='bbox 2217 4083 2480 4155; x_wconf 86' lang='grc' dir='ltr'>κρίματα,</span> <span class='ocrx_word' id='word_1_634' title='bbox 2524 4080 2720 4149; x_wconf 79' lang='grc' dir='ltr'>καὶμὴ</span> <span class='ocrx_word' id='word_1_635' title='bbox 2756 4078 3195 4148; x_wconf 78' lang='grc' dir='ltr'>παραόαίνοντας</span> <span class='ocrx_word' id='word_1_636' title='bbox 3248 4078 3377 4138; x_wconf 79' lang='grc' dir='ltr'>τοὺς</span> <span class='ocrx_word' id='word_1_637' title='bbox 3408 4074 3509 4143; x_wconf 73' lang='grc' dir='ltr'>ἤδη</span> <span class='ocrx_word' id='word_1_638' title='bbox 3557 4086 3646 4121; x_wconf 82' lang='grc' dir='ltr'>τε·</span> 
     </span>
    </p>
   </div>
   <div class='ocr_carea' id='block_1_94' title="bbox 2154 4165 3645 4241">
    <p class='ocr_par' dir='ltr' id='par_1_94' title="bbox 2154 4165 3645 4241">
     <span class='ocr_line' id='line_1_94' title="bbox 2154 4165 3645 4241; baseline -0.007 -18"><span class='ocrx_word' id='word_1_639' title='bbox 2154 4191 2171 4223; x_wconf 83' lang='grc' dir='ltr'><strong>ι</strong></span> <span class='ocrx_word' id='word_1_640' title='bbox 2217 4173 2407 4234; x_wconf 81' lang='grc' dir='ltr'>θέντας</span> <span class='ocrx_word' id='word_1_641' title='bbox 2437 4172 2596 4241; x_wconf 83' lang='grc' dir='ltr'>ὄρους</span> <span class='ocrx_word' id='word_1_642' title='bbox 2625 4171 2656 4239; x_wconf 75' lang='grc' dir='ltr'>ἦ</span> <span class='ocrx_word' id='word_1_643' title='bbox 2691 4171 2789 4240; x_wconf 80' lang='grc' dir='ltr'>τὴν</span> <span class='ocrx_word' id='word_1_644' title='bbox 2815 4171 2878 4222; x_wconf 85' lang='grc' dir='ltr'><strong>ἐκ</strong></span> <span class='ocrx_word' id='word_1_645' title='bbox 2912 4169 3022 4223; x_wconf 88' lang='grc' dir='ltr'><strong>τῶν</strong></span> <span class='ocrx_word' id='word_1_646' title='bbox 3067 4167 3348 4237; x_wconf 83' lang='grc' dir='ltr'>θεοφόρων</span> <span class='ocrx_word' id='word_1_647' title='bbox 3382 4165 3645 4231; x_wconf 87' lang='grc' dir='ltr'>Πατέρων</span> 
     </span>
    </p>
   </div>
   <div class='ocr_carea' id='block_1_95' title="bbox 2151 4255 3640 4335">
    <p class='ocr_par' dir='ltr' id='par_1_95' title="bbox 2151 4255 3640 4335">
     <span class='ocr_line' id='line_1_95' title="bbox 2151 4255 3640 4335; baseline -0.008 -18"><span class='ocrx_word' id='word_1_648' title='bbox 2151 4285 2170 4317; x_wconf 81' lang='grc' dir='ltr'><strong>ι</strong></span> <span class='ocrx_word' id='word_1_649' title='bbox 2217 4266 2513 4335; x_wconf 77' lang='grc' dir='ltr'>παράδοσιν</span> <span class='ocrx_word' id='word_1_650' title='bbox 2540 4281 2554 4294; x_wconf 88' lang='grc'><strong>·</strong></span> <span class='ocrx_word' id='word_1_651' title='bbox 2582 4262 2722 4319; x_wconf 84' lang='grc' dir='ltr'>ἀλλὰ</span> <span class='ocrx_word' id='word_1_652' title='bbox 2751 4265 2841 4318; x_wconf 71' lang='grc' dir='ltr'><strong>καὶ</strong></span> <span class='ocrx_word' id='word_1_653' title='bbox 2868 4264 2917 4315; x_wconf 82' lang='grc' dir='ltr'><strong>εί</strong></span> <span class='ocrx_word' id='word_1_654' title='bbox 2966 4263 3235 4332; x_wconf 77' lang='grc' dir='ltr'>γραφικὸς</span> <span class='ocrx_word' id='word_1_655' title='bbox 3283 4255 3640 4323; x_wconf 80' lang='grc' dir='ltr'>ἀνακινηθείη</span> 
     </span>
    </p>
   </div>
   <div class='ocr_carea' id='block_1_96' title="bbox 2156 4346 3641 4425">
    <p class='ocr_par' dir='ltr' id='par_1_96' title="bbox 2156 4346 3641 4425">
     <span class='ocr_line' id='line_1_96' title="bbox 2156 4346 3641 4425; baseline -0.009 -16"><span class='ocrx_word' id='word_1_656' title='bbox 2156 4375 2175 4409; x_wconf 85' lang='grc' dir='ltr'><strong>ι</strong></span> <span class='ocrx_word' id='word_1_657' title='bbox 2221 4356 2401 4423; x_wconf 83' lang='grc' dir='ltr'>λόγος,</span> <span class='ocrx_word' id='word_1_658' title='bbox 2460 4358 2533 4425; x_wconf 82' lang='grc' dir='ltr'>μὴ</span> <span class='ocrx_word' id='word_1_659' title='bbox 2566 4356 2743 4418; x_wconf 78' lang='grc' dir='ltr'>ἄλλως</span> <span class='ocrx_word' id='word_1_660' title='bbox 2790 4356 2977 4409; x_wconf 75' lang='grc' dir='ltr'>τοῦτον</span> <span class='ocrx_word' id='word_1_661' title='bbox 3017 4352 3474 4423; x_wconf 83' lang='grc' dir='ltr'>ἐρμηνευέτωσαν</span> <span class='ocrx_word' id='word_1_662' title='bbox 3505 4347 3536 4416; x_wconf 82' lang='grc' dir='ltr'><strong>ἧ</strong></span> <span class='ocrx_word' id='word_1_663' title='bbox 3570 4346 3641 4407; x_wconf 83' lang='grc' dir='ltr'><strong>ώς</strong></span> 
     </span>
    </p>
   </div>
   <div class='ocr_carea' id='block_1_97' title="bbox 2156 4441 3641 4519">
    <p class='ocr_par' dir='ltr' id='par_1_97' title="bbox 2156 4441 3641 4519">
     <span class='ocr_line' id='line_1_97' title="bbox 2156 4441 3641 4519; baseline -0.011 -15"><span class='ocrx_word' id='word_1_664' title='bbox 2156 4470 2176 4503; x_wconf 80' lang='grc' dir='ltr'><strong>ι</strong></span> <span class='ocrx_word' id='word_1_665' title='bbox 2220 4451 2285 4504; x_wconf 85' lang='grc' dir='ltr'>ἂν</span> <span class='ocrx_word' id='word_1_666' title='bbox 2317 4450 2366 4502; x_wconf 81' lang='grc' dir='ltr'>οἱ</span> <span class='ocrx_word' id='word_1_667' title='bbox 2402 4451 2497 4519; x_wconf 85' lang='grc' dir='ltr'>τῆς</span> <span class='ocrx_word' id='word_1_668' title='bbox 2546 4448 2874 4516; x_wconf 80' lang='grc' dir='ltr'>Ἐκκλησίας</span> <span class='ocrx_word' id='word_1_669' title='bbox 2906 4444 3195 4515; x_wconf 83' lang='grc' dir='ltr'>φωστῆρες</span> <span class='ocrx_word' id='word_1_670' title='bbox 3252 4446 3348 4496; x_wconf 77' lang='grc' dir='ltr'>καὶ</span> <span class='ocrx_word' id='word_1_671' title='bbox 3382 4441 3641 4493; x_wconf 85' lang='grc' dir='ltr'>διδάσκα-</span> 
     </span>
    </p>
   </div>
   <div class='ocr_carea' id='block_1_98' title="bbox 2152 4532 3638 4606">
    <p class='ocr_par' dir='ltr' id='par_1_98' title="bbox 2152 4532 3638 4606">
     <span class='ocr_line' id='line_1_98' title="bbox 2152 4532 3638 4606; baseline -0.01 -11"><span class='ocrx_word' id='word_1_672' title='bbox 2152 4561 2171 4595; x_wconf 82' lang='grc' dir='ltr'><strong>ι</strong></span> <span class='ocrx_word' id='word_1_673' title='bbox 2218 4544 2298 4596; x_wconf 91' lang='grc' dir='ltr'><strong>λοι</strong></span> <span class='ocrx_word' id='word_1_674' title='bbox 2332 4542 2419 4595; x_wconf 85' lang='grc' dir='ltr'><strong>διὰ</strong></span> <span class='ocrx_word' id='word_1_675' title='bbox 2452 4541 2560 4594; x_wconf 90' lang='grc' dir='ltr'><strong>τῶν</strong></span> <span class='ocrx_word' id='word_1_676' title='bbox 2586 4541 2803 4593; x_wconf 80' lang='grc' dir='ltr'>οἰκείων</span> <span class='ocrx_word' id='word_1_677' title='bbox 2838 4536 3291 4606; x_wconf 81' lang='grc' dir='ltr'>συγγραμμάτων</span> <span class='ocrx_word' id='word_1_678' title='bbox 3313 4532 3638 4603; x_wconf 80' lang='grc' dir='ltr'>παρέθεντο·</span> 
     </span>
    </p>
   </div>
   <div class='ocr_carea' id='block_1_99' title="bbox 2154 4624 3639 4703">
    <p class='ocr_par' dir='ltr' id='par_1_99' title="bbox 2154 4624 3639 4703">
     <span class='ocr_line' id='line_1_99' title="bbox 2154 4624 3639 4703; baseline -0.009 -17"><span class='ocrx_word' id='word_1_679' title='bbox 2154 4654 2171 4686; x_wconf 84' lang='grc' dir='ltr'><strong>ι</strong></span> <span class='ocrx_word' id='word_1_680' title='bbox 2220 4634 2313 4688; x_wconf 73' lang='grc' dir='ltr'>καὶ</span> <span class='ocrx_word' id='word_1_681' title='bbox 2357 4633 2556 4703; x_wconf 81' lang='grc' dir='ltr'>μᾶλλον</span> <span class='ocrx_word' id='word_1_682' title='bbox 2578 4634 2635 4685; x_wconf 87' lang='grc' dir='ltr'><strong>ἐν</strong></span> <span class='ocrx_word' id='word_1_683' title='bbox 2658 4632 2866 4694; x_wconf 76' lang='grc' dir='ltr'>τούτοις</span> <span class='ocrx_word' id='word_1_684' title='bbox 2897 4628 3363 4697; x_wconf 84' lang='grc' dir='ltr'>εὑδοκιμείτωσαν</span> <span class='ocrx_word' id='word_1_685' title='bbox 3390 4625 3422 4695; x_wconf 83' lang='grc' dir='ltr'>ἢ</span> <span class='ocrx_word' id='word_1_686' title='bbox 3452 4624 3639 4690; x_wconf 63' lang='grc' dir='ltr'>λόγους</span> 
     </span>
    </p>
   </div>
   <div class='ocr_carea' id='block_1_100' title="bbox 2151 4712 3638 4790">
    <p class='ocr_par' dir='ltr' id='par_1_100' title="bbox 2151 4719 3638 4790">
     <span class='ocr_line' id='line_1_100' title="bbox 2151 4719 3638 4790; baseline -0.01 -12"><span class='ocrx_word' id='word_1_687' title='bbox 2151 4745 2171 4778; x_wconf 80' lang='grc' dir='ltr'><strong>ι</strong></span> <span class='ocrx_word' id='word_1_688' title='bbox 2216 4727 2445 4789; x_wconf 79' lang='grc' dir='ltr'>οἰκείους</span> <span class='ocrx_word' id='word_1_689' title='bbox 2482 4724 2893 4787; x_wconf 84' lang='grc' dir='ltr'>συντάττοντες,</span> <span class='ocrx_word' id='word_1_690' title='bbox 2923 4721 3011 4774; x_wconf 82' lang='grc' dir='ltr'>ἵνα</span> <span class='ocrx_word' id='word_1_691' title='bbox 3046 4720 3121 4790; x_wconf 84' lang='grc' dir='ltr'>μὴ</span> <span class='ocrx_word' id='word_1_692' title='bbox 3172 4719 3321 4771; x_wconf 74' lang='grc' dir='ltr'>ἔστιν</span> <span class='ocrx_word' id='word_1_693' title='bbox 3354 4719 3445 4769; x_wconf 85' lang='grc' dir='ltr'>ὅτε</span> <span class='ocrx_word' id='word_1_694' title='bbox 3506 4728 3638 4782; x_wconf 81' lang='grc' dir='ltr'>προς</span> 
     </span>
    </p>
   </div>
   <div class='ocr_carea' id='block_1_101' title="bbox 2149 4804 3638 4888">
    <p class='ocr_par' dir='ltr' id='par_1_101' title="bbox 2149 4804 3638 4888">
     <span class='ocr_line' id='line_1_101' title="bbox 2149 4804 3638 4888; baseline -0.013 -14"><span class='ocrx_word' id='word_1_695' title='bbox 2149 4841 2169 4873; x_wconf 78' lang='grc' dir='ltr'><strong>ι</strong></span> <span class='ocrx_word' id='word_1_696' title='bbox 2216 4821 2369 4874; x_wconf 81' lang='grc' dir='ltr'>τοῦτο</span> <span class='ocrx_word' id='word_1_697' title='bbox 2394 4819 2616 4888; x_wconf 85' lang='grc' dir='ltr'>ἀπόρως</span> <span class='ocrx_word' id='word_1_698' title='bbox 2646 4817 2860 4886; x_wconf 76' lang='grc' dir='ltr'>ἔχοντες</span> <span class='ocrx_word' id='word_1_699' title='bbox 2902 4814 3267 4866; x_wconf 84' lang='grc' dir='ltr'>ἀποπίπτοιεν</span> <span class='ocrx_word' id='word_1_700' title='bbox 3299 4809 3395 4864; x_wconf 84' lang='grc' dir='ltr'><strong>τοῦ</strong></span> <span class='ocrx_word' id='word_1_701' title='bbox 3437 4804 3638 4876; x_wconf 80' lang='grc' dir='ltr'>προσή-</span> 
     </span>
    </p>
   </div>
   <div class='ocr_carea' id='block_1_102' title="bbox 2153 4899 3632 4977">
    <p class='ocr_par' dir='ltr' id='par_1_102' title="bbox 2153 4899 3632 4977">
     <span class='ocr_line' id='line_1_102' title="bbox 2153 4899 3632 4977; baseline -0.01 -14"><span class='ocrx_word' id='word_1_702' title='bbox 2153 4932 2171 4963; x_wconf 80' lang='grc' dir='ltr'><strong>ι</strong></span> <span class='ocrx_word' id='word_1_703' title='bbox 2218 4928 2424 4968; x_wconf 87' lang='grc' dir='ltr'>κοντος.</span> <span class='ocrx_word' id='word_1_704' title='bbox 2458 4909 2559 4961; x_wconf 87' lang='grc' dir='ltr'>Διά</span> <span class='ocrx_word' id='word_1_705' title='bbox 2595 4907 2699 4977; x_wconf 80' lang='grc' dir='ltr'>γὰρ</span> <span class='ocrx_word' id='word_1_706' title='bbox 2734 4907 2830 4977; x_wconf 78' lang='grc' dir='ltr'>τῆς</span> <span class='ocrx_word' id='word_1_707' title='bbox 2867 4906 2977 4958; x_wconf 91' lang='grc' dir='ltr'><strong>τῶν</strong></span> <span class='ocrx_word' id='word_1_708' title='bbox 3032 4904 3345 4974; x_wconf 75' lang='grc' dir='ltr'>εἰρημένων</span> <span class='ocrx_word' id='word_1_709' title='bbox 3376 4899 3632 4964; x_wconf 81' lang='grc' dir='ltr'>Πατέρων</span> 
     </span>
    </p>
   </div>
   <div class='ocr_carea' id='block_1_103' title="bbox 2154 4990 3632 5066">
    <p class='ocr_par' dir='ltr' id='par_1_103' title="bbox 2154 4990 3632 5066">
     <span class='ocr_line' id='line_1_103' title="bbox 2154 4990 3632 5066; baseline -0.014 -11"><span class='ocrx_word' id='word_1_710' title='bbox 2154 5024 2173 5055; x_wconf 83' lang='grc' dir='ltr'><strong>ι</strong></span> <span class='ocrx_word' id='word_1_711' title='bbox 2220 5002 2569 5064; x_wconf 85' lang='grc' dir='ltr'>διδασκαλίας</span> <span class='ocrx_word' id='word_1_712' title='bbox 2598 5002 2646 5053; x_wconf 75' lang='grc' dir='ltr'>οἱ</span> <span class='ocrx_word' id='word_1_713' title='bbox 2676 5001 2817 5063; x_wconf 77' lang='grc' dir='ltr'>λαοὶ,</span> <span class='ocrx_word' id='word_1_714' title='bbox 2842 5000 2899 5051; x_wconf 87' lang='grc' dir='ltr'><strong>ἐν</strong></span> <span class='ocrx_word' id='word_1_715' title='bbox 2923 4997 3119 5066; x_wconf 84' lang='grc' dir='ltr'>γνώσει</span> <span class='ocrx_word' id='word_1_716' title='bbox 3142 4996 3417 5066; x_wconf 84' lang='grc' dir='ltr'>γινόμενοι</span> <span class='ocrx_word' id='word_1_717' title='bbox 3444 4990 3548 5043; x_wconf 90' lang='grc' dir='ltr'><strong>τῶν</strong></span> <span class='ocrx_word' id='word_1_718' title='bbox 3573 5001 3632 5037; x_wconf 79' lang='grc' dir='ltr'><strong>τε</strong></span> 
     </span>
    </p>
   </div>
   <div class='ocr_carea' id='block_1_104' title="bbox 2158 5082 3632 5161">
    <p class='ocr_par' dir='ltr' id='par_1_104' title="bbox 2158 5082 3632 5161">
     <span class='ocr_line' id='line_1_104' title="bbox 2158 5082 3632 5161; baseline -0.013 -11"><span class='ocrx_word' id='word_1_719' title='bbox 2158 5117 2177 5149; x_wconf 83' lang='grc' dir='ltr'><strong>ι</strong></span> <span class='ocrx_word' id='word_1_720' title='bbox 2223 5096 2530 5150; x_wconf 86' lang='grc' dir='ltr'>σπουδαίων</span> <span class='ocrx_word' id='word_1_721' title='bbox 2578 5094 2669 5147; x_wconf 77' lang='grc' dir='ltr'><strong>καὶ</strong></span> <span class='ocrx_word' id='word_1_722' title='bbox 2727 5091 2959 5161; x_wconf 81' lang='grc' dir='ltr'>αἱρετῶν</span> <span class='ocrx_word' id='word_1_723' title='bbox 3012 5091 3106 5141; x_wconf 76' lang='grc' dir='ltr'><strong>καὶ</strong></span> <span class='ocrx_word' id='word_1_724' title='bbox 3144 5087 3252 5141; x_wconf 89' lang='grc' dir='ltr'><strong>τῶν</strong></span> <span class='ocrx_word' id='word_1_725' title='bbox 3302 5082 3632 5153; x_wconf 79' lang='grc' dir='ltr'>ἀσυμφόρων</span> 
     </span>
    </p>
   </div>
   <div class='ocr_carea' id='block_1_105' title="bbox 2157 5170 3633 5258">
    <p class='ocr_par' dir='ltr' id='par_1_105' title="bbox 2157 5170 3633 5258">
     <span class='ocr_line' id='line_1_105' title="bbox 2157 5170 3633 5258; baseline -0.011 -13"><span class='ocrx_word' id='word_1_726' title='bbox 2157 5212 2174 5245; x_wconf 87' lang='grc' dir='ltr'><strong>ι</strong></span> <span class='ocrx_word' id='word_1_727' title='bbox 2222 5192 2314 5244; x_wconf 75' lang='grc' dir='ltr'>καὶ</span> <span class='ocrx_word' id='word_1_728' title='bbox 2333 5187 2673 5258; x_wconf 82' lang='grc' dir='ltr'>ἀποὸλήτων,</span> <span class='ocrx_word' id='word_1_729' title='bbox 2706 5186 2795 5237; x_wconf 80' lang='grc' dir='ltr'>τὸν</span> <span class='ocrx_word' id='word_1_730' title='bbox 2824 5184 2940 5253; x_wconf 80' lang='grc' dir='ltr'>βίον</span> <span class='ocrx_word' id='word_1_731' title='bbox 2970 5176 3475 5251; x_wconf 77' lang='grc' dir='ltr'>μεταρρυθμίζουσι</span> <span class='ocrx_word' id='word_1_732' title='bbox 3500 5170 3633 5239; x_wconf 77' lang='grc' dir='ltr'>πρὸς</span> 
     </span>
    </p>
   </div>
   <div class='ocr_carea' id='block_1_106' title="bbox 2159 5268 3630 5352">
    <p class='ocr_par' dir='ltr' id='par_1_106' title="bbox 2159 5268 3630 5352">
     <span class='ocr_line' id='line_1_106' title="bbox 2159 5268 3630 5352; baseline -0.016 -16"><span class='ocrx_word' id='word_1_733' title='bbox 2159 5304 2176 5336; x_wconf 88' lang='grc' dir='ltr'><strong>ι</strong></span> <span class='ocrx_word' id='word_1_734' title='bbox 2221 5283 2283 5336; x_wconf 83' lang='grc' dir='ltr'>τὸ</span> <span class='ocrx_word' id='word_1_735' title='bbox 2319 5281 2544 5352; x_wconf 74' lang='grc' dir='ltr'>βέλτιον,</span> <span class='ocrx_word' id='word_1_736' title='bbox 2582 5280 2674 5331; x_wconf 73' lang='grc' dir='ltr'><strong>καὶ</strong></span> <span class='ocrx_word' id='word_1_737' title='bbox 2696 5277 2773 5344; x_wconf 82' lang='grc' dir='ltr'>τῷ</span> <span class='ocrx_word' id='word_1_738' title='bbox 2799 5276 2896 5344; x_wconf 76' lang='grc' dir='ltr'>τῆς</span> <span class='ocrx_word' id='word_1_739' title='bbox 2924 5273 3145 5340; x_wconf 82' lang='grc' dir='ltr'>ἀγνοίας</span> <span class='ocrx_word' id='word_1_740' title='bbox 3189 5272 3289 5342; x_wconf 86' lang='grc' dir='ltr'><strong>οὑχ</strong></span> <span class='ocrx_word' id='word_1_741' title='bbox 3325 5268 3630 5352; x_wconf 77' lang='grc' dir='ltr'>ἁλίσκονται</span> 
     </span>
    </p>
   </div>
   <div class='ocr_carea' id='block_1_107' title="bbox 2159 5350 3627 5441">
    <p class='ocr_par' dir='ltr' id='par_1_107' title="bbox 2159 5350 3627 5441">
     <span class='ocr_line' id='line_1_107' title="bbox 2159 5350 3627 5441; baseline -0.017 -12"><span class='ocrx_word' id='word_1_742' title='bbox 2159 5395 2178 5429; x_wconf 84' lang='grc' dir='ltr'><strong>ι</strong></span> <span class='ocrx_word' id='word_1_743' title='bbox 2226 5350 2414 5441; x_wconf 82' lang='grc' dir='ltr'>πάθει,</span> <span class='ocrx_word' id='word_1_744' title='bbox 2450 5370 2585 5425; x_wconf 76' lang='grc' dir='ltr'>ἀλλὰ</span> <span class='ocrx_word' id='word_1_745' title='bbox 2638 5368 3004 5438; x_wconf 82' lang='grc' dir='ltr'>προσήκοντες</span> <span class='ocrx_word' id='word_1_746' title='bbox 3030 5366 3096 5433; x_wconf 80' lang='grc' dir='ltr'><strong>τῇ</strong></span> <span class='ocrx_word' id='word_1_747' title='bbox 3147 5358 3465 5426; x_wconf 80' lang='grc' dir='ltr'>διδασκαλίᾳ</span> <span class='ocrx_word' id='word_1_748' title='bbox 3497 5350 3627 5422; x_wconf 81' lang='grc'><strong>(80),</strong></span> 
     </span>
    </p>
   </div>
   <div class='ocr_carea' id='block_1_108' title="bbox 1634 5580 2426 5662">
    <p class='ocr_par' dir='ltr' id='par_1_108' title="bbox 1634 5580 2426 5662">
     <span class='ocr_line' id='line_1_108' title="bbox 1634 5580 2426 5662; baseline -0.005 -19"><span class='ocrx_word' id='word_1_749' title='bbox 1634 5581 1831 5643; x_wconf 83' lang='lat' dir='ltr'><strong>Guill.</strong></span> <span class='ocrx_word' id='word_1_750' title='bbox 1872 5580 2203 5662; x_wconf 82' lang='lat' dir='ltr'><strong>Beveregii</strong></span> <span class='ocrx_word' id='word_1_751' title='bbox 2239 5587 2426 5642; x_wconf 62' lang='lat' dir='ltr'><strong>uotae.</strong></span> 
     </span>
    </p>
   </div>
   <div class='ocr_carea' id='block_1_109' title="bbox 498 5696 1957 5779">
    <p class='ocr_par' dir='ltr' id='par_1_109' title="bbox 498 5696 1957 5779">
     <span class='ocr_line' id='line_1_109' title="bbox 498 5696 1957 5779; baseline 0.009 -30"><span class='ocrx_word' id='word_1_752' title='bbox 498 5697 607 5779; x_wconf 63' lang='grc' dir='ltr'><strong>(ξο)</strong></span> <span class='ocrx_word' id='word_1_753' title='bbox 893 5700 1307 5769; x_wconf 71' lang='grc' dir='ltr'>προσήκοντες</span> <span class='ocrx_word' id='word_1_754' title='bbox 1366 5701 1440 5771; x_wconf 80' lang='grc' dir='ltr'>τῇ</span> <span class='ocrx_word' id='word_1_755' title='bbox 1493 5703 1874 5777; x_wconf 56' lang='grc' dir='ltr'>διδασκαλίῃ.</span> <span class='ocrx_word' id='word_1_756' title='bbox 1946 5708 1957 5762; x_wconf 87' lang='grc'><strong>1</strong></span> 
     </span>
    </p>
   </div>
   <div class='ocr_carea' id='block_1_110' title="bbox 2080 5696 3629 5779">
    <p class='ocr_par' dir='ltr' id='par_1_110' title="bbox 2080 5699 3629 5776">
     <span class='ocr_line' id='line_1_110' title="bbox 2080 5699 3629 5776; baseline -0.013 -14"><span class='ocrx_word' id='word_1_757' title='bbox 2080 5709 2255 5764; x_wconf 69' lang='lat' dir='ltr'><strong>:ndum</strong></span> <span class='ocrx_word' id='word_1_758' title='bbox 2319 5708 2471 5776; x_wconf 73' lang='lat' dir='ltr'><strong>juxta</strong></span> <span class='ocrx_word' id='word_1_759' title='bbox 2539 5719 2641 5757; x_wconf 88' lang='lat' dir='ltr'><strong>ms.</strong></span> <span class='ocrx_word' id='word_1_760' title='bbox 2704 5700 3219 5765; x_wconf 81' lang='lat' dir='ltr'><strong>Amerbacbianuzn,</strong></span> <span class='ocrx_word' id='word_1_761' title='bbox 3287 5699 3629 5771; x_wconf 68' lang='grc' dir='ltr'>προσέχοντες</span> 
     </span>
    </p>
   </div>
   <div class='ocr_carea' id='block_1_111' title="bbox 426 5769 859 5840">
    <p class='ocr_par' dir='ltr' id='par_1_111' title="bbox 426 5769 859 5840">
     <span class='ocr_line' id='line_1_111' title="bbox 426 5769 859 5840; baseline 0.007 -20"><span class='ocrx_word' id='word_1_762' title='bbox 426 5771 494 5840; x_wconf 63' lang='grc' dir='ltr'>τῇ</span> <span class='ocrx_word' id='word_1_763' title='bbox 524 5769 859 5838; x_wconf 68' lang='grc' dir='ltr'>διδασκαλίᾳ.</span> 
     </span>
    </p>
   </div>
  </div>
