3984 6474
314 305 418 370 5S3

1528 270 1839 365 'TnEon.
1878 305 2278 365 BALSAMON

3438 309 3545 372 584

310 431 550 489 presens
581 423 759 469 antem
792 429 961 469 canon
995 414 1157 469 dicit:
1180 412 1234 469 Si
1262 415 1383 484 quis
1440 415 1540 468 hoc
1570 415 1748 469 facere
1787 416 1875 467 de-

2013 417 2059 477 ίς
2092 417 2462 487 πρεσϐυτέρου
2492 416 2647 481 ἀξίαν
2689 418 3022 483 καταγαγεῖν
3057 416 3335 485 ἱεροσυλία
3367 418 3546 472 ἐστίν’

314 514 613 581 prehensus
642 510 822 571 fuerit,
852 509 919 562 ab
966 508 1278 578 episcopatu
1323 518 1520 573 cesset,
1576 508 1873 579 presbyteri

314 615 495 660 autem
532 617 755 657 munere
782 600 1080 671 fungatur;
1111 601 1314 665 audiet,
1349 602 1489 671 quod
1524 600 1631 654 illic
1660 586 1874 668 quidem

318 695 538 751 dicitde
575 692 910 762 depositione
954 693 1097 761 justa
1166 694 1248 747 vel
1303 693 1537 760 injusta;
1596 691 1678 745 vel
1738 691 1879 744 enim

314 800 535 858 prapter
560 786 758 854 justam
790 800 1006 840 causam
1038 785 1345 853 episcopatu
1399 781 1637 849 deiectus
1678 791 1784 839 est,
1828 786 1881 831 et

325 899 391 935 ne
421 889 703 952 presbyter
736 878 951 947 quidem
980 879 1122 931 erit:
1151 875 1233 929 vel
1264 875 1383 928 sine
1415 888 1597 938 causa,
1630 881 1771 926 etne
1805 886 1883 925 Ste

318 975 532 1041 quidem
558 972 622 1025 ad
656 972 950 1040 presbyteri
1009 969 1230 1037 gradum
1288 963 1752 1034 deprimetur,sed
1781 961 1888 1015 erit

319 1080 507 1120 rurSns
561 1065 867 1133 episcopus.
924 1059 1025 1115 llic
1082 1069 1261 1113 autem
1329 1061 1613 1128 episcopus
1665 1057 1881 1126 quidem

319 1167 599 1229 peccatum
630 1170 733 1209 non
762 1153 993 1211 admisit.
1028 1152 1169 1221 quod
1202 1167 1323 1204 ettm
1350 1166 1377 1202 a
1433 1150 1740 1204 sacerdotio
1800 1158 1888 1200 ar-

321 1260 460 1314 ceat,
488 1248 581 1302 sed
612 1245 799 1312 gloriae
828 1253 1036 1297 tantum
1072 1241 1369 1311 cupiditate
1403 1250 1449 1293 et
1486 1240 1658 1315 laudis
1703 1250 1885 1289 amore

318 1310 584 1409 peccai’it.
617 1310 860 1402 lJtergo,
915 1330 1057 1400 quod
1109 1310 1209 1383 suo
1270 1338 1495 1399 peccato
1542 1310 1882 1395 respondeat,

322 1428 644 1497 supplicium
680 1424 893 1489 habeat,
924 1434 975 1477 et
1013 1421 1230 1475 humilis
1275 1420 1486 1483 evadat,
1550 1419 1619 1470 ab
1675 1418 1887 1487 episco-

325 1532 481 1589 patus
514 1519 731 1588 quidem
758 1518 960 1570 honore
992 1515 1223 1578 desistit,
1260 1513 1311 1565 in
1357 1511 1655 1580 presbyteri
1705 1518 1885 1563 autem

326 1615 527 1666 h0tt0re
554 1611 868 1664 collocatur.
908 1606 976 1661 Ut
1009 1607 1053 1659 is
1088 1606 1233 1659 enim
1265 1606 1591 1673 deponatur.
1628 1611 1683 1655 et
1712 1616 1892 1655 sacer-

323 1706 422 1758 dos
455 1705 563 1765 liat,
598 1698 844 1754 Patrihus
884 1702 1054 1753 visum
1087 1713 1188 1751 non
1205 1695 1313 1749 'est.
1349 1694 1490 1764 Lege
1538 1706 1591 1747 et
1646 1694 1712 1747 18
1764 1708 1886 1747 can.

326 1799 462 1850 Anc.
498 1812 616 1866 syu.
642 1792 951 1847 Sacerdotis
976 1800 1151 1845 autem
1184 1803 1397 1853 munus,
1434 1789 1615 1855 accipe
1643 1787 1803 1839 etiam
1828 1786 1892 1838 de
1925 1770 1963 1827 Β

327 1890 553 1944 docendi
586 1902 825 1949 munere,
856 1896 909 1939 et
942 1900 1042 1937 non
1077 1882 1142 1937 de
1196 1881 1450 1935 sacrilicii
1506 1879 1890 1934 celebratione.

328 1982 649 2036 Sacerdotes
680 1982 820 2033 enim
860 1977 1156 2047 antiquitus
1180 1989 1400 2029 necesse
1433 1973 1702 2028 habebant
1731 1971 1890 2025 etiam

326 2064 541 2130 docere.
881 2057 891 2068 ’

401 2264 561 2334 180
609 2260 867 2317 ZONAR.
918 2259 996 2316 Ne
1058 2275 1162 2329 qua
1220 2260 1361 2312 inter
1409 2261 1689 2327 episcopos
1733 2273 1894 2312 causa

328 2354 650 2410 offensionis
699 2354 1031 2416 exsisteret,
1089 2352 1222 2406 nulli
1292 2362 1583 2422 propterea
1643 2344 1898 2420 episcopo

328 2447 544 2518 publice
567 2448 616 2499 in
644 2447 815 2500 aliena
870 2445 1001 2499 urbe
1069 2445 1291 2499 docendi
1360 2443 1669 2501 facultatem
1712 2442 1899 2497 Patres

329 2552 449 2592 esse
478 2532 911 2589 volnerunt.Nec
939 2532 1080 2587 enim
1132 2531 1185 2587 id
1233 2532 1348 2586 sine
1412 2530 1593 2600 aliqua
1650 2526 1892 2597 przefecti

330 2628 484 2683 urbis
519 2627 674 2681 istius
720 2625 961 2695 episcopi
1010 2623 1331 2680 contumelia
1379 2623 1495 2677 fieri
1545 2632 1739 2691 potest.
1794 2620 1899 2676 Sed

330 2721 545 2790 publice
577 2728 779 2772 tantum
813 2717 1040 2772 docendi
1102 2714 1359 2770 facultate
1418 2715 1798 2776 interdictum;
1843 2720 1901 2766 ut

333 2813 599 2877 vicissim,
629 2811 903 2879 quidpiam
932 2824 996 2863 ex
1031 2824 1096 2861 eo
1122 2809 1374 2877 privatim
1431 2806 1689 2873 qrtmreuti
1744 2805 1901 2859 satis-

333 2903 535 2967 facere,
605 2903 943 2970 seorsimqne
1000 2901 1216 2961 docere.
1272 2896 1606 2967 nequaquam
1650 2897 1901 2967 episcopo

330 2995 578 3057 vetitum,
613 3008 709 3047 nec
733 2992 936 3060 aliquid
969 3006 1090 3045 enm
1118 2991 1210 3060 qui
1235 2990 1286 3043 id
1317 2989 1482 3043 faciat
1522 2990 1573 3042 in
1629 3003 1687 3042 se
1734 2986 1906 3056 culpae

1984 509 2089 561 ὁδέ
2133 508 2327 579 παρὼν
2378 512 2557 562 κανών
2583 524 2788 578 φησιν·
2824 509 2891 563 Εί
2914 525 2999 571 τις
3050 508 3336 580 φωραθείη
3388 511 3556 565 τοῦτο

1986 599 2178 661 ποιῶν,
2206 594 2462 651 παυέσθω
2495 600 2593 669 τῆς
2626 597 2958 667 ἐπισκοπῆς,
2982 598 3050 652 τὰ
3101 599 3159 651 δέ
3185 599 3281 652 τοῦ
3311 601 3556 669 πρεσϐυο

1984 691 2143 760 τέρου
2194 686 2516 758 ἐνεργέίτω·
2547 690 2774 743 ἀκούσει
2827 690 2910 743 ὅτι
2957 693 3079 743 ἐκεῖ
3128 693 3255 761 περὶ
3295 693 3559 761 καθαιρὲ-

1985 776 2122 838 σεώς
2150 794 2314 848 φησιν
2345 778 2568 847 εὐλόγου
2600 781 2632 850 ἢ
2667 780 2998 861 παραλόγου
3028 783 3060 852 ἢ
3091 785 3198 852 γὰρ
3228 782 3296 836 δι’
3322 784 3561 854 αἱτίαμὰ.

1983 886 2037 922 τι
2070 869 2289 937 εὔλογον
2331 870 2597 942 ἐξεϐλήθη
2645 873 2745 941 τῆς
2788 875 3115 942 ἐπισκοπῆς,
3144 877 3238 928 καὶ
3268 876 3389 929 οὺδέ
3421 893 3557 945 πρε-

1988 961 2250 1033 σϐύτερος
2302 964 2454 1016 ἐσται
2482 979 2494 992 ’
2534 966 2565 1034 ἢ
2617 965 2901 1029 ἀναιτίως,
2940 969 3034 1019 καὶ
3089 968 3211 1021 οὐδὲ
3258 967 3432 1030 οὕτως
3470 971 3560 1032 είς

1986 1056 2360 1126 πρεσϐυτέρου
2411 1057 2620 1128 βαθμὸν
2673 1058 3181 1129 καταταχθήσεται,
3232 1060 3346 1113 ἀλλ’
3397 1062 3561 1113 ἔσται

1988 1147 2144 1210 αὖθις
2177 1149 2494 1211 ἐπίσκοπος.
2533 1150 2799 1204 Ἐνταῦθα
2827 1151 2884 1204 δέ
2923 1152 3227 1221 ἁμάρτημα
3255 1153 3355 1222 μὲν
3383 1156 3409 1207 ό
3436 1155 3566 1206 ἐπί-

1993 1257 2193 1303 σκοπος
2221 1241 2446 1295 κωλύων
2496 1243 2660 1295 αὑτὸν
2691 1244 2787 1311 τῆς
2821 1244 3121 1313 ἱερωσύνης
3168 1246 3264 1314 οὐχ
3296 1246 3511 1315 ἥμαρτε
3538 1260 3559 1276 ’

1992 1330 2263 1399 φιλοδοξία
2309 1332 2365 1383 δέ
2407 1328 2474 1398 ἦν
2524 1334 2619 1386 καὶ
2668 1334 2829 1405 δόξης
2879 1336 3019 1404 ἔρως
3052 1336 3082 1388 ὃ
3124 1336 3392 1406 ἥμαρτεν.
3431 1338 3557 1392 Ἵνα

1991 1424 2121 1490 γοῦν
2172 1422 2501 1494 ἀντίρροπον
2549 1426 2647 1494 τὴν
2699 1429 2969 1497 τιμωρίαν
3008 1426 3104 1498 ἐξῃ
3132 1427 3211 1497 τῷ
3251 1428 3564 1497 πταίσματι

1994 1515 2159 1568 αὐτοῦ
2187 1517 2280 1593 καὶ
2308 1517 2639 1587 ταπεινωθῇ,
2666 1518 2896 1571 παύεται
2930 1520 3028 1587 μὲν
3058 1520 3153 1589 τῆς
3189 1522 3567 1589 ἐπισκοπικῆς

1992 1598 2179 1675 τιμῆς,
2212 1607 2607 1661 κατατάττεται
2636 1608 2690 1661 δέ
2735 1612 2815 1672 εἰς
2850 1609 3222 1680 πρεσϐυτέρσυ
3256 1613 3442 1681 τιμήν.
3484 1614 3566 1664 Τὸ

1994 1696 2100 1766 γὰρ
2152 1698 2535 1769 καθαιρεῖσθαι
2603 1701 2809 1762 τοῦτον,
2844 1688 3241 1770 καῖ’γίνεσθαι
3297 1706 3450 1772 ἱερέα
3496 1707 3568 1758 οὐ

1993 1788 2237 1841 δέδοκται
2292 1792 2402 1853 τοῖς
2450 1792 2746 1860 Πατράσιν.
2803 1795 3144 1862 ’Ᾱνάτνωσον
3194 1796 3289 1851 καὶ
3344 1797 3435 1851 τὸν
3487 1804 3566 1869 ιη’

1994 1880 2193 1932 κανόνα
2219 1881 2316 1950 τῆς
2352 1883 2410 1933 ἐν
2441 1882 2687 1953 Ἀγκύρᾳ
2738 1884 2981 1938 συνόδου.
3020 1886 3135 1954 Τὴν
3171 1886 3229 1940 δέ
3271 1888 3568 1958 ἐνέργειαν

1996 1970 2227 2024 ἐκλαϐοῦ
2265 1973 2345 2035 είς
2391 1972 2491 2043 τὴν
2548 1974 2935 2048 διδασκαλικὴν
2986 1980 3290 2049 ἐνέργειαν,
3345 1984 3439 2035 καὶ
3484 1984 3570 2053 μὴ

1997 2068 2077 2129 είς
2122 2066 2220 2137 τὴν
2263 2068 2639 2141 ίεροπραξίαν.
2671 2071 2736 2127 Ol
2770 2075 2878 2145 γὰρ
2924 2076 3089 2145 ίερεῖς
3133 2078 3194 2131 τὸ
3248 2079 3473 2133 παλαιὸν
3503 2079 3577 2145 ἐξ

1996 2156 2241 2227 ἀνάγκης
2273 2156 2418 2227 σῗχον
2440 2159 2501 2213 τὸ
2529 2162 2825 2218 διδάσκειν.
3366 2214 3371 2217 -

2062 2249 2305 2305 ΖΩΝΑΡ.
2361 2252 2487 2315 Τοῖς
2552 2255 2873 2321 ἐπισκόποις
2924 2260 3021 2325 τὰς
3084 2259 3193 2313 τῶν
3254 2262 3574 2317 σκανδάλων

1999 2341 2414 2411 περιαιροῦντες
2446 2347 2701 2416 ἀφορμὰς
2725 2351 2774 2401 οί
2816 2350 2950 2404 θεῖοι
2977 2354 3219 2424 Πατέρες
3256 2355 3462 2422 ὥρισαν
3490 2356 3574 2425 μὴ

1998 2430 2268 2485 διδάσκειν
2298 2435 2595 2491 ἐπίσκοπον
2620 2439 2856 2513 δημοσίᾳ
2878 2445 2943 2497 ἐν
2969 2445 3121 2499 πόλει
3166 2445 3240 2518 μὴ
3277 2448 3562 2521 ἀνηκοὺσῃ

2000 2524 2171 2596 αὐτῷ.
2206 2525 2378 2580 Τοῦτο
2408 2529 2516 2597 γὰρ
2553 2532 2632 2594 είς
2669 2532 2897 2603 ἀτιμίαν
2930 2538 3049 2591 ἐστὶ
3079 2539 3172 2593 τοῦ
3216 2541 3315 2610 τῆς
3350 2542 3567 2607 πόλεως
3610 2555 3619 2567 ⁸

1999 2614 2217 2684 ἐκείνης
2249 2618 2830 2693 ἁρχιερέως.Δημοσίᾳ
2856 2623 2912 2676 δὲ
2937 2624 3211 2684 διδάσκειν
3240 2628 3575 2693 κεκώλυται,

2002 2707 2079 2768 ὡς
2111 2706 2171 2773 ἐξ
2208 2706 2615 2779 άντιδιαστολῆς
2645 2715 2885 2769 νοεῖσθαι
2918 2715 3014 2783 ὡς,
3044 2719 3101 2771 εί
3140 2736 3226 2784 τις
3265 2721 3417 2791 αὑτῷ
3450 2723 3582 2775 κατ’

2006 2799 2143 2853 ἰδίαν
2168 2802 2457 2870 προσέλθοι
2485 2805 2705 2875 ἐρωτῶν
2739 2810 2922 2873 αὑτὸν,
2954 2812 3147 2883 ἐκείνῳ
3178 2814 3315 2885 πρὸς
3340 2814 3401 2866 τὸ
3433 2814 3581 2885 ἐρώ-

2002 2909 2156 2961 τημα
2209 2895 2665 2966 ἀποκρινόμενος,
2696 2903 2789 2953 καὶ
2849 2902 3119 2958 διδάσκων
3178 2907 3301 2960 καθ’
3354 2908 3572 2970 ἑαυτὸν,

2003 2983 2101 3054 οὐχ
2149 2985 2475 3055 ἁμαρτάνει.
2527 2988 2640 3041 Καὶ
2666 2993 2693 3043 ὁ
2725 2991 3007 3057 ἑνδέκατος
3044 2994 3101 3048 δέ
3147 2996 3328 3050 κανὼν
3376 2997 3477 3067 τῆς
3516 2999 3580 3050 ἐν

334 3086 612 3154 suscipere
642 3084 1026 3154 intelligamus.
1054 3080 1159 3136 Sed
1189 3082 1254 3135 de
1287 3083 1384 3135 hac
1412 3096 1473 3135 re
1504 3080 1678 3134 fusius
1708 3079 1900 3133 Sardi-

2007 3076 2246 3155 Σαρδικῇ
2278 3080 2500 3133 συνόδου
2558 3080 2875 3153 θεσμοτέθεῖ
2909 3092 2977 3140 τα
3027 3092 3154 3159 περὶ
3196 3090 3392 3143 τούτου
3437 3089 3581 3144 πλα-

334 3180 512 3233 censis
556 3193 767 3248 quoque
840 3177 1025 3248 synodi
1054 3175 1338 3229 undecimo
1387 3188 1591 3229 canone
1639 3173 1905 3227 constitu-

334 3276 470 3322 tum.
503 3267 838 3349 Dubitaverit
878 3281 1041 3337 porro
1092 3265 1307 3334 aliquis,
1334 3280 1456 3318 cum
1509 3263 1783 3317 hominem
1839 3264 1905 3319 de

335 3356 626 3425 episcopali
666 3356 881 3425 fastigio
904 3356 1191 3422 deiectum,
1225 3355 1338 3419 cogi
1371 3355 1422 3408 in
1458 3356 1897 3425 presbyterorum

335 3451 579 3503 ordinetn
617 3449 733 3502 sine
765 3449 1049 3517 sacrilegio
1078 3462 1185 3501 non
1232 3462 1409 3515 posse,
1450 3448 1593 3502 unde
1635 3447 1907 3502 tricesimo

337 3552 542 3610 quarta
576 3540 764 3611 synodi
815 3555 1022 3593 canone
1056 3539 1334 3594 defluitum
1396 3540 1487 3603 sit,
1537 3554 1641 3609 qua
1701 3540 1907 3594 ratione

337 3635 647 3699 episcopum
687 3633 785 3685 hoc
807 3632 948 3694 loco,
988 3632 1077 3700 qui
1111 3632 1251 3685 istml
1286 3630 1467 3690 faciat,
1500 3630 1567 3682 ab
1592 3631 1905 3700 episcopatu

338 3732 640 3782 cessnre,et
668 3721 970 3793 presbyteri
1022 3736 1240 3775 munere
1269 3722 1411 3791 fungi
1441 3736 1607 3776 canon
1632 3723 1905 3775 decernat.

340 3814 509 3884 Igitur
539 3812 590 3865 in
615 3823 807 3880 quarta
832 3812 1037 3883 synodo
1064 3812 1129 3865 de
1154 3811 1317 3880 insta,
1357 3813 1437 3865 vel
1493 3812 1690 3881 injusta
1741 3815 1910 3882 depo-

340 3905 535 3957 sitione
564 3918 873 3957 sermonem
903 3916 1025 3956 esse
1063 3904 1324 3957 dicemus.
1366 3902 1457 3957 Vel
1493 3904 1636 3957 enim
1678 3903 1745 3959 ob
1787 3920 1910 3975 gra-

344 4012 463 4049 vem
503 3995 683 4049 delicti
718 3996 929 4063 culpam
955 3996 1043 4065 qui
1070 3995 1353 4065 epist-opus
1380 3996 1577 4063 fuerat,
1632 4012 1696 4051 ea
1732 3997 1909 4067 digni-

346 4096 457 4141 tate
482 4089 743 4156 spoliatus
775 4098 857 4142 cst
882 4129 896 4153 ,
927 4102 989 4142 ac
1025 4103 1090 4141 ne
1159 4089 1297 4142 inter
1357 4090 1661 4143 sacerdotes
1702 4104 1911 4160 quoque

344 4180 523 4234 locum
557 4190 734 4235 teneat
790 4182 927 4234 idem
979 4182 1185 4235 crimen
1232 4180 1457 4247 efﬁciet;
1511 4181 1592 4233 vel
1636 4181 1907 4235 innocenti

343 4270 515 4324 multa
544 4270 804 4338 irrogata,
844 4269 1173 4337 proindeque
1206 4285 1271 4322 ne
1311 4280 1419 4323 tum
1467 4270 1682 4338 quidem
1727 4286 1912 4325 sacer-

344 4362 558 4414 dotibus
589 4361 960 4426 annumerari,
1012 4360 1104 4414 sed
1155 4360 1443 4428 episcopali
1504 4358 1717 4428 faStigio
1772 4363 1912 4415 unde

2010 3167 2255 3239 τύτερον.
2282 3171 2584 3243 Ἀπορήσει
2613 3172 2671 3227 δέ
2699 3192 2782 3239 τις
2805 3177 2923 3241 πῶς
2952 3180 2979 3231 ό
3009 3180 3107 3249 μὲν
3137 3181 3386 3245 εἰκοστὸς
3419 3183 3579 3237 ἔννα-

2010 3276 2099 3324 τος
2126 3261 2304 3315 κανὼν
2357 3264 2458 3334 τῆς
2511 3266 2779 3337 τετάρτης
2834 3271 3055 3325 συνόδου
3112 3273 3367 3343 λέγειὸτι
3425 3279 3487 3330 τὸ
3518 3279 3582 3345 ἐξ

2012 3354 2316 3408 ἐπισκόπου
2354 3356 2434 3419 είς
2458 3361 2829 3430 πρεσϐυτέρου
2870 3361 3030 3427 ἀξίαν
3065 3370 3400 3435 καταγαγεῖν
3434 3370 3579 3438 ίερο-

2016 3444 2169 3498 συλία
2201 3447 2345 3500 ἐστίν
2370 3464 2384 3477 ·
2415 3450 2443 3501 ὁ
2470 3452 2525 3503 δὲ
2559 3451 2747 3522 παρὼν
2778 3455 2957 3508 κανών
2977 3473 3159 3528 φησιν’
3188 3459 3253 3510 Ei
3283 3477 3367 3522 τις
3393 3477 3583 3529 φωρα-

2015 3534 2134 3607 θείη
2165 3538 2323 3591 τοῦτο
2362 3541 2558 3606 ποιῶν,
2609 3545 2864 3598 παυέσθω
2911 3548 3011 3617 τῆς
3065 3551 3393 3618 ἐπισκοπῆς,
3429 3554 3493 3605 τὰ
3525 3554 3584 3606 δὲ

2013 3628 2108 3683 τοῦ
2150 3630 2528 3704 πρεσϐυτέρου
2572 3635 2887 3706 ἐνεργείτω.
2920 3640 3075 3695 Εἴποι
3126 3642 3217 3695 οὖν
3265 3645 3330 3698 ἀν
3363 3663 3445 3709 τις
3494 3647 3583 3701 ὃτι

2014 3721 2137 3774 ἐκεῖ
2161 3728 2289 3793 περὶ
2317 3724 2689 3798 καθαιρέσεώς
2716 3747 2880 3800 φησιν
2904 3732 3126 3800 εὐλόγου
3161 3735 3195 3808 ἢ
3229 3737 3545 3807 παραλόγου
3568 3755 3585 3769 ο

2016 3814 2073 3865 εί
2104 3813 2215 3884 γὰρ
2248 3814 2339 3869 διὰ
2376 3818 2610 3889 αῖτίαμά
2637 3837 2688 3873 τι
2712 3822 2971 3892 ἐξεϐλήθη
3000 3822 3101 3894 τῆς
3134 3824 3458 3896 ἐπισκοπῆς,
3490 3829 3592 3881 καὶ

2014 3905 2104 3959 διὰ
2138 3907 2544 3980 τὸιάμάρτημα
2588 3914 2791 3977 ἐκεῖνος
2821 3914 2945 3968 οὑδέ
2999 3916 3366 3986 πρεσϐύτερος
3395 3919 3585 3973 ἔσται’

2015 3997 2047 4069 ἢ
2081 3997 2332 4063 ἀναιτίως
2367 4001 2631 4072 ἐξεϐλήθη
2668 4004 2765 4074 τῆς
2799 4005 3125 4077 ἐπισκοπῆς,
3154 4008 3247 4061 καὶ
3276 4008 3385 4062 οὐδ’
3410 4009 3590 4074 οὕτως

2015 4094 2096 4153 είς
2128 4094 2496 4175 πρεσϐυτέρου
2530 4096 2737 4167 βαθμὸν
2784 4098 3229 4169 καταχθήσεται,
3262 4102 3377 4155 ἀλλ’
3430 4102 3587 4157 ἐσται

2017 4178 2175 4247 αὖθις
2200 4184 2494 4248 ἐπίσκοπος
2521 4203 2535 4217 ο
2570 4187 2805 4242 ἐνταῦθα
2828 4189 2885 4242 δὲ
2914 4190 3219 4263 ἁμάρτημα
3265 4192 3361 4264 μὲν
3396 4195 3422 4246 ό
3453 4192 3585 4248 ἐπί·

2019 4292 2219 4340 σκοπος
2246 4278 2454 4332 κωλύον
2486 4280 2653 4335 αὐτὸν
2684 4280 2783 4346 τῆς
2829 4281 3134 4352 ἱερωσύνης
3185 4283 3283 4354 οὐχ
3315 4283 3537 4355 ἥμαρτε
3558 4299 3577 4315 θ

2019 4367 2295 4435 (passage
2335 4370 2391 4422 δέ
2433 4367 2500 4442 ἦν
2547 4374 2641 4425 καὶ
2684 4372 2844 4443 δόξης
2886 4373 3064 4441 ἔρως,
3097 4375 3125 4427 ὃ
3161 4375 3430 4445 ἥμαρτεν.
3465 4377 3587 4429 Ἵνα

344 4466 438 4521 per
490 4454 741 4521 injnriam
804 4452 1042 4519 dejectus
1104 4449 1311 4516 fuerat,
1382 4450 1589 4504 restitui
1642 4451 1900 4505 hominem

2018 4457 2151 4525 γοῢδ
2184 4460 2515 4533 ἀντίρροπον
2558 4463 2656 4531 τὴν
2704 4464 2973 4534 τιμωρίαν
3021 4465 3116 4536 ἐξῃ
3149 4465 3224 4535 τῷ
3278 4467 3585 4536 πταίσματι

342 4546 641 4612 oportebit.
678 4542 773 4597 Hic
799 4558 927 4597 vero
950 4543 1229 4611 episcopus
1252 4542 1479 4605 nullout,
1504 4556 1571 4595 ex
1598 4557 1704 4611 quo
1735 4557 1912 4597 sacer-

343 4638 492 4693 dotio
514 4638 719 4693 moveri
751 4638 967 4703 debeat,
1000 4637 1052 4690 in
1077 4651 1139 4692 se
1204 4634 1413 4689 facinus
1471 4635 1693 4689 admisit
1736 4654 1750 4689 :
1794 4636 1906 4690 s‘ola

2018 4550 2209 4617 αὑτοῦ,
2258 4555 2354 4607 καὶ
2402 4556 2734 4626 ταπεινωοῇ,
2771 4557 3006 4610 παύεται
3064 4558 3162 4627 μὲν
3218 4561 3317 4629 τῆς
3368 4561 3590 4613 ἐπισκο-

2016 4641 2123 4709 πῆς
2154 4644 2290 4714 (85),
2329 4647 2626 4717 κατάγεται
2654 4648 2710 4700 δὲ
2742 4650 2821 4711 είς
2848 4649 3224 4719 πρεσϐυτέρου
3253 4650 3440 4705 τόπον.

347 4733 391 4784 ls
419 4729 736 4794 ambitione,
765 4728 1048 4796 laudisque
1080 4726 1431 4780 immoderata
1462 4726 1756 4794 cupiditate
1780 4729 2046 4795 peccavit.
2116 4733 2186 4789 Ut
2247 4736 2410 4806 igitur
2493 4749 2715 4807 peccato
2798 4741 3201 4797 animadversio
3240 4744 3588 4818 respondeat,

348 4824 738 4891 temerari-aque
768 4819 999 4875 hominis
1021 4818 1185 4873 elatio
1215 4819 1620 4888 comprimatur,
1652 4820 1719 4873 ab
1785 4821 2092 4892 episcopatu
2153 4831 2386 4897 gerendo
2457 4832 2737 4899 desistere,
2808 4843 2967 4904 atque
3042 4835 3095 4889 in
3158 4840 3589 4907 presbyterorum

346 4918 586 4971 ordinem
623 4915 824 4971 traduci
849 4915 1023 4983 jubet.

353 5012 582 5069 ARIST.
624 5031 642 5064 ι
684 5010 977 5079 Episcopus
1006 5010 1058 5064 in
1086 5010 1190 5064 alia
1217 5009 1348 5064 urbe
1375 5023 1440 5063 ne
1468 5008 1684 5079 publice
1702 5010 1915 5069 doceat.

430 5128 446 5157 ι
482 5104 574 5160 Sin
605 5105 706 5158 hoc
771 5103 961 5157 fecisse
1012 5102 1380 5171 deprehensus
1436 5100 1617 5169 fuerit,
1679 5103 1744 5173 ab
1800 5104 1916 5173 epi-

426 5219 443 5251 ι
487 5208 705 5265 scopatu
768 5197 1020 5261 desistat,
1083 5194 1377 5266 presbyteri
1440 5193 1749 5250 muneribus
1794 5195 1917 5251 fun-

425 5310 445 5344 ι
483 5306 636 5362 gens.
678 5310 698 5343 ι

2031 5020 2255 5074 ΑΡΙΣΤ.
2307 5039 2325 5072 ι
2375 5020 2703 5086 Ἐπίσκοπος
2745 5024 2804 5076 ἐν
2856 5025 3022 5097 έτέρᾳ
3062 5026 3213 5080 πόλει
3240 5028 3480 5101 δημοσία
3514 5032 3591 5101 μὴ

2101 5129 2120 5161 ι
2165 5111 2466 5165 διδασκέτω
2483 5127 2498 5143 ·
2527 5113 2576 5165 εί
2599 5112 2657 5165 δὲ
2689 5116 2937 5187 φωραθῇ,
2961 5119 3217 5172 παυέσθω
3243 5121 3342 5190 τῆς
3362 5119 3591 5176 ἐπισκο-

2098 5223 2119 5257 ‹
2160 5204 2291 5274 πῆς,
2315 5203 2385 5257 τὰ
2412 5202 2521 5259 τῶν
2560 5205 2948 5277 πρεσϐυτέρων
2976 5210 3241 5280 ἐνεργῶν.
3281 5229 3301 5263 ι

1548 5408 1750 5470 Guill.
1791 5407 2119 5487 Beveregii
2163 5410 2352 5468 notua.

424 5516 534 5605 65)
556 5535 805 5605 Παύεται
826 5532 941 5601 μὲν
971 5533 1079 5600 τῆς
1098 5506 1517 5605 ἐπισκοπικῆς.
1547 5530 1743 5605 Εοόρκ
1761 5530 1927 5585 Tilia-

353 5601 457 5665 nus
493 5601 648 5675 quem
693 5601 954 5657 ﬂet'vettts
985 5602 1282 5675 transtulit,
1309 5602 1919 5675 cunrAmerbacttiann,

354 5680 469 5754 haec
503 5671 671 5754 usque
701 5678 765 5727 ad
798 5674 1165 5754 πρεσϐυτέρου
1216 5672 1489 5754 τιμὴνιδίο
1531 5672 1657 5739 legit
1686 5671 1919 5754 παύεται

359 5750 454 5820 μὲν
478 5748 571 5817 τῆς
596 5741 922 5820 ἐπιεξξεοπῆς,
948 5741 1417 5820 κατατάττεταιδὲ
1438 5743 1517 5803 εἰς
1539 5741 1913 5820 πρεσϐυτέρου

353 5812 572 5891 item;
622 5812 867 5887 Reliqua
905 5815 971 5871 ad
1032 5818 1191 5871 linem
1257 5812 1420 5882 hujus
1482 5812 1676 5866 schotii
1706 5827 1767 5866 ex
1806 5826 1909 5865 tos.

2040 5530 2346 5601 Bodleiano
2375 5527 2720 5601 restituimus
2752 5544 2768 5581 :
2802 5531 3170 5601 qumquidem
3197 5548 3303 5589 non
3335 5536 3509 5593 solum
3538 5540 3592 5592 in

2028 5602 2268 5656 editione
2322 5599 3032 5664 Parisiensi,verumetiatn
3086 5603 3141 5655 in
3195 5619 3298 5659 ms.
3337 5608 3597 5663 Amerha-

2029 5672 2213 5725 chian.
2256 5669 2661 5724 desiderantur.
2710 5667 2815 5722 Sed
2872 5670 2929 5724 in
2969 5672 3156 5726 cbdice
3187 5671 3399 5735 Titiano
3458 5678 3594 5732 lecta

2023 5742 2214 5807 fuisse,
2246 5740 2437 5794 Latina
2463 5737 2679 5795 Hcrvcti
2715 5741 2924 5795 tralatio
2949 5742 3305 5800 demonstran
