3984 6474
308 260 409 325 5θὶ

1569 259 1847 320 TIIEOD.
1900 258 2134 316 BALSA
2149 255 2309 315 ΜοΝ

3432 252 3556 316 502

301 375 508 430 erroris
536 389 599 428 ac
637 372 1004 443 improbitatis
1032 369 1405 428 amulatorem
1444 370 1639 438 deponi
1675 378 1875 438 ptacet.

2006 381 2071 426 νος
2104 364 2212 433 γὰρ
2241 359 2667 431 ὲξὴτειδοθῆναι
2718 356 2870 429 αὐτῷ
2918 357 3011 410 ἐπὶ
3066 357 3350 429 χρήμασιν
3396 358 3561 415 ὢνιον

300 466 409 524 iste
468 469 610 522 enim
670 466 850 519 oblato
900 464 1115 535 pretio,
1186 462 1405 532 rependi
1465 461 1565 515 sibi
1630 460 1870 515 vicissim

303 560 480 616 sancti
520 558 754 627 bpiritus
788 560 1019 625 gratiam
1053 554 1390 626 postulabat.

300 650 529 707 ARIST.
585 668 604 701 ι
655 650 757 714 Qui
816 648 1212 703 immaculatum
1266 644 1579 715 impertitur
1632 657 1875 697 commu-

378 757 398 790 ο
445 739 681 803 nionem,
704 750 755 791 et
782 737 998 791 obolum
1025 737 1107 791 vel
1133 736 1275 790 aliud
1296 738 1655 804 quodcunque
1680 733 1870 802 exigit,

376 848 394 879 ι
432 830 754 896 deponatur.
798 846 816 879 ι
861 826 1201 893 Perspicuus.

763 918 920 988 133
950 916 1181 971 canos
1218 915 1409 970 xxw.

306 1029 324 1063 ι
363 1010 438 1065 Ne
460 1011 542 1064 cui
575 1010 730 1064 liceat
754 1025 943 1063 eorum
969 1007 1059 1076 qui
1092 1006 1144 1060 in
1183 1004 1503 1060 sacerdotali
1531 1003 1721 1059 ordine
1744 1020 1875 1059 enu-

378 1117 397 1151 t
434 1107 733 1161 merantur,
762 1096 844 1151 vel
875 1097 1282 1160 monachorum,
1317 1094 1371 1148 in
1403 1111 1662 1164 equorum
1702 1097 1876 1149 curri-

379 1208 397 1242 ‹
434 1189 568 1243 culis
599 1189 918 1249 subsistere,
957 1187 1035 1240 vel
1092 1187 1335 1241 scenicos
1376 1185 1528 1240 ludos
1578 1184 1872 1239 sustinere.

377 1302 394 1333 ι
432 1280 538 1336 Sed
591 1290 644 1335 et
697 1280 743 1334 si
792 1278 914 1347 quis
942 1276 1169 1331 clericus
1219 1276 1285 1329 ad
1343 1276 1560 1342 nuptias
1613 1284 1873 1340 vocetur,

378 1392 397 1425 ι
436 1374 653 1441 quando
682 1371 748 1425 ad
780 1370 1152 1439 deceptionem
1181 1375 1493 1434 comparata
1528 1365 1731 1419 ludicra
1791 1366 1875 1419 iu-

384 1486 401 1519 ι
440 1480 619 1536 gressa
650 1462 889 1527 fuerint,
916 1468 1100 1529 surgat
1143 1470 1195 1513 et
1245 1471 1277 1510 ο
1326 1458 1553 1526 vestigio
1593 1456 1871 1520 discedat,

383 1577 401 1610 ι
440 1558 657 1611 Patrum
690 1562 997 1608 nostrorum
1028 1552 1106 1605 sic
1130 1549 1354 1619 jubente
1381 1550 1645 1603 doctrina.
1674 1548 1727 1602 Si
1752 1548 1877 1618 quis

382 1668 402 1702 ‹
435 1657 613 1703 autem
645 1645 765 1715 ejus
796 1643 874 1698 rei
897 1642 1218 1713 conjuncws
1245 1641 1430 1710 fuerit,
1468 1640 1551 1696 vel
1591 1650 1769 1696 cesset
1793 1640 1876 1695 vel

381 1757 402 1791 ι
442 1740 768 1807 tlepOuatur.
809 1754 829 1787 ι

375 1828 571 1883 B\LS.
621 1827 1027 1892 Cousequenter
1075 1822 1144 1877 54
1189 1821 1383 1876 cationi
1434 1818 1624 1891 synodi
1680 1818 1880 1873 Laodi-

308 1936 454 1975 ceam
486 1917 733 1986 prohibet
778 1916 940 1969 etiam
989 1927 1228 1982 prmsens
1276 1925 1447 1965 canon
1500 1910 1555 1964 in
1616 1923 1879 1978 equorum

305 2011 634 2067 curriculum
667 2006 959 2062 ascendere
990 2004 1072 2058 vel
1105 2004 1415 2057 sacerdotes
1439 2001 1519 2055 Vel
1561 2000 1881 2066 monachos,

307 2104 391 2157 vel
455 2101 700 2157 scenicos
736 2100 899 2153 etiam
950 2096 1105 2151 ludos
1158 2096 1346 2150 audire
1400 2111 1416 2149 :
1472 2093 1770 2160 adjicieus,
1828 2100 1888 2145 ut

306 2194 489 2249 clerici
525 2197 591 2246 ad
623 2192 836 2261 nuptias
873 2189 1045 2243 vocati
1074 2186 1173 2255 (de
1205 2184 1486 2240 monachis
1522 2185 1666 2236 enim
1700 2182 1886 2236 dicere

308 2284 558 2341 Patribus
588 2299 615 2336 a
652 2283 861 2335 ratione
891 2280 1124 2333 alienum
1149 2277 1323 2332 visum
1360 2287 1468 2339 est,
1519 2277 1661 2344 quod
1711 2274 1763 2327 id
1815 2272 1887 2326 sit

310 2375 475 2431 nimis
509 2372 864 2430 indecorum)
901 2370 1157 2424 recedant
1212 2382 1335 2422 cum
1390 2365 1630 2437 primum
1676 2364 1884 2418 ludicra

313 2464 555 2533 ingressa
581 2460 803 2516 fuerint.
837 2460 940 2514 Sed
969 2457 1285 2512 Laodicena:
1310 2455 1524 2525 quidem
1558 2470 1678 2524 syn.
1706 2467 1884 2508 canon

313 2558 369 2611 in
397 2555 514 2625 ejus
541 2562 943 2622 contemptores
983 2566 1093 2605 non
1144 2546 1568 2603 animadvertit:
1598 2546 1685 2600 hic
1709 2557 1887 2598 autem

314 2644 825 2712 admonetquidem,
852 2652 910 2696 ιιι
932 2642 1020 2710 qui
1061 2641 1166 2696 tale
1189 2640 1318 2709 quid
1353 2638 1558 2693 faciunt
1589 2638 1889 2700 desistant;

314 2740 557 2793 siautem
595 2750 700 2791 non
742 2736 1023 2801 desistant,
1058 2733 1406 2804 deponendos
1437 2730 1707 2786 decernit.
1746 2727 1883 2783 Cum

311 2830 371 2884 hi
416 2831 522 2883 duo
554 2842 793 2883 canOues
839 2829 952 2880 lucc
1012 2827 1230 2887 dicant,
1283 2835 1336 2878 et
1384 2822 1773 2892 propemodum
1824 2819 1889 2872 ab

312 2919 571 2974 Ecclesia:
595 2929 742 2987 parte
766 2915 1023 2987 prohibiti
1053 2915 1159 2970 sint
1201 2913 1452 2968 monachi
1484 2921 1538 2965 et
1580 2909 1891 2965 sacerdotes

314 3027 504 3068 euntes
537 3012 600 3065 ad
633 3025 894 3078 equorum
918 3022 1105 3062 cursos
1131 3006 1397 3061 videndos
1448 3005 1713 3075 accedere
1737 3043 1753 3068 ,
1804 3002 1892 3057 di-

1982 457 2081 528 τὴν
2108 458 2271 525 χάριν
2293 455 2387 507 τοῦ
2422 452 2758 523 ἱΙνεύματος.

1968 633 2204 689 κΑΡΙΣΤ.
2241 652 2259 685 ι
2305 634 2363 686 '0
2398 634 2497 702 τῆς
2536 633 2809 703 ἀχράντου
2871 630 3194 702 μεταδιδοὺς
3245 632 3558 696 κοινωνίας,

2057 746 2076 777 τ
2117 726 2211 779 καὶ
2245 724 2434 778 ὀϐολὸν
2468 725 2774 795 ἀπαιτῶνῆ
2826 724 3015 795 ἕτερον
3071 718 3231 788 εἶδος,
3274 722 3562 794 καθαιρείε-

2057 838 2075 869 ι
2118 819 2246 872 σθω.
2275 835 2292 868 ι
2333 816 2560 885 Σαφής.

2568 910 2805 963 ΚΛΝΩΝ
2832 911 2960 965 KA'.

1984 1019 2004 1051 ι
2041 1001 2133 1071 Μὴ
2182 1002 2387 1066 ἐξέστω
2428 1004 2534 1057 τινὶ
2565 1002 2674 1055 τῶν
2703 1002 2763 1053 ὲν
2792 1000 3054 1071 ἱερατικῷ
3103 1001 3561 1071 καταλεγομένων

2059 1113 2077 1143 ι
2121 1094 2361 1162 τάγματι
2398 1096 2430 1166 ἢ
2467 1094 2688 1164 μοναχῴ
2732 1095 2788 1145 ἐν
2824 1094 3209 1163 ἱπποδρομίαις
3258 1095 3489 1156 ἀν.ἐναι,
3521 1092 3557 1160 ἢ

2056 1205 2074 1236 t
2124 1184 2429 1254 θυμελικῶν
2454 1185 2726 1253 παιγνίων
2753 1182 3062 1252 ἀνέχεσθαι.
3114 1184 3252 1235 Ἀλλ’
3281 1186 3328 1235 εἰ
3356 1183 3447 1235 καί
3474 1200 3563 1245 τις

2060 1291 2077 1323 t
2125 1272 2383 1342 κληρικὺς
2416 1272 2642 1342 κληθείη
2673 1273 2731 1323 ὲν
2757 1272 2943 1340 γάμῳ,
2968 1271 3129 1342 ἡνίκα
3153 1272 3220 1324 τὰ
3250 1274 3383 1341 πρτς
3412 1273 3560 1324 ἀπά-

2059 1387 2075 1418 ι
2123 1365 2535 1435 τηνεὶσὲλθοιεν
2575 1364 2823 1432 παίγνια,
2846 1364 3212 1433 ὲξαναστήτω,
3236 1368 3326 1417 καὶ
3359 1363 3565 1416 αὐτίκα

2060 1475 2078 1509 ι
2124 1456 2499 1526 ἀναχωρείτω,
2521 1455 2663 1507 οὕτω
2689 1456 2788 1520 τῆς
2817 1456 2924 1507 τῶν
2951 1456 3210 1525 Πατέρων
3230 1458 3361 1525 ἡμῖν
3386 1471 3563 1525 προσο

2062 1567 2081 1600 t
2127 1548 2431 1616 ταττούσης
2494 1546 2864 1610 διδασκαλίας.
2919 1548 2979 1599 Ei
3018 1547 3076 1601 δέ
3123 1565 3207 1609 τις
3256 1547 3354 1600 ἐπὶ
3385 1546 3564 1617 τούτῳ

2059 1656 2077 1689 ι
2120 1635 2257 1704 ἀλῷ,
2288 1637 2322 1707 ἢ
2352 1638 2656 1691 παυσάσθω
2683 1637 2717 1708 ἢ
2751 1637 3140 1710 καθαιρείσθω.
3179 1655 3200 1691 ι

2052 1821 2257 1875 ΒΑΛΣ.
2324 1819 2664 1885 ’Δκολούθως
2693 1819 2773 1891 τῷ
2800 1818 2872 1874 νδ⁰
2902 1821 3088 1875 κανόνι
3115 1821 3215 1892 τῆς
3265 1823 3322 1875 ὲν
3370 1822 3565 1875 Λαοδι-

1983 1911 2109 1983 κείᾳ
2164 1912 2389 1965 συνόδου
2426 1912 2764 1982 ἀπαγορεύει
2813 1912 2967 1966 καὶὸ
3001 1912 3193 1984 παρὼν
3243 1913 3425 1967 κανὼν
3476 1914 3564 1978 εἰς

1982 2004 2355 2074 ἱπποδρομίαν
2406 2005 2617 2057 ἀνιέναι
2664 2004 2974 2074 ίερατικοὺς
3003 2004 3359 2075 ἣεμοναχοὺς,
3395 2006 3428 2077 ἢ
3466 2005 3567 2058 θυ-

1989 2094 2226 2166 μελικῶν
2260 2097 2531 2164 παιγνίων
2552 2096 2796 2149 ἀκούειν’
2832 2097 3208 2168 προσθέμενος
3237 2098 3366 2162 τοὺς
3395 2115 3566 2168 μετα-

1986 2186 2360 2256 καλουμένους
2385 2189 2464 2251 είς
2494 2188 2671 2257 γάμον
2705 2187 3009 2258 κληρικοὺς
3046 2189 3209 2260 (περὶ
3241 2190 3351 2259 γὰρ
3385 2206 3558 2259 μονα-

1987 2296 2097 2349 χων
2148 2280 2326 2332 εἰπεῖν
2379 2279 2581 2332 ἄτοπον
2634 2279 2889 2350 ἐλογίσθη
2940 2282 3051 2343 τοῖς
3086 2281 3331 2350 [ἱατράσι
3364 2280 3453 2333 διὰ
3497 2279 3565 2333 τὸ

1988 2370 2170 2439 πάντη
2209 2369 2479 2438 ἀπρεπὲς)
2536 2373 2847 2441 ἀναχωρεῖν
2902 2371 3018 2441 ἅμα
3056 2372 3145 2443 τῷ
3202 2372 3463 2426 εἰσελθεῖν
3493 2374 3564 2426 τὰ

1989 2461 2241 2528 παίγνια.
2277 2460 2423 2530 Πλὴν
2447 2462 2475 2514 ό
2505 2460 2606 2530 μὲν
2642 2459 2828 2514 κανὼν
2857 2460 2958 2531 τῆς
2988 2462 3047 2513 ὲν
3081 2462 3379 2533 Λαοδικείᾳ
3410 2464 3566 2516 συνό-

1990 2552 2087 2604 δου
2117 2552 2178 2604 οὐ
2210 2551 2425 2615 κολάζει
2455 2554 2580 2615 τοὺς
2607 2552 2876 2623 ἀθετητάς
2898 2552 3087 2606 τούτου
3113 2570 3125 2583 ’
3158 2547 3313 2632 οὗτρς
3338 2554 3394 2607 δὲ
3419 2572 3566 2625 παρ-

1994 2646 2138 2695 αινεῖ
2186 2642 2501 2697 παύσασθαι
2562 2644 2688 2707 τοὺς
2737 2644 2978 2699 τοιοῦτόν
3021 2662 3073 2698 τι
3128 2646 3564 2717 ποιοῦντας-μὴ

1984 2736 2333 2805 παυομένους
2359 2735 2416 2788 δὲ
2466 2735 2856 2807 καθαιρεῖσθαι
2887 2736 3209 2809 διορίζεται.
3240 2738 3424 2792 Ταῦτα
3457 2741 3566 2791 τῶν

1983 2825 2183 2879 διττῶν
2208 2827 2417 2880 τούτων
2447 2828 2694 2881 κανόνων
2742 2829 3035 2898 λεγόντων,
3078 2832 3173 2883 καὶ
3210 2832 3566 2885 κωλυθέντων

1989 2918 2104 2989 πρὸ
2144 2918 2347 2990 μικροῦ
2378 2920 2535 2991 παρά
2584 2920 2678 2974 τοῦ
2715 2922 2912 2991 μέρους
2946 2924 3044 2992 τῆς
3086 2922 3413 2993 Ἐκκλησίας
3457 2923 3567 2976 τῶν

1998 3010 2248 3081 μοναχῶν
2277 3018 2372 3065 καὶ
2409 3013 2519 3065 τῶν
2569 3013 2884 3084 ἱερωμένων
2921 3016 3139 3069 πάντων
3185 3018 3446 3069 ἀπελθεῖν
3486 3020 3569 3079 εἰς

319 3114 514 3159 xerunt
546 3100 811 3163 nonnulli,
847 3099 993 3168 quod
1036 3098 1292 3152 clericum
1313 3095 1529 3165 quidem
1561 3096 1645 3148 vel
1697 3109 1889 3148 mona-

2006 3102 2087 3164 ιάς
2111 3103 2408 3170 γινομένας
2436 3104 2828 3173 ἱπποδρομίας,
2870 3098 3032 3158 εἶπόν
3085 3122 3230 3169 τινες
3263 3106 3343 3160 ὅτι
3370 3106 3433 3159 τὸ
3470 3109 3569 3175 μὶν

318 3201 480 3251 chum
509 3195 574 3248 ad
602 3206 867 3261 equorum
898 3190 1228 3244 curriculum
1284 3202 1388 3242 non
1431 3188 1692 3241 accedere
1715 3223 1733 3250 ,
1795 3198 1893 3237 uec

318 3288 683 3356 spectaculum
706 3284 848 3353 quod
870 3282 1143 3336 clieminat
1160 3281 1530 3350 aspicere,nec
1553 3277 1716 3333 verba
1738 3292 1896 3331 aures

320 3376 974 3449 prastringentiaaudirc,
1004 3383 1086 3426 est
1115 3371 1381 3426 laudabile
1398 3379 1451 3424 et
1482 3371 1717 3423 maxime
1741 3383 1894 3422 com-

321 3472 678 3525 mendandum
706 3485 724 3533 ς
749 3466 1197 3536 quemadmodum
1246 3472 1300 3518 et
1330 3477 1447 3518 esse
1483 3463 1747 3529 virginem
1775 3498 1790 3523 ,
1840 3468 1896 3513 et

320 3563 524 3629 reliqua
546 3576 665 3629 qua:
691 3560 966 3611 hominem
992 3556 1351 3611 sanetilicant.
1397 3554 1453 3608 Si
1508 3554 1630 3621 quis
1673 3560 1891 3615 autem,

320 3670 444 3710 cum
470 3654 621 3723 virgo
652 3666 775 3706 esse
808 3661 1064 3717 nequeat,
1097 3664 1318 3702 uxorem
1344 3645 1556 3700 duxerit
1586 3685 1600 3710 ,
1634 3660 1735 3697 non
1791 3658 1890 3711 pu-

313 3746 502 3800 nietur
528 3760 541 3795 :
567 3742 735 3810 etqui
770 3755 874 3794 non
906 3749 1076 3808 putest
1108 3739 1364 3792 abonmi
1411 3737 1684 3804 voluptate
1730 3732 1898 3788 absti-

322 3851 476 3901 nere,
511 3835 555 3888 si
580 3834 632 3887 in
665 3847 929 3903 equorum
958 3829 1287 3884 curriculum
1324 3828 1483 3883 fuerit
1518 3828 1815 3896 ingressus.
1846 3825 1894 3879 ei

318 3930 478 3983 venia
511 3928 754 3991 dabitur;
783 3936 835 3977 et
875 3925 1043 3992 magis
1072 3925 1115 3975 si
1146 3920 1332 3986 semel,
1354 3934 1473 3973 non
1505 3931 1682 3973 autem
1723 3918 1765 3970 si
1794 3918 1896 3969 im-

322 4020 540 4075 modice
568 4026 747 4083 uteus,
778 4030 837 4070 se
895 4015 947 4070 ei
972 4015 1261 4069 dicaverit.
1295 4011 1391 4066 llic
1443 4011 1591 4064 enim
1627 4026 1772 4075 can.,
1811 4010 1896 4063 in-

315 4112 536 4182 quiunt,
563 4123 774 4173 cursus,
812 4108 903 4177 qui
938 4106 1068 4160 olim
1099 4105 1320 4167 ﬁebant,
1357 4115 1498 4158 vetat
1531 4143 1546 4165 ,
1587 4118 1688 4156 non
1718 4113 1895 4155 autent

323 4207 412 4273 qui
438 4216 580 4256 nunc
600 4201 755 4267 liunt,
793 4199 1141 4268 permittente
1203 4211 1266 4249 ac
1317 4204 1583 4266 praesente
1635 4195 1896 4263 principe.

322 4295 476 4351 Tunc
507 4295 647 4348 enim
677 4308 802 4348 cum
836 4292 1067 4362 populus
1094 4291 1144 4343 in
1178 4289 1283 4344 illis
1315 4304 1578 4359 equorum
1611 4288 1897 4342 curriculis

324 4389 487 4443 nimia
519 4383 882 4441 libertatevel
931 4385 1107 4453 potius
1141 4382 1357 4436 licentia
1410 4390 1654 4434 uteretur
1678 4419 1694 4445 ,
1728 4392 1897 4445 equo-

325 4496 551 4549 rumque
581 4493 774 4533 cursus
808 4476 1108 4530 celebraret
1132 4475 1406 4543 quontodo
1439 4483 1492 4527 et
1539 4471 1756 4539 quando
1800 4485 1895 4523 vo-

322 4572 528 4634 lebant,
553 4570 714 4639 inque.
746 4568 981 4639 propriis
1006 4567 1258 4635 expensis
1281 4604 1297 4629 ,
1328 4576 1387 4618 ut
1433 4566 1521 4631 qui
1574 4563 1795 4617 haberet
1844 4570 1898 4615 ct

323 4665 515 4718 domos
542 4671 595 4715 et
624 4676 795 4729 equos
828 4668 885 4714 et
920 4659 1128 4713 Stabula
1161 4697 1177 4722 ,
1231 4670 1350 4725 qua:
1407 4657 1471 4707 ad
1535 4654 1678 4707 hunc
1729 4666 1900 4722 usque

326 4756 467 4811 diem
518 4762 928 4815 servantur,et
993 4750 1197 4803 reditus
1267 4764 1365 4817 pro
1431 4747 1538 4801 illis
1562 4746 1900 4801 celebrandis

323 4845 634 4910 curriculis,
657 4855 711 4898 et
750 4846 1040 4912 imperator
1057 4842 1390 4896 invitaretur
1415 4880 1429 4900 ,
1463 4839 1662 4893 nullam
1721 4850 1898 4892 autem

327 4942 394 4995 ad
422 4953 541 4994 eam
574 4953 686 4992 rem
723 4944 1044 5005 potestatem
1078 4935 1327 4997 haberet,
1357 4933 1500 4986 illius
1533 4947 1726 4985 cursus
1760 4941 1899 4983 tem-

326 5048 461 5103 pore
492 5031 653 5084 multa
688 5029 989 5082 turbulenta
1022 5038 1075 5081 et
1102 5027 1334 5080 absurda
1378 5025 1489 5079 lieri
1523 5023 1898 5094 contingebat;

323 5142 453 5182 cum
490 5123 577 5177 alii
615 5123 833 5192 quidem
870 5122 1062 5189 p0pulo
1096 5121 1444 5181 Venetorum,
1478 5118 1566 5171 alii
1609 5132 1736 5171 vero
1767 5118 1901 5169 l’ra-

329 5219 571 5273 sincrum
600 5215 738 5285 parti
769 5214 1193 5282 adjuugercutur
1224 5228 1239 5264 :
1273 5211 1560 5280 aliquando
1586 5226 1716 5264 vero
1735 5211 1899 5263 etiam

332 5308 474 5365 bella
499 5306 753 5360 intestina
784 5305 1017 5359 excitata
1053 5315 1173 5356 sunt
1198 5304 1335 5356 inter
1382 5305 1640 5355 adverras
1683 5313 1899 5370 partes,

331 5409 387 5454 et
413 5399 466 5451 in
495 5396 838 5464 imperatoris
855 5402 1145 5463 conspectu
1174 5394 1336 5445 verba
1368 5392 1530 5445 etiam
1569 5393 1898 5459 impudentia

332 5491 616 5563 populares
657 5496 1016 5551 eru.taruut,
1053 5483 1504 5552 quemadmodum
1554 5499 1619 5537 ex
1672 5484 1901 5538 diversis

334 5579 603 5637 chronicis
631 5575 965 5639 ostenditur;
1001 5575 1139 5627 sicut
1181 5574 1384 5627 factum
1414 5585 1498 5628 εει
1532 5583 1790 5645 regnante
1811 5574 1900 5627 Ju-

332 5675 590 5738 stiniano,
621 5680 672 5725 et
715 5678 959 5738 tempore
994 5666 1262 5721 Anastasii
1307 5678 1360 5721 et
1408 5667 1605 5723 Phocae
1654 5669 1901 5738 tyranni,

2001 3191 2075 3263 μή
2112 3192 2368 3246 ἀπελθεῖν
2404 3195 2699 3265 μοναχὸνῆ
2748 3195 3008 3267 κληρικδν
3064 3199 3145 3259 εἰς
3190 3198 3569 3267 ἱπποδρόμιον,

2000 3284 2132 3355 μηδὲ
2184 3285 2311 3337 ἰδεῖν
2366 3285 2599 3357 θεωρίαν
2646 3286 2745 3357 τὴν
2779 3288 2905 3357 ὄψιν
2965 3288 3390 3359 ἐκθηλύνουσαν,
3432 3289 3571 3358 μηδὲ

2000 3376 2262 3446 ῥημάτων
2290 3376 2669 3447 ἀκροάσασθαι
2698 3380 3219 3448 καταγοητευόντων
3246 3380 3342 3450 τὴν
3372 3380 3569 3450 ἀκοὴν,

1999 3469 2278 3521 ἐπαινετόν
2302 3470 2415 3522 ἐστι
2463 3469 2558 3522 καὶ
2584 3469 2784 3540 πολλῆς
2821 3471 3168 3541 εὐχαριστίας
3183 3470 3569 3539 ἄξιονοηῶσπερ

2000 3561 2098 3613 καὶ⁵
2146 3562 2208 3614 τὸ
2238 3561 2592 3631 παρθενεύειν
2645 3562 2740 3615 καὶ
2770 3563 2837 3616 τά
2865 3563 3028 3617 λοιπά
3059 3564 3127 3617 τά
3156 3564 3247 3616 τὸν
3280 3562 3571 3634 ἄνθρωπον

2002 3653 2316 3721 ἀγιάζοντα·
2353 3657 2403 3707 ει
2431 3654 2488 3707 δέ
2525 3671 2609 3716 τις
2650 3654 2725 3725 μὴ
2763 3654 3061 3725 δυνάμενος
3092 3654 3445 3723 παρθενεύειν
3467 3672 3571 3723 γα·

2005 3746 2190 3818 μήσει,
2222 3747 2283 3799 ού
2314 3748 2741 3819 κολασθήσεται·
2770 3748 2866 3800 καὶ
2892 3750 2921 3799 ὁ
2950 3746 3025 3817 μὴ
3052 3747 3349 3817 δυνάμενος
3364 3750 3519 3799 mw:
3540 3763 3571 3809 ς

2000 3838 2250 3909 ὲνηδόνου
2305 3838 2629 3909 ἀπέχεσθαι,
2687 3840 2781 3892 εὰν
2805 3838 3008 3909 ἀνέλθῃ
3062 3839 3140 3902 είς
3189 3838 3571 3908 ἱπποδρόμιον,

2002 3930 2508 4001 συγγνωσθήσεται·
2562 3932 2659 3984 καὶ
2710 3930 2910 4002 μᾶλλον
2956 3931 3052 3983 ἐὰν
3104 3930 3321 3998 ἐφάπαξ
3374 3931 3467 3984 καὶ
3504 3930 3570 3982 ού

2000 4022 2140 4075 κατὰ
2173 4022 2521 4094 παράχρησιν
2555 4024 2635 4085 εἰς
2664 4022 2821 4076 τοῦτο
2852 4021 3079 4075 ἐκδώσει
3122 4023 3344 4075 ἑαυτόν.
3379 4021 3437 4075 '0
3461 4022 3571 4094 γάρ

2000 4114 2179 4168 κανὼν
2206 4110 2383 4179 οἶτος,
2412 4116 2566 4183 φασὶ,
2594 4115 2693 4177 τὰς
2723 4116 2852 4168 ποτὲ
2881 4114 3174 4184 γινομένας
3199 4116 3571 4186 ἱπποδρομίας

2000 4205 2354 4276 ἀπαγορεύει,
2387 4207 2448 4259 ού
2499 4205 2607 4277 μὴν
2653 4207 2755 4269 τὰς
2782 4208 3025 4278 σήμερον
3060 4207 3394 4277 τελουμένας
3448 4208 3569 4261 κατ’

2003 4298 2305 4369 ἐπιτροπὴν
2333 4300 2426 4350 καὶ
2461 4299 2765 4369 παρουσίαν
2799 4297 3113 4369 βασιλικήν.
3142 4300 3275 4351 Τότε
3312 4299 3413 4369 μὲν
3457 4302 3569 4372 γάρ

2001 4388 2109 4440 τῶν
2139 4389 2324 4459 δήμων
2354 4388 2887 4454 κατεξουσιαζόντων
2926 4391 2983 4442 ὲν
3005 4392 3124 4452 ταῖς
3155 4389 3568 4460 ἱπποδρομίαις,

2005 4474 2098 4527 καὶ
2147 4475 2444 4530 ποιούντων
2475 4477 2682 4539 ταύτας
2709 4480 2797 4530 ὅτε
2846 4478 2941 4530 καὶ
2982 4478 3129 4539 ὅπως
3178 4477 3471 4548 ἠϐούλοντο
3507 4482 3573 4533 ἐκ

2000 4565 2400 4636 δαπανημάτων
2427 4567 2665 4633 οἰκείων,
2711 4568 2788 4631 ὡς
2836 4570 2928 4622 καὶ
2977 4570 3208 4639 ἑχόντων
3241 4571 3448 4636 οἴκους,
3472 4574 3574 4625 καὶ

2005 4656 2224 4721 ἵππους,
2256 4659 2351 4709 καὶ
2388 4657 2656 4723 ἱππῶνας,
2687 4660 2813 4721 τοὺς
2849 4660 2943 4712 καὶΙ
2973 4660 3134 4729 μέχρι
3168 4661 3260 4713 καὶ
3291 4661 3384 4713 νῦν
3414 4679 3575 4732 περι-

2004 4749 2372 4819 σωζομένους,
2398 4751 2492 4803 καὶ
2525 4751 2821 4821 προσόδους
2844 4751 3005 4821 χάριν
3031 4752 3138 4803 τῶν
3169 4753 3567 4824 ἱπποδρομιῶν.

2003 4843 2098 4895 κλὶ
2130 4843 2222 4895 τοῦ
2261 4842 2527 4912 βασιλέως
2575 4844 3086 4915 προσκαλουμένων,
3144 4846 3239 4899 καὶ
3284 4847 3363 4908 εἱς
3410 4844 3571 4899 τοῦτο

2007 4934 2081 5005 μὴ
2111 4933 2540 5000 ὲξουσιάζοντος,
2575 4934 2747 4988 πολλὰ
2801 4935 3070 5005 στασιώδη
3108 4936 3200 4989 καὶ
3246 4936 3422 4989 ἄτοπα
3450 4954 3575 4991 συν-

2004 5026 2232 5078 ἐπιπτον
2288 5024 2536 5093 γίνεσθαι
2567 5025 2711 5080 κατά
2778 5026 2871 5080 τὸν
2904 5026 3004 5095 τῆς
3035 5027 3399 5095 ἱπποδρομίας
3448 5045 3576 5080 και-

2006 5118 2118 5190 ρον,
2150 5118 2258 5170 τῶν
2312 5117 2411 5187 μὲν
2459 5117 2909 5188 προστιθεμένων
2954 5118 3032 5189 τῷ
3062 5119 3225 5189 δήμῳ
3277 5119 3384 5172 τῶν
3422 5119 3579 5172 Deve-

2002 5209 2133 5271 τῶν.
2158 5209 2265 5260 τῦν
2286 5208 2344 5260 δὲ
2374 5207 2449 5278 τῷ
2498 5207 2655 5278 μέρει
2683 5208 2792 5261 τῶν
2824 5209 3109 5279 Πρασίνων
3135 5226 3147 5237 ·
3179 5212 3237 5260 ἐν
3262 5212 3475 5278 καιροῖς
3519 5209 3576 5262 δέ

2003 5318 2114 5354 τισι
2158 5302 2254 5354 καὶ
2299 5301 2528 5372 πόλεμοι
2571 5302 3049 5372 συνεκροτήθησαν
3088 5301 3345 5370 ἐμφύλιοι
3406 5301 3574 5371 μέσον

2005 5391 2113 5443 τῶν
2144 5391 2437 5443 ἀντιθέτων
2472 5390 2675 5460 μερῶν,
2712 5398 2805 5442 καὶ
2852 5392 2991 5443 κατα
3028 5394 3123 5461 τῆς
3168 5390 3443 5459 βασιλείου
3478 5406 3577 5441 πε-

2010 5484 2220 5554 ριωπῆς
2255 5482 2446 5553 ἀναιδῆ
2492 5484 2712 5552 ῥήματα
2760 5483 2807 5535 οί
2879 5482 3112 5555 δημόται
3171 5483 3577 5553 ἁπηρεύξαντο,

2009 5571 2191 5634 καθὼς
2238 5574 2347 5626 ἀπὸ
2384 5573 2659 5641 διιφόρων
2708 5573 2977 5643 χρονικῶν
3016 5574 3178 5627 τοῦτο
3212 5574 3574 5645 rapiantur

2007 5662 2117 5721 οἷ’ἑν
2151 5682 2201 5717 τι
2233 5666 2425 5734 γέγονε
2460 5666 2553 5715 ἐπὶ
2605 5664 2698 5716 τοῦ
2739 5664 3006 5734 βασιλέως
3046 5661 3449 5731 ’ἱουστινιανοῦ,
3487 5661 3582 5716 ἐπὶ
