3984 6474
372 482 480 546 593
1404 472 1488 535 IN
1525 470 1689 533 CAN.
1733 467 1918 531 XXIV
1957 463 2164 531 CONC.
2208 467 2290 535 ΙΝ
2328 473 2649 536 TRULLO.
2804 489 2809 493 '
3493 464 3623 532 V594

372 594 470 651 τοῦ
510 592 890 659 Ἀναστασίου,
933 591 1026 645 ἐπὶ
1073 589 1167 646 τοῦ
1202 590 1368 644 Φωκᾶ
1415 588 1509 643 τοῦ
1543 585 1831 656 τυράννου,
1863 578 1956 636 καὶ
1980 604 1997 637 Α

2099 594 2110 638 ι
2142 587 2369 642 aliorum
2399 588 2592 657 imper.
2626 584 2733 642 Sed
2750 594 2804 641 et
2823 584 3076 656 depositis
3105 581 3418 654 pignoribus
3437 579 3626 637 indere

316 744 321 748 .
375 690 473 743 ιπὶ
496 690 699 761 ἑτέρων
727 686 1013 757 βασιλέων.
1052 685 1212 738 Ἀλλά
1226 684 1321 737 καὶ
1344 680 1691 750 συνθηκίζειν
1712 678 1778 731 τὰ
1804 676 1950 746 μέρη

2099 688 2234 734 artes
2264 694 2368 733 non
2407 679 2708 746 prohibitze,
2740 694 2836 746 per
2872 677 3010 732 talos
3036 685 3091 731 et
3138 676 3406 730 fortunam
3452 672 3627 727 victo-

379 785 461 854 μὴ
514 781 859 851 κωλυόμενα,
905 779 994 832 διὰ
1046 777 1240 830 κόττου
1281 777 1378 829 καὶ
1428 774 1597 843 τύχης
1646 773 1746 842 τὴν
1785 770 1947 837 νίκην

380 873 768 928 ἀνεκαλοῦντο.
814 872 996 942 Ὅπερ
1041 872 1155 933 τοῖς
1206 870 1371 931 θείοις
1437 866 1629 922 κανόσι
1674 863 1955 925 παντελῶς

381 964 785 1034 ἀπηγόρευται.
852 963 1184 1029 Ἐπέτρεπον
1240 958 1297 1011 δὲ
1329 958 1424 1009 καὶ
1451 959 1548 1019 τὰς
1589 952 1958 1024 θηριομαχίας

383 1057 485 1109 καὶ
513 1054 650 1111 ἀλλα
690 1054 813 1107 τινὰ
846 1052 1051 1120 αἰσχρά
1080 1051 1173 1104 καὶ
1204 1049 1454 1117 ἀπρεπῆ.
1480 1046 1580 1101 Διὰ
1610 1046 1718 1113 γὰρ
1772 1043 1958 1107 τοῦτο,

383 1147 540 1216 φασὶ,
578 1144 671 1198 καὶ
692 1147 719 1199 ὁ
748 1149 829 1196 va.’
872 1142 1055 1195 κανὼν
1082 1141 1185 1208 τῆς
1219 1138 1504 1209 παρούσης
1560 1135 1777 1189 συνόδου
1815 1135 1961 1187 ἀπα-

384 1239 608 1309 γορεύει
656 1237 781 1299 τοὺς
840 1237 1062 1307 μίμους,
1114 1233 1210 1287 καὶ
1244 1235 1315 1285 τὰ
1361 1231 1589 1301 θέατρα,
1619 1228 1715 1282 καὶ⁵
1752 1227 1821 1282 τὰ
1852 1226 1963 1279 τῶν

384 1332 665 1401 κῦνηγίων
699 1328 924 1397 θεώρια,
960 1327 1055 1379 καὶ
1080 1326 1179 1388 τὰς
1207 1325 1299 1378 ἐπὶ
1333 1322 1541 1391 σκηνῆς
1563 1320 1841 1391 ὀρχήσεις
1868 1317 1965 1370 καί⁸

386 1427 687 1496 διορίζεται
738 1421 867 1483 τοὺς
923 1416 1344 1487 καταφρονητάς
1405 1412 1594 1476 αὐτοῦ,
1666 1408 1967 1479 κληρικοὺς

390 1516 493 1586 μὲν
519 1515 697 1577 ὂντας,
748 1509 1152 1580 καθαιρεῖσθαι,
1183 1506 1411 1567 λαῖκοὺς
1455 1504 1538 1566 δὲ,
1584 1496 1967 1571 ἀφορίζεσθαι.

389 1607 505 1661 Καὶ
563 1606 627 1658 τὸ
677 1601 835 1665 τέλος
870 1599 965 1654 τοῦ
1009 1596 1070 1653 ιε’
1102 1597 1330 1659 κανόνος
1380 1597 1478 1665 τῆς
1523 1598 1580 1647 έν
1634 1590 1966 1662 Καρθαγένῃ

391 1698 616 1751 συνόδου
646 1695 793 1763 λέγει
823 1692 968 1746 οὕτω
1008 1689 1211 1762 ῥητῶς·
1244 1689 1354 1742 Καὶ
1403 1687 1543 1741 ὥστε
1578 1685 1645 1738 τὰ
1672 1684 1838 1737 τέκνα
1865 1680 1974 1735 τῶν

391 1790 588 1857 ἱερέων
621 1788 824 1856 θεώρια
876 1783 1121 1852 κοσμικά
1156 1779 1231 1853 μὴ
1262 1782 1501 1834 ἐκτελεῖν
1540 1778 1674 1850 μηδὲ
1721 1776 1973 1845 θεωρεῖν.

390 1878 565 1932 Τοῦτο
590 1878 650 1931 δὲ
701 1877 797 1930 καὶ
850 1876 987 1929 πᾶσι
1047 1873 1401 1946 Χριστιανοῖς
1464 1871 1551 1924 ἀεὶ
1606 1869 1973 1938 κεκήρυκται,

392 1972 535 2027 ὥστε
562 1972 698 2025 ὅπου
727 1968 1070 2039 βλασφημίαι
1109 1967 1218 2019 εἱσὶ
1273 1964 1347 2034 μὴ
1382 1965 1687 2033 προσιέναι.
1722 1963 1972 2032 Σήμερον

392 2064 453 2116 δὶ
503 2063 616 2115 τῶν
673 2057 1048 2130 ἱπποδρομιῶν
1085 2055 1430 2125 τελουμένων
1480 2055 1625 2108 κατὰ
1672 2052 1979 2123 παρουσίαν

401 2154 687 2225 βασιλικὴν
731 2151 854 2221 δίχα
886 2150 1130 2203 τοιούτου
1175 2146 1552 2217 ἀποτροπαίου
1585 2145 1754 2210 τινὸς,
1807 2143 1981 2199 κακόν

399 2266 454 2301 τι
478 2246 735 2316 γενέσθαι
790 2245 890 2314 οὐχ
925 2241 1317 2296 ὑποπτεύεται.
1349 2240 1441 2292 Διὸ
1472 2234 1624 2292 εἷπον
1656 2239 1731 2301 ὡς
1762 2239 1983 2292 ἐπαινε-

406 2341 495 2391 τὴν
529 2337 632 2408 μέν
668 2339 787 2389 ἐστι
816 2335 876 2388 τὸ
912 2334 1047 2403 μηδὲ
1082 2332 1219 2395 ὅλως
1240 2331 1432 2401 ἡδονῆς
1459 2330 1519 2394 ea
1551 2329 1917 2399 ἱπποδρομίας
1947 2328 1980 2397 ἢ

406 2432 563 2485 ἄλλου
589 2429 737 2491 τινὸς
765 2428 1049 2503 θυμήρους
1077 2423 1383 2493 γεύσασθαί
1428 2440 1570 2477 τινα·
1601 2423 1905 2475 ἀκόλαστον
1925 2420 1984 2473 δὲ

403 2526 498 2578 καὶ
519 2524 582 2576 τὸ
604 2521 720 2593 (88)
736 2524 816 2582 εἱς
831 2518 1085 2580 τοιαύτας
1111 2515 1476 2586 ἱπποδρομίας
1499 2515 1796 2584 κληρικοὺς
1818 2512 1988 2581 ἀπέρ-

400 2616 620 2686 χεσθαι.
646 2614 709 2667 Ei
752 2613 866 2682 γὰρ
905 2614 1056 2665 πᾶσα
1090 2607 1421 2679 ἱπποδρομία
1449 2609 1484 2677 ἦ
1512 2624 1570 2660 τε
1617 2606 1853 2659 ἔκπαλαι
1901 2621 1990 2658 τε-

400 2707 643 2775 λουμένη
675 2705 769 2757 καὶ
792 2707 824 2774 ή
855 2705 1095 2774 σήμερον
1124 2702 1386 2772 γινομένη
1409 2699 1818 2770 ἀπαγορεύεται
1845 2698 1989 2752 κατά

402 2800 535 2862 τοὺς
559 2798 811 2863 πολλοὺς,
838 2795 1030 2867 ῶσπερ
1059 2795 1125 2866 δὴ
1157 2796 1250 2849 καὶ
1274 2796 1449 2849 πάντα
1471 2794 1541 2847 τά
1567 2792 1771 2861 θεώρια
1801 2793 1897 2845 καὶ
1923 2792 1990 2844 τὰ

408 2892 673 2961 κυνήγια,
721 2887 1204 2958 ἀναγκασθήσεται
1242 2904 1323 2949 τις
1358 2887 1535 2939 εἰπεῖν
1568 2885 1703 2953 μηδὲ
1735 2884 1872 2945 ὅλως
1902 2882 1992 2950 γί-

406 2981 604 3036 νεσθαί
634 3000 686 3035 τι
709 2980 948 3034 τοιοῦτόν
980 2997 1110 3032 ποτε
1142 2978 1252 3031 τῶν
1284 2977 1500 3047 καιρῶν
1531 2976 1687 3045 παρά
1725 2975 1996 3045 βασιλέως

408 3077 444 3145 ἢ
480 3078 675 3144 ἑτέρου
705 3076 850 3138 τινός
878 3090 890 3104 ·
926 3075 1285 3145 ἀπρακτῆσαι
1331 3072 1388 3125 δὲ
1422 3072 1514 3125 καὶ
1545 3071 1615 3123 τὰ
1654 3071 1790 3141 μετὰ
1822 3086 1994 3123 κυνα-

416 3168 552 3237 ρίων
584 3166 984 3235 λαγοκυνήγια,
1029 3166 1115 3218 ἵνα
1168 3163 1241 3233 μὴ
1275 3164 1370 3216 καὶ
1403 3165 1450 3215 oi
1496 3161 1676 3215 λαῖκοὶ
1707 3163 1786 3223 είς
1831 3163 1997 3214 ίππο⁴
2034 3182 2051 3196 ο

2058 772 2192 825 riam
2237 769 2634 839 provocabunt;
2664 768 2804 836 quod
2837 767 3054 835 quidem
3085 764 3284 819 divinis
3320 761 3626 818 canonibus

2058 874 2137 918 est
2163 864 2388 918 omnino
2435 862 2789 939 prohibitum.
2836 859 3293 915 Permittehantur
3344 864 3523 909 autem
3571 862 3628 907 et

2059 958 2361 1013 bellnarum
2389 956 2728 1021 certamina,
2790 964 2844 1010 et
2896 952 3060 1007 multa
3122 949 3225 1004 alia
3274 948 3528 1003 indecora
3562 959 3629 998 ac

2064 1054 2260 1120 turpia.
2282 1048 2576 1118 Propterea
2604 1048 2769 1112 enim,
2796 1046 3066 1115 inquiunt,
3089 1054 3144 1096 et
3164 1043 3224 1096 5i
3248 1057 3371 1097 can.
3395 1053 3634 1108 praesen-

2063 1144 2133 1199 tis
2164 1160 2286 1214 syn.
2316 1144 2563 1213 prohibet
2592 1141 2807 1202 mimos,
2845 1136 3159 1202 et-tbeatrs,
3197 1143 3252 1189 et
3288 1132 3634 1188 venationutn

2066 1236 2394 1306 spectacula,
2429 1244 2482 1291 et
2511 1232 2830 1288 saltationes
2860 1230 2913 1284 in
2941 1244 3100 1283 scena
3135 1245 3149 1283 :
3208 1236 3262 1280 et
3312 1223 3502 1280 statuit
3525 1260 3542 1287 ,
3579 1230 3639 1275 ιιι

2069 1331 2157 1397 qui
2189 1329 2363 1397 ipsum
2394 1332 2823 1389 contemnerent,
2851 1322 2895 1375 si
2924 1321 3034 1376 sint
3060 1318 3272 1387 quidem
3306 1315 3512 1379 clerici,
3538 1314 3637 1368 de-

2069 1429 2355 1489 ponantur,
2390 1418 2513 1472 laici
2548 1431 2677 1471 vero
2702 1421 3074 1484 segregentur.
3111 1411 3174 1464 Et
3209 1409 3329 1463 linis
3383 1408 3451 1461 15
3505 1420 3634 1460 can.

2071 1513 2259 1567 Barth.
2295 1526 2413 1582 syn.
2463 1511 2539 1564 sic
2574 1517 2759 1578 aperte
2782 1507 2913 1562 dicit
2943 1529 2956 1563 :
2989 1505 3051 1558 Et
3084 1503 3228 1572 quod
3265 1501 3356 1556 lilii
3384 1498 3641 1554 sacerdo-

2075 1612 2185 1658 tum
2215 1599 2520 1669 spectacula
2550 1599 2829 1654 saecularia
2864 1612 2969 1651 non
3019 1595 3303 1665 perficiant
3360 1606 3459 1646 nec
3510 1602 3639 1656 spe-

2075 1701 2242 1747 ctent.
2270 1688 2384 1744 lloc
2409 1698 2586 1745 autem
2610 1690 2771 1743 etiam
2793 1688 3045 1743 omnibus
3072 1682 3402 1739 Christianis
3434 1692 3645 1748 semper

2077 1792 2163 1838 est
2194 1782 2562 1853 praedicatum,
2598 1790 2657 1834 ut
2687 1780 2776 1833 ubi
2820 1788 2948 1833 sunt
2976 1777 3260 1831 maledicta
3291 1788 3355 1828 ac
3395 1771 3651 1841 blasphe-

2084 1876 2190 1930 mia
2222 1889 2286 1929 ne
2310 1873 2593 1928 accedant.
2628 1856 2800 1926 Hodie
2826 1883 3026 1932 autem,
3062 1884 3183 1924 cum
3217 1879 3481 1937 equorum
3524 1879 3652 1918 cur-

2082 1983 2173 2021 sus
2223 1967 2550 2035 imperatore
2600 1974 2866 2035 praesente
2925 1963 3073 2025 llant,
3133 1974 3235 2013 nec
3286 1958 3357 2012 sit
3385 1954 3650 2026 ejusmodi

2084 2058 2392 2128 fugiendum
2426 2069 2481 2113 et
2507 2056 2859 2112 aversandnm
2890 2053 3164 2123 quidpiam
3190 2092 3206 2118 ,
3250 2050 3393 2105 nulla
3438 2056 3522 2105 est
3552 2061 3652 2118 pe-

2085 2154 2230 2206 nitus
2261 2148 2500 2218 suspicio
2536 2148 2643 2204 iliic
2675 2147 2799 2201 mali
2849 2146 3142 2214 quidquam
3190 2143 3328 2196 iieri.
3379 2140 3654 2207 Quamobc

2084 2258 2197 2299 rem
2252 2240 2525 2304 dicebant,
2581 2239 2722 2308 quod
2757 2246 2840 2291 est
2872 2236 3090 2305 quidem
3141 2230 3410 2287 laudabile
3456 2230 3656 2285 nullam

2086 2334 2304 2403 penitus
2338 2331 2645 2402 quempiam
2680 2329 3012 2397 voluptatem
3057 2335 3277 2398 gustare
3295 2341 3359 2378 ex
3394 2337 3657 2393 equorum

2087 2425 2361 2483 Curriculo
2392 2424 2471 2477 vel
2528 2437 2592 2477 ex
2629 2422 2811 2488 aliquo
2840 2420 2946 2474 alio
2976 2429 3131 2489 grato
3161 2435 3176 2473 :
3210 2416 3429 2485 impune
3476 2422 3660 2469 autem

2088 2528 2174 2575 est
2204 2529 2256 2573 et
2289 2518 2355 2572 ad
2389 2515 2654 2586 ejusmodi
2699 2528 2958 2583 equorum
2991 2524 3185 2566 cursus
3225 2509 3454 2565 clericos
3507 2519 3664 2560 acce-

2090 2609 2238 2664 dere.
2272 2607 2327 2663 Si
2362 2607 2505 2661 enim
2531 2604 2707 2659 omnis
2730 2617 2992 2673 equorum
3025 2614 3216 2655 cursus
3242 2637 3255 2663 ,
3290 2606 3343 2653 et
3394 2595 3485 2666 qui
3533 2593 3662 2649 olim

2094 2701 2253 2756 ﬁebat
2282 2710 2337 2756 et
2368 2699 2456 2769 qui
2491 2699 2649 2753 hodie
2684 2699 2761 2761 lit,
2785 2703 2866 2750 est
2891 2692 3223 2761 prohibitus,
3259 2700 3318 2743 ut
3369 2686 3524 2742 multi
3585 2686 3667 2739 in—

2093 2793 2304 2862 quiunt,
2347 2788 2799 2859 quemadmodum
2830 2782 2993 2855 ιεᾷ
3015 2792 3070 2837 et
3114 2777 3423 2850 spectacula
3477 2775 3662 2831 omnia

2094 2897 2150 2942 et
2211 2885 2548 2947 venationes,
2601 2889 2827 2951 cogetur
2847 2878 3199 2948 quis-dicere,
3235 2888 3410 2943 neque
3441 2870 3665 2927 omnino

2100 2978 2204 3032 tale
2230 2976 2356 3045 quid
2392 2989 2626 3043 unquam
2683 2972 2880 3025 debere
2928 2968 3042 3023 fieri
3098 2967 3167 3021 ab
3215 2968 3541 3033 imperatore
3587 2960 3674 3015 vel

2100 3070 2210 3125 ullo
2236 3068 2342 3121 alio
2380 3086 2396 3122 :
2449 3079 2692 3120 cessasse
2735 3072 2913 3116 autem
2962 3074 3026 3114 ac
3074 3058 3379 3114 exolevisse
3428 3054 3674 3123 leporum

2102 3178 2223 3217 cum
2252 3159 2475 3215 canibus
2507 3155 2839 3217 venationes,
2872 3167 2939 3205 ne
2976 3150 3117 3215 laici,
3155 3159 3211 3203 nt
3233 3161 3496 3217 equorum
3544 3158 3673 3199 cur-

410 3259 665 3329 ὀρομίας,
694 3256 792 3310 καὶ
818 3256 1073 3326 θεωρίας,
1099 3256 1195 3308 καὶ
1216 3255 1446 3324 κυνήγια
1471 3252 1699 3323 ἁσχολού
1709 3270 1856 3322 μενοι
1872 3252 1997 3319 ἀφο-

2108 3257 2256 3311 sibus
2282 3264 2336 3309 et
2365 3249 2689 3321 spectaculis
2723 3255 2778 3302 et
2810 3242 3190 3301 venationibus
3238 3248 3491 3294 vacantes
3520 3278 3534 3297 .
3587 3249 3676 3289 sc-

417 3351 608 3421 ρισμῷ
655 3349 1030 3412 ὑποπέσωσιν,
1086 3348 1223 3416 ὅπερ
1278 3346 1499 3399 ἄτοπον.
1539 3344 1638 3397 Διά
1672 3342 1804 3411 γοῦν
1840 3342 1999 3396 τοῦτο

415 3443 696 3513 ὀφείλουσι
722 3442 789 3495 τὰ
817 3442 916 3512 τῆς
954 3438 1337 3510 ἱπποδρομίας,
1374 3438 1468 3490 καὶ
1493 3436 1561 3489 τὰ
1587 3434 1695 3488 τῶν
1726 3434 1996 3504 θεωρίων,

416 3538 517 3591 κειὶ⁵
545 3536 618 3589 τὰ
649 3534 1067 3602 τῶννκυνηγίων
1097 3533 1177 3592 είς
1216 3529 1310 3584 δύο
1338 3528 1689 3599 διαιρεῖσθαι,
1736 3526 1812 3589 ὡς
1848 3527 2002 3596 εἴρη-

417 3645 538 3682 ται·
566 3629 648 3691 εἱς
676 3628 747 3681 τά
776 3626 956 3694 πάντη
996 3624 1365 3693 ἀποτρόπαια,
1395 3623 1477 3684 είς
1504 3620 1539 3675 ἀ
1569 3620 1644 3690 μὴ
1678 3621 1837 3690 μόνον
1866 3618 2003 3688 κλη-

426 3720 594 3789 ρικοὶ,
629 3718 744 3772 ἀλλ’
775 3718 896 3770 οὐδὲ
944 3716 1124 3770 λαῖκοὶ
1153 3715 1613 3786 παραχωροῦνται
1662 3710 2004 3782 ἀπέρχεσθαι

421 3812 506 3881 τῷ
526 3810 680 3879 φόϐῳ
700 3809 794 3862 τοῦ
829 3805 1159 3877 ἁφορισμοῦ,
1190 3806 1284 3858 καὶ
1313 3806 1394 3867 είς
1425 3803 1495 3855 τὰ
1525 3803 2004 3873 ἐπιτετραμμένα,

426 3901 499 3955 τὰ
528 3900 624 3955 καὶ
657 3901 895 3971 σήμερον
933 3895 1287 3969 ἐνεργοῦντα,
1328 3899 1408 3959 εἰς
1441 3895 1477 3950 ἀ
1511 3895 1572 3948 ού
1618 3895 1778 3963 μόνον
1799 3894 2004 3957 λαῖκοὶ,

425 3993 568 4046 ἀλλὰ
603 3992 700 4044 καὶ
749 3990 1004 4061 κληρικοὶ
1055 3987 1547 4059 ἀποκριματίστως
1586 3985 2000 4040 ἀπελεύσονται.

428 4082 556 4137 Ὅτι
596 4083 676 4147 δὲ,
708 4084 897 4151 φασὶν,
928 4081 989 4133 οὐ
1020 4078 1202 4133 πάντα
1239 4079 1307 4132 τά
1367 4075 1569 4147 θεὼρια
1606 4078 1797 4131 καὶτὰ
1838 4079 2007 4129 ἱππο-

426 4176 633 4247 δρόμια
660 4178 707 4228 οἱ
747 4175 971 4237 κανόνες
1005 4172 1418 4243 ἀπηγόρευσαν,
1441 4170 1577 4224 ἀλλά
1618 4169 1685 4223 τὰ
1712 4168 2008 4238 κινδυνώδη

427 4271 525 4321 καὶ
577 4267 801 4337 αἱσχρά,
849 4266 1103 4336 δηλοῦται
1148 4264 1255 4319 ἀπὸ
1291 4262 1383 4317 τοῦ
1435 4264 1515 4328 ξα¹
1551 4262 1775 4323 κανόνος
1814 4262 1914 4330 τῆς
1955 4262 2011 4314 ὲν

428 4361 776 4432 Καρθαγένῃ
803 4359 1045 4422 συνόδου,
1071 4356 1318 4425 λέγοντος
1340 4356 1512 4408 ταῦτα
1542 4354 1748 4424 ρητῶς’
1775 4355 2014 4406 Κάκεῖνο

429 4454 490 4508 δὲ
519 4453 748 4522 αἰτῆσαι
793 4453 880 4504 ἵνα
927 4451 999 4504 τὰ
1025 4450 1231 4519 θεὼρια
1264 4449 1372 4501 τῶν
1402 4446 1709 4514 θεατρικῶν
1745 4444 2015 4513 παιγνίων

430 4546 493 4597 ὲν
529 4546 650 4604 ταῖς
679 4543 988 4613 Κυριακαῖς
1028 4540 1123 4593 καὶ
1162 4541 1219 4592 ἐν
1236 4540 1356 4599 ταῖς
1372 4537 1586 4599 λοιπαῖς
1626 4538 1877 4606 φαιδραῖς
1911 4535 2011 4604 τῆς

430 4638 543 4691 τῶν
572 4633 923 4706 Χριστιανῶν
964 4635 1199 4694 πίστεως
1231 4630 1469 4700 ἡμέραις
1515 4628 1863 4690 κωλύωνται,
1902 4627 2006 4695 μά·

430 4728 593 4781 λιστα
633 4728 711 4790 δὲ,
739 4727 822 4778 ὅτι
854 4726 911 4776 ὲν
934 4726 998 4793 τῇ
1034 4721 1247 4790 ὀγδοάδι
1276 4720 1369 4772 τοῦ
1395 4720 1550 4787 ἁγίου
1577 4718 1764 4788 Πάσχα
1797 4720 1846 4771 οἱ
1867 4717 2014 4788 ὄχλοι

439 4819 645 4891 μᾶλλον
683 4819 761 4879 είς
799 4818 896 4879 τὰς
929 4812 1299 4883 ἱπποδρομίας
1322 4812 1465 4881 ῆπερ
1489 4812 1567 4873 είς
1588 4811 1688 4878 τὴν
1714 4810 2016 4880 ἐκκλησίαν

439 4910 827 4979 συνέρχονται.
860 4906 1098 4973 ὀφείλειν
1134 4902 1527 4973 μετενεχθῆναι
1561 4902 1661 4965 τὰς
1699 4901 2018 4973 ὡρισμένας

439 5004 623 5060 αὐτῶν
656 5001 870 5072 ἡμέρας
896 5001 983 5053 ὅτε
1017 4998 1343 5066 ἀπαντήσει*
1371 4996 1465 5048 καὶ
1513 4993 1586 5064 μὴ
1623 4993 1863 5063 ὀφείλειν
1895 4995 2021 5049 τινὰ

440 5098 552 5150 τῶν
574 5094 925 5163 Χριστιανῶν
947 5093 1025 5154 είς
1050 5091 1115 5143 τα
1157 5088 1360 5158 θεώρια
1383 5086 1556 5140 ταῦτα
1587 5078 2027 5154 ἀναγκάζεσθαι.

445 5190 674 5251 Πάντως
706 5188 816 5259 γὰρ
849 5186 898 5238 εί
922 5184 1071 5254 παρὰ
1099 5183 1208 5237 τῶν
1243 5181 1487 5236 κανόνων
1510 5181 1658 5233 πᾶσα
1686 5180 2022 5251 ἱπποδρομία

2104 3341 2804 3419 gregationisubiiciantur,
2837 3338 2980 3407 quod
3032 3345 3118 3390 est
3164 3332 3481 3388 absurdum.
3533 3329 3680 3395 Quo-

2104 3440 2250 3496 circa
2291 3437 2489 3492 debent
2522 3443 2577 3488 et
2605 3446 2868 3503 equorum
2902 3426 3169 3483 curricula
3203 3433 3259 3479 et
3289 3420 3591 3493 spectacula
3623 3428 3678 3474 et

2105 3529 2422 3585 venationes
2462 3526 2516 3580 in
2552 3525 2659 3579 duo
2695 3521 2882 3586 dividi,
2920 3529 2975 3573 nt
3002 3518 3205 3573 dictum
3242 3523 3360 3570 est:
3388 3513 3439 3567 in
3470 3526 3532 3564 ea
3557 3525 3677 3578 qua:

2107 3630 2233 3678 sunt
2265 3620 2488 3676 omnino
2517 3615 2811 3672 aversanda
2847 3624 2902 3668 et
2931 3609 3178 3672 fugienda
3198 3647 3215 3673 ,
3244 3616 3298 3662 et
3333 3606 3397 3660 ad
3422 3619 3543 3673 quae
3573 3615 3679 3657 nou

2108 3715 2279 3770 solum
2318 3710 2551 3771 clericis,
2586 3707 2680 3762 sed
2710 3718 2880 3774 neque
2910 3702 3061 3757 laieis
3091 3697 3348 3755 accedere
3401 3695 3682 3766 permitte-

2110 3820 2217 3874 tur,
2249 3820 2390 3860 metu
2409 3797 3015 3859 excommunicationis;
3042 3804 3097 3849 et
3121 3794 3172 3848 in
3196 3807 3257 3847 ea
3281 3805 3401 3861 quae
3419 3786 3681 3858 permissa

2108 3905 2257 3960 sunt,
2289 3908 2407 3961 qua!
2443 3900 2568 3947 sunt
2599 3888 2759 3942 hodie
2805 3886 2857 3940 in
2889 3900 3020 3948 usu,
3059 3882 3125 3937 ad
3176 3896 3293 3950 qua:
3347 3894 3454 3934 non
3508 3876 3678 3932 solum

2112 3986 2259 4050 laici,
2296 3984 2389 4038 sed
2429 3991 2482 4036 et
2504 3978 2691 4038 clerici
2720 3976 2857 4031 citra
2903 3974 3071 4028 ullum
3109 3969 3485 4043 praeiudicium
3532 3979 3685 4021 acce-

2114 4082 2259 4133 dent.
2291 4076 2440 4140 Quod
2483 4083 2684 4135 antem,
2718 4069 2989 4136 inquiunt,
3026 4082 3132 4121 non
3159 4063 3345 4120 omnia
3376 4059 3682 4132 Spectacula

2113 4181 2484 4240 equorumque
2514 4160 2786 4217 curricula
2836 4172 3075 4214 eanones
3122 4154 3556 4224 prohibuerunt,
3589 4150 3685 4203 sed

2114 4239 2177 4318 ea
2204 4263 2415 4315 demum
2453 4273 2572 4324 quae
2606 4262 2733 4308 sunt
2756 4249 3060 4322 periculosa
3119 4263 3183 4301 ac
3215 4247 3389 4313 turpia
3419 4280 3436 4305 ,
3494 4255 3561 4295 ex
3616 4239 3680 4292 6i

2115 4350 2557 4425 Carthaginensis
2586 4346 2777 4418 synodi
2803 4356 3011 4399 canone
3034 4346 3217 4408 aperte
3247 4334 3571 4398 ostenditur,
3597 4331 3689 4399 qui

2118 4450 2231 4502 haec
2253 4458 2504 4513 expresse
2535 4441 2703 4496 dicit:
2741 4437 2910 4491 Porro
2967 4441 3020 4489 et
3057 4430 3182 4486 illud
3220 4440 3421 4498 petere,
3452 4433 3509 4478 ut
3540 4425 3694 4477 thea-

2120 4534 2655 4592 tricornmludornm
2710 4524 3018 4597 spectacula
3071 4523 3123 4575 in
3189 4516 3484 4572 Dominicis
3530 4522 3586 4568 et
3635 4513 3689 4565 in

2118 4629 2339 4700 reliquis
2370 4624 2797 4680 Christianorum
2840 4617 2963 4671 iidei
3008 4613 3160 4669 festis
3191 4610 3380 4666 diebus
3423 4607 3537 4661 iieri
3575 4620 3697 4675 pro-

2120 4696 2445 4782 hibeantur;
2483 4716 2716 4769 maxime
2742 4709 2997 4780 quoniam
3028 4707 3081 4759 in
3113 4716 3302 4759 octava
3367 4699 3541 4756 sancti
3596 4696 3698 4750 Pa-

2120 4814 2323 4871 schalis
2357 4809 2585 4880 populus
2616 4806 2680 4858 ad
2714 4815 2980 4872 equorum
3008 4795 3276 4853 curricula
3328 4793 3504 4863 p0tius
3532 4804 3693 4859 quam

2122 4908 2188 4962 ad
2242 4902 2502 4959 ecclesias
2549 4895 2832 4959 convenit;
2882 4902 2936 4947 et
2999 4900 3059 4945 ut
3122 4888 3354 4942 debeant
3407 4881 3697 4955 praestituti

2123 5012 2310 5053 eorum
2362 4994 2478 5046 dies
2535 4986 2858 5050 transferri,
2920 4981 3134 5052 quando
3187 4977 3525 5034 occurrerint
3556 4990 3571 5028 :
3601 4986 3698 5025 nec

2128 5092 2287 5146 debet
2313 5089 2457 5141 nllus
2485 5080 2829 5138 Christianus
2860 5076 2976 5144 cogi
3006 5076 3071 5127 ad
3098 5074 3210 5128 hate
3265 5068 3596 5140 spectacula.
3632 5063 3688 5119 Si

2127 5184 2273 5237 enim
2321 5190 2582 5247 equorum
2623 5184 2813 5226 cursus
2866 5176 3013 5223 esset
3045 5181 3075 5219 a
3124 5163 3427 5220 canonibus
3480 5159 3701 5215 omnino

1671 5324 1868 5387 Guill.
1912 5321 2241 5403 Beveregii
2282 5325 2471 5382 notua.

524 5482 638 5566 (88)
673 5483 1046 5566 'Axddaqror
1071 5479 1137 5532 δὲ
1162 5478 1263 5566 καὶ
1309 5477 1397 5566 τρε
1451 5475 1509 5557 in
1534 5474 1806 5566 leditin'ne
1876 5473 2031 5566 Pagi-

458 5542 633 5611 siensi
692 5554 958 5615 particula
1020 5551 1266 5616 negativa
1338 5546 1861 5616 hieinterponitur.
1938 5542 2032 5616 Sic

462 5626 608 5678 enim
642 5614 715 5676 ibi
754 5623 907 5676 locus
955 5622 1046 5674 hic
1098 5614 1316 5686 legitur,
1347 5615 1647 5670 ἀκόλαστον
1677 5614 1721 5666 δ’
1751 5616 1811 5686 οὑ
1844 5616 1938 5686 καί
1969 5614 2029 5666 τὸ

463 5698 543 5756 είς
591 5693 850 5753 τοιαύτας
896 5684 1257 5760 ἱπποδρομίας
1312 5686 1614 5760 κλῃ-ρινκοὺς
1669 5684 2028 5760 ἀπέρχεσθαι.

464 5753 773 5818 Gentianns
805 5753 1080 5815 IIervetns
1106 5753 1271 5813 etiam
1310 5759 1361 5809 in
1390 5753 1604 5810 Tiliano
1651 5770 1753 5807 ms.
1784 5753 1892 5806 'ita
1949 5753 2027 5807 ie-

465 5837 609 5901 gisse
631 5831 870 5888 videtur.
902 5829 1083 5885 Vertit
1107 5828 1274 5890 enim.
1310 5826 1431 5881 Non
1454 5834 1531 5879 est
1563 5834 1740 5901 nutent
1772 5826 2027 5901 intempe-

466 5893 655 5957 rantia:
677 5903 745 5956 ad
770 5902 1030 5971 ejusmodi
1056 5914 1306 5970 equorum
1332 5912 1514 5950 cursus
1538 5894 1740 5949 clericis
1764 5893 2027 5948 accedere.

2134 5469 2334 5524 Verum
2354 5479 2462 5519 non
2482 5461 2657 5515 solum
2674 5459 2728 5514 in
2751 5475 2853 5515 ms.
2877 5465 3068 5513 nostro
3087 5455 3404 5517 Bodleiano,
3424 5450 3520 5509 sed
3534 5448 3701 5503 etiam

2134 5541 2190 5593 in
2218 5532 2652 5592 Amerbaehiano
2685 5541 2738 5585 et
2771 5528 3106 5590 :Etoniensi,
3138 5526 3401 5595 particula
3432 5526 3533 5577 ista
3571 5528 3701 5571 tan.

2131 5623 2297 5679 quam
2334 5601 2610 5679 superﬂua
2647 5602 2948 5679 rejicitnr;
2981 5612 3159 5679 neque
3187 5597 3334 5679 enim
3365 5596 3519 5648 locus
3584 5604 3700 5679 0.3!?!

2131 5660 2418 5737 admittat;
2443 5673 2583 5741 quod
2629 5660 2838 5725 dicitur
2869 5660 3142 5741 laudabile
3169 5664 3385 5741 quidem
3421 5676 3565 5741 esse,
3590 5660 3707 5741 llu-

2128 5730 2367 5818 instnodi
2395 5730 2541 5796 indis
2574 5757 2682 5818 non
2728 5738 2988 5818 delectari
3025 5756 3039 5793 :
3093 5730 3199 5818 sed
3254 5747 3442 5818 tamen
3503 5730 3704 5783 ἀκόλα-

2131 5803 2256 5872 στον
2289 5817 2501 5886 impune
2555 5812 2722 5869 etiam
2773 5812 2997 5868 clericis
3033 5809 3159 5874 erit,
3221 5805 3267 5861 si
3323 5803 3390 5859 ad
3420 5813 3712 5858 eosaecc-

2067 5950 2079 5983 ,κ
2128 5891 2281 5945 dant.
