3984 6474
339 274 446 344 575

1586 283 1863 344 TIIEOD.
1901 278 1991 338 BA
2002 279 2307 344 LSAMON

3508 281 3610 343 571i

346 401 527 462 fuerit,
561 398 745 452 adeas
800 399 1022 462 reverti,
1080 413 1254 467 neque
1318 399 1518 453 diutius
1580 399 1632 451 in
1688 405 1907 452 externa

2047 413 2125 450 ειν
2150 400 2213 468 τῇ
2254 396 2430 468 χώρᾳ,
2571 395 3021 468 προσεληλύθασι,
3074 396 3173 468 τῆς
3237 394 3609 467 προφάσεως,

345 494 563 563 regione
593 493 659 545 ad
704 507 866 560 quam
930 502 1294 556 accesserunt,
1349 502 1606 559 praetextu
1667 498 1919 545 cessante

350 581 683 654 peregrinari
716 596 884 635 canon
912 582 1085 650 jubet.
1126 582 1371 637 Cleriros
1420 593 1619 645 autem,
1668 582 1755 647 qui
1811 596 1918 634 non

349 674 595 738 redeunt,
630 683 686 725 ut
715 673 974 727 ecclesias
1000 674 1052 727 in
1089 673 1283 743 quibus
1313 673 1547 726 ordinati
1596 682 1745 736 sunt,
1799 673 1919 726 sine

349 782 514 820 causa
590 766 977 835 relinquentes,
1042 776 1095 820 et
1159 767 1279 817 aliis
1348 777 1601 821 vacantes
1649 765 1917 835 segregari

344 859 515 926 jubet,
553 875 721 929 usque
750 860 874 912 dum
908 859 973 911 ad
1003 858 1312 921 ecclesiam,
1346 876 1374 913 e
1405 876 1506 929 qua
1556 857 1913 928 emigrabant,

352 962 735 1006 revertantur:
772 953 943 1021 ipsum
973 967 1134 1021 porro
1168 953 1478 1021 episcopum
1525 948 1641 1021 qni
1674 967 1768 1006 eos
1825 951 1922 1006 ad-

349 1045 497 1097 misit
527 1055 579 1097 et
610 1044 832 1108 detinet,
874 1047 1237 1117 segregationi
1269 1045 1511 1113 subjicit,
1550 1046 1787 1115 quandiu
1825 1061 1920 1102 eos

351 1140 575 1193 detinet.

348 1272 576 1329 ARIST.
645 1292 665 1326 ι
716 1274 816 1341 Qui
882 1274 1215 1331 barbaricam
1264 1288 1483 1346 propter
1553 1277 1916 1333 incursionem

393 1378 447 1416 'r
506 1369 789 1432 emigravit
836 1378 1084 1423 cessante
1135 1369 1462 1433 incursione,
1519 1372 1584 1425 ad
1633 1370 1918 1426 ecclesiam

426 1479 443 1510 ι
511 1460 564 1535 i‘n
620 1460 772 1527 cujus
837 1461 1039 1513 clerum
1100 1471 1382 1529 cooptatus
1429 1472 1511 1516 est
1595 1474 1915 1517 revertatur.

430 1571 448 1601 ι
514 1550 607 1604 Sin
645 1553 843 1613 minus,
878 1568 980 1605 una
1025 1569 1147 1607 cum
1181 1569 1265 1617 eo,
1325 1554 1389 1607 ad
1457 1571 1615 1624 quem
1667 1556 1915 1625 accessit,

425 1660 442 1691 ι
506 1653 835 1711 segregalur.
882 1661 899 1693 ι

420 1772 681 1849 Clericus,
736 1776 824 1842 qui
873 1775 989 1828 sine
1041 1791 1201 1829 causa
1255 1777 1434 1845 aliqua
1504 1781 1804 1838 necessaria
1852 1785 1918 1840 ab

349 1864 577 1918 ecclesia
617 1865 667 1917 iu
707 1881 804 1933 qua
836 1867 886 1918 iu
911 1869 1110 1922 clerum
1138 1880 1418 1938 cooptatus
1450 1870 1571 1936 fuit,
1608 1876 1829 1936 recedit,
1865 1885 1919 1931 ct

353 1956 511 2007 aliam
551 1957 660 2009 adit
691 1958 995 2021 ecclesiam,
1040 1969 1093 2012 et
1151 1961 1218 2015 ab
1260 1963 1512 2031 episcopo
1558 1966 1645 2033 qui
1713 1966 1781 2021 ibi
1835 1976 1919 2022 est

352 2048 674 2113 admittitur,
703 2062 755 2101 et
787 2051 923 2103 inter
949 2051 1178 2106 clericos
1212 2053 1329 2121 ejus
1379 2068 1715 2123 recenselur,
1753 2062 1920 2128 depo-

359 2140 529 2203 nitur,
566 2157 670 2195 una
702 2157 820 2195 cum
853 2159 917 2197 eo
951 2145 1044 2215 qui
1072 2162 1192 2201 eum
1218 2147 1434 2204 admisit
1464 2158 1520 2203 ut
1565 2165 1736 2205 canon
1775 2152 1919 2207 deci-

358 2247 472 2285 mus
503 2234 766 2302 septimus
797 2246 920 2290 ante
950 2239 1185 2306 scriptus
1207 2240 1468 2297 decernit.
1504 2236 1602 2307 Qui
1632 2254 1811 2298 autem
1852 2246 1923 2300 ob

354 2320 710 2377 Barbarorum
742 2325 1102 2382 incursionem
1130 2339 1225 2383 aut
1258 2332 1416 2384 aliam
1452 2333 1917 2388 circumstantiam

354 2428 642 2471 causamve
664 2414 869 2483 justam
903 2418 1128 2473 ecclesia
1157 2436 1253 2474 sua
1285 2424 1514 2491 emigrat
1555 2424 1808 2491 clericus,
1852 2427 1919 2491 si,

356 2522 517 2559 causa
550 2507 633 2560 illa
660 2510 727 2561 ob
751 2524 909 2577 quam
947 2512 1199 2580 migravit
1222 2528 1492 2580 cessante,
1522 2519 1586 2571 ad
1631 2519 1919 2574 ecclesiam

360 2614 534 2663 satam,
572 2601 621 2653 in
652 2616 754 2670 qua
788 2604 838 2656 in
878 2604 1080 2659 clerum
1137 2618 1418 2676 cooptatus
1468 2610 1590 2675 fuit,
1652 2628 1754 2666 non
1811 2616 1924 2670 vult

361 2691 559 2756 redire,
596 2704 924 2765 segregatnr,
960 2713 1061 2772 una
1091 2714 1210 2753 cum
1240 2700 1488 2770 episcopo
1516 2720 1604 2774 qut
1638 2721 1758 2759 eum
1795 2709 1922 2762 retia

360 2795 473 2846 net,
500 2800 667 2852 usque
697 2790 819 2841 dum
871 2790 935 2843 ad
986 2805 1103 2844 eam
1160 2805 1424 2851 recurrat.
1482 2796 1655 2851 Causa
1720 2809 1919 2866 autem,

362 2886 766 2945 propterquam
796 2881 883 2936 hic
937 2883 1155 2951 quidem
1217 2901 1557 2957 segregatur,
1598 2890 1687 2945 ille
1742 2903 1918 2947 autem

358 2958 662 3037 deponitur,
692 2974 832 3040 justa
870 2985 970 3029 est.
999 2976 1105 3032 Nec
1133 2980 1276 3033 enim
1326 2992 1381 3033 ut
1415 2983 1523 3045 ille,
1582 2985 1658 3038 sic
1699 2987 1806 3050 hic,
1854 2988 1919 3042 ab

2024 489 2429 560 παρελθούσης·
2461 492 2589 561 τούς
2626 490 2682 543 δὲ
2715 487 2790 559 μὴ
2819 488 3137 550 ἐπανιόντας
3174 487 3516 556 κληρικοὺς,
3538 486 3617 551 ὼς

2020 583 2446 652 ἀπροφασίστως
2474 584 2572 646 τὰς
2610 582 2903 652 ἐκκλησίας
2957 581 3520 651 καταλιμπάνοντας,
3555 579 3615 632 ἐν

2022 667 2109 734 αῖς
2138 672 2572 744 κατετάχθησαν,
2607 675 2703 727 καὶ
2735 674 2947 743 ἑτέραις
2982 672 3380 743 σχολάζοντας,
3412 671 3618 739 ἀφορί-

2021 768 2208 832 ζεσθαι
2248 769 2477 832 κελεύει,
2520 771 2623 832 ἕως
2670 769 2737 823 ἂν
2801 768 3138 822 ἐπανέλθώσι
3178 767 3328 838 πρὸς
3371 766 3479 836 τὴν
3520 768 3615 818 ἐκ·-

2021 862 2251 932 κλησίαν
2299 862 2358 927 ἐξ
2386 858 2453 933 ἧς
2486 861 2851 933 ὑπεχώρησαν
2872 878 2887 892 ο
2934 862 3029 916 καὶ
3066 861 3157 915 τὸν
3204 861 3529 913 ἐπίσκοπον
3558 860 3614 911 δὲ

2021 954 2111 1007 τὸν
2159 955 2454 1025 δεξάμενον
2519 957 2612 1009 καὶ
2672 956 2972 1025 κατέχοντα
3037 954 3243 1016 αὐτοὺς
3301 950 3613 1022 ἀφορισμῷ

2022 1048 2334 1120 ὑποτίθησι,
2379 1050 2573 1120 μέχρις
2613 1048 2679 1102 ἂν
2704 1049 2910 1119 κατέχῃ
2943 1046 3164 1111 αὐτούς.

2023 1276 2241 1330 ΑΡΙΣΤ.
2290 1293 2308 1326 ι
2356 1274 2413 1328 '0
2451 1275 2537 1329 διὰ
2582 1274 2929 1346 βαρϐαρικὴν
2994 1275 3307 1346 ἐπιδρομὴν
3352 1275 3617 1345 μετανᾶῳ

2096 1387 2115 1421 ι
2165 1386 2317 1436 στης,
2341 1369 2698 1438 παυσαμένης
2722 1369 2821 1438 τῆς
2847 1368 3168 1439 ἐπιδρομῆς,
3198 1368 3612 1423 παλινοστείτω

2096 1479 2117 1513 ι
2163 1460 2299 1530 πρὸς
2329 1460 2429 1531 τὴν
2460 1460 2760 1534 ἐκκλησίαν
2884 1452 3238 1531 κεκλήρωται
3266 1476 3282 1491 °
3326 1462 3464 1514 εἰδὲ
3513 1460 3615 1532 μὴ,

2096 1569 2114 1602 ι
2166 1553 2303 1622 μετὰ
2337 1550 2431 1604 τοῦ
2475 1552 2900 1623 προσειληφότος
2931 1553 3289 1624 ἀφορίζεται.
3330 1570 3351 1604 ι

2034 1758 2043 1802 ‘.
2104 1768 2162 1820 ὀ
2197 1769 2294 1838 μὲν
2325 1768 2511 1838 μὴδιά
2544 1786 2666 1822 τινα
2705 1768 3027 1838 περίστασιν
3072 1768 3453 1839 ἀναχωρήσας
3481 1767 3615 1839 κληο

2028 1862 2178 1930 ρικύς
2206 1862 2303 1931 τῆς
2337 1861 2634 1931 ἐκκλησίας
2738 1860 3048 1932 ἐκληρώθη,
3085 1862 3180 1915 καὶ
3224 1863 3372 1931 πρὸς
3414 1862 3616 1934 ἑτέραν

2024 1953 2276 2007 ἀπελθὼν
2304 1955 2626 2024 ἐκκλησίαν,
2662 1955 2756 2008 καί¹
2802 1954 2951 2025 παρὰ
3002 1954 3095 2007 τοῦ
3146 1956 3343 2007 ἐκεῖσε
3385 1955 3611 2007 ἐπισκό-

2027 2066 2128 2100 που
2156 2046 2525 2117 προσδεχθεὶς,
2552 2047 2646 2101 καὶ
2674 2049 2785 2111 τοῖς
2808 2046 3087 2116 κληρικοίς
3114 2045 3288 2099 αὐτοῦ
3328 2064 3619 2114 συγκατα-

2025 2139 2227 2207 λεγείς,
2272 2122 2629 2209 ’καθαιρεῖται
2677 2138 2773 2191 σύν
2827 2138 2904 2207 τῷ
2944 2138 3384 2209 προσδεξαμένῳ
3422 2139 3608 2202 αὐτὸν,

2028 2234 2211 2296 καθὼς
2235 2236 2263 2287 ὁ
2295 2234 2636 2304 προγραφεὶς
2676 2232 3141 2296 ἑπτακαιδέκατος
3168 2234 3354 2304 ὁρίζει
3403 2233 3611 2288 κανών.

2035 2327 2093 2381 Ὀ
2123 2326 2181 2380 δὲ
2215 2326 2284 2380 δι’
2311 2325 2611 2397 ἐπιδρομὴν
2650 2327 2951 2396 Βαρϐάρων
2985 2325 3016 2396 ἢ
3064 2324 3405 2395 περίστασιν
3438 2323 3610 2394 ἄλλην

2030 2419 2371 2490 μετανάστης
2407 2420 2510 2487 τῆς
2550 2420 2685 2482 ἰδίας
2725 2419 3024 2488 ἐκκλησίας
3067 2420 3377 2487 γενόμενος
3416 2418 3612 2485 κληρι-
3701 2420 3717 2435 ί

2028 2513 2145 2579 κὸς,
2182 2513 2297 2577 ἐὰν,
2324 2512 2417 2565 τοῦ
2444 2512 2617 2565 αίτίου
2646 2512 2715 2565 δι’
2746 2512 2773 2564 ὃ
2798 2512 3157 2583 ὑπεχώρησεν
3182 2511 3606 2581 ἐπιλείψαντος,

2025 2608 2087 2665 οὐ
2112 2608 2327 2675 θελήσει
2352 2607 2514 2659 πάλιν
2532 2605 2848 2659 ἐπανελθεῖν
2866 2607 2946 2669 εἰς
2977 2605 3074 2675 τὴν
3101 2605 3416 2675 ἐκκλησίαν
3441 2602 3606 2655 αὐτοῦ

2025 2700 2084 2751 ἐν
2180 2698 2489 2779 ἐκληρώθη,
2519 2696 2838 2766 ἀφορίζεται
2873 2700 2968 2750 σὺν
2998 2697 3075 2767 τῷ
3108 2696 3408 2765 κατέχοντι
3445 2693 3611 2747 αὐτὸν

2026 2791 2331 2861 ἐπισκόπῳ,
2372 2790 2567 2860 μέχρις
2603 2789 2669 2843 ἂν
2723 2789 2859 2860 πρὸς
2882 2778 3070 2858 αὐτὴν’
3099 2785 3501 2859 ἐπαναδράμῃ.
3545 2784 3610 2834 Ἠ

2026 2883 2085 2936 δὲ
2118 2885 2288 2946 αἰτία,
2331 2884 2399 2937 δι’
2425 2883 2493 2955 ἢν
2548 2884 2648 2952 μὲν
2688 2876 2843 2944 οὗτος
2898 2878 3237 2951 ἀφορίζεται,
3283 2881 3506 2942 ἐκεῖνος
3555 2876 3611 2929 δὲ

2029 2978 2395 3048 καθαιρείται,
2442 2975 2665 3044 εὔλογος
2692 2991 2709 3007 ο
2758 2975 2879 3028 οὐδέ
2926 2973 3057 3043 γὰρ,
3110 2972 3475 3051 ώςηέκεῖνος,
3516 2970 3610 3022 καὶ

363 3059 518 3116 initio
557 3064 675 3116 sine
708 3065 851 3131 jttsla
879 3083 1039 3123 causa
1073 3074 1313 3127 recessit.
1352 3073 1794 3145 Quandoquidem
1826 3077 1913 3132 ille

2047 3064 2183 3131 ὦτος
2217 3069 2276 3134 ἐξ
2324 3068 2501 3138 ἀρχῆς
2539 3065 2894 3135 ὑπεχώρησεν
2934 3066 3063 3119 ἄνευ
3118 3062 3354 3131 εὐλόγου
3400 3060 3609 3121 αἰτίας.

363 3167 506 3215 etnn,
542 3155 631 3222 qui
673 3157 1064 3217 ordinationem
1092 3164 1190 3232 ipsi
1236 3165 1508 3227 imposuit.
1558 3179 1815 3238 quantum
1868 3172 1921 3225 in

364 3257 428 3296 eo
456 3242 575 3308 fuit,
608 3248 797 3316 injuria
826 3262 878 3305 et
900 3257 1094 3322 probro
1124 3273 1230 3311 non
1262 3258 1435 3313 aﬂccit
1483 3263 1576 3314 sed
1622 3265 1925 3319 necessario

367 3334 470 3390 hoc
499 3336 644 3395 fecit.

947 3479 1172 3539 CANON
1200 3484 1339 3540 XIX.

371 3621 392 3655 ι
437 3605 586 3672 Quod
613 3622 823 3677 oportet
850 3629 941 3669 eos
976 3619 1066 3685 qui
1098 3636 1335 3689 praesunt
1364 3626 1626 3693 ecclesiis,
1660 3630 1711 3683 in
1757 3633 1932 3687 omni-

444 3717 462 3749 ι
500 3699 598 3754 bus
626 3703 839 3768 quidem
886 3706 1097 3774 diebus,
1152 3714 1244 3767 sed
1303 3732 1567 3785 przecrpue
1618 3720 1930 3794 Dominicis,

440 3809 460 3841 ι
492 3806 705 3847 omnem
733 3796 933 3851 clerum
966 3810 1018 3853 et
1062 3805 1317 3871 populum
1369 3809 1566 3864 docere
1610 3814 1825 3882 pietatis
1878 3828 1931 3875 et

438 3897 460 3932 ι
499 3892 659 3936 rectae
713 3885 986 3953 religionis
1027 3890 1263 3960 eloquia,
1314 3911 1377 3951 ex
1433 3898 1608 3955 divina
1654 3903 1928 3973 Scriptura

443 3988 463 4021 ι
496 3971 805 4047 colligentes
829 3976 1212 4047 intelligentias
1255 3996 1309 4038 et
1342 3987 1544 4055 judicia
1580 3971 1840 4059 veritatis,
1878 4007 1933 4052 et

442 4077 463 4113 ι
498 4077 601 4116 non
630 4068 1075 4136 transgredientis
1100 4072 1209 4140 jam
1260 4079 1462 4144 pesitos
1510 4083 1790 4152 terminos,
1849 4089 1933 4143 vel

444 4168 464 4202 ι
500 4152 797 4208 divinorum
826 4155 1045 4213 Patrum
1095 4164 1479 4222 traditionem:
1543 4172 1635 4227 sed
1667 4182 1722 4226 et
1773 4174 1818 4229 si
1866 4177 1933 4232 ad

446 4265 463 4297 ι
507 4248 842 4316 Scripturam
877 4257 1154 4325 pertinens
1178 4265 1548 4329 controversia
1573 4266 1751 4336 aliqua
1781 4272 1929 4327 exci-

444 4359 463 4391 ‹
503 4352 606 4395 tata
639 4343 817 4411 fuerit,
849 4362 915 4400 ne
949 4363 1066 4405 eam
1093 4352 1266 4419 aliter_
1284 4354 1730 4426 interpretentur,
1772 4379 1929 4432 quam

446 4448 465 4479 ι
511 4440 567 4483 ιιι
597 4432 850 4488 Ecclesia:
879 4436 1165 4494 luminaria
1196 4451 1250 4495 et
1278 4446 1525 4501 doctores
1572 4450 1688 4505 suis
1718 4453 1932 4521 scriptis

446 4543 464 4574 ι
496 4538 895 4594 exposuerunt;
924 4542 978 4584 et
1014 4532 1267 4598 majorem
1297 4552 1362 4592 ex
1411 4539 1474 4593 iis
1523 4542 1733 4597 laudem
1780 4560 1933 4601 asse-

447 4634 466 4666 ι
505 4630 756 4685 quantur,
781 4636 938 4687 quam
964 4623 1009 4677 si
1083 4629 1327 4696 preprios
1395 4646 1669 4688 sermones
1711 4651 1932 4708 compo-

445 4725 463 4758 ι
500 4719 648 4771 nant,
716 4727 781 4765 ne
808 4711 932 4767 dum
980 4719 1298 4787 quandoque
1322 4722 1456 4777 adid
1499 4725 1855 4792 Itazsitant,ab
1872 4747 1936 4787 eo

422 4817 467 4886 ⁸ι
500 4800 641 4865 quod
690 4806 979 4873 convenit,
1018 4810 1290 4865 excidant.
1344 4812 1443 4867 Per
1493 4818 1757 4876 dictorum
1793 4825 1932 4879 enim

450 4907 467 4939 ι
509 4889 725 4945 Patrum
761 4894 1084 4963 doctrinam,
1111 4904 1314 4973 populi,
1338 4906 1404 4961 ad
1427 4924 1611 4965 eorum
1651 4926 1769 4981 quae
1807 4927 1931 4972 sunt

450 4998 469 5032 ι
514 4983 649 5035 bona
684 4992 738 5038 et
777 4994 1094 5056 expetenda,
1138 5002 1193 5048 et
1232 4996 1441 5054 inutilia
1497 5016 1558 5055 ac
1614 5005 1928 5075 rejicienda,

450 5092 469 5124 ι
511 5076 872 5143 cognitionem
903 5083 1194 5149 venientes,
1228 5089 1390 5143 vitam
1416 5092 1468 5146 in
1502 5095 1694 5150 melius
1717 5114 1933 5165 compo-

452 5183 471 5216 ι
504 5177 654 5231 nunt,
693 5183 791 5224 nec
819 5171 1133 5239 ignorantiae
1165 5179 1325 5250 178
1358 5184 1470 5237 vitii
1513 5188 1930 5258 convincuntur,

452 5275 471 5308 ι
503 5259 596 5311 sed
626 5257 885 5316 doctrinae
918 5278 1147 5323 mentem
1202 5271 1544 5342 adhibentes,
1601 5280 1808 5351 seipsos
1868 5283 1933 5336 ad

452 5367 474 5403 ι
511 5349 587 5417 id,
613 5367 681 5408 ne
712 5353 837 5410 ntali
863 5359 990 5427 quid
1022 5361 1101 5417 eis
1139 5366 1368 5431 accidat,
1417 5349 1697 5440 excitant,
1730 5385 1784 5431 et
1831 5376 1936 5431 im-

2034 3161 2146 3213 Kal.
2188 3160 2311 3213 ὅσον
2346 3163 2405 3211 τὸ
2446 3158 2532 3211 ἐπ’
2574 3158 2722 3226 αὐτῷ
2770 3158 2861 3210 τὸν
2922 3156 3021 3226 τὴν
3073 3155 3421 3225 χειροτονίαν
3460 3150 3608 3220 αὐτῷ

2031 3252 2408 3306 ἐπιτεθεικότα
2436 3254 2497 3305 οὐ
2538 3250 2861 3324 περιύϐρισε
2918 3250 3013 3304 καὶ
3052 3249 3429 3321 κατῄσχυνεν,
3472 3245 3608 3300 ἀλλὰ

2030 3346 2098 3400 δι’
2130 3347 2381 3418 ἀνάγκην
2408 3344 2565 3398 τοῦτο
2596 3346 2886 3413 πεποίηκε.

2626 3482 2865 3536 ΚΑΝΩΝ
2897 3480 2976 3536 18'
2982 3522 2997 3537 .

2040 3637 2059 3671 ι
2106 3619 2228 3673 Ὅτι
2262 3618 2345 3671 δεῖ
2374 3616 2499 3680 τούς
2522 3616 2628 3671 τῶν
2662 3615 2967 3686 ἐκκλησιῶν
2990 3614 3342 3699 προεστῶτας
3366 3614 3428 3666 ἐν
3457 3612 3611 3684 πάσῃ

2110 3727 2149 3761 ι.
2178 3710 2275 3780 μὲν
2334 3709 2540 3781 ἡμέρα,
2608 3708 2902 3778 ἐξαιρέτως
2974 3706 3030 3759 δὲ
3090 3708 3209 3768 ταῖς
3267 3705 3604 3774 Κυριακαῖς,

2112 3824 2130 3857 ι
2180 3805 2354 3858 πάντα
2389 3804 2479 3857 τὸν
2505 3803 2705 3875 κλῆρον
2730 3802 2825 3877 καὶ
2854 3802 2945 3855 τὸν
2971 3799 3098 3853 λαὸν
3116 3800 3462 3854 ἐκδιδάσκειν
3485 3796 3609 3855 τούς

2109 3917 2128 3950 ι
2176 3897 2273 3966 τῆς
2312 3896 2596 3960 εὐσεϐείας
2653 3895 2866 3962 λόγους,
2925 3897 2989 3947 ἐκ
3044 3893 3144 3960 τῆς
3186 3892 3343 3954 θείας
3381 3888 3605 3960 Γραφῆς

2110 4008 2128 4041 ι
2178 3988 2695 4059 ἀναλεγομένουςτὰ
2719 3988 2816 4057 τῆς
2845 3986 3101 4056 ἀληθείας
3130 3984 3385 4055 νοήματά
3418 3999 3483 4035 τε
3514 3980 3607 4033 καὶ

2108 4101 2126 4133 ι
2178 4082 2440 4157 κρίματα,
2484 4080 2681 4151 καὶμὴ
2717 4079 3156 4149 παραῦαίνοντας
3207 4079 3336 4140 τοὺς
3367 4076 3469 4147 ἤδη
3519 4089 3608 4124 τε-

2100 4191 2131 4231 ,ι
2177 4173 2367 4235 θέντας
2398 4172 2557 4242 ὅρους
2586 4172 2616 4240 ἢ
2652 4172 2749 4240 τὴν
2776 4172 2839 4223 ἐκ
2873 4170 2982 4223 τῶν
3027 4168 3306 4239 θεοφόρων
3341 4168 3606 4235 Πατέρων

2111 4285 2129 4318 ι
2176 4266 2474 4336 παράδοσιν
2501 4282 2514 4295 ⁸
2543 4263 2682 4319 ἀλλὰ
2712 4264 2801 4318 καὶ
2829 4266 2876 4317 εἰ
2926 4264 3194 4333 γραφικὸς
3242 4258 3603 4327 άνακινηθείη

2116 4375 2135 4409 ι
2180 4357 2360 4425 λόγος,
2420 4358 2493 4426 μὴ
2527 4356 2703 4418 άλλως
2750 4356 2938 4409 τοῦτον
2976 4353 3433 4424 ἐρμηνευέτωσαν
3464 4350 3496 4419 ἣ
3530 4349 3603 4410 ὡς

2116 4470 2135 4503 ι
2179 4451 2245 4505 ἂν
2276 4451 2325 4503 οί
2361 4452 2456 4519 τῆς
2507 4449 2834 4517 Ἐκκλησίας
2867 4445 3155 4516 φωστῆρες
3212 4447 3306 4497 καὶ
3341 4444 3602 4497 διδάσκα-

2112 4562 2129 4594 ι
2177 4544 2257 4596 λοι
2291 4543 2377 4596 διὰ
2411 4541 2519 4595 τῶν
2546 4541 2763 4594 οἰκείων
2798 4537 3249 4608 συγγραμμάτων
3272 4535 3599 4605 παρέθεντο’

2113 4654 2130 4687 ι
2179 4635 2272 4687 καὶ
2316 4633 2515 4703 μᾶλλον
2537 4634 2595 4685 ἐν
2618 4632 2826 4695 τούτοις
2857 4630 3321 4698 εὐδοκιμείτωσαν
3349 4628 3381 4698 ἢ
3412 4628 3599 4694 λόγους

2110 4745 2129 4778 ι
2175 4727 2405 4789 οἰκείους
2441 4724 2853 4788 συντάττοντες,
2884 4721 2970 4774 ἵνα
3005 4722 3080 4791 μὴ
3132 4720 3279 4772 ἐστιν
3314 4721 3405 4772 ὅτε
3465 4718 3599 4785 πρὸς

2109 4840 2128 4873 ι
2174 4821 2329 4874 τοῦτο
2354 4819 2576 4888 ἀπόρως
2606 4817 2821 4887 ἔχοντες
2862 4815 3226 4867 ἁποπίπτοιεν
3258 4812 3353 4865 τοῦ
3396 4808 3599 4879 προσή-

2112 4932 2130 4963 ι
2176 4928 2383 4969 κοντος.
2417 4909 2518 4962 Διὰ
2554 4907 2659 4978 γὰρ
2694 4908 2790 4977 τῆς
2827 4906 2937 4958 τῶν
2991 4904 3304 4975 εἰρημένων
3336 4902 3593 4968 Πατέρων

2113 5023 2131 5055 ι
2178 5002 2529 5065 διδασκαλίας
2557 5002 2605 5055 οἰ
2635 5001 2776 5064 λαοὶ,
2801 5000 2859 5052 ὲν
2883 4997 3078 5067 γνώσει
3101 4997 3377 5067 γινόμενοι
3403 4994 3509 5046 τῶν
3534 5005 3593 5041 τε

2116 5117 2136 5149 ι
2182 5096 2488 5151 σπουδαίων
2536 5094 2629 5148 καὶ
2686 5092 2918 5162 αἱρετῶν
2971 5088 3211 5143 καὶτῶν
3262 5085 3593 5156 ἀσυμφόρων

2115 5212 2133 5244 ι
2181 5192 2273 5245 καὶ
2292 5188 2632 5259 ἀποὸλὴτων,
2664 5186 2753 5239 τὸν
2782 5185 2899 5254 βίον
2929 5178 3434 5252 μεταῤῥυθμίξουσι
3461 5174 3595 5243 πρὸς

2118 5305 2135 5337 ι
2180 5284 2241 5337 τὸ
2277 5282 2503 5352 βέλτιον,
2540 5278 2731 5345 καὶτῷ
2757 5277 2854 5345 τῆς
2884 5274 3105 5341 ἀγνοίας
3148 5274 3248 5343 οὐχ
3285 5270 3592 5325 ἁλίσκονται

2118 5395 2137 5429 ι
2184 5377 2372 5442 πάθει,
2408 5371 2543 5426 ἀλλὰ
2596 5369 2963 5439 προσήκοντες
2989 5366 3055 5435 τῇ
3107 5360 3425 5430 διδασκαλίᾳ
3458 5354 3589 5427 (80),

1593 5579 1790 5642 Guill.
1832 5580 2161 5661 Beveregii
2197 5586 2384 5643 notae.

456 5695 565 5777 (ξο)
610 5694 785 5777 Ἀλὶιξι
851 5698 1264 5768 προσήκοντες
1325 5701 1398 5771 τῇ
1451 5702 1834 5776 διδασκαλίᾳ.
1905 5706 1920 5760 1

2051 5709 2214 5764 ndum
2277 5709 2429 5777 juxta
2496 5720 2599 5759 ms.
2662 5702 3178 5767 Atnerbachianum,
3246 5702 3592 5775 προσέχοντες

384 5770 451 5839 τῇ
480 5767 817 5837 διδασκαλίᾳ.

419 5973 445 5991 κ
