3984 6474
343 348 443 413 5'17

417 572 435 605 ι
483 573 588 619 σιν,
643 557 737 610 καὶ
792 557 942 627 φόϐῳ
998 558 1107 610 τῶν
1179 560 1579 628 ἐπηρτημένων
1630 562 1910 631 τιμωριῶν

422 666 439 697 ι
490 648 587 717 τὴν
617 649 889 719 σωτηρίαν
933 652 1144 713 ἑαυτοῖς
1170 651 1553 719 ἐξεργάζονται
1578 654 1709 722 (8i).
1743 673 1762 705 ι

416 739 613 793 ΒΔΛΣ.
656 742 980 795 Διδάσκαλοι
1026 742 1135 795 τῶν
1186 744 1493 813 ἐκκλησιῶν
1523 747 1572 797 οξ
1624 747 1910 802 ἐπίσκοποι

339 832 746 885 καθίστανται·
781 836 877 887 καὶ
926 834 1017 888 διὰ
1052 835 1214 889 τοῦτό
1260 853 1421 906 φησιν
1460 838 1488 888 ό
1538 838 1718 891 κανὼν
1762 839 1909 908 ἔχειν

332 926 561 986 τούτους
603 927 783 977 πᾶσαν
832 927 1079 995 ἀνάγκην
1121 928 1217 981 καὶ
1249 929 1336 980 ἀεὶ
1384 927 1483 996 μὲν
1521 927 1790 981 διδάσκειν
1818 929 1910 983 τὸν

336 1018 431 1069 ὑπ’
462 1018 658 1071 αὐτοὺς
698 1017 846 1077 λαλιν,
879 1018 1055 1088 πολλῷ
1082 1020 1138 1071 δέ
1173 1019 1373 1089 μᾶλλον
1397 1021 1454 1072 ἐν
1484 1024 1600 1082 ταῖς
1624 1020 1909 1089 Κυριωνύ-

338 1124 487 1173 μοις,
525 1107 582 1157 ἐν
608 1101 698 1168 αἷς
745 1106 1001 1159 εἰώθασιν
1042 1108 1280 1171 ἅπαντες
1322 1109 1505 1178 σχεδὸν
1543 1113 1606 1178 τῇ
1645 1110 1911 1183 ἐκκλησίᾳ

336 1195 743 1265 προσεδρεύειν,
770 1197 879 1246 τῶν
911 1198 1245 1268 ἐργοχείρων
1279 1200 1455 1250 αὐτῶν
1488 1199 1907 1269 ἀπαλλαττόμε-

332 1306 443 1341 νοι.
476 1288 764 1341 Διδάσκειν
796 1289 852 1340 δὲ
884 1289 1106 1354 τούτους
1132 1290 1430 1359 διορίζεται
1470 1292 1530 1343 οὐ
1580 1292 1912 1362 παρεκδατι-

334 1380 561 1449 κώτερά
599 1399 719 1433 τινα
749 1384 843 1432 καὶ
867 1382 1097 1449 οἴκοθεν,
1123 1382 1237 1435 ἀλλ’
1272 1384 1413 1436 αὐτὰ
1445 1384 1627 1436 ἐκεῖνα
1656 1384 1725 1437 τὰ
1756 1385 1909 1454 παρὰ

334 1473 445 1525 τῶν
476 1474 652 1539 ἁγίων
683 1474 939 1543 Πατέρων
966 1474 1361 1543 παραδοθέντα.
1396 1477 1500 1527 Καὶ
1534 1478 1580 1527 οἱ
1611 1476 1709 1543 μὲν
1736 1476 1910 1530 Πατέ-

339 1581 430 1631 ρες
458 1566 635 1617 ταῦτα
664 1583 678 1597 ο
719 1566 864 1623 τινὲς
898 1566 953 1619 δὲ
1009 1566 1274 1636 ἀμελοῦσι
1303 1568 1393 1620 τοῦ
1446 1569 1690 1621 τοιούτου
1726 1570 1908 1623 αὐτῶν

335 1661 780 1731 ἐπαγγέλματος,
846 1664 932 1716 διὰ
971 1665 1031 1717 τὸ
1084 1664 1159 1734 μὴ
1193 1664 1531 1717 ἐπισείεσθαι
1585 1668 1794 1728 αὐτοῖς,
1833 1666 1909 1729 ὡς

334 1752 509 1816 ἔοικε,
544 1756 757 1823 ποινήν.
809 1756 960 1825 Ἐμοὶ
1002 1756 1057 1808 δὲ
1103 1756 1251 1811 δοκεῖ
1283 1758 1357 1818 ὡς
1397 1758 1504 1811 ἀπὸ
1558 1758 1649 1811 τοῦ
1695 1758 1775 1829 νη¹
1808 1776 1907 1812 κα-

1448 353 1531 415 IN
1574 354 1720 413 CAN
1772 356 1914 416 XIX
1952 359 2165 423 CONC.
2196 361 2279 421 ΙΝ
2302 365 2627 428 TRULLO.

418 483 435 513 ι
480 458 711 527 ἑαυτοὺς
750 463 887 536 πρὸς
914 462 973 517 τὸ
1008 465 1083 537 μὴ
1116 465 1301 529 κακῶς
1332 468 1523 521 παθεῖν
1552 469 1899 541 παραθήγου-
1933 478 1977 531 Α

3482 378 3586 437 573

2086 492 2102 523 ι
2142 474 2457 529 mineutium
2487 477 2871 548 suppliciorum
2897 458 3039 538 metu
3077 483 3177 539 sibi
3207 484 3434 543 salutem
3456 504 3577 558 pro-

2085 584 2104 616 ι
2149 576 2361 620 curant.
2409 586 2427 617 ι

2082 743 2275 797 Βλιις.
2311 744 2557 815 Episcopi
2610 750 2963 805 ecclesiarum
3016 754 3264 810 doctores
3316 761 3583 815 constitu-

2013 842 2174 885 untur
2202 853 2213 884 ;
2244 842 2297 886 et
2322 845 2601 902 propterea
2640 839 2769 891 dicit
2794 856 2967 893 canon
3002 844 3079 898 eis
3104 850 3325 900 omnino
3356 863 3579 903 necesse

2009 936 2151 985 esse,
2183 924 2266 977 cui
2297 936 2531 991 praesunt
2562 928 2811 996 populum
2844 947 3056 998 semper
3080 936 3294 1002 docere,
3324 950 3378 992 et
3419 942 3584 995 multo

2012 1015 2183 1082 magis
2214 1016 2264 1067 in
2298 1017 2482 1070 diebus
2509 1019 2799 1075 Dominicis
2834 1024 2943 1075 :Ain
2998 1027 3193 1093 quibus
3238 1044 3423 1085 omnes
3476 1033 3587 1086 fere

2009 1105 2185 1158 solent
2226 1106 2275 1158 in
2301 1108 2547 1161 ecclesiis
2578 1110 2871 1173 interesse,
2909 1121 2964 1166 ιιι
2997 1117 3084 1183 qui
3129 1133 3155 1167 a
3186 1120 3297 1172 suis
3336 1101 3598 1177 artilieiis'

2008 1197 2366 1266 operibusque
2394 1209 2632 1255 cessent.
2688 1202 2791 1257 Eos
2852 1216 3028 1257 autem
3088 1209 3285 1264 docere
3332 1223 3584 1278 oportere

2008 1289 2269 1352 decernit,
2302 1306 2405 1344 non
2454 1307 2577 1361 qua:
2605 1294 2823 1348 nimiam
2854 1298 3127 1352 continent
3171 1302 3582 1371 digressionem,

2010 1390 2062 1433 et
2093 1396 2189 1446 pro
2219 1381 2464 1442 arbitrio.
2491 1384 2585 1436 sed
2615 1398 2675 1437 ea
2698 1401 2817 1454 quae
2854 1402 2884 1440 a
2932 1390 3133 1442 sanctis
3168 1390 3417 1449 Patribus
3474 1408 3585 1450 tra.

2009 1472 2116 1524 dita
2149 1481 2296 1528 sunt.
2326 1473 2393 1527 Et
2442 1473 2628 1530 Patres
2678 1477 2893 1546 quidem
2942 1480 3073 1533 hate.
3124 1481 3373 1539 Nonnulli
3408 1501 3583 1541 autem

2012 1567 2318 1636 huiusmodi
2371 1580 2698 1639 praeceptum
2750 1574 3042 1642 negligunz,
3095 1592 3157 1629 eo
3191 1582 3351 1646 quod,
3397 1592 3457 1635 ut
3504 1596 3587 1639 est

2010 1658 2320 1720 verisimile,
2359 1660 2436 1715 eis
2469 1674 2627 1729 pmua
2662 1679 2764 1716 non
2797 1664 3069 1733 inligatur
3095 1686 3108 1720 :
3139 1680 3194 1722 ut
3228 1672 3357 1725 mihi
3404 1684 3583 1729 autem

2010 1751 2240 1815 videtur,
2272 1753 2432 1806 etiam
2462 1769 2490 1807 a
2523 1755 2591 1809 58
2615 1771 2824 1811 canone
2862 1770 3168 1813 sauciorum
3220 1766 3581 1831 apostolorum

339 1844 494 1906 νὸνος
530 1844 639 1897 τῶν
668 1847 841 1911 ἁγίων
874 1824 1218 1900 Ῠάποστόλων
1261 1848 1511 1917 μεγάλως
1553 1843 1700 1902 οὗτοι
1748 1824 1909 1904 κολά-

2016 1845 2067 1899 bi
2103 1845 2261 1900 valde
2312 1847 2631 1915 puniuntur.
2702 1849 2835 1903 Dicit
2896 1852 3038 1906 enim
3097 1824 3447 1926 :Episc0pus
3503 1860 3583 1911 vel

338 1933 550 1998 ζονται.
580 1936 718 2003 Φησὶ
741 1937 870 2006 γάρ,
915 1937 1243 2001 Ἐπίσκοπος
1274 1939 1306 2008 ἦ
1344 1938 1740 2008 πρεσϐύτερος.
1768 1942 1906 2009 ἀμε-

338 2026 447 2079 λῶν
478 2026 571 2079 τοῦ
599 2027 803 2098 κλήρου
832 2028 980 2098 ἢτοῦ
1001 2030 1152 2093 λαοῦ,
1189 2030 1283 2082 καὶ
1314 2030 1388 2100 μὴ
1422 2031 1692 2084 παιδεύων
1715 2033 1912 2096 αὐτοὺς

338 2122 437 2191 τὴν
473 2120 781 2182 εὐσέϐειαν,
814 2123 1184 2191 ἁφοριζέσθω·
1242 2123 1516 2193 ἐπιμένων
1544 2123 1601 2176 δὲ
1640 2126 1704 2195 τῇ
1739 2124 1912 2196 ρᾳθυ-

348 2214 464 2285 pia,
491 2214 883 2283 καθαιρείσθω.
921 2215 1240 2284 Σημείωσαι
1270 2213 1362 2269 οὖν
1393 2216 1501 2268 ἀπὸ
1524 2216 1619 2269 τοῦ
1646 2219 1913 2286 παρόντος

350 2308 565 2369 κανόνος
604 2308 687 2359 ὅτι
716 2307 776 2359 τὸ
798 2307 1073 2359 διδάσκειν
1099 2308 1187 2360 τὸν
1213 2308 1338 2361 λαὸν
1360 2309 1541 2378 μόνοις
1569 2311 1781 2381 ἐνεδόθη
1800 2314 1911 2375 τοῖς

300 2392 303 2395 ’
352 2399 687 2462 ἐπισκόποις,
719 2399 814 2452 καὶ
849 2400 897 2451 οἱ
922 2399 1229 2453 διδάσκαλοι
1255 2403 1352 2469 τῆς
1395 2401 1654 2469 Μεγάλης
1706 2402 1907 2471 ἐκκλη-

346 2490 463 2553 σίας
484 2490 598 2559 (82)
632 2491 826 2560 δικαίῳ
853 2491 947 2544 τοῦ
985 2492 1319 2561 πατριάρχου
1372 2492 1702 2549 διδάσκουσι.
1736 2495 1910 2564 ’Παρ-

344 2580 556 2634 ἵσταται
590 2583 647 2635 δὲ
684 2582 840 2635 τοῦτο
890 2582 982 2635 καὶ
1036 2583 1142 2635 ἀπὸ
1170 2584 1269 2651 τῆς
1289 2584 1507 2654 Νεαρᾶς
1544 2583 1638 2635 τοῦ
1669 2584 1911 2651 ἀοιδίμου

340 2676 610 2744 βασιλέως
644 2674 814 2745 κυροῦ
860 2674 1094 2741 Ἀλεξίου
1122 2674 1215 2728 τοῦ
1246 2675 1553 2746 Κομνηνοῦ,
1578 2676 1677 2748 τῆς
1708 2677 1911 2731 ὑποτυ-

343 2769 558 2836 πούσης
610 2770 754 2830 ὅπως
820 2770 914 2823 καὶ
963 2770 1107 2831 τίνες
1152 2770 1429 2838 ὀφείλουσι
1462 2770 1798 2840 ψηφίζεσθαι
1835 2770 1914 2831 είς

335 2863 437 2924 τὰς
499 2861 819 2931 ἐκκλησίας,
895 2863 987 2913 καὶ
1040 2863 1366 2932 τυπωσάσης
1407 2865 1518 2925 τοῖς
1576 2862 1916 2925 διδασκάλοις

338 2956 502 3015 πᾶσι,
530 2956 641 3016 τοῖς
683 2971 741 3005 τε
776 2954 927 3016 ἐντὸς
957 2950 1076 3008 οὖσι
1103 2955 1303 3025 δηλαδὴ
1345 2955 1445 3023 τῆς
1477 2955 1773 3024 ἐκκλησίας
1821 2955 1914 3006 καὶ

334 3050 455 3111 τοῖς
478 3049 635 3110 ἐκτὸς
659 3047 761 3101 ἀνὰ
781 3048 1128 3117 νομισμάτων
1145 3047 1329 3118 λίτρας
1352 3050 1499 3117 τρεῖς
1528 3046 1663 3117 (85),
1693 3047 1785 3100 καὶ
1812 3045 1917 3099 ἀνὰ

2013 1937 2294 2008 presbyter
2326 1939 2528 1993 clerum
2589 1941 2671 1995 vel
2728 1942 2978 2009 populum
3039 1947 3333 2016 negligens,
3381 1958 3435 2003 et
3492 1965 3585 2005 eos

1980 2031 2267 2101 pietatem
2311 2045 2416 2085 non
2477 2031 2699 2098 docens,
2761 2047 3113 2104 segregetur:
3167 2040 3248 2092 sin
3300 2051 3478 2093 autem
3532 2045 3581 2094 in

2014 2124 2261 2177 socordia
2290 2135 2620 2192 perseveret,
2662 2125 2982 2193 deponatur.
3019 2128 3151 2182 Nota
3208 2146 3338 2199 ergo
3378 2148 3442 2185 ex
3480 2135 3583 2188 hoc

2012 2233 2237 2281 canone,
2266 2219 2404 2285 quod
2437 2218 2685 2288 populum
2711 2220 2904 2275 docere
2939 2220 3068 2275 solis
3105 2222 3371 2293 episcopis
3402 2228 3581 2279 datqu

2015 2319 2122 2374 est,
2163 2320 2217 2364 et
2262 2309 2464 2377 Magna:
2519 2310 2759 2365 ecclesiae
2810 2312 3054 2365 doctores
3100 2315 3416 2378 patriarclize
3466 2318 3586 2383 jure

2008 2403 2228 2458 docent.
2280 2401 2393 2455 Hoc
2448 2411 2624 2456 autem
2682 2404 2841 2456 etiam
2901 2404 3203 2459 ostenditur
3252 2424 3314 2461 ex
3363 2407 3595 2463 Novella

1956 2558 1967 2565 ,
2016 2480 2238 2548 illusuris
2262 2493 2389 2561 imp.
2412 2492 2614 2547 domini
2637 2494 2809 2547 Alexii
2840 2493 3121 2559 Conineni,
3153 2512 3271 2565 quae
3307 2500 3585 2561 describit.

2014 2594 2069 2641 et
2099 2586 2369 2654 quomodo
2401 2594 2454 2637 et
2478 2586 2697 2653 quinam
2730 2586 2919 2639 debent
2946 2588 2995 2640 in
3049 2588 3300 2644 ecclesiis
3332 2592 3477 2662 eligi,
3534 2604 3588 2645 et

2017 2674 2259 2730 decernit
2286 2674 2536 2727 omnibus
2562 2676 2890 2740 doctoribus,
2925 2687 3028 2730 tam
3059 2678 3123 2732 iis
3163 2680 3251 2749 qui
3279 2690 3403 2735 sunt
3430 2694 3582 2737 extra

1984 2765 2324 2829 ecclesiam,
2369 2782 2530 2833 quam
2568 2768 2631 2817 iis
2682 2767 2769 2835 qui
2816 2780 2942 2821 sunt
2992 2770 3152 2835 intra,
3202 2774 3425 2842 singulis
3475 2786 3585 2830 tres

2018 2858 2397 2911 numismatum
2449 2856 2636 2919 libras,
2681 2868 2733 2910 et
2785 2859 3010 2927 singulis
3058 2860 3308 2917 frumenti
3368 2866 3575 2921 modios

2018 2948 2442 3016 quinquaginta;
2477 2959 2530 3002 et
2570 2948 2684 3002 hinc
2721 2962 2904 3017 aperte
2930 2952 3146 3007 decidit.
3198 2955 3277 3007 Sit
3323 2965 3496 3009 autem
3532 2969 3586 3012 et

2022 3043 2109 3098 hic
2149 3042 2464 3096 doctoribus
2497 3046 2670 3095 honor
2703 3044 2933 3097 tributus
2962 3055 3019 3098 ut
3050 3046 3241 3100 iterum
3275 3048 3325 3101 in
3355 3051 3587 3119 propriis

1570 3185 1762 3250 Guill.
1788 3180 2115 3263 Beveregii
2163 3186 2351 3244 nota).

414 3332 527 3403 (8i)
560 3333 772 3397 Αὐτοῖς
800 3329 1235 3400 ἐξεργάζονται.
1261 3331 1319 3385 In
1369 3347 1472 3387 ms.
1533 3342 1721 3387 nostro
1778 3331 1913 3385 Bod-

2027 3327 2121 3390 κὸς
2148 3327 2352 3403 dictus,
2376 3326 2467 3395 qui
2508 3336 2688 3403 tamen
2722 3341 2912 3403 omnes
2937 3344 3042 3382 non
3070 3344 3189 3403 suo_
3211 3335 3307 3384 sed
3356 3336 3585 3401 patriar-

336 3406 527 3457 leiano
569 3419 680 3469 pOSI
716 3405 817 3455 ista
849 3406 1032 3461 verba,
1068 3414 1121 3454 et
1181 3413 1306 3455 ante
1370 3403 1705 3456 Balsamouis
1732 3403 1910 3471 ἑρμη-

335 3491 516 3535 νειαν,
540 3476 652 3526 luec
687 3476 993 3544 habentur:
1026 3474 1343 3544 Σημείωσον
1371 3475 1460 3544 τὸν
1488 3473 1727 3544 παρόντα
1758 3473 1915 3525 κανό-

336 3563 425 3603 να.
466 3546 560 3596 καὶ
589 3544 869 3611 θαύμασον
904 3542 1019 3605 πῶς
1052 3542 1293 3611 σήμερον
1334 3542 1635 3613 ἀμελεῖταιΖ
1684 3543 1744 3594 '0
1804 3544 1911 3612 γάρ

334 3614 640 3675 ὁσιώτατος
702 3615 1045 3683 πατριάρχης
1110 3616 1317 3674 ἐκεῖνος
1376 3611 1567 3683 κύριος
1602 3611 1913 3681 Ἰωάννηςό

337 3684 439 3737 τοῦ
471 3682 825 3751 Χαλκηδονίς
850 3683 967 3736 καθ’
998 3683 1236 3751 ἑκάστην
1299 3682 1585 3752 Κυριακὴν
1640 3683 1911 3752 ἐδίδασκε,

334 3754 424 3806 διδ
463 3756 560 3805 καὶ
587 3754 929 3822 εὑρίσκονται
964 3754 1020 3805 αἱ
1050 3751 1577 3805 διδασκαλίαισύτοῦ
1618 3755 1674 3805 ἐν
1723 3751 1911 3821 βιϐλίῳ

345 3825 648 3891 ἰδιαιτάτῳ.
688 3822 828 3875 Nota
860 3833 1162 3887 prwsentem
1187 3838 1460 3885 canonem,
1494 3833 1539 3873 et
1561 3824 1756 3875 mirare
1788 3839 1915 3891 quo-

340 3895 501 3947 modo
537 3895 687 3945 hodie
752 3894 1049 3961 negligitur.
1122 3891 1362 3960 Namque
1416 3895 1781 3945 sanctissimus
1825 3892 1913 3947 ille

351 3969 660 4030 patriarcha
718 3964 965 4014 dominus
1000 3961 1263 4022 Joannes,
1299 3972 1633 4030 cognomento
1691 3961 1912 4015 Chalce-

340 4038 561 4090 donius,
585 4033 814 4100 qualibet
853 4032 1124 4084 Dominica
1165 4033 1246 4085 die
1276 4030 1529 4086 docebat:
1574 4033 1913 4100 quamobrem

336 4107 504 4155 etiam
546 4119 806 4154 sermones
831 4102 944 4170 ejus
975 4106 1025 4152 in
1071 4104 1322 4167 peculiari
1379 4101 1512 4153 libro
1567 4103 1912 4157 invenientur.

342 4172 586 4226 Joannes
619 4174 707 4225 ille
728 4172 1134 4225 Clialtedonius
1156 4175 1461 4238 patriarcha
1494 4186 1617 4226 erat
1652 4172 1916 4226 Constan-

342 4243 742 4312 tinopolitanus
769 4281 783 4299 .
809 4243 998 4295 Alexio
1040 4240 1317 4312 Conmeno
1371 4243 1689 4309 imperante.
1732 4244 1802 4295 De
1847 4258 1913 4297 eo

342 4311 490 4366 enim
526 4314 578 4364 in
613 4313 750 4365 serie
784 4314 1164 4382 episcoporum
1228 4311 1469 4382 Byzantii
1495 4313 1608 4365 haec
1634 4311 1910 4382 dicuntur,

359 4382 613 4447 Ἰωάννης
648 4384 674 4433 ὁ
710 4383 1063 4450 ἱερομνήμων,
1089 4380 1116 4430 ὁ
1148 4380 1534 4449 ἐπιλεγόμενος
1561 4380 1656 4433 τοῦ
1684 4382 1910 4449 Χαλκη-

340 4450 633 4515 δόνος·ἐπὶ
674 4452 768 4502 τοῦ
822 4449 985 4503 αὐτοῦ
1026 4449 1261 4514 Ἀλεξίου
1316 4450 1409 4502 τοῦ
1472 4452 1758 4518 Κομνηνοῦ
1818 4452 1913 4504 καὶ

348 4520 595 4575 Ἰωάννου
650 4520 742 4572 τοῦ
777 4521 1308 4589 ιιορφυρογεννήτου,
1353 4520 1445 4589 ἔτη
1500 4526 1605 4587 κγ’.
1651 4520 1710 4574 In
1765 4521 1914 4576 Juris

348 4590 439 4646 Cr.
475 4592 633 4643 Rom.
667 4592 702 4643 l.
735 4606 816 4654 IV,
847 4607 897 4659 p.
925 4590 1049 4643 50“).
1078 4588 1225 4643 Dicta
1260 4588 1444 4659 autem
1476 4591 1635 4643 verba
1666 4593 1718 4644 in
1763 4593 1912 4645 nullo

348 4664 455 4715 alio
489 4663 685 4739 codice
724 4656 999 4741 leg-uiitur,
1034 4668 1087 4712 et
1118 4661 1184 4711 ab
1214 4656 1317 4713 alia
1359 4676 1520 4740 quam
1572 4659 1914 4741 Balsainonis
1945 4686 1989 4741 ι)

342 4747 511 4785 manu
537 4733 736 4797 scripta
770 4732 1058 4791 videntur;
1091 4744 1213 4782 nam
1242 4745 1365 4783 eum
1403 4730 1561 4782 initio
1591 4730 1709 4799 ejus
1736 4730 1912 4785 inter-

344 4802 668 4870 pretationis
700 4800 860 4870 hujus
883 4800 1109 4870 canonis
1141 4813 1477 4868 nequaquam
1512 4799 1806 4853 cohaerent.

416 4870 528 4939 (8‘2)
552 4873 614 4922 Ol
638 4869 992 4939 διδάσκαλοι
1014 4867 1122 4935 τῆς
1142 4867 1783 4939 Μεγάληςίέκκλησίας,
1812 4870 1915 4924 Pa-

348 4937 647 4993 trian-bam
687 4938 1330 5006 Constantiuopolitanus
1379 4937 1664 4993 ollicialent
1717 4940 1820 4992 sub
1849 4956 1908 4995 se

343 5012 709 5064 constitutum
748 5011 949 5063 habere
994 5008 1188 5062 solitus
1236 5017 1338 5071 est,
1409 5009 1503 5075 qui
1552 5010 1725 5077 ipsius
1789 5011 1910 5064 loco

347 5081 700 5140 Evangelium
771 5081 970 5146 populo
1029 5080 1536 5145 interpretabatur,
1595 5093 1625 5131 a
1680 5079 1912 5134 docendi

346 5166 572 5202 munere
606 5148 920 5210 διδάσκαλος
955 5147 1156 5201 dictus.
1210 5148 1337 5216 Ejus
1368 5147 1604 5202 oﬂicium
1663 5148 1716 5201 in
1766 5160 1915 5201 cata-

347 5228 466 5289 logo
496 5219 819 5301 ol‘ﬁcizdiirrn
870 5218 1132 5301 ecclesiae.
1171 5217 1783 5301 Constantinopolitanae
1831 5221 1913 5273 sic

345 5287 678 5341 describitur
763 5288 822 5338 Ὀ
888 5287 1204 5349 διδάσκαλος
1281 5287 1570 5358 ἑρμηνεύέι
1634 5290 1693 5340 τὸ
1758 5288 1912 5351 ἅγιον

345 5358 710 5426 Εὑαγγέλιον,
741 5360 787 5410 εί
822 5358 1043 5417 δυνατός
1078 5360 1214 5420 ἐστι,
1242 5359 1441 5427 ὁμοίως
1473 5359 1564 5410 καί⁵
1590 5358 1650 5410 τὸ
1703 5358 1911 5427 ψαλτή-

350 5446 484 5498 ριον·
518 5430 734 5497 κρατῶν
758 5428 853 5480 καὶ
882 5429 948 5481 τὰ
973 5430 1161 5496 σχολία
1192 5427 1287 5498 τῆς
1315 5430 1639 5497 ἐπισκοπῆςο
1679 5429 1792 5481 ἐστι
1817 5430 1911 5481 καὶ

348 5496 570 5567 δεκέτης
600 5500 696 5565 τῆς
729 5500 919 5569 τρίτης
953 5498 1247 5569 πεντάδος,
1269 5496 1553 5551 Balsamun
1579 5496 1780 5569 autem
1813 5514 1910 5569 eos

352 5569 533 5637 plures
564 5569 733 5621 luisse
766 5567 866 5621 hoc
917 5571 1036 5621 loco
1083 5568 1353 5636 indigitut,
1414 5569 1602 5621 (licens
1654 5567 1912 5620 διδασκά-

346 5636 468 5699 λους
499 5640 597 5706 τῆς
646 5639 903 5707 Μεγάλης
947 5637 1263 5707 ἐκκλησίας.
1299 5636 1462 5691 Erant
1517 5639 1768 5690 nimirum
1808 5654 1909 5690 nu-

351 5723 499 5761 mero
529 5720 787 5776 quatuor,
816 5711 842 5761 ό
873 5708 963 5760 τοῦ
999 5708 1353 5775 Εὑαγγελίου,
1379 5710 1405 5758 ό
1446 5708 1536 5760 τοῦ
1584 5709 1904 5772 ἀποστόλου,

351 5778 376 5827 ὁ
398 5776 490 5829 τοῦ
510 5778 835 5849 ψαλτηρίου,
873 5792 923 5834 et
955 5781 1197 5834 omnium
1232 5794 1558 5848 praecipuus,
1591 5780 1898 5848 οίκουμενι-

1268 5855 1282 5878 \

2027 3402 2143 3452 clue
2181 3401 2400 3467 nomine
2439 3400 2692 3468 populum
2729 3397 3017 3459 docebant,
3050 3402 3123 3452 uti
3161 3397 3444 3455 Balsainon
3482 3409 3582 3460 hoc

2022 3471 2142 3521 loco
2168 3468 2410 3542 tradidit.
2442 3468 2576 3542 Οἰοῑί
2620 3480 2747 3542 sunt
2770 3478 3025 3542 autemet
3057 3472 3285 3540 ῥήτορες
3321 3476 3418 3542 τῆς
3458 3476 3582 3528 Ἐκ-

2019 3538 2247 3607 κλγισίας
2284 3555 2309 3589 a
2340 3537 2690 3607 Pacliymere,
2726 3539 2777 3590 in
2803 3539 2921 3591 Vita
2958 3537 3254 3601 Michaelis;
3317 3537 3381 3594 et'
3426 3549 3581 3601 sedes

2019 3625 2206 3683 eorum
2243 3610 2295 3683 in
2329 3610 2579 3683 ecclesia,
2620 3609 2761 3683 unde
2787 3608 3260 3683 docereronsueti
3304 3624 3452 3674 sunt,
3485 3619 3582 3683 ῥη-

2018 3679 2236 3747 τορικὸς
2271 3679 2460 3746 θρόνος
2521 3678 2828 3749 appellatur
2888 3693 2917 3731 a
2964 3678 3147 3734 Niceta
3203 3678 3493 3737 Cboniate
3526 3678 3577 3739 iii

2021 3749 2254 3803 Mannel.
2289 3749 2557 3802 Comnen.
2600 3756 2635 3800 Ι.
2665 3763 2760 3803 vn.

2093 3819 2201 3885 (83)
2235 3820 2375 3889 ᾋνᾲ
2434 3820 2816 3887 νομισμάτων
2846 3820 3056 3888 λίτρας
3117 3824 3295 3889 τρεῖς.
3358 3822 3413 3875 In
3475 3842 3577 3879 nis.

2022 3887 2549 3962 nostioABodleiano
2605 3905 2705 3957 pro
2758 3891 2861 3943 ἀνά
2910 3887 3263 3962 νομισμάτων
3318 3895 3581 3948 scribitur

2020 3960 2333 4032 abbreviate
2368 3960 2583 4032 avara
2613 3962 2884 4026 quomodo
2911 3960 3166 4024 etiam'is‘,
3196 3967 3284 4032 qui
3310 3962 3577 4017 Parisien-

2024 4046 2136 4084 sem
2187 4028 2847 4101 Balsamoniseditionem
2880 4028 3225 4101 procuravit,
3259 4034 3455 4101 legisse
3497 4037 3578 4087 vi-

2021 4101 2199 4161 detur,
2227 4100 2426 4167 quippe
2460 4099 2554 4165 qui
2598 4100 2819 4166 scripsit
2855 4108 2953 4167 τχ’.
2988 4100 3236 4157 Eamdem
3285 4099 3447 4155 eiiam
3483 4107 3577 4157 ab-

2022 4168 2388 4222 breviaturam
2420 4168 2469 4219 in
2495 4183 2625 4220 mss.
2654 4169 3089 4224 Amerbacliiano
3120 4174 3220 4225 hoc
3249 4174 3367 4226 loco
3409 4190 3571 4225 usur-

2022 4250 2358 4308 patam__esse
2390 4247 2623 4290 testatur
2655 4238 3009 4294 doctissimus
3048 4242 3127 4293 vir
3152 4242 3311 4294 .loau.
3372 4242 3573 4295 Rodol-

2022 4306 2161 4378 ptius
2194 4306 2550 4371 Wetsteuius,
2601 4309 2693 4376 qui
2740 4322 2929 4378 omnes
2984 4313 3256 4365 variantes
3312 4312 3574 4366 lectiones

2023 4376 2235 4449 Summa
2260 4378 2537 4449 diligentia
2568 4394 2629 4431 ex
2664 4376 2852 4449 eodem
2888 4379 3136 4449 collegit;
3164 4391 3214 4435 et
3247 4379 3314 4434 de
3374 4382 3566 4435 eadem

2020 4449 2134 4501 haec
2167 4448 2387 4517 insuper
2415 4446 2715 4501 adnotavit.
2754 4447 2868 4513 Sic,
2917 4446 3110 4512 inquit.
3169 4452 3220 4502 in
3280 4460 3426 4503 cant.
3478 4452 3569 4517 19,

2022 4517 2192 4589 Trull.
2221 4516 2363 4589 Bais.
2398 4517 2523 4579 581,
2546 4518 2622 4589 7A.
2652 4519 2705 4581 5,
2730 4520 2953 4586 legimus
2984 4516 3192 4589 dvhnx'
3223 4520 3432 4589 λίτρας.
3465 4516 3567 4577 ius.

2024 4587 2182 4651 habet
2210 4586 2290 4656 χτ’
2307 4587 2519 4659 λίτρας,
2545 4588 2970 4659 Βοηθιίιίὶιιείιίίι).
3005 4605 3037 4642 t.
3076 4586 3195 4643 Jur.
3229 4586 3324 4642 0r.
3351 4605 3411 4659 γ).
3476 4591 3568 4655 48,

2022 4659 2149 4723 legit
2194 4656 2623 4726 τραχέων,ιμιοι1
2663 4660 2825 4712 etiam
2860 4658 3126 4713 llervetus
3150 4661 3200 4712 in
3230 4674 3329 4713 suo
3360 4656 3569 4714 'exem-

2023 4728 2159 4797 piari
2196 4728 2635 4798 agnoscitzldem
2671 4743 2799 4798 vero
2824 4728 3210 4798 interpretatur
3249 4732 3511 4798 tegumina
3551 4749 3566 4786 :

2019 4796 2160 4851 inale
2198 4800 2413 4867 opinor.
2444 4796 2580 4862 Quid
2605 4797 2748 4852 enim
2778 4806 2889 4852 tres
2923 4796 3253 4867 leguminum
3292 4796 3443 4853 libra:
3498 4802 3564 4855 ad

2019 4868 2410 4937 quinquaginta
2448 4869 2657 4921 modios
2693 4868 2949 4920 frumenti
2979 4880 3305 4937 Comparate?
3342 4869 3567 4924 ?Bone-

2018 4936 2183 4991 lidius
2232 4938 2413 5001 vertit,
2450 4939 2766 5007 Asperorum
2793 4936 2955 4989 libras
2986 4956 3001 4992 :
3031 4936 3252 5007 propius
3309 4942 3373 4992 ad
3429 4957 3565 5003 rem,

2017 5008 2074 5060 ni
2104 5007 2283 5061 fallor.
2315 5008 2475 5061 Certe
2524 5006 2740 5077 Asperi,
2780 5007 2989 5075 ἇσπρα,
3032 5006 3311 5062 vocantur
3364 5013 3567 5064 nummi

2018 5076 2235 5146 quidam
2265 5077 2507 5145 argentei
2541 5076 2803 5147 aGrazcis
2833 5077 3134 5140 hodiernis,
3191 5080 3283 5147 qui
3318 5080 3441 5133 dein
3498 5095 3563 5134 eo

2018 5147 2237 5200 nomine
2263 5162 2358 5215 per
2398 5146 2774 5216 synecdochen
2801 5147 3078 5215 quodlibet
3109 5146 3389 5218 argentum
3424 5149 3565 5202 indi-

2016 5218 2187 5289 gitant
2224 5226 2493 5289 :_t_ttcum
2546 5219 2613 5289 de
2664 5219 2922 5283 opulento
2975 5219 3162 5272 dicunt
3215 5219 3391 5272 Πολλὰ
3451 5220 3564 5289 ἔχει

2017 5284 2229 5357 ᾇσπρα,
2256 5284 2449 5338 Multos
2476 5285 2626 5338 habet
2655 5303 2914 5347 nummos,
2936 5302 3031 5342 seu
3053 5290 3249 5357 inultas
3284 5284 3563 5357 pecunias.

2016 5355 2396 5423 Conjecturam
2420 5358 2573 5420 juvat
2601 5358 2861 5421 analogia.
2898 5358 3102 5411 Etenim
3130 5356 3180 5411 J.
3212 5355 3478 5413 Meursius
3506 5359 3561 5413 in

2014 5424 2941 5496 GlossarioGra'cobarliaroﬁsnpov
2954 5429 3338 5496 interpretatur
3356 5431 3564 5483 Album.

2016 5496 2300 5557 Similiter,
2361 5496 2430 5549 ab
2490 5496 2660 5568 ἀργὸν
2715 5498 2892 5568 allium
2951 5501 3253 5551 lormautur
3321 5498 3564 5568 ἄργυρος

2014 5574 2310 5633 argentum,
2346 5580 2442 5631 pro
2462 5567 2716 5619 nummis.
2756 5566 2875 5619 Non
2909 5576 3034 5620 sunt
3094 5568 3234 5631 Albi,
3295 5566 3561 5620 nuinni'bli

2014 5638 2279 5701 argentei.
2306 5636 2716 5688 Francoiurlum
2747 5647 2797 5687 et
2831 5638 2991 5690 urbes
3045 5651 3108 5688 ac
3163 5638 3410 5704 regiones
3458 5636 3565 5689 cir-

2013 5704 2523 5758 cumlustratilibus.
2564 5708 2914 5773 Sed,inquis,
2978 5708 3118 5763 unde
3166 5708 3369 5775 τραχέα
3432 5706 3566 5775 illa?

2010 5776 2337 5841 Fateor,nec
2360 5775 2473 5846 ipse
2506 5781 2641 5830 scio.
2676 5775 2778 5830 Nec
2806 5779 2946 5829 enim
2976 5774 3213 5829 occurrit
3244 5779 3370 5831 mibi
3423 5774 3566 5847 apud
