3984 6474
323 360 415 422 581

394 582 411 613 ι
450 568 607 633 τερες
629 564 894 617 διέλαϐον.
944 584 963 615 ι

396 656 456 707 Οἱ
479 655 768 708 ἐπίσκοποι
815 657 874 709 ἐν
915 656 1112 718 πάσαις
1163 657 1262 727 μὲν
1316 656 1555 728 ἡμέραις
1608 657 1883 725 ὀφείλουσι

316 747 410 800 τὸν
441 748 646 816 κλῆρον
682 749 776 801 καὶ
821 748 912 800 τὸν
946 749 1073 802 λαὸν
1099 749 1439 804 ἐκδιδάσκειν
1461 753 1561 822 τῆς
1600 750 1880 812 εὐσεϐείας

322 841 392 892 τὰ
422 839 670 908 δόγματα
694 881 707 904 ,
761 840 1053 910 ἐξαιρέτως
1083 842 1141 894 δὲ
1171 843 1228 894 ἐν
1260 846 1379 905 ταῖς
1418 845 1745 911 Κυριακαῖς.
1772 842 1884 894 Καὶ

318 934 366 984 εί
401 933 672 1002 γραφικόν
701 950 783 995 τις
812 934 1008 995 αὐτοὺς
1051 935 1315 1003 ἐρωτήσει
1358 935 1538 1002 λόγον,
1570 935 1642 1004 μὴ
1671 934 1883 988 οἴκοθεν

316 1026 509 1078 τοῦτον
555 1025 1008 1094 ἐρμηνευέτωσαν
1029 1041 1044 1057 ο
1088 1025 1245 1078 τοῦτο
1271 1027 1378 1096 γάρ
1408 1029 1554 1079 ἐστιν
1584 1028 1768 1088 αὐτοῖς
1795 1026 1884 1078 εὐ·

315 1115 624 1183 δοκίμησις,
661 1116 719 1166 τὸ
755 1116 954 1169 εἰδέναι
984 1116 1081 1178 τὰς
1113 1117 1441 1186 παραδόσεις
1467 1117 1575 1170 τῶν
1603 1117 1880 1188 θεοφόρων

317 1205 599 1274 Πατέρων,
635 1206 728 1256 καὶ
759 1203 880 1256 κατ’
911 1206 1077 1266 αὐτὰς
1106 1206 1254 1259 λύειν
1291 1206 1359 1260 τά
1405 1206 1757 1277 ἐρωτώμενα,
1790 1207 1882 1260 καὶ

317 1299 396 1365 μὴ
443 1297 678 1358 οἰκείους
736 1297 928 1364 λόγους
988 1299 1343 1352 συντάττειν
1396 1299 1487 1352 ἵνα
1526 1299 1625 1369 μὴ,
1661 1300 1885 1370 ἀπόρως

317 1392 450 1452 ῐσως
481 1391 694 1460 ἔχοντες
724 1392 861 1460 πρὸς
894 1389 954 1442 τὸ
982 1391 1075 1460 ἀφ’
1112 1390 1318 1443 ἑαυτῶν
1344 1390 1505 1444 λῦσαι
1554 1391 1750 1454 ταῦτα,
1779 1392 1880 1458 τῆς

317 1481 552 1551 ἀληθοῦς
601 1483 896 1553 ἑρμηνείας
944 1483 1132 1555 πόῤῥω
1165 1483 1450 1539 ἐκπέσοιεν
1471 1501 1485 1513 ο
1517 1484 1609 1535 τὸν
1638 1484 1696 1535 δὲ
1741 1485 1882 1552 ἀμε-

314 1573 514 1626 λοῦντα
535 1572 631 1626 τοῦ
663 1574 864 1646 κλήρου
889 1575 985 1629 καὶ
1016 1575 1108 1627 τοῦ
1145 1575 1298 1635 λαοῦ,
1326 1576 1419 1629 καὶ
1453 1576 1525 1646 μὴ
1555 1575 1878 1629 διδάσκοντα

321 1663 524 1725 αὐτοὺς
551 1665 649 1732 τὴν
678 1664 982 1732 εὐσέϐειαν,
1019 1665 1211 1736 πρῶτα
1250 1667 1346 1735 μὲν
1392 1666 1638 1735 ἀφορίζει
1683 1668 1712 1719 ὀ
1753 1684 1884 1723 πεν-

320 1759 584 1826 τηκοστὸς
612 1757 796 1825 ὄγδοος
826 1759 935 1813 τῶν
969 1760 1141 1827 ἀγίων
1167 1760 1480 1812 ἀποστόλων
1521 1757 1724 1826 κανὼν,
1759 1754 1877 1814 εἶτα

321 1853 386 1920 τῇ
424 1848 669 1920 ῥᾳθυμίᾳ
707 1851 1034 1921 ἐπιμένοντα
1062 1852 1153 1903 καὶ
1186 1851 1460 1922 καθαιρεῖ.

916 1963 1154 2017 ΚΑΝΩΝ
1196 1964 1283 2020 K'.

333 2096 348 2127 ι
388 2077 479 2146 Μὴ
513 2075 715 2141 ἐξέστω
760 2077 1044 2147 ὲπισκόπῳ
1085 2078 1165 2141 είς
1216 2077 1410 2146 ἑτέραν
1457 2078 1555 2148 τὴν
1614 2079 1688 2150 μὴ
1736 2080 1886 2146 αὐτῷ

396 2191 414 2221 ι
464 2171 849 2240 προσήκουσαν
906 2169 1061 2222 πόλιν
1107 2169 1343 2239 δημοσίᾳ
1385 2169 1677 2223 διδάσκειν.
1721 2169 1782 2224 El
1830 2171 1886 2224 δέ

405 2284 421 2314 ι
465 2281 549 2326 τις
607 2261 884 2332 φωραθείη
946 2263 1102 2315 τοῦτο
1151 2263 1357 2326 ποιῶν,
1423 2265 1521 2329 τῆς
1580 2266 1888 2333 ἐπισκοπῆς
1944 2317 1952 2340 ί

407 2376 423 2407 ι
469 2354 740 2408 παυέσθω·
771 2355 838 2406 τὰ
866 2352 922 2406 δὲ
954 2353 1049 2406 τοῦ
1081 2354 1479 2426 πρεσϐυτερίου
1513 2357 1827 2425 ὲνεργείτω.
1861 2375 1880 2407 ι

395 2543 588 2596 ΒΑΛΣ.
627 2541 685 2592 Ὀ
717 2538 901 2593 κανὼν
937 2539 1120 2607 σαφής
1146 2538 1300 2590 ἐστι·
1342 2537 1633 2607 διορίζεται
1668 2539 1775 2608 γὰρ
1814 2540 1889 2610 μὴ

289 2633 295 2641 ’
323 2637 594 2689 διδάσκειν
617 2632 850 2701 δημοσία
877 2630 1176 2683 ἐπίσκοπον
1209 2631 1290 2692 είς
1324 2629 1478 2682 πόλιν
1521 2629 1595 2701 μὴ
1648 2631 1887 2701 ἀνήκου-

323 2744 422 2779 σαν
455 2723 622 2793 αὐτῷ.
654 2723 876 2791 Ἀτιμία
909 2721 1035 2791 γὰρ,
1069 2721 1225 2791 φησὶ,
1267 2720 1428 2773 τοῦτό
1467 2723 1581 2774 ἐστι
1611 2722 1705 2776 τοῦ
1749 2724 1890 2778 κατά

320 2816 509 2887 χώραν
552 2814 872 2885 ἀρχιερέως,
908 2813 1000 2865 καὶ
1034 2813 1272 2883 ἀμαθίας
1316 2814 1666 2884 κατάκρισις.
1718 2817 1889 2870 Τοῦτο

319 2910 378 2962 δέ
414 2909 546 2966 νόει,
594 2908 724 2958 ὅταν
775 2905 992 2973 γίνηται
1049 2905 1196 2975 παρὰ
1228 2905 1454 2977 γνώμην
1488 2907 1582 2960 τοῦ
1617 2909 1888 2978 ἐγχωρίου

319 2998 649 3051 ἐπισκόπου.
685 2997 744 3048 Εἰ
777 2996 885 3064 γὰρ
921 2994 1063 3048 κατὰ
1098 2996 1321 3066 γνώμην
1353 2998 1519 3051 αὐτοῦ
1554 2999 1796 3052 τοιοῦτόν
1829 3017 1883 3052 τι

319 3094 542 3161 ποιήσει
579 3107 682 3155 τις,
719 3089 778 3141 οὐ
832 3089 1433 3160 πρεκριματισθήσεται
1461 3106 1475 3119 ’
1513 3091 1598 3144 ὅτι
1665 3093 1758 3145 καὶ
1813 3093 1892 3146 ιε-

1383 360 1464 420 IN
1495 361 1660 421 CAN.
1705 361 1814 421 ΧΧ
1850 363 2056 424 CONC.
2097 363 2174 422 ΙΝ
2216 363 2540 426 TRULLO.

395 491 414 522 ι
452 473 853 542 διερμηνευέτω
883 473 956 541 μὴ
990 472 1220 537 οἴκοθεν,
1246 471 1381 526 ἀλλά
1411 472 1487 535 ὡς
1517 473 1565 524 οἱ
1597 471 1732 525 θεῖοι
1766 473 1879 526 Πα·
1909 479 1954 534 Α

3455 363 3559 427 582

2059 491 2078 522 ‹
2119 489 2215 538 pro
2248 488 2348 526 suo
2377 473 2623 539 arbitrio,
2657 474 2749 528 sed
2787 483 2840 529 ut
2883 471 3050 528 divini
3078 472 3268 527 Patres
3319 473 3555 526 tradide-

2067 582 2085 615 ι
2121 573 2264 619 runt.
2307 584 2325 616 ι

2063 655 2317 725 Episcopi
2342 655 2592 709 omnibus
2625 655 2840 724 quidem
2869 657 3055 711 diebus
3086 655 3286 709 clerum
3313 667 3365 710 et
3387 670 3560 725 popu-
3617 681 3619 685 ·

1990 748 2098 802 lum
2132 749 2346 817 pietatis
2397 748 2649 816 dogmata
2706 749 2933 802 educere
2994 749 3207 813 debent,
3257 751 3556 819 pnes-enim

1987 853 2166 895 autem
2202 842 2522 896 Dominicis.
2554 841 2618 894 Et
2641 843 2686 895 si
2721 842 2842 911 quis
2893 844 3292 911 Scripturarnm
3327 854 3557 897 mentem

1987 947 2081 987 eos
2107 934 2398 1003 rogaverit,
2437 949 2502 988 ne
2528 948 2626 1003 pro
2659 936 2883 989 arbitrio
2921 933 3065 988 illam
3097 935 3558 1004 interpretentur;

1989 1022 2090 1078 hoc
2119 1024 2262 1077 enim
2292 1025 2355 1078 iis
2389 1025 2602 1079 laudem
2658 1027 2933 1088 conciliat,
3005 1027 3048 1080 si
3105 1027 3406 1080 divinorum
3459 1025 3561 1079 Pa-

1990 1122 2134 1168 trum
2174 1117 2492 1171 traditiones
2515 1117 2710 1182 sciant,
2761 1128 2814 1172 et
2860 1118 3154 1171 secundum
3208 1134 3300 1172 eas
3351 1120 3563 1172 solvant

1988 1209 2336 1275 quaestiones,
2379 1217 2432 1262 et
2467 1224 2569 1262 non
2595 1223 2690 1262 sua
2723 1211 2881 1262 verba
2911 1224 3235 1279 componant
3257 1226 3285 1276 ς,
3320 1227 3385 1263 ne
3419 1209 3560 1264 forte

1989 1314 2111 1352 cum
2147 1314 2252 1353 non
2280 1299 2488 1368 possint
2515 1316 2543 1353 a
2574 1300 2764 1370 seipsis
2793 1316 2886 1354 eas
2928 1301 3156 1365 solvere,
3206 1317 3328 1356 vera
3390 1303 3560 1355 inter-

1995 1394 2298 1460 pretatione
2329 1394 2516 1464 procul
2546 1395 2797 1450 decidant
2831 1411 2844 1448 :
2870 1409 2992 1448 eum
3033 1405 3206 1448 autem
3235 1395 3327 1464 qui
3359 1396 3562 1450 clerum

1989 1495 2043 1539 et
2074 1487 2324 1554 p0pulum
2387 1485 2629 1556 negligit,
2676 1501 2873 1554 eosque
2922 1488 3173 1555 pietatem
3230 1503 3332 1540 non
3385 1488 3562 1549 docet,

1985 1579 2160 1650 primo
2191 1579 2408 1648 quidem
2437 1580 2870 1635 excommunicat
2899 1581 3379 1652 quinquagesimus
3406 1589 3558 1633 octa-

1989 1689 2086 1728 vus
2111 1685 2421 1727 sanctorum
2469 1674 2840 1743 apostolorum
2894 1689 3092 1738 canon,
3141 1683 3351 1743 postea,
3411 1674 3454 1728 si
3506 1675 3557 1727 in

1991 1766 2308 1836 negligentia
2333 1775 2663 1834 perseverat,
2704 1767 2864 1821 etiam
2901 1767 3142 1838 deponit.

2584 1967 2813 2024 CANON
2854 1967 2945 2023 XX
2958 2009 2972 2023 .

1995 2098 2013 2132 ι
2058 2079 2132 2136 Ne
2160 2080 2320 2136 liceat
2351 2081 2602 2152 episcopo
2629 2082 2682 2136 in
2723 2082 2850 2145 alia,
2882 2095 3002 2150 quae
3038 2082 3104 2136 ad
3129 2096 3187 2136 se
3237 2097 3345 2136 non
3396 2085 3563 2152 perti-

2069 2193 2087 2226 ι
2138 2185 2228 2228 net
2293 2175 2512 2229 civitate
2561 2175 2775 2245 publice
2823 2177 3036 2229 docere.
3096 2174 3153 2228 Si
3214 2175 3332 2244 quis
3378 2184 3558 2230 autem

2068 2283 2087 2315 ι
2125 2267 2225 2320 hoc
2257 2266 2437 2323 facere
2461 2267 2830 2337 deprehensus
2877 2268 3060 2332 fuerit,
3116 2268 3185 2321 ab
3242 2267 3558 2338 episc0patu

2067 2360 2385 2427 «desistat;
2469 2361 2768 2431 presbyteri
2859 2369 3039 2416 autem
3122 2376 3345 2416 munere
3434 2358 3562 2413 fun-

2067 2468 2086 2502 ι
2122 2462 2299 2519 galnr.
2342 2471 2359 2501 ι
2803 2437 2810 2441 ’

2065 2537 2260 2594 BALS.
2297 2540 2482 2595 Canon
2536 2552 2618 2596 est
2666 2550 2907 2612 apertus.
2966 2543 3215 2596 Decernit
3268 2543 3436 2609 enim,
3495 2560 3564 2598 ne

1991 2632 2274 2701 episcopus
2306 2633 2518 2699 publice
2544 2633 2737 2687 doceat
2773 2632 2822 2685 in
2860 2632 3077 2686 civitate
3108 2648 3226 2701 quae
3265 2635 3329 2685 ad
3370 2648 3427 2686 se
3458 2648 3563 2685 nou

1995 2723 2248 2792 pertinet.
2279 2722 2374 2777 Est
2428 2727 2594 2789 enim,
2635 2725 2830 2794 inquit,
2874 2723 2973 2778 hoc
3011 2724 3242 2779 dedecus
3298 2724 3564 2793 pontiﬁcis

1992 2813 2136 2867 illius
2175 2814 2429 2882 regionis,
2460 2823 2513 2867 et
2535 2815 2648 2881 ejus
2682 2815 2994 2880 ignorantiae
3012 2812 3407 2866 condemnatio.
3440 2811 3550 2864 Hoc

1993 2914 2175 2958 autem
2204 2906 2465 2974 intellige,
2513 2907 2729 2974 quando
2769 2907 2839 2959 sit
2881 2918 3112 2974 prater;
3144 2917 3373 2959 mentem
3424 2906 3563 2959 illius

1993 2998 2232 3066 regionis
2271 2999 2528 3067 episcopi.
2561 2998 2615 3053 Si
2641 3001 2763 3066 quis
2791 2999 2933 3074 enim
2974 2996 3091 3062 ejus
3133 2997 3404 3050 voluntate
3459 2998 3558 3050 lah-

1992 3092 2118 3159 quid
2141 3089 2352 3155 fecerit,
2384 3093 2432 3145 id
2456 3093 2504 3146 ei
2538 3090 2910 3160 praejudicium
2946 3106 3052 3144 non
3091 3090 3298 3145 aﬂ‘eret.
3332 3089 3468 3142 Nam
3508 3101 3556 3142 et

326 3189 556 3256 ρουργεῖ
586 3201 670 3248 τις
701 3185 776 3249 είς
825 3184 1119 3257 ἀλλοτριαν
1154 3189 1370 3253 ενορίαν
1398 3185 1886 3255 ἀποκριματίστως

2000 3184 2042 3236 in
2080 3183 2185 3237 alia
2213 3184 2431 3253 regione
2462 3185 2579 3238 sine
2620 3185 2727 3236 ullo
2772 3183 3086 3252 praajudicio
3134 3198 3286 3236 sacra
3327 3181 3561 3235 celebrat

317 3281 543 3348 θελήσει
588 3279 681 3333 τοῦ
712 3281 927 3351 ἔχοντος
959 3281 1152 3349 αὑτήν.
1187 3281 1294 3333 Καὶ
1321 3281 1348 3331 ό
1380 3279 1550 3348 μέγας
1581 3278 1637 3330 δέ
1669 3281 1728 3332 ἐν
1766 3278 1886 3331 θεο-

315 3371 480 3440 λογίᾳ
543 3369 872 3440 Γρηγόριος,
933 3369 1043 3421 τῶν
1107 3369 1359 3438 Σασίμων
1417 3368 1718 3432 ἐπίσκοπος
1783 3367 1880 3432 ὢν,

316 3462 550 3524 πολλοὺς
594 3461 785 3528 λόγους
820 3460 1033 3528 ἀνέγνω
1068 3460 1146 3522 εὶς
1178 3457 1493 3523 Ναζιανζὼ,
1539 3456 1632 3511 τοῦ
1679 3461 1885 3530 πατρὸς

317 3553 488 3607 αὐτοῦ
533 3555 592 3605 ἐν
639 3553 811 3625 ταύτῃ
867 3551 1368 3622 ἀρχιερατεύοντος,
1398 3550 1494 3602 καὶ
1548 3549 1884 3620 παρίσταται

315 3646 476 3697 toi-to
531 3645 637 3697 ἀπὸ
680 3643 776 3696 τοῦ
818 3644 976 3711 λόγου
1017 3643 1109 3695 τοῦ
1161 3642 1333 3705 οὕτως
1387 3641 1601 3711 ἔχοντος
1651 3642 1787 3711 (84)’
1819 3643 1885 3695 Τί

317 3733 475 3785 λύετε
515 3732 669 3796 τάξιν
697 3732 1092 3799 ἐπαινουμένην
1120 3747 1135 3798 ;
1183 3733 1296 3784 Καὶ
1325 3733 1352 3784 ό
1381 3731 1694 3799 σοφώτατος
1735 3733 1884 3785 ἐκεῖ·

318 3843 413 3888 νος
443 3825 847 3894 μητροπολίτης
880 3825 1131 3894 Ἐφέσου,
1167 3825 1334 3894 κῦρος
1370 3823 1649 3894 Ἰωάννης,
1683 3827 1710 3877 ὁ
1743 3827 1887 3881 κατὰ

317 3916 604 3986 ποταμοὺς
633 3916 880 3985 προχέων
903 3917 972 3970 τά
1009 3915 1110 3986 τῆς
1159 3916 1480 3984 φιλοσοφίας
1517 3917 1756 3986 νάματα,
1789 3917 1886 3970 καὶ

316 4008 599 4070 κολπωτδς
629 4007 942 4074 λεγόμενος,
976 4005 1056 4068 είς
1085 4005 1180 4070 τὴν
1210 4003 1480 4074 λαχοῦσαν
1509 4005 1673 4058 αὐτὸν
1711 4009 1885 4075 ἀπερ-

316 4101 570 4168 χόμενος,
599 4101 736 4167 μετὰ
767 4095 1043 4172 ἀξιῴσεως
1067 4097 1174 4148 τῶν
1204 4095 1346 4148 κατὰ
1375 4094 1557 4165 χώραν
1578 4094 1886 4165 ἀρχιερέων

317 4192 578 4261 δημοσίᾳ,
634 4189 930 4244 ἐδίδασκεν.
973 4188 1273 4255 Ἀνάγνωθι
1323 4188 1418 4241 καὶ
1454 4189 1545 4241 τὸν
1581 4188 1638 4240 ιδ’
1689 4186 1889 4239 κανόνα

320 4285 431 4336 τῶν
464 4283 637 4350 ἁγίων
691 4281 1018 4334 ἀποστόλων.
1063 4280 1260 4342 Καλῶς
1326 4279 1381 4331 δὲ
1437 4279 1757 4349 πρόσκειται
1811 4276 1888 4347 τῷ

323 4380 512 4432 κανόνι
555 4377 617 4430 τὺ
663 4375 944 4445 δημοσία.
983 4375 1306 4437 Ὶδιαιτάτως
1337 4373 1445 4441 γάρ
1500 4369 1886 4438 ἀπολογεῖσθαι

318 4472 458 4540 πρὸς
513 4471 638 4531 τοὺς
693 4468 1010 4538 ἐρωτῶντας
1065 4467 1194 4537 περί
1247 4482 1390 4529 τινος
1426 4464 1884 4533 ὲκκλησιαστικοῦ

321 4562 710 4633 προϐλήματος
739 4569 914 4629 εξεστι
937 4561 1100 4614 παντὶ
1128 4559 1220 4610 καὶ
1248 4554 1546 4625 πανταχοῦ,
1574 4554 1757 4617 καθὼς
1789 4553 1886 4606 καὶ

321 4658 353 4708 ό
415 4662 482 4708 ια’
534 4653 713 4707 κανὼν
754 4655 853 4723 τῆς
884 4655 939 4705 ἐν
976 4651 1211 4720 Σαρδικῇ
1247 4647 1466 4701 συνόδου
1500 4648 1569 4700 τά
1600 4647 1728 4715 περὶ⁹
1764 4647 1885 4698 τού-

319 4765 416 4801 του
443 4748 744 4817 διατρανοί.
788 4745 848 4799 El
886 4745 941 4797 δέ
991 4761 1074 4806 τις
1121 4741 1388 4810 ἀπορήσει
1427 4738 1543 4800 πῶς
1586 4739 1614 4788 ὁ
1657 4737 1756 4807 μὲν
1798 4735 1879 4789 κθ⁹

323 4839 508 4891 κανὼν
555 4839 653 4908 τῆς
704 4839 745 4891 δ’
801 4836 1024 4890 συνόδου
1063 4835 1213 4902 λέγει
1250 4833 1332 4886 ὅτι
1377 4830 1437 4882 τὸ
1485 4829 1545 4894 ἐξ
1590 4829 1888 4883 ἐπισκόπου

1986 3273 2397 3345 quispiam,ejus
2421 3275 2508 3341 qui
2544 3275 2685 3327 illam
2715 3275 2874 3327 habet
2901 3273 3192 3328 voluntate.
3224 3273 3359 3338 Quin
3393 3273 3555 3325 etiam

1990 3383 2218 3436 magnus
2256 3368 2535 3435 theologus
2562 3366 2877 3438 Gregorius,
2909 3382 3030 3420 cum
3056 3366 3392 3420 Sasimorum
3417 3378 3560 3419 esset

1985 3461 2290 3529 episcopus,
2318 3460 2484 3512 multa
2536 3459 2664 3528 legit
2710 3459 2991 3522 Nazianzi,
3043 3474 3166 3512 cum
3222 3461 3338 3526 ejus
3394 3457 3444 3510 in
3503 3474 3564 3509 ea

1985 3551 2204 3604 civitate
2231 3558 2378 3604 esset
2410 3548 2672 3619 pontifex,
2732 3551 2922 3603 ethoc
2972 3549 3272 3612 ostenditur
3321 3561 3385 3600 ex
3438 3561 3564 3599 ora.

1989 3645 2134 3698 tione
2161 3657 2280 3712 qua:
2309 3643 2387 3695 sic
2421 3643 2582 3696 habet
2610 3658 2624 3694 :
2667 3641 2775 3695 Cur
2801 3643 3005 3696 solvitis
3026 3642 3272 3694 ordinem
3317 3641 3555 3695 laudabi-

1983 3739 2139 3794 lem?
2172 3737 2343 3792 Porro
2362 3749 2416 3791 et
2451 3739 2881 3803 sapientissimus
2913 3737 2999 3790 ille
3043 3735 3236 3803 Ephesi
3289 3746 3559 3805 metropo-

1991 3830 2195 3884 litanus
2228 3830 2477 3884 dominus
2505 3826 2760 3890 Joannes.
2792 3829 2885 3898 qui
2934 3830 3103 3882 instar
3131 3826 3276 3883 ﬂuvii
3326 3828 3567 3896 philoso«

1990 3923 2132 3992 phiae
2157 3922 2357 3976 ﬂuenta
2381 3921 2590 3986 eﬂudit,
2615 3929 2668 3974 et
2693 3922 2995 3999 κολπωτὸς,
3038 3922 3114 3992 (id
3141 3933 3244 3987 est,
3273 3921 3548 3988 sinuosus)

1994 4013 2168 4066 dictus
2194 4021 2296 4074 est,
2324 4011 2377 4064 in
2400 4025 2520 4064 eam
2551 4011 2819 4079 regionem
2855 4012 3095 4074 veniens,
3126 4025 3246 4081 quae
3270 4011 3421 4065 illum
3441 4024 3565 4066 erat

1992 4104 2207 4168 sortita,
2250 4117 2373 4158 cum
2418 4103 2745 4156 auctoritate
2793 4101 2936 4156 illius
2987 4103 3219 4172 regionis
3263 4101 3565 4157 antistitum

1994 4196 2208 4266 publice
2257 4195 2459 4249 docuit.
2509 4192 2650 4263 Lege
2708 4203 2762 4248 et
2816 4195 2881 4247 H
2929 4210 3188 4249 cauouem
3241 4208 3552 4250 sanctorum

1990 4287 2382 4355 apostolorum.
2417 4284 2622 4340 Canoni
2651 4294 2828 4338 autem
2858 4295 3003 4338 recte
3029 4288 3277 4351 adjicitur
3299 4287 3425 4341 illud
3458 4305 3559 4356 pu-

1989 4379 2142 4430 blice.
2187 4376 2441 4430 Privatim
2497 4385 2640 4432 enim
2709 4377 3168 4446 interrogantibus
3210 4379 3276 4434 de
3319 4381 3574 4434 ecclesia-

1993 4471 2127 4525 Stica
2178 4471 2352 4537 aliqua
2385 4469 2678 4538 quaestione
2706 4470 3028 4538 respondere
3073 4470 3195 4524 licet
3253 4471 3474 4526 cuilibet
3515 4481 3570 4527 et

2001 4559 2220 4628 ubique,
2248 4559 2462 4614 sicutet
2497 4559 2554 4613 ll
2589 4574 2760 4614 canon
2781 4559 3121 4614 Sardicensis
3150 4562 3344 4631 synodi
3395 4563 3462 4616 de
3505 4543 3568 4616 ea

1998 4668 2055 4706 re
2085 4661 2266 4721 aperte
2292 4654 2553 4724 loquitur.
2589 4651 2646 4707 Si
2686 4652 2805 4722 quis
2833 4662 3012 4705 autem
3045 4652 3274 4718 dubitet,
3295 4657 3569 4722 quomodo

1998 4746 2068 4800 29
2112 4761 2284 4800 canon
2333 4748 2368 4800 4
2416 4746 2606 4816 synodi
2661 4745 2812 4806 dicit,
2867 4745 3007 4812 quod
3075 4762 3144 4802 ex
3197 4749 3454 4817 episcopo
3505 4752 3572 4802 ad

1999 4837 2300 4909 presbyteri
2334 4837 2653 4910 dignitatem
2703 4837 2994 4905 deducere,
3052 4849 3139 4895 est
3182 4818 3570 4912 sacrilegium:

1542 4963 1742 5028 Guill.
1772 4966 2104 5048 Beveregii
2153 4976 2340 5033 notua.

416 5112 528 5182 (84)
575 5105 838 5182 ἈπὸΑτοῦ
867 5103 1052 5182 ,λόγου
1083 5099 1187 5179 τοῦ
1220 5092 1904 5182 οὖτῳςᾼὲχοντοςῖΝἰῌῐηί-

331 5169 452 5245 rum
489 5169 553 5236 e'x
587 5179 838 5231 oratione
867 5176 985 5240 ejus
1019 5173 1231 5224 decima
1263 5169 1488 5245 quinta,
1526 5169 1730 5245 quippe
1786 5179 1906 5245 qua;

623 5248 778 5300 λύετε
803 5232 1413 5324 τάξίνιέπαινουμένηνς
1445 5251 1605 5305 quam
1641 5232 1905 5324 'IIZheologi

331 5303 944 5400 5513}tuucwewporia
971 5312 1087 5400 ιρςῑ,
1111 5303 1906 5400 (ξιξίὲξῑξξνὶξὶηιέῖῐὲιοεἐέὲῗερὲὶιξξ

330 5376 816 5454 ἶξξᾞιίέτιιαιιὶὶιθιοιῖι
853 5383 1093 5454 ἱειοιηῌοὶ)
1119 5376 1297 5454 populi
1349 5376 1553 5454 scelera
1608 5376 1905 5454 [inmissam

2006 5096 2352 5182 ἀφέντεςέπὶ
2383 5100 3160 5187 τοὺςεπόδαςάχτεύσατερςητί
3208 5101 3300 5187 ⁸Ξὺν
3366 5101 3575 5187 ξΑειρὼν

2006 5169 2465 5241 παρατρέχοντες,
2497 5172 2585 5225 τὸν
2614 5171 2881 5241 Ἐλεάζαρ
2911 5169 3302 5241 προϐάλλεσθες
3334 5171 3392 5222 οὐ
3419 5169 3574 5239 δέχο-

2054 5254 2109 5313 αι
2145 5240 2322 5313 πηγὴν
2352 5242 2738 5313 ταράσσεσθαι,
2801 5240 2892 5294 καὶ
2941 5240 3238 5313 χείμαρρον
3283 5241 3573 5313 φύρεσθαι,

2054 5256 2109 5290 αι
2145 5257 2322 5310 πηγην
2352 5256 2738 5311 ταρασσεσυαι,
2801 5256 2892 5294 και
2941 5256 3238 5311 χείμαρρον
3283 5256 3573 5313 φυρεσυαι,

2007 5256 2159 5380 ξλιον
2191 5311 2551 5377 κρύπτεσθαι,
2579 5313 2674 5365 καὶ
2713 5315 2917 5380 ἀστέρα
2966 5311 3308 5371 δείκνυσθαι,
3337 5315 3436 5380 τὴν
3480 5329 3576 5362 ποο

2009 5375 2137 5452 λιόινΔ
2166 5375 2492 5450 ὑποχωρεῖν,
2520 5383 2616 5438 καὶ
2640 5383 2738 5452 τὴν
2759 5375 2998 5452 ,νεότητα
3054 5375 3424 5452 θεσμοθετείν,
3471 5381 3577 5452 ,τὴν

331 5443 664 5536 suspicatus,
727 5457 940 5536 silebat.
997 5443 1889 5536 Quocirca“populus»tractante:

2005 5447 2206 5536 ἰεξοφιίαν
2263 5443 2497 5519 σιωπᾷν,
2552 5454 2646 5506 καὶ
2694 5443 2814 5522 ’τὴν
2870 5443 3572 5536 ἀπειρίαν’νεανιεύεσθαὶ.

331 5518 792 5597 itus'Theologum
823 5527 876 5578 in
906 5526 1136 5576 medium
1162 5518 1400 5597 prodire,
1434 5518 1592 5597 etiam
1629 5522 1895 5593 praesente

333 5589 515 5669 iit—stre,
554 5589 954 5671 persuade-bat,
987 5594 1082 5671 uti.
1108 5605 1174 5671 et;
1238 5589 1380 5671 ipso_
1411 5589 1677 5671 orationis
1734 5589 1894 5671 istius

335 5653 756 5732 initio'constat,
781 5669 870 5720 ubi
893 5653 987 5725 ait,
1021 5662 1084 5741 ςιί
1111 5653 1436 5741 λύλετετοὶξιν
1469 5653 1890 5741 ἐπαινουμένηνς

333 5724 663 5816 BQC—satia
695 5724 948 5804 γλῶσσαν
977 5724 1548 5816 τόμῳβουλεύουσανξ
1582 5724 1633 5774 τί
1681 5739 1892 5816 προκα-

334 5791 958 5879 εἴκοντα
1014 5791 1322 5870 πνεύματη
1387 5795 1442 5850 τί
1493 5795 1592 5863 τὴν
1650 5791 1892 5862 κεφαλὴν

2005 5515 2157 5569 Unde
2186 5515 2576 5575 constat'hanc
2606 5515 2915 5577 orationem
2974 5515 3123 5574 recte
3169 5534 3199 5573 a
3251 5520 3575 5580 Balsamgne

2004 5586 2107 5662 hoc
2133 5591 2260 5662 loco
2306 5591 2534 5662 citatam
2563 5609 2704 5659 esse,
2738 5603 2922 5662 utpOte
2947 5606 3108 5662 quam
3140 5589 3197 5642 in
3247 5590 3424 5662 aliena
3447 5605 3574 5662 pro-

2002 5656 2201 5735 vincia,
2222 5660 2315 5735 sed
2349 5675 2473 5714 cum
2514 5656 2979 5735 episcopis'istius
3009 5661 3306 5727 voluntate,
3332 5656 3572 5714 habitam

2003 5725 2175 5782 fuisse
2210 5732 2388 5798 palam
2421 5741 2528 5787 est.
