3984 6474
314 310 418 375 5'83

1528 274 1838 368 .THEOD.
1876 307 2278 368 BALSAMON

3438 310 3543 373 584.

311 435 550 494 praesens
581 428 759 474 antem
792 433 961 473 canon
994 417 1157 474 dicit:
1180 415 1234 473 Si
1262 418 1383 487 quis
1439 419 1540 472 hoc
1570 418 1748 473 facere
1787 418 1875 471 de-

2012 420 2058 480 ίς
2091 419 2461 490 πρεσϐυτέρου
2491 418 2646 483 ἀξίαν
2688 419 3021 485 καταγαγεῖν
3058 417 3335 487 ἱεροσυλία
3366 419 3542 473 ἐστίν·

314 519 613 587 prehensus
641 514 822 577 fuerit,
852 514 919 567 ab
966 512 1279 582 episcopatu
1323 522 1520 577 cesset,
1576 511 1873 582 presbyteri

314 620 497 665 autem
532 622 755 662 munere
783 605 1080 676 fungatur;
1111 605 1314 669 audiet,
1349 606 1489 675 qttod
1525 604 1632 657 illic
1660 590 1874 671 quidem

319 701 539 757 dicitde
576 698 911 767 depositione
955 697 1096 765 iusta
1167 698 1248 752 vel
1304 697 1537 764 injusta;
1597 694 1678 748 vel
1738 694 1879 746 enim

316 804 536 863 pr0pter
561 792 758 860 justam
791 804 1006 845 causam
1038 789 1345 858 episcopatu
1399 785 1637 853 deiectus
1679 793 1784 841 est.
1829 788 1881 833 et

326 904 392 940 ne
422 894 703 957 presbyter
736 883 952 952 quidem
980 883 1123 939 erit:
1152 879 1233 933 vel
1264 878 1383 932 sine
1416 892 1597 941 causa,
1631 884 1683 929 et
1706 890 1771 928 ne
1805 888 1884 928 sn:

320 980 534 1047 quidem
558 977 623 1029 ad
657 976 951 1044 presbyteri
1010 973 1231 1041 gradum
1289 966 1752 1037 deprimetur,sed
1782 964 1889 1019 erit

320 1085 508 1125 rursus
562 1070 868 1138 episcopus.
925 1062 1026 1119 Hic
1084 1073 1262 1117 autem
1330 1065 1613 1132 episcopus
1666 1060 1882 1129 quidem

320 1173 600 1234 peccatum
631 1174 734 1214 non
763 1158 994 1215 admisit.
1029 1156 1170 1225 quod
1203 1170 1324 1208 eum
1351 1170 1377 1206 a
1434 1152 1741 1208 sacerdotio
1800 1162 1888 1203 ar-

322 1265 461 1319 ceat,
490 1253 582 1307 sed
614 1250 800 1317 gloriae
829 1257 1037 1301 tantum
1073 1245 1370 1319 cupiditate
1404 1253 1451 1296 et
1486 1242 1658 1321 laudis
1704 1252 1887 1293 amore

321 1342 586 1414 peccavit.
619 1342 687 1393 Ut
712 1353 861 1407 ergo,
916 1335 1058 1405 quod
1110 1349 1211 1388 suo
1270 1341 1495 1402 peccato
1542 1329 1883 1398 respondeat,

325 1432 645 1501 supplicium
682 1429 894 1494 habeat,
925 1439 977 1481 et
1014 1426 1231 1480 humilis
1276 1423 1487 1486 evadat,
1552 1422 1619 1473 ab
1676 1421 1888 1490 episeo-

327 1537 483 1593 patus
517 1524 732 1593 quidem
760 1522 962 1574 honore
994 1519 1224 1583 desistit,
1262 1518 1311 1569 in
1359 1514 1656 1583 presbyteri
1706 1521 1886 1565 autem

327 1620 530 1671 honore
557 1616 869 1669 collocatur.
910 1610 979 1665 Ut
1010 1612 1055 1663 is
1090 1610 1234 1663 enim
1266 1609 1593 1677 deponatur,
1628 1615 1683 1658 et
1712 1619 1893 1658 sacer-

326 1711 424 1762 dos
458 1710 566 1771 fiat,
600 1707 846 1759 Patribus
886 1706 1056 1758 visum
1088 1704 1315 1755 nonest.
1351 1697 1490 1768 Lege
1539 1709 1593 1751 et
1647 1697 1713 1750 18
1765 1711 1887 1750 can.

1983 512 2089 564 ὸδὲ
2133 512 2327 581 παρὼν
2378 513 2557 564 κανών
2582 526 2787 580 φησιν·
2824 510 2891 564 EE
2914 527 2999 572 τις
3051 509 3336 581 φωραθείη
3389 511 3552 565 τοῦτο

1986 601 2178 663 ποιῶν,
2206 590 2462 653 παυέσθω
2494 602 2593 671 τῆς
2626 598 2958 669 ἐπισκοπῆς,
2983 599 3051 653 τὰ
3102 600 3159 653 δὲ
3186 599 3282 653 τοῦ
3312 602 3551 669 πρεσϐυο

1984 694 2143 761 τέρου
2194 688 2516 760 ὲνεργὲίτω·
2547 692 2773 745 ἀκούσει
2828 692 2910 744 ὅτι
2958 694 3080 744 ἐκεῖ
3128 694 3256 761 περὶ
3296 694 3554 761 καθαιρέ-

1986 778 2122 841 σεώς
2150 797 2314 850 φησιν
2345 780 2568 849 εὐλόγου
2600 783 2632 853 ἢ
2667 782 2998 862 παραλόγου·
3028 784 3060 853 ἢ
3092 786 3199 853 γὰρ
3229 783 3297 837 δι’
3323 785 3555 855 αἰτίαμά

1984 888 2038 925 τι
2070 871 2289 939 εὕ>.ογον
2332 872 2598 943 ἐξεϐλήθη
2645 875 2745 942 τῆς
2788 876 3116 944 ἐπισκοπῆς,
3144 878 3239 929 καὶ
3270 877 3390 930 οὐδὲ
3422 894 3551 946 πρε-

1988 963 2250 1035 σϐύτερος
2303 966 2494 1018 ἔσται’
2535 967 2565 1036 ἢ
2618 967 2901 1030 ἀναιτίως,
2941 970 3035 1020 καὶ
3084 970 3213 1022 οὐδὲ
3259 968 3433 1031 οὕτως
3471 971 3554 1032 είς

1987 1058 2360 1127 πρεσϐυτέρου
2412 1059 2621 1130 βαθμὸν
2674 1060 3182 1130 καταταχθήσεται,
3233 1061 3347 1114 ἀλλ’
3398 1062 3555 1114 ἔσται

1989 1149 2145 1212 αὖθις
2178 1151 2495 1213 ἐπίσκοπος.
2534 1151 2800 1205 Ἐνταῦθα
2828 1152 2885 1205 δὲ
2924 1153 3228 1222 ἁμάρτημα
3257 1154 3356 1223 μὲν
3384 1156 3411 1207 ό
3437 1155 3559 1206 ὲπῖ-

1993 1260 2194 1306 σκοπος
2222 1244 2447 1297 κωλύων
2498 1245 2661 1297 αὐτὸν
2691 1245 2788 1313 τῆς
2822 1245 3123 1315 ἱερωσύνης
3169 1248 3266 1315 οὐχ
3297 1247 3512 1316 ἥμαρτε
3536 1262 3553 1278 °

1993 1333 2265 1401 φιλοδοξία
2310 1334 2367 1386 δὲ
2408 1331 2475 1401 ἦν
2525 1335 2620 1388 καὶ
2669 1336 2830 1406 δόξης
2881 1337 3021 1406 ἔρως
3053 1337 3083 1390 ὅ
3125 1337 3393 1407 ἥμαρτεν.
3433 1339 3553 1392 Ἵνα

1992 1426 2122 1493 γοῦν
2173 1425 2502 1496 ἀντίρροπον
2550 1428 2648 1496 τὴν
2701 1430 2971 1498 τιμωρίαν
3009 1428 3105 1499 ἓξῃ
3133 1428 3213 1499 τῷ
3252 1428 3557 1499 πταίσματι

1995 1517 2160 1571 αὐτοῦ
2188 1518 2281 1570 καὶ
2308 1519 2641 1589 ταπεινωθῄ,
2667 1519 2897 1572 παύεται
2931 1521 3030 1589 μὲν
3059 1522 3155 1591 τῆς
3191 1522 3559 1591 ἐπισκοπικῆς

1993 1602 2181 1678 τιμῆς,
2214 1594 2609 1663 κατατάττεται
2637 1609 2692 1663 δὲ
2737 1613 2817 1674 εἰς
2852 1610 3223 1681 πρεσϐυτέρου
3257 1613 3443 1682 τιμήν.
3487 1615 3560 1666 ἰὀ

1996 1700 2101 1769 γάρ
2153 1700 2537 1771 καθαιρεῖσθαι
2604 1703 2811 1765 τοῦτον,
2846 1690 3243 1771 καῖ’γίνεσθαι
3299 1706 3451 1773 ἱερέα
3499 1708 3561 1759 οὐ

328 1804 465 1855 Anc.
500 1816 619 1871 syn.
644 1796 954 1852 Sacerdotis
978 1803 1153 1849 autem
1186 1807 1399 1856 munus,
1435 1792 1616 1859 accipe
1644 1790 1804 1843 etiam
1829 1789 1893 1840 de

2008 1791 2238 1844 Ξέδοκται
2294 1795 2404 1856 τοῖς
2452 1794 2747 1863 Πατράσιν.
2805 1796 3147 1863 Ἀνάγνωσον
3196 1798 3290 1852 καὶ
3347 1798 3437 1852 τὸν
3491 1805 3561 1870 ιη’

329 1894 556 1949 docendi
588 1906 827 1952 munere,
858 1899 911 1943 et
942 1903 1045 1941 non
1078 1886 1144 1940 de
1198 1884 1451 1939 sacriﬁcii
1507 1882 1890 1937 celebratione.

331 1986 653 2041 Sacerdotes
683 1986 823 2037 enim
862 1980 1158 2051 antiquitus
1182 1992 1402 2032 necesse
1434 1976 1704 2031 habebant
1733 1974 1892 2028 etiam

329 2068 545 2134 docere.
883 2060 892 2072 ’

405 2269 565 2338 180
612 2264 869 2322 ZONAR.
920 2263 998 2320 Ne
1060 2278 1164 2333 qua
1222 2263 1364 2316 inter
1412 2264 1690 2330 episcopos
1735 2276 1897 2315 causa

332 2359 653 2414 offensionis
702 2358 1033 2421 exsisteret,
1092 2355 1225 2410 nulli
1294 2366 1585 2426 propterea
1645 2347 1900 2423 episcopo

332 2452 619 2523 publicein
648 2451 817 2504 aliena
872 2449 1003 2504 urbe
1072 2449 1295 2503 docendi
1362 2447 1671 2501 facultatem
1714 2445 1902 2501 Patres

333 2557 453 2597 esse
482 2541 781 2594 voluerunt.
806 2536 914 2593 Nec
942 2536 1083 2591 enim
1135 2536 1189 2592 id
1236 2536 1352 2590 sine
1415 2534 1595 2603 aliqua
1651 2530 1895 2600 praefecti

334 2633 487 2687 urbis
522 2631 677 2685 istius
724 2630 964 2698 episcopi
1013 2627 1335 2684 contumelia
1383 2627 1497 2681 ﬁeri
1547 2635 1742 2694 potest.
1796 2623 1901 2679 Sed

333 2726 549 2795 publice
580 2732 782 2777 tantum
817 2721 1043 2776 docendi
1104 2718 1363 2774 facultate
1421 2719 1800 2780 interdictum;
1845 2724 1904 2770 ut

337 2817 602 2882 vicissim,
633 2815 907 2884 quidpiam
936 2828 1000 2867 ex
1034 2828 1100 2866 eo
1126 2813 1377 2881 privatim
1435 2810 1692 2877 quaerenti
1747 2808 1904 2863 satis-

336 2908 539 2972 facere,
609 2907 947 2975 scorsimque
1004 2905 1220 2965 docere,
1276 2902 1609 2971 nequaquam
1654 2900 1904 2970 episcopo

335 2999 582 3061 vetitum,
617 3012 713 3051 nec
738 2996 940 3064 aliquid
974 3010 1094 3050 eum
1122 2995 1214 3064 qui
1239 2994 1289 3047 id
1321 2992 1485 3047 faciat
1526 2994 1577 3045 in
1632 3006 1691 3045 se
1737 2989 1909 3059 culpa!

1995 1882 2195 1935 κανόνα
2221 1883 2318 1952 τῆς
2354 1885 2412 1935 ὲν
2442 1884 2689 1955 Ἀγκύρᾳ
2740 1886 2983 1940 συνόδου.
3023 1888 3138 1956 Τὴν
3173 1888 3231 1941 δὲ
3273 1889 3563 1959 ἐνέργειαν

1997 1973 2229 2026 ὲκλαϐοὗ
2267 1975 2346 2037 είς
2394 1975 2494 2045 τὴν
2550 1977 2938 2050 διδασκαλικὴν
2988 1982 3292 2050 ἐνέργειαν,
3347 1985 3442 2036 καὶ
3486 1986 3564 2055 μὴ

1999 2070 2079 2131 εἰς
2124 2068 2222 2139 τὴν
2265 2069 2641 2143 ἱεροπραξίαν.
2673 2073 2738 2129 Oi
2771 2077 2880 2146 γὰρ
2926 2078 3091 2147 ἱερεῖς
3136 2078 3197 2133 τὸ
3250 2080 3475 2135 παλαιὸν
3507 2080 3570 2146 ἐξ

1997 2159 2244 2230 ἀνάγκης
2275 2159 2420 2231 εἶχον
2443 2162 2503 2215 τὸ
2531 2164 2827 2220 διδάσκειν.
3366 2216 3373 2219 .

2064 2251 2307 2308 ΖΩΝΑΡ.
2364 2255 2489 2318 Τοῖς
2554 2258 2876 2323 ἐπισκόποις
2926 2261 3024 2326 τάς
3087 2260 3195 2315 τῶν
3256 2263 3568 2317 σκανδάλων

2001 2343 2416 2414 περιαιροῦντες
2448 2349 2703 2418 ἀφορμὰς
2728 2353 2777 2403 οἱ
2819 2352 2953 2406 θεῖοι
2979 2355 3221 2425 Πατέρες
3258 2356 3466 2423 ὥρισαν
3493 2356 3569 2426 μὴ

2000 2434 2271 2488 διδάσκειν
2301 2437 2598 2505 ἐπίσκοπον
2622 2441 2859 2515 δημοσίᾳ
2880 2447 2945 2499 έν
2971 2447 3122 2500 πόλει
3169 2447 3243 2519 μὴ
3280 2450 3561 2523 ἀνηκούσῃ

2002 2526 2174 2599 αὐτῷ.
2209 2527 2381 2583 Τοῦτο
2410 2531 2519 2599 γὰρ
2556 2534 2634 2595 είς
2671 2534 2898 2605 ἀτιμίαν
2932 2539 3051 2592 ἐστὶ
3082 2541 3174 2593 τοῦ
3219 2543 3318 2611 τῆς
3353 2543 3565 2608 πόλεως
3594 2556 3602 2567 ⁸

2002 2616 2220 2686 ἐκείνης
2251 2620 2833 2695 ὰρχιερέως.Δημοσίᾳ
2859 2625 2914 2677 δὲ
2939 2626 3214 2686 διδάσκειν
3243 2629 3571 2694 κεκώλυται,

2005 2709 2082 2770 ὼς
2115 2709 2174 2776 ἐξ
2211 2709 2617 2781 ἀντιδιαστολῆς
2648 2716 2887 2770 νοεῖσθαι
2921 2717 3016 2785 ὡς,
3046 2721 3102 2773 εῖ
3143 2738 3228 2785 τις
3267 2722 3418 2793 αύτῷ
3452 2724 3577 2776 κατ’

2008 2802 2147 2856 ἰδίαν
2171 2804 2460 2872 προσέλθοι
2488 2807 2708 2877 ἐρωτῶν
2741 2812 2925 2875 αὑτὸν,
2957 2813 3149 2884 ἐκείνῳ
3181 2815 3317 2886 πρὸς
3343 2816 3403 2868 τὸ
3434 2815 3576 2886 ἐρώ-

2005 2912 2160 2964 τημα
2212 2897 2668 2969 ἀποκρινόμενος,
2699 2904 2793 2954 καὶ
2853 2904 3122 2959 διδάσκων
3180 2908 3304 2961 καθ’
3357 2909 3570 2970 ἑαυτὸν,

2006 2986 2104 3057 οὐχ
2152 2988 2479 3057 ἁμαρτάνει.
2531 2990 2643 3044 Καὶ
2669 2994 2696 3045 ὀ
2728 2992 3010 3059 ἑνδέκατος
3047 2996 3103 3049 δὲ
3150 2997 3331 3052 κανὼν
3378 2998 3479 3068 τῆς
3518 3001 3577 3051 ὲν

339 3091 616 3159 suscipere
646 3088 1030 3159 intelligamus.
1058 3085 1163 3141 Sed
1193 3086 1258 3140 de
1290 3087 1388 3139 bac
1416 3099 1476 3138 re
1507 3084 1682 3138 fusius
1711 3082 1903 3135 Sardi-

2011 3079 2249 3158 Σαρδικῇ
2282 3082 2503 3135 συνόδου
2561 3083 2879 3155 θεσμοτέθεῖ
2913 3094 2980 3141 τά
3030 3094 3157 3160 περὶ
3199 3091 3394 3144 τούτου
3439 3090 3578 3145 πλα-

338 3185 517 3238 censis
561 3198 771 3252 quoque
845 3181 1029 3253 synodi
1058 3179 1342 3234 undecimo
1391 3192 1594 3232 canone
1643 3176 1908 3230 constitu-

339 3281 475 3327 tnm.
507 3272 842 3353 Dubitaverit
884 3286 1046 3341 porro
1096 3269 1312 3338 ahqnis,
1338 3283 1460 3321 cum
1513 3267 1787 3321 hominem
1843 3267 1909 3322 de

340 3362 631 3430 episcOpali
670 3361 885 3430 fastigio
909 3360 1194 3426 deiectum,
1230 3358 1342 3423 cogi
1375 3358 1426 3411 in
1463 3359 1901 3429 presbyterorum

339 3456 584 3508 ordinem
622 3454 739 3506 sine
770 3453 1054 3521 sacrilegio
1083 3466 1188 3505 non
1235 3465 1414 3519 posse,
1456 3452 1597 3505 unde
1639 3451 1911 3506 tricesimo

342 3557 547 3615 quartae
580 3545 769 3616 synodi
820 3559 1027 3598 canone
1060 3543 1338 3598 definitum
1400 3544 1492 3607 sit,
1543 3558 1646 3612 qua
1706 3543 1912 3597 ratione

342 3639 652 3704 episcopum
692 3638 790 3690 hoc
811 3636 952 3699 loco,
993 3636 1081 3704 qui
1115 3636 1256 3689 istud
1291 3634 1472 3693 faciat,
1505 3634 1571 3686 ab
1597 3634 1910 3703 episcopatu
1958 3630 1961 3631 ⁷

343 3738 645 3787 cess:ire,et.
673 3726 975 3797 presbyteri
1027 3741 1245 3780 munere
1273 3726 1415 3795 fungi
1446 3740 1613 3779 canon
1638 3726 1925 3779 decernat-

345 3818 515 3889 Igitur
544 3817 596 3870 in
620 3828 812 3885 quarta
837 3816 1042 3887 synodo
1070 3816 1135 3870 de
1159 3816 1321 3884 iusta,
1362 3816 1441 3869 vel
1498 3815 1696 3884 injusta
1746 3819 1914 3885 depo-

346 3911 540 3962 sitione
570 3922 877 3961 sermonem
908 3921 1030 3960 esse
1068 3908 1328 3961 dicemus.
1370 3906 1463 3961 νει
1499 3907 1641 3960 enim
1684 3906 1751 3961 ob
1792 3924 1915 3978 gra-

350 4017 469 4054 vem
509 4000 689 4054 delicti
723 4000 935 4068 culpam
961 4000 1049 4070 qui
1075 3999 1359 4069 episropus
1385 4000 1583 4067 fuerat,
1638 4015 1701 4054 ea
1738 4000 1914 4069 digni-

352 4100 463 4146 tate
488 4093 749 4161 spoliatus
780 4103 863 4146 est
888 4132 901 4156 ,
932 4108 995 4146 ac
1031 4107 1096 4145 ne
1163 4092 1302 4145 inter
1362 4094 1667 4146 sacerdotes
1708 4107 1917 4163 quoque

351 4185 529 4239 locum
563 4194 740 4240 teneat
796 4186 933 4239 idem
985 4186 1190 4239 crimen
1237 4184 1463 4251 efﬁciet;
1517 4184 1598 4237 vel
1642 4184 1913 4237 innocenti

349 4275 521 4328 multa
551 4274 810 4343 irrogata,
850 4274 1178 4342 proindeque
1211 4289 1277 4327 ne
1316 4284 1425 4326 tum
1473 4274 1688 4341 quidem
1733 4288 1917 4328 sacer.

351 4366 565 4419 dotibus
596 4366 965 4431 annumerari,
1018 4365 1110 4419 sed
1161 4364 1448 4432 episcOpali
1509 4362 1723 4431 faStigio
1778 4365 1918 4417 unde

2014 3170 2258 3241 τύτερον.
2286 3174 2587 3246 Ἀπορήσει
2616 3174 2674 3229 δέ
2702 3195 2785 3241 τις
2809 3179 2926 3244 πῶς
2955 3182 2982 3233 ό
3013 3181 3110 3250 μὲν
3140 3183 3389 3247 εἰκοστὸς
3422 3184 3577 3238 ἕννα-

2014 3279 2102 3327 τος
2128 3264 2308 3319 κανὼν
2360 3267 2461 3337 τῆς
2514 3268 2782 3339 τετάρτης
2838 3272 3059 3327 συνόδου
3115 3275 3370 3344 λέγειὸτι
3428 3280 3489 3331 τὸ
3520 3280 3579 3345 ἐξ

2016 3357 2320 3410 ἐπισκόπου
2358 3359 2437 3421 είς
2462 3363 2833 3433 πρεσϐυτέρου
2874 3363 3034 3429 ἀξίαν
3069 3371 3403 3436 καταγαγεῖν
3438 3372 3578 3439 ἱερο-

2020 3447 2173 3501 συλία
2204 3449 2349 3503 ἐστίν
2374 3466 2388 3480 ·
2419 3452 2447 3503 ὁ
2474 3454 2529 3505 δὲ
2562 3454 2751 3524 παρὼν
2781 3457 2960 3510 κανών
2980 3475 3162 3529 φησιν’
3192 3461 3256 3512 Εἴ
3287 3479 3370 3523 τις
3396 3478 3582 3530 φωρα-

2019 3537 2138 3611 θείη
2168 3541 2327 3594 τοῦτο
2365 3544 2561 3609 ποιῶν,
2612 3547 2868 3601 παυέσθω
2914 3551 3014 3619 τῆς
3068 3552 3395 3620 ἐπισκοπῆς,
3432 3554 3496 3606 τὰ
3527 3555 3583 3607 δὲ

2017 3631 2112 3686 τοῦ
2154 3633 2532 3706 πρεσϐυτέρου
2576 3638 2891 3708 ἐνεργείτω.
2925 3642 3079 3696 Εἴποι
3129 3643 3221 3697 οὗν
3269 3647 3333 3700 ἄν
3368 3664 3449 3709 τις
3499 3648 3581 3701 ὅτι

2018 3724 2141 3776 ἐκεῖ
2165 3731 2293 3795 περὶ
2322 3725 2693 3800 καθαιρέσεως
2720 3749 2884 3801 φησιν
2907 3734 3129 3801 εὐλόγου
3166 3736 3198 3809 ἢ
3233 3738 3545 3808 παραλόγου
3568 3756 3583 3770 ·

2020 3817 2077 3867 εί
2109 3816 2219 3886 γὰρ
2253 3817 2344 3870 διὰ
2381 3820 2615 3891 αἰτίαμά
2641 3839 2693 3875 τι
2715 3824 2975 3894 ἐξεϐλήθη
3003 3823 3105 3895 τῆς
3138 3826 3463 3897 ἐπισκοπῆς,
3494 3830 3590 3881 καὶ

2018 3908 2108 3961 διὰ
2142 3909 2548 3982 τὸιὰμάρτημα
2593 3916 2795 3978 ἐκεῖνος
2825 3916 2948 3969 οὐδὲ
3003 3916 3370 3987 πρεσϐύτερος
3399 3920 3582 3974 ἔσται·

2019 3999 2052 4070 ἢ
2086 3999 2337 4065 ἀναιτίως
2372 4001 2636 4074 ἐξεϐλήθη
2671 4007 2769 4076 τῆς
2803 4007 3129 4079 ἐπισκοπῆς,
3157 4009 3250 4062 καὶ
3280 4010 3389 4063 οὐδ’
3413 4010 3589 4074 οὕτως

2020 4097 2101 4156 είς
2133 4095 2501 4167 πρεσϐυτέρου
2535 4097 2741 4169 βαθμὸν
2788 4100 3195 4171 καταχθήσεται
3217 4142 3233 4168 ,
3265 4102 3380 4156 ἀλλ’
3433 4103 3586 4157 ἔσται

2022 4172 2179 4249 αὖθις
2205 4186 2499 4250 ἐπίσκοπος
2526 4205 2539 4219 ·
2575 4190 2810 4243 ἐνταῦθα
2832 4191 2889 4244 δὲ
2918 4192 3223 4265 ἁμάρτημα
3269 4194 3366 4265 μὲν
3400 4196 3426 4248 ό
3457 4194 3584 4249 ὲπίο

2024 4294 2223 4341 σκοπος
2252 4280 2459 4334 κωλύον
2491 4282 2658 4337 αὑτὸν
2688 4282 2788 4349 τῆς
2834 4284 3138 4354 ἱερωσύνης
3189 4284 3287 4356 οὐχ
3319 4285 3539 4356 ἥμαρτε
3560 4300 3577 4315 '

2025 4370 2301 4437 φιλοδοξία
2340 4372 2396 4424 δὲ
2438 4369 2505 4443 ἦν
2552 4376 2646 4427 καὶ
2688 4374 2848 4444 δόξης
2890 4374 3069 4442 ἔρως,
3101 4377 3129 4429 δ
3165 4376 3434 4446 ἥμαρτεν.
3469 4378 3588 4430 Ἵνα

352 4471 445 4525 per
498 4458 748 4525 injuriam
811 4457 1047 4524 dejectus
1108 4453 1316 4519 fuerat,
1388 4454 1594 4507 restitui
1648 4454 1903 4507 hominen

2024 4459 2157 4527 γοῦδ
2189 4462 2521 4534 ἀντίρροπον
2563 4466 2661 4532 τὴν
2709 4466 2977 4536 τιμωρίαν
3026 4467 3121 4538 ἓξῃ
3152 4467 3228 4537 τῷ
3282 4468 3586 4537 πταίσματι

350 4549 648 4616 oportebit.
684 4546 779 4601 llic
807 4562 934 4601 vero
956 4547 1236 4614 episcopus
1258 4545 1485 4608 nullum,
1510 4560 1577 4598 ex
1604 4560 1710 4614 quo
1740 4560 1917 4600 sacer-

350 4642 500 4697 dotio
523 4642 726 4697 moveri
758 4642 973 4706 debeat,
1006 4642 1058 4693 in
1083 4654 1145 4695 se
1210 4638 1419 4693 facinus
1477 4639 1699 4692 admisit
1742 4658 1756 4693 :
1800 4639 1911 4693 sola

2023 4552 2214 4619 αὑτοῦ,
2262 4556 2360 4609 καὶ
2408 4558 2739 4628 ταπεινωθῇ,
2776 4558 3012 4612 παύεται
3069 4560 3166 4629 μὲν
3222 4562 3321 4631 τῆς
3372 4563 3593 4614 ἐπισκο-

2022 4644 2129 4712 πῆς
2160 4645 2296 4716 (85),
2336 4648 2631 4717 κατάγεται
2660 4649 2715 4701 δὲ
2748 4652 2827 4713 είς
2854 4651 3228 4721 πρεσϐυτέρου
3258 4652 3445 4707 τόπον.

355 4738 399 4789 is
426 4732 743 4797 ambitione,
771 4732 1054 4799 laudisque
1086 4729 1437 4784 immoderata
1469 4729 1762 4798 cupiditate
1786 4732 2051 4799 peccavit.
2121 4735 2191 4791 Ut
2252 4738 2416 4807 igitur
2499 4751 2721 4809 peccato
2804 4742 3206 4799 animadversio
3246 4746 3591 4819 respondeat,

355 4828 746 4895 temerariaque
774 4822 1005 4878 hominis
1028 4821 1192 4877 elatio
1222 4822 1626 4891 cetnprimatur,
1659 4822 1726 4876 ab
1791 4823 2097 4895 episcopatu
2158 4833 2392 4899 gerendo
2463 4833 2742 4900 desistere,
2813 4845 2973 4906 atque
3048 4837 3101 4891 in
3164 4842 3592 4909 presbyterorum

354 4923 593 4976 ordinem
630 4920 831 4974 traduci
856 4918 1030 4986 jubet.

361 5016 589 5073 ARIST.
631 5035 650 5067 ι
692 5014 985 5084 Episcopus
1013 5014 1065 5067 in
1094 5013 1197 5067 alia
1223 5013 1355 5068 urbe
1381 5027 1447 5066 ne
1476 5012 1690 5082 publice
1708 5013 1921 5072 doceat.

437 5132 453 5162 ι
490 5108 582 5163 Sin
612 5109 713 5162 hoc
779 5107 968 5160 fecisse
1019 5106 1387 5173 deprehensus
1442 5104 1624 5172 fuerit,
1685 5107 1751 5161 ab
1806 5107 1922 5175 epi-

434 5224 451 5255 ι
496 5212 712 5269 scnpatu
775 5200 1028 5265 desistat,
1091 5197 1384 5268 presbyteri
1447 5196 1755 5253 muneribus
1800 5198 1923 5254 futt-

433 5315 452 5348 ‹
491 5310 644 5365 gens.
686 5313 706 5347 ι

2038 5022 2261 5076 ΑΡΙΣΤ.
2312 5041 2331 5074 ι
2380 5022 2709 5088 Ἐπίσκοπος
2750 5027 2809 5077 ὲν
2862 5027 3027 5100 ἑτέρᾳ
3067 5029 3219 5083 πόλει
3246 5030 3484 5102 δημοσία
3518 5034 3596 5103 μὴ

2108 5131 2127 5162 ι
2172 5112 2471 5167 διδασκέτω
2488 5129 2504 5145 ·
2533 5115 2582 5167 εί
2605 5114 2663 5167 δὲ
2696 5118 2943 5190 φωραθῇ,
2968 5120 3223 5173 παυέσθω
3249 5122 3347 5192 τῆς
3368 5122 3597 5178 ιπισκο-

2104 5224 2125 5258 ι
2167 5204 2297 5275 πῆς,
2322 5205 2392 5259 τὰ
2417 5205 2526 5261 τῶν
2566 5208 2954 5280 πρεσϐυτέρων
2982 5212 3247 5282 ἐνεργῶν.
3287 5231 3307 5265 ›

1555 5410 1756 5473 Guill.
1797 5410 2127 5489 Beveregii
2170 5413 2358 5471 notae.

432 5520 542 5609 ἀεὶ)
563 5539 813 5609 "aderat
835 5535 949 5605 μὲν
980 5536 1088 5603 τῆς
1107 5508 1525 5609 ἐπισκοπικῆς.
1555 5532 1750 5609 Βοιιθκ
1768 5533 1934 5609 Tilia-

362 5604 465 5670 nus
500 5604 657 5679 quem
702 5604 1291 5679 llervetustranstulit,
1318 5604 1926 5679 cutn_Amerbacni_ano,

362 5684 476 5739 haec
510 5674 680 5743 usque
710 5682 774 5731 ad
808 5677 1174 5747 πρεσϐυτέρου
1225 5674 1496 5747 τιμὴν-εἰσ
1538 5675 1663 5743 legit
1693 5674 1925 5747 παύεται

367 5755 462 5826 μὲν
486 5753 579 5821 τῆς
604 5744 931 5826 ἐπισκοπῆς,
957 5744 1425 5826 κατατάττεταιιδὲ
1445 5746 1524 5805 εἰς
1546 5744 1920 5826 πρεσϐυτέρου

362 5814 580 5898 τὶόπουξ.
631 5814 877 5891 Reliqua
914 5819 980 5874 ad
1041 5820 1200 5874 linem
1266 5815 1427 5886 hujus
1489 5814 1682 5869 scholii
1713 5830 1774 5869 ex
1813 5828 1915 5869 ms.

2048 5533 2351 5604 Bodleiano
2381 5531 2727 5604 restituimus
2759 5547 2775 5584 :
2808 5546 2927 5599 quae
2959 5534 3176 5604 quidem
3203 5551 3309 5591 non
3341 5538 3515 5597 solum
3545 5541 3599 5594 in

2035 5604 2275 5659 editione
2328 5602 3038 5667 Parisiensi,verumetiam
3093 5606 3147 5659 in
3202 5622 3304 5662 ms.
3344 5611 3603 5665 Amerlua-

2036 5675 2219 5727 cbian.
2263 5672 2667 5727 desiderantur.
2716 5670 2821 5726 Sed
2879 5674 2934 5727 in
2976 5676 3163 5730 cbdice
3193 5674 3405 5739 Titiano
3464 5679 3601 5734 lecta

2031 5744 2221 5810 fuisse,
2254 5743 2443 5797 Latina
2469 5741 2687 5798 llcrveti
2721 5745 2931 5798 tralatio
2955 5745 3311 5803 demonstra.
