3984 6474
347 308 461 371 585

344 517 444 567 καὶ
470 516 643 586 τῦφον
693 520 787 571 καὶ
829 522 1240 593 καταφρόνησιν
1286 525 1381 578 τοῦ
1410 527 1590 578 ἐκεῖσε
1626 523 1933 577 ἐπισκόπου

338 610 587 681 δημοσίᾳ
628 613 895 678 διδάσκει,
928 614 1003 678 ὡς
1046 617 1363 682 σπουδάζων
1395 616 1807 687 καταισχύνειν,
1841 615 1935 666 καὶ

344 702 781 768 κατευτελίζειν,
812 707 904 758 καὶ
949 706 1048 776 τὴν
1099 708 1391 778 ἀλλοτρίαν
1443 709 1716 779 καθέδραν
1761 706 1938 775 ἐαυτῷ

346 796 894 867 προμνηστεύεσθαι,
970 800 1219 869 εὐλόγως
1274 802 1614 872 ’καυθήσεται
1662 802 1760 871 τῆς
1815 802 1937 853 ἐπι-

347 888 565 955 σκοπῆς
592 903 607 917 ο
647 888 675 939 ό
725 889 832 960 γὰρ
878 890 988 942 τῶν
1019 892 1319 962 ἀλλοτρίων
1364 894 1653 962 ἐφιέμενος
1684 892 1780 947 καὶ
1829 892 1937 945 τῶν

348 978 500 1030 ἰδίων
542 980 894 1049 στερίσκεται
921 999 934 1011 ·
970 984 1057 1044 είς
1091 982 1148 1035 δέ
1181 984 1269 1036 τὸν
1298 985 1461 1037 τόπον
1497 984 1606 1037 τῶν
1637 984 1940 1056 πρεσϐυτέ-

348 1088 464 1140 ρων
534 1073 1142 1143 κατενεχθήσεται,καὶ
1198 1076 1317 1127 κατ’
1381 1077 1564 1129 αὐτῶν
1620 1076 1933 1146 ἐνεργήσει.

346 1162 463 1213 Καὶ
498 1163 805 1231 σημείωσαι
835 1164 966 1216 πότε
992 1166 1087 1217 καὶ
1117 1166 1416 1223 ἐπίσκοπος
1449 1168 1528 1229 εἰς
1556 1168 1933 1236 πρεσὸυτέρου

342 1254 519 1307 τόπον
567 1257 887 1321 κατάγεται.
941 1256 996 1309 Ὀ
1036 1258 1146 1327 γὰρ
1191 1259 1438 1321 εἰκοστὸς
1492 1259 1713 1321 ἐννατος
1753 1259 1937 1312 κανὼν

334 1346 449 1413 τῆς
507 1346 566 1397 ἐν
626 1345 935 1416 Χαλκηδόνι
1010 1349 1232 1401 συνόδου
1292 1349 1600 1419 ἱεροσυλίαν
1671 1351 1937 1421 ἄντικρυς

345 1436 511 1490 καλεῖ
540 1439 598 1490 τὸ
645 1439 735 1491 τὸν
773 1440 1080 1493 ἐπίσκοπον
1119 1443 1203 1505 είς
1248 1443 1627 1512 πρεσϐυτέρου
1673 1444 1937 1512 κατάγειν

338 1529 587 1599 βαθμὸν,
623 1532 717 1583 καὶ
750 1532 837 1601 ἔχε
864 1531 960 1584 τὸν
990 1534 1235 1604 παρόντα
1282 1535 1486 1588 κανόνα
1519 1536 1937 1607 ὑπεξῃρημένων

342 1625 417 1676 ἐκ
442 1623 537 1676 τοῦ
576 1625 866 1678 καθολικοῦ
900 1626 1116 1680 ἐκείνου
1144 1628 1391 1691 κανόνος.

940 1720 1181 1772 ΚᾹΝΩΝ
1225 1721 1357 1774 KA'.

345 1824 376 1857 4
420 1807 481 1859 οι
516 1806 604 1859 ἐπ’
635 1770 1432 1879 ἐγκλήμασικανονήικοῖςῒίέϐ)
1460 1809 1756 1879 ὑπεύθυνοι
1788 1808 1939 1879 γινό.
1970 1770 2013 1826 Β

427 1919 446 1951 ‹
500 1918 675 1969 μενοι,
706 1902 797 1954 καὶ
841 1901 930 1955 διὰ
972 1903 1133 1955 τοῦτο
1188 1904 1447 1956 παντελεῖ
1480 1921 1537 1956 τε
1569 1904 1662 1957 καὶ
1691 1905 1939 1973 διηνεκεῖ

430 2013 447 2046 ι
491 1994 811 2059 καθαιρέσει
863 1994 1295 2067 ὑποϐαλλόμενοι
1344 1997 1438 2050 καὶ
1474 1998 1532 2048 ἐν
1563 1995 1639 2065 τῷ
1668 1998 1780 2048 τῶν
1815 1995 1937 2049 λαῖ-

430 2104 452 2139 ι
496 2086 610 2140 κῶν
648 2086 1032 2158 ἀπωθούμενοι
1066 2088 1239 2159 τόπῳ,
1275 2091 1323 2141 εἰ
1360 2090 1458 2160 μὲν
1486 2090 1757 2153 ἑκουσίως
1794 2090 1931 2160 πρὸς

433 2199 453 2232 ι
499 2179 839 2249 ἐπιστροφὴν
914 2178 1156 2247 ὁρῶντες
1231 2179 1486 2233 ἁθετοῦσι
1570 2181 1670 2249 τὴν
1752 2183 1937 2253 ἁμαρ-

432 2293 449 2324 ι
496 2273 617 2325 τίαν
676 2273 812 2343 (87),
844 2272 911 2325 δι’
974 2274 1041 2343 ἢν
1092 2272 1194 2343 τῆς
1252 2273 1476 2344 χάριτος
1517 2274 1933 2342 ἐκπεπτώκασι,

410 2385 454 2415 .4
498 2365 591 2417 καὶ
638 2363 846 2433 ταύτης
900 2364 1087 2417 τέλεον
1165 2364 1484 2437 ἀλλοτρίους
1535 2368 1763 2432 ἑαυτοὺς
1807 2367 1939 2421 καθ-

431 2476 448 2505 α
497 2457 705 2524 ιστῶσι,
746 2459 825 2528 τῷ
851 2458 946 2511 τοῦ
991 2459 1196 2529 κλήρου
1248 2461 1620 2531 κειρέσθωσαν
1654 2463 1933 2532 σχήματιο

424 2569 446 2600 4
496 2553 545 2604 εί
591 2551 646 2604 δὲ
697 2553 772 2622 μὴ
802 2552 964 2605 τοῦτο
999 2552 1343 2623 αὐθαιρέτως
1383 2557 1734 2624 αἱρήσονται,
1767 2556 1939 2609 καθά-

428 2661 445 2691 ι
495 2658 602 2712 περ
640 2645 691 2696 ot
736 2644 936 2710 λαῖκοὶ,
976 2644 1072 2715 τὴν
1118 2645 1299 2717 κόμην
1351 2647 1824 2716 ἐπιτρεψέτωσαν,
1860 2647 1936 2713 ὡς

429 2754 450 2786 ι
496 2736 598 2805 τὴν
628 2738 686 2788 ἐν
718 2736 908 2806 κόσμῳ
952 2736 1303 2809 ἀναστροφὴν
1349 2739 1449 2809 τῆς
1502 2738 1760 2807 οὐρανίου
1791 2740 1936 2811 ζωῆς

425 2849 444 2879 σ
495 2829 958 2899 προτιμήσαντες.

418 2923 622 2976 ΒΑΛΣ.
653 2922 969 2991 Σημείωσαι
1024 2921 1132 2975 ἀπὸ
1187 2922 1283 2975 τοῦ
1361 2923 1630 2995 παρόντος
1710 2925 1937 2989 κανόνος

340 3014 432 3065 ἔτι
496 3012 546 3065 οἱ
604 3012 713 3064 ἀπό
765 3029 910 3075 τινος
978 3012 1327 3083 ἐγκλήματος
1382 3014 1813 3086 καθαιρούμενοι
1853 3017 1937 3079 ὡς

1371 320 1454 379 ΙΝ
1495 319 1657 379 CAN.
1702 317 1841 377 XXI
1880 316 2086 384 CONC.
2132 316 2211 379 ΙΝ
2253 315 2576 383 TRULLO.

434 424 493 477 Ὀ
529 424 689 478 τοῦτο
742 428 915 482 ποιῶν
974 431 1297 496 ἐπίσκοπος,
1336 433 1459 486 ἐπεὶ
1492 434 1561 486 δι’
1610 432 1935 495 ἀλαζονείαν
1966 437 2011 490 Α

3519 319 3621 379 585

2117 435 2411 502 Episcopus
2450 434 2537 500 qui
2585 433 2685 487 hoc
2725 431 2878 500 facit,
2918 434 3179 503 quoniam
3231 449 3325 503 per
3382 444 3623 487 Ostenta—-

2044 526 2266 586 ti0nem,
2306 533 2353 575 et
2387 522 2720 591 Superbiam,
2770 534 2822 575 ct
2863 524 3121 594 t‘pisCOpi,
3162 524 3251 591 qui
3307 523 3379 576 ibi
3408 536 3619 592 μιαίνει,

2040 625 2409 683 contemptum
2446 614 2657 683 publice
2687 614 2865 680 docet,
2902 628 2958 669 ut
3005 632 3125 669 cum
3183 616 3508 682 pudefacerc
3568 627 3623 668 et

2040 710 2383 779 vilipendere
2424 718 2478 760 et
2526 708 2757 761 alienam
2810 710 3124 763 cathedram
3180 711 3279 764 sibi
3332 710 3625 764 conciliare

2042 802 2396 864 contendens,
2424 798 2575 869 juste
2599 800 2914 867 episc0patu
2944 800 3256 869 deponitur.
3288 799 3390 866 Qui
3444 800 3618 853 alieni

2040 895 2185 948 enim
2220 892 2374 959 petit,
2415 892 2603 946 etsuis
2640 892 2903 959 privatur.
2942 892 3050 944 Sed
3079 893 3143 944 ad
3179 892 3619 960 presbyterorum

2040 983 2219 1037 locum
2249 982 2556 1043 deducitur,
2586 992 2640 1035 et
2673 982 2814 1034 inter
2861 996 2956 1035 eos
3009 998 3226 1035 munere
3251 981 3522 1048 fungetur.
3556 979 3625 1032 Et

2042 1087 2168 1129 nota
2200 1075 2418 1143 quando
2470 1073 2632 1128 etiam
2668 1074 2955 1142 episcopus
2993 1072 3059 1125 ad
3116 1072 3411 1142 presbyteri
3443 1071 3620 1126 locum

2042 1170 2342 1222 reducitur.
2378 1166 2511 1220 Nam
2563 1168 3019 1221 umletricesimus
3077 1168 3264 1239 synodi
3326 1168 3626 1222 Chalcedo-

2043 1262 2224 1313 nensis
2264 1273 2497 1312 canone
2529 1268 2716 1311 contra
2772 1257 3118 1325 sacrilegium
3184 1265 3335 1311 vocat
3387 1256 3623 1325 episcopi

2041 1351 2106 1405 ad
2144 1351 2444 1422 presbyteri
2476 1351 2702 1419 gradum
2741 1350 3146 1412 deductionetn,
3200 1359 3253 1402 et
3290 1351 3432 1403 hunc
3485 1365 3624 1417 pra:-

2040 1454 2247 1496 sentem
2284 1458 2547 1496 canonem
2587 1457 2650 1496 ex
2683 1457 2749 1496 eo
2782 1457 2991 1496 canone
3024 1441 3293 1497 catholico
3337 1450 3623 1509 exceptum

2042 1532 2270 1587 habeas.

2623 1713 2855 1769 CANON
2901 1712 3042 1769 XXI.

2048 1824 2070 1857 ι
2104 1806 2210 1872 Qui
2246 1807 2636 1861 canonicorum
2666 1808 2886 1876 quidem
2921 1808 3213 1862 criminum
3265 1807 3341 1861 rei
3374 1805 3523 1873 facti,
3572 1818 3627 1859 et

2122 1919 2139 1951 ι
2181 1914 2467 1970 propterea
2520 1902 2779 1973 perfecta:
2849 1918 2913 1958 ac
2972 1914 3243 1973 perpetua:
3299 1901 3623 1971 depositioni

2116 2014 2134 2046 ι
2176 1994 2450 2067 subjecti,
2513 1997 2563 2050 in
2625 1996 2885 2051 lairorum
2953 1997 3131 2051 locum
3188 1978 3393 2053 detrusi
3457 2006 3623 2059 sunt;

2115 2106 2133 2138 ι
2174 2088 2441 2157 siquidem
2471 2088 2537 2143 ad
2588 2089 2998 2143 conversionem
3046 2104 3143 2143 sua
3206 2100 3397 2157 sponte
3451 2092 3625 2159 respi-

2117 2198 2136 2231 ι
2171 2181 2376 2235 cientes
2406 2189 2685 2249 peccatum
2718 2180 2920 2247 delent,
2955 2190 3174 2249 propter
3214 2183 3356 2250 quod
3389 2197 3417 2234 a
3450 2184 3626 2251 gratia

2114 2295 2135 2326 ε
2173 2275 2511 2336 exciderunt,
2546 2284 2599 2329 et
2629 2274 2697 2327 ab
2721 2290 2786 2329 eo
2811 2290 2869 2328 se
2893 2276 3107 2344 penitus
3132 2275 3341 2329 alienos
3365 2274 3623 2337 cilicium,

2119 2383 2137 2415 ι
2178 2365 2307 2421 cleri
2343 2367 2525 2420 habitu
2554 2371 2931 2423 tondeantur:
2987 2369 3072 2424 sin
3135 2377 3313 2423 autem
3371 2382 3474 2421 non
3528 2382 3624 2421 su.i

2118 2475 2135 2506 ι
2171 2466 2363 2524 sponte
2413 2457 2515 2511 hoc
2561 2458 2843 2527 elegerint,
2895 2476 3105 2514 comam
3160 2458 3300 2513 sicut
3356 2458 3478 2512 laici
3526 2473 3628 2511 nu-

2117 2567 2135 2597 ι
2181 2551 2388 2617 triant,
2457 2560 2641 2619 utpote
2724 2552 2813 2619 qui
2882 2553 3208 2606 mundanam
3265 2567 3359 2607 seu
3458 2567 3628 2605 saccu-

2121 2660 2137 2692 ι
2173 2642 2339 2696 larem
2401 2645 2874 2699 conversationem
2953 2644 3075 2699 vita:
3143 2644 3353 2700 cmlcsu
3414 2660 3627 2714 pracpo-

2116 2754 2132 2785 ι
2171 2736 2405 2790 suerint.

2112 2918 2303 2974 BALS.
2340 2918 2474 2973 Nota
2498 2935 2561 2973 ex
2603 2919 2705 2974 hoc
2746 2920 2999 2989 prsesenti
3063 2933 3293 2985 canone,
3342 2923 3483 2987 quod
3536 2920 3628 2989 qui

2042 3024 2260 3083 propter
2292 3013 2506 3079 aliquod
2537 3013 2742 3068 crimen
2777 3015 3141 3082 deponuntur,
3186 3023 3245 3067 ut
3288 3016 3411 3069 laici
3465 3031 3626 3084 repu-

346 3105 531 3157 }.a‘txo‘t
556 3104 885 3173 λογίζονται,
920 3106 1013 3158 καὶ
1046 3106 1106 3159 οὐ
1139 3105 1397 3160 δύνανται
1434 3107 1574 3176 μετά
1613 3108 1711 3179 τὴν
1748 3109 1931 3163 καθαί-

2056 3116 2252 3169 Lautur,
2282 3120 2379 3159 nec
2408 3116 2633 3175 possunt
2663 3105 3197 3174 postdepositionem
3227 3107 3433 3176 aliquid
3465 3124 3628 3178 agere

347 3214 503 3263 ρεσιν
552 3199 794 3268 ἐνεργεῖν
845 3197 1079 3268 οίονδήτι
1131 3197 1336 3269 ἀνῆκον
1388 3199 1677 3270 κληρικῷο
1740 3202 1936 3272 μόνους

344 3290 405 3342 δὲ
430 3291 559 3352 τοὺς
589 3290 931 3348 ἀποστάντας
963 3289 1057 3343 τοῦ
1103 3292 1509 3363 ἁμαρτήματος
1538 3293 1607 3346 δι’
1638 3293 1666 3346 ὃ
1698 3295 1937 3367 καθῃρέ-

344 3384 545 3452 θησαν,
580 3382 741 3453 τυχὸν
774 3385 874 3451 τῆς
912 3383 1168 3453 πορνείας
1200 3384 1232 3455 ἢ
1265 3385 1452 3453 ἐτέρου
1498 3386 1663 3453 τινος,
1700 3386 1936 3457 διορίζε-

346 3493 439 3527 ται
473 3478 500 3528 ό
532 3475 716 3528 κανὼν
774 3475 1055 3545 κείρεσθαι
1116 3476 1215 3545 τὴν
1265 3478 1510 3547 κεφαλὴν
1546 3480 1689 3532 κατὰ
1715 3518 1722 3525 .
1744 3480 1937 3551 κληρι-

349 3567 520 3630 κοὺς,
578 3569 747 3638 ἤγουν
805 3568 948 3638 ἔχειν
1023 3569 1431 3640 παπαλήθραν,
1486 3572 1581 3622 καὶ
1644 3571 1929 3627 ἐνδύεσθαι

349 3662 537 3729 σχῆμα
562 3659 852 3730 κληρικοῦ.
888 3659 1407 3733 Φιλανθρωπότερον
1440 3662 1549 3734 γὰρ
1578 3665 1673 3717 ἐπὶ
1719 3666 1933 3731 τούτοις

346 3751 649 3806 διατίθεται
683 3752 770 3805 διὰ
822 3753 918 3823 τὴν
972 3755 1286 3823 μετάνοιαν,
1333 3756 1472 3816 Τοὺς
1505 3756 1560 3808 δέ
1610 3774 1672 3824 γε
1718 3759 1932 3826 ἀμετα-

349 3841 520 3905 θέτως
551 3842 903 3913 ἐξεχομένους
929 3845 1027 3913 τῆς
1060 3845 1334 3917 ἁμαρτίας
1367 3846 1589 3916 τρέφειν
1617 3848 1715 3918 τὴν
1750 3850 1932 3919 κόμην

346 3935 726 3989 διακελεύεται
768 3936 910 3989 κατᾶ
961 3936 1204 4001 λαῖκοὺς,
1234 3938 1321 3991 ἴνα
1354 3937 1529 4008 ἔχοιεν
1578 3939 1802 3993 πλείονα
1843 3943 1931 3994 αί-

347 4027 575 4098 σχύνην,
612 4028 687 4099 μὴ
733 4029 1224 4100 παραχωρούμενοι
1278 4033 1335 4084 ἐν
1394 4035 1598 4103 μετοχῇ
1657 4034 1926 4105 κληρικοΰ

346 4121 484 4184 ὅλως
512 4118 825 4183 εἶναιάλλὰ
856 4122 949 4175 καλ⁴
980 4122 1145 4174 αὑτοῦ
1177 4122 1269 4175 τοῦ
1294 4122 1594 4193 ἐνδύματος
1629 4127 1921 4195 στερισκό-

350 4230 524 4282 μενοι.
562 4216 669 4267 Καὶ
706 4215 732 4266 ὁ
766 4216 863 4282 μὲν
894 4214 1073 4267 κανὼν
1106 4213 1277 4267 ταῦτα
1299 4231 1312 4243 ·
1351 4216 1383 4284 ὴ
1420 4216 1476 4267 δὲ
1506 4213 1579 4267 οθ¹
1616 4217 1807 4287 Νεαρὰ
1836 4218 1930 4274 τοῦ

348 4306 615 4375 βασιλέως
670 4306 839 4376 κυροῦ
879 4308 1105 4369 Λέοντος
1139 4306 1232 4359 τοῦ
1279 4307 1598 4375 Φιλοσόφου,
1648 4311 1932 4381 καθαιρεῖ-

350 4398 474 4451 σθαι
501 4398 851 4469 διοριζομένη
887 4400 1013 4460 τοὺς
1044 4398 1182 4466 μετα
1209 4400 1550 4469 χειροτονίαν
1585 4402 1923 4470 γαμοῦντας,

348 4492 562 4544 εὐδοκεῖ
602 4494 743 4561 μήτε
790 4490 886 4544 τοῦ
932 4492 1215 4561 σχήματος
1257 4491 1365 4543 τῶν
1416 4492 1697 4562 κληρικῶν
1726 4497 1926 4561 αὐτοὺς

347 4584 862 4654 ἀπαλλοτριοῦσθαι,
903 4585 1041 4653 μήτε
1072 4583 1172 4653 τῆς
1223 4584 1280 4635 ἐν
1339 4587 1405 4654 τῇ
1458 4585 1756 4659 Ἐκκλησία
1818 4608 1931 4642 xm-

344 4674 570 4743 νοτέρας
630 4675 953 4743 ὑπηρεσίας.
1014 4674 1121 4729 Καὶ
1183 4676 1217 4743 ἠ
1270 4672 1535 4743 ζ’Νεαρὰ
1599 4678 1693 4730 τοῦ
1741 4680 1912 4734 αὑτοῦ

345 4765 613 4835 βασιλέως
635 4768 758 4828 τοὺς
786 4766 892 4817 ἀπὸ
922 4765 1202 4836 κληρικῶν
1231 4767 1364 4837 πρὸς
1394 4767 1617 4830 λαῖκοὺς
1643 4786 1928 4842 μετασχη-

347 4858 712 4921 ματισθέντας
748 4857 843 4910 καλ⁹
866 4858 1096 4920 ἄκοντας
1128 4858 1265 4928 πρὸς
1294 4858 1425 4911 αὐτὸ
1456 4860 1620 4912 πάλιν
1650 4861 1923 4915 ἀποκαθί-

346 4949 577 5002 στασθαι
603 4950 922 5018 διορίζεται.
958 4949 1215 5003 Φαίνεται
1242 4945 1334 5004 οὖν
1361 4951 1679 5021 ἐναντιότης
1710 4956 1767 5005 ἐν
1795 4957 1923 5007 τού-

343 5058 477 5105 τοις.
513 5042 671 5110 Ἐμοὶ
706 5041 765 5094 δὲ
791 5042 942 5095 δοκεῖ
966 5044 1056 5094 τὸν
1090 5043 1189 5111 μὲν
1216 5044 1418 5095 κανόνα
1447 5030 1761 5113 νομοθετεῖν
1791 5050 1922 5118 περὶ

342 5136 451 5187 τῶν
476 5134 994 5205 καταδικαζομένων
1021 5136 1110 5188 διὰ
1146 5134 1403 5207 ἔγκλημά
1454 5154 1504 5190 τι
1564 5142 1917 5208 προσαγγελ-

2042 3202 2185 3267 quod
2223 3202 2288 3253 ad
2317 3200 2575 3254 clericum
2614 3199 2720 3253 ulla
2754 3200 2964 3253 ratione
2994 3200 3281 3271 pertineat.
3308 3199 3415 3256 Eos
3441 3211 3622 3256 autem

2040 3294 2208 3357 solos,
2234 3293 2326 3363 qui
2356 3309 2383 3346 a
2409 3305 2633 3363 peccato
2674 3292 2999 3346 recesserint
3028 3300 3248 3361 propter
3288 3293 3429 3360 quod
3462 3292 3629 3357 depo-

2038 3384 2127 3438 siti
2164 3382 2403 3445 fuerant,
2443 3398 2471 3435 a
2510 3380 2869 3435 fornicatione
2910 3378 3052 3433 forte
3115 3378 3197 3434 vel
3254 3379 3437 3448 aliquo
3491 3381 3621 3441 alio,

2038 3477 2283 3531 decernit
2307 3492 2480 3530 canon
2528 3489 2650 3529 esse
2693 3475 2990 3529 tondeudos
3026 3474 3227 3543 capite,
3265 3483 3323 3526 ut
3370 3472 3621 3536 clericos,

2040 3569 2091 3623 id
2120 3577 2225 3633 est,
2258 3568 2459 3621 habere
2486 3566 2731 3636 papalem
2764 3576 3067 3627 tonsuram,
3094 3574 3149 3619 et
3199 3564 3385 3619 clerici
3433 3564 3619 3618 habitu

2038 3662 2211 3717 indui.
2238 3660 2293 3714 lu
2321 3674 2415 3715 eos
2441 3660 2584 3712 enim
2612 3667 2692 3712 est
2719 3657 2903 3711 mitior
2932 3672 2996 3711 ac
3033 3656 3353 3711 clementior
3400 3668 3625 3726 propter

2037 3754 2434 3826 paenitentiam.
2463 3751 2619 3821 181
2647 3750 2683 3804 li
2714 3760 2914 3815 autem,
2939 3748 3103 3820 quiin
3125 3758 3347 3818 peccato
3365 3761 3623 3819 perpetuo

2037 3849 2263 3913 hzerent,
2297 3861 2508 3901 comam
2541 3845 2747 3898 nutrire
2769 3844 3027 3913 jubentur
3075 3852 3134 3898 ut
3160 3843 3306 3908 laici,
3342 3854 3399 3895 ut
3430 3842 3619 3910 majori

2038 3942 2242 4009 pudore
2278 3938 2603 4000 adiciantur,
2630 3951 2730 3990 nec
2777 3937 2828 3990 in
2880 3936 3009 3990 cleri
3052 3937 3474 4005 participatione
3512 3935 3621 3987 ullo

2035 4048 2158 4088 esse
2185 4032 2341 4085 modo
2377 4031 2456 4084 eis
2494 4030 2865 4099 permittatur,
2898 4028 2993 4083 sed
3044 4031 3160 4097 ipso
3202 4028 3366 4083 etiam
3416 4029 3619 4082 amictu

2036 4124 2338 4194 priveutur.
2366 4122 2429 4175 Et
2476 4122 2589 4173 haec
2618 4120 2835 4189 quidem
2884 4132 3055 4172 cauOu
3086 4135 3100 4182 ;
3141 4116 3208 4171 79
3236 4128 3413 4171 autem
3480 4118 3613 4185 imp.

2038 4214 2241 4269 domini
2279 4209 2475 4269 Leonis
2513 4211 2827 4279 l’iiilOSOpbi
2862 4210 3077 4263 Novella
3127 4226 3221 4263 eos
3267 4210 3463 4279 deponi
3515 4210 3616 4263 de-

2036 4308 2165 4363 bere
2196 4314 2469 4369 statuens,
2505 4304 2594 4373 qui
2629 4305 2838 4358 ducunt
2889 4318 3084 4356 uxores
3144 4310 3264 4370 post
3314 4301 3620 4355 ordinatio-

2040 4415 2186 4464 nem,
2214 4398 2328 4451 vult
2360 4410 2532 4464 neque
2563 4410 2656 4448 eos
2686 4410 2715 4447 a
2744 4393 3069 4447 clericorum
3123 4390 3305 4444 babitu
3360 4392 3615 4452 alienari,

2039 4508 2138 4547 nec
2179 4508 2208 4545 a
2246 4489 2632 4546 communione
2685 4484 2971 4539 ministerii
3026 4484 3080 4537 in
3130 4483 3394 4539 Ecclesia.
3460 4483 3523 4537 Et
3585 4482 3616 4532 7

2036 4585 2279 4656 ejusdem
2318 4583 2448 4650 imp.
2488 4578 2711 4635 Novella
2755 4592 2869 4642 eos,
2911 4577 3060 4646 quia
3098 4575 3312 4630 clericis
3352 4576 3403 4628 iu
3448 4574 3616 4628 laicus

2038 4678 2387 4731 transmutati
2420 4684 2569 4736 sunt,
2604 4672 2792 4725 eodem
2828 4684 3013 4721 rursus
3062 4668 3145 4721 vel
3191 4668 3390 4723 invitos
3435 4668 3616 4722 redire

2031 4772 2209 4842 jubet.
2246 4766 2472 4822 Videtur
2500 4767 2663 4834 igitur
2700 4762 2749 4815 in
2790 4761 2872 4814 bis
2901 4774 3022 4815 esse
3074 4762 3453 4832 repugnantia.
3489 4759 3615 4814 Exi-

2037 4866 2203 4921 stimo
2232 4872 2410 4914 autem
2446 4871 2703 4913 canonem
2735 4856 2952 4925 quidem
2990 4855 3057 4909 de
3088 4855 3153 4909 iis
3200 4866 3463 4918 statuere.
3513 4872 3609 4925 qut

2036 4968 2255 5028 prepter
2290 4955 2526 5009 delatum
2559 4950 2775 5017 aliquod
2807 4948 3051 5017 ‘crinten'
3073 4948 3437 5013 condemnati,
3468 4948 3609 5001 malo

2033 5050 2251 5104 assidue
2281 5045 2583 5108 inbzerent;
2618 5040 3070 5111 quemadmodum
3132 5050 3351 5108 propter
3402 5038 3611 5093 adulte-

2032 5146 2196 5205 rium,
2234 5146 2451 5208 propter
2481 5134 2747 5201 rapinam,
2795 5142 3012 5202 prepter
3059 5131 3400 5200 sacrilegium
3436 5148 3451 5185 :
3498 5128 3608 5184 No-

1578 5230 1624 5289 Ο
1639 5231 1777 5291 uill.
1816 5234 2148 5315 Beveregii
2183 5242 2370 5295 notua.

418 5330 531 5400 (86)
566 5332 631 5383 Οἱ
665 5329 759 5382 ἐπ’
813 5330 1152 5400 ἐγκλήμασι
1206 5331 1573 5396 κανονικοῖς.
1636 5332 1913 5391 Canonica

348 5402 581 5453 crimina
616 5402 759 5453 dicta
821 5411 970 5462 sunt,
1024 5416 1146 5470 quae
1195 5418 1225 5455 a
1274 5404 1581 5466 caputiibus
1637 5413 1912 5470 vetantur,

348 5486 582 5538 reosque
613 5473 892 5540 canonicis
927 5472 1213 5540 suppliciis
1237 5472 1559 5540 subjiciunt.
1611 5473 1714 5525 Sed
1773 5475 1916 5528 mhi-

347 5539 584 5593 lominus
618 5555 750 5593 mss.
776 5538 1100 5595 Bodleianus
1120 5550 1174 5595 et
1202 5538 1677 5595 Amerbacbianns
1711 5547 1914 5600 rectius

349 5612 453 5662 hoc
482 5611 606 5663 loco
638 5610 940 5672 κανονικῶς
970 5610 1167 5680 legisse
1194 5612 1480 5671 videntur;
1514 5623 1569 5665 ut
1595 5628 1789 5667 sensus
1820 5616 1914 5680 sit,

346 5680 508 5752 oién‘
557 5680 868 5752 ἐγκλήμασι
913 5682 1213 5739 κανονικὼς
1266 5681 1553 5734 ὑπεύθυνοι
1619 5684 1916 5752 γινόμενοι,

328 5750 456 5816 ,ρκὶ
516 5751 589 5803 rei
624 5754 908 5801 rrtmmum
955 5752 1203 5803 canonice
1264 5752 1393 5821 facti
1442 5762 1585 5815 sunt,
1649 5750 1755 5806 btrc
1811 5750 1917 5823 Cat,

635 5841 903 5904 Ρλταοι..
935 5842 1051 5904 Gn.
1098 5843 1469 5905 CXXXVII.

2018 5348 2176 5409 prout
2226 5336 2279 5409 iu
2318 5331 2639 5409 cauo_uibns_
2656 5326 3050 5409 ecclesiasticis
3080 5334 3301 5409 cautum
3329 5332 3432 5379 est.

2094 5408 2207 5475 (87)
2238 5402 2548 5459 Ἀθετοῦσι
2582 5401 2696 5475 τῂν
2730 5398 3046 5467 ἁμαρτίαν.
3080 5396 3306 5464 Proprie
3334 5407 3605 5475 peccatum

2022 5468 2295 5548 reficiunt,
2339 5484 2432 5527 aut
2465 5471 2768 5538 repudiarit,
2816 5484 2925 5535 quo
2980 5482 3145 5548 sensu
3200 5477 3315 5548 ctua
3376 5468 3605 5548 [fundite

2022 5534 2214 5603 ndstro
2246 5534 2358 5598 lucc
2416 5534 2531 5594 νοτ
2572 5534 2891 5607 usurpatur,
2962 5534 3197 5607 dicente,
3242 5536 3303 5607 Ὀ
3373 5534 3603 5607 ἀρετῶν

2019 5617 2196 5686 ὑμᾶς.
2225 5615 2330 5682 ἐμὲ
2357 5609 2575 5686 ἀθετεῖ·
2611 5604 2737 5686 gos
2778 5606 2886 5686 sua
2902 5680 2924 5686 η
2943 5606 3196 5673 ἀθετῶν,
3245 5604 3445 5659 ἀθετεῖ
3495 5620 3600 5657 τιν

2018 5677 2468 5744 ἀποστείλαντὰ
2490 5697 2585 5751 με.
2613 5680 2746 5735 Luc.
2774 5696 2829 5745 χ,
2860 5677 2948 5735 16.

3208 5826 3282 5890 19
