3984 6474
318 242 420 308 501

1580 243 1858 305 TIIEOD.
1911 241 2144 301 BALSA
2159 240 2319 299 ΜοΝ

3442 237 3565 301 592

312 358 519 413 erroris
547 372 608 411 ac
647 356 1015 427 improbitatis
1043 353 1416 411 annulatorem
1454 353 1649 422 deponi
1685 362 1886 421 placet.

2014 366 2081 411 νος
2114 349 2222 418 γὰρ
2251 344 2677 416 ἐζήτειδοθῆναι
2728 340 2881 413 αύτῷ
2928 342 3021 395 ἐπὶ
3076 341 3359 415 χρήμασιν
3405 343 3569 400 ὢνιον

310 449 419 507 lste
478 452 620 506 enim
680 448 860 503 oblato
911 449 1125 519 pretio,
1196 446 1415 516 rependi
1475 445 1575 500 sibi
1640 444 1881 499 vicissim

314 543 491 599 sancti
530 541 764 611 bpiritns
799 544 1029 608 gratiam
1064 538 1400 610 postulabat.

310 633 540 690 ARIST.
596 651 615 684 ι
666 633 767 698 Qui
826 632 1222 687 immaculatam
1277 628 1589 698 irnpertitur
1642 641 1885 680 commu-

388 740 407 773 σ
455 722 691 787 nionem,
715 733 765 774 et
792 720 1008 775 obolum
1035 720 1117 774 vel
1143 720 1285 773 aliud
1306 722 1664 788 quodcunque
1690 717 1880 785 exigit,

387 831 404 862 ι
442 813 764 879 deportatur.
808 830 826 862 ι
872 810 1211 877 Perspicuae.

773 902 930 971 183
960 900 1191 954 CANUN
1228 899 1418 954 XXIV.

315 1012 334 1045 α
372 993 448 1048 Ne
470 994 552 1047 cui
585 993 740 1047 liceat
764 1009 954 1046 eorum
979 991 1069 1059 qui
1102 991 1154 1043 in
1193 988 1512 1044 sacerdotali
1541 987 1730 1043 ordine
1754 1003 1885 1042 enu-

388 1100 407 1134 ι
443 1090 742 1143 merantnr,
772 1080 854 1134 vel
884 1081 1293 1144 monachorum,
1327 1079 1381 1133 in
1412 1094 1672 1148 equorum
1711 1081 1886 1133 curri-

389 1191 406 1225 ι
444 1172 578 1226 culis
609 1172 929 1232 subsistere,
967 1170 1045 1223 vel
1102 1170 1344 1224 scenicos
1385 1169 1537 1224 ludos
1588 1168 1882 1223 sustinere.

387 1284 403 1316 ι
442 1264 548 1319 Sed
601 1273 654 1318 et.
707 1262 752 1317 si
801 1262 924 1330 quis
952 1259 1180 1314 clericus
1229 1260 1294 1311 ad
1353 1259 1569 1327 nuptias
1622 1268 1883 1324 vocetur,

388 1375 407 1408 ι
446 1357 662 1424 quando
692 1354 757 1408 ad
790 1353 1162 1422 deceptionem
1190 1359 1503 1418 comparata
1537 1349 1741 1403 ludicra
1801 1350 1885 1403 in-

394 1469 411 1502 ι
449 1463 628 1518 gressa
659 1446 1109 1512 fuerint,surgat
1152 1452 1205 1496 et
1255 1454 1286 1493 ο
1336 1442 1563 1510 vestigio
1603 1441 1880 1504 discedat,

392 1560 410 1593 ι
449 1541 667 1594 Patrum
700 1545 1007 1591 nostrorum
1037 1535 1116 1589 sic
1139 1533 1363 1603 jubente
1391 1534 1654 1587 doctrina.
1683 1532 1736 1586 Si
1761 1532 1886 1602 quis

391 1651 411 1685 ι
444 1640 623 1686 autem
654 1629 775 1699 ejus
806 1626 883 1681 rei
907 1626 1227 1697 coniunctus
1254 1625 1439 1693 fuerit,
1477 1624 1560 1680 vel
1600 1634 1777 1679 cesset
1802 1623 1885 1678 vel

391 1740 411 1774 ι
452 1723 777 1791 depOuatur.
818 1738 839 1771 ι

384 1811 580 1865 B\LS.
631 1810 1037 1875 Consequenter
1083 1805 1153 1861 54
1198 1804 1393 1860 cauoni
1443 1802 1633 1874 synodi
1688 1802 1889 1856 Laodi-

317 1918 463 1957 cenze
495 1900 742 1969 prohibet
786 1899 949 1952 etiam
998 1910 1237 1965 prmsens
1285 1908 1456 1948 canon
1510 1894 1563 1947 in
1625 1907 1888 1961 equorum

315 1993 643 2050 curriculum
676 1989 968 2045 ascendere
999 1987 1081 2041 vel
1114 1987 1424 2041 sacerdotes
1448 1984 1528 2037 Vel
1570 1983 1890 2050 monachos,

315 2087 399 2141 vel
463 2085 709 2140 scenicos
745 2083 907 2136 etiam
960 2080 1114 2134 ludos
1167 2079 1355 2133 audire
1409 2094 1425 2132 :
1480 2076 1779 2143 adjiciens,
1836 2084 1896 2129 ut

315 2177 497 2232 clerici
534 2180 600 2229 ad
632 2174 845 2243 nuptias
882 2172 1053 2226 vocati
1083 2169 1182 2239 (de
1214 2167 1494 2223 monachis
1531 2168 1675 2220 enim
1709 2166 1895 2220 dicere

317 2267 567 2323 Patribus
597 2282 624 2319 a
661 2266 870 2318 ratione
899 2263 1133 2316 alienum
1158 2260 1332 2315 visum
1369 2270 1477 2323 est,
1528 2261 1670 2327 quod
1720 2258 1771 2310 id
1823 2256 1896 2310 sit

318 2358 484 2413 nimis
517 2355 873 2414 indecorum)
910 2353 1166 2407 recedant
1220 2365 1344 2406 cum
1400 2349 1639 2420 primum
1684 2348 1892 2401 ludicra

322 2447 564 2516 ingressa
590 2442 812 2499 fuerint.
846 2443 948 2497 Sed
978 2440 1293 2495 Laodiceae:
1318 2439 1533 2508 quidem
1566 2454 1686 2508 syn.
1715 2451 1893 2491 canon

321 2540 377 2594 in
406 2537 523 2606 ejus
550 2544 951 2604 contemptores
991 2549 1101 2588 non
1152 2529 1576 2586 animadvertit:
1606 2529 1693 2584 hic
1717 2540 1895 2582 autem

323 2626 834 2694 admouetqnidem,
860 2634 919 2679 tit
940 2625 1029 2692 qui
1069 2624 1174 2679 tale
1196 2623 1326 2693 quid
1362 2621 1567 2677 faciunt
1597 2622 1897 2684 desistant;

322 2722 566 2776 siautem
603 2733 708 2773 non
751 2718 1032 2783 desistant,
1065 2716 1414 2787 deponendos
1445 2714 1715 2769 decernit.
1755 2711 1891 2766 Cum

319 2812 380 2866 hi
425 2813 530 2865 duo
562 2825 801 2866 canattes
847 2812 961 2863 lucc
1020 2810 1238 2870 dicant.
1291 2818 1345 2861 et
1392 2806 1781 2876 prOpemodum
1832 2803 1898 2855 ab

320 2901 580 2957 Ecclesia:
603 2912 750 2970 parte
775 2898 1031 2969 prohibiti
1061 2898 1166 2953 sint
1208 2896 1459 2951 monachi
1492 2905 1547 2949 et
1588 2893 1899 2948 sacerdotes

322 3010 513 3051 euntes
545 2994 609 3047 ad
641 3008 903 3061 equorum
926 3005 1113 3045 cursos
1140 2990 1405 3043 videndos
1456 2988 1721 3043 accedere
1745 3027 1761 3051 ,
1812 2985 1900 3040 di-

1992 441 2091 512 τὴν
2119 442 2282 510 χάριν
2304 440 2398 492 τοῦ
2432 436 2768 507 Πνεύματος.

1978 617 2214 674 οΑΡΙΣΤ.
2251 636 2270 670 ι
2314 619 2373 671 '0
2408 618 2507 686 τῆς
2546 618 2819 687 ἀχράντου
2880 615 3203 687 μεταδιδοὺς
3254 616 3567 681 κοινωνίας,

2068 730 2085 761 ι
2128 710 2221 763 καὶ
2255 709 2444 763 ὀϐολὸν
2477 709 2784 780 ἀπαιτῶνῆ
2836 709 3024 779 ἕτερον
3080 703 3240 773 εἶδος,
3283 706 3571 779 καθαιρεί-

2066 822 2085 854 ‹
2129 804 2256 857 σθω.
2285 820 2301 852 ι
2342 800 2569 870 Σαφής.

2577 894 2814 948 ΚΛΝΩΝ
2841 896 2969 950 KA'.

1994 1003 2014 1036 ι
2051 985 2143 1056 Μὴ
2193 985 2396 1050 ἐξέστω
2437 988 2543 1042 τινὶ
2574 987 2685 1039 τῶν
2713 987 2772 1039 ἐν
2801 985 3063 1056 ίερατικῷ
3112 986 3570 1056 καταλεγομένων

2069 1098 2086 1128 ι
2130 1080 2370 1146 τάγματι
2408 1080 2439 1150 ἢ
2476 1079 2698 1149 μοναχῷ
2741 1079 2798 1129 ἐν
2833 1079 3218 1147 ἱπποδρομίαις
3267 1080 3499 1140 ἀνέναι,
3529 1076 3565 1145 ἢ

2066 1189 2083 1220 ι
2133 1169 2439 1239 θυμελικῶν
2464 1170 2736 1238 παιγνίων
2761 1167 3071 1236 ἀνέχεσθαι.
3123 1168 3262 1221 Ἀλλ’
3290 1170 3337 1219 εἰ
3365 1168 3457 1220 καί
3484 1185 3571 1231 τις

2070 1275 2087 1307 ι
2134 1256 2392 1326 κληρικδς
2426 1257 2651 1327 κληθείη
2683 1258 2741 1308 ἐν
2767 1257 2952 1325 γάμῳ,
2977 1256 3139 1327 ἡνίκα
3163 1257 3229 1309 τὰ
3259 1260 3392 1326 πρπς
3421 1258 3568 1309 ἁπά-

2068 1371 2085 1402 r
2132 1367 2233 1420 την
2251 1350 2544 1403 είσὲλθοιεν
2585 1349 2832 1417 παίγνια,
2855 1349 3221 1418 ἐξαναστήτω,
3246 1352 3335 1402 καὶ
3369 1348 3573 1401 αὐτίκα

2069 1459 2087 1494 t
2133 1440 2509 1510 ἀναχωρείτω,
2531 1440 2672 1492 οὕτω
2698 1441 2797 1505 τῆς
2826 1442 2933 1492 τῶν
2961 1441 3220 1510 Πατέρων
3238 1443 3370 1511 ἡμῖν
3395 1456 3571 1510 προσο

2071 1551 2089 1584 r
2136 1532 2439 1601 ταττούσης
2503 1532 2873 1595 διδασκαλίας.
2927 1532 2988 1585 Ei
3028 1533 3085 1586 δέ
3132 1550 3215 1596 τις
3266 1532 3363 1585 ἐπὶ
3394 1532 3572 1602 τούτῳ

2068 1640 2086 1673 ι
2129 1620 2267 1688 ἁλῷ,
2297 1622 2331 1692 ἢ
2362 1623 2665 1676 παυσάσθω
2692 1621 2726 1693 ἢ
2759 1622 3149 1695 καθαιρείσθω.
3188 1640 3209 1676 ι

2060 1805 2265 1859 ΒΑᾹΣ.
2333 1804 2673 1869 Ἀκολούθως
2702 1804 2782 1876 τῷ
2809 1803 2881 1859 νδ⁹
2911 1805 3097 1860 κανόνι
3124 1806 3224 1877 τῆς
3274 1808 3332 1860 ἐν
3379 1807 3572 1861 Λαοδι-

1992 1895 2118 1967 κείᾳ
2172 1896 2398 1950 συνόδου
2434 1897 2773 1967 ἀπαγορεύει
2822 1897 2975 1951 καὶὸ
3010 1897 3202 1969 παρὼν
3253 1898 3435 1952 κανὼν
3486 1900 3573 1963 εἰς

1990 1987 2363 2058 ἱπποδρομίαν
2415 1989 2625 2042 ἀνιέναι
2672 1989 2983 2059 ίερατικαὺς
3013 1988 3367 2059 ῆ-μοναχοὺς,
3403 1991 3437 2063 ἢ
3475 1990 3575 2044 θυ-

1998 2079 2235 2151 μελικῶν
2269 2081 2540 2149 παιγνίων
2560 2080 2804 2134 ἀκούειν’
2841 2081 3217 2153 προσθέμενος
3246 2083 3374 2147 τοὺς
3404 2100 3574 2153 μετα-

1995 2170 2369 2240 καλουμένους
2394 2174 2472 2235 είς
2502 2172 2679 2241 γάμον
2714 2172 3018 2242 κληρικοὺς
3054 2173 3217 2245 (περὶ
3250 2175 3359 2244 γὰρ
3394 2191 3565 2245 μονα-

1995 2280 2105 2333 χων
2156 2265 2334 2316 εἰπεῖν
2388 2264 2590 2317 ἄτοπον
2642 2263 2897 2334 ἐλογίσθη
2948 2267 3060 2328 τοῖς
3094 2266 3340 2335 Πατράσι
3373 2265 3462 2318 διὰ
3506 2264 3573 2318 τὸ

1996 2355 2178 2423 πάντη
2217 2354 2487 2423 ἀπρεπὲς)
2545 2357 2855 2426 ἀναχωρεῖν
2910 2356 3028 2427 ἅμα
3075 2357 3153 2427 τῷ
3210 2358 3472 2411 εἰσελθεῖν
3502 2359 3571 2412 τὰ

1997 2444 2250 2512 παίγνια.
2285 2445 2431 2515 Πλὴν
2456 2446 2483 2498 ὀ
2514 2444 2614 2515 μὲν
2650 2444 2836 2499 κανὼν
2865 2445 2966 2516 τῆς
2997 2447 3055 2499 ἐν
3090 2447 3387 2518 Λαοδικείᾳ
3418 2450 3574 2502 συνό-

1998 2537 2095 2588 δου
2125 2536 2186 2588 ού
2218 2536 2433 2599 κολάζει
2463 2538 2589 2600 τοὺς
2615 2537 2885 2608 ἀθετητὰς
2906 2537 3095 2591 τούτου
3121 2555 3134 2568 ’
3167 2532 3322 2611 οὗτος
3346 2539 3402 2592 δὲ
3427 2558 3574 2611 παρ-

2002 2630 2146 2679 αινεῖ
2195 2627 2509 2682 παύσασθαι
2570 2629 2696 2692 τοὺς
2745 2629 2986 2684 τοιοῦτόν
3029 2647 3082 2683 τι
3136 2631 3572 2703 ποιοῦνταςιμὴ

1992 2720 2340 2789 παυομένους
2366 2720 2424 2773 δὲ
2475 2719 2864 2791 καθαιρεῖσθαι
2895 2722 3216 2793 διορίζεται.
3248 2724 3432 2777 Ταῦτα
3465 2726 3574 2777 τῶν

1992 2810 2191 2863 διττῶν
2216 2811 2425 2864 τούτων
2455 2813 2702 2866 κανόνων
2750 2814 3043 2882 λεγόντων,
3086 2817 3181 2868 καὶ
3218 2817 3574 2870 κωλυθέντων

1997 2902 2112 2973 πρὸ
2152 2903 2355 2975 μικροῦ
2389 2905 2542 2975 παρά
2590 2905 2685 2959 τοῦ
2722 2907 2919 2977 μέρους
2954 2908 3051 2976 τῆς
3094 2907 3421 2978 Ἐκκλησίας
3465 2910 3575 2961 τῶν

2006 2995 2255 3066 μοναχῶν
2284 3002 2379 3050 καὶ
2416 2997 2526 3049 τῶν
2577 2998 2892 3069 ἱερωμένων
2928 3001 3147 3054 πάντων
3193 3003 3454 3054 ἀπελθεῖν
3494 3006 3576 3065 εἰς

327 3096 522 3141 xerunt
553 3083 819 3147 nonnulli,
855 3082 1001 3151 quod
1044 3081 1299 3135 clericum
1321 3079 1537 3149 quidem
1569 3080 1653 3132 vel
1704 3092 1897 3132 mona-

2014 3087 2095 3149 ιάς
2118 3087 2416 3154 γινομένας
2442 3088 2835 3158 ἱπποδρομίας,
2877 3083 3040 3144 εἶπόν
3093 3108 3238 3154 τινες
3271 3092 3351 3145 ὅτι
3378 3091 3441 3144 τὸ
3478 3094 3577 3161 μὶν

326 3182 488 3233 chum
517 3178 582 3230 ad
610 3189 875 3244 equorum
906 3172 1236 3227 curriculum
1291 3186 1395 3225 non
1438 3171 1699 3224 accedere
1723 3206 1741 3234 ,
1803 3182 1901 3222 nec

325 3270 691 3338 spectaculum
714 3267 856 3336 quod
877 3265 1150 3319 cﬂ‘emiuat
1167 3264 1537 3333 aspicere,nec
1560 3261 1723 3315 verba
1746 3275 1903 3314 aures

328 3358 982 3431 praestringentiaaudire,
1012 3366 1094 3409 est
1123 3354 1388 3409 laudabile
1405 3362 1459 3408 et
1490 3354 1725 3407 ttiaxime
1748 3367 1902 3406 cum-

329 3455 686 3507 mendandntn
713 3468 731 3515 ;
756 3449 1204 3519 quemadmodum
1254 3456 1308 3501 et
1337 3461 1455 3501 esse
1491 3446 1755 3512 virginem
1782 3482 1797 3507 ,
1847 3452 1903 3497 et

328 3545 531 3612 reliqua
553 3559 673 3612 qua:
699 3542 973 3595 hominem
999 3540 1357 3594 sanetilicant.
1404 3538 1461 3591 Si
1515 3538 1637 3604 quis
1680 3544 1858 3587 atttem
1883 3572 1899 3599 ,

327 3654 451 3693 cum
477 3637 629 3705 virgo
660 3649 782 3689 esse
814 3645 1071 3700 nequeat,
1105 3646 1325 3685 uxorem
1351 3628 1564 3683 duxerit
1593 3669 1607 3693 ,
1641 3645 1742 3681 non
1798 3642 1897 3694 pu-

320 3728 509 3783 nietur
536 3743 548 3778 :
575 3725 742 3793 etqui
776 3738 882 3777 non
913 3732 1084 3791 potest
1115 3722 1371 3775 ab-onmi
1418 3720 1691 3788 voluptate
1736 3716 1905 3772 absti-

330 3834 483 3883 nere,
518 3818 561 3872 si
587 3817 640 3870 in
672 3830 937 3885 equorum
965 3812 1294 3867 curriculum
1331 3812 1491 3866 fuerit
1526 3812 1822 3879 ingressus.
1853 3809 1902 3863 ei

325 3914 485 3965 venia
518 3911 761 3974 dabitur;
789 3919 842 3960 et
882 3907 1050 3975 magis
1078 3908 1123 3959 si
1154 3903 1340 3969 semel,
1362 3918 1480 3957 non
1512 3914 1689 3957 autem
1730 3902 1772 3954 si
1801 3902 1903 3953 itit-

327 4003 547 4057 inodice
576 4010 754 4065 utens,
785 4013 845 4053 se
902 3998 954 4052 ei
985 3998 1269 4052 dicaverit.
1303 3994 1398 4049 llic
1450 3995 1598 4047 enim
1633 4010 1780 4058 can.,
1818 3994 1903 4046 in-

323 4095 544 4164 qniunt,
570 4106 782 4156 cursus,
819 4090 911 4160 qui
945 4089 1075 4142 olim
1106 4089 1328 4150 ﬁebant,
1365 4098 1505 4141 vetat
1538 4127 1554 4149 ,
1593 4102 1695 4140 ttou
1725 4096 1902 4138 autem

331 4190 587 4255 quinuuc
609 4184 762 4250 iiunt,
800 4182 1149 4251 permittente
1209 4194 1273 4233 ac
1325 4186 1590 4249 praesente
1643 4178 1902 4246 principe.

330 4277 485 4333 Tunc
515 4278 655 4331 enim
685 4291 809 4330 cum
844 4275 1073 4345 populus
1101 4274 1152 4326 in
1185 4272 1291 4327 illis
1323 4287 1586 4342 equorum
1618 4271 1904 4325 curriculis

332 4372 495 4425 nimia
526 4367 889 4423 libertatetvel
939 4368 1114 4435 potius
1148 4365 1365 4419 licentia
1418 4373 1661 4417 uteretur
1686 4402 1701 4428 ,
1735 4376 1903 4429 equo-

334 4478 559 4531 rumque
589 4476 782 4515 cursus
815 4458 1115 4513 celebraret
1140 4458 1414 4526 quontodo
1447 4466 1500 4509 et
1546 4454 1763 4523 quando
1807 4469 1901 4507 vo-

330 4554 535 4617 lebant,
561 4552 722 4621 inque
754 4551 989 4620 propriis
1013 4550 1265 4618 expensis
1288 4587 1304 4612 ,
1336 4558 1394 4601 ut
1440 4548 1528 4614 qui
1580 4547 1802 4601 haberet
1851 4555 1905 4600 et.

331 4646 523 4699 dumos
550 4652 603 4698 et
632 4657 803 4711 equos
836 4650 892 4695 et
928 4642 1135 4696 Stabula
1168 4679 1184 4705 ,
1238 4653 1357 4708 quae
1414 4640 1479 4690 ad
1541 4638 1685 4692 hunc
1735 4651 1905 4706 usque

334 4737 475 4792 diem
526 4744 935 4797 servantur,et
1000 4732 1203 4786 reditus
1273 4747 1372 4801 pro
1438 4730 1545 4785 illis
1568 4731 1906 4784 celebrandis

331 4826 641 4891 curriculis,
665 4838 719 4881 et
758 4824 1396 4894 imperatorinritaretur
1422 4864 1436 4883 ,
1469 4823 1668 4876 nullam
1727 4834 1904 4877 autem

334 4924 401 4977 ad
429 4935 548 4976 eam
582 4935 693 4974 rem
730 4925 1051 4987 potestatem
1085 4917 1334 4979 haberet,
1364 4916 1506 4969 illius
1539 4932 1731 4969 cursus
1765 4925 1905 4968 teut-

334 5030 468 5085 pore
498 5013 660 5066 multa
695 5010 996 5064 turbulenta
1029 5020 1082 5063 et
1109 5010 1341 5062 absurda
1385 5008 1497 5062 lieri
1530 5007 1903 5079 contingebat;

330 5125 460 5164 cum
497 5106 584 5159 alii
622 5105 839 5174 quidem
876 5105 1069 5171 pupnlo
1103 5103 1451 5165 Venetorum,
1484 5102 1572 5155 alii
1615 5117 1741 5156 vero
1772 5103 1906 5154 νηι-

336 5201 577 5255 sinorum
607 5197 744 5268 parti
776 5196 1199 5265 adjungerentnr
1231 5211 1246 5247 :
1278 5194 1566 5263 aliquando
1590 5210 1721 5248 vero
1741 5196 1904 5248 etiam

341 5291 480 5347 bella
506 5289 759 5343 intestina
791 5288 1023 5341 excitata
1059 5298 1181 5340 sunt
1205 5286 1341 5339 inter
1388 5289 1645 5339 adversas
1688 5298 1868 5355 partes
1889 5327 1905 5351 ,

337 5391 394 5437 et
420 5381 473 5434 in
502 5380 843 5446 imperatoris
860 5386 1151 5446 conspectu
1180 5378 1341 5429 verba
1374 5376 1535 5429 etiam
1574 5378 1903 5445 impudentia

338 5473 622 5546 populares
663 5480 1021 5535 eruJarunt,
1059 5467 1508 5536 quemadmodum
1559 5484 1625 5521 ex
1677 5469 1906 5522 diversis

340 5562 608 5619 chronicis
638 5559 971 5622 ostenditur,
1006 5559 1144 5611 sicut
1186 5558 1388 5611 factum
1419 5570 1502 5613 est
1537 5568 1795 5629 regnante
1816 5558 1905 5612 Ju-

338 5658 596 5721 stiuiano,
626 5663 678 5708 et
720 5662 963 5721 tempore
1000 5652 1267 5707 Anastasii
1312 5662 1364 5706 et
1413 5651 1611 5707 Phocae
1660 5654 1906 5723 tyranni,

2008 3175 2082 3247 μὴ
2119 3176 2375 3230 ἀπελθεῖν
2411 3180 2645 3249 μοναχὸν
2670 3180 2706 3250 ἢ
2756 3180 3016 3251 κληρικδν
3074 3184 3152 3244 εἰς
3198 3183 3576 3253 ίπποδρῆμιοκι,

2008 3268 2139 3339 μηδέ
2191 3269 2319 3321 ἰδεῖν
2374 3270 2606 3341 θεωρίαν
2653 3271 2753 3342 τὴν
2787 3273 2912 3342 ὄψιν
2973 3272 3397 3344 ἐκθηλύνουσαν,
3439 3275 3578 3345 μηδὲ

2008 3360 2269 3431 ῥημάτων
2297 3361 2677 3431 ἀκροάσασθαι
2705 3365 3226 3433 καταγοητευόντων
3253 3365 3351 3435 τὴν
3380 3366 3575 3436 ἀκοὴν,

2006 3454 2285 3506 ἐπαινετόν
2309 3455 2422 3506 ἐστι
2470 3454 2565 3506 καὶ
2591 3454 2791 3525 πολλῆς
2828 3456 3364 3526 εὐχαριστίαςᾶξιοψ
3386 3455 3576 3525 ὥσπερ

2007 3545 2105 3597 καὶ⁵
2153 3546 2214 3598 τὸ
2245 3545 2600 3615 παρθενεύειν
2651 3546 2747 3599 καὶ
2776 3547 2844 3601 τὰ
2872 3548 3035 3601 λοιπά
3066 3549 3133 3602 τὰ
3163 3549 3253 3601 τὸν
3287 3547 3578 3619 ἄνθρωπον

2009 3636 2323 3705 ἁγιάζοντα’
2360 3639 2495 3691 είδὲ
2533 3656 2615 3702 τις
2657 3638 2732 3711 μὴ
2770 3639 3067 3709 δυνάμενος
3099 3640 3453 3709 παρθενεύειν
3474 3657 3578 3708 γα-

2012 3731 2197 3802 μήσει,
2229 3732 2290 3783 ού
2321 3732 2748 3804 κολασθήσεται·
2776 3733 2872 3785 καὶ
2900 3735 2928 3785 ὁ
2957 3732 3031 3802 μὴ
3059 3732 3357 3802 δυνάμενος
3372 3737 3577 3795 παντς

2007 3821 2257 3893 ἐνηδὸνου
2312 3824 2636 3894 ἀπέχεσθαι,
2694 3824 2788 3877 ἐὰν
2812 3822 3014 3894 ἀνέλθῃ
3069 3824 3148 3887 είς
3180 3824 3577 3894 νίπποδρόμιοη),

2009 3915 2514 3985 συγγνωσθήσεται·
2569 3916 2666 3969 καὶ
2716 3914 2917 3986 μᾶλλον
2962 3915 3059 3968 ἐὰν
3111 3916 3328 3983 ἐφάπαξ
3380 3916 3474 3970 καὶ
3512 3916 3575 3968 ού

2007 4007 2147 4060 κατά
2180 4006 2527 4078 παράχρησιν
2561 4009 2642 4070 εἰς
2671 4007 2828 4061 τοῦτο
2858 4005 3086 4060 ἐκδώσει
3128 4008 3351 4061 ἐαυτὸν.
3386 4007 3445 4061 Ὀ
3468 4008 3577 4080 γὰρ

2007 4099 2186 4152 κανὼν
2212 4095 2390 4163 οἶτος,
2419 4102 2572 4167 φασὶ,
2598 4101 2699 4161 τὰς
2729 4100 2859 4153 ποτὲ
2888 4099 3181 4169 γινομένας
3206 4102 3577 4172 ἱπποδρομίας

2007 4190 2361 4261 ἀπαγορεύει,
2394 4191 2455 4244 ού
2506 4190 2613 4262 μὴν
2659 4193 2761 4255 τὰς
2788 4193 3032 4263 σήμερον
3066 4192 3401 4262 τελουμένας
3455 4194 3575 4247 κατ’

2009 4283 2312 4353 ἐπιτροπὴν
2339 4284 2433 4335 καὶ
2468 4284 2771 4354 παρουσίαν
2806 4283 3119 4355 βασιλικήν.
3149 4285 3282 4337 Τότε
3319 4285 3421 4354 μὲν
3464 4288 3574 4357 γάρ

2007 4373 2115 4426 τῶν
2144 4374 2331 4444 δήμων
2361 4373 2893 4439 κατεξουσιαζόντων
2932 4376 2989 4428 ἐν
3011 4378 3130 4437 ταῖς
3161 4375 3573 4445 ἱπποδρομίαις,

2011 4460 2103 4512 καὶ
2152 4460 2450 4515 ποιούντων
2481 4462 2688 4524 ταύτας
2716 4465 2803 4515 ὅτε
2853 4463 2947 4515 καὶ
2988 4463 3135 4524 ὅπως
3185 4463 3478 4533 ὴὸούλοντο
3513 4468 3578 4519 ἐκ

2006 4549 2407 4621 δαπανημάτων
2434 4552 2671 4618 οἰκείων,
2718 4553 2794 4616 ὡς
2842 4555 2935 4607 καὶ
2983 4555 3214 4624 ἐχόντων
3247 4556 3455 4621 οἴκους,
3478 4560 3580 4611 καὶ

2010 4641 2230 4707 ἵππους,
2262 4644 2357 4694 καὶ
2395 4642 2663 4707 ἱππῶνας,
2694 4645 2820 4706 τοὺς
2855 4645 2949 4697 καὶ
2979 4645 3140 4715 μέχρι
3174 4647 3266 4699 καὶ
3298 4647 3391 4699 νῦν
3420 4665 3581 4717 περι-

2009 4734 2377 4804 σωζομένους,
2405 4736 2498 4788 καὶ
2532 4736 2827 4806 προσόδους
2850 4736 3011 4807 χάριν
3036 4738 3144 4789 τῶν
3176 4739 3572 4809 ίπποδρομιῶν,

2009 4828 2103 4879 καὶ
2135 4828 2229 4880 τοῦ
2267 4827 2533 4897 βασιλέως
2582 4829 3093 4900 προσκαλουμένου,
3150 4832 3245 4884 καὶ
3291 4833 3369 4893 είς
3416 4830 3576 4885 τοῦτο

2013 4919 2087 4990 μὴ
2117 4918 2546 4985 ἐξουσιάζοντος,
2581 4919 2753 4973 πολλὰ
2807 4920 3076 4991 στασιώδη
3114 4923 3207 4974 καὶ
3252 4921 3427 4975 ἄτοπα
3457 4940 3579 4977 συνο

2009 5010 2237 5064 ἐπιπτον
2294 5010 2543 5077 γίνεσθαι
2573 5010 2717 5065 κατὰ
2784 5012 2877 5065 τὸν
2910 5012 3010 5081 τῆς
3041 5013 3404 5082 ἱπποδρομίας
3454 5032 3581 5067 καις

2012 5103 2124 5175 ρδν,
2156 5102 2264 5154 τῶν
2318 5102 2417 5171 μὲν
2465 5103 2915 5173 προστιθεμένων
2960 5104 3037 5175 τῷ
3068 5105 3231 5175 δήμῳ
3282 5105 3389 5158 τῶν
3427 5105 3584 5159 Βενε-

2007 5194 2139 5256 τῶν,
2164 5211 2193 5245 τ
2211 5194 2271 5245 ῖιν
2295 5193 2350 5245 δὲ
2380 5192 2455 5263 τῷ
2504 5193 2661 5263 μέρει
2689 5193 2798 5247 τῶν
2830 5195 3115 5265 Πρασίνων
3140 5212 3153 5224 ·
3184 5198 3242 5246 ἐν
3268 5199 3481 5264 καιροῖς
3524 5195 3581 5248 δέ

2008 5303 2119 5339 τισι
2164 5286 2259 5338 καὶ
2305 5286 2533 5357 πόλεμοι
2577 5287 3055 5359 συνεκροτήθησαν
3093 5287 3350 5356 ἐμφύλιοι
3411 5288 3580 5357 μέσον

2010 5376 2118 5427 τῶν
2149 5375 2443 5428 ἀντιθέτων
2477 5376 2680 5445 μερῶν,
2717 5382 2810 5427 καὶ
2858 5379 2997 5429 κατὰ
3033 5380 3129 5446 τῆς
3172 5376 3449 5445 βασιλείου
3483 5392 3582 5427 πε-

2015 5468 2225 5539 ριωπῆς
2260 5466 2452 5537 ἀναιδῆ
2498 5470 2718 5537 ῥήματα
2766 5469 2813 5519 οί
2885 5468 3117 5540 δημόται
3176 5470 3581 5539 ἀπηρεύξαντο,

2014 5556 2197 5618 καθὼς
2243 5558 2353 5610 ἀπὸ
2390 5558 2664 5626 διιφόρων
2714 5558 2983 5628 χρονικῶν
3022 5560 3183 5612 τοῦτο
3217 5561 3578 5632 παρίσταται·

2011 5647 2122 5705 om
2156 5666 2207 5702 τι
2239 5650 2430 5719 γέγονε
2466 5651 2558 5700 ἐπὶ
2610 5649 2704 5702 τοῦ
2744 5649 3012 5720 βασιλέως
3052 5647 3453 5718 ἰουστινιανοῦ,
3490 5648 3585 5702 ἐπὶ
