3984 6474
388 456 494 518 593

1419 450 1501 510 IN
1540 447 1703 509 CAN.
1747 445 1931 508 XXIV
1972 442 2178 509 CONC.
2223 446 2304 514 ῐΝ
2343 454 2664 517 TIiULLO.

3531 449 3637 515 594

387 567 482 624 τοῦ
525 567 904 633 ’Δναστασίου,
947 566 1040 619 ἐπὶ
1087 565 1181 619 τοῦ
1216 566 1381 620 Φωκᾶ
1429 565 1523 618 τοῦ
1557 563 1844 632 τυράννου,
1877 556 1999 614 καὶ.

2108 573 2123 616 ι
2156 566 2382 621 aliorum
2414 569 2606 637 imper.
2641 566 2746 622 Sed
2765 575 2817 622 et
2837 566 3089 637 depositis
3120 565 3432 636 pignoribus
3453 563 3639 620 ludere

335 717 340 721 .
390 663 484 716 hri
509 663 712 734 ἐτέρων
741 661 1026 731 βασιλέων.
1066 661 1224 714 Ἀλλὰ
1241 661 1334 712 καὶ
1359 656 1704 726 συνθηκίζειν
1726 656 1792 708 τὰ
1818 654 1963 724 μέρη

394 758 472 826 μὴ
527 755 872 824 κωλυόμενα,
919 753 1007 806 διὰ
1059 752 1254 804 κόττου
1295 753 1390 804 καὶ
1441 750 1609 818 τύχης
1659 750 1758 818 τὴν
1799 748 1960 814 νίκην

395 846 781 900 ἀνεκαλοῦντο.
827 847 1008 916 Ὅπερ
1055 848 1168 907 τοῖς
1219 845 1382 905 θείοις
1450 843 1640 898 κανόσι
1687 841 1968 903 παντελῶς

395 937 797 1006 ἀπηγόρευται.
865 937 1196 1003 Ἐπέτρεπον
1253 934 1308 986 δὲ
1342 934 1436 984 καὶ
1463 936 1560 994 τὰς
1601 931 1970 1001 θηριομαχίας

396 1029 497 1081 καὶ
526 1028 662 1083 ἄλλα
703 1029 824 1080 τινὰ
858 1027 1062 1094 αἰσχρά
1092 1027 1184 1078 καὶ
1217 1025 1465 1092 ἀπρεπῆ.
1493 1023 1592 1076 Διὰ
1622 1023 1730 1090 γὰρ
1784 1021 1970 1085 τοῦτο,

396 1120 552 1188 φασὶ,
589 1119 682 1170 καὶ
704 1120 731 1172 ὁ
761 1124 840 1170 ναν
884 1117 1066 1169 κανὼν
1095 1117 1196 1182 τῆς
1231 1115 1516 1185 παρούσης
1573 1113 1789 1166 συνόδου
1827 1113 1972 1164 ἀπα-

396 1212 619 1281 γορεύει
668 1211 792 1272 τοὺς
851 1212 1073 1281 μίμους,
1125 1209 1220 1262 καὶ
1255 1211 1326 1260 τὰ
1373 1207 1600 1277 Θέατρα,
1631 1206 1726 1258 καὶ
1763 1205 1832 1258 τὰ
1864 1205 1974 1256 τῶν

396 1305 676 1374 κῦνηγίων
711 1302 934 1371 Οεώρια,
971 1302 1066 1353 καὶ
1091 1301 1188 1363 τὰς
1218 1301 1309 1353 ἐπὶ
1344 1298 1552 1367 σκηνῆς
1573 1297 1852 1368 ὀρχήσειςο
1880 1295 1976 1348 καὶ

397 1400 698 1469 διορίζεται
749 1396 878 1456 τοὺς
934 1392 1353 1462 καταφρονητάς
1416 1388 1604 1452 αὐτοῦ,
1677 1386 1977 1457 κληρικούς

401 1489 504 1558 μὲν
531 1488 706 1550 ὖντας,
759 1484 1162 1554 καθαιρεῖσθαι,
1194 1482 1420 1543 λαῖκοὺς
1465 1480 1547 1542 δὲ,
1595 1475 1977 1548 ἀφορίζεσθαι.

399 1581 515 1634 Καὶ
574 1580 636 1631 τὸ
688 1575 844 1639 τέλος
881 1574 975 1628 τοῦ
1020 1572 1079 1627 ιε’
1112 1573 1339 1634 κανόνος
1389 1573 1487 1640 τῆς
1533 1575 1590 1623 ὲν
1645 1569 1976 1640 Καροαγένῃ

401 1671 625 1723 συνόδου
656 1669 802 1736 λέγει
834 1667 977 1720 οὕτω
1017 1665 1220 1736 ῥητῶς·
1253 1665 1362 1717 Καὶ
1412 1663 1552 1716 ὥστε
1588 1663 1654 1714 τὰ
1682 1662 1846 1714 τέκνα
1875 1659 1984 1713 τῶν

401 1763 597 1829 ἱερέων
631 1761 833 1829 θειὶιρια
886 1759 1129 1826 κοσμικά
1165 1755 1239 1828 μὴ
1270 1758 1510 1809 ὲκτελεῖν
1549 1755 1683 1826 μηδὲ
1731 1755 1982 1823 Θεωρεῖν.

398 1852 574 1904 Τοῦτο
601 1851 657 1904 δὲ
711 1852 806 1903 καὶ
861 1850 996 1903 πᾶσι
1057 1849 1409 1920 Χριστιανοῖς
1473 1848 1560 1900 ἀεὶ
1615 1847 1982 1915 κεκήρυκται,

400 1945 544 1998 ὥστε
573 1945 706 1997 ὅπου
736 1943 1078 2012 βλασφημίαι
1117 1942 1225 1994 εἱσὶ
1281 1940 1354 2010 μὴ
1391 1942 1694 2009 προσιέναι.
1731 1941 1980 2010 Σήμερον

400 2037 460 2088 δὲ
513 2036 624 2088 τῶν
681 2032 1055 2104 ἱπποδρομιῶν
1093 2031 1438 2100 τελουμένων
1489 2033 1632 2084 κατὰ
1680 2030 1986 2100 παρουσίαν

408 2127 694 2198 βασιλικὴν
739 2125 862 2194 δίχα
894 2125 1137 2177 τοιούτου
1183 2123 1559 2192 ἀποτροπαίου
1594 2123 1761 2187 τινὸς,
1816 2122 1989 2177 κακόν

407 2240 460 2273 τι
486 2219 742 2288 γενέσθαι
798 2219 897 2288 οὐχ
932 2217 1324 2270 ὑποπτεύεται.
1357 2217 1448 2268 Διὸ
1480 2212 1631 2268 εἷπον
1664 2217 1737 2277 ὡς
1770 2217 1990 2269 ἐπαινε-

413 2314 500 2363 τὶν
536 2311 638 2381 μέν
676 2313 793 2362 ἐστι
823 2310 882 2361 τὸ
919 2308 1054 2377 μηδὲ
1089 2307 1225 2370 ὃλως
1247 2307 1440 2376 ἡδονῆς
1467 2307 1526 2370 ὲξ
1558 2307 1923 2376 ἱπποδρομίας
1955 2306 1986 2375 ἦ

414 2405 568 2457 ἄλλου
597 2403 743 2464 τινὸς
771 2403 1055 2471 θυμήρους
1083 2399 1390 2468 γεύσασθαί
1435 2417 1576 2453 τινα·
1608 2401 1910 2452 ἀκόλαστον
1933 2399 1990 2452 δὲ

411 2499 504 2549 καὶ
526 2497 588 2548 τὸ
611 2494 726 2564 (88)
742 2497 822 2555 εἱς
839 2493 1091 2554 τοιαύτας
1117 2492 1482 2561 ἱπποδρομίας
1507 2492 1802 2561 κληρικοὺς
1825 2491 1994 2559 ἀπέρο

407 2589 625 2657 χεσοαι.
652 2587 715 2639 Εἰ
759 2587 872 2655 γὰρ
912 2588 1061 2638 πᾶσα
1095 2584 1427 2654 ἱπποδρομία
1456 2585 1490 2653 ἢ
1518 2602 1576 2636 τε
1623 2585 1858 2636 ἔκπαλαι
1908 2600 1995 2636 τε-

408 2679 648 2747 λουμὲνη
681 2679 774 2730 καὶ
798 2680 829 2747 ή
861 2679 1100 2748 σήμερον
1130 2678 1391 2746 γινομένη
1415 2677 1822 2746 ἀπαγορεύεται
1851 2677 1994 2730 κατά

410 2773 538 2834 τοὺς
564 2772 815 2837 πολλοὺς,
843 2769 1034 2840 ὥσπερ
1065 2771 1130 2841 δὴ
1163 2771 1255 2823 καὶ
1279 2772 1454 2824 πάντα
1477 2771 1546 2823 τὰ
1573 2770 1775 2838 Θεώρια
1807 2771 1902 2822 καὶ
1929 2770 1995 2822 τά

414 2865 678 2933 κυνήγια,
725 2861 1208 2932 ἀναγκασθήσεταί
1248 2880 1328 2924 τις
1364 2863 1539 2914 εἰπεῖν
1573 2862 1708 2929 μηδὲ
1740 2861 1876 2923 ὅλως
1907 2860 1997 2928 γί-

414 2954 608 3008 νεσθαί
639 2973 690 3008 τι
713 2955 952 3007 τοιοῦτόν
984 2972 1114 3006 ποτε
1148 2954 1256 3006 τῶν
1290 2953 1504 3023 καιρῶν
1537 2953 1690 3022 παρὰ
1729 2953 2000 3022 βασιλέως

414 3050 449 3118 ἦ
486 3051 678 3118 ἐτέρου
709 3050 854 3112 τινός
882 3065 894 3078 °
930 3050 1289 3119 ἀπρακτῆσαι
1336 3047 1392 3100 δὲ
1427 3049 1518 3101 καὶ
1550 3048 1618 3100 τὰ
1659 3049 1793 3117 μετὰ
1827 3065 1998 3100 κυναο

422 3142 555 3210 ρίων
588 3140 987 3208 λαγοκυνήγια,
1033 3141 1118 3192 ἵνα
1172 3139 1245 3208 μὴ
1280 3140 1374 3191 καὶ
1407 3141 1454 3191 οἱ
1501 3139 1678 3192 λαῖκοὶ
1711 3141 1789 3200 εἰς
1836 3141 2000 3191 ίππο-
2038 3162 2052 3174 ο

2069 667 2247 726 partes
2278 675 2381 712 non
2422 660 2721 726 prohibitm,
2755 676 2849 726 per
2887 660 3023 713 talos
3051 668 3105 712 et
3152 659 3420 712 fortunam
3466 657 3641 711 victo-

2072 751 2205 803 riam
2251 751 2647 818 provocabaut;
2678 750 2817 817 quod
2851 749 3067 817 quidem
3099 747 3296 801 divinis
3334 745 3639 800 canonibus

2071 855 2150 896 est
2177 844 2401 897 omnino
2449 843 2801 910 prohibitum.
2849 841 3306 896 Permittcbantur
3357 848 3536 892 autem
3585 847 3640 891 et

2073 937 2373 991 belluarum
2403 937 2740 1001 certamina,
2803 946 2856 990 et
2909 935 3072 988 multa
3135 933 3237 987 alia
3288 931 3540 986 indecora
3576 943 3641 982 ac

2077 1034 2272 1099 turpia.
2296 1028 2588 1097 Propterea
2617 1029 2781 1092 enim,
2809 1028 3078 1096 inquiunt,
3103 1037 3155 1078 et
3176 1027 3236 1079 5|
3261 1041 3382 1079 can.
3408 1038 3646 1091 praesen-

2075 1123 2144 1177 tis
2176 1139 2298 1192 syn.
2329 1124 2575 1192 prohibet
2604 1122 2818 1183 mimos,
2857 1119 3170 1184 et-tbeatra,
3209 1126 3263 1171 et
3302 1116 3646 1170 venatiouum

2078 1215 2405 1284 spectacula,
2441 1225 2494 1270 et
2523 1213 2841 1267 saltationes
2872 1212 2924 1265 in
2953 1227 3111 1265 scena
3147 1229 3160 1264 :
3220 1219 3273 1263 et
3324 1207 3553 1270 statuit,
3591 1215 3650 1259 ttt

2081 1310 2168 1376 qui
2201 1308 2374 1376 ipsum
2405 1313 2834 1369 contemnerent,
2862 1305 2906 1357 si
2936 1303 3044 1358 sint
3072 1302 3283 1370 quidem
3317 1299 3523 1362 clerici,
3551 1298 3648 1351 de-

2080 1409 2365 1468 ponantur,
2403 1398 2523 1450 laici
2559 1411 2688 1450 vero
2713 1404 3084 1465 segregentur.
3123 1395 3184 1446 Et
3221 1393 3340 1446 linis
3394 1392 3462 1445 15
3517 1404 3643 1444 can.

2082 1493 2269 1546 Carth.
2306 1507 2423 1562 syn.
2474 1491 2550 1544 sic
2585 1499 2769 1558 aperte
2793 1489 2924 1543 dicit
2955 1511 2966 1544 :
3000 1487 3061 1540 Et
3095 1486 3238 1554 quod
3276 1485 3366 1538 lilii
3395 1482 3650 1538 sacerdo-

2085 1590 2195 1636 tum
2225 1580 2529 1649 spectacula
2560 1580 2839 1634 srecularia
2875 1594 2979 1631 nou
3030 1578 3312 1646 perﬁciant
3370 1589 3469 1629 nec
3520 1587 3648 1640 spe-

2086 1681 2251 1725 ctent.
2280 1669 2393 1724 lloc
2419 1679 2595 1724 autem
2620 1671 2780 1724 etiam
2803 1670 3055 1723 omnibus
3082 1665 3411 1721 Christianis
3444 1676 3654 1732 semper

2087 1771 2173 1816 est
2203 1762 2570 1831 przedicatum,
2607 1771 2665 1814 ut
2698 1762 2786 1813 ubi
2830 1770 2957 1814 sunt
2986 1760 3269 1813 maledicta
3301 1772 3364 1811 ac
3405 1755 3659 1825 blasphe-

2093 1856 2198 1908 mia
2231 1869 2294 1908 ne
2319 1853 2601 1908 accedant.
2637 1851 2809 1907 Hodie
2837 1864 3035 1914 autem,
3072 1867 3192 1906 cum
3227 1863 3490 1919 equorum
3533 1863 3660 1902 curo

2091 1962 2181 2000 sus
2232 1947 2558 2014 imperatore
2609 1955 2874 2015 praesente
2935 1945 3082 2007 (iant,
3142 1957 3244 1996 nec
3295 1941 3365 1995 sit
3394 1940 3658 2009 ejusmodi

2093 2038 2400 2106 fugiendum
2435 2049 2488 2092 et
2515 2038 2868 2092 aversandum
2900 2036 3172 2105 quidpiam
3199 2077 3214 2101 ,
3259 2034 3401 2087 nulla
3447 2041 3530 2088 est
3561 2047 3660 2102 pe-

2093 2134 2237 2184 nitus
2269 2129 2507 2197 suspicio
2543 2129 2651 2184 illic
2683 2129 2806 2182 mali
2858 2129 3149 2196 quidquam
3199 2126 3335 2179 ﬂeri.
3388 2125 3661 2190 ρωποι)-

2091 2238 2204 2278 rem
2260 2220 2532 2284 dicebant,
2589 2221 2729 2288 quod
2766 2228 2847 2273 est
2880 2219 3097 2287 quidem
3150 2215 3417 2270 laudabile
3464 2215 3663 2269 nullam

2094 2314 2310 2382 penitus
2345 2312 2652 2381 quempiam
2688 2311 3019 2378 voluptatem
3065 2318 3284 2380 gustare
3302 2325 3365 2361 ex
3402 2322 3664 2376 equorum

2094 2405 2367 2461 Curriculo
2399 2404 2478 2457 vel
2535 2419 2598 2457 ex
2637 2404 2818 2469 aliquo
2848 2403 2953 2455 alio
2984 2412 3137 2471 grato
3169 2419 3182 2455 :
3218 2399 3436 2469 impune
3484 2407 3667 2453 autem

2095 2507 2180 2554 est
2211 2509 2262 2552 et
2297 2499 2361 2552 ad
2396 2496 2660 2566 ejusmodi
2707 2511 2965 2564 equorum
2999 2508 3192 2549 cursus
3233 2492 3460 2548 clericos
3515 2505 3670 2545 acce-

2097 2588 2243 2642 dere.
2279 2588 2333 2642 Si
2368 2588 2510 2641 euim
2537 2586 2713 2640 omnis
2737 2600 2998 2654 equorum
3032 2597 3260 2646 cursus,
3297 2591 3349 2636 et
3401 2580 3492 2649 qui
3540 2579 3668 2632 olim

2100 2680 2259 2734 ﬁebat
2288 2691 2343 2735 et
2374 2680 2461 2748 qui
2497 2679 2654 2734 hodie
2691 2681 2766 2742 lit,
2792 2687 2870 2731 est
2899 2675 3228 2742 prohibitus,
3266 2684 3323 2726 ut
3375 2671 3530 2726 multi
3592 2672 3672 2724 iu-

2099 2773 2310 2840 quiunt,
2353 2769 2805 2837 quemadmodum
2837 2765 2998 2836 184
3021 2775 3076 2819 et
3121 2762 3429 2832 spectacula
3484 2761 3668 2816 omnia

2099 2877 2154 2920 et
2216 2865 2553 2926 venationes,
2607 2871 2832 2931 cogetur
2853 2861 2977 2930 quis
3001 2861 3204 2921 dicere,
3241 2871 3415 2927 neque
3447 2856 3670 2911 omnino

2104 2958 2208 3010 tale
2235 2956 2360 3023 quid
2397 2971 2630 3022 unquam
2689 2953 2885 3007 debere
2935 2950 3047 3004 ﬁeri
3103 2950 3172 3003 ab
3221 2951 3546 3016 imperatore
3593 2946 3678 3000 vel

2105 3050 2213 3103 ullo
2241 3048 2399 3102 alio:
2453 3060 2696 3100 cessasse
2740 3054 2917 3097 autem
2967 3057 3030 3095 ac
3081 3042 3383 3096 exolevisse
3434 3039 3678 3106 leporum

2106 3157 2226 3196 cum
2256 3139 2478 3194 canibus
2512 3137 2843 3197 venationes,
2877 3149 2943 3186 ne
2981 3133 3121 3197 laici,
3161 3142 3216 3185 ut
3239 3146 3500 3199 equorum
3549 3143 3677 3182 cur-

417 3232 668 3302 δρομίας,
699 3231 795 3284 καὶ
823 3231 1076 3299 Θεωρίας,
1103 3232 1198 3283 καὶ
1221 3232 1449 3300 κυνήγια
1475 3230 1859 3299 ἀσχολούμενοι
1877 3231 1999 3297 ἀφο-

2112 3236 2258 3289 sibus
2286 3244 2338 3288 et
2369 3231 2692 3301 spectaculis
2727 3237 2781 3284 et
2815 3226 3194 3282 venationibus
3243 3233 3495 3277 vacantes
3524 3262 3537 3281 .
3591 3234 3679 3273 se-

422 3325 610 3393 ρισμῷ
659 3323 1033 3387 ύποπέσωσιν,
1090 3323 1226 3390 ὅπερ
1282 3323 1502 3374 ἄτοπον.
1543 3321 1640 3374 Διὰ
1675 3320 1807 3388 γοῦν
1843 3321 2001 3374 τοῦτο

420 3416 698 3486 ὀφείλουσι
725 3416 791 3468 τὰ
820 3416 919 3485 τῆς
957 3414 1340 3485 ἱπποδρομίας,
1378 3415 1470 3466 καὶ
1497 3413 1564 3466 τά
1591 3411 1698 3466 τῶν
1729 3412 1998 3482 θεωρίων,

420 3511 518 3563 καὶ
548 3510 619 3561 τά
653 3509 1069 3576 τῶνκυνηγίων
1100 3509 1178 3567 είς
1219 3505 1312 3560 δύο
1341 3505 1690 3574 διαιρεῖσθαι,
1739 3504 1814 3567 ὡς
1851 3506 2004 3574 εἴρη-

420 3618 539 3654 ταιο
569 3602 650 3663 είς
679 3602 749 3654 τὰ
779 3601 957 3669 πάντη
998 3600 1367 3668 ἀποτρόπαια,
1398 3600 1478 3660 εἱς
1507 3597 1540 3651 ἀ
1571 3598 1646 3666 μὴ
1681 3599 1838 3667 μόνον
1868 3597 2004 3666 κλη-

429 3694 596 3762 ρικοὶ,
631 3692 746 3745 ἀλλ’
778 3693 897 3745 οὐδὲ
946 3692 1126 3744 λαῖκοὶ
1155 3692 1614 3762 παραχωροῦνται
1664 3689 2005 3760 ἀπέρχεσθαι

425 3785 506 3854 τῷ
528 3785 680 3853 φόϐῳ
702 3783 794 3836 τού
831 3781 1160 3852 ἀφορισμοῦ,
1192 3782 1285 3834 καὶ
1315 3782 1395 3842 είς
1427 3780 1496 3831 τὰ
1528 3781 2004 3850 ἐπιτετραμμένα,

429 3874 500 3928 τὰ
530 3875 624 3927 καὶ
658 3875 896 3944 σήμερον
934 3871 1288 3942 ἐνεργοῦντα,
1330 3875 1408 3934 είς
1443 3872 1478 3925 ἀ
1513 3872 1573 3924 ού
1620 3872 1778 3939 μόνον
1801 3872 2004 3936 λαῖκοὶ,

428 3965 568 4019 ἀλλά
604 3966 700 4017 καὶ⁵
750 3965 1005 4035 κληρικοὶ
1056 3963 1547 4034 ἀποκριματίστως
1588 3963 2001 4018 ἀπελεύσονται.

430 4055 557 4110 Ὀτι
598 4057 676 4120 δὲ,
709 4058 897 4124 φασὶν,
929 4056 988 4108 οὐ
1021 4054 1202 4108 πάντα
1240 4055 1307 4108 ea:
1368 4052 1569 4123 Θεώρια
1607 4057 1701 4108 καὶ
1728 4056 1797 4108 τά
1839 4057 2007 4107 ἱππο-

428 4149 633 4219 δρόμια
660 4152 707 4201 οἱ
747 4150 971 4210 κανόνες
1005 4148 1417 4218 ἀπηγόρευσαν,
1442 4147 1576 4200 ἀλλά
1619 4146 1685 4199 τὰ
1713 4147 2008 4216 κινδυνώδη

429 4243 526 4294 καὶ
579 4241 800 4310 αἰσχρὰ,
850 4241 1102 4310 δηλοῦται
1148 4240 1254 4294 ἀπὸ
1291 4238 1382 4292 τοῦ
1435 4241 1514 4304 ξα¹
1551 4240 1776 4299 κανόνος
1815 4240 1914 4307 τῆς
1955 4241 2011 4291 ὲν

429 4335 774 4405 Καρθαγένῃ
802 4335 1043 4396 συνόδου,
1070 4332 1317 4400 λέγοντος
1340 4333 1512 4384 ταῦτα
1541 4331 1747 4400 ῥητῶς·
1776 4333 2013 4383 Κάκείνο

430 4427 490 4480 δὲ
521 4427 746 4495 αἰτῆσαι
792 4427 878 4478 ἴνα
927 4426 997 4478 τὰ
1025 4426 1230 4493 οειῖιρια
1263 4425 1370 4476 τῶν
1401 4423 1708 4490 Οεατρικῶν
1746 4422 2014 4489 παιγνίων

431 4519 494 4569 ὲν
530 4520 648 4577 ταῖς
678 4517 986 4587 Κυριακαῖς
1027 4516 1121 4566 καὶ
1160 4517 1217 4567 ὲν
1236 4516 1354 4574 ταῖς
1372 4513 1584 4575 λοιπαῖς
1625 4515 1876 4582 φαιδραῖς
1910 4513 2010 4582 τῆς

429 4611 542 4663 τῶν
573 4607 921 4678 Χριστιανῶν
963 4610 1197 4668 πίστεως
1230 4606 1466 4674 ἡμέραις
1513 4606 1861 4667 κωλύωνται,
1902 4605 2004 4672 μά-

430 4701 590 4753 λιστα
631 4701 708 4763 δὲ,
737 4701 819 4751 ὅτι
852 4701 908 4750 ὲν
933 4701 995 4767 τῇ
1033 4697 1244 4764 ὀγδοάδι
1274 4696 1366 4747 τοῦ
1393 4696 1547 4762 ἁγίου
1575 4696 1762 4765 Πάσχα
1795 4698 1844 4748 oi
1865 4696 2012 4765 ὄχλοι

438 4793 642 4863 μᾶλλον
680 4793 758 4853 εἰς
797 4793 894 4853 τὰς
927 4788 1295 4858 ἱπποδρομίας
1320 4788 1462 4856 ἥπερ
1487 4789 1564 4849 εἱς
1585 4789 1685 4855 τήν
1713 4788 2013 4857 ἐκκλησίαν

438 4884 824 4952 συνέρχονται.
858 4881 1095 4948 ὀφείλειν
1131 4878 1524 4948 μετενεχθῆναι
1559 4879 1657 4940 τὰς
1696 4879 2015 4950 ὡρισμένας

438 4978 619 5032 αὐτῶν
654 4976 866 5046 ἡμέρας
894 4976 979 5027 ὅτε
1015 4974 1339 5041 ἀπαντήσει·
1368 4972 1461 5023 καὶ
1510 4969 1583 5039 μὴ
1621 4970 1860 5039 ὀφείλειν
1893 4974 2018 5026 τινὰ

438 5071 548 5122 τῶν
573 5070 921 5136 Χριστιανῶν
944 5068 1022 5129 εἱς
1047 5067 1111 5118 τὰ
1155 5064 1355 5133 Θεώρια
1380 5062 1552 5114 ταῦτα
1584 5064 2013 5131 ἀναγκάζεσθαι.

443 5163 670 5225 Πάντως
703 5163 812 5232 γὰρ
846 5162 894 5213 εἱ
919 5160 1067 5229 παρά
1096 5159 1204 5212 τῶν
1240 5157 1482 5211 κανόνων
1507 5158 1654 5209 πᾶσα
1683 5157 2018 5229 ἱπποδρομία

2108 3323 2807 3398 gregationisubiiciantur,
2841 3320 2983 3389 quod
3036 3328 3121 3371 est
3168 3315 3483 3370 absurdum.
3537 3313 3683 3379 Quo-

2107 3420 2252 3475 circa
2295 3418 2491 3472 debent
2525 3424 2579 3468 et
2608 3429 2871 3484 equorum
2905 3409 3172 3465 curricula
3207 3417 3261 3462 et
3293 3405 3594 3474 spectacula
3627 3413 3681 3458 et

2108 3509 2424 3564 venationes
2465 3507 2518 3560 in
2555 3506 2660 3560 duo
2698 3503 2885 3568 dividi,
2923 3512 2977 3554 ut
3005 3501 3208 3555 dictum
3245 3506 3362 3552 est:
3392 3497 3442 3549 in
3474 3511 3534 3548 ea
3560 3509 3680 3562 qum

2110 3610 2234 3656 sunt
2267 3601 2490 3654 omnino
2519 3597 2813 3652 aversanda
2850 3605 2904 3649 et
2934 3592 3179 3654 fugienda
3201 3631 3216 3655 ,
3247 3599 3300 3644 ct
3336 3589 3400 3642 ad
3425 3603 3546 3656 quae
3577 3600 3681 3640 nou

2110 3695 2281 3749 solum
2321 3691 2552 3752 clericis,
2589 3689 2681 3742 sed
2712 3700 2882 3755 neque
2913 3685 3062 3738 laicis
3094 3682 3350 3737 accedere
3404 3679 3685 3749 permitte-

2112 3799 2218 3852 tur,
2251 3800 2392 3840 metu
2411 3780 3016 3840 excommunicatiouis;
3044 3787 3098 3831 et
3123 3777 3173 3830 iu
3198 3791 3258 3830 ea
3283 3789 3402 3844 quae
3422 3771 3683 3841 permissa

2111 3885 2258 3940 sunt,
2290 3888 2407 3941 (ιιιαι
2444 3881 2568 3926 sttnt
2600 3870 2758 3922 hodie
2806 3868 2858 3921 in
2891 3882 3020 3929 usu,
3061 3865 3126 3919 ad
3178 3879 3294 3933 quae
3349 3878 3455 3918 non
3511 3861 3680 3915 solum

2113 3966 2259 4028 laici,
2297 3965 2389 4018 sed
2429 3972 2482 4016 ct
2506 3959 2691 4017 clerici
2721 3958 2857 4012 citra
2905 3957 3071 4010 ullum
3111 3953 3485 4025 praeiudicium
3534 3964 3686 4005 acce-

2115 4061 2259 4112 dent.
2291 4057 2440 4120 Quod
2484 4065 2684 4115 autem,
2719 4050 2989 4117 inquiunt,
3028 4065 3131 4102 non
3160 4047 3344 4102 omnia
3377 4044 3684 4115 spectacula

2114 4162 2483 4219 equorumque
2514 4142 2784 4197 curricula
2837 4154 3076 4195 canones
3123 4138 3557 4206 prohibuerunt,
3590 4134 3685 4188 sed

2115 4257 2177 4297 ea
2205 4243 2414 4294 demum
2453 4254 2570 4304 quae
2606 4245 2731 4290 sunt
2756 4232 3059 4304 periculosa
3119 4247 3182 4284 ac
3216 4231 3389 4296 turpia
3420 4265 3436 4289 ,
3495 4240 3560 4279 ex
3617 4224 3678 4277 6i

2115 4331 2556 4404 Carthaginensis
2586 4328 2775 4398 synodi
2803 4340 3009 4380 canone
3035 4330 3216 4391 aperte
3247 4319 3571 4382 ostenditur,
3598 4317 3688 4384 qui

2118 4429 2229 4480 haec
2254 4439 2503 4492 expresse
2534 4423 2702 4476 dicit:
2741 4419 2908 4472 Porro
2966 4426 3018 4472 et
3057 4414 3180 4469 illud
3219 4424 3421 4482 petere,
3453 4419 3508 4462 ιιι
3540 4410 3692 4461 thea-

2119 4519 2376 4570 tricorum
2405 4514 2654 4566 ludorum
2709 4507 3016 4578 spectacula
3070 4507 3122 4558 iu
3188 4501 3484 4555 Dominicis
3529 4507 3585 4553 et
3635 4498 3687 4550 iu

2118 4609 2337 4678 reliquis
2369 4605 2796 4659 Christianorum
2839 4600 2962 4652 lidei
3007 4597 3158 4651 festis
3190 4595 3378 4649 diebus
3423 4593 3535 4645 fieri
3574 4605 3695 4660 pro-

2120 4702 2443 4761 hibeantur;
2482 4697 2714 4748 maxime
2741 4692 2995 4761 quoniam
3026 4691 3079 4741 in
3112 4699 3300 4742 octava
3366 4684 3538 4739 saneti
3594 4681 3695 4734 Pa-

2118 4793 2321 4848 schalis
2355 4789 2582 4859 populus
2614 4787 2678 4839 ad
2713 4798 2977 4853 equorum
3007 4779 3273 4835 curricula
3327 4777 3502 4846 pctius
3531 4789 3690 4843 (luam

2120 4887 2186 4939 ad
2239 4883 2499 4938 ecclesias
2547 4877 2829 4940 convenit;
2880 4885 2934 4928 et
2997 4883 3057 4926 ιιι
3120 4871 3350 4925 debeant
3406 4866 3694 4938 prmstituti

2121 4992 2307 5032 eorum
2360 4974 2475 5026 dies
2533 4969 2809 5024 transferri
2841 5007 2855 5032 ,
2918 4964 3131 5033 quando
3185 4961 3521 5018 occurrerint
3553 4975 3567 5012 :
3598 4972 3694 5009 nec

2125 5073 2283 5124 debet
2311 5069 2453 5120 ullus
2483 5062 2826 5118 Christianus
2859 5059 2973 5126 cogi
3003 5059 3067 5110 ad
3094 5057 3206 5110 haec
3262 5054 3592 5123 BpCClaCHia.
3629 5049 3684 5105 Si

2124 5163 2269 5215 enim
2317 5171 2578 5227 equorqu
2620 5166 2810 5207 cursus
2863 5159 3009 5205 esset
3043 5164 3071 5201 a
3121 5147 3422 5202 canonibus
3477 5144 3697 5200 omnino

1667 5302 1863 5364 Guill.
1907 5301 2237 5381 Beveregii
2279 5306 2465 5361 notas.

520 5457 634 5526 (88)
669 5458 1040 5510 Ἀκό.2αστον
1066 5454 1132 5507 δὲ
1163 5453 1258 5506 καί
1305 5453 1392 5526 τό.
1447 5451 1503 5526 l_n
1560 5451 1801 5505 editione
1872 5451 2026 5526 Pari-

453 5521 626 5584 siensi
688 5529 952 5589 particula
1015 5526 1260 5589 negativa
1334 5523 1419 5576 hic
1469 5523 1856 5590 interponitur.
1934 5521 2027 5575 Sic

457 5600 603 5650 enim
638 5599 710 5649 ibi
749 5597 900 5650 locus
949 5597 1039 5648 hic
1093 5596 1310 5660 legitur,
1341 5591 1642 5644 ἀκόλαστον
1671 5592 1715 5643 δ’
1746 5593 1806 5643 ού
1839 5594 1933 5644 καὶ
1965 5593 2024 5644 τὸ

458 5671 537 5729 είς
587 5667 844 5727 τοιαύτας
890 5664 1250 5734 ἱπποδρομίας
1312 5662 1607 5734 κληρικοὺς
1664 5663 2022 5734 ἀπέρχεσθαι.

458 5736 766 5791 Gt-ntianus
799 5731 1072 5789 Hervetns
1100 5731 1264 5787 etiam
1304 5734 1355 5784 in
1385 5731 1598 5784 Ttliano
1645 5749 1746 5783 ms.
1778 5731 1787 5733 “
1814 5735 1885 5784 ita
1945 5732 2021 5785 le-

459 5811 604 5874 gisse
626 5805 863 5862 videtur.
896 5804 1076 5859 Vertit
1101 5804 1268 5864 enim,
1306 5801 1424 5856 Non
1449 5810 1525 5854 est
1558 5811 1734 5874 autent
1767 5804 2021 5874 intempe-

460 5871 648 5930 rantiw
671 5876 738 5928 ad
763 5877 1022 5944 ejusmodi
1050 5889 1299 5944 equorum
1327 5889 1508 5926 rursus
1533 5871 1733 5925 clericis
1759 5871 2021 5926 accedere.
2062 5930 2067 5938 ,

2130 5449 2329 5503 Verum
2349 5460 2456 5499 non
2478 5443 2652 5494 solum
2670 5441 2723 5495 in
2747 5457 2848 5496 ms.
2873 5448 3063 5494 nostro
3083 5438 3398 5501 Bodleiano,
3419 5435 3514 5492 sed
3529 5433 3694 5487 etiam

2130 5520 2184 5572 iu
2214 5513 2646 5571 Amerbachiano
2681 5523 2733 5566 et
2767 5511 3100 5572 ιΕιοιιίιιιιεὶ,
3134 5510 3394 5577 particula
3427 5510 3527 5560 ista
3566 5514 3694 5556 tan-

2127 5603 2292 5658 quam
2330 5583 2604 5658 supcrllua
2643 5584 2942 5658 rejicitur;
2978 5596 3154 5658 neque
3183 5581 3328 5658 enim
3361 5579 3512 5631 locus
3579 5589 3637 5658 ca
3686 5593 3692 5620 :

2126 5645 2413 5716 admittat;
2438 5654 2577 5721 quod
2623 5645 2832 5706 dicitur
2864 5645 3136 5704 laudabile.
3164 5649 3378 5721 quidem
3415 5645 3700 5721 0559.1"!-

2123 5727 2361 5796 jusutodi
2390 5714 2534 5776 ludis
2568 5739 2676 5796 non
2723 5721 2982 5796 delectari
3021 5739 3032 5774 :
3088 5714 3192 5796 sed
3248 5730 3435 5796 tamen
3498 5714 3697 5766 ἀκόλα-

2126 5786 2250 5851 στον
2284 5797 2494 5864 impune
2549 5794 2716 5850 etiam
2768 5795 2990 5849 clericis
3029 5791 3153 5856 erit,
3215 5789 3260 5844 si
3317 5786 3383 5841 ad
3414 5800 3508 5840 eos
3538 5797 3704 5837 accc-

2123 5871 2274 5924 dant.
