3984 6474
314 410 317 413 ·
406 389 507 456 50)

1658 395 1931 458 THEOD.
1979 392 2381 457 BALSAMON

3544 398 3640 465 6'30

486 528 507 563 ι
550 510 632 563 nis
661 510 975 580 impertitio.
1004 510 1107 578 Qui
1146 512 1395 567 autemid
1429 528 1531 569 non
1567 513 1728 569 habet
1762 524 1982 583 propter

2164 531 2184 561 ‹
2231 514 2397 566 ἐστιν.
2432 512 2489 565 ’0
2511 510 2567 565 δὲ
2584 507 2744 566 τοῦτο
2765 510 2841 582 μὴ
2866 510 3005 581 ἔχων
3020 509 3107 563 διὰ
3130 509 3189 564 τδ
3217 510 3282 564 ἐκ
3308 507 3405 580 τῆς
3432 509 3648 579 ἀγνοίας

484 617 506 653 ι
544 602 798 655 delictum
842 619 905 657 ex
936 604 1263 674 ignorantia,
1287 605 1561 674 quomodo
1590 605 1741 659 alteri
1776 606 1825 658 id
1877 606 1981 659 im-

487 706 506 741 ι
545 692 738 759 pertiet
763 691 785 743 ί
815 692 977 764 186
1011 692 1116 746 Nec
1151 707 1281 763 ergo
1316 695 1527 763 publice
1584 710 1682 750 nec
1727 696 1976 764 privatim

487 799 508 833 ι
550 782 851 848 benedicat,
888 799 987 839 nec
1020 784 1232 842 Domini
1258 801 1456 854 corpus
1499 787 1621 842 aliis
1670 787 1983 850 distribuat,

488 894 508 926 ι
545 890 640 930 nec
666 875 884 945 aliquod
912 877 1056 933 aliud
1082 879 1436 934 ministerium
1479 879 1659 945 obeat,
1688 880 1782 935 sed
1806 881 1976 948 prima

489 986 506 1019 ι
545 968 670 1022 sede
694 978 980 1025 contentus
1006 969 1233 1025 Domino
1273 970 1486 1036 deﬂeat,
1520 980 1579 1025 ut
1618 972 1693 1026 illi
1726 988 1790 1026 ex
1824 973 1978 1040 igno-

488 1079 507 1110 ι
542 1062 716 1113 rantia
750 1070 1026 1129 peccatum
1073 1064 1402 1117 remittatur.
1455 1062 1794 1118 Manifestum
1833 1066 1975 1117 enim

489 1173 509 1203 ι
548 1163 652 1218 est,
686 1156 828 1224 quod
882 1156 1146 1210 nefarium
1182 1155 1486 1210 istiusmodi
1520 1156 1828 1225 coniugium
1872 1158 1984 1211 tlis-o

489 1265 508 1297 ι
546 1247 805 1311 solvetur,
840 1261 939 1301 nec
968 1249 1051 1301 vir
1079 1262 1199 1302 cum
1226 1261 1287 1300 ea
1314 1247 1423 1301 ullo
1478 1248 1636 1302 modo
1686 1258 1980 1303 consuetu-

489 1358 507 1388 ι
545 1339 721 1391 dinem
747 1339 989 1406 habebit,
1022 1354 1118 1410 per
1154 1355 1314 1410 quam
1336 1355 1488 1396 sacra
1519 1342 1835 1410 operatione
1868 1341 1985 1411 pri-

484 1448 501 1479 ι
540 1440 693 1483 vatus
721 1440 822 1484 est.
881 1449 899 1480 ι

482 1520 675 1575 BALS.
711 1524 956 1577 Cauoues
985 1522 1291 1579 Ncoczesar.
1333 1540 1452 1595 syn.
1484 1532 1612 1581 ante
1656 1537 1983 1593 praesentem

2159 623 2176 653 ι
2228 605 2585 674 παράπτωμα
2621 605 2739 667 πῶς
2785 603 2963 674 ἑτέρῳ
2998 602 3448 672 perﬁdiosum
3474 603 3647 657 τοίνυν

2164 718 2179 745 ι
2231 697 2470 768 δημοσίᾳ
2497 697 2632 765 μήτε
2658 696 2763 767 ἰδίᾳ
2790 696 3102 763 εὐλογείτω,
3128 696 3264 765 μήτε
3286 695 3347 748 τὸ
3373 695 3529 763 σῶμα
3556 696 3649 749 τοῦ

2160 807 2178 838 ο
2227 789 2429 859 Κυρίου
2466 789 2773 857 διανεμέτω
2802 787 3033 856 ἑτέροις,
3078 786 3216 856 μήτε
3274 803 3327 838 τι
3387 787 3514 840 άλλο
3536 792 3644 841 λει-

2158 902 2173 929 σ
2226 881 2523 951 τουργείτω
2541 899 2555 913 ο
2582 880 2698 935 ἀλλ’
2728 880 3068 951 ἀρκούμενος
3093 882 3163 950 τῇ
3198 877 3465 949 προεδρίᾳ
3486 895 3646 948 προσ.

2160 994 2178 1024 ι
2225 974 2457 1028 κλαιέτω
2502 975 2580 1045 τῷ
2610 975 2800 1053 Κυρίῳ
2847 973 3271 1044 συγχωρηθῆναι
3310 971 3456 1041 αὐτῷ
3484 972 3544 1024 τὸ
3586 974 3648 1026 ὲκ

2157 1085 2179 1116 ι
2222 1067 2318 1136 τῆς
2339 1066 2561 1134 ἀγνοίας
2588 1066 2869 1135 ἀνόμημα.
2899 1064 3169 1136 Πρόδηλον
3197 1064 3308 1134 γάρ
3332 1063 3406 1124 ὡς
3429 1064 3456 1115 6
3480 1064 3651 1116 10:06-

2158 1178 2174 1209 ι
2224 1176 2313 1221 τος
2342 1158 2581 1226 ἇθεσμος
2611 1159 2790 1228 γάμος
2813 1155 3219 1226 διαλυθήσεται,
3273 1155 3368 1207 καὶ
3396 1154 3643 1224 οὐδαμῶς

2157 1268 2177 1299 ι
2223 1253 2247 1301 ὁ
2278 1250 2417 1319 ἀνὴρ
2460 1250 2754 1319 μετουσίαν
2797 1249 2910 1303 ἕξει
2959 1250 3095 1318 πρὸς
3142 1249 3263 1321 τὴν,
3317 1248 3389 1302 δι’
3441 1251 3508 1321 ἢν
3554 1252 3651 1319 τῆς

2155 1356 2173 1389 ι
2224 1338 2374 1409 ἱερᾶς
2404 1340 2687 1409 ἐνεργείας
2718 1340 3026 1411 ἐστέρηται.
3072 1359 3092 1392 ι

2152 1520 2351 1573 ΒΑΔΣ.
2389 1518 2455 1575 Οἱ
2488 1521 2714 1585 κανόνες
2741 1520 2838 1591 τῆς
2882 1523 2939 1575 έν
2986 1524 3392 1596 Νεοκαισαρεία
3440 1526 3659 1580 συνόδου

412 1616 674 1679 synodum
708 1617 893 1684 scripti
930 1629 1078 1672 sunt.
1103 1616 1396 1687 Propterea
1446 1618 1589 1673 enim
1633 1628 1689 1674 et
1741 1633 1981 1689 prteseus

2092 1612 2188 1681 πρὸ
2210 1613 2307 1682 τῆς
2335 1610 2619 1686 παρούσης
2641 1615 2863 1670 συνόδου
2886 1616 3224 1688 ἐγράφησαν.
3252 1617 3480 1690 Διάιγάρ
3504 1620 3651 1674 τοῦτο

413 1720 584 1758 eatton
622 1706 832 1761 illorum
868 1708 1274 1775 compositionis
1315 1710 1580 1772 meminit,
1617 1709 1806 1765 dicens
1838 1724 1980 1765 nono

2092 1706 2179 1758 καὶ
2225 1705 2499 1776 μέμνηται
2530 1708 2558 1759 6
2589 1707 2784 1778 παρὼν
2830 1710 3014 1763 κανὼν
3055 1711 3157 1780 τῆς
3205 1711 3487 1784 συνθήκης
3514 1713 3649 1766 ὲκεί-

412 1797 552 1850 illins
582 1800 770 1867 synodi
804 1799 999 1853 canoni
1029 1809 1443 1870 consequenter,
1504 1816 1609 1855 non
1668 1800 1831 1857 licere
1880 1802 1930 1857 ei
1961 1843 1977 1868 ,

2092 1814 2205 1862 νων,
2247 1797 2420 1867 λέγων
2467 1800 2779 1865 ἀκολούθως
2808 1802 2886 1871 τῷ
2939 1800 2982 1855 θ’
3033 1803 3227 1857 κανόνι
3282 1804 3383 1875 τῆς
3433 1804 3653 1859 συνόδου

410 1889 500 1956 qui
540 1904 638 1957 per
669 1889 1025 1957 ignorantiam
1057 1906 1169 1945 sum
1195 1903 1435 1948 coenam
1492 1892 1729 1962 legitime
1750 1894 1979 1965 conjun-

2092 1889 2303 1957 ἐκείνης
2323 1892 2397 1962 μὴ
2424 1892 2571 1963 ἔχειν
2594 1893 2680 1946 ἐπ’
2706 1893 2891 1958 ἀδείας
2908 1892 2999 1947 τὸν
3022 1892 3078 1947 έν
3104 1895 3303 1965 ἀγνοίᾳ
3328 1897 3467 1965 μετά
3489 1913 3652 1967 προσο

410 1992 531 2036 ctus
562 1989 665 2047 est,
688 1991 740 2037 et
774 1986 1035 2040 sacerdos
1061 1994 1242 2055 postea
1273 1985 1443 2041 factus
1468 2024 1483 2053 ,
1511 1985 1849 2066 oli‘erre,‘vel
1882 1987 1980 2040 ali-

2092 1981 2274 2049 γενοῦς
2313 1983 2479 2036 αὐτοῦ
2527 1985 2778 2055 νομίμως
2803 1986 3173 2054 συναφθέντα,
3198 1989 3300 2040 καὶ
3325 1988 3461 2057 μετά
3482 1988 3654 2054 τοῦτο,

410 2074 537 2139 quid
565 2075 708 2129 aliud
742 2077 1078 2132 sacerdotale
1114 2091 1398 2145 exercere;
1433 2080 1535 2135 sed
1579 2080 1691 2134 sola
1724 2066 1979 2136 eathedra

2092 2068 2399 2145 ίτρωθέντα,
2425 2076 2777 2148 προσφέρειν,
2804 2078 2836 2149 ἦ
2866 2076 2995 2132 ἄλλο
3016 2095 3065 2130 τι
3093 2078 3372 2147 ἱερατικὸν
3391 2080 3649 2149 ἐνεργεῖν

409 2168 629 2235 dignum
658 2170 891 2234 censeri,
919 2172 1174 2239 quoniam
1208 2186 1314 2227 nou
1351 2187 1417 2228 ex
1440 2172 1668 2228 scientia
1700 2213 1715 2239 ,
1753 2174 1846 2229 sed
1881 2188 1980 2243 per

2092 2168 2254 2238 μόνης
2282 2169 2339 2221 δὲ
2390 2169 2657 2240 καθέδρας
2688 2170 2969 2235 ἀξιοῦσθαι
3015 2169 3106 2225 διὰ
3132 2171 3305 2243 τὸμὴ
3332 2171 3401 2227 -ὲν
3420 2172 3654 2244 ἐἰδήσει,

410 2262 772 2328 ignorantiam
806 2264 1067 2331 peccavit.
1112 2263 1279 2319 Porro
1313 2273 1368 2318 et
1414 2266 1669 2320 cathedra
1721 2274 1848 2321 tunc
1894 2267 1981 2321 di-

2092 2260 2198 2313 Ξιλλ’
2223 2263 2279 2313 ὲν
2300 2261 2494 2331 ἀγνοίᾳ
2522 2262 2863 2332 ἀμαρτῆσαι.
2892 2263 3001 2317 Καὶ
3025 2263 3122 2333 τῆς
3148 2263 3424 2334 καθέδρας
3454 2264 3508 2317 δὲ
3536 2265 3655 2319 τότε

411 2364 544 2415 anus
569 2352 866 2419 potabitur,
889 2354 1106 2421 quando
1126 2355 1194 2408 ab
1221 2354 1409 2410 illicito
1431 2356 1680 2425 coniugio
1705 2357 1982 2425 seiunctus

2092 2352 2474 2421 ἀξιωθήσεται,
2506 2353 2594 2405 ὅτε
2622 2352 2716 2406 τοῦ
2750 2353 2990 2423 ἀθέσμου
3042 2353 3389 2407 συνοικεσίου
3418 2356 3648 2425 ἀποστῇ,

409 2442 593 2503 fuerit,
630 2449 685 2497 et
714 2443 1043 2510 poenitentiae
1067 2459 1230 2514 opera
1259 2447 1555 2502 ostenderit
1582 2486 1598 2511 ,
1623 2463 1742 2517 qua:
1792 2450 1983 2505 suade-

410 2531 544 2585 hunt
578 2542 638 2587 ut
673 2533 855 2588 mitius
881 2549 1001 2588 cum
1035 2549 1099 2589 eo
1134 2546 1349 2607 agatur.
1394 2537 1450 2593 Si
1496 2540 1638 2594 enim
1681 2541 1749 2596 ab
1798 2542 1982 2599 illicito

412 2626 666 2695 coniugio
696 2643 802 2682 non
831 2638 1134 2697 separatur,
1167 2635 1463 2700 ignorantia
1495 2636 1631 2690 nihii
1654 2638 1700 2689 ei
1722 2639 1978 2708 proderit;

410 2720 505 2773 sed
535 2735 563 2773 a
596 2720 945 2791 magistratus
981 2733 1245 2793 potestate
1273 2736 1329 2782 et
1388 2730 1788 2785 matrimonium
1822 2733 1981 2788 illici—

411 2824 523 2866 tum
554 2815 899 2872 dissolvetur.
933 2816 1056 2874 Haec
1088 2800 1275 2875 autem
1301 2835 1364 2874 ex
1397 2837 1467 2877 eo
1498 2832 1796 2892 apparent,
1838 2827 1981 2895 quod

411 2906 543 2960 dicit
572 2921 779 2963 canon:
804 2908 908 2964 Sed
942 2912 1110 2978 prima
1133 2914 1259 2967 sede
1288 2922 1595 2981 contentus,
1630 2917 1855 2973 Domino
1883 2919 1981 2975 de-

407 2994 569 3061 ﬂeat;
600 3007 656 3052 et
679 3013 743 3051 ex
767 3015 831 3053 eo
858 3001 1000 3070 qtmd
1029 3002 1197 3057 dicit:
1233 3002 1440 3073 Nuptiae
1471 3016 1649 3063 autem
1680 3009 1980 3068 dissolven-

412 3101 520 3142 tnr.
556 3088 721 3145 Porro
745 3100 799 3145 et
830 3106 1004 3148 nonus
1038 3108 1211 3150 canon
1243 3096 1545 3154 Neocaesar.
1582 3116 1724 3172 syn.,
1762 3112 1981 3173 propter

411 3180 559 3235 aliud
591 3183 704 3249 eius
744 3184 833 3253 qui
862 3185 1139 3254 depositus
1169 3198 1251 3243 est
1288 3191 1547 3256 studium,
1582 3208 1702 3249 eum
1740 3196 1792 3249 in
1860 3197 1983 3251 reli-
2009 3174 2056 3238 α

410 3274 532 3336 quis
557 3288 767 3342 quoque
817 3290 1033 3331 manere
1080 3277 1254 3347 jubet.
1312 3279 1505 3345 Ουτοι-ε
1557 3292 1611 3336 et
1664 3285 1981 3341 vicesimum

411 3365 699 3431 septimum
758 3381 1022 3421 canonem
1085 3370 1257 3424 Sancti
1321 3370 1531 3439 Basilii,
1561 3385 1614 3428 et
1665 3377 1981 3433 vicesimum

410 3458 645 3524 primum
688 3460 970 3524 przcsentis
994 3461 1207 3532 synodi.
1244 3460 1537 3532 Postquam
1566 3475 1745 3521 autem
1790 3472 1985 3524 matri-

417 3549 656 3603 monium
725 3550 972 3605 illicitum
1035 3568 1100 3606 ex
1156 3552 1348 3607 eli'ectu
1401 3547 1709 3624 appa'ruerit
1770 3570 1985 3629 propter

410 3641 808 3709 cognationem,
838 3640 884 3696 is
912 3643 1002 3711 qui
1040 3652 1329 3713 postquam
1376 3648 1655 3703 resciverit
1686 3652 1739 3703 ln
1762 3663 1983 3716 peccato

411 3743 715 3801 permanet,
749 3750 850 3788 non
875 3732 1047 3789 solum
1087 3736 1341 3790 cathedra
1368 3737 1561 3807 dignus
1617 3754 1725 3794 non
1767 3751 1987 3811 reputa-

414 3823 579 3888 bitur,
621 3823 714 3877 sed
754 3823 921 3877 etiam
968 3831 1222 3892 tanquam
1279 3826 1519 3883 incestus
1553 3844 1675 3885 reus
1710 3832 1983 3901 punietur,

415 3931 517 3968 non
551 3930 707 3970 secus
730 3932 792 3969 ac
814 3915 957 3970 laici.
997 3916 1302 3972 Dieitenim
1339 3918 1473 3974 liber
1510 3937 1601 3986 ιτ,
1629 3923 1711 3978 tit.
1747 3924 1817 3979 57
1849 3965 1864 3990 ,
1925 3940 1977 3980 c.

411 4009 502 4075 6|,
531 4011 676 4064 decr.
712 4010 744 4064 6
780 4028 793 4064 :
835 4009 1036 4066 Illicitae
1081 4016 1278 4081 nuptiae
1323 4030 1430 4070 non
1474 4016 1982 4085 conlirmantur,'et

411 4115 715 4175 propterea,
738 4107 780 4159 si
811 4115 935 4160 ante
963 4108 1355 4164 accusationem
1381 4110 1568 4167 soluta:
1583 4112 1802 4179 fuerint,
1824 4130 1982 4183 paena

414 4198 729 4252 remittitur.
778 4196 843 4252 Et
885 4199 1088 4255 decret.
1146 4201 1215 4255 7:
1268 4201 1324 4256 In
1381 4203 1570 4260 illicito
1610 4206 1977 4274 matrimonio,

410 4284 551 4351 quad
580 4298 673 4351 per
712 4284 1067 4354 ignorantiam
1099 4300 1436 4347 contractum
1481 4301 1585 4355 est,
1622 4296 1713 4349 dat
1769 4296 1980 4352 veniam

413 4384 602 4429 natura
637 4386 690 4430 et
719 4386 850 4431 aetas
871 4387 923 4432 et
950 4381 1151 4448 peccati
1181 4383 1445 4436 correctio
1473 4400 1489 4438 :
1549 4392 1605 4438 et
1651 4387 1884 4443 maxime
1932 4390 1979 4445 si

411 4465 536 4532 quis
571 4469 809 4522 nondum
847 4470 1021 4539 ipsum
1056 4484 1432 4529 accusaverat.

482 4555 732 4613 LOKVAR.
767 4558 868 4624 Qui
904 4560 955 4614 in
986 4575 1184 4631 corpus
1210 4578 1364 4618 suum
1392 4566 1717 4633 peccaverit,
1752 4583 1817 4623 ac
1875 4585 1970 4625 or-

410 4646 625 4701 dinibus
656 4658 840 4716 postea
870 4650 1152 4720 insignitus
1204 4652 1401 4719 fuerit,
1457 4656 1601 4727 quod
1643 4673 1711 4713 ne
1748 4659 1935 4715 olTerat
1960 4699 1977 4728 ,

412 4739 552 4790 inter
586 4739 818 4808 reliquos
858 4751 1077 4811 propter
1104 4743 1246 4799 aliud
1282 4745 1516 4800 Studium
1553 4764 1800 4816 manens,
1838 4753 1978 4807 Neo.

410 4832 745 4887 emsariensis
772 4836 958 4903 synodi
990 4850 1131 4889 nono
1160 4852 1365 4894 canone
1401 4842 1750 4896 consﬁtutum
1787 4854 1883 4899 est.
1915 4846 1979 4901 Et

412 4938 642 4987 magnus
676 4924 909 5004 Basilius
939 4926 1007 4979 27
1042 4943 1188 4995 cam,
1221 4929 1371 4996 cujus
1410 4932 1497 4987 hic
1542 4947 1757 5004 quoque
1793 4939 1980 4992 memi-

412 5015 511 5078 nit,
545 5016 632 5083 qui
668 5030 727 5071 se
748 4997 937 5072 .vetitis
984 5020 1184 5087 nuptiis
1245 5021 1448 5077 inscius
1502 5023 1826 5094 illigaverit,
1868 5021 1980 5084 solo

410 5106 683 5162 cathedra:
712 5111 915 5166 honore
938 5125 1223 5179 concesso,
1254 5131 1281 5168 a
1320 5116 1539 5185 reliquis
1560 5130 1833 5173 sacrorum
1865 5137 1982 5175 mu-

2082 2446 2179 2498 καὶ⁵
2210 2444 2362 2515 δείξῃ
2406 2444 2542 2514 ἔργα
2575 2443 2894 2513 μετανοίας,
2939 2445 3367 2515 παρακαλοῦντα
3407 2445 3651 2513 γενέσθαι

2086 2537 2540 2607 συμπαθέστερόν
2572 2556 2625 2591 τι
2658 2538 2749 2591 ἐπὶ
2780 2538 2950 2609 αὐτῷ.
2976 2537 3040 2593 El
3066 2539 3175 2610 γὰρ
3202 2538 3391 2609 ἔχεται
3421 2539 3514 2592 τοῦ
3535 2538 3653 2592 ἀθέ-

2086 2649 2224 2702 σμου
2247 2633 2427 2701 γάμου
2452 2630 2591 2703 (90),
2610 2632 2696 2685 διά
2721 2632 2820 2701 τὴν
2846 2634 3068 2700 ἄγνοιαν
3088 2632 3188 2686 οὐκ
3215 2633 3645 2704 ὠφεληθήσεται,

2083 2725 2199 2778 ἀλλ’
2222 2724 2327 2777 ύπδ
2368 2724 2699 2794 ἀρχοντικῆς
2728 2725 2977 2790 ἐξουσίας
3010 2726 3105 2779 καὶ
3138 2727 3164 2779 6
3202 2724 3450 2795 άθεσμος
3480 2728 3652 2796 γάμος

2083 2817 2372 2888 λυθήσεται
2411 2818 2543 2888 (91).
2579 2815 2764 2870 Ταῦτα
2804 2816 2860 2869 δὲ
2905 2818 3263 2886 ἀναφαίνεται
3298 2819 3404 2872 ἀπὸ
3444 2818 3535 2872 τοῦ
3567 2818 3646 2872 λέ-

2082 2924 2201 2976 γειν
2218 2909 2306 2961 τὸν
2330 2908 2553 2962 κανόνα·
2576 2906 2717 2960 Ἀλλ’
2741 2908 3077 2978 ἀρκούμενος
3099 2911 3162 2980 τῇ
3187 2910 3472 2982 προεδρίᾳ,
3495 2927 3650 2980 προσ·

2084 2997 2315 3051 κλαιέτω
2352 2997 2428 3067 τῷ
2469 2997 2655 3068 Κυρίῳ
2685 3016 2699 3029 ·
2736 3000 2824 3053 καὶ
2857 2997 2965 3052 ἀπὸ
2994 2998 3088 3051 τοῦ
3139 3001 3342 3054 είτιείν⁹
3392 2999 3459 3056 ’0
3475 2999 3531 3053 δὲ
3556 3000 3648 3068 γά-

2088 3106 2189 3159 μος
2245 3090 2640 3162 διαλυθήσεται.
2680 3092 2834 3144 Καὶό
2866 3087 2910 3144 θ’
2959 3090 3016 3143 δὲ
3051 3090 3231 3144 κανὼν
3281 3091 3383 3161 τῆς
3422 3093 3480 3145 ἐν
3518 3091 3647 3144 Νεο-

2090 3181 2382 3252 καισαρείᾳ
2408 3183 2650 3251 συνόδου,
2683 3182 2768 3236 διὰ
2795 3184 2894 3252 τὴν
2923 3182 3090 3254 ἀλλην
3123 3184 3368 3254 σπουδὴν
3398 3183 3649 3253 καθαιρε-

2087 3271 2266 3335 θέντος
2301 3273 2435 3341 (92),
2485 3274 2665 3342 μένειν
2713 3273 2878 3325 αὐτὸν
2919 3274 2978 3326 ὲν
3012 3275 3125 3336 τοῖς
3172 3272 3387 3336 λοιποῖς
3416 3288 3654 3342 παρακεο
3735 3315 3741 3321 .

2085 3364 2326 3419 λεύεται.
2363 3367 2523 3431 Ζήτει
2549 3365 2643 3418 καὶ
2676 3365 2767 3418 τὸν
2801 3362 2883 3430 κζ’
2944 3366 3145 3420 κανόνα
3177 3364 3277 3418 τοῦ
3318 3365 3470 3433 ἁγίου
3496 3364 3649 3418 Βασι-

2084 3457 2252 3523 λείου,
2281 3457 2376 3510 καὶ
2402 3457 2492 3509 τὸν
2522 3456 2609 3510 κα¹
2646 3458 2746 3525 τῆς
2772 3456 3055 3528 παρούσης
3075 3457 3323 3511 συνόδου.
3348 3455 3452 3511 Τοῦ
3476 3456 3647 3525 γάμου

2083 3550 2141 3603 δὲ
2177 3550 2284 3602 ἀπὸ
2332 3550 2663 3616 τελέσματος
2698 3547 2941 3616 ἀθέσμου
2994 3549 3375 3618 ἀναφανέντος
3419 3549 3507 3602 δια
3551 3547 3648 3617 τὴν

2088 3639 2428 3706 συγγένειαν,
2463 3640 2491 3690 6
2524 3639 2660 3707 μετά
2696 3637 2901 3707 εἴδησιν
2934 3639 3212 3707 ἐπιμένων
3232 3640 3303 3709 τῇ
3328 3638 3571 3709 ἁμαρτίᾳ
3591 3634 3648 3689 ού

2089 3731 2250 3803 μόνον
2281 3730 2550 3799 καθέδρας
2572 3730 2670 3782 οὐκ
2698 3728 3091 3799 ἀξιωθήσεται,
3118 3730 3257 3783 ἀλλά
3289 3730 3384 3783 καὶ
3406 3728 3481 3791 ὡς
3502 3729 3649 3796 αἱμο.

2089 3824 2286 3894 μίκτης
2318 3822 2764 3893 τιμωρηθήσεται
2800 3821 2942 3875 κατὰ
2976 3821 3216 3885 λαῖκούς.
3260 3822 3402 3891 Φησὶ
3440 3821 3547 3891 γάρ
3571 3819 3648 3889 βι-

2085 3918 2231 3971 ϐλίον
2265 3915 2307 3984 ξ’
2351 3915 2515 3986 τίτλῳ
2552 3913 2651 3979 λζ’,
2683 3931 2808 3983 κεφ.
2870 3919 2982 3984 μα’,
3026 3913 3219 3983 θέματι
3256 3920 3337 3979 <f-
3376 3914 3435 3968 Ὀ
3469 3911 3653 3981 ἀθέμιο

2085 4028 2176 4075 τος
2220 4010 2396 4079 γάμος
2427 4010 2486 4061 οὐ
2522 3996 2861 4077 βεϐαιοῦται·
2911 4007 3006 4060 καὶ
3051 4006 3138 4060 διά
3185 4006 3366 4072 τοῦτο,
3420 4006 3514 4058 ἐὰν
3550 4002 3649 4074 πρὸ

2084 4101 2420 4173 κατηγορίας
2450 4100 2612 4169 λυθῇ,
2662 4101 3028 4169 συγχωρείται
3054 4100 3085 4169 ἡ
3116 4099 3306 4169 ποινήο
3340 4099 3434 4152 καὶ
3460 4099 3647 4166 θέματι

2084 4197 2150 4259 ζ’·
2208 4195 2332 4247 Ἐπὶ
2368 4192 2462 4246 τοῦ
2496 4195 2553 4244 ἐν
2584 4192 2778 4262 ἀγνοίᾳ
2827 4191 3129 4260 γενομένου
3182 4190 3446 4261 ἀθεμίτου
3476 4189 3647 4257 γάμου

2082 4288 2265 4342 δίδωσι
2322 4284 2653 4352 συγγνώμην
2681 4283 2843 4350 φύσις
2875 4284 2969 4335 καὶ
3000 4281 3185 4352 ἡλικία
3235 4283 3330 4335 καὶ
3357 4282 3389 4351 ἡ
3421 4278 3648 4347 ἐπανόρ-

2084 4381 2249 4442 θωσις
2299 4377 2393 4431 τοῦ
2425 4376 2845 4446 ἁμαρτήματος·
2879 4374 2971 4427 καὶ
3026 4373 3263 4442 μάλιστα
3291 4376 3339 4427 εἱ
3376 4374 3539 4444 μήπω
3568 4384 3647 4431 τις

2004 4510 2057 4570 D
2083 4474 2243 4528 αὐτὸν
2270 4470 2669 4570 κατηγόρησενἶ

2164 4562 2411 4621 ΖΩΝΑΡ.
2442 4562 2557 4615 Καὶ
2593 4561 2621 4612 6
2655 4560 2877 4622 ἔννατος
2908 4557 3089 4611 κανὼν
3116 4560 3215 4628 τῆς
3248 4559 3305 4611 ὲν
3356 4558 3651 4635 Νεοκαισα-

2090 4657 2215 4730 ρείᾳ
2245 4654 2464 4707 συνόδου
2492 4652 2619 4722 περὶ
2664 4650 3052 4720 ἡμαρτηκότος
3084 4652 3145 4702 ἐν
3173 4649 3387 4716 σώματι
3421 4648 3511 4701 καὶ
3539 4661 3648 4715 χει-

2090 4747 2468 4821 ροτονηθέντος
2500 4742 2683 4813 φησιν,
2715 4741 2797 4793 δτι
2828 4740 2918 4810 Μὴ
2966 4741 3345 4811 προσφερέτω,
3401 4740 3570 4808 μένων
3595 4737 3648 4787 ἐν

2086 4845 2198 4904 τοῖς
2218 4841 2429 4901 λοιποῖς
2457 4836 2546 4889 διὰ
2576 4835 2674 4905 τὴν
2706 4833 2872 4901 ἄλλην
2903 4834 3163 4902 σπουδήν.
3218 4834 3327 4886 Καὶ
3357 4835 3385 4887 6
3413 4830 3651 4890 εἰκοστὸς

2085 4934 2309 5003 ἕὸδομος
2341 4928 2432 4983 τοῦ
2471 4926 2707 4996 μεγάλου
2734 4925 3015 4979 Βασιλείου
3040 4924 3219 4979 κανὼν
3248 4925 3376 4995 περὶ
3406 4924 3499 4977 τοῦ
3527 4921 3648 4975 60!-

2089 5042 2210 5097 σμῳ
2244 5023 2408 5093 γάμῳ
2450 5018 2852 5089 περιπαρέντος
2881 5019 2937 5070 ὲν
2966 5018 3158 5089 ἀγνοίᾳ
3190 5018 3326 5087 φησὶ
3383 5014 3643 5082 καθέδρας

2090 5118 2189 5187 μὲν
2213 5115 2303 5169 τὸν
2334 5112 2576 5166 τοιοῦτον
2607 5110 2882 5181 μετέχειν,
2916 5110 3025 5162 τῶν
3050 5110 3105 5162 δὲ
3139 5109 3347 5163 λοιπῶν
3366 5102 3646 5177 ἐνεργειῶν

1658 5235 1851 5297 Guill.
1891 5235 2224 5317 Beveregii
2252 5240 2439 5296 nota’.

486 5362 595 5426 (90)
626 5362 691 5414 Εἰ
722 5365 831 5435 πὰρ
861 5363 1057 5435 ἔχεται
1090 5363 1196 5416 τοῦ
1233 5363 1499 5435 ἀθέσμου
1531 5365 1740 5435 γάμου.
1777 5368 1981 5432 Legen-

414 5434 541 5486 dum
580 5440 686 5497 est,
722 5432 991 5503 ἐξέχεται,
1017 5433 1174 5500 juxta
1201 5451 1332 5489 mss.
1365 5432 1553 5490 Ᾱέιοιιζ
1603 5432 1655 5489 et
1713 5440 1982 5493 Atncrha-

412 5504 692 5558 chianum.

488 5574 598 5643 (9|)
630 5574 732 5626 Kal
762 5577 794 5628 ό
818 5576 1079 5643 ἅθεσμος
1107 5576 1292 5644 γάμος
1328 5575 1679 5644 λυθήσεται.
1726 5575 1851 5631 Pest
1879 5578 1979 5634 ista

415 5646 578 5716 Verba
610 5644 661 5716 in
685 5645 927 5699 editione
948 5646 1266 5705 Parisinnsi,
1295 5647 1408 5701 ha-c
1441 5648 1711 5716 leguntur,
1734 5649 1825 5700 καὶ
1848 5648 1969 5701 οὐδὲ

410 5715 578 5783 τιμῆς
634 5712 667 5781 ἢ
717 5716 987 5783 καθέδρας
1043 5717 1427 5783 ἀξιωθήσεται-
1482 5712 1575 5769 καὶ
1631 5719 1657 5768 ὁ
1690 5717 1734 5768 θ’
1779 5718 1835 5770 δὲ
1880 5736 1978 5769 κα-

412 5784 538 5836 νών.
570 5785 631 5837 Et
667 5785 844 5851 priora
879 5785 1096 5850 quidem
1128 5787 1311 5848 verba,
1338 5788 1453 5841 St-il.
1480 5787 1570 5840 καὶ
1602 5788 1721 5839 οὐδὲ
1753 5786 1915 5855 τιμῆς
1941 5789 1972 5855 ἢ

416 5854 680 5925 καθέδρας
718 5856 1100 5929 ἀξιωθήσεται,
1128 5859 1178 5911 in
1210 5876 1341 5914 mss.
1375 5857 1698 5913 Amet-bach.
1728 5865 1783 5912 ct
1814 5854 1975 5912 .‘Et04

2092 5368 2268 5423 niensi
2310 5368 2596 5435 leguntur,
2648 5375 2865 5435 necnon
2917 5357 2970 5435 in
3012 5356 3266 5435 Tilia-io:
3328 5353 3640 5435 posteriora,

2094 5421 2434 5493 nimirumt6
2465 5433 2506 5484 θ’
2539 5421 2593 5483 δέ
2635 5431 2834 5490 κανὼν,
2880 5430 2947 5481 ab
2987 5429 3243 5482 munibus
3277 5421 3340 5481 ut
3380 5421 3641 5494 superﬂua

2087 5518 2140 5564 et
2170 5521 2393 5561 sensum
2428 5501 2800 5571 pcrtnrhntttia
2830 5500 3188 5572 reﬁciuntur:
3275 5567 3286 5572 _
3427 5566 3439 5572 _
3528 5560 3575 5572 Η

2162 5579 2273 5647 (99.)
2309 5562 2603 5647 Σπούδὴξί
2629 5568 3115 5647 κίιθίιιρηζὶέντος;
3144 5566 3241 5620 Ms.
3262 5562 3639 5647 Afuerhacltia:

2084 5635 2190 5702 nus
2226 5635 2373 5718 legit,
2414 5635 2653 5718 σπουδήν
2676 5635 3237 5718 τοῦςκαθαιρηθῇναι.
3299 5635 3483 5718 .U.ti.et
3520 5642 3638 5718 mox

2085 5698 2306 5785 postea?
2356 5698 2455 5786 pro
2515 5698 2623 5766 ἀπό
2682 5698 3063 5779 τελέσματοίςί·
3096 5698 3243 5779 legit,
3296 5704 3356 5772 ἐξ
3395 5698 3638 5759 ἀποτελέ-

2084 5805 2306 5859 σματος.
