3984 6474
410 791 429 817 Ι

440 321 545 388 619

1691 315 1967 377 'l'IIEOD.
2010 315 2237 373 BALSA
2247 316 2409 376 MON

3574 314 3683 378 6‘29

450 498 451 501 η
513 430 706 487 BALS.
749 428 1011 490 Armenii,
1046 440 1169 481 cum
1214 424 1334 478 aliis
1361 440 1483 493 qua:
1511 438 1594 479 eis
1632 423 1858 477 aderant
1893 428 1999 478 luc-

2176 426 2371 478 ΒΛΛΣ.
2410 426 2471 477 Oi
2515 423 2789 496 Ἀρμένιοι
2827 423 2966 494 μετά
2997 423 3103 477 τῶν
3148 424 3461 494 προσουσῶν
3495 427 3688 488 αὐτοῖς

443 530 672 592 resibus,
708 523 827 579 solo
856 522 980 575 vino
1010 520 1063 573 in
1095 518 1297 573 sanctis
1324 518 1597 587 mysteriis
1625 518 1704 570 usi
1742 526 1866 571 sunt
1902 533 1918 571 :
1951 526 2006 570 et

440 618 689 673 dicebant
721 630 780 671 se
806 614 983 668 facere
1039 621 1431 677 consequenter
1462 609 1546 668 iis,
1580 622 1700 674 quae
1740 624 1765 659 a
1814 598 2007 676 magno

446 710 694 767 Ecrlesia:
720 708 960 770 doctore,
993 700 1280 770 linguaque
1307 716 1497 761 aureo,
1522 699 1732 754 Joanne
1768 700 2005 770 Chryso-

370 853 374 857 .
410 793 616 859 'stemo
657 798 962 867 conscripta
988 804 1112 850 sunt
1146 796 1199 849 in
1231 810 1328 848 sua
1359 793 1631 863 Evangelii
1684 793 2006 859 interpreta-

433 899 586 951 tione
611 895 910 955 secundum
943 890 1286 952 Matthmum;
1320 902 1437 955 qua:
1478 896 1731 951 tractant,
1761 902 1868 939 non
1911 901 2007 953 per

443 1003 660 1058 aquam,
696 986 788 1041 sed
818 984 1003 1037 vinum
1054 996 1265 1036 sacrum
1313 980 1534 1034 calicem
1569 978 1848 1043 exhiberi;
1882 993 2003 1030 cum

444 1094 621 1135 tamen
656 1094 760 1133 non
789 1078 980 1129 doceat
1025 1086 1242 1129 sanctus
1288 1087 1384 1142 per
1414 1072 1590 1125 solum
1621 1072 1803 1139 vinum
1855 1070 2006 1123 obla-

447 1176 643 1226 tionem
689 1169 832 1223 fieri.
877 1166 989 1220 Hoc
1023 1179 1173 1233 ergo,
1206 1165 1350 1235 quod
1392 1163 1469 1215 sic
1514 1162 1572 1215 fit
1604 1162 1670 1214 ab
1710 1160 2006 1221 Armeniis.

441 1265 813 1320 subvertentes
839 1259 1001 1313 divini
1031 1260 1243 1317 Patres,
1274 1271 1371 1325 per
1403 1254 1586 1307 vinum
1618 1263 1672 1307 et
1699 1268 1889 1322 aquam
1923 1268 2010 1306 sa-

428 1372 590 1409 crum
625 1350 1067 1419 calicemoffcrri
1102 1359 1348 1416 oportere
1381 1353 1707 1408 statuerunt,
1742 1346 2007 1413 interpre-

433 1457 621 1501 tantes
654 1445 817 1499 verba
849 1440 1252 1512 Clnysostomi,
1282 1455 1387 1494 non
1434 1448 1493 1491 ut
1533 1437 1600 1491 ab
1629 1437 1899 1490 Armeniis
1930 1437 2011 1488 di-

441 1539 666 1590 cebatur
686 1549 805 1589 esse
829 1534 1161 1602 accipienda;
1187 1531 1278 1585 sed
1303 1532 1366 1583 ad
1402 1529 2005 1598 Hydroparastatarnm,

442 1627 530 1692 qni
568 1642 665 1695 per
693 1639 887 1693 aquam
921 1622 1089 1675 solam
1135 1620 1307 1675 sancti
1343 1620 1528 1673 calicis
1555 1618 1879 1673 oblationem
1925 1617 2005 1671 fac

441 1721 673 1783 ciebant,
709 1716 929 1769 limresis
957 1714 1294 1767 eversionem
1337 1726 1457 1765 esse
1507 1712 1834 1779 conscripta.
1869 1710 2013 1764 Con-

2113 516 2289 571 ἄλλων
2313 516 2578 586 αἱρέσεων
2601 517 2728 583 οϊνῳ
2774 516 2919 587 μόνῳ
2950 517 3245 586 κέχρηνται
3282 517 3340 567 ἐν
3363 518 3475 580 τοῖς
3502 518 3687 583 ἁγίοις

2116 610 2478 680 μυστηρίοις·
2525 608 2619 665 καὶ
2671 610 2886 677 λέγουσι
2933 610 3094 661 τοῦτο
3146 612 3324 661 ποιεῖν
3367 610 3689 674 ἀκολούθως

2112 704 2224 765 τοῖς
2269 704 2534 772 γραφεῖσι
2564 703 2715 771 παρὰ
2757 701 2851 755 τοῦ
2898 701 3139 771 μεγάλου
3181 703 3278 768 τῆς
3344 701 3689 771 Ἐκκλησίας

2113 795 2436 848 διδασκάλου
2469 795 2564 847 καὶ
2589 795 2793 865 χρυσοῦ
2816 794 2913 864 τὴν
2942 794 3193 859 γλῶτταν
3238 794 3487 869 ἰωςὶννου
3528 798 3589 847 ἐν
3616 798 3685 864 τῇ

2116 884 2196 944 είς
2238 884 2297 935 τὸ
2326 886 2464 936 κατὰ
2498 885 2774 937 Ματθαὼν
2824 885 3156 952 Εὑαγγέλιον
3190 885 3450 955 ἐξηγήσει
3488 886 3688 948 αὑτοῦ,

2114 977 2226 1037 τοῖς
2256 975 2682 1043 διαλαμβάνουσι
2711 977 2783 1043 μὴ
2811 975 2879 1029 δι’
2912 976 3103 1038 ὓδατος
3138 978 3200 1028 τὸ
3241 978 3397 1044 ἆγιον
3423 977 3693 1046 ποτήριον

2116 1064 2511 1132 προσάγεσθαι,
2545 1064 2680 1118 ἀλλὰ
2723 1066 2790 1117 δι’
2819 1067 2963 1119 οἴνου
2986 1083 3000 1097 ·
3032 1070 3125 1119 καὶ
3170 1072 3345 1119 ταῦτα
3382 1066 3478 1123 τοῦ
3526 1068 3693 1130 ἁγίου

2121 1157 2196 1227 μὴ
2232 1157 2582 1218 ’διδάσκοντος
2613 1159 2702 1210 διὰ
2747 1159 2891 1211 οἴνου
2952 1160 3114 1229 μόνου
3189 1160 3283 1228 τὴν
3313 1161 3691 1229 προσαγωγὴν

2116 1250 2382 1317 γίνεσθαι.
2417 1249 2526 1319 Τὴν
2549 1249 2681 1317 γοῦν
2712 1250 2853 1303 οῦτω
2875 1255 3166 1319 γινομένην
3187 1250 3374 1304 θυσίαν
3406 1251 3561 1318 παρὰ
3584 1251 3695 1301 τῶν

2129 1338 2431 1409 Ἀρμενίων
2478 1334 2878 1409 ἅνατρέποντες
2925 1344 2973 1393 οί
3015 1343 3146 1394 θεῖοι
3196 1344 3461 1412 Πατέρες,
3504 1344 3700 1412 διωρί-

2119 1435 2287 1484 Ωντο
2316 1433 2405 1485 διὰ
2440 1434 2583 1485 οἴνου
2621 1435 2716 1486 καὶ
2762 1433 2953 1496 ὓδατος
3006 1436 3148 1503 ἱερ”,ν
3182 1438 3443 1503 ποτήριον
3475 1437 3699 1503 προσά-

2118 1522 2332 1590 γεσθαι,
2360 1524 2801 1593 ὲρμηνεύσαντες
2822 1525 2889 1577 τὰ
2913 1525 3336 1593 Χρυσοστομικά
3361 1525 3590 1594 ῥήματα
3621 1525 3696 1594 μὴ

2119 1615 2557 1684 ὲκλαμϐἑινεσθαι
2590 1616 2726 1685 πρὸς
2764 1617 2833 1669 τὰ
2861 1617 3013 1687 παρὰ
3048 1617 3157 1669 τῶν
3196 1618 3502 1687 Ἀρμενίων
3536 1619 3699 1683 λεγό-

2124 1725 2278 1777 μενα,
2333 1707 2448 1780 ἁλλ’
2496 1710 2577 1771 είς
2628 1709 2911 1778 ἀναίρεσιν
2946 1711 3225 1779 γραφῆναι
3274 1710 3375 1778 τῆς
3421 1712 3699 1780 αἱρέσεως

442 1806 628 1861 fntatis
650 1821 777 1876 ergo
805 1820 866 1857 ac
889 1804 1089 1878 collisis
1120 1803 1342 1870 iis,qu:e
1371 1801 1438 1854 ab
1468 1800 1602 1869 ipsis
1625 1800 1837 1853 decreta
1868 1808 2015 1862 sunt,

2122 1801 2229 1853 τῶν
2286 1772 2840 1871 ’Υδροπαραστατῶν,
2878 1803 2988 1855 τῶν
3024 1802 3093 1854 δι’
3138 1802 3331 1865 ὓδατος
3386 1803 3556 1872 μόνου
3597 1802 3699 1869 τὴν

441 1910 495 1953 ct
522 1916 584 1952 ex
620 1899 802 1951 multis
842 1896 984 1956 aliis,
1024 1907 1078 1949 et
1109 1910 1173 1948 ex
1222 1896 1420 1946 tradito
1451 1894 1615 1948 etiam
1664 1891 1936 1946 sacriﬁcio
1983 1906 2015 1945 a

443 1992 695 2060 pragdicm
721 1999 905 2041 sancto
926 1987 1105 2045 Patre,
1127 1997 1181 2040 et
1208 2000 1238 2039 a
1268 1999 1463 2055 magno
1486 1983 1717 2050 Basilio,
1734 1983 2015 2052 episcopos

441 2095 494 2137 et
529 2084 871 2152 presbyteros
906 2078 1232 2145 depositioni
1285 2076 1655 2146 subiecerunt,
1702 2077 1796 2145 qui
1844 2076 2015 2131 sancti

443 2176 631 2229 calicis
658 2173 985 2226 sacrificium
1024 2186 1119 2239 per
1154 2170 1261 2223 viui
1312 2180 1367 2225 et
1410 2184 1563 2239 aqua:
1608 2169 1863 2224 unionem
1910 2184 2012 2223 non

433 2269 678 2323 faciunt.
735 2268 857 2322 Haac
918 2276 1099 2319 autem
1152 2264 1332 2317 divina
1384 2263 1697 2317 incitatione
1760 2261 2014 2315 commoti

444 2366 838 2429 praceperunt.
867 2357 923 2411 ln
964 2356 1146 2410 divina
1189 2354 1331 2408 enim
1378 2352 1628 2422 passione
1681 2352 1774 2406 Dei
1820 2362 1874 2404 et
1916 2351 2019 2404 Do-

445 2453 575 2505 mini
612 2450 786 2504 nostri
833 2447 962 2503 Jesn
1008 2447 1232 2511 Christi,
1267 2463 1371 2501 non
1420 2446 1733 2515 sanguinem
1782 2454 2012 2507 tantum,

442 2545 536 2596 sed
573 2542 956 2610 etiam’aquam
987 2539 1171 2593 emisit
1197 2538 1312 2605 ejus
1347 2552 1442 2605 per
1478 2538 1721 2593 lanceam
1758 2546 2013 2606 punctum

446 2637 606 2698 latus,
637 2644 695 2688 ut
742 2633 971 2687 duarum
1021 2630 1140 2701 ejus
1187 2639 1504 2684 naturarum
1564 2644 1671 2684 non
1731 2628 2015 2683 confusam

444 2722 699 2781 unionem
756 2726 1088 2781 ostenderet.
1132 2721 1272 2777 Nota
1319 2738 1470 2792 ergo,
1516 2724 1658 2792 quod
1698 2737 1726 2775 a
1763 2720 2016 2790 praesenti

445 2832 652 2873 canone
706 2818 825 2871 diue
878 2817 1110 2871 limreses
1154 2815 1544 2870 subvertantur
1584 2832 1599 2868 :
1640 2828 1745 2867 una
1797 2812 2014 2882 quidem

445 2911 1056 2981 llydroparastatarum,
1088 2906 1179 2975 qui
1208 2905 1320 2960 sola
1348 2920 1489 2975 aqua
1531 2905 1585 2958 in
1628 2903 1801 2959 sancti
1832 2902 2033 2956 calicis,

446 3001 716 3055 sacriﬁcio
757 3007 1018 3065 utuntur;
1052 2999 1158 3052 alia
1188 3006 1368 3052 autem
1396 2996 1798 3059 Armeniorum,
1838 2995 1929 3065 qui
1964 2993 2017 3048 id

447 3110 540 3161 per
598 3095 781 3146 vinum
826 3091 999 3145 solum
1067 3090 1292 3145 faciunt.
1352 3089 1618 3155 Quoniam
1674 3098 1851 3143 autem
1907 3100 2015 3140 nou

2119 1894 2485 1963 προσαγωγὴν
2527 1894 2621 1945 τοῦ
2660 1893 2818 1960 ἁγίου
2861 1894 3125 1964 ποτηρίου
3154 1894 3521 1962 ποιουμένων.
3557 1894 3701 1960 Συγ-

2116 1986 2484 2055 κροτήσαντες
2530 1988 2599 2039 τὰ
2651 1989 2805 2057 παρὰ
2866 1970 3085 2040 τούτων·
3124 1984 3464 2057 διορισθέντα
3516 1986 3584 2037 ἔκ
3638 2002 3698 2037 τε

2116 2082 2293 2136 ἄλλων
2326 2080 2560 2145 πολλῶν,
2608 2082 2746 2135 ἀλλὰ
2777 2082 2884 2153 μὴν
2921 2083 3014 2136 καὶ
3048 2085 3111 2136 ὲκ
3151 2083 3251 2152 τῆς
3286 2082 3696 2154 παραδοθείσης

2118 2175 2309 2235 Θυσίας
2354 2176 2510 2245 παρά
2552 2192 2611 2229 τε
2642 2175 2737 2229 τοῦ
2776 2176 3037 2247 ῥηθέντος
3061 2177 3219 2244 ἁγίου
3252 2177 3465 2244 Πατρὺς
3507 2176 3697 2245 ἡμῶν,

2118 2270 2211 2318 καὶ
2241 2268 2394 2337 παρὰ
2432 2265 2527 2320 τοῦ
2582 2267 2824 2336 μεγάλου
2860 2267 3167 2333 Βασιλείου,
3208 2266 3529 2337 καθαιρέσει
3568 2268 3700 2319 ὑπέ-

2119 2358 2282 2411 ϐαλον
2310 2361 2437 2423 τοὺς
2478 2362 2811 2421 ἐπισκόπους
2835 2366 2931 2413 καὶ
2962 2361 3089 2422 τοὺς
3119 2359 3533 2430 πρεσϐυτέρους
3566 2361 3695 2422 τοὺς

2122 2454 2197 2521 μὴ
2241 2456 2531 2515 ποιοῦντας
2565 2453 2665 2522 τὴν
2711 2452 2904 2505 Θυσίαν
2954 2452 3049 2506 τοῦ
3092 2454 3253 2520 ἁγίου
3288 2452 3556 2524 ποτηρίου
3608 2450 3697 2504 διὰ

2121 2544 2310 2607 ὓδατος
2336 2545 2580 2607 ἐνώσεως
2610 2546 2705 2598 καὶ
2722 2546 2890 2597 οἴνου.
2911 2545 3097 2598 Ταῦτα
3111 2545 3167 2598 δὲ
3201 2546 3696 2616 παρεκελεύσαντο

2119 2634 2468 2705 θεοκινήτως.
2523 2637 2615 2691 Ἐν
2646 2638 2755 2705 γὰρ
2796 2637 2875 2707 τῷ
2919 2636 3051 2708 θείῳ
3082 2636 3248 2689 πάθει
3284 2636 3377 2691 τοῦ
3406 2636 3547 2690 Θεοῦ
3601 2639 3698 2689 καὶ

2118 2729 2373 2797 Σωτῆρος
2426 2728 2585 2798 ἡμῶν
2652 2729 2827 2800 Ἰησοῦ
2886 2729 3125 2800 Χριστοῦ
3184 2730 3282 2799 οὐχ
3330 2723 3471 2799 αἷμα
3505 2730 3699 2799 μόνον,

2118 2817 2255 2869 ἀλλὰ
2286 2818 2379 2869 καὶ
2407 2817 2551 2887 ὕδωρ
2585 2819 2855 2888 ἐξήγαγεν
2902 2819 3046 2889 ἡδιά
3072 2818 3276 2888 λόγχης
3306 2820 3542 2886 νυγείσα
3574 2817 3701 2870 Θεία

2117 2911 2309 2964 τούτου
2367 2911 2602 2983 πλευρά,
2655 2914 2743 2965 ἵνα
2776 2913 2875 2983 τὴν
2925 2914 3032 2965 τῶν
3084 2913 3179 2965 δύο
3234 2913 3427 2965 τούτου
3472 2912 3705 2978 φύσεων

2119 3006 2447 3077 παραστήσῃ
2475 3006 2779 3075 ἁσύγχυτον
2797 3006 3011 3060 ἕνωσιν.
3037 3006 3351 3076 Σημείωσαι
3376 3000 3468 3058 οὖν
3490 3006 3572 3057 ὅτι
3605 3003 3700 3055 δύο
3782 3026 3786 3034 ·

2118 3097 2362 3169 αἱρέσεις
2408 3098 2811 3167 ἀνατρέπονται
2849 3097 2939 3151 διὰ
2971 3097 3065 3151 τοῦ
3106 3099 3374 3165 παρόντος
3404 3114 3557 3161 καν..
3590 3098 3699 3167 μία

445 3186 617 3238 solum
676 3182 942 3249 Armenii,
998 3182 1092 3237 sed
1140 3181 1302 3236 etiam
1368 3180 1548 3235 Latini
1610 3179 2014 3250 reprehendunt

2122 3192 2220 3263 μὲν
2253 3192 2363 3244 τῶν
2424 3190 2975 3263 ’Υδῳπαραστατῶη
3025 3191 3137 3244 τῶν
3189 3192 3488 3261 χρωμένων
3537 3190 3701 3243 ὕδατι

447 3292 600 3345 aqua:
643 3275 900 3330 ferventis
948 3274 1000 3327 in
1049 3287 1262 3327 sacrum
1302 3271 1525 3326 calicem
1582 3272 1970 3326 immissionem
1998 3308 2016 3332 ,

448 3368 689 3419 dicentes
726 3380 847 3419 eam
889 3380 995 3417 non
1045 3359 1168 3417 Esse
1196 3362 1453 3415 traditam
1486 3364 1553 3415 ab
1578 3361 1890 3428 evangelico
1932 3359 2017 3413 vel

450 3456 713 3511 canonico
756 3462 1052 3524 praecepto,
1078 3465 1134 3508 et
1159 3454 1281 3508 ideo
1310 3454 1449 3507 male
1482 3454 1630 3518 fieri,
1665 3464 1720 3508 et
1756 3456 2019 3510 adversus

454 3553 591 3602 hanc
613 3546 852 3601 divinam
882 3545 1253 3607 traditionem,
1283 3560 1402 3613 quae
1430 3546 1673 3601 decernit
1704 3561 1799 3615 per
1824 3562 2018 3615 aquam

453 3652 508 3697 et
534 3641 720 3695 vinum
758 3638 1059 3692 faciendam
1102 3640 1277 3693 sancti
1306 3640 1489 3694 calicis
1522 3639 1844 3695 oblationem
1879 3657 1893 3694 :
1927 3655 2023 3693 au-

450 3736 620 3797 diant,
644 3733 787 3800 quod
815 3730 972 3801 193
997 3731 1210 3786 fervens
1239 3732 1441 3796 addita,
1468 3747 1585 3801 quae
1609 3732 1669 3790 [lt
1700 3748 1794 3801 per
1824 3747 2020 3802 aquam

450 3834 505 3876 ct
542 3823 728 3876 vinum
760 3825 931 3875 sancti
962 3821 1169 3885 calicis,
1207 3822 1459 3878 unionem
1496 3839 1601 3878 non
1632 3834 1843 3891 mutat;
1882 3841 2023 3895 quo-

454 3916 598 3970 niam
630 3930 736 3968 non
765 3921 847 3969 est
882 3914 1084 3982 aliquid
1115 3915 1257 3968 aliud
1283 3926 1476 3985 praeter
1506 3932 1727 3985 aquam.
1764 3917 2015 3987 injicitur

452 4016 631 4059 autem
678 4006 743 4057 ad
777 4004 1217 4074 significandum,
1267 4005 1410 4075 quod
1455 4017 1580 4060 sunt
1615 4007 1824 4061 vivifica
1851 4047 1866 4071 ,
1900 4024 2023 4078 qua:

451 4113 516 4151 cx
544 4107 733 4151 sancto
786 4096 995 4150 Domini
1049 4098 1218 4153 nostri
1257 4094 1386 4152 Jesu
1415 4095 1619 4152 Christi
1654 4099 1822 4154 latere
1853 4099 2024 4154 fluxe-

420 4246 423 4251 _
454 4200 600 4253 runt,
635 4190 855 4257 sanguis
887 4189 1092 4242 scilicet
1123 4199 1174 4242 et
1205 4203 1367 4257 aqua,
1389 4200 1445 4244 et
1469 4204 1817 4246 non-mortua
1842 4210 1856 4258 ;
1884 4209 2021 4261 quo-

452 4285 594 4335 niam
620 4294 683 4335 ex
710 4280 813 4334 hoc
841 4295 1053 4349 quoque
1085 4281 1329 4335 n‘iiraculi
1360 4282 1670 4351 magnitudo
1695 4286 2018 4341 ostenditur.

450 4376 582 4428 Cum
632 4376 772 4428 enim
808 4391 871 4428 ex
907 4388 1137 4444 corpore
1187 4383 1397 4426 mortuo
1437 4383 1627 4442 suapte
1682 4386 1874 4428 natura
1917 4392 2020 4429 non

452 4474 622 4521 soleat
660 4466 873 4521 fervens
899 4469 1120 4535 sanguis
1148 4468 1355 4536 egredi,
1388 4482 1453 4521 ex
1482 4482 1709 4536 corpore
1739 4469 2020 4523 Dominico

2126 3284 2271 3353 μόνῳ
2301 3286 2357 3335 ὲν
2388 3287 2451 3355 τῇ
2492 3283 2587 3337 τοῦ
2623 3284 2779 3344 ἁγίου
2809 3283 3072 3355 ποτηρίου
3114 3283 3275 3354 θυσίᾳ
3304 3299 3317 3313 ·
3356 3283 3520 3353 ἑτέρα
3556 3282 3625 3334 δὲ
3664 3284 3695 3351 ἡ

2121 3377 2230 3427 τῶν
2269 3377 2592 3445 Ἀρμενίων,
2613 3377 2722 3428 τῶν
2754 3376 2843 3428 διὰ
2876 3378 3021 3428 οἴνου
3054 3376 3216 3446 μόνου
3259 3374 3557 3427 ποιούντων
3590 3375 3697 3427 αὺ-

2121 3469 2241 3537 τήν.
2283 3468 2434 3519 Ἐπεὶ
2467 3469 2537 3535 δὲ,
2566 3469 2626 3521 οὐ
2678 3468 2841 3538 μόνον
2894 3468 2944 3521 oi
2988 3468 3288 3536 ’Λρμένιοι,
3319 3468 3458 3521 ἁλλὰ
3505 3472 3600 3521 καὶ
3650 3468 3697 3519 οί

2123 3562 2342 3613 Λατῖνοι
2392 3560 2673 3614 αἰτιῶνται
2727 3562 2827 3631 τὴν
2858 3565 2939 3623 είς
2982 3562 3043 3613 τὸ
3070 3561 3229 3629 ἅγιον
3282 3562 3545 3631 ποτήριον
3593 3558 3696 3612 τοῦ

2126 3649 2339 3713 ζέοντος
2366 3649 2638 3720 εἰσϐολὴν,
2673 3648 2925 3717 λέγοντες
2962 3649 3036 3720 μὴ
3069 3647 3446 3719 παραδοθῆναι
3478 3650 3697 3718 ταύτην

2125 3742 2233 3793 ἀπὸ
2287 3738 2717 3810 εὐαγγελικῆςῆ
2756 3740 3050 3808 κανονικῆς
3103 3736 3504 3810 παραγγελίας,
3555 3740 3697 3793 κὰν-

2125 3833 2317 3885 τεῦθεν
2354 3832 2600 3900 γίνεσθαι
2644 3830 2851 3896 κακῶς,
2885 3835 2981 3885 καὶ
3026 3832 3365 3895 ὑπεναντίως
3411 3832 3573 3902 δῆθεν
3628 3836 3696 3903 τῇ

2126 3928 2247 3996 θεία
2270 3926 2443 3996 ταύτῃ
2470 3926 2787 3995 παραδόσει,
2812 3928 2879 3996 τῇ
2906 3925 3256 3997 διοριζομένῃ
3286 3926 3356 3979 δι’
3382 3925 3575 3988 ὓδατος
3600 3934 3698 3979 καὶ

2125 4018 2270 4069 οἴνου
2320 4016 2420 4085 τὴν
2452 4016 2545 4066 τοῦ
2590 4008 2747 4079 ἁγίου
2789 4013 3056 4083 ποτηρίου
3104 4013 3358 4082 γίνεσθαι
3403 4030 3699 4084 προσαγω-

2126 4110 2230 4177 γήν
2256 4123 2270 4138 ο
2320 4108 2718 4159 ἀκουσάτωσαν
2764 4104 2847 4157 ὅτι
2879 4106 2941 4157 τὸ
2968 4105 3095 4177 ζέον
3137 4104 3565 4177 προστιθέμενον
3616 4106 3697 4175 (8)

2124 4199 2226 4268 τὴν
2254 4196 2324 4250 δι’
2351 4196 2539 4257 ὓδατος
2578 4197 2676 4249 καὶ
2702 4195 2845 4247 οἴνου
2884 4174 3084 4248 ἕνωσιν
3113 4193 3209 4246 τοῦ
3236 4193 3394 4263 ἁγίου
3426 4196 3696 4265 ποτηρίου

2124 4291 2184 4341 οὐ
2221 4288 2568 4359 μεταϐάλλει.
2603 4288 2686 4339 ὅτι
2716 4287 2759 4338 δ’
2790 4288 2890 4339 οὐκ
2942 4286 3089 4338 ἐστιν
3122 4286 3312 4357 ἕτερόν
3365 4303 3418 4339 τι
3452 4293 3606 4356 παρὰ
3636 4289 3697 4340 τὸ

2127 4380 2293 4449 ὓδωρ.
2325 4378 2590 4432 Βάλλεται
2621 4376 2678 4427 δὲ
2727 4378 2806 4439 εἰς
2856 4374 3231 4445 πληροφορίαν
3276 4373 3368 4426 τοῦ
3390 4370 3532 4425 εἶναι
3566 4375 3699 4436 ζωο-

2125 4472 2257 4522 ποιὰ
2287 4470 2355 4522 τὰ
2391 4469 2500 4522 ἀπὸ
2530 4466 2630 4537 τῆς
2661 4466 2820 4533 ἁγίας
2859 4466 3101 4535 πλευρᾶς
3150 4463 3245 4516 τοῦ
3297 4465 3503 4532 Κυρίου
3538 4467 3699 4534 ἡμῶν

449 4559 609 4611 etiam
651 4568 771 4625 post
802 4568 1028 4610 mortem
1060 4557 1280 4623 sanguis
1307 4567 1361 4609 et
1393 4570 1533 4625 aqua
1569 4558 1842 4612 ferventes
1864 4558 2015 4613 elllu-

2139 4562 2318 4632 Ἱησοῦ
2348 4559 2587 4630 Χριστοῦ
2626 4557 2918 4627 ῥεύσαντα,
2946 4560 3005 4610 τὸ
3038 4554 3181 4625 αἷμα
3211 4555 3455 4623 δηλονότι
3508 4560 3603 4608 καὶ
3636 4559 3698 4607 τὸ

450 4660 670 4713 xerunt,
704 4644 763 4703 tit
787 4665 850 4703 ex
896 4649 1112 4705 vivifico
1143 4664 1377 4719 corpore
1401 4649 1636 4704 vivilica.
1670 4650 1726 4705 Si
1761 4652 1882 4721 quis
1921 4669 2020 4705 au-

453 4755 558 4797 tem
612 4742 831 4804 dixerit,
872 4743 935 4795 Et
991 4757 1109 4808 cur,
1168 4751 1455 4811 antequam
1511 4743 1584 4797 sit
1640 4745 2015 4799 sanctificatus

450 4848 670 4889 sanctus
705 4836 866 4899 calix,
899 4835 1113 4889 fervens
1155 4850 1292 4902 aqua
1333 4834 1401 4887 ad
1447 4835 1701 4889 unionem
1747 4851 1856 4890 non
1891 4836 2015 4905 inji-

455 4932 615 4986 citur,
653 4929 744 4980 sed
791 4938 910 4995 post
951 4927 1482 4982 sanctificationem?
1530 4929 1744 4995 audiet,
1782 4931 1927 5001 quod
1973 4932 2023 4986 si

456 5020 765 5087 iniit-eretur
812 5018 1028 5074 fervens
1061 5031 1303 5088 tempore
1332 5020 1568 5086 unionis,
1602 5028 1667 5076 ad
1706 5031 2023 5093 sanctorum

455 5129 623 5176 usque
655 5113 1119 5181 participationem
1153 5111 1588 5182 refrigeraretur,
1611 5124 1666 5169 et
1692 5117 1850 5184 resin
1873 5116 2023 5188 prio-

2128 4655 2296 4726 ὕδωρ,
2324 4656 2418 4708 καὶ
2453 4653 2528 4722 μὴ
2561 4650 2767 4721 νεκρά*
2805 4652 2889 4703 ὅτι
2920 4649 2983 4704 τὸ
3009 4649 3108 4701 τοῦ
3139 4648 3420 4719 θαύματος
3465 4648 3698 4718 μέγεθος

2126 4749 2223 4801 καὶ
2245 4751 2309 4799 ἐκ
2338 4744 2529 4797 τούτου
2555 4742 2895 4795 πιστεύεται.
2933 4742 3070 4796 Ἀπὸ
3094 4743 3201 4813 γὰρ
3227 4741 3422 4813 νεκροῦ
3444 4743 3697 4811 σώματος

2129 4843 2204 4910 μὴ
2237 4838 2547 4907 πεφυκότος
2579 4835 2911 4906 καταρῤέειν
2960 4831 3177 4896 ζέοντος
3221 4832 3477 4902 αἵματος,
3512 4832 3577 4885 ὲκ
3599 4830 3695 4884 τοῦ

2128 4930 2413 5000 Κυριακοῦ
2469 4927 2724 4997 σώματος
2780 4926 2878 4979 καὶ
2932 4931 3072 4994 μετὰ
3133 4925 3366 4979 θάνατον
3410 4921 3550 4993 αἷμα
3604 4924 3699 4977 καὶ

2130 5023 2276 5094 ὕδωρ
2311 5022 2502 5086 ζέοντα
2540 5020 2897 5091 ὲξέρρευσαν,
2934 5020 3009 5073 ὡς
3048 5020 3113 5071 ὲκ
3141 5016 3410 5079 ζωοποιοῦ
3445 5010 3696 5086 σώματος

2135 5114 2399 5179 ζωοποιά.
2429 5113 2492 5167 Εἰ
2522 5113 2580 5166 δέ
2622 5130 2705 5175 τις
2736 5113 2888 5183 εἴπῃ,
2915 5113 3025 5165 Καὶ
3067 5110 3157 5164 διὰ
3182 5110 3235 5163 τί
3266 5112 3373 5180 πρὸ
3404 5110 3501 5163 τοῦ
3534 5110 3695 5177 ἁγια-

1699 5229 1900 5292 Guill.
1932 5231 2265 5310 Beveregii
2308 5236 2496 5291 notas.

450 5329 641 5384 Jacobi
688 5330 771 5398 vel
811 5328 985 5382 sancti
1024 5328 1189 5382 Marci
1232 5330 1501 5398 Iiturgiam
1551 5336 2020 5387 commemorari:

455 5401 731 5471 additque,
761 5397 922 5451 Ἀλλὰ
944 5402 1035 5451 καὶ
1059 5402 1091 5469 ἡ
1118 5397 1380 5471 moram;
1414 5402 1707 5471 Ἐκκλησία
1734 5403 1828 5454 τοῦ
1854 5404 2020 5469 ἁγιω-

452 5485 617 5521 τατου
648 5468 740 5521 καὶ
765 5470 1140 5536 οὶκουμενικοῦ
1165 5471 1351 5535 θρόνου
1368 5468 1478 5536 ’τῆς
1510 5468 2022 5526 Κωνσταντινουπό-

453 5540 588 5599 Isto;
618 5539 724 5611 οὐδ’
750 5538 884 5611 ὅλως
906 5540 1109 5602 ταύτας
1141 5542 1512 5611 ἐπιγινρνσκει.
1545 5543 1908 5611 Ψηφιξόμεθα
1928 5541 2022 5594 οὐν

463 5612 536 5677 μὴ
602 5606 746 5662 εἶναι
806 5610 1000 5671 δεκτὰς
1056 5612 1246 5674 αὑτάς.
1309 5609 1488 5680 Neque
1542 5606 1702 5664 eum
1760 5606 2024 5665 catholica

449 5682 772 5733 sanctissimi
816 5690 862 5732 ct
905 5685 1205 5734 wcumenici
1241 5686 1413 5734 throni
1452 5682 2025 5749 (Σοιιδιαηιίηορυίιίαηὶ

453 5751 686 5804 [ecclesia
713 5752 821 5806 ulla
852 5752 1004 5805 modo
1031 5769 1119 5807 eas
1148 5754 1392 5823 liturgias
1414 5754 1671 5822 agnoscit.
1705 5752 2025 5807 Pronuntia-

1438 5904 1447 5927 \

2122 5348 2238 5385 ntus
2284 5332 2448 5400 igitur
2493 5331 2590 5383 has
2635 5347 2738 5383 non
2787 5344 2897 5400 esse
2934 5326 3282 5400 recipiendas.
3330 5325 3568 5400 Ba.sam.
3628 5322 3695 5376 ad
3732 5325 3735 5328 ⁴

2123 5395 2593 5471 ἔδεαι-είίιιιοιωε.
2652 5416 2691 5462 t.
2731 5400 2787 5453 in
2843 5399 2965 5452 Jur.
3014 5397 3108 5451 Gr.
3155 5395 3305 5449 Rom.
3376 5397 3412 5447 ι.
3469 5409 3522 5459 v,
3575 5409 3692 5463 pag.

2122 5472 2249 5532 56:2,
2284 5473 2409 5525 563.

2194 5544 2269 5611 (8)
2309 5543 2432 5593 Ὅτι
2458 5540 2524 5594 τὸ
2551 5538 2681 5599 ζέον
2704 5537 3196 5607 προστιθέμενον.
3230 5536 3453 5611 Eadem,
3483 5549 3603 5611 qua:
3632 5535 3696 5586 de

2122 5605 2262 5682 aqua
2298 5611 2507 5666 fervida
2543 5605 2999 5679 sancto'poculo‘
3026 5605 3691 5682 iunmisccnda_Balsainon

2123 5676 2374 5743 tradidit,
2425 5682 2621 5751 repetit
2678 5676 2845 5735 etiam
2904 5682 2957 5732 in
3010 5682 3290 5747 responsis
3335 5678 3401 5731 ad
3457 5676 3693 5730 Marcum

2124 5753 2577 5813 Alexandrinum.
2609 5751 2674 5805 ad
2711 5754 2976 5819 interrog.
3014 5751 3100 5803 18.
