3984 6474
465 346 574 410 69.3

1712 330 1989 392 TIIEOD.
2035 331 2328 392 BALSAM
2335 333 2429 392 ΟΝ

2394 207 2408 230 κ

3568 314 3703 387 ’624

460 455 632 520 ipsum
668 447 822 503 nobis
857 443 1066 519 ,Qhristi
1115 441 1327 497 Domini
1379 455 1574 509 corpus
1619 449 1673 493 et
1700 440 2021 508 sanguinem

2141 443 2411 512 ποτήριον,
2445 442 2507 495 τὸ
2549 443 2711 509 σῶμα
2756 443 2846 495 καὶ
2873 442 2933 494 τὸ
2967 438 3110 511 αἷμα
3151 439 3246 492 τοῦ
3296 441 3505 510 Κυρίου
3553 461 3702 512 παρ-

457 541 730 595 exliibent.
776 537 911 592 Nam
957 551 1148 604 panem
1193 535 1306 588 suis
1357 532 1445 586 ille
1476 531 1688 601 quidem
1740 530 2015 599 discipulis

461 633 760 702 porrigens,
789 628 1038 695 Accipite,
1070 624 1339 688 comedite,
1373 625 1580 692 inquit;
1613 623 1709 674 hoc
1729 632 1813 674 est
1841 637 2026 686 corpus

460 739 629 778 meum
668 723 736 776 ³⁸.
783 721 1020 776 Calicem
1072 735 1200 773 vero
1260 718 1546 786 prmbens,
1602 715 1774 771 Bibite
1823 733 1888 771 ea:
1934 717 2030 768 hoc

461 833 659 878 omnes,
687 815 798 880 ait;
829 813 912 867 hic
938 821 1012 867 est
1031 813 1244 882 sanguis
1277 827 1440 877 meus,
1463 812 1550 882 qui
1574 827 1670 880 pro
1697 811 1836 864 vobis
1866 819 1915 863 et
1934 825 2029 878 pro

465 910 640 963 multis
678 908 969 976 eﬂ‘unditur
1010 905 1079 958 ⁸⁸.
1109 905 1374 971 Quoniam
1407 918 1535 974 ergo
1583 905 1636 957 in
1671 903 1850 956 divina
1899 917 2031 971 pas-

462 1004 636 1066 sione,
669 1001 826 1055 hasta
869 989 1101 1066 traiecto
1148 997 1317 1050 latere
1352 996 1473 1066 ejus
1505 995 1824 1063 sanguinem
1872 1009 2027 1047 suum

468 1091 721 1146 Dominus
763 1088 1066 1153 eﬁundeus,
1112 1103 1218 1143 non
1265 1087 1580 1157 sanguinem
1625 1086 1819 1149 solum,
1851 1084 1944 1139 sed
1977 1094 2032 1138 et

463 1199 658 1253 aquam
688 1184 891 1247 emisit,
940 1181 1179 1272 Ecclesia
1224 1180 1451 1249 proinde
1499 1179 1549 1232 in
1599 1179 1768 1232 sacris
1815 1192 2031 1248 quoque

466 1276 737 1348 mysteriis
762 1276 945 1330 vinum
978 1274 1154 1329 infusa
1183 1288 1320 1339 aqua
1355 1272 1569 1327 misceri
1595 1272 1814 1326 omnino
1847 1285 2032 1325 neces-

466 1367 663 1422 sarium
708 1365 1056 1421 existimavit.
1093 1364 1290 1420 Verum
1333 1363 1574 1418 Armenii
1614 1363 1795 1416 vinum
1839 1362 1893 1416 in
1919 1379 2033 1434 my-

467 1460 601 1514 stica
659 1473 846 1513 mensa
903 1472 1111 1512 merum
1187 1456 1555 1522 adhibebant,
1625 1455 1793 1510 divini
1853 1455 2030 1511 Patris

466 1549 839 1622 Chrysostomi
871 1548 925 1603 in
971 1547 1320 1617 Evangellum
1353 1537 1590 1602 Μαιηιωί
1619 1547 2030 1618 explicationem

465 1642 519 1696 in
550 1642 665 1713 ejus
712 1649 1087 1710 argumentum
1135 1641 1485 1701 adducentes.
1528 1638 1604 1692 Eo
1655 1639 1817 1710 igitur
1846 1651 2032 1693 errore

467 1735 738 1799 damnato,
770 1731 1142 1804 Chrysostomi
1187 1730 1352 1804 verba
1407 1729 1592 1784 Patres
1638 1729 1797 1798 hujus
1841 1729 2028 1798 synodi

2133 535 2358 588 ιστῶσιν
2399 538 2554 606 ἡμῖν,
2592 537 2694 588 Τὸν
2720 537 2828 606 γάρ
2870 537 3036 606 ἄρτον
3059 535 3234 597 διδοὺς
3267 538 3383 597 τοῖς
3413 537 3640 598 οἰκείοις
3670 539 3703 590 ό

2129 629 2334 699 Κύριος
2398 629 2691 699 μαθηταῖς,
2747 628 2988 690 Λάϐετε,
3044 625 3282 695 φάγετε,
3328 627 3473 697 ἔφη·
3521 629 3704 681 τοῦτό

2129 721 2262 773 ἐστι
2289 720 2353 772 τὸ
2375 719 2546 789 σῶμά
2572 738 2712 789 μου.
2739 721 2847 772 Καὶ
2878 721 2938 772 τὸ
2966 723 3220 789 ποτήριον
3239 723 3493 791 παρέχων
3508 722 3700 783 αὑτοῦ,

2134 815 2303 864 Πίετε
2327 813 2397 876 ἐξ
2432 814 2620 866 αὐτοῦ
2651 813 2893 878 πάντες,
2932 812 3035 882 ἔφη
3063 828 3077 842 ⁸
3108 813 3284 867 τοῦτό
3304 814 3436 866 ἐστι
3465 815 3533 866 τὸ
3557 809 3704 876 αἷμὰ

2127 919 2247 970 μου
2275 903 2339 955 τὸ
2400 901 2555 970 ὑπὲρ
2604 901 2773 971 ὑμῶν
2823 902 2923 956 καὶ
2972 903 3218 956 πολλῶν
3265 904 3701 972 ἐκχυνόμεγον.

2142 995 2297 1048 Ἐπεὶ
2324 990 2418 1049 οὖν
2445 998 2502 1048 ἐν
2538 994 2615 1066 τῷ
2639 996 2768 1066 θείῳ
2798 996 2959 1048 πάθει
2988 996 3174 1059 αὑτοῦ,
3205 997 3378 1048 κενῶν
3411 997 3471 1048 τὸ
3495 998 3698 1048 οἰκεῖον

2134 1073 2274 1148 αἷμα
2302 1083 2329 1134 ό
2364 1083 2568 1152 Κύριος
2603 1083 2860 1153 νυγείσης
2890 1083 3059 1154 λόγχῃ
3098 1084 3200 1153 τῆς
3228 1085 3469 1155 πλευρᾶς
3507 1084 3700 1145 αὑτοῦ,

2133 1173 2230 1242 οὐχ
2254 1171 2393 1243 αἷμα
2427 1175 2608 1244 μόνον,
2627 1176 2763 1230 ἀλλὰ
2787 1178 2880 1229 καὶ
2903 1175 3044 1246 ὕδωρ
3070 1176 3360 1246 ἐξήγαγεν,
3387 1176 3704 1244 ἀναγκαίως

2132 1265 2351 1329 πάντως
2381 1271 2449 1336 τῇ
2494 1268 2791 1340 Ἐκκλησία
2821 1269 3133 1338 νενόμισται
3157 1271 3216 1320 ἐν
3251 1272 3363 1332 τοῖς
3392 1270 3558 1338 ἱεροῖς
3594 1287 3697 1337 μυ-

2135 1357 2376 1426 στηρίοις
2412 1358 2653 1430 ὕδωρ-τῷ
2686 1361 2813 1430 οίνῳ
2840 1362 3209 1430 παρακιρνᾷν.
3252 1360 3388 1412 Ἀλλ’
3417 1362 3467 1413 oi
3505 1360 3706 1430 Ἀρμέ-

2133 1465 2236 1501 νιοι
2259 1452 2387 1522 οἴνῳ
2422 1453 2568 1522 μόνῳ
2600 1453 2902 1524 ἐκέχρηντο
2943 1455 3007 1506 ’ἐν
3050 1457 3117 1525 τῇ
3152 1458 3389 1526 μυστικῇ
3423 1454 3699 1526 τραπέζῃ,

2132 1543 2404 1614 χρώμενοι
2435 1546 2500 1615 τῇ
2533 1545 2613 1606 είς
2638 1544 2699 1597 τὸ
2723 1546 2863 1598 κατὰ
2890 1545 3168 1598 Ματθαῖον
3208 1547 3544 1613 Εὑαγγὲλιον
3574 1545 3703 1611 ἐξη-

2132 1637 2289 1702 γήσει
2318 1635 2412 1688 τοῦ
2440 1636 2828 1706 Χρυσοστόμου
2861 1638 2954 1690 καὶ
2982 1637 3128 1690 θείου
3153 1639 3386 1708 Πατρός.
3412 1638 3582 1691 Τοῦτο
3607 1635 3703 1692 οὖν

2134 1729 2486 1796 ἀναιροῦντες
2546 1732 2596 1782 οἱ
2647 1730 2747 1799 τῆς
2802 1730 3019 1784 συνόδου
3079 1733 3284 1800 ταύτης
3344 1730 3587 1801 Πατὲρες
3630 1734 3705 1783 τὰ

465 1826 754 1897 explicant,
788 1802 1014 1895 quaeque
1045 1824 1111 1878 iis
1141 1802 1405 1879 sententia
1428 1823 1501 1877 sit
1531 1821 1774 1890 subjecta
1803 1820 2028 1874 demon-

2141 1821 2357 1889 ῥήματα
2393 1822 2485 1874 τοῦ
2532 1823 2921 1892 Χρυσοστόμου
2955 1823 3049 1876 καὶ
3092 1823 3190 1892 τὴν
3234 1823 3412 1875 αὐτῶν
3445 1823 3691 1875 διάνοιαν

465 1928 659 1973 strant.
691 1915 802 1974 Nec
829 1915 996 1984 enim,
1019 1915 1289 1986 inquiunt,
1326 1925 1384 1968 ut
1413 1913 1580 1969 solius
1617 1911 1725 1966 vini
1760 1911 2030 1981 potionem

466 2010 519 2064 in
563 2008 734 2063 sacris
784 2008 1054 2075 mysteriis
1103 2005 1458 2062 adhibendam
1511 2005 1762 2069 doceret,
1819 2009 1912 2058 sed
1975 2013 2034 2056 ut

469 2099 1068 2171 Hydroparastalarum,
1121 2098 1212 2172 qui
1243 2097 1354 2152 sola
1395 2112 1546 2166 aqua.
1575 2112 1787 2151 sacrum
1831 2095 2033 2149 facien-

465 2194 594 2247 dum
641 2192 1026 2261 opinarentur,
1082 2192 1330 2246 haeresim
1403 2189 1771 2253 convelleret,
1832 2203 2033 2257 eosque
2081 2229 2086 2235 .

467 2279 716 2334 Patribus
757 2279 1065 2348 sanctisque
1107 2278 1364 2349 apostolis
1414 2277 1687 2333 contraria
1737 2279 1939 2331 sentire
1981 2289 2035 2331 et

470 2371 646 2422 facere
678 2367 921 2429 doceret,
955 2381 1257 2421 sermonem
1314 2366 1461 2420 illum
1513 2365 1767 2420 instituit.
1819 2366 2031 2420 Etenim

457 2468 522 2513 et
551 2458 688 2527 ipse,
717 2457 769 2511 in
807 2457 1036 2512 ecclesia
1075 2472 1233 2526 quam
1268 2459 1459 2523 tenuit,
1489 2459 1670 2511 viuum
1716 2473 1853 2526 aqua
1899 2459 2035 2510 dilu-

471 2562 578 2602 tum
614 2549 666 2602 in
710 2549 934 2620 mystica
975 2549 1250 2604 oblatione
1299 2549 1660 2604 adhibendum
1698 2550 1946 2609 tradidit.
1981 2562 2034 2602 ct

462 2640 660 2708 reliqui
713 2640 903 2695 Patres
962 2639 1339 2711 Ecclesiaeque
1396 2642 1599 2697 lumina
1659 2645 1905 2695 eumdem
1956 2642 2037 2695 iu-

437 2733 679 2789 icruenti
726 2734 978 2790 sacrificii
1031 2749 1166 2802 pane
1202 2746 1256 2790 et
1291 2735 1434 2798 vino,
1485 2737 1713 2790 admista
1761 2751 1911 2805 aquae
1938 2751 2035 2805 po-

473 2824 650 2888 tione,
707 2824 1022 2880 conﬁciemli
1075 2825 1234 2878 ritum
1300 2826 1585 2879 tradidere.
1657 2826 1722 2879 Et
1778 2836 2032 2894 praeterea

470 2918 604 2972 sexti
638 2916 796 2986 hujus
819 2917 1006 2988 synodi
1048 2913 1236 2972 Patres
1259 2917 1548 2983 subjiciunt
1569 2917 1652 2982 iis,
1680 2918 1767 2985 qui
1803 2934 2037 2986 praesen-

476 3020 582 3062 tem
605 3025 865 3066 canonem
898 3009 1055 3082 194
1077 3011 1538 3079 transgrediuntur
1556 3051 1570 3076 ,
1587 3025 1710 3079 qua:
1739 3022 2037 3080 transgres-

2137 1914 2519 1982 σαφηνίζουσι,
2555 1915 2651 1968 καί
2681 1931 2847 1984 φασιν
2881 1917 3082 1984 ὅτιτὴν
3108 1916 3214 1968 τῶν
3260 1915 3706 1986 ’Υδροπαραστα-

2133 2006 2239 2056 τῶν
2273 2005 2483 2076 αἵρεσιν
2521 2007 2864 2076 ἀνατρέπων,
2897 2006 2946 2058 οἳ
2985 2007 3130 2077 μόνῳ
3163 2006 3319 2060 ὕδατι
3356 2007 3455 2078 τὴν
3501 2008 3700 2059 θυσίαν

2136 2097 2442 2166 ἱερουργεῖν
2469 2100 2706 2168 οἰόμενοι
2741 2102 3056 2170 κέχρηνται,
3088 2100 3182 2153 καὶ
3215 2099 3474 2152 δεικνύων
3502 2101 3702 2162 αὐτοὺς

2134 2192 2390 2252 ἐναντίως
2420 2193 2531 2253 τοῖς
2566 2191 2813 2260 Πατράσι
2857 2191 2952 2243 καὶ
3002 2193 3114 2254 τοῖς
3172 2193 3339 2262 ἱεροῖς
3381 2193 3703 2256 ἀποστόλοις

2137 2283 2536 2352 πορευομένους
2561 2285 2653 2336 καὶ
2673 2283 2982 2347 ποιοῦντας,
3006 2284 3098 2336 τὸν
3114 2286 3310 2338 οίκείον
3331 2285 3702 2339 κατεσκεύασε

2135 2374 2308 2443 λόγον,
2353 2373 2467 2427 ἀλλ’
2489 2377 2590 2429 οὐκ
2629 2377 2941 2446 ἐπιτρέπων
2971 2372 3114 2430 οἶνον
3165 2378 3327 2447 μόνον
3355 2382 3422 2432 ἐν.
3449 2383 3565 2446 τοῖς
3599 2398 3701 2449 μυ-

2138 2465 2380 2534 στηρίοις
2409 2465 2880 2534 παραλαμϐάνειν.
2915 2469 3024 2518 Καὶ
3054 2468 3208 2530 αὐτὸς
3238 2470 3343 2539 γάρ
3365 2463 3520 2532 οὗτος
3549 2473 3605 2522 ἐν
3636 2474 3700 2541 τῇ

2136 2559 2253 2609 κατ’
2282 2558 2442 2610 αὑτὸν
2485 2559 2774 2627 Ἐκκλησία
2803 2555 2946 2611 οἶνον
2978 2561 3070 2612 καὶ
3100 2560 3244 2631 ὓδωρ
3267 2563 3322 2612 ὲν
3351 2566 3465 2623 τοῖς
3495 2579 3704 2632 μυστη-

2139 2651 2274 2719 ρίοις
2301 2650 2674 2719 λαμϐάνεσθαι
2706 2652 3080 2719 παραδέδωκε,
3116 2653 3210 2705 καὶ
3239 2654 3289 2706 oi
3319 2653 3497 2706 λοιποὶ
3533 2655 3705 2708 Πατέ-

2138 2760 2230 2812 ρες
2255 2743 2348 2794 καὶ
2397 2744 2682 2811 φωστῆρες
2725 2743 2824 2812 τῆς
2870 2743 3193 2813 Ἐκκλησίας
3219 2746 3700 2814 παραδεδώκασιν,

2137 2837 2287 2902 ἄρτῳ
2335 2835 2428 2885 καί
2471 2834 2599 2901 οἴνῳ
2629 2832 2780 2885 ὕδατι
2845 2835 3170 2904 μεμιγμένῳ
3218 2834 3316 2904 τὴν
3361 2835 3704 2904 ἀναίμακτον

2139 2927 2330 2978 θυσίαν
2371 2928 2660 2980 ἐπιτελεῖν.
2699 2927 2804 2978 Kal.
2831 2926 2925 2978 ἐπὶ
2969 2926 3174 2989 τούτοις
3200 2928 3501 2996 ἐπάγουσιν
3523 2931 3573 2981 ol
3602 2931 3705 2997 τῆς

2137 3016 2300 3086 ἕκτης
2321 3017 2524 3086 ταύτης
2545 3018 2764 3085 συνόδου
2787 3021 2897 3080 τοῖς
2919 3020 3317 3089 παραϐαίνουσι
3338 3020 3429 3074 τὸν
3454 3020 3699 3090 παρόντα

476 3107 613 3163 sioni
642 3106 787 3176 justa
812 3103 1126 3159 credebant.
1161 3100 1296 3156 Nam
1329 3103 1375 3156 si
1405 3105 1687 3172 episcopus
1719 3102 1914 3170 aliquis
1945 3113 2036 3155 aut

2141 3111 2339 3163 κανόνα
2359 3109 2394 3164 ἃ.
2419 3111 2506 3162 διὰ
2529 3111 2626 3180 τὴν
2673 3111 2986 3181 παράϐασιν
3021 3114 3293 3165 πείσονται
3313 3127 3328 3143 ⁸
3365 3115 3461 3166 καί
3500 3131 3664 3182 φασιν
3685 3127 3700 3142 ⁸

475 3199 754 3269 presbyter
805 3204 1076 3265 acceptam
1145 3196 1213 3250 ab
1265 3195 1522 3265 apostolis
1585 3197 2032 3252 censuetudinem

475 3290 796 3358 neglexerit,
828 3303 892 3341 ac
940 3289 1142 3352 viuum,
1195 3301 1332 3355 aqua
1377 3285 1684 3340 nullatenus
1734 3285 1934 3350 infusa,
1984 3285 2035 3338 iu

475 3383 742 3438 sacriﬁcio
791 3379 1079 3450 purissimo
1122 3378 1395 3442 obtulerit,
1440 3378 1746 3442 hominem,
1801 3377 2037 3448 mysterii

474 3477 668 3544 quippe
702 3472 1016 3541 imperfecte
1048 3471 1306 3526 euuutiati
1358 3484 1532 3533 reum,
1582 3470 1772 3536 deponi
1823 3469 2034 3538 jubent.

476 3567 648 3621 Sliuns
701 3580 830 3619 vero
877 3563 1112 3632 perfecte
1177 3562 1488 3633 mysterium
1541 3563 1818 3623 enuntiat,
1874 3562 2037 3634 quia,

474 3674 596 3712 cum
624 3672 687 3712 ex
726 3657 1001 3710 morientis
1054 3655 1262 3709 Domini
1317 3654 1486 3708 latere
1533 3654 1751 3722 sanguis
1793 3663 1845 3707 et
1898 3667 2039 3721 aqua

474 3749 656 3813 simul,
704 3757 764 3802 ut
812 3746 1069 3810 diximus,
1102 3746 1409 3800 emanariut
1437 3784 1452 3810 ,
1502 3746 1822 3798 sacriﬁcium
1859 3753 2036 3798 tamen

382 3892 396 3908 ,
476 3842 589 3898 sola
616 3841 724 3896 viui
751 3839 1019 3894 oblatione
1065 3840 1412 3910 perﬁciendo,
1461 3853 1524 3893 ex
1563 3837 1771 3892 Domini
1815 3852 2040 3907 corpore

473 3935 788 4004 sanguinein
819 3931 991 3987 solum
1022 3931 1248 3986 ellusum
1269 3931 1452 3997 ,fuisse
1476 3943 1640 4000 opere
1673 3933 1789 3998 ipso
1821 3932 2040 3983 demon-

475 4037 635 4096 strat,
667 4035 721 4080 et
763 4025 932 4079 sacris
979 4023 1426 4092 evangelisiaruiu
1485 4021 1806 4077 testimoniis
1851 4022 2042 4076 adver-

477 4129 647 4183 satur,
693 4126 745 4170 ct
801 4117 996 4170 tradita
1053 4117 1319 4178 immutat,
1380 4119 1504 4168 dum
1551 4114 1705 4182 juxta
1761 4117 2037 4185 antiquam

477 4209 915 4264 consuetudinem
949 4222 1050 4260 nan
1083 4207 1370 4260 sacriﬁcat.

477 4298 705 4355 AltlST.
744 4319 762 4352 ι
804 4281 1220 4368 Chrysostouius
1264 4298 1840 4366 llydroparastntarum
1890 4311 2040 4351 ever-

549 4413 564 4439 ι
609 4401 727 4446 teus
779 4392 1048 4456 hmresiin,
1082 4387 1341 4454 Quando,
1398 4390 1562 4454 dicit,
1618 4401 1673 4442 et
1722 4406 1909 4458 passus
1961 4399 2042 4442 est

553 4503 570 4534 ι
614 4483 869 4537 Dominus
917 4493 971 4536 et
1027 4484 1340 4540 suscitatus.
1402 4496 1526 4534 Viuo
1585 4498 1712 4535 usus
1768 4492 1868 4535 est.
1922 4479 2036 4533 Hoc
2069 4486 2113 4540 D

549 4597 565 4623 ι
608 4573 928 4642 arripientes
979 4572 1244 4633 Armenii,
1304 4573 1488 4623 vinum
1551 4572 1722 4623 solum
1779 4570 2039 4634 offerunt,

553 4685 570 4714 ι
610 4679 710 4717 non
745 4662 1120 4730 intelligentcs,
1150 4659 1321 4728 ipsum
1363 4661 1522 4713 etiam
1567 4657 2036 4728 Cltrysostomuin,

550 4779 567 4809 ‹
603 4768 657 4812 et
687 4757 964 4819 Basiliam,
1003 4765 1056 4806 et
1099 4747 1363 4806 Jacobum
1415 4751 1540 4804 vino
1582 4766 1719 4818 aqua
1755 4751 2042 4805 counnisto

545 4872 562 4902 ι
607 4866 731 4906 usos
785 4850 969 4912 fuisse,
1022 4854 1096 4908 et,
1149 4856 1205 4898 ut
1259 4845 1330 4896 ita
1380 4860 1478 4899 nos
1522 4843 1834 4909 oﬁ’eratnus,
1879 4846 2043 4898 tradi-

540 4967 558 4996 ι
601 4945 762 5000 disse.
796 4942 851 4996 Si
887 4943 1007 5010 quis
1033 4954 1164 5008 ergo
1195 4939 1274 4990 vel
1320 4938 1433 4992 solo
1460 4937 1602 5001 vino,
1627 4939 1710 4991 vel
1747 4954 1885 5007 aqua
1921 4939 2035 4992 sola

547 5059 563 5089 ι
605 5052 657 5094 et
690 5053 796 5091 non
830 5034 1014 5098 mista,
1045 5035 1232 5098 utitur,
1266 5030 1582 5100 deponatur.
1613 5048 1640 5084 l

533 5134 774 5187 Armenii
807 5147 834 5184 a
867 5126 1240 5198 Clirysostomi
1294 5127 1347 5177 in
1403 5123 1640 5178 Matth-.ei
1688 5123 2035 5195 Evangelium

470 5226 936 5296 interpretatione,
996 5222 1048 5272 in
1110 5233 1212 5285 qu)
1279 5216 1887 5286 llydroparastatarum,
1945 5220 2035 5288 qui

471 5332 613 5387 aqua
657 5316 771 5371 sola
815 5316 866 5367 iu
901 5315 1176 5366 incruenta
1207 5309 1480 5364 oblatione
1516 5310 1824 5375 utebantur,
1868 5317 2038 5366 haere-

470 5409 575 5461 sim
624 5406 840 5460 aul'erre
895 5410 1120 5458 conatus
1170 5411 1276 5466 est,
1331 5401 1563 5462 seducti,
1626 5401 1806 5454 viuum
1867 5403 2040 5455 solum

474 5498 730 5554 oﬁ'erunt.
785 5495 898 5549 Non
958 5480 1314 5560 intelligentes
1361 5493 1550 5561 impii,
1607 5491 1750 5560 quod
1813 5494 1878 5546 ad
1943 5495 2042 5548 hoc

473 5592 700 5663 respicit
731 5598 838 5645 tota
874 5588 1047 5643 sancti
1073 5585 1252 5641 Patris
1285 5586 1482 5648 oratio,
1517 5594 1573 5639 ut
1605 5583 2040 5654 llydroparasta-

539 5775 588 5809 "
619 5775 805 5832 Matth.
841 5790 991 5841 xxvx,
1019 5773 1109 5828 26.
1133 5819 1148 5835 ,
1188 5773 1233 5803 ⁸³
1275 5769 1409 5827 ibid.
1443 5768 1532 5823 28.

2141 3204 2204 3254 Εἰ
2229 3219 2308 3263 τις
2337 3203 2635 3263 ἐπίσκοπος
2667 3204 2696 3268 ἢ
2726 3203 3100 3271 πρεσϐύτερος
3129 3205 3203 3274 μὴ
3231 3206 3370 3258 κατὰ
3399 3205 3495 3275 τὴν
3529 3223 3708 3274 παρα-

2139 3291 2388 3344 δοθεῖσαν
2418 3292 2523 3344 ὑπὸ
2550 3292 2659 3344 τῶν
2693 3293 2865 3360 ἁγίων
2895 3294 3209 3346 ἀποστόλων
3237 3295 3390 3359 τάξιν
3419 3297 3584 3358 ποιεῖ,
3613 3298 3710 3348 καὶ

2141 3383 2283 3452 ὕδωρ
2321 3385 2446 3454 οἴνῳ
2485 3385 2557 3455 μὴ
2593 3385 2788 3453 μιγνὺς
2821 3382 2964 3436 οὕτω
2997 3386 3095 3457 τὴν
3133 3388 3401 3456 ἄχραντον
3433 3389 3708 3456 προσάγει

2141 3475 2356 3540 θυσίαν,
2387 3475 2775 3544 καθαιρείσθω,
2805 3476 2878 3538 ῶς
2906 3477 3108 3539 ἀτελῶς
3131 3480 3189 3531 τὸ
3221 3479 3521 3548 μυστήριον
3546 3479 3709 3544 ἐξαγο

2140 3566 2362 3632 γέλλων.
2411 3566 2642 3630 Ἀτελῶς
2665 3569 2721 3620 δὲ
2749 3568 2808 3619 τὸ
2840 3570 3138 3638 μυστήριον
3163 3567 3498 3638 ἐξαγγέλλει,
3531 3569 3616 3622 διά
3648 3572 3710 3620 τὸ

2140 3658 2268 3728 οἴνῳ
2291 3658 2434 3727 μόνῳ
2467 3661 2563 3711 ἐπὶ
2591 3664 2654 3731 τῇ
2688 3663 2851 3734 θυσίᾳ
2875 3663 3199 3732 κεχρῆσθαι,
3235 3663 3328 3715 τοῦ
3366 3664 3599 3732 Κυρίου,
3629 3663 3705 3723 ὡς

2142 3751 2374 3822 ἔφημεν,
2410 3749 2549 3822 αἷμα
2575 3755 2670 3806 καὶ
2707 3753 2849 3824 ὕδωρ
2881 3755 2944 3808 ὲκ
2983 3757 3082 3824 τῆς
3119 3757 3329 3815 οἰκείας
3363 3751 3603 3823 πλευρᾶς
3651 3757 3711 3806 ὲν

2142 3843 2219 3912 τῷ
2283 3845 2448 3898 πάθει
2487 3846 2829 3916 προχέοντος.
2861 3848 3109 3901 Διδάσκει
3153 3847 3262 3917 γὰρ
3306 3848 3710 3916 πραγματικῶς

2141 3933 2284 4006 αἷμα
2316 3939 2474 4007 μόνον
2505 3940 2569 3991 ἐκ
2597 3939 2698 4007 τῆς
2726 3938 2820 3992 τοῦ
2870 3939 3073 4009 Κυρίου
3119 3940 3422 4008 κενωθῆναι
3481 3940 3709 4008 σαρκὸς.

2143 4033 2235 4085 καὶ
2261 4030 2595 4085 ἐναντιοῦται
2626 4033 2735 4093 τοῖς
2776 4033 2938 4100 ἱεροῖς
2981 4031 3418 4099 εὐαγγελισταῖς,
3456 4033 3708 4083 καὶκαι-

2143 4123 2280 4186 νίζει
2311 4123 2379 4175 τὰ
2407 4122 2839 4191 παραδεδομένα,
2872 4121 2948 4189 μὴ
2991 4120 3133 4173 κατά
3154 4120 3252 4190 τὴν
3300 4119 3534 4188 ἀρχαίαν
3565 4118 3711 4171 θύων

2144 4216 2466 4284 παράδοσιν.

2144 4308 2366 4362 ΑΡΙΣΤ.
2419 4327 2438 4358 ι
2472 4308 2584 4377 Τὴν
2622 4307 3145 4375 ’Υδροπαραστατῶν
3179 4305 3420 4376 ἀναιρῶν
3457 4306 3715 4374 αἵρεσινὸ

2221 4420 2239 4450 ι
2288 4401 2692 4470 Χρυσόστομος.
2718 4417 2736 4449 ι
2775 4398 2986 4459 Ἠνίκα,
3015 4417 3033 4448 ι
3061 4400 3213 4466 φησὶ,
3237 4417 3256 4448 ‹
3277 4398 3372 4449 καὶ
3389 4397 3661 4448 πέπονθεν
3690 4401 3716 4448 ὁ

2220 4507 2237 4539 ι
2284 4490 2509 4559 Κύριος,
2543 4491 2637 4541 καὶ
2668 4489 2982 4558 ἐγήγερται,
3010 4487 3092 4538 οἷν
3112 4509 3138 4554 ρ
3163 4488 3453 4556 ἐχρήσατο.
3487 4504 3507 4536 ι
3543 4485 3714 4536 Τοῦτο

2226 4603 2244 4634 «
2291 4582 2549 4643 λαϐόντες
2595 4579 2644 4632 οἱ
2688 4579 2988 4648 Ἀρμένιοι,
3019 4575 3159 4630 οἶνον
3189 4577 3528 4648 προσάγουσι
3553 4579 3716 4646 μόνον

2228 4695 2246 4727 ι
2292 4677 2390 4728 οὐκ
2419 4674 2642 4733 εἰδότες,
2685 4673 2781 4724 καὶ
2821 4672 2984 4724 αὐτὸν
3033 4671 3121 4722 τὸν
3157 4671 3568 4739 Χρυσόστομον,
3617 4673 3715 4722 καὶ

2225 4788 2242 4818 ι
2294 4766 2593 4827 Βασίλειον,
2627 4765 2721 4815 καὶ
2762 4763 3018 4816 Ἰάκωϐον
3047 4763 3173 4828 οἴνῳ
3206 4763 3529 4830 μεμιγμένῳ
3562 4761 3652 4814 ὖδο
3666 4781 3717 4812 τι

2227 4877 2244 4908 ⁸
2292 4856 2687 4926 κεχρημένους.
2742 4854 2835 4905 καὶ
2892 4855 3026 4922 ἡμῖν
3075 4853 3221 4903 οὕτω
3260 4853 3715 4920 παραδεδωκότας

2227 4970 2243 4999 ι
2299 4949 2620 5018 προσάγειν.
2651 4947 2712 4998 Εἴ
2741 4965 2822 5007 τις
2856 4943 2949 5014 οὖν
2977 4945 3008 5014 ἢ
3039 4945 3164 5014 οἴνῳ
3196 4945 3340 5013 μόνῳ
3370 4946 3400 5013 ἢ
3439 4935 3587 4997 ὕδατι
3621 4948 3719 5013 μά-

2226 5063 2242 5092 i
2293 5060 2386 5111 νῳ,
2408 5042 2522 5095 ἀλλ’
2540 5039 2661 5110 οὐχὶ
2686 5039 3008 5109 μεμιγμένῳ
3039 5037 3236 5106 χρῷτο,
3261 5035 3652 5105 καθαιρείσθω.
3695 5058 3713 5086 ι

2235 5134 2366 5186 Ἀπὸ
2389 5135 2485 5201 τῆς
2511 5135 2592 5194 είς
2617 5133 2678 5182 τὸ
2701 5131 2838 5183 κατὰ
2867 5129 3146 5182 Ματθαῖον
3181 5129 3516 5196 Εὑαγγέλιον
3541 5129 3718 5197 ἑρμη-

2151 5225 2298 5286 νείας
2346 5223 2436 5276 τοῦ
2483 5222 2883 5292 Χρυσοστόμου
2918 5219 2966 5270 οἱ
3007 5219 3280 5286 Ἀρμένιοι
3328 5217 3716 5286 πλανηθέντες,

2147 5319 2203 5368 ἐν
2305 5317 2404 5384 τὴν
2430 5315 2538 5366 τῶν
2602 5309 3132 5382 ’Υὸροπαραστατῶν
3189 5311 3402 5380 αἵρεσιν
3453 5309 3717 5361 ἔσπευσεν

2148 5408 2464 5476 ἀναιρῆται,
2499 5407 2608 5455 τῶν
2655 5404 2811 5455 ὕδατι
2845 5403 2991 5472 μόνῳ
3021 5403 3079 5453 ἐν
3133 5404 3196 5470 τῇ
3247 5400 3575 5470 ἀναιμάκτῳ
3625 5417 3721 5450 κε·-

2150 5499 2439 5570 χρημένων
2473 5497 2661 5567 θυσίᾳ.
2694 5493 2836 5548 οἶνον
2867 5494 3408 5566 μόνον’προσάγουσι
3434 5507 3447 5522 ο
3489 5492 3564 5560 μὴ
3599 5494 3718 5559 wgf].

2150 5607 2342 5650 σαντες
2388 5591 2436 5645 οἱ
2466 5589 2747 5651 δυσσεϐεῖς
2773 5587 2845 5650 ὡς
2887 5589 2964 5651 εἰς
2995 5585 3156 5640 τούτο
3179 5587 3282 5655 ὁρᾷ
3311 5587 3348 5655 ἡ
3378 5585 3528 5638 πᾶσα
3551 5601 3717 5638 κατα·
3767 5623 3770 5626 -
