3984 6474
231 364 335 429 625
1223 365 1304 425 IN
1345 366 1507 429 CAN.
1547 367 1800 429 xxxm
1839 368 2043 428 CONC.
2088 370 2167 429 IN
2206 372 2521 434 TRULLO.
3372 358 3480 424 626

238 470 421 541 σκευῆ
460 470 557 525 τοῦ
583 472 765 539 ἁγίου,
797 473 878 537 είς
919 474 981 528 τὸ
1012 474 1307 547 ἆναιρῆσαι
1348 476 1448 547 τὴν
1474 474 1686 545 αἵρεσιν
1713 476 1811 549 τῶι

1926 493 2096 535 tarum
2157 484 2403 536 Interesim
2462 483 2704 547 tolleret,
2764 482 2936 552 iisque
2998 478 3362 553 vino‘etiam
3424 479 3477 531 in

243 564 810 633 Ὑδροπαραστατῶν,
845 567 941 621 καὶ
959 568 1146 620 πεῖσαι
1176 569 1371 632 αὐτοὺς
1400 569 1492 622 καὶ
1514 566 1643 639 οἴνῳ
1670 567 1807 638 χρῆο

1915 575 2183 644 mysteriis
2230 574 2304 627 uti
2358 576 2723 643 persuaderet.
2770 574 2873 629 Sed
2922 572 3288 634 arbitrantes,
3338 570 3478 638 quod

232 654 361 706 σθαι
390 657 455 708 ὲν
478 658 592 717 τοῖς
635 658 978 729 μυστηρίοις.
1026 659 1186 713 Ἀλλὰ
1220 660 1537 729 νομίσαντες
1563 663 1646 714 ὅτι
1673 662 1805 714 ἁνα-

1914 664 2001 717 ille
2029 680 2181 732 aquae
2211 665 2262 717 in
2311 666 2377 720 iis
2416 665 2799 719 immissionem
2856 664 3128 724 refellens,
3181 661 3247 714 ad
3293 675 3478 714 eorum

229 748 463 823 τρέπων
493 749 555 801 τὸ
586 748 732 822 ὕδωρ
779 752 1143 821 ἐμϐάλλεσθαι
1180 755 1237 803 ἐν
1290 755 1493 817 αὐτοῖς,
1544 754 1678 823 πρὸς
1718 748 1802 807 τὸν

1925 758 2345 823 redargutionem
2374 772 2492 811 sese
2522 758 2791 827 Opposuit,
2822 758 3004 809 vinum
3025 756 3196 811 solum
3223 752 3498 813 oll‘erunl..

231 840 465 908 ἔλεγχον
488 842 855 914 άντικατέστη
893 846 1092 910 αὐτῶν,
1116 841 1258 898 οἶνον
1280 848 1437 913 μόνον
1466 848 1804 916 προσφέρου-

1939 860 2229 917 gnorantes
2271 849 2412 918 quod
2440 857 2495 903 et
2531 850 2643 916 ipse
2674 847 3119 920 Chrysostomus,
3156 855 3217 901 et
3246 844 3503 900 Basilius.

235 948 338 993 σιν,
374 932 713 999 ἀγνοοῦντες
750 934 824 997 ώς
866 937 960 987 καὶ
990 937 1152 995 αὐτὸς
1178 938 1205 988 ὁ
1234 937 1623 1006 Χρυσόστομος
1662 939 1757 990 καὶ
1783 940 1808 991 ὁ

1917 956 2165 1010 magnus,
2216 949 2270 995 et
2324 941 2537 994 Domini
2594 940 2763 994 frater
2806 938 3039 994 Jacolius
3086 939 3270 993 vinum
3330 951 3482 1006 aquae

236 1026 421 1090 ειέγας
479 1016 761 1089 Βασίλειος
816 1027 911 1079 καὶ
944 1029 971 1079 ὁ
1000 1028 1320 1095 ἀδελφόθεος
1369 1029 1622 1090 Ἰάκωϐος
1668 1026 1809 1081 οἶνον

1925 1032 2281 1086 immiscentes
2321 1031 2645 1086 sacrificium
2696 1029 3036 1087 oll‘erebant:
3096 1040 3152 1084 et
3193 1029 3351 1084 nobis
3408 1029 3483 1082 ita

238 1116 541 1183 μιγνύντες
575 1116 730 1170 ὕδατι
778 1118 879 1184 τὴν
911 1120 1103 1172 θυσίαν
1139 1120 1507 1191 προσέφερον·
1540 1123 1632 1174 καὶ
1680 1124 1811 1191 ἡμῖν

1917 1124 2112 1180 oll'erre
2156 1126 2513 1194 tradiderunt.
2568 1124 2625 1179 Si
2673 1124 2796 1194 quis
2837 1124 3017 1191 itaque
3059 1125 3344 1191 episcopus
3388 1129 3484 1175 aut

235 1206 377 1258 οὕτω
414 1208 725 1275 προσάγειν
758 1209 1231 1278 παραδεδώκασιν.
1263 1212 1329 1263 Εἴ
1356 1229 1437 1272 τις
1468 1206 1560 1264 οὖν
1587 1212 1808 1276 ἐπίσκο-

1920 1218 2198 1287 presbyter
2238 1190 2383 1271 'non
2428 1216 2728 1272 secundum
2797 1217 2939 1270 banc
3005 1213 3370 1283 apostolorum
3430 1222 3485 1264 et

238 1315 335 1359 πος
360 1299 395 1366 ἢ
443 1297 822 1369 πρεσϐύτερος
852 1300 926 1369 μὴ
953 1302 1094 1352 κατᾶ
1142 1301 1240 1371 τὴν
1273 1303 1574 1371 παράδοσιν
1607 1303 1811 1371 ταύτην

1920 1310 2221 1364 divinorum
2252 1308 2469 1363 Patrum
2507 1309 2871 1371 traditionem,
2903 1306 3299 1361 immaculatum
3328 1304 3484 1358 olI'ert

239 1388 344 1439 τῶν
400 1391 726 1443 ἀποστόλων
769 1391 865 1442 καὶ
916 1391 1024 1442 τῶν
1077 1390 1351 1461 θεοφόρων
1412 1395 1670 1464 Πατέρων
1714 1395 1812 1463 τὴν

1940 1402 2271 1473 sacrilicium,
2313 1404 2632 1470 deponatur,
2668 1410 2725 1457 ut
2770 1416 2873 1454 non
2926 1406 3183 1452 accurate
3232 1397 3513 1468 mysteria.

240 1483 515 1552 ἄχραντον
551 1484 821 1552 προσάγει
850 1482 1061 1548 θυσίαν,
1103 1485 1494 1553 καθαιρείσθω,
1527 1485 1603 1548 ώς
1629 1486 1813 1551 ἁπλῶς

1554 1488 1603 1548 )ς
1629 1486 1815 1551 ἅπλῶς
1923 1497 2199 1566 evulgans,
2230 1504 2283 1549 et
2311 1495 2510 1548 tradita
2540 1493 2871 1563 contemptui
2900 1492 3127 1547 habens.

243 1575 299 1624 τὸ
336 1575 648 1643 μυστήριον
693 1575 1061 1644 ἐξαγγέλλων,
1094 1576 1189 1627 καὶ
1216 1575 1424 1629 ἀθετῶν
1458 1578 1525 1629 τά
1575 1579 1818 1646 παραδεο

244 1666 465 1718 ὼαένα..

826 1760 1061 1814 ΚΛΝΩΝ
1108 1762 1228 1815 AI".

2449 1764 2531 1817 CA
2544 1762 2677 1819 NON
2728 1762 2965 1816 XXXIII.

254 1870 272 1899 ι
327 1851 666 1922 Ἐπειδήπερ
696 1852 942 1923 ἔγνωμεν
969 1856 1027 1906 ὲν
1070 1856 1135 1923 τῇ
1176 1853 1285 1907 τῶν
1330 1854 1634 1923 Ἀρμενίων
1664 1855 1818 1925 χώρᾳ

1941 1880 1944 1911 l
1988 1860 2250 1928 Quoniam
2304 1859 2674 1928 cognovimus,
2725 1858 2779 1911 in
2833 1857 3211 1911 Armeniorum
3268 1854 3514 1925 regione-

319 1963 337 1994 ι
389 1945 589 2013 μόνους
649 1948 723 1997 ἐν
767 1945 956 2015 κλήρῳ
988 1947 1117 2008 τοὺς
1173 1948 1236 1998 ὲκ
1294 1946 1490 2014 γένους
1539 1946 1817 2018 ἱερατικοῦ

1998 1973 2016 2004 ι
2057 1969 2149 2007 eos
2180 1952 2349 2007 solum
2382 1954 2436 2005 in
2471 1952 2601 2005 cleri
2646 1953 2891 2006 ordinem
2941 1950 3169 2013 referri,
3212 1950 3305 2019 qui
3364 1958 3506 2003 sunt

325 2058 337 2083 ι
386 2036 735 2102 κατάγεσθαι
778 2037 912 2105 (10),
960 2037 1273 2101 Ἰουδαϊκοῖς
1314 2038 1495 2089 ἔθεσιν
1538 2037 1820 2107 ἑπομένων

1991 2069 2009 2099 ι
2048 2064 2111 2101 ex
2143 2063 2338 2117 genere
2366 2047 2709 2110 sacerdotali,
2732 2048 2820 2109 iis,
2848 2047 2935 2111 qui
2962 2046 3063 2100 hoc
3094 2047 3272 2099 facere
3298 2058 3510 2111 aggre-

329 2150 345 2175 ‹
391 2130 498 2179 τῶν
536 2129 697 2182 τοῦτο
751 2132 1018 2200 πράττειν
1056 2130 1514 2201 ἐπιχειρούντωνο
1564 2131 1717 2189 τινὰς
1764 2132 1823 2183 δὲ

2001 2160 2019 2189 ι
2060 2140 2319 2204 diuntnr,
2373 2153 2549 2193 mores
2597 2138 2849 2194 Judaicos
2890 2137 3279 2204 sequentibus,
3356 2152 3490 2190 nun-

334 2241 352 2269 ι
394 2222 569 2272 αὑτῶν
599 2222 694 2274 καὶ
741 2221 816 2291 μὴ
854 2224 1321 2292 ἀποκειρομένους
1371 2222 1695 2292 ἱεροψάλτας
1728 2223 1824 2275 κα)⁹

2001 2253 2019 2283 ‹
2065 2232 2239 2287 uullos
2281 2240 2458 2285 autem
2493 2246 2697 2293 eorum,
2729 2231 2891 2284 etiam
2923 2245 3025 2283 non
3064 2238 3269 2287 tensos,
3303 2242 3509 2281 sacros“

343 2334 359 2361 ι
410 2311 756 2380 ἀναγνώστας
786 2312 932 2365 θείου
976 2314 1105 2365 ναοῦ
1135 2313 1535 2367 καθίστασθαι·
1590 2315 1827 2367 συνεῖδο-

2001 2347 2018 2377 σ
2061 2335 2310 2380 cantores
2368 2324 2424 2381 εὶ
2473 2325 2638 2379 divini
2695 2325 2875 2392 templi
2926 2324 3152 2378 lectores
3192 2320 3486 2378 constitui:

344 2424 359 2451 ι
409 2422 503 2472 μεν
539 2404 680 2458 ὥστε
717 2405 825 2458 ἀπὸ
858 2406 953 2458 τοῦ
988 2404 1086 2459 νῦν
1126 2409 1200 2476 μὴ
1233 2396 1435 2473 ἐξεῖναι
1465 2409 1580 2470 τοῖς
1622 2407 1825 2476 κλῆρον

2000 2439 2019 2471 ι
2059 2419 2419 2479 decernimus,
2454 2426 2514 2470 ut
2547 2418 2800 2483 deinceps
2830 2432 2933 2469 non
2965 2416 3130 2470 liceat
3155 2415 3241 2475 iis.
3270 2413 3363 2482 qui
3397 2428 3491 2467 vo-

338 2518 356 2546 ‹
400 2501 751 2566 βουλομένοις
774 2502 1038 2570 προάγειν
1062 2503 1214 2565 τινὰς
1237 2504 1319 2565 εἱς
1338 2503 1399 2556 τὸ
1422 2504 1575 2571 γένος
1596 2503 1828 2556 ἀποϐλέ-

2005 2530 2022 2561 ι
2063 2512 2175 2565 luut
2216 2511 2425 2577 aliquos
2469 2511 2533 2561 ad
2577 2508 2777 2561 clerum
2822 2508 3109 2572 adducere,
3148 2505 3215 2560 ad
3260 2504 3377 2573 ejus
3404 2504 3490 2557 cui

330 2612 347 2639 ι
394 2609 518 2645 πειν
557 2593 651 2646 τοῦ
685 2593 1167 2665 προχειριζομένου
1189 2610 1205 2625 ⁶
1238 2594 1376 2647 ἀλλὰ
1413 2594 1825 2663 δοκιμάζοντες,
1858 2660 1863 2669 τ

2005 2623 2023 2653 ‹
2064 2618 2257 2656 manus
2288 2600 2599 2668 imponitur,
2637 2614 2803 2667 genus
2834 2598 3142 2665 respicere;
3170 2598 3261 2652 sed
3291 2597 3499 2651 exami-

329 2702 346 2731 ι
396 2686 443 2736 εἰ
480 2687 621 2749 ἄξιοι
652 2680 785 2751 εἷεν,
824 2688 962 2739 κατὰ
986 2687 1112 2748 τοῦς
1151 2686 1407 2750 τεθέντας
1439 2689 1495 2738 ἐν
1518 2689 1631 2750 τοῖς
1665 2690 1828 2756 ἱεροῖς

2009 2710 2026 2739 ‹
2070 2698 2262 2743 nantes
2298 2706 2363 2743 an
2390 2689 2531 2759 digni
2575 2690 2683 2741 sint
2710 2687 2859 2755 juxta
2905 2688 3213 2757 prmscripta
3244 2688 3295 2740 in
3326 2686 3498 2740 sacris

329 2800 345 2827 ι
398 2779 627 2831 κανόσιν
653 2781 835 2849 ὄρους,
870 2781 928 2832 ὲν
956 2780 1141 2850 κλήρῳ
1184 2780 1574 2850 καταλεγῆναι,
1606 2781 1829 2843 τούτους

2012 2803 2029 2831 ι
2070 2782 2368 2834 canonibus
2425 2781 2679 2845 decreta,
2738 2780 2831 2848 qui
2883 2779 2934 2831 in
2995 2778 3122 2833 cleri
3193 2777 3494 2846 catalogum

326 2892 343 2919 ι
397 2872 891 2939 ἐκκλησιαστικοὺς
919 2872 1385 2942 προχειρίζεσθαι,
1439 2875 1547 2926 εἴτε
1617 2875 1708 2926 καὶ
1766 2876 1830 2927 ἐκ

2004 2894 2020 2919 ε
2065 2876 2389 2935 referantur,
2421 2885 2514 2923 eos
2562 2869 2957 2924 ecclesiasticos
3000 2884 3336 2937 promovere.
3383 2869 3501 2924 sive

328 2984 344 3012 ι
398 2964 685 3034 προγόνων
735 2966 1003 3031 γεγόνασι.
1041 2965 1254 3036 ἱερέων,
1300 2968 1410 3019 εἴτε
1435 2966 1531 3018 καὶ
1561 2968 1667 3035 μήθ
1696 2964 1831 3018 ἀλλὰ

1999 2982 2015 3011 ι
2056 2965 2162 3016 sint
2197 2978 2260 3015 ex
2304 2962 2599 3030 majoribus
2629 2964 2738 3016 suis
2769 2962 3159 3023 sacerdotibus.
3191 2963 3306 3016 sive
3349 2978 3491 3025 non;

326 3076 344 3107 ι
401 3057 538 3124 μηδέ
563 3074 685 3108 τινα
704 3057 813 3109 τῶν
843 3057 1100 3111 ἁπάντων
1127 3060 1434 3129 συγχωρεῖν
1465 3057 1551 3110 ἐπ’
1578 3058 1830 3128 ἄμϐωνας

2011 3074 2027 3103 ι
2068 3057 2157 3107 sed
2195 3056 2354 3107 etiam
2387 3066 2446 3106 ut
2487 3054 2612 3106 nulli
2659 3068 2725 3107 ex
2774 3055 3027 3109 omnibus
3076 3069 3261 3107 eorum
3312 3054 3488 3116 liceat,

325 3167 341 3196 ι
391 3148 542 3201 κατὰ
570 3148 803 3216 τὴντῶν
825 3152 881 3202 ὲν
901 3150 979 3218 τῷ
997 3150 1183 3221 κλήρῳ
1203 3151 1656 3219 καταλεγομένων
1676 3152 1829 3216 τάξιν
1857 3180 1898 3238 C

2008 3167 2023 3190 ι
2067 3146 2156 3215 qui
2205 3156 2331 3199 sunt
2363 3146 2411 3197 in
2447 3145 2763 3198 clericorum
2795 3145 3039 3199 ordinem
3083 3145 3255 3207 relati,
3303 3144 3495 3214 popqu

320 3260 338 3289 ι
394 3244 525 3304 τοὺς
575 3242 755 3305 θείους
795 3243 871 3312 τῷ
898 3244 1013 3315 λαῷ
1059 3244 1249 3313 λόγους
1282 3246 1593 3311 ἀποφωνεῖν
1634 3245 1745 3313 (Η)
1778 3247 1827 3299 εἱ
1876 3237 1881 3238 ί

2007 3238 2024 3289 ι
2072 3243 2123 3291 in
2152 3248 2401 3308 suggestu
2432 3237 2640 3292 divinas
2674 3238 2987 3306 Scripturas
3020 3239 3269 3299 recitare.
3301 3238 3403 3294 uisi
3448 3239 3506 3291 is

322 3352 339 3379 ο
398 3334 477 3404 μή
502 3352 553 3387 τι
606 3335 672 3387 ἂν
702 3335 949 3405 ἱερατικῇ
982 3337 1157 3407 κουρᾷ
1177 3338 1437 3407 χρήσοιτο
1490 3338 1518 3389 ὁ
1565 3335 1827 3399 τοιοῦτος,

2004 3349 2025 3382 ι
2061 3331 2378 3385 sacerdotali
2410 3343 2627 3383 tonsura
2673 3345 2805 3385 usus
2850 3329 3028 3391 fuerit.
3071 3341 3123 3385 et
3158 3331 3494 3386 benedictio-

325 3446 343 3476 ι
402 3426 497 3478 καὶ
547 3426 647 3497 τὴν
699 3428 953 3495 εὐλογίαν
1005 3429 1109 3483 ὑπὸ
1169 3428 1264 3481 τοῦ
1309 3430 1513 3483 οἰκείου
1573 3430 1829 3496 ποιμένος

2010 3442 2027 3471 ‹
2070 3436 2188 3474 nem
2217 3437 2244 3473 a
2271 3438 2368 3475 suo
2392 3434 2607 3490 pastore
2637 3421 2893 3477 canonice
2923 3424 3242 3491 susceperit.
3287 3420 3343 3477 Si
3371 3424 3496 3493 quis

325 3538 343 3565 ι
402 3517 711 3583 κανονικῶς
764 3519 1097 3585 ὐποδέξοιτο.
1164 3521 1226 3574 Εἰ
1292 3521 1351 3574 δέ
1404 3538 1489 3584 τις
1544 3518 1826 3588 φωραθείη

2012 3533 2029 3564 ι
2068 3524 2248 3569 autem
2283 3514 2440 3569 aliter
2480 3514 2662 3571 facere
2704 3516 3070 3585 deprehensus
3105 3515 3289 3581 fuerit,
3335 3518 3500 3586 depo.

326 3630 345 3660 ι
402 3611 556 3678 παρὰ
589 3612 657 3664 τὰ
684 3612 1162 3685 προγεγραμμένα
1195 3613 1390 3675 ποιῶν,
1425 3611 1824 3684 ἀφοριζέσθω.»
2007 3626 2024 3658 ι
2069 3616 2247 3663 natur.
2283 3625 2301 3656 ι

322 3705 528 3759 ΒΑΛΣ.
557 3704 661 3757 Δύο
692 3704 866 3758 ταῦτα
899 3707 927 3757 ὁ
961 3704 1151 3775 παρών
1188 3704 1369 3758 κανὼν
1412 3704 1741 3776 διορθοῦται,
1772 3705 1831 3756 τὺ

2000 3699 2195 3757 BALS.
2229 3700 2353 3753 Ilaec
2392 3714 2499 3753 auo
2523 3715 2758 3767 praesens
2793 3715 2964 3756 canon
3000 3702 3240 3770 corrigit,
3273 3704 3502 3771 etquod

255 3796 407 3848 κατά
436 3796 536 3865 τὴν
575 3796 759 3865 χώραν
808 3796 916 3848 1th
963 3796 1267 3866 Ἀρμενίων
1310 3795 1496 3858 κακῶς
1545 3795 1828 3863 γινόμενον

1936 3793 1986 3844 in
2031 3793 2409 3846 Armeniorum
2453 3792 2675 3861 regione
2719 3793 2860 3848 male
2893 3793 3074 3859 ﬁebat,
3124 3804 3180 3848 ut
3223 3811 3327 3850 non
3360 3796 3498 3849 alias

255 3886 421 3955 χάριν
450 3885 543 3938 τοῦ
583 3886 659 3955 μὴ
698 3886 871 3949 ἄλλως
908 3886 1159 3955 γίνεσθαι
1202 3887 1520 3956 κληρικοὺς,
1561 3886 1697 3939 ἀλλὰ
1732 3886 1828 3955 μό-

1935 3868 2125 3937 ﬁerent
2172 3882 2379 3946 clerici,
2422 3882 2523 3936 nisi
2581 3884 2616 3935 ii
2670 3884 2759 3952 qui
2813 3900 2880 3939 ex
2922 3871 3123 3952 'genere
3172 3887 3508 3941 sacerdotali

254 3996 389 4041 νους
420 3982 547 4041 τοὺς
573 3979 636 4031 ὲκ
666 3980 856 4047 γένους
888 3979 1166 4048 ἱερατικοῦ
1206 3981 1615 4049 καταγομένους
1647 3978 1742 4030 καὶ
1773 3978 1827 4029 τδ

1936 3973 2382 4035 descendissent;
2417 3982 2471 4026 et
2501 3974 2639 4041 quod
2666 3973 2718 4027 in
2744 3986 2993 4047 suggestu
3025 3975 3217 4039 divina:
3253 3976 3496 4045 Scriptu-

256 4072 351 4122 ἐπὶ
386 4070 642 4140 ἄμϐωνος
702 4071 1180 4140 ἀναγινώσκεσθαι
1221 4072 1291 4129 τὰ
1335 4073 1454 4123 θεῖα.
1494 4070 1651 4138 λόγια
1682 4070 1829 4138 παρὰ

1936 4081 2009 4120 rae
2035 4065 2353 4133 legebantur
2379 4063 2447 4118 ab‘
2490 4065 2554 4117 iis
2601 4064 3061 4135 quilepiscopales
3094 4077 3349 4124 tonsuras
3392 4086 3494 4123 non

256 4163 371 4215 1th
409 4162 482 4231 μὴ
510 4163 744 4233 ἑχόντων
778 4164 1149 4225 ἐπισκοπικάς
1178 4164 1549 4231 ὲπικουρίδας,
1589 4162 1678 4214 τὸν
1712 4163 1829 4231 μὲν,

1936 4159 2205 4212 habebant
2240 4175 2251 4209 :
2286 4155 2415 4210 illud
2459 4157 2699 4224 quidem,
2749 4168 2805 4209 ut
2844 4156 3126 4213 Iudaicum
3172 4160 3312 4231 (lege
3346 4163 3495 4215 enim

261 4257 337 4307 ώς
383 4254 681 4307 Ἰουδαϊκὸν
736 4255 1179 4324 (νενομοθέτηται
1232 4255 1342 4326 γὰρ
1372 4253 1522 4324 παρὰ
1567 4252 1834 4315 Ἰουδαίοις

1937 4252 2074 4320 apud
2110 4250 2324 4305 Judazos
2354 4258 2567 4303 cautum
2602 4258 2723 4312 est,
2771 4259 2829 4303 ut
2879 4265 2946 4304 ex
2998 4252 3155 4323 195
3212 4254 3350 4311 tribu
3400 4252 3500 4307 Le-

257 4348 369 4399 ἀπὸ
402 4345 505 4416 τῆς
553 4347 845 4414 Λευῖτικῆς
878 4348 1048 4417 φυλῆς
1075 4349 1171 4401 καὶ
1206 4347 1373 4415 μόνης
1399 4347 1525 4407 τοὺς
1551 4347 1717 4415 ἱερεῖς
1752 4344 1830 4412 γί-

1939 4342 2097 4396 vilica
2126 4357 2297 4411 eaque
2328 4342 2440 4396 sola
2472 4341 2780 4395 sacerdotes
2828 4343 3077 4413 ﬁerent);
3112 4345 3213 4399 hoc
3257 4360 3409 4408 vero,
3446 4355 3512 4398 ue

259 4438 454 4489 νεσθαι
474 4437 515 4504 ),
546 4437 608 4489 τὸ
644 4437 722 4501 δὲ,
754 4438 830 4497 ὡς
859 4437 1157 4505 ἀλογίστως
1175 4437 1518 4506 τελούμενον.
1551 4438 1719 4489 Φασὶν
1742 4434 1832 4490 οὖν

1938 4435 2082 4504 quod
2130 4435 2528 4490 inconsiderate
2584 4434 2758 4489 ﬁeret.
2811 4435 3005 4489 Dicunt
3056 4437 3237 4507 itaque
3286 4438 3499 4497 Patres.

260 4534 306 4583 oi
336 4525 585 4599 Πατέρ“ες
610 4529 853 4591 ἐκείνους
880 4530 936 4580 ὲν
958 4529 1037 4598 τῷ
1074 4529 1264 4599 κλήρῳ
1290 4528 1743 4591 κατατάττεσθαι,
1764 4530 1833 4598 μὴ

1944 4525 2060 4580 illos
2087 4526 2139 4580 in
2172 4524 2319 4579 clero
2350 4522 2589 4579 ordinari
2620 4532 2889 4591 oportere,
2938 4542 3047 4581 non
3080 4529 3168 4594 qui
3199 4541 3265 4582 ex
3307 4542 3517 4598 genere-

261 4621 393 4682 τοὺς
423 4620 488 4672 ἐκ
516 4617 711 4687 γένους
743 4618 1019 4688 κληρικῶν
1066 4618 1243 4682 ὄντας,
1294 4618 1430 4671 ἀλλὰ
1459 4618 1587 4679 τοὺς
1633 4617 1834 4683 ἀξίους,

1949 4618 2287 4680 clericorum,
2333 4615 2425 4668 sed
2455 4615 2545 4683 qui
2583 4615 2730 4683 digni
2769 4626 2917 4682 sunt,
2964 4627 3017 4671 et
3064 4620 3352 4687 episcopali
3397 4621 3504 4689 ele-

264 4715 363 4764 καὶ
399 4713 519 4765 κατ’
554 4711 809 4780 ἐπιλογὴν
840 4711 1209 4781 ὲπισκοπικὴν
1240 4711 1710 4780 προτιμωμένους,
1734 4711 1837 4764 κᾶν

1946 4707 2122 4760 ctione
2148 4715 2551 4774 praeponuntur,
2578 4705 2786 4761 etiamsi
2812 4723 2916 4761 non
2937 4707 3048 4763 sint
3075 4724 3139 4763 ex
3165 4711 3254 4765 tali
3278 4726 3472 4777 genere
3490 4732 3514 4767 .-

269 4804 347 4873 μὴ
378 4806 441 4855 ὲκ
462 4803 654 4870 γένους
676 4802 915 4856 τοιούτου
938 4796 1071 4855 ὦσιν
1089 4819 1105 4834 ο
1124 4802 1383 4865 ὡσαύτως
1410 4802 1509 4864 τὰς
1540 4802 1627 4854 ἐπ’
1649 4802 1839 4871 ἄμϐω-

1944 4798 2193 4850 similiter
2220 4795 2349 4849 et-iu
2384 4806 2635 4865 suggestu
2663 4810 2756 4851 eos
2783 4797 2927 4853 solos
2968 4799 3143 4867 legere
3172 4802 3388 4865 debere,
3416 4808 3506 4866 qui

267 4913 358 4958 νος
380 4895 715 4963 ἀναγνώσεις
744 4896 936 4965 μόνους
964 4897 1138 4947 ποιεῖν
1160 4895 1285 4957 τοὺς
1312 4895 1392 4957 εἱς
1414 4893 1572 4947 τοῦτο
1596 4892 1839 4959 ἀποκλη-

1943 4893 2011 4945 ad
2062 4890 2163 4943 hoc
2214 4890 2268 4943 in
2314 4889 2635 4943 clericorum
2688 4905 2969 4943 numerum
3022 4893 3197 4956 relati,
3222 4904 3372 4960 sunt,
3405 4914 3500 4951 eos

274 4986 575 5054 ρωθέντας,
608 4987 779 5056 ἤγουν
801 4986 927 5046 τοὺς
956 4985 1179 5065 ἕχοντρις
1218 4984 1588 5044 ὲπισκοπικάς
1612 4984 1836 5034 ἐπικου-

1945 4982 2151 5036 scilicet
2179 4981 2268 5048 qui
2310 4982 2509 5036 habent
2552 4982 2881 5051 episcopales
2912 4992 3183 5038 tonsuras.
3227 4985 3348 5040 lIa-c
3382 5004 3502 5042 cum

276 5078 450 5143 ρίὸπε.
501 5076 687 5129 Ταῦτα
733 5076 827 5129 τοῦ
881 5075 1026 5129 θείου
1069 5079 1291 5138 κανόνος
1321 5075 1839 5145 παρακελευομένου

1949 5088 2103 5127 sacer
2128 5086 2299 5127 canon
2327 5072 2533 5142 jubeat,
2568 5078 2623 5127 et
2651 5088 2745 5128 eos
2778 5075 3208 5129 excommunicet
3233 5077 3322 5144 qui
3351 5077 3509 5130 aliter

275 5172 372 5221 καὶ
400 5168 755 5237 άξρορίξοντος
785 5166 909 5228 τοὺς
933 5168 1084 5236 παρὰ
1104 5169 1276 5221 ταῦτα
1310 5167 1618 5230 ποιοῦντας,
1649 5165 1842 5235 ἐλαλή-

1950 5164 2174 5228 faciuut,
2206 5178 2347 5231 szepe
2372 5163 2575 5217 dictum
2600 5172 2683 5218 est
2713 5179 2742 5237 a
2776 5164 3003 5220 diversis
3039 5167 3507 5239 antistitilius,qni

1510 5332 1711 5393 Guill.
1746 5330 2075 5408 Beveregii
2124 5336 2312 5390 nota).
2388 5316 2391 5317 ν

352 5458 466 5525 (10)
513 5456 902 5525 Κατάγεσθαι.
938 5457 1069 5513 Mss.
1115 5458 1451 5513 lEtoniensis
1483 5467 1535 5511 et
1576 5458 1843 5510 Amerba-

2010 5456 2122 5523 (Il)
2187 5455 2563 5527 ’Arzogwrsi'r.
2622 5455 2802 5527 Codex
2854 5456 3322 5514 Amerbacliianus
3383 5463 3509 5527 legit

282 5528 516 5581 cluianus
558 5530 740 5590 legunt
778 5529 1209 5581 κατατάττεσθαι
1243 5529 1512 5599 constitui,
1544 5526 1787 5599 ordinari
1820 5544 1839 5581 :

1940 5528 2267 5593 ὑποφωνεῖν.
2324 5525 2626 5599 Utrumque
2676 5526 2813 5580 idem
2868 5528 2955 5599 hic
3011 5529 3302 5599 significat,
3361 5525 3504 5599 quod

282 5599 411 5665 quin
440 5600 604 5650 etiam
628 5599 983 5668 κατάγεσθαι,
1012 5616 1109 5668 pro
1148 5597 1553 5663 καταταγέσθαι
1588 5598 1842 5668 mendose

1938 5599 2237 5668 ἐκφωνείν,
2287 5596 2666 5668 pronuntiare,
2712 5596 3083 5668 promulgare;
3122 5596 3388 5655 recitare.
3418 5604 3508 5654 Sic

286 5669 549 5734 scriptum
589 5669 823 5720 videtur.
854 5667 985 5719 Nam
1015 5665 1070 5721 et
1114 5670 1168 5719 ὲν
1210 5670 1395 5736 κλήρῳ
1429 5666 1840 5732 καταταγέσθαι

1947 5668 2425 5737 ἱιιιιειορτοιυεᾲροι·
2494 5665 2892 5737 ἀναγινώσκειν
2958 5682 3255 5730 exponunt.
3321 5670 3520 5737 Neque-

285 5748 365 5789 cst
422 5740 473 5789 in
522 5738 658 5789 clero
706 5738 971 5799 constitui.
1019 5739 1072 5790 in
1125 5738 1248 5790 cleri
1297 5735 1532 5790 Ordinem
1581 5738 1767 5800 referri
1824 5752 1843 5789 :
1940 5737 2083 5788 enim
2140 5736 2228 5789 hic
2271 5735 2339 5789 de
2390 5736 2746 5789 coneionibus
2802 5736 3088 5799 habendis.
3143 5740 3237 5794 sed
3287 5735 3520 5794 tantum.

288 5808 741 5876 quemadmodum
774 5808 935 5861 etiam
968 5806 1228 5861 Ilervrtus
1260 5808 1437 5859 locum
1470 5808 1770 5859 transtulit.
1940 5807 2007 5858 de
2048 5807 2220 5859 sacris
2262 5805 2569 5874 Scripturis
2604 5804 2845 5875 legendis
2881 5808 3081 5876 agitur.
