3984 6474
269 368 377 431 6‘29

1262 374 1345 434 IN
1378 375 1540 435 CAN.
1586 374 1825 435 XXXIV
1867 376 2073 435 CUNC.
2121 375 2201 434 ΙΝ
2238 377 2558 439 TRULLO.

3406 375 3524 441 630

336 488 467 552 Τοῖς
523 485 839 549 Ἰουδαϊκοῖς
891 488 1149 559 ἑπόμενοι
1204 487 1380 542 ἔθεσιν
1410 491 1461 542 ot
1495 491 1554 542 ὲν
1588 492 1653 558 τῇ
1692 490 1848 559 χώρᾳ

1978 494 2049 559 Qui
2083 494 2134 545 iu
2164 493 2543 547 Armeniorum
2565 502 2687 547 sunt
2721 493 2939 561 regione
2958 491 3208 552 Iudaicos
3234 506 3527 563 sequentes

263 583 375 633 τῶν
416 580 746 654 Ἀρμενίων,
806 580 1005 650 μόνους
1036 585 1164 646 τοὺς
1222 584 1286 636 ἐκ
1341 583 1533 651 γένους
1568 582 1843 654 ἱερατικοῦ

264 673 430 735 ὂντας
461 674 546 735 είς
577 671 783 741 κλῆρον
828 673 1240 743 προσδέχονται.
1292 672 1456 725 Ἀλλά
1486 672 1579 724 καὶ
1605 672 1733 734 τοὺς
1771 670 1847 741 μὴ

264 763 526 829 εὐλογίας
558 763 823 833 τυχόντας
867 763 1195 831 ἐπισκόπου,
1250 765 1343 815 καὶ
1398 764 1648 834 ἱερατικῇ
1678 763 1849 833 κουρᾷ

265 854 683 922 χρησαμένους,
713 853 1040 924 ίεροψάλτας
1069 854 1369 917 καθίστων,
1404 855 1498 905 καὶ
1520 853 1599 922 τῷ
1621 853 1735 922 λαῷ
1762 853 1846 905 ἐπ’

267 948 527 1012 ἄμϐωνος
549 947 650 1009 τὰς
686 948 839 1018 ίεράς
862 946 1078 1017 βίϐλους
1108 945 1507 1014 ἀναγινώσκειν
1532 946 1846 1000 ἐπέταττον.

268 1037 366 1089 Διά
398 1036 556 1089 τοῦτο
582 1037 713 1105 γοῦν
742 1037 916 1089 ταῦτα
947 1037 1044 1089 καὶ
1087 1037 1376 1106 ἀμφότερα
1409 1035 1438 1087 ό
1489 1035 1679 1106 παρὼν
1696 1031 1851 1098 οὗτος

267 1129 641 1196 ἀπαγορεύων
672 1128 877 1193 κανὼν,
914 1131 1240 1199 προστάττει
1312 1130 1452 1199 μήτε
1499 1130 1578 1191 είς
1603 1129 1663 1180 τὸ
1692 1130 1851 1195 γένος

270 1222 487 1290 ἀφορᾷν
525 1222 622 1273 τοῦ
671 1220 1003 1291 βουλομένου
1063 1224 1144 1285 είς
1203 1221 1405 1291 κλῆρον
1459 1220 1846 1291 προαχθῆναιο

268 1314 403 1363 ἀλλά
434 1314 598 1365 τοῦτο
622 1314 784 1382 μόνον
807 1316 1127 1386 ἀνερευνᾷν,
1151 1316 1200 1367 εί
1226 1314 1376 1381 ἄξιός
1401 1315 1515 1367 ἐστι
1533 1329 1547 1344 '
1582 1314 1719 1383 μήτε
1746 1314 1852 1366 τινὶ

271 1408 602 1476 συγχωρεῖν,
632 1407 775 1461 ὥστε
807 1407 1205 1474 ἀναγινώσκειν
1297 1408 1522 1477 ψάλλειν
1552 1406 1639 1458 ἐπ’
1666 1406 1854 1470 ἄμϐω-

268 1516 378 1563 νος,
419 1501 469 1552 εί
507 1499 580 1569 μὴ
606 1501 760 1570 παρὰ
790 1500 887 1554 τοῦ
918 1501 1051 1554 ίδίου
1083 1501 1389 1554 ἐπισκόπου
1434 1500 1688 1567 εὐλογίας
1712 1499 1849 1570 τύχῃ

270 1586 591 1655 κανονικῆς,
646 1589 741 1642 καὶ
791 1591 1046 1660 ίερατικῇ
1088 1593 1267 1662 κουρᾷ
1310 1592 1617 1661 χρήσηται·
1674 1593 1765 1643 τὸν
1795 1591 1853 1643 δὲ

272 1678 423 1745 παρά
448 1678 518 1732 τὰ
558 1681 799 1735 ἐνταῦθα
826 1683 1236 1754 διατεταγμένα
1285 1683 1550 1737 ποιοῦντα
1594 1685 1855 1753 ἀφορίζε-

275 1770 418 1825 σθαι.
976 1810 981 1813 .

874 1870 1116 1924 ΚΑΝΩΝ
1145 1868 1265 1927 ΛΔ’.

282 1974 301 2005 ι
340 1958 446 2011 Καὶ
472 1959 634 2014 τοῦτο
664 1960 721 2015 δὲ
739 1961 833 2015 τοῦ
865 1964 1141 2032 ἱερατικοῦ
1187 1966 1411 2026 κανόνος
1446 1963 1636 2033 σαφῶς
1666 1963 1854 2029 διαγο-

348 2070 367 2101 ι
410 2053 685 2120 ρεύοντος,
710 2054 787 2116 ὡς
814 2058 876 2110 τὸ
897 2058 998 2125 τῆς
1023 2059 1369 2126 συνωμοσίας
1396 2058 1429 2126 ἢ
1451 2057 1725 2129 φρατρίας
1743 2057 1853 2123 (15)

354 2168 369 2195 ι
407 2146 664 2217 ἔγκλημα
703 2150 981 2221 καὶ-παρά
1013 2150 1121 2203 τῶν
1159 2151 1266 2215 ἔξω
1294 2154 1475 2220 νόμων
1507 2151 1812 2205 κεκώλυται
1837 2167 1851 2182 ·

356 2260 372 2289 ί
414 2241 595 2311 πολλῷ
616 2242 674 2295 δὲ
707 2243 912 2311 μᾶλλον
960 2245 1019 2297 ὲν
1050 2248 1115 2314 τῇ
1163 2244 1468 2315 Ἐκκλησία
1515 2245 1674 2297 τοῦτο
1705 2244 1854 2312 γίνε-

364 2351 379 2382 t
425 2333 540 2387 σθαι
566 2336 944 2404 ἀπαγορεύειν
972 2338 1281 2407 προσήκει·
1308 2338 1404 2391 καὶ
1453 2338 1615 2407 ἡμεῖς
1654 2337 1856 2404 φυλάτ-

365 2447 385 2479 r
406 2445 525 2480 saw
551 2432 955 2500 σπουδάζομεν,
982 2432 1079 2495 ὼς,
1108 2431 1161 2484 εί
1181 2448 1326 2495 τινες
1346 2430 1597 2501 κληρικοὶ
1619 2430 1651 2501 ἥ
1689 2410 1856 2501 μονα-

359 2539 377 2566 σ
413 2522 495 2589 χοὶ
515 2522 796 2592 εὑρεθεῖεν
818 2524 850 2591 ἢ
873 2525 1266 2595 συνομνύμενοι
1286 2525 1317 2597 ἢ
1346 2525 1796 2596 φρατριάζοντες,
1822 2524 1855 2593 ἢ

354 2630 371 2659 ι
412 2614 764 2677 κατασκευὰς
791 2616 1110 2685 τορεύοντες
1145 2616 1464 2671 ἐπισκόπων
1494 2617 1525 2687 ἢ
1555 2618 1857 2686 συγκληρι-

354 2723 371 2753 ι
412 2704 553 2769 κῶν,
576 2706 993 2763 ἐκπιπτέτωσαν
1019 2709 1194 2780 πάντη
1226 2709 1321 2763 τοῦ
1350 2712 1555 2763 οἰκείου
1582 2710 1851 2779 βαθμοῦ.»

346 2798 546 2853 ΒᾹΛΣ.
577 2800 713 2867 Περὶ
738 2801 1084 2867 συνωμοσίας
1107 2803 1201 2855 καὶ
1224 2803 1495 2873 φρατρίας
1531 2804 1857 2873 ἐγράψαμεν

280 2893 331 2942 ἒν
360 2892 442 2960 τῷ
472 2890 542 2963 ιη’
569 2895 753 2945 κανόνι
779 2893 878 2960 τῆς
903 2896 960 2946 ὲν
978 2895 1285 2963 Χαλκηδόνι
1320 2895 1561 2949 συνόδου.
1586 2897 1695 2948 Καὶ
1723 2896 1858 2949 ἀνά-

278 2984 447 3052 γνωθι
486 2985 675 3038 τοῦτον
706 2987 800 3039 καὶ
834 2988 901 3040 τὰ
932 2988 989 3040 ἐν
1010 2987 1183 3055 αὐτῷ,
1240 2986 1513 3058 Ἑζητήθη
1559 2988 1614 3040 δέ
1649 3004 1778 3041 ποτε
1810 2988 1858 3040 εί

278 3078 558 3142 ὀφείλουσι
580 3079 904 3142 κολάζεσθαι
940 3082 1034 3133 καὶ
1067 3082 1115 3133 οἱ
1151 3080 1496 3149 συνωμοσίας
1536 3081 1859 3149 ποιήσαντες

1951 602 2131 641 mores
2159 603 2252 641 eos
2281 587 2445 647 solos.
2476 588 2565 655 qui
2599 602 2667 641 ex
2694 600 2894 655 genere
2920 596 3049 641 sunt
3083 588 3439 653 sacerdotali,
3470 588 3523 639 in

1950 682 2152 735 clerum
2186 680 2505 735 admittunt.
2548 680 2652 734 Sed
2684 689 2739 734 et
2771 695 2891 743 eos,
2963 682 3053 750 qui
3083 681 3323 749 episcopi
3365 682 3530 735 bene-

1952 775 2243 828 dictionem
2271 789 2375 827 non
2410 774 2742 837 habuerunt,
2805 789 2906 827 nec
2947 774 3274 829 sacerdotali
3304 784 3525 825 tonsura

1951 877 2077 922 sunt
2110 868 2213 932 nsi,
2243 882 2429 922 sacros
2473 868 2713 922 lectores
2752 867 3178 931 constituebant,
3207 876 3258 919 et
3282 882 3313 921 e
3334 881 3537 935 sugge»

1951 970 2035 1013 stu
2063 974 2250 1012 sacros
2278 960 2443 1013 libros
2467 936 3259 1029 pepulod‘egereimperabant:
3278 958 3524 1027 Propter-

1953 1068 2015 1106 ea
2078 1053 2271 1105 borum
2305 1062 2591 1120 utrumque
2629 1054 2921 1120 prohibens
2952 1053 3039 1105 hic
3064 1067 3303 1121 przeseus
3328 1066 3547 1111 canon,.

1955 1146 2175 1197 mandat
2203 1162 2301 1198 nee
2328 1150 2390 1195 ad
2420 1161 2590 1209 genus
2615 1146 2761 1198 illius
2787 1150 3079 1211 respicere.
3114 1143 3203 1212 qui
3238 1143 3289 1196 iu
3323 1144 3525 1195 clerum

1955 1236 2255 1301 promoveri
2294 1235 2456 1304 196
2478 1236 2619 1296 cupit
2645 1252 2659 1297 ;
2693 1234 2785 1288 sed
2816 1234 2918 1288 hoc
2949 1244 3153 1285 tantum
3189 1230 3519 1298 perscrutari

1953 1343 2020 1380 an
2050 1327 2242 1394 dignus
2272 1330 2343 1379 sit
2371 1344 2384 1379 :
2436 1341 2534 1379 nec
2558 1328 2812 1395 Cuiquam
2836 1326 3154 1385 concedere,
3177 1334 3235 1375 ut
3270 1323 3410 1392 legat
3437 1333 3534 1373 attt

1954 1422 2113 1474 canat
2133 1435 2163 1472 e
2181 1427 2458 1487 suggestu,
2484 1411 2635 1482 nisija
2663 1432 2763 1473 suo
2788 1417 3041 1487 episcopo
3063 1417 3382 1469 raumticatn
3411 1430 3531 1467 sus-

1955 1512 2157 1580 reperit
2198 1512 2659 1573 benedictionem,
2709 1522 2763 1567 et
2795 1521 3016 1564 tonsura
3052 1508 3373 1563 sacerdotali
3413 1516 3533 1557 ut..-

1958 1615 2082 1658 tur:
2121 1620 2243 1658 eum
2279 1620 2428 1668 vero,
2476 1608 2566 1676 qui
2600 1618 2788 1661 contra
2844 1621 2906 1659 ca
2936 1620 3059 1674 quae
3115 1605 3203 1657 hic
3232 1604 3536 1655 ιιοορτιιιιιισ
3574 1591 3593 1611 ⁸

1958 1706 2070 1757 tttr,
2125 1694 2337 1757 iecerit,
2365 1697 2587 1765 deponi.

2516 1874 2744 1929 CANON
2777 1875 3014 1929 XXXIV.

1963 1987 1981 2019 ι
2018 1967 2183 2018 Porro
2210 1979 2411 2023 autem.
2437 1983 2557 2019 cum
2580 1975 2632 2019 et
2656 1969 2753 2019 hoc
2779 1982 2949 2019 canon
2968 1965 3322 2019 sacerdotalis
3351 1975 3541 2028 aperte

2034 2080 2050 2108 ς
2085 2061 2281 2121 edicat,
2308 2062 2445 2126 quod
2464 2060 2858 2126 eonjurationis
2883 2060 2967 2112 vel
3002 2057 3305 2111 sodalitatis
3327 2057 3537 2110 crimen

2034 2173 2049 2200 ι
2089 2156 2249 2205 etiam
2287 2152 2355 2205 ab
2386 2154 2627 2206 externis
2662 2152 2867 2219 legibus
2928 2162 3011 2203 est
3062 2153 3288 2203 vetitum
3314 2190 3327 2211 ,
3370 2153 3538 2205 multo

2036 2268 2052 2298 ι
2091 2258 2270 2300 autem
2330 2247 2500 2315 magis
2539 2249 2639 2298 hoc
2678 2247 2793 2299 fieri
2847 2246 2898 2298 in
2957 2244 3199 2299 Ecclesia
3247 2247 3543 2314 prohibere

2036 2360 2055 2389 ι
2098 2347 2341 2405 oportet:
2388 2336 2483 2390 nos
2513 2353 2727 2407 queque
2755 2339 3048 2392 observare
3078 2341 3379 2399 studemus.
3416 2340 3554 2391 lllsi‘

2022 2454 2054 2483 'r
2098 2433 2187 2499 qui
2217 2431 2396 2487 clerici
2430 2440 2525 2485 attt
2559 2432 2805 2484 monachi
2863 2431 3065 2483 inventi
3115 2432 3243 2493 sint,
3287 2432 3366 2483 vel
3403 2446 3536 2485 cono

2037 2548 2054 2577 ι
2097 2528 2343 2592 jurattles
2376 2526 2457 2579 vel
2493 2526 2805 2580 sodalitates
2840 2526 3113 2584 ineuntes.
3156 2526 3237 2577 vvl
3280 2528 3540 2578 adversus

2038 2642 2056 2670 ‹
2102 2620 2386 2689 episcopos
2424 2619 2506 2672 vel
2540 2620 2878 2672 conclericos
2909 2619 3111 2687 aliquid
3164 2628 3460 2680 struentes,
3508 2634 3559 2674 a-

2019 2736 2053 2793 ἶα
2091 2716 2304 2782 proprio
2339 2714 2503 2783 gradu
2534 2729 2754 2778 prorsus
2788 2714 3059 2766 excidant.
3092 2731 3109 2763 ι

2035 2806 2227 2860 IIALS.
2282 2806 2354 2857 De
2388 2804 2763 2868 conjuralione
2801 2815 2850 2854 et
2890 2804 3178 2855 sodalitate
3224 2805 3550 2867 scripsimus

1960 2900 2121 2954 etiam
2157 2902 2207 2952 itt
2260 2899 2324 2951 18
2363 2914 2573 2951 canone
2617 2898 2943 2949 Chalcedon.
3015 2897 3223 2963 synodi.
3274 2896 3411 2964 Lege
3446 2914 3541 2948 an-

1962 3005 2067 3046 tem
2107 3006 2251 3056 eum,
2299 3003 2352 3043 et
2394 3005 2513 3055 quze
2543 2992 2594 3042 in
2625 3006 2745 3041 clltll
2784 2990 2985 3057 scripta
3020 2998 3169 3041 sunt.
3220 2989 3311 3042 Esi,
3360 2998 3540 3039 autem

1962 3086 2251 3153 aliquando
2273 3085 2552 3149 quaesitum
2581 3098 2647 3135 an
2676 3083 2709 3135 ii
2738 3084 2900 3134 etiam
2936 3082 3113 3150 pttuiri
3165 3082 3417 3145 debeant,
3450 3082 3539 3151 qui

276 3172 441 3239 χάριν
469 3171 679 3239 ἀγαθοῦ
702 3189 869 3235 τινος,
905 3172 1067 3241 τυχὸν
1107 3171 1202 3223 ὲάν
1240 3173 1742 3242 όμογνωμονήσωσι
1766 3174 1861 3225 καὶ

1978 3178 2092 3229 boni
2157 3176 2389 3242 alicuius
2435 3175 2605 3243 gratia
2660 3173 3093 3235 coriiurationeut
3147 3173 3343 3233 fecere,
3407 3173 3545 3226 forte

275 3265 523 3331 ὀμόσωσι
560 3266 731 3334 χωρὶς
758 3260 1108 3334 προσταξεως
1139 3258 1426 3333 βασιλικῆς
1458 3264 1490 3333 ἦ
1531 3265 1861 3335 ἀρχοντικῆς

278 3359 422 3429 ὑπὲρ
456 3360 1019 3428 καταπολεμουμένης
1052 3358 1155 3411 ὑπὸ
1183 3357 1395 3425 ἐχθρῶν
1420 3358 1629 3420 πόλεως
1657 3359 1864 3427 ἀποθα-

280 3452 413 3511 νεῖν,
447 3451 481 3521 ἢ
518 3450 816 3521 ἀναιρῆσαί
869 3467 993 3502 τινα
1048 3450 1308 3519 λυμεῶνα
1362 3451 1463 3519 τῆς
1517 3451 1638 3504 κατ’
1664 3452 1863 3513 αὐτοὺς

280 3549 516 3611 πόλεως,
551 3547 583 3617 ἦ
615 3546 744 3600 ἄλλο
775 3563 830 3598 τι
882 3544 1089 3613 ἀγαθὸν
1127 3544 1377 3611 ποιῆσαι.
1432 3545 1538 3596 Καὶ
1585 3542 1732 3607 τινὲς
1764 3544 1866 3614 μὲν

278 3638 439 3693 εἷπον
490 3640 590 3702 ὡς,
651 3640 775 3692 ἐπεὶ
812 3638 1056 3701 σπανίως
1117 3636 1326 3706 γίνεται
1376 3638 1437 3689 τὸ
1484 3637 1624 3708 ὑπὲρ
1656 3637 1863 3705 ἀγαθοῦ

278 3736 614 3803 πράγματος
642 3730 1049 3800 συνομόσασθαί
1077 3748 1250 3793 τινας,
1282 3728 1379 3782 καὶ
1409 3715 1529 3782 οὐδὲ
1555 3713 1867 3800 ρητῶςὺπὸ

278 3829 391 3881 τῶν
430 3828 613 3895 νόμων
650 3824 682 3895 ἦ
714 3824 822 3877 τῶν
856 3824 1099 3877 κανόνων
1128 3821 1288 3876 τοῦτο
1313 3822 1732 3892 ἐπιτέτραπται,
1769 3840 1863 3874 κε-

280 3921 527 3975 κώλυται
561 3919 741 3986 πάντη
761 3918 822 3969 τὸ
859 3914 1208 3984 συνομνύειν,
1242 3915 1331 3967 ἵνα
1389 3915 1464 3985 μὴ
1493 3916 1559 3983 τῇ
1592 3910 1897 3982 προφάσει“

280 4014 377 4067 τοῦ
402 4011 612 4080 ἀγαθοῦ
636 4011 686 4062 οί
711 4009 899 4064 πολλοὶ
927 4010 1020 4060 καὶ
1036 4009 1391 4079 ἐλαφρότεροι
1418 4009 1499 4069 εἰς
1524 4006 1694 4059 πολλὰ
1721 4006 1866 4060 κακὰ

283 4105 688 4175 περιπίπτωσι,
745 4100 1061 4170 νομίζοντες
1096 4098 1300 4164 ἀγαθόν
1326 4115 1380 4150 τι
1411 4099 1619 4151 ποιεῖν’
1651 4114 1869 4167 περιαι-

284 4197 420 4268 ρεθῇ
480 4196 538 4248 δὲ
576 4191 825 4246 ἐντεῦθεν
864 4191 959 4244 καὶ
998 4192 1033 4261 ἡ
1094 4190 1349 4261 βασιλικὴ
1413 4192 1507 4242 καὶ
1566 4190 1867 4260 ἀρχοντικὴ

285 4287 531 4354 ἐξουσία,
565 4287 599 4357 ή
661 4284 732 4337 τὰ
764 4283 915 4337 κακά
966 4280 1334 4343 διεκδικοῦσα,
1373 4282 1468 4335 καὶ
1520 4285 1600 4345 εἰς
1629 4285 1697 4335 τά
1727 4284 1869 4337 καλά

282 4384 379 4434 τὸν
430 4381 603 4448 δῆμον
657 4376 1025 4446 διεγείρουσα.
1057 4376 1397 4444 Ἐχρήσαντο
1444 4374 1502 4428 δὲ
1547 4376 1642 4429 καὶ
1699 4376 1869 4446 τρίτῳ

284 4492 416 4545 κεφ.
440 4471 535 4525 τοῦ
565 4472 653 4535 λς’
702 4468 885 4523 τίτλου
935 4467 1031 4521 τοῦ
1065 4465 1104 4531 ξ’
1138 4468 1343 4536 βιὸλίου
1393 4466 1607 4535 λέγοντι
1642 4467 1773 4539 περὶ
1803 4469 1867 4521 τὰ

278 4569 436 4635 μέσα
477 4561 805 4625 κολάζεσθαι
860 4560 952 4613 τὸν
1011 4558 1359 4628 πολεμοῦντα
1404 4559 1559 4624 παρὰ
1615 4559 1868 4613 κέλευσιν

289 4658 564 4730 βασιλέως
600 4654 696 4708 καὶ
729 4657 795 4724 τῇ
828 4654 885 4706 ἐν
916 4650 1069 4721 αὐτῷ
1094 4655 1433 4722 παραγραφῇ
1461 4650 1719 4724 λεγούσῃ,
1747 4653 1868 4706 Κᾶν

288 4753 518 4822 νικήσῃ,
563 4743 719 4810 οὗτος
762 4746 1131 4815 τιμωρεῖται·
1188 4743 1369 4814 ἕτεροι
1414 4743 1494 4806 δὲ,
1528 4742 1606 4813 τῷ
1633 4745 1866 4813 παρόντι

290 4845 480 4897 κανόνι
506 4841 780 4913 χρώμενοι
823 4842 915 4893 κα)⁸
946 4842 1061 4903 τοῖς
1091 4837 1528 4910 καταστρωθεῖσι
1551 4838 1686 4908 παρ’
1714 4840 1744 4906 ή
1756 4839 1873 4908 μῶν

290 4939 479 5007 νόμοις
515 4937 596 4997 είς
628 4936 691 4987 τὸ
726 4934 804 4998 λζ’
839 4950 966 5002 κεφ.
1022 4934 1117 4986 τοῦ
1153 4930 1198 4984 θ’
1230 4931 1413 4985 τίτλου
1461 4929 1556 4984 τοῦ
1607 4930 1875 5011 παρωτος

293 5033 700 5100 συντάγματος,
731 5028 1048 5081 διδάσκουσι
1090 5025 1161 5080 δι’
1192 5027 1316 5079 ὅλου
1350 5028 1477 5097 περὶ
1523 5025 1871 5095 συνωμοσίας

293 5126 435 5176 κατά
464 5139 629 5175 τινων
657 5120 1046 5191 τυρευθείσης,
1092 5119 1382 5172 ἀντέθεντο
1424 5118 1591 5185 μόνας
1625 5118 1723 5179 τὰς
1779 5118 1873 5170 ἐπὶ

294 5217 451 5286 κακῷ
480 5218 775 5285 γινομένας
806 5212 1152 5283 συνωμοσίας
1183 5212 1489 5265 κωλύεσθαι
1520 5210 1614 5263 καὶ
1641 5209 1872 5271 κολάζε-

296 5311 441 5367 σθαι,
476 5309 537 5360 οὐ
569 5309 677 5376 μὴν
708 5308 807 5359 καὶ
828 5309 927 5369 τὰς
961 5306 1121 5374 χάριν
1152 5302 1366 5369 ἀγαθοῦ
1408 5318 1574 5362 τινος.
1624 5300 1778 5369 Ἐμοὶ
1811 5301 1870 5352 δὲ

291 5402 442 5452 δοκεῖ
465 5402 648 5451 πᾶσαν
676 5398 1018 5466 συνωμοσίαν
1050 5395 1153 5447 ὑπὸ
1184 5393 1278 5447 τοῦ
1319 5394 1489 5461 νόμου
1546 5391 1869 5456 κολάζεσθαι

293 5494 362 5548 δι’
386 5493 423 5547 ἆ
446 5510 509 5546 τε
552 5490 761 5546 ἄνωθεν
791 5490 1032 5561 εἴρηται,
1067 5488 1161 5542 καὶ
1191 5486 1282 5541 διὰ
1332 5488 1393 5541 τὸ
1423 5487 1480 5540 ὲν
1518 5486 1698 5556 ἀδήλῳ
1728 5482 1869 5538 εἶναι

1967 3271 2011 3322 si
2037 3268 2470 3332 conspiraverint
2502 3280 2564 3319 ac
2594 3266 3023 3330 ronjuraverint.
3060 3263 3175 3316 sine
3203 3264 3545 3327 imperatoris

1968 3360 2050 3412 vel
2094 3360 2442 3427 magistratus
2469 3358 2648 3427 jussu,
2684 3371 2741 3408 se
2772 3370 2868 3421 pro
2901 3352 3233 3406 defendenda
3264 3353 3331 3404 ab
3371 3353 3547 3405 hosti-

1967 3455 2068 3509 bus
2131 3460 2434 3522 oppugnata
2470 3450 2601 3502 urbe
2640 3452 2957 3508 morituros,
2994 3446 3078 3497 vel
3150 3445 3381 3511 aliquem
3437 3461 3547 3496 sua»

1967 3548 2203 3603 civitatis
2273 3558 2580 3599 eversorem
2642 3544 2706 3595 de
2784 3542 2963 3594 medio
3037 3538 3388 3598 sublaturos,
3464 3536 3544 3587 vel

1969 3641 2169 3708 aliquid
2214 3639 2360 3707 aliyl
2410 3636 2533 3689 boni
2589 3634 2847 3688 facturos.
2906 3633 2981 3684 Ac
3034 3630 3273 3684 nonnulli
3324 3630 3551 3698 quidem

1968 3734 2243 3793 dixerunt,
2277 3730 2443 3801 quod,
2475 3728 2729 3798 quoniam
2768 3742 2890 3778 raro
2922 3724 3122 3778 accidit
3153 3732 3207 3775 ul
3244 3738 3339 3789 pro
3368 3722 3549 3786 aliqua

1971 3843 2028 3879 re
2058 3826 2198 3878 bona
2245 3822 2407 3889 aliqui
2443 3818 2749 3885 conjurcnt,
2801 3826 2855 3869 et
2902 3829 2999 3867 nec
3045 3830 3072 3865 a
3125 3811 3422 3864 renonibus
3467 3809 3549 3863 vel

1970 3918 2176 3983 legibus
2207 3928 2461 3981 expresse
2493 3910 2820 3981 permissum
2870 3916 2975 3970 est,
3009 3906 3297 3973 coniurare.
3328 3904 3551 3954 omnino

1972 4009 2301 4080 prohibitum
2330 4018 2432 4065 est,
2468 4021 2532 4056 ne
2574 4003 2697 4056 boni
2734 4009 3000 4066 prmtexttt
3049 3995 3226 4057 tnulti,
3278 3994 3570 4057 iidemque

1970 4104 2222 4160 leviores.
2268 4099 2320 4153 in
2371 4097 2537 4150 multa
2576 4095 2715 4147 mala
2765 4091 3028 4153 incidant,
3079 4103 3137 4140 se
3190 4089 3313 4139 boni
3350 4083 3571 4150 aliquid

1973 4196 2153 4248 facere
2175 4191 2569 4246 existimantes.
2605 4186 2741 4239 llinc
2774 4195 2955 4237 autem
3000 4189 3227 4245 excepta
3262 4180 3334 4232 sit
3381 4178 3553 4244 impe-

1975 4288 2176 4341 ratoria
2213 4286 2286 4351 et]
2317 4282 2732 4348 magistratuum
2770 4258 3025 4343 potestas,
3084 4288 3204 4340 qua:
3234 4269 3371 4351 mala
3420 4268 3556 4320 ulci-

1974 4359 2172 4440 scitur,
2207 4386 2261 4429 et
2311 4373 2563 4442 populum
2613 4371 2678 4422 ad
2736 4370 2960 4422 honesta
3019 4366 3240 4419 excitat.
3299 4363 3394 4418 Usi
3427 4372 3553 4414 sunt

1976 4478 2241 4522 autemet
2282 4468 2313 4519 5
2384 4479 2505 4533 cap.
2552 4462 2620 4514 37
2672 4462 2751 4513 tit.
2831 4458 2900 4512 60
2955 4456 3075 4511 libri
3142 4457 3355 4508 dicente
3408 4452 3557 4507 circa

1978 4561 2236 4621 medium,
2270 4556 2448 4609 Puniri
2486 4570 2608 4609 eum
2661 4553 2751 4624 qui
2784 4551 2984 4604 bellum
3010 4548 3152 4619 gerit
3197 4546 3403 4616 injussu
3453 4546 3556 4597 im-

1976 4653 2275 4723 peratoris;
2307 4661 2361 4704 et
2387 4665 2507 4719 quae
2536 4649 2587 4701 in
2625 4664 2689 4700 eo
2729 4656 2833 4710 est,
2867 4642 3273 4713 prrescriptione
3318 4640 3553 4693 dicente.

1980 4722 2155 4804 I‘Itiant
2201 4748 2244 4799 si
2291 4746 2337 4798 is
2371 4744 2587 4805 vicerit,
2638 4741 2880 4809 puuitttr.
2927 4722 3030 4791 Alii
3077 4746 3255 4789 autem
3301 4736 3549 4803 praesenti

1980 4849 2190 4889 canone
2226 4842 2462 4894 utentes,
2498 4842 2551 4884 et
2579 4830 2787 4897 legibus
2814 4843 2935 4896 qua:
2962 4842 2991 4880 a
3025 4826 3179 4880 nobis
3211 4827 3398 4891 posita:
3430 4836 3553 4877 sunt

1983 4929 2036 4980 in
2083 4927 2151 4979 ‘57
2184 4940 2305 4994 cap.
2349 4924 2382 4975 9
2416 4924 2498 4976 tit.
2571 4919 2853 4989 pne-cutis
2907 4917 3107 4986 operis.
3164 4932 3284 4983 qua:
3332 4918 3556 4969 omnim

1982 5022 2175 5074 docent
2230 5019 2295 5073 de
2353 5015 2772 5082 coniuratione,
2837 5027 2958 5081 qua:
3029 5014 3288 5063 adversus
3340 5010 3554 5075 aliqum

1981 5115 2232 5174 struitur,
2265 5110 2539 5169 dixerunt,
2566 5122 2659 5161 eas
2689 5105 2853 5166 solas,
2879 5118 3000 5173 quae
3042 5104 3111 5155 ad
3149 5102 3347 5155 malum
3397 5102 3567 5159 ﬁlllll,.

1980 5204 2385 5275 coniurationes
2421 5198 2699 5270 prohiberi
2728 5208 2782 5251 et
2826 5195 3041 5265 puniri;
3090 5208 3195 5246 non
3251 5202 3431 5247 autem
3463 5210 3556 5245 ea.

1981 5314 2098 5365 qu:e
2129 5297 2357 5362 alicujus
2384 5295 2504 5347 boni
2552 5291 2723 5360 gratia
2764 5292 2917 5342 ﬁunt.
2953 5284 3081 5337 Mihi
3123 5294 3304 5338 autem
3345 5284 3558 5338 videtur

1979 5407 2194 5445 onmem
2230 5386 2658 5457 coniurationem
2709 5400 2739 5437 ιι
2785 5384 2900 5450 lege
2947 5381 3147 5449 puniri,
3194 5390 3305 5434 tum
3338 5385 3557 5446 propter

1979 5500 2040 5537 ea
2070 5498 2191 5552 qua:
2230 5481 2479 5547 superius
2521 5480 2662 5532 dicta
2710 5487 2868 5532 sunt.
2911 5484 2967 5527 et
3008 5472 3150 5538 quod
3198 5472 3443 5526 incertus
3487 5470 3556 5522 sit

1535 5647 1735 5710 Guill.
1776 5643 2110 5723 Bevercgii
2160 5656 2355 5703 notua.

374 5776 485 5843 (l3)
537 5770 846 5843 Φρατρίας.
888 5774 943 5827 In
983 5790 1086 5827 ms.
1138 5772 1574 5827 Amerbachiano
1612 5771 1874 5826 scribitur

307 5847 539 5913 91:95:;
573 5864 588 5901 ι
626 5858 682 5899 ιιι
717 5856 771 5901 ct
806 5854 991 5915 postea
1030 5844 1440 5915 φατριάζοντες,
1470 5860 1566 5913 pro
1606 5844 1871 5913 φρατριάυ

1981 5767 2187 5830 ζοντες.
2220 5760 2690 5830 Quemadmodum
2720 5761 2883 5814 etiam
2914 5758 2969 5811 in
3006 5752 3452 5810 annotationibus
3486 5746 3565 5801 aJ'

1982 5855 2103 5909 εγω.
2136 5836 2390 5891 (ἰιιιιιρυιι.
2424 5851 2545 5888 can.
2588 5834 2670 5896 18,
2712 5832 3059 5885 observatum
3091 5838 3195 5883 est.
