3984 6474
410 318 526 382 635

1679 314 1955 375 THEOD.
2002 312 2403 373 BALSAMON

3557 317 3657 380 636

418 436 675 491 ecclesias
701 438 1017 505 pervaserit,
1051 436 1104 491 hi
1145 435 1315 490 multo
1347 433 1602 500 majorem
1628 431 1992 487 calamitatem

2102 429 2303 499 τόλμαν
2332 430 2541 497 αὐτῶν,
2569 430 2659 484 ῖνα
2692 428 2766 500 μὴ
2787 428 3000 499 καὶτῆς
3028 428 3124 482 ἐπὶ
3148 431 3263 493 τοῖς
3286 429 3532 496 θανάτοις
3556 437 3657 488 τῶν

417 528 697 590 invehant,
716 538 850 582 etea
879 531 989 581 sint
1017 541 1175 597 quam
1215 528 1323 597 jam
1343 526 1535 581 habent
1560 524 1805 580 molestia
1827 524 1985 591 longe

421 618 796 684 molestiores;
820 619 1009 672 statuit
1035 634 1131 686 per
1157 619 1296 671 hanc
1315 621 1630 686 praesentem
1650 616 1994 670 eon5titutio-

418 726 561 774 ιωιιι,
593 725 662 764 ne
694 711 762 764 ab
793 711 880 775 iis,
910 711 1000 780 qui
1032 711 1251 764 ducales
1296 710 1645 777 magistratus
1670 717 1878 777 gerunt,
1905 706 1992 760 vel

417 802 814 870 descriptiones
832 801 912 854 vel
930 801 1107 870 aliqua
1129 801 1229 854 alia
1249 799 1578 869 publicijure
1594 809 1867 861 exercent,
1888 799 1992 852 tale

417 894 545 961 quid
578 896 628 946 in
654 894 1021 949 sanctissimas
1049 892 1329 958 ecclesias,
1355 892 1437 945 Vel
1466 906 1651 945 earum
1673 889 1990 955 immobilia,

417 986 497 1039 vel
525 986 828 1039 antistitum
858 985 1041 1049 cellas,
1084 987 1135 1040 in
1169 1000 1358 1039 eorum
1394 990 1567 1038 morte
1592 982 1849 1050 deinceps
1874 997 1991 1035 am-

417 1079 554 1145 plitts
594 1078 884 1132 innovetur
919 1091 935 1130 :
986 1078 1080 1132 sed
1113 1077 1158 1131 si
1193 1077 1368 1131 testati
1416 1076 1633 1145 quidem
1684 1076 1990 1131 moriantur

416 1168 685 1222 antistites
712 1168 863 1236 quia
889 1183 1076 1223 eorum
1125 1167 1457 1222 voluntatem
1504 1176 1558 1220 et
1595 1165 1989 1220 ordinationem

414 1258 597 1311 omnia
636 1260 787 1323 ﬁant,
819 1260 961 1327 quod
988 1261 1052 1311 ad
1087 1273 1148 1312 ea
1181 1260 1372 1312 attinet
1401 1273 1524 1328 qua:
1549 1258 1599 1311 in
1628 1273 1814 1311 eorum
1840 1258 1991 1312 cellis

419 1348 788 1402 inveniuntur.
819 1347 970 1413 Quod
1005 1348 1049 1403 si
1075 1350 1212 1403 forte
1248 1348 1409 1401 etiam
1466 1348 1701 1402 intestati
1748 1348 1994 1402 decesse-

419 1439 549 1503 rint,
575 1440 755 1493 omnia
794 1456 1010 1510 quoque
1042 1440 1192 1504 (iant,
1225 1449 1384 1509 prout
1413 1440 1465 1494 in
1498 1440 1668 1494 sacris
1691 1438 1992 1495 canonibtts

415 1545 469 1584 et
503 1531 709 1601 legibus
740 1533 854 1586 lleri
882 1534 1257 1603 priescriptum
1293 1543 1397 1589 est.
1431 1534 1593 1602 Atqui
1622 1534 1677 1587 in
1706 1533 1989 1589 viduarum

417 1627 1093 1680 ecclesiarumimmobilia
1146 1612 1213 1680 ne
1262 1627 1450 1695 pedem
1499 1626 1714 1691 quidem
1761 1627 1988 1679 omnino

418 1717 670 1769 immittet
701 1717 897 1784 aliquis
922 1731 987 1768 ex
1020 1715 1265 1780 ducibus,
1315 1714 1399 1768 vel
1448 1712 1717 1783 aliquibus
1755 1714 1896 1776 aliis,
1935 1722 1992 1765 ut
2029 1766 2035 1785 ι

418 1808 620 1861 dctum
652 1819 731 1861 est
765 1826 779 1865 :
809 1808 903 1863 sed
943 1823 1043 1862 nec
1089 1807 1343 1877 quaelibet
1397 1807 1545 1862 illinc
1594 1821 1716 1875 pars
1771 1822 1998 1874 quomo-

418 1903 699 1970 docunque
721 1903 1020 1966 auferatur,
1055 1902 1148 1955 sed
1179 1900 1359 1954 omnia
1383 1916 1411 1953 a
1456 1899 1702 1969 partibus
1730 1899 1996 1968 ejusmodi

419 1991 769 2045 ecclesiarum
809 1994 860 2045 in
891 1993 1022 2061 ipsis
1052 1990 1597 2054 administrabantur,
1644 1991 1999 2058 quemadmo-

417 2086 545 2139 dum
580 2087 646 2138 de
674 2101 733 2139 ea
763 2085 997 2155 legitime
1020 2096 1073 2140 et
1102 2087 1366 2139 canonice
1390 2084 1626 2136 edictum
1677 2089 1783 2140 est.
1829 2082 2000 2135 donec

422 2180 651 2241 scilicet,
703 2179 793 2247 qui
828 2188 948 2246 post
1004 2190 1247 2231 mortuos
1314 2175 1585 2230 antistites
1633 2176 1685 2228 in
1740 2174 1998 2228 ecclesias

419 2270 716 2324 renuntiati
742 2279 890 2333 sunt,
920 2271 972 2323 in
1005 2270 1220 2340 regione
1249 2268 1470 2332 fuerint,
1500 2277 1577 2323 et,
1602 2282 1789 2322 eorum
1838 2266 2002 2337 198

424 2360 952 2413 administrationem
977 2358 1339 2428 susceperint.
1371 2357 1587 2411 Interim
1624 2358 1763 2412 sciat
1807 2357 1875 2420 is,
1906 2357 2001 2426 qui

424 2452 490 2504 r-d
515 2450 937 2504 inﬁrmationetn
974 2450 1203 2512 alicujus
1260 2465 1469 2512 eorum,
1509 2466 1628 2518 quae
1680 2465 1709 2504 a
1746 2452 1998 2519 prazseuti

424 2544 437 2594 i
467 2542 719 2610 uperialis
742 2544 1024 2609 potestatis
1050 2557 1183 2597 mea:
1212 2537 1600 2598 constitutione
1641 2543 1853 2597 decreta
1876 2552 2003 2599 sunt

428 2634 775 2701 praecesserit,
836 2635 979 2702 quod
1008 2635 1221 2689 etiamsi
1244 2635 1396 2691 ‘Deus
1425 2636 1479 2690 in
1509 2634 1602 2689 tali
1638 2634 1758 2703 ejus
1784 2644 2003 2702 tamque

430 2726 617 2781 audaci
646 2728 863 2796 incepto
891 2729 942 2781 in
973 2730 1255 2798 praesentia
1289 2729 1521 2794 siluerit,
1557 2729 1780 2782 omnino
1813 2727 1867 2781 in
1912 2726 2001 2780 iu-

427 2828 609 2870 turuni
641 2821 861 2888 dignum
895 2819 1011 2886 ejus
1039 2821 1360 2890 supplicium
1389 2837 1674 2889 reservans
1697 2861 1712 2883 ,
1748 2819 2004 2888 imperia-

422 2913 490 2964 iis
524 2922 702 2965 tamen
740 2924 859 2966 mea
893 2918 1135 2980 potestas
1169 2927 1292 2967 eum
1327 2911 1581 2967 acerbius
1625 2912 1681 2966 in
1716 2909 2003 2979 praesentia

422 3002 787 3069 aggrediatur,
817 3006 994 3071 poenis
1027 3016 1150 3057 eum
1188 3002 1562 3074 corporalibus
1590 3002 1906 3070 subjiciens,
1948 3011 2005 3058 et

425 3106 647 3144 suorum
708 3092 1079 3146 membrorum
1143 3093 1596 3159 truncationibus,
1631 3092 2003 3160 bonorumque

424 3183 798 3249 publicationi,
827 3193 881 3239 et
901 3185 1164 3239 diuturno
1195 3186 1403 3241 exsilio.
1432 3186 1547 3241 Non
1575 3186 1746 3241 solum
1764 3188 1907 3242 enim
1929 3203 1998 3243 ex

423 3292 489 3332 eo
520 3277 771 3347 simplum
801 3279 993 3333 reddet
1032 3279 1299 3344 ecclesiae,
1332 3279 1472 3349 quod
1503 3280 1551 3335 ei
1602 3279 1695 3335 illo
1744 3283 1901 3336 modo
1930 3283 1999 3336 ab

421 3371 542 3437 ipso
574 3370 926 3426 auferendum
954 3382 1059 3436 est,
1097 3373 1188 3427 sed
1219 3373 1385 3427 etiam
1421 3388 1451 3426 a
1487 3372 1616 3428 fisco
1674 3375 1794 3428 talis
1827 3390 2001 3443 quan-

422 3464 593 3518 titatis
619 3462 837 3534 duplum
864 3464 1068 3532 absque
1092 3463 1205 3517 ulla
1235 3465 1708 3533 commiseratione
1730 3468 1999 3533 exigetur,

420 3553 811 3619 perfectissima
838 3570 899 3607 ea
957 3556 1024 3609 de
1050 3569 1106 3608 re
1141 3555 1453 3624 cognitione
1480 3571 1577 3624 per
1601 3557 1899 3612 antistitem
1927 3560 1998 3621 ei,

421 3647 510 3716 qui
542 3662 638 3714 pro
660 3656 903 3710 tempore
929 3648 1190 3717 mysticus
1222 3646 1513 3713 erit,data,
1536 3649 1629 3717 qui
1652 3652 1815 3704 etiam
1851 3662 2001 3703 utra-

418 3755 525 3807 que
580 3738 962 3792 administrare
1014 3740 1217 3793 debet:
1267 3739 1335 3793 de
1387 3755 1486 3794 suo
1544 3750 1725 3795 autem
1782 3756 2003 3811 peccato

418 3832 641 3886 monitio
674 3834 1082 3887 excusationem
1120 3848 1223 3886 non
1249 3834 1489 3889 habebit.
1521 3831 1685 3889 Venit
1717 3836 1858 3889 enim
1895 3838 2002 3889 im-

420 3914 640 3990 ,nn-ialis
667 3940 785 3978 mea
816 3937 1077 3991 potestas,
1109 3934 1163 3977 et
1191 3926 1270 3980 eis
1304 3942 1399 3996 per
1421 3937 1744 3997 praesentem
1797 3931 2002 3984 consti-

420 4018 682 4071 tutionem
704 4020 1012 4089 evangelice
1064 4021 1242 4073 locuta
1277 4030 1379 4085 est,
1412 4036 1533 4089 quae
1564 4023 1615 4075 iu
1655 4037 1813 4076 sacro
1837 4025 2000 4078 char-

420 4111 729 4179 ltlletylthlﬂ
778 4124 1084 4181 rcponetur,
1138 4115 1498 4169 sanctissimis
1551 4116 1798 4171 ecclesiis
1854 4118 2002 4172 suill-

416 4217 564 4252 t-zens
598 4201 800 4267 futura,
824 4204 865 4256 si
904 4203 1021 4272 ejus
1065 4204 1235 4258 solum
1297 4206 1538 4273 exempla
1593 4210 1901 4263 authentico
1938 4226 2002 4266 ac

416 4296 741 4359 i-uinpe:enti
788 4298 888 4348 lide
939 4298 1141 4349 munita
1208 4297 1274 4351 ab
1338 4298 1469 4367 ipsis
1529 4302 1770 4367 partibus
1816 4312 2001 4357 esten.

326 4430 354 4455 ,
411 4385 630 4439 duntur.
675 4384 748 4438 Ea
780 4388 924 4439 enim
974 4389 1252 4458 archetypi
1280 4388 1386 4441 vim
1420 4390 1713 4458 habebunt,
1759 4403 1815 4446 et
1840 4396 2000 4449 exhi-

414 4472 661 4527 ln-nzibus
692 4477 758 4528 ad
792 4488 1051 4531 :eternam
1079 4480 1428 4533 securitatem
1468 4490 1650 4537 erunt.

2026 3126 2073 3190 C

2027 4485 2074 4540 D

2102 521 2405 590 ἀρχιερέων
2457 521 2721 589 ἐπιούσης
2769 523 2889 580 ταῖς
2940 521 3061 574 κατ’
3111 522 3312 584 αὐτοὺς
3352 523 3657 591 ἐκκλησίαις

2100 614 2306 684 ζημίας
2340 614 2435 667 καὶ
2470 615 2761 686 συμφορᾶς
2795 610 2944 667 οὗτοι
2987 613 3549 685 βαρυσυμφορώτεροι
3582 619 3661 685 γί-

2099 723 2296 768 νοιντο,
2324 706 2543 775 καὶτῆς
2578 707 2672 758 ἐπὶ
2703 706 2886 767 αὐτοῖς
2910 705 3066 768 ἀνίας
3089 705 3476 777 ἀνιαρώτεροι,
3506 708 3662 777 διορίέ

2099 797 2251 862 ζεται
2300 798 2390 851 διὰ
2427 798 2529 867 τῆς
2566 778 2858 869 παρούσης
2887 796 3236 867 προστάξεως
3280 799 3475 869 μηκέτι
3521 802 3664 871 παρά

2099 885 2211 939 τῶν
2261 886 2405 940 κατά
2446 886 2634 957 χώραν
2665 889 2764 949 τὰς
2806 887 3065 951 δουκικὰς
3100 888 3275 957 ἀρχὰς
3315 888 3662 963 διεπόντωνῆ

2097 977 2421 1047 ἀναγραφὰς
2453 978 2484 1046 ἢ
2528 978 2672 1049 ἕτερ’
2699 979 2836 1033 ἄττα
2880 979 3075 1048 δικαίῳ
3107 979 3203 1031 τοῦ
3233 980 3495 1048 δημοσίου
3529 984 3668 1051 ὲνερ⁴

2099 1069 2347 1137 γούντων
2392 1070 2638 1122 τοιοῦτόν
2673 1088 2726 1123 τι
2774 1072 2918 1126 κατὰ
2955 1070 3063 1123 τῶν
3094 1056 3432 1139 ¹ἁγιωτάτων
3481 1074 3668 1143 ἔκκλη-

2102 1159 2257 1222 σιῶν,
2291 1159 2323 1229 ἢ
2350 1160 2459 1212 τῶν
2489 1160 2583 1212 ὑπ’
2606 1160 2773 1222 αὐτὰς
2802 1161 3145 1233 ἀκινήτων,ἢ
3173 1161 3283 1213 τῶν
3313 1161 3535 1215 κελλίων
3565 1161 3667 1215 τῶν

2100 1251 2430 1323 ἀρχιερέων.
2463 1254 2520 1305 ἐν
2545 1255 2666 1316 ταῖς
2697 1253 2876 1306 αὐτῶν
2903 1252 3181 1316 τελευταῖς
3202 1254 3297 1307 τοῦ
3324 1253 3513 1307 λοιποῦ
3545 1273 3669 1308 νεω-

2097 1344 2453 1412 τερισθῆναιο
2507 1345 2621 1398 ἀλλ’
2674 1347 2723 1399 εἰ
2771 1346 2873 1415 μὲν
2916 1347 3254 1415 ὲνδιαθήκως
3307 1349 3356 1400 oi
3401 1349 3667 1417 ἀρχιερεῖς

2102 1433 2427 1504 τελευτῷεν,
2462 1436 2607 1488 κατά
2633 1436 2728 1497 τὰς
2758 1436 2938 1489 αὐτῶν
2968 1436 3169 1506 βουλάς
3198 1454 3257 1491 τε
3288 1438 3384 1491 καὶ
3409 1438 3671 1504 διατάξεις

2099 1527 2315 1581 ἅπαντα
2346 1528 2597 1595 γίνεσθαι
2619 1530 2745 1582 ὅσον
2786 1530 2879 1581 ἐπὶ
2911 1530 3027 1591 τοῖς
3061 1529 3588 1598 παρευρισκομένοις
3615 1533 3670 1583 ὲν

2098 1620 2213 1681 τοῖς
2237 1620 2468 1682 κελλίοις
2502 1621 2682 1674 αὑτων
2704 1634 2719 1649 '
2760 1622 2809 1674 εί
2834 1620 2878 1673 δ’
2913 1621 3044 1683 ἴσως
3068 1623 3162 1675 καὶ
3198 1622 3472 1675 ἁδιόιθετοι
3501 1623 3668 1676 ἀπαλ-

2101 1712 2370 1777 λάτοιντο,
2404 1714 2585 1766 πάντα
2620 1714 2713 1767 καὶ
2763 1713 2908 1767 οὕτω
2952 1715 3389 1797 συντελεῳθῆναι
3432 1715 3572 1767 κατά
3615 1715 3670 1767 τὸ

2103 1807 2215 1866 τοῖς
2251 1805 2419 1874 ἱεροῖς
2446 1805 2638 1859 κανόσι
2665 1806 2893 1869 καὶτοῖς
2931 1806 3121 1876 νόμοις
3149 1806 3370 1861 δοκοῦν.
3399 1808 3521 1872 Τοῖς
3555 1810 3669 1862 ἀκι-

2106 1898 2290 1966 νήτοις
2322 1898 2509 1966 μέντοι
2541 1899 2647 1951 τῶν
2669 1899 3020 1968 χηρευουσῶν
3052 1899 3365 1969 ἐκκλησιῶν
3394 1900 3513 1954 οὐδὲ
3543 1901 3672 1954 πόδα

2100 1989 2237 2053 ὅλως
2278 1990 2531 2044 ὲπιὸαλεῖ
2560 2007 2647 2054 τις
2684 1990 2791 2044 τῶν
2823 1992 2965 2045 κατά
2992 1991 3419 2064 χώρανιδουκῶν
3449 1992 3482 2062 ἦ
3517 2010 3672 2045 τινων

2100 2080 2324 2151 ἑτέρων,
2356 2081 2430 2144 ὡς
2461 2083 2701 2151 εῖρηται,
2727 2082 2850 2134 οὐδέ
2878 2100 2931 2135 τι
2960 2083 3170 2137 οίονοῦν
3193 2082 3409 2137 ἐκεῖθεν
3439 2066 3687 2136 δπωσοῦνλ

2102 2173 2447 2244 ἀναλάὁηται
2474 2189 2493 2205 ο
2524 2174 2661 2227 ἀλλά
2695 2175 2874 2229 πάντα
2903 2176 3054 2245 παρά
3079 2176 3187 2230 τῶν
3215 2176 3402 2247 μερῶν
3430 2178 3536 2231 τῶν
3570 2194 3675 2229 τοι·

2101 2263 2277 2318 ούτων
2305 2265 2619 2333 ἐκκλησιῶν
2650 2266 2709 2319 ἐν
2740 2267 2926 2330 αὐτοῖς
2953 2268 3475 2338 οἰκονομηθήσεται,
3502 2266 3675 2329 καθὼς

2106 2357 2219 2427 ἄρα
2255 2359 2352 2411 καὶ
2379 2339 2725 2428 περιτούτου
2759 2359 3007 2430 νομίμως
3038 2361 3132 2413 καὶ
3166 2359 3473 2423 κανονικῶς
3505 2360 3677 2430 διηγό-

2105 2468 2319 2521 ρευται,
2355 2453 2547 2523 μέχρις
2586 2451 2653 2506 ἂν
2683 2452 2888 2523 δηλαδὴ
2924 2452 2975 2505 oi
3018 2451 3162 2507 κατὰ
3195 2453 3325 2515 τοὺς
3356 2452 3674 2521 τεθνηκότας

2104 2543 2389 2613 ἀρχιερεῖς
2422 2544 2501 2607 είς
2530 2544 2830 2613 ἐκκλησίας
2856 2545 3354 2615 ἐπικηρυττόμενοι
3395 2544 3534 2597 κατά
3571 2541 3674 2613 χώ·

2113 2651 2215 2705 ραν
2247 2637 2532 2703 γεγονότες
2570 2635 2745 2700 αὐτοὶ,
2782 2635 2884 2706 τῆς
2919 2634 3124 2689 τούτων
3152 2637 3468 2706 οίκονομίας
3498 2636 3675 2689 ἀναδέ-

2105 2726 2325 2791 ξωνται.
2378 2725 2593 2778 Εἰδέναι
2647 2726 2958 2792 ὸφειλοντος
2998 2727 3092 2780 τοῦ
3136 2729 3217 2791 είς
3254 2726 3507 2797 ἀθέτησίν
3540 2744 3673 2789 τινος

2104 2816 2214 2870 τῶν
2261 2821 2322 2870 ὲν
2370 2821 2437 2888 τῇ
2479 2818 2733 2889 παρούσῃ
2786 2820 3082 2888 προστάξει
3128 2821 3231 2890 τῆς
3274 2820 3547 2890 βασιλείας
3576 2837 3673 2890 μου

2105 2907 2479 2977 διωρισμένων
2527 2910 2883 2978 χωρήσαντος
2933 2910 3032 2975 ὡς,
3085 2910 3137 2963 ει
3176 2912 3273 2965 καὶ
3299 2912 3431 2975 Θεὸς
3478 2912 3567 2963 ἐπὶ
3601 2911 3673 2980 τῷ

2108 2999 2340 3071 τοιούτῳ
2366 3000 2549 3054 αὐτῶν
2588 3002 2902 3072 τολμήματι
2943 3000 3169 3074 πρόςτε
3210 3005 3274 3058 τὸ
3311 3004 3485 3076 παρὸν
3509 3022 3675 3073 παραυ

2110 3095 2477 3165 σιωπήσεται,
2509 3095 2730 3159 πάντως
2757 3097 2838 3158 είς
2866 3095 2929 3149 τὸ
2971 3096 3165 3165 μέλλον
3190 3098 3384 3162 αὐτοῖς
3405 3100 3502 3170 τὴν
3527 3099 3673 3163 ἀξίαν

2104 3188 2263 3259 δίκην
2288 3189 2709 3257 ταμιευόμενος,
2744 3188 2858 3241 ἀλλ’
2893 3190 2925 3259 ή
2972 3188 3223 3259 βασιλεία
3258 3210 3361 3262 μου
3391 3194 3484 3246 καὶ
3516 3196 3592 3254 εἰς
3617 3194 3673 3245 τὸ

2102 3282 2277 3353 παρὸν
2319 3281 2645 3353 πικρότερον
2697 3282 2831 3336 αὐτὸ
2882 3284 3294 3352 μετελεύσεται,
3349 3288 3672 3356 σωματικαῖς

2102 3377 2315 3439 ποιναῖς
2356 3375 2520 3429 αὐτὸν
2571 3375 3032 3431 καθυποδαλοῦσα
3073 3416 3092 3444 ,
3142 3379 3326 3448 μελῶν
3367 3397 3428 3434 τε
3467 3381 3674 3433 οἰκείων

2100 3468 2605 3539 ἀκρωτηριασμοῖς,
2634 3467 2732 3521 καὶ
2759 3468 2869 3522 τῶν
2896 3468 3260 3541 ὑπαρχόντων
3271 3473 3563 3542 δημεύσει,
3588 3471 3671 3525 καὶ

2101 3558 2292 3631 ὲξορίᾳ
2330 3560 2539 3630 μακρᾷ.
2572 3559 2649 3612 Ού
2689 3560 2850 3629 μόνον
2878 3561 3076 3633 γὰρτὸ
3111 3562 3323 3618 ἁπλοῦν
3354 3563 3673 3617 ἀπεντεῦθεν

2103 3652 2380 3706 ἀποδώσει
2416 3653 2444 3706 ὁ
2477 3653 2723 3716 τοιοῦτος
2750 3656 2816 3725 τῇ
2849 3654 3139 3726 ἐκκλησίᾳ,
3181 3657 3244 3709 τὸ
3278 3657 3337 3723 ἐξ
3367 3656 3538 3725 αὐτῆς
3572 3673 3671 3708 τοι-

2101 3746 2441 3813 ουτοτρόπως
2478 3746 2608 3815 παρ’
2634 3743 2800 3798 αὑτοῦ
2858 3746 3392 3817 ἀφαιρεθησόμενον,
3428 3748 3558 3801 ἀλλά
3587 3747 3671 3798 καὶ

2105 3837 2244 3903 πρὸς
2277 3836 2371 3890 τοῦ
2405 3836 2669 3907 δημοσίου
2698 3838 2777 3899 είς
2806 3836 2867 3889 τὸ
2893 3836 3115 3889 διπλοῦν
3144 3838 3489 3907 ἁσυμποίθῶς
3514 3839 3670 3890 ἀπαι-

2101 3928 2404 4001 τηθήσεται
2436 3929 2534 3998 τὴν
2558 3928 2821 3997 τοιαύτην
2846 3929 3144 4000 ποσότητα,
3168 3931 3431 4001 είδήσεως
3458 3930 3672 4001 ἀκρισεο

2109 4022 2312 4089 στάτης
2340 4019 2625 4088 διδομένης
2669 4019 2799 4088 περὶ
2830 4018 3021 4071 τούτου
3057 4019 3210 4088 παρὰ
3252 4020 3345 4073 τοῦ
3387 4019 3674 4091 τηνικαῦτα

2108 4115 2415 4185 ἀρχιερέως
2449 4113 2527 4181 τῷ
2561 4111 2702 4164 κατά
2745 4111 2845 4181 τὴν
2894 4113 3109 4182 ἡμέραν
3162 4112 3433 4182 μυστικῷ,
3483 4111 3541 4174 ὃς
3587 4110 3672 4161 καὶ

2102 4205 2311 4276 ὀφείλει
2346 4203 2442 4256 καὶ
2480 4202 2646 4272 ἄμφω
2679 4203 2981 4272 οἰκονομεῖν
3012 4219 3025 4231 ·
3058 4203 3335 4271 πρόφασιν
3379 4204 3434 4256 δὲ
3470 4204 3670 4259 πάντως

2103 4299 2201 4368 οὐχ
2235 4296 2347 4361 ἕξει
2382 4297 2511 4365 περὶ
2556 4294 2657 4363 τῆς
2699 4295 2975 4363 ἁμαρτίας
3015 4294 3202 4347 αὑτοῦ.
3265 4290 3437 4349 Ἦλθε
3489 4295 3593 4360 γὰρ
3640 4292 3673 4360 ή

2106 4388 2354 4459 βασιλεία
2392 4404 2495 4456 μου
2535 4386 2908 4453 εύαγγελικῶς
2941 4386 3038 4438 καὶ
3073 4385 3339 4455 ἐλάλησεν
3368 4386 3548 4445 αὐτοῖς
3592 4381 3670 4433 διὰ

2102 4484 2202 4551 τῆς
2230 4479 2516 4550 παρούσης
2557 4475 2932 4546 προστάξεως,
2976 4477 3100 4544 ἥτις
3146 4477 3657 4546 καταστρωθὴσεται

410 4568 507 4618 καὶ
542 4566 617 4636 τῷ
649 4567 779 4638 ίερῷ
812 4570 1242 4641 άαρτοφυλακίῳ
1284 4574 1767 4647 ὲναποτεθήσεται,
1825 4578 2138 4647 ἀρκέσουσα
2169 4577 2289 4636 ταῖς
2357 4570 2689 4639 ἁγιωτάταις
2752 4570 3091 4651 ἐκκλησίαις.
3164 4569 3267 4624 κᾶν
3330 4572 3555 4623 ἱσότυπα·
3588 4555 3669 4619 καὶ

415 4658 551 4726 μόνα
581 4661 789 4729 ταύτης
820 4663 1214 4732 πεπιστωμένα
1254 4666 1407 4736 παρά
1448 4667 1558 4721 τῶν
1596 4669 1778 4737 μερῶν
1808 4671 1988 4725 αὐτῶν
2026 4662 2659 4742 ἐμφανίζηται.⁷ΕΞουσι
2686 4661 2795 4731 γὰρ
2846 4660 3224 4732 πρωτοτύπων
3285 4661 3441 4732 ἰσχὺν
3503 4657 3668 4715 ταῦτα

411 4753 507 4804 καὶ
556 4756 669 4815 τοῖς
717 4754 1112 4823 πορισαμένοις
1154 4759 1516 4824 προσέσονται
1565 4762 1646 4824 είς
1687 4761 1987 4830 ἀσφάλειαν
2022 4760 2411 4824 αἰωνίζουσαν.

484 4842 732 4898 ΖΟΝᾹΒ.
767 4847 911 4899 ldcm
962 4857 1339 4915 argumentum
1393 4861 1599 4919 quarta:
1639 4868 1852 4922 quoque
1905 4870 1996 4926 sy-

418 4936 544 4988 nodi
604 4952 780 4992 canon
835 4938 1131 4994 vicesimus
1192 4942 1463 4996 secundus
1520 4947 1851 5013 exsequitur.
1918 4946 1996 5001 lbi

415 5034 469 5079 et
500 5025 659 5093 hujus
686 5029 915 5083 canonis
945 5031 1149 5087 mentio
1174 5047 1205 5085 a
1238 5033 1396 5087 nobis
1416 5032 1579 5099 facta,
1628 5043 1683 5090 et
1746 5036 1851 5089 alia
1900 5052 1998 5108 per

2176 4849 2416 4905 ΖΩΝΛΡ.
2467 4848 2579 4900 Καὶ
2606 4848 2633 4898 ὁ
2662 4845 2910 4908 εἰκοστὸς
2952 4845 3210 4914 δεύτερος
3242 4844 3425 4900 κανὼν
3469 4846 3562 4910 τῆς
3590 4848 3666 4892 τεο

2103 4944 2312 5013 τάρτης
2348 4939 2569 4991 συνόδου
2600 4939 2731 5006 περὶ
2764 4936 2958 4990 τούτου
3010 4935 3104 4989 τοῦ
3133 4937 3431 5004 κεφαλαίου
3462 4933 3667 4999 διαλαμ-

2105 5036 2279 5098 ϐάνει,
2325 5030 2457 5084 ἔνθα
2497 5030 2590 5082 καὶ
2619 5028 2715 5081 τοῦ
2750 5029 3020 5095 παρόντος
3051 5030 3278 5092 κανόνος
3305 5025 3661 5098 ἐμνήσθημεν⁸

414 5132 535 5184 ane
566 5118 805 5185 ejusdem
837 5121 1183 5192 explicationi
1238 5125 1581 5180 satisfactum
1637 5125 1993 5191 arbitramur,

2104 5130 2269 5198 ἀρκεῖ
2294 5124 2388 5178 οὖν
2427 5126 2494 5176 τὰ
2526 5118 2793 5193 εἰρημένα
2823 5124 2958 5175 ἐκεῖ.

418 5209 580 5260 allata
616 5208 792 5267 fuere.

379 5298 645 5356 ‘ARIST.
693 5321 712 5355 ι
759 5304 1029 5377 Episcopo
1058 5307 1168 5362 vita
1199 5306 1476 5376 defuncto,
1511 5308 1693 5364 clerus
1731 5309 1868 5364 bona
1908 5325 1992 5365 re-

496 5415 513 5442 ι
556 5397 813 5454 servabit.
850 5399 906 5453 Si
946 5384 1075 5455 vero
1123 5400 1300 5456 nullus
1352 5403 1688 5470 relinquatur
1742 5406 1995 5463 clericus.

508 5512 525 5541 ι
574 5492 1026 5557 nietropolitanus
1088 5507 1153 5548 ea
1214 5495 1580 5560 conservabit,
1630 5494 1801 5549 donec
1857 5495 1997 5549 alter

500 5606 519 5638 ι
550 5588 853 5642 ordinetur.
895 5606 914 5640 ι

492 5679 605 5734 Nec
642 5682 859 5736 clericis
899 5690 1019 5751 post
1053 5690 1281 5737 mortem
1307 5679 1546 5751 episcopi
1597 5695 1683 5735 sui
1734 5695 1830 5735 nec
1889 5695 1999 5733 inc-

424 5774 750 5845 tropolitano
802 5776 932 5833 licet
987 5778 1281 5851 quidquam
1364 5791 1396 5830 e
1454 5784 1700 5829 vacantis
1754 5773 2003 5829 ecclesiae

2098 5307 2316 5363 ΔΡΙΣΤ.
2368 5324 2386 5358 ι
2425 5302 2799 5364 Τελευτῶντος
2822 5301 3148 5375 ὲπιετκόπου,
3173 5300 3202 5351 ὁ
3228 5301 3429 5371 κλῆρος
3452 5292 3661 5364 φυλάξει

2182 5421 2202 5453 ›
2238 5401 2310 5452 τὰ
2351 5400 2657 5469 πράγματα
2690 5412 2706 5427 ³
2743 5398 2791 5449 εἰ
2836 5395 2895 5448 δὲ
2946 5394 3022 5465 μὴ
3060 5393 3447 5447 ὑπολέλειπται
3486 5389 3662 5455 κληρέ·

2175 5511 2193 5542 ι
2232 5492 2347 5553 κὸς,
2380 5491 2408 5541 ὀ
2440 5487 2845 5558 μητροπολίτης
2877 5489 3055 5559 ταῦτα
3098 5484 3414 5555 διαφυλάξει
3439 5484 3539 5543 ἕως
3569 5478 3655 5545 τῆξ

2187 5601 2204 5634 ›
2248 5583 2439 5651 ἑτέρου
2470 5581 2829 5651 χειροτονίας.
2868 5599 2887 5629 ι

2174 5672 2311 5728 Οὔτε
2346 5676 2459 5738 τοῖς
2492 5675 2776 5741 κληρικοίς
2813 5672 2955 5743 μετὰ
2992 5672 3094 5743 τὴν
3135 5671 3391 5742 τελευτὴν
3416 5665 3504 5721 τοῦ
3544 5664 3656 5714 ἑπι-

2108 5769 2311 5823 σκόπου
2342 5768 2524 5822 αὐτῶν
2546 5765 2670 5821 οὔτε
2692 5766 2770 5837 τῷ
2798 5769 3173 5841 μητροπολίτῃ
3199 5768 3403 5834 ἔξεστιν
3420 5754 3649 5832 ἀφαιρεῖ·
