3984 6474
327 361 437 424 637

1075 361 1158 421 IN
1198 361 1362 422 CAN.
1407 361 1647 420 XXXVI
1692 360 1788 418 ET
1831 353 2107 417 XXXVII
2145 357 2351 421 CONC.
2395 359 2476 418 IN
2497 357 2820 418 TRULLO.

3452 341 3556 402 633

326 475 456 528 σθαί
478 492 532 527 τι
556 474 666 526 τῶν
685 473 785 544 τῆς
810 488 1151 543 χηρευουσης
1179 472 1472 542 ἐκκλησίας
1500 469 1842 540 πραγμάτων
1870 482 1885 497 ·
1916 501 1926 524 Α

2039 471 2145 526 anis
2177 471 2414 533 auferre,
2450 471 2542 525 sed
2578 470 2758 524 omnia
2805 463 3063 521 custodiri
3118 460 3316 516 debent
3354 458 3418 512 ab
3451 457 3562 509 illis

320 567 459 621 ἀλλὰ
489 566 664 618 πάντα
693 565 970 633 ὀφείλουσι
996 563 1520 635 παραφυλάττεσθαι
1554 561 1682 632 παρ’
1709 558 1890 614 αὐτῶν

317 659 387 728 δὴ
415 659 522 710 τῶν
561 658 858 726 κληρικῶν,
881 658 1075 728 μέχρις
1098 658 1164 710 ἂν
1193 658 1378 727 ἕτερος
1395 656 1690 716 ἐπίσκοπος
1715 669 1893 722 χειρο-

321 748 550 817 τονηθῇ.
585 749 645 800 Et
675 749 719 800 δ’
750 750 880 810 ἴσως
907 748 1169 817 κληρικδς
1199 749 1258 800 ὲν
1291 750 1356 818 τῇ
1382 746 1606 818 τοιαύτῃ
1639 746 1736 815 οὐχ
1763 745 1894 796 ὑπε-

327 839 530 906 λείφθη
554 839 841 910 ἐκκλησίᾳ,
877 841 905 892 6
937 839 1336 910 μητροπολίτης
1362 837 1534 890 ταῦτα
1571 835 1894 907 παραφυλά-

332 930 416 992 ξει
447 930 716 998 ἁμείωτα,
756 931 1050 984 ἀποδοῦναι
1099 931 1306 1002 μέλλων
1343 931 1522 984 πάντα
1550 930 1626 1000 τῷ
1653 945 1897 1000 χειροτοο

327 1022 690 1093 νῃθησομένῳ
720 1025 1026 1093 ἐπισκόπῳ.

917 1114 1156 1168 ΚΑΝΩΝ
1183 1094 1326 1182 Acr.

339 1222 358 1253 ι
416 1203 828 1274 ’Λνανεούμενοι
875 1205 941 1257 τὰ
988 1207 1136 1276 παρὰ
1168 1206 1276 1257 τῶν
1322 1203 1516 1256 ἑκατόν
1563 1219 1900 1272 πεντηκοντα

479 1299 650 1365 ἁγίων
695 1299 952 1367 Πατέρων
985 1299 1093 1351 τῶν
1139 1300 1197 1350 ἐν
1228 1300 1294 1368 τῇ
1347 1296 1695 1366 θεοφυλάκτῳ
1727 1295 1899 1367 ταύτῃ

478 1392 574 1444 καὶ
609 1391 836 1460 βασιλίδι
871 1392 1024 1444 πόλει
1058 1391 1440 1455 συνελθόντων,
1459 1391 1552 1444 καὶ
1576 1390 1684 1443 τῶν
1710 1389 1903 1453 ἑξακο-

480 1486 613 1538 σίων
638 1485 930 1554 τριάκοντα
961 1486 1069 1538 τῶν
1099 1487 1154 1537 ὲν
1201 1485 1503 1555 Χαλκηδόνι
1539 1483 1904 1536 συνελθόντων

481 1578 937 1648 νομοθετηθέντα,
964 1577 1219 1649 ὁρίζομεν
1251 1563 1358 1630 ¹’τὸν
1393 1575 1904 1630 Κωνσταντινουπό-

479 1672 615 1731 λεως
646 1670 833 1739 θρόνον
856 1668 966 1720 τῶν
995 1668 1124 1720 ἴσων
1152 1667 1444 1720 ἀπολαύειν
1469 1665 1782 1736 πρεσϐείων
1809 1665 1904 1717 τοῦ

419 1789 433 1810 ι
481 1765 582 1832 τῆς
621 1762 1000 1833 πρεσϐυτέρας
1031 1760 1252 1829 Ῥώμης
1297 1760 1511 1830 θρόνου,
1565 1759 1660 1811 xui.
1700 1758 1757 1810 ἐν
1796 1759 1907 1818 τοῖς

417 1877 436 1905 ι
487 1856 964 1924 ἐκκλησιαστικοίς
992 1855 1067 1915 ὡς
1096 1855 1300 1904 ἐκεῖνον
1336 1850 1735 1922 μεγαλύνεσθαι
1772 1852 1911 1918 πρά-

401 1973 435 2006 ,ι
483 1968 678 2017 γμασι,
709 1948 960 2017 δεύτερον
997 1945 1112 2016 μετ’
1135 1947 1342 1998 ἐκεῖνον
1385 1945 1696 2013 ὑπάρχοντα
1723 1958 1741 1976 ο
1791 1941 1910 2011 μεθ’

423 2067 440 2090 ς
489 2043 546 2093 ὃν
586 2042 611 2091 6
642 2042 741 2107 τῆς
785 2038 1170 2107 Ἀλεξανδρέων
1203 2036 1622 2104 μεγαλοπόλεως
1664 2034 1914 2105 ἀριθμεί-

424 2155 440 2179 ι
494 2134 599 2185 σθω
632 2132 836 2199 θρόνος,
866 2127 980 2184 εἶτα
1009 2133 1037 2183 6
1080 2129 1424 2199 Ἀντιοχείας,
1455 2127 1544 2180 καὶ
1569 2129 1706 2198 μετὰ
1727 2127 1912 2180 τοῦτον

432 2248 446 2276 ι
492 2227 638 2294 ὁτῆς
680 2223 1126 2295 Ἱεροσολυμιτῶν
1165 2223 1390 2284 πόλεως.
1433 2240 1452 2274 ι

433 2321 618 2372 ΒΑΛΣ.
647 2320 780 2389 Περὶ
803 2318 896 2371 τοῦ
926 2317 1182 2388 δευτέρου
1212 2319 1303 2371 καὶ
1329 2317 1514 2387 τρίτου
1537 2314 1758 2377 κανόνος
1783 2312 1917 2381 φασὶ

365 2413 460 2480 τῆς
482 2414 738 2482 δευτέρας
774 2411 996 2462 συνόδου
1018 2425 1032 2439 ⁶
1073 2410 1167 2462 καὶ
1199 2409 1292 2462 τοῦ
1327 2407 1412 2478 κη’
1462 2408 1688 2469 κανόνος
1741 2408 1841 2472 τῆς
1875 2404 1916 2455 δ’

364 2504 604 2557 συνόδου.
650 2503 759 2555 Καὶ
811 2501 1085 2569 ἀνάγνωθι
1143 2503 1211 2554 τὰ
1258 2502 1316 2554 ὲν
1365 2500 1575 2562 τούτοις
1606 2496 1734 2568 παρ’
1763 2495 1918 2568 ἡμῶν

355 2594 661 2662 γραφέντα.

423 2685 670 2738 ΖΩΝΑΡ.
703 2683 784 2740 Τὰ
814 2686 870 2736 ἐν
898 2687 964 2754 τῇ
999 2684 1256 2754 ἐξηγήσει
1285 2684 1391 2736 τῶν
1427 2684 1733 2754 εἰρημένων
1759 2681 1922 2735 κανό-

359 2798 494 2842 νων,
539 2774 613 2833 ὦν
664 2782 935 2850 μέμνηται
963 2782 990 2832 6
1022 2779 1212 2850 παρὼν
1243 2780 1444 2843 κανὼν,
1487 2779 1751 2846 εἰρημένα
1791 2777 1922 2845 ἡμῖν

358 2874 493 2942 περὶ
516 2872 610 2924 τοῦ
643 2873 832 2939 θρόνου
866 2872 963 2940 τῆς
991 2863 1608 2931 Κωνσταντινουπόλεως
1640 2868 1924 2939 ζητητέον,

354 2969 452 3018 καὶ
485 2964 641 3032 οἶμαι
671 2967 748 3027 ὡς
793 2966 853 3018 οὐ
885 2966 1147 3018 πλειόνων
1179 2965 1362 3034 δεήσει
1390 2964 1467 3034 τῷ
1501 2962 1692 3016 τοῦτον
1731 2963 1926 3015 ἀνανι⁴

355 3076 650 3114 νιυσκοντι.

415 1318 430 1347 1

416 1413 432 1440 ί

415 1505 430 1532 1

415 1601 432 1626 4

417 1695 433 1721 ι

1940 1819 1998 1874 Β,

1999 564 2128 632 ipsis
2150 561 2386 624 clericis,
2425 575 2592 629 usque
2618 561 2740 612 dum
2773 557 2911 610 alius
2937 556 3222 622 episc0pus
3255 549 3545 602 constitua-

1996 664 2103 710 tur.
2130 655 2186 709 Si
2215 655 2355 709 forte
2385 662 2560 707 autem
2600 652 2828 704 clericus
2857 650 2908 702 in
2941 648 3030 702 illa
3067 660 3170 698 non
3225 643 3560 706 relinquatur

1999 750 2246 811 ecclesia,
2277 746 2720 815 metmpolitanus
2749 759 2810 797 ea
2859 741 3139 794 imminuta
3181 733 3417 792 servabit
3445 746 3560 785 om-

2002 844 2090 897 nia
2119 843 2302 897 futuro
2332 841 2584 909 episcopo
2615 836 2948 890 redditurus.
3540 811 3542 813 l

2527 1105 2753 1163 CANON
2801 1100 3044 1158 XXXVI.

2011 1228 2029 1260 ι
2063 1207 2404 1262 Renovantes
2435 1219 2553 1271 qua:
2583 1219 2611 1255 a
2664 1198 2864 1255 sanctis
2921 1202 3135 1248 centum
3183 1195 3239 1242 et
3297 1183 3566 1255 quinqua-

2085 1319 2103 1350 (
2139 1300 2284 1365 ginta
2314 1296 2588 1359 Patribus,
2619 1293 2708 1361 qui
2737 1292 2787 1343 in
2824 1291 2923 1342 hac
2953 1302 2980 1338 a
3010 1286 3118 1338 Deo
3164 1286 3474 1335 conservata
3515 1285 3569 1327 et

2093 1412 2110 1443 ι
2143 1392 2287 1460 regia
2319 1388 2472 1452 urbe,
2511 1398 2566 1441 et
2602 1383 2872 1439 sexcentis
2914 1378 3152 1446 triginta,
3203 1374 3292 1440 qui
3344 1369 3570 1424 Chalce-

2086 1506 2103 1538 ι
2144 1486 2282 1539 done
2314 1495 2636 1541 convenere,
2666 1478 2953 1531 constituta
3007 1480 3154 1530 sunt,
3204 1464 3568 1519 decernimus,

2089 1598 2106 1628 ι
2144 1588 2201 1631 ιιι
2235 1577 2462 1630 thronus
2510 1565 3131 1634 Constantinopolitanus
3179 1556 3401 1628 azqualia
3457 1551 3571 1621 pri-

2088 1691 2106 1721 ι
2148 1668 2339 1738 vilegia
2379 1681 2500 1720 cum
2536 1661 2770 1730 antiqua:
2799 1660 2980 1711 Romae
3006 1655 3199 1707 throno
3229 1649 3487 1705 obtineat,
3522 1651 3575 1696 et

2089 1783 2107 1813 ‹
2148 1764 2199 1816 in
2227 1756 2611 1815 ecclesiasticis
2640 1751 2866 1819 negotiis
2893 1759 2947 1800 ut
2971 1747 3058 1800 ille
3083 1741 3375 1812 magniﬁat,
3400 1746 3454 1789 ut
3481 1734 3569 1802 qui

2091 1859 2204 1907 «sit
2230 1851 2495 1906 secundus
2550 1856 2671 1916 post
2727 1844 2898 1896 illum.
2960 1839 3088 1892 Post
3147 1848 3305 1898 quem
3369 1842 3574 1895 magnae

2089 1968 2106 2000 t
2146 1943 2627 2000 Alexandrinorum
2677 1935 2910 1992 civitatis
2958 1937 3268 1984 numeretur
3327 1925 3574 1979 thronus,

2092 2060 2109 2092 ‹
2150 2041 2341 2093 deinde
2367 2033 2682 2095 Antiochiae,
2704 2040 2756 2084 et
2785 2037 3056 2097 post'eum
3083 2014 3578 2087 llierosolytnitanm

2095 2152 2112 2183 ι
2147 2131 2404 2184 civitatis.
2445 2146 2464 2178 ι

2091 2305 2286 2360 BALS.
2318 2302 2393 2355 De
2453 2296 2691 2354 secundo
2749 2301 2801 2346 et
2858 2287 3017 2342 tertio
3075 2294 3284 2339 canone
3334 2274 3583 2331 secundm

2019 2399 2228 2471 synodi,
2259 2405 2314 2450 et
2340 2394 2410 2448 28
2435 2408 2556 2445 can.
2596 2397 2802 2456 quarta:
2835 2379 3021 2453 synodi
3055 2380 3368 2445 loquuntur.
3409 2369 3477 2422 Et
3505 2366 3584 2419 le-

2022 2507 2085 2562 ge
2115 2503 2233 2559 qua:
2264 2487 2317 2539 iu
2351 2498 2444 2538 eos
2475 2498 2504 2535 a
2537 2478 2692 2534 nobis
2719 2475 2920 2541 scripta
2957 2477 3101 2524 sunt.

2093 2661 2344 2718 ΖΟΝΔΒ.
2390 2657 2519 2724 Quae
2576 2670 2602 2706 a
2657 2649 2814 2706 nobis
2867 2646 2934 2699 de
2993 2631 3589 2701 Constantinopolitana

2025 2761 2149 2816 sede
2183 2760 2233 2810 in
2295 2768 2481 2807 eorum
2521 2759 2809 2807 canonum,
2859 2739 2949 2807 qui
3002 2739 3092 2790 hic
3143 2733 3447 2786 laudantur,
3499 2738 3592 2776 ex-

2026 2849 2315 2921 plicatione
2383 2844 2523 2894 dicta
2598 2846 2762 2899 sunt,
2836 2848 2896 2883 ea
2950 2827 3271 2896 quaerenda;
3328 2833 3445 2886 qum
3499 2814 3588 2884 qui

2028 2942 2239 3010 legerit,
2275 2939 2430 3006 plura
2460 2934 2512 2987 in
2548 2933 2691 2985 hanc
2721 2922 3041 2980 sententiam
3093 2927 3150 2970 ut
3191 2913 3444 2968 arbitror.
3487 2922 3591 2960 non

2029 3033 2288 3100 requiret.

354 3152 584 3204 ΑΡΙΣΤ.
652 3171 670 3203 ‹
731 3151 789 3203 '0
819 3151 1438 3212 Κωνσταντινουπόλεως
1494 3146 1632 3217 μετὰ
1656 3146 1746 3198 τὸν
1784 3144 1918 3198 Ῥῶ-

2039 3096 2194 3196 199
2225 3116 2449 3176 ARIST.
2490 3134 2508 3165 ι
2531 3114 2778 3167 Thronus
2808 3096 3432 3165 Constantinopolitanus
3473 3098 3596 3156 post.

2176 3216 2205 3220 -·
2629 3205 2638 3216 ·
2725 3219 2756 3220 η
2838 3197 3126 3220 ι--ηριτιηη
3152 3184 3595 3220 σε-....ι.....ι..ιυ;ι,,,

440 3264 459 3294 ε
507 3261 616 3310 μης
668 3243 828 3308 ἔστω,
876 3244 984 3297 τῶν
1048 3245 1178 3298 ἴσων
1238 3242 1523 3296 ἀπολαύων
1578 3237 1924 3308 πρεσϐείωνο

445 3355 464 3385 ι
514 3335 634 3403 μεθ’
685 3335 744 3387 ὃν
775 3337 802 3386 6
856 3319 956 3402 τῆς
993 3333 1400 3404 Ἀλεξανδρείας
1436 3349 1448 3360 ·
1481 3331 1606 3398 ἑξῆς
1662 3329 1690 3380 6
1726 3329 1910 3380 Ἀντιο

445 3447 464 3476 ι
515 3427 688 3495 χείαςο
717 3423 833 3479 εἶτα
860 3429 886 3478 6
921 3426 1331 3496 Ἱεροσολύμων.
1379 3444 1397 3476 ι

438 3521 512 3569 Τὸ
540 3521 633 3571 τὸν
689 3520 1315 3577 Κωνσταντινουπόλεως
1346 3519 1454 3570 τῶν
1479 3519 1609 3571 ἴσων
1634 3515 1932 3569 ἀπολαύειν

369 3611 682 3680 ⁴πρεσϐείων
738 3612 872 3676 μετὰ
915 3613 1005 3664 τὸν
1041 3612 1258 3682 Ῥώμης
1320 3611 1490 3674 οὕτως
1537 3613 1596 3664 ἐν
1645 3609 1722 3679 τῷ
1773 3609 1939 3680 τρίτῳ

369 3708 557 3758 κανόνι
604 3706 704 3775 τῆς
738 3709 794 3758 ὲν
854 3706 1422 3759 Κωνσταντινουπόλει
1488 3705 1704 3757 συνόδου
1755 3705 1942 3773 ἡρμη-

370 3799 664 3867 νεύσαμεν,
716 3800 809 3849 καὶ
836 3797 892 3850 ὲν
919 3798 997 3868 τῷ
1053 3798 1286 3866 εἰκοστῷ
1315 3797 1482 3866 ὀγδόῳ
1513 3798 1612 3866 τῆς
1640 3797 1697 3848 ὲν
1725 3796 1934 3864 Χαλκηη

370 3893 486 3943 δόνι
513 3891 763 3942 συνόδου·
824 3890 962 3943 ὥστε
1013 3893 1087 3960 μὴ
1143 3890 1283 3944 κατὰ
1338 3892 1436 3958 τὴν
1488 3890 1652 3959 τιμὴν
1694 3887 1944 3958 δεύτερόν

374 3980 474 4031 τοῦ
510 3980 727 4049 Ῥώμης
768 3982 1079 4043 τάττεσθαι,
1141 3981 1276 4034 ἀλλὰ
1324 3980 1463 4034 κατὰ
1520 3981 1646 4041 τοὺς
1700 3980 1943 4050 χρόνους.

381 4071 540 4124 Οὕτω
568 4073 700 4140 γοῦν
730 4075 821 4124 καὶ
855 4075 1092 4125 ἐνταῦθα
1121 4074 1200 4125 δεῖ
1222 4076 1361 4125 νοεῖν
1392 4074 1489 4142 τὴν
1519 4071 1656 4140 μετὰ
1685 4071 1944 4141 πρόθεσιν

381 4165 476 4216 τού
536 4167 728 4234 χρόνου
786 4162 924 4220 εἶναι
971 4166 1294 4237 δηλωτικὴν,
1347 4166 1461 4218 ἀλλ’
1507 4164 1566 4216 ού
1609 4163 1706 4231 τῆς
1763 4163 1946 4231 τιμῆς.

381 4258 540 4308 Μετὰ
569 4260 677 4328 γὰρ
700 4257 926 4327 χρόνους
959 4257 1185 4322 πολλοὺς
1222 4258 1329 4311 τῶν
1390 4259 1518 4310 ἴσων
1554 4257 1856 4326 πρεσϐείων
1883 4256 1947 4324 τῇ

393 4350 687 4430 Ῥωμαίων
732 4350 1023 4420 Ἐκκλησία
1051 4351 1142 4402 καὶ
1175 4352 1201 4402 6
1247 4351 1432 4420 θρόνος
1481 4344 1634 4411 οὗτος
1657 4349 1754 4415 τῆς
1797 4349 1952 4398 Κων-

387 4439 878 4502 σταντινουπόλεως
903 4438 1080 4508 ἔτυχε,
1119 4439 1205 4491 διὰ
1252 4440 1310 4491 τὸ
1339 4439 1581 4507 βασιλείᾳ
1613 4453 1670 4488 τε
1697 4437 1791 4488 καὶ
1819 4451 1952 4501 συγ-

387 4529 572 4598 κλήτῳ
600 4527 898 4614 τιμηθῆναι
923 4528 1019 4595 τὴν
1051 4528 1207 4580 πόλιν
1238 4527 1464 4596 ταύτην,
1526 4528 1618 4578 καὶ
1652 4526 1760 4577 τῶν
1823 4525 1954 4577 ῐσων

357 4621 688 4673 ιάπολαύειν
718 4620 1026 4688 πρεσϐείων
1060 4623 1124 4690 τῇ
1158 4619 1504 4688 πρεσϐυτέρᾳ
1546 4616 1755 4685 Ῥώμη.

983 4712 1217 4764 ΚΛΝΩΝ
1249 4709 1368 4764 ΛΖ’.

398 4825 417 4854 ι
481 4807 696 4874 Ἐπειδὴ
739 4806 881 4858 κατὰ
904 4805 1195 4874 διαφόρους
1243 4803 1470 4871 καιροὺς
1505 4800 1840 4870 βαρϐαρικαὶ
1871 4817 1962 4867 γει

473 4919 489 4946 ι
538 4899 760 4963 γόνασιν
788 4898 986 4966 ἔφοδοι,
1043 4899 1140 4949 καὶ
1198 4897 1450 4947 πλεῖσται
1498 4893 1682 4954 πόλεις
1713 4892 1964 4945 ἐντεῦθεν

473 5010 488 5038 ι
531 4990 832 5060 ὑποχείριοι
871 4990 981 5050 τοῖς
1012 4988 1234 5056 ἀνόμοις
1261 4986 1628 5055 κατέστησαν,
1664 4983 1739 5046 ὡς
1785 4985 1966 5035 ἐντεῦ-

473 5101 490 5132 ι
539 5084 629 5134 θεν
689 5083 764 5150 μὴ
800 5080 1096 5148 δυνηθῆναι
1157 5077 1247 5129 τὸν
1301 5078 1400 5144 τῆς
1442 5073 1696 5143 τοιαύτης
1760 5074 1965 5134 πόλεως

479 5195 494 5221 ‹
544 5172 806 5241 πρόεδρον
867 5171 1001 5239 μετὰ
1055 5169 1151 5236 τὴν
1200 5165 1286 5218 ἐπ’
1319 5166 1466 5234 αύτῴ
1513 5163 1847 5234 χειροτονίαν
1874 5163 1967 5214 τὸν

480 5286 496 5314 ε
539 5269 741 5318 οἰκεῖον
776 5265 964 5333 θρόνον
997 5262 1350 5321 καταλαϐεῖν,
1410 5259 1503 5310 καὶ
1537 5259 1593 5307 ἐν
1619 5253 1768 5323 αύτῷ
1816 5255 1967 5322 ἱερα-

482 5377 496 5404 ι
545 5359 668 5426 τικῇ
698 5356 1029 5408 καταστάσει
1059 5350 1432 5422 ὲνιδρυνθῆναι
1456 5364 1471 5379 ’
1531 5348 1623 5398 καὶ
1649 5343 1792 5396 οὕτω
1822 5343 1965 5395 κατὰ

484 5467 502 5497 ι
544 5449 604 5500 τὸ
635 5448 913 5519 κρατῆσαν
947 5446 1063 5506 ἔθος
1104 5447 1201 5506 τὰς
1243 5441 1573 5512 χειροτονίας
1605 5441 1698 5490 καὶ
1728 5436 1904 5488 πάντα
1932 5433 1970 5487 ἆ

486 5561 503 5590 ι
545 5542 623 5611 τῷ
641 5541 919 5610 ἐπισκόπφ
937 5541 1127 5607 ἀνήκει
1160 5539 1420 5604 πράττειν
1450 5549 1508 5583 τε
1542 5532 1635 5582 καὶ
1662 5526 1972 5597 μεταχειρί-

489 5655 506 5684 ι
556 5633 762 5697 ςεσθαι·
795 5634 976 5702 ἡμεῖς,
1000 5631 1058 5683 τὸ
1088 5629 1266 5697 τίμιον
1313 5625 1408 5679 καλ⁸
1468 5624 1763 5690 σεϐάσμιον
1788 5622 1854 5689 τῇ
1895 5621 1970 5670 ίε-

491 5746 507 5774 ι
553 5723 768 5791 ρωσύνῃ
801 5721 1182 5789 φυλάττοντες,
1214 5718 1308 5770 καὶ
1336 5713 1593 5784 μηδαμῶς
1627 5711 1762 5781 πρὸς
1792 5709 1971 5778 λύμην

496 5833 513 5862 ι
556 5813 670 5867 τῶν
694 5809 1163 5882 ὲκκλησιαστικῶν
1199 5808 1422 5860 δικαίων
1453 5807 1548 5872 τὴν
1581 5802 1796 5872 ὲθνικὴν
1832 5801 1967 5872 ἓ,πὴ-

2115 3234 2132 3267 ι
2175 3216 2470 3266 Romanum
2491 3205 2767 3274 proximus
2789 3241 2802 3265 ,
2835 3197 3128 3268 aequalibus
3151 3184 3595 3256 fruaturprivile-

2113 3327 2131 3359 ‹
2172 3309 2294 3377 giis.
2341 3303 2471 3356 Post
2511 3313 2632 3354 eum
2672 3291 3086 3351 Alexandrinus,
3125 3286 3379 3350 deinceps
3410 3278 3598 3332 Antio-

2111 3418 2131 3451 ι
2175 3401 2399 3456 cltenus,
2427 3402 2482 3447 et
2511 3390 2698 3444 deinde
2725 3380 3264 3451 I-Iierosolymitanus.
3311 3393 3328 3425 ι

2109 3493 2429 3560 EpiscOpum
2475 3475 3126 3543 Constantinopolitanum
3159 3465 3452 3538 aequalibus
3494 3460 3603 3515 frui

2041 3581 2338 3655 privilegiis
2362 3586 2484 3646 post
2511 3574 2838 3632 Romanum,
2862 3565 2939 3618 sic
2969 3565 3021 3615 in
3059 3562 3219 3615 tertio
3249 3555 3433 3627 synodi
3457 3553 3605 3608 Con-

2044 3669 2552 3738 stantinopolitante,
2611 3672 2664 3715 et
2718 3661 2772 3713 in
2835 3653 3099 3710 vicesimo
3157 3659 3348 3701 octavo
3410 3643 3598 3714 synodi

2044 3759 2495 3821 Chalcedonensis
2537 3768 2742 3809 canone
2776 3743 3109 3812 interpretati
3152 3753 3363 3800 sumus,
3396 3746 3454 3790 ut
3498 3749 3599 3786 non

2047 3851 2291 3912 honoris,
2317 3848 2408 3904 sed
2440 3841 2694 3911 temporis
2723 3847 2968 3904 respectu
3001 3831 3276 3887 secundus
3306 3845 3332 3880 a
3367 3826 3607 3878 Romano

2048 3945 2371 4001 collocetur.
2411 3937 2502 3991 Sic
2534 3936 2714 4000 itaque
2737 3939 2790 3984 et
2821 3929 2912 3982 hic
2946 3921 3352 3992 intelligendum
3377 3927 3456 3970 est
3483 3930 3614 3980 prm-

2047 4033 2398 4105 positionem,
2436 4035 2580 4098 post,
2617 4033 2828 4087 tempus
2854 4017 3118 4077 indicare,
3166 4026 3272 4065 non
3309 4017 3486 4062 autem
3517 4006 3623 4058 lto~

2051 4140 2260 4180 norem.
2309 4121 2437 4173 Nam
2492 4125 2610 4186 post
2645 4127 2815 4167 annos
2864 4108 3058 4162 multos
3100 4103 3322 4174 aequalia
3361 4099 3625 4154 Romanae

2052 4216 2306 4273 Ecclesia:
2333 4214 2563 4267 obtinuit
2599 4209 2824 4261 thronus
2860 4204 2946 4257 hic
2984 4193 3614 4262 Constantinopolitanos

2053 4307 2371 4379 privilegia;
2406 4317 2473 4356 eo
2507 4299 2650 4370 quod
2683 4293 2908 4365 imperio
2939 4301 2992 4346 et
3054 4297 3243 4342 senatu
3280 4287 3395 4339 haec
3427 4283 3617 4336 civitas

2057 4370 2315 4455 honorata
2349 4405 2454 4459 est,
2487 4390 2783 4463 mqualibus
2822 4383 2990 4441 veteri
3029 4381 3214 4435 Romae
3262 4374 3461 4447 gaudet
3510 4370 3620 4441 pri-

1984 4493 2030 4548 D
2059 4488 2291 4558 vilegiis.

2573 4675 2712 4732 CAN
2727 4671 2814 4728 ΟΝ
2853 4666 3123 4726 XXXVII.

2070 4799 2087 4830 ι
2127 4775 2388 4843 Quoniam
2446 4770 2677 4825 diversis
2727 4762 3057 4831 temporibus
3106 4754 3402 4811 barbarica:
3448 4751 3626 4806 incur-

2145 4895 2162 4924 a
2204 4873 2382 4927 siones
2415 4867 2584 4927 fuere,
2619 4870 2672 4916 et
2704 4877 2768 4915 ex
2799 4875 2862 4914 eo
2895 4855 3138 4926 plurimae
3165 4850 3409 4906 civitates
3432 4847 3498 4902 ab
3521 4843 3627 4901 fui-

2142 4989 2158 5016 ρ
2205 4967 2325 5036 quis
2364 4963 2678 5033 subjugataa,
2729 4966 2786 5009 ut
2825 4955 2941 5009 ideo
2978 4968 3083 5005 non
3126 4947 3294 5016 possit
3344 4943 3459 5012 ejus
3500 4942 3630 4995 civi-

2139 5082 2154 5110 (
2201 5059 2327 5112 tatis
2353 5054 2570 5126 praesul,
2615 5059 2894 5118 postquam
2929 5043 3209 5097 ordinatus
3241 5038 3437 5097 fuerit,
3473 5050 3626 5086 suum

2149 5173 2166 5202 ε
2209 5153 2459 5206 thronum
2511 5157 2796 5212 occupare,
2843 5146 2897 5192 et
2944 5135 2994 5189 in
3027 5129 3340 5187 sacerdotali
3384 5138 3525 5182 statu
3577 5125 3627 5177 in

2144 5265 2160 5294 ‹
2203 5259 2266 5297 eo
2290 5238 2534 5295 collocari
2558 5276 2572 5297 ,
2606 5245 2658 5288 et
2689 5234 2765 5285 sic
2792 5247 2886 5300 pro
2913 5244 2974 5284 ea
3006 5245 3123 5297 qua:
3153 5222 3377 5279 invaluit
3402 5232 3628 5273 consue—

2147 5359 2161 5384 ι
2207 5335 2408 5394 tudine,
2431 5329 2794 5381 ordinationes
2817 5333 2868 5377 et
2891 5320 3069 5376 omnia
3090 5333 3209 5385 quin
3233 5315 3297 5367 ad
3323 5313 3626 5382 episcopum

2145 5448 2160 5473 ‹
2203 5423 2497 5492 pertinent,
2533 5434 2691 5484 agere
2728 5426 2782 5469 et
2827 5424 3060 5468 tractare
3097 5428 3111 5464 :
3149 5422 3245 5462 nos
3277 5407 3532 5459 honorem
3567 5415 3629 5452 ac

2150 5538 2164 5566 ι
2208 5512 2604 5567 venerationem
2629 5506 2932 5563 sacerdotio
2961 5509 3260 5562 servantes,
3292 5506 3346 5549 et
3376 5491 3624 5564 gentilem

2145 5631 2158 5654 ι
2201 5605 2446 5675 iniuriam
2471 5614 2804 5668 nequaquam
2831 5597 2895 5649 ad
2917 5590 3398 5648 ccclesi‘aslicorum
3429 5584 3629 5652 jurium

2156 5723 2167 5746 ι
2213 5697 2501 5766 perniciem
2548 5707 2703 5761 posse
2745 5689 3038 5756 quidquam
3071 5697 3229 5750 agere
3261 5678 3522 5736 volentes,
3553 5675 3633 5725 eis

2150 5815 2161 5838 ‹
2208 5764 2297 5858 qui
2357 5786 2434 5841 sic
2488 5782 2723 5839 ordinati
2781 5787 2926 5842 sunt,
2972 5785 3025 5830 ct
3056 5781 3274 5844 propter
3321 5764 3628 5838 przedictaut
