3984 6474
305 302 411 364 63°
1562 304 1845 364 THEOD.
1880 303 2284 363 BALSAMON

386 436 405 465 ι
441 394 660 469 causam
691 413 744 468 in
784 412 897 469 suis
924 412 1135 468 thronis
1161 429 1266 468 non
1312 425 1436 469 sunt
1476 417 1780 478 constituti,
1816 423 1871 470 ut
1904 428 1945 480 Α

387 530 403 559 ι
443 508 776 577 absqneullo
819 522 885 561 ex
918 523 979 562 ea
1029 523 1088 562 re
1137 510 1447 577 praeiudicio
1493 521 1878 564 conserventur

381 620 398 650 ι
438 600 798 664 decrevimus,
829 610 880 653 et
913 609 971 654 ut
1000 601 1337 655 diversorum
1371 602 1689 656 clericorum
1724 602 1877 656 ordi-

386 714 402 740 ι
448 694 692 747 nationes
725 694 983 747 canonice
1015 694 1231 759 faciant,
1259 704 1312 747 et
1346 694 1661 761 praesulatus
1691 706 1878 749 aucto-

386 805 406 832 ‹
450 787 606 837 ritate
640 789 937 839 secundum
988 787 1235 855 proprios
1267 787 1401 841 lines
1448 797 1683 852 utantur,
1718 799 1770 841 et
1811 790 1881 844 sit

387 898 405 927 ι
444 880 596 931 firma
637 894 698 931 ac
742 880 974 949 legitima
1013 895 1350 949 quiscunque
1386 883 1485 933 sub
1535 883 1599 935 iis
1637 884 1880 950 procedit

391 993 410 1022 ‹
450 973 867 1027 administratio.
894 973 1007 1027 Non
1039 978 1182 1028 enim
1220 991 1247 1027 a
1279 986 1516 1044 tempore
1545 977 1882 1030 necessitatis

392 1090 409 1119 ‹
448 1078 634 1121 exacta
656 1067 796 1135 juris
825 1069 1201 1121 observatione
1229 1069 1636 1137 circumscripta
1667 1068 1885 1138 dispen-

391 1182 409 1211 ι
450 1162 677 1215 sationis
710 1161 972 1215 terminus
996 1160 1301 1216 deﬁnietur.
1341 1180 1361 1212 ι

3491 296 3611 357 6.εο

2020 438 2023 445 ·
2062 435 2079 465 ι
2130 435 2283 485 ρειαν
2314 415 2652 484 ἐνεργεῖσθαι
2684 415 3016 484 βουλόμενοι,
3046 415 3169 474 τοῖς
3202 408 3369 465 οὕτω
3397 425 3593 478 χειρο-

2061 529 2077 556 ι
2124 507 2417 578 τονηθεῖσι,
2476 507 2571 561 καὶ
2615 508 2702 560 διὰ
2723 509 2820 576 τὴν
2858 505 3247 576 προκειμένην
3306 500 3501 553 αἰτίαν
3542 501 3608 550 ἐν

2064 617 2080 647 ι
2123 600 2233 660 τοῖς
2261 599 2470 652 ἑαυτῶν
2519 598 2593 668 μὴ
2626 598 2995 665 ἐγκαταστᾶσι
3022 594 3272 664 θρόνοις,
3318 590 3385 642 τὸ
3417 589 3601 658 ἀπρο-

2063 708 2080 739 ‹
2130 690 2486 761 κριμάτιστον
2513 689 2799 760 τηρεῖσθαι
2819 687 3289 758 συνεωράκαμεν,
3313 682 3468 735 ὥστε
3503 682 3603 733 καὶ

2038 807 2082 836 ,ι
2130 786 2461 854 χειροτονίας
2543 781 2819 850 κληρικῶν
2891 780 3174 850 διαφόρων
3271 771 3600 833 κανονικῶς

2068 899 2086 931 ι
2136 883 2330 943 ποιεῖν,
2392 877 2486 929 καὶ
2529 878 2593 945 τῇ
2625 874 2725 942 τῆς
2760 873 3053 943 προεδρίας
3109 868 3402 937 αὐθεντίᾳ
3451 864 3603 919 κατά

2067 990 2084 1021 ι
2129 972 2219 1021 τὸν
2252 969 2383 1021 ῐδιον
2416 968 2540 1036 ὅρον
2573 964 2893 1035 κεχρῆσθαι,
2947 965 3043 1017 καὶ
3080 961 3333 1033 βεϐαίαν
3362 960 3469 1011 καὶ
3503 974 3597 1009 νε-

2069 1082 2091 1113 ι
2134 1062 2469 1130 νομισμένην
2528 1056 2666 1112 εἶναι
2719 1060 2900 1111 πᾶσαν
2929 1057 3021 1109 ὑπ’
3052 1055 3242 1109 αὐτῶν
3278 1052 3603 1122 προϊοῦσαν

2067 1171 2085 1203 ι
2131 1152 2398 1220 διοίκησιν
2457 1150 2591 1220 (l7).
2628 1150 2701 1202 Ού
2753 1151 2866 1218 γὰρ
2920 1148 3027 1201 ύπδ
3058 1148 3155 1200 τοῦ
3188 1146 3304 1212 τῆς
3336 1144 3603 1211 ἀνάγκης

2067 1263 2087 1295 ‹
2127 1241 2321 1311 καιροῦ
2351 1243 2449 1309 τῆς
2501 1239 2790 1310 ἀκριϐείας
2813 1236 3267 1310 περιγραφείσης
3314 1236 3345 1286 ὁ
3380 1234 3487 1303 τῆς
3518 1236 3604 1286 οἰ-

2071 1355 2090 1386 ι
2134 1335 2394 1403 κονομίας
2425 1335 2549 1403 ὄρος
2580 1332 3082 1404 περιορισθήσεται.

2066 1427 2260 1480 ΒΛΛΣ.
2297 1425 2628 1496 Σημείωσαι
2679 1427 2772 1476 τὸν
2821 1423 3068 1492 παρόντα
3100 1422 3324 1477 κανόνα
3363 1419 3486 1491 (18)
3512 1420 3607 1473 διά

1996 1517 2122 1579 τοὺς
2151 1517 2413 1583 λέγοντας
2445 1515 2521 1586 μὴ
2567 1515 2824 1568 δύνασθαι
2860 1515 2952 1567 τόν
2982 1531 3040 1567 τε
3107 1515 3466 1583 Ἀντιοχείας
3507 1512 3611 1564 καὶ

326 1610 609 1670 niitanum,
645 1618 699 1663 et
742 1608 872 1662 alios
915 1610 1002 1677 qui
1031 1610 1114 1663 “ad
1158 1611 1416 1665 ecclesias
1446 1626 1570 1666 suas
1605 1628 1707 1667 non
1741 1616 1889 1681 prius

2031 1608 2395 1679 Ιεροσολύμων
2420 1607 2785 1679 πατριάρχας,
2813 1609 2905 1660 καὶ
2934 1609 3060 1669 τοὺς
3090 1606 3329 1667 λοιποὺς
3354 1607 3488 1668 τοὺς
3526 1605 3605 1675 μὴ

322 1703 629 1765 veniebant,
665 1716 761 1756 nec
803 1702 1037 1769 possein
1077 1704 1274 1757 throno
1303 1686 1555 1758 constitui
1598 1707 1663 1757 ad
1700 1721 1890 1760 causas

2031 1703 2306 1763 ιθάσαντας
2340 1704 2420 1763 είς
2462 1701 2561 1765 τὰς
2626 1700 2757 1763 ιδίας
2789 1700 3083 1771 ἐκκλησίας
3139 1700 3448 1760 ἀπελθεῖν,
3506 1702 3606 1751 καὶ

326 1795 758 1856 ecclesiasticas,
810 1799 891 1848 der
925 1795 1120 1864 quibus
1170 1796 1426 1865 synodice
1473 1799 1734 1866 agendum
1786 1809 1889 1862 est,

2031 1797 2405 1868 νθρονισθῆναι
2471 1796 2896 1867 μὴδύνασθαι,
2955 1796 3371 1865 ιδιαγινὼσκειν
3434 1794 3608 1865 χάριν

328 1885 745 1957 dignoscendas,
783 1886 864 1938 vel
907 1888 969 1937 ad
1009 1887 1392 1950 ordinandum,
1426 1888 1506 1941 vel
1561 1888 1704 1942 aliud
1738 1893 1894 1959 quip-

2031 1891 2471 1961 κκλησιαστικῶν
2524 1890 2837 1943 ὑποθέσεων
2890 1890 3249 1959 λαλουμένων
3280 1886 3598 1948 συνοδικῶς

332 1980 473 2044 piant
535 1978 869 2031 sacerdotale
917 1979 1337 2044 celebrandum;
1393 1981 1696 2047 hujusmodi
1754 1986 1895 2037 enim

2062 1985 2413 2055 χειροτονεῖν,
2466 1982 2499 2052 ἦ
2546 1981 2677 2036 ἀλλο
2725 2000 2777 2034 τι
2833 1980 3233 2053 ἀρχιερατικδν
3287 1980 3548 2047 ἐνεργεῖν
3588 1994 3600 2003 ·

330 2070 641 2123 hominibus
665 2085 725 2121 os
762 2070 1015 2126 occludit.
1050 2070 1198 2123 Hunc
1231 2074 1372 2125 enim
1410 2088 1664 2127 canonem
1698 2076 1902 2128 incom-

2031 2076 2375 2143 ηντιστομίζει
2406 2077 2514 2143 γὰρ
2576 2076 2702 2131 τοὺς
2751 2073 3028 2130 τοιούτους
3055 2088 3070 2103 ο
3105 2072 3463 2141 προεϐάλετο
3492 2070 3608 2140 γὰρ

331 2162 591 2230 parabilis
654 2163 743 2215 ille
793 2162 1046 2215 dominus
1099 2163 1320 2217 Alexius
1370 2164 1651 2219 Arislenus
1711 2178 1898 2221 contra

2033 2161 2090 2213 δν
2131 2160 2371 2214 τοιοῦτον
2431 2161 2633 2214 κανόνα
2674 2160 2703 2213 ὁ
2753 2160 3057 2230 ύπέρτιμος
3116 2162 3350 2219 ἐκεῖνος
3414 2160 3590 2227 κῦρος

330 2255 733 2308 sanctissimum
770 2255 915 2307 illum
956 2257 1318 2323 patriarcham
1350 2256 1897 2327 Hierosolymitannm

2031 2253 2247 2316 Αλὲξιος
2279 2254 2305 2305 ὁ
2348 2253 2665 2322 Ἀριστηνὸς
2731 2254 2873 2307 κατὰ
2899 2253 2991 2306 τού
3016 2254 3344 2322 ἀγιωτάτου
3378 2252 3605 2305 ἐκείνου

332 2347 611 2401 dominum
657 2347 1014 2415 Nicephorum
1062 2349 1301 2414 protulit.
1344 2350 1672 2404 Tricesimus
1717 2361 1903 2406 sextus

2031 2347 2340 2415 εατριάρχου
2400 2343 2799 2416 Ἰεροσολύμων
2867 2343 3035 2415 κυροῦ
3120 2345 3486 2413 Νικηφόρον.
3536 2344 3601 2395 Ὀ

332 2454 503 2493 canon
533 2439 883 2506 apostolicus,
914 2450 967 2493 et
1004 2441 1247 2494 decimus
1281 2443 1544 2507 septimus
1574 2453 1627 2495 et
1660 2445 1903 2497 decimus

2039 2436 2471 2502 ς’ἀποστολικὸς
2519 2437 2721 2498 κανὼν,
2783 2438 2876 2490 καὶ
2906 2439 2935 2489 ό
2963 2436 3026 2499 ιζ’
3074 2438 3171 2490 καὶ
3202 2439 3230 2487 ὁ
3268 2436 3345 2508 ιη’
3388 2440 3495 2505 τῆς
3542 2438 3602 2487 ἐν

332 2542 553 2584 octavus
585 2531 931 2585 Antiocheuac
955 2534 1165 2600 synodi,
1202 2535 1482 2601 episcopos
1526 2537 1765 2604 quidem,
1811 2540 1901 2606 qui

2031 2531 2322 2599 Ἀντιοχείᾳ
2357 2530 2575 2583 συνόδου
2606 2531 2734 2593 τοὺς
2762 2531 2859 2599 μὲν
2891 2530 3249 2595 ἐπισκόπους,
3282 2531 3418 2593 τοὺς
3453 2530 3597 2599 μετὰ

335 2634 615 2689 postquam
659 2624 889 2676 ordinati
928 2626 1127 2679 fuerint
1174 2627 1225 2680 in
1270 2642 1365 2681 eas
1398 2644 1514 2694 qua:
1550 2629 1651 2682 illis
1700 2631 1906 2693 ohtigc.

2031 2626 2069 2676 πὸ
2096 2624 2539 2693 χειροτονηθῆναι
2574 2622 2647 2694 μὴ
2682 2623 3127 2693 ἐπιδημήσαντας
3158 2626 3242 2687 είς
3270 2625 3374 2686 τὰς
3392 2621 3598 2691 λαχούο

336 2708 462 2768 τιιίιι
486 2717 745 2770 ιιῑωρθεθε
768 2732 870 2768 non
897 2719 1329 2785 proficiscuntur,
1356 2723 1709 2792 segregationi
1740 2724 1905 2790 subji-

2031 2735 2131 2781 τας,
2165 2718 2361 2779 αὐτοὺς
2392 2717 2680 2795 ἀφορισμῷ
2714 2716 3179 2773 καθυποϐάλλουσι
3204 2733 3223 2746 ·
3271 2716 3406 2778 τοὺς
3435 2715 3494 2768 δὲ
3527 2714 3605 2783 μὴ

336 2808 531 2863 ciunt:
564 2825 657 2862 eos
689 2820 889 2875 autem,
936 2812 1026 2879 qui
1074 2827 1176 2865 non
1209 2828 1306 2867 sua
1339 2815 1520 2882 culpa,
1554 2818 1647 2870 sed
1684 2830 1904 2884 propter

2031 2811 2134 2880 παρ’
2166 2810 2345 2862 αἰτίαν
2366 2809 2592 2873 οίκείαν,
2618 2809 2754 2863 ἀλλά
2781 2810 2869 2863 διά
2897 2827 3017 2863 τινα
3047 2808 3338 2878 πρόφασιν
3372 2807 3603 2874 εὖ).ογον

339 2917 557 2954 causam
622 2902 856 2967 aliquam
925 2904 1327 2967 rationabilem,
1388 2922 1492 2961 non
1556 2911 1904 2972 accesserint,

2031 2900 2085 2969 ιὴ
2110 2890 2442 2971 ἀπελθόντας
2477 2898 2806 2962 ἀνευθύνους
2835 2894 2973 2952 εἶναί
3008 2916 3158 2967 φασι.
3193 2901 3296 2953 καὶ
3332 2898 3597 2966 διορίζον⁴

339 2996 636 3060 puniendos
685 3013 787 3049 non
832 3012 948 3050 esse
996 2998 1202 3063 dicunt,
1232 3008 1285 3053 ct
1315 3014 1408 3055 eos
1449 3017 1600 3055 suum
1648 3002 1904 3057 honorem

2031 3012 2096 3045 :at
2121 2993 2264 3061 ἔχειν
2288 2995 2510 3055 τούτους
2527 2992 2624 3064 τὴν
2651 2993 2856 3046 οἰκείαν
2876 2995 3042 3063 τιμὴν
3078 2993 3367 3062 τοιαύτην,
3410 2992 3602 3060 ὥσπερ

394 1424 586 1478 BALS.
651 1424 787 1478 Nota
842 1432 1160 1493 prmsentem
1206 1439 1467 1480 canonem
1522 1438 1743 1495 propter
1795 1443 1888 1483 eos

322 1519 412 1585 qui
456 1518 662 1581 dicunt,
697 1518 1039 1586 patriarchas
1072 1516 1465 1572 Antiochenum
1492 1528 1544 1572 et
1577 1519 1889 1590 Hierosoly-

336 3072 545 3137 ‘habere
579 3084 905 3147 decernunt,
938 3086 1160 3152 perinde
1182 3103 1245 3142 ac
1275 3088 1320 3141 si
1357 3090 1408 3142 in
1442 3090 1660 3159 regione
1687 3095 1906 3156 versati,

340 3175 476 3227 etin
519 3176 645 3229 sede
688 3177 933 3231 collocati
980 3190 1185 3233 essent.
1235 3179 1475 3236 Praesens
1516 3194 1691 3236 autem
1737 3199 1908 3238 canon

343 3265 587 3317 decernit
652 3267 979 3336 episcopos,
1032 3270 1122 3338 qui
1178 3286 1282 3325 non
1347 3274 1636 3339 potuerint,
1692 3287 1912 3342 propter

342 3355 673 3410 barbaricam
710 3359 1086 3425 incursionem,
1132 3360 1182 3414 in
1225 3376 1317 3416 eos
1346 3364 1435 3431 qui
1470 3364 1549 3419 eis
1588 3367 1908 3435 obtigerunt

345 3447 572 3501 thronos
610 3450 901 3516 proficisci,
952 3451 1200 3506 similiter
1245 3455 1519 3520 honorari,
1566 3466 1621 3511 et
1649 3458 1767 3516 sine
1803 3459 1913 3513 ullo

348 3541 659 3606 przcjudicio
693 3543 872 3594 omnia
908 3544 1232 3609 pontificalia
1289 3562 1566 3613 exercere,
1600 3560 1654 3603 et
1688 3553 1911 3607 omnino

348 3632 609 3700 reputari,
644 3634 865 3698 perinde
900 3648 965 3687 ac
990 3634 1032 3687 si
1064 3634 1116 3687 iu
1150 3637 1419 3704 regionem
1458 3641 1829 3706 secessissent,
1861 3653 1915 3697 et

350 3724 401 3775 in
429 3724 621 3777 throno
650 3739 749 3776 suo
774 3726 1023 3779 collocati
1048 3740 1251 3783 essent.
1277 3730 1637 3797 Quamobrem
1665 3743 1717 3787 et
1749 3735 1912 3789 lconii

350 3812 835 3881 metropolitanus,
889 3824 943 3869 et
992 3813 1297 3872 Orientales
1348 3822 1439 3872 alii
1491 3824 1912 3891 metropolitani,

353 3919 456 3958 non
493 3905 751 3959 habentes
793 3908 1077 3969 ecclesias,
1098 3918 1169 3963 ‘ut
1198 3904 1318 3979 qua:
1356 3928 1383 3964 a
1413 3912 1666 3968 Barha‘ris
1699 3925 1917 3971 tenean-

353 4005 464 4056 tur,
494 3998 779 4065 episcopos
813 4009 955 4053 recte
984 4001 1258 4067 ordinant,
1286 4013 1340 4057 et
1372 4006 1692 4072 pontificalia
1736 4010 1916 4065 omnia

357 4099 634 4153 exercent,
687 4093 895 4147 etiamsi
944 4095 1166 4147 omnino
1212 4096 1261 4148 in
1311 4097 1589 4164 ecclesias,
1635 4115 1753 4170 quae
1798 4102 1918 4158 illos

356 4183 560 4236 sortita:
592 4196 737 4249 sunt,
778 4201 881 4261 non
916 4190 1185 4253 venerint,
1222 4204 1320 4244 nec
1354 4190 1404 4242 in
1444 4190 1636 4246 throno
1670 4193 1917 4250 collocati

358 4275 576 4328 luerint.
618 4275 735 4329 Vidi
771 4279 912 4332 enim
955 4279 1055 4331 hoc
1101 4296 1242 4347 saepe
1276 4281 1502 4348 dictum,
1533 4292 1586 4337 et
1619 4285 1669 4338 in
1702 4296 1921 4340 contro—

356 4368 584 4420 versiam
615 4369 923 4425 deductum.
956 4371 1095 4441 Lege
1125 4382 1199 4436 et,
1233 4388 1352 4441 quae
1386 4376 1436 4427 in
1474 4391 1658 4430 mense
1692 4376 1921 4433 Noveru-

2012 3085 2076 3137 ἂν
2116 3087 2161 3137 εί
2193 3085 2333 3137 κατά
2375 3086 2557 3155 χώραν
2590 3085 2931 3155 ὲνεδήμησαν
2964 3088 3058 3138 καὶ
3104 3084 3594 3155 ὲνεθρονίσθησαν.

2024 3181 2080 3233 ’0
2101 3180 2158 3234 δὲ
2194 3180 2383 3249 παρὼν
2411 3180 2592 3234 κανὼν
2622 3180 2865 3246 θεσπίζει
2915 3180 3038 3241 τοὺς
3067 3181 3436 3240 ἐπισκόπους,
3467 3179 3594 3239 τοὺς

2017 3274 2090 3344 μὴ
2121 3273 2446 3342 δυνηθέντας
2496 3273 2583 3326 διὰ
2635 3273 2972 3344 βαρϐαρικὴν
3005 3271 3190 3340 ἔφοδον
3217 3271 3486 3324 ἀπελθεῖν
3519 3273 3599 3333 είς

2011 3368 2135 3429 τοὺς
2158 3366 2419 3435 λαχόντας
2444 3366 2628 3429 αὐτοῖς
2661 3366 2907 3433 θρόνους,
2940 3365 3265 3433 παρομοίως
3292 3362 3588 3434 τιμᾶσθαι,

2013 3464 2106 3513 καὶ
2136 3463 2380 3531 ἐνεργεῖν
2428 3458 2952 3528 ἀπροκριματίστως
2996 3458 3176 3510 πάντα
3203 3457 3277 3511 τὰ
3332 3458 3598 3526 ἀρχιερα-

2013 3554 2159 3617 τικὰ,
2200 3555 2292 3605 καὶ
2320 3552 2507 3615 ἀπλῶς
2531 3550 2864 3616 λογίζεσθαι,
2890 3548 3080 3618 ὥσπερ
3115 3552 3164 3602 εἰ
3219 3549 3373 3602 κατά
3403 3547 3591 3617 χώραν

2015 3646 2256 3713 ἀπῆλθον
2311 3639 2406 3695 καὶ
2459 3639 2935 3711 ὲνεθρονίσθησαν.
2972 3639 3135 3690 Ὥστε
3188 3639 3289 3691 καὶ
3322 3638 3351 3691 ὁ
3388 3650 3597 3707 μητροο

2018 3740 2244 3806 πολίτης
2284 3735 2503 3790 Ἰκονίου
2564 3733 2659 3787 καὶ
2721 3733 2902 3802 ἕτεροι
2946 3730 3285 3784 Ἀνατολικοὶ
3321 3744 3598 3797 μητροπο-

1962 3868 1963 3871 η
2014 3830 2158 3882 λῖται
2189 3827 2262 3893 μὴ
2291 3826 2503 3893 ἔχοντες
2557 3821 2874 3890 ἐκκλησίας,
2919 3821 2994 3884 ὡς
3055 3819 3442 3890 κρατουμένας
3494 3817 3599 3868 ὑπὸ

2019 3920 2307 3991 βαρϐάρων
2363 3915 2546 3978 καλῶς
2622 3914 2959 3972 ἐπισκόπους
3031 3912 3447 3983 χειροτονοῦσι,
3502 3912 3595 3963 καὶ

2018 4013 2195 4066 πάντα
2224 4010 2293 4063 τά
2326 4007 2689 4079 ἀρχιερατικὰ
2716 4005 3022 4076 ἐνεργοῦσι,
3055 4006 3157 4059 κάν
3190 4007 3293 4059 οὐκ
3340 4006 3591 4074 ἔφθασαν

2017 4106 2152 4167 ὅλως
2177 4104 2257 4164 είς
2282 4101 2379 4162 τὰς
2429 4098 2706 4169 λαχούσας
2748 4098 2948 4160 αὐτοὺς
2996 4097 3301 4166 ἐκκλησίας
3331 4097 3594 4151 ἀπελθεῖν

2020 4197 2114 4249 καὶ
2148 4194 2235 4245 ἐνθ
2248 4190 2581 4261 ρονισθῆναι.
2625 4183 2778 4241 Εἶδον
2804 4189 2912 4258 γὰρ
2941 4187 3102 4242 τοῦτο
3131 4188 3397 4252 πολλάκις
3438 4187 3597 4253 λαληο

2022 4287 2113 4339 ὂὲν
2165 4285 2260 4337 καὶ
2311 4285 2390 4343 εἰς
2426 4280 2761 4350 ἀμφιϐολίαν
2812 4279 2989 4333 ἐλθόν.
3031 4279 3335 4347 ’Δνάγνωθι
3368 4280 3463 4333 κα)⁵
3493 4279 3590 4346 τὴν

2020 4378 2161 4431 κατά
2190 4375 2281 4427 τὸν
2304 4372 2612 4441 Νοέμὸριον
2644 4371 2788 4441 μῆνα
2814 4374 2913 4440 τῆς
2944 4370 2988 4440 β’
3021 4371 3357 4433 ίνδικτιῶνος
3384 4369 3591 4423 ἀπολυ-

359 4458 437 4510 hri
473 4461 704 4513 secunda
746 4463 1039 4516 indictione
1084 4464 1279 4517 emissa
1325 4474 1429 4527 est,
1471 4468 1912 4523 constitutionem

2031 4465 2210 4516 θεῖσαν
2232 4459 2528 4533 πρόσταξιν
2562 4458 2656 4512 τοῦ
2683 4460 2935 4522 ἀοιδίμου
2972 4460 3239 4530 βασιλέως
3265 4460 3381 4530 (19)
3420 4456 3589 4527 κυροῦ
3642 4490 3645 4493 -

357 4548 581 4605 illustris
615 4553 953 4620 imperatoris
976 4555 1177 4611 domini
1223 4553 1392 4610 Alexii
1434 4559 1595 4627 200
1635 4560 1914 4628 Comueni,

358 4650 412 4694 et
459 4644 842 4697 deccrnentem
892 4658 1004 4707 eos,
1048 4645 1141 4712 qui
1190 4644 1243 4698 iu
1303 4645 1603 4702 Orientales
1646 4644 1919 4703 ecclesias

2039 4555 2277 4621 Ἀλεξίου
2309 4551 2404 4605 τοῦ
2439 4551 2751 4619 Κομνηνοῦ,
2784 4552 2879 4604 καὶ
2907 4552 3285 4621 διοριζομένην
3316 4554 3442 4611 τοὺς
3486 4550 3591 4617 4m-

2026 4647 2319 4718 φισθέντας
2370 4647 2449 4708 εἰς
2496 4644 2849 4707 Ἀνατολικάς
2890 4644 3188 4714 ἐκκλησίας
3233 4644 3379 4716 ἔχειν
3438 4641 3590 4705 αὖθις

1575 4746 1748 4807 Guill
1813 4746 2138 4825 Beveregii
2173 4752 2359 4806 notm.

432 4843 542 4911 (l7)
578 4844 914 4907 Προΐοῦσαν
943 4844 1269 4913 διοίκησιν.
1312 4847 1408 4901 Ms.
1444 4848 1916 4907 Amerbachianus

324 4960 327 4971 ,
361 4924 415 4967 et
456 4914 800 4988 xEtonieusis
854 4916 1049 4988 legunt
1087 4916 1409 4983 προνοῦσαν.
1446 4920 1637 4987 reliqui
1693 4934 1916 4988 nostrae,

364 4994 423 5037 ιιι
457 4985 650 5034 νιιτὶονί
680 4986 896 5049 quidem
936 4987 1172 5048 lcetioni,
1206 4985 1595 5055 suffragantur.
1758 5034 1761 5037 ς

435 5054 547 5121 (18)
602 5057 933 5121 Σημείωσαι
1005 5058 1110 5108 τὸν
1151 5054 1417 5126 παρόντα
1471 5062 1715 5115 κανόνα.
1777 5061 1922 5125 "a‘c,

366 5141 538 5197 usque
577 5127 639 5197 ad
660 5125 825 5197 κυροῦ
860 5127 1170 5197 Νικηφόρου
1204 5125 1492 5186 inclusive.
1534 5146 1632 5184 nec
1671 5136 1720 5183 in
1756 5133 1918 5187 Pariv

368 5195 534 5270 siensi
555 5196 657 5246 edit
672 5196 998 5270 iuuencque
1012 5198 1061 5248 iu
1080 5195 1185 5252 ius.
1201 5198 1923 5270 Amerhachianoleguntur,

368 5264 461 5316 sed
516 5274 727 5318 tantum
775 5267 825 5319 in
879 5267 1068 5321 codice
1116 5278 1306 5321 nostro
1363 5264 1809 5333 Bodleiatio,'cui
1859 5264 1922 5325 ea

363 5343 587 5399 acet-pta
617 5335 863 5389 ferimus.
1356 5338 1357 5341 ‘
1876 5358 1879 5361 ,

441 5406 552 5467 (l9)
579 5406 918 5476 Πρόσταξιν
955 5407 1062 5459 τοῦ
1091 5406 1364 5476 ἀοιδίμου
1384 5408 1709 5476 βασιλέως.
1740 5410 1929 5465 Balsa-

369 5491 494 5549 mon
526 5476 576 5527 in
613 5475 860 5529 Med/rut.
893 5479 957 5528 de
987 5475 1417 5544 patriarcharum
1469 5475 1774 5549 privilegiis,
1810 5497 1917 5534 nou

373 5546 534 5620 modo
577 5559 895 5620 przesentetu
938 5564 1200 5620 canduerit
1256 5546 1481 5609 laudat,
1522 5546 1706 5604 verum
1763 5551 1928 5620 hujus

370 5616 533 5667 ctiam
578 5612 764 5685 lipsius
816 5617 988 5670 Alexii
1055 5612 1317 5670 Conineui
1380 5620 1542 5672 edicti
1598 5612 1927 5675 mentioneiu

374 5686 505 5757 recit
539 5696 595 5740 et
642 5701 922 5757 summam
950 5686 1194 5746 tradidit,
1221 5688 1435 5750 (licens,
1468 5690 1570 5740 Σὺν
1601 5691 1676 5755 τῷ
1704 5691 1931 5757 τοιούτῳ

376 5752 433 5809 δὲ
469 5758 654 5811 κανόνι
709 5756 1050 5811 ἀναδιδάσκει)
1085 5758 1206 5820 τοὺς
1247 5752 1668 5828 ἐντυγχάνοιτας
1698 5764 1760 5821 τῆ
1792 5752 1933 5812 παρ’·

2022 4851 2155 4922 ούσῃ
2212 4850 2423 4918 γραφῇ,
2468 4847 2544 4910 ὡς
2571 4847 2667 4899 καὶ
2705 4846 3005 4915 πρόπαξίς
3047 4848 3170 4900 ἐστι
3213 4849 3309 4901 τοῦ
3344 4847 3582 4916 ἀοιδίμου

2029 4921 2293 4986 βασιλέως
2337 4918 2505 4986 κυροῦ
2542 4917 2780 4981 Ἀλεξίου
2836 4916 2929 4969 τοῦ
2980 4916 3290 4986 Κομνηνοῦ,
3329 4919 3469 4971 κατά
3501 4917 3587 4968 τὸν

2065 4922 2293 4982 ασιλὲως
2337 4922 2505 4986 κυροῧ
2542 4922 2780 4981 Ἀλεξίου
2836 4922 2929 4969 τοῦ
2980 4922 3290 4986 Κομνηνοῦ,
3329 4922 3469 4971 κατά
3501 4922 3584 4968 τὸν

2024 4922 2337 5059 Ῑὲίοὲμὸριον
2380 4990 2521 5058 μῆνα
2556 4989 2655 5059 τῇς
2696 4986 2953 5059 δευτέρας
2980 4989 3358 5059 ἐπινεμήσεως
3388 4986 3584 5059 ἀπολυ-

2028 5057 2239 5123 θεῖσα,Δ
2271 5057 2390 5111 καί
2423 5061 2533 5118 τοῖς
2588 5057 2943 5124 δημοσιακοῖς
2974 5058 3067 5109 καὶ
3109 5057 3578 5125 ἐκκλησιαστικοῖς

2031 5133 2311 5200 σεκρέτοις
2342 5128 2816 5200 καταστρωθεῖσα,
2855 5128 2952 5200 καὶ
2984 5124 3328 5200 διοριζομένη
3379 5127 3451 5200 μὴ
3486 5124 3576 5200 μό-

2032 5219 2120 5254 νον
2136 5194 2646 5268 ’ἀπαρεμποδίστωςί
2684 5197 2962 5268 ἀρχιερεῖς
3006 5194 3335 5268 ψηφίζεσθαι
3365 5194 3444 5268 είς
3485 5194 3581 5253 τὰς

2030 5266 2357 5335 ἀνατολικὰς
2389 5267 2740 5335 Ἐκκλησίας,
2787 5266 2885 5328 τάς
2909 5266 3058 5335 παρά
3109 5266 3219 5318 τῶν
3260 5267 3427 5319 ἐθνῶν
3458 5279 3582 5317 κατ·

2031 5330 2321 5409 ἐχομένας,
2349 5336 2451 5409 κᾶν
2488 5330 2848 5409 ούςδύνανται
2878 5336 2927 5409 οἱ
2972 5330 3252 5409 ἔνῌαύταῖς
3287 5339 3577 5409 ὲπικηρυτξ

2033 5404 2255 5476 τόμενοι
2280 5405 2726 5476 καταλαμϐάνειν
2750 5407 2877 5467 τοὺς
2895 5405 3195 5475 λιαχοῦντας
3221 5411 3446 5476 τούτους
3469 5404 3583 5476 θρό-

2035 5472 2160 5541 νους
2189 5480 2278 5530 διὰ
2313 5476 2412 5545 τὴν
2472 5472 2690 5544 ἐθνικὴν
2750 5472 2995 5538 κακίαν,’
3028 5476 3164 5528 ἀλλά
3204 5480 3297 5527 καὶ
3330 5474 3461 5546 μετά
3487 5472 3581 5546 τῂν

2037 5543 2374 5623 χειροτονίαν
2424 5546 2568 5623 ἔχειν
2615 5547 2714 5623 ὅσα
2762 5545 2871 5614 πρὸ
2903 5545 3303 5623 ταύτηςᾳέσλχον
3321 5543 3580 5623 κατάιτὴν

2042 5614 2403 5688 μεγαλόπολιν
2436 5616 2641 5688 δίκαια,
2670 5614 3033 5688 ἡγούμενείας
3052 5614 3579 5688 δηλαδὴ,ἀδελφάτων

2042 5680 2347 5754 σιτηρέσια.
2402 5690 2495 5739 καὶ
2545 5680 2730 5738 λοιπάζ
2794 5680 2935 5739 Bals.
2983 5680 3251 5739 Medium
3309 5685 3427 5738 .Ittr.
3488 5680 3576 5733 (ιε.

2045 5758 2172 5812 llam
2225 5759 2260 5812 Ι.
2295 5774 2392 5820 vn,
2432 5773 2483 5821 ιι.
2521 5756 2646 5810 455.
