3984 6474
344 316 447 380 (lii

1279 311 1354 373 In
1398 312 1563 373 CAN.
1603 314 1874 376 XXXVII
1909 294 2115 378 coNc.
2149 317 2233 381 IN
2272 321 2596 399 TRULLO.

3495 328 3603 391 642

345 440 415 484 τα
445 430 722 500 προσόντα
754 428 938 491 αὐτοῖς
989 429 1328 499 ἡγουμενεῖα
1367 429 1462 482 καὶ
1516 429 1789 496 ἀδελφάτα
1823 431 1917 483 καὶ

2023 432 2176 488 electi
2204 446 2348 502 sunt,
2376 437 2574 493 habere
2600 439 2651 491 in
2678 446 2955 508 posterum
2985 438 3432 495 monasteriorum
3460 457 3602 510 pra:-

342 524 600 592 δφφίκια·
634 524 755 593 ἣτις
828 522 940 593 ἔχει
994 511 1132 574 κατά
1183 521 1336 591 ῥῆμα
1365 520 1572 583 οὕτως’
1627 521 1922 591 Ἀνέμαθεν

345 622 381 687 ὴ
416 617 670 685 βασιλεία
703 635 828 687 μου,
860 618 1129 685 ἁγιωτατε
1162 614 1402 666 δέσποτά
1449 629 1552 681 μου
1584 613 1679 665 καὶ
1739 615 1922 665 οἰκου-

349 711 543 777 μενικὲ
576 710 916 781 πατριάρχα,
950 709 1032 760 ὅτι
1057 706 1165 759 τῶν
1189 708 1247 757 ὲν
1276 707 1396 767 ταῖς
1423 704 1519 756 τοῦ
1539 704 1672 756 Θεοῦ
1723 704 1925 772 ἐκκλη-

348 802 496 863 σίαις
571 799 771 869 ψήφων
823 795 1269 867 προδαινουσῶν,
1331 792 1477 855 τινὲς
1524 793 1634 845 τῶν
1701 794 1779 855 είς
1825 792 1923 854 τὰς

340 892 566 962 ψήφους
652 888 1016 957 ἐπιλεγέντων
1093 883 1554 956 ήγουμενεύοντες
1630 885 1688 935 ὲν
1753 900 1921 952 μονα-

346 984 600 1053 στηρίοις
656 981 753 1035 καὶ
800 976 1238 1049 οἰκονομοῦντες,
1272 973 1335 1045 ἢ’
1366 978 1471 1029 καὶ
1513 976 1709 1046 ἐτέρας
1767 975 1921 1037 τινὰς

344 1070 661 1142 ὑπηρεσίας
713 1066 1140 1138 διενεργοῦντες,
1196 1068 1292 1119 καὶ
1321 1064 1509 1128 ἀπλῶς
1557 1065 1923 1133 τυγχάνοντες

352 1162 609 1234 μοναχοὶ,
663 1164 840 1234 ἕτεροι
869 1162 926 1215 δὲ
956 1162 1012 1214 ἐν
1045 1177 1105 1213 τε
1134 1162 1202 1230 τῇ
1251 1148 1345 1212 τοῦ
1400 1159 1533 1211 Θεοῦ
1573 1158 1802 1229 Μεγάλῃ
1830 1159 1923 1209 ὲκο

343 1257 552 1327 κλησίᾳ
580 1256 676 1309 καὶ
702 1256 760 1308 ὲν
795 1254 1031 1324 ὲτέραις,
1068 1251 1178 1307 ἀπό
1205 1269 1266 1306 τε
1282 1252 1560 1321 ὁφφικίων
1588 1250 1683 1303 καὶ
1716 1250 1921 1321 ἐτέρων

344 1348 514 1399 τινῶν
536 1345 890 1416 λειτουργιῶν
909 1346 977 1399 τὰ
1010 1345 1236 1416 ζωαί)κῆ
1266 1343 1617 1413 κεκτημένοι,
1642 1342 1922 1413 δυσχερῶς

344 1439 537 1506 ἔχουσι
574 1437 665 1490 τὸν
699 1438 797 1505 τῆς
836 1436 1135 1506 ἱερωσύνης
1159 1434 1326 1501 ζυγὸν
1358 1432 1471 1502 (20)
1512 1432 1786 1500 ὑπελθεῖν,
1822 1433 1920 1485 καὶ⁵

348 1532 474 1591 ταῖς
518 1528 841 1599 ἐκκλησίαις
897 1527 1265 1596 ἐπιστατήσαι
1302 1519 1390 1587 αἷς
1443 1522 1919 1593 ὲπεκηρύχθησαν,

350 1621 589 1684 δεδιότες
647 1622 883 1691 μήποτε,
918 1619 1026 1671 τῶν
1058 1618 1317 1671 τοιούτων
1371 1616 1681 1686 ἐκκλησιῶν
1705 1618 1763 1668 ὲν
1806 1616 1921 1679 τοῖς

341 1714 446 1781 τῆς
479 1712 771 1781 ’Δνατολῆς
807 1711 998 1781 μέρεσι
1029 1709 1411 1778 διακειμένων,
1440 1707 1745 1777 ὲπιλείψειε
1801 1706 1920 1761 τού·

346 1823 465 1868 τοις
494 1804 562 1860 τὰ
590 1807 863 1873 ἀναγκαῖα
889 1822 902 1835 ·
937 1804 1033 1857 ᾰτε
1059 1801 1167 1854 τῶν
1200 1801 1297 1871 μὲν
1324 1802 1379 1853 ὲν
1409 1795 1497 1864 αίς
1545 1798 1919 1870 ἐπεψηφίσθη-

346 1914 447 1950 σαν
488 1895 797 1965 ἐκκλησιῶν
854 1895 1032 1965 πάντη
1090 1893 1485 1964 τυγχανουσῶν
1542 1892 1766 1963 ἀπόρων
1820 1893 1916 1945 καὶ

346 1985 711 2057 ἀπροσϐάτων
757 1986 943 2048 αὐτοῖς
973 1985 1276 2048 παντελῶς,
1336 1984 1713 2052 στερουμὲνων
1737 1982 1794 2035 δὲ
1824 1984 1919 2035 καὶ

350 2079 550 2141 αὐτῶν,
578 2078 666 2131 διὰ
699 2076 757 2129 τὺ
790 2077 893 2145 τὴν
923 2074 1248 2129 ἐπιστασίαν
1278 2073 1487 2127 τούτων
1543 2072 1912 2135 ύπεισελθεϊν,

352 2175 456 2225 τῶν
478 2170 798 2241 προσουσῶν
822 2171 1008 2233 αὐτοῖς
1040 2167 1423 2239 ήγουμενειῶν
1447 2165 1542 2219 καὶ
1568 2164 1916 2233 οἰκονομιῶν,

358 2264 449 2316 καὶ
469 2262 667 2332 ἐτέρων
698 2259 1071 2332 λειτουργιῶν,
1120 2260 1217 2313 καὶ
1246 2258 1357 2311 τῶν
1381 2257 1659 2319 ἁπλοϊκῶς
1688 2257 1916 2326 λεγομέο

363 2371 465 2406 νων
498 2352 867 2423 ἀδελφάτωνῆ
906 2352 999 2405 καὶ
1040 2350 1326 2420 όφφικίων,
1361 2350 1455 2403 καὶ
1503 2349 1705 2419 ἐτέρων
1752 2349 1917 2402 τινῶν

359 2445 687 2515 ὑπηρεσιῶν.
717 2442 1022 2512 Διορίζεται
1080 2442 1263 2494 τοίνυν
1301 2443 1333 2510 ἡ
1384 2441 1635 2510 βασιλεία
1667 2454 1792 2511 μου,
1837 2443 1917 2493 οἰ-

352 2534 625 2605 κονομικῷ
664 2551 771 2587 τινι
819 2534 961 2602 λόγῳ
1020 2532 1372 2585 διευθετοῦσα
1419 2532 1489 2584 τὰ
1538 2534 1658 2584 κατ’
1693 2533 1912 2598 αὐτοὺς,

350 2627 424 2698 μή
475 2643 599 2680 τινα
626 2626 831 2680 τούτων
855 2627 992 2695 μετά
1040 2624 1217 2678 ταῦτα
1251 2623 1628 2692 δυσχεραίνειν
1658 2625 1736 2694 τῷ
1764 2623 1916 2694 ζυγῷ

347 2718 447 2786 τῆς
471 2715 885 2787 ἀρχιερωσύνης
929 2714 1283 2783 ὑποδραμεῖν.
1343 2714 1551 2776 Πάντες
1611 2714 1719 2784 γὰρ
1768 2708 1914 2768 οὗτοι

346 2808 827 2862 καταπολαύσουσι
884 2811 975 2859 καὶ
1039 2805 1203 2858 πάλιν
1233 2804 1343 2856 τῶν
1390 2805 1711 2874 προσουσῶν
1730 2807 1916 2868 αὐτοῖς

348 2897 725 2966 ἡγουμενειῶν
785 2913 844 2948 τε
895 2896 990 2948 καὶ
1048 2895 1391 2966 οἰκονομιῶν,
1450 2895 1561 2946 τῶν
1617 2895 1825 2967 ἐτέρων
1852 2914 1912 2949 τε

348 2985 665 3057 ὑπηρεσιῶν
708 2987 802 3040 καὶ
831 2986 1189 3057 λειτουργιῶν
1241 2988 1336 3038 καὶ
1357 2986 1655 3055 ὀφφικίων,
1687 2989 1911 3040 καὶτῶν

2024 524 2285 589 fecturas,
2319 536 2372 580 et
2409 529 2804 593 i'raternitatcs,
2835 539 2888 584 et
2920 529 3115 593 oiiicia,
3163 534 3229 583 ad
3264 532 3387 585 illos
3431 536 3604 599 perii-

2024 615 2231 668 nentia.
2263 613 2392 680 Qua:
2432 618 2694 671 verbatim
2736 620 2813 671 sic
2843 633 2903 672 se
2936 618 3096 672 habet
3136 634 3152 675 :
3193 618 3395 671 Didicit
3430 621 3597 687 impu-

2024 706 2171 760 rsalis
2190 722 2305 760 mea
2324 718 2582 776 potestas,
2604 710 2943 763 sanctissime
2968 711 3181 763 domine
3202 722 3253 763 et
3278 712 3602 765 universaiis

2022 799 2355 865 patriarcha,
2406 800 2547 868 quod
2596 813 2714 851 cuiu
2769 799 2822 852 in
2870 800 2961 852 Dei
3016 800 3257 853 Ecclesia
3304 801 3601 855 electiones

2022 892 2342 959 procedant,
2386 891 2605 959 quidam
2633 905 2842 954 eorum,
2873 894 2962 960 qui
2998 892 3157 946 electi
3200 904 3348 957 sunt,
3381 894 3434 947 in
3480 909 3598 947 mo-

2028 980 2287 1033 nasteriis
2338 981 2702 1048 gubernantes
2749 993 2803 1034 et
2860 983 3049 1034 domus
3103 983 3599 1036 administrationis

2032 1085 2218 1122 curaui
2250 1080 2523 1139 gerentes,
2559 1069 2639 1124 vel
2675 1069 2778 1124 alia
2811 1071 2975 1125 etiam
3012 1073 3308 1127 ministeria
3339 1090 3601 1128 exercen-

2024 1167 2129 1221 tes,
2176 1170 2230 1215 et
2266 1162 2491 1216 omnino
2523 1162 2773 1216 monachi
2823 1164 3167 1226 exsistentes,
3200 1165 3303 1218 alii
3336 1177 3514 1221 autem
3543 1168 3595 1219 in

2028 1252 2218 1325 Magna
2267 1255 2359 1307 Dei
2404 1256 2660 1319 ecclesia,
2693 1266 2746 1309 et
2802 1257 2852 1310 in
2887 1257 3026 1323 aliis,
3064 1274 3129 1313 ex
3172 1259 3362 1317 oiiiciis
3392 1273 3447 1315 et
3475 1264 3597 1319 aliis

2024 1341 2336 1395 muneribus
2364 1358 2427 1397 ac
2468 1344 2809 1410 ministeriis,
2860 1362 2921 1400 ea
2955 1363 3074 1416 qua:
3110 1351 3276 1404 victui
3327 1353 3598 1425 suiliciunt

2030 1433 2391 1499 possidentes,
2426 1451 2569 1505 aegre
2616 1438 2794 1492 ierunt
2821 1441 3127 1507 pontiﬁcale
3156 1443 3342 1514 jugum
3388 1447 3594 1512 subire,

2021 1533 2076 1576 et
2117 1525 2226 1579 illis
2271 1527 2516 1582 ecclesiis
2545 1544 2799 1598 praeesse,
2844 1532 2898 1585 in
2932 1548 3066 1600 quas
3108 1537 3402 1593 renuntiati
3447 1550 3592 1602 sunt,

2023 1618 2185 1670 veriti
2212 1633 2280 1672 ne
2307 1635 2429 1673 cum
2454 1622 2717 1689 ejusmodi
2747 1625 2988 1702 ecclesia;
3015 1628 3066 1680 in
3091 1625 3329 1683 Orientis
3354 1631 3596 1698 partibus

2024 1710 2154 1772 sint,
2204 1712 2282 1765 eis
2316 1716 2627 1768 necessaria
2670 1716 2888 1784 desint;
2937 1730 3142 1787 utpote,
3190 1738 3311 1776 cum
3356 1726 3596 1778 ecclesiae
3623 1739 3637 1754 ι

2025 1802 2264 1871 quidem,
2296 1806 2346 1857 in
2376 1805 2571 1873 quibus
2608 1806 2762 1862 electi
2790 1820 2939 1874 sunt,
2969 1814 3258 1867 admodum
3294 1817 3598 1883 indigentes

2025 1899 2134 1953 sint
2163 1909 2219 1952 et
2248 1900 2353 1954 illis
2388 1902 2615 1956 omnin
2651 1904 2961 1969 inaccessa»,
3001 1908 3279 1975 priveutur
3324 1922 3504 1965 autem
3541 1924 3595 1965 et

2028 1990 2151 2057 ipsi,
2186 2006 2250 2046 eo
2277 1994 2419 2060 quod
2457 1993 2668 2048 illarum
2699 2012 2881 2049 curam
2907 1999 3226 2067 suscipiant,
3263 2002 3594 2068 praefecturis

2023 2092 2078 2137 et
2103 2086 2445 2150 mconomiis,
2476 2102 2595 2155 quae
2626 2090 2727 2143 sibi
2762 2090 2981 2151 adsunt,
3014 2101 3066 2143 et
3097 2091 3214 2144 aliis
3246 2095 3592 2159 muneribus,

2023 2181 2077 2226 et
2126 2172 2213 2236 iis,
2260 2189 2378 2243 quae
2427 2176 2745 2246 simpliciter
2794 2178 3053 2231 dicuntur
3098 2179 3483 2245 fraternitates,
3539 2192 3594 2233 et

2022 2262 2235 2331 ciliciis,
2267 2275 2322 2319 et
2363 2267 2687 2336 quibusdam
2722 2270 2843 2324 aliis
2878 2268 3212 2324 ministeriis.
3248 2269 3361 2323 Mea
3413 2271 3594 2338 itaque

2022 2358 2210 2410 statuit
2244 2357 2544 2427 imperialis
2579 2372 2838 2429 poteStas,
2879 2377 2964 2424 ea,
2997 2378 3115 2430 qua:
3150 2363 3214 2415 ad
3249 2363 3395 2430 ipsos
3424 2368 3591 2429 perti-

2024 2458 2174 2511 nent,
2220 2448 2586 2515 dispensativa
2633 2453 2866 2521 quadam
2929 2455 3136 2507 ratione
3181 2454 3493 2525 disponens,
3528 2472 3594 2507 ne
3642 2518 3645 2519 ν

2023 2535 2141 2603 quis
2190 2539 2415 2605 posthac
2463 2540 2776 2606 pontiﬁcale
2819 2540 3006 2609 jugum
3056 2541 3239 2596 subire
3274 2553 3508 2597 recuset.
3554 2544 3590 2596 li

2021 2625 2161 2679 enini
2208 2642 2393 2680 omnes
2439 2629 2601 2681 etiam
2651 2645 2838 2684 rursus
2882 2629 3133 2685 fruentur
3183 2632 3282 2697 iis,
3330 2649 3447 2701 quae
3492 2632 3590 2688 sibi

2021 2718 2236 2782 adsunt,
2262 2719 2620 2787 praefecturis,
2651 2732 2705 2776 et
2727 2711 3066 2786 meonouiiis,
3099 2734 3153 2778 et
3179 2726 3299 2779 aliis
3331 2728 3456 2779 item
3493 2728 3591 2780 mi-

2022 2809 2262 2865 nisteriis
2288 2825 2351 2863 ac
2376 2814 2692 2867 muneribus
2718 2825 2770 2867 et
2799 2813 3011 2879 ciliciis,
3041 2824 3095 2867 et
3122 2830 3240 2884 quae
3272 2816 3373 2868 illis
3400 2818 3595 2872 adsunt

2023 2898 2389 2953 fraternitates
2435 2917 2449 2954 :
2500 2911 2553 2954 et
2609 2904 2865 2956 doctriuze
2925 2904 3191 2957 rationem
3255 2905 3589 2972 subeuntes,

2019 2990 2328 3057 perﬁciente
2380 3006 2407 3043 a
2454 3006 2514 3045 se
2562 3003 2814 3061 suscepto
2868 2994 3078 3058 ordine,
3125 2994 3336 3048 illorum
3381 3011 3594 3064 quoque

347 3081 666 3151 προσόντων
691 3080 875 3143 αὐτοῖς
904 3078 1221 3146 ἀδελφάτων
1243 3093 1257 3109 ⁸
1299 3078 1392 3130 καὶ
1417 3078 1508 3131 τὸν
1536 3080 1635 3146 τῆς
1661 3080 1912 3133 διδασκα-

2023 3080 2222 3135 reditus
2255 3080 2418 3135 libere
2457 3084 2773 3151 percipient,
2812 3086 2982 3138 donec
3029 3086 3399 3140 remissionem
3433 3103 3592 3141 acce-

347 3172 468 3236 λίας
516 3171 968 3242 ὑπεισερχόμενοι
1026 3170 1226 3236 λόγον,
1276 3173 1370 3221 καὶ
1421 3168 1519 3240 τὴν
1583 3170 1914 3225 τελειοποιὸν

349 3262 503 3326 τάξιν
537 3262 949 3331 ἀναδεξάμενοι,
1008 3261 1099 3313 καὶ
1126 3258 1234 3313 τῶν
1261 3259 1360 3313 ἀπ’
1384 3259 1610 3313 ἐκείνων
1634 3263 1915 3331 προσόδων

348 3354 740 3419 κατεξουσιάσο
753 3370 842 3407 υσι
894 3354 1089 3423 μέχρις
1115 3352 1181 3405 ἂν
1210 3352 1393 3406 ἄνεσιν
1424 3352 1659 3416 λάϐοιεν,
1692 3356 1783 3406 καὶ
1810 3355 1917 3408 ἀπὸ

348 3448 441 3515 τῆς
471 3446 571 3498 νῦν
598 3446 928 3516 δυσκληρίας
963 3446 1291 3497 κατασταίεν
1327 3444 1464 3512 πρὸς
1493 3446 1792 3514 εὐκληρίαν
1817 3448 1915 3517 τὴν

349 3538 456 3591 τῶν
491 3537 961 3606 ἐπιψηφισθεισῶν
992 3537 1177 3597 αὐτοῖς
1212 3535 1538 3604 ἐκκλησιῶν,
1568 3537 1641 3598 ὡς
1671 3539 1911 3607 εἴρηται,

354 3627 569 3683 ἀϐάτων
596 3627 770 3679 οὐσῶν
799 3626 1029 3685 τούτοις,
1059 3626 1132 3687 ὡς
1163 3626 1270 3677 ὑπὸ
1318 3627 1425 3679 τῶν
1468 3626 1728 3695 ἐχθίστων
1763 3645 1919 3680 .κατ-

352 3721 627 3790 εχομένων
660 3719 912 3789 ἐχθρῶν.
974 3716 1123 3787 Πλὴν
1171 3719 1237 3771 τὰ
1287 3717 1548 3792 ἐνταῦθα¹
1582 3719 1919 3789 διωρισμένα

352 3814 501 3883 παρά
537 3816 637 3881 τῆς
688 3811 965 3882 βασιλείας
1006 3828 1106 3879 μου
1138 3811 1238 3863 οὐκ
1287 3811 1512 3863 ἐπὶτῶν
1557 3812 1916 3881 ἀρχοντικίων

352 3905 614 3973 κρατήσει
646 3906 740 3955 καὶ
796 3902 903 3954 τῶν
930 3901 1157 3973 βαθμῶν
1183 3901 1293 3953 τῶν
1361 3901 1552 3970 ἱερέων
1574 3919 1633 3954 τε
1685 3906 1778 3956 καὶ
1805 3905 1913 3956 τῶν

352 3994 614 4047 διακόνων
646 3994 741 4047 καὶ
763 3993 872 4047 τῶν
901 3993 1105 4046 λοιπῶν
1134 3992 1231 4045 τοῦ
1289 3992 1492 4063 κλήρου
1522 3996 1619 4064 τῆς
1647 3995 1740 4046 τοῦ
1773 3995 1909 4048 Θεοῦ

2019 3172 2214 3241 perint,
2236 3181 2287 3226 et
2308 3172 2377 3226 ab
2399 3187 2482 3238 ea,
2506 3188 2625 3242 quae
2656 3188 2797 3228 nunc
2824 3186 2928 3236 est.
2958 3175 3084 3229 cieri
3109 3178 3424 3231 calamitosa
3444 3190 3593 3232 sorte

2021 3265 2088 3317 ad
2116 3264 2391 3318 meliorem
2416 3265 2547 3319 cleri
2575 3280 2879 3319 successum
2910 3266 2987 3320 eis
3008 3268 3385 3341 attributarum
3414 3266 3594 3320 eccle-

2020 3358 2243 3422 siarum,
2280 3374 2400 3426 quae
2438 3357 2505 3412 ab
2531 3358 2631 3423 eis,
2666 3368 2723 3411 ut
2759 3359 2892 3425 dixi,
2938 3360 3071 3413 adiri
3112 3375 3221 3414 non
3254 3368 3499 3428 possunt,
3535 3368 3594 3412 ut

2022 3463 2140 3517 quin
2183 3450 2250 3503 ab
2283 3451 2653 3504 infestissimis
2698 3461 2983 3504 teneantur
3020 3450 3284 3514 hostibus,
3335 3466 3592 3520 pervene-

2023 3542 2151 3595 rint.
2183 3540 2311 3604 Sed,
2345 3557 2463 3611 qua:
2496 3558 2525 3595 a
2558 3557 2672 3596 mea
2699 3543 2961 3610 imperiali
2998 3552 3264 3611 potestate
3293 3545 3585 3597 constituta

2026 3644 2173 3697 sunt,
2219 3634 2397 3687 locum
2444 3648 2553 3687 non
2592 3634 2863 3687 habebunt
2906 3635 2959 3687 in
2997 3633 3187 3688 ciliciis
3224 3634 3301 3688 vel
3340 3636 3593 3703 gradibus

2025 3727 2362 3781 sacerdotum
2427 3736 2482 3780 et
2550 3728 2903 3780 diaconorum
2967 3736 3023 3781 et
3075 3736 3396 3781 ceterorum
3457 3726 3587 3781 cieri

2024 3818 2227 3887 Magnae
2260 3819 2349 3874 Dei
2388 3819 2650 3875 ecclesiae.
2684 3819 2828 3872 Pone
2857 3833 2987 3888 ergo
3025 3829 3342 3887 praesentem
3374 3821 3588 3873 consti-

2024 3911 2285 3963 tutionem
2333 3912 2383 3964 in
2438 3910 2713 3964 codicibus
2752 3908 3196 3979 chartophylacii
3252 3909 3455 3979 Magnae
3496 3908 3588 3961 Dei

2018 4000 2280 4056 ecclesiae.

353 4092 608 4160 Μεγάλης
647 4090 962 4161 ἐκκλησίας.
1018 4088 1417 4169 Κατάστρωσον
1473 4089 1566 4143 οῦν
1622 4090 1684 4144 τὸ
1727 4098 1902 4163 παρὸν
1927 4096 2211 4151 πιττάκιον
2234 4099 2291 4149 ὲν
2318 4099 2431 4159 τοῖς
2463 4095 2649 4163 κώδιξι
2685 4095 2780 4149 τοῦ
2829 4094 3274 4167 χαρτοφυλακίου
3331 4095 3426 4164 τῆς
3494 4091 3589 4146 τοῦ

353 4187 484 4241 Θεοῦ
514 4185 773 4254 Μεγάλης
807 4182 1125 4253 ἐκκλησίας.

721 4236 861 4335 ’ἶοὶίς
900 4236 1223 4342 κληθέντας.
1256 4273 1335 4334 εἰς
1384 4270 1513 4324 λαοῦ
1542 4273 1902 4342 προστασίαν,

2096 4273 2347 4329 ZONAR.
2392 4274 2491 4340 Qui
2535 4275 2873 4344 assignatum
2908 4276 3247 4344 prrel‘ecturae
3280 4293 3472 4330 munus
3501 4280 3593 4331 dc-

356 4370 447 4424 καὶ⁵
474 4370 551 4440 μὴ
584 4366 937 4436 πειθομένους
986 4365 1261 4424 ἀπελθεῖν,
1315 4363 1564 4432 ἀφορίζει
1594 4365 1622 4415 6
1650 4365 1917 4417 ἑπτακαι-

352 4462 579 4522 δέκατος
628 4459 725 4527 τῆς
748 4459 805 4508 ὲν
842 4456 1151 4524 Ἀντιοχείᾳ
1205 4454 1425 4506 συνόδου
1476 4453 1676 4507 κανών.
1703 4456 1838 4517 Τοὺς
1859 4458 1916 4510 δὲ

356 4549 859 4623 χειροτονηθέντας,
899 4548 977 4617 μὴ
1032 4547 1365 4607 ἀπελθόντας
1388 4545 1463 4611 δὲ,
1490 4547 1548 4597 ού
1579 4546 1709 4615 παρ’
1733 4550 1914 4601 αἰτίαν

354 4646 581 4706 οἰκείαν,
613 4640 728 4696 ἀλλ’
759 4640 792 4711 ἢ
829 4641 917 4693 διὰ
960 4640 1061 4711 τὴν
1092 4638 1188 4691 τοῦ
1232 4637 1361 4690 λαοῦ
1393 4636 1746 4707 παραίτησιν,
1780 4639 1915 4709 ἢδι’

357 4740 550 4808 ἑτέραν
582 4734 760 4789 αἰτίαν
790 4734 890 4787 οὐκ
922 4732 979 4797 ἐξ
1030 4731 1209 4784 αὐτῶν
1240 4729 1561 4798 γενομένην,
1592 4731 1620 4781 6
1648 4729 1917 4783 ὀκτωκαι-

357 4830 580 4891 δέκατος
627 4828 723 4897 τῆς
776 4826 947 4895 αὐτῆς
1001 4823 1222 4877 συνόδου
1277 4821 1483 4879 κανὼν,
1519 4822 1764 4890 μετέχειν
1822 4826 1918 4892 τῆς

356 4921 523 4989 τιμῆς
551 4918 646 4971 καὶ
674 4919 773 4986 τῆς
822 4915 1164 4985 λειτουργίας
1225 4911 1460 4966 κελεύει.
1490 4911 1658 4964 Τοῦτο
1688 4912 1753 4983 δὴ
1781 4911 1921 4964 πλα-

296 4988 302 5009 ¹
355 5013 575 5081 τύτερον
605 5010 701 5063 καὶ
741 5008 769 5059 ὁ
803 5007 994 5076 παρὼν
1040 5004 1284 5068 θεσπίζει
1340 5004 1542 5066 κανὼν,
1600 5003 1773 5071 λέγων
1818 5003 1917 5069 ὡς,

358 5104 449 5157 ἐάν
485 5119 570 5164 τις
601 5104 681 5162 εἰς
705 5100 1009 5169 ἐπισκοπὴν
1044 5096 1341 5167 προαχθεὶς
1390 5097 1464 5165 μὴ
1515 5094 1715 5164 δυνηθῇ
1750 5096 1922 5146 ἀπελ-

360 5196 469 5247 θεῖν
503 5195 583 5256 είς
621 5192 720 5262 τὴν
752 5189 1027 5259 λαχοῦσαν
1055 5190 1220 5242 αὑτὸν
1250 5188 1428 5249 πόλιν,
1473 5187 1577 5238 ὑπὸ
1624 5186 1923 5257 Βαρϐάρων

360 5286 487 5348 ἴσως
543 5282 939 5351 κατεχομένην,
964 5282 992 5333 6
1017 5278 1260 5342 τοιοῦτος
1286 5279 1431 5333 ἅπαν
1458 5277 1569 5342 ἔξει
1625 5278 1921 5347 προνόμιον

2024 4365 2257 4433 iugiunt,
2304 4364 2657 4417 Antiocheuaa
2705 4367 2894 4434 synodi
2947 4365 3012 4418 i7
3045 4380 3166 4418 can.
3213 4379 3588 4434 segregantur.

2023 4459 2121 4524 Qui
2151 4471 2279 4509 vero
2314 4468 2559 4524 pastores
2594 4456 2911 4521 renuntiati,
2948 4471 3052 4509 non
3086 4458 3266 4525 aliquo
3301 4474 3398 4510 suo
3436 4460 3589 4521 vitio,

2021 4551 2113 4604 sed
2144 4547 2228 4601 vel
2256 4563 2285 4600 a
2313 4547 2651 4601 inultitudine
2682 4548 2910 4613 exclusi,
2942 4550 3024 4604 vel
3052 4549 3154 4601 alia
3189 4565 3370 4614 causa,
3407 4540 3461 4603 in]
3482 4567 3583 4619 qua

2021 4640 2174 4707 culpa
2218 4637 2318 4707 ipsi
2358 4647 2635 4700 vacarent,
2682 4639 2942 4707 impediti,
2998 4642 3234 4696 muneris
3287 4643 3364 4695 sui
3410 4656 3592 4711 partes

2024 4731 2175 4783 obire
2208 4738 2537 4793 vetarentur,
2569 4730 2634 4783 iis
2668 4742 2725 4783 ut
2768 4733 2968 4784 honore
3000 4731 3346 4786 nihilominus
3388 4744 3444 4785 et
3487 4736 3587 4784 uii-

2025 4820 2231 4873 uistcrii
2261 4821 2634 4890 prazt'ogalivis
2655 4819 2757 4872 irui
2783 4821 2964 4885 liceat,
2996 4822 3201 4876 decimo
3226 4836 3417 4875 octavo
3444 4822 3590 4888 ejus-

2023 4911 2143 4964 dem
2190 4913 2374 4973 synodi
2421 4928 2539 4966 cau.
2596 4915 2967 4965 constitutum.
3020 4912 3164 4966 Idem
3211 4915 3311 4967 hoc
3361 4930 3587 4974 canone,

2023 5001 2196 5055 fusius
2243 5003 2507 5069 explicata
2554 5004 2962 5066 constitutione,
3001 5005 3327 5058 decernitur.
3375 5006 3591 5072 Siquis

2024 5092 2189 5154 enim,
2225 5093 2417 5159 inquit,
2464 5093 2531 5145 ad
2576 5092 2942 5160 episcopatum
2976 5106 3215 5155 evectus,
3262 5094 3586 5147 destinatam

2030 5182 2132 5235 sibi
2160 5184 2458 5247 civitatem,
2488 5186 2680 5254 quippe
2712 5200 2740 5237 a
2778 5184 3035 5240 Barbaris
3068 5189 3209 5241 forte
3240 5199 3586 5255 occupatam,

2031 5275 2182 5330 obire
2212 5290 2320 5330 non
2354 5287 2537 5345 queat,
2572 5278 2754 5331 omnia
2788 5278 2836 5331 is
2865 5278 3164 5348 privilegia,
3199 5277 3299 5332 sibi
3342 5294 3440 5346 pro
3472 5294 3588 5329 mu-

1566 5410 1769 5472 Guill.
1817 5410 2143 5489 Beveregii
2172 5417 2357 5472 notae.

428 5543 542 5612 (‘20)
594 5543 707 5611 Τῆς
743 5544 1072 5611 ἱερωσύνης
1113 5540 1310 5611 ζυγόν.
1366 5538 1836 5612 Amerbacliianus
1866 5546 1921 5592 et

360 5609 696 5667 Etonieusts
738 5609 956 5668 codices
1024 5627 1157 5666 mss.
1191 5609 1407 5680 legunt
1462 5609 1918 5679 ἀρχιερωσύνης,

361 5699 521 5745 quam
558 5700 691 5738 sane
720 5684 1006 5738 lectionem
1044 5698 1240 5736 sensus
1268 5682 1497 5749 requirit
1524 5699 1537 5743 ;
1570 5694 1746 5746 neque
1774 5695 1917 5749 enim

368 5758 431 5807 de
464 5754 800 5808 sacerdotali
830 5792 845 5819 ,
877 5757 970 5808 sed
1003 5754 1293 5821 episcopali
1322 5747 1451 5821 ῥύεο
1494 5751 1580 5803 luc
1623 5751 1820 5818 agitur.
1855 5747 1919 5800 Et

2028 5540 2249 5608 quidem
2289 5540 2341 5593 in
2386 5553 2513 5593 vera
2542 5552 2642 5593 hac
2670 5547 2911 5593 lectione
2962 5556 3152 5595 omnes
3181 5541 3398 5594 codices
3426 5546 3587 5607 panic

2016 5612 2399 5734 congeminat,
2432 5610 2526 5665 ubi
2547 5610 2863 5681 dicituryrtp
2885 5611 3033 5682 ζυγῷ
3065 5612 3163 5681 τῆς
3179 5611 3586 5684 ἀρχιερωσύνης

2029 5700 2133 5734 υπο
2173 5697 2390 5734 βαμειν.

2029 5697 2390 5751 υποοραμειν.
