3984 6474
383 284 497 349 643

1648 276 1925 338 ΤΠΕΟΙ).
1969 278 2058 336 BA
2069 278 2366 337 LSAMON

3531 279 3633 342 644

381 412 515 453 nere
544 394 905 465 prml‘ectum,
939 398 1104 462 quam
1138 391 1350 447 obtinet
1374 390 1579 456 debita,
1610 392 1965 445 ttiltilotttittus

2086 375 2463 463 Ξιρχιερατικὸν
2482 392 2686 461 ἀνῆκον
2744 391 2911 460 αὐτῷ.
2954 392 3062 445 Kal.
3119 394 3498 465 χειροτονήσει
3532 394 3637 464 γὰρ

381 490 700 544 vindicabit.
754 486 939 556 Itaque
986 495 1041 540 et
1089 485 1318 539 clericos
1363 486 1642 539 ordinibus
1678 484 1958 551 insignire,

388 581 648 635 canonice
690 588 896 640 tamen,
935 578 1035 632 hoc
1080 588 1182 640 est,
1230 577 1456 629 servatis
1498 577 1549 630 iu
1582 592 1649 629 eo
1692 590 1962 629 canonum

383 672 752 728 sanctionibus
775 671 994 739 poterit,
1027 681 1082 722 et
1112 671 1373 723 honorem
1409 668 1648 737 episcopi
1681 678 1735 721 et
1768 669 1959 720 rathe-

383 766 495 819 draa
512 767 826 835 dignitatem
848 763 1132 817 obtinebit.
1159 761 1251 815 Est
1269 764 1382 816 haec
1405 778 1636 830 namque
1654 761 1965 843 praesulatus

385 858 681 911 auctoritas
715 857 1013 909 secundum
1048 856 1294 924 prortrios
1334 856 1470 907 lines
1503 856 1616 907 sive
1648 867 1806 921 prout
1837 853 1967 905 deli-

387 949 561 1001 uitnm
590 959 670 1001 est
698 957 752 1001 et
778 949 1152 1011 constitutum,
1187 946 1393 1000 honore
1426 945 1562 1000 allici
1598 946 1743 998 illam
1775 945 1967 997 civita-

388 1048 515 1099 tem,
547 1039 619 1091 ita
665 1049 721 1088 ut
766 1040 937 1105 prima
985 1037 1054 1090 sit
1101 1037 1260 1099 forte,
1308 1036 1387 1089 vel
1425 1036 1686 1098 secunda,
1735 1036 1816 1090 vel
1863 1035 1964 1087 alia

387 1128 661 1194 deinceps.
689 1124 803 1178 Non
827 1126 971 1179 enim
992 1126 1060 1179 de
1084 1139 1145 1179 ea
1168 1124 1472 1191 dejicietur,
1501 1133 1785 1193 propterea
1813 1122 1954 1192 quod

388 1231 597 1269 sacram
643 1217 813 1285 ipsius
862 1218 1013 1269 urbis
1054 1216 1365 1269 cathedram
1413 1225 1600 1269 tenere
1647 1215 1822 1275 adhuc
1862 1230 1965 1267 non

391 1309 650 1377 potuerit.
698 1310 800 1362 Sed
840 1320 891 1361 et
934 1324 1273 1377 qua'cnnque
1318 1307 1607 1376 episeopali
1642 1309 1968 1359 auctoritate

390 1404 459 1457 ab
486 1419 550 1456 eo
582 1404 880 1456 coustituta
910 1413 1096 1455 actave
1126 1402 1344 1465 fuerint,
1380 1412 1492 1453 rata
1525 1402 1703 1453 omnia
1730 1413 1782 1452 et
1805 1416 1964 1468 quam

389 1497 595 1561 optimo
640 1494 762 1564 jure
810 1496 963 1546 lirtua
1014 1495 1197 1547 haberi
1242 1494 1435 1560 placet.
1482 1491 1589 1545 Nec
1632 1494 1795 1554 enim,
1844 1494 1966 1558 quia

394 1593 692 1652 temporum
733 1584 1041 1651 iniquitate,
1074 1583 1429 1651 excitamque
1474 1600 1501 1634 a
1548 1582 1803 1636 Barbaris
1847 1598 1971 1651 pro-

394 1673 544 1728 cellae
579 1674 820 1742 periculo
855 1673 1109 1727 exclusus
1143 1673 1384 1727 ecclesia:
1416 1689 1525 1727 stne
1562 1676 1964 1740 possessionem

2068 483 2385 551 κληρικοὺς,
2419 483 2558 553 πλὴν
2621 486 2803 552 μέντοι
2865 484 3184 546 κανονικῶς,
3221 485 3302 549 ὡς
3334 487 3385 539 oi
3419 490 3639 551 κανόνες

2065 574 2268 644 δηλαδὴ
2305 574 2703 636 διατάττονται,
2732 577 2826 627 xui.
2880 576 2976 645 τὴν
3022 576 3186 645 τιμὴν
3210 578 3329 641 ἕξει
3380 577 3474 630 τοῦ
3517 582 3639 631 ἔπι-

2070 668 2275 719 σκόπου
2320 667 2414 719 καὶ
2449 667 2715 735 καθέδρας
2744 668 3126 735 ἀξιωθήσεται.
3160 669 3312 738 Αὕτη
3339 670 3452 740 γὰρ
3484 673 3515 740 ἡ
3543 674 3640 739 τῆς

2066 754 2355 823 προεδρίας
2415 754 2670 806 αὑθεντία
2735 756 2874 807 κατὰ
2928 759 3022 807 τὸν
3073 757 3199 810 ῐδιον
3263 759 3414 828 ὅρον,
3472 760 3642 830 ῆγουν

2066 842 2251 904 καθὼς
2284 843 2516 908 ὥρισται
2580 847 2672 896 καὶ
2706 847 3012 898 τετύπωται
3038 848 3306 915 τιμᾶσθαι
3336 848 3440 917 τὴν
3489 850 3643 902 πόλιν
3674 856 3675 859 “

2064 934 2299 1005 ἐκείνην,
2356 935 2579 1005 πρώτην
2628 921 2768 989 εἶναι
2817 939 2997 1007 τυχὸν,
3050 940 3081 1009 ἦ
3136 940 3443 1010 δευτέραν,
3478 942 3511 1011 ἢ
3546 946 3644 1013 ἑρ-

2067 1024 2214 1093 εξῆς.
2245 1026 2317 1078 Οὐ
2350 1027 2459 1095 γὰρ
2504 1026 3031 1098 ὑποϐιϐασθήσεται,
3067 1032 3154 1085 διὰ
3183 1033 3245 1085 τὸ
3279 1034 3355 1103 μὴ
3394 1034 3645 1101 ὲνιδρυνι

2068 1116 2230 1183 θῆναι
2257 1117 2394 1185 αὐτῇ
2435 1120 2499 1186 τῇ
2533 1116 2655 1188 ἱερᾷ
2682 1120 2938 1189 καθέδρᾳ.
2979 1122 3135 1175 Ἀλλὰ
3156 1122 3250 1176 καὶ
3297 1126 3401 1178 ὅσα
3433 1128 3497 1177 ἂν
3525 1128 3647 1179 διοι-

2066 1208 2210 1278 κήσῃ
2238 1208 2331 1260 καὶ
2376 1208 2745 1279 διαπράξηται
2786 1213 3162 1284 ἀρχιερατικῷ
3192 1215 3416 1284 δικαίῳ,
3450 1217 3645 1286 βέϐαια

2068 1301 2279 1352 ἔσονται
2314 1301 2509 1365 πάντα,
2558 1304 2651 1355 καὶ
2676 1304 2885 1373 νόμιμα
2918 1306 3367 1375 λογισθήσονται.
3424 1312 3500 1361 Ub
3533 1312 3640 1381 γὰρ

2070 1392 2133 1442 ὲκ
2163 1391 2255 1443 τοῦ
2315 1392 2388 1461 μὴ
2417 1392 2712 1461 δυνηθῆναι
2741 1396 2904 1447 αὐτὸν
2930 1398 3187 1449 ἀπελθεῖν
3216 1401 3299 1461 εἰς
3328 1400 3429 1469 τὴν
3454 1401 3651 1470 ἐκκλη-

2070 1485 2194 1535 σίαν
2229 1484 2395 1536 αὐτοῦ
2448 1485 2535 1536 διὰ
2586 1488 2685 1556 τὴν
2731 1488 2981 1556 ἀνάγκην
3026 1488 3121 1541 τοῦ
3178 1490 3401 1567 καιροῦ,
3430 1493 3526 1543 καὶ
3548 1494 3647 1561 τὴν

2070 1579 2393 1645 περίστασιν
2411 1578 2508 1646 τὴν
2531 1578 2716 1631 ἐκτῶν
2742 1577 3063 1650 Βαρϐάρων,
3083 1583 3592 1653 παραγραφήσεται
3616 1586 3647 1652 ἡ

2070 1668 2347 1740 ἀκρίϐεια,
2387 1672 2480 1722 καὶ
2508 1672 2537 1723 ό
2564 1673 2666 1740 τῆς
2692 1672 3009 1739 οἰκονομίας
3051 1673 3175 1742 ὅρος
3222 1674 3642 1741 περιορισθήσε-

393 1768 678 1835 episcopus
709 1768 857 1819 adire
884 1784 987 1819 non
1034 1767 1230 1835 possit,
1256 1767 1457 1819 idcirco
1489 1766 1967 1820 circinuscribetur

2086 1778 2183 1821 ται,
2213 1763 2335 1815 ἀντὶ
2357 1761 2475 1822 τοῦ,
2516 1762 2778 1833 συστολὴν
2801 1765 2911 1828 ἕξει
2946 1766 3063 1818 τινὰ
3093 1767 3186 1820 καὶ
3210 1764 3649 1835 ἐλαττωθήσεται

394 1858 690 1925 diligentia,
724 1872 775 1912 et
805 1859 1118 1913 oeconomiae
1150 1860 1264 1910 sive
1290 1859 1714 1925 dispensationis
1748 1858 1962 1911 termini

393 1952 672 2020 angustius
711 1952 1078 2010 delinientur;
1133 1950 1234 2003 hoc
1282 1959 1387 2011 est,
1437 1966 1539 2002 non
1584 1966 1645 2001 ea
1697 1950 1762 2001 de
1797 1964 1959 2002 causa

397 2042 576 2095 minus
634 2052 823 2094 exacte
880 2055 943 2093 ac
1003 2039 1254 2107 religiose
1305 2056 1425 2091 can.
1483 2040 1687 2092 set-vari
1743 2042 1960 2104 plaeet.

2069 1855 2241 1924 ἡτῶν
2293 1856 2538 1908 κανόνων
2586 1856 2869 1924 ἀκρίϐεια,
2912 1857 3131 1911 διδοῦσα
3185 1862 3300 1919 τοῖς
3326 1859 3649 1918 ἐπισκόποίς

2069 1947 2319 2011 ἐξουσίαν
2374 1948 2473 2016 τῆς
2522 1946 2841 2017 διοικήσεως
2896 1950 3003 2002 τῶν
3038 1953 3095 2002 ὲν
3140 1952 3263 2011 ταῖς
3317 1952 3648 2009 ἑπισκοτταῖ;

2068 2039 2248 2091 αὐτῶν
2299 2041 2537 2093 πάντων.

396 2149 625 2201 quorum
650 2134 973 2186 auctoritate
991 2132 1281 2200 episcopis,
1312 2134 1361 2183 iu
1388 2148 1480 2183 sua
1505 2133 1700 2198 cuique
1759 2130 2002 2198 ditecesi,
2074 2135 2138 2185 de
2181 2133 2434 2186 omnibus
2488 2148 2606 2202 qua?
2645 2134 2710 2187 ad
2755 2150 2871 2187 eam
2925 2134 3193 2201 pertinent
3239 2136 3518 2189 statue-udi
3573 2147 3650 2188 est

395 2240 656 2278 concessa
694 2224 939 2277 facultas.

398 2321 555 2390 201
590 2318 815 2374 AltlS'l‘.
849 2337 867 2370 ι
906 2318 1207 2389 Episcopus
1236 2319 1323 2387 qni
1358 2286 1575 2389 propter
1607 2317 1967 2373 Bai-barorum

472 2430 491 2463 ι
538 2412 900 2465 incursionem
933 2415 986 2465 in
1013 2412 1209 2465 throno
1236 2428 1339 2465 non
1369 2411 1681 2477 collocatur,
1709 2421 1763 2465 et
1787 2413 1969 2465 cathe-

472 2523 491 2556 ι
528 2506 622 2557 dra
674 2520 767 2557 sua
811 2504 1058 2566 fruatur,
1112 2514 1168 2556 et
1214 2502 1451 2566 ordinet,
1509 2515 1670 2570 atque
1715 2505 1969 2557 omnibus

476 2615 495 2648 ι
533 2596 833 2650 sacerdotis
866 2595 1189 2673 muneribus
1218 2593 1527 2648 ﬁrmissime
1558 2594 1827 2664 fungatur.
1870 2613 1888 2646 ι

466 2688 523 2742 Si
563 2688 685 2755 quis
714 2688 1002 2757 episcopus
1033 2692 1332 2755 ordinetur,
1365 2701 1418 2744 et
1453 2701 1667 2759 propter
1696 2692 1968 2745 Barbaro-

397 2796 516 2835 rutu
573 2780 911 2834 incursiones
964 2796 1070 2834 non
1125 2782 1291 2851 possit
1338 2783 1403 2836 ad
1443 2784 1654 2846 urbem,
1703 2784 1757 2836 in
1812 2797 1973 2852 quam

397 2869 681 2921 ordinatus
722 2878 865 2932 erat,
897 2884 955 2923 se
992 2873 1251 2941 recipere,
1302 2882 1360 2925 ut
1410 2873 1461 2926 iu
1497 2888 1561 2928 ea
1588 2874 1973 2936 constituatur,

397 2970 451 3014 et
494 2963 545 3014 in
579 2971 723 3015 statu
766 2962 1063 3017 collocetur
1108 2966 1429 3018 sacerdotali
1470 2982 1483 3018 :
1519 2981 1585 3019 ne
1621 2966 1975 3034 prohibeatur

398 3066 560 3120 agere
590 3068 711 3121 qua:
743 3052 807 3105 ad
842 3054 1151 3123 episcopum
1200 3058 1492 3123 pertinent,
1535 3058 1627 3108 sed
1662 3055 1841 3108 omnia
1893 3056 1975 3109 ια-

2073 2315 2297 2371 ΔΡΙΣΤ.
2363 2331 2383 2364 ι
2430 2313 2813 2376 Ἐπίσκοποςό
2845 2315 2932 2367 διὰ
2984 2314 3289 2388 Βαρϐάρων
3342 2318 3531 2386 ἔφοδον
3577 2320 3649 2391 μὴ

2148 2428 2167 2461 ι
2210 2406 2439 2470 ἐπιστὰς
2467 2406 2547 2478 τῷ
2570 2406 2765 2477 θρόνῳ,
2819 2409 2915 2459 καὶ
2968 2408 3241 2479 καθέδραν
3292 2410 3392 2480 τῆν
3446 2413 3648 2464 οἰκείαν

2145 2521 2165 2554 ι
2207 2500 2403 2570 ἐχέτω,
2429 2500 2526 2553 καὶ
2550 2499 2963 2570 χειροτονείτω,
2985 2502 3077 2553 καὶ
3105 2502 3290 2555 πάντα
3320 2504 3390 2557 τὰ
3420 2504 3521 2573 τῆς
3571 2505 3645 2555 ἰε-

2148 2612 2169 2645 ι
2219 2591 2469 2663 ρωσύνης
2503 2592 2799 2661 ἔνεργείτω
2832 2591 3184 2661 βεϐαιότατα.
3226 2611 3245 2646 ι

2140 2683 2205 2735 Et
2231 2699 2316 2746 τις
2364 2682 2661 2743 ἐπίσκοπος
2692 2684 3068 2753 χειροτονηθῇ,
3129 2686 3223 2738 καὶ
3273 2685 3363 2741 διὰ
3410 2688 3508 2750 τὰς
3544 2689 3648 2740 τῶν

2073 2774 2375 2847 Βαρϐάρων
2409 2773 2707 2846 ἐπιδρομὰς
2738 2777 2798 2827 οὐ
2816 2775 3012 2847 δυνηθῇ
3030 2777 3293 2831 ἀπελθεῖν
3320 2781 3400 2842 εἰς
3427 2782 3492 2851 ῆν
3515 2782 3651 2849 ἐχει-

2077 2867 2333 2939 ροτονήθη
2356 2868 2537 2931 πόλιν,
2556 2868 2695 2919 ὥστε
2713 2869 2769 2920 ἐν
2787 2869 2921 2937 αὐτῇ
2947 2870 3306 2940 καταστῆναι,
3331 2874 3425 2924 καὶ
3453 2873 3646 2939 ἐγκαθ-

2081 2959 2390 3030 ιδρυνθῆναι
2447 2960 2697 3029 ἱερατικῇ
2727 2959 3055 3012 καταστάσει
3088 2978 3104 2993 ·
3141 2962 3213 3031 μὴ
3254 2963 3553 3015 κωλυέσθω
3573 2964 3651 3015 ἐν·

2075 3054 2257 3123 εργεῖν
2280 3051 2315 3104 ἃ
2340 3054 2450 3112 τοῖς
2480 3053 2799 3113 ἐπισκόποις
2822 3052 3035 3120 ἀνήκει,
3058 3052 3190 3106 ἀλλὰ
3222 3055 3408 3106 πάντα
3427 3052 3653 3125 πραττέ-

398 3145 508 3197 clat
536 3153 851 3207 tractetque,
882 3151 935 3196 et
959 3145 1175 3197 honoris
1200 3146 1288 3212 qui
1317 3146 1367 3198 in
1399 3145 1652 3197 cathedra
1686 3156 1768 3199 est
1796 3147 1970 3214 parti-

2086 3143 2318 3205 σθω,καἰ
2339 3142 2821 3214 μεταχειριζέσθω,
2851 3145 2943 3196 καὶ
2964 3143 3060 3214 τὴν
3077 3144 3133 3196 ὲν
3152 3148 3215 3216 τῇ
3236 3147 3485 3218 καθέδρᾳ
3496 3165 3541 3199 τι
3551 3147 3647 3216 μὴν

397 3248 527 3301 ceps
551 3234 643 3295 sit,
679 3243 733 3286 et
759 3234 1080 3287 clericorum
1109 3237 1381 3290 variorum
1412 3238 1782 3292 ordinationes
1810 3254 1974 3293 eano-

400 3327 519 3379 uice
552 3324 739 3389 iaciat,
776 3335 830 3379 et
873 3327 1133 3396 quidquid
1169 3329 1234 3382 ab
1267 3344 1329 3382 eo
1357 3332 1648 3383 secundum
1687 3332 1779 3397 jus
1811 3348 1973 3385 cano-

396 3420 582 3473 tticunt
634 3418 829 3472 factum
887 3418 1049 3475 fuerit
1108 3422 1319 3474 ﬁrmum
1372 3424 1649 3477 habeatur.
1696 3423 1972 3490 Temporis

401 3511 543 3564 enim
573 3511 864 3565 necessitas
895 3527 1016 3566 eum
1047 3528 1151 3567 non
1184 3516 1619 3579 circutuseriltet.
1655 3527 1711 3570 ut
1738 3517 1975 3587 dignitas

397 3602 517 3672 ejus
551 3603 870 3673 episcopalis
905 3604 1012 3657 ullo
1044 3606 1202 3658 modo
1234 3606 1514 3661 imminuta
1542 3611 1632 3663 sit.

912 3691 1140 3748 CANON
1180 3693 1462 3750 XXXVIII.

406 3800 428 3833 ι
465 3781 760 3848 Canonem,
792 3785 879 3852 qui
914 3800 943 3838 a
985 3784 1232 3841 Patribns
1262 3787 1439 3842 factus
1476 3801 1581 3852 est,
1631 3806 1728 3845 nos
1758 3805 1975 3860 quoque

478 3891 497 3923 ι
530 3872 916 3936 observamus,
950 3874 1040 3942 qui
1067 3875 1145 3929 sic
1187 3877 1385 3931 edicit:
1430 3876 1484 3932 Si
1530 3895 1636 3949 qua
1684 3881 1877 3935 civitas
1907 3882 1974 3935 ab

472 3983 493 4017 ι
534 3965 665 4033 imp.
724 3978 992 4034 pmestate
1034 3969 1284 4021 iuuovata
1320 3970 1410 4033 sit,
1449 3972 1529 4025 vel
1565 3976 1784 4041 posthac
1821 3975 1973 4026 inno-

470 4072 497 4110 ι
533 4058 731 4124 vanda,
761 4058 949 4111 civiles
993 4073 1055 4111 ac
1088 4060 1328 4127 publicos
1369 4074 1528 4133 typos
1563 4074 1616 4118 et
1644 4066 1974 4119 ecclesiasd-

474 4164 496 4201 ι
532 4162 718 4202 carum
750 4164 967 4218 quoque
998 4164 1178 4204 rerum
1210 4156 1750 4223 ordo-consequatur.
1789 4174 1807 4205 ι

471 4338 668 4394 BALS.
711 4338 766 4394 In
797 4339 1117 4395 duodecimo
1152 4356 1361 4395 canone
1390 4343 1843 4399 Chalcedonensis
1875 4365 1968 4417 sy-

404 4434 523 4487 nodi
567 4433 1031 4501 scripsimus‘quaa
1063 4436 1278 4502 quidem
1321 4437 1657 4503 scripsimus.
1706 4441 1969 4503 Quoniam

403 4535 585 4580 autem
637 4539 874 4593 praesens
924 4541 1136 4595 quoque
1186 4542 1358 4581 canon
1415 4532 1605 4583 statuit
1662 4546 1794 4593 eas,
1853 4550 1972 4601 qnze
2006 4506 2046 4559 υ

401 4617 749 4686 imperatoria
788 4626 1053 4686 potestate
1081 4618 1348 4682 excitatae,
1379 4620 1459 4674 vel
1482 4623 1645 4675 etiam
1670 4626 1971 4678 excitanda:

405 4719 534 4764 sunt
566 4708 817 4764 civitates
838 4750 854 4776 ,
890 4710 957 4763 ab
996 4710 1241 4765 ecclesiis
1271 4726 1487 4781 quoque
1518 4712 1793 4774 honorari,
1836 4716 1975 4768 sicut

401 4800 684 4869 imperiale
714 4800 927 4871 jussum
954 4801 1342 4871 descripserit,
1390 4805 1441 4859 id
1476 4816 1577 4870 est,
1616 4813 1673 4857 ut
1719 4806 1845 4871 ipsa:
1877 4806 1972 4858 ha-

400 4890 565 4951 beant
600 4896 685 4950 vel
718 4896 1081 4965 episcopalem
1128 4898 1441 4967 dignitatem
1476 4897 1555 4951 vel
1602 4901 1974 4967 metropolita-

401 5002 531 5042 nam
566 5004 581 5043 :
616 4988 856 5060 (oportet
885 4990 1028 5043 enim
1060 4990 1488 5044 ecclesiasticum
1519 4993 1760 5045 ordinem
1789 4992 1975 5047 civiles

400 5088 454 5133 et
473 5078 736 5147 publicos,
766 5081 879 5134 sive
902 5080 1278 5150 imperatorios
1325 5076 1679 5153 typos'sequi)
1725 5084 1978 5150 dicimus,

404 5170 544 5239 quod
591 5170 757 5224 etiam
802 5187 830 5223 a
882 5172 1133 5239 praesenti
1188 5168 1399 5228 canone
1442 5172 1754 5241 imperatori
1794 5175 1976 5226 datum

402 5272 484 5315 est
530 5261 870 5331 episcopatus
908 5280 1072 5318 novos
1118 5267 1317 5326 facere.
1361 5264 1498 5321 alios
1545 5276 1719 5318 autem
1768 5267 1818 5318 in
1861 5267 1980 5334 jura

404 5353 761 5421 ntetropoleos
794 5360 1021 5426 erigere,
1065 5368 1120 5412 et
1158 5360 1221 5413 de
1252 5373 1441 5411 eorum
1471 5357 1734 5412 electione
1771 5359 1983 5427 aliaque

406 5445 890 5513 administratione,
943 5461 1098 5519 prout
1146 5452 1195 5506 ei
1240 5450 1413 5502 visqu
1464 5448 1667 5513 fuerit.
1720 5459 1979 5504 Slalllel'e-

409 5536 626 5591 interim
665 5550 843 5593 autem
893 5542 1048 5597 debet
1093 5544 1258 5608 scire,
1301 5538 1449 5609 quod
1490 5537 1545 5591 in
1596 5553 1782 5594 mense
1816 5539 1978 5602 Maio,

412 5632 614 5681 decima
686 5631 1009 5701 indictione,
1059 5650 1203 5690 anno
1262 5631 1405 5687 6595
1456 5630 1589 5686 exiit
1635 5630 1872 5685 edictum
1916 5632 1984 5685 ab

412 5719 600 5774 illustri
632 5720 954 5791 imperatore
980 5729 1202 5783 domino
1225 5723 1423 5781 Alexio
1450 5720 1733 5778 Comneno
1762 5722 1817 5777 in
1841 5722 1984 5776 hunc

2078 3236 2269 3306 ἐχέτω,
2305 3239 2397 3289 καὶ
2426 3236 2767 3308 χειροτονίας
2794 3237 3076 3307 κληρικῶν
3106 3240 3391 3309 διαφόρων
3443 3259 3648 3293 κανονι-

2075 3328 2189 3389 κῶς
2226 3327 2471 3391 ποιείτω,
2508 3328 2601 3379 καὶ
2637 3329 2745 3380 πᾶν
2773 3329 2864 3380 ὑπ’
2892 3328 3055 3382 αὐτοῦ
3081 3332 3338 3400 πραχθὲν
3370 3332 3509 3383 κατᾶ
3548 3347 3646 3384 κα·

2072 3422 2290 3488 νονικῆν
2315 3420 2607 3489 ἀκρίϐειαν
2661 3419 2802 3473 ἔστω
2859 3418 3103 3490 βέϐαιον.
3146 3422 3210 3473 Ἦ
3261 3423 3377 3494 γὰρ
3434 3423 3643 3490 ἀνάγκη

2073 3512 2165 3563 τοῦ
2198 3510 2392 3579 καιροῦ
2460 3514 2541 3574 εἰς
2599 3513 2949 3584 περιγραφὴν
3004 3512 3169 3565 αὐτοῦ
3225 3514 3293 3566 οὖ
3341 3516 3644 3584 γενήσεται,

2075 3603 2215 3657 ὥστε
2241 3605 2339 3675 τὴν
2370 3604 2735 3670 ὲπισκοπικὴν
2762 3604 2927 3657 αὐτοῦ
2955 3603 3323 3658 ἐλαττοῦσθαι
3356 3604 3537 3669 ἀξίαν.

2652 3696 2893 3748 ΚΔΝΩΝ
2936 3697 3067 3753 ΑΠ’.

2083 3809 2101 3843 ι
2149 3791 2253 3843 Τὸν
2285 3791 2348 3843 ἐκ
2397 3789 2509 3843 τῶν
2569 3790 2834 3860 Πατὲρων
2887 3788 3114 3842 τεθέντα
3144 3789 3351 3844 κανόνα
3373 3792 3468 3843 καὶ
3492 3790 3645 3860 ἡμεῖς

2151 3902 2169 3935 ι
2210 3882 2728 3953 παραφυλάττομεν,
2752 3882 2842 3934 τὸν
2860 3880 3001 3933 οὕτω
3025 3880 3445 3950 διαγορεύοντα·
3482 3883 3544 3933 Εἴ
3566 3898 3646 3943 τις

2150 3994 2167 4026 ι
2216 3976 2280 4027 ὲκ
2310 3973 2599 4043 βασιλικῆς
2632 3972 2880 4036 ἐξουσίας
2909 3973 3191 4043 ἐκαινίσθη
3229 3974 3411 4037 πόλις,
3445 3969 3648 4047 ἢαῦθις

2150 4086 2168 4117 ι
2214 4065 2544 4147 καενισθείη,
2579 4066 2694 4127 τοῖς
2741 4064 3046 4127 πολιτικοῖς
3094 4065 3189 4116 καὶ
3242 4065 3530 4137 δημοσίοις
3556 4063 3647 4135 τύ-

2148 4180 2167 4211 (
2215 4177 2338 4221 ποις
2410 4160 2502 4211 καὶ
2551 4158 2721 4227 ἡτῶν
2772 4157 3252 4228 ὲκκλησιαστικῶν
3308 4156 3643 4227 πραγμάτων

2150 4270 2168 4301 ι
2213 4253 2367 4315 τάξις
2403 4244 2785 4302 ἀκολουθείτω.
2820 4271 2839 4301 ι

2147 4344 2336 4395 ΒΛΛΣ.
2383 4341 2472 4393 Ἐν
2500 4342 2597 4409 μὲν
2651 4341 2727 4412 τῷ
2780 4341 2845 4411 ιβ’
2887 4344 3073 4397 κανόνι
3128 4347 3225 4416 τῆς
3254 4346 3314 4398 ἐν
3348 4339 3643 4411 Χαλκηδόνι

2080 4436 2298 4487 συνόδου
2362 4435 2684 4504 ἐγράψαμεν
2734 4436 2834 4488 ὅσα
2860 4437 2924 4507 δὴ
2961 4439 3053 4489 καὶ
3092 4438 3445 4508 ἐγράψαμεν·
3499 4437 3645 4486 ἐπει-

2075 4528 2139 4597 δὴ
2187 4527 2241 4578 δὲ
2294 4527 2387 4579 καὶ
2445 4527 2473 4578 ὁ
2536 4527 2730 4595 παρὼν
2783 4529 2960 4579 κανὼν
3029 4530 3325 4600 διορίζεται
3382 4527 3483 4590 τὰς
3558 4522 3643 4576 διὰ

2079 4618 2369 4688 βασιλικῆς
2429 4619 2671 4683 ἐξουσίας
2702 4621 3087 4690 ἁνεγερθείσας
3120 4623 3305 4684 πόλεις
3331 4619 3363 4690 ῆ
3396 4620 3488 4673 καὶ
3516 4617 3640 4668 ἁνε-

2078 4711 2483 4779 γερθησομένας
2545 4711 2813 4780 τιμᾶσθαι
2885 4716 2978 4764 καὶ
3050 4715 3200 4783 παρὰ
3266 4713 3377 4765 τῶν
3446 4708 3638 4774 ἐκκληκ

2080 4802 2232 4865 σιῶν,
2290 4801 2471 4864 καθὼς
2520 4803 2551 4871 ἡ
2607 4803 2861 4873 βασιλικὴ
2915 4804 3259 4857 ὑποτυπώσει
3317 4800 3638 4875 πρόσταξις,

2078 4897 2350 4948 τουτέστιν
2409 4895 2560 4965 ἔχειν
2625 4897 2795 4959 αὑτὰς
2829 4880 3195 4967 ῆὲπισκδπῆς
3223 4898 3438 4967 ἀξίωμα
3471 4894 3502 4962 ἢ
3540 4907 3640 4960 μη.
3726 4898 3729 4899 ν

2078 4987 2385 5057 τροπόλεως
2458 4989 2596 5057 (δέον
2654 4988 2762 5058 γάρ
2817 4994 2965 5043 ἐστιν
2991 4991 3304 5044 ἀκολουθεῖν
3328 4992 3425 5062 τὴν
3454 4988 3641 5051 ἐκκλη-

2085 5083 2367 5148 σιαστικῆν
2397 5080 2546 5145 τάξιν
2574 5083 2688 5144 τοῖς
2733 5082 3031 5145 πολιτικοῖς
3080 5088 3174 5136 καὶ
3236 5083 3513 5151 δημοσίοις
3558 5077 3643 5127 1'13-

2083 5187 2206 5231 ποις
2239 5172 2355 5238 ἦτοι
2382 5174 2494 5233 τοῖς
2544 5171 2842 5240 βασιλικοῖς
2867 5176 3281 5245 προστάγμασι)
3305 5191 3320 5205 '
3358 5173 3533 5243 φαμὲν
3571 5168 3640 5225 ὡς

2084 5262 2301 5331 ἐνεδόθη
2342 5263 2442 5330 μὲν
2472 5266 2581 5315 ἀπὸ
2635 5265 2729 5317 τοῦ
2766 5266 3033 5335 παρόντος
3087 5268 3310 5328 κανόνος
3339 5264 3413 5332 τῷ
3444 5257 3640 5331 βασιλεί

2085 5355 2389 5417 ὲπισκοπὰς
2439 5360 2612 5407 ποιεῖν
2643 5360 2705 5407 ὲκ
2761 5359 2903 5421 νέου,
2959 5359 3151 5428 ἑτέρας
3198 5358 3254 5409 δὲ
3288 5357 3508 5422 ἀνάγειν
3562 5350 3636 5405 εἰς

2083 5447 2264 5500 δίκαια
2320 5450 2723 5518 μητροπόλεως,
2772 5455 2865 5502 καὶ
2918 5452 3234 5511 ὑποτυποῦν
3294 5451 3360 5505 τὰ
3394 5446 3514 5514 περὶ
3546 5440 3635 5505 τῆς

2082 5537 2264 5607 ψήφου
2316 5540 2493 5593 αὐτῶν
2528 5540 2622 5593 καὶ
2674 5543 2772 5610 τῆς
2808 5542 2971 5611 ἄλλης
3024 5543 3339 5613 οἰκονομίας
3399 5537 3533 5592 κατὰ
3584 5530 3636 5582 τὲ

2087 5629 2247 5694 δόξαν
2283 5629 2431 5699 αὑτῷ
2455 5646 2469 5660 ’
2520 5632 2655 5701 τέω-ς
2688 5632 2745 5684 δὲ
2798 5634 3003 5701 ὀφείλει
3028 5635 3231 5688 εἰδέναι
3258 5636 3337 5688 ὃτι
3383 5629 3516 5683 κατὰ
3550 5622 3630 5674 τὸ»

2094 5724 2267 5779 Μάῖον
2303 5725 2445 5795 μῆνα
2471 5728 2532 5794 τῇ
2562 5730 2593 5774 '-'
2628 5725 2916 5781 ῖνδῑκτιίῖνι
2943 5726 3031 5781 τοῦ
3073 5725 3237 5796 στί-,ε’
3268 5726 3415 5786 ἕτουῖ
3457 5717 3626 5786 τέ’ίθνί
