3984 6474
293 323 404 388 645

1221 319 1301 378 1N
1343 318 1503 377 CAN.
1541 316 1853 377 XXXVIII
1889 315 2093 376 (ἸΟἪῘ.
2148 317 2227 375 ΙΝ
2269 317 2589 378 TRULLO.

3441 321 3546 382 646

295 436 594 504 σημείωμα
625 433 776 502 παρὰ
801 431 896 485 τοῦ
925 430 1170 500 ἀοιδίμου
1208 432 1469 501 βασιλέως
1497 431 1666 501 κυροῦ
1718 429 1865 483 ’Λλε‹

1975 439 2234 489 leuorem,
2275 433 2414 494 quod
2446 446 2566 482 cum
2603 437 2916 500 metr0p0lls
2945 429 3154 486 Basilaai
3187 440 3241 487 et
3275 441 3546 503 tuetmpu-

267 526 411 589 ,ξίου
440 524 537 577 τοῦ
565 524 880 595 Κομνηνοῦ,
920 523 1286 589 διαλαμϐάνον
1314 524 1413 585 ὡς,
1450 525 1548 592 τῆς
1584 523 1861 592 μητροπό-

293 619 430 680 λεως
459 617 552 669 τοῦ
577 615 870 668 Βασιλαίου
899 616 994 668 καὶ
1024 616 1122 684 τῆς
1159 616 1547 685 μητροπόλεως
1600 614 1868 667 Μαδύτων

288 709 644 778 χηρευουσῶν
671 710 764 762 καὶ
801 709 1115 778 μελλουσῶν
1168 709 1531 777 ψηφισθῆναι,
1590 707 1871 774 διανέστη-

295 818 396 851 σαν
425 801 473 851 οἱ
511 799 912 870 μητροπολίται
940 802 966 850 ὁ
999 800 1330 870 Ἡρακλείας
1378 801 1473 851 καὶ
1501 801 1528 851 ὁ
1577 797 1868 866 Ἀγκύρας,

289 894 389 943 καὶ
408 887 562 944 εἷπον
592 893 667 961 μὴ
698 892 938 960 ὀφείλειν
992 893 1092 955 τὰς
1123 893 1380 954 τοιαύτας
1417 893 1734 963 ἐκκλησίας,
1768 891 1871 944 κᾶν

286 985 704 1056 ἐπιτιμήθησαν
723 986 802 1055 τῷ
826 989 926 1052 τῆς
963 997 1350 1055 μητροπόλεως
1390 987 1683 1056 ἀξιώματι,
1722 983 1872 1055 παρὰ

287 1075 384 1126 τοῦ
421 1076 624 1146 μέρους
681 1078 782 1142 τῆς
841 1079 1099 1146 Μεγάλης
1155 1079 1450 1148 ἐκκλησίας
1505 1079 1868 1148 ψηφισθῆναι,

284 1169 426 1221 ἀλλά
459 1169 593 1240 παρ’
650 1171 865 1224 αὑτιῖω·
908 1173 994 1225 διὰ
1021 1173 1079 1223 τὸ
1108 1173 1204 1242 τὴν
1261 1174 1360 1241 μὲν
1409 1172 1709 1241 ἐκκλησίαν
1761 1172 1869 1224 τῶν

288 1260 559 1313 Μαδύτων
615 1263 921 1332 ἐπισκοπὴν
968 1260 1110 1316 εἶναι
1160 1263 1254 1316 τοῦ
1297 1264 1644 1334 Ἡρακλείας,
1688 1265 1785 1334 τὴν
1815 1264 1871 1317 δὲ

289 1353 594 1418 ἐκκλησίαν
617 1355 710 1407 τοῦ
742 1355 1031 1408 Βασιλαίου
1092 1358 1396 1424 ἐπισκοπὴν
1427 1354 1568 1409 εἶναι
1599 1356 1692 1409 τοῦ
1739 1357 1869 1422 ’Λγ-

289 1445 487 1512 κύρας.
533 1447 911 1516 Χρησαμένων
949 1448 1003 1500 δὲ
1033 1450 1140 1501 τῶν
1171 1449 1424 1501 τοιούτων
1453 1449 1870 1518 μητροπολιτῶν

289 1539 380 1588 καὶ
409 1536 491 1604 τῷ
525 1537 591 1604 ιβ’
621 1539 810 1590 κανόνι
834 1539 931 1606 τῆς
961 1543 1018 1590 ἐν
1044 1541 1346 1608 Χαλκηδόνι
1377 1540 1613 1605 συνόδου,
1641 1540 1869 1609 διοριζο-

293 1627 440 1696 μένῳ
493 1628 762 1691 σώζεσθαι
818 1631 882 1697 τῇ
935 1631 1062 1688 κατ’
1123 1631 1378 1699 ἀλήθειαν
1442 1631 1772 1700 μητροπόλει
1803 1630 1873 1683 τὰ

287 1719 565 1787 προσόντα
593 1721 730 1790 αὐτῇ
763 1720 947 1773 δίκαια
999 1721 1093 1774 ἐπὶ
1121 1724 1186 1790 τῇ
1218 1721 1512 1791 τιμηθείση
1582 1721 1867 1792 ἐκκλησίᾳ,

1976 520 2038 571 lis
2069 518 2344 588 Madytana
2376 521 2548 572 viduze
2580 532 2782 584 essent,
2817 531 2870 576 et
2899 523 3200 578 antistitum
3225 524 3544 578 electionem

1971 612 2089 665 tieri
2138 621 2429 678 oporteret,
2468 625 2892 668 exsurrexerunt
2940 615 3302 670 Heracleauus
3347 628 3398 668 et
3429 620 3546 670 Au-

1972 721 2202 776 cyrauus
2248 707 2719 774 tnetropolitauus,
2761 717 2815 760 et
2862 709 3149 770 dixerunt,
3195 726 3298 761 nou
3347 709 3546 765 debere

1973 813 2061 850 eas
2094 796 2370 860 ecl-lesias,
2407 797 2620 850 etiamsi
2657 798 3027 865 metropoliuiu
3061 799 3322 867 dignitate
3374 803 3540 854 hono—

1973 902 2104 945 rate
2136 897 2266 952 sint.
2306 908 2334 944 a
2381 891 2582 958 Maguze
2623 894 2868 946 ecclesiae
2902 894 3144 961 partibus
3190 911 3372 949 earum
3402 901 3544 948 auti-

1975 985 2160 1037 SIitum
2195 985 2514 1038 electionem
2546 986 2849 1052 suscipere,
2875 990 2968 1038 sed
3002 990 3068 1038 ali
3101 989 3230 1054 ipsis
3262 1008 3275 1042 :
3307 1005 3371 1041 eo
3399 992 3540 1058 quod

1971 1075 2251 1144 Madytana
2281 1076 2494 1142 quidem
2523 1078 2750 1148 ecclesia
2783 1077 2851 1129 sit
2878 1077 3154 1133 Heracleae
3177 1081 3543 1148 episcopatus,

1975 1167 2180 1221 Basilrei
2219 1179 2399 1221 autem
2435 1169 2662 1222 ecclesia
2707 1170 2778 1222 sit
2827 1169 3095 1239 Ancyraui
3149 1173 3542 1239 metropolitani

1974 1260 2340 1328 episcopatus.
2377 1258 2440 1312 Et
2472 1276 2592 1312 cuiu
2627 1260 2708 1313 usi
2752 1272 2935 1314 essent
2976 1261 3008 1314 ii
3043 1263 3439 1327 metropolitani
3479 1265 3545 1316 12

1974 1365 2175 1404 canone
2209 1350 2663 1404 Chalcedonensis
2712 1352 2922 1421 synodi,
2977 1367 3095 1419 qua:
3145 1353 3389 1406 decernit
3429 1371 3544 1407 ser-

1973 1443 2142 1496 vanda
2174 1459 2312 1496 vera:
2348 1444 2628 1510 metropoli
2656 1445 2799 1510 jura,
2826 1459 2944 1513 qua:
2973 1445 3043 1497 illi
3078 1445 3271 1498 ailsunt
3297 1448 3343 1498 in
3380 1447 3546 1500 hono-

1976 1543 2090 1586 rata
2118 1535 2342 1588 ecclesia
2372 1553 2384 1597 ;
2417 1535 2692 1588 decretum
2732 1536 2829 1590 fuit
2859 1537 3136 1605 imperiale
3173 1538 3224 1590 in
3258 1540 3542 1604 praesentia

1974 1627 2186 1695 synodi,
2218 1641 2337 1694 qua:
2370 1637 2494 1680 tunc
2528 1637 2665 1687 erat,
2698 1630 3082 1681 consentientis
3117 1645 3328 1696 unaque
3359 1633 3548 1684 decer-

1977 1719 2173 1779 uentis.
2205 1719 2365 1772 lit-ere
2413 1721 2832 1788 imperatoribus
2877 1722 3242 1789 pontificalem
3294 1724 3543 1776 thronum

288 1811 585 1878 διάγνωσις
621 1812 812 1880 γέγονε
863 1812 1120 1883 βασιλικὴ
1153 1814 1294 1865 κατά
1319 1813 1624 1883 παρουσίαν
1649 1812 1744 1864 καὶ
1774 1815 1865 1881 τῆς

1974 1808 2220 1863 ecclesiis
2252 1809 2454 1876 largiri.
2484 1819 2536 1861 et
2563 1812 2906 1876 episcopatus
2943 1810 3021 1863 vel
3054 1811 3455 1879 archiepiscopa
3487 1826 3547 1864 us

287 1903 405 1954 τότε
467 1904 1050 1975 συνδιαγνωμονούσης
1108 1906 1351 1963 συνόδου.
1403 1907 1691 1974 ἐφειμένον
1726 1901 1866 1957 εἶναι

288 1993 361 2065 τῷ
383 1994 603 2065 βασιλεῖ
629 1997 924 2068 προεδρίας
975 1998 1160 2066 θρόνον
1189 2001 1310 2060 ταῖς
1343 1998 1665 2057 ἐκκλησίαις
1711 1996 1866 2065 χαρί-

293 2088 500 2153 ζεσθαι,
539 2090 636 2142 καὶ
669 2091 769 2152 τὰς
822 2091 1132 2153 ἐπισκοπὰς
1180 2093 1274 2144 καὶ
1302 2092 1401 2150 τὰς
1427 2091 1866 2159 ἀρχιεπισκοπὰς

296 2187 368 2245 εἰς
405 2185 767 2254 μητροπόλεις
786 2185 1007 2250 ἀνάγειν
1031 2203 1045 2217 ·
1095 2188 1191 2238 καί
1223 2187 1290 2238 τὰ
1343 2186 1605 2254 περὶτῶν
1666 2186 1864 2254 ψήφων

303 2277 474 2331 αὑτῶν
506 2277 716 2346 καὶτῆς
771 2278 937 2348 ἄλλης
968 2278 1355 2346 διευθετήσεως
1392 2278 1702 2329 ύποτυποῦν
1726 2277 1864 2329 κατά

309 2371 365 2423 τὸ
411 2371 549 2440 αὐτῷ
586 2371 832 2441 θελητὸν,
868 2373 942 2441 μὴ
990 2371 1407 2440 ἐμποδιζομένῳ
1441 2370 1578 2440 πρὸς
1618 2369 1778 2424 τοῦτο
1802 2376 1864 2424 ἐκ

306 2461 391 2514 τοῦ
424 2463 647 2525 κανόνος
691 2464 785 2516 τοῦ
821 2463 1194 2534 διοριζομένου
1255 2461 1622 2530 φυλάττεσθαι
1651 2466 1715 2532 τῇ
1757 2479 1863 2532 μη-

299 2553 546 2623 τροπόλει
576 2554 641 2606 τὰ
679 2554 822 2607 κατά
847 2555 945 2622 τῆς
985 2553 1315 2623 τιμηθείσης
1360 2555 1667 2623 ἐπισκοπῆς
1692 2571 1866 2623 προσ-

287 2644 414 2696 όντα
446 2645 585 2713 αὐτῇ
618 2644 858 2713 ἀρχῆθεν
890 2645 1102 2696 δίκαια.
1145 2645 1254 2695 Καὶ
1289 2643 1563 2710 ἀνάγνωθι
1595 2644 1657 2695 τὸ
1688 2645 1867 2696 τοιοῦ-

285 2752 378 2787 τον
424 2735 724 2804 σημείωμα
783 2734 1084 2804 ἐρμηνεῢον
1139 2733 1259 2795 πῶς
1305 2733 1508 2801 ὀφείλει
1542 2734 1776 2786 νοεῖσθαι
1807 2735 1868 2786 τὸ

287 2825 561 2890 σώζεσθαι
595 2828 662 2880 τά
689 2827 877 2880 δίκαια
919 2826 1019 2894 τῆς
1049 2825 1287 2887 παλαιᾶς
1341 2826 1746 2896 μητροπόλεως,
1773 2827 1868 2880 καὶ

288 2919 350 2970 τὸ
429 2917 507 2988 μὴ
587 2919 1023 2987 κατατέμνεσθαι
1083 2917 1179 2984 τὴν
1232 2918 1360 2985 μίαν
1428 2919 1702 2987 ἐπαρχίαν
1788 2920 1868 2981 εἰς

284 3009 403 3062 δύο.
465 3010 661 3078 Ἥμεῑς
687 3011 816 3078 γὰρ,
844 3009 1012 3061 διὰτὸ
1052 3008 1375 3078 πολύστιχον
1414 3005 1572 3073 εἶναι,
1615 3009 1675 3061 οὐ
1729 3025 1864 3062 κατ-

279 3100 648 3170 επρὼσαμεν
666 3103 794 3154 αὐτὸ
815 3100 1046 3154 ἐνταῦθα
1061 3100 1434 3171 ἐξολοκλήρου.
1454 3101 1526 3153 Τὸ
1547 3102 1679 3153 αὐτὸ
1695 3101 1749 3154 δέ
1769 3118 1868 3171 ση-

1970 1903 2022 1953 in
2074 1899 2396 1968 tuetropoles
2433 1900 2642 1966 erigere
2684 1917 2695 1951 :
2737 1913 2943 1966 eaque,
2978 1914 3095 1966 quae
3135 1901 3198 1950 ad
3231 1901 3542 1953 electionem

1970 1992 2237 2060 pertinent
2286 2001 2341 2042 et
2394 1992 2653 2054 reliquam
2707 1989 3116 2058 dispositionem
3149 2030 3164 2053 ,
3220 2001 3376 2056 prout
3431 1994 3543 2056 ipse

1970 2081 2220 2144 voluerit,
2266 2080 2594 2142 describere,
2653 2095 2751 2134 nec
2803 2096 2830 2132 a
2870 2094 3077 2133 canone
3132 2082 3404 2149 impediri,
3450 2085 3540 2140 qui

1969 2173 2156 2227 statuit
2192 2173 2471 2239 tnetrOpoli
2515 2174 2634 2240 jura
2691 2172 2926 2234 servari,
2980 2188 3097 2236 quae
3137 2173 3206 2226 illi
3254 2174 3544 2225 adfuerunt

1971 2267 2037 2315 ali
2072 2266 2224 2317 initio
2259 2266 2309 2317 in
2347 2267 2609 2318 hmini-ato
2659 2266 2993 2333 episcopatu.
3026 2264 3091 2316 Et
3141 2265 3255 2329 lege
3287 2265 3386 2316 hoc
3429 2267 3546 2316 edi-

1968 2371 2137 2418 etutu,
2185 2359 2324 2423 quod
2368 2358 2755 2425 interpretatur
2783 2357 3052 2425 quomodo
3083 2356 3304 2425 intelligi
3351 2358 3546 2410 debeat

1972 2449 2122 2513 illud,
2149 2451 2349 2502 servari
2378 2449 2497 2517 jura
2547 2449 2783 2517 antiquae
2820 2448 3158 2517 metropolis,
3200 2461 3252 2502 et
3282 2451 3402 2509 hoc,
3435 2467 3540 2503 non

1968 2541 2311 2593 dividendam
2365 2556 2482 2592 esse
2536 2556 2691 2591 uuam
2740 2540 3076 2608 provinciam
3134 2539 3185 2590 in
3235 2539 3389 2593 duas.
3439 2539 3544 2592 Nos

1968 2635 2142 2697 enim,
2175 2649 2237 2686 eo
2274 2635 2413 2702 quod
2451 2634 2521 2686 sit
2550 2633 2832 2702 prolixius,
2884 2634 2968 2685 hic
3003 2634 3265 2700 integrum
3307 2649 3408 2684 non
3445 2647 3542 2700 po-

1969 2729 2196 2781 Suimus.
2238 2726 2346 2780 lloc
2381 2726 2553 2794 ipsum
2601 2735 2776 2777 autem
2812 2726 3067 2787 edictum,
3105 2733 3223 2790 post
3267 2726 3541 2778 decretum

1969 2819 2109 2886 quod
2139 2819 2402 2875 continet.
2439 2818 2635 2870 debere
2663 2816 2922 2868 ecclesias
2959 2830 3079 2882 qua:
3113 2825 3231 2866 sunt
3272 2817 3544 2866 honoratae

1963 2914 2114 2984 jussu
2150 2911 2410 2980 imperiali
2444 2927 2472 2964 a
2518 2912 2712 2963 throno
2745 2909 3346 2976 Constantinopolitano
3376 2909 3538 2977 202

1968 3004 2252 3074 praesulum
2291 3001 2606 3056 electionem
2648 3000 2918 3066 accipere,
2962 3013 3060 3052 nec
3095 3013 3206 3062 cos,
3259 2999 3348 3065 qui
3385 2999 3542 3065 paulo

1969 3106 2092 3150 ante
2109 3103 2264 3148 erant
2287 3092 2686 3160 metropolitani
2712 3093 2870 3143 ullam
2896 3093 2946 3143 iit
2971 3092 3050 3144 eis
3069 3100 3278 3158 partem
3301 3091 3540 3156 habere;

287 3198 537 3266 μείωμα,
567 3197 705 3266 μετά
734 3196 831 3266 τὴν
862 3195 1115 3266 διήγησιν
1167 3194 1265 3265 τὴν
1314 3194 1673 3264 περιέχουσαν
1722 3195 1865 3263 ὀφεί-

1970 3188 2085 3242 hrec
2131 3200 2350 3255 quoque
2397 3199 2653 3251 expresse
2706 3182 2992 3235 continet:
3036 3183 3298 3246 Quoniam
3360 3190 3536 3234 autem

283 3288 406 3340 λειν
437 3287 767 3358 ψηφίζεσθαι
826 3287 924 3350 τὰς
983 3287 1308 3356 τιμηθείσας
1357 3288 1655 3357 ἐκκλησίας
1718 3289 1864 3341 κατά

251 3379 594 3449 ιπρόσταξιν
643 3378 927 3450 βασιλικὴν
973 3379 1123 3449 παρά
1166 3377 1260 3431 τοῦ
1323 3378 1510 3448 θρόνου
1560 3367 1659 3448 τῆς
1715 3381 1866 3432 Κων-

281 3472 828 3535 σταντινουπόλεως,
889 3470 985 3524 καὶ
1043 3471 1206 3540 μηδὲν
1278 3471 1529 3541 μετέχειν
1609 3473 1702 3524 ἐπὶ
1763 3474 1864 3524 αὺ-

279 3569 410 3626 ταίς
449 3567 578 3627 τοὺς
627 3562 819 3634 πρώην
877 3563 1307 3634 μητροπολίτας,
1339 3563 1701 3631 διαλαμϐάνει
1765 3564 1860 3616 καὶ

279 3657 466 3709 ταῦτα
513 3657 713 3726 ῥητῶς.
755 3656 902 3707 Ἐπεὶ
937 3656 995 3707 δὲ
1026 3656 1074 3706 οἱ
1106 3656 1383 3726 ἀρχιερεῖς
1434 3657 1529 3708 καὶ
1586 3651 1741 3716 αὖθις
1773 3655 1864 3707 τὸν

280 3756 392 3822 τῆς
447 3752 502 3802 ἐν
563 3749 863 3818 Χαλκηδόνι
915 3749 1133 3800 συνόδου
1203 3751 1400 3800 κανόνα
1461 3749 1864 3817 προσφέροντες

190 3859 194 3867 ·
281 3845 416 3903 τοὺς
445 3842 509 3892 ἐκ
540 3839 952 3909 προσελεύσεως
1000 3838 1091 3891 τοῦ
1140 3837 1473 3907 ὑψηλοτέρου
1503 3837 1864 3906 ἀξιουμένους

279 3933 486 4001 θρόνου
518 3935 668 4001 παρά
703 3929 936 3992 κανόνας
969 3928 1154 3995 ἐλεγον
1179 3932 1273 3990 τῆς
1300 3928 1636 3998 τελεωτέρας
1666 3930 1866 3998 τυγχά-

283 4042 340 4076 νε
355 4042 404 4075 ιν
441 4023 628 4092 τιμῆς,
661 4022 758 4074 καὶ
805 4021 994 4091 ἤθελον
1025 4023 1142 4083 ταῖς
1166 4020 1468 4086 ἀλογίστοις
1491 4022 1690 4090 ὁρμαῖς
1740 4022 1862 4073 ἐπι-

279 4117 515 4186 τεθῆναι
539 4114 794 4184 κώλυμα,
832 4115 930 4166 καὶ
960 4109 1101 4184 ἦσαν
1133 4113 1424 4182 κανονικὴν
1465 4113 1865 4182 προσφέροντες

281 4208 534 4271 ἀξίωσιν,
565 4207 598 4274 ἡ
634 4203 880 4274 βασιλεία
937 4222 1061 4274 μου,
1102 4202 1200 4255 καὶ
1250 4206 1317 4272 τῇ
1349 4205 1608 4274 βασιλικῇ
1644 4205 1866 4276 ἐξουσίᾳ

281 4301 345 4349 τὸ
370 4295 526 4366 παρά
562 4297 671 4347 τῶν
703 4294 862 4347 θείων
911 4296 1154 4348 κανόνων
1201 4295 1484 4364 δεδομένον
1517 4295 1691 4366 ταύτῃ
1727 4313 1865 4367 προ-

280 4389 478 4455 νόμιον
511 4384 858 4456 παρορᾶσθαι
894 4387 968 4454 μὴ
1001 4385 1254 4448 θέλουσα,
1313 4385 1406 4437 καὶ
1461 4385 1562 4449 τὰς
1604 4388 1698 4439 ἐπὶ
1727 4403 1864 4456 προσ

1968 3295 2153 3335 rursus
2180 3293 2396 3346 quoque
2437 3276 2732 3338 antistites,
2758 3274 3013 3329 Chalced.
3053 3273 3241 3337 synodi
3271 3289 3536 3327 cauouetn

1967 3372 2316 3430 adducentes.
2350 3384 2444 3424 eos
2472 3369 2562 3436 qui
2599 3383 2665 3421 ex
2700 3368 3088 3435 supplicatimte
3119 3367 3312 3419 altiore
3343 3366 3539 3418 throno

1966 3464 2110 3535 digni
2157 3462 2324 3516 habiti
2368 3471 2515 3524 sunt,
2557 3461 2842 3522 dicebant,
2878 3470 3072 3528 przeter
3101 3470 3338 3510 canones
3369 3456 3542 3509 hono-

1966 3570 2078 3608 rem
2133 3553 2502 3624 perfectiorem
2561 3553 2840 3620 consequi,
2899 3559 2952 3604 et
3013 3550 3240 3604 rationis
3285 3560 3540 3616 expertes

1966 3661 2149 3700 eorum
2185 3645 2543 3714 appetitioues
2573 3644 2809 3697 coerceri
2843 3642 3094 3695 volebant
3126 3653 3181 3693 et
3218 3641 3534 3694 canonicam

1967 3737 2344 3792 auctoritatem
2381 3735 2718 3798 aﬂ'erebant;
2754 3735 3039 3804 imperium
3075 3749 3253 3788 meum
3285 3743 3338 3787 et
3367 3733 3538 3802 impe-

1968 3831 2084 3884 riali
2131 3846 2223 3883 sua
2274 3838 2572 3896 potestate,
2621 3829 2764 3897 quod
2819 3843 2850 3882 a
2900 3827 3095 3881 divinis
3139 3828 3436 3880 canouihus
3485 3826 3542 3881 ei

1966 3922 2145 3976 datmu
2175 3931 2257 3974 est
2282 3920 2640 3987 privilegium,
2680 3919 2942 3985 ueglectui
2977 3919 3165 3972 haberi
3196 3935 3299 3971 non
3331 3920 3536 3986 sitiens,

1966 4029 2021 4072 et
2056 4019 2362 4074 antistitum
2409 4019 2476 4072 ob
2519 4017 2740 4073 honoris
2786 4017 3226 4086 provocationem
3271 4017 3540 4083 supplica-

1967 4111 2164 4171 tiones,
2201 4120 2256 4162 Ill.
2301 4125 2404 4162 non
2442 4110 2734 4162 canonieas
2772 4124 2945 4174 neque
2977 4109 3264 4176 legitimas,
3297 4108 3538 4174 appella-

1968 4199 2132 4253 tionis
2168 4210 2420 4254 eventum
2474 4199 2724 4265 accipcre
2773 4200 2960 4251 nolens
3005 4199 3212 4264 statuit,
3249 4199 3536 4265 episcopa-

1967 4299 2079 4344 tum
2111 4305 2216 4344 nou
2241 4290 2401 4344 aliter
2427 4289 2478 4342 in
2515 4289 2880 4344 sublimiorem
2921 4288 3169 4341 thronum
3195 4290 3536 4357 erigendum,

1967 4380 2464 4447 archiepiscopatus
2519 4379 2729 4432 scilicet
2779 4377 2861 4432 vel
2906 4377 3242 4446 metropolis,
3282 4393 3440 4446 quam
3491 4381 3537 4432 si

283 4484 486 4552 κλήσει
518 4482 690 4552 τιμῆς
757 4480 1147 4550 προσελεύσεις
1195 4481 1303 4532 τῶν
1352 4482 1657 4550 ἀρχιερέων
1686 4481 1760 4545 ὼς
1786 4480 1861 4551 μὴ

1970 4471 2058 4536 qui
2087 4478 2212 4523 tunc
2235 4480 2317 4523 est
2347 4469 2638 4537 imperator
2661 4468 2881 4537 proprio
2908 4478 3054 4520 tuom
3083 4465 3367 4534 impulsus,
3396 4467 3538 4518 nulla

285 4575 606 4640 κανονικὰς,
671 4575 793 4644 μηδ’
846 4573 1073 4642 ἔννομον
1133 4573 1194 4625 τὸ
1217 4577 1316 4643 τῆς
1374 4575 1613 4641 ἐφέσεως
1666 4575 1865 4626 ἀποτέ.

283 4670 469 4737 λεσμα
525 4669 600 4737 μὴ
659 4667 961 4736 λαμσάνειν
996 4665 1278 4730 ἐθέλουσα,
1314 4666 1526 4718 εὐδοκεῖ
1573 4666 1648 4737 μὴ
1691 4667 1866 4725 ἄλλως

284 4760 597 4828 ἐπισκοπὴν
628 4758 709 4820 είς
741 4757 1234 4827 προδαθμιώτερον
1294 4755 1484 4826 θρόνον
1537 4759 1864 4824 ἀνάγεσθαι,

286 4852 739 4924 ἀρχιεπισκοπῆς
784 4850 1026 4919 δηλονότι
1072 4849 1105 4917 ἢ
1162 4849 1577 4918 μητροπόλεως,
1631 4851 1680 4902 εί
1735 4852 1866 4920 μὴὸ

289 4946 435 4997 κατά
482 4942 713 5012 καιροὺς
764 4939 1018 5010 βασιλεὺς
1070 4938 1284 4991 οἴκοθεν
1310 4937 1600 5008 ὁρμηθεὶς,
1635 4938 1858 5008 χάριτος

290 5036 644 5107 ἀνθρωπίνης
673 5031 748 5103 μὴ
775 5031 1183 5101 μεσολαϐούσης
1217 5031 1318 5082 οὐκ
1371 5031 1706 5099 εὐπρεποῦς,
1740 5031 1865 5100 βου-

292 5127 485 5197 ληθείη
515 5125 690 5198 ταύτῃ
718 5128 780 5176 τὸ
836 5122 1248 5191 ἐπαναὸεϐηκὸς
1279 5121 1496 5190 ἀξίωμα
1526 5125 1860 5192 παρασχεῖν,

292 5222 487 5290 ἢτιμῇ
525 5218 626 5284 τῆς
681 5215 975 5284 πόλεως,ἧ
1024 5214 1204 5267 πίστει
1227 5215 1294 5284 τῇ
1359 5214 1494 5282 πρὸς
1543 5216 1643 5284 τὴν
1687 5216 1861 5285 ἐναγῆ

305 5307 727 5376 Ἐκκλησίαν,ἢ
789 5306 883 5358 τοῦ
948 5305 1288 5375 προεστῶτος
1342 5305 1511 5374 αὐτῆς
1535 5307 1634 5375 τὴν
1663 5308 1863 5375 ἀρετὴν

299 5400 605 5464 σεϐασθεὶς,
658 5396 952 5450 κάντεῦθεν
975 5395 1320 5464 αὐθόρμητος
1347 5395 1589 5463 γεγονὼς
1619 5397 1754 5465 πρὸς
1798 5398 1858 5449 τὸ

297 5493 624 5565 χαρίσασθαι
651 5493 750 5562 τὴν
800 5490 989 5560 τιμήν.
1044 5490 1150 5541 Καὶ
1178 5488 1254 5558 τῷ
1279 5505 1342 5557 γε
1395 5489 1460 5542 δι’
1517 5491 1862 5562 ἀνθρωπίνην

306 5585 682 5655 προσποωειαν
711 5583 803 5635 καὶ
827 5582 1030 5652 τρόπον
1061 5582 1159 5634 οὐκ
1194 5580 1588 5649 ἐπαινούμενον
1613 5584 1672 5633 τὸ
1692 5581 1860 5652 ὑπερ-

303 5676 530 5744 ϐεόηκὸς
561 5673 910 5746 χαριζομένῳ
936 5674 1056 5742 ,τῆς
1102 5673 1310 5736 τάξεως
1341 5671 1401 5723 τὸ
1431 5672 1540 5724 ἀπὸ
1561 5672 1668 5724 τῶν
1701 5661 1859 5726 θείων

303 5788 372 5821 κα
403 5771 536 5820 όνων
562 5768 678 5828 δέος
707 5764 1142 5846 ἐπανατείνεταιι
1175 5759 1269 5826 Οἷς
1305 5764 1388 5815 ἵνα
1441 5765 1513 5834 μὴ
1585 5765 1857 5834 περιπέσῃ

1973 4560 2204 4614 humana
2225 4559 2476 4614 indecore
2496 4560 2671 4628 gratia
2693 4557 3084 4619 intercedente,
3110 4557 3340 4611 voluerit
3365 4557 3535 4621 illam,

1971 4686 2089 4740 qute
2116 4671 2361 4739 superior
2391 4681 2475 4725 est
2516 4687 2578 4725 ac
2609 4673 2948 4738 eminentior,
2980 4672 3296 4742 dignitatem
3324 4675 3371 4728 ei
3406 4693 3539 4741 prm-

1975 4763 2118 4824 here,
2175 4763 2258 4816 vel
2313 4775 2530 4831 propter
2569 4765 2802 4818 civitatis
2850 4767 3145 4831 honorem,
3196 4768 3276 4820 vel
3323 4781 3540 4837 propter

1970 4854 2088 4921 ejus
2121 4853 2278 4907 ﬁdem
2309 4854 2358 4906 iu
2400 4865 2643 4909 sanctam
2674 4857 2989 4922 Ecclesiam,
3033 4861 3116 4914 vel
3153 4861 3294 4928 ejus,
3335 4863 3423 4930 qui
3463 4862 3535 4914 illi

1969 4955 2183 5014 praeest,
2229 4947 2481 5000 virtutem
2539 4947 2834 5013 honorans,
2884 4959 2936 5003 et
2987 4967 3051 5005 ex
3088 4965 3153 5005 eo
3203 4967 3296 5006 sua
3347 4963 3538 5020 spoute

1953 5036 2230 5114 incitatus
2275 5037 2339 5088 ad
2390 5037 2717 5103 largiendum
2765 5038 3044 5094 honorem.
3085 5045 3160 5095 Ac
3203 5043 3251 5095 ei
3289 5045 3532 5112 quidem,

1965 5127 2054 5196 qui
2103 5138 2320 5196 propter
2352 5130 2633 5181 humanam
2679 5128 3038 5197 affectionem,
3083 5141 3135 5185 et
3177 5147 3358 5185 mores
3413 5149 3517 5185 nou

1965 5218 2242 5286 laudatos,
2299 5221 2541 5274 ordinem
2600 5219 2914 5275 sublimem,
2945 5220 3169 5290 largitur
3213 5225 3520 5276 divinorum

1965 5325 2238 5364 canonum
2279 5319 2451 5364 metus
2483 5311 2801 5365 intentatur.
2838 5312 2896 5365 lu
2929 5328 3064 5379 quos
3096 5329 3162 5366 ne
3203 5329 3343 5382 szepe
3373 5315 3536 5382 impe-

1970 5409 2121 5454 rator
2164 5401 2443 5468 impingat,
2496 5403 2757 5469 permittit
2803 5412 2855 5456 et
2899 5404 3260 5465 sanctissimo,
3296 5405 3386 5472 qui
3437 5421 3532 5473 pro

1969 5501 2206 5558 tempore
2229 5500 2330 5553 est,
2358 5491 2700 5559 patriarchae,
2731 5507 2836 5547 non
2856 5493 3012 5547 aliter
3040 5509 3072 5547 a
3095 5495 3285 5561 quovis
3308 5494 3526 5547 allatam

1963 5583 2029 5636 de
2071 5584 2440 5652 cujuscunque
2481 5584 2724 5638 ecclesiae
2766 5586 3002 5652 primatu
3046 5584 3289 5644 chartam
3336 5583 3532 5634 contir-

1963 5685 2131 5733 mare,
2177 5686 2279 5732 nec
2315 5671 2433 5737 ejus
2472 5673 2757 5739 praesulum
2794 5671 2935 5726 inter
2982 5670 3412 5738 archiepiscopus
3443 5671 3529 5722 vel

1963 5774 2151 5831 tut-tm,
2174 5765 2409 5816 olitauos
2445 5764 2703 5832 recipere,
2749 5776 2911 5831 quam
2944 5770 3226 5828 postquam
3275 5760 3341 5814 de
3379 5775 3439 5814 ea
3473 5777 3530 5815 re
