3984 6474
408 278 515 344 647

1643 260 1921 322 ΤΗΕΟΙ).
1964 250 2369 318 BALSAMON

3559 226 3662 295 6l8

408 399 475 450 ad
522 391 856 463 imperialem
900 395 1220 459 potestatem
1268 381 1575 454 patriarcha
1616 378 1883 438 retulerit,
1922 385 1975 428 et

2110 369 2344 429 πολλάκις
2365 367 2392 417 ὁ
2430 360 2703 431 βασιλεὺς,
2737 360 2923 429 ἐφίησι
2949 357 3040 411 καὶ
3065 354 3224 409 τοῦτο
3253 352 3336 423 τῷ
3368 351 3516 406 κατὰ
3543 368 3666 403 καις

411 489 540 554 quid
576 486 748 540 sacris
784 493 999 537 cautum
1037 482 1107 535 sit
1152 478 1456 533 canouibus
1502 472 1765 534 docuerit,
1801 478 1855 523 et
1894 471 1975 519 in-

414 579 709 642 tellexerit,
743 576 885 645 quod
924 575 1241 640 imperator,
1276 568 1492 639 proprio
1540 577 1707 628 motu,
1736 564 1880 631 justa
1911 559 1978 613 de

414 687 574 724 causa
626 668 868 723 ecclesia!
922 668 1064 719 httuc
1112 665 1371 717 honorem
1416 659 1639 727 largitus
1671 667 1775 709 est.
1827 653 1980 706 Tunc

414 768 558 816 enim
596 771 647 815 et
677 768 796 813 eatu
830 759 1099 817 admittet.
1127 766 1181 807 ct
1209 754 1261 807 in
1293 767 1480 806 eorum
1515 748 1603 819 qui
1635 750 1733 801 sub
1765 760 1823 799 3e
1858 751 1983 796 sunt

416 852 717 905 antistitum
757 851 1038 902 numerum
1073 845 1223 899 illum
1256 841 1554 909 cooptabit,
1586 839 1673 905 qui
1713 844 1980 905 prmstau-

420 946 607 995 tiorem
636 943 893 993 honorem
920 938 985 990 ab
1015 937 1145 1005 imp.
1172 934 1394 987 sortitus
1420 939 1520 985 est.
1553 928 1684 983 Nota
1712 942 1840 995 ergo
1867 939 1985 993 quae

419 1052 446 1085 a
476 1032 724 1101 praesenti
760 1032 885 1100 imp.
918 1030 1097 1083 edicto
1128 1028 1406 1086 dicuntur,
1441 1024 1505 1075 de
1540 1021 1782 1074 ecclesiis
1819 1019 1986 1071 hono-

421 1127 552 1179 ratis
584 1125 889 1190 erectisque
924 1137 989 1175 ex
1025 1118 1426 1189 episcOpatibus
1458 1123 1513 1169 et
1555 1113 1991 1181 archiepiscopa-

420 1195 564 1273 ti'bus
590 1216 643 1269 in
674 1215 1016 1282 metropoles.

2085 463 2209 533 ρους
2244 455 2530 526 ἁγιωτάτῳ
2565 453 2907 521 πατριάρχῃ,
2968 450 3044 518 μὴ
3076 448 3254 509 ἄλλως
3319 460 3674 512 καταστρων-

2084 556 2233 606 νύειν
2264 552 2324 603 τὸ
2354 550 2483 617 παρ’
2507 546 2836 613 οἱουδητινος
2866 540 3352 611 προκομιζόμενον
3380 537 3667 587 πιττάκιον

2092 648 2253 713 χάριν
2288 638 2581 709 προεδρίας
2606 638 2709 705 τὴς
2760 633 2976 687 οἱασοῦν
3027 631 3357 701 ἐκκλησίας,
3393 628 3530 697 μηδὲ
3581 628 3671 679 τὸν

2090 732 2411 804 προεστῶτα
2447 728 2625 796 αὐτῆς
2664 730 2776 789 τοῖς
2837 723 3300 795 ἁρχιεπισκόποις
3327 720 3361 789 ἦ
3417 722 3532 780 τοῖς
3568 737 3671 787 μη-

2087 823 2439 897 τροπολίταις
2467 816 2998 890 συγκαταλέγεσθαι,
3051 817 3098 867 εί
3134 815 3209 884 μὴ
3236 815 3265 865 ὁ
3295 810 3671 880 πατριάρχης,

2091 918 2220 988 περὶ
2244 916 2436 969 τούτου
2466 910 2778 980 ἀνενεγκὼν
2805 913 2870 980 τῇ
2908 907 3161 979 βασιλικῇ
3204 902 3460 995 ἐξουσίᾳ,
3496 901 3674 952 καίτα

2093 1012 2221 1078 περὶ
2252 1007 2358 1061 τῶν
2388 1006 2548 1059 θείων
2576 1004 2815 1057 κανόνων
2834 999 3178 1064 ἀναδιδάξας,
3218 993 3390 1065 μάθοι
3426 994 3503 1055 ὡς
3537 993 3675 1044 κατὰ

2094 1104 2155 1155 τὸ
2214 1102 2501 1169 ἐφειμένον
2560 1096 2773 1150 οἴκοθεν
2800 1096 2829 1147 ό
2873 1093 3127 1163 βασιλεὺς
3159 1091 3221 1155 ἐξ
3254 1087 3489 1153 εὐλόγου
3545 1100 3677 1152 προ-

2096 1196 2314 1264 φάσεως
2359 1197 2429 1264 τῇ
2470 1191 2771 1261 Ἐκκλητίᾳ
2818 1188 2918 1259 τὴν
2965 1186 3139 1255 τιμὴνκ
3190 1184 3517 1252 ἐχαρίσατο.
3549 1179 3678 1229 Τότε

422 1310 531 1381 γὰρ
580 1310 674 1362 καὶ
729 1276 1077 1377 προσδέξεται
1128 1304 1305 1367 τοῦτο,
1336 1302 1429 1355 καὶ
1458 1303 1524 1370 τῇ
1576 1298 1684 1351 τῶν
1749 1295 1842 1349 ὑπ’
1892 1292 2055 1347 αὑτὸν
2102 1290 2409 1361 ἀρχιερέων
2459 1287 2733 1360 όμηγύρει
2777 1281 3167 1381 συγκαταλέξει
3197 1280 3295 1381 τρν
3328 1276 3588 1381 εἰληχότα
3615 1276 3679 1381 ἐκ

432 1403 697 1472 βασιλέως
717 1401 815 1470 τὴν
844 1400 1078 1468 κρείττω
1102 1400 1291 1467 τιμήν.
1316 1396 1629 1464 Σημείωσαι
1656 1388 1749 1444 οῦν
1770 1391 1838 1443 τὰ
1888 1386 1981 1441 τοῦ
2023 1384 2294 1453 παρόντος
2326 1382 2609 1453 βασιλικοῦ
2664 1378 3051 1450 σημειώματος
3117 1374 3264 1444 ῥητὰ
3352 1371 3519 1441 χάριν
3572 1369 3680 1423 τῶν

422 1471 751 1563 τιμωμένων
780 1487 1088 1558 ἐκκλησιῶν
1128 1488 1237 1539 ἀπὸ
1298 1485 1613 1539 ἐπισκοπῶν
1660 1485 1755 1535 καὶ
1806 1473 2255 1550 ἀρχιεπισκοπῶν
2317 1476 2396 1537 είς
2461 1471 2845 1543 μητροπόλεις.

495 1585 747 1640 ZONAR.
793 1583 1059 1636 Reuovari
1097 1582 1284 1642 urbes,
1323 1580 1425 1632 hoc
1468 1588 1550 1631 est
1580 1576 1825 1641 excitari,
1873 1588 1992 1644 qua:

2182 1568 2429 1622 ZQNAP.
2461 1565 2776 1629 Καινίζουσι
2803 1562 2984 1622 πόλεις
3019 1561 3067 1613 οί
3102 1556 3374 1627 βασιλεῖς,
3408 1555 3532 1608 ἀντὶ
3566 1552 3678 1608 τοῦ,

426 1680 588 1734 nulla:
619 1680 852 1739 fuerant,
877 1674 943 1726 ab
971 1674 1382 1741 imperatoribus
1422 1685 1777 1732 consuevere,
1801 1668 1993 1737 quibus

2110 1662 2222 1721 θέας
2253 1659 2620 1728 ἀνεγείρουσι,
2682 1658 2778 1709 καὶ
2828 1654 3031 1707 διδόασι
3090 1650 3326 1711 ταύταις
3384 1647 3682 1717 προνόμιον

368 1810 369 1817 η
427 1780 620 1822 οευιοη
658 1768 868 1821 urbium
916 1763 1227 1831 privilegia,
1276 1773 1366 1815 aut
1403 1763 1743 1830 episcopatus
1783 1775 1996 1829 quoque

431 1860 712 1923 honorem,
741 1859 1022 1912 autetiam
1052 1853 1451 1923 metrOpolitaui
1481 1853 1618 1906 forte
1650 1852 1785 1905 tituli
1808 1853 1997 1921 digna-

430 1952 650 2011 tionem,
697 1949 886 2002 edictis
934 1948 1305 2015 promulgatis,
1348 1961 1484 2014 quos
1541 1946 1704 1997 etiam
1759 1944 1998 2011 publicos

430 2051 609 2109 typos,
652 2040 1015 2108 pragmaticus
1058 2040 1222 2105 alibi,
1266 2050 1321 2092 et
1361 2023 1737 2106 imperatorias
1790 2038 1999 2090 litteras

430 2148 715 2197 vocavere,
746 2134 984 2203 dilargiri
1037 2133 1180 2187 soliti
1236 2142 1386 2186 sunt.
1442 2132 1795 2198 Pragmaticis
1837 2130 1999 2198 igitur

435 2224 745 2294 bnjusmodi
798 2227 876 2278 vel
928 2225 1159 2293 publicis
1206 2226 1345 2294 typis
1394 2222 1751 2277 ecclesiastici
1787 2236 2002 2292 quoque

432 2319 1058 2385 ordiuisdispositioueut
1076 2315 1587 2371 accbmmodaudam
1607 2316 1789 2368 suadet
1804 2330 2001 2379 canon,

436 2418 494 2459 ut
526 2408 639 2460 sive
668 2409 1006 2474 episcopatus
1042 2406 1458 2475 appellationem
1510 2420 1640 2457 nova
1677 2407 1805 2457 urbs
1836 2405 2004 2458 habu-

439 2501 566 2563 erit,
600 2517 692 2553 seu
725 2502 789 2553 all
824 2500 1220 2567 tuetropolitaui
1284 2499 1484 2568 fastigii
1530 2499 1784 2551 honorem
1820 2509 2004 2551 evecta

440 2593 536 2655 sit,
580 2594 764 2645 eodem
791 2605 1010 2660 prorsus
1054 2589 1543 2645 ecclesiasticoruut
1585 2590 1788 2658 jurium
1821 2592 2009 2645 ordine

441 2693 805 2737 rccrnseatur.
1762 2722 1767 2729 ρ

439 2771 665 2825 ΛΙΗΒΤ.
712 2791 729 2820 σ
770 2770 823 2825 Si
855 2788 972 2841 quae
996 2771 1063 2825 de
1096 2787 1231 2825 novo
1262 2775 1329 2825 ab
1376 2772 1703 2839 imperatore
1737 2782 2008 2827 exstructa

519 2881 537 2913 ι
580 2872 663 2917 est
689 2865 897 2923 civitas,
926 2864 1003 2917 vel
1029 2874 1359 2929 exsuuetur,
1386 2864 1631 2933 politicos
1660 2864 2011 2934 publicosque

520 2972 538 3003 ι
584 2965 737 3023 typos
775 2972 950 3008 rerum
981 2956 1142 3009 etiam
1185 2957 1676 3012 ecclesiasticarum
1705 2958 1839 3011 ordo
1876 2972 2010 3011 cou-

520 3063 540 3096 ι
577 3056 857 3114 sequatur.
898 3064 917 3099 ι

520 3136 648 3202 Quae
691 3140 759 3191 ab
799 3137 1125 3207 imperatore
1171 3140 1239 3195 de
1273 3155 1414 3195 novo
1437 3141 1740 3194 exstruitur
1782 3151 1874 3194 aut
1914 3158 2012 3195 ει·-

446 3240 685 3285 struetur
731 3236 879 3297 urbs,
911 3232 1013 3286 sub
1061 3234 1176 3300 ejus
1209 3232 1445 3303 episc’opi
1487 3235 1702 3290 dioecesi
1752 3238 1875 3302 erit,
1917 3238 2014 3292 sub

446 3337 556 3389 qua
602 3322 872 3391 descripta
924 3334 1026 3387 est,
1090 3334 1143 3377 et
1190 3326 1276 3378 cui
1326 3326 1629 3395 subjacere'
1657 3328 1834 3396 jussa.
1868 3328 2017 3383 LiCet

449 3413 592 3467 enim
625 3414 850 3467 alterius
889 3414 1129 3484 episcopi
1165 3417 1415 3483 parmcire
1452 3417 1746 3484 proximior
1774 3419 1868 3481 sit,
1896 3433 2014 3472 eam

453 3515 631 3558 tamen
661 3504 764 3558 sibi
807 3520 913 3559 nou
959 3504 1248 3560 vindicabit
1279 3507 1369 3575 qui
1405 3508 1630 3562 vicinior
1657 3518 1763 3572 est,
1811 3509 1908 3563 sed
1940 3511 2019 3564 ci-

456 3595 590 3649 viles
632 3592 688 3649 et
727 3595 968 3665 publicos
986 3608 1148 3667 typos
1175 3598 1334 3651 etiam
1368 3598 1489 3651 talis
1520 3599 1709 3653 civitas
1740 3612 2016 3668 sequetur,

454 3688 900 3755 quemadmodum
932 3699 986 3742 et
1015 3690 1069 3742 iu
1097 3688 1302 3759 decimo
1329 3690 1556 3760 septimo
1582 3693 1771 3761 synodi
1798 3692 2020 3749 Chalce-

454 3778 713 3832 donensis
737 3793 944 3834 canone
968 3779 1243 3834 decretum
1277 3789 1380 3835 est.

998 3868 1225 3924 CANON
1266 3867 1509 3925 XXXIX.

463 3974 485 4009 ι
522 3954 655 4010 Cum
690 3957 856 4013 frater
875 3968 927 4012 et
950 3958 1321 4015 comminister
1348 3970 1535 4015 noster
1556 3960 1808 4029 Joannes,
1838 3964 2024 4020 insula:

538 4068 558 4103 ι
597 4051 757 4120 Cypri
789 4050 1002 4121 prtesul,
1037 4067 1143 4106 una
1183 4068 1303 4108 cum
1349 4068 1449 4108 suo
1494 4056 1688 4124 populo
1730 4057 1781 4111 iu
1822 4058 2025 4113 Helles-

537 4163 556 4196 ι
596 4150 811 4213 pontica
856 4146 1132 4217 provincia
1159 4186 1174 4211 ,
1217 4155 1272 4201 et
1317 4155 1538 4216 propter
1588 4148 1901 4203 barbaricas
1944 4152 2027 4203 iu-

540 4256 560 4287 σ
600 4238 902 4304 cursioues,
942 4248 994 4292 et
1043 4247 1100 4292 ut
1139 4253 1168 4291 a
1214 4238 1493 4306 gentilium
1535 4242 1796 4294 servitute
1836 4240 2027 4294 libera-

538 4350 556 4381 ‹
599 4341 825 4393 rentur,
883 4340 935 4385 et
984 4329 1458 4385 Cbristiauissima:
1503 4331 1750 4399 potentia:
1802 4333 2026 4400 sceptris

540 4443 558 4474 ι
600 4439 732 4494 pure
755 4423 1170 4492 subjicerentur,
1206 4438 1233 4475 a
1280 4424 1532 4491 praedicta
1571 4424 1744 4476 insula
1787 4424 2021 4492 emigra-

533 4531 553 4563 ‹
594 4514 808 4577 verlnt;
838 4512 1119 4567 clementis
1158 4511 1249 4565 Dei
1284 4514 1641 4581 providentia,
1680 4524 1734 4568 et
1767 4515 1840 4582 pii
1870 4516 2026 4569 Chri-

537 4624 556 4655 ι
596 4606 772 4673 stiquc
807 4604 1038 4657 amantis
1075 4604 1420 4671 imperatoris
1454 4607 1622 4660 nostri
1657 4607 1864 4673 labore,
1896 4622 2027 4672 cou-

537 4719 554 4747 ι
594 4696 888 4759 stituimus,
920 4706 978 4749 ut
995 4696 1128 4750 citra
1147 4695 1311 4750 ullam
1332 4698 1726 4752 iuuovationem
1746 4712 2026 4754 serventur

534 4810 553 4840 ι
594 4804 709 4857 qua!
748 4804 777 4841 a
825 4788 1020 4842 divinis
1049 4785 1317 4853 Patribus,
1345 4790 1436 4859 qui
1466 4789 1662 4859 Ephesi
1698 4791 1856 4861 203
1896 4792 2024 4846 olim

542 4903 558 4931 ‹
596 4888 987 4943 convenerunt,
1044 4880 1284 4947 praedicti
1342 4880 1443 4935 viri
1501 4884 1692 4935 throno
1745 4884 2023 4951 privilegia

546 4992 566 5023 ‹
606 4985 861 5025 concessa
910 4978 1079 5037 sunt;
1114 4980 1173 5024 ut
1215 4986 1353 5025 nova
1401 4973 1845 5042 Justiniauopolis
1885 4972 2028 5029 Con-

544 5084 563 5115 ‹
603 5062 982 5132 stantinopolis
1010 5062 1099 5131 jus
1142 5064 1357 5131 habeat,
1388 5073 1461 5128 et,
1496 5067 1585 5133 qui
1627 5066 1678 5118 in
1720 5080 1779 5118 ea
1826 5067 2028 5119 consti-

548 5177 566 5207 ‹
609 5158 793 5219 tuitur,
846 5158 897 5209 iu
946 5156 1134 5226 primis
1177 5157 1296 5226 pius
1340 5172 1403 5213 ac
1437 5156 1875 5227 religiosissimus
1919 5162 2032 5227 epi-

548 5268 567 5299 ‹
605 5262 827 5316 scopus,
864 5248 1043 5317 ρταιείι
1091 5249 1343 5303 omnibus
1386 5246 1873 5316 Hellespontiorum
1910 5265 2034 5319 pro-

2036 3025 2083 3088 C

2097 1752 2395 1817 πολιτικὸν,
2426 1752 2457 1820 ἢ
2495 1752 2590 1803 καὶ
2613 1750 2846 1819 τιμῶσιν
2903 1748 3070 1807 αὐτὰς
3106 1746 3185 1807 είς
3245 1743 3584 1804 ὲπισκοπὰς,
3652 1741 3677 1811 ἢ

2094 1848 2189 1898 καὶ
2227 1842 2591 1914 μητροπόλεις
2635 1842 2796 1909 τυχὸν
2846 1841 2935 1893 διὰ
2995 1836 3448 1908 προσταγμάτων
3478 1834 3681 1901 ἐγγρά-

2106 1955 2245 2003 φων,
2274 1936 2310 1990 ἃ.
2340 1936 2435 1987 xui.
2461 1932 2755 2003 δημοσίους
2786 1932 2989 1993 τύπους
3019 1930 3341 1997 ὠνόμασαν,
3362 1925 3599 1994 ἀλλαχοῦ
3627 1924 3684 1977 δὲ

2098 2030 2515 2099 πραγματικοὺς
2545 2025 2739 2087 αὐτοὺς
2760 2024 2932 2088 καλεῖ,
2951 2022 3041 2073 καὶ
3070 2020 3323 2090 βασίλεια
3353 2019 3682 2085 γράμματα.

2100 2121 2327 2183 Τούτοις
2384 2120 2478 2173 οὖν
2510 2122 2621 2181 τοῖς
2652 2119 3064 2188 πραγματικοῖς
3108 2115 3141 2185 ἦ
3178 2114 3474 2183 δημοσίοις
3494 2111 3684 2173 τύποις

2104 2213 2545 2282 παρακελεύεται
2570 2213 2597 2263 ό
2627 2214 2803 2263 κανὼν
2832 2209 3034 2274 καίτὴν
3061 2206 3169 2259 τῶν
3198 2203 3682 2272 ἐκκλησιαστικῶν

2101 2305 2252 2368 τάξιν
2284 2304 2620 2359 ἀκολουθεῖν.
2671 2304 2761 2365 Ὠς
2796 2304 2906 2354 εἴτε
2938 2302 3248 2367 ἐπισκοπῆς
3306 2300 3435 2367 ἔσχε
3492 2298 3682 2365 κλῆσιν

2104 2399 2136 2467 ἡ
2167 2398 2328 2466 καινὴ
2355 2398 2528 2458 πόλις,
2563 2397 2672 2448 εἴτε
2701 2398 2780 2458 είς
2803 2394 3191 2464 μητροπόλεως
3254 2390 3469 2460 ἀνήχθη
3501 2393 3680 2458 τιμὴν,

2105 2490 2247 2543 οὕτω
2278 2493 2371 2543 καὶ
2431 2491 2581 2561 παρᾶ
2626 2493 2689 2558 τῇ
2740 2488 2891 2554 τάξει
2925 2487 3035 2539 τῶν
3082 2484 3569 2555 ἐκκλησιαστικῶν
3601 2483 3681 2535 δι-

2107 2584 2283 2637 καίων
2307 2582 2785 2650 καταλογίζεσθαι.

2111 2766 2335 2819 ΑΡΙΣΤ.
2407 2784 2425 2815 ι
2468 2764 2536 2816 Εἴ
2557 2782 2639 2826 τις
2681 2763 2964 2831 ἑκαινίσθη
3013 2762 3168 2823 πόλις
3220 2764 3288 2814 ἐκ
3332 2762 3613 2832 βασιλέως,
3649 2760 3679 2829 ἢ

2193 2877 2211 2908 ι
2259 2856 2587 2925 καὶνισθείη,
2620 2859 2735 2914 τοῖς
2764 2854 3067 2916 πολιτικοῖς
3122 2854 3217 2905 καὶ
3270 2854 3560 2923 δημοσίοις
3592 2852 3681 2905 τύ-

2193 2969 2214 3003 (
2259 2968 2402 3015 ποις,
2434 2951 2593 3018 καὶή
2641 2948 2748 2999 τῶν
2811 2946 3285 3017 ἐκκλησιαστικῶν
3344 2947 3680 3015 πραγμάτων

2192 3063 2210 3094 ι
2256 3045 2408 3109 τάξις
2445 3042 2866 3095 ἀκολουθείτω.)

2194 3137 2261 3189 Ἣ
2306 3136 2451 3205 παρὰ
2497 3135 2761 3204 βασιλέως
2816 3135 3176 3196 καινισθεῖσα.
3210 3134 3242 3205 ἦ
3275 3136 3374 3188 καὶ
3408 3134 3674 3204 καινισθη-

2115 3232 2315 3298 σομένη
2372 3228 2545 3291 πόλις,
2590 3228 2694 3280 ὑπὸ
2750 3227 2848 3297 τὴν
2899 3228 3112 3295 ἐνορίαν
3144 3227 3358 3280 ἐκείνου
3407 3228 3558 3281 ἔσται
3588 3226 3673 3278 τοῦ

2115 3322 2441 3384 ἐπισκόπου,
2497 3319 2587 3386 ὑφ’
2620 3319 2687 3389 ἢν
2735 3320 3089 3389 ἐναπεγράψη
3120 3320 3211 3371 καὶ
3234 3318 3473 3388 ὑπετέθη
3496 3318 3676 3371 τελεῖν.

2117 3414 2237 3469 Κᾶν
2262 3418 2327 3482 τῇ
2359 3412 2624 3483 παροικίᾳ
2680 3411 2873 3481 ἐτέρου
2905 3410 3205 3464 ἐπισκόπου
3241 3409 3678 3479 μᾶλλονεγγίςει,

2118 3508 2218 3559 οὐκ
2246 3506 2529 3575 ἐκδικήσει
2576 3503 2744 3572 αὐτὴν
2775 3502 2949 3564 οὕτως
2975 3505 3000 3555 ό
3023 3504 3377 3569 γειτνιᾶζων,
3411 3503 3543 3555 ἀλλὰ
3573 3504 3678 3561 τοῖς

2119 3598 2413 3660 πολιτικοῖς
2449 3599 2542 3649 καὶ
2570 3596 2848 3665 δημοσίοις
2879 3594 3073 3657 τύποις
3109 3592 3544 3665 ἐπακολουθήσει
3595 3592 3681 3645 καὶ

2119 3691 2152 3759 ὴ
2183 3690 2405 3760 τοιαύτη
2461 3688 2633 3751 πόλις,
2664 3687 2845 3751 καθὼς
2872 3689 2929 3739 ἐν
2979 3687 3056 3757 τῷ
3108 3688 3561 3757 ἑπτακαιδεκάτῳ
3588 3701 3681 3738 κα-

2121 3784 2234 3837 νόνι
2270 3784 2371 3853 τῆς
2416 3784 2473 3834 ἐν
2500 3782 2806 3852 Χαλκηδόνι
2835 3779 3051 3832 συνόδου
3081 3780 3339 3849 ῶρισται.

2713 3874 2950 3927 ΚΑΝΩΝ
2998 3875 3136 3927 ΛΘ’..

2130 3988 2148 4021 ι
2193 3968 2299 4021 Τοῦ
2344 3966 2576 4036 ἀδελφοῦ
2620 3967 2715 4019 καὶ
2757 3966 3176 4035 συλλειτουργοῦ
3231 3969 3393 4038 ἡμῶν
3438 3967 3679 4021 Ἰωάννου

2202 4077 2220 4111 ι
2262 4059 2355 4111 τοῦ
2388 4059 2487 4128 τῆς
2518 4059 2745 4125 Κύπρου
2783 4060 2944 4126 νήσου
2981 4059 3246 4129 προέδρου
3277 4060 3393 4130 ἅμα
3419 4059 3492 4124 τῷ
3516 4058 3682 4117 οἰκείῳ

2204 4170 2223 4203 ι
2268 4150 2385 4217 λαῷ
2410 4150 2503 4201 ἐπὶ
2538 4148 3063 4217 τὴνἙλλησπόντιον
3101 4151 3375 4220 ἐπαρχίαν
3400 4150 3487 4202 διά
3516 4166 3573 4200 τε
3593 4148 3681 4206 τὰς

2204 4263 2221 4294 ι
2272 4241 2615 4312 βαρϐαρικὰς
2681 4240 2904 4309 ἐφόδους
2952 4240 3039 4293 διά
3086 4258 3145 4292 τε
3202 4242 3262 4291 τὸ
3314 4245 3414 4310 τῆς
3472 4237 3679 4301 ἐθνικῆς

2215 4325 2233 4388 ἀ
2275 4334 2704 4405 ὲλευθερωθῆναι
2732 4333 2996 4395 δουλείας,
3028 4333 3123 4385 καὶ
3145 4333 3400 4401 καθαρῶς
3422 4335 3531 4393 τοῖς
3560 4330 3680 4398 σκή-

2207 4442 2226 4473 ‹
2274 4438 2464 4493 πτροις
2494 4421 2585 4473 τοῦ
2619 4422 3159 4490 Χριστιανικωτάτου
3202 4426 3439 4493 κράτους
3497 4424 3680 4475 ὑποτα-

2208 4533 2226 4565 ι
2274 4514 2475 4582 γῆναι,
2534 4513 2634 4580 τῆς
2684 4514 2986 4583 εἰρημένης
3054 4517 3486 4581 μεταναστάντος
3533 4516 3679 4579 νήσου

2207 4628 2225 4660 ι
2274 4609 2503 4679 προνοίᾳ
2524 4611 2617 4661 τοῦ
2647 4607 3035 4678 φιλανθρώπου
3090 4609 3223 4659 Θεοῦ
3252 4612 3349 4661 καὶ
3402 4607 3578 4677 μόχθῳ
3599 4603 3679 4653 τοῦ

2207 4719 2227 4753 ι
2273 4701 2619 4768 φιλοχρίστου
2677 4701 2776 4752 καὶ
2847 4699 3103 4762 εὐσεϐοῦς
3166 4701 3326 4770 ἡμῶν
3384 4699 3678 4770 βασιλέως,

2212 4810 2230 4841 ι
2282 4790 2619 4861 συνορῶμεν,
2674 4782 2815 4843 ὥστε
2867 4791 3273 4861 ἁκαινοτόμητα
3302 4788 3679 4860 διατηρηθῆναι

2210 4900 2228 4933 ι
2274 4885 2336 4935 τὰ
2371 4884 2519 4951 παρὰ
2554 4882 2662 4933 τῶν
2691 4883 2748 4933 ἐν
2790 4881 3002 4951 Ἐφέσῳ
3036 4882 3098 4934 τὸ
3120 4884 3385 4952 πρότερον
3416 4878 3677 4933 συνελθόν-

2216 4996 2233 5024 ‹
2279 4992 2385 5027 των
2418 4975 2695 5045 θεοφόρων
2726 4975 2981 5044 Πατέρων
3002 4975 3079 5042 τῷ
3131 4975 3303 5045 θρόνῳ
3346 4974 3438 5028 τοῦ
3496 4986 3677 5041 προγε·

2213 5084 2231 5115 ι
2279 5068 2598 5135 γραμμένου
2663 5065 2855 5135 ἀνδρὸς
2924 5067 3334 5135 παρασχεθὼτα
3387 5064 3671 5134 προνόμιαν

2216 5176 2234 5207 ι
2283 5158 2378 5227 τὴν
2428 5159 2552 5209 νέαν
2611 5156 2749 5209 ὥστε
2812 5158 3351 5210 Ἰουστινιανούπολιν
3385 5160 3442 5208 τὸ
3488 5155 3674 5207 δίκαιον

2220 5268 2237 5301 ι
2280 5251 2423 5320 ἔχειν
2480 5251 2579 5319 τῆς
2625 5242 3246 5312 Κωνσταντινουπόλεως
3292 5250 3440 5321 (21)·
3481 5241 3672 5298 καὶτὸν

1657 5365 1707 5425 G
1724 5364 1857 5425 uill.
1902 5366 2229 5442 Beveregii
2280 5374 2466 5426 noue.

547 5492 764 5569 (2|)1_‘d
825 5492 1058 5569 δίκαιον
1108 5492 1270 5561 ἔχειν
1320 5492 1437 5569 τῆς
1467 5496 2036 5569 Κωνσταντινορπᾷ-

475 5562 649 5633 leam.
708 5564 787 5617 lla
818 5566 1036 5633 quidem
1071 5580 1177 5616 non
1234 5562 1395 5616 modo
1426 5564 1478 5615 in
1528 5579 1632 5618 ms.
1677 5576 1865 5619 nostro
1894 5564 2035 5618 Bod-

480 5644 684 5700 lelano,
716 5649 904 5691 verum
944 5636 1107 5688 etiam
1166 5633 1218 5686 in
1256 5634 1531 5701 plerisque
1584 5635 1707 5688 aliis
1751 5634 2034 5688 codicibus

489 5722 594 5763 tam
624 5722 757 5763 mss.
798 5720 961 5775 quam
997 5703 1279 5775 impressis
1315 5705 1534 5772 legitur.
1567 5702 1835 5759 Zonaram
1870 5707 2032 5785 etiam

2139 5494 2213 5546 ita
2256 5494 2455 5561 legisse
2488 5508 2551 5543 ex
2589 5493 2760 5559 ipsius
2789 5500 2982 5544 norum
3026 5492 3314 5544 verborum
3364 5489 3665 5561 interpret":

2142 5544 2561 5615 tumet-constat.
2611 5544 2719 5613 Sed
2754 5563 2923 5614 codex
2966 5562 3429 5613 Amerbacbiunus
3478 5556 3593 5619 lvgll
3620 5544 3670 5594 τδ

2140 5635 2345 5686 δίκαιον
2378 5634 2519 5699 ἔχειν
2546 5633 2641 5698 τῆς
2675 5632 2779 5682 τῶν
2820 5632 3272 5683 Κωνσταντινέων
3309 5629 3521 5682 πόλεως.
3547 5624 3673 5699 Low:

2146 5681 2529 5770 Stautmopolis
2562 5681 2737 5755 autem
2764 5702 2854 5753 τοῦ
2888 5700 3300 5755 Κωνσταντίνου
3330 5700 3554 5769 quidelm
3590 5681 3671 5739 θεά
