3984 6474
520 324 626 387 655

1770 314 2048 375 Tl-iEOD.
2092 312 2181 370 ΒΑ
2195 312 2495 375 LSAMON

3624 321 3716 383 fili

522 439 566 488 si
602 431 898 485 nnmachus
929 443 1046 482 esse
1069 426 1310 497 elegerit,
1338 441 1443 480 non
1481 423 1656 493 rejicit
1688 440 1700 476 :
1736 426 1829 478 sed
1863 438 1981 477 eum
2020 421 2072 472 ac

2190 425 2471 491 πέμπεται
2498 439 2512 453 ο
2545 421 2680 492 πλὴν
2708 425 2808 478 οὐκ
2834 424 3008 481 ἄλλως
3034 423 3220 477 τοῦτον
3238 427 3315 489 είς
3344 426 3431 480 τὸν
3466 432 3719 495 μοναδικδν

523 529 683 580 vitam
715 521 1064 576 monasticam
1098 534 1203 573 non
1236 518 1391 571 aliter
1421 517 1787 586 recipiendum
1822 513 2081 575 decernit,

519 632 679 685 quam
711 615 754 671 si
788 613 855 668 ab
884 613 1136 682 episeopo
1165 608 1418 679 probatus
1460 606 1644 660 fuerit.
1678 605 1877 673 Adjicit
1906 613 2084 655 autem

518 722 579 761 se
621 706 731 759 haec
763 714 1040 763 statuere,
1078 699 1329 769 quoniam
1372 697 1611 750 Ecclesia
1670 696 1759 749 Dci
1800 694 1971 764 gratia
2015 693 2082 746 ad

522 797 791 851 anteriora
824 794 1097 864 procedat,
1147 801 1198 845 et
1248 792 1312 843 ad
1359 789 1662 842 divinorum
1707 785 2080 837 mandatorum

524 889 956 943 observationem
993 883 1196 937 firmior
1236 897 1297 935 ac
1326 880 1554 933 validior
1583 879 1795 931 evadat.
1839 875 1975 931 Usus
2001 886 2084 930 est

520 991 693 1033 autem
736 980 801 1031 ad
832 992 1019 1032 eorum
1050 973 1513 1029 confirmationem
1548 973 1709 1024 etiam
1746 970 1811 1023 iis
1847 984 1966 1035 qua:
2015 967 2083 1022 de

518 1071 842 1126 diaconissis
887 1069 937 1121 in
990 1075 1179 1137 qttarta
1223 1062 1425 1135 synodo
1459 1064 1599 1117 dicta
1649 1073 1795 1124 sunt,
1842 1060 2077 1114 dicens:

518 1165 669 1230 Quod
698 1180 818 1216 cum
857 1172 1077 1216 Sanctus
1126 1159 1321 1213 l‘anlns
1364 1155 1697 1216 decreverit,
1747 1168 1865 1221 qua:
1916 1167 2080 1206 sexa-

517 1258 658 1326 ginta
689 1262 812 1307 snnt
842 1266 1123 1311 annorum,
1180 1249 1364 1301 viduas
1392 1247 1441 1299 in
1475 1245 1899 1298 diaconissarnnt
1934 1242 2081 1295 ordi-

517 1364 639 1403 nem
698 1359 851 1415 posse
898 1341 1110 1406 referri,
1170 1340 1358 1392 Patres
1410 1336 1668 1404 virginem
1728 1333 2077 1401 quadraginta

492 1453 683 1508 amnes
717 1448 892 1489 natam
926 1433 1281 1486 diaconissam
1325 1427 1563 1482 ordinari
1606 1436 1928 1480 censuerunt
1963 1440 1977 1477 :
2022 1432 2080 1475 ut

515 1547 578 1583 cx
610 1545 673 1581 co
700 1527 1003 1595 colligatur,
1046 1523 1231 1576 Patres
1262 1520 1391 1574 nihil
1430 1519 1718 1573 absurdum
1752 1518 2075 1580 decrevisse,

516 1622 605 1687 qui
638 1606 989 1687 imperfectos
1012 1613 1260 1669 tondendi
1297 1624 1503 1678 tempus
1534 1610 1599 1663 ab
1632 1611 1843 1662 decimo
1887 1619 2077 1663 octavo

515 1710 657 1765 anno
693 1711 758 1761 ad
793 1708 1056 1761 decimum
1096 1704 1411 1770 redegerint.
1457 1701 1548 1754 Est
1580 1713 1756 1754 autent
1790 1716 1976 1767 magna
2012 1698 2076 1751 iis

2191 517 2307 586 βίον
2340 518 2746 590 παραδέχεσθαι
2772 517 3065 587 διορίζεται
3091 518 3139 570 εί
3177 520 3404 589 μὴκατὰ
3426 519 3720 591 δοκιμασίαν

2188 609 2281 662 τοῦ
2318 610 2642 666 ἐπισκόπου.
2674 611 3007 680 Προστίθησι
3036 610 3095 663 δὲ
3129 610 3296 664 ταῦτα
3321 614 3722 682 νομοθετεῖν.διὰ

2190 700 2248 752 τὸ
2283 702 2379 769 τὴν
2414 702 2741 771 Ἐκκλησίαν
2788 704 2970 772 χάριτι
3010 701 3143 755 Θεοῦ
3180 703 3271 754 ἐπὶ
3300 704 3366 755 τὰ
3399 706 3575 775 πρόσω
3605 725 3723 775 προ.

2189 793 2416 855 ϐαίνειν,
2471 794 2568 847 καὶ
2605 796 2957 864 παγιωτέραν
3002 794 3254 862 γενέσθαι
3301 794 3395 865 τὴν
3440 798 3543 849 τῶν
3581 799 3722 852 θείων

2188 885 2419 937 ἐντολῶν
2450 886 2801 957 συντήρησιν.
2838 887 3138 955 Ἐχρήσατο
3162 884 3215 937 δὲ
3243 887 3321 948 εἰς
3352 888 3723 957 ἐπιστηςιγμὸν

2150 1030 2152 1034 ,
2188 975 2395 1028 τούτων
2424 975 2518 1028 καὶΙ
2545 980 2657 1038 τοῖς
2687 976 2814 1044 περὶ
2858 975 3215 1029 διακονισσῶν
3258 976 3556 1046 εἰρημένοις
3587 980 3638 1029 ἐν
3663 982 3721 1048 τῇ

2187 1070 2420 1140 τετάρτῃ
2463 1070 2684 1138 συνόδῳ,
2711 1067 2879 1121 εἰπὼν
2910 1069 2993 1121 ὅτι
3020 1069 3125 1121 Τοῦ
3153 1067 3297 1120 θείου
3330 1068 3534 1120 Παύλου
3563 1068 3726 1121 διαταο

2187 1162 2419 1231 ξαμένου
2463 1162 2560 1224 τὰς
2611 1162 2874 1232 ἑξήκοντα
2906 1161 3044 1214 ἑτῶν
3083 1159 3247 1223 οὔσας
3298 1160 3470 1231 χήρας
3523 1160 3594 1229 τῷ
3627 1161 3724 1211 τῶν

2184 1251 2541 1304 διακονισσῶν
2567 1250 2968 1318 καταλέγεσθαι
2996 1250 3262 1319 τάγματι,
3298 1251 3346 1301 οἱ
3383 1250 3611 1319 Πατέρες
3637 1249 3724 1319 τήν

2186 1343 2455 1412 παρθένον
2495 1345 2597 1411 τὴν
2626 1344 3137 1411 τεσσαρακονταετῆ
3175 1340 3589 1410 χειροτονεῖσθαι
3621 1339 3726 1393 δια-

2184 1434 2442 1484 κόνισσαν
2474 1432 2714 1500 ὥρισαν·
2745 1432 2819 1495 ὡς
2848 1431 3099 1483 ἐντεῦθεν
3130 1431 3459 1499 συνάγεσθαι
3498 1431 3661 1499 μηδέν.
3680 1449 3725 1484 τι

2182 1523 2310 1585 τοὺς
2352 1524 2601 1594 Πατέρας
2650 1523 2995 1592 διορίσασθαι
3035 1524 3258 1583 ἄτοπον.
3316 1522 3726 1584 ὑποϐιϐάσαντας

2181 1613 2273 1664 τὸν
2304 1613 2492 1683 χρόνον
2518 1614 2616 1684 τῆς
2646 1613 3004 1682 ἀποκάρσεως
3028 1612 3136 1665 τῶν
3159 1612 3363 1666 ἀτελῶν
3402 1614 3491 1664 καὶ
3522 1610 3621 1664 ἀπὸ
3666 1610 3724 1682 ιη’

2184 1710 2262 1769 εἰς
2313 1704 2341 1758 ι’
2389 1706 2550 1759 αὑτὸν
2608 1707 3065 1775 περιστήσαντας.
3111 1704 3470 1775 Εὐχαριστίας
3518 1705 3569 1756 δὲ
3601 1704 3727 1768 ἄξιοι

518 1801 720 1871 agenda
750 1800 944 1868 gratia,
973 1797 1110 1864 quod
1142 1812 1247 1849 non
1284 1808 1660 1863 quemcunque
1691 1791 1875 1844 decem
1907 1806 2072 1843 annos

2182 1799 2425 1867 μεγάλης
2457 1798 2617 1861 εἰσιν,
2661 1799 2743 1849 ὅτι
2790 1800 2888 1849 οὐκ
2914 1794 3281 1866 ἐξεχώρησαν
3312 1795 3474 1848 παντὶ
3503 1796 3728 1848 δεκαετεῖ

516 1905 722 1955 natum,
752 1890 892 1943 nulla
931 1886 1255 1955 diligentiori
1290 1886 1718 1953 perscrutatione
1752 1883 1916 1946 facta,
1956 1892 2077 1936 ton-

513 1987 628 2040 deri
667 1979 1049 2051 permiscrint:
1104 1980 1194 2031 sed
1246 1979 1347 2031 hoc
1394 1976 1626 2045 episcopi
1676 1975 1972 2043 prudentiae
2014 1988 2076 2028 ac

511 2076 711 2147 judicio
746 2072 1082 2141 reliquerint.
1113 2069 1362 2122 Fortasse
1394 2069 1534 2121 enim
1568 2069 1683 2136 ejus
1724 2064 2073 2127 examinatio,

515 2170 655 2219 hunc
684 2165 921 2233 quidem,
966 2162 1053 2229 qni
1097 2162 1361 2214 decimum
1406 2174 1602 2210 annum
1643 2156 1966 2221 excesserit,
2011 2155 2076 2207 ad

514 2271 786 2311 tonsuram
820 2254 1067 2307 admittet
1098 2270 1110 2304 :
1142 2252 1286 2303 illum
1320 2266 1445 2303 vero
1478 2248 1711 2317 repellet.
1753 2249 1927 2315 Atque
1966 2247 2077 2298 lucc

513 2349 729 2419 quidem
758 2356 904 2406 sunt,
938 2360 1055 2411 qua:
1084 2343 1136 2395 in
1161 2356 1367 2393 canone
1397 2340 1759 2392 continentur.
1791 2338 1869 2389 'l‘u
1898 2347 2074 2389 autem

513 2443 627 2509 lege
656 2439 687 2492 6
740 2437 1014 2491 Novellam
1046 2431 1386 2502 imperatoris
1446 2429 1625 2482 domui
1674 2428 1868 2481 Leonis
1902 2427 2078 2481 Philo-

513 2529 688 2597 srphi,
729 2543 845 2595 qua:
896 2525 1137 2578 continet
1182 2522 1325 2575 illum
1380 2520 1634 2588 qnidetn,'
1664 2518 1750 2587 qui
1802 2518 2072 2571 decimum

513 2634 721 2674 scxttttn
768 2634 966 2671 annum
1011 2615 1299 2683 complevit
1346 2614 1426 2665 vel
1480 2612 1747 2665 decimum
1791 2613 2073 2681 septimum

513 2713 714 2781 absque
765 2710 869 2762 ullo
916 2707 1299 2777 impedimento
1359 2720 1517 2774 posse
1570 2703 1797 2766 tonderi,
1854 2714 1909 2755 nt
1965 2700 2077 2755 vult

518 2818 741 2872 magnus
768 2801 1017 2863 Basdins,
1051 2809 1209 2867 atque
1239 2798 1399 2850 etiam
1433 2797 1615 2849 testari
1649 2814 1664 2853 ;
1708 2812 1826 2849 eum
1869 2803 2074 2859 autem,

512 2896 601 2964 qni
637 2908 775 2946 anno
819 2895 990 2944 uitatis
1028 2905 1137 2942 sua:
1169 2890 1375 2942 decimo
1417 2888 1712 2941 monachus
1742 2904 1862 2941 esse
1894 2887 2074 2941 volne-

514 2988 599 3048 rit,
654 2998 807 3054 posse
848 2983 1060 3049 quidem
1101 2978 1263 3031 libere
1309 2978 1408 3031 hoc
1447 2976 1644 3043 facere,
1690 2994 1753 3031 ex
1804 2978 2073 3032 sententia

514 3077 670 3144 hujus
701 3073 921 3126 canonis
946 3110 959 3135 ,
990 3070 1054 3121 de
1096 3070 1249 3123 bonis
1282 3079 1483 3133 autem,
1531 3083 1649 3137 qua:
1691 3055 1874 3131 habet,
1908 3076 2073 3122 testa-

2179 1891 2761 1959 ἁπολυπραγμονήτως
2788 1890 3207 1959 ἀποκείρεσθαι,
3236 1888 3371 1940 ἀλλὰ
3406 1890 3495 1939 ἐπὶ
3526 1891 3586 1956 τῇ
3624 1886 3728 1939 δια·-

2179 1980 2361 2051 κρίσει
2388 1978 2482 2032 τοῦ
2505 1979 2807 2031 ἐπισκόπου
2832 1982 2899 2031 τὰ
2927 1979 3057 2049 περὶ
3081 1980 3274 2032 τούτου
3296 1979 3562 2031 ἀνέθεντο,
3584 1977 3728 2041 Ἴσως

2178 2074 2286 2144 γὰρ
2308 2073 2600 2141 δοκιμασία
2646 2070 2836 2133 αὑτοῦ,
2877 2072 3025 2124 τόνδε
3058 2072 3156 2141 μὲν
3199 2073 3612 2141 ὑπεραναὸἀντα
3646 2071 3729 2124 τὸν

2175 2165 2409 2233 δεκαετῆ
2464 2164 2657 2235 χρόνον
2691 2166 2771 2228 εἰς
2803 2164 3110 2235 ἁπόκαρσιν
3147 2164 3511 2235 παραδέξεται
3542 2182 3554 2195 ·
3587 2164 3722 2217 τόνδε

2175 2260 2231 2312 δὲ
2262 2259 2673 2327 ἀποπέμψεται.
2699 2258 2808 2311 Καὶ
2827 2259 2894 2310 τὰ
2921 2258 3017 2324 μὲν
3050 2256 3143 2310 τοῦ
3171 2258 3393 2319 κανόνος
3426 2258 3482 2308 ὲν
3512 2259 3726 2316 τούτοις.

2178 2354 2249 2404 Σὺ
2294 2352 2350 2404 δὲ
2384 2348 2658 2418 ἀνάγνωθι
2704 2350 2804 2418 τὴν
2866 2349 3036 2417 ἓκτην
3067 2348 3290 2418 Νεαρὰν
3342 2349 3432 2400 τοῦ
3486 2347 3727 2416 βασιλέως

2176 2442 2349 2512 κυροῦ
2394 2441 2623 2504 Λέοντος
2667 2441 2761 2494 τοῦ
2797 2440 3116 2511 Φιλοσόφου,
3152 2438 3615 2509 διαλαμϐάνουσαν
3644 2439 3727 2492 τὸν

2182 2534 2281 2600 μὲν
2332 2533 2609 2586 ἁνύσαντα
2686 2534 2875 2604 χρόνον
2918 2538 2992 2597 ις’
3050 2533 3081 2602 ἣ
3138 2531 3206 2596 ιζ’
3258 2532 3727 2602 ἀπαρεμποδίστως

2175 2626 2585 2695 ἀποκείρεσθαι,
2614 2627 2756 2680 κατὰ
2790 2626 2881 2679 τὸν
2921 2627 3095 2696 μέγαν
3122 2626 3398 2683 Βασίλειον
3419 2628 3506 2683 καὶ
3521 2625 3728 2683 διατίθε.

2176 2719 2301 2771 σθαι
2333 2735 2347 2747 ·
2383 2718 2475 2771 τὸν
2501 2718 2555 2773 δὲ
2583 2717 2907 2791 βουλόμενον
2940 2722 3171 2791 μονάσαι
3202 2723 3347 2775 κατὰ
3374 2722 3464 2775 τὸν
3489 2720 3520 2774 ι’
3557 2725 3724 2775 ἐνιαυ-

2175 2816 2265 2865 τὸν
2315 2814 2425 2879 (9.6)
2478 2814 2575 2882 τῆς
2614 2813 2827 2883 ἡλικίας
2868 2813 3054 2874 αὑτοῦ,
3093 2813 3235 2884 ἔχειν
3285 2814 3382 2883 μὲν
3432 2816 3516 2865 ἐπ’
3560 2814 3725 2873 ἀδείας
3762 2825 3766 2833 ’

2174 2906 2331 2957 τοῦτο
2370 2909 2562 2968 ποιεῖν,
2593 2904 2736 2958 κατὰ
2764 2905 2851 2957 τὸν
2865 2906 3109 2975 παρόντα
3136 2906 3341 2958 κανόνα
3362 2921 3375 2934 '
3408 2905 3652 2974 διαθήκην
3675 2905 3723 2956 δὲ

2176 2997 2336 3065 χάριν
2364 2997 2470 3047 τῶν
2497 2996 2809 3066 προσόντων
2837 2997 2986 3065 αύτῷ
3015 2997 3090 3067 μὴ
3120 3000 3317 3062 ποιεῖν,
3349 2997 3480 3051 ἁλλά
3510 3000 3724 3067 περιμέ-

2176 3104 2286 3138 νειν
2318 3087 2510 3157 μέχρις
2550 3087 2617 3140 ἂν
2642 3085 3263 3141 τοῦπεντεκαιδεκάτου
3302 3088 3492 3159 χρόνου
3516 3090 3721 3157 ἅψηται.

512 3178 746 3220 ruentum
781 3165 955 3218 facere
1002 3178 1103 3214 non
1139 3175 1316 3229 posse,
1377 3160 1468 3213 sed
1522 3169 1863 3229 exspectare.
1902 3161 2072 3214 donec

2190 3178 2274 3230 Ἐν
2306 3179 2379 3248 τῷ
2410 3181 2561 3250 μέσῳ
2586 3180 2640 3233 δὲ
2671 3181 2721 3232 εί
2762 3180 3096 3251 τελευτήσει,
3122 3182 3173 3233 οἱ
3206 3181 3309 3251 μὲν
3334 3183 3533 3236 οίκέται
3569 3181 3720 3236 αὐτοῦ

508 3257 775 3311 decimum
818 3255 1062 3322 quintum
1103 3266 1299 3303 annum
1346 3250 1605 3316 attigerit.
1654 3250 1860 3303 Interea
1892 3262 2071 3305 autem

509 3350 552 3403 si
584 3360 825 3401 mortuus
859 3343 1043 3408 fuerit,
1078 3343 1195 3411 ejus
1243 3341 1458 3410 quidem
1504 3340 1645 3394 servi
1692 3344 2072 3396 manumitten-

511 3452 618 3506 tnr,
651 3438 868 3505 reliqua:
904 3444 1080 3488 autem
1116 3433 1397 3486 facultates
1443 3430 1693 3485 bifariam
1726 3432 2070 3501 dividentur;

507 3539 562 3585 et
592 3532 724 3581 duas
747 3528 964 3596 quidem
994 3531 1174 3593 partes
1205 3521 1434 3590 accipiet
1467 3521 1881 3587 monasterium,
1915 3523 2071 3576 tertia

511 3635 639 3673 vero
670 3634 795 3688 pars
822 3615 1066 3684 cognatis
1111 3612 1350 3667 dabitur.
1384 3610 1536 3677 Quod
1579 3612 1624 3665 si
1670 3610 1922 3665 defuncto
1965 3627 2070 3666 non

516 3711 717 3766 fuerint
742 3705 979 3776 cognati,
1011 3706 1163 3758 tertia
1205 3719 1419 3773 quoque
1469 3717 1593 3772 pars
1624 3704 1952 3758 monasterio
1982 3718 2073 3757 ac-

509 3812 740 3858 crescet.

581 3894 740 3965 205
772 3868 1019 3950 ZONAR.
1048 3892 1256 3947 Pucllas
1318 3890 1382 3944 ad
1423 3888 1744 3959 virginitatis
1786 3888 2071 3960 professio-
2112 3888 2115 3893 ’

511 4006 635 4046 neut
689 3990 901 4045 nonnisi
934 3989 1200 4043 sexdecim
1231 3996 1324 4041 aut
1366 3986 1744 4055 septemdecim
1773 3986 1927 4039 annis
1956 3999 2071 4038 rna-

507 4083 676 4151 jores,
715 4079 939 4136 Basilius
983 4093 1207 4156 magnus
1249 4078 1455 4133 decimo
1491 4087 1682 4131 octavo
1732 4091 1936 4131 canone
1977 4078 2072 4131 ad-

513 4174 648 4227 mitti
670 4172 821 4242 jubet
843 4190 857 4227 :
878 4174 921 4225 si
943 4186 1061 4241 qua:
1095 4185 1222 4224 vero
1241 4178 1364 4223 ante
1382 4168 1432 4222 id
1459 4178 1666 4238 tempus
1689 4166 2077 4237 promissiones

510 4244 938 4329 intercesserint,
976 4278 1079 4316 non
1105 4261 1271 4331 magis
1294 4260 1399 4314 illis
1420 4274 1578 4329 quam
1610 4273 1895 4328 puerorum
1920 4258 2069 4313 voci-

510 4355 610 4410 bus
635 4352 1042 4409 auseultandum
1085 4352 1398 4404 arbitratur.
1423 4347 1520 4403 llic
1548 4359 1724 4402 autem
1751 4363 1943 4412 canon,
1977 4346 2070 4416 qui

2174 3270 2727 3343 ἐλευθερωθήσονται,
2750 3274 2784 3342 ή
2809 3272 2865 3325 δὲ
2888 3273 3048 3342 λοιπὴ
3073 3275 3267 3326 τούτου
3292 3274 3573 3343 περιουσία
3597 3275 3721 3327 διαι-

2175 3363 2464 3433 ρεθήσεται
2496 3362 2641 3432 διχῆ,
2671 3362 2849 3416 καὶτὸ
2886 3363 2984 3433 μὲν
3022 3364 3269 3434 δίμοιρον
3296 3364 3357 3418 τὸ
3388 3367 3720 3436 μοναστήριον

2172 3453 2423 3524 λήψεται,
2454 3458 2514 3508 τὸ
2537 3455 2593 3507 δὲ
2624 3456 2806 3521 τρίτον
2841 3458 2953 3518 τοῖς
2977 3456 3271 3524 συγγενέσι
3303 3457 3492 3510 τούτου
3516 3456 3718 3526 δοθήςε-

2171 3562 2280 3597 ται.
2315 3547 2405 3614 Μὴ
2433 3545 2600 3599 ὄντων
2636 3547 2690 3599 δὲ
2716 3548 2994 3614 συγγενῶν
3014 3546 3094 3618 τῷ
3118 3547 3525 3619 τελευτήσαντι,
3552 3552 3641 3601 καὶ
3666 3546 3719 3600 τδ

2173 3636 2353 3706 τρίτον
2392 3640 2470 3700 είς
2501 3638 2561 3690 τὸ
2593 3642 2956 3710 μοναστήριον
2979 3642 3361 3717 προχῳρήσει.

2245 3895 2487 3949 ΖΩΝΛΡ.
2542 3898 2600 3951 '0
2640 3898 2737 3968 μὲν
2799 3900 2975 3970 μέγας
3026 3901 3316 3968 Βασίλειος
3354 3907 3416 3960 ιν
3452 3905 3527 3976 τῷ
3563 3904 3718 3958 όκτωο

2176 3987 2484 4057 καιδεκάτῳ
2512 3989 2675 4042 αὐτοῦ
2708 3993 2892 4044 κανόνι
2941 3997 3079 4060 μετὰ
3117 3994 3186 4047 τὰ
3221 3995 3513 4060 ἑξκαίδεκα
3554 3997 3583 4067 ἢ
3632 3997 3718 4050 καὶ

2180 4079 2546 4132 ἑπτακαίδεκα
2608 4081 2701 4151 ἐτη
2756 4081 2856 4146 τὰς
2908 4084 3018 4136 τῶν
3081 4085 3372 4156 παρθένων
3448 4088 3717 4159 ὁμολογίας

2175 4170 2525 4240 ὲγκρίνεσθαι
2567 4171 2906 4225 διατάττεται
2951 4189 2966 4203 ·
3002 4174 3101 4238 τὰς
3131 4177 3197 4243 κδὲ
3237 4178 3345 4248 πρὸ
3382 4179 3478 4249 τῆς
3512 4178 3714 4249 ήλικίας

2174 4260 2378 4329 ταύτης
2406 4262 2835 4327 συγκαταθέσεις
2886 4266 3141 4330 παιδικὰς
3175 4268 3392 4337 ἡγεῖται
3422 4270 3619 4339 φωνάς.
3650 4265 3715 4320 ’⁸0

2174 4350 2230 4404 δὲ
2253 4352 2351 4422 τῆς
2380 4353 2598 4406 συνόδου
2625 4354 2829 4425 ταύτης
2866 4357 3046 4411 κανὼν
3081 4358 3316 4431 δεκαετῆ
3381 4364 3543 4432 φησιν
3580 4358 3703 4416 sive

506 4447 694 4502 decem
735 4443 892 4498 modo
917 4456 1087 4495 annos
1106 4454 1265 4494 natus
1295 4440 1386 4503 sit,
1413 4439 1478 4493 ad
1506 4439 1813 4492 monastica:
1835 4437 2070 4505 discipli-

2175 4440 2283 4494 δεῖν
2308 4444 2400 4495 τὶν
2434 4444 2727 4514 μοναχικδν
2754 4445 2915 4515 ζυγὸν
2949 4449 3344 4520 ὑπερχόμενον.
3388 4452 3498 4506 Καὶ
3524 4454 3717 4523 μέμνη-

452 4531 454 4534 ’
509 4555 591 4593 na:
616 4534 1032 4592 exercitationes
1050 4547 1113 4586 ac
1136 4531 1314 4585 munia
1343 4531 1728 4585 admittendum
1755 4545 1875 4585 esse
1888 4532 2071 4584 decer-

506 4632 607 4685 nit.
640 4627 704 4680 Et
748 4625 970 4680 canonis
1002 4624 1216 4692 quidem
1255 4638 1283 4675 a
1312 4620 1506 4676 Basilio
1522 4622 1651 4676 editi
1681 4621 1942 4688 meminit,
1973 4619 2069 4676 sed

504 4720 756 4791 quoniam
806 4717 907 4770 hoc
945 4723 1186 4782 tempore
1213 4722 1267 4766 et
1297 4711 1548 4767 Ecclesia:
1591 4713 1790 4781 aliquid
1834 4712 2063 4780 roboris,

503 4822 559 4865 et
602 4808 723 4863 fidei
773 4806 890 4877 plus
931 4803 1152 4857 omnino
1196 4801 1463 4856 firtnitatis
1504 4803 1811 4869 acceSSerit,
1850 4803 2065 4872 sintque

504 4899 738 4954 fidelium
775 4896 938 4949 anitni
976 4893 1042 4947 ad
1072 4892 1396 4962 capessenda
1430 4893 1621 4946 divina:
1664 4892 1794 4959 legis
1840 4894 2064 4963 imperia

502 4990 821 5062 paratiores,
858 4988 959 5041 hoc
1002 4987 1343 5056 dispensasse
1374 4984 1526 5038 dicit.
1559 4986 1854 5053 Simileque
1882 5001 2063 5039 exem-

503 5084 645 5153 plum
677 5096 744 5134 ex
774 5090 966 5150 quarta
1008 5077 1213 5147 synodo
1247 5078 1311 5132 de
1353 5077 1674 5133 diaconissis
1716 5077 1939 5147 profert,
1979 5078 2064 5132 di-

501 5187 665 5225 cens:
690 5169 822 5226 Cum
849 5170 1059 5222 viduam
1087 5170 1360 5237 sexaginta
1386 5168 1543 5221 annis
1568 5178 1745 5220 natam
1766 5169 1885 5238 eligi
1912 5169 2065 5223 divus

505 5263 701 5319 Paulus
723 5262 1022 5325 statuisset,
1054 5265 1296 5315 eamdem
1330 5274 1551 5328 prorsus
1592 5264 1854 5313 rationein
1888 5262 2061 5316 secuti

506 5353 719 5419 l’atres,
766 5354 908 5422 quod
944 5362 1096 5406 aucta
1128 5351 1249 5405 tidei
1283 5354 1611 5415 constantia,
1646 5352 1861 5409 altiores
1892 5352 2058 5407 divini

2171 4552 2262 4588 ται
2293 4536 2394 4606 μὲν
2426 4537 2519 4591 τοῦ
2555 4532 2779 4605 κανόνος
2809 4537 2901 4596 τοῦ
2938 4545 3179 4614 μεγάλου
3223 4547 3541 4614 Βασιλείου,
3580 4549 3715 4615 λέγει

2168 4624 2226 4678 δὲ
2250 4630 2556 4698 οἰκονομεῖν
2586 4631 2766 4696 τοῦτο,
2798 4632 2873 4696 ὡς
2903 4636 3004 4698 τῆς
3045 4636 3375 4709 Ἐκκλησίας
3418 4640 3717 4712 κραταιοτέο

2168 4730 2270 4783 ρας
2305 4717 2618 4788 γινομένης.
2649 4721 2743 4772 καὶ
2769 4721 2873 4791 τῆς
2901 4724 3138 4787 πίστεως
3167 4726 3261 4779 ἐπὶ
3291 4726 3455 4780 πλέον
3486 4728 3719 4799 στηριζο-

2171 4806 2358 4878 μένης,
2416 4809 2511 4862 καὶ
2550 4809 2659 4864 τῶν
2688 4813 2911 4867 ’πιστῶν
2959 4816 3097 4887 πρὸς
3149 4820 3385 4889 τήρησιν
3433 4822 3541 4873 τῶν
3570 4822 3716 4873 θείων

2166 4899 2397 4953 ἐντολῶν
2468 4900 2669 4971 μᾶλλον
2721 4903 3141 4976 έδραιουμένων.
3214 4910 3493 4981 Κέχρηται
3539 4910 3594 4964 δὲ
3643 4912 3716 4971 είς

2169 4992 2520 5063 παράδειγμα
2566 4994 2661 5048 καὶ
2702 4996 2779 5065 τῷ
2817 4999 2948 5068 περὶ
2994 5000 3101 5052 τῶν
3140 5002 3499 5056 διακονισσῶν
3536 5001 3712 5057 κανόνι

2166 5086 2265 5153 τῆς
2298 5085 2565 5156 τετάρτης
2601 5088 2818 5141 συνόδου
2845 5128 2860 5153 ,
2893 5091 3065 5158 λέγων
3095 5092 3176 5146 ὅτι
3209 5094 3304 5149 τοῦ
3336 5095 3483 5148 θείου
3515 5094 3713 5148 Παύλου

2170 5176 2431 5247 ἑξήκοντα
2456 5177 2593 5231 ἑτῶν
2623 5180 2722 5245 τὰς
2765 5187 2938 5252 χήρας
2968 5182 3367 5251 καταλέγεσθαι
3397 5185 3713 5254 διαταξαμέ-

2166 5285 2281 5334 νου,
2339 5269 2387 5320 oi
2424 5270 2663 5342 Πατέρες
2713 5272 2812 5343 τὴν
2841 5274 3105 5342 παρθένον
3129 5279 3537 5346 τεσσαράκοντα
3583 5275 3709 5327 ἑτῶν

2166 5361 2331 5414 οὖσαν
2394 5347 2821 5434 χειροτονεῖσθαι
2889 5367 3138 5420 διάκονον
3214 5368 3422 5441 ῶρισαν
3490 5368 3574 5422 διὰ
3620 5369 3706 5436 τήν

1700 5474 1814 5559 βυ
1829 5474 1919 5536 ill.
1954 5476 2277 5555 Bevercgii
2319 5486 2504 5571 nota).

573 5594 684 5665 (‘26)
717 5594 876 5649 Μετὰ
897 5595 1004 5647 τὸν
1034 5592 1064 5645 ι’
1100 5594 1396 5648 ἐνιαυτόν.
1435 5594 1535 5647 Ms.
1583 5596 2049 5656 Amerbaehianns

501 5665 630 5732 legtt
674 5666 809 5733 μετὰ
864 5669 954 5716 τὸν
1007 5668 1166 5717 πέντε
1206 5667 1297 5716 καὶ
1337 5666 1561 5718 δεκατὸν
1621 5670 1883 5721 ἐνιαυτόν.
1912 5673 2044 5723 Cum

503 5750 682 5787 autent
720 5740 804 5788 htc
832 5737 897 5788 de
929 5740 1179 5804 pra-senti
1230 5752 1437 5789 canone
1467 5748 1678 5805 agatur,
1704 5738 1857 5806 juxta
1885 5756 2043 5807 quem

2156 5602 2431 5672 quispiam
2474 5613 2596 5673 post
2637 5606 2907 5663 decimum
2954 5615 3135 5666 anatis
3181 5629 3386 5667 annum
3423 5610 3702 5667 monachus

2154 5674 2273 5795 miri
2328 5682 2527 5739 mnes“
2591 5688 2775 5732 "05”3
2803 5689 2855 5734 οι
2894 5683 3202 5738 communis
3232 5685 3392 5739 lectio
3437 5682 3702 5736 retinenda

2154 5760 2209 5795 es
2239 5780 2253 5792 .

2152 5760 2253 5795 ρει.
