3984 6474
277 370 398 435 6‘35

1256 379 1338 445 ΙΝ
1376 376 1543 447 CAN.
1585 378 1747 444 XLII
1781 376 1989 444 CONC.
2030 383 2112 446 IN
2153 381 2476 455 TRULLO.
2574 392 2575 395 “

3400 396 3504 464 66ίῖ

356 505 377 537 α
425 486 780 557 μοναστηρίῳ
823 484 1281 555 ἐγκαθίστασθαι,
1311 490 1407 543 καὶ
1443 491 1556 552 τοῖς
1591 490 1836 559 ἀδελφοῖς

2018 516 2036 549 ι
2073 498 2226 564 Quod
2267 501 2313 556 si
2347 505 2448 557 hoc
2480 518 2585 558 non
2617 504 2897 576 elegerint,
2930 517 3025 562 eos
3056 508 3281 563 omnino
3310 526 3379 566 ex
3406 526 3500 565 ur-

354 599 378 634 ε
419 582 885 650 ἐγκαταλέγεσθαι
929 585 1081 653 (28)’
1112 586 1159 639 εί
1207 585 1265 638 δέ
1326 586 1400 656 μὴ
1454 585 1615 639 τοῦτο
1674 583 1839 655 προέ-

354 691 377 725 ι
416 673 620 740 λοιντο,
657 676 1003 730 παντάπασιν
1038 677 1238 741 αὐτοὺς
1290 675 1398 730 τῶν
1438 676 1649 731 πόλεων
1704 677 1841 730 άπε-

350 785 373 817 r
416 766 737 829 λαύνεσθαι,
768 769 858 821 καὶ
891 770 987 831 τὰς
1018 770 1260 837 ἐρήμους
1283 769 1479 833 οίκεῖν,
1534 766 1595 832 ἐξ
1635 761 1710 822 ὧν
1745 766 1841 822 καὶ

354 875 376 908 ι
414 859 517 919 τὶς
548 859 863 926 ἐπωνυμίας
896 861 1110 924 ἑαυτοῖς
1157 860 1556 914 ἁνεπλάσαντο.
1602 878 1622 912 ι

347 950 549 1003 ΒΑΛΣ.
584 951 777 1004 Πολλοὶ
806 950 1098 1006 λαοπλάνοι
1124 953 1220 1015 τάς
1248 952 1432 1015 πόλεις
1460 950 1843 1022 περιέρχονται

278 1040 803 1111 με).ανειμονοῦντες
837 1043 931 1097 καὶ
978 1044 1361 1114 ἀκειροκόμαι,
1418 1042 1676 1115 νηστείαν
1743 1043 1839 1097 καὶ

271 1132 536 1185 ἀλουσίαν
564 1132 1003 1204 ὑποκρινόμενοι,
1028 1137 1123 1188 καὶ
1156 1136 1475 1201 ἀπατῶντες
1496 1137 1621 1199 τοὺς
1651 1136 1845 1189 ἀπλουι-

274 1226 525 1295 στέρους,
577 1226 669 1279 καὶ
728 1226 789 1280 τὸ
847 1228 1138 1299 μοναχικδν
1194 1230 1519 1298 ἐπάγγελμα
1579 1229 1841 1303 καθυϐρί-

275 1318 483 1382 ζοντες.
519 1321 628 1374 Καὶ
678 1321 727 1373 οἱ
768 1322 867 1391 μέν
915 1321 971 1387 ἐξ
1003 1321 1182 1375 αὐτῶν
1218 1323 1355 1392 μετᾶ
1386 1322 1591 1376 λαῖκῶν
1635 1315 1843 1392 ἀνδρῶν

275 1414 371 1466 καὶ
423 1414 702 1479 γυναικῶν
733 1414 1133 1485 συνδιάγοντες,
1170 1417 1260 1469 καὶ
1310 1417 1410 1479 τὰς
1450 1410 1693 1487 τριόδους
1732 1416 1846 1469 δαι-

278 1504 572 1574 μονιώδεσι
650 1506 943 1577 διδάγμασι
1006 1504 1521 1579 καταόομὸοὖντες,
1596 1507 1845 1578 εὔχονται

274 1591 441 1666 δῆθεν
486 1597 628 1668 ὑπὲρ
679 1598 774 1652 τοῦ
831 1597 1000 1663 λαοῦ,
1052 1600 1148 1653 καὶ
1207 1598 1494 1670 μετάνοιαν
1537 1599 1843 1671 κηρύσσου-

279 1704 403 1742 σιν·
473 1690 522 1742 οί
588 1690 643 1742 δὲ
698 1689 915 1758 λέγουσι
943 1685 1068 1745 κιθῗ
1121 1691 1347 1760 ὁρισμὸν
1407 1690 1543 1745 Θεοῦ
1598 1687 1657 1755 ἐξ
1710 1689 1840 1762 ἐρή-

282 1800 380 1854 μου
412 1784 493 1845 είς
517 1782 615 1845 τὰς
642 1782 827 1844 πόλεις
865 1782 1060 1846 ἐλθεῖν,
1096 1784 1179 1852 ἐφ’
1222 1774 1265 1851 ᾧ
1298 1783 1651 1853 προμηνῦσαί
1719 1800 1842 1837 τινα

283 1878 549 1948 μέλλοντα
573 1892 588 1907 ⁶
622 1880 713 1930 καὶ
743 1878 974 1942 ἀναιδῶς
1029 1880 1211 1947 ἀγαθά
1238 1897 1361 1934 τινα
1394 1880 1507 1944 τοῖς
1538 1880 1843 1934 ἁπλουστέ-

286 1985 400 2038 ροις
443 1969 874 2037 ἐπαγγέλλονται
925 1973 1087 2042 χάριν
1126 1968 1352 2041 κέρδους
1396 1974 1493 2026 κα)⁵
1548 1973 1842 2043 ἐμπορίας.

284 2062 505 2115 Τούτων
545 2058 641 2116 οὖν
681 2063 714 2132 ή
753 2062 968 2125 σύνοδος
1024 2059 1161 2134 α’ύτη
1192 2063 1487 2135 διορίζεται
1536 2064 1634 2128 τὰς
1666 2064 1847 2135 κόμας

289 2155 593 2225 κείρεσθαι,
634 2156 727 2209 καὶ
780 2155 839 2209 ἐν
888 2151 1274 2227 μοναστηρίοις
1328 2157 1669 2225 εἰσάγεσθαι,
1702 2156 1844 2211 ὥστε

294 2248 380 2299 τὸν
415 2248 621 2318 μονήρη
665 2248 779 2318 βίον
838 2248 1047 2315 διάγειν
1079 2248 1136 2301 ἐν
1169 2248 1371 2311 αὐτοῖς.
1428 2249 1489 2301 Ei
1522 2249 1567 2300 δ’
1618 2249 1678 2303 οὐ
1724 2250 1849 2319 βού-

301 2338 470 2392 λονται
499 2340 679 2404 10510,
720 2338 1004 2393 ὲκδιώκειν
1049 2339 1246 2401 αὐτοὺς
1274 2342 1337 2392 ἐκ
1369 2340 1482 2393 τῶν
1511 2342 1739 2404 πόλεων,
1775 2340 1850 2408 ὠς

301 2428 364 2484 ἂν
391 2434 447 2483 ἐν
472 2432 702 2500 ἐρήμοις
727 2427 958 2500 διάγωσι
978 2447 993 2463 ·
1025 2432 1117 2485 καὶ
1148 2429 1213 2501 ἢν
1243 2428 1456 2495 ἑαυτοῖς
1477 2434 1850 2489 ἀνεπλάσαντο

294 2524 583 2593 διαγωγὴν,
620 2525 720 2577 οὐκ
754 2524 815 2590 ἐξ
865 2527 1143 2597 ἀληθείας,
1200 2526 1315 2580 ἀλλ’
1358 2527 1465 2581 ἀπὸ
1522 2527 1728 2599 πλάνης
1761 2530 1853 2583 καὶ

289 2615 493 2683 τρόπου
554 2616 772 2673 σκαιοῦ.
806 2612 938 2671 Οὐδὲ
968 2620 1078 2688 γὰρ
1120 2617 1343 2689 ᾤκησαν
1387 2619 1482 2690 τὴν
1519 2618 1726 2688 ἔρημον
1762 2618 1849 2672 διὰ

290 2707 571 2776 σωτηρίαν
595 2709 795 2779 ψυχῆς,
846 2711 895 2762 εί
924 2710 1129 2778 ταύτην
1160 2712 1563 2781 πραγματικῶς
1590 2711 1649 2775 ἐξ
1680 2710 1849 2777 ἀνάγο

286 2816 387 2870 κης
430 2801 618 2870 ἔχωσι,
677 2801 751 2870 μὴ
811 2802 1301 2875 παραχωρούμενοι
1332 2805 1389 2856 ἐν
1426 2803 1612 2856 πόλεσι
1660 2817 1845 2875 παραυ

285 2891 531 2944 ϐάλλειν.

350 2982 605 3037 ΖΩΝΑΡ.
642 2983 855 3038 Παλαιὰ
888 2985 919 3054 ἠ
955 2986 1144 3050 κακία,
1187 2988 1274 3040 ἀεὶ
1316 2985 1519 3055 ταύτην
1566 2988 1686 3048 ταῖς
1742 2986 1854 3037 τῶν

283 3075 594 3145 ἀνθρώπων
637 3073 886 3147 καρδίαις
933 3078 1027 3131 τοῦ
1081 3078 1387 3148 ἀρχεκάκου
1448 3079 1851 3146 ἐνσπεὶροντος.

284 3158 473 3223 Ἦσαν
511 3170 620 3241 γάρ
650 3172 744 3223 καὶ
769 3170 934 3223 πάλαι
968 3171 1130 3234 τινὲς,
1164 3170 1213 3223 οἳ
1248 3172 1448 3241 μέλανα
1471 3170 1847 3239 περιϐλήματι
1877 3202 1922 3264 G

284 3262 596 3325 ἐνεδύοντο,
659 3265 751 3315 καὶ
803 3263 900 3325 τὰς
937 3263 1111 3331 κόμας
1146 3263 1245 3314 ούκ
1303 3261 1541 3331 ἔκειρον,
1573 3260 1690 3313 ἀλλ’
1723 3261 1851 3311 είων

284 3358 365 3417 είς
406 3353 741 3424 βοστρύχους
786 3352 953 3417 αὑτάς
1005 3353 1406 3421 καθισταμένας
1462 3353 1574 3415 τοῖς
1610 3351 1854 3417 στέρνοις

202 3498 205 3500 .
285 3447 470 3501 αὐτῶν
510 3447 607 3500 καὶ
662 3450 773 3509 τοῖς
808 3447 978 3516 ὤμοις
1037 3446 1405 3515 περικεῖσθαι,
1440 3444 1535 3498 καὶ
1570 3438 1713 3497 οὕτω
1757 3443 1854 3504 τὰς

286 3543 475 3605 πῐλεις
526 3541 893 3610 περιέτρεχον,
946 3540 1042 3593 καὶ
1097 3539 1304 3601 λαῖκοῒς
1340 3537 1563 3609 ἀνδράσι
1620 3539 1856 3604 συνῆσαν

289 3634 386 3685 καὶ
414 3631 656 3700 γυναιξὶ,
690 3632 750 3683 τὸ
786 3633 1076 3701 μοναχικὸν
1108 3631 1432 3699 ἐπάγγελμα
1491 3622 1851 3697 καθυϐρίζον·

289 3738 401 3785 τες.
435 3725 659 3788 Τούτοις
693 3726 725 3793 ἡ
760 3722 976 3786 σύνοδος
1018 3722 1157 3792 αὕτη
1188 3724 1481 3792 προτάσσει
1534 3721 1632 3780 τὰς
1680 3721 1856 3790 κόμας

291 3816 597 3884 κείρεσθαι,
620 3816 715 3867 καὶ
737 3816 794 3867 ὲν
817 3814 1200 3885 μοναστηρίοις
1227 3812 1564 3880 εἰσάγεσθαι,
1599 3811 1738 3865 ὥστε
1766 3829 1857 3881 μο-

292 3911 478 3978 ναχοῖς
504 3909 767 3960 συνοικεῖν
794 3922 853 3957 τε
872 3907 959 3958 καὶ
979 3907 1260 3959 συνασκεῖν
1279 3922 1294 3937 ο
1329 3904 1376 3957 εί
1403 3905 1447 3957 δ’
1482 3904 1541 3956 ού
1579 3903 1857 3973 βούλονται

292 4002 475 4065 τοῦτο,
524 3997 799 4059 παντελῶς
834 3995 944 4048 τῶν
991 3996 1199 4047 πόλεων
1231 3994 1662 4057 ἀπελαύνεσθαι,
1693 3996 1780 4048 ἴνα
1800 3996 1859 4045 ὲν

292 4093 527 4162 ἐρήμοις
556 4091 836 4158 διάγωσιν,
872 4089 927 4155 ἐξ
974 4082 1047 4140 ὧν
1092 4088 1190 4158 τὴν
1218 4086 1537 4154 ἐπωνυμίαν
1573 4086 1632 4140 τὸ
1668 4087 1863 4155 ἐρημί-

291 4196 383 4236 ται
423 4182 706 4234 καλεῖσθαι
742 4182 956 4242 ἑαυτοῖς
989 4178 1387 4232 ἀνεπλάσαντο.
1424 4176 1498 4230 Οὐ
1529 4177 1638 4247 γὰρ
1681 4174 1740 4239 ἐξ
1766 4175 1863 4226 αύ-

292 4270 388 4321 105
419 4268 514 4321 105
547 4269 873 4338 πράγματος
906 4268 1172 4338 ἐσχήκασι
1215 4266 1312 4335 τὴν
1343 4265 1678 4335 ἐπωνυμίαν,
1722 4263 1858 4317 ἀλλὰ

294 4360 509 4429 ψευδῶς
541 4360 747 4430 ταύτην
792 4355 1004 4420 ἑαυτοῖς
1058 4359 1444 4426 ἐπωνόμασαν,
1494 4356 1587 4410 καὶ
1631 4354 1857 4423 πλάσμα

299 4454 488 4514 αὐτοῖς
515 4452 578 4506 τὸ
619 4451 808 4520 σχῆμά
835 4467 894 4503 τε
930 4448 1025 4503 καὶ
1055 4450 1115 4502 τὸ
1140 4449 1333 4519 ὄνομα..

1872 1850 1919 1908 Β

2019 610 2037 644 ι
2076 589 2232 648 bibus
2275 596 2492 664 expelli.
2529 608 2581 651 et
2611 612 2824 653 eremos
2876 600 3121 656 habitare
3146 643 3161 666 ,
3191 618 3256 656 ex
3297 604 3500 671 quibus

2016 701 2036 736 ι
2079 684 2183 741 sibi
2219 687 2381 741 etiam
2414 686 2881 748 denominaliones
2907 693 3239 751 continuere.
3278 713 3298 747 ι

2013 956 2209 1012 BALS.
2247 956 2566 1026 Complures
2610 958 2789 1027 populi
2843 960 3175 1023 seductores.
3206 961 3370 1017 urbes
3397 963 3504 1017 oh-

1947 1057 2165 1112 euntes,
2196 1048 2498 1103 induuntur
2528 1050 2699 1120 nigris
2733 1051 3007 1113 vestibus.
3037 1061 3089 1106 et
3121 1062 3248 1109 sunt
3273 1054 3503 1109 intonsis

1945 1140 2183 1205 capillis,
2207 1139 2476 1209 jejunium
2505 1157 2567 1196 ac
2596 1142 2902 1211 squalorem
2931 1159 3036 1210 ρεαδ
3067 1160 3125 1200 se
3156 1145 3414 1207 ferentes.
3449 1154 3505 1200 et

1946 1226 2315 1298 simpliciores
2347 1229 2720 1299 decipientes.
2762 1247 2825 1285 ac
2867 1234 3241 1288 mooachalem
3296 1234 3506 1304 profes-

1947 1319 2158 1376 sionem
2218 1320 2414 1391 injuria
2469 1322 2785 1378 allicientes.
2849 1324 2925 1379 Ac
2984 1325 3226 1378 nonnulli
3285 1324 3502 1393 quidem

1948 1428 2162 1477 eorum,
2190 1430 2295 1468 una
2321 1430 2445 1468 cum
2479 1413 2614 1469 viris
2651 1413 2806 1471 laicis
2834 1416 3262 1488 mulieribusque
3288 1432 3507 1472 versan-

1947 1515 2053 1570 tes,
2088 1516 2142 1561 et
2175 1508 2227 1561 in
2264 1507 2442 1565 triviis
2470 1510 2821 1565 daemoniacis
2853 1510 3119 1566 doctrinis
3157 1511 3509 1566 circumstre-

1950 1609 2160 1668 pentes,
2177 1615 2276 1670 pro
2294 1603 2492 1670 populo
2512 1603 2698 1671 utique
2720 1609 3034 1671 precantur,
3060 1610 3113 1655 et
3135 1602 3504 1673 paenitentiam

1949 1690 2271 1760 przedicant.
2304 1683 2404 1746 Alii
2438 1708 2569 1747 vero
2598 1694 2784 1747 dicunt
2818 1709 2876 1747 se
2909 1693 2996 1746 Dei
3023 1693 3184 1759 jussu
3218 1709 3280 1747 ex
3316 1695 3510 1747 solitu-

1950 1782 2078 1836 dine
2108 1783 2163 1836 in
2198 1783 2451 1837 civitates
2480 1782 2716 1847 venisse,
2746 1792 2804 1836 ut
2839 1781 3018 1835 futura
3046 1784 3287 1851 quaedam
3315 1781 3513 1850 ιιι-ιιιάί-

1948 1884 2074 1929 cant
2111 1891 2125 1930 :
2166 1882 2219 1930 et
2257 1874 2682 1943 simplicioribus
2719 1874 2856 1928 bona
2889 1873 3137 1942 qumdam
3171 1874 3513 1939 impudenter

1950 1968 2313 2035 pollicentur,
2351 1966 2487 2021 lucri
2520 1975 2573 2021 et
2608 1965 2949 2043 mercimonii
2990 1965 3182 2034 gratia.
3229 1964 3351 2019 Haec
3382 1972 3513 2033 ergo

1950 2061 2195 2133 synodus
2243 2062 2455 2123 statuit,
2507 2070 2565 2111 ut
2612 2059 2693 2114 eis
2736 2073 2906 2112 coma:
2958 2057 3306 2118 tondeantur,
3351 2067 3403 2110 et
3458 2058 3510 2111 in

1950 2154 2280 2209 monasteria
2332 2152 2773 2215 introducantur,
2821 2159 2881 2204 ut
2929 2150 3291 2205 monasticam
3340 2150 3391 2202 in
3432 2152 3513 2204 eis

1950 2245 2115 2299 vitam
2146 2251 2330 2316 agant.
2373 2244 2468 2297 Sin
2511 2228 2688 2297 autem
2723 2242 2824 2296 hoc
2862 2242 3059 2305 nolint,
3101 2250 3161 2297 ut
3187 2258 3251 2296 ex
3288 2242 3511 2295 urbibus

1950 2334 2313 2405 expellantur,
2356 2348 2465 2402 quo
2511 2333 2565 2387 in
2596 2333 2795 2387 eremis
2826 2347 2944 2385 eam
2993 2330 3206 2385 vivendi
3242 2332 3510 2385 rationem

1951 2436 2376 2497 persequantur,
2418 2440 2581 2494 quam
2622 2425 2759 2489 sibi,
2796 2439 2903 2478 non
2937 2439 3001 2478 ex
3041 2424 3285 2487 veritate,
3327 2423 3415 2475 sed
3446 2425 3512 2477 ex

1954 2520 2165 2575 fallacia
2218 2527 2273 2574 et
2304 2534 2513 2572 morum
2558 2516 2925 2593 improbitate.
2967 2516 3295 2569 conﬁnxere.
3332 2513 3515 2583 Neque

1952 2615 2096 2669 enim
2129 2614 2181 2667 in
2227 2625 2413 2665 eremo
2454 2594 2691 2680 propter.
2722 2608 2916 2662 animae
2947 2609 3180 2662 salutem
3218 2606 3519 2663 habitavis-

1952 2712 2094 2765 seut,
2121 2704 2163 2758 si
2190 2703 2332 2757 hanc
2356 2702 2534 2769 reipsa
2567 2700 2874 2779 necessario
2904 2700 3231 2761 tenuissent,
3257 2698 3321 2752 ad
3350 2700 3518 2753 urbes

1953 2797 2215 2853 accedere
2252 2810 2360 2848 non
2393 2790 2668 2849 cenc‘essi.

2024 2972 2274 3031 ZONAR.
2311 2974 2604 3043 Antiqttum
2640 2972 2744 3026 hoc
2773 2974 2972 3024 malum
3005 2980 3109 3031 cst,
3143 2971 3195 3023 in
3231 2967 3515 3022 hominum

1954 3071 2266 3143 pectoribus
2309 3066 2378 3121 ab
2419 3068 2537 3135 ipso
2586 3056 2849 3118 malorum
2907 3064 3150 3117 omnimn
3192 3071 3416 3116 auctore
3459 3066 3519 3115 et

1958 3173 2175 3233 parente
2201 3160 2633 3216 disseminatum.
2662 3157 2801 3212 Olim
2829 3171 3045 3225 quoque
3078 3154 3243 3223 igitur
3273 3169 3378 3205 non
3411 3155 3501 3205 de-

1956 3258 2124 3318 fuere,
2158 3255 2248 3323 qui
2283 3254 2440 3320 nigro
2472 3252 2694 3313 amictu,
2729 3262 2996 3316 omnaque
3038 3260 3382 3314 nequaquam
3420 3245 3518 3296 de-

1956 3357 2135 3411 tonsa,
2167 3345 2259 3401 sed
2295 3346 2345 3397 in
2376 3344 2656 3397 cincinnos
2690 3339 2844 3408 plexa
2882 3348 2934 3391 et
2973 3338 3194 3398 intorta,
3228 3336 3280 3390 in
3319 3343 3507 3405 pectus

1957 3440 2325 3505 humerosque
2352 3434 2642 3496 deﬂuente,
2679 3432 2751 3485 ita
2785 3431 3001 3485 demum
3038 3429 3200 3482 urbes
3230 3429 3519 3496 pervolita-

1957 3539 2099 3593 rent,
2128 3538 2181 3582 et
2203 3543 2324 3581 cum
2353 3525 2509 3579 laicis
2535 3524 2665 3577 viris
2690 3523 2893 3593 pariter
2914 3536 2978 3575 ac
3005 3519 3241 3577 feminis.
3268 3534 3372 3572 non
3400 3519 3519 3573 sine

1960 3622 2157 3693 injuria
2191 3619 2502 3674 monasticae
2532 3616 2885 3687 professionis
2920 3629 2982 3668 ac
3015 3611 3271 3675 inStituti,
3301 3611 3520 3664 aSsidlc

1957 3722 2320 3770 versarentur.
2358 3711 2463 3764 Eos
2515 3710 2681 3779 igitur
2724 3708 2973 3761 homines
3014 3705 3238 3757 detonsa
3274 3716 3426 3755 coma
3465 3702 3518 3753 in

1958 3807 2291 3861 monasteria
2324 3803 2543 3865 deduci,
2577 3801 2761 3868 ibique
2792 3813 2915 3852 cum
2957 3794 3239 3848 monachis
3264 3792 3521 3858 degentes

1960 3901 2148 3954 eadem
2177 3898 2299 3951 vitae
2322 3896 2505 3950 munia
2547 3894 2699 3947 obire
2733 3909 2746 3944 :
2780 3889 2921 3960 quod
2953 3888 2997 3942 si
3037 3888 3142 3940 hoc
3173 3901 3276 3939 non
3308 3886 3515 3944 Volunt,

1970 3996 2194 4045 omnino
2256 4007 2320 4043 ex
2365 3989 2592 4042 urbibus
2635 3983 2870 4049 extrudi,
2908 3995 2971 4035 ac
3017 3981 3071 4033 in
3107 3977 3326 4038 eremis,
3361 3975 3525 4045 209

1963 4085 2107 4138 unde
2151 4082 2498 4137 cremitarum
2534 4077 2634 4132 sibi
2703 4075 2897 4129 falsum
2942 4087 3138 4126 nomen
3189 4072 3521 4129 asciverant,

1964 4175 2192 4245 relegari
2237 4172 2477 4243 synodus
2508 4168 2685 4238 jubet.
2722 4166 2835 4218 Nec
2880 4165 3023 4216 enim
3062 4177 3259 4215 nomen
3296 4159 3423 4213 illud
3455 4170 3519 4211 ex

1963 4284 2093 4321 vero
2119 4268 2368 4328 ductum,
2409 4262 2503 4315 sed
2540 4259 2683 4329 quod
2718 4257 2942 4311 sibimet.
2994 4255 3095 4323 ipsi
3146 4253 3283 4306 falso
3316 4251 3525 4304 indide-

1964 4368 2110 4415 rant.
2150 4370 2274 4410 cmn
2327 4353 2515 4407 habitu
2548 4350 2794 4405 mendaci
2838 4361 3031 4401 nomen
3072 4359 3289 4414 quoque
3340 4342 3522 4397 fictum

1967 4452 2227 4505 habuere.

295 4544 520 4598 ΔΡΙΣΤ.
569 4559 587 4593 ι
627 4542 985 4611 Μελανείμων
1048 4539 1141 4593 καὶ
1225 4539 1607 4609 ἀκερσεκόμης
1659 4536 1852 4609 ἐρημία-

1957 4539 2181 4597 ARIST.
2219 4557 2236 4590 ι
2270 4537 2506 4590 Eremita
2527 4534 2697 4603 nigris
2723 4530 2966 4586 restibus
2988 4526 3234 4589 indutus,
3261 4532 3314 4578 et
3337 4535 3541 4576 comas

373 4655 392 4687 ι
438 4651 560 4699 της,
601 4635 649 4686 εί
692 4632 766 4703 μὴ
796 4630 1111 4702 κειρόμενος
1143 4630 1560 4698 ὲγκαταλὲγοιτο
1590 4629 1668 4700 τῷ
1698 4628 1863 4700 μόνα-

374 4746 392 4776 ι
444 4726 672 4795 στηρίῳ,
706 4726 803 4794 τῆς
835 4724 1044 4785 πόλεως
1073 4722 1478 4775 ἀπελαυνέσθω.
1517 4740 1534 4772 ι

373 4822 434 4870 Οἱ
468 4818 566 4878 τὰς
598 4816 781 4879 πόλεις
820 4813 1252 4884 περιτρέχοντες,
1277 4810 1351 4873 ὡς
1379 4810 1541 4879 δῆθεν
1579 4812 1859 4879 ἐρημῖται,

302 4912 400 4963 καὶ
434 4910 534 4971 τὰς
559 4907 799 4975 κεφαλὰς
828 4905 1129 4973 κομῶντες,
1185 4905 1280 4956 καὶ
1319 4901 1859 4972 μελανειμονοῦντες,

300 5005 333 5070 ἦ
372 5003 451 5063 είς
478 5000 836 5069 μοναστήριον
855 4994 1067 5066 είσερχέ
1081 4995 1316 5058 σθωσαν,
1339 4992 1435 5055 τὰς
1456 4991 1647 5061 τρίχας
1677 4992 1859 5061 κειρό-

306 5112 478 5163 μενοι,
516 5091 612 5155 καὶ
640 5090 701 5143 τὸ
726 5090 913 5159 σχῆμα
939 5088 1047 5140 τῶν
1073 5086 1277 5140 λοιπῶν
1321 5084 1571 5154 μοναχῶν
1605 5082 1864 5152 ἀναδεχό-

306 5198 475 5252 μενοι·
515 5181 548 5252 ἦ
586 5183 634 5234 εί
668 5180 741 5250 μὴ
772 5178 928 5232 τοῦτο
979 5176 1294 5246 αἱροῦνται,
1354 5174 1463 5226 τῶν
1520 5173 1725 5225 πόλεων
1756 5173 1861 5225 ὰπ-

303 5272 733 5333 ελαυνέσθωσαν,
777 5269 864 5323 ἵνα
913 5268 1072 5337 μὴτὸ
1101 5267 1315 5334 οἰκεῖονι
1356 5262 1678 5332 ἐπάγγελμα
1726 5262 1860 5315 καθ-

306 5364 603 5433 υϐρὶζωσι·
647 5363 739 5415 καὶ
772 5361 863 5421 τὰς
897 5359 1134 5431 ἐρημίας
1180 5357 1518 5419 οίκείτωσαν,
1553 5356 1608 5421 ἐξ
1659 5349 1733 5407 ὧν
1765 5353 1860 5407 καὶ

304 5456 400 5523 τὴν
426 5453 744 5523 ἐπωνυμίαν
773 5452 1091 5518 ἐκτήσαντο.

2022 4651 2040 4683 ι
2080 4647 2184 4684 non
2216 4630 2500 4689 detonsus,
2538 4626 2639 4678 nisi
2676 4624 2940 4677 detonsus
2973 4618 3307 4674 monasterio
3346 4615 3523 4668 inclu-

2036 4745 2053 4776 ι
2097 4726 2276 4785 datur,
2313 4723 2446 4776 urbe
2478 4719 2803 4786 expellatur.
2846 4735 2865 4768 ι

1968 4832 1977 4839 ‘
2033 4817 2136 4882 Qui
2178 4815 2342 4869 urbes
2388 4818 2739 4880 percurrunt,
2799 4817 2856 4861 ut
2902 4806 3112 4861 scilicet
3161 4801 3424 4864 eremitze,
3470 4809 3525 4855 ct

1962 4910 2196 4977 capitum
2225 4919 2436 4960 comam
2461 4902 2735 4965 nutriunt,
2754 4906 2808 4953 et
2834 4898 3002 4967 nigris
3028 4896 3329 4950 induuntur
3354 4892 3525 4947 vesti-

1961 5000 2087 5061 bus,
2137 4996 2221 5052 vel
2272 4994 2667 5049 monasterium
2720 4990 3110 5061 ingrediantur,
3150 4987 3381 5056 capillos
3428 4983 3527 5038 de.

1962 5089 2128 5154 tonsi,
2169 5095 2224 5143 et
2264 5087 2596 5154 reliquorum
2639 5081 3029 5135 monachorum
3077 5079 3321 5133 habitum
3354 5075 3527 5131 suscia

1963 5180 2197 5251 pientes,
2221 5177 2303 5231 vel
2332 5175 2375 5229 si
2406 5177 2507 5229 hoc
2530 5188 2636 5227 non
2660 5172 2941 5240 elegerint,
2968 5171 3192 5223 urbibus
3213 5169 3523 5237 ahigantur,
3587 5223 3590 5227 ,

1964 5286 2034 5326 ne
2080 5266 2406 5339 professioni
2453 5280 2565 5319 sum
2615 5263 2868 5331 injuriam
2918 5261 3123 5314 faciant
3171 5277 3185 5313 :
3229 5268 3525 5314 cteremos

1966 5361 2292 5425 inhabitent,
2321 5373 2351 5413 e
2388 5356 2586 5427 quibus
2623 5365 2679 5411 et
2709 5369 2907 5410 nomen
2941 5354 3116 5408 sortiti
3154 5359 3304 5408 sunt.

1521 5558 1717 5623 Guill.
1764 5562 2091 5642 Beveregii
2118 5569 2304 5623 notae.

374 5672 485 5743 (ss)
510 5671 619 5725 Καὶ
669 5669 794 5735 τοῖς
842 5668 1127 5743 ἀδελφοῖς
1193 5647 1739 5743 ἐγκαταλξγεσίζαι..
1765 5660 1847 5742 na

311 5730 521 5814 quidem
546 5756 740 5814 omnes
764 5730 950 5814 legunt
973 5730 1213 5814 codices,
1231 5730 1425 5814 prater
1454 5730 1844 5814 A‘tncrba‘chia-

223 5844 231 5855 ο
316 5803 459 5881 tium,
504 5812 597 5883 qui
644 5810 769 5881 legit
816 5803 1304 5877 ἕγκαταλέγεσθαι.
1349 5803 1417 5861 Ut
1444 5818 1607 5860 sensu
1640 5803 1711 5857 sit
1741 5818 1847 5856 una

1954 5666 2207 5735 fratribus
2236 5662 2484 5735 includi,
2523 5662 2629 5718 viz.
2674 5661 2727 5718 in
2771 5662 3117 5725 monasterio,
3163 5658 3227 5714 dc
3290 5672 3393 5727 quo
3436 5655 3522 5713 hic

1954 5734 2134 5793 Sermo
2166 5734 2415 5791 habetur.
