3984 6474
319 305 412 374 δτι
1289 305 1369 364 IN
1404 305 1564 363 CAN.
1607 302 1810 362 XLVll
1855 301 2060 360 CONC.
2106 302 2186 361 IN
2252 303 2572 364 TRULLO.

3461 309 3568 374 692

322 421 408 474 θεν
463 416 677 469 ὖλισθον
729 415 1047 482 κωλύσομεν
1070 433 1082 445 ·
1136 417 1289 467 ἔσται
1319 414 1497 483 πολλῴ
1530 415 1675 484 ρᾁν
1708 431 1764 464 τε
1802 414 1892 464 καὶ

2003 413 2210 478 planior
2242 414 2414 468 sacris
2448 416 2927 471 concertatoribus
2973 419 3097 473 vita:
3149 418 3394 476 melioris
3438 437 3568 474 eor—

322 508 666 575 εὑκολωτὲρα
694 509 804 570 τοῖς
840 509 1004 576 ἱεροῖς
1039 508 1365 573 ἀγωνισταῖς
1392 507 1424 574 ἡ
1454 503 1546 557 τοῦ
1581 504 1888 573 κρείττονος

324 603 436 668 βίον
468 601 831 669 κατόρθωσις.
869 601 1073 662 Πάντες
1105 601 1283 651 τοίνυν
1315 598 1447 668 τῷδε
1479 597 1557 664 τῷ
1586 598 1734 663 νῦμῳ
1769 612 1888 645 πει-

356 693 736 755 ἐ.σθιι›σαν,κοιἰ⁵
771 694 900 762 μήτε
929 693 1118 762 ἄνδρες
1143 690 1591 743 ἀποτιθέσθωσαν
1624 690 1680 739 ἐν
1710 705 1892 750 γυναι-

321 785 484 840 κείων
519 786 893 855 μοναστηρίων
921 786 1128 852 τάφοις,
1163 785 1298 852 μήτε
1332 785 1588 851 γυναῖκες
1618 781 1890 849 ἀνδρικοῖς

325 879 714 949 μοναστηρίοις
761 879 1303 948 κατορυττέσθωσαν.
1359 877 1489 928 Οὐδὲ
1523 876 1629 942 γὰρ
1667 875 1890 940 ἁνδςὰτι

321 971 763 1040 γυναικωνίτιδες
796 970 1262 1039 πρέπουσιν,οΰτε
1299 969 1451 1028 αὖθις
1483 958 1753 1037 ἀνδρῶνεέ
1780 970 1893 1028 τοῖς

319 1066 432 1118 τῶν
477 1065 755 1132 γυναικῶν
805 1063 1148 1130 καταλόγοις.
1185 1063 1316 1114 Οὐδὲ
1351 1061 1601 1113 ἐντεῦθεν
1649 1060 1737 1112 διὰ
1767 1061 1892 1121 τοὺς

321 1158 752 1226 τελευτήσαντας
782 1158 894 1218 τοῖς
924 1155 1174 1222 περιοῦσι
1206 1154 1302 1216 τὰς
1332 1156 1650 1222 ἀσχήμονας
1684 1151 1892 1212 ταύτας

322 1247 595 1317 ὲπιμίξεις
623 1246 868 1314 γίνεσθαι
904 1246 1210 1316 βουλόμεθα
1236 1262 1250 1276 °
1301 1245 1387 1297 ἴνα
1434 1245 1508 1314 μὴ
1543 1244 1776 1312 πάροδος
1809 1245 1895 1294 ἐν-

319 1338 513 1392 τεῦθεν
548 1339 772 1407 γένηται
802 1341 866 1409 τῇ
899 1338 1059 1405 φύσει
1092 1338 1226 1408 πρὸς
1259 1335 1484 1405 ἑαυτὴν,
1537 1335 1572 1388 ἃ
1622 1336 1695 1405 μὴ
1737 1337 1894 1402 θέμις

321 1435 536 1504 τρυφᾷν
579 1449 638 1484 τε
688 1431 780 1484 καὶ
828 1431 1068 1494 παίζειν,
1100 1432 1193 1483 καὶ
1247 1431 1312 1482 τὰ
1348 1429 1464 1480 θεῖα
1514 1429 1894 1498 καταισχύνειν

322 1525 650 1594 πράγματα,
685 1524 780 1576 καὶ
816 1524 1100 1585 εὑσεῆείας
1128 1523 1289 1591 δῆθεν
1323 1520 1753 1592 προκαλύμματι
1804 1519 1896 1572 καὶ

320 1619 399 1686 τῷ
444 1617 542 1686 τῆς
574 1616 728 1679 ὁσίας
775 1618 1019 1686 σχήματι
1052 1615 1228 1669 ταῦτα
1264 1615 1547 1684 πράττειν,
1580 1613 1723 1683 ἆπερ
1775 1613 1894 1664 οὐδὲ

321 1707 500 1774 λέγειν
533 1707 654 1760 οὐδὲ
680 1709 880 1759 ἐννοεῖν
910 1709 1020 1768 τοῖς
1056 1707 1267 1774 μονήρη
1298 1705 1412 1774 βίον
1447 1703 1677 1756 ἀσκοῦσι
1708 1702 1892 1754 καλόν.

2000 504 2193 557 rectio.
2231 503 2433 559 Omnes
2475 521 2608 575 ergo
2652 506 2728 560 illi
2764 507 2865 578 legi
2928 518 3175 577 pareant,
3206 520 3259 563 et
3298 526 3396 563 nec
3459 510 3568 565 viri

2002 596 2053 647 in
2112 595 2400 649 mulierum
2457 600 2917 652 monasteriorum
2969 601 3239 668 sepulcris
3295 617 3567 668 reponan-

2001 694 2110 746 tur,
2143 700 2241 738 nec
2269 685 2527 740 mulieres
2579 689 2629 739 in
2666 689 2905 741 virorum
2974 689 3326 743 iuhuu‘tentur
3361 706 3558 743 mona-

1999 777 2200 830 steriis.
2262 776 2447 844 Neque
2505 779 2648 830 enim
2711 781 2842 833 viris
2895 778 3178 850 Gyumcea,
3217 797 3315 834 nec
3370 798 3565 836 rursus

2001 867 2289 921 mulierum
2344 870 2610 934 catalogis
2670 873 2915 923 virorum
2989 873 3298 926 habitacula
3365 889 3570 926 conve-

2003 961 2179 1012 niunt.
2226 958 2364 1014 Hinc
2390 975 2488 1014 nec
2528 971 2752 1030 propter
2805 963 3095 1018 defuncms
3143 965 3432 1019 indecoras
3468 966 3566 1019 has

2001 1052 2422 1119 congressioues
2453 1068 2482 1105 a
2542 1055 2936 1120 supersdtibus
2988 1058 3104 1109 ﬁeri
3165 1061 3452 1112 volumus:
3500 1075 3567 1111 ne

2001 1160 2064 1198 ex
2100 1159 2164 1197 eo
2199 1154 2411 1198 natura:
2449 1145 2515 1198 ad
2585 1147 2819 1213 seipsam
2871 1148 3032 1200 detur
3084 1147 3284 1212 aditus,
3331 1163 3387 1201 ut
3434 1165 3567 1218 quo-

2002 1237 2162 1290 modo
2195 1253 2301 1290 non
2340 1238 2421 1290 fas
2451 1249 2534 1290 est
2565 1253 2622 1292 se
2658 1239 2890 1293 delicate
2910 1248 3140 1308 get-atet
3173 1240 3341 1305 iudat,
3374 1251 3427 1294 et
3479 1257 3568 1296 res

2002 1331 2214 1384 divinas
2272 1330 2469 1395 injuria
2529 1332 2748 1393 alliciat,
2802 1341 2856 1384 et
2903 1333 3118 1398 pietatis
3172 1335 3362 1402 utique
3433 1348 3571 1402 prte-

2004 1430 2154 1475 textu
2191 1432 2243 1475 et
2300 1421 2402 1474 sub
2456 1423 2763 1475 sanctitatis
2813 1424 2994 1491 specie
3027 1438 3086 1475 ea
3116 1431 3263 1492 agat,
3321 1441 3442 1493 quae
3499 1440 3567 1478 ne

2001 1513 2182 1566 dicere
2217 1513 2437 1582 quidem
2483 1528 2581 1565 nec
2611 1515 2855 1582 cogitare
2895 1513 2976 1568 fas
3003 1523 3089 1568 est
3121 1530 3214 1568 eos
3256 1516 3347 1583 qui
3398 1515 3557 1570 hone-

2004 1613 2140 1657 stam
2173 1604 2338 1656 vitam
2389 1606 2749 1658 monasticam
2806 1614 3242 1674 persequuntur.
3297 1606 3429 1659 Cum
3465 1607 3571 1659 hoc

2005 1701 2183 1746 autem
2211 1696 2280 1747 sit
2310 1703 2585 1763 apertum,
2619 1711 2846 1749 necesse
2877 1705 2957 1749 est
2988 1711 3082 1748 eos
3143 1697 3235 1765 qui
3271 1698 3572 1766 sepulturis

336 1802 574 1853 Ἐκείνου
607 1799 662 1852 δὲ
691 1798 836 1852 οὕτω
870 1796 1107 1866 φανεροῦ
1143 1797 1316 1858 ὄντος,
1349 1796 1563 1864 ἀνάγκη
1586 1794 1895 1861 καθέστηκε

2003 1785 2333 1850 deserviunt,
2370 1794 2423 1838 et
2453 1801 2544 1839 eos
2582 1787 2818 1839 maxime
2857 1787 2951 1854 qui
3008 1787 3210 1840 lectum
3271 1792 3471 1854 ferunt,
3518 1795 3574 1843 et

322 1892 446 1951 τοὺς
477 1891 598 1951 ταῖς
626 1892 822 1956 ταφαῖς
850 1887 1355 1956 ὑπηρετουμένους.
1383 1886 1475 1938 καὶ
1507 1885 1743 1954 μάλιστα
1773 1886 1898 1944 τοὺς

323 1981 418 2048 τὴν
456 1980 650 2048 κλίνην
682 1979 972 2049 φέροντας,
993 1978 1117 2039 τούς
1144 1995 1202 2028 τε
1234 1975 1583 2047 ὀρύττοντας,
1617 1975 1898 2042 εἱσςηοιτᾷν

327 2073 400 2133 είς
428 2072 498 2124 τὰ
529 2072 894 2141 μοναστήρια.
923 2070 1029 2120 Καὶ
1058 2071 1117 2120 ὲν
1166 2068 1265 2136 μὲν
1314 2069 1425 2129 τοῖς
1476 2067 1754 2134 ἁνδρικοῖς
1807 2082 1899 2133 μο-

330 2164 640 2232 ναστηρίοις
687 2164 750 2215 τὸ
785 2164 1020 2232 πρᾶγμα
1074 2161 1294 2213 εὔκολόν
1346 2162 1516 2220 ἐστιν,
1567 2162 1624 2211 ὲν
1674 2158 1728 2211 δὲ
1788 2160 1900 2220 τοῖς

336 2255 658 2322 γυναικείοις
712 2255 810 2323 οὐχ
863 2254 1036 2308 οὕτως
1072 2252 1161 2304 διὰ
1196 2252 1293 2320 τὴν
1343 2252 1638 2321 εἰρημένην
1692 2248 1902 2315 ἀπαγό-

346 2363 536 2416 ρευσιν.
583 2346 928 2414 Θεσπίζομεν
959 2345 1160 2408 τοίνυν,
1197 2342 1250 2394 εἴ
1280 2361 1406 2394 ποτε
1442 2341 1621 2409 μέλλοι
1659 2341 1901 2392 τοιοῦτον

344 2437 606 2504 γίνεσθαι,
655 2439 747 2488 καὶ
782 2434 1084 2488 θάπτεσθαί
1118 2451 1199 2494 τις
1235 2432 1371 2503 γυνὴ
1403 2436 1458 2485 ἐν
1482 2429 1778 2502 γυναικείῳ
1805 2450 1900 2500 μο-

334 2526 607 2595 ναστηρίῳ
635 2524 859 2595 (ἄνδρας
890 2526 1000 2594 γὰρ
1036 2524 1133 2575 οὐκ
1167 2523 1433 2592 ἐφίεμεν),
1466 2524 1562 2584 τὰς
1597 2522 1694 2590 μὲν
1744 2522 1906 2573 εὑλα·

333 2617 597 2678 σεστάτας
618 2618 884 2682 γυναῖκας
907 2615 965 2665 ἐν
987 2613 1065 2682 τῷ
1093 2614 1278 2679 οἰκείῳ
1311 2613 1496 2682 μένειν
1524 2613 1899 2682 μοναστηρίῳο

336 2709 502 2777 μόνην
535 2707 591 2759 δὲ
639 2707 739 2766 τὴν
785 2705 1030 2775 θυρωρδν
1080 2703 1111 2774 ἢ
1161 2705 1257 2764 τὰς
1307 2703 1753 2773 θυρωροὺς,,κα“ι
1804 2705 1902 2772 τὴν

331 2797 642 2866 ἡγουμένην
677 2799 805 2859 ἴσως
835 2795 1024 2865 αὐτὴν,
1060 2796 1109 2846 εί
1147 2793 1458 2864 βουληθείη,
1495 2797 1754 2863 παρεῖναι
1785 2797 1900 2857 τοῖς

334 2889 665 2958 γινομένοις·
703 2888 799 2941 καὶ
832 2887 1024 2940 θᾶττον
1057 2885 1298 2949 ἐκείνους
1331 2886 1648 2957 πράξαντας
1677 2887 1744 2939 τὰ
1777 2889 1903 2955 περὶ

333 2981 428 3046 τὴν
463 2980 618 3030 ὁσίαν
648 2977 1038 3046 νενομισμένα,
1075 2977 1169 3029 καὶ
1219 2977 1312 3028 τὸν
1359 2976 1528 3043 τάφον
1577 2976 1900 3046 ὀρύξαντας,

2000 1877 2092 1945 qui
2127 1875 2358 1940 fodiunt,
2388 1877 2453 1930 ad
2503 1879 2896 1931 monasterium
2947 1880 3230 1933 accedere.
3266 1879 3332 1932 Et
3381 1883 3434 1935 in
3490 1882 3564 1934 vi-

2001 1982 2187 2019 rorum
2222 1967 2441 2035 quidem
2471 1968 2821 2023 monasteriis
2849 1984 2938 2022 res
2971 1978 3054 2022 est
3106 1969 3307 2032 facilis,
3337 1972 3427 2024 sed
3459 1986 3566 2025 non

2004 2061 2168 2114 sicin
2203 2061 2515 2122 mulierum,
2577 2071 2799 2128 pr0pter
2857 2061 3059 2114 dictum
3114 2062 3569 2128 prohibitionem.

2003 2153 2311 2207 Statuimus
2376 2153 2581 2220 itaque,
2609 2153 2651 2205 si
2686 2153 2902 2221 quando
2935 2151 3064 2219 quid
3119 2152 3389 2219 ejusmodi
3421 2153 3572 2206 futuo

2003 2258 2120 2296 rum
2170 2255 2272 2305 eSt,
2304 2252 2357 2296 et
2388 2241 2697 2312 sepeliendo
2730 2243 2800 2296 sit
2829 2243 3026 2295 mulier
3061 2243 3113 2295 iu
3149 2241 3242 2294 tali
3276 2244 3568 2296 mulierum

2003 2334 2337 2389 monasterio
2362 2334 2566 2406 (virum
2597 2336 2739 2386 enim
2771 2350 2876 2386 non
2907 2333 3274 2403 admittimus)
3325 2346 3382 2386 ut
3440 2335 3570 2388 reli-

2003 2428 2328 2496 giosissima
2387 2427 2608 2495 quidem
2666 2426 2927 2478 mulieres
2973 2425 3028 2477 in
3075 2440 3176 2478 suo
3233 2428 3574 2480 monasterio

2005 2525 2287 2582 maneant;
2315 2515 2428 2568 sola
2472 2524 2652 2568 autem
2688 2516 2910 2568 ostiaria
2947 2515 3029 2567 vel
3069 2517 3307 2568 ostiarize
3357 2527 3408 2567 et
3457 2517 3572 2583 ipsa

2006 2609 2145 2663 forte
2174 2610 2400 2671 rcctrix,
2436 2608 2480 2662 si
2515 2609 2664 2670 velit,
2695 2606 2880 2662 adsint
2915 2608 2982 2661 iis
3037 2623 3157 2676 qua:
3189 2609 3365 2662 ﬁunt:
3414 2619 3465 2662 et
3495 2610 3570 2662 illi

2004 2715 2128 2754 cum
2160 2699 2395 2769 primum
2446 2699 2592 2767 justa
2631 2709 2684 2753 et
2714 2701 3005 2768 exsequias
3065 2713 3226 2769 quam
3285 2701 3572 2754 celerrime

2005 2793 2255 2852 fecerint,
2289 2802 2344 2844 et
2375 2793 2687 2860 sepulcrum
2763 2791 3021 2854 foderint,
3082 2805 3392 2860 corpusque
3437 2807 3573 2845 cou-

2008 2884 2266 2949 texerint,
2292 2885 2477 2938 statim
2513 2880 2793 2946 recedant,
2825 2899 2926 2936 nec
2951 2884 3078 2936 ullis
3103 2898 3130 2935 a
3163 2888 3223 2937 Se
3265 2884 3398 2936 visis
3425 2884 3572 2936 reli-

2005 2976 2334 3045 giosissimis
2369 2976 2611 3035 feminis,
2649 2990 2747 3028 nec
2785 2976 2865 3028 eis
2899 2967 3245 3028 vicissim'ab
3297 2977 3421 3029 ullis
3478 2990 3572 3029 ea-

335 3070 427 3121 καὶ
456 3070 517 3121 τὸ
543 3071 702 3137 σῶμα
734 3068 1108 3136 καλύψαντας,
1142 3068 1303 3130 εὐθὺς
1334 3070 1643 3137 ἀποχωρεῖν
1678 3069 1754 3138 μὴ
1809 3086 1899 3120 τε-

2009 3083 2127 3120 rum
2185 3067 2519 3135 conspectis.
2563 3065 2668 3119 Sed
2727 3080 2828 3118 nec
2875 3068 2978 3119 viri
3027 3065 3193 3118 alium
3263 3067 3573 3134 excogiteut

335 3160 626 3230 θεαμένους
655 3160 805 3222 τινὰς
834 3161 940 3212 τῶν
971 3159 1380 3212 εὐλαϐεστάτων
1408 3159 1703 3228 γυναικῶν,
1741 3162 1879 3228 μήτε

336 3252 486 3320 παρά
535 3268 693 3302 τινων
725 3251 902 3302 αὐτῶν
936 3251 1249 3309 θεαθέντας.
1295 3250 1458 3304 Ἀλλὰ
1490 3251 1628 3320 μηδὲ
1662 3252 1903 3304 ἐπινοεί-

334 3361 513 3397 τωσαν
549 3345 821 3412 πρόφασιν
851 3343 883 3412 ἣ
917 3343 1108 3413 ἄνδρες
1139 3343 1248 3395 τῶν
1296 3344 1377 3405 είς
1409 3346 1698 3410 γυναικεῖα
1733 3361 1902 3412 μονα-

338 3437 533 3507 στήρια
572 3435 843 3506 παρόδων,
876 3434 908 3504 ἢ
942 3436 1197 3502 γυναῖκες
1222 3434 1330 3485 τῶν
1383 3435 1644 3503 ἀνδράσιν
1691 3436 1904 3504 ἁφιοριο

341 3527 572 3594 σμένων,
605 3526 699 3577 καὶ
727 3524 997 3593 προφάσει
1030 3523 1136 3574 τῶν
1172 3524 1301 3591 περὶ
1333 3521 1432 3591 τὴν
1479 3523 1630 3575 ὁσίαν
1667 3539 1905 3591 πραττο-

343 3621 556 3686 μένωνο
607 3617 674 3679 ἃς
722 3616 785 3686 δὴ
833 3619 1058 3684 μνήμας
1104 3615 1373 3677 ποιοῦσιν,
1425 3617 1506 3677 εἰς
1554 3615 1744 3685 τρίτην
1806 3618 1904 3670 καὶ

340 3711 565 3773 ὲννάτην
614 3709 884 3770 συνιόντες
933 3707 1232 3777 ήμὲρας,ἢ
1281 3708 1443 3777 ἡνίκα
1489 3708 1902 3777 τεσσαράκοντα

339 3802 601 3872 ἐξήκοιεν,
638 3801 670 3869 ἢ
719 3799 812 3853 καὶ
845 3799 1122 3861 ἐνιαυτός·
1178 3798 1318 3863 ἐξὸν,
1354 3801 1400 3851 εί
1458 3802 1554 3869 μὲν
1590 3803 1903 3867 γυναικεῖον

340 3895 419 3963 εἴη
445 3893 507 3946 τὸ
537 3893 922 3962 μοναστήριον,
953 3894 1220 3958 γυναῖκας
1252 3892 1468 3943 ἅπαντα
1506 3893 1798 3958 πράττειν·
1855 3894 1903 3946 εί

337 3987 390 4039 δὲ
425 3985 688 4054 ἁνδρῴον,
725 3983 951 4052 ᾶνδραςε
987 3982 1080 4034 καὶ
1107 3983 1179 4052 μὴ
1212 3982 1480 4050 προφάσει
1509 3983 1616 4034 τῶν
1647 3981 1904 4034 τοιούτων

339 4075 773 4148 παρατηρήσεων
815 4071 1027 4136 ἀδοξίαν
1061 4073 1184 4124 τινὰ
1219 4075 1330 4134 τοῖς
1365 4072 1588 4140 εὐαγέσι
1623 4089 1902 4141 μοναστη-

342 4169 476 4237 ρίοις
503 4165 944 4235 προστρίϐεσθαι.

407 4258 650 4311 ΖΩΝΛΡ.
684 4256 888 4315 Παντὸς
939 4251 1240 4306 σκανδάλου
1272 4251 1617 4322 ἀπηλλάχθαι
1661 4253 1689 4304 ὁ
1724 4251 1904 4305 κανὼν

339 4350 457 4420 οὐχ)⁵
506 4351 632 4411 τοὺς
687 4345 930 4415 ἀσκητὰς
993 4346 1250 4407 ἀπαιτεῖ,
1308 4343 1448 4395 ἀλλὰ
1496 4349 1622 4406 τοὺς
1677 4343 1903 4406 πιστοὺς

2008 3164 2346 3225 praetextum,
2382 3171 2490 3225 quo
2525 3154 2590 3207 ad
2625 3155 2910 3207 mulierum
2932 3156 3260 3208 monasteria
3285 3156 3570 3219 accedant,

2002 3248 2086 3302 vel
2145 3247 2405 3301 mulieres
2455 3247 2522 3300 ad
2589 3247 2920 3300 monasteria
2987 3262 3108 3316 qua:
3140 3247 3272 3300 viris
3323 3249 3573 3304 dedicata

2002 3349 2152 3405 sunt,
2193 3341 2260 3392 ab
2289 3339 2513 3393 obtentu
2566 3353 2754 3393 eorum
2789 3353 2909 3408 qua:
2942 3339 2997 3391 in
3032 3339 3310 3408 exsequiis
3336 3340 3572 3406 etjustis

2007 3439 2223 3484 mortuo
2275 3431 2581 3500 praebendis
2607 3430 2779 3494 fiunt;
2815 3437 2873 3481 ut
2917 3427 3008 3497 qui
3035 3442 3221 3480 eorum
3254 3432 3568 3482 memorian-

2003 3523 2229 3586 l‘aciunt,
2263 3524 2419 3576 tertio
2451 3531 2503 3575 et
2525 3535 2671 3575 nono
2697 3519 2785 3574 die
2810 3521 3216 3585 convenientes,
3250 3521 3332 3573 vel
3353 3535 3570 3589 quauuc

2001 3614 2361 3684 quadraginta
2394 3612 2513 3666 dies
2547 3612 2823 3677 venerint,
2857 3612 2939 3664 vel
2991 3611 3155 3664 etiam
3190 3626 3393 3676 annus,
3444 3629 3570 3664 cum

2004 3708 2165 3761 liceat
2200 3707 2420 3774 quidem
2456 3703 2802 3768 muiieribus,
2835 3703 2880 3757 si
2933 3701 3224 3756 mulierum
3261 3704 3332 3757 sit
3387 3721 3577 3757 mona-

2003 3799 2254 3861 sterium,
2293 3798 2474 3850 omnia
2503 3795 2722 3861 facere;
2760 3797 2844 3849 sin
2879 3805 3057 3850 autem
3092 3795 3358 3860 virorum,
3398 3797 3570 3860 viris;

2003 3901 2056 3945 et
2094 3906 2201 3943 non
2235 3890 2420 3941 talium
2445 3888 2895 3941 observationum
2922 3895 3186 3956 praetextu
3221 3890 3425 3943 sanctis
3461 3904 3576 3943 mo-

2006 3982 2263 4037 nasteriis
2293 3981 2532 4051 aliquam
2564 3977 2803 4032 infamia:
2833 3990 3014 4032 notam
3046 3979 3286 4035 inurere.

2077 4241 2334 4297 ZONAR.
2361 4239 2708 4296 Oﬂ‘ensiones
2740 4254 2932 4294 omnes
2966 4248 3022 4293 et
3049 4243 3310 4294 scandala
3337 4244 3566 4308 evitare,

2005 4351 2181 4406 neque
2211 4334 2293 4388 vel
2327 4349 2392 4387 ex
2427 4334 2549 4387 aliis
2578 4333 2681 4386 sibi
2722 4334 2980 4402 peccandi
3036 4335 3360 4389 occasiones
3417 4353 3565 4405 qua:-

340 4443 603 4499 ἆπαντας,
657 4438 751 4488 καὶ
804 4436 941 4505 μήτε
991 4435 1205 4495 ἑαυτοῖς
1251 4433 1319 4484 δι’
1358 4433 1564 4502 ἑτέρων
1595 4436 1899 4502 περιποιεῖν

2009 4445 2152 4493 rere,
2197 4426 2283 4480 vel
2341 4425 2468 4478 aliis
2529 4425 2631 4493 ipsi
2693 4424 2956 4492 praebere,
3025 4438 3132 4477 non
3190 4435 3410 4490 ascetze,
3472 4428 3569 4480 sed

342 4531 630 4594 σκάνδαλα,
685 4527 812 4596 μήθ’
844 4527 1052 4594 ἑτέροις
1101 4524 1168 4576 δι’
1199 4525 1431 4586 ἑαυτῶν,
1483 4527 1610 4587 τοὺς
1647 4526 1702 4577 δὲ
1740 4543 1904 4594 μοναο

338 4626 462 4694 χοίις
495 4619 677 4691 πολλῷ
715 4617 897 4670 πλέον.
931 4615 1002 4668 Τὸ
1037 4615 1092 4667 δὲ
1119 4616 1177 4666 ὲν
1203 4614 1501 4683 γυναικείῳ
1556 4616 1900 4685 μοναστηρίῳ

337 4716 620 4770 καθεύδειν
651 4711 870 4779 ἄνδρας,
899 4709 930 4778 ἢ
962 4707 1296 4769 τούναντίον,
1332 4705 1426 4758 καὶ
1457 4707 1641 4767 αὐτοῖς
1671 4706 1900 4768 ἐκείνοις

341 4808 649 4862 σκανδάλων
699 4805 872 4856 αἴτιον
920 4801 1074 4852 ἔσται
1123 4801 1216 4851 καὶ
1249 4799 1449 4860 ἄλλοις.
1482 4798 1762 4867 Ἐμςρυτον
1792 4797 1901 4867 γὰρ

339 4901 402 4968 τῇ
439 4898 606 4967 σαρκὶ
634 4894 696 4947 τὺ
731 4892 840 4963 πῦρ
868 4892 930 4943 τὸ
975 4895 1039 4943 ἐκ
1075 4890 1183 4943 τῶν
1211 4888 1421 4950 παθῶν,
1455 4893 1547 4941 καὶ
1583 4887 1735 4957 μόλις
1767 4889 1901 4958 ἡμῖν

340 4989 472 5058 ὓλης
516 4983 865 5052 ἁναπτοὺσης
917 4981 1049 5034 αὐτὸ
1096 4982 1286 5051 πόρρω
1321 4979 1547 5042 ἑαυτοὺς
1598 4980 1902 5030 καθιστώσι

343 5079 763 5152 μαλθακώτερον
812 5075 1007 5142 γένοιτ’
1041 5073 1126 5126 ἄν.
1172 5074 1234 5124 El
1262 5073 1317 5124 δὲ
1349 5074 1506 5141 ἡμεῖς
1535 5071 1683 5140 αὑτῷ
1719 5087 1902 5141 παρα-

343 5171 594 5240 τιθέαμεν
644 5165 1070 5236 ὑπεκκαύματα,
1101 5162 1303 5234 λαῦρον
1348 5163 1552 5226 ἔσεται,
1607 5163 1700 5214 καὶ
1731 5179 1903 5214 κατα-

342 5264 542 5334 πρήσει
596 5260 670 5322 ὼς
726 5260 917 5328 χόρτον
973 5257 1168 5328 ῥᾳδίως
1219 5257 1387 5326 ἡμᾶς.
1451 5255 1515 5306 Τί
1551 5254 1594 5307 δ’
1627 5254 1692 5307 ἂν
1751 5253 1903 5306 ἔσται

340 5355 563 5425 ἀνδράσι
598 5353 730 5419 πρὸς
764 5353 824 5404 τὸ
861 5351 958 5420 τῆς
989 5347 1288 5416 ἐπιθυμίας
1320 5346 1430 5417 πῦρ
1460 5346 1902 5416 δραστικὼτερον

341 5447 671 5514 ὑπέκκαυμα
695 5445 973 5512 γυναικὸς,
1007 5443 1039 5516 ἢ
1075 5440 1322 5508 γυναιξὶν
1356 5434 1514 5499 αὖθις
1543 5437 1737 5506 ἀνδρὸς
1766 5437 1903 5506 πρὸς

341 5538 527 5609 ἔξαψιν
577 5535 675 5605 τῆς
707 5533 961 5600 τοιαύτης
993 5530 1211 5597 φλογός.
1247 5529 1355 5579 Καὶ
1386 5527 1529 5579 οὕτω
1581 5524 1678 5594 μὲν
1740 5524 1904 5593 ἀλλή-

341 5631 450 5693 λοις
507 5630 556 5682 οἱ
617 5629 884 5696 μοναστα)⁸
939 5625 1109 5683 λαϐὰς
1172 5619 1474 5673 σκανδάλου
1524 5616 1853 5686 παρέξουσιν
1887 5657 1902 5682 ,

344 5723 560 5791 ἑτέρους
607 5719 664 5771 δὲ
710 5716 1175 5777 σκανδαλίσουσιν,
1223 5713 1465 5782 ὁρῶντας
1520 5714 1787 5781 γυναῖκας
1846 5712 1905 5764 ὲν

598 5813 871 5873 ΡΑτιιοι.
907 5816 1022 5876 Gn.
1055 5806 1423 5873 CXXXV”.

2005 4534 2197 4576 omnes
2244 4518 2464 4586 quidem
2501 4515 2622 4570 lidei
2660 4515 2936 4586 mysteriis
2967 4516 3196 4578 initiati,
3224 4517 3569 4586 proiudcque

2007 4613 2178 4667 multo
2207 4609 2381 4679 magis
2412 4607 2665 4661 monachi
2699 4608 2800 4660 hoc
2828 4622 3039 4660 canone
3094 4607 3376 4675 jubenlur.
3411 4607 3567 4675 Quod

2005 4703 2050 4758 si
2088 4704 2142 4756 in
2174 4700 2522 4755 monasteriis
2555 4699 2847 4752 mulierum
2885 4699 2986 4751 viri
3057 4709 3408 4768 pernuctent,
3464 4712 3561 4756 aut

2005 4803 2221 4856 contra,
2274 4794 2325 4845 in
2363 4802 2592 4851 eo,tum
2636 4790 2882 4856 ipsorum
2938 4789 3030 4858 qui
3084 4789 3135 4840 id
3183 4790 3394 4843 faciunt
3452 4774 3609 4844 tumE

2005 4886 2232 4940 aliorqu
2263 4898 2502 4953 quoque,
2541 4881 2898 4935 offensionem
2937 4882 3178 4949 aliquam
3229 4882 3570 4937 intercedere

2006 4991 2230 5032 necesse
2253 4985 2360 5029 est.
2392 4975 2556 5027 (Sarni
2587 4975 2732 5026 enim
2760 4973 2982 5027 innatus
3011 4982 3096 5026 est
3147 4975 3312 5028 animi
3348 4986 3565 5044 pertur-

2005 5069 2281 5124 bationum
2313 5066 2476 5135 ignis,
2514 5075 2567 5118 et
2595 5065 2679 5116 vix
2751 5064 2929 5127 nobis,
2990 5067 3175 5132 procul
3227 5082 3256 5118 a
3313 5070 3566 5127 materia.

2005 5175 2126 5230 quae
2155 5174 2278 5213 eum
2310 5157 2578 5222 accendit,
2640 5163 2858 5210 nosmet
2909 5158 3380 5213 constituentibus
3417 5159 3562 5212 debi-

2007 5253 2111 5306 lior
2144 5250 2256 5304 fiat.
2292 5247 2445 5313 Quod
2483 5249 2528 5302 si
2567 5250 2733 5301 etiam
2789 5247 3031 5301 fomitem
3084 5249 3301 5317 ipsimet
3357 5250 3561 5316 iugera-

2007 5359 2146 5406 mus,
2182 5342 2477 5395 iuvalescet
2510 5341 2910 5404 vehementius,
2975 5357 3188 5409 uosque
3217 5342 3365 5395 nullo
3399 5359 3564 5409 uego-

2009 5435 2085 5487 tio
2125 5433 2259 5486 Ταξιιὶ
2293 5433 2768 5500 stipulzeveins’tar
2798 5433 3071 5485 absumet.
3125 5431 3265 5496 Quid
3309 5449 3472 5501 porro
3503 5434 3567 5485 ad

2006 5529 2326 5597 cupiditatis
2354 5529 2405 5580 in
2452 5528 2672 5579 homine
2740 5526 3013 5580 llauuuam
3069 5529 3412 5581 excitandam
3448 5544 3566 5578 mu-

2008 5619 2138 5674 liere
2169 5619 2548 5672 vehementius
2572 5618 2594 5670 ?
2622 5618 2748 5687 quid
2785 5619 3048 5681 vicissim,
3089 5630 3147 5671 ut
3199 5617 3557 5671 iullammetut

2009 5712 2112 5764 hoc
2143 5709 2262 5779 igne
2299 5709 2514 5777 mulier,
2551 5711 2770 5762 homine
2803 5708 3206 5777 periculosius?
3243 5707 3414 5762 Erunt
3465 5712 3566 5780 ἰείη

3197 5800 3269 5857 2-2
