3984 6474
284 410 295 417 ’
382 402 481 459 (337

1634 397 1906 457 TIIEOD.
1950 395 2040 453 ΒΛ
2053 394 2346 455 LSAMON

3504 404 3599 468 688

388 518 633 570 haberet.
659 515 927 581 Quoniam
980 506 1171 568 autem
1200 530 1296 584 per
1330 516 1803 570 consecrationem
1857 516 1945 568 di-

2050 510 2132 565 διὰ
2162 513 2259 581 τὴν
2293 488 2624 583 έειροτονίαν
2665 514 2759 581 τὴν
2798 512 3067 576 διάζευξιν
3106 513 3412 584 ᾑρετίσατο,
3446 517 3604 588 ἀναγ-

382 609 622 663 vortium
653 607 837 676 elegit,
859 622 954 683 per
976 614 1264 660 tonsuram
1282 615 1506 676 cogetur
1534 608 1942 677 separationem

382 703 667 771 perlicere,
724 708 778 754 et
820 715 930 753 non
986 699 1173 753 ludere
1212 699 1305 754 ubi
1352 691 1573 755 nonest
1626 700 1979 761 ludendum.‘

375 795 515 847 (lum
557 793 695 847 laico
725 792 870 845 enim
927 791 1111 844 habitu
1144 805 1263 844 eam
1318 805 1439 845 esse
1475 791 1528 843 in
1587 790 1944 856 monasterio,

386 883 641 954 supplicii
676 897 785 935 non
844 880 1097 935 beneﬁcii
1134 896 1271 949 opus
1307 891 1429 934 est:
1501 879 1648 949 quod
1712 879 1777 933 ad
1835 894 1945 933 non

374 991 613 1041 parvum
679 973 1122 1028 consecrationis
1184 972 1421 1027 dedecus
1471 980 1705 1040 spectat.
1767 970 1948 1035 Quare

374 1082 484 1123 .uec
518 1066 567 1119 vi
631 1065 839 1135 suscipi
904 1074 1149 1128 tonsura,
1211 1066 1305 1119 sed
1341 1075 1534 1133 sponte
1589 1078 1652 1117 ac
1698 1063 1947 1117 'consilio

374 1169 685 1230 reputatur.
736 1157 892 1223 Quod
964 1168 1145 1210 autem
1198 1156 1362 1235 .laicze
1423 1157 1599 1209 solum
1690 1156 1949 1209 mulieres

385 1256 563 1322 dignze
591 1253 922 1306 diaconissze
956 1251 1226 1321 dignitate
1250 1252 1581 1313 habeantur,
1608 1250 1797 1303 verum
1837 1264 1950 1304 non

385 1355 491 1401 est.
556 1344 691 1399 Nam
754 1356 807 1398 et
863 1346 1151 1398 monachze
1203 1359 1265 1397 ea
1327 1342 1507 1412 digna:
1570 1328 1938 1396 habebantur.

385 1439 599 1508 Alioqui
630 1438 672 1491 si
698 1450 1024 1491 concessum
1087 1432 1270 1499 fuerit,
1310 1443 1366 1488 ut
1397 1450 1520 1487 cum
1566 1433 1707 1488 laico
1756 1431 1946 1486 habitu

385 1520 726 1600 ingrediatur
752 1528 1173 1587 monasterium.
1200 1526 1322 1593 ejus
1345 1524 1439 1593 qui
1469 1530 1824 1578 consecratus
1866 1530 1949 1575 est

384 1635 545 1684 uxor,
573 1618 721 1687 juste
768 1633 831 1672 ac
866 1616 1131 1687 probabili
1192 1615 1260 1669 de
1310 1628 1478 1668 causa
1534 1624 1690 1666 extra
1729 1626 1949 1681 quoque

386 1714 594 1767 versari
622 1720 846 1780 quaeret,
897 1709 1036 1763 forte
1068 1719 1248 1762 autem
1306 1707 1471 1761 etiam
1504 1722 1627 1760 cum
1666 1706 1774 1760 alio
1830 1706 1947 1759 viro

382 1804 663 1873 conjungi.
698 1804 783 1858 vel
821 1803 984 1855 etiam
1033 1816 1155 1855 cum
1198 1814 1285 1863 eo,
1326 1798 1417 1869 qui
1448 1800 1739 1868 episcopus
1773 1796 1949 1851 factus

379 1910 489 1961 est,
560 1893 1017 1948 consuetudinem
1072 1888 1308 1943 habere:
1382 1886 1526 1955 quod
1592 1888 1813 1957 quidem
1866 1895 1949 1941 est

381 1988 699 2050 absurdum,
732 1993 785 2040 et
807 1993 999 2039 contra
1029 1982 1337 2036 divinorum
1383 1995 1653 2035 canonum
1695 1979 1944 2034 volunta-

384 2091 514 2136 tem.
548 2064 681 2131 Nola
710 2090 836 2145 ergo
859 2076 974 2130 haec
1003 2072 1210 2135 omnia,
1240 2080 1295 2127 et
1325 2074 1561 2125 maxime
1590 2080 1821 2149 prOpter
1853 2086 1949 2125 eos

381 2174 472 2241 qui
521 2169 843 2224 existimant
909 2163 1259 2221 sacerdotum
1312 2177 1511 2221 uxores
1567 2177 1725 2231 posse
1783 2160 1947 2215 etiam

381 2262 625 2319 secundo
686 2260 911 2313 nubere.
941 2256 1212 2311 Existimo
1230 2255 1396 2313 enim.
1422 2255 1567 2324 quod
1622 2254 1691 2308 ab
1724 2254 1826 2308 hoc
1858 2268 1949 2307 ca-

383 2370 546 2419 none,
579 2354 662 2408 eis
693 2348 937 2406 secundo
994 2348 1202 2402 nubere
1235 2362 1345 2400 non
1375 2346 1743 2415 permittatur.
1806 2344 1947 2410 Quo-

382 2452 526 2502 niam
592 2452 771 2498 autem
832 2442 887 2495 in
952 2441 1139 2495 multis
1214 2424 1945 2513 nomocanonis\invenitur

380 2538 674 2599 Iustiniani
708 2533 925 2589 Novella
959 2533 1083 2603 (sita
1117 2532 1167 2584 in
1209 2547 1269 2585 Ill
1295 2530 1388 2585 lib.
1418 2529 1635 2584 Basilic.
1657 2529 1741 2582 tit.
1771 2529 1946 2599 primo

378 2647 499 2701 cap.
546 2631 603 2696 7,
643 2626 789 2697 quod
837 2627 1058 2698 quidem
1097 2624 1337 2694 positum
1365 2633 1450 2678 est
1474 2637 1502 2675 a
1536 2622 1697 2677 nobis
1730 2624 1782 2676 in
1821 2637 1943 2692 cap.

377 2726 470 2792 εδ,
496 2724 655 2795 primi
690 2722 831 2777 tituli
892 2718 1179 2791 praesentis
1237 2718 1440 2787 operis)
1489 2732 1611 2787 qua:
1643 2716 1832 2770 statuit
1876 2717 1945 2771 ad

376 2816 745 2889 episcopalem
798 2812 1120 2883 dignitatem
1176 2824 1286 2863 non
1349 2824 1470 2864 esse
1531 2809 1941 2879 provehendum

376 2912 471 2981 qui
512 2910 674 2965 habet
704 2921 934 2963 uxorem
958 2903 1064 2979 ,vel
1109 2902 1333 2967 liberos,
1393 2901 1477 2956 vel
1532 2916 1658 2956 eum
1708 2902 1940 2972 alioqui,

375 3005 466 3079 qui
504 3010 702 3073 praeter
738 3000 854 3053 hree
916 2996 1069 3059 facit,
1119 2992 1546 3064 deponendum,
1580 3001 1634 3048 et
1682 2992 1943 3063 frequens

375 3098 442 3151 de
467 3110 531 3149 ea
563 3108 621 3153 re
677 3090 884 3144 mentio
929 3086 1071 3140 facta
1110 3080 1246 3139 est:
1298 3083 1536 3139 dicimus
1597 3098 1719 3138 eam
1758 3084 1945 3138 novel-

373 3191 479 3245 lam
519 3184 853 3250 exolevisse,
892 3197 960 3237 eo
1006 3179 1156 3251 quod
1211 3180 1265 3233 in
1304 3176 1557 3233 Basilicis
1623 3193 1733 3233 non
1776 3179 1938 3249 poni-
1968 3201 2013 3263 ε

377 3292 465 3334 tur
490 3268 672 3344 {hunc
703 3286 885 3329 autem
933 3284 1201 3325 eanonem
1241 3282 1366 3324 esse
1398 3270 1452 3322 in
1484 3284 1608 3335 usu,
1638 3280 1695 3324 et
1743 3285 1943 3326 secun-

374 3372 497 3423 dam
524 3365 789 3421 novellam
820 3361 1167 3431 imperatoris
1207 3357 1415 3413 domini
1444 3357 1649 3413 Leonis
1694 3359 1942 3428 philoso-

375 3462 491 3533 phi,
526 3474 690 3529 quam
730 3458 869 3525 lege,
927 3468 1048 3522 quae
1100 3452 1213 3505 haec
1249 3460 1437 3519 aperte
1483 3449 1736 3505 decernit
1792 3452 1941 3506 circa

374 3556 557 3608 linem.
593 3548 786 3603 Nostra
808 3546 972 3615 igitur
998 3543 1375 3613 imperatoria,
1414 3556 1536 3610 qua:
1571 3558 1640 3597 ex
1677 3540 1788 3597 Deo
1834 3552 1940 3609 est,

372 3644 659 3713 maiestas,
689 3639 733 3695 si
768 3636 1046 3692 mandatis
1083 3635 1287 3690 divinis
1326 3634 1648 3697 insistatur,
1691 3633 1745 3690 id
1780 3635 1943 3705 longe

371 3732 798 3793 convenientius
830 3729 947 3784 fore
993 3726 1463 3791 animadvertens,
1499 3741 1799 3781 consonam
1837 3727 1943 3783 illis

373 3828 583 3899 profer:
610 3825 821 3893 legem;
852 3828 907 3875 et
941 3818 1403 3889 quemadmodum
1453 3817 1586 3887 ipsis
1628 3818 1845 3873 videtur
1874 3820 1942 3875 ad

383 3918 700 3992 primarium
732 3912 1103 3970 sacerdotium
1132 3907 1467 3980 promoveri,
1500 3911 1593 3979 qui
1619 3911 1713 3967 illo
1738 3912 1943 3969 honore

318 4072 325 4079 ι
381 4009 583 4081 alioqui
626 4010 824 4077 dignus
863 4007 954 4069 sit,
994 4002 1211 4056 etiamsi
1251 4000 1455 4056 liberos
1506 4001 1707 4061 habeat
1763 4004 1943 4074 legi“-

2049 604 2383 679 κασθὴσεται
2423 604 2510 657 διὰ
2547 605 2643 673 τῆς
2685 605 3044 674 ἁποκάρσεως
3082 606 3364 660 τελειῶσαι
3401 609 3461 660 τὸ
3497 610 3606 663 διας

2050 695 2251 763 ζύγιον,
2279 696 2374 747 καὶ
2410 696 2484 765 μὴ
2515 696 2731 758 παίζειν
2761 696 2817 747 ὲν
2847 697 2906 748 οὐ
2940 701 3208 760 παικτοῖς.
3236 700 3309 752 Τὸ
3341 699 3447 769 γὰρ
3479 704 3607 770 μετὰ

2048 786 2234 839 λαῖκοῦ
2286 789 2563 857 σχήματος
2615 782 2753 840 εἶναι
2803 788 2973 858 αὐτὴν
3019 789 3098 851 είς
3141 789 3203 841 τὸ
3255 794 3608 861 μοναστήριον

2049 880 2324 941 κολάσεως
2371 881 2532 951 ἔργον
2574 879 2759 942 ἐστὶν,
2807 882 2907 933 οὐκ
2949 881 3285 950 εὐεργεσίας.
3322 882 3496 953 Ὅπερ
3534 887 3609 945 είς

2049 972 2269 1039 ἀτιμίαν
2300 970 2399 1041 τῆς
2439 973 2773 1051 χειροτονίας
2808 962 2987 1043 deripi
3019 974 3078 1025 οὐ
3119 974 3344 1043 μικράν.
3380 976 3469 1027 Διὸ
3500 977 3611 1027 οὐδὲ⁹

2049 1061 2323 1128 λογίζεται
2364 1048 2743 1136 ἀναγκαστικὴ
2782 1065 2813 1135 ἠ
2853 1065 3194 1135 ἀπόκαρσις,
3230 1065 3366 1120 ἀλλὰ
3399 1067 3608 1136 αἱρετή.
3654 1048 3659 1051 ⁸

2048 1152 2124 1202 Τὸ
2156 1151 2209 1202 δὲ
2246 1152 2440 1215 λαῖκὰς
2480 1154 2648 1221 μόνας
2688 1157 2953 1221 γυναῖκας
2992 1154 3277 1220 ἀξιοῦσθαι
3312 1156 3611 1208 διακονικοῦ
3702 1186 3709 1191 ι

2049 1242 2357 1312 ἀξιώματος
2399 1246 2499 1299 οὐκ
2541 1247 2689 1298 ἔστιν
2728 1246 2925 1314 ἀληθές
2951 1263 2963 1275 ·
3009 1248 3100 1299 καὶ
3138 1232 3473 1317 μονάξουσαι
3510 1248 3612 1317 γὰρ

2049 1335 2298 1405 ἠξιοῦντο
2328 1337 2513 1393 αὑτοῦ.
2541 1339 2746 1401 Ἀλλως
2775 1355 2833 1390 τε
2862 1341 2912 1391 εί
2942 1339 3068 1409 δοθῇ
3103 1340 3240 1409 μετὰ
3270 1340 3457 1394 λαῖκοῦ
3490 1344 3613 1412 σχή-

2054 1444 2222 1493 ματος
2260 1427 2398 1482 εἶναι
2438 1432 2517 1494 είς
2550 1430 2610 1483 τὸ
2653 1434 3013 1502 μοναστήριον
3048 1432 3147 1502 τὴν
3182 1432 3271 1485 τοῦ
3313 1450 3615 1504 χειροτονη-

2052 1518 2236 1583 θέντος
2268 1523 2500 1588 γυναῖκα
2520 1562 2536 1585 ,
2573 1524 2797 1601 ζητήσει
2834 1523 3071 1591 εὐλόγως
3105 1525 3199 1579 καὶ
3232 1525 3387 1587 ἐκτὸς
3418 1526 3615 1593 διατρί-

2052 1612 2165 1665 ϐειν
2195 1612 2379 1675 αὑτοῦ,
2413 1613 2544 1676 ἴσως
2572 1615 2627 1667 δὲ
2658 1614 2752 1667 καὶ
2784 1614 3145 1685 συζευχθῆναι
3178 1615 3353 1686 ἑτέρῳ
3384 1616 3555 1687 ἀνδρὶ,
3585 1617 3617 1686 ἢ

2054 1705 2147 1757 καὶ
2198 1707 2335 1774 μετὰ
2384 1706 2477 1759 τοῦ
2533 1706 3032 1770 ἑπισκοπεύσαντος
3087 1707 3432 1775 συνδιάγειν·
3488 1710 3618 1779 ὅπερ

2052 1799 2252 1852 ἄτοπον
2286 1798 2381 1852 καὶ
2414 1800 2525 1864 τοῖς
2565 1799 2728 1862 θείοις
2767 1800 2987 1852 κανόσιν
3021 1799 3345 1868 ἀϐούλητον.
3384 1801 3621 1871 Σημείω-

2054 1905 2144 1943 σαι
2176 1885 2270 1943 οὖν
2299 1889 2472 1945 ταῦτα
2505 1892 2681 1946 πάντα
2712 1893 2798 1945 διὰ
2829 1892 2955 1954 τοὺς
2992 1891 3278 1956 ἀξιοῦντας
3309 1892 3623 1964 δευτερογα‹
3656 1890 3659 1891 ⁷

2055 1983 2175 2049 μεῖν
2204 1982 2303 2046 τὰς
2331 1982 2440 2034 τῶν
2474 1983 2664 2052 ἱερέων
2694 1985 2978 2051 γυναῖκας.
3011 1982 3238 2051 Νομίζω
3270 1982 3378 2052 γὰρ
3412 1983 3483 2045 ὼς
3520 1982 3622 2035 ἀπὸ

2050 2073 2144 2127 τοῦ
2184 2075 2452 2145 παρόντος
2487 2076 2711 2139 κανόνος
2744 2076 2803 2128 οὐ
2839 2076 3409 2147 παραχωρηθήσονται
3445 2074 3623 2127 δευτε-

2052 2166 2385 2236 ρογαμῆσαι.
2419 2167 2569 2221 Ἐπεὶ
2594 2167 2651 2220 δὲ
2678 2169 2735 2219 ὲν
2762 2168 2974 2229 πολλοῖς
2997 2166 3107 2221 τῶν
3134 2166 3512 2237 νομοκανόνων
3538 2166 3623 2220 εὑ·-

2054 2256 2296 2324 ρίσκεται
2330 2257 2519 2327 Νεαρὰ
2550 2242 2979 2319 Ἰουστινιάνειος
3008 2258 3216 2327 (κεῖται
3250 2258 3309 2310 δὲ
3343 2260 3375 2327 ἠ
3404 2258 3621 2328 τοιαύτη

2050 2347 2239 2417 Νεαρὰ
2266 2350 2375 2417 (45)
2405 2350 2499 2404 καὶ
2525 2351 2604 2413 είς
2632 2350 2837 2420 βιϐλίον
2862 2349 2908 2418 γ’
2929 2350 3036 2402 τῶν
3064 2350 3392 2416 Βασιλικὼν,
3419 2352 3551 2405 τίτλ.
3576 2367 3622 2405 α’

2030 2458 2176 2509 -κεφ.
2200 2442 2267 2507 ζ’,
2289 2444 2425 2514 ὅπερ
2457 2446 2720 2515 κατετέθη
2751 2447 2882 2516 παρ’
2904 2447 3061 2516 ἡμῶν
3087 2448 3165 2508 είς
3196 2463 3322 2514 κεφ.
3352 2454 3437 2515 κγ’
3459 2445 3550 2500 τοῦ
3577 2457 3623 2499 α’

2048 2532 2226 2585 τίτλου
2257 2532 2349 2586 τοῦ
2385 2535 2652 2603 παρόντος
2687 2537 3129 2605 συντάγματος),
3164 2536 3514 2607 διοριζομὲνη
3550 2534 3623 2608 μὴ

2049 2624 2347 2689 ἀνάγεσθαι
2388 2626 2467 2687 είς
2510 2625 2722 2695 ἀξίωμα
2768 2627 3122 2680 ὲπισκοπικὸν
3155 2626 3247 2679 τὸν
3305 2629 3493 2697 ἔχοντα
3530 2645 3626 2696 γυ-

2049 2720 2209 2772 ναῖκα
2244 2718 2276 2789 ἢ
2306 2717 2495 2779 τέκνα,
2529 2718 2561 2788 ἢ
2601 2719 2708 2787 μὴν
2736 2718 2825 2770 τὸν
2858 2718 3009 2787 παρὰ
3038 2717 3210 2771 ταῦτα
3248 2719 3626 2790 χειροτονηθη-

2051 2810 2279 2877 σύμενον
2307 2810 2719 2883 καθαιρεῖσθαι,
2749 2812 2843 2865 καὶ
2878 2812 3216 2882 ὲλαλήθησαν
3245 2811 3316 2864 τὰ
3353 2813 3481 2879 περὶ
3508 2811 3627 2863 τού-

2048 2922 2140 2957 του
2183 2903 2433 2965 πολλάκις
2459 2918 2474 2934 ο
2514 2903 2744 2973 λέγομεν
2776 2903 2851 2966 ὡς
2886 2904 2951 2957 τὰ
2985 2904 3084 2972 τῆς
3118 2903 3378 2972 τοιαύτης
3414 2904 3628 2973 Νεαρᾶς

2047 2995 2409 3064 ὴπρόικτησαν
2439 2993 2526 3045 διὰ
2554 2996 2613 3045 τὸ
2647 2994 2721 3064 μὴ
2753 2996 2973 3066 τεθῆναι
3006 2998 3086 3058 είς
3114 2996 3182 3049 τὰ
3214 2996 3505 3059 Βασιλικὰ,
3537 2995 3627 3050 καὶ

2047 3087 2328 3157 ἐνεργοῦσι
2365 3086 2431 3138 τὰ
2471 3086 2563 3139 τοῦ
2604 3088 2869 3157 παρόντος
2914 3088 3159 3151 κανόνος.
3204 3089 3297 3141 καὶ
3335 3089 3367 3157 ἡ
3405 3087 3629 3157 δευτέρα

2047 3178 2236 3249 Neap}:
2267 3177 2363 3231 τοῦ
2407 3177 2673 3247 βασιλέως
2710 3179 2876 3249 κυροῦ
2914 3181 3141 3243 Λέοντος
3181 3178 3273 3233 τοῦ
3316 3179 3627 3249 Φιλοσόφου,

2048 3272 2115 3343 ἢν
2150 3272 2243 3324 καὶ
2276 3269 2573 3337 ἀνάγνωθι,
2609 3271 2989 3342 διοριζομένην
3025 3271 3151 3340 περὶ
3186 3273 3243 3323 τὸ
3278 3273 3433 3335 τέλος
3465 3272 3628 3325 ταῦτα

2046 3362 2253 3433 ῥητῶς.
2298 3359 2362 3414 Ἦ
2392 3356 2486 3413 οὖν
2518 3362 2581 3414 ὲκ
2614 3342 2749 3412 Θεοῦ
2785 3360 3035 3431 βασιλεία
3062 3359 3240 3429 ἡμῶν,
3271 3360 3432 3412 τοῦτο
3466 3360 3627 3429 ἁρμο-

2047 3455 2299 3525 διώτερον
2331 3453 2670 3507 κατανοοῦσα
2701 3458 2812 3517 τοῖς
2844 3454 3009 3516 θείοις
3039 3454 3269 3507 ἔπεσθαι
3304 3453 3624 3517 ὲντάλμασι,

2050 3546 2342 3616 σύμφωνον
2370 3546 2599 3607 ἐκείνοις
2628 3547 2853 3615 ἐκφέρει
2882 3545 3042 3614 νόμον
3063 3562 3077 3575 ·
3108 3546 3203 3598 καὶ
3232 3544 3425 3615 ὥσπερ
3452 3543 3627 3604 αὐτοῖς
3676 3572 3683 3587 ι

2048 3639 2196 3691 δοκεῖ
2225 3638 2283 3690 τὸ
2313 3639 2447 3708 πρὸς
2481 3637 2895 3707 ἀρχιερωσύνην
2922 3637 3222 3704 ἀνάγεσθαι
3252 3636 3344 3688 τὸν
3375 3635 3523 3700 ἄξιον
3548 3650 3628 3686 τι·

2050 3731 2191 3801 μῆς,
2224 3731 2328 3784 κᾶν
2359 3725 2462 3783 ὦσι
2496 3730 2655 3798 γοναὶ
2688 3731 2836 3801 νόμῳ
2869 3731 3231 3799 τετιμημέναι
3258 3742 3271 3758 ·
3306 3728 3480 3790 οὕτως
3513 3725 3626 3796 ὁρί-

2048 3822 2215 3889 ζουσα
2249 3825 2339 3877 τὸν
2373 3822 2831 3892 ἀντιφθέγγεσθαι
2871 3822 3239 3891 θρασυνθέντα
3276 3823 3442 3891 νόμον
3475 3820 3624 3887 δίκην

2046 3920 2145 3990 τῆς
2176 3919 2511 3990 θρασύτητος
2542 3919 2639 3990 τὴν
2667 3920 2746 3981 είς
2774 3919 2865 3970 τὸν
2894 3918 3084 3970 ἔπειτα
3114 3916 3306 3987 χρόνον
3337 3917 3431 3969 καὶ
3460 3916 3627 3985 διηνε⁴

2046 4014 2116 4083 κῆ
2147 4012 2391 4081 ἀφωνίαν
2423 4010 2875 4082 εἰσπράττεσθαι.

377 4120 527 4161 mos;
560 4111 615 4156 et
649 4102 721 4154 ita
769 4097 989 4167 quidem
1038 4107 1297 4157 censetis,
1318 4099 1377 4146 ul.
1409 4108 1440 4147 a
1491 4094 1609 4165 lege
1640 4112 1762 4167 qua):
1787 4110 1944 4158 contr

2050 4122 2168 4163 cere
2230 4120 2363 4161 ausa
2423 4104 2546 4169 l‘uit,
2615 4105 2670 4159 in
2729 4102 2973 4157 audacia:
3024 4114 3240 4172 poenam
3307 4104 3624 4170 perpetuum

372 4191 427 4252 in
459 4196 701 4251 futurum
721 4192 975 4260 exigatur
1009 4188 1312 4243 silentium.

443 4287 697 4345 ZONAR.
745 4288 801 4341 Si
839 4285 965 4354 quis
1002 4285 1236 4338 maritus
1267 4282 1335 4337 ad
1384 4284 1702 4354 episcopale
1740 4304 1943 4344 munus

370 4366 620 4446 vocetur,
640 4395 765 4436 eum
794 4394 903 4432 non
935 4376 1004 4429 ab
1041 4389 1212 4429 uxore
1252 4376 1422 4429 invita
1472 4377 1683 4446 divelli,
1720 4382 1818 4436 sed
1875 4399 1937 4437 ca

372 4475 752 4533 consentiente
799 4480 856 4525 et
890 4470 1109 4523 volente
1162 4467 1461 4522 divortium
1526 4470 1678 4537 ﬁeri;
1710 4490 1775 4527 co
1816 4491 1945 4530 vero

2120 4291 2361 4344 ΖΩΝΑΡ.
2394 4289 2506 4341 Οὐκ
2531 4285 2773 4355 ἀκούσης
2798 4286 2896 4355 τῆς
2924 4284 3183 4354 γυναικὸς
3208 4280 3624 4348 διαζεύγνυσθαι

2047 4384 2216 4452 αὐτῆς
2258 4382 2347 4433 τὸν
2386 4381 2553 4449 ἄνδρα
2598 4378 2846 4449 βούλεται
2889 4380 2917 4430 ὁ
2958 4375 3132 4431 κανὼν
3174 4376 3510 4446 καλούμενον
3548 4374 3624 4436 είς

2047 4472 2373 4539 ἐπισκοπὴν,
2406 4472 2517 4523 ἀλλ’
2540 4473 2605 4523 ὲκ
2636 4470 2947 4540 συμφώνου,
2982 4471 3074 4522 καὶ
3102 4468 3516 4538 διαζευχθείσαν
3547 4465 3621 4535 μὴ

372 4571 537 4633 facto,
562 4583 629 4622 ne
654 4565 736 4618 vel
759 4554 863 4619 sub
894 4561 1089 4616 eodem
1116 4567 1284 4623 tecto,
1304 4560 1388 4613 vel
1420 4561 1473 4614 in
1504 4563 1697 4618 vicinis
1730 4567 1943 4621 aedibus

2051 4566 2316 4616 συνοικεῖν
2357 4561 2535 4633 αὐτῷ,
2584 4561 2709 4631 μήτ’
2735 4564 2902 4630 ἐγγὺς
2948 4562 3045 4629 τῆς
3088 4562 3300 4614 ἐκείνου
3344 4560 3622 4620 κατοικίας

377 4678 514 4718 ωιοι·
560 4659 792 4720 habitet,
848 4655 943 4709 sed
996 4654 1049 4706 in
1104 4651 1442 4706 monasterio
1504 4657 1690 4722 procul
1727 4658 1794 4711 ab
1832 4658 1945 4728 epi-

372 4755 521 4823 scopi
546 4750 779 4829 statione
810 4746 992 4814 dcgat,
1023 4745 1127 4798 hoc
1156 4760 1371 4799 canone
1398 4748 1792 4802 constitutum.
1829 4750 1945 4804 Mu-

375 4856 499 4897 tuus
529 4852 768 4908 namque
795 4844 851 4890 et
883 4832 1243 4904 quotidianus
1273 4834 1489 4888 illorum
1522 4836 1666 4891 inter
1713 4854 1774 4892 se
1809 4854 1942 4893 con-

373 4944 619 5005 spectus,
654 4931 857 5000 prioris
876 4929 999 4980 vita:
1032 4926 1567 4996 consuetudinisque
1614 4930 1939 4984 memoriam

375 5023 687 5089 renovabit,
718 5030 773 5076 et
805 5018 1008 5074 amoris
1046 5017 1100 5072 in
1163 5026 1398 5089 utroque
1429 5017 1703 5073 ﬂammam
1742 5036 1940 5077 accen-

371 5114 672 5175 det.Uxori
707 5128 839 5168 vero
866 5113 1049 5181 longe,
1082 5111 1243 5180 217
1304 5111 1511 5180 inquit,
1558 5114 1767 5181 agenti,
1826 5116 1942 5184 epi-

372 5209 524 5280 scopi
551 5222 681 5262 cura
734 5204 1184 5276 providentiaque
1235 5204 1545 5259 subveniet.
1593 5207 1753 5272 Quod
1816 5209 1942 5279 qni-

2048 4658 2246 4719 οίκεῖν,
2285 4653 2400 4710 ἀλλ’
2425 4657 2484 4706 ἐν
2524 4654 2869 4725 μο-ραστηρίῳ
2911 4655 3097 4725 πόρρω
3134 4655 3371 4725 κειμένῳ
3404 4655 3501 4723 τῆς
3531 4650 3622 4704 τοῦ

2046 4748 2348 4801 ἐπισκόπου
2388 4750 2741 4816 καταγωγῆς.
2779 4746 2852 4798 Τὸ
2888 4748 2996 4816 γὰρ
3034 4744 3297 4817 ἀλλήλους
3333 4748 3465 4817 όρᾷν
3502 4763 3623 4797 συν-

2049 4841 2187 4911 εχῶς
2213 4841 2654 4910 ἀναμιμνήσκειν
2683 4837 2867 4907 μέλλει
2897 4838 3112 4899 πάντως
3142 4838 3338 4900 αὐτοὺς
3365 4839 3461 4904 τῆς
3492 4853 3621 4905 προ-

2049 4934 2211 5003 τέρας
2242 4932 2518 5001 διαγωγῆς
2550 4948 2607 4983 τε
2641 4933 2734 4983 καὶ
2765 4930 3145 5001 συμϐιώσεως,
3178 4930 3273 4983 καὶ
3306 4929 3622 4983 ὑπεκκαίειν

2050 5026 2201 5091 σφίσι
2244 5024 2331 5074 τὸν
2373 5022 2572 5091 ἔρωτα.
2619 5020 2812 5092 [Ιόρρω
2876 5022 2933 5073 δὲ
2978 5016 3145 5081 οὖσαν
3188 5022 3442 5092 προνοίας
3485 5020 3621 5071 ἀπο-

2049 5113 2233 5165 λαύειν
2266 5111 2478 5164 κελεύει
2514 5112 2667 5181 παρὰ
2700 5110 2794 5164 τοῦ
2833 5111 3156 5165 ἐπισκόπου.
3196 5111 3369 5163 Τοῦτο
3406 5111 3465 5163 δὲ
3496 5126 3619 5175 νοτ,-

2051 5203 2194 5267 τὲον,
2222 5205 2308 5255 ὅτε
2344 5202 2419 5272 μὴ
2448 5201 2656 5255 οἴκοθεν
2682 5201 2867 5272 ἐκείνη
2896 5202 3121 5255 δύναται
3150 5205 3231 5265 εἰς
3257 5203 3325 5256 τὰ
3353 5202 3621 5268 ἀναγκαῖα

1568 5340 1762 5404 Guill.
1788 5342 2118 5420 Beveregii
2158 5349 2345 5403 noue.

440 5459 553 5532 (45)
583 5457 777 5514 Κεῖται
815 5459 885 5513 δὲ
932 5456 971 5527 ἢ
996 5460 1236 5532 τοιαύτη
1265 5462 1479 5530 Νεαρά.
1522 5463 1616 5519 llic
1647 5466 1937 5532 diligenter

376 5530 693 5606 obaervetur
740 5546 841 5584 vox
884 5530 1111 5599 τοιαύτη
1168 5532 1334 5606 latis,
1373 5550 1547 5602 neque
1608 5530 1776 5589 enirn
1821 5540 1937 5606 ipsa

378 5603 584 5674 novella
614 5610 739 5653 ante
760 5612 1185 5674 commemorata
1218 5603 1405 5674 cadent
1454 5614 1555 5666 est,
1596 5614 1718 5674 quze
1755 5603 1856 5661 hie'
1883 5606 1937 5661 in

376 5673 620 5729 Basilicis
650 5674 752 5725 sita
791 5672 1013 5733 dicitur,
1053 5680 1109 5724 et
1160 5672 1459 5726 etianmum
1518 5672 1725 5731 esvtat.
1769 5676 1931 5732 Istam

373 5747 520 5799 enim
590 5740 794 5796 diserte
845 5742 921 5794 ait
976 5740 1028 5793 in
1096 5742 1328 5794 Basilica
1396 5759 1502 5797 non
1571 5747 1812 5807 referri.
1876 5764 1939 5802 ac

375 5812 599 5886 proinde
646 5813 950 5867 exolevisse
977 5850 992 5865 .
1030 5811 1261 5882 λέγομεν
1310 5812 1385 5875 ὡς
1426 5818 1491 5866 τε
1535 5818 1631 5887 τῆς
1684 5816 1941 5889 τοιαύτης

2044 5466 2243 5533 νεαρᾶς
2272 5467 2638 5535 ἡπράκτησαν
2668 5465 2756 5519 διὰ
2797 5466 2855 5518 τὸ
2890 5466 2963 5536 μὴ
2999 5465 3222 5536 τεθῆναι
3255 5469 3337 5532 είς
3363 5467 3431 5521 τὰ
3463 5469 3618 5520 Βασι·

2046 5536 2193 5590 λικά.
2224 5541 2565 5605 Quapropter
2590 5547 2799 5591 sextam
2823 5535 2999 5600 potiris
3028 5535 3329 5592 Justiniani
3358 5540 3612 5591 ιιυνεΙΙςιιιι

2049 5607 2123 5659 ibi
2195 5606 2599 5675 intelligendam
2647 5622 2866 5670 censeo,
2924 5615 3110 5675 utpote
3157 5610 3397 5664 secundo
3449 5608 3615 5673 ipsius

2048 5677 2227 5744 capite
2258 5678 2446 5729 eadem
2497 5675 2779 5742 jubentem
2806 5716 2820 5737 ,
2856 5694 2975 5742 quae
3026 5678 3313 5732 Balsamon
3366 5680 3419 5731 in
3453 5684 3615 5731 citata

2050 5748 2317 5799 contineri
2381 5750 2601 5807 asserit.
2648 5749 2787 5799 etin
2823 5746 3072 5801 Basilieis
3121 5752 3285 5803 etiam
3325 5764 3433 5804 non
3471 5749 3612 5816 posi-

2052 5828 2182 5881 tam,
2210 5820 2670 5884 quemadmodum
2707 5818 2752 5871 is
2780 5822 2845 5871 de
2870 5834 2930 5871 ea
2957 5820 3202 5876 tradidit.
