3984 6474
369 455 477 518 689

1381 463 1468 523 ΙΝ
1500 464 1664 527 CAN.
1704 465 1892 524 XLIX
1933 464 2139 527 CONC.
2188 468 2267 526 ΙΝ
2296 467 2619 529 TRULLO.

3516 469 3622 533 690

368 568 635 636 ἐπαρκεῖν
660 569 850 641 ἑαυτῇ.
877 570 938 624 Ei
969 570 1074 643 γὰρ
1098 573 1261 636 αὐτὸς
1285 574 1314 627 ό
1341 577 1643 640 ἐπίσκοπος
1669 577 1728 630 οὐ
1758 595 1948 645 συγκε-

2075 576 2179 631 lem
2223 579 2295 632 ita
2322 591 2406 635 est
2436 582 2844 653 accipiendum,
2881 584 3002 641 nisi
3031 582 3253 637 mulieri
3286 583 3522 649 scilicet,
3563 603 3630 640 ex

369 661 618 734 χώρηται
658 667 971 738 περαιτέρω
1007 668 1117 722 τῶν
1155 670 1474 739 ἀναγκαίων
1511 674 1589 734 είς
1629 672 1820 725 ἑαυτὸν
1854 670 1950 723 δας

288 800 324 843 ‘,
367 757 544 825 πανᾷν
576 758 639 810 ὲκ
672 760 779 811 τῶν
808 762 908 829 τῆς
940 761 1252 832 ἐπισκοπῆς
1286 764 1594 830 προσόδων·
1629 765 1724 818 καὶ
1754 763 1947 825 τοῦτο,

296 845 301 851 ’
364 845 453 897 ὅτε
487 846 561 916 μὴ
592 849 804 903 οἴκοθεν
830 852 1059 917 εὐπορεῖ
1080 854 1189 905 τῶν
1215 855 1546 922 ἀναγκαίων,
1574 856 1691 919 πῶς
1720 858 1781 909 οὐ
1816 856 1949 926 μᾶλ-

366 937 457 990 λον
483 943 548 1009 τῇ
586 941 774 1011 πρώην
804 948 1171 1019 συνοικησάσῃ
1200 947 1346 1019 αὐτῷ
1379 949 1755 1018 κωλυθήσεται
1787 967 1951 1020 χορη-

362 1030 480 1095 γεῖν
508 1045 561 1081 τι
589 1032 653 1085 ἐκ
680 1033 788 1084 τῶν
809 1033 909 1103 τῆς
942 1036 1288 1105 Ἑκκλησέας,
1320 1038 1593 1112 δυναμένῃ
1628 1040 1951 1108 πορίζεσθαι

360 1121 432 1173 τὰ
466 1121 602 1191 πρὸς
631 1122 894 1193 διοίκησιν
924 1127 1180 1194 ἀλλοθεν;
1212 1131 1301 1193 Ὠς
1332 1130 1462 1197 γοῦν
1493 1132 1662 1184 ἐνδεεῖ
1689 1135 1948 1205 κάκείνῃ,

359 1210 452 1262 ὅτε
492 1212 566 1282 μὴ
605 1212 740 1283 ἔχει,
778 1218 1008 1285 παρέξει
1045 1221 1109 1273 ἐκ
1143 1220 1252 1273 τῶν
1288 1222 1387 1292 τῆς
1424 1224 1753 1295 ἐπισκοπῆς.
1794 1228 1856 1281 Ei
1894 1229 1952 1282 δὲ

360 1301 459 1353 καὶ
496 1304 525 1355 ό
567 1303 682 1373 βίος
717 1305 891 1376 αὐτῆς
930 1309 1126 1377 σεμνὸς
1163 1310 1284 1379 εἴη.
1330 1312 1423 1362 καὶ
1464 1310 1558 1363 τοῦ
1604 1312 1815 1381 βαθμοῦ
1854 1316 1953 1385 τῆς

356 1392 637 1457 διακονίας
677 1395 860 1463 ἄξιος,
896 1399 988 1452 καὶ
1028 1401 1164 1469 πρὸς
1193 1402 1398 1472 ταύτην
1432 1402 1949 1473 προϐιϐασθήσεται.

2051 672 2358 727 domestica
2388 675 2555 731 istius
2600 678 2781 747 copia,
2819 691 3132 750 opportuna
3189 684 3317 736 vitae
3374 682 3629 737 subsidia

2052 771 2393 840 suppeditari
2424 785 2651 844 queant.
2688 776 2746 831 Si
2777 794 3020 849 namque
3075 780 3343 850 episcopo
3399 778 3527 849 ipsi,
3560 796 3630 833 ne

2053 866 2137 922 sui
2192 866 2417 936 quidem
2459 871 2731 923 commodi
2780 886 2976 933 causa,
3025 872 3329 942 quidquam
3386 886 3453 926 ex
3510 874 3631 941 epi-

2055 966 2316 1026 scopatus
2359 959 2443 1013 sui
2478 959 2856 1028 proventibus,
2890 969 3261 1030 praeterquam
3285 962 3339 1014 in
3373 976 3631 1017 necessa-

2053 1049 2167 1105 rios
2198 1065 2350 1115 usus,
2378 1051 2545 1121 idque
2580 1051 2679 1105 nisi
2707 1053 3032 1108 domesticis
3060 1054 3422 1108 facultatibus
3460 1051 3637 1107 desti‘o

2060 1149 2199 1207 tuto,
2236 1143 2516 1197 insumere
2541 1157 2867 1199 concessum
2903 1153 2987 1199 est
3019 1164 3032 1199 :
3066 1153 3275 1215 quanto
3310 1145 3495 1199 minus
3554 1143 3642 1196 illi-

2059 1232 2123 1285 ad
2162 1234 2348 1289 uxoris
2375 1233 2578 1289 relicua
2642 1235 2949 1291 subsidium
3009 1237 3264 1291 derivare
3317 1235 3521 1306 aliquid
3563 1250 3630 1289 ex

2060 1323 2319 1380 Ecclesiae
2383 1327 2562 1392 bonis,
2622 1329 2668 1382 si
2734 1328 2950 1382 tnulieri
3009 1330 3134 1384 vita:
3191 1328 3633 1399 opportunitates

2061 1415 2284 1472 aliunde
2324 1420 2762 1491 suppeditentur,
2813 1418 3035 1473 licebit?
3074 1417 3238 1488 Igitur
3262 1418 3422 1473 uxori
3473 1433 3615 1487 quo-

358 1492 488 1553 que,
538 1495 596 1540 ιιι
664 1473 945 1560 indigenti,
988 1508 1112 1547 cum
1171 1510 1288 1577 eam
1324 1505 1522 1550 cuncta
1572 1498 1948 1566 defecerint,i

2079 1510 2342 1581 piscopali
2376 1473 2643 1580 p'r'oventu
2677 1473 3148 1568 subministrabit.
3192 1510 3349 1577 Quod
3377 1473 3608 1566 Sici'iﬁltt

357 1593 581 1679 morum
614 1582 885 1652 gravitate
932 1586 1149 1656 dignam
1211 1602 1270 1643 se
1323 1588 1532 1645 honore
1598 1591 1921 1653 diaconatus
1961 1600 2295 1669 exhibuerit,
2327 1606 2394 1660 ad
2430 1621 2801 1677 euntquoque
2830 1610 3060 1679 gradum
3132 1606 3288 1662 evebi
3353 1605 3433 1660 fas
3475 1620 3613 1660 esse

357 1670 631 1736 decernit,

362 1785 383 1817 ι
414 1766 637 1821 ΛΡΙΣΤ.
675 1770 739 1821 Ἠ
796 1770 1175 1841 διαξευχθεῖσα
1202 1772 1296 1826 τοῦ
1328 1773 1631 1827 ἐπισκόπου
1665 1773 1952 1845 μέλλοντος

432 1876 452 1909 ι
498 1859 756 1923 δέξασθαι
790 1864 929 1931 μετὰ
958 1867 1058 1933 τὴν
1088 1864 1422 1935 χειροτονίαν
1452 1865 1640 1921 είσίτω
1670 1868 1807 1938 πρὸς
1841 1886 1954 1938 μο-

2057 1798 2076 1832 ι
2114 1779 2343 1839 ARIST.
2371 1785 2500 1853 Quae
2539 1800 2567 1840 a
2595 1774 2780 1841 future
2836 1787 3099 1856 episcopo
3149 1794 3464 1857 separatur,
3495 1792 3619 1854 post

2131 1894 2150 1928 ι
2193 1877 2595 1933 ordinationem
2654 1878 3055 1933 monasterium
3109 1877 3476 1949 ingrediatur,
3506 1892 3632 1947 pru-

429 1971 453 2005 ε
496 1954 813 2025 ναστήριον,
840 1957 942 2023 τῆς
969 1959 1277 2027 ἐπισκοπῆς
1303 1961 1667 2031 πορρωτάτω,
1694 1962 1788 2015 καὶ
1813 1964 1948 2017 ἀπο-

2129 1989 2148 2024 ι
2190 1970 2279 2026 cul
2315 1969 2639 2041 episcopatu
2705 1970 2898 2036 situm,
2948 1977 3004 2025 et.
3047 1970 3290 2040 episr0pi
3324 1983 3457 2024 cura
3483 1967 3633 2021 frua-

429 2065 451 2098 r
500 2047 717 2102 λαυέτω
746 2048 849 2118 τῆς
881 2050 1140 2120 προνοίας
1169 2051 1264 2106 τοῦ
1298 2054 1624 2109 ἐπισκόπου.
1674 2074 1693 2108 ι

425 2141 527 2195 Διά
551 2142 613 2195 τὸ
644 2142 719 2213 μὴ
748 2143 1048 2200 σκάνδαλον
1073 2146 1166 2200 καὶ
1193 2146 1530 2217 πρόσκομμα
1555 2152 1669 2211 τοῖς
1695 2150 1846 2213 λαοῖς
1872 2146 1953 2203 εἷ-

358 2250 466 2299 ναι,
502 2233 585 2287 δεῖ
612 2233 711 2303 τὴν
742 2236 885 2289 κατά
919 2238 1107 2307 κοινὴν
1140 2239 1460 2308 συμφωνίαν
1490 2239 1585 2293 τοῦ
1623 2241 1814 2313 ἀνδρὸς
1847 2245 1981 2297 αὐ-’

362 2326 455 2392 τῆς
492 2325 945 2397 διαξευχθεῖσαν,
982 2329 1077 2383 τοῦ
1120 2331 1259 2402 πρὸς
1296 2334 1609 2404 ἐπισκοπῆς
1655 2336 1950 2407 προεδρίαν

367 2419 696 2489 ἀναγομένου
718 2458 732 2482 .
769 2423 849 2483 είς
889 2408 1256 2494 μοναστήριον
1288 2410 1641 2499 είσέρχεσθαι
1680 2430 1817 2487 ιιετά
1848 2430 1950 2500 τὴν

362 2512 697 2581 χειροτονίαν
727 2514 893 2569 αὑτοῦ
916 2556 931 2579 ,
962 2516 1154 2586 πόρῤω
1184 2518 1437 2589 κείμενον
1469 2520 1567 2591 τῆς
1598 2521 1691 2575 τοῦ
1723 2524 1950 2578 ἐπισκό-

360 2620 461 2657 που
493 2607 816 2677 καταμονῆς
835 2626 850 2640 ’
880 2610 979 2681 τὴν
1005 2610 1061 2663 δέ
1096 2612 1353 2683 πρόνοιαν
1384 2614 1557 2686 αὐτῆς
1586 2618 1776 2671 πᾶσαν
1803 2617 1950 2687 γίνε-

359 2695 482 2750 σθαι
514 2696 667 2769 παρά
694 2698 790 2752 τοῦ
822 2702 1145 2758 ἐπισκόπου.

949 2796 989 2848 Κ
1002 2796 1190 2849 ΑΝΩΝ
1231 2796 1367 2854 ΜΘ’.

361 2899 381 2930 ι
430 2878 848 2952 Ἀνανεούμενοι
884 2887 974 2937 καὶ
1007 2885 1196 2940 τοῦτον
1228 2895 1319 2941 τὸν
1358 2888 1502 2960 ίερδν
1555 2890 1795 2956 κανόνα,
1829 2894 1945 2964 ὁρί-

432 2992 451 3024 ι
494 2972 680 3043 ζομεν,
711 2975 850 3028 ὥστε
878 2978 949 3030 τὰ
978 2978 1124 3046 ἆπαξ
1158 2978 1565 3051 καθιερωθέντα
1599 2986 1943 3057 μοναστήρια

434 3083 453 3115 ι
501 3065 641 3118 κατά
673 3067 902 3137 γνώμην
929 3070 1230 3123 ἐπισκόπου
1267 3072 1378 3141 (Η)
1416 3073 1600 3142 μένειν
1630 3076 1713 3137 εἰς
1737 3074 1799 3128 τὸ
1830 3076 1945 3147 διη-

432 3177 451 3207 ι
497 3159 655 3221 νεκὲς
675 3164 1017 3233 μοναστήρια
1037 3205 1051 3226 ,
1072 3165 1165 3217 καὶ
1182 3165 1250 3219 τὰ
1268 3166 1539 3236 ἀνήκοντα
1556 3168 1741 3233 αὐτοῖς
1763 3170 1944 3239 πράγ-

432 3268 452 3300 ι
501 3268 646 3319 ματα
683 3254 1046 3318 φυλάττεσθαι
1079 3257 1159 3325 τῷ
1199 3260 1568 3331 μοναστηρίῳ,
1608 3261 1703 3314 καὶ
1741 3262 1939 3332 μηκέτι

433 3361 450 3392 ι
497 3341 757 3423 δύΠναᾶθαι
805 3347 1054 3413 γίνεσθαι
1105 3349 1244 3401 αὐτά
1292 3353 1533 3419 κοσμικά
1583 3353 1933 3423 καταγώγια,
1965 3334 2011 3398 c

432 3452 450 3482 ι
496 3407 631 3503 μηδέ
662 3436 766 3489 ὑπό
794 3455 939 3501 τινος
967 3439 1079 3509 (45)
1108 3442 1216 3494 τῶν
1245 3407 1499 3495 ἁπάντων
1528 3407 1938 3515 κοσμικοῖςοὰνί

431 3544 452 3577 ‹
497 3525 657 3595 δράσι
679 3529 848 3583 ταῦτα
872 3532 1176 3588 ἐκδίδοσθαι
1194 3551 1208 3567 ο
1228 3535 1344 3588 ἀλλ’
1362 3538 1410 3589 εί
1432 3538 1526 3590 καὶ
1552 3538 1712 3610 μέχρι
1736 3538 1829 3592 νῦν
1850 3540 1941 3607 γέ-

433 3638 451 3671 ι
497 3638 621 3689 γονε
647 3622 826 3688 τοῦτο,
857 3628 1125 3697 μηδαμῶς
1154 3631 1479 3700 κρατεῖσθαι
1506 3631 1763 3703 ὁρίζομεν
1788 3635 1902 3705 (46)
1922 3652 1937 3667 ·

434 3732 453 3763 ι
499 3716 623 3779 τοὺς
662 3715 719 3769 δὲ
757 3719 864 3771 ἀπὸ
896 3718 990 3772 τοῦ
1028 3712 1293 3790 παρόντος
1327 3721 1488 3775 τοῦτο
1523 3723 1785 3791 πράττειν
1817 3727 1941 3780 ἐπι-

430 3823 450 3855 ‹
497 3809 814 3877 χειροῦντας
843 3811 1165 3867 ὑποκεῖσθαι
1192 3817 1305 3877 τοῖς
1331 3816 1395 3868 ἐκ
1419 3814 1531 3869 τῶν
1556 3817 1796 3871 κανόνων
1819 3818 1943 3872 ἐπι-

432 3917 449 3948 ι
494 3901 719 3967 τιμίοις.

427 3989 622 4046 ΒΑΛΣ.
659 3993 717 4045 ’0
753 3991 833 4046 κδ’
856 3994 1037 4047 κανὼν
1068 3996 1168 4064 τῆς
1200 3993 1239 4047 δ’
1266 3997 1486 4049 συνόδου
1521 3999 1939 4071 παρορώμενος,

357 4081 431 4145 ὡς
476 4083 681 4145 ἔοικεν.
728 4086 1052 4139 ἀνανεοῦται
1100 4088 1325 4158 ἀρτίως.
1374 4090 1483 4142 Καὶ
1523 4092 1801 4157 ἀνάγνωθι
1843 4095 1942 4163 τὴν

357 4176 566 4228 ἐκείνου
599 4177 897 4248 ἑρμηνείαν
926 4180 1020 4232 καὶ
1049 4182 1146 4251 τὴν
1176 4182 1472 4253 ἑρμηνείαν
1499 4182 1592 4236 τοῦ
1626 4182 1694 4253 ιγ’
1720 4186 1941 4251 κανόνος

355 4270 454 4336 τῆς
483 4268 527 4331 ζ’
552 4269 768 4321 συνόδου
799 4271 1105 4339 ἀναγκαίαν
1132 4267 1321 4327 οὖσαν.

424 4450 670 4503 ΖΩΝΛΡ.
703 4444 869 4514 Οὗτος
893 4450 921 4501 ὁ
953 4451 1133 4506 κανὼν
1163 4453 1614 4524 προηρμήνευται
1646 4453 1722 4509 κδ’
1744 4457 1822 4509 ὢν
1846 4458 1945 4527 τῆς

353 4542 396 4596 δ’
421 4544 638 4605 συνόδου
650 4585 663 4599 .

361 4652 381 4685 ι
431 4636 651 4689 ΑΡΙΣΤ.
716 4637 858 4691 Ὅσα
909 4636 1049 4690 κατά
1101 4636 1327 4707 γνώμην
1372 4640 1674 4696 ἐπισκόπου
1726 4642 1942 4714 πέπηγε

430 4745 450 4779 ι
499 4731 870 4798 μοναστήρια,
904 4731 1086 4785 οὐκέτι
1123 4733 1409 4800 κοσμικοῖς
1443 4734 1763 4803 καταγώγια
1798 4737 1941 4805 γίνε-
1965 4726 2021 4788 Ῑ)

368 4886 377 4890 _
430 4839 448 4874 ι
494 4838 615 4886 ται,
646 4823 768 4876 οὐδὲ
801 4827 1085 4895 κοσμικοῖς
1116 4824 1373 4896 ἀνδράσιν
1400 4826 1686 4883 ἐκδίδοται.
1736 4848 1756 4880 ι

426 4999 508 5052 Τὰ
539 5000 680 5054 αὖτά
710 5002 788 5071 τῷ
819 5003 1050 5075 είκοστῷ
1080 5005 1324 5077 τετάρτῳ
1358 5008 1543 5062 κανόνι
1572 5009 1674 5079 τῆς
1705 5010 1762 5064 ἐν
1790 5012 1938 5065 Χαλ-

358 5093 538 5160 κηδόνι
569 5095 789 5149 συνόδου
818 5097 912 5150 καὶ⁵
935 5099 963 5150 ὁ
993 5097 1172 5151 κανὼν
1196 5095 1349 5164 οὗτος
1374 5101 1544 5171 λέγει.
1579 5101 1639 5156 Ὀ
1664 5103 1722 5155 δὲ
1746 5104 1941 5175 τέταρ-

358 5201 448 5249 τος
487 5186 668 5241 κανὼν
699 5188 801 5260 τῆς
833 5190 1007 5261 αὐτῆς
1040 5182 1100 5245 ἐν
1135 5192 1445 5263 Χαλκηδόνι
1480 5195 1699 5247 συνόδου
1740 5195 1937 5249 κωλύει

2127 2080 2147 2114 ι
2186 2071 2298 2119 tur.
2330 2080 2349 2114 ι

2123 2153 2202 2211 Ne
2232 2154 2551 2211 scandalum
2587 2160 2641 2208 et
2666 2153 2895 2209 oll'ensio
2942 2154 3145 2224 populo
3179 2154 3359 2219 detur,
3411 2160 3630 2223 Oportet

2051 2262 2169 2302 eam
2211 2246 2505 2311 communi,
2525 2261 2797 2302 consensu
2830 2262 2859 2299 a
2887 2246 3004 2301 viro
3035 2261 3137 2299 suo
3167 2246 3235 2300 ad
3274 2245 3628 2315 episcopatus

2051 2340 2374 2410 dignitatem
2430 2351 2682 2410 promoto
2747 2349 3056 2409 separatam
3090 2377 3106 2402 ,
3183 2340 3627 2399 monasterium,

2052 2438 2175 2500 post
2207 2430 2381 2500 ipsius
2413 2414 2841 2494 ordinationem,
2894 2430 3087 2499 procul
3124 2428 3194 2482 ab
3230 2428 3477 2497 episcopi
3521 2428 3625 2482 ba-

2053 2520 2329 2577 bitatione
2350 2531 2697 2577 exstructum
2728 2523 2975 2592 ingredi:
3002 2524 3323 2593 episcopqu
3368 2530 3549 2599 autem
3576 2520 3627 2576 ei

2051 2614 2276 2670 omnino
2306 2615 2617 2686 providere.

2636 2792 2867 2850 CANON
2904 2794 3091 2850 XLIX.

2057 2903 2076 2935 ι
2112 2883 2270 2939 llunc
2305 2900 2522 2941 sacrum
2561 2886 2724 2941 etiam
2761 2902 3028 2942 eanonem
3058 2892 3410 2951 renovantes,
3441 2886 3629 2941 decer-

2126 2994 2145 3029 ι
2185 2977 2388 3041 nimus,
2415 2986 2471 3031 ut
2497 2994 2617 3047 quae
2642 2980 2939 3049 episcopali
2964 2980 3244 3034 voluntate
3286 2978 3457 3034 semel
3490 2993 3623 3033 con-

2124 3088 2143 3121 ι
2171 3079 2381 3124 secrata
2409 3068 2611 3125 fuerint
2654 3072 2989 3127 monasteria
3019 3088 3234 3142 semper
3292 3074 3625 3127 monasteria

2123 3179 2141 3213 ι
2179 3170 2521 3226 maneant,et
2541 3180 2628 3220 res
2645 3179 2764 3235 qua:
2781 3165 2845 3219 ad
2863 3165 2977 3235 ipsa
3000 3165 3265 3235 pertinent
3289 3163 3625 3220 monasterio

2121 3272 2139 3304 ι
2170 3263 2477 3321 serventur,
2505 3265 2559 3309 et
2605 3272 2669 3311 ea
2702 3272 2807 3311 non
2838 3256 3051 3326 possint
3093 3272 3216 3312 esse
3251 3256 3485 3324 an‘plius
3510 3272 3619 3312 sae-

2114 3362 2136 3398 ι
2169 3345 2373 3400 cularia
2402 3347 2708 3402 habitacula
2729 3364 2851 3411 ,nec
2883 3349 2952 3403 ab
2976 3349 3086 3403 ullo
3107 3348 3466 3405 s:ecularibus
3483 3347 3624 3402 tradi

2124 3458 2144 3492 ι
2182 3439 2515 3505 hominibus;
2544 3442 2640 3495 sed
2671 3442 2836 3495 etiam
2874 3441 2918 3497 si
2952 3442 3055 3496 hoc
3083 3443 3366 3510 hucusque
3415 3441 3620 3496 factum

2119 3553 2139 3586 ι
2181 3540 2287 3594 est,
2321 3549 2664 3603 nequaquam
2704 3534 3031 3589 servandum
3076 3534 3429 3589 decernimus
3479 3552 3493 3587 :
3529 3548 3624 3586 eos

2120 3642 2140 3676 ι
2181 3633 2398 3691 autem,
2452 3624 2546 3694 qui
2600 3624 2653 3678 in
2676 3625 2962 3693 praesentia
3010 3634 3066 3680 et
3095 3625 3355 3693 deinceps
3407 3628 3509 3679 hoc
3542 3623 3625 3678 fa-

2122 3736 2139 3768 ‹
2175 3732 2299 3772 cere
2342 3717 2778 3788 aggrediuntur,
2837 3732 3111 3772 canonum
3158 3732 3377 3788 quoque
3437 3716 3615 3787 poenis

2122 3829 2140 3861 ι
2181 3809 2399 3879 subjici.
2431 3831 2450 3863 ι

2117 3991 2314 4046 BALS.
2358 3990 2672 4063 Vigesimus
2697 4004 2930 4062 quartus
2961 4009 3137 4048 canon
3177 4003 3392 4062 quarta:
3424 3994 3625 4066 synodi

2046 4095 2441 4155 contemptus,
2510 4092 2569 4137 ut
2617 4096 2699 4137 est
2757 4086 3102 4148 verisimile,
3158 4086 3249 4141 ltic
3308 4097 3623 4141 renovatur.

2047 4178 2112 4233 Et
2154 4178 2267 4245 lege
2296 4192 2414 4229 eam
2441 4192 2564 4245 quae
2588 4176 2698 4229 illic
2730 4188 2812 4229 est
2869 4177 3398 4246 interpretationem,
3448 4186 3503 4231 et
3538 4178 3625 4231 in-

2048 4267 2503 4338 terpretationem
2562 4282 2688 4322 can.
2742 4268 2832 4335 25,
2868 4285 2990 4340 syn.
3043 4269 3075 4322 7
3130 4284 3252 4338 qua:
3308 4271 3623 4324 necessaria

2046 4371 2149 4415 est.

2118 4451 2376 4508 ZONAR.
2407 4451 2506 4508 llic
2533 4468 2709 4506 canon
2749 4462 2911 4507 antea
2959 4452 3353 4523 interpretatus
3407 4463 3513 4521 est,
3568 4461 3628 4509 ut

2047 4547 2137 4617 qui
2165 4545 2237 4601 sit
2258 4548 2348 4611 24,
2387 4563 2511 4615 syn.
2542 4548 2594 4600 4.
3644 4540 3645 4543 “

2055 4659 2073 4689 ι
2113 4637 2345 4693 ARIST.
2370 4638 2721 4707 Qnmcunque
2746 4636 2987 4706 episcopi
3038 4636 3309 4691 sententia
3334 4643 3621 4691 exstructa

2125 4750 2145 4784 ι
2186 4739 2315 4787 sunt
2350 4732 2708 4792 monasteria,
2746 4745 2815 4784 ne
2866 4728 3226 4784 saecularibus
3264 4736 3455 4799 postea
3488 4727 3623 4782 ﬁant

2123 4843 2143 4877 ι
2182 4824 2517 4889 habitacula,
2551 4838 2655 4879 nec
2714 4822 3031 4878 hominibus
3077 4820 3439 4877 saecularibus
3501 4821 3645 4892 elo-.

2124 4934 2143 4967 ι
2186 4924 2402 4970 centur.
2439 4933 2459 4967 ι
3671 4924 3680 4974 ἱ

2119 5005 2318 5059 Eadem
2343 5022 2464 5073 quze
2494 5005 2794 5060 vicesimus
2821 5012 3052 5073 quartus
3091 5004 3285 5076 synodi
3318 5002 3626 5059 Chalcedo-
3682 4983 3686 4987 ’

2045 5101 2256 5164 nensis,
2283 5100 2446 5152 etiam
2483 5098 2572 5152 hic
2594 5112 2717 5151 can.
2743 5098 2896 5151 dicit.
2916 5096 3187 5152 Caeterum
3218 5105 3450 5165 quartus
3472 5096 3620 5165 ejus-

2043 5194 2165 5248 dem
2198 5191 2391 5262 synodi
2428 5189 2901 5244 Chalcedonensis
2929 5205 3056 5243 ean.
3106 5190 3364 5259 prohibet
3409 5188 3623 5247 exstrui

1552 5305 1750 5368 Guill.
1786 5305 2117 5384 Beveregii
2152 5313 2338 5365 notae.

431 5403 542 5469 (Η)
564 5403 726 5458 Κατὰ
762 5405 1005 5475 γνώμην·
1035 5407 1397 5463 ἐπισκόπου,
1431 5408 1615 5463 Codex
1666 5409 1935 5462 Amerha-

359 5474 606 5546 chianus~
646 5476 771 5546 lucc
825 5474 889 5529 et
945 5482 1232 5542 sequentia
1280 5481 1358 5533 sic
1409 5480 1571 5543 legit.
1627 5482 1767 5533 κατά
1804 5482 1938 5546 γνώ-

364 5560 470 5611 μην
513 5542 609 5596 τοῦ
640 5545 941 5601 ἐπισκόπου
978 5550 1160 5619 μένειν
1183 5552 1323 5604 αὐτὰ
1352 5549 1624 5619 διηνεκῶς
1660 5542 1937 5621 μοναστὴ-

363 5628 547 5760 ῗιῗλὸ)
572 5685 737 5760 Maias
791 5687 854 5741 δὲ
881 5691 1002 5743 ὑπό
1032 5707 1217 5755 τινος.
1258 5690 1434 5745 Voces
1470 5690 1610 5760 μήτε
1651 5689 1709 5743 δὲ
1744 5690 1797 5743 in
1830 5707 1933 5743 ms.

361 5754 800 5812 Amerbachiano
825 5754 1234 5815 desiderantur.
1264 5760 1370 5817 Sed
1394 5754 1584 5817 sensui
1616 5763 1937 5816 necessaria

358 5837 509 5879 Sunt.
1812 5838 1817 5843 ⁷

430 5887 548 5968 μυ)
619 5898 917 5971 Μηδαμῶς
962 5902 1307 5972 κρατεῖσθαι
1372 5902 1662 5972 ὁρίζομεν.
1722 5903 1777 5957 In
1835 5920 1936 5957 ms.

2044 5406 2486 5462 Ainerhaehiano
2546 5405 2747 5460 reetins
2824 5404 3023 5475 legitur
3082 5402 3387 5473 ‘xpatﬁaat,
3442 5415 3620 5467 neque

2043 5481 2187 5532 enim
2244 5478 2469 5551 verbu_m
2512 5476 2658 5551 istud
2710 5476 2761 5529 in
2826 5492 2961 5530 voce
3018 5475 3231 5551 passiva
3300 5475 3406 5551 hinc
3452 5486 3617 5551 sensu

2045 5557 2368 5615 usurpatur.
2406 5547 2481 5600 De
2516 5546 2582 5600 iis
2622 5554 2828 5607 autem.
2874 5562 2994 5613 qua:
3019 5544 3388 5615 obtinereltic
3424 5544 3623 5615 praeei-

2046 5611 2212 5687 pitur,
2249 5617 2454 5687 videsis
2512 5617 2828 5686 synodalem
2885 5611 3457 5687 decisionent_Sergii
3526 5627 3620 5687 pa:

2045 5680 2300 5761 triarclta:
2347 5680 2953 5761 Constantinopnlitani
3002 5686 3163 5761 Δπερὶ
3235 5682 3455 5761 δωρεών
3523 5680 3618 5761 καὶ

2038 5759 2349 5831 ἀποδόσεων
2408 5756 2518 5831 τῷν
2568 5751 2947 5831 μονασῗτηρίων
2997 5751 3616 5831 ἣᾼφροντιστηρίωνηὶιιι

2040 5829 2191 5881 Juris
2218 5823 2646 5882 (hirco-Romani
2694 5823 2916 5891 lib."ttt,
2960 5823 3170 5895 p.205,
3206 5823 3295 5877 ubi
3331 5825 3491 5877 etiam
3530 5823 3619 5877 hic

2040 5905 2150 5967 ipse
2170 5916 2344 5955 canon
2370 5900 2592 5955 citatur.
