3984 6474
393 382 506 458 699

481 523 502 556 ι
534 503 717 560 ctione
769 501 949 575 major
996 512 1103 570 est,
1153 506 1208 561 in
1260 507 1535 563 nonnullis
1587 517 1765 564 autem
1819 508 2028 564 locis'A

475 615 498 651 ι
527 597 881 666 cognovimus
909 597 1196 667 quosdam,
1233 602 1324 669 qui
1364 617 1430 655 ex
1461 611 1651 656 sancto
1710 609 1765 655 et
1797 601 1947 656 salu-

473 706 496 742 ι
531 691 633 744 tari
690 690 1018 761 baptismate
1076 692 1317 747 infantes
1369 693 1708 763 suscipiunt,
1756 703 1947 763 postea

473 799 493 832 ι
529 797 762 850 quoque.
795 798 918 837 cum
969 784 1232 838 matribus
1266 785 1483 838 illorum
1526 785 1708 840 viduis
1756 786 1950 839 matri-

472 889 490 922 ι
531 873 773 924 monium
807 872 1171 929 contrahere:
1213 874 1524 938 statuimus,
1558 883 1616 928 ut
1657 876 1712 929 in
1769 888 1954 945 poste-

474 979 493 1012 ι
531 977 649 1014 rum
681 961 816 1015 nihil
877 963 970 1017 fiat
999 965 1290 1035 ejusmodi.
1353 966 1408 1020 Si
1462 968 1552 1036 qui
1594 978 1774 1020 autem
1829 977 1952 1036 post

475 1071 492 1102 σ
529 1061 849 1121 praesentem
911 1070 1176 1111 canonem
1229 1057 1330 1112 hoc
1387 1058 1562 1113 facere
1629 1059 1950 1136 deprehensi

475 1160 494 1192 ι
531 1143 751 1206 fuerint,
784 1146 819 1200 ii
861 1147 1079 1216 quidem
1109 1134 1286 1215 primo
1320 1150 1388 1204 ab
1418 1150 1607 1204 illicito
1641 1134 1954 1207 istiusmodi

481 1252 510 1284 ιε
539 1237 887 1291 matrimonio
907 1240 1203 1293 desistant:
1240 1241 1430 1297 deinde
1475 1243 1951 1305 etfornicatorum

480 1343 499 1377 ι
538 1329 713 1396 pceuis
739 1330 1119 1399 subjiciuntur.
1161 1350 1180 1384 ι
1318 1334 1360 1380 ι’
1481 1328 1488 1332 ’

477 1593 674 1648 BALS.
735 1596 982 1656 Prmsens
1050 1617 1226 1658 canon
1306 1605 1698 1664 fornicatorum
1780 1614 1958 1682 pinnis

407 1685 626 1755 subjicit
661 1704 775 1754 eos,
810 1693 902 1759 qui
968 1709 1097 1750 suas
1137 1709 1464 1756 commatres
1500 1702 1689 1758 viduas
1731 1705 1784 1758 in
1842 1722 1958 1760 ma-

406 1780 643 1832 trimooii
667 1782 977 1837 societatem
996 1787 1288 1855 accipiunt:
1307 1790 1605 1848 decernens
1627 1795 1723 1849 has
1741 1813 1958 1867 quoque

407 1885 529 1923 esse
560 1872 899 1931 divellendas
929 1888 1118 1932 contra
1151 1882 1295 1951 leges
1344 1897 1658 1944 contractas
1712 1893 1956 1961 nuptias.

408 1959 672 2016 Existimo
733 1981 880 2036 ergo,
941 1971 1086 2039 quod
1147 1973 1236 2028 ille
1295 1977 1514 2044 quidem
1568 1959 1960 2038 fornicatorum

409 2054 584 2119 pmnis
613 2056 956 2123 subjicietur.
989 2062 1078 2131 qui
1105 2064 1171 2117 ah
1196 2081 1260 2120 eo
1285 2065 1426 2121 malo
1458 2072 1706 2138 protinus
1732 2077 1963 2142 recedit,

409 2152 460 2194 et
496 2143 544 2196 id
582 2135 891 2205 confitetur.
925 2151 1027 2218 Qui
1080 2156 1224 2209 enim
1271 2158 1321 2210 in
1371 2171 1594 2227 peccato
1635 2177 1962 2235 perseverat,

409 2236 570 2287 etiam
604 2236 831 2294 fortasse
868 2242 1168 2313 plus-quam
1207 2248 1264 2312 ii,
1294 2252 1384 2319 qui
1409 2260 1968 2326 cumconsauguineis

413 2342 525 2378 rem
552 2328 770 2392 habent,
795 2335 1069 2400 punietur.
1115 2337 1257 2408 Lege
1293 2354 1625 2410 poStremnm
1687 2349 1964 2406 decretum

293 2485 316 2496 ἢ
412 2417 608 2471 decimi
644 2424 838 2491 capitis
895 2428 1068 2495 quinti
1120 2431 1259 2485 tituli
1320 2436 1561 2490 vicesimi
1614 2444 1792 2497 octavi
1844 2445 1966 2500 libri

415 2509 634 2567 Basilic.
673 2516 906 2582 positum
958 2520 1009 2574 in
1061 2525 1301 2580 secundo
1349 2535 1743 2587 commentario
1791 2539 1966 2606 quinti

413 2600 608 2654 decimi
636 2606 778 2659 tertii
817 2609 962 2663 tituli
1004 2617 1292 2680 praesentis
1327 2620 1530 2685 operis.
1565 2621 1700 2676 Cum
1739 2600 1852 2680 haec
1893 2627 1968 2682 ita

415 2707 474 2745 se
507 2692 758 2761 habeant,
795 2701 1163 2767 quaesiverunt
1219 2711 1486 2776 nonnulli,
1512 2713 1577 2766 ad
1606 2731 1764 2784 quem
1798 2735 1970 2780 usque

414 2782 642 2850 gradum
682 2787 735 2839 in
794 2789 1061 2858 ejusmodi
1093 2796 1362 2865 spirituali
1425 2782 1744 2870 cognatione
1785 2811 1972 2863 matri-

417 2876 660 2930 monium
714 2881 1094 2961 prohibeatur.
1142 2889 1206 2942 Et
1257 2895 1504 2948 nonnulli
1568 2897 1789 2966 quidem
1823 2899 1974 2962 dixe-

420 2970 568 3034 runt,
607 2972 749 3040 quod
785 2978 1038 3044 quoniam
1068 2996 1133 3033 ex
1169 2998 1379 3038 canone
1415 2997 1469 3040 ct
1508 3003 1571 3042 ex
1633 2991 1748 3061 lege
1801 2995 1973 3064 major

418 3064 503 3111 est
532 3061 827 3128 spiritualis
859 3071 1117 3136 cognatio
1167 3077 1485 3141 cognatione
1543 3082 1770 3145 carnali,
1809 3061 1974 3138 debe-

425 3164 547 3201 mus
589 3166 650 3205 ea
683 3157 832 3223 sequi
858 3174 979 3226 qua:
1039 3165 1336 3218 constituta
1376 3177 1504 3236 sunt
1546 3168 1612 3223 de
1661 3173 1974 3230 carnalibus

427 3243 633 3310 nuptiis
692 3249 1009 3315 prohibitis.
1061 3253 1450 3325 Compluribus
1505 3272 1684 3316 autem
1737 3281 1842 3320 non
1898 3267 1970 3322 ita

423 3333 599 3388 visum
625 3345 731 3400 est,
762 3341 855 3394 sed
907 3342 972 3396 ad
1031 3360 1125 3400 eas
1167 3349 1312 3403 solas
1373 3367 1659 3418 personas,
1694 3372 1813 3424 quae
1860 3360 1976 3430 lege

423 3428 795 3489 continentur.
843 3433 1112 3500 ejusmodi
1157 3443 1535 3508 cognationem
1587 3449 1976 3516 extenderunt,

427 3527 480 3569 et
550 3523 972 3588 prohibitionem
1009 3528 1392 3588 ‘intentarunt.
1454 3535 1722 3592 Vicesima
1775 3554 1966 3610 quarta

429 3623 560 3662 vero
611 3613 957 3682 imperatoris
1007 3619 1212 3674 domini
1266 3623 1460 3680 Leonis
1520 3629 1826 3700 philosophi
1876 3649 1966 3688 no-

427 3702 597 3766 vella,
624 3721 744 3773 qua:
788 3717 936 3764 vetat
987 3712 1273 3783 adoptatus
1330 3720 1684 3777 matrimonio
1722 3727 1979 3797 conjungi

427 3807 552 3845 cum
592 3797 782 3852 liberis
833 3801 956 3870 ejus
1009 3806 1100 3874 qui
1153 3806 1592 3878 adoptavit,.hiec
1622 3815 1763 3870 circa
1818 3817 1979 3890 finem

431 3884 639 3942 inducit
669 3906 682 3942 :
714 3891 819 3947 Sed
878 3895 970 3962 qui
1020 3897 1146 3951 olim
1201 3901 1418 3967 quidem
1477 3920 1584 3959 non
1635 3886 1979 3968 convenienti

431 3976 640 4033 ratione
663 3991 747 4035 est
776 3984 1087 4066 adoptatus,
1121 3989 1286 4044 etiam
1335 3993 1379 4046 si
1416 4003 1576 4065 turpe
1594 3997 1719 4065 quid
1752 4009 1804 4055 et
1829 4001 1983 4058 inde-

428 4081 618 4122 corum
692 4071 855 4127 habet
927 4079 1356 4163 matrimonium,
1421 4101 1526 4139 nou
1597 4097 1778 4144 tamen
1835 4093 2008 4161 quod.

427 4169 618 4216 contra
672 4165 818 4232 leges
858 4166 1063 4235 fecerit,
1118 4180 1352 4229 tenetur.
1403 4175 1558 4232 Nunc
1614 4192 1792 4237 autem
1852 4200 1979 4240 cum

425 4249 576 4317 justo
592 4262 644 4306 et
665 4257 1005 4313 convcnienti
1037 4262 1139 4316 ritu
1171 4265 1265 4319 fiat.
1294 4265 1534 4335 ad0ptio,
1565 4279 1620 4324 et
1643 4287 1737 4339 per
1762 4289 1978 4330 sacrum

344 4413 354 4424 κ
435 4346 746 4412 mysterium
782 4348 834 4402 hi
862 4352 1082 4420 quidem
1141 4357 1207 4410 ad
1265 4369 1574 4426 parentum,
1608 4363 1685 4416 illi
1731 4380 1861 4421 vero
1913 4369 1980 4423 ad

431 4433 660 4490 ﬁliorum
691 4439 938 4495 ordinem
973 4443 1260 4515 locumque
1296 4449 1672 4508 deducantur:
1729 4472 1834 4510 non
1863 4458 1976 4528 jam

1523 419 1546 432 -
1637 393 1844 454 ΤΗΕο
1857 394 1922 453 o.
1964 353 2366 454 BALSAMON

3537 381 3658 446 700

2135 524 2154 556 ι
2199 505 2466 575 οἰκειότης
2496 506 2595 573 τῆς
2625 502 2734 556 τῶν
2762 500 3028 571 σωμάτων
3063 500 3375 566 συναφείας
3411 513 3426 528 ο
3466 496 3659 564 ῑγνω-

2133 617 2152 650 ι
2205 615 2304 668 μεν
2351 599 2425 653 δὲ,
2451 597 2509 650 ἐν
2551 614 2660 648 τισι
2707 596 2893 657 τόποις
2921 592 3074 656 τινὰς
3101 594 3165 646 ἐκ
3195 592 3290 644 τοῦ
3327 589 3505 655 ἁγίου
3551 589 3660 642 καὶ

2135 708 2154 740 ι
2202 689 2573 760 σωτηριὼδους
2611 688 2988 758 βαπτίσματος
3041 684 3239 742 παῖδας
3287 680 3659 750 ἀναδεχομέ-

2139 801 2157 834 ι
2203 800 2365 845 νους,
2405 783 2508 834 καί
2550 781 2688 851 μετὰ
2734 779 2892 832 τοῦτο
2935 780 3053 839 ταῖς
3101 776 3334 829 ἐκείνων
3395 773 3662 843 μητράσι

2143 894 2161 928 ι
2186 874 2564 944 -χηρευούσαις
2598 871 2832 940 γαμικὸν
2863 870 3346 929 συναλλάσσοντας
3389 863 3664 962 συνοικέ-

2141 987 2159 1018 t
2207 984 2322 1020 σιον
2350 984 2364 998 ·
2404 965 2657 1036 ὁρίζομεν
2684 965 2788 1016 ἀπὸ
2819 961 2912 1015 τοῦ
2943 962 3209 1031 παρόντος
3245 958 3432 1028 μηδὲν
3460 958 3668 1007 τοιοῦο

2139 1081 2157 1114 ι
2203 1079 2294 1114 τον
2345 1059 2672 1130 πραχθῆναι.
2705 1059 2766 1110 Εἰ
2794 1057 2851 1109 δέ
2888 1071 3032 1118 τινες
3071 1053 3206 1123 μετὰ
3253 1052 3353 1104 τὸν
3394 1049 3667 1116 παρόντα

2142 1177 2161 1210 ι
2206 1155 2405 1209 κανόνα
2458 1151 2762 1222 φωραθεῖεν
2819 1147 2978 1199 τοῦτο
3038 1144 3366 1205 ποιοῦντες,
3432 1154 3672 1208 πρωτο-

2140 1267 2160 1300 ι
2205 1248 2388 1308 τύπως
2440 1244 2537 1314 μὲν
2581 1245 2631 1295 οί
2672 1240 2904 1294 τοιοῦτοι
2959 1236 3398 1307 ἀφιστάσθωσαν
3470 1247 3667 1309 συνοι-

2143 1361 2161 1394 ι
2207 1342 2392 1394 κεσίου
2449 1338 2689 1392 τοιούτου
2749 1335 2844 1390 τοῦ
2903 1333 3219 1403 παρανόμου
3252 1347 3267 1361 ·
3329 1327 3546 1380 ἔπειτα
3606 1320 3672 1374 δὲ

2144 1457 2162 1490 ι
2207 1438 2302 1491 καὶ
2338 1438 2450 1498 τοῖς
2479 1434 2590 1488 τῶν
2626 1432 2999 1503 πορνευόντων
3049 1426 3353 1496 ἐπιτιμίοις
3400 1417 3668 1483 ὑποϐλη-

2145 1546 2166 1580 ι
2212 1528 2487 1596 θήτωσαν.
2527 1543 2546 1575 ι
3238 1525 3242 1536 ⁸

2139 1608 2332 1672 ΒᾹΛΣ.
2373 1617 2434 1669 '0
2465 1612 2656 1683 παρὼν
2684 1611 2863 1667 κανὼν
2907 1607 3204 1675 ἐπιτιμίοις
3250 1601 3670 1675 πορνευόντων

2069 1711 2356 1766 ὑποϐάλλει
2401 1709 2528 1770 τοὺς
2578 1707 2676 1768 τὰς
2727 1703 3048 1764 συντέκνους
3081 1699 3258 1752 αὐτῶν
3290 1694 3669 1766 χηρευούσας

2068 1808 2147 1868 είς
2179 1806 2358 1871 γάμου
2393 1801 2678 1855 κοινωνίαν
2703 1797 3080 1867 λαμϐάνοντας
3107 1791 3499 1860 διοριζόμενος
3539 1787 3672 1840 δια-

2068 1895 2304 1949 σπᾶσθαι
2337 1893 2432 1946 καὶ
2475 1892 2566 1945 τὸν
2599 1891 2916 1959 παράνομον
2949 1877 3145 1955 γάμον.
3180 1884 3390 1950 υίομαι
3426 1875 3530 1933 οὖν
3577 1879 3664 1930 ὅτι

2067 1961 2269 2051 ἐκεῖνος
2302 1986 2611 2054 ἐπιτιμίοις
2665 1976 3038 2052 ⁴διορνευόντων
3083 1975 3570 2044 ὑποϐληθήσεται,
3633 1971 3664 2022 ὁ

2069 2082 2299 2150 ἑτοίμως
2325 2076 2691 2146 ἀφιστάμενος
2719 2074 2813 2127 τοῦ
2845 2071 3041 2132 κακοῦ,
3073 2069 3169 2122 καὶ
3191 2062 3668 2133 ¹ἐρίξομολιηόύμεψ

2069 2189 2180 2234 νος.
2217 2170 2279 2223 Ὀ
2327 2170 2433 2237 γὰρ
2473 2166 2746 2235 ἐπιμένων
2778 2166 2844 2234 τῇ
2891 2163 3137 2231 ἁμαρτίᾳ
3193 2160 3286 2211 καὶ
3322 2157 3479 2224 ὑπὲρ
3528 2152 3664 2214 τοὺς

2071 2260 2430 2332 αίμομίκτους
2483 2257 2666 2326 σχεδὸν
2719 2248 3303 2342 κολασθήσεταιὲκαὶ
3351 2243 3666 2342 ,ἀνάγνωθι

2071 2353 2131 2404 τὸ
2179 2351 2483 2404 τελευταῖον
2530 2347 2670 2415 θέμα
2719 2345 2810 2398 τοῦ
2863 2351 2892 2398 ι’
2926 2361 3051 2411 κειρ.
3087 2337 3179 2393 τοῦ
3219 2338 3258 2390 ε’
3309 2336 3506 2391 τίτλου
3562 2349 3661 2386 του

2074 2441 2158 2510 κη’
2190 2441 2395 2510 βιϐλίου
2423 2439 2536 2493 τῶν
2571 2436 2897 2500 Βασιλικῶν,
2949 2429 3336 2501 καταστρωθὲν
3396 2427 3486 2485 είς
3536 2423 3664 2491 σχό-

2073 2537 2185 2589 λιον
2237 2535 2280 2603 β’
2317 2532 2412 2585 τοῦ
2471 2537 2511 2584 ε’
2550 2547 2675 2598 κεφ.
2727 2527 2820 2580 τοῦ
2884 2524 2950 2594 ιγ’
3001 2523 3180 2578 τίτλου
3237 2519 3334 2574 τοῦ
3373 2515 3664 2587 παρόντος

2076 2629 2469 2695 συντάγματος.
2524 2621 2740 2674 Τούτων
2785 2618 2960 2679 οὕτως
3021 2616 3276 2685 ἐχόντων,
3342 2607 3659 2709 ἠρῶ-ξηράν

2074 2719 2426 2785 τινες’μέχρι
2473 2716 2638 2767 πόσου
2689 2711 2896 2782 βαθμοῦ
2947 2710 3040 2763 ἐπὶ
3086 2706 3188 2775 τῆς
3233 2703 3381 2758 κατὰ
3431 2703 3660 2767 πνεῦμα

2076 2809 2333 2877 τοιαύτης
2363 2805 2680 2874 συγγενείας
2718 2806 2745 2856 ό
2777 2803 2950 2871 γάμος
2981 2799 3268 2854 κωλύεται.
3327 2795 3448 2847 Καὶ
3507 2791 3658 2852 τινὲς

2081 2903 2178 2972 μὲν
2212 2898 2366 2952 εἷπον
2411 2899 2508 2960 ὡς.
2563 2896 2683 2951 ἐπεὶ
2729 2895 2824 2947 καὶ
2875 2893 2983 2946 ἀπὸ
3013 2890 3106 2944 τοῦ
3151 2891 3379 2984 κανόνος
3401 2884 3512 2984 Ακαὶ
3544 2879 3656 2984 ἀπὸ

2077 2993 2169 3047 τοῦ
2199 2993 2361 3062 νόμου
2395 2991 2592 3061 μείζων
2631 2990 2662 3058 ἡ
2693 2984 3034 3054 πνευματικὴ
3066 2980 3362 3050 συγγένειά
3398 2979 3523 3030 ἐστι
3552 2979 3656 3039 τῆς

2079 3082 2220 3136 κατὰ
2251 3083 2430 3151 σάρκα
2467 3077 2809 3146 συγγενείας,
2843 3073 3127 3143 ὀφείλομεν
3155 3068 3484 3124 ἀκολουθεῖν
3536 3064 3654 3126 τοῖς

2080 3172 2482 3242 νομοθετηθεῖσι
2532 3170 2691 3238 χάριν
2737 3166 2844 3219 τῶν
2903 3161 3183 3234 σαρκικῶν
3239 3155 3656 3226 κεκωλυμένων

2078 3267 2289 3334 γάμων.
2340 3263 2463 3322 Τοῖς
2517 3257 2722 3311 πλείοσι
2749 3257 2807 3310 δὲ
2835 3254 2994 3308 τοῦτο
3025 3253 3124 3306 οὐκ
3153 3249 3350 3349 ἔδοξεν,
3417 3245 3539 3300 ἀλλ’
3575 3247 3656 3349 είς

2083 3358 2216 3429 μόνα
2269 3356 2336 3408 τὰ.
2392 3353 2654 3423 πρόσωπα
2705 3349 2774 3401 τὰ
2805 3346 2882 3415 τῷ
2915 3348 3063 3415 νόμῳ
3120 3340 3501 3414 περιεχόμενα
3551 3340 3650 3402 τὴν

2077 3449 2334 3517 τοιαύτην
2363 3446 2678 3512 συγγένειαν
2708 3441 2800 3495 καὶ
2828 3439 3120 3504 ἐξέτειναν,
3149 3436 3242 3488 καὶ
3267 3433 3369 3528 τὴν
3405 3429 3654 3528 mitium?

2080 3541 2380 3594 ὲπέτειναν.
2418 3538 2483 3589 Ἠ
2515 3535 2698 3605 μέντοι
2725 3532 2801 3586 κδ’
2827 3530 3012 3597 Νεαρὰ
3039 3528 3133 3582 τοῦ
3163 3525 3429 3597 βασιλέως
3463 3525 3649 3591 Κυροῦ

2081 3633 2304 3694 Λέοντος
2337 3628 2430 3682 τοῦ
2457 3605 2773 3693 Φιλοσόφου,
2820 3624 3106 3678 κωλύουσα
3135 3621 3260 3681 τοὺς
3289 3612 3651 3690 υίοθετουμέ-

2082 3739 2207 3786 νους
2255 3723 2388 3790 πρὸς
2439 3722 2680 3791 γαμικὴν
2709 3719 2926 3790 ὁμιλίαν
2977 3703 3344 3768 συνάπτεσθαι
3399 3711 3516 3770 τοῖς
3554 3703 3649 3756 τοῦ

2082 3814 2537 3886 υίοθετησαμένου
2574 3814 2778 3878 παισὶν,
2797 3811 2990 3876 ἐπάγει
3021 3806 3150 3876 περὶ
3175 3805 3237 3857 τὸ
3264 3802 3419 3865 τέλος
3449 3797 3645 3854 ταῦτα.

2093 3908 2258 3962 Ἀλλὰ
2311 3907 2479 3959 πάλαι
2509 3906 2632 3976 -μὲν
2688 3905 2762 3973 μὴ
2811 3901 2951 3954 κατὰ
2997 3900 3152 3966 λόγον
3211 3890 3648 3961 υίοθετουμένων

2082 3999 2448 4069 προσήκοντα,
2482 3999 2530 4049 εί
2579 3987 2683 4049 καί.¹
2722 3996 2750 4046 ό
2784 3993 2958 4063 γάμος
3004 3991 3116 4060 ἔχει
3152 3986 3386 4086 πως-τὸ
3410 3981 3645 4086 Αάδοξονὶ,

2081 4092 2232 4160 ὅμως
2271 4089 2392 4158 οὐχὶ
2435 4087 2528 4141 καὶ
2561 4085 2904 4157 παρανομίας
2954 4084 3227 4178 ιίινέχεταιΓ
3405 4077 3464 4132 δὲ
3504 4077 3646 4178 κατὰ

2084 4183 2282 4253 θεσμὸν
2333 4179 2621 4250 γινομένης
2671 4179 2766 4232 καὶ
2814 4178 3089 4245 πρέποντα
3139 4172 3232 4226 καὶ
3283 4171 3496 4223 δίκαιον
3548 4171 3648 4234 τῆς

2083 4275 2462 4345 υἱοθετήσεως,
2512 4275 2606 4325 καὶ
2659 4270 2748 4324 διὰ
2787 4268 3008 4338 τελετῆς
3047 4267 3208 4359 Ῠίεράς
3257 4263 3364 4359 τῶν
3420 4262 3522 4359 μὲν
3566 4257 3648 4359 είς

2082 4367 2285 4437 γονέων
2326 4364 2478 4428 τάξιν
2512 4362 2946 4430 καθισταμένων,
2993 4358 3100 4410 τῶν
3135 4356 3208 4409 ’δὲ
3259 4355 3338 4417 είς
3382 4354 3485 4424 τὴν
3536 4354 3644 4402 τῶν

2086 4460 2310 4523 παίδων,
2354 4455 2535 4509 οὒκέτι
2583 4451 2960 4522 περιλείπεται
2987 4449 3144 4516 λόγος
3173 4449 3253 4509 είς
3285 4446 3464 4513 γάμον
3513 4458 3642 4494 συν-

431 4535 600 4581 restat
641 4531 779 4585 ratio
800 4534 906 4586 ulla
955 4535 1026 4590 ob
1085 4552 1246 4606 quam
1287 4539 1380 4593 filii
1427 4542 1667 4612 adoptivi
1699 4561 1820 4601 cum
1854 4549 1975 4604 ﬁliis

2091 4549 2351 4603 ἅπτεσθαι
2379 4550 2491 4610 τοῖς
2520 4547 2658 4599 κατὰ
2691 4547 2851 4612 φύσιν
2875 4542 2969 4596 τοῦ
2999 4537 3456 4610 υίοποιησαμένου
3481 4529 3643 4586 παισὶ

431 4619 773 4674 naturalibus
819 4623 938 4690 ejus
989 4625 1084 4694 qui
1132 4627 1408 4702 adoptavit
1461 4635 1809 4692 matrimonio
1843 4635 2011 4709 jun-‘

429 4720 641 4776 gantur.
701 4713 989 4770 Saucimus
1047 4732 1195 4786 ergo,
1259 4736 1610 4793 nequaquam
1646 4727 1810 4783 licere
1857 4745 1976 4794 eos.

429 4801 521 4868 qui
588 4801 814 4859 fratrum
868 4822 1068 4861 nomen
1127 4809 1209 4864 sic
1257 4812 1568 4882 subierunt,
1620 4817 1980 4878 fraternitatis

433 4907 630 4949 nomen
653 4898 895 4967 conjugii
922 4900 1141 4956 nomine
1170 4914 1524 4961 commutare.
1571 4908 1708 4962 Nota
1759 4925 1890 4981 ergo
1913 4927 1978 4967 ex

2083 4639 2206 4699 τοὺς
2235 4635 2574 4705 υἱοποιητοὺς
2604 4635 2817 4696 παῖδας.
2855 4631 3153 4702 Τοιγαροῦν
3182 4630 3275 4680 καὶ
3300 4626 3632 4693 θεσπίζομεν

2088 4723 2350 4794 μηδαμῶς
2395 4724 2588 4788 ἐξεῖναι
2613 4724 2736 4784 τοὺς
2759 4720 2928 4785 οὕτως
2978 4717 3383 4791 ὑποϐεϐηκότας
3422 4716 3484 4768 τὸ
3524 4726 3637 4764 των

2085 4816 2327 4884 ἀδελφῶν
2371 4817 2540 4885 ὄνομα
2571 4815 2705 4884 πρὸς
2729 4814 2789 4865 τὸ
2819 4815 2915 4884 τῆς
2947 4811 3206 4879 συζυγίας
3241 4810 3363 4862 ἀντὶ
3409 4807 3505 4861 τοῦ
3537 4805 3635 4870 τῆς

2085 4907 2440 4977 ἀδελφότητος
2493 4903 2954 4974 μεθαρμόζεσθαι.
3016 4901 3325 4972 Σημείωσαι
3377 4897 3471 4950 οὖν
3527 4892 3632 4947 ἀπὸ

1695 5041 2238 5124 Guill.Beveregii
2269 5050 2454 5103 notas.

413 5163 596 5248 ’σμιον
643 5181 737 5254 καὶ
770 5181 1062 5254 εύπρεπὲς,
1102 5186 1180 5249 είς
1224 5185 1382 5246 ὅσους
1429 5185 1520 5238 καὶ
1549 5183 1610 5238 τὸ
1644 5184 1702 5243 ἐξ
1747 5185 1978 5254 αἵματος

433 5251 774 5336 συγγενίέας.
807 5251 1010 5336 gemet.
1034 5254 1283 5336 Chomat.
1324 5257 1458 5336 nep).
1518 5254 1742 5336 βαθμῶν
1778 5251 1978 5336 συγγε-

432 5324 601 5382 νείας.
641 5321 946 5384 Quinetiam
986 5325 1124 5394 leges
1153 5327 1280 5393 ipsa:
1336 5321 1528 5380 civiles
1566 5335 1816 5379 statuunt
1871 5321 1980 5391 spi-

333 5440 341 5449 ,
433 5393 683 5445 ritualeru
715 5395 850 5444 hanc
877 5393 1054 5462 magis
1086 5411 1243 5462 quam
1274 5396 1546 5448 carnalem
1599 5396 1976 5463 cognationem

433 5463 832 5515 matrimonium
865 5463 1144 5529 impedire.
1195 5463 1533 5517 Envidelicet
1559 5481 1779 5532 persona
1810 5467 1980 5518 omni-

433 5533 590 5584 modo
624 5532 691 5602 ad
721 5533 929 5596 nuptias
961 5535 1127 5586 venire
1173 5534 1506 5599 prohibenda,
1555 5552 1710 5602 quam
1760 5537 1974 5599 aliquis,

431 5603 538 5653 sive
579 5600 795 5652 alumna
847 5602 935 5665 sit,
987 5606 1089 5657 sive
1144 5619 1265 5664 non,
1297 5621 1325 5654 (ι
1371 5600 1706 5657 sacrosancto
1749 5607 1974 5667 suscepit

431 5670 761 5743 baptismate.
788 5669 918 5724 Cum
955 5673 1080 5743 nihil
1113 5675 1258 5724 aliud
1285 5674 1359 5725 sic
1394 5675 1637 5727 inducere
1662 5683 1853 5742 potest,
1881 5689 1977 5736 pa-

433 5748 632 5791 ternam
663 5742 984 5812 affectionem
1009 5753 1058 5795 et
1082 5744 1290 5812 justam
1333 5743 1636 5810 nuptiarum
1667 5745 1976 5810 prohibitio-

431 5825 567 5878 nem,
585 5826 741 5878 quam
762 5811 1061 5884 hujusmodi
1084 5811 1270 5882 irritus,
1297 5830 1388 5885 per
1416 5830 1564 5884 quem
1589 5813 1697 5870 Dea
1719 5815 1977 5883 mediante

2079 5185 2269 5237 animm
2295 5201 2474 5238 eorum
2505 5185 2759 5247 copulata:
2795 5192 2938 5237 sunt.
2966 5183 3004 5236 1.
3043 5197 3191 5247 xxvi,
3225 5195 3276 5238 c.
3311 5181 3376 5235 de
3405 5178 3626 5248 nuptiis.

2079 5255 2215 5308 Hinc
2237 5252 2475 5306 Joannes
2507 5257 2800 5322 episcolius
2839 5253 2992 5333 (_3itri_
3019 5261 3163 5305 recte
3203 5254 3484 5333 observat,
3517 5260 3620 5333 tam

2078 5323 2323 5392 politicas
2354 5339 2514 5402 quam
2562 5323 3124 5402 ecclesiasticasleges
3166 5323 3620 5402 statuissenspirj:

2079 5385 2274 5446 iualem
2299 5385 2674 5463 cognationem
2700 5395 2902 5446 carnali
2929 5385 3188 5463 potiorem
3221 5409 3360 5445 esse.
3395 5385 3623 5463 _'E7:st_5ij

2076 5463 2175 5529 τὴν
2201 5464 2343 5514 κατὰ
2369 5455 2617 5529 ’πνεῦμα
2661 5455 2976 5529 συγγένειάν
3034 5460 3317 5530 κρείττονα
3368 5455 3502 5530 εἶναι
3528 5456 3619 5520 τῆς

2081 5527 2366 5600 σαρκικῆς,
2396 5532 2488 5584 καὶ
2510 5527 2557 5584 oi
2583 5527 2917 5599 φιλευσεϐεῖς
2954 5527 3105 5598 νόμοι
3159 5531 3252 5582 καὶ
3279 5532 3326 5581 oi
3355 5527 3486 5597 ἱεροὶ
3533 5539 3624 5574 κα-

2080 5602 2230 5664 νόνες
2255 5601 2436 5665 σαφῶς
2486 5603 2943 5669 γνωματεύουσιν.
2974 5601 3133 5673 Joatt.
3167 5615 3255 5673 ep.
3289 5601 3616 5673 CitLrespMI-
3664 5659 3674 5673 .

2083 5675 2149 5724 ad
2177 5673 2456 5724 Constant.
2493 5667 2724 5725 Cabasd.
2758 5675 3016 5738 interrog.
3057 5671 3090 5724 5
3125 5672 3177 5722 in
3205 5667 3333 5724 ’Jur.
3369 5667 3459 5719 Gr.
3483 5667 3618 5717 Itom-

2084 5742 2119 5793 Ι.
2154 5756 2204 5803 v,
2235 5757 2286 5807 p.
2318 5742 2444 5795 525.
2474 5741 2626 5806 Quod
2653 5743 2817 5797 etiam
2839 5757 2866 5795 a
2897 5739 3214 5798 Balsamone
3259 5739 3319 5805 in
3367 5740 3505 5793 hunc
3536 5744 3648 5785 ρετ

2084 5826 2280 5868 nonem
2333 5813 2675 5868 observatur.

2285 5900 2298 5930 l
