3984 6474
1298 164 1326 180 ό

238 320 365 385 ’105

1286 323 1365 382 ΙΝ
1406 323 1565 384 CAN.
1613 323 1737 385 LIV
1765 323 1981 388 CONC.
2024 324 2106 385 ΙΝ
2146 323 2466 385 TRULLO.

3395 320 3504 387 706

329 452 353 489 ι
398 435 491 489 καὶ
516 435 594 508 τῷ
641 436 995 508 ἀδιαγνὼστῳ
1034 438 1130 507 τῆς
1156 436 1264 489 τῶν
1319 437 1573 509 ἀθέσμων
1636 438 1827 509 γάμων

2005 459 2024 491 σ
2075 449 2253 496 tarum
2300 444 2613 513 nuptiarum
2661 441 2978 512 prohibitio.
3020 441 3259 511 seipsam
3306 448 3501 494 natura

326 546 350 581 ι
400 530 827 599 ἀπαγορεύσεως
859 530 1055 603 ἑαυτὴν
1100 533 1133 602 ἡ
1173 531 1335 603 φύσις
1369 532 1611 602 συνέχεε,
1647 532 1824 585 συνεί-

325 637 347 669 ι
401 620 566 691 δομεν
624 621 961 693 γυμνότερον
1015 623 1084 676 τά
1143 623 1272 694 περὶ
1294 624 1486 676 τούτου
1548 622 1828 688 ἐκθέσθαι,

324 732 343 762 ι
400 712 681 782 ὁρίζοντες
710 712 819 766 ἀπὸ
845 712 937 767 τοῦ
983 714 1074 767 νῦν
1122 713 1215 768 τὸν
1240 718 1303 786 τῇ
1345 716 1521 786 οἰκείᾳ
1560 713 1829 786 ὲξαδέλφῃ

325 822 346 854 ι
404 805 540 871 πρὸς
564 806 743 874 γάμου
780 806 1067 859 κοινωνίαν
1101 798 1504 877 συναπτόμενον
1534 808 1587 880 (ἢ
1619 809 1832 877 πατέρα

320 916 340 945 ι
394 888 491 949 καῖ
512 898 622 949 υίξν
646 897 840 971 μητέρι
859 900 953 951 καὶ⁷
977 898 1227 969 θυγατρὶ,
1258 899 1289 969 ἦ
1314 900 1432 952 δυσὶ
1465 900 1655 969 κόραις
1682 900 1833 953 ἀδελ-

320 1007 341 1037 (
392 991 519 1056 φαῖς
545 990 758 1060 πατέρα
795 990 895 1043 καὶ
926 992 1064 1053 υἱὸν,
1122 994 1156 1062 ἢ
1182 992 1428 1061 ἀδελφοῖς
1472 994 1593 1046 δυσὶ
1619 993 1833 1065 μητέρα

322 1095 343 1126 ι
395 1079 501 1130 καὶ
545 1078 839 1147 θυγατέρα,
870 1079 901 1150 ἢ
932 1080 1195 1149 ἀδελφοὺς
1236 1082 1327 1134 δύο
1349 1082 1499 1134 δυσὶν
1552 1083 1831 1155 ἀδελφαῖς)

320 1182 341 1213 ι
396 1165 501 1216 ὑπὸ
529 1166 620 1218 τὸν
644 1166 743 1235 τῆς
771 1168 1061 1233 ἑπταετίας
1093 1170 1312 1223 πίπτειν
1344 1172 1563 1237 κανόνα,
1594 1175 1831 1241 ἀφισταρ

324 1272 347 1305 ι
402 1257 580 1325 μένων
610 1259 787 1313 αὐτῶν
814 1260 1093 1332 προδήλως
1121 1262 1212 1315 τοῦ
1239 1265 1556 1335 παρανόμου
1581 1282 1831 1320 συνοικεη

324 1364 346 1399 ‹
399 1348 571 1405 σίου.»

320 1437 527 1494 ΒΑΛΣ.
555 1438 734 1504 Τινὲς,
769 1439 847 1511 τῷ
907 1446 1007 1504 πς·’
1040 1440 1228 1496 κανόνι
1269 1440 1362 1494 τοῦ
1397 1442 1634 1514 μεγάλου
1668 1442 1833 1496 Βασι-

245 1529 404 1585 λείου
432 1529 732 1601 χρώμενοι,
759 1532 1161 1603 ἀπαριθμοῦντι
1186 1534 1396 1604 γάμους
1417 1535 1832 1606 κεκωλυμένους

246 1622 337 1674 διά
389 1623 738 1691 συγγένειαν,
778 1624 964 1693 ἔλεγον
993 1628 1199 1688 πάντας
1235 1627 1362 1689 τοὺς
1406 1626 1558 1697 παρά
1605 1626 1831 1691 τούτους

250 1716 571 1781 ἀκωλύτους
622 1713 785 1795 εἶναι.¹
830 1718 1001 1774 Τοῦτο
1041 1715 1132 1773 οὖν
1176 1720 1574 1791 ἀνατρέποντες
1613 1721 1661 1775 οί
1697 1720 1830 1775 θεῖοι

2013 551 2030 583 ι
2074 531 2344 597 confudit,
2369 533 2525 586 nobis
2553 532 2729 586 visum
2758 541 2843 587 est
2868 547 2929 587 ea
2953 532 3114 602 paulo
3143 531 3388 602 apertius
3412 545 3505 585 ex-

2014 641 2033 675 ι
2080 638 2303 691 ponere,
2334 624 2401 676 ab
2434 622 2536 677 hoc
2573 620 2833 691 deinceps
2861 631 3103 693 tempore
3136 623 3501 687 decernendo,

2013 733 2034 768 ι
2076 724 2134 769 ut
2161 714 2252 785 qui
2283 728 2407 768 cum
2450 712 2634 767 fratris
2667 715 2750 767 sui
2795 713 2902 767 ﬁlia
2948 714 3282 768 matrimonii
3318 714 3500 769 socie-

2016 825 2035 859 ι
2077 814 2238 861 tatem
2295 806 2504 872 coierit,
2565 805 2670 879 (vel
2724 816 2878 877 pater
2924 816 2978 861 et
3022 790 3204 874 ﬁlius,
3239 807 3331 877 qui
3374 821 3499 861 cum

2015 915 2034 950 ι
2077 908 2252 952 matre
2279 907 2334 951 et
2366 897 2496 961 ﬁlia,
2525 882 2605 950 vel
2647 912 2770 951 cum
2811 896 3022 951 duabus
3054 898 3249 966 puellis
3300 898 3502 952 sorori~

2012 1009 2031 1042 ι
2076 989 2200 1057 bus,
2236 1000 2389 1060 pater
2416 997 2468 1043 et
2508 990 2672 1046 ﬁlius.
2710 990 2790 1043 vel
2817 1004 2940 1043 cum
2965 988 3178 1045 duobus
3214 989 3500 1056 fratribus,
3572 982 3573 985 “

2014 1101 2033 1134 ι
2082 1092 2255 1136 mater
2287 1092 2340 1137 et
2371 1082 2501 1149 ﬁlia,
2537 1081 2619 1136 vel
2653 1080 2848 1136 fratres
2883 1081 2990 1134 duo
3016 1096 3139 1135 cum
3174 1082 3388 1137 duabus
3413 1096 3504 1137 so-

2015 1184 2037 1230 r’
2073 1177 2307 1247 roribus)
2346 1178 2415 1230 ’in
2465 1178 2731 1245 septennii
2792 1190 3075 1251 canonem‘
3104 1174 3372 1240 incidant,
3432 1174 3507 1231 iis

2015 1288 2034 1320 ι
2075 1275 2261 1339 aperte
2291 1268 2559 1339 separatis
2584 1282 2613 1321 a
2645 1265 2854 1325 nefario
2885 1260 3267 1325 Contubernio.
3298 1287 3318 1322 ι

2007 1444 2202 1501 BALS.
2237 1444 2473 1512 Quidam
2521 1444 2589 1501 86
2625 1446 2809 1515 magni
2851 1446 3040 1501 Basilii
3086 1461 3296 1503 canone
3343 1458 3505 1505 uten-

1936 1546 2042 1604 tes,
2082 1539 2177 1610 qui
2206 1539 2426 1609 nuptias
2455 1546 2681 1609 propter
2722 1524 3103 1609 cognationem
3144 1542 3339 1596 vetitas
3363 1556 3503 1596 enu-

1937 1637 2134 1694 merat,
2168 1629 2640 1685 dicebantoumes
2669 1628 2804 1681 alias
2843 1626 2929 1681 his
2966 1628 3210 1696 exceptis
3234 1641 3342 1681 non
3378 1642 3503 1683 esse
3568 1656 3571 1663 ·

1939 1721 2269 1792 prohibitas.
2317 1719 2497 1775 Divini
2531 1735 2658 1791 ergo
2704 1721 2894 1773 Patres
2948 1719 3052 1773 hoc
3093 1719 3500 1786 subvertentes,

256 1808 522 1877 Πατέρες,
558 1809 775 1880 πρῶτον
808 1812 907 1881 μὲν
936 1809 1089 1865 εἷπον
1116 1813 1297 1865 πᾶσαν
1322 1812 1652 1891 συγγενικὴν
1690 1830 1823 1877 συν-

1933 1814 2167 1884 primum
2200 1811 2420 1883 quidem
2454 1812 2711 1866 dixerunt
2752 1827 2969 1866 omnem
3019 1827 3144 1866 cum
3177 1825 3278 1866 sua
3301 1826 3499 1884 cogna~

254 1903 454 1969 άφειαν
483 1903 791 1958 κωλύεσθαι
822 1904 909 1958 διὰ
942 1904 1036 1959 τοῦ
1061 1903 1356 1959 Μωσαῖκοῧ
1388 1904 1553 1975 νόμου
1584 1904 1678 1958 τοῦ
1717 1904 1836 1958 δια·

254 1993 650 2064 λαμϐάνοντος,
693 2016 713 2048 ι
752 1998 866 2053 Ούκ
918 1996 1200 2069 εἰσελεύσῃ
1229 1998 1363 2070 πρὸς
1414 1999 1591 2052 πάντα
1635 1999 1835 2052 οἰκεῖον

257 2086 464 2156 σαρκός
498 2104 590 2140 σου
614 2089 965 2156 ἀποκαλύψαι
998 2089 1388 2161 ἀσχημοσύνην
1436 2088 1600 2143 αὐτοῦ
1624 2105 1639 2120 ο
1670 2108 1689 2142 ι
1714 2084 1834 2143 εἶτα

258 2180 825 2252 ύπεραπολογούμενοι
893 2181 1081 2253 ὥσπερ
1124 2182 1222 2236 τοῦ
1278 2183 1536 2260 ῥηθέντος
1591 2183 1832 2255 μεγάλου

270 2271 494 2342 Πατρδς,
530 2274 811 2343 ἐπήγαγον
835 2274 933 2340 ὡς,
980 2275 1029 2327 εί
1061 2274 1159 2330 καὶ
1206 2276 1280 2345 μὴ
1311 2276 1490 2346 ῥητῶς
1514 2276 1541 2326 ὁ
1577 2274 1833 2346 θεοφόρος

268 2355 420 2427 οὗτος
472 2365 659 2437 Πατὴρ
710 2367 769 2419 ὲν
827 2369 942 2432 τοῖς
973 2367 1198 2429 οἰκείοις
1226 2368 1416 2420 κανόσι
1452 2367 1664 2431 πάντας
1706 2369 1834 2431 τοὺς

261 2457 469 2509 κεκωλυ
476 2460 670 2527 μένους
690 2464 1049 2529 συγγενικοὺς
1064 2460 1275 2530 γάμους
1291 2460 1555 2529 διέλαϐεν,
1575 2460 1691 2515 ἀλλ’
1709 2461 1833 2515 ἐπεὶ

256 2548 477 2613 τούτους
509 2551 855 2621 ἀκαθάρτους
884 2553 1186 2624 ὠνόμασεν,
1212 2554 1288 2618 ὡς
1338 2556 1831 2626 ἀπηγορευμένους

249 2640 340 2693 διὰ
365 2642 469 2713 τὴν
519 2644 840 2712 συγγένειαν
890 2646 1050 2717 κοινῷ
1102 2647 1245 2718 λόγῳ
1278 2651 1486 2712 πάντας
1527 2650 1830 2719 συμπεριέ-

248 2732 405 2795 λαϐε,
440 2735 652 2789 καὶδιά
690 2738 951 2808 ῥημάτων
985 2738 1181 2807 ὀλίγων
1227 2739 1338 2808 (58)
1384 2740 1445 2793 ού
1488 2740 1647 2810 μόνον
1705 2741 1831 2804 τοὺς

252 2826 746 2898 ἀπαριθμηθέντας
800 2829 1097 2899 ἐκώλυσεν,
1136 2832 1273 2886 ἀλλά
1338 2833 1432 2886 καὶ
1466 2834 1673 2895 πάντας
1702 2833 1829 2895 τοὺς

253 2916 359 2968 ἀπὸ
408 2919 734 2986 συγγενείας
768 2924 1199 2992 καταγομένους.
1227 2924 1335 2977 Καί⁷
1358 2925 1419 2977 οὐ
1454 2925 1559 2995 χρὴ
1590 2924 1716 2988 τοὺς
1763 2924 1832 2977 δι’

253 3009 547 3063 εὐλάϐειαν
587 3011 662 3082 μὴ
710 3012 1131 3083 ὲκφωνηθέντας
1170 3015 1487 3079 ἀκωλύτους
1531 3016 1857 3084 κατονομά-.

252 3101 467 3165 ζεσθαι.
492 3106 586 3156 Διὸ
614 3107 708 3158 κα)⁵
730 3105 936 3175 ὥρισαν
960 3106 1170 3179 γάμους
1201 3107 1471 3178 ἀθέσμους
1513 3104 1652 3162 εἶναι
1678 3107 1828 3161 τόνδε

248 3192 347 3244 καὶ
368 3194 541 3247 τόνδε·
565 3194 921 3265 προσθέμενοι
937 3197 1062 3261 τοὺς
1082 3198 1481 3270 ἀφισταμένους
1501 3198 1679 3253 αὐτῶν
1699 3215 1831 3269 προ-

246 3285 442 3356 δήλως,
468 3286 709 3339 τουτέστι
729 3288 865 3357 μετά
880 3289 1334 3359 ἐξομολογήσεως,
1346 3291 1423 3361 τῷ
1435 3292 1528 3361 τῆς
1546 3291 1830 3351 ἑπταετίας

248 3378 437 3430 κανόνι
468 3379 827 3448 ἐπιτιμᾶσθαι
846 3397 860 3411 ο
887 3378 961 3444 ὡς
994 3378 1131 3435 εἷναι
1162 3382 1319 3453 δῆλον
1350 3384 1708 3452 σφοδρότερον
1738 3401 1829 3436 κο-

250 3470 514 3535 λάζεσθαι
539 3472 665 3534 τοὺς
692 3471 768 3544 μὴ
801 3473 1209 3544 ἀφισταμένους
1249 3474 1468 3545 ῥᾳδίως,
1493 3474 1631 3527 ἀλλά
1662 3492 1830 3529 κατα-

252 3564 641 3633 κρινομένους.
677 3564 847 3617 Τοῦτο
875 3565 981 3636 γὰρ
1007 3565 1366 3635 ἀναφαίνεται
1387 3567 1494 3619 ἀπὸ
1516 3566 1624 3620 τῶν
1646 3569 1827 3637 ῥημάη

252 3673 364 3708 των
426 3654 517 3708 τοῦ
594 3656 818 3717 κανόνος
876 3658 986 3709 τῶν
1046 3657 1351 3726 λεγόντωνο
1418 3659 1871 3732 Ἀφισταμένωνι

252 3747 433 3823 αὐτῶν
468 3748 755 3820 προδήλως
786 3748 881 3803 τοῦ
912 3751 1234 3822 παρανόμου
1271 3754 1632 3808 συνοικεσίου.
1674 3754 1827 3808 Ἐπεὶ

249 3842 307 3895 δὲ
336 3841 465 3912 περὶ
492 3843 887 3914 κεκωλυμένων
908 3844 1103 3913 γάμων
1146 3844 1479 3915 πλατύτερον
1503 3847 1826 3917 ἐγράψαμεν

256 3938 335 3993 εἰς
365 3937 429 3989 τὸ
462 3936 508 4007 β’
570 3953 695 4005 κεφ.
730 3935 827 3990 τοῦ
855 3934 924 4005 ιγ’
964 3936 1146 3991 τίτλον
1168 3936 1262 3990 τοῦ
1294 3938 1562 4009 παρόντος
1593 3940 1825 4007 συντάγ-

256 4043 442 4092 ματος,
474 4025 747 4096 ἀνάγνωθι
772 4027 930 4087 τοῦτο
960 4029 1054 4083 καὶ
1075 4028 1145 4081 τά
1172 4030 1230 4081 ὲν
1253 4028 1400 4099 αύτῷ
1422 4029 1823 4103 χρησιμώτατα

257 4118 398 4175 ὄντα.
1498 4148 1509 4161 .

316 4213 566 4266 ΖΩΝΛΡ.
608 4210 669 4265 '0
695 4213 867 4282 μέγας
891 4213 1189 4280 Βασίλειος,
1223 4214 1518 4285 ἐρωτηθεὶς
1542 4218 1588 4270 εἰ
1611 4215 1824 4271 δύναιτό

250 4322 330 4367 τις
362 4305 505 4376 μετά
524 4303 750 4373 θάνατον
779 4305 876 4374 τῆς
909 4305 1044 4369 ἰδίας
1087 4306 1318 4377 σομϐίου
1349 4312 1414 4378 τῇ
1444 4308 1647 4380 ἀδελφῇ
1681 4309 1825 4362 ὲκεί-

254 4417 345 4468 νης
377 4396 770 4462 συνάπτεσθαι,
800 4396 1151 4469 ἀπηγόρευσε
1180 4397 1358 4453 τοῦτο.
1392 4400 1500 4452 Καὶ
1529 4399 1665 4467 πρὸς
1691 4400 1820 4464 τοὺς

1938 1907 2085 1961 tione
2127 1904 2571 1973 conjunctionetn
2612 1903 2891 1973 prohiberi
2934 1919 3046 1975 per
3085 1902 3376 1961 Mosaicam
3424 1904 3499 1961 le-

1888 2030 1891 2031 ν
1933 2013 2076 2070 gem,
2124 2013 2245 2068 quae
2294 1997 2373 2052 sic
2414 1997 2574 2052 habet
2611 2015 2624 2051 :
2664 1994 2779 2051 Non
2813 1995 3139 2066 ingredieris
3169 1997 3249 2073 ad.
3276 2012 3497 2052 onmem

1934 2090 2398 2161 consanguineum
2460 2089 2642 2145 carnis
2702 2101 2804 2145 tuze
2856 2088 2920 2143 ad
2971 2090 3314 2146 revelandam
3377 2093 3501 2160 ejus

1934 2181 2367 2254 turpitudinem:
2408 2180 2629 2249 deinde,
2665 2182 2833 2236 veluti
2873 2183 3190 2252 praedictum
3237 2199 3495 2254 magnum

1934 2273 2150 2328 Patrem
2183 2270 2575 2355 defendentes,
2629 2272 3053 2360 subiunxerunt,
3097 2273 3243 2344 quod
3274 2275 3495 2331 etiamsi

1932 2380 2040 2420 non
2073 2350 2326 2437 expresse
2368 2367 2454 2421 hic
2486 2350 2711 2420 divinus
2734 2367 2898 2422 Pater
2934 2368 2989 2421 in
3032 2368 3147 2423 suis
3190 2368 3497 2424 canonibus

1932 2471 2124 2513 omnes
2162 2467 2391 2528 propter
2456 2460 2836 2529 cognationem
2906 2459 3228 2515 interdictas
3279 2462 3499 2530 nuptias

1932 2550 2432 2620 comprehenderit,
2464 2550 2562 2606 sed
2597 2551 2860 2623 quoniam
2897 2552 2997 2607 has
3037 2552 3282 2623 impuras
3317 2555 3499 2609 nomi-

1932 2643 2103 2706 navit,
2145 2650 2204 2696 ut
2234 2657 2354 2712 qua:
2384 2642 2496 2697 sint
2530 2651 2752 2713 propter
2778 2644 3158 2713 cognationem
3184 2644 3496 2716 prohibitae,

1936 2748 2126 2788 omnes
2165 2731 2442 2786 communi
2488 2731 2701 2787 ratione
2730 2732 3179 2800 comprehendit,
3213 2741 3269 2788 et
3305 2734 3501 2804 paucis

1930 2824 2112 2880 verbis
2153 2839 2262 2878 non
2307 2822 2482 2879 solum
2523 2832 2874 2878 enumeratas
2916 2824 3234 2890 prohibuit”,
3291 2826 3388 2880 sed
3439 2835 3497 2880 et

1928 2931 2119 2973 omnes
2143 2931 2262 2986 quae
2295 2931 2325 2970 a
2356 2909 2683 2987 cognatione
2705 2915 3074 2970 deducuntur.
3124 2915 3236 2970 Nec
3282 2925 3499 2986 Oportet

1929 3008 2037 3063 dici
2065 3006 2159 3063 eas
2192 3022 2299 3067 non
2330 3021 2452 3061 esse
2477 3005 2781 3097 prolilibitas
2821 3020 2941 3075 quae
2978 3016 3198 3076 propter
3230 3022 3498 3062 verecun-

1931 3100 2078 3155 diam
2109 3114 2219 3154 non
2249 3107 2378 3155 sunt
2410 3112 2706 3168 expressa.
2752 3097 2820 3151 Et
2858 3099 2982 3157 ideo
3028 3099 3356 3155 deﬁnierunt
3387 3102 3497 3155 illi-
3586 3122 3593 3139 ιη

1933 3191 2071 3246 citas
2103 3200 2157 3246 et
2193 3188 2436 3258 nefarias
2471 3187 2693 3259 nuptias
2718 3203 2839 3244 esse
2866 3188 2964 3244 has
2995 3200 3047 3245 et
3069 3189 3199 3257 has;
3250 3190 3353 3247 hoc
3394 3191 3496 3247 ad-

1926 3286 2094 3354 jecto,
2151 3282 2318 3352 quod,
2370 3281 2462 3354 qui
2492 3282 2560 3337 ab
2590 3280 2699 3338 illis
2742 3291 2928 3353 aperte
2969 3282 3264 3352 desistunt,
3315 3284 3368 3339 id
3411 3292 3499 3341 est

1929 3392 2053 3433 cum
2086 3376 2435 3433 confessione
2457 3415 2472 3441 ,
2514 3384 2569 3431 et
2614 3376 2735 3430 sine
2758 3374 3216 3431 condemnatione
3239 3414 3257 3444 ,
3291 3393 3356 3432 ex
3403 3391 3491 3431 se-

1930 3469 2138 3540 ptennii
2174 3482 2384 3523 canone
2408 3467 2760 3538 puniuntur;
2805 3476 2863 3521 ut
2894 3467 3243 3523 manifestum
3287 3470 3360 3523 sit
3398 3484 3498 3526 eos

1928 3563 2307 3618 vehementius
2339 3560 2553 3631 punire,
2587 3559 2678 3630 qui
2722 3574 2829 3614 non
2872 3558 3032 3615 facile
3070 3559 3363 3625 desistunt,
3397 3563 3494 3616 sed

1928 3653 2390 3709 condemnantur.
2419 3649 2534 3704 Hoc
2561 3651 2705 3704 enim
2740 3659 2964 3723 apparet
3011 3666 3077 3705 ex
3119 3652 3301 3707 verbis
3329 3668 3499 3708 cano-

1927 3746 2036 3812 nis,
2070 3758 2189 3816 quae
2218 3745 2440 3799 dicunt:
2472 3742 2567 3798 His
2591 3754 2774 3814 aperte
2810 3741 3200 3799 desistentibus
3224 3758 3254 3798 a
3283 3744 3497 3801 nefario

1926 3836 2312 3896 contubernio.
2366 3836 2637 3902 Quoniam
2693 3842 2875 3890 autem
2923 3834 2990 3889 de
3042 3836 3222 3890 vetitis
3282 3838 3489 3907 nuptiis

1925 3928 2074 3984 aliud
2101 3926 2427 3998 scripsimus
2479 3925 2533 3979 in
2569 3925 2625 3993 2,
2659 3939 2782 3992 cap.
2817 3926 2873 3990 5,
2902 3925 2985 3981 tit.
3022 3927 3305 3997 praesentis
3357 3943 3491 3997 ope—

1925 4024 2027 4086 ris,
2075 4020 2127 4075 id
2174 4020 2311 4089 lege,
2344 4027 2399 4074 et
2434 4034 2557 4087 quae
2595 4017 2651 4072 in
2698 4018 2874 4087 ipsum
2914 4018 3123 4087 scripta
3160 4027 3290 4072 sunt
3333 4018 3493 4089 longe

1926 4114 2230 4170 utilissima.

1994 4202 2249 4262 ZONART
2277 4206 2412 4262 Cum
2444 4206 2510 4262 de
2539 4220 2736 4275 magno
2770 4205 2972 4263 Basilio
3009 4210 3298 4280 quaesitum
3322 4217 3489 4276 esset,

1922 4314 1990 4354 au
2040 4296 2237 4353 marito
2273 4296 2771 4365 defunctreuxoris
2814 4295 2917 4349 sibi
2964 4296 3313 4351 matrimonio
3365 4296 3480 4365 jun-

1902 4391 2082 4468 ‘gendi
2116 4390 2348 4445 facultas
2376 4397 2545 4453 esset,
2579 4389 2669 4443 ille
2701 4404 2831 4443 vero
2866 4390 3084 4460 negavit
3107 4388 3292 4443 licere.
3326 4388 3488 4455 Tum,

258 4487 305 4538 τὸ
334 4486 580 4561 ἐναντίον
621 4485 950 4555 φρονοῦντας
1003 4489 1219 4558 γράψας
1271 4489 1364 4541 τὸν
1412 4491 1610 4542 οίκεῖον
1664 4490 1821 4561 λόγον

1930 4483 2193 4539 adversus
2225 4495 2320 4536 eos
2347 4480 2441 4551 qui
2472 4495 2633 4536 secus
2670 4480 3041 4551 opinabantur
3065 4479 3342 4544 scribens,
3366 4496 3493 4533 sen-

174 4630 178 4633 e
256 4578 609 4645 γενναιότατα
638 4578 1032 4643 κατεσκεύασε,
1063 4580 1156 4631 κάὶ
1188 4579 1352 4645 ἀξίως
1387 4579 1480 4633 τοῦ
1505 4580 1700 4650 βάθους
1721 4582 1819 4653 τῆς

251 4670 486 4733 διανοίας
537 4670 729 4727 αὐτοῦ..
772 4664 903 4723 Εἶτα
955 4672 1050 4724 καί
1077 4688 1237 4724 τινων
1278 4671 1533 4742 ἀθέσμων
1568 4674 1815 4744 ἐμνήσθη

253 4762 444 4832 γάμων
478 4761 575 4814 καὶ
630 4762 1115 4833 ἀπηγορευμένων,
1164 4765 1291 4826 τοὺς
1338 4763 1533 4828 ἀλλους
1588 4764 1667 4835 τῷ
1715 4764 1818 4834 τῆς

248 4855 596 4924 ἀκαθαρσίας
625 4836 846 4924 όνόματι
897 4854 1346 4925 συμπαραλαϐὼν
1370 4855 1464 4907 καὶ
1487 4856 1818 4928 παραδηλῶ-

250 4964 371 5010 σας.
424 4946 493 4999 Ἦ
529 4947 587 5000 δὲ
637 4950 766 5016 περὶ
812 4945 1021 5001 τούτων
1074 4945 1303 5017 διαταγὴ
1340 4947 1400 4999 ἐν
1445 4949 1557 5011 τοῖς
1596 4948 1819 5002 κανόσιν

250 5037 553 5108 ἡρίθμηται
582 5038 676 5091 τοῦ
705 5038 1006 5107 θεολήπτου
1039 5037 1249 5109 Πατρὸς
1284 5036 1639 5109 ὀγδοηκοστὸς
1661 5038 1817 5103 ἕκτος

252 5123 386 5182 οὖσα
410 5127 590 5181 κανών
626 5126 761 5199 (59).
797 5126 982 5199 Τούτῳ
1001 5122 1095 5181 οὖν
1126 5126 1204 5198 τῷ
1233 5126 1419 5180 κανόνι
1440 5126 1583 5190 τινὲς
1613 5144 1817 5200 κεχρη-

1924 4574 2143 4631 tentiam
2202 4588 2380 4637 suam,
2450 4587 2548 4643 pro
2603 4586 2665 4625 ea
2702 4588 2808 4642 qua
2848 4572 2984 4626 mire
3030 4571 3246 4625 valebat
3287 4571 3486 4642 ingenii

1923 4663 2261 4743 praestantia,
2315 4664 2529 4734 egregie
2571 4660 2934 4715 conﬁrmavit.
2984 4660 3112 4716 lude
3154 4676 3305 4724 vero,
3358 4676 3483 4715 cum

1926 4756 2237 4825 nuptiarum
2271 4769 2469 4824 genera
2496 4755 2740 4825 quaedam
2768 4753 2980 4824 legibus
3014 4752 3304 4808 interdicta
3330 4753 3484 4824 sigil-

1924 4849 2072 4903 latitn
2115 4855 2600 4903 commemorasset
2628 4883 2644 4908 ,
2693 4846 2901 4913 reliqua
2930 4845 3124 4901 deinde
3156 4860 3266 4899 uno
3309 4842 3486 4912 impu-

1920 4942 2099 4997 ritatis
2141 4941 2404 4994 vocabulo
2433 4937 2753 5009 complexus
2782 4945 2866 4993 est
2898 4946 2951 4993 et
2980 4938 3263 4993 indicavit.
3309 4938 3487 5007 Atque

1919 5033 2034 5089 haec
2061 5033 2280 5103 quidem
2329 5032 2407 5085 sic
2449 5046 2479 5086 a
2512 5031 2697 5085 divino
2734 5031 2891 5087 Patre
2921 5031 3212 5086 constituta
3240 5030 3483 5100 ejusdem

1920 5124 2256 5195 octagesimo
2310 5130 2466 5179 sexto
2512 5136 2722 5177 canone
2761 5122 3035 5191 explicata
3087 5122 3352 5192 reperias.
3406 5121 3485 5176 Eo

1472 5243 1668 5306 Guill.
1702 5242 2033 5323 Beveregii
2068 5244 2257 5301 u‘otee.

318 5347 432 5418 (58)
472 5348 580 5403 Kal
607 5347 704 5402 διὰ
726 5348 1009 5417 ῥημάτων
1034 5347 1273 5418 ὀλίγων.
1340 5345 1465 5418 Haec
1516 5362 1692 5417 usque
1740 5348 1808 5403 ad

253 5417 513 5471 ἀλλὰκαὶ
553 5420 606 5471 in
640 5434 745 5474 ms.
790 5417 1223 5471 Amerhaehiauo
1271 5417 1672 5471 desiderantur.

322 5490 432 5555 (59)
453 5487 883 5557 Ὀγδοηκοστός
907 5488 1079 5552 ἕκτος
1102 5481 1260 5557 οὖσα
1291 5486 1506 5540 κανών.
1531 5486 1620 5542 Sic
1645 5488 1807 5541 etiam

256 5556 541 5615 Balsamon
572 5560 717 5612 hunc
748 5560 921 5612 sancti
948 5556 1128 5611 Basilﬁ
1152 5572 1413 5611 canonetn
1450 5567 1629 5617 vocat,
1658 5558 1811 5611 vide-

257 5630 378 5684 licet
409 5630 804 5698 octogesimum
857 5626 1277 5698 sextum,ftiam
1303 5627 1355 5680 in
1386 5641 1489 5698 ms.
1542 5629 1810 5698 Amcrba-

258 5702 479 5761 chiano;
516 5694 607 5752 u'bi
630 5708 819 5757 tamen
860 5701 913 5752 in
964 5699 1065 5751 hoc
1102 5694 1327 5750 Zonarze
1384 5696 1504 5750 loco
1550 5697 1809 5751 scribitur

258 5768 611 5841 ὀγδοηκοστὸς
639 5767 843 5835 ὄγδοος.
878 5767 941 5822 Et
973 5766 1190 5841 quidem
1225 5766 1277 5819 in
1302 5770 1513 5841 nostra
1551 5766 1651 5819 hac
1693 5769 1811 5821 edi-

268 5836 413 5897 tione
449 5854 721 5896 canonum
769 5841 944 5896 sancti
984 5836 1187 5902 Basilii,
1221 5837 1314 5908 qui
1339 5836 1425 5892 hic
1468 5837 1690 5905 citatur,
1724 5853 1806 5893 reo

1917 5359 2046 5401 vera
2074 5354 2160 5400 est
2193 5338 2566 5411 octogesimus
2598 5348 2843 5397 octavus.
2877 5339 2933 5396 In
2976 5339 3274 5396 Parisiensi
3294 5350 3477 5396 autem

1914 5415 2160 5472 editione
2217 5412 2398 5466 nullus
2446 5412 2623 5466 cuivis
2686 5427 2750 5467 ex
2808 5412 2929 5467 istis
2983 5411 3289 5466 canonibus
3342 5414 3481 5466 ultra

1916 5484 2311 5553 octogesimum
2344 5482 2592 5551 quintum
2643 5496 2908 5537 numerus
2965 5481 3282 5553 apponitur,
3327 5480 3478 5551 quod

1919 5550 2169 5609 mendum
2222 5550 2373 5607 esse
2402 5567 2467 5605 ex
2505 5555 2605 5606 hoc
2638 5553 2756 5621 ipso
2796 5553 2913 5606 loco
2945 5550 3183 5605 constat.
3243 5550 3316 5604 Ex
3344 5550 3483 5619 pra--

1916 5626 2100 5680 missis
2137 5637 2289 5678 error
2313 5622 2481 5679 etiam
2514 5624 2569 5677 in
2598 5623 2839 5677 Aristeui
2871 5624 3100 5678 scltoliis
3126 5623 3176 5674 in
3201 5622 3478 5688 epitomeu

1916 5697 2083 5764 hujus
2120 5693 2347 5764 canonis
2384 5692 3076 5764 deprehenditur;quippe
3101 5690 3299 5764 quibus
3338 5689 3483 5764 ιξϐδο⁹

1892 5850 1897 5855 ⁵
1912 5760 2188 5889 ﬁgi-tm
2206 5763 2416 5834 ὃγδοον,
2437 5760 2693 5823 mendose
2715 5760 2989 5820 scribitur
3002 5760 3099 5834 pro
3119 5760 3476 5831 ὀγδοηκοστὸν

1947 5836 2115 5907 γδοον.
