3984 6474
451 288 559 354 ’107

1714 272 1988 333 ΤΗΕΟΙ),
2035 269 2440 332 BALSAMON

2204 190 2243 209 κ

3632 257 3745 322 708

448 399 619 471 igitur
650 408 860 452 canone
885 392 1105 464 quidam
1154 396 1372 445 utentes
1413 399 1750 455 quaecunque
1786 400 1856 437 eo
1895 385 2014 437 loco

2169 385 2290 447 ἐνοι,
2346 381 2473 442 τοὺς
2522 380 2596 451 μὴ
2632 377 3122 448 ἀπηριθμημένους
3174 376 3241 426 ὲν
3295 369 3467 438 αὐτῷ
3529 370 3748 437 γάμους

449 492 655 562 nuptiae
713 488 861 541 inter
912 480 1202 540 damnatas
1269 494 1620 549 nequaquam
1683 486 2019 531 enumerata:

453 584 693 645 fuerant,
734 578 951 634 easdem
985 575 1141 646 quasi
1172 587 1465 629 concessas
1495 585 1764 640 usurpare
1799 569 1904 638 ipsi
1939 568 2022 620 ni-

448 678 724 734 tehantur,
762 671 1073 738 violataque
1114 676 1326 722 naturae
1370 667 1489 736 lege
1528 680 1651 719 cum
1697 663 2022 733 propinquis

447 767 687 820 coibant.
718 764 948 817 Proinde
979 763 1128 815 illum
1181 775 1448 815 canonem
1486 760 1589 811 hoc
1629 756 1746 809 loco
1780 756 2022 827 synodus

450 859 741 927 spectavit,
803 870 979 924 eaque
1040 856 1252 907 ratione
1302 851 1562 913 adducta,
1625 851 1797 901 multa
1856 847 1909 900 in
1957 861 2022 901 eo

457 960 712 1004 Sanctum
748 944 922 999 virum
981 944 1255 997 silentium
1312 941 1607 995 involvisse
1648 937 1909 1001 defendit,
1957 951 2025 990 ne

449 1042 661 1097 scilicet
712 1040 843 1093 dum
901 1036 1148 1091 damnati
1204 1033 1450 1103 conjugii
1510 1047 1707 1102 genera
1767 1032 2021 1084 universa

380 1198 389 1207 δ
451 1135 825 1205 persequitur,
847 1130 1149 1185 orationem
1178 1143 1338 1182 suam
1366 1126 1659 1191 verborum
1686 1122 2024 1192 turpitudine

451 1225 611 1295 223
661 1223 1000 1292 inquinaret,
1035 1234 1099 1273 ac
1138 1218 1345 1272 idcirco
1378 1214 1678 1286 generatim
1710 1215 1893 1267 omnia
1929 1229 2027 1268 vo-

454 1319 624 1371 luisse
666 1330 773 1369 uuo
808 1311 1145 1382 impuritatis
1182 1310 1410 1380 nomine
1453 1308 1721 1363 indicare.
1762 1306 2023 1375 Singulos

453 1405 652 1461 deinde
709 1404 1003 1459 vetitarum
1076 1402 1393 1470 nuptiarum
1444 1400 1636 1453 modos
1675 1398 1865 1452 Patres
1925 1398 2025 1467 ipsi

452 1508 816 1569 percensent,
848 1513 912 1551 ac
944 1495 1209 1564 ejusmodi
1234 1495 1451 1563 quidem
1484 1493 1738 1563 conjugia
1801 1494 2027 1546 omnino

452 1589 701 1654 dissolvi,
737 1605 798 1643 ea
829 1604 959 1643 vero
989 1590 1082 1659 qui
1122 1587 1467 1650 attentarint,
1509 1583 1781 1655 septenuii
1812 1598 2024 1638 canone

463 1682 644 1751 puniri
667 1680 882 1749 juhent.

455 1771 682 1828 AltlST.
715 1791 732 1823 ι
768 1769 977 1824 Fratris
1036 1767 1202 1821 filium
1228 1754 1355 1823 cum
1381 1766 1567 1822 fratris
1605 1766 1712 1821 filia
1747 1765 2034 1820 matrimo-

533 1883 551 1915 ι
590 1866 677 1917 nia
710 1862 969 1931 conjungi
1005 1876 1113 1914 non
1167 1861 1492 1929 permittes;
1546 1873 1646 1913 nec
1679 1875 1802 1912 cum
1843 1858 1947 1911 lilia
1981 1865 2035 1912 et

534 1975 552 2008 ι
585 1966 779 2019 matre,
812 1955 977 2008 filium
1009 1963 1063 2009 et
1088 1961 1337 2023 patrem:
1394 1967 1494 2006 nec
1520 1962 1749 2015 matrem
1783 1960 1836 2005 et
1871 1951 2033 2003 ﬁliam

534 2070 553 2101 σ
582 2066 702 2104 cum
733 2050 945 2103 duobus
972 2047 1273 2111 fratribus;
1309 2060 1409 2100 nec
1443 2046 1641 2099 fratres
1668 2060 1790 2099 cum
1823 2043 2037 2098 duabus
2092 2108 2099 2121 η

534 2156 556 2191 ι
589 2139 893 2194 sororibus.
918 2137 972 2191 Si
998 2134 1129 2206 quid
1149 2144 1329 2188 autem
1355 2133 1667 2188 istiusmodi
1688 2132 1891 2186 factum
1918 2131 2038 2186 fue-

538 2250 558 2284 ι
592 2232 685 2296 rit,
709 2247 814 2284 una
839 2245 962 2284 cum
992 2227 1327 2282 matrimonii
1361 2226 1724 2281 dissolutione
1750 2226 2039 2295 scptenuio

541 2343 559 2375 ι
592 2323 981 2391 subjicicntur.
1013 2340 1031 2370 ι

533 2416 603 2470 Et
630 2415 943 2484 huiusmodi
964 2412 1219 2482 conjugia
1247 2421 1305 2466 ut
1331 2411 1609 2482 prohibita
1631 2410 2035 2465 dissolventur:

464 2518 521 2563 et
555 2509 646 2577 qui
679 2523 739 2561 ea
772 2505 1288 2572 contrahuntjuxta
1313 2515 1636 2573 praesentem
1662 2514 1717 2556 et
1749 2513 2042 2572 septuage-

467 2601 668 2656 simum
720 2608 976 2652 octavum
1052 2596 1242 2652 Basilii
1290 2595 1475 2665 magni
1519 2610 1817 2658 canonem,
1870 2606 2041 2647 unum

467 2707 674 2745 annum
707 2688 1004 2751 deﬂebunt,
1024 2688 1165 2741 duos
1197 2688 1443 2749 audient,
1471 2696 1581 2740 tres
1600 2685 2042 2749 substernentur,

467 2790 525 2836 et
552 2780 789 2850 septimo
823 2793 933 2832 una
977 2794 1100 2834 cum
1140 2778 1390 2832 fidelibus
1439 2776 1781 2841 consistent;
1835 2786 1889 2831 et
1934 2777 2036 2840 sic,

471 2874 518 2929 si
552 2888 676 2927 cum
726 2871 988 2949 lacrymis
1021 2871 1377 2941 resipiscant,
1427 2870 1630 2924 divinis
1680 2868 2045 2941 sacramentis

471 2967 620 3038 digni
652 2966 1025 3020 habebuntur.

1071 3143 1301 3200 CANON
1340 3144 1449 3199 LV.

480 3257 502 3295 ι
531 3239 797 3306 Quoniam
833 3237 1203 3292 intelleximus
1230 3252 1350 3301 eos,
1396 3234 1489 3305 qui
1524 3243 1651 3290 sunt
1684 3233 1738 3289 in
1772 3232 2050 3289 Romano-

555 3352 574 3384 ι
605 3348 725 3386 rum
764 3333 1009 3396 civitate,
1041 3331 1094 3384 in
1119 3330 1334 3385 sanctis
1357 3326 2049 3398 Quadragcsimmjejuniis

554 3443 573 3476 ι
610 3424 731 3493 ejus
769 3424 1025 3477 Sahhatis
1077 3421 1350 3490 jejunarc,
1388 3431 1583 3490 praeter
1617 3420 2048 3476 ecclesiasticam

554 3534 573 3567 ‹
603 3515 861 3568 traditam
887 3514 1335 3582 consequentiam
1362 3532 1374 3566 :
1411 3521 1613 3567 sancta:
1641 3513 1847 3583 synodo
1879 3513 2050 3566 visutn

555 3626 573 3659 ‹
608 3617 713 3671 est,
748 3614 806 3659 ut
837 3606 890 3659 in
928 3605 1302 3659 Romanorum
1352 3621 1571 3675 quoque
1606 3605 1849 3661 Ecclesia
1882 3605 2055 3660 invio-

555 3718 574 3751 ι
606 3698 841 3752 l’abilitcr
871 3699 1116 3753 obtineat
1146 3712 1350 3760 canon,
1380 3700 1470 3768 qui
1502 3698 1671 3752 dicit':
1706 3697 1761 3751 Si
1794 3698 1917 3768 quis
1945 3698 2056 3754 cle-

560 3805 580 3840 ι
615 3789 765 3841 ricus
816 3786 1071 3839 inventus
1107 3787 1272 3840 fuerit
1319 3786 1374 3840 in
1413 3797 1604 3841 sancto
1642 3786 1930 3843 Dominico
1968 3789 2055 3843 vel

558 3898 576 3931 ι
613 3878 852 3933 Sabbato
881 3879 1154 3949 jejuuare,
1207 3892 1401 3947 praeter
1434 3896 1599 3934 unum
1640 3890 1694 3934 et
1723 3881 1926 3949 solum,
1959 3882 2055 3937 de-

557 3990 578 4025 ι
609 3983 884 4043 ponatur:
919 3973 1004 4025 sin
1037 3980 1216 4027 autem
1242 3971 1440 4037 laicus,
1488 3984 1822 4044 segregetur.
1864 3993 1884 4028 ι

558 4147 752 4204 BALS.
794 4147 933 4202 Tum
970 4155 1193 4219 pmpter
1222 4149 1328 4203 alia
1361 4152 1553 4215 multa,
1588 4162 1705 4205 tum
1735 4153 1897 4207 etiam
1935 4170 2061 4224 pro-

484 4258 608 4316 pter
659 4252 978 4314 prementem
1047 4252 1335 4308 canonem,
1388 4246 1601 4310 dicunt,
1670 4247 1764 4314 qui
1820 4256 2058 4301 veterem

488 4341 714 4393 Romam
740 4339 1013 4402 "incolunt,
1043 4352 1152 4389 non
1182 4353 1306 4390 esse
1340 4346 1584 4391 sanctam
1617 4340 1757 4394 hanc
1788 4342 2057 4412 synodum

486 4430 909 4494 mcumenicam,
938 4431 1081 4484 sicut
1107 4441 1162 4483 et
1190 4432 1243 4482 in
1273 4431 1392 4497 ejus
1417 4434 1684 4500 prommio
1710 4434 2057 4502 scripsimus.

488 4526 773 4597 Tanquam
809 4524 953 4576 enim
988 4521 1192 4575 ferrum
1228 4538 1324 4576 cor
1355 4540 1542 4578 eorum
1574 4528 1833 4594 pervasit,
1863 4542 2063 4595 eosque

490 4620 702 4687 pungit,
737 4626 797 4669 ut
822 4617 917 4685 qui
940 4623 1131 4667 contra
1156 4617 1514 4683 apostolicum
1546 4634 1811 4673 canonem
1840 4618 2064 4684 faciant,

491 4711 584 4778 qui
621 4711 786 4763 dicit:
823 4708 876 4759 Si
906 4707 1032 4775 quis
1059 4706 1297 4761 clericus
1333 4708 1591 4779 iuventus
1652 4711 1819 4764 fuerit
1872 4720 2066 4765 sancto

493 4801 779 4855 Dominico
807 4809 860 4854 et
892 4800 1133 4853 Sahhato
1158 4800 1435 4869 jejunare,
1480 4813 1840 4873 praeterquam
1877 4819 1984 4857 uno
2012 4812 2068 4858 et

493 4883 634 4957 solo,
659 4893 1003 4962 deponatur:
1046 4894 1092 4945 si
1145 4900 1330 4945 autem
1381 4893 1578 4957 laicus,
1631 4904 1969 4964 segregctur.
2026 4895 2066 4949 li

492 5001 625 5053 ergo
661 4986 819 5037 venia
852 4984 1003 5053 digni
1037 4998 1143 5037 non
1179 4994 1328 5050 sunt,
1364 4987 1457 5055 qui
1513 5002 1625 5041 suae
1657 5003 1851 5040 rursus
1890 4989 2071 5056 priva-

496 5089 563 5131 ta:
602 5077 982 5130 constitutioni
1011 5077 1303 5141 inhaerent,
1335 5086 1388 5130 et
1422 5094 1526 5131 non
1561 5080 1739 5135 solum
1780 5080 1831 5131 iu
1864 5089 2068 5133 sancta

452 5175 459 5189 '
496 5169 938 5236 Quadragesimm
960 5167 1220 5223 Sabbatis
1241 5169 1513 5239 jejunant,
1548 5171 1643 5224 sed
1670 5183 1724 5225 et
1754 5172 1805 5224 in
1842 5173 2070 5241 reliquis

496 5260 773 5315 omnibus.
821 5259 933 5328 Ego
963 5270 1142 5314 autem
1177 5263 1288 5316 vidi
1344 5264 1608 5331 quosdam
1658 5261 1906 5328 Latinos,
1954 5264 2068 5332 qui,

497 5368 624 5407 cum
675 5360 965 5420 propterea
1003 5355 1559 5423 reprehenderentur,
1598 5355 1817 5408 inanem
1851 5370 2071 5424 quoque

495 5446 909 5499 excusationem
947 5445 1264 5513 all'erebant,
1304 5449 1373 5503 ad
1406 5457 1660 5503 sanctum
1716 5464 1913 5517 nempe
1967 5449 2071 5502 Do-

499 5538 634 5593 mini
682 5547 737 5592 et
767 5539 1079 5598 Servatoris
1124 5544 1302 5597 nostri
1352 5540 1483 5595 Jesu
1518 5540 1718 5593 Christi
1753 5541 2067 5611 sepulcrum

499 5630 831 5697 aditionem,
865 5641 921 5688 et
954 5634 1097 5704 quod
1130 5634 1296 5704 hujus
1327 5633 1405 5689 rei
1442 5634 1617 5703 gratia
1649 5647 1715 5687 ex
1745 5615 1905 5701 longa
1934 5648 2072 5685 con-

501 5722 793 5781 suetudine
822 5727 1062 5783 obtinuit
1082 5727 1380 5800 jejunium.
1412 5726 1562 5781 Alios
1593 5732 1777 5780 autem
1812 5725 1945 5792 vidi,
1977 5726 2068 5794 qui

2122 477 2197 537 ὡς
2232 474 2585 545 παρανόμους
2614 470 2924 531 ἀκωλύτους
2977 468 3280 531 ἐϐιάζοντο
3338 460 3603 532 φρονεῖν,
3654 465 3752 513 καὶ

2122 568 2219 635 τὴν
2243 566 2401 633 φύσιν
2426 564 2678 634 συνέχεον
2702 564 2986 629 συγγενέσι
3024 561 3407 629 μιγνύμενοι.
3438 555 3547 605 Διά
3576 553 3754 605 ταῦτα

2123 657 2258 728 πρὸς
2309 656 2399 708 τὸν
2442 643 2641 707 κάνόνα
2701 653 2887 706 τοῦτον
2936 652 3158 704 ἀπεῖδεν
3227 649 3265 718 ἡ
3331 646 3594 708 σύνοδος,
3657 650 3755 697 καὶ

2124 746 2476 813 ἀπολογεῖται
2514 743 2613 813 μὲν
2643 745 2732 796 διὰ
2787 742 2840 795 τί
2894 744 2958 795 τὰ
3010 741 3189 794 πλείω
3250 739 3456 807 σιωπῇ
3503 736 3534 786 ὁ
3598 734 3757 802 ἅγιος

2126 838 2492 907 παρέδραμεν⁹
2518 835 2654 898 Ἵνα,
2687 835 2840 903 φησὶ,
2876 835 2949 905 μὴ
2976 835 3066 886 τὸν
3094 834 3272 900 λόγον
3302 825 3687 899 καταρρνπαί
3721 845 3756 900 ῃ

2123 932 2235 990 τοῖς
2296 930 2535 997 ῥήμασιν
2584 928 2814 979 ἕκαστον
2874 928 2981 977 τῶν
3018 926 3296 993 ἀθέσμων
3347 922 3562 989 γάμων
3608 922 3753 971 ἀπα-

2132 1018 2363 1089 ριθμῶνο
2393 1018 2754 1087 περιεκτικῶς
2777 1017 2830 1068 δὲ
2861 1016 2937 1085 τῷ
2962 1017 3059 1084 τῆς
3089 1002 3477 1081 ἀκαθαρσίας
3524 1010 3757 1079 ὀνόματι

2128 1114 2250 1173 τοὺς
2280 1110 2634 1179 παρανόμους
2664 1108 2872 1177 γάμους
2909 1106 3215 1170 ὑπέδειξεν.
3260 1100 3415 1155 Εἶτα
3460 1101 3757 1170 ἐπήγαγον

2127 1204 2177 1255 οἱ
2212 1203 2308 1271 τῆς
2344 1201 2565 1253 συνόδου
2588 1200 2830 1271 Πατέρες
2862 1199 2958 1252 καὶ
3016 1200 3244 1266 γάμους
3297 1194 3623 1264 ἀθέσμους,
3661 1190 3757 1262 ούς

2129 1298 2221 1350 καὶ
2257 1293 2733 1365 ἀπηριθμὴσαντο,
2778 1274 2872 1345 κάξ
2918 1292 3269 1345 διασπᾶσθαι
3297 1288 3411 1358 μὲν
3462 1286 3602 1349 τοὺς
3645 1304 3758 1338 τοι-

2128 1389 2313 1451 ούτους
2375 1388 2587 1458 γάμους
2652 1387 2715 1438 ὲκ
2783 1385 2981 1446 παντὸς
3044 1382 3423 1452 διωρίσαντο,
3505 1378 3640 1440 τοὺς
3700 1377 3755 1430 δὲ

2130 1479 2461 1551 χρανθέντας
2506 1479 2687 1542 αὐτοῖς
2728 1476 2808 1548 τῷ
2850 1476 2949 1547 τῆς
2979 1476 3293 1538 ἑπταετίας
3325 1472 3537 1526 κανόνι
3573 1471 3757 1522 ἐπιτι-

2134 1573 2360 1644 μᾶσθαι.

2057 1731 2107 1790 Β
2136 1755 2357 1807 ΑΡΙΣΤ.
2410 1771 2428 1805 ι
2461 1753 2537 1809 Οὐ
2591 1704 2966 1822 συγχωρήσεις
3018 1747 3305 1821 ἐξαδέλφῃ
3345 1742 3756 1815 ’συζευχθῆναι

2216 1864 2235 1897 ι
2270 1846 2560 1912 ὲξάδελφον
2580 1861 2593 1875 ο
2623 1843 2745 1896 οὐδὲ
2771 1840 3001 1909 θυγατρὶ
3031 1840 3127 1911 καὶ
3159 1838 3289 1891 υἱὸν
3324 1839 3430 1890 καὶ
3493 1836 3720 1905 πατέρα
3739 1850 3753 1865 ’

2219 1958 2238 1990 ι
2276 1939 2398 1992 οὐδὲ
2429 1938 2581 1990 δυσὶν
2614 1936 2864 2003 ἀδελφοῖς
2897 1933 3109 2004 μητέρα
3141 1933 3247 1985 καὶ
3287 1931 3594 1998 θυγατέρα
3611 1943 3640 1981 ,ο
3664 1928 3753 1981 ού-

2214 2051 2232 2084 ι
2269 2031 2324 2084 δὲ
2354 2031 2508 2083 δυσὶν
2536 2030 2795 2099 ἀδελφαῖς
2817 2029 3081 2097 ἀδελφούς
3106 2044 3120 2057 ⁸
3176 2029 3231 2080 εἰ
3268 2026 3330 2078 δέ
3403 2042 3463 2077 τι
3511 2020 3755 2075 τοιοῦτον

2218 2142 2237 2176 ι
2269 2123 2502 2192 γένοιτο,
2539 2122 2677 2193 μετὰ
2705 2124 2802 2192 τῆς
2834 2120 3132 2184 διαλύσεως
3165 2117 3495 2173 ἑπταετίαν
3549 2116 3752 2167 ὑποπι-

2217 2237 2235 2271 ι
2275 2219 2579 2272 πτέτωσαν.
2626 2234 2644 2268 ι

2212 2396 2325 2450 Καὶ
2355 2391 2502 2449 οὗτοι
2525 2397 2571 2449 οἱ
2598 2394 2786 2464 γάμοι,
2818 2395 2893 2458 ὡς
2938 2392 3433 2466 ἀπηγορευμένοι,
3487 2388 3749 2454 διαλυθήι

2145 2506 2328 2542 σονται
2361 2506 2374 2519 ·
2406 2489 2500 2541 καὶ
2522 2490 2570 2541 οἱ
2605 2488 3033 2551 συναλλάξαντες
3060 2488 3265 2549 αὐτοὺς
3294 2486 3453 2538 κατά
3480 2487 3576 2537 τὸν
3610 2500 3748 2552 παρο

2142 2582 2267 2634 όντα
2292 2581 2491 2634 κανόνα
2522 2582 2614 2634 καὶ
2641 2582 2731 2634 τὸν
2771 2582 3168 2652 ὲὸδομηκοστδν
3211 2582 3416 2649 ὃγδοον
3453 2580 3551 2632 τοῦ
3580 2578 3744 2646 μεγάα

2143 2674 2236 2725 λου
2270 2673 2549 2725 Βασιλείου
2580 2673 2821 2725 ἐνιαυτὸν
2871 2674 3349 2743 προσκλαύσουσι,
3400 2672 3618 2725 διετίαν
3651 2671 3742 2719 ur.-

2145 2766 2525 2836 ακροάσονται,
2557 2765 2795 2832 τριετίαν
2834 2765 3259 2829 ὑποπεσοῦνται,
3295 2765 3397 2816 καὶ
3428 2763 3510 2832 τῷ
3533 2760 3740 2828 ἑϐδόμῳ

2149 2859 2504 2926 συστήσονται
2537 2858 2673 2927 μετά
2698 2858 2806 2910 τῶν
2828 2858 3035 2909 πιστῶν
3066 2876 3079 2889 ·
3111 2857 3206 2910 καὶ
3248 2857 3457 2919 οὕτως,
3490 2856 3589 2907 ἐὰν
3612 2854 3741 2921 μετὰ

2147 2948 2399 3018 δακρύων
2425 2950 2823 3019 μετανοήσωσι,
2851 2951 2959 3001 τῶν
2992 2949 3150 3001 θείων
3180 2951 3563 3018 ἀγιασμάτων
3592 2948 3738 3012 ἀξιω-

2150 3039 2428 3111 θήσονται.

2071 3111 2118 3175 C
2735 3133 2967 3188 ΚΔΝΩΝ
2999 3134 3127 3187 ΛΕ’.

2121 3218 2126 3224 ’
2159 3244 2177 3277 ι
2217 3224 2432 3295 Ἐπειδὴ
2472 3224 2872 3294 μεμαθήκαμεν
2898 3227 3024 3289 τοὺς
3058 3229 3114 3279 ὲν
3143 3231 3208 3298 τῇ
3255 3229 3564 3297 Ῥωμαίων
3592 3226 3737 3279 πόλει

2226 3334 2244 3367 ι
2282 3319 2340 3368 ἐν
2366 3319 2486 3379 ταῖς
2513 3316 2695 3383 ἁγίαις
2712 3318 2808 3384 τῆς
2839 3314 3270 3384 Τεσσαρακοσῆς
3303 3318 3595 3386 νηστείαις
3626 3318 3731 3377 τοῖς

2228 3427 2245 3459 ι
2278 3407 2480 3475 ταύτης
2510 3408 2806 3471 Σαϐΰάτοις
2836 3408 3114 3475 νηστεύειν
3149 3408 3306 3479 παρὰ
3334 3410 3441 3478 τὴν
3506 3404 3736 3477 παρέξοι

2225 3519 2243 3551 ι
2284 3499 2470 3552 θεῖσαν
2516 3501 2973 3570 ἑκκλησιαστικὴν
3040 3500 3373 3553 ἀκολουθίαν
3410 3512 3427 3527 ⁶
3478 3497 3623 3577 ἔδοξε
3672 3498 3731 3563 τῇ

2232 3609 2249 3642 ι
2289 3590 2419 3662 ἁγίᾳ
2451 3592 2650 3663 συνόδῳ
2677 3590 2816 3644 ὥστε
2851 3595 3071 3662 κρατεῖν
3096 3597 3189 3645 καὶ
3216 3594 3315 3644 ἐπὶ
3345 3595 3414 3662 τῇ
3455 3591 3734 3658 Ῥωμαίων

2234 3701 2253 3732 ι
2288 3682 2588 3754 Ἐκκλησία
2617 3684 3089 3751 ἀπαρασαλεύτως
3117 3685 3207 3737 τὸν
3235 3684 3475 3747 κανόνα,
3531 3683 3620 3734 τὸν
3652 3681 3733 3733 λέο

2232 3792 2251 3826 ι
2290 3791 2458 3844 γοντα
2494 3782 2509 3802 ⁶
2548 3774 2616 3826 Εἴ
2651 3794 2733 3837 τις
2762 3777 3024 3845 κληρικὸς
3062 3777 3319 3848 εὑρεθείη
3352 3782 3421 3847 τῇ
3471 3777 3602 3845 ἁγίᾳ
3628 3777 3734 3826 Κυ-

2240 3887 2258 3921 t
2301 3872 2462 3940 ριακῇ
2508 3869 2782 3939 νηστεύων
2814 3870 2845 3939 ἢ
2875 3869 2935 3921 τὸ
2968 3871 3247 3922 Σάὂϐατον
3283 3871 3429 3939 πλὴν
3482 3869 3575 3923 τοῦ
3625 3870 3735 3928 ἐνὸς

2237 3981 2256 4013 ι
2296 3964 2389 4016 καὶ
2430 3962 2619 4032 μόνου,
2652 3961 3021 4029 καθαιρείσθω
3046 3977 3062 3993 ⁸
3096 3964 3143 4014 εί
3185 3962 3244 4014 δὲ
3302 3963 3516 4027 λαῖκὸς,
3550 3964 3735 4031 ἀφοορια

2238 4076 2257 4109 ι
2292 4056 2487 4119 ζέσθω.
2533 4077 2551 4109 ι

2233 4152 2427 4204 ΒΑΛΣ.
2467 4152 2575 4203 Καὶ
2617 4152 2696 4213 εἰς
2733 4150 2867 4202 ἄλλα
2912 4150 3008 4221 μὲν
3038 4151 3230 4215 πολλὰ,
3259 4152 3405 4215 τέως
3436 4152 3491 4205 δὲ
3529 4149 3620 4202 καὶ
3650 4147 3730 4200 ’διά

2161 4245 2251 4297 τὸν
2311 4244 2552 4314 παρόντα
2628 4245 2848 4308 κανόνα,
2904 4246 3154 4313 λέγουσιν
3208 4246 3257 4297 οἱ
3317 4246 3422 4315 τῆς
3501 4242 3729 4301 παλαιᾶς

2177 4336 2391 4408 Ῥώμης
2423 4340 2495 4406 μὴ
2532 4333 2793 4408 εἶναιτὴν
2821 4340 2981 4406 ἁγίαν
3014 4340 3219 4413 ταύτην
3259 4339 3484 4390 σύνοδον
3550 4339 3723 4387 οἰκου-

2094 4457 2136 4513 D
2169 4433 2416 4502 μενικὴν,
2455 4430 2632 4494 καθὼς
2655 4435 2749 4507 καί
2782 4437 2839 4484 ὲν
2865 4433 2940 4501 τῷ
2980 4432 3251 4501 προοιμίῳ
3276 4433 3456 4500 αὐτῆς
3498 4427 3730 4496 ἐγράψα-

2170 4541 2291 4595 μεν.
2329 4525 2416 4588 Ὠς
2444 4526 2552 4594 γὰρ
2605 4524 2823 4595 σίδηρος
2877 4524 3060 4593 διῆλθε
3100 4526 3198 4593 τὴν
3253 4525 3485 4596 καρδίαν
3540 4522 3723 4574 αὐτῶν.

2168 4618 2263 4670 καὶ
2304 4617 2609 4686 στηλιτεύει
2641 4620 2866 4683 τούτους
2883 4620 2956 4683 ὡς
2987 4619 3326 4684 ὑπεναντίως
3350 4620 3634 4677 ποιοῦντας
3657 4614 3725 4681 τῷ

2169 4712 2514 4781 ἀποστολικῷ
2556 4712 2762 4775 κανόνι,
2823 4712 2901 4782 τῷ
2954 4713 3167 4780 λέγοντι
3194 4730 3207 4744 ο
3241 4714 3308 4765 Εἴ
3361 4730 3445 4772 τις
3482 4708 3724 4776 κληρικὸς

2168 4801 2417 4872 εὑρεθείη
2476 4805 2541 4872 τῇ
2592 4804 2726 4873 ἁγίᾳ
2778 4805 3030 4874 κυριακῇ
3079 4808 3173 4856 καὶ
3227 4804 3303 4873 τῷ
3355 4800 3612 4866 Σαϐϐάτῳ
3642 4811 3725 4861 νη-

2171 4893 2374 4946 στεύων
2408 4894 2548 4964 πλὴν
2590 4892 2683 4945 τοῦ
2725 4895 2842 4956 ἑνὸς
2876 4898 2968 4947 καὶ
3012 4895 3196 4963 μόνον,
3241 4889 3641 4961 καθαιρείσθω·
3678 4884 3721 4934 εἰ

2169 4983 2222 5035 δὲ
2254 4985 2458 5048 λαῖκδς,
2513 4985 2878 5057 ἀφοριζὲσθω.
2902 4988 2976 5039 Οὐ
3005 4976 3111 5056 χρὴ
3143 4982 3234 5039 οὖν
3262 4986 3483 5044 τούτους
3522 4975 3716 5044 συγνώο

2176 5091 2280 5143 μης
2298 5074 2729 5145 ἀξιωθῆναιητῆς
2744 5079 2912 5147 αὐτῆς
2936 5079 3321 5147 ἐξερχομένους
3344 5071 3717 5144 ἰδιορῤυθμίας,

2170 5167 2267 5218 καὶ
2318 5167 2480 5219 πάλιν
2541 5169 2637 5221 καὶ
2692 5170 3049 5239 νηστεύοντας
3110 5168 3185 5239 μὴ
3240 5171 3403 5240 μόνον
3468 5164 3602 5217 κατὰ
3661 5162 3717 5210 τὰ

2171 5256 2425 5311 Σάδόατα
2449 5261 2546 5329 τῆς
2575 5261 2738 5329 ἁγίας
2772 5262 3254 5333 Τεσσαρακοστῆς,
3296 5262 3430 5317 ἀλλὰ
3470 5260 3559 5312 καὶ
3590 5255 3718 5309 κατὰ

2170 5351 2240 5404 τὰ
2264 5350 2445 5409 λοιπά.
2487 5353 2627 5422 Ἐγὼ
2654 5354 2710 5407 δὲ
2737 5353 2876 5407 εἶδόν
2908 5374 3060 5419 τινας
3088 5358 3350 5419 Λατίνους
3375 5354 3713 5423 αἰτιωμένους

2171 5444 2258 5496 διὰ
2298 5445 2479 5509 τούτο,
2516 5448 2609 5498 καὶ
2635 5448 2870 5516 ματαίαν
2918 5449 3389 5520 προϐαλλομένους
3440 5451 3709 5517 πρόφασιν.

2172 5537 2270 5604 τὴν
2308 5539 2388 5598 εἰς
2430 5538 2521 5590 τὸν
2573 5541 2727 5605 ἅγιον
2777 5544 2944 5609 τάφον
2990 5540 3085 5595 τοῦ
3118 5544 3327 5613 Κυρίου
3370 5543 3460 5595 καὶ
3484 5537 3712 5611 Σωτῆρρς

2144 5628 2329 5697 ⁸ἡμῶν
2383 5630 2560 5699 Ἰησοῦ
2617 5632 2854 5701 Χριστοῦ
2897 5635 3217 5699 ἀπέλευσιν,
3270 5636 3365 5688 καὶ
3427 5632 3520 5702 τὴν
3565 5627 3705 5695 χάριν

2174 5723 2364 5777 τούτου
2395 5727 2751 5798 κρατήσασαν
2783 5731 3039 5799 νηστείαν
3076 5734 3141 5785 ὲκ
3173 5730 3460 5804 συνηθείας
3498 5716 3707 5796 μακράίο
