3984 6474
281 300 396 367 709

1299 298 1379 361 IN
1410 300 1576 360 CAN.
1620 299 1748 361 LVI
1789 299 1998 362 CONC.
2044 300 2127 361 1N
2154 276 2495 363 TRULLO.

3429 306 3540 375 710

285 417 526 479 ’Δλλους
551 415 608 469 δὲ
639 412 777 469 εἶδον
819 413 893 485 μὴ
913 413 1247 479 ἀπελθόντας
1276 417 1354 478 είς
1383 417 1452 469 τὰ
1490 416 1856 486 Ἱεροσόλυμα,

1970 415 2399 487 Hierosolymam
2449 433 2557 472 non
2605 427 2888 486 venerant,
2934 428 2989 475 et
3019 419 3275 477 similiter
3318 422 3538 493 jejuna-

230 512 235 517 ’
279 511 381 563 καὶ
408 510 770 581 νηστεύοντας
811 508 1010 581 ὁμοίως
1052 526 1068 540 ·
1108 510 1203 563 καὶ
1260 511 1453 571 ἄλλους
1499 510 1866 580 ἀτιμάζοντας

1971 505 2142 560 bant:
2180 516 2233 559 et
2260 507 2401 562 alios
2434 509 2527 577 qui
2564 508 2835 577 ejusmodi
2887 512 3159 580 jejunium
3216 522 3542 572 contemne-

280 601 385 670 τὴν
438 601 718 677 τοιαύτην,
758 604 1016 671 νηστείαν
1086 603 1181 654 καὶ
1228 603 1531 674 ἀδιαφόρως
1588 604 1730 657 κατά
1798 604 1856 656 τὰ

1970 599 2097 653 bant
2145 608 2199 653 et
2249 600 2759 657 indiscriminatim
2796 602 2849 657 in
2908 603 3167 661 Sabbatis
3209 607 3536 672 solvebant,

280 696 548 750 Σάϐϐατα
592 695 985 758 καταλύοντας,
1041 695 1373 758 ἀπελθόντας
1419 696 1513 748 καὶ
1567 697 1738 750 ταῦτα.
1786 698 1867 760 είς

276 787 374 839 τὸν
413 788 506 841 τοῦ
532 788 744 857 Κυρίου
769 787 950 854 τάφον.
984 787 1100 840 Οὐκ
1150 786 1259 856 ἔχω
1310 786 1442 853 γοῦν
1489 781 1665 838 εἴπειν
1720 786 1866 846 ὅπως

274 879 466 932 ταῦτα
493 880 640 941 ,οὕτω
669 878 959 949 παρὰδτῶν
980 877 1238 931 τοιούτων
1263 878 1527 945 γίνονται.
1577 878 1765 931 Ἕοικε
1808 875 1865 928 δὲ

274 969 353 1028 ὡς
380 973 499 1032 τοῖς
537 970 682 1022 ἔθεσι
714 969 968 1039 μᾶλλονῆ
1003 972 1115 1032 τοῖς
1148 971 1370 1022 κανόσιν
1417 969 1757 1023 ἀκολουθεῖν.

349 1065 613 1117 ΖΩΝΛΡ.
666 1061 1077 1133 Διορθώσασθαι
1135 1064 1195 1114 τὸ
1261 1062 1485 1132 σφάλμα
1540 1061 1698 1114 τοῦτο
1756 1063 1864 1115 τῶν

275 1156 541 1212 Λατίνων
593 1158 627 1226 ἡ
673 1157 889 1218 συνόδος
922 1155 1300 1225 ἐπεχείρησεν,
1370 1155 1486 1207 ἀλλ’
1544 1153 1863 1224 ἀδιόρθωτοι

277 1251 381 1303 καὶ
408 1249 571 1312 αὖθις
602 1250 652 1301 οἱ
670 1240 928 1312 ἀλαζόνες
959 1250 1182 1318 ἔμεινάν
1210 1265 1269 1300 τε
1305 1247 1397 1301 καὶ
1429 1248 1673 1318 μένουσι,
1720 1250 1857 1319 μήτε

275 1342 394 1404 τοῖς
418 1341 802 1412 παλαιοτέροις
833 1342 1023 1394 κανόσι
1053 1340 1388 1409 πειθόμενοι,
1433 1344 1543 1402 τοῖς
1603 1341 1730 1395 ἄνευ
1765 1339 1860 1393 τοῦ

272 1433 400 1495 ab;
445 1434 727 1487 Σαϐόάτου
774 1431 867 1485 τοῦ
915 1432 1152 1502 μεγάλου
1197 1432 1397 1501 δηλαδὴ
1449 1431 1524 1501 μὴ
1580 1431 1861 1498 νηστεύειν

274 1525 334 1575 ἐν
366 1525 640 1595 Σαϐὁάτῳ
674 1524 973 1587 κελεύουσι,
1012 1525 1146 1594 μήτε
1176 1522 1353 1594 τούτῳ
1384 1523 1858 1594 ἐπιστρεφόμενοι,

275 1618 373 1669 καὶ
412 1621 553 1689 μήτε
579 1622 678 1690 τὴν
698 1619 1017 1689 καθαίρεσιν
1040 1619 1091 1671 οἱ
1128 1618 1419 1689 ἱερωμένοι
1444 1616 1856 1689 εὐλαϐούμενοι,

278 1710 415 1780 μὴθ*
445 1711 495 1764 οί
543 1710 722 1765 λαῖκοὶ
746 1713 837 1765 τὶν
860 1710 1186 1781 ἀφορισμόν.

281 1893 520 1946 ΑΡΙΣΤ.
561 1910 580 1942 ι
616 1892 678 1945 0t
714 1891 983 1959 Ῥωμαῖοι
1008 1892 1122 1953 τοῖς
1145 1890 1245 1958 τῆς
1270 1889 1733 1960 Τεσσαρακοστῆς
1763 1906 1860 1959 νη-

358 2004 379 2037 (
424 1984 679 2037 στεύουσι
733 1983 1046 2039 Σάϐϐασινο
1128 1981 1537 2053 ὑπομιμνήσκει
1589 1981 1770 2035 τοίνυν
1825 1984 1859 2053 ὴ

358 2096 378 2127 ι
417 2077 634 2140 σύνοδος
660 2077 754 2129 καὶ
787 2075 880 2128 ἐπὶ
928 2075 1133 2128 τούτων
1162 2074 1254 2127 τὸν
1280 2073 1635 2126 ἀποστολικὺν
1657 2073 1859 2130 κανόνα

364 2189 383 2220 ι
424 2171 670 2239 κρατεῖν.
716 2186 736 2221 ι
1168 2176 1173 2179 ⁷

359 2262 625 2317 Μαθοῦσα
661 2262 801 2329 αὕτη
829 2265 860 2331 ἡ
893 2261 1025 2328 ἁγία
1068 2258 1284 2323 σύνοδος
1304 2260 1456 2343 (τοὺς
1498 2263 1558 2315 ἐν
1612 2262 1679 2331 τῇ
1728 2260 1860 2313 Ῥω-

300 2360 466 2428 μαίων
508 2358 661 2410 πόλει
694 2357 783 2410 τὸν
830 2356 1124 2427 ἑξηκοστὸν
1175 2354 1438 2424 τέταρτον
1493 2354 1695 2407 κανόνα
1751 2355 1859 2407 τ·Τν

291 2451 457 2518 ἁγίων
490 2450 806 2503 ἀποστόλων
838 2447 1298 2518 παραϐαίνοντας,
1327 2447 1418 2499 τὸν
1454 2448 1859 2516 προστάττοντα

285 2541 414 2595 ἄνευ
442 2541 534 2593 τοῦ
565 2541 803 2610 μεγάλου
840 2540 1120 2592 Σαϐϐάτου
1149 2539 1337 2606 ἕτερον
1364 2526 1713 2608 Σάὸϐατον
1749 2540 1859 2590 Κυ-

287 2635 487 2705 ριακὴν
524 2637 597 2703 μὴ
641 2633 922 2703 νηστεύειν
956 2649 970 2663 ·
998 2632 1163 2702 ὥρισε
1200 2632 1295 2683 καὶ
1328 2633 1385 2683 ἐν
1440 2634 1503 2701 τῇ
1575 2630 1857 2700 Ῥωμαίων

295 2726 597 2797 Ἐκκλησία
630 2726 1082 2797 ἁπαρασέιλευτον
1113 2726 1203 2778 τὸν
1225 2724 1467 2779 τοιοῦτον
1496 2726 1667 2779 ἀποστ
1679 2725 1857 2780 ολικὸν

279 2821 488 2873 κανόνα
518 2820 906 2888 φυλάττεσθαι.

850 2930 1091 2985 ΚΛΝΩΝ
1148 2930 1289 2999 Nq'.

288 3065 309 3099 ‹
363 3045 639 3103 Ὡσαύτως
668 3044 1143 3115 μεμαθήκαμενὲν
1175 3062 1232 3096 τε
1256 3046 1321 3114 τῇ
1365 3044 1670 3115 ’Λρμενιων
1700 3046 1854 3120 χώρᾳ

332 3130 333 3133 η
364 3158 385 3191 ι
419 3141 511 3191 καὶ
536 3141 592 3190 ἐν
626 3138 831 3205 ἑτέροις
865 3137 1071 3199 τόποις,
1108 3137 1163 3187 ἐν
1220 3139 1330 3196 τοῖς
1363 3137 1604 3190 Σάϐϐασι
1657 3139 1750 3192 καὶ
1798 3142 1855 3193 ἐν

353 3249 373 3281 ι
414 3233 533 3288 ταῖς
575 3230 883 3298 Κυριακαῖς
915 3231 1014 3298 τῆς
1057 3227 1217 3291 ἁγίας
1270 3227 1733 3298 Τεσσαρακοστῆς
1774 3228 1857 3282 ὠά

300 3372 301 3377 η
360 3342 379 3373 ι
422 3324 514 3375 καὶ
570 3320 735 3389 τυρὸν
805 3319 1007 3372 ἐσθίειν
1062 3319 1253 3381 τινάς·
1320 3318 1466 3383 ἔδοξε
1525 3319 1704 3372 τοίνυν
1762 3320 1855 3373 καὶ

364 3434 385 3467 ι
423 3415 604 3473 τοῦτο,
630 3413 769 3465 ὥστε
817 3412 915 3483 τὴν
966 3410 1108 3464 κατά
1155 3412 1335 3463 πᾶσαν
1395 3412 1493 3480 τὴν
1530 3411 1855 3480 οἰκουμένην

358 3506 501 3559 «τοῦ
562 3505 695 3558 Θεοῦ
764 3502 1133 3570 Ἐκκλησίαν,
1200 3505 1297 3572 μιᾷ
1349 3502 1854 3556 κατακολουθοῦσαν

363 3618 383 3651 ι
417 3599 589 3662 τάξει,
616 3597 714 3667 τὴν
735 3596 989 3665 νηστείαν
1034 3596 1324 3657 ἐπιτελεῖν,
1380 3595 1482 3653 ,καὶ
1529 3595 1851 3666 ἀπέχεσθαι,

362 3711 380 3744 ι
416 3692 605 3760 ὥσπερ
633 3688 794 3741 θυτοῦ
835 3690 1052 3750 παντὸς,
1082 3686 1222 3740 οὕτω
1258 3685 1321 3757 δὴ
1369 3685 1473 3738 ὠοῦ
1508 3687 1605 3739 καὶ
1664 3686 1852 3756 τυροῦ,

369 3803 386 3835 ι
432 3782 466 3836 ἂ
494 3781 704 3851 καρπός
736 3780 842 3831 εἱσι
882 3780 976 3832 καὶ
1017 3780 1336 3848 γεννήματα
1385 3773 1461 3831 ὧν
1509 3778 1852 3848 ἀπεχόμεθα.

365 3895 383 3927 ι
426 3876 490 3928 Εἰ
512 3877 569 3929 δέ
604 3876 676 3944 μὴ
697 3873 855 3926 τοῦτο
879 3871 1373 3940 παραφυλάττοιεν,
1398 3872 1447 3923 εἰ
1473 3871 1570 3938 μὲν
1600 3873 1856 3942 κληρικοὶ

362 3988 380 4020 ι
417 3966 550 4031 εἷεν,
580 3964 1057 4037 καθαιρείσθωσαν
1084 3981 1099 3995 ο
1142 3964 1191 4015 εἰ
1237 3963 1529 4032 δέξλαῖκοὶ,
1602 3964 1858 4033 ἀφοριζέ-

364 4081 381 4113 ‹
422 4061 655 4113 σθωςαν.
700 4077 718 4109 ι

359 4173 554 4225 ΒΛΛΣ.
597 4172 686 4223 Ἑν
716 4170 793 4240 τῷ
820 4169 1145 4239 προλαϐόντι
1203 4168 1389 4221 κανόνι
1434 4168 1854 4239 νενομοθέτηται

294 4266 365 4334 μὴ
394 4264 679 4332 νηστεύειν
713 4265 769 4315 ἐν
799 4265 911 4323 τοῖς
935 4261 1236 4322 Σαὸϐάτοις
1277 4261 1369 4312 καὶ
1397 4262 1513 4321 ταῖς
1542 4262 1853 4329 Κυριακαίς

1876 3009 1923 3073 C

1967 693 2059 760 qui
2107 692 2268 746 etiam
2326 695 2393 748 ad
2449 692 2665 749 Domini
2721 699 3028 766 sepulcrum
3078 710 3360 755 venerant.
3417 700 3539 757 Non

1970 797 2191 850 possum
2232 786 2415 854 itaque
2464 786 2645 841 dicere
2679 788 2958 857 quomodo
3006 790 3122 845 haec
3175 793 3242 847 ab
3296 794 3407 848 illis
3455 794 3539 848 sic

1971 874 2129 929 ﬁant.
2210 873 2477 932 Videntur
2532 889 2712 935 autem
2762 881 2801 935 ii
2850 885 3301 941 consuetudinem
3353 887 3539 956 potius

1966 968 2141 1032 sequi,
2175 984 2340 1038 quam
2375 985 2637 1027 canones.

2038 1056 2289 1114 ZONAR.
2345 1058 2664 1116 Latinorum
2736 1064 2839 1118 hoc
2896 1075 3180 1135 peccatum
3245 1070 3538 1127 emendare

1962 1151 2208 1219 synodus
2231 1160 2459 1207 conatus
2484 1163 2599 1219 est;
2635 1172 2821 1210 verum
2852 1158 2908 1213 in
2936 1174 3035 1212 sua
3069 1160 3367 1228 pertinacia
3397 1162 3568 1216 hac-o

1962 1258 2122 1299 tenus
2159 1256 2584 1314 permanserunt
2627 1261 2975 1320 arrogantes,
3010 1252 3281 1322 hodieque
3320 1268 3536 1323 perma-

1963 1347 2114 1391 nent.
2172 1336 2357 1406 Neque
2405 1354 2560 1401 vero,
2612 1352 2708 1395 aut
2736 1342 2988 1413 antiquos
3014 1358 3252 1399 canones
3283 1346 3530 1409 audiunt,

1961 1426 2053 1497 qui
2083 1441 2245 1482 omne
2275 1430 2327 1481 in
2355 1427 2594 1484 Sabbato
2615 1431 2910 1499 jejunium,
2942 1449 3050 1487 uno
3070 1444 3318 1504 excepto,
3339 1450 3535 1504 nempe

1962 1520 2144 1589 magni
2179 1520 2404 1576 Sabbati
2433 1522 2545 1587 die,
2585 1525 2809 1580 vetitum
2839 1542 2962 1582 esse
2994 1529 3241 1594 voluere,
3290 1537 3385 1583 aut
3430 1529 3535 1582 bu-

1957 1610 2047 1681 jus
2076 1626 2294 1682 quoque
2326 1625 2618 1675 moventur
2649 1618 2995 1676 auctoritate.
3051 1620 3193 1685 Quin
3225 1631 3279 1675 et
3308 1619 3532 1689 deposi-

1965 1704 2166 1758 tionem
2199 1721 2418 1777 quoque
2450 1709 2544 1779 qui
2575 1710 2751 1764 sacris
2788 1711 2983 1767 initiati
3016 1723 3163 1773 sunt.
3196 1722 3248 1766 et
3275 1727 3532 1782 segrega-

1963 1794 2162 1849 tionem
2192 1798 2569 1867 jejunantibus
2603 1801 2861 1857 indictam
2900 1803 3021 1858 laici
3052 1805 3358 1875 negliguut.

1959 1886 2187 1943 ARIST.
2223 1908 2241 1942 ι
2270 1880 2956 1965 Βοωιιήἰρυοᾶωεοείηιω
2975 1896 3528 1967 Sabbatisjejunant:

2034 1998 2055 2032 ι
2102 1982 2362 2038 admonet
2414 1984 2599 2056 itaque
2651 1989 2896 2052 synodus
2944 1988 2997 2043 in
3029 1989 3115 2044 his
3150 1991 3314 2046 etiam
3349 2006 3525 2049 cano-

2033 2095 2054 2125 ι
2090 2090 2212 2129 nem
2247 2079 2609 2147 apostolicum
2638 2082 2840 2136 valere.
2870 2098 2890 2133 ι

2027 2257 2477 2327 Intelligensluec
2505 2271 2693 2317 sancta
2726 2278 2849 2334 syn.
2883 2278 3000 2330 eos,
3029 2265 3121 2336 qui
3153 2267 3208 2321 in
3245 2268 3528 2324 Romano-

1958 2363 2076 2402 rum
2132 2360 2259 2404 sunt
2311 2352 2474 2423 224
2524 2354 2765 2420 civitate,
2819 2360 3217 2426 sexagesimum
3269 2373 3526 2431 quartum

1956 2450 2275 2494 sanctorum
2316 2445 2695 2512 apostolorum
2731 2462 2997 2503 canonem
3031 2450 3139 2504 alio
3165 2461 3525 2525 praeterquam

1956 2547 2155 2601 magno
2190 2532 2430 2589 Sabbato
2488 2548 2581 2591 aut
2638 2538 2727 2592 die
2783 2539 3069 2596 Dominico
3115 2559 3225 2598 non
3274 2546 3529 2616 jejunare

1956 2626 2329 2690 mandantem,
2364 2630 2649 2685 transilire
2677 2650 2691 2686 :
2757 2634 3022 2697 decrevit.
3056 2647 3110 2689 et
3141 2638 3195 2690 in
3250 2637 3528 2695 Romam-

1954 2730 2074 2768 rum
2140 2716 2384 2772 Ecclesia
2418 2720 2567 2773 illum
2633 2724 2999 2792 apostolorum
3052 2741 3316 2786 canonem
3368 2732 3531 2788 ﬁrme

1954 2807 2453 2880 inviolabiliterque
2482 2813 2886 2877 observandum
2926 2832 3069 2873 esse.

2536 2926 2765 3027 CIANON
2806 2926 2940 2983 LVI.

1962 3055 1983 3091 ι
2030 3038 2297 3097 Similiter
2332 3043 2644 3113 accepimus
2675 3053 2729 3098 et
2773 3045 2827 3098 in
2884 3046 3271 3103 Armeniorum
3301 3052 3526 3123 regione

2034 3149 2054 3182 ‹
2086 3141 2139 3186 et
2171 3132 2223 3185 in
2256 3133 2379 3187 aliis
2410 3132 2570 3199 locis,
2606 3134 2659 3187 in
2690 3130 2949 3191 Sabbatis
2980 3148 3032 3191 et
3064 3137 3367 3199 Dominicis
3398 3161 3529 3200 san-

2033 3242 2052 3275 ι
2087 3234 2185 3278 σιω
2215 3223 2677 3295 Quadragesimae,
2726 3230 2990 3296 quosdam
3046 3245 3144 3286 ova
3201 3244 3253 3289 et
3302 3250 3522 3292 caseum
3574 3242 3586 3263 ‘

2032 3332 2050 3366 ι
2080 3315 2381 3369 eomedere.
2425 3313 2607 3369 Visum
2641 3326 2720 3371 est
2753 3332 2883 3386 ergo
2914 3328 2969 3373 et
3005 3320 3129 3387 hoc,
3186 3332 3244 3378 ut
3277 3334 3383 3379 101a
3430 3326 3524 3383 Dei

2032 3425 2051 3459 ι
2085 3407 2351 3469 Ecclesia.
2389 3424 2509 3478 qua:
2548 3418 2630 3463 est
2663 3409 2716 3463 in
2764 3410 3018 3466 universo
3050 3423 3321 3469 terrarum
3370 3421 3521 3485 orbe,

2031 3520 2051 3553 ‹
2084 3517 2250 3555 υηυιη
2285 3500 2530 3555 ordinem
2580 3517 2838 3570 sequens,
2864 3504 3137 3572 jejunium
3173 3509 3439 3576 perﬁciat,
3469 3520 3526 3565 et

2036 3611 2054 3644 ι
2087 3594 2384 3657 abstineat,
2424 3594 2567 3648 sicut
2596 3594 2664 3648 ab
2698 3595 2844 3648 omni
2878 3598 3170 3664 mactabili,
3200 3601 3277 3654 sic
3315 3602 3379 3656 ab
3409 3604 3526 3657 ovis

2033 3704 2052 3738 ι
2086 3696 2139 3741 et
2190 3701 2370 3752 caseo,
2424 3702 2546 3757 quae
2597 3687 2814 3755 quidem
2873 3698 3004 3744 sunt
3040 3691 3249 3749 fructus
3280 3705 3332 3749 et
3362 3696 3527 3751 foetus

2032 3797 2051 3831 ι
2079 3795 2268 3835 eorum
2300 3795 2331 3839 a
2362 3780 2561 3850 quibus
2589 3782 2943 3837 abstinemus.
2982 3783 3037 3837 Si
3074 3798 3251 3841 autem
3286 3788 3387 3844 hoc
3416 3806 3525 3845 non

2031 3890 2049 3923 ι
2082 3872 2442 3936 servaverint,
2497 3872 2539 3926 si
2577 3873 2687 3926 sint
2722 3874 2944 3942 quidem
2997 3878 3206 3945 clerici,
3239 3880 3527 3951 deponar-

2033 3981 2053 4015 ι
2089 3974 2220 4019 tur:
2259 3964 2342 4019 sin
2362 3971 2541 4019 autem
2575 3964 2721 4033 laici,
2750 3977 3127 4038 segregentur.
3166 3989 3186 4024 ι

1954 4161 2221 4231 ξῖΒΑιὸ.
2280 4160 2339 4215 In
2374 4159 2702 4229 praecedenti
2736 4161 2960 4230 quidem
3013 4179 3223 4221 canone
3253 4177 3520 4227 statutum

1955 4265 2060 4318 est,
2095 4256 2147 4308 in
2181 4253 2438 4308 Sabbatis
2466 4263 2520 4307 et
2550 4252 2851 4308 Dominicis
2906 4266 3111 4309 sanctae
3150 4258 3519 4332 Quadragesi-

288 4357 381 4425 τῆς
407 4355 565 4420 ἁγίας
586 4353 1064 4423 Τεσσαρακοστῆς.
1110 4350 1388 4419 ’Λρμένιοι
1424 4350 1516 4403 οὖν
1554 4351 1648 4402 καί
1702 4368 1850 4413 τινες

1970 4363 2058 4401 na:
2109 4363 2213 4401 non
2242 4361 2363 4401 esse
2388 4345 2766 4414 jejunandum.
2800 4347 3042 4401 Armenii
3079 4350 3262 4419 itaque
3290 4363 3345 4408 et
3398 4357 3521 4424 qui.

289 4447 577 4518 ὀρθόδοξοι,
606 4445 680 4507 ὡς
708 4432 873 4503 ἔοικε,
903 4442 1406 4513 πλανηθέντεςάπδ
1454 4439 1548 4493 τοῦ
1609 4442 1850 4494 τοιούτου

293 4541 535 4602 κανόνος,
567 4539 831 4591 κατέλυον
856 4540 914 4589 ὲν
947 4539 1061 4599 τοῖς
1111 4536 1321 4605 ῥηθεῖσι
1376 4536 1699 4601 Σαϐϐάτοις,
1760 4538 1852 4589 καὶ

286 4632 467 4702 ἤσθιον
497 4631 579 4683 ὠὰ
607 4632 702 4683 καὶ
732 4630 915 4699 τυρὸν,
943 4630 1019 4692 ὼς
1066 4628 1228 4694 δῆθεν
1284 4627 1358 4695 μὴ
1405 4626 1702 4695 μετέχοντα
1763 4626 1854 4678 αἴ-

289 4739 477 4791 ματος,
514 4721 633 4774 ἀλλ’
664 4722 879 4774 ἐοικότα
911 4721 1144 4788 καρποῖς
1179 4718 1489 4788 όπωρινοῖς.
1538 4716 1708 4770 Τοῦτο
1754 4716 1850 4771 οὖν

287 4813 644 4883 διορθουμένη
681 4812 715 4880 ἠ
752 4811 994 4874 σύνοδος,
1022 4808 1319 4882 διορίζεται
1346 4791 1445 4878 μιᾷ
1471 4807 1624 4872 τάξει
1683 4802 1854 4860 καταὲ

287 4901 563 4954 κολουθεῖν
593 4902 691 4963 τὰς
728 4899 1198 4969 ὄλαςἘκκλησίας
1227 4898 1322 4952 τοῦ
1353 4899 1509 4964 Θεοῦ,
1531 4900 1631 4977 κα).⁷
1648 4899 1855 4962 πάντας

287 4996 593 5066 ἀπέχεσθαι
655 4994 818 5048 θυτοῦ
881 4995 1162 5058 παντοίου,
1213 4994 1296 5046 ὃτι
1346 4993 1439 5046 καὶ.
1468 4993 1537 5045 τὰ
1579 4992 1661 5044 ὼὰ
1687 4992 1778 5044 καὶ
1805 4990 1855 5045 0E

284 5089 442 5159 τυροὶ
466 5089 572 5142 κᾶν
601 5088 806 5157 καρποὶ
857 5087 1205 5155 λογίζωνται,
1237 5085 1350 5138 ἀλλ’
1383 5083 1507 5138 ἐπεὶ
1543 5084 1612 5137 τὰ
1668 5084 1728 5147 ἐξ
1779 5077 1855 5137 ὧν

286 5182 459 5234 ταῦτα
486 5180 801 5247 γεγόνασιν,
828 5180 929 5231 οὐκ
955 5179 1230 5247 ἐσθίομεν,
1256 5177 1377 5229 οὐδὲ
1406 5178 1487 5238 εἰς
1518 5176 1658 5230 αὐτὰ
1686 5193 1855 5228 κατα-

288 5272 435 5325 λύειν
459 5272 772 5341 ὀφείλομεν.
803 5270 941 5332 Τοὺς
988 5270 1171 5338 μέντοι
1228 5270 1304 5341 μὴ
1368 5270 1734 5337 φυλάττοντας
1786 5267 1855 5320 τά

287 5363 718 5431 διατεταγμένα,
750 5362 1039 5431 κληρικοὺς
1089 5363 1189 5432 μὲν
1239 5362 1417 5424 ὄντας,
1472 5360 1855 5429 καθαιρεῖσθαι

290 5453 726 5524 παρακελεύεται
755 5454 783 5503 ό
813 5451 1022 5505 κανών·
1079 5452 1303 5513 λαῖκοὺς
1354 5452 1434 5515 δὲ,
1472 5451 1850 5521 ἀφορίζεσθαι.

293 5543 397 5595 Καὶ⁹
423 5542 646 5603 πάντως
677 5541 935 5611 τῴηαύτῷ
968 5542 1227 5612 ἐπιτιμίῳ
1270 5534 1601 5603 ὑπόκεινται
1660 5540 1753 5593 καὶ
1804 5540 1853 5591 οξ

290 5636 377 5687 διὰ.
405 5633 574 5705 τυροῦ
605 5635 702 5687 καὶ
730 5633 840 5686 ὠοῦ
867 5635 1228 5698 καταλύοντες
1262 5636 1343 5697 είς
1371 5636 1468 5698 τὰς
1492 5634 1620 5695 ὅλας
1642 5633 1849 5703 Τετρά-

292 5724 386 5791 δας
415 5728 510 5780 καὶ
543 5727 902 5797 Παρασκενάς
931 5743 945 5758 ’
972 5728 1053 5781 ὅτι
1078 5727 1497 5797 νενομοθέτηται
1528 5725 1669 5779 κατά
1716 5725 1849 5777 ταύ-

1954 4438 2103 4504 dam,
2155 4447 2215 4491 ut
2251 4445 2333 4490 est
2379 4435 2698 4497 verisimile,
2750 4435 3042 4490 orthodoxi
3079 4454 3142 4492 ex
3183 4442 3284 4495 hoc
3314 4459 3522 4500 canone

1954 4537 2227 4593 errantes,
2287 4528 2340 4596 in
2393 4526 2556 4581 dictis
2611 4525 2865 4582 Sabbatis
2925 4530 3280 4585 comedebant
3319 4550 3420 4589 ova
3468 4545 3522 4590 et

1953 4636 2196 4685 caseum,
2246 4628 2303 4672 ut
2349 4635 2469 4688 quae
2497 4628 2684 4674 essent
2719 4620 3004 4689 sanguinis
3041 4623 3282 4690 expertia
3319 4633 3372 4678 et
3420 4641 3522 4680 au-

1954 4715 2128 4768 tumni
2184 4712 2454 4779 fructibus
2527 4712 2751 4766 similia.
2810 4710 2925 4766 Hoc
2982 4713 3165 4782 itaque
3239 4718 3521 4788 corrigens

1954 4805 2141 4861 delinit
2166 4806 2432 4876 synodus,
2468 4819 2659 4858 omnes
2697 4802 2787 4857 Dei
2818 4803 3093 4861 Ecclesias
3127 4807 3325 4864 debere
3348 4826 3519 4864 unum

1954 4899 2196 4953 ordinem
2236 4897 2414 4966 sequi,
2452 4904 2504 4950 et
2539 4895 2814 4950 abstinuere
2864 4912 3052 4952 omnes
3109 4898 3175 4953 ab
3225 4901 3371 4955 omni
3406 4919 3520 4958 ma-

1955 4990 2161 5050 ctabili,
2194 4989 2448 5056 quoniam
2499 4995 2554 5041 et
2599 5002 2697 5040 ova
2731 4996 2785 5041 et
2820 4989 2994 5053 casei,
3046 4990 3260 5046 etiamsi
3309 4992 3518 5049 fructus

1954 5089 2296 5150 reputentur,
2347 5078 2472 5147 quia
2527 5086 2707 5131 tamen
2751 5093 2839 5142 ea,
2894 5096 2959 5133 ex
3004 5082 3204 5149 quibus
3259 5084 3347 5137 illa
3392 5101 3519 5153 pro-

1954 5180 2263 5233 cesserunt,
2332 5185 2435 5222 non
2466 5170 2841 5233 comedimus,
2890 5186 2957 5224 ne
3011 5173 3092 5227 eis
3137 5172 3354 5242 quidem
3386 5177 3520 5245 ipsis

1954 5265 2102 5319 vesci
2133 5278 2195 5317 ac
2222 5260 2490 5331 jejunium
2520 5263 2735 5317 solvere
2792 5263 3076 5319 debemus.
3133 5266 3211 5319 Ac
3264 5281 3362 5332 eos
3396 5271 3521 5337 qui-

1954 5353 2099 5415 dem,
2131 5349 2222 5418 qui
2260 5349 2372 5403 haec
2407 5348 2625 5402 decreta
2655 5365 2763 5404 non
2796 5361 3039 5417 servant,
3076 5353 3121 5407 si
3152 5356 3263 5408 sint
3295 5357 3515 5425 quidem

1955 5444 2163 5504 clerici.
2195 5441 2397 5513 deponi
2425 5441 2580 5509 jubet
2613 5457 2817 5508 canon,
2851 5443 3019 5498 laicos
3062 5460 3193 5500 vero
3221 5449 3514 5517 segregari.

1954 5539 2031 5591 Ac
2055 5537 2231 5589 eidem
2266 5534 2484 5603 quidem
2543 5533 2765 5587 omnino
2818 5548 2991 5604 parua:
3037 5537 3401 5605 subjiciuntur
3460 5546 3516 5590 et

1956 5630 2048 5698 qui
2080 5643 2173 5696 per
2206 5641 2429 5680 caseum
2458 5632 2513 5679 et
2563 5640 2723 5679 ovum
2776 5627 3039 5695 jejunium
3095 5630 3312 5683 solvunt
3362 5630 3511 5683 omni

1958 5729 2152 5792 quarta
2185 5726 2238 5775 ct
2287 5726 2440 5774 sexta
2504 5716 2662 5785 feria,
2716 5734 2812 5775 seu
2867 5719 3201 5785 Parasceve;
3252 5715 3511 5791 quoniam
