  <div class='ocr_page' id='page_1' title='image "/cluster/home/n/w/nwhite01/storage/ocr_20150623/137/hvd.32044020166120/393.png"; bbox 0 0 3984 6474; ppageno 0'>
   <div class='ocr_carea' id='block_1_1' title="bbox 483 301 586 366">
    <p class='ocr_par' dir='ltr' id='par_1_1' title="bbox 483 301 586 366">
     <span class='ocr_line' id='line_1_1' title="bbox 483 301 586 366; baseline 0 0"><span class='ocrx_word' id='word_1_1' title='bbox 483 301 586 366; x_wconf 77' lang='grc' dir='ltr'><strong>’ἴιὶ</strong></span> 
     </span>
    </p>
   </div>
   <div class='ocr_carea' id='block_1_2' title="bbox 1733 294 2468 358">
    <p class='ocr_par' dir='ltr' id='par_1_2' title="bbox 1733 294 2468 358">
     <span class='ocr_line' id='line_1_2' title="bbox 1733 294 2468 358; baseline 0 -2"><span class='ocrx_word' id='word_1_2' title='bbox 1733 297 1838 356; x_wconf 85' lang='grc' dir='ltr'><strong>ΤΗ</strong></span> <span class='ocrx_word' id='word_1_3' title='bbox 1850 294 2012 358; x_wconf 83' lang='grc' dir='ltr'><strong>ΕΟΙ).</strong></span> <span class='ocrx_word' id='word_1_4' title='bbox 2058 295 2295 355; x_wconf 82' lang='lat' dir='ltr'><strong>BALSA</strong></span> <span class='ocrx_word' id='word_1_5' title='bbox 2305 295 2468 356; x_wconf 80' lang='grc' dir='ltr'><strong>ΜοΝ</strong></span> 
     </span>
    </p>
   </div>
   <div class='ocr_carea' id='block_1_3' title="bbox 3612 293 3711 358">
    <p class='ocr_par' dir='ltr' id='par_1_3' title="bbox 3612 293 3711 358">
     <span class='ocr_line' id='line_1_3' title="bbox 3612 293 3711 358; baseline -0.03 0"><span class='ocrx_word' id='word_1_6' title='bbox 3612 293 3711 358; x_wconf 71' lang='grc'><strong>’112</strong></span> 
     </span>
    </p>
   </div>
   <div class='ocr_carea' id='block_1_4' title="bbox 484 403 2055 481">
    <p class='ocr_par' dir='ltr' id='par_1_4' title="bbox 484 409 2055 481">
     <span class='ocr_line' id='line_1_4' title="bbox 484 409 2055 481; baseline -0.004 -12"><span class='ocrx_word' id='word_1_7' title='bbox 484 422 748 480; x_wconf 82' lang='lat' dir='ltr'><strong>statutum</strong></span> <span class='ocrx_word' id='word_1_8' title='bbox 780 418 887 478; x_wconf 85' lang='lat' dir='ltr'><strong>est,</strong></span> <span class='ocrx_word' id='word_1_9' title='bbox 920 420 979 465; x_wconf 86' lang='lat' dir='ltr'><strong>ut</strong></span> <span class='ocrx_word' id='word_1_10' title='bbox 1014 410 1199 466; x_wconf 83' lang='lat' dir='ltr'><strong>lidelcs</strong></span> <span class='ocrx_word' id='word_1_11' title='bbox 1230 411 1315 465; x_wconf 85' lang='lat' dir='ltr'><strong>liis</strong></span> <span class='ocrx_word' id='word_1_12' title='bbox 1346 409 1543 466; x_wconf 87' lang='lat' dir='ltr'><strong>diebus</strong></span> <span class='ocrx_word' id='word_1_13' title='bbox 1573 409 1841 480; x_wconf 83' lang='lat' dir='ltr'><strong>jejuneut,</strong></span> <span class='ocrx_word' id='word_1_14' title='bbox 1878 426 2055 481; x_wconf 89' lang='lat' dir='ltr'><strong>quem-</strong></span> 
     </span>
    </p>
   </div>
   <div class='ocr_carea' id='block_1_5' title="bbox 2155 403 3690 481">
    <p class='ocr_par' dir='ltr' id='par_1_5' title="bbox 2168 403 3690 480">
     <span class='ocr_line' id='line_1_5' title="bbox 2168 403 3690 480; baseline -0.001 -19"><span class='ocrx_word' id='word_1_15' title='bbox 2168 428 2267 473; x_wconf 85' lang='grc' dir='ltr'><strong>τας</strong></span> <span class='ocrx_word' id='word_1_16' title='bbox 2295 407 2590 480; x_wconf 73' lang='grc' dir='ltr'><strong>⁸νηστεύειν</strong></span> <span class='ocrx_word' id='word_1_17' title='bbox 2645 409 2770 471; x_wconf 74' lang='grc' dir='ltr'>τοὺς</span> <span class='ocrx_word' id='word_1_18' title='bbox 2827 408 3075 473; x_wconf 75' lang='grc' dir='ltr'>πιστοὺς,</span> <span class='ocrx_word' id='word_1_19' title='bbox 3126 404 3318 477; x_wconf 75' lang='grc' dir='ltr'>ὥσπερ</span> <span class='ocrx_word' id='word_1_20' title='bbox 3354 403 3455 459; x_wconf 77' lang='grc' dir='ltr'>καὶ</span> <span class='ocrx_word' id='word_1_21' title='bbox 3504 406 3581 469; x_wconf 79' lang='grc' dir='ltr'><strong>είς</strong></span> <span class='ocrx_word' id='word_1_22' title='bbox 3626 409 3690 477; x_wconf 85' lang='grc' dir='ltr'>τὴ</span> 
     </span>
    </p>
   </div>
   <div class='ocr_carea' id='block_1_6' title="bbox 487 500 1428 570">
    <p class='ocr_par' dir='ltr' id='par_1_6' title="bbox 487 500 1428 570">
     <span class='ocr_line' id='line_1_6' title="bbox 487 500 1428 570; baseline -0.005 -9"><span class='ocrx_word' id='word_1_23' title='bbox 487 505 783 561; x_wconf 83' lang='lat' dir='ltr'><strong>admodum</strong></span> <span class='ocrx_word' id='word_1_24' title='bbox 809 514 866 559; x_wconf 88' lang='lat' dir='ltr'><strong>et</strong></span> <span class='ocrx_word' id='word_1_25' title='bbox 895 505 948 556; x_wconf 91' lang='lat' dir='ltr'><strong>in</strong></span> <span class='ocrx_word' id='word_1_26' title='bbox 977 500 1428 570; x_wconf 81' lang='lat' dir='ltr'><strong>Quadragesima.</strong></span> 
     </span>
    </p>
   </div>
   <div class='ocr_carea' id='block_1_7' title="bbox 560 593 2056 664">
    <p class='ocr_par' dir='ltr' id='par_1_7' title="bbox 560 593 2056 664">
     <span class='ocr_line' id='line_1_7' title="bbox 560 593 2056 664; baseline -0.001 -14"><span class='ocrx_word' id='word_1_27' title='bbox 560 595 809 650; x_wconf 75' lang='lat' dir='ltr'><strong>ZONAB.</strong></span> <span class='ocrx_word' id='word_1_28' title='bbox 845 596 952 661; x_wconf 71' lang='lat' dir='ltr'><strong>Qui</strong></span> <span class='ocrx_word' id='word_1_29' title='bbox 988 596 1040 648; x_wconf 92' lang='lat' dir='ltr'><strong>in</strong></span> <span class='ocrx_word' id='word_1_30' title='bbox 1078 596 1145 650; x_wconf 86' lang='lat' dir='ltr'><strong>iis</strong></span> <span class='ocrx_word' id='word_1_31' title='bbox 1198 596 1516 664; x_wconf 83' lang='lat' dir='ltr'><strong>regionibus</strong></span> <span class='ocrx_word' id='word_1_32' title='bbox 1563 594 1856 650; x_wconf 78' lang='lat' dir='ltr'><strong>Christiani</strong></span> <span class='ocrx_word' id='word_1_33' title='bbox 1893 593 2056 661; x_wconf 65' lang='lat' dir='ltr'><strong>degeo</strong></span> 
     </span>
    </p>
   </div>
   <div class='ocr_carea' id='block_1_8' title="bbox 480 686 2055 756">
    <p class='ocr_par' dir='ltr' id='par_1_8' title="bbox 480 686 2055 756">
     <span class='ocr_line' id='line_1_8' title="bbox 480 686 2055 756; baseline -0.003 -13"><span class='ocrx_word' id='word_1_34' title='bbox 480 690 640 751; x_wconf 70' lang='lat' dir='ltr'><strong>‘bant,</strong></span> <span class='ocrx_word' id='word_1_35' title='bbox 680 704 806 742; x_wconf 88' lang='lat' dir='ltr'><strong>cum</strong></span> <span class='ocrx_word' id='word_1_36' title='bbox 836 702 1129 751; x_wconf 84' lang='lat' dir='ltr'><strong>cauouem,</strong></span> <span class='ocrx_word' id='word_1_37' title='bbox 1160 698 1219 741; x_wconf 92' lang='lat' dir='ltr'><strong>ut</strong></span> <span class='ocrx_word' id='word_1_38' title='bbox 1250 688 1607 751; x_wconf 71' lang='lat' dir='ltr'><strong>arbitramur,</strong></span> <span class='ocrx_word' id='word_1_39' title='bbox 1653 702 1761 756; x_wconf 89' lang='lat' dir='ltr'><strong>quo</strong></span> <span class='ocrx_word' id='word_1_40' title='bbox 1790 686 2055 755; x_wconf 83' lang='lat' dir='ltr'><strong>jejunium</strong></span> 
     </span>
    </p>
   </div>
   <div class='ocr_carea' id='block_1_9' title="bbox 490 777 2056 847">
    <p class='ocr_par' dir='ltr' id='par_1_9' title="bbox 490 777 2056 847">
     <span class='ocr_line' id='line_1_9' title="bbox 490 777 2056 847; baseline -0.004 -13"><span class='ocrx_word' id='word_1_41' title='bbox 490 780 748 834; x_wconf 77' lang='lat' dir='ltr'><strong>Sabbatis</strong></span> <span class='ocrx_word' id='word_1_42' title='bbox 780 794 844 833; x_wconf 89' lang='lat' dir='ltr'><strong>ac</strong></span> <span class='ocrx_word' id='word_1_43' title='bbox 884 778 1183 833; x_wconf 81' lang='lat' dir='ltr'><strong>Dominicis</strong></span> <span class='ocrx_word' id='word_1_44' title='bbox 1235 779 1681 847; x_wconf 75' lang='lat' dir='ltr'><strong>Quadragesimze</strong></span> <span class='ocrx_word' id='word_1_45' title='bbox 1712 777 2056 846; x_wconf 81' lang='lat' dir='ltr'><strong>prohibetur,</strong></span> 
     </span>
    </p>
   </div>
   <div class='ocr_carea' id='block_1_10' title="bbox 488 866 2061 940">
    <p class='ocr_par' dir='ltr' id='par_1_10' title="bbox 488 866 2061 940">
     <span class='ocr_line' id='line_1_10' title="bbox 488 866 2061 940; baseline -0.004 -15"><span class='ocrx_word' id='word_1_46' title='bbox 488 873 846 940; x_wconf 83' lang='lat' dir='ltr'><strong>reperissent,</strong></span> <span class='ocrx_word' id='word_1_47' title='bbox 879 870 998 923; x_wconf 85' lang='lat' dir='ltr'><strong>ovis</strong></span> <span class='ocrx_word' id='word_1_48' title='bbox 1033 884 1154 924; x_wconf 87' lang='lat' dir='ltr'><strong>sese</strong></span> <span class='ocrx_word' id='word_1_49' title='bbox 1204 886 1301 939; x_wconf 85' lang='lat' dir='ltr'><strong>per</strong></span> <span class='ocrx_word' id='word_1_50' title='bbox 1328 884 1420 923; x_wconf 89' lang='lat' dir='ltr'><strong>eos</strong></span> <span class='ocrx_word' id='word_1_51' title='bbox 1456 870 1573 923; x_wconf 76' lang='lat' dir='ltr'><strong>dies</strong></span> <span class='ocrx_word' id='word_1_52' title='bbox 1624 878 1676 922; x_wconf 92' lang='lat' dir='ltr'><strong>et</strong></span> <span class='ocrx_word' id='word_1_53' title='bbox 1707 883 1867 922; x_wconf 88' lang='lat' dir='ltr'><strong>caseo</strong></span> <span class='ocrx_word' id='word_1_54' title='bbox 1916 866 2061 937; x_wconf 87' lang='lat' dir='ltr'><strong>sagi-</strong></span> 
     </span>
    </p>
   </div>
   <div class='ocr_carea' id='block_1_11' title="bbox 490 958 2056 1029">
    <p class='ocr_par' dir='ltr' id='par_1_11' title="bbox 490 958 2056 1029">
     <span class='ocr_line' id='line_1_11' title="bbox 490 958 2056 1029; baseline -0.004 -12"><span class='ocrx_word' id='word_1_55' title='bbox 490 964 714 1018; x_wconf 87' lang='lat' dir='ltr'><strong>nabant.</strong></span> <span class='ocrx_word' id='word_1_56' title='bbox 772 960 830 1014; x_wconf 91' lang='lat' dir='ltr'><strong>ld</strong></span> <span class='ocrx_word' id='word_1_57' title='bbox 862 975 992 1029; x_wconf 86' lang='lat' dir='ltr'><strong>ergo</strong></span> <span class='ocrx_word' id='word_1_58' title='bbox 1020 975 1142 1013; x_wconf 90' lang='lat' dir='ltr'><strong>cum</strong></span> <span class='ocrx_word' id='word_1_59' title='bbox 1200 961 1491 1014; x_wconf 85' lang='lat' dir='ltr'><strong>emendare</strong></span> <span class='ocrx_word' id='word_1_60' title='bbox 1539 958 1781 1029; x_wconf 82' lang='lat' dir='ltr'><strong>synodus</strong></span> <span class='ocrx_word' id='word_1_61' title='bbox 1814 968 2056 1026; x_wconf 87' lang='lat' dir='ltr'><strong>cuperet,</strong></span> 
     </span>
    </p>
   </div>
   <div class='ocr_carea' id='block_1_12' title="bbox 486 1051 2057 1123">
    <p class='ocr_par' dir='ltr' id='par_1_12' title="bbox 486 1051 2057 1123">
     <span class='ocr_line' id='line_1_12' title="bbox 486 1051 2057 1123; baseline -0.003 -17"><span class='ocrx_word' id='word_1_62' title='bbox 486 1054 663 1109; x_wconf 79' lang='lat' dir='ltr'><strong>abiis</strong></span> <span class='ocrx_word' id='word_1_63' title='bbox 716 1068 936 1123; x_wconf 85' lang='lat' dir='ltr'><strong>quoque</strong></span> <span class='ocrx_word' id='word_1_64' title='bbox 993 1055 1130 1106; x_wconf 82' lang='lat' dir='ltr'><strong>cibis</strong></span> <span class='ocrx_word' id='word_1_65' title='bbox 1181 1053 1562 1107; x_wconf 82' lang='lat' dir='ltr'><strong>abstinendum</strong></span> <span class='ocrx_word' id='word_1_66' title='bbox 1617 1067 1738 1105; x_wconf 87' lang='lat' dir='ltr'><strong>esse</strong></span> <span class='ocrx_word' id='word_1_67' title='bbox 1791 1051 2057 1104; x_wconf 88' lang='lat' dir='ltr'><strong>decernit.</strong></span> 
     </span>
    </p>
   </div>
   <div class='ocr_carea' id='block_1_13' title="bbox 484 1143 2059 1216">
    <p class='ocr_par' dir='ltr' id='par_1_13' title="bbox 484 1143 2059 1216">
     <span class='ocr_line' id='line_1_13' title="bbox 484 1143 2059 1216; baseline -0.004 -14"><span class='ocrx_word' id='word_1_68' title='bbox 484 1147 961 1213; x_wconf 80' lang='lat' dir='ltr'><strong>QUemadmodum</strong></span> <span class='ocrx_word' id='word_1_69' title='bbox 993 1148 1162 1208; x_wconf 89' lang='lat' dir='ltr'><strong>enim,</strong></span> <span class='ocrx_word' id='word_1_70' title='bbox 1193 1147 1391 1216; x_wconf 91' lang='lat' dir='ltr'><strong>inquit,</strong></span> <span class='ocrx_word' id='word_1_71' title='bbox 1424 1146 1571 1199; x_wconf 87' lang='lat' dir='ltr'><strong>omni</strong></span> <span class='ocrx_word' id='word_1_72' title='bbox 1603 1144 1906 1205; x_wconf 83' lang='lat' dir='ltr'><strong>mactabili,</strong></span> <span class='ocrx_word' id='word_1_73' title='bbox 1940 1143 2059 1196; x_wconf 89' lang='lat' dir='ltr'><strong>ani-</strong></span> 
     </span>
    </p>
   </div>
   <div class='ocr_carea' id='block_1_14' title="bbox 492 1236 2054 1308">
    <p class='ocr_par' dir='ltr' id='par_1_14' title="bbox 492 1236 2054 1308">
     <span class='ocr_line' id='line_1_14' title="bbox 492 1236 2054 1308; baseline -0.003 -15"><span class='ocrx_word' id='word_1_74' title='bbox 492 1242 772 1293; x_wconf 84' lang='lat' dir='ltr'><strong>mantibus</strong></span> <span class='ocrx_word' id='word_1_75' title='bbox 804 1240 1084 1305; x_wconf 82' lang='lat' dir='ltr'><strong>videlicet,</strong></span> <span class='ocrx_word' id='word_1_76' title='bbox 1116 1254 1236 1308; x_wconf 66' lang='lat' dir='ltr'><strong>quae</strong></span> <span class='ocrx_word' id='word_1_77' title='bbox 1264 1240 1489 1293; x_wconf 89' lang='lat' dir='ltr'><strong>mactari</strong></span> <span class='ocrx_word' id='word_1_78' title='bbox 1518 1237 1830 1308; x_wconf 84' lang='lat' dir='ltr'><strong>jugularive</strong></span> <span class='ocrx_word' id='word_1_79' title='bbox 1858 1236 2054 1297; x_wconf 85' lang='lat' dir='ltr'><strong>solent.</strong></span> 
     </span>
    </p>
   </div>
   <div class='ocr_carea' id='block_1_15' title="bbox 491 1329 2060 1403">
    <p class='ocr_par' dir='ltr' id='par_1_15' title="bbox 491 1329 2060 1403">
     <span class='ocr_line' id='line_1_15' title="bbox 491 1329 2060 1403; baseline -0.004 -15"><span class='ocrx_word' id='word_1_80' title='bbox 491 1348 833 1403; x_wconf 76' lang='lat' dir='ltr'><strong>nequaquam</strong></span> <span class='ocrx_word' id='word_1_81' title='bbox 886 1334 1181 1395; x_wconf 77' lang='lat' dir='ltr'><strong>vescimur,</strong></span> <span class='ocrx_word' id='word_1_82' title='bbox 1231 1332 1302 1384; x_wconf 87' lang='lat' dir='ltr'><strong>ita</strong></span> <span class='ocrx_word' id='word_1_83' title='bbox 1353 1338 1405 1384; x_wconf 91' lang='lat' dir='ltr'><strong>et</strong></span> <span class='ocrx_word' id='word_1_84' title='bbox 1443 1345 1656 1400; x_wconf 68' lang='lat' dir='ltr'><strong>quac-ex</strong></span> <span class='ocrx_word' id='word_1_85' title='bbox 1700 1330 1890 1384; x_wconf 85' lang='lat' dir='ltr'><strong>iisdem</strong></span> <span class='ocrx_word' id='word_1_86' title='bbox 1942 1329 2060 1382; x_wconf 87' lang='lat' dir='ltr'><strong>ani-</strong></span> 
     </span>
    </p>
   </div>
   <div class='ocr_carea' id='block_1_16' title="bbox 494 1419 2056 1494">
    <p class='ocr_par' dir='ltr' id='par_1_16' title="bbox 494 1419 2056 1494">
     <span class='ocr_line' id='line_1_16' title="bbox 494 1419 2056 1494; baseline -0.001 -18"><span class='ocrx_word' id='word_1_87' title='bbox 494 1424 771 1479; x_wconf 85' lang='lat' dir='ltr'><strong>mantibus</strong></span> <span class='ocrx_word' id='word_1_88' title='bbox 794 1424 1101 1494; x_wconf 84' lang='lat' dir='ltr'><strong>gignuntur</strong></span> <span class='ocrx_word' id='word_1_89' title='bbox 1132 1423 1397 1490; x_wconf 80' lang='lat' dir='ltr'><strong>attingere</strong></span> <span class='ocrx_word' id='word_1_90' title='bbox 1432 1436 1538 1475; x_wconf 91' lang='lat' dir='ltr'><strong>non</strong></span> <span class='ocrx_word' id='word_1_91' title='bbox 1571 1428 1808 1491; x_wconf 78' lang='lat' dir='ltr'><strong>Oportet.</strong></span> <span class='ocrx_word' id='word_1_92' title='bbox 1864 1419 1931 1472; x_wconf 87' lang='lat' dir='ltr'><strong>Et</strong></span> <span class='ocrx_word' id='word_1_93' title='bbox 1960 1434 2056 1475; x_wconf 87' lang='lat' dir='ltr'><strong>eos</strong></span> 
     </span>
    </p>
   </div>
   <div class='ocr_carea' id='block_1_17' title="bbox 492 1510 2053 1583">
    <p class='ocr_par' dir='ltr' id='par_1_17' title="bbox 492 1510 2053 1583">
     <span class='ocr_line' id='line_1_17' title="bbox 492 1510 2053 1583; baseline -0.002 -17"><span class='ocrx_word' id='word_1_94' title='bbox 492 1516 586 1583; x_wconf 77' lang='lat' dir='ltr'><strong>qui</strong></span> <span class='ocrx_word' id='word_1_95' title='bbox 641 1517 754 1569; x_wconf 77' lang='lat' dir='ltr'><strong>inec</strong></span> <span class='ocrx_word' id='word_1_96' title='bbox 788 1516 1004 1569; x_wconf 88' lang='lat' dir='ltr'><strong>decreta</strong></span> <span class='ocrx_word' id='word_1_97' title='bbox 1050 1529 1160 1567; x_wconf 90' lang='lat' dir='ltr'><strong>non</strong></span> <span class='ocrx_word' id='word_1_98' title='bbox 1216 1514 1534 1575; x_wconf 79' lang='lat' dir='ltr'><strong>observant,</strong></span> <span class='ocrx_word' id='word_1_99' title='bbox 1567 1512 1798 1566; x_wconf 84' lang='lat' dir='ltr'><strong>clericos</strong></span> <span class='ocrx_word' id='word_1_100' title='bbox 1833 1510 2053 1581; x_wconf 83' lang='lat' dir='ltr'><strong>deponi,</strong></span> 
     </span>
    </p>
   </div>
   <div class='ocr_carea' id='block_1_18' title="bbox 492 1603 1669 1675">
    <p class='ocr_par' dir='ltr' id='par_1_18' title="bbox 492 1603 1669 1675">
     <span class='ocr_line' id='line_1_18' title="bbox 492 1603 1669 1675; baseline -0.003 -17"><span class='ocrx_word' id='word_1_101' title='bbox 492 1606 663 1660; x_wconf 90' lang='lat' dir='ltr'><strong>laicos</strong></span> <span class='ocrx_word' id='word_1_102' title='bbox 699 1621 829 1659; x_wconf 84' lang='lat' dir='ltr'><strong>vero</strong></span> <span class='ocrx_word' id='word_1_103' title='bbox 882 1606 1259 1675; x_wconf 74' lang='lat' dir='ltr'><strong>segregatione</strong></span> <span class='ocrx_word' id='word_1_104' title='bbox 1289 1603 1471 1674; x_wconf 88' lang='lat' dir='ltr'><strong>puniri</strong></span> <span class='ocrx_word' id='word_1_105' title='bbox 1495 1603 1669 1672; x_wconf 84' lang='lat' dir='ltr'><strong>jubet.</strong></span> 
     </span>
    </p>
   </div>
   <div class='ocr_carea' id='block_1_19' title="bbox 491 1692 2056 1763">
    <p class='ocr_par' dir='ltr' id='par_1_19' title="bbox 491 1692 2056 1763">
     <span class='ocr_line' id='line_1_19' title="bbox 491 1692 2056 1763; baseline -0.004 -11"><span class='ocrx_word' id='word_1_106' title='bbox 491 1699 717 1756; x_wconf 81' lang='lat' dir='ltr'><strong>ABIST.</strong></span> <span class='ocrx_word' id='word_1_107' title='bbox 759 1718 778 1751; x_wconf 81' lang='grc' dir='ltr'><strong>ι</strong></span> <span class='ocrx_word' id='word_1_108' title='bbox 808 1698 1049 1753; x_wconf 80' lang='lat' dir='ltr'><strong>Armenii</strong></span> <span class='ocrx_word' id='word_1_109' title='bbox 1105 1711 1205 1751; x_wconf 87' lang='lat' dir='ltr'><strong>ova</strong></span> <span class='ocrx_word' id='word_1_110' title='bbox 1239 1707 1293 1751; x_wconf 86' lang='lat' dir='ltr'><strong>et</strong></span> <span class='ocrx_word' id='word_1_111' title='bbox 1342 1711 1563 1750; x_wconf 88' lang='lat' dir='ltr'><strong>caseum</strong></span> <span class='ocrx_word' id='word_1_112' title='bbox 1618 1692 2056 1763; x_wconf 66' lang='lat' dir='ltr'><strong>Quadragcsima</strong></span> 
     </span>
    </p>
   </div>
   <div class='ocr_carea' id='block_1_20' title="bbox 2166 500 3057 573">
    <p class='ocr_par' dir='ltr' id='par_1_20' title="bbox 2166 500 3057 573">
     <span class='ocr_line' id='line_1_20' title="bbox 2166 500 3057 573; baseline -0.003 -18"><span class='ocrx_word' id='word_1_113' title='bbox 2166 500 2761 571; x_wconf 83' lang='grc' dir='ltr'>Τεσσαρακονθήμερον</span> <span class='ocrx_word' id='word_1_114' title='bbox 2781 502 3057 573; x_wconf 59' lang='grc' dir='ltr'>νηστείαν.</span> 
     </span>
    </p>
   </div>
   <div class='ocr_carea' id='block_1_21' title="bbox 2226 591 3713 663">
    <p class='ocr_par' dir='ltr' id='par_1_21' title="bbox 2226 591 3713 663">
     <span class='ocr_line' id='line_1_21' title="bbox 2226 591 3713 663; baseline -0.003 -16"><span class='ocrx_word' id='word_1_115' title='bbox 2226 595 2471 648; x_wconf 80' lang='grc' dir='ltr'><strong>ΖΩΝΑΡ.</strong></span> <span class='ocrx_word' id='word_1_116' title='bbox 2523 595 2586 646; x_wconf 84' lang='lat' dir='ltr'><strong>Ol</strong></span> <span class='ocrx_word' id='word_1_117' title='bbox 2622 595 2678 646; x_wconf 79' lang='grc' dir='ltr'>ὲν</span> <span class='ocrx_word' id='word_1_118' title='bbox 2711 594 2832 656; x_wconf 83' lang='grc' dir='ltr'>ταῖς</span> <span class='ocrx_word' id='word_1_119' title='bbox 2862 592 3067 663; x_wconf 81' lang='grc' dir='ltr'><strong>χώραις</strong></span> <span class='ocrx_word' id='word_1_120' title='bbox 3109 592 3353 652; x_wconf 73' lang='grc' dir='ltr'><strong>ἐκείναις</strong></span> <span class='ocrx_word' id='word_1_121' title='bbox 3387 591 3713 661; x_wconf 67' lang='grc' dir='ltr'>Χριστιανοὶ,</span> 
     </span>
    </p>
   </div>
   <div class='ocr_carea' id='block_1_22' title="bbox 2159 670 3717 757">
    <p class='ocr_par' dir='ltr' id='par_1_22' title="bbox 2159 670 3717 757">
     <span class='ocr_line' id='line_1_22' title="bbox 2159 670 3717 757; baseline -0.001 -19"><span class='ocrx_word' id='word_1_122' title='bbox 2159 686 2434 757; x_wconf 78' lang='grc' dir='ltr'><strong>εὑρόντες,</strong></span> <span class='ocrx_word' id='word_1_123' title='bbox 2469 685 2546 746; x_wconf 85' lang='grc' dir='ltr'>ὡς</span> <span class='ocrx_word' id='word_1_124' title='bbox 2571 686 2737 744; x_wconf 80' lang='grc' dir='ltr'>ἔοικε,</span> <span class='ocrx_word' id='word_1_125' title='bbox 2762 684 2854 737; x_wconf 81' lang='grc' dir='ltr'><strong>τὸν</strong></span> <span class='ocrx_word' id='word_1_126' title='bbox 2882 670 3089 736; x_wconf 80' lang='grc' dir='ltr'>κανόνᾶ</span> <span class='ocrx_word' id='word_1_127' title='bbox 3106 686 3197 736; x_wconf 73' lang='grc' dir='ltr'>τὸν</span> <span class='ocrx_word' id='word_1_128' title='bbox 3238 685 3476 751; x_wconf 82' lang='grc' dir='ltr'>λέγοντα</span> <span class='ocrx_word' id='word_1_129' title='bbox 3509 683 3579 752; x_wconf 83' lang='grc' dir='ltr'>μὴ</span> <span class='ocrx_word' id='word_1_130' title='bbox 3612 684 3717 737; x_wconf 86' lang='grc' dir='ltr'>δεῖν</span> 
     </span>
    </p>
   </div>
   <div class='ocr_carea' id='block_1_23' title="bbox 2158 776 3721 846">
    <p class='ocr_par' dir='ltr' id='par_1_23' title="bbox 2158 776 3721 846">
     <span class='ocr_line' id='line_1_23' title="bbox 2158 776 3721 846; baseline -0.001 -17"><span class='ocrx_word' id='word_1_131' title='bbox 2158 776 2216 829; x_wconf 85' lang='grc' dir='ltr'><strong>ἐν</strong></span> <span class='ocrx_word' id='word_1_132' title='bbox 2244 777 2355 838; x_wconf 75' lang='grc' dir='ltr'>τοῖς</span> <span class='ocrx_word' id='word_1_133' title='bbox 2391 776 2692 836; x_wconf 82' lang='grc' dir='ltr'>Σαεϐἁτοις</span> <span class='ocrx_word' id='word_1_134' title='bbox 2724 776 2818 828; x_wconf 75' lang='grc' dir='ltr'>καὶ</span> <span class='ocrx_word' id='word_1_135' title='bbox 2845 776 2966 838; x_wconf 88' lang='grc' dir='ltr'>ταῖς</span> <span class='ocrx_word' id='word_1_136' title='bbox 3014 778 3329 846; x_wconf 75' lang='grc' dir='ltr'>Κυριακαῖς</span> <span class='ocrx_word' id='word_1_137' title='bbox 3376 776 3474 844; x_wconf 83' lang='grc' dir='ltr'><strong>τῆς</strong></span> <span class='ocrx_word' id='word_1_138' title='bbox 3525 777 3721 829; x_wconf 73' lang='grc' dir='ltr'>Τεσσα-</span> 
     </span>
    </p>
   </div>
   <div class='ocr_carea' id='block_1_24' title="bbox 2162 856 3716 935">
    <p class='ocr_par' dir='ltr' id='par_1_24' title="bbox 2162 856 3716 935">
     <span class='ocr_line' id='line_1_24' title="bbox 2162 856 3716 935; baseline 0.001 -19"><span class='ocrx_word' id='word_1_139' title='bbox 2162 868 2430 934; x_wconf 80' lang='grc' dir='ltr'>ρακοστῆς</span> <span class='ocrx_word' id='word_1_140' title='bbox 2455 856 2757 935; x_wconf 60' lang='grc' dir='ltr'>νηστεύειν,</span> <span class='ocrx_word' id='word_1_141' title='bbox 2788 863 2872 918; x_wconf 77' lang='grc' dir='ltr'>ὠὰ</span> <span class='ocrx_word' id='word_1_142' title='bbox 2896 866 2991 918; x_wconf 80' lang='grc' dir='ltr'><strong>καὶ</strong></span> <span class='ocrx_word' id='word_1_143' title='bbox 3023 864 3187 934; x_wconf 75' lang='grc' dir='ltr'>τυρδν</span> <span class='ocrx_word' id='word_1_144' title='bbox 3208 866 3267 914; x_wconf 87' lang='grc' dir='ltr'><strong>ἐν</strong></span> <span class='ocrx_word' id='word_1_145' title='bbox 3289 864 3484 925; x_wconf 72' lang='grc' dir='ltr'>αὑταῖς</span> <span class='ocrx_word' id='word_1_146' title='bbox 3522 863 3716 933; x_wconf 68' lang='grc' dir='ltr'>ἢσθιον.</span> 
     </span>
    </p>
   </div>
   <div class='ocr_carea' id='block_1_25' title="bbox 2159 955 3719 1027">
    <p class='ocr_par' dir='ltr' id='par_1_25' title="bbox 2159 955 3719 1027">
     <span class='ocr_line' id='line_1_25' title="bbox 2159 955 3719 1027; baseline 0 -17"><span class='ocrx_word' id='word_1_147' title='bbox 2159 956 2331 1011; x_wconf 80' lang='grc' dir='ltr'>Τοῦτο</span> <span class='ocrx_word' id='word_1_148' title='bbox 2362 957 2455 1009; x_wconf 76' lang='grc' dir='ltr'><strong>οὖν</strong></span> <span class='ocrx_word' id='word_1_149' title='bbox 2496 957 2851 1027; x_wconf 87' lang='grc' dir='ltr'>διορθουμὲνη</span> <span class='ocrx_word' id='word_1_150' title='bbox 2917 957 2951 1025; x_wconf 85' lang='grc' dir='ltr'><strong>ή</strong></span> <span class='ocrx_word' id='word_1_151' title='bbox 3013 956 3230 1020; x_wconf 79' lang='grc' dir='ltr'><strong>σύνοδος</strong></span> <span class='ocrx_word' id='word_1_152' title='bbox 3271 955 3609 1025; x_wconf 75' lang='grc' dir='ltr'><strong>ἀπαγορεύει</strong></span> <span class='ocrx_word' id='word_1_153' title='bbox 3665 958 3719 1010; x_wconf 73' lang='grc' dir='ltr'>τὸ</span> 
     </span>
    </p>
   </div>
   <div class='ocr_carea' id='block_1_26' title="bbox 2156 1042 3718 1119">
    <p class='ocr_par' dir='ltr' id='par_1_26' title="bbox 2156 1042 3718 1119">
     <span class='ocr_line' id='line_1_26' title="bbox 2156 1042 3718 1119; baseline 0 -19"><span class='ocrx_word' id='word_1_154' title='bbox 2156 1050 2332 1103; x_wconf 79' lang='grc' dir='ltr'>ταῦτα</span> <span class='ocrx_word' id='word_1_155' title='bbox 2366 1047 2587 1113; x_wconf 77' lang='grc' dir='ltr'>ἐσθίειν,</span> <span class='ocrx_word' id='word_1_156' title='bbox 2628 1049 2863 1116; x_wconf 83' lang='grc' dir='ltr'>λέγουσα</span> <span class='ocrx_word' id='word_1_157' title='bbox 2896 1042 3212 1119; x_wconf 79' lang='grc' dir='ltr'>ὅτι,’ὦσπερ</span> <span class='ocrx_word' id='word_1_158' title='bbox 3241 1048 3561 1117; x_wconf 77' lang='grc' dir='ltr'>ἀπεχόμεθα</span> <span class='ocrx_word' id='word_1_159' title='bbox 3592 1065 3718 1101; x_wconf 90' lang='grc' dir='ltr'>παν-</span> 
     </span>
    </p>
   </div>
   <div class='ocr_carea' id='block_1_27' title="bbox 2154 1138 3724 1213">
    <p class='ocr_par' dir='ltr' id='par_1_27' title="bbox 2154 1138 3724 1213">
     <span class='ocr_line' id='line_1_27' title="bbox 2154 1138 3724 1213; baseline -0.001 -20"><span class='ocrx_word' id='word_1_160' title='bbox 2154 1142 2306 1193; x_wconf 73' lang='grc' dir='ltr'>τοίου</span> <span class='ocrx_word' id='word_1_161' title='bbox 2339 1138 2522 1201; x_wconf 82' lang='grc' dir='ltr'>θυτοῦ.</span> <span class='ocrx_word' id='word_1_162' title='bbox 2569 1141 2725 1207; x_wconf 81' lang='grc' dir='ltr'>ζώων</span> <span class='ocrx_word' id='word_1_163' title='bbox 2751 1143 2950 1213; x_wconf 83' lang='grc' dir='ltr'>δηλαδὴ</span> <span class='ocrx_word' id='word_1_164' title='bbox 2975 1144 3259 1213; x_wconf 80' lang='grc' dir='ltr'>θυομένων</span> <span class='ocrx_word' id='word_1_165' title='bbox 3301 1144 3425 1211; x_wconf 67' lang='grc' dir='ltr'>ἦτοι</span> <span class='ocrx_word' id='word_1_166' title='bbox 3464 1140 3724 1208; x_wconf 69' lang='grc' dir='ltr'>σφαζομέ-</span> 
     </span>
    </p>
   </div>
   <div class='ocr_carea' id='block_1_28' title="bbox 2158 1233 3722 1304">
    <p class='ocr_par' dir='ltr' id='par_1_28' title="bbox 2158 1233 3722 1304">
     <span class='ocr_line' id='line_1_28' title="bbox 2158 1233 3722 1304; baseline -0.001 -18"><span class='ocrx_word' id='word_1_167' title='bbox 2158 1249 2285 1296; x_wconf 90' lang='grc' dir='ltr'>νων,</span> <span class='ocrx_word' id='word_1_168' title='bbox 2322 1233 2466 1286; x_wconf 76' lang='grc' dir='ltr'>οὕτω</span> <span class='ocrx_word' id='word_1_169' title='bbox 2484 1235 2579 1288; x_wconf 77' lang='grc' dir='ltr'><strong>καὶ</strong></span> <span class='ocrx_word' id='word_1_170' title='bbox 2616 1234 2724 1288; x_wconf 80' lang='grc' dir='ltr'>τῶν</span> <span class='ocrx_word' id='word_1_171' title='bbox 2761 1235 2820 1299; x_wconf 81' lang='grc' dir='ltr'><strong>ἐξ</strong></span> <span class='ocrx_word' id='word_1_172' title='bbox 2866 1237 3045 1287; x_wconf 79' lang='grc' dir='ltr'>αὐτῶν</span> <span class='ocrx_word' id='word_1_173' title='bbox 3094 1236 3401 1304; x_wconf 78' lang='grc' dir='ltr'>γινομένων</span> <span class='ocrx_word' id='word_1_174' title='bbox 3438 1233 3722 1302; x_wconf 78' lang='grc' dir='ltr'>ἀπέχεσθαι</span> 
     </span>
    </p>
   </div>
   <div class='ocr_carea' id='block_1_29' title="bbox 2152 1324 3725 1398">
    <p class='ocr_par' dir='ltr' id='par_1_29' title="bbox 2152 1324 3725 1398">
     <span class='ocr_line' id='line_1_29' title="bbox 2152 1324 3725 1398; baseline -0.002 -20"><span class='ocrx_word' id='word_1_175' title='bbox 2152 1324 2256 1387; x_wconf 84' lang='grc' dir='ltr'>δεῖ,</span> <span class='ocrx_word' id='word_1_176' title='bbox 2283 1325 2382 1379; x_wconf 76' lang='grc' dir='ltr'>καὶ</span> <span class='ocrx_word' id='word_1_177' title='bbox 2419 1327 2545 1388; x_wconf 76' lang='grc' dir='ltr'>τοὺς</span> <span class='ocrx_word' id='word_1_178' title='bbox 2576 1328 2650 1397; x_wconf 80' lang='grc' dir='ltr'>μὴ</span> <span class='ocrx_word' id='word_1_179' title='bbox 2673 1329 2743 1382; x_wconf 81' lang='grc' dir='ltr'>τὰ</span> <span class='ocrx_word' id='word_1_180' title='bbox 2771 1329 3173 1398; x_wconf 72' lang='grc' dir='ltr'>διατεταγμένα</span> <span class='ocrx_word' id='word_1_181' title='bbox 3212 1328 3395 1381; x_wconf 78' lang='grc' dir='ltr'>ταῦτα</span> <span class='ocrx_word' id='word_1_182' title='bbox 3444 1326 3725 1394; x_wconf 55' lang='grc' dir='ltr'>φυλάττονι</span> 
     </span>
    </p>
   </div>
   <div class='ocr_carea' id='block_1_30' title="bbox 2150 1415 3723 1489">
    <p class='ocr_par' dir='ltr' id='par_1_30' title="bbox 2150 1415 3723 1489">
     <span class='ocr_line' id='line_1_30' title="bbox 2150 1415 3723 1489; baseline 0 -20"><span class='ocrx_word' id='word_1_183' title='bbox 2150 1433 2256 1479; x_wconf 75' lang='grc' dir='ltr'><strong>τας</strong></span> <span class='ocrx_word' id='word_1_184' title='bbox 2282 1415 2578 1488; x_wconf 76' lang='grc' dir='ltr'>κληρικοὺς</span> <span class='ocrx_word' id='word_1_185' title='bbox 2609 1418 2987 1489; x_wconf 74' lang='grc' dir='ltr'><strong>καθαιρεῖσθαι</strong></span> <span class='ocrx_word' id='word_1_186' title='bbox 3014 1418 3227 1473; x_wconf 78' lang='grc' dir='ltr'>κελεύει</span> <span class='ocrx_word' id='word_1_187' title='bbox 3248 1436 3261 1449; x_wconf 92' lang='grc'><strong>·</strong></span> <span class='ocrx_word' id='word_1_188' title='bbox 3284 1420 3413 1482; x_wconf 72' lang='grc' dir='ltr'>τοὺς</span> <span class='ocrx_word' id='word_1_189' title='bbox 3439 1419 3493 1471; x_wconf 78' lang='grc' dir='ltr'>δὲ</span> <span class='ocrx_word' id='word_1_190' title='bbox 3518 1417 3723 1477; x_wconf 72' lang='grc' dir='ltr'>λαῖκοὺς</span> 
     </span>
    </p>
   </div>
   <div class='ocr_carea' id='block_1_31' title="bbox 2151 1507 2535 1580">
    <p class='ocr_par' dir='ltr' id='par_1_31' title="bbox 2151 1507 2535 1580">
     <span class='ocr_line' id='line_1_31' title="bbox 2151 1507 2535 1580; baseline 0.003 -18"><span class='ocrx_word' id='word_1_191' title='bbox 2151 1507 2535 1580; x_wconf 68' lang='grc' dir='ltr'><strong>ἀφορίζεσθαι.</strong></span> 
     </span>
    </p>
   </div>
   <div class='ocr_carea' id='block_1_32' title="bbox 2163 1688 3723 1761">
    <p class='ocr_par' dir='ltr' id='par_1_32' title="bbox 2163 1688 3723 1761">
     <span class='ocr_line' id='line_1_32' title="bbox 2163 1688 3723 1761; baseline 0.004 -21"><span class='ocrx_word' id='word_1_192' title='bbox 2163 1688 2386 1742; x_wconf 76' lang='grc' dir='ltr'><strong>ΔΡΙΣΤ.</strong></span> <span class='ocrx_word' id='word_1_193' title='bbox 2441 1708 2458 1740; x_wconf 85' lang='grc' dir='ltr'><strong>ι</strong></span> <span class='ocrx_word' id='word_1_194' title='bbox 2496 1691 2558 1743; x_wconf 77' lang='grc' dir='ltr'><strong>Οἱ</strong></span> <span class='ocrx_word' id='word_1_195' title='bbox 2604 1691 2875 1761; x_wconf 82' lang='grc' dir='ltr'><strong>Ἀρμένιοι</strong></span> <span class='ocrx_word' id='word_1_196' title='bbox 2900 1690 2985 1746; x_wconf 62' lang='lat' dir='ltr'><strong>os</strong></span> <span class='ocrx_word' id='word_1_197' title='bbox 3014 1692 3105 1745; x_wconf 69' lang='grc' dir='ltr'><strong>καὶ</strong></span> <span class='ocrx_word' id='word_1_198' title='bbox 3133 1693 3301 1761; x_wconf 69' lang='grc' dir='ltr'>τυρὸν</span> <span class='ocrx_word' id='word_1_199' title='bbox 3333 1694 3448 1753; x_wconf 76' lang='grc' dir='ltr'>τοῖς</span> <span class='ocrx_word' id='word_1_200' title='bbox 3472 1692 3566 1761; x_wconf 82' lang='grc' dir='ltr'>τῆς</span> <span class='ocrx_word' id='word_1_201' title='bbox 3597 1695 3723 1747; x_wconf 82' lang='grc' dir='ltr'>Τεσ-</span> 
     </span>
    </p>
   </div>
   <div class='ocr_carea' id='block_1_33' title="bbox 569 1774 2055 1855">
    <p class='ocr_par' dir='ltr' id='par_1_33' title="bbox 569 1787 2055 1855">
     <span class='ocr_line' id='line_1_33' title="bbox 569 1787 2055 1855; baseline -0.003 -12"><span class='ocrx_word' id='word_1_202' title='bbox 569 1810 588 1843; x_wconf 80' lang='grc' dir='ltr'><strong>ι</strong></span> <span class='ocrx_word' id='word_1_203' title='bbox 618 1790 873 1844; x_wconf 79' lang='lat' dir='ltr'><strong>Salibatis</strong></span> <span class='ocrx_word' id='word_1_204' title='bbox 896 1790 1205 1845; x_wconf 84' lang='lat' dir='ltr'><strong>comedunt.</strong></span> <span class='ocrx_word' id='word_1_205' title='bbox 1229 1788 1458 1842; x_wconf 88' lang='lat' dir='ltr'><strong>Cautum</strong></span> <span class='ocrx_word' id='word_1_206' title='bbox 1489 1797 1573 1841; x_wconf 88' lang='lat' dir='ltr'><strong>est</strong></span> <span class='ocrx_word' id='word_1_207' title='bbox 1594 1787 1782 1855; x_wconf 89' lang='lat' dir='ltr'><strong>igitur,</strong></span> <span class='ocrx_word' id='word_1_208' title='bbox 1808 1794 1866 1837; x_wconf 92' lang='lat' dir='ltr'><strong>ut</strong></span> <span class='ocrx_word' id='word_1_209' title='bbox 1910 1794 2055 1839; x_wconf 87' lang='lat' dir='ltr'><strong>totus</strong></span> 
     </span>
    </p>
   </div>
   <div class='ocr_carea' id='block_1_34' title="bbox 2155 1774 3724 1855">
    <p class='ocr_par' dir='ltr' id='par_1_34' title="bbox 2242 1782 3724 1853">
     <span class='ocr_line' id='line_1_34' title="bbox 2242 1782 3724 1853; baseline 0.005 -22"><span class='ocrx_word' id='word_1_210' title='bbox 2242 1795 2261 1830; x_wconf 76' lang='grc' dir='ltr'><strong>ι</strong></span> <span class='ocrx_word' id='word_1_211' title='bbox 2308 1782 2653 1851; x_wconf 82' lang='grc' dir='ltr'>σαρακοστῆς</span> <span class='ocrx_word' id='word_1_212' title='bbox 2687 1783 2923 1835; x_wconf 80' lang='grc' dir='ltr'>ἐσθίουσι</span> <span class='ocrx_word' id='word_1_213' title='bbox 2958 1784 3230 1838; x_wconf 79' lang='grc' dir='ltr'>Σαϐϐασιν</span> <span class='ocrx_word' id='word_1_214' title='bbox 3254 1800 3271 1817; x_wconf 78' lang='grc'><strong>⁸</strong></span> <span class='ocrx_word' id='word_1_215' title='bbox 3304 1783 3541 1853; x_wconf 80' lang='grc' dir='ltr'>ὥρισται</span> <span class='ocrx_word' id='word_1_216' title='bbox 3558 1785 3724 1838; x_wconf 84' lang='grc' dir='ltr'>τοίνυν</span> 
     </span>
    </p>
   </div>
   <div class='ocr_carea' id='block_1_35' title="bbox 569 1873 2056 1934">
    <p class='ocr_par' dir='ltr' id='par_1_35' title="bbox 569 1873 2056 1934">
     <span class='ocr_line' id='line_1_35' title="bbox 569 1873 2056 1934; baseline -0.003 -3"><span class='ocrx_word' id='word_1_217' title='bbox 569 1898 588 1931; x_wconf 81' lang='grc' dir='ltr'><strong>ι</strong></span> <span class='ocrx_word' id='word_1_218' title='bbox 621 1889 892 1934; x_wconf 79' lang='lat' dir='ltr'><strong>terrarum</strong></span> <span class='ocrx_word' id='word_1_219' title='bbox 925 1878 1076 1934; x_wconf 82' lang='lat' dir='ltr'><strong>orbis</strong></span> <span class='ocrx_word' id='word_1_220' title='bbox 1120 1879 1188 1931; x_wconf 85' lang='lat' dir='ltr'><strong>ab</strong></span> <span class='ocrx_word' id='word_1_221' title='bbox 1230 1878 1352 1933; x_wconf 87' lang='lat' dir='ltr'><strong>istis</strong></span> <span class='ocrx_word' id='word_1_222' title='bbox 1402 1877 1567 1931; x_wconf 87' lang='lat' dir='ltr'><strong>etiam</strong></span> <span class='ocrx_word' id='word_1_223' title='bbox 1627 1874 1937 1929; x_wconf 84' lang='lat' dir='ltr'><strong>abstineat:</strong></span> <span class='ocrx_word' id='word_1_224' title='bbox 1973 1873 2056 1928; x_wconf 88' lang='lat' dir='ltr'><strong>sin</strong></span> 
     </span>
    </p>
   </div>
   <div class='ocr_carea' id='block_1_36' title="bbox 558 1970 1204 2043">
    <p class='ocr_par' dir='ltr' id='par_1_36' title="bbox 558 1970 1204 2043">
     <span class='ocr_line' id='line_1_36' title="bbox 558 1970 1204 2043; baseline -0.003 -19"><span class='ocrx_word' id='word_1_225' title='bbox 558 1990 586 2024; x_wconf 83' lang='grc' dir='ltr'>.ι</span> <span class='ocrx_word' id='word_1_226' title='bbox 615 1970 818 2039; x_wconf 86' lang='lat' dir='ltr'><strong>minus,</strong></span> <span class='ocrx_word' id='word_1_227' title='bbox 857 1970 1155 2043; x_wconf 88' lang='lat' dir='ltr'><strong>segregari.</strong></span> <span class='ocrx_word' id='word_1_228' title='bbox 1186 1989 1204 2021; x_wconf 73' lang='grc' dir='ltr'><strong>ι</strong></span> 
     </span>
    </p>
   </div>
   <div class='ocr_carea' id='block_1_37' title="bbox 1049 2058 1496 2119">
    <p class='ocr_par' dir='ltr' id='par_1_37' title="bbox 1049 2058 1496 2119">
     <span class='ocr_line' id='line_1_37' title="bbox 1049 2058 1496 2119; baseline -0.009 0"><span class='ocrx_word' id='word_1_229' title='bbox 1049 2064 1135 2119; x_wconf 80' lang='lat' dir='ltr'><strong>CA</strong></span> <span class='ocrx_word' id='word_1_230' title='bbox 1145 2060 1277 2119; x_wconf 70' lang='lat' dir='ltr'><strong>NON</strong></span> <span class='ocrx_word' id='word_1_231' title='bbox 1336 2058 1496 2115; x_wconf 79' lang='lat' dir='ltr'><strong>LVII.</strong></span> 
     </span>
    </p>
   </div>
   <div class='ocr_carea' id='block_1_38' title="bbox 498 2148 2052 2229">
    <p class='ocr_par' dir='ltr' id='par_1_38' title="bbox 498 2148 2052 2229">
     <span class='ocr_line' id='line_1_38' title="bbox 498 2148 2052 2229; baseline -0.003 -23"><span class='ocrx_word' id='word_1_232' title='bbox 498 2171 517 2206; x_wconf 81' lang='grc' dir='ltr'><strong>ι</strong></span> <span class='ocrx_word' id='word_1_233' title='bbox 549 2149 705 2218; x_wconf 85' lang='lat' dir='ltr'><strong>Quod</strong></span> <span class='ocrx_word' id='word_1_234' title='bbox 735 2150 803 2206; x_wconf 88' lang='lat' dir='ltr'><strong>ad</strong></span> <span class='ocrx_word' id='word_1_235' title='bbox 835 2151 1141 2229; x_wconf 47' lang='lat' dir='ltr'><strong>altarelmel</strong></span> <span class='ocrx_word' id='word_1_236' title='bbox 1174 2158 1229 2205; x_wconf 89' lang='lat' dir='ltr'><strong>et</strong></span> <span class='ocrx_word' id='word_1_237' title='bbox 1281 2151 1365 2205; x_wconf 86' lang='lat' dir='ltr'><strong>lac</strong></span> <span class='ocrx_word' id='word_1_238' title='bbox 1391 2148 1588 2204; x_wconf 75' lang='lat' dir='ltr'><strong>ollerre</strong></span> <span class='ocrx_word' id='word_1_239' title='bbox 1620 2162 1728 2203; x_wconf 90' lang='lat' dir='ltr'><strong>non</strong></span> <span class='ocrx_word' id='word_1_240' title='bbox 1762 2158 1997 2218; x_wconf 86' lang='lat' dir='ltr'><strong>oportet.</strong></span> <span class='ocrx_word' id='word_1_241' title='bbox 2033 2168 2052 2202; x_wconf 76' lang='grc' dir='ltr'><strong>ι</strong></span> 
     </span>
    </p>
   </div>
   <div class='ocr_carea' id='block_1_39' title="bbox 560 2327 2123 2399">
    <p class='ocr_par' dir='ltr' id='par_1_39' title="bbox 560 2327 2123 2399">
     <span class='ocr_line' id='line_1_39' title="bbox 560 2327 2123 2399; baseline -0.002 -16"><span class='ocrx_word' id='word_1_242' title='bbox 560 2329 757 2385; x_wconf 82' lang='lat' dir='ltr'><strong>BALS.</strong></span> <span class='ocrx_word' id='word_1_243' title='bbox 817 2328 893 2383; x_wconf 90' lang='lat' dir='ltr'><strong>De</strong></span> <span class='ocrx_word' id='word_1_244' title='bbox 949 2344 1013 2384; x_wconf 90' lang='lat' dir='ltr'><strong>eo</strong></span> <span class='ocrx_word' id='word_1_245' title='bbox 1049 2328 1169 2383; x_wconf 80' lang='lat' dir='ltr'><strong>fuse</strong></span> <span class='ocrx_word' id='word_1_246' title='bbox 1203 2329 1525 2397; x_wconf 87' lang='lat' dir='ltr'><strong>scripsimus</strong></span> <span class='ocrx_word' id='word_1_247' title='bbox 1554 2327 1607 2381; x_wconf 89' lang='lat' dir='ltr'><strong>in</strong></span> <span class='ocrx_word' id='word_1_248' title='bbox 1639 2327 1671 2379; x_wconf 78' lang='lat'><strong>&#39;5</strong></span> <span class='ocrx_word' id='word_1_249' title='bbox 1702 2342 1906 2381; x_wconf 90' lang='lat' dir='ltr'><strong>canone</strong></span> <span class='ocrx_word' id='word_1_250' title='bbox 1931 2341 2061 2380; x_wconf 87' lang='lat' dir='ltr'><strong>san-</strong></span> <span class='ocrx_word' id='word_1_251' title='bbox 2109 2380 2123 2399; x_wconf 66' lang='grc'><em>,</em></span> 
     </span>
    </p>
   </div>
   <div class='ocr_carea' id='block_1_40' title="bbox 488 2421 2053 2491">
    <p class='ocr_par' dir='ltr' id='par_1_40' title="bbox 488 2421 2053 2491">
     <span class='ocr_line' id='line_1_40' title="bbox 488 2421 2053 2491; baseline -0.003 -13"><span class='ocrx_word' id='word_1_252' title='bbox 488 2434 704 2478; x_wconf 82' lang='lat' dir='ltr'><strong>ctorum</strong></span> <span class='ocrx_word' id='word_1_253' title='bbox 732 2423 1129 2491; x_wconf 81' lang='lat' dir='ltr'><strong>apostolorum,</strong></span> <span class='ocrx_word' id='word_1_254' title='bbox 1152 2435 1253 2474; x_wconf 91' lang='lat' dir='ltr'><strong>nec</strong></span> <span class='ocrx_word' id='word_1_255' title='bbox 1278 2435 1339 2473; x_wconf 89' lang='lat' dir='ltr'><strong>ea</strong></span> <span class='ocrx_word' id='word_1_256' title='bbox 1365 2428 1494 2474; x_wconf 89' lang='lat' dir='ltr'><strong>sunt</strong></span> <span class='ocrx_word' id='word_1_257' title='bbox 1519 2434 1711 2475; x_wconf 80' lang='lat' dir='ltr'><strong>rursus</strong></span> <span class='ocrx_word' id='word_1_258' title='bbox 1739 2421 2053 2490; x_wconf 84' lang='lat' dir='ltr'><strong>repetenda.</strong></span> 
     </span>
    </p>
   </div>
   <div class='ocr_carea' id='block_1_41' title="bbox 489 2511 1595 2583">
    <p class='ocr_par' dir='ltr' id='par_1_41' title="bbox 489 2511 1595 2583">
     <span class='ocr_line' id='line_1_41' title="bbox 489 2511 1595 2583; baseline -0.005 -14"><span class='ocrx_word' id='word_1_259' title='bbox 489 2516 683 2581; x_wconf 71' lang='lat' dir='ltr'><strong>Quaere</strong></span> <span class='ocrx_word' id='word_1_260' title='bbox 713 2523 768 2567; x_wconf 92' lang='lat' dir='ltr'><strong>et</strong></span> <span class='ocrx_word' id='word_1_261' title='bbox 795 2512 865 2566; x_wconf 74' lang='lat'><strong>28</strong></span> <span class='ocrx_word' id='word_1_262' title='bbox 899 2526 1025 2567; x_wconf 86' lang='lat' dir='ltr'><strong>can.</strong></span> <span class='ocrx_word' id='word_1_263' title='bbox 1064 2512 1348 2583; x_wconf 66' lang='lat' dir='ltr'><strong>praesentis</strong></span> <span class='ocrx_word' id='word_1_264' title='bbox 1378 2511 1595 2583; x_wconf 77' lang='lat' dir='ltr'><strong>synodi.</strong></span> 
     </span>
    </p>
   </div>
   <div class='ocr_carea' id='block_1_42' title="bbox 561 2690 2058 2762">
    <p class='ocr_par' dir='ltr' id='par_1_42' title="bbox 561 2690 2058 2762">
     <span class='ocr_line' id='line_1_42' title="bbox 561 2690 2058 2762; baseline -0.003 -15"><span class='ocrx_word' id='word_1_265' title='bbox 561 2691 816 2749; x_wconf 80' lang='lat' dir='ltr'><strong>ZONAR.</strong></span> <span class='ocrx_word' id='word_1_266' title='bbox 854 2690 969 2748; x_wconf 80' lang='lat' dir='ltr'><strong>Hoc</strong></span> <span class='ocrx_word' id='word_1_267' title='bbox 1007 2691 1170 2747; x_wconf 85' lang='lat' dir='ltr'><strong>tertio</strong></span> <span class='ocrx_word' id='word_1_268' title='bbox 1224 2705 1443 2762; x_wconf 86' lang='lat' dir='ltr'><strong>quoque</strong></span> <span class='ocrx_word' id='word_1_269' title='bbox 1494 2696 1809 2746; x_wconf 88' lang='lat' dir='ltr'><strong>sanctorum</strong></span> <span class='ocrx_word' id='word_1_270' title='bbox 1843 2698 2058 2758; x_wconf 85' lang='lat' dir='ltr'><strong>aposto-</strong></span> 
     </span>
    </p>
   </div>
   <div class='ocr_carea' id='block_1_43' title="bbox 490 2781 2057 2853">
    <p class='ocr_par' dir='ltr' id='par_1_43' title="bbox 490 2781 2057 2853">
     <span class='ocr_line' id='line_1_43' title="bbox 490 2781 2057 2853; baseline -0.002 -14"><span class='ocrx_word' id='word_1_271' title='bbox 490 2786 668 2839; x_wconf 86' lang='lat' dir='ltr'><strong>lorum</strong></span> <span class='ocrx_word' id='word_1_272' title='bbox 698 2801 823 2840; x_wconf 91' lang='lat' dir='ltr'><strong>can.</strong></span> <span class='ocrx_word' id='word_1_273' title='bbox 860 2785 1089 2840; x_wconf 84' lang='lat' dir='ltr'><strong>vetitum</strong></span> <span class='ocrx_word' id='word_1_274' title='bbox 1116 2791 1221 2849; x_wconf 90' lang='lat' dir='ltr'><strong>est,</strong></span> <span class='ocrx_word' id='word_1_275' title='bbox 1254 2784 1307 2838; x_wconf 92' lang='lat' dir='ltr'><strong>in</strong></span> <span class='ocrx_word' id='word_1_276' title='bbox 1338 2798 1450 2853; x_wconf 86' lang='lat' dir='ltr'><strong>quo</strong></span> <span class='ocrx_word' id='word_1_277' title='bbox 1484 2797 1609 2837; x_wconf 89' lang='lat' dir='ltr'><strong>cum</strong></span> <span class='ocrx_word' id='word_1_278' title='bbox 1642 2781 1797 2836; x_wconf 87' lang='lat' dir='ltr'><strong>melle</strong></span> <span class='ocrx_word' id='word_1_279' title='bbox 1829 2795 1895 2835; x_wconf 89' lang='lat' dir='ltr'><strong>ac</strong></span> <span class='ocrx_word' id='word_1_280' title='bbox 1919 2783 2057 2837; x_wconf 89' lang='lat' dir='ltr'><strong>lacte</strong></span> 
     </span>
    </p>
   </div>
   <div class='ocr_carea' id='block_1_44' title="bbox 492 2875 2056 2957">
    <p class='ocr_par' dir='ltr' id='par_1_44' title="bbox 492 2875 2056 2957">
     <span class='ocr_line' id='line_1_44' title="bbox 492 2875 2056 2957; baseline -0.001 -26"><span class='ocrx_word' id='word_1_281' title='bbox 492 2878 655 2949; x_wconf 86' lang='lat' dir='ltr'><strong>hujus</strong></span> <span class='ocrx_word' id='word_1_282' title='bbox 707 2877 921 2949; x_wconf 76' lang='lat' dir='ltr'><strong>generis</strong></span> <span class='ocrx_word' id='word_1_283' title='bbox 968 2878 1077 2932; x_wconf 86' lang='lat' dir='ltr'><strong>alia</strong></span> <span class='ocrx_word' id='word_1_284' title='bbox 1141 2875 1387 2957; x_wconf 68' lang='lat' dir='ltr'><strong>quaedam</strong></span> <span class='ocrx_word' id='word_1_285' title='bbox 1451 2880 1714 2948; x_wconf 85' lang='lat' dir='ltr'><strong>praeterea</strong></span> <span class='ocrx_word' id='word_1_286' title='bbox 1758 2886 2056 2929; x_wconf 87' lang='lat' dir='ltr'><strong>recensen-</strong></span> 
     </span>
    </p>
   </div>
   <div class='ocr_carea' id='block_1_45' title="bbox 492 2979 601 3024">
    <p class='ocr_par' dir='ltr' id='par_1_45' title="bbox 492 2979 601 3024">
     <span class='ocr_line' id='line_1_45' title="bbox 492 2979 601 3024; baseline 0.018 -2"><span class='ocrx_word' id='word_1_287' title='bbox 492 2979 601 3024; x_wconf 86' lang='lat' dir='ltr'><strong>llll‘.</strong></span> 
     </span>
    </p>
   </div>
   <div class='ocr_carea' id='block_1_46' title="bbox 482 3058 2049 3133">
    <p class='ocr_par' dir='ltr' id='par_1_46' title="bbox 482 3058 2049 3133">
     <span class='ocr_line' id='line_1_46' title="bbox 482 3058 2049 3133; baseline -0.003 -16"><span class='ocrx_word' id='word_1_288' title='bbox 482 3058 712 3117; x_wconf 29' lang='lat' dir='ltr'><strong>‘ABIST.</strong></span> <span class='ocrx_word' id='word_1_289' title='bbox 732 3081 750 3115; x_wconf 82' lang='grc' dir='ltr'><strong>ι</strong></span> <span class='ocrx_word' id='word_1_290' title='bbox 779 3061 859 3116; x_wconf 82' lang='lat' dir='ltr'><strong>Ad</strong></span> <span class='ocrx_word' id='word_1_291' title='bbox 890 3063 1060 3117; x_wconf 86' lang='lat' dir='ltr'><strong>altare</strong></span> <span class='ocrx_word' id='word_1_292' title='bbox 1085 3060 1189 3116; x_wconf 89' lang='lat' dir='ltr'><strong>mel</strong></span> <span class='ocrx_word' id='word_1_293' title='bbox 1219 3070 1275 3116; x_wconf 92' lang='lat' dir='ltr'><strong>et</strong></span> <span class='ocrx_word' id='word_1_294' title='bbox 1300 3060 1383 3116; x_wconf 90' lang='lat' dir='ltr'><strong>Iac</strong></span> <span class='ocrx_word' id='word_1_295' title='bbox 1412 3060 1599 3118; x_wconf 74' lang='lat' dir='ltr'><strong>olferri</strong></span> <span class='ocrx_word' id='word_1_296' title='bbox 1628 3076 1738 3118; x_wconf 89' lang='lat' dir='ltr'><strong>non</strong></span> <span class='ocrx_word' id='word_1_297' title='bbox 1772 3066 2005 3133; x_wconf 88' lang='lat' dir='ltr'><strong>oportet.</strong></span> <span class='ocrx_word' id='word_1_298' title='bbox 2027 3076 2049 3113; x_wconf 73' lang='grc' dir='ltr'><strong>ι</strong></span> 
     </span>
    </p>
   </div>
   <div class='ocr_carea' id='block_1_47' title="bbox 561 3153 899 3224">
    <p class='ocr_par' dir='ltr' id='par_1_47' title="bbox 561 3153 899 3224">
     <span class='ocr_line' id='line_1_47' title="bbox 561 3153 899 3224; baseline -0.006 -16"><span class='ocrx_word' id='word_1_299' title='bbox 561 3153 899 3224; x_wconf 64' lang='lat' dir='ltr'><strong>Perspicuum.</strong></span> 
     </span>
    </p>
   </div>
   <div class='ocr_carea' id='block_1_48' title="bbox 930 3240 1605 3314">
    <p class='ocr_par' dir='ltr' id='par_1_48' title="bbox 930 3240 1605 3314">
     <span class='ocr_line' id='line_1_48' title="bbox 930 3240 1605 3314; baseline 0 -15"><span class='ocrx_word' id='word_1_300' title='bbox 930 3242 1091 3314; x_wconf 78' lang='lat'><strong>225</strong></span> <span class='ocrx_word' id='word_1_301' title='bbox 1146 3240 1375 3298; x_wconf 82' lang='lat' dir='ltr'><strong>CANON</strong></span> <span class='ocrx_word' id='word_1_302' title='bbox 1431 3241 1605 3299; x_wconf 74' lang='lat' dir='ltr'><strong>LVIII.</strong></span> 
     </span>
    </p>
   </div>
   <div class='ocr_carea' id='block_1_49' title="bbox 490 3337 2056 3408">
    <p class='ocr_par' dir='ltr' id='par_1_49' title="bbox 490 3337 2056 3408">
     <span class='ocr_line' id='line_1_49' title="bbox 490 3337 2056 3408; baseline 0.001 -15"><span class='ocrx_word' id='word_1_303' title='bbox 490 3359 513 3393; x_wconf 71' lang='grc' dir='ltr'><strong>ι</strong></span> <span class='ocrx_word' id='word_1_304' title='bbox 549 3337 720 3394; x_wconf 86' lang='lat' dir='ltr'><strong>Nemo</strong></span> <span class='ocrx_word' id='word_1_305' title='bbox 747 3354 941 3394; x_wconf 89' lang='lat' dir='ltr'><strong>eorum</strong></span> <span class='ocrx_word' id='word_1_306' title='bbox 970 3339 1063 3408; x_wconf 89' lang='lat' dir='ltr'><strong>qui</strong></span> <span class='ocrx_word' id='word_1_307' title='bbox 1101 3348 1232 3393; x_wconf 90' lang='lat' dir='ltr'><strong>sunt</strong></span> <span class='ocrx_word' id='word_1_308' title='bbox 1266 3340 1319 3392; x_wconf 91' lang='lat' dir='ltr'><strong>in</strong></span> <span class='ocrx_word' id='word_1_309' title='bbox 1358 3337 1551 3393; x_wconf 89' lang='lat' dir='ltr'><strong>ordine</strong></span> <span class='ocrx_word' id='word_1_310' title='bbox 1580 3338 1843 3395; x_wconf 86' lang='lat' dir='ltr'><strong>laicorum</strong></span> <span class='ocrx_word' id='word_1_311' title='bbox 1874 3340 2056 3396; x_wconf 87' lang='lat' dir='ltr'><strong>divina</strong></span> 
     </span>
    </p>
   </div>
   <div class='ocr_carea' id='block_1_50' title="bbox 566 3426 2057 3498">
    <p class='ocr_par' dir='ltr' id='par_1_50' title="bbox 566 3426 2057 3498">
     <span class='ocr_line' id='line_1_50' title="bbox 566 3426 2057 3498; baseline 0.003 -19"><span class='ocrx_word' id='word_1_312' title='bbox 566 3448 583 3479; x_wconf 76' lang='grc' dir='ltr'><strong>ι</strong></span> <span class='ocrx_word' id='word_1_313' title='bbox 618 3430 725 3482; x_wconf 85' lang='lat' dir='ltr'><strong>sibi</strong></span> <span class='ocrx_word' id='word_1_314' title='bbox 762 3427 1019 3492; x_wconf 82' lang='lat' dir='ltr'><strong>mysteria</strong></span> <span class='ocrx_word' id='word_1_315' title='bbox 1053 3426 1355 3493; x_wconf 88' lang='lat' dir='ltr'><strong>impertiat,</strong></span> <span class='ocrx_word' id='word_1_316' title='bbox 1389 3438 1654 3496; x_wconf 68' lang='lat' dir='ltr'><strong>praesente</strong></span> <span class='ocrx_word' id='word_1_317' title='bbox 1682 3430 1943 3498; x_wconf 88' lang='lat' dir='ltr'><strong>episc0po</strong></span> <span class='ocrx_word' id='word_1_318' title='bbox 1972 3431 2057 3485; x_wconf 82' lang='lat' dir='ltr'><strong>vel</strong></span> 
     </span>
    </p>
   </div>
   <div class='ocr_carea' id='block_1_51' title="bbox 562 3516 2055 3589">
    <p class='ocr_par' dir='ltr' id='par_1_51' title="bbox 562 3516 2055 3589">
     <span class='ocr_line' id='line_1_51' title="bbox 562 3516 2055 3589; baseline 0 -16"><span class='ocrx_word' id='word_1_319' title='bbox 562 3540 576 3558; x_wconf 78' lang='grc' dir='ltr'><strong>ι</strong></span> <span class='ocrx_word' id='word_1_320' title='bbox 616 3519 935 3588; x_wconf 78' lang='lat' dir='ltr'><strong>presbytero</strong></span> <span class='ocrx_word' id='word_1_321' title='bbox 978 3516 1058 3569; x_wconf 86' lang='lat' dir='ltr'><strong>vel</strong></span> <span class='ocrx_word' id='word_1_322' title='bbox 1111 3516 1363 3571; x_wconf 77' lang='lat' dir='ltr'><strong>diacono.</strong></span> <span class='ocrx_word' id='word_1_323' title='bbox 1419 3517 1523 3582; x_wconf 86' lang='lat' dir='ltr'><strong>Qui</strong></span> <span class='ocrx_word' id='word_1_324' title='bbox 1551 3526 1733 3571; x_wconf 88' lang='lat' dir='ltr'><strong>autem</strong></span> <span class='ocrx_word' id='word_1_325' title='bbox 1781 3519 1890 3572; x_wconf 86' lang='lat' dir='ltr'><strong>tale</strong></span> <span class='ocrx_word' id='word_1_326' title='bbox 1924 3519 2055 3589; x_wconf 87' lang='lat' dir='ltr'><strong>quid</strong></span> 
     </span>
    </p>
   </div>
   <div class='ocr_carea' id='block_1_52' title="bbox 562 3608 2057 3679">
    <p class='ocr_par' dir='ltr' id='par_1_52' title="bbox 562 3608 2057 3679">
     <span class='ocr_line' id='line_1_52' title="bbox 562 3608 2057 3679; baseline 0.003 -18"><span class='ocrx_word' id='word_1_327' title='bbox 562 3629 583 3661; x_wconf 73' lang='grc' dir='ltr'><strong>ι</strong></span> <span class='ocrx_word' id='word_1_328' title='bbox 619 3623 788 3664; x_wconf 86' lang='lat' dir='ltr'><strong>ausus</strong></span> <span class='ocrx_word' id='word_1_329' title='bbox 829 3608 1012 3673; x_wconf 80' lang='lat' dir='ltr'><strong>fuerit,</strong></span> <span class='ocrx_word' id='word_1_330' title='bbox 1040 3614 1098 3661; x_wconf 91' lang='lat' dir='ltr'><strong>ut</strong></span> <span class='ocrx_word' id='word_1_331' title='bbox 1128 3617 1325 3676; x_wconf 75' lang='lat' dir='ltr'><strong>przeter</strong></span> <span class='ocrx_word' id='word_1_332' title='bbox 1351 3623 1416 3663; x_wconf 86' lang='lat' dir='ltr'><strong>ea</strong></span> <span class='ocrx_word' id='word_1_333' title='bbox 1445 3624 1566 3679; x_wconf 73' lang='lat' dir='ltr'><strong>quae</strong></span> <span class='ocrx_word' id='word_1_334' title='bbox 1599 3617 1729 3664; x_wconf 87' lang='lat' dir='ltr'><strong>sunt</strong></span> <span class='ocrx_word' id='word_1_335' title='bbox 1759 3612 2057 3665; x_wconf 86' lang='lat' dir='ltr'><strong>constituta</strong></span> 
     </span>
    </p>
   </div>
   <div class='ocr_carea' id='block_1_53' title="bbox 567 3700 2059 3770">
    <p class='ocr_par' dir='ltr' id='par_1_53' title="bbox 567 3700 2059 3770">
     <span class='ocr_line' id='line_1_53' title="bbox 567 3700 2059 3770; baseline 0.003 -17"><span class='ocrx_word' id='word_1_336' title='bbox 567 3719 585 3753; x_wconf 77' lang='grc' dir='ltr'><strong>ι</strong></span> <span class='ocrx_word' id='word_1_337' title='bbox 616 3700 844 3763; x_wconf 77' lang='lat' dir='ltr'><strong>faciens,</strong></span> <span class='ocrx_word' id='word_1_338' title='bbox 878 3713 987 3752; x_wconf 92' lang='lat' dir='ltr'><strong>una</strong></span> <span class='ocrx_word' id='word_1_339' title='bbox 1020 3700 1321 3767; x_wconf 85' lang='lat' dir='ltr'><strong>septimana</strong></span> <span class='ocrx_word' id='word_1_340' title='bbox 1351 3708 1691 3770; x_wconf 84' lang='lat' dir='ltr'><strong>segregetur,</strong></span> <span class='ocrx_word' id='word_1_341' title='bbox 1742 3715 1808 3755; x_wconf 82' lang='lat' dir='ltr'><strong>ex</strong></span> <span class='ocrx_word' id='word_1_342' title='bbox 1839 3715 1904 3755; x_wconf 88' lang='lat' dir='ltr'><strong>eo</strong></span> <span class='ocrx_word' id='word_1_343' title='bbox 1930 3702 2059 3757; x_wconf 84' lang='lat' dir='ltr'><strong>edo-</strong></span> 
     </span>
    </p>
   </div>
   <div class='ocr_carea' id='block_1_54' title="bbox 565 3790 2058 3863">
    <p class='ocr_par' dir='ltr' id='par_1_54' title="bbox 565 3790 2058 3863">
     <span class='ocr_line' id='line_1_54' title="bbox 565 3790 2058 3863; baseline 0.001 -18"><span class='ocrx_word' id='word_1_344' title='bbox 565 3811 586 3845; x_wconf 71' lang='lat' dir='ltr'><strong>c</strong></span> <span class='ocrx_word' id='word_1_345' title='bbox 609 3804 753 3858; x_wconf 85' lang='lat' dir='ltr'><strong>ctus,</strong></span> <span class='ocrx_word' id='word_1_346' title='bbox 788 3806 897 3848; x_wconf 90' lang='lat' dir='ltr'><strong>non</strong></span> <span class='ocrx_word' id='word_1_347' title='bbox 941 3790 1177 3861; x_wconf 87' lang='lat' dir='ltr'><strong>amplius</strong></span> <span class='ocrx_word' id='word_1_348' title='bbox 1222 3805 1417 3862; x_wconf 88' lang='lat' dir='ltr'><strong>sapere</strong></span> <span class='ocrx_word' id='word_1_349' title='bbox 1449 3806 1611 3863; x_wconf 88' lang='lat' dir='ltr'><strong>quam</strong></span> <span class='ocrx_word' id='word_1_350' title='bbox 1657 3808 1849 3863; x_wconf 89' lang='lat' dir='ltr'><strong>sapere</strong></span> <span class='ocrx_word' id='word_1_351' title='bbox 1882 3808 2058 3863; x_wconf 83' lang='lat' dir='ltr'><strong>opor-</strong></span> 
     </span>
    </p>
   </div>
   <div class='ocr_carea' id='block_1_55' title="bbox 564 3892 2037 3959">
    <p class='ocr_par' dir='ltr' id='par_1_55' title="bbox 564 3892 2037 3959">
     <span class='ocr_line' id='line_1_55' title="bbox 564 3892 2037 3959; baseline 0 -24"><span class='ocrx_word' id='word_1_352' title='bbox 564 3892 763 3939; x_wconf 66' lang='lat' dir='ltr'><strong>«tet.»</strong></span> <span class='ocrx_word' id='word_1_353' title='bbox 2036 3956 2037 3959; x_wconf 12' lang='grc' dir='ltr'><strong>η</strong></span> 
     </span>
    </p>
   </div>
   <div class='ocr_carea' id='block_1_56' title="bbox 561 3974 2055 4047">
    <p class='ocr_par' dir='ltr' id='par_1_56' title="bbox 561 3974 2055 4047">
     <span class='ocr_line' id='line_1_56' title="bbox 561 3974 2055 4047; baseline 0.004 -18"><span class='ocrx_word' id='word_1_354' title='bbox 561 3974 752 4030; x_wconf 76' lang='lat' dir='ltr'><strong>BALS.</strong></span> <span class='ocrx_word' id='word_1_355' title='bbox 793 3974 900 4030; x_wconf 86' lang='lat' dir='ltr'><strong>Alii</strong></span> <span class='ocrx_word' id='word_1_356' title='bbox 950 3974 1169 4047; x_wconf 81' lang='lat' dir='ltr'><strong>quidem</strong></span> <span class='ocrx_word' id='word_1_357' title='bbox 1219 3975 1426 4031; x_wconf 77' lang='lat' dir='ltr'><strong>diversi</strong></span> <span class='ocrx_word' id='word_1_358' title='bbox 1474 3990 1713 4033; x_wconf 90' lang='lat' dir='ltr'><strong>canones</strong></span> <span class='ocrx_word' id='word_1_359' title='bbox 1759 3978 2055 4047; x_wconf 85' lang='lat' dir='ltr'><strong>prohibue-</strong></span> 
     </span>
    </p>
   </div>
   <div class='ocr_carea' id='block_1_57' title="bbox 490 4068 2053 4139">
    <p class='ocr_par' dir='ltr' id='par_1_57' title="bbox 490 4068 2053 4139">
     <span class='ocr_line' id='line_1_57' title="bbox 490 4068 2053 4139; baseline 0.004 -16"><span class='ocrx_word' id='word_1_360' title='bbox 490 4078 640 4132; x_wconf 84' lang='lat' dir='ltr'><strong>runt,</strong></span> <span class='ocrx_word' id='word_1_361' title='bbox 669 4084 739 4123; x_wconf 89' lang='lat' dir='ltr'><strong>ne</strong></span> <span class='ocrx_word' id='word_1_362' title='bbox 775 4083 804 4122; x_wconf 87' lang='lat' dir='ltr'><strong>a</strong></span> <span class='ocrx_word' id='word_1_363' title='bbox 836 4068 992 4123; x_wconf 86' lang='lat' dir='ltr'><strong>laicis</strong></span> <span class='ocrx_word' id='word_1_364' title='bbox 1022 4078 1211 4124; x_wconf 86' lang='lat' dir='ltr'><strong>sancta</strong></span> <span class='ocrx_word' id='word_1_365' title='bbox 1239 4072 1499 4139; x_wconf 88' lang='lat' dir='ltr'><strong>mysteria</strong></span> <span class='ocrx_word' id='word_1_366' title='bbox 1552 4080 1943 4138; x_wconf 87' lang='lat' dir='ltr'><strong>tractarentur,</strong></span> <span class='ocrx_word' id='word_1_367' title='bbox 1999 4083 2053 4129; x_wconf 91' lang='lat' dir='ltr'><strong>et</strong></span> 
     </span>
    </p>
   </div>
   <div class='ocr_carea' id='block_1_58' title="bbox 484 4160 2054 4234">
    <p class='ocr_par' dir='ltr' id='par_1_58' title="bbox 484 4160 2054 4234">
     <span class='ocr_line' id='line_1_58' title="bbox 484 4160 2054 4234; baseline 0.003 -19"><span class='ocrx_word' id='word_1_368' title='bbox 484 4174 554 4215; x_wconf 85' lang='lat' dir='ltr'><strong>ea</strong></span> <span class='ocrx_word' id='word_1_369' title='bbox 585 4160 712 4215; x_wconf 84' lang='lat' dir='ltr'><strong>aliis</strong></span> <span class='ocrx_word' id='word_1_370' title='bbox 736 4160 824 4214; x_wconf 67' lang='lat' dir='ltr'><strong>vel</strong></span> <span class='ocrx_word' id='word_1_371' title='bbox 853 4160 958 4215; x_wconf 85' lang='lat' dir='ltr'><strong>sibi</strong></span> <span class='ocrx_word' id='word_1_372' title='bbox 992 4161 1332 4232; x_wconf 82' lang='lat' dir='ltr'><strong>impertirent</strong></span> <span class='ocrx_word' id='word_1_373' title='bbox 1363 4176 1379 4215; x_wconf 88' lang='lat'><strong>:</strong></span> <span class='ocrx_word' id='word_1_374' title='bbox 1414 4163 1675 4232; x_wconf 85' lang='lat' dir='ltr'><strong>quoniam</strong></span> <span class='ocrx_word' id='word_1_375' title='bbox 1705 4165 1976 4234; x_wconf 86' lang='lat' dir='ltr'><strong>episcopis</strong></span> <span class='ocrx_word' id='word_1_376' title='bbox 2001 4175 2054 4220; x_wconf 86' lang='lat' dir='ltr'><strong>et</strong></span> 
     </span>
    </p>
   </div>
   <div class='ocr_carea' id='block_1_59' title="bbox 483 4253 2053 4329">
    <p class='ocr_par' dir='ltr' id='par_1_59' title="bbox 483 4253 2053 4329">
     <span class='ocr_line' id='line_1_59' title="bbox 483 4253 2053 4329; baseline 0.004 -22"><span class='ocrx_word' id='word_1_377' title='bbox 483 4254 823 4325; x_wconf 86' lang='lat' dir='ltr'><strong>presbyteris</strong></span> <span class='ocrx_word' id='word_1_378' title='bbox 874 4262 928 4307; x_wconf 90' lang='lat' dir='ltr'><strong>et</strong></span> <span class='ocrx_word' id='word_1_379' title='bbox 979 4253 1225 4309; x_wconf 88' lang='lat' dir='ltr'><strong>diaconis</strong></span> <span class='ocrx_word' id='word_1_380' title='bbox 1290 4255 1413 4310; x_wconf 86' lang='lat' dir='ltr'><strong>talis</strong></span> <span class='ocrx_word' id='word_1_381' title='bbox 1467 4253 1593 4310; x_wconf 86' lang='lat' dir='ltr'><strong>data</strong></span> <span class='ocrx_word' id='word_1_382' title='bbox 1653 4268 1737 4311; x_wconf 87' lang='lat' dir='ltr'><strong>est</strong></span> <span class='ocrx_word' id='word_1_383' title='bbox 1793 4258 2053 4329; x_wconf 84' lang='lat' dir='ltr'><strong>dignitas.</strong></span> 
     </span>
    </p>
   </div>
   <div class='ocr_carea' id='block_1_60' title="bbox 490 4342 2049 4416">
    <p class='ocr_par' dir='ltr' id='par_1_60' title="bbox 490 4342 2049 4416">
     <span class='ocr_line' id='line_1_60' title="bbox 490 4342 2049 4416; baseline 0.003 -18"><span class='ocrx_word' id='word_1_384' title='bbox 490 4342 739 4398; x_wconf 78' lang='lat' dir='ltr'><strong>Praesens</strong></span> <span class='ocrx_word' id='word_1_385' title='bbox 767 4349 947 4395; x_wconf 90' lang='lat' dir='ltr'><strong>autem</strong></span> <span class='ocrx_word' id='word_1_386' title='bbox 982 4356 1158 4395; x_wconf 90' lang='lat' dir='ltr'><strong>canon</strong></span> <span class='ocrx_word' id='word_1_387' title='bbox 1186 4344 1374 4397; x_wconf 88' lang='lat' dir='ltr'><strong>eadem</strong></span> <span class='ocrx_word' id='word_1_388' title='bbox 1406 4359 1531 4398; x_wconf 90' lang='lat' dir='ltr'><strong>cum</strong></span> <span class='ocrx_word' id='word_1_389' title='bbox 1559 4344 1666 4397; x_wconf 84' lang='lat' dir='ltr'><strong>illis</strong></span> <span class='ocrx_word' id='word_1_390' title='bbox 1703 4348 2049 4416; x_wconf 60' lang='lat' dir='ltr'><strong>praecipiens,</strong></span> 
     </span>
    </p>
   </div>
   <div class='ocr_carea' id='block_1_61' title="bbox 2084 3110 2131 3174">
    <p class='ocr_par' dir='ltr' id='par_1_61' title="bbox 2084 3110 2131 3174">
     <span class='ocr_line' id='line_1_61' title="bbox 2084 3110 2131 3174; baseline 0 0"><span class='ocrx_word' id='word_1_391' title='bbox 2084 3110 2131 3174; x_wconf 76' lang='grc' dir='ltr'><strong>ο</strong></span> 
     </span>
    </p>
   </div>
   <div class='ocr_carea' id='block_1_62' title="bbox 2237 1872 3719 1945">
    <p class='ocr_par' dir='ltr' id='par_1_62' title="bbox 2237 1872 3719 1945">
     <span class='ocr_line' id='line_1_62' title="bbox 2237 1872 3719 1945; baseline 0.005 -23"><span class='ocrx_word' id='word_1_392' title='bbox 2237 1886 2258 1922; x_wconf 77' lang='grc' dir='ltr'><strong>ι</strong></span> <span class='ocrx_word' id='word_1_393' title='bbox 2300 1872 2483 1924; x_wconf 78' lang='grc' dir='ltr'>πᾶσαν</span> <span class='ocrx_word' id='word_1_394' title='bbox 2511 1874 2610 1941; x_wconf 80' lang='grc' dir='ltr'>τὴν</span> <span class='ocrx_word' id='word_1_395' title='bbox 2636 1876 2960 1945; x_wconf 76' lang='grc' dir='ltr'><strong>οἰκουμένην</strong></span> <span class='ocrx_word' id='word_1_396' title='bbox 2992 1878 3086 1928; x_wconf 74' lang='grc' dir='ltr'><strong>καὶ</strong></span> <span class='ocrx_word' id='word_1_397' title='bbox 3133 1876 3341 1929; x_wconf 84' lang='grc' dir='ltr'>τούτων</span> <span class='ocrx_word' id='word_1_398' title='bbox 3392 1875 3719 1945; x_wconf 80' lang='grc' dir='ltr'>ἀπέχεσθαι·</span> 
     </span>
    </p>
   </div>
   <div class='ocr_carea' id='block_1_63' title="bbox 2236 1962 3017 2037">
    <p class='ocr_par' dir='ltr' id='par_1_63' title="bbox 2236 1962 3017 2037">
     <span class='ocr_line' id='line_1_63' title="bbox 2236 1962 3017 2037; baseline 0.008 -24"><span class='ocrx_word' id='word_1_399' title='bbox 2236 1979 2258 2013; x_wconf 74' lang='grc' dir='ltr'><strong>ι</strong></span> <span class='ocrx_word' id='word_1_400' title='bbox 2298 1962 2432 2015; x_wconf 80' lang='grc' dir='ltr'>είδὲ</span> <span class='ocrx_word' id='word_1_401' title='bbox 2465 1964 2562 2034; x_wconf 79' lang='grc' dir='ltr'>μὴ,</span> <span class='ocrx_word' id='word_1_402' title='bbox 2592 1966 2969 2037; x_wconf 75' lang='grc' dir='ltr'>ἀφορίζεσθαι.</span> <span class='ocrx_word' id='word_1_403' title='bbox 2999 1986 3017 2019; x_wconf 75' lang='grc' dir='ltr'><strong>ι</strong></span> 
     </span>
    </p>
   </div>
   <div class='ocr_carea' id='block_1_64' title="bbox 2746 2059 3124 2113">
    <p class='ocr_par' dir='ltr' id='par_1_64' title="bbox 2746 2059 3124 2113">
     <span class='ocr_line' id='line_1_64' title="bbox 2746 2059 3124 2113; baseline 0.008 -3"><span class='ocrx_word' id='word_1_404' title='bbox 2746 2059 2978 2112; x_wconf 75' lang='grc' dir='ltr'><strong>ΚΑΝΩΝ</strong></span> <span class='ocrx_word' id='word_1_405' title='bbox 3002 2060 3124 2113; x_wconf 84' lang='lat' dir='ltr'><strong>NZ‘.</strong></span> 
     </span>
    </p>
   </div>
   <div class='ocr_carea' id='block_1_65' title="bbox 2168 2145 3719 2223">
    <p class='ocr_par' dir='ltr' id='par_1_65' title="bbox 2168 2145 3719 2223">
     <span class='ocr_line' id='line_1_65' title="bbox 2168 2145 3719 2223; baseline 0.006 -27"><span class='ocrx_word' id='word_1_406' title='bbox 2168 2162 2186 2196; x_wconf 80' lang='grc' dir='ltr'><strong>ι</strong></span> <span class='ocrx_word' id='word_1_407' title='bbox 2226 2145 2442 2199; x_wconf 84' lang='grc' dir='ltr'>Ὄτιοὺ</span> <span class='ocrx_word' id='word_1_408' title='bbox 2490 2148 2596 2220; x_wconf 78' lang='grc' dir='ltr'><strong>χρὴ</strong></span> <span class='ocrx_word' id='word_1_409' title='bbox 2627 2150 2775 2214; x_wconf 73' lang='grc' dir='ltr'>ἐντὸς</span> <span class='ocrx_word' id='word_1_410' title='bbox 2821 2151 3213 2222; x_wconf 72' lang='grc' dir='ltr'>θυσιαστηρίου</span> <span class='ocrx_word' id='word_1_411' title='bbox 3275 2152 3402 2223; x_wconf 83' lang='grc' dir='ltr'>μέλι</span> <span class='ocrx_word' id='word_1_412' title='bbox 3452 2151 3547 2207; x_wconf 77' lang='grc' dir='ltr'>καὶ</span> <span class='ocrx_word' id='word_1_413' title='bbox 3593 2152 3719 2221; x_wconf 81' lang='grc' dir='ltr'>γάλα</span> 
     </span>
    </p>
   </div>
   <div class='ocr_carea' id='block_1_66' title="bbox 2698 2243 3176 2313">
    <p class='ocr_par' dir='ltr' id='par_1_66' title="bbox 2698 2243 3176 2313">
     <span class='ocr_line' id='line_1_66' title="bbox 2698 2243 3176 2313; baseline 0.004 -20"><span class='ocrx_word' id='word_1_414' title='bbox 2698 2261 2717 2293; x_wconf 78' lang='grc' dir='ltr'><strong>ι</strong></span> <span class='ocrx_word' id='word_1_415' title='bbox 2755 2243 2968 2313; x_wconf 83' lang='grc' dir='ltr'>προσφέ</span> <span class='ocrx_word' id='word_1_416' title='bbox 2980 2260 3114 2311; x_wconf 76' lang='grc' dir='ltr'>ρειν.</span> <span class='ocrx_word' id='word_1_417' title='bbox 3157 2261 3176 2295; x_wconf 68' lang='grc' dir='ltr'>ι</span> 
     </span>
    </p>
   </div>
   <div class='ocr_carea' id='block_1_67' title="bbox 2234 2330 3721 2407">
    <p class='ocr_par' dir='ltr' id='par_1_67' title="bbox 2234 2330 3721 2407">
     <span class='ocr_line' id='line_1_67' title="bbox 2234 2330 3721 2407; baseline 0.009 -27"><span class='ocrx_word' id='word_1_418' title='bbox 2234 2330 2430 2386; x_wconf 81' lang='grc' dir='ltr'><strong>ΒΛΛΣ.</strong></span> <span class='ocrx_word' id='word_1_419' title='bbox 2466 2333 2601 2401; x_wconf 79' lang='grc' dir='ltr'>Περὶ</span> <span class='ocrx_word' id='word_1_420' title='bbox 2630 2334 2818 2387; x_wconf 75' lang='grc' dir='ltr'>τούτου</span> <span class='ocrx_word' id='word_1_421' title='bbox 2847 2334 3089 2398; x_wconf 80' lang='grc' dir='ltr'><strong>πλατέως</strong></span> <span class='ocrx_word' id='word_1_422' title='bbox 3124 2336 3449 2406; x_wconf 76' lang='grc' dir='ltr'>ἐγράψαμεν</span> <span class='ocrx_word' id='word_1_423' title='bbox 3482 2337 3540 2390; x_wconf 81' lang='grc' dir='ltr'><strong>ἐν</strong></span> <span class='ocrx_word' id='word_1_424' title='bbox 3574 2338 3645 2407; x_wconf 81' lang='grc' dir='ltr'>τῷ</span> <span class='ocrx_word' id='word_1_425' title='bbox 3676 2334 3721 2406; x_wconf 84' lang='grc' dir='ltr'>γ’</span> 
     </span>
    </p>
   </div>
   <div class='ocr_carea' id='block_1_68' title="bbox 2158 2422 3720 2499">
    <p class='ocr_par' dir='ltr' id='par_1_68' title="bbox 2158 2422 3720 2499">
     <span class='ocr_line' id='line_1_68' title="bbox 2158 2422 3720 2499; baseline 0.005 -26"><span class='ocrx_word' id='word_1_426' title='bbox 2158 2422 2342 2474; x_wconf 81' lang='grc' dir='ltr'>κανόνι</span> <span class='ocrx_word' id='word_1_427' title='bbox 2373 2423 2483 2474; x_wconf 86' lang='grc' dir='ltr'>τῶν</span> <span class='ocrx_word' id='word_1_428' title='bbox 2515 2425 2684 2492; x_wconf 83' lang='grc' dir='ltr'>ἁγίων</span> <span class='ocrx_word' id='word_1_429' title='bbox 2717 2427 3049 2487; x_wconf 72' lang='grc' dir='ltr'>ἀποστόλων,</span> <span class='ocrx_word' id='word_1_430' title='bbox 3083 2429 3175 2479; x_wconf 74' lang='grc' dir='ltr'>καὶ</span> <span class='ocrx_word' id='word_1_431' title='bbox 3203 2430 3262 2480; x_wconf 76' lang='grc' dir='ltr'><strong>οὐ</strong></span> <span class='ocrx_word' id='word_1_432' title='bbox 3316 2433 3423 2498; x_wconf 85' lang='grc' dir='ltr'>χρὴ</span> <span class='ocrx_word' id='word_1_433' title='bbox 3459 2431 3585 2499; x_wconf 71' lang='grc' dir='ltr'>περὶ</span> <span class='ocrx_word' id='word_1_434' title='bbox 3622 2432 3720 2481; x_wconf 64' lang='grc' dir='ltr'>τῶν</span> 
     </span>
    </p>
   </div>
   <div class='ocr_carea' id='block_1_69' title="bbox 2157 2514 3719 2591">
    <p class='ocr_par' dir='ltr' id='par_1_69' title="bbox 2157 2514 3719 2591">
     <span class='ocr_line' id='line_1_69' title="bbox 2157 2514 3719 2591; baseline 0.005 -26"><span class='ocrx_word' id='word_1_435' title='bbox 2157 2514 2339 2566; x_wconf 72' lang='grc' dir='ltr'>αὐτῶν</span> <span class='ocrx_word' id='word_1_436' title='bbox 2384 2516 2746 2586; x_wconf 79' lang='grc' dir='ltr'>παλιλλογεῖν.</span> <span class='ocrx_word' id='word_1_437' title='bbox 2796 2520 2956 2589; x_wconf 85' lang='grc' dir='ltr'>Ζήτει</span> <span class='ocrx_word' id='word_1_438' title='bbox 3009 2524 3100 2573; x_wconf 72' lang='grc' dir='ltr'><strong>καὶ</strong></span> <span class='ocrx_word' id='word_1_439' title='bbox 3149 2519 3241 2573; x_wconf 73' lang='grc' dir='ltr'><strong>τὸν</strong></span> <span class='ocrx_word' id='word_1_440' title='bbox 3280 2518 3368 2590; x_wconf 82' lang='grc' dir='ltr'>κη’</span> <span class='ocrx_word' id='word_1_441' title='bbox 3405 2521 3597 2575; x_wconf 78' lang='grc' dir='ltr'>κανόνα</span> <span class='ocrx_word' id='word_1_442' title='bbox 3632 2524 3719 2591; x_wconf 78' lang='grc' dir='ltr'>τῆς</span> 
     </span>
    </p>
   </div>
   <div class='ocr_carea' id='block_1_70' title="bbox 2159 2608 2732 2677">
    <p class='ocr_par' dir='ltr' id='par_1_70' title="bbox 2159 2608 2732 2677">
     <span class='ocr_line' id='line_1_70' title="bbox 2159 2608 2732 2677; baseline 0.01 -19"><span class='ocrx_word' id='word_1_443' title='bbox 2159 2608 2441 2677; x_wconf 78' lang='grc' dir='ltr'>παρούσης</span> <span class='ocrx_word' id='word_1_444' title='bbox 2491 2610 2732 2664; x_wconf 73' lang='grc' dir='ltr'>συνόδου.</span> 
     </span>
    </p>
   </div>
   <div class='ocr_carea' id='block_1_71' title="bbox 2230 2697 3716 2779">
    <p class='ocr_par' dir='ltr' id='par_1_71' title="bbox 2230 2697 3716 2779">
     <span class='ocr_line' id='line_1_71' title="bbox 2230 2697 3716 2779; baseline 0.007 -29"><span class='ocrx_word' id='word_1_445' title='bbox 2230 2697 2471 2753; x_wconf 80' lang='grc' dir='ltr'><strong>ΖΩΝΑΡ.</strong></span> <span class='ocrx_word' id='word_1_446' title='bbox 2502 2700 2672 2753; x_wconf 83' lang='grc' dir='ltr'>Τοῦτο</span> <span class='ocrx_word' id='word_1_447' title='bbox 2724 2704 2815 2756; x_wconf 69' lang='grc' dir='ltr'>καὶ</span> <span class='ocrx_word' id='word_1_448' title='bbox 2849 2703 2877 2756; x_wconf 85' lang='grc' dir='ltr'><strong>ό</strong></span> <span class='ocrx_word' id='word_1_449' title='bbox 2929 2705 3117 2775; x_wconf 72' lang='grc' dir='ltr'>τρίτος</span> <span class='ocrx_word' id='word_1_450' title='bbox 3164 2706 3349 2759; x_wconf 83' lang='grc' dir='ltr'>κανὼν</span> <span class='ocrx_word' id='word_1_451' title='bbox 3398 2708 3503 2760; x_wconf 79' lang='grc' dir='ltr'>τῶν</span> <span class='ocrx_word' id='word_1_452' title='bbox 3562 2707 3716 2779; x_wconf 83' lang='grc' dir='ltr'>ἁγίων</span> 
     </span>
    </p>
   </div>
   <div class='ocr_carea' id='block_1_72' title="bbox 2158 2789 3717 2868">
    <p class='ocr_par' dir='ltr' id='par_1_72' title="bbox 2158 2789 3717 2868">
     <span class='ocr_line' id='line_1_72' title="bbox 2158 2789 3717 2868; baseline 0.007 -27"><span class='ocrx_word' id='word_1_453' title='bbox 2158 2789 2468 2844; x_wconf 79' lang='grc' dir='ltr'>ἀποστόλων</span> <span class='ocrx_word' id='word_1_454' title='bbox 2502 2793 2801 2854; x_wconf 82' lang='grc' dir='ltr'>κεκώλυκε.</span> <span class='ocrx_word' id='word_1_455' title='bbox 2836 2796 2914 2866; x_wconf 81' lang='grc' dir='ltr'>τῷ</span> <span class='ocrx_word' id='word_1_456' title='bbox 2948 2798 3125 2865; x_wconf 84' lang='grc' dir='ltr'>μέλιτι</span> <span class='ocrx_word' id='word_1_457' title='bbox 3156 2802 3250 2850; x_wconf 70' lang='grc' dir='ltr'>καὶ</span> <span class='ocrx_word' id='word_1_458' title='bbox 3279 2801 3355 2868; x_wconf 79' lang='grc' dir='ltr'>τῷ</span> <span class='ocrx_word' id='word_1_459' title='bbox 3378 2799 3608 2867; x_wconf 76' lang='grc' dir='ltr'>γάλακτι</span> <span class='ocrx_word' id='word_1_460' title='bbox 3633 2801 3717 2852; x_wconf 73' lang='grc' dir='ltr'>καὶ</span> 
     </span>
    </p>
   </div>
   <div class='ocr_carea' id='block_1_73' title="bbox 2158 2881 3145 2957">
    <p class='ocr_par' dir='ltr' id='par_1_73' title="bbox 2158 2881 3145 2957">
     <span class='ocr_line' id='line_1_73' title="bbox 2158 2881 3145 2957; baseline 0.004 -20"><span class='ocrx_word' id='word_1_461' title='bbox 2158 2881 2321 2954; x_wconf 72' lang='grc' dir='ltr'>ἕτερα</span> <span class='ocrx_word' id='word_1_462' title='bbox 2351 2883 2464 2954; x_wconf 78' lang='grc' dir='ltr'>εἴδη</span> <span class='ocrx_word' id='word_1_463' title='bbox 2499 2885 3145 2957; x_wconf 77' lang='grc' dir='ltr'>συναπαριθμησὰμενος.</span> 
     </span>
    </p>
   </div>
   <div class='ocr_carea' id='block_1_74' title="bbox 2156 3053 3714 3134">
    <p class='ocr_par' dir='ltr' id='par_1_74' title="bbox 2156 3053 3714 3134">
     <span class='ocr_line' id='line_1_74' title="bbox 2156 3053 3714 3134; baseline 0.004 -27"><span class='ocrx_word' id='word_1_464' title='bbox 2156 3053 2379 3109; x_wconf 73' lang='grc' dir='ltr'><strong>ΑΡΙΣΤ.</strong></span> <span class='ocrx_word' id='word_1_465' title='bbox 2438 3074 2456 3108; x_wconf 82' lang='grc' dir='ltr'><strong>ι</strong></span> <span class='ocrx_word' id='word_1_466' title='bbox 2501 3058 2587 3110; x_wconf 85' lang='grc' dir='ltr'>Ἐν</span> <span class='ocrx_word' id='word_1_467' title='bbox 2632 3058 2709 3128; x_wconf 84' lang='grc' dir='ltr'>τῷ</span> <span class='ocrx_word' id='word_1_468' title='bbox 2771 3058 3141 3131; x_wconf 81' lang='grc' dir='ltr'>θυσιαστηρίῳ</span> <span class='ocrx_word' id='word_1_469' title='bbox 3191 3061 3249 3114; x_wconf 85' lang='grc' dir='ltr'>οὐ</span> <span class='ocrx_word' id='word_1_470' title='bbox 3316 3060 3422 3134; x_wconf 83' lang='grc' dir='ltr'>χρὴ</span> <span class='ocrx_word' id='word_1_471' title='bbox 3477 3061 3594 3132; x_wconf 84' lang='grc' dir='ltr'>μέλι</span> <span class='ocrx_word' id='word_1_472' title='bbox 3632 3058 3714 3112; x_wconf 75' lang='grc' dir='ltr'><strong>καὶ</strong></span> 
     </span>
    </p>
   </div>
   <div class='ocr_carea' id='block_1_75' title="bbox 2236 3149 3196 3222">
    <p class='ocr_par' dir='ltr' id='par_1_75' title="bbox 2236 3149 3196 3222">
     <span class='ocr_line' id='line_1_75' title="bbox 2236 3149 3196 3222; baseline 0.007 -21"><span class='ocrx_word' id='word_1_473' title='bbox 2236 3168 2254 3201; x_wconf 88' lang='grc'><strong><em>‹</em></strong></span> <span class='ocrx_word' id='word_1_474' title='bbox 2286 3149 2425 3218; x_wconf 81' lang='grc' dir='ltr'>γάλα</span> <span class='ocrx_word' id='word_1_475' title='bbox 2442 3151 2866 3221; x_wconf 80' lang='grc' dir='ltr'>προσφέρεσθαι.</span> <span class='ocrx_word' id='word_1_476' title='bbox 2909 3171 2927 3203; x_wconf 79' lang='grc' dir='ltr'><strong>ι</strong></span> <span class='ocrx_word' id='word_1_477' title='bbox 2968 3154 3196 3222; x_wconf 63' lang='grc' dir='ltr'>Σαρής.</span> 
     </span>
    </p>
   </div>
   <div class='ocr_carea' id='block_1_76' title="bbox 2736 3245 3131 3299">
    <p class='ocr_par' dir='ltr' id='par_1_76' title="bbox 2736 3245 3131 3299">
     <span class='ocr_line' id='line_1_76' title="bbox 2736 3245 3131 3299; baseline 0 -1"><span class='ocrx_word' id='word_1_478' title='bbox 2736 3245 2972 3298; x_wconf 78' lang='grc' dir='ltr'><strong>ΚᾹΝΩΝ</strong></span> <span class='ocrx_word' id='word_1_479' title='bbox 2995 3246 3131 3299; x_wconf 83' lang='lat' dir='ltr'><strong>NH&#39;.</strong></span> 
     </span>
    </p>
   </div>
   <div class='ocr_carea' id='block_1_77' title="bbox 2164 3335 3712 3410">
    <p class='ocr_par' dir='ltr' id='par_1_77' title="bbox 2164 3335 3712 3410">
     <span class='ocr_line' id='line_1_77' title="bbox 2164 3335 3712 3410; baseline 0.003 -24"><span class='ocrx_word' id='word_1_480' title='bbox 2164 3350 2184 3386; x_wconf 79' lang='grc' dir='ltr'><strong>ι</strong></span> <span class='ocrx_word' id='word_1_481' title='bbox 2226 3335 2434 3405; x_wconf 73' lang='grc' dir='ltr'>Μηδεὶς</span> <span class='ocrx_word' id='word_1_482' title='bbox 2482 3337 2591 3389; x_wconf 85' lang='grc' dir='ltr'><strong>τῶν</strong></span> <span class='ocrx_word' id='word_1_483' title='bbox 2633 3339 2690 3391; x_wconf 81' lang='grc' dir='ltr'><strong>ἐν</strong></span> <span class='ocrx_word' id='word_1_484' title='bbox 2749 3336 2952 3400; x_wconf 81' lang='grc' dir='ltr'>λαϊκοῖς</span> <span class='ocrx_word' id='word_1_485' title='bbox 2997 3342 3347 3409; x_wconf 80' lang='grc' dir='ltr'>τεταγμένων</span> <span class='ocrx_word' id='word_1_486' title='bbox 3398 3340 3570 3410; x_wconf 80' lang='grc' dir='ltr'>ἐαυτῷ</span> <span class='ocrx_word' id='word_1_487' title='bbox 3617 3339 3712 3391; x_wconf 82' lang='grc' dir='ltr'>τῶν</span> 
     </span>
    </p>
   </div>
   <div class='ocr_carea' id='block_1_78' title="bbox 2240 3426 3821 3499">
    <p class='ocr_par' dir='ltr' id='par_1_78' title="bbox 2240 3426 3821 3499">
     <span class='ocr_line' id='line_1_78' title="bbox 2240 3426 3821 3499; baseline 0.003 -21"><span class='ocrx_word' id='word_1_488' title='bbox 2240 3445 2257 3478; x_wconf 86' lang='grc' dir='ltr'><strong>ι</strong></span> <span class='ocrx_word' id='word_1_489' title='bbox 2299 3426 2457 3480; x_wconf 83' lang='grc' dir='ltr'>θείων</span> <span class='ocrx_word' id='word_1_490' title='bbox 2482 3428 2796 3497; x_wconf 81' lang='grc' dir='ltr'>μυστηρίων</span> <span class='ocrx_word' id='word_1_491' title='bbox 2826 3428 3176 3497; x_wconf 84' lang='grc' dir='ltr'>μεταδιδότω,</span> <span class='ocrx_word' id='word_1_492' title='bbox 3213 3432 3482 3499; x_wconf 65' lang='grc' dir='ltr'>παρόντος</span> <span class='ocrx_word' id='word_1_493' title='bbox 3506 3432 3712 3483; x_wconf 85' lang='grc' dir='ltr'>ἐπισκό-</span> <span class='ocrx_word' id='word_1_494' title='bbox 3818 3433 3821 3435; x_wconf 69' lang='grc'><em>”</em></span> 
     </span>
    </p>
   </div>
   <div class='ocr_carea' id='block_1_79' title="bbox 2233 3520 3711 3593">
    <p class='ocr_par' dir='ltr' id='par_1_79' title="bbox 2233 3520 3711 3593">
     <span class='ocr_line' id='line_1_79' title="bbox 2233 3520 3711 3593; baseline 0.001 -22"><span class='ocrx_word' id='word_1_495' title='bbox 2233 3538 2252 3571; x_wconf 83' lang='grc' dir='ltr'><strong>ι</strong></span> <span class='ocrx_word' id='word_1_496' title='bbox 2297 3537 2401 3573; x_wconf 86' lang='grc' dir='ltr'><strong>που</strong></span> <span class='ocrx_word' id='word_1_497' title='bbox 2431 3520 2462 3590; x_wconf 83' lang='grc' dir='ltr'>ἢ</span> <span class='ocrx_word' id='word_1_498' title='bbox 2489 3522 2859 3592; x_wconf 88' lang='grc' dir='ltr'>πρεσϐυτέρου</span> <span class='ocrx_word' id='word_1_499' title='bbox 2890 3523 2921 3593; x_wconf 84' lang='grc' dir='ltr'>ἦ</span> <span class='ocrx_word' id='word_1_500' title='bbox 2949 3524 3223 3577; x_wconf 79' lang='grc' dir='ltr'>διακόνου.</span> <span class='ocrx_word' id='word_1_501' title='bbox 3253 3526 3312 3577; x_wconf 85' lang='grc' dir='ltr'>Ὀ</span> <span class='ocrx_word' id='word_1_502' title='bbox 3336 3524 3391 3577; x_wconf 80' lang='grc' dir='ltr'><strong>δέ</strong></span> <span class='ocrx_word' id='word_1_503' title='bbox 3415 3542 3465 3577; x_wconf 88' lang='grc' dir='ltr'><strong>τι</strong></span> <span class='ocrx_word' id='word_1_504' title='bbox 3492 3523 3711 3576; x_wconf 70' lang='grc' dir='ltr'>τοιοῦτον</span> 
     </span>
    </p>
   </div>
   <div class='ocr_carea' id='block_1_80' title="bbox 2228 3611 3711 3684">
    <p class='ocr_par' dir='ltr' id='par_1_80' title="bbox 2228 3611 3711 3684">
     <span class='ocr_line' id='line_1_80' title="bbox 2228 3611 3711 3684; baseline 0.001 -21"><span class='ocrx_word' id='word_1_505' title='bbox 2228 3629 2247 3663; x_wconf 83' lang='grc' dir='ltr'><strong>ι</strong></span> <span class='ocrx_word' id='word_1_506' title='bbox 2286 3611 2520 3682; x_wconf 85' lang='grc' dir='ltr'>τολμῶν,</span> <span class='ocrx_word' id='word_1_507' title='bbox 2536 3613 2623 3679; x_wconf 39' lang='grc' dir='ltr'><strong>,ὼς</strong></span> <span class='ocrx_word' id='word_1_508' title='bbox 2651 3615 2801 3683; x_wconf 77' lang='grc' dir='ltr'>παρὰ</span> <span class='ocrx_word' id='word_1_509' title='bbox 2839 3615 2907 3666; x_wconf 81' lang='grc' dir='ltr'>τὰ</span> <span class='ocrx_word' id='word_1_510' title='bbox 2954 3614 3357 3684; x_wconf 81' lang='grc' dir='ltr'>διατεταγμένα</span> <span class='ocrx_word' id='word_1_511' title='bbox 3403 3615 3587 3675; x_wconf 83' lang='grc' dir='ltr'>ποιῶν.</span> <span class='ocrx_word' id='word_1_512' title='bbox 3628 3612 3711 3664; x_wconf 58' lang='grc' dir='ltr'><strong>ἐπὶ</strong></span> 
     </span>
    </p>
   </div>
   <div class='ocr_carea' id='block_1_81' title="bbox 2239 3705 3708 3778">
    <p class='ocr_par' dir='ltr' id='par_1_81' title="bbox 2239 3705 3708 3778">
     <span class='ocr_line' id='line_1_81' title="bbox 2239 3705 3708 3778; baseline 0.001 -22"><span class='ocrx_word' id='word_1_513' title='bbox 2239 3722 2258 3755; x_wconf 80' lang='grc' dir='ltr'><strong>ι</strong></span> <span class='ocrx_word' id='word_1_514' title='bbox 2296 3705 2565 3776; x_wconf 80' lang='grc' dir='ltr'>ἑϐδομάδα</span> <span class='ocrx_word' id='word_1_515' title='bbox 2601 3706 2733 3775; x_wconf 85' lang='grc' dir='ltr'>μίαν</span> <span class='ocrx_word' id='word_1_516' title='bbox 2763 3707 3132 3778; x_wconf 71' lang='grc' dir='ltr'>ἁιρδριζέσθω,</span> <span class='ocrx_word' id='word_1_517' title='bbox 3160 3706 3414 3760; x_wconf 83' lang='grc' dir='ltr'>ἐντεῦθεν</span> <span class='ocrx_word' id='word_1_518' title='bbox 3446 3707 3708 3773; x_wconf 82' lang='grc' dir='ltr'>παιδαγω-</span> 
     </span>
    </p>
   </div>
   <div class='ocr_carea' id='block_1_82' title="bbox 2236 3796 3577 3871">
    <p class='ocr_par' dir='ltr' id='par_1_82' title="bbox 2236 3796 3577 3871">
     <span class='ocr_line' id='line_1_82' title="bbox 2236 3796 3577 3871; baseline 0.001 -23"><span class='ocrx_word' id='word_1_519' title='bbox 2236 3814 2255 3848; x_wconf 84' lang='grc' dir='ltr'><strong>ι</strong></span> <span class='ocrx_word' id='word_1_520' title='bbox 2290 3796 2555 3866; x_wconf 82' lang='grc' dir='ltr'>γούμενος</span> <span class='ocrx_word' id='word_1_521' title='bbox 2583 3796 2658 3870; x_wconf 81' lang='grc' dir='ltr'>μὴ</span> <span class='ocrx_word' id='word_1_522' title='bbox 2687 3800 2907 3867; x_wconf 69' lang='grc' dir='ltr'>φρονεῖν</span> <span class='ocrx_word' id='word_1_523' title='bbox 2943 3799 3073 3870; x_wconf 78' lang='grc' dir='ltr'>παρ’</span> <span class='ocrx_word' id='word_1_524' title='bbox 3103 3798 3131 3851; x_wconf 84' lang='grc' dir='ltr'><strong>δ</strong></span> <span class='ocrx_word' id='word_1_525' title='bbox 3165 3798 3249 3853; x_wconf 87' lang='grc' dir='ltr'><strong>δεῖ</strong></span> <span class='ocrx_word' id='word_1_526' title='bbox 3278 3802 3519 3871; x_wconf 75' lang='grc' dir='ltr'>φρονεῖν.</span> <span class='ocrx_word' id='word_1_527' title='bbox 3559 3818 3577 3850; x_wconf 76' lang='grc' dir='ltr'>ι</span> 
     </span>
    </p>
   </div>
   <div class='ocr_carea' id='block_1_83' title="bbox 2227 3974 3709 4046">
    <p class='ocr_par' dir='ltr' id='par_1_83' title="bbox 2227 3974 3709 4046">
     <span class='ocr_line' id='line_1_83' title="bbox 2227 3974 3709 4046; baseline -0.002 -19"><span class='ocrx_word' id='word_1_528' title='bbox 2227 3975 2424 4029; x_wconf 83' lang='grc' dir='ltr'><strong>ΒΑΛΣ.</strong></span> <span class='ocrx_word' id='word_1_529' title='bbox 2484 3975 2671 4028; x_wconf 76' lang='grc' dir='ltr'>’Δλλοι</span> <span class='ocrx_word' id='word_1_530' title='bbox 2724 3974 2822 4044; x_wconf 80' lang='grc' dir='ltr'>μὲν</span> <span class='ocrx_word' id='word_1_531' title='bbox 2861 3975 3085 4039; x_wconf 82' lang='grc' dir='ltr'>κανόνες</span> <span class='ocrx_word' id='word_1_532' title='bbox 3140 3976 3393 4046; x_wconf 82' lang='grc' dir='ltr'>διάφοροι</span> <span class='ocrx_word' id='word_1_533' title='bbox 3446 3975 3709 4030; x_wconf 83' lang='grc' dir='ltr'>ἐκώλυσαν</span> 
     </span>
    </p>
   </div>
   <div class='ocr_carea' id='block_1_84' title="bbox 2154 4066 3704 4138">
    <p class='ocr_par' dir='ltr' id='par_1_84' title="bbox 2154 4066 3704 4138">
     <span class='ocr_line' id='line_1_84' title="bbox 2154 4066 3704 4138; baseline -0.004 -18"><span class='ocrx_word' id='word_1_534' title='bbox 2154 4066 2306 4137; x_wconf 70' lang='grc' dir='ltr'>παρὰ</span> <span class='ocrx_word' id='word_1_535' title='bbox 2340 4066 2545 4119; x_wconf 78' lang='grc' dir='ltr'>Ααῖκῶν</span> <span class='ocrx_word' id='word_1_536' title='bbox 2589 4068 2659 4119; x_wconf 81' lang='grc' dir='ltr'><strong>τὰ</strong></span> <span class='ocrx_word' id='word_1_537' title='bbox 2706 4067 2839 4133; x_wconf 68' lang='lat' dir='ltr'><strong>am</strong></span> <span class='ocrx_word' id='word_1_538' title='bbox 2894 4070 3170 4137; x_wconf 80' lang='grc' dir='ltr'>μυστήρια</span> <span class='ocrx_word' id='word_1_539' title='bbox 3225 4066 3704 4138; x_wconf 76' lang='grc' dir='ltr'>μεταχειρίζεσθαι,</span> 
     </span>
    </p>
   </div>
   <div class='ocr_carea' id='block_1_85' title="bbox 2104 4158 3707 4232">
    <p class='ocr_par' dir='ltr' id='par_1_85' title="bbox 2104 4158 3707 4232">
     <span class='ocr_line' id='line_1_85' title="bbox 2104 4158 3707 4232; baseline -0.001 -21"><span class='ocrx_word' id='word_1_540' title='bbox 2104 4182 2117 4205; x_wconf 61' lang='grc' dir='ltr'><strong>π·</strong></span> <span class='ocrx_word' id='word_1_541' title='bbox 2153 4159 2251 4211; x_wconf 74' lang='grc' dir='ltr'>καὶ</span> <span class='ocrx_word' id='word_1_542' title='bbox 2304 4158 2335 4228; x_wconf 86' lang='grc' dir='ltr'>ἢ</span> <span class='ocrx_word' id='word_1_543' title='bbox 2378 4158 2587 4228; x_wconf 81' lang='grc' dir='ltr'>ἑτέροις</span> <span class='ocrx_word' id='word_1_544' title='bbox 2624 4159 2961 4227; x_wconf 78' lang='grc' dir='ltr'>μεταδιδόναι</span> <span class='ocrx_word' id='word_1_545' title='bbox 3008 4160 3208 4223; x_wconf 79' lang='grc' dir='ltr'>αὐτῶν,</span> <span class='ocrx_word' id='word_1_546' title='bbox 3259 4162 3532 4232; x_wconf 82' lang='grc' dir='ltr'>ἢέαυτοῖς</span> <span class='ocrx_word' id='word_1_547' title='bbox 3559 4172 3574 4191; x_wconf 79' lang='grc' dir='ltr'><strong>ο</strong></span> <span class='ocrx_word' id='word_1_548' title='bbox 3634 4158 3707 4209; x_wconf 82' lang='grc' dir='ltr'>ὅτι</span> 
     </span>
    </p>
   </div>
   <div class='ocr_carea' id='block_1_86' title="bbox 2154 4249 3705 4322">
    <p class='ocr_par' dir='ltr' id='par_1_86' title="bbox 2154 4249 3705 4322">
     <span class='ocr_line' id='line_1_86' title="bbox 2154 4249 3705 4322; baseline -0.003 -19"><span class='ocrx_word' id='word_1_549' title='bbox 2154 4252 2476 4312; x_wconf 81' lang='grc' dir='ltr'>ἐπισκόποις</span> <span class='ocrx_word' id='word_1_550' title='bbox 2528 4252 2622 4303; x_wconf 83' lang='grc' dir='ltr'>καὶ</span> <span class='ocrx_word' id='word_1_551' title='bbox 2680 4250 2885 4322; x_wconf 74' lang='grc' dir='ltr'>ἱερεῦσι</span> <span class='ocrx_word' id='word_1_552' title='bbox 2930 4254 3023 4305; x_wconf 78' lang='grc' dir='ltr'>καὶ</span> <span class='ocrx_word' id='word_1_553' title='bbox 3068 4253 3340 4317; x_wconf 87' lang='grc' dir='ltr'>διακόνοις</span> <span class='ocrx_word' id='word_1_554' title='bbox 3392 4254 3453 4306; x_wconf 84' lang='grc' dir='ltr'><strong>τὸ</strong></span> <span class='ocrx_word' id='word_1_555' title='bbox 3482 4249 3705 4304; x_wconf 72' lang='grc' dir='ltr'>τοιοῦτον</span> 
     </span>
    </p>
   </div>
   <div class='ocr_carea' id='block_1_87' title="bbox 2152 4339 3705 4414">
    <p class='ocr_par' dir='ltr' id='par_1_87' title="bbox 2152 4339 3705 4414">
     <span class='ocr_line' id='line_1_87' title="bbox 2152 4339 3705 4414; baseline -0.001 -21"><span class='ocrx_word' id='word_1_556' title='bbox 2152 4340 2499 4411; x_wconf 81' lang='grc' dir='ltr'>ἁπεχαρίσθη</span> <span class='ocrx_word' id='word_1_557' title='bbox 2530 4341 2764 4411; x_wconf 78' lang='grc' dir='ltr'>ἀξίωμα.</span> <span class='ocrx_word' id='word_1_558' title='bbox 2804 4342 2863 4396; x_wconf 89' lang='lat'><strong>&#39;0</strong></span> <span class='ocrx_word' id='word_1_559' title='bbox 2893 4343 2948 4396; x_wconf 79' lang='grc' dir='ltr'>δὲ</span> <span class='ocrx_word' id='word_1_560' title='bbox 2985 4342 3176 4414; x_wconf 83' lang='grc' dir='ltr'>παρὼν</span> <span class='ocrx_word' id='word_1_561' title='bbox 3225 4345 3410 4398; x_wconf 88' lang='grc' dir='ltr'>κανὼν</span> <span class='ocrx_word' id='word_1_562' title='bbox 3452 4344 3518 4397; x_wconf 73' lang='grc' dir='ltr'><strong>τὰ</strong></span> <span class='ocrx_word' id='word_1_563' title='bbox 3578 4339 3705 4395; x_wconf 80' lang='grc' dir='ltr'>αὐτὰ</span> 
     </span>
    </p>
   </div>
   <div class='ocr_carea' id='block_1_88' title="bbox 488 4432 2055 4518">
    <p class='ocr_par' dir='ltr' id='par_1_88' title="bbox 488 4433 2055 4504">
     <span class='ocr_line' id='line_1_88' title="bbox 488 4433 2055 4504; baseline 0.006 -20"><span class='ocrx_word' id='word_1_564' title='bbox 488 4446 541 4489; x_wconf 79' lang='lat' dir='ltr'><strong>et</strong></span> <span class='ocrx_word' id='word_1_565' title='bbox 570 4433 734 4489; x_wconf 90' lang='lat' dir='ltr'><strong>unius</strong></span> <span class='ocrx_word' id='word_1_566' title='bbox 761 4446 977 4503; x_wconf 87' lang='lat' dir='ltr'><strong>quoque</strong></span> <span class='ocrx_word' id='word_1_567' title='bbox 1004 4433 1323 4502; x_wconf 72' lang='lat' dir='ltr'><strong>septimana:</strong></span> <span class='ocrx_word' id='word_1_568' title='bbox 1351 4436 1717 4504; x_wconf 85' lang='lat' dir='ltr'><strong>segregationi</strong></span> <span class='ocrx_word' id='word_1_569' title='bbox 1764 4452 1888 4492; x_wconf 90' lang='lat' dir='ltr'><strong>eum</strong></span> <span class='ocrx_word' id='word_1_570' title='bbox 1922 4441 2055 4494; x_wconf 81' lang='lat' dir='ltr'><strong>sub-</strong></span> 
     </span>
    </p>
   </div>
   <div class='ocr_carea' id='block_1_89' title="bbox 2155 4432 3705 4518">
    <p class='ocr_par' dir='ltr' id='par_1_89' title="bbox 2158 4432 3705 4507">
     <span class='ocr_line' id='line_1_89' title="bbox 2158 4432 3705 4507; baseline -0.004 -21"><span class='ocrx_word' id='word_1_571' title='bbox 2158 4432 2386 4495; x_wconf 83' lang='grc' dir='ltr'>ἐκείνοις</span> <span class='ocrx_word' id='word_1_572' title='bbox 2420 4434 2954 4504; x_wconf 84' lang='grc' dir='ltr'>παρακελευόμενος,</span> <span class='ocrx_word' id='word_1_573' title='bbox 3016 4438 3113 4489; x_wconf 80' lang='grc' dir='ltr'>καὶ</span> <span class='ocrx_word' id='word_1_574' title='bbox 3151 4436 3446 4507; x_wconf 80' lang='grc' dir='ltr'>ἀφορισμῷ</span> <span class='ocrx_word' id='word_1_575' title='bbox 3490 4432 3705 4487; x_wconf 81' lang='grc' dir='ltr'>καθυποο</span> 
     </span>
    </p>
   </div>
   <div class='ocr_carea' id='block_1_90' title="bbox 482 4522 2055 4599">
    <p class='ocr_par' dir='ltr' id='par_1_90' title="bbox 482 4527 2050 4597">
     <span class='ocr_line' id='line_1_90' title="bbox 482 4527 2050 4597; baseline 0.004 -19"><span class='ocrx_word' id='word_1_576' title='bbox 482 4528 708 4597; x_wconf 84' lang='lat' dir='ltr'><strong>jiciens,</strong></span> <span class='ocrx_word' id='word_1_577' title='bbox 737 4527 830 4594; x_wconf 91' lang='lat' dir='ltr'><strong>qui</strong></span> <span class='ocrx_word' id='word_1_578' title='bbox 868 4537 1060 4593; x_wconf 67' lang='lat' dir='ltr'><strong>praeter</strong></span> <span class='ocrx_word' id='word_1_579' title='bbox 1099 4540 1161 4580; x_wconf 85' lang='lat' dir='ltr'><strong>ea</strong></span> <span class='ocrx_word' id='word_1_580' title='bbox 1189 4540 1310 4595; x_wconf 59' lang='lat' dir='ltr'><strong>quae</strong></span> <span class='ocrx_word' id='word_1_581' title='bbox 1342 4534 1471 4580; x_wconf 91' lang='lat' dir='ltr'><strong>sunt</strong></span> <span class='ocrx_word' id='word_1_582' title='bbox 1528 4535 1750 4593; x_wconf 84' lang='lat' dir='ltr'><strong>statuta,</strong></span> <span class='ocrx_word' id='word_1_583' title='bbox 1804 4530 1855 4583; x_wconf 90' lang='lat' dir='ltr'><strong>id</strong></span> <span class='ocrx_word' id='word_1_584' title='bbox 1887 4530 2050 4585; x_wconf 88' lang='lat' dir='ltr'><strong>etiam</strong></span> 
     </span>
    </p>
   </div>
   <div class='ocr_carea' id='block_1_91' title="bbox 2155 4522 3701 4599">
    <p class='ocr_par' dir='ltr' id='par_1_91' title="bbox 2157 4522 3701 4599">
     <span class='ocr_line' id='line_1_91' title="bbox 2157 4522 3701 4599; baseline 0.001 -24"><span class='ocrx_word' id='word_1_585' title='bbox 2157 4522 2367 4577; x_wconf 83' lang='grc' dir='ltr'>ϐάλλων</span> <span class='ocrx_word' id='word_1_586' title='bbox 2398 4525 2493 4579; x_wconf 61' lang='grc' dir='ltr'><strong>ἐπὶ⁵</strong></span> <span class='ocrx_word' id='word_1_587' title='bbox 2521 4527 2791 4597; x_wconf 78' lang='grc' dir='ltr'>ἑϐδομάδα</span> <span class='ocrx_word' id='word_1_588' title='bbox 2821 4529 2949 4597; x_wconf 81' lang='grc' dir='ltr'>μίαν</span> <span class='ocrx_word' id='word_1_589' title='bbox 2973 4529 3063 4581; x_wconf 82' lang='grc' dir='ltr'><strong>τὸν</strong></span> <span class='ocrx_word' id='word_1_590' title='bbox 3108 4528 3263 4599; x_wconf 81' lang='grc' dir='ltr'>παρὰ</span> <span class='ocrx_word' id='word_1_591' title='bbox 3302 4529 3371 4582; x_wconf 80' lang='grc' dir='ltr'>τὰ</span> <span class='ocrx_word' id='word_1_592' title='bbox 3435 4528 3701 4589; x_wconf 83' lang='grc' dir='ltr'>διατεταγ-</span> 
     </span>
    </p>
   </div>
   <div class='ocr_carea' id='block_1_92' title="bbox 490 4614 2055 4699">
    <p class='ocr_par' dir='ltr' id='par_1_92' title="bbox 490 4614 2051 4687">
     <span class='ocr_line' id='line_1_92' title="bbox 490 4614 2051 4687; baseline 0.006 -19"><span class='ocrx_word' id='word_1_593' title='bbox 490 4617 701 4687; x_wconf 81' lang='lat' dir='ltr'><strong>adjicit,</strong></span> <span class='ocrx_word' id='word_1_594' title='bbox 730 4614 875 4686; x_wconf 91' lang='lat' dir='ltr'><strong>quod</strong></span> <span class='ocrx_word' id='word_1_595' title='bbox 904 4617 1017 4671; x_wconf 66' lang='lat' dir='ltr'><strong>haec</strong></span> <span class='ocrx_word' id='word_1_596' title='bbox 1054 4626 1186 4671; x_wconf 87' lang='lat' dir='ltr'><strong>tunc</strong></span> <span class='ocrx_word' id='word_1_597' title='bbox 1220 4618 1393 4672; x_wconf 83' lang='lat' dir='ltr'><strong>laicus</strong></span> <span class='ocrx_word' id='word_1_598' title='bbox 1445 4633 1555 4671; x_wconf 90' lang='lat' dir='ltr'><strong>non</strong></span> <span class='ocrx_word' id='word_1_599' title='bbox 1588 4618 1812 4675; x_wconf 86' lang='lat' dir='ltr'><strong>audebit</strong></span> <span class='ocrx_word' id='word_1_600' title='bbox 1847 4621 2051 4687; x_wconf 78' lang='lat' dir='ltr'><strong>facere,</strong></span> 
     </span>
    </p>
   </div>
   <div class='ocr_carea' id='block_1_93' title="bbox 2155 4614 3700 4699">
    <p class='ocr_par' dir='ltr' id='par_1_93' title="bbox 2158 4614 3700 4689">
     <span class='ocr_line' id='line_1_93' title="bbox 2158 4614 3700 4689; baseline -0.001 -22"><span class='ocrx_word' id='word_1_601' title='bbox 2158 4615 2296 4685; x_wconf 85' lang='grc' dir='ltr'>μένα</span> <span class='ocrx_word' id='word_1_602' title='bbox 2329 4614 2610 4681; x_wconf 81' lang='grc' dir='ltr'>ποιοῦντα,</span> <span class='ocrx_word' id='word_1_603' title='bbox 2667 4619 3119 4689; x_wconf 84' lang='grc' dir='ltr'>προστίθησινὼς</span> <span class='ocrx_word' id='word_1_604' title='bbox 3153 4620 3275 4672; x_wconf 80' lang='grc' dir='ltr'>τότε</span> <span class='ocrx_word' id='word_1_605' title='bbox 3314 4619 3486 4672; x_wconf 83' lang='grc' dir='ltr'>ταῦτα</span> <span class='ocrx_word' id='word_1_606' title='bbox 3536 4619 3563 4669; x_wconf 86' lang='grc' dir='ltr'><strong><em>ὁ</em></strong></span> <span class='ocrx_word' id='word_1_607' title='bbox 3598 4615 3700 4666; x_wconf 76' lang='grc' dir='ltr'>λαῖ-</span> 
     </span>
    </p>
   </div>
   <div class='ocr_carea' id='block_1_94' title="bbox 485 4710 2052 4783">
    <p class='ocr_par' dir='ltr' id='par_1_94' title="bbox 485 4710 2052 4783">
     <span class='ocr_line' id='line_1_94' title="bbox 485 4710 2052 4783; baseline 0.006 -21"><span class='ocrx_word' id='word_1_608' title='bbox 485 4710 712 4780; x_wconf 83' lang='lat' dir='ltr'><strong>quando</strong></span> <span class='ocrx_word' id='word_1_609' title='bbox 737 4710 891 4763; x_wconf 82' lang='lat' dir='ltr'><strong>adest</strong></span> <span class='ocrx_word' id='word_1_610' title='bbox 936 4711 1252 4780; x_wconf 90' lang='lat' dir='ltr'><strong>episcopus,</strong></span> <span class='ocrx_word' id='word_1_611' title='bbox 1290 4711 1579 4783; x_wconf 84' lang='lat' dir='ltr'><strong>presbyter</strong></span> <span class='ocrx_word' id='word_1_612' title='bbox 1633 4713 1717 4767; x_wconf 89' lang='lat' dir='ltr'><strong>vel</strong></span> <span class='ocrx_word' id='word_1_613' title='bbox 1766 4714 2052 4783; x_wconf 84' lang='lat' dir='ltr'><strong>diaconus,</strong></span> 
     </span>
    </p>
   </div>
   <div class='ocr_carea' id='block_1_95' title="bbox 482 4802 2053 4876">
    <p class='ocr_par' dir='ltr' id='par_1_95' title="bbox 482 4802 2053 4876">
     <span class='ocr_line' id='line_1_95' title="bbox 482 4802 2053 4876; baseline 0.004 -20"><span class='ocrx_word' id='word_1_614' title='bbox 482 4802 581 4873; x_wconf 86' lang='lat' dir='ltr'><strong>qui</strong></span> <span class='ocrx_word' id='word_1_615' title='bbox 615 4816 769 4856; x_wconf 84' lang='lat' dir='ltr'><strong>sacra</strong></span> <span class='ocrx_word' id='word_1_616' title='bbox 821 4810 1054 4857; x_wconf 84' lang='lat' dir='ltr'><strong>tractare</strong></span> <span class='ocrx_word' id='word_1_617' title='bbox 1103 4812 1301 4872; x_wconf 91' lang='lat' dir='ltr'><strong>potest.</strong></span> <span class='ocrx_word' id='word_1_618' title='bbox 1352 4802 1549 4858; x_wconf 88' lang='lat' dir='ltr'><strong>Dicunt</strong></span> <span class='ocrx_word' id='word_1_619' title='bbox 1592 4804 1757 4874; x_wconf 90' lang='lat' dir='ltr'><strong>igitur</strong></span> <span class='ocrx_word' id='word_1_620' title='bbox 1809 4808 2053 4876; x_wconf 90' lang='lat' dir='ltr'><strong>quidam,</strong></span> 
     </span>
    </p>
   </div>
   <div class='ocr_carea' id='block_1_96' title="bbox 485 4895 2051 4967">
    <p class='ocr_par' dir='ltr' id='par_1_96' title="bbox 485 4895 2051 4967">
     <span class='ocr_line' id='line_1_96' title="bbox 485 4895 2051 4967; baseline 0.005 -19"><span class='ocrx_word' id='word_1_621' title='bbox 485 4901 703 4962; x_wconf 86' lang='lat' dir='ltr'><strong>sumpta</strong></span> <span class='ocrx_word' id='word_1_622' title='bbox 733 4908 763 4947; x_wconf 89' lang='lat' dir='ltr'><strong>a</strong></span> <span class='ocrx_word' id='word_1_623' title='bbox 794 4895 1073 4947; x_wconf 89' lang='lat' dir='ltr'><strong>contrario</strong></span> <span class='ocrx_word' id='word_1_624' title='bbox 1103 4895 1481 4958; x_wconf 83' lang='lat' dir='ltr'><strong>distinctione,</strong></span> <span class='ocrx_word' id='word_1_625' title='bbox 1513 4895 1657 4965; x_wconf 80' lang='lat' dir='ltr'><strong>quod</strong></span> <span class='ocrx_word' id='word_1_626' title='bbox 1690 4899 1912 4967; x_wconf 86' lang='lat' dir='ltr'><strong>quando</strong></span> <span class='ocrx_word' id='word_1_627' title='bbox 1942 4915 2051 4956; x_wconf 90' lang='lat' dir='ltr'><strong>non</strong></span> 
     </span>
    </p>
   </div>
   <div class='ocr_carea' id='block_1_97' title="bbox 485 4985 2052 5057">
    <p class='ocr_par' dir='ltr' id='par_1_97' title="bbox 485 4985 2052 5057">
     <span class='ocr_line' id='line_1_97' title="bbox 485 4985 2052 5057; baseline 0.006 -19"><span class='ocrx_word' id='word_1_628' title='bbox 485 4985 638 5039; x_wconf 85' lang='lat' dir='ltr'><strong>adest</strong></span> <span class='ocrx_word' id='word_1_629' title='bbox 667 4999 853 5039; x_wconf 91' lang='lat' dir='ltr'><strong>eorum</strong></span> <span class='ocrx_word' id='word_1_630' title='bbox 891 4986 1092 5056; x_wconf 87' lang='lat' dir='ltr'><strong>aliquis</strong></span> <span class='ocrx_word' id='word_1_631' title='bbox 1128 4998 1349 5057; x_wconf 88' lang='lat' dir='ltr'><strong>pr0pter</strong></span> <span class='ocrx_word' id='word_1_632' title='bbox 1394 4987 1631 5043; x_wconf 85' lang='lat' dir='ltr'><strong>oblatam</strong></span> <span class='ocrx_word' id='word_1_633' title='bbox 1664 4990 1768 5044; x_wconf 88' lang='lat' dir='ltr'><strong>sibi</strong></span> <span class='ocrx_word' id='word_1_634' title='bbox 1805 4993 2052 5047; x_wconf 87' lang='lat' dir='ltr'><strong>necessi-</strong></span> 
     </span>
    </p>
   </div>
   <div class='ocr_carea' id='block_1_98' title="bbox 486 5071 2056 5153">
    <p class='ocr_par' dir='ltr' id='par_1_98' title="bbox 486 5071 2056 5153">
     <span class='ocr_line' id='line_1_98' title="bbox 486 5071 2056 5153; baseline 0.006 -27"><span class='ocrx_word' id='word_1_635' title='bbox 486 5080 677 5138; x_wconf 83' lang='lat' dir='ltr'><strong>tatem,</strong></span> <span class='ocrx_word' id='word_1_636' title='bbox 714 5071 818 5127; x_wconf 76' lang='lat' dir='ltr'><strong>sibl</strong></span> <span class='ocrx_word' id='word_1_637' title='bbox 855 5075 977 5145; x_wconf 79' lang='lat' dir='ltr'><strong>quis</strong></span> <span class='ocrx_word' id='word_1_638' title='bbox 1030 5085 1179 5130; x_wconf 90' lang='lat' dir='ltr'><strong>recte</strong></span> <span class='ocrx_word' id='word_1_639' title='bbox 1226 5076 1408 5131; x_wconf 83' lang='lat' dir='ltr'><strong>divina</strong></span> <span class='ocrx_word' id='word_1_640' title='bbox 1460 5088 1801 5134; x_wconf 85' lang='lat' dir='ltr'><strong>sacramenta</strong></span> <span class='ocrx_word' id='word_1_641' title='bbox 1855 5082 2056 5153; x_wconf 87' lang='lat' dir='ltr'><strong>imper-</strong></span> 
     </span>
    </p>
   </div>
   <div class='ocr_carea' id='block_1_99' title="bbox 491 5164 2051 5241">
    <p class='ocr_par' dir='ltr' id='par_1_99' title="bbox 491 5164 2051 5241">
     <span class='ocr_line' id='line_1_99' title="bbox 491 5164 2051 5241; baseline 0.006 -22"><span class='ocrx_word' id='word_1_642' title='bbox 491 5166 605 5221; x_wconf 87' lang='lat' dir='ltr'><strong>tiet.</strong></span> <span class='ocrx_word' id='word_1_643' title='bbox 644 5164 774 5220; x_wconf 81' lang='lat' dir='ltr'><strong>Mihi</strong></span> <span class='ocrx_word' id='word_1_644' title='bbox 808 5177 990 5222; x_wconf 90' lang='lat' dir='ltr'><strong>autem</strong></span> <span class='ocrx_word' id='word_1_645' title='bbox 1028 5184 1137 5223; x_wconf 92' lang='lat' dir='ltr'><strong>non</strong></span> <span class='ocrx_word' id='word_1_646' title='bbox 1173 5170 1428 5226; x_wconf 79' lang='lat' dir='ltr'><strong>videtur:</strong></span> <span class='ocrx_word' id='word_1_647' title='bbox 1481 5181 1538 5224; x_wconf 93' lang='lat' dir='ltr'><strong>ut</strong></span> <span class='ocrx_word' id='word_1_648' title='bbox 1563 5173 1709 5225; x_wconf 92' lang='lat' dir='ltr'><strong>enim</strong></span> <span class='ocrx_word' id='word_1_649' title='bbox 1762 5173 1870 5226; x_wconf 88' lang='lat' dir='ltr'><strong>tale</strong></span> <span class='ocrx_word' id='word_1_650' title='bbox 1920 5173 2051 5241; x_wconf 87' lang='lat' dir='ltr'><strong>quid</strong></span> 
     </span>
    </p>
   </div>
   <div class='ocr_carea' id='block_1_100' title="bbox 487 5258 2053 5336">
    <p class='ocr_par' dir='ltr' id='par_1_100' title="bbox 487 5258 2053 5336">
     <span class='ocr_line' id='line_1_100' title="bbox 487 5258 2053 5336; baseline 0.006 -26"><span class='ocrx_word' id='word_1_651' title='bbox 487 5258 750 5321; x_wconf 85' lang='lat' dir='ltr'><strong>audeant,</strong></span> <span class='ocrx_word' id='word_1_652' title='bbox 778 5273 846 5313; x_wconf 82' lang='lat' dir='ltr'><strong>ex</strong></span> <span class='ocrx_word' id='word_1_653' title='bbox 880 5261 1335 5331; x_wconf 85' lang='lat' dir='ltr'><strong>interpretatione</strong></span> <span class='ocrx_word' id='word_1_654' title='bbox 1374 5275 1429 5319; x_wconf 88' lang='lat' dir='ltr'><strong>et</strong></span> <span class='ocrx_word' id='word_1_655' title='bbox 1455 5279 1485 5318; x_wconf 91' lang='lat' dir='ltr'><strong>e</strong></span> <span class='ocrx_word' id='word_1_656' title='bbox 1515 5265 1793 5319; x_wconf 88' lang='lat' dir='ltr'><strong>contrario</strong></span> <span class='ocrx_word' id='word_1_657' title='bbox 1838 5276 2053 5336; x_wconf 87' lang='lat' dir='ltr'><strong>sumpta</strong></span> 
     </span>
    </p>
   </div>
   <div class='ocr_carea' id='block_1_101' title="bbox 486 5348 2048 5428">
    <p class='ocr_par' dir='ltr' id='par_1_101' title="bbox 486 5348 2048 5428">
     <span class='ocr_line' id='line_1_101' title="bbox 486 5348 2048 5428; baseline 0.004 -24"><span class='ocrx_word' id='word_1_658' title='bbox 486 5348 867 5413; x_wconf 87' lang='lat' dir='ltr'><strong>distinctione,</strong></span> <span class='ocrx_word' id='word_1_659' title='bbox 905 5366 1013 5405; x_wconf 88' lang='lat' dir='ltr'><strong>non</strong></span> <span class='ocrx_word' id='word_1_660' title='bbox 1048 5352 1396 5409; x_wconf 87' lang='lat' dir='ltr'><strong>concedetur.</strong></span> <span class='ocrx_word' id='word_1_661' title='bbox 1437 5353 1611 5409; x_wconf 81' lang='lat' dir='ltr'><strong>Latini</strong></span> <span class='ocrx_word' id='word_1_662' title='bbox 1642 5364 1821 5411; x_wconf 89' lang='lat' dir='ltr'><strong>autem</strong></span> <span class='ocrx_word' id='word_1_663' title='bbox 1856 5371 2048 5428; x_wconf 88' lang='lat' dir='ltr'><strong>azyma</strong></span> 
     </span>
    </p>
   </div>
   <div class='ocr_carea' id='block_1_102' title="bbox 491 5441 2047 5513">
    <p class='ocr_par' dir='ltr' id='par_1_102' title="bbox 491 5441 2047 5513">
     <span class='ocr_line' id='line_1_102' title="bbox 491 5441 2047 5513; baseline 0.006 -19"><span class='ocrx_word' id='word_1_664' title='bbox 491 5442 712 5498; x_wconf 89' lang='lat' dir='ltr'><strong>assidue</strong></span> <span class='ocrx_word' id='word_1_665' title='bbox 746 5442 801 5496; x_wconf 91' lang='lat' dir='ltr'><strong>in</strong></span> <span class='ocrx_word' id='word_1_666' title='bbox 837 5442 958 5497; x_wconf 86' lang='lat' dir='ltr'><strong>sinu</strong></span> <span class='ocrx_word' id='word_1_667' title='bbox 987 5441 1245 5507; x_wconf 84' lang='lat' dir='ltr'><strong>ferentes,</strong></span> <span class='ocrx_word' id='word_1_668' title='bbox 1277 5447 1488 5501; x_wconf 89' lang='lat' dir='ltr'><strong>etiamsi</strong></span> <span class='ocrx_word' id='word_1_669' title='bbox 1521 5447 1633 5501; x_wconf 88' lang='lat' dir='ltr'><strong>sint</strong></span> <span class='ocrx_word' id='word_1_670' title='bbox 1663 5446 1807 5513; x_wconf 87' lang='lat' dir='ltr'><strong>laici,</strong></span> <span class='ocrx_word' id='word_1_671' title='bbox 1842 5462 1902 5503; x_wconf 79' lang='lat' dir='ltr'><strong>ea</strong></span> <span class='ocrx_word' id='word_1_672' title='bbox 1941 5463 2047 5503; x_wconf 91' lang='lat' dir='ltr'><strong>non</strong></span> 
     </span>
    </p>
   </div>
   <div class='ocr_carea' id='block_1_103' title="bbox 488 5531 2048 5606">
    <p class='ocr_par' dir='ltr' id='par_1_103' title="bbox 488 5531 2048 5606">
     <span class='ocr_line' id='line_1_103' title="bbox 488 5531 2048 5606; baseline 0.006 -21"><span class='ocrx_word' id='word_1_673' title='bbox 488 5532 667 5586; x_wconf 90' lang='lat' dir='ltr'><strong>solum</strong></span> <span class='ocrx_word' id='word_1_674' title='bbox 700 5531 805 5588; x_wconf 89' lang='lat' dir='ltr'><strong>sibi</strong></span> <span class='ocrx_word' id='word_1_675' title='bbox 856 5541 916 5587; x_wconf 89' lang='lat' dir='ltr'><strong>ut</strong></span> <span class='ocrx_word' id='word_1_676' title='bbox 968 5543 1307 5588; x_wconf 88' lang='lat' dir='ltr'><strong>sacramenta</strong></span> <span class='ocrx_word' id='word_1_677' title='bbox 1352 5535 1692 5606; x_wconf 77' lang='lat' dir='ltr'><strong>impertiant,</strong></span> <span class='ocrx_word' id='word_1_678' title='bbox 1746 5537 1840 5593; x_wconf 86' lang='lat' dir='ltr'><strong>sed</strong></span> <span class='ocrx_word' id='word_1_679' title='bbox 1887 5539 2048 5594; x_wconf 88' lang='lat' dir='ltr'><strong>etiam</strong></span> 
     </span>
    </p>
   </div>
   <div class='ocr_carea' id='block_1_104' title="bbox 561 5714 2046 5794">
    <p class='ocr_par' dir='ltr' id='par_1_104' title="bbox 561 5714 2046 5794">
     <span class='ocr_line' id='line_1_104' title="bbox 561 5714 2046 5794; baseline 0.007 -24"><span class='ocrx_word' id='word_1_680' title='bbox 561 5714 817 5777; x_wconf 71' lang='lat' dir='ltr'><strong>ZONAR.</strong></span> <span class='ocrx_word' id='word_1_681' title='bbox 876 5717 1075 5777; x_wconf 84' lang='lat' dir='ltr'><strong>Sancta</strong></span> <span class='ocrx_word' id='word_1_682' title='bbox 1109 5728 1360 5788; x_wconf 85' lang='lat' dir='ltr'><strong>tractare,</strong></span> <span class='ocrx_word' id='word_1_683' title='bbox 1398 5734 1573 5792; x_wconf 87' lang='lat' dir='ltr'><strong>caque</strong></span> <span class='ocrx_word' id='word_1_684' title='bbox 1602 5723 1814 5780; x_wconf 63' lang='lat' dir='ltr'><strong>caeteris</strong></span> <span class='ocrx_word' id='word_1_685' title='bbox 1847 5724 2046 5794; x_wconf 79' lang='lat' dir='ltr'><strong>imper-</strong></span> 
     </span>
    </p>
   </div>
   <div class='ocr_carea' id='block_1_105' title="bbox 2152 4704 3696 4782">
    <p class='ocr_par' dir='ltr' id='par_1_105' title="bbox 2152 4704 3696 4782">
     <span class='ocr_line' id='line_1_105' title="bbox 2152 4704 3696 4782; baseline -0.001 -21"><span class='ocrx_word' id='word_1_686' title='bbox 2152 4708 2249 4771; x_wconf 79' lang='grc' dir='ltr'><strong>κὸς</strong></span> <span class='ocrx_word' id='word_1_687' title='bbox 2273 4710 2332 4761; x_wconf 82' lang='grc' dir='ltr'><strong>οὐ</strong></span> <span class='ocrx_word' id='word_1_688' title='bbox 2357 4709 2616 4780; x_wconf 80' lang='grc' dir='ltr'>τολμήσει</span> <span class='ocrx_word' id='word_1_689' title='bbox 2644 4712 2887 4781; x_wconf 84' lang='grc' dir='ltr'>ποιῆσαι,</span> <span class='ocrx_word' id='word_1_690' title='bbox 2935 4713 3025 4764; x_wconf 83' lang='grc' dir='ltr'><strong>ὅτε</strong></span> <span class='ocrx_word' id='word_1_691' title='bbox 3059 4712 3323 4782; x_wconf 80' lang='grc' dir='ltr'>πάρεστιν</span> <span class='ocrx_word' id='word_1_692' title='bbox 3363 4712 3644 4768; x_wconf 74' lang='grc' dir='ltr'>ἐπίσκοπος</span> <span class='ocrx_word' id='word_1_693' title='bbox 3667 4704 3696 4773; x_wconf 83' lang='grc' dir='ltr'>ἢ</span> 
     </span>
    </p>
   </div>
   <div class='ocr_carea' id='block_1_106' title="bbox 2151 4799 3699 4875">
    <p class='ocr_par' dir='ltr' id='par_1_106' title="bbox 2151 4799 3699 4875">
     <span class='ocr_line' id='line_1_106' title="bbox 2151 4799 3699 4875; baseline -0.003 -21"><span class='ocrx_word' id='word_1_694' title='bbox 2151 4802 2522 4873; x_wconf 81' lang='grc' dir='ltr'>πρεσϐύτερος</span> <span class='ocrx_word' id='word_1_695' title='bbox 2556 4802 2590 4873; x_wconf 82' lang='grc' dir='ltr'>ἢ</span> <span class='ocrx_word' id='word_1_696' title='bbox 2620 4801 2886 4867; x_wconf 83' lang='grc' dir='ltr'>διάκονος,</span> <span class='ocrx_word' id='word_1_697' title='bbox 2916 4803 3213 4873; x_wconf 80' lang='grc' dir='ltr'>δυνάμενος</span> <span class='ocrx_word' id='word_1_698' title='bbox 3242 4799 3699 4875; x_wconf 77' lang='grc' dir='ltr'>μεταχειρισθῆναι</span> 
     </span>
    </p>
   </div>
   <div class='ocr_carea' id='block_1_107' title="bbox 2151 4886 3697 4963">
    <p class='ocr_par' dir='ltr' id='par_1_107' title="bbox 2151 4886 3697 4963">
     <span class='ocr_line' id='line_1_107' title="bbox 2151 4886 3697 4963; baseline -0.001 -15"><span class='ocrx_word' id='word_1_699' title='bbox 2151 4895 2220 4948; x_wconf 72' lang='grc' dir='ltr'>τὰ</span> <span class='ocrx_word' id='word_1_700' title='bbox 2277 4894 2429 4961; x_wconf 74' lang='grc' dir='ltr'>ἅγια.</span> <span class='ocrx_word' id='word_1_701' title='bbox 2478 4894 2710 4961; x_wconf 87' lang='grc' dir='ltr'>Λέγουσι</span> <span class='ocrx_word' id='word_1_702' title='bbox 2754 4894 2882 4963; x_wconf 83' lang='grc' dir='ltr'>γοῦν</span> <span class='ocrx_word' id='word_1_703' title='bbox 2914 4910 3059 4958; x_wconf 85' lang='grc' dir='ltr'>τινες</span> <span class='ocrx_word' id='word_1_704' title='bbox 3104 4895 3164 4959; x_wconf 80' lang='grc' dir='ltr'>ἐξ</span> <span class='ocrx_word' id='word_1_705' title='bbox 3193 4891 3589 4960; x_wconf 73' lang='grc' dir='ltr'>ἀντιδιαστολῆς</span> <span class='ocrx_word' id='word_1_706' title='bbox 3609 4886 3697 4948; x_wconf 81' lang='grc' dir='ltr'><strong>ὡς.</strong></span> 
     </span>
    </p>
   </div>
   <div class='ocr_carea' id='block_1_108' title="bbox 2150 4977 3699 5059">
    <p class='ocr_par' dir='ltr' id='par_1_108' title="bbox 2150 4977 3699 5059">
     <span class='ocr_line' id='line_1_108' title="bbox 2150 4977 3699 5059; baseline -0.006 -19"><span class='ocrx_word' id='word_1_707' title='bbox 2150 4986 2281 5041; x_wconf 84' lang='grc' dir='ltr'>ὃταν</span> <span class='ocrx_word' id='word_1_708' title='bbox 2314 4980 2544 5059; x_wconf 76' lang='grc' dir='ltr'>πάρεστί</span> <span class='ocrx_word' id='word_1_709' title='bbox 2570 5004 2653 5050; x_wconf 83' lang='grc' dir='ltr'><strong>τις</strong></span> <span class='ocrx_word' id='word_1_710' title='bbox 2689 4987 2749 5053; x_wconf 82' lang='grc' dir='ltr'><strong>ἐξ</strong></span> <span class='ocrx_word' id='word_1_711' title='bbox 2791 4986 2991 5053; x_wconf 79' lang='grc' dir='ltr'>αὐτῶν,</span> <span class='ocrx_word' id='word_1_712' title='bbox 3042 4986 3130 5040; x_wconf 81' lang='grc' dir='ltr'><strong>διὰ</strong></span> <span class='ocrx_word' id='word_1_713' title='bbox 3176 4982 3573 5058; x_wconf 78' lang='grc' dir='ltr'>προσκειμένην</span> <span class='ocrx_word' id='word_1_714' title='bbox 3618 4977 3699 5028; x_wconf 83' lang='grc' dir='ltr'><strong>ἀν·</strong></span> 
     </span>
    </p>
   </div>
   <div class='ocr_carea' id='block_1_109' title="bbox 2120 5066 3696 5151">
    <p class='ocr_par' dir='ltr' id='par_1_109' title="bbox 2120 5066 3696 5151">
     <span class='ocr_line' id='line_1_109' title="bbox 2120 5066 3696 5151; baseline -0.011 -16"><span class='ocrx_word' id='word_1_715' title='bbox 2120 5079 2329 5149; x_wconf 80' lang='grc' dir='ltr'>’ἀγκην</span> <span class='ocrx_word' id='word_1_716' title='bbox 2390 5079 2570 5144; x_wconf 85' lang='grc' dir='ltr'>καλῶς</span> <span class='ocrx_word' id='word_1_717' title='bbox 2621 5080 2924 5151; x_wconf 84' lang='grc' dir='ltr'>μεταδώσει</span> <span class='ocrx_word' id='word_1_718' title='bbox 2995 5097 3082 5143; x_wconf 82' lang='grc' dir='ltr'><strong>τις</strong></span> <span class='ocrx_word' id='word_1_719' title='bbox 3146 5080 3327 5151; x_wconf 79' lang='grc' dir='ltr'>ἐαυτῷ</span> <span class='ocrx_word' id='word_1_720' title='bbox 3383 5077 3490 5131; x_wconf 83' lang='grc' dir='ltr'>τῶν</span> <span class='ocrx_word' id='word_1_721' title='bbox 3551 5066 3696 5124; x_wconf 81' lang='grc' dir='ltr'>θείων</span> 
     </span>
    </p>
   </div>
   <div class='ocr_carea' id='block_1_110' title="bbox 2150 5160 3698 5243">
    <p class='ocr_par' dir='ltr' id='par_1_110' title="bbox 2150 5160 3698 5243">
     <span class='ocr_line' id='line_1_110' title="bbox 2150 5160 3698 5243; baseline -0.009 -17"><span class='ocrx_word' id='word_1_722' title='bbox 2150 5173 2508 5242; x_wconf 83' lang='grc' dir='ltr'>ἁγιασμάτων</span> <span class='ocrx_word' id='word_1_723' title='bbox 2540 5190 2556 5206; x_wconf 79' lang='grc' dir='ltr'><strong>ο</strong></span> <span class='ocrx_word' id='word_1_724' title='bbox 2586 5173 2711 5243; x_wconf 76' lang='grc' dir='ltr'>ἐμοὶ</span> <span class='ocrx_word' id='word_1_725' title='bbox 2733 5174 2789 5227; x_wconf 85' lang='grc' dir='ltr'>δὲ</span> <span class='ocrx_word' id='word_1_726' title='bbox 2816 5174 2876 5227; x_wconf 79' lang='grc' dir='ltr'><strong>οὐ</strong></span> <span class='ocrx_word' id='word_1_727' title='bbox 2905 5174 3071 5229; x_wconf 83' lang='grc' dir='ltr'>δοκεῖ.</span> <span class='ocrx_word' id='word_1_728' title='bbox 3134 5171 3386 5226; x_wconf 81' lang='grc' dir='ltr'>Τοιοῦτον</span> <span class='ocrx_word' id='word_1_729' title='bbox 3434 5168 3539 5237; x_wconf 71' lang='grc' dir='ltr'>γὰρ</span> <span class='ocrx_word' id='word_1_730' title='bbox 3589 5160 3698 5214; x_wconf 81' lang='grc' dir='ltr'>τολ-</span> 
     </span>
    </p>
   </div>
   <div class='ocr_carea' id='block_1_111' title="bbox 2155 5254 3693 5335">
    <p class='ocr_par' dir='ltr' id='par_1_111' title="bbox 2155 5254 3693 5335">
     <span class='ocr_line' id='line_1_111' title="bbox 2155 5254 3693 5335; baseline -0.01 -16"><span class='ocrx_word' id='word_1_731' title='bbox 2155 5265 2393 5335; x_wconf 71' lang='grc' dir='ltr'>μηθῆναι</span> <span class='ocrx_word' id='word_1_732' title='bbox 2417 5266 2525 5318; x_wconf 78' lang='grc' dir='ltr'><strong>ἀπὸ</strong></span> <span class='ocrx_word' id='word_1_733' title='bbox 2558 5266 2857 5335; x_wconf 79' lang='grc' dir='ltr'>ἑρμηνείας</span> <span class='ocrx_word' id='word_1_734' title='bbox 2888 5266 2986 5319; x_wconf 78' lang='grc' dir='ltr'>καὶ</span> <span class='ocrx_word' id='word_1_735' title='bbox 3009 5263 3422 5333; x_wconf 83' lang='grc' dir='ltr'>ἀντιδιαστολῆς</span> <span class='ocrx_word' id='word_1_736' title='bbox 3455 5258 3552 5312; x_wconf 81' lang='grc' dir='ltr'><strong>οὐκ</strong></span> <span class='ocrx_word' id='word_1_737' title='bbox 3612 5254 3693 5304; x_wconf 82' lang='grc' dir='ltr'>ἐκ·</span> 
     </span>
    </p>
   </div>
   <div class='ocr_carea' id='block_1_112' title="bbox 2152 5340 3693 5426">
    <p class='ocr_par' dir='ltr' id='par_1_112' title="bbox 2152 5340 3693 5426">
     <span class='ocr_line' id='line_1_112' title="bbox 2152 5340 3693 5426; baseline -0.004 -18"><span class='ocrx_word' id='word_1_738' title='bbox 2152 5356 2559 5426; x_wconf 80' lang='grc' dir='ltr'>χωρηθήσεται.</span> <span class='ocrx_word' id='word_1_739' title='bbox 2598 5356 2663 5409; x_wconf 89' lang='lat' dir='ltr'><strong>Ol</strong></span> <span class='ocrx_word' id='word_1_740' title='bbox 2712 5357 2897 5426; x_wconf 85' lang='grc' dir='ltr'>μέντοι</span> <span class='ocrx_word' id='word_1_741' title='bbox 2956 5356 3173 5409; x_wconf 79' lang='grc' dir='ltr'>Λατῖνοι</span> <span class='ocrx_word' id='word_1_742' title='bbox 3220 5354 3405 5424; x_wconf 80' lang='grc' dir='ltr'>ἄζυμα</span> <span class='ocrx_word' id='word_1_743' title='bbox 3452 5340 3693 5418; x_wconf 74' lang='grc' dir='ltr'>διηνεκῶς</span> 
     </span>
    </p>
   </div>
   <div class='ocr_carea' id='block_1_113' title="bbox 2150 5443 3688 5519">
    <p class='ocr_par' dir='ltr' id='par_1_113' title="bbox 2150 5443 3688 5519">
     <span class='ocr_line' id='line_1_113' title="bbox 2150 5443 3688 5519; baseline -0.008 -20"><span class='ocrx_word' id='word_1_744' title='bbox 2150 5448 2415 5515; x_wconf 79' lang='grc' dir='ltr'>ὲγκόλπια</span> <span class='ocrx_word' id='word_1_745' title='bbox 2468 5450 2726 5519; x_wconf 83' lang='grc' dir='ltr'>φέροντες</span> <span class='ocrx_word' id='word_1_746' title='bbox 2752 5449 2847 5505; x_wconf 77' lang='grc' dir='ltr'><strong>καὶ</strong></span> <span class='ocrx_word' id='word_1_747' title='bbox 2877 5450 3059 5503; x_wconf 78' lang='grc' dir='ltr'>λαῖκοὶ</span> <span class='ocrx_word' id='word_1_748' title='bbox 3096 5450 3270 5514; x_wconf 68' lang='grc' dir='ltr'>ὄντες,</span> <span class='ocrx_word' id='word_1_749' title='bbox 3300 5450 3361 5502; x_wconf 84' lang='grc' dir='ltr'><strong>οὐ</strong></span> <span class='ocrx_word' id='word_1_750' title='bbox 3399 5448 3550 5517; x_wconf 81' lang='grc' dir='ltr'>μόνον</span> <span class='ocrx_word' id='word_1_751' title='bbox 3577 5443 3688 5491; x_wconf 75' lang='grc' dir='ltr'>ἐαυ-</span> 
     </span>
    </p>
   </div>
   <div class='ocr_carea' id='block_1_114' title="bbox 2148 5526 3690 5614">
    <p class='ocr_par' dir='ltr' id='par_1_114' title="bbox 2148 5526 3690 5614">
     <span class='ocr_line' id='line_1_114' title="bbox 2148 5526 3690 5614; baseline -0.017 -9"><span class='ocrx_word' id='word_1_752' title='bbox 2148 5543 2263 5604; x_wconf 82' lang='grc' dir='ltr'>τοῖς</span> <span class='ocrx_word' id='word_1_753' title='bbox 2294 5539 2496 5593; x_wconf 72' lang='grc' dir='ltr'>τούτων</span> <span class='ocrx_word' id='word_1_754' title='bbox 2528 5542 2907 5612; x_wconf 82' lang='grc' dir='ltr'>μεταδιδόασιν</span> <span class='ocrx_word' id='word_1_755' title='bbox 2937 5544 3011 5608; x_wconf 85' lang='grc' dir='ltr'><strong>ὡς</strong></span> <span class='ocrx_word' id='word_1_756' title='bbox 3036 5543 3409 5614; x_wconf 81' lang='grc' dir='ltr'>ἁγιασμάτων,</span> <span class='ocrx_word' id='word_1_757' title='bbox 3438 5532 3564 5591; x_wconf 72' lang='grc' dir='ltr'>ἀλλὰ</span> <span class='ocrx_word' id='word_1_758' title='bbox 3608 5526 3690 5581; x_wconf 75' lang='grc' dir='ltr'><strong>καὶ</strong></span> 
     </span>
    </p>
   </div>
   <div class='ocr_carea' id='block_1_115' title="bbox 2153 5633 2384 5702">
    <p class='ocr_par' dir='ltr' id='par_1_115' title="bbox 2153 5633 2384 5702">
     <span class='ocr_line' id='line_1_115' title="bbox 2153 5633 2384 5702; baseline 0 -16"><span class='ocrx_word' id='word_1_759' title='bbox 2153 5633 2384 5702; x_wconf 81' lang='grc' dir='ltr'>ἑτέροις.</span> 
     </span>
    </p>
   </div>
   <div class='ocr_carea' id='block_1_116' title="bbox 2228 5713 3687 5801">
    <p class='ocr_par' dir='ltr' id='par_1_116' title="bbox 2228 5713 3687 5801">
     <span class='ocr_line' id='line_1_116' title="bbox 2228 5713 3687 5801; baseline -0.005 -22"><span class='ocrx_word' id='word_1_760' title='bbox 2228 5726 2472 5781; x_wconf 81' lang='grc' dir='ltr'><strong>ΖΩΝΛΡ.</strong></span> <span class='ocrx_word' id='word_1_761' title='bbox 2513 5727 2588 5781; x_wconf 81' lang='grc' dir='ltr'>Τὸ</span> <span class='ocrx_word' id='word_1_762' title='bbox 2620 5730 3097 5801; x_wconf 76' lang='grc' dir='ltr'>μεταχειρίζεσθαι</span> <span class='ocrx_word' id='word_1_763' title='bbox 3120 5730 3185 5784; x_wconf 79' lang='grc' dir='ltr'><strong>τὰ</strong></span> <span class='ocrx_word' id='word_1_764' title='bbox 3213 5730 3362 5798; x_wconf 78' lang='grc' dir='ltr'>ἅγια,</span> <span class='ocrx_word' id='word_1_765' title='bbox 3387 5721 3477 5780; x_wconf 67' lang='grc' dir='ltr'>καὶ</span> <span class='ocrx_word' id='word_1_766' title='bbox 3504 5713 3687 5785; x_wconf 75' lang='grc' dir='ltr'>ἑτέρως</span> 
     </span>
    </p>
   </div>
  </div>
