3984 6474
467 335 576 406 ἠδ

463 545 615 614 poni,
648 544 818 600 laicos
847 558 976 598 vero
1005 547 1378 617 Segregatione
1433 541 1605 601 teneri
1642 547 1845 617 placet.
1883 546 2033 600 Duo-

464 635 708 689 decimus
742 644 869 689 πνοι-ο
895 648 1071 690 canon
1109 638 1296 707 prima».
1345 648 1399 693 et
1435 638 1693 692 secundae
1742 638 1794 692 in
1831 639 2033 706 templo

465 721 792 777 Sanctorum
848 714 1232 793 Apostolorum
1288 726 1489 782 habita:
1533 725 1749 799 synodi,
1803 742 1832 780 a
1887 727 2032 780 clero

463 815 755 884 sepositos,
788 815 908 892 ‘IIOC
952 827 1054 880 est,
1103 819 1347 890 episcopi
1404 821 1729 875 auctoritate
1774 829 1840 872 ex
1880 820 2030 874 omni

462 908 611 962 clero
639 909 738 961 loci
776 908 942 972 illius,
977 909 1068 978 qui
1103 911 1154 963 in
1206 911 1419 980 privata
1475 915 1588 966 :ede
1641 925 1795 966 sacra
1831 910 2028 964 facturi

427 1027 431 1030 -
458 1008 613 1066 sunt,
643 1005 801 1069 eique
834 1000 1045 1053 muneri
1083 1004 1381 1070 separatim
1415 1003 1661 1059 addictos
1693 1021 1814 1061 esse
1869 1017 2031 1076 opera-

459 1085 579 1147 tere
634 1093 899 1148 decernit.
942 1092 1078 1147 illud
1110 1109 1242 1164 ergo
1298 1112 1361 1148 ex
1402 1103 1637 1166 utroque
1673 1098 1776 1151 boc
1821 1112 2030 1154 canone

461 1185 713 1246 edicitur,
749 1195 805 1238 ut
833 1185 887 1239 in
926 1187 1015 1238 tali
1043 1187 1287 1242 oratorio
1321 1201 1477 1241 sacra
1515 1205 1794 1256 peragere,
1854 1190 2030 1258 bapti-

458 1293 750 1349 smumqne
798 1281 1132 1344 ministrare,
1205 1295 1304 1335 nec
1351 1283 1574 1336 omnino
1629 1283 1880 1347 vetitum,
1929 1295 2028 1335 nec

458 1373 714 1426 omnibus
768 1373 1094 1440 permissum
1143 1387 1265 1427 esse
1317 1371 1727 1441 intelligamus:
1803 1375 1894 1431 sed
1935 1375 2026 1443 qui

457 1462 730 1530 ejusmodi
763 1475 916 1517 sacra
967 1463 1270 1516 ministeria
1306 1465 1556 1532 privatim
1612 1465 1814 1518 obituri
1876 1475 2024 1529 sunt,

459 1569 554 1608 eos
588 1553 851 1616 delectos,
887 1565 940 1607 et
968 1556 1105 1608 bene
1135 1555 1384 1623 cognitos
1432 1570 1551 1609 esse
1599 1557 1789 1610 Patres
1839 1559 2030 1612 voluc-

457 1645 580 1699 i-unl
609 1637 631 1709 ,’
656 1660 756 1698 nec
789 1645 952 1698 alium
988 1657 1248 1715 przeterea
1298 1645 1366 1698 ad
1398 1645 1485 1699 illa
1542 1662 1872 1715 quemquam
1925 1649 2026 1701 ad-

453 1738 753 1800 mitti,‘nec
784 1738 1050 1804 cujusque
1098 1737 1406 1791 sacerdotis
1462 1739 1726 1791 voluntati
1763 1739 1864 1793 hoc
1895 1755 2024 1793 ron-

1742 343 1998 405 THEOD

2125 346 2451 404 \LSAMUN
3573 379 3660 446 715

466 451 859 518 interdictum;
897 452 1104 523 quique
1132 453 1188 508 id
1217 469 1386 510 ausus
1415 455 1600 520 fuerit,
1634 454 1909 509 initiatum
1943 456 2021 509 de-

2137 456 2274 524 ὄντι,
2305 459 2396 510 καὶ
2425 459 2515 513 τὸν
2544 460 2699 515 τοῦτο
2721 463 3069 536 τολμήσαντα
3103 471 3389 543 ἱερωμένον
3414 485 3510 539 καθ

2140 500 2274 524 ---Ἰ
2307 500 2396 510 η...
2435 500 2513 513 μιν
2551 500 2699 515 nulva
2731 500 3069 536 υυιιμιμυινιυι
3103 500 3389 543 ιερωμενον
3414 500 3510 539 καυ
3550 500 3655 562 ipsi,

2138 549 2356 612 λαῖκοῦς
2402 551 2459 604 δὲ
2511 555 2780 624 ἀφορίζει.
2850 559 2911 611 Ὀ
2963 559 3020 614 δὲ
3056 563 3353 631 δωδέκατος
3400 578 3660 650 κανὼντίς

2138 638 2355 713 πρώτης
2408 646 2498 696 καὶ
2527 646 2786 717 δευτέρας
2818 652 3035 705 συνόδου
3068 655 3167 725 τῆς
3205 659 3261 709 ἐν
3286 662 3363 730 τῷ
3418 670 3523 740 ναῷ

2145 729 2344 830 ’ἐγγίων
2381 735 2738 830 ΔΪΑποστόλων
2803 745 3078 814 συστάσης
3140 729 3666 830 ἀποκεκληρωμένους

2136 819 2274 876 εἶναι
2303 824 2550 894 βούλεται
2573 831 2696 892 τοὺς
2719 831 2774 882 ὲν
2799 832 3072 906 εὖκτηρίῳ
3096 819 3524 913 λειτουργοῦντας
3539 819 3666 907 ἔνδον

2132 913 2312 976 οἰκίας
2341 914 2477 977 ὄντι,
2509 919 2629 969 ἀντὶ
2660 920 2753 971 τοῦ
2801 920 3145 998 ὡρισμένους
3188 933 3664 1008 .ἐκκεχωρημένο·.›ς

2134 1007 2283 1073 παρὰ
2318 1005 2410 1057 τοῦ
2447 1008 2584 1061 κατὰ
2616 1011 2777 1062 τόπον
2805 1014 3128 1069 ἐπισκόπου.
3168 1016 3338 1074 Τοῦτο
3371 1021 3457 1078 οὖν
3489 1005 3543 1094 ἐξ
3570 1005 3670 1099 du-

2134 1095 2254 1161 φοῖν
2280 1096 2387 1146 τῶν
2416 1099 2658 1151 κανόνων
2687 1103 2890 1156 τούτων
2926 1107 3420 1181 καταλαμϐάνεται,
3453 1119 3528 1171 ὅτι
3558 1095 3666 1177 οἶδ-τε

2133 1186 2310 1256 πάντη
2347 1191 2737 1245 κεκώλυταιτὸ
2773 1194 3081 1265 ἱερουργεῖν
3149 1203 3207 1253 ἐν
3257 1205 3522 1281 εύκτηρίῳ
3567 1231 3665 1266 τοι-

2130 1276 2271 1343 ούτῳ
2303 1282 2396 1331 καὶ
2430 1282 2736 1349 βαπτίζειν,
2775 1285 2899 1338 οὔτε
2937 1292 3100 1344 παντὶ
3127 1295 3508 1366 ἐπετέτραπτο,
3550 1304 3669 1358 ἀλλά

2128 1369 2469 1437 ὡρισμένους
2506 1377 2598 1424 καὶ
2620 1378 2997 1445 ἐγνωσμένους
3031 1382 3222 1451 ἤθελον
3256 1389 3304 1438 οἱ
3337 1390 3568 1460 [Ιατέρες
3591 1391 3663 1446 εἷ-

2130 1476 2218 1512 ναι
2247 1462 2372 1523 τοὺς
2397 1464 2688 1532 μέλλοντας
2743 1470 2804 1520 ὲν
2866 1471 3176 1544 εὖκτηρίοις
3226 1479 3536 1549 ἱερουργεῖν,
3587 1486 3670 1536 καὶ

2129 1549 2259 1619 παρ’
2289 1553 2529 1615 ἐκείνους
2566 1559 2734 1627 ἑτέρῳ
2772 1559 2849 1630 μὴ
2879 1561 3079 1624 ἐξεῖναι
3111 1564 3266 1618 τοῦτο
3303 1577 3492 1634 ποιεῖν,
3542 1574 3668 1643 μηδὲ

2126 1642 2203 1711 τῷ
2232 1645 2465 1697 ἑκάστου
2502 1647 2694 1714 ἱερέως
2737 1650 3040 1722 βουλήματι
3067 1653 3226 1708 τοῦτο
3277 1658 3460 1712 ἄνετον
3505 1642 3668 1718 εἶναι·

2128 1737 2278 1804 παρὰ
2318 1736 2409 1788 τοῦ
2442 1741 2745 1794 ἐπισκόπου
2795 1744 2851 1795 δὲ
2881 1745 2980 1815 τῆς
3032 1747 3543 1820 χώραςλαμϐἀνειν
3584 1758 3674 1828 τὴν

453 1819 674 1911 cessum
712 1843 868 1892 esse;
932 1828 1027 1882 sed
1088 1845 1149 1881 ex
1183 1829 1420 1897 regionis
1485 1829 1745 1898 epismpo
1807 1830 2021 1883 veniam

2126 1824 2454 1898 ἐκχώρησιν.
2491 1831 2626 1894 Τοὺς
2651 1833 2707 1885 δὲ
2728 1832 2786 1898 ἐξ
2812 1837 3019 1900 οἰκείας
3050 1841 3224 1911 ὁρμῆς
3271 1846 3426 1896 τοῦτο
3474 1848 3672 1899 ποιοῦν-

452 1895 757 1989 impeirari.
793 1917 1116 1989 Quicunque
1148 1935 1276 1974 vero
1307 1936 1428 1975 sese
1472 1935 1580 1973 non
1633 1923 1812 1974 vocati
1867 1923 2020 1991 operi

451 2011 815 2075 accinxerint,
844 2013 1064 2082 deponi,
1093 2012 1303 2083 quique
1353 2015 1435 2067 eis
1471 2013 2017 2083 communicaveriut,

451 2103 726 2172 segregari
763 2104 938 2172 jubet.
997 2104 1184 2159 Primo
1233 2119 1456 2173 quoque
1502 2115 1556 2161 et
1607 2106 1886 2161 tricesimo
1925 2122 2020 2161 ca-

451 2209 595 2250 none
630 2195 820 2248 eadem
855 2196 969 2250 haec
997 2206 1148 2250 sexta
1178 2197 1424 2267 synodus
1452 2201 1506 2252 in
1532 2199 1806 2268 ejusmodi
1842 2209 2023 2254 orato-

452 2288 531 2340 rio
585 2300 742 2341 sacra
789 2288 1044 2355 mysteria
1121 2302 1384 2357 peragere
1433 2297 1487 2342 et
1547 2291 1846 2359 baptizare,
1911 2292 2018 2346 nisi

450 2381 707 2449 episcopo
740 2381 1035 2454 ammento,
1071 2389 1239 2433 vetat.

453 2467 681 2525 nlllb‘T‘.
711 2489 727 2520 ι
755 2471 810 2524 in
830 2473 1328 2527 mdibus'oratoriis
1347 2474 1489 2528 intra
1511 2476 1728 2528 domum
1752 2477 2019 2530 constitu-

455 2567 458 2570 '
525 2579 542 2612 ι
575 2564 643 2616 tis
685 2563 1015 2631 baptismum
1070 2579 1174 2617 non
1207 2565 1592 2619 cclebrabunt.
1636 2566 1736 2632 Qui
1783 2567 1887 2621 hoc
1919 2583 2011 2621 au-

527 2673 544 2703 ι
575 2665 680 2707 tem
715 2669 820 2707 non
847 2655 1127 2719 observat,
1169 2655 1404 2710 clericus
1434 2657 1652 2725 quidem
1683 2657 1972 2726 deponitur
2000 2676 2013 2711 :

451 2749 454 2754 '
526 2766 544 2796 ι
572 2747 746 2800 laicus
782 2755 962 2800 autem
992 2756 1327 2817 segregatur.
1360 2767 1379 2801 ι

520 2837 579 2890 In
615 2838 856 2890 oratorio
887 2840 1028 2906 quod
1061 2845 1148 2892 est
1176 2839 1317 2891 intra
1350 2839 1570 2893 domum
1609 2855 1764 2894 sacra
1812 2841 2013 2906 facere,

444 2919 518 2981 ita
570 2928 786 2982 volente
833 2929 1072 2997 regionis
1142 2930 1297 2982 istius
1351 2934 1630 2999 episcopo.
1707 2933 2016 2988 tricesimus

445 3017 655 3089 primus
688 3019 879 3089 synodi
919 3023 1203 3090 praesentis
1237 3037 1415 3076 canon
1455 3024 1834 3094 praescripsit:
1888 3027 2017 3082 licet

446 3113 936 3182 quinquagesimus
966 3123 1194 3167 octavus
1227 3117 1420 3185 synodi
1449 3115 1804 3171 Laodicensis
1836 3131 2013 3171 canon

2127 1935 2225 1981 τας
2255 1923 2655 1990 καθαιρεῖσθαι,
2699 1931 2941 1994 καὶτοὺς
3007 1935 3384 2005 μετασχόντας
3420 1937 3514 2006 τῆς
3569 1956 3669 1990 κοι-

2130 2011 2324 2072 νωνίας
2356 2015 2536 2067 αὐτῶν
2569 2018 2929 2089 ἀφορίζεσθαι
2950 2039 2964 2051 ⁸
2999 2025 3138 2077 καὶὸ
3167 2027 3484 2096 τριακοστὸς
3533 2031 3666 2098 πρῶ-

2127 2117 2217 2165 τος
2251 2104 2432 2159 κανὼν
2461 2109 2556 2178 τῆς
2583 2110 2748 2181 ἕκτης
2779 2115 2995 2167 συνόδου
3028 2116 3236 2188 ταύτης
3278 2120 3420 2172 κατὰ
3467 2121 3673 2190 γνώμην
3725 2133 3728 2138 ’

2125 2195 2220 2248 τοῦ
2243 2199 2544 2255 ἐπισκόπου
2583 2204 2885 2276 ἱερουργεῖν
2926 2210 3019 2260 καὶ
3067 2209 3353 2278 βαπτίζειν
3403 2216 3458 2266 ὲν
3485 2216 3671 2283 εὑκτη-

2104 2293 2230 2364 ’ρίῳ
2284 2293 2513 2364 τοιούτῳ
2543 2296 2679 2366 οἴκῳ
2725 2299 3087 2368 προστάσσει.

2125 2475 2351 2528 ΑΡΙΣΤ.
2417 2493 2436 2528 ι
2486 2475 2575 2529 Ἐν
2609 2478 2922 2552 εὐκτηρίοις
2976 2484 3148 2549 οῐκοις
3202 2487 3354 2541 ἔνδον
3374 2489 3519 2540 οἱκου
3570 2489 3662 2540 οὐκ

2199 2587 2216 2618 ι
2255 2569 2629 2624 ἑπιτελέσουσι
2662 2573 2962 2645 βάπτισμα.
2994 2577 3054 2631 Ὀ
3080 2579 3136 2633 δὲ
3172 2581 3248 2651 μὴ
3281 2581 3676 2651 φυλάξας,κλη-

2203 2678 2220 2708 ι
2261 2660 2413 2728 ρικὸς
2471 2662 2593 2730 μὲν,
2661 2665 3051 2736 καθαιρεῖταιο
3110 2673 3435 2744 λαῖκὸςιδὲ,
3507 2673 3679 2744 ἀφορί-

2201 2764 2218 2795 ι
2255 2748 2426 2810 ζεται.
2475 2771 2493 2800 ι

2195 2834 2267 2888 Τὸ
2325 2837 2422 2905 μὲν
2485 2841 2543 2892 ἐν
2572 2841 2844 2913 εὐκτηρίῳ
2883 2848 3016 2915 οἴκῳ
3064 2849 3211 2902 ἔνδον
3265 2852 3442 2916 οἰκίας
3494 2853 3679 2921 τυγχά·

2123 2942 2267 2978 νοντι
2325 2927 2662 3001 λειτουργεῖν
2715 2937 3100 3009 μεταγνώμης
3155 2941 3248 2992 τοῦ
3314 2942 3454 2995 κατὰ
3513 2945 3680 3012 χώραν

2123 3019 2422 3073 ἐπισκόπου
2452 3024 2480 3075 6
2507 3030 2825 3093 τριακοστὸς
2878 3032 3094 3100 πρῶτος
3125 3035 3312 3088 κανὼν
3345 3039 3442 3106 τῆς
3483 3037 3676 3106 παρούο

2125 3125 2224 3179 σης
2255 3112 2472 3165 συνόδου
2517 3116 2927 3188 προετρέψατο·
2970 3122 3074 3175 κᾶν
3107 3125 3134 3176 ὀ
3192 3128 3553 3198 πεντηκοστὸς
3591 3124 3676 3197 ὃγ-

446 3176 581 3257 illud
601 3176 674 3257 ab
696 3176 981 3274 episcopis
1029 3215 1125 3260 aut
1161 3176 1499 3278 presbyteris
1564 3208 2016 3278 lieriprohibuit.

2179 3176 2188 3179 ⁷
2562 3176 2573 3185 “
2691 3176 2702 3188 ⁸
2769 3176 2780 3187 '
3199 3176 3551 3198 """l"""'
3597 3176 3642 3197 '|

2125 3200 2244 3264 δοος
2278 3203 2464 3258 κανὼν
2494 3207 2595 3276 τῆς
2615 3211 2674 3260 ἐν
2708 3211 3000 3285 Λαοδικείᾳ
3033 3217 3254 3272 συνόδου
3282 3221 3437 3273 τοῦτο
3456 3219 3676 3273 ἐκώλυσε

445 3297 778 3365 Βιιριὶειηιιιη
843 3309 1025 3354 autem
1073 3301 1343 3354 celebrari
1397 3301 1452 3353 in
1492 3301 1762 3370 ejusmodi
1808 3301 2020 3356 aedibus

443 3390 708 3443 oratoriis
766 3404 1008 3458 praesens
1071 3405 1248 3444 canon
1297 3402 1467 3454 vetat,
1521 3394 1854 3462 mandatque
1900 3407 2018 3455 eos,

443 3481 536 3550 qui
580 3481 764 3535 divina
799 3483 1202 3538 illuminatioue
1240 3483 1586 3537 habebuntur
1612 3485 1786 3554 digni,
1834 3488 2020 3539 catho-

441 3573 576 3627 licas
618 3575 770 3628 adire
816 3576 1102 3640 ecclesias,
1145 3587 1199 3629 et
1241 3576 1296 3628 in
1335 3577 1404 3632 iis
1447 3585 1593 3630 dono
1627 3579 1736 3632 isto
1787 3577 2016 3648 perfrui.

447 3663 546 3718 Sin
585 3665 791 3729 minus,
849 3680 995 3730 eum,
1034 3667 1129 3734 qui
1176 3667 1396 3721 decreta
1435 3669 1550 3721 hinc
1592 3668 2018 3738 transgreditur,

447 3743 750 3826 siquidem
787 3756 1021 3811 clericus
1045 3759 1138 3825 sit,
1175 3760 1414 3827 deponi:
1455 3759 1502 3814 si
1536 3775 1668 3814 vero
1695 3760 1890 3827 laicus,
1933 3778 2018 3817 se-

449 3845 690 3914 gregari.

1031 4017 1267 4077 canon
1320 4007 1432 4080 LX.

452 4129 471 4162 ι
509 4113 643 4167 Cum
697 4112 894 4170 clamet
960 4113 1277 4185 Apostolus.
1322 4118 1466 4188 quod
1529 4136 1548 4168 ι
1622 4119 1714 4188 qui
1791 4113 2018 4176 Domino

455 4201 458 4204 ’
524 4223 542 4256 ι
577 4205 835 4270 adliceret,
858 4223 1002 4262 unus
1018 4217 1102 4263 est
1119 4209 1347 4279 Spiritus
1369 4209 1435 4273 '°,
1463 4229 1481 4262 ι
1512 4212 1719 4265 clarum
1744 4221 1847 4278 est,
1872 4215 2018 4282 quod

527 4315 546 4348 ι
580 4301 670 4366 qui
705 4297 866 4353 etiam
894 4313 1018 4353 cum
1051 4302 1333 4356 contrario
1363 4303 1466 4356 init
1496 4303 1920 4360 familiaritatem
1953 4321 2017 4360 ac

525 4409 545 4441 ι
576 4382 1058 4456 consuetudinem,
1104 4410 1227 4448 cum
1280 4395 1373 4450 illo
1408 4397 1802 4465 conjunctione
1847 4414 2015 4452 unum

434 4487 438 4490 '
525 4501 541 4533 ι
575 4481 654 4536 ﬁt.
709 4483 815 4537 Eos
851 4489 978 4554 ergo
1011 4487 1102 4552 qui
1153 4501 1212 4539 se
1262 4488 1506 4555 dinmpne
1549 4501 1841 4560 correptos
1888 4507 2014 4547 esse
2042 4519 2096 4578 Ι)

525 4595 543 4626 ι
573 4575 917 4640 simulant,et
961 4585 1172 4629 morum
1206 4577 1549 4646 improbitate
1572 4597 1761 4635 eorum
1786 4575 2044 4652 ﬁguram;

525 4684 543 4716 ι
577 4675 631 4719 et
665 4666 914 4720 habitum
953 4667 1206 4722 simulate
1234 4685 1343 4738 pra
1377 4688 1437 4726 se
1479 4673 1681 4740 ierunt,
1721 4676 1895 4730 visum
1928 4684 2014 4728 est

523 4773 542 4804 ι
573 4758 724 4808 omni
762 4756 923 4809 modo
953 4757 1158 4824 puniri,
1212 4769 1267 4813 et
1307 4760 1574 4828 ejusmodi
1627 4764 2012 4820 afﬂictionibus

524 4843 964 4916 «laboribusque
1011 4849 1208 4916 subjici
1254 4861 1526 4920 oportere,
1580 4857 1778 4925 quibus
1831 4858 1864 4910 ii
1915 4859 2006 4926 qui

406 4927 408 4929 ό
524 4957 542 4988 ι
577 4952 701 4992 vere
734 4939 1035 4995 adaemoue
1064 4945 1298 5012 correpti
1351 4954 1500 5006 sunt.
1556 4957 1613 5000 ut
1662 4964 1692 5002 a
1743 4949 2008 5004 daemonis

525 5049 542 5080 ι
571 5031 890 5099 operatione
915 5032 1232 5100 liberentur,
1257 5037 1379 5107 ju’re
1411 5042 1797 5110 subjiciuntur.
1830 5063 1848 5094 ι

521 5118 713 5176 BALS.
771 5120 877 5177 Eos
908 5125 1000 5194 qui
1054 5127 1120 5178 ad
1170 5128 1381 5183 lucrum
1435 5133 1538 5185 sibi
1592 5133 1893 5202 parandum
1953 5151 2012 5190 se

450 5211 694 5267 daemone
740 5225 1021 5286 correptos
1072 5234 1193 5274 esse
1245 5221 1527 5285 simulant,
1585 5235 1639 5279 et
1688 5241 1810 5280 cum
1871 5229 2011 5282 mala

447 5300 704 5357 S‘atanica
759 5311 1098 5388 conscientia
1163 5315 1407 5382 quaidam
1460 5318 1788 5373 dzemoniaca
1841 5322 2012 5374 insmr

433 5387 626 5466 vatum
663 5399 940 5472 gentilium
993 5403 1310 5472 praedicant,
1344 5424 1516 5463 canon
1548 5414 1854 5478 puniendos
1887 5430 2010 5469 esse

443 5484 708 5549 decernit,
745 5488 813 5542 iis
846 5489 1083 5558 denique
1113 5493 1560 5554 amrictationibus
1623 5502 2004 5573 laboribusque

2126 3296 2375 3386 γίνεσθαι
2412 3300 2564 3368 παρὰ
2619 3305 2994 3379 ὲπισκόπωνῆ
3059 3312 3469 3383 πρεσϐυτέρων
3517 3313 3574 3364 τὸ
3627 3311 3677 3362 δὲ

2122 3389 2406 3461 βάπτισμα
2432 3393 2705 3446 τελεῖσθαι
2733 3397 2790 3448 ἐν
2820 3398 3129 3469 εύκτηρίοις
3161 3403 3430 3466 τοιούτοις
3475 3405 3632 3466 οἴκοις
3654 3404 3679 3454 6

2120 3481 2313 3552 παρὼν
2341 3484 2674 3554 ἀπαγορεύει
2697 3488 2903 3554 κανὼν,
2934 3492 3027 3544 καὶ
3060 3497 3385 3562 προστάττει
3407 3475 3529 3558 τοὺς
3559 3476 3676 3566 μῖέλ-

2119 3573 2310 3637 λοντας
2338 3573 2620 3638 ἀξιοῦσθαι
2648 3577 2742 3631 τοῦ
2802 3581 2946 3635 θείου
2973 3585 3321 3654 φωτίσματος
3362 3593 3479 3651 ταῖς
3527 3588 3678 3641 καθο-

2118 3665 2297 3728 λικαῖς
2332 3666 2652 3736 ἐκκλησίαις
2688 3673 3108 3742 προσέρχεσθαι,
3140 3680 3233 3731 καὶ
3271 3681 3330 3733 ὲν
3358 3681 3543 3744 αὑταῖς
3587 3679 3677 3747 τῆς

2118 3755 2324 3825 δωρεᾶς
2351 3757 2554 3828 ταύτης
2578 3760 2875 3815 ἀπολαύειν
2897 3780 2910 3793 ·
2947 3767 2996 3817 εἱ
3025 3765 3080 3818 δὲ
3130 3769 3228 3839 μὴ,
3262 3771 3356 3824 τὸν
3411 3770 3675 3841 παραϐαί-

2119 3863 2279 3898 νοντα
2308 3846 2376 3898 se
2405 3848 2710 3916 ὁρισθέντα,
2740 3855 2788 3904 εἱ
2821 3854 2919 3923 μὲν
2941 3855 3222 3926 κληρικὸς,
3285 3863 3675 3934 καθαιρεῖσθαι,

2119 3940 2169 3991 εἰ
2229 3937 2516 4004 ὃὲλαῖκὸς,
2584 3941 2959 4013 ἀφορίζεσθαι.

2746 4037 2984 4092 ΚΑΝΩΝ
3003 4040 3078 4095 Ξ’.

2125 4142 2143 4174 ι
2183 4125 2289 4178 Τοῦ
2305 4125 2626 4182 Ἀποστόλου
2645 4130 2875 4200 βοῶντος
2901 4134 2978 4186 ὅτι
3005 4136 3030 4188 6
3048 4135 3385 4207 κολλώμενος
3405 4138 3479 4208 τῷ
3499 4135 3680 4206 Κυρίῳ

2196 4235 2214 4267 ι
2258 4219 2316 4271 ἓν
2371 4221 2592 4291 πνεῦμά
2637 4226 2774 4288 ἐστι,
2817 4226 3082 4296 πρόδηλον
3117 4227 3192 4291 ὡς
3237 4232 3333 4282 καὶ
3362 4233 3391 4284 6
3423 4229 3680 4299 τῷ··ὲναν-

2197 4335 2214 4358 ι
2259 4307 2358 4380 τίορ
2410 4312 2602 4365 ἑαυτὸν
2626 4314 2843 4367 οἱκειῶν
2874 4314 2932 4367 ἓν
2968 4320 3177 4383 γίνεται
3212 4320 3277 4388 τῇ
3338 4320 3478 4390 πρὸς
3531 4317 3682 4371 αὐτὸν

2193 4424 2211 4455 ι
2254 4407 2539 4480 συναφείᾳ.
2575 4409 2713 4470 Τοὺς
2777 4409 2957 4462 τοίνυν
3001 4411 3264 4484 δαιμονᾷν
3326 4412 3680 4484 ὑποκρινομέ-

2198 4515 2216 4547 ι
2259 4517 2400 4564 νους,
2436 4502 2528 4552 καὶ
2563 4501 2782 4572 τρόπων
2826 4503 3121 4574 φαυλότητι
3185 4506 3568 4578 προσποιητῶς
3616 4503 3681 4555 τὰ

2198 4610 2216 4640 ι
2262 4591 2483 4644 ἐκείνων
2521 4595 3052 4665 σχηματιζομένους,
3095 4597 3240 4662 ἔδοξε
3274 4601 3464 4672 τρόπῳ
3510 4600 3678 4650 ἐπιτι-

2198 4701 2216 4732 ι
2254 4682 2458 4751 μᾶσθαι
2484 4687 2668 4750 παντὶ,
2693 4686 2786 4738 καὶ
2810 4687 3083 4752 τοιαύταις
3113 4690 3313 4753 αὐτοὺς
3363 4689 3679 4759 σκληραγω·

2198 4790 2217 4824 ι
2255 4774 2400 4842 γίαις
2442 4777 2533 4828 καὶ
2562 4775 2745 4841 πόνοις
2780 4779 3126 4846 ὑποϐάλλειν,
3153 4777 3232 4846 οἷς
3261 4783 3327 4835 ἂν
3363 4785 3413 4835 οἱ
3469 4779 3676 4850 ἀληθῶς

2198 4885 2216 4916 ι
2259 4866 2625 4937 δαιμονῶντες
2658 4871 2796 4939 πρὸς
2826 4872 3151 4944 ἀπαλλαγὴν
3182 4875 3278 4945 τῆς
3301 4875 3396 4928 τοῦ
3429 4873 3676 4943 δαίμονος

2197 4978 2214 5010 ι
2253 4962 2528 5030 ἐνεργείας
2552 4964 2714 5028 ἀξίως
2748 4964 3151 5022 ὑποϐάλλοιντο.
3199 4987 3218 5020 ι
3477 4951 3490 4970 Ἰ

2185 5137 2380 5191 ΒΛΛΣ.
2414 5141 2550 5204 ’[ὀὺς
2582 5144 3094 5216 σχηματιζομένους
3117 5149 3380 5221 δαιμονᾷν
3409 5151 3494 5202 διὰ
3523 5164 3676 5218 πορι-

2109 5230 2245 5298 σμὸν
2273 5230 2520 5299 κέρδους,
2563 5237 2657 5285 καὶ
2685 5235 3061 5303 κηρύσσοντας
3086 5243 3225 5308 μετά
3264 5242 3470 5310 φαύλου
3501 5254 3674 5293 συνει-

2108 5321 2260 5384 δότος
2294 5323 2588 5376 σατανικοῦ
2625 5325 2952 5398 δαιμονιώδη
2976 5330 3096 5383 τινὰ
3125 5333 3267 5386 κατὰ
3291 5336 3391 5396 τὰς
3415 5333 3522 5386 τῶν
3549 5328 3668 5382 Ἐλ-

2110 5413 2288 5480 λήνων
2347 5415 2709 5482 προφήτιδας,
2765 5420 2793 5469 ό
2858 5418 3427 5494 κανὼνὲπιτιμᾶσθαι
3484 5421 3672 5493 ὁρίζειν

2110 5504 2278 5572 ἤγουν
2307 5505 2692 5575 τιμωρεῖσθαι,
2716 5501 2822 5561 ¹καὶ
2850 5511 3295 5583 σκληραγωγίαις
3329 5518 3423 5568 καὶ
3485 5516 3664 5571 πόνοις

429 5575 659 5676 "subjici,
691 5579 888 5646 quibus
917 5581 1284 5650 subjiciuntur
1319 5598 1371 5641 et
1406 5591 1495 5658 qui
1532 5609 1657 5646 vere
1686 5595 2000 5650 daemoniaci

2125 5595 2499 5651 ιποϐἀλλεσθαι
2523 5599 2802 5666 τοιούτοις,
2829 5597 2909 5666 οἷς
2934 5575 3004 5657 ἂν
3031 5575 3084 5658 οἱ
3107 5575 3321 5678 ἀληθώς
3371 5603 3669 5678 δαιμονιῖιν-

473 5753 523 5787 θ’
549 5750 569 5804 ι
591 5754 715 5810 Cor.
739 5771 814 5820 vr,
856 5756 940 5811 17.
