3984 6474
1250 340 1255 363 ι

362 369 464 433 ῗΠ

1402 360 1478 423 IN
1515 360 1681 421 CAN.
1727 357 1853 418 ιλιι
1891 355 2104 416 conc.
2152 354 2233 414 1N
2256 358 2581 417 Tantm.

3479 347 3583 410 718

362 502 453 547 τες
489 483 861 551 ὑποϐληθεῖεν,
889 482 975 533 ἵνα
994 480 1357 546 ἀπαλλαγεῖεν
1383 474 1470 529 τοῦ
1493 476 1768 544 δαίμονος.
1792 470 1927 537 Φησὶ

2057 472 2254 533 ncrint,
2313 480 2370 522 ut
2404 486 2431 522 (ι
2464 471 2709 524 dicamne
2767 468 3086 522 liberentur.
3143 467 3280 520 Dicit
3329 477 3510 520 autem
3547 478 3600 521 et

381 577 440 628 δὲ
474 578 562 629 καὶ
576 574 674 643 τὴν
694 575 1051 643 προσποίησιν
1077 574 1253 625 αὑτῶν
1273 572 1392 632 τοὺς
1412 569 1669 637 δαίμονας
1696 561 1928 617 οίκειοῦ-

365 666 510 719 σθαι.
544 656 680 731 Ἐγὼ
704 663 780 727 δὲ,
824 663 1035 733 βλέπων
1067 662 1295 722 πολλοὺς
1318 658 1588 718 τοιούτους
1610 658 1706 717 τὰς
1747 652 1929 713 πόλεις

367 759 850 830 περιερχομὲνους,
909 758 1001 808 καὶ
1055 755 1129 825 μὴ
1187 752 1610 817 κολαζομένους.
1645 747 1780 800 ἀλλὰ
1836 745 1929 796 καὶ

362 848 441 909 ὡς
473 849 838 916 ἡγιασμένους
876 844 1339 913 ἀγκαλιζομένους
1389 843 1542 910 παρά
1566 856 1746 901 τινων,
1781 835 1930 906 ζητῶ

366 939 564 1005 μαθεῖν
595 940 693 1005 τὴν
724 937 924 996 αἰτίαν,
958 936 1050 988 καὶ
1078 934 1271 1001 ἐξαιτῶ
1313 934 1412 1000 τὴν
1454 930 1763 999 διόρθωσιν.
1820 926 1925 979 Τὸν

369 1031 554 1098 μέντοι
590 1028 923 1097 Σταυράκιον
955 1029 1158 1078 ἐκεῖνον
1188 1025 1280 1076 τὸν
1325 1023 1668 1090 Ὀξεόδαφον,
1731 1018 1819 1070 τὸν
1853 1018 1927 1079 ὡς

361 1119 581 1187 ἀληθῶς
609 1119 838 1173 δίκαιον.
860 1116 1289 1187 ὑποκρινόμενον
1319 1114 1418 1183 τὴν
1448 1112 1535 1165 διὰ
1557 1112 1687 1163 Θεδν
1720 1110 1931 1179 μωρίαν

362 1211 454 1263 διὰ
486 1212 607 1273 τοὺς
636 1210 983 1269 ἀπατεῶνας,
1025 1209 1166 1276 μετά
1198 1206 1304 1258 τῶν
1356 1202 1668 1271 ὑποκριτῶν
1726 1201 1931 1269 ἐθέμην

366 1303 489 1354 κατ’
508 1303 730 1369 ἄγνοιαν
757 1318 770 1331 ·
813 1302 1124 1371 παρομοίως
1147 1299 1202 1352 δὲ
1229 1300 1348 1367 ἐμοὶ
1376 1297 1468 1351 καὶ
1483 1296 1657 1365 ἕτεροι
1685 1295 1815 1355 ἴσως
1846 1294 1931 1345 ἵνα

367 1396 861 1465 ἑκριματίσθησαν.
899 1393 1046 1447 Ἔδει
1101 1388 1196 1444 οὖν
1244 1390 1311 1443 τὰ
1381 1388 1603 1441 τοιαῦτα
1626 1384 1931 1454 κωλυθῆναι

364 1489 510 1540 κατὰ
540 1489 629 1539 τὸν
687 1487 930 1555 παρόντα
984 1485 1206 1548 κανόνα,
1239 1478 1327 1535 ἵνα
1372 1481 1446 1551 μὴ
1501 1485 1594 1533 καὶ
1629 1480 1677 1531 οί
1736 1476 1934 1544 ἀγαθοὶ

363 1580 454 1631 ὅςᾶ
504 1580 636 1653 Δ’τοίις
696 1577 931 1646 φαύλους
979 1576 1359 1645 ἐπιτιμῶνται.
1421 1571 1611 1624 Πολλοὶ
1672 1572 1779 1640 γάρ
1827 1570 1934 1620 εἰσι

363 1673 561 1739 τρόποι
603 1671 873 1739 σωτηρίας
901 1668 1096 1739 ψυχῆς,
1135 1668 1226 1720 καὶ
1270 1667 1491 1719 δύναταί
1543 1683 1625 1718 τις
1654 1663 1720 1715 δι’
1755 1660 1935 1713 αὐτῶν

369 1767 611 1834 σωθῆναι
648 1761 947 1816 σκανδάλου
982 1762 1363 1829 δίχαεπαντός.
1417 1757 1600 1810 Ταῦτα
1658 1756 1713 1807 ίὲ
1767 1755 1932 1821 λέγω,

364 1858 469 1908 οὐκ
524 1856 734 1908 οἴκοθεν
767 1897 780 1916 ,

366 1946 645 2015 θνρώπων,
706 1945 1067 2017 πλασαμένων
1129 1941 1234 2009 ,μὲν
1309 1938 1562 2006 τοιαύτην
1644 1936 1939 2004 θεάρεστον

366 2032 532 2098 δῆθεν
566 2032 863 2101 διαγωγὴν,
894 2034 1272 2100 καταγνόντων
1299 2030 1353 2079 δὲ
1380 2026 1581 2095 ταύτης
1604 2025 1678 2087 ὡς
1736 2022 1941 2077 ἐπωλέ-

366 2123 531 2188 θρου,
567 2126 660 2177 καὶ
687 2125 1034 2193 καταγούσης
1097 2127 1177 2185 εἰς
1236 2119 1532 2187 σατανικὴν
1592 2117 1806 2188 μερίδα.
1844 2114 1944 2168 Διά

368 2233 453 2269 τοι
491 2217 646 2270 τοῦτο
670 2202 777 2275 ,κάι
799 2216 1043 2285 διάφοροι
1078 2214 1376 2283 ἁγιώτατοι
1424 2213 1760 2283 πατριάρχαι
1819 2210 1946 2261 πολ-

368 2310 503 2372 λοὺς
529 2310 1053 2381 προσκαθημένους,
1082 2312 1198 2377 μετ’
1237 2308 1474 2360 ἁλύσεων
1517 2311 1574 2357 ἐν
1601 2305 1677 2374 τῷ
1706 2304 1817 2373 ναῷ
1850 2302 1945 2363 τοῦ

368 2404 536 2468 ἁγίου
607 2404 1091 2473 μεγαλομάρτυρος
1141 2400 1377 2471 Νικήτα,
1433 2399 1524 2451 καὶ
1572 2400 1792 2468 ἐτέρους
1849 2397 1947 2457 τὰς

368 2496 620 2566 τριόδους
652 2496 1132 2566 περιερχομένους,
1181 2497 1274 2546 καὶ
1297 2498 1791 2564 προσποιουμένους
1819 2488 1945 2541 δαί-

384 2589 577 2656 μονᾷν,
611 2588 874 2655 κατέσχον
934 2584 1050 2656 μετ’
1079 2585 1386 2646 αὑθεντίας,
1424 2585 1518 2636 καὶ
1552 2586 1638 2645 εἰς
1683 2581 1948 2652 δημοσίας

380 2680 627 2749 φρουρὰς
654 2679 1013 2732 κατέκλεισαν
1045 2677 1353 2738 ἀκολούθως
1381 2675 1457 2744 τῷ
1492 2675 1698 2727 κανόνι.

448 2772 693 2823 ΖΩΝΑΡ.
721 2771 876 2834 Τινὲς
905 2770 1359 2841 προσποιούμενοι
1381 2767 1641 2837 δαιμονᾷν
1667 2767 1748 2828 εἰς
1776 2764 1943 2833 πόρον

385 2864 606 2934 κέρδους
666 2866 730 2934 τῇ
779 2862 1061 2931 ὑποκρίσει
1108 2861 1280 2931 ταύτῃ
1309 2859 1625 2927 ἐκέχρηντο,
1660 2858 1693 2927 ἢ
1727 2858 1821 2909 καὶ
1856 2855 1950 2906 νῦν

385 2958 705 3027 κέχρηνται.
736 2956 904 3008 Τοῦτο
932 2954 1130 3008 κωλύει
1159 2956 1186 3006 ὁ
1240 2954 1420 3007 κανὼν
1449 2946 1625 3017 οὗτος,
1682 2952 1774 3002 καὶ
1823 2950 1949 3009 τοὺς

388 3047 892 3117 σχηματιζομένους
940 3047 1166 3099 τοιαίτα
1207 3036 1564 3114 ἐπιτιμᾶσθαί
1601 3042 1797 3111 ὁρίζει.
1845 3041 1951 3092 Καὶ

2038 577 2227 613 eorum
2260 563 2608 635 simulatione
2643 563 2914 617 (laetnones
2948 576 3165 630 quoque
3204 561 3311 614 illis
3362 561 3600 615 familia-

2039 669 2124 709 res
2158 653 2298 709 ﬁeri.
2360 650 2470 724 Ego
2500 662 2700 719 autem,
2740 670 2862 707 cum
2896 656 3101 709 videam
3136 654 3406 722 ejusmodi
3450 670 3601 707 com-

2040 747 2218 815 plures
2246 746 2487 801 civitates
2535 748 2827 812 obeuntes,
2880 754 2932 800 et
2987 762 3094 801 non
3134 746 3335 815 puniri,
3391 745 3486 799 sed
3542 756 3599 798 ιιι

2038 838 2414 893 sanctiﬁcatos
2447 854 2475 891 a
2508 838 2837 907 quibusdam
2867 839 3043 915 obviis
3072 838 3217 893 ulnis
3238 840 3439 906 excipi,
3468 853 3599 892 cau-

2037 944 2153 983 sam
2189 931 2329 985 scire
2358 930 2630 995 desidero,
2680 942 2732 984 et
2770 932 3159 984 correctionem
3210 933 3449 1000 postulo.
3504 932 3602 1007 At.-

2037 1023 2129 1090 qui
2215 1023 2559 1076 Stauraiium
2635 1023 2784 1076 illum
2837 1020 3215 1091 Ovybaphnm,
3270 1024 3358 1090 qui
3416 1039 3601 1077 revera

2033 1116 2219 1183 justus
2246 1126 2380 1177 erat,
2405 1130 2522 1169 eam
2552 1124 2731 1169 autetn
2765 1131 2881 1180 qua:
2903 1126 2985 1168 est
3022 1124 3241 1183 propter
3272 1114 3436 1167 Deum
3463 1115 3603 1168 stuic

2038 1207 2211 1260 titiam
2238 1207 2431 1276 agebat
2465 1215 2685 1275 propter
2733 1207 3071 1269 sedne-tores,
3130 1222 3251 1260 cum
3303 1186 3601 1275 lijipocritis

2038 1315 2134 1366 per
2194 1300 2553 1364 ignorantiam
2595 1298 2858 1366 ponebam
2887 1303 2912 1350 :'
2964 1297 3194 1352 fortasse
3242 1308 3422 1353 autem
3457 1315 3485 1350 a
3518 1315 3603 1351 me

2042 1391 2289 1444 nonnulli
2321 1406 2538 1459 quoque
2567 1393 2656 1444 alii
2684 1391 2998 1459 pra'jnulicio
3030 1390 3207 1443 atii-eti
3252 1400 3396 1445 sunt.
3431 1389 3603 1459 Opor-

2042 1485 2188 1537 tebat
2214 1499 2337 1552 ergo
2360 1485 2610 1553 talia-per
2638 1494 2957 1552 prtescntcm
2990 1497 3255 1535 Canouem
3291 1460 3601 1552 prohiberi:
3654 1490 3660 1504 ’

2041 1594 2109 1632 ne
2137 1579 2260 1631 boni
2294 1588 2515 1648 propter
2542 1580 2713 1632 malos
2747 1580 3067 1647 [ιιιιιίιιιιιιιι⁸
3104 1576 3255 1631 Mulli
3290 1578 3432 1630 enim
3479 1594 3605 1631 sunt

2044 1668 2187 1721 inodi
2220 1670 2413 1722 salutis
2442 1668 2654 1730 aninne,
2691 1678 2745 1723 et
2770 1676 2949 1737 potest
2988 1669 3114 1738 quis
3156 1684 3249 1736 per
3272 1684 3365 1721 cos
3403 1670 3606 1722 servari

2042 1760 2249 1829 absque
2295 1761 2405 1814 ullo
2440 1762 2715 1815 seandalo.
2753 1760 2876 1815 llaec
2907 1772 3086 1815 autem
3144 1777 3250 1814 non
3298 1776 3363 1814 ex
3401 1771 3610 1829 tltt‘nplu

869 1855 984 1906 ἀλλ’
1073 1852 1132 1917 ἐξ
1196 1852 1528 1920 ἀφηγήσεως
1605 1845 1783 1900 καλῶν
1843 1847 1935 1896 ἀν-

2064 1855 2259 1924 ngenio
2298 1854 2439 1916 dico,
2475 1854 2565 1908 sed
2595 1871 2653 1907 ex
2680 1854 2943 1907 bonorum
2975 1854 3134 1922 227
3155 1856 3391 1907 virorum
3418 1870 3612 1907 narra-

2042 1945 2317 2014 tione,’qui
2338 1946 2488 2000 hanc
2513 1948 2698 2016 utique
2718 1944 2839 2003 Deo
2869 1956 3073 2015 gratam
3108 1946 3317 2000 vivendi
3349 1948 3606 2001 rationem

2046 2038 2391 2105 rﬂinxerunt,
2461 2040 2553 2093 sed
2579 2055 2721 2103 eam,
2767 2047 2823 2091 ut
2849 2037 3208 2107 perniciosam
3230 2047 3284 2092 et
3314 2037 3378 2090 ad
3404 2050 3610 2107 partem

2046 2129 2262 2185 Saturne
2315 2130 2692 2194 deducentem,
2760 2134 3214 2185 condennlarunt.
3274 2130 3335 2182 Et
3378 2146 3496 2184 eam
3544 2130 3611 2182 ob

2045 2235 2264 2293 causam
2302 2220 2458 2272 ιιιιιΙιί
2491 2221 2653 2274 etiam
2694 2220 2865 2274 sancti
2899 2221 3223 2289 patriarchae
3260 2221 3459 2272 multos
3487 2235 3611 2271 cum

2048 2314 2257 2365 catenis
2289 2312 2594 2366 assidentes
2650 2315 2701 2365 in
2754 2313 2871 2367 agile
2922 2314 3097 2366 sancti
3128 2313 3303 2382 magni
3360 2312 3613 2382 martyris

2048 2404 2272 2463 Nicetze,
2328 2414 2381 2457 et
2430 2404 2565 2455 alios
2615 2405 2768 2457 trivia
2833 2406 3121 2467 obeuntes,
3174 2415 3226 2456 et
3270 2419 3327 2456 se
3372 2403 3617 2456 (Immone

2048 2493 2252 2562 corripi
2288 2508 2398 2560 pra:
2426 2509 2483 2547 se
2535 2493 2793 2555 ferentes,
2841 2512 2962 2547 cum
3003 2495 3327 2547 auctoritate
3363 2494 3613 2549 detinue-

2052 2594 2197 2647 runt,
2234 2595 2286 2639 et
2332 2586 2384 2636 in
2417 2586 2646 2654 publicis
2676 2588 2940 2641 custodiis
2972 2588 3167 2641 canoui
3215 2598 3617 2657 consequenter

2052 2679 2419 2735 incluserunt.

2118 2771 2371 2826 ZONAR.
2420 2774 2649 2838 Quidam
2699 2773 2987 2835 homines,
3028 2790 3151 2827 cum
3212 2790 3238 2826 a
3274 2775 3524 2827 dannone
3560 2788 3618 2825 se

2050 2873 2335 2932 correptos
2377 2879 2499 2917 esse
2547 2864 2898 2924 simularent,
2943 2863 3428 2927 ein-.simulatione,
3469 2864 3614 2931 quod

2054 2970 2197 3007 nunc
2240 2971 2454 3023 quoque
2480 2956 2780 3024 contingit,
2817 2956 2883 3008 ad
2928 2966 3191 3023 quaestum
3229 2958 3617 3008 abolebantur.

2056 3044 2109 3097 lii
2145 3046 2247 3100 hoc
2273 3062 2482 3101 canone
2513 3049 2737 3099 vetitum
2766 3054 2870 3111 est,
2896 3063 2957 3101 ac
2979 3048 3249 3116 ejusmodi
3284 3050 3616 3116 impostores

386 3144 485 3210 οὐχ
565 3141 752 3204 ἁπλῶς
827 3140 1206 3208 ἐπιτιμᾶσθαι,
1274 3139 1411 3190 ἀλλά
1482 3136 1781 3207 βαρύτερον
1858 3135 1947 3186 καὶ

2059 3138 2252 3207 pcenis,
2289 3149 2343 3192 et
2367 3139 2583 3208 quidem
2607 3138 2972 3209 gravioribus,
3005 3142 3339 3193 coercendos
3375 3156 3495 3193 esse
3524 3143 3621 3193 do-

392 3236 831 3304 σκληραγωγίαις
913 3233 1108 3296 αὐτοὺς
1178 3232 1272 3285 καὶ
1328 3231 1527 3291 πόνοις·
1558 3226 1952 3281 ὑποθάλλεσθαι

390 3324 670 3386 τοιούτοις,
739 3323 872 3386 οἵοις
915 3323 979 3375 ἂν
1020 3324 1087 3374 οί’
1122 3321 1337 3390 ἀληθῶς
1386 3322 1751 3389 δαιμονωντες
1817 3316 1953 3367 ὑπο-

388 3416 654 3486 ϐληθεῖεν,
703 3417 769 3468 ἵν’
810 3416 1172 3481 ἀπαλλαγεῖεν
1210 3413 1302 3467 τοῦ
1327 3414 1597 3483 δαίμονος.
1626 3412 1790 3479 Λέγει
1847 3409 1956 3479 γὰρ

389 3509 470 3559 ὅτι
514 3509 599 3560 διὰ
626 3510 843 3576 τρόπων
878 3510 1187 3577 φαυλότητα
1215 3506 1292 3575 τῷ
1317 3505 1527 3573 δαίμονι
1550 3500 1957 3573 προσοικειοῦν-

390 3618 479 3663 τες
515 3601 740 3663 ἑαυτοὺς
774 3600 829 3652 ἓν
863 3603 1100 3668 γίνονται
1149 3602 1215 3668 τῇ
1264 3599 1397 3669 πρὸς
1441 3597 1604 3650 αὑτὸν
1659 3595 1948 3664 συναφείᾳ,

400 3694 495 3745 καὶ
522 3695 715 3761 ἐπάγει
744 3694 1045 3763 μαρτυρίαν
1077 3695 1140 3744 ἐκ
1165 3690 1258 3744 τοῦ
1282 3689 1515 3760 μεγάλου
1548 3686 1757 3740 Παύλου
1780 3686 1961 3753 λέγον-

393 3804 481 3849 τος
500 3803 516 3817 ο
562 3786 625 3839 '0
657 3785 1039 3855 κολλώμενος
1074 3785 1152 3849 τῷ
1180 3785 1377 3851 Κυρίῳ
1406 3782 1475 3834 ἓν
1501 3780 1737 3849 πνεῦμὰ
1766 3780 1958 3832 ἐστίν.

396 3986 616 4041 ΑΡΙΣΤ.
676 4004 694 4036 ι
736 3987 897 4046 Είτις
924 3984 1277 4055 ὑποκρίνεται
1310 3983 1593 4052 δαιμονᾷν,
1625 3980 1693 4032 τὰ
1722 3978 1826 4031 τῶν
1850 3979 1963 4031 δαι-

472 4100 490 4131 ι
536 4079 820 4148 μονώντων
840 4078 1087 4146 ἐπιτίμια
1118 4077 1501 4145 ὑποστήσεται.
1538 4094 1555 4124 ι

463 4173 521 4222 Εἰ
557 4174 586 4223 ὁ
610 4170 945 4241 κολλώμενος
979 4170 1055 4239 τῷ
1088 4169 1297 4238 Κυρίῳ,
1327 4168 1468 4219 κατά
1496 4166 1585 4219 τὸν
1624 4163 1961 4225 Ἀπόστειλον,

392 4262 451 4312 ἓν
477 4261 693 4331 ττνεῦμά
718 4263 855 4322 ἐστι,
888 4258 1154 4330 πρόδηλον
1214 4258 1287 4319 ὼς
1317 4258 1343 4308 ὁ
1375 4256 1452 4325 τῷ
1483 4253 1715 4325 διαϐόλῳ
1772 4251 1959 4305 ἑαυτὸν

394 4353 616 4405 οἱκειῶν
635 4353 690 4403 ἓν
716 4353 931 4421 γίνεται
955 4354 1019 4420 τῇ
1044 4350 1179 4421 πρὸς
1200 4348 1362 4401 αὐτὸν
1387 4348 1671 4415 συναφεία.
1690 4346 1789 4399 Διά
1810 4346 1966 4398 τοῦτο

395 4447 485 4498 τὸν
517 4446 944 4516 ὑποκρινόμενον
993 4443 1276 4512 δαιμονᾷν,
1324 4444 1415 4494 καὶ
1444 4441 1512 4492 τά
1543 4440 1768 4493 ἐκείνων
1793 4438 1963 4509 πράτ-

394 4557 508 4591 τειν
548 4536 1041 4607 σχηματιζόμενον,
1095 4534 1376 4595 τοιαύταις
1438 4534 1602 4585 αὑτὸν
1643 4532 1961 4602 σκληραγω-

396 4638 541 4699 γίαις
573 4633 859 4685 ὑποϐάλλει
887 4634 978 4683 καὶ
1010 4631 1213 4691 πόνοις,
1240 4630 1447 4688 ὁποίοις
1473 4627 1537 4679 ἂν
1583 4629 1675 4678 καὶ
1696 4627 1789 4678 τὸν
1833 4626 1965 4694 ἀλη-

292 4710 337 4779 "x
394 4730 502 4791 θῶς
527 4728 867 4796 δαιμονῶντα
920 4730 1054 4796 πρὸς
1105 4722 1422 4790 ἀπαλλαγὴν
1450 4722 1547 4791 τῆς
1575 4720 1668 4775 τοῦ
1712 4720 1963 4790 δαίμονος

376 4825 478 4890 ,ἑνε
490 4823 694 4892 ργείας.

996 4957 1087 5009 ΚΑ
1097 4956 1235 5007 ΝΩΝ
1261 4954 1381 5007 EA'.

402 5089 422 5119 ι
452 5072 514 5124 Oi
551 5071 805 5134 μάντεσιν
859 5070 1087 5132 ἑαυτοὺς
1121 5069 1415 5131 ἐκδιδόντες
1450 5069 1481 5139 ἦ
1515 5070 1626 5131 τοῖς
1658 5067 1969 5137 λεγομένοις

477 5182 494 5209 ι
545 5151 986 5233 ἑκατοντάρχοις,
1012 5162 1045 5230 ἡ
1063 5178 1174 5213 τισι
1191 5161 1472 5223 τοιούτοις,
1507 5161 1581 5223 ὼς
1601 5162 1666 5213 ἂν
1686 5160 1811 5228 παρ’
1827 5161 1970 5212 ὲκεί-

471 5274 488 5305 ι
530 5273 635 5306 νων
665 5254 885 5323 μάθοιεν
912 5255 938 5304 ὃ
968 5270 1022 5304 τι
1056 5253 1122 5306 ἂν
1149 5254 1330 5315 αὑτοῖς
1365 5252 1802 5305 ἐκκαλύπτεσθαι
1845 5252 1969 5322 βού-

472 5366 489 5396 ‹
529 5350 705 5398 λοιντο
750 5346 893 5399 κατά
945 5346 1015 5398 τά
1070 5345 1262 5417 πρώην
1299 5345 1404 5398 ὑπὸ
1428 5331 1533 5397 τῶν
1558 5347 1817 5415 ΙΙατέρων
1841 5330 1967 5414 περὶ

468 5459 486 5490 ι
530 5440 709 5492 αὑτῶν
763 5438 1069 5509 ὁρισθέντα,
1106 5439 1211 5491 ὑπὸ
1262 5440 1352 5491 τὸν
1378 5438 1577 5493 κανόνα
1618 5440 1967 5491 πιπτέτωσαν

472 5550 491 5581 ‹
536 5531 631 5602 τῆς
670 5531 935 5597 ὲξαετίας.
984 5530 1073 5598 Τῷ
1110 5530 1257 5599 αὑτῷ
1305 5516 1361 5583 δὲ
1398 5532 1574 5601 τούτῳ
1626 5530 1965 5584 καθυποῦἀλ-

479 5643 496 5673 ι
544 5622 732 5677 λεσθαι
769 5624 973 5677 δεῖκαὶ
1022 5624 1145 5687 τοὺς
1192 5624 1292 5687 τὰς
1345 5624 1578 5694 ἄρκτους
1630 5624 1963 5693 ἐπιφερομέ-

470 5811 514 5840 ’ί
552 5809 725 5864 lCor.
754 5810 940 5869 ".17.

2057 3240 2289 3284 cretum.
2323 3229 2432 3284 Eos
2460 3231 2661 3300 quippe
2689 3230 2882 3285 iisdem
2922 3232 3204 3286 laboribus
3232 3242 3284 3285 ct
3309 3234 3622 3302 asperitati-

2060 3323 2160 3377 bus
2202 3323 2446 3377 exerceri
2507 3324 2701 3392 placet,
2755 3325 2953 3395 quibus
2980 3325 3073 3392 qui
3113 3325 3379 3392 arreptitii
3434 3341 3618 3379 revera

2058 3428 2204 3478 sunt,
2232 3417 2497 3469 (Immonis
2541 3416 2761 3484 fugaudi
2792 3434 2957 3471 eausa
2993 3418 3307 3487 fatigantur.
3348 3419 3481 3472 Nam
3524 3420 3620 3479 illi,

2059 3507 2266 3576 inquit,
2309 3508 2379 3559 ob
2424 3522 2634 3561 morum
2663 3508 3065 3575 improbitatem
3101 3525 3160 3564 se
3189 3512 3239 3562 in
3276 3510 3619 3564 familiarilao

2060 3608 2165 3653 tem
2204 3600 2606 3656 cacodwmonis
2651 3603 3014 3666 insinuantes,
3057 3604 3273 3673 impuro
3302 3603 3516 3673 spiritui
3544 3603 3624 3657 in-

2061 3694 2188 3765 lima
2246 3695 2629 3773 conjunctione
2673 3696 3024 3764 copulantur.
3071 3696 3245 3761 Quam
3285 3712 3394 3750 rem
3442 3695 3624 3764 magni

2061 3784 2210 3838 Pauli
2242 3786 2555 3840 testimonio
2592 3786 2924 3854 confirmat;
2958 3789 3061 3852 Qui
3110 3789 3247 3853 Deo,
3289 3788 3484 3858 inquit,
3519 3788 3621 3839 ad-

2062 3874 2241 3936 Iurret,
2272 3892 2406 3928 unus
2436 3885 2511 3928 est
2533 3878 2754 3944 spiritus
2767 3878 2809 3929 ’.

2064 3990 2287 4044 ARIST.
2338 4012 2354 4041 ι
2396 3992 2499 4057 Qui
2529 3993 2773 4045 daemone
2798 4007 2857 4046 se
2884 3980 3195 4058 correptum
3233 3993 3479 4055 simulat,
3510 3992 3621 4046 (ιω-

2345 4103 2362 4131 :
2399 4085 2777 4136 moniacorum
2819 4099 3010 4153 pcenas
3044 4084 3276 4139 subibit.
3312 4104 3329 4134 ι

2141 4175 2222 4237 Si,
2257 4176 2349 4245 qui
2377 4174 2604 4228 Domino
2645 4175 3076 4245 conglutinatur,
3138 4173 3443 4228 secundum
3486 4175 3631 4242 Apo-

2071 4270 2296 4329 SlOlttltl,
2348 4284 2490 4320 unus
2538 4278 2622 4321 est
2660 4269 2908 4336 spiritus,
2941 4267 3290 4321 manifestum
3331 4277 3436 4330 est,
3487 4269 3631 4336 quod

2071 4362 2162 4425 qui
2194 4377 2317 4414 cum
2342 4361 2555 4414 diabolo
2593 4360 3020 4413 laiiiiliaritatem
3056 4359 3174 4421 init,
3204 4375 3329 4415 cum
3364 4360 3465 4414 isto
3500 4376 3632 4413 cun-

2069 4456 2353 4523 junctione
2389 4471 2554 4508 unum
2595 4456 2673 4523 ﬁt.
2705 4453 3050 4523 Quapropter
3082 4469 3243 4517 eum,
3299 4456 3393 4522 qui
3429 4469 3489 4508 se
3522 4456 3633 4508 dac-

2073 4546 2270 4599 moniis
2304 4555 2615 4613 correptum
2662 4546 2904 4605 simulat,
2950 4552 3003 4598 et
3038 4560 3228 4597 eorum
3262 4559 3427 4613 opera
3472 4548 3633 4614 perti-

2072 4654 2198 4692 cere
2225 4653 2333 4704 prae
2364 4652 2423 4691 se
2457 4638 2583 4699 fert,
2608 4637 2815 4691 talibus-
2841 4653 2962 4690 enm
2995 4637 3385 4691 alilictionibus
3415 4636 3638 4701 subjicit

2072 4741 2130 4783 et
2179 4729 2483 4794 laboribus,
2523 4712 2780 4797 qualibus
2823 4738 2875 4781 et
2919 4730 3406 4787 revera,d:emone
3450 4744 3635 4783 corre-

2076 4833 2251 4892 ptum,
2278 4833 2334 4875 ut
2361 4823 2627 4875 damonis
2660 4820 2982 4889 operatione
3004 4822 3294 4874 eximatur.

2641 4952 2870 5007 CANON
2937 4953 3068 5007 LXI.

2082 5091 2099 5121 ι
2139 5071 2241 5136 Qui
2293 5071 2506 5122 vatibus
2575 5069 2786 5135 δείρεος
2831 5067 3200 5129 tradiderunt,
3270 5066 3353 5118 vel
3412 5066 3478 5117 iis
3540 5065 3632 5133 qui

2153 5183 2171 5213 ι
2216 5162 2568 5216 centuriones
2614 5159 2903 5218 dicuntur,
2953 5158 3031 5210 vel
3067 5158 3189 5210 aliis
3234 5146 3532 5223 ejusmodi.
3588 5166 3643 5206 nt

2155 5276 2172 5305 ι
2215 5256 2280 5306 ab
2314 5254 2419 5307 illis
2452 5252 2688 5311 discant,
2736 5252 2778 5303 si
2823 5251 2952 5318 quid
2990 5249 3094 5301 sibi
3164 5249 3391 5302 revelari
3441 5249 3638 5300 velint:

2154 5366 2172 5398 ι
2215 5344 2606 5399 convenienter
2659 5344 2722 5395 iis
2756 5358 2874 5410 qua:
2905 5342 2972 5395 de
3011 5340 3146 5409 ipsis
3187 5357 3214 5392 a
3250 5342 3503 5395 Pambos
3543 5357 3640 5392 ttll-

2140 5459 2156 5489 ι
2204 5454 2298 5506 per
2323 5436 2623 5489 constituta
2659 5442 2805 5495 sunt,
2835 5432 3080 5487 scxonnii
3105 5432 3303 5484 canoni
3338 5431 3637 5500 subjiciun-

2150 5551 2169 5582 ι
2212 5544 2322 5583 tur.
2354 5527 2544 5582 Eidem
2577 5535 2757 5580 autem
2800 5541 2896 5579 cos
2925 5539 3143 5594 quoque
3171 5523 3368 5593 subjici
3405 5532 3635 5592 oportet,

2149 5643 2169 5674 ‹
2210 5624 2300 5692 qui
2341 5636 2497 5675 ursas
2532 5620 2612 5673 vel
2645 5618 2911 5688 ejusmodi
2948 5617 3240 5682 animalia,
3271 5614 3339 5668 ad
3371 5615 3553 5668 ludum
3584 5621 3637 5667 et
