3984 6474
341 321 457 386 725

1342 323 1427 386 IN
1463 290 1624 387 CAN.
1664 324 1829 383 Lxu
1870 320 2079 385 CONC.
2120 323 2203 384 1N
2238 324 2565 384 TRULLO.

3478 330 3583 393 ’ἵΞῖ

330 430 509 501 ὄνομα
570 430 894 501 ἑπιλέγηται
952 434 1064 496 τοῖς
1098 430 1380 495 τοιούτοις,
1444 434 1548 487 κᾶν
1610 434 1783 501 ἁγίων
1830 435 1911 501 γε-

2035 431 2287 500 ajusmodi
2322 434 2631 489 actionibus
2663 434 3053 502 admisceatur,
3104 437 3146 492 si
3178 434 3388 496 cmiitCs
3421 440 3583 495 etiam

330 539 535 575 νωνται
570 522 914 593 ἑπίκλησεις,
951 523 1052 576 κᾶν
1076 524 1136 575 τὸ
1174 526 1404 593 σημεῖον
1437 525 1532 577 τοῦ
1566 524 1713 577 θείου
1743 541 1910 576 σταυ-

334 616 438 685 ροῧ
470 618 769 685 ἑπάγηται,
807 617 1029 686 φεύγειν
1057 617 1138 670 δεῖ
1184 619 1254 670 τὰ
1300 617 1525 670 τοιαῦτα
1556 618 1650 670 καὶ
1683 619 1914 689 ἀποτρέ-

332 712 558 762 πεσθαι.
618 709 709 762 Διδ
766 710 858 762 καὶ
921 710 968 761 oi
1002 709 1103 778 τῆς
1141 711 1361 766 συνόδου
1413 712 1614 779 ταύτης
1669 713 1914 779 Πατέρες

331 802 469 861 τοὺς
494 800 734 853 τοιοῦτόν
762 820 813 853 τι
841 800 1129 866 ποιοῦντας
1161 803 1252 855 ἐπὶ
1281 804 1530 868 ἑξαετίαν
1556 803 1914 873 ἀφορίζεσθαι

330 893 663 964 διωρίααντο
720 892 875 960 (ἀλλὰ
918 894 1009 946 τὸν
1057 895 1371 964 ἁφορισμὺν*
1406 896 1498 947 ἐπὶ
1536 894 1744 947 λαῖκῶν
1790 911 1916 964 νοη-

330 986 465 1038 τέον
499 1001 513 1016 ·
563 986 612 1037 οἱ
659 987 765 1055 γὰρ
811 986 1097 1058 ἱερωμένοι
1148 987 1660 1057 καθαιρεθήσονται.
1716 989 1803 1040 Ἑν
1833 982 1915 1051 οἷς

336 1078 456 1148 γὰρ
513 1080 849 1148 πταίσμασιν
908 1080 1021 1151 (65)
1087 1083 1135 1135 οἱ
1195 1081 1373 1135 λαῖκοὶ
1428 1083 1803 1153 ἀφορίζονται,
1858 1085 1915 1135 ἑν

334 1173 554 1235 τούτοις
585 1174 633 1225 οί
672 1173 961 1242 ίερωμένοι
1018 1174 1455 1245 καθαιροῦνται).
1524 1175 1916 1243 Ἐπιμένοντας

330 1262 391 1314 δὲ
433 1262 666 1325 τούτοις,
699 1266 792 1316 καὶ
819 1262 937 1333 τῆς
967 1265 1293 1335 Ἐκκλησίας
1328 1265 1714 1325 ἑκκόπτεσθαι,
1751 1266 1918 1335 ἧγουν

332 1354 443 1422 τῆς
472 1355 578 1407 τῶν
611 1356 818 1408 πιστῶν
843 1355 1193 1426 δμηγύρεως.
1229 1358 1337 1409 Καὶ
1379 1357 1441 1409 οὐ
1494 1358 1631 1426 μόνα
1667 1356 1735 1409 τὰ
1766 1358 1913 1428 είρηδ

336 1447 485 1514 μένα
543 1446 741 1499 κωλύει
786 1447 1038 1515 γίνεσθαι
1099 1450 1127 1501 ὀ
1183 1448 1384 1514 κανὼν,
1442 1448 1576 1502 ἀλλὰ
1636 1449 1712 1519 τῷ
1768 1449 1918 1519 αύτῷ

336 1539 608 1611 ἐπιτιμίῳ
657 1540 949 1593 ὑποϐαλλει
1003 1541 1258 1603 καὶτοὺς
1302 1542 1402 1604 τὰς
1438 1540 1673 1611 ἄρκτους
1724 1542 1917 1594 ἐπισυ-

344 1634 615 1702 ρομένους
649 1635 681 1699 ἢ
708 1634 933 1687 τοιαῦτα
973 1634 1090 1697 ζῶα
1120 1636 1258 1705 πρὸς
1287 1636 1539 1704 παίγνιον
1572 1637 1664 1688 καὶ
1717 1635 1919 1705 βλάϐην

337 1727 456 1778 τῶν
511 1727 918 1797 ἁπλουστέρων.
973 1728 1085 1782 Καὶ
1138 1730 1245 1798 γὰρ
1300 1729 1562 1798 βάμματα
1619 1729 1919 1798 ἐξαρτῶσιν

335 1817 523 1869 αὐτῶν
555 1820 648 1871 καὶ
691 1820 886 1888 τρίχας
926 1821 1203 1888 κείροντες
1243 1821 1303 1883 ἑξ
1351 1820 1553 1884 αὐτῶν,
1586 1821 1789 1872 δίδοασι
1820 1839 1919 1887 γυ-

286 1934 303 1939 *
336 1911 518 1974 ναιξὶν
568 1911 640 1975 ὡς
691 1913 1064 1981 φυλακτήρια,
1120 1913 1317 1974 καλῶς
1349 1914 1487 1982 τάχα
1534 1916 1591 1965 ἐν
1646 1916 1840 1976 νόθοις.
1887 1917 1919 1985 ἦ

338 2002 642 2072 βασκάνοις
689 2005 992 2075 ὀφθαλμοῖς
1032 2004 1334 2057 λυσιτελεῖν
1391 2023 1444 2057 τι
1495 2006 1768 2074 δυνάμενα
1798 2023 1811 2036 υ
1864 2008 1919 2059 αἱ

335 2096 421 2159 δὲ,
454 2096 627 2149 ταῦτα
658 2096 732 2161 ὡς
774 2100 1049 2165 ἀναγκαῖα
1086 2097 1488 2167 λαμϐάνουσαι,
1535 2100 1725 2168 μισθὸν
1778 2100 1921 2153 ἑκεί-

343 2206 461 2250 νοις
502 2189 827 2259 παρέχουσι,
863 2191 959 2244 καὶ
993 2190 1207 2255 ἀξιοῦσι
1254 2190 1325 2243 τὰ
1368 2191 1531 2243 τέκνα
1585 2192 1767 2243 αὐτῶν
1811 2195 1919 2255 τοῖς

340 2279 539 2344 νώτοις
572 2281 663 2333 τοῦ
700 2280 861 2352 θηρὸς
924 2282 1232 2346 ἐπιθέσθαι,
1289 2283 1363 2345 ὡς
1408 2282 1471 2352 δή
1522 2299 1686 2357 τινων
1737 2285 1921 2339 κακῶν

340 2372 668 2441 ἀποτροπῆς
706 2373 973 2443 ἐσομένης
1020 2376 1083 2425 ἐκ
1113 2373 1306 2426 τούτου
1342 2377 1453 2436 τοῖς
1490 2375 1680 2426 παισὶν
1712 2375 1920 2427 ἑαυτῶν

344 2470 443 2520 καὶ
505 2469 631 2530 τοὺς
673 2470 844 2538 τύχην
885 2462 1251 2536 ὀνομάζοντας
1288 2470 1381 2521 καὶ
1432 2471 1775 2537 εἱμαρμένην
1828 2470 1920 2522 καὶ

340 2559 720 2628 γενεαλογίαν.
759 2558 943 2611 Ταῦτα
988 2559 1043 2611 δὲ
1095 2559 1415 2629 Ἑλληνικῆς
1464 2561 1569 2612 εἰσι
1628 2561 1919 2637 φλυαρίας,

354 2650 592 2721 Ὁμοίως
632 2652 992 2720 ἐπιτιμᾶσθαι
1017 2651 1397 2704 διακελεύεται
1429 2668 1441 2682 ⁸
1482 2655 1577 2717 Τίς
1606 2653 1736 2721 γὰρ,
1762 2656 1918 2720 φησὶ,

344 2743 628 2796 κοινωνία
659 2743 805 2812 φωτὶ
849 2744 995 2812 πρὸς
1036 2747 1302 2807 σκότος;
1348 2744 1443 2796 καὶ
1474 2745 1539 2794 τὰ
1582 2744 1670 2796 διὰ
1711 2744 1920 2807 τούτοις

349 2836 676 2905 συνημμένα
710 2837 871 2888 λοιπὰ
904 2835 995 2889 τοῦ
1040 2836 1365 2890 Ἀποστόλου
1402 2837 1565 2906 ῥητά.

346 2928 570 2983 ΑΡΙΣΤ.
630 2947 647 2977 ‹
692 2930 787 2988 Ὃς
848 2928 1038 2980 ἑαυτὸν
1093 2931 1515 2996 ἑκατοντάρχοις
1574 2929 1605 2998 ἢ
1671 2928 1921 2995 δαίμοσιν

429 3041 445 3072 ι
483 3022 689 3094 ἐπιδῷ,
742 3021 881 3074 ὥστε
946 3041 995 3074 τι
1052 3023 1160 3073 τῶν
1220 3022 1548 3092 ἀπορρήτων
1608 3020 1921 3089 μανθάνειν,

428 3135 445 3167 ι
484 3114 732 3179 ἑξαετίαν
765 3113 1143 3167 ὑποπιπτέτω.
1169 3114 1327 3165 Κατὰ
1349 3115 1512 3165 ταυτὸ
1544 3114 1637 3165 καὶ
1668 3115 1695 3166 ὁ
1720 3113 1920 3184 ἄρκτον
1951 3136 1995 3197 C

429 3226 448 3259 ι
488 3206 915 3277 ἐπισυρόμενος,
975 3207 1347 3277 ὁγοητευταϊς
1399 3207 1493 3259 καὶ
1540 3206 1925 3275 νεφιδιώκταις

426 3322 447 3352 ι
488 3300 855 3371 κολλώμενος,
895 3300 993 3353 καὶ
1018 3300 1329 3373 εἱμαρμένῃ
1364 3302 1460 3354 καὶ
1483 3302 1620 3371 τύχῃ
1654 3301 1926 3352 πιστεύων

432 3414 451 3445 ι
486 3397 585 3464 τῆς
623 3394 948 3462 Ἐκκλησίας
978 3394 1427 3461 ἀποσυνάγωγος.
1462 3413 1480 3446 ι

424 3487 562 3550 Τοὺς
597 3486 1084 3551 ἐξακολουθοῦντας
1111 3489 1221 3548 τοῖς
1260 3485 1404 3537 ἔθεσι
1435 3486 1544 3538 τῶν
1591 3486 1784 3547 ἑθνῶν,
1834 3487 1928 3538 καὶ

357 3580 671 3650 μάντεσινῆ
732 3577 1257 3647 ἑπαοιδοῖςιὲαυτοῦς
1306 3579 1691 3641 ἐκδεδωκότας,
1728 3579 1806 3640 ὡς
1860 3580 1929 3630 ἂν

361 3672 607 3744 μάθωσιν
641 3672 700 3736 ἑξ
731 3670 911 3724 αὐτῶν
960 3670 1254 3741 ἀπόρρητά
1298 3687 1420 3722 τινα
1452 3686 1467 3700 ·
1516 3669 1780 3731 ὡσαύτως
1836 3672 1928 3722 καὶ

358 3766 482 3827 τοὺς
525 3763 958 3835 ἐπισυρομένους
994 3763 1094 3824 τὰς
1124 3762 1362 3833 ἄρκτους
1391 3762 1423 3832 ἢ
1459 3763 1623 3833 ’ἐτερά
1651 3782 1769 3815 τινα
1812 3764 1926 3828 ζῶα

360 3862 494 3927 πρὸς
532 3857 783 3925 παίγνιον
835 3856 927 3909 καὶ
973 3854 1183 3926 πλάνην
1231 3856 1340 3908 τῶν
1392 3856 1797 3925 ἁπλουστέρων,
1834 3862 1927 3909 καὶ

358 3950 524 4019 τύχην
585 3949 677 4002 καί⁵
716 3950 1056 4021 εἱμαρμένην
1099 3950 1194 4002 καὶ
1240 3949 1588 4017 γενεαλογίας
1647 3950 1925 4017 λέγοντας,

362 4045 452 4096 καὶ
504 4044 630 4106 τοὺς
693 4042 1049 4107 πιστεύοντας
1108 4046 1220 4107 τοῖς
1284 4048 1607 4113 γοητευταῖς
1668 4047 1760 4098 καὶ
1814 4049 1927 4107 τοῖς

361 4136 673 4205 λεγομένοις
703 4128 1110 4205 νεφοδιώκταίς,
1149 4135 1348 4207 ὥρισεν
1379 4139 1407 4207 ἡ
1438 4136 1652 4200 σύνοδος
1678 4138 1927 4194 ἑξαετίαν

344 4227 717 4297 ¹ἑιτιτιμςίἰσθαι
745 4242 758 4257 ⁸
792 4227 932 4281 ὥστε
988 4230 1047 4282 ἑν
1095 4230 1390 4299 τέσσαρσιν
1445 4231 1590 4282 ἔτεσι
1650 4234 1788 4299 μετᾶ
1819 4232 1926 4283 τῶν

364 4321 778 4374 ὑποπιπτόντων
819 4320 1093 4387 ἵστασθαι,
1131 4323 1224 4375 ἐπὶ
1261 4323 1318 4376 δὲ
1362 4323 1515 4376 δυσὶν
1557 4322 1741 4386 ἄλλοις
1784 4323 1928 4376 ἑτεσι

366 4413 716 4465 συνίστασθαι
769 4416 885 4475 τοῖς
938 4416 1189 4476 πιστοῖς,
1254 4416 1349 4466 καὶ
1414 4413 1588 4477 οὕτως
1643 4415 1927 4479 ἀξιοῦσθαι

2016 527 2377 593 advocentur,
2430 528 2719 599 divineque
2760 530 3233 603 insuper'signuiu
3282 536 3461 586 cruris
3508 528 3588 587 in-

2016 626 2359 686 terponatur,
2404 620 2588 688 fugere
2639 628 2817 676 tamen
2849 638 2909 676 ea
2959 639 3055 675 nos
3089 639 3149 675 ac
3184 604 3397 692 penitus
3430 610 3585 677 aver-

2016 711 2124 762 sari
2160 708 2377 762 debere.
2435 709 2671 765 Proinde
2704 711 2866 778 hujus
2893 727 3110 781 quoque
3146 714 3335 783 synodi
3373 702 3582 778 Patres,

2016 800 2107 869 qui
2164 800 2269 854 tale
2307 800 2587 870 quidpiam
2650 802 2987 866 admiserim,
3050 804 3320 873 segregari
3371 807 3436 855 ad
3492 802 3583 858 sex

2018 906 2191 947 annos
2240 894 2457 961 jussere
2499 912 2511 948 :
2569 895 2712 963 (qua:
2757 903 2939 947 tamen
2972 895 3039 949 de
3083 896 3238 949 laicis
3270 884 3587 965 accipienda

2018 985 2322 1054 segregatio
2367 993 2485 1039 est:
2538 986 2681 1040 sacri
2714 1001 2947 1055 namque
2975 986 3180 1040 Ordinis
3215 988 3463 1041 homines
3493 986 3588 1042 de-

2020 1075 2287 1141 positione
2315 1077 2630 1145 punientur.
2715 1076 2845 1130 Nain
2879 1094 3000 1147 quze
3041 1081 3108 1132 ob
3145 1082 3375 1134 crimina
3409 1086 3591 1148 segre-

2019 1172 2167 1239 gatio
2199 1170 2352 1225 laicis
2381 1171 2676 1239 irrogatur,
2709 1172 2778 1224 ob
2802 1185 2860 1223 ea
2889 1173 3058 1226 sacris
3081 1172 3362 1237 ordinibus
3392 1171 3591 1225 initiati

2020 1263 2363 1330 depositione
2412 1263 2630 1317 multari
2685 1264 2885 1327 solent)
2939 1279 3027 1328 ac,
3085 1264 3187 1319 nisi
3222 1274 3406 1333 postea
3457 1266 3593 1317 resi-

2018 1356 2259 1422 puerint,
2314 1354 2382 1409 ab
2416 1354 2679 1409 Ecclesiaa
2738 1371 2968 1425 corpore
3019 1346 3288 1418 abscindi,‘
3344 1356 3448 1407 hoc
3485 1365 3587 1419 est,

2019 1462 2049 1500 e
2100 1456 2215 1500 toto
2274 1447 2511 1501 ﬁdelium
2571 1457 2714 1502 cmtu
2765 1448 3059 1503 eliminari.
3117 1446 3225 1505 Nec
3256 1446 3337 1501 ea
3388 1442 3591 1512 solu'iu,

2021 1553 2141 1607 quae
2173 1537 2435 1601 diximus,
2482 1554 2659 1593 canon
2715 1541 2830 1595 ﬂeri
2885 1550 3052 1605 vetat,
3100 1540 3193 1596 sed
3238 1556 3334 1595 eos
3376 1530 3590 1612 quoque

2020 1632 2111 1700 qui
2165 1646 2323 1686 ursas
2369 1632 2541 1686 aliave
2592 1632 2643 1686 id
2693 1634 2907 1702 generis
2941 1635 3235 1689 animantia
3269 1635 3334 1688 ad
3378 1620 3594 1704 imperi-

2025 1731 2203 1776 torum
2257 1723 2713 1778 oblectamentum
2758 1727 2921 1781 simul
2983 1743 3291 1796 noxamque
3353 1728 3593 1781 circuiu-

2024 1814 2264 1875 ducunt.
2327 1814 2518 1868 iisdem
2584 1817 2761 1885 poenis
2822 1817 3089 1872 obnoxios
3144 1832 3269 1872 esse
3331 1808 3594 1872 decernit.

2025 1905 2333 1973 Suspensas
2367 1906 2510 1959 enim
2543 1908 2610 1960 de
2649 1910 2975 1978 corporibus
3013 1908 3251 1963 ferarum
3304 1911 3593 1969 tincturas.

2022 1998 2411 2065 detractasque
2468 1998 2660 2052 iisdem
2718 2000 2875 2053 villos
2937 2016 3034 2068 pro
3092 2002 3346 2055 amuletis
3408 2010 3597 2055 contra

2023 2088 2241 2142 morbos
2267 2097 2320 2143 et
2359 2087 2746 2146 fascinationes
2787 2092 3126 2149 mulierculis
3162 2092 3416 2149 tradunt:
3463 2095 3595 2148 illa:-

2022 2196 2127 2250 que
2147 2182 2383 2252 pretium
2415 2185 2569 2253 quasi
2595 2195 2819 2256 accepto
2851 2187 3162 2241 necessario
3195 2189 3597 2245 medicamento

2022 2274 2362 2345 persolvunt.
2423 2275 2774 2347 infantesque
2827 2295 2979 2345 suos,
3032 2280 3197 2334 veluti
3252 2281 3477 2350 probato
3528 2281 3601 2353 ad

2022 2370 2365 2424 calamitates
2394 2372 2722 2425 avertendas
2747 2373 3010 2437 remedio,
3047 2373 3173 2430 ferae
3208 2384 3359 2445 tergo
3391 2368 3596 2443 imponi

2022 2472 2237 2529 rogant.
2324 2462 2460 2517 Tum
2496 2465 2587 2534 qui
2625 2465 2859 2521 fortuna:
2890 2476 2985 2520 aut
3018 2466 3112 2521 fati
3145 2479 3238 2524 aut
3271 2450 3601 2539 genqeaIOgim

2024 2570 2218 2609 nomen
2258 2540 2629 2625 usurpaverit,
2665 2575 2786 2625 qua:
2824 2560 3009 2614 omnia
3043 2550 3284 2632 profana:
3336 2548 3602 2631 superasti?-

2023 2647 2185 2700 tinnis
2234 2654 2382 2705 sunt.
2440 2647 2632 2701 iisdem
2680 2649 2855 2717 pinnis
2898 2664 3072 2705 canon
3124 2650 3438 2706 multandos
3480 2668 3601 2708 esse

2021 2739 2325 2794 constituit.
2390 2737 2520 2803 Qua:
2557 2742 2717 2803 enim,
2756 2741 2857 2805 ait,
2902 2742 3129 2795 societas
3166 2743 3273 2796 luci
3298 2759 3417 2798 cum
3456 2753 3601 2797 tene-

2025 2831 2233 2883 bris"?
2281 2831 2497 2900 aliaque
2526 2832 2779 2900 deinceps
2808 2834 3051 2899 Apostoli
3090 2836 3250 2890 verba
3287 2837 3595 2895 continuat.

2026 2923 2249 2977 AIUST.
2288 2942 2309 2973 ο
2340 2924 2441 2990 Qui
2465 2926 2879 2979 centurionibus
2899 2928 2977 2979 vel
2997 2927 3337 2983 d-zemonibus
3357 2929 3594 2996 seipsum

2103 3035 2121 3068 ι
2168 3018 2355 3081 tradit,
2406 3029 2464 3071 ut
2504 3019 2707 3088 aliquid
2755 3020 2952 3074 secreti
2996 3019 3223 3085 ediscat,
3278 3023 3599 3075 sexennium

2102 3130 2122 3161 ε
2170 3113 2576 3169 substernatur.
2644 3114 2842 3168 Eodem
2877 3115 3036 3169 modo
3063 3102 3119 3167 et
3150 3120 3243 3185 qui
3277 3131 3464 3175 ursum
3495 3116 3603 3169 cir-

2104 3223 2123 3256 ι
2172 3207 2432 3270 cumiert,
2478 3208 2571 3278 qui
2614 3207 3047 3265 incantatoribns
3075 3219 3128 3263 et
3161 3209 3384 3263 nubium
3419 3222 3601 3277 persc-

2105 3311 2123 3343 ‹
2170 3294 2457 3349 cutoribus
2483 3312 2541 3349 se
2558 3296 2862 3363 conjungit,
2883 3307 2935 3350 et
2955 3296 3185 3351 fortuna:
3207 3296 3424 3365 fatoque
3442 3296 3601 3351 ﬁdem

2105 3407 2123 3437 ι
2173 3388 2353 3448 habet,
2385 3388 2453 3441 ab
2486 3387 2741 3443 Ecclesia:
2778 3398 3048 3444 conventu
3084 3402 3357 3446 arceatur.
3402 3410 3420 3441 ι

2101 3477 2265 3546 230
2308 3476 2435 3541 Eos,
2469 3481 2559 3545 qui
2600 3480 2941 3533 ethnicorum
2976 3491 3284 3549 sequuntur
3318 3495 3514 3557 mores,
3553 3486 3610 3533 et

2030 3570 2251 3622 vatibus
2288 3585 2351 3624 ac
2385 3571 2821 3626 iucantatoribus
2874 3573 3085 3639 seipsos
3133 3572 3496 3631 tradiderunt.
3546 3579 3607 3623 ut

2030 3677 2226 3714 arcana
2251 3662 2496 3730 quzedam
2522 3679 2583 3716 ex
2618 3664 2683 3719 iis
2714 3664 3019 3729 discerent;
3044 3673 3095 3719 et
3117 3680 3211 3720 eos
3237 3664 3489 3735 similiter
3511 3668 3606 3735 qui

2032 3770 2210 3817 ursos,
2232 3764 2325 3808 aut
2345 3756 2447 3809 alia
2472 3773 2811 3827 qua-cunque
2833 3758 3087 3813 animalia
3109 3759 3173 3813 ad
3194 3756 3377 3811 ludunt
3404 3766 3456 3812 et
3476 3759 3607 3812 siin-

2033 3854 2316 3921 pliciorum
2377 3853 2751 3919 deceptiouem
2786 3852 3202 3913 circumferunt.
3249 3864 3302 3913 ct
3331 3852 3603 3907 fortunam

2030 3955 2082 3999 et
2117 3945 2284 3997 fatum
2328 3951 2380 3995 ct
2414 3942 2757 4013 genealogias
2788 3942 3092 4009 proferunt,
3148 3957 3353 4010 eosque
3390 3943 3481 4009 qui
3524 3942 3607 3997 inv

2031 4035 2407 4090 cantatoribus
2461 4034 2619 4087 Iidem
2670 4034 2891 4095 habent,
2957 4044 3010 4086 et
3063 4035 3183 4089 istis
3232 4037 3323 4102 qui
3381 4034 3605 4089 nubium

2033 4138 2407 4201 persecutores
2470 4130 2747 4201 dicuntur,
2820 4127 3060 4181 decrevit
3118 4137 3303 4181 sancta
3366 4126 3608 4197 synodus

2031 4240 2123 4278 sex
2180 4240 2353 4278 annos
2404 4238 2616 4292 pinnam
2673 4221 2855 4283 luere,
2908 4220 2981 4273 ita
3039 4228 3095 4271 ut
3143 4228 3377 4287 quatuor
3432 4234 3608 4275 annos

2033 4317 2173 4370 inter
2205 4316 2506 4371 substratus
2559 4320 2933 4383 permaneant.
2972 4327 3035 4365 ac
3072 4312 3210 4366 duos
3248 4311 3383 4364 alios
3432 4327 3607 4369 annos

2034 4424 2157 4461 cum
2204 4406 2454 4460 ﬁdelibus
2502 4404 2931 4465 constituantur,
2975 4412 3028 4456 et
3064 4403 3144 4457 sic
3181 4403 3381 4455 divinis
3425 4418 3611 4459 sacra-

362 4505 469 4558 τῶν
516 4504 676 4559 θείων
729 4507 1106 4575 ἁγιασμάτων.
1143 4508 1205 4559 Et
1246 4507 1301 4559 δὲ
1338 4506 1655 4577 ἀδιόρθωτοι
1707 4509 1925 4579 μένουσι

2038 4500 2232 4554 mentis
2268 4499 2448 4553 haberi
2487 4498 2701 4569 dignos.
2767 4496 2821 4549 Si
2854 4507 3035 4552 autem
3080 4511 3178 4548 nec
3221 4510 3315 4561 per
3349 4496 3606 4549 inﬂictam

364 4599 454 4650 καὶ
484 4598 623 4667 μετὰ
655 4598 716 4650 τὸ
752 4599 1049 4667 ἐπιτίμιον,
1090 4599 1184 4652 καὶ
1212 4599 1320 4651 τῶν
1364 4598 1693 4666 Ἑλληνικῶν
1724 4602 1930 4653 τούτων

363 4689 811 4760 ἐπιτηδευμάτων
866 4690 925 4742 ού
975 4690 1381 4759 μετατίθενται,
1440 4690 1541 4760 τῆς
1605 4692 1933 4761 Ἐκκλησίας

366 4788 710 4841 παντάπασιν
744 4787 1201 4858 ἀπορῤίπτεσθαι.

950 4880 1190 4936 ΚΔΝΩΝ
1221 4880 1336 4933 EB’.

369 4985 389 5022 ι
425 4968 535 5029 Τὰς
562 4968 704 5023 οὕτω
729 4970 1025 5038 λεγομένας
1057 4969 1368 5036 Καλάνδας,
1414 4971 1509 5024 καὶ
1550 4969 1619 5023 τὰ
1661 4970 1931 5039 λεγόμενα

440 5078 461 5111 ι
503 5060 660 5125 Βοτὰ,
694 5061 801 5113 καὶ.
839 5062 906 5114 τὰ
953 5060 1263 5131 καλούμενα
1324 5060 1662 5129 Βρουμάλια,
1713 5061 1805 5112 καὶ
1834 5059 1931 5129 τὴν

442 5170 462 5203 ι
500 5154 557 5204 ὲν
595 5156 659 5223 τῇ
704 5152 893 5224 πρώτῃ
933 5153 1026 5206 τοῦ
1064 5152 1304 5223 Μαρτίου
1359 5152 1525 5223 μηνὸς
1574 5152 1759 5222 ἡμέρᾳ
1809 5152 1931 5204 ἐπι-

442 5264 459 5295 ι
498 5246 824 5315 τελουμένην
871 5247 1202 5317 πανήγυριν,
1259 5246 1514 5319 καθάπαξ
1546 5246 1609 5297 ἑκ
1662 5244 1760 5313 τῆς
1821 5244 1932 5295 τῶν

443 5355 461 5388 ι
500 5338 713 5391 πιστῶν.
768 5338 1047 5400 πολιτείας
1109 5335 1528 5409 περιαιρεθῆναι
1584 5335 1927 5404 βουλόμεθα”
2014 5396 2017 5397 ν

470 5495 515 5528 ’³
538 5492 580 5548 ll
605 5494 735 5551 Cor.
767 5510 843 5561 vi,
871 5494 959 5551 M.

2037 4610 2253 4663 pwnam
2287 4592 2483 4662 corrigi
2516 4600 2765 4661 possunt,
2821 4599 2876 4642 et
2929 4606 2956 4641 a
3006 4588 3335 4643 Graecanii-is
3374 4588 3492 4641 istis
3522 4586 3606 4638 iu-

2034 4689 2241 4741 stitutis
2273 4701 2382 4740 non
2413 4692 2833 4744 convertuntur,
2890 4681 3132 4735 Ecclesia
3188 4694 3417 4748 prorsus
3467 4674 3605 4747 abjio

2036 4779 2260 4834 cieudos
2294 4792 2436 4833 esse.

2605 4866 2834 4923 CANON
2886 4864 3044 4919 LXII.

2046 4983 2064 5015 ι
2100 4964 2389 5026 Calendas,
2428 4973 2480 5018 et
2532 4961 2686 5022 Bota,
2720 4970 2773 5014 et
2804 4957 3079 5012 Brumalia
3116 4964 3189 5015 ,ut
3220 4963 3510 5017 vocantur,
3557 4948 3610 5004 et

2117 5077 2135 5110 ι
2181 5066 2530 5118 conventum,
2584 5055 2676 5124 qui
2731 5053 2785 5106 in
2840 5052 3016 5123 primo
3048 5048 3231 5103 Martii
3267 5046 3473 5101 mensis
3523 5046 3611 5099 die

2118 5166 2137 5199 ι
2185 5150 2261 5210 lit,
2295 5163 2359 5202 ex
2394 5146 2630 5200 ﬁdelium
2664 5141 3138 5199 civitateomnino
3169 5138 3607 5199 tollivolumus;

2119 5257 2139 5290 ι
2186 5239 2281 5292 sed
2331 5245 2384 5291 et
2419 5236 2667 5307 publicas
2702 5234 2988 5288 mulierum
3022 5228 3609 5288 saltationesmultam

2117 5351 2134 5383 ι
2183 5346 2377 5385 noxam
2411 5328 2745 5398 exitiumque
2782 5326 3102 5392 atterentes;
3133 5323 3264 5394 quin
3297 5321 3459 5403 etiam
3491 5331 3603 5379 eas,

1525 5583 1721 5647 Guill.
1754 5580 2095 5661 Beveregii
2126 5588 2314 5643 nota).
2652 5590 2655 5595 λ
3560 5642 3561 5645 η

437 5694 547 5767 (65)
584 5695 688 5749 Ἕν
726 5690 815 5762 οἷς
859 5694 969 5765 γὰρ
1002 5692 1392 5748 πταίσαασιν.
1472 5689 1597 5747 Ηαιο
1663 5682 1839 5759 usque
1892 5703 1922 5741 a

2038 5685 2430 5757 καθαιροῦνται
2493 5688 2547 5745 in
2609 5702 2712 5745 ms.
2783 5680 3216 5739 Amerbachisno
3278 5674 3599 5732 desideran-

371 5770 475 5826 ινιτ.
