3984 6474
441 260 549 325 ’107

1704 255 1977 317 ΤΗΕΟΙ).
2026 254 2430 318 BALSAMON

2194 176 2233 197 κ

3564 257 3677 322 708

437 371 607 442 igitur
638 383 849 425 canone
875 367 1094 438 quidam
1143 374 1361 421 utentes
1402 378 1740 435 quascunque
1775 382 1845 420 eo
1884 368 2003 421 loco

2131 371 2279 434 ιένοι,
2334 369 2461 431 τοὺς
2510 369 2584 439 μὴ
2620 368 3111 439 ἀπηριθμημένους
3154 369 3211 421 ὲν
3256 367 3406 438 αύτῷ
3463 370 3677 438 γάμους

437 464 643 534 ηιιριίῖο
700 462 849 515 inter
901 461 1190 515 damnatas
1258 475 1608 529 nequaquam
1672 469 2008 513 enumerata:

440 555 681 618 fuerant,
721 554 939 607 easdem
972 552 1130 621 quasi
1159 566 1453 607 concessas
1482 556 1752 620 usurpare
1786 551 1891 620 ipsi
1927 552 2009 603 ni-

435 649 710 708 tebantur,
749 645 1059 713 violataque
1102 654 1313 700 natura:
1357 646 1476 715 lege
1516 661 1638 699 cum
1685 646 2009 715 propinquis

433 738 673 791 coibant.
704 738 934 791 Proinde
965 738 1114 791 illum
1168 754 1434 792 canoncm
1472 740 1574 792 hoc
1615 737 1733 791 loco
1766 739 2009 809 synodus

435 832 727 899 spectavit,
788 846 964 899 eaque
1026 833 1237 883 ratione
1287 829 1547 894 adducta,
1610 833 1782 883 multa
1842 830 1894 882 in
1942 844 2008 884 eo

441 933 697 975 Sanctum
733 918 907 973 virum
966 921 1239 973 silentium
1296 920 1591 974 involvisse
1633 920 1893 984 defendit,
1941 935 2009 973 ne

433 1012 645 1068 scilicet
695 1013 828 1066 dum
885 1013 1132 1066 damnati
1188 1012 1433 1081 conjugii
1494 1028 1691 1082 genera
1751 1014 2005 1067 universa

362 1168 373 1177 ς
434 1108 808 1176 persequitur,
830 1106 1132 1159 orationem
1162 1120 1321 1159 suam
1350 1105 1642 1171 verborum
1669 1105 2007 1174 turpitudine

433 1197 594 1266 223
644 1197 982 1265 inquinaret,
1018 1211 1081 1250 ac
1120 1194 1328 1250 idcirco
1360 1195 1660 1265 generatim
1693 1197 1875 1249 omnia
1912 1212 2009 1251 vo-

436 1291 606 1343 luisse
648 1304 755 1342 uno
791 1286 1127 1357 impuritatis
1164 1288 1391 1359 nomine
1434 1289 1702 1342 indicare.
1744 1289 2003 1358 Singulos

435 1378 633 1433 deinde
690 1378 983 1433 vetitarum
1058 1380 1373 1447 nuptiarum
1424 1380 1616 1434 modos
1657 1379 1846 1435 Patres
1905 1381 2005 1451 ipsi

434 1481 797 1541 percensent,
829 1487 892 1525 ac
923 1472 1190 1538 ejusmodi
1214 1473 1430 1541 quidem
1463 1474 1718 1544 conjugia
1781 1477 2007 1528 omnino

432 1561 680 1627 dissolvi,
716 1579 777 1617 ea
809 1579 939 1618 vero
969 1566 1061 1635 qui
1101 1565 1446 1629 attentarint,
1488 1564 1760 1635 septenuii
1791 1580 2003 1621 canone

442 1654 623 1723 puniri
645 1654 861 1722 jubent.

432 1744 659 1801 ARIST.
693 1764 709 1797 ι
746 1743 955 1799 Fratris
1014 1744 1179 1798 lilium
1206 1732 1333 1800 cum
1359 1745 1545 1802 fratris
1583 1747 1689 1801 lilia
1725 1748 2012 1803 matrimo-

510 1855 529 1888 ι
567 1839 655 1890 nia
687 1837 945 1905 conjungi
981 1852 1089 1890 non
1144 1839 1468 1906 permittes;
1522 1853 1623 1892 nec
1657 1856 1779 1894 cum
1820 1841 1923 1893 lilia
1957 1849 2012 1895 et

510 1948 530 1981 ‹
562 1940 755 1993 matre,
788 1929 953 1984 filium
985 1939 1039 1985 et
1064 1938 1312 2000 patrem:
1369 1946 1470 1985 nec
1495 1942 1725 1995 matrem
1760 1942 1812 1987 et
1847 1934 2009 1987 filiam

510 2042 529 2074 ‹
557 2038 677 2077 cum
708 2024 920 2077 duobus
947 2023 1247 2088 fratribus;
1284 2039 1384 2078 nec
1418 2025 1617 2079 fratres
1643 2041 1766 2080 cum
1798 2025 2012 2081 duabus
2067 2092 2074 2105 ‘

508 2128 531 2163 ι
564 2112 867 2167 sororibus.
893 2112 947 2166 Si
972 2110 1103 2182 quid
1123 2121 1304 2165 autem
1330 2113 1643 2168 istiusmodi
1663 2114 1864 2168 factum
1892 2114 2012 2169 fue-

512 2223 532 2256 ι
566 2205 658 2269 rit,
683 2221 787 2258 una
813 2220 935 2259 cum
966 2204 1302 2259 matrimonii
1335 2204 1698 2262 dissolutione
1724 2209 2012 2277 septennio

514 2316 532 2347 ‹
565 2298 954 2365 subjicientur.
986 2315 1004 2347 ι

505 2388 575 2442 Et
603 2389 915 2457 lmjusmodi
936 2389 1191 2459 conjugia
1220 2400 1277 2445 ut
1303 2390 1580 2460 prohibita
1603 2391 2007 2447 dissolventur:

435 2489 492 2536 et
526 2482 617 2550 qui
649 2497 710 2533 ea
744 2482 1258 2549 coutrahuntjuxta
1285 2495 1606 2551 praesentem
1633 2494 1687 2537 et
1720 2496 2013 2554 septuage-

437 2573 638 2628 simum
691 2582 946 2626 octavum
1023 2572 1212 2629 Basilii
1261 2574 1443 2644 magni
1490 2590 1787 2640 canonem,
1841 2590 2011 2629 unum

436 2679 643 2717 annum
676 2662 974 2727 deflebunt,
994 2665 1135 2719 duos
1166 2666 1412 2728 audient,
1441 2676 1551 2719 tres
1569 2666 2011 2733 substernentur,

435 2762 493 2808 et
521 2754 758 2823 septimo
792 2768 901 2807 una
946 2770 1069 2810 cum
1110 2755 1359 2811 ﬁdelibus
1408 2757 1750 2823 consistent;
1803 2768 1857 2813 ct
1902 2760 2004 2824 sic,

438 2847 486 2901 si
520 2861 644 2899 cum
695 2846 956 2923 lacrymis
989 2847 1345 2918 resipiscam,
1395 2849 1598 2905 divinis
1649 2852 2013 2923 sacramentis

438 2939 587 3010 digni
619 2939 991 2995 habebuntur.

1037 3114 1268 3177 CANON
1307 3123 1414 3178 LV.

446 3229 468 3266 ι
496 3212 761 3279 Quoniam
798 3212 1168 3267 intelleximus
1196 3230 1315 3279 eos,
1361 3214 1453 3284 qui
1489 3222 1616 3269 sunt
1649 3214 1703 3269 in
1737 3213 2015 3271 Romano-

519 3323 539 3356 ι
570 3321 690 3359 rum
728 3307 973 3372 civitate,
1007 3306 1059 3360 in
1094 3308 1299 3362 sanctis
1321 3307 2014 3379 Quadragesimzcjejuniis

518 3415 537 3448 ι
573 3396 694 3465 ejus
732 3398 989 3452 Sabbatis
1040 3398 1313 3467 jejunarc,
1352 3411 1547 3469 praeter
1581 3402 2011 3458 ecclesiasticam

516 3506 535 3539 ι
566 3488 822 3542 traditam
850 3492 1297 3558 consequentiam
1325 3510 1337 3545 :
1374 3501 1576 3546 sancta:
1603 3495 1810 3564 synodo
1842 3496 2012 3549 visum

516 3598 535 3631 ‹
569 3590 674 3645 est,
709 3588 768 3633 ut
799 3580 851 3634 in
891 3581 1263 3637 Romanorum
1314 3600 1533 3654 quoque
1568 3585 1810 3642 Ecclesia
1845 3588 2017 3644 invio-

516 3691 535 3724 ι
567 3672 802 3726 l'abiliter
833 3674 1077 3727 obtineat
1107 3688 1311 3739 canon,
1341 3680 1431 3747 qui
1463 3678 1632 3732 dicit':
1668 3678 1723 3733 Si
1755 3680 1878 3750 quis
1906 3682 2017 3738 cle-

520 3778 540 3813 ι
575 3763 725 3815 ricus
778 3761 1031 3815 inventus
1067 3763 1233 3817 fuerit
1279 3765 1334 3818 in
1373 3778 1564 3821 sancto
1602 3766 1891 3825 Dominico
1930 3773 2015 3827 vel

517 3871 535 3904 ι
572 3852 813 3907 Sahbato
841 3854 1114 3924 jejunare,
1167 3870 1361 3925 praeter
1394 3875 1559 3914 unum
1599 3872 1653 3916 et
1682 3863 1886 3933 solum,
1920 3865 2016 3920 de-

516 3962 536 3997 ι
566 3958 844 4016 ponatur:
878 3949 963 4000 sin
996 3958 1175 4004 autem
1202 3949 1399 4016 laicus,
1447 3966 1781 4025 segregetur.
1823 3975 1844 4010 ι

515 4120 709 4177 BALS.
752 4122 892 4177 Tum
929 4132 1151 4195 propter
1180 4127 1285 4181 alia
1319 4131 1512 4196 multa,
1547 4143 1663 4186 tum
1693 4135 1856 4189 etiam
1893 4152 2020 4206 pro.

442 4229 566 4287 pter
616 4228 935 4287 prazseutem
1004 4230 1291 4286 canonem,
1345 4224 1559 4289 dicunt,
1628 4229 1722 4295 qui
1779 4238 2016 4284 veterem

445 4312 670 4365 Romam
704 4313 969 4377 incolunt,
998 4328 1109 4365 non
1138 4331 1263 4368 esse
1296 4325 1541 4371 sanctam
1574 4320 1714 4373 hanc
1745 4318 2013 4392 synodum

2110 462 2186 523 ὡς
2221 461 2573 532 παρανόμους
2602 461 2913 523 ἀκωλύτους
2964 460 3244 524 ἐϐιάζοντο
3293 460 3533 530 φρονεῖν,
3583 463 3681 514 καὶ

2109 554 2206 621 τὴν
2230 552 2388 620 φύσιν
2412 553 2665 622 συνέχεον
2688 555 2973 618 συγγενέσι
3011 554 3353 622 μιγνύμενοι.
3379 555 3478 605 Διά
3505 554 3681 605 ταῦτα

2110 643 2245 714 πρὸς
2296 643 2385 695 τὸν
2424 631 2627 707 ηκᾶνόνα
2688 643 2873 697 τοῦτον
2923 644 3141 696 ἀπεῖδεν
3198 645 3230 713 ἡ
3287 644 3523 709 σύνοδος,
3585 648 3682 696 καὶ

2111 733 2461 800 ἀπολογεῖται
2499 732 2599 801 μὲν
2628 735 2717 786 διὰ
2773 732 2826 786 τί
2879 736 2944 786 τὰ
2996 734 3166 787 πλείω
3217 738 3394 805 σιωπῇ
3438 736 3465 786 ὁ
3526 734 3683 803 ἀγιος

2112 824 2476 893 παρέδραμεν
2503 823 2639 887 Ἵνα,
2672 826 2825 893 φησὶ,
2861 826 2934 896 μὴ
2962 827 3051 878 τὸν
3080 827 3235 894 λόγον
3261 825 3613 898 καταρῥυπαί
3647 843 3682 899 ῃ

2108 918 2220 976 τοῖς
2279 917 2519 984 ῥήμασιν
2569 917 2798 979 ἕκαστον
2858 919 2964 970 τῶν
3003 919 3255 986 ἀθέσμων
3300 920 3490 987 γάμων
3534 922 3678 970 ἁπαο

2115 1005 2346 1074 ριθμῶνσ
2376 1008 2737 1075 περιεκτικῶς
2760 1008 2813 1059 δὲ
2844 1008 2920 1076 τῷ
2945 1009 3042 1076 τῆς
3072 996 3412 1077 ἀκαθαρσίας
3456 1010 3684 1077 ὀνόματι

2110 1098 2233 1159 τοὺς
2264 1097 2617 1166 παρανόμους
2647 1097 2855 1167 γάμους
2892 1098 3186 1163 ὑπέδειξεν.
3226 1095 3358 1153 Εἶτα
3397 1100 3682 1169 ἐπήγαγον

2109 1189 2159 1239 οἱ
2193 1188 2290 1256 τῆς
2326 1189 2546 1241 συνόδου
2570 1190 2813 1260 Πατέρες
2845 1190 2940 1243 καὶ
2998 1193 3210 1259 γάμους
3256 1191 3549 1260 ἀθέσμους,
3586 1190 3684 1261 οὓς

2110 1283 2203 1335 καὶ
2238 1281 2714 1352 ἀπηριθμήσαντο,
2760 1265 2853 1335 κᾶι
2900 1283 3232 1337 διασπᾶσθαι
3256 1284 3354 1353 μὲν
3400 1284 3527 1347 τοὺς
3570 1302 3684 1338 τοι·

2108 1375 2294 1437 ούτους
2356 1375 2567 1445 γάμους
2633 1376 2695 1427 ὲκ
2763 1376 2961 1438 παντὸς
3024 1376 3365 1445 διωρίσαντο,
3438 1377 3565 1438 τοὺς
3626 1376 3683 1428 δὲ

2110 1465 2441 1536 χρανθέντας
2486 1467 2667 1531 αὐτοῖς
2707 1466 2788 1538 τῷ
2830 1467 2929 1537 τῆς
2959 1468 3253 1533 ἑπταετίας
3279 1469 3468 1523 κανόνι
3500 1469 3685 1521 ἐπιτιο

2113 1558 2338 1629 μᾶσθαι.

2035 1715 2084 1773 Β
2114 1739 2335 1794 ΑΡΙΣΤ.
2387 1758 2405 1792 ι
2439 1740 2515 1797 Οὐ
2568 1694 2944 1811 συγχωρήσεις
2996 1739 3262 1816 ὲξαδὲλφῃ
3297 1740 3687 1813 ’συζευχθῆναι

2193 1850 2211 1882 ι
2248 1832 2537 1899 ὲξάδελφον
2557 1849 2570 1863 ⁸
2600 1833 2722 1885 οὐδὲ
2748 1831 2978 1900 θυγατρὶ
3008 1833 3103 1903 καὶ
3135 1832 3249 1884 υίδν
3280 1834 3373 1885 καὶ
3429 1834 3649 1903 πατέρα
3670 1849 3684 1863 ⁸

2195 1943 2213 1976 ‹
2252 1925 2374 1978 οὐδὲ
2405 1925 2557 1977 δυσὶν
2590 1926 2840 1993 ἀδελφοῖς
2873 1925 3085 1995 μητέρα
3116 1927 3213 1979 καὶ
3247 1927 3567 1995 θυγατέρας
3592 1927 3687 1978 ού⁶

2188 2036 2207 2070 ι
2244 2016 2299 2070 δὲ
2330 2018 2483 2071 δυσὶν
2511 2018 2771 2088 ἀδελφαῖς
2792 2019 3057 2089 ἀδελφούς
3081 2037 3095 2049 '
3150 2022 3199 2073 εἰ
3230 2020 3285 2073 δέ
3349 2038 3403 2073 τι
3447 2018 3690 2071 τοιοῦτον

2192 2127 2211 2161 ί
2243 2109 2477 2177 γένοιτο,
2513 2110 2652 2181 μετά
2679 2113 2777 2181 τῆς
2809 2111 3107 2177 διαλύσεως
3139 2112 3430 2166 ἑπταετίαν
3481 2113 3688 2165 ὑποπι-

2191 2223 2209 2256 ι
2249 2206 2553 2259 πτέτωων.
2599 2222 2618 2256 ι

2184 2382 2297 2435 Καὶ
2328 2377 2475 2436 οὗτοι
2497 2384 2543 2436 οἱ
2569 2382 2758 2453 γάμοι,
2790 2385 2865 2448 ὡς
2910 2387 3378 2458 ἀπηγορευμένα,
3426 2386 3689 2453 διαλυοήη

2117 2490 2299 2527 σονται
2333 2492 2346 2505 ·
2378 2476 2472 2528 καὶ
2493 2478 2541 2528 0i
2577 2478 3005 2543 συναλλάξαντες
3032 2480 3228 2543 αὐτοὺς
3253 2482 3395 2533 κατά
3419 2484 3510 2533 τὸν
3543 2498 3688 2550 παρη

2113 2567 2237 2620 όντα
2262 2567 2462 2621 κανόνα
2493 2570 2585 2622 καὶ
2612 2571 2701 2623 τὸν
2741 2572 3139 2643 ἑϐδομηκοστὸν
3180 2576 3362 2643 ὃγδοον
3396 2576 3488 2628 τοῦ
3515 2576 3687 2642 μεγά-

2114 2658 2206 2711 λου
2240 2659 2520 2713 Βασιλείου
2549 2662 2792 2715 ἐνιαυτὸν
2840 2666 3303 2733 προσκλαύσουσι,
3348 2668 3554 2719 διετίαν
3586 2669 3683 2717 ὐπ-

2114 2753 2494 2821 ακροάσονται,
2526 2755 2764 2821 τριετίαν
2804 2756 3222 2822 ὑποπεσοῦνται,
3254 2760 3346 2809 καὶ
3375 2759 3450 2827 τῷ
3472 2758 3684 2827 ἑϐδόμῳ
3764 2802 3767 2805 μ

2117 2844 2473 2913 συστήσονται
2505 2846 2641 2915 μετά
2666 2848 2774 2901 τῶν
2796 2850 3003 2900 πιστῶν
3034 2868 3048 2881 -
3079 2850 3173 2903 καὶ
3211 2851 3400 2915 οὕτως,
3432 2853 3527 2904 ἐὰν
3550 2853 3686 2919 μετά

2114 2934 2367 3004 δακρύων
2392 2939 2790 3007 μετανοήσωσι,
2819 2942 2926 2992 τῶν
2959 2941 3117 2993 θείων
3148 2944 3503 3012 ἁγιασμάτων
3531 2946 3686 3010 ἀξιω-

2116 3024 2396 3096 θήσονται.

2701 3123 2934 3179 ΚΛΝΩΝ
2964 3127 3093 3179 AE'.

2087 3203 2092 3210 ’
2125 3230 2141 3262 ι
2182 3210 2398 3282 Ἐπειδὴ
2438 3213 2837 3285 μεμαθήκαμεν
2864 3218 2989 3280 τοὺς
3022 3221 3079 3270 ὲν
3109 3224 3172 3291 τῇ
3218 3222 3505 3292 Ῥωμαίων
3535 3226 3687 3277 πόλει

2190 3320 2209 3353 ι
2247 3305 2305 3354 ἐν
2331 3307 2450 3366 ταῖς
2478 3304 2660 3371 ἁγίαις
2677 3308 2771 3374 τῆς
2803 3306 3231 3377 Τεσσαρακοσῆς
3260 3314 3539 3379 νηστείαις
3571 3318 3685 3378 τοῖς

2191 3413 2210 3445 ι
2242 3394 2445 3461 ταύτης
2475 3396 2770 3461 Σαὸὖάτοις
2800 3400 3078 3466 νηστεύειν
3113 3402 3263 3471 παρὰ
3289 3404 3387 3472 τὴν
3449 3404 3690 3475 παρέξοι

2188 3505 2206 3537 ι
2247 3485 2433 3539 θεῖσαν
2479 3490 2935 3561 ἑκκλησιαστικὴν
3002 3493 3325 3546 ἀκολουθίαν
3358 3506 3374 3522 ⁶
3424 3495 3569 3566 ἔδοξε
3621 3499 3686 3566 τῇ

2194 3595 2212 3627 ι
2251 3574 2382 3648 ἁγίᾳ
2412 3581 2612 3651 συνῶῳ
2638 3580 2777 3635 ὥστε
2813 3587 3033 3652 κρατεῖν
3058 3590 3150 3638 καί
3177 3586 3269 3638 ἐπὶ
3298 3589 3361 3656 τῇ
3401 3588 3689 3656 Ῥωμαίων

2196 3687 2214 3718 ί
2249 3668 2549 3741 Ἐκκλησία
2579 3674 3051 3741 ἁπαρασαλεύτως
3078 3678 3168 3730 τὸν
3197 3679 3420 3743 κανόνα,
3474 3681 3565 3733 τὸν
3600 3682 3690 3734 λέ-

2193 3778 2211 3812 ι
2251 3778 2420 3829 γοντα
2455 3770 2470 3790 ⁶
2508 3763 2576 3815 Εἴ
2612 3783 2694 3827 τις
2722 3767 2984 3837 κληρικὸς
3022 3770 3271 3842 εὑρεθείη
3303 3778 3367 3842 τῇ
3416 3775 3547 3844 ἁγίᾳ
3574 3777 3691 3828 Κυ-

2200 3873 2219 3906 ι
2260 3859 2422 3927 ριακῇ
2468 3858 2741 3926 νηστεύων
2774 3860 2804 3929 ἢ
2834 3860 2894 3912 τὸ
2929 3862 3207 3916 Σάϐϐατον
3238 3866 3376 3935 πλὴν
3426 3867 3521 3923 τοῦ
3573 3871 3693 3933 ἐνὸς

2197 3965 2216 3999 ε
2255 3951 2349 4002 καὶ
2389 3950 2577 4018 μόνου,
2611 3952 2979 4019 καθαιρείσθω
3005 3969 3021 3985 ο
3054 3957 3101 4007 εί
3145 3956 3203 4007 δὲ
3255 3956 3461 4025 λαῖκδς,
3495 3963 3697 4033 ἀφορι-

2197 4060 2216 4094 ι
2250 4042 2445 4104 ζέσθω.
2492 4064 2509 4096 ι

2191 4137 2384 4191 ΒΛΛΣ.
2424 4140 2532 4191 Καὶ
2574 4140 2654 4202 εἰς
2690 4140 2824 4192 ἄλλα
2868 4142 2966 4211 μὲν
2996 4144 3189 4209 πολλὰ,
3217 4146 3353 4211 τέως
3383 4149 3437 4201 δὲ
3475 4149 3569 4202 καὶ
3601 4150 3692 4204 διὰ

2119 4228 2209 4281 τὸν
2268 4231 2508 4301 παρόντα
2584 4235 2804 4299 κανόνα,
2861 4236 3111 4305 λέγουσιν
3165 4241 3214 4291 οἱ
3269 4241 3369 4311 τῆς
3448 4244 3692 4307 παλαιᾶς

2133 4322 2346 4393 Ῥώμης
2379 4328 2451 4393 μὴ
2486 4321 2749 4398 εἶναιτὴν
2777 4330 2937 4397 ἁγίαν
2970 4334 3176 4406 ταύτην
3216 4334 3432 4385 σύνοδον
3498 4340 3617 4388 nixo
3634 4366 3686 4386 μ-

443 4404 864 4469 (ncumenicam,
894 4406 1037 4460 sicut
1063 4418 1117 4461 et
1145 4410 1199 4461 in
1229 4410 1348 4477 ejus
1372 4414 1641 4480 procemio
1666 4414 2013 4483 scripsimus.

2131 4419 2372 4488 μενικὴν,
2410 4419 2587 4483 καθὼς
2611 4426 2705 4497 και
2737 4427 2794 4474 ἐν
2820 4424 2895 4492 τῷ
2935 4426 3207 4495 προοιμίῳ
3232 4428 3404 4497 αὐτῆς
3447 4430 3697 4498 ἐγράφε-

444 4497 728 4569 Tanquam
764 4499 908 4552 enim
944 4498 1147 4553 ferrum
1182 4518 1278 4556 cor
1310 4519 1497 4557 eorum
1529 4507 1789 4573 pervasit,
1818 4523 2018 4577 eosque

446 4594 657 4659 pungit,
691 4600 751 4644 ut
776 4593 869 4660 qui
893 4600 1083 4644 contra
1109 4596 1469 4662 apostolicum
1501 4612 1765 4653 canonem
1794 4600 2018 4668 faciant,

416 4670 538 4750 qui
575 4684 740 4737 dicit:
776 4684 828 4735 Si
858 4684 984 4751 quis
1012 4684 1249 4739 clericus
1286 4687 1545 4759 inventus
1606 4690 1773 4744 fuerit
1826 4702 2020 4747 sancto

447 4773 730 4828 Dominico
759 4783 811 4829 et
843 4775 1084 4831 Sabbato
1109 4778 1387 4847 jejunare,
1432 4792 1792 4852 praeterquam
1829 4802 1937 4840 uno
1964 4796 2020 4841 et

446 4855 585 4929 solo,
610 4867 954 4935 deponatur:
997 4874 1043 4922 si
1096 4879 1281 4923 autem
1332 4871 1530 4935 laicus,
1584 4886 1921 4943 segregetur.
1977 4879 2017 4932 li

443 4973 577 5024 ergo
612 4960 768 5012 venia
802 4960 953 5028 digni
988 4976 1093 5014 non
1129 4972 1278 5027 sunt,
1314 4964 1408 5032 qui
1464 4980 1577 5019 suae
1608 4982 1802 5022 rursus
1840 4972 2022 5038 priva-

447 5060 513 5101 tae
552 5050 932 5103 constitutioni
961 5053 1252 5119 inhaerent,
1285 5064 1339 5108 et
1373 5072 1477 5109 non
1512 5059 1689 5113 solum
1730 5060 1782 5112 iu
1814 5073 2018 5116 sancta:

402 5146 409 5159 '
446 5141 887 5209 Quadragesima:
910 5142 1170 5199 Sabbatis
1191 5146 1463 5215 jejunant,
1498 5151 1594 5204 sed
1620 5163 1674 5205 et
1702 5153 1755 5205 in
1792 5156 2019 5224 reliquis

445 5231 722 5285 omnibus.
770 5232 882 5302 Ego
912 5244 1091 5289 autem
1127 5239 1237 5291 vidi
1292 5242 1557 5308 quosdam
1607 5241 1854 5309 Latinos,
1902 5248 2016 5315 qui,

445 5337 573 5378 Cum
624 5332 913 5392 propterea
951 5330 1507 5397 reprehenderentur,
1547 5334 1765 5389 inanem
1799 5353 2018 5406 qucque

443 5416 857 5471 excusationem
895 5417 1213 5488 ali'erebant,
1253 5425 1321 5479 ad
1354 5437 1606 5482 sanctum
1664 5446 1859 5500 nempe
1914 5433 2017 5486 Do-

446 5509 581 5563 mini
630 5519 684 5565 et
715 5510 1028 5570 Servatoris
1073 5519 1250 5571 nostri
1299 5516 1430 5572 Jesu
1466 5520 1665 5574 Christi
1699 5524 2013 5592 sepulcrum

445 5600 778 5669 sditionem,
812 5613 867 5660 et
900 5606 1045 5677 quod
1078 5607 1243 5677 hujus
1274 5609 1351 5665 rei
1388 5612 1564 5681 gratia
1594 5627 1660 5667 ex
1690 5597 1850 5682 longa
1879 5631 2017 5669 con-

446 5694 739 5753 suetudine
768 5698 1009 5755 obtinuit
1030 5699 1326 5773 jejunium.
1358 5704 1507 5760 Alios
1538 5713 1723 5762 autem
1758 5708 1890 5775 vidi,
1921 5710 2012 5778 qui

2126 4527 2246 4579 μεν.
2285 4510 2371 4574 Ὠς
2399 4514 2507 4582 γὰρ
2560 4514 2777 4585 σίδηρος
2831 4516 3015 4585 διῆλθε
3054 4520 3152 4587 τὴν
3209 4521 3433 4591 καρδίαν
3489 4526 3691 4580 αὐτῶν.

2122 4604 2217 4655 καὶ
2258 4606 2563 4672 στηλιτεύει
2596 4609 2820 4674 τούτους
2836 4612 2910 4675 ὡς
2940 4613 3278 4678 ὑπεναντίως
3301 4617 3590 4681 ποιοῦντας
3616 4621 3697 4689 τῷ

2122 4697 2468 4769 ἀποστολικῷ
2509 4701 2715 4765 κανόνι,
2776 4703 2853 4773 τῷ
2907 4705 3160 4773 λέγοντι·
3193 4708 3261 4759 Ei'
3312 4726 3396 4769 τις
3432 4712 3694 4779 κληρικὸς

2120 4786 2371 4859 εὑρεθείη
2429 4793 2494 4860 τῇ
2545 4792 2678 4862 ἁγίᾳ
2730 4795 2982 4867 Κυριακῇ
3032 4802 3125 4850 καὶ
3180 4800 3255 4867 τῷ
3306 4799 3569 4869 Σαϐϐάτῳ
3602 4820 3697 4869 νη-

2122 4877 2327 4931 στεύων
2360 4881 2501 4950 πλὴν
2542 4881 2635 4934 τοῦ
2676 4886 2793 4947 ἐνὸς
2827 4890 2919 4937 καὶ
2963 4887 3147 4955 μόνου,
3192 4890 3603 4959 καθαιρείσθω·
3646 4895 3694 4944 εἰ

2119 4967 2173 5020 δὲ
2205 4969 2410 5035 λαῖκδς,
2465 4974 2828 5045 ἀφοριζέσθω.
2852 4979 2926 5030 Οὐ
3094 4976 3185 5033 οὖν
3213 4981 3435 5043 τούτους
3475 4984 3690 5050 συγνὼ-

2125 5075 2231 5144 μης
2250 5059 2679 5134 ἀξιωθῆναιητῆς
2694 5069 2861 5136 αὐτῆς
2886 5071 3272 5140 ἑξερχομένους
3294 5073 3693 5144 ἰδιορῤυθμίας,

2120 5142 2216 5203 καὶ
2268 5154 2430 5206 πάλιν
2491 5157 2587 5209 καὶ
2642 5161 2998 5229 νηστεύοντας
3059 5162 3134 5233 μὴ
3188 5165 3354 5234 μόνον
3396 5142 3564 5221 κατά
3629 5174 3695 5222 τά

2120 5243 2374 5297 Σάϐϐατα
2398 5248 2495 5317 τῆς
2525 5250 2687 5318 ἁγίας
2721 5252 3202 5327 Τεσσαρακοστῆς,
3245 5259 3381 5313 ἀλλὰ
3424 5263 3520 5315 καὶ
3552 5268 3698 5319 κατὰ

2118 5336 2188 5389 τὰ
2212 5336 2393 5396 λοιπά.
2435 5342 2575 5410 Ἐγὼ
2602 5344 2659 5396 δὲ
2685 5342 2824 5399 εἶδόν
2856 5365 3007 5412 τινας
3035 5350 3299 5415 Λατίνους
3325 5357 3693 5427 αἰτιωμένους

2118 5428 2205 5482 διὰ
2246 5431 2426 5497 τοῦτο,
2463 5437 2556 5486 καὶ
2582 5438 2817 5505 ματαίαν
2864 5442 3339 5513 προϐαλλομένους
3392 5456 3693 5519 πρόφασιν,

2118 5522 2217 5590 τὴν
2255 5525 2335 5585 είς
2376 5526 2468 5578 τὸν
2519 5529 2674 5593 ἅγιον
2723 5534 2890 5599 τάφον
2936 5533 3031 5587 τοῦ
3065 5536 3275 5608 Κυρίου
3319 5544 3413 5594 καὶ
3438 5545 3696 5627 Σωτῆρος

2089 5614 2276 5683 ιήμῶν
2330 5617 2506 5686 Ἰησοῦ
2563 5620 2799 5691 Χριστοῦ
2841 5627 3162 5693 ἀπέλευσιν,
3216 5631 3311 5684 καὶ
3378 5633 3479 5704 τὴν
3530 5614 3692 5703 χάριν

2119 5709 2310 5764 τούτου
2341 5715 2696 5785 κρατήσασαν
2728 5722 2983 5789 νηστείαν
3020 5727 3085 5779 ἐκ
3118 5727 3410 5799 συνηθείας
3450 5730 3690 5801 μακρᾶς.
