3984 6474
291 292 403 358 ’ἶθθ

1300 285 1381 347 IN
1412 286 1579 347 CAN.
1623 284 1750 346 va
1792 284 2000 345 conc.
2046 284 2128 345 IN
2157 258 2497 346 TRULLO.

3431 286 3543 354 710

296 407 527 469 ’Δλλους
552 405 612 458 δὲ
642 401 781 457 εἶδον
822 401 897 472 μὴ
916 400 1250 466 ἀπελθόντας
1279 403 1356 466 είς
1386 403 1454 456 τὰ
1493 402 1867 471 Ἰεροσόλυμα,

1983 399 2401 470 Hierosolymam
2452 416 2560 454 non
2608 408 2891 468 venerant,
2936 408 2991 456 et
3022 400 3277 457 similiter
3321 401 3540 473 jejuna-

241 502 245 509 ’
291 502 390 555 καὶ
413 499 773 570 νηστεύοντας
814 496 1014 569 ὁμοίως
1055 514 1071 528 ·
1110 497 1206 549 καὶ
1262 498 1456 558 ἄλλους
1502 496 1869 566 ἀτιμάζοντας

292 593 394 662 τὴν
442 590 721 667 τοιαύτην,
762 591 1019 659 νηστείαν
1089 590 1184 642 καὶ
1231 590 1535 660 ἀδιαφόρως
1592 589 1733 642 κατὰ
1802 588 1871 642 τὰ

293 687 551 741 Σάϐϐατα
595 684 989 746 καταλύοντας,
1044 682 1377 745 ἀπελθόντας
1423 683 1517 734 καὶ
1570 683 1742 735 ταῦτα
1790 682 1870 745 είς

290 779 384 830 τὸν
420 778 511 831 τοῦ
537 777 748 847 Κυρίου
773 776 955 842 τάφον.
988 774 1104 829 Οὔκ
1154 774 1263 843 ἔχω
1314 772 1446 840 γοῦν
1493 767 1669 824 εἷπειν
1724 771 1870 831 ὅπως

289 870 470 923 ταῦτα
498 869 645 931 ,οὕτω
673 866 963 938 παρὰ-τῶν
985 865 1241 918 τοιούτων
1268 865 1531 932 γίνονται.
1581 864 1769 916 Ἔοικε
1812 860 1869 913 δὲ

289 960 366 1020 ὡς
392 963 505 1023 τοῖς
542 960 687 1012 ἔθεσι
720 957 973 1028 μᾶλλονῆ
1008 960 1121 1019 τοῖς
1152 958 1375 1009 κανόσιν
1422 956 1761 1009 ἀκολουθεῖν.

362 1055 618 1106 ΖΩΝΑΡ.
670 1049 1082 1121 Διορθὼσασθαι
1140 1051 1200 1101 τὸ
1267 1048 1490 1118 σφάλμα
1545 1047 1703 1099 τοῦτο
1761 1048 1869 1100 τῶν

290 1147 546 1202 Λατίνων
598 1147 632 1216 ἡ
678 1146 895 1206 συνόδος
927 1142 1306 1213 ἐπεχείρησεν,
1375 1141 1491 1193 ἀλλ’
1549 1139 1868 1210 ἁδιόρθωτοι

293 1241 394 1293 καὶ
419 1239 577 1301 αὖθις
608 1239 658 1290 οἱ
676 1226 934 1301 ἀλαζόνες
965 1237 1188 1306 ἔμεινάν
1215 1252 1275 1287 τε
1310 1234 1403 1288 καὶ
1435 1234 1678 1304 μένουσι,
1726 1235 1862 1304 μήτε

289 1332 406 1395 τοῖς
428 1330 808 1400 παλαιοτέροις
839 1330 1029 1382 κανόσι
1059 1327 1394 1396 πειθόμενοι,
1439 1330 1549 1389 τοῖς
1609 1327 1735 1380 ἄνευ
1770 1324 1866 1378 τοῦ

286 1424 413 1485 ὲνδς
449 1423 733 1476 Σαϐϐάτου
780 1420 874 1474 τοῦ
922 1419 1158 1490 μεγάλου
1203 1419 1403 1489 δηλαδὴ
1456 1417 1530 1487 μὴ
1586 1416 1867 1483 νηστεύειν

287 1515 351 1566 ὲν
384 1514 647 1585 Σαϐϐάτῳ
681 1512 980 1575 κελεύουσι,
1019 1512 1153 1582 μήτε
1183 1509 1360 1580 τούτῳ
1390 1509 1865 1580 ἐπιστρεφόμενοι,

288 1609 388 1661 καὶ
423 1611 561 1679 μήτε
586 1611 685 1679 τὴν
705 1607 1024 1676 καθαίρεσιν
1048 1606 1098 1658 oi
1135 1605 1426 1676 ίερωμένοι
1451 1602 1863 1674 εὐλαϐούμενοι,

292 1701 425 1771 μήθ’
452 1701 504 1754 οἱ
551 1700 729 1754 λαῖκοὶ
754 1702 845 1753 τὸν
868 1698 1194 1769 ἀφορισμόν,

297 1883 528 1937 ΑΡΙΣΤ.
570 1899 589 1931 ι
624 1881 686 1933 Οἱ
721 1880 991 1947 Ῥωμαῖοι
1016 1880 1130 1940 τοῖς
1154 1878 1253 1946 τῆς
1278 1875 1741 1946 Τεσσαρακοστῆς
1771 1891 1868 1944 νη-

373 1994 393 2027 (
433 1974 687 2027 στεύουσι
741 1972 1055 2027 Σάϐὄασινο
1137 1968 1545 2039 ὑπομιμνήσκει
1598 1967 1778 2020 τοίνυν
1833 1969 1867 2038 ἡ

370 2086 390 2118 ι
427 2067 643 2129 σύνοδος
668 2065 763 2118 καὶ
796 2063 889 2116 ἐπὶ
936 2062 1142 2115 τούτων
1170 2062 1263 2114 τὸν
1290 2059 1644 2113 ἁποστολικὺν
1665 2058 1868 2115 κανόνα

309 2169 313 2171 ‘
375 2178 395 2210 ι
434 2160 679 2229 κρατεῖν.
726 2175 745 2209 ι
1174 2164 1179 2165 ⁷

366 2252 635 2307 Μαθοῦσα
671 2251 869 2319 αῦτηή
902 2249 1034 2316 ἁγία
1077 2245 1293 2310 σύνοδος
1312 2247 1466 2331 (τοὺς
1508 2248 1568 2300 ὲν
1621 2247 1688 2316 τῇ
1737 2245 1869 2299 Ῥω-

297 2349 480 2418 μαίων
519 2347 671 2399 πόλει
703 2346 793 2399 τὸν
840 2343 1133 2415 ἑξηκοστὸν
1185 2341 1447 2411 τέταρτον
1503 2339 1705 2393 κανόνα
1761 2340 1868 2392 τιτν

292 2441 470 2509 ἁγίων
502 2438 817 2492 ἀποστόλων
848 2435 1308 2507 παραϐαίνοντας,
1338 2433 1428 2486 τὸν
1464 2433 1869 2502 προστάττοντα

294 2531 426 2586 ἄνευ
454 2531 544 2583 τοῦ
576 2530 814 2599 μεγάλου
851 2527 1130 2580 Σαϐϐάτου
1159 2526 1347 2592 ἕτερον
1374 2512 1650 2576 Σάϐϐατόν
1668 2524 1723 2593 --ἢ
1760 2525 1870 2575 Κυ-

300 2625 499 2696 ριακὴν
535 2626 608 2692 μὴ
652 2622 933 2692 νηστεύειν
967 2637 981 2651 ⁸
1008 2620 1174 2690 ὥρισε
1210 2619 1306 2670 καὶ
1338 2620 1395 2670 ἐν
1451 2620 1514 2687 τῇ
1586 2616 1867 2686 Ῥωμαίων

308 2716 608 2787 Ἐκκλησία
643 2714 1093 2786 ἀπαρασὲιλευτον
1124 2713 1214 2765 τὸν
1235 2710 1477 2765 τοιοῦτον
1507 2710 1869 2765 ἀποστολικὸν

294 2810 499 2863 κανόνα
529 2808 918 2877 φυλάττεσθαι.

860 2918 1103 2973 ΚΑΝΩΝ
1160 2917 1301 2986 Nq'.

1973 490 2145 544 bant:
2182 499 2236 543 et
2262 490 2403 544 alios
2438 491 2530 560 qui
2567 490 2838 559 ejusmodi
2890 493 3162 561 jejunium
3219 502 3545 550 contemne-

1972 584 2100 637 bant
2148 592 2201 637 et
2252 583 2763 638 indiscriminatim<
2799 584 2852 638 in
2911 584 3170 642 Sabbatis
3213 587 3539 651 solvebant,

1971 676 2062 744 qui
2111 676 2272 729 etiam
2330 677 2397 730 ad
2452 674 2668 730 Domini
2724 680 3032 747 sepulcrum
3081 690 3363 735 venerant.
3420 679 3542 735 Non

1972 781 2195 835 possum
2236 769 2419 836 itaque
2468 769 2648 823 dicere
2684 769 2963 839 quomodo
3012 771 3126 825 haec
3179 773 3246 827 ab
3299 773 3410 827 illis
3459 773 3543 826 sic

1976 858 2133 913 ﬁant.
2214 857 2480 915 Videntur
2536 871 2717 917 autem
2767 863 2806 916 ii
2854 865 3305 921 consuetudinem
3357 866 3543 936 potius

1971 965 2145 1015 sequi,
2179 968 2344 1021 quam
2379 968 2641 1009 canones.

2043 1040 2294 1097 ZONAR.
2349 1041 2669 1098 Latinorum
2740 1045 2844 1099 boc
2900 1055 3185 1117 peccatum
3249 1050 3542 1105 emendare

1968 1135 2213 1203 Synodus
2236 1144 2464 1193 conatus
2489 1146 2604 1202 est;
2640 1154 2827 1192 verum
2857 1138 2913 1195 in
2942 1154 3040 1193 sua
3074 1140 3371 1208 pertinacia
3401 1142 3573 1195 bac-s

1968 1242 2127 1283 tenus
2165 1239 2590 1298 permanserunt
2632 1242 2981 1302 arrogantes,
3016 1232 3287 1302 hodieque
3325 1246 3541 1302 perma-

1968 1331 2120 1375 nent.
2177 1320 2362 1390 Neque
2411 1336 2566 1385 vero,
2618 1334 2713 1377 aut
2741 1324 2994 1394 antiquos
3020 1339 3257 1379 canones
3288 1325 3536 1388 audiunt,

1968 1410 2059 1482 qui
2088 1425 2251 1465 omne
2281 1413 2333 1464 in
2361 1410 2601 1467 Sabbato
2622 1413 2916 1482 jejunium,
2948 1430 3056 1468 uno
3076 1424 3325 1484 excepto,
3345 1429 3541 1483 nempe

1969 1504 2149 1573 magni
2186 1504 2410 1559 Sabbati
2439 1506 2551 1570 die,
2593 1507 2816 1561 vetitum
2845 1524 2969 1563 esse
3000 1509 3247 1575 voluere,
3296 1517 3392 1562 aut
3436 1509 3541 1561 bu-

1964 1595 2054 1666 jus
2082 1611 2301 1666 quoque
2332 1608 2625 1657 moventur
2656 1600 3001 1657 auctoritate.
3058 1601 3200 1666 Quin
3232 1611 3286 1655 et
3315 1598 3539 1668 deposi-

1973 1689 2173 1743 tionem
2206 1705 2425 1760 quoque
2457 1692 2551 1761 qui
2582 1693 2758 1746 sacris
2794 1692 2990 1748 initiati
3023 1703 3170 1754 sunt,
3202 1702 3255 1746 et
3282 1706 3539 1761 segrega-

1970 1779 2170 1833 tionem
2200 1781 2576 1851 jejunantibus
2610 1784 2869 1839 indictam
2908 1784 3028 1838 laici
3060 1785 3365 1855 negligunt.

1967 1870 2194 1927 ARIST.
2230 1893 2249 1925 ι
2277 1874 2964 1947 RomaniQuadragesima:
2983 1876 3536 1947 Sabbatisjejunant:

2043 1983 2063 2016 ι
2111 1966 2370 2021 admonet
2422 1968 2607 2038 itaque
2659 1970 2904 2035 synodus
2952 1969 3005 2023 in
3037 1969 3123 2025 bis
3158 1971 3321 2027 etiam
3357 1986 3533 2028 cano-

2042 2079 2063 2109 ι
2099 2074 2221 2113 nem
2255 2062 2618 2130 apostolicum
2646 2064 2849 2118 valere.
2878 2080 2898 2114 ι

2036 2241 2486 2310 Intelligenshaec
2514 2253 2702 2299 sancta
2735 2260 2858 2316 syn.
2892 2260 3009 2310 eos,
3038 2247 3130 2317 qui
3162 2247 3217 2302 in
3254 2248 3536 2304 Romano-

1967 2348 2085 2386 rum
2141 2344 2268 2387 sunt
2321 2334 2483 2406 224
2534 2337 2774 2402 civitate,
2828 2340 3226 2407 sexagesimum
3278 2352 3536 2411 quartum

1967 2434 2285 2478 sanctorum
2326 2428 2705 2495 apostolorum
2741 2444 3006 2483 canonem
3042 2431 3148 2484 alio
3175 2441 3535 2504 praeterquam

1966 2532 2165 2586 magno
2200 2516 2440 2573 Sabbato
2498 2530 2591 2574 aut
2648 2520 2736 2574 die
2793 2520 3079 2577 Dominico
3125 2539 3235 2578 non
3284 2526 3540 2596 jejunare

1966 2610 2339 2674 mandantem,
2375 2612 2659 2666 transilire
2688 2631 2701 2668 :
2767 2615 3032 2679 decrevit.
3067 2627 3120 2671 ct
3152 2618 3205 2671 in
3260 2617 3539 2674 Romam-

1965 2714 2085 2752 rum
2151 2699 2395 2755 Ecclesia
2429 2703 2578 2756 illum
2644 2706 3009 2774 apostolorum
3063 2722 3328 2766 canonem
3380 2711 3541 2767 ﬁrme

1965 2791 2464 2863 inviolabiliterquc
2493 2795 2897 2857 observandum
2936 2813 3081 2855 esse.

2549 2908 2777 2964 CANON
2817 2908 2952 2964 LVI.

306 3056 326 3089 ‹
378 3035 652 3093 Ὡσαύτως
680 3033 1080 3104 μεμαθήκαμεν
1100 3031 1155 3084 ἐν
1187 3049 1245 3084 τε
1268 3033 1333 3101 τῇ
1378 3030 1682 3101 ’Λρμενιων
1712 3031 1867 3105 χώρᾳ

1983 3040 1995 3075 ι
2042 3022 2309 3080 Similiter
2344 3026 2656 3096 accepimus
2687 3035 2740 3080 et
2785 3027 2839 3080 in
2896 3027 3283 3083 Armeniorum
3314 3032 3538 3102 regione

380 3148 399 3180 ι
432 3131 525 3181 καὶ
550 3130 605 3179 ὲν
639 3127 844 3194 ἑτέροις
878 3125 1084 3187 τόποις,
1120 3125 1176 3175 ἐν
1233 3126 1343 3183 τοῖς
1374 3124 1617 3177 Σάϐϐασι
1669 3124 1762 3177 καὶ
1810 3127 1868 3178 ὲν

369 3239 388 3271 ι
427 3223 548 3278 ταῖς
589 3218 897 3288 Κυριακαῖς
928 3219 1027 3286 τῆς
1070 3214 1229 3279 ἁγίας
1283 3214 1745 3283 Τεσσαρακοστῆς
1787 3213 1870 3267 tbi

320 3358 321 3369 η
376 3332 394 3363 ι
436 3313 529 3365 καὶ
583 3309 779 3379 τυρὸν,
819 3307 1021 3361 ἐσθίειν
1076 3306 1265 3368 τινάς⁸
1333 3304 1479 3370 ἔδοξε
1538 3305 1717 3358 τοίνυν
1775 3305 1869 3358 καὶ

380 3424 399 3457 t
438 3402 782 3462 τοῦτο.ὦστε
831 3400 928 3470 τὴν
979 3398 1122 3451 κατὰ
1169 3399 1348 3451 πᾶσαν
1408 3398 1506 3467 τὴν
1545 3397 1868 3465 οἰκουμένην

374 3496 516 3549 «τοῦ
576 3494 710 3547 Θεοῦ
779 3489 1147 3558 Ἐκκλησίαν,
1214 3492 1311 3559 μιᾷ
1363 3487 1868 3542 κατακολουθοῦσαν

379 3609 397 3641 ‹
432 3589 604 3652 τάξει.
630 3587 729 3656 τὴν
750 3584 1004 3653 νηστείαν
1048 3583 1338 3643 ἐπιτελεῖν,
1394 3582 1497 3639 ,καὶ
1544 3580 1866 3652 ἀπέχεσθαι,

378 3701 396 3734 ι
433 3682 619 3749 ὥσπερ
647 3676 809 3730 θυτοῦ
849 3677 1067 3737 παντὸς,
1097 3674 1237 3727 οὕτω
1272 3672 1336 3743 δὴ
1383 3672 1488 3725 ὠοῦ
1523 3673 1619 3725 καὶ
1678 3672 1867 3742 τυροῦ,

384 3793 402 3825 ι
447 3772 481 3825 ἂ
510 3770 720 3840 καρπός
751 3769 857 3820 είσι
897 3769 991 3820 καὶ
1032 3767 1351 3836 γεννήματα
1400 3759 1475 3817 ὧν
1524 3764 1866 3834 ἀπεχόμεθα.

381 3885 399 3918 ι
441 3866 505 3918 Ei
528 3866 583 3918 δὲ
620 3865 692 3933 μὴ
713 3862 871 3915 τοῦτο
894 3858 1388 3928 παραφυλάττοιεν,
1414 3859 1463 3910 εί
1488 3858 1585 3925 μὲν
1615 3858 1871 3927 κληρικοὶ

377 3978 396 4010 ι
434 3955 565 4021 εἷεν,
596 3953 1072 4026 καθαιρείσθωσαν
1100 3969 1115 3983 ο
1157 3951 1207 4002 εἰ
1253 3950 1308 4002 δὲ
1332 3950 1545 4019 ίλαῖκοὶ,
1618 3949 1873 4019 ἀφοριζέ-

379 4071 398 4103 ι
440 4051 672 4102 σθωταν.
717 4066 735 4098 ι

376 4163 570 4215 ΒΑΛΣ.
614 4161 703 4213 Ἐν
733 4159 810 4229 τῷ
838 4157 1161 4227 προλαϐόντι
1219 4154 1405 4208 κανόνι
1451 4154 1871 4224 νενομοθέτηται

309 4256 382 4324 μὴ
411 4253 697 4322 νηστεύειν
731 4254 786 4304 ἐν
817 4253 928 4311 τοῖς
952 4249 1253 4309 Σαὸϐάτοις
1293 4247 1386 4299 καὶ
1413 4249 1530 4307 ταῖς
1559 4248 1869 4315 Κυριακαῖς

2047 3133 2066 3167 ι
2099 3124 2152 3170 et
2183 3116 2235 3169 in
2269 3117 2391 3170 aliis
2423 3115 2583 3182 locis,
2618 3116 2671 3170 in
2700 3112 2961 3172 'Sabbatis
2991 3128 3044 3172 et
3077 3118 3378 3179 Dominicis
3410 3140 3541 3179 san-

2047 3226 2065 3260 ι
2100 3218 2198 3262 ctae
2228 3207 2689 3278 Quadragesimze,
2739 3211 3003 3278 quosdam
3058 3226 3156 3266 ova
3213 3225 3265 3268 et
3315 3229 3534 3271 caseum
3586 3221 3598 3241 ‘

2045 3317 2063 3351 ι
2093 3299 2395 3353 comedere.
2438 3297 2619 3352 Visum
2654 3309 2733 3353 est
2765 3314 2896 3367 ergo
2927 3309 2982 3355 et
3018 3301 3142 3367 hoc,
3199 3312 3257 3358 ut
3289 3314 3396 3359 toxa
3443 3305 3536 3361 Dei

2046 3410 2064 3444 ι
2098 3392 2365 3453 Ecclesia.
2402 3407 2522 3462 qua:
2561 3400 2644 3446 est
2675 3392 2729 3445 in
2777 3391 3031 3447 universo
3064 3403 3334 3449 terrarum
3382 3400 3534 3465 orbe,

2045 3504 2066 3537 ι
2098 3501 2264 3538 unum
2299 3484 2544 3539 ordinem
2593 3500 2851 3552 sequens,
2878 3485 3151 3554 jejunium
3186 3488 3452 3557 perficiat,
3482 3500 3539 3545 et

2050 3596 2069 3629 ι
2101 3577 2398 3641 abstineat,
2438 3577 2581 3631 sicut
2610 3576 2677 3630 ab
2712 3576 2858 3630 omni
2891 3579 3184 3644 mactabili,
3214 3581 3291 3634 sic
3329 3582 3393 3635 ab
3423 3584 3539 3636 ovis

2048 3688 2067 3723 ‹
2101 3680 2154 3726 et
2204 3685 2385 3735 caseo,
2438 3685 2560 3740 quae
2611 3670 2827 3737 quidem
2887 3679 3017 3725 sunt
3054 3671 3263 3728 fructus
3294 3684 3346 3729 et
3376 3676 3541 3731 fretus
3588 3724 3589 3727 η

2047 3782 2066 3816 ι
2094 3779 2282 3819 eorum
2316 3778 2345 3822 a
2376 3764 2576 3833 quibus
2603 3764 2957 3819 abstinemus.
2996 3764 3052 3817 Si
3088 3779 3265 3821 autem
3300 3768 3401 3823 hoc
3430 3786 3539 3824 non

2046 3875 2064 3908 ι
2097 3855 2457 3918 servaverint,
2512 3854 2555 3908 si
2592 3855 2701 3909 sint
2737 3856 2958 3923 quidem
3012 3858 3221 3925 clerici,
3254 3860 3541 3931 deponar-

2048 3966 2068 4000 ι
2105 3958 2235 4002 tur:
2274 3948 2556 4017 sinautem
2591 3947 2735 4015 laici,
2765 3958 3142 4019 segregentur.
3180 3970 3201 4004 ι

1970 4147 2024 4215 ζεῖ
2043 4144 2238 4200 BALS.
2296 4144 2355 4198 In
2390 4142 2716 4213 praacedenti
2752 4143 2975 4211 quidem
3028 4160 3238 4200 canone
3268 4156 3535 4206 statutum

1971 4249 2076 4302 est,
2111 4240 2165 4293 in
2197 4236 2455 4291 Sabbatis
2482 4246 2537 4290 et
2567 4235 2867 4289 Dominicis
2922 4246 3127 4290 sanctae
3166 4239 3535 4311 Quadragesi-

305 4348 399 4415 τῆς
425 4345 583 4410 ἁγίας
604 4341 1081 4411 Τεσσαρακοστῆς.
1127 4336 1405 4406 Ἀρμένιοι
1440 4336 1533 4389 οῦν
1571 4337 1665 4388 καί
1719 4353 1867 4398 τινες

1983 4348 2074 4386 mae
2126 4347 2231 4385 non
2259 4345 2380 4384 esse
2405 4328 2783 4396 jejunandum.
2816 4329 3058 4382 Armenii
3096 4330 3278 4399 itaque
3306 4342 3361 4387 et
3414 4336 3537 4403 qui-

305 4438 595 4508 ὀρθόδοξοι,
625 4434 698 4497 ὡς
726 4420 890 4492 ἔοικε,
921 4429 1423 4499 πλανηθέντεςάπδ
1471 4426 1565 4479 τοῦ
1626 4427 1867 4479 τοιούτου

310 4530 553 4591 κανόνος,
586 4528 848 4580 κατέλυον
874 4528 931 4578 ἐν
965 4527 1079 4586 τοῖς
1128 4523 1338 4593 ῥηθεῖσι
1394 4521 1717 4586 Σαϐϐάτοις,
1778 4523 1870 4573 καὶ

303 4622 486 4692 ἢσθιον
517 4621 599 4673 tbi
625 4621 720 4672 καὶ
750 4618 933 4686 τυρὸν,
962 4617 1037 4679 ὡς
1084 4615 1246 4681 δῆθεν
1303 4614 1377 4681 μὴ
1423 4612 1720 4681 μετέχοντα
1781 4612 1872 4664 αἵ-

307 4729 497 4781 ματος,
533 4710 652 4763 ἀλλ’
683 4710 898 4762 ἐοικότα
929 4708 1164 4776 καρποῖς
1198 4705 1508 4781 ὀπωρινοῖς.
1557 4701 1727 4755 Τοῦτο
1773 4701 1868 4756 οὖν

306 4777 664 4872 διορθουμένη
700 4801 734 4869 ἡ
770 4799 1014 4861 σύνοδος,
1041 4795 1338 4868 διορίζεται
1365 4777 1464 4864 μιᾷ
1491 4793 1642 4858 τάξει
1702 4786 1873 4845 καταξ-

306 4890 583 4944 κολουθεῐν
612 4890 710 4952 τὰς
748 4889 876 4952 ὅλας
890 4886 1217 4956 Ἐκκλησίας
1246 4884 1341 4938 τοῦ
1372 4885 1528 4949 Θεοῦ,
1550 4885 1649 4961 καὶΔ
1666 4884 1874 4947 πάντας

307 4984 613 5055 ἀπέχεσθαι
675 4982 837 5036 θυτοῦ
901 4982 1182 5044 παντοίου,
1233 4980 1315 5031 ὅτι
1366 4979 1557 5032 καὶτὰ
1599 4977 1680 5029 ὠά
1706 4977 1798 5029 καὶ
1824 4975 1875 5029 οἱ

305 5079 463 5148 τυροὶ
487 5077 592 5130 κᾶν
621 5076 826 5146 καρποὶ
876 5074 1225 5142 λογίζωνται,
1257 5071 1371 5125 ἀλλ’
1402 5069 1527 5123 ἐπεὶ
1563 5070 1631 5122 τὰ
1688 5068 1748 5132 ἐξ
1799 5061 1875 5121 ὧν

308 5171 481 5223 ταῦτα
507 5168 822 5237 γεγόνασιν,
848 5167 950 5219 οὐκ
976 5165 1250 5233 ἐσθίομεν,
1277 5163 1399 5215 οὐδὲ
1426 5163 1507 5223 είς
1539 5161 1678 5214 αὐτὰ
1707 5177 1875 5212 κατα-

309 5260 459 5314 λύειν
482 5261 792 5329 όφείλομεν.
823 5257 961 5320 Τοὺς
1009 5257 1193 5326 μέντοι
1249 5256 1325 5326 μὴ
1389 5255 1755 5323 φυλάττοντας
1807 5252 1876 5304 τὰ

309 5351 739 5420 διατεταγμένα,
769 5350 1061 5419 κληρικους
1110 5349 1210 5419 μὲν
1260 5348 1438 5410 ὄντας,
1493 5344 1875 5414 καθαιρεῖσθαι

312 5441 747 5513 παρακελεύεται
776 5442 805 5491 ό
834 5439 1044 5493 κανὼνσ
1101 5438 1324 5498 λαῖκοὺς
1376 5438 1455 5500 δὲ,
1485 5435 1870 5506 ἀφορίζεσθαι.

314 5532 419 5583 Καὶ
446 5531 667 5591 πάντως
698 5529 789 5597 τῷ
807 5528 957 5599 αὑτῷ
990 5529 1249 5598 ἐπιτιμίῳ
1307 5527 1623 5589 ὑπόκεινται
1682 5524 1773 5578 καὶ
1825 5524 1874 5576 οξ

310 5625 399 5676 διὰ
428 5621 595 5693 τυροῦ
627 5623 725 5675 καὶ
752 5620 862 5674 ὠοῦ
889 5622 1250 5684 καταλύοντες
1285 5622 1364 5683 είς
1393 5620 1490 5683 τὰς
1514 5619 1641 5680 ὅλας
1663 5618 1871 5688 Τετρά-

312 5714 408 5779 δας
439 5718 533 5768 καὶ
566 5715 924 5784 Παρασκευάς
953 5730 968 5745 ’
995 5715 1076 5767 ὅτι
1100 5713 1519 5783 νενομοθέτηται
1551 5709 1691 5763 κατὰ
1738 5709 1871 5761 ταύ-

1972 4422 2120 4489 dam,
2172 4431 2232 4475 ut
2269 4428 2350 4474 est
2397 4417 2715 4480 verisimile,
2766 4416 3058 4471 orthodoxi
3096 4434 3158 4473 ex
3199 4422 3301 4475 hoc
3330 4438 3539 4478 canone

1972 4521 2245 4576 errantes,
2304 4512 2357 4579 in
2410 4509 2573 4564 dictis
2628 4507 2882 4563 Sabbatis
2942 4510 3297 4565 comedebant
3336 4529 3437 4568 ova
3485 4524 3539 4569 et

1972 4621 2214 4669 caseum,
2264 4611 2321 4656 ut
2367 4617 2487 4671 qua:
2515 4610 2702 4656 essent
2736 4600 3021 4671 sanguinis
3059 4603 3299 4670 expertia
3336 4612 3389 4657 et
3437 4620 3538 4658 au-

1972 4699 2146 4752 tumni
2202 4695 2472 4763 fructibus
2545 4694 2769 4748 similia.
2828 4692 2943 4748 Hoc
3000 4694 3182 4762 itaque
3257 4697 3539 4767 corrigens

1972 4790 2160 4845 delinit
2185 4789 2451 4859 synodus,
2486 4801 2678 4840 omnes
2715 4784 2805 4839 Dei
2837 4785 3111 4841 Ecclesias
3145 4787 3344 4843 debere
3367 4805 3535 4844 unum

1972 4883 2215 4937 ordinem
2255 4880 2433 4948 sequi,
2470 4886 2523 4933 et
2558 4877 2832 4931 abstinuere
2882 4893 3070 4933 omnes
3128 4878 3193 4933 ab
3244 4880 3390 4934 omni
3425 4898 3539 4937 ma-

1974 4974 2181 5033 ctabili.
2212 4971 2467 5039 quoniam
2518 4978 2573 5023 et
2618 4984 2716 5022 ova
2750 4978 2803 5023 et
2839 4970 3012 5035 casei,
3066 4970 3278 5026 etiamsi
3327 4972 3537 5028 fructus

1974 5072 2315 5133 reputentur,
2367 5061 2491 5129 quia
2546 5068 2726 5113 tamen
2770 5075 2858 5124 ea,
2914 5077 2979 5114 ex
3024 5062 3223 5130 quibus
3278 5063 3367 5117 illa
3411 5080 3539 5132 pro-

1974 5163 2283 5216 cesserunt,
2350 5168 2455 5204 non
2486 5152 2861 5215 comedimus,
2910 5167 2977 5205 ne
3031 5153 3111 5207 eis
3156 5152 3374 5222 quidem
3406 5156 3541 5224 ipsis

1975 5248 2123 5303 vesci
2153 5261 2215 5299 ac
2241 5244 2510 5313 jejunium
2541 5245 2755 5298 solvere
2812 5244 3096 5299 debemus.
3154 5246 3231 5298 Ac
3285 5260 3382 5311 eos
3417 5250 3541 5316 qui-

1975 5336 2119 5397 dem,
2151 5332 2242 5400 qui
2280 5331 2392 5384 haec
2427 5330 2646 5384 decreta
2676 5346 2783 5385 non
2817 5342 3060 5397 servant,
3096 5333 3141 5387 si
3172 5335 3283 5388 sint
3315 5336 3536 5404 quidem

1976 5427 2184 5486 clerici.
2216 5423 2417 5494 deponi
2446 5423 2601 5490 jubet
2634 5438 2837 5489 canon,
2872 5424 3040 5478 laicos
3082 5440 3213 5479 vero
3242 5429 3535 5497 segregari.

1975 5522 2052 5574 Ac
2077 5519 2252 5571 eidem
2288 5516 2505 5585 quidem
2564 5514 2787 5568 omnino
2839 5529 3012 5585 plenae
3058 5516 3423 5585 subjiciuntur
3482 5526 3538 5569 et

1978 5612 2070 5682 qui
2102 5626 2194 5679 per
2227 5623 2450 5662 caseum
2479 5613 2535 5661 et
2584 5621 2745 5660 ovum
2798 5607 3061 5676 jejunium
3116 5610 3334 5663 solvunt
3383 5610 3533 5663 omni

1981 5712 2174 5776 quarta
2207 5708 2260 5757 ct
2309 5708 2462 5755 sexta
2525 5698 2684 5765 feria,
2738 5715 2834 5756 seu
2890 5699 3221 5764 l’arasceve;
3274 5696 3533 5770 queniam
