3984 6474
452 375 562 446 7l5

1727 373 1984 436 THEOD
2045 375 2127 431 BA
2139 375 2274 432 LSA
2286 373 2351 428 lli
2372 372 2436 429 DN

3573 387 3664 452 726

452 489 844 554 interdictum;
883 488 1090 560 quique
1119 487 1174 542 id
1204 503 1372 543 ausus
1402 487 1586 550 fuerit,
1621 485 1895 540 initiatum
1928 485 2022 538 de-

2129 484 2260 551 Εντι,
2291 483 2382 537 καὶ
2412 484 2502 538 τὸν
2529 483 2686 538 τοῦτο
2707 486 3054 558 τολμήσαντα
3088 491 3380 562 ἱερωμένον
3407 495 3506 551 καθ
3549 507 3660 571 ipsi,

448 585 602 654 poni,
635 582 804 637 laicos
833 594 962 635 vero
991 581 1366 652 Segregatione
1420 573 1593 633 teneri
1629 578 1832 648 placet.
1869 575 2020 629 Duo-

451 673 695 728 decimus
729 683 856 726 vero
883 685 1058 726 canon
1097 672 1284 742 primm
1333 680 1387 726 et
1421 669 1680 724 secundae
1729 668 1782 722 in
1818 667 2020 736 templo

451 759 780 816 Sanctorum
836 758 1221 830 Apostolorum
1276 760 1477 815 habita:
1521 755 1738 831 synodi,
1791 772 1820 810 a
1875 757 2020 809 clero

451 853 744 924 sepositos,
794 853 896 907 hoc
941 864 1042 916 est,
1091 854 1336 924 episcopi
1393 854 1718 908 auctoritate
1763 860 1828 902 ex
1869 849 2019 903 omni

450 948 600 1002 clero
629 946 727 1000 loci
765 945 932 1008 illius,
966 945 1058 1014 qui
1091 945 1144 998 in
1195 945 1409 1014 privata
1464 947 1577 998 aede
1631 956 1784 998 sacra
1820 939 2018 994 facturi

449 1047 603 1106 sunt,
633 1043 791 1107 eique
823 1036 1035 1090 muneri
1073 1038 1372 1105 separatim
1405 1036 1650 1090 addictos
1683 1051 1806 1092 esse
1859 1047 2021 1105 opm"

449 1125 569 1186 tere
624 1131 890 1186 decernit.
931 1127 1068 1183 illud
1101 1143 1233 1198 ergo
1289 1145 1352 1182 ex
1393 1137 1628 1197 utroque
1664 1129 1766 1182 hoc
1813 1141 2021 1184 canone

451 1209 704 1285 edicitur,
739 1233 795 1276 ut
823 1222 878 1276 in
917 1223 1007 1274 tali
1033 1221 1278 1276 oratorio
1313 1235 1468 1274 saera
1506 1235 1786 1288 peragere,
1845 1219 2022 1287 bapti-

451 1333 742 1388 smumque
790 1317 1124 1378 ministrare,
1197 1329 1295 1368 nec
1342 1315 1566 1367 omnino
1622 1314 1871 1376 vetitum,
1922 1324 2021 1364 nec

451 1411 706 1464 omnibus
760 1409 1086 1479 permissum
1135 1422 1257 1462 esse
1309 1403 1720 1472 intelligamus:
1795 1405 1888 1460 sed
1927 1403 2019 1472 qui

451 1501 724 1570 ejusmodi
756 1513 909 1554 sacra
960 1498 1263 1551 ministeria
1299 1498 1550 1566 privatim
1605 1495 1807 1548 obituri
1869 1503 2018 1557 sunt,

453 1609 549 1648 eos
582 1593 845 1652 delectos,
881 1601 934 1643 et
963 1592 1100 1644 bene
1129 1589 1377 1657 cognitos
1426 1603 1546 1641 esse
1593 1588 1784 1640 Patres
1834 1589 2024 1640 volue-

453 1697 576 1739 runt
603 1725 616 1747 ,
651 1697 751 1737 nec
784 1682 946 1735 alium
983 1693 1243 1751 prteterea
1293 1679 1362 1732 ad
1393 1679 1480 1732 illa
1538 1693 1868 1747 quemquam
1921 1679 2022 1730 ad-

449 1777 748 1838 mitti,‘nec
779 1775 1045 1840 cujusque
1093 1770 1402 1827 sacerdotis
1458 1769 1722 1823 voluntati
1759 1769 1860 1822 hoc
1891 1785 2021 1822 con-

2124 577 2343 638 λαῖκοὺς
2389 577 2446 629 δὲ
2498 579 2766 648 ἀφορίζει.
2837 581 2898 632 '0
2950 580 3007 634 δὲ
3042 583 3344 647 δωδέκατος
3392 589 3560 643 κανὼν
3579 593 3665 659 τῆς

2126 667 2342 740 πρώτης
2395 671 2484 722 καὶ
2515 671 2773 740 δευτέρας
2806 674 3022 726 συνόδου
3055 675 3154 744 τῆς
3193 678 3248 728 ἐν
3275 677 3355 746 τῷ
3412 681 3522 752 ναῷ
3569 684 3667 736 τῶν

2133 757 2333 828 Ἀγίων
2387 761 2726 814 Ἀποστόλων
2791 766 3066 835 συστάσης
3128 769 3672 842 ἀποκεκληρωμινους

2125 845 2262 902 εἶναι
2292 850 2538 920 βούλεται
2562 854 2685 914 τοὺς
2709 854 2764 904 ἐν
2787 853 3060 927 εύκτηρίῳ
3084 857 3525 932 λειτουργοῦντας
3540 863 3672 917 ἔνδον

2122 939 2300 1001 οἱκίας
2331 940 2466 1002 ὄντι,
2498 943 2618 993 ἀντὶ
2649 943 2742 994 τοῦ
2791 941 3134 1013 ὡρισμένους
3179 951 3671 1021 ἐκκεχωρημένους

2124 1033 2274 1100 παρὰ
2308 1031 2400 1083 τοῦ
2437 1033 2574 1085 κατά
2605 1035 2767 1086 τόπον
2794 1035 3119 1088 ἐπισκόπου.
3158 1035 3331 1090 τοῦτο
3365 1036 3456 1093 οὖν
3489 1043 3544 1108 ἐξ
3573 1045 3677 1111 ἁμα

2125 1123 2245 1189 φοῖν
2271 1122 2378 1172 τῶν
2406 1124 2648 1174 κανόνων
2678 1125 2881 1177 τούτων
2916 1128 3417 1198 καταλαμϐάνεται,
3451 1133 3530 1185 ὅτι
3561 1135 3674 1188 οὔτε

2123 1213 2302 1283 πάντη
2339 1217 2729 1268 κεκώλυταιτὸ
2765 1216 3072 1286 ἱερουργεῖν
3140 1223 3198 1273 ἐν
3249 1223 3525 1296 εύκτηρίῳ
3571 1244 3674 1278 τοι-

2123 1303 2263 1370 ούτῳ
2296 1308 2388 1357 καὶ
2422 1307 2728 1375 βαπτίζειν,
2767 1307 2890 1360 οὔτε
2929 1312 3092 1364 παντὶ
3119 1313 3510 1384 ἐπετέτραπτο,
3554 1318 3678 1371 ἀλλά

2121 1396 2461 1464 ὡρισμένους
2499 1402 2591 1449 καὶ
2613 1401 2990 1468 ἐγνωσμένους
3024 1402 3215 1472 ἤθελον
3249 1407 3298 1456 οἱ
3333 1407 3572 1475 Πατέρες
3596 1403 3671 1460 εἶ-

2123 1503 2212 1538 ναι
2241 1488 2366 1549 τοὺς
2391 1489 2682 1557 μέλλοντας
2737 1493 2797 1542 ἐν
2860 1493 3169 1564 εὐκτηρίοις
3219 1497 3540 1566 ἱερουργεῖν,
3593 1499 3680 1550 καὶ

2123 1576 2253 1646 παρ’
2283 1580 2524 1640 ἐκείνους
2560 1583 2728 1650 ἑτέρῳ
2767 1581 2844 1652 μὴ
2873 1582 3073 1646 ἐξεῖναι
3105 1583 3261 1636 τοῦτο
3300 1593 3496 1651 ποιεῖν,
3546 1588 3678 1658 μηδὲ

2121 1669 2198 1739 τῷ
2228 1671 2460 1723 ἑκάστου
2497 1671 2688 1738 ἱερέως
2733 1673 3036 1743 βουλήματι
3062 1673 3220 1727 τοῦτο
3273 1676 3463 1730 ἄνετον
3508 1677 3679 1733 εἷναι·

2124 1764 2274 1831 παρὰ
2314 1762 2404 1813 τοῦ
2438 1765 2740 1817 ἐπισκόπου
2791 1766 2847 1818 δέ
2876 1767 2976 1835 τῆς
3027 1767 3209 1836 χώρας
3253 1768 3548 1838 λαμϐάνειν
3590 1773 3685 1844 τὴν

450 1881 670 1921 cessum
708 1880 864 1930 esse;
928 1864 1023 1918 sed
1084 1879 1146 1917 ex
1180 1863 1416 1932 regionis
1481 1861 1742 1931 epiScopo
1803 1860 2017 1912 veniam

2129 1851 2450 1924 ἐκχώρησιν.
2488 1856 2623 1917 Τοὺς
2647 1856 2704 1908 δὲ
2724 1855 2783 1921 ἐξ
2808 1859 3016 1920 οἰκείας
3046 1861 3221 1930 ὁρμῆς
3269 1863 3427 1914 τοῦτο
3478 1864 3683 1916 ποιοῦν-

449 1935 762 2028 ἱιιιρυίι·ίιι·ἱ.’
790 1955 1114 2025 Quicunque
1145 1970 1274 2009 vero
1305 1969 1425 2010 sese
1469 1967 1577 2006 non
1630 1953 1809 2006 vocati
1864 1951 2016 2020 operi

449 2049 813 2113 acciuxerint,
841 2049 1061 2118 deponi,
1091 2047 1301 2118 quique
1351 2048 1433 2100 eis
1469 2044 2015 2113 communicaverint,

449 2142 724 2212 segregari
761 2141 938 2210 jubet.
997 2139 1183 2194 Primo
1232 2153 1454 2208 quoque
1501 2147 1554 2193 et
1605 2138 1884 2192 tricesimo
1923 2151 2018 2190 ca-

451 2249 594 2289 none
629 2235 818 2288 eadcm
854 2233 969 2287 haec
997 2241 1148 2286 sexta
1177 2230 1423 2302 synodus
1451 2234 1505 2284 in
1531 2231 1805 2299 ejusmodi
1841 2238 2022 2284 orato-

452 2329 531 2380 rio
585 2340 743 2380 sacra
789 2325 1044 2394 mysteria
1123 2337 1383 2392 peragere
1433 2330 1487 2374 ct
1547 2322 1846 2391 baptizare,
1912 2320 2018 2375 nisi

451 2421 708 2489 episcopo
741 2417 1036 2482 annuente,
1071 2424 1240 2468 vetat.

455 2507 683 2564 ARIST.
713 2527 728 2558 ι
757 2509 812 2562 In
831 2510 1038 2562 {edibus
1069 2507 1490 2562 oratoriisintra
1513 2508 1730 2560 domum
1753 2506 2021 2560 constitu-

527 2619 544 2652 ι
577 2604 646 2656 tis
687 2600 1017 2669 baptismum
1071 2614 1176 2652 non
1209 2598 1594 2652 celebrabunt.
1637 2597 1738 2663 Qui
1784 2597 1889 2650 hoc
1921 2612 2014 2649 au-

529 2712 546 2742 ι
577 2704 682 2746 tem
718 2707 823 2745 non
849 2691 1130 2754 observat,
1171 2689 1406 2744 clericus
1436 2688 1655 2757 quidem
1685 2688 1975 2756 deponitur
2003 2704 2016 2739 :

529 2805 547 2836 ‹
575 2777 749 2839 laicus
785 2792 965 2838 autem
996 2790 1329 2852 segregatur.
1363 2799 1382 2834 ι

525 2877 584 2930 In
619 2875 860 2928 oratorio
891 2875 1032 2942 quod
1065 2879 1152 2927 est
1180 2873 1320 2924 intra
1353 2873 1574 2925 domum
1613 2885 1768 2925 sacra
1817 2870 2018 2934 facere,

449 2963 523 3022 ita
575 2967 790 3020 volente
839 2963 1077 3034 regionis
1146 2964 1302 3017 istius
1356 2967 1636 3032 episcopo,
1711 2962 2021 3016 tricesimus

451 3061 661 3129 primus
694 3057 885 3128 synodi
925 3057 1208 3126 praesentis
1243 3070 1421 3110 canon
1460 3055 1841 3125 praescripsit:
1893 3055 2023 3110 licet

453 3150 942 3221 quinquagesimus
972 3159 1200 3202 octavus
1233 3150 1425 3218 synodi
1455 3147 1811 3202 Laodicensis
1842 3160 2020 3199 canon

453 3245 588 3297 illud
614 3245 682 3296 ab
713 3243 988 3312 episcopis
1035 3250 1131 3296 aut
1168 3242 1505 3311 presbyteris
1571 3239 1706 3293 ﬁeri.
1729 3237 2024 3309 prohibuit.

452 3336 786 3405 Baptismum
851 3345 1033 3389 autem
1080 3334 1351 3389 celebrari
1405 3334 1459 3386 in
1499 3331 1770 3402 ejusmodi
1816 3329 2029 3384 uadibus

452 3429 716 3482 oratoriis
775 3441 1017 3496 praesens
1079 3441 1256 3480 canon
1305 3435 1476 3486 vetat,
1529 3425 1862 3493 mandatque
1908 3437 2027 3484 eos,

453 3521 546 3590 qui
590 3521 773 3574 divina
809 3520 1211 3572 illuminatione
1249 3518 1595 3571 habebuntur
1621 3517 1794 3587 digni,
1843 3518 2031 3569 catho-

451 3613 586 3667 beas
629 3613 779 3667 adire
826 3611 1112 3676 ecclesias,
1155 3622 1209 3665 et
1251 3611 1306 3664 in
1345 3611 1416 3666 iis
1457 3618 1603 3664 dono
1636 3612 1746 3664 isto
1796 3607 2026 3679 perfrui.

459 3704 558 3758 Sin
595 3705 802 3768 minus,
860 3718 1006 3768 eum,
1044 3703 1140 3771 qui
1187 3703 1406 3756 decreta
1445 3702 1560 3754 lucc
1602 3699 2029 3770 transgreditur,

459 3797 502 3849 si
542 3794 761 3866 quidem
799 3795 1032 3849 clericus
1056 3795 1148 3860 sit,
1186 3795 1424 3862 deponi:
1466 3793 1512 3847 si
1547 3809 1678 3848 vero
1705 3792 1901 3858 laicus,
1944 3807 2030 3846 se-

461 3884 704 3955 gregari.

1045 4056 1279 4114 CANO‘N
1333 4059 1445 4114 LX.

467 4171 486 4203 ι
523 4153 657 4208 Cum
711 4152 908 4208 clamet
974 4151 1291 4222 Apostolus,
1335 4152 1480 4223 quod
1543 4169 1563 4202 ι
1637 4151 1729 4220 qui
1805 4145 2032 4205 Domino

469 4241 474 4244 ’
539 4264 558 4297 ι
591 4245 850 4309 adhaeret,
874 4261 1017 4299 unus
1033 4253 1117 4299 est
1133 4244 1362 4314 Spiritus
1383 4244 1450 4306 ’°,
1477 4262 1496 4294 ι
1527 4245 1735 4297 clarum
1760 4252 1863 4309 est,
1887 4243 2033 4312 quod

542 4356 561 4389 ι
595 4340 686 4406 qui
721 4337 882 4392 etiam
910 4350 1034 4388 cum
1067 4336 1348 4390 contrario
1379 4336 1482 4390 init
1512 4335 1936 4389 familiaritatem
1969 4349 2033 4388 ac

542 4449 562 4482 ι
592 4430 1074 4492 consuetudinem,
1121 4445 1243 4484 eum
1296 4429 1390 4484 illo
1425 4430 1819 4497 conjunctione
1863 4443 2031 4481 unum

542 4541 558 4572 ι
592 4521 673 4576 Πι.
726 4521 832 4576 Eos
869 4536 996 4592 ergo
1028 4523 1119 4589 qui
1170 4536 1229 4575 se
1279 4522 1524 4588 dauupne
1567 4530 1859 4590 correptos
1905 4535 2031 4575 esse

2054 3204 2100 3265 C

2060 4547 2113 4606 D

542 4635 561 4666 ι
592 4613 935 4677 simulant,et
978 4625 1189 4666 morum
1223 4612 1568 4681 improbitate
1590 4627 1780 4667 eorum
1805 4611 2062 4681 ﬁguram,

544 4724 562 4756 ι
595 4715 650 4759 et
684 4704 932 4759 habitum
971 4705 1224 4760 simulate
1253 4721 1361 4774 prae
1396 4720 1455 4759 se
1498 4705 1700 4770 ferunt,
1740 4706 1914 4759 visum
1947 4712 2032 4758 est

543 4812 561 4845 ι
592 4797 742 4848 omni
782 4795 942 4848 modo
973 4795 1178 4863 puniri,
1231 4805 1286 4850 et
1325 4794 1594 4863 ejusmodi
1647 4793 2032 4848 amictionibus

488 4877 491 4882 ’
544 4885 983 4954 claboribusque
1031 4885 1228 4953 subjici
1274 4895 1546 4954 oportere,
1600 4887 1798 4956 quibus
1852 4887 1885 4940 ii
1935 4887 2026 4955 qui

545 4998 563 5029 ι
597 4992 722 5032 vere
755 4992 782 5030 a
810 4979 1056 5032 daemone
1085 4979 1319 5046 correpti
1373 4986 1521 5037 sunt,
1576 4989 1633 5030 ut
1683 4995 1714 5032 a
1764 4979 2030 5032 daemonis

547 5090 564 5121 ι
593 5071 911 5139 operatione
936 5071 1254 5134 liberentur,
1280 5071 1401 5140 jure
1434 5073 1819 5142 subjiciuntur.
1852 5092 1869 5124 ι

544 5159 736 5215 BALS.
794 5159 900 5216 Eos
930 5163 1022 5231 qui
1076 5163 1142 5215 ad
1192 5163 1404 5216 lucrum
1459 5163 1560 5217 sibi
1615 5163 1915 5233 parandum
1975 5179 2034 5218 se

472 5253 718 5307 daemone
763 5263 1045 5322 correptos
1096 5269 1217 5309 esse
1269 5255 1552 5316 simulant,
1608 5266 1662 5310 et
1711 5271 1834 5309 cum
1895 5257 2035 5310 mala

469 5344 727 5398 S‘atanica
782 5347 1122 5399 conscientia
1187 5347 1432 5415 qumdam
1484 5349 1813 5402 daemoniaca
1865 5351 2036 5403 instar

469 5449 650 5494 vatum
687 5425 982 5505 gentilium
1018 5437 1336 5506 praedicant,
1369 5455 1542 5494 canon
1575 5444 1878 5508 puniendos
1912 5458 2034 5498 csse

468 5527 733 5588 decernit,
770 5527 839 5579 iis
871 5525 1109 5594 denique
1139 5527 1586 5585 aﬂiictationibus
1648 5531 2030 5601 laboribusque

453 5616 686 5686 subjici,
717 5616 914 5684 quibus
944 5617 1310 5685 subjiciantur
1345 5630 1398 5675 et
1431 5623 1521 5690 qui
1559 5638 1684 5676 vero
1713 5624 2027 5678 d:c:uouiaci

500 5794 550 5828 ’⁸
575 5791 597 5843 ι
619 5793 742 5848 Cor.
766 5808 842 5857 γι,
884 5792 968 5846 17.

2124 1962 2222 2008 τας
2253 1948 2652 2015 καθαιρεῖσθαι,
2696 1953 2938 2016 καὶτοὺς
3005 1954 3385 2024 μετασχόντας
3422 1955 3520 2022 τῆς
3576 1973 3680 2007 κοι-

2128 2038 2322 2099 νωνίας
2353 2040 2534 2092 αὐτῶν
2567 2043 2961 2112 ἀφορίζεσθαι·
2997 2046 3088 2098 καὶ
3108 2046 3136 2096 ὁ
3165 2045 3489 2115 τριακοστὸς
3539 2047 3678 2116 πρῶ.

2125 2145 2216 2193 τος
2249 2130 2430 2184 κανὼν
2459 2134 2555 2203 τῆς
2581 2135 2746 2205 ἕκτης
2778 2136 2994 2189 συνόδου
3028 2135 3234 2207 ταύτης
3279 2138 3424 2191 κατά
3472 2138 3686 2208 γνώμην
3739 2150 3745 2155 ·

2125 2223 2219 2276 τοῦ
2243 2226 2544 2280 ἐπισκόπου
2582 2229 2884 2300 ἱερουργεῖν
2925 2231 3018 2282 καὶ
3067 2230 3355 2298 βαπτίζειν
3407 2234 3463 2284 ὲν
3490 2234 3683 2301 εὐκτη-

2131 2321 2230 2392 ρίῳ
2284 2319 2513 2390 τοιούτῳ
2544 2321 2678 2391 οἴκῳ
2723 2321 3087 2391 προστάσσει.
3508 2319 3518 2328 ’

2127 2501 2354 2555 ΑΡΙΣΤ.
2418 2519 2438 2553 ‹
2487 2499 2576 2554 Ἐν
2611 2503 2922 2575 εύκτηρίοις
2977 2505 3148 2568 οῐκοις
3204 2505 3358 2560 ἔνδον
3379 2507 3527 2559 οἴκου
3579 2507 3675 2559 οὐκ

2202 2614 2218 2645 ι
2258 2594 2631 2648 ἐπιτελέσουσι
2664 2597 2964 2666 βάπτισμα.
2995 2597 3056 2652 Ὀ
3081 2599 3138 2652 δὲ
3174 2601 3249 2670 μὴ
3284 2599 3690 2670 φυλάξας,κληο

2207 2706 2222 2735 ι
2265 2685 2415 2754 ρικὸς
2474 2686 2596 2754 μὲν,
2664 2689 3053 2758 καθαιρεῖται·
3113 2692 3442 2763 λαῖκὸςιδὲ,
3515 2692 3693 2762 ἀφορί-

2205 2791 2222 2822 ι
2259 2775 2430 2837 ζεται.
2479 2795 2496 2824 ι

2199 2861 2270 2916 Τὸ
2328 2863 2426 2932 μὲν
2489 2867 2547 2917 ἐν
2576 2865 2848 2936 εύκτηρίῳ
2887 2869 3020 2936 οἴκῳ
3068 2869 3215 2922 ἔνδον
3267 2871 3450 2934 οἰκίας
3502 2873 3693 2941 τυγχά-

2129 2969 2272 3004 νοντι
2330 2953 2666 3025 λειτουργεῖν
2719 2959 3104 3030 μεταγνώμης
3159 2959 3252 3012 τοῦ
3320 2961 3463 3014 κατά
3522 2964 3694 3031 χώραν

2129 3045 2428 3099 ἐπισκόπου
2457 3049 2484 3100 6
2512 3051 2830 3117 τριακοστὸς
2883 3052 3100 3121 πρῶτος
3131 3053 3318 3106 κανὼν
3352 3058 3451 3125 τῆς
3493 3057 3689 3126 παρούο

2131 3153 2230 3206 σης
2261 3138 2478 3190 συνόδου
2523 3138 2933 3211 προετρέψατοο
2976 3143 3081 3195 κᾶν
3113 3144 3141 3196 6
3198 3147 3564 3216 πεντηκοστὸς
3604 3144 3691 3217 ὅγ-

2130 3227 2250 3291 δοος
2285 3228 2472 3283 κανὼν
2501 3231 2601 3300 τῆς
2621 3234 2679 3284 ἐν
2714 3233 3008 3306 Λαοδικείᾳ
3040 3237 3260 3290 συνόδου
3288 3239 3446 3292 τοῦτο
3466 3238 3691 3292 ἐκώλυσε

2134 3323 2383 3390 γίνεσθαι
2419 3324 2571 3393 ποιρά
2626 3327 3002 3399 ἐπισκόπωνῆ
3067 3330 3479 3401 πρεσϐυτέρων·
3529 3333 3586 3384 τὸ
3641 3331 3692 3382 δὲ

2131 3415 2414 3487 βάπτισμα
2441 3417 2713 3470 τελεῖσθαι
2741 3419 2797 3469 ὲν
2828 3420 3137 3490 εὐκτηρίοις
3169 3421 3439 3484 τοιούτοις
3486 3425 3646 3486 οῖκοις
3669 3425 3695 3475 6

2130 3507 2322 3578 παρὼν
2350 3507 2682 3579 ἀπαγορεύει
2705 3509 2912 3575 κανὼν,
2943 3512 3036 3564 καὶ
3069 3515 3396 3582 προστάττει
3418 3494 3540 3578 τοὺς
3572 3495 3692 3586 μίέλ-

2129 3600 2321 3664 λοντας
2348 3598 2629 3664 ἀξιοῦσθαι
2657 3599 2752 3654 τοῦ
2811 3603 2956 3656 θείου
2981 3604 3330 3674 φωτίσματος
3372 3612 3491 3671 ταῖς
3541 3608 3694 3661 καθοο

2130 3693 2308 3754 λικαῖς
2343 3691 2662 3761 ἐκκλησίαις
2698 3694 3119 3763 προσέρχεσθαι,
3150 3699 3243 3750 καὶ
3279 3699 3340 3752 ἐν
3369 3699 3558 3763 αὐταῖς
3601 3699 3694 3768 τῆς

2130 3783 2336 3852 δωρεᾶς
2363 3782 2565 3852 ταύτης
2588 3782 2886 3837 ἀπολαύειν
2907 3801 2921 3814 ο
2959 3787 3008 3838 εἱ
3036 3787 3091 3839 δὲ
3141 3787 3240 3858 μὴ,
3272 3790 3368 3842 τὸν
3423 3790 3692 3860 παραϐαί-

2132 3889 2292 3924 νοντα
2321 3872 2389 3923 τά
2418 3873 2722 3941 ὁρισθέντα,
2751 3877 2799 3926 εἰ
2832 3875 2930 3944 μὲν
2953 3876 3234 3947 κληρικὸς,
3296 3882 3693 3953 καθαιρεῖσθαι,

2132 3968 2183 4019 εἰ
2241 3963 2528 4028 δέλαῖκὸς,
2596 3965 2972 4035 ἀφορίζεσθαι.

2759 4059 2997 4112 ΚΑΝΩΝ
3016 4061 3091 4114 Ξ’.

2140 4169 2158 4200 ι
2197 4151 2303 4204 Τοῦ
2319 4151 2376 4206 Ἀ
2386 4154 2638 4206 ποστόλου
2659 4153 2888 4224 βοῶντος
2914 4155 2992 4206 ὅτι
3018 4156 3045 4208 6
3062 4155 3400 4226 κολλώμενος
3420 4157 3494 4228 τῷ
3515 4156 3698 4226 Κυρίῳ

2211 4261 2230 4293 ι
2274 4245 2330 4297 ἐν
2386 4245 2606 4316 πνεῦμά
2651 4250 2789 4311 ἐστι,
2832 4247 3096 4317 πρόδηλον
3131 4247 3206 4310 ὠς
3251 4249 3405 4302 καὶὸ
3438 4249 3514 4318 τῷ
3549 4249 3698 4300 ἐναν-

2213 4362 2231 4384 .
2275 4334 2374 4406 τίορ
2425 4337 2616 4389 ἑαυτὸν
2641 4337 2858 4389 οἱκειῶν
2889 4337 2947 4388 ἒν
2983 4341 3192 4404 γίνεται
3227 4339 3291 4406 τῇ
3353 4339 3493 4409 πρὸς
3547 4338 3701 4391 αὑτὸν

2211 4450 2228 4481 ι
2271 4432 2556 4504 συναφείᾳ.
2590 4433 2728 4493 Τοὺς
2793 4432 2973 4484 τοίνυν
3017 4432 3280 4503 δαιμονᾷν
3343 4433 3700 4504 ὑποκρινομέ-

2216 4542 2234 4574 ι
2276 4542 2417 4590 νους,
2453 4526 2546 4577 καὶ
2580 4525 2799 4596 τρόπων
2843 4524 3137 4595 φαυλότητι
3202 4526 3585 4596 προσποιητῶς
3634 4524 3701 4576 τὰ

2217 4636 2234 4667 ι
2281 4617 2501 4669 ἐκείνων
2538 4616 3069 4686 σχηματιζομένους,
3112 4616 3257 4682 ἔδοξε
3291 4619 3482 4690 τρόπῳ
3527 4620 3698 4670 ἐπιτι-

2217 4727 2235 4760 ι
2273 4708 2476 4778 μᾶσθαι
2502 4711 2688 4773 παντὶ,
2711 4709 2804 4761 καὶ
2828 4708 3101 4772 τοιαύταις
3131 4709 3332 4771 αὐτοὺς
3381 4709 3699 4779 σκληραγω-

2217 4817 2237 4851 ι
2275 4801 2419 4868 γίαις
2460 4802 2552 4852 καὶ
2581 4799 2764 4863 πόνοις
2798 4801 3144 4865 ὑποϐάλλειν,
3171 4797 3250 4864 οἷς
3279 4801 3346 4853 ἂν
3382 4804 3432 4854 οἱ
3489 4799 3696 4870 ἀληθῶς

2218 4911 2236 4943 ι
2279 4892 2645 4962 δαιμονῶντες
2678 4893 2816 4962 πρὸς
2845 4893 3171 4964 ἀπαλλαγὴν
3201 4894 3297 4964 τῆς
3321 4893 3415 4946 τοῦ
3448 4893 3697 4962 δαίμονος

2217 5005 2235 5036 ι
2274 4988 2549 5056 ἐνεργείας
2573 4986 2735 5051 ἀξίως
2769 4985 3170 5041 ὑποϐάλλοιντο.
3219 5006 3237 5038 ι
3499 4981 3506 4990 ’

2208 5163 2402 5235 ΒᾼΛΣ.
2436 5167 2572 5227 Τοὺς
2605 5166 3115 5236 σχηματιζομένους
3138 5169 3401 5239 δαιμονᾷν
3431 5170 3516 5221 διὰ
3544 5183 3699 5238 πορι-

2133 5257 2268 5325 σμὸν
2297 5256 2542 5325 κέρδους,
2585 5261 2680 5308 καὶ
2709 5257 3083 5326 κηρύσσοντας
3109 5262 3246 5328 μετά
3286 5260 3492 5328 φαύλου
3524 5275 3697 5312 συνει-

2132 5349 2284 5410 δότος
2318 5348 2612 5400 σατανικοῧ
2649 5349 2975 5419 δαιμονιώδη
2999 5350 3120 5402 τινα
3148 5351 3290 5404 κατά
3314 5353 3413 5414 τὰς
3438 5353 3544 5404 τῶν
3572 5348 3692 5402 Ἐλ-

2135 5440 2312 5508 λήνων
2372 5439 2733 5508 προφήτιδας,
2789 5442 2817 5492 ὁ
2881 5439 3060 5493 κανὼν
3087 5443 3451 5513 ,ἐπιτιμᾶσθαι
3508 5441 3695 5512 ὁρίζει,

2136 5532 2303 5599 ΙΙγγουν
2333 5529 2716 5600 τιμωρεῖσθαι,
2753 5532 2846 5583 καὶ
2874 5533 3320 5602 σκληραγωγίαις
3353 5536 3448 5586 καὶ
3510 5535 3688 5590 πόνοις

2130 5623 2524 5676 ύποϐἀλλεσθαι
2549 5622 2828 5688 τοιούτοις,
2853 5619 2934 5687 οἷς
2960 5624 3026 5677 ἂν
3055 5627 3104 5678 οἱ
3132 5627 3346 5697 ἀληθῶς
3397 5622 3695 5696 δαιμονῶνο
