3984 6474
379 313 494 378 ’125

1377 315 1461 378 IN
1498 276 1659 379 cAN.
1700 317 1864 375 LXII
1904 312 2114 378 CONC.
2156 315 2237 377 1N
2274 316 2599 377 TRULLO.

3514 324 3619 385 7Ξῖ

367 422 545 493 avom
606 422 929 493 ἐπιλέγηται
987 426 1100 488 τοῖς
1133 422 1416 487 τοιούτοις,
1478 426 1583 479 κᾶν
1645 426 1818 493 ἁγίων
1865 427 1946 493 γί-

2068 424 2322 492 3jusmodi
2357 426 2666 482 actionibus
2698 426 3087 503 admisceatur,
3139 431 3181 485 si
3213 428 3423 488 cmlitcs
3457 438 3618 488 ctiam

367 531 570 567 νωνται
606 514 949 584 ὲπίκλησεις,
986 514 1087 568 κᾶν
1111 516 1171 568 τὸ
1209 518 1439 585 σημεῖον
1472 517 1567 569 τοῦ
1602 517 1747 569 θείου
1778 533 1945 569 σταυ-

371 607 475 677 ροῦ
505 609 804 677 ἑπάγηται,
842 609 1064 678 φεύγειν
1092 609 1174 661 δεῖ
1219 610 1290 662 τὰ
1336 609 1560 662 τοιαῦτα
1591 611 1685 662 καὶ
1718 611 1949 681 ἀποτρέ-

369 704 593 754 πεσθαι.
652 700 745 753 Διὸ
801 702 893 754 καὶ
956 702 1003 753 oi
1037 702 1139 771 τῆς
1176 704 1397 758 συνόδου
1448 703 1649 771 ταύτης
1704 705 1949 772 Πατέρες

366 793 504 853 τοὺς
528 792 769 845 τοιοῦτόν
797 812 848 845 τι
876 792 1164 858 ποιοῦντας
1196 794 1287 847 ἐπὶ
1317 796 1565 860 ἑξαετίαν
1591 795 1949 866 ἀφορίζεσθαι

365 884 698 955 διωρίσαντο
756 883 909 951 (ἀλλὰ
952 886 1044 938 τὸν
1092 887 1406 956 ἀφορισμδν*
1441 888 1533 940 ἐπὶ
1571 886 1778 939 λαῖκῶν
1825 904 1951 956 νοη-

364 978 501 1029 τέον
534 993 548 1008 ο
598 977 647 1029 οἱ
694 978 801 1047 γὰρ
846 978 1132 1050 ἱερωμένοι
1182 979 1695 1049 καθαιρεθήσονται.
1751 981 1838 1032 Ἐν
1868 974 1950 1043 οἷς

369 1070 491 1139 γὰρ
548 1071 884 1139 πταίσμασιν
944 1072 1056 1144 (65)
1121 1075 1170 1127 οί
1229 1073 1408 1126 λαῖκοὶ
1463 1074 1837 1145 ἀφορίζονται,
1894 1078 1950 1128 ἐν

366 1164 589 1227 τούτοις
620 1166 668 1217 oi
706 1164 996 1234 ίερωμένοι
1052 1166 1489 1236 καθαιροῦνται).
1560 1167 1951 1235 Ἐπιμένοντας

364 1254 427 1306 δὲ
469 1254 700 1317 τούτοις,
733 1258 827 1308 καὶ
854 1254 967 1325 τῆς
1002 1257 1329 1327 Ἐκκλησίας
1362 1257 1749 1319 ἐκκόπτεσθαι,
1786 1259 1953 1328 ἤγουν

365 1346 479 1414 τῆς
507 1348 613 1399 τῶν
646 1348 852 1400 πιστῶν
878 1348 1231 1418 ὁμηγύρεωςζ
1263 1350 1371 1401 Καὶ
1415 1349 1475 1401 ού
1529 1350 1667 1418 μόνα
1701 1349 1771 1402 τὰ
1800 1350 1948 1420 είρη-

370 1438 520 1505 μένα
578 1439 776 1492 κωλύει
821 1439 1072 1508 γίνεσθαι
1134 1441 1162 1493 ὁ
1218 1440 1419 1506 κανὼν,
1476 1440 1611 1494 ἀλλὰ
1671 1441 1747 1511 τῷ
1804 1442 1953 1511 αύτῷ

370 1531 643 1602 ἐπιτιμίῳ
692 1532 984 1585 ὑποϐάλλει
1037 1533 1292 1596 καὶτοὺς
1337 1534 1436 1596 τὰς
1472 1532 1708 1604 ἄρκτους
1759 1535 1952 1586 ἐπισυ-

378 1625 649 1694 ρομένους
684 1627 716 1691 ἢ
743 1626 968 1679 τοιαῦτα
1008 1626 1125 1690 ζῶα
1155 1629 1292 1697 πρὸς
1321 1628 1573 1696 παίγνιον
1607 1629 1700 1680 καὶ
1752 1627 1954 1698 βλάϐην

371 1718 491 1770 τῶν
547 1719 952 1790 ἁπλουστέρων.
1006 1720 1119 1775 Καὶ
1173 1722 1279 1790 γὰρ
1334 1721 1597 1790 βάμματα
1654 1722 1954 1790 ἐξαρτῶσιν

367 1809 559 1861 αὐτῶν
590 1812 683 1863 καὶ
726 1812 921 1880 τρίχας
960 1812 1237 1880 κείροντες
1278 1812 1337 1876 ἐξ
1386 1813 1588 1877 αὐτῶν,
1621 1813 1825 1865 δίδοασι
1855 1832 1954 1880 γυ-

320 1926 337 1931 ο
369 1902 554 1966 ναιξὶν
604 1902 675 1967 ὡς
704 1906 1099 1973 φυλακτήρια,
1155 1906 1249 1957 καὶ
1278 1905 1352 1967 ὡς
1383 1906 1522 1975 τάχα
1569 1909 1626 1957 ἐν
1681 1908 1738 1959 νο
1777 1926 1875 1968 οις.
1922 1909 1954 1979 ἢ

370 1994 677 2064 βασκάνοις
724 1997 1026 2066 ὀφθαλμοῖς
1066 1996 1369 2049 λυσιτελεῖν
1426 2015 1478 2049 τι
1530 1998 1803 2067 δυνάμενα
1833 2015 1846 2029 ⁸
1900 2001 1954 2052 αἱ

368 2089 457 2152 δὲ,
488 2088 661 2141 ταῦτα
693 2088 767 2153 ὡς
809 2092 1083 2157 ἀναγκαῖα
1121 2089 1523 2159 λαμϐάνουσαι,
1570 2093 1760 2161 μισθὸν
1813 2093 1956 2146 ὲκεί-

376 2198 498 2242 νοις
538 2181 862 2252 παρέχουσι,
898 2183 993 2236 καὶ
1028 2183 1243 2247 ἀξιοῦσι
1289 2183 1359 2235 τὰ
1403 2184 1565 2235 τέκνα
1620 2184 1801 2236 αὐτῶν
1845 2188 1953 2248 τοῖς

375 2272 574 2336 νώτοις
607 2274 698 2325 τοῦ
735 2266 896 2344 θηρὸς
958 2274 1267 2338 ἐπιθέσθαι,
1323 2274 1398 2337 ὡς
1442 2275 1505 2345 δή
1557 2291 1720 2351 τινων
1772 2277 1956 2328 κακῶν

374 2365 703 2433 ἀποτροπῆς
740 2365 1007 2435 ἐσομένης
1054 2368 1117 2418 ἐκ
1147 2365 1341 2418 τούτου
1376 2369 1488 2429 τοῖς
1525 2368 1716 2419 παισὶν
1747 2368 1955 2419 ἑαυτῶν

379 2462 477 2513 καὶ
540 2461 666 2523 τοὺς
707 2462 879 2530 τύχην
920 2454 1286 2529 ὀνομάζοντας
1323 2462 1415 2513 καὶ
1466 2463 1809 2530 εἱμαρμένην
1863 2462 1955 2515 καὶ

374 2551 755 2620 γενεαλογίαν.
794 2550 977 2603 Ταῦτα
1022 2551 1077 2604 δὲ
1129 2551 1449 2621 Ἑλληνικῆς
1498 2554 1604 2604 εἰσι
1663 2553 1954 2631 φλυαρίας.

388 2642 626 2713 Ὁμοίως
666 2644 1026 2713 ἐπιτιμᾶσθαι
1052 2644 1431 2697 διακελεύεται
1463 2661 1476 2674 ⁸
1516 2648 1611 2709 Τίς
1640 2645 1770 2713 γὰρ,
1796 2649 1952 2713 quoi,

378 2735 663 2788 κοινωνία
693 2736 839 2804 φωτὶ
883 2737 1029 2804 πρὸς
1070 2740 1336 2799 σκότος;
1382 2737 1574 2789 καὶτὰ
1617 2736 1705 2789 διὰ
1745 2737 1955 2801 τούτοις

384 2828 711 2897 συνημμένα
744 2828 905 2881 λοιπὰ
938 2828 1030 2882 τοῦ
1074 2829 1400 2883 Ἀποστόλου
1437 2830 1599 2899 ρητὰ.

380 2919 605 2975 ΑΡΙΣΤ.
665 2939 681 2970 ι
727 2922 823 2980 Ὃς
882 2920 1072 2972 ἑαυτὸν
1126 2923 1550 2989 ἑκατοντάρχοις
1608 2922 1640 2991 ἢ
1705 2921 1956 2988 δαίμοσιν

462 3033 479 3063 ι
517 3013 724 3086 ἐπιδῷ,
777 3013 915 3066 ὥστε
980 3033 1030 3067 τι
1086 3015 1194 3066 τῶν
1254 3015 1583 3085 ἀπορρήτων
1642 3013 1955 3082 μανθάνειν,

462 3127 480 3159 ι
519 3106 766 3171 ἑξαετίαν
800 3106 1178 3159 ὑποπιπτέτω.
1204 3106 1361 3158 Κατὰ
1383 3108 1547 3158 tauro
1578 3106 1672 3157 καὶ
1703 3108 1729 3159 ὁ
1754 3105 1954 3177 ἄρκτον

463 3218 483 3251 ι
522 3198 949 3270 ἐπισυρόμενος,
1009 3199 1381 3269 ὁγοητευταῖς
1433 3200 1527 3252 καὶ
1574 3199 1959 3267 νεφοδιώκταις

462 3314 482 3344 ε
522 3292 891 3362 κολλώμενος,
929 3292 1027 3345 καὶ
1053 3292 1363 3365 εἱμαρμένῃ
1399 3294 1495 3346 καὶ
1517 3294 1654 3363 τύχῃ
1688 3293 1961 3345 πιστεύων

467 3406 485 3437 ι
520 3389 620 3456 τῆς
658 3386 983 3454 Ἐκκλησίας
1012 3386 1461 3453 ἀποσυνάγωγος.
1496 3405 1514 3437 ι

459 3479 597 3542 Τοὺς
632 3478 1119 3543 ἐξακολουθοῦντας
1145 3481 1255 3541 τοῖς
1294 3478 1438 3529 ἔθεσι
1469 3479 1577 3531 τῶν
1625 3478 1818 3539 ἐθνῶν,
1869 3479 1962 3531 καὶ

392 3572 705 3643 μάντεσινῆ
766 3570 1291 3639 ὲπαοιδοίςέαυτοὺς
1340 3570 1725 3633 ὲκδεδωκὸτας,
1762 3570 1841 3632 ὡς
1894 3572 1963 3622 ἂν

394 3665 642 3736 μάθωσιν
675 3664 735 3728 ἐξ
765 3663 945 3716 αὐτῶν
994 3662 1288 3733 ἀπόρρητά
1332 3680 1454 3714 τινα
1486 3679 1501 3692 ·
1551 3661 1813 3723 ὡσαύτως
1870 3664 1963 3715 καὶ

374 3736 516 3819 ’τοὺς
560 3755 992 3826 ἐπισυρομένους
1028 3756 1128 3817 τὰς
1158 3754 1396 3825 ἄρκτους
1425 3754 1457 3824 ἢ
1492 3755 1656 3826 ’έτερά
1684 3774 1803 3807 τινα
1847 3757 1961 3820 ζῶα

392 3853 528 3919 πρὸς
566 3849 817 3917 παίγνιον
869 3848 961 3901 καὶ
1007 3847 1217 3918 πλάνην
1265 3849 1374 3901 τῶν
1425 3849 1831 3917 ἁπλουστέρων,
1869 3854 1962 3901 καὶ

391 3942 558 4011 τύχην
619 3940 712 3994 καὶ
750 3942 1091 4012 εἱμαρμένην
1133 3942 1228 3994 καὶ
1273 3941 1622 4010 γενεαλογίας
1681 3942 1959 4009 λέγοντας,

396 4038 486 4088 καὶ
538 4036 664 4097 τοὺς
727 4034 1084 4099 πιστεύοντας
1142 4038 1254 4099 τοῖς
1318 4041 1642 4104 γοητευταῖς
1702 4039 1794 4091 καὶ
1848 4041 1961 4100 τοῖς

393 4127 707 4196 λεγομένοις
737 4120 1144 4196 νεφοδιώκταίς,
1183 4127 1381 4198 ὥρισεν
1412 4131 1441 4199 ἡ
1472 4128 1687 4192 σύνοδος
1712 4131 1961 4186 ἑξαετίαν

375 4218 792 4288 ἐπιτιμᾶσθαι·
826 4218 966 4273 ὥστε
1022 4223 1081 4273 ὲν
1129 4222 1423 4290 τέσσαρσιν
1479 4223 1624 4275 ἔτεσι
1684 4226 1822 4291 μετὰ
1853 4225 1960 4275 τῶν

397 4313 812 4366 ὑποπιπτόντων
853 4312 1127 4379 ἵστασθαι,
1164 4314 1257 4366 ἐπὶ
1295 4315 1351 4367 δὲ
1396 4315 1549 4368 δυσὶν
1592 4315 1775 4379 ἄλλοις
1818 4315 1962 4369 ἔτεσι

399 4404 750 4457 συνίστασθαι
803 4407 919 4467 τοῖς
971 4408 1222 4468 πιστοῖς,
1288 4408 1383 4458 καὶ
1449 4406 1623 4470 οὕτως
1677 4408 1961 4472 ἀξιοῦσθαι

2050 520 2412 585 advocentur,
2466 520 2754 591 divineqne
2795 523 3268 595 insuper’signum
3317 529 3496 597 crucis
3542 520 3624 579 in-

2052 618 2394 679 terponatur,
2439 613 2627 680 fugere
2675 622 2852 668 tamen
2885 631 2945 669 ea
2994 632 3089 668 nos
3124 631 3184 668 ac
3219 597 3432 685 penitus
3466 606 3621 669 aver-

2051 704 2161 754 sari
2196 700 2413 755 debere.
2470 702 2707 758 Proinde
2740 703 2902 771 hujus
2929 720 3144 774 quoque
3181 707 3370 775 synodi
3408 694 3617 771 Patres,

2052 793 2143 861 qui
2200 792 2305 847 tale
2343 793 2623 862 quidpiam
2685 794 3023 858 admiserint,
3085 797 3355 866 segregari
3406 800 3471 848 ad
3528 790 3619 851 sex

2052 899 2227 940 annos
2275 886 2493 954 jussere
2534 905 2547 941 :
2605 888 2747 956 (qua:
2792 896 2973 941 tamen
3007 887 3073 941 de
3118 889 3273 942 laicis
3305 890 3622 958 accipienda

2053 978 2357 1047 segregatio
2404 985 2520 1032 est:
2574 979 2716 1033 sacri
2750 994 2982 1048 namque
3010 966 3215 1033 Ordinis
3250 981 3497 1034 homines
3528 979 3623 1035 de-

2055 1068 2322 1133 positione
2350 1070 2665 1138 punientur.
2750 1069 2880 1123 Nain
2914 1087 3035 1140 quae
3076 1073 3144 1126 ob
3180 1074 3410 1127 crimina
3444 1072 3626 1142 segre-

2053 1164 2202 1231 satio
2234 1163 2387 1218 laicis
2416 1164 2712 1231 irrogatur,
2744 1164 2813 1217 ob
2837 1178 2895 1216 ea
2923 1166 3093 1219 sacris
3116 1165 3397 1229 ordinibus
3426 1162 3625 1219 initiati

2055 1255 2398 1323 depositione
2446 1256 2665 1311 multari
2720 1257 2919 1321 solent)
2974 1271 3061 1321 ac,
3119 1257 3222 1312 nisi
3257 1268 3440 1325 postea
3492 1259 3627 1311 resi-

2054 1349 2295 1414 puerint,
2350 1346 2417 1401 ab
2451 1346 2715 1402 Ecclesiae
2773 1364 3003 1417 corpore
3054 1336 3339 1410 abscindi,‘
3378 1348 3483 1400 hoc.
3520 1359 3622 1413 est,

2054 1455 2084 1493 e
2135 1448 2250 1492 toto
2309 1439 2546 1493 fidelium
2606 1450 2749 1495 cmtu
2800 1441 3094 1495 eliminari.
3151 1439 3260 1498 Nec
3312 1454 3371 1494 ea
3423 1434 3626 1505 solu’m,

2056 1546 2176 1599 qua:
2208 1530 2470 1593 diximus,
2517 1546 2694 1586 canon
2750 1534 2865 1587 fieri
2920 1542 3086 1598 vetat,
3135 1533 3227 1589 sed
3273 1549 3368 1588 eos
3410 1522 3625 1605 quoque

2055 1623 2147 1692 qui
2200 1639 2359 1678 ursas
2404 1624 2576 1679 aliave
2628 1624 2678 1679 id
2728 1627 2942 1695 generis
2976 1627 3270 1682 animantia
3303 1629 3369 1681 ad
3412 1614 3628 1697 imperi-

2060 1724 2237 1768 torum
2292 1716 2749 1771 oblectamentum
2793 1719 2956 1773 simul
3018 1736 3325 1789 noxamque
3387 1721 3628 1773 circum-

2058 1807 2299 1868 ducunt,
2362 1807 2553 1860 iisdem
2618 1810 2796 1877 pomis
2857 1810 3124 1865 obnoxios
3179 1796 3303 1865 esse
3366 1802 3628 1866 decernit.

2060 1898 2368 1965 Suspensas
2402 1899 2545 1952 enim
2579 1900 2645 1953 de
2684 1902 3010 1970 corporibus
3048 1901 3285 1956 ferarum
3339 1904 3627 1962 tincturas,

2056 1991 2446 2057 detractosque
2504 1990 2695 2045 iisdem
2752 1993 2909 2046 villos
2971 2009 3069 2061 pro
3128 1994 3381 2047 atmtletis
3443 2003 3631 2047 contra

2058 2080 2276 2135 morbos
2301 2090 2356 2136 et
2393 2080 2781 2139 fascinationes
2822 2086 3161 2142 mulierculis
3197 2084 3452 2142 tradunt:
3498 2088 3630 2141 illae.

2057 2189 2162 2243 que
2180 2174 2418 2244 pretium
2450 2178 2605 2245 quasi
2630 2188 2853 2248 accepto
2885 2180 3197 2235 necessario
3230 2182 3631 2245 medicamento

2057 2266 2397 2337 persolvunt,
2458 2268 2809 2339 infantesque
2862 2288 3014 2338 suos,
3065 2273 3231 2327 veluti
3286 2274 3513 2343 probato
3562 2274 3637 2347 ad

2056 2362 2400 2416 calamitates
2428 2364 2757 2418 avertendus
2782 2366 3044 2430 remedio,
3082 2362 3208 2423 fera:
3243 2376 3394 2438 tergo
3425 2368 3631 2437 imponi

2057 2465 2272 2522 rogant.
2359 2454 2495 2509 Tum
2531 2458 2622 2526 qui
2661 2458 2893 2513 fortuna:
2924 2469 3019 2513 aut
3052 2459 3146 2513 fati
3180 2472 3273 2519 aut
3306 2440 3635 2533 genealogiae

2058 2562 2252 2611 nomen
2293 2534 2664 2617 usurpaverit,
2700 2568 2821 2617 qua:
2859 2553 3043 2606 omnia
3076 2542 3319 2625 profante
3371 2542 3637 2624 superstié

2057 2639 2220 2693 tionis
2269 2647 2417 2699 sunt.
2474 2640 2666 2693 iisdem
2716 2643 2890 2710 pomis
2933 2657 3106 2697 canon
3159 2643 3473 2699 multandos
3514 2661 3635 2701 esse

2055 2732 2360 2786 constituit.
2424 2730 2555 2796 Qua:
2591 2734 2751 2796 enim,
2790 2733 2892 2798 ait,
2937 2735 3164 2788 societas
3201 2736 3307 2789 luci
3333 2752 3453 2791 cum
3491 2746 3635 2791 (cne-

2059 2824 2268 2875 bris”?
2316 2824 2532 2893 aliaque
2561 2824 2813 2893 deinceps
2843 2827 3087 2893 Apostoli
3124 2829 3284 2883 verba
3321 2812 3630 2889 continuat.

2060 2916 2283 2970 AltlST.
2322 2935 2343 2966 ι
2374 2917 2476 2983 Qui
2500 2919 2913 2973 centurionibus
2934 2921 3011 2972 vel
3031 2920 3371 2977 dminon'tbus
3391 2906 3628 2989 seipsum

2137 3027 2155 3060 ι
2203 3011 2390 3073 tradit,
2440 3022 2499 3064 ut
2538 3013 2742 3080 aliquid
2790 3012 2987 3067 secreti
3031 3012 3258 3079 ediscat,
3312 3015 3633 3069 sexennium

2136 3122 2156 3154 ε
2204 3105 2610 3163 substernatur.
2678 3107 2877 3161 Eodem
2912 3107 3070 3162 modo
3098 3095 3153 3160 et
3185 3112 3277 3177 qui
3311 3124 3498 3167 ursum
3529 3109 3637 3161 cir-

2139 3216 2158 3248 l
2206 3199 2467 3263 cumfert,
2512 3200 2605 3270 qui
2648 3200 3081 3257 incantatoribns
3108 3211 3162 3256 et
3195 3202 3418 3256 nubium
3453 3215 3635 3270 perse-

2139 3304 2157 3336 ι
2204 3287 2491 3342 cutoribus
2517 3304 2575 3342 se
2592 3288 2896 3357 coniungit.
2918 3299 2969 3343 et
2989 3289 3219 3343 fortuna!
3241 3289 3459 3358 fatoque
3477 3290 3636 3344 ﬁdem

2139 3400 2157 3430 ι
2207 3380 2388 3440 liabet,
2419 3380 2487 3433 ab
2520 3380 2775 3436 Ecclesia:
2812 3391 3082 3437 conventu
3118 3395 3391 3438 arceatur.
3437 3403 3454 3434 ›

2136 3469 2299 3539 23o
2342 3469 2469 3534 Eos,
2504 3473 2593 3538 qui
2635 3474 2975 3526 ethnicorum
3009 3484 3318 3541 sequuntur
3352 3488 3549 3550 mores,
3576 3479 3644 3529 et

2064 3562 2278 3614 vatibus
2322 3578 2385 3616 ac
2419 3563 2855 3619 incantatoribus
2909 3566 3119 3633 seipsos
3166 3550 3541 3625 tradiderunt,
3581 3572 3639 3617 ut

2064 3669 2261 3707 arcana
2286 3655 2530 3723 quaedam
2556 3670 2617 3708 ex
2653 3657 2717 3711 iis
2748 3657 3053 3721 discerent;
3078 3666 3129 3712 et
3150 3673 3245 3713 eos
3271 3657 3523 3729 similiter
3545 3662 3640 3729 qui

2066 3761 2244 3811 ursos,
2266 3756 2359 3800 aut
2379 3749 2481 3801 alia
2506 3766 2845 3820 qua-cunque
2867 3751 3120 3805 animalia
3143 3751 3207 3805 ad
3228 3749 3411 3804 ludqu
3438 3759 3491 3805 et
3510 3752 3642 3805 sim-

2067 3846 2349 3913 pliciorutn
2410 3845 2785 3911 deceptionem
2820 3844 3236 3907 circumferunt,
3282 3857 3335 3907 et
3365 3844 3637 3919 fortunam

2064 3948 2117 3992 et
2151 3938 2318 3989 fatum
2361 3944 2414 3988 ct
2448 3934 2790 4005 genealogias
2822 3935 3126 4002 proferunt,
3181 3949 3387 4003 eosque
3424 3936 3515 4003 qui
3558 3935 3641 3989 in:

2065 4028 2441 4083 cantatoribus
2495 4026 2652 4080 fidem
2703 4026 2925 4087 habent,
2990 4037 3044 4079 ct
3097 4027 3216 4082 istis
3266 4030 3357 4095 qui
3415 4010 3639 4083 nubium

2068 4131 2441 4193 persecutores
2504 4122 2781 4193 dicuntur,
2854 4120 3093 4174 decrevit
3152 4129 3338 4174 sancta
3400 4120 3642 4190 synodus

2065 4233 2157 4271 sex
2214 4233 2386 4270 annos
2437 4230 2649 4285 prunam
2707 4213 2889 4276 luere,
2942 4214 3013 4267 ita
3073 4222 3129 4265 ut
3177 4222 3411 4280 quatuor
3466 4227 3642 4267 annos

2067 4309 2207 4362 inter
2239 4309 2540 4363 substratus
2593 4313 2966 4375 permaneant.
3006 4320 3069 4359 ac
3106 4306 3245 4360 duos
3282 4305 3418 4357 alios
3466 4321 3641 4363 annos

2068 4416 2191 4453 cum
2238 4399 2488 4453 fidelibus
2536 4397 2965 4459 constituantur,
3009 4406 3062 4449 et
3098 4396 3178 4451 sic
3215 4396 3414 4449 divinis
3442 4411 3645 4451 sacra-

394 4497 503 4550 τῶν
550 4496 710 4551 θείων
763 4498 1140 4567 ἁγιασμάτων.
1177 4500 1239 4552 Εί
1279 4499 1335 4551 δὲ
1373 4499 1689 4569 ἁδιόρθωτοι
1741 4501 1958 4572 μένουσι

2071 4492 2266 4547 mentis
2301 4491 2482 4545 haberi
2521 4491 2735 4561 dignos.
2801 4489 2856 4543 Si
2887 4501 3069 4545 autem
3114 4504 3212 4541 nec
3255 4503 3349 4554 per
3383 4488 3639 4565 inflictam

396 4590 489 4642 καὶ
519 4590 657 4659 μετὰ
690 4590 749 4642 τὺ
787 4591 1083 4659 ἐπιτίμιον,
1124 4591 1218 4644 καλ⁸
1246 4591 1354 4643 τῶν
1398 4591 1727 4659 Ἑλληνικῶν
1758 4594 1964 4646 τούτων

395 4680 845 4752 ἐπιτηδευμάτων
900 4682 959 4735 ού
1009 4682 1415 4751 μετατίθενται,
1475 4683 1575 4752 τῆς
1638 4684 1967 4754 Ἐκκλησίας

398 4779 743 4833 παντάπασιν
777 4779 1235 4850 ἀπορῤίπτεσθαι.

984 4872 1224 4929 ΚΑΝΩΝ
1255 4872 1370 4926 EB’.

400 4978 421 5014 ι
458 4960 569 5021 Τὰς
597 4960 738 5014 οὕτω
763 4962 1059 5030 λεγομένας
1091 4961 1402 5028 Καλάνδας,
1447 4964 1542 5016 καὶ
1583 4961 1653 5016 τὰ
1694 4962 1965 5031 λεγόμενα

473 5070 495 5103 (
538 5052 694 5117 Βοτὰ,
728 5053 835 5105 καὶ.
873 5054 940 5106 τὰ
987 5052 1297 5123 καλούμενα
1358 5052 1696 5121 Βρουμάλια,
1747 5053 1839 5104 καὶ
1867 5052 1965 5121 τὴν

475 5162 496 5194 ι
535 5145 591 5196 ἐν
629 5147 693 5215 τῇ
737 5144 927 5216 πρώτῃ
967 5145 1061 5198 τοῦ
1098 5144 1338 5215 Μαρτίου
1393 5145 1559 5216 μηνὸς
1607 5144 1793 5215 ἡμέρᾳ
1843 5146 1965 5196 ἑπι-

476 5255 493 5287 ‹
532 5237 858 5307 τελουμένην
905 5239 1236 5309 πανήγυριν,
1293 5238 1548 5315 καθάπαξ
1580 5238 1642 5289 ὲκ
1696 5237 1793 5305 τῆς
1854 5236 1965 5288 τῶν

477 5346 495 5380 ι
535 5330 747 5383 πιστῶν,
803 5329 1081 5392 πολιτείας
1143 5328 1561 5402 περιαιρεθῆναι
1618 5327 1960 5397 βουλόμεθασ
2046 5388 2049 5391 λ

504 5486 549 5519 ’³
572 5484 615 5540 ll
639 5486 769 5543 Cor.
802 5502 877 5552 vl,
905 5486 993 5543 14.

2071 4602 2287 4656 prunam
2321 4585 2517 4654 corrigi
2548 4593 2798 4653 possunt.
2855 4591 2910 4635 et
2963 4599 2989 4634 a
3039 4580 3369 4639 Gnate-caninis
3407 4581 3526 4634 istis
3556 4580 3639 4655 in-
3698 4594 3701 4597 ν

2068 4680 2275 4734 stitutis
2306 4694 2416 4732 non
2446 4684 2866 4737 convertuntur,
2924 4674 3166 4728 Ecclesia
3222 4686 3451 4741 prorsus
3501 4667 3639 4741 abji-

2070 4772 2293 4827 ciendos
2328 4784 2469 4825 esse.

2638 4859 2867 4916 CANON
2920 4856 3078 4913 LXII.

2079 4976 2098 5008 ι
2134 4957 2423 5019 Calendas,
2462 4966 2513 5010 et
2566 4954 2720 5015 Bota,
2753 4963 2807 5007 et
2837 4950 3114 5005 Brumalia
3150 4957 3222 5007 ,ut
3254 4956 3543 5011 vocantur,
3590 4940 3643 4998 et

2151 5070 2169 5102 ι
2214 5059 2563 5111 conventum,
2618 5048 2710 5117 qui
2764 5046 2818 5099 in
2874 5046 3050 5116 primo
3082 5041 3264 5096 Martii
3300 5039 3506 5094 mensis
3557 5038 3644 5091 die

2152 5159 2170 5193 ι
2219 5142 2295 5203 fit,
2328 5156 2393 5195 ex
2427 5139 2664 5193 fidelium
2698 5137 2920 5192 civitate
2949 5134 3171 5190 omnino
3203 5131 3641 5193 tollirvolumus;

2153 5250 2173 5284 ‹
2220 5232 2315 5285 sed
2365 5238 2417 5284 et
2452 5229 2701 5300 publicas
2736 5228 3021 5281 mulierum
3055 5221 3642 5281 saltationesimultam

2150 5344 2168 5376 ι
2217 5339 2410 5378 noxam
2444 5321 2779 5391 exitiumque
2814 5318 3135 5385 afferentes;
3166 5316 3307 5387 quin
3330 5314 3493 5395 etiam
3525 5325 3637 5372 eas,

1559 5575 1754 5639 Guill.
1788 5573 2128 5654 Beveregii
2160 5580 2347 5635 notua.

396 5698 399 5701 ‘
470 5686 581 5758 (65)
618 5688 722 5742 Ἐν
760 5682 849 5754 οἷς
1036 5684 1426 5740 πταίσαασιν.
1466 5756 1467 5759 η
1507 5681 1631 5739 Haec
1696 5674 1873 5751 usque
1926 5696 1955 5734 a

2071 5678 2463 5750 καθαιροῦνται
2527 5681 2581 5737 in
2642 5695 2745 5737 ms.
2816 5673 3249 5732 Amerbacbisno
3312 5668 3633 5725 desideran—

404 5762 508 5817 tur.
