3984 6474
285 370 391 429 τις)

1283 367 1360 425 1N
1402 364 1564 425 CAN.
1602 365 1763 425 LXII
1801 365 2007 429 CONC.
2059 370 2138 430 ΙΝ
2168 371 2493 432 TRULLO.

3427 370 3533 430 73.)

275 479 565 551 συνηθείας
623 480 682 533 ἐν
749 481 868 542 ταῖς
946 479 1049 544 ἔξω
1123 478 1331 547 χώραις
1414 477 1697 547 γινόμενα.
1761 479 1843 531 Τὰ

1953 497 2131 535 eorum
2169 500 2354 537 curam
2389 485 2562 551 gerit:
2609 483 2709 538 hoc
2740 498 2865 538 vero
2898 500 2993 553 pro
3028 484 3259 547 Baccho,
3293 484 3431 542 \ini.
3463 495 3522 536 ut

273 572 413 623 Βοτά
479 570 576 623 καὶ
640 569 707 623 τὰ
764 566 1079 639 Βρουμάλια
1147 568 1333 636 ἑορταὶ
1396 564 1533 638 ἦσαν
1606 567 1846 636 Ἐλληνι-

178 662 181 669 ’
270 662 403 726 καὶ,
461 664 492 728 ἡ
574 662 671 729 μὲν
753 659 1059 729 τελουμένη
1114 659 1273 729 χάριν
1330 658 1425 710 τοῦ
1493 658 1848 727 ψευδωνύμου

268 752 414 805 Θεοῦ
456 752 549 804 τοῦ
595 752 791 813 Πανὸς,
850 750 945 803 τοῦ
1012 751 1348 820 ἐφορῶντος,
1408 749 1482 811 ὡς
1536 749 1846 818 ὲφλυάρουν

268 844 322 895 οῖ
354 844 637 913 Ἕλληνες,
664 843 732 895 τά
761 842 871 894 τῶν
901 842 1095 912 βοτῶν,
1121 844 1288 912 ἦγουν
1317 841 1386 894 τὰ
1414 840 1523 892 τῶν
1551 841 1846 910 προϐάτων

267 937 372 988 καὶ
410 936 518 988 τῶν
545 935 751 987 λοιπῶν
774 935 929 999 ζώων
952 949 967 963 ⁶
997 935 1030 1003 ἡ
1056 934 1111 986 δὲ
1135 934 1294 1002 χάριν
1317 931 1407 984 τοῦ
1439 932 1721 995 Διονύσου,
1753 930 1848 985 τοῦ

282 1028 558 1096 σωτῆρος,
582 1027 656 1090 ὡς
682 1030 879 1079 ἐκεῖνοι
911 1027 1315 1096 ἐϐλασφήμουν,
1348 1027 1445 1078 τοῦ
1476 1027 1643 1079 οἴνου.
1678 1025 1848 1092 Βροῦ-

276 1135 383 1187 μος
418 1120 525 1188 γὰρ
560 1114 627 1188 ἦν
687 1118 935 1172 ἐπίθετον
989 1116 1081 1169 τοῦ
1132 1117 1411 1170 Διονύσου.
1463 1117 1617 1170 Κατά
1658 1117 1715 1169 δὲ
1758 1116 1848 1168 τὸν

273 1210 529 1278 Μάρτιον
555 1211 698 1278 μῆνα
724 1210 955 1261 ἐτελεῖτο
992 1209 1299 1278 πανήγυρις
1315 1208 1603 1279 Ἑλληνικὴ
1637 1210 1846 1280 μεγάλη

266 1301 367 1354 διὰ
399 1301 496 1370 τὴν
527 1302 634 1355 τῶν
667 1301 825 1371 ὡρῶν
849 1304 941 1355 καὶ
980 1300 1072 1353 τοῦ
1109 1300 1267 1368 ἀέρος
1290 1301 1617 1369 εὐκρασίαν·
1645 1302 1732 1353 ὅτε
1756 1302 1849 1353 καὶ

269 1393 536 1462 ὀρχήσεις
590 1395 857 1460 ἀπρεπεῖς
912 1391 1150 1459 ἐγίνοντο
1202 1390 1353 1459 παρά
1402 1408 1564 1444 τινων
1612 1392 1849 1457 γυναίων

266 1485 372 1534 καὶ
394 1482 625 1551 ἀνδρῶν.
660 1481 911 1534 ’Δπαντα
937 1482 1031 1533 καὶ
1060 1482 1129 1534 τὰ
1160 1478 1374 1543 τούτοις
1403 1481 1562 1551 ὅμοια
1593 1483 1641 1534 oi
1699 1481 1850 1549 ἅγιοι

286 1574 541 1643 ῐΙνατέρες
599 1573 1059 1644 ἀποτρεπόμενοι,
1090 1574 1375 1643 ἐπήγαγον
1433 1575 1638 1644 μηδένα
1678 1575 1847 1644 ἄνδρα

264 1663 564 1737 δτεδήποτε
595 1664 899 1735 κεχρῆσθαι
930 1665 1221 1735 γυναικείᾳ
1259 1666 1441 1735 στολῇ,
1476 1665 1509 1736 ἢ
1541 1666 1602 1719 «cr.
1635 1668 1850 1720 ἀνάπα-

263 1755 398 1808 λιν“
441 1756 574 1809 ἀλλὰ
622 1757 756 1827 μηδὲ
806 1758 1128 1826 προσωπεῖα
1174 1760 1396 1825 κωμικὰ
1439 1757 1766 1812 ὑποδύεσθαι
1809 1761 1842 1829 ἦ

267 1848 514 1916 τραγικὰ
557 1847 592 1919 ἢ
650 1849 946 1921 σατυρικάο
997 1850 1135 1920 μήτε
1186 1849 1289 1918 μὴν
1336 1849 1397 1901 τὸ
1446 1849 1541 1902 τοῦ
1590 1852 1843 1905 Διονύσου

270 1938 447 2009 ὄνομα
501 1940 557 1993 ὲν
602 1943 724 2002 ταῖς
765 1941 948 2010 ληνοῖς
995 1940 1307 2016 ὀνομάζειν,
1342 1941 1475 2009 μηδὲ
1509 1944 1620 2006 τοῖς
1666 1944 1844 2006 πίθοις

270 2032 607 2103 ἐγχεομένου
637 2034 732 2088 τοῦ
770 2035 916 2087 οῖνου
942 2034 1106 2106 γελᾷν
1140 2038 1230 2087 καὶ
1255 2034 1670 2104 ὲπικαγχάζειν.
1704 2037 1844 2099 Τοὺς

271 2125 328 2179 δὲ
353 2126 598 2179 τοιοῦτόν
628 2144 681 2181 τι
710 2128 1162 2197 ἐπιχειρήσοντας
1209 2127 1433 2196 ποιῆσαι
1469 2129 1607 2195 μετὰ
1645 2128 1705 2179 τὸ
1750 2128 1846 2180 λα-

272 2218 392 2269 6εῖν
418 2218 628 2288 εἴδησιν
653 2219 746 2271 τοῦ
771 2218 1057 2271 κανονικοῦ
1098 2217 1403 2288 διορισμοῦ,
1432 2219 1725 2288 κληρικοίθς
1748 2219 1844 2288 μὲν

276 2310 460 2372 ὄντας,
494 2311 897 2381 καθαιρεῖσθαι,
930 2311 1157 2373 λαῖκους
1181 2311 1233 2362 δὲ
1263 2310 1638 2380 ἀφορίζεσθαι.
1675 2314 1847 2382 Ζητη-

273 2403 402 2455 τέον
430 2402 527 2457 οὖν
578 2404 699 2456 τίνα
730 2405 836 2456 εἰσὶ
881 2403 947 2456 τὰ
978 2403 1201 2471 κωμικά
1250 2405 1595 2473 προσωπεῖα,
1631 2404 1745 2455 τίνα
1778 2404 1848 2456 τὰ

270 2496 537 2566 τραγικὰ,
568 2497 664 2550 καῖ⁹
718 2497 840 2550 τίνα
873 2498 940 2550 τὰ
974 2498 1260 2566 σατυρικὰ.
1321 2498 1431 2550 Καὶ
1458 2531 1463 2539 ι
1488 2498 1711 2564 κωμικᾶ
1747 2498 1846 2567 μέν

272 2588 381 2640 είσι
414 2588 486 2642 τὰ
516 2590 855 2657 γελωτοποιὰ
884 2589 979 2642 καὶ
1027 2578 1359 2659 ἑφύὸριστα,
1396 2589 1471 2652 ὡς
1501 2590 1568 2643 τὰ
1610 2607 1845 2659 συγγραο

275 2683 452 2750 φέντα
487 2682 637 2749 παρά
663 2681 758 2734 τοῦ
808 2681 1232 2750 Ἀριστοφάνους
1257 2698 1272 2713 ο
1305 2683 1547 2753 τραγικά
1581 2683 1648 2734 τὰ
1694 2700 1847 2752 περι-

273 2772 426 2843 παθῆ
457 2774 556 2826 καὶ
597 2774 668 2827 τὰ
700 2774 969 2844 θρηνώδη,
1027 2775 1101 2837 ὡς
1131 2775 1200 2828 τὰ
1234 2777 1327 2827 τοῦ
1370 2774 1662 2848 Εὐριπίδου
1720 2775 1849 2843 ἰαμ-

273 2863 395 2917 ϐεῖα
416 2864 529 2936 (68}
561 2880 575 2893 ·
607 2868 699 2919 καὶ
728 2865 1017 2935 σατυρικὰ,
1048 2865 1116 2919 τὰ
1143 2869 1222 2929 εἰς
1252 2867 1421 2935 ὕμνον
1452 2867 1545 2920 τοῦ
1581 2866 1841 2918 Διονύσου

274 2958 583 3027 τελούμενα
612 2959 777 3029 ὄργια
812 2954 967 3028 παρὲ
994 2960 1250 3030 Σατύρων
1281 2962 1373 3013 καὶ
1400 2960 1647 3031 Βακχῶν.
1667 2959 1849 3012 Ταῦτα

279 3050 388 3104 τῶν
424 3051 684 3119 Πατέρων
705 3051 1102 3122 διορισαμένων
1132 3052 1503 3120 ἁγιοπρεπῶς,
1532 3053 1626 3106 καὶ
1654 3052 1747 3105 τοῦ
1777 3050 1847 3116 ξδ’

1955 575 2032 628 illi
2065 576 2228 644 impie
2263 562 2539 641 dicebant,
2580 588 2992 631 conservatore.
3083 576 3174 630 Est
3216 576 3358 629 enim
3394 574 3529 628 Bro-

1954 669 2096 721 mius
2127 668 2326 722 Bacchi
2353 670 2662 739 epitheton.
2724 669 2905 725 Mense
2938 680 3116 723 autem
3150 669 3343 722 Martio
3371 669 3533 723 ﬁebat

1953 775 2148 830 magna
2191 760 2375 816 Graeca
2424 763 2634 826 concio,
2684 778 2780 816 seu
2828 764 3148 817 universalis
3203 772 3529 824 conventus.

1956 862 2181 921 propter
2212 856 2407 907 bonam
2441 864 2742 927 temporum
2778 862 2831 906 et
2859 853 3001 907 aeris
3036 855 3386 921 temperiem:
3420 868 3534 918 quo

1953 955 2202 1017 tempore
2238 951 2403 1002 etiam
2442 948 2712 1003 indecorae
2743 948 3066 1002 saltationes
3118 963 3146 1000 a
3202 948 3527 1016 quihusdam

1952 1039 2296 1095 mulierculis
2332 1039 2571 1107 virisque
2622 1038 2843 1091 ﬁebant.
2892 1033 3057 1103 'Qua:
3106 1038 3288 1090 omnia
3342 1047 3395 1091 et
3443 1037 3533 1089 his

1951 1131 2150 1187 similia
2208 1133 2383 1184 sancti
2440 1129 2628 1184 Patres
2676 1141 3014 1194 aversantes,
3069 1129 3197 1182 nulli
3246 1131 3364 1183 viro
3408 1144 3530 1197 per-

1953 1222 2243 1277 mittebant
2275 1223 2525 1277 muliebri
2555 1223 2693 1276 stola
2727 1223 2838 1277 ullo
2871 1223 3030 1275 modo
3064 1222 3162 1283 uti,
3196 1222 3276 1274 vel
3303 1233 3527 1282 cutura;

1951 1316 2045 1371 sed
2084 1332 2259 1386 neque
2307 1331 2565 1385 personas
2614 1317 2841 1369 induere
2876 1315 3116 1368 comicas
3154 1315 3235 1367 vel
3290 1316 3529 1382 tragicas

1950 1408 2033 1462 vel
2070 1408 2373 1478 satyricae:
2414 1423 2511 1461 nec
2545 1394 2740 1460 Bacchi
2771 1406 2987 1474 quidem
3028 1422 3222 1458 nomen
3252 1405 3302 1457 in
3341 1414 3528 1473 torcu-

1951 1498 2158 1553 larilms
2207 1497 2512 1559 nominare,
2567 1512 2666 1550 nec
2701 1497 2826 1549 vino
2854 1494 3015 1548 doliis
3044 1494 3225 1546 inl‘nso
3273 1492 3446 1546 ridere
3477 1478 3532 1548 et;

1952 1588 2290 1644 cachinnari.
2372 1588 2479 1644 Eos
2511 1597 2691 1642 autem
2718 1586 2809 1656 qui
2849 1588 2952 1641 tale
2983 1586 3111 1654 quid
3147 1585 3322 1639 facere
3351 1586 3527 1638 adorti

1954 1679 2196 1745 iuerint,
2256 1674 2545 1751 postquam
2597 1678 2849 1732 canonici
2907 1678 3109 1732 decreti
3167 1677 3527 1747 cognitionem

1952 1776 2217 1843 ceperint,
2272 1774 2314 1827 si
2365 1774 2474 1828 sint
2524 1773 2742 1841 quidem
2795 1770 3267 1838 clerici,deponi:
3326 1770 3370 1824 si
3406 1785 3532 1824 vero

1950 1867 2096 1929 laici,
2149 1866 2450 1934 segregari.
2533 1863 2896 1930 Qumrendum
2955 1877 3085 1931 ergo
3145 1875 3226 1917 est
3279 1879 3529 1931 quamam

1949 1961 2059 2014 sint
2084 1960 2304 2012 comica:
2337 1975 2600 2028 personte,
2631 1976 2751 2030 quae
2776 1961 3011 2031 tragicae,
3035 1970 3090 2015 et.
3115 1976 3233 2030 qua:
3257 1957 3527 2027 satyricae.

1947 2052 2026 2104 Ac
2080 2063 2205 2105 suut
2255 2052 2477 2119 quidem
2529 2054 2757 2115 comica,
2812 2069 2932 2120 qua:
2979 2055 3149 2106 rismn
3207 2058 3427 2105 movent
3478 2060 3531 2101 et

1953 2150 2083 2194 sunt
2135 2141 2430 2210 petulantia
2463 2157 2525 2195 ac
2563 2143 2980 2205 contumeliosa,
3024 2152 3083 2196 ut
3133 2158 3253 2210 qua!
3306 2141 3372 2193 ab
3413 2139 3531 2190 Ari-

1949 2235 2214 2298 stophane
2234 2235 2433 2304 scripta
2452 2244 2598 2289 sunt.
2637 2234 2889 2297 Tragica,
2916 2251 3045 2304 quae
3067 2246 3283 2288 m0\'t‘lll
3305 2232 3529 2284 affectus

1948 2336 2001 2381 et
2050 2338 2179 2382 sunt
2232 2329 2617 2394 lamentabilia,
2672 2338 2726 2382 ut
2792 2330 3065 2398 Euripidis
3128 2327 3381 2382 iambica.
3464 2324 3529 2376 Et

1950 2419 2209 2488 satyrica.
2257 2434 2376 2485 quae
2410 2418 2462 2471 iu
2496 2418 2693 2471 Bacchi
2731 2418 2991 2488 hymnum
3030 2432 3092 2470 ac
3138 2417 3351 2469 latuit-In
3385 2422 3526 2468 cele-

1950 2510 2186 2563 brantur
2242 2510 2391 2580 orgia
2427 2526 2455 2563 a
2490 2510 2700 2581 Satyris
2746 2519 2798 2564 et
2826 2509 3077 2567 Bacchis.
3159 2508 3293 2561 Cum
3345 2507 3531 2561 [’atrcs

1950 2601 2065 2654 haec
2095 2612 2282 2655 sancte
2320 2603 2635 2663 statuerint,
2675 2609 2728 2655 et
2770 2600 2837 2656 64
2899 2616 3021 2672 cap.
3081 2600 3181 2653 123
3233 2601 3528 2654 .lustiniaui

1950 2710 2098 2755 nov.,
2135 2694 2268 2758 sive,
2304 2694 2368 2747 15
2401 2708 2524 2761 cap.
2558 2694 2716 2762 primi
2752 2694 2838 2751 tit.
2900 2693 2967 2747 Ill
3032 2693 3126 2746 lib.
3168 2692 3385 2746 Basilio.
3418 2692 3532 2745 ha-c

1950 2796 2207 2849 expresse
2256 2782 2438 2835 dicat:
2495 2779 2763 2837 Omnibus
2814 2790 2996 2836 autem
3046 2782 3273 2835 omnino
3327 2784 3417 2850 qui
3475 2782 3529 2833 in

1952 2878 2310 2933 saecularibus
2349 2887 2657 2942 versantur,
2701 2885 2756 2931 et
2794 2878 2859 2933 iis
2897 2878 3152 2939 maxime,
3186 2877 3276 2945 qui
3311 2877 3529 2930 scenica

1953 2978 2212 3035 tractant,
2253 2971 2387 3025 viris
2420 2981 2468 3022 et
2507 2970 2848 3032 mulieribus,
2896 2978 3058 3037 atque
3109 2969 3173 3021 iis
3217 2967 3378 3021 etiam
3410 2982 3532 3034 qua:

1952 3072 2230 3133 praesunt.
2293 3048 2696 3124 interdicimus,
2748 3077 2817 3116 ne
2874 3060 3122 3114 monachi
3179 3060 3381 3112 amictu
3448 3054 3531 3111 vel

275 3158 403 3209 κεφ.
433 3141 535 3212 τῆς
566 3147 685 3211 ρκγ⁸
708 3141 1133 3195 Ἰουστινιανείου
1167 3143 1411 3214 Νεαρᾶς,
1480 3144 1600 3214 ἦτοι
1627 3143 1719 3196 τοῦ
1781 3149 1846 3212 ιγ’

1954 3155 2204 3211 aseetrize
2241 3162 2482 3218 utantur,
2525 3154 2606 3208 vel
2638 3170 2759 3209 eum
2793 3155 2983 3224 quovis
3018 3154 3176 3208 modo
3208 3155 3527 3215 imitentur;

278 3249 410 3303 κιφ.
440 3232 537 3286 τοῦ
575 3240 622 3286 α’
649 3234 827 3287 τίτλον
854 3233 946 3309 τού
976 3235 1017 3288 δ’
1070 3234 1301 3305 βιῦλίου,
1337 3238 1847 3307 παρακελευομένου

281 3324 457 3377 ταῦτα
489 3326 689 3396 ῥητῶς.
745 3327 887 3381 [lict
922 3326 976 3380 δὲ
1010 3326 1269 3393 καθάπαξ
1322 3331 1426 3386 τοῖς
1458 3332 1516 3381 ἐν
1564 3332 1850 3398 κοσμικοῖς

282 3418 799 3489 ἀναστρεφομένοις,
824 3421 920 3474 καὶ
949 3421 1186 3491 μάλιστα
1215 3424 1326 3485 τοῖς
1353 3426 1418 3475 τὰ
1463 3424 1696 3492 σκηνικά
1725 3440 1855 3492 μετ-

283 3514 624 3581 ερχομένοις,
700 3513 927 3583 ἀνδράσι
967 3530 1027 3567 τε
1080 3496 1188 3567 καῖ’
1207 3515 1444 3583 γυναιξὶ,
1483 3516 1577 3567 καὶ
1617 3514 1722 3583 μὴν
1756 3516 1852 3567 καὶ

284 3607 403 3667 ταῖς
418 3622 461 3656 π
468 3608 653 3670 ροῖστα
662 3606 843 3675 μέναιέ
855 3648 869 3671 ,
889 3604 1302 3677 ἀπαγορεύομεν
1315 3606 1615 3676 κεχρῆσθαι
1637 3609 1735 3675 σχῆ
1748 3624 1851 3676 μα-

285 3711 338 3747 τι
361 3695 594 3765 μονοιχοῦ
616 3696 646 3765 ἢ
666 3697 994 3767 ἀσκητρίας,
1016 3697 1361 3779 ἢοίιιξήποτε
1381 3697 1567 3774 τρρπῳ
1587 3698 1741 3749 τοῦτο
1767 3715 1854 3766 μι-

290 3788 504 3855 μεῖσθαι
526 3805 541 3819 ο
562 3791 939 3859 ἐπισταμένων
963 3791 1178 3844 πάντων
1200 3790 1307 3843 τῶν
1328 3788 1648 3859 τολμώντων
1670 3790 1700 3861 ἦ
1722 3810 1752 3859 χ
1760 3792 1855 3863 ρή-

290 3883 571 3953 σασθαιτῷ
589 3882 811 3953 τοιούτῳ
834 3883 1091 3954 σχήματι,
1112 3882 1142 3952 ἢ
1164 3884 1524 3954 μιμήσασθαι,
1540 3884 1571 3952 ἢ
1590 3886 1852 3951 ἐμπαῖξαι

288 3980 367 4042 είς
402 3979 725 4047 οἱανδήποτε
750 3977 1216 4050 ἐκκλησιαστικὴν
1251 3979 1616 4044 κατάστασιν,
1647 3980 1728 4033 ὅτι
1757 3983 1851 4033 καὶ

291 4071 609 4138 σωματικὰς
639 4070 913 4139 τιμωρίας
943 4071 1366 4142 ύποστήσονται,
1408 4072 1504 4125 καὶ
1534 4071 1720 4143 ἐξορίᾳ
1745 4090 1851 4125 πα-

294 4163 719 4232 ραδοθήσονται·
759 4163 1131 4234 προνοούντων
1171 4162 1266 4216 τοῦ
1310 4166 1557 4218 τοιούτου
1600 4167 1660 4218 οὐ
1697 4168 1853 4236 μόνον

290 4256 392 4308 τῶν
428 4256 571 4309 κατὰ
600 4256 765 4308 τόπον
800 4256 1110 4309 ὁσιωτάτων
1138 4256 1453 4310 ἐπισκόπων
1501 4258 1596 4310 ml.
1620 4257 1727 4310 τῶν
1761 4258 1853 4312 ὑπ’

291 4346 481 4406 αὐτοὺς
521 4346 994 4416 κληρικῶνμάλλὰ
1026 4348 1119 4401 καὶ
1151 4348 1258 4401 τῶν
1300 4348 1595 4402 πολιτικῶν
1620 4350 1713 4402 καὶ
1744 4350 1855 4403 τῶν

295 4439 701 4508 στρατιωτικῶν
729 4438 1030 4508 ἀρχόντων,
1058 4440 1275 4492 καὶτῶν
1301 4441 1392 4494 ὑπ’
1411 4443 1607 4504 αὐτοὺς
1625 4442 1850 4506 τάξεων,

292 4532 383 4583 καὶ
417 4529 535 4585 τῶν
551 4533 693 4584 κατὰ
711 4532 877 4585 τόπον
900 4532 1149 4589 ὲκδίκων.
1176 4534 1240 4586 Οἱ
1263 4533 1319 4586 δὲ
1349 4536 1602 4603 σκηνικοὶ
1629 4539 1856 4588 παντοῖα

289 4624 611 4691 προσωπεῖα
666 4622 1011 4685 ὑποδύονται,
1063 4625 1157 4676 καὶ
1204 4624 1374 4686 ἀδεῶς
1424 4625 1551 4687 τοὺς
1589 4628 1856 4696 μοναχοὺς

291 4712 621 4780 ὲμπαίζουσι
672 4716 765 4768 καὶ
812 4716 941 4778 τοὺς
980 4716 1297 4785 κληρικούς.
1346 4717 1512 4770 Ἀλλά
1570 4718 1661 4770 καί
1713 4737 1857 4782 τινες

292 4805 543 4875 κληρικοὶ
574 4807 716 4860 κατά
738 4825 888 4870 τινας
921 4809 1113 4878 ἑορτὰς
1145 4808 1280 4878 πρὸς
1307 4809 1542 4880 διάφορα
1575 4826 1853 4878 μετασχη-

294 4898 613 4964 ματίζονται
659 4901 1000 4968 προσωπεῖα.
1044 4901 1152 4952 Καὶ
1200 4900 1329 4953 ποτὲ
1382 4900 1483 4969 μὲν
1517 4899 1761 4968 ξιφήρεις
1797 4903 1852 4952 ἐν

285 4987 361 5057 τῷ
419 4989 671 5059 μεσονάῳ
733 4990 1189 5061 τῆςιέκκληείας
1248 4991 1387 5062 μετὰ
1440 4990 1852 5060 στρατιωτικῶν

284 5082 507 5151 ἀμφίων
533 5084 892 5153 εἰσέρχονται,
916 5083 1047 5137 ποτὲ
1080 5083 1139 5136 δὲ
1198 5092 1293 5137 καὶ
1319 5083 1392 5145 ὡς
1424 5085 1648 5153 μοναχοὶ
1687 5101 1852 5161 προο-

284 5174 559 5237 δεύουσιν,
590 5175 622 5244 ἣ
664 5177 757 5227 καὶ
788 5175 863 5239 ὡς
901 5176 1017 5240 ζῶα
1044 5174 1371 5246 τετράποδα.
1411 5178 1725 5247 Ἐρωτήσας
1758 5172 1852 5229 οὖν

287 5265 432 5327 ὅπως
489 5267 662 5320 ταῦτα
712 5270 1190 5340 παρεχωρήθησαν
1247 5271 1533 5338 γίνεσθαι,
1591 5271 1741 5324 οὐδέν
1798 5290 1850 5323 τι

288 5356 478 5427 ἕτερον
522 5360 753 5428 ηκουσα,
780 5362 948 5433 ἀλλ’ἢ
990 5364 1052 5415 ἐκ
1100 5364 1317 5434 μακρᾶς
1353 5364 1641 5432 συνηθείας
1676 5362 1847 5415 ταῦτα

291 5449 586 5503 τελεῖσθαι.
645 5452 885 5505 Τοιαῦτά
934 5455 1092 5515 εἰσιν,
1145 5454 1221 5517 ὠς
1272 5454 1398 5524 ἐμοὶ
1450 5455 1616 5516 δοκεῖ,
1659 5453 1749 5505 καὶ
1782 5455 1849 5506 τὰ

296 5543 441 5609 παρά
475 5558 639 5594 τινων
699 5543 1195 5613 δομεστικευὸντων
1230 5546 1288 5597 ἐν
1339 5544 1527 5615 κλήρῳ
1563 5544 1846 5613 γινόμενα.

1953 3248 2255 3304 scientibus
2288 3246 2578 3309 universis,
2608 3246 2699 3315 qui
2730 3247 2930 3298 audent
2960 3244 3041 3297 vel
3076 3243 3170 3297 tali
3196 3244 3269 3297 uti
3303 3243 3530 3297 amictu.

1954 3336 2034 3390 vel
2073 3332 2300 3397 imitari,
2332 3334 2411 3387 vel
2449 3334 2500 3386 in
2531 3348 2911 3403 quamcunque
2941 3331 3366 3393 ecclesiasticam
3396 3346 3531 3384 con-

1954 3414 2292 3478 stitutionem
2324 3423 2565 3483 illudere.
2603 3423 2745 3492 quod
2775 3422 2937 3474 etiam
2970 3422 3271 3490 corporalia
3307 3420 3517 3488 suppli-

1952 3520 2037 3574 cia
2093 3517 2375 3579 subibunt,
2433 3523 2485 3569 et
2531 3494 3072 3568 exterminabuntur:
3131 3512 3257 3565 huic
3290 3513 3365 3566 rei
3405 3528 3532 3599 pro-

1956 3606 2348 3678 spicientibus,
2428 3621 2536 3658 non
2602 3606 2777 3659 solum
2847 3604 3091 3656 locorum
3163 3603 3529 3658 sanctissimis

1955 3698 2224 3770 episcopis
2269 3706 2321 3752 et
2359 3697 2448 3764 qui
2504 3696 2607 3749 sub
2646 3695 2725 3749 eis
2774 3702 2901 3749 sunt
2933 3693 3169 3756 clericis,
3222 3694 3315 3747 sed
3366 3693 3527 3746 etiam

1955 3793 2205 3849 civilibus
2234 3798 2286 3845 et
2308 3789 2641 3843 ’lttililat‘ibtts
2693 3787 3118 3857 magistratibus,
3172 3785 3361 3855 eisque
3402 3787 3530 3840 sub.

1951 3885 2111 3957 jectis
2140 3884 2445 3947 ordinibus,
2472 3891 2525 3937 et
2560 3885 2801 3934 locorum
2835 3879 3236 3933 defensoribus.
3300 3877 3532 3932 llistrioo

1956 3993 2052 4033 nes
2086 3986 2265 4030 autem
2300 3975 2519 4044 quasvis
2547 3987 2807 4040 personas
2837 3970 3087 4033 induunt,
3123 3970 3533 4037 monachosque

1954 4079 2007 4123 et
2057 4069 2284 4123 clericos
2338 4080 2528 4119 secure
2586 4063 2957 4115 ludificantur.
3052 4060 3155 4115 Sed
3203 4068 3255 4113 et
3311 4060 3531 4129 quidam

1956 4162 2138 4217 clerici
2181 4160 2235 4213 in
2276 4156 2600 4229 quibusdam
2644 4154 2797 4209 festis
2846 4154 3026 4207 varias
3059 4167 3322 4219 personas
3358 4150 3532 4204 susci-

1955 4256 2111 4327 piunt
2139 4262 2192 4308 et
2221 4253 2513 4323 eilingunt:
2546 4260 2600 4304 et
2633 4249 2927 4312 aliquando
2959 4249 3177 4318 quidem
3206 4264 3334 4301 ense
3368 4248 3530 4301 cincti

1956 4364 2081 4402 cum
2139 4347 2465 4400 militaribus
2512 4343 2752 4397 chtibus
2794 4343 2847 4395 in
2882 4342 3126 4396 ecclesia:
3168 4340 3528 4393 meditullimn

1961 4438 2359 4507 ingrediuntur,
2411 4434 2705 4505 aliquando
2761 4448 2888 4487 vero
2923 4442 2979 4486 ut
3018 4432 3270 4486 monachi
3310 4445 3533 4501 progre-

1958 4530 2205 4592 diuntur,
2240 4529 2320 4583 vel
2348 4535 2408 4583 ut
2442 4526 2813 4596 quadrupedia
2845 4525 3121 4577 animalia.
3186 4523 3320 4576 Cum
3350 4523 3532 4591 itaque

1960 4623 2403 4692 interrogassent,
2455 4617 2728 4687 quomodo
2779 4618 2890 4671 haec
2920 4617 3033 4670 ﬁeri
3080 4614 3402 4684 permissum
3437 4614 3529 4677 sit,

1958 4700 2089 4770 nihil
2129 4715 2273 4770 aliud
2322 4714 2526 4779 audivi,
2572 4726 2731 4784 quam
2785 4712 2895 4765 haec
2936 4711 3094 4779 longa
3137 4700 3530 4769 consuetudine

1955 4810 2093 4865 ileri.
2164 4807 2443 4877 Ejusmodi
2494 4816 2643 4867 sunt,
2699 4812 2756 4857 ιιι
2806 4802 2937 4856 mihi
2983 4802 3215 4867 videtur,
3271 4810 3324 4854 et
3356 4815 3529 4868 quzea

1957 4899 2309 4968 quibusdam,
2337 4896 2427 4967 qui
2459 4897 2513 4951 in
2548 4895 2694 4949 clero
2720 4903 2867 4957 sunt,
2901 4892 3325 4947 domesticorum
3360 4892 3531 4945 instar

1962 4994 2115 5055 liuut,
2150 4990 2240 5059 qui
2274 5004 2449 5042 aerem
2487 4988 2671 5057 digitis
2701 4995 2760 5039 ut
2790 4985 2992 5054 auriga:
3020 4984 3247 5047 feriunt,
3298 4990 3350 5037 et
3379 4982 3532 5052 genis

1960 5085 2115 5138 fucos
2157 5089 2457 5153 apponunt,
2506 5088 2559 5133 et
2595 5080 2878 5131 muliebria
2927 5078 3173 5147 quasdam
3221 5090 3383 5144 opera
3432 5075 3532 5128 fin.

1957 5185 2109 5246 gunt,
2168 5183 2222 5229 et
2274 5172 2379 5226 alia
2437 5172 2755 5237 indecora,
2792 5179 2850 5222 ut
2904 5168 3306 5237 spectatoribus
3358 5167 3541 5220 risum.

1960 5274 2228 5321 moveant.
2316 5262 2513 5317 Ridere
2556 5270 2740 5317 autem
2777 5271 3022 5330 agrestes
3054 5261 3176 5314 vino
3222 5261 3403 5314 infuso
3434 5259 3530 5312 do-

1957 5358 2097 5435 liis.‘
2123 5368 2206 5411 est
2254 5352 2457 5425 aliquid
2498 5355 2665 5408 veluti
2698 5354 3009 5408 necessario
3041 5368 3384 5423 consequens
3438 5352 3525 5417 iis,

1957 5451 2047 5518 qui
2081 5450 2134 5502 in
2166 5450 2341 5502 lacum
2384 5448 2785 5516 ingrediuntur,
2828 5447 3193 5501 vinitoribus:
3256 5445 3354 5499 nisi
3404 5445 3539 5513 quis,

1953 5541 2152 5596 dixerit
2176 5540 2319 5594 hanc
2353 5539 2660 5594 Satanicam
2698 5540 3070 5612 operationem
3102 5524 3423 5601 exolevisse,
3459 5551 3532 5590 eu

1464 5681 1655 5743 Guill.
1692 5680 2020 5760 Beveregii
2059 5688 2245 5743 notae.

369 5824 478 5890 (68)
509 5825 618 5883 Τοῦ
642 5826 987 5895 Εὐριπίδου.
1020 5825 1121 5884 Ms.
1145 5811 1614 5891 Amerbachianus
1644 5831 1845 5886 rectius

1953 5828 2014 5893 ;lt
2041 5825 2132 5882 τοῦ
2162 5825 2485 5892 Εὖριπιδοὺς
2532 5825 2793 5892 Ἰαμϐεῖα.
