3992 6484
429 299 434 302 ’
480 314 582 380 731
1733 315 2014 376 THEOD.
2056 312 2464 374 BALSAMON
3621 311 3720 374 732

471 434 616 502 quod
645 443 886 505 agrestes
916 435 1255 504 frequentius
1281 436 1464 491 dicant
1500 437 1552 491 in
1579 451 1904 506 unaquaque
1937 434 2047 488 fere

2157 432 2246 484 τὸν
2283 433 2419 500 ἀέρα
2449 431 2559 490 τοῖς
2604 430 2885 493 δακτῦλοις
2929 429 3070 482 κατὰ
3105 428 3359 499 ἡνιόχους
3390 427 3729 491 τυπτόντων,

471 540 752 590 mensura,
784 524 944 598 Kyrie
976 528 1208 580 eleisou.
1293 527 1420 592 Quae
1459 542 1623 596 porro
1662 526 1914 580 indecora
1949 525 2047 578 ali-

2163 526 2256 578 κοὶ
2307 528 2455 594 φύκη
2500 524 2619 585 ταῖς
2680 520 2901 589 γνάθοις
2961 521 3122 589 δῆθεν
3163 517 3608 588 περιτιθεμένων
3640 521 3732 573 καὶ

473 619 696 684 quando
728 621 926 674 ﬂebant
961 635 988 673 a
1019 621 1272 684 notariis,
1298 621 1724 697 adolescentium
1754 620 2049 673 instructo-

2163 616 2612 689 ὖπορῤινομένων
2649 613 2784 684 ἔργα
2837 612 2955 665 τινὰ
2996 613 3307 678 γυναικεῖα,
3343 609 3440 664 καὶ
3483 609 3646 680 ἕτερα
3675 615 3733 663 ά-

473 712 646 777 ribus,
675 711 728 766 in
760 722 1073 767 sanctorum
1110 714 1446 768 netariorum
1477 713 1634 780 festo,
1666 730 1788 768 cum
1821 711 2049 768 scenicis

2165 709 2374 776 πρεπῆ,
2405 707 2492 759 ἵνα
2521 707 2657 777 πρὸς
2700 706 2915 775 γέλωτα
2953 705 3080 767 τοὺς
3115 704 3423 774 βλέποντας
3451 705 3741 772 μετακινήο

369 835 372 838 -
469 805 718 873 personis
773 805 953 860 forum
989 806 1375 869 'obeuutibus,
1430 816 1554 859 ante
1613 807 1822 875 aliquot
1881 822 1945 858 an

2163 820 2319 856 σωσι.
2358 802 2432 853 Τὸ
2471 801 2527 852 δὲ
2572 800 2738 872 γελᾷν
2784 800 2909 862 τοὺς
2945 799 3183 868 ἀγρότας
3225 795 3606 868 ἐγχεομένους
3647 799 3736 852 τοῦ

469 896 848 958 exoleverunt,
890 897 1226 965 sanctissimi
1271 898 1418 950 illius
1461 897 1792 967 patriarcha:
1841 893 2045 950 domini

2163 894 2303 972 οἴνου
2338 896 2451 956 τοῖς
2477 893 2681 955 πίθοις.
2713 892 2844 945 ὡσεί
2884 910 2932 944 τι
2976 891 3371 962 παρεπόμενον
3409 890 3471 954 ἐξ
3498 889 3739 960 ἀνάγκης

475 986 635 1044 Luca:
668 989 906 1044 decreto.

2166 987 2270 1038 ἐστὶ
2294 988 2404 1048 τοῖς
2428 985 2821 1056 ληνοϐατοῦσιν
2843 1002 2857 1015 ·
2883 985 2930 1036 εἰ
2959 984 3122 1053 μήτις
3151 982 3282 1054 εἴπῃ
3311 982 3416 1052 τὴν
3446 983 3742 1053 σατανικὴν

469 1084 677 1153 ταύτην
717 1083 982 1152 ἐργασίαν
1013 1085 1408 1153 καταργεῖσθαι
1439 1084 1524 1138 διὰ
1565 1084 1658 1137 τοῦ
1697 1083 1876 1150 λέγειν
1909 1081 2020 1152 (69)
2058 1079 2185 1142 τοὺς
2211 1080 2448 1149 ἀγρότας
2490 1080 2812 1149 συχνότερον
2858 1079 2942 1145 ἐφ’
3007 1079 3221 1146 ἑκάστῳ
3293 1076 3489 1146 μέτρῳ
3559 1078 3735 1146 σχεδον

472 1175 554 1240 τὸ,
591 1176 763 1246 Κύριε
806 1177 1049 1247 ἐλέησον.
1078 1176 1160 1230 Τά
1199 1179 1381 1246 μέντοι
1420 1169 1548 1230 ποτε
1610 1178 1877 1244 γινόμενα
1941 1173 2164 1243 ἀπρεπῆ
2228 1172 2380 1242 παρὰ
2445 1173 2555 1223 τῶν
2595 1171 2860 1240 νοταρίων
2913 1169 3420 1223 παιδοδιδασκάλων
3469 1170 3611 1221 κατὰ
3651 1169 3745 1238 τὴν

472 1267 667 1336 ἑορτὴν
699 1265 805 1319 τῶν
829 1268 1001 1334 ἁγίων
1059 1268 1345 1335 νοταρίων,
1415 1267 1552 1336 μετὰ
1593 1267 1954 1336 προσωπείων
2017 1261 2291 1333 σκηνικῶν
2325 1261 2721 1331 -διερχομὲνων
2768 1261 2866 1331 τὴν
2914 1261 3142 1330 ἀγοράν,
3186 1262 3293 1332 πρὸ
3328 1258 3545 1329 χρόνων
3588 1259 3743 1311 τινῶν

473 1359 930 1428 κατηργήθησαν,
964 1359 1086 1412 καθ’
1114 1359 1338 1429 ὁρισμὸν
1368 1359 1459 1412 τοῦ
1490 1357 1798 1426 ἁγιωτάτου
1828 1356 2039 1408 ἐκείνου
2082 1350 2422 1421 πατριάρχου
2451 1351 2618 1420 κυροῦ
2651 1351 2856 1403 Λουκᾶ.

555 1449 805 1505 ZONAR.
843 1449 985 1502 Sunt
1033 1450 1275 1502 calenda-
1329 1451 1489 1518 primi
1535 1450 1738 1503 mensis
1794 1448 2061 1518 cujusque

2239 1442 2484 1495 ΖΩΝΑΡ.
2519 1441 2794 1495 Καλάνδαι
2820 1442 2959 1495 εἰσὶν
2978 1443 3035 1494 αἱ
3064 1441 3285 1510 πρῶται
3318 1441 3558 1494 ἑκάστου
3589 1441 3749 1511 μηνὸς

377 1545 394 1556 “
475 1546 615 1605 dies,
647 1559 788 1614 quos
824 1541 994 1595 ϐιηροί
1044 1542 1273 1596 solemni
1321 1541 1581 1610 religione
1638 1555 1701 1594 ac
1738 1535 1953 1594 (ξέοι-ειη(

2174 1533 2398 1603 ἡμέραι,
2449 1534 2507 1585 ἐν
2544 1528 2630 1596 αἷς
2676 1534 2880 1588 εῖθιστο
2925 1537 3036 1596 τοῖς
3087 1533 3321 1602 Ἕλλησι
3375 1533 3556 1586 ποιεῖν
3609 1550 3750 1597 τινας

479 1639 546 1692 de
596 1651 746 1690 more
806 1632 1181 1686 celebrabant.
1235 1633 1364 1683 Bota
1421 1645 1637 1698 quoque
1681 1638 1734 1682 et
1780 1624 2055 1680 Brurnalia

2171 1623 2413 1686 τελετάς.
2442 1625 2553 1678 Καὶ
2593 1625 2660 1677 τά
2691 1624 2823 1693 βοτά
2853 1625 2908 1678 δὲ
2962 1627 3056 1678 καὶ
3087 1626 3156 1680 τὰ
3205 1625 3532 1696 βρουμάλια
3566 1625 3747 1698 Ἐλλη-

480 1729 795 1783 Graecorum
859 1728 981 1781 festi
1044 1725 1160 1778 dies
1237 1722 1410 1777 fuere.
1465 1723 1716 1775 Bromius
1786 1719 2056 1787 siquidem

2174 1719 2317 1772 νικαὶ
2365 1713 2504 1788 ἦσαν
2556 1717 2764 1789 ἑορταί.
2801 1717 3064 1788 ,Βροῦμος
3097 1719 3206 1788 γάρ
3251 1718 3518 1772 ἐπίθετον
3575 1715 3643 1789 ἦν
3677 1721 3750 1790 τῷ

482 1822 686 1874 Bacchi
751 1820 1072 1889 epithetum.
1127 1817 1231 1871 Eos
1282 1817 1450 1883 igitur
1490 1815 1735 1882 aliosque
1788 1809 2054 1876 ejusmodi

2175 1809 2428 1878 Διονύσῳ.
2460 1812 2567 1864 Καὶ
2603 1809 2772 1894 τᾶλλα
2814 1810 3037 1882 ὁμοίοις,
3067 1811 3101 1866 ἃ
3140 1813 3322 1866 πάντα
3362 1812 3642 1866 κωλῦουσι
3671 1814 3751 1879 γί-

483 1903 799 1967 Graecorum
864 1913 1032 1966 festos
1067 1910 1203 1971 dies,
1251 1926 1316 1963 nc
1367 1909 1518 1962 cultu
1575 1907 1759 1975 aliquo
1799 1903 2056 1974 prosequi

2173 1903 2353 1956 νεσθαι
2408 1905 2457 1956 οἱ
2491 1903 2736 1974 Πατέρες
2781 1905 2934 1974 παρᾶ
2979 1904 3087 1957 τῶν
3127 1906 3358 1958 πιστῶν.
3403 1907 3668 1974 Εῐργουσι
3699 1906 3749 1957 δὲ

485 2007 738 2059 ﬁdelibus
766 2005 945 2065 liceat,
980 2005 1168 2056 Patres
1190 2002 1514 2055 decrevere.
1547 1999 1804 2052 Publicas
1843 2011 2060 2065 quoque

2173 1998 2263 2050 καὶ
2309 1986 2404 2058 τὰς
2434 1996 2544 2048 τῶν
2578 1996 2854 2064 γυναικῶν
2902 1983 3172 2066 δημοσίας
3224 1996 3514 2066 ὀρχήσεις,
3552 1998 3627 2060 ὡς
3673 1997 3749 2058 εἰς

487 2097 778 2150 mulierum
822 2095 1162 2156 saltationes,
1192 2092 1392 2161 quibus
1441 2088 1756 2157 Spectandis
1807 2087 2060 2140 videlicet

2173 2089 2469 2150 ἀκολασίας
2503 2088 2794 2158 ὲρεθισμὸν
2816 2091 2928 2152 τοῖς
2959 2089 3260 2166 θεωμένοις
3293 2090 3496 2154 αὑτάς,
3529 2090 3622 2142 καὶ
3655 2090 3749 2144 ὅσα

487 2187 552 2240 ad
588 2186 866 2240 libidinem
907 2185 1155 2239 homines
1200 2182 1524 2243 incitantur,
1573 2188 1683 2233 tum
1720 2193 2061 2247 quaecunque

2173 2183 2278 2241 τοῖς
2308 2180 2477 2248 ’Ἕλλη
2491 2179 2927 2250 τινέπράττοντο
2957 2179 3017 2246 ἐξ
3047 2181 3262 2249 ἀνδρῶν
3296 2182 3330 2250 ἢ
3366 2182 3611 2249 γυναίων
3638 2182 3749 2234 ὀνό-

483 2277 662 2334 Graeci
691 2278 790 2331 viri
829 2287 925 2330 aut
962 2276 1194 2337 feminze,
1237 2274 1734 2329 commentitiorum
1765 2271 1928 2339 232
1964 2286 2059 2323 nu-

2173 2289 2306 2340 ματι
2337 2272 2443 2324 τῶν
2473 2273 2845 2341 ψευδωνύμων
2895 2273 3034 2325 θεῶν
3065 2275 3273 2335 αὐτῶν,
3299 2276 3398 2326 καὶ
3445 2275 3522 2342 μὴ
3555 2276 3748 2344 κεχρῆ-

491 2371 696 2425 minum
757 2368 952 2422 honori
1014 2370 1342 2433 tribuentes,
1401 2381 1660 2436 peragere
1710 2365 1854 2418 soliti
1911 2371 2061 2426 sunt,

2173 2365 2296 2417 σθαι
2338 2364 2620 2417 κελεύουσι
2667 2367 2790 2426 τοὺς
2823 2366 3024 2435 ἄνδρας
3052 2368 3410 2434 γυναικείαις
3447 2369 3683 2430 στολαῖς,
3714 2369 3744 2437 ἡ

491 2462 740 2517 exhiberi
793 2469 1002 2517 vetant.
1040 2460 1306 2513 Praeterea
1340 2459 1468 2512 viris
1540 2457 1789 2510 muliebri
1842 2462 2060 2520 ornatu,

2171 2457 2270 2518 τὰς
2301 2460 2566 2524 γυναῖκας
2603 2455 2893 2526 ἀνδρῲαις,
2919 2452 3008 2510 οἷα
3037 2459 3260 2511 ὲποίουν
3296 2461 3346 2510 oi
3389 2459 3470 2528 τῷ
3511 2458 3747 2528 Διονύσῳ

491 2551 635 2607 virili
676 2550 916 2613 feminis,
947 2566 1068 2620 quae
1130 2549 1516 2604 bacchantium
1576 2548 1680 2603 sibi
1727 2549 2063 2600 consuetudo

2173 2548 2728 2618 βακχεύοντες,ιάλλά
2789 2549 2923 2620 μηδὲ
2982 2554 3305 2619 προσωπεῖα
3364 2553 3595 2622 κωμικὰ
3624 2553 3745 2603 ὐπο-

494 2643 850 2712 permiserat,
887 2641 1136 2708 quinimo
1159 2655 1522 2710 personarum
1550 2654 1786 2707 quoque,
1819 2639 2062 2702 comicze,

2171 2639 2418 2704 δύεσθαι,
2465 2640 2790 2712 ἢτραγικὰ,
2821 2641 2853 2712 ἢ
2891 2644 3182 2711 σατυρικὰ.
3233 2645 3483 2714 κωμικὰ
3534 2645 3632 2714 μὲν
3661 2638 3745 2696 οὖν

493 2736 735 2804 tragicae,
780 2735 1102 2806 satyriczeve
1149 2750 1251 2788 usu
1301 2734 1514 2803 penitus
1551 2732 1919 2786 interdictum.
1969 2731 2066 2785 Est

2171 2737 2492 2807 προσωπεῖα
2541 2738 2648 2787 εἰσι
2707 2735 2776 2787 τά
2823 2737 2904 2796 εἰς
2954 2753 3022 2788 σκ
3045 2735 3270 2804 ῢμματά
3316 2753 3484 2789 τινων
3561 2739 3742 2804 ἐπιτη-

493 2843 626 2882 vero
664 2827 874 2882 comica
914 2841 1172 2896 persona,
1209 2842 1329 2896 quae
1352 2827 1416 2879 ad
1451 2826 1586 2880 alios
1619 2832 1918 2878 scommate
1946 2839 2066 2890 per-

2171 2827 2466 2895 ὃευόμενα·
2506 2826 2752 2896 τραγικὰ
2813 2826 2870 2879 δὲ
2909 2825 2979 2879 τά
3022 2827 3308 2895 περιπαθῆ
3363 2827 3462 2880 καὶ
3521 2826 3743 2896 θρήνους

403 2923 406 2928 ’
495 2919 845 2988 stringendus
905 2921 1230 2974 assumitur.
1293 2916 1545 2985 Tragica,
1595 2933 1716 2986 quae
1779 2917 1979 2986 perturl

2173 2919 2535 2989 ἐμποιοῦντα·
2591 2919 2658 2972 τὰ
2695 2918 2752 2971 δὲ
2817 2920 3086 2990 σατυρικὰ
3127 2919 3233 2971 τῶν
3269 2918 3365 2971 ἐπὶ
3411 2919 3489 2988 τῷ
3518 2915 3742 2987 Διονύσῳ

495 3013 671 3068 tiones
701 3011 867 3066 animi
916 3027 978 3066 ac
1013 3011 1230 3066 dolores
1269 3013 1478 3067 incitat.
1530 3011 1774 3079 Satyrica
1823 3012 2064 3073 demum,

2173 3011 2520 3082 τελουμένων
2547 3007 2707 3082 ἦσαν.
2747 3012 2858 3064 Καὶ
2885 3013 2933 3064 οἱ
2964 3013 3190 3082 σάτυροι
3222 3012 3355 3082 γὰρ,
3399 3012 3477 3074 ὡς
3506 3013 3564 3065 αἱ
3618 3013 3744 3066 Βάκ·

495 3121 684 3161 eorum
719 3107 813 3176 qui
843 3105 1062 3160 Baccho
1096 3105 1448 3160 initiarentur
1482 3108 1698 3175 propria
1752 3105 1873 3160 fuit.
1906 3105 2067 3175 Saty-

2171 3124 2282 3177 χαι,
2321 3107 2420 3174 τῆς
2455 3106 2582 3176 περὶ
2620 3104 2709 3156 τὸν
2744 3107 3000 3158 Διόνυσον
3023 3102 3347 3176 ἐμπλήκτου
3387 3105 3610 3175 χορείας
3639 3105 3743 3158 ἐλέ-

498 3211 683 3252 rorum
736 3198 1033 3267 siquidem,
1087 3199 1232 3253 sicut
1276 3208 1329 3252 et
1382 3200 1737 3264 Baccharum,
1790 3213 1820 3253 e
1866 3196 2066 3253 Bacchi

2176 3215 2336 3267 γοντο
2361 3194 2524 3250 εἶναι.
2549 3197 2702 3267 Μήτε
2730 3196 2839 3266 μὴν
2868 3196 2930 3250 τὸ
2949 3196 3045 3249 τοῦ
3070 3197 3334 3250 Διονύσου
3361 3198 3533 3268 δνομα
3561 3199 3617 3251 ὲν
3635 3198 3743 3258 ταῖς

497 3289 758 3344 comitatu
790 3305 914 3345 esse
947 3289 1233 3345 dicebatur
1263 3291 1353 3344 illa
1407 3291 1608 3346 furoris
1655 3291 1869 3345 attoniti
1907 3289 2065 3360 plena

2173 3290 2355 3361 ληνοῖς
2383 3291 2700 3359 ὀνομάζειν,
2743 3291 2883 3360 μήτε
2912 3292 3027 3353 τοῖς
3069 3289 3248 3353 πίθοις
3286 3291 3623 3360 ἐγχεομένου
3654 3287 3740 3342 τοῦ

500 3383 739 3436 saltatio.
771 3383 850 3436 Ad
880 3385 992 3438 hazc
1043 3400 1218 3453 neque
1259 3385 1455 3443 Βενεοὴὶ
1494 3401 1687 3438 nomen
1737 3385 1790 3438 in
1826 3384 2067 3438 torcula-

2176 3383 2322 3436 οἴνου
2362 3382 2532 3454 γελᾷν
2565 3384 2657 3435 καὶ
2689 3382 3108 3454 ἐπικαγχάζειν.
3157 3383 3217 3436 Ὀ
3247 3382 3305 3435 δὲ
3349 3383 3605 3444 Διόνυσος
3635 3380 3743 3440 θεὸς

501 3471 654 3526 ribus
689 3473 888 3541 passim
924 3476 1080 3538 cieri,
1111 3490 1287 3542 neque
1341 3490 1574 3536 merum,
1606 3475 1815 3527 interea
1848 3474 1976 3527 dum
2011 3475 2070 3527 in

2178 3474 2456 3545 ἐνομίζετο
2480 3451 2595 3537 τοῖς
2630 3451 2929 3544 Ἕλλησιν,
2958 3451 3155 3544 ἑῷορος
3189 3475 3302 3543 τῆς
3321 3475 3499 3544 μέθης
3531 3475 3626 3527 καὶ
3655 3471 3739 3526 τοῦ

499 3563 661 3618 doliis
685 3565 966 3628 conditur,
1000 3570 1110 3621 risu
1141 3578 1196 3620 et
1225 3566 1498 3620 cachinno
1560 3566 1824 3647 prosequi
1857 3566 2068 3620 sinunt.

2181 3568 2326 3621 οἴνου
2359 3568 2547 3638 δοτὴρ.
2598 3569 2664 3619 "A
2694 3567 2788 3641 καῖ
2824 3565 2921 3621 νῦν
2959 3567 3202 3633 γίνονται
3240 3568 3395 3640 παρὰ
3443 3570 3558 3630 τοῖς
3587 3565 3741 3636 άγρό-

503 3654 672 3710 Porro
707 3655 953 3712 Bacchus
984 3673 1013 3711 a
1045 3657 1248 3712 Graecis
1289 3659 1343 3710 in
1389 3658 1613 3712 deorum
1649 3672 1876 3711 numero
1916 3657 2068 3711 habi-

2180 3676 2327 3722 ταις,
2383 3658 2458 3728 μὴ
2514 3658 2712 3712 εἰδόσιν
2761 3655 2796 3711 ει
2845 3656 3110 3710 ποιοῦσιν.
3154 3657 3214 3711 ’0
3274 3658 3333 3712 δὲ
3383 3657 3568 3713 κανὼν
3600 3650 3742 3716 οὗτος

501 3755 614 3808 tus,
647 3763 806 3817 quem
843 3750 1126 3804 ebrietatis
1162 3750 1446 3819 praesident
1495 3750 1715 3816 vinique
1760 3749 2071 3818 largitorem

2185 3750 2313 3814 τοὺς
2381 3750 2479 3821 μὲν
2545 3750 2879 3822 ίερωμένους
2933 3748 3323 3820 καθαιρεῖσθαι
3380 3748 3739 3819 προστάσσει,

505 3840 896 3908 agnoscebant.
948 3839 1010 3892 Hi
1060 3849 1242 3894 tamen
1297 3856 1478 3894 mores
1531 3855 1560 3894 a
1612 3841 1852 3907 rusticis,
1889 3857 2076 3896 eorum

2177 3843 2420 3898 τοιοῦτόν
2466 3863 2520 3899 τι
2574 3845 2862 3910 ποιοῦντας
2910 3847 2967 3899 ὲν
3001 3847 3233 3914 γνώσειο
3264 3847 3395 3908 τοὺς
3446 3846 3503 3897 δὲ
3533 3843 3741 3900 λαῖκοὺς

503 3947 622 3999 quae
657 3933 863 3986 faciunt
889 3933 1252 4000 ignoratione,
1307 3948 1451 3989 nunc
1481 3947 1699 4001 quoque
1745 3933 2073 3990 retinentur.

2217 3935 2565 4008 φορίζεσθαι.
3791 3915 3793 3920 1

503 4027 704 4082 Verum
739 4027 830 4081 hic
860 4043 1058 4092 canon,
1091 4029 1230 4082 sacri
1261 4028 1473 4081 ordinis
1539 4025 1822 4092 clericum,
1891 4027 1937 4081 si
1995 4029 2266 4099 ejusmodi
2332 4029 2608 4100 quidpiam
2659 4029 2840 4086 sciens
2895 4030 3202 4095 admiserit,
3239 4029 3475 4102 deponi;
3559 4024 3740 4080 laicunl

503 4137 635 4177 vero
667 4125 938 4192 segregari
973 4123 1150 4190 jubet.

507 4213 734 4270 AltlST.
775 4235 794 4266 ι
834 4214 875 4268 Α
907 4215 1145 4269 ﬁdelium
1179 4215 1302 4269 vitae
1335 4215 1545 4269 ratione
1573 4213 1893 4271 auferantur
1917 4214 2078 4279 Bota,

2187 4201 2406 4270 ΑΡΙΣΤ.
2446 4235 2465 4267 ι
2513 4215 2920 4287 Περιαιρείσθω
2947 4219 3043 4285 τῆς
3081 4217 3192 4270 τῶν
3228 4217 3440 4269 πιστῶν
3501 4210 3628 4282 βοτά
3658 4221 3742 4260 πο-

584 4325 604 4359 ι
644 4316 698 4361 et
729 4307 1004 4372 Calendae,
1036 4315 1090 4362 et
1116 4306 1416 4366 Bruma‘lia,
1444 4315 1497 4359 et
1548 4307 1600 4359 in
1643 4305 1870 4360 deorum
1906 4307 2081 4360 hono-

2265 4327 2284 4360 ι
2328 4307 2556 4373 λιτειας,
2599 4311 2691 4362 καὶ
2739 4311 2795 4364 αἱ
2847 4309 3136 4371 καλάνδαι,
3164 4307 3286 4362 ’καὶ
3320 4308 3390 4362 τὰ
3428 4302 3739 4377 βρουμάλιαι

587 4418 606 4451 ι
649 4415 761 4453 rem
809 4399 1153 4461 saltationes,
1204 4408 1258 4452 et
1315 4397 1556 4462 comicae,
1609 4405 1662 4452 et
1709 4399 1979 4469 satyricae,
2027 4407 2161 4495 etD

2264 4423 2283 4456 ι
2329 4403 2425 4456 καὶ
2462 4404 2516 4457 αἱ
2550 4404 2808 4475 ὀρχήσεις
2837 4403 2919 4466 εἰς
2951 4401 3128 4465 θεοὺς,
3155 4402 3250 4455 καὶ
3273 4403 3343 4454 τά
3373 4397 3617 4468 κωμικὴ,
3657 4389 3740 4495 καῖ

589 4510 606 4543 ι
650 4493 866 4563 tragica:
891 4505 1159 4560 personas,
1189 4488 1466 4542 etBacchi
1519 4490 1573 4543 in
1608 4492 1973 4546 torcularibus
2001 4492 2086 4545 iu-
2115 4482 2156 4495 ”

2265 4514 2283 4548 ι
2333 4495 2624 4565 σατυρικὰ,
2673 4497 2768 4549 καὶ
2820 4494 3063 4563 τραγικὰ
3123 4495 3418 4564 πρόσωπα,
3474 4490 3567 4542 καὶ
3599 4489 3630 4554 ἡ
3663 4482 3743 4536 ἐπὶ

588 4605 607 4637 ι
647 4585 883 4646 vocatio,
939 4582 1194 4651 risnsilue
1251 4587 1307 4636 in
1351 4583 1534 4638 doliis.
1593 4583 1696 4648 Qui
1751 4594 1931 4637 autem
1963 4592 2086 4654 post

2267 4605 2286 4639 ι
2333 4587 2516 4656 ληνοῖς
2542 4586 2638 4640 τοῦ
2669 4589 2927 4640 Διονύσου
2968 4587 3280 4656 ἐπίκλησις,
3314 4585 3410 4638 καὶ
3451 4585 3478 4636 ὁ
3521 4581 3611 4632 ἐπὶ
3643 4578 3742 4635 τοῖς

587 4697 605 4730 ι
646 4691 911 4732 canonem
939 4674 996 4729 in
1022 4675 1108 4731 bis
1140 4677 1464 4745 persistunt,
1498 4677 1722 4731 obnoxii
1753 4688 1902 4733 sunt.
1952 4698 1971 4730 ι

2268 4698 2288 4732 ι
2333 4679 2512 4743 πίθοις
2539 4679 2735 4748 γέλως.
2792 4680 2856 4732 ΟΞ
2880 4679 2938 4732 δὲ
2966 4679 3320 4748 ἐπιμένοντες
3353 4677 3496 4747 μετὰ
3534 4672 3623 4724 τὸν
3657 4683 3744 4720 κα-

2269 4790 2288 4824 ι
2335 4773 2481 4836 νόνα,
2512 4771 2825 4828 ὑπεύθυνοι.
2859 4789 2878 4822 ι
3110 4820 3120 4831 ,

583 4852 810 4908 Omnem
837 4851 1203 4906 idololatriam
1238 4861 1291 4907 et
1314 4853 1608 4906 vanitatem
1633 4869 1663 4907 e
1687 4853 1922 4909 fidelium
1957 4871 2088 4909 cou-

2263 4867 2450 4920 Πάντα
2482 4865 2556 4918 τὰ
2588 4867 2686 4935 τῇς
2721 4863 3009 4932 είδωλικῆς
3038 4863 3132 4915 καὶ
3165 4862 3528 4932 ματαιότητος
3559 4857 3620 4908 ἐκ
3651 4850 3741 4915 τῆς

466 4944 826 5018 ~versatione.
884 4942 1070 4997 Patres
1121 4943 1395 5007 tollentes,
1454 4961 1559 4999 non
1633 4948 1954 5016 permittunt
2001 4962 2042 5001 c:

2189 4955 2298 5009 τῶν
2350 4956 2557 5008 πιστῶν
2606 4955 2886 5018 πολιτείας
2928 4955 2978 5007 οἱ
3035 4953 3280 5034 ῌατέρες
3318 4945 3735 5022 περιαιροῦντες.

517 5054 643 5108 qua;
698 5037 752 5090 in
800 5037 1055 5106 praesenti
1110 5053 1322 5092 canone
1367 5038 1573 5094 diserte
1625 5051 2005 5112 nutrierantur,
2057 5057 2086 5096 a

2191 5048 2297 5100 οὐκ
2326 5047 2611 5117 ἀνέχονται
2659 5047 2931 5101 τελεῖσθαι
2966 5046 3120 5116 παρὰ
3171 5044 3280 5098 τῶν
3308 5037 3642 5115 Χριστιανῶν
3673 5030 3735 5083 τὰ

515 5131 845 5186 Christianis
872 5131 1057 5200 peragi
1090 5147 1104 5184 :
1140 5132 1233 5186 sed
1277 5133 1324 5187 si
1359 5133 1466 5187 sint
1507 5133 1731 5203 quidem
1755 5134 1966 5194 clerici.
1997 5134 2090 5203 qui

2189 5143 2248 5195 ἐν
2285 5141 2364 5210 τῷ
2395 5142 2625 5211 παρόντι
2661 5141 2846 5194 κανόνι
2901 5140 3080 5210 ῥητῶς
3123 5136 3588 5208 ἀπηριθμημένα·
3632 5123 3737 5180 ἀλλ’

517 5227 632 5278 haec
656 5233 708 5280 et
741 5224 1013 5290 ejusmodi
1046 5223 1278 5288 faciunt,
1309 5226 1500 5295 deponi
1553 5226 1706 5296 jubet
1746 5241 1958 5300 canon;
2005 5227 2089 5282 sin

2191 5236 2241 5287 εἰ
2273 5234 2370 5301 μὲν
2415 5234 2668 5304 κληρικοί
2715 5235 2852 5293 εἰσιν
2892 5234 2940 5285 οἱ
2989 5233 3219 5285 τοιαῦτα
3254 5230 3552 5287 ποιοῦντες,
3579 5231 3733 5290 προσ-

523 5334 651 5373 vero
680 5317 824 5383 laici,
857 5319 1158 5388 segregari.

2195 5325 2381 5380 τάττει
2439 5325 2856 5396 καθαιρεῖσθαι·
2908 5325 2959 5376 εἰ
3002 5323 3060 5377 δὲ
3118 5323 3322 5388 λαῖκοὶ,
3377 5310 3733 5390 ἀφορίζεσθαι·

1071 5409 1300 5466 CANON
1355 5410 1536 5467 LXIII.

2769 5410 3009 5471 ΚΔΝΩΝ
3057 5411 3177 5468 El".

526 5521 549 5557 ι
585 5502 720 5572 Qua:
775 5517 804 5557 a
851 5504 1100 5560 veritatis
1150 5505 1404 5560 hostibus
1465 5505 1605 5560 falso
1659 5507 1907 5562 conﬁctae
1963 5516 2093 5562 sunt

2203 5529 2221 5563 ι
2268 5510 2352 5565 Τά
2405 5509 2619 5580 ψευδῶς
2657 5510 2762 5564 ὑπὸ
2800 5509 2909 5563 τῶν
2949 5509 3047 5578 τῆς
3094 5507 3354 5579 ἀληθείας
3392 5497 3600 5574 ἐχθρῶν
3632 5485 3731 5564 (⁷ο)

1682 5598 1876 5658 Guill.
1914 5599 2242 5679 Beveregii
2278 5609 2464 5663 noue.
3251 5653 3266 5672 ,,

598 5695 707 5772 (69)
737 5695 840 5772 4rd
864 5697 970 5772 τοῦ
1007 5698 1490 5772 λέγεινιῐὶοοιίιιε
1542 5701 1728 5756 itidem
1774 5701 1829 5756 in
1870 5718 1972 5758 ms.
2019 5703 2092 5755 Αο

2272 5705 2386 5772 (το)
2453 5703 2530 5759 Τὰ
2578 5703 2816 5772 ψευδῶς
2856 5703 2973 5758 ὑπὸ
3023 5701 3142 5755 τῶν
3199 5703 3308 5770 τῆς
3350 5693 3619 5772 ἀληθείας
3643 5684 3730 5772 ‘11:

529 5755 918 5824 merbachiano
946 5755 1140 5841 legitur
1173 5771 1261 5825 διὰ
1297 5770 1394 5825 τοῦ
1421 5771 1628 5841 λέγειν.
1653 5755 1665 5756 ί
1802 5755 1828 5756 η
1928 5755 1971 5758 ’-

2204 5755 2382 5842 θρῶιλί
2447 5755 2809 5831 ἀοιιεῖοιιιὶηἷ
2855 5755 3528 5843 Ῐιιιιλιιιοιιομιιιῗὀρίιοίιιο
3586 5755 3725 5823 liuj'us
