3992 6484
613 359 715 419 735

1863 369 1965 427 ΤΗ
1975 369 2066 428 ΕΟ
2079 371 2142 430 D.
2187 370 2278 429 BA
2288 371 2588 432 LSAMON
2669 412 2678 417 κ

3692 394 3777 452 733i

681 471 932 527 ZUNAR.
967 471 1199 539 Quidam
1235 493 1264 532 a
1300 479 1400 530 lide
1432 480 1594 534 alie-ni
1641 482 1912 560 homines,
1956 492 2147 536 nostro

2342 486 2587 541 ZQNAP.
2639 486 2773 540 Ὑπδ
2805 489 3071 556 ἀπίστων,
3107 491 3182 556 ὡς
3230 491 3393 560 ἔοικε,
3424 495 3663 553 θελόντων
3688 503 3784 558 δια·

612 580 728 615 rum
765 567 1103 620 accusationi
1149 577 1202 622 et
1239 574 1587 626 contumeliis
1633 556 1851 637 inienti,
1913 577 2170 631 nonnulla

611 659 764 722 plena
817 659 1176 716 absurditatis
1213 672 1266 716 et
1302 663 1651 733 ineptiarum,
1700 668 1859 737 quasi
1892 684 1920 722 a
1969 682 2172 743 marty-

608 747 756 800 ribus
786 747 928 803 dicta
963 760 1058 805 aut
1107 754 1302 809 eﬂ'ecta
1351 757 1604 824 inissent,
1637 759 1834 815 litteris
1874 762 2165 831 consigna-

609 847 798 890 rerant
830 858 842 892 :
880 853 935 892 ut
971 843 1023 895 in
1057 858 1122 900 eo
1147 846 1357 899 scilicet
1391 847 1511 901 lidei
1563 860 1764 905 nostrae
1797 861 2166 922 contemptus,

606 937 656 981 et
689 932 896 985 sanctis
919 949 1135 1004 quoque
1162 940 1492 1008 martyribus
1519 941 1816 1010 ignominia
1849 946 2167 1005 conciliare.
2201 969 2205 978 ί

599 1004 712 1076 iur.
741 1021 936 1078 Eorum
967 1041 1073 1080 non
1103 1029 1266 1082 modo
1298 1031 1531 1087 lectione
1561 1035 1853 1095 interdicit.
1882 1039 2041 1110 233
2069 1041 2163 1095 sed

597 1113 834 1171 ﬂaltnnis
867 1134 1085 1189 quoque
1121 1123 1327 1178 aboleri
1357 1141 1552 1181 canon‘
1575 1127 1746 1196 jubet.
1781 1131 1880 1196 Qui
1927 1151 2056 1187 vero
2101 1149 2164 1188 ea

603 1204 851 1273 legerint,
881 1224 944 1264 ac
983 1227 1080 1277 pro
1115 1216 1261 1270 veris
1309 1220 1642 1288 acceperint,
1678 1224 2020 1280 anathemate
2062 1242 2164 1296 pn-

597 1298 831 1352 niendos
874 1315 995 1354 esse
1029 1303 1293 1362 decernit.

593 1383 829 1446 'AitlST.
897 1411 916 1445 ι
962 1394 1346 1468 Martyrologia
1409 1402 1478 1454 ab
1531 1402 1769 1459 ethnicis
1819 1408 2050 1462 conﬁcta
2108 1408 2163 1463 in

963 1507 982 1538 ι
1025 1490 1253 1545 ecclesia
1284 1509 1351 1545 ne
1385 1494 1754 1562 publicentur.
1801 1516 1821 1550 ι

671 1573 1056 1646 Martyrologia
1092 1581 1144 1635 in
1202 1584 1403 1640 Christi
1461 1601 1756 1660 martyrum
1809 1589 2160 1660 ignominiam

599 1667 666 1720 ab
695 1668 932 1723 ethnicis
966 1676 1273 1744 conscripta
1322 1694 1425 1731 non
1454 1690 1671 1749 oportet
1718 1683 1771 1737 in
1803 1686 2052 1742 ecclesiis
2092 1687 2166 1742 le-

518 1765 522 1772 '
596 1774 744 1827 gere,
775 1761 869 1815 sed
907 1765 1014 1832 igni
1043 1765 1281 1823 tradere.
1318 1771 1372 1823 Si
1405 1773 1529 1840 quis
1561 1783 1739 1829 autem
1782 1777 2161 1847 deprehenda-

563 1899 568 1903 _
595 1857 684 1902 tur
710 1866 794 1918 ea,
825 1864 883 1908 ut
913 1871 1064 1921 vera,
1099 1860 1392 1932 recipiens,
1429 1872 1773 1928 anathemate
1806 1882 2147 1946 percutiatur.

2261 1874 2372 1926 για.
2405 1860 2465 1914 Εἰ
2490 1861 2546 1914 δέ
2576 1879 2658 1924 τις
2685 1865 2907 1936 εὑρεθῇ,
2936 1866 3011 1930 ὡς
3035 1846 3412 1941 άληθῆνταὴῠτα
3436 1846 3784 1942 παραδεχόμεν

1135 2041 1364 2098 CANON
1424 2047 1604 2106 LXIV.

534 2195 536 2197 γ
601 2138 622 2174 r
659 2120 812 2188 Quod
841 2141 943 2179 non
987 2141 1201 2193 oportet
1259 2135 1455 2191 laicum
1496 2144 1708 2209 publice
1742 2149 2024 2218 disputare
2074 2161 2156 2213 vel

529 6032 545 6057 δ

671 2231 689 2265 ι
731 2215 951 2277 docere,
985 2221 1217 2277 docendi
1263 2231 1642 2288 auctoritatem
1675 2255 1736 2292 ex
1782 2257 1847 2295 eo
1894 2246 1994 2299 sibi
2031 2249 2152 2302 vin-

672 2325 690 2357 α
733 2308 1031 2376 dicantem,
1061 2317 1155 2370 sed
1187 2321 1365 2376 ordini
1394 2335 1422 2376 a
1453 2324 1681 2382 Domino
1712 2335 1910 2412 tradito
1938 2341 2152 2407 cedere,

664 2417 683 2451 ι
724 2409 778 2452 et
807 2416 992 2458 aurem
1023 2406 1110 2468 iis,
1140 2411 1231 2478 qui
1265 2413 1493 2470 docendi
1522 2423 1750 2487 gratiam
1798 2406 2148 2499 acceperunt.

662 2494 688 2542 ι’
725 2496 960 2560 aperire,
995 2509 1048 2553 et
1073 2500 1259 2558 divina
1291 2507 1361 2560 ab
1399 2509 1478 2564 eis
1507 2510 1714 2569 doceri.
1770 2518 1824 2572 In
1859 2538 1961 2576 una
2005 2528 2148 2582 enim

663 2601 683 2632 ι
728 2582 966 2642 Ecclesia
995 2589 1209 2649 diversa
1274 2601 1516 2657 membra
1564 2604 1688 2661 fecit
1743 2609 1906 2674 Deus,
1957 2625 2015 2670 ut
2068 2630 2151 2673 est

662 2693 681 2726 ‹
723 2692 820 2730 vox
870 2679 1113 2748 Apostoli
1152 2703 1166 2739 :
1228 2705 1391 2758 quam
1445 2694 1808 2767 interpretans
1855 2705 2150 2778 Gregorius

661 2784 678 2817 ι
723 2766 1047 2842 Theologus,
1083 2793 1206 2832 eum
1241 2783 1332 2850 qui
1370 2784 1421 2838 in
1458 2785 1524 2842 iis
1563 2798 1648 2845 est
1688 2794 1929 2851 ordinem
1962 2815 2149 2869 aperte

661 2874 681 2907 ι
721 2867 1088 2931 commendat,
1117 2869 1310 2927 dicens
1349 2891 1364 2928 :
1397 2874 1552 2934 Hunc
1592 2885 1840 2941 ordinem
1898 2867 2149 2949 reverea-

661 2971 680 3005 r
726 2971 868 3017 mur.
902 2959 1121 3026 fratres,
1176 2969 1322 3024 hunc
1350 2986 1652 3033 servemus.
1703 2981 1801 3037 Hic
1830 2988 2046 3054 quidem
2075 2993 2146 3046 sit

581 3109 589 3134 1
656 3065 677 3098 4
720 3051 905 3116 auris;
943 3053 1033 3109 ille
1062 3073 1188 3110 vero
1217 3061 1435 3129 lingua;
1467 3066 1555 3152 hic
1582 3081 1762 3127 autem
1793 3092 2020 3145 manus;
2055 3083 2144 3138 ille

564 3181 566 3183 ,
657 3157 676 3190 ι
717 3156 847 3197 vero
876 3145 1081 3216 aliquid
1127 3151 1294 3206 aliud.
1347 3155 1446 3212 llic
1484 3145 1704 3228 quidem
1757 3166 1948 3224 doceat

657 3252 674 3286 ι
716 3251 843 3291 vero
877 3239 1070 3297 discat.
1129 3243 1189 3298 Et
1236 3249 1396 3314 paulo
1430 3264 1554 3321 post
1584 3273 1598 3309 :
1627 3255 1690 3310 Et
1736 3263 1825 3328 qui
1871 3265 2052 3330 discit,
2089 3269 2141 3323 in

659 3344 675 3376 ι
719 3329 1022 3395 docilitate,
1057 3346 1109 3388 et
1139 3340 1230 3406 qui
1279 3345 1614 3411 suppeditat,
1670 3350 1721 3405 iu
1756 3355 2053 3420 hilaritate.
2089 3373 2142 3414 et

655 3438 674 3470 ι
717 3421 809 3488 qui
849 3439 1006 3487 opem
1039 3428 1144 3481 fert
1185 3445 1247 3485 ac
1279 3436 1685 3505 subministrat,
1736 3446 1788 3499 in
1841 3432 2138 3506 alacritate.

652 3531 669 3562 ι
718 3514 796 3566 Ne
827 3518 1000 3570 simus
1033 3539 1223 3577 omnes
1248 3525 1453 3594 lingua,
1493 3535 1636 3602 quod
1673 3549 1755 3590 est
1796 3546 2140 3612 promptissi-

586 3647 592 3652 .
653 3625 670 3654 ι
716 3622 898 3672 mum;
959 3628 1024 3665 ne
1084 3631 1276 3672 omnes
1334 3626 1599 3690 apostoli;
1663 3645 1726 3681 ne
1769 3647 1959 3688 omnes
2009 3652 2139 3703 pro-

652 3715 671 3748 r
713 3699 920 3767 pheta;
982 3721 1049 3758 ne
1117 3722 1309 3767 omnes
1379 3715 1817 3785 interpretemur.
1883 3725 1946 3778 Et
2010 3699 2138 3792 ipost

651 3809 670 3842 ι
713 3798 955 3862 quaedam
986 3802 1128 3871 :_Cur
1156 3813 1206 3854 te
1247 3816 1514 3872 pastorem
1543 3810 1696 3878 facis,
1729 3830 1849 3868 cum
1878 3817 1953 3870 sis
1981 3820 2139 3876 ovis?

655 3907 673 3938 ε
714 3889 825 3942 Cur
865 3902 1030 3958 caput
1062 3894 1312 3963 elliceris,
1353 3916 1473 3952 cum
1514 3902 1592 3955 sis
1639 3906 1770 3972 pus?
1817 3891 1931 3960 Cur
1969 3910 2138 3978 impe-

650 4001 668 4032 ‹
713 3991 861 4036 rator
888 4001 1011 4038 esse
1039 3990 1278 4052 conaris,
1328 4008 1449 4044 cum
1496 3995 1695 4050 relatus
1733 3998 1808 4052 sis
1849 4000 1900 4053 in
1947 4019 2138 4058 mune-

647 4095 664 4126 ‹
708 4091 822 4128 rum
853 4080 1122 4132 militum?
1152 4080 1209 4135 Et
1265 4084 1392 4137 alibi
1433 4085 1584 4153 jubet
1614 4086 1918 4156 Sapientia,
1952 4093 2028 4147 Ne
2059 4095 2136 4150 sis

647 4189 664 4218 ε
709 4169 859 4222 velox
909 4171 961 4224 in
1013 4175 1397 4240 sermonibus;
1455 4194 1544 4240 ne,
1598 4195 1719 4233 cum
1778 4183 1852 4236 sis
1909 4201 2133 4256 pauper,

643 4280 662 4311 r
712 4279 817 4316 una
855 4279 980 4317 cum
1028 4265 1198 4340 divite
1245 4271 1594 4334 extendaris;
1645 4289 1742 4328 nec
1779 4293 1992 4343 quaeras
2043 4296 2133 4333 sa-

643 4373 662 4405 ‹
709 4357 980 4424 pientibus
1015 4376 1136 4414 esse
1177 4362 1496 4427 sapientior.
1547 4365 1599 4418 Si
1627 4369 1747 4435 quis
1780 4380 1956 4424 autem
1999 4389 2134 4440 prae-

644 4467 661 4499 ι
705 4460 910 4503 sentem
987 4466 1254 4505 canouem
1350 4455 1686 4516 labefactans
1764 4460 2134 4529 deprrllcusus

641 4559 658 4588 ‹
704 4540 885 4606 fuerit,
921 4543 1280 4614 quadraginta
1313 4546 1505 4601 diebus
1537 4563 1870 4619 sngrcgetur.
1914 4575 1932 4606 ι

634 4630 827 4685 BALS.
878 4632 1143 4699 Populum
1180 4635 1393 4690 Domini
1447 4640 1660 4705 ducere,
1707 4654 1762 4695 et
1813 4645 1997 4699 divina
2035 4650 2132 4704 de-

563 4729 715 4772 creta
748 4719 1120 4789 interpretari,
1172 4724 1305 4777 solis
1334 4727 1628 4784 antistibus
1671 4745 1700 4784 a
1729 4734 1908 4788 divina
1961 4735 2136 4807 Spiri-

574 4817 664 4862 tus
716 4813 888 4878 gratia
950 4828 1271 4868 concessum
1325 4826 1426 4882 est,
1473 4831 1526 4874 et
1579 4821 1643 4875 iis
1677 4826 1877 4893 quibus
1927 4831 1994 4884 ab
2027 4811 2132 4886 illis

563 4903 889 4970 permissum
921 4915 1021 4961 est.
1046 4907 1214 4964 Utest
1236 4925 1365 4980 ergo
1394 4915 1704 4980 verisimile,
1737 4920 1954 4988 quidam
2001 4925 2127 4979 laici

561 5005 614 5047 et
659 4992 796 5049 forte
827 4998 990 5050 etiam
1034 4999 1207 5065 docti,
1249 5001 1316 5055 de
1364 5006 1692 5069 quibusdam
1742 5013 2133 5071 ecclesiasticis

563 5086 902 5152 argumentis
930 5088 1144 5155 publice
1167 5090 1544 5160 disputabant,
1566 5109 1618 5147 et
1639 5102 1930 5165 quamdam
1956 5115 2133 5158 aucto-

562 5174 776 5228 ritatem
805 5177 1036 5235 docendi
1075 5195 1182 5245 prae
1207 5195 1265 5233 se
1299 5181 1563 5238 ferebant.
1596 5185 1770 5240 Divini
1792 5205 1920 5259 ergo
1945 5191 2132 5248 Patres

564 5265 668 5319 hoc
739 5269 1116 5336 prohibentes,
1184 5282 1518 5341 statuerunt,
1576 5293 1643 5332 ne
1697 5279 1824 5348 quid
1895 5285 2130 5350 amplius

563 5357 835 5423 ejusmodi
882 5359 1055 5422 fieret,
1108 5379 1178 5417 ne
1208 5351 1465 5421 Ecclesia:
1496 5367 1629 5423 ordo
1680 5363 2128 5431 conlutulerctur.

565 5447 670 5502 Sed
708 5451 990 5519 quoniam,
1047 5454 1247 5524 inquit,
1289 5458 1431 5513 Deus
1478 5477 1542 5514 ex
1593 5463 1824 5519 diversis
1873 5469 2132 5523 membris

564 5537 864 5595 Ecclesium
896 5543 1012 5596 suis
1045 5545 1270 5599 stabiiiit
1300 5557 1353 5602 et
1377 5551 1569 5614 erexit,
1593 5561 1645 5605 et
1663 5556 2020 5608 constitutum
2049 5565 2132 5612 est

565 5641 624 5689 ut
673 5633 795 5686 laici
846 5634 1193 5704 docerentur,
1235 5656 1356 5706 nou:
1385 5642 1667 5708 docerent,
1721 5645 1919 5701 debent
1953 5649 2133 5716 potius

564 5739 751 5785 aurem
808 5726 1134 5783 docentibus
1194 5734 1459 5802 praebere,
1511 5750 1671 5804 quam
1725 5739 1962 5810 linguam
2014 5757 2132 5792 ιιιυ.

568 5832 714 5882 νει-ε,
747 5832 810 5872 ac
839 5818 1041 5875 multos
1073 5822 1347 5882 olIendere
1380 5845 1392 5883 :
1428 5836 1482 5882 ct
1512 5829 1888 5901 unusquisque
1914 5847 2133 5889 manere

1999 3189 2013 3226 :
2058 3176 2144 3229 ille
2171 3186 2213 3244 ο

2279 575 2465 646 σύρειν
2499 579 2568 630 τὰ
2593 579 2701 631 τῶν
2734 581 3077 648 Χριστιανῶν
3121 587 3530 666 συνεγράφησάν
3567 609 3692 656 τινα,
3724 596 3785 659 ὡς

2271 666 2531 736 λεχθέντα
2585 673 2680 724 καὶ
2716 673 3036 743 πραχθέντα
3084 677 3239 747 παρὰ
3280 679 3386 733 τῶν
3421 680 3582 748 ἁγίων
3613 689 3779 754 μαρτύ-

2272 776 2404 830 ρων,
2434 760 2699 818 ἀλλόκοτα
2729 765 2761 836 ἢ
2793 767 2886 819 καὶ
2937 767 3143 846 γελοῖα,
3182 770 3250 824 ἵν’
3294 769 3434 825 οὕτω
3479 776 3784 846 καταγελῴτο

2273 852 2374 919 μὲν
2409 853 2441 924 ἡ
2477 853 2666 919 πίστις
2698 857 2874 927 ήμῶν,
2904 859 3210 932 ὑϐρίζοιντο
3236 863 3291 916 δὲ
3322 866 3414 918 καὶ
3443 866 3491 917 οί
3523 867 3783 938 μάρτυρες.

2269 941 2349 996 Τὰ
2378 944 2509 1010 γοῦν
2530 949 2754 1001 τοιαῦτα
2784 950 2844 1003 οὐ
2875 952 3037 1020 μόνον
3062 954 3528 1023 ἀναγινώσκεσθαι
3561 958 3738 1010 κωλύει
3763 963 3785 1012 6

2243 1017 2472 1102 ικανὼν,
2504 1040 2640 1093 ἀλλὰ
2687 1043 2782 1095 καὶ
2827 1047 3004 1096 καίειν
3042 1048 3181 1101 αὐτὰ
3230 1049 3466 1103 ἀπαιτεῖ.
3497 1050 3556 1102 El
3594 1051 3646 1103 δέ
3666 1068 3785 1114 τινες

2265 1125 2476 1190 τούτοις
2500 1131 2739 1200 χρῶνται
2768 1135 3118 1200 πιστεύοντες
3135 1138 3210 1202 ὡς
3242 1139 3516 1209 ἀληθέσιν,
3549 1140 3785 1210 ἀναθεμαι

2263 1210 2508 1280 τίζέσθαι
2536 1222 2756 1277 κελεύει
2785 1226 3011 1290 αὐτούς.
3696 1223 3702 1230 ’

2265 1399 2488 1454 ΑΡΙΣΤ.
2523 1419 2542 1452 ι
2592 1402 2670 1457 Τὰ
2702 1405 2793 1471 ὑφ’
2829 1405 3097 1478 Ἑλλήνων
3134 1409 3560 1480 συμπλασθέντα
3588 1429 3784 1483 μαρτυ-

2585 1511 2604 1544 ‹
2638 1495 2854 1565 ρολόγνα
2882 1497 2956 1568 μὴ
2987 1501 3420 1570 ἐκκλησιάζοιτο.
3449 1522 3469 1554 ι

2335 1581 2410 1633 υύ
2441 1583 2524 1636 δεῖ
2549 1586 2635 1637 ἐπ’
2660 1587 2982 1659 ἐκκλησίαις
3009 1590 3506 1659 ἀναγινώσκεσθαι,
3545 1583 3679 1649 ἀλλῖ
3705 1597 3788 1650 καὶ

2265 1680 2402 1743 πυρὶ
2433 1677 2844 1746 παραδίδοσθαι,
2876 1681 2946 1735 τὰ
2977 1683 3114 1754 πρὸς
3137 1684 3293 1753 ὓϐριν
3323 1685 3432 1739 τῶν
3457 1685 3546 1740 τοῦ
3583 1689 3787 1757 Χριστοῦ

2266 1768 2559 1837 μαρτύρων
2592 1773 2744 1842 παρὰ
2764 1773 2870 1828 τῶν
2885 1774 3154 1846 Ἑλλήνων
3177 1780 3460 1848 γραφέντα
3489 1783 3790 1852 μαρτυρολά-

2259 1967 2369 2016 νος,
2404 1953 2906 2025 ἀναθεματιςέσθω.

2840 2053 3079 2106 ΚΑΝΩΝ
3111 2053 3226 2108 sy.
3679 2115 3692 2132 .

2263 2155 2282 2190 ι
2329 2138 2450 2190 Ὀτι
2475 2141 2535 2192 ού
2571 2142 2675 2212 χρὴ
2728 2143 2965 2217 δημοσίᾳ
2998 2145 3186 2202 λαῖκὸν
3223 2148 3384 2216 λόγον
3415 2149 3630 2219 κινεῖνῆ
3665 2151 3787 2204 διδά-

2333 2249 2352 2281 ι
2400 2248 2571 2297 σκειν,
2633 2233 2852 2306 ἀξίωμα
2909 2239 3093 2310 ἑαυτῷ
3141 2240 3534 2303 διδασκαλικὸν
3566 2242 3786 2296 ἐντεῦθεν

2243 2351 2246 2354 ›
2331 2339 2350 2372 r
2396 2327 2884 2396 περιποιούμενον,
2937 2329 3056 2383 ἀλλ’
3103 2331 3279 2386 εῐκειν
3338 2337 3405 2404 τῇ
3452 2335 3785 2404 παραδοθείσῃ

2330 2432 2348 2464 ι
2395 2416 2543 2484 παρὰ
2574 2417 2670 2470 τοῦ
2719 2421 2924 2489 Κυρίου
2959 2423 3133 2491 τάξει,
3189 2426 3285 2477 καὶ
3344 2427 3408 2479 τὸ
3455 2421 3544 2490 οὖς
3572 2430 3673 2489 τοῖς
3698 2429 3781 2497 τὴν

2330 2523 2349 2554 ί
2397 2509 2555 2576 χάριν
2586 2509 2677 2560 τοῦ
2723 2510 3108 2570 διδασκαλικοῧ
3148 2515 3382 2570 λαϐοῦσι
3431 2519 3586 2587 λόγου
3614 2519 3786 2572 διανοί-

2326 2616 2344 2647 «
2392 2615 2530 2665 γειν,
2573 2602 2666 2653 καὶ
2701 2603 2770 2656 τά
2817 2605 2934 2658 θεῖα
2970 2608 3106 2677 παρ’
3147 2608 3333 2662 αὐτῶν
3365 2610 3779 2664 ἐκδιδάσκεσθαι.

2327 2711 2346 2743 ε
2409 2694 2496 2746 Ἐν
2542 2697 2650 2766 γὰρ
2701 2701 2768 2769 τῇ
2801 2701 2900 2771 μιᾷ.
2959 2701 3228 2774 ἐκκλησίᾳ
3277 2705 3510 2774 διάφορα
3548 2705 3672 2775 μέλη
3701 2722 3778 2757 πε-

2325 2805 2345 2838 (
2394 2787 2618 2858 ποίηκεν
2661 2793 2689 2844 6
2725 2791 2878 2860 Θεὸς,
2911 2795 3053 2848 κατά
3081 2794 3181 2866 τὴν
3221 2799 3313 2850 τοῦ
3342 2797 3659 2851 Ἀποστόλου
3690 2815 3782 2865 φω-

2253 2897 2258 2902 ·
2326 2898 2346 2931 ‹
2388 2881 2510 2951 νήν.
2548 2883 2652 2934 Ἦν
2711 2887 2740 2937 6
2787 2884 3053 2954 Θεολόγος
3104 2890 3432 2958 ἑρμηνεύων
3485 2893 3776 2962 Γρηγὸριος,

2325 2991 2342 3024 ι
2393 2974 2580 3040 σαφῶς
2605 2975 2706 3046 τὴν
2739 2978 2798 3029 ὲν
2818 2979 3029 3043 τούτοις
3057 2981 3212 3046 τάξιν
3246 2985 3572 3055 παρίστησι,
3593 2985 3774 3050 λέγων·

2320 3083 2338 3117 ι
2383 3066 2602 3137 Ταύτην
2640 3070 2923 3141 αἰδώμεθα
2954 3073 3055 3144 τὴν
3101 3074 3274 3139 τάξιν,
3309 3077 3550 3145 ἀδελφοὶ,
3600 3077 3775 3143 ταύτην

2323 3177 2343 3210 ι
2390 3159 2768 3230 φυλάττωμεν.
2829 3163 2898 3217 ."0
2956 3165 3056 3233 μὲν
3105 3165 3247 3220 ἔστω
3303 3186 3390 3230 τις
3476 3168 3629 3239 ἀκοὴ,
3674 3169 3772 3220 ὁδὲ

2323 3271 2341 3302 ι
2387 3252 2630 3318 γλῶττα,
2649 3258 2676 3306 6
2697 3255 2752 3308 δὲ
2773 3256 2919 3327 χεὶρ,
2948 3259 2976 3309 6
3003 3256 3058 3309 δὲ
3087 3257 3214 3311 ἄλλο
3234 3276 3319 3310 τι·
3347 3262 3376 3312 ὁ
3397 3260 3452 3312 δὲ
3479 3260 3772 3312 διδασκέτιιν

2319 3362 2338 3394 ι
2385 3347 2412 3395 6
2451 3345 2506 3397 δὲ
2559 3346 2925 3414 μανθανέτωο
2968 3352 3060 3400 καὶ
3122 3351 3258 3419 μετὰ
3323 3351 3532 3422 βραχέα
3559 3368 3572 3381 °
3610 3349 3709 3404 Καὶ
3752 3351 3775 3399 ὁ

2319 3455 2337 3486 ι
2389 3436 2675 3505 μανθάνων
2706 3441 2764 3491 ἐν
2783 3440 3085 3510 εὐπειθείᾳ,
3121 3443 3217 3494 καὶ
3245 3445 3273 3494 6
3300 3444 3554 3514 χορηγῶν
3600 3445 3653 3494 ἐν
3681 3441 3775 3493 ίλα-

2317 3544 2336 3576 ⁴
2388 3528 2592 3596 ρότητι,
2629 3532 2766 3584 καὶὸ
2795 3531 3088 3603 ὑπουργῶν
3121 3535 3178 3586 ὲν
3201 3535 3492 3606 ’προθυμίᾳ
3517 3551 3532 3567 ⁸
3561 3535 3630 3605 μὴ
3663 3534 3774 3586 πάν-

2317 3637 2336 3669 ι
2381 3636 2473 3680 τες
2529 3615 2678 3690 ὦμεν
2702 3625 2946 3692 γλῶσσα,
2978 3625 3040 3677 τὸ
3075 3627 3428 3696 ἑτοιμότατον
3454 3646 3468 3660 ⁸
3497 3628 3571 3697 μὴ
3601 3629 3774 3682 πάντες

2313 3727 2333 3764 ι
2381 3712 2687 3790 ἀπόστολοι,
2742 3715 2814 3787 μὴ
2856 3717 3058 3780 πάντες
3106 3719 3408 3790 προφῆται,
3464 3721 3537 3788 μὴ
3597 3719 3772 3776 πάντες

2319 3821 2338 3854 ι
2385 3785 2875 3876 διερμηνεύωμεν·
2927 3810 3022 3862 καὶ
3074 3815 3212 3880 μετά
3272 3828 3430 3864 τινα·
3465 3812 3528 3864 Τί
3577 3811 3774 3863 σεαυτὸν

2330 3915 2349 3948 ι
2396 3901 2570 3962 ποιεῖς
2598 3901 2855 3970 ποιμένα,
2887 3903 3158 3972 πρόϐατον
3185 3902 3258 3958 ὧν
3283 3922 3297 3968 ;
3328 3903 3394 3958 Τί
3419 3907 3542 3976 γίνῃ
3569 3903 3772 3972 κεφαλὴν

2321 4008 2338 4041 ι
2382 3992 2516 4056 ποῦς
2570 3995 2892 4064 τυγχάνων;
2962 3996 3027 4050 Τί
3091 4000 3429 4066 στρατηγεῖν
3486 3999 3771 4068 ἐπιχειρεῖς.

2311 4100 2333 4133 ι
2378 4085 2708 4155 τεταγμένος
2741 4089 2798 4139 ὲν
2825 4088 3222 4158 στρατιώταις;
3260 4090 3356 4143 καὶ
3388 4091 3613 4163 ἑτέρωθι
3649 4093 3678 4160 ἡ
3705 4105 3776 4140 σο-

2311 4193 2330 4226 ι
2381 4176 2478 4246 φία
2507 4177 2885 4233 διακελεύεται
2908 4196 2923 4210 ο
2961 4179 3050 4251 Μὴ
3079 4180 3186 4233 ίσθι
3207 4180 3377 4252 ταχὺς
3406 4184 3463 4235 ὲν
3487 4183 3683 4250 λόγοις’
3711 4180 3772 4250 μὴ

2313 4287 2332 4321 ι
2375 4273 2844 4342 συμπαρεκτείνου
2872 4274 3040 4342 πένης
3083 4272 3160 4326 ὢν
3190 4274 3453 4347 πλουσίῳ,
3487 4275 3616 4346 μηδὲ
3645 4274 3773 4343 ζήτει

2313 4381 2331 4413 r
2376 4363 2486 4415 τῶν
2515 4365 2694 4432 σοφῶν
2724 4360 2862 4419 εἶναι
2895 4366 3226 4435 σοφώτερος.
3259 4369 3318 4419 El
3353 4368 3409 4420 δέ
3443 4387 3524 4431 τις
3565 4367 3670 4435 ἁλῷ
3697 4363 3772 4416 τὸν
3869 4387 3876 4392 ·

2313 4475 2331 4507 ι
2375 4459 2616 4527 παρόντα
2650 4459 3043 4526 παρασαλεύων
3072 4460 3291 4524 κανόνα,
3329 4463 3419 4514 ὲττὶ
3443 4463 3647 4532 ἡμέρας
3667 4472 3774 4510 τεσ-
3869 4503 3872 4506 .

2311 4569 2327 4600 ι
2372 4551 2676 4620 σαράκοντα
2711 4551 3070 4620 ἀφοριζὲσοω.

2306 4640 2501 4694 ΒΑΛΣ.
2528 4641 2602 4693 Τὸ
2631 4642 2904 4694 διδάσκειν
2931 4642 3020 4695 τὸν
3055 4642 3146 4695 τοῦ
3168 4645 3370 4713 Κυρίου
3407 4643 3552 4706 λαὸν,
3589 4645 3673 4695 καὶ
3697 4641 3771 4705 ἑρ-

2240 4731 2494 4800 μηνεύειν
2519 4731 2588 4785 τὰ
2615 4734 2733 4786 θεῖα
2781 4723 3044 4802 δὸγματα,
3088 4735 3268 4802 μόνοις
3303 4735 3457 4804 ἐδόθη
3510 4733 3654 4804 παρὰ
3689 4731 3772 4796 τῆς

2236 4823 2461 4894 χάριτος
2509 4823 2602 4876 τοῦ
2648 4824 2916 4892 παναγίου
2955 4825 3271 4896 Πνεύματος
3321 4829 3432 4888 τοῖς
3481 4821 3770 4895 ἀρχιερεῦσι

2235 4917 2330 4968 καὶ
2356 4919 2470 4977 τοῖς
2506 4915 2657 4984 παρὰ
2690 4915 2896 4968 τούτων
2952 4917 3424 4986 ἐπιτρεπομὲνοις.
3479 4917 3564 4977 Ὠς
3615 4915 3769 4964 ἔοικεν

2233 5003 2346 5068 οὖν,
2371 5007 2515 5069 τινὲς
2545 5006 2746 5072 λαῐκοὶ,
2778 5005 2905 5068 ἴσως
2935 5008 3350 5069 πεπαιδευμένοι
3372 5005 3580 5073 σοφίαν,
3610 4999 3772 5055 διελέα-

2233 5115 2391 5165 γοντο
2418 5097 2658 5166 δημοσία
2697 5099 2822 5167 περί
2879 5114 3042 5150 τινων
3093 5096 3562 5166 ἐκκλησιαστικῶν
3595 5091 3772 5147 ὑπιθέ-

2237 5208 2398 5254 σεων,
2431 5191 2526 5244 καὶ
2552 5189 2928 5243 διδασκαλικὸν
2965 5191 3318 5260 ὑπεκρίνοντο
3355 5189 3589 5258 ἀξίωμα.
3621 5182 3771 5236 Τοῦτο

2234 5281 2673 5352 ἀπαγορεύοντες
2694 5284 2742 5334 οἱ
2773 5283 2919 5350 ἆγιοι
2952 5283 3218 5353 Πατέρες,
3243 5283 3562 5353 διωρίσαντο
3589 5276 3768 5349 μηκέτι

2233 5374 2476 5428 τοιοῦτόν
2504 5393 2556 5428 τι
2599 5375 2864 5443 γίνεσθαι,
2890 5380 2982 5429 καὶ
3016 5377 3344 5446 συγχέεσθαι
3373 5377 3469 5446 τὴν
3491 5373 3767 5440 ὲκκλησιαυ

2235 5467 2424 5538 στικὴν
2472 5467 2745 5534 εὐταξίαν.
2789 5469 2928 5521 Ἀλλ’
2962 5471 3106 5534 ἐπεὶ,
3167 5471 3352 5538 φασὶν,
3401 5470 3464 5519 ὲκ
3519 5463 3769 5532 διαφόρων

2237 5549 2414 5629 μελῶν
2449 5561 2476 5612 6
2533 5560 2666 5624 Θεὸς
2713 5561 2812 5632 τὴν
2860 5562 3186 5632 Ἐκκλησίαν
3239 5559 3534 5630 ὲστερέωσέ
3580 5573 3635 5608 τε
3686 5551 3768 5658 καί

2236 5651 2438 5720 ὖψωσε,
2475 5653 2570 5706 καὶ
2604 5655 2654 5706 οἱ
2713 5655 2887 5709 λα’ίκοὶ
2920 5655 3265 5709 διδάσκεσθαι
3313 5651 3632 5722 ἐτάχθησαν.
3661 5647 3766 5712 οὐχὶ

2234 5744 2531 5810 διδάσκειν,
2559 5745 2833 5814 ὀφείλουσι
2873 5748 3074 5817 μᾶλλον
3107 5748 3328 5818 ύπέχειν
3358 5745 3415 5799 τὸ
3447 5743 3538 5807 οὖς
3562 5743 3666 5797 τοῖς
3700 5739 3765 5788 δε-

2239 5835 2529 5891 δάσκουσιν
2569 5836 2600 5907 ἢ
2633 5837 2731 5908 τὴν
2767 5838 3016 5906 γλῶτταν
3045 5840 3235 5904 κινεῖν,
3272 5836 3365 5891 καὶ
3416 5824 3766 5889 σκανδαλίξειν
