3992 6484
302 405 402 468 ιιι
998 422 1005 427 -
1324 408 1406 467 IN
1446 408 1611 468 CAN.
1679 382 1827 466 Liiv
1864 405 2077 466 coxo.
2118 406 2195 463 1N
2237 405 2565 465 TRULLO.

2087 272 2096 297 ί

3441 406 3546 465 742

296 526 332 592 ἧ
392 524 646 594 πτήσεως
698 522 927 592 οἰωνῶν,
986 523 1269 578 τουτέστιν
1324 524 1533 593 ἀγρίων
1584 519 1869 592 πτερωτῶι

1984 521 2195 589 gnitio,
2240 520 2382 574 unde
2432 531 2487 574 et
2540 519 2793 590 auspices
2824 534 2920 573 seu
2973 519 3155 573 avium
3203 519 3543 590 inspectores

297 616 479 682 ζώων,
508 615 639 686 περὶ
662 608 737 669 ὧν
764 616 1005 687 αίρεῖταί
1029 633 1114 680 τις
1146 615 1385 685 μάθησις
1411 630 1424 644 ⁸
1462 614 1521 680 ἐξ
1546 611 1607 669 οὗ
1631 615 1727 669 καὶ
1750 617 1877 669 οἰω-

297 708 561 760 νοσκόποι
596 707 867 773 λέγονται.
908 709 1375 779 Ἐγγαστρίμυθοι
1415 708 1472 762 δὲ
1506 710 1600 762 καὶ
1628 708 1873 777 γνῶσται

295 801 553 867 λέγονται
616 800 818 864 πάντες
860 801 909 853 of
971 801 1280 865 σατανικῶς
1330 800 1741 864 ἐνθουσιῶντες,
1780 802 1874 853 καὶ

301 889 659 960 προλέγοντες
701 889 864 958 δῆθεν
889 889 955 943 τά
997 890 1286 958 ἄγνωστα’
1319 889 1392 955 ὡς
1428 891 1480 943 ot
1526 892 1790 961 κριτρίαι,
1824 891 1873 942 οἱ

299 983 614 1051 ἁθίγγανοι,
652 982 709 1049 οἱ
728 982 1202 1052 ψευδοπροφῆται,
1232 984 1521 1055 ὲρημίται,
1550 985 1644 1037 καὶ
1672 983 1871 1054 ἕτεροι.

298 1073 491 1127 Ταῦτα
529 1072 623 1126 τοῦ
654 1076 875 1138 κανόνος
916 1074 1374 1146 διοριζομένου,ή
1411 1076 1510 1144 μὲν
1546 1076 1642 1146 τῆς
1672 1094 1875 1144 νουμη-

297 1169 419 1232 νίας
447 1170 611 1239 ἑορτὴ
643 1170 745 1239 πρὸ
764 1166 1194 1241 ἀμνημονεύτων
1228 1173 1435 1243 χρόνων
1456 1172 1739 1242 ὲσχόλασε,
1777 1172 1873 1225 καὶ

296 1261 421 1314 ἀντὶ
450 1264 653 1331 ταύτης
681 1262 818 1315 Θεοῦ
848 1265 1030 1334 χάριτι
1062 1263 1364 1336 ἱλαστήριοι
1395 1264 1712 1334 εὐχαὶ-,πρὸς
1739 1264 1872 1317 Θεὸν

296 1355 395 1406 καὶ
427 1355 695 1424 ἀγιασμοὶ
721 1356 808 1409 ἐπ’
857 1358 1159 1427 ἐκκλησίας
1186 1357 1336 1425 παρὰ
1367 1356 1463 1409 τοῦ
1497 1355 1693 1409 πιστοῦ
1739 1355 1870 1409 λαοῦ

196 1456 213 1467 ν
297 1443 541 1511 γίνονται
573 1444 699 1497 καθ’
727 1445 968 1517 ἑκάστην
995 1445 1355 1516 ἀρχιμηνίαν,
1385 1445 1479 1497 καὶ
1506 1444 1696 1497 ὕδασιν
1718 1444 1873 1495 εὐλο-

294 1536 449 1603 γίας,
470 1537 569 1589 οὑκ
592 1536 932 1604 ἀντιλογίας,
964 1537 1253 1607 χριόμεθα.
1284 1536 1349 1588 Ἥ
1380 1536 1434 1589 δὲ
1449 1536 1556 1589 τῶν
1588 1536 1871 1605 πυρκαῖῶο

294 1628 660 1696 δαιμονιώδης
690 1628 884 1697 τελετὴ
925 1629 1019 1681 καὶ
1046 1630 1099 1681 αἱ
1144 1627 1400 1699 κληδόνες
1430 1627 1671 1693 ἐγίνοντο
1705 1628 1869 1696 μέχρι

294 1719 400 1788 τῆς
456 1718 759 1789 ἐφημερίας
811 1719 909 1773 τοῦ
950 1719 1258 1787 ἀγιωτάτου
1300 1720 1643 1790 πατριάρχου
1699 1718 1869 1789 κυροῦ

292 1809 518 1879 Μιχαὴλ
552 1808 646 1862 τοῦ
695 1812 981 1877 γεγονότος
1042 1810 1253 1864 ὑπάτου
1305 1811 1411 1863 τῶν
1447 1810 1755 1879 φιλοσόφων
1786 1812 1868 1872 είς

293 1904 505 1973 ταύτην
546 1904 686 1967 τέως
712 1900 812 1973 τὴν
853 1905 963 1958 τῶν
1002 1906 1211 1958 πόλεων
1243 1904 1633 1974 βασιλεύουσαν
1669 1903 1863 1965 οὕτως.

292 1996 455 2049 Κατὰ
503 1996 600 2066 τὴν
646 1996 887 2067 ἑσπέραν
945 1997 1045 2066 τῆς
1100 2003 1186 2064 κγ’
1279 1996 1373 2049 τοῦ
1418 1996 1637 2048 Ἰουνίου
1703 1999 1871 2067 μηνὸς

292 2087 611 2155 ἡθροίζοντο
636 2090 694 2141 ἐν
716 2090 836 2151 ταῖς
862 2090 1094 2159 ρηγμῖσι
1118 2088 1212 2141 καὶ
1243 2088 1299 2140 ἕν
1322 2105 1463 2140 τισιν
1490 2089 1660 2144 οἴκοις
1678 2087 1869 2157 ἄνδρες

293 2179 391 2230 καὶ
426 2180 708 2247 γυναῖκες,
742 2178 838 2232 καὶ
883 2178 1232 2247 πρωτότοκον
1270 2179 1527 2246 κοράσιον
1580 2179 1868 2249 νυμφικῶς

292 2266 599 2332 ἐστόλιζον.
628 2268 783 2322 Μετά
813 2266 945 2337 γοῦν
968 2267 1030 2321 τὸ
1055 2268 1434 2336 συμποσιάσαι
1468 2268 1559 2320 καὶ
1596 2267 1869 2338 βακχικώ-

292 2376 463 2429 τερον
492 2358 855 2430 ὀρχήσασθαι,
876 2360 973 2414 καὶ
1007 2360 1267 2431 χορεῦσαι
1302 2362 1397 2412 καὶ
1428 2360 1715 2426 ἀλαλάξαι,
1747 2360 1872 2413 ἐϐα-

290 2450 390 2502 λον
430 2451 488 2502 ὲν
521 2450 729 2519 ἀγγείῳ
758 2451 1011 2521 συστόμῳ
1037 2449 1223 2520 χαλκῷ
1260 2450 1546 2503 θαλάττιον
1581 2446 1747 2521 ὓδωρ,
1778 2451 1870 2503 καὶ

290 2541 413 2611 εἴδη
446 2542 567 2595 τινά
601 2543 816 2613 ἑκάστῳ
845 2542 1050 2595 τούτων
1078 2544 1349 2609 ἀνήκοντα
1377 2558 1390 2572 ·
1419 2544 1512 2595 καὶ
1558 2542 1746 2613 ὥσπερ
1772 2543 1868 2612 τῆς

291 2634 490 2696 παιδὸς
525 2634 740 2704 ἐκείνης
780 2634 1050 2705 λαϐούσης
1085 2634 1239 2703 ἰσχὺν
1266 2635 1328 2687 ὲκ
1358 2635 1449 2687 τοῦ
1488 2636 1701 2688 Σατανᾶ
1735 2651 1870 2707 προ-

294 2725 528 2794 μηνύειν
554 2725 623 2778 τά
647 2725 1001 2796 ἐρωτώμενα,
1034 2727 1188 2779 αὑτοὶ
1221 2726 1319 2795 μὲν
1353 2727 1483 2794 περὶ
1529 2725 1681 2778 τοῦδέ
1723 2742 1870 2788 τινος

293 2819 513 2887 ἀγαθοῦ
542 2822 574 2888 ἦ
610 2821 703 2873 καὶ
739 2819 1114 2890 ἀποτροπαίου
1150 2820 1387 2872 ἀνεϐόων
1413 2819 1864 2889 ἐρωτηματικῶς.

291 2913 368 2964 Τὸ
398 2913 457 2964 δὲ
484 2912 762 2981 κοράσιον,
794 2911 901 2964 ἀπὸ
933 2912 1043 2964 τῶν
1074 2915 1131 2964 ἐν
1156 2910 1232 2981 τῷ
1253 2913 1459 2980 ἀγγείῳ
1490 2911 1868 2979 ἐμϐληθέντων

292 3002 455 3056 εἱδῶν
492 3002 553 3054 τὸ
586 3000 901 3072 παρατυχδν
935 3001 1247 3070 ἐξαγαγὼν,
1283 3002 1638 3054 ὑπεδείκνυεν
1662 3019 1675 3032 ο
1712 3002 1739 3053 ὃ
1774 3004 1869 3054 καὶ

292 3093 593 3164 λαμϐάνων
615 3097 642 3146 ὁ
672 3095 903 3164 ἀνόητος
919 3094 1107 3147 τούτου
1128 3095 1416 3162 δεσπότης,
1444 3095 1870 3165 ἐπληροφορείτο

292 3187 436 3256 τάχα
466 3186 533 3238 τὰ
560 3187 645 3238 ἐπ’
682 3186 832 3255 αὑτῴ
869 3187 1200 3256 συνεχθῆναι
1242 3186 1530 3257 μέλλοντα,
1569 3187 1769 3255 εὐτυχῆ
1809 3203 1866 3238 τε
1898 3221 1939 3278 C

294 3279 397 3329 καὶ
436 3278 697 3347 δυστυχῆ.
737 3276 815 3347 Τῇ
864 3276 1221 3346 ὲπαύριονδὲ
1269 3276 1407 3346 μετά
1441 3280 1735 3346 τυμπάνων
1778 3296 1869 3330 και

292 3368 477 3439 χορῶν
513 3370 608 3422 σὺν
633 3370 709 3439 τῷ
747 3371 989 3438 κορασίῳ
1025 3373 1104 3432 εἰς
1144 3372 1268 3433 τοὺς
1304 3371 1587 3438 αἰγιαλοὺς
1618 3375 1868 3441 ἀπερχό-

298 3476 478 3527 μενοι,
507 3461 600 3510 καὶ
630 3458 769 3528 ὕδωρ
800 3458 1087 3513 θαλάττιον
1141 3460 1389 3527 ἀφθόνως
1416 3461 1870 3531 ἀναλαμϐανόμε-

300 3568 407 3613 νοι,
453 3554 547 3602 si;
582 3552 870 3613 κατοικίας
919 3553 1100 3609 αὑτῶν
1131 3552 1421 3623 ἔρραινον·
1460 3555 1551 3605 καὶ
1599 3555 1659 3605 οὑ
1708 3558 1870 3624 μόνον

297 3644 479 3697 ταῦτα
532 3644 817 3697 ἐτελοῦντο
850 3647 1000 3718 παρά
1049 3646 1158 3698 τῶν
1204 3647 1678 3715 εὑσυνετωτέρων,
1734 3648 1870 3701 ἀλλὰ

296 3740 395 3789 καὶ
416 3739 486 3790 δι’
512 3738 640 3808 ὅλης
670 3740 768 3806 τῆς
802 3740 996 3802 νυκτὸς
1032 3740 1140 3792 ἀπὸ
1184 3740 1381 3809 χόρτου
1419 3741 1695 3811 πυρκαϊὰς
1742 3743 1871 3794 ἀνά-

296 3844 550 3891 πτοντες,
587 3828 803 3898 ἐπήδων
832 3830 1088 3898 ὑπεράνω
1111 3820 1312 3895 αὐτῶν,
1340 3830 1436 3881 καὶ
1465 3829 1871 3899 ὲκλῃδονίζοντο

298 3921 418 3988 ἦτοι
452 3921 815 3989 ἐμαντεύοντο
850 3922 979 3990 περὶ
1027 3923 1413 3990 εύτυχίας,κα“ι
1456 3921 1749 3990 δυστυχίας
1774 3925 1869 3974 καὶ

296 4009 475 4062 ἄλλων
520 4009 683 4061 τινῶν
732 4009 1127 4079 δαιμονιωδῶς.
1161 4010 1271 4071 Τὰς
1304 4010 1361 4061 δὲ
1413 4009 1563 4061 ἔνθεν
1606 4012 1865 4064 κάκεῖθεν

268 4102 539 4163 πείσόδους
570 4102 748 4155 αὐτῶν
809 4103 904 4155 καὶ
959 4103 1020 4155 τὸ
1067 4101 1338 4171 δωμάτιον
1387 4104 1447 4157 ὲν
1496 4096 1539 4171 ᾧ
1572 4106 1868 4174 ὲτελείτοή

299 4196 510 4267 κλῃδὼν
557 4197 653 4249 σὺν
692 4198 804 4259 τοῖς
839 4197 1273 4265 παρακειμένοις
1323 4195 1635 4265 ὑπαίθροις,
1682 4197 1872 4266 χρυσί-

296 4291 454 4353 ςουσι
505 4289 730 4351 πέπλοις
770 4288 867 4340 καὶ
902 4290 1149 4357 σηρικοῖς
1185 4288 1563 4358 κατεκόσμουν
1614 4290 1870 4359 ὑςράσμα-

295 4396 403 4431 σιν.
457 4378 616 4431 Ἀ).λά
678 4379 786 4448 μὴν
817 4379 910 4430 καὶ
968 4378 1199 4445 φυλλάσι
1254 4378 1486 4447 δένδρων
1528 4382 1867 4449 κατεστεφά-

292 4488 443 4536 νουν,
477 4473 554 4533 είς
582 4472 747 4540 τιμὴν
780 4472 876 4522 καὶ
912 4470 1201 4539 ὑποδοχὴν,
1228 4469 1301 4531 ὡς
1328 4470 1496 4533 ἔοικε,
1529 4471 1624 4522 τοῦ
1651 4474 1863 4525 οἰκειω-

294 4563 539 4631 σαμένου
567 4562 753 4624 αὑτοῖς
779 4562 1024 4614 Σατανᾶ·
1063 4561 1098 4614 ἃ
1127 4562 1190 4631 δὴ
1218 4561 1395 4614 πάντα
1426 4565 1452 4614 ὁ
1487 4562 1671 4633 ῥηθεὶς
1700 4564 1869 4632 ἀγιώ-
1897 4559 1947 4621 1)
1973 4580 2243 4633 ρσυρεωι,

289 4672 457 4717 τατος
496 4657 845 4725 πατριάρχης
883 4656 1019 4725 μετά
1050 4654 1229 4723 πάσης
1283 4654 1605 4723 ἐπιμελείας
1656 4673 1866 4727 καταρ-

290 4749 535 4818 γηθῆναι
586 4748 885 4819 ἐπέτρεψεν
909 4762 923 4775 ⁸
954 4746 982 4799 ὃ
1032 4750 1126 4799 καὶ
1164 4746 1381 4815 γέγονε.
1423 4746 1533 4799 Καὶ
1587 4746 1684 4801 νῦν
1719 4747 1867 4800 εὐδο-

291 4841 520 4903 κοῦντος
562 4839 697 4893 Θεοῦ
732 4841 798 4893 τὰ
836 4840 1067 4895 τοιαῦτα
1107 4838 1376 4909 θεοστυγῆ
1422 4838 1561 4910 ἔργα
1585 4840 1866 4902 παντελῶς

290 4933 661 5001 ἡπράκτησαν
684 4948 698 4961 ·
734 4932 808 4995 ὡς
849 4932 959 4985 τῶν
982 4934 1038 4985 ὲν
1067 4935 1186 4995 ταῖς
1216 4930 1512 5000 γειτονίαις
1539 4931 1708 4982 ὄντων
1737 4947 1863 5007 προτ

289 5024 649 5093 κριτωτέρων
704 5024 945 5077 καὶτῶν
995 5025 1189 5095 ἱερέων
1229 5022 1672 5093 ἐπιτιμηθέντων
1731 5038 1867 5075 παν-

289 5118 457 5179 τοίως
502 5116 814 5187 φροντίζειν
845 5119 941 5171 καὶ
980 5116 1065 5188 μὴ
1102 5118 1457 5188 παραχωρεῖν
1512 5114 1756 5169 τοιοῦτόν
1813 5131 1864 5167 τι

290 5210 565 5278 γίνεσθαι.
600 5210 637 5261 Γ
640 5210 812 5263 ἐνοιτο
842 5211 914 5262 δὲ
948 5212 1041 5262 καὶ
1073 5210 1173 5272 τὰς
1204 5208 1311 5261 ἀπὸ
1334 5208 1444 5260 τῶν
1489 5207 1742 5276 κορωνῶν
1770 5207 1866 5259 καὶ

290 5303 403 5354 τῶν
434 5304 688 5373 κοράκων
718 5304 811 5355 καὶ
839 5302 948 5354 τῶν
986 5302 1189 5354 λοιπῶν
1219 5301 1425 5370 ἀγρίων
1474 5299 1628 5363 ζώων
1682 5300 1867 5352 οίωνο-

293 5394 534 5457 σκοπίας
572 5394 1013 5465 καταργηθῆναι,
1066 5393 1324 5456 ὡσαύτως
1353 5393 1447 5445 καὶ
1473 5394 1567 5454 τὰς
1596 5391 1865 5463 φλυαρίας

289 5490 402 5542 τῶν
427 5489 694 5559 κριτριῶν
723 5491 819 5540 καὶ
840 5490 946 5541 τῶν
966 5488 1167 5559 ἑτέρων
1189 5486 1527 5540 λαοπλάνων.
1554 5485 1627 5537 Τὸ
1659 5485 1860 5554 μέντοι,

290 5589 537 5655 Διήγαγε
572 5587 642 5641 τά
675 5586 847 5639 τέκνα
878 5585 1044 5638 αὑτοῦ
1080 5586 1137 5637 ὲν
1167 5585 1322 5654 πυρὶ,
1354 5584 1383 5633 ὁ
1435 5582 1609 5652 μέγας
1654 5581 1862 5652 Κύριλο

290 5680 406 5741 λος,
436 5678 803 5749 ἐξηγούμενος
853 5680 945 5731 τὸν
996 5676 1555 5747 προφήτηνἯσαϊαν,
1584 5674 1707 5728 ἀντὶ
1769 5672 1862 5726 τοῦ

302 5772 701 5836 ὐλοκαύτωσε,
731 5773 1092 5842 ἡρμήνευσεν,
1124 5770 1292 5840 ἡγουν
1317 5768 1505 5822 θυσίαν
1534 5765 1859 5837 προσήγαγε

290 5866 405 5929 eoa;
438 5863 709 5934 δαίμοσιν.

1893 1871 1940 1931 Β

1976 628 2323 685 auguresque
2356 613 2633 666 dicuntur.
2661 611 2996 680 Ventriloqui
3028 620 3206 666 autem
3230 613 3545 681 aruspices-

1974 721 2081 775 que
2138 706 2399 759 dicuntur
2457 721 2672 768 omnes,
2733 707 2825 776 qui
2890 706 3145 760 Salanica
3221 707 3541 760 incitatione

1975 798 2163 864 afflati,
2210 800 2405 852 dicunt
2461 814 2522 853 ea
2562 815 2683 869 quae
2720 801 2969 869 cognosci
3030 815 3137 854 non
3185 808 3437 868 possunt,
3482 807 3543 851 ut

1975 890 2195 954 critriaz,
2244 890 2550 959 athingani,
2613 891 3138 969 pseudoprophetm,
3194 892 3436 946 cremitte
3486 899 3543 944 et

1974 980 2088 1034 alii.
2127 979 2249 1034 Haec
2281 991 2556 1037 statuente
2597 997 2833 1049 canone,
2876 982 3145 1036 Nox-ilunii
3185 981 3405 1051 quidem
3465 981 3541 1037 fc-

1973 1080 2118 1126 stum
2155 1084 2281 1127 ante
2333 1088 2507 1128 annos
2565 1090 2780 1129 Omnem
2853 1076 3167 1129 memoriam
3218 1082 3543 1147 superantes

1974 1167 2230 1229 cessavit,
2261 1174 2315 1218 et
2346 1166 2463 1236 ejus
2490 1166 2612 1221 loco
2648 1167 2743 1221 Dei
2772 1169 2948 1237 “gratia
2980 1169 3372 1239 pt'Opitiatort‘te
3419 1182 3545 1235 pre-

1973 1270 2066 1311 ces
2094 1256 2157 1310 ad
2186 1257 2355 1311 Deum
2392 1272 2455 1312 ac
2485 1259 2950 1313 sanctificationes
2976 1260 3026 1323 in
3055 1259 3297 1316 Ecclesia
3334 1279 3362 1315 a
3394 1265 3542 1319 fideli

1971 1349 2174 1421 populo
2209 1350 2367 1417 fiunt,
2412 1352 2465 1405 in
2516 1353 2954 1421 uniuscujusque
2996 1355 3204 1408 mensis
3247 1355 3545 1425 principio,

1972 1453 2025 1499 et
2052 1460 2193 1514 aqua
2230 1444 2651 1509 benedictionis,
2706 1461 2815 1501 non
2863 1447 3343 1514 contradictiouis,
3379 1450 3527 1504 inun-

1972 1538 2169 1607 gimur.
2202 1537 2479 1604 Rogorum
2533 1550 2714 1593 autem
2766 1539 3161 1594 daemoniacum
3219 1541 3541 1609 mysterium

1973 1638 2261 1697 sortesque
2320 1628 2542 1692 fiebant,
2602 1644 2776 1699 usque
2821 1631 2887 1682 ad
2944 1642 3158 1698 tempus
3214 1630 3539 1683 sanctissimi

1970 1722 2298 1790 patriarcha:
2336 1720 2545 1774 domini
2595 1721 2900 1785 Michaelis,
2935 1724 3027 1791 qui
3056 1722 3156 1775 fuit
3187 1721 3541 1789 philosopho-
3602 1746 3609 1757 κ

1972 1827 2090 1865 rum
2126 1814 2378 1883 princeps
2401 1812 2454 1865 in
2486 1813 2587 1866 hac
2620 1814 2833 1866 urbium
2886 1815 3095 1882 regina.
3144 1812 3258 1865 lloc
3287 1814 3445 1864 modo
3472 1812 3543 1903 ἓξ

1972 1906 2177 1960 mensis
2215 1904 2361 1959 Junii
2408 1921 2634 1973 vespere
2688 1910 3023 1975 cogebantur
3074 1907 3132 1959 in
3176 1906 3450 1960 littoribus
3489 1915 3544 1957 et

1971 1998 2301 2066 quibusdam
2329 1997 2541 2052 aedibus
2582 1998 2683 2051 viri
2721 2010 2772 2051 et
2805 1999 3085 2057 mulieres.
3121 2011 3172 2051 et
3206 1998 3541 2066 primogeni-

1972 2098 2081 2142 tam
2122 2090 2355 2159 puellam
2414 2091 2590 2143 instar
2634 2105 2849 2158 sponsa:
2901 2090 3194 2143 ornabant.
3245 2089 3541 2159 Postquam

1970 2198 2100 2252 ergo
2158 2183 2427 2236 convivali
2484 2192 2690 2246 essent,
2750 2194 2798 2237 et
2860 2184 3224 2236 bacchantum
3282 2184 3388 2237 ritu
3433 2182 3542 2241 salo

1971 2282 2180 2327 lassent
2204 2282 2259 2327 et
2300 2273 2531 2328 choreas
2557 2273 2869 2335 duxissent.
2910 2274 2964 2327 in
3002 2273 3270 2342 festisque
3302 2289 3538 2328 consue-
3620 2262 3623 2269 λ

1972 2374 2055 2418 tas
2111 2363 2541 2420 exclamationes
2588 2373 2971 2434 usurpassent,
3026 2366 3080 2418 in
3117 2381 3215 2419 vas
3249 2365 3363 2421 oris
3408 2379 3543 2420 con-

1972 2456 2251 2510 tractioris
2311 2457 2577 2510 marinam
2637 2470 2833 2526 aquam
2917 2455 3278 2525 injicicbant,
3318 2464 3384 2510 tot
3448 2472 3541 2509 res

1971 2549 2235 2617 quasdam
2262 2550 2328 2602 ad
2399 2556 2847 2619 unumquemque
2906 2563 3097 2603 eorum
3160 2548 3537 2618 pertinentes:

1970 2649 2026 2695 ct
2056 2650 2309 2709 tanquam
2358 2642 2534 2707 puella
2565 2642 2654 2694 illa
2685 2656 2713 2693 a
2764 2641 2966 2695 Satana
3018 2640 3327 2695 facultatem
3384 2656 3542 2695 acce-

1973 2734 2144 2802 pisset
2198 2732 2381 2787 futura
2437 2734 2784 2802 praedicendi,
2843 2734 2946 2802 ipsi
2998 2734 3216 2801 quidem
3263 2734 3330 2787 de
3394 2734 3543 2788 bono

1971 2826 2176 2892 aliquo,
2210 2826 2292 2878 vcl
2332 2826 2494 2878 etiam
2533 2824 2840 2880 aversando
2872 2840 2934 2878 ac
2966 2824 3227 2895 fugiendo
3252 2825 3534 2895 quopiam,

1973 2917 2360 2986 interrogando
2394 2916 2798 2970 exclamabant.
2829 2915 3014 2970 Puella
3056 2927 3236 2971 autem
3277 2933 3338 2969 ex
3372 2918 3540 2971 rebus

1972 3009 2024 3062 in
2080 3024 2175 3063 vas
2246 3009 2462 3078 injectis
2533 3024 2676 3073 eam,
2750 3024 2871 3077 quae
2926 3009 3227 3071 incidisset,
3281 3008 3537 3063 eductam

1972 3102 2327 3167 ostendebat;
2384 3116 2544 3171 quam
2601 3102 2765 3156 etiam
2820 3102 3094 3170 accipiens
3156 3102 3359 3156 stultus
3417 3102 3538 3173 ejus

1974 3194 2249 3259 dominus,
2303 3194 2504 3249 reitior
2550 3191 2735 3248 forsan
2790 3192 2948 3246 ﬁebat
3001 3191 3067 3247 de
3128 3194 3404 3263 prosperis
3455 3196 3542 3247 vel

1974 3290 2215 3342 adversis
2266 3304 2331 3342 ex
2384 3302 2449 3341 eo
2504 3288 2800 3342 eventuris.
2861 3287 3131 3341 Postridie
3171 3296 3351 3339 autem
3409 3294 3533 3341 eum

1974 3381 2245 3450 tympanis
2274 3389 2326 3432 et
2361 3380 2544 3433 choris
2579 3395 2685 3432 una
2717 3395 2839 3431 cum
2874 3378 3051 3447 puella
3089 3362 3155 3431 ad
3210 3378 3389 3431 littora
3441 3394 3538 3432 ve-

1974 3473 2208 3533 nientes,
2243 3480 2295 3525 et
2340 3487 2536 3541 aquam
2595 3472 2861 3525 marinam
2910 3472 3130 3541 copiose
3179 3472 3543 3541 accipientes,

1971 3564 2116 3619 aedes
2151 3580 2279 3618 suas
2312 3564 2673 3633 aspergebant
2713 3579 2726 3616 :
2762 3571 2815 3615 et
2856 3578 2882 3613 a
2916 3564 3079 3631 paulo
3116 3562 3539 3631 sapientioribus

1973 3658 2085 3711 hinc
2120 3674 2227 3711 non
2271 3657 2448 3711 solmn
2484 3656 2710 3717 fiebant,
2740 3656 2834 3709 sed
2867 3665 2918 3709 et
2956 3671 3052 3724 per
3091 3666 3257 3709 t0tam
3317 3663 3533 3709 noctem

1973 3766 2134 3821 rogos
2169 3766 2231 3805 ex
2271 3750 2419 3805 fceno
2451 3749 2834 3811 accendentes,
2871 3764 3034 3818 supra
3090 3765 3184 3803 eos
3236 3748 3539 3809 saliebant,

1970 3855 2019 3899 et
2065 3843 2440 3897 sortiebantur
2473 3858 2565 3897 seu
2606 3841 2923 3897 divinabam
2957 3842 3022 3896 de
3059 3840 3319 3897 felicitate
3367 3853 3415 3896 et
3457 3843 3543 3895 in-

1974 3936 2253 3999 felicitate,
2289 3944 2343 3989 et
2376 3935 2443 3989 de
2475 3933 2809 4004 quibusdam
2844 3935 2966 3988 aliis
2999 3934 3159 4003 plane
3183 3934 3533 3988 ilaeiuoniacc.

1970 4031 2174 4085 Eorum
2206 4039 2386 4088 autem
2419 4026 2545 4082 hinc
2566 4036 2619 4081 et
2638 4027 2786 4079 illinc
2812 4026 3013 4089 aditus,
3038 4038 3089 4081 et
3122 4026 3537 4090 domunculam,

1970 4125 2026 4176 in
2063 4138 2169 4190 qua
2206 4136 2326 4175 sors
2368 4120 2457 4172 illa
2500 4118 2683 4180 fiebat,
2719 4133 2824 4171 una
2858 4133 2982 4172 cum
3024 4119 3093 4172 iis
3144 4122 3243 4171 sub
3279 4120 3369 4172 dio
3400 4120 3539 4174 locis

1971 4228 2093 4282 qua:
2136 4228 2301 4283 prope
2331 4221 2505 4273 erant,
2544 4210 2726 4264 aureis
2757 4208 3002 4264 vestibus
3050 4216 3104 4261 et
3149 4210 3376 4263 serieeis
3424 4222 3536 4264 tex-

1972 4306 2119 4359 tibus
2151 4305 2513 4358 exoniabaut.
2561 4302 2871 4368 Quinetiam
2928 4300 3185 4354 arborum
3260 4300 3407 4355 foliis
3441 4317 3536 4356 co-

1973 4399 2265 4459 ronabant,
2326 4396 2392 4449 ad
2447 4394 2850 4459 honorandum,
2884 4402 2943 4447 ut
2980 4393 3277 4449 verisimile
3328 4402 3433 4456 est,
3483 4406 3537 4447 et

1973 4490 2351 4559 excipiendum
2414 4486 2694 4551 Satanam,
2749 4488 2841 4556 qui
2897 4486 3019 4542 illos
3080 4486 3183 4541 sibi
3237 4487 3539 4540 familiares

2325 4578 2458 4643 Qua:
2513 4578 2729 4647 quidem
2790 4578 2972 4631 omnia
3046 4578 3334 4646 praedictus
3407 4594 3537 4633 sau-

1968 4671 2249 4725 rtissimus
2285 4669 2595 4738 patriarcha
2637 4684 2760 4723 cum
2796 4670 2941 4722 omni
2999 4670 3279 4741 diligentia
3349 4672 3537 4738 prohi-

1966 4761 2081 4815 beri
2108 4772 2165 4835 et
2202 4761 2423 4829 penitus
2469 4760 2671 4814 aboleri
2724 4761 2971 4825 curavit;
3020 4762 3166 4830 quod
3199 4770 3254 4814 et
3302 4761 3534 4817 factum.

1965 4852 2032 4906 Et
2060 4868 2226 4917 nunc,
2278 4861 2335 4904 ut
2372 4852 2484 4906 Deo
2533 4852 2769 4920 placuit,
2819 4852 2933 4906 haec
2975 4868 3135 4921 Opera
3195 4854 3308 4908 Deo
3357 4856 3536 4909 invisa

1965 4946 2192 4998 omnino
2232 4944 2618 5009 exoleverunt;
2676 4943 2803 4996 ideo
2833 4944 2975 5012 quod
3025 4945 3116 5013 qui
3161 4960 3328 5018 prOpe
3377 4946 3537 5000 habi—

1968 5038 2176 5103 tabant,
2210 5047 2264 5091 et
2296 5036 2512 5105 judices
2562 5044 2615 5089 et
2646 5037 2963 5090 sacerdotes
2998 5053 3139 5108 Stepe
3176 5046 3304 5092 sunt
3350 5055 3535 5107 repre-

1968 5128 2147 5191 hensi,
2189 5138 2241 5182 et
2274 5127 2560 5193 admoniti,
2604 5138 2661 5181 ut
2704 5128 2929 5180 omnino
2965 5137 3225 5182 curarent
3274 5144 3337 5183 ac
3376 5130 3531 5184 vide-

1966 5230 2109 5286 rent,
2148 5236 2215 5275 ne
2249 5220 2380 5290 quid
2424 5220 2529 5273 tale
2567 5220 2737 5274 fieret.
2767 5220 2843 5272 Ac
2890 5221 3097 5274 utinam
3136 5237 3427 5276 corvorum
3480 5230 3537 5275 et

1966 5314 2244 5367 cornicum
2269 5321 2323 5366 et
2357 5311 2685 5380 reliquarum
2721 5311 2957 5365 ferarum
3010 5313 3190 5366 avium
3242 5315 3535 5381 inspectio-

1966 5419 2065 5458 nes
2095 5404 2313 5456 abolitae
2347 5410 2533 5455 essent
2562 5417 2575 5456 :
2608 5402 2861 5456 similiter
2911 5412 3091 5456 autem
3121 5414 3175 5456 et
3217 5405 3529 5455 critriarum

1968 5510 2124 5565 nugs:
2156 5506 2209 5547 et
2236 5494 2466 5547 aliorum
2508 5494 2692 5564 populi
2731 5495 3105 5552 seductorum.
3148 5495 3280 5549 Illud
3321 5504 3531 5553 autem,

1967 5584 2399 5642 Traduxitlilios
2435 5602 2567 5640 suos
2614 5603 2707 5655 per
2731 5588 2931 5657 ignem,
2981 5603 3212 5656 magnus
3265 5585 3530 5653 Cyrinus,

1967 5678 2287 5748 prophetam
2316 5677 2511 5731 Isaiam
2547 5678 2848 5747 explicans.
2889 5678 3286 5747 interpretatus
3333 5684 3437 5736 est,
3473 5675 3533 5723 in

1969 5773 2287 5825 holocausto
2312 5770 2507 5824 obtulit
2538 5786 2632 5825 seu
2672 5766 3015 5825 sacrificabat
3045 5765 3411 5823 daemonibus.
