3992 6484
260 357 363 419 745

1196 350 1283 410 IN
1318 346 1485 408 CAN.
1555 345 1767 406 LXVII
1799 343 2008 404 CONC.
2050 343 2133 403 ΙΝ
2166 344 2491 405 TRULI.O.

3394 342 3501 406 746

325 469 521 523 ΒΑΛΣ.
557 432 773 538 Ὠςομία
801 463 1161 536 Κυριώνυμος
1184 462 1365 532 ἡμέρα
1383 459 1655 527 λογίζεται
1682 458 1822 509 κατά

1996 456 2192 512 ΒΑΕΞ.
2247 456 2528 527 Tanquam
2555 473 2696 514 unus
2721 456 2838 514 dies
2862 458 3179 514 Dominicus
3202 474 3295 530 per
3317 448 3499 513 omnia

252 563 435 614 πάντα
487 563 519 630 ὴ
568 562 702 629 μετά
744 562 843 629 τὴν
895 555 1057 622 ἁγίαν
1118 554 1418 608 ἀνάστασιν
1468 550 1559 602 τοῦ
1613 548 1819 617 Κυρίου

250 654 351 707 καὶ
398 652 530 705 θεοῦ
582 657 675 704 καὶ
721 652 971 720 Σωτῆρος
1018 647 1171 717 ἡμῶν
1232 644 1405 715 Ἰησοῦ
1438 641 1672 713 Χριστοῦ
1696 641 1823 711 τρέ-

247 759 426 814 χουσα
475 742 730 811 ἑϐδομὰς,
790 741 930 793 κατὰ
985 738 1041 792 δὲ
1094 738 1152 789 τὸ
1210 738 1283 806 μὴ
1343 738 1470 804 γόνυ
1525 737 1822 803 κάμπτειν,

250 836 350 887 καὶ
412 837 444 904 ἡ
499 834 595 902 ὅλη
646 832 1025 902 Πεντηκοστή.
1068 831 1220 883 Ἐπεὶ
1249 829 1303 881 δὲ
1330 827 1521 898 ἑορτῆς
1573 826 1689 879 καί
1718 841 1823 877 πα-

246 926 538 997 νηγύρεως
588 924 809 994 ἀφορμὴ
835 924 1144 992 ἐνομίζοντο
1168 939 1307 975 τισιν
1340 923 1395 974 at
1442 918 1822 990 ἱπποδρομίαι,

248 1019 395 1087 πρὸς
423 1020 477 1071 δὲ
534 1020 627 1069 καὶ
660 1018 713 1068 αἱ
766 1017 919 1068 ἄλλαι
963 1015 1256 1084 δημοτικαὶ
1305 1011 1655 1081 παιγνιώδεις
1681 1010 1821 1073 θέαι,

245 1112 578 1180 διωρίσαντο
622 1110 667 1160 οἱ
723 1106 964 1177 [ιατέρες
1012 1109 1086 1176 μὴ
1139 1106 1314 1168 οὕτως
1346 1101 1626 1175 ἑορτάζειν
1676 1104 1823 1173 ἡμᾶς

248 1207 398 1255 κατὰ
433 1184 635 1271 ταύτην
671 1199 770 1270 τὴν
816 1200 1119 1269 πασχάλιον
1172 1198 1459 1267 ἑϐδομάδα,
1515 1195 1652 1248 ἀλλὰ
1702 1196 1821 1261 θεο-

244 1294 425 1362 φιλῶς
468 1296 561 1345 καὶ
617 1292 757 1344 κατὰ
801 1298 861 1344 τὸ
902 1290 1122 1343 δυνατὸν
1173 1290 1530 1359 ἁγιοπρεπῶς
1582 1287 1823 1357 δηλονότι

247 1386 538 1456 σχολάζειν
581 1387 639 1437 ὲν
677 1387 800 1447 ταῖς
852 1383 1193 1453 ἐκκλησίαις,
1248 1384 1338 1434 καὶ
1369 1381 1457 1433 διὰ
1502 1380 1610 1432 τῶν
1664 1379 1823 1433 θείων

243 1478 702 1547 ψαλτῳδημάτων
754 1477 1156 1548 κορέννυσθαι·
1212 1475 1308 1527 καὶ
1361 1474 1436 1536 ὼς
1493 1473 1591 1543 ἤδη
1641 1472 1825 1536 ἀξίους

245 1556 585 1639 γενομένους
637 1569 896 1638 ἑορτάσαι
947 1568 1046 1638 τὴν
1079 1568 1172 1620 τοῦ
1238 1566 1444 1636 Κυρίου
1503 1566 1820 1630 ἀνάστασιν,

245 1663 615 1731 κατατρυερᾷν
674 1660 783 1711 τῶν
854 1659 1017 1712 θείων
1072 1660 1409 1729 μυστηρίων,
1472 1659 1566 1709 καὶ
1625 1673 1871 1709 συναν-’

247 1751 505 1804 ίττασθαι
566 1750 641 1821 τῷ
705 1751 1023 1813 ἀναστάντι,
1090 1748 1185 1801 καὶ
1229 1750 1376 1819 ἡμᾶς
1432 1751 1512 1810 εἰς
1563 1748 1824 1819 οὐρανοὺς

243 1842 644 1910 ἀνυψὼσαντι,
696 1841 917 1911 Χριστῷ
965 1840 1045 1907 τῷ
1107 1839 1226 1909 Θεῷ
1276 1838 1455 1910 ἡμῶν.
1506 1838 1821 1909 Σημείωσαι
1856 1820 1903 1878 Β

243 1932 341 1988 οὖν
402 1936 481 1987 δτι
543 1936 741 1993 πάντες
799 1935 849 1985 οἱ
903 1933 1088 1986 πιστοὶ
1139 1932 1443 2001 ὀφείλουσιν
1497 1934 1557 1985 ὲν
1610 1932 1825 2000 ἑτοιμό-

244 2038 376 2095 τητι
418 2022 559 2080 εἶναι
606 2026 700 2078 τοῦ
747 2025 1193 2096 μεταλαμϐάνειν
1240 2025 1349 2078 τῶν
1396 2024 1571 2093 ἁγίων
1621 2040 1827 2094 μυστη-

247 2124 384 2189 ρίων
434 2119 557 2171 καθ’
615 2120 891 2186 ἑκάστην,
972 2118 1330 2184 εί⁴δυνατὸν,
1387 2114 1570 2177 καθὼς
1624 2117 1717 2170 καὶ
1769 2118 1825 2169 ἐν

245 2210 462 2280 ἑτέροις
506 2211 693 2262 κανόσι
747 2210 907 2262 τοῦτο
964 2209 1311 2278 προείρηται.
1360 2208 1466 2261 Τοῦ
1514 2208 1570 2261 δὲ
1603 2210 1827 2272 κανόνος

243 2301 426 2356 ταῦτα
472 2301 872 2372 διοριζομένου,
909 2301 1176 2370 ἐρωτήσει
1205 2311 1309 2367 τις,
1356 2301 1405 2353 οί
1453 2302 1822 2371 χειρωνάκται

250 2398 393 2464 μετὰ
450 2395 549 2464 τὴν
594 2395 788 2463 τρίτην
850 2394 947 2462 τῆς
1018 2393 1310 2462 ἑϐδομάδος
1362 2393 1569 2463 ταύτης
1622 2396 1690 2447 τά
1743 2397 1824 2448 οί-

247 2490 374 2541 κεῖα
426 2487 751 2556 ἐργάζονται
810 2489 1143 2555 ὲργόχειρας
1180 2486 1404 2556 Νομίζω
1446 2485 1541 2541 οὖν
1588 2489 1667 2540 ὅτι
1724 2506 1823 2541 κα-

246 2580 365 2641 κῶς
421 2580 580 2631 τοῦτο
632 2579 870 2651 ποιοῦσι.
928 2580 1042 2632 Κᾶν
1099 2585 1205 2649 γὰρ
1251 2580 1358 2633 ἀπὸ
1405 2581 1496 2634 τοῦ
1558 2582 1825 2652 παρόντος

249 2675 479 2734 κανόνος
535 2674 596 2723 οὐ
654 2672 974 2734 κολάζονται
1026 2674 1077 2724 οἱ
1130 2671 1272 2725 οὕτω
1325 2672 1424 2742 τὴν
1476 2675 1670 2744 ἑορτὴν
1723 2693 1823 2727 κα-

247 2765 561 2827 ταλύοντες,
590 2764 705 2817 ἀλλ’
747 2764 855 2818 ἀπὸ
898 2763 992 2815 τοῦ
1052 2765 1243 2833 ἐτέρου
1299 2765 1526 2827 κανόνος
1566 2767 1657 2818 τοῦ
1716 2770 1823 2834 ἀφ-

248 2857 527 2927 ορίζοντος
580 2857 708 2918 τοὺς
752 2856 994 2919 λαῖκοὺς,
1063 2856 1136 2927 μὴ
1193 2856 1352 2919 ὄντας
1396 2858 1701 2927 γεωργοὺς,
1732 2860 1826 2911 καὶ

253 2949 395 3001 κατὰ
454 2950 553 3009 τὰς
600 2947 997 3015 Κυριωνύμους
1044 2943 1484 3016 ἐργαζομένους,
1540 2950 1632 3001 καὶ
1681 2944 1825 3002 οὗτοι

254 3040 709 3109 κολασθήσονται.
751 3041 913 3109 Ζήτει
955 3039 1050 3092 καὶ
1078 3041 1174 3106 τὴν
1202 3039 1273 3092 νδ¹
1298 3040 1517 3108 Νεαρὰν
1570 3041 1665 3093 τοῦ
1731 3041 1826 3110 βα-

256 3132 451 3195 σιλέως
512 3132 678 3201 κυροῦ
725 3133 953 3195 Λέοντος
983 3130 1077 3184 τοῦ
1109 3132 1302 3199 Σοφοῦ,
1353 3132 1825 3202 διαλαμϐάνουσαν

1929 560 2212 619 reputatur
2261 565 2321 605 ca
2368 566 2490 619 qua:
2543 561 2662 619 post
2695 563 2938 606 sanctam
2991 552 3200 606 Domini
3241 565 3295 607 et
3328 555 3416 605 De:
3445 566 3498 607 et

1931 640 2240 696 Servatoris
2262 642 2431 695 nostri
2457 640 2586 695 Iesu
2612 642 2812 697 Christi
2843 645 3299 699 resurrectionem
3326 647 3503 699 currit

1929 734 2268 802 septimana:
2324 734 2375 785 in
2404 748 2470 785 eo
2498 747 2629 787 Vero
2663 735 2809 803 quod
2842 751 2978 803 genu
3011 752 3116 789 non
3147 736 3413 800 ﬂectatur,
3448 746 3503 791 et

1932 839 2041 883 tota
2070 828 2232 881 etiam
2272 827 2610 881 Pentecoste.
2690 827 2958 893 Quoniam
2993 838 3173 883 autem
3208 828 3329 883 festi
3365 830 3506 882 cele-

1930 923 2124 976 brandi
2159 931 2419 990 prmtextu
2472 919 2610 987 apud
2658 923 2922 990 quosdam
2965 924 3296 977 inoleverant
3340 940 3505 993 equo-

1932 1028 2054 1065 rum
2094 1027 2305 1073 cursus,
2359 1020 2412 1065 et
2448 1012 2550 1065 alia
2582 1011 2747 1064 etiam
2786 1013 2998 1079 publica
3050 1014 3255 1068 ludicra
3291 1029 3506 1086 specta-

1931 1105 2074 1167 cula,
2099 1113 2408 1159 statuerunt
2428 1106 2635 1168 Patres,
2673 1120 2769 1159 nos
2794 1107 2876 1160 sic
2900 1106 3095 1161 festum
3125 1125 3230 1163 non
3257 1120 3508 1179 oportere

1931 1197 2206 1252 celebrare
2240 1198 2293 1249 in
2330 1194 2429 1250 hac
2456 1195 2700 1267 Paschali
2737 1198 3096 1262 hebdomade,
3126 1205 3218 1255 sed
3256 1205 3508 1269 religiose

1932 1298 1984 1341 et
2010 1288 2187 1357 quoad
2230 1288 2345 1341 ﬁeri
2382 1296 2580 1355 potest.
2640 1292 2827 1343 sancte
2861 1289 3109 1343 videlicet
3135 1294 3364 1346 ecclesia
3398 1311 3508 1347 va—

1930 1394 2077 1444 care,
2116 1376 2425 1448 divinisque
2458 1382 2690 1437 canticis
2728 1383 2957 1436 satiari:
3017 1393 3069 1437 et
3106 1393 3362 1454 tanquam
3393 1390 3505 1455 jam

1929 1473 2078 1541 digni
2115 1475 2287 1526 simus
2319 1474 2771 1528 resurrectionem
2804 1474 3014 1529 DOmini
3044 1478 3342 1542 celebrare,
3370 1480 3509 1533 divi-

1931 1566 2017 1619 nis
2050 1564 2325 1634 mysteriis
2352 1563 2594 1632 jucunde
2622 1565 2874 1634 lattteque
2905 1565 3130 1635 perfrui.
3165 1578 3217 1621 et
3244 1586 3345 1623 una
3381 1586 3511 1625 con-

1931 1671 2153 1725 surgere
2188 1670 2312 1708 cum
2349 1670 2415 1709 co
2447 1656 2540 1724 qui
2588 1658 2906 1720 resurrexit,
2959 1668 3010 1712 et
3042 1676 3143 1714 nos
3196 1662 3249 1714 in
3308 1666 3504 1716 coelum

1932 1766 2041 1805 una
2075 1749 2318 1811 sustulit,
2357 1748 2578 1802 Christo
2612 1748 2721 1803 Deo
2753 1758 2967 1804 nustro.
3023 1751 3161 1806 Nota
3199 1770 3330 1824 ergo
3362 1758 3506 1824 quod

1928 1862 2118 1902 omnes
2170 1846 2355 1901 ﬁdeles
2399 1845 2599 1899 debent
2642 1860 2761 1899 esse
2806 1847 2981 1916 parati
3028 1859 3213 1901 sancta
3250 1849 3507 1919 mysteria

1928 1939 2259 2009 participare
2303 1938 2632 2007 unoquoqlue
2683 1938 2790 2001 die,
2844 1939 2889 1990 si
2927 1938 3039 1991 ﬁeri
3077 1949 3271 2008 potest,
3306 1957 3507 2010 quern-

1927 2032 2219 2086 admodum
2273 2040 2325 2085 et
2378 2031 2430 2084 in
2465 2031 2585 2083 aliis
2618 2031 2920 2084 cauonibus
2957 2040 3081 2085 ante
3108 2034 3369 2103 scriptum
3400 2043 3507 2088 est.

1928 2124 2061 2178 Cum
2098 2132 2276 2194 autem
2310 2138 2482 2177 canon
2519 2125 2630 2177 haec
2658 2132 2879 2185 statuat,
2909 2123 3323 2192 interrogaverit
3351 2127 3508 2194 quis-

1928 2202 2095 2285 piam,
2161 2216 2435 2286 quomodo
2502 2214 2738 2270 artiﬁces
2773 2225 2889 2281 post
2919 2216 3057 2269 diem
3091 2217 3309 2273 tertium
3344 2217 3507 2287 hujus

1927 2313 2244 2380 septimanae
2268 2324 2396 2363 suas
2424 2310 2771 2362 mechanicas
2795 2318 2940 2363 artes
2957 2319 3011 2363 et
3030 2325 3191 2379 opera
3212 2313 3511 2367 exercent?

1926 2398 2192 2453 Existimo
2217 2412 2348 2465 ergo
2378 2412 2473 2450 eos
2501 2396 2640 2449 male
2688 2396 2792 2451 hoc
2847 2396 3046 2452 facere.

3136 2396 3244 2451 Etsi
3295 2400 3435 2453 enim
3479 2418 3506 2452 a

1928 2486 2179 2558 praesenti
2213 2496 2423 2539 canone
2451 2500 2557 2538 non
2590 2488 2914 2555 puniuntur,
2944 2488 3035 2557 qui
3072 2487 3266 2541 festum
3292 2490 3372 2545 sic
3400 2493 3509 2544 sol-

1928 2588 2089 2632 vuut:
2115 2578 2183 2631 ab
2205 2577 2313 2630 alio
2348 2588 2526 2630 tamen
2546 2584 2773 2638 canone,
2798 2578 2890 2647 qui
2914 2579 3105 2646 laicus,
3122 2581 3212 2651 qui
3237 2597 3342 2633 non
3378 2594 3509 2635 sunt

1926 2671 2177 2741 agricolae
2213 2679 2265 2723 et
2317 2671 2366 2721 ln
2399 2669 2591 2723 diebus
2653 2670 2810 2738 237
2874 2671 3168 2727 Dominicis
3193 2684 3508 2743 operantur,

1927 2771 2211 2832 segregat,
2268 2762 2301 2815 ii
2354 2778 2572 2830 quoque
2623 2764 2936 2829 punientur.
2996 2766 3189 2829 ριιιυτο
3235 2768 3395 2819 ctiam
3441 2768 3509 2821 55

1927 2858 2129 2910 domini
2175 2856 2303 2923 imp.
2341 2854 2539 2910 Leonis
2565 2856 2841 2925 Sapientis
2863 2857 3152 2920 novellam,
3177 2867 3503 2912 statuentem

1927 2963 1996 3002 ne
2026 2949 2173 3016 ipsos
2204 2946 2419 3015 quidem
2455 2948 2721 3013 agricolas
2757 2949 2810 2999 in
2844 2947 2929 3001 die
2974 2947 3258 3002 Dominico
3288 2952 3505 3017 Operari
3572 2996 3573 2999 η

1928 3043 2145 3096 debere.
2201 3042 2381 3106 Quare
2414 3042 2493 3096 eis
2520 3058 2738 3112 quoque
2774 3044 3106 3114 prohibitum
3139 3056 3223 3119 est
3254 3056 3361 3099 tota
3401 3044 3505 3097 Pa-

1928 3134 2099 3187 schali
2146 3136 2445 3204 septimana
2499 3136 2736 3204 operari,
2795 3152 2970 3204 neque
3021 3152 3142 3192 cum
3194 3139 3309 3207 ipsa
3362 3155 3505 3193 unus
3579 3134 3588 3143 ’

256 3224 391 3291 μηδὲ
430 3223 628 3286 αὐτοὺς
656 3224 784 3285 τοὺς
823 3224 1105 3292 γεωργοὺς
1150 3225 1291 3276 κατὰ
1335 3224 1433 3292 τὴν
1471 3225 1826 3294 Κυριώνυμον

1937 3225 2051 3279 dies
2080 3224 2395 3279 Dominicus
2426 3236 2724 3294 reputctur.

253 3316 605 3383 ἐργάζεσθαι.
641 3317 803 3369 Ὥστε
855 3318 1231 3387 ἀπηγόρευται
1287 3317 1379 3367 καὶ
1431 3319 1612 3379 αὐτοῖς
1673 3325 1813 3373 κατα
1852 3320 1949 3390 τὴν
1980 3318 2110 3389 ὃλην
2169 3319 2474 3388 πασχάλιον
2517 3319 2785 3389 ἑϐδομάδα
2832 3323 3182 3392 ἐργάζεσθαι,
3256 3324 3331 3385 ὡς
3376 3327 3505 3395 μιᾶς
3594 3374 3597 3381 ,

254 3407 622 3477 Κυριωνύμου
644 3408 1001 3479 λογιζομένης
1030 3410 1221 3477 αὐτῆς.

324 3503 568 3557 ΖΩΝΑΡ.
635 3502 943 3571 Ἐορτάζειν
973 3506 1021 3556 οί
1064 3504 1172 3555 ἀπὸ
1214 3506 1449 3575 Χριστοίο
1502 3506 1827 3576 κεκλημένοι

258 3592 569 3660 ὀφείλομεν,
600 3593 657 3645 οὐ
683 3594 891 3663 τρυφὰς
926 3595 1136 3655 ἑαυτοῖς
1170 3596 1263 3645 καὶ
1309 3593 1700 3664 λαμπρότητας
1733 3596 1827 3648 καὶ

260 3683 473 3742 ἀνέσεις
506 3684 935 3751 ἐπιτηδεύοντες,
963 3684 1099 3737 ἀλλά
1141 3688 1522 3755 πνευματικῶς
1548 3689 1830 3756 εὐφραινό-

264 3791 435 3843 μενοι.
465 3776 815 3843 ιΙνευματικὴ
847 3775 892 3826 δ’
944 3777 1092 3828 ἐστὶν
1155 3777 1459 3847 εὐφροσύνη
1485 3779 1543 3831 τὸ
1576 3779 1723 3850 ᾄδειν
1752 3782 1830 3850 τῷ

261 3867 474 3935 Κυρίῳ,
512 3868 608 3918 καὶ
666 3867 911 3930 δοξάζειν
943 3868 1103 3920 αὐτὸν
1133 3869 1216 3936 ἐφ’
1253 3867 1334 3931 οἷς
1366 3871 1585 3940 ἐποίησε
1617 3874 1830 3942 θαυμα-

263 3957 421 4022 σίοις,
453 3959 921 4028 ρυσάμενοςήμᾶις
950 3960 1013 4011 ἐκ
1044 3963 1138 4027 τῆς
1164 3961 1407 4025 δουλείας
1432 3963 1522 4014 τοῦ
1556 3964 1827 4019 διαϐόλου.

262 4048 418 4101 υῦτω
458 4049 637 4101 τοίνυν
695 4052 789 4102 καὶ
844 4051 942 4121 τὴν
988 4052 1082 4105 τοῦ
1113 4053 1302 4123 Πάσχα
1355 4055 1547 4124 ἑορτὴν
1581 4055 1829 4124 βούλεται

262 4141 543 4206 ἑορτάζειν
606 4143 748 4212 ἡμᾶς
780 4144 807 4195 ὁ
845 4142 1062 4207 κανὼν,
1116 4145 1244 4213 ὃλην
1293 4146 1392 4215 τὴν
1448 4147 1717 4216 ἑϐδομάδα
1770 4152 1828 4202 ὲν

258 4233 572 4303 ἐκκλησίαις
626 4236 997 4305 σχολάζοντας,
1027 4239 1084 4290 ὲν
1142 4240 1376 4308 ψαλμοῖς
1398 4258 1457 4293 τε
1491 4243 1581 4294 καὶ¹
1641 4242 1829 4312 ὕμνοις

204 4356 205 4359 η
259 4325 481 4395 ᾄδοντας
500 4328 578 4393 τῷ
630 4329 839 4401 Κυρίῳ,
898 4330 990 4381 καὶ
1050 4330 1331 4392 οὕτωςιὲν
1362 4333 1583 4403 Χριστῷ
1635 4335 1827 4402 ἑορτά·-

261 4418 451 4481 ιῖοντας
500 4424 593 4470 καὶ
622 4423 687 4488 τῇ
736 4420 935 4491 μελέτῃ
976 4422 1342 4491 προσέχοντας
1364 4424 1474 4476 τῶν
1502 4424 1659 4477 θείων
1692 4425 1833 4493 Γρα-

263 4510 396 4571 .;ῶν,
447 4512 541 4562 καὶ
595 4512 1053 4582 κατατρυφῶντας
1112 4514 1221 4565 τῶν
1282 4515 1440 4567 θείων
1496 4517 1830 4585 μυστηρίων.

2006 3503 2264 3558 ZONAR.
2300 3504 2417 3557 Non
2455 3504 2683 3560 delicias
2716 3516 2808 3557 aut
2844 3505 3030 3558 luxum
3062 3506 3241 3559 otiave
3287 3518 3505 3562 sectan-

1937 3608 2039 3661 tes,
2077 3600 2172 3652 sed
2205 3598 2479 3666 spirituali
2512 3598 2710 3667 gaudio
2743 3599 3148 3664 exsultahuudi,
3199 3586 3363 3655 festos
3391 3600 3508 3653 dics

1935 3702 2095 3757 agere
2125 3686 2422 3741 Christiani
2460 3688 2746 3741 debemus.
2773 3685 3082 3755 Spiritualis
3115 3705 3278 3757 porro
3310 3690 3506 3743 laetitia:

1936 3790 2021 3834 cst
2058 3780 2291 3833 canticis
2320 3778 2529 3832 Numen
2562 3780 2808 3832 venerari
2835 3818 2850 3841 ,
2889 3780 3138 3847 illiusque
3166 3780 3374 3837 laudes.
3409 3796 3506 3848 pro

1934 3871 2004 3924 iis
2053 3887 2176 3939 qua:
2237 3870 2584 3923 admirabilia
2633 3871 2920 3939 pra-stiLt,
2985 3871 3238 3939 quodque
3285 3871 3505 3925 diabolo

1933 3963 2273 4030 mancipatos
2311 3962 2363 4013 in
2398 3961 2701 4013 libertatem
2751 3976 2851 4013 nos
2902 3962 3159 4022 asseruit,
3206 3960 3503 4015 celebrare.

1934 4049 2085 4103 lianc
2131 4065 2260 4118 ergo
2309 4051 2573 4102 rationem
2608 4048 2830 4102 Pascha:
2863 4065 3079 4114 quoque
3130 4048 3302 4103 festos
3340 4058 3506 4116 atque

1935 4142 2208 4196 solemnes
2257 4144 2375 4196 dies
2418 4142 2664 4212 agitandi
2715 4141 3022 4209 praescribit
3074 4155 3275 4201 canon,
3325 4153 3385 4195 ut
3442 4157 3505 4196 eo

1933 4232 2189 4286 nimirum
2226 4235 2550 4302 septimana,
2585 4243 2899 4303 perpetuam
2938 4234 2993 4287 in
3040 4232 3290 4287 ccclesiis
3322 4233 3505 4287 statio-

1935 4340 2056 4378 nem
2085 4336 2328 4396 agentes,
2352 4327 2577 4394 psalmis
2604 4327 2926 4397 hymnisque
2956 4326 3182 4380 Domino
3211 4326 3508 4379 concinen-

1939 4416 2024 4472 dis
2053 4420 2320 4487 occupati,
2362 4420 2415 4473 in
2452 4420 2670 4474 Christo
2721 4420 2949 4488 proinde
3003 4419 3272 4481 laetemur,
3319 4431 3508 4470 sacra-

1945 4524 2180 4578 rumque
2213 4509 2547 4564 Litterarum
2581 4522 2836 4565 accurata
2878 4509 3231 4563 meditatione
3260 4516 3510 4576 tempora

260 4598 370 4651 Καὶ
414 4600 578 4663 οὕτω,
611 4604 795 4671 φησιν,
826 4603 1061 4672 ἐσόμεθα
1106 4605 1324 4675 Χριστῴ
1356 4584 1826 4674 συνανιστάμενοι,

1939 4584 2310 4664 traducentes,
2338 4603 2642 4656 divinorum
2669 4602 3058 4671 mysteriorum
3084 4600 3264 4668 epulis
3293 4601 3509 4653 lusatu-

264 4692 354 4741 καὶ
394 4691 856 4761 συνανυψούμενοι
881 4711 895 4725 ο
940 4698 1292 4765 ἀνιστάμενοι
1350 4699 1448 4766 μὲν
1472 4697 1565 4749 τοῦ
1597 4698 1831 4767 πτώμα-

259 4796 346 4840 τος
368 4780 468 4847 τῆς
498 4782 772 4859 ἁμαρτίας
821 4786 914 4836 καὶ
969 4786 1068 4854 τῆς
1107 4788 1447 4856 χαμαιζήλου
1505 4792 1605 4856 καὶ
1636 4790 1830 4860 γηῖνης

262 4870 404 4939 ζωῆς
428 4887 443 4899 ⁸
476 4873 843 4941 άνυψούμενοι
866 4877 922 4927 δὲ
954 4878 1088 4945 πρὸς
1161 4878 1496 4949 ὑψηλοτέραν
1522 4882 1614 4933 καὶ
1663 4896 1829 4934 πνευ-

266 4959 498 5033 ματικὴν
524 4964 600 5034 τῷ
629 4966 741 5018 ὄντι
768 4967 1069 5038 διαγωγήν.
1123 4970 1286 5023 Ὅθεν
1311 4970 1434 5023 οὔτε
1465 4972 1828 5043 ἱπποδρομίας

264 5055 318 5102 ἐν
344 5057 409 5123 τῇ
442 5054 536 5106 τοῦ
588 5058 777 5127 Πάσχα
826 5060 1082 5128 ὲϐδομάδι
1106 5063 1357 5127 γίνεσθαι
1382 5068 1674 5133 συγχωρεῖ,
1703 5064 1826 5117 οὔτε

265 5141 389 5205 θέας
438 5144 630 5214 ἑτέρας
675 5145 983 5215 δημώδεις,
1045 5154 1103 5202 ὲν
1162 5149 1250 5214 αἷς
1298 5152 1537 5222 δηλονότι
1584 5156 1612 5207 ὁ
1659 5156 1826 5225 δῆμος

265 5235 571 5305 ἁθροίζεται
595 5235 864 5307 θεώμενος
894 5240 960 5292 τά
988 5243 1265 5309 γινόμενα.

266 5501 486 5559 ΔΡΙΣΤ.
524 5525 543 5556 ί
590 5507 701 5576 Τὴν
738 5511 875 5576 μετὰ
898 5510 992 5580 τὴν
1030 5512 1327 5565 ἀνάστασιν
1354 5518 1535 5569 πᾶσαν
1564 5516 1828 5588 ἑϐδομάδα

619 5601 726 5662 πᾶς
760 5602 1169 5669 ὲκκλησιαζέτω
1196 5608 1412 5671 πιστός.
1450 5625 1470 5659 ι

348 5688 435 5740 Ἑν
481 5693 601 5753 ταῖς
658 5691 842 5754 ἁγίαις
875 5694 1192 5763 ἐκκλησίαις
1236 5698 1317 5751 δεῖ
1365 5701 1644 5771 σχολάζειν
1703 5704 1825 5767 τοὺς

274 5782 511 5846 πιστοὺς,
567 5782 659 5834 καὶ
682 5783 739 5833 ὲν
775 5783 1008 5852 ψαλμοῖς
1066 5788 1157 5837 καὶ
1210 5787 1399 5857 ὕμνοις
1448 5794 1829 5863 εὐφραίνεσθαι

625 5879 890 5941 ΙἈΤιιυιι.
942 5886 1055 5945 Gtt.
1104 5885 1200 5945 CX
1216 5888 1468 5947 XXVII.

1940 4691 2180 4744 rabiliter
2206 4693 2545 4759 expleantur.
2587 4696 2762 4761 Atque
2810 4692 2914 4746 hoc
2942 4702 3124 4761 pacto,
3155 4692 3355 4760 inquit,
3381 4706 3511 4744 cum

1938 4781 2154 4835 Christo
2185 4783 2344 4836 simul
2390 4798 2705 4853 exsurgere,
2754 4792 2917 4853 atque
2968 4785 3036 4836 ad
3091 4784 3293 4836 altiora
3344 4781 3517 4835 simul

1938 4872 2069 4925 eniti
2100 4875 2396 4944 continget.
2433 4876 2475 4926 A
2508 4875 2713 4943 peccati
2746 4875 2960 4929 scilicet
3010 4875 3170 4942 lapsu
3222 4882 3524 4940 menteque

1942 4964 2090 5017 humi
2131 4966 2389 5034 depressa
2422 4975 2477 5020 et
2505 4967 2570 5019 ad
2604 4977 2823 5020 terrena
2853 4968 3067 5035 abjecta
3105 4979 3472 5035 exsurgemus
3506 4978 3524 5016 :

1940 5057 2008 5109 ad
2046 5059 2424 5111 sublimiorem
2460 5068 2638 5112 autem
2669 5066 2725 5111 et
2749 5074 2881 5113 vere
2911 5059 3261 5128 spiritualem
3303 5054 3532 5111 vivendi

1935 5148 2205 5201 rationem
2240 5150 2623 5202 excitabimur.
2649 5148 2886 5204 Proinde
2907 5166 3011 5203 nec
3038 5160 3329 5219 equestres
3360 5148 3531 5201 ludos

1941 5250 2053 5293 tota
2085 5240 2365 5295 Paschalis
2389 5242 2753 5306 hebdomada,
2782 5258 2884 5299 nec
2917 5245 3027 5296 alia
3052 5244 3271 5311 publica
3307 5247 3535 5307 specta-

1940 5334 2079 5397 cula,
2118 5335 2183 5387 ad
2214 5349 2342 5402 quae
2376 5335 2632 5389 nimirum
2663 5338 2866 5410 tuenda
2903 5318 3203 5391 multitudo
3236 5331 3535 5388 convenit.
3559 5368 3567 5397 ς

1938 5422 2245 5478 exhibenda
2276 5424 2590 5480 facultatem
2633 5443 2755 5482 esse
2785 5427 3064 5483 decernit.

2012 5513 2240 5569 ARIST.
2283 5535 2301 5567 ι
2344 5516 2583 5587 Quisque
2624 5519 2802 5574 fidelis
2831 5535 2931 5588 per
2964 5528 3139 5572 totam
3179 5522 3303 5584 post
3336 5526 3541 5565 resur-

1942 5628 1960 5658 ‹
2011 5610 2306 5663 rectionem
2350 5611 2745 5666 hebdomadam
2801 5615 2859 5664 in
2930 5610 3164 5663 ecclesia
3195 5612 3471 5659 versetur.
3517 5620 3536 5652 ι

2009 5700 2066 5753 1η
2116 5702 2323 5754 sanctis
2352 5703 2599 5758 ecclesiis
2630 5703 2824 5757 ﬁdeles
2876 5712 3099 5770 oportet
3130 5708 3343 5757 vacare,
3383 5701 3445 5744 et
3485 5693 3546 5743 in

1944 5796 2166 5866 psalmis
2197 5804 2251 5852 et
2302 5796 2521 5863 hymnis
2569 5795 2769 5867 gaudio
2812 5794 3103 5850 exsultare
3148 5796 3311 5839 totum
3363 5788 3551 5853 sopti-

3080 5880 3157 5939 ‘25
