3992 6484
300 463 397 524 ’761

1267 463 1346 521 iN'
1392 463 1556 521 CAN.
1601 457 1818 519 LXXII
1861 455 2076 516 CONC.
2119 455 2195 513 IN
2233 404 2565 513 TRULbO.

3428 439 3541 499 ’ἵῗέ

300 577 444 632 νόνα,
475 574 562 625 διὰ
596 574 720 635 τοῦς
771 572 995 641 Ἴϐηρας
1047 573 1170 635 τοὺς
1216 572 1522 658 ἁδιαφνὶοως
1580 574 1642 623 τὰ
1672 571 1850 622 οἰκεῖα

1975 568 2108 633 gerit.
2138 564 2272 617 Nota
2298 580 2427 633 ergo
2450 567 2769 632 przescntcm
2792 569 3055 612 canonem
3084 558 3301 622 propter
3320 549 3527 607 ωσι-«μ,

301 664 568 733 θυγάτρια
610 665 722 725 τοῖς
810 664 1133 733 Ἀχαρηνοῖς
1176 662 1601 730 ἐκγαμίζονταε.
1659 658 1856 712 Ὡσαύ-

301 772 402 813 τως
432 753 735 821 σημείωσαι
768 753 861 804 καὶ
898 754 957 803 τὸ
1003 752 1152 822 ῥῆμα
1191 751 1284 805 τοῦ
1333 752 1551 819 κανόνος
1577 749 1635 802 τὸ
1665 749 1820 813 λέγον
1840 763 1854 778 ’

303 845 527 897 Εὑδοκεῖ
552 844 608 895 δὲ
649 844 727 911 τῷ
779 842 957 913 πιστῷ
1014 845 1044 911 ἡ
1103 844 1330 905 ἄπιστος
1373 842 1639 894 συνοικεῖν
1668 840 1739 909 ;ῆ
1799 838 1860 890 τὸ

301 937 539 1003 ἔμπαλιν
571 939 596 988 ό
615 938 841 998 ἄπιστος
866 938 1168 1005 τῇοπιστῇξ
1207 936 1280 1003 μὴ
1307 932 1753 1005 χωριζέσθωσαν.
1798 930 1859 983 Ei

301 1029 410 1095 γὰρ
436 1028 775 1096 αίρετίσεταί
820 1046 903 1088 τις
928 1026 1135 1080 τούτων
1159 1026 1498 1093 διαζυγῆναι,
1527 1022 1857 1076 ἁπεντεῦθεν

302 1124 331 1174 ὁ
352 1121 528 1189 γάμος
578 1120 1067 1190 διασπασθήσεται.
1102 1121 1281 1188 Ὅπερ
1304 1120 1491 1186 γέγονε
1518 1118 1610 1170 καὶ
1634 1118 1725 1167 ἐπὶ
1751 1113 1859 1167 τῶν

302 1214 527 1283 ἡμερῶν
555 1214 645 1266 τοῦ
676 1215 982 1280 ἁγιωτάτου
1008 1212 1347 1283 πατριάρχου
1382 1208 1551 1279 κυροῦ
1578 1208 1860 1274 Θεοδότου..

302 1308 537 1375 Διεζύγη
571 1307 678 1377 γὰρ
709 1306 995 1369 Βασιλικδς
1046 1306 1359 1373 Βυκινάτωρ
1393 1301 1529 1372 μετὰ
1560 1302 1617 1353 τὸ
1669 1299 1862 1369 βαπτι-

304 1401 503 1468 σθῆναι
535 1399 643 1453 ἀπὸ
688 1401 790 1467 τῆς
821 1400 1050 1452 ἀπίστου
1073 1395 1331 1465 γυναικὸς
1378 1393 1543 1448 αὐτοῦ
1590 1392 1727 1461 μετὰ
1758 1407 1862 1443 πα-

302 1492 627 1562 τριαρχικοῧ
648 1489 896 1563 ὁρισμοῦ,
928 1490 1001 1553 ὠς
1034 1492 1108 1559 μὴ
1145 1488 1469 1556 πειθομένης
1497 1482 1862 1554 βαπτισθῆναι

302 1584 448 1636 κατὰ
474 1584 572 1650 τὴν
602 1584 696 1636 τοῦ
753 1582 943 1650 ἀνδρὸς
988 1581 1357 1650 παράκλησιν.
1397 1577 1733 1643 Ἀνάγνωσον
1769 1573 1862 1626 καὶ

302 1677 366 1727 τὸ
400 1674 431 1729 ι’
460 1693 585 1745 κερ.
621 1675 712 1729 τοῦ
744 1682 792 1727 α’
840 1675 1018 1727 τίτλον
1058 1673 1151 1728 τοῦ
1190 1672 1454 1740 παρόντος
1495 1667 1862 1735 συτάγματος,

304 1771 399 1821 καὶ
425 1768 492 1820 τὰ
553 1770 610 1820 ὲν
642 1766 809 1835 αὐτῷ.

377 1860 623 1914 ΖΩΝΑΡ.
655 1858 717 1911 Οἱ
748 1858 848 1926 τῆς
877 1856 1095 1909 συνόδου
1152 1854 1356 1925 ταύτης
1394 1856 1528 1924 ἱεροὶ
1582 1857 1677 1909 καὶ
1730 1856 1862 1909 θεῖοι

1950 656 2055 727 'qni
2093 674 2219 710 suas
2255 657 2393 710 ﬁlias
2426 655 2686 725 Agarenis
2717 646 3189 704 indiscrimiuatim
3233 646 3285 696 in
3318 643 3512 695 matri—

1971 751 2155 805 monio
2181 750 2467 804 collocant.
2490 748 2752 801 Similiter
2784 755 2906 797 nota
2935 750 2989 796 et
3017 740 3241 794 verbum
3268 734 3522 798 canonis,

1966 844 2108 912 quod
2144 836 2277 895 dicit
2319 840 2563 896 :lnlideli
2596 850 2776 891 autem
2809 835 3019 888 mulieri
3053 848 3174 885 cum
3218 831 3334 883 viro
3362 827 3529 891 ﬁdeli,

1966 937 2283 991 cohabitare
2336 933 2545 1000 placet?
2587 932 2670 984 vel
2727 937 2939 989 contra,
2989 924 3188 978 inﬁdeli
3236 922 3357 974 viro
3402 936 3526 973 cum

1904 1080 1909 1083 .
1967 1030 2196 1083 muliere
2229 1027 2410 1081 ﬁdeli?
2446 1042 2509 1079 ne
2550 1032 2888 1092 separentur.
2921 1017 2974 1071 Si
3006 1014 3305 1079 quisenim
3334 1010 3528 1063 borum

1968 1121 2213 1189 separari
2250 1118 2521 1181 maluerit,
2559 1112 2967 1168 matrimonium
3007 1124 3070 1163 ex
3123 1103 3529 1161 eodivclletur.

1968 1214 2120 1279 Quod
2151 1213 2367 1280 quidem
2406 1210 2604 1263 factum
2651 1215 2734 1260 est
2777 1217 3018 1269 tempore
3064 1197 3394 1254 sanctissimi
3435 1209 3532 1262 pa-
3607 1224 3613 1232 -

1969 1304 2224 1359 triarcbrc
2276 1301 2482 1356 domini
2535 1298 2819 1352 Theodoti.
2853 1296 3145 1362 So'paratns
3190 1300 3271 1343 est
3319 1287 3461 1340 enim
3502 1300 3531 1337 a

1968 1416 2063 1455 sua
2100 1398 2299 1453 inﬁdeli
2337 1411 2504 1450 uxore
2552 1394 2820 1447 Basilicus
2864 1386 3207 1441 Buccinator,
3244 1390 3530 1448 postquam

1968 1493 2274 1561 baptizatus
2308 1489 2505 1549 fuerat,
2531 1503 2653 1542 cmn
2687 1487 2905 1537 decreto
2935 1474 3280 1549 patriarchali
3308 1492 3321 1526 :
3348 1480 3535 1540 utpote

1969 1599 2088 1653 quae
2126 1599 2153 1637 a
2185 1582 2284 1636 viri
2322 1581 2581 1637 suasione
2627 1577 2812 1632 induci
2847 1590 2951 1627 non
2985 1581 3166 1639 posset
3193 1580 3248 1621 ut
3283 1568 3531 1631 baptiza~

1970 1686 2140 1731 retur.
2167 1673 2305 1742 Lege
2326 1682 2377 1727 et
2402 1673 2671 1735 decimum
2699 1677 2865 1736 caput
2898 1663 3055 1735 primi
3084 1660 3223 1715 tituli
3254 1656 3536 1727 praesentis

1969 1767 2172 1837 operis,
2211 1774 2264 1819 el.
2297 1779 2419 1832 qua!
2453 1764 2504 1814 in
2538 1775 2602 1812 eo
2630 1766 2773 1811 sunt.

2040 1824 2288 1919 ZONAR.
2316 1824 2396 1907 IDe
2428 1854 2495 1907 iis
2534 1851 2624 1920 qui
2656 1853 2795 1903 inter
2827 1862 2884 1901 se
2921 1860 3027 1898 non
3059 1845 3132 1897 ita
3167 1840 3373 1909 pridem
3416 1824 3553 1890 ωτι-⁷

304 1954 548 2023 Πατέρες
602 1950 874 2021 περὶτῶν
928 1949 1051 2017 ἄρτι
1106 1946 1492 2017 ζευγνυμένων
1557 1951 1637 2010 είς
1681 1949 1861 2015 γάμου

1975 1950 2211 2006 lrimonii
2248 1946 2451 2001 ﬁndere
2474 1943 2647 2012 juncti
2681 1948 2807 1994 sunt
2832 1981 2845 1999 ,
2879 1938 2924 1991 si
2957 1950 3146 1989 eorum
3190 1934 3419 1984 alterum
3461 1927 3523 1980 ﬁ-

302 2045 591 2098 κοινωνίαν
612 2042 993 2114 νομοθετοῦσιν
1019 2059 1034 2073 ο
1081 2033 1161 2095 ὧν
1228 2040 1318 2092 τὸν
1352 2040 1448 2109 μὲν
1478 2039 1669 2092 πιστὸν
1725 2034 1862 2091 εἶναι

254 2190 256 2193 .
306 2134 664 2200 ὑποτιθέασι,
707 2134 805 2205 τὴν
852 2134 909 2186 δὲ
960 2133 1183 2187 ἄπιστον
1230 2170 1246 2195 ,
1311 2131 1343 2202 ἢ
1409 2130 1719 2184 τούναντέον
1771 2130 1866 2182 καὶ

306 2224 712 2295 ἀπαγορεύουσι
736 2227 835 2285 τὰς
864 2224 1117 2285 τοιαύτας
1149 2221 1433 2289 συζυγίας,
1463 2223 1555 2272 καὶ
1571 2220 1867 2289 γενομένας

303 2318 361 2370 δὲ
377 2316 1052 2370 διασπᾶσθαικελεύουσιν.
1081 2316 1153 2367 Οὐ
1188 2318 1294 2382 γάρ
1328 2313 1454 2384 χρὴ,
1486 2314 1638 2381 φασὶ,
1671 2313 1867 2381 μιγνῦ-

306 2427 395 2462 ναι
420 2410 487 2461 τὰ
534 2410 760 2478 ἄμικτα.
800 2410 862 2461 Εἰ
893 2409 999 2475 γὰρ
1031 2409 1063 2478 ή
1092 2407 1192 2475 τῆς
1230 2406 1406 2477 ψυχῆς
1456 2407 1584 2476 περὶ
1642 2405 1739 2475 τὴν
1778 2405 1869 2458 πί-

308 2518 427 2553 στιν
456 2501 693 2565 διάθεσις
733 2500 1087 2577 ἐναντίαγτοῖς
1113 2498 1439 2559 συνοικοῦσι,
1477 2498 1595 2559 πῶς
1649 2498 1716 2552 ἂν
1741 2499 1867 2566 περὶ

306 2595 376 2647 τὰ
404 2595 540 2648 ἄλλα
560 2594 821 2663 ὁμόψυχοι
851 2592 1061 2646 ἔσονται
1083 2607 1097 2655 ;
1122 2592 1154 2661 ἢ
1187 2591 1302 2653 πῶς
1334 2592 1390 2642 ὲν
1416 2591 1493 2661 τῷ
1522 2592 1747 2659 μείζονι,
1792 2592 1864 2660 τῇ

311 2685 492 2737 πίστει
519 2683 679 2750 λέγω,
708 2680 1013 2750 ἀσύμϐατοι
1042 2680 1191 2743 ὄντες
1226 2681 1317 2733 καὶ
1337 2679 1707 2748 ἀκοινώνητοι,
1734 2696 1796 2731 συ
1807 2697 1866 2747 μ-

308 2775 462 2826 εαῖεν
509 2773 759 2843 ἀλλήλοις
788 2775 881 2826 καὶ
922 2772 1411 2840 συγκοινωνήσαιεν
1430 2773 1486 2823 ἐν
1507 2773 1616 2832 τοῖς
1633 2771 1865 2836 λοιποῖς

311 2866 400 2918 Διὸ
432 2868 524 2919 καὶ
560 2867 693 2934 μετά
728 2864 826 2935 τὴν
858 2865 1010 2917 λύσιν
1062 2865 1155 2916 τοῦ
1204 2863 1441 2931 ἀθέσμου
1472 2862 1658 2914 τούτου
1689 2860 1867 2929 γάμου

312 2958 406 3038 καὶ
431 2956 785 3026 ἀφορίζεσθαι
831 2955 1107 3025 βούλονται
1132 2954 1255 3017 τοὺς
1283 2953 1373 3006 τὸν
1407 2953 1646 3022 παρόντα
1674 2953 1871 3005 κανόνα

312 3049 770 3119 παραὸαίνοντας.
810 3046 994 3101 Ταῦτα
1027 3047 1124 3115 μὲν
1151 3042 1244 3098 οὖν
1277 3045 1537 3113 περὶτῶν
1558 3045 1682 3113 ἄρτι
1715 3044 1870 3113 πρώ-

310 3158 419 3204 τως
455 3140 833 3209 ζευγνυμένων
867 3140 1116 3207 ἀλλήλοις
1149 3140 1225 3199 είς
1255 3137 1432 3205 γάμου
1480 3137 1761 3189 κοι·.ωνίαν
1825 3138 1873 3189 oi

1968 2044 2139 2097 dclem
2171 2055 2315 2103 esse,
2370 2037 2601 2089 alterum
2637 2048 2662 2084 a
2695 2032 2802 2085 ﬁde
2851 2029 3146 2081 abhorrere
3198 2020 3485 2089 contigerit
3517 2057 3532 2078 ,

1968 2147 2232 2189 canonem
2264 2130 2409 2182 hunc
2439 2126 2581 2181 sacri
2621 2132 2676 2177 et
2703 2121 2871 2175 divini
2928 2119 3113 2170 Patres
3155 2112 3533 2182 promulgave—

1974 2208 2138 2290 runt;
2203 2235 2380 2290 eoque
2437 2218 2752 2273 societatem
2808 2209 3079 2277 ejusmodi
3134 2208 3414 2263 danmant,
3476 2207 3531 2252 et

1969 2325 2258 2386 postquam
2296 2311 2457 2364 etiam
2491 2314 2767 2364 contracta
2817 2303 3000 2363 fuerit,
3038 2297 3269 2352 rescindi
3316 2294 3531 2362 jnbent.

1968 2409 2090 2461 Non
2119 2406 2260 2460 enim
2293 2417 2379 2464 ea,
2416 2399 2692 2468 inquiunt,
2727 2393 3003 2448 miscenda
3040 2396 3189 2451 sunt,
3223 2401 3342 2454 qua:
3374 2393 3534 2437 natu-

1972 2513 2109 2560 ram,
2150 2505 2208 2551 ut
2236 2478 2378 2549 inter
2412 2508 2470 2548 se
2496 2489 2714 2545 misceri
2747 2487 2974 2555 possint,
3016 2497 3120 2536 non
3155 2482 3369 2534 habent.
3396 2475 3530 2529 Nam

1970 2592 2061 2662 qui
2092 2588 2256 2644 simul
2304 2587 2376 2639 ita
2418 2585 2629 2645 vivunt,
2676 2588 2733 2632 ut
2765 2592 2954 2631 eorum
2990 2572 3155 2627 animi
3178 2613 3190 2631 ,
3230 2570 3282 2622 in
3317 2568 3382 2621 iis
3414 2581 3536 2634 qua:

1973 2658 2040 2736 ad
2091 2680 2245 2734 ﬁdem
2308 2678 2605 2749 pertinent,
2655 2669 2931 2727 contrario
2981 2663 3142 2717 modo
3181 2660 3354 2714 allecti
3405 2658 3536 2716 sint.

1973 2789 2082 2844 quo
2123 2782 2279 2843 pacto
2309 2784 2405 2824 eos
2432 2769 2484 2821 in
2521 2766 2643 2820 aliis
2675 2762 2842 2816 rebus
2874 2758 3165 2813 convenire
3195 2767 3354 2822 posse
3384 2750 3538 2818 quis-

1975 2867 2115 2936 piam
2160 2859 2495 2917 arbitretur?
2545 2867 2888 2925 quorumque
2937 2861 3154 2911 sensus,
3196 2845 3248 2897 in
3300 2843 3368 2895 iis
3417 2854 3538 2908 qua:

1974 2966 2101 3016 sunt
2135 2956 2279 3016 ﬁdei,
2307 2964 2537 3019 quorum
2562 2947 2736 3016 prima
2763 2952 2844 2996 est
2874 2952 3035 3008 atque
3065 2937 3333 3005 praecipua
3370 2931 3535 2991 ratio,

1975 3050 2199 3105 minime
2219 3052 2547 3113 congruunt,
2568 3053 2677 3107 quo
2702 3043 2859 3105 pacto
2891 3033 3030 3086 inter
3061 3044 3117 3083 se
3138 3027 3310 3093 aequis
3342 3023 3538 3076 animis

1984 3144 2048 3195 in'
2073 3139 2279 3206 reliqua
2310 3136 2433 3187 vitae
2498 3130 2760 3187 societate
2792 3118 3310 3180 communicabunt!
3340 3116 3541 3179 Quam.

317 3197 736 3303 Ha'répeq'cpaoi,
765 3229 860 3283 τοῦ
894 3197 1300 3299 μὲνῑόρθοδόξου
1333 3197 1714 3296 τυγχάνοντος,
1771 3228 1869 3296 τῆς

1975 3233 2159 3287 obrem
2192 3236 2246 3282 et
2281 3225 2590 3295 nuptiarum
2640 3219 2817 3274 foedus
2872 3214 3010 3268 male
3056 3197 3396 3265 contractum
3452 3216 3542 3257 re-

314 3318 369 3369 δὲ
402 3316 477 3387 μὴ
526 3316 799 3385 τοιαύτης.
834 3316 894 3368 Εἰ
923 3317 999 3378 δὲ,
1030 3317 1118 3368 ὅτε
1151 3318 1229 3379 είς
1258 3316 1434 3384 γάμον
1466 3316 1725 3385 συνῆλθον
1776 3317 1872 3369 ἀλ-

316 3410 515 3478 λήλοις,
549 3411 643 3463 καὶ
666 3411 832 3478 ἄμφω
851 3409 958 3461 τῶν
986 3408 1280 3478 ὀρθοδόξων
1312 3407 1703 3477 ἠλλωτρίωντο,
1757 3402 1876 3461 εἶτα

316 3502 374 3553 τὸ
403 3503 501 3571 μὲν
529 3502 631 3554 τῶν
662 3499 969 3570 προσώπων
1021 3500 1234 3567 ἐπέγνω
1266 3499 1364 3569 τὴν
1424 3499 1705 3569 ἀλήθειαν,
1760 3484 1875 3552 ικαὶ

320 3595 591 3664 προσῆλθε
622 3593 824 3655 πίστει,
857 3593 916 3645 τὸ
945 3592 1003 3645 δὲ
1052 3594 1132 3645 ἔτι
1166 3592 1244 3661 τῷ
1277 3592 1457 3645 σκότει
1507 3593 1609 3660 τῆς
1667 3591 1875 3660 πλάνης

320 3689 623 3757 συνέχεται,
647 3689 713 3755 τῇ
743 3684 838 3738 τοῦ
875 3684 1115 3753 μεγάλου
1150 3683 1364 3736 Παύλου
1396 3684 1625 3754 διαταγῇ
1646 3684 1873 3737 ἕπεσθαι

321 3780 412 3830 καὶ
451 3778 503 3829 oi.
553 3776 793 3845 Πατέρες
853 3768 997 3827 οὗτοι
1047 3772 1395 3844 ψηφίζονται.
1446 3774 1508 3826 Εἰ
1544 3772 1652 3844 γὰρ
1707 3773 1874 3836 θέλει,

322 3871 474 3939 φησὶ,
500 3868 578 3937 τῷ
613 3866 845 3937 πιστῷὴ
899 3866 1125 3929 ἄπιστος
1161 3868 1449 3930 συνοικεῖν,
1484 3863 1876 3935 ἢ,τούναντίυν,

324 3963 395 4029 μὴ
427 3960 853 4030 χωριζέσθωσαν
879 3975 891 3987 ·
930 3958 1187 4028 ἡγίασται
1244 3959 1352 4029 γὰρ
1377 3959 1405 4011 ὁ
1454 3957 1680 4021 ἄπιστος
1740 3955 1878 4027 ἀνὴρ

321 4057 377 4105 ἐν
396 4058 462 4124 τῇ
489 4055 724 4123 γυναικὶ,
749 4050 844 4107 καὶ
867 4050 926 4102 τὸ
953 4049 1206 4119 ἔμπαλιν.

1974 3322 2175 3383 scindi,
2212 3330 2265 3374 et
2299 3333 2392 3372 eos
2424 3317 2668 3382 insuper,
2703 3311 2796 3377 qui
2831 3318 3094 3359 canonem
3129 3302 3273 3354 Intnc
3306 3296 3542 3350 violave-

1973 3416 2105 3478 rint,
2130 3409 2401 3482 segregari
2441 3406 2647 3461 volunt.
2700 3403 2879 3469 Atque
2913 3399 3026 3451 haec
3056 3394 3275 3463 quidem
3326 3387 3393 3441 de
3429 3400 3543 3440 nia-

1972 3504 2227 3560 trimonio
2255 3516 2427 3568 nuper
2457 3498 2610 3560 inito,
2639 3509 2749 3565 quo
2776 3488 3084 3545 haereticam
3118 3483 3220 3539 sibi
3257 3478 3536 3533 mulierem

1972 3597 2055 3651 vir
2086 3593 2422 3651 orthodoxus
2456 3587 2747 3658 copularit,
2795 3593 2888 3637 aut
2923 3588 3134 3640 contra,
3193 3574 3379 3627 Patres
3412 3583 3541 3621 san-

1980 3687 2130 3743 xer'c.
2164 3684 2320 3751 Quod
2355 3685 2399 3737 si
2433 3697 2540 3752 quo
2572 3690 2815 3744 tempore
2856 3680 3086 3739 uterque
3116 3667 3182 3720 ah
3221 3660 3544 3717 orthodoxis
3572 3734 3575 3737 ν

1983 3780 2301 3841 dissidebat,
2336 3783 2578 3832 mutuam
2627 3773 2771 3824 inter
2820 3783 2879 3823 se
2929 3762 3167 3833 coniugii
3225 3759 3540 3816 societatem

1985 3881 2326 3930 contraxere,
2358 3868 2595 3921 decursu
2635 3876 2765 3916 vero
2798 3856 3083 3927 temporis,
3116 3852 3282 3905 altera
3312 3858 3544 3917 persona

1980 3962 2164 4015 adhuc
2221 3973 2474 4012 errorum
2524 3953 2761 4008 tenebris
2815 3950 3081 4010 involuta,
3136 3944 3304 3997 altera
3358 3936 3543 4007 agnita

1993 4053 2218 4107 veritate
2266 4050 2421 4104 ﬁdem
2473 4047 2720 4115 amplexa
2768 4051 2876 4104 est,
2933 4049 3060 4093 tunc
3114 4035 3330 4104 quidem
3378 4025 3547 4083 divini

325 4145 514 4200 Patres
544 4146 719 4214 magni
756 4143 905 4197 Pauli
971 4143 1254 4213 praeceptis
1305 4142 1562 4197 standum
1623 4157 1745 4198 esse
1805 4142 2128 4198 decernunt.
2199 4141 2254 4196 Si
2311 4141 2477 4203 enim,
2535 4138 2629 4199 ait,
2679 4152 2802 4190 cum
2844 4131 2983 4186 ﬁdeli
3054 4129 3174 4182 vitae
3234 4125 3546 4179 societatem

324 4237 555 4291 inﬁdelis
594 4237 825 4290 retinere
884 4233 1033 4300 velit,
1067 4244 1160 4288 aut
1205 4243 1416 4301 contra,
1450 4249 1520 4288 ne
1564 4244 1936 4306 segregentut‘.
1973 4234 2351 4290 Sanctiﬁcatus
2383 4240 2468 4286 est
2492 4230 2635 4284 enim
2672 4228 2749 4279 vir
2784 4222 3015 4278 inﬁdelis
3044 4234 3141 4289 par
3168 4216 3449 4271 mulierem
3499 4210 3547 4273 τ.

321 4343 376 4390 et
404 4350 434 4387 e
462 4344 674 4389 contra.

324 4429 544 4487 ΑΡΙΣΤ.
582 4447 601 4481 ι
642 4429 876 4496 ’Δκυρος
911 4429 940 4479 ό
998 4425 1135 4495 μετὰ
1171 4424 1282 4478 τῶν
1333 4427 1625 4495 αίρετικῶν
1678 4427 1878 4496 γάμος.

441 4540 460 4572 ι
503 4518 655 4575 Οἱ³δὲ
686 4516 1071 4588 προλαϐόντες,
1102 4516 1150 4567 εί
1180 4515 1436 4579 ἐθέλοιεν,
1465 4515 1703 4584 μένοιεν.
1745 4534 1765 4567 ι

2057 4421 2283 4481 ARIST.
2316 4440 2333 4473 ι
2364 4420 2581 4474 lrritum
2604 4428 2686 4472 est
2710 4398 3256 4469 matrimonium'cum
3280 4398 3551 4453 haereticis

1994 4541 2014 4574 ι
2057 4526 2425 4574 contractum.
2485 4513 2586 4578 Qui
2638 4524 2767 4565 vero
2824 4515 2981 4559 antea
3030 4507 3446 4559 contraxerant,
3503 4496 3550 4546 si

1994 4629 2014 4662 ι
2057 4611 2241 4670 velint,
2278 4612 2553 4660 maneant.
2592 4621 2611 4654 ι

397 4704 511 4757 Οὐκ
536 4702 747 4769 ἐξέσται
771 4696 1037 4769 ὀρθοδόξῳ
1065 4696 1316 4766 αἱρετικῇ
1374 4693 1738 4748 συνάπτεσθαι
1792 4711 1872 4761 γυ‹

2062 4701 2176 4755 lNon
2206 4701 2331 4754 licet
2363 4697 2479 4752 viro
2526 4693 2833 4750 orthodoxe
2862 4702 2983 4742 cum
3016 4682 3247 4738 muliere
3295 4676 3551 4733 haeretica
3582 4718 3583 4723 η

328 4799 471 4850 ναικὶ
509 4794 630 4867 ἦτὸ
659 4791 945 4847 ἀνάπαλιν.
1003 4790 1065 4842 Ei
1100 4790 1175 4843 Bé~
1217 4805 1382 4851 τινες,
1446 4789 1665 4841 ἄπιστοι
1715 4787 1888 4851 ὄντες,

328 4890 539 4960 νομίμῳ
587 4889 749 4956 γάμῳ
776 4883 1151 4956 ήρμόσθησαν,
1176 4877 1295 4935 εἶτα
1325 4883 1354 4934 ὁ
1390 4880 1489 4950 μὲν
1523 4880 1793 4951 προσῆλθε
1818 4882 1903 4961 τῇ⁹

230 5029 235 5038 ,
330 4982 531 5045 πίστει,
558 4980 591 5048 ὴ
614 4978 671 5030 δὲ
700 4977 777 5029 ἔτι
803 4975 907 5029 ὑπὸ
931 4976 1028 5044 τῆς
1057 4973 1263 5042 πλάνης
1301 4970 1592 5042 κατέχεται
1612 4988 1626 5002 ’
1661 4972 1757 5025 καὶ
1802 4973 1891 5025 εὐ-

330 5076 472 5127 δοκεῖ
521 5073 550 5123 ό
589 5071 783 5134 πιστὸς
829 5071 1099 5123 συνοικεῖν
1143 5071 1208 5139 τῇ
1263 5066 1499 5136 ἀπίστῳ,
1554 5066 1586 5137 ἢ
1652 5067 1713 5119 τὸ
1759 5068 1892 5122 ἀνά-

332 5166 512 5219 παλιν.
549 5164 627 5235 μὴ
672 5162 1113 5234 χωριζέσθωσαν,
1134 5159 1275 5215 κατὰ
1310 5158 1401 5212 τὸν
1429 5158 1570 5211 θεῖον
1597 5159 1891 5213 ἀπόστολον

334 5258 568 5312 Παῦλον.

868 5346 1104 5400 ΚΑΝΩΝ
1135 5343 1254 5403 Ol".

339 5461 360 5495 ι
409 5440 516 5496 Τοῦ
544 5438 811 5506 ζωοποιοῦ
845 5439 1077 5509 σταυροῦ
1114 5441 1393 5508 δείξαντος
1438 5444 1574 5513 ἡμῖν
1610 5440 1670 5494 τὺ
1722 5439 1893 5507 σωτή-

410 5554 429 5587 ι
473 5552 608 5604 ριον,
668 5535 849 5585 πᾶσαν
907 5533 1142 5601 σπουδὴν
1189 5535 1336 5602 ἡμᾶς
1392 5533 1598 5587 τιθέναι
1646 5529 1752 5603 χρὴ
1800 5527 1893 5582 τοῦ
1976 5586 1979 5591 η

407 5650 427 5682 ⁸
470 5630 633 5699 τιμὴν
688 5628 784 5700 τὴν
846 5628 1005 5695 ἀξίαν
1060 5629 1367 5684 ἀποδιδόναι
1424 5630 1501 5700 τῷ
1547 5628 1615 5685 δι’
1681 5621 1741 5680 οὗ
1802 5642 1891 5678 σε-

407 5742 426 5773 ι
464 5721 719 5792 σώσμεθα
761 5719 856 5773 τοῦ
926 5720 1159 5776 παλαιοῦ
1213 5722 1675 5793 παραπτώματος.
1713 5718 1877 5773 Ὅθεν

372 5882 375 5887 ’
406 5899 426 5932 ⁷
462 5898 629 5956 lCor.
650 5914 745 5965 vn,
782 5896 872 5951 Η.

1986 4792 2269 4861 conjungi,
2305 4797 2398 4842 aut
2429 4804 2459 4843 e
2482 4784 2781 4841 contrario.
2808 4780 2864 4834 Si
2899 4772 3024 4846 quis
3055 4784 3258 4836 autem,
3291 4784 3414 4824 cum
3442 4767 3553 4820 sint

1986 4883 2252 4945 inﬁdeles,
2319 4880 2561 4952 legitimo
2622 4871 2974 4930 matrimonio
3038 4866 3321 4933 conjuncti
3377 4870 3551 4922 sunt,
3634 4876 3635 4879 ‘

1989 4983 2177 5045 postea
2209 4948 2394 5026 autem
2421 4970 2503 5023 vir
2535 4967 2752 5038 quidem
2788 4963 2857 5017 ad
2891 4960 3050 5014 ﬁdem
3084 4956 3314 5045 accodit,
3362 4948 3569 5007 mulicr‘

1996 5084 2126 5122 vero
2158 5067 2213 5120 in
2245 5080 2432 5119 errore
2459 5035 2772 5121 detinetur;
2805 5065 2856 5111 et
2893 5052 3035 5107 ﬁdeli
3078 5035 3252 5118 placet
3283 5060 3405 5100 cum
3434 5043 3557 5098 inﬁ-

1988 5159 2092 5214 deli
2139 5158 2475 5229 cohahitarc,
2508 5160 2602 5205 aut
2655 5151 2773 5204 vice
2830 5161 2987 5199 versa
3025 5161 3041 5196 :
3083 5158 3151 5197 ne
3200 5146 3554 5209 separentur,

1990 5252 2147 5321 juxta
2176 5248 2416 5303 divinum
2446 5242 2747 5313 apostolum
2782 5239 3028 5293 Pan‘um.

2315 5400 2319 5405 ί
2514 5332 2748 5389 canos
2787 5330 3023 5386 Lxxm.

1997 5454 2015 5486 ι
2059 5432 2194 5488 Cum
2217 5446 2352 5485 crux
2392 5427 2548 5482 nobis
2576 5424 2789 5479 viviﬁca
2820 5426 3058 5478 salutare
3086 5416 3409 5480 ostenderit,
3451 5428 3554 5468 nos

2073 5546 2092 5578 ι
2137 5539 2357 5579 omnem
2392 5519 2727 5589 diligentiam
2783 5515 3045 5569 adhibere
3084 5491 3339 5580 oportet,
3377 5516 3433 5559 ιιι
3465 5506 3512 5560 ci
3537 5544 3556 5569 ,

2072 5638 2091 5668 ‹
2136 5632 2227 5687 per
2258 5628 2418 5683 quem
2448 5612 2523 5669 ah
2545 5611 2769 5678 antiquo
2792 5607 2947 5675 lapsu
2974 5600 3163 5659 salvati
3194 5612 3404 5656 sumus,
3433 5610 3556 5650 eum

2072 5732 2089 5762 ι
2126 5723 2281 5779 quem
2316 5721 2412 5776 par
2441 5714 2521 5760 est
2546 5703 2807 5759 bonorcm
2836 5698 3152 5753 habeamus.
3192 5687 3554 5757 Quamobrem
