3992 6484
473 394 619 459 ’.763

591 623 609 655 ι
658 605 980 671 tribuentes,
1010 609 1195 662 crucis
1229 611 1454 677 figuras.
1486 630 1605 682 quau
1637 632 1666 669 a
1715 620 1996 672 notumllis
2030 621 2082 674 iu

588 718 605 749 ι
645 700 762 753 solo
799 716 862 754 ac
908 703 1220 769 pavimento
1254 706 1425 768 fiunt,
1458 710 1685 763 omnino
1721 713 1884 765 deleri
1924 713 2082 779 jube-

588 811 606 839 ‹
648 809 792 854 mus,
837 811 904 848 ne
953 797 1327 853 incedentium
1380 805 1789 858 conculcatione
1844 807 2084 861 victoria:

584 902 605 938 ι
648 887 803 940 nobis
835 892 1136 958 troplueum
1183 893 1382 960 injuria
1415 896 1699 949 afliciatur.
1725 898 1834 951 Eos
1875 899 2083 970 itaque,

585 995 605 1027 ι
643 981 735 1047 qui
767 982 1023 1050 deinceps
1047 987 1227 1038 crucis
1253 987 1469 1055 signum
1507 989 1559 1042 in
1584 991 1700 1045 solo
1724 1000 2080 1061 construunt,

591 1094 611 1125 ι
652 1080 925 1155 segregari
960 1080 1329 1137 decernimus.
1370 1102 1388 1133 ι

579 1259 774 1315 BALS.
799 1259 1053 1315 Nonnulli
1081 1265 1131 1315 in
1156 1264 1509 1319 ecclesiarum
1544 1270 1622 1321 vel
1654 1270 1887 1324 aliorum
1913 1274 2076 1327 etiam

508 1353 749 1408 locorum
801 1356 1125 1423 pavimentis
1174 1360 1357 1413 crucis
1415 1360 1566 1428 signa
1645 1362 1696 1416 in
1748 1365 1952 1431 lapide,
1992 1368 2076 1421 vel

509 1447 688 1515 aliqua
727 1447 827 1500 alia
873 1434 1075 1516 spx-cie,
1108 1450 1513 1518 imprimebaut.
1563 1454 1677 1509 lloc
1710 1473 1842 1524 ergo
1893 1460 2079 1527 probi-

506 1538 649 1593 bens
675 1555 872 1599 canon,
899 1541 1051 1600 dicit.
1075 1544 1216 1611 quod
1242 1545 1390 1600 salus
1412 1547 1693 1603 hominum
1729 1567 1822 1620 per
1853 1569 2073 1608 crucem

503 1632 773 1683 vivificam
807 1631 968 1703 243
1002 1633 1140 1687 facta
1169 1645 1270 1699 est,
1302 1647 1356 1691 et
1386 1641 1603 1708 oportet
1640 1659 1742 1698 nos
1769 1646 1817 1698 ei
1873 1660 2076 1701 conve-

423 1775 427 1780 ,
505 1723 743 1776 ιιίεηιιιιη
797 1735 848 1778 et
906 1729 1261 1795 proportione
1316 1734 1739 1800 respondentem
1804 1738 2070 1795 honorem

504 1816 990 1888 adorationemque
1017 1821 1275 1883 tribuere,
1298 1833 1498 1891 mente,
1523 1844 1778 1885 sermone
1804 1840 1853 1884 et
1881 1848 2070 1887 sensu:

1697 390 1703 395 “
1771 408 2046 470 Tueoo.
2097 412 2491 476 BALSAMON

591 532 609 564 ι
648 523 699 569 et
732 520 931 580 mente,
963 524 1013 568 ct
1037 530 1308 583 sermone,
1344 528 1397 572 et
1422 536 1587 576 sensu
1617 524 1988 603 adorationum
2022 529 2070 580 ei
2108 535 2145 583 Α

3626 424 3715 486 'ifil

2256 544 2273 574 ι
2314 528 2406 577 καὶ
2436 527 2532 595 νῷ,
2556 528 2648 579 καὶ
2673 526 2836 597 λόγῳ,
2868 530 2962 583 καὶ
2992 530 3241 602 αἰσθήσει
3264 532 3360 604 τὴν
3378 537 3717 610 προσκύνησιν

2280 634 2297 665 ι
2334 617 2479 686 αὐτῷ
2506 618 2892 686 ἀπονέμοντες,
2928 626 3050 685 τοῦς
3072 626 3129 675 ἐν
3151 623 3225 694 τῷ
3247 625 3426 694 ἐδάφει
3454 631 3540 681 τοῦ
3570 649 3717 686 σταυ-

2261 727 2279 759 ι
2320 710 2413 778 ροῦ
2446 715 2648 768 τύπους
2694 714 2798 767 ὑπό
2827 731 2987 767 τινων
3041 720 3609 787 κατασκευαζομένους
3645 726 3720 788 ἐξ-

2263 819 2281 850 (
2322 802 2685 869 αφανίζεσθαι
2738 807 3007 871 παντοίως
3059 810 3488 879 προστάσσομεν,
3539 814 3607 876 ὡς
3666 819 3722 870 ᾶν

2261 911 2278 943 ι
2320 890 2395 963 μὴ
2424 897 2488 963 τῇ
2517 896 2623 948 τῶν
2652 896 2977 967 βαδιζόντων
3015 903 3391 971 καταπατήσει
3422 902 3479 956 τὸ
3511 906 3603 974 τῆς
3638 910 3722 963 ,νί-

2263 1005 2281 1037 t
2326 990 2583 1058 κηςήμῖν
2613 992 2872 1059 τρόπαιον
2901 991 3259 1062 ἐξυϐρίζοιτο.
3297 993 3434 1057 Τοὺς
3492 992 3579 1049 οὖν
3630 1001 3723 1053 ἀπ’)

2263 1097 2281 1128 ι
2324 1078 2412 1131 τοῦ
2445 1081 2539 1133 νῦν
2569 1083 2663 1135 τοῦ
2700 1084 2936 1153 σταυροῦ
2964 1086 3266 1139 τύπονέπὶ
3295 1087 3519 1155 ἐδάφους
3573 1108 3724 1146 κατα-

2264 1192 2283 1224 ι
2322 1176 2684 1239 σκευάζοντας
2714 1176 2968 1245 ὁρίζομεν
2992 1179 3349 1248 ἀφορίζεσθαι
3373 1200 3418 1234 ,ι

2258 1265 2451 1318 ΒΛΛΣ.
2483 1268 2636 1331 Τινὲς
2668 1271 2725 1322 ὲν
2756 1269 3005 1338 ἐδάφεσιν
3028 1272 3333 1340 ἐκκλησιῶν
3373 1274 3405 1344 ἢ
3445 1278 3536 1329 καὶ
3561 1278 3719 1331 ἄλλων

2180 1357 2360 1410 τόπων
2402 1361 2672 1431 σταυρικά
2724 1364 2931 1431 σημεῖα
2967 1362 3075 1414 ἀπὸ
3115 1362 3268 1416 λίθου
3311 1364 3343 1433 ἢ
3387 1369 3494 1419 ἀπὸ
3548 1372 3719 1439 ἐτέρου

2178 1451 2318 1509 τινος
2350 1450 2521 1515 εἴδους
2573 1454 2889 1523 ἐχάραττον.
2922 1452 3095 1507 Τοῦτο
3136 1454 3233 1509 οῦν
3261 1457 3486 1509 κωλύων
3507 1462 3533 1510 ὁ
3555 1465 3718 1513 κανών

2181 1558 2343 1609 φησιν
2366 1544 2502 1614 ὄτιή
2542 1547 2790 1615 σωτηρία
2816 1547 2925 1600 τῶν
2968 1548 3278 1617 ἀνθρώπων
3329 1551 3419 1603 διὰ
3464 1553 3551 1605 τοῦ
3601 1556 3721 1617 {mo-

2178 1632 2334 1683 ποιοῦ
2366 1634 2604 1703 σταυροῦ
2641 1639 2853 1704 γέγονε.
2890 1639 2999 1691 Καὶ
3035 1640 3139 1710 χρὴ
3167 1642 3315 1709 ἡμᾶς
3354 1642 3451 1706 τὴν
3484 1644 3723 1713 ἀνάλτιγον

2176 1724 2338 1793 τιμὴν
2356 1728 2448 1777 καὶ
2467 1730 2834 1798 προσκύνησιν
2850 1730 2997 1799 αὐτῷ
3023 1733 3320 1801 ἀπονέμειν
3358 1733 3453 1803 νῷ,
3477 1736 3567 1788 καὶ
3597 1736 3723 1806 λόγῳ

2177 1818 2268 1869 καὶ
2283 1819 2530 1891 αἰσθήσει
2549 1840 2559 1850 ο
2587 1821 2794 1892 ήτοινῷ
2811 1824 2910 1892 μὲν
2929 1822 3015 1876 διὰ
3046 1824 3399 1893 εὐχαριστίας
3423 1834 3690 1899 σιωπηρὶς
3707 1848 3719 1861 ’

504 1920 685 1962 mente
732 1911 960 1977 scilicet,
1014 1930 1110 1983 per
1144 1918 1363 1971 tacitam
1407 1922 1710 1986 gratiarum
1751 1926 2056 1989 actionem;

2176 1908 2319 1980 λόγῳ
2342 1912 2397 1963 δὲ
2424 1912 2510 1965 διὰ
2544 1913 2643 1982 τῆς
2696 1915 2828 1981 πρὸς
2862 1916 3069 1979 πάντας
3090 1916 3391 1985 ὁμολογίας
3415 1919 3505 1972 τοῦ
3528 1924 3727 1989 γεγονὸο

501 2016 773 2066 sermone,
812 2020 907 2073 per
951 2006 1074 2061 boni
1125 2012 1267 2077 quod
1298 2010 1365 2065 irv
1395 2030 1492 2068 nos
1542 2015 1745 2071 factum
1787 2030 1872 2072 est
1927 2021 2070 2088 apud

499 2106 693 2147 omnes
728 2095 1133 2152 confessionem
1161 2116 1177 2163 ;
1215 2114 1268 2155 et
1297 2118 1462 2157 sensu
1483 2147 1497 2168 ,
1528 2108 1747 2175 quando
1781 2124 1897 2163 eam
1947 2123 2071 2168 actu

500 2183 745 2239 videntes
781 2188 1105 2247 salutamus.
1150 2192 1307 2249 Unde
1334 2196 1496 2249 etiam
1527 2214 1717 2255 omnes
1750 2203 1843 2271 qui
1895 2205 2071 2262 ubivis

496 2274 876 2343 inveniuntur,
906 2284 1091 2338 crucis
1121 2292 1277 2356 typos
1327 2288 1380 2341 in
1439 2290 1750 2357 pavimento
1799 2296 1964 2351 deleri
2002 2308 2057 2353 et

498 2369 613 2422 tolli
641 2370 815 2438 jubet,
842 2390 908 2427 ne
932 2376 999 2430 ab
1031 2378 1411 2437 incedentibus
1434 2386 1792 2441 conculcetur
1816 2401 2066 2446 nostrum

497 2464 763 2519 adversus
796 2467 1073 2522 diabolum
1112 2472 1414 2540 troplu'eum
1447 2490 1461 2526 :
1493 2491 1590 2531 eos
1615 2486 1819 2542 autem,
1850 2482 1942 2551 qui
1975 2499 2069 2553 ag-

495 2559 669 2625 gressi
718 2556 921 2613 fuerint
972 2564 1156 2618 crucis
1188 2563 1412 2633 ﬁguram
1447 2568 1498 2621 in
1552 2571 1671 2624 solo
1704 2584 2023 2629 construere
2048 2616 2063 2641 ,

489 2645 647 2715 jubet
685 2652 1050 2721 segregatioui
1098 2656 1318 2724 subjici.
1352 2658 1492 2713 Dicit
1535 2673 1718 2736 autem
1772 2674 1826 2719 et
1870 2666 1903 2720 5
1942 2683 2061 2736 cap.

492 2740 652 2807 primi
693 2742 836 2796 tituli
890 2747 1048 2812 primi
1097 2747 1248 2807 libri.
1287 2750 1400 2807 Nec
1451 2734 1760 2812 monachus
1789 2774 1889 2814 nec
1920 2761 2063 2817 ullus

493 2830 636 2887 alios
666 2835 719 2888 in
751 2837 971 2904 publico
1008 2841 1148 2904 loco,
1178 2844 1261 2898 vel
1299 2845 1352 2899 in
1395 2862 1503 2915 quo
1532 2850 1911 2918 spectaculum
1939 2870 2065 2923 per-

490 2923 695 2991 agitur,
751 2942 970 2985 crucem
1021 2932 1288 3004 imponat,
1320 2938 1404 2992 vel
1434 2949 1749 2998 sanctorum
1777 2945 2059 3016 reliquias.

501 3006 564 3069 Et
603 3033 725 3088 cap.
757 3020 832 3075 6:
864 3020 1039 3078 Nemo
1088 3025 1143 3080 in
1177 3028 1316 3094 solo,
1367 3031 1449 3085 vel
1493 3034 1684 3089 molari
1732 3006 1935 3115 lapide,
1979 3041 2062 3095 vel

490 3122 767 3165 marmore
802 3116 1121 3193 pavimenti,
1152 3134 1372 3175 crucem
1407 3123 1677 3195 insculpat
1713 3130 1793 3183 vel
1825 3129 2007 3199 pingat
2041 3151 2055 3186 :

490 3201 586 3254 sed
631 3202 864 3270 auferat,
900 3222 965 3261 eo
995 3209 1086 3277 qui
1135 3211 1187 3265 id
1227 3217 1632 3285 transgreditur
1666 3222 2054 3287 gravissimum

497 3292 771 3349 subeunte
802 3300 1159 3367 supplicium.
1194 3304 1260 3358 Et
1291 3320 1413 3374 cap.
1447 3307 1513 3361 '58
1548 3311 1706 3379 primi
1744 3315 1831 3367 tit.
1876 3331 1935 3369 ιιι
1966 3317 2056 3371 lib.

487 3382 717 3452 imperat
763 3391 992 3457 prtecise
1038 3392 1226 3449 dicens
1262 3415 1275 3451 :
1316 3397 1421 3452 Sed
1461 3408 1514 3453 et
1543 3403 1806 3470 pretiosas
1850 3421 2060 3471 cruces,

486 3488 609 3530 cum
641 3480 836 3547 quibus
888 3484 939 3537 in
996 3489 1489 3556 supplicationibus
1536 3496 1911 3561 egrediuntur,
1950 3515 2057 3554 non

487 3568 613 3623 alibi
647 3587 810 3639 quam
854 3574 906 3628 in
946 3580 1153 3633 sanctis
1181 3580 1314 3636 locis
1344 3585 1555 3652 reponi.
1591 3585 1713 3639 llaec
1742 3602 1863 3640 cum
1889 3598 1941 3641 et
1973 3605 2059 3644 ca-

483 3674 593 3715 non
624 3671 676 3715 ct
707 3662 849 3733 leges
872 3675 1137 3734 statuant,
1168 3687 1386 3726 crucem
1416 3675 1633 3743 quidem
1660 3679 1712 3730 in
1747 3680 2057 3747 pavimento

486 3764 595 3805 non
636 3755 798 3807 audet
857 3757 980 3825 quis
1032 3775 1097 3813 ex
1158 3762 1338 3831 aliqua
1401 3769 1624 3822 materia
1692 3782 2053 3828 construere:

483 3850 689 3896 sanctae
716 3851 895 3899 autem
931 3846 1198 3920 imagines
1232 3861 1283 3906 et
1310 3869 1501 3911 cruces
1536 3858 1590 3912 in
1627 3861 1857 3929 publicis
1898 3866 1999 3919 viis
2023 3883 2052 3920 a

479 3934 693 3989 volente
726 3938 1030 4009 eriguntur.
1081 3942 1146 3998 Et
1176 3961 1274 4000 nos
1316 3949 1560 4023 quidem,
1614 3964 1832 4022 propter
1860 3973 2049 4028 puram

480 4042 609 4096 erga
647 4029 811 4085 Deum
844 4042 898 4086 et
929 4036 1045 4102 eius
1082 4050 1306 4096 sanctos
1342 4043 1520 4105 fidem.
1558 4055 1744 4101 sancta
1776 4050 2047 4119 ejusmodi

406 4154 411 4169 .
481 4118 793 4192 ubicunque
846 4138 1022 4181 erecta
1073 4131 1365 4188 adoramus
1411 4145 1465 4190 et
1514 4118 1838 4197 salutamus.
1879 4142 2049 4214 Leges

474 4220 678 4276 autem,
713 4224 771 4267 ut
800 4223 884 4271 est
933 4233 1402 4290 consentaneum,
1443 4243 1662 4300 propter
1701 4232 1997 4291 infidelium
2029 4278 2043 4303 ,

478 4317 779 4374 eorumque
810 4310 902 4377 qui
932 4312 1050 4367 sine
1082 4315 1190 4370 ulla
1227 4316 1456 4374 honesta
1487 4326 1927 4384 consideratione
1963 4331 2049 4384 in-

472 4392 890 4453 discriminatim
913 4403 1121 4480 vivunt,
1140 4406 1533 4479 improbitates,
1555 4416 1667 4471 haec
1690 4421 2044 4490 scripserunt.

474 4485 739 4546 Existimo
777 4510 926 4563 ergo.
973 4499 1120 4565 quod
1150 4500 1224 4555 illi
1255 4510 1617 4576 segregationi
1654 4485 2041 4584 subjiciuntur,

2176 2020 2265 2064 τος
2308 2005 2512 2071 ἀγαθοῦ
2593 2008 2728 2077 πρὸς
2788 2010 2935 2079 ἡμᾶς
2963 2025 2978 2040 ο
3044 2012 3135 2063 καὶ
3164 2010 3440 2076 αἰσθήσει,
3491 2014 3724 2068 δτανκαὶ

2176 2099 2579 2165 πραγματικῶς
2628 2099 2815 2153 τοῦτον
2843 2101 3078 2170 ὁρῶντες
3116 2103 3723 2173 κατασπαζ‹ἱ›μεθα.”υ-

2175 2187 2266 2243 θεν
2309 2191 2404 2244 καὶ
2428 2193 2553 2256 τοὺς
2577 2192 2912 2265 ὁπουδήποτε
2944 2196 3373 2265 εὑρισκομένους
3408 2199 3611 2262 τύπους
3639 2201 3722 2253 τοῦ

2174 2284 2409 2355 σταυροῦ
2462 2287 2519 2338 ἐν
2550 2286 2737 2355 ἐδάφει
2786 2288 3078 2359 διωρίσατο
3133 2291 3523 2361 ἀφανισθῆναι,
3548 2293 3617 2357 ὡς
3665 2293 3725 2346 ἂν

2173 2373 2247 2443 μὴ
2284 2378 2666 2445 καταπατῆται
2698 2377 2804 2431 ὑπὸ
2834 2379 2944 2432 τῶν
2981 2380 3312 2449 βαδιζόντων
3363 2382 3422 2434 τὸ
3456 2385 3590 2436 κατὰ
3640 2384 3721 2437 τοῦ

2168 2468 2413 2522 διαϐόλου
2468 2471 2729 2540 τρόπαιον
2790 2472 2979 2541 ήμῶν·
3020 2474 3149 2536 τοὺς
3172 2474 3230 2527 δὲ
3276 2475 3722 2545 ἐπιχειρήσοντας

2170 2562 2410 2631 σταυροῦ
2450 2562 2622 2617 τύπον
2654 2566 2711 2617 ἐν
2742 2564 2932 2635 ἐδάφει
2981 2566 3399 2633 κατασκευάσαι
3450 2568 3723 2637 άφοριτμῷ

2167 2656 2704 2713 καθυποδάὶλεσθαι.
2750 2660 2888 2727 Φησὶ
2944 2660 2999 2712 δέ
3043 2660 3227 2712 καὶτὸ
3276 2658 3317 2713 ε’
3347 2677 3471 2730 κειρ,
3535 2662 3622 2713 τοῦ
3674 2666 3716 2714 α’

2104 2737 2123 2744 ’
2162 2748 2343 2801 τίτλου
2375 2749 2469 2802 τοῦ
2507 2756 2555 2804 α’
2588 2750 2826 2820 βιϐλίου·
2866 2752 3019 2819 Μήτε
3072 2754 3307 2821 μοναχὸς
3349 2754 3485 2822 μήτε
3550 2752 3721 2822 ἕτερός

2162 2857 2248 2904 τις
2267 2843 2322 2893 ἐν
2338 2841 2580 2911 δημοσίῳ
2597 2843 2820 2913 τόπῳ.ἢ
2847 2846 2902 2895 ἐν
2933 2836 2978 2911 ᾧ
2997 2844 3097 2897 θέα
3119 2844 3473 2909 ἐπιτελεῖται,
3505 2847 3718 2914 σταυρὸν

2163 2932 2504 2987 ἐπιδαλλέτω
2534 2934 2567 3005 ἢ
2603 2935 2832 3004 λείψανα
2864 2937 3038 3003 ἁγίων
3064 2954 3077 2967 ⁸
3117 2939 3212 2992 καὶ
3245 2955 3374 3007 κεφ.
3407 2946 3458 3003 ς’
3486 2956 3500 2970 ο
3529 2940 3717 3009 Μηδεὶς

2161 3022 2220 3075 ἐν
2257 3023 2442 3091 ἐδάφει
2486 3024 2518 3095 ἢ
2559 3026 2753 3098 μυλίτῃ
2809 3027 2993 3097 λίθῳῆ
3054 3031 3112 3081 ἐν
3178 3030 3454 3102 μαρμάρῳ
3495 3032 3717 3107 ἐδαφικῷ

2160 3116 2479 3183 ἐγγλυφέτω
2536 3117 2568 3188 ἢ
2615 3120 2873 3189 γραφέτω
2928 3123 3193 3190 σταυρόν·
3246 3123 3389 3178 ἀλλά
3430 3129 3716 3195 περιαιρεμ

2164 3209 2297 3273 σθω,
2336 3212 2436 3280 τὴν
2492 3211 2807 3284 βαρυτάτην
2855 3214 2951 3267 τοῦ
3008 3215 3447 3283 παραϐαίνοντος
3498 3219 3715 3287 ὑφιστα-

2168 3303 2332 3369 μένου
2371 3305 2568 3374 ποινήν
2592 3321 2608 3336 ·
2670 3309 2765 3359 καὶ
2818 3322 2942 3375 κεφ.
2972 3313 3055 3377 νη¹
3097 3307 3190 3360 τοῦ
3247 3307 3293 3361 α’
3329 3309 3509 3363 τίτλου
3552 3311 3638 3363 τοῦ
3673 3315 3716 3377 γ’

2165 3394 2374 3464 βιόλίου
2402 3398 2559 3465 λέγον
2587 3399 2645 3451 ἐν
2710 3400 2911 3467 μέρειο
2978 3400 3136 3453 Ἀλλὰ
3180 3402 3275 3455 καὶ
3343 3404 3471 3465 τοὺς
3520 3405 3717 3474 τιμίους

2165 3491 2453 3558 σταυροὺς,
2491 3490 2607 3558 μεθ’
2642 3484 2719 3545 ὧν
2761 3495 2822 3547 ἐν
2869 3495 2990 3555 ταῖς
3047 3494 3222 3558 λιταῖς
3256 3496 3590 3568 ἐξέρχονται,
3649 3497 3713 3568 μὴ

2159 3577 2424 3649 ἀλλαχόσε
2456 3582 2597 3651 πλὴν
2626 3585 2675 3636 εί
2697 3583 2771 3653 μὴ
2800 3587 2858 3638 ἐν
2881 3586 3107 3653 εὐαγέσι
3132 3589 3318 3652 τόποις
3339 3591 3375 3642 ά
3392 3591 3708 3644 τιοτίθεσθαι.

2159 3670 2344 3724 Ταῦτα
2372 3672 2465 3727 τοῦ
2498 3676 2721 3739 κανόνος
2752 3677 2845 3729 καὶ
2895 3678 3006 3731 τῶν
3062 3679 3245 3749 νόμων
3309 3682 3709 3752 διοριζομένων,

2160 3766 2394 3835 σταυρὸν
2460 3767 2559 3836 μὲν
2614 3769 2804 3837 ἐδάφει
2856 3770 2919 3823 οὐ
2978 3772 3152 3843 τολμᾷ
3196 3790 3280 3836 τις
3316 3778 3710 3830 κατασκευάσαι

2157 3858 2265 3910 ἀπό
2294 3875 2441 3922 τινος
2476 3859 2629 3929 ὕλης.
2663 3862 2851 3929 Ἀγιαι
2880 3863 2937 3915 δὲ
2984 3865 3217 3927 είκόνεξ
3239 3865 3337 3917 καὶ
3401 3868 3622 3937 σταυροὶ
3659 3870 3710 3919 ἐν

2154 3951 2438 4021 δημοσίοις
2489 3954 2626 4017 ὁδοῖς
2648 3955 2799 4024 παρά
2824 3956 2922 4007 τοῦ
2982 3956 3228 4021 θέλοντος
3271 3961 3706 4032 άναστηλοῦνται.

2158 4044 2270 4098 Καὶ
2329 4046 2491 4115 ἡμεῖς
2542 4046 2641 4115 μὲν
2687 4047 2776 4101 διὰ
2829 4050 2930 4117 τὴν
2965 4049 3104 4120 πρὸς
3158 4051 3251 4103 τὸν
3300 4052 3440 4107 Θεὸν
3466 4056 3560 4106 καὶ
3588 4055 3705 4114 τοῦς

2153 4138 2340 4204 ἁγίους
2366 4140 2532 4193 αὐτοῦ
2562 4142 2811 4213 καθαράν
2835 4142 3020 4198 πίστιν
3077 4146 3144 4196 τά
3195 4147 3531 4218 ὁπουδήποτε
3591 4150 3707 4200 dva-

2153 4230 2493 4302 στηλούμενα
2510 4232 2739 4288 τοιαῦτα
2772 4234 2907 4302 ἅγια
2939 4236 3357 4306 προσκυνοῦμεν
3406 4242 3499 4291 καὶ
3554 4255 3705 4291 κατι·

2153 4322 2471 4393 σπαζόμεθα
2492 4342 2506 4357 ο
2539 4326 2588 4378 οἱ
2608 4325 2661 4379 δὲ
2693 4327 2869 4396 νόμοι,
2903 4327 2978 4390 ὡς
3009 4328 3176 4394 ἔοικε,
3212 4329 3302 4381 διὰ
3333 4331 3431 4393 τὰς
3458 4331 3704 4383 τῶνηάπί-

2151 4431 2294 4469 στων
2326 4417 2420 4470 καὶ
2447 4417 2553 4471 τῶν
2575 4418 2884 4491 ἀδιαφόρως
2914 4421 3130 4485 ζώντων
3158 4424 3455 4486 κακίας.τά
3481 4424 3703 4493 ρηθέντα

2148 4509 2513 4579 γεγράφασιν.
2559 4512 2753 4581 Οίομαι
2784 4513 2839 4565 δὲ
2868 4515 2951 4567 ὅτι
2975 4515 3175 4567 ἐκεῖνοι
3207 4516 3702 4570 καθυποὸάλλονται

472 4583 565 4649 qui
600 4594 731 4639 sunt
761 4587 1146 4657 simpliciores,
1178 4604 1232 4649 et
1276 4609 1502 4668 propter
1535 4603 1787 4671 pietatem
1828 4609 1883 4662 in
1920 4612 2039 4666 solo

2155 4599 2462 4670 ἀφορισμῷ,
2495 4604 2543 4655 οἱ
2582 4604 2967 4677 ἁπλούστεροι,
3000 4608 3093 4660 καὶ
3146 4605 3215 4659 δι’
3243 4608 3533 4662 εύλάόειαν
3557 4610 3702 4673 δῆθεν

472 4672 765 4737 pretiosam
792 4691 1009 4733 crucem
1034 4680 1389 4742 fabricantur.
1416 4693 1517 4757 Qui
1540 4696 1683 4749 enim
1713 4700 1849 4753 mala
1874 4702 2033 4758 animi

470 4761 756 4820 affectione
798 4766 902 4822 hoc
933 4781 1117 4839 agunt,
1153 4784 1211 4830 ut
1242 4779 1500 4836 salutaris
1530 4788 1712 4843 crucis
1747 4791 1938 4859 figura,
1968 4809 2033 4847 eo

466 4854 615 4920 quod
646 4860 1019 4927 conculcetur,
1070 4874 1398 4928 contumelia
1445 4876 1727 4945 afliciatur,
1780 4893 1842 4938 ut
1887 4885 2033 4956 impii

470 4947 787 5012 punientur.

540 5037 791 5097 ZONAR.
840 5045 1067 5105 Domino
1094 5050 1289 5110 'nostro
1342 5056 1450 5113 Deo
1481 5076 1545 5114 ac
1596 5074 1873 5123 servatore
1904 5066 2034 5125 Iesu
2112 5088 2115 5091 λ

452 5128 688 5186 Christo
724 5137 873 5192 cruci
905 5140 1084 5206 affixo,
1118 5159 1217 5199 nos
1252 5149 1483 5205 salutem
1517 5151 1736 5221 adepti,
1770 5168 1930 5225 atque
1966 5163 2035 5217 ab

468 5222 689 5293 antiqua
729 5233 933 5296 peccati
978 5241 1266 5305 tyrannide
1294 5243 1504 5298 liberati
1537 5260 1751 5304 sumus.
1803 5251 2033 5309 Crucem

467 5315 657 5385 igitur,
688 5321 886 5395 quippe
914 5343 1035 5398 qua:
1064 5333 1257 5389 salutis
1285 5346 1486 5392 nostra
1525 5353 1743 5395 causam
1780 5346 2029 5412 prazbuit,

452 5419 670 5475 mente,
704 5429 955 5475 sermone
990 5432 1045 5477 et
1090 5440 1254 5481 sensu
1286 5428 1568 5483 colendam
1622 5447 1649 5485 a
1702 5435 1857 5491 nobis
1911 5442 2032 5494 esse

462 5504 638 5558 sancti
694 5506 882 5565 Patres
918 5512 1204 5569 affirmant.
1252 5518 1329 5573 Ac
1381 5530 1562 5576 mente
1611 5525 1825 5590 quidem
1883 5530 2027 5585 illam

465 5609 809 5667 veneramur,
845 5618 968 5657 cum
1001 5608 1163 5661 tacita
1195 5611 1567 5674 meditatione,
1597 5631 1756 5685 quam
1791 5620 2028 5690 ingentia

460 5683 603 5740 bona
636 5704 729 5757 per
759 5692 907 5747 illam
936 5696 1000 5749 ad
1030 5713 1126 5751 nos
1156 5701 1473 5756 devenerint
1502 5706 1825 5775 recolentes,
1859 5720 2027 5768 tantae

462 5773 559 5831 Dei
599 5778 654 5833 in
684 5796 783 5835 nos
815 5783 1185 5842 beneficentia:
1213 5791 1642 5860 magnitudinem
1676 5773 2021 5867 obstupesci-

468 5886 632 5939 mus;
670 5884 946 5947 sermone,
984 5894 1106 5936 cum
1142 5880 1329 5938 eadem
1371 5881 1459 5938 illa
1488 5886 1828 5947 sermonibus
1858 5905 2022 5949 usur-

2146 4692 2653 4757 κατασκευάζοντες
2688 4697 2747 4748 ἐν
2775 4696 2851 4766 τῷ
2879 4697 3069 4766 ἐδάφει
3103 4700 3285 4769 τίμιον
3337 4700 3571 4769 σταυρόν
3592 4716 3606 4732 ο
3655 4699 3699 4751 οἱ

2140 4781 2249 4852 γάρ
2273 4785 2419 4854 κακῇ
2453 4783 2693 4837 διαθέσει
2718 4785 2959 4840 τοιοῦτόν
2988 4805 3042 4841 τι
3071 4790 3351 4853 ποιοῦντες
3403 4793 3565 4861 χάριν
3612 4789 3698 4841 τοῦ

2137 4875 2229 4925 τὸν
2257 4876 2572 4948 σωτηριὼδη
2618 4880 2788 4931 τύπον
2833 4882 2928 4933 τοῦ
2990 4881 3225 4952 σταυροῦ
3277 4884 3365 4936 διὰ
3413 4885 3508 4936 τοῦ
3538 4900 3699 4936 xam-

2140 4969 2427 5022 πατεῖσθαι
2468 4971 2998 5043 περιυὸρίζεσθαιὼς
3016 4975 3233 5039 ἀσεϐεῖς
3259 4978 3693 5045 κολασθήσονται.

2208 5060 2453 5115 ΖΩΝΑΡ.
2511 5062 2617 5115 Τοῦ
2647 5065 2850 5135 Κυρίου
2886 5066 3044 5136 ημῶν
3073 5070 3167 5120 καὶ
3196 5068 3329 5120 Θεοῦ
3361 5070 3455 5122 καὶ
3509 5070 3681 5133 Σωτῆο

2139 5167 2228 5220 ρος
2252 5151 2496 5220 Χριστοῦ
2521 5156 2579 5207 ἐν
2603 5156 2681 5225 τῷ
2710 5158 2933 5228 σταυρῷ
2982 5163 3390 5230 κρεμασθέντος
3420 5164 3581 5231 ἡμεῖς
3610 5176 3692 5209 σε·

2136 5242 2413 5312 σῶσμεθα,
2473 5245 2696 5315 καὶτῆς
2740 5249 2977 5320 ἀρχαίας
3027 5253 3272 5316 δουλείας
3305 5253 3401 5323 τῆς
3424 5253 3691 5322 ἁμαρτίας

2136 5334 2579 5406 ὴλευθερώμεθα.
2638 5338 2825 5411 Τούτῳ
2876 5344 3060 5396 τοίνυν
3094 5346 3171 5416 τῷ
3226 5347 3326 5417 τῆς
3372 5348 3525 5416 νίκης
3569 5346 3689 5415 ἡμῖν

2132 5423 2286 5493 αἰτίῳ
2314 5428 2415 5497 τὴν
2464 5430 2630 5500 τιμὴν
2672 5435 2968 5503 ἀπονέμειν
3013 5437 3213 5507 χρῆναι
3268 5439 3430 5507 φασὶν
3480 5441 3527 5491 οἱ
3565 5438 3689 5503 ί;ρο“ι

2132 5519 2379 5591 Πατέρες
2410 5523 2505 5574 καὶ
2527 5523 2621 5593 νῷ,
2644 5527 2737 5578 καὶ
2768 5527 2929 5597 λόγῳ,
2958 5530 3055 5581 καὶ
3077 5531 3348 5601 αἰσθήσει.
3367 5531 3460 5601 Νῷ
3484 5532 3579 5601 μὲν
3603 5528 3688 5580 οὖν

2130 5612 2513 5684 ἀποδιδόαμεν,
2571 5618 2661 5670 ὅτε
2704 5619 2826 5672 καθ’
2875 5621 3104 5686 ἑαυτοὺς
3155 5624 3547 5694 ἐνθυμούμενοι
3602 5620 3687 5673 καὶ

2128 5705 2470 5779 λογιζόμενοι
2518 5712 2659 5764 ὅσων
2706 5713 2928 5779 ἀγαθῶν
2970 5716 3240 5788 ἐτύχομεν
3282 5719 3348 5772 δι’
3383 5718 3568 5783 αὐτοῦ,
3599 5718 3685 5804 ἐκ·

2129 5800 2479 5871 πληττόμεθα
2528 5803 2625 5873 τὴν
2686 5807 2768 5869 είς
2834 5808 2982 5877 ἡμᾶς
3035 5811 3354 5882 εὐεργεσίαν
3382 5810 3473 5866 τοῦ
3501 5800 3679 5865 Θεοῦ⁸

2127 5896 2270 5967 λόγῳ
2336 5896 2415 5965 δὲ,
2466 5899 2554 5951 ὅτε
2608 5901 2702 5955 καὶ
2754 5903 2884 5971 πρὸς
2942 5903 3161 5975 ἐτέρους
3218 5906 3388 5960 ταῦτα
3440 5905 3679 5974 λέγοντες
