3992 6484
495 389 624 452 787

1775 417 2054 481 THEOD.
2093 421 2182 480 BA
2193 424 2500 488 LSAMON

3623 460 3711 518 Ἷιίδ

519 487 812 563 Dominicis
847 511 927 564 vel
977 511 1031 567 in
1065 519 1349 585 ecclesiis,
1395 525 1648 593 prohibet
1701 535 1986 587 comedere
2030 554 2039 586 ι

519 601 796 628 αηιηιιιζο..-
832 611 1074 628 -._-..----__
1125 611 1136 628 ρ
1297 614 1328 628 ι.
1473 618 1528 628 ...
1682 625 1691 628 -

2205 481 2268 483 Α
2340 481 2494 488 ______
3632 481 3711 518 tuo

2142 537 2350 593 ι”Ωστε
2398 541 2632 611 διαφορὰ
2684 544 2831 597 ἐστιν
2883 546 3184 619 ἐκκλησιῶν
3231 553 3322 606 καὶ
3373 523 3608 628 προναων
3629 568 3713 624 καὶ

515 601 800 656 accubitus
829 611 1078 662 stern’cre
1125 611 1176 664 iu
1228 614 1361 671 solis
1408 618 1616 676 aedibus
1645 625 1763 678 sive
1806 630 2076 685 ecclcsiis.

514 687 876 749 Quamobrem
927 707 1010 751 est
1062 701 1368 761 diﬂ'erentia
1405 710 1549 766 inter
1574 715 1832 772 ecclesias
1865 729 1916 774 et
1954 739 2081 790 pro-

519 795 650 831 naos
690 794 743 836 et
771 787 905 848 alios
939 790 1086 846 locos
1119 796 1453 856 Dominicos.

587 870 838 931 ZONAR.
871 880 1036 938 Moris
1063 889 1268 958 antiqui
1308 892 1407 948 fuit
1435 897 1741 956 divinorum
1791 909 2076 975 mysterio-

515 981 632 1018 rum
677 975 1057 1031 communione
1088 992 1302 1043 peracta
1333 991 1579 1043 convivia
1607 1033 1622 1056 ,
1653 997 1877 1051 cibariis
1913 1002 2077 1054 ditio-

512 1073 629 1109 rum
673 1061 996 1118 liberalitate
1043 1073 1284 1138 collatis,
1332 1092 1398 1132 ac
1446 1097 1541 1150 per
1587 1100 1681 1140 eos
1727 1091 2071 1149 tenuioribus

507 1167 722 1220 quospm
750 1158 814 1209 ad
847 1174 1043 1216 mensa:
1073 1167 1391 1223 sorietatem
1435 1176 1712 1236 admissis,
1749 1184 2067 1250 celebrare;

503 1245 661 1307 cnius
695 1250 854 1302 etiam
889 1269 1118 1322 magnus
1148 1258 1344 1313 Paulus
1379 1265 1617 1330 Epistula
1664 1273 1727 1325 ad
1754 1272 2070 1334 Corinthios

505 1339 770 1403 meminit,
803 1358 1025 1412 eosque,
1056 1353 1196 1416 quo:l
1242 1354 1493 1420 privatim
1538 1362 1662 1416 aliis
1695 1381 1800 1419 non
1831 1383 2066 1434 exspec-

497 1429 626 1482 tatis
671 1433 1057 1501 epularentur,
1095 1442 1365 1515 objurgat.
1417 1447 1820 1523 Unusquisque,
1867 1461 2063 1527 inquit,

497 1539 648 1574 suam
687 1542 884 1584 cautam
924 1545 1252 1610 prteoccupnt
1282 1541 1333 1592 in
1359 1543 1580 1611 edendo;
1612 1559 1660 1600 et
1689 1551 1826 1602 alius
1855 1555 2064 1620 quidem

492 1617 676 1674 esurit,
707 1619 844 1671 alius
873 1634 1043 1676 autem
1073 1629 1246 1682 ebrius
1275 1643 1372 1686 est.
1409 1634 1682 1704 Numquid
1716 1645 1848 1697 enim
1880 1649 2063 1704 domos

497 1723 597 1759 non
630 1709 850 1770 habetis.
886 1728 937 1766 ut
980 1721 1302 1775 manducetis
1331 1737 1379 1778 et
1405 1727 1632 1785 bibatis?
1663 1746 1754 1788 aut
1790 1740 2061 1796 ecclesiam

497 1797 594 1850 Dei
627 1808 974 1865 contemnitis.
1010 1824 1054 1862 et
1087 1815 1406 1879 confunditis
1437 1839 1522 1874 eos
1545 1827 1635 1892 qui
1663 1845 1765 1882 non
1796 1831 1984 1888 habent
2011 1838 2060 1890 ’ἲ

409 1909 412 1914 ·
499 1889 645 1946 llanc
687 1895 849 1964 igitur
886 1901 1140 1970 epulandi
1181 1915 1664 1982 consuetudinem,
1702 1937 1862 1990 quam
1891 1929 2054 1982 ctiam

493 1998 697 2053 agapen
737 1991 850 2044 sive
878 1997 1198 2053 cltaritatem
1234 2011 1586 2076 nuncupavit,
1621 2018 1779 2082 quasi
1814 2033 1840 2070 a
1876 2021 2058 2072 chari-

489 2084 601 2128 tate
651 2081 976 2150 profectam,
1028 2093 1113 2144 Vel
1176 2095 1302 2162 quia
1368 2081 1653 2160 cbaritatis
1704 2108 1937 2164 alliciens
1987 2114 2055 2168 sit

490 2174 636 2236 (nam
692 2174 777 2228 illa
824 2194 1023 2236 mensae
1056 2190 1372 2245 communio
1415 2198 1705 2262 quamdam
1758 2202 1898 2256 inter
1937 2221 2053 2266 cos,

485 2264 579 2329 qui
618 2281 723 2320 una
779 2270 958 2326 cibum
1006 2278 1265 2347 capiunt,
1298 2297 1548 2352 procreat
1597 2291 1946 2365 cbaritatem.)
1998 2301 2051 2352 in

1078 2343 1086 2344 κ
1253 2343 1262 2347 ν
1299 2343 1313 2352 ,
1735 2343 1773 2346 ’“
1798 2343 1944 2365 “’⁷“’“Ι
2000 2343 2051 2352 ’⁵-

483 2343 734 2416 ecclesiis
795 2377 1133 2436 renovatam,
1196 2377 1648 2436 convenientibus
1706 2382 1849 2439 intra
1899 2393 2053 2442 saera

486 2453 685 2520 templa
741 2456 1080 2514 vestibulave
1137 2463 1202 2515 ad
1249 2470 1580 2522 vescendum
1636 2474 1902 2539 convivis,
1962 2479 2052 2534 hic

487 2557 662 2596 canon
696 2545 986 2615 improbat,
1043 2569 1220 2623 neque
1252 2559 1312 2611 in
1354 2561 1629 2628 ccclesiis,
1664 2575 1758 2619 aut
1789 2568 1928 2621 intra
1961 2587 2052 2625 sa-

487 2648 705 2703 crarum
747 2639 1032 2697 domorum
1068 2659 1241 2716 septa,
1293 2653 1388 2705 scd
1423 2655 1621 2710 alicubi
1651 2668 1804 2712 extra
1839 2663 2046 2730 cpulari

481 2727 635 2793 jubet
664 2746 679 2782 :
709 2735 996 2790 accubitus
1027 2739 1191 2792 etiam
1219 2744 1387 2796 sterni
1421 2755 1586 2799 vetat.
1617 2749 1712 2803 Est
1740 2763 1918 2806 autem
1954 2771 2048 2810 ac-

481 2817 701 2872 cubitus
731 2819 922 2876 Latiua
952 2841 1050 2880 vox
1087 2844 1102 2881 :
1153 2829 1295 2885 Idem
1349 2835 1492 2886 enim
1517 2835 1724 2892 Latinis
1760 2847 2046 2912 accumbo,

479 2911 625 2974 quod
665 2913 978 2968 ἁναπίπτω.
1011 2917 1192 2974 Strata
1228 2940 1356 2979 vero
1384 2925 1547 2981 altius
1574 2932 1804 2986 excitata
1835 2937 2048 2993 mollio-

478 3015 667 3068 raque,
702 3021 819 3069 qua:
852 3007 1172 3065 deliciarum
1207 3016 1520 3087 incrtiazque
1551 3035 1716 3089 sunt,
1751 3027 2043 3097 signiﬁcat.

1436 3076 1446 3087 .
1703 3076 1716 3089 .
1753 3076 2043 3097 -νυ---η--ν

389 3076 400 3083 ’
481 3091 746 3150 Ilomiuici
778 3114 936 3166 porro
964 3117 1158 3157 nomen
1198 3122 1292 3174 pro
1320 3111 1546 3166 ecclesia
1576 3117 1778 3182 passim
1803 3134 2045 3177 canones

2180 630 2356 684 ἄλλων
2410 635 2703 706 Κυριακῶν
2735 639 2934 696 τόπων.

2251 897 2495 952 ΖΩΝΑΡ.
2537 901 2590 953 Ἀ
2603 906 2788 971 ρχαῖον
2821 905 2939 968 ἔθος
2964 902 3032 977 ἦν
3051 909 3109 962 τὸ
3138 913 3277 978 μετὰ
3305 914 3404 980 τὴν
3452 921 3710 978 κοινωνίαν

2173 988 2282 1040 τῶν
2311 991 2469 1042 θείων
2519 996 2834 1063 μυστηρίων
2892 1000 3137 1053 συσσίτια
3183 1003 3427 1070 γίνεσθαι
3481 1014 3568 1063 καὶ
3592 1030 3711 1084 συμ-

2173 1081 2338 1135 πόσια
2387 1084 2491 1135 τῶν
2542 1085 2811 1139 πλουσίων
2863 1092 3243 1160 χορηγούντων
3298 1098 3366 1149 τὰ
3417 1099 3664 1171 βρώματα
3692 1148 3707 1172 γ

2173 1175 2666 1244 προσκαλουμένων
2695 1181 2752 1232 δὲ
2783 1183 2876 1234 καὶ
2909 1186 3034 1246 τοὺς
3066 1190 3442 1259 πενεστέρους.
3476 1190 3547 1249 Οὗ
3576 1201 3660 1250 καὶ
3685 1204 3710 1254 ὁ

2173 1265 2344 1333 μέγας
2379 1269 2584 1331 Παῦλος
2616 1273 2672 1324 ἐν
2701 1277 2764 1344 τῇ
2795 1277 2932 1342 πρὸς
2959 1279 3276 1344 Κορινθίους
3318 1284 3595 1357 Ἐπιστολῇ
3627 1294 3710 1358 μέ.

2171 1373 2393 1426 μνηται,
2424 1363 2774 1432 μεμφόμενος
2803 1367 3006 1430 αὐτοῖς,
3039 1369 3118 1422 ὅτι
3153 1371 3258 1442 ίδία
3293 1374 3477 1442 ἤσθιον
3500 1380 3566 1444 μὴ
3593 1382 3709 1434 ἀνα-

2170 1449 2421 1516 μένοντες
2441 1454 2678 1518 καὶτοὺς
2698 1457 2910 1523 ἄλλους,
2946 1461 3042 1513 καὶ
3074 1463 3312 1530 ἐπάγων·
3342 1466 3622 1536 Ἕκαστος
3649 1477 3704 1526 τὸ

2166 1541 2189 1593 ι
2193 1540 2324 1593 διον
2349 1543 2600 1598 δεῖπνον
2620 1551 3067 1618 προσλαμϐάνει
3089 1555 3159 1607 ἐν
3186 1555 3264 1620 τῷ
3282 1559 3513 1627 φαγεῖν,
3538 1564 3626 1614 καί
3648 1564 3709 1629 ὃς

2159 1634 2276 1702 μὲν
2296 1637 2491 1723 πεινᾷ,
2512 1640 2578 1704 ὃς
2600 1641 2666 1694 δὲ
2677 1646 2900 1712 μεθύει.
2925 1647 3022 1713 Μὴ
3063 1649 3176 1716 γὰρ
3195 1653 3386 1717 οἰκίας
3410 1656 3521 1706 οὐκ
3557 1656 3710 1723 ἕχει-ε

2161 1729 2249 1792 εις
2291 1729 2354 1781 τὸ
2382 1715 2607 1786 ἐσθίειν
2637 1737 2732 1788 καὶ
2763 1738 2978 1804 πίνειν,
2999 1739 3037 1806 ἢ
3073 1715 3200 1808 ντῆς
3254 1715 3580 1814 ἐκκάησίας
3611 1753 3708 1804 τοῦ

2165 1818 2311 1872 Θεοῦ
2343 1825 2785 1890 καταφρονεῖτε,
2850 1829 2948 1881 καὶ
3001 1834 3432 1900 καταισχύνετε
3473 1838 3606 1902 τοὺς
3631 1841 3705 1908 μὴ

2159 1913 2414 1980 ἔχοντας
2439 1933 2467 1978 ςτ
2497 1917 2666 1971 Τοῦτο
2710 1917 2804 1972 οὖν
2834 1921 2894 1973 τὸ
2920 1924 3028 1974 τῶν
3061 1927 3380 1992 συμποσίων
3406 1928 3542 1996 ἔθος,
3569 1931 3596 1983 δ
3623 1932 3708 1985 καὶ

2159 2007 2384 2082 ἀγάπην
2442 2010 2700 2063 ἐκάλεσεν
2728 2015 2755 2066 δ
2782 2014 2985 2078 κανὼν,
3048 2016 3138 2070 διὰ
3165 2018 3224 2068 τὸ
3256 2017 3314 2082 ἐξ
3339 2021 3550 2090 ἀγάπης
3579 2025 3708 2091 γίνε-

2160 2099 2306 2163 σθαι,
2337 2100 2369 2168 ἢ
2402 2101 2479 2164 ὡς
2535 2104 2758 2172 ἀγάπης
2791 2109 3116 2161 συστατικδν
3144 2110 3226 2177 (τὸ
3281 2112 3390 2179 γὰρ
3427 2115 3706 2170 συνεσθίειν

2158 2189 2235 2252 είς
2267 2192 2486 2260 ἀγάπην
2511 2195 2611 2264 τὴν
2642 2195 2779 2264 πρὸς
2808 2197 3074 2267 ἀλλήλους
3099 2202 3221 2268 ἄγει
3251 2204 3381 2267 τοὺς
3413 2209 3706 2262 συνεσθίονο

2155 2286 2274 2351 τας)
2335 2286 2394 2336 ἐν
2447 2286 2768 2356 ἐκκλησίαις
2807 2291 3031 2360 ὕστερον
3081 2296 3370 2363 γινόμενον
3428 2298 3572 2353 ἔνδον
3609 2303 3706 2354 τῶν

2155 2375 2315 2430 θείων
2339 2379 2530 2449 ναῶνῆ
2563 2381 2668 2434 τῶν
2723 2387 3249 2454 προτεμενισμάτων
3285 2378 3579 2444 ¹ἐσθιόντων
3601 2393 3701 2444 τῶν

2156 2474 2564 2542 συνερχομένων
2592 2476 2672 2537 είς
2701 2475 2759 2527 τὸ
2781 2480 2974 2544 φαγεῖν
3005 2481 3244 2535 αἰτιᾶται
3273 2483 3301 2535 δ
3338 2483 3516 2536 κανὼν
3542 2479 3703 2548 οὗτος.

2152 2564 2245 2614 καὶ
2284 2563 2495 2616 κελεύει
2553 2565 2627 2636 μὴ
2663 2567 2720 2618 ἐν
2763 2570 2883 2630 ταῖς
2927 2569 3245 2640 ἐκκλησίαις
3303 2573 3473 2626 ταῦτα
3521 2580 3701 2636 ποιεῖν,

2152 2651 2248 2704 καὶ
2276 2653 2425 2716 ἐντὸς
2463 2650 2572 2706 τῶν
2621 2655 2780 2708 θείων
2811 2657 2977 2710 οίκων
3032 2659 3257 2724 ἐσθίειν,
3291 2663 3407 2714 ἀλλ’
3433 2664 3540 2730 ἔξω
3565 2683 3660 2717 mou
3683 2680 3702 2700 °

2153 2744 2288 2811 μηδὲ
2318 2744 2576 2797 ἀκούόιτσ
2641 2748 2994 2816 στρωννύειν.
3039 2751 3102 2803 Ἢ
3126 2753 3182 2806 δὲ
3230 2755 3379 2819 λέξις
3408 2756 3513 2808 τῶν
3544 2759 3699 2810 ἀκου-

2157 2835 2322 2888 σίτων
2349 2836 2458 2889 τῶν
2481 2837 2728 2891 Λατίνων
2762 2841 2926 2896 ἐστίν,
2961 2843 3247 2909 Ἀκούμϐω
3282 2846 3400 2916 γὰρ
3425 2847 3702 2915 παρὰῬωρ

2149 2930 2327 2997 μαίοις
2365 2929 2426 2982 τὸ
2453 2931 2762 2985 ἁναπίπτω.
2817 2930 3078 3001 Σημαίνει
3111 2935 3166 2987 δὲ
3200 2939 3497 3005 στρωμνὰς
3542 2940 3702 3008 ἠρμέ-

2146 3038 2240 3084 va;
2266 3024 2346 3084 είς
2373 3021 2506 3091 ὕψος
2565 3026 2660 3075 καὶ
2715 3024 2983 3092 μαλακάς.
3045 3021 3212 3079 Αὗται
3273 3028 3330 3080 δὲ
3386 3031 3589 3100 τρυφῆς
3619 3033 3700 3085 καὶ

2146 3113 2403 3182 βλακείας
2426 3114 2554 3168 είσί.
2612 3115 2888 3186 Πολλαχοῦ
2915 3117 2971 3170 δὲ
3007 3118 3067 3170 τὸ
3089 3118 3184 3170 τοῦ
3232 3121 3514 3192 Κυριακοῦ
3543 3123 3700 3192 ὄνομα

483 3199 780 3252 usurpasse
825 3195 1085 3262 reperias.
1122 3195 1219 3252 llic
1269 3212 1448 3256 autem
1482 3219 1657 3259 canon
1702 3209 1859 3266 solus
1905 3213 2039 3268 inter

2145 3205 2372 3271 εὓρηται
2397 3209 2454 3260 ἐν
2476 3210 2590 3270 τοῖς
2619 3213 2842 3261 κανόσιν
2876 3210 2970 3261 ἐπὶ
2992 3210 3090 3277 τῆς
3139 3212 3441 3281 ἐκκλησίας
3491 3215 3693 3284 λαμῦαο

473 3279 759 3333 ecclesiam
779 3293 939 3350 atque
960 3275 1298 3345 Dominicum
1328 3293 1470 3350 forte
1492 3297 2040 3375 discrimintsauquid

473 3372 684 3424 statuit.
721 3370 1048 3432 Particulam
1084 3396 1233 3444 vero,
1268 3386 1394 3445 Aut,
1432 3402 1539 3440 non
1573 3390 1770 3446 habere
1801 3393 1901 3449 hoc
1928 3398 2042 3452 loco

471 3459 815 3530 disjungendi
843 3469 968 3533 vim,
999 3473 1092 3524 sed
1116 3474 1495 3538 explicationis
1518 3481 1711 3548 gratia,
1744 3501 1861 3553 pro,
1891 3488 2037 3554 Sive,

475 3550 706 3613 positam
737 3569 856 3608 esse
887 3557 1144 3613 arbitror.
1187 3562 1468 3632 Siquidem
1507 3570 1559 3622 iu
1603 3550 1778 3629 sacris
1823 3594 2038 3646 quoque

473 3636 652 3696 Libris
680 3648 1017 3713 particulam,
1040 3652 1248 3714 Et,non
1276 3662 1603 3728 copulative,
1631 3668 1722 3720 sed
1747 3673 2039 3729 causaliter

471 3745 569 3798 pro
599 3750 748 3794 voce.
789 3737 968 3801 Enim,
1005 3743 1317 3802 invenimus
1362 3766 1698 3821 usurpatam.
1753 3759 1822 3813 Ut
1871 3764 1919 3816 in
1969 3765 2036 3822 iis

467 3823 671 3887 verbis,
703 3826 888 3883 Gloria
919 3834 972 3885 in
1003 3838 1222 3892 excelsis
1258 3839 1388 3905 Dea,
1421 3855 1468 3896 et
1516 3847 1568 3898 in
1617 3859 1754 3902 terra
1798 3867 1904 3915 pax
1934 3857 1975 3887 '°
2015 3876 2031 3912 :

466 3929 689 3970 causam
751 3921 948 3977 divin-.e
1000 3929 1189 3994 gloria:
1237 3937 1682 3994 concelebrandaa
1743 3942 2029 4016 Scriptura

465 4007 736 4074 explicat,
786 4027 970 4081 pacem
1019 4005 1186 4074 terris
1215 4025 1598 4093 coinciliatam;
1634 4039 1692 4084 ut
1733 4049 1832 4099 pro
1875 4054 2027 4107 voce,

464 4096 642 4162 Enim,
679 4106 968 4172 particula,
999 4109 1084 4173 Et,
1115 4114 1187 4166 sit
1221 4120 1552 4184 recipienda.
1585 4096 1750 4178 David
1786 4096 2024 4200 quoque,

466 4186 544 4238 Ila
571 4189 715 4244 nobis
744 4194 1023 4259 auxilium,
1045 4199 1140 4263 ait,
1168 4202 1231 4255 de
1255 4207 1616 4271 tribulatione,
1641 4222 1689 4265 et
1714 4231 1846 4268 vana
1878 4221 2024 4274 salus

459 4275 682 4333 taminia
715 4282 776 4335 ".
815 4283 891 4337 Tu
921 4325 937 4347 ,
982 4288 1179 4357 inquit,
1217 4296 1483 4350 auxiliare
1511 4340 1525 4359 .
1559 4301 1842 4360 heminum
1877 4312 2023 4364 enim

457 4369 770 4437 adjumeuta
803 4377 869 4429 ad
899 4379 1131 4436 salutem
1179 4383 1360 4438 inania
1411 4390 1575 4458 atque!
1612 4393 1764 4449 irrita
1792 4410 1923 4453 sunt
1950 4403 2012 4457 ".

457 4459 603 4515 Libri
634 4481 874 4534 quoque,
921 4473 1119 4538 quibus
1151 4474 1329 4544 legum
1366 4482 1678 4539 sanctiones
1715 4491 2009 4546 continen-

2144 3298 2389 3366 νόμενον.
2446 3299 2621 3362 Μόνος
2641 3300 2734 3352 δ’ὁ
2781 3300 2960 3353 κανὼν
3013 3295 3165 3365 οὗτος
3217 3303 3518 3358 διαστέλλει
3568 3307 3696 3376 τάχα

2143 3388 2240 3459 τὴν
2271 3391 2565 3461 ἐκκλησίαν
2600 3394 2692 3446 καὶ
2725 3393 2784 3446 τὸ
2817 3395 3111 3463 Κυριακόν.
3145 3393 3314 3465 Οἶμαι
3348 3398 3405 3452 δὲ
3433 3401 3491 3453 τὸ
3526 3402 3599 3454 Ἢ
3621 3403 3697 3453 ἐν-

2138 3481 2312 3535 ταῦθα
2349 3484 2423 3554 μὴ
2460 3485 2851 3548 διαζευκτικῶς
2911 3487 3144 3551 κεῖσθαι,
3177 3489 3314 3542 ἀλλ’-
3353 3491 3430 3556 ὡς
3463 3495 3691 3564 ἐφερμη-

2141 3575 2405 3636 νευτικὸν,
2427 3579 2520 3629 καὶ
2550 3580 2670 3632 ἀντὶ
2696 3578 2791 3630 τοῦ
2828 3581 3006 3632 Ἤτοι.
3032 3582 3372 3651 Εὕρίσκομεν
3401 3584 3508 3654 γὰρ
3532 3586 3621 3637 καὶ
3639 3585 3694 3638 ἐν

2136 3646 2201 3734 τῇ
2232 3665 2349 3734 θεία
2383 3657 2570 3736 Γραφῇ
2600 3667 2658 3718 τὸ
2691 3668 2797 3719 Kal
2834 3670 2910 3738 μὴ
2936 3669 3009 3732 ὡς
3044 3646 3341 3741 σύνδεσμον
3373 3646 3692 3743 σύμ-πλεκτι-

2137 3755 2230 3804 κῖν
2276 3755 2854 3825 παραλαμϐανόμενον,
2909 3759 3025 3810 ἀλλ’
3069 3760 3146 3822 ὡς
3197 3764 3573 3831 αίτιολογικὺν,
3608 3767 3693 3817 καὶ

2136 3844 2256 3896 ἀντὶ
2288 3846 2382 3897 τοῦ
2417 3846 2529 3917 Γὰρ
2579 3847 2868 3916 δεχόμενον
2892 3865 2905 3877 ·
2927 3849 3002 3912 ὡς
3046 3851 3176 3904 ὅταν
3239 3854 3404 3926 λέγῃ·
3462 3856 3692 3921 Δόξαὲν

2132 3939 2416 4004 ὑψίστοις
2463 3939 2605 4004 Θεῷ,
2663 3943 2760 3994 καί
2820 3942 2914 3996 ἐπὶ
2969 3943 3078 4013 τῆς
3111 3946 3360 4014 είρὴνηο
3408 3950 3582 4002 αἰτίαν
3603 3948 3689 4001 τοῦ

2129 4021 2447 4094 δοξάζεσθαὶ
2472 4033 2562 4085 τὸν
2621 4034 2753 4085 Θεὸν
2811 4035 3055 4104 τιθείσης
3098 4037 3198 4106 τῆς
3227 4039 3473 4110 Γραφῆς,
3500 4043 3579 4095 ὅτι
3606 4044 3690 4092 ἐπὶ

2127 4121 2230 4188 γῆς
2251 4122 2464 4191 εἰρήνη,
2494 4123 2587 4178 τοῦ
2622 4125 2732 4177 Καὶ
2761 4125 2882 4176 ἀντὶ
2945 4126 3037 4178 τοῦ
3071 4128 3185 4197 Γαρ
3211 4130 3482 4193 τεθέντος.
3514 4134 3616 4184 Καὶ
3661 4132 3686 4184 ὀ

2127 4214 2289 4266 Δαὸὶδ
2309 4214 2364 4266 δέ
2412 4231 2544 4283 φησι
2568 4231 2583 4245 ·
2641 4217 2753 4280 Δὸς
2794 4217 2937 4285 ἡμῖν
2983 4218 3277 4302 ,ϐοήθειαν
3313 4221 3383 4274 ἑκ
3416 4224 3686 4291 θλίψεως,

2125 4305 2221 4357 καί
2255 4305 2475 4372 ματαιά
2521 4308 2785 4373 σωτηρία
2838 4307 3177 4375 ἀνθρώπων
3206 4311 3300 4375 Σὺ,
3337 4312 3530 4380 λέγων,
3563 4313 3683 4384 501';-

2123 4395 2204 4447 θει
2225 4411 2240 4427 ο
2274 4397 2435 4466 ἡγὰρ
2456 4399 2769 4469 ἀνθρωπίνη
2805 4401 3048 4468 σωτηρία
3097 4404 3307 4470 ματαία
3340 4406 3435 4456 καὶ
3479 4407 3683 4472 ἀνωφε-

2120 4484 2238 4555 λής.
2286 4487 2396 4539 Καὶ
2427 4488 2483 4538 ἐν
2517 4491 2634 4551 ταῖς
2667 4493 2913 4559 νομικαί;
2945 4491 3002 4543 δὲ
3036 4491 3241 4562 βίδλοις
3299 4494 3529 4565 εὕρηται
3556 4496 3679 4549 πολ·

455 4561 564 4617 tur,
618 4556 1002 4625 disjunctivam
1064 4565 1502 4633 coniunctionem
1556 4591 1655 4644 pro
1706 4583 2014 4652 copulativa

2142 4577 2278 4638 ,ακις
2307 4578 2333 4627 ὁ
2360 4573 2741 4642 δίαζευκτικὺς
2764 4581 3060 4650 σύνδεσμος
3092 4584 3216 4636 ἀντὶ
3273 4586 3674 4656 συμπλεκτικοῦ

453 4659 559 4696 non
599 4663 721 4700 raro
741 4648 1024 4707 adhibent.
1053 4654 1144 4710 Sic
1180 4659 1316 4713 libro
1343 4648 2006 4743 quadragesimo‘quarto,

451 4735 609 4787 titulo
646 4731 829 4806 tertio,
869 4744 926 4799 Si
953 4749 1076 4815 quis
1111 4752 1412 4820 scripserit,
1449 4755 1547 4812 llic
1590 4763 1668 4813 vel
1718 4765 1806 4818 ille
1860 4785 2012 4824 meus

455 4825 631 4882 haeres
659 4841 798 4897 esto,
828 4846 922 4888 aut
951 4837 1101 4895 llunc
1129 4843 1208 4895 vel
1236 4844 1386 4898 illum
1422 4853 1826 4921 manumittam;
1856 4859 2010 4927 illud,

456 4916 573 4983 Vel,
617 4925 961 4988 conjunctive
1024 4948 1144 5000 pro,
1191 4937 1278 5000 Et,
1305 4940 1475 5010 accipi
1508 4945 1745 5001 voluere.
1781 4947 1842 5002 Et
1869 4952 2014 5020 ejus-

452 5011 576 5064 dem
619 5014 738 5069 libri
769 5021 927 5074 titulo
967 5027 1178 5081 decimo
1205 5031 1398 5098 quinto
1430 5052 1443 5086 :
1479 5036 1533 5089 Si
1571 5038 1818 5108 legavero
1854 5047 2009 5099 uxori

453 5119 586 5158 mea
614 5121 958 5175 ornamenta,
987 5117 1070 5169 vel
1105 5135 1448 5194 qua-cunque
1493 5127 1610 5193 ejus
1632 5133 1805 5200 gratia
1855 5150 2008 5188 com-

449 5197 672 5263 paravi,
737 5204 802 5253 ad
835 5219 953 5257 eam
1005 5211 1185 5264 omnia
1243 5212 1358 5284 lege
1410 5197 1732 5284 perveniunt
1780 5241 1795 5277 :
1844 5225 2006 5298 245

442 5288 854 5358 conjunctione.
899 5296 1014 5360 Vel,
1047 5317 1162 5369 pro,
1210 5306 1294 5371 Et,
1340 5309 1632 5365 intellecta.
1662 5312 1727 5366 Et
1769 5323 2012 5374 secundo

445 5381 604 5434 titulo
641 5388 868 5440 secundi
899 5389 1041 5452 libri.
1078 5398 1170 5462 qui
1195 5397 1263 5451 de
1296 5401 1586 5456 verborum
1617 5405 2014 5473 signiﬁcatione

443 5474 786 5537 inscribitur.
835 5484 1013 5550 capite
1043 5487 1494 5560 quinquagesimo
1530 5495 1689 5550 tertio
1724 5513 1742 5552 :
1773 5498 2013 5569 Conjun-

442 5567 599 5622 ctiva:
627 5573 903 5636 particuL'e
935 5580 1282 5649 quandoque,
1331 5583 1527 5651 inquit,
1579 5602 1677 5656 pro
1720 5590 2012 5655 disiuncti-

442 5658 548 5722 vis,
583 5675 647 5714 ac
681 5664 919 5720 vicissim
967 5669 1052 5724 ba:
1087 5687 1184 5738 pro
1235 5675 1341 5729 illis
1392 5691 1752 5748 usurpantur.
1805 5683 2007 5741 Eodem

2120 4670 2704 4740 παραλαμϐανόμενος.
2771 4674 2907 4741 Φησὶ
2955 4674 3062 4745 γὰρ
3120 4675 3325 4743 βιϐλίον
3378 4678 3459 4747 μδ¹
3515 4679 3682 4738 vitio;

2123 4759 2210 4829 γ’⁶
2259 4764 2384 4816 Ἐάν
2441 4780 2527 4826 τις
2585 4753 2790 4836 γράψῃ,
2843 4765 2899 4819 Ὀ
2935 4768 3133 4838 δεῖναῆ
3167 4770 3372 4822 δ-δείνα
3410 4773 3547 4824 ἔστω
3582 4788 3678 4839 μου

2119 4855 2472 4926 κληρονόμος.
2522 4857 2554 4926 ἧ
2584 4857 2732 4908 τόνδε
2759 4858 2789 4922 ἦ
2840 4859 2987 4910 τόνδε
3018 4860 3309 4929 ἐλευθερῶ,
3340 4863 3484 4940 ἔδοξε
3516 4863 3573 4915 τί)
3616 4860 3677 4914 Ἦ

2118 4946 2240 4999 ἀντὶ
2264 4945 2358 4998 τοῦ
2415 4948 2528 5000 Καὶ
2570 4947 2824 5017 δεχθῆναι
2882 4951 3316 5020 συμπλεκτικοῦ.
3378 4955 3487 5006 Καὶ
3507 4953 3674 5013 τίτλος

2121 5043 2182 5088 ιε’
2225 5038 2319 5089 τοῦ
2351 5039 2513 5090 αὑτοῦ
2564 5037 2769 5105 βιϐλίου
2810 5042 3008 5109 φησίν·
3081 5043 3207 5095 Ἐὰν
3263 5044 3580 5111 ληγατεύσω
3612 5045 3670 5111 τῇ

2115 5129 2334 5194 γυναικί
2364 5145 2465 5196 μου
2488 5129 2710 5197 κόσμια,
2737 5131 2770 5198 ἦ
2813 5133 2912 5184 ὅσα
2941 5134 3102 5202 χάριν
3153 5135 3323 5205 αὐτῆς
3351 5136 3670 5205 ηὐτρέπικα,

2115 5220 2291 5272 πάντα
2322 5220 2616 5288 λαμὸἁνει·
2675 5221 2766 5274 τοῦ
2805 5224 2879 5275 Ἦ
2916 5226 3240 5293 συνδέσμου,
3280 5230 3398 5279 ἀντὶ
3450 5226 3542 5279 τοῦ
3571 5225 3674 5312 Kal

2119 5312 2704 5382 παραλαμϐανομένου.
2754 5316 2860 5367 Καὶ
2910 5318 2938 5368 ὁ
2966 5317 3214 5387 δεύτερος
3253 5318 3310 5370 δὲ
3369 5318 3541 5377 τίτλος
3580 5314 3669 5366 τοῦ

2117 5405 2379 5475 δευτέρου
2442 5405 2676 5475 βιϐλίου,
2707 5407 2765 5468 ὃς
2798 5408 2927 5476 περὶ
2977 5411 3238 5478 ῥημάτων
3270 5412 3667 5476 ἐπιγέγραπται

2116 5498 2412 5569 σημασίας,
2441 5501 2499 5550 ἐν
2555 5498 2841 5568 κεφαλαίῳ
2875 5506 2942 5568 ιγ’
2972 5503 3168 5571 φησίνο
3233 5503 3292 5554 ⁸0
3342 5502 3666 5570 συμπλεκτι-

2113 5591 2206 5652 κος
2271 5592 2361 5642 καὶ
2417 5592 2444 5642 ὁ
2496 5589 2875 5652 διαζευκτικός
2940 5592 3053 5644 ἔσθ’
3093 5595 3196 5658 ﬁt;
3242 5595 3364 5646 ἀντὶ
3432 5591 3664 5658 ἀλλήλων

2111 5683 2650 5750 παραλαμϐάνονται.
2684 5680 2874 5747 Οὕτως
2930 5685 3140 5740 ἐοίκασι
3194 5689 3288 5742 καὶ
3315 5688 3374 5740 οἱ·
3404 5685 3504 5754 τῆς
3546 5697 3663 5737 ων·

515 5836 537 5869 ’
569 5837 590 5892 ι
623 5841 750 5897 Cor.
787 5861 864 5911 xl,
889 5848 978 5911 2|,
1005 5851 1095 5906 22.
1163 5856 1202 5886 ¹⁹
1230 5853 1359 5910 Luc.
1390 5873 1448 5922 ll,
1480 5859 1557 5915 ll.
1626 5864 1661 5893 ”
1699 5863 1816 5919 Psal
1868 5883 1978 5932 ιιι,
2015 5866 2097 5922 l5.
2180 5868 2219 5898 "
2260 5867 2402 5923 Psal.
2432 5887 2590 5935 xxxv,
2629 5873 2682 5928 7.
