3992 6484
282 360 402 424 769

1278 349 1358 410 IN
1384 347 1546 410 CAN.
1578 345 1783 407 LXXV
1814 343 2025 403 coNc.
2071 343 2146 404 lN
2186 342 2519 402 TRULLO.
2580 299 2592 315 ’

3442 343 3551 407 ’Πθ

289 480 422 525 σοον
453 468 650 537 ταύτης
683 464 824 519 Πατέ
835 480 922 534 ρες
952 462 1028 533 τῷ
1065 462 1134 513 Ἦ
1168 460 1402 515 ἐνταῦθα
1445 462 1565 514 ἀντὶ
1596 459 1689 513 τοῦ
1725 460 1876 512 Ἱιτοι

1988 454 2149 507 modo
2178 454 2338 524 igitur
2367 456 2433 508 ab
2462 454 2624 523 hujus
2652 467 2869 524 quoque
2902 454 3092 525 synodi
3137 455 3391 511 Patrilius
3424 475 3552 526 pars

291 560 632 635 χρησασθαι.

293 716 523 792 ᾹΡΙΣΤ.
553 755 571 790 ι
594 735 826 805 ’Λγάπαι
857 735 914 789 ὲν
941 736 1054 799 τοῖς
1074 730 1420 805 Κυριακοῖςῆ
1451 734 1508 785 ὲν
1533 734 1651 795 ταῖς
1679 732 1876 801 ἐκκλη-

380 852 397 883 ι
441 833 585 893 σίαις
615 831 674 883 οὐ
701 829 997 891 τελοῦνται.
1022 827 1143 882 οὐδὲ
1174 827 1437 881 άκούὸιτα
1468 826 1834 898 στρώννυνται
1855 841 1871 856 ·

383 944 401 975 ι
445 924 559 977 ἀλλ’
592 925 639 975 οἱ
677 924 750 993 μὴ
782 922 1077 991 παυόμενοι
1107 920 1472 991 ἀφορίζονται.

375 1019 451 1069 Οὐ
476 1016 584 1070 δεῖν
606 1018 701 1080 σὺν
728 1015 821 1067 τοῦ
852 1014 986 1067 Θεοῦ
1018 1011 1165 1066 οἷκον
1207 1012 1383 1065 κοινὸν
1415 1012 1665 1081 ἡγεῖσθαι
1697 1007 1870 1077 οἷκον,

296 1112 401 1163 καὶ
427 1112 483 1162 ὲν
528 1108 675 1177 αὐτῷ
702 1108 799 1169 τὰς
836 1107 1134 1174 λεγομένας
1179 1105 1399 1172 ἀγάπαις
1437 1105 1729 1167 τελεῖσθαι,
1779 1111 1872 1193 καὶ

293 1202 457 1255 ἔνδον
489 1202 713 1263 ἐσθίειν,
748 1200 781 1268 ἦ
820 1199 1147 1268 στρωννύειν
1176 1197 1459 1261 ἁκούϐιτα.
1492 1196 1594 1248 Τὸν
1628 1196 1684 1248 δὲ
1717 1196 1873 1249 τοῦτο

292 1296 481 1347 ποιεῖν
504 1292 808 1364 τολμῶντα,
840 1294 888 1345 εί
923 1293 999 1363 μὴ
1029 1291 1275 1355 παύοιτο,
1312 1292 1698 1361 ἀφορίζεσθαι.

903 1470 1144 1523 ΚΑΝΩΝ
1171 1467 1270 1523 OE'

299 1580 327 1616 α
372 1562 521 1628 Τοὺς
537 1564 627 1617 ἐπὶ
655 1562 715 1618 τὸ
742 1564 963 1634 ψάλλειν
994 1566 1052 1616 ὲν
1090 1567 1207 1625 ταῖς
1236 1561 1548 1632 ἐκκλησίαις
1578 1578 1877 1639 ’παραγινο⁴

379 1675 400 1708 ι
456 1658 652 1727 μένους
680 1656 1002 1727 βουλόμεθα,
1043 1658 1180 1726 μήτε
1208 1655 1358 1725 βοαῖς
1379 1656 1637 1718 ἀτάκτοις
1666 1655 1872 1724 κεχρῆ-

374 1770 396 1803 ε
448 1754 574 1804 σθαι
601 1754 694 1803 καὶ
719 1752 817 1821 τὴν
852 1749 1012 1820 φύσιν
1048 1751 1181 1819 πρὸς
1212 1748 1461 1818 κραυγὴν
1494 1748 1870 1812 ἐκϐιάζεσθαι,

374 1862 394 1894 ι
450 1844 586 1913 μήτε
615 1860 666 1894 τι
697 1839 972 1908 ἐπιλέγειν
1019 1839 1124 1891 τῶν
1164 1839 1238 1909 μὴ
1280 1842 1344 1908 τῇ
1387 1838 1653 1908 ἐκκλησία
1699 1839 1872 1906 ἁρμο-

379 1955 400 1988 σ
448 1937 575 1989 δίων
608 1954 662 1989 τε
692 1937 789 1989 καὶ
817 1935 1032 1989 οἰκείων
1055 1952 1068 1965 '
1116 1934 1253 1988 ἀλλὰ
1285 1936 1422 2005 μετὰ
1450 1934 1652 2003 πολλῆς
1687 1951 1874 2002 ,προσ-

373 2048 396 2080 ι
445 2030 575 2098 οχῆς
602 2030 695 2080 καὶ
721 2029 1063 2093 κατανύξεως
1087 2028 1184 2090 τὰς
1219 2028 1536 2097 ψαλμῳδίας
1577 2026 1872 2097 προσάγειν

374 2137 396 2170 α
447 2118 526 2188 τῷ
560 2117 667 2170 τῶν
722 2118 983 2188 κρυπτῶν
1029 2118 1209 2188 ἐφόρῳ
1257 2117 1395 2187 Θεῷ.
1459 2117 1718 2178 Εὑλαόεῖς
1761 2118 1870 2187 γάρ

372 2229 396 2261 ι
448 2210 668 2262 ἔσεσθαι
699 2211 825 2273 τοὺς
858 2210 1007 2274 υἱοὺς
1048 2208 1264 2279 Ἶσαρὴλ
1288 2208 1346 2260 τὸ
1374 2208 1756 2280 ἱερὸνηὲδὶδαξε
1780 2208 1867 2264 λό-

375 2321 398 2352 c
451 2318 566 2368 γιον
590 2300 721 2369 (84).
759 2318 777 2350 ι

368 2388 571 2446 ΒΑΛΣ.
614 2395 675 2444 ΑΞ
709 2392 800 2444 τοῦ
840 2390 975 2443 Θεοῦ
1015 2388 1303 2458 ἐκκλησίαι
1372 2382 1511 2440 οἶκοι
1554 2389 1873 2459 προσευχῶν

291 2483 592 2551 λέγονταιο
641 2483 761 2535 ὅθεν
809 2483 903 2535 καὶ
946 2482 996 2534 οί
1047 2480 1474 2550 προσευχόμενοι
1531 2480 1872 2549 παρακαλεῖν

291 2578 393 2631 τὸν
429 2578 560 2630 θεὸν
592 2576 863 2643 ὀφείλουσι
895 2575 1032 2645 μετὰ
1065 2573 1315 2643 δακρύων
1345 2575 1440 2626 καὶ
1466 2571 1869 2640 ταπεινώσεως,

294 2671 362 2724 ού
398 2672 509 2740 μὴν
546 2668 680 2739 μετὰ
712 2669 947 2721 ἀτάκτου
976 2670 1070 2720 καὶ
1098 2667 1353 2729 ἀναιδοῦς
1388 2669 1686 2739 σχήματος.
1730 2670 1871 2722 Διω-

303 2762 531 2831 ρίσαντο
558 2756 649 2813 οὖν
670 2762 715 2813 οἱ
743 2760 1005 2829 Πατὲρες,
1040 2758 1114 2828 μὴ
1140 2758 1387 2826 γίνεσθαι
1413 2760 1480 2811 τά
1504 2760 1623 2829 ἱερὰ
1648 2758 1874 2829 eam)-

298 2852 525 2922 δήματα
580 2852 668 2904 διὰ
704 2851 842 2920 βοῶν
894 2849 1146 2905 ἀτάκτων
1192 2851 1285 2900 καὶ
1336 2849 1744 2917 ὲπιτεταμένων
1778 2850 1872 2901 καὶ

298 2946 405 3012 τὴν
447 2940 607 3010 φύσιν
656 2939 1187 3012 παραϐιαζομὲνωνο
1228 2939 1365 3008 μήτε
1421 2936 1518 3006 τὴν
1570 2937 1660 2990 διά
1712 2930 1871 2990 τινων

298 3033 686 3101 καλλιφωνιῶν
716 3033 999 3085 ἀνοικείων
1031 3034 1095 3102 τῇ
1136 3020 1560 3100 ἐκκλησιαστικῇ
1599 3030 1874 3082 καταστά-

300 3143 390 3178 σει
429 3127 522 3178 καὶ
552 3124 867 3194 ἀκολουθία,
907 3119 996 3177 οἷά
1033 3127 1139 3176 εἰσι
1179 3123 1247 3175 τὰ
1289 3122 1555 3192 θυμελικὰ
1587 3121 1747 3193 μέλη,
1780 3124 1874 3174 καὶ

295 3219 359 3274 αἱ
394 3219 649 3289 περιτταὶ
671 3216 933 3270 ποικιλίαι
957 3217 1065 3268 τῶν
1090 3216 1307 3284 φωνῶν·
1346 3214 1483 3267 ἀλλὰ
1515 3208 1651 3284 μετὰ
1676 3214 1875 3285 πολλῆς

298 3310 658 3375 κατανύξεως
720 3311 812 3364 καὶ⁸
865 3310 1159 3381 θεαρέστου
1212 3310 1417 3380 τρόπου
1473 3311 1771 3379 προσάγειν
1802 3311 1878 3380 τῷ

295 3404 427 3476 Θεῷ
468 3406 564 3467 τὰς
594 3405 777 3473 εὐχάς,
823 3403 900 3473 τῷ
932 3404 1094 3456 εἰδότι
1120 3404 1185 3456 τά
1224 3402 1445 3471 κρυπτά
1483 3406 1591 3455 τῶν
1635 3403 1877 3474 καρδιῶν

296 3497 491 3569 ἡμῶν.
551 3496 735 3549 Ταῦτα
786 3495 842 3549 δὲ
907 3494 1381 3566 παρεκελεύσαντο
1436 3496 1743 3559 ἀκολούθως
1799 3497 1877 3566 τῷ

298 3589 659 3659 εὐαγγελικῷ
720 3589 892 3659 ῥητῷ,
946 3590 1026 3657 τῷ
1059 3587 1414 3659 διοριζομὲνῳ
1452 3590 1527 3660 μὴ
1565 3589 1704 3642 κατὰ
1736 3589 1879 3642 ἐθνι-

298 3684 442 3745 acab;
475 3680 729 3751 εΰχεσθαι
756 3682 903 3751 ἡμᾶς
943 3682 1079 3751 μετὰ
1112 3681 1462 3750 βαττολογίας
1491 3685 1583 3734 καὶ
1606 3686 1873 3753 κραυγῆς,

298 3776 387 3837 ὡς
437 3774 718 3843 οἰομένους
769 3774 1190 3844 είσακουσθῆναι
1246 3775 1331 3827 διὰ
1380 3775 1482 3844 τὴν
1545 3775 1878 3843 πολυλογίαν

298 3869 337 3936 ή
350 3867 493 3935 μῶν,
524 3867 640 3919 ἀλλ’
684 3870 742 3919 ἐν
786 3867 863 3938 τῷ
889 3868 1118 3937 κρυπτῷ
1148 3869 1444 3936 προσάγειν
1467 3869 1557 3921 τὸν
1598 3869 1763 3938 ὕμνον
1802 3870 1878 3940 τῷ

302 3955 435 4023 Θεῴ
456 3973 470 3986 ·
500 3959 671 4008 ποιεῖν
697 3958 753 4010 δὲ
783 3959 877 4011 καὶ
907 3958 1006 4020 τὰς
1048 3959 1294 4029 αἰτήσεις
1334 3960 1558 4029 ὁμοίως,
1599 3961 1685 4012 ἴνα
1728 3961 1824 4012 καὶ
1852 3963 1880 4013 ὁ

302 4047 508 4115 Πατὴρ
569 4049 726 4116 ἡμῶν
777 4051 805 4102 ὁ
865 4050 1076 4120 βλέπων
1126 4054 1183 4103 ὲν
1233 4052 1311 4122 τῷ
1348 4052 1592 4122 κρυπτῷ,
1626 4054 1877 4125 ἁποδώσῃ

302 4140 447 4207 ἡμῖν
487 4140 541 4189 ἐν
561 4139 637 4208 τῷ
669 4140 910 4211 φανερῷ.
949 4142 1103 4194 Ἐπεὶ
1129 4143 1204 4207 δὲ,
1235 4144 1387 4211 φασὶ,
1420 4147 1511 4197 καί
1533 4147 1560 4196 ὁ
1588 4145 1879 4204 Μωσαῖκὸς

302 4228 480 4296 νόμος
514 4225 666 4280 εἶπεν
689 4234 745 4282 ἐν
772 4231 848 4298 τῷ
871 4232 1142 4302 Λευῖτικῷ
1164 4251 1177 4264 ·
1218 4234 1480 4296 Εὐλαϐεῖς
1527 4238 1729 4287 ποιεῖτε
1755 4237 1878 4297 τοὺς

300 4318 463 4379 υἱοὺς
495 4317 731 4387 Ἰσραὴλ,
773 4322 973 4389 μᾶλλον
1005 4323 1187 4391 ἡμεῖς,
1245 4324 1291 4373 οί
1342 4325 1438 4376 τοῦ
1490 4326 1655 4391 νόμου
1684 4323 1874 4375 τούτου

299 4408 593 4476 δεξάμενοι
651 4413 713 4461 τὸ
773 4410 1079 4481 πλήρωμα,
1138 4410 1427 4481 ὀφείλομεν
1492 4412 1874 4486 εύλαὸἑστεροι

1975 534 2220 606 ticulam,
2274 543 2388 607 Vel,
2440 560 2556 613 pro,
2611 544 2754 610 Sive,
2803 543 3100 599 adhibitam
3138 544 3309 601 fuisse
3359 549 3552 603 existi-

1976 637 2196 690 marim.
2546 706 2552 713 ι
3101 694 3108 707 ,

2050 729 2275 785 ARIST.
2314 750 2332 782 ι
2360 730 2629 799 Agaptein
2649 728 2894 783 ccclesiis
2918 745 3024 783 non
3052 736 3178 782 sunt
3206 733 3550 799 peragenda},

1979 844 1997 879 ι
2034 842 2135 879 nec
2188 827 2470 879 accubitus
2525 825 2804 879 sternendi
2856 838 2871 875 :
2922 824 3219 891 quinetiam
3289 826 3380 894 qui
3444 843 3553 882 non

1980 938 1999 972 ι
2036 918 2331 980 desistunt,
2364 928 2747 986 segregantur.

2045 1010 2164 1063 Non
2221 1019 2435 1080 Oportet
2495 1009 2585 1062 Dei
2644 1011 2866 1062 domum
2919 1025 3266 1063 communem
3322 1011 3544 1063 don‘ium

1973 1102 2311 1167 existimare,
2338 1108 2392 1153 et
2430 1100 2482 1151 in
2525 1114 2588 1151 ea
2656 1115 2855 1167 agapas
2912 1100 3085 1152 dictas
3142 1116 3440 1169 peragere,
3499 1110 3553 1153 et

1977 1196 2124 1249 intus
2146 1191 2452 1253 comedere,
2485 1201 2576 1244 aut
2615 1192 2898 1245 accubitus
2935 1201 3178 1245 sternere
3213 1210 3225 1245 :
3268 1193 3312 1244 is
3344 1201 3549 1255 autem,

1974 1290 2064 1356 qui
2126 1288 2225 1339 hoc
2282 1300 2452 1340 ausus
2502 1294 2585 1339 est
2626 1286 2803 1338 facere
2829 1325 2844 1349 ,
2877 1296 2932 1338 et
2964 1300 3071 1337 non
3101 1293 3321 1351 cessat,
3371 1302 3581 1355 segreo,

1979 1389 2155 1448 getur.

2519 1467 2745 1522 CANON
2783 1467 2994 1522 LXXV.

1981 1583 1999 1616 ι
2044 1564 2147 1619 Eos
2172 1608 2187 1630 ,
2230 1566 2321 1634 qui
2356 1566 2424 1619 'in
2477 1564 2724 1618 ecclesiis
2756 1563 2819 1614 ad
2854 1562 3194 1630 psallendum
3238 1564 3506 1618 accedunt
3534 1604 3551 1629 ,

2052 1673 2072 1704 ‹
2109 1657 2359 1710 volumus
2387 1694 2402 1720 ,
2436 1671 2536 1709 nec
2571 1655 2899 1708 inordinatis
2952 1655 3437 1710 vociferationihus
3472 1659 3551 1711 uti

2058 1767 2075 1799 ι
2114 1760 2167 1804 et
2200 1760 2444 1804 naturam
2481 1749 2546 1802 ad
2587 1751 2881 1801 clamorem
2916 1764 3109 1815 urgere
3137 1789 3151 1811 ,
3197 1766 3295 1804 nec
3346 1751 3552 1819 aliquid

2056 1859 2074 1891 ‹
2114 1856 2327 1903 eorum,
2355 1856 2472 1908 quae
2508 1840 2751 1892 ecclesize
2790 1856 2896 1891 non
2944 1842 3278 1894 conveniunt
3323 1852 3375 1897 et
3425 1852 3550 1911 apta

2058 1950 2075 1983 ι
2120 1948 2226 1985 non
2261 1942 2407 1995 sunt,
2440 1931 2711 1984 asciscere
2762 1947 2775 1983 :
2819 1932 2911 1983 sed
2960 1947 3081 1983 cum
3134 1948 3327 2001 magna
3374 1944 3552 1987 atten-

2056 2044 2075 2077 ι
2116 2024 2264 2078 tione
2316 2033 2370 2077 et
2428 2023 2845 2092 compunctione
2878 2024 3207 2093 psalmodias
3260 2025 3366 2078 Deo
3400 2064 3415 2089 ,
3460 2029 3552 2093 qui

2058 2137 2075 2168 ι
2112 2126 2195 2170 est
2224 2115 2563 2169 occultorum
2590 2115 2887 2183 inspector,
2931 2114 3146 2168 oll'erre.
3215 2115 3338 2169 l‘ios
3400 2135 3545 2170 enim

2056 2228 2077 2261 ί
2120 2208 2235 2263 fore
2288 2206 2427 2261 ﬁlios
2478 2205 2647 2261 Israel
2681 2222 2900 2261 sacrum
2949 2207 3134 2261 docuit
3176 2209 3479 2263 oraculum.
3525 2229 3545 2261 ι

2052 2390 2247 2445 BALS.
2298 2388 2389 2442 Dei
2417 2387 2661 2442 ecclesia:
2711 2385 2968 2439 dicuntur
3012 2385 3206 2439 domus
3246 2387 3550 2451 orationis;

1981 2486 2125 2541 unde
2149 2488 2311 2538 etiam
2352 2483 2443 2553 qui
2477 2490 2675 2542 orant,
2704 2497 2827 2535 cum
2872 2479 3128 2549 lacrymis
3176 2481 3340 2533 Deum
3395 2495 3553 2534 orare

1981 2579 2176 2635 debent
2202 2585 2256 2630 et
2290 2592 2411 2629 cum
2448 2574 2757 2627 humilitate
2781 2612 2795 2635 ,
2828 2588 2935 2624 non
2970 2582 3147 2624 autem
3181 2587 3304 2623 cum
3339 2572 3550 2626 inordi-

1980 2679 2107 2733 nato
2141 2676 2193 2723 et
2222 2666 2537 2737 impudente
2565 2664 2778 2718 habitu.
2813 2661 3135 2716 Statuerunt
3179 2678 3309 2730 ergo
3366 2662 3555 2719 Patres

1979 2740 2089 2816 non
2122 2776 2242 2815 esse
2272 2776 2425 2814 sacra
2460 2757 2702 2811 canenda
2735 2757 2945 2808 cantica
2978 2766 3031 2809 et
3079 2755 3406 2823 psahnodias
3465 2756 3552 2808 in-

1979 2853 2249 2909 ordinatis
2278 2860 2331 2906 et
2361 2850 2586 2904 intentis
2606 2848 3112 2908 vociferatiouibus,
3136 2857 3189 2901 et
3217 2861 3419 2903 naturae
3440 2850 3548 2903 vim
3624 2862 3629 2868 '

1980 2946 2369 3009 adferentibus;
2405 2959 2505 2997 nec
2535 2942 2694 2996 etiam
2728 2941 3054 3009 quibusdam
3110 2940 3263 2995 ﬂexis
3311 2941 3556 2995 modula-

1984 3040 2165 3107 tisque
2196 3037 2438 3101 vocibus,
2473 3034 2860 3088 occlesiastiem
2894 3034 3275 3087 constitutioni
3324 3042 3379 3087 ct
3414 3050 3551 3088 con-

1981 3129 2277 3200 sequentia)
2321 3144 2425 3180 non
2485 3125 2986 3189 convenientibus,
3051 3126 3357 3193 cujusutodi
3426 3135 3555 3181 sunt

1978 3222 2120 3277 modi
2180 3220 2385 3277 scenici
2434 3231 2489 3273 et
2536 3234 2954 3289 supervacanea:
2988 3212 3162 3273 ‘voeis
3209 3222 3550 3274 varietates:

1978 3315 2069 3369 sed
2100 3330 2222 3368 cum
2262 3315 2429 3377 multa
2474 3312 2894 3380 compunctione
2939 3321 2993 3364 et
3049 3311 3295 3367 moribus
3349 3312 3453 3380 piis
3499 3321 3555 3365 et

1978 3407 2180 3462 sanctis
2213 3405 2322 3459 Deo
2353 3420 2541 3472 preces
2569 3404 2763 3457 oﬂ‘erre
2792 3443 2807 3466 ,
2834 3402 2930 3472 qui
2964 3403 3115 3455 novit
3174 3404 3416 3457 eordium
3451 3420 3553 3457 no-

1979 3508 2213 3549 strorum
2244 3495 2479 3548 occulta.
2505 3492 2627 3545 Haec
2653 3502 2833 3546 autem
2867 3491 3152 3558 jusserunt
3191 3508 3537 3561 consequen-

1980 3599 2061 3643 ter
2088 3588 2236 3642 dicto
2257 3587 2600 3656 evangelico,
2637 3583 2779 3654 quod
2825 3582 3014 3636 statuit
3053 3600 3067 3637 :
3114 3581 3230 3635 Non
3291 3594 3545 3652 Oportere

1978 3698 2100 3746 nos,
2134 3682 2278 3736 sicut
2308 3688 2361 3733 et
2397 3677 2625 3739 ethnici,
2692 3690 2816 3729 cum
2853 3676 3183 3742 loquacitate
3212 3685 3264 3728 et
3304 3677 3545 3727 clamore

1978 3774 2232 3846 precari,
2291 3782 2549 3849 tanquam
2584 3782 2679 3837 per
2715 3766 3116 3833 multiloquium
3163 3775 3409 3819 nostrum
3453 3782 3553 3819 nos

1977 3861 2342 3918 exaudiendus
2373 3859 2721 3917 arbitremur,
2755 3857 2847 3909 sed
2883 3854 2937 3907 in
2971 3855 3188 3908 occulto
3215 3893 3230 3918 ,
3288 3855 3396 3909 Deo
3454 3856 3550 3926 hy-

1980 3975 2163 4013 mnum
2196 3956 2390 4010 oil‘errc
2419 3968 2432 4004 :
2468 3952 2649 4005 facere
2679 3958 2857 4002 autem
2920 3948 3204 4016 petitiones
3259 3948 3553 4013 similiter,

1979 4059 2039 4101 ut
2077 4048 2236 4100 l’ater
2266 4052 2456 4097 noster
2484 4039 2725 4095 caelestis
2746 4079 2759 4101 ,
2801 4038 2893 4106 qui
2924 4037 3071 4091 videt
3101 4037 3155 4090 in
3210 4036 3555 4103 abscondito,

1982 4139 2138 4193 nobis
2173 4136 2363 4190 reddat
2403 4135 2454 4186 in
2490 4140 2678 4199 aperto
2710 4130 2775 4183 ‘3.
2806 4128 3074 4193 Quoniam
3108 4137 3288 4181 autem
3316 4165 3329 4190 ,
3370 4127 3557 4195 inqui-

1980 4240 2076 4283 unt
2104 4270 2120 4294 ,
2160 4229 2241 4281 lex
2274 4239 2491 4295 quoque
2520 4221 2754 4274 Mosaica
2787 4220 2925 4273 dixit
2984 4219 3039 4271 in
3103 4216 3345 4270 Levitico
3370 4258 3386 4282 ,
3433 4218 3553 4285 pios

1980 4320 2124 4373 lilios
2159 4315 2327 4370 Israel
2383 4312 2598 4365 futuros
2624 4350 2638 4372 ,
2669 4322 2769 4362 nos
2797 4320 3012 4376 quoque
3037 4342 3055 4371 ,
3101 4304 3194 4372 qui
3226 4303 3386 4368 hujus
3421 4302 3557 4370 legis

1978 4408 2434 4479 complementum
2462 4402 2791 4466 accepimus,
2826 4399 2996 4467 magis
3024 4396 3094 4464 pii
3126 4409 3245 4449 esse
3271 4395 3552 4458 debemus,

301 4500 477 4563 εἶναι,
514 4508 606 4553 καὶ
636 4504 779 4555 κατὰ
815 4508 883 4555 τά
912 4503 1275 4574 νενομισμένα
1308 4504 1876 4562 πολιτεύεσθαι.Ἐπεὶ

1988 4511 2031 4557 et
2062 4510 2218 4570 prout
2246 4498 2599 4554 constitutum
2630 4501 2746 4558 est,
2785 4506 2883 4544 nos
2934 4502 3120 4560 gerere
3175 4488 3241 4539 “.
3283 4484 3553 4551 Quoniam

301 4594 367 4645 δὲ
406 4595 554 4662 παρὰ
579 4594 850 4663 διαφόροις,
887 4595 1207 4663 ἁγιωτάτοις
1240 4597 1608 4667 πατριάρχαις
1641 4600 1877 4670 ἐλαλήθη

306 4684 393 4753 μὴ
423 4687 581 4753 μόνον
608 4689 664 4737 ἐν
691 4690 808 4748 ταῖς
833 4686 1050 4755 ἑορταῖς
1080 4684 1325 4753 γίνεσθαι
1347 4688 1573 4741 τοιαῦτα
1595 4690 1746 4758 παρὰ
1772 4690 1879 4742 τῶν

301 4776 554 4845 ψαλτών,
591 4776 725 4829 ἀλλὰ
761 4779 852 4829 καὶ
915 4780 972 4829 ὲν
1012 4778 1299 4847 παννυχίσι
1360 4780 1456 4831 καὶ
1484 4780 1881 4850 Δμνημοσύνοις

302 4867 626 4919 τεθνελὺτων
647 4885 659 4897 ·
692 4868 949 4935 γεγόνασι
979 4868 1211 4937 διάφορα
1242 4868 1608 4939 σημειώματα
1630 4871 1884 4925 συνοδικὰ

305 4960 610 5028 ἀρθρισμῷ
636 4961 1127 5013 καθυποϐάλλοντα
1160 4961 1285 5023 τοὺς
1322 4962 1545 5017 τοιαῦτα
1573 4963 1881 5030 ποιοῦντας,

305 5050 413 5101 καὶ
438 5050 511 5118 μὴ
539 5049 625 5103 διά
656 5050 1118 5122 ψαλμῳδημάτων
1143 5056 1234 5104 και
1263 5051 1697 5123 άλληλουῖαρίων
1718 5052 1882 5104 λιτῶν

390 5214 435 5268 ⁸³
460 5235 647 5289 Matth.
682 5250 755 5300 γι,
794 5237 882 5291 18.
967 5237 1009 5267 ¹⁶
1036 5236 1209 5290 Levit.
1243 5252 1393 5299 xvnt,
1427 5234 1480 5287 5.

1984 4606 2160 4651 autem
2197 4590 2337 4663 apud
2365 4591 2607 4644 diversos
2660 4583 3039 4639 sanctissimos
3093 4577 3435 4648 patriarchas
3468 4577 3556 4627 di-

1986 4702 2129 4742 ctum
2167 4693 2270 4745 est.
2301 4698 2408 4736 non
2446 4681 2621 4735 solum
2655 4664 2709 4731 in
2745 4676 2897 4729 festis
2948 4672 3061 4725 haec
3101 4669 3212 4723 lieri
3257 4684 3285 4720 a
3318 4668 3558 4721 cantori-

1988 4782 2108 4843 bus,
2152 4777 2244 4830 sed
2286 4776 2448 4829 etiam
2500 4772 2552 4826 in
2609 4770 2808 4839 vigiliis
2861 4774 2914 4819 et
2971 4770 3307 4816 mortuorum
3364 4774 3558 4812 monu-

1989 4873 2219 4925 mentis:
2245 4868 2462 4921 fuerunt
2493 4863 2658 4915 multa
2683 4857 2961 4930 syuolalia
2987 4855 3163 4909 edicta
3190 4849 3577 4928 segregatiouir

1990 4959 2335 5028 subiicientia
2368 4972 2485 5017 eos,
2515 4953 2605 5023 qui
2643 4953 2771 5005 talia
2804 4948 3029 5008 faciunt,
3060 4954 3115 4999 et
3148 4959 3252 4996 non
3285 4959 3377 5011 per
3427 4956 3561 4995 can-

1995 5056 2122 5117 lica,
2158 5061 2213 5105 et
2247 5048 2442 5104 triodia
2473 5044 2739 5114 sit‘uplieia
2775 5040 3104 5108 minimeque
3147 5034 3425 5091 elaborata
3455 5075 3470 5102 ,
3504 5041 3561 5089 et

1575 5348 1741 5443 Guill
1764 5393 1777 5409 .
1816 5343 2148 5422 Beveregii
2174 5352 2373 5425 noue.

391 5478 500 5549 (84)
552 5479 820 5541 Ἑδίδαξε
848 5480 1072 5547 λόγιον.
1114 5476 1249 5549 Post
1287 5476 1399 5528 lucc
1442 5472 1631 5549 vnerha,
1672 5480 1725 5524 et
1759 5478 1883 5549 ante

319 5542 663 5603 B..ls:tinonis
691 5550 915 5611 scholia,
934 5542 998 5601 'in
1027 5548 1212 5601 codice
1236 5555 1423 5599 nostro
1454 5542 1740 5594 Bodleiano
1772 5542 1885 5592 lucc

320 5620 739 5685 interscruntur,
783 5619 1089 5686 Σημείωσαι
1135 5618 1224 5667 τὸν
1252 5616 1501 5687 παρόντα
1536 5612 1739 5687 κανόνα
1772 5627 1884 5661 κω-

320 5691 518 5739 λύοντα
554 5693 649 5752 τὰς
686 5681 981 5758 Ουμελίίκὰς
1012 5681 1362 5755 ψαλμῳδίας,
1400 5683 1504 5758 καὶ.
1522 5685 1589 5758 τά
1622 5681 1883 5758 λεγόμενα

318 5758 692 5829 διπλάσματα,
734 5752 826 5814 καὶ
868 5752 1143 5828 θαύμασον
1184 5752 1306 5818 ’πῶς
1355 5753 1582 5815 ἀναιδῶς
1612 5753 1818 5819 γίνεται
1851 5752 1885 5818 ἡ

1990 5464 2181 5517 τούτου
2237 5462 2667 5529 καταφρόνησις,
2729 5458 2873 5512 Nota
2924 5466 3230 5525 prwsentem
3284 5466 3556 5529 curionem,

1990 5536 2222 5589 sreuicas
2269 5524 2614 5594 psalhiodids,
2663 5544 2707 5584 et
2753 5547 2867 5596 quae
2914 5524 3236 5596 diplasmata
3278 5524 3560 5596 dicuntur,

1993 5616 2282 5667 retautem;
2308 5615 2354 5656 et
2382 5605 2577 5655 mirare
2603 5612 2655 5654 ut
2685 5594 3005 5665 impudenter
3031 5595 3286 5665 neglectui
3315 5594 3556 5667 habetur.

1994 5676 2118 5728 Haec
2166 5683 2343 5727 autem
2396 5690 2423 5728 c
2472 5674 2709 5742 margine
2760 5678 2810 5723 iu
2859 5681 3059 5725 textum
3105 5670 3427 5730 transcripta
3480 5672 3562 5710 rt-

1993 5748 2206 5800 dentur.
