3992 6484
545 358 658 422 775

1801 367 1900 425 ΤΗ
1913 367 2074 428 EOD.
2133 368 2530 428 BALSAMON
3645 383 3698 444 77

542 477 726 548 lrlttpii
762 475 1077 539 auihitihus,
1121 474 1189 530 de
1225 477 1307 530 his
1336 475 1598 532 debemus
1629 494 1840 533 omnem
1889 483 2075 535 dubita

2213 483 2455 550 εἰσάγειν
2483 482 2832 554 ἀμφιϐολίαν.
2866 483 3071 546 Πάντες
3100 484 3155 537 δὲ
3185 484 3422 550 ἐκείνους
3449 483 3592 544 εἷπον
3612 494 3730 551 εἶναι

547 571 747 622 tionem
777 566 1066 620 adducere.
1095 565 1298 621 Omnes
1329 578 1508 621 autem
1570 569 1694 624 illos
1741 586 1862 626 esse
1915 587 2101 626 sacros

545 658 779 712 ambitus
801 658 1071 721 dixerunt,
1113 658 1204 726 qui
1240 661 1469 713 rationis
1510 663 1817 728 expertiutn
1855 664 2103 716 animan-

543 753 677 805 tium
717 752 1116 806 coucnlcationi
1157 753 1406 820 permissi
1446 768 1551 807 non
1584 766 1731 813 sunt.
1755 756 1966 811 etiamsi
1996 757 2102 812 alio

538 844 772 911 quodam
806 846 965 895 IIIOtlt)
1008 845 1116 897 sint
1151 860 1468 898 communes
1501 863 1516 898 :
1564 862 1630 899 ex
1669 846 1734 899 12
1770 863 1913 916 cap.,
1942 827 2098 914 primi

537 938 646 998 tit.,
688 952 713 985 v
743 936 836 989 lib.
869 938 1014 1004 quod
1055 937 1189 990 dicit
1221 936 1443 1004 :Usqne
1473 938 1540 988 ad
1570 937 1831 990 terminos
1862 939 2101 992 ecclesia:

535 1031 588 1082 in
622 1030 736 1082 foro
761 1031 977 1098 publico
1009 1030 1356 1083 seciirilatem
1397 1032 1661 1092 habeant,
1694 1032 1786 1098 qui
1841 1033 2102 1101 coniuge-

532 1130 659 1174 runt
694 1122 1047 1176 interioribus
1080 1123 1334 1184 lavacris,
1358 1125 1436 1176 vel
1463 1123 1655 1181 hortis.
1685 1124 1766 1177 vel
1786 1125 2094 1188 domiciliis,

530 1215 613 1284 vel
639 1214 962 1282 porticibus,
991 1217 1072 1266 vel
1096 1213 1250 1266 atriis
1273 1222 1486 1266 utentes
1506 1212 1664 1283 247
1691 1225 1741 1264 (ιι
1769 1217 2096 1284 prohibean-

529 1313 620 1355 tur
658 1304 796 1354 intra
831 1307 1089 1372 templum
1121 1307 1360 1358 dormire
1390 1308 1470 1357 vel
1511 1308 1816 1370 comedere,
1884 1309 2092 1362 lavacra

529 1406 582 1446 ot
644 1395 851 1457 hortos,
904 1405 957 1445 et
1012 1395 1252 1461 porticus
1286 1396 1533 1448 ecclesia:
1585 1396 1878 1464 conjuncta
1909 1412 2094 1452 SttCl'tis

528 1479 767 1538 ambitus
795 1501 916 1539 esse
946 1502 1012 1537 ne
1043 1488 1270 1550 dixeris,
1295 1496 1350 1560 ut
1375 1487 1483 1539 illic
1512 1490 1673 1540 etiam
1707 1489 2094 1556 prohibeamur

526 1575 754 1641 proponi
781 1576 1013 1629 venalia.
1045 1575 1168 1628 Haec
1203 1563 1345 1629 enim
1375 1577 1618 1631 ecclesia!
1660 1581 1875 1648 quidem
1914 1593 2092 1649 pztt‘lt‘S

524 1664 927 1732 reputabuntur
963 1683 975 1719 :
1017 1666 1156 1718 sacri
1187 1677 1364 1717 autem
1405 1668 1645 1722 am'bitus
1677 1685 1785 1722 non
1817 1672 2089 1725 dicentdr.

525 1754 589 1806 Et
615 1794 630 1818 ,
698 1766 756 1808 ut
805 1759 1115 1817 communia
1148 1759 1389 1826 quidem,
1426 1751 1736 1814 sanctorum
1789 1765 2088 1819 ambituum

522 1845 730 1902 honore
757 1849 916 1915 digna
951 1866 1054 1901 non
1091 1850 1437 1903 habebuntur
1474 1869 1487 1904 :
1529 1853 1622 1905 sed
1660 1863 1881 1922 propter
1911 1859 2089 1911 eccle-

521 1937 615 1992 sia:
648 1940 1004 2008 privilegium,
1035 1941 1299 2010 quicum,
1329 1943 1422 2011 qui
1471 1959 1536 1997 eo
1569 1944 1837 2014 confugit,
1867 1965 1929 2000 ex
1959 1950 2090 2015 ipsis

519 2028 838 2097 aliripucrit,
866 2031 1142 2099 punietur.
1178 2031 1314 2086 Nota
1349 2049 1500 2100 vero,
1531 2035 1673 2089 intra
1731 2038 1908 2092 solum
1954 2049 2089 2094 tem.

519 2121 664 2188 plum
690 2124 848 2178 edere
883 2142 945 2178 ac
979 2128 1162 2181 bibere
1195 2128 1475 2197 prohiberi
1516 2146 1636 2196 eos,
1672 2132 1760 2202 qui
1799 2132 1867 2187 ad
1908 2133 2086 2202 ipsum

517 2219 887 2282 COtiiitgerint.

587 2305 835 2386 ΖΟΝΑΙὶ.
877 2309 1072 2364 Domus
1104 2329 1242 2374 mea,
1269 2313 1405 2366 dixit
1438 2314 1703 2369 Dominus
1727 2317 1792 2370 ad
1819 2317 2037 2372 Judteos
2067 2361 2083 2386 ,

517 2381 703 2451 dom'us
735 2401 992 2454 orationis
1031 2403 1296 2456 rocubitur
1332 2420 1350 2459 :
1383 2423 1467 2458 vos
1500 2418 1673 2461 autem
1707 2409 1905 2478 fecistis
1937 2412 2086 2465 illam

517 2490 810 2555 speluncam
846 2493 1111 2545 latronum
1155 2496 1221 2551 ".
1272 2497 1347 2550 Ne
1398 2500 1560 2566 igitur
1604 2503 1787 2555 eadem
1836 2501 2086 2560 ﬁdelibus

515 2581 677 2648 olijii-i
707 2595 929 2651 queant,
965 2603 1029 2640 ne
1062 2590 1202 2640 intra
1227 2589 1370 2642 sacri
1396 2589 1496 2644 loci
1523 2592 1784 2646 ambitum
1811 2610 2085 2664 cauponas

515 2683 822 2742 exstruere,
860 2692 994 2732 neve
1019 2680 1298 2735 esculenta
1331 2692 1422 2736 aut
1449 2684 1554 2736 alia
1602 2701 1937 2756 quaacunque
1994 2705 2084 2744 ve—

485 2768 660 2820 'nalia
697 2769 894 2824 habere
929 2773 1106 2838 lict-at,
1144 2773 1333 2829 Patres
1389 2776 1699 2833 decrevere.
1741 2779 1926 2849 Neque
1955 2796 2084 2835 vero

515 2860 659 2928 intra
708 2865 1019 2927 ecclesiam,
1060 2868 1151 2919 sed
1188 2867 1326 2920 intra
1359 2870 1500 2922 sacri
1554 2871 1657 2924 loci
1712 2873 1974 2927 ambitum
2021 2891 2084 2930 ea

515 2954 634 3007 ﬁeri
664 2964 866 3009 vetant.
909 2957 1201 3013 Suutvero
1251 2963 1393 3015 sacri
1439 2964 1678 3017 ambitus
1734 2967 1914 3019 omnia
1956 2983 2088 3023 san-

514 3054 726 3097 ctorum
765 3053 1088 3114 templorum
1121 3060 1295 3122 septa,
1327 3055 1395 3106 ita
1426 3065 1484 3106 ut
1521 3055 1697 3126 neque
1744 3057 1796 3110 in
1852 3061 2082 3130 templo-

513 3135 634 3190 rum
672 3141 812 3192 areis
842 3180 857 3200 ,
898 3159 1074 3211 neque
1108 3144 1163 3198 in
1225 3147 1510 3201 veSiibulis
1557 3149 1761 3218 aliquid
1809 3151 2076 3220 ejusmodi

515 3231 626 3282 ﬂeri
654 3246 828 3285 canon
865 3234 1009 3287 sinat
1052 3255 1067 3290 :
1126 3241 1376 3305 quamvis
1416 3259 1476 3293 ea
1530 3258 1673 3297 nunc
1716 3244 1880 3314 impie
1930 3247 2077 3300 liam.

512 3322 674 3375 Suam
717 3341 843 3377 vero
879 3328 1205 3382 si-ntentiam
1235 3328 1424 3386 Patres
1455 3349 1519 3385 ex
1550 3333 1843 3403 Evangelio
1882 3339 2082 3392 caulir-

512 3425 680 3477 mant,
715 3431 808 3470 nos
843 3418 910 3470 ita
945 3436 973 3471 a
1003 3418 1223 3475 Christo
1259 3424 1481 3478 edoctus
1514 3440 1637 3478 esse
1675 3429 1952 3495 dicentes;
1987 3431 2077 3500 qui

421 3581 429 3588 _
511 3519 564 3558 et
599 3506 800 3562 .ludzeis
825 3548 841 3569 ,
880 3526 945 3565 ne
981 3511 1203 3564 domum
1235 3513 1411 3570 Putris
1446 3518 1528 3569 sui
1574 3517 1792 3572 domum
1844 3523 2082 3590 negotia-

516 3594 689 3648 tionis
723 3597 986 3664 l’aeereul,
1017 3600 1323 3668 imperavit,
1356 3613 1411 3658 et
1468 3608 1761 3679 sacrilegos
1807 3612 2078 3666 nundina-

512 3693 660 3741 tores
694 3705 720 3740 a
751 3691 953 3760 templo
986 3695 1216 3760 expulit,
1239 3706 1292 3750 et
1322 3700 1810 3756 nummulariorum
1843 3719 1918 3759 tes
1948 3704 2080 3758 effu-

512 3773 613 3830 dit.
644 3778 781 3832 Sunt
810 3798 937 3835 rero
973 3784 1355 3846 κολλυϐισταὶ.
1388 3805 1482 3843 seu
1542 3793 1889 3848 nutmnularii
1917 3835 1933 3859 ,
1986 3797 2074 3866 qui

511 3868 706 3937 exigua
733 3875 1084 3939 mimismata,
1107 3879 1207 3931 hoc
1227 3889 1330 3942 est,
1355 3897 1629 3943 nummos.
1655 3887 1910 3941 vendunt.
1940 3889 2077 3942 Κόλ-

510 3959 668 4023 λυόος
696 3964 837 4016 enim
867 3967 1006 4032 apud
1050 3967 1266 4025 Graecos
1319 3975 1574 4043 exiguum
1623 3981 1894 4033 nnntisma
1945 3991 2029 4036 est
2056 4024 2074 4050 ,

512 4055 658 4122 quod
693 4072 718 4106 ιι
747 4054 1010 4115 Romanis
1046 4079 1299 4121 nummus
1337 4077 1579 4124 vocatur.
1608 4068 1700 4124 Est
1724 4088 1848 4125 vero
1871 4075 2072 4144 κέρμα,

508 4144 651 4198 idem
684 4149 825 4216 quod
865 4154 1161 4208 numisma.
1629 4153 1642 4172 '

575 4238 800 4293 AlllST.
842 4260 859 4292 t
895 4243 1042 4296 lutra
1078 4261 1293 4303 sacrum
1337 4252 1598 4306 ambitum
1654 4269 1901 4324 caupona
1938 4273 2071 4313 con-

511 4347 530 4380 α
563 4331 712 4384 stitui
748 4349 851 4387 non
880 4335 1071 4404 debet;
1100 4357 1161 4394 ac
1193 4344 1390 4398 ibidem
1414 4348 1566 4400 cibos
1595 4347 1751 4400 vendi
1781 4349 2072 4418 ineptum:

508 4437 529 4472 ι
561 4429 611 4474 et
643 4423 734 4490 qui
763 4429 1031 4481 utrumvis
1063 4430 1211 4497 facit,
1247 4431 1584 4505 seg‘regatur.
1631 4455 1649 4489 ι

487 4517 507 4534 ⁴
573 4509 668 4566 Dei
706 4517 926 4568 douium
962 4519 1180 4583 donunn
1210 4525 1594 4591 negotiationis
1621 4544 1725 4583 non
1752 4529 2067 4600 facerejus-
2101 4540 2146 4596 ι)

501 4600 574 4655 sit
606 4601 916 4674 Sospitator
965 4619 1020 4661 et
1080 4611 1220 4666 Deus
1278 4627 1463 4668 noster
1497 4631 1512 4669 :
1549 4631 1877 4689 quapropter
1928 4623 2068 4677 intra

501 4709 690 4750 sacros
737 4699 972 4753 ambitus
1014 4717 1120 4754 non
1168 4715 1382 4772 oportet
1417 4707 1687 4764 ollicinam
1735 4725 2070 4782 cauponam-

501 4785 638 4839 riam
669 4789 988 4854 instituere.
1021 4805 1077 4848 et
1117 4811 1239 4864 qua:
1298 4813 1391 4866 per
1447 4801 1627 4854 edulia
1684 4802 1816 4857 liunt
1856 4808 2068 4874 species

499 4889 828 4946 proponere,
885 4896 976 4936 aut
1008 4887 1143 4940 alias
1195 4887 1374 4960 facere
1429 4891 1788 4950 venditiones.
1841 4897 1896 4951 Si
1941 4900 2067 4968 quis

501 4968 683 5038 itaque
708 4971 762 5025 in
799 4975 1112 5044 hujustnodi
1149 4990 1376 5050 peccato
1433 4986 1808 5053 deprehensus
1862 4988 2070 5058 fuerit,

500 5074 722 5133 segrega
733 5063 845 5119 bitu
855 5084 898 5121 r.

1018 5229 1246 5285 (ZANON
1280 5231 1534 5291 LXXVII.

503 5376 525 5410 ι
565 5359 715 5425 Quod
738 5378 842 5413 non
865 5375 1074 5431 oportet
1104 5370 1275 5421 sacris
1306 5371 1567 5436 initiatos,
1593 5375 1673 5427 vel
1701 5375 1952 5445 clericos,
1981 5381 2065 5435 vel

577 5471 595 5502 ε
637 5465 873 5517 ascelas,
909 5455 1074 5508 lavari
1124 5473 1246 5511 eum
1305 5454 1626 5520 mulieribus
1661 5485 1676 5524 :
1706 5485 1804 5524 nec
1850 5489 2064 5528 omnem

576 5561 598 5596 t
635 5541 1010 5600 Christianum
1050 5548 1130 5602 vel
1161 5549 1382 5605 laicum.
1414 5555 1538 5610 Ηςυο
1578 5567 1660 5612 est
1703 5562 1844 5616 enim
1889 5565 2064 5635 prima

525 5707 530 5712 _
573 5652 593 5686 ι
631 5635 1012 5692 condemnatio
1042 5641 1182 5709 apud
1217 5651 1427 5713 gentes.
1461 5645 1517 5701 Si
1563 5651 1684 5719 quis
1722 5664 1903 5710 autem
1963 5658 2062 5712 hac

493 5825 500 5835 '
576 5815 616 5848 "
653 5813 843 5872 Matth.
874 5833 981 5887 ut,
1019 5821 1110 5879 15.

2217 575 2393 642 ἱεροὺς
2425 574 2763 642 περιϐόλους,
2791 576 2913 634 τοὺς
2941 577 3015 644 μὴ
3055 575 3415 640 ἀπολυθέντας
3444 584 3518 641 εἰς
3545 583 3727 652 ἀλόγων

2211 665 2366 729 ζώων
2399 670 2806 737 καταπάτησιν,
2863 669 2955 721 καὶ
2989 669 3331 738 ἀλλο-τρόπως
3378 676 3724 743 κοινωθέντας,

2220 758 2353 811 Ἀπὸ
2379 761 2562 828 μέντοι
2583 761 2675 812 τοῦ
2711 759 2775 830 ιβ’
2801 778 2926 830 κεφ.
2955 761 3046 814 τοῦ
3079 759 3124 814 α’
3149 761 3326 814 τίτλου
3354 769 3444 818 τοῦ
3463 765 3502 818 ε’
3527 767 3728 840 βιϐλίου,

2207 851 2302 902 τοῦ
2335 852 2582 919 λὲγοντος
2604 869 2617 883 ⁸
2649 853 2829 922 Μέχρι
2861 853 2968 904 τῶν
2998 855 3090 905 ἐπὶ
3124 854 3225 923 τῆς
3262 856 3519 923 δημοσίας
3549 862 3729 934 ἀγορᾶς

2208 945 2304 1011 τῆς
2335 941 2627 1012 ἐκκλησίας
2660 944 2799 1013 ὅρων
2833 944 2892 995 τὸ
2923 944 3161 1013 ἀσφαλὲς
3194 947 3462 1015 ἐχέτωσαν
3504 951 3548 1000 οἱ
3586 969 3731 1019 προσ.

2207 1035 2466 1104 φυγόντες
2496 1037 2607 1098 τοῖς
2638 1035 2934 1102 ὲνδοτέροις
2960 1037 3225 1107 λουτροῖς,
3253 1037 3284 1108 ἢ
3317 1042 3530 1110 κήποις,
3553 1042 3748 1115 ῆοξκήο·

2211 1143 2365 1197 μασι,
2404 1127 2436 1197 ἢ
2472 1128 2734 1198 στοαῖς,ῆ
2771 1127 2957 1191 αὐλαῖς
2977 1130 3279 1199 ¹χρώμενοι,
3312 1135 3405 1184 καὶ
3449 1124 3750 1190 κωλυέσθω--

2208 1237 2310 1270 σαν
2334 1219 2483 1282 ἐντος
2511 1211 2605 1272 τοῦ
2634 1219 2763 1274 ναοῦ
2793 1222 2992 1274 ὑπνοῦν
3033 1223 3065 1293 ἢ
3102 1224 3298 1277 ἐσθίειν
3324 1241 3339 1257 ·
3372 1227 3444 1296 μὴ
3475 1229 3623 1299 εἴπῃς
3653 1233 3735 1284 καὶ

2203 1313 2270 1364 τὰ
2295 1310 2467 1380 λυτρὰ
2497 1313 2590 1364 καὶ
2626 1317 2751 1376 τοὺς
2783 1315 2994 1384 κήπους
3023 1318 3114 1367 καὶ
3137 1315 3235 1378 τὰς
3270 1319 3429 1380 στοὰς
3459 1321 3554 1382 τὰς
3585 1339 3730 1392 amr.-

2203 1406 2448 1475 νωμένας
2477 1409 2597 1468 ταῖς
2650 1407 2971 1476 ἐκκλησίαις
3004 1409 3182 1477 ἱεροὺς
3225 1410 3542 1478 περιϐόλους
3594 1409 3732 1476 εἶναι,

2200 1497 2272 1561 ὠς
2297 1499 2550 1551 ἐντεῦθεν
2576 1501 2884 1553 κωλύεσθαι
2911 1501 3005 1554 καὶ
3036 1503 3098 1554 τὸ
3131 1503 3489 1572 προτίθεσθαι
3517 1503 3639 1558 ὤνια
3660 1510 3721 1560 ἐπ

2201 1592 2401 1654 αὐτοῖς.
2437 1589 2618 1643 Ταῦτα
2651 1593 2757 1662 γὰρ
2791 1593 2934 1664 μέρη
2983 1593 3080 1664 μὲν
3124 1595 3223 1664 τῆς
3276 1595 3566 1664 ἐκκλησίας
3605 1597 3735 1666 λογί-

2199 1682 2414 1745 ζονται·
2461 1685 2593 1755 ἱεροὶ
2618 1685 2674 1737 δὲ
2705 1685 2982 1755 περίϐολοι
3028 1687 3088 1739 οὑ
3119 1687 3496 1756 λεχθήσονται.
3541 1692 3640 1744 Καὶ
3665 1693 3731 1754 ὡς

2198 1776 2354 1828 κοινὰ
2389 1775 2508 1844 μὲν,
2571 1777 2672 1846 τῆς
2727 1779 2892 1847 τιμῆς
2947 1779 3056 1830 τῶν
3108 1779 3270 1852 ἱερῶν
3319 1780 3612 1862 περιϐόλων
3648 1785 3735 1835 οὐκ

2199 1870 2593 1940 ἁξιωθήσονται
2619 1887 2631 1899 ’
2665 1871 2754 1923 διὰ
2786 1873 2840 1924 δὲ
2873 1872 2932 1924 τὸ
2965 1875 3063 1943 τῆς
3101 1872 3401 1942 ἐκκλησίας
3441 1876 3735 1944 προ-τόμιον,

2198 1964 2225 2014 ὀ
2253 1963 2309 2027 ἐξ
2336 1962 2512 2013 αὐτῶν
2538 1963 2868 2031 ἀφαρπάσας
2897 1963 3185 2033 πρόσφυγα
3211 1964 3618 2035 κολασθήσεται.
3643 1967 3738 2034 Ση-

2201 2041 2432 2125 μείωσαι
2489 2055 2544 2107 δὲ
2610 2057 2692 2108 ὅτι
2750 2055 2898 2117 ἐντὸς
2933 2057 3094 2123 μόνου
3143 2057 3236 2110 τοῦ
3271 2057 3400 2110 ναοῦ
3438 2057 3630 2110 ἐσθίειν
3655 2058 3735 2109 καὶ

2198 2148 2372 2200 πίνειν
2403 2147 2528 2210 τοὺς
2561 2149 2879 2219 πρόσφυγας
2909 2149 3234 2205 κεκώλυται.

2265 2329 2510 2381 ΖΩΝΛΡ.
2553 2324 2617 2379 '0
2651 2321 2818 2392 οἶκός
2838 2345 2978 2395 μου,
3012 2328 3125 2390 τοῖς
3149 2328 3429 2385 Ἰουδαίοις
3466 2331 3564 2400 ἔφη
3589 2333 3615 2384 ὁ
3643 2331 3738 2384 Κύ-

2195 2439 2329 2492 ριος,
2357 2417 2518 2485 οἶκος
2543 2419 2888 2488 προσευχῆς
2913 2420 3282 2486 κληθήσεται
3310 2440 3320 2452 ·
3362 2423 3529 2491 ὑμεῖς
3559 2423 3622 2476 δὲ
3647 2427 3741 2479 αὐ-

2195 2517 2299 2567 τὸν
2324 2513 2647 2581 ἐποιήσατε
2673 2514 2980 2582 σπήλαιον
3005 2514 3270 2583 λῃστῶν.
3301 2515 3400 2568 Ἶν’
3437 2516 3528 2568 οὖν
3560 2519 3628 2586 μὴ
3655 2521 3737 2570 καὶ

2193 2609 2304 2670 τοῖς
2349 2608 2560 2668 πιστοῖς
2593 2605 2750 2658 τοῦτο
2798 2605 2958 2676 ῥηθῇ,
2992 2606 3383 2676 ἀπηγόρευσαν
3427 2609 3473 2660 ιι
3518 2607 3739 2678 Πατέρες

2127 2749 2134 2768 ,η
2193 2700 2340 2752 ἔνδον
2385 2699 2492 2753 τῶν
2532 2698 2694 2768 ἱερῶν
2743 2698 3043 2768 περιϐόλων
3086 2700 3360 2768 καπηλεῖα
3413 2702 3728 2772 συνιστᾷν,ἡ
3779 2693 3781 2696 ’

2192 2791 2428 2860 ἐδώδιμα.
2468 2789 2895 2860 προτιθέναιέίς
2937 2794 3161 2860 πρᾶσιν,
3191 2792 3222 2862 ἢ
3263 2790 3430 2861 ’ἑτερά
3465 2811 3600 2849 τινα.
3632 2793 3732 2846 Οὔκ

2191 2879 2343 2937 εἷπον
2373 2885 2429 2937 δὲ
2454 2884 2599 2936 ἔνδον
2626 2885 2725 2953 τῆς
2752 2884 3066 2953 ἐκκλησίας,
3099 2885 3238 2937 ἀλλὰ
3261 2885 3371 2938 τῶν
3404 2886 3564 2954 ἱερῶν
3593 2902 3731 2954 περι·

2169 2979 2382 3031 ’δόλων.
2419 2975 2702 3046 Περίὸολοι
2738 2976 2783 3028 δ’
2825 2977 2963 3028 είσὶν
3009 2977 3147 3046 ἱεροὶ
3176 2978 3229 3028 αἱ
3268 2977 3380 3030 τῶν
3417 2978 3574 3030 θείων
3604 2977 3734 3029 ναῶν

2190 3071 2398 3124 ἆπασαι
2452 3071 2741 3140 περιοχαί·
2783 3067 2922 3121 ὥστε
2966 3068 3079 3121 οὐδ’
3110 3071 3166 3121 ἐν
3219 3070 3731 3138 προτεμενίσμασιν,

2190 3163 2296 3214 οὐδ’
2335 3166 2391 3216 ἐν
2421 3163 2736 3233 προαυλίοις
2767 3161 3008 3214 τοιοῦτόν
3041 3177 3095 3213 τι
3139 3159 3394 3229 τίνεσθαι
3431 3164 3735 3232 παραχωρεῖ

2185 3259 2214 3308 ὁ
2246 3255 2458 3308 κανών·
2514 3257 2563 3306 εί
2615 3257 2707 3307 καὶ
2752 3254 2845 3306 νῦν
2893 3254 3218 3317 ἀνευλαϐῶς-
3262 3256 3439 3308 ταῦτα
3487 3257 3731 3322 γίνονται.

2186 3345 2671 3408 Κατασκευὰξουσι
2701 3345 2755 3398 δὲ
2790 3345 2880 3396 τὸν
2907 3347 3105 3398 οἰκεῖον
3139 3344 3296 3411 λόγον
3324 3347 3376 3398 οἱ
3409 3348 3647 3416 "stips;
3673 3349 3729 3400 ἐκ

2183 3438 2276 3490 τοῦ
2317 3437 2675 3506 Εὐαγγελίυυ,
2705 3437 2954 3505 λέγοντες
2989 3439 3078 3490 τὸν
3113 3437 3355 3507 Χριστὸν
3381 3439 3541 3491 τοῦτο
3564 3457 3728 3508 παραυ

2183 3531 2364 3584 δοῦναι
2413 3532 2562 3600 ἡμῖν,
2596 3529 2822 3598 λέγοντα
2866 3532 2979 3590 τοῖς
3019 3529 3334 3594 Ἰουδαίοις·
3387 3531 3480 3601 Μὴ
3544 3531 3730 3583 ποιεῖτε

2182 3625 2274 3678 τὸν
2302 3621 2450 3677 οἷκον
2504 3622 2597 3677 τοῦ
2654 3623 2869 3693 Πατρός
2914 3623 3022 3692 μου
3074 3618 3222 3675 οἷκον
3255 3624 3556 3694 ὲμπορείου
3587 3637 3602 3653 ·
3652 3623 3734 3674 καὶ

2181 3717 2532 3772 ἁπελάσαντα
2577 3718 2642 3770 ὲκ
2693 3715 2786 3769 τοῦ
2835 3715 2989 3784 ⁶ἱεροῦ
3039 3717 3164 3778 τοὺς
3219 3715 3620 3786 θεοκαπήλους,
3649 3714 3736 3766 καὶ

2181 3810 2290 3863 τῶν
2323 3807 2692 3863 κολλυϐιστῶν
2733 3808 2793 3860 τὸ
2839 3807 3019 3877 κέρμα
3061 3806 3349 3877 ἐκχέαντα.
3388 3805 3736 3860 Κολλυὸισταὶ

2179 3903 2224 3956 δ’
2281 3903 2419 3954 εἰσιν
2458 3901 2509 3954 oi
2542 3900 2609 3954 τὰ
2654 3899 2829 3952 λεπτὰ
2875 3899 3188 3968 νομίσματα
3235 3897 3576 3960 πωλοῦντες.
3629 3897 3734 3966 ἦτοι

2179 3999 2302 4060 τοὺς
2357 3995 2665 4064 νούμμουςσ
2736 3991 2992 4053 κόλλυΰος
3044 3991 3153 4060 γὰρ
3209 3990 3342 4059 παρ’
3405 3990 3631 4058 Ἕλλησι
3681 3987 3736 4040 τὸ

2178 4089 2374 4142 λεπτὸν
2403 4088 2665 4158 νόμισμα,
2700 4085 2728 4155 δ
2755 4085 2904 4155 παρά
2956 4082 3252 4152 Ῥωμαίοις
3282 4081 3529 4151 νοῦμμος
3558 4081 3730 4132 καλεῖ-

2179 4195 2287 4230 ται.
2319 4177 2428 4230 Καὶ
2459 4177 2638 4247 κέρμα
2669 4175 2725 4229 δὲ
2751 4174 2812 4227 τὸ
2842 4175 3085 4244 νόμισμα
3115 4171 3358 4240 λέγεται.

2176 4269 2395 4322 ΔΡΙΣΤ.
2458 4287 2478 4319 ι
2525 4269 2613 4320 Ἐν
2644 4266 2774 4336 ἱερῷ
2800 4264 3071 4336 περιὸόλῳ
3101 4262 3398 4333 καπηλεῖον
3427 4262 3736 4324 ἀσύστατον,

2255 4379 2274 4411 ι
2323 4361 2416 4413 καὶ
2444 4357 2772 4426 πωλούμενα
2814 4355 3084 4426 βρώματα
3107 4349 3112 4358 ’
3136 4355 3345 4423 μάταια
3369 4368 3385 4382 ·
3419 4354 3516 4406 καὶ
3545 4353 3602 4404 ἐν
3631 4351 3729 4420 ἀμ-

2254 4470 2272 4502 t
2319 4453 2565 4521 φοτέροις
2590 4452 2617 4502 ὁ
2651 4449 2821 4501 ποιῶν
2851 4443 3197 4518 ἀφορίζεται.
3241 4464 3260 4496 ι

2258 4542 2363 4596 Τὸν
2409 4542 2507 4597 τοῦ
2553 4541 2688 4595 Θεοῦ
2723 4537 2871 4593 οἷκον
2917 4539 2992 4608 μὴ
3043 4541 3220 4590 ποιεῖν
3263 4538 3562 4609 ἑμπορείου
3599 4532 3736 4590 οἷκον

2178 4635 2618 4706 παρεκελεύσατο
2653 4635 2681 4687 ὁ
2711 4633 2902 4703 Σωτὴρ
2937 4632 3095 4703 ἡμῶν
3132 4631 3230 4684 καὶ
3258 4631 3390 4693 Θεός
3411 4647 3426 4661 °
3463 4630 3554 4684 διὰ
3585 4628 3734 4682 τοῦτο

2175 4730 2236 4782 οὑ
2267 4728 2372 4799 χρὴ
2405 4728 2554 4781 ἔνδον
2605 4725 2713 4778 τῶν
2760 4725 2919 4796 ἱερῶν
2952 4724 3249 4794 περιϐόλων
3292 4723 3587 4791 καπηλεῖον
3621 4735 3734 4772 συν·

2178 4821 2351 4891 ιστᾷν,
2401 4821 2492 4871 καὶ
2538 4807 2607 4869 ιτὰ
2663 4816 2753 4868 διὰ
2804 4815 3110 4887 βρωμάτων
3153 4815 3267 4883 εἴδη
3330 4807 3728 4882 προτιθέναι,ἥ

2176 4911 2370 4982 ἐτέρας
2415 4910 2650 4982 πράσεις
2684 4908 2980 4962 ποιεῖσθαι.
3015 4908 3080 4961 Εἰ
3126 4924 3210 4969 τις
3258 4905 3352 4960 οὖν
3389 4905 3632 4960 τοιοῦτόν
3680 4919 3731 4953 τι

2175 5007 2320 5075 φανῇ
2354 5003 2710 5074 πλημμελῶν,
2738 5001 3192 5073 ἀφορισθήσεται.

2690 5253 2709 5270 ρ
2766 5221 3004 5274 ΚΑΝΩΝ
3037 5219 3156 5278 ()Ζ’.

2182 5403 2201 5437 t
2243 5384 2364 5436 Ὅτι
2389 5381 2450 5434 οὐ
2481 5381 2559 5433 δεῖ
2595 5379 2923 5449 ίερατικοὺς,
2951 5377 2985 5448 ἢ
3017 5377 3332 5448 κληρικοὺς,
3363 5376 3395 5447 ἢ
3422 5373 3730 5442 ἁσκητάςὲν

2252 5491 2271 5523 t
2319 5469 2588 5542 βαλανείῳ
2644 5469 2782 5538 μετὰ
2823 5465 3100 5534 γυναικῶν
3147 5463 3547 5519 ἀπολούεσθαι·
3601 5458 3730 5531 μηδὲ

2254 5587 2273 5618 ε
2318 5566 2496 5619 πάντα
2523 5560 2848 5632 Χριστιανὸν
2879 5561 2912 5629 ἦ
2943 5558 3152 5612 λαῖκόν.
3188 5556 3340 5629 Αὕτη
3387 5557 3497 5626 γὰρ
3543 5553 3720 5624 πρώτη

2251 5681 2268 5712 t
2316 5657 2663 5725 κατάγνωσις
2715 5653 2868 5723 παρά
2913 5653 3024 5714 τοῖς
3059 5651 3292 5707 ἔθνεσιν.
3325 5652 3384 5704 Εἰ
3409 5649 3466 5702 δέ
3507 5665 3588 5706 τις
3632 5636 3720 5692 ἐπὶ
