3992 6484
333 422 438 485 ΤΠ

419 555 441 588 ι
486 532 648 586 τοῦτο
695 528 997 600 φωραθείη.
1025 528 1075 580 εί
1126 530 1226 597 μὲν
1270 522 1531 595 κληρικὺς
1574 520 1684 588 εἴη,
1723 516 1916 571 καθαι-
1947 524 1991 579 Α

412 644 432 676 ι
482 624 680 695 ρείσθω
716 622 829 692 (88)
860 638 875 652 ·
904 622 950 673 εἰ
980 618 1036 670 δὲ
1063 619 1274 684 λαῖκὸς,
1315 616 1681 688 ἀφοριζέσθω.
1724 633 1742 663 ι

413 715 604 769 ΒΑΛΣ.
632 713 720 776 Ὡς
741 714 883 765 ἔοικε
911 711 1018 781 πρὸ
1047 710 1147 777 τῆς
1175 708 1397 760 συνόδου
1426 706 1628 774 ταύτης
1659 702 1909 755 ἐλούοντο

341 806 638 874 ίερωμένοι
691 802 857 867 τινὲς,
894 802 989 885 και
1018 800 1262 870 μοναχοὶ,
1296 800 1390 851 καὶ
1445 798 1621 849 λαῑκοὶ
1658 797 1796 864 μετά
1824 810 1916 861 γυ-

336 895 561 958 ναικῶν,
600 895 675 964 μὴ
724 892 1182 963 ἐπιστρεφόμενοι
1215 893 1316 959 τῆς
1362 888 1733 956 ἀποστολικῆς
1764 887 1914 949 Θείας

334 987 737 1057 παραγγελίας,
784 985 886 1054 τῆς
937 983 1242 1052 λεγούσηςο
1284 981 1651 1051 Ἀπρόσκοποι
1699 979 1913 1047 γίνεσθε

336 1079 431 1128 καὶ
487 1076 789 1140 Ἰουδαίοις,
817 1076 911 1127 καὶ
954 1073 1205 1143 Ἕλλησι,
1238 1074 1332 1125 καὶ
1365 1075 1431 1142 τῇ
1471 1072 1773 1141 Ἐκκλησία
1820 1069 1912 1122 τοῦ

337 1165 495 1220 Θεοῦ.
525 1165 915 1237 Διορθούμενοι
943 1163 1036 1217 οὖν
1065 1162 1224 1216 τοῦτο
1251 1163 1300 1214 οἱ
1335 1162 1482 1231 ἆγιοι
1530 1148 1797 1231 Πατέρες,
1828 1162 1904 1223 ὡς

334 1259 756 1330 ἀπρεπέστατον
783 1258 877 1311 atati.
907 1257 1358 1321 σκανδαλοποιὸν,
1396 1260 1490 1308 καὶ
1517 1255 1785 1325 διεγεῖρον
1833 1256 1913 1317 είς

331 1350 716 1421 δαιμονιώδεις
768 1349 1087 1419 ἐπιθυμίας,
1122 1351 1288 1420 φέρον
1326 1365 1386 1400 τε
1428 1347 1555 1410 τοὺς
1598 1348 1916 1417 χρωμένους

336 1449 407 1515 τῇ
442 1442 880 1513 ἀσέμνῳιταύτῃ
921 1442 1167 1511 διαγωγῇ
1219 1442 1299 1503 είς
1348 1438 1594 1510 μεγάλην
1629 1440 1913 1507 κατάγνω-

346 1555 453 1601 σιν,
479 1536 800 1607 διωρίσαντο
835 1536 924 1588 τὸν
951 1534 1121 1597 οὕτως
1170 1534 1481 1602 ἀδιαφόρως
1512 1535 1606 1586 καὶ
1642 1535 1908 1604 ἀπρεπῶς

340 1630 426 1692 εἰς
453 1629 513 1682 τὸ
551 1628 678 1697 ἑξῆς
714 1628 851 1698 μετά
889 1627 1146 1695 γυναικὸς
1171 1626 1481 1696 λουόμενον,
1513 1626 1778 1696 κληρικὸν
1808 1627 1907 1697 μὲν

333 1721 487 1785 ὄντα,
544 1720 945 1790 καθαιρεῖσθαι,
1004 1717 1193 1771 λαῖκὺν
1250 1718 1327 1785 δὲ,
1368 1718 1748 1787 ἀφορίζεσθαι.
1805 1721 1908 1787 Ση-

339 1813 576 1882 μείωσαι
621 1813 677 1866 δὲ
727 1813 861 1867 ὃτιό
892 1811 1073 1865 κανὼν
1123 1813 1391 1883 διαφορὰν
1437 1818 1675 1868 ποιεῖται
1717 1815 1906 1886 κληριο

333 1907 471 1970 κῶν,
514 1906 850 1976 ἱερωμένων,
880 1905 1105 1972 λαῖκῶν,
1138 1907 1232 1960 καὶ
1267 1907 1545 1977 ἀσκητῶν.
1590 1908 1904 1979 Ἰερωμὲνοι

334 1998 446 2067 γάρ
484 2000 622 2049 είσιν
664 1998 713 2050 οί
743 1997 838 2050 τοῦ
871 1998 1133 2067 βήματος,
1161 2000 1209 2051 οἱ
1262 1999 1355 2051 καὶ
1397 1999 1867 2069 χειροτονούμενοι
1890 2017 1903 2031 ο

335 2091 631 2142 ἐπίσκοποι
663 2091 927 2160 δηλονότι,
967 2092 1152 2157 ἱερεῖς,
1196 2091 1432 2143 διάκονοι
1479 2094 1573 2144 καὶ
1620 2093 1909 2146 ὑποδιάκοο

334 2198 442 2236 νοι.
469 2182 733 2252 Κληρικοὶ
766 2183 966 2245 πάντες
999 2183 1049 2236 οἱ
1086 2183 1243 2247 ἐκτὸς
1266 2182 1362 2236 τοῦ
1393 2184 1635 2254 βήματος
1672 2189 1728 2238 ἐν
1759 2189 1907 2250 ναοῖς

332 2274 856 2346 ὲξυπηρετούμενοι,
910 2278 1079 2346 ἤγουν
1124 2278 1489 2345 ἁναγνῶσται,
1539 2278 1756 2348 θεωροὶ,
1811 2281 1905 2332 καὶ

331 2365 514 2436 ἕτεροι
555 2367 823 2419 τοιοῦτοι’
865 2368 1105 2436 ἀσκηταὶ
1150 2368 1207 2421 δὲ
1262 2369 1312 2421 οἱ
1364 2373 1588 2441 μοναχο“ι
1636 2373 1749 2424 ὅσοι
1800 2373 1903 2425 οὐκ

333 2457 580 2525 ἔφθασαν
606 2459 974 2531 ὲπισκοπικὴν
1006 2461 1281 2531 σφραγῖδα
1327 2462 1599 2529 δέξασθαι,
1631 2452 1777 2517 ἀλλά
1803 2450 1897 2533 μόί

332 2567 439 2621 νην
476 2551 796 2623 ὲπικουρίδα
839 2554 1160 2625 μοναχικήν.
1197 2555 1264 2607 Ol
1297 2556 1404 2625 γὰρ
1435 2556 1705 2626 σφραγῖδα
1750 2557 1909 2621 δεξά-

338 2661 495 2713 μενοι
564 2647 930 2718 ὲπισκοπικὴν
1003 2650 1227 2718 μοναχοὶ
1308 2651 1586 2717 κληρικοὶ’
1630 2652 1904 2717 λέγονται.

349 2738 634 2809 ’Δσκητῶν
659 2740 716 2793 δὲ
748 2742 843 2794 καὶ
884 2742 1133 2811 μοναχῶν
1171 2741 1397 2812 οὐδεμία
1431 2745 1683 2817 διαφορά.
1723 2749 1898 2799 Συνα-

333 2829 528 2896 γαγὼν
567 2827 661 2885 οὖν
696 2833 815 2887 εἰπὲ
846 2833 921 2897 ὡς
947 2835 993 2885 οἱ
1035 2834 1134 2904 μὲν
1163 2835 1258 2887 τοῦ
1293 2836 1535 2907 βήματος
1581 2838 1648 2892 δι’
1702 2840 1908 2912 ἐγγρα-

336 2925 454 2993 φῆς
494 2922 718 2993 ὀμνύειν
762 2924 1107 2992 ὀφείλουσινο
1142 2929 1191 2980 οἱ
1234 2929 1291 2981 δὲ
1330 2931 1489 2993 ἐκτὸς
1520 2932 1617 2983 τοῦ
1663 2932 1907 3003 βήματος

335 3017 484 3069 κατά
513 3015 733 3079 λαῖκοὺς
757 3018 1144 3089 ἐπομόσονται,
1178 3023 1283 3073 κᾶν
1316 3024 1544 3091 μοναχοὶ
1586 3019 1710 3079 ὦσι.
1748 3025 1906 3090 Τινὲς

338 3107 527 3182 μέντοι
564 3109 745 3161 λαῖκοὶ
778 3112 916 3179 μετά
945 3111 1052 3164 τῶν
1078 3113 1298 3165 οἰκείων
1326 3114 1610 3183 ὁμοζύγων
1647 3120 1703 3169 ἐν
1737 3118 1903 3186 βαλα-

1286 412 1368 472 IN
1404 409 1569 470 CAN.
1611 405 1880 481 Lxxvu
1918 388 2127 465 CONC.
2165 405 2241 464 1N
2269 403 2594 465 TaULLo.
2684 448 2689 455 ,

3482 404 3587 465 778

2095 534 2114 567 ι
2156 516 2209 570 in
2251 532 2309 570 re
2339 518 2715 587 deprehensus
2748 515 2914 571 fuerit
2945 553 2963 580 ,
2988 515 3034 571 si
3060 515 3133 572 sit
3158 516 3375 585 quidem
3422 520 3586 572 cleri-

2096 630 2112 659 ι
2150 623 2268 671 eus,
2295 610 2602 678 deponatur
2630 626 2642 662 :
2675 609 2759 663 sin
2792 624 2924 663 vero
2966 608 3162 671 laicus,
3188 620 3524 678 scgrcgetur.
3561 632 3579 662 ι

2090 700 2286 755 BALS.
2323 700 2391 754 Ut
2418 708 2501 754 est
2557 701 2888 763 verisimile,
2935 711 3059 755 ante
3128 704 3268 756 hanc
3312 703 3582 773 synodum

2020 796 2340 851 lavabantur
2369 795 2682 850 sacerdotes
2723 796 2942 864 quidam
2985 803 3038 848 et
3097 796 3347 849 monachi
3377 808 3431 850 ct
3464 798 3584 849 laici

2018 904 2140 942 cum
2178 888 2500 943 mulieribus
2527 926 2543 951 ,
2576 889 2937 956 apostolicum
2964 889 3209 942 divinum
3254 900 3580 957 praeceptum

2018 995 2127 1034 non
2164 990 2443 1046 curantes,
2472 982 2618 1050 quod
2655 980 2823 1034 dicit:
2859 979 2989 1033 Siue
3025 979 3352 1035 oﬂ'endicoto
3382 982 3504 1033 sitis
3533 992 3585 1033 et

2015 1074 2217 1129 Judaeis
2247 1084 2301 1127 et
2326 1073 2526 1130 Graecis
2555 1085 2609 1128 et
2655 1074 2916 1129 Ecclesiae
2956 1074 3065 1127 .Dei
3120 1074 3186 1127 ⁸⁸.
3238 1073 3585 1144 Corrigentes

1964 1202 1979 1214 .
2016 1168 2120 1220 hoc
2153 1182 2282 1238 ergo
2313 1168 2486 1223 sancti
2522 1168 2732 1231 Patres,
2766 1176 2826 1219 ut
2866 1168 3102 1221 maxime
3146 1166 3466 1238 indecorum
3534 1179 3586 1219 et

2016 1236 2374 1313 offensionem
2407 1258 2838 1327 scandalumque
2879 1257 3110 1312 aﬂ'erens
3134 1298 3148 1321 ,
3193 1266 3247 1312 et
3269 1257 3336 1311 ad
3389 1236 3589 1310 daemo-

2019 1350 2205 1403 niacas
2234 1349 2560 1416 cupiditates
2584 1350 2854 1412 excitans,
2892 1358 2946 1404 et
2973 1365 3069 1403 eos
3114 1350 3208 1418 qui
3272 1351 3373 1403 hoc
3435 1350 3583 1417 turpi

2016 1421 2267 1498 instituto
2298 1454 2529 1496 utuntur
2555 1442 2623 1496 ad
2657 1458 2909 1509 magnam
2936 1443 3449 1497 condemnationem
3496 1442 3587 1493 de-

2015 1533 2239 1597 ducens,
2284 1541 2602 1587 statuerunt
2660 1543 2717 1587 ut
2750 1532 2843 1602 qui
2874 1532 3128 1604 deinceps
3178 1532 3313 1587 adeo
3349 1534 3587 1588 inconsi-

2018 1627 2202 1680 derate
2238 1638 2292 1682 et
2322 1627 2579 1681 indecore
2613 1642 2737 1681 cum
2770 1626 3000 1681 muliere
3035 1626 3308 1680 lavabitur
3339 1666 3353 1689 ,
3407 1627 3452 1680 si
3516 1627 3587 1679 sit

2014 1715 2233 1784 quidem
2272 1715 2507 1770 clericus
2539 1757 2554 1779 ,
2609 1716 2911 1785 deponatur
2949 1732 2964 1781 ;
3001 1716 3046 1772 si
3077 1732 3206 1770 vero
3250 1716 3460 1778 laicus,
3496 1732 3587 1769 se-

2015 1817 2285 1876 gregetur.
2316 1806 2450 1861 Nota
2472 1818 2677 1872 autem,
2702 1809 2849 1877 quod
2869 1822 3043 1863 canon
3072 1807 3202 1863 facit
3221 1808 3585 1863 differentiam

2014 1898 2154 1952 inter
2185 1900 2358 1954 sacris
2388 1899 2632 1955 initiatos
2652 1942 2667 1967 ,
2699 1901 2933 1956 clericos
2958 1941 2973 1966 ,
3030 1902 3199 1956 laicos
3243 1909 3295 1954 et
3343 1910 3585 1965 ascetas.

2012 1991 2198 2046 Sacris
2231 1991 2425 2045 initiati
2460 2002 2620 2056 sunt,
2657 1994 2750 2063 qui
2805 2002 2935 2048 sunt
2988 2008 3053 2048 ex
3104 2010 3265 2049 sacro
3295 1994 3583 2062 tribunali,

2010 2081 2100 2148 qui
2133 2081 2296 2134 etiam
2325 2082 2651 2136 ordinantur
2678 2099 2693 2145 ;
2725 2084 2967 2152 episcopi
2990 2084 3219 2147 scilicet,
3247 2086 3584 2149 sacerdotes,

2007 2174 2223 2228 diaconi
2253 2183 2305 2228 et
2334 2175 2717 2246 hypodiacoui.
2750 2175 2946 2230 Clerici
2983 2216 2997 2238 ,
3043 2191 3233 2231 omnes
3291 2179 3377 2246 qui
3430 2188 3585 2231 extra

2010 2272 2225 2321 sacrum
2256 2267 2494 2322 tribunal
2541 2269 2594 2322 in
2628 2269 2842 2337 templis
2883 2271 3151 2334 serviunt,
3193 2281 3250 2323 ut
3299 2273 3532 2324 lectores
3563 2315 3578 2333 ,

2009 2359 2217 2413 ostiarii
2254 2369 2307 2413 et
2340 2361 2431 2414 alii
2493 2360 2782 2429 ejusmodi.
2845 2364 3055 2416 Ascctre
3098 2376 3276 2418 autem
3333 2360 3585 2419 monachi

2008 2453 2101 2523 qui
2132 2452 2495 2522 episcopalem
2528 2457 2901 2509 characterem
2933 2472 3038 2510 non
3063 2472 3340 2524 accepere,
3369 2461 3459 2512 sed
3486 2475 3581 2512 so-

2008 2544 2114 2597 lam
2182 2554 2463 2601 tonsuram
2522 2549 2920 2603 monaclialem.
2993 2549 3243 2605 Monachi
3302 2553 3443 2606 enim
3493 2554 3585 2622 qui

2008 2636 2379 2706 episcopalem
2439 2647 2721 2694 tonsuram
2771 2657 3027 2710 accepere
3070 2643 3326 2698 dicuntur
3375 2645 3585 2699 clerici.

2009 2731 2327 2783 Ascetarum
2359 2739 2538 2785 autem
2568 2740 2620 2786 et
2661 2738 3056 2789 monachorum
3089 2736 3238 2789 nulia
3293 2748 3377 2791 est
3424 2737 3579 2793 diﬁc-

2013 2825 2210 2880 rentia.
2242 2825 2407 2897 248
2440 2825 2532 2881 Dic
2561 2842 2692 2897 ergo
2716 2828 2773 2883 in
2811 2843 3079 2882 summam
3121 2830 3396 2901 redigeus,
3439 2833 3583 2902 quod

2008 2924 2100 2992 qui
2133 2936 2257 2977 sunt
2310 2925 2527 2993 quidem
2566 2939 2629 2977 ex
2664 2939 2820 2977 sacro
2855 2924 3114 2978 tribunali
3143 2925 3198 2979 in
3237 2926 3465 2995 scriptis
3491 2929 3584 2993 ju-

2011 3032 2131 3071 rare
2176 3017 2375 3069 debent
2414 3035 2426 3070 :
2459 3022 2549 3084 qui
2587 3024 2767 3069 autem
2819 3028 2946 3071 sunt
2993 3030 3146 3071 extra
3195 3020 3472 3085 tribunal,
3531 3030 3583 3077 ul

2012 3110 2134 3162 laici
2163 3110 2452 3178 jurabunt,
2485 3109 2699 3164 etiamsi
2728 3108 2836 3162 sint
2890 3112 3162 3166 monachi.
3205 3113 3435 3179 Quidam
3485 3132 3583 3169 au-

333 3200 508 3264 νείοις
548 3201 850 3272 λουόμενοι,
912 3205 1007 3257 καὶ
1056 3205 1217 3275 χάριν
1276 3208 1467 3260 τοῦτου
1532 3210 1903 3279 ἐλεγχόμενοι,

2012 3211 2119 3257 tem
2163 3201 2333 3266 laici,
2391 3216 2513 3255 cum
2563 3203 2613 3255 iu
2670 3203 2877 3257 balneis
2936 3220 3044 3258 una
3101 3221 3224 3287 cum
3257 3206 3584 3278 conjugibus

333 3289 557 3357 λέγουσι
588 3291 662 3362 μὴ
696 3292 1001 3349 κωλύεσθαι
1026 3295 1184 3348 τοῦτο
1230 3295 1335 3350 ὑπὸ
1365 3298 1460 3349 τοῦ
1492 3301 1735 3362 κανῦνος.
1765 3302 1908 3374 Σὰρξ

340 3384 454 3453 γὰρ
491 3384 586 3453 μία
614 3384 739 3449 είσὶ,
770 3388 863 3439 καὶ
894 3387 1048 3439 οὐδέν
1105 3405 1157 3439 τι
1194 3387 1434 3457 ἄσεμνον
1490 3391 1637 3445 δοκεῖ
1664 3394 1911 3461 γίνεσθαι

345 3474 511 3543 μέσον
544 3476 743 3543 αὐτῶν,
787 3477 863 3547 μὴ
896 3477 1257 3548 διεστηκότων
1290 3480 1538 3551 ἀλλήλων
1562 3485 1675 3548 τοῖς
1713 3485 1905 3556 σώμα-

343 3583 465 3620 σιν⁶
493 3568 734 3630 ἐκείνους
778 3569 835 3621 δὲ
876 3569 1222 3636 κολάζεσθαι,
1258 3574 1383 3634 τοὺς
1434 3578 1530 3625 σὺν
1580 3578 1647 3645 τῇ
1686 3577 1913 3649 πορνείᾳ

339 3662 437 3714 καὶ
484 3662 809 3733 ἀσχημόνως
871 3665 1184 3731 διάγοντας,
1242 3665 1336 3718 καὶ
1395 3666 1495 3736 τῆς
1553 3668 1771 3734 φύσεως
1832 3673 1908 3742 μὴ

340 3751 758 3822 αίσχυνομὲνους
785 3752 884 3825 τὴν
910 3754 1240 3829 ἀπρέπειαν.
1264 3756 1378 3810 Οὐκ
1421 3758 1626 3827 ἤρεσαν
1655 3760 1710 3812 δὲ
1742 3760 1916 3816 ταῦτα

338 3845 455 3905 τοῖς
509 3843 963 3913 εὐλαϐεστέροις,
1013 3846 1226 3899 είποῦσι
1291 3849 1641 3916 κατάγνωσιν
1690 3850 1915 3921 πρώτην

337 3929 486 3987 εῖναι
534 3936 692 3990 τοῦτο
744 3940 894 4009 παρά
946 3941 1056 4001 τοῖς
1104 3939 1331 4006 ἔθνεσιν,
1363 3941 1438 4005 ὡς
1471 3945 1499 3995 ό
1538 3942 1721 3997 κανών
1758 3960 1912 4014 φησι,

336 4027 641 4081 κάντεῦθεν
685 4031 779 4083 καὶ
826 4028 1117 4095 κολάζεται
1157 4034 1510 4105 ὁπωσδήποτε
1560 4024 1864 4106 ’γινόμενον
1892 4053 1907 4068 ·

340 4119 441 4171 καὶ
487 4120 568 4172 ὅτι
612 4120 711 4173 κᾶν
767 4122 998 4177 δοκῶσιν
1031 4126 1080 4176 οί
1129 4125 1390 4195 όμόζυγοι
1436 4128 1495 4181 ἓν
1543 4130 1705 4200 σῶμα
1742 4126 1909 4197 εἶναι,

336 4208 460 4262 ἀλλ’
507 4213 606 4265 οὐκ
646 4211 857 4281 ἐφεῖται
914 4218 1101 4281 αὐτοῖς
1148 4219 1335 4282 κακῶς
1372 4223 1484 4283 τοῖς
1526 4223 1752 4285 οἰκείοις
1774 4225 1909 4295 χρή-

342 4301 549 4355 σασθαι
605 4304 842 4374 μέλεσιν.
877 4308 1033 4362 Ἐπεὶ
1061 4311 1144 4363 τοί
1191 4328 1278 4378 γε,
1311 4314 1359 4364 εί
1403 4313 1561 4366 τοῦτο
1587 4310 1676 4382 ἦν,
1710 4316 1831 4368 οὐδὲ
1862 4317 1913 4369 οἱ

338 4394 792 4465 ἐπιχειρήσαντες
817 4399 1043 4464 ἑαυτοὺς
1077 4400 1285 4454 ἀνελεῖν
1318 4404 1405 4457 ἵνα
1431 4404 1752 4470 ἐκολάζοντο
1775 4405 1910 4477 (89).

2020 3295 2370 3356 lavantur,-et
2392 3302 2677 3362 propterea
2704 3296 3201 3363 reprehenduntur,
3220 3296 3410 3353 dicunt
3440 3300 3584 3355 istud

2014 3386 2083 3439 ab
2113 3385 2216 3438 hoc
2247 3398 2457 3438 canone
2484 3400 2592 3439 non
2612 3385 2906 3455 prohiberi.
2938 3387 3077 3441 Sunt
3110 3389 3256 3443 enim
3297 3406 3423 3445 caro
3459 3408 3584 3460 una,

2018 3486 2079 3555 et‘
2114 3474 2247 3529 nihil
2279 3483 2437 3544 turpe
2469 3489 2531 3529 ac
2582 3476 2898 3530 indecorum
2928 3476 3068 3531 inter
3099 3493 3195 3533 eos
3249 3479 3363 3534 ﬁeri
3409 3484 3584 3537 videa-

2016 3576 2128 3631 tur,
2164 3584 2286 3623 cum
2315 3584 2346 3623 a
2376 3583 2438 3623 se
2469 3569 2701 3624 invicem
2744 3586 2850 3623 non
2886 3570 2996 3625 sint
3032 3573 3291 3642 disjuncti
3334 3578 3584 3644 corpo.i-

2015 3658 2161 3713 bus:
2202 3660 2323 3714 illos
2361 3667 2542 3713 autem
2578 3661 2799 3730 puniri,
2830 3663 2925 3730 qui
2978 3678 3100 3717 eum
3143 3668 3474 3722 seortatioue
3526 3686 3584 3723 se

2018 3750 2249 3818 turpiter
2282 3758 2335 3804 et
2369 3752 2622 3806 indecore
2651 3765 2870 3821 gerunt,
2910 3741 3233 3826 naturaeque
3302 3760 3584 3828 pudendo-

2015 3859 2137 3897 rum
2175 3844 2325 3898 nullo
2364 3847 2581 3913 penitus
2612 3848 2814 3914 pudore
2847 3845 3177 3903 adiciuntur.
3232 3847 3354 3905 Haec
3399 3864 3582 3909 autent

2017 3934 2453 4004 religiosioribus
2481 3952 2589 3990 non
2623 3936 2880 4004 placuere
2907 3981 2920 4002 ,
2956 3941 3269 3998 dicentibus
3312 3945 3413 3999 hoc
3461 3962 3584 4002 esse

2016 4026 2249 4097 primam
2282 4028 2422 4099 apud
2475 4038 2663 4096 gentes
2724 4032 3235 4090 condemnationem
3269 4078 3283 4100 ,
3348 4047 3405 4090 ut
3450 4039 3584 4092 dicit

2014 4136 2190 4175 canon
2223 4138 2237 4174 :
2272 4132 2327 4175 et
2367 4120 2487 4189 ideo
2507 4123 2559 4176 id
2589 4138 2709 4178 esse
2732 4126 3062 4194 puniendum
3089 4129 3581 4197 quomodocumque

2016 4211 2110 4265 ﬁat
2146 4229 2159 4265 :
2192 4222 2247 4265 et
2292 4213 2430 4281 quod
2478 4214 2693 4267 etiamsi
2761 4216 3045 4270 vidcantur
3088 4218 3350 4288 conjuges
3413 4237 3580 4275 unum

2014 4321 2135 4360 esse
2164 4321 2386 4374 corpus,
2417 4307 2498 4360 eis
2533 4316 2715 4361 tamen
2751 4325 2857 4361 non
2892 4313 3225 4378 permittitur
3254 4314 3370 4367 suis
3398 4330 3580 4368 meru-

2014 4395 2126 4452 bris
2156 4397 2293 4450 male
2327 4399 2424 4451 uti.
2460 4398 2515 4450 Si
2549 4400 2691 4452 enim
2753 4400 2824 4452 ita
2865 4410 3011 4455 esset
3042 4440 3056 4463 ,
3092 4418 3193 4456 nec
3242 4403 3276 4456 ii
3334 4405 3426 4472 qui
3480 4407 3580 4460 sibi

1946 4544 1954 4554 ,
2020 4495 2250 4541 mortem
2279 4488 2625 4543 consciscere
2654 4490 2831 4551 conati
2862 4500 3014 4556 sunt,
3043 4491 3390 4564 punirentur.

412 4574 658 4630 ΖΩΝΔΡ.
698 4578 757 4630 '0
800 4577 943 4642 θεῖος
986 4580 1280 4644 ἀπόστολος
1322 4582 1553 4669 Παῦλος,
1600 4584 1714 4647 Δεῖ,
1751 4584 1907 4655 φησὶ,

2086 4578 2335 4634 ZONAR.
2368 4578 2606 4648 Oportet,
2642 4581 2817 4650 inquit
2846 4583 3060 4637 divinus
3102 4586 3379 4654 apostolus
3429 4585 3571 4639 Pau-

338 4668 499 4719 καλὰ
521 4670 856 4735 προνοεῖθαι
873 4672 1129 4727 ἐνώπιον
1146 4674 1295 4729 Θεοῦ
1311 4674 1406 4728 καὶ
1429 4675 1753 4742 ἀνθρώπιον
1775 4693 1789 4707 ·
1816 4680 1909 4730 καὶ

340 4758 538 4811 πάλιν·
572 4760 975 4830 »Ἀπρόσκοποι
1005 4768 1247 4834 γΙνεσθε
1297 4766 1395 4819 καί
1447 4766 1777 4833 ⁹ίουδιῑίοις,
1809 4770 1907 4821 καὶ

456 4946 499 4979 ¹⁸
523 4945 546 5001 Ι
566 4944 692 5001 Cor.
718 4962 773 5012 ι,
805 4946 894 5003 52.
971 4949 1016 4981 ¹⁹
1040 4934 1242 5004 Μ’(Ζοιν.
1272 4965 1388 5012 vni,
1423 4951 1516 5005 21.

2017 4675 2102 4728 lus
2126 4714 2141 4739 ,
2180 4674 2314 4726 bona
2373 4673 2648 4741 providere
2708 4692 2889 4729 coram
2930 4676 3051 4730 Deo
3081 4686 3129 4731 et
3158 4678 3458 4735 hominibus
3493 4681 3580 4746 ”;

2014 4778 2065 4822 et
2102 4768 2251 4835 alibi,
2285 4765 2412 4822 Sine
2442 4768 2725 4836 oﬁensione
2752 4779 2913 4824 estote
2938 4783 2987 4824 et
3020 4769 3247 4837 Judwis,
3277 4783 3325 4826 et
3352 4772 3577 4840 ercis,

1523 5092 1720 5153 Guill.
1764 5095 2094 5173 Beveregii
2130 5104 2317 5159 notae.

419 5214 529 5283 (88)
561 5217 629 5268 Et
653 5214 723 5268 δὲ
755 5217 965 5278 utatde
995 5217 1377 5285 ἁφοριῖἐσθω.
1411 5216 1466 5272 In
1504 5219 1693 5274 codice
1726 5233 1913 5276 nostro

352 5279 639 5354 liudleiano
692 5297 811 5354 post
862 5292 972 5340 haec
1025 5279 1212 5343 ultima
1245 5290 1470 5344 canonis
1516 5307 1675 5344 verba
1723 5293 1908 5352 babes.

353 5352 764 5431 Enpeimgatﬁbv
795 5359 1035 5431 παρόντα
1056 5359 1253 5431 κανόνα
1270 5360 1601 5431 ἀφορίζοντα
1624 5362 1744 5422 τοὺς
1774 5365 1911 5431 μετά

351 5419 621 5498 γυναικῶν
668 5419 1012 5501 λουομένους,
1062 5428 1152 5480 καὶ
1185 5419 1746 5501 *εὖξαιξδιορθωθῆναι
1774 5419 1911 5495 ’τοὺς

351 5496 510 5568 τοῦτο
566 5496 1060 5568 καταφρονοῦντας,
1115 5499 1206 5550 καὶ
1257 5499 1454 5568 μᾶλλον
1480 5496 1908 5568 ’τοὺςεύγενεῐς

355 5559 701 5639 τῇς-’ἡμερας
745 5559 1054 5639 ἀδιαφόρως
1093 5559 1413 5638 λουομένους
1458 5559 1906 5639 μετάγυνάικῶν

358 5630 550 5708 αὐτῶν.
585 5630 689 5682 Sed
716 5630 1070 5708 etiamm-hate
1097 5640 1150 5692 in
1193 5630 1310 5708 ipso
1336 5630 1488 5694 testia
1510 5630 1840 5705 setibautur,
1887 5660 1918 5697 ε

362 5700 801 5781 marginetamen
828 5702 960 5781 illuc.
986 5700 1271 5781 irrepsisse
1296 5711 1470 5775 primo
1496 5712 1692 5765 intuitu
1718 5700 1861 5781 patet
1894 5730 1907 5765 :

363 5770 498 5892 undi:
540 5770 705 5825 etiam
763 5772 816 5825 in
868 5770 1112 5844 reliquis-
1135 5770 1414 5834 codicibus
1474 5796 1604 5835 mss.
1671 5770 1778 5835 non
1833 5783 1908 5837 le-

366 5853 469 5892 nun
500 5853 585 5892 ur.
1560 5852 1569 5863 '

366 5852 585 5906 guntur.
1560 5852 1569 5863 '

700 5936 967 5996 PATROL.
1011 5937 1126 5998 GR.
1176 5940 1519 6002 CXXXVII.

2085 5224 2375 5297 (vara
2424 5225 2902 5297 ἐκολάζοντο.-Ιη
2949 5226 3230 5281 codicibus
3279 5227 3580 5297 impressis,

2015 5294 2142 5346 item
2178 5293 2489 5347 .Etonieusi
2526 5306 2579 5347 et
2616 5298 3045 5351 Amerbachiano
3076 5314 3207 5349 mss.
3240 5293 3367 5352 haec
3391 5293 3580 5356 ultima

2007 5375 2137 5417 sunt
2169 5367 2330 5432 hujus
2363 5372 2826 5432 interpretationis
2852 5371 3009 5420 verba
3036 5384 3050 5430 ;
3082 5367 3177 5421 sed
3208 5369 3260 5421 in
3287 5367 3579 5426 Bodleiano

2010 5447 2196 5508 nostro
2223 5436 2358 5508 iure
2381 5444 2702 5508 sequuntur
2738 5452 2750 5508 ς
2784 5437 3095 5505 Σημείωσαι
3145 5438 3241 5508 τὴν
3299 5442 3581 5508 παροῦσαν

2005 5504 2302 5577 ἑρμηνείαν
2322 5505 2676 5557 διδάσκουσαν
2694 5504 2965 5567 τίνεςτῶν
2993 5504 3267 5577 κληρικῶν
3293 5507 3360 5560 δι’
3380 5504 3580 5577 ἐγγρα-

2006 5575 2121 5641 φὼν
2142 5574 2419 5647 ὀμνύουσι,
2440 5576 2554 5647 ,καὶ
2588 5576 2732 5639 τίνες
2760 5574 3255 5647 σωματικὸνόρκον
3283 5574 3577 5630 ἀπαιτοῦν-

2021 5660 2144 5695 ταν
2191 5645 2588 5713 ἀμφιϐάλλεται
2637 5648 2764 5714 γάρ.
2817 5645 2964 5701 Hanc
3008 5645 3185 5700 autem
3238 5656 3421 5699 notam
3459 5663 3580 5702 esse

2024 5715 2394 5780 marginaiem,
2417 5725 2470 5768 et
2492 5716 2555 5769 ad
2586 5714 2922 5770 Balsamonis
2948 5717 3442 5785 interpretationem
3470 5733 3577 5771 non

2021 5788 2311 5850 pertinere,
2342 5801 2404 5836 ex
2438 5787 2569 5852 ipsis
2601 5787 2775 5838 verbis
2810 5786 2983 5853 palam
3013 5797 3130 5851 est;
3164 5796 3347 5855 utpote
3371 5788 3573 5855 quibus

2028 5855 2401 5923 interpretatio
2436 5858 2532 5911 iata
2565 5857 2765 5911 diserte
2796 5855 3109 5925 indigitatur
3136 5866 3189 5907 et
3226 5864 3463 5911 notatur.

3133 5942 3207 6002 25
