3992 6484
460 397 567 457 ’Πθ

1722 397 1820 456 TII
1833 398 1998 457 EOD.
2046 397 2435 457 BALSAMON

3568 402 3670 465 780

457 524 508 567 et
542 512 788 566 Ecclesia:
836 511 930 566 Dei
979 516 1044 570 ’°.
1073 512 1224 581 Quod
1284 512 1329 567 si
1377 512 1475 583 viri
1537 526 1655 564 cum
1706 511 2019 563 mulieribus

2128 510 2388 576 Ἕλλησι
2434 509 2527 562 καί
2562 509 2636 577 τῇ
2679 511 3009 578 Ἐκκνῖησίᾳ
3046 506 3160 563 Δτοῦ
3196 512 3363 565 θεοῦ.
3397 514 3471 563 Τὸ
3501 513 3554 566 δὲ
3584 518 3670 568 άν-

458 605 622 659 simul
675 606 922 660 laventur
948 648 963 664 .
1006 622 1252 676 magnam
1303 603 1654 659 offensionem
1703 603 1843 671 apud
1882 618 1977 655 eos
2003 642 2018 667 ,

457 700 546 765 qui
584 699 634 750 id
665 700 967 767 conspicati
1010 698 1240 761 fuerint,
1270 713 1334 752 ea
1391 711 1480 750 res
1518 694 1681 749 facile
1738 694 2019 748 excitabit.

458 788 668 842 Etenim
695 789 740 842 si
773 789 851 841 vel
886 789 1000 857 ipse
1027 788 1269 843 mulieris
1301 791 1353 842 in
1390 788 1599 855 privata
1643 786 1810 839 domo
1842 794 1933 838 aut
1966 787 2019 839 in

458 879 540 931 via
604 879 743 941 forte
780 880 1153 934 occurrentis
1218 889 1476 949 aspectus
1554 878 2020 947 perturbationum

458 972 650 1027 ﬂuctus
680 974 731 1025 in
768 974 965 1027 animis
990 974 1225 1026 virorum
1257 981 1316 1026 ut
1344 971 1638 1041 plurimum
1677 978 2018 1025 commovet:

456 1077 563 1115 una
594 1077 716 1116 cum
758 1064 825 1116 iis
868 1063 1061 1126 lavari,
1087 1062 1179 1126 qui
1218 1062 1331 1115 fieri
1369 1068 1550 1129 potest
1583 1070 1639 1114 nt
1689 1076 1795 1114 non
1829 1062 2019 1115 iisdem

457 1151 711 1205 laticibus
756 1151 1002 1219 ipsorum
1061 1166 1280 1220 quoque.
1334 1161 1568 1205 mentem
1597 1150 1915 1219 demergat,
1968 1159 2023 1203 et

457 1244 775 1313 cupiditatis
805 1244 1010 1310 aliquid
1073 1245 1274 1298 excitet
1296 1244 1319 1291 ‘?
1348 1243 1501 1309 Quod
1552 1244 1596 1297 si
1634 1243 1796 1296 etiam
1831 1242 2020 1296 demus

457 1338 694 1406 aliquos.
724 1336 972 1405 quamvis
1003 1337 1193 1390 eodem
1238 1336 1430 1389 balneo
1457 1351 1579 1389 cum
1616 1334 1836 1390 feminis
1860 1344 2021 1413 uten-

456 1436 560 1488 tes,
586 1428 638 1480 id
670 1431 788 1481 sine
826 1428 1066 1493 periculo
1100 1426 1277 1481 facere
1322 1445 1335 1480 :
1372 1427 1664 1495 quominus
1710 1436 1889 1479 tamen
1918 1466 1934 1487 ,
1967 1433 2022 1480 et

456 1518 547 1586 qui
582 1517 766 1572 vident
794 1518 1147 1572 offensionem
1188 1534 1253 1573 ex
1280 1532 1341 1573 ea
1388 1534 1445 1571 re
1493 1519 1749 1588 capiant,
1792 1528 1845 1570 et
1893 1518 2023 1571 fide-

457 1610 589 1662 lium
628 1612 681 1661 in
711 1624 777 1663 eo
808 1610 1083 1664 licentiam
1124 1611 1289 1663 tacita
1340 1611 1668 1679 cogitatione
1721 1610 2017 1672 damnent,

2125 599 2256 668 δρας
2315 600 2668 652 συλλούεσθαι
2743 602 2959 669 γυναιξὶ
3024 603 3313 655 σκάνδαλον
3382 605 3522 672 μέγα
3569 610 3689 669 τοῖς,

2124 689 2291 758 ὁρῶσι
2317 689 2473 741 τοῦτο
2495 689 2716 742 δύναται
2745 691 3014 758 ἐμποιεῑν.
3049 692 3107 743 Ei
3138 695 3248 764 7319
3270 694 3360 745 καὶ
3392 695 3425 760 ἡ
3458 697 3511 746 ἐν
3538 698 3673 764 οἰκίᾳ.

2123 781 2154 847 ἢ
2188 782 2243 831 ἐν
2276 779 2379 848 ὀδῷ
2411 782 2633 850 ὲντυχία
2664 783 2769 833 τῶν
2798 782 3074 847 γυναικῶν
3105 784 3278 851 ζάλην
3305 784 3383 852 τῷ
3436 784 3673 855 λογισμῴ

2121 869 2230 921 τῶν
2283 873 2722 939 ἐντυγχανόντων
2773 873 2963 934 αὑταῖς
3012 874 3223 942 ἀνδρῶν
3267 874 3344 935 ὡς
3397 876 3466 927 τὰ
3511 877 3674 929 πολλὰ

2122 962 2375 1030 ἐμποιεῖ·
2422 964 2483 1015 τὸ
2528 964 2753 1025 ταύταις
2800 964 3155 1017 συλλούεσθαι
3203 966 3319 1027 πῶς
3360 967 3458 1018 οὐκ
3498 968 3561 1019 ἂν
3593 969 3676 1020 τὶν

2122 1052 2248 1105 νοῦν
2285 1054 2395 1105 τῶν
2460 1054 2866 1125 συλλουομένων
2919 1059 3109 1118 αὑταῖς
3166 1058 3675 1123 κατεδάπτισε,καὶ

2122 1148 2204 1208 είς
2258 1148 2558 1216 ἐπιθυμίαν
2588 1149 2878 1218 ἠρέθισενς
2913 1151 2972 1201 EI
3005 1151 3061 1202 δὲ
3115 1152 3210 1201 καὶ
3262 1150 3378 1219 δοίη
3427 1164 3508 1212 τις
3560 1153 3677 1204 καθ’

2122 1238 2379 1291 ὑπόθεσιν
2412 1240 2486 1309 μὴ
2516 1239 2849 1308 βλάπτεσθαι
2893 1242 3021 1304 ἴσως
3056 1244 3227 1307 τινὰς,
3253 1242 3359 1295 κᾶν
3394 1241 3679 1295 συλλούων-

2119 1349 2208 1383 ται
2237 1333 2481 1399 γυναιξίν
2501 1348 2515 1363 ο
2548 1332 2684 1386 ἀλλά
2716 1348 2778 1400 γε
2808 1334 2871 1385 τὸ
2897 1334 3024 1397 τοὺς
3059 1334 3303 1402 ὁρῶντας
3328 1332 3493 1385 τοῦτο
3524 1350 3679 1386 σκαν-

2120 1421 2451 1487 δαλίζεσθαι,
2473 1426 2564 1476 καὶ
2598 1425 3031 1492 καταγινώσκειν
3055 1428 3164 1479 τῶν
3198 1427 3358 1479 τοῦτο
3386 1425 3677 1478 ποιούντων

2124 1516 2334 1569 πιστῶν
2384 1518 2463 1577 τίς
2498 1517 2561 1570 άν
2615 1532 2742 1569 ποτε
2785 1517 3041 1588 δυνηθείη
3095 1522 3288 1587 φυγεῖν
3317 1533 3331 1583 ;
3360 1519 3466 1571 Διὰ
3512 1519 3677 1571 ταῦτα

2119 1608 2300 1661 τοίνυν
2326 1611 2660 1677 ἀπαγορεύει
2693 1611 2848 1663 τοῦτο
2878 1614 2905 1662 ό
2931 1611 3109 1665 κανὼν
3149 1615 3281 1666 πᾶσι
3312 1614 3673 1682 Χριστιανοῐςο

384 2096 391 2101 ι
456 2080 671 2120 sacrum
705 2068 942 2121 tribunal
975 2078 1297 2131 versantur,
1326 2078 1420 2121 aut
1463 2068 1644 2122 clerici
1673 2108 1687 2129 ,
1735 2070 1837 2121 hoc
1895 2079 1979 2124 est
2007 2111 2022 2135 ,

458 1703 512 1756 id
535 1718 640 1770 qua
673 1704 881 1757 ratione
918 1704 1204 1771 quisquam
1259 1703 1429 1756 vitare
1485 1703 1700 1772 possit?
1734 1703 1828 1757 llis
1859 1704 2019 1772 igitur

2120 1701 2234 1761 τοῖς
2284 1699 2339 1751 δέ
2388 1700 2545 1752 τοῦτο
2600 1702 2866 1767 ποιοῦσιν,
2898 1705 3190 1772 ἱερατικοῖς
3249 1706 3351 1773 μὲν
3405 1703 3541 1765 οὖσι,
3573 1707 3678 1766 τοῖς

458 1793 527 1847 de
555 1795 771 1857 causis,
814 1793 863 1847 id
897 1810 1070 1847 canon
1119 1794 1445 1848 Christianis
1497 1794 1751 1848 omnibus
1788 1796 2016 1848 vetitum

2120 1793 2251 1862 περὶ
2284 1792 2345 1844 τὸ
2372 1792 2523 1861 βῆμα
2549 1795 2752 1865 δηλαδὴ
2789 1797 2881 1849 καὶ
2931 1796 3212 1866 κληριχοῖς
3251 1800 3364 1859 τοῖς
3414 1797 3585 1859 ἄλλως
3625 1800 3678 1850 ἐν

457 1899 580 1947 esse
610 1885 851 1939 decernit
886 1904 900 1939 :
934 1887 1020 1955 qui
1053 1901 1181 1939 vero
1208 1886 1259 1940 id
1296 1885 1521 1939 fecerint
1548 1924 1563 1947 ,
1591 1885 1633 1939 si
1669 1886 1888 1955 quidem
1935 1901 2019 1938 sa-

2127 1886 2308 1955 κλήρῳ
2338 1889 2710 1956 τεταγμένοις,
2740 1889 3055 1959 καθαίρεσιν
3083 1890 3259 1958 ὁρίζει
3286 1892 3349 1941 τὸ
3379 1890 3671 1967 ἐπιτίμιον·

456 1975 590 2029 crati
629 1974 855 2039 fuerint,
892 1977 993 2030 hoc
1020 1986 1122 2038 est,
1151 1991 1216 2031 ex
1248 1992 1434 2030 eorum
1476 1992 1703 2030 numero
1738 1978 1849 2045 qui,
1880 1978 2019 2031 circa

2123 1980 2389 2047 ἁσκηταῖς
2420 1980 2475 2031 δὲ
2528 1980 2623 2033 καὶ
2667 1981 2873 2043 λαῖκοῖς
2904 1981 3098 2047 ἐπάγει
3149 1983 3479 2050 ἀφορισμόν.
3515 1974 3676 2041 Οὗτος

2118 2071 2177 2123 δὲ
2210 2074 2237 2123 ό
2271 2073 2449 2124 κανὼν
2474 2074 2571 2143 τῆς
2610 2077 2668 2126 ἐν
2698 2073 2989 2143 Λαοδικείᾳ
3042 2072 3513 2143 ’συγκροτηθείσης
3562 2090 3677 2123 συν-

454 2157 601 2213 clero
650 2174 975 2229 quacunque
1026 2162 1237 2215 ratione
1307 2160 1573 2228 ascripti,
1634 2162 1973 2230 depositione
1998 2180 2016 2218 ~:

2120 2164 2234 2215 ὁδου
2269 2166 2587 2233 τριακοστὸς
2645 2167 2813 2231 ἐστιν,
2841 2166 2967 2219 ἄνευ
3013 2165 3121 2218 τῶν
3177 2165 3469 2235 ἐπιτιμίων
3508 2166 3677 2217 ἐκεῖσε

459 2258 669 2307 ascetas
702 2267 827 2305 vero
856 2261 910 2306 et
949 2246 1117 2307 lai'cos
1154 2253 1530 2322 segregatione
1598 2254 1778 2322 pttniri
1837 2254 2011 2325 jubet.
2119 2255 2483 2324 ὲκφωνηθείς.

458 2341 553 2397 Est
584 2358 747 2412 porro
771 2344 859 2397 hic
884 2359 1058 2397 canon
1088 2343 1228 2399 idem
1286 2359 1411 2399 cum
1463 2343 1779 2400 Laodicenas
1824 2345 2013 2416 synodi
2054 2347 2378 2417 trigesimo,
2470 2350 2720 2419 quamvis
2778 2349 2887 2405 illic
2975 2351 3183 2420 absque
3234 2349 3341 2405 ulla
3401 2356 3676 2420 penatum

460 2434 733 2488 mentione
765 2434 967 2488 editus.

528 2522 757 2579 ABIS’I‘.
802 2542 821 2576 ι
852 2522 1197 2581 Christianus
1229 2541 1354 2581 cum
1387 2526 1705 2586 mulieribus
1735 2544 1841 2585 non
1870 2530 2017 2585 lava-

465 2634 485 2667 σ
522 2624 612 2670 tur
645 2633 659 2670 :
691 2616 924 2671 clericus
949 2619 1089 2670 enim
1126 2619 1451 2688 deponitur;
1495 2622 1673 2686 laicus,
1714 2635 1891 2679 autem
1926 2640 2015 2681 se-

458 2726 485 2759 νι
522 2717 794 2779 gregatur.
835 2728 855 2760 ι
897 2708 1242 2779 Perspicuus.

972 2800 1198 2856 CANON
1226 2802 1505 2863 LXXVIII.

464 2910 487 2945 ι
517 2892 670 2960 Quod
696 2902 1020 2965 oporteteos
1042 2896 1131 2963 qui
1170 2897 1545 2952 illuminantur
1594 2898 1751 2955 fidem
1782 2899 2017 2969 discere,

538 3006 557 3037 ι
594 2996 647 3039 et
680 2988 865 3055 quinta
889 2987 1207 3055 septimanae
1238 2989 1371 3043 feria
1394 2989 1649 3061 episcopo
1683 2992 1763 3047 vel
1800 2994 2017 3065 presby-

540 3097 557 3127 ι
602 3078 733 3131 teris
766 3081 1102 3133 renuntiare.
1140 3101 1157 3133 ι

536 3167 723 3225 BALS.
756 3163 1039 3235 Quomodo
1070 3173 1161 3242 qui
1196 3188 1384 3229 recens
1424 3184 1549 3231 sunt
1592 3176 1883 3233 illuminati
1928 3180 2022 3234 de-

466 3260 593 3314 bent
627 3260 783 3316 fidem
821 3262 1178 3319 orthodoxam
1205 3266 1423 3333 doceri,
1462 3283 1491 3321 a
1523 3269 1753 3324 diversis
1796 3272 2021 3325 canoni-

463 3352 564 3405 hus
591 3352 906 3407 didicimus.
937 3351 1182 3408 Praesens
1232 3364 1412 3412 autem
1445 3372 1622 3412 canon
1681 3356 1759 3412 iis
1793 3360 2019 3429 adjicit,

460 3443 621 3498 nobis
652 3444 896 3499 suilicere
938 3462 1044 3500 non
1078 3448 1277 3503 debere
1325 3452 1653 3509 assertiones
1691 3466 1881 3508 eorum
1925 3456 2017 3525 qui

462 3536 863 3600 illuminantur,
898 3537 1301 3605 aflirmantium,
1325 3558 1383 3596 se
1415 3552 1616 3597 rectam
1662 3545 1819 3599 ﬁdem
1848 3548 2021 3602 fuisse

462 3627 683 3681 edoctos
717 3640 732 3681 :
765 3627 859 3682 sed
882 3644 974 3683 eos
1005 3630 1225 3698 quidem
1275 3642 1530 3703 oportere
1580 3651 1735 3690 sacra
1799 3640 2019 3692 oracula

462 3720 671 3774 discere
730 3720 857 3775 totis
898 3721 1091 3790 primis
1136 3732 1371 3792 quatuor
1417 3727 1613 3782 diebus
1656 3729 2023 3798 septimanae;

465 3811 656 3879 quinto
684 3822 860 3866 autent
899 3813 986 3867 die
1015 3830 1080 3868 ea
1110 3817 1367 3887 episcopo
1392 3860 1406 3884 ,
1439 3821 1520 3874 vel
1568 3822 1633 3875 iis
1665 3824 1864 3892 quibus
1919 3825 2023 3881 hoc

464 3905 531 3953 ab
556 3902 646 3953 illo
677 3904 1043 3979 permittetur,
1075 3908 1286 3963 scilicet
1319 3912 1652 3977 catechistis,
1684 3917 2017 3973 renuntiare.

464 3994 555 4048 Sic
582 3994 724 4048 enim
758 3995 1018 4053 facientes
1058 4001 1297 4068 perfecte
1347 4003 1823 4074 demonstrabant,
1869 4012 2016 4080 quod

467 4094 571 4137 tota
606 4089 785 4141 anima
820 4089 884 4143 ad
909 4089 1063 4145 fidem
1093 4094 1450 4151 orthodoxam
1480 4110 1825 4179 accesserunt
1844 4141 1858 4165 ,
1887 4114 1940 4157 et
1964 4104 2021 4158 in

420 4222 423 4225 γ
465 4175 669 4233 divinis
704 4180 820 4248 ejus
848 4183 1122 4252 mysteriis
1162 4185 1401 4249 initiati,
1428 4175 1669 4260 satisque
1712 4193 2019 4248 confirmati

466 4279 621 4328 sunt.
644 4269 756 4326 Iloc
787 4282 964 4329 autem
989 4290 1098 4329 non
1124 4280 1290 4333 semel
1324 4280 1544 4345 facient,
1577 4283 1672 4337 sed
1707 4298 1801 4351 per
1848 4296 2015 4341 totam

466 4364 575 4419 fere
612 4380 767 4420 suam
793 4367 980 4421 vitam.
1029 4369 1273 4427 Prtesens
1322 4382 1501 4429 autem
1568 4391 1746 4430 canon
1797 4380 2019 4435 omnino

466 4456 605 4509 idem
637 4466 720 4511 est
750 4472 873 4511 cum
906 4473 1112 4513 canone
1152 4458 1223 4513 45
1262 4460 1454 4515 svuodi
1487 4461 1828 4519 Laodicenis.

535 4628 783 4683 ZONAR.
816 4630 909 4686 Est
936 4632 1024 4709 hic
1053 4648 1227 4687 canon
1255 4630 1396 4688 idem
1427 4650 1552 4689 cum
1584 4634 1905 4692 Laodicenm
1936 4652 2025 4708 sy-

467 4721 594 4775 nodi
635 4720 1057 4792 quadragesimo
1089 4726 1247 4779 tertio
1280 4766 1294 4790 ,
1333 4726 1521 4781 Iisdem
1565 4742 1799 4797 namque
1844 4728 2024 4784 verbis

468 4822 607 4865 mter
635 4813 772 4867 alios
805 4813 927 4882 ejus
960 4817 1152 4885 synodi
1186 4832 1424 4872 canones
1452 4830 1793 4872 recensctur.
1854 4820 2021 4875 Porro

465 4917 558 4955 eos
585 4902 676 4970 qui
717 4904 1121 4969 illuminantur,
1162 4906 1265 4960 hoc
1303 4915 1389 4959 est
1415 4943 1431 4970 ,
1465 4908 1530 4961 ad
1565 4907 2017 4962 illuminationem

466 5007 525 5047 se
561 5002 900 5060 comparant,
927 5004 978 5047 et
1000 4994 1137 5048 inter
1170 4995 1602 5050 catechumenos
1648 5011 2020 5062 numerantur,

468 5086 723 5152 mysteria
762 5083 880 5137 fidei
914 5084 1181 5149 ediscere,
1211 5097 1263 5141 et
1299 5089 1490 5156 quinto
1525 5103 1739 5158 quoque
1792 5090 2023 5159 cujusli-

468 5177 555 5226 bet
579 5174 927 5229 hebdomadas
967 5176 1077 5241 die,
1106 5193 1225 5247 qua)
1256 5187 1367 5233 tota
1395 5179 1733 5235 hebdotuada
1762 5180 2019 5246 didicere,

466 5267 717 5321 audii-nte
739 5270 998 5337 episcopo
1032 5280 1123 5323 aut
1156 5273 1561 5337 sacerdotibus,
1595 5274 1758 5346 249
1790 5278 2021 5331 recitare

467 5360 635 5414 ἱιιιιυι.
666 5358 884 5413 Id-vero
918 5364 987 5415 ita
1015 5364 1151 5427 fieri,
1186 5380 1253 5418 ne
1278 5367 1654 5437 mysteriorum
1701 5380 1900 5423 nostrm
1935 5386 2018 5424 re-

468 5454 683 5523 llgiﬂllls
708 5455 929 5523 ignarus
961 5456 1159 5525 aliquis
1192 5457 1499 5528 baptizctur
1522 5503 1536 5525 ,
1562 5475 1623 5514 ac
1652 5463 1877 5530 proinde
1926 5479 2016 5531 pa~

468 5562 587 5598 rum
617 5545 828 5599 stabilis
860 5547 1232 5605 hmreticorum
1269 5554 1477 5606 artibus
1538 5570 1595 5609 se
1646 5569 1674 5607 a
1710 5566 1857 5610 recto
1912 5565 2018 5608 tra-

465 5636 595 5689 mite
621 5637 825 5689 auferri
860 5639 1121 5696 abducive
1151 5644 1409 5711 patiatur.

527 5804 572 5835 ’°
605 5806 618 5857 I
651 5806 778 5861 Cor.
809 5822 861 5870 ι,
894 5804 985 5859 3'2.

2120 2528 2360 2583 'APIST.
2404 2545 2422 2579 ι
2460 2529 2782 2595 Χριστιανός
2809 2528 3054 2596 γυναιξὶν
3086 2531 3145 2582 οὗ
3175 2529 3513 2584 eunetis-cat.
3544 2530 3684 2599 Κλη-

2200 2642 2219 2674 ι
2268 2620 2417 2693 ρικδς
2447 2622 2547 2692 μὲν
2576 2622 2681 2691 γάρ
2714 2620 3057 2693 καθαιρεῖ-σαι
3078 2637 3093 2653 ⁶
3122 2621 3308 2686 λαῑκὸς
3338 2623 3405 2675 δὲ
3438 2620 3679 2691 ἀφορίζει

2200 2735 2222 2767 ι
2265 2732 2377 2769 ται.
2416 2733 2435 2766 ι
2474 2715 2678 2784 Σαφής.

2699 2805 2935 2857 ΚΔΝΩΝ
2967 2805 3092 2859 οΗ’.

2128 2916 2147 2950 ι
2193 2898 2318 2951 Ὅτι
2350 2898 2432 2950 δεῖ
2460 2898 2585 2961 τοὺς
2619 2896 3025 2967 φωτιζομένους
3064 2900 3163 2969 τὴν
3196 2898 3381 2951 πίστιν
3413 2897 3681 2968 ἐκμανθά-

2198 3010 2216 3042 ι
2259 3007 2393 3049 νειν,
2411 2991 2505 3043 καὶ
2526 2993 2591 3055 τῇ
2620 2992 2845 3062 πέμπτῃ
2869 2990 2966 3060 τῆς
2996 2992 3288 3059 ἑϐδομάδος
3312 2992 3680 3061 ἀπαγγέλλειν

2199 3102 2217 3134 ι
2260 3083 2340 3153 τῷ
2370 3083 2655 3153 ἐπισκόπῳ
2684 3083 2715 3154 ἢ
2743 3085 2856 3145 τοῖς
2888 3084 3310 3161 πρεσϐυτέροις.
3355 3104 3375 3137 ι

2205 3175 2397 3229 ΒΑΛΣ.
2429 3177 2493 3227 Ol
2528 3176 2872 3243 νεοφώτιστοι
2930 3178 3075 3240 ὅπως
3122 3179 3404 3246 ὀφείλουσι
3433 3183 3678 3237 διδάσκε-

2127 3269 2253 3322 σθαι
2288 3268 2385 3338 τὴν
2424 3267 2702 3339 ὀρθόδοξον
2752 3268 2955 3331 πίστιν,
2982 3270 3097 3322 ’ἀπὸ
3139 3271 3415 3341 διαφόρων
3445 3278 3681 3328 κανόνων

2125 3362 2418 3432 ἐμάθομεν.
2463 3360 2521 3413 '0
2570 3360 2627 3413 δὲ
2674 3363 2865 3431 παρὼν
2904 3362 3083 3415 κανὼν
3122 3366 3452 3435 προστίθησι
3481 3370 3554 3439 μὴ
3588 3371 3679 3439 άρ·

2100 3453 2241 3509 ’κεῖν
2291 3456 2435 3523 ἡμᾶς
2469 3456 2585 3516 ταῖς
2620 3453 2945 3507 καταθέσεσι
2981 3456 3087 3508 τῶν
3120 3459 3536 3528 φωτιζομένων,
3569 3463 3679 3514 δια-

2125 3548 2527 3605 ϐεϐαιουμένων
2601 3544 3021 3616 ἁναδιδανθῆναι
3099 3548 3166 3602 τὰ
3240 3552 3338 3621 τῆς
3402 3552 3684 3622 όροοδὸξου

2126 3641 2393 3702 πίστεως·
2430 3640 2565 3693 ἀλλὰ
2600 3644 2891 3712 μανθάνειν
2920 3641 3025 3712 μὲν
3061 3643 3258 3705 αὐτοὺς
3281 3645 3349 3698 τά
3384 3646 3507 3715 ίερὲ
3534 3646 3679 3713 λόγια

2123 3735 2191 3787 δι’
2221 3734 2358 3787 ὅλων
2394 3735 2504 3786 τῶν
2546 3735 2778 3805 πρώτων
2812 3738 3092 3807 τεσσάρων
3129 3739 3353 3808 ἡμερῶν
3404 3744 3506 3813 τῆς
3537 3740 3680 3795 ἐϐδο-

2122 3828 2314 3896 μάδος.
2344 3829 2483 3881 κατὰ
2512 3828 2567 3880 δὲ
2602 3828 2702 3899 τὴν
2731 3830 2988 3898 πέμπτην
3016 3831 3390 3899 ἀπαγγέλλειν
3436 3834 3575 3887 αὐτὰ
3606 3836 3678 3904 τῴ

2125 3917 2410 3990 ἐπισκόπῳ
2458 3920 2489 3974 ἢ
2536 3922 2649 3983 τοῖς
2694 3922 3231 3991 ἐπιτραπησομένοις
3278 3925 3433 3994 παρὰ
3467 3927 3678 3991 τούτου,

2125 4010 2292 4080 ἡγουν
2331 4015 2442 4072 τοῖς
2488 4016 2844 4082 κατηχηταῖς.
2891 4011 3047 4065 Οὕτω
3091 4014 3201 4082 γάρ
3252 4015 3534 4080 ποιοῦντες
3584 4016 3675 4070 δώο

2127 4117 2310 4154 σουσιν
2341 4102 2526 4172 ἐντελῆ
2574 4088 2976 4173 πληρδφορίαν,
3004 4105 3080 4166 ὼς
3108 4104 3389 4176 ὁλοψύχως
3428 4112 3493 4179 τῇ
3523 4109 3676 4179 ὀρθο-

2126 4192 2260 4262 δόξῳ
2298 4193 2473 4247 πίστει
2497 4196 2822 4266 προσῆλθον,
2845 4198 2939 4248 καὶ
2972 4198 3038 4248 τὰ
3070 4198 3185 4249 θεῖα
3216 4200 3421 4269 ταύτης
3445 4200 3680 4272 ἐμυήθη-

2127 4303 2225 4339 σαν
2278 4289 2574 4359 μυστήρια,
2636 4291 2729 4342 καὶ
2786 4290 2981 4355 ἱκανῶς
3029 4291 3455 4362 ἐστηρίχθησαν.
3512 4294 3675 4348 τοῦτο

2124 4374 2329 4449 δὲςούχ
2383 4375 2531 4442 ἅπαξ
2586 4380 2944 4449 ποιήσουσιν,
3000 4380 3135 4435 ἀλλὰ
3196 4384 3383 4452 σχεδὸν
3436 4384 3505 4437 δι’
3552 4385 3674 4455 ὅλης

2053 4467 2225 4547 ητῆς
2287 4466 2431 4536 ζωῆς
2489 4470 2687 4526 αὐτῶν.
2748 4471 2809 4526 '0
2865 4474 3049 4542 μέντοι
3106 4474 3294 4545 παρὼν
3358 4478 3535 4531 κανὼν
3590 4482 3676 4547 μγ⁹

2125 4558 2273 4612 ἐστὶν
2302 4561 2721 4630 ἀπαράλλακτος
2751 4564 2851 4633 τῆς
2880 4567 2938 4618 ἐν
2964 4566 3255 4639 Λαοδικείᾳ
3283 4569 3527 4623 συνόδου.
3598 4594 3605 4603 ·

2200 4649 2439 4705 ΖΩΝΔΡ.
2470 4645 2639 4716 uino;
2666 4656 2693 4707 ό
2722 4654 2902 4708 κανὼν
2931 4655 3031 4725 τῆς
3054 4660 3111 4710 ἐν
3136 4648 3428 4732 Λαοδικείᾳ
3458 4648 3675 4715 συνόδου

2122 4740 2240 4792 ἐστὶ
2268 4746 2696 4813 τεσσαρακοστδς
2720 4748 2899 4816 τρίτος
2924 4764 2937 4779 ·
2965 4749 3149 4813 αὐτοῖς
3183 4751 3289 4821 γὰρ
3318 4755 3528 4824 ῥήμασι
3562 4752 3669 4815 τοῖς

2123 4832 2305 4898 ἄλλοις
2332 4837 2521 4887 κανόσι
2550 4837 2651 4905 τῆς
2682 4838 2901 4890 συνόδου
2943 4841 3160 4910 ἐκείνης
3204 4845 3668 4914 ἐγκατέστρωται.

2125 4924 2351 4977 Κελεύει
2379 4924 2434 4978 δὲ
2466 4928 2591 4989 τοὺς
2636 4928 3057 4998 φωτιζομὲνους,
3090 4934 3255 5004 ῆγουν
3285 4940 3409 4999 τοὺς
3453 4939 3587 5009 πρὸς
3613 4940 3669 4991 τὸ

2123 5014 2376 5083 φώτισμα
2442 5017 2898 5087 ἑτοιμαζομένους
2956 5025 3049 5075 καὶ
3104 5030 3549 5098 κατηχουμένους
3610 5029 3667 5081 τὸ

2123 5109 2417 5176 μυστήριον
2442 5107 2539 5175 τῆς
2566 5111 2798 5174 πίστεως
2833 5116 3198 5185 ἐκμανθάνειν
3229 5120 3320 5173 καὶ
3340 5124 3403 5190 τῇ
3445 5122 3668 5192 πέμπτῃ

2120 5197 2301 5267 ἡμέρᾳ
2330 5198 2567 5269 ἑκάστης
2599 5201 2889 5271 ἓὸδομάδος
2947 5208 3339 5275 ἀπαγγέλλειν,
3373 5213 3408 5265 ἅ
3446 5212 3534 5265 διὰ
3572 5213 3666 5280 τῆς

2118 5288 2410 5358 ἐὸδομάδος
2452 5291 2675 5360 ἔμαθον,
2704 5293 2782 5362 τῷ
2831 5296 3113 5367 ἐπισκόπῳ
3146 5301 3179 5371 ἦ
3222 5305 3333 5366 τοῖς
3368 5298 3662 5370 πρεσϐυτέ-

2127 5397 2258 5451 ροις.
2298 5382 2467 5435 Τοῦτο
2494 5383 2548 5436 δὲ
2582 5384 2848 5452 γίνεσθαι,
2887 5388 2974 5440 ἵνα
3024 5392 3096 5460 μὴ
3128 5393 3369 5463 ἀμύητος
3412 5391 3500 5441 τοὺ
3548 5389 3664 5441 καθ’

2126 5476 2268 5540 ἡμᾶς
2301 5476 2597 5545 μυστηρίου
2633 5474 2708 5528 ὧν
2750 5494 2832 5539 τις
2873 5478 3168 5552 βαπτισθῇ,
3201 5488 3295 5537 καὶ
3340 5481 3665 5550 ἀστήρικτος

2126 5563 2201 5616 ὣν
2233 5566 2335 5619 ὑπὸ
2362 5567 2651 5636 αἱρετικῶν
2683 5570 2929 5642 ὑποσυρῇ
2969 5573 3064 5627 καὶ
3095 5571 3401 5642 ὑποκλαπῇ.
