3992 6484
469 399 577 467 783

1720 395 1819 455 ΤΗ
1829 391 1995 454 ΕΟΙ).
2037 384 2440 455 BALSAMON

3578 380 3675 463 τιι

477 516 716 590 Virginis
760 522 973 584 partum
1013 510 1219 579 absque
1275 505 1385 561 ullo
1432 506 1721 575 puerperio
1775 501 2013 559 luissedi

2144 501 2436 572 Παρθένου.
2476 502 2673 572 Λοχεία
2720 502 2766 555 δ’
2810 502 2958 555 ἐστὶν
2986 504 3019 572 ἠ
3050 502 3171 573 μετ’
3207 501 3409 558 ὠδίνων
3442 506 3531 559 τοῦ
3563 509 3677 577 βρέ-

472 629 624 671 cens.
653 610 748 664 Est
780 622 908 661 vero
958 604 1304 674 puerperium
1354 599 1577 656 emissio
1641 597 1801 651 fretus
1825 635 1840 660 ,
1877 608 2036 665 quam

473 706 674 763 doloris
704 717 901 760 sensus
924 714 989 753 ac
1006 696 1329 769 proﬂuvium
1357 690 1640 760 sanguinis
1662 688 1995 742 comitantur
2021 700 2034 736 :

471 800 671 871 quibus
698 795 918 865 quidem
954 793 1113 846 malis
1158 790 1467 842 nullatenus
1522 783 1816 837 obnoxiam
1865 778 2038 832 luisse

471 893 755 961 Deiparam
794 885 1095 941 credimus.
1129 880 1326 934 Partus
1358 876 1561 931 etenim
1600 872 1879 927 naturales
1928 871 2034 923 ista

468 988 887 1052 consequuntur
916 996 930 1041 ;
964 977 1084 1045 ejus
1122 988 1249 1027 vero
1278 969 1569 1037 conceptio
1598 965 1698 1019 fuit
1730 977 1895 1031 supra
1935 974 2031 1013 na-

468 1091 669 1138 turam,
702 1089 824 1127 nam
861 1087 889 1125 a
925 1069 1127 1139 Spiritu
1165 1074 1358 1121 sancto
1384 1060 1572 1116 eﬁ‘ecta
1602 1068 1679 1112 est
1710 1074 1722 1118 ;
1760 1052 2031 1123 ejusdem-

378 1151 383 1156 ’
467 1186 572 1239 que
612 1179 800 1237 partus
835 1175 1174 1231 nequaquam
1206 1158 1295 1218 iis,
1335 1169 1455 1224 qua:
1486 1161 1697 1221 partum
1727 1143 2026 1200 naturalem

466 1236 687 1333 proprie
718 1262 1152 1322 consequuntur,
1211 1248 1479 1303 obnoxius
1517 1243 1639 1297 fuit.
1685 1239 1816 1307 Quae
1868 1236 2031 1306 igitur

465 1354 811 1424 puerperium
850 1363 954 1401 non
990 1344 1230 1414 agnovit,
1274 1339 1403 1412 quid
1431 1352 1531 1391 nos
1555 1335 1602 1389 ei
1639 1348 1757 1404 quae
1801 1342 2032 1401 puerpe-

463 1459 650 1501 rarum
683 1448 812 1496 sunt
841 1434 1254 1494 exhibebimus?
1283 1432 1374 1487 Est
1406 1430 1456 1483 id
1490 1429 1705 1500 quidem
1737 1438 2030 1480 sacrosan-

465 1546 566 1591 cta:
600 1532 807 1601 Virgini
840 1527 1295 1584 contumeliosum
1329 1522 1491 1591 250
1521 1522 1700 1589 potius
1743 1531 1902 1586 quam
1931 1513 2029 1567 ho-

464 1628 774 1689 noriﬁcum,
811 1638 1000 1676 eorum
1049 1617 1255 1686 aliquid
1322 1616 1373 1667 in
1422 1615 1542 1682 ejus
1589 1609 1788 1663 eximio
1826 1615 1983 1675 partu
2011 1642 2027 1667 ,

2141 610 2276 661 φους
2299 592 2573 659 ἀπότεξις,
2606 596 2697 645 καὶ
2728 595 2761 663 ἡ
2790 595 2897 647 τῶν
2929 597 3173 663 αἱμάτων
3200 596 3486 660 ἀκόλουθος
3517 600 3672 668 ῥῦσεςο

2137 674 2211 733 ὧν
2253 682 2328 753 μὴ
2356 682 2683 753 πειραθῆναι
2722 682 2820 752 τὴν
2850 686 3112 736 Θεοτόκον
3133 685 3481 755 πιστεύομεν.
3507 689 3677 746 Ταῦτα

2137 773 2247 844 γὰρ
2303 775 2422 835 ταῖς
2476 773 2720 841 φυσικῶς
2756 773 3153 837 συλλαϐούσαις
3201 782 3573 845 παρομαρτεῖ·
3620 786 3680 852 τῇ

2135 865 2194 919 δὲ
2249 865 2387 935 ὑπὲρ
2442 865 2605 933 φύσιν
2665 867 2700 935 ἡ
2758 866 3054 936 σύλληψις·
3105 869 3169 921 ἐκ
3227 870 3333 939 γὰρ
3384 872 3681 940 Πνεύματος

2138 957 2296 1021 ἁγίου
2328 957 2567 1025 ἐγένετο,
2600 962 2699 1010 καὶ
2732 961 2760 1011 ὁ
2787 959 2941 1021 τόκος
2985 962 3094 1013 τῶν
3122 962 3367 1028 φυσικῶν
3395 963 3682 1031 ἰδιωμάτων

2137 1048 2460 1119 ὑπέρτερος.
2485 1048 2562 1119 Τῇ
2600 1049 2728 1116 γοῦν
2768 1050 2842 1122 μὴ
2874 1052 3083 1125 γνούσῃ
3126 1052 3343 1122 λοχείαν
3388 1054 3503 1118 πῶς
3535 1057 3682 1125 ἡμεῖς

2133 1140 2203 1193 τά
2253 1139 2363 1193 τῶν
2411 1139 2783 1209 λοχευομένων
2846 1143 3297 1213 διαπραξόμεθας
3333 1145 3523 1213 Ὕϐρις
3584 1150 3682 1216 γὰρ

2132 1230 2229 1283 καὶ
2256 1230 2317 1282 οὐ
2358 1230 2491 1301 τιμὴ
2518 1230 2619 1299 τῆς
2650 1232 2961 1304 ὑπεραγίας
2990 1235 3271 1304 Παρθένου
3316 1236 3431 1287 ἐστὶ
3471 1238 3528 1287 τὸ
3554 1238 3685 1301 γίνε-

2135 1323 2259 1376 σθαί
2294 1341 2346 1375 τι
2379 1325 2474 1377 ἐπὶ
2502 1324 2583 1393 τῷ
2624 1324 2992 1395 ἀνεκφράστῳ
3020 1328 3163 1397 τόκῳ
3207 1330 3398 1397 αὐτῆς,
3449 1326 3553 1381 οἷον
3600 1330 3685 1389 ἐπὶ

2131 1414 2243 1468 τῶν
2282 1415 2459 1468 ἄλλων
2497 1415 2709 1483 γίνεται
2752 1418 3028 1484 γυναικῶν
3079 1420 3404 1473 τικτουσῶν.
3456 1421 3589 1482 Τοὺς
3629 1420 3682 1473 δι

2129 1508 2377 1562 τοιοῦτόν
2406 1526 2457 1561 τι
2494 1509 2852 1580 πράττοντας,
2900 1508 3195 1580 κληρικοὺς
3247 1512 3344 1582 μὲν
3370 1511 3544 1576 ὄντας,
3566 1512 3686 1565 καθ-

2134 1603 2298 1667 αιρεῖ,
2331 1599 2553 1663 λαῖκοὺς
2582 1600 2659 1665 δὲ,
2686 1602 2954 1671 ἀφορίζει.

463 1723 625 1794 quale
688 1721 739 1773 in
797 1718 1025 1771 aliarum
1088 1706 1376 1767 mulierum
1442 1707 1637 1762 fmtura
1711 1702 2022 1770 contingit,
2059 1697 2333 1766 usurpari.
2391 1695 2495 1762 Qui
2541 1712 2670 1766 ergo
2740 1698 2844 1751 tale
2890 1697 3171 1768 quidpiam
3231 1698 3551 1762 admiserit,
3597 1700 3683 1754 de-

459 1790 731 1886 positione
762 1808 995 1861 clericus
1035 1822 1048 1858 :
1085 1804 1253 1856 laicos
1276 1815 1405 1854 vero
1436 1794 1806 1867 segregatione
1834 1791 2007 1845 teneri
2044 1790 2222 1886 jubet.

532 1902 763 1960 ARIST.
803 1919 820 1950 ι
868 1898 968 1964 Qui
1000 1903 1121 1965 post
1158 1891 1395 1960 Deiparae
1425 1886 1623 1942 festum
1678 1881 1910 1939 similam
1942 1879 2016 1932 vel

2128 1875 2348 1929 ΔΡΙΣΤ.
2403 1893 2421 1926 ‹
2492 1874 2841 1944 Ἀφορίζεται
2893 1877 2920 1929 ό
2984 1877 3125 1947 μετά
3181 1876 3282 1947 τὴν
3349 1877 3542 1947 ἑορτὴν
3593 1881 3683 1950 τῆς

396 2046 397 2049 η
463 2022 485 2056 ι
531 2001 677 2057 aliud
712 1992 1004 2066 quidlibet,
1040 1994 1258 2057 propter
1280 2000 1343 2039 ea
1371 1997 1491 2052 quae
1520 1982 1774 2035 dicuntur
1800 1986 2028 2044 puerpe-

464 2117 483 2150 ι
528 2096 628 2159 ria,
669 2094 956 2161 praeparat,
988 2088 1323 2151 segregatur.
1363 2095 1381 2129 ι

530 2187 645 2238 Hoc
679 2177 911 2248 Virgini,
949 2188 1067 2244 quae
1115 2184 1280 2241 supra
1334 2182 1565 2222 mentem
1610 2174 1664 2220 et
1718 2180 2023 2222 sermonem

456 2267 1021 2344 incomprehensibile
1054 2263 1258 2333 peperit
1293 2274 1458 2315 carne
1494 2256 1727 2313 Verbum
1749 2297 1765 2321 ,
1797 2274 1903 2312 non
1943 2265 2028 2312 est

459 2372 662 2429 honor,
697 2382 760 2417 ex
800 2357 1184 2417 communibus
1209 2366 1262 2409 et
1297 2354 1364 2409 iis
1391 2368 1510 2421 qua:
1543 2352 1596 2404 in
1650 2351 1809 2405 nobis
1853 2359 2023 2415 sunt,

456 2454 1023 2521 inenarrabilemejus
1052 2458 1265 2520 partum
1305 2446 1531 2501 delinire
1582 2453 1636 2501 et
1687 2444 2021 2499 describere.

456 2553 512 2608 Si
542 2550 665 2621 quis
700 2549 881 2615 itaque
911 2550 1033 2613 post
1078 2549 1279 2596 sanctae
1305 2536 1504 2593 Christi
1539 2535 1650 2591 veri
1708 2534 1799 2589 Dei
1846 2532 2019 2587 nostri

454 2642 761 2703 nativitatis
793 2639 933 2691 diem
989 2634 1219 2688 similam
1265 2645 1504 2700 coquere
1547 2627 1971 2697 deprehenditur
2002 2666 2017 2690 ,

454 2751 683 2806 eamque
719 2731 840 2786 aliis
869 2728 1149 2790 exhibere,
1191 2722 1463 2794 puerperii
1498 2720 1709 2774 scilicet
1755 2718 2021 2771 immacu-

452 2834 578 2887 lata:
613 2826 843 2895 Virginis
882 2821 1067 2874 Matris
1096 2816 1320 2871 honoris
1358 2822 1651 2884 praetextu;
1704 2809 1749 2864 si
1802 2809 2017 2879 quidem

452 2923 682 2978 clericus
707 2926 811 2981 est,
848 2916 1150 2983 deponetur
1187 2926 1200 2962 :
1241 2909 1325 2963 sin
1358 2921 1488 2960 vero
1516 2904 1725 2965 laicus,
1767 2914 2033 2970 segrega--

451 3015 621 3069 bitur.
660 3009 909 3062 Divinum
938 3004 1081 3059 enim
1117 3016 1146 3054 e
1175 2998 1400 3068 Virgine
1426 3004 1662 3065 partum,
1700 3000 1757 3045 ut
1784 2992 1904 3046 sine
1930 3005 2019 3045 se-

450 3104 598 3161 mine
632 3100 985 3157 consdtutum
1020 3134 1036 3159 ,
1078 3094 1195 3149 sine
1246 3088 1537 3161 puerperio
1591 3087 1794 3141 editum
1847 3082 2019 3138 conli-

452 3208 653 3255 temur.

973 3278 1199 3336 CANON
1237 3276 1447 3332 Lxxx.
1684 3333 1697 3345 _

454 3401 475 3435 ι
514 3381 568 3436 Si
602 3379 723 3450 quis
757 3373 1154 3446 cpiscopus,vel
1186 3372 1487 3441 presbyter,
1511 3366 1900 3433 veldiac'onus,
1934 3368 2016 3424 vel

528 3494 547 3527 ι
589 3487 774 3527 eorum
809 3468 897 3536 qui
936 3468 987 3518 in
1020 3468 1167 3519 clero
1199 3470 1590 3517 enumerantur
1616 3501 1630 3525 ,
1673 3460 1758 3515 vel
1808 3460 2016 3525 laicus,

528 3586 546 3617 ι
591 3565 791 3619 nti-llam
826 3560 1125 3626 graviorem
1162 3557 1358 3610 habeat
1391 3554 1771 3608 necessitatem
1807 3553 1890 3606 vel
1919 3568 2018 3607 ne-

520 3679 538 3711 c
587 3658 790 3728 getiutn
828 3652 1065 3716 dillicile,
1106 3658 1161 3701 ut
1202 3665 1228 3701 a
1266 3664 1364 3704 sua
1392 3646 1623 3701 ecclesia
1656 3646 1797 3699 absit
1825 3644 2019 3699 diutis-

526 3770 544 3803 ι
588 3752 745 3811 sime,
779 3747 872 3802 sed
911 3746 962 3796 in
993 3743 1208 3796 civitate
1242 3756 1409 3809 agens
1431 3778 1446 3802 ,
1496 3739 1670 3793 tribus
1698 3738 1887 3791 diebus
1914 3735 2016 3789 Do-

523 3863 542 3896 ι
581 3841 793 3896 minicis
830 3843 881 3891 in
920 3838 1096 3891 tribus
1126 3833 1444 3903 septimanis
1494 3846 1602 3886 una
1656 3846 1764 3884 non
1816 3843 2016 3883 conve-

518 3957 539 3991 ι
578 3935 692 3990 niat
715 3976 728 3997 ,
765 3934 807 3988 si
858 3932 928 3985 sit
960 3928 1184 3998 quidem
1216 3927 1456 3979 clericus
1480 3963 1496 3988 ,
1528 3924 1835 3990 deponatur
1873 3938 1888 3975 :
1928 3923 2010 3976 sin

521 4047 539 4080 ι
579 4040 709 4080 vero
746 4024 935 4085 laicus,
973 4016 1359 4074 communione
1391 4023 1690 4068 moveatur.
1727 4031 1747 4063 ι

512 4118 710 4173 BALS.
746 4115 848 4169 Alii
889 4112 1109 4182 quidem
1160 4107 1362 4161 diversi
1403 4120 1653 4167 canones
1697 4104 1802 4158 alio
1852 4100 2012 4157 modo

441 4214 677 4287 puniunt
709 4210 995 4277 episcopos
1026 4213 1080 4259 et
1114 4201 1341 4257 clericos
1373 4238 1389 4265 ,
1447 4198 1540 4267 qui
1606 4198 1923 4266 aliquandiu
1978 4211 2008 4249 a

441 4308 560 4363 suis
586 4302 832 4358 ecclesiis
868 4310 1096 4369 peregre
1150 4293 1371 4348 absunt.
1405 4287 1653 4343 Praesens
1702 4296 1880 4341 autem
1920 4301 2012 4341 ca-

440 4412 549 4451 non
589 4407 697 4447 non
741 4390 915 4445 solum
956 4385 1247 4455 episcopos
1275 4391 1329 4435 et
1377 4378 1605 4433 clericos
1630 4418 1646 4444 ,
1699 4376 1795 4432 sed
1841 4375 2005 4430 etiam

2205 1989 2225 2025 ε
2271 1971 2562 2035 Θεοτόκου,
2593 1971 2876 2041 σεμίδαλιν
2918 1972 2949 2042 ἢ
2988 1973 3115 2026 ἄλλο
3157 1990 3210 2024 τι
3244 1973 3681 2039 κατασκευάζων,

2205 2080 2224 2114 ι
2271 2062 2359 2116 διὰ
2390 2063 2458 2115 τά
2483 2063 2755 2133 λεγόμενα
2794 2063 3096 2133 ἐπιλόχεια.
3142 2083 3160 2116 ι

2210 2156 2323 2209 Οὐκ
2347 2155 2462 2208 ἔστι
2492 2156 2650 2208 τοῦτο
2700 2156 2833 2227 τιμὴ
2862 2160 2927 2227 τῇ
2973 2157 3254 2227 Παρθένῳ,
3286 2160 3353 2228 τῇ
3392 2157 3527 2227 ὑπὲρ
3563 2156 3677 2210 νοῦν

2124 2251 2222 2305 καὶ
2254 2248 2412 2318 λόγον
2460 2250 2551 2301 τὸν
2598 2249 2883 2319 άχώρητον
2927 2248 3162 2320 τεκούσῃ
3197 2250 3371 2318 Λόγον
3416 2249 3591 2319 σαρκὶ,
3619 2248 3679 2301 ἐκ

2123 2344 2229 2397 τῶν
2258 2342 2456 2395 κοινῶν
2482 2359 2543 2395 τε
2575 2344 2669 2395 καὶ
2705 2342 2828 2394 καθ’
2853 2344 3001 2411 ἡμᾶς
3027 2343 3093 2395 τά
3124 2344 3266 2396 κατά
3292 2343 3384 2395 τὸν
3414 2343 3679 2412 ἄφραστον

2122 2436 2292 2506 αὐτῆς
2316 2435 2476 2489 τόκον
2516 2434 2720 2505 ὁρίζειν
2760 2437 2854 2489 καὶ
2900 2436 3268 2505 ὑπογράφειν.
3300 2437 3400 2489 Διὰ
3428 2436 3597 2492 τοῦτο,
3633 2434 3683 2489 ei

2121 2545 2203 2590 τις
2236 2529 2375 2596 μετά
2426 2529 2522 2599 τὴν
2572 2529 2787 2601 ἡμέραν
2832 2530 2930 2599 τῆς
2962 2529 3120 2597 άγίας
3150 2528 3388 2600 Χριστοῦ
3437 2528 3528 2580 τοῦ
3558 2527 3678 2597 ἀλη-

2121 2620 2271 2674 θινοῦ
2303 2622 2439 2675 Θεοῦ
2473 2624 2630 2693 ἡμῶν
2676 2623 2985 2691 γεννήσεως
3039 2622 3320 2691 σεμίδαλιν
3374 2621 3678 2692 εὑρίσκεται

2119 2709 2285 2778 ἕψων,
2334 2713 2427 2764 καὶ
2486 2713 2695 2782 ταύτην
2738 2714 2995 2783 παρέχων
3042 2713 3152 2766 τισὶ
3203 2714 3478 2784 προφάσει
3526 2713 3679 2781 τιμῆς

2120 2801 2277 2873 δῆθεν
2331 2804 2557 2874 λοχειῶν
2604 2806 2702 2873 τῆς
2757 2807 3029 2874 ἀχράντου
3064 2806 3548 2877 Παρθενομήτορος
3575 2821 3587 2834 ⁸
3632 2808 3676 2858 εί

2121 2893 2220 2961 μὲν
2260 2893 2521 2965 κληρικός
2574 2897 2717 2958 ἐστι,
2774 2895 3256 2967 καθαιρεθήσεται,
3288 2899 3340 2950 εί
3381 2898 3439 2950 δὲ
3480 2890 3674 2959 λαῖκὸς,

2116 2984 2571 3055 ἀφορισθήσεται.
2637 2984 2955 3054 Ἀλόχευτον
3002 2988 3109 3055 γὰρ
3165 2988 3539 3057 ὁμολογοῦμεν
3586 2988 3671 3039 τὸν

2116 3076 2181 3129 ἐκ
2211 3076 2311 3146 τῆς
2342 3078 2619 3149 Παρθένου
2663 3078 2807 3131 θεῖον
2834 3079 3010 3143 τόκον,
3050 3080 3129 3144 ὡς
3174 3084 3267 3134 καὶ
3303 3081 3557 3152 άσπόρως
3586 3097 3671 3132 συ-

2118 3187 2338 3226 σταντα.

2713 3267 2956 3320 ΚΑΝΩΝ
3001 3265 3085 3322 Π’.

2123 3393 2143 3427 ι
2186 3378 2254 3431 Εἴ
2265 3394 2348 3440 τις
2367 3379 2684 3451 ἐπίσκοπος,
2704 3381 2736 3450 ἢ
2758 3381 3144 3452 πρεσόύτερος,
3173 3383 3205 3452 ἦ
3234 3382 3505 3449 διάκονος,
3529 3381 3676 3453 ῆτῶν

2192 3486 2212 3519 ‹
2254 3470 2314 3523 ἐν
2342 3471 2419 3540 τῷ
2462 3471 2646 3543 κλήρῳ
2692 3472 3227 3544 καταλεγομένων,ἢ
3277 3475 3483 3537 λαῖκδς,
3518 3476 3673 3545 μηδε-

2191 3577 2210 3611 σ
2257 3560 2388 3628 μίαν
2422 3562 2666 3633 ἀνάγκην
2697 3562 3001 3635 βαρυτέραν
3033 3563 3145 3633 ἔχοι
3172 3566 3204 3636 ἢ
3233 3568 3468 3635 πρᾶγμα
3493 3567 3674 3636 δυσχε-

2190 3669 2208 3702 r
2258 3652 2369 3722 ρὲς,
2400 3652 2541 3705 ὥστε
2566 3656 2656 3707 ἐπὶ
2687 3655 2938 3708 πλεῖστον
2966 3656 3363 3713 ἀπολείπεσθαι
3395 3660 3493 3729 τῆς
3514 3658 3671 3712 αὐτοῦ

2189 3764 2207 3797 ι
2254 3746 2569 3815 ἐκκλησίας,
2620 3747 2735 3800 ἀλλ’
2784 3750 2841 3800 ἐν
2900 3749 3058 3802 πόλει
3110 3751 3333 3819 διάγων,
3369 3754 3518 3821 τρεῖς
3566 3753 3673 3804 Κυι-

2191 3853 2209 3886 ι
2257 3838 2453 3906 ριακάς
2490 3840 2548 3891 ὲν
2597 3839 2776 3908 τρισὶν
2820 3839 3086 3910 ἑϐδομάσι
3129 3844 3204 3912 μὴ
3248 3844 3581 3914 συνέρχοιτο,
3623 3842 3670 3893 εί

2189 3944 2209 3977 ι
2257 3928 2357 3997 μὲν
2398 3930 2658 4000 κληρικὺς
2688 3932 2799 3999 εἴη,
2847 3934 3248 4005 καθαιρείσθωο
3288 3939 3339 3990 εί
3370 3938 3428 3991 δὲ
3465 3937 3668 4002 λαῖκὺς,

2187 4039 2205 4073 ι
2252 4022 2621 4077 ἁποκινείσθω
2649 4024 2749 4095 τῆς
2781 4028 3090 4090 κοινωνίας.
3131 4049 3149 4079 ι

2179 4114 2374 4166 ΒΑΛΣ.
2409 4114 2595 4168 ’Ἄλλοι
2634 4116 2733 4185 μὲν
2782 4118 3005 4181 κανόνες
3036 4119 3284 4187 διάφοροι
3329 4118 3668 4187 ἀλλοτρόπως

2109 4204 2398 4268 κολάζουσι
2432 4206 2558 4268 τοὺς
2583 4207 2921 4270 ἐπισκόπους
2960 4211 3055 4260 καὶ
3099 4210 3228 4271 τοὺς
3262 4207 3557 4280 κληρικοὺς
3588 4203 3669 4273 ἐφ’

2111 4295 2293 4346 ίκανὺν
2331 4294 2745 4366 ἀποδημοῦντας
2774 4296 2882 4348 ἀπὸ
2910 4296 3015 4349 τῶν
3035 4298 3343 4365 ἐκκλησιῶν
3372 4299 3568 4351 αὐτῶν.
3612 4293 3668 4349 Ὀ

2107 4387 2163 4437 δὲ
2194 4385 2384 4455 παρὼν
2428 4384 2608 4440 κανὼν
2656 4388 2716 4440 οὐ
2773 4388 2933 4458 μόνον
2978 4390 3312 4454 ἐπισκόπους
3356 4390 3455 4445 καὶ
3486 4389 3664 4459 κληρι-

438 4489 629 4549 laicos,
667 4482 815 4552 quia
841 4480 957 4534 suis
997 4475 1311 4551 regionibus
1350 4471 1403 4526 in
1437 4472 1616 4524 alieno
1640 4470 1760 4523 solo
1799 4467 2008 4539 ,ὁρμη-

2116 4479 2259 4539 κοὺς,
2285 4475 2422 4528 ἀλλὰ
2456 4478 2547 4530 καὶ
2578 4478 2705 4540 τοὺς
2732 4476 2957 4541 λαῖκοὺς
2990 4480 3118 4543 τοὺς
3151 4481 3259 4533 ἀπὸ
3312 4480 3422 4534 τῶν
3473 4478 3660 4550 χωρῶν

438 4587 524 4633 tes
553 4578 769 4639 absunt,
803 4570 952 4638 cogit
992 4583 1098 4621 una
1139 4580 1261 4621 eum
1304 4562 1550 4616 ﬁdelibus
1604 4561 2005 4615 connnunicare

2116 4567 2289 4619 αὐτῶν
2338 4569 2399 4653 ἐν
2428 4567 2702 4639 ἀλλοδαπῇ
2740 4569 3051 4636 διάγοντας,
3087 4573 3497 4640 καταναγκάζει
3532 4569 3663 4641 μετά

439 4680 494 4726 et
518 4682 710 4729 orare;
748 4674 800 4718 et
824 4662 1035 4721 statuit,
1066 4658 1207 4728 quod
1235 4657 1279 4711 si
1317 4656 1444 4725 quis
1475 4669 1689 4715 eorum,
1723 4653 1865 4707 nulla
1905 4668 1999 4705 ne-

2116 4660 2215 4711 rth
2271 4660 2476 4714 πιστῶν
2527 4666 2915 4729 συγκοινωνείν
2975 4665 3069 4716 καὶ
3122 4664 3520 4734 συνεύχεσθαιο
3574 4660 3664 4715 καὶ

436 4761 691 4815 cessitate
727 4755 1031 4827 preposita,
1064 4750 1235 4803 morbi
1264 4748 1516 4812 scilicet,
1546 4746 1629 4801 vel
1670 4742 2004 4813 gravissimae

2116 4752 2395 4823 διορίζεται
2424 4753 2498 4817 ὡς
2528 4754 2686 4825 είπερ
2715 4771 2799 4819 τις
2850 4756 2914 4807 ἐκ
2964 4756 3173 4809 τούτων
3210 4756 3484 4826 μηδεμιᾶς
3535 4770 3661 4825 προ-

433 4850 741 4914 servitutis,
775 4860 895 4917 qua:
928 4844 975 4898 ei
1007 4857 1113 4896 non
1147 4839 1402 4894 concedit
1436 4848 1495 4891 ut
1525 4839 1579 4891 in
1612 4836 1843 4890 ecclesia
1881 4850 2003 4887 vcr-

2116 4846 2362 4915 ιιειμένης
2400 4846 2668 4914 ἀνάγκης,
2705 4845 2858 4899 νόσου
2892 4849 3054 4917 τυχὸν
3080 4847 3112 4917 ἢ
3140 4848 3384 4908 δουλείας
3422 4845 3659 4916 βαρυτά-

433 4955 606 5007 setur,
639 4942 818 4995 tribus
848 4936 1040 4991 diebus
1088 4932 1383 4987 Dominicis
1421 4944 1545 4983 cum
1589 4928 1837 4981 ﬁdelibus
1870 4930 1998 4980 "non

422 5011 772 5090 convenerit,
805 5037 859 5081 ct
891 5041 994 5078 una
1031 5040 1137 5077 non
1171 5024 1429 5083 oraverit,
1469 5020 1562 5073 sed
1594 5022 1646 5071 in
1685 5019 1825 5071 hanc
1850 5018 1999 5071 salu-

430 5126 646 5179 tiferam
675 5117 1115 5174 communionem
1146 5111 1485 5182 negligenter
1527 5108 1755 5162 aﬂ‘ectus
1793 5108 1953 5161 fuerit
1982 5148 1996 5171 ,

428 5221 473 5272 si
501 5217 571 5270 sit
602 5214 821 5283 quidem
857 5207 1114 5272 clericus,
1147 5204 1448 5274 deponatur
1478 5221 1491 5257 :
1530 5203 1577 5257 si
1631 5216 1757 5255 vero
1787 5201 1993 5264 laicus,

429 5326 457 5362 a
495 5304 879 5361 communione
911 5309 1215 5361 moveatur,
1254 5299 1354 5351 hoc
1392 5304 1477 5351 est
1506 5336 1521 5360 ,
1549 5302 1884 5364 scgrcgetur.
1920 5292 1993 5344 Ex

426 5416 493 5454 eo
519 5400 663 5451 enim
696 5397 927 5450 duorum
959 5394 1188 5447 alterum
1214 5398 1440 5461 apparet
1469 5429 1483 5453 ,
1518 5405 1639 5444 eum
1686 5387 1762 5439 vel
1808 5386 1991 5439 divina

426 5496 694 5557 praecepta
726 5487 1051 5553 divitiasque
1103 5481 1433 5551 psalmodias
1471 5488 1527 5533 et
1567 5478 1843 5534 orationes
1882 5491 1989 5529 non

427 5594 644 5638 curare,
675 5577 754 5631 vel
787 5592 889 5629 non
928 5590 1051 5630 esse
1091 5573 1325 5627 ﬁdelem.
1361 5572 1471 5626 Cur
1500 5571 1642 5625 enim
1692 5568 1760 5622 20
1797 5568 1989 5623 diebus

421 5685 544 5724 cum
573 5667 903 5724 Christianis
931 5668 983 5720 in
1011 5666 1238 5720 ecclesia
1272 5664 1473 5718 versari
1509 5663 1680 5717 noluit
1715 5703 1728 5729 ,
1772 5678 1987 5732 unaque

420 5773 543 5814 cum
585 5757 673 5813 Dei
717 5757 858 5813 tideli
902 5756 1102 5826 populo
1137 5755 1599 5812 communicare?

2101 4950 2197 5005 της
2233 4936 2307 5006 μὴ
2334 4934 2769 5006 παραχωρούσης
2798 4938 2945 5006 αὑτῷ
2976 4937 3379 5007 ἐκκλησιάζειν,
3402 4940 3492 4991 ἐπὶ
3518 4939 3660 5009 τρεῖς

2100 5027 2386 5093 Κυριακὰς
2411 5028 2470 5078 οὐ
2508 5026 2736 5097 συνέλθῃ
2787 5028 2925 5095 μετά
2954 5029 3061 5080 τῶν
3093 5030 3302 5082 πιστῶν
3352 5031 3444 5082 καὶ
3480 5027 3660 5081 συνεύ-

2101 5118 2276 5186 ξηται,
2312 5118 2428 5171 ἀλλ’
2464 5117 2680 5188 ἀμελῶς
2706 5119 2927 5189 διατεθῇ
2962 5121 3053 5171 ἐπὶ
3097 5125 3162 5190 τῇ
3216 5121 3443 5193 τοιαύτῃ
3486 5137 3654 5187 σωτη-

2102 5210 2281 5280 ριώδει
2330 5212 2605 5280 κοινωνίᾳ,
2657 5211 2919 5281 κληρικὸς
2960 5214 3057 5281 μὲν
3112 5212 3206 5279 ὢν,
3256 5212 3650 5283 καθαιρείσθω’

2097 5304 2277 5366 λαῖκδς
2337 5304 2413 5371 δὲ,
2466 5305 2834 5359 ἀποκινείσθω
2887 5307 2983 5374 τῆς
3044 5309 3351 5371 κοινωνίας,
3385 5306 3649 5360 τουτέστιν

2095 5397 2456 5466 ἁφοριζὲεθω.
2495 5400 2650 5449 Δυοῖν
2708 5399 2816 5467 γὰρ
2877 5398 3107 5469 θάτερον
3165 5404 3228 5452 ἐκ
3280 5398 3465 5452 τούτου
3522 5393 3646 5443 ἀνα·

2093 5489 2359 5557 φαίνεται.
2390 5487 2425 5558 ἢ
2462 5489 2731 5558 μηδεμέαν
2768 5490 3027 5560 φροντίδα
3077 5490 3318 5544 τίθεσθαι
3347 5487 3435 5539 τὸν
3473 5480 3639 5535 τοιοῦ-

2090 5597 2183 5633 τον
2244 5579 2353 5631 τῶν
2416 5580 2577 5631 θείων
2636 5581 3025 5652 παραγγελιῶν
3082 5583 3174 5633 καὶ
3227 5579 3325 5649 τῆς
3381 5578 3459 5639 εἰς
3510 5573 3647 5655 Θεὸνχ

2090 5673 2257 5742 εὐχῆς
2292 5672 2384 5725 καὶ
2415 5671 2711 5742 ὑμνῳδίας,
2756 5673 2874 5743 ἣτὸ
2924 5673 2998 5743 μὴ
3048 5670 3186 5723 εἶναι
3243 5668 3460 5721 πιστόνο
3487 5666 3567 5718 ἵνα
3590 5659 3642 5715 τί

2088 5764 2198 5834 γὰρ
2228 5762 2321 5815 ἐπὶ
2349 5765 2552 5815 εἴκοσιν
2584 5764 2817 5833 ἡμέραις
2865 5764 3002 5832 μετά
3042 5760 3149 5813 τῶν
3192 5757 3529 5830 Χριστιανῶν
3555 5755 3637 5805 ἐκ-

2088 5856 2382 5926 κλησιάσαι
2430 5855 2525 5924 οὐχ
2569 5855 2884 5925 ᾑρετίσατο,
2930 5853 3023 5909 καὶ
3086 5852 3516 5923 συγκοινωνῆσαι
3563 5842 3634 5913 τῷ

2093 5946 2267 6000 πιστῶ
2306 5944 2418 6003 λαῷ
2449 5945 2539 5996 τοῦ
2574 5945 2743 6003 Θεοῦ;
