3992 6484
339 399 440 463 785

1265 407 1344 466 IN
1376 405 1541 467 CAN.
1581 405 1820 465 LXXXI
1852 405 2063 465 CONC.
2109 406 2187 466 IN
2222 405 2550 467 TRULLO.

3473 398 3579 461 786

407 512 651 569 ΖΩΝΔΡ.
674 512 813 578 Τοὺς
844 515 935 567 ἐπὶ
965 519 1110 585 τρεῖς
1136 516 1438 587 έϐοομάδας
1469 516 1899 585 ἀπολειφθέντας

2071 514 2325 571 ZONAR.
2366 518 2469 584 Qui
2498 516 2672 572 tribus
2708 510 3065 568 hebdomadis
3110 510 3178 567 ab
3218 512 3448 566 ecclesia
3477 527 3576 567 sua

332 606 429 675 τῆς
466 607 763 677 ἐκκλησίας
800 608 978 661 αὐτῶν
1035 609 1161 663 ἄνευ
1203 610 1421 680 βαρείας
1472 611 1715 678 ἀνάγκης
1754 608 1927 670 τινὸς·

334 701 366 767 ἢ
395 699 717 770 δυσχερείας
740 696 951 769 ἐτέρας,
983 701 1099 754 ἀλλ’
1134 704 1191 754 ἐν
1243 703 1398 756 πόλει
1451 704 1758 770 διάγοντας,
1818 700 1894 770 μὴ

338 793 767 860 συνερχομένους
803 793 860 845 δὲ
899 793 981 855 είς
1027 794 1323 865 ἐκκλησίαν
1368 798 1480 856 τοῖς
1526 796 1738 856 πιστοῖς
1773 795 1899 845 ἐπι-

334 884 575 945 σκόπους
624 884 721 953 μὲν
774 884 868 937 καὶ
898 885 1192 955 κληρικοὺς
1237 886 1397 948 ὄντας
1441 889 1468 939 6
1497 885 1678 939 κανὼν
1708 885 1903 938 καθαι-

332 977 546 1045 ρεῖσθαι
570 976 897 1045 προστάττει
919 994 934 1009 ⁸
975 978 1159 1041 λαῖκός
1193 979 1270 1044 δὲ,
1308 977 1690 1047 ἀφορίζεσθαι.
1727 978 1898 1030 Τοῦτο

334 1066 448 1132 γάρ
473 1067 589 1125 ἐστι
613 1066 674 1118 τὸ
708 1067 1083 1122 ἀποκινεῖσθαι
1112 1069 1210 1137 τῆς
1239 1069 1545 1132 κοινωνίας.

331 1157 558 1210 ΔΡῙΣΤ.
626 1177 645 1208 ι
703 1157 768 1210 Εἰ
823 1158 897 1228 μὴ
937 1158 1004 1211 δι’
1048 1160 1296 1228 ἀνάγκην
1341 1158 1777 1228 άπολιμπάνεταί
1814 1175 1900 1217 τις

403 1273 421 1299 ι
469 1251 567 1317 τῆς
619 1248 915 1317 ἐκκλησίας
961 1251 1053 1303 ἐπὶ
1102 1253 1247 1321 τρισὶ
1296 1253 1631 1322 Κυριακαῖς,
1671 1248 1901 1303 ἀκοινώ-

403 1360 424 1391 ι
470 1358 652 1412 νητος.
703 1359 721 1392 ι

409 1432 470 1485 '0
506 1434 605 1502 τῆς
634 1434 931 1503 ἐκκλησίας
984 1436 1043 1487 ὲν
1100 1435 1248 1504 τρισὶ
1310 1434 1622 1505 Κυριακαῖς
1671 1432 1895 1486 ἀπολει-

300 1520 487 1587 ,φθεὶς
515 1521 645 1575 ἄνευ
683 1521 995 1593 βαρυτάτης
1032 1524 1279 1594 ἀνάγκης
1310 1524 1342 1595 ἢ
1374 1523 1693 1594 δυσχερείας
1719 1523 1892 1587 τινὸς,

326 1612 381 1664 εί
416 1610 516 1680 μὲν
549 1613 810 1683 κληρικός
859 1615 1008 1679 ἐστι,
1043 1614 1389 1686 καθαιρεῖται
1416 1628 1434 1644 ’
1482 1615 1529 1667 εί
1576 1613 1632 1667 δὲ
1686 1614 1898 1678 λαῖκὺς,

329 1702 678 1773 ἀφορίζεται.

918 1797 1158 1850 ΚΔΝΩΝ
1187 1798 1315 1852 ΠΝ.

2000 610 2146 663 nulla
2169 612 2332 681 .gravi
2362 612 2688 665 necessitate
2716 607 2991 662 didicilive
3035 605 3141 660 alia
3183 620 3349 661 causa
3383 606 3571 675 impe-
3638 606 3641 609 ’

1998 703 2122 768 diti,
2160 703 2457 766 abfuerint,
2498 717 2688 756 verum
2722 701 2774 753 in
2819 699 2952 753 urbe
2981 698 3236 767 degentes
3266 714 3391 753 cum
3440 699 3571 752 lide-

1996 794 2140 849 libus
2170 796 2222 850 in
2256 794 2543 849 ecclesiam
2575 809 2681 847 non
2705 792 3095 856 convenerint,
3128 792 3180 849 si
3209 792 3428 862 quidem
3457 791 3575 860 epi-

1998 888 2149 957 scopi
2183 896 2275 941 aut
2307 887 2492 942 clerici
2534 886 2665 945 sint.
2699 899 2797 938 eos
2848 898 3025 937 canon
3078 884 3274 953 deponi
3335 901 3349 937 :
3406 882 3576 937 laicos

1998 985 2179 1033 autem
2210 979 2480 1047 segregari
2520 977 2538 1045 (
2567 977 2669 1030 hoc
2700 990 2936 1043 namque
2965 974 3097 1029 illud
3152 985 3236 1047 est
3262 1014 3277 1038 ,
3318 988 3572 1029 commu-

1998 1069 2164 1124 nione
2191 1070 2397 1123 moveri
2422 1072 2438 1136 )
2473 1068 2655 1137 jubet.

2069 1159 2297 1215 ARIST.
2338 1180 2356 1212 ι
2395 1161 2453 1215 Si
2499 1161 2624 1230 quis
2657 1159 2800 1213 nulla
2838 1164 3067 1227 cogente
3123 1158 3451 1214 necessitate
3484 1173 3575 1214 ec-

2004 1268 2023 1300 ι
2071 1251 2295 1304 clesiam
2332 1253 2507 1305 tribus
2538 1251 2840 1313 Dominicis
2887 1251 3274 1323 derelinquat,
3325 1268 3572 1307 commu-

2004 1358 2023 1390 ι
2074 1338 2236 1394 nione
2278 1340 2545 1409 privatur.
2588 1360 2606 1391 ι
3591 1342 3597 1349 ’

2069 1432 2170 1496 Qui
2206 1433 2274 1486 ab
2303 1434 2537 1488 ecclesia
2572 1433 2749 1488 tribus
2780 1433 2977 1488 diebus
3027 1432 3331 1487 Dominicis
3378 1433 3571 1497 abest,

1997 1525 2117 1582 sine
2139 1527 2471 1583 necessitate
2523 1528 2706 1595 aliqua
2754 1537 2807 1581 et
2857 1526 3175 1581 difﬁcultate
3207 1526 3571 1595 gravissima,

1998 1614 2042 1669 si
2080 1615 2299 1684 quidem
2329 1617 2563 1672 clericus
2590 1624 2695 1683 est,
2737 1617 3028 1685 deponitur
3062 1633 3077 1671 :
3108 1618 3193 1673 sin
3229 1616 3569 1679 verolaicus,

2000 1718 2351 1779 segregatur.

2399 1796 2583 1865 r251
2618 1795 2847 1851 canon
2884 1796 3123 1851 LXXXI.

332 1904 353 1935 ι
412 1885 749 1961 Ἐπειδήπερ
780 1887 839 1942 ἐν
890 1907 1003 1944 τισι
1031 1890 1241 1961 χώραις
1294 1891 1699 1963 μεμαθήκαμεν
1732 1893 1790 1948 ἐν
1820 1893 1898 1962 τῷ

2011 1904 2026 1938 ι
2063 1887 2331 1953 Quoniam
2361 1889 2415 1943 in
2470 1889 2750 1944 nonnullis
2790 1890 2928 1949 locis
2967 1891 3262 1947 didicimus
3290 1932 3305 1954 ,
3354 1892 3408 1946 in
3447 1906 3577 1947 san-

402 1997 424 2029 ι
468 1979 749 2047 Τρισαγίῳ
779 1980 934 2052 ὕμνῳ
994 1984 1051 2036 ἐν
1081 1983 1400 2054 προσθήκης
1448 1984 1610 2054 μέρει
1637 1985 1904 2053 ἐκφωνεῖ-

403 2090 422 2120 ι
472 2072 597 2125 σθαι
617 2072 755 2142 μετὰ
766 2074 1048 2142 τὸ,”Αγιος
1064 2075 1352 2140 ἀθάνατος,
1370 2076 1455 2140 τὸ,
1498 2079 1554 2130 '0
1570 2078 1903 2148 atauptqui;

403 2179 423 2211 ι
466 2159 535 2213 δι’
566 2162 734 2230 ἡμᾶς,
764 2161 982 2232 ἐλέησον
1010 2164 1152 2233 ἡμᾶς
1180 2180 1194 2196 ⁸
1224 2163 1379 2217 τοῦτό
1396 2183 1455 2218 τε
1486 2165 1590 2219 ὑπὸ
1605 2166 1711 2218 τῶν
1737 2167 1903 2222 πάλαι

404 2268 425 2301 ι
474 2250 643 2317 ἁγίων
667 2250 949 2322 Πατέρων,
969 2251 1044 2313 ὡς
1075 2252 1177 2320 τῆς
1205 2250 1488 2317 εὐσεϐείας
1518 2253 1814 2325 ἀλλότριον,
1838 2255 1904 2307 ἐκ

398 2362 421 2393 ε
467 2341 560 2396 τοῦ
578 2342 821 2396 τοιούτου
839 2344 1093 2415 ἀπηλάθη
1112 2345 1304 2415 ὕμνου,
1325 2345 1422 2399 σὺν
1438 2346 1512 2416 τῷ
1527 2346 1627 2416 τὴν
1646 2347 1902 2417 τοιαύτην

406 2453 426 2483 ι
475 2435 662 2515 φωνὴν
685 2438 1150 2510 καινουργῆσαντι
1172 2439 1476 2509 παρανόμῳ
1493 2439 1759 2510 αἱρετικῷ
1776 2441 1902 2494 ’καὶ

404 2546 425 2576 ι
469 2529 660 2596 ἡμεῖς,
684 2528 982 2596 κυροῦντες
1016 2530 1087 2582 τὰ
1118 2534 1267 2600 παρὰ
1293 2533 1402 2584 τῶν
1429 2533 1599 2600 ἁγίων
1629 2534 1899 2603 Πατέρων

407 2637 425 2665 ε
472 2618 627 2685 ἡμῶν
663 2617 900 2682 εὐσεϐῶς
954 2615 1449 2691 θεσμοθετηθέντα,
1498 2625 1899 2695 ἀναθεματίζο-

396 2729 414 2758 ι
464 2726 567 2779 μεν
597 2710 677 2763 ἔτι
710 2711 849 2779 μετὰ
876 2712 968 2765 τὸν
998 2714 1245 2780 παρόντα
1274 2714 1399 2781 ὅρον
1431 2717 1901 2786 μεταδεχομένους

408 2820 427 2849 ι
473 2802 573 2872 τὴν
616 2803 873 2870 τοιαύτην
902 2805 1085 2871 φωνὴν
1134 2804 1221 2858 ἐπ’
1273 2807 1681 2879 ἐκκλησίαις,ἢ
1722 2811 1899 2875 ἄλλως

403 2914 424 2943 ε
473 2912 587 2957 πως
643 2895 720 2966 τῷ
767 2895 1049 2969 Τρισαγίῳ
1085 2897 1239 2969 ὕμνῳ
1282 2900 1674 2967 συνάπτοντας.
1711 2906 1819 2959 Καὶ
1850 2910 1898 2960 εἰ

402 3007 421 3037 ι
462 2989 559 3056 μὲν
614 2990 891 3059 ίερατικός
922 2991 1115 3045 ἐστινὸ
1154 2993 1481 3065 παραϐάτης
1508 2995 1619 3049 τῶν
1655 2999 1899 3068 ὁρισθέν-

406 3098 425 3124 ι
472 3096 620 3143 των,
710 3081 1163 3151 ἀπογυμνοῦσθαι
1220 3082 1381 3137 τοῦτο
1436 3084 1536 3154 τῆς
1600 3086 1897 3159 ἱερωσύνης

403 3190 422 3222 ι
470 3174 889 3274 προστάσσομεν
914 3190 928 3204 '
963 3176 1011 3228 εἰ
1031 3175 1097 3250 se
1126 3175 1314 3239 λαῖκδς
1340 3177 1373 3247 ἢ
1421 3179 1675 3248 μοναχὸς,
1705 3181 1897 3250 ἀφορί-
1925 3217 1966 3274 C

404 3282 422 3313 ι
468 3261 678 3325 ζεσθαι.

407 3352 465 3407 '0
504 3357 862 3426 ματαιόφρων
912 3360 1119 3424 ἐκεῖνος
1147 3360 1243 3414 καὶ
1278 3361 1603 3434 βλάσφημος
1636 3367 1841 3437 Πέτρος
1867 3367 1897 3420 6

328 3448 581 3515 Κναφεὺς
612 3449 931 3522 προσθήκην
948 3453 1007 3506 ἐν
1041 3452 1118 3524 τῷ
1150 3454 1430 3526 Τρισαγίῳ
1464 3455 1621 3527 ὕμνῳ
1650 3459 1895 3529 ἐποίησε,

330 3541 468 3607 μετὰ
500 3541 557 3593 τὸ
594 3543 959 3611 ὲκφωνείσθαι
985 3546 1046 3599 τό
1075 3561 1091 3577 ⁶
1133 3546 1326 3615 ’Ἄγιος
1366 3549 1684 3616 ἀθάνατος,
1727 3551 1896 3605 είπὼν

325 3631 566 3699 ὀφείλειν
618 3634 877 3701 λέγεσθαι
928 3638 1021 3690 τό*
1070 3639 1133 3691 '0
1178 3641 1540 3708 σταυρωθεὶς
1598 3644 1671 3696 δι’
1716 3642 1923 3712 ἡμᾶς..

327 3728 589 3796 ἐλέησον
618 3732 794 3799 ἡμᾶς.
837 3734 943 3784 Ἦν
972 3733 1037 3802 δὴ
1070 3735 1391 3804 προσθήκην
1430 3738 1460 3804 ὴ
1506 3736 1802 3807 Ἐκκλησία
1834 3739 1894 3790 οὐ

329 3822 686 3890 παρεδέξατο,
707 3826 782 3887 ὡς
812 3827 1255 3894 παρεισάγουσαν
1292 3828 1553 3897 τέταρτον
1585 3832 1893 3899 πρόσωπον,

331 3915 426 3966 καὶ
466 3916 568 3969 ἀνά
605 3919 770 3987 μέρος
811 3919 1053 3973 τιθεῖσαν
1085 3922 1176 3972 τὸν
1215 3922 1305 3975 τοῦ
1342 3923 1476 3976 Θεοῦ
1514 3924 1641 3976 Υἱον
1676 3924 1774 3993 τὴν
1802 3923 1894 3976 τοῦ

332 4004 541 4076 Πατρὸς
569 4010 935 4063 ἐνυπόστατον
1000 4012 1251 4081 δύναμιν,
1301 4016 1398 4066 καὶ
1453 4016 1557 4067 άνά
1608 4017 1771 4084 μέρος
1807 4016 1896 4068 τὸν

332 4098 747 4170 ἐσταυρωμένον
801 4105 1058 4174 Χριστὸν,
1110 4105 1184 4168 ὡς
1242 4107 1565 4160 ἄλλονόντα
1624 4109 1774 4178 παρὰ
1805 4108 1896 4160 τὸν

331 4192 571 4262 ἰσχυρὸν,
607 4196 639 4265 ἢ
671 4196 745 4257 ὠς
770 4197 1023 4268 παθητὴν
1052 4199 1150 4267 τὴν
1191 4199 1398 4270 Τριάὸα
1422 4199 1769 4265 δοξάζουσαν,
1805 4202 1895 4254 καὶ

333 4287 745 4355 συσταυροῦσαν
774 4288 854 4359 τῷ
882 4290 998 4359 Υίῴ
1023 4291 1115 4343 τὸν
1140 4292 1359 4360 Πατέρα
1383 4293 1555 4345 καὶτὸ
1588 4293 1807 4361 Πνεῦμα
1836 4295 1896 4345 τὸ

331 4374 503 4441 ἅγιον.
567 4379 678 4431 Καὶ
743 4381 1098 4448 ἐδογμάτισεν
1152 4383 1391 4447 εὐσεϐῶς
1446 4386 1538 4436 τὸν
1600 4386 1895 4455 Τρισάγιον

328 4463 503 4529 ὕμνον
533 4467 691 4538 χάριν
726 4470 824 4534 τῆς
855 4471 1082 4540 Τριάδος
1110 4471 1365 4540 λέγεσθαι
1388 4487 1402 4502 ’
1439 4475 1576 4540 ὅπερ
1600 4491 1651 4525 τι
1681 4472 1770 4527 διὰ
1799 4474 1895 4547 μὲν

2081 1996 2100 2029 ι
2139 1979 2389 2035 ctissime
2444 1981 2648 2052 hymno
2697 1982 3057 2037 additamenti
3116 1984 3236 2037 loco
3288 1983 3394 2039 dici
3453 1994 3578 2054 post

2079 2088 2097 2120 ι
2135 2071 2288 2137 illud,
2322 2071 2558 2128 Sanctus
2586 2074 2931 2136 immortalis,
2967 2076 3067 2129 hoc
3100 2094 3113 2130 :
3146 2076 3252 2142 Qui
3278 2076 3573 2132 crucifixus

2079 2182 2099 2214 ‹
2142 2178 2199 2218 es
2259 2180 2355 2233 pro
2391 2166 2567 2228 nobis,
2614 2166 2875 2222 miserere
2902 2168 3114 2233 nostri;
3170 2169 3223 2222 id
3275 2170 3575 2224 autem/ab

2081 2273 2101 2306 ι
2141 2257 2380 2324 antiquis
2418 2259 2624 2314 sanctis
2647 2259 2922 2324 Patribus,
2950 2271 3055 2315 uta
3087 2262 3287 2330 pietate
3308 2262 3572 2328 alienum,

2077 2368 2095 2400 ι
2134 2366 2196 2403 ex
2235 2352 2336 2405 hoc
2365 2353 2565 2423 hymno
2587 2354 2818 2422 ejectum
2847 2370 2971 2409 cum
2999 2355 3266 2410 scelerato
3289 2355 3569 2423 haeretico,

2078 2461 2098 2495 ι
2132 2446 2222 2511 qui
2259 2445 2398 2499 hanc
2427 2460 2616 2501 vocem
2649 2447 2931 2501 innovavit
2964 2466 2978 2503 :
3022 2462 3123 2505 nos
3170 2463 3388 2519 quoque
3438 2462 3573 2503 con-
3632 2444 3639 2451 ’

2080 2556 2099 2588 ι
2137 2539 2420 2595 ﬁrmantes
2447 2555 2508 2594 ea
2536 2557 2657 2610 quae
2708 2558 2738 2595 a
2795 2541 3002 2596 sanctis
3056 2542 3259 2595 nostris
3315 2540 3574 2596 Patribus

2091 2650 2110 2682 ι
2150 2632 2235 2701 pie
2272 2633 2569 2687 coIISIitttta
2606 2643 2755 2698 sunt,
2786 2634 3316 2688 anathematizamus
3337 2635 3572 2704 eos,‘qui

2081 2744 2099 2775 ι
2145 2733 2266 2793 post
2290 2740 2531 2793 praesens
2556 2724 2831 2781 decretum
2870 2725 3140 2797 ejusmodi
3166 2741 3351 2781 vocem
3395 2726 3450 2779 in
3481 2741 3573 2781 ec-

2075 2834 2094 2867 ι
2135 2818 2317 2871 clesiis
2351 2817 2690 2883 admittunt,
2734 2825 2818 2872 vel
2870 2818 3054 2887 aliquo
3090 2817 3197 2871 alio
3252 2816 3415 2871 modo
3443 2832 3575 2872 san-~

2075 2931 2094 2961 ι
2133 2909 2382 2963 ctissime
2424 2894 2636 2979 hymno.
2668 2911 2989 2982 adjungunt.
3036 2909 3104 2964 Et
3131 2910 3177 2964 si
3228 2917 3311 2963 est
3353 2909 3573 2979 quidem

2074 3019 2092 3051 ι
2135 3002 2495 3057 sacerdotalis
2521 3003 2730 3058 ordinis
2755 3005 2848 3073 qui
2882 3011 3263 3073 transgressus
3292 3009 3399 3068 est,
3443 3016 3570 3056 eum

2075 3112 2095 3144 ι
2140 3092 2450 3146 sacerdotio
2494 3094 2699 3163 privari
2737 3094 2995 3163 jubemus
3032 3092 3159 3148 :sin
3183 3100 3362 3145 autem
3395 3091 3568 3147 laicus

2076 3203 2096 3236 ι
2132 3185 2215 3239 vel
2248 3185 2571 3249 monachus,
2600 3188 2902 3257 segregari.
2947 3205 2967 3237 ι

2070 3362 2261 3420 BALS.
2295 3361 2541 3418 Stolidus
2566 3362 2660 3418 ille
2692 3371 2748 3418 et
2779 3362 3133 3433 blasphemus
3165 3362 3362 3419 Petrus
3404 3360 3563 3416 Fullo

1999 3458 2053 3512 in
2086 3458 2437 3514 sanctissimo
2464 3458 2669 3527 hymno
2697 3456 2828 3511 fecit
2856 3456 3314 3521 additamentum,
3336 3455 3530 3509 dicens
3554 3491 3571 3517 ,

1997 3559 2286 3619 postquam
2317 3548 2535 3609 dictum
2552 3555 2721 3611 esset,
2751 3546 2983 3602 Sanctus
3005 3546 3349 3609 immortalis,
3374 3546 3573 3601 debere

1996 3641 2124 3701 dici,
2162 3640 2264 3713 Qui
2320 3640 2599 3708 cruciﬁxus
2642 3656 2695 3694 es
2721 3656 2814 3709 pro
2865 3640 3034 3703 nobis,
3088 3640 3347 3693 miserere.
3384 3637 3570 3691 nostri.

1998 3735 2152 3799 Quod
2187 3718 2406 3802 quidem
2443 3734 2875 3787 additamentum
2906 3731 3147 3787 Ecclesia
3180 3747 3286 3785 non
3322 3730 3569 3792 admisit,

2000 3839 2057 3881 nt
2088 3828 2230 3897 quod
2260 3834 2511 3896 quartam
2536 3841 2825 3895 personam
2852 3827 3095 3889 inducat,
3130 3833 3184 3879 et
3212 3824 3307 3878 Dei
3350 3824 3570 3888 Filium,

2001 3916 2303 3969 Sal-vatoris
2336 3915 2543 3967 scilicet
2574 3914 2968 3968 consistentem
3031 3913 3345 3967 facultatem
3368 3952 3383 3973 ,
3417 3924 3573 3966 seor-

1998 4022 2115 4060 sum
2162 4016 2345 4075 ponat,
2375 4018 2426 4060 et
2455 4004 2733 4060 Christum
2769 4007 3090 4060 crucifixum
3129 4017 3385 4075 tanquam
3407 4007 3570 4058 ailum

1997 4113 2026 4152 a
2069 4097 2219 4160 forti,
2251 4108 2304 4151 et
2336 4107 2591 4164 tanquam
2621 4098 3000 4152 affectionibus
3053 4098 3351 4165 subjectam
3392 4095 3576 4150 Trini~

1997 4199 2163 4244 tatem
2191 4172 2476 4259 gloriﬁcet,
2509 4202 2563 4242 et
2590 4189 2804 4243 Patrem
2836 4205 2941 4243 una
2984 4205 3107 4244 cum
3133 4189 3271 4243 Filio
3292 4188 3575 4257 crnciligat

1997 4294 2050 4339 et
2078 4284 2342 4351 Spiritum
2373 4291 2642 4336 sanctum.
2683 4282 2745 4335 Et
2769 4282 3009 4336 decrevit
3036 4281 3255 4351 quidem
3283 4282 3568 4336 sanctissi-

1998 4392 2148 4432 mum
2183 4376 2446 4445 hymnum
2481 4375 2568 4442 pie
2598 4373 2703 4428 dici
2750 4375 2817 4428 de
2852 4384 3042 4427 sancta
3092 4372 3391 4433 Trinitate,
3425 4372 3571 4440 quod

2000 4484 2094 4538 per
2131 4470 2329 4522 trinam
2360 4468 2700 4521 sanctitatem
2747 4477 2859 4522 tres
2881 4464 3416 4536 supersubstautialis
3451 4464 3572 4518 Dei-

328 4559 428 4624 τῆς
479 4560 710 4628 τρισσῆς
742 4562 1025 4629 ἁγιότητος
1060 4563 1159 4625 τὰς
1216 4566 1366 4631 τρεῖς
1415 4563 1514 4633 τῆς
1571 4565 1893 4634 ὑπερουσίου

2011 4561 2132 4614 tatis
2160 4573 2420 4629 personas
2450 4566 2637 4611 sancta
2680 4557 2839 4611 nobis
2896 4556 3182 4625 Seraphim
3231 4554 3568 4609 ostendant:

330 4648 587 4719 θεότητος
622 4654 951 4718 ὑποστάσεις
998 4656 1068 4709 τὰ
1088 4656 1221 4723 ἅγια
1262 4657 1515 4726 Σεραφὶμ
1548 4658 1681 4726 ἡμῖν
1717 4658 1899 4725 6mg.-

333 4740 624 4804 φαίνουσι·
655 4743 741 4795 διὰ
765 4746 819 4798 δὲ
851 4747 951 4816 τῆς
981 4748 1109 4817 μιᾶς
1142 4749 1465 4818 κυριότητος
1497 4749 1595 4814 τὴν
1634 4750 1761 4818 μίαν
1801 4752 1900 4820 τῆς

332 4831 631 4901 θεαρχικῆς
666 4837 894 4905 Τριάδος
934 4839 1127 4891 οὐσίαν
1158 4857 1217 4892 τε
1249 4842 1343 4892 καὶ
1380 4841 1660 4910 βασιλείαν
1694 4843 1898 4911 γνωρί-

333 4922 535 4984 ζουσι).
574 4927 814 4998 Εὕρηται
848 4932 903 4983 δέ
944 4933 1037 4983 καὶ
1091 4933 1149 4984 ἐν
1186 4934 1250 5002 τῇ
1282 4934 1709 5002 ἐκκλησιαστικῇ
1757 4935 1902 4987 ἱστο-

338 5014 427 5083 ρίᾳ
458 5014 572 5084 (90}
595 5017 677 5069 ὄτι
706 5021 1083 5084 λιτανεύοντος
1116 5020 1209 5074 τοῦ
1232 5023 1290 5074 ἐν
1322 5023 1901 5075 Κωνσταντινουπόλει

2005 4669 2101 4724 per
2128 4665 2292 4705 unam
2318 4666 2448 4705 vero
2473 4650 2897 4704 dominationem
2927 4662 3089 4703 unam
3136 4647 3330 4701 divinat
3382 4645 3575 4700 Trini-

2007 4746 2139 4800 tatis
2170 4745 2536 4799 substantiam
2579 4758 2915 4811 regnumqnc
2943 4741 3274 4802 signiﬁcant.
3302 4742 3361 4794 In
3398 4740 3574 4795 eccle-

2006 4837 2229 4892 siastica
2263 4844 2443 4889 autem
2479 4834 2704 4887 historia
2736 4834 3013 4889 inventum
3048 4843 3154 4898 est,
3187 4848 3310 4886 cum
3340 4831 3571 4901 populus

2003 4928 2479 4997 Constantinopoli
2513 4927 2870 4997 supplicaret,
2903 4938 3121 4996 propter
3168 4924 3433 4994 quasdam
3484 4924 3572 4978 di-

2004 5024 2213 5077 vinitus
2276 5023 2570 5076 intentatas
2643 5022 2861 5086 minas,
2930 5037 3050 5092 quae
3114 5033 3360 5091 tempore
3388 5021 3566 5075 Procli

1563 5133 1752 5193 Guill.
1790 5135 2116 5213 Beveregii
2150 5141 2338 5195 notua.

407 5226 519 5299 (90)
553 5227 807 5295 Εὕρηται
827 5231 895 5284 δὲ
922 5231 1017 5285 καί
1047 5233 1114 5285 ἐν
1144 5231 1215 5299 τῇ
1239 5231 1718 5298 ἐκκλησιαστικῇ
1741 5236 1900 5285 ἱστο-

325 5298 447 5372 ρίᾳ.
472 5298 617 5372 Sane
639 5301 748 5353 haec
774 5301 997 5354 hiStoria
1029 5304 1092 5355 de
1119 5298 1362 5372 'l‘risagio
1387 5320 1416 5358 a
1447 5303 1771 5370 Theophane
1801 5318 1857 5356 re
1876 5334 1888 5342 ο

332 5363 537 5441 f~rtnr,_
557 5370 639 5421 his
665 5372 840 5425 verbis
862 5390 875 5427 ι
896 5372 1022 5424 Ἐπὶ
1047 5373 1234 5426 τούτου
1258 5363 1352 5425 τ”οὖ
1375 5377 1430 5425 ἐν
1460 5363 1634 5441 ἁγίοῖς
1660 5373 1898 5439 Πρόκλου

338 5438 550 5512 σεισμοὶ
584 5442 837 5504 γεγόνασι
880 5443 1106 5511 μεγάλοι
1140 5446 1196 5497 ἐν
1233 5447 1298 5512 τῇ
1343 5438 1906 5495 Κωνσταντινουπόλει

332 5504 423 5581 ἐπὶ
453 5506 724 5581 τέσσαρας
760 5504 971 5578 μῆνάς,
998 5514 1136 5567 ὥστε
1178 5504 1503 5581 φοϐηθέντες
1536 5514 1583 5562 οί
1630 5512 1905 5575 Βυζάντιοι

332 5576 529 5661 ἔφυγον
559 5576 662 5642 ἔξω
689 5576 781 5647 τῆς
816 5576 1017 5661 πόλεως
1045 5585 1102 5635 ἐν
1130 5576 1205 5653 τῷ
1236 5576 1507 5661 λεγομένῳ
1531 5582 1785 5661 ﬁdum-(9°
1814 5585 1907 5634 καὶ

332 5651 475 5721 ᾖσαν
507 5651 1037 5721 προσκαρτεροῦντες
1080 5651 1214 5721 μετᾶ
1234 5654 1324 5705 τοῦ
1352 5651 1658 5721 ἕπισκόποί
1698 5651 1755 5704 ὲν
1788 5656 1906 5709 ταῖς

331 5714 525 5777 λιταῖς,
552 5714 835 5802 θκλάίοντες
864 5724 999 5802 πρὸς
1032 5714 1122 5802 τόν
1142 5722 1303 5802 Θεόν.
1347 5721 1579 5802 Ἒνιμιξ
1601 5716 1904 5802 οὖῖᾒμέρᾳ

335 5788 736 5860 κυμαίνομένης
754 5792 850 5862 τῆς
870 5788 991 5863 γῆς,
1008 5795 1104 5848 καὶ
1127 5793 1323 5855 παντὸς
1344 5793 1436 5847 τοῦ
1452 5788 1581 5845 λαοῦ
1600 5788 1889 5863 κράζοντος

2004 5233 2087 5284 τόο
2111 5232 2301 5301 Κύριε,
2326 5232 2562 5303 ἐλέησον,
2590 5232 2840 5295 ἐκτενῶς,
2867 5235 2991 5303 περὶ
3020 5234 3168 5303 ὥραν
3196 5234 3385 5303 τρίτην
3413 5234 3565 5303 ἄφνω

2008 5304 2224 5355 πάντων
2262 5302 2529 5372 ὁρώντων,
2567 5304 2761 5373 συνέϐη
2794 5305 2895 5356 ὑπὸ
2928 5302 3077 5367 θείας
3100 5302 3380 5367 δυνάμεως
3399 5302 3572 5372 ἀρθῆι

2006 5374 2093 5425 ναί
2118 5391 2236 5445 τινα
2265 5376 2542 5445 νεάνισκον
2584 5374 2775 5445 είςγτδν
2813 5376 2970 5445 ἀέρα,
3012 5378 3104 5428 καὶ
3142 5375 3367 5430 ἀκοῦσαι
3422 5375 3566 5445 θείας

2006 5443 2188 5514 φωνῆς
2222 5443 2593 5514 παραινούσης
2625 5443 2788 5495 αὐτὸν
2820 5443 3137 5511 ἀναγγεῖλαι
3172 5446 3247 5514 τῷ
3284 5444 3566 5512 ὲπισκόπῳ

2004 5512 2096 5564 καὶ
2124 5512 2198 5576 τῷ
2250 5512 2362 5578 λαῷ
2384 5513 2518 5563 λιται
2539 5512 2682 5564 εύειν
2707 5514 2876 5576 οὕτως
2904 5532 2915 5542 ⁸
2950 5514 3137 5581 ’Ἄγιος
3173 5517 3199 5566 6
3221 5512 3386 5578 Θεὸς,
3416 5514 3568 5579 ἅγιος

2008 5583 2261 5650 ἰσχυρὸς,
2316 5583 2465 5649 ἅγιος
2538 5581 2825 5648 ἀθάνατος,
2865 5584 3084 5652 ἐλέησον
3146 5585 3332 5652 ἡμᾶς,
3399 5582 3567 5650 μηδὲν

2002 5652 2187 5720 ἕτερον
2219 5653 2632 5722 προστεθέντας.
2680 5654 2737 5705 Ὀ
2769 5655 2823 5705 δὲ
2854 5659 2909 5707 ἐν
2942 5657 3112 5722 ἁγίοις
3146 5653 3403 5722 Πρόκλος,
3435 5652 3566 5722 ταοὶ-

2002 5713 2105 5793 την
2150 5713 2439 5793 δεξάμενος
2488 5724 2585 5791 τὴν
2643 5724 2934 5791 ἀπόφασιν,
2989 5713 3255 5793 ἐπέτρεψε
3312 5721 3389 5793 ξῷ
3453 5713 3563 5793 λαεῷ

1995 5786 2215 5861 ψάλλειν
2234 5792 2424 5858 οὕτως,
2449 5786 2980 5865 καὶέὐθέωζάπέστη
2998 5798 3025 5847 6
3044 5786 3286 5864 σεισμός,
3311 5786 3561 5857 Theopb.
