3992 6484
337 377 440 445 τεο

1265 384 1348 446 ΙΝ
1388 385 1556 447 CAN.
1580 383 1857 444 LXXXII
1895 381 2104 444 CONC.
2148 387 2228 448 ΙΝ
2260 390 2590 456 TRULLO.

3483 400 3614 461 7%.

337 498 559 554 ΔΡΙΣΤ.
596 516 615 550 ι
662 498 752 568 Τῷ
807 497 1081 570 τρισαγιῳ
1130 496 1285 568 ὕμνῳ
1332 498 1360 550 6
1392 497 1682 551 συνάπτων
1713 495 1794 558 τὸ,
1842 493 1899 551 ὐ

2074 498 2302 574 ARIST.
2352 524 2370 557 ‹
2417 508 2517 571 Qui
2552 510 2754 577 hymno
2781 508 3051 579 Trisagio,
3086 506 3243 574 illud,
3277 507 3382 575 Qui
3409 510 3591 565 cruci-

726 592 1082 662 σταυρωθεὶς,
1114 590 1446 661 ἑτερόδοξος.

411 686 665 755 Λέγεται,
695 687 771 751 ὡς
797 688 892 741 ἐπὶ
916 688 1016 758 τῆς
1051 684 1329 755 βασιλείας
1365 684 1646 739 Θεοδοσίου
1675 683 1768 737 τοῦ
1808 684 1914 737 Μι-

344 781 478 848 κροῦ
510 780 653 850 ῆρθη
679 780 892 837 παιδίον
928 782 984 833 ὲν
1011 784 1078 852 τῇ
1111 781 1205 833 τοῦ
1245 780 1468 849 κάμπου
1504 778 1649 849 λιτῇ,
1694 779 1788 830 καὶ
1816 778 1911 830 ἐπὶ

342 872 542 930 πολλὰς
571 873 719 943 ὥρας
774 875 1049 940 μετέωρον
1087 873 1303 940 γέγονε,
1354 874 1451 925 καὶ⁸
1500 872 1705 942 ἢκουσε
1757 869 1909 936 θείας

342 965 547 1032 φωνῆς,
601 965 674 1033 μὴ
725 964 1073 1033 προστιθέναι
1125 967 1182 1021 ὲν
1238 964 1318 1035 τῷ
1366 964 1655 1034 Τρισαγίῳ,
1700 962 1792 1015 τόο
1846 960 1913 1014 '0

338 1046 711 1124 σταυρωθεὶςέ
750 1056 825 1110 δι’
880 1056 1057 1124 ἡμᾶς,
1107 1058 1182 1120 ὡς
1212 1060 1239 1109 ὁ
1283 1059 1593 1128 παράφρων
1630 1054 1842 1117 Παῦλος
1882 1056 1912 1107 6

345 1149 697 1215 Σαμοσατεὺς
734 1148 995 1219 ὲληρὼδει
1036 1149 1170 1219 (9|).
1198 1150 1267 1204 Εἰ
1291 1140 1374 1221 τις
1398 1147 1492 1203 οὖν
1529 1148 1628 1220 τὴν
1655 1147 1912 1217 τοιαύτην

339 1242 526 1310 φωνὴν
554 1240 632 1309 τῷ
671 1241 953 1312 Τρισαγίῳ
1011 1242 1166 1312 ῦμνῳ
1197 1244 1447 1313 συνάψει.
1498 1244 1575 1307 ὡς
1603 1241 1910 1311 ὲτερόδοξος

341 1333 940 1401 ἁναθεματισθήσεται.
968 1335 1235 1405 Εύρήσεις
1259 1335 1316 1389 δὲ
1347 1340 1440 1388 καὶ
1480 1338 1538 1388 ὲν
1577 1335 1655 1405 τῷ
1685 1338 1911 1404 Δαμασ-

339 1424 491 1493 κηνῴ
536 1430 615 1491 νγ¹
647 1425 944 1490 κεφάλαιον
989 1426 1355 1497 διαλαμϐάνον
1388 1427 1728 1498 πλατύτερον
1780 1426 1910 1497 περὶ

336 1516 433 1570 τοῦ
468 1517 803 1586 Τρισαγὲου,
834 1519 927 1573 καὶ
965 1520 1055 1575 διὰ
1099 1522 1264 1575 ποίαν
1300 1522 1481 1575 αἰτίαν
1514 1520 1656 1593 ἤρθη
1687 1522 1748 1575 τὸ
1780 1538 1909 1573 παι-

337 1627 469 1664 οιον.

915 1707 1150 1761 ΚΑΝΩΝ
1187 1705 1311 1765 IlB'.

2022 622 2042 659 ι
2085 602 2245 666 ﬁxus,
2274 600 2543 669 adiungit,
2581 602 2947 659 beterodoxus
2972 612 3251 657 censetur.

2088 696 2491 765 Dicitur,quod
2535 698 2635 750 sub
2690 694 2989 750 Theodosii
3037 692 3289 750 Junioris
3351 695 3585 766 imperio

2017 808 2152 860 puer
2192 794 2243 844 in
2284 791 2459 854 rampi
2495 789 2751 857 precibus
2781 789 3028 845 sublatus
3063 798 3145 842 est
3176 828 3191 849 .
3238 796 3291 842 et
3322 804 3417 856 per
3449 787 3590 841 mul-

2015 894 2101 940 tas
2138 886 2301 939 horas
2332 883 2384 937 itt
2419 883 2636 938 sublimi
2663 898 3006 950 suspensus;
3051 891 3107 935 et
3143 881 3357 934 audivit
3396 895 3588 937 vocem

2016 977 2280 1037 divinam,
2315 993 2381 1031 ne
2413 976 2538 1037 hoc,
2578 975 2679 1039 Qui
2710 993 2804 1043 pro
2832 974 2978 1027 nobis
3011 976 3297 1041 cruciﬁxus
3320 1015 3333 1036 ,
3364 973 3420 1027 in
3464 971 3588 1027 Tri-

2016 1070 2171 1137 sagio
2207 1068 2517 1128 adderetur,
2553 1077 2609 1121 ιιι
2641 1082 2878 1120 vesanus
2930 1067 3133 1119 Paulus
3186 1066 3590 1119 Samosatcuns

2015 1161 2187 1217 delire
2219 1160 2520 1216 cﬂ‘uticbat.
2556 1157 2610 1211 Si
2635 1159 2758 1230 quis
2786 1160 2967 1225 itaque
2989 1161 3151 1211 talem
3176 1174 3361 1212 vocent
3389 1157 3593 1227 hymno

2015 1254 2266 1323 Trisagio
2300 1252 2654 1318 adjunxerit,
2705 1259 2764 1304 ut
2816 1250 3183 1325 ltetcrodoxus
3241 1250 3588 1304 anathemate

2015 1345 2371 1416 percutietur.
2403 1343 2653 1398 Invenies
2683 1356 2864 1398 autem
2902 1344 2955 1398 in
2989 1344 3328 1396 Damasceno
3359 1358 3480 1411 cap.
3516 1341 3585 1395 54

2013 1442 2081 1494 de
2126 1438 2379 1508 Ttisagio
2440 1437 2656 1503 plenius
2718 1447 3001 1501 tractans;
3070 1449 3122 1490 ut
3153 1447 3375 1506 propter
3416 1451 3583 1505 quam

2014 1548 2236 1587 causam
2271 1546 2406 1601 puer
2436 1531 2489 1584 in
2522 1529 2744 1585 sublimi
2782 1530 3157 1583 attollebatur.

2538 1714 2765 1770 CANON
2807 1711 3069 1766 LXXXII.

346 1815 367 1847 ι
418 1798 516 1851 Ἕν
542 1817 653 1853 τισι
688 1799 796 1855 τῶν
832 1801 1048 1871 σεπτῶν
1080 1801 1307 1855 εἰκόνων
1338 1803 1579 1871 γραφαῖς
1614 1803 1788 1868 ἀμνὸς
1812 1803 1904 1856 δα-

2075 1810 2221 1869 lutet“
2255 1810 2546 1864 nonnullas
2572 1808 2970 1862 venerabilium
3002 1806 3298 1875 imaginum
3323 1803 3585 1873 picturas,

416 1908 437 1941 ι
484 1891 665 1963 κτύλῳ
679 1891 772 1945 τοῦ
786 1893 1100 1963 Προδρόμου
1121 1892 1470 1963 δεικνύμενος
1488 1895 1904 1965 ὲγχαράττεται,

418 2002 436 2034 t
477 1982 534 2044 ὃς
565 1984 645 2046 είς
668 1983 836 2037 τύπον
862 1984 1187 2054 παρελήφθη
1214 1984 1313 2054 τῆς
1343 1985 1567 2054 χάριτος
1596 1985 1687 2038 τὸν
1717 1985 1907 2054 ἀληθιο

418 2095 437 2127 σ
477 2077 567 2152 νὸν
598 2078 729 2145 ἡμῖν
767 2076 855 2130 διὰ
892 2077 1060 2145 νόμου
1098 2078 1524 2144 προῦποφαίνων
1565 2078 1737 2147 ἀμνὸν
1765 2080 1903 2147 Χρι-

417 2186 438 2219 ι
480 2167 602 2221 στὸν
625 2167 714 2221 τὸν
747 2168 879 2222 Θεὸν
902 2168 1078 2239 ἡμῶν.
1121 2170 1260 2233 Τοὺς
1282 2166 1377 2225 οὖν
1403 2171 1663 2235 παλαιοὺς
1702 2172 1904 2238 τύπους

416 2278 437 2309 ι
487 2261 583 2313 καὶ
611 2260 709 2323 τὰς
735 2260 914 2324 σκιὰς,
939 2261 1012 2323 ὡς
1038 2262 1131 2332 τῆς
1161 2262 1421 2331 ἀληθείας
1444 2263 1688 2335 σύμϐολα
1712 2282 1772 2318 τε
1808 2269 1904 2320 καὶ

414 2372 431 2403 ε
484 2356 943 2425 προχαράγμανα,
988 2357 1052 2425 τῇ
1099 2354 1395 2428 Ἐκκλησία
1436 2356 1904 2428 παραδεδομένους

414 2465 433 2497 ι
480 2447 981 2518 κατασπαζόμενοι,
1035 2448 1137 2518 τὴν
1170 2450 1331 2520 χάριν
1385 2450 1745 2521 προτιμῶμεν
1806 2451 1903 2505 καὶ

415 2561 434 2591 ‹
479 2541 579 2611 τὴν
607 2542 889 2612 ἀλήθειαν,
917 2542 993 2605 ὡς
1021 2543 1294 2614 πλήρωμα
1317 2544 1486 2613 νόμου
1528 2544 1736 2615 ταύτην
1766 2545 1901 2598 ὕπο-

412 2622 433 2682 i
476 2634 780 2702 δεξάμενοι.
824 2636 912 2698 Ὠς
944 2636 1011 2689 ἂν
1041 2634 1134 2689 οῦν
1163 2637 1223 2689 τὸ
1254 2638 1458 2692 τέλειον
1486 2639 1588 2692 κάν
1615 2641 1736 2702 ταῖς
1757 2656 1903 2709 χρωρ

416 2745 433 2775 ε
485 2726 839 2795 ματουργίαις
875 2727 934 2779 ὲν
975 2730 1097 2791 ταῖς
1119 2728 1375 2792 ἁπᾲντων
1410 2730 1600 2804 ὄψεσιν
1649 2732 1899 2804 ὑπογρά-

416 2835 436 2870 t
481 2835 666 2887 φηται,
701 2819 789 2872 τὸν
826 2819 918 2872 τοῦ
946 2820 1194 2889 αἴροντος
1232 2824 1329 2892 τὴν
1360 2800 1639 2894 ἁμαρτίαν
1665 2800 1896 2895 κόσμου,

415 2931 431 2962 ι
478 2910 651 2979 ἀμνοῦ
684 2913 924 2981 Χριστοῦ
980 2913 1076 2967 τοῦ
1112 2915 1248 2968 Θεοῦ
1283 2916 1463 2987 ἡμῶν,
1510 2918 1651 2972 κατὰ
1683 2920 1775 2973 τὸν
1801 2922 1900 2973 ἀν-

414 3022 433 3054 ι
481 3002 753 3072 θρώπινον
783 3007 1109 3076 χαρακτῆρα
1168 3007 1265 3062 καὶ
1298 3011 1357 3061 ὲν
1386 3012 1511 3072 ταῖς
1556 3012 1763 3065 εἰκόσιν
1791 3012 1902 3069 ἀπὸ

417 3115 436 3145 ι
481 3095 572 3148 τοῦ
610 3096 725 3161 νῦν,
773 3100 895 3155 ἀντὶ
929 3097 1027 3151 τοῦ
1056 3100 1291 3154 παλαιοῦ
1323 3102 1519 3171 ἀμνοῦ,
1565 3105 1897 3177 ἀναστοηλοῦ·

419 3205 437 3237 ι
480 3190 604 3242 σθαι
634 3190 914 3260 ὁρίζομεν,
948 3192 1015 3246 δι’
1040 3192 1207 3245 αὐτοῦ
1254 3194 1314 3247 τὸ
1369 3195 1471 3265 τῆς
1518 3197 1903 3261 ταπεινώσεως

414 3298 434 3332 ι
478 3280 572 3334 τοῦ
598 3282 734 3337 Θεοῦ
763 3284 938 3353 Λόγου
966 3288 1375 3352 κατανοοῦντες,
1405 3290 1657 3360 καὶπρὸς
1683 3293 1905 3364 μνήμην

422 3392 445 3425 ι
487 3376 586 3446 τῆς
610 3378 670 3430 ὲν
708 3378 872 3449 σαρκὶ
923 3379 1221 3443 πολιτείας,
1257 3382 1352 3435 τοῦ
1391 3400 1451 3436 τε
1503 3384 1708 3448 πάθους
1736 3387 1904 3441 αύτοῦ

422 3484 445 3517 ι
487 3468 585 3520 καὶ
613 3468 708 3523 τοῦ
765 3474 1036 3544 σωτηρίου
1092 3474 1325 3530 θανάτου
1382 3478 1902 3550 χειραγωγούμενοι,

414 3581 435 3612 ι
479 3563 575 3614 καὶ
602 3563 703 3632 τῆς
729 3564 974 3622 ἐντεῦθεν
1007 3571 1310 3641 γενομένης
1358 3572 1438 3643 τῷ
1479 3575 1670 3646 κόσμῳ
1706 3577 1903 3631 ἀπολυν

421 3669 441 3701 ι
481 3651 756 3721 τρώσεως.

412 3746 606 3802 ΒΑΔΣ.
647 3750 773 3803 Ὅτε
830 3751 929 3821 τὴν
987 3752 1129 3806 κατά
1182 3754 1294 3807 τῶν
1330 3759 1695 3825 πρωτοτόκων
1733 3762 1905 3830 Λίγυ-

342 3839 507 3891 ειτίων
544 3840 770 3910 ἀπειλὴν
814 3842 1095 3915 διελάλησε
1130 3830 1283 3901 ’κατὰ
1326 3848 1574 3903 κέλευσιν
1621 3854 1713 3905 τοῦ
1770 3854 1903 3909 Θεοῦ

342 3930 369 3981 ὸ
420 3930 695 4003 Μωῦσῆς.
733 3935 1034 3990 ἐνετείλατο
1078 3938 1194 3998 τοῖς
1273 3939 1544 4010 Ἑϐραίοις
1603 3948 1900 4013 σφαγιάσαι

342 4024 506 4091 ἀμνὸν
529 4066 543 4085 ,
579 4026 681 4079 aut
702 4027 780 4097 τῷ
812 4028 1005 4095 αἵματι
1031 4030 1220 4083 τούτου
1247 4033 1534 4103 γρισθῆναι
1555 4036 1652 4099 τὰς
1685 4038 1900 4091 Ἰουδαῖ-

342 4117 442 4176 xi;
487 4116 668 4186 φλιὰς,
694 4120 768 4181 ὡς
801 4119 868 4173 ἂν
916 4121 1105 4176 ᾶῦατοι
1131 4117 1233 4177 ὦσι
1273 4124 1351 4192 τῷ
1399 4126 1510 4179 τῶν
1541 4132 1903 4199 πρωτοτόκων

342 4206 668 4278 όλοθρευτῇο
721 4210 1035 4279 Προετύπου
1091 4210 1185 4267 οὖν
1237 4216 1266 4268 6
1297 4217 1539 4281 τοιοῦτος
1590 4221 1762 4290 ἀμνὸς
1812 4225 1902 4276 τὸν

344 4298 570 4365 Κύριον.
602 4300 765 4353 Ὅθεν
794 4302 890 4355 καὶ
922 4304 949 4355 6
986 4305 1160 4373 μέγας
1190 4308 1248 4359 ἐν
1272 4312 1582 4379 προφήταις
1613 4314 1709 4365 καὶ
1744 4314 1899 4384 ίσάγ-

344 4392 499 4458 γελος
545 4394 854 4465 πρόδρομος
893 4396 1019 4450 ἰδὼν
1063 4400 1155 4452 τὸν
1201 4401 1404 4473 Κύριον
1429 4405 1639 4475 Ἰησοῦν
1668 4407 1902 4478 Χριστὸν

2088 1922 2107 1955 ι
2147 1918 2321 1971 agnus
2348 1942 2362 1963 ,
2416 1901 2508 1971 qui
2567 1900 2741 1967 digito
2798 1900 3164 1954 Praecursoris
3202 1907 3541 1958 monstratur
3568 1937 3583 1959 ,

2088 2013 2107 2046 α
2146 1994 2484 2063 depingitur,
2516 1994 2608 2062 qui
2647 1995 2712 2045 ad
2752 1995 2941 2061 gratia:
2985 1993 3211 2058 ligurum
3262 1996 3586 2055 assumptus

2086 2108 2104 2140 ι
2142 2096 2248 2150 est,
2278 2105 2467 2143 verum
2497 2088 2658 2142 nobis
2689 2093 2900 2158 Agnum
2954 2103 3050 2156 per
3099 2086 3270 2153 legem
3298 2082 3583 2139 Christum

2083 2199 2104 2233 ι
2148 2180 2316 2236 Deum
2351 2190 2601 2237 nostrum
2648 2191 3099 2249 przemonstrans.
3150 2179 3422 2247 Antiquas
3453 2193 3584 2247 ergo

2084 2290 2105 2325 ι
2148 2271 2349 2341 ﬁguras
2382 2281 2436 2326 et
2466 2271 2713 2334 umbras,
2741 2280 2801 2325 ut
2838 2270 3089 2325 veritatis
3119 2273 3276 2339 signa
3304 2279 3358 2323 et
3385 2269 3583 2323 chara-

2082 2386 2100 2420 ι
2142 2375 2343 2431 cteres,
2366 2365 2626 2425 Ecclesia:
2652 2364 2885 2421 traditas
2908 2366 3318 2433 amplectentes.
3348 2362 3579 2432 gratiam

2082 2480 2100 2517 ι
2138 2469 2192 2515 et
2213 2461 2501 2518 veritatem
2538 2474 2948 2529 prmponamus,
2977 2473 3097 2513 eam
3140 2468 3197 2509 ut
3223 2456 3357 2525 togis
3388 2455 3583 2523 implev

2082 2572 2102 2603 σ
2143 2553 2350 2608 tionem
2379 2552 2771 2621 suscipientes.
2816 2552 2880 2607 Ut
2908 2566 3038 2621 ergo
3078 2550 3225 2620 quod
3279 2547 3581 2618 perfectum

2079 2664 2098 2696 ι
2140 2656 2243 2707 est,
2287 2644 2480 2699 saltem
2520 2644 2800 2699 coloribus
2824 2642 3415 2715 elIigiatutn,omnium
3460 2654 3582 2693 ocu-

2078 2759 2097 2791 ι
2141 2739 2209 2794 lis
2240 2739 2586 2805 subjiciatur,
2638 2738 2778 2807 Agni
2811 2738 2965 2803 ejus,
2999 2738 3092 2806 qui
3119 2736 3259 2789 tollit
3297 2740 3581 2804 peccatum

2078 2852 2097 2885 t
2137 2832 2349 2898 mundi,
2375 2831 2578 2887 Christi
2603 2831 2695 2885 Dei
2725 2832 2923 2895 nostri,
2958 2831 3132 2885 instar
3178 2829 3416 2883 hominis
3447 2825 3580 2880 cha-

2079 2946 2099 2979 (
2140 2925 2619 2989 racterem,etiam
2677 2925 2732 2980 in
2788 2925 3126 2994 imaginibus
3171 2922 3429 2990 deinceps
3481 2933 3582 2989 pro

2081 3041 2099 3073 ι
2141 3020 2310 3075 veteri
2346 3034 2488 3090 agno
2534 3018 2701 3074 statui
2756 3017 3019 3085 jubemus
3052 3055 3068 3079 ,
3128 3024 3187 3069 ut
3246 3030 3341 3083 per
3401 3014 3579 3082 ipsum

2084 3134 2102 3167 ι
2136 3112 2300 3183 Verbi
2338 3115 2429 3167 Dei
2477 3111 2914 3165 bumiliationem
2968 3118 3156 3165 mente
3213 3107 3579 3175 comprehen-

2082 3228 2102 3261 ι
2144 3208 2361 3279 dentes,
2399 3207 2463 3260 ad
2497 3206 2815 3265 memoriam
2869 3218 3091 3274 quoque
3140 3200 3262 3270 ejus
3313 3201 3367 3254 in
3415 3215 3581 3255 carne

2085 3321 2104 3354 ι
2144 3300 2609 3362 conversationis,
2632 3298 2863 3368 ejusque
2892 3296 3170 3367 passionis
3214 3304 3269 3350 et
3320 3291 3589 3349 salutaris.

2084 3415 2104 3448 ‹
2145 3395 2341 3450 mortis
2371 3408 2534 3448 manu
2568 3392 2858 3454 ducamur.
2902 3389 3137 3459 ejusque
3169 3402 3289 3459 qua:
3311 3402 3377 3442 ex
3404 3401 3472 3441 eo
3498 3384 3579 3439 iae-

2083 3507 2103 3541 ι
2136 3496 2223 3544 cta
2253 3496 2337 3542 est
2366 3485 2574 3540 mundo
2600 3483 3015 3554 redemptionis.
3056 3503 3074 3535 ι

2082 3757 2276 3812 BALB.
2310 3754 2601 3823 Quomodo
2626 3752 2892 3809 adversus
2939 3750 3321 3823 Egyptiorttm
3372 3749 3577 3817 primo-

2008 3857 2188 3928 genita
2219 3854 2396 3908 Moses
2423 3852 2579 3920 jussu
2610 3849 2704 3902 Dei
2736 3846 2987 3902 elocutus
3026 3856 3107 3901 est
3133 3885 3151 3910 ,
3175 3845 3340 3913 jussit
3369 3843 3438 3896 ab
3474 3840 3579 3895 He-

2006 3951 2167 4005 braeis
2192 3963 2391 4019 agnum
2417 3943 2675 4001 interﬁci.
2700 3948 2756 3997 et
2786 3942 2906 4008 ejus
2955 3941 3220 4009 sanguine
3268 3935 3575 3991 Iudaeorum

2006 4032 2195 4095 limina
2228 4039 2415 4104 inungi
2453 4054 2466 4088 :
2503 4043 2562 4088 ut
2593 4050 2620 4085 a
2678 4032 3163 4103 primogenitorutn
3227 4030 3575 4084 destructore

2006 4137 2072 4188 ad
2104 4148 2198 4187 eos
2231 4130 2368 4184 adiri
2411 4142 2518 4181 non
2552 4133 2757 4194 posset.
2794 4124 2893 4177 Hic
2920 4140 3049 4192 ergo
3100 4138 3273 4193 agnus
3322 4123 3579 4190 praeﬁgu-

2008 4227 2162 4280 rabat
2193 4223 2506 4279 Domintun.
2546 4218 2693 4272 Unde
2724 4218 2887 4273 etiam
2926 4232 3152 4287 magnus
3184 4217 3443 4284 propheta
3479 4233 3578 4270 an-

2005 4320 2244 4389 gelisque
2264 4314 2486 4383 :rqualis
2513 4312 2844 4371 Pra’cttrsor,
2871 4324 2993 4361 cum
3021 4309 3302 4361 hominum
3324 4314 3378 4361 et
3407 4307 3572 4359 Deum

2006 4421 2248 4465 nostrum
2269 4407 2453 4462 Jesum
2481 4406 2757 4458 Christum
2787 4402 3033 4464 vidisset,
3054 4401 3209 4454 dixit:
3230 4400 3369 4454 Ecce
3388 4403 3574 4465 Agnus

344 4488 436 4581 οιαὶ
467 4485 601 4539 Θεὸν
652 4487 831 4559 ἡμῶν,
874 4484 1051 4546 εἶπεν.
1095 4492 1226 4546 Ἰδοὺ
1270 4497 1297 4547 ό
1333 4495 1505 4564 ἀμνὸς
1537 4498 1631 4551 τοῦ
1676 4500 1813 4554 Θεοῦ
1873 4506 1899 4556 6

2038 4499 2102 4554 tei
2128 4538 2142 4559 ,
2179 4496 2349 4551 Filius
2384 4494 2560 4548 Patris
2586 4534 2601 4557 ,
2634 4494 2723 4561 qui
2772 4491 2909 4545 tollit
2954 4500 3233 4559 peccatum
3290 4491 3475 4546 mundi
3496 4492 3568 4545 ο¹¹.

344 4576 468 4640 Υίὸς
495 4577 590 4630 τοῦ
619 4579 851 4649 Πατρὸς,
878 4581 907 4633 6
926 4582 1095 4651 αἴρων
1118 4584 1216 4653 τὴν
1245 4586 1519 4656 ἁμαρτίαν
1548 4592 1640 4643 τοῦ
1672 4593 1907 4662 κόσμου,

342 4668 495 4732 Τινὲς
551 4670 671 4736 οὖν,
733 4673 791 4726 ὲν
820 4674 1003 4741 ἁγίαις
1064 4676 1238 4728 εἰκόσι
1272 4678 1363 4729 τὸν
1401 4678 1556 4747 ἅγιον
1594 4684 1902 4756 Πρόδρομον

340 4760 795 4830 ἁναστηλοῦντες,
829 4766 999 4835 ἀμνὸν
1031 4767 1259 4837 ἀντικρὺ
1310 4770 1476 4823 αὑτοῦ
1532 4774 1901 4846 ἁνεχάραττον

244 4868 251 4874 ·
341 4852 442 4904 ὑπὸ
478 4853 574 4905 τοῦ
600 4855 912 4927 Προδρόμου
936 4857 1555 4931 δακτυλοδεικτούμενον
1592 4865 1703 4936 (92)
1732 4871 1901 4925 Τοῦτο

337 4945 515 4996 τοίνυν
553 4947 586 5015 ἡ
641 4947 776 5014 ἁγία
833 4947 1047 5007 σύνοδος
1101 4951 1505 5022 ἁποτρέπουσα,
1553 4956 1773 5027 ὥρισεν,
1824 4962 1899 5026 ὡς

337 5031 459 5084 ἐπεὶ
487 5034 516 5085 6
548 5036 718 5102 ἀμνὸς
748 5037 829 5099 εἰς
861 5036 1034 5091 τύπον
1061 5040 1160 5109 τῆς
1190 5040 1444 5109 ἀληθείας
1472 5046 1819 5119 παρελήφθη,
1844 5054 1899 5105 αἱ

339 5125 491 5179 σκιαὶ
521 5125 577 5177 δὲ
612 5128 703 5179 καὶ
730 5128 777 5179 οί
808 5128 970 5183 τύποι
999 5135 1090 5184 καὶ
1119 5132 1187 5185 τὰ
1214 5132 1459 5202 σύμϐολα
1483 5137 1788 5209 παρῆλθον,
1822 5141 1899 5206 ὡς

336 5216 435 5282 τῆς
509 5216 767 5287 ἀληθείας
828 5223 1376 5296 παρῤησιασθείσηςο
1428 5232 1899 5302 κατασπαζόμεθα

412 5379 456 5410 ³⁸
479 5377 638 5434 Joan.
686 5399 725 5444 ι,
751 5382 839 5439 29.

2012 4592 2242 4657 Quidam
2277 4603 2407 4653 ergo
2438 4588 2489 4639 itt
2525 4586 2699 4640 sacris
2749 4583 3072 4653 imaginibus
3124 4592 3370 4637 sanctum
3425 4582 3575 4638 Prte-

2009 4696 2290 4753 cnrsorem
2324 4679 2714 4741 describentes,
2746 4692 2777 4730 e
2809 4678 3026 4745 regione
3059 4675 3180 4740 ejus
3221 4691 3418 4743 agnum
3477 4677 3575 4728 im-

2011 4774 2340 4845 pritnebant,
2364 4771 2453 4838 qui
2481 4785 2508 4821 a
2543 4768 2910 4822 Prsacursoris
2943 4767 3113 4836 digito
3139 4766 3569 4823 monstrabatur.

2009 4869 2123 4923 Hoc
2150 4880 2279 4934 ergo
2311 4871 2499 4917 sancta
2528 4860 2772 4932 synodus
2807 4858 3124 4929 prohibens,
3155 4859 3347 4936 statuit
3403 4860 3572 4929 quod,
3624 4900 3639 4911 κ

2009 4960 2268 5031 quoniam
2301 4972 2475 5026 agnus
2506 4954 2560 5007 in
2613 4966 2795 5023 typum
2852 4953 3095 5007 veritatis
3142 4962 3398 5021 acceptus
3451 4965 3571 5020 est,

2009 5050 2216 5104 umbrae
2245 5057 2423 5102 autem
2464 5055 2518 5099 et
2548 5045 2700 5114 signa
2737 5050 2791 5097 et
2824 5044 2933 5114 typi
2960 5046 3361 5110 praeterierunt,
3388 5052 3573 5113 utpote

2008 5159 2131 5197 cum
2160 5142 2363 5195 veritas
2384 5138 2726 5201 exhibeatur,
2765 5146 2920 5205 typos
2950 5150 3169 5206 quoque
3217 5146 3270 5192 et
3326 5139 3569 5202 umbras,

2011 5244 2073 5288 ut
2102 5233 2257 5304 signa
2308 5229 2577 5295 veritatis,
2632 5228 3060 5298 amplectimur;
3126 5230 3221 5285 sed
3286 5230 3570 5287 veritatem

1568 5484 1764 5546 Guill.
1793 5488 2116 5570 Beveregii
2148 5498 2337 5552 notae.

407 5617 541 5697 (9l_)_
562 5618 799 5697 Πιῄλος
836 5622 868 5673 ό
899 5624 1320 5697 Σαμοααντεὺς
1350 5624 1650 5694 ἐληρώὸει.
1692 5636 1897 5685 Ανὶειο-

340 5701 444 5741 nus
490 5688 578 5741 hic
633 5689 857 5742 Paulum
912 5688 1032 5745 cum
1079 5693 1235 5747 Petro
1277 5688 1615 5752 confundere
1657 5699 1893 5756 videtur.

341 5756 691 5837 Neque-enim
723 5759 922 5837 Paulus
942 5762 1346 5827 Samusatenus.
1376 5767 1473 5820 sed
1498 5767 1688 5824 Petrus
1718 5769 1892 5837 Fullo,

344 5828 421 5883 sic
457 5827 718 5886 delirasse
750 5832 1087 5901 perhibetur.

2074 5635 2188 5705 (92)
2217 5637 2933 5707 Δακτυλοδεικνούμενον.
2963 5639 3147 5694 Codex
3181 5628 3569 5694 Amerbacbia-

2001 5722 2104 5760 nus
2163 5715 2217 5762 et
2261 5707 2599 5765 Etouiensis
2646 5710 2848 5764 rectius
2901 5711 3080 5781 legunt
3121 5709 3567 5763 δακτυλοδεκτού-

2004 5792 2183 5843 μενον.
