3992 6484
429 374 526 439 791

1689 385 1973 445 TIIEOD.
2006 387 2097 445 BA
2110 385 2417 446 LSAMON

3550 387 3645 448 702

428 485 812 553 praeponimus.
853 488 917 541 Et
948 489 1067 544 ideo
1096 500 1275 561 typum
1330 493 1546 563 quidem
1607 511 1829 551 cissarc
1885 507 1993 551 sta-

2111 496 2197 549 ιὲν
2232 496 2326 549 καὶ
2360 496 2488 557 τοὺς
2521 496 2723 557 τύπους
2755 493 2850 545 καὶ
2875 491 2972 551 τάς
3004 490 3159 551 σκιὰς
3194 490 3267 553 ὡς
3290 493 3389 563 τῆς
3410 491 3649 561 ἀληθείας

428 586 812 646 ιιιθτιιιιῑςςρτο
862 595 1005 648 agno
1055 592 1236 638 autem
1295 585 1348 637 in
1403 588 1608 641 sanctis
1663 588 1998 657 imaginibus

427 671 603 735 ipsum
639 670 921 725 Dominum
946 682 998 727 et
1031 676 1198 730 Deum
1233 686 1479 732 nostrum
1508 678 1690 736 Iesum
1720 682 1995 736 Christum

433 760 671 811 humana
701 760 872 815 forma
906 763 1162 819 describi.
1197 767 1250 819 Si
1289 768 1402 822 haec
1434 781 1611 823 autem
1661 771 1733 824 ita
1785 785 1844 823 se
1904 773 2000 824 ha-

430 852 612 914 beant,
642 868 734 909 eos
761 855 898 907 male
928 855 1103 911 facere
1166 860 1439 923 arbitror,
1497 863 1589 929 qui
1652 863 1704 915 in
1766 864 1997 918 ecclesia

428 942 713 997 columbas
743 948 999 1000 euuttunt
1030 964 1126 1017 pro
1183 952 1354 1005 sancti
1412 952 1650 1022 Spiritus
1711 955 1995 1010 adventu:

427 1046 479 1086 et
511 1035 600 1102 qui
638 1051 734 1102 pro
762 1037 850 1091 illa
887 1042 1066 1106 stella,
1104 1058 1224 1112 quae
1274 1060 1418 1099 novo
1464 1047 1623 1101 modo
1678 1056 2003 1116 apparuerat

429 1136 483 1176 et
527 1135 644 1178 erat
687 1128 1045 1197 admirabilis,
1097 1150 1286 1187 cereos
1313 1136 1617 1190 accendunt
1657 1148 1752 1191 :et
1787 1138 1878 1206 qui
1918 1138 2004 1189 in-

430 1216 696 1275 eﬂ'abilem
730 1232 783 1275 et
818 1224 1112 1278 salutarem
1146 1227 1361 1281 Domini
1395 1238 1447 1282 et
1480 1229 1572 1284 Dei
1603 1239 1656 1285 et
1696 1230 2003 1285 Servatoris

433 1312 601 1365 nostri
632 1312 758 1368 Jesu
793 1316 993 1371 Christi
1047 1312 1449 1388 generationem
1511 1337 1685 1391 puero
1740 1332 1795 1376 et
1846 1324 2002 1377 thoro

431 1412 603 1456 strato
625 1410 958 1489 exprimunt,
988 1416 1041 1463 et
1069 1426 1191 1480 quae
1225 1420 1347 1466 sunt
1398 1428 1562 1481 supra
1629 1413 1893 1467 rationem
1945 1422 2001 1467 et

434 1495 633 1547 mentis
667 1496 1052 1564 cogitationem
1083 1501 1338 1555 humanis
1369 1501 1566 1593 stu‘diis
1608 1502 1945 1556 describunt.

2105 588 2375 658 σύμϐολα,
2432 585 2838 657 προτιμώμεθα
2870 586 2926 639 δὲ
2985 586 3082 655 τὴν
3120 587 3395 655 ἀλήθειαν.
3438 588 3523 637 Διὸ
3567 592 3651 641 καὶ

2104 679 2310 749 ὥρισαν
2350 680 2414 731 τὰ
2454 680 2551 746 μὲν
2580 677 2674 730 τοῦ
2706 675 2878 729 τύπου
2936 676 3196 747 σχολάσαι
3216 691 3230 703 ·
3257 678 3379 729 ἀντὶ
3404 674 3457 728 δὲ
3486 677 3647 745 ἀμνοῦ

2104 773 2161 823 ἐν
2186 774 2307 832 ταῖς
2339 771 2521 838 ἁγίαις
2557 770 2763 821 εἰκόσιν
2789 768 3221 836 ἀναστηλοῦσθαι
3246 767 3405 819 αὑτὸν
3433 768 3520 820 τὸν
3549 770 3654 821 Κύ.

2106 879 2224 931 ριον
2269 861 2429 931 ὴμῶν
2479 861 2695 931 Ἰησοῦν
2728 861 2961 930 Χριστὸν
2996 864 3090 914 καὶ
3126 862 3259 913 Θεὸν
3312 860 3491 929 ἡμῶν,
3525 863 3654 915 κατὰ

2104 953 2196 1005 τὸν
2253 952 2592 1021 ἀνθρώπινον
2649 952 2998 1023 χαρακτῆρα.
3060 950 3120 1005 Εἰ
3170 952 3225 1004 δὲ
3276 951 3449 1004 ταῦτα
3495 951 3656 1014 οὕτως

2105 1043 2315 1113 ἔχουσι,
2349 1043 2559 1113 νομίζω
2592 1045 2672 1097 ὅτι
2701 1045 2888 1107 κακῶς
2922 1044 3170 1097 ποιοῦσιν
3194 1046 3240 1095 οἱ
3271 1043 3356 1095 ἐπ’
3383 1042 3656 1110 ἐκκλησίας

2111 1140 2444 1210 περιστερὰς
2496 1138 2821 1200 ἀπολύοντες
2856 1139 2975 1190 ἀντὶ
3028 1137 3340 1205 [Ῑνεύματος
3369 1137 3519 1202 ἁγίου
3548 1138 3657 1186 ἐπι-

2107 1229 2329 1299 δημίας.
2367 1231 2460 1281 καὶ
2484 1231 2605 1283 ἀντὶ
2630 1230 2725 1282 τοῦ
2756 1231 2980 1300 ἀστέρος
3008 1229 3215 1282 ἐκείνου
3242 1228 3335 1280 τοῦ
3369 1226 3661 1295 ὑπερφυοῦς

2111 1322 2206 1374 καὶ
2237 1322 2599 1390 καινοφανοῦς
2630 1322 2803 1393 κηρὸν
2838 1323 3171 1383 ἀνάπτοντες
3194 1337 3208 1350 ’
3243 1321 3335 1373 καὶ
3364 1319 3461 1388 τὴν
3505 1320 3665 1388 accde.

2111 1415 2272 1483 ρητον
2302 1413 2397 1463 καὶ
2418 1414 2686 1483 σωτήριον
2713 1416 2770 1465 ὲν
2804 1412 3053 1484 σπηλαίῳ
3076 1412 3331 1481 γέννησιν
3361 1409 3453 1462 τοῦ
3478 1409 3663 1477 Κυρίου

2106 1504 2202 1557 καὶ
2218 1503 2351 1556 Θεοῦ
2384 1506 2477 1556 καὶ
2500 1505 2755 1575 Σωτῆρος
2787 1506 2820 1575 ἡ
2830 1505 2945 1575 μῶν
2966 1505 3144 1575 Ἰησοῦ
3182 1502 3418 1574 Χριστοῦ
3441 1503 3527 1555 διὰ
3549 1519 3666 1554 παι-

430 1585 521 1649 δὺς
576 1589 668 1640 καὶ
722 1594 1014 1663 στρωμνῆς
1048 1585 1471 1662 ύποτυποῦντες,
1507 1600 1600 1651 καὶ
1640 1600 1708 1651 τά
1742 1597 1883 1668 ὑπὲρ
1914 1596 2073 1666 λόγον
2106 1600 2199 1652 καὶ
2270 1600 2482 1655 ἔννοιαν
2538 1601 2903 1672 ἀνθρωπίνοις
2976 1600 3372 1671 ἐπιτηδεύμασι
3456 1596 3667 1667 διαγρά-

432 1698 643 1749 φοντες.

505 1782 669 1855 253
687 1783 939 1842 ZONAR.
961 1788 1063 1855 Qui
1094 1791 1160 1845 ah
1186 1792 1427 1846 Hebraeis
1450 1808 1622 1861 agnus
1650 1793 1794 1847 Mose
1814 1792 2006 1862 praeci-

2180 1786 2425 1842 ΖΩΝΛΡ.
2470 1784 2529 1837 '0
2567 1786 2681 1847 τοϊς
2724 1782 3001 1853 Ἑϐραίοις
3035 1781 3186 1851 παρὰ
3216 1778 3461 1842 Μωσέως
3494 1778 3668 1831 ὲνταλ-

433 1876 619 1942 piente
646 1880 957 1935 iuunolatus
980 1890 1082 1947 est,
1105 1881 1261 1951 cujus
1282 1886 1544 1953 sanguine
1566 1883 1881 1954 consignata
1912 1885 2010 1937 do-

436 1982 645 2020 morum
665 1969 848 2023 limina
871 1974 1350 2043 primogenitorum
1373 1976 1707 2031 interfectori
1733 1980 2008 2030 inaccessa

376 2060 387 2066 “
437 2059 609 2125 Fuere,
635 2062 686 2113 in
718 2061 916 2115 Christi
950 2063 1080 2119 Jesu
1118 2067 1328 2119 Domini
1360 2070 1531 2121 nostri
1567 2078 1749 2139 typum
1782 2084 1843 2120 ac
1873 2068 2008 2120 ima-

437 2150 614 2215 ginem
640 2154 928 2211 referebat.
957 2156 1302 2227 Quapropter
1325 2171 1375 2213 et
1400 2159 1664 2230 Baptista,
1698 2178 1820 2214 cum
1849 2160 2010 2215 Chri-

438 2254 582 2298 stum
635 2249 833 2316 populo
885 2250 1174 2315 indicaret,
1220 2252 1377 2318 Ecce,
1416 2256 1615 2322 inquit,
1663 2254 1848 2325 Agnus
1888 2254 2001 2316 Dei,

437 2339 531 2404 qui
575 2340 717 2393 tollit
753 2354 1035 2410 peccatum
1071 2346 1278 2401 mundi.
1312 2346 1549 2402 Proinde
1589 2348 1642 2401 in
1682 2347 2008 2415 imaginibus

436 2446 655 2500 quoque
683 2450 878 2503 agnus,
899 2449 1021 2490 cum
1048 2436 1399 2493 Praecursore
1426 2440 1576 2494 illum
1606 2441 1817 2494 intento
1839 2438 2007 2507 digito

439 2534 808 2589 monstrante,
842 2529 1219 2596 ellingebatur.
1256 2531 1413 2596 Quod
1443 2532 1658 2601 quidem
1700 2531 1814 2585 hzec
1844 2546 2010 2600 syno-

438 2613 542 2668 dus
572 2616 686 2669 lieri
726 2624 893 2681 vetat,
921 2620 1125 2689 ﬁguras
1151 2621 1365 2686 dicens,
1399 2629 1452 2674 et
1486 2622 1731 2684 umbras,
1767 2628 1825 2676 ut
1852 2622 2007 2691 signa

438 2706 687 2759 veritatis
736 2708 1069 2780 iudiciaque,
1122 2727 1487 2778 veneramur;
1531 2713 1627 2768 sed
1677 2713 1906 2781 gratiam
1954 2719 2009 2765 et

438 2797 730 2853 veritatem
786 2800 947 2872 longe
979 2803 1154 2872 pluris
1188 2804 1433 2859 facienda
1468 2821 1591 2860 esse
1634 2804 1948 2874 judiramus
1990 2820 2005 2857 :

440 2905 504 2939 ac
544 2905 611 2944 ne
648 2890 699 2944 in
728 2902 1005 2960 posterum
1050 2896 1117 2958 is,
1152 2896 1246 2965 qui
1296 2904 1576 2965 peccatum
1612 2896 1801 2951 mundi
1844 2896 2007 2965 tollit,

395 3026 401 3032 .
441 2982 563 3048 agni
609 2984 790 3051 specie
825 2985 879 3037 in
926 2987 1256 3055 imaginibus
1307 2990 1581 3059 pingatur,
1625 2988 1720 3043 sed
1768 2993 2008 3043 humano

440 3071 627 3126 habitu
661 3090 725 3127 ac
759 3074 927 3145 figura
954 3080 1317 3147 exprimatur,
1346 3080 1691 3135 decernimus
1716 3096 1731 3145 ;
1759 3088 1816 3133 ut
1849 3080 1998 3143 hinc,

440 3181 563 3231 qua:
594 3176 778 3220 nostra
804 3184 968 3224 causa
1000 3169 1158 3225 Verbi
1186 3171 1276 3225 Dei
1302 3172 1534 3241 abjectio
1558 3172 2011 3241 demissionisque

443 3258 789 3316 immensitas
831 3261 1012 3326 fuerit,
1050 3263 1423 3333 intelligamus
1447 3304 1460 3327 ,
1499 3265 1728 3333 ejusque
1759 3264 1810 3317 in
1847 3279 2011 3317 carne

356 3406 359 3413 ,
445 3353 902 3415 conversationis,
935 3364 990 3409 et
1025 3358 1302 3424 passionis
1340 3371 1405 3410 ac
1450 3356 1643 3411 mortis
1669 3371 1886 3426 quoque
1919 3370 2012 3409 sa-

394 3478 395 3485 η
444 3442 661 3503 luturis,
712 3454 764 3496 et
830 3462 1174 3516 quacunque
1222 3447 1443 3502 demum
1494 3449 1548 3502 in
1608 3463 1706 3502 nos
1763 3449 2010 3513 contulit,

446 3534 859 3598 beneﬁciorum,
885 3543 1203 3592 memoriam
1234 3544 1495 3609 perpetuo
1525 3554 1936 3595 conservemus.

447 3712 672 3791 ARIST.
714 3734 731 3766 ι
767 3713 884 3769 Non
921 3715 1183 3786 dcpinges
1215 3732 1419 3786 agnum
1447 3716 1499 3769 in
1533 3725 1714 3786 typum
1750 3714 1954 3770 Christi
1996 3731 2009 3767 :

915 3825 939 3858 ι
974 3810 1068 3861 sed
1102 3809 1253 3862 illum
1291 3810 1489 3877 ipsum.
1536 3827 1556 3860 ι
1774 3814 1779 3823 ’

518 3901 707 3969 Agnus
748 3900 801 3953 in
842 3902 951 3955 veri
983 3902 1189 3955 Christi
1234 3902 1326 3954 Dei
1360 3902 1532 3956 nostri
1568 3910 1750 3973 typum
1798 3914 2013 3955 assum-

451 4002 578 4058 ptus
607 3992 726 4045 fuit.
757 3992 820 4046 Et
847 4006 955 4048 non
983 4002 1195 4060 oportet
1224 4001 1409 4064 typum
1434 3996 1649 4049 veritati
1674 4007 2012 4063 praeponere,

451 4092 507 4136 rt
534 4100 734 4154 agnum
773 4087 824 4139 in
848 4070 1256 4142 uenerabilibus
1292 4088 1619 4159 imaginibus
1640 4086 2013 4142 Praecursoris

454 4176 623 4244 digito
649 4185 1012 4231 monstratum
1040 4179 1338 4248 depingere
1364 4197 1377 4234 :
1408 4180 1503 4234 sed
1531 4182 1705 4248 ipsum
1734 4178 2011 4234 Christum

452 4276 508 4319 et
533 4267 698 4321 Deum
724 4276 970 4324 nostrum
995 4273 1159 4325 etiam
1186 4273 1461 4328 coloribus
1488 4273 1820 4328 delineatum
1841 4272 2011 4326 forma

452 4363 691 4418 humana
727 4366 1053 4433 exprimere.

960 4545 1195 4602 CANON
1233 4544 1509 4601 LXXXIII.

460 4656 485 4689 ι
518 4636 688 4692 Nemo
716 4648 1056 4693 mortuorum
1088 4640 1415 4707 corporibus
1445 4639 1836 4693 Eucharistiam
1869 4653 2019 4692 corn-

530 4749 549 4779 ι
590 4729 844 4784 municet.
899 4731 1181 4800 Scriptum.
1225 4741 1310 4785 est
1353 4730 1518 4793 enim,
1566 4731 1818 4801 Accipite,
1852 4746 2020 4784 ceme-

532 4837 555 4869 ι
589 4822 695 4873 dite
727 4821 795 4874 ³³.
840 4820 1176 4875 Mortnorum
1215 4830 1396 4876 autem
1445 4836 1675 4891 corpora
1729 4837 1830 4877 nec
1876 4821 2017 4877 acci-

534 4930 554 4959 ς
595 4927 721 4981 pere
748 4922 999 4983 possunt,
1034 4930 1135 4969 nec
1169 4915 1477 4969 comedere.
1520 4932 1543 4966 ι

528 5003 725 5059 BALS.
766 5004 1028 5061 Dominus
1060 5016 1114 5063 et
1146 5007 1289 5064 Deus
1323 5019 1509 5063 noster
1546 5006 1705 5062 Jesus
1738 5006 2011 5070 Christus,

459 5111 584 5150 cum
628 5113 731 5150 una
779 5114 902 5152 cum
950 5101 1068 5156 suis
1114 5101 1401 5170 discipulis
1434 5116 1661 5156 cmnans
1689 5100 1772 5156 eis
1820 5115 2013 5169 panem

462 5188 817 5258 impertiisset
850 5230 868 5252 ,
914 5191 1053 5246 dixit
1099 5212 1112 5247 :
1150 5194 1372 5263 Accipe,
1438 5193 1738 5257 comedite;
1793 5192 1888 5246 hoc
1940 5202 2017 5246 est

532 5370 576 5401 “
600 5368 791 5423 Matth.
820 5382 963 5431 xxvt,
993 5367 1082 5421 9.6.

2113 1881 2228 1944 θεὶς
2258 1877 2663 1948 σφαγιασθῆναι
2685 1876 2878 1945 ἀμνὸς,
2902 1872 2963 1929 οὗ
2991 1876 3070 1945 τῷ
3096 1874 3293 1943 αἵματι
3323 1873 3378 1925 αἱ
3405 1870 3551 1938 φλιαὶ
3571 1871 3670 1923 τῶν

2108 1975 2274 2027 οῐκων
2308 1970 2486 2024 αὐτῶν
2515 1969 2824 2040 χρισθείσαι
2851 1968 3038 2021 ἄϐατοι
3074 1967 3149 2035 τῷ
3180 1964 3292 2018 τῶν
3321 1963 3668 2032 πρωτοτόκων

2108 2061 2248 2137 ἦσαν
2285 2064 2601 2132 ὀλοθρευτῇ,
2636 2062 2725 2114 τὸν
2766 2063 2972 2131 Κύριον
3018 2060 3178 2129 ἡμῶν
3208 2056 3418 2126 Ἰησοῦν
3452 2054 3670 2124 Χριστὸν

2113 2158 2426 2228 προετύπου
2457 2157 2551 2207 καὶ
2581 2153 2976 2224 προεικόνιζεν.
3013 2151 3177 2203 Ὅθεν
3206 2151 3301 2201 καὶ
3328 2151 3355 2201 ὁ
3376 2147 3673 2206 Βαπτιστὴς

2107 2242 2369 2295 δεικνύων
2428 2245 2541 2305 τοῖς
2574 2241 2724 2305 λαοῖς
2752 2241 2841 2293 τὸν
2890 2239 3143 2309 Χριστὸν,
3180 2237 3286 2289 Ἰδε
3326 2239 3354 2288 ὁ
3398 2233 3562 2303 ἀμνὸς
3587 2231 3672 2285 τοῦ

2108 2334 2269 2399 Θεοῦ,
2326 2334 2456 2405 ἔφη,
2508 2337 2535 2387 ὁ
2587 2334 2758 2403 αἴρων
2819 2332 2920 2402 τὴν
2973 2330 3251 2399 ἁμαρτίαν
3306 2325 3406 2379 τοῦ
3460 2326 3671 2393 κόσμου.

2119 2427 2423 2497 Ἐγράφετο
2477 2425 2572 2480 οῦν
2615 2427 2673 2479 ὲν
2713 2426 2920 2479 εἰκόσιν
2951 2423 3142 2493 ἀμνὸς,
3190 2424 3285 2475 καὶ
3315 2422 3345 2473 ὁ
3379 2419 3675 2488 Πρὸδρομος

2106 2494 2457 2586 τῷνδακτύλῳ
2481 2517 2749 2570 δεικνύων
2780 2515 2964 2569 αὐτόν.
2993 2515 3163 2566 Τοῦτο
3184 2512 3239 2563 δὲ
3280 2511 3358 2580 μὴ
3386 2507 3670 2577 γίνεσθαιὴ
3705 2494 3710 2503 ’

2110 2610 2327 2673 σύνοδος
2354 2608 2494 2679 αὕτη
2527 2609 2868 2676 θεσμοθετεῖ,
2906 2607 3142 2673 λέγουσα
3176 2606 3257 2656 ὅτι
3308 2602 3437 2665 τοὺς
3471 2601 3561 2670 μὲν
3585 2602 3674 2651 τύ-

2108 2722 2243 2767 πους
2276 2705 2370 2756 καὶ
2408 2704 2513 2764 τὰς
2541 2703 2701 2761 σκιὰς
2728 2700 2978 2770 τιμῶμεν
3028 2700 3103 2761 ὡς
3135 2696 3385 2766 σύμϐολα
3436 2696 3532 2762 τῆς
3560 2691 3678 2760 ἁλη-

2109 2792 2260 2857 θείας
2291 2795 2389 2848 καὶ
2416 2778 2878 2863 προχαράγματα,
2914 2788 3275 2860 προτιμῶμεν
3299 2788 3361 2842 δὲ
3390 2786 3487 2857 τὴν
3528 2786 3675 2856 χάριν

2109 2886 2206 2939 καὶ
2231 2885 2328 2955 τὴν
2359 2884 2618 2953 ἀλήθειαν
2651 2884 2763 2951 (95)
2787 2900 2801 2913 ’
2831 2884 2923 2936 καὶ
2954 2881 3214 2951 ὁρίζομεν
3243 2882 3445 2950 μηκέτι
3474 2879 3531 2929 ἐν
3555 2876 3675 2927 εῖδει

2109 2979 2287 3047 ἀμνοῦ
2317 2980 2627 3048 γράφεσθαι
2656 2979 2747 3033 τὸν
2776 2978 2999 3049 αἴροντα
3034 2977 3135 3047 τὴν
3168 2975 3450 3046 ἁμαρτίαν
3479 2971 3567 3025 τοῦ
3591 2969 3676 3022 κό-

2115 3088 2280 3139 σμου,
2301 3071 2436 3124 ἀλλὰ
2467 3071 2609 3124 κατὰ
2633 3072 2723 3123 τὸν
2739 3070 3078 3138 ἀνθρώπινον
3101 3066 3432 3138 χαρακτῆρα
3453 3067 3670 3129 ἀναστη-

2037 3154 2081 3211 C
2113 3163 2339 3217 λοῦσθαι
2368 3163 2532 3217 αὑτὸν
2555 3165 2613 3216 ὲν
2636 3162 2845 3216 εἰκόσιν
2864 3178 2878 3192 ο
2927 3162 2997 3214 ἶν’
3018 3160 3160 3214 οὕτω
3187 3159 3544 3226 κατανοῶμεν
3578 3152 3669 3221 τὴν

2118 3255 2527 3323 συγκατάϐασιν
2549 3253 2641 3307 τοῦ
2668 3253 2805 3306 Θεοῦ
2826 3252 3023 3321 Λόγου,
3054 3254 3149 3304 καὶ
3177 3250 3237 3303 τὸ
3258 3249 3363 3319 τῆς·
3387 3245 3546 3300 αὑτοῦ
3589 3260 3679 3293 τα-

2118 3347 2430 3410 πεινώσεως
2453 3348 2713 3417 ἄμετρον,
2735 3346 2828 3398 καὶ
2861 3344 3293 3415 μνημονεύωμεν
3320 3342 3420 3409 τῆς
3445 3341 3501 3390 ὲν
3523 3334 3678 3406 σαρκὶ

2118 3441 2464 3511 ἀναστροφῆς
2495 3439 2683 3495 αὐτοῦ.
2718 3439 2816 3491 καὶ
2851 3437 2945 3490 τοῦ
2979 3437 3185 3498 πάθους
3236 3432 3336 3487 καὶ
3376 3430 3468 3484 τοῦ
3518 3445 3679 3498 σωτη-

2121 3533 2236 3603 ρίου
2258 3533 2508 3597 θανάτου,
2544 3530 2637 3585 καὶ
2662 3532 2802 3585 ὅσων
2837 3528 3164 3596 εὐεργεσιῶν
3197 3526 3463 3595 ἐτύχομεν
3491 3519 3555 3573 δι’
3586 3520 3677 3573 αὖ·

2117 3644 2233 3679 του.

2118 3718 2338 3773 ΔΡΙΣΤ.
2379 3736 2396 3767 ι
2440 3716 2524 3767 Οὐ
2567 3712 2826 3785 χαράξεις
2872 3713 3047 3782 ἀμνὸν
3099 3711 3179 3773 είς
3226 3706 3398 3760 τύπον
3427 3704 3673 3776 Χριστοῦ,

2570 3825 2588 3858 ι
2629 3805 2743 3858 ἀλλ’
2772 3806 2980 3857 ἐκεῖνον
3008 3804 3189 3856 αὐτόν.
3232 3822 3249 3855 ι

2201 3900 2260 3953 ’0
2288 3899 2458 3969 ἀμνὸς
2486 3900 2565 3960 εἰς
2588 3896 2760 3948 τύπον
2788 3894 3113 3965 παρελήφθη
3143 3895 3237 3947 τοῦ
3268 3890 3529 3964 ἀληθινοῦ
3552 3891 3676 3960 Χρι-

2123 3989 2249 4044 στοῦ
2278 3989 2375 4043 τοῦ
2402 3988 2537 4045 Θεοῦ
2562 3987 2741 4057 ἡμῶν.
2793 3987 2904 4039 Καὶ
2934 3986 2993 4039 οὐ
3018 3986 3123 4056 χρὴ
3155 3986 3247 4037 τὸν
3294 3986 3469 4039 τύπον
3498 3998 3677 4052 προτι-

2125 4084 2331 4151 μᾶσθαι
2363 4083 2462 4149 τῆς
2496 4077 2777 4147 ἀληθείας,
2814 4072 2911 4128 καὶ
2971 4074 3141 4144 ἀμνὸν
3199 4076 3257 4128 ὲν
3287 4077 3413 4137 ταῖς
3464 4071 3677 4131 σεπταῖς

2080 4248 2085 4253 ῠ
2122 4174 2325 4227 εἰκόσιν
2355 4172 2677 4242 ἐγγράφειν,
2703 4166 2779 4238 τῷ
2814 4166 3064 4235 δακτύλῳ
3114 4165 3209 4219 τοῦ
3236 4165 3553 4235 Προδρόμου
3575 4163 3677 4215 δει-

2092 4256 2099 4263 “
2122 4267 2387 4336 κνύμενον
2410 4284 2429 4301 υ
2459 4264 2574 4318 ἀλλ’
2604 4263 2768 4317 αὑτὸν
2791 4261 2883 4314 τὸν
2907 4261 3144 4330 Χριστὸν
3198 4260 3293 4313 καὶ
3346 4258 3480 4311 Θεὸν
3506 4254 3674 4324 ἡμῶν,

2123 4364 2217 4415 καὶ
2257 4362 2316 4413 ἐν
2370 4361 2491 4420 ταῖς
2528 4354 3011 4426 χρωματουργίαις
3068 4350 3308 4407 κατὰτὸ
3346 4348 3676 4421 ἀνθρώπινον

2123 4452 2423 4524 ὲγχαράττε
2433 4467 2498 4505 ιν.
2534 4512 2545 4517 δ
2782 4456 2785 4463 ‘

2707 4539 2941 4595 ΚΑΝΩΝ
2972 4538 3094 4592 HI".

2127 4660 2147 4692 ι
2186 4639 2389 4708 Μηδεὶς
2412 4638 2527 4700 τοῖς
2551 4635 2766 4705 σώμασι
2799 4632 2907 4684 τῶν
2934 4630 3372 4702 τελευτησάντων
3396 4629 3494 4696 τῆς
3520 4626 3674 4694 εύχαο

2199 4749 2217 4782 ι
2261 4731 2473 4801 ριστίας
2527 4727 2869 4797 μεταδιδότω.
2907 4725 3216 4794 Γέγραπται
3260 4722 3369 4791 γάρ
3405 4718 3675 4779 ’Λάϐετεὴ

2200 4845 2219 4877 ι
2253 4824 2470 4894 φάγετε
2492 4839 2505 4852 ·
2531 4822 2599 4873 τὰ
2625 4821 2682 4872 δὲ
2711 4820 2817 4871 τῶν
2848 4818 3056 4884 νεκρῶν
3106 4814 3331 4882 σώματα
3356 4812 3479 4864 οὐδὲ
3506 4808 3677 4862 λαϐεῖν

2200 4937 2219 4968 ι
2254 4917 2496 4975 δύναται,
2527 4912 2649 4964 οὐδὲ
2676 4911 2893 4978 φαγεῖν.
2925 4928 2943 4957 ι

2192 5004 2479 5073 ΒΑΛΣ.ξὈ
2508 5002 2709 5071 Κύριος
2738 5001 2832 5054 καὶ
2855 5001 2985 5061 Θεὸς
3000 4998 3157 5068 ἡμῶν
3194 4994 3397 5066 Ἰησοῦς
3430 4989 3675 5061 Χριστὸς,

2124 5099 2419 5168 δειπνήσας
2452 5096 2588 5166 μετὰ
2602 5093 2713 5146 τῶν
2741 5092 2958 5146 οἰκείων
2982 5090 3261 5161 μαθητῶν,
3282 5088 3375 5141 καὶ
3403 5084 3496 5137 τοῦ
3521 5084 3675 5168 ἄρτου

2130 5166 2339 5251 τούτοις
2359 5187 2691 5258 μεταδιδοὺς,
2732 5184 2972 5249 Λάϐετε,
3004 5181 3241 5251 φάγετε,
3272 5180 3474 5247 ἔφησε·
3529 5166 3674 5224 τοῦτό

1638 5482 1827 5543 Guill.
1863 5479 2191 5556 Bevcregii
2239 5488 2426 5538 nota).

537 5614 645 5677 (9'5)
676 5612 795 5678 Τὴν
820 5611 995 5679 χάριν
1020 5611 1118 5664 καί
1143 5611 1259 5676 τὴν
1285 5610 1591 5675 ἀλήθειαν.
1623 5612 1677 5663 ln
1708 5610 1920 5662 Henrici
1956 5608 2020 5660 ll.

463 5699 509 5733 (ιι
547 5684 786 5738 (ὶςιιίθηιιί
825 5688 873 5736 J.
924 5683 985 5736 C.
1033 5682 1315 5736 codicibus
1355 5680 1506 5733 locus
1548 5681 1632 5732 hic
1672 5681 1751 5734 sic
1786 5681 2017 5745 legitur'

465 5754 821 5822 Προτιμῶμεν
847 5754 901 5805 δὲ
937 5754 1033 5822 τὴν
1062 5752 1219 5821 χάριν
1256 5751 1349 5801 καὶ
1394 5752 1492 5816 τὴν
1530 5750 1784 5822 ἀλήθειαν
1808 5789 1821 5810 ,
1859 5751 2024 5817 ἤγουν

466 5820 603 5879 αὐτὰ
632 5826 697 5876 τὰ
726 5820 1050 5895 πράγματα,
1073 5820 1141 5875 τὶ
1165 5822 1250 5875 διὰ
1278 5822 1381 5872 τῶν
1412 5820 1691 5889 συμϐόλων
1714 5822 2025 5888 τυποϋμενα

2128 5609 2222 5656 καὶ
2269 5604 2595 5672 δηλούμενα,
2627 5602 2731 5656 Sed
2771 5603 2998 5671 gratiam
3027 5608 3076 5651 et
3120 5592 3543 5672 veritatci_u.‘lzoc
3581 5596 3672 5672 est,

2131 5693 2210 5728 res
2252 5662 2414 5741 ipsas.
2437 5662 2592 5741 'quizr'
2615 5662 2792 5740 signis"
2824 5674 3187 5742 exprimuntur
3232 5662 3671 5742 ctndecluranl‘ur,

2133 5729 2281 5813 longe
2313 5729 2486 5810 pluris,
2511 5729 2751 5813 facienuda
2784 5729 2898 5796 esse.
2927 5741 3240 5813 iudicamus.
3278 5735 3379 5813 sed
3420 5736 3468 5783 in
3500 5729 3673 5784 codice

2137 5808 2562 5869 Anierbai-hiano
2597 5819 2765 5869 lectus
2792 5821 2893 5876 est,
2935 5821 2992 5863 ut
3022 5827 3050 5861 a
3088 5810 3244 5865 nobis
3269 5808 3469 5861 editus.
