3992 6484
417 315 517 377 793

1384 335 1461 393 IN
1499 334 1663 397 CAN.
1702 338 1991 400 LXXXIV
2019 340 2223 404 CONC.
2259 345 2343 404 IN
2356 336 2700 408 ‘TRULLO.

3536 343 3639 407 294

414 426 543 480 ἐστι
562 430 626 483 τὸ
643 432 814 501 σῶμά
828 454 946 503 μου
968 438 1035 491 τὸ
1054 439 1205 507 ὑπὲρ
1233 441 1398 508 ὑμῶν
1417 443 1721 509 κλώμενον
1742 461 1826 509 εις
1846 447 1958 513 ﬁget»:

2093 467 2282 518 Corpus
2311 468 2475 505 meum
2503 492 2518 513 ,
2550 454 2687 519 quod
2722 468 2815 522 pro
2849 451 2989 506 vobis
3026 452 3291 522 frangitur
3318 467 3413 520 pro
3452 452 3636 504 remis.

417 534 519 571 σιν
563 522 889 591 ἁμαρτιῶν
926 530 1107 595 καθὼς
1143 532 1299 586 τοῦτο
1330 535 1386 585 ἐν
1404 535 1754 601 Εὑαγγελίοις
1773 538 1976 606 γέγρα-

418 629 567 667 πται.
598 616 816 673 Εῖθιστο
850 623 981 690 γοῦν
1006 624 1112 693 πρὸ
1140 627 1253 691 τῆς
1290 627 1507 680 συνόδου
1561 628 1763 698 ταύτης
1823 629 1974 699 παρά

416 722 526 756 τισι
566 710 902 775 μεταδιδόναι
932 714 1040 768 τῶν
1076 716 1234 771 θείων
1267 718 1621 788 ἁγιασμάτων
1641 720 1836 788 (ταῦτα
1863 722 1974 794 γὰρ

417 798 779 869 Εὓχαριστίαν
807 808 853 859 οί
888 808 1122 878 Πατέρες
1158 809 1467 880 ὠνόμασαν)
1502 812 1717 881 σώμασι
1739 816 1973 882 νεκροῖς.

418 891 590 944 Τοῦτο
615 890 705 947 οὖν
736 898 1032 959 κωλύοντες
1063 903 1111 953 οἱ
1139 903 1398 972 Πατέρες,
1436 903 1754 972 διωρίσαντο
1781 907 1974 975 μηκέτι

414 984 654 1037 τοιοῦτόν
697 1005 746 1040 τι
799 991 1066 1055 γίνεσθαι.
1113 994 1255 1055 Ὅτι,
1292 999 1445 1060 φασὶ,
1478 995 1821 1063 γέγραπται·
1858 998 1974 1052 Λάο

415 1075 571 1138 ﬁere,
600 1077 846 1146 φάγετε·
877 1081 946 1133 τὰ
970 1081 1024 1135 δὲ
1059 1082 1283 1151 σώματα
1316 1082 1440 1137 τῶν
1482 1088 1688 1156 νεκρῶν
1726 1089 1848 1140 οὔτε
1882 1089 1974 1143 λα-

413 1166 529 1217 ϐεῖν
559 1168 682 1221 οὔτε
717 1176 908 1241 φαγεῖν
934 1174 1207 1229 δύνανται.
1282 1164 1617 1245 Ἀνάγνωσον
1670 1180 1765 1232 καὶ
1790 1179 1881 1233 τὸν
1903 1180 1972 1247 ιη’

410 1260 616 1315 κανόνα
641 1264 743 1332 τῆς
762 1267 819 1317 ἐν
848 1267 1172 1339 Καρθαγένῃ
1204 1270 1443 1323 συνόδου.
1478 1272 1552 1325 Τὸ
1584 1272 1765 1341 μέντοι
1796 1258 1970 1343 istei-

410 1355 600 1416 ζεσθαι
629 1360 741 1419 τοῖς
765 1361 1081 1431 ἀρχιερεῦσι
1109 1363 1245 1431 μετά
1291 1363 1548 1435 τελευτὴν
1592 1364 1749 1432 ἅγιον
1784 1367 1970 1438 ἄρτον,

410 1449 509 1499 καὶ
534 1447 706 1512 οὕτως
730 1454 1168 1520 ὲνταφιάζεσθαι,
1218 1457 1419 1524 νομίζω
1449 1456 1689 1523 γίνεσθαι
1729 1460 1809 1521 είς
1838 1461 1973 1515 ἀπο-

407 1542 620 1609 τροπὴν
645 1542 753 1595 τῶν
782 1545 1096 1612 δαιμονίων,
1145 1548 1240 1601 καὶ
1267 1549 1353 1601 ἵνα
1386 1549 1454 1603 δι’
1490 1550 1653 1604 αὐτοῦ
1680 1551 1968 1622 ὲφοδιάζη-

406 1650 499 1685 ται
526 1636 661 1704 πρὸς
707 1637 934 1706 οὐρανὸν
1003 1642 1031 1693 ό
1074 1640 1169 1694 τοῦ
1211 1641 1447 1712 μεγάλου
1474 1645 1569 1698 καὶ
1609 1644 1966 1699 ἀποστολικοῦ

415 1726 777 1791 καταξιωθεὶς
808 1731 1251 1802 ἐπαγγέλματος.

2078 542 2274 597 sionem
2332 554 2700 611 peccatorum,
2745 547 2887 600 sicut
2964 545 3065 599 hoc
3118 546 3375 613 scriptum
3435 551 3518 621 est
3583 543 3636 594 in

2078 632 2402 701 Evangeliis.
2448 636 2587 690 Ante
2645 637 2785 689 hanc
2840 650 2967 704 ergo
3021 634 3282 704 synodum
3347 648 3467 686 mos
3521 641 3639 685 erat

2076 721 2352 777 nonnullis
2395 722 2576 776 divina
2612 732 2951 803 sacramenta
2998 724 3082 790 (ea
3116 724 3260 777 enim
3304 721 3490 776 Patres
3527 721 3637 774 Eu-

2076 811 2389 866 charistiam
2426 814 2799 884 nominavere)
2825 815 3148 884 corporibus
3176 814 3403 869 mortuis
3436 814 3638 882 imper-

2076 904 2202 959 tire.
2250 905 2439 959 Patres
2485 920 2614 969 ergo
2663 906 2765 959 hoc
2814 907 2924 960 fieri
2962 907 3334 975 prohibentes,
3370 905 3474 959 tale
3504 905 3631 971 quid

2076 1009 2183 1048 non
2245 995 2479 1064 amplius
2540 996 2848 1050 faciendum
2909 996 3287 1050 decreverunt.
3342 995 3633 1061 Quoniam,

2075 1084 2349 1154 inquiunt,
2380 1086 2640 1154 scriptum
2660 1094 2763 1150 est,
2789 1086 3040 1155 Accipite,
3069 1087 3314 1140 comedite
3345 1101 3363 1139 :
3394 1095 3633 1139 mortuo—

2073 1194 2191 1231 rum
2239 1187 2416 1233 autem
2469 1194 2692 1249 corpora
2738 1195 2845 1233 non
2907 1189 3138 1248 possunt
3205 1179 3452 1248 accipere
3532 1192 3632 1230 nec

2072 1271 2376 1325 comedere.
2402 1270 2541 1339 Lege
2567 1279 2620 1324 et
2647 1271 2713 1351 I8
2735 1287 2857 1325 can.
2891 1270 3077 1326 Cartb.
3104 1286 3225 1341 syn.
3258 1270 3414 1336 Quod
3448 1280 3629 1324 autem

2073 1373 2295 1418 Sanctus
2350 1364 2503 1431 panis
2548 1363 2886 1417 antistitibus
2921 1373 3043 1432 post
3088 1372 3313 1417 mortem
3357 1363 3627 1424 tradatur,

2071 1464 2126 1509 ct
2157 1456 2238 1509 sic
2261 1455 2621 1522 sepeliantur,
2653 1454 2906 1510 existimo
2932 1455 3039 1508 hoc
3072 1454 3184 1508 ﬁeri
3211 1456 3276 1508 ad
3310 1455 3630 1508 avertendos

2068 1548 2367 1614 dmmonas,
2402 1559 2455 1603 et
2485 1557 2543 1602 ut
2575 1564 2670 1617 per
2704 1549 2903 1616 ipsum,
2938 1558 3192 1615 tanquam
3224 1547 3501 1612 viaticum,
3533 1546 3629 1600 de-

2069 1639 2300 1694 ducatur
2349 1640 2414 1694 ad
2452 1640 2671 1705 etelum,
2703 1639 2793 1707 qui
2832 1652 3023 1706 magna
3064 1647 3117 1691 et
3164 1636 3468 1706 apostolica
3498 1651 3626 1708 pro-

2071 1728 2305 1784 fessione
2335 1729 2531 1798 dignus
2562 1739 2644 1784 est
2675 1727 2917 1783 habitus.

481 1819 723 1872 ΖΩΝΑΡ.
762 1822 1013 1892 Ἔθοςῆν
1039 1796 1262 1879 παλαιὸν
1305 1827 1674 1896 μεταδίδοσθαι
1723 1831 1836 1891 τοῖς
1881 1845 1959 1881 νε-

2139 1796 2679 1888 ΖΟΝΑΒ.ἈηΙίηιιεο
2726 1817 3137 1872 consuetudinis
3180 1818 3279 1871 fuit
3325 1832 3527 1887 corpus
3573 1828 3626 1873 et

404 1914 559 1976 κροῖς
584 1911 798 1981 σώμασι
826 1915 935 1967 τῶν
962 1918 1400 1990 τελευτησάντων
1448 1921 1542 1974 τοῦ
1579 1923 1831 1991 σώματος
1873 1924 1967 1977 καὶ

403 2004 497 2056 τοῦ
561 2006 792 2074 αἵματος
843 2009 934 2061 τοῦ
970 2010 1198 2078 Κυρίου.
1262 2012 1432 2067 Τοῦτο
1488 2018 1594 2083 γὰρ
1651 2016 1966 2086 ὠνόμασται

403 2094 754 2164 Εὖχαριστία,
778 2098 859 2149 ὅτι
881 2098 1219 2167 εὐχαριστεῖν
1241 2105 1385 2173 ἡμᾶς
1409 2104 1512 2174 χρὴ
1537 2096 1970 2177 μεταλαμϐάνον-

404 2204 502 2248 τας
531 2188 752 2251 τούτων,
788 2190 862 2251 ὡς
884 2191 1211 2257 ἀξιωθέντας
1242 2196 1498 2251 τοιούτων
1525 2198 1765 2265 δωρεῶν.
1793 2198 1964 2251 Τοῦτο

403 2280 580 2332 τοίνυν
612 2280 855 2347 γίνεσθαι
880 2284 907 2335 ὁ
929 2284 1106 2336 κανὼν
1131 2287 1503 2356 ἀπηγόρευσε,
1529 2288 1624 2342 καὶ
1654 2289 1753 2358 τὴν
1784 2290 1963 2342 αἰτίαν

403 2370 597 2435 ἐπάγει
625 2371 798 2439 λέγων
826 2374 907 2427 ὅτι
938 2376 965 2426 ό
1004 2375 1204 2447 Κύριος
1229 2378 1501 2447 διανέμων
1537 2381 1628 2433 τὸν
1656 2381 1819 2447 ἄρτον
1851 2388 1965 2444 τοῖς

406 2458 694 2530 μαθηταῖς,
719 2463 959 2525 Λάϐετε,
987 2465 1227 2534 φάγετε,
1259 2464 1383 2521 εἶπε
1403 2486 1416 2499 ·
1441 2471 1508 2522 τά
1540 2470 1597 2523 δὲ
1627 2473 1964 2539 νεκρωθέντα

404 2548 631 2618 σώματα
689 2550 811 2604 οὗτε
862 2553 1049 2606 λαϐεῖν
1097 2554 1218 2608 οὔτε
1257 2559 1451 2625 φαγεῖν
1498 2558 1738 2615 δύναται.
1800 2563 1905 2614 Καὶ
1936 2565 1964 2615 ό

401 2642 867 2707 ὀκτωκαιδέκατος
918 2648 1096 2700 κανὼν
1152 2652 1248 2717 τῆς
1282 2651 1338 2702 έν
1368 2651 1697 2724 Καρθαγένῃ
1742 2655 1961 2708 συνόδου

402 2736 508 2805 πρὸ
543 2735 641 2805 τῆς
679 2737 897 2792 συνόδου
920 2739 1115 2807 ταύτης
1139 2733 1485 2812 ἀπηγόρευσε
1521 2744 1581 2797 τὸ
1606 2746 1703 2814 τῆς
1728 2746 1963 2818 Εὐχάρι-

402 2829 553 2891 στίας
588 2830 957 2897 μεταδίδοσθαι
979 2834 1090 2895 τοῖς
1130 2837 1365 2897 νεκροῖς.

401 3010 625 3063 ΔΡΙΣΤ.
656 3028 674 3062 ι
707 3011 929 3081 Σὼματι
972 3013 1149 3084 νεκρῴ
1192 3013 1254 3066 ού
1290 3014 1613 3082 μεταδοτέον
1654 3016 1762 3069 τῶν
1797 3018 1958 3087 ἁγια-

961 3123 979 3158 t
1031 3106 1274 3175 σμάτων.
1322 3126 1343 3160 ι

479 3195 700 3265 Ἐπειδὴ
724 3197 1032 3268 γέγραπται
1068 3213 1081 3227 ο
1121 3198 1362 3261 Λάϐετε,
1393 3199 1641 3269 φάγετν
1672 3199 1739 3255 τὰ
1766 3201 1823 3254 δὲ
1851 3204 1957 3256 τῶν

398 3291 605 3357 νεκρῶν
646 3290 873 3360 σώματα
904 3291 1027 3344 οὔτε
1047 3291 1238 3346 λαϐεῖν
1264 3291 1386 3346 οὔτε
1422 3297 1616 3362 φαγεῖν
1661 3294 1914 3348 δύνανται
1935 3312 1950 3327 ο

398 3382 572 3443 οὐδεὶς
598 3380 894 3450 μεταδώσει
945 3376 1071 3447 τοῖς,
1096 3384 1454 3455 τελευτήσασι
1492 3386 1603 3440 τῶν
1660 3386 1821 3443 θείων
1861 3389 1957 3443 καὶ

398 3474 683 3545 ἀχράντων
709 3475 1085 3546 ἁγιασμάτων.
1582 3476 1587 3480 ’

979 3571 1219 3624 ΚΑΝΩΝ
1254 3574 1376 3627 ΠΔθ.

404 3678 423 3711 t
460 3660 585 3724 Τοῖς
616 3664 919 3726 κανονικοῖς
951 3663 1058 3717 τῶν
1088 3662 1349 3732 Πατέρων
1411 3663 1634 3734 θεσμοῖς
1684 3666 1795 3737 (94)
1828 3684 1956 3721 κατ-

471 3769 490 3804 t
531 3752 971 3819 ἀκολουθοῦντες,
1002 3755 1256 3825 ὁρίζομεν
1300 3755 1394 3808 καὶ
1426 3757 1551 3826 περὶ
1589 3758 1695 3811 τῶν
1724 3759 1950 3828 νηπίων,

470 3862 490 3895 t
526 3845 713 3908 ὁσάκις
756 3845 831 3917 μὴ
856 3846 1216 3916 εύρίσκωνται
1282 3846 1490 3916 βέϐαιοι
1541 3851 1841 3920 μάρτυρες,
1902 3852 1952 3903 oi

470 3954 489 3986 ι
524 3936 700 3990 ταῦτα
716 3937 1102 4007 ἀναμφιϐόλως
1125 3938 1491 4007 βαπτισθέντα
1514 3936 1652 3994 εἶναι
1679 3943 1948 4009 λέγοντες,

470 4045 489 4077 t
528 4027 623 4080 καὶ
681 4028 804 4082 οὐδὲ
834 4029 1006 4083 ταῦτα
1034 4029 1143 4100 (95)
1201 4030 1289 4085 διὰ
1325 4030 1424 4101 τὴν
1454 4034 1644 4101 κεῖραν
1678 4034 1803 4102 περὶ
1854 4036 1952 4104 τῆς

468 4136 488 4170 t
526 4118 927 4191 παραδοθείσης
982 4121 1166 4184 αὐτοῖς
1204 4122 1591 4190 μυσταγωγίας
1648 4123 1950 4193 ἀποκρίνα-

467 4227 488 4262 t
528 4211 653 4264 σθαι
678 4211 999 4282 ἐπιτηδείως
1026 4212 1229 4283 έχουσι,
1278 4216 1451 4285 χωρίς
1500 4233 1643 4278 τινος
1671 4219 1949 4287 προσκόμ-

467 4319 488 4355 t
532 4320 699 4374 ματος
746 4304 983 4373 ὀφείλειν
1016 4306 1191 4359 ταῦτα
1226 4306 1611 4375 βαπτίζεσθαιο
1682 4310 1891 4380 μήποτε
1921 4313 1949 4364 ὁ

464 4412 486 4447 ι
522 4393 760 4457 τοιοῦτος
781 4396 1077 4467 δισταγμδς
1098 4398 1451 4473 ἀποστερήσῃ
1481 4402 1619 4455 αὐτὰ
1640 4402 1738 4473 τῆς
1768 4405 1948 4459 τοιαύ-

465 4503 485 4538 ‹
520 4504 619 4556 της
651 4488 742 4541 τοῦ
775 4489 1049 4558 ἀγιασμοῦ
1083 4490 1424 4560 καθάρσεως.
1466 4511 1487 4545 ι

456 4578 650 4633 ΒΑΛΣ.
692 4580 754 4631 Οἱ
784 4581 842 4633 ὲν
893 4580 1221 4656 Καρθαγένῃ
1287 4584 1630 4650 συνελθόντες
1677 4588 1943 4659 Πατέρες,

388 4662 463 4723 ὧν
492 4671 521 4722 ό
545 4670 735 4741 παρὼν
762 4670 942 4724 κανὼν
996 4672 1289 4742 μέμνηται,
1331 4673 1391 4729 ἓν
1441 4676 1722 4747 βάπτισμα
1761 4680 1948 4750 ὁμολο-

387 4762 611 4829 γοῦντες
638 4763 781 4817 κατὰ
812 4764 911 4833 τὴν
948 4762 1043 4816 τοῦ
1075 4764 1231 4832 ἁγίου
1301 4767 1570 4835 συμϐόλου
1630 4770 1942 4840 περίληψιν,

388 4852 592 4924 ὥρισαν
634 4856 693 4907 ὲν
745 4856 928 4908 κανόνι
953 4853 1029 4925 οβ’
1058 4856 1183 4917 τοὺς
1208 4856 1264 4909 ἐν
1305 4858 1590 4929 νηπιότητι
1616 4860 1945 4931 λεγομένους

391 4944 777 5017 βαπτισθῆναι,
817 4949 927 5002 εἴτε
966 4948 1155 5019 καὶμὴ
1187 4948 1566 5018 βαπτίζεσθαι,
1601 4954 1695 5007 ἐὰν
1728 4956 1806 5022 μὴ
1837 4952 1939 5009 ὦσι

1972 4473 2025 4532 D

2068 1912 2385 1981 Sanguinem
2409 1910 2619 1965 Domini
2642 1921 2977 1964 mortuorum
2999 1910 3317 1978 corporibus
3336 1911 3626 1979 impertiri.

2066 2003 2162 2057 Illa
2220 2002 2482 2070 siquidem
2542 2001 2899 2056 Eucharistiw
2961 2002 3180 2057 nomine
3228 2002 3624 2070 intelliguntur,

2063 2094 2209 2165 quod
2241 2109 2301 2147 ea
2336 2094 2462 2148 dum
2494 2094 2845 2163 percipimus,
2869 2093 2938 2147 sit
2968 2107 2999 2146 a
3029 2092 3207 2156 nobis,
3236 2092 3328 2161 qui
3355 2092 3621 2161 ejusmodi

2064 2185 2379 2240 muneribus
2436 2184 2584 2254 digni
2638 2184 2805 2238 habiti
2864 2184 3077 2249 simus,
3131 2178 3428 2252 gratiarum
3480 2183 3625 2236 actio

2066 2276 2391 2330 adhibenda.
2425 2275 2479 2330 Id
2512 2275 2677 2345 igitur
2706 2275 2794 2328 hic
2825 2289 2998 2329 canon
3030 2273 3143 2328 ﬁeri
3172 2273 3365 2337 vetuit,
3394 2272 3622 2342 ejusque

2064 2372 2139 2423 rei
2174 2370 2440 2425 rationem
2474 2369 2613 2423 hanc
2644 2368 2844 2429 subdit.
2879 2367 3022 2435 quod
3058 2382 3251 2435 panem
3281 2366 3540 2421 Dominus
3567 2368 3620 2418 in

2065 2460 2371 2528 discipulos
2421 2460 2691 2524 dividens,
2745 2461 3002 2528 Accipite,
3055 2460 3166 2525 ait,
3222 2471 3268 2513 et
3320 2460 3570 2513 comedite
3603 2476 3622 2512 .-

2064 2553 2293 2607 morluis
2323 2560 2501 2607 autem
2534 2551 2890 2607 cadaveribus
2934 2568 3108 2622 neque
3146 2552 3394 2622 accipere
3440 2566 3621 2619 neque

2062 2644 2347 2699 comedere
2371 2644 2557 2698 datum
2585 2652 2689 2699 est.
2717 2644 3165 2715 Carthaginensis
3188 2659 3403 2719 quoque
3431 2642 3617 2713 synodi

2061 2736 2269 2790 decimo
2302 2746 2494 2791 octavo
2531 2751 2760 2797 canone,
2801 2737 2909 2804 jam
2946 2738 3073 2789 olim
3111 2744 3237 2791 ante
3278 2736 3416 2788 hanc
3454 2749 3619 2803 syno-

2060 2827 2211 2890 dum,
2248 2828 2652 2882 Encharistiam
2690 2829 2802 2882 vita
2850 2827 3054 2883 functis
3090 2828 3330 2897 prmbere
3360 2842 3427 2881 ne
3456 2828 3618 2881 liceat

2060 2919 2405 2974 interdictum
2436 2929 2538 2975 est.

2059 3010 2286 3068 ARIST.
2329 3012 2614 3083 «Corpori
2665 3018 2882 3068 mortuo
2933 3019 3275 3066 sacramenta
3326 3026 3435 3065 non
3487 3019 3615 3065 sunt

2538 3123 2558 3157 ι
2596 3103 3069 3159 communicanda.
3111 3122 3130 3155 ι
3616 3120 3619 3125 ·

2127 3198 2393 3264 Quoniam
2430 3196 2685 3266 scriptum
2721 3207 2798 3252 est
2826 3214 2840 3250 :
2872 3196 3121 3266 Accipite,
3159 3196 3331 3261 edite;
3363 3210 3426 3249 ac
3466 3210 3611 3249 mor-

2057 3301 2273 3346 tuorum
2304 3288 2466 3361 25hl
2495 3303 2784 3359 corporum
2818 3303 2919 3343 nec
2954 3290 3198 3355 accipere
3234 3294 3481 3357 possunt,
3512 3300 3611 3340 nec

2056 3382 2382 3438 comedere:
2414 3396 2574 3436 nemo
2600 3380 2831 3435 mortuis
2867 3379 3054 3434 divina
3083 3389 3426 3435 sacramenta
3461 3393 3609 3433 eom—

2055 3471 2374 3527 municabit.

2555 3561 2783 3619 CANON
2819 3562 3101 3619 LXXXIV.

2062 3675 2080 3710 ι
2117 3655 2420 3712 Canonicas
2450 3654 2673 3709 Patrum
2698 3656 2841 3725 leges
2871 3663 3184 3723 sequentes,
3216 3652 3282 3709 de
3308 3652 3608 3707 infantibus

2132 3767 2151 3798 σ
2189 3762 2407 3818 quoque
2451 3748 2820 3811 decernimus,
2853 3749 3068 3816 quoties
3110 3761 3220 3800 non
3253 3745 3609 3799 inveniuntur

2131 3856 2150 3890 ι
2192 3838 2333 3892 firmi
2379 3847 2566 3902 testes,
2606 3838 2697 3906 qui
2736 3852 2831 3892 eos
2878 3835 3101 3890 indubie
3147 3834 3450 3905 baptizatos
3487 3850 3608 3889 esse

2130 3950 2149 3983 ί
2190 3930 2401 3993 dicant,
2430 3946 2529 3984 nec
2557 3928 2661 3999 ipsi
2688 3936 2909 3998 propter
2935 3937 3145 3982 aetatem
3177 3928 3243 3983 de
3274 3927 3376 3982 sibi
3409 3926 3608 3979 tradito

2131 4041 2152 4074 ι
2190 4022 2605 4093 mysterio'apte
2629 4020 2959 4089 respondere
2993 4022 3223 4090 possint,
3256 4020 3454 4075 debere
3490 4020 3607 4074 sine

2123 4131 2145 4166 ‹
2183 4114 2289 4167 ulla
2335 4111 2633 4165 olfensione
2682 4110 2948 4180 baptizari
2992 4130 3005 4165 :
3042 4126 3107 4164 ne
3156 4111 3295 4165 forte
3338 4109 3603 4178 ejusmodi
3640 4173 3649 4184 .

2127 4223 2147 4257 ι
2189 4204 2457 4260 dubitatio
2484 4219 2577 4259 eos
2615 4202 2709 4257 tali
2742 4203 3048 4258 sanctitatis
3075 4202 3312 4273 puritate
3344 4200 3537 4271 privet.
3577 4217 3597 4251 ι

2120 4594 2310 4651 BALS.
2369 4594 2556 4649 Patres
2632 4593 2724 4663 qni
2810 4590 3137 4661 Carthagine
3198 4599 3595 4646 convenerant.

2044 4704 2273 4759 quorum
2302 4701 2541 4756 prazsens
2569 4700 2743 4739 canon
2772 4682 3039 4747 meminit,
3072 4696 3237 4735 unum
3267 4680 3593 4747 baptismum

2042 4778 2364 4833 conﬁtentes
2394 4791 2460 4829 ex
2484 4776 2654 4831 sancti
2681 4772 2910 4843 symboli
2937 4771 3443 4841 comprehensione,
3472 4783 3598 4824 can.

2044 4871 2111 4923 72
2151 4875 2483 4933 statuerunt,
2540 4874 2599 4920 ut
2654 4864 2742 4933 qtti
2802 4864 2857 4917 in
2903 4863 3126 4918 infantia
3176 4862 3435 4917 dicuntur
3479 4876 3601 4914 esse

2040 4956 2297 5026 baptizati
2328 4956 2443 5010 sive
2468 4969 2596 5019 non,
2626 4954 2673 5009 si
2700 4967 2811 5006 non
2835 4951 2947 5006 sint
2980 4951 3118 5006 ﬁrmi
3150 4959 3342 5016 testes,
3378 4950 3470 5019 qui
3500 4965 3595 5004 eos

1620 5090 1810 5152 Guill.
1842 5092 2170 5171 Beveregii
2217 5098 2402 5153 nota).

462 5234 572 5310 (94)
598 5233 730 5302 Τοῖς
752 5236 1087 5310 inaremitng
1103 5237 1220 5291 τῶν
1238 5239 1511 5306 Πατέρων
1524 5241 1785 5310 θεσμοῖς.
1808 5241 1942 5305 IIoc,

394 5304 647 5376 nimirum
705 5315 763 5358 ut
816 5304 1085 5372 infantes,
1137 5310 1204 5361 de
1250 5304 1446 5376 quibus
1495 5304 1807 5375 dubitatur,
1871 5304 1941 5367 an

393 5374 644 5449 baptizati
678 5376 897 5449 fuerint,
922 5379 989 5429 ah
1013 5378 1253 5432 Ecclesia
1270 5374 1553 5434 Catholica
1576 5382 1940 5449 baptizentur,

392 5457 426 5523 a_
448 5444 696 5523 Patribus
725 5445 1154 5523 Africanis_ante
1186 5449 1459 5523 decretum
1496 5448 1615 5523 iuit,
1649 5444 1769 5523 syu.
1806 5444 1940 5505 Car;-

391 5514 724 5582 thaginensis
758 5531 961 5570 canone
999 5518 1086 5578 75,
1115 5518 1271 5586 cujus
1302 5521 1416 5586 ipsa
1445 5514 1609 5573 etiam
1652 5514 1812 5576 verba
1853 5523 1942 5575 hic

394 5593 707 5662 repetuntur
745 5604 758 5638 :
804 5595 862 5638 ut
893 5586 1170 5662 indubium
1206 5591 1275 5640 sit
1303 5604 1396 5643 eos
1434 5605 1553 5662 esse
1584 5589 1824 5662 Patres},
1846 5591 1939 5662 (ιυί

393 5651 477 5730 hic
504 5666 1014 5730 commemorantur.
1045 5657 1186 5710 Idem
1216 5668 1401 5730 postea
1425 5674 1454 5710 a
1484 5657 1740 5730 Gregorio
1765 5651 1938 5723 IX,'in

396 5720 765 5781 Deoretatibus
789 5720 1143 5781 cunstilututn
1167 5720 1269 5793 est,
1296 5728 1369 5782 De
1389 5730 1574 5799 quibus
1592 5720 1812 5786 dubium
1840 5720 1938 5794 eu,

2041 5260 2111 5296 an
2145 5243 2398 5307 baptizati
2427 5243 2642 5310 fuerint,
2678 5242 3010 5310 baptizentur
3042 5243 3122 5296 his
3156 5242 3321 5297 verbis
3354 5243 3596 5312 prwmis-

2039 5315 2135 5375 sis,
2177 5312 2238 5368 Si
2284 5313 2576 5379 baptizatus
2625 5328 2678 5366 es
2731 5330 2833 5367 non
2879 5322 2928 5366 te
2981 5313 3224 5379 baptizo;
3264 5316 3352 5366 sed
3403 5316 3448 5367 si
3495 5330 3595 5365 non

2040 5384 2626 5505 {rapit'izqitluségceggo
2681 5393 2731 5436 te
2763 5384 2993 5452 baptizo,
3039 5393 3139 5438 etc.
3175 5384 3384 5438 Decret.
3435 5382 3594 5450 Greg.

2044 5454 2079 5505 ι.
2115 5470 2196 5509 Ill.
2228 5453 2310 5506 til.
2344 5453 2434 5516 49.,
2465 5467 2514 5507 (ι.
2539 5453 2595 5506 2.

2114 5522 2224 5593 (95)
2260 5525 2544 5589 Λέγοντες
2571 5523 2667 5593 καί
2692 5523 2841 5577 οὐδὲν
2859 5525 3064 5578 ταῦτα.
3096 5522 3151 5576 In
3188 5522 3375 5575 codice
3407 5521 3595 5593 nmer-

2046 5590 2314 5645 bachi’ano
2339 5593 2549 5659 legitur,
2576 5592 2824 5661 λέγοντες
2850 5595 2973 5647 οὐδὲ
2994 5594 3149 5649 αὐτά,
3176 5593 3232 5645 In
3256 5607 3374 5661 syn.
3406 5590 3589 5661 Cat-th.

2046 5677 2167 5714 can.
2204 5661 2293 5725 75,
2330 5663 2471 5717 unde
2510 5664 2596 5716 hic
2630 5659 3028 5728 transcribitur,
3068 5659 3307 5727 λέγοντες
3339 5660 3432 5713 καὶ
3470 5659 3587 5713 οὐδὲ

2046 5731 2203 5787 αὑτά.
2242 5730 2297 5785 ιιι
2339 5732 2572 5807 editione
2601 5734 2894 5789 Parisiensi
2933 5735 3176 5802 λέγονται
3204 5730 3479 5787 scribitur.
