3992 6484
405 275 514 340 ’195

1650 274 1936 338 ΤΗΕΟΙ).
1972 273 2373 335 BALSAMON

3520 274 3619 336 796

403 407 528 446 esse
559 391 864 460 baptizatos
894 391 1049 461 plene
1079 399 1133 448 et
1162 392 1372 465 integre
1405 394 1655 464 probent.
1682 392 1961 463 baptizen-

2085 388 2349 460 ιάρτυρες
2376 386 2582 458 βέδαιοι
2613 386 3085 458 πληροφοροῦντες
3103 384 3299 450 αὐτοὺς
3323 386 3621 459 βαπτισθῆ-

405 492 515 538 tur.
551 485 643 539 His
667 500 796 554 ergo
825 492 1220 553 consequenter
1257 485 1446 541 Patres
1482 487 1535 541 in
1570 487 1826 556 pmsenti
1861 501 1955 540 ca-

406 591 551 631 none
595 592 657 630 ea
707 577 819 646 ipsa
862 586 1192 642 statuerunt,
1242 595 1363 648 quae
1416 587 1471 634 et
1504 580 1596 650 qui
1639 578 1967 650 Carthagine

409 678 779 722 convenerunt
823 668 1098 739 jusserunt
1148 689 1160 724 :
1201 680 1267 751 ut
1294 673 1329 726 ii
1368 672 1581 726 scilicet
1624 672 1967 741 baptizaren-

409 767 519 822 tur,
547 761 613 813 de
653 762 852 829 quibus
882 762 1252 826 dubitabatur,
1283 780 1351 817 an
1385 764 1640 833 baptizati
1677 774 1882 829 essent,
1921 764 1965 818 si

416 865 514 903 nec
544 849 617 907 illi
652 849 751 919 ipsi
782 851 1010 919 probare
1032 854 1242 921 possint
1266 870 1323 908 se
1349 853 1519 909 fuisse
1553 855 1876 924 baptizatos,
1904 869 1970 908 eo

413 940 559 1009 quod
620 942 864 997 nesciant
913 943 1042 1012 quid
1102 944 1207 1000 sibi
1250 946 1301 998 in
1353 946 1585 1007 infantia
1639 947 1839 1002 factum
1897 950 1968 1003 sit

412 1034 557 1101 (nam
595 1036 751 1104 χεῖρα
785 1044 868 1092 est
900 1047 1030 1092 artas
1068 1036 1429 1106 imperfecta).
1466 1054 1563 1092 nec
1596 1049 1762 1093 testes
1799 1039 1971 1093 addu-

413 1131 566 1188 cunt,
603 1126 696 1193 qui
732 1126 965 1195 probent
1004 1141 1098 1183 eos
1134 1127 1304 1183 fuisse
1335 1128 1663 1196 baptizatos.
1700 1129 1793 1184 Est
1825 1129 1969 1183 enim

413 1214 730 1281 timendum,
759 1233 827 1271 ne
861 1227 1081 1287 propter
1109 1219 1507 1275 dubitationem
1545 1219 1777 1279 infantes
1813 1236 1970 1274 sacro

419 1306 742 1373 baptismate
774 1318 829 1364 et
863 1325 1028 1380 regno
1063 1312 1351 1378 caelorum,
1383 1313 1523 1379 quod
1568 1328 1661 1381 per
1705 1313 1754 1365 id
1788 1314 1968 1391 datur,

414 1397 720 1465 priventur.
750 1412 907 1471 prout
945 1412 1028 1457 est
1059 1418 1158 1457 vox
1200 1403 1404 1458 Domini
1433 1405 1691 1463 dicentis.
1717 1407 1832 1483 Nisi
1857 1407 1970 1472 quis

415 1502 507 1548 per
544 1507 730 1556 aquam
767 1502 814 1545 et
850 1491 1104 1561 Spiritum
1142 1503 1355 1548 renatus
1389 1495 1570 1564 fuerit,
1616 1514 1717 1551 non
1756 1497 1970 1551 intrabit

418 1579 471 1631 in
504 1594 716 1647 regnum
751 1584 993 1637 caelorum
1024 1586 1089 1639 ”.
1120 1584 1243 1640 Haec
1277 1595 1456 1640 autem
1488 1589 1788 1642 constituta
1820 1602 1969 1653 sunt,

420 1672 679 1736 quoniam
714 1688 820 1726 non
856 1677 1239 1738 permittebant
1275 1679 1460 1749 aliqui,
1494 1692 1547 1735 ut
1574 1672 1714 1737 “tales
1754 1691 1973 1750 propter

421 1759 812 1816 dubitationem
865 1764 1269 1833 baptizarentur

423 1852 682 1923 baptizati
709 1854 943 1925 fuerant,
978 1861 1317 1930 rebaptizare
1356 1864 1691 1919 viderentur.
1726 1863 1798 1918 De
1826 1880 1885 1918 ea
1920 1881 1976 1919 re

423 1955 603 2001 autem
640 1962 780 2017 saepe
813 1950 1075 2020 synodice
1098 1956 1469 2015 controversia
1495 1968 1681 2011 exorta
1716 1967 1819 2012 est.
1843 1956 1976 2015 Cum

424 2037 568 2091 enim
605 2038 843 2097 infantes
878 2058 947 2098 ex
978 2046 1411 2105 Christianarum
1446 2050 1666 2112 regione
1700 2066 1729 2103 a
1760 2049 1978 2121 Scythis

421 2140 478 2186 et
514 2134 775 2202 Agarenis
810 2138 951 2193 bello
985 2141 1127 2208 capti
1165 2150 1374 2202 essent.
1404 2152 1455 2196 et
1494 2142 1757 2199 Romanis
1788 2144 1977 2199 divenv

422 2224 541 2283 ιίἰιί,
574 2226 877 2284 dubitatum
905 2242 1011 2296 est.
1045 2248 1110 2285 an
1148 2242 1397 2302 oporteat
1431 2236 1773 2294 venundatos
1801 2236 1979 2304 bapti-

423 2317 558 2370 zari.
582 2317 839 2377 Dicebant
856 2323 999 2379 enim
1020 2326 1293 2387 nonnulli,
1310 2327 1564 2396 quoniam
1589 2344 1650 2384 ex
1674 2328 1981 2387 Christiana

422 2409 643 2477 regione
689 2415 828 2483 capti
878 2426 1032 2481 sunt,
1083 2422 1433 2489 praesumptio
1471 2431 1553 2478 est
1582 2438 1676 2477 eos
1719 2422 1887 2479 fuisse
1927 2425 1980 2478 in

427 2501 645 2568 regione
681 2503 985 2575 baptizatos
1020 2508 1072 2562 in
1117 2509 1366 2569 infantia.
1405 2526 1505 2567 nec
1549 2496 1982 2580 rebaptizandos.

427 2589 637 2647 Placuit
664 2610 791 2651 vero
837 2599 1016 2665 potius
1061 2602 1415 2670 baptizandus
1457 2619 1598 2670 esse,
1632 2620 1696 2659 eo
1738 2606 1881 2673 quod
1930 2606 1983 2659 1ιὶ

428 2686 696 2751 nesciant,
730 2703 799 2745 an
836 2690 890 2745 in
916 2688 1157 2749 infantia
1205 2694 1463 2761 haptizati
1498 2695 1724 2759 fuerint,
1759 2712 1857 2751 nec
1890 2697 1983 2751 ulli

430 2775 777 2837 inveniantur
798 2781 888 2847 qui
923 2783 1249 2853 baptismum
1276 2784 1566 2843 aliirment.
1600 2789 1672 2843 De
1696 2788 1763 2845 iis
1785 2796 1985 2855 autem,

430 2867 521 2933 qui
554 2882 618 2922 ex
664 2869 961 2925 inﬁdelium
1009 2874 1235 2946 regione
1271 2877 1585 2945 capiuntur,
1616 2893 1713 2935 eos
1747 2894 1866 2934 esse
1892 2879 1987 2937 ba-

432 2956 715 3024 ptizandos
743 2961 1054 3018 indistincte
1083 2974 1347 3023 statutum
1376 2977 1458 3024 est
1490 2986 1504 3024 :
1538 2969 1642 3025 nisi
1670 2975 1837 3025 testes
1864 2983 1992 3039 pro-

436 3048 691 3104 ﬁteantur
722 3068 817 3107 eos
870 3064 993 3123 post
1041 3058 1411 3127 captivitatem
1462 3060 1634 3115 fuisse
1663 3060 1986 3131 baptizatos.

2068 499 2173 537 ναι.
2214 480 2545 543 Ἀκολούθως
2569 477 2662 533 οῦν
2686 479 2894 542 τούτοις
2930 478 3361 550 ἐθεσμοθέτησαν
3388 482 3435 533 οἱ
3463 482 3621 534 Πατέ-

2073 590 2162 645 ρες
2200 574 2255 628 ἐν
2279 574 2356 642 τῷ
2379 574 2604 642 παρόντι
2640 572 2822 625 κανόνι
2869 572 3006 631 αὐτὰ
3058 574 3261 637 ἐκεῖνα,
3300 573 3401 629 ὅσα
3457 576 3547 631 καὶ
3577 578 3620 628 οἱ

2069 669 2125 723 ὲν
2154 664 2476 736 Καρθαγένῃ
2504 664 2847 725 συνελθόντες
2886 664 3356 733 παρεκελεύσαντο
3383 682 3397 694 ·
3433 666 3618 735 δηλον-

2068 760 2148 815 ότι
2204 757 2552 827 βαπτίζεσθαι
2570 758 2697 819 τοὺς
2721 755 3229 826 ἀμφιϐαλλομένους
3250 757 3624 829 βαπτισθῆναι,

2069 853 2118 911 εἰ
2149 852 2286 921 μήτε
2318 851 2473 906 αὐτοὶ
2511 851 2709 901 ἐκεῖνοι
2770 848 2882 916 (96)
2909 848 3162 903 δύνανται
3216 849 3626 919 πληροφορῆσαι

2068 943 2129 995 τὸ
2160 940 2540 1010 βαπτισθῆναι,
2598 940 2686 997 διὰ
2743 940 2803 991 τὸ
2837 939 2912 1010 μὴ
2962 940 3158 997 ειδέναι
3211 941 3265 992 τί
3307 940 3528 1008 γέγονεν
3556 944 3626 1004 εἰς

2068 1033 2287 1096 τούτους
2337 1035 2393 1084 ὲν
2446 1032 2730 1101 νηπιότητι
2794 1034 2990 1105 (κεϊρα
3027 1032 3134 1102 γάρ
3190 1033 3334 1089 ἐστιν
3378 1032 3629 1102 “tam

2070 1125 2282 1199 ἡλικία)
2319 1123 2451 1193 μηδὲ
2476 1123 2749 1193 μάρτυρες
2781 1124 3123 1193 παράγονται
3166 1122 3631 1193 πληροφοροῦντες

2068 1220 2129 1273 τὸ
2161 1216 2525 1287 βαπτισθῆναι
2557 1216 2775 1277 αύτούς.
2808 1215 2936 1279 Δέος
2976 1216 3083 1288 γάρ
3140 1218 3255 1269 ἐστι
3296 1218 3506 1287 μήποτε
3550 1216 3633 1275 διὰ

2068 1313 2159 1365 τὸν
2182 1310 2482 1379 δισταγμὸν
2530 1308 2943 1379 ἀποστερηθῶσι
2994 1308 3061 1362 τὰ
3124 1310 3292 1379 νήπια
3326 1309 3422 1367 τοῦ
3493 1309 3630 1362 θείου

2074 1404 2471 1475 βαπτίσματος,
2503 1403 2596 1461 καὶ
2626 1402 2726 1471 τῆς
2756 1401 2843 1455 διὰ
2868 1401 3026 1455 τοῦτο
3047 1401 3335 1471 διδομένης
3369 1400 3634 1473 βασιλείας

2072 1496 2178 1549 τῶν
2216 1493 2479 1565 οὐρανῶν,
2523 1493 2662 1547 κατὰ
2692 1493 2792 1559 τὴν
2826 1493 2919 1546 τοῦ
2947 1494 3153 1562 Κυρίου
3186 1492 3369 1561 φωνὴν
3402 1491 3511 1559 (97)
3538 1492 3633 1559 τὴν

2072 1588 2358 1655 λέγουσαν’
2380 1587 2446 1643 Ei
2478 1586 2562 1654 μή
2599 1602 2687 1653 τις
2716 1583 2981 1654 γεννηθῇ
3007 1585 3082 1638 δι’
3108 1584 3324 1649 ὓδατος
3354 1584 3451 1636 καὶ
3471 1585 3638 1637 πνεύ-

2071 1699 2280 1751 ματος,
2311 1683 2382 1734 οὐ
2414 1680 2492 1746 μὴ
2516 1677 2756 1746 εἰσέλθῃ
2790 1680 2876 1743 εὶς
2898 1678 3013 1745 τὴν
3029 1678 3363 1741 ,βασιλείαν
3396 1674 3512 1728 τῶν
3542 1677 3637 1729 οὐ·

1318 1787 1331 1823 :
1390 1786 1456 1824 ne
1507 1785 1638 1834 eos,
1685 1771 1777 1840 qui
1822 1780 1978 1825 antea

2085 1774 2298 1841 ρανῶν.
2328 1773 2513 1827 Ταῦτα
2544 1772 2601 1827 δὲ
2636 1771 3080 1841 νενομοθέτηται,
3114 1771 3197 1823 ὅτι
3224 1768 3371 1830 τινὲς
3406 1768 3466 1819 ού
3505 1784 3639 1835 παρ-

2078 1866 2318 1936 εχώρουν
2335 1865 2423 1923 διὰ
2450 1864 2546 1935 τὴν
2571 1863 2902 1933 ἀμφιϐολίαν
2925 1860 3284 1932 βαπτίζεσθαι
3316 1861 3443 1921 τοὺς
3475 1858 3641 1912 τοιού-

2076 1974 2225 2023 τους,
2251 1958 2337 2010 ἴνα
2372 1956 2448 2026 μὴ
2486 1955 2712 2020 δόξωσιν
2744 1952 3140 2017 ἀναὸαπτίξειν
3189 1952 3317 2015 τοὺς
3344 1950 3640 2023 προὸαπτι-

2081 2048 2323 2112 σθέντας.
2374 2046 2510 2119 Περὶ
2567 2048 2624 2101 δὲ
2677 2046 2867 2100 τούτου
2924 2045 3187 2106 πολλάκις
3236 2042 3639 2113 ἀμφισϐήτησις

2083 2141 2270 2211 γέγονε
2311 2140 2628 2202 συνοδικῶς.
2664 2139 2891 2209 Νηπίίιιν
2941 2138 3049 2209 γὰρ
3098 2137 3204 2191 ἀπὸ
3252 2133 3638 2207 Χριστιανικῆς

2080 2234 2264 2307 χώρας
2298 2232 2843 2304 αἰχμαλωτισθέντων
2883 2230 3029 2294 παρὰ
3079 2227 3300 2282 Σκυθῶν
3354 2229 3447 2280 καὶ
3488 2227 3641 2293 Ἀγα-

2084 2324 2279 2395 ρηνῶν,
2322 2324 2412 2378 καὶ
2447 2322 2858 2393 διαπραθέντων
2889 2320 3020 2391 πρὸς
3058 2318 3389 2394 Ῥωμαίους,
3412 2317 3641 2389 ἀμφιϐο-

2082 2417 2171 2473 λία
2198 2417 2440 2485 γέγονεν,
2477 2416 2524 2469 εί
2550 2414 2656 2484 χρὴ
2702 2413 2829 2475 τοὺς
2860 2410 3209 2481 πωληθέντας
3268 2408 3637 2478 βαπτισθῆναι.

2088 2508 2316 2575 Ἔλεγον
2346 2506 2455 2575 γάρ
2476 2523 2619 2567 τινες
2649 2504 2743 2569 ὡς,
2764 2503 2884 2556 ἐπεὶ
2916 2503 3023 2557 ἀπὺ
3050 2501 3439 2572 Χριστιανικῆς
3467 2499 3639 2570 χώρας

2084 2598 2605 2671 ᾐχμαλωτίσθησαν,
2657 2593 2926 2667 πρόληψις
2968 2596 3083 2647 ἐστι
3116 2592 3478 2663 βαπτισθῆναι
3510 2591 3639 2643 κατὰ

2086 2692 2269 2764 χώραν
2300 2694 2357 2745 ὲν
2386 2691 2696 2760 νηπιότητι,
2731 2690 2825 2742 καὶ
2847 2688 2906 2740 οὐ
2933 2686 3037 2757 χρὴ
3065 2685 3220 2747 αὖθις
3248 2682 3640 2751 ἀνασαπτισθῆ-

2087 2804 2195 2842 ναι.
2229 2788 2430 2855 Ἥρεσε
2466 2785 2521 2837 δὲ
2552 2784 2749 2853 μᾶλλον
2777 2781 3011 2849 ὀφείλειν
3035 2778 3423 2849 βαπτισθῆναι,
3457 2775 3539 2829 διὰ
3585 2776 3641 2827 τὸ

2090 2878 2165 2949 μὴ
2205 2879 2402 2930 ειδέναι
2451 2876 2673 2937 τούτους
2703 2876 2750 2926 εί
2781 2875 2838 2925 ὲν
2872 2871 3161 2941 νηπιότητι
3214 2868 3640 2937 ἐϐαπτίσθησαν,

2090 2971 2229 3041 μήτε
2262 2969 2416 3031 τινὰς
2439 2967 2803 3037 εὑρίσκεσθαι
2820 2963 3336 3031 διαϐεϐαιουμένους
3370 2963 3428 3015 τὸ
3459 2960 3641 3030 βάπτι-

2091 3079 2223 3130 σμα.
2258 3062 2391 3129 Περὶ
2423 3061 2476 3113 δὲ
2510 3060 2614 3111 τῶν
2644 3059 2749 3113 ἀπὸ
2772 3058 2951 3127 χώρας
2980 3056 3221 3113 ἀπίστων
3250 3050 3642 3122 αἱχμαλωτιζο-

434 3140 702 3213 Tempore
757 3156 939 3202 autem
1002 3150 1337 3207 sanctissimi
1399 3155 1725 3220 patriarchae
1781 3151 1983 3209 domini

2096 3121 2273 3223 μένων
2295 3121 2501 3221 ὡρίσθη
2530 3121 2892 3215 ἁδιαστίιιτως
2939 3146 3135 3209 αὐτοὺς
3186 3121 3570 3216 βαπτίζεσθαι·
3596 3143 3638 3193 εἰ

434 3232 595 3296 Luca:
633 3239 894 3306 synodice
928 3237 1221 3295 adfuerunt
1259 3242 1513 3313 Agareni,
1552 3254 1606 3305 et
1641 3252 1765 3299 cum
1807 3247 1873 3302 ah
1910 3247 1983 3300 eis

2093 3245 2168 3316 μὴ
2198 3245 2476 3315 μάρτυρες
2498 3240 2822 3313 ὁμολογοῦσι
2857 3239 3225 3311 βαπτισθῆναι
3260 3237 3481 3299 τούτους
3515 3234 3644 3304 μετὰ

435 3324 803 3391 postularetur
839 3336 894 3381 nt
940 3327 1367 3395 baptizarentnr,
1414 3332 1691 3396 dixerunt,
1742 3333 1886 3402 quod
1935 3333 1983 3388 in

2086 3337 2185 3411 τὴν
2216 3336 2614 3409 αἰχμαλωσίαν.
2650 3332 2774 3391 Ἐπὶ
2807 3332 2863 3389 δὲ
2900 3330 3008 3389 τῶν
3026 3331 3250 3405 ἡμερῶν
3281 3328 3380 3381 τοῦ
3415 3326 3641 3396 ἁγιωτά-

438 3414 553 3467 suis
585 3418 897 3484 regionibus
933 3428 1091 3474 antea
1139 3422 1396 3488 haptlzati
1444 3422 1686 3479 inierant.
1723 3423 1787 3485 Et
1827 3425 1992 3483 inter-

444 3507 617 3574 rogati
647 3509 919 3576 quomodo
947 3516 1363 3584 responderunt,
1395 3531 1517 3571 esse
1541 3516 1991 3571 consuetudinem

442 3607 499 3648 ut
534 3610 724 3652 omnes
756 3599 1126 3668 Agarenorum
1164 3604 1400 3661 infantes
1436 3606 1505 3660 ab
1542 3606 1862 3662 orthodoxis
1908 3624 1994 3667 sa-

442 3688 761 3746 cerdotibus
822 3692 1230 3761 baptizarentur
1282 3712 1296 3751 :
1357 3711 1462 3753 non
1526 3705 1705 3755 tamen
1770 3700 1994 3759 admissi

444 3782 685 3837 fuerunt.
716 3778 1033 3841 ‘Audierant
1075 3787 1241 3852 enim.
1280 3790 1426 3859 quod
1464 3791 1787 3861 baptismus,
1831 3809 1992 3863 quem

442 3871 690 3930 inﬁdeles
729 3890 756 3928 ιι
787 3876 1116 3935 Christianis
1151 3890 1360 3950 petunt,
1398 3900 1507 3938 non
1544 3885 1681 3942 bona
1714 3885 1998 3943 aﬂectione

438 3974 497 4021 et
523 3966 826 4023 OI‘IIIOdOXO
856 3974 1134 4043 proposito
1168 3978 1365 4044 petitur
1390 3994 1407 4044 ;
1438 3978 1530 4035 sed
1558 3987 1781 4049 propter
1805 3994 1997 4049 corpo-

443 4060 609 4140 ralem
647 4063 992 4121 medicinam.
1034 4068 1355 4125 Persuasum
1396 4079 1483 4126 est
1526 4071 1669 4127 enim
1709 4072 1995 4140 Agarenis,

446 4136 562 4205 fore
594 4159 652 4203 ut
686 4151 768 4207 sui
811 4153 963 4211 liberi
996 4170 1026 4209 a
1054 4156 1298 4213 daemone
1335 4150 1618 4221 vexentur,
1651 4169 1706 4214 et
1738 4136 1997 4228 tanqumn

449 4256 613 4297 canes
663 4245 802 4298 male
842 4246 1040 4311 oleant,
1089 4247 1191 4301 nisi
1251 4250 1578 4317 baptismum
1628 4250 1997 4305 Christianum

451 4345 831 4403 assequentur.
873 4337 1258 4402 Quamobrem,
1288 4358 1394 4394 non
1441 4350 1497 4393 ut
1526 4342 1768 4396 omnium
1807 4344 2000 4397 animae

2087 3426 2182 3481 τοῦ
2212 3425 2550 3495 πατριάρχου
2568 3422 2735 3495 κυροῦ
2764 3421 2950 3475 Λουκᾶ
2978 3419 3330 3490 παρέστησαν
3354 3416 3643 3488 Ἀγαρηνοὶ

2092 3517 2402 3581 συνοδικῶς,
2428 3518 2522 3571 καὶ
2550 3517 2941 3585 ἀπαιτούμενοι
2978 3514 3367 3585 βαπτισθῆναι,
3404 3508 3554 3564 εἷπον
3576 3507 3643 3569 ὡς

2076 3611 2331 3681 Δἔφθασαν
2360 3613 2440 3673 είς
2495 3612 2595 3672 τὰς
2641 3608 2825 3680 χώρας
2879 3608 3060 3661 αὐτῶν
3113 3606 3505 3676 βαπτισθῆναι.
3544 3599 3645 3655 Καὶ

2093 3704 2434 3774 ἐρωτώμενοι
2468 3702 2635 3765 ὅπως,
2663 3701 3075 3771 ἀπελογήσαντο
3118 3700 3198 3752 ὅτι
3236 3694 3493 3769 συνήθειά
3539 3694 3645 3744 ἐστι

2096 3794 2271 3851 πάντα
2300 3792 2369 3849 τὰ
2404 3793 2569 3863 νήπια
2601 3788 2709 3843 τῶν
2755 3789 3075 3859 Ἀγαρηνῶν
3112 3784 3471 3857 βαπτίζεσθαι
3503 3779 3645 3848 παρὰ

2095 3885 2387 3954 ὀρθοδόξων
2420 3884 2641 3952 ἱερέων·
2674 3881 2788 3934 ἀλλ’
2815 3882 2875 3932 οὐ
2909 3878 3341 3949 παρεδέχθησαν.
3378 3876 3646 3929 Ἤκουσαν

2096 3980 2205 4048 γὰρ
2238 3981 2314 4041 ὡς
2345 3977 2404 4030 τὸ
2441 3976 2593 4044 παρὰ
2638 3974 2745 4028 τῶν
2782 3972 3024 4026 ἀπίστων
3059 3970 3396 4040 ζητούμενον
3420 3966 3523 4021 ἀπὸ
3547 3962 3646 4016 τῶν

2099 4068 2440 4140 Χριστιανῶν
2473 4068 2756 4139 βάπτισμα
2779 4065 2838 4118 οὐ
2868 4064 3009 4116 κατὰ
3044 4060 3285 4117 διάθεσιν
3329 4059 3540 4129 ἀγαθὴν
3562 4053 3644 4107 καὶ

2098 4162 2417 4233 προαίρεσιν
2441 4158 2722 4229 ὀρθόδοξον
2749 4153 3181 4223 ζητεῖται,’ἀλλὰ
3228 4152 3315 4205 διὰ
3358 4146 3649 4221 θεραπείαν

2102 4254 2439 4323 σωματικήν.
2473 4250 2727 4303 Δέδοκται
2750 4248 2858 4316 γὰρ
2894 4247 3045 4317 παρὰ
3078 4248 3188 4307 τοῖς
3235 4243 3560 4314 Ἀγαρηνοῐς
3587 4235 3647 4287 τὰ

2099 4350 2262 4403 τέκνα
2294 4348 2498 4399 τούτων
2526 4345 2785 4414 δαιμονᾷν
2815 4342 2909 4397 καὶ¹
2940 4339 3081 4395 κατὰ
3105 4337 3271 4401 κύνας
3302 4337 3469 4402 δζειν,
3502 4335 3546 4387 εί
3581 4328 3649 4400 μὴ

451 4428 727 4483 sordidum
776 4432 1177 4499 mundatorem,
1229 4434 1533 4504 divinaque
1590 4437 1726 4489 lucis
1772 4446 1825 4490 et
1872 4452 1983 4491 san-

2106 4439 2479 4510 βαπτίσματος
2532 4438 2734 4507 τύχωσι
2764 4432 3180 4506 Χριστιανικοῦ.
3218 4427 3529 4483 Κάντεῦθεν
3557 4423 3648 4489 οὐχ

453 4524 795 4583 ctilicationis
854 4528 1238 4596 praebitorem.
1297 4528 1626 4597 baptismum
1676 4530 1999 4597 postulant;

452 4619 543 4673 sed
578 4625 832 4687 tanquam
859 4621 1179 4675 veneﬁcium
1213 4631 1268 4674 et
1299 4620 1741 4675 incantationem.
1775 4620 2001 4687 Quidam

453 4718 633 4767 autem
656 4725 841 4769 eorum
860 4711 1116 4771 dicebant
1133 4727 1191 4766 se
1215 4721 1418 4766 matres
1440 4711 1635 4767 habere
1653 4710 2002 4777 orthodoxas,

454 4813 623 4867 seque
654 4815 838 4857 earum
868 4818 996 4856 cura
1028 4802 1198 4857 fuisse
1224 4802 1291 4858 ab
1312 4802 1631 4865 orthodoxis
1655 4803 1961 4879 baptizatos
1987 4818 2002 4856 :

2102 4533 2179 4596 (in;
2212 4532 2579 4602 καθαρτήριον
2611 4530 2812 4590 παντὸς
2842 4527 3045 4597 ῥύπους
3071 4525 3328 4596 ψυχικοῦ,
3357 4524 3455 4577 καὶ
3482 4515 3648 4591 φωτὸς

2105 4624 2251 4681 θείου
2303 4623 2396 4679 καὶ
2432 4617 2709 4690 ἀγιασμοῦ
2747 4619 2989 4688 πάροχον
3044 4614 3440 4670 ἀνακαλοῦνται
3474 4610 3531 4663 τὸ
3565 4602 3650 4674 βά-

2103 4730 2335 4783 πτισμα,
2371 4712 2486 4765 ἀλλ’
2515 4712 2590 4773 ὡς
2628 4709 2975 4780 φαρμακείαν
3008 4708 3040 4778 ἢ
3073 4707 3308 4776 ἐπῳδήν.
3340 4703 3493 4764 Τινὲς
3520 4690 3650 4783 δὲκὲξ

2106 4782 2282 4865 αὐτῶν
2316 4798 2490 4866 ,εἷπον
2543 4802 2785 4874 μητέρας
2826 4800 2971 4870 ἔχειν
3019 4798 3358 4869 ὀρθοδόξους,
3412 4793 3502 4847 καὶ
3552 4782 3649 4840 ἀπὸ

455 4889 553 4944 ε.ρά
592 4906 693 4949 nec
726 4893 759 4945 ii
790 4894 1027 4951 exauditi
1047 4902 1197 4955 sunt.
1222 4894 1478 4960 quoniam
1508 4902 1673 4951 testes
1695 4876 1799 4949 non
1830 4895 1983 4954 addu-

2108 4899 2345 4965 σπουδῆς
2378 4898 2581 4953 τούτων
2637 4895 3001 4963 βαπτισθῆναι
3041 4892 3236 4952 αὐτοὺς
3271 4888 3421 4957 παρὰ
3449 4876 3649 4954 ὀρθοδό-

455 4980 677 5043 cebant,
720 4984 811 5051 qui
850 4983 952 5039 hoc
988 4985 1162 5053 ipsum
1216 5000 1314 5055 pro
1364 4984 1676 5039 testimonio
1725 4987 2004 5053 dicerent;

2109 4989 2244 5054 ξων,
2270 4987 2515 5043 amabat
2536 4978 2682 5039 οῦτοι
2712 4982 3168 5055 εἰσηκούσθησαν,
3190 4982 3272 5033 ὅτι
3304 4979 3363 5032 ού
3385 4974 3647 5043 παρέστη·’

456 5074 569 5131 imo
602 5074 785 5143 potius
818 5075 1165 5132 condemnati
1203 5085 1351 5141 sunt,
1383 5078 1529 5147 quod
1564 5092 1672 5131 non
1713 5077 1911 5134 bonam
1941 5079 1983 5134 dt

2111 5095 2208 5132 σαν
2244 5077 2517 5149 μάρτυρες
2538 5076 2691 5130 τοῦτο
2714 5075 2843 5129 αὐτὸ
2873 5070 3291 5145 μαρτυροῦντες·
3343 5065 3536 5138 μᾶλλον
3556 5057 3647 5128 μὲν

531 5208 577 5241 ³³
594 5208 755 5267 Joan.
789 5227 873 5279 ιιι,
906 5186 963 5268 ὅ..

1686 5329 1870 5395 Guill.
1906 5330 2225 5408 Beveregii
2260 5337 2445 5393 notae.

533 5430 642 5500 (96)
674 5431 740 5506 Et
764 5430 915 5501 μήτε
941 5422 1106 5506 αὐτοὶ
1137 5432 1371 5506 ἐκεῖνοι.
1404 5432 1535 5506 Hinc
1553 5433 1713 5487 verba
1742 5449 1916 5506 usque
1942 5449 1983 5488 at

2114 5452 2287 5505 usque
2338 5435 2404 5506 ad
2461 5432 2563 5506 τὴν

2614 5431 2892 5503 βασιλείαν
2942 5428 3050 5481 τῶν
3105 5426 3382 5503 οὐρανῶν-.
3404 5418 3641 5503 irwlttsive

464 5490 911 5575 βαπτίσθῆνᾶιίη
942 5520 1042 5559 ms.
1071 5503 1358 5559 Bodleiano
1384 5503 1786 5575 desiderantur,
1819 5490 1924 5559 sed
1956 5507 2009 5558 in
2113 5508 2167 5560 in
2202 5490 2321 5559 'ms.
2364 5490 2657 5575 Bodleiano
2689 5518 2800 5575 non
2837 5502 3086 5570 leguntur
3122 5517 3137 5551 ι
3172 5490 3263 5552 sed
3310 5490 3645 5575 nihilptuilllfs

466 5573 588 5625 aliis
617 5575 871 5644 omuihus
905 5574 1172 5644 leguntur,
1212 5582 1265 5628 et
1296 5574 1481 5629 sensui
1509 5575 1819 5630 necessaria
1849 5583 2012 5640 sui];

468 5657 533 5697 ac
560 5643 711 5710 proin
744 5660 805 5697 ea
841 5646 1176 5699 retinuimus.

545 5714 660 5782 (97)
694 5714 854 5771 Κατὰ
883 5715 997 5783 τὴν
1027 5714 1132 5769 τοῦ
1165 5714 1383 5783 Κυρίου
1404 5712 1629 5784 φωνήν.
1668 5713 1843 5771 Etiam
1894 5715 2007 5771 haec

2110 5592 2196 5639 ea,
2228 5577 2353 5644 quia
2387 5577 2437 5628 in
2463 5573 2581 5628 aliis
2606 5563 3065 5644 codicibus—hacta,
3095 5586 3182 5624 om
3208 5578 3341 5623 ttere
3365 5563 3640 5621 nobtituuSo

2112 5663 2180 5702 ne
2213 5647 2363 5702 locus
2390 5648 2609 5701 mutilus
2640 5643 2927 5698 videretur.
