3992 6484
435 356 539 420 799

1674 377 1950 441 TIIEOD.
1993 379 2081 437 BA
2093 380 2393 445 LSAMON

3544 401 3642 465 800

431 487 580 535 cere,
629 488 695 528 eo
738 474 883 544 quod
928 475 1075 548 leges
1121 488 1175 534 ct
1208 496 1447 542 canones
1477 488 1717 545 libertati
1761 493 1971 547 maximi

2098 497 2373 562 ἀπόδειξιν
2405 484 2735 573 ἐλευθερίας,
2787 505 2873 560 διὰ
2905 507 2964 562 τὸ
2999 508 3391 569 ἐπιθάλπεσθαι
3414 515 3562 586 παρά
3587 536 3641 571 τε

431 563 675 633 faveant;
731 574 785 622 et
830 571 1269 641 quandoquidem
1329 579 1620 647 cujuslibet
1673 586 1814 638 servi
1870 602 1992 656 pre-

430 657 565 711 tium
615 673 777 712 unam
812 660 1241 734 hyperpyrorum
1291 669 1483 725 libram
1524 690 1630 729 non
1667 678 1902 743 excedit,
1936 681 1988 735 in

2092 587 2202 641 τῶν
2249 591 2430 657 νόμων
2476 595 2570 644 καὶ
2628 594 2735 649 τῶν
2797 597 3035 652 κανόνων
3075 602 3235 655 πλέον
3293 603 3507 658 πάντων
3549 607 3640 678 τὴν

2091 679 2401 749 ἐλευθερίαν
2422 699 2435 713 ⁸
2468 684 2640 750 ἄλλως
2675 688 2883 741 τειέπεὶ
2913 690 3012 743 οὐκ
3045 692 3392 762 ὑπερϐαίνειν
3430 688 3639 768 τίμημα

439 764 547 802 una
603 759 780 805 autem
844 754 1271 829 hyperpyrnrum
1322 764 1456 819 libra
1509 772 1863 824 constitutum
1907 789 1967 828 es

2090 769 2275 823 δούλου
2323 773 2647 844 οἱουδήτινος
2701 777 2830 846 μίαν
2889 779 3221 852 ὑπερπύρων
3265 784 3472 855 λίτραν,
3501 804 3640 841 νενο-

428 840 565 897 duos
597 852 765 901 testes
807 847 1070 915 sufﬁcere,
1113 857 1337 911 omnino
1398 868 1451 913 et
1500 862 1564 915 ad
1602 868 1987 921 ostendendam

426 932 735 990 libertatem
782 937 889 993 duo
930 951 1098 999 testes
1144 947 1435 1015 sulIicient,
1482 956 1737 1022 praesenti
1792 961 1987 1012 canoni

423 1039 840 1099 consequenter,
873 1038 964 1104 qui
997 1046 1081 1092 est
1115 1055 1213 1109 pro
1248 1042 1497 1099 libertate
1525 1048 1728 1111 editus,
1773 1060 1824 1105 et
1856 1054 1988 1107 dicit

424 1119 493 1173 ab
524 1122 678 1177 initio
710 1142 724 1178 :
762 1126 822 1181 In
855 1144 948 1183 ore
992 1132 1224 1188 duorum
1257 1137 1337 1189 vel
1374 1139 1536 1192 trium
1572 1144 1789 1197 testium
1826 1148 1990 1202 stabit

424 1227 589 1267 omne
621 1217 847 1272 verbum
874 1237 889 1285 ;
915 1228 967 1273 et
998 1225 1138 1291 quod
1169 1242 1233 1280 ex
1268 1228 1581 1288 inﬁrmitate
1605 1238 1985 1303 probationum

423 1303 822 1364 inaestimabilis
869 1311 1095 1369 libertas
1137 1334 1240 1373 non
1292 1320 1451 1376 datur
1506 1327 1843 1395 adversario,
1892 1338 1987 1389 sed

423 1396 661 1450 servitus
708 1416 829 1468 quae
859 1407 1182 1472 aestimatur,
1232 1421 1291 1466 ut
1340 1418 1593 1483 superius
1630 1420 1835 1477 dictum
1881 1435 1984 1491 est,

419 1503 524 1556 qua
554 1492 717 1545 etiam
748 1495 895 1564 data,
925 1502 1168 1567 pecuniis
1194 1503 1514 1562 liberabitur
1535 1514 1625 1580 qui
1660 1516 1724 1569 ad
1756 1517 1981 1573 liberta-

423 1588 533 1634 tem
564 1586 884 1652 proclamat.
948 1648 951 1649 ν

487 1754 629 1828 Lege
661 1760 821 1815 etiam
862 1764 1139 1823 Novellam
1174 1771 1519 1843 imperatoris
1555 1781 1759 1839 domini
1803 1777 1979 1845 Alexii

417 1848 704 1916 Comneni,
737 1870 853 1922 qua!
884 1858 1026 1911 edita
1078 1870 1162 1915 est
1196 1864 1262 1919 de
1289 1881 1397 1923 nen
1432 1871 1785 1933 admittendis
1823 1884 1976 1936 testi-

415 1938 518 1994 bus
554 1942 647 2007 qui
685 1956 871 1998 contra
907 1963 1277 2020 opponuntur,
1326 1961 1548 2027 quando
1589 1973 1755 2023 testes
1812 1972 1983 2029 addu-

416 2040 619 2085 cuntur
640 2035 709 2088 ab
738 2052 801 2090 eo
830 2040 916 2106 qui
944 2042 1008 2094 ad
1038 2043 1340 2102 libertatem
1365 2055 1682 2125 proclamat,
1711 2072 1765 2116 et
1793 2064 1859 2119 de
1914 2083 1980 2121 eo

415 2212 648 2269 ctionem
682 2222 992 2289 acceperint
1043 2242 1056 2277 :
1102 2242 1223 2295 quae
1270 2231 1383 2286 haec
1432 2237 1515 2291 bis
1550 2242 1731 2297 verbis
1782 2262 1972 2313 perse-

415 2307 620 2372 quitur.
650 2308 763 2363 Duo
791 2312 903 2367 haec
929 2315 992 2368 ad
1022 2318 1182 2373 aures
1210 2321 1509 2390 imperialis
1534 2347 1665 2387 meae
1694 2344 1976 2404 potestatis

414 2407 800 2463 pervenerunt,
848 2407 1192 2464 sanctissime
1244 2412 1463 2471 domine
1497 2459 1512 2484 ,
1555 2426 1697 2489 quod
1753 2430 1973 2496 quidam

415 2500 639 2555 eorum,
689 2494 779 2560 qui
822 2496 887 2548 ad
923 2508 1173 2555 sanctum
1221 2514 1275 2559 et
1308 2523 1560 2578 magnum
1605 2494 1973 2590 256‘divini

420 2574 579 2632 Verbi
618 2582 894 2651 sapientiae
942 2591 1196 2659 templum
1241 2574 1534 2667 accedunt,
1566 2574 1971 2671 aii—ﬁllrtatem

390 2673 839 2741 ~proclamantes,
872 2689 923 2733 et
971 2698 1141 2751 genus
1177 2690 1335 2763 suum
1370 2693 1435 2746 ad
1484 2696 1750 2757 libertatis
1788 2717 1974 2764 osten-

415 2760 620 2815 sionem
670 2765 963 2837 allegantes
1010 2773 1218 2841 (dicunt
1257 2760 1401 2836 enim
1443 2802 1502 2840 se
1550 2804 1612 2843 ex
1662 2792 1846 2850 liberis
1882 2815 1973 2868 pa-

415 2855 662 2939 rent‘ilius
714 2874 835 2915 esse
872 2875 1049 2930 natos,
1096 2866 1342 2940 Bulgaris
1394 2876 1532 2933 forte
1568 2882 1649 2937 vel
1698 2855 1970 2957 aliquibus

412 2943 702 3014 aliis,quos
735 2949 787 3003 in
823 2956 1138 3011 servitutem
1172 2971 1357 3017 nostra
1390 2982 1495 3021 non
1531 2976 1737 3043 accepit
1773 2943 1975 3050 respug

418 3036 605 3108 blica),
633 3055 692 3094 ea
724 3044 937 3111 quidem
967 3064 1086 3117 qua:
1122 3051 1307 3106 dicunt
1341 3055 1712 3120 demonstrare
1746 3036 1967 3134 permit-

415 3135 629 3184 tuntur.
673 3131 735 3187 Et
778 3145 1063 3207 postquam
1111 3150 1279 3199 testes
1320 3153 1468 3204 omni
1501 3131 1819 3224 exceptione
1858 3180 1969 3217 ma-
1995 3173 2039 3233 c

407 3215 577 3284 jores,
607 3222 735 3276 etin
764 3241 900 3293 quos
924 3226 1067 3283 nulla
1091 3232 1234 3285 cadit
1259 3236 1590 3305 criminatio,
1617 3215 1961 3321 adduxerim,

416 3309 480 3360 ad
517 3309 651 3364 alios
685 3312 763 3366 eis
798 3323 965 3372 testes
994 3326 1351 3389 opponendos
1389 3344 1576 3384 eorum
1608 3334 1813 3391 domini
1844 3357 1967 3409 pro-

408 3399 655 3464 cedunt;
686 3412 737 3458 et
780 3407 861 3461 sic
894 3424 1016 3464 cum
1053 3414 1110 3476 ii,
1140 3416 1231 3482 qui
1269 3432 1583 3490 provocant,
1614 3442 1720 3483 non
1758 3438 1966 3499 possint

410 3493 647 3561 amplius
686 3498 736 3549 in
769 3498 993 3566 judiciis
1031 3508 1346 3573 persistere,
1376 3516 1589 3571 servilis
1630 3525 1965 3585 conditionis

414 3601 583 3641 onere
624 3604 816 3646 rursus
860 3598 1298 3663 opprimuntur:
1331 3613 1380 3657 et
1426 3611 1641 3674 quando
1685 3606 1963 3678 mairimo-

410 3676 583 3732 niales
634 3680 768 3734 [lunt
815 3699 1094 3741 servorum
1157 3698 1582 3755 consuetudines
1632 3714 1686 3758 et
1737 3714 1964 3768 convin-

410 3768 621 3823 ctiones
656 3772 708 3825 in
753 3785 938 3829 nostra
974 3779 1271 3846 republica,
1310 3801 1402 3842 eas
1430 3797 1610 3847 tamen
1653 3812 1808 3853 sacra
1856 3820 1961 3859 non

414 3862 772 3928 consequitur
821 3865 1167 3935 benedictio,
1231 3880 1553 3937 caventibus
1611 3884 1845 3947 dominis
1896 3914 1965 3952 ne

414 3952 558 4006 servi
609 3955 748 4009 inter
799 3974 857 4015 se
911 3961 1139 4021 invicem
1199 3984 1319 4023 cum
1370 3987 1523 4029 szicra
1579 3980 1955 4047 benedictione

412 4045 832 4117 conjungantur,
867 4069 936 4108 ne
964 4070 1025 4110 ex
1068 4073 1131 4112 eo
1161 4063 1226 4113 ad
1263 4062 1571 4123 libertatem
1615 4081 1963 4139 conveniant.

412 4134 613 4191 Eorum
665 4152 844 4197 autem
894 4154 1186 4217 utrumque
1232 4161 1575 4215 convcnicnti
1628 4164 1965 4232 correctione

413 4241 552 4293 opus
584 4229 781 4286 habere
821 4234 1067 4304 censuit;
1108 4250 1162 4295 et
1203 4254 1484 4314 propterea
1528 4252 1667 4309 hanc
1708 4267 1967 4318 constitu-

410 4320 608 4375 tionem
637 4340 826 4395 magna
852 4343 972 4382 cum
1001 4335 1253 4388 cautione
1283 4348 1335 4391 et
1359 4342 1745 4406 observatione
1773 4357 1963 4422 edidit,

374 4429 504 4481 .pcr
548 4432 708 4485 quam
760 4423 1013 4477 statuitur
1036 4426 1116 4479 ile
1151 4429 1236 4482 liis
1262 4434 1365 4498 .qui
1397 4435 1463 4488 ad
1501 4437 1800 4497 libertatem
1837 4464 1962 4516 pro-

404 4504 642 4561 clamant
671 4512 863 4576 servis,
891 4528 958 4567 ne
985 4513 1042 4579 ii,
1068 4518 1159 4584 qui
1185 4529 1371 4573 contra
1405 4525 1748 4585 adducuntur

402 4595 509 4648 vim
560 4598 722 4652 ullam
780 4600 1024 4659 locumve
1078 4607 1345 4675 habeant,
1388 4614 1442 4667 in
1491 4633 1740 4692 quocunq

395 4774 491 4843 jus
524 4789 744 4844 vocant,
784 4782 1050 4850 legitimas
1078 4791 1424 4859 probationes
1453 4800 1683 4857 aderant
1710 4774 1808 4871 {et
1840 4812 1884 4865 si
1918 4814 1955 4867 ii

401 4870 616 4937 quidem
650 4874 879 4931 testibus
909 4879 1205 4947 abundent,
1238 4886 1327 4955 qui
1354 4888 1480 4954 jure
1505 4902 1633 4947 sunt
1661 4898 1951 4968 recipiendi

402 4978 579 5031 neque
613 4967 880 5022 calumnia
906 4971 1134 5038 inducti,
1176 4981 1395 5033 testium
1420 4967 1784 5052 jurejurando
1809 4993 1957 5061 judi-

403 5237 837 5297 adversariorum
872 5244 1214 5317 intequalitas
1258 5256 1331 5309 sit
1375 5257 1726 5317 inferioribus
1771 5265 1956 5324 damni

403 5343 590 5385 causa.

2094 862 2462 932 μοθέτηταιδὲ
2517 867 2610 918 ἐπὶ
2672 870 2799 936 μιᾶς
2849 871 3180 943 ὑπερπύρων
3242 875 3426 945 λίτρας
3462 878 3642 947 ἀρκεῖν
3680 904 3689 915 -η

2093 955 2373 1026 μάρτυρας
2389 958 2501 1020 δύο⁹
2537 961 2756 1022 πάντως
2795 964 2889 1016 καὶ
2931 967 3009 1025 είς
3044 966 3315 1033 ἀπόδειξιν
3347 969 3643 1039 ἐλευθερίας

2091 1047 2184 1099 δύο
2229 1049 2524 1117 ἀρκέσουσι
2581 1052 2855 1121 μ’άρτυρες
2917 1056 3222 1119 ἀκολούθως
3290 1057 3367 1126 τῷ
3426 1060 3642 1129 παρόντι

2089 1143 2274 1193 κανόνι
2337 1144 2411 1212 τῷ
2466 1145 2602 1212 ὺπέρ
2636 1148 2733 1214 τῆς
2789 1146 3098 1216 ἐλευθερίας
3127 1151 3512 1221 ἐκφωνηθέντι,
3544 1153 3632 1206 καὶ

2088 1234 2295 1300 λέγοντι
2326 1237 2381 1301 ἐξ
2405 1237 2580 1306 ἀρχῆς
2600 1255 2612 1268 ·
2651 1239 2771 1290 Ἐπὶ
2805 1239 2896 1292 δύο
2923 1240 2953 1310 ἢ
2984 1242 3150 1311 τριῶν
3190 1244 3482 1314 μαρτύρων
3513 1262 3631 1297 στα-

2092 1325 2312 1395 θήσεται
2350 1330 2454 1380 πᾶν
2482 1330 2653 1397 ῥῆμα.
2699 1331 2805 1383 Καὶ
2841 1332 2921 1384 ὅτι
2953 1333 3011 1396 ἐξ
3045 1334 3258 1397 ἀτονίας
3288 1335 3396 1387 τῶν
3420 1335 3629 1388 ἀποδεί-

2090 1416 2223 1481 ξεων
2248 1419 2365 1487 ούχί
2396 1420 2427 1486 ή
2453 1420 2803 1490 ἀδιατίμητος
2837 1424 3117 1492 ἐλευθερία
3162 1426 3359 1480 δίδοται
3403 1427 3480 1497 τῷ
3498 1428 3639 1480 ἀντιο

2087 1509 2240 1578 δὶκῳ,
2265 1511 2398 1563 ἀλλὰ
2448 1513 2479 1581 ἡ
2512 1513 2741 1579 δουλεία,
2793 1517 2915 1586 ἣτις
2973 1520 3309 1588 ἀποτιμᾶται
3339 1522 3414 1583 ὡς
3442 1520 3640 1574 ἄνωθεν

2087 1604 2317 1672 εἴρηται,
2353 1599 2420 1673 ἦς
2450 1608 2540 1657 καὶ
2587 1606 2833 1677 δοθείσης
2861 1610 2947 1663 διὰ
2979 1614 3327 1683 νομισμάτων
3352 1613 3642 1684 ἐλευθερω-

2091 1693 2314 1762 θήσεται
2350 1696 2377 1747 ὀ
2412 1696 2828 1768 ἐλευθεροϐοῶν.

2169 1788 2460 1855 Ἀνάγνωθι
2511 1792 2601 1843 καὶ
2656 1792 2753 1859 τὴν
2798 1795 3017 1864 Νεαρὰν
3044 1794 3137 1849 τοῦ
3198 1795 3461 1865 βασιλέως
3481 1803 3638 1869 κυροῦ

2092 1879 2329 1945 ’Δλεξίου
2353 1883 2446 1935 τοῦ
2482 1884 2790 1956 Κομνηνοῦ,
2821 1888 2915 1956 τὴν
2963 1876 3330 1959 ἐξενεχθεῗσαν
3370 1891 3528 1962 χάριν
3549 1893 3637 1945 τοῦ

2082 1971 2156 2041 μὴ
2228 1972 2476 2043 δέχεσθαι
2552 1974 3055 2049 ἀντιτέαραστάσεις
3136 1982 3470 2051 μαρτύρων,
3519 1984 3638 2037 ὅταν

2083 2063 2435 2133 παράγωνται
2486 2068 2759 2138 μάρτυρες
2815 2072 2963 2139 παρὰ
3007 2070 3100 2124 τοῦ
3136 2073 3635 2144 ἐλευθεροϐοῶντος,

1936 2159 1979 2212 ἰ-
2079 2156 2172 2208 καὶ
2200 2157 2361 2227 χάριν
2390 2158 2482 2210 τοῦ
2520 2158 2593 2228 μὴ
2628 2160 2870 2227 γίνεσθαι
2901 2162 3217 2231 ἐλευθέρους
3247 2167 3375 2228 τοὺς
3438 2168 3635 2237 ίερολε-

2076 2248 2337 2315 γομένους
2377 2250 2489 2316 (98)
2524 2251 2763 2317 δούλους,
2797 2252 2895 2322 τὴν
2923 2255 3015 2308 καὶ
3047 2256 3172 2309 τάδε
3224 2259 3403 2327 ῥητῶς
3424 2260 3637 2324 διεξιοῦ-

2077 2357 2196 2395 σαν.
2223 2341 2325 2394 Δύο
2350 2342 2522 2395 ταῦτα
2549 2345 2643 2397 ἐπὶ
2662 2346 2759 2408 τὰς
2776 2346 2945 2410 ἀκοὰς
2968 2351 3033 2417 τῇ
3063 2349 3309 2422 βασιλείᾳ
3335 2369 3435 2421 μου
3456 2347 3633 2423 ἦλθεν,

2076 2432 2342 2498 ἁγιώτατε
2375 2435 2628 2499 δέσποτα,
2660 2438 2734 2501 ὥς
2765 2458 2908 2504 τινες
2942 2441 3049 2493 τῶν
3079 2444 3533 2514 προσερχομένων
3560 2445 3634 2515 τῷ

2077 2526 2219 2596 ἁγίῳ
2248 2528 2468 2598 μεγάλῳ
2492 2547 2548 2583 τε
2573 2531 2669 2583 καὶ
2710 2531 2836 2603 θείῳ
2893 2534 3006 2603 ναῷ
3035 2536 3135 2602 τῆς
3185 2536 3280 2589 τοῦ
3306 2537 3442 2589 Θεοῦ
3465 2538 3632 2603 Λόγου

2074 2615 2283 2683 σοφίας,
2308 2620 2386 2680 είς
2426 2619 2738 2690 ἐλευθερίαν
2779 2624 3206 2691 ἁναφωνοῦντες.
3255 2627 3346 2679 καὶ
3370 2629 3632 2698 πρόφασιν

2072 2707 2173 2776 τῆς
2202 2707 2515 2779 ἐλευθερίας
2547 2713 2607 2764 τὸ
2637 2714 2794 2780 γένος
2820 2715 3136 2785 ποιούμενοι
3169 2717 3324 2788 (φασὶ
3355 2721 3464 2790 γὰρ
3488 2722 3631 2775 ἐλευ-

2072 2798 2243 2869 θέρων
2268 2802 2854 2872 γεγεννῆσθαίγωέων,
2888 2808 3213 2878 Βουλγάρων
3236 2813 3402 2882 τυχὸν
3430 2814 3631 2883 ἧτινων

2068 2890 2322 2945 τοιούτων
2350 2892 2443 2957 οὓς
2476 2898 2556 2958 εἰς
2577 2895 2820 2952 δουλείαν
2852 2902 2883 2970 ή
2910 2903 3032 2955 καθ’
3056 2903 3201 2972 ἡμᾶς
3244 2905 3305 2958 ού
3364 2908 3630 2977 παρέλαϐε

2070 2982 2359 3048 πολιτεία),
2386 2988 2467 3050 είς
2513 2989 2784 3057 ἀπόδειξιν
2836 2992 2944 3047 τῶν
2997 2995 3302 3065 λεγομένων
3359 3001 3628 3068 ἀφίενται.

2068 3076 2311 3150 Κάπειδὴ
2350 3082 2781 3152 παραστήσονται
2809 3086 3090 3156 μάρτυρας
3135 3089 3516 3161 ἀδιαϐλήτους,
3546 3095 3625 3154 είς

2068 3167 2599 3242 ἀντιπαραστατικὴν
2664 3177 2971 3246 μαρτυρίαν
3014 3180 3063 3231 ot
3090 3180 3267 3249 κύριοι
3296 3183 3502 3238 τούτων
3526 3201 3627 3253 χιι)-

2073 3255 2225 3329 ροῧσι
2261 3298 2275 3319 .
2330 3261 2422 3313 καὶ
2482 3260 2654 3326 οὕτως
2703 3264 2811 3317 τῶν
2880 3267 3256 3335 ἐγκαλούντων
3304 3273 3393 3326 διὰ
3450 3275 3630 3336 τέλους

2074 3352 2413 3421 παραμένειν
2496 3358 2610 3418 τοῖς
2673 3356 3043 3429 δικαστηρίοις
3095 3364 3502 3422 άδυνατούντων
3532 3409 3546 3428 .
3598 3370 3628 3433 ἡ

2069 3442 2289 3513 δουλικὴ
2336 3445 2471 3515 τύχη
2502 3447 2663 3501 πάλιν
2690 3450 2900 3514 τούτοις
2929 3454 3338 3527 ἐπιφορτίζεται
3364 3475 3381 3491 ⁸
3411 3460 3505 3513 καὶ
3546 3462 3629 3514 ὅτι

2069 3537 2300 3605 γαμικαὶ
2330 3537 2529 3592 δούλων
2547 3541 2750 3610 ὁμιλίαι
2774 3561 2832 3596 τε
2856 3547 2949 3598 καὶ
2999 3552 3340 3619 συναρμογαὶ
3370 3555 3519 3623 παρὰ
3550 3554 3624 3623 τῷ

2070 3628 2193 3682 καθ’
2221 3633 2364 3698 ἡμᾶς
2413 3631 2651 3697 γίνονται
2710 3636 3087 3707 πολιτεύματι,
3137 3642 3197 3693 οὺ
3237 3643 3487 3714 μέντοιγε
3536 3648 3629 3703 καὶ

2073 3719 2342 3790 ίερολογία
2405 3724 2631 3787 ταύταις
2679 3726 2983 3793 ἀκολουθεῖ,
3042 3730 3149 3785 τῶν
3191 3735 3399 3806 κυρίων
3452 3741 3627 3795 αὐτῶν

2070 3811 2479 3881 εὐλαϐουμένων
2538 3815 2657 3882 μεθ’
2689 3818 2987 3888 ἱερολογίας
3049 3823 3309 3893 ἀλλήλους
3340 3831 3627 3885 συνάπτειν

2069 3903 2196 3964 τοὺς
2246 3902 2506 3969 δούλους,
2564 3906 2647 3958 ἵνα
2705 3907 2778 3978 μὴ
2826 3909 2964 3979 πρὸς
3016 3912 3328 3985 ἐλευθερίαν
3381 3922 3626 3975 ἐντεῦθεν

2073 3998 2394 4051 συνέλθωσι.
2427 3999 2536 4050 Καὶ
2566 3999 2666 4067 τῆς
2698 4003 3080 4074 προσηκούσης
3103 4006 3265 4077 ἄμφω
3291 4011 3627 4081 διορθώσεως

2069 4088 2271 4156 ἔγνωκε
2306 4091 2436 4143 δεῖν·
2472 4091 2567 4143 καὶ
2596 4091 2683 4145 διὰ
2709 4092 2865 4146 τοῦτο
2892 4094 2953 4147 τὸ
2970 4099 3143 4165 παρὸν
3170 4099 3446 4171 διάταγμα
3496 4123 3619 4158 συν-

2067 4181 2449 4249 τετηρημένως
2481 4181 2713 4244 ἐξέθετο,
2740 4182 2806 4235 δι’
2834 4179 2894 4239 οὗ
2924 4186 3219 4257 διορίζεται
3254 4194 3394 4254 κατά
3415 4197 3521 4249 τῶν
3549 4200 3625 4261 είς

2030 4290 2035 4297 ·
2070 4267 2813 4338 ἐλευθερίανάναφωνούντων
2840 4273 3057 4339 δούλων,
3092 4278 3624 4355 ἁντιπαραστατικὴν

2073 4361 2377 4431 μαρτυρίαν
2403 4362 2476 4432 μὴ
2507 4366 2747 4432 κρατεῖν.
2808 4367 2939 4443 μηδὲ
2974 4367 3158 4436 χώραν
3189 4370 3324 4435 ὅλως
3356 4374 3503 4442 ἔχειν
3532 4377 3625 4428 αὑ-

2069 4451 2167 4523 τὴν
2193 4454 2322 4520 παρ’
2351 4455 2618 4524 οίῳδήτινι
2650 4456 2907 4527 πολιτικῷ
2932 4458 2962 4528 ἢ
2994 4460 3435 4536 ἐκκλησιαστικῷ
3473 4468 3623 4521 δικα-

1753 4574 1767 4596 ,
1791 4545 1957 4595 testes
1995 4537 2035 4592 Ι)
2062 4544 2270 4613 στηρίῳ
2298 4561 2310 4573 ·
2360 4544 2494 4597 sua
2523 4548 2634 4609 τοῖς
2663 4547 2953 4613 ἐγκαλοῦσι
2994 4550 3175 4619 μόνοις
3199 4554 3295 4617 τὰς
3320 4556 3622 4622 ἀποδείξεις

1749 4641 1813 4678 ue
1863 4644 1959 4683 seu
2059 4636 2200 4690 κατά
2253 4636 2448 4706 νόμους

404 4685 549 4738 civili
587 4703 680 4742 seu
715 4692 1097 4752 ecclesiastico
1123 4698 1369 4766 judicio:
1414 4708 1507 4760 sed
1548 4710 1581 4763 ii
1616 4714 1739 4781 soli,
1779 4720 1870 4786 qui
1905 4722 1956 4776 in

2262 4685 2445 4706 “re”,

2075 4727 2409 4798 ιύπορήσοιεν
2424 4723 2482 4781 οὗ

2501 4639 2837 4708 ἐπάγεσθαι,
2894 4642 2995 4695 κᾶν
3054 4644 3109 4696 ετ
3159 4662 3261 4698 που
3305 4653 3621 4718 μαρτυριῶν

2492 4747 2567 4782 τοι
2590 4730 2773 4800 νόμοις
2797 4732 2998 4787 δεκτῶν
3047 4736 3239 4807 καὶμὴ
3297 4757 3621 4811 περιτρεπο-

2057 4819 2231 4888 μένων
2249 4819 2543 4885 διαϐολαῖς,
2574 4821 2651 4890 τῷ
2690 4823 2797 4875 τῶν
2850 4825 3137 4895 μαρτύρων
3162 4828 3307 4898 ὅρκῳ
3338 4832 3435 4901 τὴν
3467 4832 3619 4901 δίκην

2052 4910 2300 4964 λύεσθαι·
2337 4913 2470 4966 ἀλλὰ
2501 4914 2574 4985 μὴ
2604 4917 2699 4968 καὶ
2731 4918 3224 4989 άντιπαραστάσεις
3251 4927 3364 4987 τοῖς
3394 4927 3606 4997 κυρίοις

2058 5003 2237 5056 αὐτῶν
2265 5005 2622 5073 ἐγχωρεῖσθαι
2644 5024 2656 5037 ·
2696 5010 2780 5060 ἵνα
2807 5009 2883 5080 μὴ
2913 5011 2972 5061 τὸ
3003 5013 3136 5067 πολὺ
3174 5015 3283 5069 τῶν
3318 5018 3613 5072 ἀντιθέτων

402 5057 547 5108 cium
581 5059 865 5129 solvatur;
903 5066 995 5119 sed
1024 5084 1131 5122 non
1162 5074 1449 5128 contrariae
1482 5078 1644 5132 etiam
1675 5098 1771 5151 per
1797 5096 1962 5145 testes
2057 5098 2242 5151 ἄνισον

405 5148 750 5214 probationes
778 5168 965 5208 eorum
990 5158 1223 5216 dominis
1250 5167 1651 5235 permittantur,
1683 5190 1747 5226 ne
1771 5193 1957 5246 magna
2058 5204 2239 5258 σηται,

405 5237 676 5258 -Α1------ᾃ¹
697 5257 704 5258 ,
874 5244 886 5258 ο
1091 5249 1121 5258 ι.
1293 5256 1300 5258 .
1377 5257 1383 5258 ,

2297 5096 2738 5166 βλάϐηςιαῐτιον
2796 5104 2909 5165 τοῖς
2964 5103 3396 5180 ὲλαχιστοτὲροις
3454 5110 3615 5181 γενή-

1616 5517 1807 5581 Guill.
1838 5523 2177 5602 _Beveregii
2214 5530 2403 5586 notre.’

476 5622 587 5703 (98)
624 5627 786 5707 fcile
823 5633 1321 5707 ἱερολεγομένους.
1364 5641 1418 5695 In
1468 5646 1651 5702 codice
1694 5649 1947 5707 Amerba-

403 5694 601 5774 chiano
624 5698 818 5781 legitur
831 5694 953 5767 τοὺς
973 5694 1456 5781 ἱερολογουμῖένους.
1476 5694 1943 5781 οὖὸῖἧοὶῐόᾮῖἓὶὣ

406 5763 461 5818 in
488 5767 725 5838 margire
754 5772 818 5825 ad
853 5763 1098 5833 eumdem
1124 5763 1361 5858 codicem
1386 5763 1580 5857 legitur
1610 5790 1693 5845 liis
1730 5791 1937 5859 verbis,

2066 5657 2232 5736 νεαρὰ
2263 5658 2335 5736 pf;
2366 5656 2776 5736 ἐλευθερούσθω
2798 5659 3136 5735 διοριζομένη
3165 5665 3288 5729 τοὺς
3316 5663 3608 5736 {epeia-{ou-

2055 5727 2248 5796 μένους
2268 5726 2271 5727 ⁷
2292 5726 2532 5791 δούλους.
