3992 6484
438 388 545 452 801

1420 386 1504 448 IN
1532 388 1698 450 CAN.
1736 388 1991 451 LXXXV
2026 385 2228 449 CONC.
2272 387 2352 447 IN
2390 389 2715 451 TRULLO.

3574 396 3676 461 802

523 513 663 566 Ἀλλ’
695 512 885 584 ὥσπερ
952 512 1044 566 ἐπὶ
1076 511 1188 565 τῶν
1244 510 1515 580 ὀμοτελῶν
1542 512 1574 580 ἡ
1610 510 1704 563 τοῦ
1727 500 1747 511 ’
1773 527 1992 580 μακαρι-

2182 507 2285 562 Sed
2329 510 2789 578 quemadmodum
2840 510 2892 565 in
2938 511 3027 579 iis,
3074 512 3165 581 qui
3211 511 3356 567 idem
3394 486 3669 569 {tributum

440 607 570 662 ατοῦ
622 606 791 677 κυροῦ
816 605 1102 658 Βασιλείου
1128 603 1419 673 νομοθεσία
1455 605 1569 666 τοῖς
1596 603 1839 665 δυνατοῖς
1866 603 2007 655 κατὰ

437 700 552 753 τῶν
593 700 844 767 πενήτων
923 695 1418 765 ἀντιπαραστάσεις
1471 696 1573 749 οὐκ
1628 694 2006 764 ὲξεχώρησενο

441 790 588 843 οὕτω
647 788 925 842 κάνταῦθα
971 790 1085 852 τοῖς
1146 789 1359 860 κυρίοις
1412 788 1556 841 κατὰ
1629 790 1737 841 τῶν
1804 787 2005 840 δούλων

442 883 851 953 ἀπεσϐεσμένου
875 882 1025 937 ἔσται
1052 883 1112 935 τὸ
1137 882 1236 952 τῆς
1290 883 1817 949 ἀντιπαραστὰσεως
1851 883 2001 950 ἰσχυ-

448 974 563 1045 ρὸν,
589 953 679 1027 καὶ
716 976 849 1043 μόνη
911 976 1175 1046 κρατήσει
1219 976 1369 1045 παρὰ
1396 973 1604 1035 τούτοις
1643 976 1677 1044 ἡ
1704 974 1843 1027 κατὰ
1890 975 1999 1026 τῶν

449 1066 739 1136 μαρτύρων
767 1066 984 1133 διαϐολή
1012 1082 1027 1096 ·
1077 1066 1178 1134 τῆς
1226 1067 1749 1134 ἀντιπαραστάσεως
1788 1066 2005 1128 παντως

448 1157 525 1226 μὴ
563 1157 992 1227 ἁποκλειομένης
1044 1159 1154 1219 τοῖς
1181 1155 1597 1227 ἐγκαλουμένοις
1621 1156 1846 1218 δούλοις,
1875 1157 2004 1209 ὅταν

441 1249 569 1310 τοὺς
589 1237 863 1318 μάρτυρας
902 1249 1044 1301 κατὰ
1068 1249 1175 1301 τῶν
1205 1250 1261 1300 ἐν
1291 1251 1427 1319 νομῇ
1481 1247 1792 1317 ἐλευθερίας
1827 1250 1997 1302 ὄντων

435 1339 487 1390 ol
520 1340 653 1409 πρὸς
671 1339 917 1393 δουλείαν
946 1340 1192 1403 ἕλκοντες
1222 1339 1446 1402 τούτους
1474 1342 1855 1411 παραγάγωσι.
1880 1341 2003 1402 Τοῖς

436 1432 550 1500 γὰρ
577 1432 1006 1502 ὲλαχιστοτέροις
1071 1432 1164 1486 καὶ
1219 1430 1561 1500 ἀσθενέσινή
1611 1431 1863 1501 παροῦσα
1890 1431 2004 1484 διὰ-

437 1521 598 1586 ταξις
657 1523 936 1592 χαρίζεται
983 1523 1080 1593 τὴν
1134 1520 1324 1592 ῥοπὴν,
1383 1521 1496 1575 ἀλλ’
1548 1521 1644 1590 οὐχ
1696 1520 1834 1590 ὑπὲρ
1893 1520 2002 1573 τῶν

341 1612 359 1623 ⁸
439 1612 680 1665 δυνατῶν
718 1616 810 1666 καὶ
836 1614 1035 1683 μᾶλλον
1070 1614 1440 1684 ἰσχυροτέρων
1468 1613 1796 1667 ὲκτέθειται.
1821 1615 2000 1682 Προσ-

439 1704 625 1775 τίθησι
644 1706 699 1758 δὲ
726 1707 950 1769 καὶτὰς
1008 1707 1309 1777 ίερολογίας
1376 1707 1451 1776 μὴ
1487 1707 1645 1776 μόνον
1689 1707 1840 1775 παρὰ
1890 1708 2001 1769 τοῖς

437 1796 763 1868 ἐλευθέροις,
825 1797 960 1851 ἀλλὰ
1016 1799 1109 1851 καὶ
1162 1798 1312 1869 παρὰ
1364 1801 1477 1861 τοῖς
1516 1798 1722 1860 δούλοις
1753 1800 1997 1868 κρατεῖν.

433 1889 547 1939 Καὶ
595 1888 771 1957 γάμον
808 1890 882 1959 μὴ
909 1889 1084 1953 ἄλλως
1109 1890 1331 1960 ἕννομόν
1357 1907 1414 1942 τε
1442 1892 1537 1943 καὶ
1572 1890 1671 1959 τῆς
1714 1891 1757 1943 Χ
1769 1907 1997 1959 ρισιτια-

433 1970 593 2048 νικῆς
620 1982 1000 2044 καταστάσεως
1043 1982 1191 2048 ἄξιον
1224 1978 1361 2035 εἶναί
1409 1999 1469 2035 τε
1522 1984 1612 2035 καὶ
1661 1982 1994 2052 νομίζεσθαι,

432 2073 481 2123 εί
527 2072 723 2141 μήκαὶ
778 2073 1043 2142 ἱερολογία
1102 2073 1229 2135 τοὺς
1305 2072 1744 2142 συναπτομένους
1798 2056 1994 2129 συνδεῖ.

436 2162 672 2215 Ἄτοπον
701 2163 809 2234 γὰρ
831 2163 896 2216 ἂν
930 2162 1038 2232 εἴη,
1073 2164 1202 2232 μιᾶς
1234 2165 1291 2216 ὲν
1316 2165 1451 2217 πᾶσι
1477 2164 1577 2233 τῆς
1608 2164 1996 2233 Χριστιανικῆς

432 2248 747 2318 κρατούσης
777 2249 1010 2314 πίστεως
1042 2253 1135 2304 καὶ
1170 2251 1541 2322 βαπτίσματος
1565 2252 1993 2323 ὁμολογουμένου

432 2341 577 2404 ἐνὸς,
632 2341 700 2394 δι’
748 2337 809 2396 οὗ
845 2345 1203 2415 προσήγμεθα
1227 2346 1305 2416 τῷ
1331 2346 1539 2415 Κυρίῳ,
1575 2348 1667 2400 καὶ
1695 2348 1794 2414 τῆς
1823 2346 1995 2416 αὐτῆς

433 2432 709 2503 σωτηρίας
740 2433 1099 2506 ἐλπιζομένης
1138 2438 1305 2490 πᾶσιν
1327 2439 1459 2507 ήμῖν
1484 2440 1596 2500 τοῖς
1626 2436 1993 2502 πιστεύουσιν,

431 2524 756 2593 ὑποτρέχειν
793 2526 966 2589 ἐνίους
1010 2527 1286 2591 ὑπόνοιαν,
1316 2528 1392 2591 ὡς
1420 2530 1533 2591 τοῖς
1591 2528 1797 2591 δούλοις
1825 2523 1990 2601 ἦττον

433 2616 657 2684 μέτεστι
685 2617 780 2670 τοῦ
808 2618 974 2672 καλοῦ
998 2636 1012 2651 ο
1046 2620 1143 2673 καὶ
1181 2621 1309 2684 τοὺς
1340 2619 1438 2690 μὲν
1490 2621 1807 2690 ἐλευθέρους
1852 2619 1994 2673 κατὰ

430 2708 613 2777 γάμον
662 2711 912 2780 ἀλλήλοις
964 2711 1333 2766 συνάπτεσθαι
1413 2712 1535 2782 θείᾳ
1600 2712 1992 2781 συνδουμένους

430 2801 566 2871 εὐχῇ
598 2804 862 2874 πρότερον
887 2819 902 2835 ·
930 2805 1057 2867 τοὺς
1083 2803 1304 2867 δούλους
1333 2804 1390 2857 δὲ
1407 2803 1650 2879 τοιούτου
1680 2805 1991 2859 διαπίπτειν

430 2892 603 2946 καλοῦ
635 2897 727 2947 καὶ
768 2895 844 2966 μὴ
868 2895 1317 2965 παραλαμϐάνειν
1339 2896 1469 2949 Θεὸν
1490 2894 1577 2948 ἐπ’
1624 2895 1849 2967 εὐλογίᾳ
1888 2898 1989 2966 τῆς

434 2983 819 3050 συνελεύσὲως,
849 2988 881 3058 ἢ
906 2987 1155 3053 δεδιέναι,
1187 2989 1339 3051 ὡς,εί
1373 2987 1843 3059 παρελαμϐάνετο,
1877 2989 1992 3042 ἀδι-

433 3077 634 3148 κηθείη
670 3078 734 3132 ἂν
763 3081 998 3151 περὶτὴν
1022 3080 1339 3133 δεσποτείαν
1366 3081 1395 3133 δ
1420 3083 1622 3134 τούτων
1649 3080 1859 3151 κύριος,
1892 3080 1990 3150 τῆς

429 3169 526 3224 ἐπ’
548 3173 725 3236 αὑτοῖς
754 3173 1166 3243 στερισκόμενος
1205 3172 1540 3235 δεσποτείας.
1598 3171 1756 3225 Οῦτω
1800 3173 1905 3242 γὰρ
1938 3174 1986 3225 εί
2014 3203 2059 3265 C

426 3262 590 3316 τοῦτο
619 3267 846 3334 κρατοίη
875 3264 1105 3317 δεδιέναι
1123 3264 1226 3335 χρὴ
1270 3264 1366 3317 καὶ
1389 3264 1448 3316 τὸ
1470 3264 1625 3331 ἆγιον
1680 3263 1982 3334 βάπτισμα,

430 3354 511 3425 μὴ
538 3354 721 3409 δοῦλον
770 3357 1049 3423 ξενωθεῖεν
1099 3357 1211 3410 τῶν
1263 3355 1624 3410 δεσποτειῶνο
1691 3355 1828 3408 ἀλλὰ
1890 3355 1985 3408 καὶ

428 3446 598 3516 αὐτὴν
626 3446 721 3518 τὴν
747 3448 853 3501 τῶν
879 3448 1162 3518 ἀχράντων
1190 3447 1509 3518 μυστηρίων
1550 3446 1871 3517 μετάληψιν,
1909 3445 1984 3517 μὴ

425 3541 522 3593 καὶ
556 3540 644 3593 διὰ
698 3541 899 3610 ταύτης
949 3540 1175 3593 ἐκείνων
1203 3539 1640 3614 ἀλλοτριωθεῖεν..
1678 3538 1982 3592 Κάντεῦθεν

422 3634 493 3685 ἐκ
524 3632 633 3685 τῶν
662 3632 862 3687 δούλων
912 3633 1196 3702 οἰκήσεται
1241 3632 1301 3686 τὸ
1335 3632 1477 3701 μέγα
1534 3632 1629 3684 καὶ
1682 3631 1981 3700 σεϐάσμιον

423 3724 522 3793 τῆς
568 3722 718 3786 θείας
769 3723 1007 3786 πίστεως
1063 3723 1231 3791 ὄνομα
1272 3739 1287 3753 ο
1336 3723 1431 3774 καὶ
1485 3721 1545 3773 ού
1586 3720 1765 3774 δοῦλοι
1816 3721 1979 3791 μόνον

424 3813 754 3884 ἀνθρώπων,
782 3814 918 3867 ἀλλὰ
944 3814 1040 3866 καὶ
1062 3815 1153 3867 τοῦ
1177 3814 1623 3885 ἁνθρωποκτὸνου
1652 3816 1970 3883 γενήσονται

424 3905 725 3976 ἄνθρωποι.
758 3906 1273 3975 Συγκινδυνεύσουσι
1305 3906 1358 3958 δὲ
1387 3907 1479 3958 καὶ⁵
1507 3906 1555 3957 οί
1628 3907 1806 3975 κύριοι
1859 3904 1982 3957 τού-

423 4016 534 4053 των
561 3999 708 4069 φόϐῳ
744 3998 839 4051 τοῦ
906 3998 979 4071 μὴ
1027 3998 1303 4061 διαπεσεῖν
1330 3997 1629 4067 ὑπηρεσίας
1653 3996 1978 4066 ἀνθρώπων,

423 4091 527 4159 τῆς
580 4090 675 4142 τοῦ
701 4090 836 4143 Θεοῦ
862 4091 1019 4158 δόξης
1078 4088 1373 4156 ἀποξενοῦν
1435 4090 1665 4151 ἑαυτοὺς
1719 4089 1981 4159 ἀνεχόμε-

423 4199 507 4235 νοι
541 4181 672 4246 (99).
717 4182 854 4235 Ἀλλ’
885 4180 1009 4234 οὔτε
1042 4180 1198 4233 τοῦτο
1258 4180 1414 4247 λόγον
1466 4180 1578 4249 ἔχει
1609 4180 1843 4243 δίκαιον,
1884 4179 1980 4233 καὶ

419 4273 525 4343 τὴν
548 4273 849 4344 ἱερολογίαν
881 4272 942 4338 ἐξ
968 4273 1212 4342 ἀνάγκης
1240 4272 1332 4325 καὶ
1355 4270 1455 4335 ἐπὶ,
1477 4271 1585 4323 τῶν
1614 4270 1816 4323 δούλων
1845 4287 1980 4335 κρα-

421 4366 544 4417 τεῖν
599 4363 813 4432 εὑλογον
860 4366 954 4417 καὶ
1008 4364 1398 4435 Χριστιανικῆς
1437 4360 1655 4426 ἐπάξιον
1716 4363 1980 4415 καταστὰν

424 4471 587 4519 σεως.

2109 602 2345 660 solvunt,
2396 602 2478 655 lex
2527 602 2826 657 beatissimi
2874 604 3077 656 domini
3121 604 3304 657 Basilii
3360 606 3674 673 potentibus

2107 692 2369 746 adversus
2395 709 2658 761 pauperes
2679 697 2984 748 contrarias
3009 696 3356 764 probationes
3385 713 3480 765 per
3501 705 3672 751 testes

2109 801 2216 838 non
2253 786 2498 855 permisit
2533 804 2554 847 ι,
2582 788 2661 841 sic
2705 797 2759 841 et
2795 788 2880 841 hic
2912 788 3149 842 duininis
3185 790 3448 842 adversus
3485 803 3674 843 servos

2108 877 2192 931 vis
2224 879 2510 931 contrariae
2542 894 2635 946 per
2673 890 2838 933 testes
2868 881 3216 948 probationis
3244 882 3512 935 exstincta
3543 885 3672 945 erit,

2105 979 2157 1022 et
2183 971 2296 1022 sola
2329 968 2467 1037 apud
2494 984 2587 1022 eos
2621 969 2821 1023 valebit
2853 971 3118 1023 adversus
3144 971 3290 1035 ipsos
3323 980 3488 1025 testes
3521 972 3671 1035 iiiata

2105 1062 2457 1124 criminatio;
2492 1063 2766 1114 contraria
2804 1078 2910 1114 non
2956 1063 3181 1114 omnino
3221 1077 3315 1129 per
3346 1072 3513 1116 testes
3546 1079 3672 1133 pro-

2108 1151 2326 1206 batione
2374 1152 2615 1213 exclusa,
2645 1152 2867 1221 quando
2910 1152 2964 1212 ii,
3003 1155 3092 1221 qui
3132 1157 3363 1207 trahunt
3407 1155 3460 1208 in
3497 1156 3672 1209 servi-
3728 1184 3729 1187 η

2108 1253 2307 1309 tutem,
2343 1245 2601 1300 adversus
2634 1247 2778 1309 illos,
2821 1247 2911 1315 qui
2952 1247 3075 1314 jure
3116 1256 3244 1300 sunt
3283 1248 3459 1312 liberi,
3495 1251 3670 1303 servis

2104 1334 2159 1387 iu
2209 1335 2303 1403 jus
2355 1336 2804 1408 vocatis.‘testes,
2866 1335 3248 1402 produxerim.
3309 1336 3669 1392 lnferioribus

2104 1430 2247 1482 enim
2277 1440 2330 1481 et
2363 1427 2651 1481 imbecillis
2680 1443 2922 1496 praesens
2955 1430 3278 1481 constitutio
3308 1432 3664 1499 gratiﬁcatur,

2101 1526 2153 1571 et
2188 1516 2331 1586 quod
2377 1532 2470 1571 eos
2507 1517 2661 1585 juvet
2697 1517 3084 1570 subministrat

2116 1608 2418 1677 majoribus
2470 1619 2523 1661 et
2566 1607 2962 1676 potentioribus
3008 1609 3211 1662 editur.
3244 1609 3449 1676 Adjicit
3484 1622 3666 1665 autem

2100 1711 2155 1754 et
2185 1716 2370 1755 sacras
2401 1701 2834 1763 benedictiones,
2878 1716 2987 1754 non
3031 1702 3206 1754 solum
3253 1703 3411 1771 apud:
3445 1703 3664 1770 liberos,

2102 1792 2197 1848 sed
2228 1793 2390 1847 etiam
2420 1795 2559 1860 apud
2588 1807 2778 1847 servos
2802 1793 3001 1846 valere.
3035 1792 3099 1846 Et
3131 1795 3347 1863 nuptias
3380 1812 3486 1849 non
3524 1797 3661 1851 alias

2103 1888 2372 1956 legitimas
2402 1896 2456 1941 et
2501 1886 2814 1941 Christiana
2853 1887 3202 1941 institutione
3237 1889 3431 1957 dignas
3459 1904 3579 1943 esse
3608 1896 3664 1943 et

2096 1979 2426 2041 existimari,
2465 1978 2569 2031 nisi
2610 1978 2776 2032 etiam
2816 1978 3118 2032 benedictio
3149 1994 3267 2043 eos,
3301 1980 3391 2046 qui
3429 1980 3664 2049 conjun-

2095 2081 2315 2141 guntur,
2348 2070 2588 2139 colliget.
2631 2070 2938 2124 Absurdqu
2976 2072 3120 2126 enim
3169 2081 3338 2138 esset,
3381 2088 3503 2126 cum
3552 2056 3657 2129 una

2095 2165 2149 2217 in
2192 2163 2446 2216 omnibus
2472 2163 2781 2216 Christiana
2817 2164 2952 2217 tides
2993 2164 3194 2228 valeat,
3225 2176 3280 2218 et
3313 2180 3455 2220 unus
3492 2167 3564 2219 sit
3604 2167 3658 2220 in

2093 2256 2346 2311 confesso
2396 2256 2721 2324 baptismus,
2776 2270 2871 2325 per
2917 2270 3076 2323 quem
3116 2256 3181 2309 ad
3236 2255 3525 2311 Dominum
3562 2257 3660 2312 de-

2093 2349 2243 2403 ducti
2278 2364 2489 2414 sumus,
2521 2358 2576 2403 et
2608 2349 2795 2404 eadem
2827 2350 2981 2404 salus
3015 2364 3043 2402 a
3080 2349 3238 2403 nobis
3271 2350 3524 2404 omnibus
3563 2349 3657 2419 qui

2094 2443 2376 2498 credimus
2411 2453 2685 2510 speretur,
2725 2443 3002 2495 nonnullis
3050 2442 3189 2495 banc
3237 2442 3483 2497 obortam
3536 2458 3656 2495 esse

2091 2534 2482 2603 suspicionem,
2506 2533 2651 2602 quod
2673 2535 2813 2588 servi
2840 2534 2952 2587 sint
2971 2534 3097 2587 boni
3122 2535 3301 2587 minus
3324 2522 3649 2603 participes;

2091 2634 2145 2682 et
2168 2626 2324 2680 liberi
2349 2626 2570 2693 quidem
2596 2624 2948 2678 matrimonio
2974 2624 3202 2679 invicem
3228 2626 3654 2695 conjungantur,

2091 2718 2241 2788 prius
2272 2717 2520 2772 oratione
2561 2717 2797 2787 colligati
2837 2734 2850 2770 :
2884 2720 3025 2773 servi
3063 2729 3243 2773 autem
3289 2735 3318 2774 a
3371 2721 3463 2774 tali
3512 2722 3658 2776 bono

2088 2811 2359 2869 excidant,
2407 2814 2461 2862 et
2514 2807 2680 2861 Deum
2736 2822 2841 2861 non
2892 2818 3174 2864 assumant
3222 2810 3274 2863 in
3328 2825 3657 2880 congressus

2088 2899 2485 2963 benedictione,
2531 2899 2615 2953 vel
2649 2907 2917 2960 metuant,
2948 2899 3091 2968 quod
3144 2900 3188 2955 si
3225 2903 3653 2970 assumpserint,

2088 3009 2275 3049 eorum
2307 2992 2561 3046 dominus
2591 2992 2643 3045 in
2680 2992 2923 3045 dominio
2953 2992 3152 3060 injuria
3188 2978 3513 3057 afficeretur,
3539 2994 3656 3046 illo-

2092 3100 2211 3139 rum
2253 3083 2491 3138 dominio
2528 3084 2792 3151 privatus.
2841 3082 2897 3135 Si
2953 3082 3055 3135 hoc
3103 3092 3282 3136 autem
3334 3084 3508 3137 locum
3556 3085 3653 3137 ba-

2089 3176 2288 3237 buerit,
2314 3184 2564 3230 sanctum
2593 3190 2811 3243 quoque
2836 3175 3163 3242 baptismum
3190 3175 3381 3227 timere
3409 3184 3647 3242 oportet,

2090 3282 2158 3322 ne
2190 3268 2333 3322 servi
2366 3266 2665 3320 dominium
2695 3265 2798 3319 sibi
2837 3265 3124 3319 vendieent
3161 3282 3174 3319 :
3211 3265 3305 3320 sed
3337 3268 3501 3320 etiam
3547 3265 3644 3329 im‘

2090 3358 2482 3413 maculatorum
2529 3358 2910 3429 mysteriorum
2955 3357 3401 3424 assumptionem,
3448 3374 3512 3411 ne
3554 3374 3651 3428 per

2086 3466 2206 3506 eam
2238 3450 2307 3503 ab
2329 3449 2439 3503 illis
2462 3462 2682 3518 quoque
2707 3447 3034 3501 alieneutur.
3060 3445 3178 3512 Quo
3204 3447 3293 3501 iiet
3317 3456 3372 3500 ut
3400 3448 3450 3500 in
3479 3450 3649 3503 servis

2085 3541 2315 3593 intereat
2341 3550 2592 3605 magnum
2616 3545 2670 3589 et
2695 3534 3007 3589 venerabile
3036 3535 3232 3589 divinae
3256 3535 3377 3588 ﬁdei
3405 3549 3598 3589 nomen
3630 3550 3645 3589 :

2082 3636 2137 3682 et
2183 3641 2291 3680 non
2340 3626 2517 3679 solum
2569 3623 2707 3679 servi
2746 3623 3046 3686 hominum,
3101 3622 3196 3677 sed
3248 3626 3407 3676 etiam
3428 3610 3645 3677 ~diaboli

2082 3712 2392 3776 homicidae,
2425 3711 2555 3765 ﬁent
2589 3710 2856 3765 homines.
2896 3709 3097 3763 Eorum
3134 3717 3312 3763 autem
3350 3710 3552 3761 domini
3590 3712 3642 3762 iu

2081 3804 2380 3874 periculum
2414 3816 2630 3871 quoque
2668 3801 2909 3862 venient.
2954 3816 3043 3864 ne,
3073 3802 3196 3853 dum
3230 3800 3509 3853 hominum
3540 3803 3644 3855 mi-

2082 3895 2312 3951 nisterio
2366 3894 2566 3963 privari
2616 3893 2938 3954 formidant,
2994 3908 3022 3946 a
3074 3893 3163 3947 Dei
3215 3893 3383 3962 gloria
3433 3894 3643 3962 seipsos

2080 3987 2389 4043 abalienare
2430 3985 2756 4047 sustineant,
2809 3984 2903 4038 sed
2942 3974 3123 4053 neque
3172 3984 3272 4037 boc
3305 3992 3392 4039 est
3434 3985 3635 4039 rationi

2079 4085 2529 4142 consentaneum,
2556 4084 2609 4131 et
2651 4091 2863 4129 sacram
2901 4076 3335 4129 benedictionem
3379 4077 3432 4129 in
3463 4078 3642 4130 servis

2081 4186 2296 4243 quoque
2322 4170 2502 4224 valere
2544 4182 2784 4239 aequum,
2830 4176 2886 4222 et
2931 4166 3245 4223 Christiana
3294 4166 3643 4222 institutione

2078 4265 2300 4337 dignum
2333 4270 2440 4319 est.

3135 1536 3150 1570 :
3191 1534 3298 1571 non
3342 1528 3523 1572 autem
3568 1537 3668 1590 pro

502 4547 660 4601 Ἀλλὰ
700 4548 805 4617 γὰρ
826 4549 882 4600 ὲν
912 4547 1220 4619 ἀνθρώποις
1240 4542 1378 4601 οἶδεν
1399 4548 1433 4617 ἠ
1455 4547 1590 4616 τύχη
1652 4545 1970 4601 δεσποτείαν

2141 4544 2623 4602 Verumenimvero
2670 4542 2885 4598 fortuna
2938 4543 3086 4596 novit
3117 4543 3170 4597 in
3203 4541 3516 4599 hominibus
3546 4542 3632 4597 di.-

421 4639 521 4692 καὶ
548 4639 787 4693 δουλείαν
829 4640 1083 4709 διάφορα,
1112 4641 1208 4693 καὶ
1252 4640 1399 4707 ἅπερ
1431 4641 1461 4707 ή
1489 4638 1611 4691 καθ’
1653 4637 1802 4708 ἡμᾶς
1823 4637 1975 4689 πολι-

2093 4653 2233 4695 tersa
2257 4654 2378 4693 esse
2407 4636 2710 4691 dominium
2752 4645 2806 4690 et
2835 4635 3174 4700 servitutem,
3202 4643 3255 4688 et
3292 4650 3409 4704 quae
3449 4644 3635 4687 nostra

421 4731 545 4783 τεία
566 4731 839 4801 παρέλαϐε
862 4732 1032 4784 ταῦτα
1060 4731 1151 4784 καὶ
1180 4732 1270 4783 ἐπὶ
1300 4726 1503 4789 τούτων
1527 4729 1701 4799 χρεὼν
1719 4731 1963 4799 κρατεῖν.

2093 4738 2287 4799 tcceptt
2314 4727 2642 4797 respublica,
2681 4742 2743 4780 ea
2771 4728 2823 4779 in
2858 4727 2924 4779 iis
2952 4741 3167 4795 quoque
3192 4726 3371 4779 valere
3396 4733 3629 4795 oportet.

426 4819 519 4887 Εἷς
550 4825 604 4877 δὲ
635 4825 837 4894 Κύριος
890 4826 1127 4889 πάντων,
1180 4825 1279 4893 μία
1321 4825 1528 4889 πίστις,
1560 4825 1619 4876 ἓν
1667 4823 1972 4893 βάπτισμα,

2093 4819 2228 4875 Jnus
2268 4827 2447 4872 autem
2502 4817 2761 4870 Dominus
2809 4817 3078 4880 omnium,
3125 4831 3231 4869 una
3274 4817 3425 4879 ﬁdes,
3462 4831 3632 4869 unum

426 4916 522 4966 καὶ
544 4916 753 4969 δουλεία
774 4916 865 4968 καὶ
882 4916 1166 4969 δεσποτεία
1187 4916 1282 4969 ὅσα
1308 4933 1369 4984 γε
1390 4917 1528 4970 κατὰ
1553 4917 1734 4968 πίστιν
1747 4915 1977 4985 διάφορα

2093 4910 2344 4980 )aptlsma
2379 4909 2427 4941 "
2463 4926 2477 4963 :
2511 4907 2669 4978 257
2699 4921 2753 4961 et
2780 4908 2923 4976 quod
2953 4906 3019 4960 ad
3060 4910 3216 4961 ﬁdem
3246 4906 3462 4975 quidem
3500 4905 3632 4960 atti-

426 5004 486 5055 οὐ
516 5004 874 5074 γινώσκομεν,
904 5005 987 5057 ὅτι
1015 5006 1106 5058 καὶ
1133 5005 1332 5066 πάντες
1350 5004 1544 5071 ἐπίσης
1595 5004 1771 5056 δοῦλοί
1800 5005 1969 5072 ἐσμεν

2093 5012 2189 5067 tet,
2224 5001 2451 5057 dominii
2484 5013 2538 5055 et
2571 5001 2850 5055 servitutis
2889 5000 3251 5055 differentiam
3290 5014 3397 5052 non
3431 5013 3633 5067 cogno-

424 5094 502 5161 τῷ
532 5096 593 5157 ἐκ
616 5094 854 5159 δουλείας
906 5088 1244 5167 λυτρώσαντι
1313 5097 1459 5167 ἡμᾶς
1480 5095 1557 5165 τῷ
1576 5094 1636 5159 ἐξ
1653 5094 1817 5148 αὑτοῦ
1843 5094 1973 5163 θείῳ

2093 5094 2310 5159 scimus;
2337 5092 2597 5162 quoniam
2623 5104 2811 5143 omnes
2839 5105 3028 5143 sumus
3052 5106 3116 5143 ex
3141 5104 3296 5158 aequo
3321 5088 3462 5143 servi
3486 5088 3626 5155 ejus,

425 5188 520 5240 καὶ
553 5186 802 5258 ζωοποιῷ
860 5189 1075 5256 αἵματι.
1117 5188 1227 5242 Καὶ
1282 5189 1404 5242 ἐπεὶ
1432 5188 1603 5241 ταῦτα
1643 5186 1821 5250 καλῶς
1850 5186 1972 5240 τού-

2093 5184 2161 5253 lui
2190 5198 2291 5236 nos
2317 5198 2381 5235 ex
2414 5181 2674 5234 servitute
2699 5177 2883 5231 divino
2907 5192 3007 5232 suo
3033 5186 3085 5231 et
3118 5177 3333 5231 viviﬁco
3360 5174 3625 5245 sanguine

423 5292 537 5338 τοις
568 5279 663 5330 καὶ
717 5279 1007 5341 λυσιτελῶς
1054 5278 1428 5341 διατέτακται,
1478 5277 1560 5331 δεῖ
1593 5278 1693 5345 τὴν
1720 5277 1967 5348 μεγάλην

2093 5275 2315 5331 ‘edemit.
2352 5271 2419 5325 Et
2439 5270 2848 5359 quoniamdtzec
2882 5282 3028 5324 recte
3057 5270 3144 5325 his
3171 5278 3225 5323 et
3258 5268 3459 5321 utiliter
3492 5282 3625 5320 con-

428 5369 732 5440 ἁγιωσύνην
769 5388 860 5424 σου
890 5370 1024 5441 δῆλα
1074 5370 1241 5424 ταῦτα
1280 5368 1466 5423 θέσθαι
1491 5368 1808 5439 ἁπανταχοῦ
1858 5368 1968 5423 τῶν

2098 5370 2257 5423 tituta
2312 5372 2464 5431 sunt,
2510 5371 2729 5433 oportet
2780 5376 3028 5433 magnam
3079 5370 3227 5429 tuam
3278 5360 3621 5417 sanctitatem

497 5527 542 5558 "
582 5527 778 5591 Ephes.
804 5541 875 5591 tv,
894 5525 947 5580 5.

626 5528 778 5595 pbes.
804 5541 875 5591 tv,
894 5528 947 5580 5.

1624 5610 1817 5673 Guill.
1856 5610 2186 5687 Beveregii
2217 5620 2402 5674 noue.

2064 5715 2278 5792 dleiano
2308 5719 2389 5773 sic
2416 5721 2818 5792 supplevmtus;
2847 5720 2935 5777 cui
2960 5719 3121 5783 etiam
3152 5717 3618 5778 Amerbachianus

496 5723 603 5793 (99)
638 5721 914 5788 Ἑαυτοὺς
935 5721 1298 5790 ἀνεχόμενοι.
1326 5718 1385 5773 In
1410 5716 1643 5773 editione
1666 5715 1958 5772 Parisiensi

496 5809 610 5843 :una
645 5793 745 5843 boc
781 5796 899 5843 loco
933 5792 1272 5843 relinauitur.
1304 5802 1465 5843 quam
1496 5803 1594 5843 nos
1624 5803 1687 5843 ex
1723 5802 1823 5843 ms.
1862 5787 1961 5842 Bo-

2093 5715 2278 5771 lleiano
2308 5733 2323 5773 ε

2093 5787 2239 5843 istiuu
2252 5788 2323 5843 lat

2102 5804 2413 5859 suputatur.

404 5787 610 5848 .lac'una
645 5793 745 5849 hoc
780 5787 901 5849 loco
933 5787 1272 5862 relinquitur,
1304 5802 1594 5863 quamrnos
1624 5802 1823 5866 eths.
1849 5787 1961 5869 ’Βο-
