3992 6484
471 409 577 471 803

1676 419 1679 423 ·
1720 400 1997 463 THEOD.
2042 399 2438 460 BALSAMON

3558 407 3649 471 804

472 523 583 577 hx-r
610 516 787 572 omnia
808 518 863 571 in
886 516 1141 570 omnibus
1162 513 1413 570 ecclesiis
1435 512 1723 571 manifesta
1749 514 1975 569 reddere
2005 528 2019 565 :

2131 511 2295 579 ἁγίων
2316 509 2643 581 ἐκκλησιῶν,
2700 511 2775 575 ὡς
2808 513 2876 564 ἂν
2901 511 2952 565 οί
2997 511 3055 565 ἑν
3086 513 3277 578 αὑταῖς
3330 518 3648 585 προεστῶτες

473 620 530 665 ut
561 608 651 675 qui
688 606 765 660 eis
794 617 1052 674 prat'sunt,
1088 618 1149 657 ea
1180 619 1300 672 quae
1329 602 1393 655 ad
1423 602 1723 657 libertatem
1757 604 2024 664 pertinent

473 708 553 760 sic
605 702 978 758 examinantes
1034 698 1339 751 contrarias
1400 701 1617 750 testium
1670 697 2019 764 probationes

471 797 734 850 adversus
760 809 948 850 servus
979 790 1215 845 dominis
1255 806 1360 842 non
1387 788 1724 856 permittant,
1765 796 1818 840 et
1850 786 2023 838 omni-

474 888 578 942 bus
627 888 678 939 in
722 888 837 939 suis
881 881 1177 953 provinciis
1215 879 1558 933 manifestum
1590 878 1841 943 efﬁciant,
1876 877 2021 946 quod

471 980 564 1049 qui
615 994 721 1031 non
757 992 879 1029 cum
933 989 1085 1027 sacra
1138 972 1513 1027 benedictione
1558 986 1742 1026 servos
1793 972 2021 1023 invicem

471 1070 827 1135 coniungunt,
880 1082 986 1119 non
1033 1064 1140 1118 Deo
1189 1072 1402 1134 gratum
1435 1064 1575 1116 inter
1614 1078 1709 1118 eos
1739 1061 2024 1115 matrimo-

473 1161 623 1217 nium
657 1161 997 1215 constituunt
1028 1173 1041 1210 :
1076 1156 1168 1210 sed
1211 1156 1625 1209 fornicatorium
1657 1155 1857 1209 coitum
1891 1169 2023 1208 eon-

477 1256 712 1308 lirtnant.
746 1250 895 1317 Quos
940 1250 1084 1305 enim
1123 1264 1228 1302 non
1264 1248 1549 1318 coniungit
1584 1246 1727 1302 Deus
1771 1262 1867 1317 per
1898 1260 2024 1301 san-

473 1356 614 1400 ctam
674 1342 1105 1399 benedictionem
1166 1349 1517 1408 assumptus,
1581 1339 1634 1392 bi
1703 1353 1893 1395 omnes
1954 1338 2022 1394 ad

470 1446 693 1507 peccata
725 1437 1073 1489 conveniunt.
1116 1431 1178 1484 Et
1217 1431 1391 1485 sicubi
1428 1430 1529 1485 hoc
1559 1430 1628 1484 ab
1663 1430 1864 1505 aliquo,
1899 1431 2026 1500 qui~

472 1546 685 1601 cunque
739 1533 783 1585 is
833 1529 923 1593 sit,
973 1529 1171 1581 abhinc
1202 1526 1399 1581 factum
1437 1527 1803 1579 renuntiatum
1840 1524 2023 1589 fuerit,

474 1626 646 1675 sciant
678 1618 904 1681 domini,
940 1619 1081 1688 quod
1131 1634 1236 1670 non
1284 1616 1464 1671 solum
1513 1617 1605 1668 ira:
1636 1614 1832 1667 divina:
1860 1622 2023 1666 erunt

474 1714 719 1772 obnoxii,
764 1710 855 1766 sed
899 1724 926 1765 a
966 1712 1138 1764 servis
1172 1721 1388 1778 quoque
1427 1706 1901 1767 abalienabuntur,
1944 1704 2023 1759 eis

476 1805 725 1859 abductis
758 1804 810 1857 in
840 1803 1168 1857 libertatem.
1200 1803 1335 1855 Cum
1365 1801 1442 1855 eis
1467 1801 1611 1854 enim
1645 1799 1806 1853 liceat
1838 1812 2023 1853 servos

477 1913 607 1952 suos
630 1898 749 1966 jure
791 1898 844 1950 in
888 1897 995 1951 Deo
1033 1897 1267 1951 invicem
1303 1896 1652 1963 conjungere,
1678 1901 1731 1945 et
1760 1896 2025 1963 integrum

475 1992 528 2046 in
571 1992 652 2045 eis
698 1990 898 2045 habere
945 1989 1268 2052 dominium,
1305 1989 1411 2043 nisi
1462 1987 1561 2041 boe
1609 1985 1857 2046 fecerint;
1906 1985 2029 2054 jure

472 2081 696 2137 omnino
721 2081 787 2133 ab
809 2094 997 2134 eorum
1026 2078 1265 2132 dominio
1287 2079 1555 2132 excident.
1580 2076 1827 2131 Praesens
1850 2088 2026 2130 autem

472 2173 793 2229 constitutio
824 2187 931 2227 non
964 2173 1141 2226 solum
1176 2172 1336 2225 debet
1368 2172 1423 2225 in
1466 2171 1713 2225 ecclesiis
1753 2184 1873 2240 qua!
1902 2170 2029 2224 ubi-

471 2282 579 2337 que
606 2278 733 2321 sunt
764 2264 1121 2334 promulgari,
1158 2265 1249 2319 sed
1282 2264 1336 2318 in
1371 2263 1627 2317 omnibus
1654 2262 1817 2315 etiam
1851 2262 2029 2315 civili-

471 2360 578 2413 bus
604 2358 828 2425 iudieiis
868 2356 1057 2424 deponi
1093 2372 1111 2409 :
1143 2355 1281 2409 tradi
1315 2362 1494 2409 autem
1532 2353 1695 2409 etiam
1731 2353 1819 2417 iis,
1852 2354 1941 2422 qui
1972 2353 2027 2407 in

474 2448 777 2519 provinciis
810 2447 1159 2515 magistratus
1201 2455 1419 2517 gerunt,
1450 2453 1509 2501 ut
1541 2461 1663 2514 quae
1690 2446 1758 2499 ab
1787 2445 2028 2513 impera-

473 2542 615 2595 toria
648 2547 832 2594 nostra
876 2540 1203 2592 auctoritate
1237 2538 1377 2592 bene
1416 2538 1809 2601 decernuntur,
1852 2537 2030 2592 omni-

477 2634 581 2686 bus
603 2634 967 2685 innotescunt.
995 2628 1265 2696 Quoniam
1295 2638 1473 2684 autem
1502 2630 1555 2683 in
1580 2630 1831 2699 personis
1854 2630 2028 2685 servi-

468 2723 577 2777 lem
610 2720 883 2776 fortunam
917 2721 1477 2792 habentibusnuptia:
1506 2724 1657 2792 prius
1691 2722 1845 2777 facta:
1876 2730 2027 2788 sunt,

473 2817 527 2865 et
558 2813 757 2882 nuptiae
788 2814 1179 2867 convenienter
1219 2811 1439 2881 iniquae,
1479 2824 1599 2881 quae
1634 2811 1919 2882 hucusque
1949 2812 2031 2867 in-

2130 604 2273 681 οὕτω
2300 621 2361 659 τε
2414 606 2483 658 τά
2545 605 2673 675 περὶ⁵
2740 607 2853 659 τῶν
2911 605 3231 677 ἐλευθεριῶν
3288 608 3649 678 δοκιμάζωσιν.

2123 696 2658 769 ἀντιπαραστατικὴν
2689 699 2996 769 μαρτυρίαν
3018 700 3161 754 κατὰ
3198 700 3306 753 τῶν
3338 701 3531 758 δούλων
3554 710 3652 770 τοῖς

2121 793 2407 855 δεσπόταις
2454 794 2528 862 μὴ
2563 792 2997 862 συγχωροῦντες,
3056 793 3147 846 καὶ
3176 794 3311 847 πᾶσι
3344 794 3544 849 θῶνται
3567 815 3655 850 και

2122 883 2358 952 ταφανές
2386 886 2444 936 ἐν
2477 886 2596 945 ταῖς
2621 884 2709 936 ὑπ’
2743 884 2925 936 αὐτῶν
2962 885 3215 954 ἐνορίαις,
3253 885 3326 948 ὡς
3360 888 3407 939 oi
3440 888 3509 964 μῂ
3541 890 3657 958 μεθ’

2138 977 2451 1049 ἱερουργίας
2477 976 2727 1046 ἀλλήλοις
2756 978 3118 1039 συνάπτοντες
3150 980 3276 1039 τοὺς
3304 978 3521 1043 δούλους
3547 981 3657 1050 οὐχὶ

2124 1070 2347 1139 θεοφιλῆ
2392 1070 2573 1139 γάμον
2604 1068 2925 1122 συνιστῶσιν
2960 1071 3019 1123 ἐν
3052 1070 3236 1132 αὐτοῖς
3261 1085 3277 1102 ⁸
3338 1070 3451 1124 ἀλλ’
3481 1074 3657 1143 ixi-cop—

2121 1160 2387 1217 νεύουσαν
2422 1159 2568 1230 μίξιν
2597 1158 2977 1231 κρατύνουσιν.
3007 1160 3113 1223 Οὓς
3148 1162 3259 1231 γὰρ
3312 1163 3384 1231 μὴ
3416 1163 3660 1218 συνάπτει
3754 1198 3759 1209 ι

2123 1253 2255 1316 Θεὸς
2286 1253 2353 1306 δι’
2380 1248 2678 1323 ίερολογίας
2707 1250 3287 1325 παραλαμδανόμενος,
3310 1250 3451 1309 οὗτοι
3476 1257 3661 1318 πάντες

2123 1348 2200 1408 είς
2230 1346 2501 1415 ἁμαρτίας
2531 1346 2902 1416 συνέρχονται.
2968 1347 3074 1399 Καὶ
3100 1346 3155 1400 εί
3188 1362 3291 1400 που
3341 1350 3661 1417 προσαγγελα

2123 1438 2238 1509 θείη
2262 1438 2419 1491 τοῦτο
2446 1438 2577 1508 παρ’
2593 1438 2920 1509 οίουδήτινος
2948 1436 3121 1501 οὕτως
3162 1439 3272 1493 ἀπὸ
3290 1439 3441 1493 τοῦδε
3463 1443 3663 1510 γινόμε-

2121 1547 2230 1593 νον,
2260 1532 2496 1583 ἴστωσαν
2513 1530 2585 1593 ῶς
2614 1530 2673 1583 οὐ
2693 1531 2849 1599 μόνον
2870 1530 2999 1600 θείῳ
3062 1531 3344 1601 μηνύματι
3400 1535 3661 1604 καταστή-

2125 1639 2304 1677 σονται
2329 1623 2522 1693 ἔνοχοι,
2542 1624 2674 1677 ἀλλὰ
2703 1625 2795 1676 καὶ
2845 1623 2955 1676 τῶν
2980 1623 3183 1677 δούλων
3226 1624 3665 1696 ἁλλοτριωθήοον-

2124 1732 2237 1776 ται,
2265 1717 2345 1777 είς
2370 1714 2683 1784 ἐλευθερίαν
2716 1712 3132 1784 ἁρπαζομένων.
3177 1711 3328 1780 Ἐξὸν
3360 1716 3468 1786 γὰρ
3500 1710 3662 1781 aiatait;

2126 1806 2265 1859 κατὰ
2292 1806 2486 1876 νόμους
2530 1805 2649 1875 Θεῷ
2680 1806 2974 1858 συνάπτειν
3005 1805 3251 1875 ἀλλήλοις
3280 1808 3403 1867 τοὺς
3439 1808 3661 1872 δούλους,

2130 1902 2222 1953 καὶ
2246 1899 2342 1968 τὴν
2372 1900 2461 1952 ἐπὶ
2510 1899 2691 1961 αὐτοῖς
2743 1899 3061 1951 δεσποτείαν
3119 1899 3267 1969 ἐχειν
3309 1899 3594 1970 ἀλώὸητον,
3620 1903 3662 1953 εί

2133 1992 2207 2063 μὴ
2235 1992 2395 2047 τοῦτο
2422 1994 2647 2057 ποιοῖεν,
2682 1992 2893 2054 ἑαυτοῖς
2920 1991 3143 2055 δικαίως
3196 1991 3413 2052 πάντως
3441 1992 3535 2059 τὴν
3575 1991 3662 2058 τῆς

2128 2084 2445 2146 δεσποτείας
2474 2085 2768 2151 ἐπάγουσιν
2830 2081 3127 2137 ἔκπτωσιν.
3174 2080 3247 2134 Τὸ
3280 2081 3339 2133 δὲ
3372 2082 3540 2151 παρὸν
3567 2080 3668 2132 διά-

2126 2191 2313 2243 ταγμα
2337 2175 2398 2226 οὑ
2457 2174 2620 2242 μόνον
2672 2171 2877 2239 ὀφείλει
2932 2174 2991 2223 ἐν
3042 2172 3163 2233 ταῖς
3202 2168 3518 2239 ἁπανταχοῦ
3571 2168 3668 2220 τῶν

2127 2256 2426 2334 ἐκκλησιῶν
2450 2262 2861 2332 διαγγελθῆναι,
2891 2260 3025 2315 ἀλλὰ
3051 2261 3157 2313 κὰν
3210 2261 3328 2321 τοῖς
3391 2259 3669 2320 πολιτικοῖς

2128 2358 2500 2427 δικαστηρίοις
2531 2355 2981 2425 κάτω-τρωθῆναι
3017 2352 3122 2425 (η’
3151 2351 3403 2422 γενέσθαι
3430 2351 3486 2405 δὲ
3516 2352 3673 2405 διαδόρ

2131 2467 2309 2523 σιμον,
2366 2451 2461 2505 καί
2514 2452 2595 2514 είς
2620 2451 2744 2511 τοὺς
2788 2448 2896 2502 τῶν
2937 2449 3295 2519 ἐπαρχιωτῶν
3342 2447 3668 2519 προεστῶτας

2130 2542 2331 2615 ἀρχῶν,
2383 2543 2457 2605 ῶς
2494 2543 2561 2595 ἂν
2612 2540 2817 2612 εἴδησιν
2864 2540 3026 2610 ἔχωσι
3078 2538 3318 2603 ἅπαντες
3366 2540 3474 2592 τῶν
3501 2537 3667 2600 καλῶς

2130 2632 2282 2705 παρὰ
2302 2636 2402 2704 τῆς
2448 2633 2726 2705 βασιλείας
2775 2633 2932 2703 ἡμῶν
2971 2632 3320 2702 όρισθέντων.
3393 2630 3672 2707 Ἐπειδὴδέ

2131 2731 2223 2784 καὶ
2253 2728 2421 2797 γάμοι
2479 2725 2720 2794 ἐφθασιν
2770 2726 2869 2796 ήδη
2928 2726 3178 2791 γενέσθαι
3236 2722 3673 2794 ὲπὶ¹προσώποις

2130 2818 2380 2889 δουλικὴν
2406 2816 2587 2887 ἔχουσι
2632 2814 2825 2886 τύχην,
2879 2815 2971 2869 καὶ
2998 2816 3046 2869 οί
3070 2815 3237 2885 γάμοι
3296 2816 3441 2870 κατὰ
3460 2815 3554 2884 τὴν
3580 2815 3675 2877 τως

475 2904 664 2968 valuit,
714 2904 1091 2960 consuetudini
1140 2912 1568 2974 processerunt,
1604 2910 1820 2975 oportet
1862 2903 1914 2958 in
1960 2903 2027 2959 iis

2131 2910 2222 2964 τοῦ
2252 2910 2344 2963 νῦν
2370 2911 2680 2979 κρατοῦσαν
2708 2907 3016 2978 παράλογον
3084 2909 3378 2979 συνήθειαν
3418 2906 3676 2978 προδεδή-

472 3011 692 3066 quoque
733 3012 943 3053 sacram
988 2997 1427 3052 benedictionem
1477 2997 1616 3060 ﬁeri,
1664 3008 1723 3052 ut
1763 3013 1858 3067 per
1885 3010 2027 3063 eam,

2131 3015 2284 3064 κασι,
2306 3000 2388 3053 δεῖ
2415 2999 2510 3053 καὶ
2557 2994 2651 3053 ἐπὶ
2677 2998 2885 3052 τούτων
2925 2999 3023 3070 τὴν
3054 2998 3361 3070 ίερολογίαν
3412 2999 3673 3067 γενέσθαι,

472 3090 633 3143 etiam
667 3090 713 3144 si
747 3090 900 3145 tarde
927 3091 1038 3154 fiat,
1074 3090 1124 3145 id
1159 3092 1302 3160 quod
1342 3099 1424 3147 est
1448 3089 1737 3145 colendum
1765 3102 1829 3145 ac
1858 3103 2027 3145 vene-

2134 3095 2220 3148 ῖνσ.
2248 3094 2336 3147 διὰ
2398 3093 2624 3163 ταύτης,
2662 3093 2767 3146 κᾶν
2824 3092 2921 3163 6ψέ
2978 3094 3225 3163 γένηται,
3282 3094 3347 3146 τὸ
3403 3094 3677 3161 σεϐάσμιοι

472 3180 707 3235 randum
741 3182 996 3245 habeant,
1030 3182 1409 3252 superioribus
1439 3196 1661 3253 quoque
1691 3181 2027 3237 observatio-

2132 3185 2316 3259 ἔχωσι,
2357 3186 2468 3240 τῶν
2490 3188 2777 3257 ἁνωτέρων
2795 3188 2915 3257 είρη
2925 3189 3098 3256 μένων
3128 3189 3563 3257 παρατηρήσεων
3586 3186 3671 3239 καὶ

474 3276 636 3328 nibus
660 3274 827 3328 etiam
856 3274 911 3328 in
939 3274 1089 3331 hisee
1120 3274 1326 3345 nuptiis
1360 3275 1541 3330 valere
1574 3273 1921 3329 debentibus.

544 3364 800 3420 ZONAR.
856 3365 989 3419 Rem
1050 3366 1483 3421 inaestimabilem
1535 3381 1655 3422 esse
1703 3365 2027 3431 libertatem,

472 3460 578 3513 boe
606 3468 711 3525 est,
760 3457 1098 3528 impossibile
1142 3472 1281 3525 esse,
1314 3468 1376 3513 ut
1418 3460 1738 3524 aestimetur,
1787 3457 1872 3512 vel
1910 3470 2033 3526 pre-

472 3552 605 3606 tium
642 3552 761 3619 ejus
794 3553 1178 3614 constituatur,
1206 3551 1352 3622 leges
1390 3551 1573 3607 civiles
1595 3550 1811 3606 docent.
1840 3552 2027 3621 Igitur,

486 3643 699 3711 quoties
730 3642 795 3696 de
842 3641 1109 3705 libertate,
1134 3643 1332 3711 quippe
1372 3642 1436 3696 de
1468 3658 1575 3697 non
1610 3644 1742 3699 levis
1773 3645 2032 3700 momenti

475 3751 532 3789 re
572 3733 943 3787 testimonium
978 3733 1108 3787 l'erri
1146 3741 1447 3803 oporteret,
1499 3749 1733 3804 quorum
1768 3736 2033 3791 intererat

473 3821 824 3893 probationes
879 3818 1115 3887 aﬂerre,
1163 3821 1402 3891 quinque
1446 3821 1657 3876 scilicet
1705 3832 1799 3876 aut
1849 3822 2033 3895 plures

468 3914 636 3967 etiam
674 3912 838 3982 (quod
869 3912 1093 3967 totidem
1126 3913 1181 3965 in
1214 3910 1338 3966 aliis
1367 3926 1584 3982 quoque
1617 3910 2029 3985 disceptationi—

476 4003 581 4059 bus
620 4001 739 4056 dari
774 4000 1215 4067 consuevissent)
1262 4008 1433 4057 testes
1463 4000 1717 4059 exhibere
1769 4004 2036 4074 eOgeban-

472 4102 583 4147 tur.
629 4092 743 4159 Qua
766 4092 985 4162 quidem
1015 4091 1409 4149 consuetudine
1448 4092 1536 4149 bic
1566 4094 1817 4148 damnata
1855 4108 2033 4151 canon

476 4186 589 4256 (qui
626 4184 883 4240 nimirum
917 4184 1154 4243 libertati
1198 4185 1396 4257 faveat)
1446 4187 1610 4241 trium
1640 4201 1855 4257 quoque
1881 4188 2034 4243 testi-

2132 3282 2225 3337 ἐπὶ
2255 3279 2335 3350 τῷ
2365 3279 2590 3350 τοιούτῳ
2617 3279 2779 3348 γάμῳ
2813 3282 3035 3350 κρατεῖν
3054 3279 3409 3346 όφειλουσῶν.

2168 3372 2448 3426 (ΖΩΝΑΡ.
2486 3370 2869 3442 ’Δδιατίμητον
2922 3372 3155 3441 πρᾶγμα
3195 3372 3298 3440 τὴν
3350 3369 3671 3435 ἐλευθερίαν,

2132 3464 2301 3537 ἤγουν
2346 3462 2729 3535 διατιμηθῆναι
2771 3464 2869 3517 καὶ
2924 3463 3089 3533 τιμὴν
3128 3463 3413 3534 ὁρισθῆναι
3436 3464 3523 3515 ἐπ’
3554 3464 3677 3531 αὐτῇ

2137 3554 2211 3626 μὴ
2244 3557 2560 3624 δυνάμενον,
2613 3556 2662 3607 οί
2695 3558 2796 3626 τῆς
2820 3555 3098 3619 πολιτείας
3130 3550 3270 3608 εἶναι
3309 3555 3468 3625 νόμοι
3504 3553 3678 3622 φασίν.

2149 3648 2237 3713 Ὠς
2260 3647 2351 3702 οὖν
2368 3646 2497 3719 περί⁹
2523 3646 2757 3717 μεγάλου
2790 3648 3116 3718 πράγματος
3145 3646 3410 3716 ἐσομένης
3434 3646 3531 3715 τῆς
3556 3658 3685 3713 μαρ-

2135 3739 2332 3812 τυρίας
2358 3740 2447 3793 ὅτε
2492 3737 2672 3809 δεήσει
2698 3739 3000 3811 μαρτυρίας
3031 3738 3160 3809 περὶ
3214 3738 3543 3809 ἐλευθερίας,
3581 3738 3679 3790 ἀπ-

2136 3830 2362 3905 ῃτοῦντο
2385 3830 2435 3883 οῖ
2456 3830 2556 3894 τὰς
2582 3830 2881 3895 ἀποδείξεις
2908 3828 3223 3901 ποιούμενοι
3250 3831 3418 3883 πέντε
3451 3829 3606 3899 τυχὸν
3647 3829 3678 3898 ἢ

2134 3925 2230 3978 καὶ
2270 3922 2520 3984 πλείονας
2573 3921 2920 3991 παράγεσθαι
2953 3921 3257 3993 μάρτυρας,
3293 3919 3373 3985 ὡς
3427 3919 3678 3974 τοσούτων

2132 4018 2227 4071 καὶ
2251 4014 2336 4083 ἐφ’
2375 4014 2591 4085 ἐτέραις
2628 4014 2920 4067 ὑποθέσεσι
2944 4014 3367 4083 παραγομένων.
3404 4014 3569 4067 Τοῦτο
3595 4008 3679 4064 οὖν

2131 4104 2371 4175 ἀναιρῶν
2407 4106 2436 4158 ό
2489 4103 2666 4158 κανὼν
2694 4105 2784 4158 ἐπὶ
2838 4104 3031 4174 θάλψει
3075 4107 3172 4175 τῆς
3223 4105 3556 4175 ἐλευθερίας,
3596 4105 3681 4157 καὶ

2130 4200 2281 4268 τρεῖς
2328 4195 2499 4266 ὁρίζει
2552 4195 2759 4263 ἀρκεῖν,
2791 4196 2884 4248 καὶ
2938 4196 3035 4266 τὴν
3067 4194 3289 4266 Γράφὴν
3328 4198 3565 4265 παράγει
3609 4196 3679 4257 είς

477 4276 721 4330 monium
750 4276 883 4331 satis
916 4290 1037 4331 esse
1062 4276 1350 4344 decernit;
1383 4288 1435 4333 et
1460 4279 1797 4335 stabiliendae
1831 4279 2027 4336 consti-

2136 4289 2395 4342 σύστασιν
2426 4285 2523 4356 τῆς
2582 4286 2963 4355 θεσμοθεσίας,
3013 4287 3315 4354 λέγουσαν
3361 4289 3483 4341 Ἐπὶ
3536 4286 3677 4355 δύοῆ

476 4368 671 4422 ιιιιίοηὶ
697 4383 765 4424 ex
792 4368 964 4424 sacris
998 4369 1215 4426 Litteris
1248 4370 1335 4425 illa
1366 4371 1590 4442 profert,
1613 4372 1670 4427 In
1702 4387 1796 4427 ore
1829 4374 2027 4428 scilicet

2134 4378 2304 4451 τριῶν
2342 4379 2631 4448 μαρτύρων
2693 4378 3022 4448 σταθήσεται
3056 4381 3162 4433 πᾶν
3192 4380 3370 4450 ῥῆμα,
3430 4381 3547 4434 ἀντὶ
3594 4379 3677 4432 τοῦ

478 4460 709 4514 duorum
739 4468 831 4514 aut
855 4461 1018 4514 trium
1044 4462 1258 4515 testium
1283 4463 1448 4517 stabit
1472 4478 1630 4539 omne
1652 4462 1901 4528 verbum,
1929 4466 2035 4521 hoc

474 4562 581 4617 σει,
615 4552 827 4607 llrmum
865 4570 928 4607 ac
961 4563 1135 4608 ratum
1168 4571 1293 4611 esse
1320 4556 1671 4625 judicabitur.

474 4643 704 4699 ARIST.
758 4665 776 4697 ι
831 4641 1031 4699 Servus
1066 4664 1091 4698 a
1145 4647 1367 4703 domino
1397 4649 1499 4705 sub
1536 4651 1751 4705 duobus
1803 4651 2030 4707 testibus

521 4755 537 4785 ε
584 4737 973 4801 manumissus,
1012 4736 1261 4793 libertate
1296 4742 1543 4794 donetur.
1588 4759 1608 4793 ι
1644 4740 1994 4812 Pcrsplcuus.

987 4826 1209 4883 CANON
1244 4829 1528 4887 LXXXVI.

400 4944 403 4947 λ
485 4938 503 4971 ε
541 4917 671 4984 Eos,
697 4918 789 4989 qui
823 4916 891 4973 ad
926 4919 1227 4973 animarum
1259 4920 1467 4991 lapsum
1496 4922 1808 4980 meretrices
1832 4934 2034 4994 cogunt

552 5030 572 5063 ε
612 5020 664 5064 et
698 5012 871 5077 alunt,
902 5012 950 5065 si
983 5011 1093 5066 sint
1122 5014 1337 5082 quidem
1372 5013 1578 5079 clerici,
1611 5014 1806 5084 deponi
1839 5016 2034 5072 delini-

557 5120 575 5153 ε
615 5118 775 5157 mus:
806 5102 893 5157 sin
929 5116 1052 5157 vero
1079 5104 1225 5167 laici,
1260 5104 1555 5175 segregari.
1595 5123 1613 5155 ι

550 5192 748 5248 BALS.
808 5194 1278 5260 Quemadmodum
1311 5197 1397 5251 lex
1436 5197 1611 5252 civilis
1656 5197 1901 5265 lenones,
1946 5200 2036 5268 qui

485 5287 802 5341 meretrices
831 5288 1005 5353 alunt,
1036 5289 1207 5357 punit,
1245 5286 1319 5342 ita
1354 5295 1410 5344 et
1449 5304 1621 5344 canon
1648 5289 1888 5345 decernit
1919 5306 2035 5355 eos,

2061 4542 2117 4605 D

2138 4466 2582 4538 βεδαιωθήσεται,
2614 4468 3011 4538 κυρωθήσεται.

2135 4634 2358 4690 ΔΡΙΣΤ.
2401 4652 2423 4687 ε
2480 4636 2953 4707 Ἥλενθερωμένος
3010 4637 3114 4690 ὑπὸ
3176 4639 3440 4694 δεσπότου
3498 4640 3674 4704 δοῦλος

2240 4729 2335 4780 ἐπὶ
2362 4727 2485 4781 δυσὶ
2532 4730 2800 4799 μάρτυσιν
2826 4729 2915 4799 εῐη
2955 4731 3273 4795 άδούλωτος.
3322 4752 3341 4785 ι
3377 4735 3579 4805 Σαφής.

2688 4822 2923 4875 ΚΔΝΩΝ
2982 4821 3126 4890 nq’.

2138 4931 2160 4966 ε
2206 4912 2347 4975 Τοὺς
2368 4913 2463 4966 ἐπὶ
2495 4912 2677 4983 ψυχῶν
2702 4912 2899 4983 ὀλίσθῳ
2923 4917 3126 4985 πόρνας
3150 4918 3574 4983 ἐπισυναγοντας
3590 4916 3676 4968 καὶ

2213 5022 2234 5057 ε
2280 5003 2670 5075 ἐκτρέφοντας,
2693 5004 2743 5056 εί
2768 5005 2866 5074 μὲν
2888 5004 3137 5076 κληρικοὶ
3162 5001 3293 5069 εἷεν,
3316 5006 3678 5076 καθαιρεῖσθαι

2204 5115 2223 5150 ε
2268 5096 2520 5167 ὁρίζομεν
2539 5113 2554 5129 ο
2583 5097 2632 5149 εί
2660 5096 2719 5149 δὲ
2746 5097 2945 5161 λαῖκοὶ,
2982 5099 3355 5169 ἀφορίζεσθαι.
3386 5121 3407 5152 ι

2150 5252 2174 5268 ν
2210 5188 2407 5243 ΒΑΛΣ.
2450 5189 2661 5259 ’Ὠσπερ
2692 5190 2721 5242 ό
2748 5190 3027 5253 πολιτικὸς
3078 5190 3242 5260 νόμος
3293 5193 3511 5257 κολάζει
3564 5190 3678 5251 τοὺς

2110 5281 2560 5353 λπορνοδοσκοὺς,
2600 5280 2743 5335 οὕτω
2791 5283 2885 5335 καὶ
2918 5284 2946 5336 ό
2994 5283 3175 5336 κανὼν
3234 5284 3521 5356 διορίζεται
3565 5285 3680 5344 τοὺς

480 5379 575 5450 qui
622 5379 935 5436 meretrices
978 5388 1197 5450 cogunt,
1251 5389 1305 5435 et
1346 5381 1545 5436 multos
1595 5397 1655 5436 ea
1714 5383 1920 5437 ratione
1969 5385 2027 5437 ad

2135 5374 2560 5442 ἐπισυνάγοντας
2607 5373 2835 5444 πόρνας,
2882 5374 2977 5427 καὶ⁴
3025 5370 3135 5428 οἷον
3180 5374 3270 5429 διὰ
3330 5377 3519 5429 τούτου
3563 5390 3679 5426 συν⁴

1677 5547 1870 5609 Guill.
1902 5544 2224 5621 Beveregii
2258 5554 2439 5606 noue.

556 5674 631 5744 (1)
671 5674 853 5731 Ἀλλὰ
872 5674 986 5729 κάν
1010 5673 1132 5742 τοῖς
1159 5650 1485 5741 πολιτικοῖς
1508 5674 1911 5743 δικαστηρίοις
1931 5691 2033 5727 κα-

480 5745 916 5814 τασερωθῆναι.
971 5744 1095 5800 limo
1142 5744 1303 5800 verba
1350 5746 1404 5800 in
1452 5745 1685 5799 editione
1735 5744 2031 5803 Parisiensi

483 5816 804 5871 omittuntur
855 5833 869 5871 :
921 5824 975 5870 at
1022 5831 1123 5870 non
1171 5817 1327 5870 modo
1370 5816 1421 5867 in
1470 5816 1653 5871 codice
1699 5825 1884 5871 nostro
1928 5814 2032 5869 Bo-

2136 5673 2372 5738 dleiano,
2412 5674 2504 5730 sed
2536 5672 2696 5727 etiam
2730 5672 2781 5726 in
2814 5670 3243 5725 Amerbachiano
3274 5680 3327 5725 et
3362 5644 3577 5723 Tiliano
3604 5664 3676 5738 le-

2174 5734 2368 5809 unturj
2403 5755 2455 5798 et
2478 5759 2540 5799 ex
2575 5741 3004 5814 praecedentibus
3034 5741 3234 5802 verbis,
3263 5742 3324 5793 οὐ
3359 5740 3517 5811 μόνον
3538 5734 3676 5805 ὀφεί-

2174 5762 2367 5809 υηιιιι·;
2403 5762 2455 5798 ει
2478 5762 2540 5799 CX
2575 5762 3004 5814 prazceuenuuus
3034 5762 3234 5802 verbis,
3263 5762 3324 5793 ου

2137 5762 2248 5881 λει,
2276 5814 2585 5872 necessario
2612 5828 2675 5871 ea
2704 5809 2928 5883 legenda
2960 5824 3083 5868 esse
3112 5821 3346 5867 constat.
