3992 6484
400 425 515 488 805

1383 417 1465 479 1N
1500 418 1667 481 CAN.
1705 406 1993 477 LXXXVI
2030 408 2244 471 CONC.
2284 402 2729 470 IN’TRULLO.

3539 402 3647 463 806

404 510 790 603 ωθοῦνταςδείς
813 532 1055 607 ψυχικὴν
1081 532 1359 590 ἀπώλειαν
1378 533 1505 593 τοὺς
1531 531 1779 592 πολλοὺς,
1800 530 1894 581 καὶ
1924 527 1983 579 οὐ

2100 523 2280 577 mimae
2312 522 2538 576 exitium
2587 519 2750 573 veluti
2800 515 3170 590 protrudunt;
3219 486 3276 573 et
3323 528 3430 570 non
3466 516 3645 571 solum

410 638 573 705 μόνον
600 631 1049 699 ὲπισυνάγοντας,
1079 626 1215 680 ἀλλὰ
1262 626 1357 680 καὶ
1391 625 1780 695 ἐκτρέφοντας,
1810 622 1977 691 ἤγουν

2100 634 2177 673 eos
2209 619 2301 688 qui
2323 625 2549 686 cogunt,
2583 617 2674 671 sed
2701 625 2756 669 et
2781 614 2873 684 qui
2908 615 3062 671 alunt
3088 615 3203 669 sive
3232 613 3313 668 eis
3336 617 3645 671 necessaria

404 704 482 780 τὰ
516 725 789 792 ἀναγκαῖα
817 722 1009 783 αὐταῖς
1071 715 1541 799 ὲπιχορηγοζιντας
1600 714 1698 785 (τῷ
1725 715 1834 782 γὰρ
1862 704 1978 764 ὀνό-

2084 709 2439 778 suppeditant
2473 709 2735 777 (alimenti
2790 708 2932 759 enim
2979 707 3200 761 nomine
3236 714 3288 762 ιιι
3335 709 3648 768 indumenta

414 836 549 888 ματι
574 817 669 885 τῆς
704 815 911 884 τροφῆς
960 811 1053 865 καὶ
1086 810 1420 879 ὲνδυμενίαι,
1454 809 1548 860 καὶ
1584 807 1651 861 τά
1693 806 1877 867 λοιπὰ,
1914 805 1981 857 τὰ

2100 812 2136 858 :t
2175 805 2403 872 reliquit,
2436 816 2554 871 qua-
2581 802 2855 855 molliores
2877 803 2943 856 ad
2978 802 3449 871 intemperantiam
3478 814 3647 857 attra-

412 911 554 981 πρὸς
583 909 880 965 ἀκολασίαν
911 906 1039 969 τοὺς
1068 904 1456 973 ἁπαλωτέρους
1510 900 1759 963 ἕλκοντα,
1792 896 1980 966 περιέ-

407 1000 645 1071 χονται).
678 998 973 1068 κληρικοὺς
997 998 1094 1066 μὲν
1118 996 1299 1060 ὄντας,
1333 990 1734 1063 καθαιρεῖσθαι,
1762 987 1983 1049 λαῑκοὺς

408 1092 491 1151 δὲ.
525 1088 896 1158 ἀφορίζεσθαι.
935 1086 1011 1140 οὑ
1044 1086 1198 1156 παρὰ
1225 1085 1381 1138 τοῦτο
1407 1084 1464 1136 δὲ
1490 1084 1539 1135 oi
1576 1082 1735 1151 μόνον
1764 1082 1985 1131 ἐπισυν-

415 1180 648 1247 άγοντες
705 1178 798 1231 καὶ
835 1177 910 1247 μὴ
945 1176 1303 1247 ἐκτρέφον-,τες
1335 1174 1507 1236 αὐτὰς
1543 1174 1601 1226 οὐ
1656 1169 1977 1241 τιμωρηθή-

416 1288 632 1325 σονταιι
666 1269 807 1323 ἀλλὰ
837 1271 1077 1322 κάκεῖνοι
1119 1266 1321 1337 ὁμοίως
1366 1260 1816 1334 κολασθήσονται.
1851 1257 1983 1312 Εἷπε

410 1361 472 1413 δὲ
504 1364 532 1414 ό
564 1360 738 1413 κανὼν
770 1362 829 1413 τὸ
854 1358 1267 1427 ἐκφέροντες,
1302 1358 1382 1409 ὅτι
1404 1356 1462 1419 ἐξ
1487 1355 1726 1422 ἀνάγκης
1780 1356 1846 1423 τῇ
1874 1370 1990 1404 συν·

414 1454 608 1520 ἀγωγῇ
639 1450 997 1503 ἐπακολουθεῖ
1026 1448 1120 1500 καὶ
1148 1450 1180 1518 ὴ
1206 1446 1366 1516 λοιπὴ
1396 1445 1614 1516 φροντὶς
1637 1445 1741 1496 τῶν
1771 1446 1991 1495 ἐπισυν-

419 1543 730 1612 αγομένων.
773 1544 847 1595 Οὐ
882 1543 989 1609 γὰρ
1018 1541 1079 1593 τὸ
1142 1540 1468 1606 συναγαγεῖν
1501 1544 1664 1602 μόνον
1695 1535 1843 1599 ἄξιόν
1874 1536 1989 1586 ἐστι

417 1632 699 1693 κολάσεως
721 1649 736 1664 ·
771 1633 902 1685 διότι
931 1633 1153 1699 συνάγει
1182 1648 1263 1691 τις
1305 1628 1565 1690 πολλάκις
1593 1627 1799 1696 πόρνας
1828 1625 1985 1695 χάριν

418 1721 518 1775 τοῦ
557 1722 850 1775 ὑποθέσθαι
880 1722 1069 1784 αὑταῖς
1099 1722 1169 1773 τὰ
1197 1714 1592 1787 σωτηριώδη,ἦ
1624 1718 1991 1785 χειραγωγίας

424 1813 654 1876 ἀξιῶσαι
682 1804 1023 1881 σωματικῆς,
1075 1808 1108 1881 ἢ
1145 1807 1483 1879 παραδοῦναι
1515 1806 1592 1875 τῷ
1638 1806 1860 1875 ἄρχοντι
1894 1806 1991 1875 χά-

394 1910 510 1973 ’ριν
553 1902 952 1973 σωφρονισμοῦ.
988 1904 1154 1973 Ζήτει
1208 1901 1414 1971 βιϐλίον
1450 1900 1490 1963 ξ’
1522 1897 1631 1951 τῶν
1660 1897 1985 1963 Βασιλικών,

418 1995 587 2065 τίτλῳ
610 1994 712 2066 λη’,
744 2012 868 2064 κεφ.
892 2001 958 2050 α’.
1003 1995 1128 2046 Ἑάν
1158 1992 1340 2062 πατὴρ
1365 1992 1637 2061 θυγατέρα
1663 1989 1695 2060 ἢ
1724 1991 1988 2059 δεσπότης

420 2088 618 2157 δούλην
665 2087 1027 2156 πορνοϐοσκῇ,
1077 2082 1466 2136 ἀπολλύτωσαν
1519 2082 1616 2151 τὴν
1652 2082 1738 2133 ἐπ’
1790 2083 1982 2144 αὑταῖς

342 2166 343 2171 η
424 2179 698 2242 ἐξουσίαν.
727 2177 1056 2248 Προστίθησι
1083 2176 1137 2227 δὲ
1168 2178 1227 2227 τὸ
1266 2173 1561 2242 κεφάλαιον
1596 2173 1682 2224 διὰ
1706 2172 1800 2224 τοῦ
1864 2174 1987 2223 ἐπι-

422 2271 631 2323 σκόπου
672 2270 765 2321 καὶ
796 2266 889 2321 τοῦ
905 2254 1161 2336 ἄρχοντος
1195 2264 1359 2326 αὑτὰς
1388 2261 1732 2335 βοηθεῖσθαι·
1764 2262 1859 2316 καὶ
1884 2264 1987 2327 ὅτι,

425 2362 525 2414 έάν
560 2361 877 2414 ἀνθίσταται
927 2361 1061 2428 πρὸς
1096 2358 1254 2411 τοῦτο
1283 2361 1309 2411 ὁ
1343 2364 1523 2430 πατὴρ
1553 2360 1585 2429 ἢ
1633 2359 1660 2409 ό
1690 2357 1983 2426 δεσπότης,

421 2453 757 2521 δημεύονται
792 2453 885 2506 καὶ
915 2453 1273 2522 ὲξορίζονται.
1304 2452 1415 2505 Καὶ
1444 2454 1503 2504 τὸ
1543 2451 1798 2521 δεύτερον
1824 2448 1992 2523 κεφά-

426 2542 581 2596 λαιον
606 2544 733 2606 τοὺς
769 2544 867 2612 μὲν
895 2544 1131 2606 εὐτελεῖς
1166 2543 1559 2614 πορνοϐοσκοὺς
1585 2543 1790 2614 ὁμοίως
1818 2558 1988 2610 τιμω-

432 2636 540 2705 ρεῖ,
567 2636 692 2698 τοὺς
725 2636 783 2687 δὲ
807 2636 1093 2706 στρατείαν
1124 2634 1344 2704 ἔχοντας
1366 2633 1701 2703 δημεύεσθαί
1727 2649 1882 2702 φησι.
1915 2629 1990 2683 Τὸ

430 2727 619 2795 μέντοι
655 2724 703 2795 γ’
747 2745 873 2796 κεφ.
909 2725 1003 2779 τοῦ
1048 2726 1212 2781 αὐτοῦ
1246 2725 1452 2797 βιϐλίου
1485 2728 1581 2779 καὶ
1613 2725 1816 2789 τίτλου,
1851 2727 1990 2795 ὅπερ

430 2820 549 2871 ἐστὶ
594 2818 782 2891 Νεαρά
822 2818 1260 2882 Ἰουστινιάνειος,
1309 2819 1555 2889 μεγάλως
1604 2818 1820 2880 κολάζει
1864 2817 1991 2880 τοὺς

432 2912 533 2964 σὺν
569 2914 751 2986 τέχνῃ,
782 2915 875 2967 καὶ
899 2914 1056 2985 δόλῳ,
1098 2914 1193 2966 καὶ
1219 2911 1432 2984 ἀνάγκῃ
1483 2916 1562 2972 εἰς
1589 2914 1689 2983 τὴν
1736 2911 1992 2983 τοιαύτην

430 3000 721 3071 ἀσέλγειαν
771 3004 1045 3072 ἄγοντας,
1095 3005 1189 3057 καὶ
1257 3000 1737 3073 ὲμπορευομένους
1795 3003 1989 3059 ταῦτα.

444 3088 750 3162 ’Δνάγνωθι
775 3096 866 3149 οὖν
886 3094 947 3150 τὸ
971 3095 1211 3149 τοιοῦτον
1238 3095 1535 3165 κεφάλαιον
1564 3095 1992 3149 ὲπιστατικώτεο

437 3205 553 3257 ρον.
596 3189 827 3257 Λέγουσι
876 3190 983 3261 γάρ
1028 3206 1177 3252 τινες
1201 3188 1277 3253 ὡς
1308 3188 1548 3252 ἐκείνους
1582 3187 1737 3241 τοῦτο
1772 3184 1992 3252 κολάζει

432 3280 562 3343 τοὺς
586 3280 923 3346 πλανῶντας,
951 3280 1046 3334 καὶ
1082 3282 1219 3351 μετά
1250 3298 1395 3343 τινος
1440 3281 1721 3351 μεθόδουῆ
1752 3281 1994 3350 ἀνάγκης

439 3355 802 3438 μετιέλκοντας
840 3372 919 3433 εἰς
952 3372 1205 3441 πορνείαν
1248 3372 1514 3440 γυναῖκάς
1546 3386 1698 3432 τινας
1722 3385 1737 3400 ο
1773 3370 1833 3422 οὐ
1892 3370 1997 3439 μὴν

434 3465 564 3523 τοῦς
619 3461 1085 3533 προσδεχομένους
1140 3461 1240 3525 τὰς
1305 3462 1536 3530 ἑκουσίῳ
1599 3458 1852 3532 βουλήσει
1902 3461 1999 3531 τὴν

440 3553 701 3623 πορνείαν
753 3554 1015 3623 ὲλομένας
1062 3552 1151 3606 διὰ
1183 3555 1397 3621 φύσεως
1422 3552 1670 3623 ἀνάγκην
1698 3555 1731 3627 ᾗ
1774 3551 1868 3605 καὶ
1897 3568 2000 3604 πε-

438 3648 582 3701 νίαν.
638 3644 889 3713 Χρῶνται
927 3643 983 3697 δὲ
1027 3644 1282 3715 καὶπρὸς
1318 3642 1672 3699 ὲπισύστασιν
1709 3644 1805 3698 τοῦ
1838 3645 1999 3713 λόγου

448 3737 629 3790 αὐτῶν
683 3740 775 3789 καὶ
810 3737 1021 3808 ῥήμασί
1064 3754 1176 3790 τισι
1198 3735 1299 3808 τῆς
1330 3732 1499 3806 αὐτῆς
1526 3736 1764 3807 Νεαρᾶς,
1796 3737 1891 3792 καὶ
1922 3737 2001 3811 τῷ

451 3830 686 3899 παρόντι
710 3831 892 3882 κανόνι
932 3829 1009 3899 μὴ
1054 3828 1216 3897 μόνον
1253 3829 1379 3893 τοὺς
1407 3830 1835 3897 ὲπισυνάγοντας
1867 3829 2002 3899 πόρ-

446 3940 543 3985 νας
576 3922 875 3985 κολάζοντι,
912 3920 1047 3975 ἀλλά
1072 3923 1165 3973 καὶ
1183 3920 1311 3984 τοὺς
1334 3921 1723 3992 ἐκτρέφοντας.
1753 3922 2003 3975 τουτέστι

446 4012 539 4067 διὰ
570 4014 776 4084 πλάνης
804 4014 900 4066 καὶ
929 4012 1215 4074 κολακείας
1236 4012 1611 4077 συνωθοῦντας
1640 4012 1809 4078 αὐτὰς
1836 4016 1915 4077 είς
1942 4014 2003 4067 τὸ

454 4106 645 4160 κακόν.
663 4107 775 4159 Καὶ
797 4105 856 4158 τὸ
882 4107 1017 4187 σημε
1028 4120 1117 4176 ρον
1138 4103 1194 4158 δὲ
1204 4105 1482 4173 γινόμενον
1502 4106 1896 4175 πραγματικῶς
1920 4100 2000 4170 εἰς

450 4207 521 4251 τά
552 4194 944 4269 προνοϐοσκεῖα
971 4198 1329 4251 διενίστανται
1359 4199 1668 4267 συντρέχειν
1689 4199 1799 4261 τοῖς
1822 4196 2004 4266 λόγοις

449 4290 651 4344 αὐτῶν.
697 4290 851 4359 Ἐμοὶ
886 4290 942 4343 δὲ
975 4289 1123 4343 δοκεῖ
1176 4290 1258 4343 ὅτι
1315 4290 1493 4344 πάντα
1539 4290 1903 4359 πορνοϐοσκὸν
1954 4293 2004 4345 οἱ

453 4382 611 4451 νόμοι
662 4382 755 4435 καὶ
816 4384 864 4435 οἱ
895 4384 1116 4445 κανόνες
1163 4376 1520 4445 ἀδιαστίκτως
1565 4376 1871 4446 κολάζουσι,
1911 4385 2008 4438 καὶ

451 4476 635 4527 πᾶσαν
668 4478 869 4546 πόρνην
898 4478 978 4539 εἰς
1020 4475 1377 4545 σωφροσύνην
1410 4470 1782 4545 μεθέλκουσιν.
1854 4476 2010 4531 ’Ᾱνά-

2086 899 2240 958 Ιιιιιιι,
2273 894 2854 964 comprehenduntur),
2880 896 2922 950 si
2954 896 3291 963 sintquidem
3320 897 3523 958 clerici.
3550 900 3647 952 de-

2086 990 2361 1059 ponendos
2396 1004 2408 1038 :
2447 989 2533 1042 sin
2571 1004 2695 1041 vero
2727 988 2873 1050 laici,
2902 989 3288 1058 segregandos.
3315 988 3430 1043 Non
3463 1003 3646 1045 autem

2087 1082 2293 1136 idcirco
2334 1080 2426 1150 qui
2464 1079 2639 1134 solum
2674 1080 2890 1146 quidem
2935 1090 3154 1150 cogunt,
3185 1093 3237 1135 et
3267 1098 3357 1136 eas
3404 1100 3506 1136 non
3544 1102 3650 1137 nu-

2085 1173 2277 1235 triunt,
2308 1186 2413 1224 non
2451 1170 2748 1239 punientur
2774 1184 2787 1220 :
2826 1168 2920 1223 sed
2948 1170 3001 1223 in
3031 1186 3125 1225 eos
3155 1187 3369 1240 quoque
3397 1173 3652 1241 similiter

2092 1263 2573 1317 animadvertetur.
2607 1260 2750 1312 Dixit
2773 1270 2951 1314 autem
2979 1276 3151 1314 canon
3184 1262 3309 1315 illud
3342 1281 3356 1317 :
3399 1266 3648 1329 Et;alnnt,

2086 1355 2341 1425 quoniam
2370 1354 2459 1407 ubi
2483 1355 2781 1423 coegerint,
2809 1369 3117 1408 necessario
3141 1370 3354 1423 quoque
3380 1357 3647 1422 sequilur,

2088 1455 2149 1501 ut
2179 1456 2487 1511 coacturum
2521 1461 2650 1500 cura
2694 1447 2948 1513 deinceps
2988 1445 3054 1497 ab
3086 1444 3152 1497 iis
3188 1456 3427 1514 geratur.
3467 1445 3648 1514 Neque

2089 1540 2231 1593 enim
2287 1542 2464 1593 solum
2511 1554 2707 1607 cogere
2761 1538 3087 1607 supplicium
3144 1545 3383 1588 meretur
3435 1552 3654 1591 :mere-

2090 1634 2265 1687 trices
2297 1634 2437 1684 enim
2471 1646 2612 1698 smpe
2642 1630 2783 1699 cogit
2812 1630 3106 1700 quispiam,
3139 1639 3195 1681 ut
3234 1629 3314 1680 eis
3345 1627 3456 1689 illa,
3490 1627 3655 1696 258

2091 1740 2209 1794 qum
2244 1734 2373 1778 sunt
2404 1724 2685 1786 salutaria,
2732 1730 3011 1791 suggerat,
3050 1720 3135 1773 vel
3185 1728 3241 1771 ut
3274 1734 3458 1772 earum
3493 1734 3655 1782 (ir-cra

2094 1817 2159 1870 ad
2205 1815 2550 1869 tractandum
2603 1814 2818 1882 aliquod
2854 1812 3215 1866 ministerium
3255 1818 3458 1871 utatur,
3485 1809 3565 1863 Vel
3598 1817 3657 1861 ιιι

2092 1906 2179 1957 det
2211 1919 2303 1956 eas
2342 1902 2680 1967 magistratui
2713 1898 3079 1967 castigandus.
3115 1899 3308 1964 Quaere
3343 1899 3539 1951 librum
3588 1912 3657 1949 ιι

2093 1994 2303 2049 Bzisilic.
2339 1995 2418 2047 tit.
2452 1992 2539 2053 58,
2567 2008 2684 2060 cap.
2708 1992 2735 2043 1
2774 2006 2789 2043 :
2823 1990 2875 2044 Si
2902 2001 3051 2057 pater
3079 1990 3262 2051 ﬁliam,
3294 1990 3372 2042 vel
3404 1989 3657 2043 dominus

2095 2102 2306 2141 servam
2339 2086 2538 2138 nutriat
2582 2085 2646 2137 ad
2694 2092 2961 2153 quaestum
3003 2083 3389 2144 mcrclricimn,
3432 2083 3660 2150 perdant

2093 2196 2254 2250 quam
2281 2180 2482 2231 habent
2513 2179 2563 2229 in
2598 2192 2690 2229 eas
2723 2185 3071 2244 potestatem.
3104 2175 3300 2244 Adjicit
3325 2188 3499 2228 autem
3533 2189 3661 2227 con-

2094 2274 2328 2331 stitutio,
2354 2268 2456 2324 Per
2485 2271 2801 2339 episcopum
2837 2279 2889 2323 et
2916 2271 3294 2339 magistratum
3330 2267 3409 2322 eis
3439 2282 3658 2337 quoque

2096 2361 2224 2419 ferri
2267 2360 2464 2417 debere
2496 2364 2759 2415 auxilium
2795 2379 2809 2414 :
2854 2371 2907 2414 et
2934 2362 3077 2430 quod
3114 2364 3158 2414 si
3186 2361 3251 2413 ad
3296 2361 3397 2413 hoc
3438 2360 3659 2413 resistat

2097 2467 2250 2528 pater
2277 2457 2358 2510 vel
2389 2450 2667 2517 dominus,
2714 2454 3063 2524 publicantur
3103 2458 3163 2507 et‘
3202 2455 3658 2506 exterminantur.

2096 2548 2173 2603 Ac
2207 2546 2507 2603 secundum
2542 2545 2758 2614 quidem
2789 2552 2951 2612 caput
2981 2545 3114 2597 viles
3146 2543 3372 2597 lenones
3404 2542 3661 2596 similiter

2098 2638 2254 2710 punit
2288 2652 2305 2690 :
2335 2653 2429 2692 eos
2463 2645 2667 2697 autem,
2713 2635 2805 2704 qui
2841 2644 2970 2689 sunt
3002 2634 3256 2687 militaris
3298 2634 3527 2695 ordinis,
3554 2648 3662 2702 pu-

2098 2731 2562 2791 blicandosdicit.
2602 2727 2854 2797 Ejusdem
2894 2736 3072 2780 autem
3124 2726 3247 2780 libri
3281 2735 3333 2780 et
3366 2726 3505 2779 tituli
3537 2740 3659 2794 cap.

2098 2822 2152 2888 ὃ,
2188 2823 2331 2894 quod
2364 2833 2447 2877 est
2469 2819 2759 2875 Justiuiani
2795 2821 3036 2884 Novella,
3071 2820 3224 2873 valde
3254 2819 3407 2890 punit
3431 2833 3545 2882 eos,
3569 2821 3664 2888 qui

2099 2928 2215 2973 arte
2243 2926 2296 2972 et
2324 2917 2450 2971 dolo
2493 2923 2547 2969 et
2583 2916 2907 2969 necessitate
2940 2915 3152 2982 aliquas
3197 2913 3249 2966 in
3289 2913 3430 2966 hanc
3464 2911 3664 2967 intem-

2100 3006 2400 3077 perantiam
2431 3004 2732 3067 attrahunt,
2765 3014 2819 3057 et
2866 3004 2932 3056 iis
2973 3011 3335 3055 mercaturam
3382 3009 3661 3055 exercent.

2098 3097 2240 3169 Lege
2277 3114 2403 3169 ergo
2427 3099 2525 3151 hoc
2548 3106 2713 3165 caput
2743 3095 3078 3165 diligentius.
3119 3092 3318 3147 Dicunt
3350 3094 3493 3147 enim
3526 3107 3664 3147 nou-

2102 3188 2260 3253 uulli,
2294 3189 2437 3258 quod
2481 3184 2531 3243 id
2578 3189 2701 3243 illos
2745 3189 2899 3257 punit
2932 3188 3022 3255 qui
3055 3186 3351 3248 seducunt,
3384 3194 3438 3238 et
3477 3186 3660 3254 aliquo

2097 3282 2327 3338 artiﬁcio
2364 3286 2445 3338 vel
2498 3282 2821 3336 necessitate
2851 3280 3104 3332 mulieres
3140 3279 3349 3347 aliquas
3387 3278 3457 3330 ad
3496 3276 3667 3330 forni-

2097 3379 2367 3431 cationem
2400 3377 2682 3430 attrahunt
2718 3391 2731 3427 :
2769 3390 2876 3427 non
2921 3381 3102 3426 autem
3143 3386 3240 3427 eos
3274 3370 3365 3438 qui
3414 3372 3533 3424 illus
3567 3386 3665 3425 su-

2100 3464 2363 3538 scipiunt.
2413 3482 2533 3536 qua:
2582 3473 2879 3533 spontanee
2930 3464 3210 3515 voluntate
3244 3459 3659 3513 fornicationem

2096 3560 2307 3630 eligunt
2337 3567 2555 3628 propter
2586 3563 2795 3609 naturae
2824 3553 3199 3608 necessitatem
3233 3552 3313 3605 vel
3347 3554 3505 3605 ctiam
3529 3565 3667 3621 pau-

2100 3660 2389 3725 pertatem.
2428 3648 2511 3703 Ad
2552 3650 2653 3703 hoc
2704 3658 2885 3701 autem
2937 3636 3276 3715 probandum
3329 3652 3557 3697 utuntur
3584 3651 3665 3717 ⁸ει

2102 3747 2389 3801 nonnullis
2414 3744 2587 3814 ipsius
2616 3741 2854 3798 Novella:
2881 3740 3082 3804 verbis,
3105 3746 3159 3793 et
3185 3736 3435 3807 praesenti
3458 3748 3671 3791 canone

2100 3843 2381 3913 puniente,
2419 3855 2526 3893 non
2575 3852 2670 3892 eos
2718 3837 2893 3892 solum
2942 3835 3034 3903 qui
3082 3832 3396 3885 meretrices
3440 3840 3668 3898 cogunt,

2100 3934 2195 3991 sed
2224 3934 2388 3987 etiam
2425 3930 2517 4000 qui
2550 3943 2644 3982 eas
2680 3928 2953 4004 nutriunt,
2991 3938 3086 3993 per
3115 3920 3359 3974 fraudem
3386 3926 3440 3972 et
3474 3917 3668 3972 adula-

2102 4027 2303 4081 tionem
2337 4037 2430 4078 eas
2464 4018 2519 4076 in
2560 4020 2761 4073 malum
2794 4016 3161 4085 impellentcs.
3201 4011 3372 4089 Porro
3398 4016 3580 4064 autem
3614 4018 3669 4061 ct

2100 4119 2247 4191 quod
2293 4116 2456 4173 hodie
2499 4121 2624 4170 actu
2666 4112 2738 4167 sit
2790 4112 2843 4166 in
2877 4112 3137 4165 lenonum
3176 4107 3411 4162 oliicinis
3453 4104 3671 4160 videtur

2105 4225 2232 4267 cum
2262 4224 2454 4266 eorum
2489 4208 2637 4263 dicto
2670 4218 3018 4260 concurrere.
3058 4200 3185 4254 Mihi
3217 4210 3392 4253 autem
3431 4197 3665 4258 videtur,

2104 4302 2251 4373 quod
2285 4303 2429 4373 leges
2459 4308 2515 4355 et
2542 4311 2784 4354 canones
2817 4308 3202 4365 quemcunque
3236 4292 3487 4346 lenonem
3523 4286 3674 4341 indi-

2106 4396 2304 4449 stincte
2337 4393 2593 4463 puniunt,
2625 4397 2679 4444 et
2719 4404 2933 4442 omnem
2980 4382 3314 4439 meretricem
3370 4380 3435 4435 ad
3468 4391 3671 4448 tempe-

2108 4487 2343 4541 rantiam
2388 4485 2700 4538 retrahunt.
2748 4480 2887 4549 Lege
2928 4486 2981 4532 et
3010 4476 3067 4531 9l
3114 4474 3387 4529 Novellam
3432 4471 3670 4540 impera-

445 4570 619 4634 τνωθι
651 4572 741 4621 καὶ
775 4570 868 4639 τὴν
892 4566 983 4635 μα’
1008 4562 1228 4637 Νεαρὰν
1261 4560 1355 4618 τοῦ
1376 4564 1637 4636 βασιλέως
1667 4558 1834 4639 κυροῦ
1856 4568 1997 4623 Δέον

2116 4579 2251 4633 toris
2283 4577 2485 4631 domini
2527 4574 2728 4629 Leonis
2759 4568 3090 4638 Philosophi,
3123 4582 3241 4636 qua:
3270 4580 3377 4619 non
3406 4562 3671 4632 permittit

446 4678 543 4721 τος
590 4661 683 4714 τοῦ
740 4661 1054 4726 Φιλοσόφου,
1113 4660 1189 4729 μὴ
1236 4655 1675 4734 παραχωροῷσαν
1743 4660 1890 4713 κατὰ
1920 4658 2013 4714 τὸν

456 4754 687 4807 παλαιὸν
719 4754 881 4821 νόμον
912 4750 1120 4818 διάγειν
1148 4751 1269 4802 τινά
1304 4750 1443 4821 μετά
1477 4746 1784 4805 παλλακῶν.

536 4932 777 4988 ΖΩΝΛΡ.
832 4931 907 4983 Τὸ
957 4928 1338 5001 πορνοϐοσκεῖν
1398 4929 1493 4981 καὶ
1549 4929 1661 4990 τοῖς
1715 4928 2011 4995 πολιτικοῖς

460 5028 839 5097 ἀπηγόρευται
874 5025 1079 5093 νόμοις.
1114 5021 1504 5092 Πορνοϐοσκεῖν
1532 5020 1575 5073 δ’
1608 5022 1729 5072 ἐστὶ
1780 5022 1837 5072 τὸ
1890 5021 2013 5092 τρέ-

465 5138 586 5188 φειν
610 5119 815 5188 πόρνας
851 5118 939 5170 διὰ
971 5116 1160 5184 κέρδος
1200 5112 1295 5167 τοῦ
1336 5112 1686 5184 μισθώματος
1720 5112 1813 5165 ἐπὶ
1842 5104 2014 5185 βλάϐῃ

461 5210 668 5281 ψυχῶν.
697 5210 760 5263 Εἰ
789 5208 844 5262 δὲ
874 5210 985 5270 τοῖς
1007 5208 1105 5277 τῆς
1132 5204 1405 5267 πολιτείας
1437 5204 1596 5257 τοῦτο
1655 5202 1877 5273 θεσμοῖς
1912 5205 2019 5258 ἀπ-

464 5304 781 5372 ηγόρευται,
813 5298 992 5369 πολλῷ
1022 5300 1099 5367 τῷ
1138 5300 1288 5367 μέσῳ
1319 5298 1405 5367 εἴη
1434 5297 1500 5351 ἂν
1539 5295 2019 5367 ἀποτετραμμένον

465 5396 577 5454 τοῖς
602 5390 1069 5460 ὲκκλησιαστικοῖς
1096 5391 1192 5441 καὶ
1234 5391 1645 5459 πνευματικοῖς.
1677 5388 1767 5439 Διὸ
1806 5389 1900 5441 καὶ
1929 5387 2021 5456 βα·-

472 5484 677 5554 ρύτατα
706 5482 863 5536 τοῦτο
885 5481 1100 5545 κολάζει
1127 5481 1155 5534 ὃ
1200 5478 1379 5533 κανὼν
1427 5480 1519 5532 ἐπὶ
1544 5478 1841 5549 κληρικῶν.
1874 5475 2023 5529 Καθ-

471 5576 743 5646 αιρεῖσθαι
776 5575 885 5645 γὰρ
933 5575 1129 5637 αὐτοὺς
1161 5574 1217 5625 ἐν
1283 5571 1465 5640 ταύτῷ
1518 5574 1611 5625 καὶ
1661 5569 2019 5640 ἀφορίζεσθαι

469 5668 831 5731 διατάττεται,
859 5667 993 5736 ὅπερ
1024 5665 1315 5729 σπανιάκις
1361 5665 1695 5735 εὑρίσκεται.
1738 5661 1884 5715 Ἀντὶ
1912 5662 2019 5731 γὰρ

475 5763 655 5833 πάσης
679 5761 877 5831 ἑτέρας
902 5759 1167 5828 τιμωρίας
1206 5758 1282 5819 ὡς
1313 5758 1405 5810 ἐπὶ
1434 5757 1495 5809 τὸ
1525 5756 1663 5810 πολὺ
1692 5752 1804 5819 τοῖς
1826 5755 2021 5822 κεκλη-

478 5854 742 5931 ρωμένοις
766 5852 956 5925 ἀρκεῖν
983 5849 1398 5920 νενομοθέτηται
1444 5851 1481 5919 ἡ
1516 5848 1851 5919 καθαίρεσις.
1879 5848 2019 5911 Τοὺς

2113 4678 2174 4725 ιιι
2197 4669 2366 4725 veteri
2400 4669 2514 4739 lege
2541 4664 2743 4736 aliquis
2775 4663 2932 4733 degat
2966 4674 3090 4714 cum
3120 4654 3469 4711 concubinis.

2184 4925 2439 4993 ZONAB.
2479 4931 2794 4987 Meretrices
2818 4929 2964 4982 alere
2988 4926 3227 4982 civilium
3256 4934 3470 4991 quoque
3493 4930 3671 4989 legum

2118 5030 2425 5085 sanctiones
2468 5032 2672 5081 vetant.
2708 5022 2866 5076 Alere
2907 5034 3035 5075 vero
3084 5015 3404 5071 meretrices
3451 5020 3556 5075 est,
3590 5010 3673 5065 eis

2116 5123 2186 5179 ob
2234 5122 2446 5174 lucrum
2500 5132 2566 5171 ex
2615 5112 2929 5169 meretricio
2974 5121 3183 5181 quaestu
3234 5102 3673 5177 percipiendum,

2115 5228 2239 5267 cum
2301 5210 2609 5265 animarum
2676 5204 2917 5276 pernicie
2978 5203 3239 5256 alimenta
3302 5194 3670 5267 suppeditare.

2115 5305 2287 5373 Quam
2336 5318 2472 5368 rem,
2528 5303 2573 5356 si
2633 5299 2825 5354 civiles
2869 5311 3086 5366 quoque
3133 5294 3280 5363 leges
3333 5287 3677 5359 prohibeant,

2118 5396 2289 5451 multo
2316 5395 2463 5448 illam
2492 5400 2641 5446 certe
2665 5390 2835 5459 magis
2860 5386 3244 5442 ecclesiastica
3270 5398 3333 5435 ac
3358 5377 3676 5449 spirituales

2119 5485 2319 5541 debent
2365 5483 2631 5537 aversari.
2685 5479 2917 5534 Proinde
2968 5476 3247 5548 graviores
3290 5472 3451 5526 etiam
3501 5479 3676 5536 poenas

2120 5577 2333 5632 clericis
2358 5576 2411 5629 in
2440 5574 2541 5626 hoc
2569 5586 2765 5642 genere
2794 5566 3234 5638 delinquentibus
3256 5564 3521 5628 irrogatze.
3544 5556 3679 5611 Illos

2120 5667 2388 5736 siquidem
2436 5665 2601 5735 (quod
2648 5679 2753 5717 non
2803 5663 2878 5717 ita
2924 5662 3117 5716 crebro
3170 5655 3431 5726 reperias)
3475 5646 3677 5716 deponi

2119 5759 2281 5813 simul
2314 5766 2367 5813 et
2386 5756 2657 5827 segregari
2683 5754 2861 5824 jubet.
2888 5751 2993 5807 Pm
3014 5749 3212 5821 quovis
3240 5740 3520 5800 enim’alie
3540 5752 3678 5807 sup-

2122 5850 2283 5920 plicio
2308 5850 2360 5902 in
2387 5862 2503 5912 eos,
2526 5848 2617 5918 qui
2651 5845 2796 5901 clero
2825 5844 3045 5913 ascripti
3080 5837 3314 5900 fuerant,
3354 5832 3676 5905 plerumque
