3992 6484
472 367 578 429 8οἹ

1723 365 2000 426 ΤΙΙΕΟΙ).
2044 360 2445 422 BALSAMON

3577 364 3670 427 808

469 480 739 551 depositio
775 482 889 537 sola
922 483 1168 538 suﬂicere
1204 484 1316 539 visa
1350 483 1473 539 fuit.
1507 484 1695 575 LaiCpS
1740 502 1892 549 vero,
1928 485 2020 553 qui

2136 482 2177 532 52:.
2210 478 2429 539 λαῖκοὺς
2497 474 2854 546 ἀφορίζεσθαι
2908 474 3237 545 προστάσσει
3279 473 3433 529 τοῦτο
3487 483 3677 536 ποιοῦν-

473 573 525 627 id
559 574 819 639 fecerint,
854 578 1230 645 segregatione
1266 577 1571 645 puniendus
1606 573 1728 632 esse
1763 576 2026 631 decernit.

467 665 694 723 ARIST.
740 687 758 718 ι
809 666 913 731 Qui
964 671 1280 723 meretrices
1332 671 1384 722 in
1442 672 1745 723 animarum
1802 670 2029 725 exitium

745 778 763 811 ι
802 761 971 831 cogit,
1008 769 1343 833 segregatnr.
1389 783 1406 814 ι
1444 761 1778 831 Perspicuus.

966 874 1192 929 CANON
1233 874 1538 931 LXXXVII.

478 1000 496 1032 ι
532 976 942 1049 Qutemaritnm
976 988 1214 1057 reliquit,
1244 998 1327 1041 est
1356 988 1627 1051 adultera,
1657 989 1702 1043 si
1734 988 1944 1043 venerit
1967 988 2033 1042 ad

549 1097 567 1128 ι
607 1080 793 1145 alium,
826 1091 882 1133 nt
910 1082 1023 1135 vult
1051 1097 1207 1137 sacer
1237 1092 1290 1135 et
1315 1083 1533 1137 divinus
1565 1082 1818 1148 Basilius,
1848 1089 1941 1154 qttl
1968 1099 2035 1138 ex

555 1190 573 1222 ι
615 1174 887 1226 Hieremia
925 1175 1185 1243 propheta
1219 1174 1322 1228 hoc
1358 1175 1559 1243 optime
1589 1174 1803 1245 collegit
1839 1191 1854 1229 :
1887 1174 2034 1245 quod

561 1280 579 1312 ι
620 1265 663 1317 si
693 1265 783 1317 alii
821 1265 937 1318 viro
972 1280 1111 1317 uxor
1140 1266 1318 1326 fuerit,
1348 1267 1411 1318 ad
1450 1266 1700 1320 maritum
1734 1282 1893 1321 suum
1927 1283 2033 1322 non

550 1372 569 1405 ι
606 1340 978 1420 convertetur,
1008 1358 1103 1411 sed
1133 1357 1356 1426 polluta,
1383 1358 1657 1427 polluetur
1687 1376 1701 1412 :
1730 1369 1782 1412 et
1802 1374 2035 1415 rursus:

548 1458 568 1491 ι
606 1440 707 1506 Qui
740 1443 950 1497 detinet
986 1443 1311 1508 adulteram,
1349 1455 1432 1500 est
1462 1457 1516 1499 et
1548 1446 1816 1516 insipiens
1849 1460 1902 1502 et
1937 1449 2039 1502 im-

550 1551 569 1583 ‹
611 1534 752 1602 pitts.
784 1532 841 1587 Si
866 1535 1049 1604 itaque
1079 1545 1272 1605 praeter
1297 1538 1560 1592 rationem
1586 1552 1614 1590 a
1637 1539 1832 1593 marito
1855 1554 2038 1597 seces-

551 1642 570 1674 ‹
611 1624 751 1679 sisse
782 1639 1033 1695 appareat
1062 1668 1075 1691 ,
1110 1626 1198 1680 ille
1232 1627 1448 1697 quidem
1483 1629 1640 1683 venia
1683 1631 1877 1698 dignus
1926 1641 2033 1698 cst,

456 1788 459 1791 Α
551 1734 569 1766 ι
614 1718 727 1770 haec
773 1733 899 1771 vero
951 1733 1127 1787 ptena.
1165 1718 1243 1773 Illi
1288 1730 1467 1774 autem
1512 1723 1668 1775 venia
1713 1722 1951 1789 dabitur,
1980 1734 2041 1779 ut

2165 590 2250 624 ας.
3436 616 3437 619 η

2132 589 2356 719 2:121
2396 682 2413 715 ι
2476 663 2533 715 Ὀ
2586 664 2836 729 συνάγων
2871 664 3077 730 πόρνας
3129 662 3219 715 ἐπ’
3263 662 3457 734 ὀλίσθῳ
3502 665 3671 737 ψυχῶν

2585 756 2926 826 ἀφορίζεται.
2971 774 2989 807 ι
3022 755 3249 823 Σαφής.

2714 865 2955 917 ΚΑΝΩΝ
2992 864 3115 921 ΠΖ’.

2140 1000 2160 1033 ι
2217 981 2280 1034 Ἢ
2312 979 2687 1035 καταλιποῦσα
2723 982 2812 1036 τὸν
2838 981 3007 1052 ἄνδρα
3040 981 3291 1052 μοιχαλίς
3324 983 3491 1048 ἐστιν,
3521 985 3566 1037 εί
3602 987 3677 1038 ἐπ’

2208 1092 2227 1123 ι
2272 1071 2431 1127 ἄλλον
2456 1068 2609 1143 ἦλθε,
2638 1073 2782 1125 κατά
2806 1072 2899 1125 τὸν
2924 1073 2967 1124 is
2979 1072 3070 1143 ρὸν
3101 1074 3197 1125 καὶ
3232 1073 3372 1125 θεῖον
3394 1074 3679 1144 Βασίλειον,

2217 1182 2233 1215 ι
2279 1163 2345 1215 ἐκ
2371 1164 2471 1232 τῆς
2508 1162 2775 1233 Ἰερεμίου
2803 1164 3139 1234 προφητείας
3170 1164 3368 1234 ἄριστα
3389 1166 3543 1219 τοῦτο
3564 1169 3682 1221 ἀνα-

2212 1272 2232 1306 ι
2276 1253 2601 1325 λεξάμενον·
2633 1255 2718 1307 ὅτι
2752 1255 2877 1308 Ἐὰν
2908 1256 3045 1325 γυνή
3071 1256 3295 1324 γένηται
3326 1257 3480 1326 ἀνδρὶ
3503 1258 3681 1329 ἑτέρῳ,

2211 1366 2229 1398 ι
2276 1346 2378 1399 οὐκ
2433 1346 2751 1417 ἐπιστρέψει
2786 1346 2925 1416 πρὸς
2978 1346 3071 1399 τὸν
3108 1345 3277 1417 ἄνδρα
3333 1348 3522 1416 αὐτῆς,
3559 1349 3683 1402 ἀλλά

2216 1459 2233 1492 ι
2282 1440 2611 1509 μιαινομὲνη
2649 1438 3008 1509 μιανθήσεται
3036 1456 3049 1470 ο
3082 1438 3175 1491 καὶ
3197 1438 3359 1492 πάλιν
3395 1456 3410 1471 ·
3454 1439 3513 1491 '0
3562 1440 3683 1509 ἔχων

2216 1550 2234 1583 ι
2280 1530 2568 1601 μοιχαλίδα
2594 1530 2783 1601 ἄφρων
2815 1529 2913 1583 καὶ
2948 1530 3181 1611 ἀσεϐής,
3207 1529 3272 1582 Ei
3303 1530 3399 1583 οὖν
3432 1533 3570 1601 φανῇ
3597 1531 3682 1584 τοῦ

2217 1641 2235 1674 ι
2281 1622 2470 1693 ἀνδρὸς
2508 1622 2718 1691 ἀλόγως
2736 1622 3156 1693 ἀναχωρήσασα,
3179 1623 3207 1675 6
3237 1622 3335 1691 μὲν
3378 1623 3686 1693 συγγνώμης

2218 1734 2236 1767 ι
2278 1717 2430 1768 ἐστὶν
2489 1715 2638 1781 ἄξιος
2689 1716 2722 1784 ὴ
2755 1714 2812 1767 δὲ
2848 1715 3158 1786 ἐπιτιμίων.
3189 1714 3251 1768 Ἦ
3291 1714 3349 1767 δὲ
3403 1715 3684 1787 συγγνώμη
3786 1736 3793 1747 ί

554 1832 571 1864 ι
610 1814 870 1870 Ecclesiae
903 1817 1290 1871 communicet.
1330 1816 1437 1871 Sed
1474 1820 1519 1874 is
1545 1821 1637 1889 qui
1666 1820 1905 1892 legitime
1934 1822 2034 1878 sibi

2218 1825 2237 1858 ι
2282 1806 2456 1876 τούτῳ
2481 1804 2617 1875 πρὸς
2652 1803 2712 1857 τὸ
2744 1805 3022 1857 κοινωνεῖν
3079 1806 3145 1874 τῇ
3193 1802 3491 1873 Ἐκκλησία
3542 1802 3687 1873 δοθή-

552 1923 570 1955 ‹
607 1905 786 1959 datam
836 1923 1059 1961 uxorem
1113 1911 1393 1978 relinquit,
1442 1924 1496 1967 et
1546 1913 1705 1968 aliam
1754 1916 1926 1982 ducit,
1971 1934 2039 1974 ex

550 2014 569 2046 ι
609 1995 821 2050 Domini
864 2000 1134 2052 sententia
1180 2010 1259 2055 est
1308 2003 1560 2056 adulterii
1603 2004 1811 2074 judicio
1861 2009 2039 2063 obno-

553 2106 571 2138 ι
611 2088 731 2141 xius
752 2088 820 2143 ".
848 2090 893 2142 A
916 2089 1166 2145 Patribus
1197 2101 1375 2145 autem
1400 2095 1602 2149 nostris
1629 2105 1889 2151 statutum
1913 2110 2037 2154 est:

554 2199 572 2232 ι
611 2189 668 2234 ut
709 2182 802 2251 qui
835 2192 964 2236 sunt
998 2183 1262 2252 ejusmodi
1298 2201 1406 2239 uno
1440 2202 1586 2241 anno
1613 2188 1867 2255 deﬂeant,
1891 2192 2042 2246 bien-

556 2292 575 2323 ι
612 2275 705 2327 nio
728 2274 977 2339 audiant,
1008 2278 1243 2330 triennio
1269 2278 1709 2347 substernantur,
1733 2292 1785 2336 et
1809 2284 2039 2353 septimo

552 2385 572 2418 ι
611 2384 733 2422 cum
766 2368 1021 2425 ﬁdelibus
1044 2374 1366 2439 consistant,
1394 2385 1449 2427 et
1475 2374 1555 2429 sic
1581 2376 1857 2432 oblatione
1886 2379 2037 2450 digni

551 2479 570 2514 ι
614 2461 941 2525 habeantur,
972 2464 1017 2518 si
1058 2480 1181 2519 cum
1219 2465 1478 2538 lacrymis
1509 2469 1886 2539 paenitentiam
1911 2487 2041 2533 etze-

550 2572 571 2605 t
613 2553 746 2607 rint.
788 2573 809 2607 ι

546 2729 746 2789 BALS.
787 2733 1048 2792 Dominus
1084 2745 1139 2791 et
1180 2737 1325 2794 Deus
1361 2748 1549 2796 noster
1579 2739 1738 2797 Jesus
1782 2742 2037 2802 Christus

474 2823 869 2896 interrogatus,
918 2844 985 2882 an
1048 2831 1208 2884 lireat
1247 2832 1446 2885 marito
1491 2848 1709 2887 uxorem
1759 2838 1945 2905 quavis
1971 2852 2039 2892 ex

474 2934 640 2973 causa
672 2920 969 2985 dimittere,
997 2922 1099 2976 hoc
1126 2923 1316 2985 vetuit,
1343 2924 1533 2980 dicens
1559 2943 1573 2979 :
1597 2924 1752 2991 Quod
1783 2928 1876 2996 qui
1905 2945 2040 2983 uxo-

478 3029 587 3063 rem
619 3026 773 3065 suam
805 3013 1032 3081 reliquit
1062 3025 1425 3084 praterquam
1451 3016 1822 3073 fornicationis
1847 3036 2036 3087 causa,

473 3103 636 3173 259
660 3112 713 3158 et
740 3104 964 3158 alteram
1013 3122 1235 3161 uxorem
1285 3108 1453 3173 ducit,
1486 3111 1807 3165 mtechatur.
1852 3112 1916 3166 Et
1946 3114 2035 3168 in-

472 3198 649 3265 clytus
672 3196 967 3266 imperator
990 3195 1353 3264 Justinianus,
1385 3201 1531 3271 leges
1556 3217 1677 3272 qua:
1699 3203 1827 3257 olim
1854 3205 2033 3260 locum

476 3289 767 3349 habebant,
793 3298 847 3342 et
873 3289 1200 3360 conjugibus
1227 3293 1615 3361 permittebant
1639 3295 1891 3365 coniugia
1918 3298 2039 3353 sine

469 3379 617 3443 jnsta
646 3394 810 3433 causa
843 3381 1076 3444 solvere,
1108 3392 1161 3437 et
1188 3384 1478 3452 unicuique
1510 3385 1663 3441 alteri
1695 3387 1896 3449 dicere,
1931 3387 2039 3445 lies

476 3477 598 3523 tuas
640 3484 787 3537 gere,
832 3485 929 3538 per
966 3472 1065 3524 H7
1097 3471 1372 3526 Novellam
1407 3474 1647 3541 sustulit,
1678 3491 1798 3545 qua:
1828 3479 1931 3532 sita
1960 3489 2041 3534 est

476 3561 527 3612 in
564 3559 592 3609 7
626 3562 709 3613 tit.
758 3577 927 3616 xxvttt
978 3563 1074 3619 lib.
1126 3572 1179 3618 et
1228 3580 1424 3621 causas
1474 3579 1775 3633 enumerat,
1818 3580 2041 3640 propter

472 3663 609 3716 quas
632 3660 685 3705 et
716 3651 863 3703 solas
890 3652 1029 3705 solvi
1055 3654 1255 3708 debent
1279 3656 1640 3711 matrimonia.
1671 3657 2037 3723 Quamobrem

472 3741 555 3793 lex
584 3756 801 3812 quoilue
835 3742 1096 3799 Hebraira
1129 3762 1235 3801 una
1268 3748 1483 3802 sublata
1512 3760 1618 3815 est,
1654 3767 1775 3820 quae
1799 3753 2036 3809 libellum

472 3834 683 3901 repudii
730 3837 947 3890 mittere
996 3838 1314 3895 mulieribus
1358 3848 1413 3895 et
1458 3842 1775 3914 coniugium
1829 3848 2039 3905 solvere

474 3922 1003 3992 viris’permittebat.
1038 3927 1448 3998 Consequenter
1477 3947 1607 4004 ergo
1636 3950 1875 4004 pmsens
1905 3956 2041 4008 quo-

481 4030 589 4083 que
627 4031 804 4071 canon
834 4017 983 4083 dicit,
1013 4024 1157 4089 quod
1188 4024 1401 4091 mulier.
1433 4041 1574 4093 quae,
1602 4028 1791 4082 relicto
1822 4033 2036 4099 marito,

472 4124 597 4161 cum
631 4110 802 4163 altero
837 4112 1041 4179 polluta
1074 4111 1257 4179 fuerit,
1290 4125 1377 4170 est
1411 4117 1658 4174 adulterii
1690 4122 1906 4177 crimini
1939 4126 2038 4178 ob-

471 4197 653 4261 noxia,
705 4201 1162 4267 quemadmodum
1214 4203 1317 4259 hoc
1362 4222 1577 4277 quoque
1629 4226 1861 4281 magnus
1903 4216 2038 4269 dixit

475 4289 710 4346 Basilius
752 4292 806 4345 in
853 4292 886 4346 9
919 4309 1022 4349 suo
1058 4310 1291 4360 canone,
1323 4309 1377 4353 et
1420 4300 1483 4353 21
1522 4306 1627 4357 hoc
1668 4304 1929 4375 colligens
1971 4324 2038 4363 ex

472 4383 754 4451 prophetia
799 4382 1045 4440 Jeretnitc
1090 4388 1339 4454 dicentis,
1412 4392 1469 4446 Si
1529 4396 1724 4449 mulier
1777 4414 1807 4451 a
1856 4401 2036 4456 mariti

2227 1917 2245 1950 ι
2293 1915 2468 1951 σεται.
2527 1896 2585 1951 ’0
2624 1896 2805 1968 μέντοι
2835 1896 3266 1966 καταλιμπάνων
3302 1895 3400 1965 τὴν
3451 1897 3683 1963 νομίμως

2222 2011 2239 2042 ι
2289 1990 2660 2061 συναφθεῖσαν
2702 1989 2855 2061 αὑτῷ
2894 1991 3155 2057 γυναῖκα,
3206 1989 3302 2041 καὶ
3340 1988 3533 2056 ἑτέραν
3570 1990 3686 2053 ἀγό-

2218 2103 2236 2133 ι
2280 2098 2460 2152 μενος,
2496 2082 2636 2135 κατὰ
2658 2080 2755 2146 τὴν
2780 2080 2874 2134 τοῦ
2909 2081 3116 2150 Κυρίου
3158 2079 3461 2144 ἀπόφασιν,
3499 2078 3572 2147 τῷ
3598 2079 3689 2145 τῆς

2222 2194 2239 2227 ι
2291 2174 2536 2243 μοιχείας
2580 2174 2863 2226 ὑπόκειται
2896 2175 3150 2243 κρίματι.
3200 2174 3597 2227 Κεκανόνισται
3634 2171 3687 2224 δὲ

2219 2288 2235 2318 ι
2285 2269 2435 2339 παρὰ
2464 2269 2571 2320 τῶν
2604 2268 2863 2338 Πατέρων
2889 2266 3046 2337 ἡμῶν
3073 2266 3201 2327 τοὺς
3219 2265 3495 2329 τοιούτους
3521 2267 3689 2318 ἐνιαυ-

2223 2379 2239 2411 ι
2282 2360 2373 2412 τὸν
2406 2359 2783 2428 προσκλαίειν,
2840 2358 3049 2412 διετίαν
3092 2357 3494 2427 ἐπακροᾶσθαι,
3557 2373 3691 2426 τριε-

2219 2472 2236 2504 ι
2281 2453 2403 2506 τίαν
2438 2452 2794 2512 ὑποπίπτειν,
2830 2452 2928 2505 καὶ
2973 2450 3048 2521 τῷ
3088 2450 3300 2521 ἑϐδόμῳ
3347 2450 3689 2503 συνίστασθαι

2214 2563 2232 2595 ι
2275 2547 2389 2607 τοῖς
2432 2546 2662 2610 πιστοῖς,
2703 2536 2797 2596 καὶ
2852 2542 2993 2595 οὓτω
3047 2543 3145 2612 τῆς
3198 2542 3512 2612 προσφορᾶς
3572 2558 3693 2593 κατ-

2101 2678 2111 2721 ;
2218 2656 2236 2688 ι
2284 2636 2584 2701 ἀξιοῦσθαι,
2617 2638 2708 2691 ἐὰν
2766 2636 2903 2706 μετά
2954 2635 3199 2705 δακρύων
3252 2638 3687 2705 μετανοήσωσι.»

2208 2731 2407 2784 ΒΑΛΣ.
2455 2731 2515 2783 Ὀ
2545 2729 2743 2800 Κύριος
2778 2730 2873 2784 καὶ
2925 2728 3055 2792 Θεὸς
3106 2728 3265 2798 ἡμῶν
3306 2728 3515 2796 Ἰησοῦς
3565 2730 3690 2797 Χρι·

2150 2826 2275 2887 στδς
2312 2823 2629 2894 ἐρωτηθεὶς,
2652 2825 2699 2876 εί
2725 2824 2935 2889 ἔξεστιν
2961 2821 3115 2890 ἀνδρὶ
3157 2822 3257 2890 τὴν
3282 2823 3518 2888 γυναῖκα
3563 2822 3692 2872 ἀπο-

2137 2917 2285 2970 λύειν
2317 2918 2459 2971 κατὰ
2488 2919 2671 2971 πᾶσαν
2703 2918 2906 2983 αἰτίαν,
2941 2918 3290 2985 ἀπηγόρευσε
3320 2915 3501 2978 τοῦτο,
3537 2912 3693 2965 εἰπὼν

2137 3011 2222 3063 ὅτι
2274 3008 2333 3063 '0
2375 3010 2654 3073 ἀπολύσας
2706 3010 2808 3079 τὴν
2842 3010 3078 3078 γυναῖκα
3132 3006 3297 3060 αὑτοῦ
3334 3007 3495 3097 εκτὸς
3543 3004 3691 3071 λόγου

2140 3103 2418 3174 πορνείας,
2449 3105 2545 3156 καὶ
2586 3105 2844 3173 γαμήσας
2878 3104 3091 3172 ἑτέραν,
3126 3100 3408 3172 μοιχᾶται.
3451 3103 3558 3153 Καὶ
3583 3103 3611 3153 6
3638 3103 3689 3152 ἐν

2141 3192 2448 3264 βασιλεῦσιν
2463 3195 2704 3263 ἀοίδιμος
2731 3187 3097 3256 Ἰουστινιαιυὸς
3113 3193 3235 3255 τοὺς
3253 3191 3423 3246 πάλαι
3444 3191 3694 3263 κρατοῦν.
3779 3182 3783 3193 “

2135 3301 2235 3347 τας
2260 3287 2477 3356 νόμους,
2506 3288 2597 3338 καὶ
2641 3285 3027 3355 ἐκχωροῦντῖις
3074 3288 3188 3348 τοῖς
3228 3284 3522 3354 ὁμοζύγοις
3551 3284 3687 3335 λύειν

2138 3378 2305 3449 χωρὶς
2338 3378 2561 3445 εὐλόγου
2614 3378 2789 3441 αἰτίας
2834 3384 2903 3431 τὰ
2947 3377 3427 3441 συνοικέσια,·καὶ
3481 3378 3694 3445 λέγοντα

2139 3469 2239 3521 ἕνα
2265 3469 2493 3521 ἕκαστον
2550 3468 2686 3536 πρὸς
2712 3468 2801 3520 τδν
2832 3468 3038 3537 ἕτερον,
3107 3466 3321 3535 Πράττε
3350 3468 3421 3519 τὰ
3452 3466 3689 3529 σεαυτοῦ,

2140 3560 2379 3631 ἀνῄρησε
2406 3561 2493 3614 διά
2513 3563 2610 3630 τῆς
2639 3562 2857 3632 Νεαρᾶς
2891 3558 3013 3631 ριζ’,
3040 3560 3135 3628 τῆς
3162 3560 3422 3629 κειμένης
3480 3562 3537 3611 ἐν
3558 3558 3631 3627 τῷ
3651 3555 3689 3621 ζ’

2138 3653 2303 3722 τίτλῳ
2366 3653 2461 3706 τοῦ
2509 3651 2593 3724 κη’
2626 3653 2828 3724 βιϐλίου
2860 3693 2875 3717 ,
2926 3655 3020 3706 καὶ
3069 3653 3559 3723 ἀπαριθμουμένης
3601 3654 3692 3713 τὰς

2138 3746 2315 3803 αἰτίας
2352 3746 2416 3799 δι’
2448 3745 2512 3808 ἃς
2539 3748 2629 3799 καὶ
2656 3746 2820 3815 μόνας
2852 3746 3124 3813 ὀφείλουσι
3150 3746 3373 3799 λύεσθαι
3406 3750 3473 3800 τὰ
3523 3762 3689 3798 συνοι-

2100 3826 2103 3829 Δ
2140 3841 2325 3893 κέσια.
2367 3840 2527 3893 Ὀθεν
2562 3839 2900 3911 συνανῃρέθη
2954 3840 3048 3892 καὶ
3094 3840 3123 3891 6
3168 3839 3458 3910 Ἐϐραῖχὸς
3513 3842 3685 3907 νόμος,

2138 3932 2167 3984 6
2199 3930 2435 3994 ἐνδιδοὺς
2457 3932 2568 3994 τοῖς
2593 3930 2817 3999 ἀνδράσι
2849 3929 3055 3999 βιὸλίον
3087 3931 3422 3983 ἀποστασίου
3462 3931 3690 3999 πέμπειν

2137 4025 2260 4086 ταῖς
2290 4022 2529 4091 γυναιξὶ,
2582 4022 2676 4075 καὶ
2700 4022 2798 4093 τὴν
2830 4021 3124 4090 ὁμοζυγίαν
3154 4022 3317 4075 λύειν.
3365 4022 3692 4083 Ἀκολούθοις

2137 4111 2232 4170 οὖν
2256 4116 2351 4170 καὶ
2376 4116 2405 4167 6
2429 4114 2619 4185 παρὼν
2648 4113 2827 4168 κανών
2851 4132 3015 4185 φησιν
3039 4115 3117 4167 ὅτι
3140 4116 3173 4185 ἡ
3206 4117 3297 4167 τὸν
3327 4115 3500 4185 ἄνδρα
3526 4132 3689 4167 καττι-

2136 4208 2370 4261 λιποῦσα
2398 4206 2559 4277 γυνὴ,
2598 4208 2693 4260 ἐὰν
2726 4207 2865 4277 μετὰ
2904 4208 3091 4278 ἐτέρου
3126 4207 3443 4278 συμφθαρῇ,
3472 4208 3687 4259 ὑπόκει-

2140 4317 2232 4353 ται
2255 4298 2333 4369 τῷ
2369 4302 2470 4369 τῆς
2503 4299 2748 4369 μοιχείας
2789 4298 3120 4370 ἐγκλήματι,
3152 4300 3333 4362 καθὼς
3362 4301 3522 4353 τοῦτο
3552 4301 3639 4351 καὶ
3664 4299 3691 4350 6

2143 4392 2321 4463 μέγας
2361 4390 2643 4454 Βασίλειός
2669 4408 2833 4461 φησιν
2884 4391 2940 4443 εν
2972 4409 3031 4445 τε
3059 4392 3138 4461 τῷ
3175 4391 3220 4443 θ’
3288 4393 3455 4444 αὑτοῦ
3511 4391 3689 4445 κανόνι

470 4475 746 4529 communi
790 4478 914 4530 vitae
960 4481 1221 4535 societate
1251 4497 1491 4552 egressa,
1548 4502 1670 4539 cum
1709 4487 1879 4545 altero
1920 4492 2034 4559 pol-

2140 4484 2238 4536 καὶ
2258 4484 2318 4536 ὲν
2341 4483 2418 4553 τῷ
2438 4488 2546 4547 καν,
2609 4482 3001 4554 ἀναλεξάμενος
3023 4483 3153 4537 αὐτὸ
3174 4485 3280 4536 ἀπὸ
3296 4485 3393 4553 τῆς
3428 4484 3687 4556 Ἰερεμίου

471 4568 584 4622 luta
636 4569 819 4634 fuerit,
856 4586 963 4625 non
1004 4583 1180 4641 potest
1216 4576 1283 4629 ad
1320 4580 1571 4632 maritum
1620 4595 1779 4635 suum
1810 4584 2029 4650 reverti,

472 4667 529 4711 ut
559 4674 678 4726 qua)
711 4661 1011 4715 adulterata
1050 4664 1121 4717 sit
1146 4658 1215 4718 ".
1251 4666 1358 4721 Sed
1396 4669 1562 4723 etiam
1611 4669 1864 4727 Salomon
1895 4676 2033 4728 dixit

382 4766 385 4767 ν
469 4749 525 4799 in
568 4747 913 4805 Proverbiis:
947 4753 1049 4818 Qui
1085 4756 1194 4809 coit
1223 4771 1347 4811 cum
1376 4759 1639 4825 adultera,
1687 4763 1738 4816 id
1768 4774 1873 4826 est,
1906 4780 2028 4818 cum

470 4851 534 4890 ea
578 4853 701 4907 quae
750 4840 910 4893 habet
952 4846 1229 4907 maritum,
1267 4849 1469 4904 stultus
1512 4861 1599 4905 est
1636 4862 1691 4906 et
1726 4854 1925 4923 impius
1963 4856 2030 4909 .".

473 4928 605 4992 Quae
634 4945 762 4998 ergo
791 4934 869 4985 sic
901 4944 983 4987 est
1020 4938 1338 5004 adulterata,
1371 4942 1597 4996 canonis
1629 4945 1805 5013 poenis
1838 4946 2033 4999 multa-

471 5019 639 5072 bitur.
672 5020 895 5076 Maritus
930 5036 1135 5088 autem,
1174 5041 1230 5082 ut
1259 5030 1347 5099 qui
1388 5046 1496 5085 non
1532 5032 1841 5101 offenderit,
1872 5038 2029 5091 venia

472 5111 673 5177 dignus
719 5116 1055 5177 cenSebitnr,
1104 5118 1155 5171 id
1188 5129 1293 5183 est,
1332 5137 1441 5176 non
1485 5126 1758 5192 punietur.
1792 5125 1893 5191 Qui
1933 5143 2030 5181 au-

472 5208 579 5254 tem
609 5205 870 5276 relinquit
902 5210 1174 5277 propriam
1204 5217 1512 5285 conjugem,
1541 5228 1595 5270 et
1634 5218 1854 5271 aiteram
1881 5219 2031 5274 ducit

476 5312 723 5362 uxorem,
750 5309 809 5353 ut
841 5301 1054 5357 adulter
1080 5308 1356 5373 punietur,
1390 5325 1455 5363 ex
1492 5310 1706 5364 Domini
1738 5315 2029 5367 sententia.

2137 4574 2492 4647 προφητείας,
2519 4578 2617 4645 τῆς
2650 4575 2912 4645 λεγούσης
2932 4591 2946 4605 ⁸
2986 4577 3112 4628 Ἐὰν
3133 4579 3293 4644 γυνὴ,
3337 4579 3446 4630 ἀπὸ
3476 4580 3575 4645 τῆς
3600 4583 3688 4631 ἀν-

2130 4669 2308 4741 δρῴας
2332 4666 2601 4737 όμοζωῖας
2644 4666 2952 4732 ἐξελθοῦσα,
2988 4668 3157 4738 ἑτέρῳ
3194 4671 3413 4739 μιανθῇ,
3476 4673 3537 4723 οὐ
3590 4671 3677 4723 δύ-

2132 4776 2291 4815 ναται
2323 4760 2653 4829 ὑποστρέψαι
2687 4754 2937 4827 πρὸς’τὸν
2956 4761 3120 4830 ἄνδρα
3150 4763 3342 4829 αὐτῆς,
3366 4763 3441 4825 ὡς
3475 4781 3686 4831 μοιχευ-

2136 4854 2325 4908 θεῖσα’
2387 4853 2550 4909 una
2597 4853 2691 4906 καὶ
2735 4855 2763 4906 6
2799 4852 3054 4922 Σαλομῶν
3099 4857 3158 4905 ὲν
3201 4859 3318 4918 ταῖς
3364 4857 3685 4925 Παροιμίαις

2138 4943 2296 5000 εἶπεν
2335 4963 2352 4979 ⁶
2394 4947 2451 4998 ὐ
2504 4945 2827 5015 μιγνύμενος
2883 4946 3019 5015 μετά
3067 4948 3393 5015 μοιχαλίδος,
3446 4950 3682 5001 τουτέστι

2131 5043 2268 5109 μετά
2289 5037 2514 5107 ἐχούσης
2537 5038 2718 5107 ἄνδρα,
2738 5039 2927 5106 ἄφρων
2950 5040 3066 5091 ἐστὶ
3082 5041 3173 5090 καὶ
3187 5041 3408 5109 ἀσεὸής.
3430 5041 3684 5111 Τιμωρη-

2128 5130 2350 5199 θήσεται
2380 5127 2472 5183 οὖν
2500 5132 2532 5200 ἡ
2561 5128 2704 5182 οὕτω
2730 5132 3064 5199 μοιχεύσασα
3097 5131 3166 5184 δι’
3194 5134 3481 5201 ὲπιτιμῖων
3519 5150 3677 5184 κανο-

2130 5221 2320 5277 νικῶν,
2383 5221 2443 5273 '0
2494 5223 2631 5292 ἀνὴρ
2674 5222 2754 5287 δὲ,
2804 5222 2879 5284 ὼς
2932 5226 3005 5291 μὴ
3058 5225 3308 5285 πταίσας,
3356 5223 3677 5291 συγγνώμης

2127 5310 2512 5379 ἀξιωθήσεται,
2544 5312 2821 5363 τουτέστιν
2846 5310 2946 5363 οὐκ
2980 5310 3453 5380 ἐπιτιμηθήσεται.
3494 5312 3553 5365 Ὀ
3584 5328 3676 5363 κα-

539 5470 586 5501 ¹⁶
618 5472 809 5529 Matth.
840 5488 896 5536 τ,
923 5473 1017 5529 '56.
1092 5478 1134 5509 "
1175 5477 1403 5546 λοι-σω..
1437 5498 1519 5549 tu,
1560 5487 1612 5538 l.
1686 5486 1731 5515 "
1758 5487 1949 5545 Prov.,
1986 5502 2143 5549 xvtn,
2186 5487 2276 5539 2'2.

1678 5603 1865 5664 Guill.
1898 5607 2224 5685 Beveregii
2258 5616 2442 5667 notae.

544 5713 623 5784 (2)
646 5717 980 5789 ΔΤουτέστιν
1010 5720 1121 5773 οὐκ
1156 5721 1654 5789 ἐπιτιμηθήσεται.
1701 5726 1822 5780 Haec
1858 5730 2013 5781 verba

473 5782 532 5837 in
562 5782 747 5844 cbdice
772 5789 1203 5847 Amerbacltiano
1229 5782 1607 5848 desiderantur
1637 5817 1650 5847 :
1680 5809 1735 5849 at
1768 5814 1874 5850 non
1907 5807 2027 5851 tan-

2124 5738 2236 5781 tum
2264 5731 2320 5781 in
2351 5745 2450 5783 ms.
2484 5706 2796 5797 Bodleiano,
2824 5732 2920 5788 sed
2954 5742 3007 5789 et
3031 5734 3089 5790 in
3120 5733 3333 5792 Tiliano
3359 5743 3413 5791 et
3439 5735 3670 5791 editione

2130 5800 2417 5855 Parisiensi
2449 5802 2722 5871 leguntur.
