3992 6484
327 375 437 439 ειη

1253 380 1335 439 ΙΝ
1360 378 1526 438 CAN.
1570 374 1890 435 LXXXVII
1928 375 2136 439 CONC.
2176 376 2253 436 IN
2292 378 2613 441 TRULLO.

3478 383 3581 444 8ἶῦ

324 490 688 562 ταλιμπάνων
723 492 909 561 μέντοι
938 491 1038 561 τὴν
1073 490 1279 544 οἰκείαν
1317 488 1548 557 σύζυγον
1581 488 1676 541 καὶ
1702 488 1898 557 ἑτέραν

2006 487 2392 543 Adulterorum
2425 500 2605 545 autem
2660 503 2818 559 pana
2864 498 2946 545 cst
2979 490 3031 544 in
3071 491 3134 543 Π
3184 504 3394 547 canone
3432 495 3580 562 ejus-

325 584 601 652 ἀγόμενος
638 583 778 654 μετὰ
810 584 987 654 γάμου
1022 582 1332 645 κοινωνίαν,
1379 582 1455 644 ὡς
1503 580 1692 650 μοιχὸς
1728 595 1902 646 τιμω-

320 677 637 746 ρηθήσεται
691 677 836 729 κατὰ
884 674 985 745 τὴν
1034 675 1128 728 τοῦ
1176 674 1382 744 Κυρίου
1431 674 1727 741 ἀπόφασιν.
1777 670 1900 723 Τῶν

325 769 541 839 μοιχῶν
565 769 902 841 δὲοὲπιτίμιά
940 773 1078 823 εἰσιν
1114 770 1222 823 ἀπὸ
1262 768 1355 822 τοῦ
1384 768 1458 831 οξ¹
1523 765 1749 826 κανόνος
1786 763 1885 817 τοῦ

2010 580 2131 636 dem
2161 583 2338 650 magni
2372 583 2568 656 Patris,
2604 598 2747 638 anno
2776 597 2887 638 uno
2917 597 3070 639 extra
3104 586 3289 656 templi
3330 589 3579 641 vestibu-

2010 676 2118 723 lum
2145 668 2363 733 dellere,
2389 682 2443 726 et
2473 654 2703 741 reliqua,
2728 686 2845 740 quae
2879 672 2931 724 in
2959 687 3022 725 eo
3052 654 3262 727 canone
3288 674 3579 727 contini-th

2008 772 2117 815 tur.
2148 760 2214 816 Et
2248 764 2360 817 haec
2393 764 2611 833 quidem
2644 777 2845 817 canon.

323 863 499 916 αὐτοῦ
535 863 770 932 μεγάλου
828 863 1042 933 Ila-apag
1072 862 1132 915 τὸ
1166 860 1521 933 προσκλαίειν
1552 857 1797 912 ἐνιαυτὸν
1823 854 1925 919 ἐξω
1959 853 2054 906 τοῦ
2086 855 2343 925 προνάου,
2385 856 2477 909 καὶ
2519 858 2586 909 τὰ
2626 856 2786 910 λοιπὰ
2838 857 2905 909 τὰ
2938 858 2992 909 ἐν
3057 858 3136 927 τῷ
3178 857 3327 927 αὐτῷ
3396 860 3578 913 κανόνι

321 957 721 1027 περιεχόμενα.
756 955 866 1010 Καὶ
903 958 930 1008 ό
965 956 1061 1024 μὲν
1096 953 1273 1008 κανὼν
1310 952 1507 1007 ταῦτα.

413 1051 475 1104 '0
500 1051 555 1104 δὲ
586 1049 863 1113 πολιτικὸς
885 1050 1049 1118 νόμος
1077 1050 1201 1111 τοὺς
1264 1049 1486 1118 μοιχοὺς
1545 1035 1894 1115 ἀλλοτρόπως

322 1141 707 1206 κολάζει.Κα“ι
753 1140 1027 1208 ἀνάγνωθι
1082 1139 1283 1209 βιϐλίον
1331 1139 1372 1203 ξ’
1422 1137 1600 1192 τίτλου
1648 1138 1727 1202 λζ’
1774 1155 1900 1207 κεφ.

331 1241 446 1303 ογν,
498 1232 885 1301 καταστρωθὲν
916 1233 996 1293 εἰς
1027 1232 1125 1294 τὰς
1171 1231 1468 1301 ἑρμηνείας
1506 1229 1600 1282 τοῦ
1643 1229 1684 1283 δ’
1726 1229 1821 1282 καὶ
1863 1233 1905 1279 ε’

325 1344 464 1396 κεφ.
517 1323 611 1377 τοῦ
653 1322 721 1390 ιγ’
761 1323 940 1375 τίτλον
1000 1321 1094 1374 τοῦ
1154 1323 1421 1390 παρόντος
1480 1322 1900 1389 συντάγματος⁹

323 1420 428 1471 καὶ
475 1417 572 1484 τὴν
597 1416 698 1486 poi"
747 1416 842 1467 xui.
874 1412 980 1484 ρλδ¹
1035 1414 1233 1483 νεαρὰν
1254 1412 1348 1466 τοῦ
1385 1413 1648 1484 βασιλέως
1686 1414 1906 1465 Ἰουστι-

324 1504 539 1569 νιανοῦ,
574 1506 672 1565 τὰς
727 1503 989 1572 κειμένας
1035 1504 1094 1556 ἐν
1139 1500 1216 1571 τῷ
1258 1502 1301 1566 ζ’
1345 1503 1510 1573 τίτλῳ
1551 1502 1645 1554 τοῦ
1703 1499 1789 1573 κη’
1826 1500 1908 1570 βι-

322 1597 483 1651 ϐλίου
513 1596 621 1650 τῶν
647 1594 971 1658 Βασιλικῶν,
1005 1594 1102 1648 καὶ
1129 1592 1546 1662 συνοψισθείσας
1576 1593 1656 1655 εἰς
1695 1595 1757 1644 τὸ
1791 1591 1906 1644 δια-

322 1691 535 1760 ληφθὲν
580 1689 622 1742 δ’
677 1690 771 1742 καὶ
831 1684 873 1740 ε’
936 1686 1183 1756 κεφ.καὶ
1246 1685 1345 1755 τὴν
1415 1684 1496 1755 λβ¹
1562 1686 1762 1755 νεαρὰν
1811 1685 1905 1738 τοῦ

324 1781 594 1851 βασιλέως
612 1778 777 1849 κυροῦ
797 1778 1024 1841 Λέοντος
1049 1777 1141 1830 τοῦ
1161 1775 1480 1845 Φιλοσόφου,
1504 1776 1668 1846 ῥινῶν
1696 1777 1902 1846 ἐκτομῇ

320 1874 422 1926 τὸν
456 1872 641 1942 μοιχὸν
670 1870 766 1924 καὶ
795 1874 895 1940 τὴν
926 1869 1209 1941 μοιχαλίδα
1244 1866 1603 1933 κολάζουσαν,
1636 1867 1730 1920 καὶ
1789 1869 1902 1922 διο-

324 1965 622 2036 ριζομένην
651 1964 744 2017 τὸν
780 1963 877 2032 μὲν
934 1962 1103 2032 ἄνδρα
1138 1962 1239 2030 τῆς
1276 1959 1657 2033 μοιχευθείσης
1684 1961 1903 2033 κερδαί-

322 2079 441 2114 νειν
469 2058 566 2131 τὴν
592 2057 815 2131 προῖκα,
848 2057 1016 2129 αὐτὴν
1046 2057 1104 2110 δὲ
1154 2058 1214 2108 ὲν
1257 2057 1607 2127 μοναστηρίῳ
1658 2055 1903 2127 περιορί-

322 2154 541 2218 ζεσθαι,
570 2154 665 2205 καὶ
693 2152 937 2207 ἄκουσαν
986 2151 1060 2221 μὴ
1113 2148 1527 2220 ἀποκείρεσθαι.
1579 2147 1660 2202 Τὰ
1719 2146 1904 2216 μέντοι

321 2247 602 2315 προσόντα
629 2246 756 2308 ἴσως
778 2244 914 2314 αὐτῇ
944 2244 1244 2313 πράγματα
1269 2242 1527 2294 ἐπέκεινα
1547 2240 1645 2310 τῆς
1676 2237 1903 2308 προικὸς

320 2336 751 2405 οἰκονομεῖσθαι,
784 2333 967 2396 καθὼς
996 2334 1135 2403 αὐτὴ
1166 2334 1199 2405 ἡ
1227 2331 1400 2402 νεαρὰ
1448 2330 1765 2401 διορίζεται.
1796 2330 1902 2398 Ση-

326 2428 566 2496 μείωσαι
591 2428 652 2480 δὲ
681 2428 763 2480 ὅτι
793 2426 903 2482 ἀπὸ
935 2426 1033 2495 μὲν
1063 2425 1158 2477 τοῦ
1186 2425 1454 2495 παρόντος
1485 2426 1707 2486 κανόνος
1734 2423 1767 2492 ἡ
1804 2439 1903 2474 καο

322 2516 635 2570 ταλιποῦσα
660 2516 752 2569 τὸν
802 2516 971 2586 ἄνδρα
1004 2514 1078 2577 ὡς
1113 2514 1364 2585 μοιχαλὶς
1402 2514 1463 2567 ού
1493 2513 1802 2578 κολάζεται,
1854 2512 1903 2565 εἰ

325 2610 405 2680 μὴ
433 2609 569 2679 μετὰ
600 2609 790 2680 ἑτέρου
846 2608 1142 2679 συμφθαρῇ
1175 2625 1191 2642 ο
1228 2606 1338 2661 ἀπὸ
1368 2605 1426 2659 δὲ
1447 2607 1556 2659 τῶν
1586 2604 1903 2676 διαληφθει-

333 2705 449 2758 σῶν
481 2703 711 2774 Νεαρῶν
752 2702 938 2756 λύεται
990 2705 1051 2756 τὸ
1092 2702 1432 2756 ουνοικέσιον
1470 2700 1577 2754 ἀπὸ
1619 2699 1781 2769 μόνου
1807 2698 1901 2753 τοῦ

328 2800 514 2868 μεῖναι
533 2799 631 2868 τὴν
657 2801 891 2866 γυναῖκα
924 2796 1028 2863 ἔξω
1057 2797 1154 2867 τῆς
1191 2795 1371 2858 οίκίας
1402 2794 1494 2847 τοῦ
1527 2794 1718 2863 ἀνδρὸς
1754 2794 1903 2864 παρὰ

324 2887 553 2959 γνώμην
574 2888 761 2952 αὑτοῦ,
796 2889 844 2941 εἰ
883 2889 957 2958 μή
992 2886 1045 2940 τί
1075 2903 1138 2955 γε
1168 2888 1331 2958 τυχὸν
1361 2886 1512 2955 παρὰ
1541 2889 1660 2949 τοῖς
1680 2885 1899 2954 γονεῦσι

322 2983 440 3044 τοῖς
472 2982 643 3044 ἰδίοις.
673 2975 820 3051 *Αρα
849 2980 906 3033 δὲ
928 2979 1308 3049 ἀπολελυμένη
1338 2979 1668 3047 λέγεταικαὶ
1691 2980 1724 3051 ἡ
1751 2977 1901 3049 παρὰ

322 3072 419 3124 τοῦ
453 3070 641 3142 ἀνδρὸς
674 3071 1037 3141 ἐκϐληθεῖσας
1066 3072 1279 3137 Λύσις.
1310 3070 1594 3140 Οὐδαμῶς.
1622 3073 1759 3142 Φησὶ
1790 3070 1899 3142 γὰρ

1930 1833 1977 1893 Β

2080 1037 2184 1091 Lex
2222 1049 2402 1090 autem
2446 1037 2623 1091 civilis
2657 1039 2935 1093 adulteros
2964 1039 3071 1093 alio
3100 1042 3259 1095 modo
3293 1042 3472 1109 punit.
3514 1044 3578 1096 Et

2005 1132 2121 1199 lege
2150 1130 2347 1184 librum
2378 1146 2468 1191 ιτ,
2500 1130 2585 1182 ιῗι.
2626 1130 2716 1195 57,
2748 1146 2872 1201 cap.
2908 1132 2976 1187 75
3009 1134 3171 1186 situm
3220 1135 3270 1187 in
3306 1134 3580 1204 interpre-

2005 1222 2210 1275 tatione
2240 1236 2358 1290 cap.
2394 1221 2427 1274 4
2455 1231 2507 1275 et
2537 1221 2570 1275 5
2602 1223 2686 1276 tit.
2718 1222 2785 1276 15
2818 1224 3101 1292 praesentis
3135 1225 3354 1292 operis;
3391 1236 3444 1279 et
3478 1226 3577 1278 H7

2003 1318 2058 1364 et
2101 1309 2203 1362 154
2233 1308 2478 1365 novellas
2526 1309 2869 1377 imperatoris
2898 1308 3219 1376 Iustiniani,
3252 1315 3385 1368 sitas
3445 1313 3498 1367 in
3542 1316 3573 1366 7

2005 1402 2091 1454 tit.
2126 1417 2332 1456 xxxvm
2370 1402 2465 1455 lib.
2515 1401 2734 1457 Basilio.
2762 1388 2844 1457 ὀι
2884 1404 3205 1473 compendio
3239 1407 3488 1461 reductas
3522 1406 3576 1460 in

2003 1492 2262 1561 praedicta
2311 1494 2491 1562 capita
2527 1492 2561 1546 4
2611 1504 2664 1548 et
2697 1494 2731 1547 5
2774 1504 2828 1549 et
2870 1492 2939 1547 52
2980 1494 3328 1564 imperatoris
3368 1497 3575 1551 domini

2002 1582 2203 1639 Leonis
2249 1582 2570 1654 Philosophi
2620 1586 2908 1648 novellam,
2944 1602 3063 1656 quae
3098 1587 3311 1643 narium
3356 1599 3579 1643 trtmca-

2008 1676 2153 1731 tione
2210 1676 2364 1746 punit
2418 1677 2724 1731 adulterum
2780 1687 2830 1732 et
2887 1680 3229 1745 adulteram,
3273 1690 3329 1736 et
3384 1683 3579 1737 statuit

2007 1768 2267 1823 adulterae
2310 1769 2529 1839 quidem
2568 1770 2822 1824 maritum
2871 1771 3073 1825 lucrari
3116 1772 3346 1837 delent;
3403 1773 3577 1843 ipsam

2006 1868 2189 1914 autem
2232 1861 2287 1914 in
2341 1863 2671 1916 monasterio
2705 1861 2935 1928 includi,
2973 1864 3195 1918 invitam
3248 1874 3425 1919 tamen
3471 1882 3577 1920 non

2006 1948 2220 2002 tonderi
2256 1965 2269 2002 :
2299 1963 2388 2004 res
2418 1958 2623 2014 autem,
2652 1964 2786 2019 quas
2816 1950 2980 2004 habet
3004 1951 3147 2004 ultra
3174 1951 3380 2018 dotem,
3405 1953 3581 2008 admi-

2006 2040 2255 2104 nistrari,
2290 2039 2749 2109 quemadmodum
2783 2042 2900 2111 ipsa
2942 2044 3150 2097 novella
3191 2047 3407 2099 statuit.
3440 2045 3577 2099 Nota

2005 2146 2158 2199 ergo,
2186 2130 2331 2199 quod
2361 2147 2427 2185 ex
2461 2133 2710 2200 przescnti
2742 2132 2960 2202 quidem
2995 2149 3204 2190 canone
3235 2152 3357 2207 qua:
3398 2138 3575 2192 virum

2006 2223 2226 2277 demisit
2277 2232 2334 2276 ut
2382 2222 2630 2278 adultera
2682 2240 2789 2279 non
2840 2226 3084 2295 punitur,
3141 2228 3243 2283 nisi
3294 2245 3415 2284 eum
3467 2231 3579 2284 alio

2007 2318 2211 2384 polluta
2245 2315 2410 2370 fuerit
2443 2333 2456 2369 :
2491 2332 2556 2371 ex
2584 2317 2859 2387 prmdlctis
2883 2326 3065 2374 autem
3097 2320 3323 2375 novellis
3350 2322 3578 2376 solvitur

2008 2408 2445 2475 matrimonium,
2507 2423 2571 2464 eo
2626 2410 2772 2477 quod
2834 2412 3009 2465 solum
3070 2414 3333 2469 manserit
3388 2416 3579 2469 mulier

2006 2508 2161 2555 extra
2208 2502 2429 2557 domum
2465 2502 2643 2557 mariti
2682 2512 2876 2572 praeter
2912 2504 3032 2573 ejus
3068 2504 3425 2573 voluntatem,
3470 2509 3575 2563 nisi

2007 2593 2147 2649 forte
2175 2597 2317 2666 apud
2347 2610 2477 2651 suos
2504 2605 2774 2665 parentes.
2804 2596 3080 2667 Numquid
3110 2613 3290 2654 autem
3318 2616 3379 2655 ea
3408 2603 3573 2657 etiam

2005 2687 2183 2741 soluta
2227 2688 2450 2753 dicitur,
2499 2705 2621 2759 quae
2664 2704 2694 2743 a
2744 2691 2942 2745 marito
2987 2692 3155 2760 ejecta
3188 2694 3314 2748 est?
3344 2692 3577 2748 Salutio.

2005 2773 2166 2828 Nullo
2193 2775 2354 2830 modo
2388 2794 2401 2829 :
2441 2779 2695 2845 praedicta
2733 2779 2877 2834 enim
2919 2779 3018 2834 117
3052 2782 3261 2837 novella
3297 2783 3410 2839 haec
3440 2784 3578 2840 dicit

2005 2866 2233 2933 praecise
2264 2884 2277 2919 :
2306 2862 2402 2922 Sin
2434 2878 2614 2922 autem
2647 2870 2937 2939 contigerit
2969 2871 3203 2942 aliquem
3239 2874 3447 2944 absque
3472 2893 3577 2931 una

2008 2958 2390 3026 praedictarum
2439 2974 2729 3015 causarum
2774 2978 2996 3018 uxorem
3038 2980 3192 3019 suam
3242 2982 3306 3022 ex
3341 2970 3579 3038 propriis

2004 3051 2215 3106 aedibus
2263 3051 2579 3119 extrudere,
2629 3061 2689 3107 ut
2722 3054 2811 3108 illa
2858 3056 3096 3125 quidem,
3143 3072 3268 3112 cum
3322 3072 3575 3129 parentes

321 3167 356 3236 ή
399 3166 625 3237 ῥηθείσα
679 3165 781 3235 ριζ¹
833 3164 1025 3234 Νεαρὰ
1049 3165 1106 3217 ὲν
1144 3164 1305 3235 μέρει
1338 3164 1515 3218 ταῦτα
1554 3180 1568 3194 ·
1603 3164 1663 3216 Ei
1713 3163 1898 3233 μέντοι

2007 3160 2113 3199 non
2166 3146 2363 3201 habeat
2401 3148 2545 3218 apud
2595 3163 2730 3215 quos
2768 3150 2942 3218 possit
2988 3166 3231 3213 manere.
3266 3158 3577 3212 necessario

2010 3232 2325 3253 ,A_,__U._
2610 3236 2681 3253 ..
2972 3239 3003 3253 ..
3183 3240 3196 3253 .
3265 3242 3297 3253 ..

324 3257 509 3327 συμϐῇ
553 3274 676 3312 τινα
714 3257 836 3326 δίχα
891 3258 1021 3327 μιᾶς
1081 3257 1189 3309 τῶν
1225 3256 1648 3327 προειρημένων
1709 3257 1898 3309 αἰτιῶν

321 3349 425 3418 τὴν
456 3349 647 3402 ἑαυτοῦ
672 3349 923 3420 γαμετὴν
946 3347 1041 3401 τοῦ
1071 3347 1206 3400 ἰδίου
1232 3347 1384 3400 οἴκου
1425 3345 1724 3417 ὲξωθῆσαι,
1758 3345 1898 3399 ὦατε

323 3440 539 3507 ἐκείνην
574 3440 648 3510 μὴ
682 3437 910 3508 ἔχουσαν
939 3441 1139 3505 γονεῖς,
1167 3438 1300 3507 πρὸς
1319 3435 1411 3499 οὓς
1434 3435 1659 3489 δύναται
1691 3437 1895 3505 μεῖναι,

326 3530 388 3595 ἐξ
418 3530 662 3600 ἀνάγκης
694 3531 798 3595 ἔξω
832 3518 930 3599 τὴν
977 3529 1147 3582 νύκτα
1182 3528 1413 3596 διάγειν,
1449 3525 1744 3596 κελεύομεν
1789 3543 1899 3596 μη-

321 3625 379 3675 δε
391 3623 517 3692 μίαν
551 3619 689 3676 εἶναι
730 3623 808 3691 τῷ
837 3622 991 3691 ἀνδρὶ
1021 3622 1204 3676 ἄδειαν
1225 3621 1312 3673 διὰ
1341 3619 1546 3688 ταύτην
1588 3619 1689 3689 τὴν
1718 3618 1898 3672 αἰτίαν

324 3714 596 3782 agam.»
629 3716 869 3786 πέμπειν
890 3716 959 3785 τῇ
988 3713 1224 3780 γυναικὶ,
1250 3711 1495 3781 διότιπερ
1514 3710 1677 3774 αὐτὸς
1703 3710 1897 3764 τούτου

326 3808 503 3870 αῐτιος
538 3807 771 3871 γίνεται.
830 3808 903 3860 Τὸ
939 3806 1125 3876 μέντοι
1158 3805 1430 3875 γραφικόν
1462 3804 1523 3857 τὸ
1551 3803 1748 3871 λέγον·
1784 3804 1897 3856 Ούκ

326 3898 648 3968 ἔπιστρέψει
690 3899 827 3968 πρὸς
863 3897 951 3952 τὸν
1007 3897 1175 3966 ἄνδρα
1226 3896 1399 3965 αὐτῆς
1438 3897 1471 3964 ἡ
1522 3893 1895 3965 μοιχευθεῖσα,

325 3990 436 4042 νόει
470 3990 598 4061 περὶ
624 3990 812 4059 ἀνδρὸς
847 3990 922 4060 μὴ
968 3988 1211 4050 θέλοντος
1242 3986 1612 4043 ἀναλαϐέσθαι
1669 3986 1894 4057 ταύτην.

326 4083 390 4136 Εἰ
418 4082 524 4151 γὰρ
557 4085 829 4152 συγχωρεῖ
855 4082 916 4135 τὸ
946 4081 1198 4150 ἔγκλημα
1229 4082 1257 4133 ό
1285 4079 1445 4149 ἀνὴρ,
1469 4078 1897 4155 ἁκωλύτωςπαύ-

323 4175 424 4244 τὴν
450 4172 776 4227 ἁναλάϐεται
806 4173 955 4235 ἐντὸς
985 4173 1209 4237 διετίας,
1253 4174 1396 4227 κατὰ
1416 4172 1513 4245 τὴν
1548 4173 1718 4244 αὐτὴν
1749 4174 1894 4226 Νεα-

327 4266 447 4335 ράν.
498 4265 647 4318 Ἐπεὶ
677 4264 735 4318 δέ
772 4282 939 4334 φησιν
969 4266 996 4317 ό
1042 4263 1222 4318 κανὼν
1246 4264 1323 4328 ὼς
1351 4265 1535 4335 ἐκείνη
1566 4267 1600 4335 ἠ
1634 4266 1775 4333 γυνὴ
1816 4284 1897 4319 τι-

328 4359 597 4427 μωρεῖται
624 4356 699 4418 ὡς
731 4355 1002 4426 μοιχαλὶς,
1030 4356 1062 4426 ἠ
1101 4356 1312 4425 ἀλόγως
1340 4357 1753 4427 ἅναχωρήσασα
1799 4355 1896 4410 τοῦ

323 4449 540 4520 ἀνδρὸς,
563 4449 706 4501 εἴποι
742 4466 828 4512 τις
864 4448 939 4511 ὡς
976 4447 1127 4518 ἡτοῦ
1162 4447 1354 4519 ἀνδρὸς
1403 4447 1642 4514 εὐλόγως
1684 4449 1897 4519 ἀναχω-

2007 3232 2142 3288 loris
2174 3242 2387 3290 noctem
2429 3246 2571 3306 agat,
2601 3236 2858 3305 jubemus
2890 3239 3042 3293 nullo
3073 3240 3236 3296 modo
3263 3242 3427 3300 licere
3462 3262 3579 3302 ma-

2003 3324 2109 3379 rito
2152 3335 2372 3396 propter
2400 3327 2540 3382 hanc
2571 3341 2792 3384 causam
2825 3330 3037 3385 mulieri
3083 3334 3297 3389 mittere
3332 3334 3573 3392 libellum

2003 3417 2233 3486 repudii,
2265 3421 2523 3488 quoniam
2552 3420 2667 3489 ipse
2705 3421 2866 3489 hujus
2894 3422 2969 3477 rei
2997 3437 3161 3479 causa
3186 3437 3290 3482 est.
3315 3428 3370 3483 ld
3395 3440 3573 3486 autem

2004 3511 2151 3582 quod
2192 3513 2460 3583 scriptum
2487 3512 2744 3570 estzNon
2780 3524 3079 3573 revertetur
3106 3520 3172 3574 ad
3209 3521 3382 3577 virum
3414 3538 3573 3579 suum

2002 3603 2329 3668 adulterata,
2387 3604 2632 3677 intelligo
2681 3607 2748 3662 de
2796 3608 2934 3672 viro,
2988 3612 3079 3681 qui
3134 3628 3242 3667 non
3300 3616 3414 3670 vult
3449 3632 3572 3671 eam

2000 3698 2244 3766 recipere
2277 3715 2293 3752 :
2329 3697 2376 3753 si
2422 3698 2504 3752 vir
2533 3700 2677 3754 enim
2725 3702 2932 3757 crimen
2969 3706 3259 3771 condonet,
3289 3723 3408 3762 eam
3451 3710 3577 3765 abs.

1998 3805 2104 3859 que
2147 3789 2258 3844 ullo
2302 3790 2689 3860 impedimento
2739 3809 2932 3849 rursus
2980 3796 3211 3866 accipiet
3245 3808 3389 3855 intra
3420 3800 3576 3856 bien-

2001 3881 2172 3947 nium,
2206 3891 2267 3937 ut
2290 3884 2402 3959 vult
2433 3885 2664 3940 novella.
2697 3885 2967 3952 Quoniam
3003 3898 3184 3945 autem
3214 3891 3347 3947 dicit
3372 3908 3570 3958 canon,

1999 3988 2117 4028 eam
2141 3990 2264 4030 esse
2287 3977 2619 4046 puniendam
2650 3978 2933 4033 mulierem
2962 3990 3219 4051 tanquam
3246 3985 3574 4054 adulteram,

1998 4080 2120 4134 quae
2154 4080 2185 4120 a
2221 4067 2418 4121 marito
2463 4068 2665 4123 nullam
2706 4070 2779 4124 ob
2811 4085 3034 4127 causam
3077 4076 3326 4144 secessit,
3373 4078 3576 4135 dixerit

1997 4156 2297 4226 quispiam,
2356 4156 2500 4227 quod
2541 4173 2661 4227 quae
2711 4159 2782 4212 ob
2836 4161 3214 4218 rationabilem
3261 4179 3483 4220 causam
3541 4183 3571 4218 a

2000 4248 2202 4303 marito
2230 4246 2483 4315 reCessit,
2520 4265 2625 4305 non
2665 4251 2944 4320 punietur.
2978 4251 3093 4306 Non
3135 4260 3221 4309 est
3257 4267 3436 4309 autem
3470 4256 3574 4311 hoc

2000 4355 2191 4396 verum
2225 4360 2239 4397 :
2281 4357 2460 4412 neque
2494 4345 2637 4398 enim
2680 4343 3013 4410 rationabili,
3048 4361 3227 4415 neque
3262 4362 3370 4400 non
3405 4350 3564 4402 ratio-

2003 4435 2170 4490 nabili
2215 4434 2283 4490 de
2316 4450 2479 4490 causa
2522 4444 2702 4504 poteSt
2738 4437 2939 4491 mulier
2976 4453 3005 4491 a
3050 4438 3247 4492 marito
3291 4438 3575 4494 discedere

329 4540 544 4607 ρήσασα
572 4540 631 4593 οὐ
657 4541 1129 4611 τιμωρηθήσεται.
1176 4539 1291 4592 Ούκ
1324 4539 1441 4592 ἔστι
1480 4539 1534 4593 δὲ
1568 4539 1728 4592 τοῦτο
1762 4542 1897 4611 ἀλη-

2004 4530 2123 4583 sine
2160 4529 2522 4599 permissione
2550 4529 2777 4598 judicis,
2814 4529 3270 4598 quemadmodum
3308 4528 3410 4583 hoc
3440 4529 3577 4584 dicit

325 4629 439 4691 θές.
475 4629 611 4684 Ούτε
635 4631 743 4701 γὰρ
777 4632 915 4701 μετὰ
940 4631 1162 4701 εὐλόγου
1186 4631 1365 4695 αἰτίας
1398 4630 1521 4684 οὔτε
1556 4631 1693 4701 μετά
1723 4650 1900 4703 παραυ

324 4721 489 4788 λόγου
518 4722 746 4776 δύναται
786 4725 819 4793 ἡ
868 4722 1006 4794 γυνὴ
1042 4724 1349 4792 ἀναχωρεῖν
1402 4722 1512 4775 ἀπὸ
1553 4722 1648 4776 τοῦ
1707 4724 1901 4794 ἀνδρὸς

324 4812 496 4882 χωρὶς
529 4814 856 4884 δικαστικῆς
887 4814 1217 4885 ἐπιτροπῆς,
1250 4813 1434 4877 καθὼς
1478 4814 1637 4869 τοῦτό
1666 4832 1833 4883 φησιν
1870 4815 1900 4867 ὀ

326 4898 370 4955 δ’
420 4905 604 4958 κανὼν
642 4906 736 4958 τοῦ
771 4907 929 4974 ἁγίου
970 4907 1297 4981 ¹Βασιλείου,
1342 4908 1434 4960 καὶ
1466 4906 1716 4977 διάφοροι
1769 4907 1901 4960 Ἰου-

326 4999 643 5052 στινιάνειοι
683 4999 896 5069 Νεαραὶ
923 5001 1170 5070 κείμεναι
1198 5002 1255 5053 ὲν
1284 4999 1363 5068 τῷ
1389 5001 1433 5064 ζ’
1479 4999 1643 5070 τίτλῳ
1665 5000 1759 5052 τοῦ
1808 5006 1894 5070 κη’

330 5087 566 5157 βιϐλίου,
600 5091 723 5143 ὅθεν
764 5093 856 5145 καὶ
880 5093 948 5145 τὰ
974 5093 1067 5145 τοῦ
1099 5093 1322 5156 κανόνος
1350 5092 1640 5163 ὀφείλομεν
1668 5093 1897 5146 ὲκλαϐὲο

326 5184 453 5237 σθαι
483 5187 547 5236 ὲκ
576 5186 941 5256 περιουσίας·
983 5184 1015 5253 ἢ
1058 5186 1236 5237 εἰπεῖν
1286 5185 1481 5253 ἄλογον
1550 5182 1897 5254 ἀναχώρησιν

323 5275 425 5345 τῆς
458 5276 714 5343 γυναικὸς
749 5274 887 5331 εἶναι
918 5277 1016 5349 τὴν
1045 5278 1213 5348 χωρὶς
1235 5277 1554 5348 δικαστικῆς
1594 5277 1895 5346 ἐπιτροπῆς

325 5366 526 5438 ταύτης
578 5370 947 5441 ἀναχώρησιν.
995 5371 1295 5441 Ἐρωτήσει
1321 5370 1377 5424 δέ
1410 5388 1513 5435 τις,
1543 5370 1617 5434 ὡς
1648 5371 1754 5423 τῶν
1791 5388 1892 5423 και

323 5452 494 5522 νόνων
531 5458 626 5510 τοῦ
663 5460 819 5527 ἁγίου
853 5459 1154 5526 Βασιλείου,
1189 5460 1309 5531 ἦτοι
1351 5458 1446 5512 τοῦ
1475 5457 1519 5511 θ’
1540 5458 1634 5513 καὶ
1668 5459 1762 5511 τοῦ
1812 5454 1888 5510 κδ’

1998 4618 2031 4674 9
2060 4634 2236 4675 canon
2280 4621 2455 4676 sancti
2502 4620 2713 4687 Basilii,
2758 4628 2813 4675 et
2854 4621 3085 4676 diversae
3132 4619 3431 4676 Justiniani
3476 4638 3579 4674 no-

2000 4711 2151 4766 vellze
2179 4711 2299 4767 sita:
2327 4713 2381 4767 in
2414 4713 2444 4765 7
2488 4713 2570 4767 tit.
2601 4728 2764 4767 xxvm
2794 4711 2915 4777 lih.,
2944 4712 3089 4766 unde
3115 4712 3285 4765 etiam
3311 4711 3580 4766 debemus

1997 4813 2263 4854 canonem
2298 4816 2362 4853 ex
2405 4800 2705 4854 abundanti
2763 4800 3009 4869 accipere
3036 4818 3049 4853 :
3080 4800 3165 4854 vel
3197 4797 3382 4853 dicere
3431 4799 3584 4867 inju-

2000 4900 2138 4945 stam
2172 4891 2418 4947 mulieris
2445 4892 2836 4947 discessionem
2876 4906 2997 4946 esse
3021 4891 3141 4960 ejus
3184 4889 3308 4945 sine
3331 4888 3585 4957 iudiciali

1998 4983 2362 5049 permissione
2392 4997 2691 5037 recessum.
2728 4980 3019 5053 [legaverit
3047 4990 3239 5036 autem
3279 4980 3587 5049 quispiam,

1996 5091 2121 5129 cum
2149 5092 2273 5130 ean.
2304 5075 2476 5129 sancti
2497 5073 2704 5138 Basilii,
2730 5074 2762 5129 9
2783 5074 2990 5130 scilicet
3019 5085 3072 5129 et
3105 5075 3208 5139 2:5,
3249 5073 3438 5125 dicunt
3465 5085 3591 5124 tnu-

1995 5170 2184 5224 lierem
2227 5169 2447 5238 quidem
2502 5184 2623 5237 qua:
2675 5184 2801 5223 cum
2857 5169 3032 5222 altero
3077 5167 3253 5237 260
3299 5164 3593 5233 polluitur.

1998 5261 2260 5317 moechari
2289 5278 2303 5319 ;
2331 5260 2505 5313 virum
2550 5270 2753 5326 autem,
2801 5260 2895 5330 qui
2947 5276 3070 5315 cum
3124 5260 3238 5311 alia
3290 5262 3593 5315 scartatur,

2000 5368 2107 5408 non
2148 5349 2498 5406 condemnari
2554 5350 2682 5418 (non
2726 5352 2870 5407 enim
2915 5350 3214 5414 habemus,
3245 5346 3449 5414 inquit,
3496 5356 3597 5395 ca-

2002 5457 2224 5504 nonem,
2271 5455 2379 5510 quo
2410 5455 2533 5493 eum
2575 5441 2826 5498 adulterii
2878 5439 3104 5498 crimini
3171 5432 3596 5504 subjiciamus).

322 5542 591 5615 λεγόντων
761 5556 857 5621 μὲν
891 5558 1126 5622 γυναῖκα
1181 5525 1353 5626 ἑτέρῳ
1413 5555 1898 5626 συμφθειρομένην

2004 5534 2272 5606 quomodo
2325 5548 2567 5603 praesens
2629 5550 2806 5591 canon
2869 5534 3202 5591 indistincte
3259 5525 3594 5626 dicitnellf"

324 5612 644 5710 μοιχᾶσθαι,
676 5612 775 5695 τὸν.
794 5646 848 5698 δὲ
871 5612 1037 5716 ἄνδρα
1063 5645 1184 5715 μεθ’
1208 5612 1404 5716 ἐτέρας
1447 5612 1777 5718 πορνεύοντα
1823 5612 1899 5715 μὴ

2004 5628 2089 5696 qui
2130 5626 2294 5680 aliam
2329 5626 2506 5688 duxit,
2549 5628 2800 5684 adulterii
2830 5626 3045 5700 judicio
3080 5620 3262 5678 teneri
3291 5617 3315 5669 ?
3348 5612 3589 5718 Solatia.

322 5701 752 5805 κατακρίνεσθαι
802 5738 886 5805 (ού
927 5701 1034 5807 γάρ
1063 5701 1317 5809 ’ἔχομεῃι
1373 5701 1532 5810 (pudt:
1584 5739 1783 5792 κανόνα

2004 5717 2312 5772 ῡίίῖυιρηιὶο
2341 5727 2424 5770 est
2455 5716 2596 5771 inter
2625 5720 2825 5785 virum,
2857 5720 2949 5789 qui
2981 5731 3111 5771 cum
3140 5701 3600 5803 Inulierclibel'au

318 5826 419 5898 τῆς
477 5796 728 5899 μοιχείας
786 5796 948 5883 αὐτὸν
1005 5796 1238 5900 ύπάγειν
1293 5796 1651 5904 ὲγιίλῆματι),
1721 5796 1899 5903 mng

2006 5808 2125 5863 viva
2162 5820 2260 5862 sua
2300 5821 2487 5864 uxore.
2526 5820 2639 5861 rem
2669 5807 2942 5873 habuerit,
2976 5814 3033 5859 et
3076 5812 3211 5854 eum
3252 5796 3347 5862 qui
3385 5796 3439 5845 in
3474 5804 3608 5843 ma-

601 5926 874 5989 ΡΑτιιοι..
914 5930 1026 5991 Gn.
1067 5930 1421 5994 CXXXVII.
3126 5905 3202 5968 26
