3992 6484
322 375 445 437 ειη

1272 374 1354 437 IN
1393 374 1557 435 CAN.
1584 370 1942 434 LXXXVIII
1980 370 2186 431 CONC.
2216 368 2300 427 IN
2338 367 2660 429 TBULLO.

3482 362 3587 435 814

328 493 435 542 οὖν
467 490 558 542 τδν
610 489 769 556 λόγον
802 488 893 541 καὶ
921 489 972 541 οἱ
1020 486 1153 540 θεῖοι
1186 486 1431 557 Πατέρες
1494 484 1593 557 τὴν
1648 486 1908 547 ἀναιτίως

2022 485 2216 536 :Imtur.
2248 482 2317 535 Et
2345 484 2434 550 qui
2460 481 2731 535 dimissum
2758 480 2987 541 duxerit,
3019 480 3312 535 mmchalur
3334 480 3400 534 ’⁸.
3436 478 3587 533 lianc

328 581 758 635 καταλιποῦσαν
792 583 883 634 τὸν
916 581 1084 649 ἄνδρα
1112 582 1205 633 καὶ
1247 581 1417 649 ἑτέρῳ
1445 579 1746 648 γενομένην
1790 595 1908 647 μοι·

329 674 535 743 χαλίδσ.
578 673 842 726 ἐκάλεσαν
869 690 884 705 ·
925 674 1069 744 ἥτις,
1127 674 1230 725 κᾶν
1282 672 1618 741 ὑποστρέψαι
1675 670 1908 741 βουληθῇ

329 771 479 833 στρλς
509 766 600 818 τὸν
625 765 755 818 ἴδιον
784 766 973 835 ἄνδρα,
1023 767 1247 828 ἄκοντος
1276 765 1439 817 αὑτοῦ
1467 767 1528 818 οὐ
1572 763 1911 834 παραδεχθήο

332 877 520 914 σεται.
560 859 873 928 Μεμίανται
936 859 1065 929 γάρ.
1117 858 1185 910 'II
1252 854 1346 910 οὖν
1376 857 1588 925 ἀλόγως
1619 857 1913 927 ἀνακωρῆτ

333 971 486 1005 σασα
520 952 615 1005 τοῦ
665 952 874 1022 ἀνδρὸς,
900 954 1064 1021 φησὶν
1120 954 1147 1005 6
1208 952 1409 1013 κανὼν,
1446 951 1740 1019 ἐπιτιμίων
1760 951 1908 1017 ἀξία,

323 1047 512 1115 ἤγουν
539 1045 649 1097 τῶν
695 1047 793 1111 τῆς
838 1045 1084 1114 μοιχείας
1113 1059 1127 1072 ·
1178 1045 1205 1094 6
1237 1042 1293 1095 δὲ
1328 1041 1465 1110 ἀνὴρ
1522 1058 1913 1113 συγγνωμονη·

330 1136 572 1204 θήσεται
599 1136 692 1186 καὶ
733 1135 1096 1205 ἀξιωθήσεται
1136 1136 1236 1205 τῆς
1288 1138 1343 1187 ἐν
1382 1135 1678 1204 Ἐκκλησία
1718 1150 1912 1186 κοινω-

332 1230 487 1290 νίας.
517 1228 679 1280 Ὥστε
712 1228 771 1292 ἐξ
797 1229 1205 1298 ἀντιδιαστολῆς
1236 1228 1472 1280 νοεῖσθαι
1501 1227 1705 1280 δίδοται
1728 1227 1828 1284 ὅτι,
1864 1226 1912 1276 εξ

333 1322 442 1372 οὐκ
472 1321 677 1387 ἀλόγως
704 1318 1018 1389 ἀνεχώρησε
1053 1321 1147 1373 τοῦ
1174 1321 1387 1390 ἀνδρὸ·,
1413 1322 1681 1389 ἐμπικραι
1715 1319 1912 1387 ομέιιου

332 1412 478 1473 tam;
516 1414 649 1480 αὐτῇ
690 1412 838 1480 παρὰ
873 1411 934 1464 τὸ
986 1415 1284 1482 προσῆκον,
1337 1412 1369 1481 ἢ
1404 1409 1845 1478 κακουχουμένη,
1877 1409 1912 1478 ἦ

334 1520 499 1561 τινας
526 1504 711 1566 αἰτίας
747 1504 952 1573 ἔχουσα
983 1506 1132 1575 παρὰ
1182 1504 1275 1557 τοῦ
1314 1502 1506 1574 ἀνδρὸς
1539 1502 1911 1571 ἐπαγομένας,

336 1595 529 1663 ἐκείνη
559 1595 712 1647 ἔσται
741 1598 1006 1661 ἀναίτιος.
1042 1599 1137 1652 καὶ
1175 1598 1202 1651 6
1248 1595 1388 1667 ἀνὴρ
1447 1594 1914 1664 ἐπιτιμηθήσεται

328 1684 419 1747 ὡς
457 1685 618 1747 αὐτὸς
654 1684 824 1748 αἴτιος
859 1686 957 1756 τῆς
982 1687 1257 1758 ἁμαρτίας
1288 1691 1353 1757 τῇ
1395 1687 1618 1754 γυναικὶ
1650 1682 1912 1753 γεγονώς.

351 1776 416 1831 ’0
440 1777 1098 1855 μέντοιδκαταλιμπάνων,
1129 1780 1294 1851 φησὶν
1318 1781 1346 1833 6
1368 1778 1571 1845 κανὼν,
1598 1778 1697 1848 τὴν
1718 1773 1913 1829 ἐαυτοῦ

338 1871 603 1934 γυναῖκα,
640 1850 755 1923 *καὶ
783 1871 977 1941 ἑτέραν
1035 1873 1303 1942 ἀγόμενος
1360 1872 1439 1939 τῷ
1500 1871 1602 1941 τῆς
1666 1850 1988 1940 μοιχείαςΒ

340 1962 631 2017 ὑπίκειται
668 1963 897 2033 κρίματι
937 1964 1078 2018 κατὰ
1100 1966 1199 2036 τὴν
1237 1964 1333 2017 τοῦ
1372 1964 1579 2034 Κυρίου
1612 1964 1910 2031 ἀπόφασιν

340 2055 443 2110 καὶ
476 2056 597 2124 ἑξῆς
622 2057 817 2124 ἐπάγει
848 2057 1008 2121 πῶςὸ
1047 2058 1289 2119 τοιοῦτος
1316 2057 1783 2127 ἐπιτιμηθήσεται
1820 2054 1917 2107 καὶ

338 2146 858 2217 οἰκονομηοήσεται.
917 2145 1154 2202 Ἐοίκασι
1193 2149 1248 2202 δὲ
1280 2149 1328 2202 oi
1364 2150 1603 2219 Πατέρες
1643 2143 1789 2203 οὗτοι
1820 2149 1916 2199 καὶ

340 2237 720 2289 ἐναντιοῦσθαι
744 2237 821 2306 τῷ
855 2239 1078 2309 μεγάλῳ
1107 2238 1373 2310 Βασιλειῳ
1398 2255 1411 2267 ο
1449 2240 1654 2301 ἐκεῖνος
1672 2237 1780 2306 γὰρ
1818 2236 1916 2307 τὴν

345 2332 448 2397 μὲν
473 2335 705 2396 γυναῖκα
738 2333 907 2404 ἑτέρῳ
936 2336 1411 2404 συμφοειρομένην
1437 2332 1534 2386 τοῦ
1566 2333 1746 2403 γάμου
1771 2348 1920 2385 συνι-

340 2425 614 2491 σταμένου
652 2425 941 2493 μοιχαλίδα
1004 2426 1178 2489 καλεῖ,
1228 2425 1323 2477 καὶ
1368 2424 1707 2493 ἀποπέμψει,
1744 2421 1912 2491 λέγει,

338 2512 553 2577 ταύτην
607 2516 715 2565 των
776 2515 943 2567 οἴκων
981 2515 1146 2568 αὑτοῦ
1182 2518 1208 2567 ὁ
1259 2517 1420 2585 ἀνήρ.
1467 2516 1531 2568 Ἦ
1569 2515 1628 2568 δὲ
1686 2514 1824 2583 γυνὴ
1852 2515 1917 2566 ἐκ

342 2608 605 2674 πορνείας
646 2606 942 2660 ἐπανιόντα
976 2607 1066 2660 τὸν
1100 2607 1270 2676 ἄνδρα
1310 2610 1481 2677 αὐτῆς
1526 2606 1914 2676 παραδέξεται.

342 2700 420 2757 Οὐ
451 2699 558 2768 γάρ
591 2698 810 2768 ἔχομεν,
853 2701 1008 2768 φησὶ,
1035 2699 1233 2753 κανόνα
1260 2700 1336 2769 τῷ
1357 2700 1454 2769 τῆς
1482 2699 1731 2769 μοιχείας
1755 2697 1917 2751 αὑτὸν

341 2791 578 2858 ὑπάγειν
604 2792 931 2861 ἐγκλήματι,
952 2792 1045 2844 ἐὰν
1063 2792 1143 2854 εἰς
1161 2792 1449 2861 ἐλευθέραν
1466 2792 1645 2859 γάμου
1670 2790 1911 2861 ἁμάρτῃ.

357 2881 497 2931 Ἀλλ’
530 2883 630 2933 ουκ
657 2880 1028 2935 ἐναντιοῦνται
1055 2884 1105 2934 οἱ
1144 2884 1364 2945 κανόνες
1413 2882 1687 2951 ἀλλήλοις.
1729 2880 1788 2933 Ὀ
1819 2882 1917 2949 μὲν

341 2977 454 3044 γὰρ
483 2974 655 3041 μέγας
698 2975 975 3036 Βασίλειος
1018 2978 1147 3045 περὶ
1190 2975 1593 3048 πορνεύσαντος
1626 2975 1782 3042 λέγει
1821 2974 1915 3027 τοῦ

340 3068 523 3143 γάμου
575 3070 994 3139 συνισταμένου,
1036 3070 1131 3122 καὶ
1182 3069 1597 3141 συμφθαρέντος
1652 3067 1818 3139 ἑτέρᾳ
1856 3067 1915 3135 ἐξ

340 3160 535 3228 ἀνδρὸς
581 3160 882 3232 ἐλευθέρου
955 3164 983 3215 6
1047 3161 1105 3214 δὲ
1145 3160 1338 3232 παρὼν
1383 3160 1565 3214 κανὼν
1626 3161 1756 3232 περὶ
1821 3160 1915 3213 τοῦ

341 3252 606 3311 ἀναιτίως
645 3252 1124 3323 ἀποπεμψαμένου
1165 3251 1265 3323 τὴν
1301 3255 1539 3320 γυναῖκα
1574 3253 1761 3315 αὑτοῦ,
1817 3253 1915 3305 καὶ

336 3344 539 3413 ,ἑτέραν
579 3344 655 3407 ὡς
710 3345 849 3416 τάχα
896 3346 1127 3416 νόμιμον
1163 3346 1413 3415 γαμετὴν
1452 3344 1910 3415 εἰσοικισαμένου,

340 3436 400 3488 ὃν
424 3439 517 3489 καὶ
541 3440 569 3489 6
602 3436 803 3508 Κύριος
831 3438 887 3489 ἐν
914 3435 1273 3505 Εὑαγγξλίοις
1309 3436 1498 3507 μοιχὸν
1517 3435 1767 3491 ἐκάλεσε.

338 3699 562 3753 ΔΙἾΣΤ.
597 3717 615 3749 ι
668 3700 734 3752 'Il
770 3676 827 3765 ἐξ
858 3699 1046 3768 ἀνδρὸς
1088 3699 1174 3753 ἐπ’
1206 3699 1363 3754 ἄλλον
1403 3699 1556 3753 [οὖσα
1617 3702 1867 3771 μοιχαλίς
1894 3718 1909 3731 θ

422 3808 439 3840 ι
476 3791 569 3842 καὶ
600 3793 626 3842 ὀ
658 3792 766 3843 ἀπὸ
789 3792 1045 3858 γυναικὸς
1076 3794 1163 3844 ἐπ’
1192 3793 1647 3861 άλλην,κατὰτὸν
1680 3792 1908 3863 Κύριον,

421 3902 438 3932 ι
477 3882 677 3952 ὁμοίως
712 3883 921 3953 μοιχός.
960 3885 1189 3953 Σαρής.

937 4065 1174 4129 ΚΛΝῼΝ
1207 4067 1341 4119 IIll'.

340 4177 361 4207 ι
405 4157 606 4228 Μηδεὶς
641 4158 785 4211 ἔνδον
826 4158 972 4229 ἱεροῦ
1006 4160 1136 4212 ναοῦ
1187 4160 1384 4229 κτῆνος
1414 4160 1473 4211 τὸ
1520 4160 1726 4219 οἱονοῦν
1760 4162 1911 4214 εἰσα-

420 4268 437 4300 ι
482 4250 622 4317 γέτω
651 4265 664 4278 ·
697 4252 853 4314 ἐκτὸς
890 4254 938 4304 εἰ
975 4254 1048 4322 μή
1117 4270 1200 4315 τις
1274 4254 1573 4323 ὁδοιπορῶν
1644 4253 1910 4324 μετίδτηῖ

422 4361 440 4393 ι
480 4342 889 4412 καταλαϐούσης
964 4343 1209 4412 ἀνάγκης
1276 4343 1520 4396 οἰιιίσκου
1591 4346 1684 4397 καὶ
1745 4362 1912 4395 κατα-

421 4451 439 4481 ι
482 4430 666 4500 γωγῆς
700 4433 923 4503 ἀπορῶν
956 4434 1012 4484 ὲν
1041 4433 1117 4501 τῷ
1151 4433 1376 4503 τοιούτῳ
1432 4433 1728 4487 καταλύσει
1774 4433 1909 4503 ναῷ.

422 4544 438 4573 ι
480 4527 575 4576 Διὰ
602 4525 707 4595 γὰρ
736 4525 826 4579 τοῦ
871 4528 945 4596 μὴ
980 4527 1039 4578 τὸ
1074 4530 1269 4598 κτῆνος
1303 4529 1447 4581 ἔνδον
1509 4529 1907 4599 εἰσενεχῡῆναι,
1955 4553 1995 4606 ο

421 4637 437 4666 ι
482 4619 610 4670 αὐτὸ
646 4618 744 4684 μὲν
778 4619 923 4670 ἐστιν
977 4620 1065 4672 ὅτε
1130 4621 1603 4693 διαφθαρήσεται·
1637 4628 1665 4676 6
1737 4623 1793 4675 δὲ
1847 4626 1913 4693 τῇ

426 4728 444 4758 ι
496 4712 588 4761 τοῦ
620 4712 912 4780 ὑποζυγίου
945 4714 1206 4785 εινποὸολῇ,
1245 4716 1434 4785 καὶτῷ
1490 4716 1741 4771 ἐντεῦθεν
1786 4718 1920 4771 ἁπό-

421 4824 439 4852 :
485 4822 589 4871 ρως
615 4806 754 4875 ἔχειν
789 4809 886 4877 τῆς
921 4810 1012 4860 ἐπὶ
1038 4807 1133 4877 τὴ)
1183 4809 1492 4878 ὁδοιπορίαν
1530 4811 1729 4879 ὁρμῆς,
1794 4827 1915 4862 κιν-

423 4917 441 4947 ι
482 4898 619 4969 δύνῳ
652 4901 879 4953 Θανάτου
933 4901 1390 4971 παραδοθήσεται.
1432 4902 1536 4955 Τὸν
1564 4908 1670 4973 γὰρ
1700 4903 1913 4964 Σάϐϐα-

424 5009 442 5039 (
484 5007 572 5041 τον
605 4992 690 5044 διὰ
716 4994 805 5044 τὸν
824 4992 1111 5063 ἄνθρωπον
1144 4994 1396 5060 γενέσθαι
1435 4994 1868 5066 ἐκδςδασκόμεϐα
1900 5013 1913 5026 ·

419 5101 436 5133 ι
480 5082 620 5135 ὥστε
643 5085 729 5136 διὰ
762 5088 975 5138 πάντων
1006 5090 1381 5156 προτιμητέαν
1423 5088 1674 5157 ἡγεῖσθαι
1702 5089 1798 5158 τὴν
1825 5089 1919 5142 τοῦ

423 5199 441 5229 ι
486 5180 772 5250 ἀνθρώπου
808 5184 1083 5253 σωτηρίαν
1133 5201 1191 5236 τε
1246 5188 1340 5238 καὶ
1399 5186 1691 5242 ἀπάθειαν.
1744 5188 1805 5239 Εἰ
1865 5187 1921 5239 δέ

424 5294 443 5325 ι
482 5291 557 5337 τις
589 5278 869 5346 φωραῦεἱη
904 5284 1072 5347 χωρ’.ς
1109 5279 1377 5349 ἀνάγκης,
1406 5281 1479 5343 ὡς
1525 5280 1764 5350 εἴρηται,
1790 5281 1921 5349 κτῆο

422 5385 444 5419 ι
487 5385 572 5432 νος
607 5372 841 5438 εἰσάγων
868 5373 946 5433 εἰς
1004 5372 1167 5442 ἱερόν,
1232 5374 1281 5424 ει
1337 5373 1436 5441 μὲν
1498 5374 1755 5443 κληρικδς
1807 5375 1913 5443 εἴη,

430 5478 450 5509 ι
488 5460 871 5531 καθαιρείσθω.
906 5465 1030 5517 εἰδὲ
1066 5466 1277 5531 λαῖκος,
1335 5466 1702 5537 ἀφοριζέσοω.

418 5552 617 5606 ΒΛΛΣ.
664 5554 749 5616 Ὠς
770 5556 934 5621 ἱοικε,
962 5557 1162 5629 συνέση
1194 5559 1325 5611 ποτὲ
1354 5562 1411 5612 ἐν
1450 5534 1769 5633 δριμυτάτῳ
1807 5579 1921 5632 χει·
1950 5534 1963 5541 1

344 5646 496 5717 μῶνι
537 5648 835 5702 καταλῦσαί
871 5667 1023 5713 τινας
1086 5653 1165 5714 εἰς
1218 5654 1347 5706 ναὸν
1407 5657 1815 5727 παρακείμενον
1864 5661 1921 5711 ἐν

428 5834 481 5873 ⁸⁹
522 5834 703 5887 Matth.
735 5851 844 5899 δικ,
879 5839 934 5901 9,
971 5840 1055 5897 l0.

2014 578 2180 643 igitur
2212 578 2477 629 rationem
2506 574 2675 629 divini
2709 590 2929 645 quoque
2958 574 3151 632 Patres
3181 574 3352 630 secuti
3391 576 3585 627 mulie-

2014 682 2150 732 rem,
2182 682 2305 736 qua:
2350 668 2470 720 sine
2509 680 2674 719 causa
2728 666 2918 721 relicto
2948 669 3067 720 viro
3110 666 3263 720 alteri
3315 668 3583 734 nupserit,

2012 762 2315 815 adulteram
2345 774 2612 813 vocavere
2637 776 2649 812 :
2679 774 2799 828 quae
2825 760 3043 829 quidem
3074 760 3287 815 etiamsi
3317 760 3384 813 ad
3412 761 3587 812 virum

2012 867 2172 907 suum
2223 854 2421 907 reverti
2472 860 2661 920 postea
2694 853 2840 914 velit,
2894 867 3239 922 nequaquam
3291 852 3461 905 iniilo
3496 853 3589 905 illo

2014 945 2338 1015 excipietur.
2375 943 2589 998 Polluta
2629 954 2713 1001 est
2766 945 2932 999 enim.
2980 946 3113 1013 Quae
3163 946 3329 1014 igitur
3372 944 3587 1007 mulier,

2016 1037 2195 1109 inquit
2227 1053 2426 1101 canon,
2461 1052 2489 1089 a
2521 1039 2639 1091 viro
2671 1037 2878 1107 absque
2910 1053 3074 1092 causa
3101 1039 3356 1101 secessit,
3389 1040 3587 1106 pmnis,

2014 1131 2086 1186 iis
2137 1129 2395 1184 nimirum
2453 1145 2573 1198 qua:
2622 1130 2675 1183 in
2729 1132 3010 1185 adulteros
3070 1133 3381 1186 constitutm
3436 1141 3587 1190 sunt,

2017 1221 2339 1275 multabitur
2372 1238 2385 1273 :
2423 1222 2542 1276 viro
2573 1230 2752 1275 autem
2805 1222 3042 1292 ignosci,
3091 1232 3145 1277 ct
3183 1239 3327 1287 eam,
3366 1238 3487 1291 qua:
3534 1224 3586 1275 in

2016 1309 2257 1367 Ecclesia
2292 1320 2402 1377 est,
2430 1313 2869 1368 communionem
2903 1315 3129 1369 concedi
3164 1315 3456 1382 placet.Ex
3481 1331 3590 1384 quo

2015 1415 2207 1460 contra
2264 1406 2489 1476 intelligi
2545 1406 2690 1473 licet,
2738 1420 2860 1475 qua:
2910 1420 3020 1460 non
3067 1414 3268 1460 temere
3312 1422 3429 1461 sea
3472 1408 3590 1458 viro

2014 1496 2349 1566 abjunxerit,
2405 1498 2498 1552 sed
2552 1505 2647 1551 aut
2702 1499 2848 1552 illius
2889 1499 3058 1554 nimia
3107 1498 3447 1560 morositate,
3497 1511 3592 1551 aut

2017 1588 2237 1658 injuriis
2287 1590 2453 1653 victa,
2503 1597 2596 1642 aut
2634 1590 2756 1645 aliis
2814 1592 2989 1645 modis
3038 1591 3107 1645 ab
3139 1592 3328 1645 eodem
3378 1591 3590 1644 irritata

2018 1682 2358 1748 discesserit,
2408 1683 2555 1737 illam
2607 1692 2761 1736 extra
2802 1685 3017 1753 culpam
3068 1684 3204 1745 fore,
3260 1685 3353 1738 sed
3390 1699 3423 1737 a
3474 1686 3590 1739 viro

2020 1790 2233 1844 pinnas.
2266 1777 2469 1846 quippe
2499 1775 2592 1847 qui
2623 1777 2794 1845 culpa:
2824 1792 3045 1837 causam
3088 1777 3245 1832 uxori
3279 1779 3591 1847 praebuerit,

2016 1870 2337 1941 exigendas.
2374 1870 2474 1936 Qui
2509 1886 2661 1935 vero,
2714 1872 2887 1940 inquit
2918 1875 3121 1935 cat‘ion,
3150 1886 3321 1926 uxore
3361 1872 3589 1927 dimissa

2018 1967 2181 2020 aliam
2232 1966 2469 2031 duxerit,
2531 1965 2791 2019 adulterii
2850 1980 2977 2020 reus
3037 1981 3102 2021 ex
3151 1966 3324 2032 ipsius
3378 1965 3588 2020 Domini

2018 2059 2198 2113 verbis
2223 2057 2626 2113 existimabitur
2653 2073 2669 2111 ς
2696 2056 2930 2125 indeque
2952 2073 3059 2126 qua
3088 2072 3246 2127 pmna
3275 2056 3399 2113 talis
3430 2057 3595 2110 homo

2019 2144 2334 2212 multandus
2367 2150 2457 2215 sit,
2510 2148 2751 2219 quidque
2797 2163 2920 2202 cum
2972 2164 3037 2203 eo
3086 2148 3380 2219 agendum,
3415 2165 3591 2203 canon

2019 2245 2261 2299 disserit.
2318 2243 2573 2309 Quinimo
2621 2245 2921 2313 pugnantia
2978 2258 3102 2298 cum
3145 2259 3344 2315 magno
3390 2245 3594 2298 Basilio

2019 2338 2293 2399 aﬂirmare
2339 2339 2443 2393 hoc
2489 2338 2607 2392 loco
2636 2338 2827 2397 Patres
2852 2337 3127 2397 videntur.
3162 2334 3297 2389 Nam
3328 2337 3373 2390 is
3404 2338 3594 2391 mulie-

2018 2440 2136 2478 rem
2195 2428 2437 2496 qnidem,
2499 2444 2622 2496 quae
2678 2437 2965 2483 contracto
3015 2427 3332 2496 nuptiarum
3386 2426 3595 2483 ﬁndere

2020 2534 2141 2571 eum
2169 2518 2278 2572 alio
2306 2518 2422 2573 viro
2448 2534 2560 2572 rem
2597 2519 2871 2580 habuerit,
2899 2519 3059 2589 261
3090 2519 3394 2574 adulteram
3416 2529 3593 2583 vocat,

2020 2626 2251 2681 eamque
2284 2615 2537 2676 maritus,
2566 2613 2768 2681 inquit,
2800 2627 2829 2665 a
2869 2613 2984 2667 suis
3015 2612 3226 2667 uadibus
3257 2612 3594 2665 amandabit.

2023 2701 2410 2765 Verumtamen
2452 2719 2515 2757 ex
2567 2704 2931 2759 fornicatione
2967 2704 3285 2758 redeuntem
3339 2705 3595 2757 maritum

2023 2812 2180 2851 suum
2227 2812 2367 2851 uxor
2413 2797 2667 2867 excipiet.
2708 2795 2903 2851 Nullus
2949 2798 3121 2857 enim,
3172 2797 3371 2866 inquit,
3416 2806 3598 2850 exstat

2022 2903 2221 2953 canon,
2257 2888 2411 2959 cujus
2444 2890 2774 2944 auctoritate
2837 2890 2930 2959 qui
2976 2904 3097 2942 cum
3141 2888 3321 2942 soluta
3368 2888 3596 2943 muliere

2022 2981 2284 3051 peccarit,
2314 2980 2574 3041 adulterii
2609 2996 2736 3039 reus
2766 2982 2850 3051 agi
2883 2988 3066 3050 queat.
3105 2978 3213 3033 Sed
3245 2979 3395 3034 nullo
3430 2978 3595 3033 modo

2022 3076 2170 3130 inter
2194 3090 2254 3130 se
2283 3076 2338 3129 1ιί
2375 3090 2616 3130 canones
2646 3082 2910 3145 pugnant.
2941 3073 3075 3127 Nam
3114 3087 3342 3142 magnus
3374 3071 3594 3142 quidem

2022 3162 2258 3221 Basilius
2286 3167 2351 3220 de
2382 3180 2446 3221 eo
2473 3165 2692 3220 homine
2720 3165 2854 3234 agit,
2888 3165 2981 3234 qui
3007 3162 3354 3218 manentibus
3387 3163 3596 3233 nuptiis

2021 3259 2352 3325 fornicatus,
2396 3268 2448 3313 et
2479 3273 2603 3313 cum
2642 3257 2869 3312 muliere
2907 3258 3041 3311 nulli
3071 3258 3190 3311 viro
3223 3258 3428 3312 sociata
3475 3258 3596 3325 pol-

2018 3354 2167 3407 lutus
2210 3361 2293 3406 est
2341 3369 2355 3405 ε
2398 3352 2487 3405 hic
2527 3365 2655 3406 vero
2706 3366 2883 3405 canon
2927 3365 3023 3406 eos
3072 3350 3266 3421 tangit,
3294 3350 3387 3420 qnl
3424 3364 3597 3405 uxore

2019 3447 2139 3499 sine
2174 3458 2341 3499 causa
2375 3443 2601 3498 dimissa
2634 3443 2795 3497 aliam
2829 3443 2957 3503 sibi,
2992 3444 3150 3512 quasi
3184 3458 3283 3514 pro
3312 3443 3459 3511 justa
3490 3444 3598 3497 sei.—

2016 3540 2143 3595 licet
2175 3540 2407 3609 conjuge
2455 3540 2720 3607 habituri,
2766 3541 3141 3608 adjunxerint,
3185 3556 3325 3610 quos
3376 3541 3594 3607 quidem

2022 3626 2304 3682 adulteros
2339 3630 2455 3698 ipse
2484 3628 2536 3681 in
2569 3627 2863 3697 Evangelio
2896 3628 3159 3684 Dominus
3191 3630 3507 3700 appellavit.

2022 3718 2250 3775 ARIST.
2293 3739 2309 3771 ι
2353 3724 2484 3786 Quae
2516 3738 2543 3773 a
2577 3722 2694 3776 viro
2730 3737 2827 3774 suo
2858 3721 2926 3775 ad
2960 3723 3124 3775 alium
3160 3723 3389 3788 accedit,
3440 3726 3602 3775 adut-

2093 3833 2111 3865 ι
2160 3822 2274 3867 tera
2305 3822 2389 3867 est
2437 3830 2452 3869 :
2513 3820 2568 3867 ct.
2617 3817 2705 3883 qui
2763 3815 2830 3867 ab
2885 3830 3053 3869 uxore
3110 3814 3176 3869 ad
3234 3816 3419 3880 aliam,
3446 3814 3598 3882 juxta

2090 3926 2109 3959 ι
2155 3906 2367 3961 Domini
2395 3921 2722 3973 sermonem,
2745 3907 2996 3963 similiter
3024 3909 3267 3965 mmcltus
3292 3918 3399 3964 est.
3429 3926 3447 3961 ι
3475 3906 3603 3961 Per-

2084 4001 2315 4068 spicuus.

2514 4092 2745 4149 CANON
2787 4092 3127 4149 LXXXVIII.

2032 4204 2052 4239 ι
2090 4185 2262 4245 Nemo
2287 4188 2428 4243 intra
2452 4188 2596 4245 mdes
2620 4203 2807 4243 sacras
2833 4187 3065 4256 quodvis
3093 4186 3391 4244 iumentum
3424 4190 3597 4243 intro-

2104 4295 2122 4327 ι
2154 4278 2317 4332 ducat
2349 4295 2362 4333 :
2401 4280 2509 4334 nisi
2539 4279 2684 4333 forte
2721 4278 2895 4331 viator
2920 4278 3214 4347 quispiam,
3240 4283 3474 4333 maxima
3501 4298 3596 4334 llr-

2100 4388 2119 4420 ι
2154 4382 2315 4439 gente
2344 4373 2672 4426 necessitate
2701 4411 2717 4434 ,
2756 4372 3099 4425 domuncula:
3158 4373 3241 4427 vel
3305 4373 3591 4429 diversorii

2100 4480 2118 4512 ι
2160 4464 2434 4533 indigens,
2488 4465 2539 4517 in
2580 4466 2631 4517 id
2665 4465 2922 4534 templum
2958 4465 3264 4519 divcrlet'it.
3297 4465 3410 4521 Nisi
3445 4469 3589 4521 enim

2100 4572 2118 4605 ι
2155 4554 2459 4623 jumenlum
2493 4556 2859 4609 introductum
2914 4554 3111 4619 fuerit,
3148 4557 3323 4625 ipsum
3372 4557 3589 4626 quidem

2102 4663 2122 4697 ι
2154 4660 2544 4715 nonnunquam
2574 4646 2799 4715 peribit:
2831 4645 2920 4701 hic
2949 4662 3097 4709 vero,
3120 4646 3589 4717 propterjumenti

2098 4754 2115 4787 ι
2158 4732 2542 4798 amissionem,
2578 4745 2633 4789 et
2668 4735 2948 4791 facultatis
2972 4736 3041 4789 ad
3080 4737 3184 4791 iter
3220 4740 3587 4808 peragendum

2098 4847 2115 4878 ‹
2155 4842 2218 4880 ex
2249 4843 2316 4880 eo
2352 4827 2650 4894 profectam
2683 4829 2945 4899 inepiam,
2979 4831 3168 4884 mortis
3208 4831 3447 4900 periculo
3481 4838 3587 4884 tra-

2099 4936 2117 4969 ι
2151 4917 2335 4972 detur.
2360 4916 2657 4972 Sabbatutn
2678 4918 2821 4972 enim
2847 4927 3069 4989 prOpter
3093 4921 3361 4976 hominem
3386 4918 3587 4976 factum

2099 5028 2117 5060 ι
2155 5025 2273 5064 esse
2305 5010 2599 5074 docemur;
2625 5011 2981 5079 quamobrem
3010 5023 3062 5066 et
3098 5028 3191 5081 per
3221 5014 3402 5068 omnia
3456 5031 3591 5084 prir-

2096 5122 2113 5153 ι
2151 5102 2429 5158 ferendam
2468 5118 2590 5158 esse
2634 5104 2950 5161 existimare
2990 5105 3225 5161 hominis
3266 5107 3492 5163 salutem
3535 5118 3591 5163 et

2099 5198 2611 5251 «incolumitatem.
2670 5197 2726 5251 Si
2794 5199 2917 5267 quis
2974 5206 3156 5252 autem
3205 5198 3585 5270 deprehensus

2100 5309 2118 5340 ι
2162 5290 2323 5345 fuerit
2363 5290 2482 5344 sine
2518 5291 2845 5344 necessitate
2893 5291 3205 5359 jutnetttum
3241 5293 3293 5346 in
3328 5294 3583 5363 templum

2098 5403 2116 5434 ι
2156 5383 2526 5445 introducere,
2579 5382 2626 5437 si
2666 5383 2735 5438 sit
2767 5384 2983 5454 quidem
3027 5384 3286 5447 clericus,
3335 5385 3579 5456 depoua-

2104 5499 2117 5523 ι
2160 5486 2247 5528 tur
2282 5488 2296 5534 :
2336 5476 2421 5529 sin
2457 5490 2592 5529 vero
2623 5475 2817 5542 laicus,
2845 5486 3177 5547 segregetur.
3211 5496 3229 5528 ι

2095 5566 2288 5621 BALS.
2330 5566 2399 5620 Ut
2428 5576 2510 5621 est
2541 5568 2854 5633 verisimile,
2903 5569 3101 5623 accidit
3142 5569 3467 5638 quandoque
3523 5578 3583 5631 ut

2027 5661 2081 5715 in
2116 5659 2349 5713 maxima
2382 5666 2705 5727 tempestate
2728 5659 3062 5715 diverterent
3095 5659 3314 5728 quidam
3350 5658 3403 5710 in
3447 5667 3583 5719 teut:
