3992 6484
445 342 550 405 ὅῖό

1705 331 1804 391 Tll
1819 331 1980 390 EOD.
2023 328 2419 389 BALSAMON

3579 327 3676 391 Siti

445 459 620 527 plum,
647 448 789 520 quod
826 460 995 518 prope
1035 444 1175 499 viam
1214 443 1490 516 publicam
1543 444 1707 498 situm
1751 455 1872 497 erat
1907 461 1925 506 -;
1970 452 2027 498 et

2134 441 2369 510 δημοσίᾳ
2389 436 2491 508 ὀδῷ
2521 452 2534 467 ·
2567 437 2658 491 καὶ
2707 438 2739 510 ἠ
2777 434 2878 506 μὲν
2907 433 3109 506 ἀπειλὴ
3144 434 3240 504 τῆς
3295 435 3469 505 χιόνος
3527 455 3674 507 κατη-

447 551 532 602 vis
565 545 790 616 quidem
824 541 968 594 nivis
1003 553 1098 593 ens
1135 537 1362 607 urgebat
1414 538 1468 591 in
1523 537 1782 606 templum
1811 537 2018 605 ingredi

447 653 572 692 cum
623 637 739 689 suis
774 630 953 700 cquis,
989 637 1043 683 et
1073 626 1387 682 lctltil'crum
1439 624 1662 696 frigoris
1716 626 2022 678 incommo-

445 733 575 784 dum
603 726 887 795 effugere;
921 719 1109 789 templi
1160 728 1341 773 autem
1392 717 1697 773 reverentia
1735 733 1841 770 non
1903 733 2024 786 per-

405 822 420 830 “
446 820 698 876 mittebat
730 819 811 872 eis
845 817 947 869 hoc
979 813 1200 869 iacere:
1238 813 1330 867 sed
1363 811 1464 880 ipsi
1497 809 1718 880 quidem
1754 813 2018 880 templum

445 913 704 982 ingrcssi,
743 908 964 978 frigoris
1008 902 1315 976 periculum
1351 903 1661 967 cvitarunt;
1695 916 1887 955 eorum
1922 915 2020 954 au-

443 1019 552 1059 Icm
587 1005 854 1072 jttmcnla.
885 1015 1004 1070 qua:
1033 1006 1187 1052 extra
1223 995 1482 1066 templum
1518 1003 1806 1060 steterant,
1857 1009 1886 1046 a
1930 994 2021 1048 fri-

445 1115 575 1165 gore
609 1105 934 1164 consumpta
970 1091 1157 1156 fuere;
1200 1103 1310 1159 quo
1362 1087 1563 1141 factum
1607 1096 1714 1151 est,
1778 1097 1835 1140 ut
1875 1087 2016 1140 idem

441 1206 659 1259 quoque
730 1186 1050 1239 hominibus
1118 1184 1264 1252 quod
1325 1181 1519 1236 bestiis
1593 1182 1875 1245 cwniret;
1935 1181 2019 1235 vel

441 1292 664 1352 propter
716 1281 1152 1337 alllictatloaem,
1213 1273 1291 1326 vel
1335 1274 1478 1342 quod
1531 1289 1637 1326 non
1681 1282 1907 1342 possent
1940 1273 2019 1328 ire

444 1378 654 1445 pedites
691 1381 912 1442 propter
949 1371 1173 1422 nimiam
1212 1369 1474 1435 tetuporis
1523 1367 2019 1435 refrigerationem.

442 1469 560 1524 llnc
591 1485 721 1537 ergo
774 1467 1118 1532 corrigrntcs
1177 1460 1351 1514 sancti
1402 1458 1591 1512 Patres
1632 1457 2018 1520 decreverunt,

451 1563 656 1617 nemini
691 1561 856 1615 licere
897 1555 1468 1627 quodvisjumcntum
1516 1552 1570 1605 in
1624 1551 1883 1620 templum
1937 1549 2022 1603 in-

446 1658 763 1716 troducere.
813 1652 916 1707 nisi
968 1649 1208 1704 maxima
1251 1654 1440 1716 urgeat
1488 1646 1792 1700 necessitas
1831 1661 1844 1698 :
1889 1652 2020 1699 tunc

441 1753 612 1814 enim,
657 1747 854 1816 inquit,
893 1745 1201 1813 jnmentnm
1257 1754 1477 1808 quoque
1527 1737 1580 1792 in
1624 1736 1882 1805 templum
1935 1738 2020 1790 in-

2131 531 2371 602 νάγκαζε
2400 531 2620 593 τούτους
2645 529 2792 583 ἔνδον
2817 528 2912 582 τοῦ
2941 527 3070 581 ναοῦ
3115 526 3378 582 εἰσελθεῖν
3427 529 3556 598 μετὰ
3581 532 3675 584 τῶν

2133 629 2318 680 ἵππων
2360 624 2565 688 αὐτῶν,
2611 623 2703 677 καὶ
2734 623 2832 693 τὴν
2881 621 2989 676 ἀπὸ
3023 619 3115 674 τοῦ
3141 619 3346 690 ψύχους
3393 619 3676 692 θανατηφό-

2131 738 2224 790 ρον
2254 719 2500 770 κάκωσιν
2533 717 2797 785 ἐκφυγεῖν
2820 732 2832 745 ·
2887 715 2948 768 τὸ
2971 713 3250 784 αἰδέσιμον
3279 711 3335 766 δὲ
3365 712 3457 766 τοῦ
3486 713 3604 767 ναοῦ
3623 716 3675 766 οὐ

2132 809 2532 881 παρεχώρησεν
2559 809 2760 870 αὐτοὺς
2809 807 2968 860 τοῦτο
3015 805 3330 876 _1t0tﬁoat'
3383 805 3494 859 ἀλλ’
3542 806 3692 859 αὐτοὶ.

2133 902 2253 973 μὲν,
2280 901 2619 963 εἰσελθόντες
2673 901 2730 952 ἐν
2775 899 2856 967 τῷ
2919 899 3052 970 ναῷ,
3099 901 3190 952 τον
3260 899 3324 950 ἐκ
3391 897 3682 968 τοῦκρύους

2129 997 2372 1050 κίνδυνον
2403 994 2626 1063 ἔφυγον,
2678 993 2748 1047 τά
2803 993 2862 1046 δὲ
2918 991 3192 1060 ὑποζύγια
3245 990 3424 1044 αὐτῶν
3467 992 3565 1057 ἔξω
3597 992 3680 1045 τοῦ

2128 1093 2262 1146 ναοῦ
2310 1091 2579 1161 ἑστηκότα
2607 1088 2702 1142 τοῦ
2733 1087 2942 1159 ψύχους
2966 1086 3228 1154 γεγόνασι
3293 1081 3683 1151 παρανάλωμα,

2128 1185 2202 1246 ὡς
2231 1183 2482 1236 ἐντεῦθεν
2520 1181 2617 1235 καὶ
2667 1183 2790 1243 τοὺς
2837 1179 3163 1249 ἀνθρώπους
3256 1176 3326 1230 τά
3376 1177 3534 1245 ὅμοια
3582 1178 3685 1239 τοῖς

2127 1275 2347 1343 ἀλόγοις
2381 1273 2541 1338 ζώοις
2567 1273 2782 1335 παθεῖν,
2811 1272 2844 1342 ἢ
2868 1270 2942 1334 ὡς
2969 1269 3078 1322 άπὸ
3134 1269 3232 1337 τῆς
3289 1265 3590 1337 θλίψεως,ἢ
3620 1267 3686 1331 ὡς

2131 1367 2206 1439 μὴ
2227 1369 2560 1435 δυναμένους
2594 1367 2732 1434 πεζῇ
2765 1365 3009 1434 βαδίσαι,
3065 1363 3152 1415 διὰ
3187 1362 3286 1432 τὴν
3337 1359 3689 1430 ὑπερδολικὴν

2129 1461 2228 1530 τῆς
2251 1459 2402 1529 ὥρας
2464 1457 2797 1527 κατάψυξιν.
2868 1455 3042 1508 Τοῦτο
3080 1453 3178 1507 οὖν
3233 1453 3605 1523 διορθούμενοι
3643 1453 3687 1505 οἱ

2128 1551 2579 1622 ἆγιοιῐΙατέρες,
2643 1550 2969 1620 διωρίσαντο
3032 1547 3106 1619 μὴ
3159 1546 3303 1615 ἔχειν
3376 1544 3462 1596 ἐπ’
3523 1545 3690 1605 ἁδείας

2126 1647 2282 1709 τινάς
2320 1647 2514 1716 κτῆνος
2538 1640 2922 1712 οῖονδηποτοῦν
2952 1641 3105 1693 ἔνδον
3164 1641 3410 1705 εἰσάγειν
3457 1636 3602 1704 ναοῦ,
3649 1638 3692 1688 εἰ

2131 1739 2206 1811 μὴ
2235 1738 2550 1805 κατεπείγει
2577 1737 2795 1804 ἀνάγκη
2859 1734 3097 1804 μεγίστη
3129 1747 3144 1760 ’
3210 1729 3512 1800 τηνικαῦτα
3570 1729 3689 1798 γάρ,

443 1843 796 1904 troilut'etur,
823 1853 892 1892 ne
931 1837 1092 1889 homo
1117 1849 1226 1888 una
1259 1848 1383 1886 cum
1418 1832 1534 1899 ipso
1559 1830 1719 1884 morti
1751 1828 2022 1883 tradatur.

2142 1834 2311 1903 φασὶ,
2377 1831 2471 1884 καὶ
2526 1829 2588 1882 τὸ
2655 1828 2852 1897 κτῆνος
2906 1828 2966 1879 ὲν
3017 1825 3095 1896 τῷ
3140 1824 3253 1894 ναῷ
3297 1823 3690 1892 εἰσαχθήσεται,

443 1937 522 1988 Ad
563 1934 684 2003 ejus
715 1941 895 1984 autem
929 1926 1077 1997 quod
1119 1925 1312 1978 dicunt
1360 1923 1758 1992 probationem,
1812 1919 2021 1974 Domini

442 2045 659 2100 qttoqtte
691 2025 997 2080 doctrinam
1053 2018 1317 2081 inferunt,
1353 2015 1444 2085 qui
1499 2013 1796 2068 Sabbatum
1828 2011 2027 2068 dissol-

444 2125 549 2186 vit,
582 2132 634 2174 et
666 2118 770 2182 eis,
800 2117 892 2185 qui
928 2115 1104 2182 ipsum
1134 2108 1631 2180 reprehendebant,
1672 2105 1826 2171 dixit,
1886 2121 2023 2174 prae-

444 2212 726 2269 farendam
824 2222 946 2262 esse
1019 2203 1260 2257 liominis
1341 2201 1573 2255 salutem
1658 2199 2024 2253 observationi

446 2302 695 2358 Sabbati.
783 2300 1080 2354 Satibatum
1144 2296 1291 2350 enim
1374 2293 1576 2347 factum
1657 2302 1739 2345 est
1805 2301 2028 2361 propter

445 2396 742 2454 hominem,
816 2405 921 2444 ιιοιι
977 2398 1158 2442 autem
1215 2388 1377 2440 homo
1434 2393 1658 2454 propter
1703 2381 2024 2436 Saiibatum.

445 2486 524 2541 Ne
570 2487 669 2540 huc
713 2495 892 2536 autem
955 2481 1048 2532 fiat
1123 2476 1426 2548 iniquitatis
1490 2475 1712 2528 occasio
1778 2475 1846 2527 iis
1928 2472 2021 2542 qui

447 2576 859 2633 inconsiderate
912 2583 963 2627 et
1017 2572 1223 2640 absque
1282 2569 1393 2623 ullo
1446 2567 1765 2622 discrimine
1818 2567 2026 2628 vivunt,

445 2683 504 2727 ct
583 2672 789 2739 absque
864 2667 977 2722 ullo
1065 2662 1455 2733 impedimento
1539 2671 1593 2716 et
1673 2661 1818 2714 nulla
1902 2675 2028 2729 pro-

448 2764 623 2834 posita
717 2759 1042 2814 necessitate
1123 2764 1370 2809 sant-tum
1459 2752 1672 2808 Domini
1763 2753 2026 2821 templum

444 2868 737 2909 counnune
773 2850 1175 2920 prulanumque
1224 2846 1502 2909 ciliciant,
1541 2852 1895 2907 statuerunt,
1964 2852 2025 2895 ut

446 2949 538 3017 qui
602 2947 724 2999 sine
797 2957 988 3014 magna
1060 2939 1333 3008 ejusmodi
1410 2939 1740 2993 necessitate
1793 2935 2030 3008 quodvis

443 3042 755 3108 iumentum
805 3036 861 3090 in
897 3033 1160 3103 templum
1213 3030 1533 3094 introducit,
1589 3029 1636 3083 si
1683 3029 1756 3084 sit
1805 3028 2024 3098 quidc

448 3133 708 3188 clericus.
737 3127 1044 3196 deponatur
1072 3142 1086 3179 :
1125 3124 1210 3179 sin
1248 3131 1430 3177 autem
1467 3123 1660 3186 laicus,
1686 3133 2025 3192 segregetur.

451 3225 590 3290 Q.:i.I
646 3237 801 3287 vero,
876 3219 1050 3273 alatas
1103 3216 1380 3281 Volucres,
1421 3217 1672 3286 perdices
1718 3214 1931 3267 scilicet
1975 3221 2029 3264 ct

449 3312 740 3370 columbas
781 3319 835 3364 ct
876 3321 1147 3379 passeres,
1185 3321 1252 3358 an
1289 3306 1414 3375 quis
1449 3305 1589 3358 citra
1621 3305 1786 3357 ullam
1827 3302 2028 3357 distiu-

451 3409 690 3462 ctioucm
732 3403 784 3457 in
839 3401 1101 3471 templum
1160 3396 1508 3452 iutroducct?
1548 3395 1780 3450 Salutio.
1813 3393 2030 3465 Nequa-

453 3513 642 3572 quam,
673 3505 732 3552 ut
761 3495 894 3551 mihi
931 3494 1168 3559 videtur,
1190 3508 1258 3548 ne
1280 3500 1529 3548 sanctum
1557 3507 1652 3556 per
1680 3497 2031 3546 escrcmeuta

455 3592 976 3750 Ρΐέἓὲιέᾏῃῐι.
1027 3674 1197 3730 Sacra
1243 3674 1440 3742 templa
1483 3673 1536 3728 in
1576 3672 1783 3728 ¹¹⁰¹¹⁰Γ⁰
1812 3672 2033 3743 'habcre

454 3790 518 3828 ac
553 3770 799 3826 venerari
820 3770 1100 3824 debemus.
1129 3767 1363 3822 Proinde
1391 3783 1492 3822 nec
1526 3766 1581 3820 in
1618 3764 2030 3835 illajumeutum

454 3865 692 3935 quodvis
725 3860 997 3918 introduci
1039 3859 1358 3916 e0nceditur
1397 3878 1410 3915 :
1447 3860 1550 3915 nisi
1582 3859 1724 3914 forte
1756 3859 1810 3913 in
1839 3859 2034 3913 itinere

457 3958 694 4024 aliquem
731 3955 976 4008 maxima
1016 3956 1340 4019 necessitas,
1385 3960 1480 4007 aut
1530 3961 1733 4008 coorta:
1782 3952 2035 4008 videlicet

460 4047 832 4118 tempestatis,
879 4055 972 4101 aut
1006 4047 1265 4101 imbrium
1300 4063 1421 4102 sese
1459 4047 1793 4103 intolerabili
1829 4049 2033 4117 impetu

457 4141 890 4207 edundentium,
920 4141 1281 4211 oppresserit.
1312 4138 1467 4196 Tunc
1496 4140 1642 4195 enim
1689 4141 1906 4195 etiamsi
1947 4137 2056 4208 ju-.

457 4243 701 4288 mentum
739 4233 882 4287 intra
916 4249 1107 4289 sacras
1136 4233 1284 4290 ardes
1319 4234 1670 4302 compulerit,
1709 4250 1817 4288 non
1853 4244 2035 4289 tamen

456 4331 527 4383 ob
587 4345 706 4382 eam
773 4343 885 4382 rem
940 4327 1148 4396 aliquid
1211 4326 1382 4396 culpae
1434 4327 1757 4392 contrahet;
1793 4342 1859 4380 ne
1902 4326 2034 4380 illud

456 4423 674 4490 quidem
714 4421 848 4475 foris
885 4420 1135 4475 relictum
1174 4421 1316 4475 male
1359 4429 1569 4489 pereat,
1601 4419 1721 4489 ipse
1761 4435 1892 4474 vero
1943 4421 2040 4475 do-

2131 1926 2217 1978 ἴνα
2253 1925 2326 1995 μὴ
2355 1925 2451 1977 σὺν
2485 1922 2634 1992 αὺτῷ
2659 1921 2754 1975 καὶ
2788 1923 2815 1973 ὁ
2844 1919 3133 1988 ἅνθρωπος
3161 1918 3380 1988 θανάτῳ
3408 1913 3691 1986 παραδοθῇ.

2140 2019 2441 2086 Ἐπάγουσι
2472 2016 2528 2068 δὲ
2553 2016 2689 2084 πρὸς
2725 2012 3083 2082 κατασκευὴν
3128 2009 3222 2064 τοῦ
3287 2009 3456 2076 λόγου
3531 2005 3695 2058 αὐτῶν

2128 2113 2224 2164 καὶ
2262 2111 2360 2179 τὴν
2384 2108 2478 2161 τοῦ
2498 2107 2704 2177 Κυρίου
2733 2105 3113 2170 διδασκαλίαν,
3167 2102 3261 2156 τοῦ
3324 2102 3388 2156 τὸ
3438 2101 3696 2154 Σάδόατον

2128 2203 2563 2265 καταλύσαντος,
2597 2201 2693 2251 καὶ
2721 2201 2967 2261 εἰπόντος
2994 2199 3130 2269 πρδς
3160 2198 3290 2259 τοὺς
3353 2195 3698 2264 αἰτιωμένους

2129 2298 2292 2351 αὐτὸν
2320 2296 2394 2358 ὼς
2431 2293 2806 2363 προτιμοτέρα
2839 2293 2988 2344 ἐστὶν
3012 2293 3046 2361 ὴ
3107 2289 3202 2342 τοῦ
3253 2287 3548 2358 ἀνθρώπου
3604 2303 3699 2339 σω-

2129 2387 2468 2458 τηρὶαπαρά
2492 2387 2592 2457 τὴν
2637 2385 2732 2438 τοῦ
2798 2383 3082 2437 Σαϐϐάτου
3161 2381 3442 2452 φυλακήν.
3492 2379 3562 2432 Τὸ
3600 2377 3700 2448 γάρ

2131 2471 2415 2534 Σάϐϐατον
2433 2481 2627 2548 γέγονε
2645 2480 2732 2532 διὰ
2756 2479 2847 2532 τὸν
2877 2476 3194 2547 ἄνθρωπον,
3256 2475 3318 2527 οὒ
3377 2474 3486 2545 μὴν
3535 2475 3563 2525 ὁ
3613 2472 3701 2525 άν-

2131 2574 2351 2644 θρωπος
2380 2573 2470 2626 διὰ
2499 2573 2560 2626 τὸ
2606 2572 2910 2625 Σάϐὀατον.
2961 2570 3154 2631 Ὅπως
3216 2567 3273 2620 δὲ
3353 2565 3430 2637 μὴ
3489 2565 3700 2634 γένηται

2136 2667 2306 2719 τοῦτο
2343 2667 2456 2728 τοῖς
2484 2664 2799 2734 ἀδιαφόρως
2824 2663 2995 2727 ζῶσιν
3032 2659 3261 2731 ἀφορμὴ
3297 2658 3523 2722 κακίας,
3574 2657 3703 2709 ὥστε

2129 2757 2598 2820 ἀνεπικα).ύπτως
2631 2758 2729 2810 καὶ
2769 2758 2937 2827 χωρὶς
2968 2754 3218 2822 ἀνάγκης
3271 2754 3368 2805 τᾶν
3410 2751 3563 2820 ἅγιον
3591 2748 3704 2802 ναὸν

2131 2852 2226 2902 τοῦ
2258 2849 2395 2903 Θεοῦ
2428 2852 2766 2902 κοινοποιεῖν
2786 2865 2846 2902 τε
2881 2849 2975 2902 καῖ
3032 2846 3318 2917 βεϐηλοῦν,
3388 2844 3702 2914 διωρίσαντο

2131 2946 2223 2998 τὸν
2252 2945 2328 3015 μὴ
2359 2946 2529 3014 χωρὶς
2579 2945 2828 3014 ἀνάγκης
2891 2943 3137 3012 μεγάλης
3202 2940 3470 3011 τοιαύτης
3515 2938 3705 3008 κτῆνος

2131 3037 2516 3107 οῖονδηποτοῦν
2550 3038 2843 3106 εἰσάγοντα
2873 3039 2930 3090 ὲν
2954 3036 3032 3107 τῷ
3075 3035 3211 3105 ναῷ,
3277 3035 3540 3106 κληρικὸν
3608 3034 3699 3102 μὲν

2132 3130 2286 3196 ὄντα,
2311 3129 2722 3200 καθαιρεῖσθαι,
2757 3129 2943 3182 λαῖριὸν
2975 3128 3056 3194 δὲ,
3115 3127 3500 3197 ἀφορίζεσθαι.
3550 3125 3610 3180 Τί
3635 3126 3705 3188 δὲ,

2134 3224 2360 3275 πετεινὰ
2388 3221 2666 3292 πτερωτά,
2697 3219 2964 3290 πέρδικάς
2995 3236 3056 3272 τε
3104 3219 3352 3288 δηλονότι
3424 3217 3520 3270 καὶ
3565 3233 3705 3286 περι-

2133 3312 2358 3384 στεράς,
2393 3312 2488 3364 καὶ
2517 3311 2695 3374 άλλως
2721 3310 3018 3381 στρουθοὺς
3077 3310 3394 3380 ἀδιαφόρως
3443 3309 3706 3376 εἰσαγάγῃ

2131 3423 2214 3469 τις
2243 3409 2302 3458 ἐν
2332 3405 2445 3473 ναῷ
2485 3423 2501 3469 ;
2535 3405 2756 3469 Λύσις,
2789 3403 2923 3455 υὺδὲ
2955 3401 3148 3464 ταῦτα,
3179 3401 3253 3464 ὡς
3283 3402 3410 3470 ἐμοὶ
3437 3401 3604 3469 δοκεῖ,
3629 3401 3708 3452 in

2136 3498 2212 3569 μὴ
2258 3502 2317 3550 τὸ
2345 3495 2498 3564 ἆγιον
2529 3495 2615 3548 διὰ
2646 3495 2755 3550 τῶν
2782 3495 3086 3566 ὲκκρίσεων
3111 3493 3417 3564 βεὸῆλωθῇ,

2200 3682 2449 3737 ΖΩΝΑΡ.
2473 3679 2652 3751 Τιμῆς
2688 3681 2816 3745 ἀξια
2847 3681 2916 3734 τά
2954 3681 3078 3753 ίερα
3108 3681 3206 3735 καί
3233 3681 3603 3752 σεδάσματος.
3623 3679 3728 3732 Διδν

2133 3776 2257 3828 οὐδὲ
2299 3776 2490 3845 κτῆνος
2526 3776 2584 3826 ἐν
2608 3775 2796 3836 αὐτοῖς
2864 3774 3185 3842 εἰσάγεσθαι
3244 3774 3662 3844 συγκεχώρηται
3692 3788 3706 3802 ·

2137 3871 2186 3922 εἰ
2237 3870 2314 3939 μή
2341 3868 2443 3920 πού
2480 3887 2564 3931 τις
2585 3867 2840 3936 ὀδοιπορῇ
2890 3868 2984 3920 καὶ
3038 3868 3256 3938 ἀνάγκη
3311 3867 3548 3937 μεγίστη
3605 3883 3709 3937 χειο

2138 3964 2313 4034 μῶνο;
2358 3963 2523 4031 τύχον
2577 3961 2610 4031 ἦ
2664 3961 2940 4031 ῥαγδαίων
2997 3960 3223 4031 ὄμϐρων
3291 3962 3388 4014 καὶ
3431 3961 3710 4031 ἀφορήτων

2139 4054 2428 4127 καταλάεῃ
2488 4054 2697 4108 αὐτόν·
2736 4053 2857 4107 τότε
2912 4053 3022 4124 γὰρ
3063 4052 3165 4106 κᾶν
3246 4054 3401 4118 ἐντὸς
3461 4051 3607 4126 ίεροῦ
3655 4051 3710 4103 τὺ

2136 4148 2437 4216 ὑποζύγιον
2468 4149 2762 4218 εἰσαγάγῃ,
2793 4147 3131 4215 ἀνέχκλητος
3159 4145 3368 4214 ἔσεται,
3432 4147 3520 4200 ἵνα
3552 4146 3626 4218 μὴ
3654 4146 3709 4196 τὺ

2142 4242 2244 4312 μὲν
2288 4241 2395 4306 ἔξω
2461 4243 2652 4310 μεῖναν
2695 4240 2994 4311 διαφθαρῇ,
3045 4241 3073 4294 ὁ
3129 4241 3184 4294 δὲ
3242 4239 3318 4311 μὴ
3372 4241 3513 4311 ἔχων
3572 4241 3709 4301 ὅπως

2137 4335 2200 4387 τὸ
2228 4334 2415 4386 λοιπὸν
2440 4333 2540 4402 τῆς
2574 4332 2887 4403 ὁδοιπορίας
2924 4332 3137 4399 ἀνύσει,
3173 4335 3397 4404 ἀπλῧρως
3427 4336 3557 4396 ῐσως
3578 4332 3708 4402 ἔχων

2139 4429 2329 4497 ἓτερον
2356 4425 2687 4494 κτήσασθαι,
2714 4427 2782 4494 τῇ
2840 4422 2988 4497 λύπῃ
3063 4425 3376 4495 καταποθῇ,
3417 4425 3450 4495 ἦ
3489 4427 3584 4477 καί
3636 4424 3708 4484 είς

461 4519 666 4576 minus,
723 4527 849 4566 cum
885 4513 988 4566 iter
1036 4515 1316 4582 inceptum
1365 4517 1620 4583 prosequi
1674 4530 1782 4568 non
1838 4516 2027 4580 possit,

2143 4519 2241 4589 τὴν
2267 4518 2415 4588 ζωὴν
2452 4516 2806 4587 κινδυνεύσῃ.
2846 4517 3164 4586 Παράγουσι
3213 4517 3270 4570 δὲ
3315 4518 3412 4570 καὶ
3459 4518 3567 4569 ἀπὸ
3617 4514 3708 4584 τῆς

460 4622 558 4658 ιιοιι
593 4603 820 4660 alterius
867 4602 1010 4659 forte
1057 4603 1292 4672 jumenti
1341 4606 1499 4674 copia
1548 4614 1818 4673 suppetat,
1865 4605 2037 4660 conii-

459 4701 640 4751 ciatur
676 4711 932 4762 interere,
967 4707 1060 4750 aut
1113 4683 1288 4766 ipsius
1321 4711 1538 4767 quoque
1569 4699 1692 4751 vitae
1735 4699 2036 4767 periculum

460 4791 678 4845 subeat.
712 4789 1055 4843 TestimOnia
1100 4805 1229 4844 vero
1259 4805 1326 4844 ex
1352 4790 1524 4844 sacris
1556 4805 1776 4860 quoque
1810 4789 2037 4846 Litteris

458 4883 626 4951 bujus
657 4896 784 4937 can.
827 4891 1087 4936 auctores
1128 4881 1462 4950 producunt.
1513 4880 1818 4936 Sabbatum
1866 4883 2032 4950 enim,

454 4975 639 5044 inquit
671 4973 973 5043 Scriptura,
1003 4984 1225 5044 propter
1259 4974 1531 5028 hominem
1574 4973 1775 5028 factum
1831 4983 1938 5039 est,
1982 4983 2039 5030 et

459 5077 519 5120 ut
553 5070 801 5136 quiescat
828 5082 1026 5122 servus
1064 5076 1191 5120 tuus
1218 5075 1272 5122 et
1294 5067 1604 5135 jumeutum
1637 5075 1816 5120 tuum.
1857 5068 2039 5132 Quare

456 5160 697 5227 jtlltlirllll
736 5161 918 5229 quies,
973 5175 1083 5214 ιιοιι
1123 5161 1294 5228 ipsius
1325 5160 1580 5226 jumenti,
1641 5159 1736 5214 sed
1802 5160 2041 5214 bomiuis

461 5253 634 5318 gratia
679 5263 952 5319 praecepta
980 5263 1086 5316 est,
1118 5260 1177 5303 ut
1208 5251 1302 5304 illo
1337 5262 1459 5317 post
1489 5253 1732 5320 quietem
1766 5253 2039 5318 vegetiore

463 5359 588 5395 mox
635 5352 898 5397 uteretur.
936 5343 1093 5408 Quod
1131 5343 1274 5396 idem
1309 5357 1541 5410 magnus
1574 5355 1790 5410 quoque
1836 5339 2038 5396 Paulus

461 5437 676 5496 asserit,
731 5435 1004 5503 Numquid
1054 5438 1223 5498 enim,
1255 5435 1353 5495 ait,
1406 5433 1471 5484 de
1531 5433 1692 5484 bobus
1749 5449 1878 5485 cura
1932 5445 2009 5487 est

2135 4610 2360 4682 Γραφῆς
2393 4610 2704 4680 μαρτυρίας
2727 4611 2777 4660 οῖ
2808 4609 3028 4678 θέμενοι
3054 4610 3146 4661 τὸν
3176 4609 3400 4664 κανόνα.
3450 4610 3588 4680 Φησὶ
3608 4608 3706 4676 γὰρ

2133 4705 2168 4772 η
2199 4702 2392 4772 Γραφῆ
2416 4717 2431 4732 ·
2467 4701 2541 4753 Τὸ
2566 4700 2852 4754 Σαϐϐατον
2877 4699 2967 4752 διά
3000 4699 3090 4752 τὸν
3129 4699 3418 4770 ἄνθρωπον
3479 4701 3703 4768 ἐγένετο,

2135 4797 2232 4847 καὶ
2262 4793 2348 4846 ἵνα
2384 4791 2767 4861 ἀναπαύσηται
2794 4793 2822 4843 ὁ
2858 4791 3045 4854 δοῦλός
3078 4807 3175 4844 σου
3241 4794 3338 4844 καὶ
3390 4793 3452 4844 τὸ
3510 4787 3707 4852 ὑποζύ-

2135 4903 2274 4954 γιον.
2304 4885 2470 4937 Ὥστε
2502 4885 2537 4954 ἡ
2571 4882 2666 4937 τοῦ
2719 4884 2951 4952 κτήνους
2994 4883 3303 4946 ἀνάπαυσις
3351 4884 3412 4936 ού
3461 4883 3532 4935 δι’
3583 4878 3707 4934 αὐτὸ

2136 4977 2584 5047 νενομοθέτηται,
2621 4977 2757 5030 ἀλλά
2787 4979 2878 5030 διὰ
2901 4979 2992 5031 τὸν
3055 4979 3369 5048 ἄνθρωπον,
3429 4977 3516 5028 ἱνα
3578 4977 3706 5028 ἁνα-

2137 5071 2346 5124 παιρθὲν
2379 5073 2481 5144 ἔχῃ
2512 5070 2674 5124 τοῦτο
2713 5073 2995 5126 εῖσέπειτα
3020 5074 3415 5142 ἀκμαιότερον.
3450 5068 3620 5121 Τοῦτο
3652 5066 3705 5118 δὲ

2135 5166 2281 5216 καὶὸ
2307 5165 2481 5233 μέγας
2509 5163 2717 5227 Παῦλος
2770 5182 2927 5234 φησι,
2973 5164 3173 5233 λέγων,
3235 5164 3331 5232 Μὴ
3375 5164 3494 5218 τῶν
3544 5159 3707 5226 βοῶν

2133 5255 2303 5324 μέλει
2338 5256 2415 5320 τῷ
2471 5255 2634 5322 Θεῷ;
2703 5256 2762 5308 '0
2823 5257 2880 5309 δὲ
2937 5258 3109 5328 χωρὶς
3157 5257 3406 5325 ἀνάγκης
3449 5255 3707 5322 μεγίστης

2139 5347 2334 5415 κτῆνος
2358 5347 2592 5413 εἰσάγων
2650 5349 2708 5398 ἐν
2763 5347 2917 5416 ἱερῷ,
2980 5349 3242 5417 κληρικός
3300 5349 3402 5417 μὲν
3462 5341 3702 5410 (Ii-2,an-

2122 5439 2494 5507 αιρεθῆσεται,
2546 5437 2731 5502 λαῑκὸς
2763 5439 2843 5504 δὲ,
2873 5441 3318 5508 άφορισθῆσεται.

463 5529 672 5582 hac”?
702 5531 799 5594 Qui
837 5548 983 5594 vero,
1050 5531 1385 5584 necessitate
1443 5529 1591 5581 nulla
1641 5538 1889 5600 cegcnte,
1943 5533 2249 5599 iumentum
2281 5535 2422 5588 intra
2493 5536 2677 5589 temuli
2736 5545 2890 5604 septa
2957 5537 3311 5606 compulerit,
3371 5531 3706 5604 depOsitione

461 5628 747 5688 ciericum,
785 5625 984 5680 laicum
1038 5640 1168 5680 vero
1206 5626 1586 5694 si'grcgzitioue
1627 5627 1807 5694 puniri
1837 5627 2119 5681 decretqu
2154 5635 2257 5680 est.

534 5807 579 5838 ⁸⁸
615 5805 781 5861 lCor.
819 5823 891 5869 ιι,
929 5806 982 5860 9.

3903 1700 3907 1825 l
