3992 6484
329 426 437 486 3.7

1312 420 1391 481 IN
1430 419 1572 480 CAN
1631 414 1925 507 LXXXIX
1964 414 2173 476 CONC.
2216 415 2295 475 1N
2315 412 2635 477 TRUILO.

3487 403 3590 465 8i8

339 539 587 592 ΔΡΙΣΤ..
613 557 629 588 ι
652 536 822 608 Ἱεροῦ
854 537 1003 591 ἔνδον
1036 536 1140 589 οὑκ
1170 536 1453 604 εἰσάγεται
1506 534 1734 602 κτῆνος,
1763 534 1813 584 εἰ
1844 530 1917 601 μὴ

2024 528 2253 583 ARIST.
2291 549 2308 581 ι
2347 530 2494 584 Intra
2545 541 2734 583 sacras
2782 527 2925 581 mdes
2973 525 3284 596 jumentum
3335 540 3441 577 non
3500 525 3585 575 iu-

414 652 434 685 ι
466 632 883 696 καταλαϐούσης
938 632 997 683 ὲν
1031 629 1135 700 atq)
1191 629 1453 701 μεγίστης
1486 627 1751 695 ἀνάγκης.
1792 643 1811 677 ι

415 814 477 864 Et
500 813 553 865 δέ
577 830 660 874 τις
714 814 882 882 χωρὶς
917 813 1183 882 ἀνάγκης,
1218 813 1469 882 εὐπορῶν
1529 810 1715 870 ἑτέρου
1754 826 1920 863 κατα-

340 905 575 968 γωγίου,
617 904 766 957 ἔνδον
819 906 913 957 τοῦ
950 906 1096 973 ἱεροῦ
1120 906 1250 958 ναοῦ
1282 905 1343 957 τὸ
1401 902 1698 969 ὑποζύγιον
1752 901 1919 956 αὑτοῦ

360 996 584 1058 εἰσάξει,
618 998 664 1047 εἰ
700 996 796 1064 μὲν
848 996 1108 1066 κληρικός
1133 998 1271 1062 ἐστι,
1322 994 1806 1065 καθαιρεθήσεται,
1873 993 1920 1044 εί

339 1087 401 1139 δὲ
420 1088 627 1153 λαῖκὸς,
679 1089 1127 1159 ἀφορισθήσεται.

948 1182 1191 1235 ΚΛΝΩΝ
1224 1182 1352 1236 ΠΘ’.

351 1290 369 1317 4
414 1271 525 1333 Τάς
547 1269 639 1324 τοῦ
676 1272 946 1339 σωτηρίου
977 1273 1182 1333 πάθους
1230 1271 1445 1341 ἡμέρας
1473 1272 1532 1324 ὲν
1555 1269 1784 1340 νηστείᾳ
1824 1268 1920 1321 καὶ

418 1383 435 1412 ι
478 1368 753 1434 προσευχῇ
800 1364 896 1419 καὶ
942 1364 1233 1428 κατανύξει
1264 1364 1489 1434 καρδίας
1514 1361 1919 1423 ἐπιτελοῦντας,

421 1476 438 1505 ι
475 1457 578 1525 χρὴ
623 1458 749 1519 τοὺς
791 1457 1017 1520 πιστοὺς
1043 1457 1170 1526 περὶ
1197 1455 1364 1525 μέσας
1400 1457 1498 1524 τῆς
1530 1456 1655 1526 περῖ
1689 1455 1749 1507 τὸ
1780 1450 1923 1525 μέγα

416 1565 442 1597 .c
486 1548 765 1602 Σάϐϐατον
808 1550 1005 1613 νυκτὸς
1062 1549 1209 1619 ὧρας
1273 1547 1760 1618 ἀπονηστίζεσθαι,
1812 1553 1922 1600 τῶν

423 1660 446 1691 ι
490 1641 651 1696 θείων
679 1643 1082 1710 εὑαγγελιστῶν
1124 1642 1409 1697 Ματθαίου
1440 1642 1534 1694 καὶ
1573 1642 1780 1704 Λουκᾶ,
1824 1639 1919 1693 τοῦ

427 1754 446 1785 ί
487 1736 586 1805 μὲν
627 1737 715 1790 διὰ
736 1737 826 1789 τοῦ
850 1737 946 1806 ὀψὲ
977 1736 1268 1790 Σαϐϐάτων
1304 1738 1572 1806 ῥήματος,
1595 1734 1688 1786 τοῦ
1742 1734 1795 1785 δὲ
1833 1732 1921 1785 διά

425 1847 445 1879 ο
472 1829 564 1882 τιμῦ
590 1828 790 1900 ὄρθρου
824 1829 1039 1899 βαθέος,
1074 1830 1175 1900 τὴν
1228 1828 1534 1902 βραδύτητα
1564 1828 1664 1896 τῆς
1727 1828 1919 1887 νυκτὸς

416 1939 435 1969 ο
483 1922 613 1989 ἡμῖν
643 1922 1089 1993 ὑπογραφόντων.

413 2014 609 2067 ΒᾹΛΣ.
646 2015 753 2067 Καὶ
781 2017 836 2066 ὲν
870 2015 1250 2078 άποστολικοῖς
1300 2014 1498 2067 κανόσι
1539 2014 1635 2067 καλ⁴
1667 2015 1725 2065 ὲν
1775 2029 1920 2065 συνο-

347 2105 517 2166 δικοῖς
558 2106 977 2177 νενομοθέτηται
1016 2106 1088 2178 μὴ
1159 2106 1442 2176 νηστεύειν
1504 2107 1561 2157 ἐν
1599 2104 1916 2175 Σαϐϐάτῳῆ

346 2192 406 2243 ἐν
440 2194 688 2265 κυριακῇ
725 2196 853 2249 ἄνευ
875 2197 992 2261 ἑνὸς
1042 2198 1134 2251 καὶ
1165 2198 1326 2267 μόνου
1378 2197 1679 2263 Σαϐϐάτου,
1728 2197 1918 2249 τούτου

346 2283 589 2352 δηλονότι
630 2287 723 2340 τοῦ
749 2290 1010 2359 μεγάλου.
1062 2291 1225 2345 Κατὰ
1263 2290 1423 2344 τοῦτο
1463 2290 1571 2361 γάρ
1639 2292 1921 2360 νηστεύειν

349 2380 826 2453 προτετάχθημεν.
908 2384 1242 2448 ’Ᾱκολο-Ξθως
1283 2380 1375 2439 οῦν
1458 2388 1666 2448 τούτοις
1752 2394 1847 2439 και
1894 2386 1921 2436 ὁ

347 2471 539 2542 παῷυν
566 2479 744 2527 κανὼν
796 2476 996 2546 ὁρίζων
1036 2477 1179 2530 κατὰ
1208 2478 1306 2542 τάς
1365 2478 1494 2541 ὅλας
1551 2480 1764 2548 ἡμέρας
1819 2480 1912 2532 τοῦ

347 2565 618 2634 σωτηρίου
648 2567 852 2629 πάθους
876 2569 970 2621 τοῦ
996 2569 1234 2637 Χριστοῦ
1266 2570 1359 2622 καὶ
1416 2569 1554 2623 Θεοῦ
1609 2572 1767 2640 ἡμῶν
1828 2590 1920 2641 νηη-

348 2656 562 2711 στεύειν
595 2661 688 2712 καὶ
728 2660 1128 2731 προσεύχεσθαι
1159 2662 1293 2731 μετᾶ
1330 2662 1699 2728 κατανύξεως,
1755 2680 1919 2717 τουτ-

344 2751 465 2803 έστι
498 2750 573 2822 μὴ
629 2751 753 2806 καθ’
783 2753 1096 2824 ὑπόκρισιν,
1127 2755 1184 2808 ὲν
1232 2750 1321 2817 αἷς
1350 2756 1448 2809 καὶ
1487 2754 1547 2808 τὺ
1602 2757 1746 2825 μέγα.
1794 2775 1920 2810 συν-

348 2843 669 2910 ἀριθμεῖται
720 2846 1035 2900 Σάΰϐατονο
1104 2848 1456 2917 προστίθησι,
1510 2849 1651 2903 κατὰ
1695 2849 1756 2902 τὸ
1791 2850 1921 2904 αὐτὸ

353 2932 632 2986 Σάθϐατον
660 2934 800 3003 μετὰ
840 2935 1066 3007 agape;
1124 2938 1223 3007 τῆς
1278 2938 1474 3001 νυκτὸς
1536 2939 1922 3011 ἀπονηστίζειν

349 3022 478 3085 τοὺς
499 3026 874 3094 πιστοτέρους,
901 3028 992 3080 διά
1031 3028 1091 3079 τὸ
1119 3028 1419 3097 ἀναστῆναι
1440 3027 1533 3079 τὸν
1560 3028 1797 3097 Χριστὸν
1822 3029 1917 3082 καὶ

350 3116 485 3169 θεὸν
536 3118 693 3187 ήμῶν
744 3120 885 3172 κατά
955 3121 1082 3184 τοὺς
1138 3120 1315 3183 θείους
1361 3120 1786 3188 εὐαγγελιστάς,
1826 3121 1920 3174 τὸν

2113 642 2131 676 ι
2176 624 2533 687 troducitur,
2584 624 2690 679 nisi
2726 623 2960 677 maxima
3015 622 3071 675 in
3128 621 3212 674 via
3264 617 3592 679 neerssitato

2117 738 2138 770 ι
2172 728 2422 787 cogente.
2466 735 2487 769 ι

2103 810 2159 861 Si
2193 810 2318 877 quis
2348 819 2530 863 autem
2570 809 2708 862 citra
2743 808 3157 871 necessitatem,
3190 804 3334 860 aliud
3383 803 3591 857 habens

2025 902 2435 962 diversorium,
2495 900 2636 952 intra
2693 914 2912 953 sacrum
2970 898 3229 966 templum
3279 897 3587 962 jumentum

2024 1007 2178 1046 suum
2221 991 2538 1057 introducit,
2569 993 2612 1045 si
2642 992 2711 1046 sit
2746 992 2967 1060 quidem
2997 991 3230 1044 clericus
3258 988 3585 1057 deponetur:

2022 1086 2105 1139 sin
2135 1100 2263 1139 vero
2304 1084 2502 1144 laicus.
2531 1085 2934 1151 segregahitur.

2533 1175 2763 1231 (ΞΑΝοὒῖ
2808 1174 3096 1229 LXXXIX.

2030 1289 2047 1320 ι
2090 1269 2212 1323 Dies
2245 1271 2545 1325 salutifera!
2592 1271 2869 1325 Passionis
2895 1269 3104 1339 jejunio
3141 1276 3197 1325 et
3240 1268 3487 1321 oratione
3533 1274 3589 1319 et

2097 1382 2113 1413 ι
2154 1366 2335 1416 cordis
2371 1366 2791 1431 eompunctione
2824 1371 3143 1432 peragentes
3193 1360 3402 1419 ﬁdeles,
3439 1359 3585 1412 circa

2099 1474 2115 1505 ι
2156 1454 2388 1508 mediam
2425 1455 2602 1526 magni
2638 1455 2859 1509 Sabbati
2899 1465 3114 1508 noctem
3160 1452 3423 1520 jejunium
3472 1450 3586 1501 sol~

2095 1563 2113 1595 σ
2151 1560 2278 1598 vere
2330 1553 2579 1613 oportet;
2635 1561 2758 1600 cum
2795 1545 2973 1599 'divini
3021 1542 3387 1613 evangelista,
3440 1540 3578 1593 Mat.-

2099 1656 2117 1687 ι
2156 1637 2332 1691 tlueus
2379 1648 2431 1692 et
2490 1638 2687 1702 Lucas,
2743 1638 2833 1691 ille
2869 1637 3086 1706 quidem
3150 1651 3246 1704 per
3302 1650 3585 1701 vesperam

2100 1746 2117 1778 ι
2161 1729 2380 1783 Sabbati
2414 1771 2429 1795 ,
2490 1730 2579 1784 hic
2630 1745 2759 1784 vero
2817 1746 2912 1798 per
2962 1731 3051 1788 id,
3104 1728 3259 1782 valde
3321 1726 3583 1788 diluculo,

2100 1838 2116 1869 ι
2156 1819 2334 1874 noctis
2364 1820 2525 1874 nobis
2557 1821 2877 1875 tarditatem
2910 1820 3250 1875 describant.
3283 1837 3301 1872 ι

2098 2001 2290 2057 BALS.
2329 2004 2397 2058 Et
2427 2003 2480 2058 in
2510 2003 2828 2069 apostolicis
2870 2005 3177 2059 canonibus
3216 2013 3268 2059 et
3320 2005 3374 2057 in
3429 2018 3593 2075 syno-

2024 2092 2241 2146 dalibus
2274 2101 2539 2148 statutqu
2575 2102 2681 2158 est,
2716 2109 2782 2148 ne
2814 2096 2865 2147 in
2894 2092 3157 2157 Sabbato,
3190 2096 3275 2147 vel
3308 2096 3359 2146 in
3403 2094 3592 2147 Durni-

2026 2183 2173 2243 nico.
2208 2192 2406 2252 pra‘ter
2441 2201 2606 2238 unum
2644 2194 2697 2239 et
2736 2187 2910 2242 solum
2968 2187 3289 2242 Sahhatum.
3334 2203 3589 2252 maguum

2023 2277 2257 2340 Scilicet,
2285 2277 2588 2346 jejunetur.
2621 2278 2679 2332 lu
2741 2293 2805 2332 eo
2850 2279 2991 2332 cnim
3044 2279 3176 2347 iussi
3228 2294 3419 2331 sumus
3460 2279 3594 2347 jeju-

2026 2386 2175 2424 narc.
2206 2371 2299 2424 llis
2329 2387 2460 2436 ergo
2487 2383 2893 2439 consequenter
2913 2386 3152 2441 prmseus
3177 2387 3393 2439 quoque
3417 2387 3592 2424 canon

2027 2472 2311 2528 statuens,
2370 2466 2883 2521 omnibus.dicluts
2944 2464 3239 2520 salutifeue
3296 2465 3499 2519 Christi
3542 2472 3598 2517 et

2024 2554 2117 2608 Dei
2173 2557 2347 2609 nostri
2404 2556 2684 2610 Passionis
2730 2557 2983 2625 jejuuarc
3026 2566 3278 2626 oportere
3331 2566 3383 2610 et
3438 2572 3597 2613 orare

2024 2661 2149 2700 cum
2185 2648 2640 2715 compunetioue,
2682 2649 2732 2702 id
2764 2659 2867 2708 est,
2903 2665 3009 2703 non
3041 2650 3316 2709 simulate,
3371 2650 3426 2702 in
3477 2649 3600 2713 qui-

2030 2739 2134 2794 bus
2196 2755 2449 2808 magnum
2502 2755 2721 2809 quoque
2774 2742 3065 2795 Sabhatum
3124 2752 3593 2796 counumeratur:

2024 2832 2238 2904 adjicit,
2274 2842 2328 2886 et
2356 2848 2421 2886 eo
2465 2832 2584 2902 ipso
2618 2849 2835 2902 quoque
2872 2834 3112 2888 Sabbato
3141 2846 3261 2903 post
3289 2851 3380 2889 sex
3432 2835 3612 2893 horas.

2027 2929 2207 2982 noctis
2235 2928 2502 2997 jejunium
2566 2930 2779 2983 solvere
2833 2928 3044 2995 ﬁdeles,
3094 2944 3161 2983 eo
3214 2930 3356 2999 quod
3411 2944 3598 2984 resur-

2024 3022 2227 3076 rexerit
2261 3022 2514 3077 Christus
2564 3022 2705 3077 Deus
2758 3032 2969 3080 noster.
3026 3023 3327 3076 secundum
3383 3023 3596 3077 divinos

2026 3113 2412 3182 cvangelistas,
2476 3114 2787 3168 Mattlneum
2834 3123 2887 3168 et
2943 3113 3164 3173 Lucam,
3216 3114 3377 3168 circa.
3418 3115 3616 3169 noctis,

348 3208 626 3262 Mutilaiov
654 3210 749 3261 mi.
771 3212 865 3265 τὸν
894 3212 1131 3279 Λουκᾶν,
1167 3214 1296 3282 περὶ
1359 3214 1457 3281 τὴν
1518 3214 1792 3283 μεσότητα
1821 3214 1920 3281 τῆς

2025 3205 2309 3260 dimidium
2339 3222 2353 3269 ;
2382 3221 2506 3261 cum
2547 3207 2633 3261 ille
2664 3204 2882 3273 quidem
2916 3207 3084 3269 dicat,
3109 3204 3348 3274 Vespere
3370 3204 3593 3260 Sahhali

347 3298 545 3359 νυκτός
565 3314 577 3329 ·
597 3298 670 3361 ὡς
689 3299 778 3352 τοῦ
799 3302 896 3369 μὲν
914 3300 1183 3369 λέγοντος,
1214 3302 1360 3374 Ὀψὲ
1386 3303 1704 3357 Σαϐϐάτων
1728 3300 1919 3374 ἦλθον·

344 3390 409 3440 al
432 3388 645 3456 Μαρίαι
672 3392 754 3454 εἷς
782 3391 887 3443 τὸν
911 3391 1100 3459 τάφον
1131 3372 1350 3460 Κυρίου
1378 3392 1474 3445 καί
1499 3395 1611 3462 οὐχ
1642 3372 1829 3461 εὗρον
1851 3391 1919 3446 τὸ

346 3478 522 3548 σῶμα
551 3482 769 3535 αὐτοῦ’
802 3481 896 3535 τοῦ
940 3484 997 3536 δὲ
1028 3483 1442 3554 ὑπογράφοντος
1489 3484 1587 3554 τὴν
1646 3485 1920 3553 μεσότητα

345 3575 446 3644 τῆς
477 3574 688 3639 νυκτὸς,
716 3574 803 3627 διὰ
838 3575 931 3629 τοῦ
961 3576 1137 3631 είπεῖν
1170 3595 1184 3608 ο
1214 3576 1469 3645 Ὀρθρος
1491 3572 1784 3646 ἧνβαθὺς
1821 3577 1920 3631 ὅτε

344 3672 406 3722 ai
429 3665 765 3738 γυναῖκεςῆ
779 3672 913 3722 ιθον
936 3670 1022 3734 εἰς
1050 3669 1117 3723 τὸ
1138 3670 1450 3738 μνημεῖον.
1475 3672 1581 3723 Καὶ
1610 3669 1780 3723 ταῦτα
1820 3672 1921 3740 μὲν

346 3758 544 3821 οὕτως.
581 3760 735 3813 Εῐποι
766 3761 820 3813 δέ
851 3756 935 3823 τις
967 3761 1062 3825 ὡς,
1116 3763 1239 3814 ἐπεὶ
1289 3763 1317 3814 ὁ
1379 3760 1559 3815 κανὼν
1615 3762 1921 3832 διορίζεται

347 3854 444 3907 ἐπὶ
467 3854 644 3915 πάσας
693 3854 793 3917 τὰς
850 3853 1062 3923 ἡμέρας
1093 3854 1188 3907 τοῦ
1234 3855 1508 3926 σωτηρίου
1569 3856 1774 3918 πάθους
1830 3873 1920 3923 νη-

350 3945 563 3999 στεύειν
586 3947 753 4015 ἠμᾶς,
776 3945 1166 4013 ἀπονηστίζειν
1198 3947 1253 3998 δὲ
1283 3947 1427 3999 κατά
1448 3946 1506 3999 τὺ
1544 3948 1688 4016 μέγα
1778 3947 1921 4000 Σάϐ-

346 4038 512 4091 ϐατον
562 4039 617 4089 ἐν
650 4036 770 4107 ὥρᾳ.
801 4037 1178 4106 μεσονυκτίου,
1218 4038 1511 4108 πρόκειται
1570 4039 1627 4105 ἐξ
1676 4038 1921 4107 ἀνάγκης

346 4124 490 4180 δυοῖν
525 4127 753 4198 θάτερον
784 4130 979 4193 εἰπεῖν,
1011 4129 1043 4198 ἦ
1073 4129 1141 4181 δι’
1175 4130 1315 4182 ὅλων
1389 4130 1497 4184 τῶν
1549 4131 1777 4200 ἡμερῶν
1825 4129 1917 4182 τοῦ

346 4221 630 4288 Κυριακοῦ
686 4221 912 4285 πάθους,
947 4222 1056 4274 τῶν
1122 4221 1515 4290 ψηφιζομένων
1543 4222 1751 4293 κυρίως
1780 4223 1920 4292 μετὰ

343 4312 446 4380 τὴν
472 4313 725 4382 τετράδα,
761 4313 992 4388 καθόλου
1029 4313 1317 4382 νηστεύειν
1346 4316 1517 4383 ἡμᾶς,
1569 4316 1665 4367 καὶ
1718 4316 1921 4380 παντὸς

345 4402 647 4471 ἀπέγεσθαι
681 4402 991 4474 βρώματος,
1030 4404 1173 4457 κατὰ
1204 4405 1363 4475 μόνον
1422 4404 1478 4458 δὲ
1510 4405 1570 4457 τὸ
1638 4405 1919 4459 Σάϐϐατον

344 4494 761 4564 ἁπονηστίζειν,
797 4496 872 4557 ὡς
912 4498 1146 4566 εἴρηται,
1180 4495 1211 4564 ἣ
1243 4496 1384 4549 κατὰ
1424 4498 1484 4550 τὸ
1506 4495 1747 4550 τοιοῦτον
1774 4497 1917 4550 Σάϐ·

2022 3306 2295 3353 venerunt
2328 3297 2509 3354 Mariae
2546 3301 2611 3352 ad
2643 3299 2953 3368 sepulcrum
3011 3298 3244 3362 Domini,
3292 3307 3344 3353 et
3394 3312 3611 3366 corpus.

2019 3393 2145 3460 ejus
2178 3407 2285 3446 non
2341 3391 2776 3447 invenerunt”:
2827 3391 2917 3444 hic
2963 3406 3095 3445 vero
3134 3390 3374 3445 medium
3418 3390 3594 3445 noctis

2022 3485 2328 3549 describat,
2385 3500 2451 3541 eo
2509 3485 2654 3555 quod
2705 3485 2857 3549 dicit,
2917 3483 3045 3537 Erat
3106 3498 3382 3537 summum
3433 3498 3593 3535 mano

2023 3580 2241 3649 quando
2276 3587 2541 3632 venerunt
2569 3578 2827 3631 mulieres
2867 3578 2929 3629 ad
2983 3586 3395 3631 monumentum
3418 3575 3484 3627 “.
3532 3574 3597 3627 Et

2025 3672 2140 3725 haec
2165 3672 2383 3733 quidem
2418 3670 2490 3723 ita
2528 3686 2585 3725 se
2604 3670 2829 3724 habent.
2853 3668 3057 3722 Dixerit
3082 3676 3263 3720 autem
3297 3666 3595 3736 qnispiam,

2023 3765 2166 3833 quod
2200 3765 2459 3834 quoniam
2490 3764 2681 3817 statuit
2711 3777 2913 3827 canon,
2954 3769 3015 3815 ut
3041 3758 3297 3815 omnbus
3338 3757 3597 3813 salutaris

2024 3858 2305 3915 Passionis
2331 3858 2527 3913 diebus
2552 3856 2889 3928 jejunemus,
2922 3870 3119 3924 magno
3148 3862 3328 3908 autem
3360 3852 3598 3907 Sabhato

2020 3952 2291 4020 jejunium
2323 3951 2596 4005 solvamus
2652 3950 2717 4003 ad
2778 3948 3009 4003 mediam
3072 3955 3311 4009 noctem,
3360 3946 3590 4001 alterum

2022 4045 2256 4099 duorum
2296 4042 2610 4097 necessario
2637 4040 2925 4093 dicendum
2962 4039 3304 4108 proponitur,
3349 4041 3431 4092 vel
3462 4054 3585 4090 om-

2023 4137 2188 4191 nibus
2253 4135 2545 4188 Dominicm
2610 4132 2887 4187 Passionis
2949 4132 3164 4192 diebus,
3229 4131 3321 4200 qui
3373 4130 3595 4200 praprie

2023 4237 2144 4295 post
2202 4236 2452 4296 quartam
2514 4224 2700 4279 feriam
2768 4224 3174 4293 przeliniuntur,
3218 4237 3316 4275 nos
3369 4222 3595 4275 omnino

2018 4321 2290 4390 jejunare,
2348 4330 2400 4373 et
2462 4319 2530 4373 ab
2590 4318 2736 4371 omni
2798 4317 2921 4371 cibo
2977 4316 3255 4369 abstinere
3316 4322 3591 4383 oportere.

2024 4417 2141 4470 solo
2171 4423 2354 4469 autem
2385 4410 2639 4465 'Sabbato
2667 4409 2940 4479 jejunium
3000 4407 3233 4469 solvere,
3275 4416 3334 4459 ut
3385 4405 3593 4459 dictum

2027 4517 2132 4571 est,
2171 4507 2252 4561 vel
2282 4509 2384 4560 hoc
2410 4504 2649 4559 Sabhato
2676 4488 2851 4568 magis
2879 4500 3147 4569 jejunium
3184 4499 3397 4555 solvere
3431 4512 3593 4567 quam

345 4587 514 4641 6ατον
548 4588 1011 4657 καταλύεινήμᾶς
1078 4590 1239 4642 πλέον
1302 4589 1413 4642 τῶν
1472 4589 1646 4643 ἄλλων
1700 4591 1920 4661 ἡμερῶν

2030 4602 2152 4657 aliis
2192 4601 2388 4654 diebus
2427 4596 2686 4653 salutaris
2717 4594 2918 4649 Christi
2947 4592 3242 4649 Passionis.
3285 4590 3405 4645 Cur.
3444 4593 3591 4644 enim

345 4679 443 4730 τοῦ
474 4679 861 4751 σωτηριώδους
902 4679 1119 4743 πάθους
1150 4681 1243 4734 τοῦ
1274 4681 1536 4751 Χριστοῦ.
1596 4682 1716 4734 Ἵνα
1739 4681 1790 4734 τί
1816 4683 1925 4749 γάρ

344 4770 668 4840 ὡρίσθημεν
700 4771 845 4824 κατὰ
873 4770 1030 4825 τοῦτο
1056 4772 1443 4843 άπονηστίζειν
1475 4774 1532 4824 ὲν
1559 4773 1923 4841 μεσονυκτίῳ,

345 4864 396 4914 εἰ
452 4862 647 4933 ἐπίσης
729 4863 1014 4930 νηστεύειν
1094 4864 1364 4931 μέλλομεν
1432 4864 1575 4916 κατά
1634 4865 1733 4928 τάς
1798 4865 1924 4928 ὅλας

346 4954 849 5025 τοιαύταςήμέρας
885 4974 902 5021 ;
950 4956 1107 5023 Ἐμοὶ
1138 4956 1195 5008 δὲ
1234 4956 1383 5009 δοκεῖ
1410 4956 1492 5009 ὅτι
1531 4956 1925 5028 ὑπεξῃρημένη

346 5043 499 5095 ἐστὶν
528 5045 559 5111 ἡ
595 5044 828 5111 νηστεία
857 5042 953 5098 τοῦ
992 5046 1227 5113 μεγάλου
1261 5047 1567 5113 Σαϐϐάτου,
1601 5049 1697 5101 καὶ
1729 5066 1922 5115 προτι-

351 5135 585 5204 μότερον
612 5136 719 5189 τῶν
748 5136 921 5190 ἄλλων
953 5138 1177 5209 ἡμερῶν
1210 5138 1304 5192 τοῦ
1338 5139 1598 5208 Χριστοῦ,
1655 5141 1736 5193 ὅτι
1802 5140 1924 5193 τότε

347 5227 639 5280 κατέκειτο
661 5229 717 5280 ἐν
748 5230 825 5297 τῷ
851 5229 1008 5299 τάφῳ
1036 5230 1097 5283 τὸ
1126 5231 1459 5301 τεθεαμένον
1518 5233 1678 5300 σῶμα
1735 5231 1925 5286 αὑτοῦ.

349 5320 474 5389 Χρὴ
497 5316 587 5373 οὖν
623 5322 679 5373 ὲν
707 5323 829 5384 ταῖς
858 5321 1045 5386 ἄλλαις
1076 5323 1176 5392 μὲν
1207 5325 1443 5395 ἡμέραις
1471 5324 1759 5394 νηστεύειν
1786 5324 1926 5393 μετά

351 5411 703 5476 κατανύξεως
731 5412 820 5465 ὃιά
852 5413 920 5467 τά
972 5413 1119 5483 πάθη
1179 5416 1275 5468 τοῦ
1328 5417 1570 5486 Χριστοῦ
1650 5421 1743 5471 κτὶ
1789 5418 1924 5472 Θεοῦ

348 5502 549 5571 ἠμῶνο
608 5505 788 5574 πολλῴ
843 5506 901 5558 δὲ
961 5505 1125 5559 πλέον
1180 5509 1318 5563 νατά
1374 5510 1433 5562 τὸ
1470 5510 1771 5575 Σάϐϐατον,
1838 5512 1928 5564 ὅτε

347 5597 382 5661 ἡ
416 5595 484 5646 ὲκ
506 5594 616 5647 τῶν
636 5594 854 5664 δεσμῶν
891 5596 985 5649 τοῦ
1042 5597 1272 5652 θανάτου
1322 5601 1707 5672 ἀπολύτρωσις
1769 5602 1927 5672 ἡμῶν

346 5705 381 5743 κ
396 5686 712 5756 πηρτύετο.

426 5871 469 5906 ⁸³
506 5869 695 5933 Matth.
744 5893 929 5944 xxvnt,
964 5880 1013 5935 l.
1094 5880 1135 5913 ³⁵
1164 5875 1296 5935 Luc.
1332 5895 1480 5947 xxiv.
1517 5881 1562 5937 ίο

2022 4702 2291 4749 statutum
2328 4699 2495 4755 esset,
2550 4699 2608 4742 ut
2664 4687 2841 4742 media
2892 4685 3057 4755 hujus
3123 4692 3276 4737 nocte
3328 4682 3594 4751 jejunium

2025 4784 2324 4843 solvamus,
2350 4782 2395 4835 si
2421 4779 2678 4832 oumihus
2713 4777 2794 4830 his
2819 4776 3011 4830 dielms
3040 4773 3324 4843 mqualitcr
3344 4772 3597 4841 jcjunaro

2023 4873 2387 4929 deberemus?
2455 4870 2582 4925 Mihi
2640 4876 2823 4922 autem
2887 4865 3105 4920 videtur.
3159 4881 3278 4919 esse
3333 4865 3594 4919 eximium

2027 4968 2209 5036 magni
2246 4965 2468 5021 Sahhati
2496 4962 2791 5033 jejunium,
2824 4958 3057 5029 aliisque
3080 4958 3278 5013 Christi
3313 4957 3595 5012 Passionis

2023 5063 2219 5116 diebus
2252 5058 2632 5129 praestantius,
2670 5040 2937 5123 quoniam
2974 5064 3106 5107 tunc
3142 5052 3196 5107 in
3226 5053 3481 5120 sepulcro
3508 5051 3598 5114 ja~

2023 5155 2179 5206 cebat
2208 5167 2406 5221 corpus
2430 5151 2549 5215 ejus
2600 5146 2742 5216 quod
2777 5146 2951 5221 visum
3002 5154 3139 5200 erat.
3189 5143 3418 5221 Oportet
3460 5158 3591 5212 ergo

2026 5242 2078 5295 in
2118 5242 2240 5298 aliis
2272 5256 2490 5309 quoque
2513 5238 2708 5292 diebus
2731 5220 2979 5303 jejunare
3002 5251 3122 5289 eum
3148 5220 3595 5302 compunctione.

2028 5343 2249 5403 propter
2292 5333 2606 5386 Passionem
2655 5328 2864 5382 Christi
2915 5336 2970 5381 et
3016 5326 3106 5381 Dei
3153 5327 3375 5381 nostri:
3424 5325 3598 5379 multo

2034 5434 2218 5479 autem
2256 5424 2428 5491 magis
2456 5436 2652 5491 u‘aguo
2707 5419 2973 5492 Sabbato,
3026 5419 3245 5488 quando
3293 5414 3596 5485 redemptio

2031 5525 2211 5574 nostra
2248 5531 2277 5571 c
2309 5516 2499 5569 mortis
2536 5513 2770 5569 vinculis
2801 5512 2960 5583 263
2991 5510 3379 5565 adornabatur.
