3992 6484
518 399 622 469 HG
1775 419 1874 477 'I-‘ll
1892 420 2058 480 EOl).
2102 421 2496 483 B'ALSAMON
3648 427 3741 492 δεῖ)

593 519 886 590 Propterea
931 523 1078 578 enim
1125 536 1177 578 et
1231 526 1324 595 qui
1376 535 1504 581 sunt
1559 528 1926 599 religiosiores
1979 538 2091 582 toto

2219 573 2234 588 .
2272 534 2370 586 Διὰ
2401 531 2508 602 γὰρ
2542 532 2699 586 τοῦτο
2740 532 2834 588 καὶ
2867 533 2917 586 oi
2969 533 3352 606 εὐλαϐέστεροι
3400 537 3470 623 διῖ
3508 537 3622 591 ὅλου
3659 541 3741 592 τοῦ

527 601 788 676 Sabhato,
840 624 893 667 ct
943 629 1116 684 usque
1173 616 1239 669 ad
1295 617 1484 672 horam
1527 629 1736 675 sextam
1790 623 1990 685 noctis,
2043 602 2096 674 in

519 703 770 758 ccclesiis
811 705 1057 761 assident
1114 726 1128 762 :
1171 716 1225 763 et
1276 709 1406 763 hora
1449 719 1602 765 sexta
1650 711 1852 767 divinis
1907 728 2097 767 sacra-

524 794 726 847 mentis
754 797 1251 863 communicantes,
1284 815 1476 869 panem
1509 809 1562 855 et
1605 817 1799 869 aquam
1849 812 2092 873 gustant,

530 883 766 940 fortasse
799 895 984 940 autem
1019 897 1076 944 et
1113 891 1388 945 modicum
1437 893 1570 948 vini.
1623 893 1864 964 Septima
1909 910 2089 950 autem

521 977 657 1032 hora
723 981 1027 1035 matutinas
1103 983 1437 1050 psalmodias
1495 985 1821 1050 audientes,
1873 991 2093 1057 quando

523 1071 688 1124 etiam
725 1071 882 1138 illud,
917 1073 1176 1130 Christus
1237 1079 1562 1142 resurrexit,
1595 1079 1820 1146 dicitur,
1870 1081 2092 1136 domum

526 1175 682 1214 suam
713 1172 1082 1228 revertuntur,
1115 1167 1296 1236 magni
1332 1167 1600 1223 Dominici
1625 1185 1908 1225 sacrorum
1945 1173 2095 1226 cele-

526 1253 832 1309 brationem
889 1267 1290 1328 exspectantes.
1347 1259 1503 1326 Quod
1549 1271 1729 1317 autem
1781 1279 1812 1317 a
1867 1266 2094 1332 septima

524 1343 656 1395 hora
691 1346 894 1410 noctis,
931 1362 1051 1416 qua.
1095 1351 1325 1402 estant’e
1359 1349 1723 1415 Dominicum,
1754 1353 1945 1423 incipit
1977 1353 2095 1408 dies

531 1435 867 1500 Dominicus.
897 1439 1252 1494 manifestum
1283 1449 1364 1495 est
1387 1456 1450 1495 ex
1475 1457 1540 1496 eo
1573 1444 1714 1510 quod
1750 1452 1904 1499 ortus
1939 1445 2094 1510 solis,

524 1529 641 1581 sive
673 1527 781 1581 diei
815 1527 1161 1596 illmuinatio,
1203 1539 1284 1586 est
1335 1547 1364 1586 a
1427 1533 1656 1602 septima
1698 1535 1829 1589 hora
1880 1539 2082 1602 noctis,

518 1631 640 1683 qua:
675 1632 800 1671 eum
836 1621 1118 1688 prmcessit
1153 1639 1167 1676 :
1201 1623 1408 1678 clarum
1436 1633 1520 1680 est
1547 1639 1610 1679 ex
1652 1625 1720 1682 iis
1757 1643 1879 1696 quae
1909 1638 2094 1684 noster

527 1724 758 1778 magnus
790 1709 951 1766 Pater
969 1711 1212 1770 Joannes
1242 1715 1667 1787 Chrysostomus
1701 1719 2092 1790 interpretatus

523 1809 629 1855 est.
679 1802 974 1874 Postquam
1024 1807 1167 1861 enim
1223 1824 1285 1864 os
1335 1810 1402 1866 iis
1451 1811 1706 1874 occlusit,
1759 1814 1851 1882 qui
1902 1813 2092 1868 dicunt

520 1892 799 1949 Christum
851 1896 938 1951 die
987 1899 1150 1952 tertio
1207 1911 1315 1954 non
1374 1903 1764 1969 resurrexi‘sse,
1817 1915 1870 1960 et
1924 1907 2087 1973 dixit,

518 1987 660 2056 quod
704 1988 930 2044 etiamsi
987 1989 1198 2046 dederit
1249 1993 1520 2061 quispiam
1584 1995 1874 2050 Dominum
1929 1999 2092 2054 tertio

518 2079 606 2134 die
641 2095 750 2136 non
789 2084 1188 2151 resurrexisse,
1217 2087 1409 2156 gratia:
1439 2087 1614 2158 magis
1649 2103 1715 2144 eo
1764 2092 1989 2146 nomine
2041 2092 2090 2147 ei

517 2172 744 2239 agenda:
775 2182 928 2236 sunt,
965 2176 1110 2244 quod
1157 2176 1322 2231 etiam
1366 2189 1490 2234 ante
1539 2180 1869 2249 praeﬁnitum
1927 2184 2091 2238 trium

517 2261 731 2316 dierum
766 2269 1062 2320 terminum
1091 2266 1346 2323 Christus
1381 2273 1766 2338 resurrexerit,
1813 2290 1974 2344 quam
2009 2287 2094 2332 est

523 2355 1026 2423 reprehendendus.
1062 2355 1496 2428 Reprehenderit
1523 2362 1666 2416 enim
1732 2366 1896 2420 etiam
1965 2383 2091 2422 eum

522 2445 820 2516 quispiam,
863 2449 958 2517 qui
997 2449 1193 2505 fmuori
1247 2453 1478 2523 accepit,
1517 2456 1660 2524 quod
1703 2466 1828 2513 ante
1878 2461 2096 2529 prmsti—

519 2547 699 2590 tutum
735 2537 995 2595 solutioni
1043 2543 1335 2598 terminum
1380 2546 1624 2602 debitum
1662 2549 1908 2615 solverit,
1949 2553 2092 2622 quod

519 2637 605 2683 est
637 2629 1002 2704 absurdum;
1033 2632 1136 2688 hoc
1172 2635 1391 2704 adjicit,
1443 2639 1588 2707 quod
1639 2641 1684 2696 si
1735 2641 1785 2697 id
1839 2643 1984 2712 quod
2039 2645 2092 2700 iu

520 2735 854 2791 quacunque
888 2723 1021 2777 hora
1051 2725 1160 2781 diei
1194 2725 1275 2792 lit,
1305 2730 1398 2799 qui
1438 2744 1468 2784 a
1496 2732 1734 2802 septima
1775 2734 1908 2790 hora
1953 2751 2095 2806 prae-

520 2813 768 2870 cedentis
823 2816 1002 2872 noctis
1054 2816 1271 2889 incipit,
1305 2829 1360 2875 et
1411 2829 1568 2878 sexta
1622 2824 1757 2880 hora
1809 2828 2093 2898 sequentis

523 2906 700 2961 noctis
744 2906 968 2972 desinit,
1006 2910 1060 2964 iu
1093 2925 1162 2966 eo
1200 2911 1322 2982 ipso
1353 2913 1441 2969 die
1471 2915 1669 2971 factum
1695 2933 1817 2974 esse
1846 2921 2088 2978 videtur:

526 3007 677 3054 recte
706 2999 964 3068 dicimus,
1003 3005 1146 3073 quod
1177 3006 1264 3061 die
1298 3006 1461 3061 tertio
1515 3007 1617 3064 fuit
1670 3009 1877 3068 Christi
1909 3031 2092 3070 resur-

523 3093 716 3160 rectio,
756 3101 816 3148 ut
863 3095 981 3166 ipse
1014 3113 1142 3153 vere
1197 3109 1284 3153 est
1335 3100 1634 3170 pollicitus.
1681 3103 1738 3158 In
1793 3104 2092 3164 Parasceve

2202 629 2508 693 Σαόὄάτου,
2544 633 2639 683 καὶ
2675 628 2873 700 μέχρις
2921 629 3088 698 ἕκτης
3121 628 3269 700 ὥρας
3315 633 3415 700 τῆς
3463 633 3663 696 νυκτὸς,
3692 638 3744 688 ἐν

2200 726 2321 784 ταῖς
2355 721 2676 792 ἐκκλησίαις
2693 722 3151 792 προσεδρεύουσιο
3183 722 3277 776 καὶ
3301 723 3440 777 κατά
3475 724 3571 793 τὴν
3597 726 3753 794 ἕκτην

2201 812 2373 882 ὥραν,
2413 812 2524 865 τῶν
2583 812 2742 866 θείων
2805 813 3166 882 ἀγιασμάτων
3239 813 3741 882 μεταλαμϐάνοντες,

2199 905 2464 959 ἅπτονται
2494 905 2660 974 ἄρτου
2677 906 2774 958 καὶ
2806 904 3017 968 ὓδατος,
3045 906 3173 970 ἴσως
3199 905 3254 957 δὲ
3279 905 3372 958 καὶ
3385 907 3529 958 οτνου
3554 907 3746 971 πάντως

2204 999 2454 1067 μετρίου.
2491 997 2649 1052 Κατὰ
2683 997 2741 1050 δὲ
2769 998 2866 1066 τὴν
2891 997 3126 1068 ἐεδὸμην
3149 997 3321 1067 ὥραν,
3351 997 3633 1054 ἀκούοντες
3662 1000 3748 1067 τῆς

2200 1089 2434 1160 ἑωθινῆς
2465 1089 2767 1160 ὑμνῳδίαις,
2799 1094 2889 1144 ὅτε
2920 1093 3014 1144 καὶ
3043 1091 3125 1156 τὸ,
3171 1090 3230 1143 Ὀ
3262 1089 3496 1161 Χριστὸς
3545 1091 3744 1161 ἀνέστη.

2199 1181 2558 1248 ἐκφωνεῖται,
2596 1177 3042 1251 ὑποστρέφουσιν
3071 1183 3153 1242 είς
3200 1184 3303 1242 τὰς
3334 1182 3614 1247 κατοικίας
3659 1184 3748 1236 αὑ-

2199 1271 2309 1325 τῶν
2346 1272 2449 1340 τῆς
2505 1273 2765 1342 Μεγάλης
2794 1268 3080 1343 Κυριακῆς
3113 1273 3512 1342 ίεροτελεστίαν
3565 1275 3746 1343 ἀναμέ·

2197 1379 2401 1426 νοντες.
2439 1363 2563 1418 Ὀτι
2623 1363 2680 1416 δὲ
2730 1363 2835 1417 ἀπὸ
2888 1364 2986 1433 τῆς
3026 1360 3072 1427 ζ’
3108 1363 3256 1436 ὧρας
3309 1363 3412 1431 τῆς
3452 1365 3638 1429 νυκτὸς
3663 1368 3752 1434 τῆς

2203 1455 2312 1525 πρὸ
2344 1455 2444 1527 τῆς
2470 1456 2765 1526 Κυριακῆς
2799 1456 3032 1526 ἄρχεται
3082 1460 3114 1519 ή
3175 1459 3547 1529 κυριώνυμος,
3609 1459 3757 1529 δῆλον

2202 1547 2304 1614 μὲν
2334 1548 2428 1601 καὶ
2453 1547 2560 1601 ἀπὸ
2592 1548 2685 1601 τοῦ
2718 1548 2965 1616 γίνεσθαι
2998 1546 3097 1620 τὴν
3144 1549 3414 1604 ἀνάϐασιν
3443 1550 3534 1602 τοῦ
3594 1551 3746 1621 ἡλίου,

2197 1637 2367 1708 ἤγουν
2418 1641 2518 1709 τὴν
2581 1638 2780 1707 φαῦσιν
2819 1640 2920 1709 τῆς
2972 1641 3188 1711 ἡμέρας
3247 1641 3354 1694 ἀπὸ
3399 1645 3498 1710 τῆς
3541 1641 3584 1706 ζ’
3621 1641 3750 1712 ὥρας

2195 1730 2295 1800 τῆς
2321 1730 2429 1800 πρὸ
2460 1731 2631 1801 αὐτῆς
2659 1735 2876 1794 νυκτός.
2920 1733 3087 1802 Δῆλον
3119 1733 3175 1786 δὲ
3207 1734 3304 1787 καὶ
3337 1733 3434 1804 ἀφ’
3461 1726 3578 1787 ὧνὸ
3595 1735 3754 1804 μέγας

2119 1865 2168 1926 Β
2201 1823 2392 1893 Πατὴρ
2421 1825 2578 1894 ἡμῶν
2619 1824 2646 1876 6
2673 1825 2829 1894 ἆγιος
2884 1826 3141 1895 Ἰωάννης
3171 1828 3198 1877 ὁ
3242 1825 3631 1897 Χρυσόστομος
3665 1829 3750 1896 ἡρ-

2202 1917 2458 1986 μήνευσε.
2492 1915 2650 1970 Μετὰ
2696 1917 2803 1986 γὰρ
2858 1917 2922 1970 τὸ
2951 1918 3300 1986 ἐπιστομίσαι
3329 1920 3460 1982 τοὺς
3513 1919 3751 1986 λέγοντας

2197 2006 2275 2078 μὴ
2335 2007 2632 2077 ἀναστῆναι
2692 2008 2783 2062 τδν
2816 2009 3022 2080 Κύριον
3085 2009 3242 2079 ἡμῶν
3287 2009 3501 2080 Ἰησοῦν
3541 2009 3758 2078 Χριστὸν

2193 2101 2518 2172 τριήμερον,
2551 2103 2646 2155 καὶ
2684 2102 2861 2154 εἰπεῖν
2883 2103 2982 2166 ὡς,
3017 2105 3065 2155 εί
3101 2104 3194 2156 καὶ
3215 2103 3330 2174 δοίη
3367 2121 3457 2166 τις
3502 2103 3578 2173 μὴ
3610 2105 3752 2171 τριή-

2201 2211 2369 2264 μερον
2393 2191 2695 2264 ἀναστῆναι
2736 2194 2828 2248 τὸν
2877 2194 3106 2263 Κύριον,
3159 2194 3514 2265 εὐχαριστέον
3571 2195 3788 2272 μᾶλλόν.

2197 2285 2370 2349 ἐστιν,
2396 2285 2480 2338 ὅτι
2507 2285 2601 2338 καὶ
2638 2286 2746 2355 πρὸ
2773 2286 2872 2353 τῆς
2915 2285 3234 2355 ὁρισθείσης
3283 2285 3629 2355 προθεσμίας
3660 2285 3754 2335 τῶν

2195 2379 2365 2447 τριῶν
2390 2378 2618 2449 ἡμερῶν
2644 2380 2939 2449 ἐγήγερται
2989 2380 3017 2432 6
3059 2378 3316 2449 Χριστὸς,
3350 2382 3448 2431 καὶ
3478 2379 3536 2431 οὐ
3571 2375 3758 2446 μᾶλλον

2198 2470 2496 2525 αἰτιατέον.
2553 2470 2956 2540 Ἐπιμέμφοιτο
2983 2472 3091 2541 γάρ
3125 2488 3208 2533 τις
3239 2471 3331 2524 καὶ
3373 2471 3470 2524 τὸν
3526 2470 3753 2522 δανεισά-

2201 2578 2361 2630 μενον
2390 2559 2803 2616 καταϐάλλοντα
2825 2561 2899 2630 (ι)
2927 2561 2986 2614 τὸ
3013 2561 3173 2632 χρέος
3206 2561 3314 2633 πρὸ
3338 2561 3438 2632 τῆς
3462 2561 3750 2632 ὁρισθείσης

2201 2652 2550 2722 προθεσμίας
2591 2652 2671 2715 είς
2693 2652 3024 2720 καταϐολὴν,
3071 2654 3211 2724 ὅπερ
3266 2655 3491 2708 ἄτοπον·
3548 2652 3754 2722 προστί-

2198 2741 2355 2813 θησιν
2403 2743 2502 2808 ὡς,
2533 2743 2654 2795 ἐπεὶ
2698 2743 2757 2796 τὸ
2789 2745 2848 2795 ἐν
2889 2743 3181 2815 οῐαδήποτε
3229 2741 3351 2814 ὥρᾳ
3408 2747 3507 2811 τῆς
3563 2745 3755 2813 ἡμέρας

2196 2835 2504 2904 γινόμενον,
2560 2835 2661 2905 τῆς
2708 2834 3088 2906 ψηφιζομένης
3143 2837 3252 2890 ἀπὸ
3324 2834 3564 2905 ἑϐδόμης
3622 2833 3754 2902 ὥρας

2194 2929 2294 2999 τῆς
2324 2927 2429 2997 πρὸ
2462 2928 2636 2996 αὐτῆς
2687 2928 2904 2991 νυκτὸς,
2955 2930 3049 2983 καὶ
3083 2927 3541 2996 καταλιπούσης
3576 2929 3752 2998 μέχρις

2195 3019 2362 3088 ἕκτης
2396 3017 2547 3090 ὥρας
2584 3018 2681 3088 τῆς
2739 3020 2878 3088 μετά
2916 3019 3124 3089 ταύτην
3181 3019 3395 3082 νυκτὸς,
3436 3021 3495 3072 ἐν
3530 3019 3660 3088 αὐτῇ
3694 3020 3752 3088 τῇ

2197 3110 2379 3182 ἡμέρᾳ
2403 3110 2732 3180 γεγενῆσθαι
2778 3111 2956 3164 δοκεῖ·
3012 3111 3196 3175 καλῶς
3241 3111 3478 3180 λέγομεν
3516 3111 3590 3174 ὡς
3616 3110 3752 3180 τριή-

520 3183 666 3236 enim
703 3193 958 3243 mortuus
989 3198 1094 3256 est,
1125 3191 1220 3260 qui
1245 3200 1327 3247 eat
1362 3193 1481 3250 dies
1509 3195 1720 3265 primus
1752 3215 1765 3253 :
1792 3201 2091 3265 secundus.

2203 3220 2368 3273 μέρος
2399 3202 2629 3270 γέγονεν
2659 3203 2691 3272 ἠ
2733 3203 3033 3266 ἀνάστασις
3064 3204 3158 3256 τοῦ
3191 3204 3464 3274 Χριστοῦ,
3505 3202 3640 3257 κατὰ
3663 3201 3751 3270 τὴν

521 3271 863 3333 Sabbatum:
902 3289 957 3335 et
987 3283 1249 3352 quoniam
1290 3287 1580 3356 septimam
1638 3305 1860 3361 quoque
1902 3294 2091 3348 horam

519 3370 720 3432 noctis,
761 3387 885 3440 qua:
933 3382 1018 3427 est
1065 3383 1192 3430 ante
1248 3377 1612 3446 Dominicum,
1662 3383 1863 3454 attigit,
1922 3386 2088 3439 etiam

522 3457 838 3514 Dominicus
869 3461 1065 3517 tertius
1100 3462 1220 3518 dies
1263 3474 1505 3533 putatur.
1538 3465 1658 3522 lam
1692 3486 1822 3525 vero
1861 3481 2088 3528 sanctus

522 3549 823 3619 Gregorius
855 3549 1138 3621 Nysseuus
1176 3555 1244 3610 de
1265 3568 1460 3612 sancto
1492 3558 1700 3615 Pascha
1728 3563 1951 3629 docens,
1978 3565 2093 3621 lucc

517 3642 969 3712 dicitexpresse:
1003 3643 1246 3717 Vespera
1286 3650 1432 3704 enim
1479 3661 1620 3718 erat,
1675 3655 1896 3724 quando
1943 3674 2096 3713 mau-

517 3733 780 3789 ducatum
831 3747 918 3792 est
979 3753 1196 3794 sacrum
1245 3742 1376 3797 illud
1430 3752 1483 3798 ct
1531 3755 1779 3803 sanctum
1841 3765 2089 3820 corpus:

518 3843 680 3893 quam
714 3828 934 3898 quidem
969 3846 1250 3900 vesperam
1303 3851 1431 3893 nox.
1468 3853 1589 3907 qum
1621 3837 2090 3898 Parascevemau-

523 3918 746 3982 tccedit,
775 3922 1012 3992 excepit.
1046 3923 1400 3984 Deinde'dies
1425 3927 1756 3988 Parasceves
1783 3935 2090 3990 introducta

523 4018 683 4066 nocte
724 4011 999 4070 discissus
1036 4015 1088 4070 in
1132 4031 1294 4073 unam
1334 4031 1548 4076 noctem
1581 4033 1636 4078 et
1685 4023 1823 4080 duos
1851 4027 1971 4082 dies
2002 4044 2090 4083 re-

519 4103 763 4156 ducitur.
803 4104 1002 4160 Tribns
1035 4108 1179 4161 enim
1215 4108 1366 4166 horis
1399 4111 1621 4168 fuerunt
1649 4115 1888 4170 tenebra:
1924 4132 2092 4186 super

520 4189 834 4247 universam
872 4202 1075 4250 terram
1106 4197 1170 4252 ³³.
1204 4198 1326 4254 Haec
1360 4210 1445 4258 est
1475 4204 1621 4258 enim
1656 4205 1709 4259 in
1766 4207 1948 4262 medio
1981 4208 2091 4262 diei

518 4297 624 4333 nux
659 4282 939 4349 innovata,
971 4286 1110 4344 duas
1155 4291 1368 4347 dierum
1423 4296 1697 4352 scctiones
1756 4315 1852 4369 per
1899 4316 1958 4355 se
1999 4301 2094 4356 de-

515 4374 786 4441 scribens,
821 4376 961 4434 hanc
994 4381 1214 4448 quidem
1267 4400 1296 4438 a
1333 4402 1491 4443 mane
1542 4405 1714 4455 usque
1768 4393 1832 4447 ad
1878 4403 2089 4448 sextam

519 4469 709 4522 horam
743 4485 759 4524 :
794 4470 942 4525 illam
981 4487 1112 4529 vero
1147 4475 1217 4529 ab
1242 4477 1373 4530 hora
1407 4495 1548 4534 noua
1579 4498 1750 4552 usque
1777 4483 1846 4537 ad
1896 4498 2086 4552 vespe-

2199 3294 2366 3347 αὐτοῦ
2412 3294 2619 3364 ἀψευδῆ
2655 3295 3014 3363 ἐπαγγελίαν.
3067 3296 3222 3349 Κατὰ
3275 3297 3383 3365 γὰρ
3422 3294 3519 3366 τὴν
3581 3297 3750 3363 Παρα-

2201 3389 2401 3458 σκευὴν
2430 3386 2728 3450 ἀπέθανεν,
2763 3387 2885 3455 ἥτις
2923 3389 3040 3441 ἐστὶ
3074 3391 3263 3459 πρώτη
3291 3388 3499 3458 ἡμέρα·
3538 3387 3750 3457 δευτέρα

2197 3478 2257 3532 τὸ
2303 3478 2611 3534 Σά66ατον.
2660 3480 2772 3533 Καὶ
2814 3479 2936 3532 ἐπεὶ
2992 3479 3169 3549 ἥψατο
3217 3481 3312 3532 καὶ
3357 3480 3460 3548 τῆς
3538 3479 3753 3546 ἑόδὸμης

2198 3569 2346 3642 ὧρας
2385 3571 2485 3640 τῆς
2508 3571 2707 3635 νυκτὸς
2735 3572 2834 3640 τῆς
2862 3570 2969 3637 πρὸ
3000 3570 3102 3640 τῆς
3150 3570 3464 3642 Κυριακῆς,
3498 3567 3754 3637 λογίζεται

2198 3665 2294 3717 καὶ
2323 3666 2356 3733 ἡ
2391 3664 2648 3735 Κυριακὴ
2677 3663 2838 3734 τρίτη
2878 3661 3084 3734 ἡμέρα.
3119 3663 3185 3716 Ὃ
3219 3662 3403 3731 μέντοι
3439 3661 3596 3728 ἅγιος
3619 3660 3749 3729 Γρη-

2197 3755 2380 3824 γόριος
2409 3757 2437 3808 6
2461 3755 2685 3825 Νύσσης
2746 3755 2875 3824 περὶ
2913 3753 3010 3806 τοῦ
3068 3751 3224 3820 ἀγίου
3260 3752 3451 3822 Πάσχα
3501 3750 3753 3803 διδάσκων

2198 3845 2333 3914 φησὶ
2360 3845 2534 3899 ταῦτα
2572 3846 2775 3916 ρητῶςο
2813 3844 3057 3914 Ἐσπέρα
3088 3844 3188 3914 μὲν
3210 3843 3318 3913 γὰρ
3343 3837 3413 3913 ἦν
3438 3842 3528 3894 ὅτε
3553 3837 3752 3909 ἐϐρώθη

2197 3938 2258 3990 τὸ
2297 3937 2442 4011 ἱερὸν
2465 3940 2644 3990 ἐκεῖνο
2671 3937 2767 3990 καὶ
2794 3937 2949 4005 ἅγιον
2979 3937 3138 4005 σῶμα
3162 3952 3178 3968 ’
3207 3936 3300 4002 νὺξ
3322 3936 3379 3988 δὲ
3403 3934 3504 4005 τὴν
3531 3932 3753 4001 ἑσπέραν

2197 4029 2414 4098 ἐκείνην
2437 4030 2543 4099 πρὸ
2565 4030 2667 4098 τῆς
2700 4030 3076 4100 Πνρασκευῆς
3105 4027 3398 4092 διεδέξατο.
3430 4022 3564 4080 Εἶτα
3603 4026 3634 4094 ἠ
3664 4022 3750 4103 τῆς

2198 4121 2570 4191 Παρασκευῆς
2599 4120 2802 4191 ἡμέρα,
2840 4122 2906 4190 τῇ
2954 4119 3270 4188 ἐπεισάκτῳ
3318 4118 3478 4171 νυκτὶ
3533 4116 3751 4183 διατμη-

2197 4213 2375 4278 θεῖσα,
2413 4216 2493 4276 είς
2519 4213 2648 4282 μίαν
2683 4213 2858 4266 νύκτα
2893 4213 2989 4265 καὶ
3016 4213 3096 4274 είς
3125 4213 3338 4281 ἡμέρας
3367 4210 3463 4263 δύο
3514 4205 3747 4274 καταψηο

2196 4303 2437 4372 φίζεται.
2484 4306 2572 4356 Ἑν
2615 4304 2724 4374 γὰρ
2763 4307 2885 4368 ταῖς
2937 4306 3117 4374 τρισὶν
3144 4301 3317 4374 ὥραις
3376 4301 3596 4371 ἐγένετο
3639 4295 3752 4350 σκό-

2194 4415 2286 4461 τος
2339 4398 2432 4450 ἐπὶ
2463 4398 2646 4450 πᾶσαν
2676 4395 2775 4469 τὴν
2808 4396 3153 4466 οἰκουμένην.
3190 4395 3337 4466 Αὕτη
3371 4393 3521 4447 ἐστὶν
3556 4394 3588 4462 ἡ
3621 4389 3749 4443 κατὰ

2195 4492 2256 4545 τὸ
2281 4491 2456 4559 μέσον
2482 4491 2582 4558 τῆς
2618 4491 2834 4561 ἡμέρας
2878 4489 3340 4560 καινοτομηθείσα
3386 4488 3507 4552 νὺξ,
3552 4486 3618 4540 τὰ
3669 4484 3750 4536 δύο

514 4575 630 4613 ram
657 4579 670 4625 ;
702 4560 775 4617 ita
805 4579 863 4618 ut
894 4565 999 4619 huc
1023 4583 1197 4636 usque
1221 4568 1342 4626 dum
1374 4573 1486 4625 sint
1511 4586 1699 4630 noctes
1726 4585 1782 4630 ct
1812 4577 1921 4628 duo
1943 4576 2086 4631 dies.

2196 4582 2581 4654 τμήματαξτῶν
2603 4559 2825 4652 ἡμερῶν
2849 4581 2917 4635 δι’
2941 4559 3114 4650 αὐτῆς
3137 4580 3556 4650 ὑπογράφουσα,
3590 4578 3646 4630 τὸ
3664 4577 3751 4644 μὲν

520 4652 724 4709 Deinde
757 4655 876 4712 dies
912 4660 1273 4727 praecedentis
1307 4663 1528 4718 Sabbati
1567 4665 1722 4720 habet
1750 4677 1861 4721 tres
1900 4676 2086 4723 noctes

511 4757 564 4799 et
587 4752 698 4801 tres
720 4748 858 4804 dies.

2197 4675 2308 4728 ἀπὸ
2345 4675 2443 4745 τῆς
2487 4673 2578 4727 τοῦ
2619 4673 2819 4744 δρθρου
2867 4674 2960 4726 ἐπὶ
3021 4672 3118 4742 τὴν
3179 4673 3347 4743 ἕκτην
3407 4671 3578 4743 ὥραν,
3608 4669 3663 4721 τὸ
3700 4667 3750 4720 δὲ

2192 4766 2301 4820 ἀπὺ
2364 4765 2465 4834 τῆς
2490 4765 2720 4834 ἐννάτης
2743 4765 2892 4834 ὥρας
2920 4764 3013 4817 ἐπὶ
3045 4765 3145 4834 τὴν
3180 4764 3442 4834 ἑσπέραν*
3465 4763 3607 4815 ὥστε
3624 4754 3750 4812 εἶναι

516 4838 682 4910 μέχρι
705 4844 900 4898 τούτου
931 4845 1026 4900 δύο
1080 4849 1283 4914 νύκτας
1318 4852 1415 4904 καὶ
1465 4853 1560 4906 δύο
1592 4856 1829 4928 ἡμέρας.
1886 4853 2020 4911 Εἶτα
2062 4858 2094 4928 ἡ
2137 4861 2243 4931 πρὸ
2277 4861 2371 4916 τοῦ
2391 4861 2674 4916 Σαδδάτου
2712 4860 2900 4929 ἡμέρα
2922 4857 3035 4928 ἔχει
3064 4859 3163 4918 τὰς
3191 4855 3340 4927 τρεῖς
3409 4854 3610 4916 νύκτας
3666 4845 3752 4901 καὶ

511 4935 613 4999 τὰς
641 4939 792 5007 τρεῖς
820 4941 1057 5011 ἡμέρας.

585 5026 843 5086 ZONAR.
879 5033 1006 5090 Dies
1040 5036 1184 5104 illos,
1228 5041 1430 5107 quibus
1466 5040 1721 5100 Christus
1773 5046 1934 5104 Jesus
1979 5051 2088 5104 Do-

516 5120 701 5178 minus
731 5134 922 5180 noster
961 5128 1183 5186 dolores
1209 5135 1605 5191 acerbissimos
1660 5142 1901 5207 pertulit,
1942 5144 2088 5211 jeju-

2266 5045 2515 5100 ΖΩΝΑΡ.
2553 5043 2664 5105 τὰς
2721 5042 2817 5094 τοῦ
2872 5039 3079 5103 πάθους
3142 5038 3354 5108 ἡμέρας
3405 5037 3498 5091 τοῦ
3560 5035 3750 5101 Κυρίου

2191 5139 2349 5208 ἡμῶν
2406 5135 2581 5204 Ἰησοῦ
2629 5133 2868 5205 Χριστοῦ
2931 5137 2991 5186 ἐν
3051 5134 3273 5202 κηπεᾯ.
3326 5132 3418 5182 καὶ
3477 5126 3750 5189 rata-V55“

517 5208 626 5265 niis
656 5222 713 5265 et
757 5220 1187 5284 compunctione
1233 5239 1408 5277 canon
1470 5241 1500 5278 a
1557 5227 1806 5286 ﬁdelibus
1856 5234 2084 5304 transigi

2196 5230 2376 5283 ἀνύειν
2422 5230 2545 5291 τοὺς
2580 5227 2808 5288 πιστοὺς
2840 5228 2868 5279 6
2924 5223 3105 5278 κανὼν
3133 5226 3373 5277 ἀπαιτεῖ.
3407 5223 3495 5274 Ἐν
3534 5215 3752 5273 κατανύ-

513 5312 767 5370 oportere
794 5305 1062 5363 decernit.
1100 5311 1294 5373 Cordis
1327 5331 1457 5370 vero
1485 5324 1909 5388 compuuetione
1929 5366 1943 5389 ,
1981 5325 2087 5380 hoc

2201 5321 2277 5386 ξει
2313 5322 2365 5373 δὲ
2395 5321 2644 5389 καρδίας,
2679 5318 2823 5371 τοῦτ’
2857 5318 2994 5381 ἔστι,
3034 5317 3108 5388 μη
3141 5314 3582 5387 ὑποκεκριμένην
3612 5307 3741 5363 εἶναι

514 5402 623 5458 est,
673 5402 1100 5470 compunctione
1151 5421 1257 5460 non
1307 5408 1424 5463 fore
1475 5411 1812 5479 simulatam,
1867 5431 2089 5473 extenta

2196 5417 2288 5486 τὴν
2350 5413 2641 5477 κατάνυξιν
2681 5412 2786 5477 ἔξω
2847 5411 3008 5480 μόνον
3068 5406 3427 5477 φαινομένην,
3481 5403 3616 5458 ἀλλὰ
3663 5399 3748 5453 καὶ

584 5568 628 5598 ³³
663 5567 800 5623 Luc.
831 5584 986 5634 mu,
1022 5571 1112 5625 44.

1743 5747 1925 5807 Guill.
1975 5746 2295 5819 Deveregti
2345 5753 2532 5807 noue.

584 5861 658 5930 (ι)
727 5865 1166 5935 Δαεέισάμενςν
1229 5868 1700 5926 καταϐάλλοντα.
1773 5875 1827 5928 In
1893 5875 2078 5929 codice

2196 5877 2547 5931 ςιοιῡηςιιῐειιιυ
2584 5875 2781 5930 rectius
2818 5875 3012 5946 legitur
3046 5872 3434 5930 καταλαὸὗντει.
