3992 6484
486 358 592 421 807

1736 358 2014 419 THEOD.
2058 354 2459 415 BALSAMON
3582 361 3672 425 808

483 473 753 543 depositio
790 474 903 529 sola
937 475 1182 530 suﬁicere
1218 476 1330 532 visa
1364 476 1487 532 fuit.
1520 476 1709 567 Laicos
1753 494 1906 541 vero,
1942 479 2033 545 qui

2150 476 2192 525 δὲ
2224 472 2442 532 λαῖκοὺς
2511 469 2867 540 ἀφορίζεσθαι
2921 468 3249 540 προστάσσει
3291 469 3442 525 τοῦτο
3495 480 3677 534 ποιοῦν-

486 565 539 618 id
573 565 832 631 fecerint,
868 570 1245 637 segregatione
1280 569 1585 638 puniendus
1620 565 1742 625 esse
1777 570 2041 624 decernit.

480 657 708 714 ARIST.
754 679 771 711 ι
823 658 927 722 Qui
977 664 1294 715 meretrices
1345 663 1398 714 in
1456 664 1759 716 animarum
1816 663 2043 717 exitium

759 770 778 803 ι
815 753 984 823 cogit,
1021 762 1357 825 segregatnr.
1402 776 1419 806 ι
1456 754 1792 824 Perspicuus.

980 866 1206 921 CANON
1246 867 1551 923 LXXXVII.

492 992 510 1023 ι
546 964 956 1040 Quaamaritum
989 981 1227 1049 reliquit,
1257 991 1340 1034 cst
1370 981 1640 1043 adultera,
1670 982 1715 1036 si
1746 982 1957 1037 venerit
1980 981 2047 1035 ad

562 1089 580 1120 ι
621 1072 806 1137 alium,
840 1083 895 1125 ut
922 1074 1037 1127 vult
1065 1090 1220 1129 sacer
1250 1084 1303 1128 et
1329 1076 1546 1130 divinus
1578 1074 1830 1140 Basilius,
1862 1082 1955 1146 qui
1981 1092 2048 1132 ex

568 1181 585 1213 ι
628 1165 899 1218 Hieremia
938 1167 1198 1235 propheta
1232 1166 1335 1221 hoc
1370 1167 1572 1236 optime
1601 1166 1816 1239 collegit
1852 1184 1867 1222 :
1900 1168 2047 1238 quod

574 1272 592 1304 ι
633 1256 677 1309 si
706 1256 797 1307 alii
834 1257 950 1309 viro
986 1272 1124 1309 uxor
1153 1258 1331 1318 fuerit,
1361 1260 1424 1311 ad
1462 1259 1713 1312 maritum
1747 1276 1905 1314 suum
1939 1276 2047 1315 non

563 1363 581 1397 ι
620 1330 991 1413 convertetur,
1020 1349 1115 1402 sed
1146 1349 1369 1418 polluta,
1396 1350 1670 1425 polluetur
1699 1368 1714 1405 :
1743 1361 1794 1406 et
1816 1367 2007 1409 rursus
2032 1369 2048 1408 :

561 1450 581 1483 ι
619 1431 720 1498 Οιιὶ
752 1434 963 1489 detinet
999 1435 1324 1500 adulteram,
1362 1447 1445 1492 est
1474 1450 1528 1491 et
1561 1439 1829 1509 insipiens
1862 1453 1915 1496 et
1950 1442 2052 1496 im-

563 1543 582 1574 ‹
623 1525 765 1593 pius.
796 1524 854 1579 Si
878 1527 1061 1596 itaque
1091 1536 1285 1597 praeter
1310 1531 1573 1584 rationem
1598 1546 1627 1583 a
1648 1532 1844 1586 marito
1867 1547 2051 1590 seces-

564 1633 583 1665 ι
623 1616 764 1671 sisse
795 1631 1045 1686 appareat
1074 1660 1088 1685 ,
1121 1618 1211 1672 ille
1244 1619 1461 1689 quidem
1496 1622 1652 1675 venia
1695 1624 1889 1692 dignus
1939 1634 2046 1691 est,

468 1778 471 1783 Ι
564 1725 582 1758 ι
628 1710 739 1762 haec
786 1725 912 1762 vero
964 1725 1139 1779 poma.
1177 1710 1255 1764 Illi
1300 1722 1480 1767 autem
1523 1715 1681 1767 venia
1726 1715 1964 1782 dabitur,
1993 1726 2054 1773 ut

2146 583 2264 617 τας.
3446 610 3447 615 η

2146 583 2211 617 τα
2250 603 2264 617 .
3446 610 3447 615 η

2145 582 2369 711 ΑιξιΣΤ.
2409 676 2428 709 ι
2489 657 2547 710 Ὀ
2599 659 2849 723 συνάγων
2885 658 3090 725 πόρνας
3142 657 3231 710 ἐπ’
3275 657 3466 730 ὀλίσθῳ
3509 661 3673 734 ψυχῶν

2598 749 2939 820 ἀφορίζεται.
2985 769 3003 802 ι
3036 750 3261 818 Σαφής.
3422 752 3423 757 “

2728 859 2969 911 ΚΑΝΩΝ
3005 858 3127 916 ΠΖ’.

2154 993 2173 1026 ι
2230 974 2295 1028 Ἦ
2326 974 2700 1029 καταλιποῦσα
2736 977 2825 1031 τὸν
2852 976 3021 1046 ἄνδρα
3053 976 3303 1046 μοιχαλίς
3336 978 3497 1043 ἐστιν,
3526 981 3571 1032 εί
3605 983 3678 1034 ἐπ’

2222 1085 2241 1116 ι
2286 1066 2444 1120 ἄλλον
2469 1062 2622 1137 ἦλθε,
2650 1067 2795 1120 κατά
2819 1066 2911 1120 τὸν
2937 1066 3083 1137 ίερδν
3114 1068 3210 1119 καὶ
3244 1067 3384 1121 θεῖον
3404 1070 3679 1140 Βασίλειον,

2229 1176 2247 1207 ι
2293 1157 2358 1209 ὲκ
2384 1158 2483 1225 τῆς
2522 1155 2788 1226 Ἰερεμίου
2816 1158 3152 1228 προφητείας
3182 1158 3379 1229 ἄριστα
3399 1161 3548 1214 τοῦτο
3569 1165 3682 1216 ἀνα-

2226 1265 2245 1300 ι
2289 1246 2614 1318 λεξάμενον·
2647 1249 2731 1301 ὅτι
2765 1249 2891 1302 Ἐἀν
2921 1250 3058 1319 γυνή
3083 1250 3307 1318 γένηται
3338 1252 3488 1322 ἀνδρὶ
3510 1253 3681 1324 ἑτέρῳ,

2224 1360 2243 1391 ι
2289 1339 2391 1393 οὐκ
2446 1340 2765 1410 ἐπιστρέψει
2799 1340 2937 1411 πρὸς
2991 1340 3083 1394 τὸν
3121 1339 3291 1411 ἄνδρα
3345 1343 3527 1412 αὐτῆς,
3564 1345 3682 1398 ἀλλὰ

2229 1453 2246 1485 ι
2295 1434 2624 1503 μιαινομένη
2661 1432 3021 1503 μιανθήσεται
3048 1451 3062 1465 ·
3094 1432 3188 1486 καὶ
3209 1432 3370 1487 πάλιν
3406 1451 3420 1466 ο
3462 1435 3520 1487 Ὀ
3566 1436 3683 1505 ἔχων

2228 1544 2247 1576 ι
2293 1523 2581 1594 μοιχαλίδα
2606 1524 2796 1596 ἄφρων
2827 1524 2926 1577 κα)⁸
2961 1524 3194 1605 ἀσεϐής..
3221 1523 3285 1577 Εί
3316 1524 3409 1579 οὖν
3441 1529 3574 1596 φανῇ
3600 1527 3682 1580 τοῦ

2230 1634 2247 1668 ι
2294 1616 2483 1687 ἀνδρὸς
2521 1615 2730 1684 ἀλόγως
2749 1617 3168 1688 ἀναχωρήσασα,
3192 1617 3220 1669 ό
3251 1616 3347 1685 μὲν
3388 1617 3686 1689 συγγνώμης

2231 1728 2248 1760 ι
2291 1710 2443 1761 εστὶν
2502 1709 2651 1775 ἄξιος
2702 1708 2825 1779 ἡδὲ
2860 1708 3171 1779 ἐπιτιμίων.
3202 1708 3264 1763 Ἥ
3305 1708 3361 1761 δὲ
3413 1711 3683 1782 συγγνώμη
3782 1734 3789 1742 ί

566 1824 583 1855 ι
622 1806 882 1862 Ecclesiae
916 1810 1302 1863 communicet.
1342 1809 1449 1864 Sed
1487 1812 1531 1867 is
1558 1814 1649 1881 qui
1679 1812 1917 1885 legitime
1947 1815 2045 1871 sibi

2230 1818 2249 1851 ι
2295 1799 2468 1870 τούτῳ
2494 1798 2629 1869 πρὸς
2664 1797 2724 1851 τδ
2757 1799 3035 1851 κοινωνεῖν
3091 1799 3158 1868 τῇ
3206 1797 3498 1868 Ἐκκλησία
3546 1797 3687 1867 δοθὴ-

564 1915 583 1947 ‹
620 1897 798 1950 datam
848 1914 1071 1953 uxorem
1126 1902 1405 1970 relinquit,
1454 1916 1509 1959 et
1558 1906 1717 1960 aliam
1766 1910 1937 1975 ducit,
1982 1927 2052 1966 ex

562 2005 581 2038 ι
621 1986 834 2041 Domini
877 1992 1147 2045 sententia
1193 2002 1271 2047 est
1320 1996 1572 2049 adulterii
1615 1997 1823 2067 judicio
1873 2002 2051 2056 obno-

565 2098 584 2130 ι
623 2080 744 2132 xius
764 2080 831 2134 ".
860 2081 904 2134 A
927 2081 1178 2137 Patribus
1208 2094 1388 2138 autem
1414 2088 1615 2142 nostris
1641 2097 1901 2144 statutum
1925 2102 2050 2146 est:

566 2190 585 2223 ι
624 2181 680 2225 ιιι
721 2173 814 2242 qui
848 2183 976 2228 sunt
1010 2175 1274 2244 ejusmodi
1311 2193 1418 2231 uno
1452 2194 1598 2234 anno
1624 2180 1878 2247 deﬂeant,
1902 2184 2054 2239 bien-

568 2283 588 2314 ‹
624 2266 717 2319 ιιἰο
740 2266 988 2331 audiant,
1019 2269 1255 2322 triennio
1282 2271 1721 2340 substernantur,
1745 2284 1797 2329 et
1820 2277 2051 2346 septimo

565 2377 584 2410 ι
623 2375 746 2413 eum
776 2360 1034 2417 ﬁdelibus
1056 2366 1378 2431 consistant,
1406 2377 1460 2420 et
1487 2367 1567 2422 sic
1592 2369 1868 2425 oblatione
1898 2371 2048 2443 digni

563 2471 582 2505 ι
626 2453 953 2517 habeantur,
983 2457 1028 2510 si
1070 2472 1193 2511 cum
1231 2458 1490 2530 lacrymis
1520 2462 1898 2531 paenitentiam
1923 2480 2052 2527 ege-

563 2563 584 2596 ι
625 2544 758 2599 rint.
799 2565 820 2599 ι

557 2721 757 2781 BALS.
798 2724 1059 2784 Dominus
1095 2737 1151 2784 et
1191 2730 1336 2786 Deus
1373 2741 1560 2788 noster
1590 2731 1749 2790 Jesus
1794 2735 2049 2795 Christus

486 2814 880 2888 interrogatus,
929 2837 996 2875 an
1058 2823 1219 2876 liceat
1258 2824 1457 2877 marito
1502 2840 1720 2880 uxorem
1770 2831 1957 2897 quavis
1982 2845 2050 2885 ex

486 2926 651 2965 causa
683 2912 980 2977 dimittere,
1008 2915 1110 2969 hoc
1138 2916 1327 2978 vetuit,
1355 2916 1544 2972 dicens
1570 2935 1584 2971 :
1608 2917 1763 2983 Quod
1794 2921 1887 2989 qui
1916 2938 2051 2976 uxo-

489 3020 598 3055 rem
631 3018 784 3057 suam
816 3005 1044 3074 reliquit
1073 3018 1436 3076 praterquatn
1462 3008 1833 3066 fornicationis
1858 3028 2047 3080 causa,

484 3095 647 3165 259
672 3104 725 3150 et
751 3096 975 3151 alteram
1024 3114 1246 3153 uxorem
1295 3100 1465 3167 ducit,
1496 3103 1818 3158 mcechatur.
1863 3104 1928 3159 Et
1958 3107 2045 3161 in-

482 3190 659 3256 clytus
683 3187 978 3258 imperator
1001 3187 1364 3257 Justinianus,
1395 3194 1541 3263 leges
1567 3210 1687 3265 quae
1710 3196 1837 3250 olim
1865 3197 2044 3253 locum

487 3280 777 3343 habebant,
804 3290 858 3334 et
885 3280 1211 3352 conjugibus
1238 3286 1626 3353 permittebant
1650 3288 1903 3357 coniugia
1929 3291 2049 3347 sine

479 3370 628 3435 jnsta
656 3386 820 3424 causa
854 3373 1086 3437 solvere.
1119 3384 1173 3429 et
1200 3376 1489 3444 unicuique
1521 3378 1674 3433 alteri
1706 3379 1907 3442 dicere,
1942 3380 2050 3438 Res

487 3469 608 3515 tuas
650 3476 798 3529 gere,
842 3478 940 3530 per
977 3464 1075 3515 H7
1108 3464 1382 3518 Novellam
1417 3467 1657 3534 sustulit,
1688 3484 1808 3538 qua:
1839 3471 1941 3525 sita
1970 3482 2052 3528 est

486 3552 537 3603 in
575 3551 602 3601 7
636 3553 720 3605 tit.
768 3569 939 3608 xxvttt
989 3555 1085 3611 lib.
1137 3564 1190 3610 et
1238 3571 1434 3613 causas
1484 3570 1785 3626 enumerat,
1828 3572 2051 3633 propter

483 3655 619 3708 quas
643 3650 696 3697 et
727 3643 873 3696 solas
901 3643 1040 3698 solvi
1066 3645 1265 3700 debent
1289 3648 1650 3704 matrimonia.
1681 3649 2047 3715 Quamobrem

483 3733 566 3786 lex
595 3749 811 3803 quoque
845 3734 1107 3791 Hebraira
1141 3753 1245 3793 una
1279 3740 1493 3794 sublata
1522 3752 1628 3807 est,
1664 3759 1785 3813 quae
1809 3746 2047 3802 libellum

484 3826 693 3893 repudii
740 3828 958 3883 mittere
1006 3830 1324 3887 mulieribus
1368 3840 1423 3887 et
1469 3835 1785 3906 coniugium
1840 3841 2050 3898 solvere

484 3912 1014 3984 viris‘permittebat.
1048 3919 1458 3990 Consequenter
1487 3939 1617 3997 ergo
1647 3943 1885 3997 praesens
1915 3947 2051 4001 quo-

492 4021 600 4074 que
638 4022 814 4062 canon
844 4010 993 4076 dicit,
1024 4016 1167 4081 quod
1198 4015 1412 4083 mulier.
1444 4034 1584 4085 quae,
1613 4014 1801 4076 relicto
1831 4008 2046 4093 marito,

483 4114 608 4153 cum
642 4101 812 4154 altero
848 4103 1050 4171 polluta
1084 4103 1266 4172 fuerit,
1299 4116 1388 4163 est
1421 4110 1668 4166 adulterii
1700 4114 1916 4170 crimini
1949 4119 2048 4171 ob-

482 4189 663 4253 noxia,
715 4193 1172 4259 quemadmodum
1224 4196 1327 4251 hoc
1372 4214 1588 4270 quoque
1640 4218 1870 4274 magnus
1914 4208 2048 4263 dixit

486 4280 720 4337 Basilius
762 4284 816 4338 in
864 4284 896 4337 9
929 4301 1032 4342 suo
1069 4302 1301 4354 canone,
1333 4301 1387 4346 et
1430 4292 1493 4346 21
1533 4299 1637 4349 hoc
1678 4298 1939 4368 colligens
1981 4317 2048 4356 ex

483 4374 764 4443 prophetia
810 4374 1055 4433 Ieremia:
1100 4381 1349 4448 dicentis,
1423 4384 1479 4438 Si
1540 4388 1734 4442 mulier
1788 4407 1818 4444 a
1866 4394 2046 4450 mariti

2240 1911 2258 1943 ι
2305 1908 2480 1945 σεται.
2539 1890 2596 1945 '0
2637 1890 2817 1962 μέντοι
2847 1890 3280 1960 καταλιμπάνων
3316 1889 3410 1959 τὴν
3459 1891 3682 1958 νομίμως

2234 2004 2251 2035 ι
2302 1983 2672 2054 συναφθεῑσαν
2714 1982 2867 2054 αὑτῷ
2906 1984 3168 2052 γυναῖκα,
3219 1983 3316 2035 καὶ
3353 1981 3537 2050 ἑτέραν
3574 1984 3685 2048 ἀγό-

2231 2095 2248 2126 ι
2292 2092 2472 2145 μενος,
2509 2076 2649 2128 κατὰ
2671 2074 2767 2139 τὴν
2792 2073 2886 2127 τοῦ
2921 2074 3128 2143 Κυρίου
3168 2073 3469 2138 ἀπόφασιν,
3505 2072 3575 2142 τῷ
3600 2074 3688 2140 τῆς

2234 2187 2251 2220 ι
2303 2167 2548 2237 μοιχείας
2592 2168 2874 2220 ὑπόκειται
2908 2168 3163 2237 κρίματι.
3214 2169 3599 2221 Κεκανόνισται
3635 2165 3686 2219 δὲ

2231 2281 2247 2311 ι
2298 2261 2448 2332 παρά
2476 2262 2583 2313 τῶν
2616 2261 2875 2332 Πατέρων
2901 2260 3058 2331 ἡμῶν
3085 2260 3214 2321 τοὺς
3233 2259 3501 2324 τοιούτους
3527 2261 3687 2312 ἐνιαυ-

2234 2372 2250 2404 ι
2294 2353 2385 2406 τὸν
2418 2352 2795 2422 προσκλαίειν,
2852 2351 3061 2405 διετίαν
3104 2352 3501 2421 ἐπακροᾶσθαι,
3562 2367 3691 2420 τριε-

2231 2465 2248 2497 ι
2293 2447 2415 2500 τίαν
2450 2446 2805 2506 ὑποπίπτειν,
2843 2445 2940 2498 καὶ
2984 2444 3060 2515 τῷ
3100 2444 3316 2516 ἑϐδόμῳ
3361 2444 3688 2497 συνίστασθαι

2226 2556 2243 2587 ι
2286 2540 2400 2601 τοῖς
2444 2540 2674 2604 πιστοῖς,
2715 2530 2808 2591 καὶ
2864 2534 3005 2589 οὕτω
3059 2537 3156 2607 τῆς
3210 2536 3519 2608 προσφορᾶς
3576 2553 3692 2587 κατ-

2113 2672 2122 2713 ;
2229 2649 2248 2681 ι
2295 2629 2596 2695 αξιοῦσθαι,
2628 2632 2720 2685 ἐὰν
2778 2630 2915 2701 μετὰ
2965 2630 3211 2699 δακρύων
3268 2632 3686 2700 μετανοήσωσι.»

2220 2724 2419 2777 ΒΑΛΣ.
2467 2725 2526 2777 ’0
2556 2723 2756 2793 Κύριος
2790 2724 2884 2777 καὶ
2937 2723 3067 2786 Θεὸς
3118 2723 3280 2793 ἡμῶν
3320 2723 3521 2791 Ἰησοῦς
3569 2724 3689 2791 Χρι-

2162 2820 2286 2880 στὸς
2323 2817 2640 2887 ἐρωτηθεὶς,
2664 2818 2711 2869 εί
2737 2818 2946 2883 ἔξεστιν
2973 2815 3127 2884 ἀνδρὶ
3169 2816 3273 2885 τὴν
3299 2817 3524 2883 γυναῖκα
3566 2816 3690 2867 ἀπο-

2149 2910 2297 2964 λύειν
2328 2911 2470 2965 κατὰ
2499 2913 2682 2965 πᾶσαν
2715 2912 2917 2977 αἰτίαν,
2953 2912 3307 2979 ἀπηγόρευσε
3335 2909 3508 2973 τοῦτο,
3542 2906 3691 2960 εἰπὼν

2148 3004 2233 3057 ὅτι
2285 3002 2345 3056 Ὃ
2387 3003 2666 3067 ἀπολύσας
2718 3004 2819 3073 τὴν
2854 3005 3089 3072 γυναῖκα
3144 3001 3313 3055 αὑτοῦ
3349 3002 3501 3073 ἐκτὸς
3548 2998 3688 3065 λόγου

2151 3096 2429 3167 πορνείας,
2461 3098 2556 3150 καὶ
2597 3070 3101 3167 γαμήσαςήέτέραν,
3138 3070 3418 3166 μοιχᾶτάι.
3460 3097 3561 3148 Καὶ
3586 3097 3612 3147 ό
3638 3097 3687 3146 ἐν

2152 3186 2459 3257 βασιλεῦσιν
2474 3188 2715 3257 ἀοίδιμος
2742 3181 3109 3250 Ἰουστινιανὺς
3124 3187 3247 3248 τοὺς
3269 3186 3433 3241 πάλαι
3453 3184 3691 3256 κρατοῦν·
3774 3176 3777 3187 ’

2147 3294 2245 3340 τας
2271 3280 2487 3349 νόμους,
2516 3281 2609 3332 καὶ
2652 3278 3038 3350 ἐκχωροῦντες
3086 3282 3199 3342 τοῖς
3239 3277 3527 3349 όμοζύγοις
3554 3277 3685 3328 λύειν

2149 3372 2316 3443 χωρὶς
2349 3372 2571 3439 εὐλόγου
2625 3372 2800 3435 αἰτίας
2846 3377 2914 3425 τά
2958 3371 3436 3437 συνοικέσια,·καὶ
3488 3371 3691 3439 λέγοντα

2150 3462 2249 3514 ἕνα
2276 3462 2504 3514 ἕκαστον
2561 3461 2697 3530 πρὸς
2723 3463 2812 3514 τὸν
2843 3461 3049 3531 ἕτερον,
3118 3460 3335 3529 Πράττε
3364 3462 3430 3514 τά
3460 3459 3686 3523 σεαυτοῦ,

2151 3552 2390 3625 ἀνῄρησε
2418 3554 2504 3608 διὰ
2524 3557 2621 3625 τῆς
2650 3555 2868 3626 Νεαρᾶ;
2902 3552 3024 3625 ριξ,
3051 3553 3145 3622 τῆς
3173 3554 3432 3624 κειμένης
3488 3555 3542 3606 ἐν
3562 3552 3631 3620 τῷ
3651 3549 3688 3615 ζ’

2148 3646 2313 3716 τίτλφ
2376 3646 2471 3700 τοῦ
2519 3645 2603 3718 κη’
2637 3647 2838 3718 βιϐλίου
2871 3687 2885 3710 ,
2937 3648 3031 3700 καὶ
3080 3647 3562 3718 ἀπαριθμουμένης
3603 3648 3689 3706 τὰς

2148 3739 2326 3798 αἰτίας
2363 3738 2426 3792 δι’
2458 3739 2522 3802 ἃς
2550 3742 2639 3793 καὶ
2666 3740 2830 3809 μόνας
2863 3740 3135 3807 ὀφείλουσι
3160 3740 3384 3794 λύεσθαι
3416 3743 3479 3794 τὰ
3528 3756 3687 3792 συνοι-

2150 3834 2335 3888 κέσια.
2377 3834 2537 3887 Ὅθεν
2572 3832 2910 3905 συνανῃρέθη
2965 3834 3059 3887 καὶ
3105 3835 3133 3885 ό
3179 3834 3466 3906 Ἐὅραῖχὸς
3518 3835 3682 3901 νόμος,

2148 3925 2178 3977 ό
2210 3924 2445 3987 ἐνδιδοὺς
2467 3926 2579 3988 τοῖς
2603 3925 2827 3994 ἀνδράσι
2859 3923 3066 3994 βιϐλίον
3098 3925 3432 3978 ἀποστασίου
3470 3924 3688 3993 πέμπειν

2148 4018 2271 4079 ταῖς
2301 4015 2540 4085 γυναιξὶ,
2592 4016 2686 4070 καὶ
2711 4016 2808 4087 τὴν
2841 4015 3134 4084 ὁμοζυγίαν
3165 4016 3330 4070 λύειν.
3377 4015 3689 4076 Ἀκολούθως

2148 4104 2242 4164 οὖν
2266 4109 2361 4163 καὶ
2387 4109 2416 4161 ό
2439 4108 2629 4179 παρὼν
2658 4106 2845 4162 κανών
2862 4126 3025 4179 φησιν
3049 4110 3127 4162 ὅτι
3151 4111 3182 4179 ἡ
3216 4111 3308 4162 τὸν
3340 4109 3506 4180 ἄνδρα
3531 4125 3686 4161 κατα-

2146 4201 2379 4256 λιποῦσα
2408 4201 2568 4271 γυνὴ,
2608 4201 2703 4256 ὲάν
2736 4201 2876 4272 μετά
2914 4202 3101 4272 ἐτέρου
3136 4202 3451 4274 συμφθαρῇ,
3480 4202 3684 4253 ὑπόκει-

2150 4310 2242 4346 ται
2264 4292 2343 4363 τῷ
2379 4296 2479 4364 τῆς
2513 4293 2757 4364 μοιχείας
2799 4292 3130 4365 ἐγκλήματι,
3162 4295 3345 4358 καθὼς
3374 4295 3527 4347 τοῦτο
3556 4294 3638 4344 καὶ
3663 4292 3688 4343 ό

2153 4385 2330 4457 μέγας
2370 4385 2652 4448 Βασίλειός
2679 4402 2842 4455 φησιν
2893 4385 2950 4438 ἐν
2981 4404 3040 4439 τε
3070 4387 3148 4456 τῷ
3185 4386 3230 4438 θ’
3299 4387 3463 4439 αὑτοῦ
3517 4384 3686 4439 κανόνι

481 4467 769 4520 communi.
801 4468 924 4522 vita:
970 4473 1230 4528 societate
1261 4489 1500 4544 egressa,
1558 4494 1680 4532 cum
1720 4480 1889 4537 altero
1931 4485 2045 4551 pol-

2150 4477 2247 4530 καὶ
2267 4477 2327 4530 ὲν
2351 4476 2427 4548 τῷ
2446 4482 2555 4541 κα’,
2618 4476 3011 4549 ἀναλεξάμενος
3033 4478 3162 4532 αὐτὸ
3184 4479 3290 4531 ἀπὸ
3307 4479 3405 4549 τῆς
3438 4478 3684 4551 Ἰερεμίου

482 4558 595 4613 luta
647 4560 829 4625 fuerit,
866 4577 972 4616 non
1014 4575 1190 4633 potest
1226 4568 1293 4622 ad
1330 4572 1581 4624 maritum
1630 4587 1789 4627 suum
1821 4577 2039 4643 reverti,

2147 4569 2501 4641 προφητείας,
2528 4572 2625 4639 τῆς
2659 4569 2922 4640 λεγούσης
2941 4586 2955 4600 ο
2974 4616 2975 4621 η
2996 4571 3121 4622 Ἐάν
3143 4573 3303 4640 γυνὴ,
3348 4573 3454 4625 ἀπὸ
3483 4573 3577 4639 τῆς
3601 4575 3685 4623 ἀν-

483 4657 540 4702 ut
570 4665 689 4718 quae
722 4651 1021 4707 adulterata
1061 4655 1132 4709 sit
1155 4648 1225 4710 ”⁷.
1262 4658 1368 4713 Sed
1407 4660 1571 4714 etiam
1621 4661 1874 4719 Salomon
1905 4668 2043 4722 dixit

2150 4663 2316 4735 Βρῲας
2341 4660 2610 4731 όμοζωῖας
2654 4660 2961 4726 ἐξελθοῦσα,
2998 4663 3166 4733 ἑτέρῳ
3204 4665 3423 4734 μιανθῇ,
3483 4666 3541 4717 οὐ
3592 4662 3674 4716 δύ-

480 4843 543 4881 ea
588 4844 711 4898 quae
760 4831 920 4884 habet
963 4836 1240 4898 maritum,
1278 4840 1478 4895 stultus
1521 4852 1608 4898 est
1646 4853 1700 4898 et
1736 4845 1934 4915 impius
1972 4848 2039 4903 1".

483 4920 614 4984 Quae
643 4936 772 4989 ergo
800 4924 880 4977 sic
912 4934 994 4978 est
1030 4928 1347 4995 adulterata,
1380 4934 1606 4988 canonis
1638 4936 1815 5005 pomis
1848 4938 2042 4992 multa-

390 4755 397 4761 ο
478 4740 535 4791 in
578 4739 923 4796 Proverbiis:
957 4744 1058 4810 Qui
1095 4747 1204 4800 coit
1233 4762 1357 4803 cum
1386 4751 1648 4818 adultera,
1696 4754 1747 4808 id
1777 4765 1883 4819 est,
1916 4772 2037 4811 cum

2150 4769 2299 4808 ναται
2332 4754 2661 4823 ὑποστρέψαι
2695 4748 2945 4822 πρὸς’τὸν
2965 4748 3129 4825 ἄνδρα
3159 4757 3352 4825 αὐτῆς,
3376 4758 3450 4819 ὡς
3482 4773 3683 4825 μοιχευ-

2145 4847 2334 4901 θεῖσα·
2397 4846 2559 4903 ‘Am
2607 4847 2701 4901 καὶ
2744 4850 2772 4900 ὁ
2808 4846 3167 4917 Σαλομῶνέν
3210 4854 3327 4913 ταῖς
3373 4850 3682 4921 Παροιμίαις

2147 4937 2305 4993 εἶπεν
2343 4956 2361 4973 ο
2403 4941 2460 4992 ὐ
2512 4939 2836 5009 μιγνύμενος
2892 4941 3027 5009 μετά
3076 4943 3401 5011 μοιχαλίδος,
3454 4943 3680 4995 τουτέστι

480 5009 647 5063 bitur.
680 5011 905 5066 Maritus
940 5026 1145 5079 autem,
1184 5031 1240 5073 ιιι
1269 5021 1356 5089 qui
1398 5037 1505 5076 non
1541 5024 1849 5094 oﬂ'enderit,
1881 5031 2039 5084 venia

2150 5035 2276 5102 μετά
2298 5030 2522 5101 ἐχούσης
2547 5032 2727 5102 ἄνδρα,
2747 5034 2935 5101 ἄφρων
2959 5009 3417 5105 έστὶκαὶάσεϐής.
3440 5036 3681 5104 Τιμωρη-

482 5101 682 5169 dignus
729 5106 1065 5170 cenSehitnr,
1114 5108 1165 5162 id
1198 5119 1449 5174 est,'non
1494 5117 1767 5184 punietur.
1802 5117 1902 5184 Qui
1943 5136 2039 5175 au-

2137 5123 2359 5194 θήσεται
2389 5121 2481 5177 οὖν
2508 5125 2540 5195 ή
2570 5122 2712 5177 οὕτω
2739 5126 3072 5195 μοιχεύσασα
3106 5126 3174 5179 δι’
3203 5128 3487 5197 ἐπιτιμίων
3524 5142 3675 5178 κανο-

482 5198 588 5249 tem
618 5196 879 5267 relinquit
912 5200 1184 5269 propriam
1213 5207 1520 5276 conjugem,
1550 5219 1603 5262 et
1642 5209 1862 5264 alteram
1890 5212 2039 5268 ducit

2150 5215 2329 5272 νικῶν.
2392 5215 2451 5268 Ὀ
2503 5218 2639 5287 ἀνὴρ
2683 5217 2761 5283 δὲ,
2812 5217 2887 5279 ὼς
2941 5221 3014 5287 μὴ
3067 5219 3315 5281 πταίσας,
3364 5216 3675 5286 συγγνώμης

485 5303 732 5354 uxorem,
759 5300 818 5344 ut
850 5293 1062 5348 adulter
1089 5299 1364 5365 punietur,
1399 5316 1464 5355 ex
1498 5301 1714 5356 Domini
1747 5307 2037 5358 sententia.

2136 5303 2520 5374 ἀξιωθήσεται,
2552 5306 2829 5358 τουτέστιν
2855 5304 2954 5358 οὑκ
2988 5305 3461 5375 ὲπιτιμηθήσεται.
3501 5307 3555 5359 Ὀ
3586 5320 3674 5356 κα-

547 5462 594 5493 ²⁶
626 5463 817 5521 Matth.
849 5480 903 5529 v,
931 5465 1025 5522 56.
1101 5470 1143 5502 ”
1184 5469 1411 5539 Jerem.,
1445 5489 1527 5541 ιιι,
1567 5478 1620 5530 1.
1695 5477 1739 5507 ’⁸
1766 5480 1957 5539 Prov.,
1994 5494 2150 5544 xvnt,
2194 5481 2284 5533 22.

1686 5596 1873 5657 Guill.
1908 5600 2231 5679 Beveregii
2265 5610 2449 5662 notae.

551 5704 630 5777 (2)
652 5709 987 5794 ,Τουςέστιγ
1019 5712 1129 5794 οιύβι
1164 5713 1660 5794 ἐπι-τιμηθήσεται.
1708 5718 1831 5774 Haec
1866 5723 2021 5774 verba

2150 5737 2250 5794 uin
2272 5724 2327 5776 in
2357 5739 2458 5778 ιιιε.
2492 5701 2803 5794 Bodleiano,
2832 5727 2928 5784 sed
2963 5736 3015 5785 et
3039 5729 3096 5785 iu
3128 5728 3339 5788 Tiliano
3367 5737 3423 5786 et
3448 5729 3669 5786 editione

481 5774 539 5830 in
566 5774 754 5836 cudice
779 5781 1210 5840 Amerbacltiano
1238 5774 1613 5842 desiderantur
1644 5809 1657 5840 :
1687 5801 1744 5843 at
1776 5807 1882 5844 non
1916 5799 2034 5844 tan-

2136 5793 2206 5847 Pa
2216 5793 2425 5849 risiensi
2457 5796 2728 5867 leguntur.
