3992 6484
341 400 446 463 8θῖ
1265 407 1344 465 IN

1416 407 1535 465 AN.
1581 404 1899 463 LXXXVII
1938 405 2146 468 CONC.
2187 407 2262 466 IN
2303 409 2622 472 TRULLO.

3488 421 3518 477 8
3531 418 3589 478 Π)

338 516 698 586 ταλιμπὰνων
733 518 918 586 μέντοι
949 517 1047 587 τὴν
1083 517 1289 569 οἰκείαν
1327 517 1558 584 σύζυγον
1591 517 1685 568 καὶ
1713 517 1900 585 ἑτέραν

2016 517 2401 573 Adulterarum
2435 532 2614 576 autem
2671 535 2827 590 pmna
2873 531 2955 577 cst
2989 523 3040 576 in
3081 524 3143 576 77
3193 539 3402 581 canone
3443 530 3589 595 ejus-

338 609 610 676 ἀγόμενος
647 609 786 678 μετὰ
819 610 996 679 γάμου
1032 610 1341 672 κοινωνίαν,
1389 610 1464 670 ὡς
1513 609 1700 677 μοιχὸς
1739 624 1911 674 τιμω-

333 702 645 770 ρηθήσεται
701 703 845 754 κατὰ
893 701 993 770 τῆν
1043 702 1136 754 τοῦ
1187 701 1391 771 Κυρίου
1440 702 1736 769 ἀπόφασιν.
1786 699 1908 752 Τῶν

337 794 549 864 μοιχῶν
574 794 910 866 δὲοὲπιτίμιά
949 799 1087 848 εἰσιν
1123 798 1230 849 ἀπὸ
1271 796 1364 848 τοῦ
1394 796 1467 858 et?
1533 794 1758 855 κανόνος
1795 792 1893 846 τοῦ

2019 610 2140 664 dem
2172 615 2347 679 magni
2381 615 2577 688 Patris,
2614 630 2756 668 anno
2786 630 2896 669 uno
2927 630 3079 672 extra
3113 621 3298 688 templi
3341 623 3587 674 vestibu-

2019 706 2126 752 lum
2155 699 2372 763 deﬂere,
2399 713 2452 756 et
2483 686 2711 772 reliqua,
2737 718 2853 771 qua:
2889 704 2939 756 in
2968 721 3031 757 eo
3061 719 3270 760 canone
3297 708 3553 761 contini-ti
3572 738 3587 747 -

2017 801 2126 845 tur.
2158 791 2223 846 Et
2258 794 2369 848 lucc
2402 795 2620 863 quidem
2653 810 2853 848 canon.

334 888 506 940 αύτοῦ
544 889 778 956 μεγάλου
837 890 1050 958 Πατρός
1081 889 1140 942 τὸ
1174 888 1530 960 προσκλαίειν
1561 887 1805 940 ἐνιαυτὸν
1832 883 1933 947 ἔξω
1968 883 2061 935 τοῦ
2095 885 2352 954 προνάου,
2394 888 2486 939 καὶ
2529 891 2594 940 τὰ
2635 888 2794 942 λοιπὰ
2847 890 2914 940 τὰ
2947 891 3000 941 ὲν
3066 891 3144 959 τῷ
3187 891 3335 960 αὐτῷ
3405 895 3586 946 καίόνι

334 981 727 1052 περιεχόμενα.
764 982 873 1035 Καὶ
911 984 938 1033 ό
973 982 1070 1050 μὲν
1105 981 1281 1034 κανὼν
1318 980 1515 1033 ταῦτα.

419 1076 480 1128 ⁸0
506 1077 561 1128 δὲ
595 1076 870 1138 πολιτικὸς
893 1076 1056 1144 νόμος
1085 1077 1208 1138 τοὺς
1272 1077 1493 1145 μοιχοὺς
1553 1074 1901 1144 ἀλλοτρόπως

333 1167 580 1230 κολάζει.
607 1166 714 1218 Καὶ
761 1166 1034 1233 ἀνάγνωοι
1089 1166 1291 1236 βιϐλίον
1339 1167 1379 1230 ξ’
1430 1166 1608 1219 τίτλου
1656 1167 1734 1230 λς’
1782 1184 1907 1236 κεφ.

342 1265 452 1327 ογ’,
505 1258 892 1326 καταστρωθὲν
923 1259 1002 1320 είς
1035 1259 1132 1320 τάς
1179 1258 1475 1327 ἑρμηνείας
1515 1257 1607 1311 τοῦ
1650 1258 1691 1311 δ’
1734 1258 1828 1310 καὶ
1871 1263 1911 1308 ε’

337 1369 468 1419 κεφ.
523 1348 618 1402 τοῦ
660 1347 728 1415 ιγ’
769 1350 947 1400 τίτλον
1007 1348 1101 1400 τοῦ
1162 1351 1427 1417 παρόντος
1487 1350 1907 1417 συντάγματος*

333 1444 434 1494 καὶ
480 1443 578 1508 τὴν
603 1441 704 1510 pii,"
754 1443 848 1492 καὶ
881 1439 986 1510 ρλδ¹
1042 1441 1238 1509 νεαρὰν
1261 1440 1354 1493 τοῦ
1392 1441 1654 1511 βασιλέως
1692 1443 1912 1493 Ἰουστιο

335 1530 545 1593 νιανοῦ,
580 1531 678 1590 τὰς
734 1529 994 1597 κειμένας
1042 1531 1100 1582 ἐν
1146 1528 1222 1597 τῷ
1265 1530 1306 1593 ς’
1352 1531 1516 1600 τίτλῳ
1557 1531 1650 1582 τοῦ
1710 1529 1794 1601 κη’
1833 1530 1913 1599 βι‹

332 1623 488 1675 ὅλίου
519 1621 627 1674 τῶν
654 1620 977 1684 Βασιλικῶν,
1011 1621 1108 1673 καὶ
1135 1619 1552 1688 συνοψισθείσας
1583 1621 1662 1682 εἰς
1702 1623 1762 1672 τὸ
1797 1621 1912 1673 δια-

331 1716 540 1784 ληφθὲν
586 1715 628 1766 δ’
683 1715 776 1767 καὶ
837 1710 879 1764 ε’
943 1713 1188 1782 κεφ.καὶ
1252 1713 1350 1782 τὴν
1422 1712 1502 1782 λβ’
1568 1714 1767 1783 νεαρὰν
1816 1714 1910 1766 τοῦ

333 1806 598 1876 βασιλέως
618 1804 782 1874 κυροῦ
803 1805 1029 1866 Λέοντος
1055 1804 1146 1856 τοῦ
1167 1802 1485 1872 Φιλοσόφου,
1510 1805 1673 1874 ῥινῶν
1702 1806 1906 1875 ἐκτομῇ

329 1899 425 1949 τὸν
460 1898 646 1966 μοιχὸν
675 1896 770 1949 καὶ
800 1900 900 1965 τὴν
931 1896 1214 1966 μοιχαλίδα
1250 1894 1607 1960 κολάζουσαν,
1641 1897 1734 1948 καὶ
1794 1898 1907 1950 διο-

333 1991 626 2059 ριζομένην
656 1990 748 2041 τὸν
784 1988 881 2056 μὲν
939 1989 1107 2058 ἄνδρα
1143 1989 1244 2056 τῆς
1281 1987 1662 2060 μοιχευθείσης
1689 1990 1907 2060 κερδαί-

331 2103 444 2138 νειν
473 2083 570 2156 τὴν
597 2082 819 2155 προῖκα,
853 2083 1020 2154 αὐτὴν
1051 2083 1108 2136 δὲ
1159 2085 1218 2134 ὲν
1262 2085 1612 2154 μοναστηρίῳ
1663 2085 1908 2155 περιορί-

329 2179 544 2242 quoat,
575 2179 668 2230 καὶ
698 2178 940 2232 ἄκουσαν
990 2177 1064 2246 μὴ
1118 2175 1531 2246 ἀποκείρεσθαι.
1583 2175 1663 2229 Τά
1724 2175 1907 2244 μέντοι

329 2272 605 2339 προσόντα
633 2271 759 2333 ἴσως
782 2270 918 2339 αὐτῇ
949 2270 1248 2339 πράγματα
1273 2270 1530 2322 ἐπέκεινα
1551 2268 1648 2338 τῆς
1680 2267 1906 2336 προικὸς

327 2361 754 2429 οἰκονομεῖσθαι,
787 2359 970 2422 καθὼς
1001 2361 1138 2430 αὑτὴ
1170 2361 1203 2431 ὴ
1232 2359 1403 2429 νεαρὰ
1452 2359 1768 2428 διορίζεται.
1801 2359 1906 2426 Ση-

331 2453 568 2520 μείωσαι
596 2453 654 2504 δὲ
685 2453 765 2504 ὅτι
796 2452 906 2507 ἀπὸ
938 2452 1036 2521 μὲν
1067 2452 1160 2503 τοῦ
1189 2452 1457 2522 παρόντος
1489 2454 1711 2514 κανόνος
1737 2452 1770 2520 ή
1807 2468 1906 2502 κα-

328 2541 638 2594 ταλιποῦσα
663 2541 755 2594 τὸν
805 2541 974 2611 ἄνδρα
1007 2541 1081 2604 ὡς
1116 2542 1367 2610 μοιχαλὶς
1405 2542 1465 2594 ού
1497 2542 1805 2606 κολάζεται,
1857 2542 1906 2593 εί

329 2635 407 2703 μὴ
435 2634 570 2702 μετὰ
603 2635 792 2705 ἑτέρου
849 2635 1144 2704 συμφθαρῇ
1178 2652 1193 2668 ν
1232 2633 1340 2687 ἀπό
1371 2633 1428 2686 δὲ
1449 2635 1558 2687 τῶν
1589 2633 1906 2704 διαληφθει-

337 2729 448 2781 σῶν
483 2727 714 2799 Νεαρῶν
755 2728 940 2781 λύεται
993 2731 1054 2781 τὸ
1095 2729 1434 2782 ουνοικέσιον
1472 2729 1579 2782 ἀπὸ
1622 2728 1783 2797 μόνου
1811 2728 1902 2781 τοῦ

332 2825 514 2891 μεῖναι
535 2824 633 2892 τὴν
659 2827 892 2891 γυναῖκα
926 2822 1030 2888 ἔξω
1060 2823 1155 2893 τῆς
1194 2823 1373 2885 οἰκίας
1404 2822 1496 2875 τοῦ
1530 2822 1720 2890 ἀνδρὸς
1757 2823 1905 2892 παρὰ

328 2911 554 2983 γνώμην
577 2914 763 2976 αὑτοῦ,
798 2917 846 2965 εἰ
885 2915 958 2983 μή
995 2913 1047 2965 τί
1078 2931 1138 2980 γε
1171 2915 1333 2984 τυχὸν
1363 2913 1514 2982 παρὰ
1544 2917 1662 2976 τοῖς.
1683 2915 1900 2982 γονεῦσι

325 3008 439 3067 τοῖς
473 3007 644 3068 ἰδίοις.
675 3000 821 3075 Ἀρά
851 3006 908 3058 δὲ
930 3006 1309 3076 ἀπολελυμένη
1340 3007 1669 3074 λέγεταικαὶ
1693 3009 1725 3078 ὴ
1753 3007 1902 3077 παρὰ

325 3097 420 3148 τοῦ
453 3095 642 3166 ἀνδρὸς
676 3097 1038 3166 ἐκϐληθεῖσας
1068 3099 1280 3163 Λύσις.
1311 3099 1595 3167 Οὐδαμῶς.
1623 3101 1759 3170 Φησὶ
1792 3099 1900 3170 γὰρ

323 3192 356 3260 ἠ
400 3190 626 3261 ῥηθεῖσα
681 3190 781 3260 ριζ¹
835 3190 1026 3260 Νεαρά
1050 3192 1107 3242 ὲν
1146 3191 1305 3262 μέρει
1339 3192 1515 3245 ταῦτα
1555 3208 1568 3221 ·
1605 3193 1663 3244 Εἰ
1715 3192 1898 3261 μέντοι
1929 3220 1975 3282 c

326 3283 510 3351 συμϐῇ
555 3300 676 3337 τινα
715 3283 836 3352 δίχα
892 3284 1022 3352 μιᾶς
1082 3284 1190 3335 τῶν
1226 3285 1648 3354 προειρημένων
1710 3286 1899 3338 αἰτιῶν

323 3375 423 3442 τὴν
455 3375 648 3426 ἑαυτοῦ
673 3375 924 3445 γαμετὴν
947 3374 1040 3427 τοῦ
1072 3375 1206 3427 ἰδίου
1233 3375 1384 3426 οίκου
1427 3374 1724 3445 ὲξωθῆσαι,
1759 3374 1898 3428 ὥστε

323 3465 538 3532 ἐκείνην
575 3466 648 3534 μὴ
682 3463 910 3533 ἔχουσαν
939 3467 1138 3530 γονεῖς,
1167 3465 1300 3534 πρὸς
1319 3463 1410 3526 οὓς
1435 3463 1658 3517 δύναται
1691 3467 1894 3533 μεῖναι,

325 3555 386 3619 ἐξ
416 3556 662 3624 ἀνάγκης
695 3557 798 3620 ἔξω
832 3556 929 3624 τὴν
977 3555 1146 3608 νύκτα
1181 3556 1412 3622 διάγειν,
1449 3553 1744 3623 κελεύομεν
1789 3573 1898 3625 μη·-

321 3648 515 3716 δερ.ίαν
551 3644 688 3700 εἶναι
730 3649 807 3716 τῷ
837 3649 990 3717 ἀνδρὶ
1021 3649 1203 3702 ἄδειαν
1224 3649 1310 3699 διὰ
1341 3647 1546 3715 ταύτην
1587 3647 1688 3717 τὴν
1718 3648 1897 3701 αἰτίαν

322 3738 594 3806 διαζύγιον
629 3742 868 3810 πέμπειν
890 3743 956 3810 τῇ
987 3741 1223 3806 γυναικὶ,
1250 3739 1494 3808 διότιπερ
1513 3739 1676 3802 αὐτὸς
1703 3739 1896 3792 τούτου

323 3833 500 3894 αἴτιος
537 3833 770 3895 γίνεται.
829 3834 901 3885 Τὸ
938 3833 1124 3902 μέντοι
1157 3832 1428 3900 γραφικόν
1462 3832 1522 3884 τὸ
1551 3831 1746 3899 λέγονο
1783 3833 1896 3885 Οὐκ

324 3923 646 3993 ἐπιστρέψει
689 3925 825 3993 πρὸς
862 3924 949 3977 τὸν
1006 3924 1173 3992 ἄνδρα
1225 3923 1397 3991 αὐτῆς
1438 3925 1469 3992 ἡ
1521 3922 1893 3993 μοιχευθεῖσα,

323 4015 433 4066 νόει
469 4015 595 4086 περὶ
623 4016 810 4084 ἀνδρὸς
845 4016 920 4085 μὴ
967 4015 1209 4077 θέλοντος
1240 4014 1610 4070 ἀναλαϐέσθαι
1667 4015 1892 4086 ταύτην.

324 4108 388 4160 ΕΞ
415 4107 520 4176 γὰρ
555 4111 826 4177 συγχωρεῖ
853 4109 914 4160 τὸ
944 4107 1195 4176 ἔγκλημα
1227 4110 1254 4160 ό
1283 4107 1442 4177 ἀνὴρ,
1468 4107 1778 4183 ἀκωλύτως,
1797 4109 1894 4161 αύ-

321 4200 421 4268 τὴν
448 4198 773 4253 ἀναλάϐεται
803 4199 951 4260 ἐντὸς
983 4200 1206 4263 διετίας,
1251 4202 1393 4254 κατά
1415 4200 1510 4272 τὴν
1546 4202 1716 4272 αὐτὴν
1747 4203 1891 4255 Nea-

325 4290 443 4358 ράν.
494 4291 644 4342 Ἐπεὶ
674 4290 730 4343 δέ
769 4308 935 4360 φησιν
967 4293 993 4343 ὁ
1039 4290 1219 4344 κανὼν
1243 4291 1320 4355 ὼς
1349 4293 1531 4363 ἐκείνη
1564 4296 1596 4363 ἡ
1632 4295 1772 4362 γυνὴ
1813 4314 1894 4347 τι-

325 4385 594 4451 μωρεῖται
622 4381 696 4443 ὡς
728 4381 998 4451 μοιχαλὶς,
1027 4382 1058 4452 ἡ
1098 4383 1309 4451 ἀλόγως
1337 4385 1749 4455 ἁναχωρῆσασα
1797 4384 1893 4438 τοῦ

321 4474 536 4544 ἀνδρὸς,
560 4475 702 4526 είποι
739 4492 823 4538 τις
861 4474 935 4536 ὠς
973 4474 1123 4544 ἡτοῦ
1159 4475 1350 4545 ἀνδρὸς
1399 4475 1638 4542 εὐλόγως
1682 4479 1893 4547 ἀναχω-

2088 1068 2191 1120 Lex
2231 1080 2409 1120 autem
2455 1068 2630 1122 civilis
2665 1071 2943 1125 adulteros
2973 1072 3079 1125 alio
3108 1075 3266 1127 modo
3301 1076 3478 1142 punit.
3523 1079 3586 1130 Et

2013 1161 2128 1228 lege
2158 1161 2355 1214 librum
2388 1178 2476 1221 ω.
2509 1161 2593 1212 t't.
2633 1163 2723 1226 57,
2755 1178 2879 1232 cap.
2916 1165 2983 1219 75
3016 1166 3178 1219 situm
3227 1168 3278 1220 in
3313 1168 3587 1237 interpre-

2013 1253 2217 1305 tatione
2247 1266 2365 1320 cap.
2402 1252 2434 1304 4
2462 1263 2514 1305 et
2545 1252 2577 1305 5
2610 1255 2693 1306 tit.
2727 1255 2792 1307 15
2825 1257 3108 1323 ῃηιιεριιιίε
3143 1259 3360 1326 operis;
3399 1270 3450 1313 et
3485 1261 3584 1313 H7

2010 1348 2064 1392 et
2109 1339 2209 1390 15.1
2241 1340 2484 1395 novellas
2533 1341 2876 1408 imperatoris
2905 1340 3226 1408 Iustiniani,
3260 1349 3391 1401 sitas
3453 1348 3504 1401 in
3549 1351 3578 1400 7

2012 1432 2097 1484 tit.
2133 1448 2339 1485 xxxvm
2377 1433 2472 1486 lib.
2522 1433 2740 1488 Basilic.
2769 1420 2850 1488 ὀι
2891 1438 3212 1505 compendio
3247 1441 3494 1495 reductas
3529 1441 3582 1494 iu

2010 1522 2268 1590 pradicta
2319 1525 2496 1592 capita
2535 1524 2567 1577 4
2619 1535 2669 1579 et
2704 1526 2736 1578 5
2781 1536 2834 1580 et
2877 1525 2945 1579 52
2987 1527 3334 1596 imperatoris
3375 1532 3581 1584 domini

2009 1611 2208 1668 Leonis
2255 1613 2575 1685 Philosophi
2625 1619 2914 1680 novellam,
2951 1634 3069 1688 qua:
3105 1621 3317 1676 narium
3363 1633 3584 1677 trunca-

2014 1707 2159 1760 tione
2217 1708 2368 1776 punit
2424 1709 2730 1762 adulterum
2786 1720 2836 1764 et
2893 1713 3235 1778 adulteram,
3279 1724 3334 1768 et
3390 1718 3584 1771 statuit

2013 1798 2272 1853 adultera:
2316 1801 2534 1870 quidem
2573 1802 2827 1856 maritum
2877 1803 3078 1857 lucrari
3124 1805 3352 1870 dotem;
3409 1808 3582 1876 ipsam

2012 1899 2194 1943 autem
2238 1892 2292 1944 in
2348 1895 2675 1947 monasterio
2711 1893 2940 1960 includi,
2978 1897 3200 1950 invitam
3254 1907 3429 1952 tamen
3477 1917 3582 1953 non

2011 1978 2224 2032 tondert
2261 1995 2273 2032 :
2305 1994 2392 2034 res
2423 1990 2627 2045 autem,
2657 1996 2791 2050 quas
2821 1982 2984 2036 habet
3009 1984 3151 2037 ultra
3179 1985 3383 2051 dotem,
3411 1988 3585 2041 admi-

2011 2070 2259 2134 nistrari,
2295 2071 2753 2139 quemadmodum
2789 2075 2904 2142 ipsa
2947 2077 3154 2130 novella
3196 2081 3410 2132 statuit.
3447 2079 3580 2133 Nota

2010 2176 2162 2228 ergo,
2191 2161 2334 2229 quod
2366 2178 2430 2215 ex
2466 2165 2714 2230 przesenti
2746 2165 2963 2233 quidem
3000 2182 3208 2222 canone
3240 2186 3361 2239 qua:
3402 2172 3578 2226 virum

2011 2253 2230 2306 demisit
2281 2263 2338 2306 ut
2386 2253 2633 2309 adultera
2687 2272 2792 2310 non
2844 2259 3087 2327 punitur,
3145 2262 3246 2315 nisi
3298 2279 3418 2316 cum
3471 2266 3582 2318 alio

2011 2349 2214 2414 polluta
2249 2345 2412 2400 fuerit
2446 2364 2458 2400 :
2495 2363 2559 2402 ex
2588 2349 2862 2418 praedictis
2887 2359 3068 2406 autem
3101 2355 3325 2408 novellis
3353 2356 3581 2410 solvitur

2011 2438 2447 2504 matrimonium,
2511 2455 2574 2494 eo
2630 2442 2774 2508 quod
2837 2445 3012 2498 solum
3074 2448 3335 2502 manserit
3391 2451 3581 2502 mulier

2009 2539 2163 2584 extra
2211 2533 2432 2586 domum
2469 2533 2645 2588 mariti
2685 2545 2878 2603 praeter
2915 2537 3034 2605 ejus
3072 2537 3427 2606 voluntatem,
3474 2544 3577 2596 nisi

2011 2623 2149 2678 forte
2178 2627 2318 2695 apud
2349 2641 2479 2680 suos
2507 2637 2776 2695 parentes.
2808 2629 3082 2699 Numquid
3112 2646 3292 2687 autem
3321 2651 3381 2688 ea
3411 2638 3574 2690 etiam

2008 2717 2185 2770 soluta
2230 2719 2451 2784 dicitur,
2501 2737 2623 2790 quae
2667 2737 2696 2774 a
2747 2724 2944 2777 marito
2990 2725 3156 2792 ejecta
3191 2727 3315 2781 est?
3347 2726 3579 2782 Salutio.

2008 2803 2167 2857 Nullo
2197 2806 2356 2860 modo
2390 2825 2403 2860 :
2444 2811 2696 2876 praedicta
2736 2811 2878 2865 enim
2922 2811 3019 2866 H7
3055 2816 3263 2870 novella
3299 2817 3411 2873 haec
3442 2819 3579 2874 dicit

2009 2896 2235 2962 praecise
2267 2915 2278 2949 :
2308 2897 2403 2952 Sin
2437 2909 2616 2953 autem
2649 2902 2938 2970 centigerit
2972 2904 3204 2974 aliquem
3242 2909 3448 2978 absque
3475 2928 3578 2966 una

2010 2989 2391 3055 prredictarum
2441 3005 2729 3046 causarum
2777 3010 2998 3050 uxorem
3039 3013 3194 3052 suam
3244 3015 3307 3055 ex
3343 3006 3580 3072 propriis

2006 3081 2216 3135 aedibus
2265 3081 2580 3149 extrudere,
2631 3094 2690 3138 ut
2724 3086 2811 3140 illa
2859 3089 3097 3157 quidem,
3145 3105 3269 3145 cum
3323 3107 3576 3162 parentes

2009 3189 2114 3228 non
2168 3176 2364 3231 habeat
2403 3179 2545 3248 apud
2597 3195 2731 3246 quos
2769 3183 2942 3250 possit
2990 3199 3231 3246 manere.
3266 3193 3578 3247 necessario

2009 3262 2142 3318 l‘oris
2176 3274 2388 3320 noctem
2431 3278 2572 3337 agat,
2603 3268 2858 3336 jubemus
2891 3272 3043 3326 nullo
3075 3275 3236 3330 modo
3264 3276 3427 3334 licere
3464 3297 3579 3336 ma-

2005 3354 2110 3409 rito
2153 3367 2372 3426 propter
2401 3359 2540 3412 hanc
2572 3373 2792 3415 causam
2827 3363 3037 3417 mulieri
3083 3368 3297 3423 mittere
3333 3369 3573 3426 libellum

2003 3447 2232 3515 repudii,
2265 3453 2523 3518 quoniam
2553 3452 2668 3520 ipse
2705 3454 2866 3520 hujus
2894 3456 2968 3509 rei
2997 3471 3160 3512 causa
3187 3472 3289 3515 est.
3315 3462 3370 3516 Id
3396 3475 3573 3521 autem

2005 3542 2150 3611 quod
2193 3543 2459 3614 scriptum
2487 3545 2743 3602 estzNon
2780 3558 3079 3605 revertetur
3106 3554 3171 3607 ad
3210 3555 3381 3610 virum
3415 3573 3572 3614 suum

2002 3633 2328 3699 adulterata,
2387 3636 2630 3708 intelligo
2681 3640 2747 3694 de
2797 3641 2934 3705 viro,
2988 3646 3078 3714 qui
3133 3662 3241 3700 nou
3300 3650 3413 3704 Vult
3449 3667 3571 3706 eam

2000 3729 2243 3796 recipere
2277 3746 2291 3782 :
2328 3729 2375 3782 si
2422 3730 2503 3783 vir
2533 3732 2675 3785 enim
2724 3735 2931 3789 crimen
2968 3740 3258 3805 condonat,
3289 3757 3406 3796 eam
3451 3745 3576 3800 abs-

1998 3835 2102 3888 que
2147 3820 2257 3874 ullo
2301 3821 2687 3890 impedimento
2738 3842 2930 3882 rursus
2979 3830 3209 3900 accipiet
3245 3843 3388 3889 intra
3420 3836 3575 3892 bien-

2001 3911 2170 3976 nium,
2205 3922 2264 3966 ut
2289 3915 2400 3988 vult
2432 3917 2662 3970 novella.
2697 3918 2964 3983 Quoniam
3002 3932 3182 3979 autem
3213 3926 3345 3981 dicit
3371 3944 3569 3993 canon,

1997 4017 2114 4056 eam
2140 4020 2262 4060 esse
2286 4008 2617 4076 puniendam
2649 4011 2931 4065 mulierem
2961 4023 3218 4084 tanquam
3245 4021 3572 4091 adulteram,

1997 4110 2118 4163 qua:
2153 4111 2182 4149 a
2219 4098 2416 4151 marito
2462 4100 2662 4154 nullam
2705 4103 2777 4156 ob
2810 4118 3032 4160 causam
3075 4112 3325 4178 secessit,
3372 4113 3574 4171 dixerit.

1995 4186 2294 4255 quispiam,
2354 4188 2498 4257 quod
2539 4205 2659 4258 quze
2710 4193 2780 4245 ob
2834 4195 3212 4252 rationabilem
3260 4214 3480 4256 causam
3539 4222 3568 4256 a

1997 4279 2199 4332 marito
2229 4281 2480 4346 recessit,
2518 4297 2622 4336 non
2663 4284 2941 4352 punietur.
2977 4286 3090 4340 Non
3133 4297 3218 4343 est
3255 4304 3434 4346 autem
3468 4294 3571 4350 hoc

1997 4385 2187 4425 verum
2223 4391 2236 4427 :
2279 4389 2457 4442 neque
2492 4377 2634 4428 enim
2679 4376 3010 4444 rationabili,
3046 4396 3224 4451 neque
3260 4398 3366 4437 non
3402 4389 3559 4441 ratio-

1999 4465 2166 4520 nabili
2213 4465 2280 4520 de
2313 4482 2475 4521 causa
2520 4477 2699 4535 potest
2736 4471 2936 4524 mulier
2975 4488 3002 4525 a
3048 4475 3244 4528 marito
3288 4475 3570 4533 discedere

327 4566 540 4631 ρήσασα
568 4566 627 4618 ού
653 4567 1125 4637 τιμωρηθήσεται.
1173 4566 1287 4618 Ούκ
1321 4567 1438 4619 ἔστι
1477 4567 1530 4620 δὲ
1565 4568 1724 4620 τοῦτο
1758 4572 1893 4640 ἀλη-

2005 4560 2120 4613 sinc
2158 4560 2518 4629 permissione
2548 4562 2774 4630 judicis,
2811 4565 3266 4632 quemadmodum
3303 4568 3404 4623 hoc
3435 4571 3568 4626 dicit

323 4654 434 4715 θές.
470 4655 606 4708 Οῠτε
633 4656 739 4726 γὰρ
773 4659 910 4726 μετα
937 4657 1157 4726 εὐλόγου
1183 4658 1361 4721 αἰτίας
1394 4658 1516 4711 οὔτε
1552 4660 1689 4729 μετὰ
1719 4679 1896 4732 παραυ

323 4746 484 4812 λόγου
513 4747 741 4801 δύναται
782 4751 814 4819 ή
864 4749 1001 4820 γυνὴ
1038 4751 1344 4818 ἀναχωρεῖν
1399 4751 1508 4802 ἀπὸ
1550 4751 1643 4804 τοῦ
1703 4753 1896 4823 ἀνδρὸς

322 4837 490 4905 χωρὶς
524 4839 852 4909 δικαστικῆς
882 4841 1212 4910 ἐπιτροπῆς,
1247 4841 1429 4905 καθὼς
1474 4842 1632 4896 τοῦτό
1663 4861 1828 4911 φησιν
1865 4845 1895 4897 ὁ

323 4922 366 4978 ti'
416 4930 599 4982 κανὼν
638 4932 731 4983 τοῦ
766 4933 924 5000 ἁγίου
987 4934 1292 4999 Βασιλείου,
1338 4935 1429 4986 καὶ
1462 4934 1710 5004 διάφοροι
1765 4936 1895 4988 Ἰου-

324 5024 638 5076 στινιάνειοι
679 5025 890 5094 Νεαραὶ
919 5027 1164 5096 >.είμεναι
1193 5029 1250 5079 ἐν
1279 5027 1358 5094 τῷ
1384 5029 1428 5091 ζ’
1475 5028 1638 5097 τίτλῳ
1661 5029 1754 5081 τοῦ
1803 5037 1889 5099 κη’

326 5111 559 5180 βιϐλίου,
595 5117 716 5168 ὃθεν
759 5120 850 5170 καὶ
875 5119 942 5170 τὰ
969 5120 1062 5171 τοῦ
1094 5121 1316 5183 κανόνος
1344 5120 1634 5191 ὀφείλομεν
1663 5122 1891 5175 ἐκλαθέ-

322 5209 446 5262 σθαι
477 5212 541 5261 ὲκ
571 5213 934 5280 περιουσίας·
978 5211 1010 5279 ἢ
1053 5214 1230 5264 εἰπεῖν
1282 5213 1475 5280 ἄλογον
1545 5211 1891 5282 ἀναχώρησιν

318 5299 418 5369 τῆς
452 5302 707 5368 γυναικὸς
743 5300 881 5357 εἶναι
913 5303 1010 5375 τὴν
1039 5305 1207 5375 χωρὶς
1230 5305 1548 5375 δικαστικῆς
1589 5305 1889 5375 ἐπιτροπῆς

319 5391 519 5462 ταύτη;
573 5397 941 5466 ἀναχώρησιν.
989 5397 1288 5467 Ἑρωτήσει
1315 5398 1371 5450 δέ
1405 5416 1507 5462 τις,
1537 5399 1611 5462 ὼς
1642 5401 1748 5452 τῶν
1785 5418 1885 5451 καυ

319 5478 488 5545 γόνων
525 5484 619 5535 τοῦ
657 5486 812 5551 ἁγίου
847 5486 1148 5552 Βασιλείου,
1183 5487 1302 5557 ῆτοι
1345 5487 1439 5539 τοῦ
1469 5486 1513 5538 θ’
1535 5487 1627 5540 καὶ
1662 5488 1756 5539 τοῦ
1805 5484 1881 5540 κδ’

317 5567 584 5639 λεγόντων
617 5579 712 5647 τὴν
753 5582 850 5647 μὲν
885 5585 1118 5648 γυναῖκα
1175 5583 1346 5653 ἑτέρῳ
1407 5583 1890 5655 συμφθειρομένην

319 5666 636 5734 μοιχᾶσθαι,
670 5669 760 5721 τὸν
786 5673 840 5724 δὲ
863 5671 1030 5742 ἄνδρα
1057 5673 1176 5741 μεθ’
1202 5673 1397 5743 ἐτέρας
1441 5677 1769 5746 πορνεύοντα
1815 5679 1891 5745 μὴ

317 5761 744 5829 κατακρίνεσθαι
793 5765 878 5830 (ου
920 5767 1026 5834 γὰρ
1085 5765 1302 5835 ἔχομεν,
1365 5769 1521 5837 φησι,
1578 5769 1775 5821 κανόνα
1815 5771 1894 5839 τῷ

314 5851 412 5922 τῆς
471 5854 718 5923 μοιχείας
778 5857 939 5909 αὑτὸν
999 5859 1230 5926 ὑπάγειν
1286 5862 1642 5932 ἐγκλήματι),
1713 5862 1899 5933 πῶςὸ

594 5952 865 6015 Parnm”
907 5957 1017 6017 Gtt.
1059 5958 1413 6020 CXXXVII.

1995 4649 2027 4703 9
2057 4665 2232 4704 canon
2277 4653 2452 4706 sancti
2500 4652 2710 4719 Basilii,
2755 4663 2810 4709 et
2852 4655 3082 4711 diversre
3130 4656 3424 4716 Justiniani
3469 4681 3568 4716 no-

1997 4741 2146 4795 vell:e
2175 4743 2294 4797 sitae
2324 4745 2376 4798 in
2411 4745 2440 4796 7
2485 4746 2566 4799 tit.
2598 4762 2760 4800 xxvttt
2791 4746 2911 4812 lib.,
2941 4748 3085 4802 unde
3112 4750 3276 4804 etiatn
3302 4753 3565 4809 debemus

1993 4844 2258 4885 canoncm
2294 4848 2357 4884 ex
2401 4833 2701 4887 abundanti
2760 4835 3046 4904 accipere:
3077 4838 3159 4891 vel
3191 4837 3370 4894 dicere
3421 4842 3566 4911 inju-

1996 4930 2134 4975 stam
2168 4923 2413 4978 mulieris
2441 4925 2832 4981 discessionem
2873 4943 2994 4982 esse
3018 4927 3135 4996 ejus
3177 4929 3295 4985 sine
3317 4931 3562 4999 judiciali

1993 5014 2356 5078 permissione
2389 5031 2686 5071 recessum.
2725 5016 3015 5087 Itogaverit
3043 5029 3226 5074 autem
3265 5023 3561 5094 quispiam,

1992 5122 2116 5159 cum
2144 5123 2267 5161 can.
2299 5109 2471 5161 sancti
2493 5108 2699 5173 Basilii,
2726 5110 2758 5163 9
2779 5111 2985 5166 scilicet
3015 5123 3067 5166 et
3099 5114 3195 5179 24,
3234 5116 3418 5170 dicant
3446 5134 3564 5171 mu-

1991 5200 2178 5253 lierem
2222 5201 2441 5269 quidem
2498 5219 2618 5272 qua:
2671 5219 2795 5258 cum
2853 5205 3027 5259 altero
3072 5209 3235 5278 260
3279 5211 3562 5276 polluitur,

1993 5293 2253 5347 mmcliari
2284 5311 2296 5352 ;
2326 5294 2499 5346 virum
2545 5306 2747 5360 autem,
2796 5297 2888 5364 qui
2942 5313 3063 5352 cum
3114 5301 3218 5353 alia
3268 5311 3560 5367 scortator,

1994 5399 2100 5438 non
2142 5384 2492 5438 condemnari
2549 5386 2676 5452 (non
2721 5387 2864 5440 enim
2910 5387 3194 5456 habemus,
3224 5391 3424 5461 inquit,
3470 5408 3562 5446 ca-

1996 5490 2218 5536 noncm,
2265 5491 2373 5543 quo
2404 5490 2526 5528 eum
2570 5477 2819 5532 adulterii
2873 5480 3091 5534 crimini
3154 5483 3560 5551 subjiciainus).

1992 5568 2265 5637 quomodo
2319 5583 2560 5636 praesens
2623 5585 2799 5625 canon
2862 5572 3180 5628 indistincte
3233 5574 3387 5636 dicit,
3432 5590 3556 5628 eum

1992 5660 2082 5728 qui
2124 5660 2287 5713 aliam
2323 5662 2499 5724 duxit,
2543 5664 2792 5717 adulterii
2824 5665 3032 5734 judicio
3067 5668 3235 5721 teneri
3264 5667 3286 5720 ?
3320 5666 3551 5721 Salutio.

1995 5751 2305 5805 Dill'creutia
2335 5763 2418 5806 cst
2449 5753 2589 5806 inter
2619 5755 2818 5820 virum,
2850 5759 2938 5826 qui
2970 5773 3092 5812 cum
3120 5758 3346 5812 muliere
3368 5758 3560 5824 libera,

1998 5841 2118 5896 viva
2155 5855 2252 5896 sua
2293 5857 2480 5900 uxore.
2520 5857 2632 5896 rem
2663 5843 2932 5912 habuerit,
2964 5857 3017 5900 ct
3059 5863 3184 5900 eum
3225 5847 3319 5917 qui
3359 5848 3412 5902 in
3446 5863 3566 5902 ma-

3104 5959 3175 6020 26
