3992 6484
256 387 369 452 813

1191 382 1273 445 IN
1312 381 1476 442 CAN.
1504 376 1860 440 LXXXVIII
1900 376 2105 437 CONC.
2134 373 2219 433 IN
2257 372 2580 434 TRULLO.

3401 364 3505 437 8M

261 504 358 553 οὖν
392 501 478 553 τὴν
530 498 688 566 λόγον
721 496 813 551 καὶ
840 497 891 550 οἱ
939 495 1073 548 θεῖοι
1106 494 1351 565 Πατέρες
1414 492 1513 564 τὴν
1568 492 1828 552 ἀναιτίως

1946 490 2136 542 :Imlur.
2168 487 2235 540 Et
2264 490 2354 555 qui
2379 486 2651 540 dimissum
2677 484 2907 544 duxerit,
2939 483 3231 537 mmchalur
3253 483 3319 536 ’9.
3355 480 3507 535 IIane

260 591 678 647 καταλιποῦσαν
711 592 802 643 τὸν
836 589 1004 657 ἄνδρα
1032 590 1126 642 καὶ
1166 589 1337 657 ἑτέρῳ
1365 586 1666 655 γενομένην
1710 600 1828 654 ροι-

261 685 456 756 χαλίόα
498 683 762 736 ἐκάλεσαν
789 699 804 714 ’
845 683 989 753 ἥτις,
1047 682 1150 734 κᾶν
1203 679 1539 749 ὑποστρέψαι
1596 677 1828 747 βουληθῇ

260 782 403 844 πρὸς
431 776 520 828 τὸν
546 775 675 827 ἴδιον
704 775 893 844 ἄνδρα,
943 775 1167 836 ἄκοντος
1196 773 1360 825 αὑτοῦ
1388 774 1448 826 οὐ
1493 770 1833 841 παραδεχθή-

262 887 441 924 σεται.
480 869 793 937 Μεμίανται
856 868 986 937 γάρ.
1037 867 1106 918 'II
1173 862 1267 918 οὖν
1297 865 1509 933 ἀλόγως
1540 864 1833 934 ἀναχωρή-

263 982 409 1015 σασα
441 961 535 1015 τοῦ
586 960 795 1031 ἀνδρὸς,
821 962 985 1029 φησιν
1042 962 1069 1013 6
1129 961 1330 1021 κανὼν,
1368 958 1661 1027 ἐπιτιμίων
1682 958 1829 1023 ἀξία,

255 1057 433 1125 -ήγουν
460 1054 569 1107 τῶν
615 1056 714 1121 τῆς
760 1053 1005 1123 μοιχείας
1035 1067 1049 1080 ’
1100 1053 1126 1102 ὁ
1158 1050 1214 1103 δὲ
1250 1049 1385 1118 ἀνὴρ
1444 1065 1834 1119 συγγνωμονηο

261 1147 494 1214 Οὴσεται
520 1146 612 1195 καὶ
654 1144 1016 1213 ἀξιωθήσεται
1057 1144 1157 1212 τῆς
1209 1146 1265 1194 ἐν
1303 1141 1600 1210 Ἐκκλησία
1639 1156 1834 1192 κοινω-

262 1240 407 1300 νίας.
437 1238 601 1290 Ὥστε
633 1238 692 1301 ἐξ
719 1237 1127 1306 ἀντιδιαστολῆς
1157 1235 1394 1288 νοεῖσθαι
1423 1234 1627 1286 δίδοται
1649 1234 1750 1290 ὅτι.
1786 1232 1834 1283 ei

262 1331 360 1382 οὐκ
390 1330 598 1397 ἀλόγως
626 1327 939 1398 ἀνεχώρησε
975 1329 1069 1382 τοῦ
1095 1329 1309 1398 ἀνδρὸο,
1334 1329 1615 1397 ὲμπικραι
1637 1325 1834 1394 out-Suco

260 1423 397 1483 ἴσως
436 1423 571 1489 αὐτῇ
611 1421 759 1489 παρὰ
794 1420 856 1473 τὸ
908 1423 1206 1490 προσῆκον,
1258 1420 1291 1489 ἢ
1326 1416 1767 1485 κακουχουμένη,
1799 1414 1834 1484 ἥ

262 1530 419 1569 τινας
447 1514 632 1575 αἰτίας
669 1513 874 1583 ἔχουσα
905 1514 1055 1583 παρὰ
1105 1512 1197 1565 τοῦ
1236 1510 1428 1582 ἀνδρὸς
1462 1508 1833 1577 ἐπαγομένας,

263 1604 451 1673 ἐκείνη
481 1604 634 1657 ἕσται
664 1606 928 1669 ἀναίτιος.
964 1607 1060 1661 καὶ
1097 1606 1125 1661 ὁ
1170 1603 1310 1675 ἀνὴρ
1370 1600 1837 1671 ἐπιτιμηθήσεται

258 1694 336 1757 ὡς
374 1695 541 1756 αὐτὸς
577 1694 747 1757 αἴτιος
781 1695 879 1764 τῆς
905 1695 1180 1766 ἁμαρτίας
1210 1699 1276 1765 τῇ
1318 1694 1541 1761 γυναικὶ
1573 1689 1835 1760 γεγονώς.

275 1787 334 1842 ἈΟ
358 1786 1022 1864 μέντοιδκαταλιμπάνων,
1052 1788 1217 1858 φησὶν
1241 1789 1268 1840 6
1291 1785 1494 1853 κανὼν,
1521 1785 1620 1855 τὴν
1641 1779 1836 1836 ἑαυτοῦ

264 1880 525 1945 γυναῖκα,
560 1856 677 1932 ’καὶ
706 1880 900 1950 ἑτέραν
958 1856 1227 1950 ἀγόμενος
1283 1880 1363 1946 τῷ
1423 1878 1525 1947 τῆς
1589 1856 1911 1960 μοιχείαςΒ

266 1972 555 2027 ὑπίκειται
591 1972 820 2042 κρίματι
859 1972 1001 2026 κατὰ
1023 1974 1122 2044 τὴν
1160 1972 1257 2025 τοῦ
1296 1971 1502 2040 Κυρίου
1535 1971 1833 2038 ἀπόφασινο

266 2064 359 2123 καὶ
391 2066 521 2133 ἑξῆς
547 2066 739 2133 ἐπάγει
772 2066 931 2129 πῶςὸ
970 2066 1212 2126 τοιοῦτος
1240 2064 1707 2134 ὲπιτιμηθήσεται
1744 2060 1840 2113 καὶ

264 2156 782 2226 οἰκονομηθήσεται.
840 2154 1079 2210 Ἐοίκασι
1117 2156 1172 2209 δὲ
1204 2156 1252 2209 οἱ
1289 2157 1527 2225 Πατέρες
1567 2150 1713 2209 οὗτοι
1744 2155 1840 2206 καὶ

265 2246 644 2298 ἐναντιοῦσθαι
668 2246 745 2315 τῷ
779 2247 1002 2317 μεγάλῳ
1031 2246 1297 2316 Βασιλείῳ
1322 2262 1335 2274 ·
1374 2247 1579 2308 ἐκεῖνος
1596 2243 1704 2312 γὰρ
1742 2242 1840 2313 τὴν

268 2341 363 2407 μὲν
388 2344 630 2406 γυναῖκα
662 2342 831 2412 ἑτέρῳ
860 2344 1335 2412 συμφθειρομένην
1362 2338 1459 2393 τοῦ
1491 2340 1670 2409 γάμου
1695 2354 1844 2391 συνι-

265 2434 539 2501 σταμένου
576 2434 864 2502 μοιχαλίδα
928 2434 1103 2497 καλεῖ,
1153 2432 1248 2485 καὶ
1294 2430 1631 2500 ἀποπέμψει,
1669 2428 1837 2497 λέγει,

263 2522 478 2587 ταύτην
531 2526 640 2574 των
700 2524 868 2575 οἴκων
906 2523 1071 2576 αὐτοῦ
1107 2526 1133 2575 ὀ
1184 2525 1345 2593 ἁνήρ.
1392 2523 1456 2575 'II
1494 2522 1553 2575 δὲ
1611 2520 1749 2589 γυνὴ
1777 2520 1842 2572 ὲκ

265 2618 530 2683 πορνείας
571 2615 867 2669 ἐπανιόντα
901 2616 992 2669 τὸν
1026 2615 1196 2684 ἄνδρα
1235 2617 1407 2684 αὐτῆς
1452 2612 1839 2683 παραδέξεται.

265 2710 336 2767 06
365 2708 483 2778 γάρ
516 2707 735 2778 ἔχομεν,
778 2710 933 2777 φησι,
961 2707 1159 2761 κανόνα
1186 2708 1261 2777 τῷ
1282 2708 1379 2777 τῆς
1408 2705 1657 2777 μοιχείας
1680 2703 1841 2757 αὑτὸν

264 2801 503 2868 ὑπάγειν
529 2801 857 2870 ἐγκλήματι,
878 2801 970 2852 ἐὰν
989 2800 1069 2862 είς
1086 2800 1375 2869 ἐλευθέραν
1392 2799 1570 2866 γάμου
1595 2796 1837 2867 άμάρτῃ,

277 2890 417 2942 Ἀλλ’
456 2892 556 2942 οὐκ
583 2889 954 2944 ἐναντιοῦνται
981 2892 1031 2942 οἱ
1070 2891 1290 2952 κανόνες
1338 2889 1613 2958 αλλήλοις.
1655 2887 1713 2939 '0
1745 2888 1843 2955 μὲν

264 2987 368 3053 γὰρ
401 2983 581 3051 μέγας
623 2983 902 3045 Βασίλειος
944 2986 1074 3053 περὶ
1115 2982 1519 3055 πορνεύσαντος
1552 2982 1707 3049 λέγει
1747 2980 1841 3034 τοῦ

264 3078 450 3153 γάμου
501 3079 920 3148 συνισταμένου,
962 3078 1057 3130 καὶ⁸
1108 3076 1523 3148 συμφθαρέντος
1578 3074 1744 3145 ἑτέρᾳ
1782 3073 1841 3140 ἐξ

264 3170 461 3238 ἀνδρὸς
507 3169 809 3241 ἐλευθέρᾳο
882 3173 909 3223 6
973 3169 1031 3222 δὲ
1072 3168 1265 3240 παρὼν
1310 3167 1492 3222 κανὼν
1553 3168 1683 3238 περὶ
1747 3166 1841 3219 τοῦ

264 3261 532 3320 ἀναιτίως
572 3260 1051 3331 ἀποπεμψάμενον
1092 3259 1192 3330 τὴν
1228 3262 1466 3328 γυναῖκα
1500 3259 1687 3321 αὑτοῦ,
1744 3258 1841 3311 καὶ

262 3354 466 3423 ,ἑτέραν
506 3353 583 3417 ὼς
636 3354 777 3425 τάχα
823 3354 1054 3424 νόμιμον
1090 3353 1341 3423 γαμετὴν
1379 3350 1837 3421 είσοικισαμένου,

264 3445 320 3498 ὃν
342 3449 443 3499 καὶ
468 3450 497 3499 6
529 3445 730 3517 Κύριος
758 3447 814 3498 ὲν
841 3443 1201 3514 Εὐάγγελίοις
1236 3443 1425 3519 μοιχὸν
1445 3442 1695 3498 ἐκάλεσε.

265 3708 489 3764 ΔΡιΣΤ.
525 3726 543 3758 ι
596 3709 662 3761 ἰι
698 3684 755 3774 ἐξ
786 3707 974 3777 ἀνδρὸς
1016 3707 1102 3761 ἐπ’
1134 3706 1290 3761 ἄλλον
1331 3706 1484 3760 ἰοῦσα
1545 3707 1836 3777 μοιχαλίς’

342 3819 358 3851 ι
396 3800 497 3852 καὶ
527 3802 553 3851 ὁ
586 3800 694 3852 ἀπὸ
716 3800 974 3867 γυναικὸς
1004 3801 1091 3852 ἐπ’
1120 3800 1469 3869 citum/mari
1488 3800 1575 3852 τὸν
1608 3799 1836 3869 Κύριον,

342 3913 357 3943 ι
399 3892 606 3962 ὁμοίως
641 3892 849 3962 μοιχός.
889 3890 1118 3961 Σαρής.

866 4073 1102 4136 ΚΛΝῼΝ
1136 4074 1270 4126 IIII'.

270 4186 289 4217 ι
329 4166 534 4238 Μηδεὶς
570 4167 714 4219 ἔνδον
756 4166 901 4238 ἱεροῦ
935 4168 1065 4220 ναοῦ
1116 4168 1314 4237 κτῆνος
1343 4166 1403 4219 τὸ
1450 4167 1655 4225 οἱονοῦν
1689 4169 1840 4220 εἰσα-

342 4278 359 4311 ‹
408 4259 550 4327 γέτω
580 4275 594 4287 ·
626 4260 782 4323 ἐκτὸς
819 4263 867 4312 εί
905 4261 978 4330 μή
1047 4277 1129 4323 τις
1203 4261 1503 4330 ὁδοιπορῶν
1574 4259 1839 4330 μεγίστης

344 4372 362 4403 ι
407 4351 819 4421 καταλαϐούσης
894 4351 1139 4419 ἀνάγκης
1206 4350 1450 4402 οἰιιίσκου
1520 4352 1613 4403 καὶ
1675 4367 1842 4402 κατα-

344 4460 363 4491 (
410 4440 596 4509 γωγῆς
630 4442 853 4511 ἀπορῶν
886 4442 942 4491 ἐν
970 4441 1047 4509 τῷ
1081 4440 1306 4510 τοιούτῳ
1363 4440 1658 4494 καταλύσει
1703 4439 1838 4509 ναῷ.

346 4554 363 4583 ι
409 4536 504 4585 Δια
531 4533 637 4604 γάρ
665 4534 756 4587 τοῦ
801 4536 875 4604 μὴ
911 4534 969 4586 τὸ
1005 4538 1198 4605 κτῆνος
1234 4537 1378 4588 ἔνδον
1440 4535 1837 4605 εἰσενεχοῆναι,

346 4647 363 4676 ι
412 4628 539 4679 αὐτὸ
577 4627 674 4693 μὲν
708 4627 854 4679 ἔστιν
908 4628 995 4680 ὅτε
1061 4629 1533 4700 διαφθαρήσεται·
1568 4634 1595 4682 6
1667 4629 1722 4682 δὲ
1777 4632 1843 4698 τῇ

354 4738 371 4768 ι
425 4721 518 4771 τοῦ
550 4720 843 4789 ὑποζυγίου
876 4722 1137 4795 ονποδολῇ,
1176 4722 1365 4792 καὶτῷ
1420 4723 1672 4778 ἐντεῦθεν
1717 4724 1850 4777 ἁπό-

350 4833 367 4861 ι
415 4832 519 4880 pro;
546 4815 684 4884 ἔχειν
721 4817 816 4884 τῆς
852 4817 943 4868 ἐπὶ
968 4815 1064 4885 τὴν
1113 4816 1423 4885 ὁδοιπορίαν
1461 4817 1660 4886 ὁρμῆς,
1724 4833 1846 4868 κιν-

354 4927 371 4957 ι
413 4908 550 4978 δύνῳ
583 4910 810 4962 ϐανάῖου
864 4908 1321 4979 παραδουήσεται.
1364 4909 1467 4961 Τὸν
1495 4914 1601 4979 γὰρ
1631 4909 1844 4971 Σάϐϐα-

356 5018 373 5048 ι
415 5017 502 5051 τον
535 5001 621 5053 διὰ
648 5002 736 5052 τὸν
755 5000 1043 5071 ἄνθρωπον
1076 5001 1328 5069 γενέσθαι
1366 5001 1800 5072 ὲκδεδασκόμεθα
1831 5018 1845 5032 '

347 5111 370 5150 ,ι
411 5092 551 5144 ὥστε
575 5094 660 5145 διὰ
694 5096 906 5145 πάντων
938 5097 1312 5164 προτιμητέαν
1354 5094 1606 5163 ἡγεῖσθαι
1633 5095 1729 5165 τὴν
1756 5095 1851 5147 τοῦ

358 5208 376 5238 ι
416 5189 704 5260 ἀνθρώπου
740 5192 1015 5261 σωτηρίαν
1065 5209 1123 5243 τε
1178 5196 1272 5245 καὶ
1331 5192 1623 5248 ἀπάθειαν.
1676 5193 1737 5245 Εἰ
1797 5193 1853 5246 δέ

360 5302 378 5334 ι
413 5301 488 5345 τις
520 5286 801 5354 φωραθείη
836 5291 1004 5355 χωρ’.ς
1042 5287 1309 5356 ἀνάγκης,
1338 5288 1411 5350 ὡς
1457 5286 1695 5357 εἴρηται,
1722 5287 1852 5354 κτῆ-

359 5394 381 5427 :
419 5394 505 5441 νος
539 5380 774 5446 εἰσάγων
800 5382 879 5441 είς
936 5380 1099 5450 ίερῦν,
1164 5381 1213 5432 εἰ
1269 5380 1368 5449 μὲν
1430 5380 1688 5449 κληρικδς
1739 5380 1845 5449 είή,

368 5486 387 5517 ι
420 5469 803 5541 καθαιρείσθω.
839 5472 963 5525 εἰδὲ
999 5474 1209 5538 λαῖκὸς,
1267 5473 1635 5543 άφοριζέσοω.

360 5560 550 5616 ΒΛΛΣ.
590 5540 681 5625 Ὡς
703 5564 867 5630 ἔοικε,
895 5565 1095 5636 συνέϐη
1126 5566 1258 5618 ποτὲ
1288 5540 1344 5619 ἐν
1382 5540 1701 5639 δριμυτάτῳ
1740 5585 1853 5638 χει·
1882 5540 1897 5549 κ

294 5652 430 5721 Irim
470 5656 768 5710 καταλῦσαί
804 5676 955 5721 τινας
1019 5661 1098 5721 είς
1152 5661 1280 5713 ναὸν
1340 5663 1747 5733 παρακείμενον
1796 5667 1854 5717 ὲν

372 5841 417 5879 ⁸9
456 5843 636 5897 Matth.
668 5859 777 5908 xix,
812 5847 867 5910 9,
902 5848 987 5905 10.

1934 583 2100 650 igitur
2132 583 2397 633 ratioaem
2426 579 2595 635 divini
2628 594 2849 648 quoque
2877 577 3071 636 Patres
3100 577 3273 632 secuti
3310 578 3505 629 mulie-

1935 689 2070 738 rem,
2103 688 2225 742 qua:
2270 673 2390 725 sine
2429 685 2594 724 causa
2647 670 2838 725 relicto
2867 672 2986 723 viro
3029 668 3183 723 alteri
3234 671 3503 736 nupserit,

1933 767 2235 820 adulteram
2264 779 2532 818 vocavere
2557 781 2570 817 :
2599 778 2719 833 quae
2745 763 2963 833 quidem
2994 762 3206 818 etiamsi
3237 762 3304 816 ad
3332 762 3507 814 virum

1933 873 2093 914 suum
2144 859 2343 912 reverti
2393 865 2582 925 postea
2614 857 2760 917 velit,
2814 870 3160 925 nequaquam
3211 854 3382 908 invito
3416 855 3508 907 illo

1935 951 2259 1021 excipietur.
2296 948 2510 1003 Polluta
2550 957 2634 1005 est
2686 950 2853 1003 enim.
2901 949 3033 1016 Quae
3083 948 3249 1017 igitur
3293 947 3507 1009 mulier,

1937 1042 2117 1114 inquit
2148 1058 2346 1105 canon,
2382 1058 2411 1094 a
2441 1044 2559 1095 viro
2592 1042 2799 1111 abSque
2831 1056 2995 1095 causa
3022 1041 3277 1103 secessit,
3308 1041 3508 1108 pmuis,

1935 1137 2007 1192 iis
2058 1134 2317 1190 nimirum
2374 1149 2495 1203 qure
2543 1134 2596 1187 in
2651 1135 2930 1188 adulteros
2991 1135 3302 1189 constitutm
3356 1143 3508 1191 smn,

1938 1226 2260 1280 multabitur
2293 1243 2306 1278 :
2344 1227 2463 1280 viro
2494 1234 2673 1279 autem
2725 1226 2963 1295 ignosci,
3012 1234 3066 1280 rt
3105 1242 3248 1288 eam,
3288 1241 3407 1293 qua:
3454 1226 3507 1277 in

1938 1315 2178 1371 Ecclesia
2214 1325 2324 1382 est,
2351 1317 2791 1371 communionem
2824 1318 3050 1371 concedi
3085 1320 3280 1385 placet.
3300 1317 3378 1370 Ex
3402 1333 3511 1385 quo

1937 1420 2129 1465 contra
2185 1410 2411 1480 intelligi
2467 1410 2611 1479 licet,
2660 1424 2782 1479 qua:
2832 1424 2941 1463 non
2989 1418 3190 1463 temere
3234 1423 3352 1463 sca
3394 1410 3511 1460 νίιύ

1939 1502 2271 1571 abjunxerit,
2327 1503 2420 1556 sed
2474 1509 2569 1555 aut
2624 1503 2770 1556 illius
2810 1502 2981 1558 nimia
3029 1500 3369 1563 morositate,
3419 1513 3514 1553 aut

1940 1593 2160 1663 injuriis
2210 1595 2375 1657 victa,
2424 1601 2518 1646 aut
2556 1594 2678 1649 aliis
2736 1595 2911 1648 modis
2960 1594 3028 1647 ab
3062 1594 3250 1648 eodem
3300 1594 3512 1646 irritata

1941 1688 2280 1753 discesserit,
2330 1687 2477 1741 illam
2530 1696 2684 1740 extra
2725 1688 2939 1756 culpam
2992 1686 3127 1748 fore,
3183 1687 3276 1741 sed
3313 1701 3345 1740 a
3397 1688 3513 1741 viro

1942 1795 2155 1850 ptenas.
2189 1781 2392 1851 quippe
2422 1780 2515 1851 qui
2545 1781 2717 1849 culpa:
2747 1796 2968 1842 causam
3011 1779 3169 1834 uxori
3201 1781 3514 1850 praebuerit,

1939 1876 2260 1946 exigendas.
2296 1875 2397 1941 Qui
2432 1889 2584 1939 vero,
2637 1875 2810 1943 inquit
2841 1878 3043 1939 canon,
3073 1889 3244 1928 uxore
3285 1874 3512 1929 dimissa

1941 1972 2104 2025 aliam
2155 1971 2392 2035 duxerit,
2454 1969 2714 2024 adulterii
2772 1983 2900 2024 reus
2960 1984 3025 2025 ex
3074 1969 3247 2035 ipsius
3301 1968 3511 2023 Domini

1941 2064 2121 2119 verbis
2146 2062 2549 2117 existimabitur
2576 2077 2593 2115 ς
2619 2061 2853 2129 indeque
2876 2075 2982 2129 qua
3012 2075 3170 2129 pruna
3199 2058 3323 2116 talis
3352 2059 3518 2112 homo

1943 2149 2258 2217 multandus
2291 2154 2381 2219 sit,
2434 2152 2674 2222 quidque
2721 2166 2844 2206 cum
2895 2167 2960 2206 eo
3010 2151 3303 2221 agendum,
3338 2167 3515 2205 canon

1943 2250 2185 2304 disserit.
2242 2248 2497 2314 Quinimo
2545 2248 2845 2317 pugnantia
2902 2261 3026 2300 cum
3068 2261 3267 2317 magno
3314 2247 3518 2300 Basilio

1943 2343 2218 2405 aﬂirmare
2264 2344 2367 2398 hoc
2413 2343 2530 2396 loco
2560 2342 2751 2402 Patres
2776 2340 3051 2401 videntur.
3086 2338 3221 2392 Nam
3252 2339 3297 2393 is
3328 2340 3518 2394 mulie-

1943 2446 2060 2484 rem
2119 2432 2362 2500 quidem,
2424 2448 2546 2500 quae
2603 2440 2890 2486 contracto
2940 2430 3257 2499 nuptiarum
3310 2428 3520 2484 foedere

1944 2539 2066 2577 cum
2093 2523 2203 2577 alio
2230 2523 2346 2577 viro
2371 2539 2485 2577 rem
2521 2522 2796 2584 habuerit,
2825 2522 2984 2592 261
3014 2520 3319 2576 adulteram
3341 2531 3518 2584 vocat,

1945 2631 2176 2686 eamque
2210 2619 2461 2681 maritus,
2492 2617 2693 2685 inquit,
2725 2630 2753 2669 a
2794 2616 2909 2670 suis
2940 2614 3151 2670 aedibus
3182 2614 3519 2668 amandabit.

1948 2706 2335 2769 Verumtamen
2378 2723 2441 2762 ex
2492 2708 2855 2762 fornicatione
2892 2707 3210 2761 redeuutem
3264 2707 3520 2760 maritum

1949 2817 2105 2857 suum
2152 2817 2292 2856 uxor
2338 2800 2592 2871 excipiet.
2633 2799 2828 2854 Nullus
2874 2802 3046 2860 enim,
3096 2799 3297 2868 inquit,
3342 2807 3523 2852 exstat

1948 2908 2146 2959 canon,
2183 2893 2337 2963 cujus
2370 2894 2700 2948 auctoritate
2763 2893 2855 2963 qui
2901 2907 3023 2946 cum
3066 2891 3246 2944 soluta
3294 2890 3521 2945 muliere

1948 2987 2210 3057 peccarit,
2240 2985 2501 3047 adulterii
2534 3000 2662 3043 reus
2692 2986 2776 3054 agi
2809 2991 2992 3053 queat.
3031 2981 3139 3037 Sed
3171 2982 3321 3036 nullo
3356 2981 3521 3035 modo

1948 3082 2096 3135 inter
2120 3096 2180 3136 se
2209 3081 2265 3134 bi
2302 3094 2543 3134 canones
2573 3085 2836 3149 pugnant.
2867 3076 3001 3131 Nam
3040 3089 3268 3145 magnus
3300 3074 3520 3144 quidem

1949 3168 2184 3227 Basilius
2212 3172 2277 3225 de
2308 3185 2373 3226 eo
2400 3169 2619 3225 bomiue
2646 3169 2781 3238 agit,
2815 3169 2907 3238 qui
2934 3165 3280 3221 manentibus
3313 3165 3522 3235 nuptiis

1948 3265 2279 3330 fornicatus,
2322 3272 2375 3318 ct
2406 3278 2529 3318 cum
2569 3261 2796 3316 muliere
2834 3261 2968 3315 nulli
2998 3260 3117 3314 viro
3149 3260 3354 3315 sociata
3401 3260 3522 3327 pol-

1944 3359 2093 3413 lutus
2137 3365 2221 3411 est
2268 3374 2282 3410 :
2325 3356 2414 3410 hic
2454 3369 2582 3410 vero
2634 3369 2809 3410 canon
2855 3369 2950 3409 eos
2999 3352 3193 3424 tangit,
3220 3352 3314 3422 qui
3350 3366 3524 3407 uxore

1946 3452 2066 3505 sine
2101 3462 2269 3504 causa
2302 3448 2527 3502 dimissa
2561 3447 2723 3501 aliam
2756 3447 2883 3508 sibi,
2919 3447 3077 3515 quasi
3111 3461 3210 3517 pro
3240 3445 3386 3514 justa
3417 3446 3525 3499 sei.-

1944 3546 2070 3599 Iicet
2102 3544 2335 3613 conjuge
2383 3544 2647 3610 habituri,
2694 3544 3068 3612 adjunxerint,
3112 3559 3252 3613 quos
3304 3544 3521 3609 quidem

1950 3632 2232 3686 adulteros
2267 3634 2383 3702 ipse
2412 3632 2464 3685 in
2494 3631 2790 3701 Evangelio
2823 3631 3087 3687 Dominus
3118 3633 3435 3702 appellavit.

1950 3724 2178 3780 ARIST.
2220 3744 2237 3776 ι
2281 3728 2412 3790 Quae
2444 3741 2471 3777 a
2505 3726 2622 3779 viro
2658 3741 2754 3778 suo
2786 3724 2853 3779 ad
2888 3726 3051 3779 alium
3087 3726 3317 3790 accedit,
3368 3728 3529 3777 adut.

2021 3838 2039 3870 ι
2089 3827 2203 3873 tera
2233 3826 2317 3872 est
2365 3835 2380 3874 :
2442 3825 2495 3871 ct
2545 3820 2634 3887 qui
2691 3818 2758 3871 ab
2813 3833 2981 3872 uxore
3038 3817 3104 3872 ad
3162 3817 3525 3885 aliam,juxta

2019 3931 2038 3964 ‹
2083 3911 2296 3966 Domini
2323 3926 2651 3977 sermonem,
2672 3910 2924 3966 similiter
2953 3912 3196 3967 moechus
3221 3920 3327 3966 est.
3357 3928 3376 3963 ι
3403 3908 3531 3963 Per-

2012 4006 2244 4073 spiculis.

2442 4096 2674 4153 CANON
2716 4094 3056 4153 LXXXVIII.

1961 4209 1981 4244 ι
2019 4190 2191 4249 Nemo
2216 4192 2357 4247 intra
2382 4192 2525 4249 aedes
2549 4206 2736 4247 sacras
2762 4190 2994 4259 quodvis
3022 4189 3321 4247 iumentum
3353 4192 3526 4244 intro-

2033 4300 2051 4333 ι
2083 4283 2246 4337 ducat
2278 4299 2291 4337 :
2332 4285 2438 4338 nisi
2468 4282 2613 4337 forte
2650 4282 2825 4335 viator
2849 4280 3143 4350 quispiam,
3170 4285 3403 4335 maxima
3430 4300 3526 4336 ur-

2030 4393 2048 4425 ι
2083 4387 2245 4444 gente
2274 4377 2602 4431 necessitate
2631 4414 2647 4438 ,
2685 4375 3029 4428 domuncula:
3088 4376 3171 4429 vel
3235 4375 3521 4431 diversorii

2030 4486 2047 4517 ι
2090 4469 2364 4538 indigi-ns,
2418 4469 2469 4521 iu
2510 4469 2561 4521 id
2595 4468 2852 4538 templum
2887 4467 3194 4522 diverterit.
3227 4467 3340 4523 Nisi
3374 4470 3519 4523 enim

2031 4577 2047 4610 ι
2085 4560 2388 4628 jumentqu
2422 4560 2789 4613 introductum
2844 4558 3041 4622 fuerit,
3078 4560 3252 4628 ipsum
3303 4559 3519 4628 quidem

2032 4668 2052 4703 ι
2084 4664 2474 4719 nonnunquam
2504 4650 2730 4719 peribit:
2761 4648 2850 4704 hic
2879 4664 3027 4712 vero,
3053 4649 3519 4719 propterjumemi

2028 4759 2046 4792 ι
2088 4736 2472 4802 amissionem,
2508 4748 2564 4793 et
2598 4739 2878 4793 facultatis
2903 4738 2971 4793 ad
3010 4739 3114 4793 iter
3150 4742 3517 4810 peragendum

2028 4853 2046 4883 ‹
2085 4847 2149 4885 ex
2179 4848 2246 4885 eo
2282 4832 2581 4899 profectam
2614 4832 2875 4903 inpiam,
2909 4833 3099 4887 mortis
3138 4833 3378 4903 periculo
3412 4840 3523 4886 true

2030 4941 2048 4974 ι
2082 4922 2266 4977 detur.
2291 4921 2589 4976 Sabbatum
2609 4922 2753 4976 enim
2778 4930 3000 4992 propter
3024 4923 3291 4978 hominem
3317 4920 3518 4978 factum

2030 5034 2048 5065 ι
2086 5030 2204 5069 esse
2236 5014 2530 5078 docemur;
2556 5014 2912 5083 quamobrem
2940 5026 2994 5069 et
3029 5030 3123 5084 per
3152 5016 3333 5070 omnia
3386 5033 3522 5086 prm-

2027 5126 2044 5159 ι
2082 5107 2361 5163 ferendam
2400 5123 2521 5162 esse
2565 5108 2882 5165 existimare
2921 5108 3156 5163 hominis
3197 5108 3424 5165 salutem
3467 5120 3522 5165 et

2030 5203 2542 5256 «incolumitatem.
2602 5200 2659 5255 Si
2725 5202 2848 5271 quis
2906 5209 3088 5256 autem
3137 5201 3517 5272 deprehensus

2032 5314 2050 5346 ι
2095 5296 2255 5349 fuerit
2295 5294 2414 5348 sine
2450 5294 2777 5348 necessitate
2825 5295 3137 5362 jumentum
3172 5295 3225 5348 in
3260 5296 3515 5365 templum

2030 5408 2047 5439 ‹
2088 5387 2458 5449 introducere,
2512 5386 2558 5441 si
2598 5387 2667 5442 sit
2699 5387 2915 5458 quidem
2960 5387 3217 5449 clericus,
3267 5387 3511 5457 depona.

2036 5505 2049 5529 ι
2092 5491 2180 5533 tur
2215 5492 2229 5539 :
2268 5481 2353 5533 sin
2389 5494 2524 5534 vero
2555 5479 2749 5545 laicus,
2778 5489 3109 5550 segregetur.
3143 5498 3161 5530 ι

2028 5571 2221 5626 DALS.
2263 5571 2332 5624 Ut
2360 5580 2443 5625 est
2474 5571 2787 5636 verisimile,
2836 5572 3033 5626 accidit
3074 5571 3399 5641 quandoque
3456 5580 3516 5635 ut

1960 5667 2013 5721 in
2049 5664 2283 5718 maxima
2315 5670 2639 5731 tempestate
2661 5662 2995 5719 diverterent
3028 5660 3247 5731 quidam
3283 5660 3336 5712 in
3380 5668 3516 5723 ιιιιιιρ
