3992 6484
475 326 579 389 ὃ15

1736 329 2008 389 ΤιιΕΟυ.
2052 332 2448 393 BALSAMON

3606 346 3703 410 816-

474 442 649 511 plum,
675 436 817 507 quod
854 450 1023 506 prope
1063 434 1203 490 viam
1242 437 1518 508 publicam
1572 440 1735 495 situm
1780 454 1901 497 erat
1934 462 1952 507 ης
1998 461 2026 499 e

2158 444 2396 516 δημοσίᾳ
2418 442 2518 515 6δῷ
2549 460 2562 474 ·
2594 444 2685 499 καὶ
2734 448 2766 518 η
2804 445 2906 516 μὲν
2935 446 3136 519 ἀπειλὴ
3172 449 3266 519 τῆς
3323 451 3496 520 χιόνος
3554 472 3699 526 κατηε

472 534 559 586 vis
592 532 817 601 quidem
851 530 995 583 nivis
1031 543 1125 584 eos
1162 531 1389 599 urgebat
1442 533 1494 586 in
1550 536 1809 603 templum
1838 537 2044 604 ingredi

473 639 599 676 eum
650 624 764 675 Suis
800 619 978 688 equis,
1015 627 1069 673 et
1099 619 1413 674 lethiferum
1466 620 1688 691 frigoris
1742 624 2048 679 incommo-

470 716 599 768 dum
627 712 911 782 effugere;
946 711 1134 780 templi
1186 721 1366 766 autem
1416 714 1721 768 reverentia
1760 732 1866 770 non
1927 734 2061 787 per-7

430 805 443 815 “
470 806 722 859 mittebat
755 806 835 860 eis
870 806 971 859 hoc
1003 804 1224 860 facere:
1262 808 1355 860 sed
1387 806 1489 875 ipsi
1522 807 1741 875 quidem
1778 813 2041 879 templum

468 900 727 966 ingrcssi,
766 897 987 966 frigoris
1031 896 1338 966 periculum
1374 899 1683 964 evitarunt;
1718 914 1909 953 eorum
1944 916 2042 955 au-

465 1002 574 1042 tem
609 991 876 1057 jumenta,
907 1005 1026 1059 qua:
1056 997 1209 1043 extra
1246 990 1504 1059 templum
1540 998 1827 1059 steterant,
1879 1008 1907 1047 a
1951 994 2042 1048 fri-

467 1100 597 1149 gore
631 1093 954 1151 consumpta
991 1081 1178 1148 fuere;
1221 1098 1331 1151 quo
1383 1082 1582 1136 factum
1628 1093 1734 1149 est,
1799 1096 1855 1139 ut
1894 1087 2036 1141 idem

461 1191 680 1244 quoque
751 1175 1070 1227 hominibus
1138 1176 1283 1243 quod
1345 1175 1538 1231 bestiis
1613 1180 1894 1245 eveniret;
1955 1182 2038 1237 vel

460 1277 683 1336 propter
735 1268 1170 1329 alllieiatianm,
1231 1267 1309 1319 vel
1354 1269 1495 1335 quod
1549 1285 1655 1321 non
1699 1282 1924 1340 possent
1959 1274 2037 1328 ire

463 1363 671 1429 pedites
709 1369 930 1428 propter
967 1360 1191 1411 nimiam
1230 1363 1491 1429 temporis
1541 1364 2036 1433 refrigerationem.

460 1454 577 1507 lloe
608 1471 737 1523 ergo
791 1455 1134 1521 COl‘l‘igt‘ltlt‘S
1193 1454 1367 1505 sancti
1418 1452 1607 1509 Patres
1649 1455 2033 1522 decreverunt,

467 1548 671 1601 nemini
708 1547 872 1602 licere
913 1546 1483 1615 qumlvisjumcntum
1531 1547 1584 1601 in
1639 1550 1898 1617 templum
1952 1550 2037 1604 iu-

461 1644 777 1703 troducere,
828 1641 931 1694 nisi
983 1640 1223 1693 maxima
1265 1649 1454 1709 urgeat
1502 1643 1806 1697 necessitas
1846 1660 1859 1696 :
1902 1652 2034 1700 tunc

455 1736 625 1799 enim,
672 1734 867 1803 inquit,
907 1733 1214 1801 jnmentum
1270 1748 1489 1801 quoque
1540 1733 1593 1787 in
1638 1735 1895 1803 templum
1947 1739 2033 1791 in-

456 1828 807 1892 troducetur,
835 1842 903 1879 ne
943 1825 1104 1878 homo
1131 1841 1236 1879 una
1271 1841 1394 1879 cum
1430 1826 1546 1893 ipso
1571 1828 1731 1881 morti
1764 1827 2032 1884 tradatur.
2070 1816 2113 1874 Β

454 1920 534 1971 Ad
575 1919 694 1988 ejus
726 1928 906 1972 autem
941 1917 1087 1986 quod
1131 1917 1322 1969 dicunt
1370 1918 1768 1985 probationem,
1823 1919 2031 1975 Domini

452 2030 669 2084 quoque
701 2012 1006 2066 doctrinam
1064 2009 1326 2075 inferunt,
1363 2010 1453 2078 qui
1509 2008 1805 2065 Sahbatum
1839 2011 2036 2067 dissol-

454 2108 558 2170 vit,
591 2118 643 2159 et
675 2104 779 2168 eis,
809 2106 901 2172 qui
938 2104 1112 2171 ipsum
1143 2101 1640 2171 reprehendebant,
1681 2104 1835 2169 dixit,
1894 2121 2032 2174 prte-

452 2198 733 2253 llrendam
832 2211 954 2250 esse
1028 2195 1267 2248 hominis
1349 2194 1581 2248 salutem
1666 2197 2031 2253 observationi

453 2288 701 2342 Sabbati.
790 2287 1086 2341 Sabbatum
1151 2288 1297 2341 enim
1381 2287 1582 2342 factum
1663 2300 1745 2343 est
1812 2302 2034 2360 propter

450 2381 748 2441 hominem,
822 2394 926 2432 non
983 2387 1163 2431 autem
1221 2380 1383 2432 nemo
1440 2388 1663 2449 propter
1709 2379 2029 2437 Sabbatum.

450 2469 527 2525 Ne
575 2471 673 2524 hoc
717 2483 896 2523 autem
960 2470 1052 2522 ﬁat
1127 2469 1430 2539 iniquitatis
1494 2472 1716 2525 occasio
1783 2473 1851 2526 iis
1933 2474 2025 2542 qui

451 2562 863 2617 inconsiderate
916 2572 966 2616 et
1021 2562 1226 2632 absque
1286 2562 1396 2616 ullo
1450 2562 1769 2619 discrimine
1822 2566 2029 2630 vivunt,

448 2666 506 2711 et
585 2657 792 2725 absque
867 2655 979 2711 ullo
1067 2654 1457 2724 impedimento
1541 2668 1595 2711 et
1676 2659 1820 2712 nulla
1905 2675 2030 2729 pro-

448 2748 624 2817 posita
719 2747 1043 2801 necessitate
1125 2757 1371 2801 sanctum
1460 2747 1673 2803 Domini
1765 2752 2027 2820 templum

445 2854 737 2893 commune
773 2838 1176 2907 prolanumque
1224 2839 1502 2904 elltciaut,
1542 2849 1894 2907 statuerunt,
1965 2852 2025 2895 ut

446 2933 537 3000 qui
602 2932 723 2985 sine
796 2946 987 3002 magna
1060 2930 1331 2998 ejusmodi
1410 2936 1739 2989 necessitate
1793 2935 2029 3006 quodvis

442 3025 753 3092 jnmcntum
805 3023 859 3077 in
896 3023 1158 3093 templum
1212 3022 1531 3089 introducit,
1588 3026 1633 3079 si
1681 3027 1754 3082 sit
1803 3028 2022 3097 quidem

2158 536 2397 605 νάγκαζε
2427 538 2646 602 τούτους
2671 538 2818 593 ἔνδον
2844 540 2938 593 τοῦ
2967 541 3095 593 ναοῦ
3141 542 3403 599 εἰσελθεῖν
3452 547 3581 616 μετὰ
3605 551 3700 603 τῶν

2159 632 2343 683 ἵππων
2385 631 2590 696 αὐτῶν,
2637 632 2728 685 καὶ
2760 633 2857 702 τὴν
2907 633 3014 687 ἀπὸ
3049 632 3141 687 τοῦ
3167 634 3371 705 ψύχους
3419 636 3700 711 θανατηφόο

2156 741 2248 793 ρον
2278 724 2525 776 κάκωσιν
2558 726 2821 793 ἐκφυγεῖν
2845 742 2857 756 ⁸
2911 726 2972 779 τὸ
2994 727 3274 798 αἰδέσιμον
3302 728 3359 782 δὲ
3388 729 3480 783 τοῦ
3510 733 3627 785 ναοῦ
3646 736 3698 786 οὐ

2155 815 2555 886 παρεχώρησεν
2582 817 2783 880 αὐτοὺς
2832 818 2991 871 τοῦτο
3038 819 3303 891 ,ποιῆσαι
3340 838 3353 853 ·
3406 822 3517 876 ἀλλ’
3565 825 3715 878 αὐτοὶ.

2154 906 2274 976 μὲν,
2302 907 2641 971 εἰσελθόντες
2694 910 2753 961 ἐν
2798 910 2878 978 τῷ
2941 912 3074 983 ναῷ,
3121 916 3212 966 τδν
3282 915 3347 966 ἐκ
3414 914 3703 986 τοῦκρῦους

2150 1000 2393 1053 κίνδυνον
2424 1000 2647 1070 ἔφυγον,
2700 1002 2768 1056 τὰ
2824 1004 2883 1056 δὲ
2940 1005 3213 1073 ὑποζύγια
3267 1006 3445 1060 αὐτῶν
3488 1010 3586 1075 ἔξω
3619 1011 3701 1064 τοῦ

2148 1096 2282 1149 ναοῦ
2330 1098 2599 1167 ἑστηκότα
2627 1097 2721 1150 τοῦ
2753 1097 2962 1169 ψύχους
2987 1100 3248 1167 γεγόνασι
3314 1099 3702 1169 παρανάλωμα,

2147 1187 2221 1250 ὡς
2250 1188 2501 1242 ἐντεῦθεν
2539 1189 2635 1242 καὶ
2687 1193 2809 1253 τοὺς
2856 1191 3182 1261 ἀνθρώπους
3275 1191 3345 1245 τὰ
3396 1192 3553 1261 ὅμοια
3602 1198 3704 1257 τοῖς

2146 1279 2365 1347 ἀλόγοις
2399 1279 2559 1344 ζώοις
2584 1281 2799 1345 παθεῖν,
2829 1282 2960 1352 ἢὼς
2987 1282 3096 1334 ἀπὸ
3152 1284 3251 1351 τῆς
3307 1283 3607 1355 θλίψεως,ἢ
3638 1286 3704 1351 ὡς

2149 1371 2223 1441 μὴ
2245 1373 2576 1441 δυναμένους
2611 1376 2749 1443 πεζῇ
2782 1374 3026 1443 βαδίσαι,
3083 1376 3169 1428 διὰ
3205 1377 3303 1446 τὴν
3354 1377 3706 1450 ὑπερϐολικὴν

2145 1464 2243 1533 τῆς
2268 1463 2418 1533 ὥρας
2479 1465 2813 1535 κατάψυξιν.
2884 1466 3057 1520 Τοῦτο
3096 1467 3194 1521 οὖν
3249 1469 3621 1539 διορθούμενοι
3659 1473 3703 1524 οἱ

2142 1556 2593 1628 ἆγιοιηατέρες,
2658 1558 2984 1629 διωρίσαντο
3047 1560 3121 1633 μὴ
3174 1561 3319 1630 ἔχειν
3391 1562 3477 1613 ἐπ’
3539 1564 3704 1625 ἀδείας

2141 1651 2296 1713 τινας
2334 1653 2527 1722 κτῆνος
2552 1651 2935 1721 οἱονδηποτοῦν
2967 1652 3119 1706 ἔνδον
3179 1656 3424 1722 εἰσάγειν
3470 1655 3615 1723 ναοῦ,
3663 1658 3705 1708 el

2144 1743 2218 1814 μὴ
2247 1744 2562 1812 κατεπείγει
2590 1745 2806 1815 ἀνάγκη
2872 1746 3109 1816 μεγίστη
3143 1761 3157 1775 '
3222 1747 3525 1816 τηνικαῦτα
3583 1749 3701 1817 γὰρ,

2154 1838 2322 1905 φασὶ,
2389 1838 2481 1889 καὶ
2538 1838 2599 1890 τὸ
2667 1838 2864 1907 κτῆνος
2918 1840 2978 1891 ὲν
3029 1839 3107 1909 τῷ
3152 1839 3264 1910 ναῷ
3310 1841 3702 1911 εἰσαχθὴσεται,

2142 1929 2227 1981 ἵνα
2263 1930 2337 1999 μὴ
2365 1930 2461 1983 σὺν
2495 1931 2644 2000 αὐτῷ
2670 1931 2763 1984 καὶ
2800 1934 2826 1983 ὁ
2855 1931 3144 2001 ἄνθρωπος
3172 1932 3391 2005 θανάτῳ
3419 1933 3702 2005 παραδοθῇ.

2150 2022 2449 2090 Ἐπὰγουσι
2482 2022 2537 2075 δὲ
2563 2024 2698 2092 πρὸς
2735 2025 3092 2095 κατασκευὴν
3138 2024 3231 2078 τοῦ
3298 2024 3465 2093 λόγου
3541 2025 3705 2078 αὐτῶν

2137 2116 2232 2167 καὶ
2270 2114 2369 2184 την
2393 2114 2487 2167 τοῦ
2506 2115 2712 2185 Κυρίου
2742 2116 3121 2183 διδασκαλίαν,
3176 2117 3269 2171 τοῦ
3334 2119 3397 2172 τὸ
3446 2120 3705 2173 Σάδῦατον

2135 2208 2570 2273 καταλύσαντος,
2606 2209 2700 2261 καὶ
2728 2211 2974 2272 εἰπόντος
3002 2211 3138 2283 πρδς
3168 2213 3297 2274 τοὺς
3361 2214 3705 2283 αἰτιωμένους

2135 2301 2298 2354 αὐτὸν
2327 2301 2401 2363 ὡς
2438 2301 2813 2371 προτιμοτέρα
2846 2303 2994 2355 ἐστὶν
3019 2306 3052 2374 ὴ
3114 2305 3208 2356 τοῦ
3260 2305 3553 2376 ἀνθρώπου
3610 2323 3705 2359 σω-

2134 2392 2473 2461 τηρίαπαρά
2497 2394 2597 2465 τὴν
2642 2395 2736 2447 τοῦ
2804 2395 3088 2449 Σαϐϐάτου
3167 2396 3447 2469 φυλακήν.
3498 2399 3567 2451 Τὸ
3605 2398 3705 2469 γὰρ

2135 2476 2419 2539 Σάϐϐατον
2437 2486 2631 2555 γέγονε
2649 2488 2735 2542 διὰ
2760 2490 2851 2542 τὸν
2882 2488 3198 2560 ἄνθρωπον,
3261 2491 3323 2543 οὐ
3382 2492 3490 2562 μὴν
3540 2494 3567 2544 ὁ
3616 2492 3704 2545 ἄν·

2135 2577 2355 2647 θρωπος
2384 2579 2473 2632 διὰ
2502 2580 2563 2633 τὸ
2610 2581 2913 2636 Σάϐϐατον.
2965 2582 3157 2645 Ὅπως
3220 2582 3277 2635 δὲ
3357 2582 3433 2654 μὴ
3492 2585 3702 2654 γένηται

2138 2670 2308 2723 τοῦτο
2346 2673 2458 2734 τοῖς
2485 2672 2801 2743 ἀδιαφόρως
2826 2673 2997 2738 ζῶσιν
3035 2675 3263 2746 ἀφορμὴ
3301 2676 3525 2740 κακίας,
3576 2676 3703 2729 ὥστε

2131 2761 2599 2827 ἀνεπικαλύπτως
2633 2767 2729 2818 καὶ
2769 2769 2938 2837 χωρὶς
2970 2767 3219 2837 ἀνάγκης
3274 2770 3369 2822 τὸν
3412 2769 3563 2837 ἅγιον
3592 2768 3703 2821 ναὸν

2132 2854 2225 2905 τοῦ
2258 2853 2395 2907 Θεοῦ
2428 2860 2765 2911 κοινοποιεῖν
2786 2875 2846 2911 τε
2881 2860 2975 2913 καὶ
3032 2860 3319 2930 βεϐηλοῦν,
3389 2862 3700 2933 διωρίσαντο

2130 2949 2222 3000 τὸν
2251 2949 2327 3018 μὴ
2359 2951 2528 3020 χωρὶς
2578 2952 2827 3024 ἀνάγκης
2890 2955 3136 3026 μεγάλης
3202 2957 3468 3028 τοιαύτης
3515 2957 3703 3028 κτῆνος

2129 3041 2514 3111 οἱονδηποτοῦν
2548 3046 2840 3115 εἰσάγοντα
2872 3049 2928 3101 ὲν
2952 3049 3030 3120 τῷ
3074 3050 3209 3120 ναῷ,
3276 3051 3538 3123 κληρικὸν
3605 3054 3696 3122 μὲν

446 3117 704 3173 clericus.
734 3114 1042 3184 deponatur
1070 3133 1083 3169 :
1122 3115 1206 3169 sin
1245 3124 1427 3171 autem
1464 3118 1656 3183 laicus,
1683 3133 2022 3191 segregetur.

448 3209 491 3229 l\
539 3209 585 3229 2|
642 3224 768 3229 -...-...
876 3207 1044 3229 -1,.ι..-
1100 3208 1350 3229 -.ν,1--λ-.--
1419 3212 1657 3229 _.._J:-_,
1720 3212 1831 3229 _,!I°
1884 3223 1920 3229 --
2007 3223 2018 3229 -

2134 3132 2282 3200 ὅντα,
2309 3135 2718 3207 καθαιρεῖσθαι,
2754 3139 2940 3192 λαῐιιὸν
2973 3114 3052 3207 δὲ,
3112 3114 3497 3212 άςρορίζεσθαι.
3547 3114 3700 3209 Tios,

448 3209 586 3273 Qiid
642 3224 797 3273 vero,
873 3207 1046 3261 alatas
1100 3208 1375 3274 volucres,
1417 3212 1667 3279 perdices
1714 3212 1927 3265 scilicet
1971 3223 2024 3265 et

445 3298 735 3353 columbas
777 3306 831 3351 et
872 3312 1141 3367 passeres,
1180 3313 1246 3350 an
1285 3300 1409 3368 quis
1445 3300 1585 3354 citra
1616 3302 1780 3354 ullam
1822 3302 2023 3356 dislitt-

445 3392 683 3445 ctionem
726 3390 778 3443 in
834 3390 1094 3459 templum
1154 3390 1502 3445 introducet?
1542 3390 1774 3447 Salutio.
1808 3392 2024 3464 Nequa-

447 3496 634 3555 quam,
666 3492 725 3539 ut
755 3484 887 3538 mihi
924 3483 1161 3550 videtur,
1184 3499 1250 3539 ne
1273 3494 1521 3540 sanctum
1550 3502 1644 3553 per
1672 3497 2023 3545 excrementa

445 3577 792 3646 profanetur.

516 3662 966 3739 262.10NAR-
1018 3664 1188 3720 Sacra
1233 3668 1429 3736 templa
1474 3668 1527 3723 in
1568 3668 1773 3726 honore
1803 3671 2023 3742 ,habere

444 3774 508 3811 ac
544 3757 788 3811 venerari
810 3757 1090 3812 debemus.
1119 3757 1353 3815 Proinde
1381 3776 1482 3816 nec
1515 3761 1569 3816 in
1608 3762 2019 3832 illajutnentum

444 3850 681 3919 quodvis
715 3848 985 3905 introduci
1028 3850 1347 3906 conceditur
1386 3872 1399 3908 :
1434 3854 1539 3910 nisi
1571 3854 1712 3910 forte
1745 3857 1797 3910 in
1827 3858 2022 3914 itinere

445 3941 681 4009 aliquem
718 3942 963 3996 maxima
1004 3947 1327 4012 necessitas,
1373 3954 1467 4001 aut
1518 3958 1720 4003 coortae
1770 3952 2022 4008 videlicet

448 4034 819 4101 tempestatis,
865 4044 957 4089 aut
993 4036 1251 4092 imbrium
1287 4056 1407 4095 sese
1445 4042 1778 4099 intolerabili
1815 4047 2018 4117 impetu

443 4124 875 4195 elfundentium,
906 4132 1265 4199 oppresserit.
1298 4130 1452 4189 Tune
1482 4136 1627 4190 enim
1675 4139 1891 4194 etiamsi
1932 4138 2041 4207 ju-.

442 4228 685 4272 mentum
724 4219 866 4274 intra
900 4237 1090 4279 sacras
1120 4224 1268 4282 aedes
1304 4229 1654 4296 compulerit,
1694 4246 1801 4286 non
1838 4242 2019 4289 tamen

441 4314 511 4366 ob
571 4331 690 4367 eam
756 4330 867 4369 rem
924 4317 1131 4386 aliquid
1194 4319 1365 4389 culpa:
1417 4323 1741 4390 contrahet;
1776 4316 1853 4379 uel
1886 4326 2016 4380 illud

440 4407 656 4472 quidem
697 4407 829 4462 foris
868 4409 1116 4464 relictum
1156 4413 1298 4467 male
1342 4423 1551 4482 pereat,
1583 4415 1703 4485 ipse
1744 4433 1874 4473 vero
1926 4421 2022 4475 do-

2130 3228 2356 3279 πετεινα
2384 3230 2662 3299 πτερωτὰ,
2694 3230 2960 3300 πέρδικάς
2991 3249 3052 3285 τε
3100 3233 3349 3302 δηλονότι
3422 3235 3515 3287 καὶ
3560 3252 3700 3306 mpi-

2128 3316 2353 3387 στερὰς,
2388 3318 2482 3370 καὶ
2512 3319 2689 3383 ἄλλως
2716 3321 3013 3391 στρουθοὺς
3073 3324 3390 3396 ἀδιαφόρως
3439 3327 3700 3396 εἰσαγάγῃ

2124 3425 2207 3472 τις
2237 3412 2295 3461 ἐν
2326 3410 2438 3478 ναῷ
2479 3429 2495 3477 ;
2529 3412 2749 3479 Λύσις.
2782 3414 2917 3466 Οὐδὲ
2949 3414 3142 3479 ταῦτα,
3174 3416 3247 3479 ὡς
3277 3419 3404 3487 ἐμοὶ
3432 3419 3597 3488 δοκεῖ,
3622 3420 3700 3471 ἵνα

2128 3500 2204 3571 μὴ
2250 3505 2310 3553 τὸ
2338 3499 2490 3569 ἆγιον
2521 3502 2607 3557 διὰ
2638 3504 2748 3560 τῶν
2774 3507 3078 3577 ὲκκρίσεων
3104 3508 3409 3581 βεεὶηλωθῇ⁴

2190 3686 2439 3741 ΖΩΝΑΡ.
2464 3688 2642 3758 Τιμῆς
2679 3690 2807 3755 ἄξια
2838 3691 2907 3745 τὰ
2945 3694 3068 3766 ἱερὰ
3100 3696 3196 3749 καὶ
3224 3698 3592 3769 σεδάσματος.
3612 3699 3715 3753 Διὸ·

2123 3778 2246 3831 οὐδὲ
2288 3781 2479 3849 κτῆνος
2515 3784 2573 3832 ἐν
2598 3784 2784 3846 αὐτοῖς
2853 3787 3174 3855 εἰσάγεσθαι
3233 3792 3693 3863 συγκεχώρηται·

2125 3874 2174 3925 εἰ
2226 3873 2302 3943 μή
2330 3873 2431 3925 πού
2469 3894 2552 3938 τις
2574 3876 2828 3947 ὁδοιπορῇ
2878 3880 2971 3932 καὶ
3027 3882 3244 3953 ἀνάγκη
3300 3886 3534 3956 μεγίστη
3592 3903 3696 3957 χειά

2125 3967 2301 4036 μῶνο;
2345 3969 2510 4037 τυχὸν
2564 3969 2597 4039 ἢ
2652 3970 2927 4040 ῥαγδαίων
2985 3973 3209 4045 ὄμϐρων
3278 3979 3375 4030 καὶ
3418 3979 3695 4050 ἀφορήτων

2125 4058 2414 4133 καταλάϐῃ
2475 4061 2683 4115 αὐτόν·
2723 4064 2843 4116 τότε
2898 4065 3008 4137 γὰρ
3050 4067 3151 4121 κᾶν
3233 4070 3387 4135 ἔντος
3448 4070 3591 4143 ἱεροῦ
3639 4071 3694 4123 τὸ

2121 4150 2422 4220 ὑποζύγιον
2453 4156 2747 4227 εἰσαγάγῃ,
2778 4158 3116 4228 ἀνέγκλητος
3144 4160 3353 4231 ἔσεται,
3417 4165 3504 4218 ἴνα
3536 4165 3610 4238 μὴ
3637 4166 3711 4216 τι

2126 4244 2228 4314 μὲν
2272 4245 2379 4310 ἔξω
2445 4249 2636 4317 μεῖναν
2680 4250 2977 4323 διαφθαρῇ,
3029 4255 3057 4307 ὁ
3114 4256 3167 4308 δὲ
3226 4255 3301 4328 μὴ
3356 4258 3496 4329 ἔχων
3554 4260 3691 4321 ὅπως

2121 4338 2183 4390 τὸ
2211 4337 2398 4391 λοιπον
2423 4339 2523 4409 τῆς
2557 4340 2870 4413 ὁδοιπορίας
2907 4345 3119 4414 ἁνύσει,
3156 4351 3379 4420 άπιῦρως
3411 4354 3538 4415 ἴσως
3559 4351 3689 4422 ἔχων

2121 4432 2310 4501 ἕτερον
2338 4433 2668 4501 κτήσασθαι,
2696 4436 2763 4504 τῇ
2822 4434 2969 4509 λύπῃ
3045 4441 3357 4513 καταποθῇ,
3399 4442 3431 4513 ἢ
3470 4446 3564 4496 καὶ
3616 4444 3687 4504 εἰς

442 4502 647 4561 minus,
705 4514 830 4553 cum
867 4500 969 4555 iter
1017 4505 1297 4572 inceptum
1347 4512 1601 4577 prosequi
1656 4526 1764 4565 non
1818 4516 2015 4581 possit,

2134 4500 2227 4593 τὴν
2249 4522 2396 4593 ζωὴν
2433 4500 2787 4597 κινδυνεύση.
2826 4500 3144 4599 Παράγουσι
3194 4532 3251 4586 δὲ
3420 4500 3546 4587 ’ἀπὸ
3596 4500 3686 4603 τῆς

441 4606 539 4642 nec
574 4590 800 4646 alterius
847 4590 989 4648 forte
1037 4593 1271 4662 jumenti
1321 4600 1479 4667 copia
1529 4611 1799 4671 suppetat,
1847 4607 2017 4659 conli-

439 4684 619 4735 ciatur
656 4698 911 4751 mterore,
946 4698 1038 4739 aut
1092 4674 1267 4757 ipsius
1300 4705 1517 4761 quoque
1549 4694 1671 4748 vitae
1714 4698 2015 4764 periculum

438 4775 656 4845 subeat.
690 4776 1032 4832 TestimOnia
1078 4796 1207 4835 vero
1237 4798 1303 4836 ex
1330 4784 1502 4839 sacris
1534 4801 1754 4857 quoque
1788 4787 2014 4847 Litteris

435 4867 602 4936 hujus
634 4883 761 4924 can.
804 4880 1063 4926 auctores
1104 4874 1438 4941 producunt.
1490 4875 1793 4933 Sabbatum
1842 4883 2009 4951 enim,

430 4961 615 5028 inquit
647 4959 949 5030 Sciiptura,
979 4974 1200 5034 propter
1234 4966 1506 5023 hominem
1551 4970 1750 5025 factum
1807 4983 1913 5039 est,
1957 4984 2014 5031 et

434 5060 493 5103 ut
528 5055 776 5120 quiescat
803 5069 999 5112 servus
1038 5065 1164 5111 tuus
1192 5066 1245 5113 et
1268 5059 1577 5127 jumentum
1612 5072 1790 5118 tuum.
1832 5068 2013 5132 Quare

430 5144 670 5210 jumenti
710 5146 891 5214 quies,
946 5164 1055 5203 non
1095 5151 1266 5218 ipsius
1297 5152 1552 5220 jumenti,
1614 5158 1708 5211 sed
1775 5161 2013 5216 hominis

434 5236 607 5302 gratia
651 5249 925 5306 prmcepta
953 5251 1058 5305 est,
1091 5250 1149 5293 ut
1180 5242 1273 5295 illo
1308 5256 1431 5311 post
1461 5250 1702 5316 quietem
1738 5254 2011 5319 vegetiore

435 5342 560 5378 mox
607 5336 869 5383 uteretur.
908 5330 1063 5395 Quod
1102 5332 1243 5387 idem
1279 5351 1510 5404 magnus
1544 5355 1761 5410 quoque
1806 5341 2009 5399 Paulus

432 5420 646 5482 asserit,
701 5419 975 5489 Numquid
1024 5427 1191 5490 enim,
1224 5428 1321 5491 ait,
1374 5429 1440 5481 de
1500 5430 1661 5484 bobus
1718 5450 1847 5486 cura
1902 5447 1979 5489 est

2114 4614 2339 4685 Γραφῆς
2373 4619 2683 4687 μαρτυρίας
2706 4621 2756 4670 ol
2788 4620 3008 4689 θέμενοι
3034 4624 3125 4676 τὸν
3156 4625 3379 4682 κανόνα.
3430 4628 3565 4698 Φησὶ
3586 4628 3683 4696 γάρ

2113 4707 2145 4775 η
2179 4706 2370 4776 Γραφή
2395 4723 2410 4738 σ
2446 4707 2519 4759 Τὸ
2545 4708 2829 4763 Σαϐϐατον
2856 4711 2945 4763 διὰ
2979 4713 3069 4765 τὸν
3108 4714 3397 4786 ἄνθρωπον
3457 4720 3680 4786 ἐγένετο,

2113 4800 2209 4850 καὶ
2240 4797 2325 4850 ἵνα
2362 4798 2744 4870 άναπαύσηται
2771 4803 2800 4854 ὀ
2836 4802 3023 4867 δοῦλός
3056 4822 3152 4858 σου
3218 4810 3315 4862 καὶ
3367 4811 3428 4862 τὸ
3487 4807 3683 4872 ὑποζύ-

2111 4905 2250 4957 γιον.
2281 4890 2446 4943 ’Ὥστε
2479 4892 2513 4962 ἡ
2547 4890 2643 4944 τοῦ
2695 4894 2927 4962 κτήνους
2971 4896 3279 4963 ἀνάπαυσις
3328 4901 3388 4954 οὐ
3438 4901 3507 4953 δι’
3558 4899 3681 4954 αὐτὸ

2112 4983 2559 5054 νενομοθέτηται,
2596 4986 2733 5041 ἀλλὰ
2764 4988 2853 5041 διὰ
2877 4991 2967 5043 τὸν
3030 4992 3344 5063 ἄνθρωπον,
3404 4996 3490 5047 ἵνα
3552 4996 3679 5047 ἀνα-

2111 5075 2320 5129 παυθὲν
2352 5078 2454 5151 ἔχῃ
2486 5078 2648 5133 τοῦτο
2687 5083 2970 5138 εἰσέπειτα
2995 5087 3388 5158 ἀκμαιότερον.
3425 5087 3591 5140 Τοῦτο
3624 5086 3677 5138 δὲ

2108 5169 2201 5221 καὶ
2229 5172 2453 5239 ὁμέγας
2482 5171 2690 5236 Παῦλός
2744 5192 2900 5244 φησι,
2947 5177 3145 5246 λέγων,
3207 5180 3304 5249 Μὴ
3349 5182 3466 5235 τῶν
3516 5178 3678 5245 ,ϐοῶν

2104 5260 2274 5328 μέλει
2308 5262 2386 5327 τῷ
2443 5263 2605 5330 Θεῷ;
2675 5265 2734 5317 Ὀ
2796 5268 2851 5320 δὲ
2909 5271 3081 5340 χωρὶς
3130 5272 3377 5342 ἀνάγκης
3420 5274 3677 5341 μεγίστης

2110 5352 2304 5420 κτῆνος
2329 5355 2563 5422 εἰσάγων
2621 5358 2678 5408 ἐν
2734 5358 2888 5427 ἱερῷ,
2952 5362 3212 5430 κληρικὸς
3271 5365 3372 5433 μὲν
3432 5360 3671 5429 tiu,an-

2091 5444 2463 5513 αιρεθήσεται,
2516 5446 2700 5511 λαῖκὸς
2733 5448 2812 5515 δὲ,
2843 5453 3288 5522 ἀφορισθησεται.

432 5513 641 5565 hac”?
672 5514 769 5579 Qui
807 5533 952 5583 vero,
1020 5524 1352 5579 necessitate
1410 5527 1558 5580 nulla
1609 5539 1857 5601 cogente,
1911 5534 2217 5601 iumentum
2249 5540 2389 5595 intra
2461 5545 2645 5597 te.uoli
2705 5556 2859 5615 septa
2926 5552 3280 5619 compulerit,
3341 5550 3671 5621 depositione

430 5611 716 5674 cfericum,
753 5611 952 5666 laicum
1006 5630 1135 5670 vero
1174 5624 1552 5690 segregatione
1592 5628 1773 5693 puniri
1805 5628 2086 5683 decretum
2122 5640 2223 5685 est.

499 5792 544 5823 ³ο
581 5790 747 5847 lCor.
784 5810 857 5858 ιχ,
896 5795 947 5850 9.

3916 2135 3919 2269 ι

3916 2458 3919 2653 l
