3992 6484
376 313 466 375 8‘21
1418 315 1491 372 ΙΝ
1532 314 1696 373 CAN.
1733 313 1825 371 XC
1865 312 1945 372 CC

2060 360 2073 373 .
2121 314 2201 372 IN
2242 314 2566 372 TiiUI.LO.
3516 314 3619 377 822

372 429 539 491 aii-:71;
594 430 693 497 τῆς
763 431 986 499 καρδίας
1033 429 1374 497 ἁπτομένην.
1420 430 1551 497 Περὶ
1599 428 1656 479 δὲ
1689 428 1750 480 τὸ
1785 428 1945 498 μέσον

2060 437 2262 482 tantum
2289 430 2474 497 specie
2507 437 2890 497 apparentem;
2924 432 3017 482 sed
3045 445 3166 500 quae
3199 431 3372 499 ipsius
3399 446 3619 499 quoque

369 520 469 587 τῆς
527 518 725 583 νυκτδς
772 523 864 576 τοῦ
917 522 1202 575 Σαϐϐάτου
1235 519 1658 588 ἐπιςωσκούσης
1706 519 1803 585 τῆς
1834 519 1945 570 Κυ-

2061 519 2246 574 cordis
2278 520 2582 589 penetralia
2616 523 2918 591 contingat.
2955 522 3187 577 Circiter
3220 539 3349 575 vero
3386 524 3616 577 mediam

373 613 572 683 ριακῆς
609 614 906 683 προτρέπει
961 614 1442 683 άπονηστίζεσθαι,
1501 613 1622 666 ἀντὶ
1674 611 1768 665 τοῦ
1803 611 1945 682 βρώ-

2060 609 2268 665 Sabbati
2307 620 2547 676 noctem,
2582 629 2745 682 quam
2796 614 2913 668 dies
2947 628 3069 668 mox
3110 612 3425 667 Dominicus
3469 612 3617 667 excl-

373 718 509 764 σεως
540 702 809 757 ἅπτεσθαι
833 743 849 767 ,
881 705 956 767 ὡς
990 706 1090 776 ἤδη
1121 704 1408 773 γεγονυίας
1431 704 1528 771 τῆς
1572 704 1941 764 ἀναστάσεως.

2060 701 2149 771 pit,
2181 702 2247 756 ad
2276 702 2531 757 solvenda
2556 704 2789 774 jeiunia,
2824 705 2926 759 hoc
2954 712 3057 768 est,
3102 704 3207 759 cibi
3260 704 3466 773 aliquid
3522 720 3618 759 su-

382 794 440 847 Ὀ
484 794 580 862 μὲν
628 796 737 865 γάρ
786 796 1196 865 εὐαγγελιστὴς,
1251 795 1406 866 φησὶ,
1456 796 1755 859 Ματῢαίος,
1803 793 1943 864 Ὀψὲ

2060 794 2335 858 mendum,
2367 796 2522 865 quasi
2576 796 2820 851 redivivo
2862 796 2974 865 jam
3028 811 3056 849 a
3104 795 3334 850 mortuis
3380 794 3617 856 Christo,

369 882 711 949 Σαϐϐάτων,
745 882 936 950 εἰπὼν,
970 888 997 939 ό
1025 884 1081 937 δὲ
1136 887 1371 949 Λουκᾶς,
1411 886 1654 953 Ὀρθρου
1696 884 1945 951 βαθέος.

2060 886 2266 940 invitat.
2289 885 2424 939 Nam
2454 887 2787 955 evangelista
2818 887 3059 956 quidem,
3089 886 3285 956 inquit,
3310 886 3616 947 Matthazus,

372 974 474 1042 τὴν
543 974 854 1044 βραδύτητα
910 979 1010 1041 τῆς
1065 978 1255 1039 νυκτὸς
1313 979 1446 1047 ἡμῖν
1498 979 1944 1047 ὑπογράφουσιν,

2060 977 2299 1047 Vespere
2348 976 2657 1039 Sahhati”,
2710 992 2834 1030 cum
2889 976 3120 1040 dixerit‘;
3178 974 3352 1031 Lucas
3408 982 3613 1034 autem,

370 1064 496 1116 ἀντὶ
558 1065 675 1129 τοῦ,
733 1067 1134 1135 παραδηλοῦσι,
1187 1068 1570 1140 παραδιδόασι.
1609 1070 1717 1123 Καὶ
1768 1069 1861 1123 νῦν
1890 1070 1945 1123 δέ

2060 1069 2218 1125 Valde
2273 1069 2595 1133 diluculo”,
2650 1070 2828 1124 noctis
2882 1068 3030 1122 illius
3085 1067 3393 1122 tarditatem
3459 1063 3619 1120 nobis

366 1174 503 1224 φασι
538 1160 663 1221 τοὺς
700 1160 760 1215 ἐν
805 1160 1210 1232 Ἰεροσολύμοις
1265 1162 1392 1215 οὔτε
1452 1164 1594 1216 κατὰ
1625 1163 1725 1234 τὴν
1755 1166 1942 1234 Παρα-

2060 1162 2396 1225 deseribunt,
2426 1161 2527 1215 hoc
2566 1170 2671 1226 est,
2708 1160 3039 1229 signiﬁcant,
3078 1158 3348 1213 indicant.
3392 1157 3457 1211 Et
3490 1172 3619 1210 vero

369 1248 598 1317 σκευὴν,
620 1248 742 1304 οὔτε
777 1252 918 1304 κατά
941 1252 1001 1303 τὸ
1027 1252 1306 1307 Σάϐϐατον
1334 1252 1560 1306 ἐσθίειν.
1594 1254 1704 1307 Καὶ
1732 1256 1759 1307 ὁ
1802 1252 1945 1306 Ἀλε-

2060 1268 2196 1307 nunc
2228 1268 2448 1324 quoque
2492 1252 2667 1316 aiunt,
2700 1266 2796 1306 eos
2826 1252 2917 1321 qui
2968 1248 3359 1320 Hierosolymis
3389 1248 3617 1316 degunt,

378 1337 669 1409 ξανδρείας
688 1342 744 1394 δὲ
785 1344 1063 1408 Διονύσιος
1108 1345 1239 1417 περὶ
1296 1347 1486 1400 τούτου
1536 1347 1832 1417 ἐρωτηθεὶς
1878 1348 1945 1400 τὰ

2060 1361 2229 1416 neque
2283 1355 2397 1401 toto
2448 1344 2812 1409 Parasceves,
2866 1358 3041 1414 neque
3082 1341 3300 1398 Sabbati
3351 1340 3459 1403 dic,
3509 1340 3619 1393 cibi

371 1431 518 1483 αὐτὰ
553 1431 899 1503 πλατύτερον
917 1435 1274 1507 ἁπεκρίνατο.

366 1692 596 1747 ΑΡΙΣΤ.
639 1715 658 1747 ι
705 1695 794 1767 Τῷ
824 1698 1045 1768 μεγὰἲῳ
1080 1701 1347 1773 Σαϐϐάτῳ
1383 1704 1512 1774 περὶ
1544 1706 1716 1776 μέσας
1744 1707 1945 1772 νύκτας

731 1810 751 1845 ι
795 1792 894 1861 τὴν
913 1794 1166 1863 νηστείαν
1190 1798 1522 1868 διαρκετέον.
1566 1819 1584 1853 ι

457 1882 517 1935 Ὀ
553 1884 652 1953 μὲν
688 1886 973 1951 ΜατΘαῖος
1004 1889 1100 1957 ὀψὲ
1154 1892 1451 1946 Σαϐϐάτων
1478 1894 1941 1964 ἀναστῆναιλὲγει

365 1974 463 2026 τὶν
497 1976 731 2047 Κύριον·
784 1979 889 2031 όδὲ
922 1982 1138 2044 Λουκᾶς
1185 1982 1382 2055 ὄρθρου
1419 1985 1630 2056 βαθέος
1681 1987 1763 2041 δεῖ
1813 1988 1943 2055 γοῦν

364 2065 450 2132 ’τῷ
481 2069 707 2139 μεγάλῳ
749 2071 1014 2144 Σαϐϐάτῳ
1044 2074 1173 2146 ἄχρι
1233 2079 1586 2146 μεσονυκτίου
1640 2081 1940 2152 νηστεύειν,

366 2162 453 2210 ,ια’
488 2158 672 2214 ἔκτοτε
726 2164 1174 2234 μεταλαμϐάνειν
1203 2168 1295 2221 τὸν
1334 2168 1658 2241 βουλόμενον
1713 2175 1941 2244 τροφῆς,

366 2250 461 2304 διὰ
502 2252 560 2304 τὸ
594 2255 1040 2327 καταλαμϐάνειν
1073 2262 1137 2313 ἐκ
1162 2261 1269 2315 τῶν
1300 2264 1567 2334 ῥημάτων
1610 2267 1814 2320 τούτων
1836 2270 1943 2322 τῶν

366 2345 784 2414 εὐαγγελιστῶν
811 2350 942 2423 περὶ
971 2354 1143 2423 μέσας
1177 2354 1326 2429 ὥρας
1354 2360 1453 2430 τῆς
1477 2360 1668 2424 νυκτὸς
1701 2362 1941 2432 ἀναστῆ-

365 2454 458 2490 ναι
498 2438 585 2493 τὸν
620 2441 849 2511 Κύριον.

973 2541 1210 2598 ΚΑΝΩΝ
1236 2541 1307 2613 ιζ.

373 2640 393 2671 ς
440 2622 573 2686 Ταῖς
598 2628 909 2700 Κυριακαῖς
938 2634 1012 2706 μὴ
1047 2637 1177 2705 γόνυ
1218 2639 1423 2695 κλίνειν
1447 2642 1637 2698 ἐκτῶν
1666 2644 1942 2718 θεοφόρων

448 2739 463 2767 ι
513 2719 671 2788 ἡμῶν
723 2724 984 2795 Πατέρων
1036 2731 1339 2795 κανονικῶς
1387 2734 1794 2805 παρελάϐομεν,
1844 2737 1942 2808 τὴν

448 2833 468 2863 ‹
519 2814 612 2867 τοῦ
642 2816 881 2887 Χριστοῦ
917 2820 1203 2891 τιμώντων
1253 2824 1573 2882 ἀνάστασιν.
1620 2827 1709 2891 Ὠς
1758 2827 1826 2882 ἂν
1850 2828 1943 2883 οὖν

450 2924 469 2955 ‘
528 2906 602 2977 μὴ
633 2909 925 2979 ἀγνοῶμεν
953 2912 1010 2966 τὸ
1053 2915 1224 2986 σαφὲς
1256 2920 1357 2987 τῆς
1391 2920 1657 2988 τοιαύτης
1691 2939 1940 2992 παρατη-

532 2999 764 3069 ρήσεως,
792 3002 951 3073 δῆλον
983 3006 1096 3069 τοῖς
1134 3010 1348 3073 πιστοῖς
1384 3011 1752 3083 καθιστῶμεν,
1798 3014 1941 3069 ὥστε

526 3093 666 3159 μετὰ
697 3096 797 3166 τὴν
829 3098 883 3149 ἐν
920 3097 999 3165 τῷ
1022 3098 1286 3171 Σαϐϐάτῳ
1314 3102 1612 3174 ἐσπερινὴν
1643 3106 1751 3159 τῶν
1784 3108 1943 3178 ίερω-
1971 3094 2014 3154 (ἶ

449 3202 468 3233 ι
530 3184 709 3253 μένων
732 3188 870 3259 πρὸς
911 3191 975 3244 τὺ
1015 3191 1411 3265 Ουσιαστήριον
1459 3197 1690 3263 εἴσοδον,
1722 3200 1944 3254 κατὰτὸ

449 3299 468 3329 ι
524 3282 763 3350 κρατοῦν
793 3285 937 3349 ἔθος,
973 3286 1177 3356 μηδένα
1209 3288 1339 3355 γόνυ
1382 3289 1586 3345 κλίνειν
1622 3291 1784 3363 μέχρι
1843 3293 1946 3363 τῆς

451 3393 470 3424 ι
521 3376 722 3446 ἐφεξῆς
758 3380 899 3433 κατά
926 3380 1026 3448 τὴν
1074 3382 1361 3453 Κυριακὴν
1392 3383 1660 3454 ἑσπέρας·
1712 3386 1836 3439 καθ’
1877 3387 1945 3459 ἢν

450 3486 468 3518 ι
521 3471 657 3537 μετὰ
687 3471 785 3543 τὴν
815 3473 874 3524 ὲν
915 3472 995 3544 τῷ
1027 3472 1266 3545 λυχνικῷ
1311 3475 1519 3531 εἴσοδον
1548 3473 1707 3543 αὖθις
1738 3479 1806 3532 τὰ
1846 3480 1946 3547 γό-

451 3581 470 3612 c
517 3580 651 3617 νατα
694 3564 1065 3634 κάμπτοντες,
1104 3567 1250 3622 οὕτω
1280 3569 1379 3632 τὰς
1437 3556 1599 3640 εὐχὰς
1637 3571 1713 3642 τῷ
1754 3572 1946 3645 Κυρίῳ

449 3677 469 3712 ι
519 3659 893 3730 προσάγομεν.
922 3662 1034 3731 Τῆς
1065 3664 1173 3735 γὰρ
1204 3664 1299 3718 τοῦ
1327 3666 1579 3735 Σωτῆρος
1609 3666 1764 3737 ἡμῶν
1785 3667 1945 3739 ὲγέρ-

454 3768 473 3801 ι
526 3768 663 3815 σεως
713 3752 1024 3823 πρόδρομον
1056 3754 1155 3826 τὴν
1192 3758 1328 3826 μετὰ
1376 3759 1437 3811 τὸ
1469 3759 1747 3813 Σάϐϐατον
1775 3758 1945 3813 νύκτα

455 3861 473 3894 ι
527 3844 1075 3915 παραλαμϐάνοντες,
1108 3848 1215 3900 τῶν
1273 3849 1461 3916 ὓμνων
1493 3849 1747 3903 ἐντεῦθεν
1780 3866 1946 3904 πνευ-

454 3954 474 3987 ι
538 3938 783 4006 ματικῶς
811 3938 1195 4009 ἁπαρχόμεθα,
1227 3942 1308 4004 είς
1339 3940 1457 4009 φῶς
1494 3943 1558 3995 ἐκ
1587 3942 1814 4007 σκότους
1847 3943 1945 4013 τὴν

457 4047 475 4079 ι
536 4028 733 4098 ἑορτὴν
784 4030 1213 4101 καταλήγοντες,
1249 4032 1326 4095 ὠς
1353 4034 1411 4087 ἐν
1437 4033 1723 4105 ὁλοκλήρῳ
1759 4034 1947 4089 ἐντεῦι

454 4140 473 4173 ι
524 4120 615 4173 θεν
657 4121 813 4175 νυκτὶ
865 4121 956 4175 καὶ
1010 4122 1192 4195 ἡμέρᾳ
1234 4122 1631 4195 πανηγυρίζειν
1670 4127 1817 4198 ἡμᾶς
1850 4124 1947 4195 τὴν

458 4229 477 4263 ι
532 4210 850 4265 ἀνάστασιν.
897 4228 917 4263 ι

449 4301 642 4358 ΒΛΛΣ.
691 4303 749 4357 Ὀ
807 4308 854 4356 κ’
894 4301 1077 4357 κανὼν
1140 4304 1237 4371 τῆς
1270 4303 1329 4355 ὲν
1370 4304 1576 4376 Νικαίᾳ
1629 4307 1872 4374 συνόδου,
1919 4308 1947 4361 ὁ

378 4394 443 4450 ιε’
496 4394 679 4449 κανὼν
734 4396 832 4449 τοῦ
882 4396 1041 4464 ἁγίου
1106 4396 1317 4467 Πέτρου
1377 4394 1807 4468 Ἀλεξανδρείας,
1850 4400 1945 4453 καὶ

373 4487 437 4542 τὸ
469 4488 557 4551 κζ’
581 4487 873 4557 κεφάλαιον
918 4487 1018 4556 τῆς
1085 4486 1223 4556 πρὸς
1265 4486 1357 4541 τὸν
1417 4486 1769 4559 Ἀμιριλόχιον
1823 4492 1945 4544 επι-

377 4579 571 4649 στολῆς
601 4577 695 4632 τοῦ
727 4578 966 4648 μεγάλου
999 4576 1286 4631 Βασιλείου
1321 4576 1550 4647 (τούτων
1580 4578 1691 4650 γάρ
1720 4581 1769 4633 οἱ
1802 4581 1949 4650 ἅγιοι

374 4672 621 4741 Πατέρες
650 4671 959 4741 μέμνηνται
1008 4670 1101 4722 καὶ
1137 4669 1431 4739 Θεοφόρους
1468 4672 1720 4742 Πατέρας
1748 4673 1949 4727 καλοῦ-

376 4763 489 4833 σιν)
524 4763 732 4833 ὥρισαν
785 4762 862 4834 μὴ
891 4762 1097 4815 κλίνειν
1135 4762 1266 4825 γόνυ
1305 4762 1363 4813 ὲν
1389 4764 1508 4825 ταῖς
1546 4764 1855 4833 Κυριακαϊς
1911 4764 1943 4836 ἢ

374 4858 436 4910 ιν
463 4859 582 4920 ταῖς
632 4856 869 4926 ἡμέραις
894 4853 995 4925 τῆς
1039 4856 1446 4925 Πεντηκοστῆς.
1480 4855 1819 4920 Ἀκολούοως
1853 4854 1947 4912 οὖν

376 4948 562 5013 αὐτοῖς
594 4947 887 5017 διορίζεται
915 4947 944 4999 ὁ
979 4945 1173 5017 παρὼν
1205 4945 1385 5001 κανὼν
1431 4948 1698 5017 τιμᾶσθαι
1728 4948 1825 5020 τὴν
1850 4950 1944 5004 τοῦ

378 5041 588 5112 Κυρίου
628 5039 789 5107 ἁγίαν
826 5039 1148 5093 ἀνάστασιν.
1178 5038 1332 5091 Ἐπεὶ
1369 5038 1427 5092 δέ
1459 5056 1602 5104 τινες
1626 5040 1943 5111 διηπόρουν,

378 5135 501 5190 ὅθεν
548 5136 644 5189 καὶ
693 5136 757 5187 ὲκ
809 5133 966 5195 ποίας
996 5130 1145 5202 ὥρας
1191 5132 1223 5201 ἡ
1280 5130 1638 5201 Κυριώνυμος
1691 5132 1943 5203 ἄρχεται,

380 5229 476 5282 καὶ
510 5228 669 5298 μέχρι
695 5229 837 5289 τίνος
857 5225 1302 5295 συμπεραίνεται,
1330 5224 1664 5293 κατέστησαν
1684 5226 1952 5280 καὶτοῦτο

382 5320 540 5389 δῆλον
578 5319 674 5372 καὶ
728 5316 899 5384 σαφὲς
937 5318 1051 5378 τοῖς
1095 5318 1326 5379 πιστοῖς,
1389 5315 1485 5368 καὶ
1534 5312 1688 5369 εἷπον
1750 5316 1953 5387 ταύτην

384 5412 650 5481 ἄρχεσθαι
684 5409 823 5479 μετὰ
861 5408 957 5479 τὴν
1005 5410 1296 5479 έσπερινὴν
1333 5408 1611 5478 ὑμνῳδίαν
1669 5408 1761 5462 τοῦ
1809 5411 1949 5464 Σαϐ-

387 5505 573 5569 ϐάτου,
612 5504 705 5556 καὶ
751 5500 1087 5570 καταλήγειν
1130 5500 1292 5570 μέχρι
1346 5500 1443 5568 τῆς
1501 5500 1951 5572 συμπληρώσεως

383 5596 480 5651 τοῦ
512 5595 791 5667 λυχνικοῦ,
847 5594 967 5663 ἦτοι
1015 5592 1109 5645 τοῦ
1152 5591 1441 5661 ὲσπερινοῦ
1499 5592 1597 5663 τῆς
1644 5595 1946 5666 Κυριακῆς.

462 5780 506 5811 ³⁸
536 5780 723 5835 Matth.
754 5797 947 5848 xxviii,
972 5782 1016 5838 Ι.
1096 5782 1140 5814 ³⁵
1165 5784 1297 5840 Luc.
1323 5800 1471 5846 xxxv,
1506 5785 1555 5841 Ι.

2050 1436 2255 1506 aliquid
2286 1438 2601 1507 degustare.
2655 1437 2724 1491 Et
2776 1435 3069 1506 Dionysius
3122 1447 3343 1503 quoque
3382 1432 3618 1485 Alexan-

2049 1532 2267 1593 drinus,
2303 1546 2425 1587 cum
2467 1545 2534 1583 ex
2567 1543 2632 1583 co
2662 1529 2728 1584 de
2780 1530 2881 1585 hac
2917 1544 2978 1582 re.
3025 1533 3383 1597 quaareretur,
3428 1522 3617 1578 eadem

2051 1624 2164 1678 haec
2195 1624 2373 1679 fusius
2407 1622 2675 1693 explicata
2706 1620 3010 1692 respondit.

2050 1715 2275 1771 ARIST.
2312 1734 2329 1766 ι
2353 1714 2549 1786 Magno
2585 1713 2821 1769 Sabbato
2858 1727 3033 1782 usque
3061 1712 3125 1766 ad
3148 1709 3380 1765 mediam
3406 1716 3616 1761 noite'n

2317 1827 2335 1859 ι
2384 1809 2436 1863 in
2465 1808 2676 1877 jejunio
2729 1803 3183 1876 perseverandum
3216 1811 3316 1857 est.
3347 1820 3369 1854 ιη

2120 1900 2414 1956 Matthazus
2457 1900 2676 1970 quidem
2714 1913 2943 1968 vespere
2970 1895 3196 1950 Sabbati
3246 1892 3618 1947 resurrexisse

2046 1994 2182 2050 dicit
2241 1996 2532 2050 Dominum
2584 2013 2597 2049 :
2666 1994 2843 2049 Lucas
2905 2000 3088 2046 autem
3149 1990 3303 2043 valde
3356 1986 3615 2043 diluculo.

2044 2085 2240 2156 Magno
2276 2088 2460 2155 itaque
2495 2083 2733 2141 Sabbato
2777 2099 2947 2153 usque
2999 2080 3067 2136 ad
3123 2078 3351 2134 mediam
3398 2085 3610 2131 noctem

2046 2186 2260 2248 oportet
2326 2176 2599 2248 jejunare,
2650 2186 2704 2232 et
2759 2184 2906 2240 tunc,
2944 2174 3035 2243 qui
3094 2171 3228 2236 vult,
3287 2170 3605 2225 alimentum

2047 2289 2286 2338 sumere,
2337 2275 2599 2345 quoniam
2651 2289 2716 2329 ex
2768 2271 2951 2328 verbis
2986 2270 3096 2325 illis
3147 2266 3606 2337 evangelistarum

2047 2368 2272 2423 circiter
2305 2367 2513 2422 medias
2567 2365 2750 2421 noctis
2807 2365 2974 2419 horas
3023 2360 3395 2418 resurrexisse
3430 2357 3617 2412 Domi-

2047 2475 2178 2515 num
2214 2458 2701 2530 deprehendimus.

2519 2550 2682 2623 26:,
2715 2547 2945 2606 CANON
2984 2545 3096 2606 xc.

2052 2662 2070 2692 ι
2114 2642 2414 2700 Dominicis
2445 2660 2584 2713 genu
2637 2661 2744 2699 non
2799 2642 3020 2698 ﬂectere
3075 2656 3105 2696 a
3156 2638 3355 2694 divinis
3414 2637 3617 2692 nostris

2122 2756 2138 2787 ι
2169 2737 2442 2801 Patribus,
2467 2738 2669 2792 Christi
2695 2736 3153 2793 resurrectionem
3180 2720 3615 2792 hondrantibus,

2127 2847 2144 2879 ι
2191 2829 2456 2884 canonice
2486 2831 2824 2899 accepimus.
2866 2828 2943 2882 Ne
2973 2841 3104 2894 ergo
3156 2824 3320 2894 hujus
3361 2824 3619 2878 observa-

2123 2942 2141 2975 ι
2183 2924 2350 2977 tionis
2375 2923 2702 2978 evidentiam
2762 2923 3103 2992 ignoremus,
3160 2917 3414 2973 ﬁdelibus
3441 2914 3635 2967 mani-.

2125 3034 2142 3066 ι
2185 3014 2382 3069 festum
2426 3014 2679 3077 facimus,
2739 3012 2886 3083 quod
2929 3019 3052 3080 post
3102 3008 3476 3079 vespertinum
3523 3020 3639 3060 saa.

2127 3128 2144 3159 ι
2183 3107 2466 3164 cerdotum
2531 3107 2597 3161 ad
2653 3106 2827 3161 altare
2872 3103 3111 3159 Subbato
3164 3102 3499 3171 ingressum,
3550 3114 3629 3152 ex.

2124 3218 2142 3250 ι
2181 3199 2579 3255 consuetudine
2605 3213 2727 3269 qua:
2752 3204 3031 3261 serVutur,
3067 3208 3231 3249 nemo
3258 3208 3397 3262 genu
3428 3190 3633 3246 ﬁectat.

2126 3312 2142 3343 ι
2184 3307 2356 3362 usque
2391 3291 2457 3345 ad
2494 3298 2810 3360 sequentem
2854 3301 3136 3359 vesperam
3184 3287 3239 3341 in
3284 3286 3375 3340 die
3431 3284 3614 3339 Domi-

2125 3407 2140 3439 ι
2184 3386 2308 3441 nico
2337 3401 2349 3438 :
2389 3383 2443 3439 in
2470 3399 2575 3454 qua
2603 3391 2727 3454 post
2752 3384 3061 3452 ingressum
3094 3380 3146 3434 in
3180 3376 3496 3448 vespertino
3521 3389 3616 3430 seu

2128 3499 2144 3530 ι
2188 3477 2568 3547 completorio,
2619 3489 2795 3547 genua
2834 3490 3027 3529 rursus
3082 3471 3359 3527 ﬂectentes
3391 3466 3618 3523 Domino

2126 3592 2142 3622 ι
2187 3586 2377 3641 preces
2429 3570 2510 3625 sic
2544 3568 2852 3623 oﬁ‘crimus.
2894 3564 3201 3621 Servatoris
3243 3562 3391 3620 enim
3447 3561 3618 3615 nostri

2126 3684 2143 3715 ι
2183 3661 2606 3719 resurrectionis
2657 3661 2826 3716 veluti
2896 3672 3294 3730 przecursorem
3356 3664 3615 3714 noctem,

2126 3778 2143 3809 ι
2187 3774 2308 3829 qua:
2377 3766 2500 3828 post
2560 3756 2858 3811 Sabbatum
2926 3754 3060 3816 fuit,
3103 3752 3464 3819 accipientes,
3515 3750 3615 3819 hy-

2126 3872 2142 3903 ι
2187 3867 2340 3906 mnos
2371 3853 2440 3906 ab
2473 3866 2533 3904 ea
2566 3850 2920 3920 spiritualiter
2955 3845 3271 3915 incipimus,
3301 3843 3495 3898 festum
3549 3855 3616 3896 ex

2132 3966 2148 3996 ι
2194 3944 2435 3999 tenebris
2482 3944 2535 3998 in
2587 3943 2763 3997 lucem
2812 3940 3275 3998 transmittentes,
3308 3944 3363 3989 ut
3405 3936 3456 3987 in
3497 3948 3619 4003 per-

2133 4056 2150 4087 ι
2191 4038 2335 4091 {ceto
2371 4044 2425 4091 et
2456 4035 2665 4104 integro
2695 4033 2783 4087 die
2817 4046 2882 4087 ac
2914 4040 3073 4084 nocte
3110 4044 3209 4083 nos
3262 4026 3390 4081 inde
3434 4039 3619 4079 resur-

2130 4150 2149 4181 ι
2194 4130 2489 4184 rectionem
2519 4125 2881 4181 celebremus.
2922 4140 2942 4173 ι

2126 4306 2319 4363 BALS.
2375 4304 2681 4361 Vicesimus
2746 4317 2922 4356 canon
2978 4300 3195 4355 Nicena!
3267 4296 3486 4370 synodi,
3544 4294 3615 4349 25

1978 4431 2023 4490 D
2050 4416 2227 4457 canon
2266 4399 2440 4453 sancti
2468 4397 2615 4453 Petri
2647 4392 3025 4457 Alexandrini,
3054 4401 3106 4446 et
3158 4389 3227 4444 27
3287 4402 3611 4458 responsum

2048 4493 2288 4564 epistolae
2327 4491 2504 4561 magni
2570 4488 2754 4544 Basilii
2792 4486 2860 4541 ad
2909 4483 3351 4555 AmphilOchium
3392 4480 3612 4549 (horum

2050 4586 2195 4640 enim
2229 4582 2405 4638 sancti
2440 4580 2631 4635 Patres
2665 4578 3055 4640 meminerunt,
3092 4584 3146 4631 et
3174 4575 3388 4630 divinos
3418 4571 3609 4625 Patres

2048 4676 2350 4748 appellant)
2387 4682 2720 4739 statuerunt,
2771 4686 2914 4743 genu
2968 4684 3072 4724 non
3112 4683 3234 4724 esse
3286 4664 3613 4721 ﬂectendum

2049 4770 2106 4823 in
2147 4768 2340 4823 diebus
2394 4765 2715 4828 Dominicis,
2761 4762 2845 4817 vel
2894 4761 2949 4816 in
2994 4758 3189 4816 diebus
3240 4756 3612 4811 Pentecostes.

2054 4860 2151 4916 llis
2202 4874 2332 4932 ergo
2377 4864 2781 4927 consequenter
2831 4852 3079 4911 decernit
3120 4863 3339 4919 quoque
3374 4858 3615 4916 pragscns

2057 4968 2259 5018 canon,
2292 4961 2540 5007 sanctam
2579 4947 2793 5004 Domini
2840 4944 3296 5002 resurrectionem
3348 4951 3473 4993 esse
3520 4936 3617 4988 bo-

2051 5041 2377 5098 norandam.
2412 5041 2679 5107 Quoniam
2736 5045 2918 5093 autem
2963 5033 3210 5090 nonnulli
3263 5029 3616 5089 dubitabant,

2052 5137 2196 5191 unde
2219 5145 2274 5191 et
2306 5151 2370 5190 ex
2401 5150 2634 5205 quanam
2664 5133 2799 5186 hora
2842 5130 3160 5184 Dominicus
3215 5126 3430 5194 incipit,
3462 5129 3516 5178 et
3547 5120 3629 5175 ad”

2050 5242 2214 5296 quam
2245 5241 2421 5295 usque
2453 5226 2783 5293 completur,
2819 5223 2923 5276 hoc
2954 5235 3172 5290 quoque
3216 5217 3464 5272 ﬁdelibus
3501 5228 3617 5267 ma-

2051 5320 2255 5374 nifeste
2294 5326 2348 5374 et
2374 5319 2663 5388 perspicue
2699 5316 3072 5377 declararunt,
3109 5318 3164 5366 et
3195 5311 3455 5365 dixerunt
3490 5320 3616 5361 eum

2049 5410 2292 5481 incipere
2324 5418 2447 5480 post
2481 5410 2847 5479 vespertinam
2880 5405 3108 5463 Sabbati
3155 5402 3528 5475 hymnodiam,
3558 5404 3617 5453 et

2050 5504 2302 5560 desinere
2353 5503 2419 5557 ad
2489 5503 2952 5572 complementum
3012 5498 3349 5569 lychnicum,
3404 5493 3455 5547 id
3506 5502 3613 5554 est.

2052 5596 2351 5666 vespertini
2381 5595 2542 5651 ofﬁcii
2575 5595 2894 5651 Dominicac.
2930 5592 2993 5647 Et
3026 5600 3158 5646 tunc
3189 5588 3430 5657 quidem,
3463 5585 3615 5641 scili-
