3992 6484
408 295 514 360 823

1634 308 1703 366 ἸΙ
1714 309 1730 365 l
1743 306 1832 364 Et)
1845 309 1907 367 D.
1940 304 2027 364 BA
2041 307 2338 371 LSAMON

3550 312 3657 373 εει

408 426 497 469 cet
525 424 645 485 post
701 418 1071 484 vespertinum
1125 420 1347 475 Sabbati
1402 438 1574 493 usque
1623 426 1686 477 ad
1742 426 1969 494 comple-

2097 429 2202 482 Καὶ
2229 431 2347 484 τότε
2404 434 2522 503 μὲν,
2567 438 2735 506 ἤγουν
2774 435 2911 507 μετὰ
2947 436 3006 489 τὸ
3054 437 3340 507 ἐσπερινδν
3370 434 3462 487 τοῦ
3522 433 3661 485 Σαϐ-

410 517 660 562 mentum
694 512 1351 580 vespertiniDominicae,
1411 531 1588 586 genua
1623 517 1841 571 ﬂectere
1874 532 1979 571 non

407 608 702 668 oportere,
756 611 986 672 propter
1035 604 1241 661 Christi
1304 609 1814 663 resurrectionem:
1866 619 1983 679 post

408 691 707 748 Dominicze
737 710 866 749 vero
895 697 1232 767 lychnicum,
1264 715 1441 770 genua
1490 717 1705 757 rursum
1761 701 1981 758 ﬂectere

410 791 465 837 et
494 799 684 853 preces
719 785 827 841 Deo
861 788 1161 845 effundere.
1193 791 1271 846 Ad
1312 792 1475 861 hujus
1505 801 1683 847 autem
1718 795 1796 850 rei
1848 811 1982 850 con-

407 876 774 933 tirmatioue'm
844 882 1031 951 adjicit
1089 898 1288 949 canon,
1351 888 1496 955 quod
1559 886 1763 942 Christi
1814 889 1977 943 etiam

412 972 741 1026 resurrectio
774 988 999 1041 vespere
1040 976 1290 1039 Sabbati.
1329 979 1431 1033 hoc
1490 989 1596 1045 est,
1650 988 1778 1035 ante
1834 981 1976 1036 diem

409 1062 757 1119 Dominicum
796 1068 1004 1122 exstitit
1037 1086 1050 1122 :
1080 1070 1358 1138 utﬁfestum
1401 1086 1465 1127 ex
1506 1072 1747 1127 tenebris
1786 1072 1838 1127 in
1894 1074 1980 1127 lu-

406 1172 524 1212 cem
575 1158 895 1226 desineret,
944 1171 999 1217 et
1052 1165 1350 1219 celebratio
1406 1167 1830 1222 resurrectionis
1885 1184 1980 1235 per

406 1251 678 1322 integrum
734 1254 875 1308 diem
912 1256 1290 1327 integramque
1344 1268 1558 1314 noctem
1622 1260 1794 1315 fieret.
1839 1258 1977 1313 Cum

404 1342 521 1397 haec
556 1344 631 1397 ita
659 1360 719 1399 se
756 1346 1017 1414 habeant,
1050 1347 1251 1403 dixerit
1275 1349 1570 1419 quispiam,
1601 1365 1663 1405 ea
1695 1365 1814 1421 quae
1847 1357 1978 1404 sunt

406 1434 458 1486 in
513 1437 765 1504 praesenti
837 1451 1050 1492 canone
1104 1454 1411 1509 repugnare
1462 1440 1724 1496 doctrina:
1770 1457 1978 1511 praace-

403 1528 583 1582 dentis
623 1529 874 1583 canonis.
910 1528 1028 1584 Illic
1059 1529 1204 1584 enim
1235 1530 1436 1585 dictum
1475 1540 1582 1597 est,
1613 1534 1755 1587 diem
1788 1534 1973 1588 llomi~

406 1620 590 1674 nicum
674 1621 951 1675 numerari
1027 1636 1068 1693 at
1126 1624 1350 1693 septima
1420 1626 1553 1679 hora
1618 1626 1975 1696 pracedentis

406 1712 610 1776 noctis,
663 1720 716 1765 et
756 1713 887 1767 hora
952 1723 1104 1769 sexta
1153 1716 1436 1786 sequentis
1484 1719 1660 1772 noctis
1695 1718 1968 1773 desinere.

404 1800 560 1857 Nunc
593 1813 774 1858 autem
817 1804 1095 1860 decretum
1149 1814 1255 1870 est,
1309 1806 1651 1863 Dominicum
1694 1813 1973 1867 numerari

406 1904 526 1962 post
552 1896 864 1967 lychnicum
898 1896 1151 1962 Sabbati,
1193 1907 1247 1953 et
1279 1899 1532 1955 desinere
1561 1916 1791 1972 vespera
1821 1904 1975 1972 ejus-

404 1987 528 2041 dem
567 1989 731 2042 etiam
768 1988 1086 2045 Dominicaa.
1117 1991 1237 2047 Non
1274 2003 1402 2047 sunt
1436 2004 1617 2049 autem
1675 1998 1974 2051 contraria.

405 2083 449 2133 Α
488 2081 723 2135 naturali
753 2083 896 2136 enim
936 2085 1246 2139 caelestium
1282 2100 1575 2155 corporum
1625 2098 1797 2153 motu,
1832 2097 1884 2143 et
1911 2105 1977 2145 ex

407 2172 473 2227 iis
503 2188 624 2241 qu:e
679 2189 909 2241 magnus
963 2175 1209 2231 Damasci
1259 2176 1451 2232 doctor
1505 2178 1706 2248 inquit,
1757 2180 1872 2237 dies
1905 2182 1977 2237 ita

406 2265 599 2333 incipit
628 2276 682 2322 et
715 2267 941 2333 desinit,
975 2268 1118 2323 sicut
1170 2269 1222 2323 in
1259 2270 1326 2325 89
1372 2285 1584 2326 canone
1621 2273 1827 2328 dictum
1869 2284 1975 2330 est.

401 2362 652 2417 Praesens
687 2371 866 2417 autem
914 2378 1090 2418 canon
1130 2366 1383 2421 similiter
1410 2366 1608 2436 iubens
1658 2385 1752 2439 per
1801 2379 1973 2426 totum

405 2457 510 2509 diei
539 2465 593 2510 et
628 2458 805 2513 noctis
835 2458 1074 2528 spatium
1105 2475 1203 2514 nos
1238 2459 1452 2516 Domini
1508 2465 1965 2520 resurrectionem

403 2546 708 2611 celebrare,
747 2541 854 2603 non
886 2550 1093 2605 habens
1129 2560 1310 2607 autem
1354 2569 1580 2611 necesse
1613 2565 1741 2610 tunc
1774 2557 1973 2613 docere

401 2638 469 2692 de
502 2639 703 2694 diurno
751 2644 951 2711 spatio,
1002 2642 1096 2698 sed
1152 2647 1429 2715 quomodo
1493 2657 1546 2704 et
1600 2651 1817 2719 quando
1876 2668 1975 2707 nos

406 2740 623 2800 oportet
675 2732 738 2785 ad
801 2732 923 2787 festi
993 2735 1416 2793 celebrationem
1482 2750 1536 2796 et
1595 2746 1970 2812 pmnitentiam

402 2840 754 2894 componere,
817 2825 972 2887 dicit,
1010 2831 1157 2898 qurd
1212 2842 1335 2899 post
1392 2833 1700 2903 lychnieum
1746 2837 1971 2893 Sabbati

397 2933 483 2979 ea,
540 2933 662 2987 qua:
731 2920 796 2973 ad
845 2925 1271 2979 resurrectionis
1321 2925 1519 2982 festum
1581 2931 1966 2987 celebrandum

398 3010 699 3075 pertinent,
731 3016 1111 3082 componenda
1164 3032 1227 3072 ac
1255 3021 1496 3084 paranda
1534 3030 1661 3076 sunt
1705 3041 1718 3079 :
1778 3025 1852 3078 ita
1915 3035 1967 3081 et

2090 521 2255 575 ϐάτου
2292 524 2459 596 μέχρι
2486 527 2851 598 περατὼσεως
2889 526 2981 581 τοῦ
3014 527 3301 597 ἑσπερινοῦ
3325 526 3424 595 τῆς
3448 527 3659 594 Κυρια-

2085 617 2212 686 κῆς,
2252 620 2325 689 μὴ
2357 620 2562 674 κλίνειν
2614 622 2741 689 γόνυ
2774 621 2859 674 διὰ
2898 622 2997 689 τὴν
3025 623 3117 675 τοῦ
3148 620 3388 691 Χριστοῦ
3419 620 3660 672 ἀνάστα·

2088 725 2206 762 σιν·
2240 712 2380 779 μετὰ
2409 711 2464 764 δὲ
2503 712 2563 765 τὸ
2595 711 2845 781 λυχνικδν
2903 712 3002 782 τῆς
3037 710 3324 782 Κυριακῆς
3385 705 3540 769 αὖθις
3590 707 3661 761 τὰ

2085 802 2290 871 γόνατα
2351 802 2626 873 κάμπτειν
2689 806 2783 858 καὶ
2837 805 2915 874 τῷ
2968 804 3160 875 Κυρίῳ
3227 799 3659 874 προσεύχεσθαι.

2087 894 2419 963 Προστίθησι
2456 895 2511 947 δὲ
2544 896 2621 958 είς
2675 897 3021 965 κατασκευὴν
3054 895 3251 949 τούτου
3280 895 3309 947 δ
3355 891 3535 947 κανὼν
3570 892 3660 945 ὅτι

2084 986 2179 1037 καὶ
2222 986 2590 1055 ήάνάστασις
2643 987 2737 1041 τοῦ
2791 988 3032 1058 Χριστοῦ
3088 987 3231 1043 κατὰ
3274 986 3369 1057 τὴν
3414 984 3664 1054 ἑσπέραν

2082 1078 2176 1130 τοῦ
2212 1079 2516 1145 Σαόὃάτου,
2549 1079 2798 1133 τουτέστι
2827 1080 2935 1151 πρὸ
2964 1078 3293 1150 τῆςὴμέρας
3316 1078 3417 1140 τῆς
3442 1077 3666 1145 Κυρια-

2083 1172 2209 1240 κῆς,
2240 1170 2495 1239 γέγονεν,
2528 1172 2613 1226 ἴνα
2665 1173 2773 1226 ἀπὸ
2804 1173 2899 1227 τοῦ
2948 1173 3173 1237 σκότους
3207 1170 3276 1225 τὰ
3318 1170 3416 1239 τῆς
3466 1167 3669 1238 ἑορτῆς

2087 1264 2437 1334 καταλήξωσι
2483 1266 2621 1337 πρὸς
2661 1264 2799 1335 φῶς,
2862 1265 3012 1336 καὶὴ
3046 1264 3356 1333 πανήγυρις
3404 1263 3501 1328 τῆς
3535 1261 3669 1314 ἀνα-

2083 1358 2329 1420 στάσεως
2357 1359 2575 1429 γίνηται
2601 1357 2691 1411 διὰ
2715 1357 3008 1428 ὁλοκλήρου
3043 1355 3413 1428 νυχθημέρου.
3437 1352 3661 1406 τούτων

2080 1449 2254 1513 οὕτως
2277 1449 2528 1521 ἑχόντων,
2559 1450 2701 1503 εἴποι
2728 1468 2811 1514 τις
2838 1450 3207 1504 ἐναντιοῦσθαι
3238 1450 3306 1502 τὰ
3330 1450 3385 1501 ἐν
3412 1447 3489 1515 τῷ
3514 1463 3591 1498 πα
3605 1461 3669 1515 ρ-

2078 1542 2195 1594 όντι
2238 1542 2422 1595 κανόνι
2454 1544 2521 1614 τῇ
2549 1541 2865 1609 διδασκαλίᾳ
2888 1539 2979 1593 τοῦ
3008 1538 3377 1612 προλαϐόντος
3413 1536 3657 1594 κανόνος.

2093 1633 2240 1685 Ἐκεῖ
2271 1632 2371 1701 μὲν
2416 1632 2526 1704 γὰρ
2550 1632 2765 1703 εἴρηται
2812 1631 2910 1703 τὴν
2944 1630 3289 1705 κυριὼνυμον
3318 1625 3660 1699 ψηφίζεσθαι

2081 1724 2187 1777 ἀπὸ
2215 1724 2312 1794 τῆς
2342 1723 2386 1788 ζ’
2415 1724 2564 1797 ὥρας
2589 1728 2689 1792 τῆς
2727 1723 2833 1794 πρὸ
2882 1722 3052 1792 αὐτῆς
3082 1722 3296 1783 νυκτδς,
3332 1721 3431 1773 καὶ
3490 1735 3656 1771 κατα·

2084 1815 2277 1883 λήγειν
2329 1816 2495 1886 μέχρι
2544 1816 2643 1884 τῆς
2673 1814 2843 1884 ἕκτης
2872 1812 3021 1884 ὥρας
3046 1813 3140 1866 καὶ
3177 1812 3350 1879 αὐτῆς
3384 1810 3483 1879 τῆς
3519 1807 3661 1877 μετὰ

2085 1907 2291 1979 ταύτην
2339 1907 2555 1971 νυκτόςο
2589 1909 2793 1979 ἀρτίως
2846 1907 2901 1960 δὲ
2939 1906 3186 1959 δέδοκται
3236 1905 3337 1975 τὴν
3372 1902 3661 1973 Κυριακὴν

2082 2002 2423 2073 ψηφίζεσθαι
2468 2002 2607 2072 μετὰ
2659 2001 2719 2054 τὺ
2765 2000 3019 2072 λυχνικδν
3064 1999 3156 2053 τοῦ
3204 1996 3509 2058 Σαϐϐάτου,
3567 1997 3662 2048 καὶ

2084 2092 2415 2162 καταλήγειν
2483 2090 2644 2162 μέχρι
2714 2090 2808 2145 τοῦ
2879 2088 3167 2159 ἑσπερινοῢ
3216 2088 3309 2141 καὶ
3360 2086 3525 2139 αὑτοῦ
3560 2085 3661 2153 τῆς

2082 2184 2250 2252 αὐτῆς
2284 2184 2594 2254 Κυριακῆς.
2631 2182 2746 2235 Οὐκ
2782 2181 2890 2234 εἶσὶ
2919 2181 2973 2233 δὲ
3008 2180 3246 2233 ἐναντία.
3289 2178 3425 2231 Ἀπό
3450 2194 3508 2229 τε
3544 2176 3657 2245 γὰρ

2081 2275 2179 2343 τῆς
2220 2276 2454 2344 φυσικῆς
2484 2275 2747 2345 κινήσεως
2774 2273 2881 2327 τῶν
2931 2273 3199 2343 οὐρανίων
3243 2271 3533 2339 σωμάτων,
3563 2269 3661 2322 καὶ

2078 2366 2140 2430 ἐξ
2172 2360 2247 2419 ὧν
2304 2368 2331 2418 ὁ
2374 2366 2551 2437 μέγας
2603 2365 2703 2435 τῆς
2756 2365 3052 2433 Δαμασκοῦ
3095 2364 3420 2424 διδάσκαλός
3469 2378 3659 2432 φησιν,

2078 2461 2252 2522 οὕτως
2282 2462 2314 2528 ή
2372 2459 2558 2529 ἡμέρα
2590 2459 2815 2528 ἄρχεται
2847 2458 2942 2510 καὶ¹
2992 2455 3323 2526 πληροῦται,
3356 2452 3538 2515 καθὼς
3598 2453 3660 2505 ἐν

2078 2556 2155 2627 τῷ
2194 2554 2281 2607 πθ¹
2314 2553 2497 2607 κανόνι
2558 2553 2799 2623 εἴρηται.
2845 2551 2905 2605 Ὀ
2950 2551 3007 2605 δὲ
3042 2548 3233 2621 παρὼν
3270 2548 3451 2601 κανὼν
3482 2563 3662 2617 παρι-

2084 2648 2250 2719 μοίως
2275 2646 2784 2717 παρακελευόμενος
2815 2644 2885 2699 δι’
2913 2644 3034 2698 ὅλου
3071 2641 3445 2713 ήμερονύκτου
3481 2654 3658 2710 πανηο
3740 2653 3753 2661 ’

2080 2742 2329 2815 γυρίζειν
2360 2743 2509 2811 ἡμᾶς
2536 2742 2636 2811 τὴν
2664 2740 2756 2793 τοῦ
2792 2738 2999 2809 Κυρίου
3035 2739 3363 2799 ἀνάστασιν,
3396 2733 3474 2805 μὴ
3514 2733 3657 2803 ἔχων

2076 2839 2132 2892 δὲ
2178 2836 2238 2889 τὸ
2288 2834 2592 2905 τηνικαῦτα
2638 2830 3061 2902 ἠναγκασμένον
3126 2826 3337 2890 διδάξαι
3388 2824 3516 2893 περὶ
3559 2822 3657 2875 τοῦ

2080 2922 2389 2993 ήμερησίου
2426 2920 2814 2990 διαστήματος,
2842 2917 2978 2971 ἀλλὰ
3006 2917 3138 2986 περὶ
3172 2914 3265 2969 τοῦ
3301 2915 3418 2976 πῶς
3444 2914 3526 2966 δεῖ
3560 2911 3658 2965 καὶ

2082 3015 2213 3067 πότε
2247 3010 2669 3083 εὐτρεπίζεσθαι
2705 3011 2852 3079 ἡμᾶς
2895 3010 2974 3072 είς
3006 3008 3316 3079 πανήγυριν
3347 3006 3443 3058 καὶ
3488 3005 3658 3073 μετά·

401 3114 524 3171 post
562 3106 931 3174 vespertinum
979 3107 1274 3165 Dominicre
1306 3127 1366 3166 ea
1422 3126 1539 3183 quae
1590 3115 1655 3168 ad
1688 3120 1961 3185 poeniten-

2080 3123 2255 3171 νοιαν,
2295 3105 2462 3175 φησιν
2491 3104 2572 3157 ὅτι
2613 3103 2754 3173 μετὰ
2797 3102 2858 3154 τὸ
2900 3101 3161 3170 λυχνικὸν
3217 3096 3312 3153 τοῦ
3369 3095 3657 3149 Σαόόάτου

401 3195 556 3250 tiam.
602 3195 658 3250 Si
700 3199 842 3255 enim
876 3199 979 3254 hoc
1007 3217 1119 3255 non
1173 3202 1487 3267 fecerimus,
1530 3208 1622 3260 sed
1674 3223 1849 3278 usque
1903 3212 1969 3267 ad

398 3290 586 3342 horam
623 3278 908 3360 septimam
956 3308 1200 3364 vespera:
1234 3305 1356 3364 post
1399 3296 1744 3353 Dominicum
1788 3303 1966 3371 pumi-

396 3381 585 3435 teutia:
646 3385 1101 3454 prmparationem
1154 3386 1550 3453 distulerimus,
1600 3399 1862 3462 tanquam
1916 3395 1970 3450 in

396 3488 460 3527 ea
492 3475 765 3545 completo
822 3476 1144 3543 Dominico,
1204 3479 1385 3548 pepuli
1415 3489 1538 3550 post
1592 3483 1967 3554 Dominicum,

396 3565 599 3634 pepulo
663 3566 857 3620 festum
920 3569 1234 3623 celebrante
1287 3572 1531 3641 ignotum
1596 3575 1703 3633 erit
1756 3586 1971 3651 tempus

396 3666 520 3725 post
555 3656 925 3724 Dominicum,
983 3660 1185 3715 festum
1238 3663 1575 3721 celebrantes
1633 3672 1960 3739 manserint,

392 3761 459 3800 eo
482 3746 627 3815 quod
665 3747 851 3802 multis
882 3757 1046 3819 atque
1080 3751 1217 3805 adeo
1240 3752 1488 3820 pluribus
1520 3756 1587 3809 sit
1609 3756 1967 3828 incognitum,

392 3839 615 3907 quando
651 3840 831 3893 veniat
864 3841 1003 3894 hora-
1025 3842 1255 3912 septima
1282 3852 1367 3909 ,ct
1394 3847 1611 3914 quando
1646 3851 1970 3907 tertuinetur

394 3944 572 3989 sexta.
626 3933 874 3991 Observa
930 3952 1061 4004 ergo
1115 3952 1377 4005 canones,
1436 3941 1527 3997 ubi
1589 3953 1643 3997 ct
1695 3948 1970 4015 quomodo

394 4027 527 4081 editi
582 4036 754 4083 sunt:
789 4044 890 4084 nec
923 4044 1020 4087 eos
1074 4031 1277 4087 dixeris
1329 4034 1473 4088 inter
1528 4052 1586 4091 se
1640 4053 1964 4109 repugnare.

394 4117 632 4189 Spiritus
663 4121 806 4177 enim
836 4130 1063 4179 sanctus
1115 4124 1167 4179 in
1202 4127 1460 4183 omnibus
1504 4129 1719 4185 locutus
1751 4141 1855 4187 est.

458 4474 618 4546 265
653 4475 906 4533 ZONAR.
939 4476 1061 4533 Non
1105 4493 1227 4534 esse
1269 4478 1572 4535 Dominicis
1615 4493 1710 4537 aut
1764 4482 1963 4535 Pente-

386 4577 566 4623 costes
600 4568 798 4623 diebus
832 4568 1100 4624 ﬂectenda
1160 4586 1338 4640 genua
1376 4572 1534 4626 multl
1584 4587 1828 4629 canones
1871 4575 1967 4629 de-

387 4680 634 4721 crevere.
687 4666 887 4720 Eadem
942 4667 1129 4721 Basilii
1200 4681 1422 4737 quoque
1482 4682 1637 4722 mens
1694 4668 1816 4729 fuit,
1870 4668 1962 4739 qui

388 4765 650 4824 prmterea
692 4772 914 4821 causas,
946 4767 1173 4829 propter
1226 4774 1370 4828 quas
1401 4774 1465 4814 ea
1500 4760 1844 4815 consuetudo
1893 4761 1965 4817 sit

386 4849 672 4909 damnata,
729 4849 1030 4904 subnectit.
1087 4848 1183 4903 llic
1230 4865 1360 4905 vero
1402 4864 1578 4904 canon
1605 4853 1672 4905 de
1720 4850 1841 4907 solo
1874 4850 1963 4907 die

388 4940 676 4994 Dominico
715 4942 930 5005 statuit,
962 4949 1292 5013 tempusque
1339 4957 1369 4994 a
1432 4943 1610 5012 primo
1665 4944 1730 4997 ad
1781 4954 1964 4999 evtre~

385 5047 557 5095 mum,
609 5032 663 5085 in
717 5048 827 5101 quo
857 5049 1030 5097 genua
1086 5034 1449 5102 procumbere
1485 5033 1709 5087 minime
1761 5035 1946 5100 liceat,

385 5129 573 5189 aperte
607 5120 948 5187 describens,
999 5124 1117 5176 ait:
1156 5125 1202 5177 A
1252 5122 1491 5178 Sabbato
1535 5124 1775 5193 quidem,
1837 5140 1958 5180 eum

388 5211 624 5278 primum
660 5227 889 5279 vespere
926 5215 1001 5267 ad
1042 5215 1212 5269 altare
1249 5214 1589 5269 initiatorum
1623 5216 1824 5270 chorus
1878 5217 1962 5270 iur-

386 5302 653 5372 greditur,
682 5318 847 5359 nemo
878 5320 1018 5376 genu
1048 5308 1254 5372 ﬂectat,
1296 5307 1372 5361 ad
1398 5323 1573 5375 usque
1617 5308 1726 5361 diei
1774 5306 1955 5360 υυιιιί-

389 5397 498 5452 nici
556 5411 865 5466 vesperam,
910 5399 1129 5469 quando
1158 5400 1374 5454 scilicet
1429 5400 1567 5453 alter
1618 5399 1957 5454 initiatorum

392 5488 453 5541 ﬁt
489 5489 794 5558 ingressus,
858 5496 986 5543 tunc
1021 5489 1165 5543 enim
1218 5505 1393 5559 genua
1444 5489 1744 5553 ﬂectentes,
1794 5500 1849 5546 et
1884 5491 1963 5546 sic

390 5582 613 5629 orantes
643 5590 750 5629 non
775 5577 1145 5645 peceabimus.
1182 5580 1315 5644 Quae
1350 5574 1453 5634 nes
1499 5581 1702 5635 etenim
1752 5582 1962 5637 Sabbu-

392 5674 503 5718 tum
538 5667 915 5736 consequitur.
940 5685 1000 5724 ea
1039 5673 1257 5740 propria
1285 5670 1580 5728 Dominicae
1604 5674 1743 5730 lueis
1772 5676 1963 5729 existi-

392 5767 591 5822 matur,
630 5773 794 5828 quam
828 5761 991 5816 etiam
1026 5763 1267 5833 hymnis,
1304 5762 1478 5835 inquit
1529 5780 1727 5832 canon,
1773 5767 1962 5821 tradu-

2078 3200 2147 3253 τὰ
2191 3197 2327 3269 πρὸς
2353 3197 2664 3267 πανήγυριν
2713 3194 2811 3264 τῆς
2858 3193 3209 3255 ἀναστάσεως
3240 3189 3651 3261 εὖτρεπιστέονο

2077 3289 2336 3351 ὡσαύτως
2374 3289 2469 3341 καὶ
2503 3286 2642 3356 μετὰ
2682 3286 2739 3339 τὸ
2786 3285 3074 3354 ἑσπερινδν
3110 3284 3211 3353 τῆς
3246 3280 3559 3351 Κυριακῆς,
3583 3281 3655 3333 τὰ

2078 3381 2215 3453 πρὸς
2257 3380 2566 3449 μετάνοιαν.
2611 3379 2672 3431 Εἰ
2702 3378 2775 3447 μὴ
2810 3378 2920 3447 γὰρ
2950 3375 3093 3430 οὕτω
3131 3375 3466 3445 ποιήσωμεν,
3516 3372 3658 3427 ἀλλὰ

2080 3474 2242 3543 μέχρι
2278 3473 2378 3543 τῆς
2404 3470 2643 3541 ὲὸδόμης
2676 3468 2827 3536 ὥρας
2879 3468 3016 3538 μετὰ
3046 3466 3144 3537 τὴν
3168 3464 3454 3537 Κυριακὴν
3488 3464 3655 3517 ἑσπέ-

2078 3586 2176 3640 ρας
2211 3544 2618 3637 ἀναμείνωμεν,
2664 3564 2757 3617 ml.
2802 3562 2892 3615 τὸν
2933 3559 3298 3633 εὐτρεπισμὸν
3353 3559 3451 3629 τῆς
3488 3575 3655 3629 μετα-

2074 3662 2247 3725 νοίας,
2289 3660 2364 3724 ὡς
2400 3660 2459 3713 έν
2491 3657 2661 3732 ταύτῃ
2699 3656 3205 3726 συμπληρουμένης
3255 3652 3357 3723 τῆς
3389 3650 3655 3722 κυριωνῦ-

2078 3772 2202 3824 μου,
2234 3752 2453 3806 λάθοιεν
2494 3751 2561 3805 ἂν
2591 3748 3060 3818 πανηγυρίζοντες
3090 3746 3183 3798 καὶ
3217 3746 3360 3815 μετὰ
3419 3745 3519 3814 τὴν
3555 3762 3654 3797 κυ·

2078 3843 2375 3916 ριώνυμον,
2407 3842 2495 3896 διὰ
2532 3842 2590 3894 τὸ
2622 3840 2863 3903 πολλοῖς,
2936 3837 3138 3907 μᾶλλον
3177 3837 3233 3889 δὲ
3265 3839 3381 3899 τοῖς
3410 3835 3655 3889 πλείοσιν

2072 3936 2440 4003 ἀδιάγνωστον
2458 3932 2595 3988 εἶναι
2618 3932 2716 4002 τὴν
2743 3929 3067 3984 ἐπιστασίαν
3096 3931 3191 3997 τῆς
3224 3929 3459 3998 ἑϐδόμης
3475 3927 3647 3998 ὥρας,

2076 4029 2171 4082 καὶ
2200 4028 2261 4079 τὸ
2290 4026 2444 4090 τέλος
2492 4026 2594 4094 τῆς
2619 4025 2807 4093 ἕκτης.
2838 4022 3102 4093 Συντήρει
3136 4019 3233 4074 οὖν
3265 4021 3332 4075 τὰ
3362 4022 3649 4086 κανονικὰ,

2074 4117 2205 4172 ἔνθα
2234 4117 2329 4172 καὶ
2368 4118 2521 4178 ὅπως
2550 4113 2994 4185 ὲξεφωνὴθησαν·
3050 4113 3144 4166 καὶ
3181 4112 3257 4183 μὴ
3305 4110 3467 4181 εἴπῃς
3498 4113 3649 4163 ἐναν-

2076 4209 2344 4263 τιοῦσθαι.
2403 4208 2492 4260 Ἐν
2530 4209 2665 4260 πᾶσι
2710 4205 2819 4276 γὰρ
2853 4206 2913 4259 τὺ
2955 4204 3227 4273 πανάγιον
3269 4200 3498 4274 Πνεῦμα
3532 4202 3648 4256 ἑλά-

2076 4318 2140 4372 ι.η
2148 4318 2256 4355 σεν.

2142 4482 2387 4536 ΖΩΝΑΡ.
2427 4481 2500 4533 Τὸ
2525 4478 2601 4551 μὴ
2654 4478 2860 4532 κλίνειν
2907 4479 3038 4547 γόνυ
3095 4480 3153 4532 ὲν
3179 4477 3493 4549 Κυριακαϊς
3523 4478 3556 4548 ἢ
3587 4477 3643 4530 ὲν

2070 4577 2191 4638 ταῖς
2236 4573 2337 4641 τῆς
2381 4570 2765 4641 Πεντηκοστῆς
2825 4571 3060 4640 ἡμέραις
3117 4568 3367 4640 διάφοροι
3417 4569 3645 4637 νομοθε-

2068 4666 2224 4719 τοῦσι
2267 4664 2512 4725 κανόνες,
2556 4660 2650 4714 καὶ
2679 4659 2708 4712 ὁ
2752 4659 2928 4727 μέγας
2956 4658 3258 4723 Βασίλειος,
3298 4658 3357 4720 ὃς
3399 4658 3499 4711 καὶ
3545 4656 3645 4720 τὰς

2070 4758 2253 4819 αἰτίας
2286 4754 2639 4826 προστίθησι,
2670 4753 2735 4805 δι’
2780 4750 2849 4814 ἃς
2880 4751 3280 4821 ἀπηγόρευται.
3318 4742 3490 4811 υῦτος
3515 4749 3573 4802 δὲ
3616 4750 3643 4801 ό

2070 4848 2253 4903 κανὼν
2286 4848 2415 4917 περὶ
2446 4846 2614 4915 μόνης
2636 4844 2744 4913 ,τῆς
2798 4845 3087 4914 Κυριακῆς
3126 4842 3500 4905 διατάττεται,
3546 4839 3641 4895 καὶ

2067 4942 2132 4994 ὲκ
2170 4938 2331 5001 ποίας
2361 4936 2513 5007 ὥρας
2550 4936 2713 5006 μέχρι
2745 4934 2892 4997 τίνος
2929 4935 3050 4987 οὐδὲ
3079 4933 3281 4987 κλίνειν
3305 4934 3434 5001 γόνυ
3454 4931 3642 5002 σαφῶς

2068 5030 2355 5103 παριστῶν
2395 5043 2531 5098 φησι
2574 5024 2714 5097 μετὰ
2763 5026 2863 5094 τὴν
2896 5024 3036 5077 κατὰ
3063 5023 3125 5077 τὸ
3167 5023 3445 5077 Σάϐϐατόν
3475 5024 3641 5075 ἑσπε-

2068 5124 2223 5192 ρικὴν
2275 5120 2479 5174 εἴσοδον
2518 5121 2598 5182 εἰς
2625 5118 2688 5171 τὸ
2725 5117 3115 5187 θυσιαστήριον
3170 5117 3279 5167 τῶν
3327 5114 3640 5185 ἱερωμένων

2069 5215 2276 5286 μηδένα
2328 5213 2457 5282 γόνυ
2487 5212 2692 5264 κλίνειν
2733 5212 2896 5281 μέχρι
2947 5210 3043 5279 τῆς
3084 5207 3323 5279 ἑσπέρας
3377 5207 3477 5273 τῆς
3526 5206 3637 5260 Κυ-

2067 5310 2289 5383 ριακῆς,
2326 5309 2415 5361 ὅτε
2449 5304 2652 5376 δηλαδὴ
2729 5300 2886 5366 αὖθις
2940 5303 2972 5372 ἡ
3024 5300 3227 5361 εἴσοδος
3275 5300 3490 5367 γίνεται
3530 5297 3636 5352 τῶν

2070 5402 2410 5473 ἱερωμένωνρ
2462 5400 2649 5453 ἔκτοτε
2679 5396 2786 5465 γὰρ
2832 5395 3107 5456 κλίνοντες
3141 5393 3270 5461 γόνυ
3320 5393 3412 5445 καὶ
3464 5390 3639 5454 οὕτως

2062 5492 2357 5561 εὐχόμενοι
2380 5490 2476 5559 οὐχ
2523 5488 2939 5560 ἀμαρτήσομεν.
2988 5485 3052 5538 Ἦ
3083 5487 3192 5552 γὰρ
3223 5483 3361 5552 μετὰ
3409 5483 3471 5534 τὸ
3497 5482 3637 5536 Σάδ-

2065 5584 2231 5637 6ατον
2254 5581 2350 5646 νὺξ
2379 5582 2477 5651 τῆς
2510 5579 2797 5649 Κυριακῆς
2822 5578 3123 5645 λογίζεται,
3156 5577 3222 5646 ἢν
3244 5576 3335 5628 καὶ
3355 5577 3414 5627 ὲν
3446 5573 3634 5645 ὕμνοις

2064 5671 2181 5724 δέον
2202 5671 2431 5739 διάγειν.
2453 5670 2619 5739 φησιν
2649 5671 2676 5722 ὁ
2711 5667 2912 5735 κανὼν,
2938 5670 3001 5720 ἐκ
3035 5666 3262 5730 σκότους
3288 5666 3367 5728 εἰς
3401 5665 3516 5732 φῶς
3535 5665 3639 5739 τὴν

2066 5768 2261 5837 ἑορτὴν
2324 5764 2824 5835 παραπέμποντας,
2889 5761 2991 5817 καὶ
3029 5760 3201 5824 οὕτως
3248 5761 3306 5812 ἐν
3356 5758 3629 5828 ὁλοκλήρῳ
