3992 6484
261 385 369 449 8Ξ5

1311 399 1392 461 ΙΝ
1418 402 1583 463 CAN.
1615 404 1739 463 XCI
1773 402 1960 464 (ΖΟΧο
2009 409 2079 466 I\'
2112 412 2439 475 TliUlLO.

3400 427 3505 496 896

259 504 417 555 νυκτὶ
479 504 573 558 καὶ
643 506 826 579 ἡμέρᾳ
877 512 1276 584 πανηγυρίζειν
1334 518 1481 587 ἡμᾶς
1539 518 1637 590 τὴν
1695 517 1811 572 ἀνάι

1930 541 2075 589 cere,
2122 525 2367 584 festivam
2420 531 2792 590 celebritatem
2843 553 2873 592 ο
2943 540 3184 597 tenebris
3238 543 3291 597 in
3328 545 3502 601 lucem

256 609 464 649 στασιν.

251 783 475 839 ΑΡΙΣΤ.
522 805 542 837 ι
588 788 742 842 Μετὰ
773 788 871 861 τὴν
892 791 1189 863 ἐσπερινὴν
1205 793 1412 850 εἴσοδον
1432 801 1525 851 τοῦ
1549 800 1826 856 Σαϐϐάτου

337 897 357 930 ι
401 880 474 949 μὴ
506 881 634 948 γόνυ
661 884 854 955 κλίνῃς
897 886 1026 956 ἄχρι
1080 887 1179 956 τῆς
1214 888 1505 961 ὲσπερινῆς
1542 895 1685 947 κατὰ
1728 895 1826 968 τὴν

331 990 350 1020 ι
390 972 676 1045 Κυριακὴν
701 976 927 1035 εἰσόδου,
964 998 981 1030 ι

325 1061 425 1115 Ἐκ
453 1062 562 1115 τῶν
592 1066 869 1138 θεοφόρων
908 1073 1169 1144 Πατέρων
1226 1077 1529 1140 κανονικῶς
1579 1077 1823 1147 παρελά-

248 1150 425 1222 ϐομεν
454 1155 530 1225 μὴ
559 1158 686 1223 γόνυ
716 1160 915 1217 κλίνειν
953 1165 1012 1215 ἐν
1031 1170 1152 1230 ταῖς
1172 1169 1497 1235 Κυριακαῖς,
1518 1170 1592 1233 ὡς
1619 1170 1824 1239 τιμῶν-

243 1262 341 1308 τες
374 1248 475 1318 τὴν
496 1250 587 1302 τοῦ
613 1253 819 1323 Κυρίου
840 1256 1163 1312 ἀνάστασιν.
1198 1262 1316 1313 Ἵνα
1343 1260 1472 1329 γοῦν
1498 1261 1571 1333 μὴ
1636 1264 1826 1334 ἀγνοῆ-

244 1355 339 1390 ται
382 1341 414 1409 ἠ
465 1348 855 1413 παρατήρησις
914 1349 1077 1420 αὕτη,
1119 1354 1265 1416 ὅπως
1309 1353 1514 1424 ὀφείλει
1552 1356 1819 1423 γίνεσθαι,

241 1429 419 1499 δήλην
449 1433 615 1505 αὐτὴν
643 1437 691 1489 οἱ
720 1439 965 1509 Πατέρες
1006 1446 1120 1506 τοῖς
1163 1449 1377 1512 πιστοῖς
1412 1447 1502 1500 διὰ
1536 1448 1630 1502 τοῦ
1655 1452 1819 1502 κανό-

240 1539 335 1584 νος
379 1527 570 1579 τούτου
629 1532 1023 1601 πεποιήκασιν·
1091 1537 1230 1590 ὥστε
1272 1541 1410 1609 μετὰ
1466 1543 1566 1610 τὴν
1625 1545 1683 1596 ἐν
1742 1543 1821 1614 τῷ

238 1613 516 1687 Σαϐϐάτῳ
548 1618 846 1693 ἐσπερινὴν
871 1625 981 1676 τῶν
1021 1628 1335 1699 ἱερωμένων
1370 1633 1508 1702 πρὸς
1541 1635 1602 1687 τὸ
1634 1613 1822 1689 Ουσιαξ-

238 1707 468 1777 στήριον
496 1709 698 1763 εἴσοδον
729 1713 803 1784 μὴ
836 1716 964 1783 γόνυ
1011 1719 1212 1773 κλίνειν
1260 1723 1424 1794 μέχρι
1460 1725 1560 1791 τῆς
1616 1727 1818 1795 ἐφεξῆς

237 1801 389 1853 κατὰ
410 1802 509 1870 τὴν
556 1805 849 1879 Κυριακὴν
879 1811 1178 1881 ὲσπερινῆς
1213 1815 1446 1880 εἰσόδου,
1487 1817 1561 1875 ὡς
1592 1819 1648 1869 ἐν
1695 1819 1814 1871 ὁλο-

235 1892 433 1963 κλήρῳ
483 1896 811 1968 νυχθημέρῳ
874 1904 1273 1975 πανηγυρίζειν
1328 1908 1477 1977 ἡμᾶς
1537 1909 1634 1980 τὴν
1687 1911 1817 1963 ἀνά-

236 2001 457 2041 στασιν.

818 2086 1061 2140 ΚΑΝΩΝ
1098 2087 1209 2156 ιμγ.

241 2190 258 2222 ι
296 2172 415 2235 Τὰς
444 2173 511 2227 τὰ
534 2175 915 2250 ἀμϐλωθρίδια
942 2181 1198 2243 διδούσας
1262 2185 1532 2255 φάρμακα
1578 2190 1673 2242 καὶ
1716 2193 1815 2252 τὰς

312 2284 334 2316 ι
372 2266 673 2336 δεχομένας
715 2270 782 2325 τὰ
822 2274 1204 2344 ἐμϐρυοκτόνα
1242 2277 1544 2350 δηλητήρια
1598 2282 1675 2353 τῷ
1718 2283 1813 2337 τοῦ

307 2375 327 2405 ι
375 2358 862 2433 φονέωςὶπιτιμίῳ
890 2367 1399 2436 καΟυποόάλλομεν.
1436 2389 1455 2422 ι

301 2450 514 2505 ΒΛΛΣ.
565 2453 794 2520 Ἐπίσης
833 2457 1055 2522 κολάζει
1102 2461 1131 2512 6
1183 2460 1365 2515 κανὼν
1421 2463 1499 2533 τῷ
1548 2466 1812 2537 ἐπιτιμίῳ

227 2543 326 2596 τοῦ
362 2542 571 2611 φονέως
603 2544 700 2608 τὰς
722 2546 970 2611 διδούσας
993 2550 1261 2621 φάρμακα
1296 2554 1600 2627 δηλητήρια
1650 2560 1812 2629 χάριν

228 2632 328 2684 τοῦ
387 2632 751 2703 ἀμϐλωθῆναι
817 2637 885 2691 τά
925 2639 1165 2709 ἔμϐρυα,
1214 2646 1312 2699 καὶ
1369 2647 1468 2711 τὰς
1516 2648 1814 2720 δεχομένας

228 2725 403 2780 αὐτά.
456 2727 570 2781 Kal.
617 2728 646 2780 6
700 2730 799 2799 μὲν
860 2734 1045 2791 κανὼν
1084 2735 1174 2791 διὰ
1219 2738 1465 2793 τοιούτου
1534 2730 1813 2814 ἐπιτιμίου

227 2820 455 2885 κολάζει
506 2821 735 2887 ταύτας.
776 2826 885 2879 Καὶ
934 2828 1192 2899 εὑρήσεις
1250 2833 1319 2885 τὰ
1354 2834 1466 2904 εἴδη
1500 2836 1607 2889 τῶν
1643 2837 1815 2891 ἐπιτι-

227 2913 377 2982 μίων
410 2915 468 2966 ἐν
515 2916 592 2986 τῷ
640 2918 685 2986 β’
729 2918 913 2973 κανόνι
962 2920 1056 2973 τοῦ
1090 2923 1245 2990 ἁγίου
1278 2925 1580 2992 Βαριλείου,
1628 2930 1723 2983 καὶ
1756 2933 1814 2984 ἐν

224 3010 302 3076 τῷ
342 3008 428 3065 κα⁹
474 3015 659 3067 κανόνι
705 3015 800 3082 τῆς
837 3017 894 3069 ἐν
965 3018 1209 3091 ’Ᾱγκύρᾳ
1260 3022 1498 3077 συνόδου.
1537 3026 1610 3078 Τὸ
1663 3026 1718 3079 δὲ
1763 3033 1813 3080 α’

223 3119 357 3171 κεφ.
432 3105 525 3158 τοῦ
584 3105 660 3159 λον
699 3107 882 3161 τίτλου
953 3109 1047 3164 τοῦ
1114 3113 1154 3177 ξ’
1201 3113 1404 3184 βιϐλίου
1457 3118 1591 3187 φησι
1636 3119 1814 3173 ταῦτα

1939 622 2398 689 transmittentes,
2452 633 2506 680 et
2570 626 2650 682 sic
2702 637 2814 685 tota
2852 639 3014 688 nocte
3072 634 3269 705 dieque
3322 654 3506 692 resur-

1938 712 2235 767 rectionem
2272 732 2373 772 nos
2411 718 2691 775 celebrare
2721 732 2958 791 oportet.

1932 802 2158 859 AlllST.
2197 824 2216 857 ι
2252 806 2380 861 Post
2438 813 2808 880 vespertinum
2876 817 3100 873 Sahhati
3157 821 3502 890 ingressum,

2010 917 2030 950 ι
2076 915 2249 969 usque
2280 902 2346 955 ad
2390 905 2766 971 vespertinqu
2817 907 3111 965 Dominica:
3153 914 3499 981 ingressum,

2007 1009 2024 1041 ι
2064 1008 2237 1061 genua
2277 1010 2342 1047 ne
2379 994 2618 1051 flectas.»

2002 1086 2045 1137 Λ
2076 1085 2278 1139 divinis
2315 1084 2573 1142 Patrihus
2605 1091 2869 1146 canonice
2922 1094 3254 1164 accepimus,
3312 1097 3499 1150 Domi-

1933 1174 2071 1228 nicis
2105 1192 2244 1243 genu
2285 1193 2390 1231 non
2426 1178 2670 1245 flectere,
2700 1192 2762 1235 ut
2795 1183 3009 1239 Domini
3039 1187 3497 1241 resurrectionem

1928 1265 2285 1322 honorantes.
2326 1268 2389 1325 Ut
2422 1270 2608 1340 itaque
2634 1273 2749 1326 lure
2782 1274 3095 1329 observatio
3142 1293 3247 1330 non
3278 1278 3498 1344 ignore-

1930 1369 2040 1421 tur,
2075 1362 2351 1429 quomodo
2403 1363 2515 1417 fieri
2554 1366 2736 1431 debet,
2788 1382 2906 1420 eam
2967 1366 3154 1421 Patres
3201 1384 3295 1437 per
3352 1369 3498 1421 hunc

1927 1467 2192 1506 canonetn
2227 1454 2478 1510 fidelibus
2509 1457 2852 1512 manifestam
2885 1458 3222 1521 effecerunt;
3270 1468 3327 1513 ut
3374 1469 3497 1529 post

1931 1549 2306 1614 vr-Spertinum
2341 1550 2693 1603 sacerdotum
2719 1552 2771 1604 in
2803 1550 3045 1606 Sabhato
3086 1553 3153 1605 ad
3191 1552 3362 1605 altare
3409 1553 3497 1605 in-

1924 1653 2169 1706 gressum
2209 1657 2345 1709 genu
2382 1658 2487 1695 non
2522 1642 2737 1699 flectere
2767 1645 3090 1706 debeamus.
3115 1661 3288 1715 usque
3317 1646 3382 1698 ad
3414 1661 3500 1699 se-

1928 1742 2185 1798 quentem
2224 1734 2277 1788 in
2308 1735 2391 1788 die
2432 1735 2712 1791 Dominico
2742 1738 3112 1802 vespertinum
3159 1737 3494 1804 ingressum,

1848 1868 1888 1923 Β
1927 1831 1985 1875 ιιι
2020 1840 2114 1892 per
2147 1824 2421 1893 integrum
2462 1828 2640 1881 noctis
2678 1834 2732 1880 ct
2763 1828 2867 1881 diei
2909 1829 3145 1898 spatium
3180 1844 3282 1884 nus
3315 1843 3498 1883 resur-

1922 1918 2215 1971 rectionem
2256 1917 2619 1974 celebremus.

2495 2098 2725 2155 CANON
2770 2100 2907 2155 XCI.

1924 2207 1942 2239 ι
1986 2188 2090 2243 Eas
2123 2205 2243 2258 quae
2274 2190 2399 2244 dant
2432 2192 2774 2248 abortionem
2812 2196 3009 2248 cientia
3067 2194 3489 2259 medicamenta,

1994 2300 2012 2333 ι
2048 2291 2100 2334 et
2136 2298 2256 2351 qum
2298 2284 2459 2337 fmtus
2498 2284 2750 2338 necantia
2813 2300 3023 2339 venena
3060 2285 3360 2354 accipiunt,
3392 2286 3490 2339 ho-

1994 2395 2012 2427 ι
2053 2377 2265 2430 mieidm
2304 2378 2483 2445 pmnis
2511 2376 2860 2446 suhjieimus.
2904 2396 2922 2429 ι

1989 2468 2183 2522 BALS.
2247 2468 2449 2522 Eadem
2511 2486 2695 2539 pcena.
2767 2486 2873 2538 qua
2914 2470 3266 2534 homicidam,
3328 2470 3489 2539 puniit

1916 2577 2093 2615 canon
2123 2576 2238 2623 eas,
2270 2578 2392 2629 qum
2420 2564 2551 2615 dant
2576 2578 2808 2625 venena,
2860 2570 2917 2615 ut
2960 2578 3141 2632 prove:
3163 2572 3287 2617 elnr
3323 2564 3490 2616 ahor-

1920 2651 2017 2710 tio,
2053 2660 2102 2704 et
2139 2666 2258 2719 qua:
2290 2651 2592 2720 accipiunt.
2633 2651 2696 2704 Et
2740 2651 2827 2706 hic
2858 2653 3078 2722 quidem
3132 2667 3308 2705 canon
3368 2653 3491 2705 illas

1918 2742 2007 2795 tali
2044 2758 2201 2808 ptena
2236 2743 2417 2798 allicit.
2454 2743 2747 2798 Pmnarum
2786 2754 2965 2797 auten
3005 2760 3208 2813 genera
3240 2744 3491 2798 invenies

1914 2833 1969 2888 in
2019 2837 2054 2886 2
2098 2849 2221 2888 can.
2280 2834 2452 2889 sancti
2501 2833 2807 2895 Basilii.et
2875 2836 2928 2889 in
2986 2836 3050 2888 ει
3111 2850 3237 2889 ean.
3295 2836 3488 2906 synodi

1914 2926 2113 2995 Aneyr.
2147 2926 2383 2979 l’rimum
2420 2934 2599 2979 autem
2641 2936 2805 2995 caput
2874 2928 2940 2982 59
2978 2927 3063 2981 tit.
3117 2943 3180 2980 ωε
3226 2928 3323 2981 lib.
3374 2928 3491 2981 hazc

1916 3015 2050 3070 dicit
2082 3031 2339 3083 expresse
2371 3034 2384 3069 :
2419 3015 2557 3087 Lege
2584 3017 2651 3070 de
2680 3016 2974 3071 homicidis
3025 3028 3239 3072 tenetur
3288 3019 3355 3083 is,
3394 3019 3487 3088 qni

1917 3110 2191 3162 hominem
2228 3109 2453 3175 occidit,
2481 3118 2534 3164 et
2564 3111 2657 3179 qui
2709 3111 2836 3164 dolo
2870 3112 3101 3166 suscitat
3152 3112 3489 3176 incendium,

229 3195 420 3264 ῥητῶς
456 3210 472 3227 ο
541 3197 634 3266 Τῷ
684 3200 811 3268 περὶ
848 3199 1192 3270 ἀνδροφόνων
1250 3206 1401 3275 νόμῳ
1446 3206 1729 3261 ὑπόκειται
1780 3211 1806 3261 6

1920 3209 1966 3256 et
1993 3201 2107 3271 qui,
2146 3202 2226 3256 vel
2258 3201 2473 3256 furandi
2512 3204 2594 3257 vel
2628 3203 2793 3258 caedis
2820 3202 3085 3258 faciendae
3130 3204 3328 3276 gratia,
3360 3220 3487 3258 cum

223 3287 473 3355 φονεύων
505 3289 817 3359 ἄνθρωπον,
849 3292 944 3346 καὶ
974 3294 1002 3345 6
1034 3294 1177 3347 κατὰ
1210 3295 1359 3348 δόλον
1394 3297 1563 3351 ποιῶν
1590 3301 1803 3373 ἐμπρη-

224 3382 393 3449 σμὸν.
428 3383 523 3435 καὶ
546 3383 573 3435 6
604 3383 693 3436 διὰ
717 3384 929 3455 φόνονῆ
956 3385 1162 3457 κλοπὴν
1191 3388 1309 3456 μεθ’
1335 3389 1516 3443 ὃπλων
1554 3394 1805 3462 περιιὼν,

222 3472 322 3527 καὶ
356 3473 384 3525 6
415 3472 588 3543 ἀρχῆς
626 3472 659 3543 ἢ
695 3472 1054 3543 δικαστηρίου
1086 3476 1353 3545 δημοσίου
1388 3478 1689 3547 προεστὼς,
1711 3483 1805 3535 καὶ

224 3564 547 3626 σπουδάσας
572 3564 831 3628 πλαστῶς
865 3566 1319 3637 κατηγορηθῆναί
1359 3586 1482 3621 τινα
1514 3570 1608 3623 καὶ
1653 3572 1809 3625 ἀναι-

223 3660 364 3721 τίως
396 3658 893 3727 καταδικασθῆναι,
957 3660 1051 3713 καὶ
1093 3662 1120 3713 6
1167 3661 1261 3714 ἐπὶ
1308 3662 1587 3732 ἀναιρέσει
1634 3682 1808 3719 κατα-

226 3751 507 3813 σκευάσας
556 3750 866 3821 ῆδεδωκὼς
925 3752 1217 3822 φάρμακον
1246 3767 1261 3784 ⁶
1301 3754 1399 3808 ml.
1452 3773 1578 3825 κεφ.
1626 3764 1675 3827 γ’
1727 3756 1805 3827 τῷ

228 3844 368 3916 περὶ
413 3845 767 3914 ἀνδροφόνων
815 3845 963 3916 νόμῳ
1012 3848 1324 3918 κατέχεται.
1389 3850 1499 3904 Καὶ
1538 3852 1566 3903 6
1609 3851 1699 3904 διὰ
1746 3853 1807 3906 τὸ

228 3936 499 4003 φονεῦσαι
524 3935 816 4007 ἄνθρωπον
846 3938 1142 4007 φάρμακον
1174 3940 1346 3992 ποιῶν
1388 3939 1421 4009 ἢ
1474 3942 1805 4011 πιπράσκων

226 4029 257 4098 ἦ
296 4031 463 4099 ἔχων.
498 4028 618 4081 Εἰσὶ
644 4028 700 4081 δὲ
729 4030 998 4099 φάρμακα
1039 4029 1228 4098 ὑγείαν
1259 4030 1591 4101 ἐμποιοῦντα
1622 4034 1715 4086 καὶ
1738 4034 1807 4087 τὰ

225 4120 499 4191 λεγόμενα
518 4120 733 4191 φίλτρα.
776 4122 919 4175 Οίδέ
960 4121 1028 4176 τὰ
1052 4122 1251 4193 φίλτρα
1290 4124 1571 4189 ποιοῦντες
1603 4126 1805 4195 δημευ·

227 4214 430 4283 όμενοι
494 4211 952 4284 ἐξοριζέσθωσαν.
996 4216 1059 4268 El
1118 4216 1175 4268 δὲ
1229 4216 1323 4270 καί
1390 4236 1472 4282 τις
1536 4220 1610 4289 μὴ
1652 4219 1807 4292 κακῷ

228 4304 482 4376 λογισμῷ
507 4305 652 4377 δὼσῃ
709 4307 929 4375 γυναικὶ
977 4307 1365 4378 συλληπτικὸν,
1400 4312 1497 4365 καὶ
1560 4302 1807 4383 ἀποθάνῃ

227 4400 259 4468 ἡ
308 4396 574 4463 λαϐοῦσα,
626 4397 966 4467 ἐξορίζεταιο
1003 4400 1116 4454 Καὶ
1170 4399 1314 4469 Θέμα
1374 4400 1421 4470 γ’
1486 4402 1579 4456 τοῦ
1641 4405 1805 4458 αὐτοῦ

1922 3293 2093 3347 armis
2142 3293 2479 3359 obambulat,
2531 3306 2585 3348 et
2633 3294 2748 3365 qui,
2786 3310 2909 3349 cum
2960 3297 3339 3364 magistratum
3392 3311 3489 3366 gco

1918 3392 2065 3437 reret
2098 3383 2179 3437 vel
2224 3383 2433 3452 judicio
2487 3392 2767 3454 pra-esset,
2821 3385 3199 3454 procuravcrit
3254 3392 3313 3437 ut
3364 3386 3488 3454 quis

1921 3475 2044 3530 ﬁcte
2082 3485 2458 3539 accusaretur,
2501 3486 2551 3531 et
2588 3476 2857 3531 innocens
2897 3478 3381 3541 condemnaretur,
3428 3484 3485 3531 et

1916 3569 2010 3638 qui
2039 3569 2101 3622 ad
2136 3568 2435 3622 tollendum
2475 3570 2542 3622 de
2578 3569 2755 3622 medio
2782 3584 3051 3621 venenum
3101 3568 3491 3638 przeparaverit

1917 3661 2003 3715 vel
2034 3661 2263 3715 dederit.
2300 3660 2364 3713 Et
2398 3676 2519 3729 rap.
2556 3663 2589 3715 5
2624 3660 2738 3729 lege
2767 3661 2833 3715 de
2861 3660 3153 3716 homicidis
3185 3661 3293 3714 lata
3337 3670 3491 3717 tene-

1914 3762 2028 3817 tur,
2060 3752 2151 3822 qni
2190 3752 2255 3805 ad
2297 3752 2573 3805 hominem
2613 3751 2978 3805 occidendmn
3027 3750 3486 3806 medicamentum

1920 3843 2070 3906 facit,
2098 3844 2181 3897 vel
2212 3844 2489 3906 emit,vel
2528 3844 2709 3897 habet.
2757 3842 2897 3898 Sunt
2930 3852 3110 3896 autem
3167 3844 3490 3911 pharmaca,

1916 3953 2037 4008 qme
2066 3936 2360 3991 sanitatem
2399 3935 2657 3999 afferunt,
2689 3945 2742 3990 et
2771 3952 2891 4005 quae
2914 3936 3177 3989 dicuntur
3201 3934 3486 3989 amatoria.

1917 4028 2018 4093 Qui
2051 4036 2231 4081 autem
2273 4025 2483 4079 faciunt
2514 4026 2804 4087 amatoria,
2844 4025 3141 4093 publicatis
3196 4023 3359 4077 bonis
3391 4037 3490 4076 ex-

1917 4120 2302 4174 tcrminentur.
2334 4116 2488 4182 Quod
2520 4118 2564 4170 si
2595 4117 2718 4184 quis
2764 4117 2928 4170 etiam
2967 4102 3262 4170 non.ntalo
3306 4114 3490 4166 animo

1920 4212 2137 4266 mulieri
2167 4211 2378 4265 dederit
2416 4209 2877 4264 medicamentum
2931 4209 2995 4262 ad
3039 4208 3482 4278 concipiendum,

1916 4318 2096 4373 eoque
2128 4312 2352 4371 accepto
2406 4308 2625 4354 mortua
2682 4300 2776 4362 sit,
2831 4299 2883 4353 in
2925 4299 3176 4352 exsiliunt
3228 4297 3485 4351 mittitur.

1919 4395 2287 4465 Ej'usdemque
2321 4393 2518 4462 capitis
2551 4392 2731 4446 thema
2768 4391 3013 4452 tertimu,
3041 4388 3230 4442 dicens
3253 4388 3308 4442 in
3339 4388 3489 4457 prin-

230 4507 373 4557 κεφ.
410 4488 574 4557 λέγον
634 4490 764 4561 περὶ
806 4490 906 4552 τὰς
941 4491 1138 4561 ἀρχάς.
1192 4492 1498 4563 Κατέχεται
1549 4494 1628 4566 τῷ
1678 4497 1806 4565 περὶ

1920 4490 2105 4559 cipio:
2143 4488 2283 4558 Lege
2334 4486 2401 4541 de
2455 4484 2744 4539 homicidis
2796 4483 2904 4536 lata
2957 4489 3195 4542 tenetur,
3252 4489 3307 4534 ct
3362 4479 3488 4548 qui-

233 4581 584 4651 άνδροφόνων
632 4580 784 4652 νόμῳ
821 4581 914 4634 καὶ
975 4584 1003 4634 6
1062 4583 1456 4653 πιγμεντάριος
1517 4588 1807 4659 προπετῶς

230 4671 415 4732 διδοὺς
445 4672 741 4741 φάρμακον
783 4670 815 4741 ἦ
850 4672 1239 4744 σαλαμάνδραν
1276 4674 1589 4745 ἢάκόνιτον
1639 4679 1673 4747 ἢ
1716 4695 1810 4731 πι-

232 4760 569 4830 τυοκάμπην
599 4761 631 4831 ἢ
687 4754 1022 4831 βούϐρωστιν
1056 4762 1088 4833 ἢ
1121 4763 1508 4835 μανδραγόραν
1541 4764 1572 4835 ἢ
1605 4766 1809 4820 κανθα-

236 4855 411 4926 ρίδας.
444 4854 554 4908 Καὶ
586 4854 727 4924 Οέμα
763 4855 805 4907 δ’
838 4871 853 4887 ⁸
908 4854 971 4909 Ἡ
1008 4855 1164 4927 ποινὴ
1213 4858 1246 4927 ἡ
1296 4857 1435 4911 κατὰ
1466 4859 1809 4929 ἀνδροφόνων

232 4946 329 4999 ἐπὶ
366 4947 466 5016 μὲν
493 4946 730 5016 ἐντίμων
765 4948 1128 5018 περιορισμός
1185 4950 1302 5001 ἐστι
1362 4950 1454 5002 καὶ
1490 4950 1671 5004 τελεία
1718 4951 1811 5021 δή·

238 5053 458 5105 μευσις*
513 5036 607 5089 ἐπὶ
636 5038 692 5090 δὲ
732 5037 843 5091 τῶν
867 5038 1104 5091 εὐτελῶν
1141 5036 1285 5109 ξίφει
1311 5043 1405 5093 καὶ
1435 5041 1645 5109 θηρίοις
1681 5042 1811 5095 ὐπο-

234 5127 534 5195 6ληθῆναι.
589 5128 700 5179 Καὶ
726 5127 898 5181 ταῦτα
948 5128 1047 5196 μὲν
1078 5129 1185 5181 ἀπὸ
1232 5129 1327 5182 τοῦ
1367 5130 1600 5183 παλαιοῦ
1641 5131 1807 5200 νόμου

235 5220 329 5271 καὶ
376 5218 487 5270 τῶν
567 5220 833 5272 κανόνων.
884 5217 1263 5290 Ἀπελύοησαν
1320 5221 1376 5274 δὲ
1433 5221 1627 5293 νεαραὶ
1682 5224 1811 5293 περὶ

236 5310 443 5379 φονέων
466 5310 738 5362 ἀκουσίων
766 5310 862 5363 καὶ
898 5310 1158 5363 ἑκουσίων
1171 5311 1423 5383 διάφοροι
1451 5314 1603 5383 ποιρά
1636 5331 1694 5365 τε
1714 5314 1807 5367 τοῦ

237 5402 505 5472 βασιλέως
531 5402 712 5472 κυροῦ
738 5403 1150 5457 Κωνσταντίνου
1174 5404 1268 5456 τοῦ
1291 5407 1809 5476 Πορφυρογεννήτου

237 5494 449 5548 καὶτοῦ
487 5493 811 5561 οεοστεφοῦς
852 5496 948 5547 καὶ
1002 5495 1158 5562 ἁγίου
1218 5496 1376 5566 ἡμῶν
1410 5498 1810 5568 αὐτοκράτορος

238 5584 410 5656 κυροῦ
476 5584 736 5654 Μανουὴλ
801 5583 895 5637 τοῦ
959 5586 1274 5656 Κομνηνοῦ,
1331 5580 1406 5641 ὧν
1452 5591 1505 5641 αἱ
1554 5589 1811 5659 δυνάμεις

241 5678 659 5748 συνωψίσθησαν
718 5678 776 5730 ἐν
836 5680 953 5741 τοῖς
1004 5678 1133 5747 περὶ
1202 5680 1409 5748 φονέων
1483 5682 1674 5734 κανόσι
1714 5681 1808 5734 τοῦ

244 5772 483 5839 μεγάλου
527 5770 834 5823 Βασιλείου.
882 5770 1189 5841 Ἐρωτήσει
1221 5770 1278 5824 δέ
1306 5790 1412 5837 τις,
1443 5770 1517 5834 ὡς
1552 5775 1614 5825 ἐκ
1644 5773 1807 5842 μόνου

239 5865 329 5918 τοῦ
380 5862 565 5919 δοῦναί
596 5881 719 5918 τινα
794 5862 929 5933 προς
967 5866 1201 5933 γυναῖκα
1257 5864 1628 5937 ἀμϐλωορίὸια
1670 5867 1809 5920 ὐπο-

1915 4596 2136 4649 cunque
2167 4578 2566 4650 pigmentarius
2615 4587 2822 4633 temere
2853 4577 2948 4630 dat
2989 4574 3484 4637 medicamentum,

1912 4675 1996 4730 vel
2022 4672 2448 4736 salamandram,
2481 4669 2567 4725 vel
2606 4669 2906 4731 aconitum,
2948 4665 3031 4721 vel
3086 4664 3485 4734 pityocampam

1912 4766 1994 4821 vel
2057 4763 2358 4834 buprestim
2404 4762 2482 4817 vel
2539 4761 2951 4829 mandragoram
2996 4757 3077 4811 vel
3121 4755 3489 4810 cantharides.

1913 4855 1978 4911 Et
2014 4857 2194 4912 thema
2221 4855 2255 4909 4
2289 4857 2555 4910 adversus
2588 4852 2894 4907 homicidas
2920 4866 3074 4921 poena
3109 4858 3213 4915 est,
3243 4850 3296 4904 iu
3324 4850 3491 4905 claris

1912 4951 2132 5023 quidem
2175 4949 2433 5005 exsilium
2467 4958 2520 5003 et
2556 4947 2799 5018 perfecta
2837 4946 3106 5001 bonormn
3143 4944 3439 5026 publicatio
3470 4961 3486 4998 :

1914 5044 1968 5097 in
1997 5042 2389 5097 humilioribus
2441 5048 2623 5095 autem
2679 5040 2795 5095 ensi
2842 5046 2896 5093 ct
2943 5038 3137 5094 bestiis
3166 5037 3384 5103 subjici.
3422 5036 3490 5090 Et

1914 5135 2028 5190 hxc
2061 5135 2280 5204 quidem
2316 5149 2382 5188 ex
2416 5132 2585 5187 veteri
2625 5132 2740 5201 lege
2770 5138 2825 5186 et
2859 5130 3105 5200 antiquis
3150 5130 3487 5183 caaonibus.

1914 5228 2142 5284 Emissae
2173 5234 2302 5283 sunt
2334 5236 2515 5280 autem
2548 5225 2615 5279 de
2653 5207 2968 5286 homicidis.
3013 5231 3123 5278 tam
3159 5223 3491 5278 voluntariis

1912 5334 2077 5390 quam
2109 5317 2518 5377 involuntariis,
2555 5317 2783 5370 diversa:
2819 5315 3046 5369 novella:
3089 5315 3158 5370 ab
3195 5317 3328 5385 imp.
3388 5316 3490 5368 do—

1914 5413 2063 5465 mino
2098 5409 2465 5466 Constantino
2512 5407 3059 5478 Purphyrogenneta,
3114 5418 3169 5461 et
3222 5415 3488 5476 praestan-

1914 5500 2128 5555 tissimo
2169 5507 2471 5567 sanctoque
2513 5496 2645 5565 imp.
2692 5504 2885 5551 nostro
2916 5496 3138 5551 domino
3184 5496 3489 5551 Emanuelc

1913 5594 2216 5654 Comneno,
2248 5606 2483 5660 quarum
2520 5590 2663 5643 vires
2699 5590 2753 5643 in
2804 5589 3111 5644 canonibus
3156 5589 3339 5659 magni
3380 5587 3486 5641 Ba-

1917 5684 2030 5739 silii
2075 5683 2143 5738 de
2170 5682 2458 5738 homicidis
2496 5681 2549 5736 in
2603 5682 2986 5750 compendium
3044 5682 3277 5737 redactae
3330 5690 3481 5735 sunt.

1916 5774 2341 5845 Interrogaverit
2392 5782 2573 5829 autem
2606 5773 2902 5843 quispiam,
2958 5788 3025 5826 an
3083 5788 3149 5827 ex
3193 5787 3280 5838 eo,
3338 5774 3480 5841 quod

1920 5867 2129 5924 dederit
2160 5865 2433 5937 quispiam
2462 5864 2679 5920 mulieri
2708 5863 3161 5920 medicamentum
3210 5858 3290 5919 ad'
3326 5863 3486 5919 abor-
