3992 6484
550 319 655 380 827

1806 342 1904 401 ΤΠ
1923 345 2080 404 ΗΘΒ.

2217 345 2343 406 LSA
2357 349 2512 410 MON
3670 367 3760 428 828

549 441 776 503 tionem,
817 441 1089 498 homicidii
1120 449 1424 522 teni-hitur;
1464 455 1629 529 266
1659 476 1722 511 an
1756 476 1891 529 opus
1949 463 2021 517 sit
2072 481 2101 516 ιι

2235 472 2483 524 πεσεῖται
2515 470 2592 540 τῷ
2622 471 2728 524 τῶν
2752 473 2958 541 φονέων
2989 474 3320 544 ἐγκλήματιο
3368 476 3399 546 ἢ
3457 479 3612 548 χρεία
3659 481 3761 533 ἐστὶ

551 540 819 598 sequatur
847 535 1009 588 etiam
1043 547 1272 597 eventus
1301 546 1379 598 vel
1419 532 1632 602 caules?
1681 551 1911 608 Salutio.
1962 555 2111 620 Quod

551 625 805 692 Superius
839 629 1075 694 positum
1103 641 1184 686 est
1212 644 1375 703 caput
1402 638 1457 701 '5,
1493 640 1561 694 59
1630 642 1718 696 tit.
1750 660 1816 696 ιχ
1855 644 1947 698 lib.
1978 661 2113 699 c-n-

554 717 752 780 stituit,
787 735 894 773 non
931 737 1055 775 eum
1099 721 1274 798 solum
1329 729 1421 798 qui
1465 731 1558 786 dat
1607 749 1876 790 venenum
1934 739 2116 806 puniri

553 816 614 859 ut
647 807 998 878 homicidam,
1034 799 1128 869 sed
1159 832 1284 871 eum
1321 823 1486 877 etiam
1515 827 1604 891 qui
1638 829 1743 881 tale
1773 830 1902 898 quid
1931 832 2113 888 habet:

546 910 600 952 et
631 898 665 952 2
701 902 881 956 thema
924 905 1084 974 primi
1128 911 1325 977 capitis
1364 912 1608 980 ejusdem
1644 919 1730 973 tit.
1784 932 1833 974 et
1886 923 1981 977 lib.
2031 924 2110 976 di-

547 991 652 1043 cit:
676 991 776 1057 Qui
815 1010 880 1047 eo
912 996 1006 1050 fuit
1037 1000 1221 1054 animo
1253 1010 1312 1056 ut
1344 1004 1499 1060 vellet
1550 1008 1875 1080 interficere,
1903 1015 2116 1069 etiamsi

550 1098 662 1136 non
696 1083 1056 1153 interfecerit,
1107 1093 1200 1147 sed
1254 1098 1609 1165 sauciaverit,
1667 1112 1752 1157 est
1801 1106 2116 1163 homicida:

545 1183 599 1226 et
631 1176 722 1242 qui
760 1179 936 1234 noluit
984 1181 1313 1251 interficere,
1343 1190 1556 1245 etiamsi
1593 1192 1953 1262 interfecerit,
2003 1217 2112 1254 non

544 1271 623 1315 est
660 1263 948 1320 homicida.
984 1269 1217 1328 Aﬁcctio
1247 1284 1426 1330 autem
1493 1294 1556 1333 ex
1589 1280 1959 1339 instrumento
1987 1289 2107 1356 ejus

546 1354 641 1418 qui
683 1361 990 1425 percussit,
1047 1376 1275 1433 apparet
1329 1375 1382 1422 et
1433 1359 1720 1439 probatur.
1778 1376 1883 1430 Sed
1937 1354 2116 1451 magni

551 1445 732 1502 Basilii
780 1466 1021 1508 canones
1051 1457 1209 1512 etiam
1236 1474 1358 1513 eum
1398 1464 1489 1531 qui
1539 1481 1647 1519 non
1683 1481 1880 1537 sponte
1946 1472 2116 1527 inter-

550 1536 703 1603 fecit,
751 1544 1254 1619 quomodoeunque
1307 1551 1488 1620 fueiit,
1546 1536 1782 1626 puniunt
1836 1572 1886 1615 ut
1940 1564 2116 1619 homi-

549 1630 725 1683 cidam
760 1674 775 1699 ,
839 1645 1027 1691 contra
1089 1655 1152 1694 ac
1209 1647 1695 1712 comprehenditur
1752 1656 1854 1707 hac
1890 1655 2032 1724 lege,
2061 1670 2118 1713 et

553 1721 716 1777 aliter
769 1741 930 1794 quam
968 1731 1212 1786 decernit
1255 1733 1286 1787 6
1319 1737 1496 1791 thema
1535 1741 1567 1793 5
1617 1758 1733 1810 cap.
1778 1745 1844 1800 59
1901 1721 1987 1800 tit.
2039 1764 2107 1804 ιχ

553 1815 650 1868 lib.
690 1819 835 1882 quod
867 1822 949 1874 sic
981 1821 1120 1876 dicit
1163 1843 1177 1879 :
1230 1825 1334 1880 Lex
1367 1828 1434 1883 de
1485 1831 1775 1889 humieitlis
1810 1838 1997 1893 dolum
2034 1857 2122 1896 re-

552 1906 744 1973 quirit,
799 1921 851 1964 et
905 1927 1011 1966 non
1070 1931 1318 1986 iragnani
1377 1923 1782 1993 negligentiam.
1841 1928 2023 1994 Quare
2080 1933 2123 1988 si

2154 1792 2195 1847 Β
2225 1766 2350 1818 κεφ.
2379 1750 2475 1804 τοῦ
2518 1752 2594 1805 λθ⁹
2622 1753 2800 1806 τίτλου
2841 1755 2933 1810 τοῦ
2967 1755 3007 1822 ξ’
3038 1757 3264 1827 βιϐλίου,
3298 1761 3357 1814 τὸ
3388 1761 3541 1828 λέγον
3581 1765 3709 1821 οὕτω

2220 559 2315 612 τοῦ
2350 563 2599 628 γενέοθαι
2639 567 2733 619 καὶ
2763 566 3131 635 ἀποτέλεσμα,
3159 569 3323 639 ἤγουν
3355 571 3549 638 φόνονς
3578 578 3764 648 Λύσις,

2225 650 2299 703 Τδ
2362 655 2744 724 καταστρωοὲν
2800 657 3007 711 ἄνωθεν
3061 657 3109 724 γ’
3161 677 3288 728 κεφ.
3327 662 3418 715 τοῦ
3475 664 3548 717 λθ⁹
3608 669 3760 725 τίτλου

2225 744 2316 796 τοῦ
2353 744 2394 809 ξ’
2451 747 2656 818 βιϐλίου
2682 751 2982 817 διορίζεται
3024 752 3100 822 μὴ
3125 754 3216 808 τὸν
3241 755 3396 808 δόντα
3430 759 3588 827 μόνον
3619 762 3763 835 δηλη-

2223 833 2412 902 τίριον
2465 835 2753 906 φάρμακον
2787 839 2860 902 ὡς
2896 842 3062 909 φονέα
3093 845 3478 913 τιμωρεῖσθαι,
3526 849 3650 902 ἀλλὰ
3687 833 3765 908 καὶ

2226 923 2316 975 τὸν
2350 925 2541 994 ἔχοντά
2578 946 2629 982 τι
2657 930 2893 984 τοιοῦτον
2915 949 2928 963 ο
2958 934 3051 988 καὶ
3100 935 3162 988 τὸ
3224 935 3268 1005 β’
3309 937 3450 1008 Οέμα
3474 940 3564 997 τοῦ
3591 943 3635 997 α’
3657 963 3764 1014 xeo.

2223 1015 2318 1068 τοῦ
2376 1017 2540 1072 αὐτοῦ
2571 1021 2746 1074 τίτλον
2790 1023 2881 1076 καὶ
2940 1024 3146 1092 βιϐλίου
3209 1029 3372 1096 φησίν
3404 1045 3419 1060 ·
3479 1030 3538 1085 '0
3595 1040 3769 1091 σκοπὸν

2225 1107 2474 1178 ἐσχηκὼς
2495 1110 2588 1163 τοῦ
2619 1112 2904 1180 φονεῦσαι,
2933 1115 3037 1168 κᾶν
3061 1116 3136 1187 μὴ
3168 1118 3428 1192 φονεύσῃ,
3455 1122 3586 1177 ἀλλὰ
3614 1143 3763 1194 τραυ-

2227 1200 2450 1270 ματίσῃ,
2486 1203 2679 1270 φονεύς
2724 1205 2839 1258 ἐστι
2866 1220 2882 1237 ο
2914 1207 3008 1260 καὶ
3033 1208 3059 1260 ό
3115 1208 3188 1279 μὴ
3239 1210 3475 1280 θελήσας
3514 1217 3767 1287 φονεῦσαι,

2223 1291 2321 1343 ἐὰν
2353 1292 2609 1364 φονεύσῃ,
2654 1293 2754 1348 οὐκ
2809 1296 2927 1349 ἔστι
2979 1298 3200 1364 φονεύς.
3247 1300 3312 1354 Ἦ
3353 1301 3412 1355 δὲ
3443 1304 3674 1371 διάθεσις
3715 1312 3769 1364 ἐκ

2221 1379 2316 1434 τοῦ
2336 1380 2640 1452 πλήξαντος
2658 1385 2896 1454 ὀργάνου
2928 1388 3228 1458 ἐλέγχεται.
3262 1394 3326 1445 Oi
3365 1393 3552 1462 μέντοι
3575 1399 3770 1464 κανόνες

2230 1471 2325 1524 τοῦ
2363 1473 2601 1541 μεγάλου
2626 1475 2910 1532 Βασιλείου
2943 1479 3040 1533 καὶ
3055 1481 3148 1535 τὸν
3178 1483 3453 1549 ἀκουσίως
3484 1490 3768 1554 φονεύοντα.

2225 1561 2299 1622 ὡς
2333 1564 2397 1617 ἂν
2423 1565 2545 1638 ἔχῃ,
2600 1567 2673 1631 ὡς
2701 1570 2866 1637 φονέα
2901 1572 3188 1636 κολάζουσι
3213 1577 3362 1648 παρὰ
3387 1580 3485 1650 τὴν
3511 1581 3768 1652 περίληψιν

2222 1657 2318 1710 τοῦ
2349 1659 2590 1713 τοιούτου
2631 1661 2796 1730 νόμου
2852 1665 2945 1718 καὶ
2975 1665 3126 1738 παρὰ
3176 1667 3236 1720 τὸ
3305 1675 3361 1733 ς’
3415 1670 3556 1740 θέμα
3601 1675 3689 1728 τοῦ
3729 1675 3769 1744 γ’

2243 1837 2303 1893 Ὀ
2337 1841 2464 1911 περὶ
2495 1843 2837 1913 ἀνδροφόνων
2889 1847 3052 1916 νόμος
3091 1849 3245 1904 δόλον
3281 1851 3555 1922 ἐπιζητεῖ,
3605 1858 3692 1910 καὶ
3722 1860 3770 1912 οὐ

2231 1934 2471 2003 μεγάλην
2500 1934 2784 2004 ἀμέλειαν.
2823 1935 2989 1992 Ὅθεν
3019 1941 3116 1994 ἐάν
3173 1959 3257 2006 τις
3284 1944 3478 1998 ἑαυτὸν
3518 1946 3574 2012 ἐξ
3628 1947 3772 2017 ὕψους

549 1999 698 2064 quis,
748 2001 930 2070 scipso
993 2021 1057 2060 ex
1109 2009 1220 2063 alto
1277 2010 1507 2080 deiecto,
1563 2016 1646 2069 vel
1699 2033 1854 2073 ramo
1909 2023 2126 2102 arboris

551 2092 813 2146 deorsum
886 2098 1078 2164 misso,
1139 2104 1449 2173 quempiam
1505 2109 1813 2176 occiderit,
1865 2119 2120 2182 praesenti

553 2183 668 2251 lege
698 2201 803 2240 non
842 2196 1082 2249 tenetur.
1111 2193 1230 2248 Jam
1258 2213 1390 2251 vero
1423 2197 1481 2252 3i
1521 2200 1654 2270 imp.
1687 2203 1892 2258 domini
1928 2207 2124 2266 Leonis

521 2275 869 2346 -Philosophi
909 2285 1124 2341 novella
1159 2288 1252 2343 dat
1305 2291 1424 2344 viro
1460 2282 1786 2362 potestatem
1828 2302 2120 2358 matrimo-

2229 2022 2477 2096 ῥίψας,ῆ
2526 2027 2718 2082 κλάδον
2765 2029 2874 2083 άπὸ
2913 2031 3154 2102 δένδρου,
3218 2036 3474 2102 φονεύσει
3530 2039 3772 2111 τινὰ,οὒχ

2227 2115 2513 2172 ὑπόκειται
2550 2119 2628 2190 τῷ
2661 2122 2890 2192 παρόντι
2912 2123 3080 2196 νόμῳ.
3150 2125 3218 2179 Ἦ
3254 2129 3442 2196 μέντοι
3498 2129 3576 2182 λα’
3627 2134 3774 2202 νεαρὰ

2228 2204 2323 2256 τοῦ
2354 2206 2614 2274 βασιλέως
2638 2209 2809 2278 κυροῦ
2855 2211 3082 2276 Λέοντος
3111 2214 3204 2267 τοῦ
3250 2215 3552 2284 Φιλοσόφου
3585 2218 3773 2274 δίδωσιν

2227 2297 2413 2352 ἄδειαν
2461 2299 2540 2368 τῷ
2591 2301 2745 2371 (Ξινδρὶ⁵
2791 2303 3028 2377 διασπᾷν
3067 2305 3158 2358 τὸν
3203 2308 3346 2378 μετὰ
3387 2309 3489 2380 τῆς
3542 2314 3770 2380 γυναικὸς

551 2366 705 2421 niur'n
742 2371 1079 2431 dissolvendi
1141 2395 1264 2434 cum
1323 2400 1516 2454 uxore,
1552 2404 1672 2458 qua:
1729 2391 1874 2450 illius
1931 2411 2116 2452 semen

545 2459 832 2517 abortione
866 2465 1048 2524 sciens
1069 2468 1245 2538 'ejicit.

619 2547 869 2618 ZONAR.
912 2554 1189 2623 Mulieres.
1223 2575 1512 2634 postquam
1554 2587 1618 2626 ex
1659 2573 1856 2630 furtivo
1909 2595 2114 2636 concu-

2227 2390 2394 2444 αὑτοῦ
2426 2392 2624 2462 γάμον,
2653 2394 2910 2464 ἐπίτηδες
2961 2396 3406 2471 ἀμϐλωσκούσης
3450 2400 3550 2474 τὴν
3586 2404 3767 2458 ἐκείνου

2225 2485 2456 2555 σποράν.

2297 2579 2540 2636 ΖΩΝΑΡ.
2601 2581 2868 2646 Γυναῖκες
2902 2582 3079 2655 λάθρα
3141 2585 3255 2638 τισὶ
3325 2587 3650 2659 μιγνύμενοι
3691 2592 3769 2644 καὶ

557 2639 673 2695 1ιίῐιι
706 2659 1029 2718 concepere,
1064 2656 1269 2723 prolem
1301 2674 1440 2720 eam.
1480 2678 1546 2717 ne
1571 2666 1896 2736 prodantur,
1934 2675 2110 2730 medi-

2225 2671 2729 2742 συλλαμϐάνουσαι,
2781 2639 2866 2725 ἵνα
2893 2672 2968 2742 μὴ
2989 2639 3624 2748 ,γνωσθεϊενςφάρμῗακά
3668 2696 3768 2732 τινα

545 2736 816 2793 eamentis
889 2742 1221 2810 quibusdam
1282 2752 1460 2818 epotis
1528 2755 1579 2809 in
1647 2766 1807 2814 utero
1877 2776 2110 2833 necant,

2222 2736 2462 2825 πίνουσι,
2484 2761 2554 2816 δι’
2583 2755 2657 2815 ὧν
2685 2760 2752 2815 τὰ
2781 2736 3019 2834 εμδρυἶ
3053 2736 3460 2838 διαφθείρουσι,
3478 2736 3587 2822 ’καὶ
3621 2768 3767 2833 οὕτως

548 2822 789 2894 indeque
819 2829 927 2885 vita
961 2835 1285 2897 destitutam
1320 2840 1572 2912 ejiciunt.
1612 2849 1715 2904 Eas
1771 2851 1942 2923 igitur
1997 2822 2110 2927 qua;

2223 2853 2364 2906 αὐτὰ
2420 2822 2591 2922 νεκρὰ
2637 2822 3058 2908 ἀποϐάλλονται.
3114 2822 3224 2920 Τάς
3280 2822 3379 2911 οὖν
3424 2822 3662 2930 διδούσας
3715 2861 3769 2913 τὰ

543 2915 811 2980 ejusmodi
847 2934 1144 2993 pharmara
1198 2933 1323 2990 aliis
1375 2939 1642 3007 praebent.
1689 2915 1821 2998 tum'
1857 2961 1952 3003 eas
1999 2915 2110 3018 qum

2218 2947 2442 3002 τοιαῦτα
2473 2915 2760 3016 φάρμακα,
2823 2949 2916 3000 καὶ
2973 2947 3072 3010 τὰς
3127 2948 3515 3019 λαμϐανούσας
3564 2951 3637 3023 τῷ
3678 2953 3767 3006 τῶν

543 3012 842 3082 accipiunt.
875 3018 1273 3079 homicidarum
1308 3030 1487 3098 pugnis
1517 3046 1692 3090 canon
1729 3041 1901 3094 teneri
1937 3041 2110 3111 jubet,

543 3116 607 3148 an
643 3107 838 3148 mnritn
869 3110 1089 3148 ﬂuidam
1121 3133 1134 3147 .
1173 3117 1373 3148 nn:nnA
1437 3139 1555 3148 -..μ
1603 3142 1709 3148 _-_
1836 3147 1845 3148 ,
1882 3135 1892 3148 .

2221 3039 2426 3108 φονέων
2483 3039 2748 3109 ἐπιτιμίῳ
2819 3039 3194 3104 καταδικάζει,
3258 3043 3356 3096 καὶ
3422 3044 3656 3108 εἰκότως.
3703 3045 3764 3096 0-5

541 3116 607 3156 ac
643 3107 838 3161 merito
869 3110 1135 3175 quidem:
1173 3117 1374 3189 quippe
1434 3139 1557 3190 quae
1603 3142 1713 3181 non
1769 3135 1928 3187 modo
1985 3151 2110 3192 con-

2223 3107 2382 3200 μόνον
2411 3131 2520 3201 γὰρ
2558 3107 2879 3201 τὰγέμὸρυα
2913 3131 3219 3184 κτείνουσιν
3265 3135 3321 3186 αἱ
3379 3134 3642 3200 τοιαῦται,
3667 3134 3764 3188 ἀλλ’

541 3203 758 3264 ceptam
792 3203 1032 3269 prolem,
1063 3207 1156 3262 sed
1206 3209 1355 3280 ipsas
1388 3214 1551 3270 etiam
1599 3222 1932 3294 quandoque
1977 3242 2116 3296 pra:-

542 3297 775 3346 auantes
817 3294 1099 3366 mulieres,
1151 3303 1298 3370 quod
1332 3320 1565 3375 magnus
1615 3328 1834 3382 quoque
1877 3294 2115 3376 Bas—ilius

540 3390 753 3434 canone
784 3387 1028 3441 secundo
1062 3398 1320 3459 testatur,
1354 3411 1385 3451 e
1439 3401 1619 3455 medio
1666 3403 1887 3461 tollunt.

537 3562 811 3625 ejusmodi
849 3569 1101 3628 decennii
1138 3581 1519 3649 segregatione
1550 3587 1873 3653 puniuntur.

539 3651 767 3710 AllIST.
803 3675 821 3708 ι
853 3660 914 3715 Ει
943 3665 1037 3731 qui
1074 3667 1190 3733 dat,
1228 3680 1281 3724 et
1315 3688 1438 3742 quae
1468 3651 1671 3746 accipit
1708 3681 2114 3743 medicamenta

720 3766 741 3800 ι
781 3752 1119 3812 abortionem
1146 3763 1370 3831 cientia,
1424 3779 1509 3823 est
1543 3769 1846 3828 homicida.
1883 3794 1901 3826 ι

613 3835 993 3906 Subjiciuntur
1022 3849 1312 3910 homicidae
1342 3862 1521 3924 pmnis
1549 3869 1603 3917 et
1634 3864 1757 3929 ilhc,
1792 3881 1914 3936 qua:
1944 3867 2112 3928 fatus

2221 3221 2400 3275 ἐνίοτε
2431 3229 2526 3280 καὶ
2564 3223 2732 3286 αὑτὰς
2765 3223 2864 3285 τὰς
2898 3221 3151 3291 ἐγκύους,
3183 3223 3210 3276 ὅ
3238 3225 3331 3278 καὶ
3360 3227 3388 3278 ό
3427 3225 3600 3295 μέγας
3621 3225 3763 3278 Βασί-

2217 3313 2362 3376 λειος
2389 3315 2446 3365 ὲν
2463 3314 2701 3386 δευτέρῳ
2731 3313 2922 3368 κανόνι
2942 3315 3128 3384 φησίν.
3155 3315 3212 3368 Ὀ
3237 3315 3292 3368 δὲ
3312 3315 3416 3386 τῆς
3443 3318 3501 3370 ἐν
3555 3316 3768 3387 ’Δγκύρᾳ

2222 3405 2445 3458 συνόδου
2479 3404 2657 3459 κανὼν
2687 3403 2780 3459 καὶ
2829 3405 2923 3468 τὰς
2942 3405 3199 3472 τοιαύτας
3214 3410 3484 3475 γυναῖκας
3512 3409 3766 3462 δεκαετίαν

2219 3498 2494 3570 ἀφορίζει.

2217 3679 2436 3734 ΔΡΙΣΤ.
2506 3699 2524 3732 ι
2562 3677 2672 3734 Καὶ
2697 3681 2724 3734 ὁ
2755 3678 2932 3746 διδοὺς
2971 3681 3065 3735 καὶ
3121 3681 3156 3753 ἡ
3182 3681 3544 3752 λαμϐάνουσα
3572 3681 3765 3753 ἀμΰλω-

2679 3773 2858 3840 θρίδια
2883 3774 3221 3846 ἀνδροφόνοι.
3269 3793 3288 3828 ι

2297 3865 2650 3922 ’Υπόκεινται
2699 3867 2776 3938 τῷ
2808 3865 2902 3920 τοῦ
2962 3867 3163 3935 φονέως
3199 3868 3469 3940 ἐπιτιμίῳ
3508 3869 3596 3922 καὶ
3633 3869 3683 3921 αί
3707 3865 3761 3918 τὰ

540 3934 802 3989 'necantia
857 3939 1136 4011 accipiunt
1179 3947 1607 4020 medicamenta,
1643 3967 1697 4012 et
1731 3959 1825 4028 qui
1883 3975 1945 4015 ea
1995 3963 2110 4020 istis

2218 3958 2595 4030 ἐμϐρυόκτόνα
2617 3934 2888 4030 φάρμακα
2907 3934 3189 4029 λαμϐάνον
3201 3976 3309 4023 σαι,
3339 3934 3502 4014 καὶνοί
3522 3959 3760 4032 παρέχον-

539 4023 818 4084 exhibent.

1100 4128 1331 4188 CANON
1372 4133 1536 4195 XC".

543 4222 566 4254 π
617 4206 722 4263 Eos
749 4211 842 4278 qui
911 4217 1131 4273 nomine
1176 4225 1508 4283 matrimonii
1554 4233 1811 4292 mulieres
1861 4243 2098 4308 rapiunt,

619 4317 638 4350 ι
675 4303 754 4354 vel
783 4303 876 4372 qui
913 4323 1080 4378 opera
1111 4325 1324 4386 opcque
1369 4335 1465 4375 sua
1522 4335 1769 4393 raptores
1818 4329 1983 4401 adjuv
2025 4344 2107 4398 nt,

615 4411 633 4442 ι
674 4397 867 4449 statuit
901 4412 1088 4474 sancta
1123 4408 1388 4476 synodus,
1419 4412 1464 4466 si
1498 4414 1610 4468 sint
1637 4418 1858 4485 quidem
1887 4424 2104 4490 clerici,

535 4486 540 4491 ‘
614 4501 633 4534 ι
673 4490 890 4556 proprio
920 4494 1093 4561 gradu
1124 4498 1376 4555 excidere
1408 4519 1422 4556 :
1453 4503 1540 4559 sin
1594 4521 1722 4562 vero
1779 4509 1928 4580 laici,
1966 4531 2102 4570 ana-

537 4591 542 4597 ·
617 4596 635 4626 ι
672 4579 910 4634 themate
939 4587 1173 4653 percuti.
1208 4607 1228 4639 ι

614 4669 808 4726 BALS.
841 4673 1091 4730 Prmscns
1125 4695 1301 4735 eanon
1337 4683 1475 4740 idem
1508 4697 1591 4744 est
1616 4691 1841 4748 omnino
1879 4711 2002 4750 cum
2031 4697 2102 4751 27

538 4775 748 4816 canone
787 4765 1122 4842 Chalcedon.
1177 4777 1392 4844 synodi.
1441 4781 1501 4832 Et
1554 4796 1738 4852 quaere
1777 4802 1900 4856 qua:
1938 4787 1989 4841 in
2040 4805 2106 4844 eo

540 4855 749 4922 scripta
782 4864 930 4923 sunt,
959 4867 1015 4914 et
1041 4861 1073 4916 9
1106 4863 1189 4918 tit.
1223 4870 1510 4934 praesentis
1540 4875 1745 4942 operis,
1778 4855 1900 4945 cap.
1937 4877 2006 4930 30
2053 4887 2106 4931 et

537 4961 660 5014 quae
715 4947 769 5002 in
816 4962 937 5003 eum
997 4953 1196 5025 scripta
1249 4969 1396 5016 sunt.
1443 4963 1708 5020 Similiter
1753 4977 1806 5020 et
1854 4966 1920 5022 67
1977 4985 2100 5026 can.

488 5082 494 5086 .
537 5047 720 5104 apost.
749 5037 890 5104 Quid
926 5052 1135 5110 autem,
1172 5047 1218 5103 si
1251 5051 1376 5120 quis
1400 5053 1686 5110 mulierem
1723 5073 1828 5112 non
1861 5063 2106 5129 rapuerit

537 5127 758 5184 nmniae
788 5133 1148 5206 matrimonii,
1183 5142 1278 5196 sed
1328 5143 1711 5202 fornicationis
1737 5151 1935 5220 gratia,
1979 5169 2090 5208 non

541 5219 800 5285 punietur
829 5237 932 5276 una
963 5239 1088 5281 cum
1123 5229 1210 5294 iis,
1244 5232 1338 5301 qui
1387 5235 1535 5289 illum
1581 5253 1746 5307 opera
1779 5249 1833 5295 et
1869 5258 1971 5312 ope
2003 5260 2102 5298 sua

535 5309 835 5375 adjuvant?
890 5311 1128 5373 Salutio.
1172 5320 1430 5381 Maxime.
1489 5326 1604 5383 Hoc
1639 5339 1722 5384 est
1790 5309 1933 5386 enim
1987 5336 2103 5390 sine

535 5407 915 5461 controversia
947 5426 963 5462 :
1001 5409 1053 5464 id
1084 5423 1290 5479 autem,
1323 5417 1471 5486 quod
1519 5419 1913 5476 dubitationem
1971 5426 2106 5479 affe-

539 5492 720 5555 rebat,
754 5506 872 5552 erat
903 5509 1200 5567 praetentis
1240 5507 1604 5564 matrimonii.
1650 5509 1916 5566 Dicebant
1959 5516 2103 5568 enim

541 5589 813 5656 Nonnulli,
849 5605 972 5646 eum
1011 5593 1148 5650 nihil
1178 5598 1305 5653 mali
1344 5599 1563 5666 fecisse,
1606 5604 1698 5671 qui
1746 5605 1929 5673 rapuit
1981 5623 2102 5660 mu-

539 5681 751 5749 licrem,
790 5691 850 5738 ut
881 5685 930 5740 ei
959 5684 1199 5758 legitime
1228 5692 1674 5766 conjungeretur,
1704 5712 1824 5765 qua;
1869 5696 2104 5751 fortasse

545 5774 709 5825 etiam
744 5773 964 5847 indigna
992 5785 1076 5834 est
1111 5779 1232 5849 ejus
1259 5796 1477 5853 genere,
1517 5792 1568 5838 ct
1601 5801 1662 5838 ex
1696 5799 1758 5838 eo
1792 5785 2024 5840 maxime
2053 5787 2102 5839 vi

2216 4069 2308 4117 τες
2337 4053 2507 4107 ταῦτα
2556 4055 2766 4116 αὑταῖς.

2815 4144 3056 4198 ΚΑΝΩΝ
3109 4142 3224 4211 ω’.

2223 4251 2242 4287 ι
2284 4233 2420 4296 Τοὺς
2453 4233 2799 4305 ἁρπάζοντας
2827 4235 3095 4300 γυναῖκας
3129 4233 3224 4288 ἐπὶ
3267 4233 3498 4306 ὀνόματι
3549 4247 3758 4289 συνοικε-

2295 4342 2312 4375 ι
2350 4325 2492 4385 σίου,
2531 4324 2564 4395 ἢ
2599 4325 3115 4397 συμπράττονταςῆ
3173 4328 3625 4399 συναιρουμένους
3663 4327 3754 4386 τοῖς

2293 4433 2313 4467 ι
2349 4415 2689 4486 ἁρπάζουσιν
2719 4414 2922 4483 ὥρισεν
2947 4415 2979 4486 ἡ
3008 4415 3140 4483 ἁγία
3173 4414 3415 4478 σύνοδος,
3449 4417 3495 4468 εί
3528 4415 3621 4484 μὲν
3645 4412 3756 4481 κλη-

2289 4525 2307 4559 ι
2350 4507 2493 4577 ρικοὶ
2517 4501 2646 4571 εἷεν,
2677 4507 2964 4559 ἐκπίπτειν
2996 4505 3090 4558 τοῦ
3129 4504 3333 4558 οἰκείου
3366 4503 3596 4576 βαθμοῦ,
3623 4503 3667 4556 εί
3707 4501 3754 4554 δὲ

2287 4618 2305 4651 ι
2345 4599 2546 4662 λαῖκοὶ,
2579 4597 3100 4666 ἀναθεματίζεσθαι.
3154 4615 3173 4649 ι
3699 4684 3712 4700 ‘

2278 4691 2479 4746 ΒᾹΛΣ.
2517 4689 2574 4742 Ὀ
2590 4686 2781 4758 παρὼν
2802 4688 2982 4742 κανὼν
3011 4689 3438 4759 ἀπαράλλακτός
3469 4691 3583 4743 ἐστι
3599 4686 3752 4744 κανὼν

2208 4782 2291 4847 κζ’
2349 4780 2451 4850 τῆς
2491 4785 2548 4835 ὲν
2605 4781 2910 4851 Χαλκηδόνι
2949 4781 3191 4838 συνόδου.
3245 4783 3356 4836 Καὶ
3405 4784 3556 4854 ζήτει
3605 4781 3666 4834 τὰ
3704 4780 3752 4830 ὲν

2207 4875 2355 4946 αὐτῷ
2397 4873 2855 4945 παραγραφέντα,
2896 4873 2992 4927 καὶ
3037 4874 3214 4927 τίτλον
3264 4875 3309 4929 θ’
3370 4874 3466 4928 τοῦ
3508 4873 3752 4944 παρόντος

2209 4965 2586 5035 συντάγματος
2616 4981 2742 5035 κεφ.
2779 4963 2822 5017 λ’
2855 4964 2950 5018 καὶ
2986 4965 3054 5018 τὰ
3083 4969 3140 5017 ἐν
3160 4964 3316 5036 αὕτῷ
3349 5005 3366 5031 ,
3396 4965 3652 5026 ὡσαύτως
3673 4961 3750 5013 καὶ

2207 5058 2296 5112 τὸν
2328 5055 2406 5124 εξ
2431 5056 2789 5110 ἀποστολικὸν
2822 5056 3042 5111 κανόνα.
3078 5057 3143 5110 Τί
3176 5057 3255 5122 δὲ,
3291 5057 3388 5112 ἐὰν
3422 5057 3499 5128 μὴ
3547 5055 3748 5126 ὀνόματι

2209 5150 2548 5203 συνοικεσίου
2581 5150 2808 5222 ἁρπάσῃ
2848 5167 2931 5212 τις
2949 5151 3199 5217 γυναῖκα,
3227 5148 3362 5204 ἀλλά
3387 5148 3476 5203 διὰ
3493 5145 3747 5219 πορνείαν,

2205 5241 2268 5295 οὐ
2309 5239 2710 5312 κολασθήσεται
2740 5241 2837 5295 σὺν
2861 5243 2978 5304 τοῖς
3015 5241 3373 5312 συμπράξασι
3415 5242 3510 5295 καὶ
3539 5253 3746 5307 συναρα-

2211 5329 2392 5400 μένοις
2419 5328 2604 5398 αὐτῷ;
2639 5331 2854 5396 Λύσις.
2881 5331 2991 5384 Καὶ
3008 5331 3262 5400 μάλιστα.
3289 5331 3456 5386 Τοῦτο
3484 5329 3586 5400 γὰρ
3623 5327 3742 5396 ἀξή⁸

2205 5421 2373 5490 τητόν
2419 5422 2559 5476 ἐστι.
2609 5422 2684 5474 Τὸ
2711 5421 2768 5475 δὲ
2795 5421 2985 5476 ποιοῦν
3019 5423 3118 5494 τὴν
3154 5423 3386 5494 ζήτησιν
3443 5421 3676 5492 ὑπῆρχεν
3715 5417 3743 5488 ἡ

2208 5516 2482 5582 πρόφασις
2531 5511 2622 5566 τοῦ
2659 5514 3015 5567 συνοικεσίου.
3043 5514 3266 5582 Ἔλεγον
3300 5514 3405 5584 γάρ
3427 5529 3568 5575 τινες
3596 5507 3742 5581 μηδὲν

2208 5619 2260 5655 τι
2290 5603 2464 5656 κακὸν
2511 5603 2736 5673 ποιῆσαι
2789 5605 2881 5656 τὸν
2922 5603 3252 5674 ἁρπάσαντα
3303 5605 3532 5672 γυναῖκα
3577 5599 3656 5653 διὰ
3690 5595 3742 5648 τὸ

2209 5694 2458 5763 νομίμως
2497 5693 2838 5764 συναφθῆναι
2870 5695 3032 5764 αὐτῇ,
3068 5693 3197 5756 ἴσως
3221 5693 3316 5748 κα)⁴
3353 5690 3574 5758 ἀναξίαν
3591 5683 3740 5742 οὖσαν

2207 5785 2284 5854 τῷ
2335 5785 2484 5854 γένει
2518 5785 2730 5851 τούτου,
2759 5785 3055 5841 κάντεῦθεν
3091 5784 3341 5856 μεγάλως
3391 5791 3736 5853 χειραγωγου-
