3992 6484
409 355 519 417 831
562 382 570 388 ·

493 579 514 614 ι
548 561 814 630 suspicio.
860 560 936 614 Ea
990 572 1193 629 autem,
1239 579 1360 632 qua:
1411 564 1510 629 illi,
1544 566 1634 634 qui
1666 565 1731 618 ad
1774 573 1988 634 tempus

502 674 523 708 ι
559 666 674 711 erat
702 657 770 712 ab
795 671 966 711 uxore
994 657 1234 720 relictus,
1257 659 1440 728 nupsit
1467 675 1563 727 per
1599 659 1988 730 ignorantiam,

502 766 522 798 σ
563 748 760 803 deinde
799 748 1025 804 dimissa
1055 760 1162 814 cst,
1196 751 1338 818 quod
1373 753 1525 820 prior
1567 756 1631 805 ad
1677 753 1849 821 ipsum
1901 768 1990 806 re-

503 857 523 889 ι
566 838 754 904 dierit,
786 850 867 894 est
921 842 1138 910 quidem
1191 842 1486 909 fornicata,
1543 843 1639 899 sed
1691 860 1788 914 per
1841 845 1994 912 igno-

503 949 522 982 ι
562 932 795 986 rantiam
829 951 844 988 :
883 949 909 987 a
960 935 1314 990 matrimonio
1349 952 1480 1006 ergo
1533 953 1640 991 non
1693 938 1990 992 arcebitnr.

507 1044 525 1074 ι
572 1024 759 1080 Melius
783 1036 964 1081 autem
991 1029 1034 1083 si
1070 1029 1149 1084 sic
1180 1031 1464 1085 manserit.
1495 1031 1589 1084 Sin
1623 1043 1804 1085 autem
1836 1031 1994 1088 miles

506 1136 524 1168 ι
563 1119 847 1185 aliquanto
898 1130 1018 1190 post
1070 1132 1311 1192 tempore
1358 1123 1604 1186 redierit,
1656 1125 1808 1189 cujus
1859 1138 1995 1177 uxor

507 1228 525 1258 ι
571 1220 793 1278 propter
853 1213 1068 1281 longam
1121 1215 1268 1268 illius
1303 1216 1606 1269 absentiam
1653 1217 1814 1270 alteri
1876 1217 1994 1270 viro

502 1319 520 1349 ι
558 1301 850 1389 conjuncta
884 1315 987 1368 est,
1025 1307 1090 1368 is,
1134 1307 1178 1360 si
1230 1307 1378 1372 Velit,
1436 1309 1709 1378 propriam
1769 1325 1994 1364 uxorem

511 1411 528 1443 ι
570 1395 823 1462 recipiat.
859 1397 957 1465 ipsi
997 1402 1152 1453 venia
1196 1411 1420 1470 propter
1451 1402 1815 1471 ignorantiam
1848 1403 1997 1469 data,

512 1505 527 1534 ι
569 1489 729 1551 eique
763 1488 854 1556 qui
905 1488 1051 1543 illam
1108 1491 1160 1545 in
1211 1492 1467 1548 secundis
1524 1493 1726 1563 nuptiis
1776 1494 1997 1550 domum

507 1596 526 1628 ι
560 1576 730 1633 duxit.
768 1599 786 1632 ι

505 1664 700 1724 BALS.
751 1671 1007 1738 Quaedam
1047 1675 1323 1740 mulieres,
1382 1692 1506 1731 cum
1562 1680 1642 1733 sui
1697 1682 1876 1736 mariti
1935 1683 2002 1737 ab

434 1776 622 1816 earnm
657 1765 780 1818 vita:
811 1766 1074 1821 societate
1107 1783 1165 1821 se
1197 1769 1596 1838 Scjunxissent,
1645 1773 1724 1825 vel
1781 1786 2001 1844 propter

437 1849 726 1904 militarem
762 1868 985 1908 causam
1013 1858 1326 1926 quampiam
1356 1875 1582 1930 peregre
1633 1861 1861 1930 profecti
1900 1881 2000 1918 es-

441 1951 587 2005 sent,
623 1959 722 2000 nec
757 1963 984 2016 nsquam
1017 1962 1363 2018 apparerent,
1394 1962 1452 2005 ut
1485 1954 1574 2021 qni
1631 1971 1807 2024 neque
1857 1959 2003 2026 ipsas

439 2048 612 2101 neque
644 2035 780 2090 ullos
811 2038 946 2093 alios
978 2041 1040 2094 de
1075 2057 1134 2095 se.
1165 2041 1432 2096 certiores
1461 2043 1742 2109 fecissent,
1778 2061 1902 2100 cum
1937 2047 2004 2100 de

437 2123 681 2192 ipsorum
721 2139 893 2183 morte
945 2129 1167 2185 incertm
1217 2141 1422 2196 essent,
1481 2134 1604 2189 aliis
1655 2135 2005 2190 matrimonio

439 2219 748 2287 conjunctm
784 2229 934 2277 sunt.
967 2222 1108 2277 Dicit
1161 2238 1294 2291 ergo
1351 2240 1548 2288 canon,
1600 2242 1693 2280 eas
1741 2238 1796 2280 ut
1850 2228 2008 2282 adul~

439 2318 588 2366 teras
639 2313 839 2382 Puniri,
891 2323 1178 2383 postquam
1236 2317 1310 2370 illi
1363 2317 1651 2381 redierint,
1702 2321 1848 2391 quod
1899 2337 2004 2376 non

441 2406 885 2472 exspectaverint
918 2415 976 2459 nt
1007 2408 1210 2463 scirent
1237 2409 1302 2465 de
1336 2424 1526 2465 eorum
1571 2424 1745 2468 morte
1798 2415 2002 2484 aliquid

440 2495 667 2549 certius.
705 2493 823 2548 Non
854 2495 1063 2564 justum
1088 2500 1234 2554 enim
1263 2499 1464 2556 habent
1498 2511 1844 2570 prmtextum,
1881 2507 2005 2562 lon-

443 2603 565 2656 gain
603 2602 826 2641 suorum
857 2589 1179 2644 maritorum
1213 2607 1440 2662 peregre
1469 2596 1797 2659 absentiam,
1845 2607 1898 2652 et
1942 2599 2008 2654 de

444 2685 620 2731 morte
650 2694 839 2734 eorum
873 2679 1332 2755 incertitudinem.
1359 2684 1489 2751 Quae
1524 2695 1702 2742 autem
1734 2704 1828 2756 per
1859 2690 2008 2758 igno-

445 2772 681 2826 rantiam
719 2773 859 2830 forte
892 2775 1132 2846 legitime
1159 2779 1343 2847 nupsit
1381 2780 1451 2842 ei,
1484 2783 1578 2850 qui
1629 2781 1694 2834 ad
1739 2791 1950 2852 tempus
1979 2800 2007 2837 a

449 2865 667 2932 propria
713 2867 946 2938 conjuge
989 2870 1273 2936 sejunctas
1301 2881 1404 2933 est,
1444 2872 1639 2928 deinde
1691 2875 1759 2928 ab
1809 2891 1873 2928 eo
1924 2893 2013 2931 se-

447 2957 639 3017 cessit,
675 2961 816 3024 quod
866 2961 985 3027 ejus
1031 2977 1167 3014 uxor
1214 2963 1344 3016 velit
1398 2979 1588 3019 rursus
1619 2981 1742 3020 cum
1789 2969 2012 3037 proprio

447 3049 644 3103 marito
672 3051 1027 3119 cohabitare;
1055 3053 1389 3110 adulterium
1429 3057 1651 3127 quidem
1707 3074 1813 3112 non
1857 3075 2011 3114 com-

1670 355 1774 418 TH
1786 357 1952 418 EOD.
1990 352 2387 412 BALSAMON

500 489 520 521 ε
561 468 777 523 veniam
816 468 1208 539 habeat,quod
1267 470 1340 525 sit
1393 465 1568 540 major
1618 472 1740 541 ejus
1795 472 1990 527 mortis
2022 475 2064 530 Α

3561 341 3672 408 832

2170 488 2186 520 ι
2229 485 2337 536 μην
2360 467 2421 519 τὸ
2458 467 2689 536 πρᾶγμα
2725 462 2956 518 ἐνταῦθα
3003 462 3092 517 διὰ
3145 462 3206 513 τδ
3255 458 3458 529 μᾶλλον
3524 458 3669 526 πρὸς

2167 579 2184 611 ι
2227 560 2454 615 θάνατον
2505 553 2645 611 εἶναι
2698 556 2796 627 τὴν
2817 556 3096 610 ὑπόνοιαν.
3146 554 3210 607 Ἥ
3262 553 3318 607 δὲ
3365 553 3445 622 τῷ
3503 569 3677 606 καταο

2163 672 2181 703 ι
2224 652 2494 720 λειφθέντι
2519 649 2653 718 πρὸς
2693 648 3054 720 καιρὸν.παρά
3084 648 3185 717 τῆς
3212 647 3470 716 γυναικὸς
3519 644 3674 701 κατὰ

2170 763 2189 795 ι
2230 743 2454 810 ἄγνοιαν
2487 735 2945 813 γημαμένη,εῐτα
2976 739 3237 808 ἀφεθεῖσα
3265 738 3353 792 διὰ
3397 739 3457 790 τὸ
3494 741 3679 791 ἔπαν-

2155 855 2173 887 ι
2216 836 2390 888 ελθεῖν
2440 834 2578 904 πρὶς
2640 833 2803 887 αὐτὸν
2847 833 2949 904 τὴν
3001 831 3293 902 προτέραν.
3339 829 3678 898 ἑπόρνευσεν

2167 945 2185 977 ι
2228 925 2348 996 μὲν,
2377 928 2434 979 ὲν
2456 926 2650 995 ἀγνοίᾳ
2681 925 2739 978 δέ
2763 941 2776 954 ·
2813 926 2993 995 γάμου
3017 923 3109 978 οὖν
3142 925 3242 978 οὐκ
3292 925 3677 995 εἰρχοήσεται.

2169 1037 2187 1070 ι
2227 1016 2465 1070 Κάλλιον
2497 1017 2574 1082 δὲ,
2605 1017 2699 1070 ὲάν
2727 1017 2885 1088 μείνῃ
2913 1016 3107 1080 οὕτως.
3141 1017 3203 1070 Ei
3253 1016 3311 1068 δέ
3353 1033 3416 1084 γε
3444 1019 3472 1070 ὁ
3504 1032 3684 1084 στρα-

2172 1129 2191 1162 ι
2235 1110 2433 1176 τιώτης
2469 1109 2754 1164 ἐπανέλθοι
2778 1109 2955 1180 χρόνῳ
2979 1110 3129 1174 ποτὲ,
3162 1104 3222 1163 οὗ
3278 1110 3311 1179 ἠ
3383 1107 3518 1179 γυνὴ
3583 1106 3684 1162 διὰ

2175 1219 2193 1251 ι
2232 1200 2330 1269 τὴν
2359 1199 2452 1252 ἐπὶ
2483 1199 2617 1253 πολὺ
2648 1201 2861 1253 ἐκείνου
2889 1199 3177 1270 ἀπόλειψιν
3207 1200 3378 1269 ἑτέρῳ
3412 1197 3673 1268 συνήφθη

2177 1312 2194 1344 ι
2243 1293 2418 1360 ἀνδρῖ,
2454 1287 2630 1356 οὗτος,
2655 1293 2702 1346 εί
2735 1295 3097 1362 προαιρεῖται,
3126 1293 3223 1362 τὴν
3253 1290 3460 1343 οἰκείαν
3513 1286 3684 1349 αὖθις

2179 1405 2198 1436 ‹
2242 1385 2746 1454 ἐπαναλαμϐανέτω
2765 1387 3024 1454 γυναῖκα,
3059 1383 3385 1453 συγγνώμης
3415 1381 3553 1450 αὐτῇ
3582 1382 3684 1433 ἐπὶ

2170 1498 2188 1530 ι
2226 1482 2290 1550 τῇ
2317 1479 2515 1549 ἀγνοίᾳ
2549 1478 2864 1549 δεδομένης,
2891 1479 2988 1531 καὶ
3012 1476 3090 1548 τῷ
3117 1476 3321 1544 ταύτην
3396 1478 3680 1529 είσοκισα-

2173 1589 2191 1621 ι
2235 1569 2378 1639 μένῳ
2400 1568 2541 1622 κατά
2567 1569 2821 1640 δεύτερον
2849 1570 3028 1638 γάμον
3057 1567 3227 1637 ἀνδρί.

2164 1663 2360 1717 ΒᾹΛΣ.
2391 1664 2549 1726 Τινὲς
2579 1665 2860 1732 γυναῖκες,
2897 1663 3007 1715 τῶν
3029 1662 3250 1717 οἰκείων
3279 1661 3492 1730 ἀνδρῶν
3539 1660 3682 1713 ἀνα·

2105 1756 2474 1826 χωρησάντων
2507 1757 2571 1808 ὲκ
2600 1755 2699 1824 τῆς
2739 1756 3012 1826 ὀμοξωῖας
3058 1753 3281 1819 τούτων,
3335 1754 3367 1824 ἦ
3413 1753 3502 1806 διά
3555 1770 3682 1806 τινα

2107 1849 2289 1903 αἰτίαν
2337 1849 2753 1920 ’στρατιωτικὴν
2813 1848 3246 1916 ἀποδημούντων
3292 1848 3386 1901 καὶ
3430 1845 3664 1913 ἀφανῶν

2108 1943 2434 2012 γενομένων,
2499 1943 2574 2005 ὡς
2644 1941 2779 2012 μηδὲ
2857 1941 3345 2011 ἀναδιδαξοὶντωνῆ
3393 1941 3594 2001 ταύτας
3643 1939 3681 2008 ἧ

2109 2037 2327 2103 ἐτέρους
2360 2035 2513 2097 τινὰς
2533 2037 2601 2090 τὰ
2633 2037 2760 2106 περὶ
2790 2035 3008 2098 αὐτοὺς,
3068 2035 3294 2105 ἀδηλίαν
3333 2033 3551 2105 ἔχουσαι
3583 2032 3683 2087 τοῦ

2110 2129 2339 2183 θανάτου
2369 2128 2567 2191 αὐτῶν,
2615 2129 2824 2199 ἑτέροις
2871 2128 3242 2199 συνήφθησαν.
3313 2128 3448 2196 Φησὶ
3493 2125 3624 2194 γοῦν
3652 2129 3686 2180 ὁ

2108 2221 2309 2286 κανὼν,
2337 2222 2413 2285 ὡς
2448 2221 2764 2291 μοιχαλίδας
2820 2220 3024 2284 ταύτας
3058 2221 3407 2285 κολάζεσθαι,
3444 2219 3587 2289 μετά
3618 2220 3686 2272 τὸ

2110 2315 2351 2377 ἐκείνους
2385 2311 2748 2384 ὑποστρέψαι,
2781 2312 2868 2365 διά
2902 2311 2960 2364 τὺ
3017 2313 3094 2381 μὴ
3141 2313 3431 2380 ἀναμεῖναι
3490 2311 3687 2381 μαθεῖν

2109 2405 2312 2460 τέλειόν
2335 2424 2387 2460 τι
2410 2405 2538 2474 περὶ
2567 2403 2660 2458 τοῦ
2697 2405 2928 2459 θανάτου
2963 2403 3163 2459 αὐτῶν.
3195 2404 3329 2457 Οὐδὲ
3361 2404 3467 2475 γὰρ
3499 2404 3686 2473 ἔχουσι

2109 2499 2384 2570 πρόφασιν
2443 2498 2519 2569 (6)
2569 2496 2789 2566 εὔλογον
2846 2497 2945 2568 τὴν
2992 2497 3099 2549 τῶν
3154 2496 3363 2566 ἀνδρῶν
3419 2499 3500 2559 εἰς
3545 2495 3686 2548 πολὺ

2109 2590 2420 2660 ἀποδημίαν
2452 2589 2788 2659 καὶάδηλίαν
2813 2588 2907 2641 τοῦ
2954 2589 3186 2642 θανάτου
3245 2587 3448 2642 αὐτῶν.
3510 2588 3577 2641 Ἢ
3628 2589 3689 2642 δὲ

2112 2682 2234 2736 κατ’
2261 2681 2484 2751 ἄγνοιαν
2501 2683 2817 2751 γαμηθεῖσα
2843 2683 2983 2752 τάχα
3049 2683 3296 2752 νομίμως
3349 2683 3426 2753 τῷ
3471 2682 3689 2751 διασχι-

2114 2779 2292 2833 σθέντι
2315 2779 2449 2849 πρὸς
2473 2778 2662 2848 καιρὸν
2686 2777 2790 2830 ἀπὸ
2819 2779 2917 2847 τῆς
2946 2777 3150 2840 οἰκείας
3177 2777 3432 2845 συζύγου,
3473 2775 3590 2831 εἶτα
3623 2779 3690 2831 ὲκ

2113 2872 2302 2926 τούτου
2329 2872 2754 2942 ἀναχωρήσασα.
2815 2871 2903 2923 διὰ
2952 2871 3010 2922 τὸ
3060 2871 3158 2941 τὴν
3221 2871 3454 2940 σύμϐιον
3517 2870 3686 2925 αὑτοῦ

2117 2965 2278 3018 πάλιν
2305 2965 2533 3033 θελῆσαι
2567 2966 2837 3018 συνοικεῖν
2871 2963 2946 3032 τῷ
2988 2965 3173 3036 οἰκείῳ
3226 2965 3402 3036 ἀνδρὶ,
3437 2967 3688 3036 μοιχείαν

2122 3061 2219 3131 μὲν
2253 3060 2352 3131 ούχ
2378 3061 2650 3132 ἥμαρτεν,
2677 3061 2974 3127 ἑπόρνευσε
3010 3060 3086 3112 δέ.
3123 3060 3280 3128 Ἔχει
3316 3060 3500 3128 μέντοι
3529 3059 3689 3112 abito-

453 3140 625 3203 misit,
663 3140 758 3194 sed
797 3143 1066 3198 fornicata
1098 3154 1202 3200 est.
1239 3145 1412 3202 Habet
1444 3155 1624 3204 tamen
1662 3149 1868 3216 justam
1915 3167 2012 3206 ex-

2132 3170 2214 3221 τον
2247 3153 2526 3224 πρόφασιν
2554 3152 2654 3222 τὴν
2685 3154 2934 3219 ἄγνοιαν.
2964 3151 3054 3203 ae;
3081 3153 3176 3204 καὶ
3209 3152 3383 3221 ἑτέρῳ
3441 3151 3691 3219 νομίμως

455 3235 820 3298 cnsatiouem,
859 3235 1246 3304 ignorantiam.
1275 3239 1456 3304 Quare
1490 3255 1588 3296 nec
1618 3243 1772 3297 alteri
1806 3245 2012 3299 nubere

362 3326 371 3334 '
451 3323 854 3391 prubbebitnr.
914 3327 1111 3392 Quaere
1164 3339 1217 3383 et
1270 3330 1336 3383 46
1389 3347 1510 3386 can.
1574 3333 1744 3388 sancti
1807 3333 2012 3391 Basilii.

453 3411 697 3467 Snadent
732 3423 910 3470 tamen
938 3417 1126 3473 Patres
1151 3421 1389 3486 mulieri,
1417 3439 1484 3476 ne
1507 3423 1597 3477 alii
1625 3425 2012 3495 conjnngatur,

452 3501 547 3555 sed
588 3518 647 3556 se
680 3504 892 3561 fortiter
921 3517 975 3562 et
1018 3509 1367 3566 continenter
1409 3523 1577 3581 gerat,
1630 3525 1684 3570 et
1733 3502 2014 3586 peccatum

453 3598 776 3664 pmnitentia
821 3603 1022 3672 expiet.
1085 3603 1254 3659 Porro
1297 3612 1351 3660 et
1398 3606 1580 3673 militi,
1617 3608 1710 3678 qui
1764 3624 2018 3665 reversus

453 3697 560 3754 est,
620 3692 1011 3758 permiserunt,
1068 3694 1110 3747 si
1172 3695 1320 3759 velit,
1368 3712 1594 3752 uxorem
1651 3714 1805 3754 suam
1863 3700 2018 3756 alteri

455 3781 804 3849 conjunctam
842 3774 1119 3849 revocare,
1147 3801 1377 3856 eamque
1407 3789 1566 3843 venia
1611 3789 1832 3860 dignam
1885 3808 2018 3848 cen-

454 3871 588 3934 seri,
621 3879 676 3926 ut
703 3888 822 3939 quze
850 3874 950 3929 viri
983 3876 1066 3929 sui
1115 3877 1343 3931 reditum
1380 3879 1750 3950 desperaverit
1781 3902 1794 3938 :
1828 3900 2022 3952 quem-

457 3962 753 4020 admodum
814 3973 868 4020 et
930 3967 1005 4021 illi
1038 3969 1370 4037 ignoscetur,
1401 3973 1492 4042 qui
1543 3974 1716 4044 ipsam
1751 3975 1908 4030 duxit
1965 3977 2020 4030 in

457 4056 764 4110 secundum
791 4060 1220 4116 matrimonium.
1255 4059 1390 4116 Cum
1427 4062 1540 4118 haec.
1569 4064 1638 4119 ita
1667 4081 1726 4121 se
1761 4065 2019 4136 habeant,

459 4150 732 4216 rogaverit
755 4151 1049 4220 quispiam,
1087 4152 1198 4207 Cur
1231 4170 1407 4209 canon
1442 4157 1661 4224 quidem
1689 4158 1825 4212 dicit
1858 4175 2024 4229 snpe-

457 4241 574 4293 rins
605 4240 900 4297 adulterari
940 4244 1221 4309 mulieres,
1272 4254 1382 4300 tam
1419 4247 1539 4317 ejus
1600 4251 1688 4316 qui
1741 4250 2021 4317 discessit,

459 4330 626 4401 268
658 4349 818 4402 quam
849 4334 1064 4398 militis,
1099 4336 1143 4391 si
1177 4336 1335 4392 alteri
1371 4341 1676 4404 nnpserint,
1729 4350 2022 4408 antequam

463 4425 626 4493 plane
660 4427 726 4481 de
772 4428 1012 4484 virorum
1069 4446 1292 4485 suorum
1343 4442 1520 4487 morte
1554 4436 1818 4489 certiores
1867 4433 2023 4488 factae

462 4515 665 4571 fuerint
726 4535 741 4572 :
800 4518 856 4574 in
918 4519 1023 4576 line
1074 4534 1252 4577 autem
1315 4523 1562 4579 decernit
1619 4524 1808 4579 militis
1868 4525 2023 4580 uxori

461 4609 674 4678 ignosci
705 4622 981 4681 oportere,
1013 4613 1172 4681 eique
1199 4615 1290 4682 qui
1325 4615 1404 4670 illi
1438 4617 1494 4670 in
1528 4617 1784 4672 secundis
1819 4620 2028 4688 nuptiis

2115 3245 2432 3314 γαμηθῆναι
2455 3245 2514 3298 ού
2539 3243 2939 3312 κωλυθήσεται.
2971 3240 3133 3313 Ζῆτει
3158 3244 3251 3296 καὶ
3282 3244 3376 3296 τὸν
3447 3251 3544 3313 μς¹
3589 3263 3692 3297 κα-

2116 3341 2244 3392 νόνα
2299 3338 2392 3392 τοῦ
2444 3339 2598 3406 ἀγίου
2645 3338 2950 3391 Βασιλείου.
2995 3337 3445 3408 Συμόουλευτικῷ
3502 3339 3689 3407 τρόπῳ

2120 3429 2472 3484 ὑποτιθέασιν
2505 3432 2553 3481 oi
2586 3429 2831 3498 Πατέρες
2862 3432 2926 3500 τῇ
2959 3428 3180 3495 γυναικὶ
3213 3428 3287 3497 μὴ
3331 3427 3692 3497 συζευχθῆναι

2120 3520 2311 3590 ἑτέρῳ,
2342 3519 2476 3572 ἀλλά
2498 3519 2840 3592 καρτερῆσαι
2870 3521 2960 3573 καὶ
2988 3519 3382 3576 ὲξιλεὼσασθαι
3407 3519 3468 3570 τὸ
3506 3519 3692 3588 ἀμάρ-

2119 3629 2270 3682 τημα
2297 3611 2385 3664 διὰ
2421 3611 2736 3680 μετανοίας.
2771 3611 2879 3664 Καὶ
2898 3611 2975 3681 τῷ
2993 3609 3421 3674 ὲπαναζεύξαντι
3444 3610 3500 3663 δὲ
3528 3628 3693 3679 στρα-

2120 3703 2287 3775 τιώτῃ
2323 3703 2696 3774 ἐξεχώρησαν,
2753 3705 2802 3756 εί
2853 3703 3022 3767 θέλει,
3091 3703 3535 3757 ἀνακαλέσασθαι
3590 3703 3689 3772 τὴν

2122 3794 2294 3864 ἑτέρῳ
2357 3795 2747 3862 συζευχθεῖσαν
2797 3795 3029 3861 γυναῖκα
3115 3792 3300 3854 αὑτοῦ,
3371 3789 3692 3860 ὀφείλουσαν

2126 3887 2457 3959 συγγνώμης
2489 3888 2814 3956 ἀξιωθῆναι,
2841 3886 2917 3949 ὡς
2934 3885 3319 3940 ἀπελπίσασαν
3367 3884 3466 3956 τὴν
3496 3885 3688 3940 ὲπάνοο

2124 3979 2213 4031 δον
2237 3979 2328 4030 τοῦ
2349 3977 2551 4031 οἰκείου
2576 3976 2767 4047 ἀνδρός
2801 3993 2815 4007 ·
2843 3975 3030 4046 ὥσπερ
3093 3976 3155 4044 δὴ
3211 3974 3693 4044 συγγνωσθήσεται

2125 4071 2221 4125 καὶ
2258 4072 2285 4123 ὁ
2303 4071 2380 4131 είς
2407 4069 2661 4139 δεύτερον
2688 4068 2865 4136 γάμον
2894 4067 3065 4136 αὐτὴν
3091 4066 3456 4135 ἀγαγόμενος.
3475 4065 3690 4120 Τούτων

2125 4163 2295 4226 οὕτως
2315 4163 2568 4232 ἐχόντων,
2599 4161 2863 4231 ἐρωτήσει
2889 4179 2994 4223 τις,
3017 4161 3115 4214 Διά
3140 4161 3192 4212 τί
3217 4160 3326 4213 ἀνω
3356 4159 3454 4227 μὲν
3471 4161 3499 4212 ὀ
3518 4159 3694 4213 κανών

2127 4270 2260 4324 φησι
2287 4250 2575 4321 μοιχᾶσθαι
2599 4250 2697 4311 τὰς
2715 4252 2998 4318 γυναῖκας,
3028 4248 3122 4302 τού
3151 4266 3208 4301 τε
3224 4249 3692 4318 ἀναχωρήσαντος,

2129 4345 2270 4416 πρδς
2301 4344 2355 4396 δὲ
2411 4342 2626 4396 καὶτοῦ
2657 4341 3020 4412 στρατιώτου,
3078 4341 3289 4409 ἑτέροις
3349 4339 3696 4408 γαμηθείτας

2129 4437 2236 4508 πρὸ
2264 4435 2512 4498 ἐντελοῦς
2534 4435 2910 4505 πληροφορίας
2937 4433 3031 4486 τοῦ
3057 4432 3290 4486 θανάτου
3345 4433 3455 4486 τῶν
3486 4431 3697 4502 ἀνδρῶν

2129 4526 2307 4580 αὐτῶν
2336 4541 2349 4554 ·
2379 4527 2436 4577 ἐν
2471 4524 2547 4594 τῷ
2571 4525 2715 4577 τέλει
2740 4524 2796 4576 δὲ
2857 4522 3152 4594 διορίζεται
3226 4522 3696 4592 συγγινώσκεσθαι

2125 4618 2225 4689 τὴν
2255 4621 2490 4688 γυναῖκα
2531 4616 2625 4670 τοῦ
2657 4617 3017 4684 στρατιώτου,
3061 4616 3158 4668 καὶ
3205 4616 3296 4669 τὸν
3351 4615 3692 4684 συναφθέντα

461 4701 749 4770 copulatus
779 4703 904 4758 est?
935 4702 1166 4760 Salutio.
1203 4705 1392 4775 Magna
1438 4715 1520 4761 est
1554 4707 1860 4763 diﬂ‘erentia
1889 4709 2017 4764 intet

2132 4709 2263 4780 αὐτῇ
2296 4708 2432 4776 μετά
2464 4707 2714 4777 δεύτερον
2743 4707 2960 4775 γάμον;
2998 4707 3210 4771 Λύσις.
3262 4705 3434 4772 Πολλὴ
3466 4704 3694 4774 διαφορά

464 4804 692 4846 uxorem
735 4793 927 4848 militis
957 4802 1012 4848 et
1049 4796 1234 4852 aliam.
1264 4795 1357 4852 illa
1388 4799 1556 4862 enim,
1611 4798 1775 4854 simul
1831 4816 1894 4856 ac
1930 4817 2025 4871 pe-

463 4897 620 4952 regre
653 4884 931 4953 profectus
956 4895 1041 4944 est
1065 4887 1243 4953 miles,
1283 4889 1444 4945 habet
1492 4891 1732 4961 aliquam
1785 4893 1853 4947 de
1904 4891 2026 4962 ejus

467 4985 642 5030 morte
700 4977 1104 5045 suspicionem;
1161 4983 1619 5050 quemadmodum
1675 4994 1730 5040 et
1789 5000 2029 5056 praesens

459 5083 664 5132 canon,
722 5075 1014 5140 postquam
1065 5070 1207 5127 dixit
1249 5073 1316 5127 de
1358 5073 1548 5138 milite,
1611 5074 1715 5130 hoe
1769 5091 2028 5145 expresse

463 5161 632 5215 dicit:
667 5160 773 5216 Sed
811 5177 896 5218 res
933 5162 1021 5217 hic
1052 5164 1270 5234 quidem
1301 5165 1540 5235 aliquam
1577 5165 1736 5223 habet
1792 5171 2026 5236 veniam,

463 5251 567 5306 huc
601 5260 708 5315 est,
746 5253 938 5310 militis
973 5257 1132 5310 uxori
1166 5256 1490 5327 ignoscitur,
1525 5259 1670 5328 quod
1729 5259 1804 5314 sit
1852 5261 2029 5329 major

459 5344 530 5397 de
562 5351 738 5399 morte
773 5347 1054 5417 suspicio:
1085 5349 1230 5418 quod
1269 5350 1435 5405 etiam
1467 5352 1533 5406 3i
1579 5359 1634 5407 et
1684 5353 1753 5409 56
1788 5368 2030 5411 canones

460 5439 638 5494 sancti
693 5439 883 5496 Basilii
930 5449 1202 5498 statuunt.
1251 5442 1369 5498 Alia
1427 5452 1609 5500 autem
1662 5445 1799 5501 nihil
1842 5457 2022 5518 potest

2126 4802 2241 4854 ἐστι
2273 4803 2372 4870 τῆς
2395 4797 2654 4868 γυναικὸς
2680 4799 2776 4852 τοῦ
2813 4798 3149 4869 στρατιώτου
3209 4798 3301 4852 καὶ
3353 4797 3451 4867 τῆς
3511 4797 3694 4864 ἄλλης.

2137 4889 2204 4942 Ἦ
2238 4891 2336 4958 μὲν
2367 4888 2474 4958 γὰρ
2537 4887 2653 4958 ἅμα
2685 4887 2761 4957 τῷ
2789 4887 3146 4958 ἀποδημῆσαι
3201 4887 3294 4940 τὸν
3357 4885 3693 4957 στρατιώτην

2127 4979 2368 5034 ὕποπτον
2393 4980 2612 5050 ἔχειτὸν
2634 4979 2883 5041 θάνατον,
2915 4979 3094 5042 καθὼς
3120 4980 3214 5031 καὶ
3241 4979 3268 5028 ὁ
3286 4977 3478 5048 παρὼν
3494 4976 3694 5037 κανὼν,

2130 5070 2271 5142 μετᾶ
2308 5069 2369 5121 τὸ
2401 5069 2580 5122 εἰπεῖν
2602 5068 2733 5140 περὶ
2765 5068 2858 5122 τοῦ
2918 5068 3279 5138 στρατιώτου,
3329 5069 3464 5138 φησὶ
3529 5067 3698 5121 ταῦτα

2129 5161 2310 5235 ῥητῶς
2341 5175 2356 5192 ⁸
2410 5158 2556 5229 Πλὴν
2622 5157 2736 5229 ἔχει
2781 5157 2906 5210 τινὰ
2960 5159 3291 5228 συγγνώμην
3339 5159 3400 5210 τὸ
3470 5159 3698 5228 πρᾶγμα

2125 5251 2576 5321 ὲνταῦθα,ἢγουν
2615 5250 3058 5320 συγγινώσκεται
3110 5252 3143 5319 ἡ
3218 5250 3314 5302 τοῦ
3365 5250 3696 5318 στρατιώτου

2127 5346 2290 5418 γυνὴ,
2323 5345 2412 5398 διὰ
2441 5346 2502 5399 τὸ
2532 5344 2736 5415 μᾶλλον
2763 5344 2903 5415 πρὸς
2931 5345 3159 5398 θάνατον
3212 5338 3353 5397 εἶναι
3400 5345 3500 5414 τὴν
3570 5343 3698 5397 ύπόο

2127 5457 2279 5495 νοιαν
2304 5476 2320 5504 ,
2345 5439 2481 5507 ὅπερ
2547 5437 2642 5490 καὶ
2678 5438 2706 5492 ὀ
2750 5436 2832 5489 λα’
2860 5436 2956 5490 καὶ
2977 5437 3006 5489 ὁ
3038 5436 3128 5499 λς’
3163 5433 3344 5488 κανὼν
3396 5435 3489 5488 τοῦ
3548 5435 3698 5505 ἀγίου

1661 5585 1858 5649 Guill.
1896 5584 2227 5664 Beveregii
2270 5589 2461 5646 noue.

445 5722 452 5729 '
534 5707 612 5777 (6)
655 5707 808 5781 esse
859 5708 969 5781 γὰρ
1016 5709 1228 5778 ἔχουσι
1281 5711 1608 5781 πρόφασιν.
1667 5713 1791 5767 Ιῐιιισ
1845 5715 2031 5776 verba,

463 5794 638 5849 usque
664 5779 729 5834 ad
753 5778 982 5835 θανάτου
1014 5781 1212 5850 αὐτῶν,
1243 5778 1344 5839 ms.
1375 5783 1664 5839 Boileiano
1694 5794 1907 5854 accepta
1942 5801 2029 5839 re-

2145 5712 2392 5767 ferimus.
2433 5710 2564 5764 Nam
2596 5709 2648 5762 in
2679 5709 2914 5764 editione
2947 5705 3235 5770 Parisiensi
3269 5705 3648 5775 desiderantur
3677 5722 3693 5764 :

2141 5783 2231 5841 sed
2259 5784 2310 5839 in
2344 5783 2592 5837 Amori-at
2612 5779 2774 5834 hiano
2801 5778 3031 5849 a'iisqnc
3063 5793 3190 5834 mss.
3221 5776 3492 5848 leguntur.
