3992 6484
230 336 339 400 833

1273 334 1355 394 IN
1395 333 1565 396 CAN.
1608 335 1796 395 XCIII
1843 336 2055 398 CONC.
2098 338 2179 400 IN
2218 336 2543 398 TRUI.LO.

3374 339 3482 405 834

230 448 519 503 Βλσιλείου
591 448 1035 520 θεσμοθετοῦσιν.
1103 448 1169 501 ἸΙ
1248 448 1383 517 ἄλλη
1433 447 1489 500 δὲ
1546 446 1699 501 οὐδέν
1759 465 1812 500 τι

1935 448 2185 515 ι]ιιειιιοιιί
2246 449 2503 518 allegare.
2564 450 2739 504 Simul
2775 453 2919 505 enim
2969 466 3032 506 ac
3078 467 3108 507 e
3164 451 3329 508 domo
3382 474 3480 510 sua

228 542 475 595 τοιοῦτον
528 539 1210 611 προϐάλλεσθαιδύναται.
1268 539 1419 607 ’Ἅμα
1476 537 1585 607 γὰρ
1636 542 1701 609 τῇ
1746 539 1810 592 ἐκ

227 632 336 701 τῆς
355 632 535 694 οἰκίας
569 632 738 701 αὐτῆς
760 633 1110 702 ἀναχωρήσει
1155 629 1249 682 τοῦ
1306 630 1500 698 ἀνδρδς
1542 631 1809 699 ἐγίνωσκε

226 725 335 795 τὴν
362 724 548 794 ἀφανῆ
577 724 768 776 τούτου
800 724 1115 793 ἀποδημίαν
1154 737 1169 753 ⁶
1209 723 1301 776 καὶ
1327 722 1414 775 διὰ
1474 722 1634 775 τοῦτο
1687 720 1809 775 οὐδὲ

226 815 569 885 συγγνώμης
603 815 873 883 ἀξιοῦται.
915 817 1056 885 Πρὸς
1079 815 1289 879 τούτοις
1338 815 1482 868 εἴποι
1514 832 1599 875 τις
1625 814 1699 877 ὡς
1716 814 1811 868 τοῦ

224 905 416 973 γάμου
448 905 543 958 τοῦ
567 906 861 975 γενομένου
901 907 1042 976 μετὰ
1069 906 1161 958 τοῦ
1178 906 1631 975 καταλειφθέντος
1661 905 1812 977 παρὰ

225 999 341 1067 τῆς
363 1000 577 1062 οἰκείας
639 1000 876 1067 συζύγου
919 998 1014 1050 καὶ
1062 1002 1157 1066 τῆς
1199 997 1490 1068 ἐλευθέρας
1532 998 1809 1064 γυναικὸς,

226 1090 615 1143 ἀνυποστάτου
639 1090 814 1154 ὄντος,
847 1092 995 1153 πιῖος
1017 1089 1175 1158 λόγος
1207 1089 1501 1141 ὑπελίπετο
1531 1090 1689 1158 χάριν
1718 1087 1813 1141 τοῦ

233 1182 323 1250 μὴ
348 1181 688 1252 συναφθῆναι
719 1182 891 1251 αὐτὴν
917 1181 1089 1251 ἑτέρῳ
1117 1181 1292 1251 ἀνδρὶ,
1342 1181 1690 1250 ἁγνοήσασαν
1721 1182 1816 1233 καὶ

231 1272 421 1324 ταῦτα
462 1274 553 1325 τον
600 1274 815 1344 πρῶτον
850 1273 1026 1342 γάμον
1060 1271 1154 1324 τοῦ
1215 1271 1672 1341 καταλειφθέντος
1723 1275 1818 1325 ἀν-

236 1364 374 1433 δρός
404 1382 420 1429 ;
454 1366 666 1429 Λύσις.
702 1364 877 1418 Τινῶν
911 1364 1177 1431 λεγόντων
1201 1364 1302 1427 ὅτι,
1337 1363 1440 1416 κᾶν
1496 1364 1710 1433 μοιχεία
1754 1363 1815 1415 οὐ

228 1458 439 1524 γέγονε
470 1457 621 1528 παρὰ
645 1458 741 1521 τῆς
764 1457 1027 1525 γυναικδς
1076 1456 1164 1510 διὰ
1214 1456 1313 1527 τὴν
1370 1457 1619 1524 ἄγνοιαν,
1682 1456 1817 1510 ἀλλὰ

230 1551 470 1619 πορνεία
496 1548 776 1619 ἐτελέσθη,
811 1549 907 1601 καὶ
960 1549 1224 1620 ὀφείλειὴ
1275 1548 1621 1620 πορνεύσασα
1680 1550 1818 1604 κατὰ

230 1643 370 1703 τοὺς
407 1640 661 1711 περὶτῆς
684 1640 944 1709 πορνείας
980 1640 1211 1703 κανόνας
1269 1640 1688 1710 ἐπιτιμηθῆναι,
1724 1642 1819 1694 καὶ

1915 540 2146 595 maritus
2178 543 2439 606 excessit,
2471 544 2737 596 incertam
2786 560 3003 613 quoque
3052 543 3173 612 ejus
3221 562 3344 602 esse
3390 550 3485 601 ab-

1916 633 2155 685 sentiam
2185 636 2440 703 cognovit
2467 652 2479 687 :
2512 644 2561 687 et
2600 646 2884 704 propterea
2922 654 2989 691 ne
3019 639 3230 693 veniant
3260 640 3483 709 quidem

1915 734 2175 776 meretur.
2203 723 2278 777 Ad
2320 725 2432 779 hinc
2453 726 2656 781 dixi-rit
2685 729 2983 797 quispiam,
3013 730 3173 796 Quod
3203 749 3327 787 eum
3361 751 3484 788 ma-

1915 813 2404 876 lrimonium,cum
2454 831 2518 867 ro
2569 819 2723 886 quia
2763 823 2983 889 propria
3036 839 3209 878 uxore
3260 826 3488 883 relictus

1915 913 2000 958 est
2030 913 2083 959 ct
2117 906 2287 960 libera
2320 924 2415 963 seu
2450 911 2629 965 soluta
2669 916 2917 979 muliere,
2958 932 3065 971 non
3121 921 3294 989 possit
3347 937 3485 974 cou-

1915 997 2133 1063 sistere,
2172 1016 2419 1069 quisnam
2453 1004 2640 1057 relicta
2674 1014 2759 1060 est
2794 1009 2938 1061 ratio
2968 1009 3035 1064 de
3068 1026 3131 1064 ea
3167 1013 3320 1066 alteri
3367 1013 3488 1065 viio

1916 1103 2027 1142 non
2059 1092 2467 1160 eenjungenda,
2502 1097 2739 1151 maxime
2764 1115 2885 1151 eum
2919 1101 3249 1170 iguoraverit
3293 1104 3488 1156 matri-

1920 1184 2161 1235 monium
2217 1184 2314 1237 viri
2348 1185 2439 1254 qui
2477 1187 2699 1243 relietus
2739 1191 2852 1243 est?
2897 1192 3131 1249 Salutio.
3183 1196 3316 1248 Cum
3365 1197 3491 1265 qui-

1917 1271 2042 1325 dam
2074 1274 2343 1341 dicerent,
2376 1277 2522 1346 quod
2554 1278 2768 1333 etiamsi
2801 1298 2905 1335 non
2944 1282 3045 1337 fuit
3076 1286 3409 1339 adulterimn
3456 1303 3485 1338 a

1919 1363 2146 1432 muling
2167 1366 2517 1421 εοιιιιιιὶδειιιιι
2558 1382 2780 1438 propter
2812 1373 3201 1442 ignorantiam,
3242 1376 3485 1432 admissa

1919 1463 2001 1507 est
2037 1456 2218 1509 tamen
2253 1457 2566 1525 fornicatio,
2625 1474 2679 1515 et
2733 1479 2855 1517 Clllll
2900 1469 2968 1519 sit
3003 1467 3291 1530 fornicata,
3327 1469 3493 1522 debet

1920 1562 1985 1600 ex
2019 1551 2326 1605 canonibus
2355 1551 2422 1605 de
2453 1553 2813 1609 fornicatione
2840 1559 3046 1627 pnuiri,
3106 1569 3160 1613 et
3215 1560 3335 1615 ideo
3388 1577 3492 1616 nee

1923 1643 2014 1696 alii
2045 1644 2263 1713 quidem
2295 1650 2411 1701 viro
2442 1648 2724 1720 conjungi,
2764 1660 2823 1705 ut
2850 1668 2970 1720 quae
3009 1653 3081 1707 sit
3129 1663 3284 1707 extra
3318 1655 3493 1710 ambi-

231 1733 329 1785 διὰ
351 1731 508 1785 τοῦτο
535 1731 669 1801 μηδὲ
693 1730 995 1801 συζυγῆναι
1023 1733 1199 1802 ἀνδρὶ,
1246 1732 1321 1795 ὡς
1364 1730 1469 1795 ἔξω
1521 1729 1655 1784 οὖσα
1710 1732 1818 1783 τῶν

1935 1742 2015 1788 ius
2067 1736 2521 1793 ecclesiasdcos:
2558 1738 2751 1795 Patres
2801 1743 2904 1795 hoc
2953 1743 3115 1796 etiam
3171 1744 3494 1809 solventes,

232 1823 716 1894 ἐκκλησιαστικῶν
748 1822 1051 1894 περιϐόλων
1080 1839 1094 1853 ⁸
1148 1827 1195 1877 οἱ
1246 1823 1492 1895 Πατέρες
1539 1826 1630 1876 καὶ
1665 1823 1821 1877 τοῦτο

232 1915 459 1979 λύοντες
495 1916 700 1986 ἔφησαν
730 1918 811 1969 ὅτι
844 1917 1072 1986 πορνεία
1099 1917 1197 1987 μὲν
1227 1918 1451 1985 γέγονεν
1488 1934 1503 1948 ⁸
1572 1917 1695 1970 ἐπεὶ
1763 1917 1820 1969 δὲ

234 2008 274 2076 ἠ
306 2007 446 2077 γυνὴ
473 2008 532 2060 οὖ
574 2008 814 2079 πορνικῷ
854 2012 1064 2079 τρόπῳ,
1088 2008 1225 2061 ἀλλὰ
1247 2010 1494 2079 νομίμως
1550 2010 1824 2079 συνεζύγη

237 2097 322 2168 τῷ
377 2098 814 2166 καταλειψθέντι,
878 2100 1257 2170 πορνευόντων
1330 2101 1629 2170 ἐπιτιμίοις
1723 2104 1823 2154 οὐκ

238 2186 789 2253 ὖποπεσεῖται,ὰλλὰ
856 2188 956 2258 τῆς
1024 2189 1483 2260 ἐκκλησιαστικῆς
1538 2192 1825 2254 κοινωνίας

240 2281 632 2353 ἀξιωθήσεται.
690 2282 808 2335 Ἵνα
864 2281 920 2334 δὲ
971 2284 1045 2353 μὴ
1104 2282 1298 2347 δόξωσι
1341 2286 1673 2354 προτρέπειν
1726 2286 1825 2349 τὰς

242 2375 516 2439 γυναῖκας
540 2372 776 2443 πρὺςστὸ
828 2372 1313 2442 ἀνευλαὸἐστερον,
1376 2370 1531 2426 εἷπον
1608 2374 1826 2427 κάλλιον

241 2461 394 2518 εἶναι
439 2464 733 2535 ἡσυχάζειν
758 2466 947 2527 αὑτάς.
976 2467 1097 2519 Κᾶν
1145 2466 1255 2536 γὰρ
1327 2466 1385 2519 ὲν
1421 2467 1612 2538 ἀγνοίᾳ
1642 2467 1826 2536 ἦμαρ-

244 2573 341 2610 τον
361 2576 373 2588 ·
412 2556 529 2608 ἀλλ’
548 2557 670 2609 ὅσον
693 2557 752 2608 τὸ
778 2558 857 2620 εἰς
887 2557 1061 2620 αὑτὰς
1098 2575 1171 2627 πρ
1184 2559 1320 2621 ὦτος
1342 2558 1519 2627 γάμος
1554 2557 1827 2625 λογίζεται

244 2650 428 2701 ἐκεῖνο
457 2648 519 2701 τὸ
550 2648 939 2714 ἀνυπόστατον,
969 2648 1061 2701 καί
1102 2650 1201 2703 οὐκ
1253 2648 1530 2717 ὀφείλουσι
1575 2648 1831 2718 δευτεροοο

246 2743 526 2813 γαμῆσαι,
557 2744 605 2796 εί
637 2743 711 2814 μὴ
745 2742 1027 2813 βούλονται
1059 2744 1171 2803 τοῖς
1228 2741 1338 2794 τῶν
1368 2739 1831 2811 δευτερογαμούν-

247 2853 363 2888 των
394 2836 687 2907 ἐπιτιμίοις
709 2837 1029 2890 ὑποπεσεῖν.
1053 2837 1174 2888 Ἔτι
1203 2836 1475 2905 ἐρωτήσει
1524 2852 1628 2897 τις,
1682 2832 1827 2902 Ἀρα

251 2930 351 2981 καὶ
378 2929 405 2980 ὁ
434 2928 534 2998 τὴν
564 2930 656 2980 τοῦ
714 2928 1055 2998 στρατιώτου
1089 2928 1325 2995 γυναῖκα
1356 2928 1413 2978 ἐν
1446 2927 1643 2993 ἀγνοίᾳ
1682 2926 1819 2991 ἁγα-

251 3020 487 3089 γόμενος
512 3022 995 3092 συγγνωσθήσεται
1029 3019 1278 3087 ;Λύσις.
1306 3017 1418 3072 Καὶ
1480 3016 1734 3088 μάλιστα.
1769 3015 1830 3067 Εἰ

1926 1826 2205 1894 dixerunt,
2241 1828 2385 1899 quod
2426 1831 2717 1885 fornicatio
2759 1834 2978 1902 quidem
3031 1836 3326 1890 commissa
3363 1845 3493 1901 est;

1926 1918 2021 1972 sed
2060 1923 2315 1989 quoniam
2343 1924 2565 1987 mulier,
2620 1941 2725 1979 non
2769 1941 2920 1980 more
2966 1927 3341 1991 fornicatorio,
3398 1930 3492 1981 sed

1926 2010 2167 2080 legitime
2237 2012 2309 2077 ei,
2372 2015 2464 2082 qui
2532 2016 2760 2071 relictus
2824 2027 2962 2080 erat,
3020 2019 3311 2087 conjuncta
3370 2018 3496 2082 fuit,

1928 2116 2292 2159 scortatorum
2334 2121 2495 2176 poena
2527 2124 2633 2161 non
2676 2109 2966 2177 punietur;
2996 2111 3087 2165 sed
3129 2111 3290 2181 digna
3320 2114 3492 2167 eet-le-

1928 2198 2148 2253 siastiea
2187 2200 2577 2253 communione
2615 2202 2953 2269 censebitur,
2987 2219 3085 2257 nce
3123 2205 3212 2257 alii
3238 2205 3498 2275 conjungi

1929 2288 2335 2358 prohibebitur.
2365 2289 2443 2344 Ne
2476 2301 2657 2345 autem
2702 2292 3021 2346 viderentur
3051 2292 3244 2350 Patres
3296 2296 3501 2349 adlior4

1932 2380 2040 2433 tari
2073 2381 2336 2438 mulieres
2372 2382 2438 2436 ad
2476 2383 2528 2437 id
2571 2385 2717 2453 quod
2764 2392 2850 2440 est
2900 2388 3081 2440 minus
3132 2388 3308 2456 pitun,
3342 2388 3495 2443 dixe-

1931 2478 2063 2523 runt
2127 2485 2253 2524 esse
2318 2472 2517 2527 melius
2572 2482 2632 2527 ut
2689 2474 2995 2544 quiescant.
3044 2474 3157 2529 Etsi
3206 2476 3351 2531 enim
3406 2494 3504 2547 per

1933 2562 2299 2631 ignorantiam
2350 2573 2646 2633 peecarunt
2678 2584 2692 2620 :
2729 2566 2825 2622 sed
2850 2569 2996 2636 quod
3032 2567 3099 2622 ad
3143 2583 3237 2623 eas
3285 2571 3502 2639 quidem

1932 2654 2176 2721 attinet,
2235 2656 2472 2726 primum
2546 2658 2956 2715 matrimonium
3022 2674 3308 2729 rtpntatur
3371 2664 3504 2717 illud

1937 2747 2086 2816 quod
2128 2762 2234 2801 non
2272 2760 2449 2818 potest
2498 2751 2829 2818 consistere,
2884 2767 2986 2807 nec
3032 2755 3230 2808 debent
3257 2756 3505 2810 secundo

1934 2841 2162 2905 nubere,
2215 2841 2322 2895 nisi
2377 2841 2543 2894 velint
2598 2843 2780 2911 poenis
2813 2858 3027 2909 earum,
3088 2860 3209 2914 qua:
3262 2849 3506 2902 secundo
3580 2906 3581 2909 η

1934 2932 2166 2996 nubunt,
2204 2933 2426 3003 subjici.
2465 2937 2740 2989 Praeterea
2792 2937 3151 3006 interrogabit
3206 2938 3502 3007 quispiam,

1936 3023 2209 3093 Numquid
2239 3036 2293 3078 et
2325 3025 2418 3095 qui
2473 3026 2662 3081 militis
2712 3042 2937 3081 uxorem
2995 3045 3090 3097 per
3146 3032 3504 3098 ignorantiam

251 3115 365 3183 γὰρ
384 3113 586 3183 ὠφελεῖ
624 3113 722 3183 τὴν
750 3116 990 3180 γυναῖκα
1014 3115 1047 3183 ἡ
1065 3114 1281 3181 ἄγνοια,
1307 3108 1486 3179 πολλῷ
1511 3109 1713 3178 μᾶλλον
1739 3108 1826 3162 τὸν

1936 3112 2113 3181 duxit,
2145 3114 2193 3170 ei
2229 3115 2383 3169 venia
2422 3114 2681 3169 dabitur?
2716 3115 2949 3171 Salutio.
2982 3116 3236 3172 Maxime.
3278 3121 3333 3174 Si
3359 3121 3505 3176 enim

253 3207 428 3277 ἄνδρα
472 3206 562 3259 τὸν
623 3206 828 3275 ταύτην
901 3205 1246 3273 ἀγαγόμενον
1322 3200 1826 3271 ἁπροκριμάτιστον

257 3302 611 3371 συντηρήσει,
652 3300 727 3362 ὡς
769 3298 906 3370 μηδὲ
944 3296 1142 3349 εἰδέναι
1181 3293 1487 3364 ὀφείλοντα.
1531 3293 1594 3344 Τί
1625 3292 1703 3356 δὲ,
1735 3290 1826 3345 τοῦ

258 3394 597 3463 στρατιώτου
619 3390 1041 3461 αἱρετισαμένου
1075 3388 1174 3458 μὲν
1204 3384 1577 3449 ἀναλαϐέσθαι
1605 3383 1705 3455 τὴν
1747 3386 1827 3436 ol-

258 3485 418 3537 κείαν
449 3484 739 3553 ὀμόζυγον,
765 3484 1056 3550 γενήσεται
1086 3477 1155 3530 τὰ
1183 3477 1261 3547 τῷ
1313 3475 1501 3528 κανόνι
1578 3474 1829 3545 περιεχό-

261 3593 401 3647 μενα
427 3591 441 3640 ;
484 3573 922 3643 ἀπαναινομένου
954 3571 1030 3634 δὲ,
1054 3568 1306 3638 οὐδαμῶς
1327 3584 1340 3597 ·
1376 3564 1661 3620 ἀλλ’ἕσται
1690 3565 1829 3633 αὑτὴ

262 3672 402 3741 μετὰ
438 3668 526 3720 τοῦ
561 3669 748 3736 ἐτέρου
787 3663 1252 3735 συμϐιοτεύουσα;
1286 3662 1498 3725 Λύσις.
1548 3658 1703 3712 Μετὰ
1734 3657 1830 3727 τὴν

260 3762 613 3834 ὑποστροφὴν
644 3760 737 3814 τοῦ
772 3759 1136 3831 στρατιώτου,
1169 3754 1502 3810 ἁπεντεῦοεν
1535 3752 1832 3821 ὀδεὺτερος

259 3861 437 3928 γάμος
477 3856 771 3908 διασπᾶται
808 3869 820 3882 °
858 3854 1019 3904 καιεί
1055 3850 1154 3920 μὲν
1201 3849 1344 3901 θέλει
1411 3850 1437 3901 ὁ
1488 3843 1831 3915 στρατιώτης

260 3954 449 4004 λαῦεῖν
472 3948 665 4017 αὐτὴν,
689 3945 798 4016 ἕχει
825 3945 910 3995 ἐπ’
938 3943 1119 4003 ἁδείας
1179 3940 1340 3993 τοῦτο
1372 3940 1549 3991 ποιεῖν
1590 3952 1602 3965 ·
1670 3937 1719 3988 εί
1772 3936 1831 3987 δὲ

264 4042 368 4109 μὴ,
419 4038 539 4089 οὐδὲ
578 4037 717 4105 μετὰ
795 4033 889 4085 τοῦ
943 4033 1195 4102 δευτέρου
1265 4028 1456 4100 ἀνδρὸς
1498 4028 1831 4097 συνοικήσει.

261 4130 481 4184 Μᾶλλον
510 4128 609 4197 μὲν
635 4122 727 4178 οὖν
750 4126 845 4177 καὶ
878 4124 927 4175 εί
959 4121 1222 4191 ὲπιμείνῃ
1263 4119 1399 4189 μετὰ
1436 4118 1631 4171 τούτου
1687 4132 1830 4184 συμ-

264 4222 612 4284 ϐιοτεὺουσα,
649 4215 979 4286 συγγνώμης
1018 4215 1117 4267 οὐκ
1163 4213 1552 4282 ἀξιωθήσεται,
1577 4209 1710 4262 ἀλλὰ
1743 4208 1835 4260 καὶ

262 4320 336 4379 ὼς
371 4312 617 4385 μοιχαλὶ,
654 4308 1128 4381 τιμωρηθήσεται.
1175 4305 1421 4367 Ἐκείνας
1456 4305 1564 4374 γὰρ
1587 4318 1836 4369 συγγνω-

267 4407 739 4481 μονείσθαίφασιν
778 4405 826 4455 οἱ
870 4399 1252 4470 υατέρες,τὰς
1321 4396 1553 4466 ἑτοίμως
1601 4395 1837 4462 ἀφιστα-

1938 3205 2160 3274 prodest
2195 3206 2408 3259 mulieri
2444 3206 2778 3275 ignorantia,
2812 3208 2984 3262 multo
3016 3211 3186 3280 magis
3223 3221 3276 3265 et
3307 3211 3507 3280 virum,

1936 3296 2028 3365 qui
2082 3312 2201 3351 eam
2258 3297 2434 3363 duxit,
2503 3298 2811 3353 indemnem
2874 3300 3134 3369 nulloque
3189 3302 3509 3372 przejudicio

1942 3386 2200 3441 aﬂ'ectum
2248 3390 2621 3454 conservabit,
2665 3402 2721 3444 ut
2755 3391 2847 3460 qui
2879 3407 2949 3446 ne
2979 3393 3122 3448 scire
3161 3394 3379 3463 quidem
3412 3395 3510 3450 de-

1938 3480 2079 3535 beat.
2117 3478 2257 3546 Quid
2304 3498 2458 3547 vero,
2490 3484 2535 3537 si
2569 3482 2724 3537 miles
2780 3499 2934 3538 suam
2998 3501 3220 3541 uxorem
3266 3489 3511 3558 recipere

1939 3572 2198 3641 voluerit,
2233 3590 2303 3629 an
2345 3592 2409 3629 ea
2460 3578 2590 3631 [ient
2629 3593 2750 3645 qua:
2783 3594 2995 3637 canone
3032 3583 3512 3652 coniprehenduu-

1941 3664 2067 3717 tur?
2120 3665 2217 3719 Sin
2271 3677 2455 3721 autem
2514 3680 2751 3734 recuset,
2804 3686 3188 3743 nequaquam;
3244 3676 3337 3729 sed
3391 3675 3511 3746 ipsa

1941 3770 2065 3808 cum
2094 3757 2201 3810 alio
2246 3758 2411 3814 vitam
2471 3761 2780 3832 transiget?
2810 3761 3045 3822 Salutio.
3096 3764 3224 3819 Post
3274 3766 3511 3821 reditum

1942 3849 2157 3913 militis,
2222 3851 2423 3906 exinde
2484 3856 2787 3908 secundum
2847 3857 3256 3912 matrimonium
3316 3859 3516 3915 dissol-

1947 3940 2094 3994 vitur
2124 3959 2137 3995 :
2173 3944 2302 3996 etsi
2337 3942 2467 3996 velit
2502 3944 2724 4013 quidem
2762 3946 2920 4001 miles
2953 3963 3072 4001 eam
3128 3949 3431 4019 suscipere,
3462 3952 3512 4004 ei

1942 4032 2071 4087 licet
2104 4034 2207 4087 hoc
2233 4032 2435 4088 facere.
2474 4032 2568 4088 Sin
2597 4038 2801 4103 minus,
2832 4052 2935 4092 nec
2968 4054 3090 4093 cum
3125 4041 3367 4096 secundo
3391 4034 3517 4112 qlui-

1942 4128 2065 4181 dem
2105 4127 2224 4180 viro
2252 4127 2605 4181 collabitabit.
2637 4128 2803 4183 Multo
2838 4132 3012 4200 magis
3058 4141 3237 4185 autem
3284 4134 3329 4186 si
3387 4149 3512 4186 cum

1942 4233 2007 4272 eo
2040 4218 2223 4272 vivere
2256 4220 2713 4287 perseveraverit,
2747 4220 2795 4274 ei
2827 4222 2980 4275 venia
3016 4221 3385 4287 nondabitur,
3418 4227 3514 4279 sed

1944 4320 2003 4363 ut
2036 4310 2281 4362 adultera
2318 4310 2599 4379 punietur.
2640 4310 2748 4365 Illis
2776 4312 2924 4366 enim
2962 4328 3084 4367 esse
3137 4314 3375 4368 dandam
3409 4320 3515 4381 ive-

1948 4401 2095 4456 niam
2130 4400 2316 4454 dicunt
2346 4400 2561 4466 Patres,
2612 4418 2733 4473 quae
2794 4417 2824 4456 a
2881 4405 3125 4459 secundo
3162 4406 3516 4461 matrimonio

267 4475 435 4573 μένας
456 4498 551 4553 τοῦ
585 4498 839 4566 δευτέρου
878 4490 1238 4554 συνοικεσίου,
1294 4491 1388 4541 καὶ
1446 4485 1826 4555 συντιθεμένας

1950 4503 2199 4563 prompte
2228 4494 2510 4559 recedunt,
2548 4504 2601 4549 et
2634 4499 2957 4564 ignorantia:
3007 4508 3292 4563 peccatum
3344 4514 3514 4568 agno-

264 4594 343 4663 τῴ
374 4592 433 4657 ἐξ
456 4590 678 4658 ἀγνοίας
718 4586 1081 4657 ἁμαρτήματι
1125 4597 1138 4610 ·
1173 4584 1232 4633 ο)
1262 4582 1368 4650 μὴν
1398 4580 1494 4644 τὰς
1571 4577 1832 4630 ἀνθιστα-

266 4690 437 4756 μενας
466 4683 560 4736 καὶ
595 4681 690 4751 τὴν
727 4678 970 4749 μοιχείαν
995 4672 1386 4746 προελομένας.
1415 4672 1523 4725 Καὶ
1537 4669 1709 4722 ταῦτα
1737 4667 1838 4737 μὲν

262 4783 292 4829 ὁ
323 4776 529 4829 κανών.
580 4773 637 4825 '0
662 4773 719 4825 δὲ
749 4768 1027 4831 πολιτικὸς
1054 4768 1243 4837 νόμος,
1270 4766 1391 4835 ἢτοι
1424 4763 1486 4816 τὸ
1526 4768 1556 4815 ι’
1582 4779 1710 4830 κεφ.
1742 4760 1836 4812 τοῦ

266 4873 313 4933 ζ’
349 4868 529 4919 τίτλον
556 4864 649 4917 τοῦ
681 4870 764 4932 κη’
790 4862 954 4932 sm,
980 4861 1117 4930 ὅπερ
1147 4860 1264 4909 ἐστὶ
1294 4856 1465 4925 νεαρὰ
1527 4853 1841 4907 Ὶουστινιόι-

265 4973 411 5019 νειος
443 4953 566 5026 ριξ,
606 4955 743 5024 φησὶ
762 4959 850 5015 τὰς
882 4954 1150 5019 γυναῖκας
1180 4949 1289 5000 τῶν
1325 4948 1382 5000 ἐν
1420 4944 1715 5009 ταξατιὼνι
1748 4943 1842 4996 ὃν·

263 5069 375 5103 των
420 5052 514 5101 και
546 5046 835 5117 στρατείας
866 5041 1323 5110 καταλεγομένων
1362 5035 1718 5109 στρατιωτῶν
1745 5035 1840 5087 καὶ

264 5146 475 5199 λοιπῶν
512 5142 827 5214 περιμένειν
860 5141 956 5211 τὴν
990 5137 1289 5208 ἐπιδημίαν
1313 5135 1421 5188 τῶν
1448 5133 1685 5203 ἀνδρῶν,
1718 5132 1824 5185 κᾶν

267 5243 389 5303 ὅσος
418 5238 667 5309 παρέλθῃ
690 5236 914 5305 χρόνοςο
954 5234 1044 5285 καὶ
1079 5232 1180 5284 κᾶν
1212 5229 1475 5293 δέξωνται
1533 5227 1840 5297 γράμματα

269 5334 725 5401 πληροφορητικα
750 5326 846 5379 τοῦ
876 5326 1108 5378 θανάτου
1162 5322 1364 5386 αὐτῶν,
1414 5321 1712 5389 ἀναμένειν
1747 5319 1841 5371 καὶ

267 5428 458 5495 ἓτερον
495 5426 766 5487 ἐνιαυτὸν,
799 5422 894 5475 καὶ
928 5422 1068 5491 μετὰ
1092 5419 1251 5471 τοῦτο
1282 5418 1662 5487 συγγνωστέον
1696 5411 1835 5467 εἶναι

269 5520 358 5573 τὸν
395 5517 536 5590 μετὰ
570 5515 758 5585 ἐτέρου
786 5514 979 5584 ἀνδρὸς
1040 5515 1218 5581 γάμον
1273 5513 1501 5580 ταιὶτης,
1569 5511 1645 5580 μὴ
1689 5508 1840 5577 ὀφεί-

267 5611 430 5664 λοντα
483 5606 907 5675 διασπασθῆναι.
953 5603 1017 5657 Ἰι
1056 5605 1239 5673 μέντοι
1289 5602 1371 5671 κβ¹
1415 5601 1843 5665 ἰουστινιάνειος

267 5703 601 5777 νεαρὰ,ἦτοι
641 5700 701 5752 τὸ
732 5704 771 5750 ε’
803 5714 930 5765 κεφ.
987 5696 1081 5749 τοῦ
1129 5693 1171 5760 ζ’
1202 5696 1382 5747 τίτλον
1415 5694 1509 5747 τοῦ
1566 5692 1650 5764 κη’
1694 5693 1838 5762 βιϐλ.

267 5796 567 5867 διορίζεται
618 5793 709 5845 ἐπὶ
734 5788 1059 5845 πενταετίαν
1089 5788 1385 5857 ἀναμένειν
1444 5788 1541 5858 τὴν
1593 5788 1830 5855 γυναῖκχ

1950 4596 2154 4641 Scuut:
2205 4602 2309 4641 non
2349 4600 2534 4641 autem
2589 4602 2710 4656 quae
2743 4591 3011 4644 resistunt
3072 4598 3126 4644 et
3181 4589 3513 4644 adulterium

1945 4678 2173 4747 eligunt.
2207 4679 2270 4732 Et
2305 4680 2418 4734 luce
2464 4679 2686 4749 quidem
2735 4695 2935 4734 canon.
2987 4680 3097 4736 Lex
3152 4692 3335 4736 autem
3364 4683 3520 4753 ,civi-

1948 4768 2038 4833 lis,
2066 4767 2132 4821 10
2184 4770 2394 4824 scilicet
2451 4786 2573 4840 cap.
2606 4773 2636 4825 7
2691 4776 2774 4826 tit.
2807 4788 2972 4827 xxvm
3023 4773 3144 4835 lib.,
3194 4774 3342 4843 quod
3391 4774 3519 4843 qui-

1948 4860 2071 4913 dem
2104 4869 2185 4915 est
2234 4862 2447 4916 novella
2492 4861 2696 4917 Justin.
2732 4865 2825 4917 H7
2865 4864 2998 4917 dicit
3052 4881 3254 4921 uxores
3305 4881 3518 4933 eorum,

1948 4951 2039 5021 qui
2071 4962 2200 5006 sunt
2262 4955 2314 5007 in
2368 4954 2506 5020 acie,
2560 4963 2614 5009 et
2670 4956 2726 5008 in
2785 4955 3055 5010 militares
3099 4957 3323 5013 ordines
3364 4958 3519 5012 relati

1950 5051 2098 5107 sunt,
2144 5043 2378 5097 militum
2431 5054 2484 5098 et
2539 5045 2899 5115 reliquorum,
2950 5042 3151 5102 deber'e
3200 5058 3522 5119 exspectare

1949 5136 2269 5189 maritorum
2304 5137 2565 5200 reditum,
2606 5147 3100 5209 quantumcunque
3137 5150 3351 5208 tempus
3381 5155 3520 5210 pra:-

1950 5228 2159 5283 tericrit
2188 5246 2200 5282 :
2237 5242 2287 5283 et
2319 5231 2533 5284 etiamsi
2565 5229 2630 5283 de
2664 5232 2786 5299 ejus
2819 5239 2993 5285 morte
3019 5232 3223 5286 litteris
3250 5232 3517 5287 certiores

1949 5322 2106 5378 facta:
2170 5322 2422 5386 luerunt,
2488 5323 2690 5377 debere
2746 5338 2968 5394 queque
3022 5327 3254 5379 alterum
3312 5340 3517 5378 annutn

1949 5424 2292 5485 exspectare,
2326 5422 2381 5468 et
2422 5416 2469 5468 ei
2511 5424 2698 5484 postea
2732 5417 2945 5469 veniam
2984 5415 3219 5469 dandam
3272 5428 3418 5478 esse,
3470 5414 3516 5466 si

1950 5524 2074 5563 cum
2103 5509 2211 5561 alio
2244 5523 2360 5560 νιΓο
2397 5508 2810 5560 matrimonimn
2842 5508 3162 5571 contrahat,
3212 5507 3359 5574 quod
3411 5518 3520 5557 non

1950 5601 2109 5654 debet
2142 5601 2408 5668 separati.
2438 5597 2712 5653 Viccsuna
2742 5610 2920 5652 autem
2949 5598 3189 5653 secunda
3221 5595 3519 5651 Justiniani

1953 5694 2206 5757 novella,
2244 5693 2360 5747 sive
2421 5692 2454 5746 5
2509 5702 2679 5761 caput
2726 5692 2755 5743 7
2807 5696 2893 5745 tit.
2958 5706 3124 5759 xxvnt
3178 5690 3274 5743 lib.
3330 5688 3522 5743 statuit

1950 5782 2333 5855 quinquennio
2368 5786 2568 5841 debere
2598 5792 2920 5855 exspectare
2956 5785 3241 5840 mulierem
3286 5782 3369 5839 vel
3402 5794 3520 5836 nia-
