  <div class='ocr_page' id='page_1' title='image "/cluster/home/n/w/nwhite01/storage/ocr_20150623/137/hvd.32044020166120/473.png"; bbox 0 0 3992 6484; ppageno 0'>
   <div class='ocr_carea' id='block_1_1' title="bbox 494 341 601 404">
    <p class='ocr_par' dir='ltr' id='par_1_1' title="bbox 494 341 601 404">
     <span class='ocr_line' id='line_1_1' title="bbox 494 341 601 404; baseline 0.019 -2"><span class='ocrx_word' id='word_1_1' title='bbox 494 341 601 404; x_wconf 73' lang='lat' dir='ltr'><strong>r835</strong></span> 
     </span>
    </p>
   </div>
   <div class='ocr_carea' id='block_1_2' title="bbox 1733 319 2455 390">
    <p class='ocr_par' dir='ltr' id='par_1_2' title="bbox 1733 319 2455 390">
     <span class='ocr_line' id='line_1_2' title="bbox 1733 319 2455 390; baseline -0.015 0"><span class='ocrx_word' id='word_1_2' title='bbox 1733 330 1834 390; x_wconf 78' lang='grc' dir='ltr'>ΤΗ</span> <span class='ocrx_word' id='word_1_3' title='bbox 1844 327 2009 386; x_wconf 83' lang='lat' dir='ltr'><strong>EOD.</strong></span> <span class='ocrx_word' id='word_1_4' title='bbox 2053 319 2455 385; x_wconf 74' lang='lat' dir='ltr'><strong>BALSAMON</strong></span> 
     </span>
    </p>
   </div>
   <div class='ocr_carea' id='block_1_3' title="bbox 3673 310 3767 374">
    <p class='ocr_par' dir='ltr' id='par_1_3' title="bbox 3673 310 3767 374">
     <span class='ocr_line' id='line_1_3' title="bbox 3673 310 3767 374; baseline -0.021 0"><span class='ocrx_word' id='word_1_5' title='bbox 3673 310 3767 374; x_wconf 74' lang='lat'><strong>836</strong></span> 
     </span>
    </p>
   </div>
   <div class='ocr_carea' id='block_1_4' title="bbox 504 418 2080 516">
    <p class='ocr_par' dir='ltr' id='par_1_4' title="bbox 504 434 2061 516">
     <span class='ocr_line' id='line_1_4' title="bbox 504 434 2061 516; baseline -0.012 -13"><span class='ocrx_word' id='word_1_6' title='bbox 504 451 692 512; x_wconf 63' lang='lat' dir='ltr'><strong>titulu,</strong></span> <span class='ocrx_word' id='word_1_7' title='bbox 724 443 945 516; x_wconf 80' lang='lat' dir='ltr'><strong>quando</strong></span> <span class='ocrx_word' id='word_1_8' title='bbox 995 443 1118 513; x_wconf 84' lang='lat' dir='ltr'><strong>quis</strong></span> <span class='ocrx_word' id='word_1_9' title='bbox 1151 457 1216 497; x_wconf 74' lang='lat' dir='ltr'><strong>ex</strong></span> <span class='ocrx_word' id='word_1_10' title='bbox 1245 441 1385 511; x_wconf 85' lang='lat' dir='ltr'><strong>ipsis</strong></span> <span class='ocrx_word' id='word_1_11' title='bbox 1439 438 1584 493; x_wconf 89' lang='lat' dir='ltr'><strong>bello</strong></span> <span class='ocrx_word' id='word_1_12' title='bbox 1637 445 1830 504; x_wconf 86' lang='lat' dir='ltr'><strong>raptus</strong></span> <span class='ocrx_word' id='word_1_13' title='bbox 1877 434 2061 492; x_wconf 75' lang='lat' dir='ltr'><strong>fuerit.</strong></span> 
     </span>
    </p>
   </div>
   <div class='ocr_carea' id='block_1_5' title="bbox 2186 418 3768 516">
    <p class='ocr_par' dir='ltr' id='par_1_5' title="bbox 2186 418 3768 498">
     <span class='ocr_line' id='line_1_5' title="bbox 2186 418 3768 498; baseline -0.006 -17"><span class='ocrx_word' id='word_1_14' title='bbox 2186 429 2318 498; x_wconf 65' lang='lat' dir='ltr'><strong>llth</strong></span> <span class='ocrx_word' id='word_1_15' title='bbox 2349 429 2540 497; x_wconf 76' lang='grc' dir='ltr'>ἄνδρα,</span> <span class='ocrx_word' id='word_1_16' title='bbox 2580 426 2709 479; x_wconf 76' lang='grc' dir='ltr'>ὅταν</span> <span class='ocrx_word' id='word_1_17' title='bbox 2741 441 2823 487; x_wconf 87' lang='grc' dir='ltr'><strong>τις</strong></span> <span class='ocrx_word' id='word_1_18' title='bbox 2849 423 2906 488; x_wconf 76' lang='grc' dir='ltr'><strong>ἐξ</strong></span> <span class='ocrx_word' id='word_1_19' title='bbox 2936 421 3119 478; x_wconf 71' lang='grc' dir='ltr'>αὐτῶν</span> <span class='ocrx_word' id='word_1_20' title='bbox 3155 418 3625 492; x_wconf 80' lang='grc' dir='ltr'>αἰχμαλωτισθῇ,</span> <span class='ocrx_word' id='word_1_21' title='bbox 3681 424 3768 477; x_wconf 74' lang='grc' dir='ltr'>καὶ</span> 
     </span>
    </p>
   </div>
   <div class='ocr_carea' id='block_1_6' title="bbox 494 529 2072 601">
    <p class='ocr_par' dir='ltr' id='par_1_6' title="bbox 494 529 2072 601">
     <span class='ocr_line' id='line_1_6' title="bbox 494 529 2072 601; baseline -0.01 -6"><span class='ocrx_word' id='word_1_22' title='bbox 494 557 552 596; x_wconf 87' lang='lat' dir='ltr'><strong>et</strong></span> <span class='ocrx_word' id='word_1_23' title='bbox 615 557 684 594; x_wconf 85' lang='lat' dir='ltr'><strong>an</strong></span> <span class='ocrx_word' id='word_1_24' title='bbox 740 547 886 591; x_wconf 58' lang='lat' dir='ltr'><strong>vivat.</strong></span> <span class='ocrx_word' id='word_1_25' title='bbox 937 540 1209 592; x_wconf 89' lang='lat' dir='ltr'><strong>incertqu</strong></span> <span class='ocrx_word' id='word_1_26' title='bbox 1277 544 1414 588; x_wconf 87' lang='lat' dir='ltr'><strong>est:</strong></span> <span class='ocrx_word' id='word_1_27' title='bbox 1470 541 1590 601; x_wconf 85' lang='lat' dir='ltr'><strong>post</strong></span> <span class='ocrx_word' id='word_1_28' title='bbox 1637 529 2072 599; x_wconf 80' lang='lat' dir='ltr'><strong>quinquennium</strong></span> 
     </span>
    </p>
   </div>
   <div class='ocr_carea' id='block_1_7' title="bbox 496 622 2074 692">
    <p class='ocr_par' dir='ltr' id='par_1_7' title="bbox 496 622 2074 692">
     <span class='ocr_line' id='line_1_7' title="bbox 496 622 2074 692; baseline -0.006 -6"><span class='ocrx_word' id='word_1_29' title='bbox 496 640 706 692; x_wconf 78' lang='lat' dir='ltr'><strong>autem,</strong></span> <span class='ocrx_word' id='word_1_30' title='bbox 767 631 998 684; x_wconf 88' lang='lat' dir='ltr'><strong>alterum</strong></span> <span class='ocrx_word' id='word_1_31' title='bbox 1055 627 1464 682; x_wconf 82' lang='lat' dir='ltr'><strong>matrimonium</strong></span> <span class='ocrx_word' id='word_1_32' title='bbox 1527 623 1879 678; x_wconf 81' lang='lat' dir='ltr'><strong>contrahere.</strong></span> <span class='ocrx_word' id='word_1_33' title='bbox 1932 622 2074 692; x_wconf 71' lang='lat' dir='ltr'><strong>Lege</strong></span> 
     </span>
    </p>
   </div>
   <div class='ocr_carea' id='block_1_8' title="bbox 503 714 2074 792">
    <p class='ocr_par' dir='ltr' id='par_1_8' title="bbox 503 714 2074 792">
     <span class='ocr_line' id='line_1_8' title="bbox 503 714 2074 792; baseline -0.004 -17"><span class='ocrx_word' id='word_1_34' title='bbox 503 740 632 792; x_wconf 73' lang='lat' dir='ltr'><strong>ergo</strong></span> <span class='ocrx_word' id='word_1_35' title='bbox 665 725 806 778; x_wconf 85' lang='lat' dir='ltr'><strong>hanc</strong></span> <span class='ocrx_word' id='word_1_36' title='bbox 872 720 1162 783; x_wconf 80' lang='lat' dir='ltr'><strong>novellam,</strong></span> <span class='ocrx_word' id='word_1_37' title='bbox 1201 728 1253 772; x_wconf 85' lang='lat' dir='ltr'><strong>et</strong></span> <span class='ocrx_word' id='word_1_38' title='bbox 1304 719 1373 773; x_wconf 78' lang='grc'><strong>’55</strong></span> <span class='ocrx_word' id='word_1_39' title='bbox 1432 717 1562 786; x_wconf 83' lang='lat' dir='ltr'><strong>imp.</strong></span> <span class='ocrx_word' id='word_1_40' title='bbox 1619 715 1824 770; x_wconf 85' lang='lat' dir='ltr'><strong>domini</strong></span> <span class='ocrx_word' id='word_1_41' title='bbox 1878 714 2074 769; x_wconf 83' lang='lat' dir='ltr'><strong>Leonis</strong></span> 
     </span>
    </p>
   </div>
   <div class='ocr_carea' id='block_1_9' title="bbox 411 807 2074 885">
    <p class='ocr_par' dir='ltr' id='par_1_9' title="bbox 411 807 2074 885">
     <span class='ocr_line' id='line_1_9' title="bbox 411 807 2074 885; baseline -0.01 -11"><span class='ocrx_word' id='word_1_42' title='bbox 411 863 420 874; x_wconf 89' lang='lat'><strong>.</strong></span> <span class='ocrx_word' id='word_1_43' title='bbox 505 813 784 885; x_wconf 86' lang='lat' dir='ltr'><strong>Sapientis</strong></span> <span class='ocrx_word' id='word_1_44' title='bbox 825 813 1092 866; x_wconf 82' lang='lat' dir='ltr'><strong>novellam</strong></span> <span class='ocrx_word' id='word_1_45' title='bbox 1151 818 1486 864; x_wconf 88' lang='lat' dir='ltr'><strong>statuentcm</strong></span> <span class='ocrx_word' id='word_1_46' title='bbox 1550 825 1656 861; x_wconf 85' lang='lat' dir='ltr'><strong>non</strong></span> <span class='ocrx_word' id='word_1_47' title='bbox 1716 807 1885 860; x_wconf 83' lang='lat' dir='ltr'><strong>licere</strong></span> <span class='ocrx_word' id='word_1_48' title='bbox 1935 820 2074 874; x_wconf 76' lang='lat' dir='ltr'><strong>pra:—</strong></span> 
     </span>
    </p>
   </div>
   <div class='ocr_carea' id='block_1_10' title="bbox 507 894 2073 974">
    <p class='ocr_par' dir='ltr' id='par_1_10' title="bbox 507 894 2073 974">
     <span class='ocr_line' id='line_1_10' title="bbox 507 894 2073 974; baseline -0.009 -14"><span class='ocrx_word' id='word_1_49' title='bbox 507 918 660 962; x_wconf 74' lang='lat' dir='ltr'><strong>textu</strong></span> <span class='ocrx_word' id='word_1_50' title='bbox 697 903 1036 974; x_wconf 84' lang='lat' dir='ltr'><strong>captivitatis</strong></span> <span class='ocrx_word' id='word_1_51' title='bbox 1090 903 1224 957; x_wconf 77' lang='lat' dir='ltr'><strong>solvi</strong></span> <span class='ocrx_word' id='word_1_52' title='bbox 1265 899 1695 959; x_wconf 76' lang='lat' dir='ltr'><strong>matrimonium,</strong></span> <span class='ocrx_word' id='word_1_53' title='bbox 1745 912 1847 950; x_wconf 90' lang='lat' dir='ltr'><strong>nec</strong></span> <span class='ocrx_word' id='word_1_54' title='bbox 1909 894 2073 964; x_wconf 81' lang='lat' dir='ltr'><strong>parti,</strong></span> 
     </span>
    </p>
   </div>
   <div class='ocr_carea' id='block_1_11' title="bbox 497 987 2073 1070">
    <p class='ocr_par' dir='ltr' id='par_1_11' title="bbox 497 987 2073 1070">
     <span class='ocr_line' id='line_1_11' title="bbox 497 987 2073 1070; baseline -0.008 -18"><span class='ocrx_word' id='word_1_55' title='bbox 497 1017 624 1070; x_wconf 77' lang='lat' dir='ltr'><strong>qua:</strong></span> <span class='ocrx_word' id='word_1_56' title='bbox 661 999 828 1052; x_wconf 88' lang='lat' dir='ltr'><strong>libera</strong></span> <span class='ocrx_word' id='word_1_57' title='bbox 874 1003 1201 1052; x_wconf 81' lang='lat' dir='ltr'><strong>conservata</strong></span> <span class='ocrx_word' id='word_1_58' title='bbox 1234 1003 1342 1054; x_wconf 90' lang='lat' dir='ltr'><strong>est,</strong></span> <span class='ocrx_word' id='word_1_59' title='bbox 1379 992 1544 1046; x_wconf 87' lang='lat' dir='ltr'><strong>licere</strong></span> <span class='ocrx_word' id='word_1_60' title='bbox 1589 989 1754 1059; x_wconf 75' lang='lat'><strong>269</strong></span> <span class='ocrx_word' id='word_1_61' title='bbox 1813 987 1879 1040; x_wconf 89' lang='lat' dir='ltr'><strong>ad</strong></span> <span class='ocrx_word' id='word_1_62' title='bbox 1932 987 2073 1039; x_wconf 87' lang='lat' dir='ltr'><strong>alte-</strong></span> 
     </span>
    </p>
   </div>
   <div class='ocr_carea' id='block_1_12' title="bbox 500 1080 2074 1154">
    <p class='ocr_par' dir='ltr' id='par_1_12' title="bbox 500 1080 2074 1154">
     <span class='ocr_line' id='line_1_12' title="bbox 500 1080 2074 1154; baseline -0.01 -9"><span class='ocrx_word' id='word_1_63' title='bbox 500 1109 622 1146; x_wconf 84' lang='lat' dir='ltr'><strong>rum</strong></span> <span class='ocrx_word' id='word_1_64' title='bbox 667 1090 1077 1144; x_wconf 87' lang='lat' dir='ltr'><strong>matrimonium</strong></span> <span class='ocrx_word' id='word_1_65' title='bbox 1115 1089 1385 1154; x_wconf 87' lang='lat' dir='ltr'><strong>respicere</strong></span> <span class='ocrx_word' id='word_1_66' title='bbox 1420 1103 1433 1136; x_wconf 88' lang='lat'><strong>:</strong></span> <span class='ocrx_word' id='word_1_67' title='bbox 1471 1083 1566 1138; x_wconf 80' lang='lat' dir='ltr'><strong>sed</strong></span> <span class='ocrx_word' id='word_1_68' title='bbox 1603 1091 1657 1134; x_wconf 84' lang='lat' dir='ltr'><strong>et</strong></span> <span class='ocrx_word' id='word_1_69' title='bbox 1713 1081 1756 1136; x_wconf 90' lang='lat' dir='ltr'><strong>si</strong></span> <span class='ocrx_word' id='word_1_70' title='bbox 1810 1080 1899 1134; x_wconf 89' lang='lat' dir='ltr'><strong>alii</strong></span> <span class='ocrx_word' id='word_1_71' title='bbox 1941 1092 2074 1132; x_wconf 84' lang='lat' dir='ltr'><strong>con-</strong></span> 
     </span>
    </p>
   </div>
   <div class='ocr_carea' id='block_1_13' title="bbox 501 1173 2076 1251">
    <p class='ocr_par' dir='ltr' id='par_1_13' title="bbox 501 1173 2076 1251">
     <span class='ocr_line' id='line_1_13' title="bbox 501 1173 2076 1251; baseline -0.009 -15"><span class='ocrx_word' id='word_1_72' title='bbox 501 1184 728 1251; x_wconf 76' lang='lat' dir='ltr'><strong>junctus</strong></span> <span class='ocrx_word' id='word_1_73' title='bbox 763 1180 947 1244; x_wconf 79' lang='lat' dir='ltr'><strong>fuerit,</strong></span> <span class='ocrx_word' id='word_1_74' title='bbox 985 1179 1109 1232; x_wconf 87' lang='lat' dir='ltr'><strong>licet</strong></span> <span class='ocrx_word' id='word_1_75' title='bbox 1167 1179 1329 1247; x_wconf 86' lang='lat' dir='ltr'><strong>parti,</strong></span> <span class='ocrx_word' id='word_1_76' title='bbox 1366 1191 1485 1244; x_wconf 70' lang='lat' dir='ltr'><strong>qua:</strong></span> <span class='ocrx_word' id='word_1_77' title='bbox 1531 1190 1595 1228; x_wconf 75' lang='lat' dir='ltr'><strong>ex</strong></span> <span class='ocrx_word' id='word_1_78' title='bbox 1645 1173 1958 1241; x_wconf 73' lang='lat' dir='ltr'><strong>captivitate</strong></span> <span class='ocrx_word' id='word_1_79' title='bbox 1988 1184 2076 1223; x_wconf 82' lang='lat' dir='ltr'><strong>re-</strong></span> 
     </span>
    </p>
   </div>
   <div class='ocr_carea' id='block_1_14' title="bbox 504 1263 2072 1342">
    <p class='ocr_par' dir='ltr' id='par_1_14' title="bbox 504 1263 2072 1342">
     <span class='ocr_line' id='line_1_14' title="bbox 504 1263 2072 1342; baseline -0.006 -18"><span class='ocrx_word' id='word_1_80' title='bbox 504 1291 661 1329; x_wconf 78' lang='lat' dir='ltr'><strong>versa</strong></span> <span class='ocrx_word' id='word_1_81' title='bbox 695 1283 801 1337; x_wconf 84' lang='lat' dir='ltr'><strong>est,</strong></span> <span class='ocrx_word' id='word_1_82' title='bbox 835 1273 1108 1342; x_wconf 80' lang='lat' dir='ltr'><strong>preprium</strong></span> <span class='ocrx_word' id='word_1_83' title='bbox 1141 1271 1447 1324; x_wconf 75' lang='lat' dir='ltr'><strong>membrum</strong></span> <span class='ocrx_word' id='word_1_84' title='bbox 1486 1281 1763 1330; x_wconf 85' lang='lat' dir='ltr'><strong>revocare,</strong></span> <span class='ocrx_word' id='word_1_85' title='bbox 1797 1263 2072 1318; x_wconf 86' lang='lat' dir='ltr'><strong>secundas</strong></span> 
     </span>
    </p>
   </div>
   <div class='ocr_carea' id='block_1_15' title="bbox 504 1357 2072 1434">
    <p class='ocr_par' dir='ltr' id='par_1_15' title="bbox 504 1357 2072 1434">
     <span class='ocr_line' id='line_1_15' title="bbox 504 1357 2072 1434; baseline -0.006 -14"><span class='ocrx_word' id='word_1_86' title='bbox 504 1377 684 1420; x_wconf 88' lang='lat' dir='ltr'><strong>autem</strong></span> <span class='ocrx_word' id='word_1_87' title='bbox 717 1365 935 1434; x_wconf 81' lang='lat' dir='ltr'><strong>nuptias</strong></span> <span class='ocrx_word' id='word_1_88' title='bbox 991 1363 1319 1416; x_wconf 80' lang='lat' dir='ltr'><strong>ditt-abere.</strong></span> <span class='ocrx_word' id='word_1_89' title='bbox 1365 1360 1501 1415; x_wconf 86' lang='lat' dir='ltr'><strong>Cum</strong></span> <span class='ocrx_word' id='word_1_90' title='bbox 1553 1375 1683 1429; x_wconf 83' lang='lat' dir='ltr'><strong>ergo</strong></span> <span class='ocrx_word' id='word_1_91' title='bbox 1745 1372 1924 1411; x_wconf 86' lang='lat' dir='ltr'><strong>canon</strong></span> <span class='ocrx_word' id='word_1_92' title='bbox 1956 1357 2072 1411; x_wconf 69' lang='lat' dir='ltr'><strong>ha&#39;c</strong></span> 
     </span>
    </p>
   </div>
   <div class='ocr_carea' id='block_1_16' title="bbox 502 1449 2075 1524">
    <p class='ocr_par' dir='ltr' id='par_1_16' title="bbox 502 1449 2075 1524">
     <span class='ocr_line' id='line_1_16' title="bbox 502 1449 2075 1524; baseline -0.004 -14"><span class='ocrx_word' id='word_1_93' title='bbox 502 1460 686 1512; x_wconf 72' lang='grc' dir='ltr'>«ιιιιηίιι</span> <span class='ocrx_word' id='word_1_94' title='bbox 721 1459 1005 1518; x_wconf 86' lang='lat' dir='ltr'><strong>decernat,</strong></span> <span class='ocrx_word' id='word_1_95' title='bbox 1030 1471 1151 1524; x_wconf 68' lang='lat' dir='ltr'><strong>qua:</strong></span> <span class='ocrx_word' id='word_1_96' title='bbox 1181 1453 1437 1520; x_wconf 78' lang='lat' dir='ltr'><strong>superius</strong></span> <span class='ocrx_word' id='word_1_97' title='bbox 1467 1452 1610 1505; x_wconf 82' lang='lat' dir='ltr'><strong>dicta</strong></span> <span class='ocrx_word' id='word_1_98' title='bbox 1656 1461 1803 1515; x_wconf 91' lang='lat' dir='ltr'><strong>sunt,</strong></span> <span class='ocrx_word' id='word_1_99' title='bbox 1833 1461 1885 1503; x_wconf 88' lang='lat' dir='ltr'><strong>et</strong></span> <span class='ocrx_word' id='word_1_100' title='bbox 1930 1449 2075 1518; x_wconf 73' lang='lat' dir='ltr'><strong>leges</strong></span> 
     </span>
    </p>
   </div>
   <div class='ocr_carea' id='block_1_17' title="bbox 496 1540 2075 1617">
    <p class='ocr_par' dir='ltr' id='par_1_17' title="bbox 496 1540 2075 1617">
     <span class='ocr_line' id='line_1_17' title="bbox 496 1540 2075 1617; baseline -0.004 -15"><span class='ocrx_word' id='word_1_101' title='bbox 496 1564 564 1602; x_wconf 79' lang='lat' dir='ltr'><strong>ea</strong></span> <span class='ocrx_word' id='word_1_102' title='bbox 595 1549 824 1617; x_wconf 72' lang='lat' dir='ltr'><strong>jubeant</strong></span> <span class='ocrx_word' id='word_1_103' title='bbox 856 1564 978 1615; x_wconf 74' lang='lat' dir='ltr'><strong>quae</strong></span> <span class='ocrx_word' id='word_1_104' title='bbox 1014 1545 1262 1614; x_wconf 60' lang='lat' dir='ltr'><strong>proxime</strong></span> <span class='ocrx_word' id='word_1_105' title='bbox 1307 1544 1510 1612; x_wconf 85' lang='lat' dir='ltr'><strong>scripta</strong></span> <span class='ocrx_word' id='word_1_106' title='bbox 1563 1551 1714 1602; x_wconf 89' lang='lat' dir='ltr'><strong>sunt.</strong></span> <span class='ocrx_word' id='word_1_107' title='bbox 1768 1540 2075 1610; x_wconf 76' lang='lat' dir='ltr'><strong>interroga-</strong></span> 
     </span>
    </p>
   </div>
   <div class='ocr_carea' id='block_1_18' title="bbox 505 1633 2070 1708">
    <p class='ocr_par' dir='ltr' id='par_1_18' title="bbox 505 1633 2070 1708">
     <span class='ocr_line' id='line_1_18' title="bbox 505 1633 2070 1708; baseline -0.004 -15"><span class='ocrx_word' id='word_1_108' title='bbox 505 1640 644 1693; x_wconf 77' lang='lat' dir='ltr'><strong>verit</strong></span> <span class='ocrx_word' id='word_1_109' title='bbox 671 1641 968 1708; x_wconf 83' lang='lat' dir='ltr'><strong>quispiam,</strong></span> <span class='ocrx_word' id='word_1_110' title='bbox 1019 1641 1038 1691; x_wconf 87' lang='lat' dir='ltr'><strong>l</strong></span> <span class='ocrx_word' id='word_1_111' title='bbox 1068 1638 1296 1692; x_wconf 83' lang='lat' dir='ltr'><strong>trisuam</strong></span> <span class='ocrx_word' id='word_1_112' title='bbox 1331 1647 1567 1689; x_wconf 69' lang='lat' dir='ltr'><strong>tuentem</strong></span> <span class='ocrx_word' id='word_1_113' title='bbox 1599 1635 1863 1688; x_wconf 87' lang='lat' dir='ltr'><strong>adhibere</strong></span> <span class='ocrx_word' id='word_1_114' title='bbox 1905 1633 2070 1686; x_wconf 77' lang='lat' dir='ltr'><strong>debe-</strong></span> 
     </span>
    </p>
   </div>
   <div class='ocr_carea' id='block_1_19' title="bbox 506 1727 2070 1799">
    <p class='ocr_par' dir='ltr' id='par_1_19' title="bbox 506 1727 2070 1799">
     <span class='ocr_line' id='line_1_19' title="bbox 506 1727 2070 1799; baseline -0.003 -18"><span class='ocrx_word' id='word_1_115' title='bbox 506 1731 666 1784; x_wconf 81' lang='lat' dir='ltr'><strong>mus?</strong></span> <span class='ocrx_word' id='word_1_116' title='bbox 707 1731 974 1794; x_wconf 84' lang='lat' dir='ltr'><strong>Dicimus,</strong></span> <span class='ocrx_word' id='word_1_117' title='bbox 1030 1731 1170 1799; x_wconf 88' lang='lat' dir='ltr'><strong>quod</strong></span> <span class='ocrx_word' id='word_1_118' title='bbox 1203 1743 1256 1782; x_wconf 88' lang='lat' dir='ltr'><strong>et</strong></span> <span class='ocrx_word' id='word_1_119' title='bbox 1303 1728 1370 1782; x_wconf 89' lang='lat' dir='ltr'><strong>iis</strong></span> <span class='ocrx_word' id='word_1_120' title='bbox 1420 1743 1541 1796; x_wconf 69' lang='lat' dir='ltr'><strong>quae</strong></span> <span class='ocrx_word' id='word_1_121' title='bbox 1586 1735 1712 1780; x_wconf 87' lang='lat' dir='ltr'><strong>sunt</strong></span> <span class='ocrx_word' id='word_1_122' title='bbox 1745 1727 1798 1779; x_wconf 91' lang='lat' dir='ltr'><strong>iu</strong></span> <span class='ocrx_word' id='word_1_123' title='bbox 1835 1741 2070 1786; x_wconf 78' lang='lat' dir='ltr'><strong>canone,</strong></span> 
     </span>
    </p>
   </div>
   <div class='ocr_carea' id='block_1_20' title="bbox 503 1820 2071 1891">
    <p class='ocr_par' dir='ltr' id='par_1_20' title="bbox 503 1820 2071 1891">
     <span class='ocr_line' id='line_1_20' title="bbox 503 1820 2071 1891; baseline -0.005 -14"><span class='ocrx_word' id='word_1_124' title='bbox 503 1833 559 1877; x_wconf 85' lang='lat' dir='ltr'><strong>et</strong></span> <span class='ocrx_word' id='word_1_125' title='bbox 598 1839 716 1891; x_wconf 78' lang='lat' dir='ltr'><strong>qua:</strong></span> <span class='ocrx_word' id='word_1_126' title='bbox 745 1831 870 1876; x_wconf 82' lang='lat' dir='ltr'><strong>Sttul</strong></span> <span class='ocrx_word' id='word_1_127' title='bbox 911 1823 962 1874; x_wconf 92' lang='lat' dir='ltr'><strong>in</strong></span> <span class='ocrx_word' id='word_1_128' title='bbox 997 1822 1130 1889; x_wconf 77' lang='lat' dir='ltr'><strong>lege.</strong></span> <span class='ocrx_word' id='word_1_129' title='bbox 1163 1820 1452 1883; x_wconf 77' lang='lat' dir='ltr'><strong>unicuique</strong></span> <span class='ocrx_word' id='word_1_130' title='bbox 1477 1834 1666 1872; x_wconf 81' lang='lat' dir='ltr'><strong>eorum</strong></span> <span class='ocrx_word' id='word_1_131' title='bbox 1695 1827 2008 1886; x_wconf 82' lang='lat' dir='ltr'><strong>Opportune</strong></span> <span class='ocrx_word' id='word_1_132' title='bbox 2057 1834 2071 1871; x_wconf 90' lang='lat'><strong>:</strong></span> 
     </span>
    </p>
   </div>
   <div class='ocr_carea' id='block_1_21' title="bbox 508 1909 2079 1983">
    <p class='ocr_par' dir='ltr' id='par_1_21' title="bbox 508 1909 2079 1983">
     <span class='ocr_line' id='line_1_21' title="bbox 508 1909 2079 1983; baseline -0.003 -17"><span class='ocrx_word' id='word_1_133' title='bbox 508 1923 564 1966; x_wconf 61' lang='lat' dir='ltr'><strong>et</strong></span> <span class='ocrx_word' id='word_1_134' title='bbox 596 1930 693 1968; x_wconf 87' lang='lat' dir='ltr'><strong>eas</strong></span> <span class='ocrx_word' id='word_1_135' title='bbox 721 1914 937 1983; x_wconf 82' lang='lat' dir='ltr'><strong>quidem</strong></span> <span class='ocrx_word' id='word_1_136' title='bbox 979 1929 1040 1965; x_wconf 77' lang='lat' dir='ltr'><strong>ex</strong></span> <span class='ocrx_word' id='word_1_137' title='bbox 1074 1926 1284 1966; x_wconf 82' lang='lat' dir='ltr'><strong>eanunc</strong></span> <span class='ocrx_word' id='word_1_138' title='bbox 1319 1911 1598 1964; x_wconf 83' lang='lat' dir='ltr'><strong>adulteras</strong></span> <span class='ocrx_word' id='word_1_139' title='bbox 1626 1925 1749 1963; x_wconf 90' lang='lat' dir='ltr'><strong>esse</strong></span> <span class='ocrx_word' id='word_1_140' title='bbox 1775 1909 2079 1962; x_wconf 80' lang='lat' dir='ltr'><strong>dixerimus</strong></span> 
     </span>
    </p>
   </div>
   <div class='ocr_carea' id='block_1_22' title="bbox 512 2001 2076 2072">
    <p class='ocr_par' dir='ltr' id='par_1_22' title="bbox 512 2001 2076 2072">
     <span class='ocr_line' id='line_1_22' title="bbox 512 2001 2076 2072; baseline -0.004 -16"><span class='ocrx_word' id='word_1_141' title='bbox 512 2004 792 2067; x_wconf 85' lang='lat' dir='ltr'><strong>mulieres,</strong></span> <span class='ocrx_word' id='word_1_142' title='bbox 825 2004 892 2058; x_wconf 89' lang='lat' dir='ltr'><strong>de</strong></span> <span class='ocrx_word' id='word_1_143' title='bbox 925 2003 1122 2072; x_wconf 77' lang='lat' dir='ltr'><strong>quibus</strong></span> <span class='ocrx_word' id='word_1_144' title='bbox 1179 2015 1378 2064; x_wconf 85' lang='lat' dir='ltr'><strong>canon,</strong></span> <span class='ocrx_word' id='word_1_145' title='bbox 1426 2016 1546 2070; x_wconf 63' lang='lat' dir='ltr'><strong>qua:</strong></span> <span class='ocrx_word' id='word_1_146' title='bbox 1595 2001 1720 2055; x_wconf 85' lang='lat' dir='ltr'><strong>aliis</strong></span> <span class='ocrx_word' id='word_1_147' title='bbox 1755 2009 2076 2068; x_wconf 80' lang='lat' dir='ltr'><strong>nupserunt,</strong></span> 
     </span>
    </p>
   </div>
   <div class='ocr_carea' id='block_1_23' title="bbox 507 2089 2080 2162">
    <p class='ocr_par' dir='ltr' id='par_1_23' title="bbox 507 2089 2080 2162">
     <span class='ocr_line' id='line_1_23' title="bbox 507 2089 2080 2162; baseline -0.004 -16"><span class='ocrx_word' id='word_1_148' title='bbox 507 2093 830 2162; x_wconf 72' lang='lat' dir='ltr'><strong>priusquam</strong></span> <span class='ocrx_word' id='word_1_149' title='bbox 864 2095 1024 2161; x_wconf 83' lang='lat' dir='ltr'><strong>plane</strong></span> <span class='ocrx_word' id='word_1_150' title='bbox 1063 2092 1332 2146; x_wconf 80' lang='lat' dir='ltr'><strong>certiores</strong></span> <span class='ocrx_word' id='word_1_151' title='bbox 1363 2089 1518 2142; x_wconf 71' lang='lat' dir='ltr'><strong>factze</strong></span> <span class='ocrx_word' id='word_1_152' title='bbox 1553 2089 1758 2144; x_wconf 78' lang='lat' dir='ltr'><strong>fuerint</strong></span> <span class='ocrx_word' id='word_1_153' title='bbox 1789 2089 1857 2142; x_wconf 87' lang='lat' dir='ltr'><strong>de</strong></span> <span class='ocrx_word' id='word_1_154' title='bbox 1904 2099 2080 2141; x_wconf 86' lang='lat' dir='ltr'><strong>morte</strong></span> 
     </span>
    </p>
   </div>
   <div class='ocr_carea' id='block_1_24' title="bbox 508 2180 2077 2251">
    <p class='ocr_par' dir='ltr' id='par_1_24' title="bbox 508 2180 2077 2251">
     <span class='ocr_line' id='line_1_24' title="bbox 508 2180 2077 2251; baseline 0 -15"><span class='ocrx_word' id='word_1_155' title='bbox 508 2184 837 2237; x_wconf 85' lang='lat' dir='ltr'><strong>maritorum</strong></span> <span class='ocrx_word' id='word_1_156' title='bbox 874 2198 1123 2244; x_wconf 87' lang='lat' dir='ltr'><strong>suorum,</strong></span> <span class='ocrx_word' id='word_1_157' title='bbox 1152 2182 1242 2251; x_wconf 87' lang='lat' dir='ltr'><strong>qui</strong></span> <span class='ocrx_word' id='word_1_158' title='bbox 1275 2198 1382 2235; x_wconf 81' lang='lat' dir='ltr'><strong>non</strong></span> <span class='ocrx_word' id='word_1_159' title='bbox 1423 2190 1763 2251; x_wconf 80' lang='lat' dir='ltr'><strong>comparent.</strong></span> <span class='ocrx_word' id='word_1_160' title='bbox 1798 2180 1909 2235; x_wconf 88' lang='lat' dir='ltr'><strong>lloc</strong></span> <span class='ocrx_word' id='word_1_161' title='bbox 1929 2185 2077 2236; x_wconf 79' lang='lat' dir='ltr'><strong>enim</strong></span> 
     </span>
    </p>
   </div>
   <div class='ocr_carea' id='block_1_25' title="bbox 512 2271 2080 2344">
    <p class='ocr_par' dir='ltr' id='par_1_25' title="bbox 512 2271 2080 2344">
     <span class='ocr_line' id='line_1_25' title="bbox 512 2271 2080 2344; baseline -0.002 -14"><span class='ocrx_word' id='word_1_162' title='bbox 512 2276 736 2330; x_wconf 80' lang='lat' dir='ltr'><strong>novella:</strong></span> <span class='ocrx_word' id='word_1_163' title='bbox 771 2289 986 2343; x_wconf 80' lang='lat' dir='ltr'><strong>quoque</strong></span> <span class='ocrx_word' id='word_1_164' title='bbox 1011 2274 1226 2342; x_wconf 86' lang='lat' dir='ltr'><strong>jubent.</strong></span> <span class='ocrx_word' id='word_1_165' title='bbox 1253 2271 1442 2327; x_wconf 67' lang='lat' dir='ltr'><strong>Militis</strong></span> <span class='ocrx_word' id='word_1_166' title='bbox 1474 2283 1648 2326; x_wconf 89' lang='lat' dir='ltr'><strong>autem</strong></span> <span class='ocrx_word' id='word_1_167' title='bbox 1684 2280 1932 2338; x_wconf 64' lang='lat' dir='ltr'><strong>uxorem,</strong></span> <span class='ocrx_word' id='word_1_168' title='bbox 1963 2291 2080 2344; x_wconf 62' lang='lat' dir='ltr'><strong>quae</strong></span> 
     </span>
    </p>
   </div>
   <div class='ocr_carea' id='block_1_26' title="bbox 512 2366 2080 2434">
    <p class='ocr_par' dir='ltr' id='par_1_26' title="bbox 512 2366 2080 2434">
     <span class='ocr_line' id='line_1_26' title="bbox 512 2366 2080 2434; baseline 0 -12"><span class='ocrx_word' id='word_1_169' title='bbox 512 2385 624 2423; x_wconf 90' lang='lat' dir='ltr'><strong>non</strong></span> <span class='ocrx_word' id='word_1_170' title='bbox 652 2376 714 2422; x_wconf 89' lang='lat' dir='ltr'><strong>ut</strong></span> <span class='ocrx_word' id='word_1_171' title='bbox 753 2366 964 2420; x_wconf 85' lang='lat' dir='ltr'><strong>novella</strong></span> <span class='ocrx_word' id='word_1_172' title='bbox 991 2366 1312 2418; x_wconf 82' lang='lat' dir='ltr'><strong>continetur</strong></span> <span class='ocrx_word' id='word_1_173' title='bbox 1337 2367 1606 2434; x_wconf 84' lang='lat' dir='ltr'><strong>nupserit,</strong></span> <span class='ocrx_word' id='word_1_174' title='bbox 1636 2367 1791 2420; x_wconf 77' lang='lat' dir='ltr'><strong>venia</strong></span> <span class='ocrx_word' id='word_1_175' title='bbox 1820 2380 1927 2419; x_wconf 89' lang='lat' dir='ltr'><strong>non</strong></span> <span class='ocrx_word' id='word_1_176' title='bbox 1957 2383 2080 2422; x_wconf 82' lang='lat' dir='ltr'><strong>esse</strong></span> 
     </span>
    </p>
   </div>
   <div class='ocr_carea' id='block_1_27' title="bbox 513 2458 2081 2530">
    <p class='ocr_par' dir='ltr' id='par_1_27' title="bbox 513 2458 2081 2530">
     <span class='ocr_line' id='line_1_27' title="bbox 513 2458 2081 2530; baseline 0 -17"><span class='ocrx_word' id='word_1_177' title='bbox 513 2463 736 2530; x_wconf 66' lang='lat' dir='ltr'><strong>dignam</strong></span> <span class='ocrx_word' id='word_1_178' title='bbox 774 2458 1248 2523; x_wconf 53' lang='lat' dir='ltr'><strong>exisdmaltiums;</strong></span> <span class='ocrx_word' id='word_1_179' title='bbox 1293 2459 1431 2512; x_wconf 88' lang='lat' dir='ltr'><strong>sicut</strong></span> <span class='ocrx_word' id='word_1_180' title='bbox 1460 2466 1514 2510; x_wconf 83' lang='lat' dir='ltr'><strong>et</strong></span> <span class='ocrx_word' id='word_1_181' title='bbox 1552 2473 1698 2522; x_wconf 86' lang='lat' dir='ltr'><strong>eam,</strong></span> <span class='ocrx_word' id='word_1_182' title='bbox 1735 2473 1854 2527; x_wconf 69' lang='lat' dir='ltr'><strong>quae</strong></span> <span class='ocrx_word' id='word_1_183' title='bbox 1880 2474 2081 2514; x_wconf 82' lang='lat' dir='ltr'><strong>secun-</strong></span> 
     </span>
    </p>
   </div>
   <div class='ocr_carea' id='block_1_28' title="bbox 512 2547 2080 2618">
    <p class='ocr_par' dir='ltr' id='par_1_28' title="bbox 512 2547 2080 2618">
     <span class='ocr_line' id='line_1_28' title="bbox 512 2547 2080 2618; baseline -0.001 -13"><span class='ocrx_word' id='word_1_184' title='bbox 512 2555 643 2606; x_wconf 89' lang='lat' dir='ltr'><strong>dum</strong></span> <span class='ocrx_word' id='word_1_185' title='bbox 675 2553 823 2606; x_wconf 82' lang='lat' dir='ltr'><strong>illam</strong></span> <span class='ocrx_word' id='word_1_186' title='bbox 862 2550 1074 2615; x_wconf 76' lang='lat' dir='ltr'><strong>fecerit,</strong></span> <span class='ocrx_word' id='word_1_187' title='bbox 1113 2565 1222 2603; x_wconf 86' lang='lat' dir='ltr'><strong>non</strong></span> <span class='ocrx_word' id='word_1_188' title='bbox 1253 2548 1742 2618; x_wconf 80' lang='lat' dir='ltr'><strong>reprehendemus.</strong></span> <span class='ocrx_word' id='word_1_189' title='bbox 1773 2547 1927 2614; x_wconf 83' lang='lat' dir='ltr'><strong>Quod</strong></span> <span class='ocrx_word' id='word_1_190' title='bbox 1978 2565 2080 2604; x_wconf 87' lang='lat' dir='ltr'><strong>au-</strong></span> 
     </span>
    </p>
   </div>
   <div class='ocr_carea' id='block_1_29' title="bbox 509 2641 2082 2700">
    <p class='ocr_par' dir='ltr' id='par_1_29' title="bbox 509 2641 2082 2700">
     <span class='ocr_line' id='line_1_29' title="bbox 509 2641 2082 2700; baseline -0.003 -1"><span class='ocrx_word' id='word_1_191' title='bbox 509 2657 616 2700; x_wconf 87' lang='lat' dir='ltr'><strong>tem</strong></span> <span class='ocrx_word' id='word_1_192' title='bbox 664 2645 822 2697; x_wconf 74' lang='lat' dir='ltr'><strong>liccat</strong></span> <span class='ocrx_word' id='word_1_193' title='bbox 849 2642 1105 2696; x_wconf 83' lang='lat' dir='ltr'><strong>omnibus</strong></span> <span class='ocrx_word' id='word_1_194' title='bbox 1136 2641 1507 2696; x_wconf 85' lang='lat' dir='ltr'><strong>adulterarum</strong></span> <span class='ocrx_word' id='word_1_195' title='bbox 1535 2641 1824 2695; x_wconf 82' lang='lat' dir='ltr'><strong>mulierum</strong></span> <span class='ocrx_word' id='word_1_196' title='bbox 1870 2641 2082 2697; x_wconf 86' lang='lat' dir='ltr'><strong>maritis</strong></span> 
     </span>
    </p>
   </div>
   <div class='ocr_carea' id='block_1_30' title="bbox 508 2731 2072 2802">
    <p class='ocr_par' dir='ltr' id='par_1_30' title="bbox 508 2731 2072 2802">
     <span class='ocr_line' id='line_1_30' title="bbox 508 2731 2072 2802; baseline -0.003 -12"><span class='ocrx_word' id='word_1_197' title='bbox 508 2752 604 2790; x_wconf 85' lang='lat' dir='ltr'><strong>eas</strong></span> <span class='ocrx_word' id='word_1_198' title='bbox 640 2734 879 2802; x_wconf 65' lang='lat' dir='ltr'><strong>retipere</strong></span> <span class='ocrx_word' id='word_1_199' title='bbox 907 2733 1068 2788; x_wconf 88' lang='lat' dir='ltr'><strong>etiam</strong></span> <span class='ocrx_word' id='word_1_200' title='bbox 1104 2741 1227 2800; x_wconf 81' lang='lat' dir='ltr'><strong>post</strong></span> <span class='ocrx_word' id='word_1_201' title='bbox 1264 2732 1528 2794; x_wconf 82' lang='lat' dir='ltr'><strong>reditum,</strong></span> <span class='ocrx_word' id='word_1_202' title='bbox 1558 2731 1646 2788; x_wconf 88' lang='lat' dir='ltr'><strong>die</strong></span> <span class='ocrx_word' id='word_1_203' title='bbox 1677 2733 2072 2800; x_wconf 71' lang='lat' dir='ltr'><strong>coiumuniter,</strong></span> 
     </span>
    </p>
   </div>
   <div class='ocr_carea' id='block_1_31' title="bbox 509 2822 2080 2889">
    <p class='ocr_par' dir='ltr' id='par_1_31' title="bbox 509 2822 2080 2889">
     <span class='ocr_line' id='line_1_31' title="bbox 509 2822 2080 2889; baseline -0.001 -9"><span class='ocrx_word' id='word_1_204' title='bbox 509 2837 693 2881; x_wconf 85' lang='lat' dir='ltr'><strong>etnon</strong></span> <span class='ocrx_word' id='word_1_205' title='bbox 732 2825 930 2880; x_wconf 85' lang='lat' dir='ltr'><strong>insula</strong></span> <span class='ocrx_word' id='word_1_206' title='bbox 971 2822 1163 2878; x_wconf 83' lang='lat' dir='ltr'><strong>militis</strong></span> <span class='ocrx_word' id='word_1_207' title='bbox 1196 2838 1397 2889; x_wconf 82' lang='lat' dir='ltr'><strong>uxore,</strong></span> <span class='ocrx_word' id='word_1_208' title='bbox 1437 2833 1498 2876; x_wconf 93' lang='lat' dir='ltr'><strong>ut</strong></span> <span class='ocrx_word' id='word_1_209' title='bbox 1533 2823 1679 2877; x_wconf 88' lang='lat' dir='ltr'><strong>dicta</strong></span> <span class='ocrx_word' id='word_1_210' title='bbox 1718 2823 1816 2876; x_wconf 85' lang='grc'><strong>117</strong></span> <span class='ocrx_word' id='word_1_211' title='bbox 1867 2825 2080 2879; x_wconf 84' lang='lat' dir='ltr'><strong>novella</strong></span> 
     </span>
    </p>
   </div>
   <div class='ocr_carea' id='block_1_32' title="bbox 510 2902 2079 2987">
    <p class='ocr_par' dir='ltr' id='par_1_32' title="bbox 510 2902 2079 2987">
     <span class='ocr_line' id='line_1_32' title="bbox 510 2902 2079 2987; baseline -0.001 -15"><span class='ocrx_word' id='word_1_212' title='bbox 510 2917 1018 2987; x_wconf 77' lang='lat' dir='ltr'><strong>continetur,qu</strong></span> <span class='ocrx_word' id='word_1_213' title='bbox 1077 2915 1293 2971; x_wconf 85' lang='lat' dir='ltr'><strong>redacta</strong></span> <span class='ocrx_word' id='word_1_214' title='bbox 1361 2925 1445 2970; x_wconf 88' lang='lat' dir='ltr'><strong>est</strong></span> <span class='ocrx_word' id='word_1_215' title='bbox 1495 2915 1546 2968; x_wconf 88' lang='lat' dir='ltr'><strong>in</strong></span> <span class='ocrx_word' id='word_1_216' title='bbox 1602 2931 1720 2984; x_wconf 86' lang='lat' dir='ltr'><strong>cap.</strong></span> <span class='ocrx_word' id='word_1_217' title='bbox 1783 2917 1837 2979; x_wconf 79' lang='grc'>5,</span> <span class='ocrx_word' id='word_1_218' title='bbox 1899 2902 2079 2971; x_wconf 75' lang='lat' dir='ltr'><strong>l3tit.</strong></span> 
     </span>
    </p>
   </div>
   <div class='ocr_carea' id='block_1_33' title="bbox 510 3003 2076 3074">
    <p class='ocr_par' dir='ltr' id='par_1_33' title="bbox 510 3003 2076 3074">
     <span class='ocr_line' id='line_1_33' title="bbox 510 3003 2076 3074; baseline 0.001 -17"><span class='ocrx_word' id='word_1_219' title='bbox 510 3005 1030 3074; x_wconf 83' lang='lat' dir='ltr'><strong>pra-sentisopcris.</strong></span> <span class='ocrx_word' id='word_1_220' title='bbox 1086 3003 1355 3069; x_wconf 81' lang='lat' dir='ltr'><strong>Quoniam</strong></span> <span class='ocrx_word' id='word_1_221' title='bbox 1407 3014 1588 3058; x_wconf 85' lang='lat' dir='ltr'><strong>autem</strong></span> <span class='ocrx_word' id='word_1_222' title='bbox 1629 3018 1804 3059; x_wconf 86' lang='lat' dir='ltr'><strong>canon</strong></span> <span class='ocrx_word' id='word_1_223' title='bbox 1859 3004 2076 3074; x_wconf 82' lang='lat' dir='ltr'><strong>quidem</strong></span> 
     </span>
    </p>
   </div>
   <div class='ocr_carea' id='block_1_34' title="bbox 516 3093 2077 3164">
    <p class='ocr_par' dir='ltr' id='par_1_34' title="bbox 516 3093 2077 3164">
     <span class='ocr_line' id='line_1_34' title="bbox 516 3093 2077 3164; baseline 0.001 -16"><span class='ocrx_word' id='word_1_224' title='bbox 516 3096 586 3148; x_wconf 88' lang='lat' dir='ltr'><strong>de</strong></span> <span class='ocrx_word' id='word_1_225' title='bbox 617 3094 850 3164; x_wconf 78' lang='lat' dir='ltr'><strong>captivis</strong></span> <span class='ocrx_word' id='word_1_226' title='bbox 884 3094 1022 3148; x_wconf 87' lang='lat' dir='ltr'><strong>nihil</strong></span> <span class='ocrx_word' id='word_1_227' title='bbox 1046 3093 1358 3158; x_wconf 84' lang='lat' dir='ltr'><strong>constituit,</strong></span> <span class='ocrx_word' id='word_1_228' title='bbox 1391 3093 1535 3148; x_wconf 85' lang='lat' dir='ltr'><strong>dicta</strong></span> <span class='ocrx_word' id='word_1_229' title='bbox 1571 3103 1751 3148; x_wconf 86' lang='lat' dir='ltr'><strong>autem</strong></span> <span class='ocrx_word' id='word_1_230' title='bbox 1784 3093 2077 3149; x_wconf 84' lang='lat' dir='ltr'><strong>Justiuiani</strong></span> 
     </span>
    </p>
   </div>
   <div class='ocr_carea' id='block_1_35' title="bbox 513 3184 2085 3255">
    <p class='ocr_par' dir='ltr' id='par_1_35' title="bbox 513 3184 2085 3255">
     <span class='ocr_line' id='line_1_35' title="bbox 513 3184 2085 3255; baseline 0.001 -15"><span class='ocrx_word' id='word_1_231' title='bbox 513 3186 728 3241; x_wconf 76' lang='lat' dir='ltr'><strong>novella</strong></span> <span class='ocrx_word' id='word_1_232' title='bbox 761 3186 957 3240; x_wconf 85' lang='lat' dir='ltr'><strong>statuit</strong></span> <span class='ocrx_word' id='word_1_233' title='bbox 997 3184 1378 3255; x_wconf 86' lang='lat' dir='ltr'><strong>quinquennio</strong></span> <span class='ocrx_word' id='word_1_234' title='bbox 1401 3196 1724 3254; x_wconf 79' lang='lat' dir='ltr'><strong>exspectare</strong></span> <span class='ocrx_word' id='word_1_235' title='bbox 1753 3184 1954 3240; x_wconf 80' lang='lat' dir='ltr'><strong>debere</strong></span> <span class='ocrx_word' id='word_1_236' title='bbox 1999 3201 2085 3242; x_wconf 84' lang='lat' dir='ltr'><strong>re-</strong></span> 
     </span>
    </p>
   </div>
   <div class='ocr_carea' id='block_1_36' title="bbox 513 3277 2086 3348">
    <p class='ocr_par' dir='ltr' id='par_1_36' title="bbox 513 3277 2086 3348">
     <span class='ocr_line' id='line_1_36' title="bbox 513 3277 2086 3348; baseline 0.001 -18"><span class='ocrx_word' id='word_1_237' title='bbox 513 3279 698 3332; x_wconf 82' lang='lat' dir='ltr'><strong>lictam</strong></span> <span class='ocrx_word' id='word_1_238' title='bbox 739 3287 948 3348; x_wconf 86' lang='lat' dir='ltr'><strong>partem</strong></span> <span class='ocrx_word' id='word_1_239' title='bbox 986 3277 1241 3341; x_wconf 78' lang='lat' dir='ltr'><strong>liberam,</strong></span> <span class='ocrx_word' id='word_1_240' title='bbox 1273 3284 1326 3330; x_wconf 90' lang='lat' dir='ltr'><strong>et</strong></span> <span class='ocrx_word' id='word_1_241' title='bbox 1355 3277 1436 3332; x_wconf 81' lang='lat' dir='ltr'><strong>sic</strong></span> <span class='ocrx_word' id='word_1_242' title='bbox 1462 3278 1582 3332; x_wconf 84' lang='lat' dir='ltr'><strong>sine</strong></span> <span class='ocrx_word' id='word_1_243' title='bbox 1617 3278 1725 3331; x_wconf 87' lang='lat' dir='ltr'><strong>ullo</strong></span> <span class='ocrx_word' id='word_1_244' title='bbox 1769 3278 2086 3346; x_wconf 68' lang='lat' dir='ltr'><strong>praeiudicio</strong></span> 
     </span>
    </p>
   </div>
   <div class='ocr_carea' id='block_1_37' title="bbox 512 3367 2082 3441">
    <p class='ocr_par' dir='ltr' id='par_1_37' title="bbox 512 3367 2082 3441">
     <span class='ocr_line' id='line_1_37' title="bbox 512 3367 2082 3441; baseline 0.002 -18"><span class='ocrx_word' id='word_1_245' title='bbox 512 3372 740 3425; x_wconf 86' lang='lat' dir='ltr'><strong>alterum</strong></span> <span class='ocrx_word' id='word_1_246' title='bbox 810 3367 1218 3424; x_wconf 82' lang='lat' dir='ltr'><strong>matrimonium</strong></span> <span class='ocrx_word' id='word_1_247' title='bbox 1283 3369 1649 3434; x_wconf 68' lang='lat' dir='ltr'><strong>conttrahere;</strong></span> <span class='ocrx_word' id='word_1_248' title='bbox 1709 3372 1795 3424; x_wconf 89' lang='lat' dir='ltr'><strong>cui</strong></span> <span class='ocrx_word' id='word_1_249' title='bbox 1861 3373 2082 3441; x_wconf 84' lang='lat' dir='ltr'><strong>quidem</strong></span> 
     </span>
    </p>
   </div>
   <div class='ocr_carea' id='block_1_38' title="bbox 512 3460 2083 3532">
    <p class='ocr_par' dir='ltr' id='par_1_38' title="bbox 512 3460 2083 3532">
     <span class='ocr_line' id='line_1_38' title="bbox 512 3460 2083 3532; baseline 0.002 -16"><span class='ocrx_word' id='word_1_250' title='bbox 512 3461 820 3518; x_wconf 79' lang='lat' dir='ltr'><strong>deﬁnitioni</strong></span> <span class='ocrx_word' id='word_1_251' title='bbox 890 3461 1210 3517; x_wconf 87' lang='lat' dir='ltr'><strong>adversatur</strong></span> <span class='ocrx_word' id='word_1_252' title='bbox 1263 3460 1332 3515; x_wconf 73' lang='lat'><strong>53</strong></span> <span class='ocrx_word' id='word_1_253' title='bbox 1391 3462 1601 3515; x_wconf 84' lang='lat' dir='ltr'><strong>novella</strong></span> <span class='ocrx_word' id='word_1_254' title='bbox 1683 3461 1816 3532; x_wconf 88' lang='lat' dir='ltr'><strong>imp.</strong></span> <span class='ocrx_word' id='word_1_255' title='bbox 1878 3465 2083 3519; x_wconf 84' lang='lat' dir='ltr'><strong>domin‘i</strong></span> 
     </span>
    </p>
   </div>
   <div class='ocr_carea' id='block_1_39' title="bbox 517 3552 2082 3627">
    <p class='ocr_par' dir='ltr' id='par_1_39' title="bbox 517 3552 2082 3627">
     <span class='ocr_line' id='line_1_39' title="bbox 517 3552 2082 3627; baseline 0.002 -18"><span class='ocrx_word' id='word_1_256' title='bbox 517 3555 717 3610; x_wconf 72' lang='lat' dir='ltr'><strong>Leonis</strong></span> <span class='ocrx_word' id='word_1_257' title='bbox 757 3553 1058 3622; x_wconf 82' lang='lat' dir='ltr'><strong>Sapientis,</strong></span> <span class='ocrx_word' id='word_1_258' title='bbox 1099 3567 1222 3622; x_wconf 74' lang='lat' dir='ltr'><strong>quae</strong></span> <span class='ocrx_word' id='word_1_259' title='bbox 1257 3552 1387 3606; x_wconf 89' lang='lat' dir='ltr'><strong>dicit</strong></span> <span class='ocrx_word' id='word_1_260' title='bbox 1421 3553 1760 3621; x_wconf 80' lang='lat' dir='ltr'><strong>indistinth,</strong></span> <span class='ocrx_word' id='word_1_261' title='bbox 1787 3558 2082 3627; x_wconf 85' lang='lat' dir='ltr'><strong>captivum,</strong></span> 
     </span>
    </p>
   </div>
   <div class='ocr_carea' id='block_1_40' title="bbox 515 3644 2084 3713">
    <p class='ocr_par' dir='ltr' id='par_1_40' title="bbox 515 3644 2084 3713">
     <span class='ocr_line' id='line_1_40' title="bbox 515 3644 2084 3713; baseline 0.002 -15"><span class='ocrx_word' id='word_1_262' title='bbox 515 3644 610 3712; x_wconf 80' lang='lat' dir='ltr'><strong>qui</strong></span> <span class='ocrx_word' id='word_1_263' title='bbox 647 3657 900 3698; x_wconf 75' lang='lat' dir='ltr'><strong>reversus</strong></span> <span class='ocrx_word' id='word_1_264' title='bbox 929 3651 1012 3698; x_wconf 87' lang='lat' dir='ltr'><strong>est</strong></span> <span class='ocrx_word' id='word_1_265' title='bbox 1043 3657 1258 3712; x_wconf 88' lang='lat' dir='ltr'><strong>semper</strong></span> <span class='ocrx_word' id='word_1_266' title='bbox 1308 3658 1562 3697; x_wconf 85' lang='lat' dir='ltr'><strong>revocare</strong></span> <span class='ocrx_word' id='word_1_267' title='bbox 1596 3647 1877 3713; x_wconf 84' lang='lat' dir='ltr'><strong>proprium</strong></span> <span class='ocrx_word' id='word_1_268' title='bbox 1914 3663 2084 3702; x_wconf 78' lang='lat' dir='ltr'><strong>mem-</strong></span> 
     </span>
    </p>
   </div>
   <div class='ocr_carea' id='block_1_41' title="bbox 517 3731 2084 3805">
    <p class='ocr_par' dir='ltr' id='par_1_41' title="bbox 517 3731 2084 3805">
     <span class='ocr_line' id='line_1_41' title="bbox 517 3731 2084 3805; baseline 0.006 -20"><span class='ocrx_word' id='word_1_269' title='bbox 517 3734 676 3785; x_wconf 85' lang='lat' dir='ltr'><strong>brum</strong></span> <span class='ocrx_word' id='word_1_270' title='bbox 709 3749 722 3786; x_wconf 87' lang='lat'><strong>:</strong></span> <span class='ocrx_word' id='word_1_271' title='bbox 758 3733 845 3786; x_wconf 89' lang='lat' dir='ltr'><strong>die</strong></span> <span class='ocrx_word' id='word_1_272' title='bbox 878 3731 1176 3786; x_wconf 84' lang='lat' dir='ltr'><strong>Justiniaui</strong></span> <span class='ocrx_word' id='word_1_273' title='bbox 1214 3732 1486 3786; x_wconf 83' lang='lat' dir='ltr'><strong>novellam</strong></span> <span class='ocrx_word' id='word_1_274' title='bbox 1521 3735 1837 3805; x_wconf 80' lang='lat' dir='ltr'><strong>abrogatam</strong></span> <span class='ocrx_word' id='word_1_275' title='bbox 1884 3753 2007 3792; x_wconf 88' lang='lat' dir='ltr'><strong>esse</strong></span> <span class='ocrx_word' id='word_1_276' title='bbox 2053 3755 2084 3794; x_wconf 83' lang='lat' dir='ltr'><strong>a</strong></span> 
     </span>
    </p>
   </div>
   <div class='ocr_carea' id='block_1_42' title="bbox 515 3823 2083 3894">
    <p class='ocr_par' dir='ltr' id='par_1_42' title="bbox 515 3823 2083 3894">
     <span class='ocr_line' id='line_1_42' title="bbox 515 3823 2083 3894; baseline 0.004 -17"><span class='ocrx_word' id='word_1_277' title='bbox 515 3825 663 3878; x_wconf 85' lang='lat' dir='ltr'><strong>dicta</strong></span> <span class='ocrx_word' id='word_1_278' title='bbox 699 3825 911 3878; x_wconf 83' lang='lat' dir='ltr'><strong>novella</strong></span> <span class='ocrx_word' id='word_1_279' title='bbox 949 3825 1081 3892; x_wconf 91' lang='lat' dir='ltr'><strong>imp.</strong></span> <span class='ocrx_word' id='word_1_280' title='bbox 1119 3823 1328 3878; x_wconf 90' lang='lat' dir='ltr'><strong>domini</strong></span> <span class='ocrx_word' id='word_1_281' title='bbox 1360 3823 1558 3878; x_wconf 86' lang='lat' dir='ltr'><strong>Leonis</strong></span> <span class='ocrx_word' id='word_1_282' title='bbox 1591 3825 1886 3894; x_wconf 87' lang='lat' dir='ltr'><strong>Sapientis.</strong></span> <span class='ocrx_word' id='word_1_283' title='bbox 1940 3827 2083 3884; x_wconf 71' lang='lat' dir='ltr'><strong>Prae-</strong></span> 
     </span>
    </p>
   </div>
   <div class='ocr_carea' id='block_1_43' title="bbox 513 3915 2081 3986">
    <p class='ocr_par' dir='ltr' id='par_1_43' title="bbox 513 3915 2081 3986">
     <span class='ocr_line' id='line_1_43' title="bbox 513 3915 2081 3986; baseline 0.005 -18"><span class='ocrx_word' id='word_1_284' title='bbox 513 3926 664 3968; x_wconf 82' lang='lat' dir='ltr'><strong>terea</strong></span> <span class='ocrx_word' id='word_1_285' title='bbox 725 3931 791 3969; x_wconf 90' lang='lat' dir='ltr'><strong>ne</strong></span> <span class='ocrx_word' id='word_1_286' title='bbox 851 3915 950 3969; x_wconf 84' lang='lat' dir='ltr'><strong>tibi</strong></span> <span class='ocrx_word' id='word_1_287' title='bbox 1012 3915 1353 3970; x_wconf 82' lang='lat' dir='ltr'><strong>contrarium</strong></span> <span class='ocrx_word' id='word_1_288' title='bbox 1410 3916 1662 3971; x_wconf 82' lang='lat' dir='ltr'><strong>videatur</strong></span> <span class='ocrx_word' id='word_1_289' title='bbox 1723 3921 2081 3986; x_wconf 88' lang='lat' dir='ltr'><strong>penultimutn</strong></span> 
     </span>
    </p>
   </div>
   <div class='ocr_carea' id='block_1_44' title="bbox 513 4006 2086 4076">
    <p class='ocr_par' dir='ltr' id='par_1_44' title="bbox 513 4006 2086 4076">
     <span class='ocr_line' id='line_1_44' title="bbox 513 4006 2086 4076; baseline 0.004 -16"><span class='ocrx_word' id='word_1_290' title='bbox 513 4009 694 4060; x_wconf 81' lang='lat' dir='ltr'><strong>thema</strong></span> <span class='ocrx_word' id='word_1_291' title='bbox 730 4006 814 4073; x_wconf 86' lang='lat' dir='ltr'><strong>ll,</strong></span> <span class='ocrx_word' id='word_1_292' title='bbox 841 4021 960 4076; x_wconf 83' lang='lat' dir='ltr'><strong>cap.</strong></span> <span class='ocrx_word' id='word_1_293' title='bbox 991 4007 1056 4062; x_wconf 75' lang='grc'><strong>57</strong></span> <span class='ocrx_word' id='word_1_294' title='bbox 1111 4007 1196 4062; x_wconf 92' lang='lat' dir='ltr'><strong>tit.</strong></span> <span class='ocrx_word' id='word_1_295' title='bbox 1234 4023 1299 4060; x_wconf 72' lang='grc' dir='ltr'>ιχ</span> <span class='ocrx_word' id='word_1_296' title='bbox 1357 4007 1451 4063; x_wconf 89' lang='lat' dir='ltr'><strong>lib.</strong></span> <span class='ocrx_word' id='word_1_297' title='bbox 1484 4009 1673 4064; x_wconf 71' lang='lat' dir='ltr'><strong>dicens</strong></span> <span class='ocrx_word' id='word_1_298' title='bbox 1709 4030 1718 4063; x_wconf 93' lang='lat'><strong>:</strong></span> <span class='ocrx_word' id='word_1_299' title='bbox 1762 4012 1817 4065; x_wconf 77' lang='lat' dir='ltr'><strong>Si</strong></span> <span class='ocrx_word' id='word_1_300' title='bbox 1845 4012 1935 4066; x_wconf 90' lang='lat' dir='ltr'><strong>dtu</strong></span> <span class='ocrx_word' id='word_1_301' title='bbox 1989 4016 2086 4068; x_wconf 84' lang='lat' dir='ltr'><strong>ab-</strong></span> 
     </span>
    </p>
   </div>
   <div class='ocr_carea' id='block_1_45' title="bbox 517 4097 2086 4167">
    <p class='ocr_par' dir='ltr' id='par_1_45' title="bbox 517 4097 2086 4167">
     <span class='ocr_line' id='line_1_45' title="bbox 517 4097 2086 4167; baseline 0.006 -20"><span class='ocrx_word' id='word_1_302' title='bbox 517 4107 727 4149; x_wconf 85' lang='lat' dir='ltr'><strong>sentem</strong></span> <span class='ocrx_word' id='word_1_303' title='bbox 776 4098 956 4149; x_wconf 86' lang='lat' dir='ltr'><strong>virum</strong></span> <span class='ocrx_word' id='word_1_304' title='bbox 1016 4097 1152 4151; x_wconf 78' lang='lat' dir='ltr'><strong>falso</strong></span> <span class='ocrx_word' id='word_1_305' title='bbox 1182 4097 1410 4165; x_wconf 85' lang='lat' dir='ltr'><strong>periisse</strong></span> <span class='ocrx_word' id='word_1_306' title='bbox 1463 4099 1659 4153; x_wconf 88' lang='lat' dir='ltr'><strong>mulier</strong></span> <span class='ocrx_word' id='word_1_307' title='bbox 1697 4101 1989 4167; x_wconf 79' lang='lat' dir='ltr'><strong>audiverit,</strong></span> <span class='ocrx_word' id='word_1_308' title='bbox 2031 4112 2086 4158; x_wconf 89' lang='lat' dir='ltr'><strong>et</strong></span> 
     </span>
    </p>
   </div>
   <div class='ocr_carea' id='block_1_46' title="bbox 519 4187 2090 4264">
    <p class='ocr_par' dir='ltr' id='par_1_46' title="bbox 519 4187 2090 4264">
     <span class='ocr_line' id='line_1_46' title="bbox 519 4187 2090 4264; baseline 0.008 -24"><span class='ocrx_word' id='word_1_309' title='bbox 519 4187 664 4242; x_wconf 80' lang='lat' dir='ltr'><strong>fama</strong></span> <span class='ocrx_word' id='word_1_310' title='bbox 697 4202 956 4256; x_wconf 85' lang='lat' dir='ltr'><strong>persuasa</strong></span> <span class='ocrx_word' id='word_1_311' title='bbox 989 4189 1081 4242; x_wconf 89' lang='lat' dir='ltr'><strong>alii</strong></span> <span class='ocrx_word' id='word_1_312' title='bbox 1115 4205 1174 4243; x_wconf 89' lang='lat' dir='ltr'><strong>se</strong></span> <span class='ocrx_word' id='word_1_313' title='bbox 1199 4191 1319 4244; x_wconf 88' lang='lat' dir='ltr'><strong>sine</strong></span> <span class='ocrx_word' id='word_1_314' title='bbox 1356 4190 1483 4245; x_wconf 87' lang='lat' dir='ltr'><strong>dolo</strong></span> <span class='ocrx_word' id='word_1_315' title='bbox 1525 4193 1873 4249; x_wconf 84' lang='lat' dir='ltr'><strong>matrimonio</strong></span> <span class='ocrx_word' id='word_1_316' title='bbox 1896 4195 2090 4264; x_wconf 82' lang='lat' dir='ltr'><strong>junxe-</strong></span> 
     </span>
    </p>
   </div>
   <div class='ocr_carea' id='block_1_47' title="bbox 515 4278 2088 4357">
    <p class='ocr_par' dir='ltr' id='par_1_47' title="bbox 515 4278 2088 4357">
     <span class='ocr_line' id='line_1_47' title="bbox 515 4278 2088 4357; baseline 0.004 -21"><span class='ocrx_word' id='word_1_317' title='bbox 515 4279 611 4343; x_wconf 78' lang='lat' dir='ltr'><strong>rit,</strong></span> <span class='ocrx_word' id='word_1_318' title='bbox 648 4293 755 4332; x_wconf 90' lang='lat' dir='ltr'><strong>nou</strong></span> <span class='ocrx_word' id='word_1_319' title='bbox 795 4280 1043 4349; x_wconf 88' lang='lat' dir='ltr'><strong>punitur.</strong></span> <span class='ocrx_word' id='word_1_320' title='bbox 1077 4278 1184 4333; x_wconf 88' lang='lat' dir='ltr'><strong>Sed</strong></span> <span class='ocrx_word' id='word_1_321' title='bbox 1237 4280 1328 4336; x_wconf 89' lang='lat' dir='ltr'><strong>dic</strong></span> <span class='ocrx_word' id='word_1_322' title='bbox 1364 4281 1468 4336; x_wconf 90' lang='lat' dir='ltr'><strong>hoc</strong></span> <span class='ocrx_word' id='word_1_323' title='bbox 1519 4297 1640 4338; x_wconf 86' lang='lat' dir='ltr'><strong>esse</strong></span> <span class='ocrx_word' id='word_1_324' title='bbox 1687 4285 1808 4353; x_wconf 85' lang='lat' dir='ltr'><strong>jure</strong></span> <span class='ocrx_word' id='word_1_325' title='bbox 1850 4288 2088 4357; x_wconf 75' lang='lat' dir='ltr'><strong>digesto-</strong></span> 
     </span>
    </p>
   </div>
   <div class='ocr_carea' id='block_1_48' title="bbox 517 4369 1762 4433">
    <p class='ocr_par' dir='ltr' id='par_1_48' title="bbox 517 4369 1762 4433">
     <span class='ocr_line' id='line_1_48' title="bbox 517 4369 1762 4433; baseline 0.004 -10"><span class='ocrx_word' id='word_1_326' title='bbox 517 4384 663 4433; x_wconf 77' lang='lat' dir='ltr'><strong>rnm,</strong></span> <span class='ocrx_word' id='word_1_327' title='bbox 694 4379 749 4424; x_wconf 86' lang='lat' dir='ltr'><strong>et</strong></span> <span class='ocrx_word' id='word_1_328' title='bbox 783 4385 809 4422; x_wconf 91' lang='lat' dir='ltr'><strong>a</strong></span> <span class='ocrx_word' id='word_1_329' title='bbox 835 4369 998 4424; x_wconf 90' lang='lat' dir='ltr'><strong>dictis</strong></span> <span class='ocrx_word' id='word_1_330' title='bbox 1039 4370 1270 4425; x_wconf 78' lang='lat' dir='ltr'><strong>novellis</strong></span> <span class='ocrx_word' id='word_1_331' title='bbox 1297 4387 1422 4426; x_wconf 85' lang='lat' dir='ltr'><strong>esse</strong></span> <span class='ocrx_word' id='word_1_332' title='bbox 1454 4371 1762 4428; x_wconf 84' lang='lat' dir='ltr'><strong>sublatum.</strong></span> 
     </span>
    </p>
   </div>
   <div class='ocr_carea' id='block_1_49' title="bbox 2175 509 3772 589">
    <p class='ocr_par' dir='ltr' id='par_1_49' title="bbox 2175 509 3772 589">
     <span class='ocr_line' id='line_1_49' title="bbox 2175 509 3772 589; baseline -0.006 -15"><span class='ocrx_word' id='word_1_333' title='bbox 2175 519 2369 589; x_wconf 80' lang='grc' dir='ltr'>ἀδηλῐα</span> <span class='ocrx_word' id='word_1_334' title='bbox 2416 519 2531 570; x_wconf 71' lang='grc' dir='ltr'>ἐστὶ</span> <span class='ocrx_word' id='word_1_335' title='bbox 2589 518 2683 586; x_wconf 70' lang='grc' dir='ltr'>τῆς</span> <span class='ocrx_word' id='word_1_336' title='bbox 2733 514 2922 568; x_wconf 77' lang='grc' dir='ltr'>τούτιυ</span> <span class='ocrx_word' id='word_1_337' title='bbox 2983 514 3149 582; x_wconf 76' lang='grc' dir='ltr'>ζωῆς,</span> <span class='ocrx_word' id='word_1_338' title='bbox 3183 511 3336 581; x_wconf 83' lang='grc' dir='ltr'>μετὰ</span> <span class='ocrx_word' id='word_1_339' title='bbox 3392 509 3456 562; x_wconf 74' lang='grc' dir='ltr'>δὲ</span> <span class='ocrx_word' id='word_1_340' title='bbox 3512 511 3614 579; x_wconf 79' lang='grc' dir='ltr'>τὴν</span> <span class='ocrx_word' id='word_1_341' title='bbox 3649 528 3772 564; x_wconf 73' lang='grc' dir='ltr'>πενο</span> 
     </span>
    </p>
   </div>
   <div class='ocr_carea' id='block_1_50' title="bbox 2175 601 3773 679">
    <p class='ocr_par' dir='ltr' id='par_1_50' title="bbox 2175 601 3773 679">
     <span class='ocr_line' id='line_1_50' title="bbox 2175 601 3773 679; baseline -0.004 -16"><span class='ocrx_word' id='word_1_342' title='bbox 2175 611 2397 664; x_wconf 83' lang='grc' dir='ltr'>ταετίαν</span> <span class='ocrx_word' id='word_1_343' title='bbox 2433 610 2623 679; x_wconf 84' lang='grc' dir='ltr'>ἓτερον</span> <span class='ocrx_word' id='word_1_344' title='bbox 2656 607 3043 661; x_wconf 73' lang='grc' dir='ltr'><strong>συναλλάττειν</strong></span> <span class='ocrx_word' id='word_1_345' title='bbox 3073 605 3280 673; x_wconf 80' lang='grc' dir='ltr'>γάμον.</span> <span class='ocrx_word' id='word_1_346' title='bbox 3336 602 3655 670; x_wconf 84' lang='grc' dir='ltr'>Ἀνάγνωθι</span> <span class='ocrx_word' id='word_1_347' title='bbox 3685 601 3773 659; x_wconf 76' lang='grc' dir='ltr'>οὖν</span> 
     </span>
    </p>
   </div>
   <div class='ocr_carea' id='block_1_51' title="bbox 2175 695 3774 774">
    <p class='ocr_par' dir='ltr' id='par_1_51' title="bbox 2175 695 3774 774">
     <span class='ocr_line' id='line_1_51' title="bbox 2175 695 3774 774; baseline -0.008 -15"><span class='ocrx_word' id='word_1_348' title='bbox 2175 704 2276 774; x_wconf 83' lang='grc' dir='ltr'>τὴν</span> <span class='ocrx_word' id='word_1_349' title='bbox 2307 702 2568 770; x_wconf 83' lang='grc' dir='ltr'>τοιαύτην</span> <span class='ocrx_word' id='word_1_350' title='bbox 2593 701 2820 770; x_wconf 73' lang='grc' dir='ltr'>νεαρὰν,</span> <span class='ocrx_word' id='word_1_351' title='bbox 2865 698 3128 758; x_wconf 64' lang='lat' dir='ltr'><strong>(bonum);</strong></span> <span class='ocrx_word' id='word_1_352' title='bbox 3165 697 3264 750; x_wconf 71' lang='grc' dir='ltr'><strong>καὶ</strong></span> <span class='ocrx_word' id='word_1_353' title='bbox 3323 695 3436 766; x_wconf 78' lang='grc' dir='ltr'>τὴν</span> <span class='ocrx_word' id='word_1_354' title='bbox 3461 696 3549 764; x_wconf 84' lang='grc' dir='ltr'>λγ¹</span> <span class='ocrx_word' id='word_1_355' title='bbox 3579 699 3774 767; x_wconf 69' lang='grc' dir='ltr'>νεαρὰν</span> 
     </span>
    </p>
   </div>
   <div class='ocr_carea' id='block_1_52' title="bbox 2176 785 3775 866">
    <p class='ocr_par' dir='ltr' id='par_1_52' title="bbox 2176 785 3775 866">
     <span class='ocr_line' id='line_1_52' title="bbox 2176 785 3775 866; baseline -0.005 -18"><span class='ocrx_word' id='word_1_356' title='bbox 2176 794 2275 848; x_wconf 80' lang='grc' dir='ltr'>τοῦ</span> <span class='ocrx_word' id='word_1_357' title='bbox 2305 793 2574 866; x_wconf 80' lang='grc' dir='ltr'>βασιλέως</span> <span class='ocrx_word' id='word_1_358' title='bbox 2602 791 2774 862; x_wconf 83' lang='grc' dir='ltr'>κυροῦ</span> <span class='ocrx_word' id='word_1_359' title='bbox 2807 785 3038 852; x_wconf 73' lang='grc' dir='ltr'>Λέοντος</span> <span class='ocrx_word' id='word_1_360' title='bbox 3092 789 3186 843; x_wconf 79' lang='grc' dir='ltr'>τοῦ</span> <span class='ocrx_word' id='word_1_361' title='bbox 3211 789 3431 857; x_wconf 80' lang='grc' dir='ltr'>Σοφοῦ,</span> <span class='ocrx_word' id='word_1_362' title='bbox 3467 788 3775 859; x_wconf 79' lang='grc' dir='ltr'>διοριζομέ-</span> 
     </span>
    </p>
   </div>
   <div class='ocr_carea' id='block_1_53' title="bbox 2176 879 3775 957">
    <p class='ocr_par' dir='ltr' id='par_1_53' title="bbox 2176 879 3775 957">
     <span class='ocr_line' id='line_1_53' title="bbox 2176 879 3775 957; baseline -0.004 -17"><span class='ocrx_word' id='word_1_363' title='bbox 2176 905 2272 956; x_wconf 81' lang='grc' dir='ltr'><strong>νην</strong></span> <span class='ocrx_word' id='word_1_364' title='bbox 2304 886 2379 957; x_wconf 82' lang='grc' dir='ltr'>μὴ</span> <span class='ocrx_word' id='word_1_365' title='bbox 2403 883 2631 937; x_wconf 84' lang='grc' dir='ltr'>λύεσθαι</span> <span class='ocrx_word' id='word_1_366' title='bbox 2663 881 2937 952; x_wconf 80' lang='grc' dir='ltr'>προφάσει</span> <span class='ocrx_word' id='word_1_367' title='bbox 2965 881 3066 951; x_wconf 81' lang='grc' dir='ltr'>τῆς</span> <span class='ocrx_word' id='word_1_368' title='bbox 3116 879 3525 951; x_wconf 75' lang='grc' dir='ltr'><strong>αἰχμαλωσίας</strong></span> <span class='ocrx_word' id='word_1_369' title='bbox 3583 881 3775 952; x_wconf 79' lang='grc' dir='ltr'>γάμον,</span> 
     </span>
    </p>
   </div>
   <div class='ocr_carea' id='block_1_54' title="bbox 2179 971 3776 1048">
    <p class='ocr_par' dir='ltr' id='par_1_54' title="bbox 2179 971 3776 1048">
     <span class='ocr_line' id='line_1_54' title="bbox 2179 971 3776 1048; baseline -0.004 -15"><span class='ocrx_word' id='word_1_370' title='bbox 2179 979 2315 1048; x_wconf 84' lang='grc' dir='ltr'><strong>μηδὲ</strong></span> <span class='ocrx_word' id='word_1_371' title='bbox 2341 977 2418 1048; x_wconf 81' lang='grc' dir='ltr'>τῷ</span> <span class='ocrx_word' id='word_1_372' title='bbox 2453 976 2721 1046; x_wconf 78' lang='grc' dir='ltr'>ἐλευθέρῳ</span> <span class='ocrx_word' id='word_1_373' title='bbox 2754 973 3152 1045; x_wconf 84' lang='grc' dir='ltr'>συντηρηθέντι</span> <span class='ocrx_word' id='word_1_374' title='bbox 3183 973 3357 1044; x_wconf 80' lang='grc' dir='ltr'>μέρει</span> <span class='ocrx_word' id='word_1_375' title='bbox 3405 971 3618 1037; x_wconf 74' lang='grc' dir='ltr'>ἐξεῖναι</span> <span class='ocrx_word' id='word_1_376' title='bbox 3649 975 3776 1046; x_wconf 65' lang='grc' dir='ltr'>πρὶς</span> 
     </span>
    </p>
   </div>
   <div class='ocr_carea' id='block_1_55' title="bbox 2174 1065 3775 1141">
    <p class='ocr_par' dir='ltr' id='par_1_55' title="bbox 2174 1065 3775 1141">
     <span class='ocr_line' id='line_1_55' title="bbox 2174 1065 3775 1141; baseline -0.002 -18"><span class='ocrx_word' id='word_1_377' title='bbox 2174 1071 2362 1141; x_wconf 74' lang='grc' dir='ltr'>ἕτερον</span> <span class='ocrx_word' id='word_1_378' title='bbox 2392 1067 2603 1121; x_wconf 72' lang='grc' dir='ltr'>ἐπιδεῖν</span> <span class='ocrx_word' id='word_1_379' title='bbox 2635 1066 2971 1121; x_wconf 68' lang='grc' dir='ltr'>σὀνοικέσιον</span> <span class='ocrx_word' id='word_1_380' title='bbox 3001 1081 3016 1096; x_wconf 89' lang='grc'><strong>·</strong></span> <span class='ocrx_word' id='word_1_381' title='bbox 3081 1065 3195 1119; x_wconf 84' lang='grc' dir='ltr'>ἀλλ’</span> <span class='ocrx_word' id='word_1_382' title='bbox 3251 1068 3309 1118; x_wconf 77' lang='grc' dir='ltr'>εἰ</span> <span class='ocrx_word' id='word_1_383' title='bbox 3374 1068 3480 1119; x_wconf 71' lang='grc' dir='ltr'>καὶ</span> <span class='ocrx_word' id='word_1_384' title='bbox 3535 1067 3775 1138; x_wconf 75' lang='grc' dir='ltr'><strong>συναφθῇ</strong></span> 
     </span>
    </p>
   </div>
   <div class='ocr_carea' id='block_1_56' title="bbox 2176 1156 3777 1230">
    <p class='ocr_par' dir='ltr' id='par_1_56' title="bbox 2176 1156 3777 1230">
     <span class='ocr_line' id='line_1_56' title="bbox 2176 1156 3777 1230; baseline -0.001 -17"><span class='ocrx_word' id='word_1_385' title='bbox 2176 1161 2370 1230; x_wconf 78' lang='grc' dir='ltr'>ἑτέρῳ,</span> <span class='ocrx_word' id='word_1_386' title='bbox 2407 1160 2591 1215; x_wconf 78' lang='grc' dir='ltr'>ἄδειαν</span> <span class='ocrx_word' id='word_1_387' title='bbox 2616 1157 2762 1228; x_wconf 77' lang='grc' dir='ltr'>ἔχειν</span> <span class='ocrx_word' id='word_1_388' title='bbox 2810 1157 2872 1210; x_wconf 77' lang='grc' dir='ltr'>τὸ</span> <span class='ocrx_word' id='word_1_389' title='bbox 2909 1156 3261 1227; x_wconf 75' lang='grc' dir='ltr'>ὑποστρέψαν</span> <span class='ocrx_word' id='word_1_390' title='bbox 3334 1157 3520 1227; x_wconf 84' lang='grc' dir='ltr'>μέρος</span> <span class='ocrx_word' id='word_1_391' title='bbox 3567 1157 3633 1209; x_wconf 80' lang='grc' dir='ltr'>ὲκ</span> <span class='ocrx_word' id='word_1_392' title='bbox 3685 1159 3777 1226; x_wconf 74' lang='grc' dir='ltr'>τῆς</span> 
     </span>
    </p>
   </div>
   <div class='ocr_carea' id='block_1_57' title="bbox 2175 1248 3777 1320">
    <p class='ocr_par' dir='ltr' id='par_1_57' title="bbox 2175 1248 3777 1320">
     <span class='ocr_line' id='line_1_57' title="bbox 2175 1248 3777 1320; baseline -0.002 -16"><span class='ocrx_word' id='word_1_393' title='bbox 2175 1249 2553 1320; x_wconf 79' lang='grc' dir='ltr'><strong>αἰχμαλωσίας</strong></span> <span class='ocrx_word' id='word_1_394' title='bbox 2580 1248 2980 1306; x_wconf 81' lang='grc' dir='ltr'><strong>ἀνακαλεῖσθαι</strong></span> <span class='ocrx_word' id='word_1_395' title='bbox 3047 1248 3109 1300; x_wconf 79' lang='grc' dir='ltr'>τὸ</span> <span class='ocrx_word' id='word_1_396' title='bbox 3146 1250 3362 1301; x_wconf 82' lang='grc' dir='ltr'>οἰκεῖον</span> <span class='ocrx_word' id='word_1_397' title='bbox 3429 1248 3626 1318; x_wconf 82' lang='grc' dir='ltr'>μέλος,</span> <span class='ocrx_word' id='word_1_398' title='bbox 3689 1255 3777 1301; x_wconf 69' lang='grc' dir='ltr'>καὶ</span> 
     </span>
    </p>
   </div>
   <div class='ocr_carea' id='block_1_58' title="bbox 2176 1339 3776 1414">
    <p class='ocr_par' dir='ltr' id='par_1_58' title="bbox 2176 1339 3776 1414">
     <span class='ocr_line' id='line_1_58' title="bbox 2176 1339 3776 1414; baseline -0.006 -18"><span class='ocrx_word' id='word_1_399' title='bbox 2176 1345 2267 1396; x_wconf 73' lang='grc' dir='ltr'>τὸν</span> <span class='ocrx_word' id='word_1_400' title='bbox 2289 1343 2542 1414; x_wconf 83' lang='grc' dir='ltr'>δεύτερον</span> <span class='ocrx_word' id='word_1_401' title='bbox 2575 1342 2752 1412; x_wconf 77' lang='grc' dir='ltr'>γάμον</span> <span class='ocrx_word' id='word_1_402' title='bbox 2773 1342 3033 1412; x_wconf 79' lang='grc' dir='ltr'>διασπᾷν.</span> <span class='ocrx_word' id='word_1_403' title='bbox 3066 1340 3172 1393; x_wconf 76' lang='grc' dir='ltr'><strong>Τοῦ</strong></span> <span class='ocrx_word' id='word_1_404' title='bbox 3223 1339 3371 1409; x_wconf 72' lang='grc' dir='ltr'>γοῦν</span> <span class='ocrx_word' id='word_1_405' title='bbox 3405 1340 3645 1400; x_wconf 80' lang='grc' dir='ltr'>κανόνος</span> <span class='ocrx_word' id='word_1_406' title='bbox 3669 1340 3776 1392; x_wconf 70' lang='lat' dir='ltr'><strong>6th</strong></span> 
     </span>
    </p>
   </div>
   <div class='ocr_carea' id='block_1_59' title="bbox 2176 1429 3774 1506">
    <p class='ocr_par' dir='ltr' id='par_1_59' title="bbox 2176 1429 3774 1506">
     <span class='ocr_line' id='line_1_59' title="bbox 2176 1429 3774 1506; baseline -0.004 -19"><span class='ocrx_word' id='word_1_407' title='bbox 2176 1435 2470 1506; x_wconf 73' lang='grc' dir='ltr'>ριζομένου</span> <span class='ocrx_word' id='word_1_408' title='bbox 2521 1435 2620 1487; x_wconf 83' lang='grc' dir='ltr'>ὃσα</span> <span class='ocrx_word' id='word_1_409' title='bbox 2666 1435 2894 1502; x_wconf 76' lang='grc' dir='ltr'>εἴπομεν</span> <span class='ocrx_word' id='word_1_410' title='bbox 2959 1430 3190 1497; x_wconf 83' lang='grc' dir='ltr'>ἄνωθεν,</span> <span class='ocrx_word' id='word_1_411' title='bbox 3267 1431 3376 1484; x_wconf 75' lang='grc' dir='ltr'>καὶ</span> <span class='ocrx_word' id='word_1_412' title='bbox 3427 1429 3544 1482; x_wconf 88' lang='grc' dir='ltr'><strong>τῶν</strong></span> <span class='ocrx_word' id='word_1_413' title='bbox 3604 1430 3774 1499; x_wconf 83' lang='grc' dir='ltr'>νόμων</span> 
     </span>
    </p>
   </div>
   <div class='ocr_carea' id='block_1_60' title="bbox 2177 1521 3776 1598">
    <p class='ocr_par' dir='ltr' id='par_1_60' title="bbox 2177 1521 3776 1598">
     <span class='ocr_line' id='line_1_60' title="bbox 2177 1521 3776 1598; baseline -0.009 -17"><span class='ocrx_word' id='word_1_414' title='bbox 2177 1527 2717 1598; x_wconf 73' lang='grc' dir='ltr'><strong>παρακελευομένων</strong></span> <span class='ocrx_word' id='word_1_415' title='bbox 2745 1525 2919 1578; x_wconf 78' lang='grc' dir='ltr'>ταῦτα</span> <span class='ocrx_word' id='word_1_416' title='bbox 2951 1523 3016 1594; x_wconf 75' lang='grc' dir='ltr'>δὴ</span> <span class='ocrx_word' id='word_1_417' title='bbox 3043 1525 3113 1578; x_wconf 77' lang='grc' dir='ltr'>τὰ</span> <span class='ocrx_word' id='word_1_418' title='bbox 3142 1521 3451 1594; x_wconf 86' lang='grc' dir='ltr'>προσεχῶς</span> <span class='ocrx_word' id='word_1_419' title='bbox 3533 1538 3776 1591; x_wconf 83' lang='grc' dir='ltr'>γεγραμ-</span> 
     </span>
    </p>
   </div>
   <div class='ocr_carea' id='block_1_61' title="bbox 2181 1614 3774 1691">
    <p class='ocr_par' dir='ltr' id='par_1_61' title="bbox 2181 1614 3774 1691">
     <span class='ocr_line' id='line_1_61' title="bbox 2181 1614 3774 1691; baseline -0.004 -20"><span class='ocrx_word' id='word_1_420' title='bbox 2181 1619 2343 1691; x_wconf 82' lang='grc' dir='ltr'>μένα,</span> <span class='ocrx_word' id='word_1_421' title='bbox 2374 1619 2644 1687; x_wconf 77' lang='grc' dir='ltr'><strong>ἐρωτήσει</strong></span> <span class='ocrx_word' id='word_1_422' title='bbox 2706 1635 2812 1680; x_wconf 88' lang='grc' dir='ltr'>τις,</span> <span class='ocrx_word' id='word_1_423' title='bbox 2863 1616 3020 1670; x_wconf 88' lang='grc' dir='ltr'>Τίσιν</span> <span class='ocrx_word' id='word_1_424' title='bbox 3085 1618 3150 1669; x_wconf 86' lang='grc' dir='ltr'>ἐκ</span> <span class='ocrx_word' id='word_1_425' title='bbox 3200 1614 3429 1669; x_wconf 79' lang='grc' dir='ltr'>τούτων</span> <span class='ocrx_word' id='word_1_426' title='bbox 3487 1615 3774 1683; x_wconf 78' lang='grc' dir='ltr'>προσέχειν</span> 
     </span>
    </p>
   </div>
   <div class='ocr_carea' id='block_1_62' title="bbox 2173 1706 3777 1780">
    <p class='ocr_par' dir='ltr' id='par_1_62' title="bbox 2173 1706 3777 1780">
     <span class='ocr_line' id='line_1_62' title="bbox 2173 1706 3777 1780; baseline -0.004 -16"><span class='ocrx_word' id='word_1_427' title='bbox 2173 1711 2470 1780; x_wconf 82' lang='grc' dir='ltr'>ὀφείλομεν</span> <span class='ocrx_word' id='word_1_428' title='bbox 2503 1729 2518 1778; x_wconf 86' lang='grc'><strong>;</strong></span> <span class='ocrx_word' id='word_1_429' title='bbox 2545 1712 2733 1780; x_wconf 83' lang='grc' dir='ltr'><strong>Φαμὲν</strong></span> <span class='ocrx_word' id='word_1_430' title='bbox 2763 1706 2858 1764; x_wconf 82' lang='grc' dir='ltr'>οὖν</span> <span class='ocrx_word' id='word_1_431' title='bbox 2885 1711 2965 1764; x_wconf 79' lang='grc' dir='ltr'>ὅτι</span> <span class='ocrx_word' id='word_1_432' title='bbox 3001 1710 3227 1772; x_wconf 75' lang='grc' dir='ltr'>καὶτοῖς</span> <span class='ocrx_word' id='word_1_433' title='bbox 3252 1711 3314 1762; x_wconf 82' lang='grc' dir='ltr'>ὲν</span> <span class='ocrx_word' id='word_1_434' title='bbox 3341 1707 3425 1776; x_wconf 85' lang='grc' dir='ltr'>τῷ</span> <span class='ocrx_word' id='word_1_435' title='bbox 3459 1706 3650 1759; x_wconf 81' lang='grc' dir='ltr'><strong>κανόνι</strong></span> <span class='ocrx_word' id='word_1_436' title='bbox 3687 1707 3777 1758; x_wconf 81' lang='grc' dir='ltr'><strong>καὶ</strong></span> 
     </span>
    </p>
   </div>
   <div class='ocr_carea' id='block_1_63' title="bbox 2188 1801 3772 1874">
    <p class='ocr_par' dir='ltr' id='par_1_63' title="bbox 2188 1801 3772 1874">
     <span class='ocr_line' id='line_1_63' title="bbox 2188 1801 3772 1874; baseline -0.004 -17"><span class='ocrx_word' id='word_1_437' title='bbox 2188 1807 2386 1869; x_wconf 79' lang='grc' dir='ltr'>ἐντοῖς</span> <span class='ocrx_word' id='word_1_438' title='bbox 2418 1805 2632 1874; x_wconf 83' lang='grc' dir='ltr'>νόμοις,</span> <span class='ocrx_word' id='word_1_439' title='bbox 2684 1804 2970 1874; x_wconf 73' lang='grc' dir='ltr'>ἑκατέροις</span> <span class='ocrx_word' id='word_1_440' title='bbox 3025 1804 3248 1865; x_wconf 83' lang='grc' dir='ltr'>πάντως</span> <span class='ocrx_word' id='word_1_441' title='bbox 3321 1802 3482 1855; x_wconf 74' lang='grc' dir='ltr'>κατὰ</span> <span class='ocrx_word' id='word_1_442' title='bbox 3545 1801 3772 1869; x_wconf 75' lang='grc' dir='ltr'>καιρόνο</span> 
     </span>
    </p>
   </div>
   <div class='ocr_carea' id='block_1_64' title="bbox 2187 1886 3770 1967">
    <p class='ocr_par' dir='ltr' id='par_1_64' title="bbox 2187 1886 3770 1967">
     <span class='ocr_line' id='line_1_64' title="bbox 2187 1886 3770 1967; baseline -0.006 -17"><span class='ocrx_word' id='word_1_443' title='bbox 2187 1896 2284 1956; x_wconf 79' lang='grc' dir='ltr'>καὶ</span> <span class='ocrx_word' id='word_1_444' title='bbox 2318 1898 2429 1950; x_wconf 80' lang='grc' dir='ltr'><strong>ἀπὸ</strong></span> <span class='ocrx_word' id='word_1_445' title='bbox 2465 1897 2564 1967; x_wconf 73' lang='grc' dir='ltr'>μὲν</span> <span class='ocrx_word' id='word_1_446' title='bbox 2588 1895 2682 1950; x_wconf 84' lang='grc' dir='ltr'>τοῦ</span> <span class='ocrx_word' id='word_1_447' title='bbox 2708 1895 2935 1958; x_wconf 83' lang='grc' dir='ltr'>κανόνος</span> <span class='ocrx_word' id='word_1_448' title='bbox 2971 1894 3296 1964; x_wconf 83' lang='grc' dir='ltr'>μοιχαλίδας</span> <span class='ocrx_word' id='word_1_449' title='bbox 3331 1893 3604 1962; x_wconf 74' lang='grc' dir='ltr'><strong>εἴποιμεν</strong></span> <span class='ocrx_word' id='word_1_450' title='bbox 3638 1886 3770 1942; x_wconf 79' lang='grc' dir='ltr'>εἶναι</span> 
     </span>
    </p>
   </div>
   <div class='ocr_carea' id='block_1_65' title="bbox 2181 1981 3771 2059">
    <p class='ocr_par' dir='ltr' id='par_1_65' title="bbox 2181 1981 3771 2059">
     <span class='ocr_line' id='line_1_65' title="bbox 2181 1981 3771 2059; baseline -0.005 -16"><span class='ocrx_word' id='word_1_451' title='bbox 2181 1992 2304 2053; x_wconf 74' lang='grc' dir='ltr'>τὰς,</span> <span class='ocrx_word' id='word_1_452' title='bbox 2337 1989 2464 2059; x_wconf 75' lang='grc' dir='ltr'>περὶ</span> <span class='ocrx_word' id='word_1_453' title='bbox 2489 1981 2564 2041; x_wconf 82' lang='grc' dir='ltr'>ὧν</span> <span class='ocrx_word' id='word_1_454' title='bbox 2593 1991 2620 2041; x_wconf 85' lang='grc' dir='ltr'><strong>ὀ</strong></span> <span class='ocrx_word' id='word_1_455' title='bbox 2647 1986 2850 2050; x_wconf 87' lang='grc' dir='ltr'>κανὼν,</span> <span class='ocrx_word' id='word_1_456' title='bbox 2889 1990 3153 2056; x_wconf 82' lang='grc' dir='ltr'>γυναῖκας</span> <span class='ocrx_word' id='word_1_457' title='bbox 3180 1984 3548 2056; x_wconf 83' lang='grc' dir='ltr'>γαμηθείσας</span> <span class='ocrx_word' id='word_1_458' title='bbox 3572 1985 3771 2048; x_wconf 74' lang='grc' dir='ltr'>ἑτέροις</span> 
     </span>
    </p>
   </div>
   <div class='ocr_carea' id='block_1_66' title="bbox 2186 2074 3770 2147">
    <p class='ocr_par' dir='ltr' id='par_1_66' title="bbox 2186 2074 3770 2147">
     <span class='ocr_line' id='line_1_66' title="bbox 2186 2074 3770 2147; baseline -0.003 -19"><span class='ocrx_word' id='word_1_459' title='bbox 2186 2077 2295 2147; x_wconf 80' lang='grc' dir='ltr'>πρὸ</span> <span class='ocrx_word' id='word_1_460' title='bbox 2322 2075 2416 2129; x_wconf 80' lang='grc' dir='ltr'>τοῦ</span> <span class='ocrx_word' id='word_1_461' title='bbox 2447 2076 2632 2128; x_wconf 76' lang='grc' dir='ltr'>λαϐεῖν</span> <span class='ocrx_word' id='word_1_462' title='bbox 2689 2077 2886 2146; x_wconf 79' lang='grc' dir='ltr'>ἐντελῆ</span> <span class='ocrx_word' id='word_1_463' title='bbox 2943 2076 3328 2147; x_wconf 78' lang='grc' dir='ltr'>πληροφορίαν</span> <span class='ocrx_word' id='word_1_464' title='bbox 3381 2074 3482 2128; x_wconf 81' lang='grc' dir='ltr'>τοῦ</span> <span class='ocrx_word' id='word_1_465' title='bbox 3548 2074 3770 2128; x_wconf 77' lang='grc' dir='ltr'><strong>Θανάτου</strong></span> 
     </span>
    </p>
   </div>
   <div class='ocr_carea' id='block_1_67' title="bbox 2185 2166 3764 2238">
    <p class='ocr_par' dir='ltr' id='par_1_67' title="bbox 2185 2166 3764 2238">
     <span class='ocr_line' id='line_1_67' title="bbox 2185 2166 3764 2238; baseline -0.001 -18"><span class='ocrx_word' id='word_1_466' title='bbox 2185 2168 2297 2222; x_wconf 85' lang='grc' dir='ltr'><strong>τῶν</strong></span> <span class='ocrx_word' id='word_1_467' title='bbox 2319 2168 2540 2234; x_wconf 84' lang='grc' dir='ltr'>ἀφανῶν</span> <span class='ocrx_word' id='word_1_468' title='bbox 2562 2167 2772 2234; x_wconf 77' lang='grc' dir='ltr'>ἀνδρῶν</span> <span class='ocrx_word' id='word_1_469' title='bbox 2806 2167 2987 2220; x_wconf 80' lang='grc' dir='ltr'>αὐτῶν</span> <span class='ocrx_word' id='word_1_470' title='bbox 3023 2183 3038 2198; x_wconf 69' lang='grc' dir='ltr'><strong>θ</strong></span> <span class='ocrx_word' id='word_1_471' title='bbox 3069 2167 3232 2220; x_wconf 80' lang='grc' dir='ltr'>τοῦτο</span> <span class='ocrx_word' id='word_1_472' title='bbox 3259 2167 3382 2238; x_wconf 75' lang='grc' dir='ltr'><strong>γὰρ</strong></span> <span class='ocrx_word' id='word_1_473' title='bbox 3413 2166 3513 2219; x_wconf 81' lang='grc' dir='ltr'><strong>καὶ</strong></span> <span class='ocrx_word' id='word_1_474' title='bbox 3561 2167 3618 2219; x_wconf 78' lang='grc' dir='ltr'><strong>αἱ</strong></span> <span class='ocrx_word' id='word_1_475' title='bbox 3648 2182 3764 2218; x_wconf 83' lang='grc' dir='ltr'>νεα-</span> 
     </span>
    </p>
   </div>
   <div class='ocr_carea' id='block_1_68' title="bbox 2189 2257 3769 2330">
    <p class='ocr_par' dir='ltr' id='par_1_68' title="bbox 2189 2257 3769 2330">
     <span class='ocr_line' id='line_1_68' title="bbox 2189 2257 3769 2330; baseline -0.001 -21"><span class='ocrx_word' id='word_1_476' title='bbox 2189 2259 2285 2328; x_wconf 58' lang='grc' dir='ltr'>ραδ.</span> <span class='ocrx_word' id='word_1_477' title='bbox 2323 2257 2794 2329; x_wconf 81' lang='grc' dir='ltr'>παρακελεύονται</span> <span class='ocrx_word' id='word_1_478' title='bbox 2833 2258 2963 2330; x_wconf 79' lang='grc' dir='ltr'>’τὴν</span> <span class='ocrx_word' id='word_1_479' title='bbox 2983 2259 3038 2313; x_wconf 84' lang='grc' dir='ltr'>δὲ</span> <span class='ocrx_word' id='word_1_480' title='bbox 3074 2263 3324 2327; x_wconf 86' lang='grc' dir='ltr'>γυναῖκα</span> <span class='ocrx_word' id='word_1_481' title='bbox 3370 2257 3474 2312; x_wconf 81' lang='grc' dir='ltr'>τοῦ</span> <span class='ocrx_word' id='word_1_482' title='bbox 3509 2259 3769 2329; x_wconf 58' lang='grc' dir='ltr'>στρατιιῖι-</span> 
     </span>
    </p>
   </div>
   <div class='ocr_carea' id='block_1_69' title="bbox 2185 2349 3764 2424">
    <p class='ocr_par' dir='ltr' id='par_1_69' title="bbox 2185 2349 3764 2424">
     <span class='ocr_line' id='line_1_69' title="bbox 2185 2349 3764 2424; baseline 0 -22"><span class='ocrx_word' id='word_1_483' title='bbox 2185 2366 2283 2402; x_wconf 88' lang='grc' dir='ltr'><strong>του</strong></span> <span class='ocrx_word' id='word_1_484' title='bbox 2318 2351 2392 2419; x_wconf 78' lang='grc' dir='ltr'>μὴ</span> <span class='ocrx_word' id='word_1_485' title='bbox 2419 2349 2562 2402; x_wconf 88' lang='grc' dir='ltr'>κατά</span> <span class='ocrx_word' id='word_1_486' title='bbox 2593 2351 2695 2419; x_wconf 77' lang='grc' dir='ltr'>τὴν</span> <span class='ocrx_word' id='word_1_487' title='bbox 2717 2351 3009 2422; x_wconf 79' lang='grc' dir='ltr'>περίληψιν</span> <span class='ocrx_word' id='word_1_488' title='bbox 3035 2351 3132 2422; x_wconf 82' lang='grc' dir='ltr'>τῆς</span> <span class='ocrx_word' id='word_1_489' title='bbox 3161 2355 3372 2424; x_wconf 81' lang='grc' dir='ltr'>νεαρᾶς</span> <span class='ocrx_word' id='word_1_490' title='bbox 3402 2355 3764 2423; x_wconf 72' lang='grc' dir='ltr'>γαμηθεῖσαν,</span> 
     </span>
    </p>
   </div>
   <div class='ocr_carea' id='block_1_70' title="bbox 2189 2443 3767 2517">
    <p class='ocr_par' dir='ltr' id='par_1_70' title="bbox 2189 2443 3767 2517">
     <span class='ocr_line' id='line_1_70' title="bbox 2189 2443 3767 2517; baseline 0.001 -23"><span class='ocrx_word' id='word_1_491' title='bbox 2189 2444 2518 2512; x_wconf 75' lang='grc' dir='ltr'>συγγνώμης</span> <span class='ocrx_word' id='word_1_492' title='bbox 2573 2443 2672 2495; x_wconf 78' lang='grc' dir='ltr'>οὐκ</span> <span class='ocrx_word' id='word_1_493' title='bbox 2722 2444 3057 2514; x_wconf 79' lang='grc' dir='ltr'>ἀξιώσομεν,</span> <span class='ocrx_word' id='word_1_494' title='bbox 3121 2445 3316 2517; x_wconf 82' lang='grc' dir='ltr'>ὥσπερ</span> <span class='ocrx_word' id='word_1_495' title='bbox 3380 2448 3532 2500; x_wconf 84' lang='grc' dir='ltr'>κατὰ</span> <span class='ocrx_word' id='word_1_496' title='bbox 3575 2445 3767 2512; x_wconf 68' lang='grc' dir='ltr'>ταύτην</span> 
     </span>
    </p>
   </div>
   <div class='ocr_carea' id='block_1_71' title="bbox 2187 2533 3765 2608">
    <p class='ocr_par' dir='ltr' id='par_1_71' title="bbox 2187 2533 3765 2608">
     <span class='ocr_line' id='line_1_71' title="bbox 2187 2533 3765 2608; baseline 0.002 -23"><span class='ocrx_word' id='word_1_497' title='bbox 2187 2533 2497 2602; x_wconf 74' lang='grc' dir='ltr'>ποιήσασαν</span> <span class='ocrx_word' id='word_1_498' title='bbox 2551 2533 2651 2586; x_wconf 83' lang='grc' dir='ltr'>οὐκ</span> <span class='ocrx_word' id='word_1_499' title='bbox 2715 2534 3100 2605; x_wconf 77' lang='grc' dir='ltr'>αἰτιασόμεθα.</span> <span class='ocrx_word' id='word_1_500' title='bbox 3151 2537 3224 2590; x_wconf 81' lang='grc' dir='ltr'>Τὸ</span> <span class='ocrx_word' id='word_1_501' title='bbox 3305 2535 3665 2608; x_wconf 78' lang='grc' dir='ltr'>μέντοιεχειν</span> <span class='ocrx_word' id='word_1_502' title='bbox 3688 2537 3765 2590; x_wconf 80' lang='grc' dir='ltr'><strong>ἐπ’</strong></span> 
     </span>
    </p>
   </div>
   <div class='ocr_carea' id='block_1_72' title="bbox 2188 2624 3766 2700">
    <p class='ocr_par' dir='ltr' id='par_1_72' title="bbox 2188 2624 3766 2700">
     <span class='ocr_line' id='line_1_72' title="bbox 2188 2624 3766 2700; baseline 0.001 -22"><span class='ocrx_word' id='word_1_503' title='bbox 2188 2624 2374 2686; x_wconf 83' lang='grc' dir='ltr'>ἀδείας</span> <span class='ocrx_word' id='word_1_504' title='bbox 2425 2626 2548 2688; x_wconf 69' lang='grc' dir='ltr'>τοὺς</span> <span class='ocrx_word' id='word_1_505' title='bbox 2584 2625 2787 2695; x_wconf 79' lang='grc' dir='ltr'>ἄνδρας</span> <span class='ocrx_word' id='word_1_506' title='bbox 2843 2628 3036 2680; x_wconf 83' lang='grc' dir='ltr'>πασῶν</span> <span class='ocrx_word' id='word_1_507' title='bbox 3079 2629 3188 2681; x_wconf 88' lang='grc' dir='ltr'><strong>τῶν</strong></span> <span class='ocrx_word' id='word_1_508' title='bbox 3236 2629 3638 2700; x_wconf 86' lang='grc' dir='ltr'>μοιχευθεισῶν</span> <span class='ocrx_word' id='word_1_509' title='bbox 3679 2646 3766 2696; x_wconf 80' lang='grc' dir='ltr'>γυ-</span> 
     </span>
    </p>
   </div>
   <div class='ocr_carea' id='block_1_73' title="bbox 2198 2717 3764 2793">
    <p class='ocr_par' dir='ltr' id='par_1_73' title="bbox 2198 2717 3764 2793">
     <span class='ocr_line' id='line_1_73' title="bbox 2198 2717 3764 2793; baseline -0.001 -20"><span class='ocrx_word' id='word_1_510' title='bbox 2198 2717 2403 2773; x_wconf 83' lang='grc' dir='ltr'>ναικῶν</span> <span class='ocrx_word' id='word_1_511' title='bbox 2433 2717 2909 2786; x_wconf 67' lang='grc' dir='ltr'>ἀναὲαμὸάνεσθαι</span> <span class='ocrx_word' id='word_1_512' title='bbox 2939 2720 3106 2783; x_wconf 80' lang='grc' dir='ltr'>αὐτὰς</span> <span class='ocrx_word' id='word_1_513' title='bbox 3161 2723 3253 2775; x_wconf 86' lang='grc' dir='ltr'>καὶ</span> <span class='ocrx_word' id='word_1_514' title='bbox 3289 2724 3438 2791; x_wconf 82' lang='grc' dir='ltr'>μετὰ</span> <span class='ocrx_word' id='word_1_515' title='bbox 3496 2721 3596 2793; x_wconf 82' lang='grc' dir='ltr'>τὴν</span> <span class='ocrx_word' id='word_1_516' title='bbox 3648 2725 3764 2774; x_wconf 72' lang='grc' dir='ltr'>ὺπςν</span> 
     </span>
    </p>
   </div>
   <div class='ocr_carea' id='block_1_74' title="bbox 2189 2811 3760 2884">
    <p class='ocr_par' dir='ltr' id='par_1_74' title="bbox 2189 2811 3760 2884">
     <span class='ocr_line' id='line_1_74' title="bbox 2189 2811 3760 2884; baseline 0.001 -22"><span class='ocrx_word' id='word_1_517' title='bbox 2189 2811 2430 2880; x_wconf 81' lang='grc' dir='ltr'>στροφὴν</span> <span class='ocrx_word' id='word_1_518' title='bbox 2451 2811 2646 2874; x_wconf 82' lang='grc' dir='ltr'>κοινῶς</span> <span class='ocrx_word' id='word_1_519' title='bbox 2673 2811 2816 2872; x_wconf 78' lang='grc' dir='ltr'>εἰπὲ,</span> <span class='ocrx_word' id='word_1_520' title='bbox 2843 2811 2936 2864; x_wconf 76' lang='grc' dir='ltr'>καὶ</span> <span class='ocrx_word' id='word_1_521' title='bbox 2967 2813 3041 2882; x_wconf 86' lang='grc' dir='ltr'>μὴ</span> <span class='ocrx_word' id='word_1_522' title='bbox 3075 2813 3168 2871; x_wconf 73' lang='grc' dir='ltr'><strong>ἐπὶ</strong></span> <span class='ocrx_word' id='word_1_523' title='bbox 3198 2814 3373 2883; x_wconf 73' lang='grc' dir='ltr'>μόνης</span> <span class='ocrx_word' id='word_1_524' title='bbox 3423 2813 3528 2884; x_wconf 84' lang='grc' dir='ltr'><strong>τῆς</strong></span> <span class='ocrx_word' id='word_1_525' title='bbox 3581 2832 3760 2883; x_wconf 73' lang='grc' dir='ltr'>γυναι-</span> 
     </span>
    </p>
   </div>
   <div class='ocr_carea' id='block_1_75' title="bbox 2190 2902 3758 2979">
    <p class='ocr_par' dir='ltr' id='par_1_75' title="bbox 2190 2902 3758 2979">
     <span class='ocr_line' id='line_1_75' title="bbox 2190 2902 3758 2979; baseline 0.002 -23"><span class='ocrx_word' id='word_1_526' title='bbox 2190 2903 2283 2966; x_wconf 70' lang='grc' dir='ltr'><strong>κὸς</strong></span> <span class='ocrx_word' id='word_1_527' title='bbox 2309 2902 2406 2956; x_wconf 80' lang='grc' dir='ltr'><strong>τοῦ</strong></span> <span class='ocrx_word' id='word_1_528' title='bbox 2441 2903 2775 2974; x_wconf 85' lang='grc' dir='ltr'>στρατιώτου</span> <span class='ocrx_word' id='word_1_529' title='bbox 2813 2905 2958 2960; x_wconf 82' lang='grc' dir='ltr'><strong>κατὰ</strong></span> <span class='ocrx_word' id='word_1_530' title='bbox 3005 2907 3105 2978; x_wconf 82' lang='grc' dir='ltr'>τὴν</span> <span class='ocrx_word' id='word_1_531' title='bbox 3178 2907 3482 2979; x_wconf 69' lang='grc' dir='ltr'>περίληψιν</span> <span class='ocrx_word' id='word_1_532' title='bbox 3531 2909 3630 2976; x_wconf 79' lang='grc' dir='ltr'>τῆς</span> <span class='ocrx_word' id='word_1_533' title='bbox 3669 2910 3758 2978; x_wconf 78' lang='grc' dir='ltr'><strong>ρη-</strong></span> 
     </span>
    </p>
   </div>
   <div class='ocr_carea' id='block_1_76' title="bbox 2191 2991 3765 3071">
    <p class='ocr_par' dir='ltr' id='par_1_76' title="bbox 2191 2991 3765 3071">
     <span class='ocr_line' id='line_1_76' title="bbox 2191 2991 3765 3071; baseline 0.005 -27"><span class='ocrx_word' id='word_1_534' title='bbox 2191 2991 2380 3062; x_wconf 78' lang='grc' dir='ltr'>θείσης</span> <span class='ocrx_word' id='word_1_535' title='bbox 2413 2992 2516 3063; x_wconf 56' lang='lat' dir='ltr'><strong>pii,&quot;</strong></span> <span class='ocrx_word' id='word_1_536' title='bbox 2557 2996 2781 3066; x_wconf 83' lang='grc' dir='ltr'>νεαρᾶς,</span> <span class='ocrx_word' id='word_1_537' title='bbox 2836 2997 2938 3066; x_wconf 85' lang='grc' dir='ltr'>τῆς</span> <span class='ocrx_word' id='word_1_538' title='bbox 2969 2997 3401 3071; x_wconf 79' lang='grc' dir='ltr'>συνοψισθείσης</span> <span class='ocrx_word' id='word_1_539' title='bbox 3443 3004 3503 3054; x_wconf 83' lang='grc' dir='ltr'>ὲν</span> <span class='ocrx_word' id='word_1_540' title='bbox 3573 3016 3765 3070; x_wconf 41' lang='lat' dir='ltr'><strong>used,</strong></span> 
     </span>
    </p>
   </div>
   <div class='ocr_carea' id='block_1_77' title="bbox 2187 3085 3755 3161">
    <p class='ocr_par' dir='ltr' id='par_1_77' title="bbox 2187 3085 3755 3161">
     <span class='ocr_line' id='line_1_77' title="bbox 2187 3085 3755 3161; baseline 0.003 -23"><span class='ocrx_word' id='word_1_541' title='bbox 2187 3085 2282 3139; x_wconf 83' lang='grc' dir='ltr'><strong>τοῦ</strong></span> <span class='ocrx_word' id='word_1_542' title='bbox 2313 3092 2384 3153; x_wconf 85' lang='grc' dir='ltr'>ιγ’</span> <span class='ocrx_word' id='word_1_543' title='bbox 2412 3087 2516 3143; x_wconf 82' lang='grc' dir='ltr'><strong>τίτ.</strong></span> <span class='ocrx_word' id='word_1_544' title='bbox 2544 3086 2641 3140; x_wconf 78' lang='grc' dir='ltr'>τοῦ</span> <span class='ocrx_word' id='word_1_545' title='bbox 2680 3088 2951 3158; x_wconf 83' lang='grc' dir='ltr'>παρόντος</span> <span class='ocrx_word' id='word_1_546' title='bbox 2972 3092 3380 3161; x_wconf 73' lang='grc' dir='ltr'>συντάγματος.</span> <span class='ocrx_word' id='word_1_547' title='bbox 3456 3093 3609 3144; x_wconf 78' lang='grc' dir='ltr'>Ἐπεὶ</span> <span class='ocrx_word' id='word_1_548' title='bbox 3640 3093 3691 3144; x_wconf 82' lang='grc' dir='ltr'>δὲ</span> <span class='ocrx_word' id='word_1_549' title='bbox 3731 3102 3755 3143; x_wconf 86' lang='grc' dir='ltr'><strong>ο</strong></span> 
     </span>
    </p>
   </div>
   <div class='ocr_carea' id='block_1_78' title="bbox 2191 3177 3757 3254">
    <p class='ocr_par' dir='ltr' id='par_1_78' title="bbox 2191 3177 3757 3254">
     <span class='ocr_line' id='line_1_78' title="bbox 2191 3177 3757 3254; baseline 0.003 -23"><span class='ocrx_word' id='word_1_550' title='bbox 2191 3177 2374 3234; x_wconf 84' lang='grc' dir='ltr'>κανὼν</span> <span class='ocrx_word' id='word_1_551' title='bbox 2407 3179 2506 3248; x_wconf 80' lang='grc' dir='ltr'>μὲν</span> <span class='ocrx_word' id='word_1_552' title='bbox 2545 3182 2676 3250; x_wconf 74' lang='grc' dir='ltr'>περὶ</span> <span class='ocrx_word' id='word_1_553' title='bbox 2701 3181 3056 3252; x_wconf 70' lang='grc' dir='ltr'>αἰχμαλώτου</span> <span class='ocrx_word' id='word_1_554' title='bbox 3093 3185 3247 3236; x_wconf 78' lang='grc' dir='ltr'>οὐδέν</span> <span class='ocrx_word' id='word_1_555' title='bbox 3287 3203 3344 3237; x_wconf 90' lang='grc' dir='ltr'><strong>τι</strong></span> <span class='ocrx_word' id='word_1_556' title='bbox 3408 3185 3757 3254; x_wconf 71' lang='grc' dir='ltr'>ὲθεσμοθέτῃ-</span> 
     </span>
    </p>
   </div>
   <div class='ocr_carea' id='block_1_79' title="bbox 2193 3268 3752 3349">
    <p class='ocr_par' dir='ltr' id='par_1_79' title="bbox 2193 3268 3752 3349">
     <span class='ocr_line' id='line_1_79' title="bbox 2193 3268 3752 3349; baseline 0.002 -27"><span class='ocrx_word' id='word_1_557' title='bbox 2193 3271 2349 3340; x_wconf 76' lang='grc' dir='ltr'>οεν,ή</span> <span class='ocrx_word' id='word_1_558' title='bbox 2382 3268 2823 3349; x_wconf 75' lang='grc' dir='ltr'>δὲδιαληφθείσα</span> <span class='ocrx_word' id='word_1_559' title='bbox 2887 3272 3324 3338; x_wconf 80' lang='grc' dir='ltr'>’1ουστινιάνειος</span> <span class='ocrx_word' id='word_1_560' title='bbox 3371 3277 3546 3346; x_wconf 82' lang='grc' dir='ltr'>νεαρὰ</span> <span class='ocrx_word' id='word_1_561' title='bbox 3599 3277 3752 3342; x_wconf 65' lang='lat' dir='ltr'><strong>Empi-</strong></span> 
     </span>
    </p>
   </div>
   <div class='ocr_carea' id='block_1_80' title="bbox 2191 3361 3751 3439">
    <p class='ocr_par' dir='ltr' id='par_1_80' title="bbox 2191 3361 3751 3439">
     <span class='ocr_line' id='line_1_80' title="bbox 2191 3361 3751 3439; baseline 0.002 -24"><span class='ocrx_word' id='word_1_562' title='bbox 2191 3361 2342 3427; x_wconf 78' lang='grc' dir='ltr'>ζεται</span> <span class='ocrx_word' id='word_1_563' title='bbox 2370 3364 2460 3416; x_wconf 73' lang='grc' dir='ltr'><strong>ἐπὶ</strong></span> <span class='ocrx_word' id='word_1_564' title='bbox 2476 3365 2746 3435; x_wconf 72' lang='grc' dir='ltr'>πενταετῆ</span> <span class='ocrx_word' id='word_1_565' title='bbox 2784 3368 2980 3438; x_wconf 81' lang='grc' dir='ltr'>καιρὸν</span> <span class='ocrx_word' id='word_1_566' title='bbox 3025 3370 3323 3438; x_wconf 82' lang='grc' dir='ltr'>ἀναμένειν</span> <span class='ocrx_word' id='word_1_567' title='bbox 3358 3372 3420 3422; x_wconf 54' lang='lat' dir='ltr'><strong>re</strong></span> <span class='ocrx_word' id='word_1_568' title='bbox 3452 3370 3751 3439; x_wconf 61' lang='grc' dir='ltr'>ὑποληφθὲν</span> 
     </span>
    </p>
   </div>
   <div class='ocr_carea' id='block_1_81' title="bbox 2195 3455 3751 3532">
    <p class='ocr_par' dir='ltr' id='par_1_81' title="bbox 2195 3455 3751 3532">
     <span class='ocr_line' id='line_1_81' title="bbox 2195 3455 3751 3532; baseline 0.004 -26"><span class='ocrx_word' id='word_1_569' title='bbox 2195 3456 2360 3526; x_wconf 80' lang='grc' dir='ltr'>μέρος</span> <span class='ocrx_word' id='word_1_570' title='bbox 2382 3455 2688 3527; x_wconf 81' lang='grc' dir='ltr'>ἐλεύθερον,</span> <span class='ocrx_word' id='word_1_571' title='bbox 2723 3458 2813 3512; x_wconf 76' lang='grc' dir='ltr'><strong>καὶ</strong></span> <span class='ocrx_word' id='word_1_572' title='bbox 2837 3457 3007 3520; x_wconf 80' lang='grc' dir='ltr'>οὕτως</span> <span class='ocrx_word' id='word_1_573' title='bbox 3039 3461 3540 3532; x_wconf 83' lang='grc' dir='ltr'>ἁποκριματίστως</span> <span class='ocrx_word' id='word_1_574' title='bbox 3583 3465 3751 3532; x_wconf 77' lang='grc' dir='ltr'>ἕτερον</span> 
     </span>
    </p>
   </div>
   <div class='ocr_carea' id='block_1_82' title="bbox 2191 3542 3748 3624">
    <p class='ocr_par' dir='ltr' id='par_1_82' title="bbox 2191 3542 3748 3624">
     <span class='ocr_line' id='line_1_82' title="bbox 2191 3542 3748 3624; baseline 0.001 -24"><span class='ocrx_word' id='word_1_575' title='bbox 2191 3547 2526 3601; x_wconf 83' lang='grc' dir='ltr'>συνοικὲσιον</span> <span class='ocrx_word' id='word_1_576' title='bbox 2552 3551 2810 3619; x_wconf 82' lang='grc' dir='ltr'>συνιστᾷν</span> <span class='ocrx_word' id='word_1_577' title='bbox 2847 3565 2862 3580; x_wconf 83' lang='grc'>⁶</span> <span class='ocrx_word' id='word_1_578' title='bbox 2891 3542 2936 3618; x_wconf 85' lang='grc' dir='ltr'>ᾧ</span> <span class='ocrx_word' id='word_1_579' title='bbox 2960 3549 3100 3620; x_wconf 82' lang='grc' dir='ltr'>δῆτα</span> <span class='ocrx_word' id='word_1_580' title='bbox 3157 3551 3436 3624; x_wconf 81' lang='grc' dir='ltr'>διορισμῷ</span> <span class='ocrx_word' id='word_1_581' title='bbox 3484 3551 3748 3606; x_wconf 70' lang='grc' dir='ltr'>ἐναντιοῦ-</span> 
     </span>
    </p>
   </div>
   <div class='ocr_carea' id='block_1_83' title="bbox 2189 3636 3749 3714">
    <p class='ocr_par' dir='ltr' id='par_1_83' title="bbox 2189 3636 3749 3714">
     <span class='ocr_line' id='line_1_83' title="bbox 2189 3636 3749 3714; baseline -0.004 -17"><span class='ocrx_word' id='word_1_582' title='bbox 2189 3636 2440 3710; x_wconf 73' lang='grc' dir='ltr'>τιιήλγ’</span> <span class='ocrx_word' id='word_1_583' title='bbox 2473 3643 2643 3711; x_wconf 79' lang='grc' dir='ltr'>νεαρὰ</span> <span class='ocrx_word' id='word_1_584' title='bbox 2675 3643 2768 3695; x_wconf 77' lang='grc' dir='ltr'>τοῦ</span> <span class='ocrx_word' id='word_1_585' title='bbox 2824 3642 3091 3713; x_wconf 82' lang='grc' dir='ltr'>βασιλέως</span> <span class='ocrx_word' id='word_1_586' title='bbox 3143 3646 3313 3714; x_wconf 78' lang='grc' dir='ltr'>κυροῦ</span> <span class='ocrx_word' id='word_1_587' title='bbox 3377 3648 3609 3709; x_wconf 72' lang='grc' dir='ltr'>Λέατος</span> <span class='ocrx_word' id='word_1_588' title='bbox 3663 3643 3749 3697; x_wconf 78' lang='grc' dir='ltr'>τοῦ</span> 
     </span>
    </p>
   </div>
   <div class='ocr_carea' id='block_1_84' title="bbox 2191 3731 3743 3800">
    <p class='ocr_par' dir='ltr' id='par_1_84' title="bbox 2191 3731 3743 3800">
     <span class='ocr_line' id='line_1_84' title="bbox 2191 3731 3743 3800; baseline 0.003 -18"><span class='ocrx_word' id='word_1_589' title='bbox 2191 3731 2388 3799; x_wconf 83' lang='grc' dir='ltr'>Σοφοῦ,</span> <span class='ocrx_word' id='word_1_590' title='bbox 2423 3732 2653 3800; x_wconf 78' lang='grc' dir='ltr'>λέγουσα</span> <span class='ocrx_word' id='word_1_591' title='bbox 2687 3733 3071 3799; x_wconf 82' lang='grc' dir='ltr'>ἁδιαστίκτως,</span> <span class='ocrx_word' id='word_1_592' title='bbox 3098 3737 3496 3792; x_wconf 80' lang='grc' dir='ltr'>ἀνακαλεῖσθαι</span> <span class='ocrx_word' id='word_1_593' title='bbox 3546 3741 3626 3790; x_wconf 65' lang='grc' dir='ltr'><strong>ἀεὶ</strong></span> <span class='ocrx_word' id='word_1_594' title='bbox 3665 3742 3743 3789; x_wconf 53' lang='grc' dir='ltr'>τὴν</span> 
     </span>
    </p>
   </div>
   <div class='ocr_carea' id='block_1_85' title="bbox 2190 3826 3743 3903">
    <p class='ocr_par' dir='ltr' id='par_1_85' title="bbox 2190 3826 3743 3903">
     <span class='ocr_line' id='line_1_85' title="bbox 2190 3826 3743 3903; baseline 0.001 -24"><span class='ocrx_word' id='word_1_595' title='bbox 2190 3826 2609 3898; x_wconf 70' lang='grc' dir='ltr'>ὑποστρέψαντα</span> <span class='ocrx_word' id='word_1_596' title='bbox 2635 3829 2982 3897; x_wconf 71' lang='grc' dir='ltr'>αἰχμάλωτον</span> <span class='ocrx_word' id='word_1_597' title='bbox 3014 3830 3074 3881; x_wconf 77' lang='grc' dir='ltr'>τὸ</span> <span class='ocrx_word' id='word_1_598' title='bbox 3107 3831 3312 3883; x_wconf 76' lang='grc' dir='ltr'>οἰκεῖον</span> <span class='ocrx_word' id='word_1_599' title='bbox 3381 3831 3547 3903; x_wconf 72' lang='grc' dir='ltr'>μέλος</span> <span class='ocrx_word' id='word_1_600' title='bbox 3575 3847 3590 3863; x_wconf 79' lang='grc' dir='ltr'><strong><em>ο</em></strong></span> <span class='ocrx_word' id='word_1_601' title='bbox 3637 3831 3743 3882; x_wconf 77' lang='grc' dir='ltr'>εἰπὲ</span> 
     </span>
    </p>
   </div>
   <div class='ocr_carea' id='block_1_86' title="bbox 2187 3919 3743 3995">
    <p class='ocr_par' dir='ltr' id='par_1_86' title="bbox 2187 3919 3743 3995">
     <span class='ocr_line' id='line_1_86' title="bbox 2187 3919 3743 3995; baseline 0.002 -23"><span class='ocrx_word' id='word_1_602' title='bbox 2187 3920 2270 3973; x_wconf 80' lang='grc' dir='ltr'>ὅτι</span> <span class='ocrx_word' id='word_1_603' title='bbox 2305 3919 2373 3972; x_wconf 84' lang='grc' dir='ltr'>τὰ</span> <span class='ocrx_word' id='word_1_604' title='bbox 2427 3923 2529 3990; x_wconf 79' lang='grc' dir='ltr'>τῆς</span> <span class='ocrx_word' id='word_1_605' title='bbox 2600 3921 3036 3979; x_wconf 82' lang='grc' dir='ltr'>’1ουστινιανείου</span> <span class='ocrx_word' id='word_1_606' title='bbox 3097 3924 3301 3993; x_wconf 79' lang='grc' dir='ltr'>νεαρᾶς</span> <span class='ocrx_word' id='word_1_607' title='bbox 3373 3924 3743 3995; x_wconf 68' lang='grc' dir='ltr'>ὴπράκτησαν,</span> 
     </span>
    </p>
   </div>
   <div class='ocr_carea' id='block_1_87' title="bbox 2190 4012 3744 4087">
    <p class='ocr_par' dir='ltr' id='par_1_87' title="bbox 2190 4012 3744 4087">
     <span class='ocr_line' id='line_1_87' title="bbox 2190 4012 3744 4087; baseline -0.001 -22"><span class='ocrx_word' id='word_1_608' title='bbox 2190 4012 2548 4083; x_wconf 69' lang='grc' dir='ltr'>ἀναιρεθέντα</span> <span class='ocrx_word' id='word_1_609' title='bbox 2583 4012 2688 4064; x_wconf 76' lang='grc' dir='ltr'>ὑπὸ</span> <span class='ocrx_word' id='word_1_610' title='bbox 2713 4013 2811 4084; x_wconf 77' lang='grc' dir='ltr'>τῆς</span> <span class='ocrx_word' id='word_1_611' title='bbox 2855 4013 3118 4084; x_wconf 79' lang='grc' dir='ltr'>ρηθείσης</span> <span class='ocrx_word' id='word_1_612' title='bbox 3171 4015 3285 4085; x_wconf 86' lang='grc' dir='ltr'>ρλγ’</span> <span class='ocrx_word' id='word_1_613' title='bbox 3311 4019 3515 4087; x_wconf 82' lang='grc' dir='ltr'>νεαρᾶς</span> <span class='ocrx_word' id='word_1_614' title='bbox 3542 4015 3631 4067; x_wconf 83' lang='grc' dir='ltr'>τοῦ</span> <span class='ocrx_word' id='word_1_615' title='bbox 3657 4016 3744 4083; x_wconf 60' lang='lat'><strong>,3;-</strong></span> 
     </span>
    </p>
   </div>
   <div class='ocr_carea' id='block_1_88' title="bbox 2191 4103 3741 4176">
    <p class='ocr_par' dir='ltr' id='par_1_88' title="bbox 2191 4103 3741 4176">
     <span class='ocr_line' id='line_1_88' title="bbox 2191 4103 3741 4176; baseline 0.004 -20"><span class='ocrx_word' id='word_1_616' title='bbox 2191 4103 2382 4166; x_wconf 84' lang='grc' dir='ltr'>σιλέως</span> <span class='ocrx_word' id='word_1_617' title='bbox 2440 4103 2609 4176; x_wconf 65' lang='grc' dir='ltr'>κυρςῦ</span> <span class='ocrx_word' id='word_1_618' title='bbox 2631 4104 2858 4168; x_wconf 85' lang='grc' dir='ltr'>Λέοντος</span> <span class='ocrx_word' id='word_1_619' title='bbox 2887 4103 2982 4159; x_wconf 78' lang='grc' dir='ltr'>τοῦ</span> <span class='ocrx_word' id='word_1_620' title='bbox 3001 4105 3195 4174; x_wconf 81' lang='grc' dir='ltr'><strong>Σοφοῦ.</strong></span> <span class='ocrx_word' id='word_1_621' title='bbox 3269 4108 3396 4162; x_wconf 77' lang='grc' dir='ltr'><strong>Ἐπὶ</strong></span> <span class='ocrx_word' id='word_1_622' title='bbox 3433 4109 3639 4167; x_wconf 76' lang='grc' dir='ltr'>τούτοις</span> <span class='ocrx_word' id='word_1_623' title='bbox 3676 4108 3741 4173; x_wconf 72' lang='grc' dir='ltr'>μὴ</span> 
     </span>
    </p>
   </div>
   <div class='ocr_carea' id='block_1_89' title="bbox 2190 4192 3742 4271">
    <p class='ocr_par' dir='ltr' id='par_1_89' title="bbox 2190 4192 3742 4271">
     <span class='ocr_line' id='line_1_89' title="bbox 2190 4192 3742 4271; baseline 0.003 -25"><span class='ocrx_word' id='word_1_624' title='bbox 2190 4192 2490 4263; x_wconf 72' lang='grc' dir='ltr'>ἐναντιωθῇ</span> <span class='ocrx_word' id='word_1_625' title='bbox 2559 4210 2644 4248; x_wconf 89' lang='grc' dir='ltr'><strong>σοι</strong></span> <span class='ocrx_word' id='word_1_626' title='bbox 2686 4193 2748 4246; x_wconf 85' lang='grc' dir='ltr'>τὸ</span> <span class='ocrx_word' id='word_1_627' title='bbox 2797 4196 3270 4264; x_wconf 84' lang='grc' dir='ltr'>παρατελευταίον</span> <span class='ocrx_word' id='word_1_628' title='bbox 3321 4197 3466 4271; x_wconf 88' lang='grc' dir='ltr'><strong>Θέμα</strong></span> <span class='ocrx_word' id='word_1_629' title='bbox 3529 4198 3620 4251; x_wconf 82' lang='grc' dir='ltr'>τοῦ</span> <span class='ocrx_word' id='word_1_630' title='bbox 3687 4202 3742 4251; x_wconf 76' lang='grc' dir='ltr'>ια’</span> 
     </span>
    </p>
   </div>
   <div class='ocr_carea' id='block_1_90' title="bbox 2189 4283 3738 4359">
    <p class='ocr_par' dir='ltr' id='par_1_90' title="bbox 2189 4283 3738 4359">
     <span class='ocr_line' id='line_1_90' title="bbox 2189 4283 3738 4359; baseline -0.004 -18"><span class='ocrx_word' id='word_1_631' title='bbox 2189 4285 2408 4354; x_wconf 74' lang='grc' dir='ltr'>κεφ.λζ’</span> <span class='ocrx_word' id='word_1_632' title='bbox 2433 4284 2613 4336; x_wconf 88' lang='grc' dir='ltr'>τίτλου</span> <span class='ocrx_word' id='word_1_633' title='bbox 2639 4285 2730 4338; x_wconf 81' lang='grc' dir='ltr'>τοῦ</span> <span class='ocrx_word' id='word_1_634' title='bbox 2757 4283 2799 4350; x_wconf 75' lang='grc' dir='ltr'><strong>ξ’</strong></span> <span class='ocrx_word' id='word_1_635' title='bbox 2822 4283 2966 4359; x_wconf 81' lang='grc' dir='ltr'>βισλ.</span> <span class='ocrx_word' id='word_1_636' title='bbox 2983 4285 3144 4356; x_wconf 77' lang='grc' dir='ltr'>λέγον</span> <span class='ocrx_word' id='word_1_637' title='bbox 3167 4303 3184 4318; x_wconf 82' lang='grc'><em>’</em></span> <span class='ocrx_word' id='word_1_638' title='bbox 3248 4289 3376 4342; x_wconf 81' lang='grc' dir='ltr'><strong>Ἐὰν</strong></span> <span class='ocrx_word' id='word_1_639' title='bbox 3441 4289 3533 4342; x_wconf 73' lang='grc' dir='ltr'>ἐπὶ</span> <span class='ocrx_word' id='word_1_640' title='bbox 3588 4285 3738 4338; x_wconf 67' lang='grc' dir='ltr'>πολὺν</span> 
     </span>
    </p>
   </div>
   <div class='ocr_carea' id='block_1_91' title="bbox 2190 4375 3737 4450">
    <p class='ocr_par' dir='ltr' id='par_1_91' title="bbox 2190 4375 3737 4450">
     <span class='ocr_line' id='line_1_91' title="bbox 2190 4375 3737 4450; baseline -0.001 -21"><span class='ocrx_word' id='word_1_641' title='bbox 2190 4377 2380 4447; x_wconf 89' lang='grc' dir='ltr'>χρόνον</span> <span class='ocrx_word' id='word_1_642' title='bbox 2407 4375 2811 4444; x_wconf 75' lang='grc' dir='ltr'>ἀπολειφθέντα</span> <span class='ocrx_word' id='word_1_643' title='bbox 2833 4377 2922 4430; x_wconf 82' lang='grc' dir='ltr'>τὸν</span> <span class='ocrx_word' id='word_1_644' title='bbox 2950 4378 3120 4450; x_wconf 82' lang='grc' dir='ltr'>ἄνδρα</span> <span class='ocrx_word' id='word_1_645' title='bbox 3189 4380 3448 4445; x_wconf 85' lang='grc' dir='ltr'>πλαστῶς</span> <span class='ocrx_word' id='word_1_646' title='bbox 3508 4383 3541 4450; x_wconf 76' lang='grc' dir='ltr'><strong>ἠ</strong></span> <span class='ocrx_word' id='word_1_647' title='bbox 3615 4377 3737 4445; x_wconf 75' lang='grc' dir='ltr'>γυνὴ</span> 
     </span>
    </p>
   </div>
   <div class='ocr_carea' id='block_1_92' title="bbox 513 4465 3736 4548">
    <p class='ocr_par' dir='ltr' id='par_1_92' title="bbox 513 4465 3736 4548">
     <span class='ocr_line' id='line_1_92' title="bbox 513 4465 3736 4548; baseline 0.002 -26"><span class='ocrx_word' id='word_1_648' title='bbox 513 4465 1203 4538; x_wconf 71' lang='grc' dir='ltr'>ἀκούσῃτελευτῆσαι,κιὶ</span> <span class='ocrx_word' id='word_1_649' title='bbox 1233 4468 1601 4540; x_wconf 71' lang='grc' dir='ltr'>πεισθεῖσατῇ</span> <span class='ocrx_word' id='word_1_650' title='bbox 1651 4471 1806 4543; x_wconf 80' lang='grc' dir='ltr'>φήμῃ</span> <span class='ocrx_word' id='word_1_651' title='bbox 1884 4475 2054 4547; x_wconf 78' lang='grc' dir='ltr'>ἑτέρῳ</span> <span class='ocrx_word' id='word_1_652' title='bbox 2092 4477 2320 4548; x_wconf 77' lang='grc' dir='ltr'>γαμηοῇ</span> <span class='ocrx_word' id='word_1_653' title='bbox 2389 4473 2613 4536; x_wconf 76' lang='grc' dir='ltr'>ἀδόλως,</span> <span class='ocrx_word' id='word_1_654' title='bbox 2680 4473 2740 4526; x_wconf 76' lang='grc' dir='ltr'>οὐ</span> <span class='ocrx_word' id='word_1_655' title='bbox 2827 4478 3177 4546; x_wconf 82' lang='grc' dir='ltr'>τιμωρεῖται.</span> <span class='ocrx_word' id='word_1_656' title='bbox 3247 4479 3391 4532; x_wconf 79' lang='grc' dir='ltr'>Ἀλλ’</span> <span class='ocrx_word' id='word_1_657' title='bbox 3441 4477 3560 4532; x_wconf 78' lang='grc' dir='ltr'>εἰπὲ</span> <span class='ocrx_word' id='word_1_658' title='bbox 3610 4470 3736 4527; x_wconf 64' lang='grc' dir='ltr'>εἷνΑ</span> 
     </span>
    </p>
   </div>
   <div class='ocr_carea' id='block_1_93' title="bbox 513 4557 2362 4645">
    <p class='ocr_par' dir='ltr' id='par_1_93' title="bbox 513 4557 2362 4645">
     <span class='ocr_line' id='line_1_93' title="bbox 513 4557 2362 4645; baseline 0.009 -35"><span class='ocrx_word' id='word_1_659' title='bbox 513 4557 673 4617; x_wconf 77' lang='grc' dir='ltr'>τοῦτο</span> <span class='ocrx_word' id='word_1_660' title='bbox 703 4559 988 4627; x_wconf 81' lang='grc' dir='ltr'>διγέστων,</span> <span class='ocrx_word' id='word_1_661' title='bbox 1023 4562 1118 4612; x_wconf 75' lang='grc' dir='ltr'>καὶ</span> <span class='ocrx_word' id='word_1_662' title='bbox 1152 4561 1508 4632; x_wconf 78' lang='grc' dir='ltr'>ἀναιρεθῆναι</span> <span class='ocrx_word' id='word_1_663' title='bbox 1540 4564 1644 4617; x_wconf 76' lang='grc' dir='ltr'><strong>ὑπὸ</strong></span> <span class='ocrx_word' id='word_1_664' title='bbox 1675 4565 1785 4619; x_wconf 90' lang='grc' dir='ltr'><strong>τῶν</strong></span> <span class='ocrx_word' id='word_1_665' title='bbox 1812 4569 2086 4639; x_wconf 76' lang='grc' dir='ltr'>ρηθεισῶν</span> <span class='ocrx_word' id='word_1_666' title='bbox 2126 4573 2362 4645; x_wconf 66' lang='grc' dir='ltr'>νεαρῶν.</span> 
     </span>
    </p>
   </div>
   <div class='ocr_carea' id='block_1_94' title="bbox 587 4653 2080 4740">
    <p class='ocr_par' dir='ltr' id='par_1_94' title="bbox 587 4653 2080 4740">
     <span class='ocr_line' id='line_1_94' title="bbox 587 4653 2080 4740; baseline 0.012 -34"><span class='ocrx_word' id='word_1_667' title='bbox 587 4653 837 4708; x_wconf 54' lang='lat' dir='ltr'><strong>ZONAR.</strong></span> <span class='ocrx_word' id='word_1_668' title='bbox 867 4655 998 4720; x_wconf 69' lang='lat' dir='ltr'><strong>Qua:</strong></span> <span class='ocrx_word' id='word_1_669' title='bbox 1032 4655 1246 4720; x_wconf 83' lang='lat' dir='ltr'><strong>mulier,</strong></span> <span class='ocrx_word' id='word_1_670' title='bbox 1280 4660 1399 4712; x_wconf 85' lang='lat' dir='ltr'><strong>viro</strong></span> <span class='ocrx_word' id='word_1_671' title='bbox 1436 4662 1852 4730; x_wconf 82' lang='lat' dir='ltr'><strong>peregrinante,</strong></span> <span class='ocrx_word' id='word_1_672' title='bbox 1902 4684 2080 4740; x_wconf 86' lang='lat' dir='ltr'><strong>neque</strong></span> 
     </span>
    </p>
   </div>
   <div class='ocr_carea' id='block_1_95' title="bbox 2186 4653 3734 4740">
    <p class='ocr_par' dir='ltr' id='par_1_95' title="bbox 2258 4665 3734 4739">
     <span class='ocr_line' id='line_1_95' title="bbox 2258 4665 3734 4739; baseline -0.001 -18"><span class='ocrx_word' id='word_1_673' title='bbox 2258 4668 2502 4728; x_wconf 77' lang='grc' dir='ltr'><strong>ΖΩΝΑΡ.</strong></span> <span class='ocrx_word' id='word_1_674' title='bbox 2548 4666 2675 4719; x_wconf 76' lang='grc' dir='ltr'><strong>Ἐὰν</strong></span> <span class='ocrx_word' id='word_1_675' title='bbox 2703 4665 2861 4738; x_wconf 81' lang='grc' dir='ltr'>γυνὴ,</span> <span class='ocrx_word' id='word_1_676' title='bbox 2915 4667 3374 4739; x_wconf 75' lang='grc' dir='ltr'>ἀναχωρήσαντος</span> <span class='ocrx_word' id='word_1_677' title='bbox 3421 4669 3514 4722; x_wconf 85' lang='grc' dir='ltr'>τοῦ</span> <span class='ocrx_word' id='word_1_678' title='bbox 3565 4667 3734 4738; x_wconf 74' lang='grc' dir='ltr'>ἀνδρὸς</span> 
     </span>
    </p>
   </div>
   <div class='ocr_carea' id='block_1_96' title="bbox 515 4746 2085 4820">
    <p class='ocr_par' dir='ltr' id='par_1_96' title="bbox 515 4746 2085 4820">
     <span class='ocr_line' id='line_1_96' title="bbox 515 4746 2085 4820; baseline 0.012 -23"><span class='ocrx_word' id='word_1_679' title='bbox 515 4746 682 4816; x_wconf 74' lang='lat' dir='ltr'><strong>longo</strong></span> <span class='ocrx_word' id='word_1_680' title='bbox 731 4749 992 4815; x_wconf 88' lang='lat' dir='ltr'><strong>temporis</strong></span> <span class='ocrx_word' id='word_1_681' title='bbox 1042 4749 1327 4803; x_wconf 86' lang='lat' dir='ltr'><strong>intervallo</strong></span> <span class='ocrx_word' id='word_1_682' title='bbox 1363 4761 1693 4820; x_wconf 85' lang='lat' dir='ltr'><strong>revertente,</strong></span> <span class='ocrx_word' id='word_1_683' title='bbox 1745 4770 1870 4810; x_wconf 90' lang='lat' dir='ltr'><strong>cum</strong></span> <span class='ocrx_word' id='word_1_684' title='bbox 1931 4760 2085 4816; x_wconf 91' lang='lat' dir='ltr'><strong>illum</strong></span> 
     </span>
    </p>
   </div>
   <div class='ocr_carea' id='block_1_97' title="bbox 511 4837 2090 4912">
    <p class='ocr_par' dir='ltr' id='par_1_97' title="bbox 511 4837 2090 4912">
     <span class='ocr_line' id='line_1_97' title="bbox 511 4837 2090 4912; baseline 0.009 -21"><span class='ocrx_word' id='word_1_685' title='bbox 511 4837 822 4892; x_wconf 76' lang='lat' dir='ltr'><strong>decessisse</strong></span> <span class='ocrx_word' id='word_1_686' title='bbox 872 4839 1112 4892; x_wconf 89' lang='lat' dir='ltr'><strong>nondum</strong></span> <span class='ocrx_word' id='word_1_687' title='bbox 1170 4843 1331 4909; x_wconf 85' lang='lat' dir='ltr'><strong>plane</strong></span> <span class='ocrx_word' id='word_1_688' title='bbox 1385 4854 1730 4912; x_wconf 88' lang='lat' dir='ltr'><strong>compertum</strong></span> <span class='ocrx_word' id='word_1_689' title='bbox 1786 4849 1874 4912; x_wconf 92' lang='lat' dir='ltr'><strong>sit,</strong></span> <span class='ocrx_word' id='word_1_690' title='bbox 1933 4852 2090 4906; x_wconf 85' lang='lat' dir='ltr'><strong>alteri</strong></span> 
     </span>
    </p>
   </div>
   <div class='ocr_carea' id='block_1_98' title="bbox 518 4929 2089 5013">
    <p class='ocr_par' dir='ltr' id='par_1_98' title="bbox 518 4929 2089 5013">
     <span class='ocr_line' id='line_1_98' title="bbox 518 4929 2089 5013; baseline 0.014 -35"><span class='ocrx_word' id='word_1_691' title='bbox 518 4929 638 4980; x_wconf 74' lang='lat' dir='ltr'><strong>t&#39;iro</strong></span> <span class='ocrx_word' id='word_1_692' title='bbox 683 4929 973 5013; x_wconf 71' lang='lat' dir='ltr'><strong>nupserit,</strong></span> <span class='ocrx_word' id='word_1_693' title='bbox 1007 4929 1261 4984; x_wconf 80' lang='lat' dir='ltr'><strong>adulterii</strong></span> <span class='ocrx_word' id='word_1_694' title='bbox 1309 4933 1517 4987; x_wconf 87' lang='lat' dir='ltr'><strong>crimen</strong></span> <span class='ocrx_word' id='word_1_695' title='bbox 1556 4936 1816 4994; x_wconf 85' lang='lat' dir='ltr'><strong>admittit.</strong></span> <span class='ocrx_word' id='word_1_696' title='bbox 1861 4940 2089 5000; x_wconf 84' lang='lat' dir='ltr'><strong>Militum</strong></span> 
     </span>
    </p>
   </div>
   <div class='ocr_carea' id='block_1_99' title="bbox 514 5025 2089 5103">
    <p class='ocr_par' dir='ltr' id='par_1_99' title="bbox 514 5025 2089 5103">
     <span class='ocr_line' id='line_1_99' title="bbox 514 5025 2089 5103; baseline 0.012 -31"><span class='ocrx_word' id='word_1_697' title='bbox 514 5035 736 5090; x_wconf 81' lang='lat' dir='ltr'><strong>quoque</strong></span> <span class='ocrx_word' id='word_1_698' title='bbox 767 5036 1006 5084; x_wconf 79' lang='lat' dir='ltr'><strong>uxores,</strong></span> <span class='ocrx_word' id='word_1_699' title='bbox 1064 5026 1110 5077; x_wconf 91' lang='lat' dir='ltr'><strong>si</strong></span> <span class='ocrx_word' id='word_1_700' title='bbox 1159 5025 1293 5079; x_wconf 89' lang='lat' dir='ltr'><strong>viris</strong></span> <span class='ocrx_word' id='word_1_701' title='bbox 1332 5027 1573 5095; x_wconf 86' lang='lat' dir='ltr'><strong>ipsarum</strong></span> <span class='ocrx_word' id='word_1_702' title='bbox 1620 5045 1726 5083; x_wconf 91' lang='lat' dir='ltr'><strong>non</strong></span> <span class='ocrx_word' id='word_1_703' title='bbox 1779 5037 2089 5103; x_wconf 87' lang='lat' dir='ltr'><strong>apparenti-</strong></span> 
     </span>
    </p>
   </div>
   <div class='ocr_carea' id='block_1_100' title="bbox 516 5113 2087 5192">
    <p class='ocr_par' dir='ltr' id='par_1_100' title="bbox 516 5113 2087 5192">
     <span class='ocr_line' id='line_1_100' title="bbox 516 5113 2087 5192; baseline 0.011 -24"><span class='ocrx_word' id='word_1_704' title='bbox 516 5114 623 5168; x_wconf 81' lang='lat' dir='ltr'><strong>bus</strong></span> <span class='ocrx_word' id='word_1_705' title='bbox 665 5113 786 5168; x_wconf 89' lang='lat' dir='ltr'><strong>aliis</strong></span> <span class='ocrx_word' id='word_1_706' title='bbox 840 5116 1146 5184; x_wconf 85' lang='lat' dir='ltr'><strong>nupserint,</strong></span> <span class='ocrx_word' id='word_1_707' title='bbox 1217 5119 1471 5173; x_wconf 77' lang='lat' dir='ltr'><strong>adulterii</strong></span> <span class='ocrx_word' id='word_1_708' title='bbox 1514 5121 1669 5192; x_wconf 83' lang='lat' dir='ltr'><strong>culpa</strong></span> <span class='ocrx_word' id='word_1_709' title='bbox 1717 5141 1824 5179; x_wconf 91' lang='lat' dir='ltr'><strong>non</strong></span> <span class='ocrx_word' id='word_1_710' title='bbox 1874 5141 2087 5188; x_wconf 84' lang='lat' dir='ltr'><strong>vacant.</strong></span> 
     </span>
    </p>
   </div>
   <div class='ocr_carea' id='block_1_101' title="bbox 515 5203 2091 5277">
    <p class='ocr_par' dir='ltr' id='par_1_101' title="bbox 515 5203 2091 5277">
     <span class='ocr_line' id='line_1_101' title="bbox 515 5203 2091 5277; baseline 0.013 -22"><span class='ocrx_word' id='word_1_711' title='bbox 515 5203 734 5269; x_wconf 75' lang='lat' dir='ltr'><strong>Quibus</strong></span> <span class='ocrx_word' id='word_1_712' title='bbox 759 5213 967 5267; x_wconf 85' lang='lat' dir='ltr'><strong>tamen,</strong></span> <span class='ocrx_word' id='word_1_713' title='bbox 1008 5209 1156 5277; x_wconf 88' lang='lat' dir='ltr'><strong>quod</strong></span> <span class='ocrx_word' id='word_1_714' title='bbox 1197 5210 1251 5262; x_wconf 92' lang='lat' dir='ltr'><strong>iu</strong></span> <span class='ocrx_word' id='word_1_715' title='bbox 1292 5212 1464 5267; x_wconf 83' lang='lat' dir='ltr'><strong>milite</strong></span> <span class='ocrx_word' id='word_1_716' title='bbox 1505 5215 1672 5268; x_wconf 87' lang='lat' dir='ltr'><strong>vitam</strong></span> <span class='ocrx_word' id='word_1_717' title='bbox 1710 5217 1852 5272; x_wconf 90' lang='lat' dir='ltr'><strong>inter</strong></span> <span class='ocrx_word' id='word_1_718' title='bbox 1887 5225 2091 5276; x_wconf 78' lang='lat' dir='ltr'><strong>tumul-</strong></span> 
     </span>
    </p>
   </div>
   <div class='ocr_carea' id='block_1_102' title="bbox 515 5293 2089 5373">
    <p class='ocr_par' dir='ltr' id='par_1_102' title="bbox 515 5293 2089 5373">
     <span class='ocr_line' id='line_1_102' title="bbox 515 5293 2089 5373; baseline 0.014 -28"><span class='ocrx_word' id='word_1_719' title='bbox 515 5303 609 5348; x_wconf 80' lang='lat' dir='ltr'><strong>tus</strong></span> <span class='ocrx_word' id='word_1_720' title='bbox 637 5293 900 5348; x_wconf 74' lang='lat' dir='ltr'><strong>bellorum</strong></span> <span class='ocrx_word' id='word_1_721' title='bbox 934 5307 1126 5366; x_wconf 79' lang='lat' dir='ltr'><strong>agente</strong></span> <span class='ocrx_word' id='word_1_722' title='bbox 1161 5301 1353 5354; x_wconf 88' lang='lat' dir='ltr'><strong>mortis</strong></span> <span class='ocrx_word' id='word_1_723' title='bbox 1391 5304 1634 5373; x_wconf 87' lang='lat' dir='ltr'><strong>suspicio</strong></span> <span class='ocrx_word' id='word_1_724' title='bbox 1669 5308 1883 5364; x_wconf 83' lang='lat' dir='ltr'><strong>facilius</strong></span> <span class='ocrx_word' id='word_1_725' title='bbox 1931 5313 2089 5368; x_wconf 77' lang='lat' dir='ltr'><strong>[idem</strong></span> 
     </span>
    </p>
   </div>
   <div class='ocr_carea' id='block_1_103' title="bbox 516 5383 2094 5472">
    <p class='ocr_par' dir='ltr' id='par_1_103' title="bbox 516 5383 2094 5472">
     <span class='ocr_line' id='line_1_103' title="bbox 516 5383 2094 5472; baseline 0.014 -35"><span class='ocrx_word' id='word_1_726' title='bbox 516 5383 788 5452; x_wconf 79' lang='lat' dir='ltr'><strong>inveniat,</strong></span> <span class='ocrx_word' id='word_1_727' title='bbox 837 5384 1140 5444; x_wconf 77' lang='lat' dir='ltr'><strong>faciliorem</strong></span> <span class='ocrx_word' id='word_1_728' title='bbox 1190 5404 1248 5446; x_wconf 91' lang='lat' dir='ltr'><strong>se</strong></span> <span class='ocrx_word' id='word_1_729' title='bbox 1285 5407 1462 5447; x_wconf 79' lang='lat' dir='ltr'><strong>canon</strong></span> <span class='ocrx_word' id='word_1_730' title='bbox 1493 5395 1544 5448; x_wconf 93' lang='lat' dir='ltr'><strong>in</strong></span> <span class='ocrx_word' id='word_1_731' title='bbox 1575 5397 1911 5468; x_wconf 78' lang='lat' dir='ltr'><strong>ignoscendo</strong></span> <span class='ocrx_word' id='word_1_732' title='bbox 1958 5420 2094 5472; x_wconf 73' lang='lat' dir='ltr'><strong>pne-</strong></span> 
     </span>
    </p>
   </div>
   <div class='ocr_carea' id='block_1_104' title="bbox 519 5473 2088 5555">
    <p class='ocr_par' dir='ltr' id='par_1_104' title="bbox 519 5473 2088 5555">
     <span class='ocr_line' id='line_1_104' title="bbox 519 5473 2088 5555; baseline 0.011 -25"><span class='ocrx_word' id='word_1_733' title='bbox 519 5475 630 5530; x_wconf 82' lang='lat' dir='ltr'><strong>bet.</strong></span> <span class='ocrx_word' id='word_1_734' title='bbox 681 5473 756 5527; x_wconf 87' lang='lat' dir='ltr'><strong>De</strong></span> <span class='ocrx_word' id='word_1_735' title='bbox 787 5474 872 5529; x_wconf 89' lang='lat' dir='ltr'><strong>his</strong></span> <span class='ocrx_word' id='word_1_736' title='bbox 911 5486 1088 5532; x_wconf 83' lang='lat' dir='ltr'><strong>autem</strong></span> <span class='ocrx_word' id='word_1_737' title='bbox 1129 5495 1358 5550; x_wconf 74' lang='lat' dir='ltr'><strong>magnus</strong></span> <span class='ocrx_word' id='word_1_738' title='bbox 1383 5500 1601 5555; x_wconf 81' lang='lat' dir='ltr'><strong>quoque</strong></span> <span class='ocrx_word' id='word_1_739' title='bbox 1631 5487 1869 5546; x_wconf 85' lang='lat' dir='ltr'><strong>Basilius</strong></span> <span class='ocrx_word' id='word_1_740' title='bbox 1900 5495 2088 5548; x_wconf 86' lang='lat' dir='ltr'><strong>eodem</strong></span> 
     </span>
    </p>
   </div>
   <div class='ocr_carea' id='block_1_105' title="bbox 513 5556 2086 5654">
    <p class='ocr_par' dir='ltr' id='par_1_105' title="bbox 513 5556 2086 5654">
     <span class='ocr_line' id='line_1_105' title="bbox 513 5556 2086 5654; baseline 0.015 -36"><span class='ocrx_word' id='word_1_741' title='bbox 513 5556 804 5622; x_wconf 69' lang='lat' dir='ltr'><strong>tricesimo</strong></span> <span class='ocrx_word' id='word_1_742' title='bbox 839 5569 1020 5636; x_wconf 88' lang='lat' dir='ltr'><strong>primo</strong></span> <span class='ocrx_word' id='word_1_743' title='bbox 1047 5580 1099 5626; x_wconf 88' lang='lat' dir='ltr'><strong>et</strong></span> <span class='ocrx_word' id='word_1_744' title='bbox 1127 5575 1406 5630; x_wconf 78' lang='lat' dir='ltr'><strong>triCcsimo</strong></span> <span class='ocrx_word' id='word_1_745' title='bbox 1439 5591 1592 5634; x_wconf 79' lang='lat' dir='ltr'><strong>sexto</strong></span> <span class='ocrx_word' id='word_1_746' title='bbox 1623 5597 1836 5638; x_wconf 86' lang='lat' dir='ltr'><strong>canone</strong></span> <span class='ocrx_word' id='word_1_747' title='bbox 1875 5589 2086 5654; x_wconf 87' lang='lat' dir='ltr'><strong>statuit,</strong></span> 
     </span>
    </p>
   </div>
   <div class='ocr_carea' id='block_1_106' title="bbox 521 5658 2088 5745">
    <p class='ocr_par' dir='ltr' id='par_1_106' title="bbox 521 5658 2088 5745">
     <span class='ocr_line' id='line_1_106' title="bbox 521 5658 2088 5745; baseline 0.013 -34"><span class='ocrx_word' id='word_1_748' title='bbox 521 5658 605 5711; x_wconf 73' lang='lat' dir='ltr'><strong>vel</strong></span> <span class='ocrx_word' id='word_1_749' title='bbox 635 5660 816 5726; x_wconf 77' lang='lat' dir='ltr'><strong>potius</strong></span> <span class='ocrx_word' id='word_1_750' title='bbox 845 5659 966 5728; x_wconf 85' lang='lat' dir='ltr'><strong>ejus</strong></span> <span class='ocrx_word' id='word_1_751' title='bbox 996 5675 1237 5719; x_wconf 85' lang='lat' dir='ltr'><strong>canones</strong></span> <span class='ocrx_word' id='word_1_752' title='bbox 1267 5665 1320 5718; x_wconf 93' lang='lat' dir='ltr'><strong>iu</strong></span> <span class='ocrx_word' id='word_1_753' title='bbox 1349 5667 1495 5722; x_wconf 89' lang='lat' dir='ltr'><strong>hunc</strong></span> <span class='ocrx_word' id='word_1_754' title='bbox 1526 5669 1704 5725; x_wconf 90' lang='lat' dir='ltr'><strong>locum</strong></span> <span class='ocrx_word' id='word_1_755' title='bbox 1731 5677 1972 5745; x_wconf 84' lang='lat' dir='ltr'><strong>synodus</strong></span> <span class='ocrx_word' id='word_1_756' title='bbox 2005 5686 2088 5732; x_wconf 86' lang='lat' dir='ltr'><strong>to-</strong></span> 
     </span>
    </p>
   </div>
   <div class='ocr_carea' id='block_1_107' title="bbox 514 5750 2082 5834">
    <p class='ocr_par' dir='ltr' id='par_1_107' title="bbox 514 5750 2082 5834">
     <span class='ocr_line' id='line_1_107' title="bbox 514 5750 2082 5834; baseline 0.014 -32"><span class='ocrx_word' id='word_1_757' title='bbox 514 5750 688 5805; x_wconf 74' lang='lat' dir='ltr'><strong>tidem</strong></span> <span class='ocrx_word' id='word_1_758' title='bbox 713 5750 899 5807; x_wconf 85' lang='lat' dir='ltr'><strong>verbis</strong></span> <span class='ocrx_word' id='word_1_759' title='bbox 929 5757 1228 5812; x_wconf 75' lang='lat' dir='ltr'><strong>transtulit.</strong></span> <span class='ocrx_word' id='word_1_760' title='bbox 1260 5757 1333 5814; x_wconf 87' lang='lat' dir='ltr'><strong>De</strong></span> <span class='ocrx_word' id='word_1_761' title='bbox 1369 5762 1629 5818; x_wconf 79' lang='lat' dir='ltr'><strong>uxoribus</strong></span> <span class='ocrx_word' id='word_1_762' title='bbox 1652 5780 1819 5834; x_wconf 74' lang='lat' dir='ltr'><strong>porro</strong></span> <span class='ocrx_word' id='word_1_763' title='bbox 1850 5771 2082 5825; x_wconf 77' lang='lat' dir='ltr'><strong>militum</strong></span> 
     </span>
    </p>
   </div>
   <div class='ocr_carea' id='block_1_108' title="bbox 2189 4759 3734 4832">
    <p class='ocr_par' dir='ltr' id='par_1_108' title="bbox 2189 4759 3734 4832">
     <span class='ocr_line' id='line_1_108' title="bbox 2189 4759 3734 4832; baseline -0.001 -18"><span class='ocrx_word' id='word_1_764' title='bbox 2189 4762 2382 4832; x_wconf 78' lang='grc' dir='ltr'>αὐτῆς,</span> <span class='ocrx_word' id='word_1_765' title='bbox 2420 4759 2516 4813; x_wconf 73' lang='grc' dir='ltr'>καὶ</span> <span class='ocrx_word' id='word_1_766' title='bbox 2549 4761 2642 4812; x_wconf 75' lang='grc' dir='ltr'><strong>ἐπὶ</strong></span> <span class='ocrx_word' id='word_1_767' title='bbox 2678 4759 2896 4828; x_wconf 76' lang='grc' dir='ltr'>μακρὰν</span> <span class='ocrx_word' id='word_1_768' title='bbox 2923 4761 3054 4824; x_wconf 73' lang='grc' dir='ltr'>ἴσως</span> <span class='ocrx_word' id='word_1_769' title='bbox 3088 4761 3162 4832; x_wconf 78' lang='grc' dir='ltr'>μὴ</span> <span class='ocrx_word' id='word_1_770' title='bbox 3205 4763 3607 4825; x_wconf 80' lang='grc' dir='ltr'>ἐπανελθόντος,</span> <span class='ocrx_word' id='word_1_771' title='bbox 3643 4760 3734 4828; x_wconf 77' lang='grc' dir='ltr'>πρὸ</span> 
     </span>
    </p>
   </div>
   <div class='ocr_carea' id='block_1_109' title="bbox 2191 4849 3728 4927">
    <p class='ocr_par' dir='ltr' id='par_1_109' title="bbox 2191 4849 3728 4927">
     <span class='ocr_line' id='line_1_109' title="bbox 2191 4849 3728 4927; baseline -0.004 -20"><span class='ocrx_word' id='word_1_772' title='bbox 2191 4853 2288 4907; x_wconf 80' lang='grc' dir='ltr'>τοῦ</span> <span class='ocrx_word' id='word_1_773' title='bbox 2314 4849 2802 4923; x_wconf 78' lang='grc' dir='ltr'>π).τ;ροφορηθῆναι</span> <span class='ocrx_word' id='word_1_774' title='bbox 2838 4854 2886 4904; x_wconf 78' lang='grc' dir='ltr'><strong>εί</strong></span> <span class='ocrx_word' id='word_1_775' title='bbox 2909 4851 2983 4915; x_wconf 85' lang='grc' dir='ltr'><strong>ώς</strong></span> <span class='ocrx_word' id='word_1_776' title='bbox 3013 4853 3230 4924; x_wconf 81' lang='grc' dir='ltr'>ἀληθῶς</span> <span class='ocrx_word' id='word_1_777' title='bbox 3259 4853 3538 4927; x_wconf 83' lang='grc' dir='ltr'>τέθνηκεν,</span> <span class='ocrx_word' id='word_1_778' title='bbox 3579 4851 3728 4918; x_wconf 76' lang='grc' dir='ltr'>ἑτέρῳ</span> 
     </span>
    </p>
   </div>
   <div class='ocr_carea' id='block_1_110' title="bbox 2194 4942 3730 5021">
    <p class='ocr_par' dir='ltr' id='par_1_110' title="bbox 2194 4942 3730 5021">
     <span class='ocr_line' id='line_1_110' title="bbox 2194 4942 3730 5021; baseline -0.003 -23"><span class='ocrx_word' id='word_1_779' title='bbox 2194 4948 2516 5015; x_wconf 78' lang='grc' dir='ltr'>συνοικήσῃ,</span> <span class='ocrx_word' id='word_1_780' title='bbox 2573 4945 2825 5014; x_wconf 80' lang='grc' dir='ltr'>μοιχείαν</span> <span class='ocrx_word' id='word_1_781' title='bbox 2873 4946 3069 5018; x_wconf 86' lang='grc' dir='ltr'>τολμᾷ.</span> <span class='ocrx_word' id='word_1_782' title='bbox 3135 4949 3246 5001; x_wconf 78' lang='grc' dir='ltr'><strong>Καὶ</strong></span> <span class='ocrx_word' id='word_1_783' title='bbox 3304 4946 3641 5021; x_wconf 86' lang='grc' dir='ltr'>στρατιωτῶν</span> <span class='ocrx_word' id='word_1_784' title='bbox 3682 4942 3730 4994; x_wconf 77' lang='grc' dir='ltr'>δὲ</span> 
     </span>
    </p>
   </div>
   <div class='ocr_carea' id='block_1_111' title="bbox 2193 5037 3708 5111">
    <p class='ocr_par' dir='ltr' id='par_1_111' title="bbox 2193 5037 3708 5111">
     <span class='ocr_line' id='line_1_111' title="bbox 2193 5037 3708 5111; baseline 0.003 -19"><span class='ocrx_word' id='word_1_785' title='bbox 2193 5042 2473 5110; x_wconf 86' lang='grc' dir='ltr'>γυναῖκες,</span> <span class='ocrx_word' id='word_1_786' title='bbox 2500 5037 2722 5106; x_wconf 83' lang='grc' dir='ltr'>ἀφανῶν</span> <span class='ocrx_word' id='word_1_787' title='bbox 2746 5038 2854 5092; x_wconf 87' lang='grc' dir='ltr'><strong>τῶν</strong></span> <span class='ocrx_word' id='word_1_788' title='bbox 2887 5039 3098 5110; x_wconf 83' lang='grc' dir='ltr'>ἀνδρῶν</span> <span class='ocrx_word' id='word_1_789' title='bbox 3129 5041 3310 5095; x_wconf 88' lang='grc' dir='ltr'>αὐτῶν</span> <span class='ocrx_word' id='word_1_790' title='bbox 3341 5039 3657 5111; x_wconf 70' lang='grc' dir='ltr'>γενομένων.</span> <span class='ocrx_word' id='word_1_791' title='bbox 3686 5047 3708 5083; x_wconf 88' lang='grc' dir='ltr'><strong>ε</strong></span> 
     </span>
    </p>
   </div>
   <div class='ocr_carea' id='block_1_112' title="bbox 2193 5128 3727 5202">
    <p class='ocr_par' dir='ltr' id='par_1_112' title="bbox 2193 5128 3727 5202">
     <span class='ocr_line' id='line_1_112' title="bbox 2193 5128 3727 5202; baseline -0.005 -20"><span class='ocrx_word' id='word_1_792' title='bbox 2193 5130 2500 5200; x_wconf 79' lang='grc' dir='ltr'>γαμηθείεν</span> <span class='ocrx_word' id='word_1_793' title='bbox 2537 5133 2766 5201; x_wconf 79' lang='grc' dir='ltr'>ἑτέροις,</span> <span class='ocrx_word' id='word_1_794' title='bbox 2823 5133 3132 5202; x_wconf 79' lang='grc' dir='ltr'>μοιχαλίδες</span> <span class='ocrx_word' id='word_1_795' title='bbox 3179 5135 3337 5191; x_wconf 81' lang='grc' dir='ltr'>εἰσίν.</span> <span class='ocrx_word' id='word_1_796' title='bbox 3373 5134 3494 5186; x_wconf 73' lang='grc' dir='ltr'><strong>Ἐπὶ</strong></span> <span class='ocrx_word' id='word_1_797' title='bbox 3543 5128 3727 5181; x_wconf 75' lang='grc' dir='ltr'>τούτων</span> 
     </span>
    </p>
   </div>
   <div class='ocr_carea' id='block_1_113' title="bbox 2192 5223 3726 5294">
    <p class='ocr_par' dir='ltr' id='par_1_113' title="bbox 2192 5223 3726 5294">
     <span class='ocr_line' id='line_1_113' title="bbox 2192 5223 3726 5294; baseline 0.003 -18"><span class='ocrx_word' id='word_1_798' title='bbox 2192 5224 2250 5277; x_wconf 83' lang='grc' dir='ltr'>δὲ</span> <span class='ocrx_word' id='word_1_799' title='bbox 2280 5223 2481 5294; x_wconf 83' lang='grc' dir='ltr'>μᾶλλον</span> <span class='ocrx_word' id='word_1_800' title='bbox 2527 5229 2908 5294; x_wconf 82' lang='grc' dir='ltr'>συγγνωμονεί</span> <span class='ocrx_word' id='word_1_801' title='bbox 2937 5228 2964 5280; x_wconf 79' lang='grc' dir='ltr'><strong>ό</strong></span> <span class='ocrx_word' id='word_1_802' title='bbox 2995 5224 3192 5290; x_wconf 83' lang='grc' dir='ltr'>κανὼν,</span> <span class='ocrx_word' id='word_1_803' title='bbox 3229 5227 3317 5282; x_wconf 81' lang='grc' dir='ltr'><strong>διὰ</strong></span> <span class='ocrx_word' id='word_1_804' title='bbox 3339 5227 3397 5281; x_wconf 82' lang='grc' dir='ltr'><strong>τὺ</strong></span> <span class='ocrx_word' id='word_1_805' title='bbox 3427 5226 3545 5287; x_wconf 85' lang='grc' dir='ltr'>τοὺς</span> <span class='ocrx_word' id='word_1_806' title='bbox 3585 5232 3726 5288; x_wconf 71' lang='grc' dir='ltr'>στραο</span> 
     </span>
    </p>
   </div>
   <div class='ocr_carea' id='block_1_114' title="bbox 2193 5309 3725 5384">
    <p class='ocr_par' dir='ltr' id='par_1_114' title="bbox 2193 5309 3725 5384">
     <span class='ocr_line' id='line_1_114' title="bbox 2193 5309 3725 5384; baseline -0.003 -17"><span class='ocrx_word' id='word_1_807' title='bbox 2193 5313 2392 5374; x_wconf 88' lang='grc' dir='ltr'>τιώτας</span> <span class='ocrx_word' id='word_1_808' title='bbox 2434 5313 2637 5384; x_wconf 80' lang='grc' dir='ltr'>μᾶλλον</span> <span class='ocrx_word' id='word_1_809' title='bbox 2689 5315 3044 5368; x_wconf 80' lang='grc' dir='ltr'>πιστεύεσθαι</span> <span class='ocrx_word' id='word_1_810' title='bbox 3104 5317 3286 5370; x_wconf 83' lang='grc' dir='ltr'>θανεῖν</span> <span class='ocrx_word' id='word_1_811' title='bbox 3317 5357 3332 5382; x_wconf 90' lang='grc'><strong>,</strong></span> <span class='ocrx_word' id='word_1_812' title='bbox 3391 5319 3448 5369; x_wconf 82' lang='grc' dir='ltr'>ἐν</span> <span class='ocrx_word' id='word_1_813' title='bbox 3495 5309 3725 5378; x_wconf 75' lang='grc' dir='ltr'>πολέμοις</span> 
     </span>
    </p>
   </div>
   <div class='ocr_carea' id='block_1_115' title="bbox 2193 5399 3720 5477">
    <p class='ocr_par' dir='ltr' id='par_1_115' title="bbox 2193 5399 3720 5477">
     <span class='ocr_line' id='line_1_115' title="bbox 2193 5399 3720 5477; baseline 0.005 -21"><span class='ocrx_word' id='word_1_814' title='bbox 2193 5404 2732 5474; x_wconf 77' lang='grc' dir='ltr'>ἀναστρεφομένους.</span> <span class='ocrx_word' id='word_1_815' title='bbox 2780 5405 2916 5476; x_wconf 81' lang='grc' dir='ltr'>Περὶ</span> <span class='ocrx_word' id='word_1_816' title='bbox 2942 5405 3145 5460; x_wconf 79' lang='grc' dir='ltr'>τούτων</span> <span class='ocrx_word' id='word_1_817' title='bbox 3169 5407 3224 5460; x_wconf 87' lang='grc' dir='ltr'>δὲ</span> <span class='ocrx_word' id='word_1_818' title='bbox 3258 5409 3351 5460; x_wconf 80' lang='grc' dir='ltr'>καὶ</span> <span class='ocrx_word' id='word_1_819' title='bbox 3379 5409 3406 5462; x_wconf 82' lang='grc'>6</span> <span class='ocrx_word' id='word_1_820' title='bbox 3439 5406 3604 5477; x_wconf 73' lang='grc' dir='ltr'>μέγας</span> <span class='ocrx_word' id='word_1_821' title='bbox 3629 5399 3720 5450; x_wconf 72' lang='grc' dir='ltr'><strong>Β²⁹</strong></span> 
     </span>
    </p>
   </div>
   <div class='ocr_carea' id='block_1_116' title="bbox 2196 5491 3723 5569">
    <p class='ocr_par' dir='ltr' id='par_1_116' title="bbox 2196 5491 3723 5569">
     <span class='ocr_line' id='line_1_116' title="bbox 2196 5491 3723 5569; baseline 0.001 -21"><span class='ocrx_word' id='word_1_822' title='bbox 2196 5495 2390 5559; x_wconf 86' lang='grc' dir='ltr'>σίλειος</span> <span class='ocrx_word' id='word_1_823' title='bbox 2440 5500 2497 5548; x_wconf 82' lang='grc' dir='ltr'>ὲν</span> <span class='ocrx_word' id='word_1_824' title='bbox 2542 5499 2849 5568; x_wconf 86' lang='grc' dir='ltr'>τριακοστῷ</span> <span class='ocrx_word' id='word_1_825' title='bbox 2909 5498 3109 5569; x_wconf 83' lang='grc' dir='ltr'>πρώτῳ</span> <span class='ocrx_word' id='word_1_826' title='bbox 3147 5501 3333 5554; x_wconf 86' lang='grc' dir='ltr'>κανόνι</span> <span class='ocrx_word' id='word_1_827' title='bbox 3393 5503 3484 5554; x_wconf 70' lang='grc' dir='ltr'><strong>καὶ</strong></span> <span class='ocrx_word' id='word_1_828' title='bbox 3537 5491 3617 5560; x_wconf 86' lang='grc' dir='ltr'>λς’</span> <span class='ocrx_word' id='word_1_829' title='bbox 3669 5491 3723 5543; x_wconf 62' lang='grc' dir='ltr'>τὰ</span> 
     </span>
    </p>
   </div>
   <div class='ocr_carea' id='block_1_117' title="bbox 2194 5585 3718 5662">
    <p class='ocr_par' dir='ltr' id='par_1_117' title="bbox 2194 5585 3718 5662">
     <span class='ocr_line' id='line_1_117' title="bbox 2194 5585 3718 5662; baseline 0.006 -18"><span class='ocrx_word' id='word_1_830' title='bbox 2194 5589 2333 5644; x_wconf 75' lang='grc' dir='ltr'>αὐτὰ</span> <span class='ocrx_word' id='word_1_831' title='bbox 2367 5590 2737 5655; x_wconf 76' lang='grc' dir='ltr'>διατάττεται,</span> <span class='ocrx_word' id='word_1_832' title='bbox 2775 5592 2805 5662; x_wconf 78' lang='grc' dir='ltr'><strong>ἢ</strong></span> <span class='ocrx_word' id='word_1_833' title='bbox 2834 5593 3040 5662; x_wconf 83' lang='grc' dir='ltr'>μᾶλλον</span> <span class='ocrx_word' id='word_1_834' title='bbox 3067 5594 3192 5657; x_wconf 84' lang='grc' dir='ltr'>τοὺς</span> <span class='ocrx_word' id='word_1_835' title='bbox 3219 5596 3430 5649; x_wconf 80' lang='grc' dir='ltr'>ἐκείνου</span> <span class='ocrx_word' id='word_1_836' title='bbox 3457 5590 3663 5649; x_wconf 84' lang='grc' dir='ltr'>κανόνας</span> <span class='ocrx_word' id='word_1_837' title='bbox 3691 5585 3718 5652; x_wconf 63' lang='grc' dir='ltr'>ἡ</span> 
     </span>
    </p>
   </div>
   <div class='ocr_carea' id='block_1_118' title="bbox 2195 5677 3718 5759">
    <p class='ocr_par' dir='ltr' id='par_1_118' title="bbox 2195 5677 3718 5759">
     <span class='ocr_line' id='line_1_118' title="bbox 2195 5677 3718 5759; baseline -0.007 -15"><span class='ocrx_word' id='word_1_838' title='bbox 2195 5680 2411 5744; x_wconf 65' lang='grc' dir='ltr'><strong>σύνοδος</strong></span> <span class='ocrx_word' id='word_1_839' title='bbox 2441 5681 2582 5750; x_wconf 75' lang='grc' dir='ltr'>αὕτη</span> <span class='ocrx_word' id='word_1_840' title='bbox 2629 5685 2742 5745; x_wconf 82' lang='grc' dir='ltr'>τοῖς</span> <span class='ocrx_word' id='word_1_841' title='bbox 2777 5685 3020 5756; x_wconf 77' lang='grc' dir='ltr'>ῥήμασιν</span> <span class='ocrx_word' id='word_1_842' title='bbox 3051 5687 3485 5759; x_wconf 76' lang='grc' dir='ltr'>ὲγκατέστρωσε.</span> <span class='ocrx_word' id='word_1_843' title='bbox 3522 5683 3644 5753; x_wconf 72' lang='grc' dir='ltr'>Περὶ</span> <span class='ocrx_word' id='word_1_844' title='bbox 3671 5677 3718 5730; x_wconf 78' lang='grc' dir='ltr'>δὲ</span> 
     </span>
    </p>
   </div>
   <div class='ocr_carea' id='block_1_119' title="bbox 2195 5771 3717 5847">
    <p class='ocr_par' dir='ltr' id='par_1_119' title="bbox 2195 5771 3717 5847">
     <span class='ocr_line' id='line_1_119' title="bbox 2195 5771 3717 5847; baseline 0.008 -22"><span class='ocrx_word' id='word_1_845' title='bbox 2195 5773 2595 5844; x_wconf 80' lang='grc' dir='ltr'>στρατιωτίδων</span> <span class='ocrx_word' id='word_1_846' title='bbox 2646 5777 2924 5843; x_wconf 79' lang='grc' dir='ltr'>γυναικῶν</span> <span class='ocrx_word' id='word_1_847' title='bbox 2972 5778 3174 5847; x_wconf 84' lang='grc' dir='ltr'>πολλὴν</span> <span class='ocrx_word' id='word_1_848' title='bbox 3215 5783 3244 5836; x_wconf 89' lang='grc' dir='ltr'><strong>ό</strong></span> <span class='ocrx_word' id='word_1_849' title='bbox 3287 5780 3552 5838; x_wconf 65' lang='grc' dir='ltr'>πολιτικδς</span> <span class='ocrx_word' id='word_1_850' title='bbox 3582 5771 3717 5837; x_wconf 71' lang='grc' dir='ltr'><strong>νόμοί</strong></span> 
     </span>
    </p>
   </div>
  </div>
