3992 6484
190 374 304 435 837

1260 364 1337 423 ΙΝ
1382 361 1549 420 (ἶΑΝο
1593 358 1770 421 XCIV
1812 355 2023 418 CONC.
2052 356 2131 416 ΙΝ
2170 355 2500 416 TRULLO.

3352 356 3456 419 83S

190 490 437 541 ποιεῖται
471 485 781 555 ἀκρίϐειαν,
818 484 961 538 ὥστε
1000 482 1075 552 μὴ
1119 481 1331 549 ἑτέροις
1373 475 1767 540 συνάπτεσθαι,
1806 526 1808 535 Α

1924 488 2047 527 nam
2093 473 2515 544 diligentissime
2558 476 2739 549 legum
2785 477 3029 534 civilium
3074 479 3459 548 sanctionibus

192 581 247 633 εί
280 579 511 647 μάθοιεν
542 577 850 648 ἀνῃρῆσθαι
883 576 1008 638 τοὺς
1035 572 1235 645 ἄνδρας
1261 570 1465 634 αὐτῶν,
1500 569 1548 619 εἰ
1577 568 1651 636 μὴ
1674 567 1775 630 τὰς

196 673 629 741 παρατηρήσεις
687 668 1024 736 φυλάξαιεν,
1089 665 1153 728 ἃς
1214 665 1247 734 ἡ
1330 660 1770 728 ἑπτακαιδεκάτη

198 761 381 832 νεαρά
404 761 675 830 περιέχει,
706 760 933 829 κειμένη
964 760 1043 820 είς
1076 755 1281 827 βιὸλῖον
1325 754 1434 805 τῶν
1475 748 1779 803 Βασιλικῶν

195 853 459 906 εἰκοστὸν
486 853 690 919 ὄγδοον,
717 850 894 904 τίτλον
943 851 986 915 ζ’
1040 866 1168 918 κεφ.
1202 847 1269 911 ζ’.
1297 846 1359 899 Εἰ
1390 844 1447 897 δέ
1472 859 1579 905 τις,
1614 841 1779 911 φησὶν

196 944 227 993 6
255 940 450 995 κανὼν
481 936 659 1004 οὗτος,
686 940 825 1010 γυνὴ
850 940 1161 1009 συνοικήσει
1188 936 1263 1007 τῷ
1288 934 1426 1005 πρὸς
1456 932 1651 1000 καιρὸν
1681 948 1780 984 κα-

203 1030 567 1099 ταλειφθέντι
604 1032 756 1100 παρὰ
783 1030 882 1097 τῆς
917 1030 1056 1092 ίδέας
1090 1026 1385 1096 γυναικὸς,
1419 1022 1691 1092 ἀγνοοῦσα
1721 1022 1781 1074 τὸ

203 1126 477 1194 πρᾶγμα,
529 1119 648 1176 εἶτα
700 1121 1107 1192 ἐπανελθούσης
1156 1120 1255 1189 τῆς
1308 1117 1582 1188 προτέρας
1615 1114 1780 1168 αὐτοῦ

200 1214 474 1281 γυναικὸς
509 1215 845 1284 ἀποπεμφθῇ
899 1216 927 1283 ἡ
975 1213 1125 1283 αὐτῷ
1175 1212 1314 1265 κατὰ
1339 1210 1593 1278 δεύτερον
1641 1210 1783 1278 τάχα

204 1307 589 1375 συνοικήσασα
632 1305 831 1374 γάμον,
886 1305 962 1367 ὡς
1010 1302 1382 1373 πορνεύσασα,
1432 1298 1673 1377 καὶοούχ
1708 1300 1786 1361 ὡς

212 1397 475 1465 μοιχαλὶς
508 1397 1068 1467 καταδικασθήσεται,
1102 1396 1195 1448 καὶ
1244 1396 1291 1447 εί
1327 1392 1576 1461 βούλεται
1611 1393 1785 1462 ἑτέρῳ

218 1490 384 1559 ἀνδρὶ
410 1489 625 1558 νομίμῳ
652 1488 933 1555 γενέσθαι,
965 1488 1026 1540 ού
1059 1487 1463 1556 κωλυθήσεται.
1494 1484 1604 1537 Καὶ
1629 1484 1785 1537 τοῦτο

206 1582 263 1633 δί
296 1581 391 1634 τοῦ
414 1581 650 1650 μεγάλου
682 1579 965 1633 Βασιλείου
993 1580 1173 1632 κανών
1205 1579 1321 1630 ἐστι
1349 1575 1788 1646 τεσσαρακοστδς

216 1666 414 1735 ἕκτος.
444 1671 506 1726 Ei
537 1672 593 1725 δὲ
631 1670 966 1742 στρατιώτου
996 1672 1135 1741 γυνὴ
1160 1670 1235 1732 ὡς
1265 1668 1359 1722 τοῦ
1395 1668 1587 1737 ἀνδρὸς
1620 1667 1790 1737 αὐτῆς

215 1764 477 1825 θανόντος
500 1763 683 1833 ἕτερον
708 1762 884 1827 λάϐοι,
916 1759 1035 1815 εἶτα
1060 1759 1348 1815 ἐπανέλθοι
1376 1759 1404 1811 6
1428 1756 1788 1829 στρατιώτης,

1889 570 2111 618 cautum
2139 573 2259 631 est;
2299 574 2356 618 ut
2381 570 2630 636 quamvis
2659 575 2909 624 nuntiato
2941 575 3180 630 virorum
3210 578 3459 648 interitu,

1891 663 2231 721 nontamen,
2286 656 2391 712 nisi
2430 658 2498 711 iis
2528 662 2782 717 omnibus
2821 680 2941 732 qme
2977 666 3187 722 decima
3222 675 3461 741 septima

1883 747 2104 801 novella
2153 748 2205 800 in
2254 748 2394 802 libro
2423 751 2685 807 vicesimo
2732 765 2945 821 octavo,
2987 760 3142 813 titulo
3190 764 3463 832 septimo,

1894 852 2012 907 cap.
2040 838 2272 907 septimo
2302 839 2521 895 Basilic.
2569 844 2742 911 posita
2791 849 3147 904 continentur
3207 859 3459 919 servatis,

1896 929 2051 982 alteri
2080 929 2315 996 cuipiam
2356 933 2589 985 nubant.
2626 930 2681 986 Si
2719 951 2839 1004 quae
2876 952 3002 991 vero
3036 940 3251 1003 mulier,
3284 943 3463 1013 inquit

1899 1019 1986 1072 hic
2021 1034 2220 1081 canon,
2280 1020 2394 1075 viro
2445 1023 2513 1075 ad
2557 1032 2771 1091 tempus
2804 1028 2869 1080 ab
2898 1044 3066 1084 uxore
3106 1046 3204 1084 sua
3250 1034 3461 1099 relicto,

1898 1112 2103 1167 factmn
2128 1114 2409 1185 ignorans,
2447 1121 2722 1187 nupserit,
2756 1132 2867 1176 tum
2907 1142 3073 1179 uxore
3098 1130 3275 1197 ptiut'c
3310 1122 3465 1186 r'ede-

1901 1212 2029 1258 unte
2060 1207 2126 1259 ab
2164 1207 2252 1261 illo
2276 1206 2505 1264 dimissa
2541 1212 2720 1278 fuerit,
2749 1229 2874 1268 cum
2901 1231 3008 1284 quo
3042 1221 3297 1274 secundis
3331 1224 3466 1278 forte

1902 1297 2105 1364 nuptiis
2132 1297 2381 1365 copulata
2423 1302 2703 1357 coiverat:
2737 1305 2912 1358 instar
2940 1306 3331 1372 iuruicalricis,
3360 1330 3463 1366 non

1901 1393 1959 1438 ut
2000 1384 2247 1442 adultera
2295 1390 2783 1457 condemnabimr,
2831 1410 2930 1449 nec
2977 1398 3296 1468 quidquam,
3334 1420 3470 1470 (ιιιο-

1902 1477 2105 1539 minus,
2153 1476 2200 1530 si
2228 1478 2380 1543 velit,
2424 1480 2581 1533 alteri
2612 1481 2729 1536 viro
2764 1484 2955 1552 nnbat,
2988 1487 3248 1544 obstabit.
3282 1493 3463 1562 Atque

1902 1570 2004 1622 hoc
2068 1583 2287 1638 quoque
2360 1574 2537 1643 magni
2590 1575 2719 1628 item
2788 1576 2975 1633 Basilii
3038 1584 3467 1653 quadragesimo

1900 1667 2055 1713 sexto
2088 1675 2300 1716 canone
2323 1670 2679 1720 constitutum
2701 1678 2806 1723 est.
2829 1671 2985 1735 Quod
3014 1674 3060 1728 si
3093 1691 3229 1730 uxor
3258 1680 3469 1739 militis.

1906 1751 2157 1805 maritum
2193 1753 2470 1811 interiisse
2532 1767 2674 1822 rata,
2704 1762 2859 1816 alteri
2893 1767 3165 1833 nupserit,
3202 1783 3264 1821 ac
3292 1786 3473 1824 rever-

213 1857 268 1907 εί
313 1832 605 1925 βούλεται,
637 1854 870 1925 λήψεται
914 1855 1012 1925 τὴν
1043 1852 1251 1907 οἰκείαν
1284 1852 1519 1921 γυναῖκα
1551 1866 1797 1918 ςυγγνω-

1916 1853 2045 1896 ,atur
2097 1854 2280 1913 postea
2315 1848 2493 1913 miles,
2518 1866 2672 1904 suam
2713 1853 2782 1917 is,
2822 1856 2868 1909 si
2940 1858 3196 1923 voluerit,
3244 1860 3469 1915 uxorem

220 1948 565 2017 μονουμένην
587 1948 673 1999 διὰ
702 1947 799 2017 τὴν
817 1946 1062 2013 ἄγνοιαν,
1092 1943 1234 1997 ὥστε
1270 1943 1344 2012 μὴ
1372 1940 1795 2011 ἐπιτιμηθῆναι,

224 2040 348 2094 ἀλλ’
374 2040 496 2093 οὐδὲ
538 2041 566 2093 6
602 2039 775 2110 ταύτῃ
828 2039 1076 2108 νομίμως
1123 2035 1419 2104 συναφθεὶς
1457 2033 1797 2103 ἐπιτιμηθή-

224 2148 384 2184 σεται
407 2132 493 2184 διὰ
522 2132 619 2199 τὴν
645 2132 812 2203 αὐτὴν
841 2132 1047 2185 αἰτίαν.

223 2224 453 2277 ΔΙῚΣΓ.
516 2243 533 2275 ι
586 2223 804 2294 Ἀνδρος
846 2220 1282 2291 άφαντουμένου,
1323 2221 1358 2290 ἡ
1419 2217 1526 2289 πρὸ
1556 2217 1648 2271 τοῦ
1680 2233 1799 2269 πει-

309 2336 329 2369 ι
378 2317 571 2385 σθῆναι
621 2316 863 2369 λαὸοῦσα
918 2316 1175 2385 μοιχᾶται
1214 2330 1230 2346 ⁸
1268 2314 1295 2366 6
1343 2312 1399 2365 δὲ
1451 2310 1802 2381 ὑποστρέψας

316 2428 334 2460 ι
379 2408 541 2477 ἀνὴρ,
571 2408 619 2459 εί
654 2407 987 2477 προῄρηται,
1020 2404 1256 2473 λήψεται
1286 2402 1477 2472 αὐτήν.
1518 2419 1537 2451 ι

310 2594 529 2665 Συνᾲἲει
561 2593 635 2661 τῷ
664 2592 888 2662 παρόντι
919 2591 1102 2645 κανόνι
1134 2590 1230 2642 καὶ
1258 2591 1291 2661 ὴ
1342 2587 1607 2658 έκατοστὴ
1640 2587 1809 2638 ἐπτα-

233 2683 537 2751 καιδεκάτη
601 2680 1035 2742 Ὶουστινιάνειος
1080 2679 1251 2748 νεαρὰ
1275 2718 1291 2745 ,
1328 2679 1361 2747 ὴ
1397 2680 1454 2730 ἐν
1484 2677 1562 2746 τῷ
1592 2676 1807 2744 ἑϐδόμῳ

233 2775 401 2843 τίτλῳ
448 2772 543 2825 τοῦ
587 2770 836 2826 εἰκοστοῦ
881 2770 1070 2839 ὀγδόου
1115 2770 1329 2840 βιῦλίου
1360 2769 1468 2823 τῶν
1508 2768 1809 2821 Βασιλικῶν

238 2866 471 2936 κειμένη
507 2882 521 2896 ο
556 2864 888 2934 προστάττει
940 2861 1050 2932 γὰρ
1088 2862 1341 2930 κάκείνη,
1391 2861 1491 2925 ὡς,
1541 2860 1637 2912 ἐὰν
1669 2859 1809 2929 γυνὴ

241 2958 584 3027 στρατιώτην
617 2958 714 3027 ἔχῃ
742 2956 933 3026 ἄνδρα,
967 2957 1063 3008 καὶ
1090 2956 1147 3007 ὲν
1177 2950 1505 3022 ἐκστρατείᾳ
1532 2950 1811 3019 ἀποδημῇ,

238 3050 339 3102 καὶ
370 3050 518 3120 μάθῃ
546 3050 735 3102 τοῦτον
774 3046 1236 3117 τετελευτηκέναι,
1279 3043 1354 3114 μὴ
1388 3042 1561 3104 ἄλλως
1591 3042 1667 3104 είς
1696 3042 1814 3095 ἐτέ-

245 3159 374 3209 ρους
415 3142 585 3211 αὐτὴν
632 3140 891 3211 ἔρχεσθαι
941 3138 1191 3207 γάμους,
1237 3136 1285 3187 εἰ
1323 3134 1396 3205 μὴ
1432 3134 1815 3203 πληροφορίαν

245 3237 349 3303 σχῇ
404 3232 558 3301 παρὰ
607 3233 716 3284 τῶν
769 3230 1003 3300 πρώτων
1051 3232 1145 3280 τοῦ
1182 3225 1419 3295 ἀριθμοῦ
1452 3226 1511 3277 ἐν
1545 3219 1588 3292 ᾧ
1619 3225 1647 3275 6
1675 3223 1815 3294 ἀνὴρ

244 3324 418 3392 αὐτῆς
449 3320 870 3393 ἐστρατεύσατο,
907 3316 1286 3387 προκειμένων
1311 3313 1421 3368 τῶν
1449 3313 1617 3382 ἁγίων
1642 3313 1817 3378 Εὐαγν

244 3417 443 3483 γελίων
465 3417 559 3467 καὶ
578 3413 670 3465 ἐπὶ
700 3411 951 3482 πράξεως
974 3407 1385 3479 ὑπομνημάτων
1408 3404 1815 3475 ὁμολογούντων

247 3510 324 3572 ὡς
356 3510 477 3570 ταῖς
510 3507 796 3575 ἀληθείαις
828 3508 854 3557 ὁ
879 3505 1020 3575 ἀνὴρ
1048 3504 1218 3571 αὐτῆς
1247 3498 1589 3568 ἐτελεύτησε,
1619 3496 1714 3549 καὶ
1748 3495 1816 3548 τὰ

246 3600 477 3653 τοιαῦτα
516 3598 891 3667 ὑπομνήματα
923 3594 1064 3664 λάϐῃ
1088 3634 1102 3656 ,
1136 3594 1232 3647 καὶ
1272 3590 1409 3661 μετὰ
1438 3590 1535 3659 τὴν
1559 3586 1818 3657 τοιαύτην

253 3691 639 3761 πληροφορίαν
672 3690 942 3760 ἀναμείνῃ
969 3690 1062 3739 καὶ
1095 3685 1211 3747 ἐνὸς
1240 3681 1489 3738 ἐνιαυτοῦ
1521 3681 1814 3748 διάστημα.

256 3785 316 3839 Εἰ
349 3782 405 3834 δέ
460 3782 613 3850 παρὰ
664 3780 764 3849 τὴν
807 3779 1193 3847 παρατήρησιν
1243 3771 1448 3843 ταύτην
1507 3777 1585 3835 είς
1632 3772 1818 3842 ἓτερον

253 3876 382 3948 ἔλθῃ
437 3874 615 3943 γάμον
671 3875 766 3925 καὶ
800 3870 969 3941 αὐτὴν
1014 3870 1108 3945 καὶ
1143 3870 1235 3922 τὸν
1268 3870 1610 3938 ἀγαγόμενον
1651 3867 1819 3937 αὐτὴν

252 3966 323 4027 ὡς
354 3966 573 4034 μοιχοὺς
626 3963 1012 4033 τιμωρεῖσθαι.
1058 3962 1119 4013 Εἰ
1154 3961 1211 4014 δὲ
1255 3961 1353 4030 τῆς
1384 3960 1820 4031 παρατηρήσεως

254 4062 459 4129 ταύτης
490 4063 817 4130 γενομένης,
844 4056 1143 4128 εὑρεθῶσιν
1169 4056 1220 4108 οἱ
1256 4054 1374 4125 μεθ’
1419 4055 1583 4124 ὅρκου
1616 4054 1821 4123 πληρο-

257 4154 596 4224 φορήσαντες
659 4152 831 4219 αὐτὴν
886 4149 1253 4220 ψευδόμενοι,
1317 4147 1513 4210 αὐτοὺς
1572 4147 1670 4216 μὲν
1722 4145 1823 4214 τῆς

259 4245 549 4313 στρατείας
583 4241 1056 4312 ἀπογυμνοῦσθαι,
1083 4242 1173 4294 καὶ
1201 4241 1336 4294 δέκα
1368 4239 1570 4310 λιτρῶν
1598 4238 1821 4308 χρυσίου

260 4336 451 4406 ποινὴν
481 4337 619 4405 πρὸς
659 4337 894 4401 ἐκεῖνον,
927 4334 986 4386 ὃν
1021 4332 1321 4404 ἐψεύσαντο
1352 4331 1820 4398 τετελευτηκέναι,

261 4429 579 4483 καταθεῖναι
615 4428 1057 4499 παρακελεύεται
1090 4442 1104 4455 ⁸
1148 4428 1313 4479 αὑτὸν
1343 4425 1419 4485 δὲ,
1469 4426 1517 4475 εί
1563 4421 1822 4493 βουληθῇ,

261 4522 357 4589 τὴν
387 4520 522 4573 ἰδίαν
555 4518 800 4589 γαμετὴν
824 4518 1113 4572 ἀναλαϐεῖν
1140 4517 1200 4568 ού
1224 4515 1443 4569 κωλύει.

859 4609 1090 4667 ΚΛΝΩΝ
1129 4606 1238 4676 ιμιν.

905 4704 1102 4773 ὅρκους
1175 4699 1524 4767 Ἑλληνικοὺς
1571 4699 1600 4750 6
1650 4696 1830 4751 κανὼν

348 4817 363 4846 ι
421 4798 716 4865 ἐπιτιμίοις
772 4793 1175 4848 καθυποεάλλει
1209 4806 1223 4821 ·
1272 4794 1368 4844 κα)⁵
1411 4792 1573 4860 ἡμεῖς
1620 4792 1831 4853 τούτοις

344 4908 361 4939 ι
408 4889 497 4940 τὸν
531 4889 831 4957 άφορισμὶν
861 4887 1133 4957 ὁρίζομεν.
1176 4903 1194 4936 ι

336 4982 533 5033 ΒΑΑΣ.
573 4982 639 5034 ’0
672 4980 839 5050 μέγας
878 4979 1151 5039 Βασίλειος
1211 4978 1270 5028 ἐν
1327 4976 1513 5027 κανόιι
1560 4974 1651 5027 πα⁹
1706 4977 1831 5027 ἐπι-

268 5076 469 5144 τιμίοις
499 5072 902 5127 καθυποσάλλει
929 5075 989 5125 οὐ
1038 5072 1201 5141 μόνον
1240 5071 1368 5133 τοὺς
1417 5069 1681 5131 ἑκουσίως
1725 5068 1833 5121 τῶν

268 5167 637 5237 δαιμονιωδΕΝ
673 5167 931 5236 θυμάτων
971 5162 1281 5235 ἁψαμένους
1311 5202 1326 5227 ,
1378 5163 1473 5214 καὶ
1528 5162 1832 5229 ὀμόσαντας

282 5259 634 5330 Ἑλληνικοὺς
686 5261 899 5329 ὅρκους,
950 5257 1083 5311 ἀλλὰ
1138 5257 1232 5310 καὶ
1285 5255 1407 5317 τοὺς
1443 5254 1709 5315 ἀκουσίως
1757 5255 1834 5317 είς

271 5353 437 5405 ’τοῦτο
470 5352 903 5421 συνωθηθέντας.
959 5348 1295 5411 Ἀκολούθως
1342 5343 1437 5400 οὖν
1490 5346 1571 5414 τῷ
1610 5347 1833 5414 τοιούτῳ

273 5446 461 5499 κανόνι
494 5444 588 5497 καὶ
613 5446 640 5496 ὀ
665 5444 857 5514 παρὼν
884 5442 1137 5512 ἀφορίζει
1168 5441 1415 5503 τούτους.
1454 5438 1755 5509 Ἐλληνικοὶ
1780 5439 1835 5491 δὲ

272 5526 426 5607 ὅρκοι
484 5536 623 5589 εἰσὶν
677 5538 724 5588 οἱ
755 5536 905 5606 παρὰ
943 5535 1049 5587 τῶν
1092 5534 1361 5603 Ἑλλήνων
1402 5532 1715 5603 ὀμνύμενοι.
1772 5531 1837 5584 Οἱ

276 5632 375 5699 μὲν
437 5630 570 5700 γάρ,
642 5632 720 5691 είς
786 5627 1172 5696 ψευδωνύμους
1235 5627 1389 5689 θεοὺς
1465 5624 1834 5688 πιστεύοντες,

273 5720 496 5788 ὤμνυον
547 5722 626 5784 είς
660 5724 727 5774 τά
774 5720 979 5773 τούτων
1024 5718 1264 5788 ὀνόματα
1295 5733 1310 5748 ’
1349 5717 1499 5770 ἄλλοι
1550 5716 1838 5769 ἐπίστευον

277 5816 357 5879 εἰς
396 5814 464 5868 τὰ
498 5816 760 5885 στοιχεῖα,
795 5812 889 5865 καὶ
920 5810 1100 5881 ἕτεροι
1133 5811 1211 5874 εἰς
1245 5809 1380 5863 ἄλλα
1413 5808 1555 5862 τινά.
1597 5807 1835 5877 Ἐρωτή-

273 4722 290 4753 ι
337 4705 476 4767 Τοὺς
531 4704 834 4773 ὀμνύοντας

1850 4516 1903 4575 D

1907 1936 2169 2003 recipiet;
2207 1939 2293 1990 cui
2344 1939 2563 2008 quidem
2615 1943 2684 1995 ob
2735 1943 3100 2014 ignorantiam
3165 1946 3472 2020 ignosc'itur

1905 2024 2039 2078 adeo
2081 2037 2133 2078 ut
2175 2044 2278 2081 non
2316 2031 2611 2098 puniatur;
2645 2035 2943 2102 quinetiam
2977 2054 3074 2094 nec
3100 2041 3167 2105 is,
3215 2043 3307 2111 qui
3353 2058 3470 2099 eam

1906 2117 2146 2183 legitime
2175 2120 2353 2183 duxit,
2390 2123 2535 2177 illaut
2561 2126 2628 2179 ob
2658 2142 2878 2182 causam
2917 2132 3198 2199 punietur.

1906 2209 2139 2266 AltlSl‘.
2200 2230 2219 2263 ι
2252 2214 2378 2268 Viro
2430 2231 2533 2270 non
2578 2230 2915 2288 appueute,
2966 2240 3084 2294 qua:
3123 2225 3287 2280 alium
3325 2231 3477 2301 prius

1984 2322 2002 2356 ι
2039 2307 2333 2375 acer-perit.
2367 2322 2526 2377 quam
2570 2314 2771 2365 certior
2806 2313 2944 2367 facta
2976 2318 3066 2379 sit,
3111 2318 3471 2377 adulteratur.

1985 2413 2002 2444 ι
2043 2393 2135 2447 Vir
2182 2405 2362 2450 autem
2416 2414 2710 2465 reversus,
2770 2404 2815 2457 si
2865 2405 3273 2473 voluerit,eant
3334 2414 3477 2467 reci-

1988 2504 2005 2535 t
2053 2487 2180 2554 pict.
2213 2505 2231 2538 ι

1983 2579 2235 2634 Concinit
2271 2584 2525 2650 pnesenti
2573 2587 2767 2640 canoni
2821 2598 2871 2642 et
2914 2593 3211 2647 centesima
3265 2595 3476 2650 decima

1915 2669 2445 2738 septimaJustiniaui
2469 2679 2673 2731 novella
2701 2680 2750 2732 in
2780 2683 3011 2752 septimo
3051 2682 3205 2739 titulo
3238 2685 3481 2743 vicesimi

1915 2763 2090 2814 octavi
2113 2763 2276 2833 270
2304 2767 2425 2820 libri
2457 2767 2674 2825 Basilic.
2702 2774 2904 2840 posita.
2941 2772 3033 2828 illa
3072 2778 3268 2830 etenim
3297 2778 3476 2845 jubet,

1916 2852 2062 2921 quod
2096 2856 2140 2907 si
2173 2857 2371 2909 mulier
2402 2858 2623 2913 militem
2667 2862 2919 2917 habuerit
2943 2866 3141 2926 virum.
3169 2868 3259 2935 qui
3297 2870 3349 2922 in
3380 2885 3479 2922 ex-

1917 2945 2188 3012 peditione
2220 2956 2445 3018 peregre
2477 2949 2753 3018 profectus
2786 2958 2876 3015 sit,
2916 2970 2979 3007 ea
3013 2965 3191 3010 autem
3221 2958 3477 3012 didicerit

1921 3039 2070 3093 illum
2104 3050 2333 3095 mortem
2368 3043 2611 3110 obiisse;
2660 3062 2768 3101 non
2812 3048 2971 3102 aliter
3007 3065 3068 3103 ea
3097 3050 3230 3104 alias
3260 3048 3480 3121 nuptias

1921 3130 2086 3196 ineat,
2137 3133 2241 3188 nisi
2280 3151 2376 3205 pro
2412 3149 2564 3190 certo
2599 3138 2845 3194 habuerit
2879 3156 2907 3194 a
2956 3143 3147 3211 primis
3179 3144 3385 3198 muneri
3427 3147 3478 3197 in

1916 3237 2025 3291 quo
2083 3223 2163 3276 vir
2198 3224 2319 3293 ejus
2363 3227 2650 3295 militabat,
2702 3233 2995 3302 prOpnsitis
3052 3233 3213 3287 etiam
3273 3235 3483 3290 sanctis

1918 3313 2225 3384 Evangeliis
2264 3327 2321 3371 et
2361 3333 2458 3388 per
2500 3321 2733 3376 actionis
2772 3333 3123 3378 monumenta
3170 3323 3484 3378 conﬁtenti-

1918 3413 2040 3473 bus,
2077 3411 2222 3478 quod
2254 3412 2335 3465 vir
2356 3412 2477 3481 ejus
2507 3429 2694 3468 revera
2730 3417 2835 3469 vita
2867 3416 3163 3473 defunctus
3189 3419 3279 3484 sit,
3309 3428 3359 3472 et
3382 3419 3484 3472 liu-

1914 3500 2156 3570 jusmudi
2198 3516 2547 3559 monumenta
2578 3509 2869 3577 acceperit,
2906 3518 3111 3578 etpost
3142 3519 3346 3564 certam
3379 3512 3483 3563 lm~

1915 3593 2154 3662 jnSmOdi
2190 3598 2625 3666 persuasionem,
2663 3601 2823 3654 unius
2863 3602 3028 3655 etiam
3075 3603 3200 3656 anni
3247 3604 3480 3673 spatium

1921 3688 2205 3740 manserit.
2262 3687 2318 3742 Si
2377 3698 2559 3743 autem
2609 3701 2805 3760 praeter
2848 3692 2988 3748 hanc
3041 3695 3481 3748 observationem

1924 3776 2060 3829 alias
2094 3777 2314 3847 nuptias
2340 3780 2585 3845 iuiverit,
2617 3790 2669 3835 et
2699 3782 2809 3845 illa,
2848 3790 2900 3837 et
2942 3784 3036 3851 qui
3071 3798 3189 3836 eam
3218 3784 3391 3847 ducit,
3429 3797 3486 3837 ut

1923 3866 2155 3921 adulteri
2187 3869 2449 3936 puniendi
2478 3878 2626 3923 sunt.
2668 3870 2723 3923 Si
2769 3880 2949 3927 autem
2987 3874 3088 3927 hac
3128 3874 3267 3928 facta
3300 3875 3488 3929 obser-

1924 3964 2140 4018 vatione
2173 3964 2281 4029 isti,
2320 3965 2410 4034 qui
2441 3979 2563 4017 cum
2587 3966 2897 4033 jnramento
2930 3982 3047 4019 eam
3085 3967 3337 4021 fecerunt
3362 3984 3485 4021 cer-

1926 4054 2140 4121 tiorem,
2176 4056 2385 4109 mentiti
2418 4056 2586 4110 fuisse
2626 4056 3139 4125 deprehendantur;
3176 4059 3312 4113 istos
3342 4060 3487 4113 mili~

1927 4147 2001 4202 tia
2038 4147 2394 4201 deuudandos
2448 4163 2598 4211 esse,
2665 4157 2720 4202 et
2778 4150 2964 4204 decem
3040 4150 3304 4204 librarum
3368 4152 3485 4204 auri

1926 4255 2141 4309 pcenam
2186 4241 2280 4304 ei,
2339 4256 2501 4311 quem
2559 4240 2696 4295 falso
2748 4243 3004 4297 dixerunt
3055 4243 3199 4296 diem
3258 4243 3485 4306 abiisse,

1928 4331 2240 4400 persolvere
2281 4330 2479 4400 jubet:
2524 4348 2647 4385 eum
2703 4342 2921 4399 autem,
2964 4333 3009 4388 si
3056 4333 3207 4397 velit,
3256 4350 3482 4388 uxorem

1929 4438 2081 4476 suam
2113 4425 2356 4494 recipere
2385 4439 2492 4478 non
2517 4424 2789 4494 prohibet.

2494 4601 2723 4657 CANON
2769 4602 2950 4659 XCIV.

1937 4711 1957 4745 ο
2001 4695 2105 4749 Eos
2164 4696 2254 4765 qui
2315 4697 2597 4764 gentiliqu
2661 4708 2999 4752 sacramenta
3044 4697 3257 4767 jurant,
3316 4714 3493 4756 canon

2009 4806 2027 4837 ί
2076 4788 2251 4855 pinnis
2281 4788 2503 4858 subjicit
2534 4806 2546 4841 :
2577 4798 2629 4843 et
2668 4803 2765 4844 nos
2792 4790 2857 4844 iis
2892 4805 3109 4859 quoque
3158 4792 3492 4861 segregatioo

2010 4898 2027 4930 ι
2080 4896 2197 4934 nem
2230 4879 2593 4936 decernimus.
2625 4901 2643 4933 ι

2007 4970 2201 5026 BALS.
2238 4972 2465 5043 Magnus
2542 4973 2774 5029 Basilius
2826 4974 2878 5028 in
2933 4990 3140 5029 canone
3195 4975 3257 5031 81
3321 4976 3500 5046 poenis

1935 5063 2156 5133 subjicit
2188 5080 2295 5119 non
2318 5080 2413 5119 eos
2449 5064 2624 5119 solum
2657 5065 2747 5134 qui
2805 5081 2902 5119 sua
2945 5074 3137 5132 Sponte.
3168 5065 3499 5119 diemoniaca

1936 5155 2202 5209 sacriﬁcia
2227 5155 2544 5225 attigerunt,
2579 5164 2631 5209 et
2653 5157 2938 5225 gentilium
2971 5167 3314 5212 sacramenta
3343 5157 3501 5225 jura-

1937 5256 2096 5311 runt,
2132 5248 2225 5302 sed
2256 5262 2351 5303 eos
2384 5250 2547 5301 etiam
2581 5249 2674 5317 qui
2712 5264 2819 5301 non
2850 5258 3044 5317 sponte
3079 5254 3144 5303 ad
3193 5264 3255 5304 ea
3293 5251 3501 5305 detrusi

1938 5353 2085 5400 sunt.
2126 5340 2187 5394 Ei
2221 5356 2348 5409 ergo
2379 5339 2575 5393 canoni
2609 5350 3036 5410 consequenter,
3081 5357 3321 5408 prtesens
3363 5356 3504 5410 (μιοο

1938 5452 2045 5507 que
2077 5449 2254 5489 canon
2300 5447 2398 5487 eos
2447 5442 2717 5502 segregat.
2752 5432 2891 5487 Sunt
2927 5444 3105 5487 autem
3153 5441 3501 5488 sacramenta

1938 5528 2242 5600 gentilium,
2266 5542 2386 5595 qua:
2412 5525 2668 5594 jnrantur
2712 5540 2739 5577 a
2776 5526 3090 5592 gentilibus.
3128 5526 3232 5580 Alii
3265 5525 3408 5579 enim
3444 5526 3499 5579 in

1940 5620 2071 5674 deos
2111 5619 2246 5673 falso
2277 5617 2576 5687 appellatos
2608 5617 2920 5677 Credenles.
2958 5622 3011 5672 in
3045 5632 3233 5672 eorum
3280 5616 3502 5669 nomina

1935 5710 2216 5781 jurahaut.
2264 5708 2372 5762 Alii
2421 5706 2717 5762 credebant
2774 5708 2825 5761 in
2871 5711 3161 5768 elementa,
3212 5714 3264 5757 et
3312 5705 3399 5757 alii
3446 5706 3501 5757 in

1942 5804 2189 5874 qua-dim
2241 5803 2369 5856 alia.
2415 5801 2709 5871 Bogavcrit
2764 5810 2939 5854 autem
3007 5797 3302 5866 quispiam,
3377 5808 3504 5849 cum
