3992 6484
483 287 590 349 $3.)

1752 280 1852 340 TI]
1864 280 1959 340 EO
1971 281 2013 339 D
2025 327 2040 342 .
2076 280 2161 338 ΒΛ
2178 281 2307 339 LSA
2320 284 2367 340 M
2378 283 2417 338 (‘3
2430 282 2473 341 N

3659 280 3757 342 840

481 410 724 467 praisens
762 410 939 450 canon
969 394 1201 449 canonis
1232 391 1407 448 sancti
1448 390 1631 447 Basilii
1661 392 1934 454 meminit,
1956 391 2045 460 qui

2171 409 2237 442 rat
2286 392 2343 443 δέ
2389 410 2495 455 τις,
2553 392 2627 454 ὼς
2674 390 2769 444 τοῦ
2816 391 3080 461 παρόντος
3111 392 3349 454 κανόνος
3388 392 3749 461 μεμνημενιυ

476 506 572 543 (ξοδ
608 489 787 559 punit,
838 490 929 559 qui
963 498 1155 558 sponte
1197 489 1277 540 vel
1315 485 1689 538 iuvoluntarie
1730 484 1797 536 ad
1844 483 2042 537 dmino-

480 591 578 633 MS
601 591 977 643 accesserunt,
1007 589 1056 633 et
1082 578 1367 647 gentilium
1398 583 1743 628 sacramenta
1766 572 2053 641 jniarunt:

481 688 541 743 Si
577 685 701 755 quis
728 679 796 733 ad
823 676 1100 729 dauuonas
1122 669 1340 737 quidem
1368 682 1473 719 non
1514 666 1834 721 actesserit.
1880 676 2056 731 neque

408 828 421 839 ,
481 779 721 849 pollutus
778 768 978 828 luerit,
1031 762 1126 818 sed
1167 760 1530 814 orthodoxam
1600 756 1759 809 tidem
1831 755 2053 816 colens,

412 902 416 907 -
481 846 767 939 jgcutilium
814 864 1154 916 sacramenta
1205 854 1564 919 contemptim
1604 846 1904 917 juraverit,
1957 861 2057 915 pu—

484 970 688 1024 uielur,
723 975 789 1011 an
824 953 971 1009 non?
1017 949 1246 1005 δμιιιιίο.
1278 946 1570 1009 Punietnr;
1608 942 1701 997 sed
1760 957 1866 995 nou
1905 955 2060 1010 a'que

418 1040 419 1045 “
483 1070 546 1106 ac
594 1052 629 1105 ii
690 1049 781 1118 qui
820 1046 882 1097 ad
939 1042 1216 1094 tl.einon.:s
1277 1040 1686 1089 act-cssernnt:
1738 1030 1831 1085 sed
1894 1030 2059 1099 paulo

485 1116 784 1207 mitius,—ut
819 1116 993 1193 visiim
1031 1135 1191 1187 fuerit
1228 1134 1329 1185 loci
1374 1132 1522 1184 illius
1561 1129 1845 1199 epise0po.
1902 1124 2040 1178 Nam

482 1248 537 1290 et
592 1249 821 1302 magnus
878 1228 1112 1280 Basilius
1139 1224 1290 1293 ponit
1334 1222 1706 1274 dillerentiatu
1751 1218 1894 1270 inter
1940 1231 2056 1276 eos,

484 1329 576 1397 qui
622 1325 686 1378 ad
734 1325 1012 1376 daemonas
1072 1322 1430 1370 accesserunt
1485 1320 1538 1366 et
1590 1313 1955 1381 julaverunt:
2003 1316 2057 1362 et

486 1420 675 1472 mitius
711 1413 864 1485 punit
889 1426 1035 1473 cum,
1068 1410 1158 1478 qui
1206 1414 1429 1476 propter
1466 1419 1716 1475 magnam
1759 1400 2060 1456 necessita-

485 1526 592 1566 tem
639 1507 826 1561 illicita
858 1504 1119 1575 gustavit,
1166 1508 1218 1553 et
1254 1500 1537 1568 gentilium
1587 1505 1933 1551 sacramenta
1970 1493 2062 1563 ju-

491 1610 670 1655 r;t\'.l:
708 1595 1073 1665 segregatioui
1126 1604 1305 1645 tamen
1342 1605 1534 1643 omnes
1573 1586 2061 1642 indiscriminatitu

487 1692 876 1760 subjicientur,
931 1701 987 1739 ut
1041 1686 1357 1738 divinorum
1402 1698 1618 1751 quoque
1660 1690 2061 1750 praeceptorum

488 1791 859 1851 contemptor,
924 1779 1035 1831 illie
1083 1777 1171 1830 ubi
1229 1790 1335 1829 non
1394 1788 1532 1843 Opus
1566 1785 1649 1828 est
1684 1775 1871 1827 ludere
1899 1813 1913 1836 ,
1946 1788 2055 1827 non

487 1875 782 1930 ludendum
816 1887 935 1923 esse
966 1870 1126 1923 sciat.
1159 1865 1298 1931 Quid
1336 1882 1483 1929 vero,
1518 1867 1562 1920 si
1592 1866 1718 1935 quis
1744 1879 2059 1920 sacramen-

488 1978 600 2019 tntu
629 1983 736 2018 non
765 1963 1052 2033 gentiliu-u
1077 1960 1369 2028 juravcrit,
1408 1958 1503 2013 sed
1553 1957 1823 2019 insolens,
1870 1965 2059 2025 utpote

486 2073 583 2127 per
628 2072 760 2111 suos
798 2057 1037 2115 liberos,
1091 2053 1175 2105 vel
1227 2049 1436 2119 aliquid
1476 2049 1656 2114 aliud,
1710 2051 1858 2118 quod
1900 2049 2061 2100 [idem

488 2166 592 2202 non
622 2147 865 2205 oll’endit.
902 2141 1274 2215 punieturne?
1298 2141 1523 2195 Salutio.
1553 2140 1821 2205 Quartum
1867 2148 2059 2207 caput,

484 2251 541 2296 et
572 2242 825 2312 quintum
860 2241 893 2293 5
952 2240 1037 2291 tit.
1074 2254 1185 2291 χχιι
1240 2236 1358 2289 libri
1413 2250 1508 2289 eos
1549 2234 1640 2303 qui
1716 2248 1811 2302 per
1857 2232 2061 2302 impro-

490 2334 669 2383 batam
722 2329 1043 2398 religionem
1086 2328 1273 2392 juraut
1316 2336 1660 2377 aversantur.
1734 2321 1879 2385 Dicit
1913 2321 2059 2375 enim

487 2431 740 2488 quartum
795 2428 959 2487 caput
986 2456 1000 2480 ,
1034 2415 1190 2471 Sicut
1230 2415 1477 2468 defertur
1517 2412 1929 2483 jusjurandum,
1983 2411 2059 2465 ita

487 2513 651 2567 edam
689 2512 850 2565 debet
888 2509 1114 2578 jurari;
1174 2508 1218 2562 si
1277 2507 1420 2560 cnim
1453 2522 1576 2560 cum
1623 2520 1723 2573 ego
1766 2521 1861 2575 per
1893 2505 2061 2558 Deum

488 2603 803 2667 detulerim,
839 2616 935 2671 per
980 2610 1143 2669 caput
1182 2611 1329 2652 tuum
1355 2597 1662 2666 juraveris,
1692 2600 1774 2650 vel
1806 2612 1902 2665 per
1939 2604 2063 2650 tuos

490 2693 716 2757 liberos,
751 2709 856 2745 nou
892 2700 976 2746 est
1010 2695 1227 2744 lirmunt
1260 2705 1323 2742 ac
1356 2698 1554 2743 ratum.
1598 2690 1782 2755 Quare
1818 2690 1863 2744 si
1892 2690 2065 2744 detuli

490 2784 588 2837 tibi
634 2800 726 2853 per
750 2792 915 2853 caput
946 2793 1127 2847 tuum,
1164 2790 1217 2835 et
1240 2781 1319 2834 sic
1345 2781 1643 2854 jurareris,
1668 2780 2062 2851 jusjurandum

488 2878 669 2929 Valere
710 2874 920 2928 debuit.
960 2874 1024 2927 Et
1051 2874 1081 2927 5
1114 2890 1234 2943 cap.
1272 2890 1285 2927 :
1320 2873 1487 2927 llecte
1519 2875 1611 2927 tibi
1652 2873 1838 2928 defero
1877 2882 1935 2927 ut
1970 2888 2069 2943 per

488 2970 719 3021 salutem
769 2976 915 3018 tuam
946 2965 1141 3034 jures:
1173 2981 1334 3019 omne
1364 2966 1511 3018 enim
1555 2965 1765 3019 licitum
1792 2965 2068 3035 jusjuran-

487 3062 616 3113 tium
642 3076 706 3114 ex
755 3060 1029 3113 delatione
1066 3058 1313 3127 juratum
1352 3069 1632 3121 servatur,
1666 3066 1720 3112 et
1751 3060 2069 3129 quicunque

489 3167 584 3221 per
609 3148 886 3220 pr0priam
926 3150 1245 3218 religionem
1272 3148 1567 3216 juraverit.
1618 3148 1684 3201 Et
1724 3157 2063 3219 postremum

488 3245 669 3297 thema
705 3244 950 3310 ejusdem
978 3258 1123 3311 cap.:
1155 3239 1551 3308 Jusjurandum
1578 3241 1724 3312 quod
1756 3241 2070 3310 perimpro-

491 3334 676 3386 batam
720 3333 1042 3400 religionem
1086 3329 1425 3399 concipitur,
1478 3346 1587 3385 non
1644 3341 1917 3386 servatur.
1963 3329 2070 3383 lm-

492 3426 720 3494 prnbata
778 3431 961 3476 autem
997 3429 1081 3475 est
1124 3423 1343 3490 religio,
1377 3438 1495 3492 quae
1526 3432 1611 3477 est
1641 3432 1837 3492 praeter
1874 3423 2067 3476 ortho-

491 3530 614 3566 xaiu
668 3515 851 3566 (idem.
886 3511 1245 3567 Ortbodoxus
1291 3526 1592 3583 crgo,nou
1630 3515 1859 3567 aliorum
1913 3514 2070 3569 Clirio

490 3607 823 3666 stianorum,
860 3607 952 3658 sed
1000 3621 1192 3658 eorum
1258 3606 1354 3674 qui
1406 3606 1547 3658 male
1624 3609 1870 3660 sentiunt
1921 3622 2070 3661 more

486 3698 704 3767 jurans,
744 3714 849 3752 non
879 3698 1057 3751 solum
1090 3714 1157 3751 ex
1199 3698 1650 3766 eojurejurantlo
1682 3701 1815 3752 nihil
1851 3700 2070 3769 juvabi-

492 3801 602 3854 tur,
634 3794 726 3845 sed
755 3792 919 3843 etiam
956 3806 1021 3844 ex
1056 3793 1364 3844 canoiiibus
1394 3793 1676 3859 punietur.

570 3879 823 3936 ZONAB.
883 3881 1196 3937 Graecorum
1229 3892 1282 3937 et
1322 3885 1564 3953 gentium
1597 3886 1734 3939 ritus
1768 3885 1950 3941 ﬁdeles
1985 3902 2077 3956 pc-

490 3974 639 4029 nitns
702 3974 942 4028 aversari
996 3974 1219 4028 debent.
1301 3974 1481 4040 Quare
1530 3992 1707 4046 neque
1757 3975 2074 4031 Graecorum

487 4067 849 4134 jurejurando
905 4066 1065 4121 nobis
1123 4066 1200 4119 uti
1256 4067 1581 4135 permissum
1634 4074 1739 4121 est.
1833 4066 1898 4120 Et
1947 4085 2077 4122 vero

494 4173 728 4227 magnus
761 4156 997 4212 Basilius
1044 4172 1154 4227 quo
1212 4158 1375 4212 modo
1406 4156 1722 4212 Graecorum
1748 4157 2077 4228 jurameutis

494 4260 710 4305 utentes
764 4250 1021 4321 piinicndi
1072 4258 1203 4313 snt,
1258 4265 1471 4304 canone
1507 4252 1843 4320 octogesimo
1900 4253 2078 4321 primo

493 4340 818 4411 prmscribit.
903 4338 1009 4394 Lex
1045 4350 1229 4394 autem
1284 4341 1462 4395 civilis
1493 4340 1713 4397 Basilio.
1755 4342 1899 4396 libro
1929 4342 2079 4395 vice-

2095 1762 2135 1815 Β

2096 3103 2138 3159 C

2161 482 2260 533 τοῦ
2313 484 2538 545 κανόνος
2587 481 2681 536 τοῦ
2733 482 2890 550 ἁγίου
2938 477 3218 534 Βασιλείου
3275 481 3380 535 τοῦ
3427 480 3753 543 κολάζεντος

2158 573 2289 635 τοὺς
2325 574 2591 637 ἑκουσίως
2629 574 2660 644 ἢ
2713 574 2988 647 ἀκουσίως
3028 573 3451 645 προσελθόντας
3500 576 3616 637 τοῖς
3642 575 3755 627 δαί⁴

2162 684 2287 737 μοσι
2318 670 2410 720 καὶ
2436 670 2738 738 ὀμόσαντας
2774 668 3120 738 Ἑλληνικοὺς
3159 672 3370 737 ὅρκους
3406 667 3509 719 ἐάν
3542 684 3626 729 τις
3651 671 3757 731 τεῖς

2162 759 2380 827 δαίμοσι
2404 759 2500 829 μὲν
2524 757 2599 829 μὴ
2627 757 2923 831 προσέλθῃ,
2942 759 3078 828 μηδὲ
3113 758 3346 828 μιανθῇ,
3371 756 3519 808 ἁ).λᾶ
3543 756 3643 826 τὴν
3671 757 3757 828 ὀρ.

2164 848 2378 913 θόδοξον
2400 850 2587 900 πίστιν
2617 849 2910 919 σεϐόμενος
2942 847 3131 917 ὀμνύει
3159 850 3373 917 ὅρκους
3410 848 3760 915 Ἑλληνικοὺς

2161 944 2226 995 ὲκ
2250 943 2734 1011 καταφρονήσεως,
2762 942 3161 1010 κολασθήσεται
3190 942 3221 1012 ἢ
3261 940 3329 995 οὗ
3356 958 3371 1006 ;
3407 941 3631 1005 Λύσις.
3664 941 3761 993 Κοι

2161 1036 2493 1104 λασθήσεται
2526 1050 2541 1065 ·
2573 1036 2674 1087 οὑκ
2709 1036 2909 1104 ἐπίσης
2948 1035 3003 1087 δὲ
3044 1030 3157 1098 τοῖς
3188 1033 3600 1103 ’προσελθοῦσι
3654 1038 3759 1097 τοῖς

2163 1129 2404 1199 δαίμοσι,
2443 1128 2583 1181 ἀλλὰ
2618 1128 3006 1199 μετριώτερον,
3032 1129 3130 1181 καὶ
3156 1131 3304 1181 κατὰ
3350 1128 3416 1180 τὸ
3450 1127 3763 1209 δοκοῧητῷ

2166 1222 2310 1273 uti
2350 1221 2539 1291 χώραν
2570 1221 2880 1288 ὲπισκόπῳ.
2912 1221 3038 1273 Ὀτι
3062 1223 3157 1273 καὶ
3188 1224 3214 1273 6
3249 1220 3446 1290 μέγας
3485 1219 3761 1281 Βασίλειος

2164 1301 2433 1380 διαφορὰν
2484 1312 2630 1363 ποιεῖ
2662 1328 2722 1364 τε
2757 1311 2868 1364 τῶν
2917 1311 3347 1382 προσελθόντων
3391 1312 3512 1372 τοῖς
3549 1308 3760 1380 δαίμοσι

2166 1408 2259 1460 καὶ
2305 1405 2626 1474 ὀμοσάντων
2657 1420 2671 1435 ’
2703 1405 2798 1458 καὶ
2853 1404 3224 1476 μετριώτερον
3277 1404 3523 1469 κολάζει
3578 1405 3668 1457 τὸν
3699 1406 3758 1457 δι’

2165 1499 2416 1569 ἀνάγκην
2471 1498 2719 1568 μεγάλην
2766 1497 2877 1551 τῶν
2919 1498 3203 1567 ἀθεμίτων
3259 1497 3629 1565 γευσάμενον
3676 1499 3762 1550 καὶ

2178 1590 2526 1658 Ἑλληνικοὺς
2559 1590 2759 1659 ὅρκους
2789 1588 3087 1657 ὀμόσαντα.
3115 1589 3205 1660 Τῷ
3233 1589 3440 1659 μέντοι
3472 1589 3760 1658 ἀφορισμῷ

2171 1680 2488 1750 ἀδιαφόρως
2519 1682 2721 1741 πάντες
2750 1680 3255 1750 ύποὸληθήσονται,
3289 1681 3389 1733 ἵνα
3425 1680 3583 1752 μάθῃ
3623 1683 3714 1733 καὶ
3735 1684 3761 1732 6

2167 1772 2587 1844 καταφρονητὴς
2630 1774 2740 1825 τῶν
2793 1773 2956 1825 θείων
2994 1774 3394 1844 παραγγελιῶν
3440 1774 3519 1844 μὴ
3555 1775 3759 1837 παίζειν

2167 1867 2223 1917 ἐν
2257 1866 2317 1917 ού
2358 1867 2633 1926 παικτοῖς.
2663 1864 2727 1915 Τί
2758 1865 2838 1928 δὲ,
2874 1865 2967 1917 ἐὰν
2995 1866 3171 1933 ὀμόσῃ
3206 1882 3296 1927 τις
3324 1865 3501 1935 ὅρκον
3539 1866 3615 1935 μὴ
3647 1867 3760 1919 Ἑλ·

2165 1957 2413 2027 ληνικδν,
2439 1956 2576 2009 ἀλλὰ
2596 1956 2861 2026 ἀτυνήθη.
2893 1956 3056 2026 τυχὸν
3077 1960 3152 2020 εἰς
3177 1959 3307 2020 τοὺς
3340 1958 3553 2019 παῖδας
3577 1960 3757 2027 αὑτοῦ,

2164 2051 2302 2120 ﬁsi;
2333 2050 2548 2121 ἕτερον,
2580 2049 2655 2117 μὴ
2683 2048 3044 2120 προσκρούων
3078 2050 3157 2113 εἰς
3189 2049 3291 2119 τὴν
3326 2052 3525 2102 πίστιν
3546 2088 3563 2112 ,
3596 2066 3758 2117 τιμω-

2169 2138 2495 2210 ρηθήσεται;
2548 2140 2761 2205 Λύσις.
2811 2140 2884 2193 Τὸ
2939 2140 2981 2192 δ’
3046 2157 3170 2208 κεφ.
3209 2141 3305 2194 καὶ
3349 2141 3415 2193 τὸ
3475 2140 3523 2193 ε’
3582 2140 3671 2194 τοῦ
3720 2147 3756 2193 ε’

2165 2230 2348 2283 τίτλου
2378 2230 2472 2282 τοῦ
2520 2228 2602 2299 κβ¹
2632 2229 2773 2300 βιόλ.
2806 2232 2931 2293 τοὺς
2980 2231 3122 2285 κατὰ
3147 2231 3426 2301 ἁδοκίμου
3463 2232 3753 2302 θρησκείας

2170 2324 2520 2392 ὁμννμὲνους
2548 2324 2747 2392 ὅρκους
2781 2324 3209 2393 ἀποτρέπονται.
3244 2325 3394 2393 Φησὶ
3442 2324 3557 2396 γὰρ
3602 2325 3660 2377 τὸ
3693 2324 3751 2377 δ’.

2167 2436 2293 2487 κεφ.
2332 2417 2423 2480 Ὦς
2453 2417 2775 2486 ἑπιιρέρεται
2803 2417 2831 2468 6
2860 2416 3042 2485 ὅρκος,
3074 2414 3248 2478 οὕτως
3280 2414 3575 2483 ὲποφείλει
3603 2415 3757 2483 ὀμνί-

2167 2510 2348 2565 εσθαι.
2406 2510 2466 2562 Εἰ
2521 2510 2631 2578 γὰρ
2690 2507 2826 2578 ἐμοῦ
2887 2508 3192 2575 ἐπάγοντος
3246 2506 3401 2562 κατὰ
3465 2505 3564 2560 τοῦ
3626 2504 3751 2559 Θεοῦ

2168 2602 2392 2672 ὀμόσαι,
2436 2601 2581 2654 κατὰ
2607 2599 2713 2653 τῶν
2736 2599 2944 2652 τέκνων
2968 2616 3061 2652 σου
3086 2599 3335 2668 ὀμόσεις,
3366 2600 3474 2652 ούκ
3504 2600 3750 2670 ἕῤῥωτα·.

2171 2695 2338 2746 ’Ὥστε
2374 2694 2421 2744 εί
2450 2692 2733 2761 ὲπήγαγόν
2768 2708 2851 2743 σοι
2895 2691 3039 2744 κατὰ
3078 2691 3177 2760 τῆς
3215 2692 3473 2759 κεφαλῆς
3524 2708 3619 2743 σου
3668 2692 3750 2743 καὶ

2168 2784 2390 2852 ὤμοσας
2426 2782 2626 2845 οὕτως,
2663 2780 2893 2849 ὠφειλεν
2942 2777 3081 2835 εἶναι
3129 2785 3156 2837 ὀ
3198 2784 3372 2853 ὅρκος
3418 2785 3753 2855 ἐρρωμένος.

2170 2878 2282 2929 Καὶ
2309 2877 2369 2928 τὸ
2399 2872 2438 2926 ε’
2498 2890 2623 2942 κεφ.
2656 2873 2833 2936 καλῶς
2879 2875 3128 2944 ὲπιφέρω
3160 2893 3241 2929 σοι
3269 2876 3425 2929 κατὰ
3451 2876 3553 2944 τῆς
3586 2892 3750 2942 σωτη-

2175 2965 2297 3036 ρίας
2324 2981 2417 3016 σου
2441 2963 2641 3033 ὀμόσαι
2672 2979 2687 2995 ο
2721 2965 2831 3026 πᾶς
2866 2965 2978 3033 γὰρ
3012 2963 3232 3034 θεμιτός
3253 2968 3426 3036 ὅρκος
3450 2966 3514 3030 ἐξ
3542 2969 3746 3033 ἐπαγω-

2172 3061 2274 3128 γῆς
2303 3057 2523 3128 ὀμοθεὶς
2548 3056 2879 3125 φυλάττεται
2907 3072 2922 3088 ·
2955 3060 3047 3110 καὶ
3076 3059 3225 3121 ὅστις
3256 3060 3460 3129 ὀμόσει
3492 3060 3634 3112 κατὰ
3662 3060 3747 3128 τὴν

2177 3151 2313 3204 ἰδίαν
2342 3149 2665 3219 θρησκείαν.
2701 3149 2813 3203 Καὶ
2846 3148 2906 3201 τὸ
2932 3149 3240 3203 τελευταῖον
3292 3150 3444 3220 θέμα
3471 3151 3567 3203 τοῦ
3598 3148 3744 3203 αὐτοῦ

2172 3242 2497 3311 κεςραλαίου,
2526 3241 2553 3293 6
2597 3240 2740 3293 κατὰ
2784 3240 3051 3309 ἀδοκίμου
3092 3240 3399 3311 θρησκείας
3455 3241 3745 3312 ὀμνύμενος

2170 3334 2336 3404 ὅρκος
2380 3333 2441 3385 οὺ
2486 3330 2822 3400 φυλάττεται
2848 3347 2862 3362 ⁸
2894 3333 3157 3403 ἀδόκιμος
3204 3334 3262 3387 δὲ
3300 3335 3581 3406 θρησκεία
3612 3334 3743 3386 ἐστὶν

2171 3426 2205 3493 ἠ
2236 3423 2391 3494 παρὰ
2419 3423 2518 3493 τὴν
2545 3420 2831 3493 ὀρθόδοξον
2860 3424 3047 3475 πίστιν
3078 3439 3091 3454 ’
3120 3426 3147 3477 ὀ
3175 3424 3309 3493 γοῦν
3340 3424 3649 3495 ὀρθόδοξος.
3674 3424 3741 3493 μὴ

2173 3517 2318 3569 κατὰ
2371 3516 2498 3577 τοὺς
2552 3514 2778 3577 λοιποὺς
2828 3515 3264 3585 Χριστωνύμους
3313 3516 3577 3587 ὀμνύων,
3624 3514 3743 3569 ἀλλὰ

2173 3610 2316 3665 κατὰ
2351 3610 2476 3671 τοὺς
2501 3609 2852 3672 κακοδόξους,
2895 3609 2956 3661 οὐ
3006 3609 3169 3678 μόνον
3208 3610 3309 3662 οὐκ
3335 3610 3743 3681 ὠφεληθήσεται

2174 3704 2283 3756 ἀπὸ
2326 3700 2419 3753 τοῦ
2460 3704 2647 3772 ὅρκου,
2687 3700 2822 3755 ἀλλὰ.
2846 3703 2940 3755 καὶ
2971 3702 3430 3773 τιμωρηθήσεται
3471 3704 3611 3757 κατὰ
3632 3702 3742 3763 τοὺς

2175 3795 2428 3849 κανόνας.

2255 3888 2504 3939 ΖΩΓέΛΡ.
2557 3888 2634 3939 Τὰ
2690 3886 2800 3938 τῶν
2862 3886 3188 3956 Ἑλληνικῶν
3243 3889 3342 3959 ἔθη
3399 3891 3494 3943 καὶ
3536 3892 3600 3939 τὰ
3644 3887 3737 3938 τῶν

2178 3979 2409 4031 ἐθνικῶν
2434 3980 2786 4049 ἀποτρόπαια
2828 3983 2941 4042 τοῖς
2978 3986 3213 4045 πιστοῖς.
3278 3984 3375 4036 Διὸ
3409 3981 3531 4035 οὐδὲ
3562 3981 3739 4049 ὅρκους

2190 4072 2537 4141 Ἑλληνικοὺς
2562 4071 2784 4141 ὀμνύειν
2807 4073 3289 4144 ὲπιτετράμμεθα.
3317 4077 3426 4129 Καὶ
3456 4078 3484 4129 6
3507 4075 3669 4144 μέγας
3690 4070 3738 4123 δὲ

2183 4164 2464 4226 Βασίλειος
2518 4167 2577 4216 ἐν
2629 4163 2980 4236 ὀγδοηκοστῴ
3016 4166 3220 4237 πρώτῳ
3259 4169 3449 4222 κανόνι
3491 4167 3617 4236 περὶ
3644 4163 3737 4217 τῶν

2180 4255 2429 4319 ὲονικοὺς
2459 4257 2781 4326 ὀμοσάντων
2812 4258 3008 4326 ὅρκους
3042 4260 3193 4322 ὅπως
3232 4259 3735 4330 οἰκονομηθήσονται

2183 4346 2557 4402 διατάττεται.
2602 4348 2712 4401 Καὶ
2751 4347 2779 4398 ὀ
2809 4349 3087 4411 πολιτικὸς
3124 4349 3181 4402 δὲ
3224 4350 3390 4420 νόμος
3424 4353 3483 4404 ὲν
3533 4341 3737 4412 εἰκοστῷ

495 4435 638 4488 simo
673 4432 937 4496 secundo,
994 4434 1152 4487 titulo
1199 4435 1412 4503 quinto,
1469 4435 1647 4502 capite
1704 4443 1920 4504 quarto,
1974 4434 2066 4488 sit;

2182 4439 2418 4512 δευτέρῳ
2455 4440 2647 4513 βιϐλίῳ
2701 4444 2809 4496 τῶν
2843 4441 3156 4496 Βασιλικῶν
3192 4444 3449 4514 κείμενος
3480 4442 3633 4509 τίτλῳ
3680 4433 3733 4498 εἰ

496 4525 607 4578 ait:
647 4524 820 4578 Omne
856 4524 1056 4577 licitum
1086 4523 1476 4593 jusjurandqu
1517 4540 1583 4578 ex
1629 4525 1901 4580 delatione
1925 4523 2083 4594 jura-

493 4626 605 4669 tum
641 4628 923 4671 servatur:
983 4625 1038 4670 ut
1072 4633 1137 4671 ex
1171 4616 1402 4671 adverso
1454 4616 1681 4681 intelligi
1735 4617 1914 4681 liccat,
1960 4633 2082 4672 eum

492 4706 588 4774 qui
632 4708 802 4759 vetito
861 4721 921 4760 se
967 4705 1329 4775 jurejurando
1364 4704 1744 4768 obstrinxerit,
1798 4706 1963 4760 veluti
1990 4701 2083 4777 qui

494 4807 591 4861 per
620 4795 815 4857 solem,
874 4803 967 4847 aut
1000 4796 1128 4862 quid
1183 4793 1329 4846 aliud
1363 4792 1630 4862 ejusmodi
1656 4792 1878 4862 jurarit,
1934 4806 1991 4849 ut
2031 4797 2082 4851 id

494 4893 674 4937 servet
714 4899 1059 4955 nequaquam
1093 4901 1215 4939 esse
1246 4884 1573 4955 cogendum.

493 4972 717 5027 ARIST.
760 4994 777 5025 ι
804 4974 905 5040 Qui
938 4978 1217 5046 gentibuni
1257 4976 1586 5045 jinauti-ntts
1619 4978 1807 5043 utitur,
1851 4981 2081 5047 punicu-

572 5083 590 5116 ι
637 5067 774 5121 dus:
813 5083 938 5121 nam
978 5078 1316 5137 Segregatur.
1356 5086 1375 5118 ι
1442 5067 1770 5136 Perspicuus.

1010 5158 1320 5214 CANON
1389 5159 1549 5216 XCV.

504 5268 523 5301 ι
549 5247 678 5313 Eos,
698 5254 789 5323 qui
823 5264 983 5309 rectae
1011 5254 1076 5307 de
1109 5252 1213 5308 [ide
1244 5256 1525 5309 sententi-.e
1552 5257 1841 5323 accedunt,
1863 5271 1917 5315 et
1946 5264 2080 5331 parti

2185 4550 2312 4603 κεφ.
2342 4534 2405 4601 δ’,
2430 4535 2598 4603 φησί·
2633 4537 2744 4598 Πᾶς
2779 4535 2999 4605 θεμιτὸς
3029 4538 3190 4606 ὅρκος
3216 4537 3276 4602 ἐξ
3306 4537 3597 4608 ἐπαγωγῆς
3622 4534 3733 4602 ὀμο-

2187 4623 2298 4685 θεὶς
2332 4626 2686 4693 φυλάττεται,
2717 4627 2793 4690 ὡς
2823 4630 2880 4694 ἐξ
2929 4629 3345 4700 ἁντιδιαστολῆς
3378 4628 3631 4689 νοεῖσθαι,
3661 4622 3731 4673 ὅτι

2182 4715 2210 4766 6
2239 4715 2499 4784 ἀθέμιτον
2565 4717 2726 4788 ὁρκον
2760 4721 2986 4789 ὀμόσσι·,
3045 4717 3157 4774 οἷον
3214 4724 3291 4793 μὰ
3330 4723 3419 4775 τὸν
3469 4720 3612 4791 ἥλιον
3653 4713 3732 4767 καὶ

2183 4808 2487 4874 τοιούτους,
2521 4810 2621 4862 οὐκ
2652 4813 3134 4882 ἀναγκασθήσεται
3187 4815 3420 4884 φυλάξαι
3459 4814 3636 4868 αὐτόν.

2183 4996 2409 5049 ΑΡΙΣΓ.
2456 5014 2473 5046 ι
2520 4996 2579 5049 Ὀ
2624 4997 2961 5067 Ἑλληνικοῖς
2987 5002 3172 5071 ὅρκοις
3203 5001 3520 5071 ὀμνύμενος,
3578 4998 3725 5048 ἐπιτι-

2414 5108 2432 5139 ‹
2480 5091 2675 5159 μγ,τέος
2701 5105 2717 5122 θ
2749 5091 3070 5161 ἀερορίζεται
3100 5095 3228 5164 γάρ.
3269 5112 3287 5145 ι
3322 5089 3543 5162 Σαρής.

2762 5184 3003 5237 ΚΑΝΩΝ
3065 5187 3178 5253 κεν.

2189 5289 2207 5321 ι
2253 5271 2393 5334 Τοὺς
2441 5273 2904 5343 προστιθεμένους
2966 5279 3031 5347 τῇ
3085 5278 3362 5349 ὀρθοδοξίᾳ
3416 5276 3488 5348 (7)
3529 5270 3613 5326 καὶ
3666 5264 3720 5334 τῇ

1732 5352 1927 5415 Guill.
1964 5359 2302 5441 Emere-sli
2338 5375 2523 5427 nota).

571 5446 830 5522 (7)_T0_bc
860 5448 1362 5522 προστιθεμένους
1396 5449 1469 5518 τῇ
1505 5450 1838 5522 ὀρθοδοξίᾳ.
1880 5457 1937 5510 lu
1975 5475 2072 5512 au-

498 5519 872 5571 notationibus
931 5523 997 5571 ad
1058 5521 1348 5588 septimum
1411 5525 1663 5581 Secunda:
1720 5519 2074 5582 metuueuicaa

497 5588 1187 5665 synodicamstautinopnli
1218 5592 1505 5665 celebratae
1528 5608 1795 5648 eauouem
1826 5598 2073 5665 pluribus

497 5658 875 5732 ostendimus,
938 5659 1097 5732 istum
1149 5676 1411 5714 cauonem
1463 5664 1509 5715 ei
1566 5667 1777 5732 synodo
1826 5658 1969 5721 Talso
2011 5687 2074 5721 a-

500 5728 764 5797 smiptum
795 5742 935 5784 esse.
971 5728 1147 5783 Prima
1179 5743 1357 5786 autem
1392 5742 1443 5788 et
1478 5728 1633 5801 longe
1673 5738 1909 5793 maxima
1944 5754 2073 5809 pars

2175 5467 2336 5544 istius
2362 5469 2589 5544 canonis
2620 5468 2711 5523 hic
2744 5470 3005 5544 verbatim
3034 5476 3332 5544 repetitur;
3366 5475 3525 5544 multa
3554 5480 3709 5544 1-1108"

2177 5537 2381 5616 inserta
2428 5541 2545 5605 ejus
2598 5541 2790 5616 synodi
2856 5537 3151 5600 mentione.
3207 5537 3358 5602 Unde
3413 5540 3712 5616 conjecimus

2177 5607 2341 5658 iStum
2375 5606 2664 5674 canoueni,
2700 5612 2847 5665 velut
2871 5627 2897 5663 a
2929 5617 3169 5669 secunda
3197 5606 3521 5670 metuueuica
3539 5606 3715 5678 synodo

2176 5678 2532 5756 Samstitntuin
2558 5720 2573 5743 ,
2618 5683 2869 5749 praesenti
2906 5687 3139 5739 concilio
3189 5688 3511 5756 inCOgnitum
3548 5678 3711 5756 inisse-

2176 5743 2440 5801 l’rxterca
2475 5765 2539 5805 ex
2583 5743 2839 5807 universo
2872 5756 2991 5824 ejus
3026 5763 3281 5812 contextu
3312 5743 3705 5813 obscrt'ai'itth.
