3992 6484
183 369 305 432 845

1216 365 1291 423 1N
1335 363 1501 422 CAN.
1536 361 1711 421 XCVI
1756 359 1976 420 CUNC.
2016 357 2097 417 ΙΝ
2138 358 2460 453 TRULLO.

3348 364 3453 425 8L6

2298 456 2301 463 .
2548 440 2572 463 ο

184 479 478 548 μοσατέως
497 479 925 549 καταγομένους,
946 481 1039 532 καὶ
1056 477 1179 540 τοὺς
1200 476 1417 539 λοιποὺς
1437 474 1769 546 αἱρετικοῦς,

1922 471 2042 524 aulo
2076 471 2437 527 Samosateno
2491 473 2745 530 seductos
2792 486 2846 532 et
2880 477 3016 533 alios
3046 481 3333 537 haereticos
3363 497 3449 535 or-

182 572 324 638 τοὺς
358 573 827 642 προσερχομένους
882 575 947 642 τῇ
976 594 977 597 η
1010 568 1275 640 spectasse
1311 568 1517 631 πίστει,
1558 567 1650 619 καὶ
1699 564 1773 625 ὡς

187 664 468 729 Ἕλληνας
492 664 921 734 παραδεχόμενοι
946 664 1035 715 καὶ
1072 664 1450 734 βαπτίζοντες,
1480 662 1545 730 τῇ
1576 656 1769 729 πρώτῃ

181 754 379 825 ἡμέρα
416 755 511 815 τὰς
544 756 791 823 αἱρέσεις
834 752 1015 804 αὐτῶν
1050 753 1394 821 ἀπαιτοῦμεν
1438 748 1772 819 ἀναθεματί-

182 845 332 913 ζειν,
368 846 464 900 καὶ
495 846 758 915 ποιοῦμεν
820 845 1019 908 αὐτοὺς
1085 846 1208 899 ὅσον
1244 847 1384 899 κατά
1417 843 1576 897 τοῦτο
1639 843 1777 911 Χριο

184 940 488 1002 στιανούςο
528 943 592 1010 τῇ
655 940 710 993 δὲ
763 941 992 1011 δευτέρα
1048 939 1399 1010 κατηχοῦμεν
1435 936 1632 996 αὐτοὺς
1686 933 1777 987 τὸν

179 1031 359 1100 λόγον
384 1033 482 1102 τῆς
517 1032 794 1101 ἀληθείας,
824 1033 919 1085 καὶ
952 1032 1151 1101 ἐφεξῆς
1183 1032 1252 1083 τά
1284 1030 1447 1082 λοιπά
1479 1027 1773 1125 ποιοῦμεν·

183 1118 299 1176 καῖ
330 1124 474 1177 οὕτω
513 1126 649 1195 μετὰ
699 1127 757 1178 τὸ
809 1126 1057 1195 χρονίσαι
1104 1124 1300 1185 αὐτοὺς
1334 1124 1389 1174 ὲν
1418 1122 1539 1179 ταῖς
1576 1121 1777 1187 ἐκκλη-

188 1217 374 1283 σίαις,
428 1217 670 1271 καὶτῶν
725 1218 885 1271 θείων
939 1218 1172 1288 Γραφῶν
1223 1215 1624 1286 ἀκροάσασθαι,
1680 1213 1775 1265 τοῦ

182 1310 344 1362 θείου
378 1309 750 1380 καταξιοῦμεν
783 1306 1190 1381 βαπτβσματος.⁵
1228 1304 1626 1367 Παυλιανιστὰς
1648 1308 1779 1357 ἁνα-

185 1399 564 1470 6απτίζομεν,
609 1403 1007 1477 Εῦνομιανοὺς,
1044 1401 1444 1464 Μοντανιστόις,
1482 1398 1779 1452 Σαῦελλια-

182 1491 342 1554 νοῦς,
378 1494 470 1544 καὶ
496 1494 700 1556 πάντας
723 1494 848 1556 τοὺς
869 1496 959 1547 ἀπ’
997 1493 1176 1547 αὐτῶν
1220 1496 1293 1556 ὡς
1314 1493 1584 1562 ’Έλληνας
1630 1490 1781 1560 δεχό-

186 1598 373 1649 μενοι·
400 1582 493 1635 καὶ
511 1586 576 1652 τῇ
601 1583 791 1654 πρώτῃ
820 1585 997 1655 ἡμέρᾳ
1021 1585 1285 1655 ποιοῦμεν
1310 1584 1505 1646 αὐτοὺς
1523 1584 1784 1654 Χριστια-

184 1674 343 1738 νοὺς,
386 1677 452 1745 τῇ
474 1676 701 1749 δευτέρᾳ
737 1677 1196 1748 κατηχουμένους,
1225 1679 1289 1747 τῇ
1324 1678 1480 1747 τρίτῃ
1506 1674 1783 1746 ἐξορκίζο-

192 1781 325 1831 μεν,
366 1768 720 1837 ἐμφυσῶντες
763 1768 942 1839 τρίτον
1001 1771 1080 1832 εἰς
1132 1768 1192 1821 τὸ
1227 1770 1520 1839 πρόσωπον
1569 1770 1662 1821 καὶ
1714 1769 1782 1821 τὰ

184 1849 329 1908 ὢτων
372 1860 467 1911 καλ⁸
511 1859 653 1912 οὕτω
688 1862 1057 1931 κατηχοῦμεν,
1086 1863 1181 1914 καὶ
1220 1860 1482 1930 ποιοῦμεν
1508 1859 1779 1931 χρονίζειν

186 1951 246 1999 ἐν
299 1949 385 2018 τῷ
414 1952 546 2020 ναῷ,
590 1952 683 2003 καὶ
712 1953 1017 2023 ἀκροᾶσθαι
1050 1953 1156 2006 τῶν
1207 1953 1462 2023 Γραφῶνο
1504 1952 1597 2005 καὶ
1648 1952 1772 2003 τότε

189 2045 399 2110 αὐτοὺς
436 2047 789 2118 βαπτίζομεν.
822 2050 934 2102 Καὶ
963 2047 1384 2117 Μανιχαίουςςδὲ
1418 2050 1505 2099 καὶ
1535 2049 1780 2101 ,υὺαλεν-

191 2141 494 2205 τινιανοῦς,
535 2140 628 2193 καὶ
658 2143 1105 2209 Μαρκιωνιστὰς,
1150 2144 1244 2196 καὶ
1282 2143 1648 2211 Σευηριανοὺς
1686 2141 1780 2195 καὶ

190 2232 323 2295 τοὺς
357 2234 420 2285 ὲκ
460 2234 567 2285 τῶν
606 2234 806 2304 ὁμοίων
864 2235 1153 2305 αἱρέσεων,
1202 2235 1331 2305 χρὴ,
1393 2234 1670 2296 λιϐἐλλους
1700 2234 1782 2288 δι-

194 2328 411 2389 δόντας,
448 2328 870 2396 ἀναθεματίζειν
901 2330 1080 2383 πᾶσαν
1120 2330 1353 2399 αἵρεσιν,
1387 2330 1480 2381 καὶ
1510 2327 1653 2382 οὕτω
1687 2346 1781 2397 με-

199 2420 577 2490 ταλαμῦάνειν
604 2423 703 2491 τῆς
734 2424 895 2489 ἁγίας
918 2427 1226 2484 κοινωνίας.

810 2517 1050 2569 ιιΑΝιιΝ
1078 2520 1207 2584 ις’.

200 2621 215 2654 ι
268 2608 337 2658 ΟΞ
364 2605 459 2657 τὸν
488 2607 721 2677 Χριστὸν
744 2609 832 2662 διὰ
861 2610 955 2661 τοῦ
988 2602 1369 2679 βαπτίσματος
1423 2614 1781 2687 ἐνδυσάμενοι

270 2716 288 2745 ι
344 2699 447 2767 τὴν
481 2700 537 2749 ἐν
568 2701 731 2771 σαρκὶ
758 2702 924 2753 αὑτοῦ
973 2702 1258 2755 πολιτείαν
1311 2704 1596 2773 μιμεῖσθαι
1646 2710 1779 2763 καθ-

276 2812 294 2841 ι
344 2794 725 2863 ωμολόγησαν.
754 2795 889 2857 Τοὺς
922 2792 1014 2849 οὗν
1038 2796 1136 2860 τὰς
1165 2798 1223 2849 ὲν
1255 2800 1323 2868 τῇ
1352 2800 1560 2871 κεφαλῇ
1589 2805 1783 2873 τρίχας

270 2901 288 2931 ι
350 2883 488 2953 πρὸς
519 2885 698 2957 λύμην
734 2887 839 2940 τῶν
874 2887 1128 2959 ὁρώντων
1160 2891 1218 2943 ὲν
1265 2893 1535 2957 ἐπινοίαις
1581 2897 1786 2963 ἐμπλο-

270 2998 288 3026 ι
348 2980 452 3048 κῆς
493 2979 866 3045 εὐθετίζοντας
921 2984 1016 3035 καὶ
1054 2983 1537 3053 διασκευάζοντας,
1572 2989 1666 3042 καὶ
1694 2991 1783 3043 δέ-

273 3089 291 3118 ι
350 3069 483 3139 λεαρ
538 3072 892 3140 προτιθέντας
949 3074 1203 3128 ἐντεῦθεν
1261 3079 1380 3141 ταῖς
1428 3078 1784 3150 ἁστηρίκτοις

272 3180 290 3210 ι
344 3160 571 3231 ψυχαῖς,
630 3165 891 3235 ἐπιτιμίῳ
927 3167 1229 3239 προσφόρῳ
1279 3172 1560 3242 πατρικῶς
1618 3174 1786 3247 θερα-

272 3275 291 3305 :
353 3256 616 3325 πεύομεν,
658 3259 1133 3328 παιδαγωγοῦντες
1180 3262 1380 3327 αὐτοὺς
1435 3267 1527 3317 καὶ
1574 3270 1788 3338 σωφρό-

275 3368 294 3399 ι
353 3366 463 3412 νως
512 3350 660 3419 βιοῦν
722 3351 1153 3417 ἐκδιδάσκοντες,
1210 3356 1347 3425 πρὸς
1402 3360 1484 3423 τὸ,
1549 3359 1791 3427 ἀφέντας

278 3462 297 3493 ι
359 3444 461 3514 τὴν
493 3446 557 3496 ἐκ
590 3443 689 3514 τῆς
718 3444 847 3513 ὕλης
881 3446 1099 3517 ἀπάτην
1129 3449 1219 3501 καὶ
1262 3450 1622 3520 ματαιότητα,
1652 3454 1792 3523 πρὸς

273 3557 295 3589 ι
354 3539 458 3608 τὴν
486 3536 792 3607 ἀνώλεθρον
828 3541 922 3591 καὶ
987 3540 1267 3610 μακαρίαν
1318 3542 1464 3611 ζωὴν
1513 3546 1605 3596 τὸν
1660 3545 1786 3598 νοῦν

272 3652 292 3682 ι
355 3632 621 3701 μετάγειν
652 3632 940 3701 διηνεκῶς,
980 3634 1073 3685 καὶ
1112 3635 1171 3686 ὲν
1225 3635 1374 3706 φόϐῳ
1426 3638 1603 3708 ἁγνὴν
1640 3638 1788 3708 ἔχειν

281 3746 301 3773 ε
359 3725 732 3794 ἀναστροφὴν,
767 3726 860 3777 καὶ
894 3726 1011 3797 Θεῴ
1062 3728 1388 3797 πλησιάζειν
1419 3731 1560 3783 κατὰ
1588 3732 1650 3784 τὸ
1676 3735 1795 3801 ἐφι-

283 3840 301 3867 ο
364 3818 493 3870 κτὸν
519 3818 606 3871 διὰ
634 3820 735 3889 τῆς
768 3822 825 3872 ὲν
851 3820 952 3890 βίῳ
986 3820 1333 3891 καθάρσεως,
1364 3823 1459 3876 καὶ
1490 3824 1581 3876 τὸν
1642 3824 1792 3877 ἔνδον

278 3931 301 3961 ε
353 3912 386 3981 ἢ
422 3912 515 3963 τὸν
564 3898 683 3974 ἔξω
728 3912 1015 3983 ἄνθρωπον
1053 3915 1256 3982 μᾶλλον
1284 3919 1512 3985 κοσμεῖν
1568 3918 1793 3989 ἀρεταῖς

279 4024 299 4054 ι
360 4003 457 4056 καὶ
487 4007 745 4073 χρηστοῖς
777 4004 1157 4076 καὶνάμώμοις
1208 4010 1325 4071 τοῖς
1377 4008 1606 4079 ἤθεσιν·
1652 4010 1794 4064 ὥστε

280 4118 300 4147 ι
362 4097 534 4168 μηδὲν
564 4098 818 4167 λείψανον
848 4104 1037 4168 φέρειν
1078 4103 1134 4154 ὲν
1159 4103 1372 4165 ἑαυτοῖς
1395 4102 1618 4174 τῆςτοῦ
1646 4109 1796 4160 ὲναν-

286 4208 308 4245 ι
362 4193 482 4245 τίου
522 4196 865 4263 σκαιότητος.
902 4194 962 4246 Ei
990 4196 1047 4247 δέ
1080 4211 1165 4257 τις
1198 4198 1350 4266 παρὰ
1406 4196 1500 4249 τὸν
1555 4201 1797 4269 παρόντα

282 4306 305 4338 ι
366 4285 567 4339 κανόνα
598 4284 863 4352 διάγοιτο,
894 4287 1264 4356 άφοριζέσθω.
1310 4307 1327 4339 ι

276 4379 507 4431 ΒΑΛΣ.Δ
535 4378 627 4449 Ἐκ
655 4379 751 4449 τῆς
782 4378 917 4448 πρὸς
940 4378 1188 4441 Γαλάτας
1226 4380 1545 4451 Ἐπιστολῆς
1575 4382 1667 4436 τοῦ
1699 4402 1793 4453 με-

218 4471 397 4541 γάλου
436 4470 653 4523 Παύλου
694 4472 1193 4540 προοιμιασάμενοι
1241 4474 1291 4523 οἱ
1326 4471 1473 4540 ἆγιοι
1530 4475 1795 4545 Πατέρες,

1880 564 2128 617 thodoxa:
2162 564 2283 617 fidei
2331 564 2675 632 accedentes,
2727 569 2890 623 etiam
2949 582 3004 625 ut
3060 572 3279 629 Graecos
3315 577 3449 630 reci-

1878 656 2089 726 pientes
2123 668 2175 710 et
2204 658 2563 727 baptizantes,
2594 665 2770 731 primo
2799 665 2886 719 die
2914 681 3105 721 mnnes
3136 682 3264 723 suas
3289 670 3452 723 latere-

1879 766 1967 804 ses
1997 752 2335 819 reposcimus
2363 736 2656 818 exsecrari,
2682 771 2885 826 eosque
2909 759 3158 822 facimus,
3192 772 3453 831 quantum

1880 840 2093 904 adhoc,
2117 840 2494 910 Christianos;
2531 847 2771 901 secundo
2797 862 2976 905 autem
3006 852 3093 906 die
3111 866 3205 910 eos
3230 855 3454 909 verbum

1884 933 2124 989 veritatis
2157 935 2415 989 docemus
2443 945 2495 989 et
2521 937 2779 1009 deinceps
2825 944 3030 1014 reliqua
3084 948 3355 1003 facimus:
3405 958 3454 1004 et

1884 1028 1983 1089 sic,
2028 1044 2151 1081 cum
2202 1031 2513 1100 aliquandiu
2542 1032 2596 1087 in
2630 1036 2860 1091 ecclesia
2916 1054 3353 1106 permanserunt,
3406 1053 3454 1097 et

1883 1118 2095 1175 divinas
2125 1123 2417 1179 audierunt
2450 1124 2786 1196 Scripturas,
2838 1130 3023 1185 divino
3063 1134 3335 1203 baptismo
3365 1154 3461 1192 eos

1883 1214 2191 1281 dignamur.
2252 1216 2617 1274 Paulianistas
2657 1223 3079 1291 rebaptizamus.
3164 1226 3460 1285 Eunomia-

1885 1321 2005 1371 nos,
2054 1306 2436 1378 Montanistas,
2492 1311 2853 1377 Sabellianos,
2881 1327 2935 1371 et
2977 1334 3165 1377 omnes
3199 1338 3264 1377 ex
3295 1325 3374 1380 eis
3403 1336 3457 1380 ut

1883 1398 2101 1456 Graecos
2156 1404 2502 1473 recipimus:
2567 1416 2620 1462 et
2684 1411 2860 1479 primo
2919 1412 3008 1467 die
3072 1430 3166 1471 eos
3228 1418 3463 1477 facimus

1883 1494 2264 1561 Christianos,
2325 1500 2567 1554 secundo
2613 1506 3072 1572 catechumenos,
3141 1511 3299 1567 tertio
3363 1514 3463 1567 ad—

1881 1585 2151 1655 juramus,
2206 1598 2287 1642 ter
2332 1591 2381 1643 in
2432 1592 2625 1646 faciem
2676 1602 2728 1647 et
2784 1612 2943 1653 aures
2989 1601 3359 1671 inspirantes;
3411 1617 3463 1659 et

1885 1678 1967 1734 sic
2014 1666 2111 1735 eos
2158 1682 2460 1747 initiamns,
2517 1696 2569 1740 et
2620 1692 2711 1743 diu
2766 1692 2818 1745 in
2871 1695 3103 1749 ecclesia
3154 1698 3361 1753 versari
3413 1711 3466 1755 et

1886 1770 2197 1841 Scripturas
2267 1776 2460 1831 audire
2514 1779 2776 1847 facimus;
2839 1795 2893 1838 et
2958 1798 3083 1843 tunc
3138 1805 3232 1845 eos
3289 1794 3464 1861 bapti.

1887 1878 2095 1918 lamus.
2178 1866 2246 1919 At
2289 1866 2616 1926 Manichmos
2662 1884 2714 1928 et
2764 1874 3174 1938 Valentinianus
3226 1895 3280 1939 et
3326 1885 3465 1940 Mar—

1886 1956 2149 2012 cionistas
2200 1967 2252 2013 et
2303 1960 2627 2021 Severianus
2674 1976 2727 2021 et
2780 1969 2920 2024 alios
2970 1973 3240 2041 ejusmodi
3292 1978 3463 2035 luere-

1888 2047 2061 2114 ticos,
2145 2050 2357 2108 libellos
2434 2055 2630 2110 dantes
2702 2062 3169 2121 anathematizare
3254 2082 3464 2140 oportet

1887 2153 2102 2195 omnem
2141 2142 2414 2211 hmresitn,
2470 2158 2522 2201 et
2561 2151 2641 2204 sic
2673 2165 2877 2211 sancta:
2910 2161 3314 2220 communionis
3345 2181 3472 2233 par»

1890 2230 2081 2303 licipes
2104 2250 2243 2295 esse.

2356 2517 2516 2589 273
2539 2519 2769 2577 canon
2828 2525 2988 2581 xcvi

1898 2620 1914 2651 ι
1954 2602 2057 2669 Qui
2105 2606 2378 2663 Christum
2414 2628 2513 2681 per
2540 2616 2866 2683 baptismum
2904 2621 3215 2689 induerunt,
3247 2629 3365 2694 ejus
3415 2629 3469 2683 in

1970 2716 1989 2749 ι
2037 2706 2202 2755 carne
2250 2704 2373 2759 vita:
2410 2710 2630 2777 agendae
2678 2713 2947 2768 rationem
3002 2717 3201 2771 imitari
3240 2721 3469 2789 professi

1969 2811 1987 2843 ι
2036 2804 2186 2851 sunt.
2267 2796 2375 2853 Eos
2424 2816 2573 2869 ergo,
2633 2804 2721 2872 qui
2773 2807 3002 2876 capillos
3054 2814 3120 2862 ad
3172 2812 3469 2869 videntium

1974 2905 1991 2933 ι
2037 2886 2426 2943 detrimentum
2452 2893 2587 2947 scite
2607 2897 2929 2965 excogitatis
2952 2900 3180 2955 nexibus
3205 2904 3471 2959 adornant

1972 2998 1988 3027 ι
2036 2987 2089 3032 et
2141 2992 2498 3051 componunt,
2555 2993 2611 3040 et.
2658 2971 2887 3044 infirmis
2937 2990 3136 3045 animis
3184 3010 3364 3049 escam
3408 3013 3472 3052 ea

1974 3090 1993 3120 ι
2044 3072 2255 3128 ratione
2302 3075 2611 3144 objiciunt.
2662 3082 3009 3137 convenienti
3061 3086 3330 3155 supplicio
3380 3105 3473 3157 pa-

1975 3186 1989 3216 ι
2035 3174 2188 3220 terne
2234 3183 2515 3233 curamus,
2570 3172 2719 3239 ipsos
2766 3172 3114 3232 instituentes
3166 3192 3219 3234 et
3269 3188 3466 3252 tempe-

1973 3278 1989 3307 ι
2040 3270 2229 3314 ranter
2281 3261 2463 3316 vivere
2505 3263 2787 3330 docentes,
2841 3278 2899 3321 ut
2944 3271 3129 3326 relicta
3188 3272 3382 3330 fraude
3422 3286 3475 3332 et

1976 3372 1991 3399 ι
2042 3352 2298 3417 vanitate,
2357 3371 2478 3424 quae
2527 3372 2589 3410 ex
2639 3359 2894 3414 sordibus
2947 3366 3235 3420 mundanis
3276 3370 3476 3433 oritur,

1974 3463 1991 3492 ι
2040 3445 2105 3497 ad
2148 3445 2408 3503 interitus
2452 3461 2730 3518 expertem
2765 3454 3088 3523 beatamque
3118 3459 3285 3511 vitam
3320 3476 3478 3516 men-

1969 3556 1985 3585 ι
2034 3543 2142 3590 tem
2192 3538 2411 3595 assidue
2460 3541 2770 3606 traducant,
2826 3555 2879 3600 et
2929 3547 2980 3600 in
3032 3548 3227 3604 timore
3287 3568 3476 3621 puram

1971 3646 1988 3678 ‹
2035 3638 2089 3682 et
2136 3638 2380 3685 sanctam
2429 3635 2897 3691 conversationem
2948 3640 3204 3706 habeant,
3259 3653 3312 3697 et
3344 3645 3479 3706 Deo.

1972 3742 1989 3772 ι
2038 3725 2217 3792 quoad
2265 3726 2385 3794 ejus
2435 3728 2551 3782 fieri
2610 3738 2809 3798 potest,
2868 3735 3327 3805 appropinquent,
3384 3755 3481 3809 per

1972 3833 1987 3864 ι
2031 3816 2156 3871 vita:
2182 3821 2498 3888 puritatem,
2526 3829 2579 3876 et
2610 3826 2883 3877 internum
2910 3830 3081 3896 magis
3106 3845 3268 3897 quam
3296 3842 3480 3888 exter—
3512 3882 3515 3885 .

1975 3929 1991 3959 ι
2035 3926 2167 3964 num
2200 3913 2472 3967 hominem
2494 3914 2792 3971 virtutibus
2817 3928 2870 3971 et
2897 3919 3054 3975 bonis
3079 3921 3482 3996 inculpatisqne

1978 4024 1993 4051 ι
2044 4004 2287 4058 moribus
2316 4018 2602 4069 exornent,
2652 4016 2711 4061 ut
2743 4010 2919 4065 nullas
2958 4013 3010 4065 in
3042 4029 3101 4068 se
3134 4014 3309 4070 ferant
3353 4019 3483 4073 reli-

1980 4114 1997 4144 c
2046 4098 2203 4167 qnias
2235 4100 2609 4164 perversitatis
2638 4116 2810 4169 usque
2837 4103 2973 4155 adeo
3003 4109 3358 4176 repugnantis
3385 4128 3397 4163 :
3434 4113 3480 4163 si

1974 4209 1991 4240 ι
2041 4189 2165 4260 quis
2197 4196 2377 4243 autem
2407 4198 2604 4259 prteter
2640 4191 2780 4242 hunc
2805 4207 3070 4247 canonent
3103 4205 3355 4251 versatus
3385 4199 3478 4263 sit,

1981 4298 2000 4330 ι
2046 4280 2573 4335 excommunicetur.
2613 4300 2630 4331 ι
2839 4352 2847 4365 α

1974 4372 2171 4427 BALS.
2232 4372 2310 4427 Ex
2374 4376 2553 4443 magni
2612 4374 2765 4429 Pauli
2829 4376 3068 4447 Epistula
3132 4381 3199 4434 ad
3259 4380 3480 4437 Galatas

1904 4472 2067 4524 ducto
2090 4467 2379 4538 principio,
2410 4484 2531 4537 quae
2558 4470 2774 4538 quidem
2812 4473 3035 4540 praecise
3064 4475 3214 4535 dicit,
3249 4474 3483 4539 Quicun-

218 4568 316 4636 τῆς
350 4563 616 4632 λεγούσης
642 4565 701 4616 ἐν
737 4565 913 4632 μέρει,
946 4564 1119 4617 Ὅσοι
1142 4567 1229 4630 είς
1264 4567 1522 4633 Χριστὸν
1555 4569 1787 4624 ἐϐαπτί-

1922 4581 2000 4632 jue
2030 4565 2082 4616 in
2106 4562 2374 4618 Christum
2400 4563 2655 4629 baptizati
2681 4567 2829 4628 estis,
2863 4565 3132 4619 Christum
3158 4570 3481 4632 induistis”.

219 4661 429 4724 σθητε,
451 4656 709 4724 Χριστὸν
729 4656 1125 4721 ἐνεδύσασθε,
1154 4657 1477 4727 διωρίσαντο
1502 4660 1798 4732 διορθωθὴ-

222 4770 301 4804 vat
336 4750 407 4803 δι’
443 4749 722 4818 ἐπιτιμίου
754 4751 880 4811 τοὺς
911 4750 977 4802 δι’
1010 4752 1272 4825 ἀπονοίας
1309 4755 1366 4803 ὲν
1405 4755 1666 4825 διασκευῇ
1705 4760 1798 4809 καὶ

220 4844 533 4915 ἒμπλοκαῖς
562 4844 658 4904 τὰς
691 4844 749 4894 ὲν
800 4844 866 4911 τῇ
902 4843 1115 4912 κεφαλῇ
1161 4822 1369 4913 ’τρίχας
1424 4822 1800 4914 πληθύνοντας

223 4948 317 4992 ιιοιι⁵
350 4936 821 5001 καλλωπίζοντας,
861 4936 1023 5007 χάριν
1061 4937 1155 4988 τοῦ
1206 4938 1461 5005 ὲφέλκειν
1496 4940 1562 4991 δι’
1598 4940 1800 5003 αὐτῶν,

222 5032 292 5094 ὡς
329 5030 419 5081 διά
448 5046 591 5091 τινος
625 5029 1018 5098 δελεάσματος,
1056 5030 1154 5091 τὰς
1186 5029 1293 5081 τῶν
1323 5032 1669 5100 ἀοτηρίκτων
1697 5032 1801 5100 ψυ-

227 5125 347 5195 χάς.
397 5124 710 5191 Ὀφείλουσι
744 5124 876 5189 γάρ,
910 5124 1063 5191 φασὶ,
1098 5124 1303 5185 πάντες
1342 5124 1391 5173 οἱ
1424 5125 1608 5177 πιστοὶ
1663 5125 1803 5193 πρὸς

230 5220 321 5288 τὴν
374 5215 487 5268 ἄνω
519 5217 611 5265 καὶ
651 5214 930 5283 μακαρίαν
961 5214 1105 5275 ζωὴν
1137 5213 1495 5277 ἀποϐλέπειν,
1533 5216 1625 5265 καὶ
1659 5214 1800 5284 μετὰ

229 5307 393 5375 Ῥόδου
432 5306 563 5358 Θεοῦ
593 5305 1056 5374 ἀναστρέφεσθαι,
1108 5308 1191 5374 ἐφ’
1222 5300 1265 5375 ᾧ
1316 5306 1617 5377 πλησιάσαι
1650 5308 1800 5376 αὑτῴ

234 5398 375 5451 κατὰ
404 5396 465 5447 τὸ
497 5398 737 5464 ἐφικτὸν,
775 5400 869 5449 καὶ
903 5398 991 5448 τὸν
1022 5397 1191 5461 ,ἔνδον
1227 5398 1431 5465 μᾶλλον
1488 5396 1800 5469 ἄνθρωπον,

235 5493 400 5562 ἤγουν
429 5493 528 5559 τὴν
561 5490 761 5560 ψυχὴν,
810 5489 896 5543 διὰ
945 5490 1122 5561 πάσης
1152 5492 1356 5560 ἀρετῆς
1412 5495 1661 5561 κοσμεῖν,
1711 5496 1808 5544 καὶ

238 5588 307 5657 μὴ
350 5571 438 5636 τὸν
467 5585 647 5646 ἐκτός.
682 5584 743 5634 El
772 5583 828 5634 δέ
880 5600 962 5645 τις
995 5586 1142 5653 παρᾶ
1173 5589 1264 5636 τὸν
1319 5586 1557 5653 παρόντα
1606 5585 1807 5637 κανόνα

239 5674 407 5741 διάγει
444 5672 663 5742 ἐφεξῆς,
698 5672 990 5743 ἁφορισμῷ
1043 5672 1610 5744 καθυποσληθησεται.
1664 5675 1801 5745 Φησὶ

315 5856 358 5886 ³⁸
391 5856 570 5910 Galat.
609 5871 689 5919 ιιι,
730 5852 821 5907 27.

1908 4664 2219 4713 statuerunt
2254 4656 2427 4709 sancti
2459 4656 2651 4711 Patres
2708 4672 2802 4710 eos
2854 4672 3013 4726 pmna
3069 4660 3268 4738 inflicta
3305 4666 3483 4717 corri-

1908 4764 2056 4819 gere,
2105 4748 2197 4817 qui
2245 4747 2383 4801 scite
2417 4748 2742 4816 excogitatis
2790 4750 3218 4819 compositisque
3251 4754 3484 4809 nexibus

1912 4840 2138 4909 capillos
2174 4838 2447 4907 pleniores
2479 4847 2531 4891 et
2562 4839 2928 4907 elegantiores
2972 4840 3231 4931 efﬁciunt,
3288 4854 3344 4895 ut
3390 4861 3486 4911 per

1916 4935 2086 5000 ipsos,
2138 4932 2307 4985 veluti
2360 4947 2453 4999 per
2506 4946 2683 4984 escam
2734 4933 3081 5001 quampiam‘,
3140 4935 3484 4990 infirmorum

1914 5024 2125 5076 animas
2156 5022 2451 5077 attrahant.
2547 5020 2753 5074 Debent
2784 5023 2951 5090 enim,
2988 5024 3261 5094 inquiunt,
3295 5043 3489 5084 omnes

1916 5116 2099 5169 fideles
2153 5115 2219 5167 ad
2273 5129 2563 5182 supernam
2602 5115 2926 5184 beatamque
2980 5118 3146 5171 vitam
3195 5120 3487 5188 respicere,

1912 5216 1967 5261 et
2001 5222 2123 5261 cum
2156 5206 2244 5260 Dei
2288 5207 2479 5260 timore
2506 5209 2819 5261 conversari
2847 5228 2858 5261 :
2900 5218 2977 5273 ut,
3011 5212 3189 5280 quoad
3224 5214 3343 5280 ejus
3374 5214 3490 5267 fieri

1914 5310 2112 5369 potest,
2149 5300 2215 5353 ad
2247 5316 2371 5353 eum
2399 5302 2861 5377 appropinquent,
2913 5314 2968 5358 et
3004 5306 3279 5358 internum
3315 5307 3487 5373 magis

1915 5392 2211 5454 hominem,
2246 5389 2485 5443 animum
2519 5391 2748 5454 scilicet,
2789 5394 2933 5447 omni
2967 5392 3165 5447 virtute
3198 5405 3487 5450 exornent.

1915 5494 1968 5539 et
1995 5500 2102 5539 non
2128 5494 2435 5549 externum.
2495 5482 2549 5537 Si
2577 5484 2699 5553 quis
2732 5494 2909 5539 autem
2943 5495 3137 5553 praeter
3166 5494 3487 5553 prazsentem

1920 5566 2185 5634 canonem
2243 5576 2500 5644 deinceps
2560 5576 2725 5630 vitam
2784 5579 3057 5643 instituit,
3124 5573 3487 5645 segregationi

1924 5670 2264 5741 subjicietur.
2344 5666 2484 5722 Dicit
2535 5676 2715 5722 autem
2748 5664 2801 5723 et
2836 5684 3065 5739 magnus
3096 5665 3315 5727 Paulus,
3376 5660 3484 5722 Vir,
