3992 6484
616 374 716 433 Hi

1897 369 2170 429 TIIEOD.
2217 369 2618 431 BALSAMON

3716 389 3798 449 8&8

556 493 568 562 ξ
614 509 658 543 sa
702 503 903 542 comam
959 484 1076 547 alit,
1126 495 1202 538 est
1250 491 1326 538 iui
1363 485 1650 554 ignominia
1670 485 1734 546 εἴ.
1809 486 1980 540 Porro
2012 497 2060 539 et
2095 487 2165 538 lex

2282 488 2334 539 δὲ
2371 489 2463 540 καὶ
2496 494 2522 541 ὁ
2558 490 2729 560 μέγας
2785 489 3026 553 Παῦλος·
3079 489 3260 557 Ἀνὴρ
3298 488 3406 542 ἐὰν
3435 487 3600 558 κομᾷ,
3631 491 3797 563 ἀτιμία

613 581 844 634 Mosaica
869 579 997 647 dicit
1021 577 1074 630 in
1107 577 1546 641 Deuterunomio,
1585 575 1704 630 Non
1737 577 1938 645 facietis
1972 580 2172 632 cincin-

612 689 704 726 uos
765 672 815 722 in
852 670 1020 738 capite
1060 679 1245 721 vestro.
1309 665 1446 720 Nota
1478 684 1604 736 ergo
1660 671 1794 735 hinc,
1831 682 2050 741 propter
2078 688 2173 727 eus

608 763 702 831 qui
754 761 980 830 capillos
1034 766 1279 819 nectunt,
1341 758 1423 811 vel
1475 759 1776 827 implicant,
1815 762 1895 814 vel
1937 761 2171 829 tingunt,

609 855 689 907 vel
727 867 846 906 cum
902 866 1039 919 aqua
1086 847 1469 912 madefaciunt,
1525 851 1604 902 vel
1642 851 1824 919 aliquo
1877 851 1982 904 alio
2017 854 2175 904 modo

607 945 835 1014 capillos
867 959 995 997 suos
1030 942 1306 1011 pleniores
1336 941 1802 1010 elegantioresque
1833 943 2059 1006 faciunt,
2092 945 2174 997 vel

607 1041 675 1091 iis
721 1037 929 1089 alienos
982 1040 1349 1088 connectunt:
1391 1033 1642 1086 similiter
1676 1044 1728 1086 et
1777 1043 1997 1103 propter
2054 1052 2170 1098 eos,

606 1129 696 1198 qui
723 1128 894 1179 instar
929 1125 1212 1180 mulierum
1269 1133 1471 1192 partes,
1523 1140 1644 1189 qua:
1685 1135 1809 1177 sunt
1837 1125 1931 1176 ΟῘΙί
1954 1142 1981 1175 a
2015 1141 2170 1178 suum

604 1230 787 1282 caput,
821 1226 1040 1271 ornant.

679 1306 928 1361 ZONA'K.
989 1307 1292 1375 Quicunque
1326 1307 1376 1358 in
1410 1303 1676 1358 Christum
1725 1307 1986 1375 baptizati
2022 1309 2165 1370 estis,

603 1417 831 1470 magnus
865 1400 1060 1452 Paulus
1092 1400 1184 1462 ait,
1225 1397 1494 1450 Christum
1548 1397 1816 1450 tnduistis.
1894 1398 1997 1462 Qui
2039 1413 2170 1452 vero

601 1494 787 1544 divum
841 1491 1108 1560 baptismo
1159 1489 1356 1542 initiati
1407 1475 1684 1543 Christum
1742 1489 2051 1555 induerunt,
2105 1492 2169 1544 ad

602 1585 749 1636 illius
779 1582 989 1635 vivendi
1022 1595 1265 1635 normam
1292 1594 1468 1632 mores
1492 1579 1855 1643 conformare,
1875 1595 2173 1651 omnesque

603 1676 876 1742 puritatis,
930 1651 1302 1740 tetnperantiae
1337 1680 1497 1740 atque
1546 1674 1869 1727 innocentue
1917 1690 2171 1728 numeros

601 1769 847 1836 implere,
901 1782 1000 1820 nec
1049 1779 1183 1818 vero
1225 1777 1405 1817 rerum
1444 1775 1782 1817 terrenarum
1817 1767 2041 1818 vanitati
2076 1768 2167 1817 ad-

2285 579 2444 645 αὺτῷ
2505 581 2656 635 ἐστι.
2708 583 2811 634 Καὶ
2841 585 2866 634 ό
2889 581 3178 642 Β-Ῑωσαῖκδς
3207 579 3262 632 δὲ
3291 582 3454 648 νόμος
3509 581 3643 649 λέγει
3667 585 3712 635 ἐν
3737 589 3798 653 τῷ

2283 674 2683 744 Δευτερονομίῳ
2711 693 2724 708 ο
2769 677 2849 728 Οὐ
2907 673 3191 738 ποιήσετε
3243 678 3465 739 σισόην
3511 673 3576 726 ἐκ
3603 674 3697 741 τῆς
3725 697 3800 730 κε-

2282 764 2482 834 φαλῆς
2513 765 2698 829 ὑμῶν.
2731 767 3046 835 Σημείωσαι
3075 761 3168 818 οὖν
3203 763 3374 818 ταῦτα
3424 764 3511 817 διὰ
3544 767 3655 828 τοὺς
3689 769 3802 819 κλώ-

2284 857 2477 918 θοντας
2525 855 2557 924 ἦ
2611 855 2911 917 πλέκοντας
2959 854 2991 924 ἦ
3054 853 3353 924 βάπτοντας
3392 852 3424 921 ἦ
3461 851 3596 921 μετὰ
3642 853 3800 917 ὕδατος

2285 945 2600 1016 βρέχοντας,
2630 945 2662 1015 ἢ
2695 945 2868 1008 ἄλλως
2898 961 3013 1006 πως
3062 942 3437 1012 πληθύνοντας
3491 942 3582 995 καὶ
3632 943 3801 994 καλλω-

2282 1037 2538 1102 πίζοντας
2579 1038 2676 1100 τὰς
2708 1037 2912 1099 οἰκείας
2960 1036 3174 1104 τρίχας,
3209 1035 3240 1104 ἦ
3272 1033 3502 1095 ταύταις
3555 1032 3802 1104 ἀλλοτρίας

2283 1133 2669 1191 συνάπτοντας·
2695 1129 2957 1189 ὡσαύτως
3009 1129 3100 1180 καὶ
3128 1130 3253 1189 τοὺς
3287 1126 3641 1187 καλλύνοντας
3688 1132 3800 1182 κατὰ

2281 1225 2550 1290 γυναῖκας
2579 1222 2646 1273 τα
2678 1221 2810 1290 περὶ
2841 1222 2938 1289 τὴν
2972 1219 3216 1294 κεφαλὴν
3259 1219 3402 1288 μέρη
3431 1217 3627 1268 αὐτῶν.

2353 1314 2598 1367 ΖΩΝΑΡ.
2633 1314 2796 1365 Ὅσοι
2827 1315 2906 1373 εἱς
2933 1311 3194 1376 Χριστὸν
3231 1309 3640 1373 ἐϐαπτίσθητε,
3697 1310 3802 1374 Χριο

2283 1406 2433 1458 στὸν
2471 1405 2863 1465 ἐνεδύσασθε,
2897 1403 2923 1453 ὁ
2971 1402 3142 1472 μέγας
3206 1399 3415 1461 Παῦλός
3455 1416 3635 1466 φησιν.
3670 1401 3721 1451 Οἱ
3762 1400 3802 1450 δὲ

2281 1498 2364 1548 διὰ
2401 1496 2494 1548 τοῦ
2528 1497 2673 1547 θείου
2713 1494 3084 1563 βαπτίσματος
3115 1493 3205 1543 τὸν
3237 1493 3470 1560 Χριστὸν
3499 1491 3804 1559 ἐνδυσάμενοι

2281 1590 2401 1641 κατ’
2467 1591 2675 1642 ἐκιῖνον
2712 1589 2988 1657 ὀφείλουσι
3048 1585 3454 1648 πολιτεύεσθαι,
3518 1587 3604 1639 καὶ
3661 1589 3804 1638 πᾶσαν

2282 1682 2502 1748 ἁγνείαν
2535 1681 2629 1733 καὶ
2665 1678 3019 1748 σωφροσύνην
3045 1680 3287 1746 μετιέναι
3335 1680 3428 1730 καὶ
3484 1677 3804 1747 καθαρότητα,

2281 1775 2373 1826 καὶ
2432 1773 2504 1842 μὴ
2546 1775 2611 1844 τῇ
2669 1773 2768 1841 τῆς
2823 1771 2955 1842 ὕλης
3001 1769 3438 1840 προστετηκέναι
3496 1769 3803 1839 ματαιότητι,

601 1863 927 1918 hterescere.
976 1870 1065 1911 aut
1119 1871 1459 1924 supervacuo
1509 1856 1778 1925 nimisque
1826 1855 2078 1910 atIectatu
2120 1869 2165 1912 vl

2278 1868 2370 1916 καὶ
2405 1863 2462 1916 τὸ
2519 1864 2677 1931 σῶμα
2730 1858 2955 1928 κοσμεῖν
2984 1861 3254 1929 περιττῶς
3286 1877 3344 1912 τε
3383 1861 3474 1913 καὶ
3504 1860 3797 1928 περιέργως.

597 1967 828 2022 operoso
884 1949 1127 2019 corporis
1183 1950 1397 2001 urnatui
1453 1948 1731 2017 indulgere
1777 1948 1952 2002 decet.
2042 1949 2169 2015 Qut:

598 2059 762 2115 porro
801 2044 968 2112 magis
1026 2043 1272 2096 alfectata
1320 2057 1382 2093 ac
1417 2054 1818 2111 supervacanea
1870 2043 2166 2095 exornandi

596 2139 846 2207 corporis
895 2136 1062 2201 ratio,
1122 2149 1284 2211 quam
1324 2149 1534 2199 eorum,
1561 2135 1652 2203 qui
1710 2134 1965 2203 capillum
2002 2136 2167 2189 variis

599 2232 829 2285 nexibus
862 2229 1168 2299 implicant,
1207 2229 1372 2281 multa
1405 2236 1519 2280 arte
1549 2227 1869 2295 disponunt,
1902 2227 1954 2280 in
1987 2238 2168 2298 partes

570 2324 864 2376 concinne
890 2309 1162 2382 dividunt,
1212 2325 1388 2388 eoqu’e
1417 2318 1799 2372 imbecilliores
1821 2319 1881 2408 ‘in
1918 2317 2020 2371 fide
2047 2321 2166 2372 ani-

599 2432 738 2477 mos,
787 2415 994 2482 quique
1047 2422 1325 2480 propterea
1358 2409 1424 2463 ad
1455 2409 1922 2476 intemperantiam
1955 2410 2168 2465 facilius
2219 2471 2229 2479 ,

593 2507 944 2567 delabuntur,
969 2508 1113 2556 velut
1136 2503 1366 2566 quadam
1387 2516 1510 2554 esca
1534 2501 1812 2571 deceptos,
1837 2503 1888 2554 in
1919 2502 2165 2557 fraudem

595 2599 874 2652 alliciunt?
926 2598 1092 2666 Igitur
1131 2597 1299 2648 divini
1363 2597 1440 2648 illi
1494 2595 1682 2650 Patres
1735 2597 1957 2666 implexi
2011 2597 2168 2652 nodis

594 2702 826 2760 apteque
873 2707 935 2744 ac
985 2690 1232 2743 studiose
1283 2689 1570 2758 compositi
1619 2689 1798 2758 capilli
1847 2691 2166 2746 meminere.

590 2785 737 2839 Nihil
763 2786 904 2840 enim
955 2786 1124 2858 aliud,
1179 2794 1240 2836 ut
1269 2783 1501 2846 videtur,
1548 2784 1601 2836 in
1650 2794 1848 2837 ornatu
1883 2793 2165 2839 comarum

561 2877 656 2932 '-eo
694 2889 937 2948 tempore
968 2878 1312 2946 peccabatu’r.
1368 2875 1511 2929 Nihil
1547 2893 1736 2931 eorum
1771 2879 2002 2942 scilicet,
2048 2895 2168 2948 qua:

575 2969 799 3023 nostris
835 2969 1174 3036 temporibus
1203 2968 1256 3021 in
1284 2968 1482 3037 capillo
1513 2969 1776 3037 tingendo
1802 2969 2168 3039 ﬁngendoque

575 3063 839 3115 :liomines
887 3062 1210 3126 elaborant;
1289 3060 1380 3127 qui
1441 3060 1658 3126 quidem
1711 3078 1871 3117 omne
1927 3063 2164 3117 smdium

589 3169 748 3206 suum
779 3168 845 3206 eo
881 3152 1196 3214 conferunt,
1229 3161 1287 3205 ut
1318 3167 1530 3206 comam
1563 3153 1732 3216 alant,
1785 3170 1847 3208 ac
1881 3155 2157 3208 cineinno-
2191 3189 2232 3244 ε

587 3261 706 3299 rum
742 3245 1006 3306 ﬁmbrias,
1058 3245 1385 3298 feminarum
1427 3246 1556 3308 ritu,
1601 3248 1650 3299 ‘si
1703 3248 1817 3300 fieri
1854 3248 2047 3316 possit,
2097 3249 2160 3300 ad

585 3352 780 3391 zonam
832 3351 1009 3404 usque
1063 3336 1376 3391 demittant.
1473 3336 1530 3390 In
1579 3354 1687 3406 quo
1723 3354 1827 3390 non
1880 3339 2054 3392 solum
2089 3341 2164 3393 illi

587 3428 844 3484 nimirum
895 3426 962 3481 de
1009 3443 1118 3480 non
1169 3425 1446 3480 tendendo
1495 3429 1692 3496 capillo
1723 3427 1963 3481 'solliciti
2013 3441 2162 3494 sunt,

595 3518 694 3575 sed
750 3520 953 3581 etiam,
1019 3529 1378 3586 praeterquam
1437 3519 1580 3587 quod
1636 3518 1947 3573 ferramenti
1981 3531 2164 3574 "omne

585 3625 758 3680 geuus
814 3626 842 3662 a
889 3611 1067 3679 capite
1126 3618 1399 3668 amovent,
1449 3611 1631 3662 onmia
1688 3619 1945 3679 praeterea
1997 3629 2165 3667 comae

585 3699 893 3754 nutriendae
961 3707 1054 3752 aut
1120 3698 1382 3768 augendae
1447 3700 1843 3755 medicamenta
1919 3704 2164 3758 studiose

586 3791 750 3844 nimis
803 3798 967 3857 atque
1025 3799 1284 3842 accurate
1337 3791 1693 3859 conquirunt.
1775 3792 2008 3863 Finguut
2059 3796 2161 3850 sibi

585 3879 783 3934 exinde
824 3881 1030 3943 crines,
1078 3881 1416 3944 calamistro,
1463 3897 1575 3951 quo
1607 3885 1772 3952 crispi
1800 3885 1954 3949 ﬁant,
1990 3887 2162 3941 intor-

587 3986 842 4038 quentes;
906 3974 1124 4042 tingunt
1170 3987 1406 4042 quoque,
1463 3983 1520 4027 ut
1575 3973 1891 4041 llavescant,
1940 3986 1994 4031 et
2041 3979 2161 4033 auri

577 4067 824 4134 speciem
883 4067 1150 4137 referant.
1231 4066 1337 4120 Alii
1395 4082 1534 4136 aqua
1577 4067 1912 4124 madefactos
1961 4071 2013 4125 in
2049 4074 2163 4128 sole

586 4158 882 4226 explicant,
919 4157 1150 4225 ejusque
1177 4155 1345 4210 radiis
1377 4157 1576 4210 torreri
1614 4159 1920 4226 patiuntur,
1955 4169 2014 4212 ut
2046 4171 2162 4215 ater

589 4249 712 4301 inde
742 4247 1066 4317 capillorum
1095 4248 1245 4302 color
1270 4247 1614 4304 inunutetur.
1699 4249 1838 4306 Sunt
1869 4253 2032 4306 etiam
2069 4254 2159 4322 qui

589 4342 869 4395 mentitam
887 4341 1189 4401 cmsariem,
1217 4341 1399 4395 nativo
1422 4357 1484 4395 ac
1514 4343 1754 4410 ingenito
1771 4345 1923 4399 crine
1944 4346 2157 4411 abraso,

586 4432 840 4486 induunt.
904 4432 1079 4498 Atque
1104 4430 1218 4483 lucc
1248 4430 1465 4498 quidem
1501 4432 1604 4486 hoc
1627 4434 2084 4506 tempora-.274
2107 4436 2158 4488 in

2270 1957 2334 2006 Τί
2380 1955 2425 2006 δ’
2474 1954 2538 2007 ἂν
2568 1955 2776 2021 γένοιτο
2822 1951 3237 2022 περιεργότερόν
3264 1967 3320 2002 τε
3377 1951 3473 2001 καὶ
3530 1950 3804 2018 περιττότε-

2274 2064 2362 2114 ρον
2393 2045 2653 2115 κόσμημα
2680 2043 2774 2098 τοῦ
2801 2044 2896 2106 τὰς
2921 2045 3112 2114 τρίχας
3144 2044 3242 2111 τῆς
3293 2041 3564 2110 κεφαλῆς,
3599 2043 3800 2106 πλέκειν,

2271 2139 2360 2189 καὶ
2388 2133 2444 2190 εὖ
2469 2137 2759 2189 διατιθέναι
2780 2138 2872 2188 καὶ
2895 2135 3287 2199 διασκευάζειν,
3312 2134 3504 2202 δέλεαρ
3531 2135 3678 2187 αὐτόν
3692 2135 3802 2186 ἁπά-

2270 2249 2366 2300 την
2404 2229 2755 2299 προτιθέντας
2803 2230 2923 2290 ταῖς
2946 2228 3290 2295 ἀστηρίκτοις
3330 2226 3468 2294 πρὸς
3516 2229 3608 2294 τὴν
3657 2227 3800 2276 πίστιν

2270 2323 2486 2392 ψυχαῖς,
2505 2320 2792 2384 κάντεῦθεν
2825 2319 2959 2389 πρὸς
2983 2318 3273 2371 ἀκολασίαν
3297 2320 3389 2371 suo
3404 2317 3596 2378 λίσθοις
3615 2334 3629 2382 ;
3646 2308 3698 2368 0i
3725 2315 3800 2384 μὲν

2269 2415 2360 2466 οὖν
2400 2415 2530 2466 θεῖοι
2562 2414 2801 2482 Πατέρες
2837 2411 3029 2463 ἐκεῖνοι
3094 2413 3187 2463 τοῦ
3234 2411 3300 2464 δι’
3329 2411 3600 2480 ἐμπλοκῆς
3626 2409 3796 2460 εὐθετί-

2272 2501 2383 2563 ζειν
2405 2501 2500 2553 καὶ
2529 2500 2906 2562 διασκευάζειν
2937 2501 3033 2561 τὰς
3065 2501 3239 2568 κόμας
3273 2497 3634 2569 ἐμνήσθησαν.
3665 2496 3797 2549 Οὐδὲν

2269 2593 2378 2662 γὰρ
2408 2593 2594 2658 ἕτερον
2631 2591 2750 2644 τότε
2782 2592 2912 2659 περὶ
2959 2591 3056 2660 τὴν
3097 2593 3276 2662 κόμην
3321 2592 3490 2658 τισὶν,
3541 2590 3614 2654 ὡς
3658 2589 3794 2644 ἔοικε.

2274 2685 2692 2753 πριείργαστο,
2725 2679 2812 2736 οἷα
2841 2685 2938 2736 νῦν
2974 2687 3083 2746 τοῖς
3111 2682 3506 2752 τριχοϐάπταις
3533 2684 3622 2736 καὶ
3653 2698 3798 2750 τριχο·

2269 2775 2535 2836 πλάσταις
2587 2775 3013 2844 περιεργάζιται
3041 2816 3054 2838 ,
3095 2777 3278 2826 πᾶσαν
3299 2775 3541 2845 σπουδὴν
3575 2774 3794 2841 ποιουμέ-

2269 2883 2380 2927 νοις
2445 2866 2641 2935 κομᾷν,
2697 2867 2792 2917 καὶ
2845 2865 3201 2932 γυναικώδεις
3253 2866 3446 2935 φέρειν
3500 2866 3794 2935 βοστρύχουε

2271 2960 2434 3027 μέγρι
2462 2959 2738 3028 ζωστῆρος
2787 2959 3173 3025 καθιεμένους,
3226 2961 3274 3010 εί
3305 2960 3548 3013 δυνατόν.
3580 2958 3731 3012 Τοῦτο
3758 2958 3792 3009 δ’

2267 3056 2366 3105 οὐκ
2394 3053 2456 3104 ὲκ
2485 3051 2647 3119 μόνου
2677 3050 2771 3104 τοῦ
2806 3050 2880 3119 μὴ
2907 3051 3111 3119 κείρειν
3141 3051 3242 3117 τῆς
3275 3051 3457 3122 κόμης
3486 3052 3544 3104 τὸ
3569 3050 3784 3119 περιττόν

2271 3159 2456 3211 σφισιν
2484 3142 2927 3210 ἐπιτετήδευται,
2959 3142 3098 3195 ἀλλὰ
3126 3142 3260 3212 πρὸς
3279 3144 3340 3196 τὸ
3375 3143 3676 3213 μὴ-σίδηρον
3694 3142 3791 3194 ἀνα-

2267 3235 2470 3287 δαινειν
2503 3234 2596 3286 ἐπὶ
2633 3234 2731 3302 τῆς
2787 3233 3031 3300 κεφαλῆς
3070 3233 3270 3298 αὐτῶν,
3313 3235 3414 3288 καὶ
3463 3233 3668 3288 ἅπασαν
3707 3233 3786 3302 τὴν

2267 3326 2443 3396 κόμην
2479 3327 2701 3397 τρέφειν
2734 3326 2915 3386 αὐτοῖς
2948 3325 3211 3394 πεφυκὸς,
3239 3329 3332 3379 καὶ
3371 3327 3591 3397 βαθεῖαν
3645 3328 3789 3377 ποιεῖν

2267 3417 2724 3486 περιείργασται·
2755 3416 3083 3470 πλάττονται
3119 3417 3183 3468 τέ
3213 3433 3398 3486 σφισιν
3444 3420 3498 3470 αἱ
3529 3419 3680 3485 κόμαι
3708 3432 3784 3467 κα-

2267 3509 2464 3576 λάμοις
2499 3508 2882 3577 συνδούμεναι,
2921 3507 2987 3559 ἶν’
3023 3508 3213 3570 αὐταῖς
3261 3509 3488 3574 autem;
3522 3507 3788 3578 προσγένη..

2265 3619 2352 3653 ται
2378 3617 2392 3630 ⁶
2422 3602 2516 3652 καὶ
2550 3601 2835 3668 βάπτονται
2876 3601 2932 3653 δὲ
2963 3601 3030 3652 ἵν’
3061 3597 3172 3652 εἶεν
3203 3601 3394 3664 ξανθαὶ
3423 3603 3515 3653 καὶ
3537 3600 3788 3670 χρυσῐξουο

2266 3711 2376 3746 σαι.
2409 3695 2470 3745 Οἱ
2507 3693 2563 3745 δὲ
2595 3694 2691 3746 καὶ
2717 3692 2870 3746 ὕδατι
2900 3694 2998 3761 τὴν
3030 3693 3191 3762 τρίχα
3220 3692 3316 3760 τῆς
3349 3693 3589 3762 κεφαλῆς
3611 3692 3786 3743 ποιοῦν-

2264 3804 2356 3848 τες
2381 3785 2666 3855 διάϐροχον
2695 3784 3091 3854 εἱληθερεῖσθαι
3126 3787 3333 3851 ταύτην
3364 3787 3424 3835 ἐν
3448 3787 3594 3854 ἀκμῇ
3623 3782 3781 3852 θέρους

2265 3875 2569 3942 ἀνέχονται,
2603 3873 2666 3926 ἶν’
2698 3874 2974 3936 αὐτοῖςτὸ
3023 3875 3187 3941 μέλαν
3221 3875 3587 3945 μεταϐληθείη
3620 3873 3672 3924 τὸ
3697 3872 3782 3923 τῶν

2263 3966 2486 4036 τριχῶν.
2523 3966 2640 4018 Εἰσὶ
2674 3966 2719 4018 δ’
2751 3967 2801 4019 οἳ
2836 3968 2929 4018 καὶ
2959 3966 3147 4028 νόθους
3171 3967 3486 4035 πλοκάμους
3512 3963 3782 4036 περιτιθέαο

2264 4077 2349 4112 σιν
2375 4060 2616 4122 ἑαυτοῖς,
2665 4057 2765 4127 τὴν
2813 4059 3010 4126 ἐγγενῆ
3041 4075 3099 4110 τε
3152 4060 3243 4112 καὶ
3269 4059 3496 4127 συμφυῆ
3529 4057 3785 4127 ξυρώμενοι

2265 4149 2556 4221 τρίχωσιν.
2594 4149 2702 4202 Καὶ
2749 4151 2782 4219 ἡ
2831 4151 2927 4218 μὲν
2974 4149 3117 4219 κόμη
3164 4149 3255 4201 νῦν
3289 4150 3434 4203 οὕτω
3489 4151 3599 4211 τοῖς
3634 4146 3783 4199 πλείου

2265 4261 2348 4295 σιν
2375 4241 2708 4305 εὐθετίζεταί
2738 4259 2796 4293 τε
2844 4242 2937 4294 καὶ
2966 4241 3370 4292 διεσκεύασται·
3414 4242 3555 4295 ἅπαν
3586 4241 3635 4292 δὲ
3661 4237 3783 4288 τούν-

2261 4335 2442 4387 αντίον
2500 4335 2628 4404 περὶ
2681 4333 2774 4385 τὸν
2835 4332 3069 4402 πώγωνα
3115 4333 3520 4402 διαπράττεται.
3579 4326 3664 4393 Οἷς
3707 4328 3782 4397 μὲν

2262 4429 2372 4496 γαρ
2425 4426 2552 4495 ἄρτι
2583 4425 2644 4477 τὸ
2691 4429 2969 4494 νεοτήσιον
3015 4425 3175 4486 ἄνθος
3205 4424 3426 4492 φύεται,
3479 4419 3780 4492 ξυρᾶταιαὺε

587 4520 970 4590 componendo
1002 4519 1360 4588 ornandoque
1390 4521 1605 4588 eapilio,
1655 4539 1686 4574 ιι
1722 4523 1971 4589 plurimis
2001 4541 2157 4578 usur-

2268 4523 2410 4582 τίκα,
2446 4519 2536 4570 ἵνα
2572 4519 2647 4586 μὴ
2679 4518 2758 4578 είς
2793 4515 2968 4592 ίουλον
3007 4519 3272 4588 καταστῇ.
3310 4518 3450 4570 ἀλλὰ
3481 4516 3678 4583 λειότης
3706 4509 3779 4562 αὑ·

587 4624 805 4682 pantur.
908 4613 1110 4664 Contra
1161 4626 1288 4664 vero
1352 4612 1574 4675 omnia,
1619 4613 1765 4682 quod
1819 4615 1884 4667 ad
1939 4615 2162 4670 barbam

587 4707 804 4766 attinet,
841 4705 958 4758 fieri
994 4719 1350 4758 consuevere.
1415 4704 1626 4768 Quibus
1657 4707 1856 4760 etenim
1903 4707 2162 4775 juvenilis

587 4797 676 4849 ille
709 4795 968 4850 ﬂosculus
997 4797 1232 4864 primum
1281 4796 1603 4860 innascitur,
1646 4796 1799 4850 illum
1830 4800 2037 4867 subito,
2095 4817 2162 4856 ne

587 4900 642 4941 tn
681 4888 990 4956 lanuginem
1028 4897 1331 4952 excrescat,
1389 4887 1485 4941 sed
1534 4890 1774 4957 ipsorum
1808 4889 1859 4943 in
1894 4891 2033 4946 facie
2067 4893 2161 4948 la:-

585 4979 722 5032 vitas
759 4978 1015 5040 oberret,
1077 4980 1295 5047 sintque
1340 4973 1625 5033 mulierum
1666 4979 1841 5036 instar
1884 4985 2056 5039 teneri
2091 5001 2154 5040 ac

583 5071 796 5133 molles,
847 5069 1035 5122 abradi
1063 5067 1276 5137 jubent.
1353 5069 1564 5135 Quibus
1597 5086 1727 5126 vero
1756 5071 1970 5143 longius
1996 5084 2155 5130 aetate

584 5157 854 5225 provectis
904 5156 1186 5210 densiores
1239 5156 1348 5210 fere
1405 5157 1497 5226 pili
1553 5169 1736 5214 mento
1795 5174 2151 5227 enascuntur,

583 5249 682 5310 illi,
713 5264 778 5300 ne
805 5246 1130 5301 demissiore
1160 5247 1325 5300 barba
1356 5249 1784 5318 conspiciantur,
1833 5267 1861 5306 a
1893 5257 2150 5308 novacula

580 5340 798 5409 quidem
851 5339 1165 5403 abstinent,
1235 5349 1390 5395 testa:
1453 5357 1580 5396 vero
1631 5345 1798 5413 ignito
1845 5345 2148 5419 fragmento

582 5431 763 5484 barba:
811 5433 1048 5494 admotu,
1115 5431 1384 5501 quidquid
1430 5447 1460 5486 e
1512 5444 1694 5488 mento
1737 5435 1899 5491 altius
1944 5438 2148 5492 eminet

577 5527 988 5590 (lt-pascuntur,
1044 5532 1364 5592 tantumque
1420 5524 1692 5592 linquunt.
1758 5534 1815 5578 ut
1876 5527 2146 5596 lanuginis

579 5615 742 5667 tnmlo
775 5617 1120 5682 pubescentis
1149 5617 1448 5672 similitudo
1489 5633 1784 5686 appareat;
1837 5636 1900 5673 ac
1936 5621 2044 5690 jam
2089 5622 2141 5675 in

650 5791 694 5822 ³⁷
727 5793 740 5845 Ι
776 5792 901 5847 Cor.
939 5809 1013 5856 xl,
1042 5792 1126 5844 Η.

2259 4610 2369 4662 τῶν
2399 4610 2686 4679 ἐπιπρέπῃ
2712 4609 2832 4670 ταῖς
2860 4607 3038 4674 ὂψεσι,
3075 4609 3168 4660 καὶ
3221 4603 3334 4660 οἷον
3369 4610 3544 4660 εἰπεῖν
3573 4601 3778 4672 γυναικί-

2259 4703 2435 4766 ζοιντό
2466 4717 2526 4754 τε
2562 4703 2656 4753 καὶ
2689 4701 3110 4769 μαλακίζοιντοο
3147 4695 3228 4763 οἷς
3257 4700 3314 4752 δὲ
3345 4697 3644 4769 προήκωνὸ
3674 4691 3777 4763 χρό-

2258 4811 2347 4856 νος
2377 4793 2520 4846 κατὰ
2547 4793 2871 4860 συστήματα
2905 4791 3091 4860 σχεδὸν
3143 4795 3287 4844 ποιεῖ
3337 4791 3437 4852 τὰς
3488 4787 3667 4857 τρίχας
3705 4777 3776 4834 τοῦ

2260 4885 2520 4954 πώγωνος
2549 4883 2803 4952 φύεσθαι,
2843 4883 2932 4936 ἵνα
2968 4884 3042 4953 μὴ
3075 4883 3176 4952 τὴν
3209 4884 3418 4952 ὑπήνην
3449 4883 3648 4950 φέροιεν
3673 4871 3772 4926 καθ-

2263 4978 2524 5048 ειμένην,
2565 4969 2709 5030 οὗτοι
2757 4975 3049 5044 ἀπέχονται
3109 4977 3204 5044 μὲν
3263 4975 3448 5045 ξυροῦ,
3499 4972 3720 5040 κεράμου
3742 4962 3773 5014 δ’

2257 5070 2375 5122 ἐστὶ
2411 5068 2670 5140 θραῦσμα
2722 5066 2981 5136 ἄνθραξιν
3038 5066 3448 5136 ὲκπυρούμενον
3504 5067 3564 5134 τῇ
3627 5059 3772 5126 ὑπήνϊ

2255 5159 2656 5228 προσφέρουσι,
2683 5159 2778 5211 καὶ
2800 5158 2992 5210 τούτου
3025 5156 3116 5210 τοῦ
3181 5157 3439 5224 πώγωνος
3493 5157 3628 5210 ἅπαν
3655 5154 3769 5202 ὲκτεο

2255 5249 2453 5319 φροῦσι
2490 5250 2551 5302 τὸ
2611 5249 3009 5319 αἰωρούμενον,
3043 5248 3291 5301 λείπουσι
3327 5251 3382 5302 δὲ
3413 5247 3668 5305 τοσοῦτον,
3715 5239 3769 5297 ὡς

2253 5342 2430 5394 δοκεῖν
2458 5341 2582 5410 ἄρτι
2608 5341 2699 5392 τὸν
2730 5340 2905 5393 ίουλον
2930 5341 3165 5409 φύεσθαι
3191 5356 3203 5367 ·
3237 5341 3332 5392 καὶ
3363 5341 3484 5402 τοὺς
3514 5340 3588 5400 είς
3607 5335 3770 5400 ἄνδρα,

2256 5429 2354 5500 ἤδη
2387 5431 2712 5494 τελέσαντας
2749 5432 3052 5493 νεανίσκοις
3086 5431 3322 5482 ἑοικέναι
3352 5430 3574 5500 πρώτοις
3603 5421 3764 5490 amavi}.

2253 5541 2396 5587 ταις.
2431 5525 2616 5579 Ταῦτα
2645 5528 2702 5580 δὲ
2723 5529 2783 5580 οὐ
2814 5530 2925 5589 τοῖς
2948 5528 3170 5598 τυχοῦσι
3205 5527 3388 5596 μόνοις
3416 5519 3764 5593 ἐπιτηδεύεται,

2255 5619 2390 5672 ἀλλὰ
2426 5621 2518 5673 καὶ
2573 5623 2684 5682 vi;
2719 5620 2981 5692 ὑπερλίαν
3032 5621 3234 5682 αὺτοῖς.
3291 5619 3450 5672 Ὅθεν
3493 5606 3766 5678 κατενεχθὲι
