  <div class='ocr_page' id='page_1' title='image "/cluster/home/n/w/nwhite01/storage/ocr_20150623/137/hvd.32044020166120/481.png"; bbox 0 0 3992 6484; ppageno 0'>
   <div class='ocr_carea' id='block_1_1' title="bbox 540 578 666 618">
    <p class='ocr_par' dir='ltr' id='par_1_1' title="bbox 540 578 666 618">
     <span class='ocr_line' id='line_1_1' title="bbox 540 578 666 618; baseline 0.024 -3"><span class='ocrx_word' id='word_1_1' title='bbox 540 578 666 618; x_wconf 73' lang='lat' dir='ltr'><strong>IIIIS.</strong></span> 
     </span>
    </p>
   </div>
   <div class='ocr_carea' id='block_1_2' title="bbox 539 658 2100 728">
    <p class='ocr_par' dir='ltr' id='par_1_2' title="bbox 539 658 2100 728">
     <span class='ocr_line' id='line_1_2' title="bbox 539 658 2100 728; baseline 0.001 -22"><span class='ocrx_word' id='word_1_2' title='bbox 539 665 596 707; x_wconf 88' lang='lat' dir='ltr'><strong>ut</strong></span> <span class='ocrx_word' id='word_1_3' title='bbox 629 671 697 709; x_wconf 78' lang='lat' dir='ltr'><strong>ex</strong></span> <span class='ocrx_word' id='word_1_4' title='bbox 756 658 971 725; x_wconf 76' lang='lat' dir='ltr'><strong>templis</strong></span> <span class='ocrx_word' id='word_1_5' title='bbox 1026 659 1380 727; x_wconf 79' lang='lat' dir='ltr'><strong>ejicercntur,</strong></span> <span class='ocrx_word' id='word_1_6' title='bbox 1443 659 1588 728; x_wconf 92' lang='lat' dir='ltr'><strong>quod</strong></span> <span class='ocrx_word' id='word_1_7' title='bbox 1649 659 1699 711; x_wconf 93' lang='lat' dir='ltr'><strong>id</strong></span> <span class='ocrx_word' id='word_1_8' title='bbox 1751 665 1898 711; x_wconf 88' lang='lat' dir='ltr'><strong>esset</strong></span> <span class='ocrx_word' id='word_1_9' title='bbox 1952 668 2100 709; x_wconf 72' lang='lat' dir='ltr'><strong>extra</strong></span> 
     </span>
    </p>
   </div>
   <div class='ocr_carea' id='block_1_3' title="bbox 537 749 2104 818">
    <p class='ocr_par' dir='ltr' id='par_1_3' title="bbox 537 749 2104 818">
     <span class='ocr_line' id='line_1_3' title="bbox 537 749 2104 818; baseline 0 -18"><span class='ocrx_word' id='word_1_10' title='bbox 537 766 752 803; x_wconf 86' lang='lat' dir='ltr'><strong>onmem</strong></span> <span class='ocrx_word' id='word_1_11' title='bbox 807 753 1254 806; x_wconf 81' lang='lat' dir='ltr'><strong>controversiam.</strong></span> <span class='ocrx_word' id='word_1_12' title='bbox 1308 752 1575 818; x_wconf 87' lang='lat' dir='ltr'><strong>Quoniam</strong></span> <span class='ocrx_word' id='word_1_13' title='bbox 1611 761 1814 812; x_wconf 86' lang='lat' dir='ltr'><strong>autem,</strong></span> <span class='ocrx_word' id='word_1_14' title='bbox 1863 752 1952 818; x_wconf 85' lang='lat' dir='ltr'><strong>qui</strong></span> <span class='ocrx_word' id='word_1_15' title='bbox 2007 749 2104 800; x_wconf 85' lang='lat' dir='ltr'><strong>ha-</strong></span> 
     </span>
    </p>
   </div>
   <div class='ocr_carea' id='block_1_4' title="bbox 539 840 2106 916">
    <p class='ocr_par' dir='ltr' id='par_1_4' title="bbox 539 840 2106 916">
     <span class='ocr_line' id='line_1_4' title="bbox 539 840 2106 916; baseline -0.001 -22"><span class='ocrx_word' id='word_1_16' title='bbox 539 843 993 916; x_wconf 32' lang='lat' dir='ltr'><strong>heut&#39;ecclesias,</strong></span> <span class='ocrx_word' id='word_1_17' title='bbox 1051 843 1210 912; x_wconf 74' lang='lat'><strong>275</strong></span> <span class='ocrx_word' id='word_1_18' title='bbox 1246 845 1655 898; x_wconf 81' lang='lat' dir='ltr'><strong>catechumenia</strong></span> <span class='ocrx_word' id='word_1_19' title='bbox 1703 858 1918 911; x_wconf 86' lang='lat' dir='ltr'><strong>quoque</strong></span> <span class='ocrx_word' id='word_1_20' title='bbox 1965 840 2106 893; x_wconf 81' lang='lat' dir='ltr'><strong>deti-</strong></span> 
     </span>
    </p>
   </div>
   <div class='ocr_carea' id='block_1_5' title="bbox 538 933 2101 1003">
    <p class='ocr_par' dir='ltr' id='par_1_5' title="bbox 538 933 2101 1003">
     <span class='ocr_line' id='line_1_5' title="bbox 538 933 2101 1003; baseline 0 -18"><span class='ocrx_word' id='word_1_21' title='bbox 538 943 687 990; x_wconf 86' lang='lat' dir='ltr'><strong>nent.</strong></span> <span class='ocrx_word' id='word_1_22' title='bbox 719 933 975 988; x_wconf 64' lang='lat' dir='ltr'><strong>divcrunt</strong></span> <span class='ocrx_word' id='word_1_23' title='bbox 1004 933 1361 1003; x_wconf 70' lang='lat' dir='ltr'><strong>Patres,quod</strong></span> <span class='ocrx_word' id='word_1_24' title='bbox 1394 952 1498 988; x_wconf 90' lang='lat' dir='ltr'><strong>non</strong></span> <span class='ocrx_word' id='word_1_25' title='bbox 1532 937 1704 989; x_wconf 89' lang='lat' dir='ltr'><strong>solum</strong></span> <span class='ocrx_word' id='word_1_26' title='bbox 1742 937 1806 984; x_wconf 86' lang='lat' dir='ltr'><strong>ah</strong></span> <span class='ocrx_word' id='word_1_27' title='bbox 1837 933 2101 994; x_wconf 61' lang='lat' dir='ltr'><strong>ccclesiis,</strong></span> 
     </span>
    </p>
   </div>
   <div class='ocr_carea' id='block_1_6' title="bbox 538 1023 2107 1097">
    <p class='ocr_par' dir='ltr' id='par_1_6' title="bbox 538 1023 2107 1097">
     <span class='ocr_line' id='line_1_6' title="bbox 538 1023 2107 1097; baseline 0.003 -23"><span class='ocrx_word' id='word_1_28' title='bbox 538 1023 631 1076; x_wconf 88' lang='lat' dir='ltr'><strong>sed</strong></span> <span class='ocrx_word' id='word_1_29' title='bbox 679 1025 842 1078; x_wconf 86' lang='lat' dir='ltr'><strong>etiam</strong></span> <span class='ocrx_word' id='word_1_30' title='bbox 887 1041 914 1077; x_wconf 88' lang='lat' dir='ltr'><strong>a</strong></span> <span class='ocrx_word' id='word_1_31' title='bbox 969 1029 1392 1082; x_wconf 86' lang='lat' dir='ltr'><strong>catechumeniis</strong></span> <span class='ocrx_word' id='word_1_32' title='bbox 1441 1029 1801 1097; x_wconf 64' lang='lat' dir='ltr'><strong>expellentur.</strong></span> <span class='ocrx_word' id='word_1_33' title='bbox 1876 1026 2107 1079; x_wconf 75' lang='lat' dir='ltr'><strong>Pulchre</strong></span> 
     </span>
    </p>
   </div>
   <div class='ocr_carea' id='block_1_7' title="bbox 537 1117 2104 1173">
    <p class='ocr_par' dir='ltr' id='par_1_7' title="bbox 537 1117 2104 1173">
     <span class='ocr_line' id='line_1_7' title="bbox 537 1117 2104 1173; baseline 0.003 -7"><span class='ocrx_word' id='word_1_34' title='bbox 537 1125 716 1168; x_wconf 86' lang='lat' dir='ltr'><strong>autem</strong></span> <span class='ocrx_word' id='word_1_35' title='bbox 747 1117 1037 1170; x_wconf 86' lang='lat' dir='ltr'><strong>admodum</strong></span> <span class='ocrx_word' id='word_1_36' title='bbox 1065 1120 1417 1173; x_wconf 82' lang='lat' dir='ltr'><strong>ecclesiarum</strong></span> <span class='ocrx_word' id='word_1_37' title='bbox 1455 1119 1780 1172; x_wconf 68' lang='lat' dir='ltr'><strong>ntentioﬁem</strong></span> <span class='ocrx_word' id='word_1_38' title='bbox 1817 1135 1923 1172; x_wconf 92' lang='lat' dir='ltr'><strong>non</strong></span> <span class='ocrx_word' id='word_1_39' title='bbox 1962 1117 2104 1170; x_wconf 78' lang='lat' dir='ltr'><strong>fece-</strong></span> 
     </span>
    </p>
   </div>
   <div class='ocr_carea' id='block_1_8' title="bbox 537 1210 2103 1272">
    <p class='ocr_par' dir='ltr' id='par_1_8' title="bbox 537 1210 2103 1272">
     <span class='ocr_line' id='line_1_8' title="bbox 537 1210 2103 1272; baseline 0.003 -16"><span class='ocrx_word' id='word_1_40' title='bbox 537 1216 687 1272; x_wconf 87' lang='lat' dir='ltr'><strong>runt,</strong></span> <span class='ocrx_word' id='word_1_41' title='bbox 747 1210 838 1261; x_wconf 89' lang='lat' dir='ltr'><strong>sed</strong></span> <span class='ocrx_word' id='word_1_42' title='bbox 875 1224 1157 1263; x_wconf 87' lang='lat' dir='ltr'><strong>sacrorum</strong></span> <span class='ocrx_word' id='word_1_43' title='bbox 1212 1211 1478 1264; x_wconf 89' lang='lat' dir='ltr'><strong>locorum.</strong></span> <span class='ocrx_word' id='word_1_44' title='bbox 1541 1213 1672 1265; x_wconf 82' lang='lat' dir='ltr'><strong>Cum</strong></span> <span class='ocrx_word' id='word_1_45' title='bbox 1704 1211 1927 1263; x_wconf 89' lang='lat' dir='ltr'><strong>muliere</strong></span> <span class='ocrx_word' id='word_1_46' title='bbox 1959 1211 2103 1261; x_wconf 87' lang='lat' dir='ltr'><strong>enim</strong></span> 
     </span>
    </p>
   </div>
   <div class='ocr_carea' id='block_1_9' title="bbox 541 1301 2106 1374">
    <p class='ocr_par' dir='ltr' id='par_1_9' title="bbox 541 1301 2106 1374">
     <span class='ocr_line' id='line_1_9' title="bbox 541 1301 2106 1374; baseline 0.001 -22"><span class='ocrx_word' id='word_1_47' title='bbox 541 1301 593 1353; x_wconf 90' lang='lat' dir='ltr'><strong>in</strong></span> <span class='ocrx_word' id='word_1_48' title='bbox 625 1301 873 1354; x_wconf 89' lang='lat' dir='ltr'><strong>ecclesiis</strong></span> <span class='ocrx_word' id='word_1_49' title='bbox 916 1303 1160 1356; x_wconf 81' lang='lat' dir='ltr'><strong>habitare</strong></span> <span class='ocrx_word' id='word_1_50' title='bbox 1205 1314 1284 1356; x_wconf 85' lang='lat' dir='ltr'><strong>est</strong></span> <span class='ocrx_word' id='word_1_51' title='bbox 1331 1306 1564 1358; x_wconf 81' lang='lat' dir='ltr'><strong>maxime</strong></span> <span class='ocrx_word' id='word_1_52' title='bbox 1603 1305 1826 1374; x_wconf 88' lang='lat' dir='ltr'><strong>impium</strong></span> <span class='ocrx_word' id='word_1_53' title='bbox 1867 1321 1879 1356; x_wconf 92' lang='lat'>:</span> <span class='ocrx_word' id='word_1_54' title='bbox 1914 1313 1968 1357; x_wconf 88' lang='lat' dir='ltr'><strong>et</strong></span> <span class='ocrx_word' id='word_1_55' title='bbox 2008 1317 2106 1354; x_wconf 90' lang='lat' dir='ltr'><strong>nec</strong></span> 
     </span>
    </p>
   </div>
   <div class='ocr_carea' id='block_1_10' title="bbox 542 1387 2107 1460">
    <p class='ocr_par' dir='ltr' id='par_1_10' title="bbox 542 1387 2107 1460">
     <span class='ocr_line' id='line_1_10' title="bbox 542 1387 2107 1460; baseline 0.003 -21"><span class='ocrx_word' id='word_1_56' title='bbox 542 1387 792 1444; x_wconf 84' lang='lat' dir='ltr'><strong>Patribus</strong></span> <span class='ocrx_word' id='word_1_57' title='bbox 823 1392 1040 1460; x_wconf 79' lang='lat' dir='ltr'><strong>quidem</strong></span> <span class='ocrx_word' id='word_1_58' title='bbox 1074 1394 1220 1446; x_wconf 93' lang='lat' dir='ltr'><strong>venit</strong></span> <span class='ocrx_word' id='word_1_59' title='bbox 1253 1395 1305 1447; x_wconf 93' lang='lat' dir='ltr'><strong>in</strong></span> <span class='ocrx_word' id='word_1_60' title='bbox 1343 1401 1600 1451; x_wconf 89' lang='lat' dir='ltr'><strong>mentem,</strong></span> <span class='ocrx_word' id='word_1_61' title='bbox 1659 1393 1772 1446; x_wconf 79' lang='lat' dir='ltr'><strong>fore</strong></span> <span class='ocrx_word' id='word_1_62' title='bbox 1807 1401 1864 1444; x_wconf 91' lang='lat' dir='ltr'><strong>ttt</strong></span> <span class='ocrx_word' id='word_1_63' title='bbox 1898 1392 1963 1444; x_wconf 90' lang='lat' dir='ltr'><strong>ab</strong></span> <span class='ocrx_word' id='word_1_64' title='bbox 1996 1391 2107 1444; x_wconf 92' lang='lat' dir='ltr'><strong>ullo</strong></span> 
     </span>
    </p>
   </div>
   <div class='ocr_carea' id='block_1_11' title="bbox 479 1468 2105 1551">
    <p class='ocr_par' dir='ltr' id='par_1_11' title="bbox 479 1468 2105 1551">
     <span class='ocr_line' id='line_1_11' title="bbox 479 1468 2105 1551; baseline -0.001 -19"><span class='ocrx_word' id='word_1_65' title='bbox 479 1477 498 1498; x_wconf 81' lang='grc'><strong><em>⁵</em></strong></span> <span class='ocrx_word' id='word_1_66' title='bbox 541 1489 648 1534; x_wconf 93' lang='lat' dir='ltr'><strong>tam</strong></span> <span class='ocrx_word' id='word_1_67' title='bbox 689 1482 911 1550; x_wconf 89' lang='lat' dir='ltr'><strong>impium</strong></span> <span class='ocrx_word' id='word_1_68' title='bbox 948 1483 1126 1537; x_wconf 80' lang='lat' dir='ltr'><strong>scelus</strong></span> <span class='ocrx_word' id='word_1_69' title='bbox 1152 1484 1503 1551; x_wconf 80' lang='lat' dir='ltr'><strong>Suscipiatur.</strong></span> <span class='ocrx_word' id='word_1_70' title='bbox 1553 1481 1712 1534; x_wconf 83' lang='lat' dir='ltr'><strong>Fiunt</strong></span> <span class='ocrx_word' id='word_1_71' title='bbox 1742 1468 1920 1534; x_wconf 83' lang='lat' dir='ltr'><strong>autcni</strong></span> <span class='ocrx_word' id='word_1_72' title='bbox 1953 1494 2105 1533; x_wconf 82' lang='lat' dir='ltr'><strong>sacra</strong></span> 
     </span>
    </p>
   </div>
   <div class='ocr_carea' id='block_1_12' title="bbox 537 1573 2108 1644">
    <p class='ocr_par' dir='ltr' id='par_1_12' title="bbox 537 1573 2108 1644">
     <span class='ocr_line' id='line_1_12' title="bbox 537 1573 2108 1644; baseline -0.002 -17"><span class='ocrx_word' id='word_1_73' title='bbox 537 1574 656 1628; x_wconf 87' lang='lat' dir='ltr'><strong>loca</strong></span> <span class='ocrx_word' id='word_1_74' title='bbox 686 1576 1017 1640; x_wconf 87' lang='lat' dir='ltr'><strong>communia,</strong></span> <span class='ocrx_word' id='word_1_75' title='bbox 1061 1591 1154 1644; x_wconf 84' lang='lat' dir='ltr'><strong>per</strong></span> <span class='ocrx_word' id='word_1_76' title='bbox 1188 1577 1422 1644; x_wconf 88' lang='lat' dir='ltr'><strong>turpium</strong></span> <span class='ocrx_word' id='word_1_77' title='bbox 1465 1585 1517 1628; x_wconf 81' lang='lat' dir='ltr'><strong>et</strong></span> <span class='ocrx_word' id='word_1_78' title='bbox 1551 1575 1768 1628; x_wconf 92' lang='lat' dir='ltr'><strong>minime</strong></span> <span class='ocrx_word' id='word_1_79' title='bbox 1796 1573 2108 1628; x_wconf 86' lang='lat' dir='ltr'><strong>decentittm</strong></span> 
     </span>
    </p>
   </div>
   <div class='ocr_carea' id='block_1_13' title="bbox 539 1666 2109 1735">
    <p class='ocr_par' dir='ltr' id='par_1_13' title="bbox 539 1666 2109 1735">
     <span class='ocr_line' id='line_1_13' title="bbox 539 1666 2109 1735; baseline -0.003 -15"><span class='ocrx_word' id='word_1_80' title='bbox 539 1675 794 1720; x_wconf 76' lang='lat' dir='ltr'><strong>cantuum</strong></span> <span class='ocrx_word' id='word_1_81' title='bbox 842 1667 1408 1731; x_wconf 87' lang='lat' dir='ltr'><strong>communicationem,</strong></span> <span class='ocrx_word' id='word_1_82' title='bbox 1459 1683 1526 1721; x_wconf 88' lang='lat' dir='ltr'><strong>ex</strong></span> <span class='ocrx_word' id='word_1_83' title='bbox 1575 1682 1639 1720; x_wconf 93' lang='lat' dir='ltr'><strong>eo</strong></span> <span class='ocrx_word' id='word_1_84' title='bbox 1666 1666 1807 1735; x_wconf 88' lang='lat' dir='ltr'><strong>qttod</strong></span> <span class='ocrx_word' id='word_1_85' title='bbox 1838 1681 1957 1718; x_wconf 90' lang='lat' dir='ltr'><strong>cum</strong></span> <span class='ocrx_word' id='word_1_86' title='bbox 1991 1679 2109 1716; x_wconf 85' lang='lat' dir='ltr'><strong>mu-</strong></span> 
     </span>
    </p>
   </div>
   <div class='ocr_carea' id='block_1_14' title="bbox 544 1756 2107 1826">
    <p class='ocr_par' dir='ltr' id='par_1_14' title="bbox 544 1756 2107 1826">
     <span class='ocr_line' id='line_1_14' title="bbox 544 1756 2107 1826; baseline -0.002 -16"><span class='ocrx_word' id='word_1_87' title='bbox 544 1757 766 1812; x_wconf 87' lang='lat' dir='ltr'><strong>lieribus</strong></span> <span class='ocrx_word' id='word_1_88' title='bbox 800 1759 850 1812; x_wconf 92' lang='lat' dir='ltr'><strong>in</strong></span> <span class='ocrx_word' id='word_1_89' title='bbox 882 1759 946 1813; x_wconf 81' lang='lat' dir='ltr'><strong>iis</strong></span> <span class='ocrx_word' id='word_1_90' title='bbox 985 1767 1288 1820; x_wconf 85' lang='lat' dir='ltr'><strong>maneatur.</strong></span> <span class='ocrx_word' id='word_1_91' title='bbox 1334 1769 1387 1813; x_wconf 85' lang='lat' dir='ltr'><strong>et</strong></span> <span class='ocrx_word' id='word_1_92' title='bbox 1423 1774 1519 1826; x_wconf 86' lang='lat' dir='ltr'><strong>per</strong></span> <span class='ocrx_word' id='word_1_93' title='bbox 1551 1759 1870 1812; x_wconf 81' lang='lat' dir='ltr'><strong>cellularum</strong></span> <span class='ocrx_word' id='word_1_94' title='bbox 1901 1756 1979 1810; x_wconf 85' lang='lat' dir='ltr'><strong>vel</strong></span> <span class='ocrx_word' id='word_1_95' title='bbox 2012 1771 2107 1808; x_wconf 87' lang='lat' dir='ltr'><strong>co-</strong></span> 
     </span>
    </p>
   </div>
   <div class='ocr_carea' id='block_1_15' title="bbox 541 1851 2107 1921">
    <p class='ocr_par' dir='ltr' id='par_1_15' title="bbox 541 1851 2107 1921">
     <span class='ocr_line' id='line_1_15' title="bbox 541 1851 2107 1921; baseline -0.001 -17"><span class='ocrx_word' id='word_1_96' title='bbox 541 1853 830 1921; x_wconf 87' lang='lat' dir='ltr'><strong>quinarum</strong></span> <span class='ocrx_word' id='word_1_97' title='bbox 862 1863 915 1903; x_wconf 87' lang='lat' dir='ltr'><strong>et</strong></span> <span class='ocrx_word' id='word_1_98' title='bbox 965 1853 1194 1906; x_wconf 87' lang='lat' dir='ltr'><strong>aliorum</strong></span> <span class='ocrx_word' id='word_1_99' title='bbox 1237 1851 1502 1918; x_wconf 82' lang='lat' dir='ltr'><strong>ejusmodi</strong></span> <span class='ocrx_word' id='word_1_100' title='bbox 1554 1852 2006 1906; x_wconf 63' lang='lat' dir='ltr'><strong>exstrui-tionem.</strong></span> <span class='ocrx_word' id='word_1_101' title='bbox 2035 1852 2107 1902; x_wconf 79' lang='lat' dir='ltr'><strong>Ac</strong></span> 
     </span>
    </p>
   </div>
   <div class='ocr_carea' id='block_1_16' title="bbox 543 1941 2104 2013">
    <p class='ocr_par' dir='ltr' id='par_1_16' title="bbox 543 1941 2104 2013">
     <span class='ocr_line' id='line_1_16' title="bbox 543 1941 2104 2013; baseline -0.003 -16"><span class='ocrx_word' id='word_1_102' title='bbox 543 1945 767 1997; x_wconf 83' lang='lat' dir='ltr'><strong>canonis</strong></span> <span class='ocrx_word' id='word_1_103' title='bbox 820 1944 1036 2013; x_wconf 81' lang='lat' dir='ltr'><strong>quidem</strong></span> <span class='ocrx_word' id='word_1_104' title='bbox 1095 1954 1560 2012; x_wconf 70' lang='lat' dir='ltr'><strong>transgressores,</strong></span> <span class='ocrx_word' id='word_1_105' title='bbox 1627 1943 1670 1996; x_wconf 87' lang='lat' dir='ltr'><strong>si</strong></span> <span class='ocrx_word' id='word_1_106' title='bbox 1722 1942 1831 1996; x_wconf 90' lang='lat' dir='ltr'><strong>sint</strong></span> <span class='ocrx_word' id='word_1_107' title='bbox 1887 1941 2104 2010; x_wconf 81' lang='lat' dir='ltr'><strong>quidem</strong></span> 
     </span>
    </p>
   </div>
   <div class='ocr_carea' id='block_1_17' title="bbox 507 2036 2109 2106">
    <p class='ocr_par' dir='ltr' id='par_1_17' title="bbox 507 2036 2109 2106">
     <span class='ocr_line' id='line_1_17' title="bbox 507 2036 2109 2106; baseline -0.003 -15"><span class='ocrx_word' id='word_1_108' title='bbox 507 2037 766 2098; x_wconf 88' lang='lat' dir='ltr'><strong>-clerici,</strong></span> <span class='ocrx_word' id='word_1_109' title='bbox 825 2038 1174 2106; x_wconf 86' lang='lat' dir='ltr'><strong>deponendos</strong></span> <span class='ocrx_word' id='word_1_110' title='bbox 1230 2040 1582 2091; x_wconf 86' lang='lat' dir='ltr'><strong>decernunt:</strong></span> <span class='ocrx_word' id='word_1_111' title='bbox 1646 2036 1815 2089; x_wconf 85' lang='lat' dir='ltr'><strong>laicos</strong></span> <span class='ocrx_word' id='word_1_112' title='bbox 1863 2049 1990 2087; x_wconf 89' lang='lat' dir='ltr'><strong>vero</strong></span> <span class='ocrx_word' id='word_1_113' title='bbox 2015 2049 2109 2086; x_wconf 79' lang='lat' dir='ltr'><strong>ex-</strong></span> 
     </span>
    </p>
   </div>
   <div class='ocr_carea' id='block_1_18' title="bbox 542 2123 2109 2196">
    <p class='ocr_par' dir='ltr' id='par_1_18' title="bbox 542 2123 2109 2196">
     <span class='ocr_line' id='line_1_18' title="bbox 542 2123 2109 2196; baseline -0.002 -16"><span class='ocrx_word' id='word_1_114' title='bbox 542 2127 1046 2181; x_wconf 78' lang='lat' dir='ltr'><strong>comtnunit-andos.</strong></span> <span class='ocrx_word' id='word_1_115' title='bbox 1109 2126 1246 2196; x_wconf 84' lang='lat' dir='ltr'><strong>Lege</strong></span> <span class='ocrx_word' id='word_1_116' title='bbox 1277 2137 1332 2181; x_wconf 91' lang='lat' dir='ltr'><strong>et</strong></span> <span class='ocrx_word' id='word_1_117' title='bbox 1360 2141 1480 2196; x_wconf 87' lang='lat' dir='ltr'><strong>cap.</strong></span> <span class='ocrx_word' id='word_1_118' title='bbox 1510 2126 1573 2180; x_wconf 75' lang='lat'><strong>12</strong></span> <span class='ocrx_word' id='word_1_119' title='bbox 1603 2127 1686 2179; x_wconf 90' lang='lat' dir='ltr'><strong>tit.</strong></span> <span class='ocrx_word' id='word_1_120' title='bbox 1722 2126 1877 2194; x_wconf 80' lang='lat' dir='ltr'><strong>primi</strong></span> <span class='ocrx_word' id='word_1_121' title='bbox 1939 2127 2030 2178; x_wconf 91' lang='lat' dir='ltr'><strong>lib.</strong></span> <span class='ocrx_word' id='word_1_122' title='bbox 2069 2123 2109 2177; x_wconf 84' lang='lat' dir='ltr'><strong>V</strong></span> 
     </span>
    </p>
   </div>
   <div class='ocr_carea' id='block_1_19' title="bbox 542 2220 1927 2292">
    <p class='ocr_par' dir='ltr' id='par_1_19' title="bbox 542 2220 1927 2292">
     <span class='ocr_line' id='line_1_19' title="bbox 542 2220 1927 2292; baseline 0 -20"><span class='ocrx_word' id='word_1_123' title='bbox 542 2223 687 2290; x_wconf 88' lang='lat' dir='ltr'><strong>quod</strong></span> <span class='ocrx_word' id='word_1_124' title='bbox 725 2223 956 2292; x_wconf 87' lang='lat' dir='ltr'><strong>positum</strong></span> <span class='ocrx_word' id='word_1_125' title='bbox 995 2231 1076 2276; x_wconf 90' lang='lat' dir='ltr'><strong>cst</strong></span> <span class='ocrx_word' id='word_1_126' title='bbox 1109 2222 1160 2274; x_wconf 93' lang='lat' dir='ltr'><strong>in</strong></span> <span class='ocrx_word' id='word_1_127' title='bbox 1193 2221 1641 2290; x_wconf 86' lang='lat' dir='ltr'><strong>interpretatione</strong></span> <span class='ocrx_word' id='word_1_128' title='bbox 1673 2220 1742 2274; x_wconf 81' lang='lat'><strong>88</strong></span> <span class='ocrx_word' id='word_1_129' title='bbox 1803 2235 1927 2272; x_wconf 86' lang='lat' dir='ltr'><strong>can.</strong></span> 
     </span>
    </p>
   </div>
   <div class='ocr_carea' id='block_1_20' title="bbox 541 2311 2108 2378">
    <p class='ocr_par' dir='ltr' id='par_1_20' title="bbox 541 2311 2108 2378">
     <span class='ocr_line' id='line_1_20' title="bbox 541 2311 2108 2378; baseline -0.003 -10"><span class='ocrx_word' id='word_1_130' title='bbox 541 2315 638 2368; x_wconf 86' lang='lat' dir='ltr'><strong>tibi</strong></span> <span class='ocrx_word' id='word_1_131' title='bbox 675 2316 1008 2369; x_wconf 84' lang='lat' dir='ltr'><strong>contrarium</strong></span> <span class='ocrx_word' id='word_1_132' title='bbox 1044 2329 1164 2368; x_wconf 89' lang='lat' dir='ltr'><strong>esse</strong></span> <span class='ocrx_word' id='word_1_133' title='bbox 1199 2313 1464 2372; x_wconf 82' lang='lat' dir='ltr'><strong>videatut&quot;.</strong></span> <span class='ocrx_word' id='word_1_134' title='bbox 1514 2311 1655 2378; x_wconf 90' lang='lat' dir='ltr'><strong>quod</strong></span> <span class='ocrx_word' id='word_1_135' title='bbox 1705 2311 1896 2366; x_wconf 85' lang='lat' dir='ltr'><strong>doceat</strong></span> <span class='ocrx_word' id='word_1_136' title='bbox 1925 2312 2108 2366; x_wconf 88' lang='lat' dir='ltr'><strong>termi-</strong></span> 
     </span>
    </p>
   </div>
   <div class='ocr_carea' id='block_1_21' title="bbox 544 2407 2113 2473">
    <p class='ocr_par' dir='ltr' id='par_1_21' title="bbox 544 2407 2113 2473">
     <span class='ocr_line' id='line_1_21' title="bbox 544 2407 2113 2473; baseline -0.003 -12"><span class='ocrx_word' id='word_1_137' title='bbox 544 2424 644 2464; x_wconf 55' lang='grc' dir='ltr'>τιτλε</span> <span class='ocrx_word' id='word_1_138' title='bbox 690 2409 931 2462; x_wconf 73' lang='lat' dir='ltr'><strong>ccclesize</strong></span> <span class='ocrx_word' id='word_1_139' title='bbox 991 2423 1113 2462; x_wconf 88' lang='lat' dir='ltr'><strong>esse</strong></span> <span class='ocrx_word' id='word_1_140' title='bbox 1153 2407 1366 2460; x_wconf 79' lang='lat' dir='ltr'><strong>lavacra</strong></span> <span class='ocrx_word' id='word_1_141' title='bbox 1423 2417 1474 2458; x_wconf 85' lang='lat' dir='ltr'><strong>et</strong></span> <span class='ocrx_word' id='word_1_142' title='bbox 1528 2407 1712 2459; x_wconf 78' lang='lat' dir='ltr'><strong>hortos</strong></span> <span class='ocrx_word' id='word_1_143' title='bbox 1761 2416 1812 2459; x_wconf 89' lang='lat' dir='ltr'><strong>et</strong></span> <span class='ocrx_word' id='word_1_144' title='bbox 1873 2407 2113 2473; x_wconf 90' lang='lat' dir='ltr'><strong>porticus</strong></span> 
     </span>
    </p>
   </div>
   <div class='ocr_carea' id='block_1_22' title="bbox 545 2498 2113 2569">
    <p class='ocr_par' dir='ltr' id='par_1_22' title="bbox 545 2498 2113 2569">
     <span class='ocr_line' id='line_1_22' title="bbox 545 2498 2113 2569; baseline -0.003 -15"><span class='ocrx_word' id='word_1_145' title='bbox 545 2503 688 2565; x_wconf 73' lang='lat' dir='ltr'><strong>eius,</strong></span> <span class='ocrx_word' id='word_1_146' title='bbox 744 2513 794 2554; x_wconf 81' lang='lat' dir='ltr'><strong>et</strong></span> <span class='ocrx_word' id='word_1_147' title='bbox 823 2508 1104 2569; x_wconf 85' lang='lat' dir='ltr'><strong>pmptcrea</strong></span> <span class='ocrx_word' id='word_1_148' title='bbox 1142 2516 1243 2553; x_wconf 91' lang='lat' dir='ltr'><strong>non</strong></span> <span class='ocrx_word' id='word_1_149' title='bbox 1282 2514 1441 2568; x_wconf 85' lang='lat' dir='ltr'><strong>posse</strong></span> <span class='ocrx_word' id='word_1_150' title='bbox 1471 2499 1778 2567; x_wconf 62' lang='lat' dir='ltr'><strong>quempiam</strong></span> <span class='ocrx_word' id='word_1_151' title='bbox 1813 2514 1874 2551; x_wconf 80' lang='lat' dir='ltr'><strong>ex</strong></span> <span class='ocrx_word' id='word_1_152' title='bbox 1925 2498 1988 2550; x_wconf 92' lang='lat' dir='ltr'><strong>iis</strong></span> <span class='ocrx_word' id='word_1_153' title='bbox 2019 2511 2113 2550; x_wconf 77' lang='lat' dir='ltr'><strong>eos</strong></span> 
     </span>
    </p>
   </div>
   <div class='ocr_carea' id='block_1_23' title="bbox 548 2588 2112 2660">
    <p class='ocr_par' dir='ltr' id='par_1_23' title="bbox 548 2588 2112 2660">
     <span class='ocr_line' id='line_1_23' title="bbox 548 2588 2112 2660; baseline -0.003 -17"><span class='ocrx_word' id='word_1_154' title='bbox 548 2593 888 2657; x_wconf 79' lang='lat' dir='ltr'><strong>abstrahere,</strong></span> <span class='ocrx_word' id='word_1_155' title='bbox 948 2592 1038 2660; x_wconf 86' lang='lat' dir='ltr'><strong>qui</strong></span> <span class='ocrx_word' id='word_1_156' title='bbox 1099 2592 1225 2644; x_wconf 88' lang='lat' dir='ltr'><strong>illuc</strong></span> <span class='ocrx_word' id='word_1_157' title='bbox 1287 2589 1700 2656; x_wconf 73' lang='lat' dir='ltr'><strong>confugerunt:</strong></span> <span class='ocrx_word' id='word_1_158' title='bbox 1765 2589 1817 2640; x_wconf 90' lang='lat' dir='ltr'><strong>in</strong></span> <span class='ocrx_word' id='word_1_159' title='bbox 1852 2603 1916 2639; x_wconf 84' lang='lat' dir='ltr'><strong>eo</strong></span> <span class='ocrx_word' id='word_1_160' title='bbox 1969 2588 2112 2640; x_wconf 84' lang='lat' dir='ltr'><strong>enim</strong></span> 
     </span>
    </p>
   </div>
   <div class='ocr_carea' id='block_1_24' title="bbox 547 2681 2112 2752">
    <p class='ocr_par' dir='ltr' id='par_1_24' title="bbox 547 2681 2112 2752">
     <span class='ocr_line' id='line_1_24' title="bbox 547 2681 2112 2752; baseline -0.008 -11"><span class='ocrx_word' id='word_1_161' title='bbox 547 2685 664 2741; x_wconf 77' lang='lat' dir='ltr'><strong>Solo</strong></span> <span class='ocrx_word' id='word_1_162' title='bbox 703 2685 948 2738; x_wconf 84' lang='lat' dir='ltr'><strong>videntur</strong></span> <span class='ocrx_word' id='word_1_163' title='bbox 997 2700 1117 2739; x_wconf 77' lang='lat' dir='ltr'><strong>esse</strong></span> <span class='ocrx_word' id='word_1_164' title='bbox 1161 2695 1337 2752; x_wconf 85' lang='lat' dir='ltr'><strong>partes</strong></span> <span class='ocrx_word' id='word_1_165' title='bbox 1387 2683 1652 2736; x_wconf 62' lang='lat' dir='ltr'><strong>ecrlesiar.</strong></span> <span class='ocrx_word' id='word_1_166' title='bbox 1737 2681 1914 2748; x_wconf 91' lang='lat' dir='ltr'><strong>Ipsum</strong></span> <span class='ocrx_word' id='word_1_167' title='bbox 1970 2681 2112 2732; x_wconf 84' lang='lat' dir='ltr'><strong>enim</strong></span> 
     </span>
    </p>
   </div>
   <div class='ocr_carea' id='block_1_25' title="bbox 548 2776 2117 2848">
    <p class='ocr_par' dir='ltr' id='par_1_25' title="bbox 548 2776 2117 2848">
     <span class='ocr_line' id='line_1_25' title="bbox 548 2776 2117 2848; baseline -0.004 -16"><span class='ocrx_word' id='word_1_168' title='bbox 548 2790 709 2848; x_wconf 87' lang='lat' dir='ltr'><strong>caput</strong></span> <span class='ocrx_word' id='word_1_169' title='bbox 742 2779 792 2830; x_wconf 93' lang='lat' dir='ltr'><strong>in</strong></span> <span class='ocrx_word' id='word_1_170' title='bbox 831 2777 894 2830; x_wconf 91' lang='lat' dir='ltr'><strong>iis</strong></span> <span class='ocrx_word' id='word_1_171' title='bbox 940 2785 1008 2830; x_wconf 73' lang='lat' dir='ltr'><strong>et.</strong></span> <span class='ocrx_word' id='word_1_172' title='bbox 1038 2776 1275 2829; x_wconf 87' lang='lat' dir='ltr'><strong>dormire</strong></span> <span class='ocrx_word' id='word_1_173' title='bbox 1326 2786 1378 2826; x_wconf 86' lang='lat' dir='ltr'><strong>et</strong></span> <span class='ocrx_word' id='word_1_174' title='bbox 1423 2789 1668 2827; x_wconf 77' lang='lat' dir='ltr'><strong>corrc-sse</strong></span> <span class='ocrx_word' id='word_1_175' title='bbox 1705 2788 1923 2841; x_wconf 88' lang='lat' dir='ltr'><strong>quoque</strong></span> <span class='ocrx_word' id='word_1_176' title='bbox 1959 2787 2117 2839; x_wconf 70' lang='lat' dir='ltr'><strong>pOSse</strong></span> 
     </span>
    </p>
   </div>
   <div class='ocr_carea' id='block_1_26' title="bbox 548 2864 2112 2937">
    <p class='ocr_par' dir='ltr' id='par_1_26' title="bbox 548 2864 2112 2937">
     <span class='ocr_line' id='line_1_26' title="bbox 548 2864 2112 2937; baseline -0.006 -14"><span class='ocrx_word' id='word_1_177' title='bbox 548 2869 831 2924; x_wconf 71' lang='lat' dir='ltr'><strong>decernit:</strong></span> <span class='ocrx_word' id='word_1_178' title='bbox 868 2883 986 2937; x_wconf 85' lang='lat' dir='ltr'><strong>quae</strong></span> <span class='ocrx_word' id='word_1_179' title='bbox 1014 2867 1231 2937; x_wconf 86' lang='lat' dir='ltr'><strong>quidem</strong></span> <span class='ocrx_word' id='word_1_180' title='bbox 1267 2869 1315 2919; x_wconf 89' lang='lat' dir='ltr'><strong>in</strong></span> <span class='ocrx_word' id='word_1_181' title='bbox 1354 2867 1554 2933; x_wconf 88' lang='lat' dir='ltr'><strong>templo</strong></span> <span class='ocrx_word' id='word_1_182' title='bbox 1585 2865 1697 2917; x_wconf 83' lang='lat' dir='ltr'><strong>ﬁeri</strong></span> <span class='ocrx_word' id='word_1_183' title='bbox 1739 2864 2112 2932; x_wconf 82' lang='lat' dir='ltr'><strong>prohibentur.</strong></span> 
     </span>
    </p>
   </div>
   <div class='ocr_carea' id='block_1_27' title="bbox 497 2950 2118 3029">
    <p class='ocr_par' dir='ltr' id='par_1_27' title="bbox 497 2950 2118 3029">
     <span class='ocr_line' id='line_1_27' title="bbox 497 2950 2118 3029; baseline -0.004 -15"><span class='ocrx_word' id='word_1_184' title='bbox 497 2950 499 2952; x_wconf 51' lang='grc'><em>’</em></span> <span class='ocrx_word' id='word_1_185' title='bbox 552 2963 630 3014; x_wconf 80' lang='lat' dir='ltr'><strong>Ac</strong></span> <span class='ocrx_word' id='word_1_186' title='bbox 675 2961 990 3014; x_wconf 85' lang='lat' dir='ltr'><strong>vicesimum</strong></span> <span class='ocrx_word' id='word_1_187' title='bbox 1049 2959 1264 3029; x_wconf 85' lang='lat' dir='ltr'><strong>quidem</strong></span> <span class='ocrx_word' id='word_1_188' title='bbox 1327 2960 1556 3026; x_wconf 87' lang='lat' dir='ltr'><strong>primum</strong></span> <span class='ocrx_word' id='word_1_189' title='bbox 1608 2955 1852 3024; x_wconf 81' lang='lat' dir='ltr'><strong>ejusdem</strong></span> <span class='ocrx_word' id='word_1_190' title='bbox 1906 2955 2027 3008; x_wconf 90' lang='lat' dir='ltr'><strong>libri</strong></span> <span class='ocrx_word' id='word_1_191' title='bbox 2065 2962 2118 3008; x_wconf 90' lang='lat' dir='ltr'><strong>et</strong></span> 
     </span>
    </p>
   </div>
   <div class='ocr_carea' id='block_1_28' title="bbox 551 3046 2117 3120">
    <p class='ocr_par' dir='ltr' id='par_1_28' title="bbox 551 3046 2117 3120">
     <span class='ocr_line' id='line_1_28' title="bbox 551 3046 2117 3120; baseline -0.004 -16"><span class='ocrx_word' id='word_1_192' title='bbox 551 3055 636 3106; x_wconf 89' lang='lat' dir='ltr'><strong>tit.</strong></span> <span class='ocrx_word' id='word_1_193' title='bbox 668 3060 830 3120; x_wconf 84' lang='lat' dir='ltr'><strong>caput</strong></span> <span class='ocrx_word' id='word_1_194' title='bbox 859 3058 911 3104; x_wconf 88' lang='lat' dir='ltr'><strong>et</strong></span> <span class='ocrx_word' id='word_1_195' title='bbox 941 3048 1008 3105; x_wconf 86' lang='lat' dir='ltr'><strong>ab</strong></span> <span class='ocrx_word' id='word_1_196' title='bbox 1039 3050 1270 3104; x_wconf 76' lang='lat' dir='ltr'><strong>ecclesia</strong></span> <span class='ocrx_word' id='word_1_197' title='bbox 1303 3087 1318 3107; x_wconf 92' lang='lat'><strong>,</strong></span> <span class='ocrx_word' id='word_1_198' title='bbox 1351 3059 1404 3103; x_wconf 88' lang='lat' dir='ltr'><strong>et</strong></span> <span class='ocrx_word' id='word_1_199' title='bbox 1431 3049 1496 3101; x_wconf 91' lang='lat' dir='ltr'><strong>ab</strong></span> <span class='ocrx_word' id='word_1_200' title='bbox 1524 3047 1644 3115; x_wconf 86' lang='lat' dir='ltr'><strong>ejus</strong></span> <span class='ocrx_word' id='word_1_201' title='bbox 1685 3046 1902 3109; x_wconf 83' lang='lat' dir='ltr'><strong>ﬁnibus,</strong></span> <span class='ocrx_word' id='word_1_202' title='bbox 1933 3054 2117 3098; x_wconf 76' lang='lat' dir='ltr'><strong>extra-</strong></span> 
     </span>
    </p>
   </div>
   <div class='ocr_carea' id='block_1_29' title="bbox 556 3140 2119 3207">
    <p class='ocr_par' dir='ltr' id='par_1_29' title="bbox 556 3140 2119 3207">
     <span class='ocr_line' id='line_1_29' title="bbox 556 3140 2119 3207; baseline -0.007 -10"><span class='ocrx_word' id='word_1_203' title='bbox 556 3145 760 3198; x_wconf 83' lang='lat' dir='ltr'><strong>hendus</strong></span> <span class='ocrx_word' id='word_1_204' title='bbox 790 3159 910 3198; x_wconf 85' lang='lat' dir='ltr'><strong>esse</strong></span> <span class='ocrx_word' id='word_1_205' title='bbox 939 3143 1183 3196; x_wconf 87' lang='lat' dir='ltr'><strong>decernit</strong></span> <span class='ocrx_word' id='word_1_206' title='bbox 1209 3142 1529 3201; x_wconf 84' lang='lat' dir='ltr'><strong>homicidas,</strong></span> <span class='ocrx_word' id='word_1_207' title='bbox 1557 3140 1832 3193; x_wconf 71' lang='lat' dir='ltr'><strong>adulteras</strong></span> <span class='ocrx_word' id='word_1_208' title='bbox 1858 3147 1910 3192; x_wconf 91' lang='lat' dir='ltr'><strong>et</strong></span> <span class='ocrx_word' id='word_1_209' title='bbox 1936 3148 2119 3207; x_wconf 89' lang='lat' dir='ltr'><strong>rapto-</strong></span> 
     </span>
    </p>
   </div>
   <div class='ocr_carea' id='block_1_30' title="bbox 2001 2217 2130 2273">
    <p class='ocr_par' dir='ltr' id='par_1_30' title="bbox 2001 2217 2130 2273">
     <span class='ocr_line' id='line_1_30' title="bbox 2001 2217 2130 2273; baseline 0.023 -3"><span class='ocrx_word' id='word_1_210' title='bbox 2001 2217 2130 2273; x_wconf 71' lang='grc' dir='ltr'><strong>Νυσ-</strong></span> 
     </span>
    </p>
   </div>
   <div class='ocr_carea' id='block_1_31' title="bbox 1796 445 3733 511">
    <p class='ocr_par' dir='ltr' id='par_1_31' title="bbox 1796 445 3733 511">
     <span class='ocr_line' id='line_1_31' title="bbox 1796 445 3733 511; baseline 0.002 -3"><span class='ocrx_word' id='word_1_211' title='bbox 1796 447 2072 508; x_wconf 81' lang='lat' dir='ltr'><strong>THEOD.</strong></span> <span class='ocrx_word' id='word_1_212' title='bbox 2108 445 2500 505; x_wconf 65' lang='lat' dir='ltr'><strong>BALSAMON</strong></span> <span class='ocrx_word' id='word_1_213' title='bbox 2591 481 2598 490; x_wconf 96' lang='lat'><strong>-</strong></span> <span class='ocrx_word' id='word_1_214' title='bbox 3643 448 3733 511; x_wconf 63' lang='lat'><strong>832</strong></span> 
     </span>
    </p>
   </div>
   <div class='ocr_carea' id='block_1_32' title="bbox 752 559 2116 635">
    <p class='ocr_par' dir='ltr' id='par_1_32' title="bbox 752 562 2100 635">
     <span class='ocr_line' id='line_1_32' title="bbox 752 562 2100 635; baseline -0.001 -19"><span class='ocrx_word' id='word_1_215' title='bbox 752 562 1040 631; x_wconf 57' lang='lat' dir='ltr'><strong>Propterea</strong></span> <span class='ocrx_word' id='word_1_216' title='bbox 1077 565 1243 629; x_wconf 76' lang='lat' dir='ltr'><strong>enim,</strong></span> <span class='ocrx_word' id='word_1_217' title='bbox 1295 582 1392 618; x_wconf 90' lang='lat' dir='ltr'><strong>nec.</strong></span> <span class='ocrx_word' id='word_1_218' title='bbox 1424 567 1538 635; x_wconf 80' lang='lat' dir='ltr'><strong>lege</strong></span> <span class='ocrx_word' id='word_1_219' title='bbox 1577 566 1790 632; x_wconf 70' lang='lat' dir='ltr'><strong>quidem</strong></span> <span class='ocrx_word' id='word_1_220' title='bbox 1824 571 2100 624; x_wconf 83' lang='lat' dir='ltr'><strong>caverunt,</strong></span> 
     </span>
    </p>
   </div>
   <div class='ocr_carea' id='block_1_33' title="bbox 2219 559 3734 635">
    <p class='ocr_par' dir='ltr' id='par_1_33' title="bbox 2219 559 3734 624">
     <span class='ocr_line' id='line_1_33' title="bbox 2219 559 3734 624; baseline 0.005 -14"><span class='ocrx_word' id='word_1_221' title='bbox 2219 559 2495 613; x_wconf 60' lang='grc' dir='ltr'>ϐάλλεσθαι</span> <span class='ocrx_word' id='word_1_222' title='bbox 2529 560 2750 624; x_wconf 64' lang='grc' dir='ltr'>τοᾶτους</span> <span class='ocrx_word' id='word_1_223' title='bbox 2793 561 2896 614; x_wconf 68' lang='grc' dir='ltr'>ἀπὺ</span> <span class='ocrx_word' id='word_1_224' title='bbox 2932 560 3040 612; x_wconf 84' lang='grc' dir='ltr'>τῶν</span> <span class='ocrx_word' id='word_1_225' title='bbox 3071 560 3235 622; x_wconf 81' lang='grc' dir='ltr'>ναῶν,</span> <span class='ocrx_word' id='word_1_226' title='bbox 3284 560 3355 617; x_wconf 84' lang='grc' dir='ltr'>ὡς</span> <span class='ocrx_word' id='word_1_227' title='bbox 3393 560 3586 624; x_wconf 65' lang='grc' dir='ltr'>ειδότες</span> <span class='ocrx_word' id='word_1_228' title='bbox 3610 559 3734 620; x_wconf 75' lang='grc' dir='ltr'>εῖναι</span> 
     </span>
    </p>
   </div>
   <div class='ocr_carea' id='block_1_34' title="bbox 2207 649 3734 720">
    <p class='ocr_par' dir='ltr' id='par_1_34' title="bbox 2207 649 3734 720">
     <span class='ocr_line' id='line_1_34' title="bbox 2207 649 3734 720; baseline 0.003 -18"><span class='ocrx_word' id='word_1_229' title='bbox 2207 652 2337 702; x_wconf 75' lang='grc' dir='ltr'>αὐτὸ</span> <span class='ocrx_word' id='word_1_230' title='bbox 2375 651 2766 718; x_wconf 70' lang='grc' dir='ltr'>ἀναμφίϐολον.</span> <span class='ocrx_word' id='word_1_231' title='bbox 2802 650 2926 705; x_wconf 75' lang='grc' dir='ltr'><strong>Ὀτι</strong></span> <span class='ocrx_word' id='word_1_232' title='bbox 2961 650 3016 702; x_wconf 83' lang='grc' dir='ltr'>δὲ</span> <span class='ocrx_word' id='word_1_233' title='bbox 3046 649 3242 720; x_wconf 67' lang='grc' dir='ltr'>ἤθελον</span> <span class='ocrx_word' id='word_1_234' title='bbox 3297 651 3343 703; x_wconf 78' lang='lat' dir='ltr'><strong>oi</strong></span> <span class='ocrx_word' id='word_1_235' title='bbox 3394 652 3600 720; x_wconf 75' lang='grc' dir='ltr'>ἔχοντες</span> <span class='ocrx_word' id='word_1_236' title='bbox 3649 656 3734 717; x_wconf 69' lang='grc' dir='ltr'><strong>τὰς</strong></span> 
     </span>
    </p>
   </div>
   <div class='ocr_carea' id='block_1_35' title="bbox 2207 741 3728 812">
    <p class='ocr_par' dir='ltr' id='par_1_35' title="bbox 2207 741 3728 812">
     <span class='ocr_line' id='line_1_35' title="bbox 2207 741 3728 812; baseline 0.003 -18"><span class='ocrx_word' id='word_1_237' title='bbox 2207 741 2538 811; x_wconf 76' lang='grc' dir='ltr'><strong>ἐκκλησίας·</strong></span> <span class='ocrx_word' id='word_1_238' title='bbox 2585 742 2686 795; x_wconf 74' lang='grc' dir='ltr'><strong>κᾶν</strong></span> <span class='ocrx_word' id='word_1_239' title='bbox 2731 746 2796 796; x_wconf 70' lang='grc' dir='ltr'>τὶ</span> <span class='ocrx_word' id='word_1_240' title='bbox 2854 745 3288 812; x_wconf 82' lang='grc' dir='ltr'>κατηχουμενεϊα</span> <span class='ocrx_word' id='word_1_241' title='bbox 3343 744 3610 812; x_wconf 77' lang='grc' dir='ltr'><strong>κατέχειν,</strong></span> <span class='ocrx_word' id='word_1_242' title='bbox 3660 744 3728 798; x_wconf 82' lang='grc' dir='ltr'><strong>εἶ-</strong></span> 
     </span>
    </p>
   </div>
   <div class='ocr_carea' id='block_1_36' title="bbox 2208 833 3738 905">
    <p class='ocr_par' dir='ltr' id='par_1_36' title="bbox 2208 833 3738 905">
     <span class='ocr_line' id='line_1_36' title="bbox 2208 833 3738 905; baseline -0.001 -19"><span class='ocrx_word' id='word_1_243' title='bbox 2208 853 2307 886; x_wconf 86' lang='grc' dir='ltr'><strong>πον</strong></span> <span class='ocrx_word' id='word_1_244' title='bbox 2359 837 2404 885; x_wconf 83' lang='grc' dir='ltr'>οἱ</span> <span class='ocrx_word' id='word_1_245' title='bbox 2458 836 2701 905; x_wconf 82' lang='grc' dir='ltr'>Πατὲρες</span> <span class='ocrx_word' id='word_1_246' title='bbox 2752 835 2825 898; x_wconf 83' lang='grc' dir='ltr'>ὡς</span> <span class='ocrx_word' id='word_1_247' title='bbox 2854 836 2914 886; x_wconf 72' lang='grc' dir='ltr'><strong>οὐ</strong></span> <span class='ocrx_word' id='word_1_248' title='bbox 2956 837 3118 904; x_wconf 89' lang='grc' dir='ltr'>μόνον</span> <span class='ocrx_word' id='word_1_249' title='bbox 3147 833 3252 887; x_wconf 70' lang='grc' dir='ltr'><strong>ἀπὸ</strong></span> <span class='ocrx_word' id='word_1_250' title='bbox 3295 835 3402 886; x_wconf 82' lang='grc' dir='ltr'>τῶν</span> <span class='ocrx_word' id='word_1_251' title='bbox 3436 834 3738 904; x_wconf 79' lang='grc' dir='ltr'><strong>ἐκκλησιῶν,</strong></span> 
     </span>
    </p>
   </div>
   <div class='ocr_carea' id='block_1_37' title="bbox 2206 926 3737 996">
    <p class='ocr_par' dir='ltr' id='par_1_37' title="bbox 2206 926 3737 996">
     <span class='ocr_line' id='line_1_37' title="bbox 2206 926 3737 996; baseline 0.001 -17"><span class='ocrx_word' id='word_1_252' title='bbox 2206 928 2344 980; x_wconf 62' lang='grc' dir='ltr'>ἀλλὰ</span> <span class='ocrx_word' id='word_1_253' title='bbox 2382 930 2474 981; x_wconf 71' lang='grc' dir='ltr'>καὶ</span> <span class='ocrx_word' id='word_1_254' title='bbox 2511 928 2621 982; x_wconf 76' lang='grc' dir='ltr'>ἀπὸ</span> <span class='ocrx_word' id='word_1_255' title='bbox 2648 929 2754 980; x_wconf 81' lang='grc' dir='ltr'><strong>τῶν</strong></span> <span class='ocrx_word' id='word_1_256' title='bbox 2787 929 3266 996; x_wconf 87' lang='grc' dir='ltr'>κατηχουμενείων</span> <span class='ocrx_word' id='word_1_257' title='bbox 3302 927 3387 978; x_wconf 83' lang='grc' dir='ltr'><strong>ἶνα</strong></span> <span class='ocrx_word' id='word_1_258' title='bbox 3431 926 3737 996; x_wconf 77' lang='grc' dir='ltr'>ἐξωθῶνται.</span> 
     </span>
    </p>
   </div>
   <div class='ocr_carea' id='block_1_38' title="bbox 2210 1018 3742 1090">
    <p class='ocr_par' dir='ltr' id='par_1_38' title="bbox 2210 1018 3742 1090">
     <span class='ocr_line' id='line_1_38' title="bbox 2210 1018 3742 1090; baseline 0.001 -20"><span class='ocrx_word' id='word_1_259' title='bbox 2210 1019 2407 1080; x_wconf 74' lang='grc' dir='ltr'>Καλῶς</span> <span class='ocrx_word' id='word_1_260' title='bbox 2441 1020 2498 1072; x_wconf 81' lang='grc' dir='ltr'>δὲ</span> <span class='ocrx_word' id='word_1_261' title='bbox 2539 1019 2637 1072; x_wconf 70' lang='grc' dir='ltr'><strong>οὐκ</strong></span> <span class='ocrx_word' id='word_1_262' title='bbox 2672 1020 3025 1090; x_wconf 73' lang='grc' dir='ltr'><strong>ἐμνήσθησαν</strong></span> <span class='ocrx_word' id='word_1_263' title='bbox 3058 1018 3364 1088; x_wconf 68' lang='grc' dir='ltr'>ἐκκλησιῶν</span> <span class='ocrx_word' id='word_1_264' title='bbox 3393 1059 3408 1078; x_wconf 84' lang='grc'><strong>,</strong></span> <span class='ocrx_word' id='word_1_265' title='bbox 3436 1018 3567 1070; x_wconf 75' lang='grc' dir='ltr'>ἀλλὰ</span> <span class='ocrx_word' id='word_1_266' title='bbox 3599 1020 3742 1087; x_wconf 74' lang='grc' dir='ltr'>ἱερῶν</span> 
     </span>
    </p>
   </div>
   <div class='ocr_carea' id='block_1_39' title="bbox 2207 1096 3742 1180">
    <p class='ocr_par' dir='ltr' id='par_1_39' title="bbox 2207 1096 3742 1180">
     <span class='ocr_line' id='line_1_39' title="bbox 2207 1096 3742 1180; baseline 0.001 -20"><span class='ocrx_word' id='word_1_267' title='bbox 2207 1108 2404 1161; x_wconf 81' lang='grc' dir='ltr'>τόπων.</span> <span class='ocrx_word' id='word_1_268' title='bbox 2434 1110 2506 1161; x_wconf 77' lang='grc' dir='ltr'><strong>Τὸ</strong></span> <span class='ocrx_word' id='word_1_269' title='bbox 2537 1111 2644 1178; x_wconf 79' lang='grc' dir='ltr'><strong>γὰρ</strong></span> <span class='ocrx_word' id='word_1_270' title='bbox 2679 1096 3010 1180; x_wconf 67' lang='grc' dir='ltr'>καταμένειν</span> <span class='ocrx_word' id='word_1_271' title='bbox 3040 1113 3175 1180; x_wconf 76' lang='grc' dir='ltr'>μετὰ</span> <span class='ocrx_word' id='word_1_272' title='bbox 3203 1109 3458 1177; x_wconf 75' lang='grc' dir='ltr'>γυναικὸς</span> <span class='ocrx_word' id='word_1_273' title='bbox 3489 1112 3543 1162; x_wconf 84' lang='grc' dir='ltr'><strong>ἐν</strong></span> <span class='ocrx_word' id='word_1_274' title='bbox 3569 1112 3742 1180; x_wconf 86' lang='grc' dir='ltr'>ἐκκλη-</span> 
     </span>
    </p>
   </div>
   <div class='ocr_carea' id='block_1_40' title="bbox 2210 1203 3742 1277">
    <p class='ocr_par' dir='ltr' id='par_1_40' title="bbox 2210 1203 3742 1277">
     <span class='ocr_line' id='line_1_40' title="bbox 2210 1203 3742 1277; baseline 0.002 -20"><span class='ocrx_word' id='word_1_275' title='bbox 2210 1206 2300 1277; x_wconf 79' lang='grc' dir='ltr'><strong>σίᾳ</strong></span> <span class='ocrx_word' id='word_1_276' title='bbox 2338 1206 2699 1260; x_wconf 73' lang='grc' dir='ltr'>ἀσεϐέστατόν</span> <span class='ocrx_word' id='word_1_277' title='bbox 2730 1209 2843 1260; x_wconf 85' lang='grc' dir='ltr'>ἐστι</span> <span class='ocrx_word' id='word_1_278' title='bbox 2873 1224 2889 1240; x_wconf 78' lang='grc' dir='ltr'><strong><em>ο</em></strong></span> <span class='ocrx_word' id='word_1_279' title='bbox 2924 1208 3015 1261; x_wconf 81' lang='grc' dir='ltr'><strong>καὶ</strong></span> <span class='ocrx_word' id='word_1_280' title='bbox 3039 1208 3159 1260; x_wconf 77' lang='grc' dir='ltr'>οὐδὲ</span> <span class='ocrx_word' id='word_1_281' title='bbox 3197 1209 3276 1271; x_wconf 81' lang='grc' dir='ltr'>εἱς</span> <span class='ocrx_word' id='word_1_282' title='bbox 3306 1205 3598 1275; x_wconf 74' lang='grc' dir='ltr'>ἐνθύμησιν</span> <span class='ocrx_word' id='word_1_283' title='bbox 3627 1203 3742 1275; x_wconf 68' lang='grc' dir='ltr'><strong>⁴ἦλθε.</strong></span> 
     </span>
    </p>
   </div>
   <div class='ocr_carea' id='block_1_41' title="bbox 2207 1301 3746 1371">
    <p class='ocr_par' dir='ltr' id='par_1_41' title="bbox 2207 1301 3746 1371">
     <span class='ocr_line' id='line_1_41' title="bbox 2207 1301 3746 1371; baseline 0.002 -20"><span class='ocrx_word' id='word_1_284' title='bbox 2207 1303 2320 1362; x_wconf 79' lang='grc' dir='ltr'>τοῖς</span> <span class='ocrx_word' id='word_1_285' title='bbox 2351 1301 2596 1370; x_wconf 81' lang='grc' dir='ltr'>Πατράσι</span> <span class='ocrx_word' id='word_1_286' title='bbox 2633 1301 2970 1371; x_wconf 77' lang='grc' dir='ltr'>τολμηθῆναι</span> <span class='ocrx_word' id='word_1_287' title='bbox 3001 1303 3136 1365; x_wconf 78' lang='grc' dir='ltr'>ὅλως</span> <span class='ocrx_word' id='word_1_288' title='bbox 3173 1301 3326 1371; x_wconf 86' lang='grc' dir='ltr'>παρά</span> <span class='ocrx_word' id='word_1_289' title='bbox 3357 1317 3501 1364; x_wconf 88' lang='grc' dir='ltr'>τινος</span> <span class='ocrx_word' id='word_1_290' title='bbox 3530 1301 3746 1354; x_wconf 74' lang='grc' dir='ltr'>τοιοῦτον</span> 
     </span>
    </p>
   </div>
   <div class='ocr_carea' id='block_1_42' title="bbox 2209 1394 3746 1463">
    <p class='ocr_par' dir='ltr' id='par_1_42' title="bbox 2209 1394 3746 1463">
     <span class='ocr_line' id='line_1_42' title="bbox 2209 1394 3746 1463; baseline 0.002 -19"><span class='ocrx_word' id='word_1_291' title='bbox 2209 1394 2489 1463; x_wconf 76' lang='grc' dir='ltr'>ἀσέϐημα.</span> <span class='ocrx_word' id='word_1_292' title='bbox 2537 1396 2985 1448; x_wconf 83' lang='grc' dir='ltr'>Κοινοποιοῦνται</span> <span class='ocrx_word' id='word_1_293' title='bbox 3018 1396 3072 1449; x_wconf 84' lang='grc' dir='ltr'>δὲ</span> <span class='ocrx_word' id='word_1_294' title='bbox 3125 1397 3172 1446; x_wconf 84' lang='lat' dir='ltr'><strong>oi</strong></span> <span class='ocrx_word' id='word_1_295' title='bbox 3203 1397 3338 1458; x_wconf 77' lang='grc' dir='ltr'>ἱεροὶ</span> <span class='ocrx_word' id='word_1_296' title='bbox 3365 1395 3517 1448; x_wconf 83' lang='grc' dir='ltr'>τόποι</span> <span class='ocrx_word' id='word_1_297' title='bbox 3550 1395 3634 1447; x_wconf 79' lang='grc' dir='ltr'><strong>διὰ</strong></span> <span class='ocrx_word' id='word_1_298' title='bbox 3665 1395 3746 1447; x_wconf 86' lang='grc' dir='ltr'><strong>τοῦ</strong></span> 
     </span>
    </p>
   </div>
   <div class='ocr_carea' id='block_1_43' title="bbox 2209 1487 3747 1557">
    <p class='ocr_par' dir='ltr' id='par_1_43' title="bbox 2209 1487 3747 1557">
     <span class='ocr_line' id='line_1_43' title="bbox 2209 1487 3747 1557; baseline 0.002 -19"><span class='ocrx_word' id='word_1_299' title='bbox 2209 1488 2540 1556; x_wconf 78' lang='grc' dir='ltr'>καταμένειν</span> <span class='ocrx_word' id='word_1_300' title='bbox 2583 1487 2722 1557; x_wconf 72' lang='grc' dir='ltr'>μετὰ</span> <span class='ocrx_word' id='word_1_301' title='bbox 2759 1489 3036 1554; x_wconf 85' lang='grc' dir='ltr'>γυναικῶν</span> <span class='ocrx_word' id='word_1_302' title='bbox 3071 1488 3158 1541; x_wconf 78' lang='grc' dir='ltr'>διὰ</span> <span class='ocrx_word' id='word_1_303' title='bbox 3190 1487 3474 1555; x_wconf 71' lang='grc' dir='ltr'>ἀλαλαγῆς</span> <span class='ocrx_word' id='word_1_304' title='bbox 3501 1489 3747 1556; x_wconf 73' lang='grc' dir='ltr'>μελισμάι-</span> 
     </span>
    </p>
   </div>
   <div class='ocr_carea' id='block_1_44' title="bbox 2209 1577 3749 1648">
    <p class='ocr_par' dir='ltr' id='par_1_44' title="bbox 2209 1577 3749 1648">
     <span class='ocr_line' id='line_1_44' title="bbox 2209 1577 3749 1648; baseline 0.001 -20"><span class='ocrx_word' id='word_1_305' title='bbox 2209 1593 2316 1628; x_wconf 83' lang='grc' dir='ltr'>των</span> <span class='ocrx_word' id='word_1_306' title='bbox 2344 1577 2670 1644; x_wconf 83' lang='grc' dir='ltr'>ἀσχημόνων</span> <span class='ocrx_word' id='word_1_307' title='bbox 2703 1579 2795 1630; x_wconf 76' lang='grc' dir='ltr'><strong>καὶ</strong></span> <span class='ocrx_word' id='word_1_308' title='bbox 2829 1579 3127 1648; x_wconf 75' lang='grc' dir='ltr'><strong>ἀπρεπῶν,</strong></span> <span class='ocrx_word' id='word_1_309' title='bbox 3179 1578 3272 1630; x_wconf 78' lang='grc' dir='ltr'>καὶ</span> <span class='ocrx_word' id='word_1_310' title='bbox 3305 1577 3395 1630; x_wconf 75' lang='grc' dir='ltr'>διὰ</span> <span class='ocrx_word' id='word_1_311' title='bbox 3428 1579 3749 1645; x_wconf 74' lang='grc' dir='ltr'>κατασκευῆς</span> 
     </span>
    </p>
   </div>
   <div class='ocr_carea' id='block_1_45' title="bbox 2213 1659 3750 1740">
    <p class='ocr_par' dir='ltr' id='par_1_45' title="bbox 2213 1659 3750 1740">
     <span class='ocr_line' id='line_1_45' title="bbox 2213 1659 3750 1740; baseline 0.001 -19"><span class='ocrx_word' id='word_1_312' title='bbox 2213 1669 2591 1734; x_wconf 83' lang='grc' dir='ltr'>παρακελλίων</span> <span class='ocrx_word' id='word_1_313' title='bbox 2623 1669 2653 1739; x_wconf 81' lang='grc' dir='ltr'>ἢ</span> <span class='ocrx_word' id='word_1_314' title='bbox 2685 1670 3017 1739; x_wconf 86' lang='grc' dir='ltr'>μαγειρείων</span> <span class='ocrx_word' id='word_1_315' title='bbox 3044 1671 3076 1740; x_wconf 84' lang='grc' dir='ltr'>ἢ</span> <span class='ocrx_word' id='word_1_316' title='bbox 3107 1670 3281 1724; x_wconf 82' lang='grc' dir='ltr'>ἄλλων</span> <span class='ocrx_word' id='word_1_317' title='bbox 3315 1659 3589 1724; x_wconf 67' lang='grc' dir='ltr'>τοιούτων.</span> <span class='ocrx_word' id='word_1_318' title='bbox 3629 1671 3750 1732; x_wconf 69' lang='grc' dir='ltr'>Τοὺς</span> 
     </span>
    </p>
   </div>
   <div class='ocr_carea' id='block_1_46' title="bbox 2213 1761 3749 1837">
    <p class='ocr_par' dir='ltr' id='par_1_46' title="bbox 2213 1761 3749 1837">
     <span class='ocr_line' id='line_1_46' title="bbox 2213 1761 3749 1837; baseline -0.001 -24"><span class='ocrx_word' id='word_1_319' title='bbox 2213 1762 2398 1826; x_wconf 83' lang='grc' dir='ltr'>μέντοι</span> <span class='ocrx_word' id='word_1_320' title='bbox 2459 1761 2782 1829; x_wconf 77' lang='grc' dir='ltr'>παραὸἀτας</span> <span class='ocrx_word' id='word_1_321' title='bbox 2817 1761 2926 1837; x_wconf 65' lang='grc' dir='ltr'><strong>⁸τοῦ</strong></span> <span class='ocrx_word' id='word_1_322' title='bbox 2989 1763 3252 1826; x_wconf 81' lang='grc' dir='ltr'>κανόνος,</span> <span class='ocrx_word' id='word_1_323' title='bbox 3310 1761 3605 1831; x_wconf 72' lang='grc' dir='ltr'>κληρικοίις</span> <span class='ocrx_word' id='word_1_324' title='bbox 3665 1763 3749 1830; x_wconf 82' lang='grc' dir='ltr'>μὲν</span> 
     </span>
    </p>
   </div>
   <div class='ocr_carea' id='block_1_47' title="bbox 2210 1853 3751 1924">
    <p class='ocr_par' dir='ltr' id='par_1_47' title="bbox 2210 1853 3751 1924">
     <span class='ocr_line' id='line_1_47' title="bbox 2210 1853 3751 1924; baseline 0.001 -20"><span class='ocrx_word' id='word_1_325' title='bbox 2210 1853 2390 1914; x_wconf 70' lang='grc' dir='ltr'>ὄντας,</span> <span class='ocrx_word' id='word_1_326' title='bbox 2428 1853 2808 1924; x_wconf 75' lang='grc' dir='ltr'>καθαιρεῖσθαι</span> <span class='ocrx_word' id='word_1_327' title='bbox 2837 1853 3182 1924; x_wconf 72' lang='grc' dir='ltr'>διορίζονται,</span> <span class='ocrx_word' id='word_1_328' title='bbox 3219 1855 3444 1914; x_wconf 77' lang='grc' dir='ltr'>λαῖκοὺς</span> <span class='ocrx_word' id='word_1_329' title='bbox 3479 1853 3556 1916; x_wconf 84' lang='grc' dir='ltr'>δὲ,</span> <span class='ocrx_word' id='word_1_330' title='bbox 3585 1854 3751 1921; x_wconf 77' lang='grc' dir='ltr'>ἀφορί-</span> 
     </span>
    </p>
   </div>
   <div class='ocr_carea' id='block_1_48' title="bbox 2212 1941 3750 2014">
    <p class='ocr_par' dir='ltr' id='par_1_48' title="bbox 2212 1941 3750 2014">
     <span class='ocr_line' id='line_1_48' title="bbox 2212 1941 3750 2014; baseline 0.002 -21"><span class='ocrx_word' id='word_1_331' title='bbox 2212 1941 2422 2005; x_wconf 77' lang='grc' dir='ltr'>ζεσθαι,</span> <span class='ocrx_word' id='word_1_332' title='bbox 2463 1941 2801 2010; x_wconf 69' lang='grc' dir='ltr'>’λνὰγνωσον</span> <span class='ocrx_word' id='word_1_333' title='bbox 2851 1946 2943 1996; x_wconf 67' lang='grc' dir='ltr'><strong>καὶ</strong></span> <span class='ocrx_word' id='word_1_334' title='bbox 2976 1944 3035 1995; x_wconf 74' lang='grc' dir='ltr'>τὸ</span> <span class='ocrx_word' id='word_1_335' title='bbox 3077 1949 3154 2014; x_wconf 73' lang='grc' dir='ltr'>,ιβ’</span> <span class='ocrx_word' id='word_1_336' title='bbox 3202 1962 3326 2012; x_wconf 82' lang='grc' dir='ltr'>κεφ.</span> <span class='ocrx_word' id='word_1_337' title='bbox 3379 1944 3473 1996; x_wconf 83' lang='grc' dir='ltr'><strong>τοῦ</strong></span> <span class='ocrx_word' id='word_1_338' title='bbox 3507 1951 3552 1997; x_wconf 81' lang='grc' dir='ltr'>α’</span> <span class='ocrx_word' id='word_1_339' title='bbox 3591 1945 3750 1996; x_wconf 81' lang='grc' dir='ltr'>τίτλον</span> 
     </span>
    </p>
   </div>
   <div class='ocr_carea' id='block_1_49' title="bbox 2210 2033 3753 2106">
    <p class='ocr_par' dir='ltr' id='par_1_49' title="bbox 2210 2033 3753 2106">
     <span class='ocr_line' id='line_1_49' title="bbox 2210 2033 3753 2106; baseline 0.001 -20"><span class='ocrx_word' id='word_1_340' title='bbox 2210 2033 2304 2087; x_wconf 91' lang='grc' dir='ltr'><strong>τοῦ</strong></span> <span class='ocrx_word' id='word_1_341' title='bbox 2337 2041 2376 2086; x_wconf 83' lang='grc' dir='ltr'>ε’</span> <span class='ocrx_word' id='word_1_342' title='bbox 2427 2034 2656 2104; x_wconf 75' lang='grc' dir='ltr'>βιϐλίου,</span> <span class='ocrx_word' id='word_1_343' title='bbox 2697 2037 2830 2104; x_wconf 75' lang='grc' dir='ltr'>ὅπερ</span> <span class='ocrx_word' id='word_1_344' title='bbox 2868 2037 3222 2106; x_wconf 83' lang='grc' dir='ltr'>κατεστρώθη</span> <span class='ocrx_word' id='word_1_345' title='bbox 3254 2039 3332 2097; x_wconf 86' lang='grc' dir='ltr'><strong>είς</strong></span> <span class='ocrx_word' id='word_1_346' title='bbox 3358 2037 3460 2104; x_wconf 80' lang='grc' dir='ltr'><strong>τὴν</strong></span> <span class='ocrx_word' id='word_1_347' title='bbox 3482 2036 3753 2106; x_wconf 58' lang='grc' dir='ltr'>ἑρμηνείαν</span> 
     </span>
    </p>
   </div>
   <div class='ocr_carea' id='block_1_50' title="bbox 2211 2129 3754 2203">
    <p class='ocr_par' dir='ltr' id='par_1_50' title="bbox 2211 2129 3754 2203">
     <span class='ocr_line' id='line_1_50' title="bbox 2211 2129 3754 2203; baseline 0.001 -25"><span class='ocrx_word' id='word_1_348' title='bbox 2211 2129 2306 2180; x_wconf 84' lang='grc' dir='ltr'><strong>τοῦ</strong></span> <span class='ocrx_word' id='word_1_349' title='bbox 2349 2135 2438 2194; x_wconf 77' lang='grc' dir='ltr'>πη⁹</span> <span class='ocrx_word' id='word_1_350' title='bbox 2487 2129 2730 2192; x_wconf 73' lang='grc' dir='ltr'>κανόνος,</span> <span class='ocrx_word' id='word_1_351' title='bbox 2786 2131 2878 2180; x_wconf 69' lang='grc' dir='ltr'><strong>καὶ</strong></span> <span class='ocrx_word' id='word_1_352' title='bbox 2931 2129 3003 2200; x_wconf 84' lang='grc' dir='ltr'>μὴ</span> <span class='ocrx_word' id='word_1_353' title='bbox 3032 2130 3331 2200; x_wconf 72' lang='grc' dir='ltr'>ἐναντιωθῇ</span> <span class='ocrx_word' id='word_1_354' title='bbox 3364 2147 3452 2182; x_wconf 86' lang='grc' dir='ltr'><strong>σοι</strong></span> <span class='ocrx_word' id='word_1_355' title='bbox 3475 2181 3492 2203; x_wconf 64' lang='grc'><strong>,</strong></span> <span class='ocrx_word' id='word_1_356' title='bbox 3527 2131 3754 2183; x_wconf 81' lang='grc' dir='ltr'>διδάσκον</span> 
     </span>
    </p>
   </div>
   <div class='ocr_carea' id='block_1_51' title="bbox 2212 2218 3754 2292">
    <p class='ocr_par' dir='ltr' id='par_1_51' title="bbox 2212 2218 3754 2292">
     <span class='ocr_line' id='line_1_51' title="bbox 2212 2218 3754 2292; baseline 0.001 -18"><span class='ocrx_word' id='word_1_357' title='bbox 2212 2224 2334 2289; x_wconf 80' lang='grc' dir='ltr'>ὅρια</span> <span class='ocrx_word' id='word_1_358' title='bbox 2366 2221 2464 2289; x_wconf 81' lang='grc' dir='ltr'>τῆς</span> <span class='ocrx_word' id='word_1_359' title='bbox 2493 2221 2787 2289; x_wconf 74' lang='grc' dir='ltr'>ἐκκλησίας</span> <span class='ocrx_word' id='word_1_360' title='bbox 2807 2218 3029 2276; x_wconf 78' lang='grc' dir='ltr'>εἶναιτὰ</span> <span class='ocrx_word' id='word_1_361' title='bbox 3058 2223 3257 2292; x_wconf 75' lang='grc' dir='ltr'>λουτρὰ</span> <span class='ocrx_word' id='word_1_362' title='bbox 3287 2225 3380 2276; x_wconf 76' lang='grc' dir='ltr'><strong>καὶ</strong></span> <span class='ocrx_word' id='word_1_363' title='bbox 3415 2225 3538 2285; x_wconf 73' lang='grc' dir='ltr'>τοὺς</span> <span class='ocrx_word' id='word_1_364' title='bbox 3573 2223 3754 2290; x_wconf 76' lang='grc' dir='ltr'>κήπους</span> 
     </span>
    </p>
   </div>
   <div class='ocr_carea' id='block_1_52' title="bbox 2215 2309 3754 2380">
    <p class='ocr_par' dir='ltr' id='par_1_52' title="bbox 2215 2309 3754 2380">
     <span class='ocr_line' id='line_1_52' title="bbox 2215 2309 3754 2380; baseline -0.001 -18"><span class='ocrx_word' id='word_1_365' title='bbox 2215 2311 2307 2363; x_wconf 81' lang='grc' dir='ltr'><strong>καὶ</strong></span> <span class='ocrx_word' id='word_1_366' title='bbox 2347 2312 2449 2373; x_wconf 66' lang='grc' dir='ltr'><strong>τὰς</strong></span> <span class='ocrx_word' id='word_1_367' title='bbox 2478 2311 2638 2373; x_wconf 75' lang='grc' dir='ltr'>στοὰς</span> <span class='ocrx_word' id='word_1_368' title='bbox 2677 2309 2900 2377; x_wconf 71' lang='grc' dir='ltr'>ταύτης,</span> <span class='ocrx_word' id='word_1_369' title='bbox 2944 2310 3036 2363; x_wconf 75' lang='grc' dir='ltr'><strong>καὶ</strong></span> <span class='ocrx_word' id='word_1_370' title='bbox 3081 2312 3166 2364; x_wconf 84' lang='grc' dir='ltr'><strong>διὰ</strong></span> <span class='ocrx_word' id='word_1_371' title='bbox 3207 2311 3364 2364; x_wconf 79' lang='grc' dir='ltr'>τοῦτο</span> <span class='ocrx_word' id='word_1_372' title='bbox 3405 2313 3476 2380; x_wconf 77' lang='grc' dir='ltr'>μὴ</span> <span class='ocrx_word' id='word_1_373' title='bbox 3521 2311 3754 2363; x_wconf 75' lang='grc' dir='ltr'>δύνασθαί</span> 
     </span>
    </p>
   </div>
   <div class='ocr_carea' id='block_1_53' title="bbox 2212 2402 3756 2472">
    <p class='ocr_par' dir='ltr' id='par_1_53' title="bbox 2212 2402 3756 2472">
     <span class='ocr_line' id='line_1_53' title="bbox 2212 2402 3756 2472; baseline -0.001 -18"><span class='ocrx_word' id='word_1_374' title='bbox 2212 2419 2335 2454; x_wconf 80' lang='grc' dir='ltr'>τινα</span> <span class='ocrx_word' id='word_1_375' title='bbox 2361 2403 2613 2469; x_wconf 69' lang='grc' dir='ltr'>ἀφέλκειν</span> <span class='ocrx_word' id='word_1_376' title='bbox 2647 2403 2709 2454; x_wconf 87' lang='grc' dir='ltr'><strong>ἐκ</strong></span> <span class='ocrx_word' id='word_1_377' title='bbox 2736 2403 2940 2454; x_wconf 79' lang='grc' dir='ltr'>τούτων</span> <span class='ocrx_word' id='word_1_378' title='bbox 2963 2404 3088 2464; x_wconf 82' lang='grc' dir='ltr'>τοὺς</span> <span class='ocrx_word' id='word_1_379' title='bbox 3116 2405 3440 2472; x_wconf 85' lang='grc' dir='ltr'>πρόσφυγας</span> <span class='ocrx_word' id='word_1_380' title='bbox 3469 2419 3482 2433; x_wconf 91' lang='grc'><strong>·</strong></span> <span class='ocrx_word' id='word_1_381' title='bbox 3516 2402 3651 2456; x_wconf 81' lang='grc' dir='ltr'><strong>κατά</strong></span> <span class='ocrx_word' id='word_1_382' title='bbox 3665 2402 3756 2470; x_wconf 66' lang='grc' dir='ltr'>γὰρ</span> 
     </span>
    </p>
   </div>
   <div class='ocr_carea' id='block_1_54' title="bbox 2215 2487 3758 2565">
    <p class='ocr_par' dir='ltr' id='par_1_54' title="bbox 2215 2487 3758 2565">
     <span class='ocr_line' id='line_1_54' title="bbox 2215 2487 3758 2565; baseline 0.001 -18"><span class='ocrx_word' id='word_1_383' title='bbox 2215 2496 2376 2549; x_wconf 86' lang='grc' dir='ltr'>τοῦτο</span> <span class='ocrx_word' id='word_1_384' title='bbox 2421 2498 2512 2548; x_wconf 72' lang='grc' dir='ltr'>καὶ</span> <span class='ocrx_word' id='word_1_385' title='bbox 2555 2497 2720 2563; x_wconf 79' lang='grc' dir='ltr'>μόνον</span> <span class='ocrx_word' id='word_1_386' title='bbox 2755 2487 2973 2548; x_wconf 75' lang='grc' dir='ltr'>δοκοῦσι</span> <span class='ocrx_word' id='word_1_387' title='bbox 3004 2499 3098 2550; x_wconf 75' lang='grc' dir='ltr'><strong>καὶ</strong></span> <span class='ocrx_word' id='word_1_388' title='bbox 3145 2497 3317 2550; x_wconf 83' lang='grc' dir='ltr'>ταῦτα</span> <span class='ocrx_word' id='word_1_389' title='bbox 3355 2497 3460 2562; x_wconf 83' lang='grc' dir='ltr'>τῆς</span> <span class='ocrx_word' id='word_1_390' title='bbox 3489 2496 3758 2565; x_wconf 72' lang='grc' dir='ltr'>ἐκκλησίας</span> 
     </span>
    </p>
   </div>
   <div class='ocr_carea' id='block_1_55' title="bbox 2221 2588 3758 2658">
    <p class='ocr_par' dir='ltr' id='par_1_55' title="bbox 2221 2588 3758 2658">
     <span class='ocr_line' id='line_1_55' title="bbox 2221 2588 3758 2658; baseline -0.001 -18"><span class='ocrx_word' id='word_1_391' title='bbox 2221 2592 2384 2658; x_wconf 76' lang='grc' dir='ltr'>μέρη.</span> <span class='ocrx_word' id='word_1_392' title='bbox 2432 2588 2586 2640; x_wconf 82' lang='grc' dir='ltr'>Ἐπεί</span> <span class='ocrx_word' id='word_1_393' title='bbox 2634 2589 2714 2640; x_wconf 92' lang='grc' dir='ltr'><strong>τοί</strong></span> <span class='ocrx_word' id='word_1_394' title='bbox 2740 2605 2800 2654; x_wconf 71' lang='grc' dir='ltr'>γε</span> <span class='ocrx_word' id='word_1_395' title='bbox 2829 2589 2926 2641; x_wconf 73' lang='grc' dir='ltr'><strong>καὶ</strong></span> <span class='ocrx_word' id='word_1_396' title='bbox 2953 2590 3083 2641; x_wconf 75' lang='grc' dir='ltr'>αὐτὸ</span> <span class='ocrx_word' id='word_1_397' title='bbox 3112 2589 3174 2642; x_wconf 81' lang='grc' dir='ltr'>τὺ</span> <span class='ocrx_word' id='word_1_398' title='bbox 3215 2607 3339 2656; x_wconf 79' lang='grc' dir='ltr'>κεφ.</span> <span class='ocrx_word' id='word_1_399' title='bbox 3389 2589 3674 2658; x_wconf 83' lang='grc' dir='ltr'>διορίζεται</span> <span class='ocrx_word' id='word_1_400' title='bbox 3710 2589 3758 2640; x_wconf 79' lang='grc' dir='ltr'><strong>ἐν</strong></span> 
     </span>
    </p>
   </div>
   <div class='ocr_carea' id='block_1_56' title="bbox 2215 2679 3759 2747">
    <p class='ocr_par' dir='ltr' id='par_1_56' title="bbox 2215 2679 3759 2747">
     <span class='ocr_line' id='line_1_56' title="bbox 2215 2679 3759 2747; baseline -0.003 -15"><span class='ocrx_word' id='word_1_401' title='bbox 2215 2683 2426 2741; x_wconf 69' lang='grc' dir='ltr'>τούτοις</span> <span class='ocrx_word' id='word_1_402' title='bbox 2449 2683 2544 2732; x_wconf 66' lang='grc' dir='ltr'><strong>καὶ</strong></span> <span class='ocrx_word' id='word_1_403' title='bbox 2579 2681 2780 2733; x_wconf 80' lang='grc' dir='ltr'>ὑπνοῦν</span> <span class='ocrx_word' id='word_1_404' title='bbox 2821 2683 2913 2733; x_wconf 72' lang='grc' dir='ltr'><strong>καὶ</strong></span> <span class='ocrx_word' id='word_1_405' title='bbox 2963 2679 3166 2732; x_wconf 74' lang='grc' dir='ltr'>ἐσθίειν</span> <span class='ocrx_word' id='word_1_406' title='bbox 3192 2719 3206 2743; x_wconf 93' lang='grc'><strong>,</strong></span> <span class='ocrx_word' id='word_1_407' title='bbox 3249 2681 3396 2747; x_wconf 77' lang='grc' dir='ltr'>ἅπερ</span> <span class='ocrx_word' id='word_1_408' title='bbox 3428 2681 3508 2741; x_wconf 86' lang='grc' dir='ltr'>εἰς</span> <span class='ocrx_word' id='word_1_409' title='bbox 3535 2680 3620 2731; x_wconf 73' lang='grc' dir='ltr'>τὸν</span> <span class='ocrx_word' id='word_1_410' title='bbox 3651 2679 3759 2730; x_wconf 61' lang='grc' dir='ltr'>ναὸν</span> 
     </span>
    </p>
   </div>
   <div class='ocr_carea' id='block_1_57' title="bbox 2216 2767 3757 2840">
    <p class='ocr_par' dir='ltr' id='par_1_57' title="bbox 2216 2767 3757 2840">
     <span class='ocr_line' id='line_1_57' title="bbox 2216 2767 3757 2840; baseline -0.003 -15"><span class='ocrx_word' id='word_1_411' title='bbox 2216 2771 2568 2840; x_wconf 71' lang='grc' dir='ltr'>ἐκωλύθησιιν</span> <span class='ocrx_word' id='word_1_412' title='bbox 2603 2769 2872 2839; x_wconf 84' lang='grc' dir='ltr'>γίνεσθαι.</span> <span class='ocrx_word' id='word_1_413' title='bbox 2907 2771 2979 2822; x_wconf 81' lang='grc' dir='ltr'>Τὸ</span> <span class='ocrx_word' id='word_1_414' title='bbox 3009 2772 3189 2840; x_wconf 84' lang='grc' dir='ltr'>μέντοι</span> <span class='ocrx_word' id='word_1_415' title='bbox 3219 2777 3304 2824; x_wconf 85' lang='grc' dir='ltr'>κα⁹</span> <span class='ocrx_word' id='word_1_416' title='bbox 3339 2788 3468 2839; x_wconf 85' lang='grc' dir='ltr'>κεφ.</span> <span class='ocrx_word' id='word_1_417' title='bbox 3495 2770 3587 2822; x_wconf 83' lang='grc' dir='ltr'><strong>τοῦ</strong></span> <span class='ocrx_word' id='word_1_418' title='bbox 3612 2767 3757 2822; x_wconf 80' lang='grc' dir='ltr'>αὑτοῦ</span> 
     </span>
    </p>
   </div>
   <div class='ocr_carea' id='block_1_58' title="bbox 2220 2861 3760 2934">
    <p class='ocr_par' dir='ltr' id='par_1_58' title="bbox 2220 2861 3760 2934">
     <span class='ocr_line' id='line_1_58' title="bbox 2220 2861 3760 2934; baseline -0.004 -17"><span class='ocrx_word' id='word_1_419' title='bbox 2220 2864 2428 2934; x_wconf 81' lang='grc' dir='ltr'>βιϐλίου</span> <span class='ocrx_word' id='word_1_420' title='bbox 2463 2865 2556 2916; x_wconf 74' lang='grc' dir='ltr'><strong>καὶ</strong></span> <span class='ocrx_word' id='word_1_421' title='bbox 2587 2864 2768 2916; x_wconf 87' lang='grc' dir='ltr'>τίτλου</span> <span class='ocrx_word' id='word_1_422' title='bbox 2807 2863 2898 2914; x_wconf 71' lang='grc' dir='ltr'><strong>καὶ</strong></span> <span class='ocrx_word' id='word_1_423' title='bbox 2928 2863 3036 2914; x_wconf 78' lang='grc' dir='ltr'><strong>ἀπὸ</strong></span> <span class='ocrx_word' id='word_1_424' title='bbox 3080 2866 3179 2931; x_wconf 74' lang='grc' dir='ltr'>τῆς</span> <span class='ocrx_word' id='word_1_425' title='bbox 3228 2863 3528 2930; x_wconf 76' lang='grc' dir='ltr'>ἐκκλησίας</span> <span class='ocrx_word' id='word_1_426' title='bbox 3558 2864 3645 2915; x_wconf 71' lang='grc' dir='ltr'><strong>καὶ</strong></span> <span class='ocrx_word' id='word_1_427' title='bbox 3670 2861 3760 2914; x_wconf 71' lang='grc' dir='ltr'><strong>ἀπὸ</strong></span> 
     </span>
    </p>
   </div>
   <div class='ocr_carea' id='block_1_59' title="bbox 2217 2954 3760 3026">
    <p class='ocr_par' dir='ltr' id='par_1_59' title="bbox 2217 2954 3760 3026">
     <span class='ocr_line' id='line_1_59' title="bbox 2217 2954 3760 3026; baseline -0.001 -18"><span class='ocrx_word' id='word_1_428' title='bbox 2217 2956 2325 3008; x_wconf 86' lang='grc' dir='ltr'><strong>τῶν</strong></span> <span class='ocrx_word' id='word_1_429' title='bbox 2355 2957 2497 3026; x_wconf 83' lang='grc' dir='ltr'>ὅρων</span> <span class='ocrx_word' id='word_1_430' title='bbox 2525 2956 2730 3025; x_wconf 81' lang='grc' dir='ltr'>ταύτης</span> <span class='ocrx_word' id='word_1_431' title='bbox 2772 2955 3011 3018; x_wconf 75' lang='grc' dir='ltr'>ἐξέλκειν</span> <span class='ocrx_word' id='word_1_432' title='bbox 3043 2954 3333 3021; x_wconf 83' lang='grc' dir='ltr'>διορίζεται</span> <span class='ocrx_word' id='word_1_433' title='bbox 3367 2957 3500 3018; x_wconf 75' lang='grc' dir='ltr'>τοὺς</span> <span class='ocrx_word' id='word_1_434' title='bbox 3527 2954 3760 3025; x_wconf 79' lang='grc' dir='ltr'>ἀνδροφό-</span> 
     </span>
    </p>
   </div>
   <div class='ocr_carea' id='block_1_60' title="bbox 2219 3047 3762 3118">
    <p class='ocr_par' dir='ltr' id='par_1_60' title="bbox 2219 3047 3762 3118">
     <span class='ocr_line' id='line_1_60' title="bbox 2219 3047 3762 3118; baseline -0.002 -17"><span class='ocrx_word' id='word_1_435' title='bbox 2219 3065 2362 3111; x_wconf 83' lang='grc' dir='ltr'>νους,</span> <span class='ocrx_word' id='word_1_436' title='bbox 2416 3047 2544 3110; x_wconf 78' lang='grc' dir='ltr'>τοὺς</span> <span class='ocrx_word' id='word_1_437' title='bbox 2602 3047 2824 3116; x_wconf 79' lang='grc' dir='ltr'>μοιχοὺς</span> <span class='ocrx_word' id='word_1_438' title='bbox 2876 3047 2970 3098; x_wconf 70' lang='grc' dir='ltr'><strong>καὶ</strong></span> <span class='ocrx_word' id='word_1_439' title='bbox 3024 3048 3150 3108; x_wconf 73' lang='grc' dir='ltr'>τοὺς</span> <span class='ocrx_word' id='word_1_440' title='bbox 3186 3047 3468 3118; x_wconf 80' lang='grc' dir='ltr'>ἅρπαγας.</span> <span class='ocrx_word' id='word_1_441' title='bbox 3519 3049 3638 3108; x_wconf 80' lang='grc' dir='ltr'>Τοῖς</span> <span class='ocrx_word' id='word_1_442' title='bbox 3668 3047 3762 3114; x_wconf 73' lang='grc' dir='ltr'><strong>γὰρ</strong></span> 
     </span>
    </p>
   </div>
   <div class='ocr_carea' id='block_1_61' title="bbox 2220 3140 3760 3211">
    <p class='ocr_par' dir='ltr' id='par_1_61' title="bbox 2220 3140 3760 3211">
     <span class='ocr_line' id='line_1_61' title="bbox 2220 3140 3760 3211; baseline -0.003 -16"><span class='ocrx_word' id='word_1_443' title='bbox 2220 3143 2479 3201; x_wconf 70' lang='grc' dir='ltr'>τοιοῦτο-ς</span> <span class='ocrx_word' id='word_1_444' title='bbox 2515 3141 2678 3202; x_wconf 80' lang='grc' dir='ltr'>τόπος</span> <span class='ocrx_word' id='word_1_445' title='bbox 2706 3140 2934 3202; x_wconf 82' lang='grc' dir='ltr'>ἀσυλίας</span> <span class='ocrx_word' id='word_1_446' title='bbox 2966 3141 3066 3193; x_wconf 78' lang='grc' dir='ltr'><strong>οὐκ</strong></span> <span class='ocrx_word' id='word_1_447' title='bbox 3101 3141 3246 3192; x_wconf 77' lang='grc' dir='ltr'>ἔστιν</span> <span class='ocrx_word' id='word_1_448' title='bbox 3270 3157 3284 3172; x_wconf 76' lang='grc' dir='ltr'><strong><em>ο</em></strong></span> <span class='ocrx_word' id='word_1_449' title='bbox 3323 3141 3472 3204; x_wconf 85' lang='grc' dir='ltr'>Ὅτι,</span> <span class='ocrx_word' id='word_1_450' title='bbox 3515 3140 3688 3211; x_wconf 79' lang='grc' dir='ltr'>φησὶν,</span> <span class='ocrx_word' id='word_1_451' title='bbox 3710 3140 3760 3191; x_wconf 75' lang='grc' dir='ltr'>οὗ</span> 
     </span>
    </p>
   </div>
   <div class='ocr_carea' id='block_1_62' title="bbox 489 3219 2116 3301">
    <p class='ocr_par' dir='ltr' id='par_1_62' title="bbox 489 3219 2116 3301">
     <span class='ocr_line' id='line_1_62' title="bbox 489 3219 2116 3301; baseline -0.005 -15"><span class='ocrx_word' id='word_1_452' title='bbox 489 3219 508 3240; x_wconf 36' lang='grc' dir='ltr'>χ</span> <span class='ocrx_word' id='word_1_453' title='bbox 552 3249 661 3286; x_wconf 83' lang='lat' dir='ltr'><strong>res.</strong></span> <span class='ocrx_word' id='word_1_454' title='bbox 725 3231 1006 3301; x_wconf 75' lang='lat' dir='ltr'><strong>Ejusmodi</strong></span> <span class='ocrx_word' id='word_1_455' title='bbox 1061 3232 1204 3284; x_wconf 93' lang='lat' dir='ltr'><strong>enim</strong></span> <span class='ocrx_word' id='word_1_456' title='bbox 1258 3229 1567 3283; x_wconf 85' lang='lat' dir='ltr'><strong>hominibus</strong></span> <span class='ocrx_word' id='word_1_457' title='bbox 1617 3230 1797 3282; x_wconf 88' lang='lat' dir='ltr'><strong>nullus</strong></span> <span class='ocrx_word' id='word_1_458' title='bbox 1846 3238 1929 3282; x_wconf 87' lang='lat' dir='ltr'><strong>est</strong></span> <span class='ocrx_word' id='word_1_459' title='bbox 1984 3228 2116 3294; x_wconf 77' lang='lat' dir='ltr'><strong>asyli</strong></span> 
     </span>
    </p>
   </div>
   <div class='ocr_carea' id='block_1_63' title="bbox 2219 3219 3761 3301">
    <p class='ocr_par' dir='ltr' id='par_1_63' title="bbox 2225 3231 3761 3301">
     <span class='ocr_line' id='line_1_63' title="bbox 2225 3231 3761 3301; baseline -0.003 -15"><span class='ocrx_word' id='word_1_460' title='bbox 2225 3239 2336 3297; x_wconf 86' lang='grc' dir='ltr'>τοῖς</span> <span class='ocrx_word' id='word_1_461' title='bbox 2397 3233 2696 3292; x_wconf 77' lang='grc' dir='ltr'>ἀδικοῦσιν,</span> <span class='ocrx_word' id='word_1_462' title='bbox 2743 3231 2880 3285; x_wconf 86' lang='grc' dir='ltr'>ἀλλὰ</span> <span class='ocrx_word' id='word_1_463' title='bbox 2932 3232 3044 3294; x_wconf 74' lang='grc' dir='ltr'>τοῖς</span> <span class='ocrx_word' id='word_1_464' title='bbox 3089 3231 3472 3301; x_wconf 80' lang='grc' dir='ltr'>ἀδικουμένοις</span> <span class='ocrx_word' id='word_1_465' title='bbox 3524 3233 3572 3283; x_wconf 74' lang='grc' dir='ltr'>οἱ</span> <span class='ocrx_word' id='word_1_466' title='bbox 3628 3233 3761 3297; x_wconf 78' lang='grc' dir='ltr'>νόμοι</span> 
     </span>
    </p>
   </div>
   <div class='ocr_carea' id='block_1_64' title="bbox 556 3316 2123 3389">
    <p class='ocr_par' dir='ltr' id='par_1_64' title="bbox 556 3316 2123 3389">
     <span class='ocr_line' id='line_1_64' title="bbox 556 3316 2123 3389; baseline -0.006 -13"><span class='ocrx_word' id='word_1_467' title='bbox 556 3326 745 3378; x_wconf 89' lang='lat' dir='ltr'><strong>locus:</strong></span> <span class='ocrx_word' id='word_1_468' title='bbox 785 3324 1066 3389; x_wconf 86' lang='lat' dir='ltr'><strong>quoniam,</strong></span> <span class='ocrx_word' id='word_1_469' title='bbox 1107 3321 1305 3389; x_wconf 91' lang='lat' dir='ltr'><strong>inquit,</strong></span> <span class='ocrx_word' id='word_1_470' title='bbox 1354 3335 1459 3373; x_wconf 94' lang='lat' dir='ltr'><strong>non</strong></span> <span class='ocrx_word' id='word_1_471' title='bbox 1499 3321 1586 3381; x_wconf 88' lang='lat' dir='ltr'><strong>iis,</strong></span> <span class='ocrx_word' id='word_1_472' title='bbox 1645 3320 1738 3388; x_wconf 91' lang='lat' dir='ltr'><strong>qui</strong></span> <span class='ocrx_word' id='word_1_473' title='bbox 1774 3318 1971 3384; x_wconf 80' lang='lat' dir='ltr'><strong>injuria</strong></span> <span class='ocrx_word' id='word_1_474' title='bbox 2011 3316 2123 3367; x_wconf 81' lang='lat' dir='ltr'><strong>alli-</strong></span> 
     </span>
    </p>
   </div>
   <div class='ocr_carea' id='block_1_65' title="bbox 555 3401 2121 3483">
    <p class='ocr_par' dir='ltr' id='par_1_65' title="bbox 555 3401 2121 3483">
     <span class='ocr_line' id='line_1_65' title="bbox 555 3401 2121 3483; baseline -0.008 -11"><span class='ocrx_word' id='word_1_475' title='bbox 555 3401 730 3480; x_wconf 79' lang='lat' dir='ltr'><strong>ciunt,</strong></span> <span class='ocrx_word' id='word_1_476' title='bbox 770 3415 861 3470; x_wconf 90' lang='lat' dir='ltr'><strong>sed</strong></span> <span class='ocrx_word' id='word_1_477' title='bbox 893 3416 957 3469; x_wconf 85' lang='lat' dir='ltr'><strong>iis</strong></span> <span class='ocrx_word' id='word_1_478' title='bbox 987 3415 1076 3483; x_wconf 91' lang='lat' dir='ltr'><strong>qui</strong></span> <span class='ocrx_word' id='word_1_479' title='bbox 1113 3413 1311 3480; x_wconf 85' lang='lat' dir='ltr'><strong>injuria</strong></span> <span class='ocrx_word' id='word_1_480' title='bbox 1341 3411 1668 3474; x_wconf 75' lang='lat' dir='ltr'><strong>afﬁciuntur,</strong></span> <span class='ocrx_word' id='word_1_481' title='bbox 1693 3409 1835 3474; x_wconf 78' lang='lat' dir='ltr'><strong>lech</strong></span> <span class='ocrx_word' id='word_1_482' title='bbox 1858 3407 2121 3460; x_wconf 80' lang='lat' dir='ltr'><strong>auxilium</strong></span> 
     </span>
    </p>
   </div>
   <div class='ocr_carea' id='block_1_66' title="bbox 555 3500 2122 3576">
    <p class='ocr_par' dir='ltr' id='par_1_66' title="bbox 555 3500 2122 3576">
     <span class='ocr_line' id='line_1_66' title="bbox 555 3500 2122 3576; baseline -0.005 -14"><span class='ocrx_word' id='word_1_483' title='bbox 555 3510 761 3563; x_wconf 84' lang='lat' dir='ltr'><strong>ferunt.</strong></span> <span class='ocrx_word' id='word_1_484' title='bbox 829 3507 968 3576; x_wconf 88' lang='lat' dir='ltr'><strong>che</strong></span> <span class='ocrx_word' id='word_1_485' title='bbox 993 3517 1049 3560; x_wconf 92' lang='lat' dir='ltr'><strong>et</strong></span> <span class='ocrx_word' id='word_1_486' title='bbox 1076 3507 1143 3558; x_wconf 79' lang='lat'><strong>75</strong></span> <span class='ocrx_word' id='word_1_487' title='bbox 1175 3507 1306 3574; x_wconf 91' lang='lat' dir='ltr'><strong>imp.</strong></span> <span class='ocrx_word' id='word_1_488' title='bbox 1349 3503 1554 3558; x_wconf 85' lang='lat' dir='ltr'><strong>domini</strong></span> <span class='ocrx_word' id='word_1_489' title='bbox 1585 3501 1782 3556; x_wconf 78' lang='lat' dir='ltr'><strong>Leonis</strong></span> <span class='ocrx_word' id='word_1_490' title='bbox 1812 3500 2122 3568; x_wconf 85' lang='lat' dir='ltr'><strong>Philosophi</strong></span> 
     </span>
    </p>
   </div>
   <div class='ocr_carea' id='block_1_67' title="bbox 554 3593 2121 3666">
    <p class='ocr_par' dir='ltr' id='par_1_67' title="bbox 554 3593 2121 3666">
     <span class='ocr_line' id='line_1_67' title="bbox 554 3593 2121 3666; baseline -0.006 -12"><span class='ocrx_word' id='word_1_491' title='bbox 554 3600 852 3663; x_wconf 83' lang='lat' dir='ltr'><strong>Novellatn,</strong></span> <span class='ocrx_word' id='word_1_492' title='bbox 903 3615 1023 3666; x_wconf 73' lang='lat' dir='ltr'><strong>qua:</strong></span> <span class='ocrx_word' id='word_1_493' title='bbox 1063 3614 1158 3652; x_wconf 88' lang='lat' dir='ltr'><strong>eos</strong></span> <span class='ocrx_word' id='word_1_494' title='bbox 1210 3599 1370 3651; x_wconf 87' lang='lat' dir='ltr'><strong>etiam</strong></span> <span class='ocrx_word' id='word_1_495' title='bbox 1404 3596 1654 3649; x_wconf 90' lang='lat' dir='ltr'><strong>similiter</strong></span> <span class='ocrx_word' id='word_1_496' title='bbox 1701 3593 1870 3661; x_wconf 87' lang='lat' dir='ltr'><strong>punit,</strong></span> <span class='ocrx_word' id='word_1_497' title='bbox 1927 3593 2017 3660; x_wconf 82' lang='lat' dir='ltr'><strong>qui</strong></span> <span class='ocrx_word' id='word_1_498' title='bbox 2070 3595 2121 3645; x_wconf 89' lang='lat' dir='ltr'><strong>in</strong></span> 
     </span>
    </p>
   </div>
   <div class='ocr_carea' id='block_1_68' title="bbox 556 3687 1639 3757">
    <p class='ocr_par' dir='ltr' id='par_1_68' title="bbox 556 3687 1639 3757">
     <span class='ocr_line' id='line_1_68' title="bbox 556 3687 1639 3757; baseline -0.006 -11"><span class='ocrx_word' id='word_1_499' title='bbox 556 3690 987 3746; x_wconf 86' lang='lat' dir='ltr'><strong>catechumeniis</strong></span> <span class='ocrx_word' id='word_1_500' title='bbox 1027 3689 1259 3743; x_wconf 83' lang='lat' dir='ltr'><strong>habitari</strong></span> <span class='ocrx_word' id='word_1_501' title='bbox 1301 3687 1639 3757; x_wconf 87' lang='lat' dir='ltr'><strong>permittunt.</strong></span> 
     </span>
    </p>
   </div>
   <div class='ocr_carea' id='block_1_69' title="bbox 629 3780 2124 3842">
    <p class='ocr_par' dir='ltr' id='par_1_69' title="bbox 629 3780 2124 3842">
     <span class='ocr_line' id='line_1_69' title="bbox 629 3780 2124 3842; baseline -0.003 -8"><span class='ocrx_word' id='word_1_502' title='bbox 629 3780 878 3834; x_wconf 75' lang='lat' dir='ltr'><strong>ZONAR.</strong></span> <span class='ocrx_word' id='word_1_503' title='bbox 921 3780 1210 3834; x_wconf 86' lang='lat' dir='ltr'><strong>Sacrorum</strong></span> <span class='ocrx_word' id='word_1_504' title='bbox 1279 3781 1520 3833; x_wconf 87' lang='lat' dir='ltr'><strong>locorum</strong></span> <span class='ocrx_word' id='word_1_505' title='bbox 1591 3781 1830 3842; x_wconf 88' lang='lat' dir='ltr'><strong>nomine,</strong></span> <span class='ocrx_word' id='word_1_506' title='bbox 1883 3797 1987 3833; x_wconf 87' lang='lat' dir='ltr'><strong>non</strong></span> <span class='ocrx_word' id='word_1_507' title='bbox 2035 3780 2124 3831; x_wconf 80' lang='lat' dir='ltr'><strong>hic.</strong></span> 
     </span>
    </p>
   </div>
   <div class='ocr_carea' id='block_1_70' title="bbox 547 3854 2124 3942">
    <p class='ocr_par' dir='ltr' id='par_1_70' title="bbox 547 3854 2124 3942">
     <span class='ocr_line' id='line_1_70' title="bbox 547 3854 2124 3942; baseline -0.003 -15"><span class='ocrx_word' id='word_1_508' title='bbox 547 3873 784 3942; x_wconf 65' lang='lat' dir='ltr'><strong>Jempla,</strong></span> <span class='ocrx_word' id='word_1_509' title='bbox 822 3873 1232 3940; x_wconf 85' lang='lat' dir='ltr'><strong>scdadjunctas</strong></span> <span class='ocrx_word' id='word_1_510' title='bbox 1273 3854 1492 3940; x_wconf 87' lang='lat' dir='ltr'><strong>templis</strong></span> <span class='ocrx_word' id='word_1_511' title='bbox 1525 3871 1907 3932; x_wconf 77' lang='lat' dir='ltr'><strong>haltilalinnes,</strong></span> <span class='ocrx_word' id='word_1_512' title='bbox 1942 3873 2124 3939; x_wconf 85' lang='lat' dir='ltr'><strong>qualia</strong></span> 
     </span>
    </p>
   </div>
   <div class='ocr_carea' id='block_1_71' title="bbox 562 3961 2121 4031">
    <p class='ocr_par' dir='ltr' id='par_1_71' title="bbox 562 3961 2121 4031">
     <span class='ocr_line' id='line_1_71' title="bbox 562 3961 2121 4031; baseline -0.005 -15"><span class='ocrx_word' id='word_1_513' title='bbox 562 3974 726 4027; x_wconf 86' lang='lat' dir='ltr'><strong>sunt,</strong></span> <span class='ocrx_word' id='word_1_514' title='bbox 775 3978 892 4030; x_wconf 66' lang='lat' dir='ltr'><strong>quae</strong></span> <span class='ocrx_word' id='word_1_515' title='bbox 950 3965 1340 4015; x_wconf 76' lang='lat' dir='ltr'><strong>cateclutmrna</strong></span> <span class='ocrx_word' id='word_1_516' title='bbox 1399 3962 1779 4031; x_wconf 79' lang='lat' dir='ltr'><strong>appellantur.</strong></span> <span class='ocrx_word' id='word_1_517' title='bbox 1848 3961 2121 4026; x_wconf 81' lang='lat' dir='ltr'><strong>intelligit.</strong></span> 
     </span>
    </p>
   </div>
   <div class='ocr_carea' id='block_1_72' title="bbox 559 4052 2124 4124">
    <p class='ocr_par' dir='ltr' id='par_1_72' title="bbox 559 4052 2124 4124">
     <span class='ocr_line' id='line_1_72' title="bbox 559 4052 2124 4124; baseline -0.003 -15"><span class='ocrx_word' id='word_1_518' title='bbox 559 4056 748 4124; x_wconf 84' lang='lat' dir='ltr'><strong>Neque</strong></span> <span class='ocrx_word' id='word_1_519' title='bbox 778 4055 921 4108; x_wconf 88' lang='lat' dir='ltr'><strong>enim</strong></span> <span class='ocrx_word' id='word_1_520' title='bbox 962 4055 1253 4122; x_wconf 89' lang='lat' dir='ltr'><strong>quisquam</strong></span> <span class='ocrx_word' id='word_1_521' title='bbox 1303 4052 1475 4105; x_wconf 82' lang='lat' dir='ltr'><strong>audax</strong></span> <span class='ocrx_word' id='word_1_522' title='bbox 1510 4053 1646 4106; x_wconf 83' lang='lat' dir='ltr'><strong>adeo</strong></span> <span class='ocrx_word' id='word_1_523' title='bbox 1677 4053 1863 4116; x_wconf 76' lang='lat' dir='ltr'><strong>fuerit,</strong></span> <span class='ocrx_word' id='word_1_524' title='bbox 1901 4063 1957 4104; x_wconf 84' lang='grc' dir='ltr'><strong>ιιι</strong></span> <span class='ocrx_word' id='word_1_525' title='bbox 1986 4055 2124 4104; x_wconf 88' lang='lat' dir='ltr'><strong>intra</strong></span> 
     </span>
    </p>
   </div>
   <div class='ocr_carea' id='block_1_73' title="bbox 559 4145 2121 4214">
    <p class='ocr_par' dir='ltr' id='par_1_73' title="bbox 559 4145 2121 4214">
     <span class='ocr_line' id='line_1_73' title="bbox 559 4145 2121 4214; baseline -0.003 -14"><span class='ocrx_word' id='word_1_526' title='bbox 559 4146 729 4200; x_wconf 80' lang='lat' dir='ltr'><strong>divini</strong></span> <span class='ocrx_word' id='word_1_527' title='bbox 799 4148 981 4214; x_wconf 86' lang='lat' dir='ltr'><strong>templi</strong></span> <span class='ocrx_word' id='word_1_528' title='bbox 1037 4155 1188 4213; x_wconf 86' lang='lat' dir='ltr'><strong>septa</strong></span> <span class='ocrx_word' id='word_1_529' title='bbox 1249 4161 1370 4198; x_wconf 90' lang='lat' dir='ltr'><strong>cum</strong></span> <span class='ocrx_word' id='word_1_530' title='bbox 1437 4159 1606 4197; x_wconf 82' lang='lat' dir='ltr'><strong>uxore</strong></span> <span class='ocrx_word' id='word_1_531' title='bbox 1665 4145 1910 4198; x_wconf 87' lang='lat' dir='ltr'><strong>habitare</strong></span> <span class='ocrx_word' id='word_1_532' title='bbox 1974 4145 2121 4197; x_wconf 87' lang='lat' dir='ltr'><strong>velit.</strong></span> 
     </span>
    </p>
   </div>
   <div class='ocr_carea' id='block_1_74' title="bbox 563 4236 2126 4308">
    <p class='ocr_par' dir='ltr' id='par_1_74' title="bbox 563 4236 2126 4308">
     <span class='ocr_line' id='line_1_74' title="bbox 563 4236 2126 4308; baseline -0.005 -14"><span class='ocrx_word' id='word_1_533' title='bbox 563 4241 622 4294; x_wconf 87' lang='lat' dir='ltr'><strong>In</strong></span> <span class='ocrx_word' id='word_1_534' title='bbox 653 4239 858 4294; x_wconf 64' lang='lat' dir='ltr'><strong>aedibus</strong></span> <span class='ocrx_word' id='word_1_535' title='bbox 895 4255 1022 4293; x_wconf 84' lang='lat' dir='ltr'><strong>vero</strong></span> <span class='ocrx_word' id='word_1_536' title='bbox 1069 4238 1282 4308; x_wconf 87' lang='lat' dir='ltr'><strong>templis</strong></span> <span class='ocrx_word' id='word_1_537' title='bbox 1322 4239 1613 4307; x_wconf 81' lang='lat' dir='ltr'><strong>adjunctis,</strong></span> <span class='ocrx_word' id='word_1_538' title='bbox 1655 4247 1708 4290; x_wconf 78' lang='lat' dir='ltr'><strong>et</strong></span> <span class='ocrx_word' id='word_1_539' title='bbox 1757 4238 1810 4290; x_wconf 90' lang='lat' dir='ltr'><strong>in</strong></span> <span class='ocrx_word' id='word_1_540' title='bbox 1861 4236 2126 4290; x_wconf 81' lang='lat' dir='ltr'><strong>catechu-</strong></span> 
     </span>
    </p>
   </div>
   <div class='ocr_carea' id='block_1_75' title="bbox 564 4325 2127 4400">
    <p class='ocr_par' dir='ltr' id='par_1_75' title="bbox 564 4325 2127 4400">
     <span class='ocr_line' id='line_1_75' title="bbox 564 4325 2127 4400; baseline -0.005 -14"><span class='ocrx_word' id='word_1_541' title='bbox 564 4332 760 4398; x_wconf 87' lang='lat' dir='ltr'><strong>meniis</strong></span> <span class='ocrx_word' id='word_1_542' title='bbox 810 4331 1053 4385; x_wconf 89' lang='lat' dir='ltr'><strong>nonnulli</strong></span> <span class='ocrx_word' id='word_1_543' title='bbox 1105 4331 1391 4400; x_wconf 82' lang='lat' dir='ltr'><strong>degebant,</strong></span> <span class='ocrx_word' id='word_1_544' title='bbox 1431 4331 1522 4397; x_wconf 90' lang='lat' dir='ltr'><strong>qui</strong></span> <span class='ocrx_word' id='word_1_545' title='bbox 1585 4330 1723 4381; x_wconf 81' lang='lat' dir='ltr'><strong>forte</strong></span> <span class='ocrx_word' id='word_1_546' title='bbox 1760 4329 1925 4380; x_wconf 82' lang='lat' dir='ltr'><strong>vitam</strong></span> <span class='ocrx_word' id='word_1_547' title='bbox 1985 4325 2127 4378; x_wconf 88' lang='lat' dir='ltr'><strong>haud</strong></span> 
     </span>
    </p>
   </div>
   <div class='ocr_carea' id='block_1_76' title="bbox 561 4421 2125 4492">
    <p class='ocr_par' dir='ltr' id='par_1_76' title="bbox 561 4421 2125 4492">
     <span class='ocr_line' id='line_1_76' title="bbox 561 4421 2125 4492; baseline -0.004 -15"><span class='ocrx_word' id='word_1_548' title='bbox 561 4423 698 4477; x_wconf 89' lang='lat' dir='ltr'><strong>satis</strong></span> <span class='ocrx_word' id='word_1_549' title='bbox 751 4433 902 4478; x_wconf 88' lang='lat' dir='ltr'><strong>caste</strong></span> <span class='ocrx_word' id='word_1_550' title='bbox 956 4423 1274 4492; x_wconf 83' lang='lat' dir='ltr'><strong>integreque</strong></span> <span class='ocrx_word' id='word_1_551' title='bbox 1311 4430 1555 4490; x_wconf 82' lang='lat' dir='ltr'><strong>agerent,</strong></span> <span class='ocrx_word' id='word_1_552' title='bbox 1607 4421 1810 4490; x_wconf 88' lang='lat' dir='ltr'><strong>quique</strong></span> <span class='ocrx_word' id='word_1_553' title='bbox 1843 4433 2125 4474; x_wconf 87' lang='lat' dir='ltr'><strong>sacrorum</strong></span> 
     </span>
    </p>
   </div>
   <div class='ocr_carea' id='block_1_77' title="bbox 560 4510 2133 4583">
    <p class='ocr_par' dir='ltr' id='par_1_77' title="bbox 560 4510 2133 4583">
     <span class='ocr_line' id='line_1_77' title="bbox 560 4510 2133 4583; baseline -0.003 -15"><span class='ocrx_word' id='word_1_554' title='bbox 560 4517 802 4569; x_wconf 89' lang='lat' dir='ltr'><strong>locorum</strong></span> <span class='ocrx_word' id='word_1_555' title='bbox 870 4515 1189 4583; x_wconf 81' lang='lat' dir='ltr'><strong>dignitatem</strong></span> <span class='ocrx_word' id='word_1_556' title='bbox 1235 4521 1672 4574; x_wconf 77' lang='lat' dir='ltr'><strong>contemnerent,</strong></span> <span class='ocrx_word' id='word_1_557' title='bbox 1704 4528 1766 4563; x_wconf 82' lang='lat' dir='ltr'><strong>ae</strong></span> <span class='ocrx_word' id='word_1_558' title='bbox 1799 4512 1850 4563; x_wconf 92' lang='lat' dir='ltr'><strong>in</strong></span> <span class='ocrx_word' id='word_1_559' title='bbox 1899 4510 1966 4563; x_wconf 91' lang='lat' dir='ltr'><strong>iis</strong></span> <span class='ocrx_word' id='word_1_560' title='bbox 2007 4510 2133 4564; x_wconf 79' lang='lat' dir='ltr'><strong>sine</strong></span> 
     </span>
    </p>
   </div>
   <div class='ocr_carea' id='block_1_78' title="bbox 563 4599 2124 4673">
    <p class='ocr_par' dir='ltr' id='par_1_78' title="bbox 563 4599 2124 4673">
     <span class='ocr_line' id='line_1_78' title="bbox 563 4599 2124 4673; baseline -0.004 -14"><span class='ocrx_word' id='word_1_561' title='bbox 563 4606 901 4670; x_wconf 82' lang='lat' dir='ltr'><strong>discrimine,</strong></span> <span class='ocrx_word' id='word_1_562' title='bbox 942 4606 1040 4658; x_wconf 88' lang='lat' dir='ltr'><strong>hoc</strong></span> <span class='ocrx_word' id='word_1_563' title='bbox 1063 4615 1167 4668; x_wconf 92' lang='lat' dir='ltr'><strong>est,</strong></span> <span class='ocrx_word' id='word_1_564' title='bbox 1191 4603 1323 4673; x_wconf 89' lang='lat' dir='ltr'><strong>quid</strong></span> <span class='ocrx_word' id='word_1_565' title='bbox 1353 4604 1494 4656; x_wconf 89' lang='lat' dir='ltr'><strong>inter</strong></span> <span class='ocrx_word' id='word_1_566' title='bbox 1517 4617 1730 4656; x_wconf 86' lang='lat' dir='ltr'><strong>sacrum</strong></span> <span class='ocrx_word' id='word_1_567' title='bbox 1760 4611 1814 4653; x_wconf 91' lang='lat' dir='ltr'><strong>et</strong></span> <span class='ocrx_word' id='word_1_568' title='bbox 1836 4599 2124 4670; x_wconf 74' lang='lat' dir='ltr'><strong>profanum</strong></span> 
     </span>
    </p>
   </div>
   <div class='ocr_carea' id='block_1_79' title="bbox 562 4690 2126 4752">
    <p class='ocr_par' dir='ltr' id='par_1_79' title="bbox 562 4690 2126 4752">
     <span class='ocr_line' id='line_1_79' title="bbox 562 4690 2126 4752; baseline -0.004 -2"><span class='ocrx_word' id='word_1_569' title='bbox 562 4698 854 4752; x_wconf 87' lang='lat' dir='ltr'><strong>interesset</strong></span> <span class='ocrx_word' id='word_1_570' title='bbox 902 4697 1126 4748; x_wconf 84' lang='lat' dir='ltr'><strong>minimc</strong></span> <span class='ocrx_word' id='word_1_571' title='bbox 1179 4693 1534 4750; x_wconf 68' lang='lat' dir='ltr'><strong>wstimantes,</strong></span> <span class='ocrx_word' id='word_1_572' title='bbox 1591 4701 1967 4743; x_wconf 83' lang='lat' dir='ltr'><strong>versarentur.</strong></span> <span class='ocrx_word' id='word_1_573' title='bbox 2023 4690 2126 4743; x_wconf 80' lang='lat' dir='ltr'><strong>Eos</strong></span> 
     </span>
    </p>
   </div>
   <div class='ocr_carea' id='block_1_80' title="bbox 563 4779 2124 4857">
    <p class='ocr_par' dir='ltr' id='par_1_80' title="bbox 563 4779 2124 4857">
     <span class='ocr_line' id='line_1_80' title="bbox 563 4779 2124 4857; baseline -0.004 -19"><span class='ocrx_word' id='word_1_574' title='bbox 563 4787 727 4857; x_wconf 77' lang='lat' dir='ltr'><strong>igitur</strong></span> <span class='ocrx_word' id='word_1_575' title='bbox 777 4787 1028 4838; x_wconf 89' lang='lat' dir='ltr'><strong>homines</strong></span> <span class='ocrx_word' id='word_1_576' title='bbox 1071 4799 1100 4837; x_wconf 89' lang='lat' dir='ltr'><strong>e</strong></span> <span class='ocrx_word' id='word_1_577' title='bbox 1144 4780 1576 4836; x_wconf 85' lang='lat' dir='ltr'><strong>catecltumeniis</strong></span> <span class='ocrx_word' id='word_1_578' title='bbox 1605 4794 1781 4833; x_wconf 87' lang='lat' dir='ltr'><strong>canon</strong></span> <span class='ocrx_word' id='word_1_579' title='bbox 1825 4779 2124 4847; x_wconf 86' lang='lat' dir='ltr'><strong>ejiciendos</strong></span> 
     </span>
    </p>
   </div>
   <div class='ocr_carea' id='block_1_81' title="bbox 565 4869 2126 4941">
    <p class='ocr_par' dir='ltr' id='par_1_81' title="bbox 565 4869 2126 4941">
     <span class='ocr_line' id='line_1_81' title="bbox 565 4869 2126 4941; baseline -0.004 -13"><span class='ocrx_word' id='word_1_580' title='bbox 565 4890 687 4929; x_wconf 76' lang='lat' dir='ltr'><strong>esse</strong></span> <span class='ocrx_word' id='word_1_581' title='bbox 731 4874 1001 4934; x_wconf 77' lang='lat' dir='ltr'><strong>decet-nit,</strong></span> <span class='ocrx_word' id='word_1_582' title='bbox 1042 4874 1247 4941; x_wconf 86' lang='lat' dir='ltr'><strong>quique</strong></span> <span class='ocrx_word' id='word_1_583' title='bbox 1297 4886 1404 4925; x_wconf 90' lang='lat' dir='ltr'><strong>non</strong></span> <span class='ocrx_word' id='word_1_584' title='bbox 1429 4871 1746 4939; x_wconf 74' lang='lat' dir='ltr'><strong>paruerint,</strong></span> <span class='ocrx_word' id='word_1_585' title='bbox 1787 4869 2126 4934; x_wconf 83' lang='lat' dir='ltr'><strong>depositione</strong></span> 
     </span>
    </p>
   </div>
   <div class='ocr_carea' id='block_1_82' title="bbox 566 4961 2115 5031">
    <p class='ocr_par' dir='ltr' id='par_1_82' title="bbox 566 4961 2115 5031">
     <span class='ocr_line' id='line_1_82' title="bbox 566 4961 2115 5031; baseline -0.003 -12"><span class='ocrx_word' id='word_1_586' title='bbox 566 4969 798 5021; x_wconf 78' lang='lat' dir='ltr'><strong>clericus</strong></span> <span class='ocrx_word' id='word_1_587' title='bbox 861 4985 873 5018; x_wconf 89' lang='lat'>:</span> <span class='ocrx_word' id='word_1_588' title='bbox 952 4966 1122 5018; x_wconf 77' lang='lat' dir='ltr'><strong>laicus</strong></span> <span class='ocrx_word' id='word_1_589' title='bbox 1160 4979 1288 5016; x_wconf 79' lang='lat' dir='ltr'><strong>vero</strong></span> <span class='ocrx_word' id='word_1_590' title='bbox 1328 4961 1704 5031; x_wconf 77' lang='lat' dir='ltr'><strong>segregatione</strong></span> <span class='ocrx_word' id='word_1_591' title='bbox 1739 4961 1909 5014; x_wconf 88' lang='lat' dir='ltr'><strong>teneri</strong></span> <span class='ocrx_word' id='word_1_592' title='bbox 1939 4961 2115 5028; x_wconf 86' lang='lat' dir='ltr'><strong>jubet.</strong></span> 
     </span>
    </p>
   </div>
   <div class='ocr_carea' id='block_1_83' title="bbox 569 5037 2128 5127">
    <p class='ocr_par' dir='ltr' id='par_1_83' title="bbox 569 5037 2128 5127">
     <span class='ocr_line' id='line_1_83' title="bbox 569 5037 2128 5127; baseline -0.005 -13"><span class='ocrx_word' id='word_1_593' title='bbox 569 5061 699 5114; x_wconf 88' lang='lat' dir='ltr'><strong>Suis</strong></span> <span class='ocrx_word' id='word_1_594' title='bbox 743 5075 870 5112; x_wconf 88' lang='lat' dir='ltr'><strong>vero</strong></span> <span class='ocrx_word' id='word_1_595' title='bbox 933 5054 1308 5127; x_wconf 81' lang='lat' dir='ltr'><strong>praerogativis</strong></span> <span class='ocrx_word' id='word_1_596' title='bbox 1351 5037 1608 5121; x_wconf 83' lang='lat' dir='ltr'><strong>adjuncta</strong></span> <span class='ocrx_word' id='word_1_597' title='bbox 1661 5067 1880 5127; x_wconf 84' lang='lat' dir='ltr'><strong>quoque</strong></span> <span class='ocrx_word' id='word_1_598' title='bbox 1952 5054 2128 5106; x_wconf 87' lang='lat' dir='ltr'><strong>sacris</strong></span> 
     </span>
    </p>
   </div>
   <div class='ocr_carea' id='block_1_84' title="bbox 564 5143 2123 5211">
    <p class='ocr_par' dir='ltr' id='par_1_84' title="bbox 564 5143 2123 5211">
     <span class='ocr_line' id='line_1_84' title="bbox 564 5143 2123 5211; baseline -0.011 -7"><span class='ocrx_word' id='word_1_599' title='bbox 564 5149 774 5204; x_wconf 81' lang='lat' dir='ltr'><strong>:edibtts</strong></span> <span class='ocrx_word' id='word_1_600' title='bbox 805 5149 922 5202; x_wconf 86' lang='lat' dir='ltr'><strong>loca</strong></span> <span class='ocrx_word' id='word_1_601' title='bbox 959 5157 1150 5199; x_wconf 77' lang='lat' dir='ltr'><strong>ornata</strong></span> <span class='ocrx_word' id='word_1_602' title='bbox 1195 5144 1384 5207; x_wconf 82' lang='lat' dir='ltr'><strong>fuisse,</strong></span> <span class='ocrx_word' id='word_1_603' title='bbox 1439 5159 1501 5197; x_wconf 83' lang='lat' dir='ltr'><strong>ex</strong></span> <span class='ocrx_word' id='word_1_604' title='bbox 1541 5143 1608 5197; x_wconf 93' lang='lat' dir='ltr'><strong>iis</strong></span> <span class='ocrx_word' id='word_1_605' title='bbox 1654 5143 1812 5196; x_wconf 80' lang='lat' dir='ltr'><strong>facile</strong></span> <span class='ocrx_word' id='word_1_606' title='bbox 1861 5154 2080 5211; x_wconf 66' lang='lat' dir='ltr'><strong>app-iret</strong></span> <span class='ocrx_word' id='word_1_607' title='bbox 2108 5182 2123 5205; x_wconf 80' lang='grc'><strong>,</strong></span> 
     </span>
    </p>
   </div>
   <div class='ocr_carea' id='block_1_85' title="bbox 532 5233 2130 5309">
    <p class='ocr_par' dir='ltr' id='par_1_85' title="bbox 532 5233 2130 5309">
     <span class='ocr_line' id='line_1_85' title="bbox 532 5233 2130 5309; baseline -0.003 -17"><span class='ocrx_word' id='word_1_608' title='bbox 532 5257 688 5309; x_wconf 63' lang='lat' dir='ltr'><strong>quae</strong></span> <span class='ocrx_word' id='word_1_609' title='bbox 718 5238 1045 5292; x_wconf 87' lang='lat' dir='ltr'><strong>duodecimo</strong></span> <span class='ocrx_word' id='word_1_610' title='bbox 1085 5252 1206 5304; x_wconf 86' lang='lat' dir='ltr'><strong>cap.</strong></span> <span class='ocrx_word' id='word_1_611' title='bbox 1258 5234 1401 5287; x_wconf 87' lang='lat' dir='ltr'><strong>tituli</strong></span> <span class='ocrx_word' id='word_1_612' title='bbox 1459 5235 1619 5303; x_wconf 87' lang='lat' dir='ltr'><strong>primi</strong></span> <span class='ocrx_word' id='word_1_613' title='bbox 1668 5233 1791 5288; x_wconf 90' lang='lat' dir='ltr'><strong>libri</strong></span> <span class='ocrx_word' id='word_1_614' title='bbox 1827 5235 2003 5300; x_wconf 89' lang='lat' dir='ltr'><strong>quinti</strong></span> <span class='ocrx_word' id='word_1_615' title='bbox 2049 5237 2130 5288; x_wconf 87' lang='lat' dir='ltr'><strong>sic</strong></span> 
     </span>
    </p>
   </div>
   <div class='ocr_carea' id='block_1_86' title="bbox 569 5327 2126 5400">
    <p class='ocr_par' dir='ltr' id='par_1_86' title="bbox 569 5327 2126 5400">
     <span class='ocr_line' id='line_1_86' title="bbox 569 5327 2126 5400; baseline -0.004 -14"><span class='ocrx_word' id='word_1_616' title='bbox 569 5335 859 5388; x_wconf 86' lang='lat' dir='ltr'><strong>habentur.</strong></span> <span class='ocrx_word' id='word_1_617' title='bbox 920 5329 1242 5400; x_wconf 86' lang='lat' dir='ltr'><strong>Quicunque</strong></span> <span class='ocrx_word' id='word_1_618' title='bbox 1297 5328 1361 5381; x_wconf 89' lang='lat' dir='ltr'><strong>ad</strong></span> <span class='ocrx_word' id='word_1_619' title='bbox 1402 5327 1691 5381; x_wconf 79' lang='lat' dir='ltr'><strong>ecclesiam</strong></span> <span class='ocrx_word' id='word_1_620' title='bbox 1760 5327 2126 5397; x_wconf 79' lang='lat' dir='ltr'><strong>confugerint,</strong></span> 
     </span>
    </p>
   </div>
   <div class='ocr_carea' id='block_1_87' title="bbox 573 5417 2128 5492">
    <p class='ocr_par' dir='ltr' id='par_1_87' title="bbox 573 5417 2128 5492">
     <span class='ocr_line' id='line_1_87' title="bbox 573 5417 2128 5492; baseline -0.004 -16"><span class='ocrx_word' id='word_1_621' title='bbox 573 5440 747 5492; x_wconf 89' lang='lat' dir='ltr'><strong>usque</strong></span> <span class='ocrx_word' id='word_1_622' title='bbox 775 5423 841 5477; x_wconf 90' lang='lat' dir='ltr'><strong>ad</strong></span> <span class='ocrx_word' id='word_1_623' title='bbox 877 5423 975 5475; x_wconf 83' lang='lat' dir='ltr'><strong>l&#39;ori</strong></span> <span class='ocrx_word' id='word_1_624' title='bbox 1012 5422 1214 5490; x_wconf 89' lang='lat' dir='ltr'><strong>publici</strong></span> <span class='ocrx_word' id='word_1_625' title='bbox 1242 5420 1507 5473; x_wconf 87' lang='lat' dir='ltr'><strong>terminos</strong></span> <span class='ocrx_word' id='word_1_626' title='bbox 1537 5419 1830 5473; x_wconf 82' lang='lat' dir='ltr'><strong>securitate</strong></span> <span class='ocrx_word' id='word_1_627' title='bbox 1856 5417 2128 5482; x_wconf 78' lang='lat' dir='ltr'><strong>fruantur;</strong></span> 
     </span>
    </p>
   </div>
   <div class='ocr_carea' id='block_1_88' title="bbox 569 5513 2133 5580">
    <p class='ocr_par' dir='ltr' id='par_1_88' title="bbox 569 5513 2133 5580">
     <span class='ocr_line' id='line_1_88' title="bbox 569 5513 2133 5580; baseline -0.005 -8"><span class='ocrx_word' id='word_1_628' title='bbox 569 5521 684 5574; x_wconf 73' lang='lat' dir='ltr'><strong>sive</strong></span> <span class='ocrx_word' id='word_1_629' title='bbox 712 5519 764 5572; x_wconf 92' lang='lat' dir='ltr'><strong>in</strong></span> <span class='ocrx_word' id='word_1_630' title='bbox 814 5517 1168 5572; x_wconf 88' lang='lat' dir='ltr'><strong>interioribus</strong></span> <span class='ocrx_word' id='word_1_631' title='bbox 1201 5517 1454 5580; x_wconf 83' lang='lat' dir='ltr'><strong>lavacris,</strong></span> <span class='ocrx_word' id='word_1_632' title='bbox 1495 5514 1610 5569; x_wconf 87' lang='lat' dir='ltr'><strong>sive</strong></span> <span class='ocrx_word' id='word_1_633' title='bbox 1645 5513 1839 5578; x_wconf 84' lang='lat' dir='ltr'><strong>hortis,</strong></span> <span class='ocrx_word' id='word_1_634' title='bbox 1888 5522 1982 5566; x_wconf 88' lang='lat' dir='ltr'><strong>aut</strong></span> <span class='ocrx_word' id='word_1_635' title='bbox 2035 5514 2133 5565; x_wconf 87' lang='lat' dir='ltr'><strong>do-</strong></span> 
     </span>
    </p>
   </div>
   <div class='ocr_carea' id='block_1_89' title="bbox 2228 3319 3761 3396">
    <p class='ocr_par' dir='ltr' id='par_1_89' title="bbox 2228 3319 3761 3396">
     <span class='ocr_line' id='line_1_89' title="bbox 2228 3319 3761 3396; baseline -0.006 -17"><span class='ocrx_word' id='word_1_636' title='bbox 2228 3327 2536 3396; x_wconf 77' lang='grc' dir='ltr'>βοηθοῦσιν.</span> <span class='ocrx_word' id='word_1_637' title='bbox 2625 3323 2925 3391; x_wconf 83' lang='grc' dir='ltr'>Ἀνὰγνωθι</span> <span class='ocrx_word' id='word_1_638' title='bbox 2975 3325 3073 3377; x_wconf 71' lang='grc' dir='ltr'>καὶ</span> <span class='ocrx_word' id='word_1_639' title='bbox 3127 3324 3226 3393; x_wconf 75' lang='grc' dir='ltr'>τὴν</span> <span class='ocrx_word' id='word_1_640' title='bbox 3279 3330 3356 3390; x_wconf 60' lang='lat' dir='ltr'><strong>of</strong></span> <span class='ocrx_word' id='word_1_641' title='bbox 3423 3322 3636 3392; x_wconf 76' lang='grc' dir='ltr'>Νεαρὰν</span> <span class='ocrx_word' id='word_1_642' title='bbox 3682 3319 3761 3372; x_wconf 88' lang='grc' dir='ltr'><strong>τοῦ</strong></span> 
     </span>
    </p>
   </div>
   <div class='ocr_carea' id='block_1_90' title="bbox 2227 3405 3762 3487">
    <p class='ocr_par' dir='ltr' id='par_1_90' title="bbox 2227 3405 3762 3487">
     <span class='ocr_line' id='line_1_90' title="bbox 2227 3405 3762 3487; baseline -0.006 -15"><span class='ocrx_word' id='word_1_643' title='bbox 2227 3418 2495 3487; x_wconf 83' lang='grc' dir='ltr'>βασιλέως</span> <span class='ocrx_word' id='word_1_644' title='bbox 2527 3435 2592 3470; x_wconf 83' lang='lat' dir='ltr'><strong>xu</strong></span> <span class='ocrx_word' id='word_1_645' title='bbox 2605 3417 2698 3487; x_wconf 83' lang='grc' dir='ltr'>ροῦ</span> <span class='ocrx_word' id='word_1_646' title='bbox 2723 3418 2949 3480; x_wconf 83' lang='grc' dir='ltr'>Λέοντος</span> <span class='ocrx_word' id='word_1_647' title='bbox 2978 3414 3072 3468; x_wconf 86' lang='grc' dir='ltr'><strong>τοῦ</strong></span> <span class='ocrx_word' id='word_1_648' title='bbox 3103 3415 3398 3484; x_wconf 78' lang='grc' dir='ltr'>Φιλοσόφου</span> <span class='ocrx_word' id='word_1_649' title='bbox 3420 3455 3435 3480; x_wconf 89' lang='grc'><strong>,</strong></span> <span class='ocrx_word' id='word_1_650' title='bbox 3474 3405 3762 3482; x_wconf 66' lang='grc' dir='ltr'>παρομοῗως</span> 
     </span>
    </p>
   </div>
   <div class='ocr_carea' id='block_1_91' title="bbox 2227 3505 3764 3580">
    <p class='ocr_par' dir='ltr' id='par_1_91' title="bbox 2227 3505 3764 3580">
     <span class='ocr_line' id='line_1_91' title="bbox 2227 3505 3764 3580; baseline -0.007 -15"><span class='ocrx_word' id='word_1_651' title='bbox 2227 3513 2562 3574; x_wconf 76' lang='grc' dir='ltr'>κολάζουσαν</span> <span class='ocrx_word' id='word_1_652' title='bbox 2581 3511 2676 3564; x_wconf 71' lang='grc' dir='ltr'><strong>καὶ</strong></span> <span class='ocrx_word' id='word_1_653' title='bbox 2699 3512 2826 3573; x_wconf 73' lang='grc' dir='ltr'>τοὺς</span> <span class='ocrx_word' id='word_1_654' title='bbox 2858 3510 3253 3580; x_wconf 75' lang='grc' dir='ltr'>ἐπιτρέποντας</span> <span class='ocrx_word' id='word_1_655' title='bbox 3275 3507 3372 3577; x_wconf 82' lang='grc' dir='ltr'>τὴν</span> <span class='ocrx_word' id='word_1_656' title='bbox 3405 3509 3487 3569; x_wconf 88' lang='grc' dir='ltr'><strong>είς</strong></span> <span class='ocrx_word' id='word_1_657' title='bbox 3520 3505 3584 3558; x_wconf 83' lang='grc' dir='ltr'>τὰ</span> <span class='ocrx_word' id='word_1_658' title='bbox 3615 3521 3764 3572; x_wconf 77' lang='grc' dir='ltr'>κατηο</span> 
     </span>
    </p>
   </div>
   <div class='ocr_carea' id='block_1_92' title="bbox 2227 3604 2847 3676">
    <p class='ocr_par' dir='ltr' id='par_1_92' title="bbox 2227 3604 2847 3676">
     <span class='ocr_line' id='line_1_92' title="bbox 2227 3604 2847 3676; baseline 0.002 -20"><span class='ocrx_word' id='word_1_659' title='bbox 2227 3608 2515 3676; x_wconf 73' lang='grc' dir='ltr'>χουμενεία</span> <span class='ocrx_word' id='word_1_660' title='bbox 2542 3604 2847 3657; x_wconf 83' lang='grc' dir='ltr'>κατοικίαν.</span> 
     </span>
    </p>
   </div>
   <div class='ocr_carea' id='block_1_93' title="bbox 2296 3780 3762 3848">
    <p class='ocr_par' dir='ltr' id='par_1_93' title="bbox 2296 3780 3762 3848">
     <span class='ocr_line' id='line_1_93' title="bbox 2296 3780 3762 3848; baseline -0.001 -14"><span class='ocrx_word' id='word_1_661' title='bbox 2296 3782 2542 3838; x_wconf 80' lang='grc' dir='ltr'><strong>ΖΩΝΔΡ.</strong></span> <span class='ocrx_word' id='word_1_662' title='bbox 2609 3783 2811 3848; x_wconf 79' lang='grc' dir='ltr'>Ίερους</span> <span class='ocrx_word' id='word_1_663' title='bbox 2868 3789 3064 3845; x_wconf 70' lang='grc' dir='ltr'>τόπους</span> <span class='ocrx_word' id='word_1_664' title='bbox 3107 3784 3166 3835; x_wconf 79' lang='grc' dir='ltr'><strong>οὐ</strong></span> <span class='ocrx_word' id='word_1_665' title='bbox 3211 3783 3336 3844; x_wconf 79' lang='grc' dir='ltr'>τοὺς</span> <span class='ocrx_word' id='word_1_666' title='bbox 3396 3781 3575 3844; x_wconf 83' lang='grc' dir='ltr'>θείους</span> <span class='ocrx_word' id='word_1_667' title='bbox 3620 3780 3762 3840; x_wconf 68' lang='grc' dir='ltr'>ναοὺς</span> 
     </span>
    </p>
   </div>
   <div class='ocr_carea' id='block_1_94' title="bbox 2225 3873 3760 3945">
    <p class='ocr_par' dir='ltr' id='par_1_94' title="bbox 2225 3873 3760 3945">
     <span class='ocr_line' id='line_1_94' title="bbox 2225 3873 3760 3945; baseline 0.001 -19"><span class='ocrx_word' id='word_1_668' title='bbox 2225 3875 2457 3927; x_wconf 85' lang='grc' dir='ltr'>ἐνταῦθα</span> <span class='ocrx_word' id='word_1_669' title='bbox 2491 3876 2686 3938; x_wconf 82' lang='grc' dir='ltr'>καλεῖ,</span> <span class='ocrx_word' id='word_1_670' title='bbox 2741 3876 2878 3930; x_wconf 77' lang='grc' dir='ltr'>ἀλλὰ</span> <span class='ocrx_word' id='word_1_671' title='bbox 2925 3878 3023 3938; x_wconf 75' lang='grc' dir='ltr'>τὰς</span> <span class='ocrx_word' id='word_1_672' title='bbox 3065 3877 3190 3945; x_wconf 79' lang='grc' dir='ltr'>περὶ</span> <span class='ocrx_word' id='word_1_673' title='bbox 3225 3877 3426 3938; x_wconf 68' lang='grc' dir='ltr'>αὐτοὺς</span> <span class='ocrx_word' id='word_1_674' title='bbox 3477 3873 3760 3932; x_wconf 83' lang='grc' dir='ltr'>κατοικίας.</span> 
     </span>
    </p>
   </div>
   <div class='ocr_carea' id='block_1_95' title="bbox 2225 3962 3765 4038">
    <p class='ocr_par' dir='ltr' id='par_1_95' title="bbox 2225 3962 3765 4038">
     <span class='ocr_line' id='line_1_95' title="bbox 2225 3962 3765 4038; baseline -0.002 -20"><span class='ocrx_word' id='word_1_675' title='bbox 2225 3962 2313 4018; x_wconf 72' lang='grc' dir='ltr'><strong>οἷά</strong></span> <span class='ocrx_word' id='word_1_676' title='bbox 2354 3969 2458 4020; x_wconf 86' lang='grc' dir='ltr'>είσι</span> <span class='ocrx_word' id='word_1_677' title='bbox 2510 3967 2578 4019; x_wconf 83' lang='grc' dir='ltr'>τὰ</span> <span class='ocrx_word' id='word_1_678' title='bbox 2640 3968 2911 4036; x_wconf 74' lang='grc' dir='ltr'>λεγόμενα</span> <span class='ocrx_word' id='word_1_679' title='bbox 2968 3968 3372 4038; x_wconf 73' lang='grc' dir='ltr'>κατηχούμενα.</span> <span class='ocrx_word' id='word_1_680' title='bbox 3442 3969 3627 4030; x_wconf 70' lang='grc' dir='ltr'>Οὐδεὶς</span> <span class='ocrx_word' id='word_1_681' title='bbox 3671 3963 3765 4031; x_wconf 74' lang='grc' dir='ltr'><strong>γὰρ</strong></span> 
     </span>
    </p>
   </div>
   <div class='ocr_carea' id='block_1_96' title="bbox 2225 4056 3764 4128">
    <p class='ocr_par' dir='ltr' id='par_1_96' title="bbox 2225 4056 3764 4128">
     <span class='ocr_line' id='line_1_96' title="bbox 2225 4056 3764 4128; baseline -0.002 -19"><span class='ocrx_word' id='word_1_682' title='bbox 2225 4056 2400 4120; x_wconf 77' lang='grc' dir='ltr'>οὕτως</span> <span class='ocrx_word' id='word_1_683' title='bbox 2449 4057 2515 4110; x_wconf 82' lang='grc' dir='ltr'><strong>ἂν</strong></span> <span class='ocrx_word' id='word_1_684' title='bbox 2553 4059 2641 4128; x_wconf 75' lang='grc' dir='ltr'><strong>εἴη</strong></span> <span class='ocrx_word' id='word_1_685' title='bbox 2675 4059 2993 4128; x_wconf 81' lang='grc' dir='ltr'>τολμητίας,</span> <span class='ocrx_word' id='word_1_686' title='bbox 3038 4059 3113 4122; x_wconf 86' lang='grc' dir='ltr'>ὼς</span> <span class='ocrx_word' id='word_1_687' title='bbox 3163 4059 3314 4120; x_wconf 66' lang='grc' dir='ltr'>ἐντὸς</span> <span class='ocrx_word' id='word_1_688' title='bbox 3341 4059 3476 4112; x_wconf 86' lang='grc' dir='ltr'>ναοῦ</span> <span class='ocrx_word' id='word_1_689' title='bbox 3519 4057 3764 4111; x_wconf 76' lang='grc' dir='ltr'>συνοικεῖν</span> 
     </span>
    </p>
   </div>
   <div class='ocr_carea' id='block_1_97' title="bbox 2227 4148 3766 4218">
    <p class='ocr_par' dir='ltr' id='par_1_97' title="bbox 2227 4148 3766 4218">
     <span class='ocr_line' id='line_1_97' title="bbox 2227 4148 3766 4218; baseline 0.005 -19"><span class='ocrx_word' id='word_1_690' title='bbox 2227 4151 2468 4217; x_wconf 79' lang='grc' dir='ltr'>γαμετῇ.</span> <span class='ocrx_word' id='word_1_691' title='bbox 2527 4149 2616 4202; x_wconf 85' lang='grc' dir='ltr'><strong>Ἐν</strong></span> <span class='ocrx_word' id='word_1_692' title='bbox 2669 4148 2872 4210; x_wconf 79' lang='grc' dir='ltr'>οἰκίαις</span> <span class='ocrx_word' id='word_1_693' title='bbox 2914 4149 2970 4202; x_wconf 83' lang='grc' dir='ltr'>δὲ</span> <span class='ocrx_word' id='word_1_694' title='bbox 3011 4150 3153 4201; x_wconf 85' lang='grc' dir='ltr'>πάνυ</span> <span class='ocrx_word' id='word_1_695' title='bbox 3209 4151 3590 4218; x_wconf 82' lang='grc' dir='ltr'>συνημμέναις</span> <span class='ocrx_word' id='word_1_696' title='bbox 3639 4149 3766 4206; x_wconf 73' lang='grc' dir='ltr'>ναοῖς</span> 
     </span>
    </p>
   </div>
   <div class='ocr_carea' id='block_1_98' title="bbox 2228 4238 3765 4312">
    <p class='ocr_par' dir='ltr' id='par_1_98' title="bbox 2228 4238 3765 4312">
     <span class='ocr_line' id='line_1_98' title="bbox 2228 4238 3765 4312; baseline -0.004 -19"><span class='ocrx_word' id='word_1_697' title='bbox 2228 4242 2324 4293; x_wconf 81' lang='grc' dir='ltr'>καὶ</span> <span class='ocrx_word' id='word_1_698' title='bbox 2351 4244 2409 4292; x_wconf 83' lang='grc' dir='ltr'><strong>ἐν</strong></span> <span class='ocrx_word' id='word_1_699' title='bbox 2437 4243 2550 4304; x_wconf 86' lang='grc' dir='ltr'>τοῖς</span> <span class='ocrx_word' id='word_1_700' title='bbox 2575 4242 3007 4312; x_wconf 82' lang='grc' dir='ltr'>κατηχουμένοις</span> <span class='ocrx_word' id='word_1_701' title='bbox 3033 4241 3212 4312; x_wconf 80' lang='grc' dir='ltr'>ῷκουν</span> <span class='ocrx_word' id='word_1_702' title='bbox 3257 4243 3401 4302; x_wconf 86' lang='grc' dir='ltr'>τινές</span> <span class='ocrx_word' id='word_1_703' title='bbox 3451 4243 3526 4310; x_wconf 80' lang='grc' dir='ltr'>μὴ</span> <span class='ocrx_word' id='word_1_704' title='bbox 3573 4238 3765 4308; x_wconf 81' lang='grc' dir='ltr'>σεμνῶς</span> 
     </span>
    </p>
   </div>
   <div class='ocr_carea' id='block_1_99' title="bbox 2229 4331 3766 4404">
    <p class='ocr_par' dir='ltr' id='par_1_99' title="bbox 2229 4331 3766 4404">
     <span class='ocr_line' id='line_1_99' title="bbox 2229 4331 3766 4404; baseline -0.001 -21"><span class='ocrx_word' id='word_1_705' title='bbox 2229 4334 2360 4394; x_wconf 72' lang='grc' dir='ltr'>ἴσως</span> <span class='ocrx_word' id='word_1_706' title='bbox 2388 4333 2650 4398; x_wconf 83' lang='grc' dir='ltr'>βιοῦντες,</span> <span class='ocrx_word' id='word_1_707' title='bbox 2683 4334 2777 4387; x_wconf 76' lang='grc' dir='ltr'>καὶ</span> <span class='ocrx_word' id='word_1_708' title='bbox 2800 4335 3286 4404; x_wconf 75' lang='grc' dir='ltr'>καταφρονητικῶς</span> <span class='ocrx_word' id='word_1_709' title='bbox 3319 4331 3466 4404; x_wconf 81' lang='grc' dir='ltr'>εἶχον</span> <span class='ocrx_word' id='word_1_710' title='bbox 3500 4334 3628 4401; x_wconf 53' lang='grc' dir='ltr'>περὶ.</span> <span class='ocrx_word' id='word_1_711' title='bbox 3659 4331 3766 4391; x_wconf 72' lang='grc' dir='ltr'>τοὺς</span> 
     </span>
    </p>
   </div>
   <div class='ocr_carea' id='block_1_100' title="bbox 2226 4420 3764 4493">
    <p class='ocr_par' dir='ltr' id='par_1_100' title="bbox 2226 4420 3764 4493">
     <span class='ocr_line' id='line_1_100' title="bbox 2226 4420 3764 4493; baseline -0.005 -18"><span class='ocrx_word' id='word_1_712' title='bbox 2226 4425 2426 4483; x_wconf 84' lang='grc' dir='ltr'>τόπους</span> <span class='ocrx_word' id='word_1_713' title='bbox 2453 4424 2578 4485; x_wconf 77' lang='grc' dir='ltr'>τοὺς</span> <span class='ocrx_word' id='word_1_714' title='bbox 2611 4425 2810 4493; x_wconf 78' lang='grc' dir='ltr'>ἱεροὺς,</span> <span class='ocrx_word' id='word_1_715' title='bbox 2840 4424 3169 4490; x_wconf 76' lang='grc' dir='ltr'>ἀδιακρίτως</span> <span class='ocrx_word' id='word_1_716' title='bbox 3197 4423 3472 4484; x_wconf 80' lang='grc' dir='ltr'>οἰκοῦντες</span> <span class='ocrx_word' id='word_1_717' title='bbox 3496 4424 3552 4474; x_wconf 89' lang='grc' dir='ltr'><strong>ἐν</strong></span> <span class='ocrx_word' id='word_1_718' title='bbox 3584 4420 3764 4478; x_wconf 72' lang='grc' dir='ltr'>αὐτοῖς.</span> 
     </span>
    </p>
   </div>
   <div class='ocr_carea' id='block_1_101' title="bbox 2229 4513 3859 4591">
    <p class='ocr_par' dir='ltr' id='par_1_101' title="bbox 2229 4513 3859 4591">
     <span class='ocr_line' id='line_1_101' title="bbox 2229 4513 3859 4591; baseline -0.005 -24"><span class='ocrx_word' id='word_1_719' title='bbox 2229 4516 2352 4567; x_wconf 71' lang='grc' dir='ltr'>ἀντὶ</span> <span class='ocrx_word' id='word_1_720' title='bbox 2373 4514 2466 4566; x_wconf 85' lang='grc' dir='ltr'><strong>τοῦ</strong></span> <span class='ocrx_word' id='word_1_721' title='bbox 2487 4516 2562 4584; x_wconf 81' lang='grc' dir='ltr'>μὴ</span> <span class='ocrx_word' id='word_1_722' title='bbox 2591 4514 2993 4577; x_wconf 78' lang='grc' dir='ltr'>διαστέλλοντες</span> <span class='ocrx_word' id='word_1_723' title='bbox 3026 4515 3160 4583; x_wconf 80' lang='grc' dir='ltr'><strong>μηδέ</strong></span> <span class='ocrx_word' id='word_1_724' title='bbox 3184 4515 3600 4584; x_wconf 82' lang='grc' dir='ltr'>διαχωρίζοντες</span> <span class='ocrx_word' id='word_1_725' title='bbox 3625 4513 3768 4582; x_wconf 80' lang='grc' dir='ltr'>μέσον</span> <span class='ocrx_word' id='word_1_726' title='bbox 3849 4575 3859 4591; x_wconf 50' lang='grc'>.</span> 
     </span>
    </p>
   </div>
   <div class='ocr_carea' id='block_1_102' title="bbox 2233 4601 3766 4673">
    <p class='ocr_par' dir='ltr' id='par_1_102' title="bbox 2233 4601 3766 4673">
     <span class='ocr_line' id='line_1_102' title="bbox 2233 4601 3766 4673; baseline -0.005 -17"><span class='ocrx_word' id='word_1_727' title='bbox 2233 4605 2391 4670; x_wconf 85' lang='grc' dir='ltr'>ἁγίου</span> <span class='ocrx_word' id='word_1_728' title='bbox 2414 4645 2427 4664; x_wconf 92' lang='grc'><strong>,</strong></span> <span class='ocrx_word' id='word_1_729' title='bbox 2461 4606 2555 4656; x_wconf 79' lang='grc' dir='ltr'>καὶ</span> <span class='ocrx_word' id='word_1_730' title='bbox 2588 4603 2832 4672; x_wconf 75' lang='grc' dir='ltr'>βεϐήλου.</span> <span class='ocrx_word' id='word_1_731' title='bbox 2887 4603 3025 4664; x_wconf 77' lang='grc' dir='ltr'>Τοὺς</span> <span class='ocrx_word' id='word_1_732' title='bbox 3070 4604 3164 4656; x_wconf 81' lang='grc' dir='ltr'><strong>οὖν</strong></span> <span class='ocrx_word' id='word_1_733' title='bbox 3189 4603 3364 4665; x_wconf 77' lang='grc' dir='ltr'>οὕτως</span> <span class='ocrx_word' id='word_1_734' title='bbox 3398 4604 3620 4673; x_wconf 81' lang='grc' dir='ltr'>ἔχοντας</span> <span class='ocrx_word' id='word_1_735' title='bbox 3654 4601 3766 4665; x_wconf 82' lang='grc' dir='ltr'><strong>ἐξω-</strong></span> 
     </span>
    </p>
   </div>
   <div class='ocr_carea' id='block_1_103' title="bbox 2231 4691 3768 4765">
    <p class='ocr_par' dir='ltr' id='par_1_103' title="bbox 2231 4691 3768 4765">
     <span class='ocr_line' id='line_1_103' title="bbox 2231 4691 3768 4765; baseline -0.004 -17"><span class='ocrx_word' id='word_1_736' title='bbox 2231 4697 2439 4748; x_wconf 83' lang='grc' dir='ltr'>θεῖσθαι</span> <span class='ocrx_word' id='word_1_737' title='bbox 2469 4696 2576 4748; x_wconf 77' lang='grc' dir='ltr'>τῶν</span> <span class='ocrx_word' id='word_1_738' title='bbox 2603 4697 3023 4765; x_wconf 80' lang='grc' dir='ltr'>κατηχουμένων</span> <span class='ocrx_word' id='word_1_739' title='bbox 3043 4699 3069 4747; x_wconf 77' lang='grc' dir='ltr'>ὁ</span> <span class='ocrx_word' id='word_1_740' title='bbox 3098 4695 3273 4747; x_wconf 88' lang='grc' dir='ltr'>κανὼν</span> <span class='ocrx_word' id='word_1_741' title='bbox 3303 4696 3660 4755; x_wconf 82' lang='grc' dir='ltr'>διατάττεται,</span> <span class='ocrx_word' id='word_1_742' title='bbox 3690 4691 3768 4742; x_wconf 72' lang='grc' dir='ltr'><strong>καὶ</strong></span> 
     </span>
    </p>
   </div>
   <div class='ocr_carea' id='block_1_104' title="bbox 2230 4783 3768 4855">
    <p class='ocr_par' dir='ltr' id='par_1_104' title="bbox 2230 4783 3768 4855">
     <span class='ocr_line' id='line_1_104' title="bbox 2230 4783 3768 4855; baseline -0.005 -16"><span class='ocrx_word' id='word_1_743' title='bbox 2230 4789 2354 4850; x_wconf 85' lang='grc' dir='ltr'>τοὺς</span> <span class='ocrx_word' id='word_1_744' title='bbox 2387 4789 2460 4855; x_wconf 78' lang='grc' dir='ltr'>μὴ</span> <span class='ocrx_word' id='word_1_745' title='bbox 2500 4787 2866 4854; x_wconf 69' lang='grc' dir='ltr'>φυλάττοντας</span> <span class='ocrx_word' id='word_1_746' title='bbox 2893 4787 3056 4839; x_wconf 75' lang='grc' dir='ltr'>αὐτὸν</span> <span class='ocrx_word' id='word_1_747' title='bbox 3078 4830 3091 4850; x_wconf 91' lang='grc'><strong>,</strong></span> <span class='ocrx_word' id='word_1_748' title='bbox 3136 4789 3431 4854; x_wconf 72' lang='grc' dir='ltr'>κληρικοῦς</span> <span class='ocrx_word' id='word_1_749' title='bbox 3463 4787 3562 4854; x_wconf 82' lang='grc' dir='ltr'>μὲν</span> <span class='ocrx_word' id='word_1_750' title='bbox 3594 4783 3768 4835; x_wconf 81' lang='grc' dir='ltr'>καθαι-</span> 
     </span>
    </p>
   </div>
   <div class='ocr_carea' id='block_1_105' title="bbox 2234 4874 3768 4948">
    <p class='ocr_par' dir='ltr' id='par_1_105' title="bbox 2234 4874 3768 4948">
     <span class='ocr_line' id='line_1_105' title="bbox 2234 4874 3768 4948; baseline -0.005 -19"><span class='ocrx_word' id='word_1_751' title='bbox 2234 4882 2316 4948; x_wconf 83' lang='grc' dir='ltr'>ρεῖ</span> <span class='ocrx_word' id='word_1_752' title='bbox 2350 4898 2361 4908; x_wconf 91' lang='grc'><strong>·</strong></span> <span class='ocrx_word' id='word_1_753' title='bbox 2391 4878 2612 4938; x_wconf 80' lang='grc' dir='ltr'>λαῖκοὺς</span> <span class='ocrx_word' id='word_1_754' title='bbox 2643 4877 2698 4928; x_wconf 89' lang='grc' dir='ltr'><strong>δέ</strong></span> <span class='ocrx_word' id='word_1_755' title='bbox 2728 4878 3000 4945; x_wconf 76' lang='grc' dir='ltr'>ἀφορίζει.</span> <span class='ocrx_word' id='word_1_756' title='bbox 3029 4879 3151 4930; x_wconf 72' lang='lat' dir='ltr'><strong>&quot;Ott</strong></span> <span class='ocrx_word' id='word_1_757' title='bbox 3182 4874 3354 4930; x_wconf 65' lang='grc' dir='ltr'>δὲ’καὶ</span> <span class='ocrx_word' id='word_1_758' title='bbox 3370 4879 3437 4928; x_wconf 77' lang='grc' dir='ltr'>τὰ</span> <span class='ocrx_word' id='word_1_759' title='bbox 3457 4875 3768 4943; x_wconf 78' lang='grc' dir='ltr'>συγκείμενα</span> 
     </span>
    </p>
   </div>
   <div class='ocr_carea' id='block_1_106' title="bbox 2230 4965 3768 5039">
    <p class='ocr_par' dir='ltr' id='par_1_106' title="bbox 2230 4965 3768 5039">
     <span class='ocr_line' id='line_1_106' title="bbox 2230 4965 3768 5039; baseline -0.004 -18"><span class='ocrx_word' id='word_1_760' title='bbox 2230 4973 2342 5031; x_wconf 84' lang='grc' dir='ltr'>τοῖς</span> <span class='ocrx_word' id='word_1_761' title='bbox 2369 4970 2528 5031; x_wconf 82' lang='grc' dir='ltr'>θείοις</span> <span class='ocrx_word' id='word_1_762' title='bbox 2563 4973 2708 5032; x_wconf 86' lang='grc' dir='ltr'>ναοῖς</span> <span class='ocrx_word' id='word_1_763' title='bbox 2749 4971 3059 5039; x_wconf 74' lang='grc' dir='ltr'>προνομίων</span> <span class='ocrx_word' id='word_1_764' title='bbox 3091 4968 3387 5034; x_wconf 70' lang='grc' dir='ltr'>ἀξιοῦνταις</span> <span class='ocrx_word' id='word_1_765' title='bbox 3425 4970 3558 5034; x_wconf 71' lang='grc' dir='ltr'>φησὶ</span> <span class='ocrx_word' id='word_1_766' title='bbox 3595 4967 3651 5018; x_wconf 85' lang='grc' dir='ltr'><strong>τὸ</strong></span> <span class='ocrx_word' id='word_1_767' title='bbox 3679 4965 3768 5016; x_wconf 85' lang='grc' dir='ltr'><strong>δω-</strong></span> 
     </span>
    </p>
   </div>
   <div class='ocr_carea' id='block_1_107' title="bbox 3616 5057 3769 5125">
    <p class='ocr_par' dir='ltr' id='par_1_107' title="bbox 3616 5057 3769 5125">
     <span class='ocr_line' id='line_1_107' title="bbox 3616 5057 3769 5125; baseline 0 -14"><span class='ocrx_word' id='word_1_768' title='bbox 3616 5065 3651 5111; x_wconf 81' lang='grc' dir='ltr'>ε’</span> <span class='ocrx_word' id='word_1_769' title='bbox 3698 5057 3769 5125; x_wconf 84' lang='grc' dir='ltr'><strong>βι-</strong></span> 
     </span>
    </p>
   </div>
   <div class='ocr_carea' id='block_1_108' title="bbox 2230 5148 3769 5222">
    <p class='ocr_par' dir='ltr' id='par_1_108' title="bbox 2230 5148 3769 5222">
     <span class='ocr_line' id='line_1_108' title="bbox 2230 5148 3769 5222; baseline 0.003 -20"><span class='ocrx_word' id='word_1_770' title='bbox 2230 5153 2398 5207; x_wconf 68' lang='grc' dir='ltr'>ϐλίου.</span> <span class='ocrx_word' id='word_1_771' title='bbox 2432 5153 2682 5222; x_wconf 78' lang='grc' dir='ltr'>περιέχον</span> <span class='ocrx_word' id='word_1_772' title='bbox 2711 5152 2881 5214; x_wconf 79' lang='grc' dir='ltr'>οὓτως</span> <span class='ocrx_word' id='word_1_773' title='bbox 2905 5170 2918 5182; x_wconf 87' lang='grc'><strong>·</strong></span> <span class='ocrx_word' id='word_1_774' title='bbox 2944 5153 3122 5221; x_wconf 82' lang='grc' dir='ltr'>Μέχρι</span> <span class='ocrx_word' id='word_1_775' title='bbox 3149 5153 3256 5203; x_wconf 84' lang='grc' dir='ltr'><strong>τῶν</strong></span> <span class='ocrx_word' id='word_1_776' title='bbox 3293 5153 3385 5204; x_wconf 83' lang='grc' dir='ltr'>ἐπὶ</span> <span class='ocrx_word' id='word_1_777' title='bbox 3402 5152 3497 5221; x_wconf 77' lang='grc' dir='ltr'>τῆς</span> <span class='ocrx_word' id='word_1_778' title='bbox 3529 5148 3769 5219; x_wconf 73' lang='grc' dir='ltr'>δημοσίας</span> 
     </span>
    </p>
   </div>
   <div class='ocr_carea' id='block_1_109' title="bbox 2230 5236 3768 5312">
    <p class='ocr_par' dir='ltr' id='par_1_109' title="bbox 2230 5236 3768 5312">
     <span class='ocr_line' id='line_1_109' title="bbox 2230 5236 3768 5312; baseline -0.014 -6"><span class='ocrx_word' id='word_1_779' title='bbox 2230 5243 2437 5312; x_wconf 73' lang='grc' dir='ltr'>ἀγθρᾶς</span> <span class='ocrx_word' id='word_1_780' title='bbox 2487 5244 2584 5308; x_wconf 77' lang='grc' dir='ltr'>τῆς</span> <span class='ocrx_word' id='word_1_781' title='bbox 2636 5243 2935 5312; x_wconf 83' lang='grc' dir='ltr'>ἐκκλησίας</span> <span class='ocrx_word' id='word_1_782' title='bbox 2970 5245 3111 5311; x_wconf 80' lang='grc' dir='ltr'>ὅρων</span> <span class='ocrx_word' id='word_1_783' title='bbox 3142 5236 3210 5294; x_wconf 75' lang='grc' dir='ltr'>τὸ’</span> <span class='ocrx_word' id='word_1_784' title='bbox 3231 5243 3470 5312; x_wconf 76' lang='grc' dir='ltr'>ἀσφαλὲς</span> <span class='ocrx_word' id='word_1_785' title='bbox 3517 5241 3768 5311; x_wconf 81' lang='grc' dir='ltr'>ἐχέτωσαν</span> 
     </span>
    </p>
   </div>
   <div class='ocr_carea' id='block_1_110' title="bbox 2228 5311 3767 5406">
    <p class='ocr_par' dir='ltr' id='par_1_110' title="bbox 2228 5311 3767 5406">
     <span class='ocr_line' id='line_1_110' title="bbox 2228 5311 3767 5406; baseline 0.002 -21"><span class='ocrx_word' id='word_1_786' title='bbox 2228 5335 2276 5385; x_wconf 86' lang='grc' dir='ltr'><strong>οί</strong></span> <span class='ocrx_word' id='word_1_787' title='bbox 2311 5335 2720 5406; x_wconf 84' lang='grc' dir='ltr'>προσφυγόντες</span> <span class='ocrx_word' id='word_1_788' title='bbox 2747 5337 2861 5394; x_wconf 81' lang='grc' dir='ltr'>τοῖς</span> <span class='ocrx_word' id='word_1_789' title='bbox 2890 5333 3190 5404; x_wconf 79' lang='grc' dir='ltr'>ἐνδοτέροις</span> <span class='ocrx_word' id='word_1_790' title='bbox 3207 5311 3471 5403; x_wconf 64' lang='grc' dir='ltr'>λουτροῖς,</span> <span class='ocrx_word' id='word_1_791' title='bbox 3503 5334 3534 5402; x_wconf 77' lang='grc' dir='ltr'>ἢ</span> <span class='ocrx_word' id='word_1_792' title='bbox 3571 5333 3767 5398; x_wconf 67' lang='grc' dir='ltr'>κήποις,</span> 
     </span>
    </p>
   </div>
   <div class='ocr_carea' id='block_1_111' title="bbox 2230 5422 3769 5498">
    <p class='ocr_par' dir='ltr' id='par_1_111' title="bbox 2230 5422 3769 5498">
     <span class='ocr_line' id='line_1_111' title="bbox 2230 5422 3769 5498; baseline -0.003 -24"><span class='ocrx_word' id='word_1_793' title='bbox 2230 5424 2263 5491; x_wconf 78' lang='grc' dir='ltr'><strong>ἥ</strong></span> <span class='ocrx_word' id='word_1_794' title='bbox 2317 5424 2647 5492; x_wconf 77' lang='grc' dir='ltr'>οἰκήμασιν,</span> <span class='ocrx_word' id='word_1_795' title='bbox 2704 5424 2736 5493; x_wconf 80' lang='grc' dir='ltr'><strong>ἦ</strong></span> <span class='ocrx_word' id='word_1_796' title='bbox 2794 5427 2997 5487; x_wconf 83' lang='grc' dir='ltr'>στοαῖς,</span> <span class='ocrx_word' id='word_1_797' title='bbox 3049 5424 3081 5493; x_wconf 82' lang='grc' dir='ltr'><strong>ἢ</strong></span> <span class='ocrx_word' id='word_1_798' title='bbox 3137 5425 3648 5498; x_wconf 39' lang='grc' dir='ltr'>αὐλαῖς-χρώμενοι,</span> <span class='ocrx_word' id='word_1_799' title='bbox 3689 5422 3769 5470; x_wconf 76' lang='grc' dir='ltr'>καὶ</span> 
     </span>
    </p>
   </div>
   <div class='ocr_carea' id='block_1_112' title="bbox 2233 5513 3684 5581">
    <p class='ocr_par' dir='ltr' id='par_1_112' title="bbox 2233 5513 3684 5581">
     <span class='ocr_line' id='line_1_112' title="bbox 2233 5513 3684 5581; baseline 0.001 -16"><span class='ocrx_word' id='word_1_800' title='bbox 2233 5513 2636 5566; x_wconf 85' lang='grc' dir='ltr'>κωλυέσθωσαν</span> <span class='ocrx_word' id='word_1_801' title='bbox 2688 5515 2839 5578; x_wconf 78' lang='grc' dir='ltr'>ἐντὸς</span> <span class='ocrx_word' id='word_1_802' title='bbox 2878 5515 2971 5568; x_wconf 86' lang='grc' dir='ltr'><strong>τοῦ</strong></span> <span class='ocrx_word' id='word_1_803' title='bbox 3013 5515 3142 5568; x_wconf 88' lang='grc' dir='ltr'>ναοῦ</span> <span class='ocrx_word' id='word_1_804' title='bbox 3179 5517 3439 5581; x_wconf 84' lang='grc' dir='ltr'>ὑπνοῦνῆ</span> <span class='ocrx_word' id='word_1_805' title='bbox 3491 5517 3684 5568; x_wconf 76' lang='grc' dir='ltr'>ἐσθίειν</span> 
     </span>
    </p>
   </div>
   <div class='ocr_carea' id='block_1_113' title="bbox 2230 5061 3566 5130">
    <p class='ocr_par' dir='ltr' id='par_1_113' title="bbox 2230 5061 3566 5130">
     <span class='ocr_line' id='line_1_113' title="bbox 2230 5061 3566 5130; baseline -0.003 -16"><span class='ocrx_word' id='word_1_806' title='bbox 2230 5063 2455 5114; x_wconf 76' lang='grc' dir='ltr'>δέκατον</span> <span class='ocrx_word' id='word_1_807' title='bbox 2490 5062 2787 5129; x_wconf 77' lang='grc' dir='ltr'>κεφάλαιον</span> <span class='ocrx_word' id='word_1_808' title='bbox 2841 5063 2931 5113; x_wconf 88' lang='grc' dir='ltr'><strong>τοῦ</strong></span> <span class='ocrx_word' id='word_1_809' title='bbox 2979 5061 3192 5130; x_wconf 85' lang='grc' dir='ltr'>πρώτου</span> <span class='ocrx_word' id='word_1_810' title='bbox 3242 5061 3419 5112; x_wconf 78' lang='grc' dir='ltr'>τίτλου</span> <span class='ocrx_word' id='word_1_811' title='bbox 3475 5061 3566 5113; x_wconf 83' lang='grc' dir='ltr'><strong>τοῦ</strong></span> 
     </span>
    </p>
   </div>
   <div class='ocr_carea' id='block_1_114' title="bbox 567 5597 3764 5685">
    <p class='ocr_par' dir='ltr' id='par_1_114' title="bbox 567 5597 3764 5685">
     <span class='ocr_line' id='line_1_114' title="bbox 567 5597 3764 5685; baseline 0 -17"><span class='ocrx_word' id='word_1_812' title='bbox 567 5616 768 5677; x_wconf 88' lang='lat' dir='ltr'><strong>mibus,</strong></span> <span class='ocrx_word' id='word_1_813' title='bbox 823 5622 915 5666; x_wconf 81' lang='lat' dir='ltr'><strong>aut</strong></span> <span class='ocrx_word' id='word_1_814' title='bbox 956 5612 1278 5680; x_wconf 86' lang='lat' dir='ltr'><strong>porticibus.</strong></span> <span class='ocrx_word' id='word_1_815' title='bbox 1334 5619 1427 5663; x_wconf 85' lang='lat' dir='ltr'><strong>aut</strong></span> <span class='ocrx_word' id='word_1_816' title='bbox 1493 5611 1631 5665; x_wconf 87' lang='lat' dir='ltr'><strong>aulis</strong></span> <span class='ocrx_word' id='word_1_817' title='bbox 1700 5621 2122 5664; x_wconf 86' lang='lat' dir='ltr'><strong>commoremur.</strong></span> <span class='ocrx_word' id='word_1_818' title='bbox 2183 5608 2367 5677; x_wconf 75' lang='lat' dir='ltr'><strong>thue</strong></span> <span class='ocrx_word' id='word_1_819' title='bbox 2414 5610 2664 5681; x_wconf 82' lang='lat' dir='ltr'><strong>cuiquam</strong></span> <span class='ocrx_word' id='word_1_820' title='bbox 2725 5613 2864 5666; x_wconf 87' lang='lat' dir='ltr'><strong>intra</strong></span> <span class='ocrx_word' id='word_1_821' title='bbox 2931 5614 3099 5681; x_wconf 87' lang='lat' dir='ltr'><strong>ipsius</strong></span> <span class='ocrx_word' id='word_1_822' title='bbox 3143 5597 3324 5685; x_wconf 67' lang='lat' dir='ltr'><strong>tt&#39;nipli</strong></span> <span class='ocrx_word' id='word_1_823' title='bbox 3372 5617 3504 5671; x_wconf 81' lang='lat' dir='ltr'><strong>ﬁnes</strong></span> <span class='ocrx_word' id='word_1_824' title='bbox 3555 5613 3764 5670; x_wconf 81' lang='lat' dir='ltr'><strong>cubandi</strong></span> 
     </span>
    </p>
   </div>
   <div class='ocr_carea' id='block_1_115' title="bbox 566 5705 1437 5762">
    <p class='ocr_par' dir='ltr' id='par_1_115' title="bbox 566 5705 1437 5762">
     <span class='ocr_line' id='line_1_115' title="bbox 566 5705 1437 5762; baseline -0.001 0"><span class='ocrx_word' id='word_1_825' title='bbox 566 5708 742 5762; x_wconf 83' lang='lat' dir='ltr'><strong>eibive</strong></span> <span class='ocrx_word' id='word_1_826' title='bbox 776 5707 1022 5761; x_wconf 88' lang='lat' dir='ltr'><strong>sumendi</strong></span> <span class='ocrx_word' id='word_1_827' title='bbox 1064 5705 1154 5758; x_wconf 81' lang='lat' dir='ltr'><strong>ﬁat</strong></span> <span class='ocrx_word' id='word_1_828' title='bbox 1187 5705 1437 5761; x_wconf 80' lang='lat' dir='ltr'><strong>lacultas.</strong></span> 
     </span>
    </p>
   </div>
   <div class='ocr_carea' id='block_1_116' title="bbox 563 5800 2127 5871">
    <p class='ocr_par' dir='ltr' id='par_1_116' title="bbox 563 5800 2127 5871">
     <span class='ocr_line' id='line_1_116' title="bbox 563 5800 2127 5871; baseline -0.004 -15"><span class='ocrx_word' id='word_1_829' title='bbox 563 5801 795 5856; x_wconf 77' lang='lat' dir='ltr'><strong>ARIST.</strong></span> <span class='ocrx_word' id='word_1_830' title='bbox 841 5819 875 5854; x_wconf 78' lang='grc' dir='ltr'>,ι</span> <span class='ocrx_word' id='word_1_831' title='bbox 907 5800 1082 5855; x_wconf 82' lang='lat' dir='ltr'><strong>Uxori</strong></span> <span class='ocrx_word' id='word_1_832' title='bbox 1132 5801 1402 5862; x_wconf 88' lang='lat' dir='ltr'><strong>addictus,</strong></span> <span class='ocrx_word' id='word_1_833' title='bbox 1436 5811 1491 5853; x_wconf 77' lang='lat' dir='ltr'><strong>et.</strong></span> <span class='ocrx_word' id='word_1_834' title='bbox 1521 5817 1614 5871; x_wconf 83' lang='lat' dir='ltr'><strong>per</strong></span> <span class='ocrx_word' id='word_1_835' title='bbox 1667 5809 2033 5868; x_wconf 87' lang='lat' dir='ltr'><strong>contemptum</strong></span> <span class='ocrx_word' id='word_1_836' title='bbox 2076 5800 2127 5851; x_wconf 91' lang='lat' dir='ltr'><strong>in</strong></span> 
     </span>
    </p>
   </div>
   <div class='ocr_carea' id='block_1_117' title="bbox 637 5891 2127 5979">
    <p class='ocr_par' dir='ltr' id='par_1_117' title="bbox 637 5891 2127 5979">
     <span class='ocr_line' id='line_1_117' title="bbox 637 5891 2127 5979; baseline -0.001 -33"><span class='ocrx_word' id='word_1_837' title='bbox 637 5912 661 5979; x_wconf 74' lang='grc' dir='ltr'><strong>¹ι</strong></span> <span class='ocrx_word' id='word_1_838' title='bbox 701 5892 898 5962; x_wconf 86' lang='lat' dir='ltr'><strong>templo</strong></span> <span class='ocrx_word' id='word_1_839' title='bbox 931 5909 1176 5959; x_wconf 86' lang='lat' dir='ltr'><strong>manens,</strong></span> <span class='ocrx_word' id='word_1_840' title='bbox 1200 5908 1227 5946; x_wconf 88' lang='lat' dir='ltr'><strong>c</strong></span> <span class='ocrx_word' id='word_1_841' title='bbox 1280 5891 1706 5948; x_wconf 84' lang='lat' dir='ltr'><strong>catecltumcniis</strong></span> <span class='ocrx_word' id='word_1_842' title='bbox 1746 5893 1905 5946; x_wconf 83' lang='lat' dir='ltr'><strong>etiam</strong></span> <span class='ocrx_word' id='word_1_843' title='bbox 1944 5892 2127 5961; x_wconf 75' lang='lat' dir='ltr'><strong>expel-</strong></span> 
     </span>
    </p>
   </div>
   <div class='ocr_carea' id='block_1_118' title="bbox 2236 5797 3766 5872">
    <p class='ocr_par' dir='ltr' id='par_1_118' title="bbox 2236 5797 3766 5872">
     <span class='ocr_line' id='line_1_118' title="bbox 2236 5797 3766 5872; baseline 0.001 -18"><span class='ocrx_word' id='word_1_844' title='bbox 2236 5803 2456 5856; x_wconf 81' lang='grc' dir='ltr'><strong>ΑΡΙΣΤ.</strong></span> <span class='ocrx_word' id='word_1_845' title='bbox 2561 5820 2578 5852; x_wconf 82' lang='grc' dir='ltr'><strong>ι</strong></span> <span class='ocrx_word' id='word_1_846' title='bbox 2658 5802 2715 5854; x_wconf 88' lang='grc' dir='ltr'><strong>Ὀ</strong></span> <span class='ocrx_word' id='word_1_847' title='bbox 2773 5801 3118 5868; x_wconf 80' lang='grc' dir='ltr'>ὑπογύναιος,</span> <span class='ocrx_word' id='word_1_848' title='bbox 3175 5803 3267 5854; x_wconf 76' lang='grc' dir='ltr'>καὶ</span> <span class='ocrx_word' id='word_1_849' title='bbox 3307 5797 3766 5872; x_wconf 79' lang='grc' dir='ltr'>καταφρονητικῶς</span> 
     </span>
    </p>
   </div>
   <div class='ocr_carea' id='block_1_119' title="bbox 2311 5894 3764 5964">
    <p class='ocr_par' dir='ltr' id='par_1_119' title="bbox 2311 5894 3764 5964">
     <span class='ocr_line' id='line_1_119' title="bbox 2311 5894 3764 5964; baseline 0.001 -19"><span class='ocrx_word' id='word_1_850' title='bbox 2311 5914 2328 5945; x_wconf 77' lang='grc' dir='ltr'><strong>ι</strong></span> <span class='ocrx_word' id='word_1_851' title='bbox 2383 5894 2557 5962; x_wconf 77' lang='grc' dir='ltr'>μένων</span> <span class='ocrx_word' id='word_1_852' title='bbox 2591 5897 2645 5948; x_wconf 78' lang='grc' dir='ltr'><strong>ἐν</strong></span> <span class='ocrx_word' id='word_1_853' title='bbox 2677 5894 2753 5964; x_wconf 80' lang='grc' dir='ltr'><strong>τῷ</strong></span> <span class='ocrx_word' id='word_1_854' title='bbox 2781 5894 2912 5961; x_wconf 82' lang='grc' dir='ltr'>ναῷ,</span> <span class='ocrx_word' id='word_1_855' title='bbox 2938 5894 3246 5958; x_wconf 78' lang='grc' dir='ltr'>ἐξωθείσθω</span> <span class='ocrx_word' id='word_1_856' title='bbox 3272 5897 3365 5951; x_wconf 77' lang='grc' dir='ltr'><strong>καὶ</strong></span> <span class='ocrx_word' id='word_1_857' title='bbox 3392 5897 3494 5949; x_wconf 82' lang='grc' dir='ltr'><strong>τῶν</strong></span> <span class='ocrx_word' id='word_1_858' title='bbox 3527 5907 3764 5962; x_wconf 75' lang='grc' dir='ltr'>κατηχου·</span> 
     </span>
    </p>
   </div>
  </div>
