3992 6484
519 358 627 422 r835

1759 351 2034 411 THEOD.
2079 348 2169 408 BA
2179 345 2482 408 LSAMON

3663 345 3754 408 836

529 468 717 530 uitam,
749 462 970 535 quando
1020 463 1143 533 quis
1175 477 1240 518 ex
1269 461 1410 532 ipsis
1464 459 1609 514 bello
1661 467 1855 527 raptus
1901 457 2086 516 fuerit,

2199 453 2344 523 ῆτὸν
2375 454 2566 522 ἄνδρα,
2605 451 2734 505 ὅταν
2767 467 2847 514 τις
2875 450 2932 515 ἐξ
2961 449 3144 505 αὐτῶν
3181 448 3618 522 αἰχμαλωτιτθῇ,
3671 457 3754 511 καὶ

525 573 577 612 et
639 575 708 611 an
765 566 910 609 vn'at
961 559 1234 610 incertqu
1301 565 1438 609 est:
1494 562 1614 622 post
1662 552 2096 621 quinquennium

521 657 730 710 autem,
791 648 1022 702 alterum
1079 648 1488 702 matrimonium
1551 645 1902 700 contrahere.
1957 645 2098 715 Lege

525 756 656 809 ergo
689 743 830 796 hanc
895 739 1186 803 novellam,
1225 748 1276 793 cl
1327 740 1397 793 55
1456 738 1586 808 imp.
1643 737 1848 792 domini
1902 737 2097 792 Leonis

433 880 443 891 .
529 829 807 902 Sapientis
849 832 1115 884 novellam
1174 839 1510 884 statuentem
1573 847 1680 883 non
1739 829 1908 883 licere
1958 844 2097 898 pra:-

530 935 683 979 textu
719 922 1060 993 captivitatis
1113 923 1247 977 solvi
1289 920 1718 981 matrimonium,
1768 935 1870 972 nec
1931 918 2096 988 parti,

521 1034 646 1086 qua:
683 1017 851 1070 libera
897 1023 1223 1070 conservata
1257 1024 1364 1074 est,
1401 1014 1566 1066 licere
1611 1011 1777 1080 269
1835 1010 1901 1062 ad
1955 1009 2096 1062 alte-

523 1125 644 1162 rum
690 1109 1099 1162 nmtrimoninm
1137 1109 1407 1175 respicere
1443 1123 1454 1158 :
1493 1105 1589 1159 sed
1624 1112 1679 1156 et
1735 1104 1778 1158 si
1832 1103 1921 1156 alii
1963 1116 2096 1155 con-

523 1201 749 1268 iunctus
785 1198 968 1263 fuerit,
1007 1198 1131 1251 licet
1189 1199 1351 1266 parti,
1387 1212 1506 1265 qua:
1551 1211 1617 1249 ex
1666 1195 1980 1263 captivitate
2009 1207 2098 1246 re-

525 1309 682 1346 versa
716 1301 822 1356 est,
856 1292 1129 1360 proin-ium
1162 1291 1468 1344 membrum
1507 1303 1784 1352 revocare,
1819 1285 2093 1341 secundas

525 1393 705 1437 autem
738 1384 956 1452 nuptias
1012 1382 1339 1436 tlitraliere.
1385 1381 1521 1436 Cum
1573 1396 1704 1450 ergo
1766 1395 1945 1434 canon
1977 1380 2092 1434 lure

523 1477 707 1528 omnia
742 1478 1026 1536 decernat,
1051 1490 1171 1543 qth
1202 1473 1457 1540 superius
1488 1473 1630 1526 dicta
1676 1483 1824 1536 suut,
1855 1484 1906 1525 et
1951 1472 2095 1540 leges

516 1581 586 1618 ea
615 1566 845 1634 jubeant
877 1582 998 1634 quae
1033 1564 1282 1633 proxime
1326 1565 1530 1633 scripta
1584 1573 1734 1625 sunt.
1788 1563 2094 1634 interroga-

525 1657 664 1710 verit
691 1658 988 1727 quispiam,
1039 1660 1057 1711 ι
1087 1657 1316 1711 trisnam
1352 1668 1586 1709 mentem
1618 1657 1883 1710 adbibere
1925 1657 2089 1710 debeo

526 1749 686 1802 mus?
727 1748 992 1813 Dicimus,
1050 1750 1190 1818 quod
1223 1763 1276 1802 et
1323 1749 1390 1803 iis
1439 1763 1560 1818 qum
1606 1749 1818 1802 suntin
1855 1764 2089 1810 canone,

523 1850 578 1894 et
617 1856 735 1909 qua:
765 1849 889 1893 sunt
929 1841 981 1893 in
1016 1841 1148 1908 lege.
1181 1840 1471 1904 unicuique
1495 1856 1685 1893 eorum
1714 1849 2027 1908 Opportune
2076 1857 2090 1895 :

527 1941 583 1983 ιι
615 1948 712 1986 eas
740 1933 956 2001 quidem
997 1948 1058 1984 cx
1093 1947 1303 1986 eanone
1338 1931 1616 1985 adulteras
1644 1948 1768 1986 csse
1795 1932 2098 1986 tlixerimns

531 2021 811 2086 mulieres,
843 2022 910 2076 de
943 2023 1139 2091 quibus
1197 2033 1397 2084 canon,
1444 2037 1564 2090 qua:
1612 2023 1738 2077 aliis
1773 2032 2093 2091 nupserunt,

524 2110 848 2179 priusquam
881 2113 1042 2180 plane
1081 2112 1350 2165 certiores
1380 2110 1536 2164 facta:
1571 2111 1776 2167 fuerint
1807 2112 1875 2166 de
1921 2123 2097 2164 morte

526 2202 854 2255 maritorum
891 2217 1141 2264 suorum,
1170 2202 1260 2271 qui
1292 2218 1400 2255 non
1440 2212 1780 2273 comparent.
1815 2203 1927 2258 lloe
1947 2209 2094 2260 enim

529 2293 754 2347 novellae
789 2307 1002 2362 quoque
1028 2293 1243 2362 jnbcnt.
1271 2292 1459 2348 Militis
1491 2304 1666 2348 autem
1701 2303 1949 2361 uxorem,
1979 2314 2096 2367 qtuc

529 2403 640 2440 nou
670 2393 731 2439 ut
771 2385 980 2438 novella
1013 2386 1329 2439 continetur
1350 2389 1623 2455 nupserit,
1652 2389 1807 2442 venia
1837 2404 1943 2442 non
1973 2407 2097 2446 esse

529 2481 752 2547 dignam
790 2478 1264 2543 cxiSIimaltimns;
1309 2480 1447 2532 sicut
1475 2487 1530 2532 et
1568 2495 1715 2544 eam,
1751 2497 1869 2550 quae
1895 2497 2096 2537 secun-

528 2572 659 2623 dum
689 2571 840 2623 illam
878 2569 1090 2635 fecerit,
1128 2585 1237 2623 non
1268 2570 1757 2638 reprehendemus.
1789 2569 1942 2636 Quod
1993 2588 2096 2627 au-

525 2673 632 2716 tem
680 2663 837 2715 liccat
864 2662 1120 2716 omnibus
1151 2661 1522 2716 adulterarum
1550 2663 1838 2718 mulierum
1884 2665 2097 2720 maritis

522 2770 618 2807 cas
656 2753 894 2819 rctipere
922 2753 1083 2807 etiam
1119 2761 1242 2819 post
1279 2753 1542 2816 reditum,
1573 2753 1661 2809 dic
1691 2756 2087 2823 communiter,

523 2854 578 2898 et
603 2858 708 2896 non
746 2843 802 2898 in
829 2844 944 2898 sola
987 2841 1176 2898 militis
1210 2859 1411 2911 uxore,
1453 2855 1513 2898 ut
1547 2845 1694 2899 dicta
1731 2845 1829 2899 H7
1881 2848 2093 2902 novella

524 2935 876 2998 continetur,
911 2949 1032 3006 qua
1090 2935 1307 2991 redacta
1375 2947 1458 2991 est
1508 2936 1560 2990 in
1616 2953 1734 3006 cap.
1797 2939 1850 3002 3,
1913 2925 2092 2994 l5tit.

524 3024 1044 3093 przrsentisopcriS.
1099 3023 1368 3088 Quoniam
1421 3035 1601 3079 autem
1643 3039 1818 3081 canon
1872 3027 2090 3096 quidem

529 3114 599 3166 de
630 3113 863 3182 captivis
897 3113 1036 3168 nihil
1060 3112 1370 3179 ccttstituit,
1404 3114 1547 3168 dicta
1583 3123 1764 3170 autem
1796 3115 2090 3172 Iustiniani

525 3203 741 3258 novella
774 3205 970 3258 statuit
1010 3204 1391 3275 quinquennio
1414 3217 1736 3275 exspectare
1766 3206 1967 3263 debere
2011 3225 2098 3265 re-

526 3296 710 3350 lictam
751 3305 961 3366 partem
999 3296 1253 3361 liberam,
1285 3305 1338 3350 et
1367 3297 1447 3352 sic
1473 3299 1593 3352 sine
1629 3300 1737 3353 ullo
1781 3301 2098 3369 praeiudicio

523 3389 752 3442 alterum
822 3387 1230 3442 matrimonium
1295 3389 1660 3457 contrahere;
1719 3394 2094 3463 cuiquidem

524 3480 831 3535 definitioni
901 3480 1222 3537 adversatur
1275 3480 1344 3535 53
1401 3483 1612 3536 novella
1694 3484 1826 3554 imp.
1889 3488 2094 3542 domin‘i

528 3572 728 3627 Leonis
768 3570 1069 3641 Sapientis,
1111 3587 1233 3641 qua:
1267 3572 1397 3627 dicit
1431 3574 1771 3642 indistincte,
1797 3581 2093 3649 captivum,

526 3661 621 3729 qui
657 3676 911 3716 reversus
939 3671 1023 3716 est
1054 3676 1269 3731 semper
1318 3679 1573 3718 revocare
1607 3669 1886 3735 proprium
1925 3686 2093 3726 mem-

527 3752 686 3803 brum
719 3767 733 3803 :
768 3751 855 3805 dic
889 3750 1185 3805 Justiniani
1223 3753 1495 3807 novellam
1530 3757 1845 3826 abrogatam
1894 3776 2017 3816 esse
2063 3779 2093 3818 a

525 3843 672 3896 dicta
708 3843 920 3896 novella
959 3843 1090 3911 imp.
1129 3843 1337 3898 domini
1369 3844 1566 3899 Leonis
1601 3846 1895 3916 Sapientis.
1949 3849 2092 3908 Prae-

522 3944 673 3986 terea
734 3949 800 3988 ne
861 3933 959 3988 tibi
1021 3935 1362 3989 contrarium
1419 3937 1671 3992 videatur
1731 3944 2090 4009 penultimum

522 4026 703 4078 thema
739 4025 823 4090 ll,
849 4039 968 4094 cap.
999 4025 1065 4080 57
1120 4027 1205 4080 tit.
1243 4043 1308 4080 ιχ
1366 4027 1460 4083 lib.
1493 4030 1681 4086 dicens
1717 4052 1727 4085 :
1770 4035 1825 4087 Si
1854 4035 1943 4089 dm
1997 4040 2095 4093 ab.

526 4124 735 4166 sentem
784 4115 964 4167 virmn
1024 4116 1160 4170 falso
1190 4117 1418 4184 periisse
1470 4119 1668 4174 mulier
1705 4123 1997 4190 audiverit,
2039 4135 2094 4182 et

527 4204 672 4259 fama
705 4220 964 4274 persuasa
996 4208 1090 4261 alii
1123 4223 1182 4262 se
1207 4210 1326 4264 sine
1365 4210 1490 4266 dolo
1532 4214 1881 4271 tnatriumnio
1904 4218 2098 4287 junxe-

523 4296 619 4360 rit,
655 4311 762 4350 non
803 4298 1050 4366 punitur.
1084 4297 1191 4353 Sed
1245 4300 1335 4356 dic
1372 4301 1475 4358 hoc
1527 4318 1648 4359 esse
1694 4306 1815 4375 jure
1858 4310 2096 4380 digesto-

524 4401 670 4450 rnm,
701 4397 755 4441 et
789 4403 816 4440 a
842 4387 1004 4442 dictis
1045 4390 1277 4444 novellis
1305 4407 1429 4447 esse
1461 4393 1769 4451 sublatum.

2199 543 2394 614 ἀδηλία
2441 545 2557 596 ἐστὶ
2613 543 2708 612 τῆς
2758 540 2948 595 τούτου
3008 541 3174 610 ζωῆς,
3208 542 3346 609 μετά
3400 540 3458 593 δὲ
3511 543 3607 612 τὴν
3641 562 3758 599 πεν-

2199 635 2422 689 ταετίαν
2457 635 2648 705 ἕτερον
2681 633 3067 688 συναλλάττειν
3097 633 3296 701 γάμον.
3346 632 3646 702 Ἀνάγνωθι
3675 635 3758 692 οὖν

2199 728 2300 798 τὴν
2331 727 2591 796 τοιαύτην
2616 726 2843 796 νεαρὰν,
2888 725 3152 786 ὡσαύτως
3190 725 3282 778 καὶ
3335 725 3440 796 τὴν
3463 727 3546 795 λγ⁹
3575 733 3759 800 νεαρὰν

2200 818 2298 872 τοῦ
2327 818 2598 891 βασιλέως
2626 817 2797 888 κυροῦ
2831 811 3061 880 Λέοντος
3115 818 3209 871 τοῦ
3235 818 3436 886 Σοφοῦ,
3469 819 3761 892 διοριζομέ-

2199 929 2296 980 νην
2327 911 2402 982 μὴ
2426 909 2654 964 λύεσθαι
2686 908 2961 979 προφάσει
2988 909 3089 979 τῆς
3139 910 3524 980 αἰχμαλωσίας
3578 913 3760 985 γάμον,

2202 1004 2338 1072 μηδὲ
2364 1002 2442 1074 τῷ
2476 1002 2743 1072 ἐλευθέρῳ
2777 1001 3175 1072 συντηρηθέντι
3205 1002 3367 1072 μέρει
3411 1002 3611 1067 ἐξεῖναι
3641 1008 3762 1078 πρὸς

2197 1095 2384 1165 ἕτερον
2414 1093 2625 1146 ὲπιδείν
2657 1093 2993 1146 συνοικέσιον
3023 1109 3038 1124 ο
3102 1093 3218 1147 ἀλλ’
3270 1096 3323 1147 εί
3383 1099 3486 1148 καὶ
3533 1100 3762 1170 συναφθῇ

2197 1186 2392 1255 ἑτέρῳ,
2429 1185 2613 1240 ἄδειαν
2638 1183 2784 1254 ἔχειν
2832 1184 2894 1237 τὸ
2931 1185 3280 1255 ὑποστρέψαν
3346 1186 3520 1256 μέρος
3562 1188 3627 1241 ὲκ
3675 1192 3763 1258 τῆς

2196 1274 2574 1345 αἰχμαλωσίας
2601 1275 3001 1333 ἀνακαλεῖσθαι
3069 1275 3130 1328 τὸ
3167 1279 3372 1330 οἰκεῖον
3435 1278 3620 1348 μέλος,
3680 1289 3763 1334 καὶ

2197 1369 2288 1421 τὸν
2309 1368 2564 1439 δεύτερον
2596 1368 2773 1439 γάμον
2794 1368 3054 1439 διασπᾷν.
3086 1368 3193 1421 Τοῦ
3244 1369 3381 1438 γοῦν
3412 1370 3638 1432 κανόνος
3660 1371 3763 1424 διο-

2196 1459 2490 1530 ριζομένου
2541 1461 2641 1513 ὅσα
2686 1461 2914 1530 εἴπομεν
2979 1459 3210 1525 ἄνωθεν,
3285 1461 3386 1513 καὶ
3433 1459 3543 1513 τῶν
3599 1462 3760 1531 νόμων

2197 1553 2737 1622 παρακελευομένων
2765 1552 2939 1604 ταῦτα
2971 1551 3036 1621 δὴ
3063 1553 3132 1606 τὰ
3161 1551 3455 1622 προσεχῶς
3532 1569 3764 1623 γεγραμ-

2201 1643 2362 1714 μένα,
2393 1644 2664 1713 ἐρωτήσει
2726 1661 2832 1708 τις,
2883 1643 3039 1697 Τίσιν
3105 1645 3169 1697 ἐκ
3220 1643 3436 1697 τούτων
3490 1647 3762 1714 προσέχειν

2192 1735 2489 1806 ὀφείλομεν
2523 1754 2537 1804 ;
2565 1738 2752 1806 Φαμὲν
2783 1733 2877 1791 οὖν
2903 1739 2984 1792 ὅτι
3019 1738 3114 1793 καὶ
3133 1741 3246 1801 τοῖς
3270 1741 3328 1790 ὲν
3353 1737 3433 1807 τῷ
3465 1737 3644 1790 κανόνι
3679 1739 3765 1790 καὶ

2206 1831 2404 1894 ἐντοῖς
2437 1830 2652 1899 νόμοις,
2703 1831 2989 1901 ἑκατέροις
3044 1833 3266 1894 πάντως
3335 1832 3486 1884 κατά
3546 1832 3760 1900 καιρόνο

2205 1921 2302 1980 καὶ
2336 1923 2447 1974 ἀπὸ
2483 1922 2582 1993 μὲν
2606 1920 2700 1976 τοῦ
2727 1923 2954 1986 κανόνος
2989 1923 3311 1993 μοιχαλίδας
3345 1923 3600 1992 εἴποιμεν
3632 1917 3759 1974 εἶναι

2200 2016 2322 2077 τὰς,
2355 2014 2482 2084 περὶ
2507 2007 2582 2066 ὧν
2611 2017 2638 2067 ὁ
2666 2013 2868 2077 κανὼν,
2907 2018 3171 2084 γυναῖκας
3198 2014 3549 2085 γαμηθείσας
3571 2016 3760 2080 ἑτέροις

2204 2102 2312 2171 πρὸ
2339 2101 2433 2154 τοῦ
2465 2101 2649 2155 λαϐεῖν
2707 2103 2904 2174 ἐντελῆ
2961 2105 3342 2176 πληροφορίαν
3391 2104 3486 2158 τοῦ
3547 2105 3759 2158 θανάτου

2202 2193 2314 2246 τῶν
2336 2193 2557 2260 ἀφανῶν
2579 2193 2790 2260 ἀνδρῶν
2823 2194 3004 2248 αὐτῶν
3040 2210 3055 2225 ο
3087 2195 3250 2249 τοῦτο
3275 2196 3393 2268 γὰρ
3421 2196 3516 2249 καὶ
3561 2198 3615 2250 αί
3644 2214 3756 2249 νεα-

2205 2283 2302 2352 ραῒ.
2339 2283 2811 2354 παρακελεύονται
2849 2285 2980 2356 ’τὴν
2999 2287 3055 2340 δὲ
3091 2291 3338 2355 γυναῖκα
3381 2287 3479 2341 τοῦ
3513 2290 3758 2360 στρατιάν

2201 2391 2300 2426 του
2334 2376 2409 2444 μὴ
2435 2375 2578 2428 κατὰ
2609 2377 2712 2445 τὴν
2733 2378 3026 2449 περίληψιν
3051 2379 3149 2450 τῆς
3178 2383 3384 2452 νεαρᾶς
3411 2385 3755 2452 γαμηθεῖσαν,

2205 2469 2533 2538 συγγνώμης
2589 2469 2688 2522 ούκ
2738 2471 3073 2542 ἀξιώσομεν,
3137 2472 3330 2546 ὥσπερ
3392 2478 3534 2530 κατὰ
3574 2477 3758 2544 ταύτην

2203 2558 2512 2626 ποιήσασαν
2566 2559 2668 2612 οὐκ
2730 2561 3116 2632 αἰτιασόμεθα.
3166 2564 3240 2618 Τὸ
3318 2565 3661 2637 μέντοιέχειν
3682 2569 3757 2620 ἐπ’

2203 2649 2388 2712 ἀδείας
2440 2651 2564 2713 τοὺς
2599 2651 2802 2722 ἄνδρας
2858 2655 3052 2707 πασῶν
3094 2655 3203 2709 τῶν
3251 2659 3635 2728 μοιχευθεισῶν
3674 2676 3757 2726 γυ-

2213 2741 2417 2797 ναικῶν
2447 2743 2923 2812 ἀναὲαμδάνεσθαι
2953 2747 3121 2811 αὐτὰς
3175 2751 3268 2802 καὶ
3303 2753 3446 2820 μετὰ
3500 2751 3596 2822 τὴν
3646 2755 3757 2804 ὑπςν

2204 2836 2444 2905 στροφὴν
2465 2837 2660 2900 κοινῶς
2687 2837 2830 2899 εἰπὲ,
2857 2838 2950 2890 καὶ
2981 2840 3055 2910 μὴ
3089 2841 3182 2900 ἐπὶ
3213 2843 3385 2912 μόνης
3431 2843 3532 2913 τῆς
3582 2862 3754 2913 γυνα;-

2204 2927 2297 2990 κὸς
2323 2927 2420 2981 τοῦ
2455 2929 2789 2999 στρατιώτου
2827 2932 2971 2988 κατὰ
3019 2935 3119 3005 τὴν
3192 2937 3487 3008 περίληψιν
3534 2939 3628 3007 τῆς
3667 2941 3751 3009 ρηο

2205 3015 2394 3088 θείσης
2426 3017 2529 3088 ριξ¹
2571 3022 2794 3091 νεαρᾶς,
2850 3023 2951 3093 τῆς
2982 3025 3411 3100 συνοψισθείσης
3450 3033 3507 3083 ὲν
3574 3047 3759 3106 κεφκτ,

2200 3109 2295 3163 τοῦ
2326 3117 2397 3178 ιγ’
2425 3112 2529 3168 τίτ.
2557 3111 2654 3165 τοῦ
2693 3115 2964 3184 παρόντος
2986 3121 3390 3190 συντάγματος.
3463 3123 3610 3174 Ἐπεὶ
3639 3123 3689 3174 δὲ
3727 3140 3750 3175 ο

2203 3201 2386 3258 κανὼν
2419 3203 2519 3273 μὲν
2557 3208 2689 3276 περὶ
2713 3208 3068 3278 αίχμαλώτου
3105 3213 3260 3265 οὐδέν
3300 3231 3356 3266 τι
3417 3215 3752 3284 ἐθεσμοθὲτη·

2205 3295 2361 3365 σεν,ή
2394 3293 2835 3374 δὲδιαληφθεῖσα
2899 3299 3335 3368 Ίουστινιάνειος
3382 3307 3549 3376 νεαρὰ
3599 3307 3748 3374 Empi—

2203 3384 2354 3451 ζεται
2382 3389 2472 3441 ἐπὶ
2488 3392 2758 3462 πενταετῆ
2796 3395 2992 3464 καιρὸν
3036 3398 3333 3467 ἀναμένειν
3369 3401 3428 3452 τὸ
3459 3400 3746 3470 ὑποληφθὲν

2205 3481 2371 3550 μέρος
2393 3480 2699 3553 ἐλεύθερον,
2734 3485 2824 3538 καὶ
2848 3485 3019 3549 οὕτως
3049 3489 3543 3560 ἀποκριματίστως
3584 3494 3747 3563 ἕτερον

2202 3573 2537 3625 συνοικέσιον
2563 3577 2821 3646 συνιστᾷν
2857 3591 2873 3608 ο
2901 3569 2946 3646 ᾦ
2971 3577 3110 3648 δῆτα
3168 3579 3443 3654 διορισμῷ
3490 3582 3745 3636 ἐναντιοῦ-

2200 3662 2450 3735 ταιήλγ⁹
2483 3669 2653 3737 νεαρὰ
2685 3669 2778 3722 τοῦ
2835 3669 3101 3740 βασιλέως
3154 3675 3323 3743 κυροῦ
3386 3678 3609 3739 Λέοτος
3663 3674 3746 3728 τοῦ

2201 3755 2398 3824 Σοφοῦ,
2432 3757 2663 3825 λέγουσα
2697 3760 3081 3827 ἀδιαστίκτως,
3107 3766 3501 3821 ἀνακαλεῖσθαι
3549 3771 3627 3821 eis”:
3665 3773 3741 3820 τίιν

2200 3851 2618 3924 ὑποστρέψαντα
2645 3855 2992 3923 αἰχμάλωτον
3024 3858 3084 3909 τὸ
3117 3860 3321 3912 οἰκεῖον
3390 3860 3551 3933 μέλος
3577 3878 3592 3894 ’
3638 3863 3740 3912 εἰπὲ

2197 3944 2278 3998 ὅτι
2313 3944 2382 3997 τὰ
2436 3949 2539 4015 τῆς
2609 3947 3046 4002 Ίουστινιανείου
3106 3953 3311 4022 νεαρᾶς
3381 3955 3741 4025 ὴπράκτησαν,

2199 4037 2557 4108 ἀναιρεθέντα
2591 4039 2697 4090 ὑπὸ
2723 4039 2820 4110 τῆς
2863 4041 3126 4114 ῥηθείσης
3179 4044 3293 4113 ρλγ¹
3319 4049 3519 4116 νεαρᾶς
3545 4045 3632 4098 τοῦ
3658 4047 3742 4113 βα·

2199 4129 2390 4192 σιλέως
2448 4129 2617 4202 κυρτῦ
2640 4131 2867 4195 Λέοντος
2896 4131 2990 4186 τοῦ
3010 4133 3203 4202 Σοφοῦ.
3278 4137 3404 4191 Ἐπὶ
3440 4139 3641 4197 τούτοις
3677 4139 3739 4204 μὴ

2197 4218 2498 4288 ἐναντιωθῇ
2568 4236 2652 4274 σοι
2694 4220 2756 4272 τὸ
2805 4224 3278 4292 παρατελευταῖον
3329 4225 3472 4301 θέμα
3533 4228 3622 4280 τοῦ
3686 4233 3740 4281 ια’

2197 4309 2415 4379 κεφ.λζ⁹
2440 4309 2621 4362 τίτλου
2646 4311 2738 4365 τοῦ
2765 4310 2807 4376 ξ’
2829 4310 2974 4386 βιΰλ.
2991 4313 3152 4383 λέγον
3175 4331 3192 4346 ⁸
3256 4317 3383 4371 Ἐὰν
3447 4319 3537 4370 ἐπὶ
3591 4316 3737 4368 πολὺν

2197 4402 2386 4472 χρόνον
2413 4401 2818 4470 ἀπολειφθέντα
2839 4405 2929 4457 τὸν
2957 4405 3127 4478 ἄνδρα
3196 4409 3454 4475 πλαστῶς
3512 4412 3544 4480 ἠ
3617 4408 3736 4475 γυνὴ

521 4483 1210 4556 ἁκούσῃτελευτῆσαι,καὶ
1239 4488 1607 4562 πειςθείσατῇ
1657 4493 1813 4566 φήμῃ
1891 4499 2061 4570 ἑτέρῳ
2099 4502 2326 4572 mmor;
2395 4499 2620 4562 ἀδόλως,
2687 4498 2746 4552 ού
2833 4506 3183 4573 τιμωρεῖται.
3255 4508 3397 4561 Ἀλλ’
3448 4507 3563 4562 εἰπὲ
3613 4500 3736 4557 εἶν-ι

519 4573 679 4633 τοῦτο
709 4577 994 4646 διγέστων,
1029 4581 1125 4632 καὶ
1158 4581 1514 4653 ἀναιρεθῆναι
1546 4587 1650 4640 ὑπὸ
1681 4587 1792 4643 τῶν
1819 4593 2092 4663 ρηθεισῶν
2132 4597 2368 4669 νεαρῶν.

593 4671 842 4727 ΖΟΝΛΒ.
872 4673 1004 4738 Quae
1038 4675 1252 4741 mulier,
1287 4680 1404 4732 viro
1441 4684 1858 4753 peregrinante,
1908 4708 2086 4764 neque

2264 4693 2508 4752 ΖΩΝΑΡ.
2553 4692 2680 4746 Ἐὰν
2708 4692 2867 4765 γυνὴ,
2921 4694 3380 4767 ἀναχωρήσαντος
3427 4699 3518 4751 τοῦ
3567 4697 3736 4767 ἀνδρὸς

519 4763 687 4834 longo
736 4768 998 4834 temporis
1047 4767 1332 4824 intervallo
1368 4784 1699 4842 revertente,
1751 4793 1876 4833 cum
1937 4783 2091 4839 illum

515 4855 827 4911 decessisse
877 4857 1117 4911 nondum
1174 4863 1336 4929 plane
1389 4877 1736 4934 compertum
1791 4872 1878 4936 sit,
1939 4875 2095 4930 alteri

522 4947 641 4999 viro
686 4947 978 5032 nupserit,
1013 4949 1266 5005 adulterii
1313 4955 1522 5009 crimen
1561 4959 1820 5017 admittit.
1866 4963 2094 5023 Militum

518 5055 740 5108 quoque
771 5055 1011 5104 uxores,
1068 5045 1114 5096 si
1163 5045 1297 5100 viris
1337 5049 1578 5117 ipsarum
1623 5068 1730 5106 non
1783 5061 2093 5126 apparenti-

520 5132 626 5186 bus
668 5131 790 5187 aliis
844 5137 1150 5204 nupserint,
1220 5140 1474 5196 adulterii
1517 5143 1673 5214 culpa
1722 5163 1828 5201 non
1878 5164 2090 5211 vacant.

519 5221 738 5286 Quibus
761 5232 969 5287 tamen,
1011 5229 1160 5296 quod
1201 5231 1253 5284 in
1295 5234 1467 5290 milite
1508 5237 1675 5292 vitam
1714 5239 1856 5294 inter
1889 5248 2094 5300 tumulo

519 5319 612 5365 Lus
641 5312 902 5368 bellorum
936 5327 1129 5386 agente
1164 5322 1356 5376 mortis
1394 5327 1636 5396 suspicio
1673 5330 1886 5387 facilius
1934 5335 2092 5391 fidem

519 5400 790 5468 inveniat,
839 5403 1143 5463 faciliorem
1193 5425 1252 5466 se
1288 5429 1464 5468 canon
1496 5417 1547 5469 iu
1578 5419 1914 5488 ignoscendo
1960 5443 2096 5496 pra:-

522 5491 634 5546 lJet.
683 5491 758 5575 De
789 5494 874 5548 llis
912 5506 1090 5552 autem
1131 5515 1360 5569 magnus
1386 5520 1604 5575 quoque
1635 5509 1870 5569 Basilius
1901 5491 2090 5572 eodem

515 5574 806 5640 tricesimo
840 5589 1021 5656 primo
1049 5600 1100 5645 et
1129 5595 1409 5649 tricesimo
1441 5612 1593 5655 sexto
1624 5618 1837 5661 canone
1876 5612 2087 5678 statuit,

523 5676 606 5729 Val
638 5679 818 5744 potius
846 5678 967 5748 ejus
997 5694 1238 5739 canones
1268 5685 1321 5738 in
1351 5686 1495 5742 hunc
1527 5690 1704 5747 locum
1731 5700 1973 5767 synodus
2007 5676 2089 5755 to;

517 5768 690 5823 tidem
715 5769 899 5826 verbis
929 5776 1228 5831 transtulit.
1260 5776 1333 5834 Dc
1369 5783 1629 5841 uxoribus
1651 5802 1820 5857 porro
1850 5793 2082 5849 militum

2195 4787 2386 4857 αὐτῆς,
2425 4785 2521 4838 καὶ
2555 4786 2648 4838 ἐπὶ
2683 4786 2901 4856 μακρὰν
2928 4789 3058 4851 ἴσως
3094 4789 3168 4860 μὴ
3210 4792 3609 4855 ἐπανελθόντος,
3645 4789 3735 4858 πρὸ

2195 4878 2292 4931 τοῦ
2319 4876 2806 4949 πληροφορηθῆναι
2843 4881 2892 4931 εί
2915 4879 2988 4943 ὡς
3018 4880 3235 4952 ἀληθῶς
3264 4882 3541 4956 τέθνηκεν,
3583 4881 3731 4948 ἑτέρῳ

2198 4973 2520 5041 συνοικήσῃ,
2577 4971 2830 5040 μοιχείαν
2878 4973 3073 5046 τολμᾷ.
3140 4977 3251 5030 Καὶ
3309 4975 3643 5050 στρατιωτῶν
3683 4973 3731 5024 δὲ

2198 5067 2476 5134 γυναῖκες,
2503 5065 2726 5132 ἀφανῶν
2750 5065 2858 5119 τῶν
2891 5066 3102 5137 ἀνδρῶν
3133 5070 3314 5122 αὐτῶν
3344 5069 3659 5140 γενομένων,
3689 5077 3710 5112 ε

2196 5155 2504 5226 γαμηθεῖεν
2540 5159 2770 5227 ἑτέροις,
2826 5161 3136 5229 μοιχαλίδες
3182 5165 3341 5220 εἰσίν.
3376 5163 3497 5215 Ἐπὶ
3545 5159 3729 5211 τούτων

2195 5248 2253 5302 δὲ
2283 5248 2484 5318 μᾶλλον
2531 5257 2912 5321 συγγνωμονεί
2940 5256 2967 5307 ὁ
2998 5252 3196 5318 κανὼν,
3233 5256 3320 5312 διὰ
3343 5257 3400 5310 τὸ
3429 5255 3548 5317 τοὺς
3589 5263 3729 5318 στρα-

2196 5338 2394 5399 τιώτας
2437 5339 2639 5410 μᾶλλον
2692 5343 3047 5397 πιστεύεσθαι
3107 5346 3289 5398 θανεῖν
3319 5385 3334 5411 ,
3393 5348 3451 5398 ἐν
3498 5339 3727 5409 πολέμοις

2196 5429 2735 5500 ἀναστρεφομένους.
2783 5433 2918 5504 Περὶ
2945 5433 3148 5488 τούτων
3172 5436 3227 5489 δὲ
3261 5437 3353 5490 καλ⁵
3381 5438 3409 5490 6
3441 5436 3606 5506 μέγας
3632 5429 3722 5480 3³⁸

2198 5519 2393 5586 σίλειος
2442 5525 2499 5574 ὲν
2545 5527 2851 5595 τριακοστῷ
2911 5527 3111 5598 πρώτῳ
3149 5530 3334 5583 κανόνι
3394 5532 3485 5584 καὶ
3539 5521 3620 5590 λς’
3671 5522 3725 5576 τὰ

2196 5613 2335 5668 αὐτὰ
2368 5615 2739 5683 διατάττεται,
2777 5619 2807 5689 ἦ
2836 5621 3041 5689 μᾶλλον
3069 5623 3194 5686 τοὺς
3221 5625 3430 5678 ἐκείνου
3458 5620 3666 5679 κανόνας
3693 5615 3719 5682 ll

2197 5705 2413 5770 σύνοδος
2442 5706 2583 5777 αὕτη
2630 5712 2743 5772 τοῖς
2778 5713 3022 5783 ῥήμασιν
3051 5715 3485 5788 ὲγκατέστρωσε.
3523 5712 3645 5782 Περὶ
3673 5707 3720 5760 δὲ

2195 5799 2596 5868 στρατιωτίδων
2647 5805 2925 5870 γυναικῶν
2973 5806 3174 5875 πολλὴν
3216 5811 3244 5864 ὁ
3287 5809 3553 5867 πολιτικδς
3583 5801 3719 5860 νόμοῦ
