3992 6484
200 387 309 450 837

1265 376 1343 434 1N
1386 372 1553 431 (ἶΛΝο
1598 369 1775 430 XCIV
1818 365 2028 428 CONC.
2056 365 2137 426 ΙΝ
2175 364 2507 426 TRULLO.

3358 363 3462 426 8'38

200 502 443 555 ποιεῖται
476 498 787 567 ἀκρίϐειαν,
824 496 967 550 ὥστε
1006 493 1081 565 μὴ
1125 492 1336 561 ἑτέροις
1377 486 1772 550 συνάπτεσθαι,
1811 526 1820 547 ,

1929 498 2053 536 nam
2099 483 2521 553 diligentissime
2564 485 2745 557 legum
2791 484 3035 542 civilium
3079 486 3464 555 sanctionibus

202 596 259 647 εί
290 592 517 661 μάθοιεν
549 590 856 661 ἀνῃρῆσθαι
889 588 1014 650 τοὺς
1041 583 1240 656 ἄνδρας
1267 581 1470 644 αὐτῶν,
1505 579 1554 631 εἰ
1582 579 1656 647 μὴ
1680 578 1781 641 τὰς

206 686 635 755 παρατηρήσεις
695 679 1031 749 φυλάξαιεν,
1094 677 1159 739 ἂς
1220 676 1254 745 ἡ
1336 670 1777 738 ἑπτακαιδεκάτη

208 774 387 845 νεαρὰ
410 774 682 843 περιέχει,
713 772 940 841 κειμένη
971 772 1050 831 εἰς
1083 766 1286 838 βιϐλίον
1331 765 1440 817 τῶν
1481 758 1786 815 Βασιλικῶν

206 866 465 920 εἰκοστὸν
492 866 697 932 ὃγδοον,
724 863 901 917 τίτλον
950 863 993 927 ζ’
1047 878 1175 929 κεφ.
1209 858 1275 922 ζ’.
1303 857 1366 910 Ei.
1396 855 1453 908 δέ
1478 870 1586 917 τις,
1620 852 1786 921 φησὶν

206 958 239 1007 6
268 953 456 1008 κανὼν
488 949 666 1016 οὗτος,
694 952 832 1022 γυνὴ
857 952 1167 1021 συνοικήσει
1194 947 1270 1019 τῷ
1294 946 1433 1016 πρὸς
1464 942 1658 1010 καιρὸν
1687 958 1786 995 κα-

214 1044 574 1113 ταλειφθέν-τι
612 1044 763 1113 παρὰ
790 1042 889 1109 τῆς
924 1042 1063 1104 ίδίας
1097 1037 1393 1107 γυναικὸς,
1426 1032 1698 1103 ἀγνοοῦσα
1728 1032 1788 1084 τὸ

213 1139 484 1208 πρᾶγμα,
536 1132 656 1189 εἶτα
707 1133 1114 1204 ἐπανελθούσης
1163 1131 1263 1200 τῆς
1315 1128 1589 1199 προτέρας
1623 1125 1787 1179 αὐτοῦ

210 1227 481 1296 γυναικὸς
517 1228 852 1297 ἀποπεμφθῇ
906 1229 935 1295 ἡ
983 1225 1133 1294 αύτῴ
1182 1223 1321 1276 κατά
1346 1221 1600 1290 δεύτερον
1648 1221 1790 1289 τάχα

214 1320 597 1389 συνοικήσασα
640 1318 839 1386 γάμον,
894 1317 970 1379 ὡς
1018 1313 1389 1385 πορνεύσασα,
1439 1309 1681 1388 καιούχ
1716 1310 1793 1372 ὡς

222 1410 483 1479 μοιχαλὶς
516 1410 1076 1479 καταδικασθήσεται,
1110 1408 1203 1459 καὶ
1252 1407 1299 1458 εί
1334 1403 1584 1472 βούλεται
1619 1404 1793 1472 ἑτέρῳ

227 1503 393 1573 ἀνδρὶ
418 1502 633 1571 νομίμῳ
661 1500 941 1568 γενέσθαι,
973 1500 1034 1552 ού
1067 1498 1471 1568 κωλυθήσεται.
1502 1495 1612 1548 Καὶ
1637 1495 1793 1548 τοῦτο

215 1595 274 1647 δί
304 1594 399 1647 τοῦ
423 1594 658 1663 μεγάλου
690 1592 973 1646 Βασιλείου
1001 1591 1182 1644 κανών
1213 1591 1329 1641 ἐστι
1358 1585 1796 1657 τεσσαρακοστδς

224 1678 423 1748 ἕκτος.
454 1684 515 1739 Εἰ
545 1685 602 1738 δὲ
640 1682 974 1754 στρατιώτου
1005 1684 1144 1752 γυνὴ
1169 1682 1244 1743 ὼς
1273 1679 1368 1733 τοῦ
1404 1678 1595 1748 ἀνδρὸς
1629 1677 1798 1747 αὐτῆς

223 1778 486 1839 θανόντος
509 1776 692 1846 ἕτερον
718 1774 893 1839 λάϐοι,
925 1771 1044 1827 εἶτα
1069 1771 1357 1826 ἐπανέλθοι
1385 1770 1413 1822 6
1437 1767 1797 1837 στοατιώτης,

1895 580 2116 627 cautqu
2145 582 2266 639 est;
2307 584 2363 627 ut
2388 578 2636 645 quamvis
2665 582 2915 633 nuntiato
2947 582 3187 637 virorum
3217 586 3465 655 interitu,

1897 680 2005 718 non
2033 672 2237 730 tamen,
2293 665 2397 722 nisi
2437 667 2505 721 iis
2534 670 2789 725 niitnibus
2827 688 2948 741 ιμιιο
2983 673 3194 730 decima
3229 681 3468 748 septima

1889 757 2111 811 novella
2160 758 2212 810 in
2260 757 2401 812 libro
2431 760 2692 815 vicesimo
2739 772 2952 829 nrtavo,
2992 767 3149 821 titulo
3196 771 3469 839 Septimo,

1900 862 2019 917 cap.
2047 848 2279 917 septimo
2309 848 2528 904 Basilic.
2575 852 2748 920 posita
2798 857 3153 911 continentur
3213 860 3466 927 servatis,

1904 939 2058 992 alteri
2087 938 2322 1006 cuipiam
2364 942 2597 994 nubant.
2633 938 2688 994 Si
2726 958 2846 1012 quae
2883 960 3008 999 vero
3043 948 3257 1011 tnulier,
3290 951 3470 1020 inquit

1906 1029 1993 1082 hic
2028 1044 2228 1091 canon,
2288 1029 2401 1084 viro
2453 1032 2521 1084 ad
2564 1041 2779 1099 tempus
2812 1036 2877 1088 ab
2905 1051 3074 1092 uxore
3114 1053 3210 1092 sua
3257 1041 3468 1105 rt'lictn,

1906 1122 2110 1177 factum
2135 1124 2417 1194 ignorans,
2455 1129 2729 1196 nupserit,
2763 1140 2875 1183 tum
2914 1149 3080 1187 uxore
3105 1137 3282 1204 priore
3318 1129 3472 1192 r'edc-

1908 1223 2037 1269 unte
2068 1217 2134 1269 ab
2171 1217 2260 1271 illo
2284 1216 2512 1272 dimissa
2548 1220 2728 1285 fuerit,
2757 1237 2882 1276 cum
2908 1239 3016 1292 quo
3050 1228 3304 1281 secundis
3338 1230 3473 1285 forte

1910 1306 2113 1374 nuptiis
2140 1306 2389 1374 copulata
2431 1310 2710 1365 coiverat:
2744 1314 2920 1366 instar
2947 1313 3338 1379 tot'nicatricis,
3367 1337 3471 1372 non

1909 1404 1967 1449 ut
2008 1395 2255 1451 adultera
2303 1399 2791 1465 condemnabitur,
2839 1418 2937 1458 nec
2984 1405 3303 1475 quidquam,
3342 1426 3478 1478 tjt'O-

1910 1487 2113 1549 minus,
2162 1486 2208 1540 si
2237 1488 2389 1552 velit,
2432 1489 2589 1543 alteri
2620 1489 2738 1544 viro
2772 1492 2963 1560 nubat,
2996 1494 3256 1551 obstabit.
3291 1500 3471 1569 Atque

1910 1580 2013 1632 hoc
2076 1593 2296 1647 quoque
2368 1583 2545 1652 magni
2598 1584 2727 1637 item
2797 1585 2984 1641 Basilii
3047 1591 3474 1661 quadragesimo

1909 1677 2063 1724 sexto
2096 1685 2309 1726 canone
2332 1679 2687 1729 constitutum
2709 1687 2815 1731 est.
2838 1679 2994 1743 Quod
3023 1681 3069 1736 si
3102 1698 3238 1737 uxor
3267 1686 3477 1745 militis.

1915 1761 2166 1814 maritum
2201 1762 2478 1820 interiisse
2540 1776 2682 1831 rata,
2712 1770 2869 1824 alteri
2902 1775 3174 1841 nupserit,
3211 1790 3273 1828 ac
3300 1793 3482 1831 revet-

221 1870 277 1921 εί
322 1843 616 1938 βούλεται,
646 1867 879 1937 λήψεται
922 1867 1020 1937 τὴν
1052 1864 1260 1919 οἰκείαν
1293 1863 1529 1932 γυναῖκα
1560 1877 1806 1928 συγγνω-

1933 1863 2054 1907 atur
2106 1863 2289 1922 postea
2324 1857 2501 1921 miles,
2528 1874 2680 1912 suam
2722 1861 2790 1926 is,
2831 1864 2877 1917 si
2950 1866 3205 1930 voluerit,
3253 1866 3477 1921 nxo‘rem

228 1961 574 2031 μονουμένην
596 1960 682 2012 διὰ
712 1959 808 2029 τὴν
827 1958 1072 2025 ἄγνοιαν,
1101 1955 1243 2009 ὥστε
1280 1955 1353 2024 μὴ
1381 1951 1804 2021 ὲπιτιμηθῆναι,

232 2053 359 2107 ἀλλ’
384 2053 506 2106 οὐδὲ
547 2054 574 2106 6
611 2052 785 2123 ταύτῃ
838 2051 1085 2120 νομίμως
1132 2046 1429 2115 συναφθεὶς
1466 2043 1806 2113 ἐπιτιμηθή-

232 2162 394 2198 σεται
417 2146 502 2197 διά
531 2145 629 2213 τὴν
655 2144 822 2215 αὐτὴν
851 2144 1056 2197 αἰτίαν.

232 2238 462 2290 ΑΡΙΣΓ.
525 2256 543 2288 ι
596 2236 813 2307 Ἀνδρος
856 2232 1292 2304 ἀφαντουμένου,
1333 2232 1367 2301 ή
1429 2228 1536 2300 πρὸ
1566 2228 1658 2281 τοῦ
1690 2244 1809 2279 πει·-

320 2350 339 2382 ι
388 2330 581 2399 σθῆναι
630 2329 873 2383 λαϐοῦσα
928 2327 1185 2397 μοιχᾶται
1224 2341 1240 2358 ⁸
1278 2326 1304 2377 6
1353 2323 1409 2377 δὲ
1462 2320 1812 2392 ὑποστρέψας

327 2441 345 2473 ι
390 2422 552 2490 ἀνὴρ,
581 2422 630 2472 εί
664 2420 997 2490 προῄρηται,
1031 2416 1266 2485 λήψεται
1296 2413 1488 2483 αὐτήν.
1529 2430 1547 2462 ι

322 2607 539 2679 Συνᾲῗει
572 2606 646 2674 τῷ
675 2605 899 2675 παρόντι
929 2603 1113 2657 κανόνι
1146 2601 1241 2654 καὶ
1269 2603 1302 2672 ἠ
1353 2598 1618 2669 ὲκατοστὴ
1651 2597 1820 2649 ἑπτα-

240 2696 549 2764 καιδεκάτη
613 2692 1045 2755 Ἰουστινιάνειος
1091 2690 1263 2760 νεαρὰ
1286 2729 1302 2757 ,
1339 2691 1373 2758 ἡ
1409 2691 1466 2741 ὲν
1495 2687 1573 2757 τῷ
1604 2686 1818 2754 ἑϐδόμῳ

240 2788 414 2856 τίτλῳ
459 2786 555 2839 τοῦ
599 2783 847 2838 εἰκοστοῦ
892 2782 1081 2852 ὀγδόου
1127 2782 1341 2851 βιϐλίου
1371 2780 1480 2833 τῶν
1520 2778 1820 2832 Βασιλικῶν

245 2880 483 2949 κειμένη
518 2894 532 2909 ⁸
568 2877 899 2947 προστάττει
951 2874 1061 2944 γὰρ
1099 2873 1352 2941 κάκείνη,
1402 2872 1503 2936 ὡς,
1552 2870 1648 2923 ὲάν
1681 2869 1821 2940 γυνὴ

248 2971 596 3041 στρατιώτην
628 2971 726 3039 ἔχῃ
753 2969 945 3038 ἄνδρα,
979 2969 1075 3020 καὶ
1102 2968 1160 3019 ὲν
1189 2962 1517 3033 ὲκστρατείᾳ
1544 2960 1823 3029 ἀποδημῇ,

246 3064 352 3116 καὶ
384 3063 530 3133 μάθῃ
558 3063 747 3115 τοῦτον
785 3058 1249 3128 τετελευτηκέναι,
1291 3054 1366 3125 μὴ
1400 3053 1572 3115 ἄλλως
1603 3053 1679 3114 είς
1708 3052 1826 3105 ἐτέ-

255 3172 387 3222 ρους
427 3155 598 3224 αὐτὴν
644 3153 903 3224 ἔρχεσθαι
954 3150 1204 3219 γάμους,
1249 3148 1297 3199 εἰ
1335 3145 1408 3216 μὴ
1445 3144 1827 3213 πληροφορίαν

254 3250 362 3316 σχῇ
417 3245 570 3315 παρὰ
620 3246 729 3297 τῶν
781 3242 1015 3313 πρώτων
1064 3244 1157 3292 τοῦ
1195 3236 1431 3307 ἀριθμοῦ
1465 3237 1523 3288 ἐν
1558 3230 1601 3302 ᾧ
1632 3236 1660 3286 6
1688 3233 1828 3304 ἀνὴρ

254 3337 431 3405 αὐτῆς
462 3332 882 3406 ἐστρατεύσατο,
920 3328 1298 3399 προκειμένων
1324 3325 1434 3379 τῶν
1462 3324 1630 3393 ἁγίων
1654 3323 1840 3389 Εὐαγο’

254 3430 456 3497 γελίων
478 3430 573 3480 καὶ
590 3426 683 3478 ἐπὶ
713 3423 964 3494 πράξεως
987 3419 1397 3491 ὑπομνημάτων
1421 3414 1828 3485 ὁμολογούντων

260 3524 337 3585 ὡς
370 3524 491 3583 ταῖς
523 3519 809 3589 ἀληθείαις
841 3520 868 3569 6
892 3516 1033 3587 ἀνὴρ
1061 3516 1232 3584 αὐτῆς
1261 3509 1603 3579 ἐτελεύτησε,
1632 3506 1727 3560 καὶ
1762 3505 1829 3559 τὰ

257 3613 490 3666 τοιαῦτα
528 3610 905 3679 ὑπομνήματα
936 3606 1077 3677 λάϐῃ
1101 3645 1115 3668 ,
1150 3606 1245 3659 καὶ
1285 3602 1422 3673 μετὰ
1450 3602 1549 3669 τὴν
1573 3597 1831 3667 τοιαύτην

266 3704 652 3774 πληροφορίαν
686 3702 956 3772 ἀναμείνῃ
983 3702 1075 3751 καὶ
1108 3696 1225 3759 ἐνὸς
1254 3692 1502 3749 ἐνιαυτοῦ
1534 3692 1828 3757 διάστημα.

269 3798 330 3851 Εἰ
363 3795 420 3847 δὲ
474 3795 627 3864 παρὰ
678 3792 778 3862 τὴν
821 3791 1207 3859 παρατήρησιν
1257 3782 1462 3853 ταύτην
1520 3788 1599 3845 εἰς
1645 3782 1831 3851 ἕτερον

266 3889 397 3961 ἔλθῃ
451 3887 629 3956 γάμον
685 3887 780 3938 καὶ
813 3883 983 3953 αὐτὴν
1028 3882 1122 3936 καὶ
1156 3882 1250 3934 τὸν
1283 3881 1624 3949 ἀγαγόμενον
1664 3877 1833 3947 αὐτὴν

264 3979 338 4040 ὡς
370 3980 588 4047 μοιχοὺς
640 3975 1026 4046 τιμωρεῖσθαι.
1072 3974 1133 4025 Εἰ
1167 3972 1224 4025 δὲ
1269 3972 1367 4041 τῆς
1398 3971 1834 4041 παρατηρήσεως

266 4075 474 4142 ταύτης
504 4075 831 4142 γενομένης,
858 4068 1157 4140 εὑρεθῶσιν
1184 4068 1234 4119 oi
1270 4065 1388 4137 μεθ’
1433 4066 1597 4134 ὅρκου
1630 4064 1835 4133 πληρο-

270 4167 611 4237 φορήσαντες
674 4165 845 4231 αὐτὴν
901 4161 1268 4232 ψευδόμενοι,
1331 4158 1528 4220 αὐτοὺς
1587 4158 1685 4227 μὲν
1736 4155 1837 4224 τῆς

273 4258 564 4326 στρατείας
597 4254 1071 4325 ἀπογυμνοῦσθαι,
1097 4255 1187 4305 καὶ
1216 4252 1351 4305 δέκα
1383 4250 1585 4321 λιτρῶν
1613 4247 1836 4318 χρυσίου

274 4349 467 4419 ποινὴν
497 4350 633 4418 πρὸς
675 4349 909 4414 ἐκεῖνον,
942 4346 1001 4399 ὃν
1036 4344 1335 4416 ἐψεύσαντο
1367 4341 1835 4409 τετελευτηκέναι,

274 4442 594 4496 καταθεῖναι
630 4441 1072 4511 παρακελεύεται
1105 4454 1119 4466 ·
1163 4439 1328 4490 αὑτὸν
1358 4436 1434 4497 δὲ,
1484 4436 1532 4486 εί
1578 4431 1837 4504 βουληθῇ,

270 4535 372 4603 τὴν
402 4533 538 4587 ἰδίαν
569 4531 815 4602 γαμετὴν
839 4530 1129 4585 ἀναλαϐεῖν
1155 4528 1215 4580 οὐ
1239 4526 1459 4580 κωλύει.

874 4621 1107 4678 ΚΛΝΩΝ
1144 4617 1254 4688 ιιιιτ.

283 4736 300 4767 ι
352 4718 492 4779 Τους
547 4716 850 4785 ὀμνύοντας
920 4716 1118 4785 ὅρκους
1191 4710 1538 4779 Ἑλληνικοὺς
1587 4710 1615 4761 6
1666 4707 1845 4761 κανὼν

363 4829 379 4859 ι
438 4810 732 4878 ἐπιτιμίοις
788 4805 1191 4860 καθυποϐἁλλει
1225 4818 1239 4833 ’
1290 4804 1383 4855 καὶ
1427 4803 1589 4872 ἡμεῖς
1636 4802 1847 4862 τούτοις

360 4922 377 4952 ι
425 4901 513 4954 τὸν
548 4901 848 4970 άιρορισμὶν
877 4898 1150 4968 ὁρίζομεν.
1192 4914 1210 4948 ι

353 4995 549 5046 ΒᾹΛΣ.
590 4995 657 5046 Ὀ
689 4992 856 5062 μέγας
894 4990 1168 5051 Βασίλειος
1228 4988 1286 5039 ἐν
1343 4987 1529 5039 κανόιι
1576 4985 1667 5037 πα¹
1723 4987 1847 5037 ὲπι·

280 5088 487 5157 τιμίοις
517 5085 919 5139 καθυποϐάλλει
945 5087 1006 5136 οὐ
1055 5084 1217 5152 μόνον
1257 5082 1385 5144 τοὺς
1434 5079 1697 5141 ἑκουσίως
1742 5077 1849 5130 τῶν

282 5181 655 5249 δαιμονιωδιῦν
690 5179 947 5247 θυμάτων
987 5174 1297 5246 ἁψαμένους
1328 5212 1343 5237 ,
1396 5174 1489 5225 καὶ
1545 5172 1849 5239 ὀμόσαντας

298 5272 652 5342 Ἑλληνικοὺς
703 5272 916 5340 ὅρκους,
966 5268 1101 5322 ἀλλά
1155 5268 1249 5321 καὶ
1301 5266 1425 5327 τοὺς
1460 5264 1727 5324 ἀκουσίως
1774 5264 1851 5326 είς

288 5365 456 5417 ’τοῦτο
488 5364 920 5433 συνωθηθέντας.
976 5360 1313 5422 Ἀκολούθως
1360 5353 1454 5411 οῦν
1507 5356 1588 5424 τῷ
1628 5356 1851 5423 τοιούτῳ

292 5457 480 5511 κανόνι
512 5457 606 5509 καὶ
631 5458 657 5508 ὁ
683 5455 875 5526 παρὼν
902 5453 1155 5523 ἀφορίζει
1186 5452 1432 5514 τούτους.
1472 5448 1772 5519 Ἐλληνικοὶ
1797 5449 1853 5501 δὲ

292 5538 446 5619 ὅρκοι
503 5549 641 5601 εἰσὶν
695 5550 742 5600 si.
774 5548 923 5618 παρὰ
961 5547 1067 5599 τῶν
1110 5545 1379 5614 Ἐλλήνων
1420 5542 1733 5613 ὀμνύμενοι.
1790 5540 1854 5594 Οἱ

298 5643 397 5711 μὲν
457 5642 588 5712 γὰρ,
660 5644 738 5704 είς
804 5639 1191 5709 ψευδωνύμους
1253 5638 1406 5700 θεοὺς
1483 5634 1852 5698 πιστεύοντες,

294 5733 515 5800 ὤμνυον
566 5735 645 5796 είς
679 5736 745 5786 τά
792 5732 997 5785 τούτων
1042 5730 1282 5800 ὀνόματα
1313 5744 1327 5759 ο
1367 5728 1517 5781 ἄλλοι
1568 5727 1855 5779 ἐπίστευον

297 5829 378 5891 εἰς
417 5826 484 5881 τὰ
518 5828 779 5897 στοιχεῖα,
813 5824 908 5878 καὶ
939 5822 1118 5893 ἕτεροι
1151 5822 1229 5885 εἰς
1264 5820 1399 5874 ἄλλα
1432 5819 1574 5873 τινά.
1616 5818 1854 5888 Ἐρωτή-

1915 1946 2178 2013 recipiet;
2217 1948 2303 1999 cui
2353 1948 2572 2017 quidem
2624 1952 2693 2003 ob
2744 1952 3109 2023 ignorantiam
3174 1953 3481 2028 ignose'itur

1915 2034 2049 2088 adeo
2091 2047 2143 2088 ut
2184 2054 2287 2090 non
2325 2040 2620 2108 puniatur;
2654 2044 2952 2111 quinetiam
2986 2048 3177 2112 necis,
3224 2050 3317 2119 qui
3362 2065 3479 2105 eam

1917 2127 2155 2193 legitime
2185 2129 2362 2192 duxit,
2400 2133 2545 2186 illam
2571 2135 2638 2188 ob
2667 2150 2888 2190 causam
2926 2140 3208 2207 punietur.

1916 2220 2149 2276 AltlSl‘.
2210 2240 2229 2273 ι
2262 2223 2388 2277 Viro
2440 2240 2543 2279 non
2588 2238 2925 2296 apparente,
2976 2247 3094 2301 quze
3132 2233 3297 2287 alium
3335 2238 3487 2307 prius

1994 2331 2012 2365 ι
2049 2316 2343 2384 acceperit,
2377 2332 2536 2386 quam
2580 2322 2781 2374 certior
2816 2322 2954 2375 facta
2986 2325 3076 2387 sit,
3121 2325 3481 2383 adulteratur.

1996 2423 2012 2454 ι
2052 2402 2145 2457 Vir
2192 2415 2373 2460 autem
2427 2423 2720 2474 reversus,
2780 2412 2825 2465 si
2875 2413 3283 2480 voluerit,eam
3344 2421 3487 2473 reci-

1998 2513 2015 2545 ι
2064 2496 2191 2563 pint.
2224 2515 2241 2547 ι

1994 2589 2246 2643 Concinit
2282 2592 2536 2659 pnesenti
2583 2595 2778 2649 canoni
2832 2606 2881 2650 et
2925 2600 3221 2654 centesima
3276 2601 3487 2656 decima

1926 2679 2456 2748 septitnaJnstiniani
2480 2687 2684 2739 novella
2712 2688 2761 2740 in
2791 2691 3022 2760 Ss'pliztto
3061 2689 3216 2746 titulo
3248 2692 3493 2749 vicesitnt

1926 2773 2102 2824 octavi
2124 2772 2288 2843 270
2316 2776 2436 2829 libri
2467 2776 2685 2833 Basilic.
2713 2782 2914 2849 posita.
2952 2780 3043 2835 Illa
3083 2785 3278 2837 etenim
3308 2785 3487 2852 jubet,

1927 2861 2074 2931 quod
2107 2867 2151 2916 si
2185 2867 2383 2919 mulier
2413 2867 2634 2921 militem
2678 2870 2930 2925 habuerit
2955 2873 3153 2934 virum,
3180 2875 3269 2943 qui
3307 2876 3360 2928 in
3391 2891 3490 2929 ex-

1929 2955 2199 3022 peditione
2232 2968 2459 3027 peregre
2488 2958 2765 3027 profectus
2797 2966 2888 3023 sit,
2927 2978 2990 3015 ea
3024 2972 3202 3017 autem
3232 2966 3488 3018 didicerit

1933 3049 2083 3103 illum
2116 3060 2345 3105 mortem
2380 3052 2623 3118 abiisse;
2671 3071 2781 3109 non
2824 3056 2983 3110 aliter
3019 3072 3080 3111 ea
3109 3058 3242 3111 alias
3272 3053 3491 3127 nuptias

1934 3141 2097 3206 ineat,
2149 3142 2253 3197 nisi
2292 3159 2389 3214 pro
2424 3158 2576 3199 certo
2611 3146 2858 3201 habuerit
2890 3163 2920 3201 a
2968 3151 3159 3219 primis
3190 3151 3397 3204 numeri
3439 3154 3490 3204 in

1929 3247 2038 3301 quo
2096 3233 2175 3286 vir
2210 3233 2331 3302 ejus
2375 3236 2662 3303 militabat,
2714 3240 3008 3309 propositis
3064 3240 3225 3295 etiam
3285 3242 3495 3297 sanctis

1931 3323 2237 3394 Evangeliis
2277 3336 2333 3381 et
2373 3343 2470 3396 per
2513 3330 2745 3384 actionis
2785 3339 3136 3385 monumenta
3182 3329 3496 3385 conﬁtenti-

1932 3423 2053 3482 bus,
2090 3420 2234 3488 quod
2266 3422 2347 3474 vir
2368 3421 2489 3490 ejus
2520 3437 2707 3476 revera
2742 3424 2847 3477 vita
2880 3424 3175 3479 defunctus
3201 3426 3291 3491 sit,
3321 3436 3372 3479 et
3394 3425 3496 3479 hu-

1927 3510 2168 3580 jusmodi
2212 3525 2559 3568 monumenta
2591 3516 2882 3585 acceperit,
2919 3527 2969 3569 et
3003 3524 3124 3587 post
3155 3526 3358 3571 certam
3391 3519 3495 3570 lm-

1929 3603 2167 3672 jusmodi
2203 3606 2638 3675 persuasionem,
2676 3609 2836 3662 unius
2876 3610 3041 3663 etiam
3088 3610 3213 3663 anni
3260 3611 3493 3679 spatium

1935 3698 2217 3749 manserit.
2275 3695 2331 3750 Si
2390 3706 2572 3752 autem
2621 3709 2818 3768 praeter
2861 3700 3001 3755 hanc
3054 3703 3494 3755 observationem

1937 3785 2073 3839 alias
2107 3786 2327 3856 nuptias
2353 3788 2598 3853 iniverit,
2630 3798 2682 3843 et
2712 3790 2822 3853 illa,
2862 3798 2913 3845 et
2956 3792 3051 3859 qui
3084 3805 3202 3843 eam
3231 3791 3404 3854 ducit,
3442 3804 3499 3844 nt

1936 3876 2169 3929 adulteri
2201 3878 2462 3945 puniendi
2491 3886 2640 3932 sunt.
2682 3878 2737 3932 Si
2782 3889 2963 3934 autem
3001 3881 3101 3934 hac
3142 3882 3281 3934 facta
3314 3882 3501 3935 obser—

1938 3973 2153 4027 vatione
2187 3973 2295 4038 isti,
2333 3974 2423 4043 qui
2454 3988 2577 4025 cum
2601 3974 2911 4041 jnramcnto
2944 3990 3061 4027 eam
3099 3974 3350 4028 fecerunt
3375 3991 3498 4028 cer-

1941 4063 2154 4129 tiorem,
2190 4064 2399 4118 mentiti
2431 4065 2599 4119 luisse
2640 4064 3153 4133 deprehendantur;
3190 4067 3326 4121 istos
3356 4067 3501 4119 mili—

1941 4157 2015 4211 tia
2052 4156 2408 4211 denudandos
2462 4172 2612 4219 esse,
2679 4165 2734 4210 et
2792 4158 2979 4211 decem
3054 4158 3318 4211 librarum
3383 4159 3499 4211 auri

1941 4265 2155 4319 pienam
2201 4250 2294 4313 ei,
2354 4265 2515 4319 quem
2574 4249 2711 4304 falso
2762 4251 3018 4304 dixerunt
3070 4251 3213 4304 diem
3272 4250 3500 4313 abiisse,

1943 4340 2255 4410 persolvere
2296 4340 2493 4409 jubet:
2539 4357 2661 4393 eum
2718 4350 2935 4407 autem,
2979 4340 3024 4395 si
3071 4341 3221 4404 velit,
3271 4356 3496 4395 uxorem

1944 4448 2095 4486 suam
2128 4433 2371 4503 recipere
2400 4448 2507 4487 non
2532 4432 2804 4502 prohibet.

1865 4526 1918 4585 D

2509 4609 2739 4665 CANON
2784 4609 2966 4667 XCIV.

1952 4721 1971 4755 ι
2015 4705 2120 4759 Eos
2179 4705 2270 4775 qui
2330 4706 2612 4773 gentilium
2677 4717 3015 4759 sacramenta
3060 4705 3272 4775 jurant,
3332 4721 3508 4763 canon

2025 4816 2043 4847 ‹
2091 4797 2267 4865 poenis
2297 4797 2518 4866 subjicit
2550 4814 2562 4849 :
2593 4806 2644 4851 et
2683 4812 2781 4852 nos
2808 4797 2873 4851 iis
2907 4812 3125 4867 quoque
3174 4799 3508 4867 segregatim

2026 4908 2043 4940 ι
2096 4906 2213 4944 nem
2246 4888 2609 4944 dceerninms.
2641 4908 2658 4942 ι

2023 4980 2216 5035 BALS.
2254 4981 2481 5052 Magnus
2558 4981 2790 5037 Basilius
2842 4982 2894 5036 in
2950 4997 3157 5036 canone
3212 4982 3273 5037 8!
3337 4982 3516 5052 poenis

1951 5073 2171 5142 subjicit
2204 5090 2310 5128 non
2334 5089 2430 5128 eos
2465 5072 2640 5128 solum
2674 5074 2764 5142 qui
2822 5089 2919 5127 sua
2962 5080 3153 5140 Sponte.
3184 5072 3515 5126 dmmoniaca

1953 5165 2219 5219 sacrificia
2243 5165 2560 5234 attigerunt,
2595 5172 2648 5217 et
2669 5164 2955 5233 gentilium
2988 5173 3331 5218 sacramenta
3360 5163 3518 5230 jura.

1955 5264 2113 5320 runt,
2149 5256 2242 5311 sed
2272 5271 2368 5311 eos
2400 5258 2564 5310 etiam
2598 5257 2691 5324 qui
2730 5272 2835 5308 non
2867 5265 3060 5324 sponte
3096 5260 3161 5309 ad
3210 5270 3271 5310 ea
3310 5256 3517 5311 detrusi

1956 5362 2103 5408 sunt.
2144 5348 2204 5403 Ei
2238 5365 2365 5417 ergo
2396 5346 2592 5400 canoni
2626 5356 3053 5416 consequenter,
3098 5362 3339 5414 pnesens
3380 5362 3521 5415 quo-

1956 5460 2063 5516 que
2094 5458 2271 5498 canon
2317 5456 2415 5496 eos
2464 5448 2734 5510 segregat.
2769 5439 2908 5494 Sunt
2944 5450 3122 5494 autem
3170 5446 3518 5493 sacramenta

1956 5537 2260 5609 gentilium,
2284 5551 2403 5604 qua:
2429 5534 2686 5602 jnrantur
2730 5547 2756 5584 a
2793 5533 3107 5599 gentilibus.
3145 5532 3249 5585 Alii
3283 5530 3426 5585 enim
3462 5530 3517 5584 in

1958 5629 2090 5684 deos
2129 5627 2264 5681 falso
2295 5624 2594 5696 appellatos
2626 5624 2936 5683 credentes.
2975 5628 3028 5677 in
3062 5638 3251 5677 eorum
3299 5622 3519 5675 nomina

1954 5720 2234 5790 jurabant.
2282 5716 2391 5770 Alii
2439 5714 2735 5770 credebant
2792 5715 2842 5767 in
2889 5717 3179 5775 elementa,
3231 5721 3283 5764 et
3330 5711 3417 5763 alii
3464 5712 3519 5762 in

1960 5812 2207 5884 quaedam
2260 5811 2387 5864 alia.
2433 5809 2726 5879 Bogaverit
2781 5815 2956 5860 autem
3025 5804 3321 5873 quispiam,
3395 5814 3522 5855 cum
