3992 6484
270 351 377 415 845

1292 346 1368 405 ΙΝ
1412 344 1577 404 CAN.
1613 342 1784 401 XCVI
1833 338 2052 399 CthC.
2092 336 2174 396 IN
2215 336 2537 435 TRUKLLO.

3424 340 3529 401 8L6

2376 438 2377 441 η
2624 418 2649 441 ο

273 462 555 531 μοσατέως
573 462 1002 532 καταγομένους,
1023 463 1116 514 καῖ⁸
1133 459 1256 521 τοὺς
1277 458 1494 520 λοιποὺς
1514 453 1845 527 αἱρετικοὺς,

2005 451 2118 504 aulo
2152 450 2514 506 Samosatcno
2568 451 2822 508 seductos
2869 464 2922 509 et
2956 454 3093 510 alios
3123 457 3410 512 hazreticos
3440 473 3526 513 or-

271 555 399 622 τοὺς
435 555 904 625 προσερχομένους
959 557 1023 624 τῇ
1087 550 1351 622 ὀρθοδόξῳ
1389 549 1594 612 πίστει,
1634 547 1727 599 καὶ
1776 546 1851 607 ὡς

276 649 545 713 Ἕλληνας
568 646 998 717 παραδεχόμενοι
1023 647 1113 697 καὶ
1150 645 1527 716 βαπτίζοντες,
1556 642 1622 711 τῇ
1652 636 1846 709 πρώτῃ

274 737 458 807 ἡμέρα
493 738 589 799 τὰς
622 739 869 806 αἱρέσεις
911 734 1092 786 αὐτῶν
1128 734 1471 803 ἀπαιτοῦμεν
1515 728 1850 799 ἀναθεματί-

274 829 411 896 ζειν,
446 830 542 883 καὶ
573 828 836 897 ποιοῦμεν
898 827 1097 890 αὐτοὺς
1163 828 1286 880 ὅσον
1321 828 1462 880 κατὰ
1494 824 1653 877 τοῦτο
1716 824 1855 891 Χριο

276 910 566 986 στιανούς’
606 926 671 993 τῇ
734 923 789 975 δὲ
841 922 1071 992 δευτέρα
1125 920 1477 991 κατηχοῦμεν
1512 917 1710 977 αὐτοὺς
1763 914 1855 967 τὸν

272 1015 437 1083 λόγον
463 1016 560 1085 τῆς
595 1014 873 1084 ἀληθείας,
902 1014 997 1067 καὶ
1030 1013 1229 1083 ἐφεξῆς
1261 1013 1330 1064 τὰ
1362 1010 1526 1063 λοιπὰ
1557 1007 1851 1095 ποιοῦμεν·

277 1102 385 1160 καῖ
410 1107 553 1161 οὕτω
591 1109 729 1177 μετὰ
778 1109 835 1160 τὸ
888 1108 1135 1177 χρονίσαι
1182 1105 1378 1166 αὐτοὺς
1413 1105 1468 1155 ὲν
1497 1103 1617 1159 ταῖς
1654 1096 1855 1167 ἐκκλη-

282 1200 454 1266 σίαις,
505 1202 599 1255 καὶ
641 1200 749 1254 τῶν
804 1200 964 1253 θείων
1018 1199 1251 1269 Γραφῶν
1301 1195 1703 1267 ἀκροάσασθαι,
1758 1193 1854 1245 τοῦ

276 1294 424 1346 θείου
457 1292 829 1362 καταξιοῦμεν
863 1288 1269 1363 βαπτίσματος
1307 1284 1705 1348 Παυλιανιστάς
1727 1288 1858 1337 ἁνα-

278 1384 644 1453 6απτίζομεν,
688 1385 1086 1461 Εὑνομιανοὺς,
1124 1381 1524 1444 Μοντανιστὰς,
1561 1378 1858 1432 Σοιῦελλια⁶

276 1475 423 1538 νοῦς,
459 1476 550 1528 καὶ
576 1477 779 1539 πάντας
803 1476 928 1538 τοὺς
949 1477 1038 1529 ἀπ’
1078 1475 1256 1528 αὐτῶν
1298 1477 1373 1537 ὼς
1393 1473 1663 1542 Ἕλληνας
1710 1470 1861 1540 δεχόο

278 1582 454 1633 μενοι*
481 1565 573 1618 καὶ
590 1569 655 1635 τῇ
682 1565 871 1637 πρώτῃ
899 1567 1077 1637 ἡμέρα
1101 1566 1365 1636 ποιοῦμεν
1390 1564 1585 1626 αὐτοὺς
1603 1565 1863 1634 Χριστια-

276 1657 425 1722 νοὺς,
467 1660 531 1728 τῇ
555 1658 781 1731 δευτέρᾳ
817 1659 1276 1729 κατηχουμένους,
1305 1660 1369 1728 τῇ
1404 1660 1560 1728 τρίτῃ
1586 1654 1863 1726 ἐξορκίζο-

282 1764 410 1815 μεν,
448 1750 801 1820 ἐμφυσῶντες
843 1750 1023 1821 τρίτον
1081 1752 1160 1813 εἰς
1211 1750 1272 1802 τὸ
1307 1750 1600 1820 πρόσωπον
1649 1750 1743 1801 καὶ
1794 1749 1862 1801 τά

275 1834 413 1892 ὦτα·
453 1842 548 1894 καὶ
592 1841 733 1895 οὓτω
769 1844 1137 1913 κατηχοῦμεν,
1166 1844 1262 1895 καὶ
1301 1840 1562 1911 ποιοῦμεν
1588 1839 1859 1911 χρονίζειν

275 1935 338 1984 ὲν
387 1932 467 2001 τῷ
496 1935 627 2003 ναῷ,
671 1934 764 1986 καὶ
793 1935 1097 2006 ἀκροᾶσθαι
1131 1934 1236 1987 τῶν
1287 1934 1542 2003 Γραφῴν·
1585 1932 1678 1985 καὶ
1729 1932 1853 1983 τότε

278 2029 481 2093 αὐτοὺς
517 2030 870 2101 βαπτίζομεν.
903 2032 1014 2084 Καὶ
1044 2028 1466 2098 Μανιχαίους-δὲ
1498 2030 1586 2080 καὶ
1616 2029 1861 2107 υύαλεν-

280 2125 575 2187 τινιανοῦς,
617 2123 709 2175 καὶ
738 2125 1186 2191 Μαρκιωνιστάς,
1231 2125 1325 2178 καὶ
1364 2123 1729 2192 Σευηριανοὺς
1768 2120 1862 2175 καὶ

277 2216 408 2278 τοὺς
439 2218 502 2268 ἐκ
542 2217 648 2269 τῶν
687 2216 888 2286 ὁμοίων
945 2217 1234 2287 αἱρέσεων,
1283 2216 1413 2287 χρὴ,
1474 2214 1752 2276 λιϐἐλλους
1782 2213 1863 2268 δι-

280 2312 493 2373 δόντας,
529 2310 951 2379 ἀναθεματίζειν
983 2311 1162 2365 πᾶσαν
1202 2312 1435 2381 αἵρεσιν,
1469 2310 1561 2361 καὶ
1591 2307 1735 2362 οὕτω
1769 2325 1863 2377 με-

284 2403 659 2473 ταλαμϐάνειν
686 2406 785 2474 τῆς
817 2406 977 2471 ἁγίας
999 2408 1308 2466 κοινωνίας.

892 2499 1132 2551 ΚΑΝΩΝ
1160 2502 1289 2565 aqu

283 2606 303 2638 ι
360 2592 421 2641 Οἱ
448 2589 541 2640 τὸν
571 2590 804 2661 Χριστὸν
827 2591 915 2644 διὰ
943 2591 1038 2643 τοῦ
1070 2584 1451 2661 βαπτίσματος
1505 2595 1863 2667 ἐνδυσάμενοι

362 2700 379 2729 ι
428 2682 529 2750 τὴν
564 2683 619 2732 ἐν
651 2683 814 2753 σαρκὶ
840 2683 1007 2736 αὑτοῦ
1057 2683 1340 2737 πολιτείαν
1394 2684 1678 2755 μιμεῖσθαι
1729 2690 1861 2743 καθ-

366 2796 383 2825 t
428 2777 807 2846 ωμολὸγησαν.
837 2777 972 2839 Τοὺς
1005 2773 1098 2831 οὖν
1122 2778 1219 2842 τὰς
1248 2780 1305 2831 ὲν
1338 2782 1405 2850 τῇ
1434 2781 1643 2852 κεφαλῇ
1672 2785 1866 2854 τρέχας
1895 2797 1898 2800 ’

361 2885 379 2915 ι
434 2866 570 2936 πρὸς
600 2868 782 2940 λύμην
816 2869 922 2922 τῶν
958 2869 1211 2941 ὁρώντων
1243 2873 1301 2924 ὲν
1348 2874 1618 2937 ἐπινοίαις
1664 2878 1869 2945 ἐμπλοη

361 2982 377 3009 ι
432 2963 535 3031 κῆς
575 2962 949 3028 εὐθετίζοντας
1005 2966 1100 3017 καὶ
1138 2965 1620 3034 διασκευάζοντας,
1655 2970 1866 3023 καὶδὲ-

364 3074 381 3101 ι
433 3053 566 3122 λεαρ
621 3055 976 3124 προτιθέντας
1033 3056 1287 3109 ἐντεῦθεν
1345 3060 1463 3122 ταῖς
1511 3059 1868 3131 ἀστηρίκτοις

364 3164 379 3195 ι
428 3144 654 3215 ψυχαῖς,
714 3148 976 3218 ἐπιτιμίῳ
1011 3149 1313 3220 προσφόρῳ
1363 3152 1644 3223 πατρικῶς
1702 3156 1869 3227 Θερα-

364 3259 381 3289 ι
436 3240 700 3309 πεῦομεν,
742 3241 1216 3310 παιδαγωγοῦντες
1264 3244 1464 3308 αὐτοὺς
1518 3248 1611 3299 καὶ
1659 3250 1872 3318 σωφρό-

366 3351 384 3383 ι
438 3350 546 3395 νως
597 3334 745 3402 βιοῦν
806 3334 1237 3399 ἐκδιδάσκοντες,
1294 3337 1431 3406 πρὸς
1486 3341 1568 3403 τὸ,
1633 3340 1875 3407 ἀφέντας

370 3445 387 3476 ι
445 3427 545 3498 τὴν
577 3429 641 3479 ἐκ
674 3426 773 3497 τῆς
802 3427 931 3495 ὕλης
966 3428 1183 3498 ἀπάτην
1214 3430 1303 3483 καὶ
1346 3431 1706 3501 ματαιότητα,
1736 3434 1876 3504 πρὸς

364 3540 385 3571 ‹
439 3522 543 3591 τὴν
570 3518 877 3589 ἀνώλεθρον
913 3524 1007 3573 καὶ
1073 3521 1352 3592 μακαρίαν
1403 3523 1549 3592 ζωὴν
1598 3526 1690 3577 τὸν
1746 3526 1870 3579 νοῦν

363 3634 382 3664 ιι
442 3614 706 3683 μετάγειν
738 3614 1025 3684 διηνεκῶς,
1066 3616 1158 3667 καὶ
1198 3617 1255 3668 ὲν
1310 3615 1459 3687 φόόῳ
1511 3618 1687 3689 ἁγνὴν
1725 3618 1872 3689 ἔχειν

372 3728 390 3756 ε
445 3708 817 3776 ἀναστροφὴν,
852 3708 946 3760 κα.)⁵
979 3708 1097 3779 θεῷ
1147 3709 1473 3779 πλησιάζειν
1504 3712 1646 3764 κατὰ
1674 3712 1735 3764 τὸ
1761 3714 1879 3781 ἐφι-

374 3822 391 3851 c
451 3801 579 3854 κτὸν
604 3801 692 3855 διὰ
720 3804 821 3872 τῆς
853 3805 910 3855 ὲν
937 3802 1037 3872 βίῳ
1071 3802 1418 3873 καθάρσεως,
1449 3804 1545 3857 καὶ
1575 3805 1666 3857 τὸν
1727 3804 1877 3857 ἔνδον

370 3915 390 3945 ι
441 3896 474 3965 ἧ
509 3895 600 3948 τὸν
650 3884 769 3959 ἔξω
813 3895 1100 3966 ἄνθρωπον
1139 3896 1342 3964 μᾶλλον
1370 3900 1597 3967 κοσμεῖν
1654 3899 1878 3970 ἀρεταῖς

371 4007 390 4038 ι
448 3987 544 4040 καὶ
573 3990 831 4057 χρηστοῖς
863 3986 1244 4058 καὶ-ἀμώμοις
1294 3991 1410 4053 τοῖς
1462 3990 1691 4061 ἤθεσιν·
1738 3991 1879 4044 ὥστε

373 4102 392 4131 ι
451 4081 621 4151 μηδὲν
650 4081 904 4150 λείψανον
935 4087 1123 4151 φέρειν
1164 4085 1220 4136 ὲν
1245 4084 1458 4146 ἑαυτοῖς
1480 4082 1704 4154 τῆςτοῦ
1732 4089 1881 4140 ὲναν·

380 4190 401 4228 t
452 4176 569 4227 τίου
609 4178 952 4245 σκαιότητος.
988 4176 1048 4228 Εἰ
1076 4177 1134 4229 δέ
1166 4193 1251 4239 τις
1284 4178 1437 4247 ποιρά
1493 4177 1586 4229 τὸν
1641 4181 1883 4249 παρόντα

377 4289 398 4321 ι
455 4268 654 4321 κανόνα
685 4267 949 4335 διάγοιτο,
980 4268 1350 4337 ἁφοριζέσθω.
1396 4288 1414 4319 ι

372 4362 595 4414 ΒΑΛΣ-
622 4361 714 4432 ᾚκ
742 4362 838 4431 τῆς
868 4360 1004 4430 πρὸς
1028 4359 1274 4423 Γαλάτας
1312 4361 1632 4431 Ἐπιστολῆς
1661 4362 1754 4416 τοῦ
1785 4382 1878 4434 μεν

304 4453 487 4523 γάλου
524 4453 740 4506 Παύλου
780 4452 1280 4523 προοιμιασάμενοι
1328 4454 1378 4503 οἱ
1412 4451 1560 4521 ἆγιοι
1617 4455 1882 4526 Πατέρες,

1956 543 2205 597 thodoxzc
2238 542 2361 597 ﬁdei
2408 542 2752 610 accedentes,
2804 547 2966 601 etiam
3025 558 3081 601 ιιι
3137 550 3356 606 Grzncos
3391 552 3526 605 reci-

1955 636 2167 705 pientcs
2200 646 2253 689 et
2280 636 2640 705 baptizantes,
2671 642 2847 709 primo
2876 643 2963 696 die
2992 659 3182 698 eomes
3213 658 3341 699 suas
3366 646 3530 699 hmre-

1956 745 2044 785 ses
2075 731 2412 799 reposcimus
2440 712 2733 796 exsecrari,
2760 749 2962 804 eosque
2986 736 3235 799 facimus,
3269 748 3530 807 quantum

1958 820 2170 884 adhoc,
2194 820 2572 889 Christianos;
2609 826 2848 879 secundo
2875 839 3053 881 autem
3084 829 3171 883 die
3189 842 3283 887 eos
3307 831 3532 885 verbum

1961 913 2202 968 veritatis
2235 914 2493 968 docemus
2521 923 2573 967 ct
2598 915 2857 987 deinceps
2902 921 3108 991 reliqua
3163 925 3433 979 facimus:
3483 934 3532 979 et

1962 1008 2060 1069 sic,
2107 1024 2229 1061 cum
2280 1010 2591 1079 aliquandiu
2620 1011 2674 1065 in
2709 1014 2938 1068 ecclesia
2994 1031 3431 1084 permanserunt,
3485 1028 3532 1073 et

1962 1098 2173 1154 divinas
2203 1101 2496 1157 audierunt
2529 1102 2865 1174 Scripturas,
2916 1108 3102 1162 divino
3140 1110 3413 1179 baptismo
3443 1130 3540 1168 eos

1962 1193 2270 1261 dignamur.
2331 1195 2695 1252 I’aulianisms
2735 1200 3157 1269 rebaptizamus.
3242 1203 3538 1260 Eunomia-

1963 1300 2083 1350 nos,
2133 1285 2516 1356 Montanistas,
2570 1289 2931 1355 Sabellianos,
2960 1303 3014 1348 et
3056 1311 3244 1354 omnes
3278 1315 3343 1353 ex
3374 1302 3453 1356 eis
3482 1312 3537 1355 ut

1962 1378 2181 1435 Graecos
2236 1382 2581 1452 recipimus:
2646 1394 2699 1439 et
2763 1389 2939 1456 primo
2998 1390 3088 1444 die
3150 1407 3244 1448 eos
3306 1394 3542 1452 facimus

1963 1473 2343 1539 Christianos,
2405 1478 2646 1532 secundo
2692 1483 3151 1549 catechumenos,
3220 1487 3378 1543 tertio
3442 1490 3543 1542 ad-

1960 1565 2231 1647 juramus,
2286 1576 2367 1621 tcr
2412 1569 2461 1621 in
2512 1570 2705 1624 faciem
2755 1580 2808 1626 et
2864 1589 3022 1630 aures
3069 1577 3438 1647 inspirantes;
3490 1592 3543 1634 et

1965 1658 2047 1713 sic
2092 1640 2190 1714 eos
2239 1652 2540 1726 initiamus,
2597 1674 2648 1718 et
2700 1669 2790 1720 diu
2846 1669 2898 1721 in
2950 1672 3183 1726 ecclesia
3234 1674 3441 1729 versari
3492 1684 3545 1731 et

1967 1749 2278 1820 Scripturas
2347 1754 2540 1809 audire
2595 1756 2856 1823 facimus;
2919 1772 2974 1815 et
3038 1774 3163 1819 tunc
3218 1782 3312 1821 eos
3369 1769 3544 1837 bapti-

1968 1858 2175 1897 zamus.
2259 1844 2326 1897 At
2369 1844 2696 1903 Mauiclizeos
2742 1861 2795 1905 et
2842 1851 3254 1914 Valentinianus
3306 1870 3360 1915 et
3406 1861 3545 1916 Mar.

1967 1936 2230 1990 cionistas
2280 1945 2332 1992 et
2384 1939 2707 1998 Severianus
2754 1953 2807 1998 et
2860 1946 2999 2001 alios
3050 1950 3320 2018 ejusmodi
3372 1953 3543 2010 licere-

1970 2026 2143 2093 ticos,
2226 2029 2438 2086 libellos
2514 2032 2711 2088 dantes
2783 2040 3249 2097 anathematizare
3335 2059 3544 2115 oportet

1968 2132 2183 2174 omnem
2222 2121 2495 2189 haeresim,
2551 2136 2603 2178 et
2642 2129 2722 2199 sic
2753 2142 2957 2188 sanctae
2991 2137 3394 2195 communionis
3426 2156 3553 2209 para

1971 2210 2162 2282 licipes
2185 2229 2324 2273 esse.

2438 2496 2598 2567 273
2621 2497 2850 2554 canon
2909 2502 3070 2558 xcvr

1981 2600 1997 2631 ι
2036 2581 2139 2648 Qui
2187 2584 2461 2642 Christum
2498 2606 2594 2659 per
2621 2593 2948 2660 baptismum
2986 2598 3297 2665 induerunt,
3328 2605 3447 2670 ejus
3497 2605 3551 2659 in

2053 2695 2071 2728 ι
2119 2684 2284 2734 car'ne
2332 2684 2456 2738 vita:
2492 2686 2712 2755 agendae
2760 2691 3029 2745 rationem
3084 2693 3283 2747 imitari
3321 2697 3552 2765 professi

2052 2791 2070 2822 ι
2118 2783 2269 2830 ευηι.
2349 2775 2458 2832 Eos
2506 2794 2655 2847 ergo,
2715 2781 2804 2850 qui
2855 2783 3085 2853 capillos
3136 2790 3202 2838 ad
3255 2789 3552 2845 videntium

2058 2884 2074 2912 ι
2120 2864 2509 2923 detrimentum
2535 2871 2669 2925 scite
2690 2874 3012 2942 excogitatis
3035 2876 3263 2932 nexibus
3288 2880 3554 2936 adornant

2055 2977 2070 3007 ‹
2118 2966 2171 3011 et
2223 2971 2581 3030 componunt,
2638 2970 2693 3017 et
2740 2948 2970 3020 inﬁrmis
3020 2966 3219 3022 animis
3267 2986 3447 3025 escam
3491 2989 3555 3029 ea

2058 3070 2075 3099 ι
2127 3052 2338 3107 ratione
2385 3053 2694 3122 objiciunt,
2745 3058 3093 3113 convenienti
3145 3063 3413 3131 supplicio
3464 3081 3557 3133 pa-

2058 3166 2073 3195 ι
2119 3152 2271 3199 terne
2318 3162 2598 3210 curamus,
2654 3149 2801 3217 ipsos
2848 3150 3198 3208 instituentes
3250 3168 3303 3210 et
3353 3164 3549 3228 tempe-

2056 3257 2073 3286 ι
2124 3248 2312 3293 rauter
2364 3238 2547 3294 vivere
2589 3240 2869 3307 docentes,
2923 3255 2982 3297 ut
3027 3247 3212 3302 relicta
3272 3248 3467 3306 fraude
3507 3263 3559 3308 et

2060 3351 2075 3379 ι
2127 3331 2382 3395 vanitate,
2441 3348 2562 3402 quae
2611 3349 2673 3388 ex
2723 3336 2977 3391 sordibus
3030 3342 3319 3396 mundanis
3361 3346 3559 3408 oritur,

2058 3443 2075 3472 ι
2124 3424 2189 3477 ad
2233 3424 2492 3481 interitus
2536 3438 2814 3495 expertem
2849 3431 3172 3500 beatamque
3202 3436 3369 3488 vitam
3403 3453 3562 3491 men-

2054 3535 2069 3565 ι
2119 3523 2226 3569 tem
2276 3517 2495 3573 assidue
2544 3518 2854 3583 traducaut,
2909 3532 2962 3576 et
3012 3524 3064 3576 in
3116 3525 3312 3581 timore
3372 3544 3560 3597 puram

2055 3625 2072 3657 ι
2119 3616 2173 3661 et
2221 3617 2465 3663 sanctam
2513 3612 2981 3669 conversationem
3032 3616 3289 3683 habeant,
3344 3629 3397 3673 et
3428 3622 3563 3682 Deo.

2056 3721 2073 3752 ι
2122 3704 2301 3772 quoad
2350 3704 2469 3773 ejus
2519 3707 2636 3760 fieri
2694 3715 2892 3776 potest,
2951 3712 3412 3781 appropinquent,
3469 3731 3565 3784 per

2056 3812 2072 3843 ι
2116 3796 2241 3850 vitae
2266 3799 2582 3867 puritatem,
2610 3806 2664 3853 et
2694 3802 2967 3854 internum
2995 3806 3166 3872 magis
3191 3821 3354 3873 quam
3382 3817 3565 3864 exter-
3594 3858 3597 3859 ν

2060 3909 2076 3938 ι
2120 3905 2251 3943 num
2284 3892 2556 3945 hominem
2577 3892 2876 3947 virtutibus
2901 3905 2955 3947 et
2982 3896 3139 3952 bonis
3165 3897 3566 3972 inculpatisqne

2062 4002 2078 4031 ι
2128 3983 2372 4037 moribus
2401 3995 2687 4047 exornent,
2737 3993 2796 4038 ut
2828 3987 3005 4042 nullas
3043 3990 3095 4042 in
3127 4005 3187 4045 se
3220 3990 3396 4047 ferant
3439 3995 3569 4049 reli-

2065 4093 2081 4125 ι
2131 4076 2288 4146 quias
2320 4079 2694 4143 perversitatis
2722 4093 2895 4145 usque
2922 4080 3058 4133 adeo
3089 4085 3444 4152 repugnantis
3471 4104 3483 4139 :
3520 4090 3567 4139 si

2060 4190 2077 4219 ι
2126 4168 2249 4239 quis
2282 4174 2463 4221 autem
2493 4176 2689 4237 praeter
2725 4168 2865 4220 hunc
2890 4184 3156 4223 canonem
3189 4182 3441 4227 versatus
3471 4175 3564 4241 sit,

2067 4278 2085 4310 ι
2132 4258 2659 4313 excommunicetur.
2699 4278 2715 4309 ι
2925 4330 2933 4343 ν

2060 4352 2257 4407 BALS.
2319 4350 2396 4405 Ex
2460 4353 2640 4420 magni
2697 4352 2851 4407 Pauli
2914 4353 3155 4425 Epistola
3220 4358 3286 4412 ad
3347 4357 3567 4414 Galatas

1990 4452 2153 4503 ducto
2176 4446 2466 4517 principio,
2496 4462 2617 4516 qua:
2644 4447 2860 4516 quidem
2897 4449 3121 4518 praecise
3151 4452 3302 4512 dicit,
3336 4451 3570 4517 Quicun-

304 4549 409 4618 τῆς
440 4545 704 4615 λεγούσης
730 4547 788 4598 ἐν
824 4547 1001 4615 μέρει,
1034 4546 1207 4598 Ὅσοι
1230 4548 1316 4611 είς
1350 4548 1609 4614 Χριστὸν
1642 4525 1871 4604 ἐϐαπττί-

2005 4560 2085 4613 γιιε
2115 4544 2168 4595 in
2192 4541 2461 4597 Christum
2487 4541 2741 4608 baptizati
2767 4544 2916 4606 estis,
2949 4543 3219 4596 Christum
3246 4547 3569 4609 induistis”,

306 4643 519 4706 σθητε,
539 4639 796 4707 Χριστὸν
816 4637 1212 4702 ἐνεδύσασθε,
1241 4637 1565 4708 διωρίσαντο
1590 4640 1885 4712 διορθωθῆ-

310 4752 397 4786 ναι
429 4732 497 4785 δι’
532 4731 810 4801 ἐπιτιμίου
841 4733 968 4794 τοὺς
998 4732 1065 4785 δι’
1098 4732 1359 4804 ἀπονοίας
1397 4735 1454 4784 ἐν
1493 4736 1754 4804 διασκευῇ
1793 4739 1886 4789 καὶ

308 4826 621 4897 ἐμπλοκαῖς
650 4826 746 4887 τὰς
779 4826 837 4877 ὲν
888 4827 954 4894 τῇ
990 4824 1203 4894 κεφαλῇ
1248 4803 1457 4895 ἴτρίχας
1511 4803 1888 4894 πληθύνοντας

312 4930 411 4974 καὶ
445 4919 909 4985 καλλωπίζοντας,
950 4919 1112 4990 χάριν
1148 4919 1243 4971 τοῦ
1294 4919 1549 4987 ὲφέλκειν
1584 4920 1650 4972 δι’
1686 4920 1889 4983 αὐτῶν,

310 5015 388 5076 ὡς
423 5013 509 5064 διά
538 5030 680 5075 τινος
714 5013 1106 5081 δελεάσματος,
1144 5012 1241 5073 τὰς
1274 5011 1382 5064 τῶν
1412 5013 1758 5082 ἀστηρίκτων
1786 5011 1888 5081 ψυ-

317 5108 441 5179 χάς.
489 5107 799 5175 Ὀφείλουσι
833 5107 965 5173 γάρ,
998 5105 1151 5174 φασὶ,
1186 5106 1391 5166 πάντες
1430 5105 1480 5155 οἱ
1513 5106 1697 5157 πιστοὶ
1752 5105 1891 5174 πρὸς

321 5202 415 5271 τὴν
468 5198 576 5251 ἄνω
608 5200 700 5249 καί
741 5197 1019 5266 μακαρίαν
1050 5195 1193 5257 ζωὴν
1226 5195 1584 5258 ἀποϐλέπειν,
1622 5197 1713 5246 καὶ
1748 5194 1888 5265 μετὰ

318 5290 485 5360 φόϐου
523 5290 652 5341 Θεοῦ
683 5288 1146 5357 ἀναστρέφεσθαι,
1196 5289 1279 5356 ἐφ’
1405 5287 1706 5358 πλησιάσαι
1739 5288 1889 5357 αὑτῴ

322 5381 468 5434 κατὰ
496 5380 556 5431 τὸ
587 5381 827 5448 ἐφικτὸν,
864 5382 959 5432 καί
992 5381 1081 5431 τὸν
1112 5379 1281 5445 ιἔνδον
1316 5380 1521 5447 μᾶλλον
1577 5378 1889 5450 ἄνθρωπον,

321 5477 493 5547 ἤγουν
522 5476 619 5543 τὴν
652 5474 851 5544 ψυχὴν,
899 5472 986 5526 διὰ
1035 5472 1212 5543 πάσης
1242 5473 1445 5542 ἀρετῆς
1502 5476 1750 5541 κοσμεῖν,
1801 5477 1897 5525 καί

320 5572 396 5642 μὴ
442 5553 530 5620 τὸν
560 5569 737 5630 ἐκτός.
770 5567 832 5618 Et
861 5566 918 5618 δέ
969 5582 1051 5627 τις
1084 5567 1232 5635 παρὰ
1262 5571 1354 5617 τὸν
1408 5567 1647 5634 παρόντα
1696 5566 1895 5617 κανόνα

317 5659 500 5725 διάγει
538 5656 753 5726 ἐφεξῆς,
788 5654 1080 5727 ἀφορισμῷ
1133 5654 1701 5725 καθυποϐληθήσεται.
1754 5655 1891 5726 Φησὶ

402 5840 449 5872 ³⁸
484 5838 661 5894 Galat.
699 5854 779 5904 ut,
820 5835 910 5890 27.

1994 4644 2305 4692 statuerunt
2340 4635 2513 4689 sancti
2546 4635 2737 4689 Patres
2795 4651 2889 4689 eos
2940 4650 3101 4705 poena
3156 4636 3357 4715 inflicta
3393 4642 3571 4694 corri-

1995 4743 2143 4799 gere,
2192 4727 2283 4797 qui
2332 4727 2470 4781 scite
2504 4726 2829 4795 excogitatis
2877 4728 3306 4798 compositisque
3340 4731 3572 4787 nexibus

1999 4819 2225 4888 capillos
2261 4818 2534 4886 pleniores
2566 4826 2618 4870 et
2649 4818 3015 4886 elegantiorcs
3058 4819 3320 4913 efficiunt,
3376 4832 3433 4874 ut
3478 4839 3575 4890 per
3635 4890 3638 4891 ν

2004 4914 2173 4979 ipsos,
2225 4911 2394 4965 veluti
2446 4926 2541 4979 per
2594 4926 2771 4963 escam
2822 4911 3195 4980 quampiam,
3227 4915 3573 4970 infirmorum

2003 5003 2213 5057 animas
2244 5002 2539 5056 attrahaut.
2635 5000 2841 5053 Debent
2873 5003 3040 5069 enim,
3076 5004 3349 5073 inquiunt,
3383 5024 3578 5065 omnes

2005 5095 2187 5149 liileles
2242 5094 2307 5147 ad
2362 5109 2651 5162 supernam
2691 5094 3015 5163 beatamque
3068 5098 3234 5150 vitam
3283 5100 3576 5169 reSpicere,

2001 5196 2055 5242 et
2090 5202 2212 5241 cum
2244 5185 2333 5240 Dei
2377 5188 2567 5241 timore
2594 5189 2947 5241 conversari:
2989 5198 3065 5252 ut,
3100 5192 3278 5259 quoad
3312 5195 3431 5261 ejus
3462 5195 3579 5249 fieri

2003 5291 2201 5349 potest,
2239 5281 2305 5334 ad
2336 5297 2460 5334 eum
2488 5282 2950 5357 appropinqueut,
3002 5293 3057 5338 et
3093 5285 3367 5338 internum
3403 5289 3576 5355 magis

2003 5372 2300 5435 hominem,
2335 5370 2574 5424 animum
2608 5371 2837 5434 scilicet,
2878 5373 3023 5426 omni
3056 5370 3254 5428 virtute
3287 5388 3576 5435 exornent,

2004 5474 2057 5520 et
2084 5480 2192 5519 non
2218 5474 2524 5529 externum.
2585 5462 2639 5517 Si
2667 5464 2789 5533 quis
2821 5473 2998 5518 autem
3032 5474 3227 5533 ιιι-αξιοι*
3255 5477 3577 5535 prmseutem

2009 5546 2275 5615 canoncm
2333 5557 2590 5625 deinceps
2650 5557 2814 5611 vitam
2872 5559 3147 5625 instituit,
3214 5557 3579 5628 segregationi

2013 5651 2354 5723 subjicietur.
2435 5648 2574 5703 Dicit
2626 5657 2805 5703 autem
2838 5644 2891 5704 et
2926 5666 3154 5721 magnus
3186 5648 3405 5713 Paulus,
3466 5645 3575 5710 Vir,
