3992 6484
544 581 670 622 IIIIS.

544 669 599 710 ut
633 674 700 712 ex
760 661 974 728 templis
1030 662 1383 730 ejicerentur,
1447 662 1591 730 quod
1653 662 1702 714 id
1755 668 1902 714 esset
1955 671 2104 712 extra

540 770 756 806 omnem
811 757 1258 810 controversiam.
1311 755 1578 822 Quoniam
1615 765 1818 816 autem,
1867 756 1955 822 qui
2010 752 2107 804 ha-

543 846 997 918 hcnteCt-lesias,
1054 846 1213 916 275
1249 848 1658 901 catechumenia
1706 861 1921 914 quoque
1969 844 2108 896 deti-

542 945 691 992 nent.
723 936 979 991 diternnt
1007 937 1364 1006 Patres,quod
1397 955 1501 992 non
1535 941 1707 993 solum
1745 939 1810 988 ah
1841 936 2104 998 eet-les‘is,

542 1026 634 1079 sed
683 1029 846 1081 etiam
891 1045 918 1080 a
972 1033 1395 1085 ealechnmeniis
1445 1033 1804 1100 expellentur.
1879 1029 2110 1082 l’ulchre

541 1129 719 1171 autem
751 1120 1041 1174 admodum
1069 1123 1420 1176 ecclesiarum
1458 1123 1782 1175 mentionem
1820 1137 1926 1174 non
1966 1121 2108 1173 fece-

541 1219 691 1276 runt,
751 1213 841 1264 sed
878 1227 1160 1266 sacrorum
1215 1215 1481 1268 locorum.
1544 1216 1676 1267 Cum
1707 1214 1931 1266 muliere
1963 1215 2107 1265 enim

545 1304 596 1356 in
629 1304 876 1358 ecclesiis
919 1305 1164 1359 habitare
1208 1317 1288 1360 est
1335 1309 1567 1361 maxime
1606 1308 1829 1377 impium
1870 1323 1882 1358 :
1918 1316 1971 1361 et
2011 1320 2109 1358 nec

545 1391 796 1447 Patribus
827 1395 1044 1463 quidem
1078 1397 1223 1450 venit
1256 1397 1309 1450 in
1346 1404 1604 1455 mentem,
1662 1396 1775 1448 fore
1809 1403 1868 1447 ut
1901 1395 1967 1446 ah
2000 1394 2110 1446 ullo

484 1481 502 1500 '
545 1493 652 1537 tam
693 1485 914 1553 impium
952 1486 1129 1540 scelus
1155 1487 1506 1554 suscipiatur.
1556 1484 1714 1536 Fiunt
1745 1471 1924 1538 auteni
1956 1497 2108 1536 sacra

541 1577 660 1631 loca
690 1579 1021 1643 communia,
1064 1594 1158 1646 per
1192 1580 1426 1648 turpium
1469 1587 1521 1631 et
1554 1578 1771 1630 minime
1800 1576 2112 1630 decentinm

543 1677 798 1722 cantuum
846 1671 1412 1734 connnnnicatiouezn,
1463 1687 1529 1723 ex
1579 1685 1642 1722 eo
1669 1669 1810 1738 quod
1842 1684 1960 1722 cum
1995 1683 2113 1720 mu-

547 1760 770 1815 licribus
805 1762 854 1814 in
885 1761 951 1816 iis
989 1771 1292 1823 maneatur,
1337 1772 1391 1816 et
1427 1777 1522 1829 per
1554 1762 1873 1815 cellularum
1905 1759 1982 1812 vel
2016 1774 2111 1811 co-

545 1856 834 1924 quinarum
866 1865 919 1907 et
969 1855 1198 1908 aliorum
1241 1853 1506 1921 ejusmodi
1557 1855 2009 1909 exstrui-tionem.
2039 1854 2110 1905 Ac

547 1948 771 2000 canonis
824 1947 1040 2016 quidem
1099 1956 1564 2016 transgressores,
1631 1947 1674 1999 si
1726 1945 1835 1999 sint
1891 1943 2108 2012 quidem

511 2040 770 2101 -clerici,
829 2041 1178 2108 deponendos
1233 2043 1587 2093 decernunt:
1649 2039 1819 2092 laicos
1866 2052 1993 2089 vero
2019 2052 2113 2088 ex-

547 2129 1050 2184 communil-andus.
1112 2128 1250 2199 Lege
1281 2140 1335 2184 et
1365 2143 1483 2198 cap.
1514 2130 1577 2182 12
1606 2130 1690 2182 tit.
1726 2129 1881 2197 primi
1942 2129 2035 2180 lib.
2073 2126 2113 2180 γ

546 2226 691 2293 quod
729 2227 961 2296 positum
999 2233 1080 2278 est
1113 2225 1164 2276 in
1197 2224 1645 2292 interpretatione
1678 2223 1745 2277 88
1807 2238 1930 2275 can.

545 2319 642 2372 tibi
679 2319 1012 2372 contrarium
1048 2332 1168 2371 esse
1203 2317 1469 2376 videatur,
1518 2315 1659 2380 quod
1708 2315 1900 2369 doceat
1929 2315 2113 2368 termi-

548 2427 648 2467 nos
693 2412 934 2465 ecclesize
995 2426 1116 2465 esse
1158 2410 1370 2463 lavacra
1428 2419 1479 2459 et
1532 2410 1716 2462 hortos
1765 2419 1817 2462 et
1877 2409 2116 2476 porticus

550 2506 692 2567 eius,
747 2516 797 2557 et
827 2511 1108 2571 propterea
1146 2519 1248 2556 non
1286 2517 1445 2571 posse
1476 2503 1782 2570 quemp‘atn
1817 2517 1878 2554 ex
1929 2500 1992 2553 iis
2023 2514 2116 2552 eos

551 2596 892 2659 abstrahere,
951 2595 1042 2662 qui
1103 2594 1228 2646 illnc.
1290 2593 1704 2658 confugerunt:
1769 2592 1820 2643 in
1856 2607 1920 2643 eo
1973 2591 2116 2643 enim

551 2689 669 2744 solo
707 2688 953 2741 videntur
1001 2703 1121 2742 esse
1165 2698 1340 2755 partes
1391 2686 1656 2738 ecclesia}.
1742 2683 1918 2752 Ipsum
1973 2683 2116 2735 enim

552 2793 714 2851 caput
746 2782 796 2834 in
835 2781 898 2833 iis
944 2788 1012 2833 et-
1041 2779 1279 2832 dormire
1331 2789 1381 2829 et
1427 2791 1672 2829 comesse
1709 2790 1926 2844 quoque
1963 2789 2121 2842 p05se

552 2872 835 2927 decernit:
871 2886 990 2940 qua:
1018 2871 1235 2940 quidem
1270 2872 1319 2922 in
1358 2870 1557 2936 templo
1589 2867 1701 2920 fieri
1743 2867 2116 2935 prohibentur.

556 2967 633 3017 Ac
679 2963 994 3017 vicesimum
1053 2962 1269 3032 quidem
1330 2963 1560 3029 primmn
1612 2959 1856 3027 ejusdem
1910 2959 2030 3011 libri
2069 2965 2122 3010 et

555 3057 640 3110 tit.
672 3063 834 3124 caput
863 3061 915 3107 et
945 3052 1013 3108 ab
1043 3053 1273 3106 ecclesia
1307 3090 1322 3110 .
1355 3063 1407 3106 et
1435 3051 1500 3104 ab
1527 3050 1648 3118 ejus
1689 3049 1906 3112 finibus,
1937 3057 2120 3101 extra-

560 3148 764 3201 hendos
795 3162 914 3200 csse
943 3146 1186 3200 decernit
1213 3145 1533 3204 homicidas,
1561 3143 1836 3196 adulteras
1861 3150 1915 3194 et
1939 3151 2122 3209 rapto-

1799 450 2075 512 THEOD.
2111 448 2339 506 BALSA
2353 449 2504 508 ΜοΝ

756 565 1044 634 Propterea
1081 568 1246 631 enim,
1297 585 1396 622 nec
1428 569 1541 638 lege
1580 569 1793 635 quidem
1827 574 2104 626 cavi-runt,

2223 562 2499 616 ϐάλλεσθαι
2532 563 2753 627 τοῦτους
2796 564 2898 617 ἀπὺ
2935 563 3042 615 τῶν
3074 563 3238 625 ναῶν,
3288 563 3360 620 ὡς
3395 563 3590 626 ειδότες
3615 562 3740 622 εἶναι

2005 2219 2132 2275 Nee“

3647 450 3740 513 852

2211 655 2341 705 αὑτό
2379 654 2768 721 ἀναμφῖϐολον.
2805 653 2930 708 Ὀτι
2965 653 3019 705 δὲ
3049 653 3245 724 ἧοελον
3301 654 3348 706 οί
3396 654 3605 722 ἔχοντες
3655 658 3740 720 τὰς

2210 743 2542 814 ἐκκλησίας·
2589 745 2689 798 κᾶν
2734 749 2800 799 τὶ
2858 747 3292 815 κατηχουμενεῖα
3347 746 3614 815 κατέχειν,
3666 746 3734 800 εἷ-

2211 856 2310 889 πον
2363 840 2408 889 οἱ
2462 838 2704 908 Πατέρες
2756 837 2829 901 ὼς
2858 839 2917 890 οὐ
2959 839 3122 907 μόνον
3150 837 3256 890 ἀπὸ
3299 837 3404 889 τῶν
3439 837 3745 906 ἐκκλησιῶν,

2209 931 2347 982 ἀλλὰ
2386 933 2478 984 καὶ
2515 931 2624 985 ἀπὸ
2651 931 2759 984 τῶν
2791 931 3270 999 κατηχουμενείων
3306 930 3390 981 ἵνα
3435 929 3744 994 ὲξωθῶνται.

2215 1023 2410 1083 Καλῶς
2444 1023 2502 1075 δὲ
2542 1022 2641 1075 οὐκ
2675 1023 3029 1093 ἐμνήσθησαν
3061 1021 3368 1090 ἐκκλησιῶν
3395 1061 3409 1080 ,
3439 1021 3572 1072 ἀλλὰ
3604 1023 3748 1089 ίερῶν

2211 1111 2408 1164 τόπων.
2438 1113 2509 1164 Τὸ
2540 1113 2648 1180 γὰρ
2683 1100 3014 1183 καταμένειν
3043 1115 3178 1182 μετὰ
3207 1112 3461 1180 γυναικὸς
3492 1114 3547 1164 ὲν
3573 1114 3750 1182 ἐκκλη-

2214 1209 2304 1280 σίᾳ
2342 1209 2703 1262 ἀσεϐέστατόν
2733 1212 2846 1263 ἐστι
2876 1227 2892 1243 ο
2927 1211 3018 1263 καὶ
3043 1210 3162 1263 οὐδὲ
3201 1211 3280 1273 εἰς
3310 1207 3602 1278 ἐνθύμησιν
3633 1206 3749 1278 ἦλθε

2211 1305 2324 1365 τοῖς
2354 1304 2599 1373 Πατράσι
2636 1303 2973 1374 τολμηθῆναι
3004 1305 3140 1368 ὅλως
3177 1304 3329 1373 παρὰ
3361 1320 3505 1366 τινος
3533 1303 3752 1357 τοιοῦτον

2212 1397 2493 1466 ἀσέϐημα.
2541 1399 2989 1451 Κοινοποιοῦνται
3021 1399 3076 1452 δὲ
3128 1400 3176 1449 oi
3207 1400 3341 1461 ἱεροὶ
3368 1398 3521 1450 τόποι
3554 1397 3639 1449 διὰ
3670 1397 3753 1449 τοῦ

2213 1491 2543 1559 καταμένειν
2587 1490 2726 1560 μετὰ
2762 1492 3040 1558 γυναικῶν
3075 1491 3161 1544 διὰ
3193 1490 3478 1558 ἀλαλαγῆς
3505 1491 3754 1558 μελισμάι

2213 1595 2320 1631 των
2348 1579 2674 1647 ἀσχημόνων
2708 1581 2799 1632 καὶ
2833 1582 3096 1650 ἀπρεπῶν
3116 1620 3131 1643 ,
3182 1580 3275 1632 καὶ
3309 1580 3398 1633 διὰ
3431 1581 3756 1648 κατασκευῆς

2217 1671 2594 1737 παρακελλίων
2626 1672 2657 1741 ἦ
2689 1672 3021 1742 μαγειρείων
3047 1673 3079 1743 ἢ
3110 1673 3284 1726 ἄλλων
3317 1661 3594 1726 τοιούτων.
3635 1673 3756 1735 Τοὺς

2217 1765 2401 1829 μέντοι
2462 1763 2786 1832 παραϐάτας
2821 1764 2930 1839 ,τοῦ
2993 1765 3255 1829 κανόνος,
3313 1764 3609 1833 κληρικοὶις
3670 1766 3756 1832 μὲν

2214 1855 2394 1918 ὗντας,
2431 1855 2812 1927 καθαιρεῖσθαι
2841 1855 3186 1927 διορίζονται,
3223 1857 3445 1916 λαῖκοὺς
3481 1856 3559 1918 δὲ,
3588 1856 3758 1923 ἀφορίο

2215 1944 2425 2008 ζεσθαι.
2467 1941 2805 2014 ’λνάγνωσον
2855 1949 2947 1998 καὶ
2979 1947 3039 1998 τὸ
3093 1952 3158 2016 ιβ’
3205 1965 3330 2016 κεφ.
3381 1947 3475 1999 τοῦ
3511 1954 3556 1999 α’
3595 1947 3757 1998 τίτλον

2214 2037 2306 2090 τοῦ
2340 2045 2380 2089 ε’
2431 2037 2660 2107 βιϐλίου,
2700 2040 2834 2106 ὅπερ
2872 2039 3226 2109 κατεστρώθη
3257 2041 3336 2100 εἰς
3363 2041 3461 2107 τὴν
3484 2039 3760 2108 ἑρμηνείαν

2215 2132 2310 2183 τοῦ
2353 2137 2442 2197 πη⁹
2491 2132 2734 2196 κανόνος,
2790 2134 2881 2184 καὶ
2935 2131 3007 2202 μὴ
3036 2133 3334 2203 ἐναντιωθῇ
3368 2149 3453 2185 σοι
3478 2184 3494 2206 ,
3531 2133 3760 2186 διδάσκον

2216 2227 2338 2292 ὅρια
2370 2223 2468 2292 τῆς
2497 2224 2791 2292 ἐκκλησίας
2810 2221 2949 2277 εἶναι
2969 2225 3033 2278 τὰ
3062 2227 3261 2294 λουτρὰ
3292 2227 3382 2278 καὶ
3417 2227 3542 2288 τοὺς
3576 2227 3760 2292 κήπους

2219 2313 2311 2366 καὶ
2350 2314 2453 2376 τὰς
2481 2313 2642 2375 στοὰς
2681 2313 2904 2380 ταύτης,
2947 2313 3040 2366 καὶ
3085 2315 3170 2367 διὰ
3211 2314 3368 2366 τοῦτο
3406 2315 3478 2382 μὴ
3523 2313 3760 2366 δύνασθαί

2217 2422 2339 2457 τινα
2365 2406 2617 2472 ἀφέλκειν
2651 2407 2713 2456 ἐκ
2739 2405 2944 2457 τούτων
2967 2407 3092 2466 τοὺς
3119 2407 3441 2475 πρόσφυγας
3471 2423 3484 2436 ο
3519 2405 3656 2458 κατὰ
3670 2405 3762 2472 γὰρ

2219 2499 2379 2551 τοῦτο
2424 2500 2515 2551 καὶ
2559 2499 2724 2566 μόνον
2759 2489 2977 2551 δοκοῦσι
3007 2501 3102 2552 καὶ
3149 2499 3321 2552 ταῦτα
3359 2501 3462 2564 τῆς
3491 2499 3764 2568 ἐκκλησίας

2225 2595 2388 2660 μέρη.
2436 2591 2591 2643 Ἐπεί
2637 2593 2719 2643 τοί
2744 2609 2803 2656 γε
2833 2591 2930 2644 καὶ
2956 2593 3086 2644 αὐτὸ
3116 2592 3177 2645 τὸ
3218 2609 3342 2658 καφ.
3391 2591 3678 2661 διορίζεται
3715 2592 3764 2642 ὲν

2218 2686 2430 2744 τούτοις
2453 2685 2548 2735 καὶ
2583 2683 2784 2736 ὑπνοῦν
2825 2686 2917 2736 καὶ
2967 2682 3169 2734 ἐσθίειν
3195 2722 3210 2745 ,
3252 2684 3397 2750 ἅπερ
3429 2683 3510 2744 εἰς
3536 2683 3624 2734 τὸν
3655 2682 3764 2733 ναθιν

2220 2774 2572 2843 ὲκωλύθησκν
2607 2772 2876 2841 γίνεσθαι.
2911 2773 2983 2825 Τὸ
3013 2775 3192 2842 μέντοι
3224 2780 3307 2826 κα⁹
3343 2791 3469 2842 κεφ.
3497 2773 3589 2825 τοῦ
3615 2770 3763 2825 αὑτοῦ

2225 2866 2432 2936 βιϐλίου
2467 2867 2560 2918 καὶ
2591 2866 2772 2918 τίτλον
2810 2866 2902 2918 καὶ
2932 2865 3040 2917 ἀπὸ
3084 2868 3183 2934 τῆς
3232 2865 3531 2933 ἐκκλησίας
3560 2867 3649 2917 καὶ
3674 2864 3766 2916 ἀπὸ

2221 2959 2328 3011 τῶν
2359 2959 2501 3029 ὅρων
2528 2958 2735 3027 ταύτης
2776 2957 3014 3021 ἐξέλκειν
3046 2956 3336 3023 διορίζεται
3371 2958 3502 3020 τοὺς
3529 2957 3767 3028 ἀνδροφό-

2223 3068 2366 3114 νους,
2420 3051 2548 3113 τοὺς
2606 3050 2828 3119 μοιχοὺς
2879 3050 2974 3101 καὶ
3029 3051 3153 3111 τοὺς
3189 3049 3470 3120 ἅρπαγας.
3522 3051 3642 3111 Τοῖς
3672 3049 3767 3117 γὰρ

2224 3146 2482 3204 τοιούτους
2519 3145 2682 3204 τόπος
2710 3143 2938 3205 ἀσυλίας
2970 3143 3068 3195 οὐκ
3104 3144 3250 3194 ἐστιν
3273 3160 3288 3174 ·
3327 3144 3474 3206 Ὀτι,
3517 3143 3693 3212 φησὶν,
3714 3143 3766 3193 οὐ

557 3252 665 3290 res.
731 3234 1010 3304 Ejusmodi
1065 3235 1208 3287 enim
1262 3233 1571 3286 hominibus
1620 3233 1801 3286 nullus
1850 3241 1932 3285 est
1987 3231 2120 3298 asyli

2228 3242 2340 3300 τοῖς
2400 3237 2700 3295 ἀδικοῦσιν.
2747 3234 2884 3289 ἀλλὰ
2935 3235 3048 3297 τοῖς
3093 3233 3474 3303 ἀδικουμένοις
3527 3235 3575 3286 οἱ
3632 3235 3768 3301 νόμοι

560 3329 749 3381 locus:
789 3327 1070 3392 quoniam,
1112 3325 1308 3392 inquit,
1358 3338 1462 3376 non
1502 3324 1589 3384 iis,
1649 3323 1741 3391 qui
1778 3321 1974 3388 injuria
2015 3319 2127 3371 alli-

559 3401 734 3484 ciunt,
774 3419 865 3473 sed
897 3419 961 3472 iis
991 3419 1080 3486 qui
1117 3416 1315 3483 injuria
1345 3414 1671 3477 alliciuutur,
1697 3412 1839 3477 leges
1861 3411 2124 3464 auxilium

559 3513 765 3567 ferunt.
833 3510 972 3580 Lege
997 3520 1053 3563 et
1080 3510 1147 3562 73
1179 3509 1310 3577 imp.
1353 3507 1558 3561 domini
1588 3504 1786 3558 Leonis
1816 3503 2126 3571 Philosophi

557 3603 856 3666 Novellam,
907 3618 1027 3670 quae
1067 3617 1162 3654 eos
1214 3601 1374 3654 etiam
1408 3599 1657 3652 similiter
1704 3596 1875 3664 punit,
1930 3595 2020 3664 qui
2074 3598 2124 3648 in

559 3693 992 3749 catechumeniis
1031 3691 1263 3746 habitari
1305 3690 1643 3760 permittunt.

633 3783 882 3838 ZONAR.
925 3783 1214 3837 Sacrorum
1283 3783 1524 3835 locorum
1595 3784 1834 3844 nomine,
1887 3799 1990 3836 non
2039 3783 2128 3834 hic

550 3877 788 3945 .templa,
827 3877 916 3928 sed
949 3875 1236 3943 adjunclas
1277 3856 1495 3943 templis
1529 3874 1911 3936 habitationes,
1946 3875 2127 3942 qualia

566 3977 730 4030 sunt,
779 3980 896 4034 qum
954 3967 1344 4018 catechumena
1404 3965 1783 4033 appellantur.
1853 3964 2124 4030 intelligit.

563 4059 752 4127 Neque
781 4059 925 4111 enim
967 4058 1257 4124 quisquam
1307 4055 1480 4108 audax
1514 4055 1650 4108 adeo
1681 4057 1868 4118 fuerit,
1905 4066 1961 4108 ιιι
1990 4059 2128 4107 intra

563 4149 733 4204 divini
803 4151 985 4216 templi
1041 4158 1192 4216 septa
1252 4163 1374 4201 cum
1441 4162 1610 4200 uxore
1669 4147 1914 4200 habitare
1979 4148 2124 4200 velit.

567 4244 626 4297 In
657 4242 862 4297 :edibus
899 4258 1026 4296 vero
1073 4241 1286 4310 templis
1326 4241 1617 4309 adjunctis,
1658 4250 1712 4294 et
1761 4241 1814 4292 in
1865 4239 2129 4294 catechu-

567 4335 765 4390 meniis
814 4334 1057 4387 nonnulli
1109 4333 1395 4403 degebant,
1435 4334 1526 4400 qui
1589 4333 1726 4384 forte
1763 4332 1928 4383 vitam
1988 4328 2130 4382 haud

565 4427 702 4480 satis
754 4436 907 4482 caste
961 4426 1278 4495 integreque
1315 4433 1560 4493 agerent,
1611 4425 1813 4493 quique
1846 4437 2129 4477 sacrorum

563 4520 806 4572 locorum
875 4517 1193 4586 dignitatem
1239 4523 1676 4579 contemnerent;
1708 4532 1769 4567 ac
1802 4517 1853 4568 in
1903 4515 1970 4567 iis
2011 4514 2136 4568 sine

566 4609 905 4672 discrimine,
947 4608 1045 4660 hoc
1068 4617 1172 4670 est,
1195 4605 1328 4673 quid
1357 4607 1497 4659 inter
1521 4621 1733 4660 sacrum
1763 4616 1817 4658 et
1839 4603 2128 4674 profanum

565 4701 858 4756 interesset
907 4698 1131 4750 minime
1184 4695 1538 4755 aestimantes,
1594 4705 1970 4748 versarentur.
2026 4695 2130 4747 Eos

566 4791 731 4860 igitur
782 4789 1033 4840 homines
1076 4800 1105 4838 e
1149 4785 1579 4839 catechumeniis
1609 4799 1784 4838 canon
1829 4782 2128 4851 ejiciendos

567 4893 691 4932 esse
734 4876 1006 4934 decernit.
1047 4874 1251 4942 quique
1302 4888 1408 4927 non
1432 4875 1749 4942 ,paruerint,
1791 4873 2131 4938 depositione

559 4971 803 5022 clericos
865 4985 878 5019 :
957 4967 1128 5019 laieos
1165 4981 1292 5018 vero
1332 4965 1708 5035 segregatione
1743 4965 1913 5018 teneri
1943 4965 2120 5032 jubet.

573 5063 702 5116 Suis
747 5076 874 5114 vero
938 5057 1312 5128 praerogativis
1355 5057 1614 5124 adjuncta
1665 5070 1884 5130 quoque
1957 5057 2133 5109 sacris

568 5152 778 5206 :edibus
809 5151 928 5204 loca
964 5159 1154 5202 ornata
1199 5147 1388 5210 fuisse,
1443 5162 1506 5200 ex
1545 5147 1612 5200 iis
1659 5146 1816 5198 facile
1865 5157 2085 5214 apparet
2113 5186 2128 5208 ,

536 5260 692 5312 una!
722 5240 1050 5295 duodecimo
1090 5254 1210 5307 cap.
1263 5237 1406 5290 tituli
1462 5238 1624 5306 primi
1673 5235 1796 5290 libri
1832 5238 2008 5303 quinti
2055 5241 2134 5291 sic

572 5337 863 5390 habentur.
924 5332 1247 5402 Quicunque
1301 5332 1367 5384 ad
1407 5330 1697 5384 ecclesiam
1765 5331 2131 5400 confugerint,

576 5443 750 5496 usque
779 5426 845 5480 ad
881 5425 979 5478 fori
1016 5425 1219 5492 publici
1247 5423 1512 5476 terminos
1542 5421 1835 5475 securitate
1862 5420 2132 5485 fruantur;

573 5524 688 5577 sive
715 5522 768 5574 in
819 5519 1173 5575 interioribus
1206 5519 1460 5582 lavacris,
1500 5516 1615 5571 sive
1650 5515 1844 5580 hortis,
1894 5525 1987 5569 aut
2041 5517 2138 5568 do—

2232 3329 2540 3399 βοηθοῦσιν.
2629 3325 2930 3394 Ἀνὰγνωθι
2979 3327 3077 3380 καὶ
3131 3326 3230 3396 τὴν
3283 3333 3360 3392 ογ¹
3425 3325 3640 3394 Νεαρὰν
3687 3321 3767 3374 τοῦ

2231 3421 2498 3490 βασιλέως
2531 3420 2703 3490 κυροῦ
2727 3421 2953 3482 Λέοντος
2982 3417 3076 3471 τοῦ
3107 3417 3401 3486 Φιλοσόφου
3421 3458 3436 3482 ,
3476 3408 3768 3484 παρομοῗως

2231 3516 2566 3577 κολάξουσαν
2586 3513 2830 3576 καὶτοὺς
2862 3512 3257 3582 ἐπιτρέποντας
3279 3509 3376 3579 τὴν
3407 3512 3489 3572 εἰς
3523 3508 3587 3560 τὰ
3619 3522 3770 3574 κατη-

2231 3611 2520 3679 χουμενεῖα
2546 3607 2850 3660 κατοικίαν.

2300 3785 2546 3841 ΖΩΝΑΡ.
2613 3786 2815 3850 Ἰερους
2872 3791 3068 3848 τόπους
3111 3787 3170 3838 οὑ
3215 3786 3340 3847 τοὺς
3399 3784 3579 3847 θείους
3624 3783 3769 3843 ναοὺς

2229 3877 2461 3930 ἐνταῦθα
2495 3878 2690 3941 καλεῖ,
2746 3879 2882 3932 ἀλλὰ
2929 3881 3026 3941 τὰς
3068 3880 3194 3948 περὶ
3229 3880 3428 3940 αὐτοὺς
3479 3875 3767 3935 κατοικίας.

2229 3965 2316 4022 οἷὰ
2357 3972 2462 4022 είσι
2515 3970 2582 4022 τὰ
2644 3971 2915 4039 λεγόμενα
2972 3972 3378 4040 κατηχούμενα.
3445 3971 3632 4032 Οὐδείς
3677 3966 3772 4034 γὰρ

2229 4059 2404 4123 οὕτως
2453 4061 2520 4113 ἂν
2557 4061 2645 4131 εἴη
2679 4062 2997 4131 τολμητίας,
3041 4062 3116 4124 ὠς
3168 4061 3318 4123 ἐντὸς
3345 4061 3478 4114 ναοῦ
3523 4061 3772 4113 συνοικεῖν

2231 4153 2472 4220 γαμετῇ.
2531 4152 2620 4205 Ἐν
2674 4151 2876 4213 οἰκίαις
2918 4151 2974 4204 δὲ
3014 4153 3156 4204 πάνυ
3213 4153 3594 4221 συνημμέναις
3644 4151 3774 4210 ναοῖς

2232 4245 2328 4296 καὶ⁸
2355 4247 2413 4295 ἐν
2441 4246 2553 4307 τοῖς
2579 4245 3011 4315 κατηχουμένοις
3037 4244 3216 4314 ῷκουν
3261 4245 3405 4304 τινὲς
3454 4245 3528 4314 μὴ
3578 4242 3772 4311 σεμνῶς

2233 4338 2364 4397 ἴσως
2392 4336 2655 4401 βιοῦντες,
2687 4337 2781 4389 καὶ
2805 4338 3290 4406 καταφρονητικῶς
3323 4334 3470 4406 εἶχον
3504 4337 3633 4404 περὶ
3664 4334 3774 4393 τοὺς

2230 4429 2430 4486 τόπους
2457 4427 2582 4488 τοὺς
2615 4427 2814 4496 ἱεροὺς,
2845 4427 3173 4493 ἀδιακρίτως
3201 4426 3476 4486 οἰκοῦντες
3499 4427 3556 4477 ὲν
3589 4424 3772 4480 αὐτοῖς,

2233 4520 2356 4571 ἀντὶ
2377 4517 2470 4570 τοῦ
2491 4519 2567 4586 μὴ
2596 4517 2997 4580 διαστέλλοντες
3030 4517 3163 4585 μηδὲ
3189 4517 3605 4586 διαχωρίζοντες
3629 4516 3776 4584 μέσον
3858 4578 3869 4594 ο

2237 4609 2395 4673 ἁγίου
2418 4648 2431 4667 ,
2465 4609 2559 4659 καὶ
2592 4606 2836 4675 βεϐήλου.
2891 4605 3030 4666 Τοὺς
3074 4606 3168 4658 οὖν
3193 4605 3368 4667 οὕτως
3401 4606 3625 4675 ἔχοντας
3661 4603 3773 4667 ἐξω-

2235 4700 2443 4752 θεῖσθαι
2474 4699 2581 4751 τῶν
2608 4699 3028 4768 κατηχουμένων
3047 4702 3073 4750 ό
3102 4698 3277 4749 κανὼν
3307 4699 3666 4757 διατάττεται,
3697 4693 3776 4744 καὶ

2235 4793 2358 4852 τοὺς
2392 4792 2464 4859 μὴ
2505 4791 2870 4857 φυλάττοντας
2898 4790 3060 4841 αὐτὸν
3082 4832 3095 4853 ,
3140 4790 3434 4856 κληρικοὺς
3467 4789 3566 4856 μὲν
3599 4785 3776 4837 καθαι-

2239 4885 2320 4951 ρεῖ
2354 4901 2365 4912 ·
2395 4881 2616 4942 λαῖκοὺς
2648 4880 2702 4932 δὲ
2733 4881 3005 4948 ἀφορίζει.
3032 4881 3155 4933 "Ott
3186 4876 3358 4932 δὲ’και
3374 4881 3441 4930 τὰ
3460 4877 3775 4944 συγκείμενα

2235 4977 2347 5034 τοῖς
2373 4973 2534 5034 Θείοις
2567 4977 2714 5034 ναοῖς
2753 4974 3063 5041 προνομίων
3095 4970 3391 5036 ἀξιοῦνταις
3428 4972 3563 5036 φησι
3600 4968 3658 5020 τὸ
3685 4968 3775 5017 δωο

2235 5067 2460 5117 δέκατον
2495 5065 2792 5132 κεφάλαιον
2845 5065 2936 5116 τοῦ
2983 5063 3196 5132 πρώτου
3247 5063 3423 5114 τίτλου
3478 5063 3570 5114 τοῦ
3621 5067 3657 5113 ε’
3705 5059 3776 5128 βι-

2234 5156 2403 5212 Elian.
2437 5155 2688 5224 περιέχον
2716 5155 2886 5217 οὕτως
2910 5173 2922 5185 ·
2949 5155 3126 5223 Μέχρι
3153 5155 3260 5206 τῶν
3297 5155 3388 5206 ἐπὶ
3406 5154 3500 5222 τῆς
3533 5150 3775 5220 δημοσίας

2211 5246 2441 5315 ’ἀγορᾶς
2492 5247 2590 5311 τῆς
2641 5246 2939 5315 ἐκκλησίας
2973 5247 3115 5312 ὅρων
3145 5238 3473 5334 τδάσξραλὲς
3521 5243 3775 5312 ἐχέτωσαν

2233 5339 2281 5388 οί
2316 5338 2724 5412 προσφυγόντες
2752 5339 2865 5397 τοῖς
2895 5336 3193 5406 ἐνδοτέροις
3210 5337 3474 5405 λουτροῖς,
3507 5335 3538 5404 ἢ
3575 5335 3773 5400 κήποις,

2235 5427 2268 5494 ἢ
2322 5427 2652 5496 οἰκήμασιν,
2709 5427 2741 5496 ἢ
2799 5431 3001 5490 στοαῖς,
3053 5427 3085 5496 ἢ
3141 5427 3653 5500 αὐλαῖςξχρώμενοι,
3693 5424 3775 5472 καὶ

2238 5516 2640 5569 κωλυέσθωσαν
2692 5518 2844 5580 ἐντὸς
2882 5518 2975 5570 τοῦ
3017 5517 3146 5570 ναοῦ
3183 5519 3443 5583 ὑπνοῦνῆ
3494 5519 3688 5570 ἐσθίειν

572 5619 772 5680 mibus,
829 5625 920 5669 aut
961 5615 1283 5684 porticibus.
1339 5623 1432 5666 aut
1499 5613 1637 5667 aulis
1706 5623 2127 5666 commorentur.
2188 5611 2246 5664 Νι
2269 5628 2372 5680 que
2419 5613 2668 5685 cuiquam
2730 5617 2869 5669 intra
2936 5617 3103 5683 ipsius
3147 5601 3328 5687 tcttipli
3375 5619 3507 5672 ﬁnes
3559 5615 3769 5672 cubandi

570 5711 746 5764 cibive
781 5711 1026 5764 sumendi
1069 5708 1159 5762 fiat
1192 5708 1442 5764 laeultas.

568 5804 799 5860 ARIST.
845 5822 880 5856 ,ι
909 5803 1087 5858 Uxori
1137 5803 1406 5865 addictus,
1441 5813 1496 5855 et
1526 5819 1620 5873 per
1673 5811 2039 5870 contemptum
2081 5803 2132 5854 in

641 5915 666 5983 ,ι
705 5896 902 5966 templo
936 5912 1181 5962 manens,
1205 5911 1232 5950 e
1285 5893 1713 5950 catechumeniis
1751 5895 1910 5949 etiam
1949 5896 2132 5965 expel-

2241 5807 2461 5859 ΑΡΙΣΤ.
2566 5823 2583 5855 ι
2662 5805 2720 5857 Ὃ
2777 5803 3122 5870 ὑπογύναιος,
3178 5805 3271 5856 καὶ
3311 5799 3770 5875 καταφρονητικῶς

2316 5917 2332 5948 ι
2387 5897 2562 5966 μένων
2596 5899 2650 5952 ἐν
2681 5897 2757 5968 τῷ
2785 5897 2917 5964 ναῷ,
2943 5896 3249 5960 ἐξωθείσθω
3277 5899 3370 5952 καὶ
3395 5899 3497 5950 τῶν
3531 5909 3767 5966 κατηχουο
