3992 6484
411 370 518 426 855

1706 363 1979 424 THEOD.
2028 323 2425 425 Busa-nou

3555 367 3656 430 $55

413 487 655 555 legitime
702 481 875 555 prima
930 484 1204 553 sponsalia
1235 483 1477 538 solverit.
1530 482 1592 535 Et
1624 487 1736 536 haec
1765 484 1981 553 quidem

2110 485 2314 554 πρώτην
2343 486 2640 555 μνηστείαν
2672 486 2850 542 ἔλυσε.
2899 488 3007 541 Καὶ
3043 489 3148 542 ἀπὸ
3176 489 3272 556 μὲν
3303 488 3394 541 τοῦ
3431 490 3658 552 κανόνος

417 595 480 632 ex
523 578 778 649 przrsenti
837 593 1067 632 canone.
1134 575 1304 630 Multo
1340 585 1520 631 autem
1554 577 1728 646 magis
1759 579 1806 630 is
1837 591 1980 630 nunc

416 681 476 726 ιιι
512 653 727 725 adulter
757 669 1228 731 condcmnahitur,
1267 659 1488 738 quando
1512 683 1577 724 ex
1617 669 1845 724 illustris
1881 671 1983 722 im-

417 760 910 828 peratoristdomini
943 760 1114 814 Alexii
1146 759 1406 814 Comneni
1429 760 1737 814 veneranda
1763 758 1982 813 Novella

415 852 484 904 de
513 852 887 920 sponsalibus,
921 852 1200 920 sponsalia
1255 851 1367 905 fere
1409 851 1461 904 in
1504 853 1764 906 omnibus
1812 854 1988 921 perfe-

418 942 520 996 ctis
561 944 768 1010 nuptiis
809 944 1134 1012 aequivalent
1167 960 1182 998 :
1236 958 1339 998 nec
1371 943 1497 1006 aliis
1539 945 1713 999 modis
1761 947 1986 1000 solvun-

419 1045 531 1099 tur,
566 1052 729 1106 quam
767 1037 970 1106 quibus
998 1037 1107 1104 jam
1150 1037 1450 1106 perfectum
1499 1036 1829 1090 distrahitur
1871 1051 1987 1089 ma-

418 1128 760 1183 trimonium.
821 1129 897 1182 Ne
952 1128 1168 1184 mireris
1226 1140 1446 1193 autem,
1486 1127 1675 1182 Patres
1742 1127 1876 1180 nihil
1923 1127 1990 1182 de

422 1221 653 1277 muliere
698 1223 988 1278 statuisse.
1036 1222 1091 1275 Si
1142 1223 1188 1276 is
1233 1222 1379 1276 enim
1426 1221 1674 1292 punitur,
1721 1222 1813 1289 qui
1871 1234 1987 1273 eam

419 1315 591 1379 ducit,
645 1318 738 1386 qui
793 1315 936 1369 forte
985 1318 1064 1369 uti
1108 1324 1288 1384 potest
1337 1323 1604 1384 praatextu
1646 1315 1990 1383 ignorantiae,

420 1411 592 1464 multo
652 1411 824 1479 magis
853 1409 1111 1479 punietur
1161 1408 1380 1472 mulier,
1422 1424 1544 1478 qua:
1581 1407 1717 1463 nihil
1753 1408 1862 1461 tale
1895 1422 1990 1475 po-

418 1509 529 1556 test
586 1503 786 1567 dicere,
838 1501 965 1555 dum
1009 1502 1143 1556 vivit
1172 1501 1292 1571 ejus
1325 1515 1584 1570 sponsus.
1636 1499 1731 1553 ille
1772 1497 1989 1564 quidem

423 1595 682 1663 punietur
745 1606 802 1649 ut
841 1595 1078 1658 adulter,
1143 1597 1238 1664 qui
1286 1609 1411 1649 cum
1470 1594 1624 1647 alteri
1665 1593 1990 1660 desponsam

421 1702 545 1742 esse
583 1688 770 1752 sciret,
820 1703 937 1742 eam
1009 1703 1234 1742 uxorem
1281 1686 1518 1742 duxerit.
1564 1684 1759 1738 Mulier
1809 1692 1990 1739 autem

423 1781 923 1848 quomodocnnque
961 1796 1018 1836 se
1046 1795 1130 1834 res
1167 1779 1384 1841 habeat,
1431 1787 1502 1846 ut
1524 1775 1768 1831 adultera
1803 1778 1991 1843 punie-

421 1881 535 1926 tur.
595 1871 734 1938 Quid
790 1874 968 1925 vero?
1021 1873 1124 1939 Qui
1171 1875 1226 1926 in‘
1276 1867 1612 1927 matrimonii
1674 1868 1989 1924 societatem

423 1964 656 2018 alienam
714 1977 969 2034 sponsam
1000 1965 1170 2027 ducit,
1233 1973 1290 2018 ut
1344 1964 1556 2019 adulter
1596 1961 1866 2032 punitur:
1911 1960 2002 2029 qni

423 2071 552 2109 vero
587 2072 707 2110 cum
765 2067 828 2112 ea
885 2058 1188 2112 fornicatus
1263 2067 1368 2120 est,
1425 2069 1532 2110 non
1585 2056 1796 2111 adulter
1841 2054 2003 2123 puni-

424 2149 558 2203 tur?
611 2147 841 2206 Solutio.
911 2150 1037 2204 Sive
1089 2151 1143 2203 in
1212 2151 1600 2213 matrimonio,
1675 2148 1790 2204 sive
1837 2147 2005 2201 l'orni-

423 2242 633 2296 catorie
688 2245 812 2312 quis
863 2259 985 2298 cum
1038 2257 1142 2307 ea,
1180 2258 1301 2312 qum
1353 2243 1578 2298 alterius
1621 2253 1704 2297 est
1762 2253 1998 2310 sponsa,

425 2333 607 2388 sciens
647 2348 761 2388 rem
796 2334 1068 2393 habuerit,
1105 2344 1164 2388 ut
1205 2336 1422 2390 adulter
1453 2336 1701 2405 punitur.
1735 2335 1828 2390 Ille
1855 2335 1999 2388 enim

427 2427 607 2488 solus,
641 2426 732 2493 qui
767 2427 1042 2495 sponsalia
1081 2429 1377 2496 ignoravit,
1409 2437 1468 2482 ut
1503 2425 1806 2482 fornicator
1840 2426 2002 2495 puni-

427 2527 538 2572 tur.
567 2511 835 2586 Adjicitur
859 2527 1039 2572 autem
1073 2522 1268 2574 canoui
1297 2563 1312 2582 ,
1365 2521 1429 2573 ad
1460 2520 1798 2575 matrimonii
1826 2521 2001 2573 socie-

432 2618 593 2662 tatem
636 2609 872 2679 aliquem
921 2612 1150 2667 alterius
1192 2627 1444 2676 sponsam
1503 2591 1729 2666 uxorem
1777 2611 1998 2674 ducere,

432 2711 655 2771 propter
678 2717 898 2758 causam
937 2705 1087 2771 prius
1124 2705 1456 2759 deciaratam
1494 2707 1545 2758 in
1590 2705 1862 2775 principio
1916 2706 2001 2758 in-

435 2795 864 2863 terprctationis.
925 2795 989 2849 Et
1047 2801 1158 2849 hate
1197 2797 1415 2866 quidem
1467 2799 1532 2852 de
1573 2798 1811 2852 muliere
1844 2798 1999 2852 alteri

435 2886 704 2956 desponsa
763 2887 906 2942 dicta
964 2900 1112 2944 sunt.
1162 2889 1213 2942 Si
1265 2890 1407 2943 enim
1465 2905 1572 2944 non
1616 2900 2003 2958 processerunt

435 2976 737 3043 Sponsalia,
771 2981 862 3033 sed
887 2990 1156 3034 conventa
1183 2996 1356 3049 paenae
1381 2981 1736 3051 stipulatione
1767 2984 2000 3049 munita,

439 3068 743 3135 Cujusmodi
794 3080 946 3136 sunt,
999 3088 1120 3140 (μιίε
1152 3071 1318 3126 hodie
1351 3073 1484 3126 fiunt
1514 3074 1850 3127 matrimonii
1883 3077 2001 3128 vin—

2028 1840 2126 1900 ΒΞ

2088 577 2260 629 ταῦτα
2300 592 2311 605 '
2351 577 2528 646 πολλῷ
2565 578 2621 631 δὲ
2654 577 2819 632 πλέον
2852 579 3092 650 σήμερον
3119 578 3194 640 ὡς
3223 578 3408 649 μοιχὸς
3431 581 3458 632 ὁ
3483 580 3663 631 τοιοῦ-

2089 686 2179 732 τος
2209 672 2704 742 κατακριθήσεται,
2748 673 2880 725 ὅταν
2919 672 3026 724 άπὸ
3056 669 3157 740 τῆς
3190 672 3320 742 περὶ
3363 670 3660 741 μνηστείας

2089 764 2477 834 προσκυνητῆς
2504 765 2724 832 Νεαρᾶς
2749 763 2842 816 τοῦ
2891 763 3138 831 ἀοιδίμου
3189 762 3346 830 ἁγίου
3391 761 3661 831 βασιλέως

2089 871 2156 907 κυ
2167 854 2258 924 ροῦ
2277 853 2514 919 Ἀλεξίου
2537 857 2630 908 τοῦ
2653 854 2939 925 Κομνηνοῦ
2969 855 3001 924 ἧ
3031 854 3294 926 μνηστεία
3323 855 3462 906 κατὰ
3481 854 3664 906 πάντα

2093 946 2280 1016 σχεδὸν
2321 949 2632 1017 ίσοδυναμεῖ
2659 948 2734 1016 τῷ
2760 947 2952 1018 τελείῳ
2984 951 3146 1016 γάμῳ
3179 961 3192 975 ⁸
3240 947 3334 1002 καὶ
3373 946 3548 1010 άλλως
3601 946 3664 998 οὑ

2090 1038 2302 1105 λύεται,
2339 1044 2388 1093 εί
2425 1041 2499 1110 μὴ
2533 1041 2657 1094 καθ’
2682 1040 2776 1104 οὒς
2805 1042 3045 1110 τρόπους
3085 1041 3178 1094 καί
3208 1041 3268 1094 τὸ
3311 1039 3516 1092 τέλειον
3544 1041 3668 1091 δια-

2094 1129 2297 1182 σπᾶται
2329 1129 2684 1184 συνοικέσιον.
2735 1131 2825 1200 Μὴ
2865 1131 3150 1202 θαυμάσῃς
3195 1130 3253 1183 δὲ
3287 1131 3366 1183 ὅτι
3398 1131 3529 1198 περὶ
3564 1131 3669 1198 τῆς

2093 1223 2355 1286 γυναικὸς
2379 1224 2481 1276 οὐκ
2509 1224 2918 1294 ἐθεσμοοετήθη
2950 1242 3004 1276 τι
3037 1223 3192 1290 παρὰ
3231 1222 3341 1276 τῶν
3381 1222 3666 1292 Πατέρων.

2094 1312 2158 1364 El
2189 1313 2299 1382 γὰρ
2332 1312 2624 1377 κολάζεται
2674 1315 2701 1366 ὁ
2747 1313 2953 1383 ταύτην
3007 1314 3308 1383 ἀγόμενος,
3363 1312 3670 1374 δυνάμενος

2096 1405 2227 1469 ἴσως
2283 1406 2690 1476 προϐάλλεσθαι
2755 1407 2851 1460 καὶ
2905 1406 3151 1474 ἄγνοιαν,
3205 1393 3666 1473 πολλῷ-πλέονῆ

2093 1499 2232 1570 γυνὴ
2263 1499 2720 1570 τιμωρηθήσεται
2768 1503 2800 1571 ἡ
2855 1499 3019 1570 μηδὲν
3069 1498 3312 1551 τοιοῦτον
3345 1498 3521 1550 εἰπεῖν
3558 1493 3668 1558 siit-

2097 1592 2342 1661 σχύουσα
2400 1591 2607 1657 ζῶντος
2663 1593 2758 1646 τοῦ
2819 1595 3132 1662 μνηστῆρος
3195 1591 3386 1660 αὐτῆς.
3429 1589 3677 1648 Ἐκεῖνος

2099 1686 2286 1756 μέντοι
2320 1683 2396 1749 ὡς
2429 1686 2619 1756 μοιχὸς
2651 1686 3124 1756 τιμωρηθήσεται,
3155 1685 3183 1736 ὁ
3213 1684 3272 1734 ὲν
3315 1682 3522 1749 είδήσει
3573 1679 3677 1747 τὴν

2103 1778 2596 1850 μεμνηστευμένην
2628 1778 2800 1849 ἑτέρῳ
2826 1779 3085 1847 γαμήσας
3119 1793 3133 1806 ⁸
3159 1777 3190 1844 ἡ
3218 1775 3275 1827 δὲ
3297 1774 3458 1842 γυνὴ,
3495 1770 3572 1834 ὡς
3610 1771 3677 1823 ἂν

2106 1870 2204 1941 ἔχῃ
2235 1871 2296 1938 τὺ
2327 1871 2587 1939 πρᾶγμα,
2612 1869 2688 1932 ὡς
2728 1869 2984 1938 μοιχαλὶς
3019 1866 3452 1936 κολασθήσεται.
3497 1859 3565 1912 Τί
3595 1859 3677 1922 δέ,

2117 1966 2174 2018 ’0
2199 1964 2299 2033 μὲν
2328 1964 2406 2028 είς
2432 1962 2610 2032 γάμου
2641 1961 2931 2016 κοινωνίαν
2960 1959 3228 2029 ἀγόμενος
3257 1957 3356 2026 τὴν
3388 1954 3679 2023 ἀλλοτρίαν

2110 2059 2355 2129 μνηστὴν
2377 2057 2452 2120 ὡς
2477 2054 2669 2126 μοιχὸς
2692 2052 2984 2118 κολάζεται
3003 2094 3018 2118 ,
3055 2054 3083 2106 ό
3113 2053 3170 2104 δὲ
3202 2048 3510 2120 πορνεύσας
3537 2045 3680 2116 μετὰ

2103 2151 2310 2220 ταύτης
2340 2151 2399 2203 οὐ
2433 2151 2755 2220 τιμωρεῖται
2781 2148 2856 2210 ὼς
2881 2145 3110 2217 μοιχός;
3143 2143 3354 2214 Λύσις.
3387 2141 3512 2192 Εἴτε
3538 2138 3680 2208 κατὰ

2105 2245 2287 2315 γάμου
2334 2245 2647 2305 κοινωνίαν,
2691 2243 2801 2295 εἴτε
2850 2237 3126 2311 πορνικῶς
3156 2235 3454 2306 συμφθαρῇ
3487 2249 3571 2296 τις
3624 2234 3682 2282 ἐν

2106 2338 2314 2408 εἰδήσει
2345 2336 2486 2406 μετὰ
2523 2336 2623 2406 τῆς
2653 2334 2824 2406 ἑτέρῳ
2854 2329 3367 2402 μεμνηστευμένης,
3392 2327 3467 2389 ὼς
3493 2323 3680 2396 μοιχὸς

2106 2432 2416 2497 κολάζεται.
2454 2430 2632 2491 Μόνος
2661 2428 2771 2499 γάρ
2823 2429 2851 2479 ὁ
2893 2426 3170 2494 ἀγνοήσας
3218 2421 3316 2492 τὴν
3379 2418 3680 2490 μνηστείαν

2105 2526 2182 2589 ὡς
2212 2525 2409 2594 πόρνος
2432 2522 2784 2592 τιμωρεῖται.
2813 2517 3149 2588 Πρόσκειται
3181 2513 3238 2566 δὲ
3278 2512 3357 2582 τῷ
3387 2511 3576 2563 κανόνι
3618 2507 3680 2560 τδ

2109 2618 2246 2686 πρὸς
2283 2617 2464 2686 γάμου
2494 2612 2781 2667 κοινωνίαν
2811 2609 3111 2678 ἀγαγέσθαι
3141 2606 3265 2660 τινά
3298 2606 3398 2673 τὴν
3428 2601 3523 2655 τοῦ
3562 2600 3678 2654 ἑτέ-

2112 2727 2208 2780 ρου
2263 2708 2532 2781 μνηστὴν,
2571 2707 2661 2760 διὰ
2715 2702 3195 2774 τὴνκδηλωθεῖσαν
3250 2697 3434 2754 αἰτίαν
3486 2699 3544 2750 ὲν
3607 2697 3673 2764 τῇ

2108 2805 2248 2875 ἀρχῇ
2278 2804 2374 2872 τῆς
2405 2799 2723 2871 ἑρμηνείας.
2763 2798 2870 2850 Καὶ
2900 2793 3072 2848 ταῦτα
3139 2791 3238 2862 μὲν
3287 2789 3417 2860 περὶ
3472 2803 3678 2856 μεμνη-

2111 2896 2418 2966 στευμένης
2451 2896 2623 2963 ἑτέρῳ
2653 2891 2932 2960 γυναικός.
2963 2888 3027 2940 Εἰ
3066 2886 3173 2957 γὰρ
3206 2885 3267 2937 οὐ
3295 2880 3502 2953 προέϐη
3542 2888 3678 2948 μνηο

2112 2991 2290 3056 στεία,
2324 2990 2460 3044 ἀλλὰ
2493 2985 2789 3056 συμφωνία
2816 2984 2962 3036 δόσει
2998 2979 3305 3050 προστίμου
3340 2987 3677 3042 κατωχυρω-

2115 3085 2272 3154 μένη,
2334 3079 2423 3135 οἷά
2460 3081 2589 3133 ..εἰσι
2643 3080 2710 3131 τὰ
2761 3079 3004 3146 σήμερον
3065 3072 3328 3140 γινόμενα
3381 3061 3678 3136 δεσμοτικά

439 3161 559 3215 cuia
586 3178 600 3226 ;
634 3179 742 3217 non
771 3166 1029 3233 punietur
1060 3168 1182 3234 quis
1211 3181 1274 3219 ex
1308 3182 1392 3228 eo,
1423 3182 1530 3234 quo
1550 3177 1704 3236 pacta
1734 3175 2002 3221 conventa

2113 3161 2331 3248 χαρτία,
2363 3176 2422 3228 οὐ
2453 3170 2902 3243 τιμωρηθήσεταί
2933 3184 3017 3231 τις
3047 3168 3108 3218 ἐκ
3139 3165 3350 3221 τούτου.
3393 3161 3469 3226 ᾡς
3501 3173 3678 3226 παραυ

438 3261 815 3323 tranSgrcssus
841 3259 935 3320 sit,
960 3268 1015 3313 et
1045 3276 1166 3313 cum
1194 3260 1299 3313 alia
1331 3275 1562 3328 persona
1596 3259 2004 3314 matrimonium

439 3349 798 3402 contraxerit.
860 3351 1014 3405 Scias
1069 3361 1276 3412 autem,
1338 3353 1484 3420 qtlutl
1536 3367 1565 3405 a
1605 3353 1721 3422 iege
1775 3351 2012 3406 Mosaira

358 3487 368 3502 ,κ
440 3443 714 3507 sponsalia
792 3459 888 3512 pro
960 3445 1165 3513 nuptiis
1231 3447 1648 3510 reputahantur,
1703 3456 1765 3507 ct.
1811 3461 2012 3514 sponsa

443 3551 580 3588 uxor
623 3536 1030 3601 nominabatur,
1065 3549 1119 3590 ct
1152 3539 1196 3590 si
1241 3539 1321 3588 vir
1343 3539 1482 3590 alter
1509 3555 1628 3591 eam
1661 3538 1919 3601 ducelnal,
1956 3551 2014 3592 ut

439 3627 666 3680 adulter
701 3628 1049 3694 puniebalnr.
1100 3631 1235 3682 Dicit
1276 3631 1420 3683 enim
1468 3631 1549 3684 lex
1593 3632 1644 3683 in
1684 3630 1863 3685 Vctrri
1907 3631 2012 3685 Te-

442 3714 766 3774 stamento:
809 3719 871 3774 Ει
909 3720 1200 3776 httmiliavit
1250 3737 1465 3776 uxorem
1530 3726 1757 3791 proximi
1780 3725 1846 3788 ⁸9,
1894 3726 2013 3796 cjtls

443 3815 660 3870 scilicet
688 3830 948 3884 sponsam
985 3814 1372 3883 devirginavit.
1413 3813 1591 3870 Porro
1639 3826 1829 3872 sancta
1879 3835 2016 3888 quo-

448 3923 553 3976 que
584 3906 746 3976 Virgo
777 3918 843 3962 et‘
882 3907 972 3961 Dei
1023 3907 1214 3973 Mater,
1247 3908 1432 3962 itidem
1478 3907 1698 3977 Josephi
1743 3926 1881 3965 uxor
1917 3927 2014 3979 ap-

445 3999 642 4066 pellata
673 4006 776 4053 est.
815 3997 957 4051 Dicit
989 4000 1133 4052 enim
1167 3999 1413 4054 divinum
1442 4009 1496 4055 et
1522 4015 1740 4055 sacrum
1769 4003 2016 4073 Evange-

442 4094 600 4155 lium,
641 4089 724 4145 N32
750 4091 936 4144 timeas
979 4093 1208 4158 accipere
1251 4091 1479 4146 Mariam
1506 4109 1722 4148 uxorem
1775 4104 1920 4149 tuam
1947 4098 2011 4151 ‘°.

445 4185 588 4252 Lege
637 4197 692 4238 et
737 4183 806 4238 93
838 4182 1124 4237 Novellam
1184 4185 1531 4254 imperatoris
1561 4184 1768 4240 domini
1817 4186 2014 4244 Leonis

447 4275 782 4348 Philosophi,
818 4291 939 4342 quae
973 4276 1104 4329 solvi
1139 4277 1419 4344 sponsalia
1469 4277 1696 4342 statuit,
1747 4280 1793 4333 si
1826 4289 2014 4349 postea

445 4369 642 4423 mulier
687 4383 975 4438 pnegnans
1032 4369 1250 4420 inventa
1304 4367 1468 4422 fuerit
1552 4385 1614 4422 ex
1680 4370 2017 4438 praecedente

444 4460 606 4514 alicui
631 4461 858 4536 seminis
897 4461 1246 4528 susceptione

924 4645 1109 4698 Altera
1143 4645 1537 4712 interpretatio.

515 4737 654 4792 Nota
684 4753 748 4792 ex
781 4738 1108 4807 praecedenti
1139 4751 1378 4800 canone,
1409 4737 1558 4804 quod
1596 4745 1651 4788 et
1695 4745 1820 4788 ante
1852 4735 2020 4803 impe-

446 4830 646 4912 ratoris
676 4830 880 4885 domini
913 4830 1090 4884 Aiexii
1113 4830 1378 4883 Comneni
1413 4827 1692 4882 Noveliam
1716 4829 2018 4892 sponsalia,

449 4924 556 4978 nisi
596 4923 799 4991 justam
851 4924 920 4977 ob
949 4937 1212 4985 causam,
1268 4935 1376 4974 non
1421 4919 1846 4973 dissolvebatur.
1892 4920 2022 4972 Pro-

457 5025 640 5084 pterea
673 5019 817 5071 enim
853 5017 905 5070 in
939 5013 1194 5070 adulterii
1233 5012 1447 5066 crimen
1486 5010 1783 5077 incidebat,
1813 5014 1906 5081 qui
1938 5014 2021 5068 vel

452 5109 832 5174 fornicatione,
860 5110 944 5162 vel
978 5103 1331 5160 matrimonio
1383 5103 1610 5155 alterius
1639 5118 1854 5171 sponsa:
1888 5120 2022 5159 cou-

447 5201 676 5269 junctus
741 5210 846 5256 est.
905 5199 1011 5254 Sed
1066 5207 1120 5252 et
1179 5197 1282 5250 hoc
1324 5201 1589 5262 praeterea
1645 5194 2022 5266 scias,'quod

455 5293 628 5347 sancti
683 5292 895 5355 Patres,
951 5301 1010 5344 ut
1061 5289 1137 5342 ait
1194 5301 1394 5349 canon,
1451 5301 1598 5351 eum,
1644 5287 1738 5354 qui
1797 5289 2023 5345 alterius

456 5401 714 5454 sponsam
746 5387 798 5439 in
837 5381 1255 5438 matrimonium
1299 5380 1475 5444 ducit,
1511 5376 1768 5433 adulterii
1801 5385 2022 5438 crimini

525 5501 568 5531 ³⁹
607 5501 760 5562 Deut,
793 5515 925 5561 χιιι,
956 5498 1047 5552 24.
1125 5494 1387 5548 “Matth.
1419 5509 1456 5555 ι,
1499 5491 1597 5544 ΞΟ.

2119 3273 2321 3326 ϐαίνων
2368 3271 2436 3340 τὰ
2488 3265 2953 3336 συμφωνούμενα,
2996 3261 3091 3314 καὶ
3129 3255 3504 3310 συναλλάττων
3565 3248 3679 3340 μεθῘ

2118 3368 2306 3433 ἑτέρου
2338 3338 2631 3433 προσώπου
2658 3359 2856 3428 γάμον.
2883 3355 3120 3407 Γίνωσκε
3145 3351 3200 3403 δὲ
3225 3350 3305 3401 ὅτι
3337 3346 3433 3399 καὶ
3463 3343 3571 3397 ἀπὸ
3589 3338 3679 3392 τοῦ

2117 3455 2414 3512 Μωσαῖκοῦ
2448 3454 2616 3522 νόμου
2650 3453 2683 3520 ἡ
2730 3447 2997 3519 μνηστεία
3034 3445 3108 3506 ὡς
3140 3443 3316 3512 γάμος
3365 3437 3640 3504 ἐλογίζετο
3664 3446 3680 3461 ⁸

2119 3551 2213 3603 καὶ
2241 3550 2273 3618 ἡ
2303 3545 2517 3616 μνηστὴ
2545 3541 2759 3614 γαμετὴ
2791 3538 3218 3607 κατωνομάζετο
3241 3575 3255 3598 ,
3286 3533 3382 3586 καὶ
3419 3533 3448 3584 ό
3481 3529 3678 3593 ταῦτην

2118 3641 2388 3710 ἀγόμενος
2429 3638 2615 3705 ἕτερος
2673 3633 2813 3704 ἀνὴρ
2852 3633 2929 3694 ὡς
2965 3631 3152 3699 μοιχος
3184 3625 3502 3688 ἐκολάζετο.
3549 3619 3678 3684 thyrsi

2117 3734 2227 3804 γὰρ
2252 3735 2279 3785 ὀ
2307 3731 2467 3800 νόμος
2516 3730 2574 3780 ὲν
2615 3729 2680 3797 τῇ
2715 3725 2928 3794 Παλαιᾷ
2954 3740 2967 3754 ’
3012 3721 3120 3776 Kal
3151 3718 3524 3774 ἐταπείνωσε
3579 3712 3678 3776 τὴν

2112 3825 2374 3896 γυναῖκα
2413 3822 2519 3876 τοῦ
2561 3819 2832 3889 πλησίον
2856 3858 2870 3881 ,
2927 3816 3097 3886 ἤγουν
3130 3810 3551 3879 διεπαρθένευσε
3587 3804 3682 3897 τὴν

2123 3917 2368 3988 μνηστὴν
2397 3913 2612 3966 τούτου.
2646 3911 2756 3963 Καὶ
2786 3910 2819 3977 ἡ
2863 3908 2998 3976 ἁγία
3039 3903 3316 3974 Παρθένος
3349 3900 3446 3952 καὶ
3477 3896 3676 3988 Θε-ομήζ

2120 3983 2233 4077 τωρ
2260 3983 2402 4058 οὕτω
2432 4003 2568 4071 γυνὴ
2593 4000 2685 4053 τοῦ
2721 3997 2918 4068 Ἰωσὴφ
2942 3994 3299 4065 ἐχρημάτισε.
3329 3989 3468 4051 Φησὶ
3498 3986 3606 4053 γὰρ
3630 3983 3680 4034 τὲ

2121 4099 2264 4151 θεῖον
2303 4095 2398 4149 καὶ
2453 4094 2594 4161 ιερδν
2646 4089 3013 4157 εὐαγγέλιονο
3049 4080 3140 4149 Μὴ
3185 4078 3457 4151 φοϐηθῇς
3508 4092 3661 4142 παρα

2119 4189 2328 4244 λαϐεῖν
2356 4187 2589 4254 Μαρίαν
2623 4183 2737 4251 τὴν
2768 4175 3025 4249 γυναῖκά
3063 4192 3200 4228 σου.
3246 4167 3548 4236 mat-(me:
3597 4164 3680 4217 mi

2120 4260 2242 4350 τὴν,
2282 4276 2368 4345 ἥγ’
2423 4277 2640 4343 Νεαρὰν
2690 4271 2782 4326 τοῦ
2823 4271 3088 4340 βασιλέως
3124 4264 3294 4336 κυροῦ
3332 4263 3558 4321 Λέοντος
3589 4255 3680 4350 *τοῦ

2122 4347 2444 4437 Φιλοσόφου,
2504 4361 2886 4431 διοριζομένην
2942 4357 3164 4410 λύεσθαι
3211 4354 3312 4422 τὴν
3372 4347 3680 4437 μνηστείαν,

2124 4459 2220 4510 ἐὰν
2274 4433 2414 4525 μετά
2452 4455 2658 4522 ταύτην
2710 4453 2742 4520 ἠ
2794 4449 2932 4519 γυνὴ
2985 4442 3264 4515 φωραθείη
3305 4433 3678 4508 ἐγκυμονοῦσα

2057 4552 2097 4603 D
2123 4554 2186 4603 ἐκ
2225 4552 2364 4617 ττροῦ
2377 4547 2604 4615 ποδοχῆς
2633 4541 2930 4611 ἀλλοτρίων
2977 4526 3332 4607 σπερμάξων.

2561 4637 2767 4706 Ἑτέρα
2797 4632 3079 4702 ἐρμήνειιι
3125 4629 3262 4699 (ll).

2198 4735 2518 4806 Σημείωσαι
2550 4731 2656 4782 ἀπὸ
2681 4727 2777 4780 τοῦ
2808 4725 3072 4798 παρόντος
3111 4721 3334 4780 κανόνος
3357 4712 3441 4769 ὅτι
3467 4715 3561 4767 καὶ
3590 4709 3684 4782 api:

2124 4832 2222 4898 τῆς
2245 4827 2463 4895 Νεαρᾶἱς
2487 4823 2580 4876 τοῦ
2609 4819 2874 4891 βασιλέως
2901 4815 3070 4886 κυροῦ
3089 4813 3327 4879 Ἀλεξίου
3349 4809 3443 4862 τοῦ
3477 4811 3685 4876 Κομνη-

2130 4924 2221 4977 νοῦ
2256 4925 2358 4975 οὐκ
2410 4920 2598 4972 ἐλύετο
2638 4920 2669 4987 ἡ
2707 4914 3010 4986 μνηστεία,
3072 4912 3120 4962 εί
3178 4909 3254 4980 μὴ
3297 4906 3404 4961 ἀπὺ
3460 4905 3687 4970 εὐλόγων

2131 5021 2344 5071 αἰτίων.
2387 5014 2484 5066 Διὰ
2532 5014 2641 5080 γὰρ
2684 5010 2841 5062 τοῦτο
2893 5008 2989 5072 καὶ
3044 5005 3122 5073 τῷ
3151 5001 3253 5071 τῆς
3299 4999 3546 5070 μοιχείας
3592 4997 3686 5049 ὑπ-

2128 5109 2358 5161 έπιπτεν
2401 5106 2708 5174 ἐγκλήματι
2759 5104 2787 5155 ὁ
2847 5099 3251 5166 συναπτόμενος
3335 5087 3611 5160 πορνικῶς
3655 5085 3684 5153 ἢ

2132 5201 2393 5268 γαμικῶς
2445 5202 2510 5268 τῇ
2561 5198 2733 5268 ἑτέρῳ
2783 5189 3249 5263 μεμνηστευμὲνῃ
3285 5201 3299 5214 ·
3355 5185 3590 5252 γίνωσκε
3636 5179 3686 5230 δὲ

2133 5295 2228 5346 καὶ
2260 5291 2422 5344 τοῦτο
2456 5291 2538 5343 ὅτι
2573 5290 2620 5341 oi
2675 5287 2776 5356 μὲν
2828 5285 2977 5352 ἆγιοι
3017 5283 3280 5348 Πατὲρες,
3334 5274 3409 5337 ὡς
3456 5275 3484 5325 ὁ
3519 5269 3688 5325 κανών

2134 5402 2292 5456 φησι,
2343 5383 2421 5452 τῷ
2448 5386 2546 5452 τῆς
2591 5380 2838 5449 μοιχείας
2874 5375 3182 5444 ἐγκλήματι
3220 5365 3685 5423 καθυποϐάλλουσι

1644 5608 1806 5666 Guill
1823 5653 1838 5668 .
1869 5605 2191 5683 Beveregii
2237 5613 2401 5667 noue

533 5735 643 5799 (ll)
682 5733 878 5799 Ἑτέρα
907 5734 1201 5801 ἑρμηνεία.
1242 5733 1390 5787 Hanc
1414 5732 1636 5786 alteram
1673 5729 1832 5798 hujus
1861 5721 2027 5801 canti-

460 5798 547 5860 nis
586 5798 1102 5871 interpretatiteucm
1161 5822 1259 5860 ms.
1307 5812 1493 5858 nostro
1533 5801 1824 5856 Bodleiano
1860 5798 2024 5855 debe-

2135 5749 2253 5786 mus
2287 5750 2300 5785 :
2333 5747 2507 5802 neque
2536 5729 2676 5784 cnim
2712 5729 2762 5782 in
2793 5725 2897 5781 alin
2929 5723 3144 5794 quovis,
3169 5726 3431 5790 «utentum
3467 5717 3677 5776 scimus,

2133 5811 2326 5858 exstat.
