3992 6484
297 403 407 468 857
1331 406 1411 465 IN
1453 405 1621 466 CAN.
1652 405 1836 465 XCIX
1864 403 2070 467 CONC.
2109 405 2191 465 ΙΝ
2239 405 2565 468 TRULLO.
3428 404 3535 467 858

295 515 393 569 τὺν
422 512 526 583 τὴν
565 510 663 566 τοῦ
710 508 901 584 ἐτέρου
929 515 1180 586 μνηστὴν
1218 516 1298 575 είς
1335 518 1514 587 γάμον
1546 519 1814 588 ἀγόμενον
1848 535 1862 549 ·

1969 514 2131 585 277
2160 515 2481 581 subjiciunt.
2510 516 2768 571 Nonnulli
2797 522 2976 571 autem
2998 532 3027 569 e
3049 514 3227 570 doctis
3254 514 3543 578 nimirum,

295 609 448 669 τινὲς
494 606 554 659 δὲ
602 605 714 660 τῶν
759 605 960 676 λογίων
1011 608 1171 677 δῆθεν
1222 610 1321 680 τῆς
1372 612 1627 682 τοιαύτης
1684 613 1871 682 ἐνοχῆς

1978 607 2289 662 istiusmodi
2314 608 2650 677 obligatione
2676 596 3127 665 etiii'iartiliciose
3160 609 3418 663 liberant.
3453 609 3538 660 lti-

291 700 615 769 εὐμεθόδως
664 700 828 754 αὑτὸν
876 700 1281 755 ἀπαλλάττουσι
1312 720 1326 733 ·
1366 704 1582 771 λέγουσι
1626 704 1733 776 γάρ
1773 706 1867 772 ὡς,

1976 709 2106 757 cunt
2126 700 2296 765 enim,
2324 702 2469 771 quod
2503 702 2549 757 si
2575 702 2953 771 ante-nuptias
2990 716 3227 770 sponsus
3256 712 3310 755 et
3336 716 3549 769 sponsa.

295 792 397 843 ἐὰν
426 792 534 860 πρὸ
558 792 653 845 τοῦ
688 792 871 861 γάμου
905 794 1234 847 συνέλθωσιν
1260 795 1288 848 ὂ
1316 812 1375 847 τε
1396 796 1657 866 μνηστήρ
1703 800 1797 851 καί
1836 800 1869 868 ή

1974 792 2329 854 conveniant,
2378 800 2432 847 et
2479 792 2650 847 lilium
2706 793 3139 862 procreaverint,
3182 792 3430 844 naturale
3490 792 3544 844 id

300 884 544 952 μνηστὴ,
587 885 683 937 καὶ
730 885 932 936 τέκωσι
986 886 1187 947 παῖδα,
1228 887 1457 955 φυσικὸν
1516 886 1653 943 εἶναι
1680 891 1869 943 τοῦτον

1974 898 2096 939 esse
2123 895 2432 950 peccatum,
2480 893 2533 938 et
2572 884 2954 938 fornicationis
2983 883 3223 953 speciem
3267 901 3280 937 :
3322 882 3365 935 si
3402 898 3543 935 unus

294 974 394 1022 καὶ
440 974 763 1041 πορνογενῆ,
802 974 918 1036 ἐνὸς
950 974 1059 1027 τῶν
1094 977 1419 1046 μνηστήρων
1449 977 1868 1049 τελευτήσαντος

1972 994 2001 1032 e
2047 978 2336 1046 desponsis
2386 986 2512 1032 ante
2576 981 2796 1047 nuptias
2849 977 3137 1031 moriatur.
3203 974 3313 1029 Nos
3353 984 3536 1029 autem

294 1060 409 1127 πρὸ
435 1062 529 1114 τοῦ
563 1063 767 1132 γάμου.
817 1063 1012 1133 Ἡμεῖς
1042 1065 1100 1118 δέ
1129 1084 1313 1134 φαμεν
1346 1068 1431 1121 ὅτι
1478 1070 1573 1121 καὶ
1616 1070 1721 1140 πρὸ
1770 1071 1869 1140 τῆς

1972 1071 2240 1133 dicimus,
2299 1070 2442 1137 quod
2511 1074 2673 1123 etiam
2736 1079 2863 1123 ante
2937 1069 3287 1138 imperatoris
3331 1067 3543 1120 domini

258 1228 259 1235 γ
286 1152 520 1224 Νεαρᾶς
547 1156 640 1209 τοῦ
677 1156 941 1226 βασιλέως
963 1160 1133 1231 κυροῦ
1164 1162 1402 1226 Ἀλεξίου
1431 1164 1523 1216 τοῦ
1552 1164 1834 1233 Κομνηνοῦ

1970 1163 2141 1217 Alexii
2173 1163 2436 1218 Comneni
2472 1160 2751 1218 Novellam
2776 1206 2790 1227 ,
2820 1178 2941 1231 qua:
2967 1163 3312 1215 matrimonio
3350 1161 3403 1214 in
3426 1176 3543 1213 0m-

288 1245 396 1312 τῆς
449 1246 790 1318 ὲξισωσάσης
866 1249 963 1321 τὴν
1018 1253 1319 1322 μνηστείαν
1372 1256 1514 1309 κατά
1560 1258 1740 1310 πάντα
1787 1256 1864 1326 τῷ

1969 1255 2133 1309 nibus
2161 1253 2439 1323 sponsalia
2460 1253 2839 1322 aequiparavit,
2871 1251 3091 1319 sponsis
3113 1249 3535 1304 matrimonialia

288 1335 489 1405 γάμώ,
528 1342 640 1401 τοῖς
697 1342 1009 1411 μνηστῆρσι
1039 1346 1256 1412 γαμικὰ
1281 1346 1404 1397 κατ’
1433 1332 1683 1418 ἀλλήλοιν
1714 1349 1864 1419 παρὰ

1968 1347 2023 1399 in
2079 1360 2137 1400 se
2198 1346 2443 1400 invicem
2496 1346 2619 1415 jura
2688 1360 2719 1398 a
2775 1344 2985 1415 legibus
3055 1356 3316 1403 concessa
3393 1349 3540 1394 sunt.

284 1425 405 1477 τῶν
457 1427 639 1496 νόμων
684 1430 953 1499 ἐδόθησαν
1003 1431 1213 1486 δίκαια.
1245 1434 1320 1487 Ἥ
1358 1453 1417 1511 τε
1470 1436 1580 1508 γάρ
1628 1439 1860 1509 μνηστὴ,

1974 1437 2187 1507 Sponsa
2222 1438 2392 1499 enim,
2426 1437 2472 1491 si
2502 1436 2781 1506 sponsalia
2816 1444 2941 1490 ante
2978 1435 3198 1504 nuptias
3230 1433 3540 1486 dissolvan-

284 1519 402 1587 πρὸ
434 1519 543 1572 τῶν
571 1521 765 1590 γάμων
790 1522 1059 1595 λυομένης
1087 1527 1185 1595 τῆς
1214 1529 1512 1597 μνηστείας
1543 1571 1559 1596 ,
1590 1530 1691 1601 τὴν
1733 1532 1860 1603 περὶ

1966 1538 2079 1594 tur,
2133 1529 2203 1584 de
2259 1528 2386 1583 dote
2439 1529 2710 1583 actionem
2755 1535 2938 1583 movet
2984 1528 3054 1582 ob
3109 1526 3291 1580 datam
3336 1538 3541 1594 sponso

285 1613 533 1680 προικὸς
559 1614 783 1685 ἀγωγὴν
812 1616 981 1669 ἐκίνει
1014 1619 1179 1688 ,χάριν
1204 1620 1302 1689 τῆς
1332 1621 1583 1691 δοθείσης
1618 1624 1696 1691 τῷ
1730 1641 1861 1694 μνη⁶

1965 1623 2144 1678 dotem
2174 1661 2190 1687 ,
2243 1622 2401 1689 juxta
2457 1620 2762 1675 secundum
2805 1621 2987 1673 thema
3040 1634 3163 1688 cap.
3209 1618 3312 1680 l7,
3365 1616 3449 1669 tit.
3489 1616 3541 1679 7,

283 1704 457 1773 στῆρι
492 1707 743 1774 προικὸς,
778 1709 918 1762 κατὰ
951 1710 1010 1761 τὸ
1035 1709 1286 1777 δεύτερον
1315 1712 1455 1783 θέμα
1485 1715 1578 1767 τοῦ
1624 1716 1690 1780 ιζ’
1732 1734 1857 1785 κεφ.

1965 1715 2060 1768 lib.
2097 1696 2465 1778 tx,‘dicens§
2515 1700 2709 1768 Mulier
2744 1713 2925 1767 dotem
2961 1713 3119 1775 dans,
3157 1712 3203 1766 si
3240 1720 3407 1777 nupta
3434 1723 3541 1761 non

277 1796 384 1847 τοῦ
441 1797 485 1859 ζ’
537 1797 715 1850 τίτλου
765 1800 860 1852 τοῦ
906 1800 950 1852 θ’
996 1800 1228 1870 βιϐλίου,
1285 1803 1443 1872 λέγον
1473 1822 1487 1836 ο
1536 1806 1598 1858 Ἦ
1650 1807 1853 1878 μνηστὴ

1965 1804 2147 1872 fuerit,
2182 1807 2327 1861 dotis
2358 1808 2701 1876 privilegium
2746 1806 2925 1860 habet.
2962 1805 3042 1858 Et
3092 1804 3246 1873 juxta
3278 1818 3400 1867 cap.
3442 1800 3532 1864 74,

280 1886 515 1941 διδοῦσα
549 1891 771 1959 προῖκα,
828 1892 875 1943 εί
910 1862 1006 1963 μὴ.
1030 1862 1280 1965 γαμηθῇ,
1318 1862 1429 1967 ἔχει
1456 1899 1533 1969 ιτὸ
1571 1862 1856 1977 τῆςπιροιί

1964 1900 2048 1954 ιίι.
2075 1862 2146 1960 1,,
2167 1899 2263 1953 lib.
2296 1862 2445 1966 xxix,
2472 1862 2662 1954 dicens
2688 1916 2703 1955 :
2740 1898 2980 1967 Sponsa,
3015 1862 3135 1965 qua:
3160 1862 3537 1963 dotem-dedit,

281 1978 385 2039 κὸς
420 1981 753 2051 προνόμιον*
807 1985 900 2063 καὶ
956 1986 1097 2039 κατὰ
1153 1988 1214 2039 τὸ
1262 1989 1332 2041 οδ¹
1378 2007 1503 2059 κεφ.
1532 1991 1623 2044 τοῦ
1683 1989 1730 2043 α’
1770 1994 1854 2045 τί-

1962 2001 2014 2046 et
2060 2008 2165 2045 non
2203 1994 2406 2061 nupsit,
2438 1999 2492 2046 et
2524 2008 2645 2061 qum
2676 1993 2854 2044 minor
2879 1999 2962 2044 est
3012 1988 3302 2043 duodecim
3355 1987 3537 2049 annis,

277 2072 417 2125 τλου
455 2074 548 2126 τοῦ
599 2074 681 2127 κθ’
717 2076 947 2146 βιϐλίου,
1000 2079 1160 2151 λέγον
1197 2098 1211 2114 ο
1264 2081 1327 2134 Ἦ
1382 2086 1591 2155 μνηστὴ
1623 2102 1853 2156 παρεχο-

1964 2087 2306 2156 privilegium
2354 2074 2633 2155 repetendi
2678 2086 2844 2139 habet
2873 2086 3176 2138 secundum
3213 2083 3357 2135 dotis
3384 2081 3540 2133 simi-

282 2167 429 2235 μένη
472 2172 671 2239 προῖκα
706 2172 800 2222 καὶ
838 2171 912 2243 μὴ
954 2174 1287 2245 γαμηθεῖσα,
1329 2177 1422 2229 καὶ
1535 2179 1715 2249 ἥττων
1746 2180 1855 2233 τῶν

1962 2175 2271 2251 litudinem.
2310 2174 2654 2245 Privilegium
2700 2184 2879 2226 autem
2916 2174 2971 2226 in
3007 2172 3319 2225 actionibus
3351 2184 3538 2239 perso-

281 2255 353 2325 ιβ’
412 2259 569 2320 ἑτῶν,
633 2262 926 2331 προνόμιον
994 2263 1106 2332 ἔχει
1170 2265 1525 2336 ἀπαιτήσεως
1573 2271 1717 2321 κατὰ
1769 2270 1857 2339 μί-

1960 2268 2173 2322 nalibus
2206 2267 2384 2323 locum
2419 2266 2604 2319 habet.
2642 2265 2706 2319 Et
2734 2281 2996 2332 sponsus,
3028 2265 3184 2333 juxta
3218 2275 3532 2330 praesentem

283 2364 459 2417 μησιν
486 2352 584 2417 τῆς
614 2352 863 2421 προικός.
889 2351 959 2406 Τὸ
988 2353 1044 2406 δὲ
1075 2355 1366 2426 προνόμιον
1392 2358 1450 2410 ὲν
1482 2360 1599 2420 ταῖς
1638 2375 1853 2429 προσω-

1960 2373 2246 2423 canonem,
2274 2366 2328 2412 et
2391 2373 2512 2428 cap.
2554 2357 2607 2423 8,
2641 2359 2722 2412 tit.
2765 2357 2854 2423 58,
2891 2357 2985 2411 lib.
3018 2373 3109 2420 1.x,
3149 2367 3203 2410 et
3237 2357 3419 2409 thema
3475 2358 3531 2412 5.

276 2442 479 2504 πικαῖς
502 2444 747 2509 ἀγωγαῖς
778 2443 967 2513 χώραν
990 2446 1100 2515 ἔχει
1134 2463 1148 2477 ⁸
1184 2450 1277 2499 καὶ
1312 2450 1561 2518 μνηστὴρ
1587 2489 1599 2509 ,
1627 2452 1768 2503 κατά
1792 2468 1852 2502 τε

1960 2464 2080 2521 cap.
2106 2451 2194 2516 12,
2216 2452 2298 2504 tit.
2322 2451 2373 2514 7,
2396 2452 2490 2505 lib.
2515 2454 2744 2521 1.x,jurc
2761 2449 2885 2512 viri,
2918 2458 3027 2503 tam
3055 2459 3242 2503 contra
3273 2464 3529 2516 Sponsam

267 2531 376 2583 τὸν
410 2533 647 2603 παρόντα
686 2538 883 2589 κανόνα
922 2539 1016 2591 καὶ
1065 2540 1203 2591 κατὰ
1254 2539 1314 2593 τδ
1354 2548 1404 2609 η’
1447 2559 1574 2611 κειρ.
1623 2542 1717 2594 τοῦ
1769 2550 1843 2613 νη¹

1957 2542 2025 2597 ab
2059 2543 2164 2597 alio
2195 2552 2322 2598 ante
2361 2543 2577 2612 nuptias
2608 2551 2943 2611 corruptam,
2972 2557 3135 2610 quam
3175 2550 3364 2593 contra
3407 2557 3528 2594 eum

269 2624 463 2678 τίτλου
512 2628 606 2679 τοῦ
666 2628 705 2691 ξ’
753 2630 996 2698 βιϐλίου,
1049 2636 1141 2685 καὶ
1188 2634 1328 2685 κατὰ
1376 2636 1433 2686 τὸ
1487 2634 1530 2701 γ’
1581 2634 1717 2705 θέμα
1756 2636 1845 2689 τοῦ

1958 2634 2199 2705 quicum
2229 2650 2291 2688 ea
2346 2634 2674 2687 adulterium
2721 2632 3016 2695 commisit,
3052 2630 3304 2684 adulterii
3358 2630 3527 2683 aelio.

272 2713 351 2784 ιβ’
400 2733 523 2781 xw.
575 2720 667 2772 τοῦ
716 2718 755 2784 ξ’
804 2721 982 2774 τίτλου
1024 2723 1114 2775 τοῦ
1168 2723 1211 2785 ζ’
1253 2724 1481 2794 βιϐλίου,
1533 2725 1728 2794 δικαίῳ
1753 2727 1847 2778 ἀν-

1956 2739 2078 2777 nem
2112 2723 2375 2778 movebat.
2412 2723 2467 2776 Si
2495 2723 2680 2791 sponsi
2716 2723 2895 2791 itaque
2928 2731 3053 2775 ante
3095 2720 3372 2773 Novellam
3422 2720 3522 2770 Ιιιι-

270 2807 412 2876 δρὸς
438 2810 607 2863 ἐκίνει
633 2824 692 2863 το
721 2814 969 2882 μοιχικὸν
998 2815 1140 2867 κατά
1164 2808 1226 2867 τε
1255 2818 1353 2885 τῆς
1400 2818 1643 2886 μνηστῆς
1678 2817 1846 2887 ἑτέρῳ

1953 2813 2190 2882 jusmodi
2216 2815 2268 2867 in
2300 2830 2358 2869 se
2391 2815 2620 2869 invicem
2653 2814 2775 2885 jura
2818 2816 3151 2877 habuerant,
3196 2813 3367 2865 multo
3412 2830 3529 2864 ma-

272 2899 701 2971 συμφθαρείσης
750 2906 855 2974 πρὸ
885 2907 977 2958 τοῦ
1017 2906 1196 2977 γάμου
1230 2908 1325 2961 καὶ
1356 2909 1496 2962 κατὰ
1526 2909 1617 2962 τοῦ
1647 2909 1848 2981 ταύτην

1961 2907 2042 2976 gis
2076 2923 2172 2977 per
2204 2908 2497 2973 novellam,
2532 2924 2653 2977 qua:
2695 2907 2971 2979 sponsalia
3014 2907 3222 2975 nuptiis
3251 2905 3320 2957 ob
3344 2920 3526 2983 sacra-

272 2993 691 3059 μοιχεύσαντος.
742 2998 801 3049 Εἰ
861 2999 990 3067 γοῦν
1051 3001 1155 3071 πρὸ
1207 3003 1306 3071 τῆς
1363 3002 1579 3071 Νεαρᾶς
1625 3001 1847 3054 τοιαῦτα

1956 3013 2098 3061 rum,
2131 2998 2437 3055 divinarum
2461 3015 2682 3068 precum
2722 2984 3145 3054 celebrationem
3182 2997 3235 3050 in
3268 2996 3526 3050 omnibus

264 3082 462 3136 δίκαια
510 3082 654 3156 εἶχον
703 3092 825 3143 κατ’
863 3091 1106 3161 ἀλλήλων
1154 3096 1203 3146 οἱ
1266 3094 1614 3165 μνηστῆρες,
1669 3094 1840 3164 πολλῷ

1953 3088 2280 3158 ωηυίνίιιετε
2323 3090 2534 3143 statuit.
2571 3088 2914 3159 Quapropter
2962 3090 3125 3143 etiam
3159 3086 3358 3155 cenjux
3416 3101 3525 3139 sua:

266 3175 442 3228 πλέον
468 3178 555 3230 διὰ
577 3181 674 3249 τὴν
697 3181 936 3253 Νεαρὰν,
966 3184 1063 3253 τὴν
1094 3185 1473 3257 διοριζομένην
1509 3188 1842 3255 ἰσοδυναμεῖν

1955 3198 2167 3252 sponsa:
2220 3183 2582 3251 appellabitur
2627 3198 2898 3252 sponsus;
2959 3192 3015 3235 et
3068 3181 3159 3251 qui
3196 3197 3259 3233 ex
3298 3180 3366 3233 iis
3399 3194 3526 3248 pro-

266 3270 422 3322 κατὰ
456 3272 635 3325 πάντα
667 3277 766 3343 τὴν
798 3278 1096 3343 μνηστείαν
1145 3277 1223 3346 τῷ
1265 3280 1429 3349 γάμῳ
1467 3279 1555 3331 διὰ
1600 3280 1700 3345 τὴν
1734 3278 1842 3329 τῶν

1954 3280 2194 3335 creatur,
2236 3271 2514 3341 legitimus
2547 3286 2736 3325 eorum
2792 3271 2896 3325 erit
2942 3270 3083 3323 (ilius
3131 3278 3185 3322 et
3226 3269 3420 3328 haeres,
3473 3277 3524 3319 et

264 3360 448 3427 ἁγίων
480 3366 573 3415 καὶ
610 3364 767 3418 θείων
795 3368 971 3437 εὐχῶν
1002 3369 1225 3437 τελετήν
1256 3385 1269 3400 ⁸
1305 3370 1385 3423 διὸ
1427 3370 1520 3423 καὶ
1568 3370 1840 3439 ὁμόζυγος

1953 3365 2091 3433 patri
2126 3363 2230 3418 erit
2258 3358 2371 3418 r’sub
2414 3372 2700 3433 potestate,
2747 3366 2895 3418 nullo
2952 3363 3113 3417 modo
3170 3362 3472 3431 impeditus
3505 3398 3520 3423 .

263 3453 298 3502 6
339 3460 587 3526 μνηστὴρ
613 3458 943 3527 κληθήσεται
976 3461 1075 3530 τῆς
1105 3462 1241 3525 ίδίας
1275 3464 1515 3533 μνηστῆς
1546 3478 1560 3494 '
1595 3464 1689 3515 καὶ
1714 3463 1741 3513 6
1774 3463 1834 3525 ἐξ

1391 3464 1515 3532 στῆς
1546 3478 1560 3494 ·
1595 3464 1689 3515 καὶ
1714 3463 1741 3513 6
1774 3463 1834 3525 ἐξ
1950 3458 2091 3527 quod
2134 3458 2332 3527 nuptiae
2372 3472 2477 3511 non
2510 3453 2799 3513 celebranti
2819 3464 2967 3512 sunt.

262 3551 453 3603 αὐτῶν
482 3556 758 3624 γεννηθεὶς
787 3558 1005 3625 γνήσιος
1033 3559 1211 3611 αὐτῶν
1242 3559 1393 3612 ἔσται
1429 3562 1555 3621 παῖς
1588 3563 1681 3612 καὶ
1721 3556 2074 3627 κληρονόμος,
2120 3556 2211 3607 καὶ
2256 3555 2573 3619 ὑπεξούσιος
2608 3553 2681 3622 τῷ
2714 3555 2883 3623 πατρὶ
2921 3555 2985 3606 ἐκ
3020 3551 3113 3606 τοῦ
3161 3552 3232 3622 μὴ
3269 3549 3521 3603 γενέσθαι

260 3650 359 3704 τὸν
390 3652 588 3721 γάμον,
610 3654 747 3706 κατὰ
774 3654 994 3724 μηδένα,
1025 3656 1181 3724 λόγον
1206 3658 1650 3728 ἐμποδιζόμενος.

342 3744 588 3797 ΖΩΝΑΡ.
644 3744 757 3797 Νῦν
811 3746 909 3813 μὲν
942 3748 973 3816 ἡ
1007 3750 1273 3817 οινηστεὶα
1318 3750 1481 3819 γάμῳ
1536 3747 1851 3816 ίσοδυναμεῖ

2027 3739 2275 3794 ZONAR.
2339 3740 2649 3810 Sponsalia,
2703 3741 2805 3795 hoc
2859 3742 3078 3809 quidem
3130 3750 3401 3808 tempore,
3454 3757 3517 3794 ex
3598 3752 3603 3765 ‘

264 3839 334 3890 ὲκ
362 3838 582 3905 ΝεαρΞις
608 3837 698 3889 τοῦ
732 3837 997 3906 βασιλέως
1030 3839 1212 3910 Κυροῦ
1236 3841 1473 3905 Ἀλεξίου
1506 3840 1598 3903 τοῦ
1629 3842 1840 3907 Κομνη-

1947 3836 2295 3906 imperatoris
2334 3836 2503 3888 Alcxii
2538 3836 2800 3889 Comneni
2830 3835 3073 3900 Novella,
3106 3836 3351 3905 ejusdem
3390 3845 3519 3890 sunt

266 3930 389 3991 νοῦ,
426 3931 520 3983 καὶ
553 3929 711 3983 πάλιν
740 3930 816 3989 δὲ,
852 3932 973 3984 ἐπεὶ
999 3932 1210 4000 φίλημα
1254 3932 1363 3986 τῶν
1394 3931 1842 4003 μνηστευομένων

1944 3943 2068 3982 cum
2104 3926 2313 3998 nuptiis
2350 3929 2661 3996 potestatis.
2715 3927 2779 3983 Et
2830 3930 2959 3983 olim
2997 3930 3220 3999 quidem
3257 3930 3516 3998 quoniam

264 4022 365 4074 ἐπὶ
396 4026 460 4091 τῇ
501 4024 764 4093 μνηστείᾳ
811 4024 1022 4090 ἐγίνετο
1049 4066 1061 4087 ,
1100 4032 1192 4078 καὶ
1223 4024 1484 4096 ἀρραϐὼν
1513 4028 1577 4095 τῇ
1621 4025 1840 4093 γυναικὶ

1940 4019 2185 4076 osculum
2220 4035 2249 4073 a
2286 4020 2402 4074 viro
2434 4020 2486 4073 in
2512 4021 2858 4087 sponsalibus
2891 4037 3013 4075 cum
3051 4022 3361 4076 ari-habune
3395 4038 3516 4074 mu—

264 4114 568 4184 παρείχετο
612 4116 765 4183 παρὰ
816 4114 909 4168 τοῦ
964 4116 1183 4187 ἀνδρὸς,
1229 4119 1459 4181 εἰκότως
1494 4120 1593 4171 καὶ
1647 4119 1767 4170 τότε
1813 4118 1840 4171 ὁ

1938 4114 2060 4167 lieri
2116 4114 2405 4183 prtebitum
2457 4122 2622 4173 esset,
2651 4112 2775 4181 jure
2826 4115 3009 4177 liebat,
3053 4122 3111 4167 ut
3146 4114 3239 4184 qui
3275 4114 3393 4167 viro
3427 4132 3514 4167 sn-

264 4207 472 4269 ζῶντος
509 4208 602 4259 τοῦ
640 4209 941 4277 μνήστορος
973 4209 1075 4279 τὴν
1112 4212 1359 4279 μνηστὴν
1396 4214 1476 4274 είς
1508 4212 1685 4280 γάμον
1714 4212 1840 4277 ἀγό-

1936 4205 2167 4275 perstite
2191 4220 2452 4275 sponsam
2486 4204 2757 4268 duxisset,
2790 4204 3042 4260 adulterii
3075 4222 3201 4259 reus
3222 4216 3512 4276 ageretur;

267 4316 433 4366 μενος
463 4298 535 4367 τῷ
560 4299 661 4367 τῆς
694 4302 937 4369 μοιχείας
973 4303 1283 4371 ἐγκλήματι
1315 4303 1613 4356 καθίστατο
1636 4302 1838 4373 ἔνοχος’

1937 4312 1999 4350 ac
2032 4304 2147 4350 tum
2204 4296 2483 4365 sponsalia
2524 4296 2859 4359 rescindere,
2912 4308 2966 4351 et
3018 4299 3244 4351 multam
3280 4314 3344 4352 ex
3379 4314 3513 4350 con-

262 4391 370 4443 κᾶν
400 4391 530 4460 ἐξῆν
555 4394 676 4444 τότε
709 4392 861 4446 λύειν
913 4394 1011 4463 τὴν
1046 4396 1341 4465 μνηστείαν
1387 4397 1486 4462 τῆς
1523 4397 1711 4466 ποινῆς
1742 4399 1836 4448 τοῦ

1934 4386 2082 4440 dicto
2134 4387 2461 4456 prtelinitam
2500 4386 2719 4456 exigere
2757 4386 2976 4440 licebat.
3012 4389 3080 4439 At
3131 4388 3200 4446 si.
3235 4374 3510 4456 sponsali-

261 4481 573 4551 προστίμου
611 4483 1011 4554 παρεχομένης.
1082 4485 1222 4536 Ἀλλ’
1257 4487 1326 4549 εἰ,
1365 4487 1528 4555 μήπω
1558 4489 1658 4557 τῆς
1700 4503 1836 4556 μνη⁴

1933 4478 2034 4533 bus
2066 4478 2304 4533 nondum
2329 4478 2633 4541 dissolutis,
2676 4479 2871 4531 mulier
2892 4480 3257 4533 alterinscrat
3289 4494 3509 4547 sponsa,

264 4570 449 4633 στείας
481 4572 775 4643 λυθείσης,
813 4574 1023 4645 μνηστὴ
1065 4569 1133 4645 ἦν
1174 4576 1207 4645 ἡ
1257 4576 1391 4645 γυνὴ
1425 4578 1631 4648 ἑτέρου,
1675 4578 1768 4632 καὶ
1806 4581 1833 4632 6

1936 4579 1990 4623 et
2026 4570 2118 4639 qui
2150 4586 2267 4623 eam
2294 4570 2548 4633 ducebat,
2582 4572 2934 4637 adulterjure
2960 4571 3333 4639 judicabatur.
3355 4572 3510 4636 Quod

255 4663 465 4731 ταύτην
512 4663 691 4716 λαϐὼν
742 4667 926 4735 μοιχὸς
989 4668 1216 4729 εἰκότως
1260 4670 1524 4736 ἐκρίνετο.
1558 4670 1730 4722 Ὅπου
1776 4671 1831 4723 δὲ

1938 4662 1983 4717 si
2021 4678 2123 4715 nec
2152 4662 2401 4715 osculum
2441 4679 2539 4716 nec
2574 4663 2777 4732 aliquid
2815 4664 3141 4717 arrhabonis
3172 4664 3393 4716 nomine
3425 4665 3510 4716 in-

253 4754 381 4809 οὔτε
411 4757 622 4826 φίλημα
650 4757 771 4810 οὕτε
797 4759 942 4822 δόσις
971 4761 1295 4831 ἀρῤαϐῶνος
1321 4764 1829 4834 παρηκολούθησεν,

1938 4755 2302 4817 tercessisset,
2343 4766 2401 4807 ut
2434 4756 2487 4808 in
2521 4756 2608 4819 iis,
2645 4740 2765 4825 quae
2818 4756 3077 4809 dicuntur
3114 4756 3353 4821 vincula,
3410 4756 3509 4807 hoc

261 4849 337 4912 ὡς
366 4849 461 4901 νῦν
498 4849 707 4917 γίνεται
739 4854 831 4904 ἐπὶ
859 4853 969 4905 τῶν
998 4854 1308 4921 λεγομένων
1334 4855 1567 4925 δεσμῶν,
1587 4857 1687 4910 κᾶν
1715 4858 1832 4911 ἓτε-

1935 4854 2179 4915 tempore
2211 4847 2324 4899 lieri
2366 4848 2687 4913 consuevit;
2723 4857 2876 4909 tunc.
2910 4848 3013 4902 etsi
3066 4848 3351 4902 mulierem
3401 4847 3507 4901 sibi

260 4957 353 5009 ρος
379 4940 522 5013 λάϐῃ
546 4941 641 5011 τὴν
693 4946 961 5009 γυναῖκα,
1017 4946 1116 5017 οὐχ
1174 4947 1531 5002 ὑποπεσεῖται
1588 4950 1666 5019 τῷ
1731 4952 1830 5022 τῆς

1937 4938 2076 4990 alter
2140 4937 2480 5003 adjunxcrit,
2568 4940 2821 4992 adulterii
2886 4940 3246 4995 nihilominus
3312 4940 3505 4995 crimi-

258 5032 510 5099 μοιχείας
555 5035 723 5105 ὲγκλή
735 5054 884 5105 ματι.

1932 5028 2020 5082 nis
2062 5028 2321 5081 immunis
2349 5028 2777 5082 existimabitur.

254 5121 478 5177 ΑΡΙΣΤ.
543 5144 560 5175 ι
600 5129 803 5197 Μοιχός
839 5132 986 5183 ἐστιν
1016 5134 1162 5201 ότὴν
1187 5134 1358 5204 ἑτέρῳ
1390 5137 1829 5205 μνηστευοεῖσαν

1932 5116 2159 5173 ARIST.
2198 5138 2216 5171 ι
2242 5120 2468 5173 Adulter
2500 5128 2583 5174 est
2614 5120 2705 5187 qui
2739 5120 2892 5175 alteri
2924 5123 3249 5191 desponsam
3279 5122 3451 5177 ducit.
3478 5140 3495 5174 ι

748 5223 1034 5289 ἀγόμενος.
1050 5244 1068 5275 ι
1102 5227 1330 5295 Σαφιὶς.

1318 5270 1330 5283 ι
2544 5212 2887 5281 Perspicuus.

850 5316 1085 5369 κΑΝοΝ
1122 5318 1235 5385 ιβ’.
1702 5344 1705 5349 ι

1702 5344 1705 5349 λ
2479 5301 2708 5356 ΟΑΝΟΝ
2766 5304 2950 5360 XCIX.

262 5417 283 5452 ι
329 5401 441 5455 Καὶ
488 5402 647 5455 τοῦτο
695 5404 750 5456 δὲ
796 5406 856 5457 ὲν
906 5410 972 5477 τῇ
1020 5410 1323 5480 Ἀρμενίων
1367 5416 1523 5489 χώρᾳ
1576 5419 1825 5486 γενεσθαι

2022 5401 2166 5451 ὀι-το
2196 5397 2299 5450 hoc
2337 5413 2557 5481 quoque
2594 5400 2646 5452 in
2701 5400 3087 5454 Armeniorum
3123 5401 3344 5471 regione
3380 5401 3495 5455 ﬁeri
3592 5450 3598 5457 .

334 5512 351 5542 ι
399 5494 826 5566 μεμαθήκαμεν,
878 5498 952 5561 ὦς
1000 5518 1166 5567 τινες,
1224 5505 1374 5560 ἔνδον
1413 5511 1611 5573 ἐντοῖς
1658 5514 1826 5580 ἱεροῖς

2009 5510 2025 5540 ‹
2055 5492 2371 5557 didicimus,
2407 5492 2551 5561 quod
2581 5492 2802 5560 quidam
2841 5494 2990 5549 intus
3015 5496 3067 5547 in
3101 5497 3273 5550 sacris
3304 5495 3496 5548 altari-

328 5601 346 5634 ι
398 5583 812 5657 Θυσιαστηρίοις
848 5591 984 5661 μέλη
1018 5595 1195 5660 κρεῶν
1222 5597 1445 5665 ἕψοντες
1468 5641 1482 5663 ,
1516 5605 1820 5671 προσάγους

2003 5600 2021 5630 ι
2062 5581 2164 5635 bus
2221 5582 2468 5635 carnium
2510 5583 2752 5637 membra
2802 5593 3101 5653 coquentes
3139 5586 3309 5639 frusta
3360 5586 3493 5639 offc-

332 5695 346 5723 ι
402 5694 487 5730 σιν
522 5681 885 5751 άφαιρέματα
911 5687 1023 5747 τοῖς
1050 5686 1317 5754 ἱερεῦσιν,
1346 5690 1652 5758 Ἰουδαϊκῶς
1690 5698 1815 5749 ἁποο

2004 5690 2019 5719 σ
2058 5683 2186 5727 runt
2221 5674 2600 5729 sacerdotibus
2627 5672 2852 5729 Jndaice
2888 5676 3302 5731 distribuentes.
3338 5677 3489 5744 Quo-

331 5785 349 5814 ι
398 5769 651 5838 νέμοντες
682 5787 697 5805 ο
730 5774 851 5825 ὅθεν
878 5773 937 5824 τὸ
968 5775 1067 5844 τῆς
1104 5777 1433 5848 Ἐκκλησίας
1458 5778 1819 5851 φυλάττοντες

2004 5765 2199 5818 «circa
2297 5764 2598 5820 Ecclesium
2690 5765 3093 5820 immaculatam
3179 5782 3487 5836 servantes,

326 5876 344 5909 ι
397 5860 743 5932 άκηλίδωτον,
767 5863 1019 5934 ὁρίζομεν
1049 5868 1121 5937 μὴ
1150 5867 1346 5933 ἐξεῖναί
1376 5890 1477 5927 τινι
1503 5876 1609 5931 τῶν
1630 5877 1816 5947 ἱερέων

2002 5876 2019 5907 ι
2052 5858 2367 5925 statuimus,
2400 5857 2532 5913 nulli
2569 5858 2733 5913 licere
2783 5860 3327 5930 saccrdotiscparata
3364 5880 3482 5919 cat-
