3992 6484
493 373 596 427 850

567 506 586 537 ‹
624 487 772 542 nium
807 487 1048 540 membra
1082 489 1148 541 ab
1200 489 1559 545 oﬁcrentibus
1614 492 1903 560 accipere;
1963 490 2060 545 sed
2092 504 2134 555 Α

567 598 584 627 ι
619 578 685 632 iis
734 578 845 632 sint
876 581 1145 643 contenti,
1202 596 1322 648 qua:
1376 581 1626 635 offerenti
1680 583 1797 637 visa
1837 583 2062 647 fuerint;

567 690 585 720 ε
625 672 892 738 ejusmodi
928 672 1206 727 oblatione
1251 683 1407 727 extra
1436 673 1736 730 Ecclesiam
1770 675 1910 730 facta
1944 692 1960 728 :
2017 674 2061 730 si

570 786 585 814 ι
619 766 744 832 quis
770 775 954 819 autem
987 767 1092 819 hoc
1123 781 1230 819 non
1267 765 1486 833 fecerit,
1518 775 1862 836 segregctur.
1899 786 1918 818 ι

564 941 760 997 BALS.
821 943 964 1002 Scis.
1014 946 1160 1014 quod
1189 962 1313 1000 cum
1348 947 1526 1003 Moses
1552 948 1814 1018 jussisset
1844 949 2069 1004 lsraeli-

492 1037 586 1100 tis,
621 1053 734 1090 sua:
767 1053 831 1091 ex
880 1037 1115 1108 anpto
1173 1041 1508 1108 egreSsionis
1563 1053 1830 1110 tempore,
1862 1057 2062 1110 agnum

494 1128 818 1193 interﬁcere,
847 1137 898 1182 et
929 1128 1047 1196 ejus
1083 1131 1351 1198 sanguine
1381 1131 1667 1186 domorum
1693 1141 1877 1201 postes
1906 1132 2067 1184 inuu-

492 1231 639 1281 gere,
671 1227 750 1281 ut,
785 1216 927 1284 quod
977 1233 1041 1272 ex
1094 1220 1580 1288 primogenitorum
1635 1221 2065 1275 exterminatore

492 1307 858 1376 impendebat,
918 1311 1223 1378 periculum
1275 1311 1619 1378 eﬁ‘ugerent:
1676 1313 1881 1369 Judaris
1926 1315 2064 1377 hinc

493 1399 666 1451 visum
703 1410 806 1463 est,
844 1416 939 1468 per
969 1403 1094 1468 agni
1153 1413 1206 1456 et
1256 1404 1488 1456 aliorum
1540 1406 1902 1473 quorumdam
1939 1407 2062 1460 ani-

495 1491 719 1545 malium
751 1493 1110 1558 sacriﬁcium,
1153 1495 1316 1549 Deum
1367 1497 1696 1565 quibusdam
1732 1498 1922 1552 diebus
1952 1485 2071 1567 pla-i

493 1599 639 1638 care.
677 1583 852 1654 Ipsum
889 1595 1068 1641 autem
1102 1589 1432 1644 sacrificium
1463 1591 1516 1644 in
1551 1593 1661 1646 alio
1690 1593 1908 1662 quidem
1945 1595 2064 1648 loco

495 1675 658 1728 fiebat
687 1693 701 1730 :
760 1677 811 1730 in
842 1677 948 1752 alio
980 1687 1159 1732 autem
1194 1681 1577 1749 coquebautur
1611 1698 1804 1740 carnes
1839 1697 1891 1739 et
1924 1685 2064 1738 divi-

493 1767 784 1826 debantur.
804 1771 1030 1840 Aliquas
1051 1786 1180 1842 ergo
1203 1784 1382 1841 partes
1414 1777 1663 1832 animalis
1683 1778 1824 1847 quod
1853 1779 2063 1833 sacriﬁ-

492 1859 750 1925 cabatur,
833 1866 1209 1921 sacerdotibus
1279 1875 1498 1938 propter
1546 1871 1758 1939 aliquas
1819 1874 2058 1935 rationes

493 1952 810 2014 aﬁ‘erebant,
865 1957 932 2010 de
985 1959 1187 2027 quibus
1245 1975 1352 2014 non
1411 1959 1495 2016 est
1543 1963 1756 2018 dicendi
1820 1975 2056 2036 tempus.

490 2045 758 2109 Quoniam
789 2047 954 2118 278
979 2058 1157 2103 autem
1193 2050 1434 2109 didicere
1467 2056 1641 2109 sancti
1674 2057 1884 2119 Patres.
1915 2060 2059 2127 quod

491 2138 544 2190 in
579 2137 960 2194 Armeniorum
995 2142 1216 2210 regione
1261 2161 1358 2212 per
1411 2147 1664 2202 animalia
1702 2151 1918 2218 quidem
1951 2169 2058 2206 non

491 2227 628 2283 ﬁunt
667 2232 958 2297 sacriﬁcia,
1018 2237 1110 2288 sed
1145 2237 1394 2290 carnium
1459 2246 1640 2307 partes
1692 2241 1833 2294 intra
1891 2245 2062 2300 altare

490 2335 825 2390 coquuntur,
860 2335 913 2378 et
939 2341 1001 2380 ex
1038 2328 1102 2380 iis
1134 2327 1300 2382 frusta
1329 2332 1596 2398 quaedam,
1647 2334 1853 2390 scilicet
1889 2352 2062 2391 mem-

490 2410 590 2465 bra
640 2424 915 2482 separata,
965 2417 1130 2485 pedes
1183 2416 1321 2474 forte
1373 2431 1428 2475 et
1476 2433 1663 2491 caput,
1717 2427 1797 2479 vel
1855 2428 2060 2498 aliquid

490 2500 784 2570 ejusmodi.
821 2508 1204 2564 sacerdotibus
1254 2525 1406 2566 more
1434 2513 1750 2569 Judteorum
1803 2518 2058 2587 oﬁerunt,

490 2601 822 2662 statuerunt,
855 2614 952 2653 nec
982 2602 1038 2653 in
1063 2601 1222 2654 altari
1256 2605 1503 2658 carnium
1532 2609 1770 2662 ruembra
1807 2625 2061 2680 coquere,

493 2701 594 2740 nec
625 2698 778 2742 extra
818 2691 993 2760 ipsum
1036 2694 1170 2749 tales
1217 2705 1500 2766 separatas
1530 2713 1710 2768 partes
1760 2706 2062 2761 sacerdoti-

492 2780 597 2835 bus
665 2781 861 2839 oﬂ'erre
910 2801 973 2840 ex
1036 2789 1258 2857 antiqua
1319 2794 1711 2849 consuetudine
1761 2808 2058 2865 oportere:

492 2869 584 2924 sed
613 2871 877 2940 ejusmodi
912 2891 1144 2943 cessare,
1192 2888 1245 2934 et
1277 2882 1589 2938 sacerdotes
1624 2901 1651 2938 a
1703 2887 1858 2944 laicis
1908 2891 2063 2945 obla-

491 2961 693 3017 tionem
731 2968 1009 3036 suscipere
1065 2970 1284 3039 debere,
1339 2975 1392 3029 in
1452 2977 1868 3051 quibuscunque
1899 2984 2063 3041 rebus

491 3061 546 3106 et
575 3057 870 3123 generibus
905 3061 1007 3130 ipsi
1043 3063 1336 3120 voluerint.
1401 3066 1471 3121 Ut
1503 3078 1585 3123 est
1638 3081 1821 3142 autem
1861 3076 2058 3129 verisi-

1766 375 2046 436 THEOD.
2078 369 2480 434 BALSAMON
3622 374 3716 436 8'60

2255 505 2272 536 ι
2322 485 2685 556 άφωρισμὲνα
2715 484 2897 553 κρεῶν
2935 484 3070 554 μέλη
3106 485 3256 554 παρὰ
3295 485 3401 537 τῶν
3434 503 3716 558 προσαγον-

2249 600 2267 629 σ
2311 599 2420 632 των
2447 579 2769 648 λαμϐάνειν,
2813 579 2929 632 ἀλλ’
2979 573 3061 640 οἷς
3104 578 3310 649 ἀρεσθῇ
3353 583 3380 632 ὁ
3417 584 3716 652 προσάγων,

2247 690 2264 720 ‹
2311 670 2522 733 τούτοις
2550 670 2930 739 ἀρκείσθωσαν
2954 711 2968 734 ,
3005 670 3109 735 ἔξω
3138 673 3235 741 τῆς
3263 671 3584 742 Ἐκκλησίας
3631 680 3718 748 τῆς

2254 781 2272 813 ι
2321 763 2579 831 τοιαύτης
2607 763 2901 834 γινομένης
2927 765 3299 835 προσαγωγῆς
3326 781 3341 796 ⁸
3370 768 3419 818 εί
3452 767 3508 820 δέ
3537 785 3617 832 τις
3651 772 3720 841 μὴ

2245 876 2263 906 ι
2311 856 2475 910 τοῦτο
2509 859 2660 926 ποιῇ,
2700 856 3068 924 άφοριζέσθω.
3115 877 3134 910 ν

2239 951 2436 1002 ΒΑΛΣ.
2463 946 2624 1012 Οἶδας
2663 951 2746 1002 ὅτι
2781 951 2876 1002 τοῦ
2916 951 3197 1012 Μωῦσέως
3237 952 3592 1016 κελεύσαντος
3621 961 3719 1021 τοῖς

2181 1043 2542 1113 Ἰσραηλίταις
2574 1042 2718 1096 κατὰ
2745 1044 2834 1096 τὸν
2857 1043 3052 1111 καιρόν
3074 1043 3174 1112 τῆς
3199 1045 3309 1097 ἀπὸ
3335 1045 3436 1113 τῆς
3458 1047 3718 1114 Αἰγύπτου

2168 1133 2498 1198 ἐξελεύσεω;
2521 1133 2703 1188 αὐτῶν
2733 1137 3036 1203 σφαγιάσαι
3077 1136 3272 1204 ἀμνὸν,
3309 1138 3405 1189 καὶ
3437 1139 3623 1207 χρίσαι
3644 1141 3723 1194 διὰ

2167 1225 2261 1276 τοῦ
2315 1227 2552 1294 αἵματος
2606 1227 2704 1288 τὰς
2734 1227 2894 1293 φλιὰς
2930 1229 3039 1280 τῶν
3081 1228 3280 1280 οἰκιῶν
3339 1230 3540 1291 αὐτῶν,
3588 1233 3723 1296 ὅπως

2168 1314 2384 1382 φύγωσι
2436 1316 2525 1368 τὸν
2571 1318 2636 1368 ἐκ
2687 1316 2784 1370 τοῦ
2831 1316 3160 1387 ὀλοθρευτοῦ
3211 1319 3321 1370 τῶν
3374 1324 3720 1388 πρωτοτόκων

2168 1405 2431 1470 κίνδυνον,
2462 1408 2711 1480 δέδοκται
2734 1409 2888 1474 παρὰ
2928 1408 3200 1472 Ἰουδαίοις
3229 1410 3315 1463 διά
3342 1411 3532 1475 θυσίας
3561 1415 3720 1480 ἀμνοῦ

2172 1495 2272 1548 καὶ
2330 1496 2506 1549 ἄλλων
2549 1475 2714 1549 τινων
2765 1496 2921 1560 ζώων
2966 1496 3309 1565 ἐξιλεοῦσθαι
3355 1499 3448 1552 τὸν
3501 1475 3630 1552 Θεὸν
3671 1505 3722 1555 ὲν

2166 1587 2402 1657 ἡμέραις
2436 1588 2599 1640 τισίν.
2634 1588 2698 1641 Ἠ
2733 1587 2789 1641 δὲ
2824 1588 2984 1642 θυσία
3015 1587 3152 1656 αὓτη
3190 1591 3249 1641 ὲν
3277 1591 3428 1660 ἄλλῳ
3461 1593 3557 1661 μὲν
3587 1595 3724 1664 τόπῳ

2166 1677 2394 1743 ἐγίνετο,
2422 1677 2477 1728 ἐν
2511 1677 2719 1747 ἑτέροις
2749 1677 2804 1731 δὲ
2832 1679 2900 1732 τά
2933 1679 3069 1746 κρέα
3093 1679 3272 1748 ὲψεῖτο
3303 1680 3401 1734 καὶ
3429 1683 3724 1753 ἐμερίζετο.

2169 1766 2302 1822 Τινά
2350 1769 2482 1837 γοῦν
2521 1772 2662 1839 μέρη
2713 1769 2804 1822 τοῦ
2858 1770 3126 1838 θυομένου
3179 1772 3323 1836 ζώου
3367 1776 3482 1835 τοῖς
3531 1776 3724 1843 ἱερεῦσι

2169 1861 2507 1929 προσήγοντο
2534 1861 2622 1914 διὰ
2651 1862 2841 1929 λόγους
2868 1864 3045 1924 τινὰς,
3078 1866 3204 1934 περὶ
3229 1858 3304 1917 ὧν
3339 1865 3440 1918 οὐκ
3475 1867 3586 1942 ἐστι
3613 1885 3720 1922 και-

2169 1953 2264 2022 ρὸς
2292 1953 2496 2018 λέγειν.
2540 1952 2692 2006 Ἐπεὶ
2717 1954 2774 2006 δὲ
2812 1955 3201 2024 μεμαθήκασιν
3225 1958 3274 2010 oi
3303 1957 3450 2026 ἆγιοι
3498 1960 3726 2029 Πατὲρες

2167 2042 2242 2106 ὡς
2277 2046 2334 2095 ἐν
2363 2048 2428 2114 τῇ
2464 2045 2618 2116 χώρα
2651 2046 2758 2098 τῶν
2803 2047 3100 2118 Ἀρμενίων
3133 2049 3314 2104 θυσίαι
3352 2051 3453 2119 μὲν
3475 2051 3561 2104 διὰ
3585 2051 3725 2116 ζώων

2168 2135 2230 2186 ού
2261 2135 2526 2202 γίνονται,
2560 2136 2704 2207 μέρη
2744 2136 2800 2190 δὲ
2841 2138 3017 2207 κρεῶν
3043 2138 3195 2202 ἐντὸς
3225 2141 3318 2192 τοῦ
3346 2141 3724 2212 θυσιαστηρίου

2168 2224 2411 2294 ἕψονται,
2465 2229 2558 2281 καὶ
2610 2231 2674 2281 ὲκ
2726 2229 2936 2282 τούτων
2977 2231 3337 2300 ἀφαιρέματά
3374 2251 3496 2288 τινα
3520 2273 3533 2294 ,
3573 2237 3724 2304 ἤγουν

2170 2318 2531 2389 ἀφωρισμένα
2586 2315 2745 2391 μέλη,
2801 2323 2968 2384 πόδας
3021 2323 3187 2392 τυχὸν
3240 2325 3334 2376 καὶ
3390 2326 3648 2395 κεφαλὴν,
3694 2328 3721 2396 ἦ

2169 2411 2357 2480 ἕτερόν
2385 2429 2436 2463 τι
2484 2411 2746 2483 τοιοῦτον,
2783 2417 2896 2468 τοῖς
2946 2415 3183 2484 ἱερεῦσιν
3226 2417 3534 2480 Ἰουδαϊκῶς
3568 2436 3724 2488 προσ·⁵

2169 2505 2415 2570 άγουσιν,
2451 2504 2676 2572 ὥρισαν,
2710 2507 2846 2576 μήτε
2874 2507 3023 2570 ἐντὸς
3047 2508 3138 2562 τοῦ
3169 2509 3560 2581 θυσιαστηρίου
3592 2513 3716 2579 μέλη

2171 2595 2350 2664 κρεῶν
2404 2596 2671 2662 ἕψεσθαι,
2736 2598 2872 2668 μήτε
2933 2600 3088 2661 ἐκτὸς
3137 2601 3302 2654 αὐτοῦ
3365 2603 3723 2671 προσάγεσθαι

2170 2687 2396 2740 τοιαῦτα
2455 2690 2816 2757 άφωρισμένα
2879 2690 3012 2760 μέλη
3069 2693 3180 2754 τοῖς
3236 2692 3443 2762 ἱερεῦσι
3496 2697 3628 2748 κατὰ
3671 2694 3725 2746 τὸ

2171 2779 2340 2831 πάλαι
2373 2780 2605 2850 κρατοῦν
2640 2780 2756 2841 ἔθος
2789 2798 2803 2812 ⁸
2831 2782 2966 2834 ἀλλὰ
2994 2783 3092 2850 τὴν
3133 2785 3547 2854 τοιουτότροπον
3570 2804 3721 2856 προσ-

2168 2872 2391 2941 αγωγὴν
2449 2873 2734 2941 σχολάσαι,
2765 2874 2858 2926 καὶ
2881 2875 3189 2940 δεξιοῦσθαι
3231 2878 3359 2940 τοὺς
3386 2879 3552 2947 ἱερεῖς
3586 2880 3720 2949 παρὰ

2169 2961 2279 3013 τῶν
2335 2963 2562 3024 λαῖκῶν,
2613 2966 2670 3016 ἐν
2715 2961 2797 3028 οἷς
2841 2961 2987 3019 οὗτοι
3030 2966 3279 3021 θέλουσιν
3325 2969 3497 3021 εῖδεσί
3545 2987 3599 3022 τε
3639 2971 3722 3022 καὶ

2173 3056 2482 3123 πράγμασι.
2564 3056 2652 3118 Ὠς
2707 3055 2850 3110 ἔοικε
2905 3058 3091 3126 δὲίδιὰ
3140 3058 3238 3129 τὴν
3285 3062 3635 3130 κρατήσασαν
3672 3066 3721 3115 ἐν

489 3147 640 3212 mile,
716 3162 938 3221 propter
1009 3159 1461 3214 consuetudinem
1512 3179 1632 3232 qua:
1681 3166 1735 3219 in
1784 3167 2058 3225 Armeniis

2183 3147 2486 3214 Ἀρμενίοις
2523 3148 2811 3217 συνήθειαν
2851 3138 3125 3202 ἐνέδωκαν
3172 3151 3223 3202 οἱ
3279 3152 3524 3224 Πατέρες
3573 3171 3722 3221 προσ-

491 3239 745 3308 obtinuit,
781 3259 1168 3303 concesserunt
1215 3254 1390 3307 sancti
1425 3254 1638 3320 Patres,
1675 3269 1734 3312 ut
1792 3261 1914 3315 laici
1973 3278 2062 3317 sa-

492 3330 810 3388 cerdotibus
860 3335 1118 3393 oﬁ‘errent
1187 3357 1308 3410 qua:
1359 3342 1458 3412 ipsi
1507 3347 1725 3418 vellent.
1758 3351 1912 3419 Apud
1961 3369 2062 3407 nos

485 3424 636 3477 "enim
668 3441 827 3482 nemo
860 3432 1074 3500 cogitur
1107 3433 1316 3503 aliquid
1350 3437 1660 3506 huiusmodi
1716 3443 1909 3500 facere.
1967 3445 2064 3500 Di-

490 3520 633 3572 xerit
664 3531 844 3576 autem
882 3526 1175 3594 quispiam,
1210 3530 1507 3597 quomodo,
1555 3550 1677 3588 cum
1727 3553 1898 3591 canon
1955 3551 2064 3595 tra-

490 3622 602 3668 etet
629 3614 696 3668 de
725 3617 938 3674 duobus
963 3621 1165 3704 quzejn
1191 3626 1566 3680 Armeniorum
1594 3631 1810 3699 regione
1843 3633 2060 3702 ﬁebant,

491 3705 559 3760 de
593 3709 895 3776 coquendis
931 3713 1143 3769 scilicet
1195 3719 1442 3772 carnium
1481 3723 1740 3778 membris
1798 3727 1847 3780 in
1880 3729 2060 3794 altari,

489 3808 544 3852 et
578 3799 644 3854 de
672 3800 864 3858 frustis
913 3805 1287 3863 sacerdotibus
1344 3810 1395 3863 iu
1453 3812 1697 3868 Ecclesia
1749 3805 2059 3888 efferendis,

493 3891 666 3946 solam
698 3897 943 3949 carnium
977 3897 1030 3951 in
1073 3897 1313 3955 Ecclesia
1345 3903 1673 3959 oblationem
1712 3907 1902 3967 Patres
1931 3929 2059 3982 pro-

493 3983 828 4040 hibuerunt?
859 3986 1097 4044 Salutio.
1131 3989 1185 4044 In
1218 3993 1485 4050 altaribus
1533 3998 1783 4053 carnium
1820 4006 2060 4058 membra

490 4089 727 4144 coquere
760 4078 902 4148 apud
933 4079 1277 4137 Christianos
1311 4095 1395 4139 est
1428 4091 1654 4144 omnino
1701 4092 2058 4162 prohibitum,

488 4183 554 4222 ex
586 4184 695 4239 quo
720 4185 814 4240 per
846 4172 1102 4228 animalia
1135 4177 1369 4230 cessavit
1399 4183 1732 4237 sacriﬁcium
1762 4203 1777 4242 :
1833 4199 1884 4241 et
1929 4204 2060 4257 pro-

489 4270 673 4330 pterea
705 4263 772 4320 de
803 4280 868 4319 eo
899 4265 1152 4324 Patribus
1188 4269 1371 4324 dicere
1403 4287 1509 4325 nou
1545 4276 1752 4341 placuit
1782 4298 1795 4333 :
1833 4281 1975 4334 unde
2006 4290 2059 4336 et

488 4356 556 4408 de
588 4356 719 4410 solis
766 4357 974 4425 frustis,
1028 4375 1148 4429 qum
1202 4363 1583 4420 sacerdotibus
1617 4367 1938 4433 offeruntur.
1975 4373 2056 4428 lex

487 4449 807 4510 constituit;
843 4468 1032 4521 nempe
1062 4470 1186 4506 cum
1214 4454 1280 4508 de
1316 4470 1381 4508 eo
1414 4457 1586 4511 solum
1618 4465 1794 4532 Capite
1831 4467 2058 4534 qtttestio

486 4541 738 4598 instituta
770 4555 938 4600 esset.

555 4723 811 4782 ZONAR.
872 4727 1223 4784 llebrmorum
1272 4734 1555 4800 instituto,
1607 4739 1918 4807 quicunque
1970 4756 2056 4794 sa-

484 4815 846 4883 criﬁcaverat,
879 4826 930 4870 et
966 4829 1200 4890 mactato
1233 4825 1453 4876 animali
1485 4831 1858 4892 pectusculum
1896 4829 2056 4883 alias-

484 4925 591 4978 que
646 4909 892 4976 cjusdem
954 4913 1209 4968 animalis
1259 4917 1582 4984 particulas,
1640 4933 1747 4970 non
1804 4919 1922 4972 sine
1963 4937 2058 4974 sua

485 5002 726 5071 quidque
752 5003 959 5058 ratione
988 5006 1321 5078 latentisque
1349 5011 1597 5078 mysterii
1631 5011 2054 5080 signiﬁcatione,

486 5093 864 5150 sacerdotibus
887 5096 1209 5153 oﬂerebaut.
1242 5103 1386 5170 Apud
1413 5103 1704 5159 Armenios
1735 5121 1861 5159 vero
1912 5109 2059 5161 nulla

487 5187 703 5247 quidem
760 5189 1016 5243 animalia
1045 5181 1505 5260 imm'olabautur,
1545 5197 1814 5265 siquidem
1853 5197 1939 5250 illa
1971 5214 2060 5251 sa-

487 5278 769 5332 criﬁcandi
821 5283 1160 5359 consuetudo
1195 5285 1633 5342 Christianorum
1663 5289 1872 5358 legibus
1923 5291 2059 5343 sub-

490 5368 598 5423 lata
660 5370 801 5425 fuit:
861 5373 955 5427 sed
991 5375 1134 5428 intra
1179 5379 1352 5434 altare
1384 5380 1627 5434 decoctis
1679 5382 1961 5444 carnibus.
1995 5401 2060 5435 ex

489 5462 558 5517 iis
589 5474 735 5516 certa
790 5480 852 5525 ac
885 5467 1106 5521 deﬁnita
1161 5471 1408 5539 quaedam
1447 5471 1831 5528 sacerdotibus
1866 5474 2061 5541 largie-

490 5555 711 5610 bantur.
751 5558 922 5624 Quam
957 5562 1178 5630 quidem
1214 5565 1693 5632 consuetudinem,
1732 5567 1932 5634 quippe
1963 5566 2060 5620 Ju-

492 5643 734 5699 daeorum
793 5664 969 5703 mores
1028 5649 1204 5706 adhuc
1270 5653 1623 5716 redolentem,
1675 5654 1911 5723 synodus
1963 5653 2064 5706 da-

495 5749 642 5789 mnat
669 5777 684 5800 ,
722 5754 782 5790 ac
817 5756 1008 5796 carnes
1053 5745 1275 5814 quidem
1336 5745 1387 5799 in
1420 5744 1657 5798 Ecclesia
1684 5759 1942 5813 coquere,
1971 5753 2065 5799 aut

496 5827 552 5880 in
587 5828 772 5883 eadem
817 5831 1036 5890 deﬁnita
1074 5836 1162 5890 illa
1219 5837 1592 5892 sacerdotibus
1621 5819 1819 5890 'oﬁ'crri
1877 5844 2016 5890 vetat
2047 5854 2060 5891 τ

2169 3239 2323 3302 ἀγειν
2360 3240 2486 3303 τοὺς
2518 3239 2738 3304 λαῖκοὺς
2789 3245 2899 3306 τοῖς
2945 3243 3150 3312 ἱερεῦσι
3186 3245 3250 3297 τά
3301 3246 3489 3310 αὐτοῖς
3520 3247 3716 3316 αἱρετά.

2174 3332 2307 3402 Παρ¹
2362 3334 2494 3402 ἡμῖν
2549 3333 2658 3403 γὰρ
2720 3334 2897 3397 οὐδεὶς
2956 3335 3327 3400 ἀναγκάζεται
3387 3338 3624 3390 τοιοῦτόν
3671 3356 3716 3391 τι

2170 3427 2364 3477 ποιεῖν.
2397 3425 2554 3476 Εἴποι
2583 3425 2638 3476 δέ
2675 3442 2782 3488 τις,
2818 3425 2937 3487 πῶς
2965 3425 3058 3478 τοῦ
3092 3425 3316 3486 κανόνος
3342 3425 3718 3494 διαλαμϐάνον-

2166 3531 2263 3578 τας
2295 3517 2424 3588 περὶ
2467 3517 2560 3570 δύο
2605 3517 2768 3571 τινῶν
2810 3519 3114 3587 γινομένων
3142 3519 3223 3582 είς
3253 3518 3354 3588 τὴν
3393 3520 3576 3590 χώραν
3622 3518 3717 3571 τῶν

2179 3611 2504 3681 Ἀρμενίων,
2537 3612 2706 3681 ἤγουν
2743 3613 2872 3682 περὶ
2896 3611 2989 3665 τοῦ
3025 3612 3254 3682 ἕψεσθαι
3301 3613 3436 3683 μέλη
3467 3615 3638 3682 κρεῶν
3666 3616 3716 3665 ὲν

2166 3705 2278 3764 τοῖς
2309 3701 2745 3772 θυσιαστηρίοις,
2777 3703 2870 3754 καὶ
2903 3702 3030 3772 περὶ
3056 3701 3152 3754 τοῦ
3188 3702 3337 3763 ἐντὸς
3369 3704 3468 3772 τῆς
3507 3702 3717 3770 Ἐκκλη-

2167 3795 2290 3856 σίας
2331 3794 2711 3864 προσάγεσθαι
2743 3796 2856 3857 τοῖς
2883 3793 3128 3864 ἱερεῦσιν
3159 3794 3521 3863 άεραιρέματα
3563 3794 3715 3853 κάτω.

2167 3889 2338 3958 μόνην
2379 3887 2478 3958 τὴν
2524 3887 2609 3941 ἔπ’
2653 3887 2949 3956 ἐκκλησίας
3005 3890 3370 3958 προσαγωγὴν
3402 3890 3516 3940 τῶν
3553 3887 3714 3956 κρεῶν

2164 3983 2212 4034 οἱ
2236 3981 2479 4046 Πατέρες
2508 3981 2823 4046 ἑκώλυσαν;
2856 3980 3070 4046 Λύσις.
3103 3981 3175 4033 Τὸ
3207 3981 3264 4034 ἐν
3294 3983 3407 4044 τοῖς
3438 3983 3715 4048 θυσιαστη-

2167 4075 2302 4144 ρίοις
2342 4075 2478 4142 μέλη
2506 4074 2683 4145 κρεῶν
2711 4073 2960 4142 ἕψεσθαι,
2994 4073 3173 4142 πάντη
3198 4072 3350 4142 παρὰ
3386 4073 3714 4142 Χριστιανοίς

2162 4167 2562 4236 ἀπηγόρευται,
2598 4166 2781 4231 ὲξότου
2869 4164 2957 4218 διὰ
2985 4165 3093 4218 τῶν
3122 4164 3275 4230 ζώων
3303 4165 3513 4234 ἐπαύθη
3549 4163 3713 4223 θυσία,

2163 4262 2256 4313 καὶ
2281 4261 2369 4312 διὰ
2395 4260 2551 4312 τοῦτο
2590 4260 2770 4311 εἰπεῖν
2811 4260 2940 4328 περὶ
2980 4259 3147 4313 αὑτοῦ
3179 4263 3290 4322 τοῖς
3321 4259 3594 4332 Πατράσιν
3627 4256 3712 4307 οὐκ

2163 4353 2344 4418 ἔδοξεν
2369 4371 2382 4384 ο
2410 4354 2533 4406 ὃθεν
2562 4353 2655 4405 καὶ
2686 4352 2813 4420 περὶ
2841 4353 3020 4422 μόνων
3050 4353 3160 4406 τῶν
3196 4353 3588 4422 ἀφαιρεμάτων
3619 4350 3713 4400 τῶν

2161 4450 2276 4510 τοῖς
2313 4446 2518 4515 ἱερεῦσι
2547 4446 2980 4513 προσαγομένων
3008 4445 3039 4513 ή
3092 4443 3426 4513 θεσμοθεσία
3468 4445 3678 4511 γέγονεν
3699 4480 3712 4501 ,

2090 4567 2136 4624 D
2165 4542 2240 4602 ὡς
2299 4541 2491 4593 τούτου
2546 4540 2688 4608 τάχα
2739 4537 2833 4590 τοῦ
2884 4537 3183 4606 κεφαλαίου
3227 4540 3304 4597 είς
3335 4538 3415 4591 ἔτι
3445 4539 3712 4595 πίπτοντος

2162 4635 2303 4702 ὑπὲρ
2346 4634 2591 4702 ζήτησιν.

2234 4728 2476 4780 ΖΩΝΑΡ.
2533 4729 2593 4778 ΟΞ
2651 4728 2868 4791 θύοντες
2903 4728 3052 4805 παρὰ
3121 4724 3393 4784 Ἰουδαίοις
3459 4723 3712 4788 προσῆγον

2163 4821 2274 4883 τοῖς
2305 4821 2548 4889 ἱερεῦσιν
2579 4822 2642 4871 ἐκ
2669 4820 2763 4873 τοῦ
2802 4821 3105 4889 τεθυμένου
3139 4818 3279 4880 {dion
3326 4817 3386 4869 τὸ
3426 4815 3711 4882 στηθύνιονι

2164 4914 2258 4964 καὶ
2305 4913 2469 4984 ἕτερα
2515 4913 2611 4965 τοῦ
2663 4912 2803 4975 ζώου
2853 4913 2993 4983 μέρη
3027 4913 3060 4966 ἃ
3090 4912 3182 4964 καὶ
3231 4911 3422 4976 λόγους
3463 4905 3619 4977 εἶχον,
3652 4903 3709 4954 δι’

2163 5004 2257 5067 οὒς
2291 5007 2657 5076 προσήγοντο,
2695 5006 2790 5059 καὶ
2818 5005 3144 5072 ἀναγωγάς.
3187 5005 3342 5070 Παρὰ
3373 5002 3428 5054 δὲ
3458 5004 3562 5062 τοῖς
3599 5000 3708 5064 Ἀρ-

2167 5097 2374 5166 μενίοις
2403 5095 2558 5160 ζώων
2592 5098 2689 5164 μὲν
2727 5097 2910 5149 θυσίαι
2953 5097 3054 5149 οὐκ
3107 5097 3465 5164 ὲπράττοντο,
3495 5092 3622 5144 ’ἐπεὶ
3656 5087 3707 5138 τὸ

2166 5191 2281 5253 ζῶα
2315 5189 2619 5259 προσάγειν
2653 5190 2734 5251 είς
2776 5188 2973 5242 θυσίαν
3025 5189 3407 5266 ἀπηγόρευται
3441 5187 3549 5246 τοῖς
3587 5182 3707 5247 Χρι-

2167 5284 2404 5343 στιανοῖς
2440 5299 2453 5312 ο
2487 5282 2710 5351 ἕψοντες
2741 5282 2798 5334 δὲ
2829 5281 2968 5348 κρέα
2997 5280 3090 5333 τοῦ
3127 5279 3518 5348 θυσιαστηρίου
3552 5273 3704 5330 ἐντὸς.

2167 5373 2230 5438 ἐξ
2255 5376 2479 5426 ἐκείνων
2532 5375 2812 5444 προσῆγον
2859 5377 2972 5436 τοῖς
3008 5373 3247 5442 ἱερεῦσιν
3281 5372 3554 5441 ὡρισμένα
3583 5380 3704 5417 τινα.

2169 5467 2346 5534 Ὅπερ
2375 5465 2450 5526 ὠς
2485 5465 2774 5517 Ἰουδαϊκὸν
2819 5464 3021 5516 κωλύει
3052 5465 3085 5533 ἡ
3119 5463 3334 5523 σύνοδος
3363 5480 3375 5494 ⁸
3406 5461 3496 5514 καὶ
3528 5459 3582 5510 τὸ
3620 5453 3704 5522 μὲν

2165 5556 2317 5626 ’ἐψειν
2345 5557 2402 5608 ἐν
2425 5557 2703 5626 ἐκκλησίᾳ
2726 5598 2742 5620 ,
2777 5557 2809 5627 ἢ
2858 5556 3139 5626 ὡρισμένα
3172 5556 3467 5626 προσάγειν
3497 5553 3549 5602 ἐν
3586 5546 3701 5611 αὐτῇ

2166 5651 2283 5710 τοῖς
2338 5648 2581 5718 ἱερεῦσιν
2623 5648 2960 5717 ἀπαγορεύει
2991 5665 3003 5677 ·
3039 5649 3098 5700 τὸ
3127 5648 3183 5699 δὲ
3215 5648 3506 5715 προσάγειν
3539 5638 3700 5697 αὐτοῖς

2167 5739 2254 5795 οἷα
2287 5744 2380 5794 καὶ
2409 5743 2508 5794 ὅσα
2537 5743 2585 5793 οἱ
2627 5744 2998 5812 προσάγοντες
3049 5741 3352 5808 βούλονται,
3379 5743 3478 5803 ἔξω
3515 5737 3600 5802 τῆς
3621 5732 3699 5780 ἐπ’

2171 5835 2398 5906 κλησίας
2429 5835 2616 5904 ὲυίησι
2647 5850 2656 5861 '
2699 5834 2792 5886 καὶ
2825 5833 2984 5887 τοῦτο
3013 5833 3067 5886 δὲ
3115 5836 3325 5897 πάντως
3356 5833 3440 5886 διὰ
3473 5831 3558 5897 τὴν
3587 5839 3696 5893 κίει-
