3992 6484
356 368 462 430 865

1458 356 1536 417 IN
1579 356 1750 417 CAN.
1792 357 1861 415 CI
1900 355 2108 417 CONC.
2143 353 2227 413 IN
2273 349 2610 414 TRULLO.

2350 273 2374 289 ἢ

3491 344 3596 406 866

356 486 449 536 τοῦ
489 480 694 551 Κυρίου
733 478 825 528 καὶ
882 472 1016 525 Θεοῦ
1073 478 1168 527 καὶ
1217 472 1471 542 Σωτῆρος
1526 473 1683 542 ἡμῶν
1748 470 1922 539 Ἰησοῦ

2052 478 2083 521 :t
2121 467 2219 522 Dei
2275 475 2328 521 et
2381 463 2691 519 Servatoris
2739 463 2910 518 nostri
2964 462 3091 517 Jesu
3143 460 3347 515 Christi
3396 476 3598 529 corpus

356 572 598 643 Χριστοῦ
631 570 770 624 κατὰ
800 570 890 622 τον
925 567 1116 638 καιρὸν
1145 568 1245 633 τῆς
1278 566 1439 635 ἁγίας
1484 565 1838 636 μεταλήψεως
1873 568 1927 617 ἐν

360 668 546 727 αὐτοῖς
577 663 922 730 ὑπεδέχοντο.
962 660 1071 712 Καὶ
1099 658 1338 728 ἀρχῆθεν
1368 659 1465 728 μὲν
1498 660 1628 719 ῐσως
1657 656 1929 726 ἐπενοήθη

356 757 519 808 τοῦτο
554 755 707 825 παρά
734 770 897 806 τινων
940 752 1006 805 δι’
1050 750 1356 813 εὐλάϐειαν,
1425 750 1751 818 νομιζόντων
1789 748 1929 817 τάχα

365 849 441 919 μὴ
482 847 618 900 εἰναι
642 846 795 910 ἀξίαν
828 848 905 908 εἰς
933 844 1197 913 ὑποδοχὴν
1240 843 1333 895 τοῦ
1355 842 1641 911 Κυριακοῦ
1680 842 1945 911 σώματος’

357 945 462 1010 τὴν
517 943 671 1009 χεῖρα
713 939 812 1007 τὴν
865 938 1181 1005 ἁπτομένην
1230 935 1323 987 καὶ
1357 934 1597 1005 αἰσχρῶν
1637 951 1797 986 τινων
1837 934 1929 985 καὶ

360 1031 600 1095 ἀναξίων
619 1047 635 1063 ο
670 1029 861 1097 καιροῦ
887 1030 941 1080 δὲ
970 1028 1267 1097 προϊόντος,
1296 1029 1374 1088 εἰς
1391 1025 1624 1095 ψυχικὴν
1659 1024 1930 1077 ἀπώλειαν

366 1126 668 1192 μετέπεεεο)
731 1125 763 1189 ὴ
800 1122 1075 1185 εὐλάϐεια,
1121 1119 1194 1181 ὡς
1256 1119 1363 1170 τῶν
1419 1117 1716 1170 ποιούντων
1764 1116 1932 1169 ταῦτα

363 1217 674 1286 ζητούντων
703 1215 1075 1282 προτιμᾶσθαι
1109 1229 1215 1264 των
1245 1209 1609 1274 πενεστέρων,
1643 1209 1734 1259 καί
1760 1204 1943 1268 ἄλλως

362 1305 871 1374 ἁλαζονευομένων.
930 1303 1087 1356 Ἐπεὶ
1115 1304 1245 1369 γοῦν
1290 1300 1436 1363 ἔδοξε
1467 1300 1623 1352 τοῦτο
1670 1303 1779 1360 τοῖς
1826 1302 1935 1351 lla—

360 1400 533 1468 τράσι
573 1398 863 1467 παραίτιον
905 1394 1489 1457 σκανδάλωνιπολλῶν,
1532 1393 1666 1445 ἀλλὰ
1705 1393 1809 1462 μὴν
1841 1393 1935 1444 καὶ

362 1492 687 1561 ὑϐριστικὶν
722 1491 815 1542 τοῦ
839 1492 1109 1560 ἡμετέρου
1137 1489 1409 1558 σώματος,
1444 1487 1538 1539 τοῦ
1590 1487 1708 1541 κατ’
1756 1487 1937 1538 εἰκόνα

362 1582 509 1635 Θεοῦ
548 1572 901 1644 πλασθέντος,
941 1577 1092 1633 εἶπον
1123 1581 1197 1642 ὡς
1234 1580 1327 1633 τοῦ
1368 1578 1603 1649 μεγάλου
1642 1579 1936 1631 ἀποστόλου

367 1676 586 1728 Παύλου
620 1674 1020 1736 ἀποκαλοῦντος
1050 1674 1141 1726 τὸν
1165 1673 1452 1743 ἄνθρωπον
1509 1672 1667 1741 σῶμα
1701 1671 1937 1740 Χριστοῦ

366 1767 470 1819 καὶ
498 1767 681 1818 εἰκόνα
716 1765 869 1831 Θεοῦ,
905 1768 999 1817 κοιλ⁸
1024 1765 1223 1828 παντὸς
1257 1765 1555 1833 κτίσματος
1583 1762 1936 1833 τιμιώτερον,

366 1860 450 1920 ὡς
482 1842 575 1910 καὶ
603 1856 920 1925 ἀξιούμενον
954 1857 1050 1926 τῆς
1084 1858 1192 1908 τῶν
1251 1856 1408 1907 θείων
1455 1855 1812 1923 ἁγιασμάτων
1843 1872 1938 1923 με-
1976 1833 2016 1887 Β

366 1950 678 2021 ταλήψεως,
744 1948 1039 2002 κάντεῦθεν
1089 1947 1233 2001 κατά
1270 1990 1273 1999 .
1304 1964 1363 1999 τε
1417 1941 1595 2018 ψυχὴν
1654 1947 1942 2017 καὶσῶμα

368 2037 754 2107 ἀγιαζόμενον,
786 2039 884 2090 οὐκ
910 2037 1183 2105 ὸφείλουσί
1208 2044 1349 2100 τινες
1374 2037 1752 2107 προτιμᾶσθαι
1778 2034 1941 2089 αὑτοῦ

371 2133 445 2185 τά
487 2136 548 2185 ὲκ
584 2131 789 2202 χρυσοῦ
814 2133 906 2184 καί
952 2149 1113 2184 τινων
1147 2132 1350 2202 ἐτέρων
1385 2131 1585 2184 ύλικῶν
1632 2131 1823 2201 ἄψυχα
1850 2131 1944 2182 καὶ

372 2225 666 2296 ὑποχείρια
696 2223 847 2294 εῖδη’
889 2225 921 2293 ἢ
963 2226 1069 2293 μὴν
1100 2226 1223 2285 τοῦς
1265 2225 1415 2296 παρὰ
1448 2224 1619 2277 ταῦτα
1656 2227 1944 2285 ποιοῦντας

373 2308 757 2387 ἀφορίζεσθαι,
803 2316 1043 2386 δηλονότι
1097 2316 1293 2379 αὐτούς
1346 2335 1403 2370 τε
1451 2317 1577 2380 τοὺς
1630 2317 1945 2385 χρωμένους

372 2409 642 2470 τοιούτοις
670 2408 815 2460 τισὶν
838 2408 1040 2469 ὑλικοῖς
1065 2409 1141 2469 εἰς
1157 2409 1431 2479 ὑποδοχὴν
1456 2408 1548 2461 τοῦ
1581 2408 1831 2476 σώματος
1853 2407 1945 2460 τοῦ

375 2499 641 2569 Χριστοῦ,
687 2501 781 2553 καὶ
818 2499 944 2560 τοὺς
990 2499 1369 2567 μεταδιδόντας
1392 2500 1581 2551 τούτου
1610 2501 1816 2561 αὐτοῖς.
1856 2501 1946 2569 Μὴ

377 2585 666 2659 θαυμάσῃς
698 2588 777 2652 δὲ,
821 2588 954 2657 μηδὲ
997 2590 1281 2659 ἐρωτήσῃς
1310 2589 1406 2659 τὴν
1458 2591 1659 2655 αἰτίαν,
1700 2591 1766 2643 δι’
1792 2593 1856 2661 ἣν
1889 2592 1948 2643 ἕν

380 2695 523 2730 τισιν
550 2678 866 2747 ἐκκλησίαις
906 2680 1249 2749 μεταδίδοται
1292 2684 1403 2744 τοῖς
1429 2681 1638 2753 λανῖκοῖς
1688 2686 1747 2737 τὸ
1795 2683 1949 2752 ἆγιον

384 2772 546 2841 σῶμα
566 2772 658 2825 τοῦ
687 2770 949 2844 Χριστοῦ,
968 2777 1061 2828 καὶ
1087 2775 1186 2826 οὐκ
1213 2776 1575 2847 ἐγχειρίζεται
1603 2777 1812 2841 τούτοις
1836 2778 1946 2849 (15)

384 2865 527 2916 κατὰ
564 2865 663 2935 τὴν
702 2867 796 2918 τοῦ
832 2873 1056 2926 κανόνος
1094 2870 1422 2938 περίληψινο
1464 2871 1646 2933 πίστις
1677 2871 1785 2940 γὰρ
1814 2871 1948 2943 ὀρθὴ

384 2960 478 3009 καὶ
502 2958 663 3026 φόϐος
696 2960 829 3011 Θεοῦ
864 2962 955 3013 καὶ
992 2961 1244 3012 εὐλάϐεια
1272 2962 1579 3023 ἀνύποπτος
1619 2961 1777 3014 τοῦτο
1808 2981 1949 3032 παρ-

385 3049 607 3113 έδωκεν,
661 3053 780 3120 οὐχὶ
835 3053 896 3105 τὸ
946 3054 1051 3106 τῶν
1111 3055 1315 3104 λαῖκων
1355 3053 1592 3119 ἀνάξιον.
1625 3044 1849 3124 Νομίζω
1894 3055 1950 3107 δὲ

385 3141 494 3192 ὑπὸ
522 3142 615 3193 τοῦ
657 3144 921 3211 παρόντος
960 3146 1183 3203 κανόνος
1213 3143 1525 3197 ἁλίσκεσθαι
1560 3146 1685 3208 τοὺς
1716 3132 1951 3215 προϐαλ-

385 3232 651 3297 λομὲνους
700 3233 986 3302 ἀξιώματα
1026 3234 1116 3286 καί
1149 3236 1280 3305 γένη
1338 3235 1478 3288 κατὰ
1510 3237 1599 3290 τὸν
1639 3238 1738 3305 τῆς
1789 3237 1949 3304 ἁγίας

389 3323 751 3394 μεταλήῲεως
779 3329 991 3397 καιρον,
1017 3326 1313 3397 ζητοῦντας
1346 3330 1739 3399 προτιμᾶσθαι.

462 3502 707 3554 ΖΩΝΑΡ.
737 3502 891 3563 Τινὲς
930 3502 998 3553 δι’
1022 3502 1306 3557 εὐλάϐειαν
1329 3505 1466 3575 τάχα
1513 3508 1605 3559 καὶ
1649 3480 1814 3581 τιμίἶν
1843 3510 1951 3563 τῶν

390 3595 557 3647 θείων
594 3595 782 3664 δώρων
806 3594 985 3663 δοχεῑά
1021 3582 1140 3648 τινα
1180 3596 1383 3668 χρύσεα
1436 3599 1466 3669 ἢ
1523 3599 1581 3665 ἐξ
1614 3600 1780 3673 ἄλλης
1820 3602 1951 3672 ὕλης

390 3689 502 3739 τῶν
536 3688 847 3754 πολυτίμων
892 3705 1194 3753 ποιουντες,
1243 3693 1298 3744 ἐν
1353 3693 1580 3758 ἐκείνοις
1628 3696 1869 3766 ἐδέχοντο
1893 3697 1953 3750 τὸ

390 3781 661 3845 ἄχραντον
704 3779 864 3847 σῶμα
897 3779 990 3831 τοῦ
1024 3782 1252 3851 Κυρίου,
1283 3786 1372 3835 καὶ
1402 3786 1571 3848 οὕτως
1614 3788 1779 3841 αὐτοῦ
1826 3807 1953 3858 μετ-

394 3872 722 3937 ελάμϐανον.
758 3872 989 3942 Ὅπερὴ
1025 3873 1261 3934 σύνοδος,
1298 3874 1400 3926 κᾶν
1438 3876 1502 3928 δι’
1538 3878 1816 3930 εὐλάϐειαν
1843 3880 1954 3945 ὲγί-

393 3980 536 4024 νετο,
557 3964 656 4013 οὐκ
680 3961 916 4027 ἐδέξατο.
953 3963 1157 4024 Παντὸς
1183 3964 1290 4033 γάρ
1316 3966 1574 4035 αἰσθητοῦ
1626 3971 1952 4041 πράγματος

392 4054 726 4122 τιμιώτερον
775 4055 990 4121 ἡγεῖται
1018 4054 1108 4106 τὸν
1142 4054 1445 4126 ἄνθρωπον,
1501 4060 1574 4122 ὡς
1607 4059 1741 4113 Θεοῦ
1783 4065 1951 4117 εἰκόνι

390 4148 782 4216 τετιμημένον,
815 4146 1087 4215 καὶσῶμα
1120 4147 1355 4215 Χριστοῦ
1382 4150 1665 4219 γενόμενον
1700 4155 1790 4206 καὶ
1827 4156 1953 4208 ναὸν

395 4237 535 4289 Θεοῦ
577 4239 716 4289 κατὰ
757 4239 846 4289 τὸν
872 4239 1013 4290 θεῖον
1043 4239 1339 4291 ἀπόστολον
1370 4242 1599 4297 Παῦλον.
1656 4245 1805 4298 Ἐπεί
1839 4242 1951 4313 οῦν,

396 4330 584 4397 φησιν,
634 4330 959 4398 ὑπέρκειται
1017 4329 1202 4399 πάσης
1252 4332 1480 4395 κτίσεως
1530 4335 1808 4407 αἰσθητῆς,
1862 4338 1955 4391 καὶ

396 4421 594 4474 ἐσθίων
618 4424 711 4473 καὶ
737 4420 905 4473 πίνων
936 4421 1172 4489 Χριστὸν
1190 4421 1274 4474 διά
1303 4420 1401 4487 τ’ἧς
1433 4428 1707 4489 κοινωνίας
1735 4431 1953 4497 άγιάζε·

396 4531 491 4565 ται
520 4513 666 4584 ψυχῇ
700 4531 757 4566 τε
799 4515 894 4567 καὶ
929 4514 1143 4583 σώματι
1183 4516 1210 4566 ὁ
1249 4517 1356 4566 τῶν
1396 4517 1749 4587 ἁγιασμάτων
1779 4522 1955 4585 ἀξιού-

402 4624 588 4677 μενος,
665 4610 715 4661 εί
748 4624 850 4683 ,τις
914 4612 971 4661 ὲν
1016 4606 1196 4678 καιρῷ
1257 4608 1527 4673 συνάξεως
1580 4609 1819 4679 βούλεται
1864 4616 1956 4669 τοῦ

398 4701 680 4769 ἁχράντου
714 4701 968 4770 σώματος
1006 4699 1355 4772 μεταλαϐεῖν,
1387 4705 1625 4771 προσίτω
1660 4706 1755 4769 τὰς
1780 4711 1961 4781 χεῖρας

398 4797 674 4859 ἐκτείνας,
713 4800 808 4847 καὶ
845 4795 1191 4865 σχηματίσας
1226 4797 1304 4857 εἰς
1342 4797 1514 4851 τύπον
1544 4804 1818 4872 σταυροῦ,
1864 4807 1961 4859 καὶ¹

398 4890 548 4943 οῦτω
576 4891 811 4960 δεχέσθω
844 4886 939 4959 τῆν
969 4891 1256 4943 κοινωνίαν
1281 4892 1380 4960 τῆς
1414 4892 1656 4964 χάριτος,
1687 4899 1752 4968 ἢν
1783 4900 1912 4969 ἡμῖν
1936 4901 1963 4953 ὁ

404 4984 611 5052 Κύριος
639 4984 720 5046 εἰς
758 4983 1029 5052 ἁγιασμὸν
1069 4983 1387 5053 ἐχαρίσατο.
1443 4986 1635 5064 Οὐδεὶς
1672 4990 1776 5060 γάρ
1816 4974 1995 5057 ἄξιος.

404 5077 619 5145 ἀληθῶς
648 5080 763 5129 ἐστι
805 5079 903 5145 τῆς
952 5076 1116 5129 αὑτοῦ
1170 5077 1548 5147 μεταλήψεωε,
1591 5074 1741 5135 ἁ).λά’
1762 5086 1961 5149 πάντες

407 5170 591 5239 χάριτι
646 5170 814 5235 αὐτῆς
853 5169 1180 5239 ἁξιούμεθα,
1225 5169 1362 5222 καθὸ
1416 5172 1508 5223 καὶ
1571 5175 1749 5245 χάριτί
1799 5179 1963 5247 ἐσμεν

408 5265 745 5333 σεσωσμένοι
772 5262 1029 5314 κατάτὸν
1056 5247 1229 5332 μέγαν
1262 5262 1488 5317 Παῦλον.
1513 5266 1648 5328 Τοὺς
1661 5269 1715 5320 δὲ
1741 5270 1963 5324 τοιαῦτα

404 5356 582 5426 δοχεῐα
624 5357 971 5425 κομίζοντας,
1016 5359 1108 5407 καὶ
1147 5355 1427 5409 διἀύτὼν
1478 5356 1727 5425 δέχεσθαι
1775 5359 1958 5428 βουλο-

2035 571 2234 614 sanctre
2280 556 2679 611 communionis
2728 564 2972 624 tempore
3020 558 3073 611 in
3125 556 3202 609 eis
3248 554 3599 621 recipiebant.

2035 648 2100 704 Et
2158 650 2225 703 ab
2281 647 2440 702 initio
2490 647 2711 716 quidem
2765 647 2865 701 hoc
2922 648 3153 700 fortasse
3200 661 3229 699 a
3278 646 3601 714 quibusdam

2036 752 2261 813 propter
2294 742 2552 810 pietatem
2606 741 2970 809 excogitatum
3010 750 3116 801 est,
3148 740 3383 793 fortasse
3418 740 3606 793 existi-

2036 830 2317 885 mantibus
2377 843 2597 882 manum
2654 845 2760 883 non
2810 844 2929 883 esse
2981 830 3200 897 dignam
3262 829 3604 883 Dominicum

2038 938 2233 992 corpus
2271 921 2572 989 suscipere,
2610 936 2729 990 quae
2772 922 2951 990 turpia
3007 921 3252 990 quaedam
3300 933 3353 975 et
3380 922 3604 991 indigna

2043 1016 2237 1084 tangit.
2285 1012 2621 1067 Procedente
2654 1021 2831 1067 autem
2861 1022 3125 1082 tempore,
3158 1014 3224 1066 ad
3257 1013 3451 1066 animae
3488 1016 3610 1081 per;

2040 1108 2234 1161 niciem
2309 1122 2575 1162 conversa
2626 1114 2706 1159 est
2759 1107 2953 1174 pietas,
3011 1114 3194 1174 utpote
3247 1107 3316 1160 iis
3366 1106 3459 1176 qui
3520 1107 3607 1159 illa

2040 1198 2270 1264 iaciunt,
2317 1198 2734 1268 pauperioribus
2774 1197 3017 1267 przeierri
3049 1198 3439 1267 quaerentibus,
3472 1206 3525 1251 et
3552 1212 3610 1251 se

2041 1292 2243 1361 alioqui
2292 1300 2612 1361 arroganter
2641 1298 2695 1345 et
2741 1291 3038 1345 insolenter
3077 1292 3432 1359 jactantihus.
3466 1289 3613 1365 Quo-

2042 1385 2190 1437 niam
2222 1399 2352 1453 crgo
2393 1383 2496 1436 hoc
2528 1384 2732 1437 sanctis
2764 1382 3023 1437 Patribus
3055 1384 3351 1437 multorum
3386 1386 3615 1455 seanda-

2045 1479 2220 1529 lorum
2271 1486 2325 1530 et
2363 1475 2815 1530 oii‘endiculorum
2870 1489 3091 1531 causam
3137 1475 3397 1544 prabbere,
3454 1484 3513 1529 ut
3560 1486 3615 1529 et

2044 1569 2096 1622 in
2138 1580 2386 1647 nostrum
2435 1586 2651 1641 quoque
2703 1585 2926 1640 corpus,
2971 1568 3038 1633 ad
3084 1569 3372 1638 imaginem
3410 1567 3505 1651 Dei
3539 1568 3618 1622 fa-

2044 1672 2212 1725 ctum,
2262 1666 2715 1720 contumeliosum
2776 1680 2898 1719 esse
2952 1664 3126 1717 visum
3184 1670 3287 1725 est,
3339 1662 3617 1728 dixerunt,

2048 1756 2193 1823 quod
2224 1771 2349 1810 cum
2381 1773 2610 1825 magnus
2639 1759 2918 1827 apostolus
2946 1759 3153 1813 Paulus
3181 1773 3381 1828 corpus
3407 1759 3616 1813 Christi

2047 1860 2099 1901 et
2132 1847 2225 1901 Dei
2260 1850 2575 1919 imaginem,
2614 1861 2668 1905 et
2700 1852 2894 1920 quavis
2928 1860 3179 1905 creatura
3214 1852 3618 1919 pretiosiorem,

2047 1939 2320 1993 hominem
2362 1952 2538 2007 vocet,
2582 1952 2643 1996 ut
2675 1943 2765 2011 qui
2803 1944 3111 1997 divinorum
3146 1956 3616 2000 sacramentorum

2046 2032 2461 2101 participatione
2513 2035 2708 2101 dignus
2744 2035 3026 2097 habeatur,
3071 2043 3124 2089 et
3159 2052 3222 2089 ex
3262 2051 3325 2089 eo
3354 2046 3407 2091 et
3438 2038 3617 2090 anima

2030 2132 2099 2176 et
2131 2138 2360 2193 corpore
2392 2125 2800 2191 sanctificetur,
2833 2143 2939 2182 non
2972 2128 3169 2182 debent
3203 2131 3318 2195 ulli,
3352 2131 3620 2185 inanima-

2049 2222 2134 2268 tas
2174 2222 2227 2268 et
2280 2216 2553 2285 subjectas
2607 2219 2843 2287 species,
2906 2235 2973 2274 ex
3023 2236 3156 2274 auro
3188 2233 3241 2277 et
3295 2224 3622 2303 quibusdam

2050 2305 2171 2359 aliis
2208 2307 2581 2363 materialibus
2631 2309 2826 2375 factas,
2859 2311 2908 2366 ei
2953 2313 3210 2389 praeferre
3244 2332 3258 2369 :
3293 2315 3373 2368 vel
3423 2318 3622 2385 alioqui

2048 2401 2083 2455 ii
2114 2401 2356 2470 quidem,
2383 2404 2475 2473 qui
2506 2412 2705 2473 praeter
2743 2405 2858 2459 haec
2890 2404 3120 2469 faciunt,
3157 2410 3534 2478 segregantur,
3567 2418 3623 2463 et

2050 2493 2085 2547 ii
2126 2494 2359 2560 scilicet,
2409 2498 2503 2567 qui
2558 2497 2832 2567 ejusmodi
2867 2501 3250 2553 materialibus
3282 2500 3348 2554 ad
3378 2505 3625 2570 corporis

2048 2584 2251 2641 Christi
2301 2590 2701 2659 susceptionem
2735 2600 2983 2655 utuntur,
3017 2602 3071 2646 et
3116 2594 3207 2661 qui
3241 2596 3321 2647 eis
3355 2593 3458 2647 hoc
3494 2611 3627 2664 prac-

2052 2683 2203 2736 bent.
2259 2679 2338 2737 Ne
2387 2682 2605 2737 mireris
2647 2694 2849 2751 autem,
2900 2699 3000 2739 nec
3050 2699 3272 2738 causam
3326 2687 3624 2754 mgaveris,

2051 2783 2275 2844 propter
2327 2791 2485 2843 quam
2524 2776 2576 2829 in
2609 2776 2932 2845 quibusdam
2978 2778 3228 2834 ecclesiis
3259 2781 3420 2834 datur
3471 2782 3625 2838 laicis

2053 2876 2306 2922 sanctum
2342 2867 2547 2946 Christi
2583 2886 2807 2939 corpus,
2838 2885 2937 2924 nec
2965 2872 3046 2925 eis
3078 2873 3132 2926 in
3166 2890 3329 2927 manu
3371 2877 3623 2943 traditur,
3668 2884 3677 2897 '

2054 2967 2111 3011 ut
2140 2960 2241 3013 hoc
2270 2974 2481 3014 canone
2509 2961 2819 3014 continetur
2850 2980 2864 3016 :
2904 2970 3048 3016 recta
3076 2964 3220 3018 enim
3268 2965 3401 3021 fides
3449 2977 3501 3021 et
3532 2970 3624 3024 Dei

2053 3054 2237 3119 timor,
2297 3063 2352 3108 et
2401 3056 2469 3109 ab
2510 3058 2655 3108 omni
2702 3057 3016 3125 suspicione
3067 3058 3242 3112 aliena
3280 3061 3473 3129 pietas,
3523 3065 3626 3120 hoc

2038 3147 2296 3211 ‘tradidit,
2344 3162 2450 3199 non
2497 3147 2760 3200 laicorum
2795 3146 3114 3218 indignitas.
3153 3152 3419 3208 Existimo
3444 3166 3624 3212 autem

2057 3240 2159 3294 hoc
2187 3254 2397 3293 canone
2427 3256 2521 3294 eos
2551 3242 2795 3311 coargui,
2825 3244 2916 3311 qui
2944 3246 3297 3299 auctoritates
3326 3262 3420 3302 seu
3448 3249 3628 3318 digni-

2062 3340 2203 3387 tates
2280 3334 2605 3403 generisque
2676 3335 3017 3389 nobilitatem
3091 3337 3348 3408 allegant,
3423 3352 3628 3397 sancta:

2060 3426 2458 3478 communionis
2508 3434 2774 3497 tempore,
2809 3440 2861 3483 et
2900 3432 3139 3501 prmponi
3173 3444 3446 3502 quaerunt.

2128 3515 2382 3572 ZONAR.
2427 3517 2686 3574 Nonnulli
2718 3522 2986 3591 religione
3028 3523 3169 3579 forte
3197 3522 3435 3589 adducti,
3467 3537 3520 3583 et
3546 3512 3647 3584 sa:

2058 3627 2276 3664 crorum
2313 3614 2575 3666 donorum
2628 3614 2998 3679 veneratione,
3027 3619 3353 3688 quibusdam
3386 3633 3629 3692 recepta-

2062 3705 2201 3758 colis
2255 3720 2322 3757 cx
2355 3720 2492 3759 auro
2527 3707 2702 3760 aliave
2734 3708 2889 3762 multi
2932 3713 3094 3779 pretii
3140 3714 3364 3768 materia
3412 3732 3633 3788 compa-

2060 3801 2214 3858 ratis,
2245 3796 2653 3851 immaculatum
2687 3798 2895 3854 Domini
2925 3816 3126 3871 corpus
3149 3805 3425 3876 excipere,
3454 3824 3629 3880 eaque

2061 3888 2273 3939 ratione
2321 3889 2726 3942 communicare
2780 3893 2927 3946 soliti
2995 3903 3145 3948 sunt.
3202 3896 3356 3961 Quod
3409 3902 3629 3969 quidem

2061 3979 2188 4031 licet
2217 3993 2244 4031 a
2284 3978 2543 4048 religione
2574 3981 2902 4047 profectum,
2937 3993 3116 4038 tamen
3150 3990 3393 4057 synodus
3424 3993 3629 4061 impro-

2061 4069 2228 4123 bavit.
2269 4067 2365 4122 Rei
2416 4085 2651 4139 namque
2684 4072 2909 4128 cuilibet
2939 4077 3150 4141 sensili,
3190 4080 3426 4135 hominis
3456 4083 3632 4153 digni-

2062 4170 2247 4225 tatem,
2284 4160 2375 4229 qui
2414 4160 2696 4223 nimirum,
2729 4173 2782 4217 et
2809 4163 2990 4218 divina
3023 4167 3258 4238 imagine
3289 4174 3628 4239 nobilitatus,

2061 4261 2114 4305 et
2160 4266 2283 4304 cum
2336 4250 2552 4305 Christo
2584 4253 2749 4307 unius
2779 4257 3025 4323 corporis
3056 4275 3198 4314 nexu
3237 4263 3545 4331 c0pulatus,
3577 4281 3631 4322 et

2060 4342 2228 4398 divini
2269 4342 2501 4412 apostoli
2550 4342 2704 4398 Pauli
2750 4346 3064 4403 testimonio
3100 4354 3361 4421 templum
3398 4355 3490 4411 Dei
3522 4368 3628 4426 est,

2062 4436 2219 4509 longe
2250 4435 2553 4505 anteponit.
2587 4435 2856 4502 Quoniam
2894 4440 3059 4510 igitur
3096 4443 3140 4497 is
3173 4447 3261 4498 cui
3295 4462 3455 4504 sacra
3516 4468 3631 4523 my-

1988 4561 2032 4616 Β
2063 4528 2228 4583 Steria
2279 4527 2781 4594 communicantur,
2829 4544 3155 4598 quacunque
3203 4537 3388 4590 sensili
3433 4547 3629 4593 natura

2064 4624 2408 4693 pratstantior
2454 4628 2560 4689 est,
2616 4637 2680 4677 ac
2728 4622 2856 4677 dum
2906 4622 3185 4680 Christum
3234 4630 3526 4685 manducat
3578 4643 3632 4686 et

2060 4716 2216 4782 bibit,
2269 4730 2332 4769 ea
2385 4714 2770 4769 communione
2827 4717 3013 4771 animo
3070 4720 3273 4788 pariter
3318 4730 3370 4774 ct
3405 4738 3632 4792 corpore

2061 4818 2285 4866 sanctus
2317 4809 2566 4875 eiiicitur,
2598 4810 2642 4863 si
2678 4810 2800 4879 quis
2829 4811 3037 4895 interea
3070 4812 3194 4865 dum
3228 4829 3382 4868 sacra
3411 4821 3632 4888 synaxis

2063 4903 2359 4971 peragitur,
2414 4899 2825 4953 immaculatum
2883 4916 3085 4970 corpus
3139 4904 3419 4973 suscipere
3466 4921 3608 4962 amet

2068 4994 2424 5065 exporrectis,
2475 4994 2725 5061 atquein
2774 4992 2953 5048 crucis
3003 4994 3224 5048 modum
3279 4999 3631 5056 conformatis

2071 5087 2316 5162 manibus
2339 5085 2620 5157 procedat,
2641 5100 2703 5140 ac
2730 5085 2802 5140 ita
2825 5086 3040 5142 demum
3071 5093 3256 5160 gratize
3281 5096 3593 5150 communio
3612 5126 3634 5135 -

2068 5196 2213 5243 nem,
2242 5193 2407 5249 quam
2474 5174 2736 5232 Dominus
2780 5178 2937 5235 nobis
2970 5180 3035 5235 ad
3067 5182 3309 5237 animum
3344 5188 3634 5240 sanctitate

2069 5272 2418 5328 imbuendum
2466 5268 2706 5333 donavit,
2757 5271 3005 5340 accipiat.
3060 5275 3133 5329 Ea
3179 5277 3446 5346 siquidem
3490 5293 3634 5332 com-

2070 5367 2343 5443 munione,
2374 5356 2532 5420 nemo
2563 5379 2747 5420 revera
2775 5365 2969 5436 dignus
2997 5376 3098 5435 est,
3126 5369 3219 5425 sed
3246 5384 3309 5424 ea
3340 5370 3511 5441 digni,
3538 5387 3633 5441 per

1636 5454 1828 5530 Guilvl.
1863 5460 2177 5538 Beveregii
2222 5467 2407 5522 nota).

481 5554 589 5619 (i3)
638 5554 743 5608 Kal
790 5556 898 5607 οὐκ
936 5555 1311 5624 ἐγχειρίζεται
1353 5556 1602 5622 τούτοις.
1651 5560 1829 5615 innuit
1878 5563 1963 5618 hic

407 5625 690 5677 lialsainon
731 5635 1045 5694 praesentem
1087 5640 1346 5680 canonem
1384 5630 1433 5679 in
1470 5630 1740 5683 nonnullis
1784 5630 1962 5686 Eccle-

408 5713 503 5749 sns
534 5698 651 5762 ejus
677 5698 868 5749 diebus
898 5710 1005 5748 non
1058 5697 1405 5770 observatum
1436 5711 1576 5770 esse.
1615 5698 1806 5767 Utpote
1839 5704 1961 5770 qui-

414 5770 510 5817 bus
543 5775 940 5819 sacramentum
976 5781 1081 5825 non
1118 5766 1169 5820 in
1208 5781 1399 5820 manus
1433 5766 1957 5827 lidelium’tradit—um

411 5848 515 5901 est,
566 5839 656 5890 sed
705 5840 755 5889 in
789 5838 1126 5903 iit-ecplaculo
1179 5839 1409 5906 quodam
1454 5837 1517 5891 iis
1562 5838 1890 5908 impertitum
1944 5861 1957 5896 :

2065 5565 2203 5633 quod
2241 5565 2411 5619 Οτιεοί
2442 5564 2629 5619 λαϐίδα
2661 5575 2893 5632 vocant;
2923 5566 3086 5622 latine
3114 5568 3365 5623 Coc/dear
3394 5585 3500 5624 non
3532 5569 3631 5623 im-

2044 5637 2261 5708 ‘merito
2295 5637 2500 5708 audiat.
2530 5635 2699 5704 Hujus
2738 5638 2991 5705 frequens
3024 5640 3075 5691 in
3112 5640 3441 5708 Enehologio
3481 5657 3632 5708 incn-

2069 5707 2425 5779 tioioccurril,
2455 5716 2515 5760 ut
2546 5708 2609 5779 in
2636 5708 3213 5779 pigeanctilicatorum
3238 5706 3475 5779 litui-gis,
3512 5706 3629 5763 εἶτα

2068 5774 2243 5851 λαϐὼν
2282 5776 2377 5847 τὴν
2405 5778 2566 5844 ἁγίαν
2601 5774 2792 5831 λαϐίδα
2813 5817 2827 5843 ,
2862 5776 3056 5845 βάπτει
3096 5778 3265 5849 αὐτὴν
3286 5782 3344 5834 ὲν
3370 5774 3456 5849 τῷ
3490 5782 3628 5851 ἁγίῳ

2068 5847 2279 5915 αι’ματι.
