3992 6484
425 254 534 321 867

1666 245 1942 307 ΤΗΕΟῙ).
2002 245 2090 305 ΒΑ
2100 245 2400 305 LSAMON

3560 251 3660 318 808

428 388 684 459 gratiam,
715 400 904 440 omnes
929 381 1215 444 eilieimur,
1241 378 1699 449 quemadmodum
1723 390 1773 432 et
1803 376 2002 447 gratia,

2113 375 2308 444 μένους
2333 376 2432 443 τὴν
2455 376 2741 430 κοινωνίαν
2770 379 2843 440 ὡς
2878 375 3261 448 προτιμῶντας
3286 375 3389 444 τῆς
3415 375 3508 430 τοῦ
3527 378 3659 432 Θεοῦ

428 490 489 535 ιιι
543 480 603 535 D.
656 479 857 533 Paulus
893 486 1145 539 testatur,
1206 474 1397 529 salvati
1447 488 1656 528 sumus.
1714 469 1818 535 Qui
1872 482 1996 521 vero

425 576 696 641 ejusmodi
752 576 1095 645 receptacula
1146 587 1328 626 secum
1388 567 1644 628 ail'erunt,
1700 566 1878 633 iisque
1928 560 1997 614 ad

2106 468 2320 531 εἰκόνος
2360 470 2460 540 τὴν
2484 469 2690 539 ἄψυχον
2722 470 2877 542 ὓλην,
2914 474 3271 542 ἀφορίζεσθαι
3303 480 3331 530 ό
3356 476 3535 529 κανὼν
3572 477 3657 527 λέ-

2110 577 2197 627 γει
2220 562 2314 611 καὶ
2352 563 2477 624 τοὺς
2506 562 2698 614 τούτου
2738 565 3119 632 μεταδιδόντας
3154 570 3359 632 αὐτοῖς.

426 671 863 724 communionem
922 666 1325 738 percipiendam
1383 664 1458 716 uti
1510 662 1724 721 volunt,
1784 657 1985 726 quippe
2024 654 2117 722 qui
2150 663 2421 723 expertem
2455 656 2623 710 animi
2670 659 2949 713 materiam
2989 659 3079 714 Dei
3152 663 3372 731 imagini
3434 671 3658 733 antepo-

424 772 577 824 ιιοιιι,
627 778 688 816 ac
733 778 828 815 ens
863 776 1082 830 quoque
1125 759 1213 826 qui
1261 756 1369 811 illis
1400 755 1479 810 sic
1507 749 1859 831 poscentibus
1900 744 2321 813 impertiverint,
2353 748 2728 816 segregatione
2755 764 2930 803 canon
2963 753 3141 820 puniri
3170 753 3345 821 jubet.

426 854 657 908 AlllS'l‘.
721 873 738 903 ι
777 853 969 907 Manus
1017 854 1069 906 in
1104 852 1283 905 crucis
1314 847 1540 916 ﬁguram
1566 841 1872 911 ‘componit,
1902 838 1995 906 qui

502 967 519 998 ι
580 946 964 1000 eucharistiam
1026 955 1342 1012 sumpturus
1392 951 1493 1002 est,
1540 953 1603 991 ac
1647 952 1741 988 ore
1798 932 1998 993 sumit;

504 1059 522 1090 ‹
566 1040 656 1105 qui
709 1054 837 1091 vero
870 1036 1273 1105 receptaculum
1310 1047 1559 1095 aureum,
1594 1029 1677 1081 vel
1712 1027 1850 1079 alius
1884 1028 1997 1076 nia-

500 1152 516 1181 ι
564 1133 709 1185 teriaa
737 1146 929 1183 manus
954 1131 1067 1182 vice
1104 1136 1392 1197 praeparat,
1423 1122 1789 1190 segregandus
1813 1128 1913 1170 est.
1950 1134 1968 1167 ι

496 1224 691 1289 Homo,
725 1224 790 1277 ad
843 1222 932 1277 Dei
969 1220 1379 1276 similitudinem
1427 1226 1660 1278 creatus,
1705 1221 1789 1265 est
1834 1219 1997 1275 supra

430 1336 646 1373 omnem
696 1328 998 1370 creaturam
1050 1312 1384 1373 sensibilem,
1437 1317 1488 1361 et
1519 1304 1720 1360 Christi
1775 1314 1993 1367 corpus,

429 1422 485 1465 et
517 1410 793 1479 tetnplum‘
818 1419 901 1461 est
930 1406 1083 1473 juxta
1116 1403 1359 1457 divinum
1403 1399 1741 1467 Apostolum.
1783 1392 1840 1448 Si
1875 1393 1995 1461 quis

438 1506 622 1573 itaque
678 1518 736 1555 se
792 1500 991 1553 diviute
1047 1494 1447 1549 cetnmunionis
1504 1490 1817 1559 participem
1877 1500 1996 1540 esse

429 1596 603 1663 cupit,
654 1607 882 1661 eamque
917 1607 1024 1643 non
1061 1605 1155 1643 ore
1203 1586 1418 1655 accipit,
1450 1594 1509 1639 ut
1556 1597 1750 1635 manus
1779 1593 1906 1635 suas
1942 1577 1994 1630 in

430 1688 613 1742 crucis
662 1685 891 1739 fortnam
946 1682 1204 1752 ﬁgurans,
1240 1680 1332 1734 sed
1384 1675 1783 1745 receptaculum
1818 1671 1994 1740 quod-

430 1764 829 1833 dam'aureum
883 1785 975 1829 aut
1008 1790 1073 1829 ex
1128 1774 1233 1827 alia
1301 1770 1527 1823 materia
1586 1766 1744 1836 281
1804 1778 1997 1817 manus

430 1874 551 1926 loco
594 1870 833 1931 conﬁcit,
894 1878 951 1922 ut
995 1882 1089 1936 per
1132 1865 1262 1919 illud
1312 1863 1553 1917 divinum
1600 1863 1800 1913 donum
1854 1854 1998 1908 acci-

431 1975 603 2034 peret,
655 1964 909 2029 illiusque
962 1958 1381 2029 participatione
1435 1956 1725 2007 haberetur
1774 1949 1995 2018 dignus,

428 2064 483 2108 et
516 2052 657 2119 'ipse
688 2061 741 2105 et
770 2052 863 2120 qui
920 2050 1176 2119 mysteria
1227 2046 1275 2099 ei
1321 2046 1486 2099 tradit
1536 2040 1909 2111 segregabitur
1939 2045 1996 2089 ut

429 2145 522 2214 qui
568 2145 920 2197 inanimatam
957 2134 1366 2209 subjectamque
1434 2136 1714 2191 materiam
1743 2132 1837 2185 Dei
1863 2131 1999 2183 ima-

428 2238 543 2308 gini
576 2236 895 2308 praeferunt.

1014 2333 1244 2418 (ΞΑΝοΝ
1286 2362 1396 2417 cu.

436 2521 455 2555 ι
498 2503 723 2572 Oportet
762 2513 941 2556 autem
973 2515 1089 2566 eos,
1120 2500 1214 2571 qui
1244 2497 1489 2553 solvendi
1535 2506 1589 2552 et
1637 2497 1843 2568 ligandi
1899 2511 1998 2567 po-

512 2614 530 2647 ι
568 2604 820 2649 testatem
880 2609 908 2646 a
942 2593 1051 2646 Deo
1083 2609 1364 2663 accepere,
1418 2593 1628 2662 peccati
1678 2591 1994 2661 qualitatem

512 2708 530 2739 ‹
573 2687 951 2752 considerare,
1000 2695 1056 2741 et
1085 2687 1202 2753 ejus
1236 2688 1329 2756 qui
1362 2686 1606 2756 peccavit
1652 2684 1721 2738 ad
1769 2699 1997 2738 conver-

510 2802 526 2829 ε
569 2779 781 2834 sionem
836 2786 1148 2847 promptum
1217 2775 1482 2839 studium,
1551 2782 1604 2827 et
1668 2774 1749 2827 sic
1804 2771 1995 2826 morbo

510 2891 527 2921 ι
564 2870 976 2924 convenientem
1034 2868 1224 2921 afferre
1278 2866 1604 2922 medicinam
1657 2883 1670 2918 :
1714 2880 1780 2919 ne
1835 2864 1882 2918 si
1936 2864 1993 2917 in

517 2982 532 3011 ι
574 2972 811 3029 utroque
860 2960 1312 3014 imn'iodcratione
1360 2967 1570 3020 utatur,
1628 2957 1694 3011 ab
1751 2957 1870 3026 ejus
1902 2958 1991 3025 qui

512 3075 527 3105 I
572 3054 785 3107 laborat
816 3053 992 3107 salute
1021 3052 1257 3106 excidat.
1291 3049 1407 3105 Non
1460 3053 1604 3105 enim
1644 3050 1875 3118 simple!
1907 3056 1993 3103 est
2020 3034 2062 3089 (ἶ

511 3166 527 3196 ‹
569 3146 794 3199 morbus
831 3145 1058 3213 peccati,
1094 3143 1186 3196 sed
1221 3143 1400 3197 varius
1455 3152 1507 3195 et
1538 3138 1909 3202 multiformis,
1938 3148 1992 3193 et

510 3258 527 3286 ι
570 3238 767 3290 multas
796 3234 1123 3289 incommodi
1161 3234 1485 3303 propagines
1530 3232 1844 3300 germinans
1878 3246 1892 3283 :
1926 3245 1991 3283 ex

507 3349 524 3376 ι
564 3328 766 3395 quibus
808 3326 1009 3377 tnalutn
1041 3324 1274 3376 multum
1304 3322 1653 3385 diffunditur,
1684 3328 1735 3375 et
1764 3322 1992 3375 ulterius

506 3437 521 3464 ι
563 3415 928 3485 progreditur,
962 3414 1137 3468 donec
1173 3414 1384 3467 viribus
1424 3414 1696 3470 medentis
1735 3416 1993 3483 reprima-

506 3530 521 3555 ι
562 3516 666 3559 tur.
701 3504 904 3569 Quare,
941 3506 1035 3572 qui
1073 3503 1358 3557 medicina:
1393 3504 1679 3557 scientiam
1713 3506 1765 3557 in
1791 3506 1991 3574 Spiritu

508 3618 523 3646 ι
567 3596 880 3667 profitetur,
912 3605 1126 3665 oportet
1155 3611 1278 3650 eum
1314 3597 1547 3665 primum
1575 3598 1693 3665 ejus
1727 3598 1820 3668 qui
1871 3615 1993 3668 pec-

507 3710 523 3740 ι
568 3693 711 3742 cavit
743 3688 1087 3743 allectionem
1119 3688 1495 3751 considerare,
1530 3698 1606 3753 et,
1658 3690 1773 3745 sive
1806 3704 1995 3761 vergat

508 3800 525 3831 ι
572 3781 637 3834 ad
676 3782 989 3845 sanitatem,
1048 3782 1164 3835 sive
1217 3790 1405 3835 contra
1460 3783 1697 3852 propriis
1747 3784 1992 3840 moribus

508 3896 522 3922 ι
568 3884 824 3941 provocet
852 3873 904 3925 in
939 3889 996 3927 se
1030 3872 1304 3937 morbum,
1342 3876 1606 3943 aspicere,
1637 3884 1690 3930 et
1718 3880 1991 3946 quomodo

501 3986 517 4016 ε
555 3965 672 4033 ejus
703 3982 819 4035 quae
846 3965 1131 4020 intercedit
1158 3966 1282 4021 vitae
1310 3968 1650 4036 rationisque
1685 3984 1869 4024 curam
1899 3988 1992 4040 ge-

506 4062 688 4107 rrat:
720 4063 774 4108 et
828 4055 875 4108 'si
928 4056 1121 4109 artilici
1186 4070 1292 4110 non
1347 4058 1669 4123 reluctatur,
1726 4069 1779 4113 et
1836 4062 1990 4116 ulcus

508 4163 526 4195 ι
563 4146 757 4199 anima:
811 4155 972 4216 auget
1030 4163 1125 4216 per
1198 4147 1577 4216 impositorum
1629 4151 1991 4206 medicamen-

503 4253 524 4285 ι
562 4248 742 4291 torum
775 4238 1158 4306 adjectionem,
1183 4239 1263 4293 sic
1294 4255 1510 4310 quoque
1539 4242 1987 4311 misericordiam,

504 4348 522 4380 ι
561 4340 725 4401 prout
759 4332 957 4401 dignus
990 4341 1098 4397 est,
1131 4334 1420 4402 impertiri.
1454 4334 1679 4390 Omnem
1717 4338 1860 4391 enim
1888 4353 1982 4391 ra-

501 4439 519 4472 ι
564 4423 766 4478 tionem
803 4424 901 4476 init
944 4422 1104 4486 Deus,
1156 4424 1312 4491 isque
1360 4425 1444 4479 cui
1488 4427 1782 4497 pastoralis
1820 4414 1992 4483 tradi;

505 4532 523 4563 ‹
565 4521 654 4567 tus
679 4522 763 4567 est
784 4515 1147 4582 principatus,
1172 4525 1230 4569 ut
1256 4526 1528 4570 errantem
1557 4533 1712 4572 ovem
1740 4519 1986 4587 reducat,

503 4627 519 4656 ι
564 4615 616 4660 et
647 4607 718 4669 ei,
752 4621 872 4675 qua:
905 4615 989 4659 est
1031 4622 1058 4659 a
1115 4617 1368 4676 serpente
1423 4610 1727 4676 vulnerata,
1776 4612 1989 4667 medea-

505 4717 521 4746 ι
570 4707 681 4760 tur,
735 4708 789 4750 et
843 4713 1018 4766 neque
1072 4713 1167 4766 per
1223 4699 1625 4769 desperationis
1688 4704 1984 4772 praecipitia

508 4808 525 4839 ι
571 4789 835 4856 impellat,
870 4804 968 4841 nec
1019 4789 1083 4842 ad
1113 4789 1232 4843 vita:
1287 4792 1697 4847 dissolutionem
1750 4804 1805 4849 et
1853 4810 1985 4849 con-

515 4902 533 4933 ι
580 4890 845 4951 templum
901 4878 1069 4934 fraena
1126 4883 1384 4937 relaxet:
1448 4883 1545 4938 sed
1600 4885 1703 4940 alia
1767 4886 1983 4955 quidem

506 4996 524 5026 ‹
564 4974 790 5028 omnino
824 4973 1053 5036 ratione,
1087 4972 1200 5025 sive
1256 4988 1353 5043 per
1405 4976 1617 5029 acriora
1675 4984 1730 5029 et
1782 4978 1984 5031 astrin-

503 5088 519 5117 ι
555 5065 760 5137 gentia,
792 5063 908 5118 sive
937 5079 1030 5132 per
1078 5065 1326 5118 molliora
1379 5076 1432 5118 et
1483 5066 1689 5120 leniora
1746 5070 1984 5124 medica-

504 5176 522 5209 ι
566 5164 767 5220 menta,
791 5154 1061 5210 aifectioni
1093 5158 1329 5221 resistat,
1353 5166 1406 5217 et
1432 5157 1495 5211 ad
1540 5159 1736 5215 ulceris
1779 5161 1983 5216 obduc-
2058 5220 2063 5227 ,

504 5271 521 5301 ι
560 5252 763 5306 tionem
805 5251 1104 5317 adnitatur,
1157 5252 1369 5307 fructus
1425 5253 1756 5322 poenitentia:
1786 5256 1979 5310 exami-

504 5365 520 5393 ‹
564 5358 737 5409 nans,
784 5351 838 5399 et
876 5344 1149 5413 sapienter
1200 5342 1526 5412 dispensans
1585 5356 1636 5399 et
1676 5347 1981 5416 gubernans

503 5456 520 5486 ‹
560 5434 857 5501 hominem,
897 5436 990 5504 qui
1028 5434 1094 5487 ad
1126 5435 1470 5503 superiorem
1521 5437 1976 5495 illuminationem

505 5548 522 5578 ι
559 5532 809 5583 vocatur.
842 5526 955 5582 Nos
1002 5528 1148 5581 enim
1187 5537 1417 5597 utraque
1457 5530 1599 5585 scire
1648 5542 1876 5599 oportet,
1928 5543 1981 5587 et

502 5639 519 5671 ι
560 5636 681 5691 quae
714 5628 842 5677 sunt
875 5618 1073 5674 summi
1098 5619 1264 5685 juris,
1295 5630 1348 5674 et
1380 5637 1499 5689 qua:
1530 5631 1659 5676 sunt
1686 5633 1977 5680 consuetu-

503 5733 520 5763 ι
562 5714 727 5781 dinis,
758 5713 813 5791 in
845 5712 912 5768 iis
963 5720 1166 5777 autem,
1199 5713 1291 5782 qui
1321 5722 1565 5770 extrema
1611 5731 1719 5773 non
1776 5719 1969 5773 admit-

2101 832 2320 893 ΑΡΙΣΤ.
2369 856 2388 888 ι
2438 840 2548 902 Τὰς
2596 842 2853 910 παλάμας
2885 844 2965 906 είς
3002 848 3233 916 σταυρὸν
3262 852 3424 905 τυποῖ
3455 854 3481 904 ό
3505 870 3667 920 μετα-

2179 948 2196 981 ι
2253 930 2578 1000 ληψόμενος,
2629 935 2723 985 καὶ
2774 934 3067 1004 λαμϐάνων
3118 939 3195 1007 τῷ
3249 944 3510 1011 στόματι’
3555 948 3583 997 ὁ
3614 948 3669 999 δὲ

2178 1040 2199 1074 ‹
2244 1025 2447 1093 δοχείον
2482 1030 2721 1094 χρυσοῦν
2762 1027 2792 1097 ἢ
2844 1029 2902 1093 ἐξ
2950 1030 3117 1099 ἄλλης
3154 1031 3287 1102 ὕλης
3334 1035 3456 1088 ἀντὶ
3490 1040 3671 1108 χειρὸς

2179 1134 2197 1165 ι
2249 1116 2529 1180 σκευάζων
2557 1120 2904 1187 ἀφοριστέος.
2944 1139 2962 1169 ι

2176 1295 2364 1365 Πάσης
2429 1299 2528 1366 τῆς
2590 1299 2855 1368 αἰσθητῆς
2903 1304 3135 1366 κτίσεως
3186 1307 3442 1359 ἐπέκεινα
3473 1311 3500 1362 ό
3529 1311 3672 1362 κατὰ

2103 1390 2288 1442 εἰκόνα
2318 1390 2453 1443 Θεοῦ
2478 1393 2721 1454 κτισθεὶς
2756 1394 3044 1465 ἄνθρωπος
3078 1401 3171 1450 καὶ
3234 1400 3390 1469 σῶμα
3426 1403 3669 1471 Χριστοῦ

2102 1484 2195 1536 καὶ
2235 1485 2359 1547 ναός
2390 1486 2507 1536 ἐστι
2538 1485 2679 1537 κατὰ
2704 1487 2795 1538 τὸν
2833 1488 3171 1541 Ἀπόστολον.
3204 1491 3272 1543 Ei’
3299 1510 3380 1554 τις
3419 1493 3545 1561 γοῦν
3570 1498 3672 1565 τῆς

2102 1576 2251 1634 θείας
2292 1578 2580 1640 κοινωνίας
2612 1580 2903 1649 μετασχεῖν
2929 1579 3244 1652 βουληθείη,
3286 1588 3380 1636 καὶ
3429 1587 3486 1637 οὐ
3529 1587 3672 1659 λάόῃ

2031 1696 2070 1749 Β
2100 1667 2272 1737 αὐτὴν
2306 1667 2384 1737 τῷ
2424 1669 2679 1738 στόματι,
2715 1670 2789 1729 ὡς
2813 1673 2870 1723 ὲν
2903 1673 3059 1742 τύπῳ
3116 1676 3351 1744 σταυροῦ
3405 1680 3675 1748 σχηματί-

2107 1775 2204 1819 σας
2243 1760 2344 1820 τὰς
2375 1762 2562 1828 χεῖρας
2606 1760 2792 1825 αὐτοῦ,
2836 1763 2971 1815 ἀλλά
3020 1765 3224 1835 δοχεῖόν
3254 1784 3304 1819 τι
3340 1770 3598 1838 χρυσοῦν,
3636 1772 3669 1841 ἢ

2102 1850 2161 1914 ἐξ
2200 1852 2364 1920 ἄλλης
2393 1852 2524 1920 ὕλης
2552 1856 2954 1908 κατασκευάσει
2998 1860 3120 1911 ἀντὶ
3164 1860 3365 1927 χειρὸς,
3408 1860 3547 1914 ὥστε
3601 1863 3669 1915 δι’

2103 1944 2266 1997 αὑτοῦ
2293 1944 2353 1996 τὸ
2382 1946 2525 1998 θεῖον
2551 1947 2807 2010 δέξασθαι
2840 1950 3034 2018 δῶρον,
3066 1952 3159 2003 καὶ
3184 1953 3282 2019 τῆς
3309 1955 3671 2023 μεταλήψεως

2101 2028 2308 2106 ταύτης
2358 2037 2662 2108 ἀξιωθῆναι
2692 2056 2706 2069 ·
2760 2041 3193 2113 ἀφορισθήσεται
3232 2045 3415 2108 ἀὐτὸς
3502 2048 3597 2098 καὶ
3643 2050 3670 2100 ὁ

2106 2126 2446 2195 μεταδιδοὺς,
2481 2129 2553 2190 ὡς
2587 2131 2965 2200 προτιμῶντες
3001 2135 3099 2203 τῆς
3140 2134 3232 2187 τοῦ
3263 2136 3399 2189 Θεοῦ
3456 2138 3670 2203 εἰκόνος

2001 2302 2011 2312 ⁸
2099 2220 2197 2290 τὴν
2234 2220 2439 2290 ἄψυχον
2469 2222 2598 2293 ὓλην
2636 2226 2727 2276 καὶ
2759 2225 3091 2295 ὑποχείριον.

2693 2355 2932 2408 ΚΑΝΩΝ
2986 2356 3098 2410 PB’.
3148 2408 3153 2415 .

2105 2509 2123 2540 ι
2172 2492 2259 2541 Δεῖ
2288 2489 2346 2541 δὲ
2379 2492 2503 2552 τοὺς
2534 2490 2783 2556 ἐξουσίαν
2816 2492 2962 2544 λύειν
2990 2497 3081 2547 καὶ
3110 2494 3327 2564 δεσμεῖν
3349 2505 3501 2568 παρὰ
3526 2501 3665 2555 Θεοῦ

2177 2602 2193 2631 ι
2239 2581 2500 2645 λαϐόντας
2541 2585 2762 2635 σκοπεῖν
2807 2584 2906 2655 τὴν
2935 2586 3033 2654 τῆς
3078 2587 3352 2655 ἁμαρτίας
3400 2593 3668 2663 ποιότητα

2174 2695 2191 2725 ι
2239 2676 2334 2728 καὶ
2387 2677 2483 2747 τὴν
2532 2676 2626 2729 τοῦ
2688 2674 3072 2747 ἡμαρτηκότος
3130 2681 3265 2752 πρὸς
3323 2686 3665 2757 ἐπιστροφὴν

2175 2789 2193 2817 ι
2238 2771 2597 2839 ἑτοιμότητα,
2652 2774 2746 2824 καὶ
2778 2772 2918 2825 οὕτω
2967 2774 3304 2843 κατάλληλον
3352 2780 3451 2849 τὴν
3499 2780 3662 2851 θερα-

2173 2883 2191 2915 ‹
2239 2863 2399 2933 π-εἱαν
2447 2864 2745 2932 προσάγειν
2776 2866 2852 2933 τῷ
2889 2866 3305 2936 ἁρῤωστήματι,
3341 2870 3424 2922 ἵνα
3461 2872 3536 2940 μὴ
3590 2876 3659 2942 τῇ

2171 2976 2188 3007 ι
2238 2955 2474 3026 ἀμετρίᾳ
2521 2957 2641 3009 καθ’
2674 2957 2931 3027 ἑκάτερον
2981 2958 3284 3028 χρώμενος,
3316 2963 3659 3035 ἀποσφαλεξη

2172 3069 2190 3099 ι
2236 3049 2368 3119 πρὸς
2413 3052 2509 3117 τὴν
2562 3050 2835 3119 σωτηρίαν
2893 3049 2985 3103 τοῦ
3036 3053 3353 3121 κάμνοντος.
3407 3058 3481 3109 Οὐ
3548 3059 3660 3127 γάρ

2172 3163 2188 3193 ι
2236 3143 2379 3210 ἁπλῆ
2413 3142 2511 3210 τῆς
2542 3142 2815 3211 ἁμαρτίας
2846 3143 2878 3207 ὴ
2914 3143 3089 3208 νόσος,
3119 3145 3256 3199 ἀλλὰ
3289 3149 3505 3218 ποικίλη
3563 3154 3657 3205 καὶ

2172 3254 2189 3285 ι
2236 3234 2554 3303 πολυειδὴς,
2589 3234 2681 3285 καὶ
2715 3233 2912 3295 πολλὰς
2944 3236 3041 3303 τῆς
3075 3235 3277 3306 βλάϐης
3324 3238 3421 3302 τὰς
3470 3257 3653 3312 παρα-

2172 3348 2188 3378 ι
2236 3327 2443 3395 φυάδας
2471 3326 2861 3396 βλαστάνουσα,
2888 3325 2946 3390 ἐξ
2976 3319 3049 3379 ὧν
3081 3327 3140 3379 τὸ
3181 3330 3349 3383 κακὸν
3397 3332 3486 3382 ἐπὶ
3518 3334 3653 3387 πολὺ

2173 3442 2188 3471 ι
2234 3418 2497 3490 διαχεῖται
2532 3418 2625 3472 καὶ
2657 3418 2844 3483 πρόσω
2906 3420 3097 3487 βαίνει,
3136 3422 3326 3490 μέχρις
3378 3423 3444 3476 ἂν
3490 3426 3649 3496 σταίη

2173 3534 2189 3564 ι
2234 3517 2299 3584 τῇ
2334 3513 2559 3581 δυνάμει
2605 3512 2698 3565 τοῦ
2748 3512 3163 3580 Θεραπεύοντος.
3199 3512 3363 3566 Ὥστε
3411 3515 3503 3567 τὸν
3553 3516 3649 3586 τὴν

2174 3627 2189 3656 ε
2241 3605 2487 3675 ἰατρικὴν
2519 3606 2574 3658 ἐν
2605 3603 2870 3673 πνεύματι
2907 3606 3216 3674 ἐπιστήμην
3272 3607 3651 3677 ἐπιδεικνύμε-

2175 3718 2191 3750 ι
2238 3715 2326 3751 νον
2372 3697 2633 3765 πρότερον
2664 3696 2767 3766 χρὴ
2798 3695 2894 3765 τὴν
2926 3696 3016 3748 τοῦ
3060 3699 3443 3769 ἡμαρτηκότος
3468 3701 3647 3754 auios-

2172 3812 2188 3842 ι
2239 3806 2322 3843 σιν
2357 3786 2802 3852 ἐπισκέπτεσθαι,
2848 3779 2957 3839 ’καὶ
2990 3790 3100 3841 εττε
3135 3790 3271 3859 πρὸς
3300 3790 3399 3862 τὴν
3435 3794 3647 3860 ὑγίειαν

2171 3906 2187 3935 ι
2233 3884 2397 3948 νεύει,
2432 3882 2463 3953 ἢ
2504 3880 2807 3935 τούναντίον
2852 3880 2937 3933 διὰ
2997 3882 3103 3932 τῶν
3156 3882 3375 3935 οἰκείων
3430 3885 3645 3954 τρόπων

2169 4000 2185 4029 ι
2233 3972 2620 4044 προσκαλεῖται
2682 3968 2802 4022 καθ’
2876 3970 3073 4021 ἑαυτοῦ
3154 3970 3213 4022 τὸ
3283 3972 3641 4042 ἀρρώστημα,

2169 4087 2185 4117 ι
2233 4065 2453 4135 ὲφορᾷν,
2482 4063 2625 4123 ὅπως
2655 4077 2715 4111 τε
2744 4059 2842 4129 τῆς
2871 4060 2929 4112 ὲν
2961 4060 3036 4128 τῷ
3069 4060 3270 4129 μεταξὺ
3330 4068 3638 4127 προνοεῖται

2168 4179 2184 4209 ι
2230 4152 2592 4223 ἀναστροφῆς,
2627 4150 2721 4204 καὶ
2751 4152 2798 4202 εἰ
2825 4150 2899 4219 μὴ
2923 4150 2998 4219 τῷ
3039 4154 3255 4226 τεχνίτῃ
3282 4156 3640 4221 ἀντιπαλαίει,

2167 4272 2183 4301 ι
2225 4247 2397 4303 καὶτὸ
2429 4245 2527 4314 τῆς
2554 4242 2726 4312 ψυχῆς
2755 4243 2908 4305 ἕλκος
2936 4243 3022 4296 διὰ
3072 4246 3167 4313 τῆς
3196 4246 3303 4297 τῶν
3335 4248 3643 4317 ἐπιτιθεμέ-

2174 4365 2188 4393 ι
2235 4358 2339 4394 νων
2364 4336 2663 4407 φαρμάκων
2686 4334 2903 4399 αὐξάνει
2960 4339 3342 4406 προσαγωγῆς,
3378 4338 3472 4391 καὶ
3499 4340 3638 4393 οὕτω

2166 4453 2183 4484 ι
2230 4433 2320 4484 τὸν
2349 4427 2492 4480 ἔλεον
2517 4423 2806 4488 κατ’ἀξίαν
2830 4428 3167 4495 ὲπιμετρεῖν.
3201 4429 3314 4490 Πᾶς
3348 4431 3455 4498 γὰρ
3488 4430 3640 4499 λόγος
3712 4442 3729 4469 ο

2162 4547 2178 4577 ι
2226 4522 2341 4592 Θεῷ
2399 4516 2610 4587 καὶτῷ
2669 4519 2767 4587 τὴν
2832 4518 3192 4589 ποιμαντικὴν
3248 4521 3636 4592 ἐγχειρισθέντι

2160 4636 2177 4668 ι
2232 4611 2524 4684 ἠγεμονίαν
2550 4610 2609 4662 τὸ
2672 4608 3022 4679 πλανώμενον
3046 4610 3312 4678 πρόϐατον
3368 4614 3639 4680 ἐπαναγα-

2162 4728 2179 4760 ι
2223 4711 2357 4776 γεῖν,
2401 4703 2493 4758 καὶ
2536 4700 2741 4773 τρωθὲν
2807 4701 2911 4753 ὑπὸ
2931 4701 3023 4754 τοῦ
3064 4701 3243 4768 ὄφεως
3300 4703 3633 4771 ἑξιάσασθαι,

2160 4819 2177 4851 ι
2217 4800 2309 4853 καὶ
2366 4797 2501 4867 μήτε
2552 4793 2691 4847 κατὰ
2717 4794 2977 4863 κρημνῶν
2998 4793 3208 4863 etiam
3239 4794 3337 4863 τῆς
3388 4797 3635 4864 ἀπογνώ-

2162 4911 2177 4943 ι
2224 4906 2379 4952 σεως,
2411 4890 2545 4956 μήτε
2574 4885 2663 4937 τὸν
2690 4884 2905 4954 χαλινὸν
2937 4884 3215 4937 ἐπιδοῦναι
3255 4885 3390 4948 πρὸς
3412 4888 3510 4956 τὴν
3544 4886 3633 4938 τοῦ

2160 5000 2176 5030 ι
2224 4979 2336 5049 βίου
2393 4976 2607 5028 ἔκλυσίν
2650 4991 2707 5025 τε
2760 4975 2852 5028 καὶ
2910 4976 3355 5044 καταφρόνησινο
3411 4977 3527 5029 ἀλλ’
3579 4979 3633 5029 ἐν

2164 5091 2181 5122 ι
2226 5071 2396 5139 ὲτέρῳ
2440 5068 2623 5137 τρόπῳ
2673 5065 2908 5128 πάντως,
2940 5066 3047 5118 εἴτε
3067 5065 3154 5118 διὰ
3176 5067 3282 5118 τῶν
3307 5066 3633 5137 αὐστηροτέ-

2160 5183 2177 5214 ι
2227 5178 2332 5228 ρων
2353 5176 2409 5211 τε
2436 5158 2528 5210 καὶ
2552 5158 2877 5225 στυφόντων,
2899 5156 3007 5208 εἴτε
3038 5155 3128 5210 διὰ
3153 5155 3261 5208 τῶν
3287 5156 3630 5225 άπαλοτέρων

2157 5273 2174 5305 ι
2221 5271 2277 5307 τε
2308 5253 2399 5306 καὶ
2435 5250 2750 5320 πραοτὲρων
2772 5248 3098 5318 φαρμάκων,
3137 5250 3277 5301 κατὰ
3304 5248 3400 5301 τοῦ
3434 5251 3629 5310 πάθους

2163 5366 2179 5397 ι
2222 5346 2430 5415 στῆναι,
2460 5346 2552 5396 καὶ
2591 5342 2726 5414 πρὸς
2770 5340 3094 5395 συνούλωσιν
3126 5339 3220 5393 τοῦ
3255 5340 3448 5403 ἕλκους
3506 5341 3630 5393 ἀντ-

2157 5460 2174 5490 (
2214 5436 2600 5505 αγωνίσασθαι,
2638 5434 2761 5496 τοὺς
2785 5433 2883 5503 τῆς
2915 5434 3202 5503 μετανοίας
3234 5434 3475 5503 καρποὺς
3494 5434 3631 5485 δοκι-

2159 5552 2176 5583 (
2221 5531 2437 5600 μάζοντι
2494 5529 2589 5582 καὶ
2624 5526 2995 5597 οἰκονομοῦντι
3031 5527 3208 5594 σοφῶς
3239 5527 3330 5580 τὸν
3372 5526 3509 5597 πρὸς
3534 5524 3628 5594 τὴν

2158 5643 2174 5674 ι
2219 5624 2330 5677 ἄνω
2356 5619 2772 5691 λαμπροφορίαν
2802 5618 3138 5689 καλούμενον
3166 5618 3474 5688 ἄνθρωπον.
3506 5618 3627 5684 ’Δμο

2155 5736 2172 5770 ι
2219 5716 2417 5787 φότερα
2471 5715 2649 5769 τοίνυν
2707 5712 2903 5769 εἰδέναι
2937 5713 3083 5783 ἡμᾶς
3132 5710 3257 5782 χρὴ,
3288 5712 3379 5764 καὶ
3409 5711 3473 5764 τά
3533 5707 3625 5775 τῆς
