3992 6484
481 234 586 294 8ῗ1

1729 223 1986 284 THEOD
2050 224 2445 286 BALSAMON
2493 205 2504 208 ’

3614 229 3706 290 8ῗὲ

483 361 610 399 vero
639 359 735 407 per
766 353 1061 402 consuetas
1101 355 1156 402 et
1187 345 1432 400 mitiores
1463 341 1784 404 medicinas.
1833 341 2051 411 quando

2164 342 2250 413 τὴν
2305 344 2577 416 ὑποδοχὴν
2635 345 2742 398 τῶν
2817 344 3108 414 ἐπιτιμίων
3171 344 3570 413 ἰατρευόμενοι.
3623 338 3706 410 Ei;

485 442 542 499 ii,
589 437 792 505 quibus
833 437 1103 490 medicina
1153 435 1463 499 adhibetur,
1513 433 1581 488 ad
1628 448 1821 504 poenas
1875 435 2049 488 susci-

481 530 708 600 piendas
744 528 902 597 paulo
938 528 1188 588 duriores
1243 527 1468 582 fuerint.
1514 526 1594 580 Ad
1633 527 1745 579 haec
1789 532 2051 579 consueta

481 623 626 676 enim
656 636 816 674 nemo
866 619 1149 674 restiterit.
1205 619 1297 674 llis
1337 619 1696 674 consimiliter
1730 618 1886 687 jubet
1938 631 2051 669 ma-

481 728 620 784 gnus
653 728 871 782 quoque
899 712 1132 768 Basilius
1167 714 1221 767 in
1252 714 1414 768 tertio
1443 727 1544 767 suo
1573 726 1808 767 canone.

556 803 807 859 ZONAR.
839 804 974 859 Cum
1009 804 1076 858 de
1106 806 1292 860 multis
1323 820 1386 859 ac
1421 804 1588 860 variis
1628 804 1922 857 multarum
1960 817 2052 871 εει

486 898 714 952 aeribus
750 899 994 968 synodus
1017 899 1362 961 disseruerit,
1413 913 1652 966 suasque
1683 896 1914 965 singulis
1939 895 2053 948 cri-

499 991 728 1043 ninibus
761 1005 952 1058 pmnas
989 991 1230 1045 vicissim
1281 991 1495 1043 debitas
1545 987 1912 1050 censtituerit,
1951 986 2054 1040 hoc

484 1083 698 1137 demum
733 1074 942 1135 canone
969 1082 1352 1152 episcoporum
1381 1081 1590 1149 judicio
1633 1081 1890 1134 universa
1931 1093 2054 1147 per-

487 1175 654 1228 misit.
689 1173 798 1227 Nec
859 1191 988 1228 vero
1049 1176 1224 1228 solum
1260 1157 1342 1228 'de
1394 1186 1734 1241 peccatorum
1793 1170 2055 1241 qualitate

481 1267 808 1336 graviorane
838 1281 905 1318 an
949 1268 1152 1320 leviora
1200 1267 1329 1329 sint,
1374 1264 1753 1334 cogitandum,
1804 1263 1899 1317 sed
1935 1261 2054 1332 ejus

486 1373 704 1428 quoque
739 1360 831 1428 qui
864 1358 1132 1428 peccavit,
1169 1357 1529 1421 alfectionetn,
1575 1365 1629 1411 et
1671 1354 1944 1425 quomodo
1978 1354 2047 1407 ad

488 1452 869 1519 pmnitentiam
903 1452 1237 1520 disponitur,
1282 1466 1349 1504 an
1383 1450 1596 1503 scilicet
1624 1451 1688 1501 ad
1726 1464 1789 1503 ea
1820 1447 2054 1501 remedia

486 1557 607 1610 qttte
651 1544 1003 1596 acrimoniam
1062 1544 1531 1612 accrbitatemque‘
1593 1542 1849 1604 habeant,
1906 1539 2057 1594 exci-

489 1635 691 1704 pienda
725 1636 797 1688 sit
829 1645 1077 1704 paratus,
1110 1650 1178 1687 an
1211 1648 1340 1687 vero
1373 1634 1713 1688 curationem
1767 1631 1948 1685 mollis
1992 1645 2054 1683 ac

491 1729 678 1798 segnis
711 1729 932 1781 animus
983 1728 1323 1790 reformidet,
1365 1725 1794 1797 inspiciendum.
1847 1738 2056 1794 proque

491 1819 839 1874 alfectionum
873 1821 1161 1881 varietate,
1208 1819 1479 1874 diversam
1532 1816 1789 1872 curanda:
1834 1817 2058 1886 aegritu-

490 1913 636 1967 dinis
699 1912 964 1966 rationem
1016 1911 1306 1965 iucundam
1365 1925 1488 1964 esse
1559 1909 1918 1976 demonstrat,
1988 1921 2058 1960 ne

490 2003 708 2056 duobus
771 2001 912 2054 forte
959 2001 1149 2054 eodem
1204 1999 1433 2053 crimine
1481 1998 1784 2061 obstrictis,
1826 2011 2056 2066 quorum

492 2098 629 2150 alter
667 2097 734 2148 ad
769 2093 997 2148 luendas
1037 2092 1208 2147 errati
1247 2106 1437 2161 poenas
1467 2100 1689 2160 paratus
1721 2091 1815 2154 sit,
1852 2091 2060 2160 segnio-

493 2204 608 2244 rem
648 2205 707 2242 se
746 2187 882 2241 alter
914 2202 977 2240 ac
1012 2185 1304 2239 tardiorem
1336 2186 1592 2252 praebeat,
1627 2184 1720 2252 qui
1763 2190 2059 2252 utrumque

491 2278 793 2333 curandum
822 2277 1089 2344 suscepit,
1123 2275 1168 2328 si
1207 2273 1380 2328 solius
1413 2273 1648 2345 peccati
1674 2280 1917 2342 spectata
1977 2286 2062 2324 ra-

492 2372 639 2424 tione
698 2369 887 2423 eadem
922 2367 1138 2436 utrique
1164 2365 1406 2421 remedia
1443 2365 1748 2418 curationis
1776 2365 2060 2430 adhibeat,
2101 2406 2108 2412 .

500 2465 716 2516 aherret
744 2459 982 2528 longius,
1019 2474 1083 2513 ac
1111 2458 1402 2527 aegrotanti
1437 2458 1666 2512 salutem
1723 2458 1917 2512 aﬂ‘erre
1951 2473 2060 2511 non

501 2557 573 2607 ita
630 2553 790 2607 facile
824 2553 1018 2622 possit.
1072 2551 1208 2606 Nam
1245 2551 1334 2605 ille
1389 2551 1606 2620 quidem
1655 2552 1816 2617 alter,
1871 2551 1934 2604 ad
1962 2567 2061 2604 exs

503 2645 700 2714 pianda
745 2645 978 2699 crimina
1013 2655 1234 2698 strenue
1261 2655 1509 2714 paratus,
1536 2644 1700 2698 etiam
1730 2646 1774 2698 si
1815 2646 2063 2698 acerbior

471 2739 707 2815 .ltomini
772 2752 930 2808 paena
969 2736 1167 2814 luenda
1228 2737 1320 2797 sit,
1379 2753 1486 2790 non
1544 2737 1840 2800 recusabit,
1895 2753 2062 2806 seque

500 2841 670 2884 totum
722 2830 870 2885 illius
906 2847 935 2884 a
979 2846 1088 2900 quo
1140 2830 1342 2900 regitur
1385 2830 1673 2893 voluntati,
1724 2831 2061 2902 arbitrioque

501 2923 813 2991 permittet;
868 2923 1008 2978 alter
1067 2938 1200 2976 vero
1246 2922 1338 2992 qui
1397 2922 1546 2975 nullo
1604 2937 1665 2977 se
1722 2925 2060 2994 paenitentia:

501 3031 686 3070 amore
725 3017 1010 3070 incensum
1039 3017 1317 3078 ostendat,
1349 3016 1623 3069 acriorem
1676 3031 2059 3086 quamcunque

2151 436 2325 490 ταῦτα
2347 436 2454 506 γὰρ
2483 437 2550 489 τὰ
2583 436 2788 506 συνήθη
2819 437 2918 488 οὐκ
2966 436 3031 490 ἄν
3083 455 3163 501 τις
3206 436 3525 505 ἀντισταίη.
3575 437 3709 507 Παρ-

2154 528 2355 599 ομοίως
2383 528 2438 580 δὲ
2469 529 2675 592 τούτοις
2693 529 3126 598 παρακελεύεται
3170 529 3262 584 καὶ
3286 530 3316 583 ὁ
3359 529 3532 600 μέγας
3568 529 3713 582 Βασί-

2153 621 2294 685 λειος
2352 622 2412 676 ὲν
2437 623 2514 690 τῷ
2543 627 2590 690 γ’
2615 621 2802 676 κανόνι
2833 620 3019 675 αὑτοῦ.

2227 801 2470 853 ΖΩΝΔΡ.
2525 800 2655 872 Περὶ
2706 799 2916 852 πολλῶν
2973 799 3267 869 ἐπιτιμίων
3326 801 3422 852 καὶ
3460 800 3713 874 διαφόρων

2155 894 2500 960 διαλεχθεῖσι
2564 893 2596 958 ἠ
2643 892 2880 955 σύνοδος,
2930 892 3022 944 καὶ
3065 894 3175 944 τῶν
3228 894 3713 961 άπαριθμηθέντων

2155 987 2510 1055 πταισμάτων
2582 986 2796 1055 ἑκάστῳ
2857 984 2918 1036 τὸ
2999 984 3338 1054 κατάλληλον
3415 986 3714 1052 ἀποτάξασα

2108 1079 2111 1084 ’
2155 1081 2462 1132 τελευταῖον
2516 1078 2602 1131 διὰ
2655 1079 2746 1130 τοῦ
2810 1077 3078 1147 παρόντος
3137 1077 3366 1139 κανόνος
3415 1077 3479 1130 τὸ
3512 1081 3614 1132 πᾶν
3653 1085 3712 1150 τῇ

2155 1171 2334 1242 κρίσει
2382 1170 2490 1222 τῶν
2515 1169 2828 1222 ἐπισκόπων
2856 1168 3092 1223 ἀνέθετο.
3128 1169 3236 1222 Καὶ
3259 1170 3464 1238 χρῆναί
3495 1187 3622 1239 φησι
3648 1175 3714 1244 μὴ

2160 1263 2319 1333 μόνον
2342 1261 2437 1332 τὴν
2459 1261 2720 1330 ποιότητα
2749 1264 2848 1331 τῆς
2879 1261 3154 1331 ἁμαρτίας
3173 1265 3424 1325 σκοπεῖν,
3455 1263 3502 1314 εί
3523 1264 3715 1334 μεγάλη

2155 1357 2314 1425 τυχὸν
2351 1356 2432 1427 εἴη
2473 1356 2504 1427 ἢ
2545 1356 2760 1425 μετρία,
2797 1356 2931 1409 ἀλλά
2961 1357 3056 1408 καὶ
3085 1357 3182 1426 τὴν
3216 1355 3312 1408 τοῦ
3348 1357 3716 1427 ἡμαρτηκότος

2155 1449 2418 1512 διάθεσιν,
2452 1451 2546 1501 καὶ
2575 1449 2722 1511 ὅπως
2759 1449 2893 1518 πρὸς
2931 1450 3032 1519 τὴν
3067 1445 3363 1518 μετάνοιαν
3409 1448 3715 1503 διατίθεταιο

2159 1544 2205 1594 εἰ
2239 1542 2473 1610 ἑτοίμως
2498 1541 2610 1610 ἔχει
2638 1542 2836 1612 δηλαδὴ
2867 1541 3119 1606 δέξασθαι
3143 1543 3422 1611 φάρμακα
3464 1541 3717 1610 στύςοντα

2159 1637 2253 1687 καὶ
2302 1633 2680 1702 πικραίνοντα,
2737 1633 2768 1704 ἣ
2839 1632 3224 1704 μαλακώτερον
3266 1634 3583 1697 διάκειται,
3637 1635 3719 1686 καὶ

2163 1726 2502 1796 νωθρότερον
2524 1726 2660 1795 πρὸς
2679 1725 2778 1796 τὴν
2803 1726 3120 1797 θεραπείαν,
3157 1727 3251 1779 καὶ
3282 1725 3431 1779 οὕτω
3464 1726 3720 1796 κατάλλη-

2161 1818 2254 1870 λον
2276 1820 2581 1890 προσάγειν
2613 1819 2672 1871 τὸ
2711 1822 2848 1888 ἴαμα
2871 1835 2884 1849 ⁸
2926 1821 3014 1872 ἵνα
3065 1819 3162 1890 μὴ,
3217 1819 3314 1872 δύο
3359 1819 3520 1888 τυχὸν
3543 1819 3644 1871 τῶν
3671 1821 3721 1872 τὸ

2161 1914 2292 1966 αὐτὸ
2320 1911 2759 1982 ἁμαρτησάντων
2813 1912 3019 1977 ὄντων,
3075 1913 3170 1965 καὶ
3198 1913 3295 1966 τοῦ
3362 1912 3463 1979 μὲν
3513 1911 3717 1981 ἑτοίμου

2159 2005 2522 2074 τυγχάνοντος
2585 2005 2722 2074 πρὸς
2774 2002 3090 2071 μετάνοιαν,
3141 2002 3236 2056 τοῦ
3293 2003 3351 2056 δὲ
3398 2002 3717 2072 νωθρότερον

2160 2097 2526 2166 διακειμένου,
2555 2097 2583 2148 ὁ
2605 2095 2922 2166 θεραπεύων
2951 2096 3150 2158 αὐτοὺς
3186 2095 3326 2166 πρὸς
3354 2095 3416 2146 τὸ
3433 2095 3717 2165 ἁμάρτημα

2163 2191 2322 2260 μόνον
2358 2188 2701 2252 ἀποϐλέπων,
2728 2189 2823 2241 καὶ
2853 2189 3100 2258 ἑκατέρῳ
3127 2187 3311 2239 αὐτῶν
3346 2187 3550 2255 ὁμοίως
3587 2185 3714 2255 χρώ-

2164 2299 2343 2354 μενος,
2377 2281 2715 2350 ἀποσφαλείη
2751 2281 2884 2350 πρὸς
2925 2279 3023 2350 τὴν
3051 2280 3335 2349 σωτηρίαν
3371 2278 3467 2331 τοῦ
3495 2280 3715 2347 κάμνον·

2160 2392 2271 2438 τος.
2319 2375 2376 2426 'U
2407 2374 2504 2441 μὲν
2542 2373 2650 2444 γὰρ
2688 2374 2920 2441 ἑτοίμως
2955 2373 3094 2441 ἔχων
3125 2373 3260 2442 πρὸς
3286 2371 3391 2442 τὴν
3427 2371 3719 2438 μετάνοιαν,

2161 2471 2264 2524 κᾶν
2290 2469 2694 2538 αὐστηρότερον
2726 2467 2812 2538 εἴη
2847 2467 2907 2520 τὸ
2958 2467 3252 2535 ἐπιτίμιον,
3309 2466 3526 2530 δέξεται
3551 2466 3714 2528 τοῦτο,

2161 2562 2255 2614 καὶ
2314 2559 2505 2612 ἑαυτὸν
2547 2557 2922 2629 ὑποθήσειτῷ
2985 2557 3080 2610 τοῦ
3117 2558 3283 2612 αὑτὸν
3323 2557 3717 2627 οἱκονομοῦντος

2161 2652 2426 2720 θελήματι
2478 2665 2493 2680 ο
2546 2652 2574 2702 ὁ
2645 2649 2703 2702 δὲ
2787 2650 2862 2719 μὴ
2931 2649 3244 2719 θερμότητα
3302 2649 3518 2710 δεικνὺς
3599 2649 3718 2717 πρὸς

2163 2741 2452 2812 μετάνοιαν
2491 2739 2930 2808 ἀποδυσπετήσει
2982 2737 3118 2804 πρὸς
3171 2737 3238 2791 τὰ
3273 2738 3422 2791 πάνυ
3471 2737 3716 2806 στύφοντα

2161 2833 2449 2901 φάρμακα,
2485 2831 2582 2884 καὶ
2605 2830 2667 2882 οὐ
2698 2829 2858 2900 μόνον
2893 2828 2991 2880 οὐκ
3027 2829 3333 2898 ἰαθήσεται,
3361 2828 3495 2881 ἀλλά
3519 2829 3611 2879 καὶ
3650 2828 3716 2888 είς

2163 2926 2484 2992 ἀπόγνωσιν
2557 2923 2688 2986 ἴσως
2769 2919 3029 2990 ἐμπεσὼν
3087 2922 3330 2991 χείροσιν
3386 2921 3736 2972 ὑποπεσεῖταιη

2160 3015 2562 3087 πλημμελείαις

499 3109 822 3164 medicinam
855 3111 1144 3167 tastidiose
1175 3119 1414 3186 respuet,
1449 3126 1627 3179 neque
1656 3111 1819 3164 modo
1845 3111 2070 3166 morbos
2111 3127 2217 3165 non
2250 3112 2505 3181 depellet,
2561 3111 2656 3166 sed
2695 3107 3074 3180 desperatione
3128 3106 3365 3163 fortasse
3440 3105 3606 3160 victus
3667 3103 3712 3155 in

497 3203 744 3258 facinora
770 3207 935 3260 etiam
969 3206 1221 3275 graviora
1254 3206 1640 3274 praecipitabit.

571 3295 854 3367 Multiplex
892 3298 1036 3352 enim
1074 3307 1184 3362 est,
1213 3287 1716 3366 inquiuntl‘atres.
1772 3312 1836 3352 ac
1878 3299 2063 3353 varius

499 3389 709 3456 peccati
767 3387 1026 3453 morbus,
1087 3387 1398 3457 multasque
1466 3389 1792 3462 propagines
1862 3389 2066 3443 erroris

499 3478 727 3545 emittit,
760 3495 822 3532 ex
853 3479 1052 3547 quibus
1083 3479 1284 3531 malum
1329 3480 1488 3548 longe
1537 3480 1756 3548 lateque
1805 3479 2066 3533 diffundi-

503 3581 612 3634 tur,
672 3570 776 3625 hoc
827 3579 950 3635 est,
1009 3572 1172 3625 latius
1217 3581 1477 3641 evagatur
1518 3583 1581 3627 ac
1640 3571 1833 3642 serpit,
1895 3573 2066 3626 donec

515 3676 758 3730 cousque
786 3663 1134 3732 processerit,
1169 3671 1227 3716 ut
1268 3664 1428 3717 etiam
1459 3665 1780 3718 medicinam
1807 3664 2067 3720 adbibere

503 3753 776 3821 cupientis
799 3754 955 3823 longe
983 3762 1201 3823 superet
1229 3752 1562 3808 facultatem.
1583 3754 1840 3819 Proinde,
1874 3758 1946 3812 sit
1975 3756 2064 3809 illa

504 3847 705 3915 prima,
746 3846 944 3915 inquit,
987 3847 1286 3916 spiritualis
1315 3848 1510 3902 medici
1542 3864 1696 3911 cura,
1729 3859 1788 3902 ut
1811 3865 1934 3903 eum
1968 3851 2064 3918 qui

504 3936 773 4004 peccavit,
807 3937 1261 4004 quemadmodum
1310 3939 1492 3992 animo
1540 3938 1766 3994 affectus
1812 3940 1904 4004 sit,
1946 3940 2068 3995 dili-

506 4034 697 4095 genter
720 4026 991 4096 inspiciat,
1021 4042 1090 4082 an
1126 4029 1490 4084 ardentiorem
1517 4039 1642 4100 agat
1672 4032 2066 4100 paenitentiam,

505 4127 560 4171 et
589 4119 876 4174 sanitatem
914 4130 1149 4188 appetat,
1183 4135 1249 4174 an
1283 4130 1493 4186 contra,
1543 4138 1758 4178 morum
1804 4125 2068 4194 improbi-

508 4217 616 4263 tate
640 4209 889 4263 morbum
929 4226 1086 4264 suutn
1124 4212 1353 4280 ipsemet
1389 4222 1624 4284 augeat;
1673 4227 1786 4270 tum
1815 4231 2062 4285 quianam

509 4299 746 4356 hominis
775 4311 899 4371 post
926 4303 1223 4358 admissum
1266 4303 1478 4360 facinus
1513 4307 1635 4360 vitae
1664 4309 1803 4361 ratio
1854 4323 1920 4362 ac
1958 4323 2072 4362 mo-

2247 3294 2536 3364 Πολυειδὴς
2584 3293 2715 3364 γὰρ,
2774 3293 2942 3361 φασὶν
2968 3293 3017 3344 oi
3047 3291 3308 3360 Πατέρες,
3373 3288 3467 3342 καὶ
3517 3286 3710 3353 ποικίλη

2168 3389 2267 3458 τῆς
2291 3387 2567 3457 ἁμαρτίας
2599 3387 2626 3455 ἢ
2654 3385 2829 3450 νόσος,
2855 3387 2950 3437 καὶ⁹
3006 3383 3204 3447 πολλὰς
3253 3379 3612 3453 παραφυάδας
3629 3377 3712 3445 τῆς

2171 3479 2374 3550 βλάϐης
2404 3477 2800 3547 βλαστάνουσα,
2869 3476 2926 3542 ἐξ
2959 3470 3034 3529 ὧν
3076 3475 3460 3545 παραφυάδων
3486 3473 3546 3524 τὸ
3569 3468 3711 3530 κακρν

2169 3572 2455 3640 διαχεῖται.
2493 3569 2822 3622 πλατύνεται
2894 3568 3091 3638 δηλαδὴ
3133 3568 3227 3620 καὶ
3259 3564 3641 3635 πρόεισι·ν,ἒως
3662 3560 3711 3612 ἄν

2172 3664 2412 3718 τοιοῦτον
2435 3665 2682 3732 γένηται,
2740 3661 2882 3714 ὥστε
2931 3661 3232 3730 ὑπερνικᾷν
3266 3665 3359 3712 καὶ
3400 3661 3500 3728 τὴν
3527 3657 3612 3708 τοῦ
3644 3653 3709 3705 θε-

2175 3754 2502 3826 ραπεύοντος
2525 3752 2774 3817 δύναμιν.
2815 3753 2912 3804 Διά
2945 3751 3140 3813 ταῦτα,
3171 3753 3324 3821 φησὶ.
3357 3752 3446 3822 τδγ
3501 3762 3709 3814 πνευμα-

2169 3847 2320 3899 τικὸν
2347 3844 2532 3913 ἰατρὸν
2563 3844 2644 3896 δεῖ
2674 3842 2890 3914 πρῶτον
2926 3843 3024 3913 τὴν
3066 3845 3160 3895 τοῦ
3207 3841 3587 3916 ήμαρτηκῷτος
3619 3838 3708 3890 διά-

2173 3939 2323 3992 θεσιν
2349 3937 2714 3990 κατασκοπεῖν
2742 3937 2851 3989 εῐτε
2882 3937 3094 4006 θερμῶς
3125 3940 3396 4005 μετανοεῖ,
3422 3935 3514 3987 καὶ
3547 3930 3709 3998 ὑγείας

2171 4032 2451 4104 ὀρέγεται,
2491 4030 2602 4082 εἴτε
2630 4028 2830 4099 μᾶλλον
2877 4030 2974 4100 τὴν
3005 4029 3158 4082 νόσον
3189 4028 3340 4094 αὔξει
3376 4028 3496 4081 καθ’
3538 4020 3707 4078 ἑαυτοῦ

2172 4124 2259 4178 διὰ
2278 4123 2496 4195 τρόπων
2543 4122 2761 4186 κακίαν,
2823 4123 2918 4174 καὶ
2967 4121 3083 4185 πῶς
3113 4126 3118 4131 ’
3146 4122 3282 4190 μετά
3329 4124 3431 4192 τὴν
3461 4115 3708 4186 ἁμαρτίαν

2173 4214 2574 4285 ἀναστρέφεται
2599 4215 2690 4266 καὶ
2718 4213 2848 4282 βιοῖ,
2877 4215 2971 4266 καὶ
3005 4215 3054 4264 εἰ
3090 4213 3164 4281 μὴ
3195 4211 3271 4282 τῷ
3321 4211 3536 4282 τεχνίτῃ
3574 4208 3706 4258 ἀντι-

2175 4306 2450 4371 παλαίσει,
2506 4307 2645 4376 ὅπερ
2674 4307 2886 4374 γίνεται
2927 4306 3018 4358 ἐπὶ
3045 4305 3154 4357 τῶν
3187 4305 3390 4371 μανίαν
3417 4300 3706 4356 νοσούντων.

505 4394 642 4459 dus;
685 4408 753 4447 an
806 4409 929 4447 cum
999 4395 1192 4449 medici
1247 4397 1479 4451 artificio
1536 4400 1786 4468 ipsemet,
1849 4401 2062 4454 insania

2183 4402 2409 4454 Ἐκεῖνοι
2456 4403 2567 4469 γάρ
2589 4402 2700 4461 τοῖς
2739 4396 3082 4468 ἰατρεύουσιν
3112 4396 3308 4458 αὐτοὺς
3361 4393 3716 4456 ἀνθίστανται,

505 4495 880 4554 correptorum
914 4501 1084 4551 more,
1121 4490 1485 4555 colluctctur;
1535 4490 1608 4542 illi
1647 4497 1791 4546 enim
1828 4491 2067 4547 medicis

2164 4495 2258 4546 καὶ
2293 4493 2394 4546 οὐκ
2418 4491 2547 4544 ὲῶσι
2573 4492 2946 4561 προσαγαγεῖν
2971 4491 3158 4552 αὐτοῖς
3197 4488 3264 4541 τά
3321 4488 3556 4556 σωτήρια
3595 4479 3704 4550 φάρ-

509 4580 889 4639 adversantur,
935 4578 1304 4649 salutariaque
1343 4583 1476 4650 ipsis
1529 4583 1918 4636 medicamenta
1973 4583 2062 4637 ad-

2178 4600 2349 4654 μακα.
2379 4583 2612 4636 Σκοπεῖν
2659 4582 2716 4634 δὲ
2748 4582 2844 4634 καὶ
2871 4581 3046 4642 τοῦτο,
3112 4581 3323 4650 μήποτε
3360 4577 3611 4649 ἰατρεύων
3631 4570 3707 4623 καὶ

511 4665 762 4719 hihentes
795 4663 1084 4732 repellunt.
1118 4663 1252 4720 Illud
1304 4685 1519 4738 quoque
1570 4671 1762 4725 sedulo
1825 4673 2072 4728 animad-

505 4764 718 4820 vertat;
772 4771 836 4809 ne
875 4758 1010 4809 forte
1041 4758 1232 4812 animm
1264 4761 1419 4815 ulcus
1446 4762 1559 4831 ipsa
1589 4763 1871 4818 curatione
1905 4766 2076 4818 medi-

506 4859 990 4916 camentorutnque
1069 4852 1410 4919 appositione
1484 4855 1805 4920 crudescat;
1880 4856 2063 4924 itaque

506 4941 706 5003 oleum,
743 4938 802 4991 ut
863 4941 1203 5008 aegritudinis
1265 4942 1772 5012 ratiopostulabit,
1831 4944 2067 4998 medica-

509 5027 708 5083 mentis
759 5027 1076 5082 admisceat.
1117 5028 1210 5084 Est
1242 5032 1444 5086 veroid
1481 5033 1625 5100 quod
1679 5035 1810 5088 dicit
1861 5034 2058 5104 hujus-

511 5121 689 5185 tnodi;
721 5135 846 5174 esse
897 5121 1154 5175 nimirum
1209 5137 1240 5174 a
1291 5123 1563 5194 spirituali
1615 5126 1824 5180 medico
1864 5135 2066 5181 attente

512 5211 974 5266 considerandum
1005 5215 1318 5283 aegrotantis
1361 5215 1646 5281 affectum;
1681 5226 1741 5270 ut
1772 5231 1870 5270 nec
1915 5233 2062 5283 eum,

512 5307 606 5376 qui
639 5314 870 5374 angusto
899 5307 1199 5376 pusilloque
1229 5293 1410 5364 animo
1447 5311 1542 5372 sit,
1565 5311 2066 5366 vehementioribus

511 5397 768 5452 remediis
798 5406 1009 5466 urgeat,
1041 5413 1107 5452 ne
1133 5399 1375 5456 vulneris
1421 5402 1746 5464 molestiam,
1781 5403 2067 5472 desperata

510 5491 578 5543 ab
613 5501 680 5543 eo
733 5489 1036 5554 curatione,
1091 5489 1269 5543 adhuc
1314 5495 1485 5562 magis
1538 5495 1816 5562 intendat;
1870 5513 2070 5566 neque,

466 5593 672 5646 quem
728 5577 1098 5646 asperioribus
1143 5579 1551 5637 medicamentis
1603 5584 1846 5640 sufﬁcere
1896 5601 2058 5656 posse

513 5670 862 5752 intellexerit,
897 5671 950 5726 itt
981 5686 1046 5727 eo
1088 5674 1330 5731 curando
1372 5673 1712 5733 facilioribus
1746 5687 1953 5751 utatur,
2003 5689 2069 5735 ex

2163 4664 2441 4745 ’φάρμακα
2489 4664 2802 4744 ’προσάγων
2831 4672 2919 4726 διὰ
2963 4673 3063 4742 τῆς
3110 4672 3406 4735 ἐπιθέσεως
3431 4668 3598 4723 αὐτῶν
3626 4664 3707 4716 σὺ·

2177 4765 2309 4836 ξάνῃ
2333 4764 2393 4818 τὺ
2422 4763 2579 4826 ἕλκος
2614 4765 2674 4816 τὸ
2701 4764 2950 4833 ψυχικὸν,
2982 4765 3080 4817 καὶ
3129 4765 3277 4817 οὓτω
3307 4765 3398 4818 τὸν
3433 4762 3573 4815 ἔλεον
3594 4769 3684 4809 κατ

2163 4857 2324 4922 ἀξίαν
2378 4857 2719 4926 ἐπιμετρεῖν.
2755 4857 2819 4908 ’Ὀ
2858 4856 2915 4910 δὲ
2964 4857 3109 4924 λέγει
3179 4855 3336 4910 τοῦτό
3403 4858 3540 4907 ἐστιν
3573 4867 3586 4880 ·
3637 4847 3705 4899 ὅτι

2171 4947 2461 5017 προσέχειν
2486 4948 2568 4999 δεῖ
2602 4947 2693 5000 τὸν
2720 4950 3090 5017 πνευματικὸν
3153 4950 3338 5018 ίατρδν
3371 4951 3434 5017 τῇ
3495 4940 3703 4996 διαθέσει

2169 5039 2263 5092 τοῦ
2288 5040 2604 5106 κάμνοντος,
2660 5039 2755 5091 καὶ
2788 5045 2923 5108 μήτε
2960 5039 3036 5109 τῷ
3061 5040 3386 5110 μικροψύχῳ
3435 5030 3702 5089 ἐπιτιθέναε

2176 5131 2446 5200 στύφοντα·
2479 5133 2772 5200 φάρμακα,
2811 5132 2899 5183 ἵνα
2927 5133 3002 5203 μὴ
3037 5132 3234 5201 μᾶλλον
3293 5133 3495 5200 αὐξήσῃ
3546 5125 3601 5176 τὸ
3629 5119 3699 5172 ἓλ-

2175 5239 2290 5286 κος,
2331 5222 2806 5290 ἀπαγορεύσαντος
2840 5223 2975 5291 πρὸς
3024 5224 3122 5291 τὴν
3152 5221 3441 5291 θεραπείαν
3495 5214 3695 5272 ἐκείνων

2179 5316 2315 5384 μήτε
2341 5313 2416 5380 τῷ
2445 5313 2726 5382 δυναμένῳ
2764 5314 2833 5365 τά
2859 5314 3240 5386 αὑστηρότερα
3290 5313 3530 5384 δέχεσθαι
3549 5303 3696 5376 μαλα-

2175 5407 2416 5476 κώτερον
2438 5405 2864 5476 προσφέρεσθαι,
2922 5405 3062 5458 ὥστε
3107 5407 3193 5459 διὰ
3241 5407 3337 5476 τὴν
3376 5399 3691 5474 μαλιικόιιτηττι

2172 5499 2282 5550 τῶν
2311 5498 2608 5567 ἐπιτιμίων
2638 5499 2937 5567 ἐμπίπτειν
2963 5500 3169 5552 ἐκεῖνον
3201 5503 3280 5562 είς
3307 5500 3365 5551 τὸ
3397 5495 3518 5548 αὐτὸ
3546 5489 3691 5543 πάθος

2175 5593 2268 5644 καὶ
2291 5593 2368 5654 εἰς
2419 5591 2602 5660 μεῖζον
2637 5594 2788 5655 ίσως·
2814 5592 2926 5645 ἀλλ’
2946 5595 3034 5645 ὲπι
3045 5596 3263 5664 μετρεῖν
3284 5592 3372 5644 τὸν
3399 5590 3534 5642 ἔλεον
3576 5571 3688 5632 κατ’

2175 5681 2353 5748 ἀξίαν,
2418 5684 2586 5752 ἤγουν
2612 5683 2782 5738 ἐλεεῖν
2807 5685 3039 5740 ἕκαστον
3101 5683 3262 5748 ἀξίως
3282 5687 3378 5754 τῆς
3407 5675 3558 5737 αύτοῦ
3597 5672 3686 5726 δια·
