3992 6484
364 425 468 487 8⁸13
1393 422 1472 482 ΙΝ
1514 420 1680 481 CAN-
1721 420 1829 479 Cll
1860 419 1945 479 (ΣΟ

2045 424 2066 481 ἰ.
2104 421 2187 484 IN
2227 422 2551 483 TRULLO.
3496 427 3600 492 874

366 540 590 603 θέσεως,
653 539 746 592 καὶ
798 539 1119 610 ὲλαφρύνειν
1178 536 1275 608 μὲν
1319 555 1394 606 τῳ
1448 534 1771 607 μικροψύχῳ
1824 533 1923 604 τὴν

2045 551 2133 604 luo
2168 535 2319 590 illum
2353 553 2526 607 pinnae
2554 538 2745 594 levitas
2774 542 2826 595 in
2855 543 3099 600 eamdem
3131 547 3213 601 vel
3255 547 3416 603 etiam
3462 565 3588 618 gra-

365 632 702 702 ὲπιτίμησιν,
732 630 983 700 βαρύνειν
1012 630 1069 683 δὲ
1094 630 1172 700 τῷ
1223 628 1587 701 μεγαλοψύχῳ
1615 626 1806 697 αὐτὴν,
1825 627 1923 679 καὶ

2045 629 2236 683 tiorem
2267 645 2464 695 noxam
2506 645 2700 688 rursus
2731 635 2972 705 impellat
3004 650 3021 692 :
3069 637 3164 694 sed
3199 654 3321 696 esse
3366 642 3596 699 misera-

367 724 653 792 ἀμφότερα
675 723 742 774 δι’
779 723 925 775 ἔλεον
959 725 1164 775 ποιεῖν⁸
1198 722 1284 774 ἵνα
1335 721 1426 773 τὸν
1489 721 1590 790 μὲν
1637 717 1925 790 ἐκκαθάρῃ

2045 720 2240 775 tionem
2274 722 2570 792 unicuique
2617 740 2716 794 pro
2756 728 2962 783 meritis
3016 730 3454 802 impertiendum,
3491 737 3597 792 hoc

364 815 460 867 τού
498 814 693 884 ῥύπου,
718 813 795 884 τῷ
823 815 876 866 δὲ
905 814 978 884 μὴ
1001 813 1224 885 ἐπιξέσῃ
1256 812 1318 865 τὸ
1341 812 1584 881 τραῦμα,
1622 810 1715 861 καὶ
1745 811 1929 878 χεῖρον

2045 821 2120 865 est
2151 825 2248 881 pro
2278 827 2365 876 ea,
2406 829 2529 882 quae
2550 816 2602 870 in
2631 819 2859 888 singulis
2896 821 3059 877 fuerit
3088 825 3252 878 animi
3285 827 3597 892 ali‘ectione,

365 907 428 958 τὸ
461 905 617 967 ἕλκος
655 895 976 976 ἐργάσηται.

2045 903 2116 956 ita
2155 904 2591 976 uniuscujusque
2624 911 3022 978 miscrendnm;
3065 924 3118 969 et
3163 918 3328 971 animi
3384 922 3602 988 quidem

370 998 680 1068 abjectioris
734 1001 1028 1063 hominem,
1082 998 1284 1053 leviore
1333 1014 1510 1067 ptena,
1579 999 1758 1067 magni
1808 1013 1937 1052 vero
2008 1000 2237 1067 spiritus
2295 1010 2350 1055 et
2408 1011 2673 1068 erectum,
2734 1009 2978 1075 graviore
3031 1013 3398 1080 puniendum;
3445 1018 3606 1085 idque

369 1106 543 1152 totum
580 1094 967 1149 misericordiae
1010 1093 1382 1157 tribuendum,
1415 1101 1473 1146 ιιι
1509 1092 1577 1146 ab
1606 1093 1780 1146 altero
1808 1093 2025 1161 quidem
2061 1095 2369 1161 squalorem
2401 1107 2456 1150 ct
2537 1101 2728 1154 sordes
2813 1101 3109 1174 abstergat,
3182 1107 3407 1162 alterius
3475 1123 3606 1164 vero

368 1191 572 1246 vulnus
612 1203 680 1242 ne
715 1186 1008 1256 scalpenda
1035 1185 1214 1240 adhuc
1247 1187 1420 1256 magis
1447 1194 1753 1254 exasperet.

452 1285 516 1337 'H
550 1285 658 1353 γὰρ
691 1284 837 1336 πᾶσα
879 1283 1098 1352 φροντὶς
1130 1281 1224 1333 καὶ
1247 1281 1449 1349 σπουδὴ
1480 1279 1556 1350 τῷ
1589 1296 1649 1331 τε
1700 1279 1820 1348 Θεῷ
1847 1281 1940 1332 καὶ

371 1378 451 1446 τῷ
489 1375 676 1445 ψυχῶν
729 1375 946 1443 ποιμένι
991 1373 1150 1426 τοῦτό
1203 1376 1341 1436 ἐστι,
1401 1375 1462 1424 τὸ
1496 1373 1558 1424 τὸ
1587 1370 1940 1439 πλανώμενον

373 1468 646 1537 πρόϐατον
686 1468 1076 1533 ἐπαναγαγεῖν,
1108 1465 1201 1518 καὶ
1237 1464 1297 1518 τὸ
1331 1464 1658 1534 φαρμαχθὲν
1695 1464 1799 1517 ὐπὸ
1845 1462 1938 1514 τοῦ

371 1561 546 1629 ὅψεως
593 1557 935 1625 ἐξιάσασθαι,
1005 1557 1100 1610 καὶ
1144 1558 1283 1628 μήτε
1327 1556 1415 1610 διὰ
1483 1559 1585 1625 τῆς
1635 1553 1938 1625 αὐστηρίας

372 1654 581 1722 ὼθῆσαι
613 1655 752 1705 κατὰ
807 1650 1057 1721 κρημνοῦ
1094 1649 1194 1717 τῆς
1249 1646 1622 1716 ἐπιγνώσεως,
1676 1640 1813 1717 μήτε
1849 1644 1938 1697 διὰ

373 1746 705 1813 χαυνότητος
734 1743 823 1795 καὶ
840 1741 945 1794 τῶν
971 1740 1342 1810 ἀπαλωτέρων
1363 1738 1673 1808 φαρμάκων
1695 1737 1938 1790 ἐνδοῦναι

372 1834 523 1906 αὐτῷ
574 1835 664 1886 τὸν
705 1831 942 1902 χαλινὸν,
1006 1831 1082 1893 ὡς
1131 1830 1303 1897 ἵππῳ,
1351 1829 1493 1882 ὥστε
1559 1830 1786 1900 σκιρτᾷν
1843 1830 1938 1883 καὶ

2112 1277 2306 1335 Omnis
2357 1280 2622 1350 siquidem
2671 1292 2784 1337 tum
2843 1288 3017 1356 ipsius
3080 1290 3171 1346 Dei
3209 1302 3322 1347 tum
3371 1300 3606 1367 pastoris

2044 1368 2349 1422 animarum
2384 1385 2514 1425 cura
2547 1382 2600 1427 et
2627 1375 2865 1428 studium
2917 1380 2968 1430 in
3018 1393 3084 1433 eo
3118 1383 3351 1449 positunt
3391 1395 3493 1452 est,
3546 1399 3606 1446 ut

2043 1461 2382 1519 errabundas
2425 1479 2556 1520 oves
2608 1468 2661 1520 in
2716 1483 2868 1522 suam
2917 1473 3203 1530 stationem
3256 1489 3487 1545 revocet,
3537 1497 3605 1537 ac

2045 1554 2313 1620 serpentis
2344 1570 2552 1611 veneno
2588 1558 2810 1613 infer-tis
2846 1561 3140 1620 salutarem
3187 1566 3353 1623 l'aciat
3386 1573 3606 1628 medici-

2046 1657 2194 1706 nam,
2238 1661 2337 1700 nec
2368 1648 2448 1702 vel
2479 1650 2779 1707 acerbitate
2814 1654 2978 1709 nimia
3009 1657 3064 1710 in
3093 1669 3368 1729 praerupta
3413 1663 3610 1734 despe-

2045 1736 2274 1791 rationis
2300 1740 2565 1808 impellat,
2604 1744 2689 1797 vel
2747 1745 3080 1818 indulgentia
3119 1762 3184 1806 ac
3238 1754 3603 1810 remediorum

2046 1822 2307 1882 facilitate
2335 1829 2574 1888 habenas
2598 1836 3023 1905 quodammodo,
3063 1844 3218 1912 quasi
3251 1860 3410 1916 equo,
3441 1844 3605 1919 283

376 1905 503 1995 βίον
539 1925 762 1979 ἔκλυτον
822 1925 940 1994 ζῇν,
990 1924 1125 1976 ἀλλὰ
1187 1923 1441 1976 σπεύδειν
1495 1924 1812 1992 ἀντιστῆναι
1864 1924 1942 1993 τῷ

2045 1915 2108 1970 ad
2139 1917 2414 1975 lasciviam
2451 1923 2797 1996 solutumque
2827 1929 2949 1986 vine
2977 1905 3146 2002 genus
3179 1905 3416 1992 remittat
3441 1905 3602 1996 z—sed

374 2017 541 2072 πάθει
581 2015 686 2067 εἴτε
713 2013 779 2065 δι’
813 2011 1114 2081 αὐστηρίας
1146 2009 1254 2062 εἴτε
1278 2010 1366 2064 διά
1402 2011 1732 2080 πραότητος,
1764 2010 1840 2072 ὡς
1878 2010 1944 2063 ἂν

374 2109 662 2168 διαθέσεως
690 2104 784 2175 ἔχῃ
853 2103 989 2170 πρὸς
1045 2101 1183 2155 αὐτὰ
1216 2102 1244 2154 ὁ
1275 2100 1739 2171 θεραπευόμενος.
1769 2101 1944 2154 Τοῦτο

372 2198 419 2254 δ’
450 2198 628 2260 ἔσται,
665 2197 712 2248 εἰ
743 2194 1024 2264 δοκιμάζει
1055 2194 1150 2247 καὶ
1174 2191 1649 2262 καταστοχάζεται
1682 2192 1808 2256 τοὺς
1846 2193 1944 2263 τῆς

376 2287 664 2358 μετανοίας
694 2285 872 2338 αὐτῶν
907 2283 1177 2354 καρποὺς,
1228 2290 1322 2336 καὶ
1352 2283 1664 2351 οἰκονομεῖν
1691 2280 1782 2334 τὸν
1809 2282 1945 2352 πρὸς

371 2382 474 2448 τὴν
503 2379 615 2432 ἄνω
667 2375 1112 2446 λαμπροφορίαν,
1165 2374 1331 2444 ἤγουν
1391 2371 1488 2444 τὴν
1530 2371 1637 2425 τῶν
1694 2372 1943 2441 οὐρανῶν

374 2472 653 2542 βασιλείαν
719 2467 1054 2537 καλούμενον
1126 2466 1434 2534 ἄνθρωπον.
1496 2464 1808 2534 Ἀμφότερα
1852 2459 1945 2518 οὖν

375 2564 646 2632 ἐνδέχεται
682 2563 828 2630 ἡμᾶς
874 2560 1184 2629 γινώσκειν,
1233 2561 1398 2625 φασιν
1445 2558 1492 2609 oi
1558 2560 1660 2626 τῆς
1725 2555 1946 2609 συνόδου

375 2658 640 2726 Πατὲρες,
665 2656 756 2707 καὶ
779 2655 844 2706 τὰ
868 2655 965 2721 τῆς
990 2652 1297 2723 ἀκριϐείας,
1323 2652 1416 2705 καὶ
1434 2651 1503 2704 τὰ
1525 2651 1622 2720 τῆς
1655 2650 1945 2721 συνηθείας

375 2749 408 2818 ἢ
447 2747 811 2817 συμπαθείας.
851 2745 1154 2815 Γράνρονται
1182 2744 1289 2813 γὰρ
1317 2744 1411 2796 καὶ
1446 2742 1757 2810 ἀμφότερα,
1779 2742 1945 2813 ἦγουν

374 2843 469 2893 καὶ
498 2842 596 2892 ὅσα
624 2841 655 2908 ἡ
689 2838 947 2907 ἀκρίϐεια
983 2836 1258 2905 βούλεται,
1289 2837 1382 2887 καὶ
1412 2835 1512 2887 ὅσα.
1544 2835 1603 2886 τὸ
1657 2832 1945 2901 συμπαθὲς

375 2934 600 2986 ἀπαιτεῖ
654 2931 928 2998 εὐκαίρως
965 2930 1063 2983 καὶ
1116 2929 1212 2981 σὺν
1241 2927 1512 2998 διακρίσει
1574 2926 1943 2998 γινόμενονοῆ

375 3026 449 3079 τὰ
489 3026 587 3096 τῆς
651 3023 962 3094 συνηθείας,
989 3023 1157 3091 ἣγουν
1184 3022 1252 3074 τὰ
1298 3020 1394 3073 τοῦ
1423 3019 1583 3083 ἔθους
1637 3019 1733 3073 τοῦ
1769 3019 1947 3090 χρόνῳ

375 3117 802 3189 δοκιμασθέντος
841 3115 935 3167 καὶ
982 3113 1394 3185 βεϐαιωθέντος,
1436 3112 1464 3165 ὅ
1518 3113 1613 3166 καὶ
1667 3112 1742 3174 ὡς
1781 3111 1947 3182 νόμον

378 3212 603 3281 κρατεῖν
630 3210 721 3261 καὶ
770 3209 819 3260 οί
850 3207 985 3261 θεῖοι
1031 3205 1273 3269 κανόνες,
1309 3208 1402 3258 καὶ
1437 3207 1487 3258 οί
1536 3208 1636 3275 τῆς
1667 3204 1942 3270 πολιτείας

377 3304 535 3372 νόμοι
567 3300 866 3354 κελεύουσι.
917 3299 1024 3353 Καὶ
1053 3300 1080 3352 ὁ
1110 3299 1283 3367 μέγας
1322 3297 1378 3349 δὲ
1413 3297 1688 3360 Βασίλειος
1719 3297 1945 3352 ἐπὶτῶν

381 3397 462 3464 μὴ
484 3391 924 3462 καταδεχομένων
968 3391 1064 3453 τὴν
1093 3390 1369 3459 ἀκρότητα
1399 3391 1508 3442 τῶν
1539 3391 1948 3456 παραδοθέντων

379 3485 568 3538 τύπων
631 3483 858 3536 ἕπεσθαι
887 3485 952 3552 τῇ
987 3480 1245 3552 συνηθείᾳ
1301 3480 1528 3544 ἐδίδαξε.
1594 3481 1706 3549 Τὴν
1747 3480 1860 3534 ἅνω
1891 3479 1948 3533 δὲ

377 3578 826 3649 λαμπροφοριαν,
873 3569 1048 3636 εἶπεν,
1090 3575 1172 3627 ὅτι
1201 3577 1313 3635 τοῖς
1349 3572 1513 3634 θείοις
1564 3572 1806 3641 Πατράσι
1855 3572 1951 3624 καὶ

379 3671 720 3732 διδασκάλοις
762 3667 1008 3738 βασιλεία
1034 3667 1143 3719 τῶν
1163 3665 1412 3734 οὐρανῶν
1465 3665 1570 3733 πρὸ
1601 3664 1710 3716 τῶν
1768 3663 1944 3718 ἄλλων

381 3767 414 3831 ἡ
441 3761 703 3831 ἑλλαμψις
740 3762 1011 3830 κέκριται,
1041 3759 1074 3827 ἠ
1104 3760 1166 3810 ὲκ
1189 3757 1285 3827 τῆς
1313 3755 1462 3818 θείας
1488 3754 1722 3824 φύσεως,
1757 3754 1850 3807 καὶ
1881 3753 1944 3809 τὸ

379 3855 569 3924 νοῆσαι
635 3852 978 3922 τελεώτερον.

2046 2011 2195 2067 vitiis
2226 2014 2516 2082 obsistere,
2549 2020 2791 2075 adhibita
2837 2024 2920 2078 vel
2968 2029 3294 2084 austeritate
3340 2033 3424 2088 vel
3468 2033 3607 2089 leni—

2046 2110 2177 2167 tate,
2217 2119 2315 2175 pro
2363 2107 2503 2176 ejus,
2557 2123 2716 2179 quem
2766 2116 3062 2170 curandum
3102 2123 3422 2189 susceperit,
3477 2123 3606 2178 alle-

2044 2197 2223 2252 ctione
2256 2199 2570 2254 contendat.
2597 2200 2749 2268 Quod
2778 2206 2996 2274 quidem
3024 2207 3095 2262 ita
3137 2208 3246 2275 lict,
3275 2211 3318 2265 si
3360 2213 3601 2282 ipsorum

2044 2290 2380 2358 poenitentia:
2408 2289 2615 2351 fructus
2642 2297 3038 2355 examinaverit
3066 2310 3119 2357 et
3149 2303 3438 2374 diligenter
3467 2323 3601 2362 con-

2045 2379 2403 2448 sideraverit;
2435 2387 2770 2458 proindeque
2801 2392 3074 2449 hominem
3105 2396 3172 2450 ad
3223 2399 3606 2456 illustrationis

2044 2483 2295 2538 superna:
2322 2474 2646 2542 claritatem,
2681 2480 2748 2534 ad
2784 2494 3005 2551 regnum
3061 2486 3320 2541 nimirum
3377 2492 3606 2546 caeleste

2047 2572 2322 2627 vocatum,
2380 2568 2671 2636 regendum
2720 2572 2824 2625 sibi
2876 2574 3374 2649 moderandumque
3421 2583 3604 2635 susci-

2046 2653 2181 2722 piat.
2217 2654 2330 2711 Duo
2363 2657 2528 2727 igitur
2560 2661 2671 2726 illa,
2700 2663 2958 2733 inquiunt
3004 2671 3196 2738 synodi
3234 2671 3445 2739 Patres,
3478 2674 3605 2730 licet

2046 2747 2204 2802 nobis
2243 2763 2598 2818 cognoscere.
2641 2761 2754 2808 tum
2792 2771 2854 2809 ea
2887 2773 3004 2827 qute
3034 2762 3232 2814 summi
3273 2763 3414 2830 juris
3453 2776 3601 2833 sunt,

2047 2846 2158 2891 tum
2192 2855 2252 2893 ea
2299 2855 2420 2909 qua:
2469 2846 2852 2900 consuetudini
2895 2848 3010 2903 sive
3046 2853 3432 2908 misericordize
3499 2860 3603 2911 tri-

2048 2929 2308 2983 buuntur.
2353 2931 2595 3002 Utraque
2625 2937 2768 2989 enim
2819 2939 3039 3006 scriptis
3093 2945 3467 2999 commendata
3508 2963 3605 3002 ex-

2046 3028 2227 3084 stant;
2253 3031 2306 3075 et
2338 3039 2398 3075 ea
2425 3027 2703 3088 nimirum.
2737 3043 2854 3095 quae
2905 3031 3104 3084 summi
3153 3033 3294 3099 juris
3345 3040 3605 3094 severitas

2046 3110 2235 3177 exigit,
2267 3119 2322 3163 et
2354 3127 2496 3180 quae,
2530 3117 2788 3184 temporis
2819 3122 3229 3188 opportunitate
3279 3137 3492 3181 servata
3518 3133 3606 3196 ju-

1972 3239 2014 3297 ς
2046 3201 2298 3272 dicioque
2340 3206 2607 3273 adhibito,
2638 3210 3041 3268 commiseratio
3067 3216 3353 3284 postulat:
3380 3223 3458 3275 vel
3486 3238 3605 3288 qua:

2047 3297 2409 3362 consuetudo,
2442 3314 2558 3354 mos
2601 3300 2852 3359 videlicet
2887 3306 3167 3364 hominum
3201 3313 3461 3381 temporis
3490 3315 3607 3368 diu.

2049 3390 2307 3446 tnrnitate
2358 3392 2617 3460 probatus
2655 3396 3122 3469 contirmatusque
3167 3400 3433 3472 deposcit.
3471 3405 3605 3461 Nam

2047 3495 2109 3535 ea
2144 3497 2364 3551 quoque
2398 3481 2573 3538 instar
2622 3483 2774 3556 legis,
2837 3497 2947 3542 tum
3002 3505 3283 3548 sacrorum
3327 3511 3602 3551 canonum

2049 3574 2281 3627 decretis
2308 3583 2422 3626 tum
2454 3575 2690 3630 civilium
2718 3578 2880 3633 etiam
2913 3580 3088 3650 legum
3118 3587 3607 3646 constitutionibus

2053 3663 2282 3717 obtinet.
2318 3662 2544 3733 Magnus
2572 3680 2789 3737 quoque
2839 3667 3072 3724 Basilius
3112 3674 3165 3727 in
3215 3674 3303 3739 iis,
3350 3677 3442 3745 qui
3487 3692 3607 3746 pa:-

2053 3770 2246 3808 narum
2299 3759 2644 3811 severitatem
2696 3760 2938 3829 antiquis
2991 3763 3242 3819 formulis
3294 3783 3609 3836 expressam

2053 3861 2162 3900 non
2219 3845 2542 3911 admittunt,
2588 3854 2921 3917 sequendam
2976 3866 3100 3907 esse
3153 3859 3605 3915 consuetudinem

382 3947 570 3999 decuit
627 3943 1053 3998 lllustrationem
1103 3955 1266 4010 porro
1321 3952 1610 4008 supernam
1669 3937 1827 4002 dixit,
1876 3950 1944 3991 eo
1998 3935 2146 4006 quod
2206 3950 2432 4006 regnum
2486 3939 2747 3993 cwlorum
2805 3942 2860 3995 in
2940 3942 3300 4001 illustratione
3354 3954 3607 4024 quadam,

383 4038 439 4090 in
471 4037 659 4106 primis
689 4051 754 4090 ex
789 4044 980 4088 natura
998 4032 1178 4087 divina
1200 4040 1505 4098 emanante,
1532 4046 1595 4084 ac
1650 4029 1974 4101 perfectiora
2023 4026 2114 4082 Dei
2173 4029 2504 4100 cognitione,
2551 4034 2721 4087 sancti
2757 4032 2942 4091 Patres
2975 4052 3037 4092 ac
3067 4038 3314 4099 doctores
3357 4049 3600 4113 ιιοείιιηη

380 4148 504 4187 esse
530 4133 935 4202 judicaverunt.

381 4223 607 4280 ΑΡΙΣΤ.
667 4243 686 4277 t
737 4223 805 4278 Ἦ
849 4225 949 4292 τῆς
1003 4223 1280 4296 ἁμαρτίας
1323 4221 1419 4274 ἐπὶ
1462 4221 1597 4274 πᾶσι
1652 4213 1942 4273 σκοπεῖται

2045 4217 2265 4274 ARIST.
2309 4237 2326 4271 ι
2374 4219 2589 4276 Peccati
2638 4224 2876 4292 qualitas
2905 4225 2959 4279 in
3011 4226 3264 4282 omnibus
3293 4229 3609 4284 considera.

463 4336 481 4370 ι
523 4318 763 4387 ποιότης,
790 4317 883 4370 καὶ
913 4318 945 4386 ἡ
983 4314 1293 4388 ἐπιστροφὴ
1314 4314 1616 4383 καθορᾶται
1642 4327 1655 4340 °
1684 4312 1776 4363 καὶ
1797 4309 1942 4363 οὕτω

460 4428 478 4462 ι
524 4411 803 4480 μετρεῖται
836 4408 895 4460 τὸ
921 4407 1090 4469 ἔλεος.
1126 4424 1144 4458 ι

455 4501 536 4556 Τὰ
568 4504 666 4570 μὲν
695 4498 948 4569 ἐπιτίμια
976 4496 1061 4566 ἐφ’
1094 4495 1310 4566 ἑκάστῳ
1342 4494 1700 4565 ἁμαρτήματι
1739 4493 1946 4564 ὥρισαν

2120 4325 2282 4381 ιλιιιτ,
2311 4327 2364 4370 et
2399 4318 2682 4374 conversio
2732 4321 3080 4389 perspicitur.
3140 4321 3204 4378 Et
3258 4325 3338 4378 sic
3397 4325 3609 4378 miSel‘l-

2124 4426 2142 4457 ‹
2173 4406 2359 4461 cordia
2397 4423 2652 4464 mensura
2688 4411 3017 4482 disponitur.
3057 4431 3078 4465 ι

2117 4494 2312 4554 Ptenas
2343 4498 2558 4567 quidem
2600 4502 2797 4571 cuique
2852 4512 3076 4574 peccato
3119 4504 3458 4561 adhibendas
3507 4507 3607 4561 de-

383 4596 436 4648 οί
467 4594 728 4664 Πατέρες.
755 4591 868 4661 Τὴν
898 4590 956 4643 δὲ
983 4589 1159 4660 κρίσιν
1193 4589 1372 4641 πᾶσαν
1408 4586 1663 4641 ἀνέθεντο
1694 4586 1826 4655 πρὸς
1852 4585 1943 4638 τὸν

2048 4597 2335 4643 creverunt
2367 4587 2577 4646 Patres.
2609 4591 2713 4646 Sed
2733 4594 3186 4664 totumjudiciutn
3210 4596 3258 4650 ei
3289 4597 3608 4667 relinquunt

383 4688 484 4760 τὴν
513 4684 760 4750 ἐξουσίαν
797 4683 944 4751 παρὰ
971 4681 1104 4734 Θεοῦ
1142 4680 1371 4732 λαϐόντα
1399 4678 1494 4732 τοῦ
1517 4679 1736 4746 δεσμεῖν
1766 4695 1825 4730 τε
1850 4679 1945 4730 καὶ

386 4781 534 4834 λύειν
560 4794 575 4810 ·
605 4780 753 4840 ὅπως
787 4775 950 4837 αὐτὸς
980 4776 1076 4827 καὶ
1120 4773 1219 4841 τὴν
1262 4771 1526 4842 ποιότητα
1569 4772 1817 4842 σκοπήσῃ
1848 4767 1942 4822 τοῦ

385 4872 805 4942 ἁμαρτήματος,
847 4869 939 4921 καὶ
990 4868 1087 4935 τὴν
1120 4862 1453 4934 ἐπιστροφὴν
1489 4860 1584 4915 τοῦ
1632 4860 1946 4932 ἡμαρτηκό-

386 4980 497 5027 τος,
529 4963 623 5014 καὶ
646 4958 815 5022 οὐτως
845 4958 1192 5028 ἑπιμετρήσῃ
1218 4955 1276 5007 τὸ
1309 4955 1477 5019 ἕλεος,
1513 4953 1614 5024 τὴν
1643 4953 1944 5023 θεραπείαν

387 5055 678 5124 προσάγων
732 5049 1067 5118 κατάλληλον
1115 5047 1192 5117 τῷ
1237 5047 1658 5118 ἀρρωστήματι.
1729 5046 1786 5096 'U
1835 5044 1944 5114 γὰρ

387 5149 492 5208 πᾶς
527 5148 681 5212 λόγος
712 5145 789 5214 τῷ
821 5142 941 5211 Θεῷ
965 5143 1059 5194 καὶ
1089 5139 1166 5210 τῷ
1190 5141 1289 5209 τὴν
1319 5136 1680 5208 ποιμαντικὴν
1703 5137 1949 5204 ἐγκεχει-
1978 5165 1985 5171 ο

393 5239 640 5310 ρισμένῳ,
669 5233 968 5306 ἡγεμονίαν
1001 5233 1059 5284 ὲν
1107 5230 1284 5300 τούτῳ
1311 5231 1446 5294 ἐστὶ,
1511 5230 1567 5281 ὲν
1602 5229 1679 5297 τῷ
1708 5229 1768 5280 τὸ
1809 5235 1946 5282 πλα-

387 5328 630 5396 νώμενον
659 5324 929 5396 πρόϐατον
960 5323 1353 5389 ἐπαναγαγεῖν,
1384 5321 1477 5372 καὶ
1508 5321 1581 5388 μὴ
1629 5320 1770 5373 κατὰ
1804 5336 1944 5390 κρη-

393 5420 542 5489 μνῶν
571 5416 782 5485 ὼθῆσαι
826 5416 928 5483 τῆς
972 5412 1366 5479 ἀπογνώσεως,
1415 5410 1508 5463 καὶ
1543 5411 1635 5463 τὸν
1663 5410 1944 5480 τρωθέντα

391 5511 497 5565 ὑπὸ
528 5508 624 5562 τοῦ
653 5507 828 5575 ὄφεως
858 5504 1201 5570 ὲξιάσασθαι,
1237 5504 1344 5556 εἴτε
1376 5501 1463 5554 διὰ
1491 5500 1595 5553 τῶν
1618 5501 1948 5571 αὐστηροτέ-

394 5621 501 5675 ρων
527 5617 584 5656 τε
609 5602 700 5653 καὶ
728 5597 1058 5667 στυφόντων,
1082 5597 1188 5648 εἴτε
1215 5596 1299 5649 διὰ
1326 5596 1431 5649 τῶν
1459 5593 1825 5664 ἀπαλωτέρων
1856 5595 1948 5646 καὶ

398 5695 714 5768 πραοτὲρων
745 5690 1075 5760 φαρμάκων.

629 5896 891 5954 Parnm"
934 5890 1045 5950 Gtt.
1091 5893 1443 5951 CXXXVII.

2050 4680 2142 4748 qui
2179 4678 2380 4749 ligandi
2429 4688 2481 4733 et
2511 4680 2753 4735 solvendi
2789 4691 3107 4751 potestatein
3164 4698 3192 4736 a
3226 4682 3334 4737 Deo
3374 4684 3607 4754 accepit,

2052 4778 2109 4824 ut
2163 4770 2254 4825 ille
2288 4779 2341 4825 et
2376 4773 2584 4841 peccati
2636 4773 2949 4827 consideret
2997 4773 3335 4843 qualitatem,
3388 4783 3442 4828 et
3486 4775 3608 4842 ejus

2049 4863 2142 4932 qui
2201 4865 2446 4932 peccavit
2477 4864 2915 4929 conversionem,
2952 4873 3006 4919 et
3052 4866 3131 4919 sic
3173 4865 3602 4920 misericordiam

2053 4969 2309 5007 mensura
2341 4955 2619 5023 disponat,
2676 4955 2936 5009 medelam
2968 4959 3159 5012 morbo
3190 4958 3607 5014 convenientem

2052 5047 2337 5102 adhibens.
2375 5047 2561 5102 Omnis
2584 5050 2728 5102 enim
2764 5051 2899 5103 ratio
2925 5049 3028 5103 Deo
3051 5058 3104 5104 et
3129 5051 3177 5104 ei
3201 5050 3288 5105 cui
3317 5051 3606 5122 pastoralis

2053 5139 2285 5193 traditur
2325 5141 2682 5210 principatus,
2713 5140 2767 5194 in
2821 5156 2887 5194 eo
2918 5152 3023 5204 est.
3058 5152 3116 5196 ut
3142 5154 3415 5200 errantem
3448 5163 3603 5202 ovem

2053 5233 2301 5296 reducat,
2353 5239 2407 5285 et
2446 5247 2554 5285 non
2598 5233 2652 5285 in
2703 5232 3106 5302 desperationis
3160 5236 3457 5306 prmcipitia
3508 5237 3610 5292 im-

2055 5321 2236 5387 pellat,
2260 5331 2320 5388 et,
2337 5335 2366 5374 a
2393 5329 2643 5389 serpente
2666 5322 3008 5380 vulneratum
3031 5325 3354 5391 tnedicetur,
3377 5326 3492 5382 sive
3513 5339 3609 5398 per

2051 5413 2264 5464 acriora
2317 5420 2371 5464 et
2410 5411 2786 5480 astringcntia,
2821 5414 2935 5469 sive
2990 5430 3085 5484 per
3136 5415 3384 5471 molliora
3431 5421 3486 5471 et
3537 5418 3612 5489 leg

2052 5503 2201 5555 niora
2229 5502 2647 5558 mrdiramenta.

3224 5898 3293 5957 23
