3992 6484
376 364 482 429 88!

1392 370 1472 429 IN
1518 367 1685 429 CAN.
1724 366 1785 425 ΙῘ
1821 363 2089 426 SYNODI
2129 364 2241 427 VII
2268 366 2623 427 (ECUMEN.

3500 358 3627 425 88!?

370 497 494 534 σου
521 484 611 547 εις
639 481 744 535 τὸν
769 481 954 537 αἰῶνα
979 502 992 514 ·
1052 483 1380 538 συνέτισόν
1405 484 1517 552 με’,
1551 480 1646 536 καὶ
1672 480 1942 549 ζήσομαι.

2059 476 2279 541 divitiis,
2341 494 2447 533 non
2507 479 2687 532 minus
2731 474 3001 539 Videlicet,
3066 490 3128 529 ac
3182 473 3228 530 si
3290 472 3608 529 divitiarum

376 572 491 624 Καὶ
515 573 592 634 είς
615 573 704 625 τὸν
721 574 942 645 αἰῶναή
964 575 1276 646 προφητικὴ
1305 574 1458 644 φωνὴ
1486 572 1782 626 ἐντέλλεται
1812 574 1941 640 ἡμῖν

378 662 671 729 φυλάττειν
698 665 766 717 τὰ
797 665 1073 736 μαρτύρια
1101 666 1195 720 τοῦ
1222 666 1380 731 Θεοῦ,
1410 667 1502 720 καὶ
1534 665 1632 736 ζῇν
1656 667 1711 717 ὲν
1739 664 1945 728 αὐτοῖς,

377 751 629 820 δηλονότι
660 754 1023 826 ἀκραδάντοις
1065 757 1161 810 καὶ
1207 756 1527 818 ἀσαλεύτοις
1555 755 1795 825 μένουσι.
1829 753 1944 805 Ζῶ·-

383 862 492 913 μεν
514 848 622 915 γὰρ
645 846 702 899 ὲν
723 851 837 910 τοῖς
870 848 963 901 τοῦ
995 849 1131 903 Θεοῦ
1168 849 1513 921 μαρτυρίοις,
1552 848 1683 900 ὅταν
1715 845 1946 899 ἀσάλευ-

379 954 452 991 τα
482 939 649 992 ταῦτα
709 940 949 1007 μένωσι,
999 941 1074 1012 μὴ
1118 940 1573 1012 παραϐαινόμενα
1616 938 1753 1008 παρ’
1788 937 1945 1007 ἡμῶν

388 1029 527 1098 μηδὲ
584 1031 940 1101 ἀθετούμενα.
1011 1032 1347 1105 ’Λκρὰδαντα
1375 1031 1432 1085 δὲ
1473 1032 1542 1085 τὰ
1570 1030 1947 1100 ὲστηριγμένα

385 1120 484 1173 καὶ
515 1120 588 1190 μὴ
642 1121 840 1191 ῥᾳδίως
886 1122 1181 1193 κινούμενα
1218 1122 1501 1191 λέγονται.
1548 1122 1735 1193 Κράδη
1780 1122 1888 1190 γὰρ
1918 1123 1947 1175 ὁ

383 1206 578 1272 κλάδος
598 1208 811 1277 λέγεται
846 1212 943 1281 τῆς
984 1212 1174 1282 συκῆς,
1210 1212 1268 1276 ὃς
1306 1211 1536 1281 ἀσθενής
1592 1213 1704 1264 ἐστι
1736 1213 1826 1263 καὶ
1855 1213 1945 1263 εύ-

385 1298 560 1362 κόλως
592 1300 985 1371 συνθλώμενος.
1037 1304 1096 1356 '0
1123 1303 1253 1371 γοῦν
1306 1304 1697 1374 ἑστηριγμένθς
1749 1304 1841 1356 καὶ

382 1390 624 1453 εὐκόλως
679 1394 993 1463 κινούμενος
1045 1396 1375 1466 ἀκράδαντος
1406 1394 1644 1462 λέγεται.
1698 1390 1828 1447 Εἶτα
1853 1396 1947 1446 καὶ

382 1483 479 1535 τὸν
509 1485 749 1553 Μιυῦσῆν
780 1487 1015 1553 παράγει
1045 1486 1295 1554 λέγοντα,
1331 1489 1410 1541 ὃτι
1456 1488 1559 1540 Ἐν
1583 1486 1806 1553 αὐτοῖς,
1836 1489 1947 1549 τοῖς

381 1575 553 1638 θείοις
584 1576 787 1647 δηλαδὴ
827 1578 1204 1649 διατάγμασιν,
1244 1582 1357 1633 οὐκ
1406 1580 1539 1633 ἐστι
1578 1580 1945 1657 προσθεῖναι,

379 1669 490 1722 καί
513 1670 582 1734 ἐξ
605 1669 802 1723 αὐτῶν
850 1673 960 1725 οὐκ
989 1672 1161 1726 ἔστιν
1208 1666 1459 1742 ἀφελεῖν
1484 1689 1499 1703 ·
1532 1672 1625 1725 καὶ
1653 1672 1779 1734 τοὺς
1817 1673 1952 1724 ἁπο-

381 1763 631 1829 στόλους,
666 1765 757 1816 τὸν
786 1765 885 1834 μὲν
908 1765 1005 1836 τὴν
1035 1766 1220 1819 πίστιν
1275 1763 1607 1836 θερμότατον
1640 1766 1845 1833 Πέτρον
1894 1766 1950 1815 ὲν

378 1856 573 1918 αὐτοῖς
599 1833 971 1927 καυχώμενον,
998 1859 1094 1912 καὶ
1132 1833 1387 1913 είπόνταί
1438 1860 1542 1923 Εἰς
1570 1857 1609 1911 ἁ
1633 1856 1952 1924 ἐπιθυμοῦο
1983 1833 2027 1891 Β

378 1963 494 2000 σιν
543 1946 783 2015 ἄγγελοι
832 1950 1209 2018 παρακύψαι,
1265 1950 1423 2005 ἄτινά
1452 1952 1610 2011 εἰσιν,
1646 1949 1721 2011 ὼς
1748 1947 1951 2009 ἐκεῖνός

380 2054 577 2106 φησιν.
612 2038 648 2092 ἆ
690 2038 784 2091 νῦν
823 2040 1097 2110 ἀνηγγέλη
1155 2043 1287 2111 ἡμῖν
1334 2042 1425 2094 διὰ
1458 2040 1565 2093 τῶν
1590 2039 1950 2106 εὐαγγελισα-

359 2128 567 2209 ιμένων
596 2130 728 2197 ἡμῖν
755 2131 812 2181 ἐν
833 2130 1111 2201 Πνεύματι
1140 2130 1280 2201 ἁγίῳ
1301 2146 1316 2161 ·
1370 2130 1418 2183 εί
1453 2129 1544 2182 καί
1572 2145 1716 2189 τινες
1750 2129 1952 2197 ἑτέρως

379 2218 709 2287 ἐξηγοῦνται
740 2220 799 2272 τὸ
831 2221 1188 2274 ἁποστολικδν
1230 2220 1388 2274 τοῦτο
1417 2220 1578 2291 ῥητόν
1602 2237 1616 2249 ·
1653 2221 1743 2271 τὸν
1776 2219 1831 2272 δὲ
1864 2218 1952 2270 τὸν

380 2310 547 2379 ζῆλον
580 2311 744 2364 πολὺν
771 2311 979 2365 Παῦλον
1008 2312 1250 2381 βοῶντα·
1285 2312 1411 2365 Κᾶν
1434 2312 1687 2381 ἅγγελος
1710 2313 1953 2379 εὐαγγε-

378 2402 613 2470 λίζηται
646 2404 785 2472 ὑμῖν
812 2407 947 2472 παρ’
973 2404 1003 2459 ὃ
1043 2404 1427 2473 παρελάϐετε,
1480 2402 1745 2471 ἀνάθεμα
1775 2402 1952 2457 ἔστω.

384 2493 501 2546 Καὶ
527 2494 619 2545 ἐπὶ
647 2492 856 2554 τούτοις
876 2495 1177 2561 ἐπάγουσιν
1205 2495 1255 2546 οί
1290 2494 1379 2547 τὸν
1413 2496 1611 2548 κανόνα
1634 2492 1823 2545 τοῦτον
1858 2493 1952 2544 ἐκ·

384 2583 605 2651 θέμενοι
649 2585 750 2648 ὃτι,
785 2585 989 2637 τούτων
1036 2585 1206 2648 οὕτως
1239 2578 1409 2639 ὄντων
1455 2587 1549 2639 καὶ
1591 2586 1953 2656 διαμαρτυρο-

390 2673 569 2743 μένων
592 2676 743 2744 ἡμῖν,
767 2676 1165 2746 ἀγαλλιώμενοι
1215 2677 1303 2729 ἐπ’
1337 2677 1539 2741 αὐτοῖς,
1571 2677 1644 2740 ὡς
1673 2678 1725 2729 εἴ
1751 2695 1834 2739 τις⁹
1858 2675 1952 2735 εὖ,-

388 2784 478 2837 ροι
516 2768 687 2821 σκῦλα
726 2769 893 2821 πολλὰ
918 2769 1212 2835 (καὶτοῦτο
1232 2770 1293 2823 τὸ
1325 2771 1650 2839 Δαυῖδικὸν).
1687 2770 1869 2825 Σκῦλα
1896 2771 1953 2824 δὲ

389 2858 460 2911 τὰ
486 2861 598 2921 τοῖς
641 2862 851 2929 νεκροῖς
879 2863 990 2922 τοῖς
1019 2862 1076 2913 ὲν
1100 2861 1320 2932 πολέμῳ
1344 2860 1569 2914 πεσοῦσι
1598 2864 1953 2933 περικείμενα

388 2949 663 3017 λέγονται,
713 2952 820 3003 εἴτε
856 2950 1079 3022 ὲσθῆτές
1130 2952 1290 3016 εἰσιν,
1341 2953 1452 3005 εἴτε
1495 2951 1655 3019 ὅπλα,
1708 2953 1819 3006 εἴτε
1869 2970 1952 3017 τις

390 3043 615 3111 κόσμος.
653 3043 726 3096 Τὸ
757 3042 1093 3113 ὑπερϐάλλον
1129 3039 1225 3097 οὖν
1250 3042 1340 3096 διὰ
1368 3043 1557 3096 τούτου
1586 3043 1614 3095 ό
1670 3044 1953 3113 προφήτης

2048 569 2196 623 Omni
2221 571 2376 640 copia
2427 570 2790 639 varietateque
2812 568 3173 631 .allluerimus,
3208 566 3290 622 vel
3326 567 3369 621 si
3396 565 3605 620 divitiis
3682 556 3685 557 ν

2047 662 2305 718 omnibus
2341 664 2395 717 in
2429 679 2597 716 unum
2631 662 2832 726 looum,
2870 660 2914 716 si
2950 662 3062 715 ﬁeri
3110 668 3296 730 posset
3363 659 3612 714 collectis

2050 752 2256 822 perfrui
2292 753 2477 806 datum
2510 762 2676 807 esset.
2709 752 2773 806 Et
2812 767 3071 805 rursum:
3132 749 3399 816 Mandasti
3439 748 3612 815 justi-

2050 845 2181 898 tiam
2234 846 2539 899 testimonia
2599 854 2690 898 tua
2748 847 2802 898 in
2850 846 3125 909 amulum,
3188 841 3625 897 intellectumda-

2049 935 2198 997 mihi,
2216 945 2266 989 et
2304 936 2472 989 vivam
2492 936 2561 989 “.
2592 935 2657 989 Et
2690 935 2744 989 in
2770 936 3026 991 saeuiunt
3048 935 3356 989 testimonia
3384 933 3476 988 Dei
3494 948 3611 987 scr.—

2050 1039 2179 1080 vare
2209 1026 2522 1096 prophetica
2557 1042 2690 1082 voce
2719 1028 3000 1095 jubemur,
3024 1042 3089 1080 ac
3149 1026 3202 1080 in
3238 1026 3370 1096 ipsis
3409 1026 3626 1087 vivere,

2054 1116 2127 1171 ita
2158 1119 2364 1173 scilicet
2390 1130 2444 1173 ut
2474 1119 2625 1173 firma
2651 1119 2759 1180 illa,
2781 1098 3213 1187 inconcussaque
3232 1122 3611 1187 permaneant.
3656 1124 3666 1134 ‘

2053 1209 2209 1265 Tunc
2232 1212 2375 1265 enim
2417 1213 2468 1265 in
2530 1211 2619 1266 Dei
2679 1212 3007 1267 testimoniis
3065 1210 3316 1273 vivimus,
3364 1224 3501 1265 cum,
3550 1223 3614 1262 ea

2054 1304 2278 1359 immota
2312 1308 2496 1362 stabili
2531 1308 2785 1378 vestigio.
2823 1308 2976 1361 nullo
3008 1316 3198 1360 nostro
3226 1291 3371 1357 farto
3418 1302 3614 1357 violata

2052 1406 2147 1453 aut
2170 1408 2499 1468 contempta.
2524 1399 2799 1465 nituntur;
2824 1398 3132 1469 ἀκράδαντα
3158 1412 3393 1464 namque
3420 1396 3623 1451 dicun-

2053 1501 2164 1554 tur,
2191 1507 2313 1561 (μιαν
2345 1491 2501 1545 firmo
2528 1492 2657 1546 nixu
2688 1493 2912 1553 luerent,
2948 1505 3051 1544 nec
3081 1490 3155 1543 ita
3186 1487 3343 1541 facile
3372 1501 3617 1540 commo-

2052 1581 2165 1636 veri
2202 1590 2454 1650 possunt.
2485 1583 2582 1636 Est
2619 1582 2764 1635 enim
2800 1580 2974 1650 κραδή
3003 1580 3141 1634 licus
3169 1593 3354 1632 ramus
3388 1586 3543 1631 tener
3566 1585 3621 1627 et

2054 1669 2287 1743 fragilis.
2314 1674 2419 1740 Qui
2448 1673 2616 1744 igitur
2654 1672 2728 1727 ita
2765 1673 3041 1727 stabilitas
3061 1680 3169 1735 est,
3206 1681 3263 1723 ut
3299 1667 3444 1722 haud
3473 1666 3623 1733 facili

2055 1766 2272 1835 negotio
2301 1767 2504 1842 moveri
2530 1774 2718 1836 queat,
2752 1765 3090 1835 ἀκράδαντος
3136 1764 3468 1818 nominatur.
3508 1760 3627 1815 Mo-

2054 1871 2169 1910 sem
2193 1857 2395 1912 deinde
2447 1859 2717 1926 producit,
2758 1859 2849 1927 qui
2909 1858 2976 1910 ad
3029 1871 3116 1921 ca,
3170 1853 3353 1908 divina
3405 1851 3636 1906 decreta.

2055 1949 2333 2014 videlicel,
2358 1949 2503 2005 Nihil
2537 1951 2688 2012 addi.
2718 1967 2818 2007 nec
2852 1951 2928 2004 ab
2978 1949 3049 2004 iis
3088 1948 3383 2018 quidquam
3418 1944 3643 1999 auferri~

2056 2042 2223 2100 licere
2271 2045 2499 2098 allirmat
2539 2045 2608 2098 ".
2661 2045 2799 2097 Tum
2856 2058 2922 2097 ex
2982 2039 3356 2110 apostolorum
3404 2050 3626 2106 quoque

2058 2153 2308 2201 numero,
2365 2139 2599 2208 primum
2664 2136 2886 2201 quidam
2933 2134 3205 2187 immenso
3254 2131 3374 2185 fidei
3438 2142 3626 2183 amore

2056 2232 2375 2301 flagrantem
2428 2231 2647 2284 Pelrum
2704 2230 2878 2294 illum,
2910 2227 3203 2296 magniﬁce
3261 2241 3321 2280 se
3385 2225 3440 2278 in
3489 2224 3643 2290 ipsis

2056 2326 2368 2379 efferentem
2396 2340 2411 2385 ;
2444 2324 2495 2377 in
2517 2322 2951 2393 qun'desiderant
2977 2321 3049 2382 “,
3082 2317 3279 2386 inquit,
3306 2316 3479 2387 angeli
3507 2333 3630 2386 pro-

2058 2418 2254 2481 spicere
2280 2417 2347 2476 ⁸⁸.
2380 2431 2501 2485 quae
2526 2425 2683 2479 sunt,
2721 2422 2779 2466 ut
2835 2412 2925 2466 ille
2963 2412 3062 2476 ait,
3105 2426 3169 2463 ea
3203 2424 3323 2477 qua:
3374 2408 3640 2462 nuntiata

2056 2518 2185 2561 sunt
2228 2508 2386 2562 nobis
2438 2522 2654 2576 pereos
2693 2503 2787 2575 qui
2824 2501 3343 2572 evangelizavcrunt
3380 2498 3619 2552 nobisin

2058 2598 2263 2668 Spiritu
2307 2608 2530 2660 sancto;
2568 2597 2821 2666 quamvis
2856 2594 2950 2648 alii
2984 2593 3132 2648 hunc
3157 2592 3391 2661 apostoli
3444 2591 3625 2645 locum

2056 2692 2216 2745 aliter
2273 2689 2568 2757 explicent.
2612 2688 2819 2743 Deinde
2878 2687 3106 2741 Paulum
3151 2687 3325 2740 multo
3378 2685 3498 2740 zelo
3540 2685 3627 2738 in-

2058 2798 2303 2845 censum,
2326 2783 2415 2850 qui
2450 2783 2529 2836 sic
2547 2782 2959 2836 obtestabatur:
2986 2781 3066 2835 vel
3095 2779 3156 2835 Si
3174 2779 3393 2849 angelus
3422 2796 3630 2834 annun-

2058 2874 2147 2926 tiel
2184 2873 2349 2936 vobis,
2381 2883 2570 2941 praeter
2603 2874 2656 2926 id
2676 2873 2815 2943 quod
2840 2872 3132 2941 accepistis,
3159 2871 3444 2924 anathema
3461 2872 3529 2923 sit
3557 2873 3622 2923 ⁵τ.

2059 2965 2293 3019 Proinde
2349 2982 2469 3020 cum
2534 2967 2689 3029 hzrc,
2736 2951 2989 3034 inquiunt
3034 2966 3266 3018 canonis
3317 2973 3577 3019 auctores
3608 3003 3624 3025 .

2057 3060 2317 3130 286m
2346 3061 2647 3113 constituta
2678 3060 2812 3122 sint,
2851 3058 3122 3128 uobisque
3179 3065 3399 3118 testata.
3451 3057 3506 3111 in
3547 3057 3616 3111 iis

390 3134 628 3206 ἐδήλωσε
674 3136 773 3203 τῆς
795 3135 1189 3202 ἀγαλλιάσεως.
1241 3132 1304 3189 Ol
1336 3136 1441 3205 γὰρ
1472 3135 1599 3199 τοὺς
1626 3136 1686 3189 ἐν
1732 3133 1951 3205 πολέμῳ

2059 3152 2422 3215 exsultantes,
2457 3150 2598 3208 sicut
2614 3152 2711 3222 qui
2754 3151 2962 3207 invenit
2993 3150 3166 3221 spolia
3214 3148 3383 3205 multa
3416 3149 3491 3221 (et
3519 3147 3627 3205 hoc

392 3227 656 3289 πεσόντας
689 3227 1043 3289 σκυλεύοντες
1095 3228 1454 3297 νενεμηκότες
1501 3229 1565 3281 ἂν
1595 3228 1827 3288 νοοίντο,
1862 3226 1954 3278 καὶ

390 3318 501 3371 τῶν
529 3320 784 3371 ἐναντίων
809 3320 1007 3389 ὑπερτε
1019 3321 1300 3388 ρήσαντες,
1324 3320 1419 3372 καὶ
1436 3321 1629 3390 διπλῆν
1663 3320 1760 3388 τὴν
1786 3320 1958 3386 ἀγαλ-

392 3406 573 3460 λίασιν
596 3409 801 3479 ἔχουσι,
832 3410 931 3478 τὴν
960 3409 1058 3479 μὲν
1081 3409 1168 3462 διὰ
1192 3411 1291 3480 τὴν
1324 3410 1503 3480 νίκην,
1551 3410 1648 3481 τὴν
1676 3409 1731 3462 δὲ
1754 3411 1840 3463 διὰ
1864 3412 1956 3463 τὸν

395 3499 645 3562 πλοῦτον,
701 3499 762 3551 ὂν
791 3501 853 3551 ἐκ
883 3499 992 3553 τῶν
1024 3500 1233 3554 σκύλων
1261 3502 1570 3569 συνήγαγον
1593 3521 1605 3533 ’
1656 3501 1829 3564 οὕτως
1862 3500 1957 3555 οὖν

394 3593 487 3645 καὶ
518 3594 696 3661 ἡμεῖς,
720 3594 767 3645 οί
800 3586 1196 3663 Πατέρεςοῦτοί
1220 3611 1407 3661 φασιν,
1442 3594 1802 3664 ἀγαλλόμενοι
1830 3596 1957 3658 τοὺς

394 3683 572 3746 θείους
611 3684 838 3746 κανόνας
868 3684 1340 3754 ὲνστερνιξόμεθα,
1387 3687 1506 3738 ἀντὶ
1538 3688 1653 3747 τοῦ,
1688 3689 1960 3755 ἀγαπητι-

394 3775 508 3838 κῶς
556 3776 818 3847 δεχόμεθα
852 3778 944 3831 καὶ
998 3779 1481 3849 κατασπαζόμεθα.
1537 3778 1643 3843 Οὓς
1683 3781 1791 3850 γὰρ
1822 3782 1959 3847 ἁγα-

395 3876 609 3945 πῶμεν,
643 3877 771 3943 περὶ
802 3878 870 3927 τὰ
902 3877 1096 3946 στέρνα
1141 3877 1260 3939 ταῖς
1307 3875 1665 3945 περιπλοκαῖς
1718 3875 1960 3937 τιθέντες

394 3971 880 4040 κατασπαζόμεθα.
918 3971 950 4039 ἣ
981 3972 1100 4023 ἀντὶ
1128 3970 1244 4034 τοῦ,
1300 3970 1605 4041 ἐγκαρδίως
1655 3969 1955 4039 φιλοῦμενο

391 4062 523 4132 περὶ
561 4061 628 4114 τὰ
674 4062 874 4131 στέρνα
908 4063 1017 4133 γὰρ
1054 4063 1087 4131 ἠ
1149 4060 1345 4130 καρδία
1380 4061 1559 4131 ἡμῶν.
1589 4061 1699 4117 Καὶ
1733 4062 1960 4131 ὁλόκλη-

392 4173 488 4225 ρον
520 4157 614 4208 καὶ
643 4155 937 4208 ἀσάλευτον
990 4155 1089 4225 τὴν
1121 4154 1303 4206 αὐτῶν
1353 4153 1617 4224 διαταγὴν
1656 4153 1959 4224 τηροῦμεν,

392 4246 545 4312 φασί.
603 4247 1079 4317 Κρατυνομένων,
1141 4246 1311 4316 ἤγουν
1366 4244 1816 4316 ὲπικυρουμένων
1864 4243 1961 4296 καὶ

392 4340 793 4410 βεδαιουμένων
835 4340 944 4392 τῶν
976 4338 1304 4391 ἐκτεθέντων
1340 4338 1446 4391 ὑπὸ
1482 4338 1592 4391 τῶν
1627 4338 1800 4405 ἁγίων
1826 4336 1962 4388 ἀπο-

392 4435 618 4497 στόλων,
642 4435 737 4487 καὶ
764 4434 873 4486 τῶν
917 4432 976 4496 ἓξ
1006 4430 1401 4500 οἰκουμενικῶν
1437 4431 1690 4495 συνόδων,
1722 4429 1817 4483 καὶ
1849 4428 1959 4481 τῶν

2058 3243 2374 3299 Davidicum
2434 3246 2565 3315 est).
2613 3245 2800 3315 Spolia
2835 3259 2966 3298 vero
3004 3244 3270 3298 dicuntur
3298 3257 3384 3307 ea,
3419 3240 3626 3311 quibus

2057 3337 2148 3406 qui
2179 3338 2232 3390 in
2268 3339 2408 3392 bello
2440 3338 2686 3391 cecidere
2714 3336 2888 3390 induti
2929 3346 3076 3399 sunt,
3128 3344 3242 3389 tum
3277 3340 3478 3395 vestes,
3510 3340 3627 3387 tum

2058 3445 2232 3491 arma,
2259 3440 2370 3482 tum
2397 3428 2663 3499 quidquid
2696 3428 2760 3481 ad
2793 3437 3044 3482 ornatum
3073 3426 3257 3495 aliquo
3289 3424 3451 3480 modo
3492 3439 3620 3494 per-

2057 3525 2228 3578 tinet:
2277 3522 2366 3576 hic
2419 3537 2548 3589 ergo
2608 3522 2806 3576 laetitia:
2873 3518 3301 3590 magnitudinem
3353 3516 3641 3586 Propheta-

2060 3614 2760 3684 demonstravit,Namqui
2794 3612 3099 3668 interfectis
3154 3612 3205 3665 in
3261 3610 3406 3665 bello
3454 3606 3637 3677 spolia.

2060 3707 2377 3771 detrahunt,
2403 3706 2695 3760 victoriam
2728 3714 3048 3775 reportasse
3085 3719 3148 3758 ac
3178 3703 3491 3774 superiores
3529 3699 3629 3753 ad-

2062 3797 2319 3851 versariis
2356 3794 2526 3850 fuisse
2566 3794 2971 3864 intelliguntur,
3023 3794 3374 3864 geminaque,
3428 3789 3629 3861 partim

2060 3888 2132 3943 ob
2179 3888 2466 3942 victoriam
2525 3903 2634 3956 qua
2692 3888 2847 3956 potiti
2884 3896 3036 3948 sunt,
3071 3886 3270 3954 partim
3328 3885 3399 3937 ob
3442 3882 3623 3951 spolia

2061 3981 2265 4051 quibus
2307 3990 2434 4035 sunt
2461 3979 2641 4043 ditati,
2669 3980 2950 4050 voluptate
3001 3978 3384 4048 perfruuntur.
3423 3975 3627 4029 Eodem

2062 4072 2225 4126 modo
2282 4086 2383 4127 nos
2438 4086 2693 4141 quoque,
2749 4071 2905 4124 aiunt
2944 4068 3159 4132 Patres,
3218 4064 3629 4131 exsultabutzdi,

2062 4164 2280 4219 divinos
2308 4179 2551 4219 canones
2583 4163 2900 4235 pectoribus
2937 4162 3320 4221 admovemus,
3366 4159 3469 4211 hoc
3526 4162 3629 4219 est,

2063 4256 2354 4326 perlibenti
2430 4254 2616 4310 animo
2687 4253 3032 4323 accipimus,
3093 4262 3148 4306 et
3209 4248 3628 4318 amplectimur;

2063 4363 2202 4418 quos
2231 4349 2375 4401 enim
2410 4347 2713 4415 diligimus.
2746 4358 2967 4416 pectora
2996 4343 3237 4399 brachiis
3277 4339 3510 4409 amplexi
3543 4353 3634 4390 sa-

2065 4439 2343 4506 lutamus;
2390 4439 2470 4493 vel
2504 4439 2703 4493 intimo
2737 4437 2924 4492 cordis
2969 4435 3165 4490 affectu
3216 4431 3499 4501 diligimus
3525 4428 3639 4497 (est

392 4528 533 4580 κατὰ
559 4526 755 4589 τόπους
796 4522 1309 4590 συναθροισθεισῶν,
1368 4524 1462 4578 καὶ
1490 4521 1599 4576 τῶν
1642 4521 1815 4592 ἁγίων
1848 4522 1957 4574 Πα-

2064 4532 2378 4603 namquein
2408 4541 2632 4601 pectore
2674 4529 2858 4585 cordis
2918 4528 3121 4596 locus).
3172 4538 3475 4591 eorumque
3503 4535 3637 4573 con-

390 4622 567 4689 τὲρων
601 4618 782 4687 ήμῶν,
842 4616 1041 4686 δηλαδὴ
1099 4616 1209 4668 τῶν
1254 4615 1408 4677 ἐκτὸς
1463 4615 1695 4668 συνόδων
1728 4614 1961 4677 κανόνας

391 4709 810 4763 ἐκτεθεικότωνο
851 4711 1051 4771 πάντες
1087 4708 1195 4777 γὰρ
1224 4710 1290 4761 ὲκ
1321 4705 1412 4760 τοῦ
1448 4706 1613 4760 αὑτοῦ
1645 4704 1961 4775 Πνεύματος

390 4800 549 4867 ἁγίου
578 4800 936 4867 φωτισθέντες
963 4800 1054 4852 τὸν
1082 4799 1208 4853 νοῦν
1243 4797 1450 4869 ὥρισαν
1482 4799 1549 4851 τὰ
1582 4797 1958 4867 συμφέροντα,

392 4894 484 4944 καὶ
517 4892 717 4951 πάντα.
756 4893 909 4961 φασὶ,
936 4892 1058 4944 κατ’
1089 4890 1332 4955 ἐκείνους
1361 4890 1456 4943 καὶ
1484 4891 1644 4961 ἡμεῖς
1675 4889 1961 4958 ποιοῦμεν.

394 4982 499 5047 Οὓς
522 4984 630 5054 γὰρ
659 4984 856 5035 ἐκεῖνοι
882 4968 1361 5052 ἀναθεματίζουσι,
1403 4983 1496 5035 καὶ
1546 4983 1709 5052 ἡμεῖς
1731 4996 1748 5014 ο
1786 4979 1881 5042 οὓς
1903 4979 1962 5033 δὲ

395 5075 734 5146 ἀφορίζουσι,
764 5079 855 5128 καὶ
884 5077 1037 5145 ἡμεῖς
1063 5088 1080 5105 ⁸
1120 5070 1199 5138 οἷς
1224 5075 1280 5128 δὲ
1309 5075 1623 5144 ἐπιτιμῶσι,
1660 5074 1755 5127 καὶ
1775 5076 1961 5144 ἡμεῖς’

395 5168 767 5241 ἁφιλάργυρος
797 5168 906 5236 γὰρ
927 5169 954 5220 ὁ
977 5168 1196 5236 τρόπος,
1218 5166 1548 5237 ἀρκούμενοι
1565 5170 1676 5229 τοῖς
1698 5166 1956 5236 παροῦσι.

394 5261 467 5315 Τὸ
501 5262 600 5331 μὲν
634 5261 797 5331 ῥητὸν
830 5262 1184 5313 ἁποστολικόν
1217 5275 1231 5291 ⁸
1265 5262 1567 5332 ἐχρήσαντο
1617 5261 1673 5314 δὲ
1709 5260 1880 5329 τούτῳ
1906 5258 1958 5311 οί

394 5352 493 5421 τῆς
518 5352 757 5416 συνόδου,
780 5351 1087 5423 δηλοῦντες,
1120 5348 1298 5421 οἶμαι,
1331 5352 1414 5405 ὅτι
1449 5351 1601 5405 οὐδὲν
1632 5352 1796 5405 πλέον
1843 5354 1957 5415 τοῖς

395 5443 527 5514 παρ’
558 5442 779 5497 ἐκείνων
816 5445 1118 5511 διαταγείσι
1168 5443 1394 5515 θέλομεν
1445 5445 1606 5514 ἡμεῖς
1637 5442 1962 5514 προσθεῖναι

394 5541 483 5595 διὰ
512 5540 814 5609 φιλοδοξίαν
861 5543 1351 5613 ἀπληστευόμενοι,
1405 5542 1480 5604 ὡς
1511 5543 1561 5594 οί
1625 5541 1957 5611 φιλάργυροι

394 5636 482 5690 ἀεὶ
510 5635 824 5705 ζητοῦντες,
862 5630 941 5698 οἷς
977 5636 1176 5706 έχουσι,
1208 5635 1556 5705 προστιθέναι
1577 5650 1591 5665 ο
1626 5634 1739 5689 ἀλλ’
1759 5632 1958 5706 ἀρκού-

467 5811 511 5847 ³²
533 5811 577 5868 ll
610 5810 736 5869 Cor.
768 5826 864 5877 xu,
887 5811 941 5866 ί.
1012 5810 1219 5865 l“Psal.
1255 5827 1450 5877 cxvut,
1486 5809 1603 5864 158.
1684 5812 1728 5843 "
1749 5809 1902 5864 Deut.
1926 5820 1998 5872 tv,
2029 5805 2084 5859 9..

2067 4626 2371 4683 Stilutionis
2400 4626 2709 4686 universas.
2743 4638 2921 4688 neque
2958 4621 3065 4674 ulla
3102 4635 3167 4674 ex
3228 4624 3394 4688 parte
3424 4612 3637 4667 labefa-

2065 4728 2245 4774 ctatas
2266 4731 2681 4783 conservatnus,
2708 4715 2985 4784 inquiunt,
3021 4727 3086 4766 ac
3118 4710 3423 4766 retinemus
3457 4722 3473 4771 ;
3500 4705 3637 4758 ratis

2067 4808 2279 4866 scilicet
2318 4822 2383 4862 ac
2431 4806 2775 4863 confirmatis
2828 4803 2900 4858 iis
2950 4800 3282 4863 canouibus,
3316 4807 3430 4852 tum
3494 4809 3637 4863 quos

2069 4905 2245 4959 sancti
2271 4902 2527 4974 apostoli,
2578 4908 2691 4953 tum
2757 4912 2897 4967 quos
2953 4893 3328 4956 mcumenicar,
3385 4900 3639 4958 quosque

2071 4997 2199 5052 item
2233 4996 2437 5050 locales
2475 4991 2694 5065 synodi.
2731 5004 2870 5061 quos
2903 4988 3070 5042 etiam
3119 4994 3274 5041 extra
3334 4980 3637 5052 synodicos

2068 5096 2375 5142 conventus
2429 5085 2606 5141 sancti
2668 5082 2859 5137 Patres
2914 5079 3089 5134 nostri
3140 5074 3383 5130 edidere.
3432 5069 3636 5124 Omnes

2066 5193 2326 5247 namque,
2353 5176 2601 5243 ejusdem
2628 5175 2803 5229 sancti
2830 5171 3070 5241 Spiritus
3095 5167 3307 5222 lumine
3339 5158 3635 5221 illustrati,

2068 5270 2221 5324 utilia
2258 5271 2573 5329 decrevere,
2602 5280 2667 5320 ac
2710 5262 2919 5324 omnia,
2959 5258 3241 5330 inquiunt,
3290 5270 3355 5309 ex
3413 5250 3635 5304 illorum

2073 5362 2347 5419 institutis
2377 5375 2481 5415 nos
2526 5373 2753 5430 quoque
2818 5355 3123 5411 sancimus.
3162 5349 3315 5416 Quos
3377 5342 3521 5398 enim
3557 5338 3638 5391 illi

2070 5455 2442 5515 anathemate.
2501 5460 2595 5506 aut
2652 5449 3039 5520 depositione,
3085 5452 3180 5497 aut
3233 5431 3630 5520 segregatione,

2070 5550 2166 5596 aut
2189 5539 2310 5593 aliis
2338 5539 2513 5607 pomis
2541 5517 2802 5601 afﬁciunt,
2833 5536 2957 5591 illos
2980 5531 3170 5589 eodem
3202 5536 3428 5597 prorsus
3452 5517 3635 5571 multae

2069 5644 2271 5703 genere
2310 5645 2409 5685 "Os
2445 5646 2664 5702 quoque
2693 5632 3039 5683 damnamus.
3065 5620 3188 5677 Sint
3215 5614 3415 5671 etenim
3448 5622 3651 5663 mores.

2164 5803 2247 5859 “l
2281 5802 2425 5860 Petr.
2453 5823 2492 5869 ι,
2534 5805 2616 5860 15.
2694 5804 2737 5837 ³⁷
2769 5800 2945 5857 Galat.
2977 5814 3016 5858 t.
3051 5795 3105 5851 9.
