3992 6484
432 331 538 392 885

508 462 530 494 ι
571 444 804 515 Γραφῶν
853 440 1088 514 ἀληθινὴ
1140 442 1444 510 ἐπιστήμη,
1511 437 1694 499 καθὼς
1751 437 1779 489 ὁ
1835 435 2011 503 μέγας
2041 436 2088 490 Α

507 555 524 584 ι
569 537 888 604 ἀπεφήνατο
926 535 1230 597 Διονύσιος.
1265 534 1326 590 Εἰ
1361 532 1418 585 δὲ
1467 530 1871 601 άμφισϐητοίη,
1917 527 2011 580 καὶ

507 645 528 676 ε
575 628 649 696 μὴ
676 627 960 697 ἀσμενίζοι
988 626 1134 680 οὕτω
1159 627 1334 679 ποιεῖν
1359 642 1419 677 τε
1446 623 1543 678 καὶ
1593 621 1890 684 διδάσκειν,
1937 617 2012 688 μὴ

515 737 532 767 ι
576 717 1014 787 χειροτονείσθω.
1050 719 1196 788 Ἔφη
1239 719 1347 786 γὰρ
1393 713 1752 786 προφητικῶς
1781 713 1810 765 ὁ
1835 711 1964 779 Θεὸς
1995 726 2010 740 ⁸

505 829 525 861 ‹
569 811 639 863 Σὺ
669 809 964 879 ἐπίγνωσιν
1013 810 1241 873 ἀπώσω,
1288 807 1444 878 κάγὼ
1484 805 1778 875 ἀπώσομαι
1824 803 1885 858 σὲ
1917 801 2010 856 τοῦ

509 922 527 953 ι
573 901 648 972 μὴ
679 903 987 972 ἱερατεύειν
1019 920 1130 959 μοι.
1173 923 1191 956 ι

504 1084 700 1137 ΒΑΛΣ.
728 1084 944 1147 Είδότες
975 1086 1025 1138 oi
1054 1085 1203 1153 ἆγιοι
1240 1085 1487 1156 Πατὲρες
1511 1085 1613 1151 ζὸτι
1642 1084 1732 1140 διὰ
1757 1083 1855 1155 τὴν
1902 1082 2011 1135 τῶν

424 1176 1070 1247 εἰκονομὰχωνιαὲρεσιν
1113 1179 1162 1231 οἱ
1203 1177 1426 1237 πλείους
1468 1179 1652 1234 πιστοὶ
1695 1177 2011 1247 ὲξηγροικί-

425 1267 663 1336 σθησαν,
707 1269 783 1330 ὡς
824 1270 1139 1337 φεύγοντες,
1191 1271 1286 1324 καὶ
1332 1272 1406 1340 μὴ
1449 1270 1739 1340 δυνάμενοι
1779 1269 1881 1332 κᾶν
1932 1271 2011 1333 είς

423 1358 556 1425 ὄψιν
591 1359 897 1428 ἀνθρώπων
942 1360 1219 1430 ἔρχεσθαι,
1263 1357 1415 1416 εἷπον
1439 1360 1516 1424 ὡς
1541 1362 1636 1418 καὶ
1672 1361 1877 1424 πάντες
1910 1361 2010 1430 μὲν

427 1452 756 1519 Χριστιανοὶ
785 1453 1194 1519 ἀναγκάζονται
1241 1455 1340 1520 τὴν
1384 1453 1535 1506 θείαν
1561 1454 1786 1524 Γραφὴν
1815 1457 2010 1521 ἀναγι-

425 1543 665 1596 νώσκειν
691 1544 828 1612 μετὰ
855 1544 1083 1614 ἐρεύνης
1111 1559 1126 1574 '
1159 1546 1341 1617 πολλῷ
1363 1546 1420 1599 δὲ
1452 1546 1614 1600 πλέον
1635 1549 1683 1600 oi
1707 1547 2007 1616 ἀρχιερεῖς,

425 1636 484 1685 οἱ
531 1637 668 1704 πρὸς
696 1637 756 1688 τὸ
790 1637 1064 1690 διδάσκειν
1093 1638 1186 1691 τὸν
1213 1638 1304 1690 ὑπ’
1339 1639 1536 1702 αὐτοὺς
1570 1639 1703 1695 λαὸν
1747 1640 2012 1708 τεταγμέ-

425 1741 538 1778 νοι.
591 1727 679 1778 Διὸ
718 1728 812 1778 καὶ
849 1726 1061 1796 ὥρισαν
1093 1727 1166 1798 μὴ
1204 1727 1381 1790 ἄλλως
1407 1729 1530 1781 τινὰ
1558 1727 2006 1799 χειροτονεῖσθαι,

1427 328 1512 385 ἸΝ
1556 325 1720 384 CAN.
1763 324 1818 382 ll
1861 320 2135 382 SYNODI
2164 321 2272 381 VII
2314 325 2670 387 (ECUMEN.

3575 307 3694 379 886

2195 454 2214 487 ‹
2255 437 2566 496 divinarum
2627 441 2838 500 scilicet
2898 435 3310 506 Scripturarum
3344 445 3472 496 vera
3509 430 3690 485 scien-

2194 550 2212 581 ί
2246 533 2358 598 tia;
2396 534 2540 588 sicut
2565 545 2615 588 et
2651 548 2882 601 magnus
2916 530 3009 584 ait‘
3029 525 3346 596 Dionysius.
3388 525 3444 576 Si
3500 531 3686 576 autem

2194 623 2454 681 «dubius
2508 626 2675 680 animi
2747 622 2934 688 fuerit,
3006 629 3060 675 et
3115 634 3225 673 non
3297 617 3532 670 libenter
3573 614 3688 667 lucc

2192 735 2210 766 ε
2253 716 2434 782 facere
2501 728 2557 771 et
2607 718 2810 772 docere
2859 713 3138 775 voluerit,
3203 723 3310 762 non
3374 704 3685 766 ordinetur.

2192 827 2210 859 ι
2248 808 2574 878 Proplietice
2628 809 2776 863 enim
2839 807 2978 864 dixit
3035 804 3222 866 Deus:
3267 819 3285 851 ι
3318 798 3399 854 Τιι
3437 796 3704 868 repulisti.

2193 920 2209 953 ι
2249 902 2562 963 scientiam,
2624 910 2679 954 et
2715 915 2819 972 ego
2879 910 2934 957 te
2979 896 3242 966 repellam
3304 909 3371 950 ne
3415 892 3494 963 sis
3553 890 3687 946 mihi

2191 1014 2209 1047 ι
2241 995 2497 1052 sacerdos
2528 995 2597 1047 ⁸⁸.
2632 1013 2650 1046 ›

2192 1086 2389 1145 BALS.
2423 1087 2560 1148 Cum
2607 1088 2816 1148 scirent
2850 1083 3026 1148 sancti
3055 1081 3270 1142 Patres,
3295 1079 3440 1150 qitod
3473 1086 3692 1147 propter

2114 1181 2412 1251 imaginum
2444 1179 2888 1238 adversariorum
2922 1174 3154 1244 haeresin
3191 1173 3502 1242 complures
3558 1169 3690 1230 iide-

2115 1276 2194 1329 les
2229 1275 2342 1328 lieri
2394 1283 2748 1344 agrestesque
2806 1276 3126 1330 evaserunt,
3188 1275 3245 1328 ut
3296 1267 3386 1333 qui
3427 1261 3687 1333 fugerint,

2112 1379 2165 1425 et
2220 1383 2286 1424 ne
2352 1368 2404 1422 in
2470 1367 2753 1422 hominum
2811 1363 3030 1432 quidem
3088 1367 3443 1427 conspectum
3501 1356 3702 1411 venire-

2115 1460 2408 1520 anderent.
2470 1458 2748 1519 dixerunt,
2785 1455 2928 1525 quod
2994 1468 3187 1513 onmes
3245 1450 3465 1519 quidem
3526 1450 3688 1503 Chri-

2112 1553 2276 1608 stiani
2352 1558 2628 1621 coguntur
2701 1564 2826 1608 cum
2909 1545 3354 1616 perscrutatione
3445 1543 3684 1598 divinam

2117 1644 2460 1714 Scripturam
2497 1645 2711 1708 legere;
2737 1649 2910 1700 multo
2937 1651 3120 1696 autem
3174 1639 3345 1708 magis
3387 1637 3685 1698 antistites,

2116 1738 2208 1805 qui
2248 1737 2314 1789 ad
2349 1736 2452 1790 sibi
2482 1734 2793 1802 subjectum
2820 1730 3074 1802 pupulum
3110 1731 3414 1794 docendum
3447 1727 3687 1792 ordinati

424 1817 482 1867 εί
537 1815 611 1886 μὴ
657 1817 748 1869 τὸν
781 1817 1034 1886 ψαλτῆρα
1083 1820 1369 1886 γινώσκει,
1434 1820 1528 1876 καὶ
1585 1817 2008 1886 ἀνακρινόμενος

2117 1831 2266 1878 sunt.
2295 1820 2446 1877 Unde
2480 1824 2644 1888 etiam
2677 1821 3024 1884 deﬁnierunt,
3081 1836 3188 1876 non
3251 1821 3389 1883 alias
3442 1818 3687 1872 ordinari

427 1908 542 1961 ὑπὸ
574 1911 666 1962 τοῦ
696 1910 984 1979 μέλλοντος
1013 1916 1342 1982 χειροτονεῖν
1377 1915 1566 1979 αὑτὸν,
1605 1914 1799 1970 ὁποίαν
1823 1914 2008 1981 ἔφεσιν

425 2001 548 2070 ἔχει
571 2003 696 2072 περὶ
725 2003 822 2072 τὴν
851 2006 1088 2074 μάθησιν
1115 2007 1215 2074 τῆς
1249 2005 1400 2070 θείας
1433 2007 1674 2077 Γραφῆς,
1699 2007 2009 2076 κατάθηται

426 2095 837 2163 ἐπιμεληθῆναι
864 2099 962 2164 τῆς
991 2097 1355 2166 ἀναγνώσεως
1387 2100 1498 2154 τῶν
1533 2101 1700 2170 ἱερῶν
1729 2103 1823 2155 καὶ
1847 2102 2009 2156 θείων

427 2186 682 2238 κανόνων
736 2189 828 2240 καὶ
873 2189 981 2241 τῶν
1006 2191 1232 2252 λοιπῶν,
1273 2193 1414 2260 μετὰ
1471 2192 1704 2263 ἐρεύνης
1742 2195 2009 2265 δηλονότι,

429 2277 532 2328 καὶ
562 2277 622 2327 οὐ
673 2279 812 2330 κατὰ
842 2281 1076 2349 πάροδον
1104 2298 1119 2314 ο
1156 2283 1602 2353 ἀναστρέφεσθαι
1632 2285 1689 2338 δὲ
1733 2286 1829 2339 καὶ
1866 2287 2010 2341 κατὰ

426 2370 506 2419 ’τά
538 2367 654 2420 θεῖα
686 2372 1017 2440 ἐντάλματα.
1059 2377 1153 2434 καὶ
1189 2375 1463 2431 διδάσκειν
1493 2377 1589 2430 τοῦ
1623 2378 1831 2449 Κυρίου
1861 2379 2009 2444 λαὸν,

429 2461 742 2524 καὶὰπλῶς
769 2460 908 2516 εἶναι
948 2466 1170 2536 ἕτοιμον
1209 2471 1293 2532 εἰς
1333 2469 1395 2522 τὸ
1441 2469 1714 2524 διδάσκειν
1751 2474 1844 2526 καὶ
1876 2474 2012 2526 ἀπο-

431 2552 720 2616 κρίνεσθαι
763 2555 831 2607 τὰ
866 2558 1052 2612 εἰκότα
1079 2561 1206 2629 περὶ
1231 2561 1338 2614 τῶν
1366 2563 1779 2631 θεοπαραδότων
1815 2565 2012 2632 λογίων

427 2642 545 2693 τῶν
600 2645 769 2700 ὅντων
831 2651 1018 2704 οὐσίαν
1058 2652 1176 2720 ήτοι
1215 2653 1476 2709 σύστασιν
1533 2659 1630 2725 τῆς
1687 2659 2009 2729 ἱερωσύνης.

436 2735 596 2789 Εἴποι
616 2739 672 2791 δέ
694 2758 799 2804 τις,
825 2742 944 2804 Πῶς
966 2747 1013 2798 oi
1044 2747 1188 2814 ἅγιοι
1212 2750 1454 2817 Πατέρες
1473 2751 1571 2803 οὐκ
1595 2746 1750 2805 εἷπον
1773 2751 2011 2820 ὀφείλειν

430 2837 864 2900 χειροτονεῖσθαι
912 2839 1039 2902 τοὺς
1089 2842 1297 2905 εἰδότας
1347 2844 1474 2905 τοὺς
1531 2845 1710 2914 ἱεροὺς
1757 2845 2006 2910 κανόνας,

429 2922 495 2971 τὸ
521 2923 674 2988 ἅγιον
700 2925 1036 2994 Εὑαγγέλιον
1065 2932 1156 2983 καὶ
1176 2931 1246 2986 τὰ
1266 2933 1452 2998 λοιπὰ,
1483 2934 1618 2993 ἀλλὰ
1647 2936 1772 2996 τοὺς
1801 2935 2010 2999 εἰδότας

437 3017 602 3079 μόνον
628 3017 718 3070 τὸν
752 3018 1029 3090 ψαλτῆρα,
1060 3025 1156 3076 καὶ
1188 3026 1700 3095 ἐπαγγελλομένους
1739 3029 2010 3096 ἐπιμελη-

429 3102 594 3173 θῆναι
625 3108 718 3159 καὶ
770 3111 868 3177 τῆς
930 3111 1038 3163 τῶν
1086 3112 1291 3166 λοιπῶν
1325 3115 1613 3186 μαθήσεως
1645 3133 1660 3182 ;
1693 3118 1902 3184 Λύσις.
1934 3119 2008 3172 Τὸ

435 3197 534 3264 μὲν
559 3198 752 3253 ειδέναι
779 3205 869 3256 τὸν
890 3204 1160 3276 ψαλτῆρα,
1183 3207 1259 3270 ὼς
1290 3209 1468 3282 άπῃτη
1479 3209 1640 3275 μένον
1659 3209 1718 3277 ἐξ
1739 3211 2003 3280 ἀνάγκης,

432 3290 688 3361 ἀπῃτήθη
717 3293 810 3347 καὶ
847 3297 998 3366 παρὰ
1028 3299 1140 3351 τῶν
1165 3300 1343 3368 ἁγίων
1373 3303 1634 3372 Πατέρων
1661 3305 2006 3374 ἀσυμπαθῶς

431 3383 561 3440 τοὺς
617 3387 1043 3452 χειροτονεῖσθαι
1097 3389 1455 3456 ὀφείλονταςσ
1518 3392 1628 3444 τῶν
1688 3393 1746 3447 δὲ
1803 3394 2006 3448 λοιπῶν

433 3469 594 3523 θείων
621 3474 967 3545 διδαγμάτων
997 3481 1028 3548 ή
1057 3482 1364 3551 κατάληψις
1395 3485 1494 3538 οὐκ
1528 3484 1792 3556 ἐζητήθη,
1829 3487 1917 3544 διὰ
1945 3488 2006 3542 τὸ

440 3562 513 3628 μὴ
563 3564 916 3635 ὀφειλόμενον
961 3567 1104 3625 εἶναι
1151 3575 1246 3626 καὶ
1291 3577 1420 3638 τοὺς
1462 3579 1629 3646 μήπω
1675 3579 2005 3644 ἀξιωθέντας

430 3652 816 3712 διδασκαλικοῦ
849 3662 1162 3731 ἀξιώματος
1187 3670 1309 3728 ταῖς
1347 3670 1625 3732 τοιαύταις
1663 3670 2003 3739 ἀναγνώσεσι

431 3743 656 3808 ἑαυτοὺς
690 3752 1034 3822 ἀπασχολεῖν,
1081 3759 1175 3810 καὶ
1220 3760 1419 3828 μᾶλλον
1462 3762 1605 3826 τότε,
1655 3763 1742 3815 ὅτε
1775 3765 1824 3816 οἱ
1867 3766 2003 3834 Χριο

433 3845 639 3892 στιανοὶ
658 3845 954 3910 φυγαδείας
987 3851 1394 3919 κατεκρίνοντο.
1435 3855 1554 3907 Ἶνα
1580 3855 1632 3907 τί
1654 3856 1806 3923 γοῦν,
1828 3854 2000 3924 εἷπον,
2048 3887 2050 3890 ν

431 3933 462 3983 ὁ
507 3934 613 3986 ἀπὸ
644 3936 753 3986 τῶν
783 3938 959 3991 ἄλλων
994 3941 1265 4009 βιωτικῶν
1293 3943 1423 4008 ἴσως
1449 3947 1726 4015 ἐργασιῶν
1765 3949 1846 4011 είς
1889 3967 2003 4018 χει-
2043 3969 2046 3978 ·

434 4027 615 4078 τονίαν
668 4031 1165 4101 μετακαλούμενος,
1212 4036 1303 4088 καὶ
1352 4038 1439 4089 διὰ
1473 4039 1630 4091 τοῦτό
1665 4057 1721 4092 τε
1773 4041 1866 4094 καὶ
1913 4043 2002 4095 διὰ

429 4118 530 4184 τήν
557 4118 663 4170 τῶν
693 4122 987 4190 ὀρθοδόξων
1019 4127 1385 4198 στενωχορίαν
1414 4132 1997 4208 συγγνωμονούμενος,

428 4211 492 4263 οὐ
517 4216 943 4284 χειροτονηθείη,
968 4217 1040 4279 ὡς
1077 4219 1152 4290 μὴ
1177 4220 1316 4289 ἔχων
1345 4223 1650 4292 κατάληψιν
1671 4226 1872 4296 ἀκριϐῆ
1903 4228 2000 4296 τῆς

431 4301 580 4364 θείας
613 4306 869 4376 Γραφῆς;
899 4309 1010 4373 Διὸ,
1061 4313 1246 4378 φασὶν,
1295 4315 1342 4365 εί
1379 4313 1514 4382 πρὸς
1546 4316 1748 4388 ταύτην
1780 4299 2000 4388 ’ἑτοιμός

427 4396 564 4460 ἐστι,
607 4403 698 4450 καὶ
731 4402 1125 4469 ἐπαγγέλλεται
1164 4404 1302 4473 μετὰ
1336 4405 1630 4470 διαθέσεως
1660 4409 1998 4480 ἐπιμεληθῆ-

430 4505 520 4543 ναι
556 4491 654 4557 τῆς
689 4491 1048 4558 ἀναγνώσεως
1081 4495 1274 4564 αὐτῆς,
1321 4501 1824 4570 χειροτονοθήσεται
1854 4519 1867 4532 ο

433 4583 568 4649 μετὰ
599 4583 658 4634 τὸ
689 4585 1075 4654 ἀπαλλαγῆναι
1106 4588 1204 4655 τῆς
1239 4587 1346 4643 τῶν
1368 4589 1544 4644 ἄλλων
1574 4591 1874 4662 ὀχλήσεως,
1903 4596 1999 4647 καὶ

429 4675 790 4738 ἀναδέξασθαι
832 4679 893 4730 τὸ
938 4680 1320 4734 διδασκαλικὸν
1361 4683 1601 4755 ἀξίωμα,
1644 4685 1703 4751 ἐξ
1753 4687 1998 4757 ἀνάγκης

428 4765 488 4815 οὐ
523 4768 878 4837 καταισχύνει
907 4771 1230 4840 ἐπάγγελμα
1257 4789 1271 4803 ο
1312 4774 1447 4827 ἀλλὰ
1476 4777 1773 4846 γενήσεται
1807 4778 1997 4831 τούτου

429 4859 522 4907 καὶ
587 4859 772 4926 μόνου,
828 4863 921 4913 καὶ
968 4864 1168 4932 ῥᾳδίως
1213 4865 1325 4930 ἕξει
1376 4867 1474 4935 τὴν
1539 4868 1851 4939 ἐπιστήμην
1898 4871 1998 4942 τῆς

428 4948 577 5008 θείας
608 4951 850 5022 Γραφῆς.

499 5219 741 5274 ΖΩΝΑΡ.
782 5223 997 5288 Πάντας
1030 5225 1129 5293 μὲν
1156 5227 1236 5279 δεῖ
1263 5231 1390 5292 τοὺς
1414 5233 1639 5295 πιστοὺς
1671 5233 1728 5285 ἐν
1758 5237 1873 5296 τοῖς
1897 5235 1991 5288 τοῦ

426 5309 562 5361 Θεοῦ
614 5312 842 5383 μελετᾷν
881 5315 1240 5388 δικαιώμασι,
1275 5323 1371 5375 καὶ
1421 5324 1495 5392 μὴ
1539 5325 1990 5381 ἐπιλανθάνεσθαι

425 5403 534 5454 τῶν
563 5404 735 5471 λόγων
769 5409 933 5460 αὑτοῦ
968 5427 980 5440 ·
1028 5411 1323 5480 ἐξαιρέτως
1359 5415 1414 5468 δὲ
1465 5418 1591 5480 τοὺς
1623 5419 1683 5471 τὸ
1715 5419 1989 5487 ἱερατικὸν

423 5495 859 5563 ἀμπεχομένους,
879 5499 1279 5571 ἐνδεδυμένους,
1303 5508 1721 5577 περικειμένους
1745 5508 1984 5578 ἀξίωμα.

423 5588 514 5640 Διὸ
539 5589 630 5639 καὶ
653 5591 678 5641 ό
705 5589 883 5643 κανὼν
902 5585 1055 5657 οὗτος
1085 5593 1178 5649 τὸν
1206 5597 1286 5662 είς
1309 5598 1618 5672 ἐπισκοπὴν
1649 5601 1985 5672 προάγεσθαι

495 5765 544 5798 ⁸⁸
574 5768 711 5823 Osce
734 5785 809 5835 tv,
838 5769 891 5823 6.

2112 1916 2451 1985 quempiam,
2481 1929 2644 1983 quam
2703 1913 2747 1967 si
2810 1915 2956 1974 norit
3004 1913 3351 1983 psalterium.
3393 1921 3448 1966 et
3503 1912 3572 1966 ab
3601 1928 3688 1972 eo,

2110 2008 2302 2077 quiest
2323 2007 2499 2076 ipsum
2526 2004 3286 2070 ordinaturus,examinatus,
3314 2003 3590 2073 quodnam
3617 2002 3690 2055 sit

2111 2100 2232 2167 ejus
2261 2101 2314 2154 in
2343 2111 2590 2158 sanctam
2623 2099 2964 2169 Scripturam
2987 2096 3347 2161 desiderium,
3386 2106 3602 2152 asserat
3628 2110 3686 2147 se

2113 2207 2399 2250 sacrorum
2445 2202 2501 2248 et
2558 2191 2866 2248 divinorum
2913 2203 3188 2244 canonum
3220 2203 3285 2246 ac
3344 2188 3685 2255 reliquorum

2116 2286 2340 2340 lectioni
2367 2301 2590 2354 operam
2622 2284 2752 2340 dare
2785 2299 2910 2340 cum
2939 2284 3186 2354 diligenti
3213 2282 3426 2338 scilicet
3459 2280 3686 2338 investi-

2113 2380 2358 2447 gatione,
2395 2389 2447 2433 et
2502 2393 2610 2434 non
2661 2378 2880 2434 obiter:
2922 2377 3130 2442 versari
3184 2383 3366 2435 autem
3421 2374 3584 2435 etiam
3631 2373 3684 2424 in

2112 2470 2316 2526 divinis
2351 2470 2662 2540 praeceptis,
2717 2477 2770 2523 et
2802 2467 3018 2528 Domini
3055 2467 3324 2537 p0pulum
3358 2466 3596 2530 docere;
3630 2474 3686 2518 et

2109 2578 2254 2626 esse,
2293 2572 2355 2618 ut
2383 2561 2553 2618 semel
2584 2561 2790 2626 dicam,
2823 2569 3135 2629 promptum
3181 2558 3247 2612 ad
3292 2558 3598 2618 docendum
3634 2565 3688 2608 et

2113 2653 2578 2724 respondendum,
2614 2667 2737 2721 quae
2764 2661 2894 2707 sntit
2917 2661 3311 2714 consentanea,
3347 2650 3414 2708 de
3444 2649 3682 2716 eloquiis

2112 2762 2142 2799 a
2173 2747 2286 2801 Deo
2341 2744 2579 2805 traditis,
2615 2758 2739 2812 qua:
2781 2741 3003 2813 quidem
3053 2750 3182 2796 sunt
3241 2740 3552 2796 substantia
3587 2756 3682 2794 seu

2114 2839 2440 2895 constitutio
2499 2835 2824 2892 sacerdotii.
2880 2834 3092 2894 Dixerit
3157 2843 3337 2896 autem
3388 2832 3682 2902 quispiam,

2111 2945 2212 2986 cur
2236 2927 2413 2985 sancti
2445 2926 2635 2986 Patres
2667 2941 2774 2980 non
2828 2923 3089 2984 dixerunt
3146 2939 3243 2982 eos
3277 2924 3475 2978 debere
3535 2924 3686 2986 ordi-

2112 3021 2256 3085 nari,
2282 3021 2374 3089 qui
2411 3033 2629 3078 sacrum
2659 3031 2927 3076 canonem
2965 3023 3191 3078 norunt,
3221 3025 3475 3070 sanctum
3505 3013 3685 3070 Evan-

2112 3113 2333 3183 gelium.
2363 3120 2417 3166 et
2451 3109 2662 3179 reliqua
2691 3126 2704 3162 :
2744 3108 2840 3163 sed
2877 3122 2973 3163 eos
2997 3109 3090 3176 qui
3117 3106 3434 3176 psalterium
3467 3113 3683 3173 tantum

2110 3211 2336 3269 norunt,
2361 3210 2416 3258 et
2450 3200 2783 3272 proﬁtentur
2844 3213 2904 3260 se
2969 3201 3306 3270 reliquorum
3350 3216 3570 3269 quoque
3597 3197 3683 3266 dis

2106 3295 2434 3353 eeendorum
2461 3310 2652 3350 curam
2699 3293 2932 3362 gerere?
2967 3291 3201 3350 Solutio.
3251 3292 3406 3347 Scire
3451 3292 3674 3359 quidem

2102 3389 2448 3456 psalterium,
2470 3397 2527 3442 ut
2551 3386 2868 3446 necessario
2905 3384 3254 3454 reqoisitum,
3283 3399 3400 3448 eos,
3423 3384 3517 3455 qui
3541 3385 3681 3448 citra

2105 3481 2272 3535 ullam
2305 3477 2842 3538 commiserationein
2862 3475 3106 3540 ordinari
3156 3476 3356 3530 debent
3396 3489 3426 3528 a
3477 3476 3682 3544 sanctis

2103 3587 2324 3642 quoque
2347 3572 2604 3628 Patribus
2629 3570 2965 3640 postulatum
2993 3579 3076 3626 εει
3102 3569 3468 3639 :reliquarum
3498 3579 3679 3624 autem

2105 3664 2480 3723 doctrinarum
2539 3661 2958 3732 comprehensio
3007 3676 3112 3716 non
3175 3661 3576 3730 requirebatur,
3613 3675 3680 3714 eo

2103 3757 2248 3826 quod
2272 3755 2397 3824 jure
2416 3755 2560 3824 exigi
2594 3767 2701 3812 non
2733 3761 2932 3823 potest,
2981 3760 3044 3808 .ut
3094 3753 3190 3822 qui
3222 3753 3457 3811 docendi
3493 3761 3690 3808 aucto-

2105 3849 2329 3904 ritatem
2362 3857 2417 3902 et
2446 3862 2658 3902 munus
2694 3846 2940 3902 nondum
2965 3854 3094 3902 sunt
3136 3846 3378 3904 assecuti
3428 3847 3482 3902 in
3525 3845 3677 3915 ejus-

2103 3942 2250 3998 modi
2284 3941 2611 3997 lectionibus
2642 3947 2950 4002 versentur,
2972 3948 3026 3994 et
3054 3939 3290 3994 maxime
3310 3954 3374 3994 eo
3406 3949 3675 4010 tempore,

2102 4035 2325 4103 quando
2404 4031 2710 4087 Christiani
2779 4029 2958 4091 exsilii
3025 4045 3186 4098 poena
3249 4031 3674 4094 damnabantur.

2101 4125 2300 4192 Quidni
2335 4139 2484 4193 ergo,
2533 4122 2809 4186 dixerunt,
2856 4121 2949 4190 qui
2983 4122 3051 4175 ab
3084 4122 3228 4184 aliis,
3270 4122 3470 4191 quibus
3500 4124 3674 4186 victus

2103 4225 2364 4287 paratur,
2410 4213 2655 4286 artiﬁciis
2715 4214 2780 4266 ad
2847 4211 3255 4286 ordinationem
3323 4216 3672 4280 accersitur,

2100 4309 2299 4376 cuique
2347 4314 2654 4376 propterea,
2697 4314 2750 4358 et
2802 4317 3026 4380 propter
3086 4305 3519 4359 orthodoxorum
3572 4322 3671 4360 an-

2101 4400 2333 4471 gustias,
2369 4399 2524 4454 venia
2555 4399 2741 4463 datur,
2773 4398 3083 4462 ordinetur,
3127 4408 3182 4452 ut
3207 4397 3302 4468 qui
3341 4413 3449 4452 non
3476 4398 3672 4455 habeat

1912 4502 2348 4564 aciDexactatn
2424 4490 2620 4545 divinae
2705 4490 3003 4567 Scriptum
3077 4491 3672 4561 comprehensionem?

2096 4586 2244 4646 Ideo,
2300 4584 2576 4654 inquiunt,
2613 4585 2658 4638 si
2710 4584 2777 4636 ad
2830 4597 2950 4637 eam
2994 4591 3216 4652 paratus
3277 4583 3370 4648 sit,
3421 4593 3473 4638 et
3505 4600 3562 4640 se
3600 4588 3665 4639 ad

2096 4694 2214 4733 eam
2245 4677 2533 4745 diligenter
2570 4673 2854 4745 legendam
2908 4688 3132 4744 Operam
3192 4674 3498 4745 positurum
3535 4692 3666 4745 pro-

2097 4772 2336 4835 ﬁteatur,
2373 4768 2754 4823 ordinabitur:
2797 4767 2926 4836 quia
2982 4775 3274 4838 postquam
3311 4769 3380 4823 ab
3437 4769 3665 4828 aliarum

2097 4879 2278 4919 rerum
2309 4861 2556 4915 molestia
2582 4869 2664 4914 est
2705 4859 2996 4926 liberatus,
3031 4869 3087 4916 et
3135 4861 3371 4918 docendi
3418 4863 3668 4926 auctori-

2103 4963 2266 5011 tatem
2297 4953 2566 5021 suscepit,
2597 4951 2994 5021 professionem
3028 4967 3190 5009 suam
3228 4952 3500 5012 dedecore
3554 4969 3664 5008 non

2100 5048 2336 5110 alliciat;
2373 5045 2468 5101 sed
2499 5047 2552 5100 in
2609 5059 2676 5099 eo
2726 5045 2845 5099 solo
2895 5054 3148 5101 versetur
3198 5061 3428 5106 necesse
3467 5054 3668 5113 est,et

2098 5141 2294 5195 divinae
2323 5138 2625 5206 Scriptura:
2651 5136 2936 5191 scientiam
2964 5137 3124 5193 facile
3146 5147 3495 5208 assequetur.

2168 5229 2421 5285 ZONAR.
2463 5228 2666 5283 Omnes
2694 5227 2910 5296 quidem
2977 5227 3164 5285 ﬁdeles
3217 5229 3274 5286 in
3321 5231 3663 5300 iustiﬁcatio-

2099 5324 2259 5376 nibus
2288 5320 2377 5374 Dei
2407 5318 2682 5383 meditari,
2711 5330 2812 5372 nec
2845 5317 2998 5372 illius
3040 5334 3359 5376 sermonum
3413 5321 3665 5380 oblivisci

2097 5415 2254 5469 decet
2273 5429 2285 5464 :
2312 5412 2403 5467 sed
2418 5425 2516 5465 eos
2549 5409 2800 5474 maxime,
2819 5409 2912 5480 qui
2934 5410 3324 5467 sacerdotalem
3339 5413 3659 5482 dignitatem

2096 5506 2346 5560 obtinent
2371 5503 2487 5559 sive
2520 5516 2582 5557 ea
2613 5502 2821 5572 praediti
2851 5508 3018 5573 atque
3039 5504 3219 5559 ornati
3248 5515 3397 5563 sunt.
3418 5506 3660 5572 Quicun—

2094 5615 2201 5671 que
2228 5597 2391 5669 igitur
2423 5595 2489 5650 ad
2528 5594 2902 5667 episcopatum
2929 5594 3095 5653 fuerit
3139 5596 3475 5667 evehendus,
3509 5598 3658 5656 hunc
