3992 6484
477 347 586 413 887

1748 370 1847 429 ΤΗ
1858 371 2024 431 ΕΟΙ).
2067 373 2296 434 BALSA
2307 378 2358 436 Μ
2367 377 2468 436 ΟΝ

3579 390 3668 453 888

477 475 724 528 pra-sons
746 475 872 519 can.
914 465 966 519 in
1011 468 1255 537 psalterii
1289 476 1600 546 cognitione
1628 493 1899 534 versatum
1920 499 2005 537 es»

2149 487 2411 556 μέλλοντα
2441 491 2656 544 κελεύει
2706 493 2795 545 τὸν
2846 493 3098 564 ψαλτῆρα
3151 495 3454 562 γινώσκειν,
3495 499 3576 553 ῖνα
3599 511 3677 557 καὶ

468 551 647 615 jubet,
677 564 732 606 ut
761 556 860 608 hoc
888 569 1048 627 pacto
1074 563 1142 615 ab
1171 565 1263 617 illo
1294 570 1528 636 populus
1561 587 1783 642 quoque
1813 575 2040 636 initiari,

473 644 577 695 boc
609 653 693 699 est
718 648 907 702 eadem
956 655 1266 722 cognitione
1298 659 1464 714 imbui
1503 664 1696 718 discat.
1734 666 2039 722 Examinari

474 750 639 800 porro
672 737 820 794 illiilli
842 742 954 794 vult
979 746 1044 796 ab
1071 763 1136 800 co
1170 763 1199 799 a
1233 766 1341 817 quo
1376 756 1771 811 renuutiandus
1796 768 1902 822 est,
1931 779 2041 816 nte-

470 827 828 894 tropolitano,
858 832 1025 903 288
1046 851 1114 890 an
1149 854 1340 895 sacros
1376 859 1638 907 canones,
1663 846 2036 917 Evangelium,

467 916 712 986 Apostoli
750 924 971 986 librum,
1001 932 1181 983 omnia
1218 934 1455 1003 denique
1479 938 1680 992 divinae
1738 940 2038 1010 Scripturze

466 1023 824 1068 monumenta
852 1019 1131 1088 perlegere
1194 1025 1344 1079 velit.
1381 1029 1458 1080 Ac
1492 1028 1565 1083 ita
1611 1031 1830 1100 quidem
1862 1037 2037 1101 perle-

467 1117 617 1174 gere,
644 1115 703 1159 ut
740 1112 1052 1167 reconditas
1085 1115 1412 1186 abditasque
1443 1120 1672 1176 illorum
1735 1128 2035 1180 sententias

465 1205 762 1263 scrutetur,
803 1204 1166 1274 proindeque,
1219 1219 1274 1263 et
1315 1212 1756 1286 uniuscujusque
1812 1219 1886 1272 rei
1950 1235 2035 1272 ra-

465 1287 669 1342 tionem
721 1290 1010 1362 intelligat,
1069 1307 1120 1349 et
1157 1300 1356 1367 populo
1407 1303 1512 1357 sibi
1572 1307 1872 1362 commisso
1908 1323 2031 1361 eru-

463 1379 664 1434 diendo
721 1385 793 1436 sit
869 1384 1144 1448 idoneus'.
1197 1391 1487 1462 ipsumque
1562 1397 2030 1464 interrogantibus

463 1473 803 1540 rependere
869 1486 1130 1546 paratus;
1179 1482 1334 1548 juxta
1382 1486 1628 1542 divinum
1668 1491 2026 1557 Apostolum.

461 1565 557 1631 qui
601 1564 756 1632 jubet
788 1568 997 1634 lldeles,
1031 1582 1250 1640 paratos
1277 1591 1400 1633 esse
1435 1595 1650 1650 semper
1701 1585 2028 1652 respondere

458 1656 610 1711 omni
669 1660 870 1726 petenti
933 1664 1000 1716 ab
1065 1664 1198 1734 ipsis
1243 1670 1508 1724 rationem
1561 1673 1628 1726 de
1689 1689 1772 1734 ea.
1809 1691 1931 1744 qum
1973 1679 2024 1729 in

459 1748 620 1802 nobis
641 1759 748 1814 est,
772 1766 904 1821 spe:
939 1769 1047 1808 non
1075 1767 1254 1814 autem
1313 1763 1707 1832 perfunctorie,
1761 1769 1863 1823 hoc
1914 1780 2023 1837 est,

2145 577 2239 631 τὸν
2267 580 2468 634 οίκεῖον
2513 582 2688 646 οὕτως
2733 586 3035 657 ἐκπαιδεύῃ
3102 589 3354 657 μυεῖσθαι
3395 590 3534 652 λαὸν,
3574 596 3677 647 ἀντὶ

2145 670 2238 723 τοῦ
2287 673 2604 739 μανθάνειν.
2674 675 3088 745 Ἀνακρίνιισθαι
3141 679 3198 731 δὲ
3250 679 3493 747 βούλεται
3535 684 3679 735 αὐτὸν

2143 764 2295 833 παρὰ
2336 763 2430 816 τοῦ
2479 766 2764 834 μέλλοντος
2797 769 3176 838 χειροτονῆσαι
3225 771 3387 822 αὑτὸν
3432 789 3682 841 μητροπο-

2141 854 2312 916 λίτου,
2347 857 2394 908 εί
2425 856 2568 910 θέλει
2612 859 3010 925 ἀναγινώσκειν
3062 864 3189 923 τοὺς
3243 864 3418 931 ἱεροὺς
3451 869 3679 930 κανόνας,

2139 946 2199 998 τὸ
2255 947 2592 1015 Εὐαγγέλιον
2621 988 2637 1011 ,
2690 951 2790 1019 τὴν
2831 950 2927 1004 τοῦ
2977 952 3303 1006 Ἀποστόλου
3353 956 3550 1025 βίϐλον,
3599 962 3681 1012 καὶ

2140 1038 2322 1090 πᾶσαν
2353 1038 2451 1106 τὴν
2481 1039 2635 1091 Θείαν
2665 1041 2909 1110 Γραφήν.
2937 1043 3358 1111 Ἀναγινὼσκειν
3391 1048 3446 1100 δὲ
3477 1049 3680 1119 ἐρευνη-

2137 1129 2324 1193 τικῶς,
2369 1131 2510 1182 ὥστε
2555 1131 2754 1186 εἰδέναι
2797 1134 2886 1186 τὸν
2906 1135 3031 1187 νοῦν
3079 1137 3334 1200 ἑκάστου,
3382 1137 3476 1190 καὶ
3517 1141 3682 1193 ίκανὸν

2137 1219 2278 1274 εἶναι
2323 1224 2464 1294 πρὸς
2510 1225 2860 1279 διδασκαλίαν
2913 1227 3007 1279 τοῦ
3055 1227 3146 1280 ὑπ’
3179 1228 3344 1281 αὑτὸν
3397 1229 3543 1294 λαοῦ,
3597 1234 3682 1284 καὶ

2135 1315 2356 1382 ἕτοιμον
2389 1317 2524 1386 πρὸς
2565 1316 2860 1388 ἀπόκρισιν
2887 1320 3000 1381 τοῖς
3040 1319 3320 1388 ἐρωτῶσιν
3347 1320 3526 1385 αὐτὸν,
3559 1328 3682 1378 κατὰ

2132 1407 2225 1460 τὸν
2273 1406 2417 1460 θεῖον
2452 1408 2798 1472 Ἀπόστολον,
2831 1411 3278 1479 παραγγέλλοντα
3324 1413 3436 1471 τοῖς
3472 1419 3682 1480 πιστοῖς,

2133 1501 2220 1552 ῖνα
2271 1501 2487 1569 ἕτοιμοι
2545 1494 2678 1553 ὦσιν
2728 1502 2819 1555 ἀεὶ
2877 1503 3012 1572 πρὸς
3055 1502 3351 1570 ἀπολογίαν
3405 1508 3562 1556 παντὶ
3615 1508 3682 1577 τῷ

2132 1592 2377 1645 αἰτοῦντι
2417 1593 2613 1657 αὐτοὺς
2655 1592 2814 1660 λόγον
2856 1595 2985 1664 περὶ
3031 1595 3131 1664 τῆς
3177 1597 3236 1647 ἐν
3283 1597 3416 1664 ἡμῖν
3459 1598 3678 1660 ἐλπίδος,

2129 1683 2266 1736 ἀλλὰ
2318 1683 2391 1754 μὴ
2444 1684 2891 1754 παροδευτικῶς,
2961 1686 3131 1754 ἧγουν
3179 1686 3550 1756 ἀπῳσέκτως,
3600 1694 3684 1742 καὶ

2132 1775 2268 1845 μόνα
2315 1775 2382 1828 τὰ
2432 1777 2652 1846 ῥήματα
2681 1776 2926 1844 λέγοντα,
2958 1777 3057 1846 τῆς
3081 1777 3126 1830 δ’
3154 1778 3364 1840 ἑννοίας
3407 1781 3478 1850 μὴ
3527 1798 3684 1847 προσ-

457 1841 597 1894 alias
619 1857 708 1897 res
738 1859 926 1914 agens.
952 1859 1004 1902 et
1034 1852 1216 1906 verbis
1265 1856 1442 1909 solum
1508 1859 1805 1915 recitandis
1863 1877 2014 1916 occu-

2131 1868 2454 1936 απτόμενον.
2497 1869 2606 1921 Καὶ
2657 1869 2718 1922 οὐ
2767 1871 2926 1938 μόνον
2969 1869 3141 1932 οὕτως
3179 1869 3566 1936 ἀναγινώσκειν
3593 1873 3682 1941 τὴν
3717 1938 3728 1949 1

456 1939 642 1997 patus,
676 1935 952 1999 subiectas
978 1955 1107 1994 vero
1132 1948 1434 2001 sententias
1461 1951 1773 2018 cognitione
1815 1969 2026 2023 nequa-

458 2037 624 2088 quam
659 2027 959 2096 attingens.
989 2031 1101 2087 Nec
1130 2036 1304 2090 solum
1347 2039 1416 2091 ab
1443 2055 1510 2092 eo
1537 2055 1816 2104 sacrarum
1849 2043 2024 2099 Litte-

455 2129 642 2170 tarum
673 2119 936 2186 studium,
960 2126 1100 2190 quod
1156 2129 1418 2195 diximus,
1465 2135 1732 2200 postulari
1763 2152 1777 2201 ;
1834 2137 1928 2190 sed
1965 2147 2024 2191 ut

454 2209 619 2280 vitanj
690 2220 952 2280 praeterea
1009 2229 1072 2269 ac
1109 2231 1290 2274 mores
1342 2221 1407 2274 ad
1473 2222 1609 2292 legis
1648 2224 1849 2280 divinae
1886 2242 2022 2296 prie-

454 2298 721 2368 scriptum
800 2319 1164 2375 normamque
1239 2323 1574 2380 componat,
1643 2315 1786 2386 exigi
1846 2322 2022 2388 placet

455 2407 631 2460 neque
665 2393 717 2447 id
759 2403 994 2461 tantum,
1041 2400 1135 2454 sed
1184 2409 1242 2455 ut
1296 2403 1348 2455 in
1406 2405 1708 2461 erudiendo
1761 2419 2018 2477 praeterea

454 2483 668 2538 credito
692 2485 796 2539 sibi
828 2489 1029 2557 populo
1081 2492 1352 2548 elaboret.
1416 2496 1558 2550 Sunt
1607 2500 1808 2554 etenim
1874 2503 2015 2568 ejus.

453 2589 575 2644 quae
638 2577 780 2646 apud
851 2596 951 2634 nos
1013 2593 1117 2646 est,
1172 2584 1494 2643 hieran-hia:
1565 2593 1909 2658 substantia,
1962 2607 2014 2648 ut

453 2681 685 2737 magnus
745 2670 1042 2741 Dionysius
1097 2675 1398 2744 indicavit,

452 2763 674 2828 tradita,
731 2765 836 2819 hoc.
894 2775 1003 2829 est,
1070 2769 1378 2825 divinarum
1429 2773 1837 2846 Scripturarom
1888 2795 2014 2835 vera

449 2855 709 2926 cognitio.
747 2857 1060 2914 Substantia
1095 2877 1224 2918 vero
1258 2864 1582 2921 hierarchiaa
1628 2871 1809 2925 divina
1865 2871 2016 2926 Scri-

447 2953 611 3016 ptura
642 2959 832 3002 vocata
856 2960 960 3013 est,
986 2954 1132 3020 quod
1169 2969 1235 3008 ex
1285 2953 1378 3009 illa
1439 2959 1694 3014 nimirum
1729 2970 1838 3016 tota
1893 2963 2014 3032 ejus

449 3039 770 3095 constitutio
795 3043 1047 3112 pendeat.
1086 3046 1160 3101 De
1208 3047 1518 3104 substantia
1576 3068 1759 3118 porro,
1811 3055 1877 3108 iis
1916 3055 2009 3124 qui

447 3138 602 3184 extra
655 3143 806 3196 sunt,
859 3135 960 3188 hoc
1017 3145 1262 3205 tempore
1316 3142 1470 3210 plura
1525 3144 1709 3198 dicere
1766 3146 2006 3201 alienum

447 3220 580 3274 mihi
605 3221 778 3275 visum
799 3234 903 3276 est.
933 3223 1027 3277 Vel
1062 3227 1210 3280 enim
1241 3229 1334 3293 qui
1365 3246 1424 3285 se
1474 3233 1538 3285 ad
1596 3237 2010 3301 c0guoscendos

446 3326 686 3369 canones
712 3317 999 3371 contulere
1032 3317 1242 3374 liberali
1293 3321 1543 3378 dootrina
1611 3329 1836 3395 expoliti
1857 3340 2008 3398 sunt,

443 3405 679 3476 ejusque
724 3407 1125 3476 definitionem,
1166 3423 1221 3467 et
1272 3431 1612 3486 quaecunque
1679 3421 1746 3473 de
1805 3421 1892 3475 illa
1953 3423 2006 3477 in

442 3499 882 3570 praedicamentis
913 3503 1224 3569 traduntur,
1252 3520 1490 3573 novere;
1523 3510 1628 3573 vel,
1665 3509 1709 3564 si
1735 3511 2002 3578 politioris

443 3587 764 3645 litteraturae
791 3592 962 3660 ignari
1011 3602 1161 3655 sunt,
1204 3593 1408 3649 frustra
1462 3598 1596 3660 illis,
1657 3616 1999 3672 utimcunque

446 3679 548 3734 hac
574 3680 641 3734 de
673 3697 732 3736 re
782 3685 886 3738 dici
931 3695 1185 3752 possunt,
1244 3687 1631 3746 inculcaveris.
1665 3692 1790 3748 Haec
1837 3695 2006 3764 igitur

444 3773 712 3841 siquidem
745 3777 1036 3846 episcopus
1061 3794 1119 3833 se
1151 3779 1424 3835 facturum
1497 3785 1745 3854 recipiat.

1477 2681 1691 2751 eloquia
1747 2684 2040 2741 divinitus.

2129 1959 2280 2012 θείαν
2331 1959 2551 2030 Γραφὴν
2583 1961 2934 2014 ἀπαιτεῖσθαι
2980 1961 3165 2028 αὐτὸν,
3219 1961 3356 2014 ἀλλά
3411 1962 3505 2015 καὶ
3551 1965 3677 2015 κατά

2129 2052 2248 2105 θεῖα
2312 2052 2627 2120 ἐντάλματα
2676 2053 3116 2124 ἀναστρέφεσθαι
3179 2055 3276 2108 καὶ
3340 2055 3535 2124 βιοῦν·
3597 2058 3682 2107 xa‘t

2124 2144 2243 2197 οὐδὲ
2273 2145 2430 2198 τοῦτο
2460 2147 2641 2213 μόνον,
2674 2145 2810 2197 ἀλλὰ
2860 2147 2954 2198 καὶ
2981 2145 3252 2198 διδάσκειν
3283 2145 3377 2198 τὸν
3404 2146 3494 2198 ὑπ’
3532 2145 3679 2198 αὐτὸν

2123 2237 2272 2288 λαόν.
2335 2238 2506 2289 Οὐσία
2559 2237 2669 2306 γὰρ
2727 2238 2828 2305 τῆς
2902 2237 3026 2288 καθ’
3081 2239 3227 2305 ἡμᾶς
3293 2237 3680 2308 ίεραρχίας-τὰ

2124 2327 2502 2398 θεοπαράδοτά
2531 2328 2637 2380 εἰσι
2662 2327 2840 2396 λόγια,
2869 2329 3036 2399 ἤγουν
3068 2327 3100 2397 ἡ
3125 2327 3235 2379 τῶν
3273 2327 3435 2380 θείων
3467 2327 3680 2396 Γραφῶν

2121 2417 2352 2487 ἀληθινὴ
2378 2419 2681 2488 ἐπιστήμη,
2714 2417 2788 2481 ὡς
2837 2419 2867 2470 δ
2919 2417 3094 2488 μέγας
3140 2419 3461 2487 ἀπεφήνατο
3507 2420 3678 2470 Διονύ-

2122 2529 2258 2574 σιος.
2298 2510 2469 2563 Οὐσία
2493 2511 2549 2564 δὲ
2573 2511 2676 2578 τῆς
2709 2510 2996 2580 ἱεραρχίας
3027 2509 3231 2580 ἐκλήθη
3257 2512 3290 2580 ἡ
3322 2509 3444 2563 θεία
3472 2511 3673 2580 Γραφὴ,

2118 2598 2193 2661 ὡς
2254 2599 2513 2660 σύστασις
2555 2597 2777 2666 ταύτης.
2831 2600 3093 2668 ’Δκαιρον
3135 2601 3244 2668 γάρ
3295 2616 3390 2669 μοι
3440 2601 3676 2668 κέκριται

2115 2693 2179 2743 τὸ
2222 2690 2384 2744 πλέον
2435 2692 2608 2743 εἰπεῖν
2653 2708 2706 2742 τι
2733 2691 2861 2760 περὶ
2892 2690 3079 2752 οὐσίας
3109 2691 3251 2743 κατά
3277 2693 3407 2753 τοὺς
3444 2692 3566 2756 ἔξω.
3609 2693 3674 2745 ’11

2118 2784 2230 2853 γὰρ
2279 2783 2390 2836 τῶν
2437 2783 2818 2854 μετασχόντων
2874 2783 3124 2845 παιδείας
3182 2784 3230 2835 oi
3273 2785 3401 2846 τοὺς
3459 2786 3676 2845 κανόνας

2122 2877 2402 2945 μετιόντες
2433 2875 2564 2938 είσὶ,
2594 2877 2687 2928 καὶ
2715 2876 2890 2927 οῖδασι
2927 2875 3016 2926 τὸν
3047 2877 3172 2945 ὅρον
3199 2877 3431 2938 ταύτης,
3467 2876 3558 2929 καὶ
3585 2877 3673 2927 ὅσα

2116 2974 2174 3023 ἐν
2205 2972 2324 3032 ταῖς
2351 2969 2706 3040 κατηγορίαις
2747 2969 2876 3036 περὶ
2905 2970 3078 3038 αὐτῆς
3102 2970 3339 3038 εἴρηται,
3369 2969 3401 3039 ἢ
3427 2969 3673 3037 ἄγευστοι

2116 3061 2365 3123 παιδείας
2421 3061 2549 3123 είσὶ,
2611 3060 2707 3113 καὶ
2757 3060 2933 3127 μάτην
2978 3060 3077 3112 ὅσα
3125 3058 3190 3112 ἄν
3235 3076 3318 3122 τις
3360 3062 3504 3111 εἴποι
3547 3058 3674 3127 πρὸς

2116 3153 2364 3215 ἐκείνους
2409 3153 2742 3220 είρήσονται.
2773 3152 2834 3203 El
2869 3150 2970 3219 μὲν
3006 3147 3099 3203 οὖν
3133 3150 3308 3202 ταῦτα
3344 3149 3672 3218 ὑπισχνεῖται

2119 3245 2316 3304 ποιεῖν,
2345 3243 2440 3296 καὶ
2483 3241 2625 3294 οὕτω
2656 3240 2827 3310 βιοῦν,
2869 3242 2962 3293 καὶ
3000 3242 3124 3302 τοὺς
3151 3241 3348 3302 ἄλλους
3379 3239 3670 3310 ῥυθμίζειν,

2121 3331 2551 3403 χειροτονεῖσθαι
2584 3332 2747 3384 αὑτὸν
2785 3330 3102 3383 κελεύουσιν
3144 3331 3193 3382 oi
3235 3331 3476 3400 Πατέρες
3503 3346 3517 3360 ·
3549 3329 3593 3381 εί
3620 3327 3671 3380 δὲ

2117 3425 2468 3495 ἀμφιδάλλοι,
2520 3424 2614 3476 καὶ⁸
2671 3422 2745 3494 μὴ
2795 3421 3102 3490 ἀσμενίςοι,
3158 3421 3280 3472 ἀντὶ
3323 3419 3421 3473 τοῦ
3472 3418 3670 3488 ἀγαπᾷ,

2116 3515 2506 3587 προθυμεῖται,
2551 3514 2697 3568 οὕτω
2739 3515 2912 3567 ποιεῖν
2944 3513 3037 3566 καὶ
3065 3511 3362 3574 διδάσκειν,
3396 3510 3469 3581 μὴ
3500 3525 3671 3580 χειρο-

2115 3605 2425 3677 τονεῖσθαι,
2447 3605 2544 3657 καὶ
2575 3603 2668 3656 επὶ
2707 3602 2919 3664 τούτοις
2969 3603 3238 3671 ἐπάγουσι
3266 3603 3334 3653 τὰ
3365 3601 3671 3670 προφητικά

2115 3694 2354 3764 ῥήματα.

1827 3789 2051 3858 ipseque
2076 3787 2219 3842 hanc
2277 3788 2402 3841 vita:
2479 3799 2730 3840 normam
2803 3784 3080 3855 amplecti,
3147 3797 3258 3840 tum
3319 3785 3376 3840 in
3441 3784 3661 3838 aliorum

443 3881 662 3934 quoque
710 3869 952 3925 moribus
1024 3875 1421 3942 componendis
1473 3878 1713 3934 laborem
1775 3882 2054 3952 suscipere
2092 3897 2198 3936 non
2264 3888 2498 3943 recuset,
2561 3893 2684 3934 eum
2733 3878 2975 3933 ordinari
3022 3875 3212 3934 Patres
3287 3877 3526 3947 jubeut:
3583 3875 3661 3930 sin

442 3955 643 4013 dubius
691 3958 760 4013 sit
810 3961 997 4027 animi,
1041 3973 1094 4019 et
1168 3981 1276 4019 non
1335 3967 1564 4024 libenter
1619 3973 1877 4042 accipiat,
1942 3976 2044 4029 hoc
2105 3984 2212 4039 est,
2271 3981 2437 4039 amet,
2479 3980 2531 4026 et
2583 3980 2834 4041 prompto
2891 3970 2964 4025 sit
3008 3971 3192 4025 animo
3243 3970 3315 4024 ita
3373 3970 3556 4025 facere
3614 3976 3664 4021 ει

441 4050 655 4110 docere.
689 4067 794 4106 non
827 4052 1090 4110 ordinari.
1127 4055 1221 4112 His
1249 4068 1506 4128 pra-terea
1538 4063 1812 4134 pr0pbetae
1838 4068 1996 4121 verba
2031 4066 2360 4136 subjiciunt.

441 4180 668 4240 Αιιιετ.
721 4204 739 4236 ι
779 4184 878 4252 Qui
916 4187 1133 4244 futurus
1183 4198 1268 4245 est
1321 4191 1631 4263 episcopus,
1671 4197 2000 4253 Psalterium

522 4296 541 4328 ι
577 4287 801 4333 noscat:
848 4291 1162 4349 pernoscat,
1199 4284 1345 4351 quod
1405 4284 1554 4356 legit,
1586 4302 1695 4342 non
1737 4288 2002 4359 simplici-

517 4388 535 4424 ι
573 4380 678 4434 ter,
703 4371 795 4430 sed
839 4386 963 4426 cum
995 4375 1450 4444 perscrutatione,
1498 4393 1689 4433 sacros
1742 4396 1999 4446 canones,

514 4479 533 4514 ι
570 4469 820 4517 sanctum
886 4461 1237 4533 Evangelium
1269 4503 1286 4530 ,
1339 4465 1585 4535 Apostoli
1655 4469 1894 4535 librum,
1946 4481 2002 4524 rt

514 4551 807 4611 «divinam
863 4552 1201 4622 Scripturam
1274 4556 1620 4613 universam:
1656 4559 1740 4616 sin
1793 4561 1996 4624 minus,

510 4662 530 4697 ι
569 4661 636 4700 ne
663 4645 967 4704 ordinetur.

2109 4203 2330 4258 ΔΡιΣτ.
2397 4221 2415 4254 ι
2467 4204 2526 4254 ὐ
2585 4200 2949 4271 γενησόμενος
3004 4215 3302 4262 επισκοπος
3357 4201 3666 4268 γινωσκέτω

2174 4315 2204 4351 ,ι
2247 4296 2306 4352 τδ
2335 4295 2648 4366 Ψαλτήριον
2674 4311 2687 4327 ’
2713 4294 3122 4363 διαγινωσκέτω
3174 4295 3254 4347 ὅτι
3308 4293 3665 4361 ἀναγινώσκει

2184 4412 2200 4442 ι
2243 4389 2341 4459 οὐχ
2380 4389 2588 4453 ἁπλῶς,
2628 4386 2745 4440 ἀλλ’
2770 4386 3156 4458 ἐρευνητικῶς,
3187 4387 3314 4447 τοὺς
3355 4386 3534 4454 ἱεροὺς
3569 4401 3660 4437 καο

2185 4499 2204 4532 ι
2244 4481 2423 4542 νόνας.
2459 4480 2520 4533 τὸ
2570 4480 2726 4548 ἆγιον
2761 4478 3114 4546 Εὑαγγέλιον,
3147 4477 3244 4545 τὴν
3274 4475 3367 4529 τοῦ
3412 4474 3663 4530 Ἀποστά-

2181 4591 2201 4624 ι
2243 4574 2335 4625 λου
2368 4572 2569 4642 βίϐλον,
2604 4571 2698 4627 καὶ
2724 4572 2908 4622 πᾶσαν
2929 4569 3028 4636 τὴν
3053 4566 3201 4622 θείαν
3234 4567 3460 4638 Γραφήν
3488 4583 3506 4599 ο
3538 4567 3582 4619 εί
3612 4565 3664 4618 δὲ

2182 4684 2200 4716 ι
2245 4664 2339 4735 μὴ,
2377 4663 2451 4734 μὴ
2476 4661 2903 4733 χειροτονείσθω.
2951 4679 2968 4712 ι

506 4784 666 4844 Ευιη.
705 4784 797 4851 qui
824 4783 891 4836 ad
919 4783 1267 4854 episcopatus
1315 4789 1540 4854 gradum
1590 4794 1991 4860 promovendos

2169 4803 2272 4856 Τὸν
2316 4802 2573 4872 μέλλοντα
2613 4801 2690 4860 είς
2735 4799 2822 4850 τὸν
2852 4797 2950 4865 τῆς
2981 4797 3285 4863 ἐπισκοπῆς
3334 4794 3662 4866 προάγεσθαι

430 4887 540 4943 cst,
573 4886 788 4943 oportet
836 4877 1154 4947 psalterium
1220 4882 1446 4935 omnino
1504 4898 1726 4938 noscere
1758 4885 1999 4955 illudque

430 4967 807 5038 interpretari,
836 4979 897 5021 ut
921 4977 975 5022 et
999 4969 1206 5023 clerum
1232 4986 1391 5024 suum
1423 4974 1501 5025 sic
1522 4973 1732 5028 discere
1751 4974 1994 5030 edoceat.

432 5061 608 5125 Quam
634 5059 923 5130 diligenter
974 5061 1138 5115 etiam
1172 5077 1200 5113 a
1243 5065 1665 5132 metropolitano
1696 5066 1996 5122 examinari

429 5166 500 5205 811
534 5166 723 5206 sacros
747 5165 987 5206 canones
1013 5163 1272 5208 accurate
1307 5164 1487 5223 βοῑθδι
1546 5157 1744 5222 legero.
1778 5166 1832 5211 ΘΙ.
1866 5175 1994 5212 san-

428 5251 580 5295 etum
625 5241 997 5311 Evangeliuut,
1035 5252 1089 5296 et
1126 5243 1296 5299 divini
1329 5249 1558 5317 apostoli
1593 5247 1743 5303 Pauli
1767 5250 1990 5306 librum.

430 5345 484 5387 et
519 5343 687 5388 totam
714 5333 1052 5401 Scripturam
1081 5336 1342 5400 divinam,
1386 5347 1440 5393 et
1486 5350 1724 5395 mentem
1775 5343 1992 5397 illorum

430 5423 783 5493 investigare.
826 5433 880 5478 et
916 5441 1039 5494 quae
1063 5427 1268 5496 scripta
1301 5437 1426 5483 sunt
1454 5430 1777 5501 intelligere.
1809 5434 1991 5499 Quan-

430 5515 727 5582 doquidem
777 5532 907 5570 vera
943 5516 1249 5573 divinarum
1290 5519 1698 5590 Scripturarum
1761 5525 1992 5580 scientia

429 5613 514 5660 est
535 5607 859 5662 constitutio
879 5620 932 5662 et
950 5609 1061 5678 ipsa
1091 5611 1408 5666 hierarcltiaa
1428 5616 1661 5668 essentia
1691 5617 1990 5671 secundum

433 5711 688 5766 magnum
722 5699 1078 5771 Dionysium:
1111 5710 1163 5756 et
1218 5703 1444 5758 scientia
1515 5707 1594 5760 sic
1642 5708 1990 5773 instructum,

431 5802 558 5847 sunt
595 5791 837 5854 ordinari
863 5809 874 5847 :
898 5794 980 5852 sin
1008 5795 1210 5864 minus,
1246 5811 1354 5854 non
1394 5797 1827 5858 ordinari.Dixit
1850 5803 1990 5857 enim

2101 4897 2331 4968 βαθμὸν,
2387 4896 2466 4946 δεῖ
2511 4893 2727 4953 πάντως
2770 4891 2860 4941 τὸν
2888 4889 3144 4958 ψαλτῆρα
3196 4887 3511 4954 γινώσκειν,
3573 4888 3659 4941 καὶ

2099 4985 2424 5057 ἑρμηνεύειν
2473 4983 2655 5042 αὑτὸν,
2709 4981 2797 5034 ῖνα
2827 4981 2922 5032 καὶ
2969 4979 3058 5032 τὸν
3110 4979 3202 5032 ὑπ’
3250 4981 3414 5034 αὑτὸν
3469 4981 3660 5048 κλῆρον

2097 5077 2240 5130 οὕτω
2269 5074 2560 5144 μανθάνειν
2603 5071 2846 5142 διδάσκῃ.
2895 5068 3279 5133 Ἐξετάζεσθαι
3312 5071 3368 5121 δὲ
3410 5068 3658 5138 ἀσφαλῶς

2099 5166 2191 5215 καὶ
2213 5162 2318 5215 ὑπὸ
2345 5161 2437 5213 τοῦ
2471 5159 2888 5230 μητροπολίτου,
2912 5159 2961 5210 εί
2993 5158 3269 5227 ἐπιμελῶς
3293 5159 3515 5212 δύναται
3539 5159 3656 5218 τοὺς

2108 5255 2283 5322 ἱεροὺς
2326 5252 2556 5314 κανόνας
2589 5251 3003 5319 ἀναγινώσκειν,
3029 5251 3090 5303 τὸ
3115 5250 3268 5318 ἅγιον
3311 5250 3655 5320 Εύαγγέλιον,

2103 5346 2202 5414 τὴν
2228 5345 2322 5397 τοῦ
2355 5342 2499 5395 θείου
2527 5341 2824 5396 ἀποστόλου
2860 5343 3072 5394 Παύλου
3121 5342 3321 5411 βίϐλον,
3362 5345 3456 5397 καὶ
3486 5345 3655 5396 πᾶσαν

2104 5437 2200 5503 τὴν
2235 5435 2383 5486 θείαν
2403 5433 2642 5502 Γραφὴν,
2675 5431 2769 5484 καὶ
2804 5432 2894 5484 τὸν
2925 5433 3051 5484 νοῦν
3082 5433 3260 5486 αὐτῶν
3290 5435 3535 5503 ἐρευνᾷν,
3569 5433 3655 5485 καὶ

2104 5528 2340 5582 συνιέναι
2369 5527 2434 5579 τὰ
2457 5528 2822 5596 γεγραμμένα
2853 5542 2866 5556 ’
2913 5526 3051 5578 διότι
3082 5526 3338 5589 σύστασις
3371 5527 3467 5579 καὶ
3501 5524 3651 5578 οὐσία

2101 5618 2202 5685 τῆς
2235 5617 2645 5686 ἀρχιερωσύνης
2689 5618 2720 5683 ἡ
2752 5615 2860 5668 τῶν
2889 5615 3051 5667 θείων
3077 5617 3306 5685 Γραφῶν
3336 5619 3483 5669 ὲστιν
3523 5616 3649 5684 ἀλη-

2103 5710 2221 5778 θινὴ
2271 5710 2567 5776 ἐπιστήμη,
2623 5707 2764 5759 κατά
2815 5707 2905 5758 τὸν
2963 5707 3141 5774 μέγαν
3197 5707 3508 5759 Διονύσιον·
3560 5707 3645 5757 καὶ

2100 5801 2268 5863 οὕτως
2305 5798 2495 5871 ἔχοντα
2530 5797 2778 5867 γνώσεως
2807 5797 3226 5870 χειροτονεῖσθαι
3268 5797 3426 5852 αὐτόν
3453 5814 3466 5828 ο
3511 5797 3557 5847 εί
3591 5794 3641 5848 δὲ
