3992 6484
368 422 478 486 839

1333 420 1414 480 IN
1441 419 1600 480 CAN.
1638 417 1730 476 IlI
1771 415 2038 476 SYNODI
2081 417 2188 478 VII
2228 415 2581 479 (ECUMEN.

3475 410 3583 475 800

374 531 472 604 μὴ,
520 529 596 601 μὴ
639 530 1077 601 χειροτονεῖσθαι.
1122 530 1254 581 Eine
1289 531 1397 598 γὰρ
1447 528 1475 579 ό
1518 525 1649 587 Θεὸς
1696 525 1785 578 διὰ
1832 524 1924 578 τοῦ

2044 525 2170 580 Deus
2201 541 2295 595 per
2321 527 2633 595 preplietam
2665 545 2678 581 :
2715 525 2794 580 Tu
2823 525 3091 578 scientiam
3124 523 3382 593 repulisti,
3405 533 3454 576 et
3485 541 3575 592 ego

369 627 656 696 προφήτου
679 641 694 656 ο
734 623 814 678 Σὺ
845 623 1173 692 ἐπίγνωσιν
1197 620 1436 686 ἀπώσω,
1483 617 1644 690 κάγὼ
1688 615 1926 674 (iudico-

365 734 475 787 μαι
497 717 592 783 σὲ,
629 716 736 771 τοῦ
757 717 843 786 μὴ
872 716 1192 784 ἱερατεύειν
1213 732 1334 783 μοι.

978 807 1214 861 ΚΑΝΩΝ
1247 805 1318 861 Γ.

379 917 397 948 ι
447 899 637 951 Πᾶσαν
667 896 845 967 ψῆφον
868 899 1161 966 γινομένην
1194 897 1341 963 παρὰ
1369 893 1666 964 ἀρχόντων,
1701 889 1923 944 ἐπισκό-

453 1008 472 1041 ι
513 1005 619 1041 που
657 987 1090 1058 ἢπρεσϐυτέρου
1132 987 1162 1055 ἢ
1200 986 1468 1049 διακόνου,
1512 985 1715 1053 ἄκυρον
1745 980 1930 1050 μένειν

453 1099 472 1133 ι
513 1082 653 1135 κατὰ
693 1082 784 1134 τὸν
815 1081 1014 1132 κανόνα
1042 1079 1130 1131 τὸν
1156 1077 1384 1146 λέγοντα
1410 1093 1423 1108 ·
1460 1095 1479 1126 ‹
1513 1076 1576 1128 Et
1597 1091 1680 1136 τις
1706 1073 1928 1126 ἐπίσκο-

448 1193 470 1228 ι
512 1190 635 1239 πος,
674 1174 957 1243 κοσμικοίς
989 1171 1215 1240 ἄρχουσι
1251 1168 1613 1239 χρησάμενος,
1642 1165 1708 1218 δι’
1750 1162 1930 1219 αὐτῶν

457 1283 477 1317 ι
519 1265 790 1334 ἐγκρατὴς
825 1263 1123 1331 ἐκκλησίας
1147 1260 1396 1331 γένηται,
1425 1256 1791 1328 καθαιρείσθω
1835 1254 1930 1308 καὶ

453 1376 473 1409 ι
513 1356 876 1426 ἀφοριζέσθω,
903 1361 994 1406 καί
1020 1354 1069 1406 οί
1094 1350 1475 1411 κοινωνοῦντες
1501 1348 1650 1418 αὐτῴ
1676 1347 1924 1409 πάντες.»

442 1465 469 1498 r
515 1450 605 1501 Δεῖ
641 1448 750 1518 γὰρ
790 1447 880 1500 τὸν
926 1445 1189 1516 μέλλοντα
1218 1440 1644 1514 προϐιϐἁζεσθαι
1690 1441 1769 1502 είς
1811 1442 1931 1492 ἐπι-

451 1559 470 1590 ι
511 1541 743 1607 σκοπὴν,
802 1538 905 1590 ὑπὸ
957 1536 1272 1590 ἐπισκόπων
1321 1533 1696 1605 ψηφίζεσθαι·
1751 1530 1933 1593 καθὼς

455 1649 473 1682 ι
515 1605 804 1699 παρὰ-τῶν
829 1629 999 1695 ἁγίων
1038 1626 1298 1697 Πατέρων
1328 1625 1435 1678 τῶν
1469 1626 1526 1676 ἐν
1562 1622 1766 1693 Νικαίᾳ
1802 1605 1944 1692 ὣριέ

449 1740 469 1773 ι
515 1737 636 1774 σται
704 1724 760 1774 ὲν
810 1719 889 1789 τῷ
935 1719 1117 1772 κανόνι
1154 1719 1231 1788 τῷ
1278 1717 1487 1786 λέγοντι
1517 1731 1533 1747 ·
1609 1715 1934 1769 Ἐπίσκοπον

452 1828 472 1862 ι
511 1813 779 1880 προσήκει
826 1810 1058 1879 μάλιστα
1097 1810 1194 1879 μὲν
1243 1809 1346 1861 ὑπὸ
1382 1808 1597 1862 πάντων
1639 1807 1747 1860 τῶν
1781 1806 1839 1858 ὲν
1864 1807 1930 1874 τῇ

451 1924 471 1956 ι
515 1879 750 1972 ἐπαρχίᾳ
809 1901 1218 1956 καθίστασθαι·
1280 1903 1328 1956 εί
1399 1901 1457 1954 δὲ
1521 1899 1779 1971 δυσχερὲς
1847 1879 2006 1967 εῖηθ

449 2015 468 2046 ι
508 1995 665 2047 τοῦτο
717 1996 748 2064 ἢ
821 1995 909 2047 διὰ
962 1993 1397 2061 κατεπείγουσαν
1448 1991 1695 2060 ἀνάγκην
1755 1991 1789 2060 ἢ
1847 1990 1934 2042 διὰ

455 2105 473 2138 ι
520 2088 689 2157 μῆκος
721 2086 861 2151 ὀδοῦ,
894 2085 1196 2150 ὲξάπαντος
1221 2089 1368 2156 τρεῖς
1389 2085 1482 2138 ἐπὶ
1511 2083 1572 2136 τὸ
1601 2081 1736 2138 αὐτὸ
1769 2099 1933 2135 συνα·

456 2197 476 2232 ι
519 2179 782 2248 γομένους
818 2178 1149 2248 (συμψήφων
1182 2177 1482 2248 γινομένων
1510 2178 1606 2230 καὶ
1634 2177 1743 2229 τῶν
1770 2176 1934 2229 ἀπόν-

456 2290 474 2322 ι
516 2287 625 2323 των
673 2271 768 2323 καὶ
810 2271 1203 2341 συντιθεμένων
1249 2269 1339 2324 διὰ
1386 2270 1772 2340 γραμμάτων),
1813 2270 1934 2321 τότε

458 2377 478 2409 ι
519 2358 618 2428 τὴν
667 2357 997 2429 χειροτονίαν
1053 2357 1345 2413 ποιεῖσθαι.
1403 2359 1477 2412 Τὸ
1519 2358 1574 2412 δὲ
1620 2357 1785 2428 κῦρος
1827 2356 1935 2410 τῶν

462 2469 482 2503 ι
521 2452 822 2519 γινομένων
854 2448 1090 2503 δίδοσθαι
1121 2449 1244 2503 καθ’
1286 2449 1528 2521 ἑκάστην
1555 2449 1824 2520 ἐπαρχίαν
1857 2446 1936 2514 τῷ

456 2559 475 2591 ι
520 2541 909 2611 μητροπολίτῃ.
952 2559 970 2591 ι

453 2632 648 2711 ΒΑᾼΣ.
694 2632 784 2684 Ἑν
813 2635 932 2693 ταῖς
985 2631 1218 2702 ἡμέραις
1267 2632 1364 2702 τῆς
1417 2631 1692 2703 παρούσης
1722 2631 1937 2684 συνόδου

372 2721 714 2793 ἐψηφίσαντό
768 2740 933 2785 τινες,
981 2723 1055 2786 ὡς
1091 2724 1291 2785 ἔοικεν,
1335 2723 1442 2778 ἀπὸ
1485 2723 1730 2790 ἐξουσίας
1773 2723 1936 2775 τινῶν

373 2814 966 2886 παραδυναστευόντων
1033 2816 1364 2878 ὑπεναντίως
1419 2815 1497 2885 τῷ
1564 2815 1692 2887 περὶ
1744 2814 1936 2867 τούτου

374 2903 727 2974 ἀποστολικῴ
786 2905 992 2957 κανόνι.
1026 2903 1117 2974 Μὴ
1164 2904 1476 2974 ἀνεχόμενοι
1529 2901 1624 2957 οὖν
1675 2904 1833 2956 τοῦτο
1887 2904 1938 2956 οί

375 2995 530 3064 ἅγιοι
561 2996 824 3064 Πατέρες,
856 2993 1065 3063 ὥρισαν
1091 2997 1189 3063 τὴν
1213 2994 1470 3065 τοιαύτην
1513 2995 1693 3065 ψῆφον
1734 2995 1937 3065 ἄκυρον

373 3087 520 3141 εἶναι
549 3087 857 3149 ἀκολούθως
890 3088 965 3156 τῷ
995 3087 1212 3155 ῥηθέντι
1243 3087 1586 3158 ἀποστολικῷ
1619 3089 1823 3152 κανόνι,
1861 3088 1936 3156 τῷ

376 3178 741 3251 διοριζομένῳ
781 3182 914 3242 τοὺς
956 3179 1096 3232 οὕτω
1146 3179 1511 3250 ψηφισθέντας
1557 3180 1938 3250 καθαιρεῖσθαι

379 3276 482 3327 καὶ
535 3272 911 3341 ἀφορίζεσθαι,
973 3273 1101 3334 τοὺς
1155 3271 1211 3326 δὲ
1269 3275 1704 3344 κοινωνήσαντας
1756 3275 1936 3336 αὐτοῖς

379 3365 780 3434 ἀφορίζεσθαι·
832 3365 930 3434 τὴν
978 3365 1160 3434 μέντοι
1207 3364 1388 3434 ψῆφον
1435 3366 1637 3434 ὀφείλει
1692 3367 1938 3435 γίνεσθαι

379 3455 526 3508 κατὰ
581 3455 670 3508 τὸν
721 3453 769 3507 δ’.
813 3456 1016 3508 κανόνα
1041 3455 1150 3508 τῶν
1201 3455 1369 3523 ἁγίων
1419 3457 1676 3529 Πατέρων
1717 3459 1826 3511 τῶν
1881 3461 1939 3512 ὲν

377 3545 607 3617 Νικαίᾳ.
645 3547 756 3599 Καὶ
802 3546 1114 3614 ἀνάγνωσον
1144 3546 1237 3600 οὖν
1283 3548 1372 3601 τὸν
1420 3550 1660 3604 τοιοῦτον
1716 3550 1939 3617 κανόνα,

379 3641 478 3691 καὶ
518 3639 609 3691 τὸν
647 3636 691 3692 λ’
727 3639 929 3692 κανόνα
969 3640 1080 3692 τῶν
1119 3641 1293 3706 ἁγίων
1335 3642 1664 3707 ἀποστόλων,
1702 3646 1793 3698 καὶ
1842 3644 1942 3707 τὰς

379 3730 680 3802 ἑρμηνείας
720 3731 923 3787 αὐτῶν.
967 3734 1033 3786 Τί
1061 3734 1138 3797 δὲ,
1168 3734 1277 3786 τῶν
1307 3735 1546 3787 κανόνων
1591 3737 1666 3807 μὴ
1706 3737 1939 3808 διοριζο-

387 3826 571 3892 μένων
624 3823 711 3876 διὰ
764 3824 946 3893 ψήφου
995 3825 1239 3893 γίνεσθαι
1306 3828 1404 3890 τὰς
1456 3829 1791 3898 χειροτονίας
1833 3829 1943 3883 τῶν

383 3918 774 3988 πρεσϐυτέρων
825 3919 920 3970 καὶ
965 3918 1076 3972 τῶν
1119 3918 1402 3981 διακόνων,
1449 3920 1584 3973 ἀλλά
1621 3919 1781 3987 μόνον
1832 3919 1941 3973 τῶν

383 4010 722 4073 ἐπισκόπων,
774 4011 887 4074 πῶς
934 4010 964 4063 ό
1015 4013 1193 4065 κανών
1246 4028 1409 4080 φησιν
1459 4012 1798 4082 ἀκυροῦσθαι
1845 4012 1943 4077 τὰς

384 4103 535 4172 παρά
562 4103 835 4172 ἀρχόντων
876 4103 1164 4173 γινομένας
1193 4104 1404 4175 ψήφους
1440 4108 1776 4171 ἐπισκόπων,
1807 4123 1943 4177 πρε-

384 4196 543 4248 σϐυτέ
554 4213 660 4267 ρων
682 4196 776 4249 καὶ
803 4197 1064 4250 διακόνων
1087 4215 1102 4261 ;
1132 4199 1342 4265 Λύσις.
1373 4199 1527 4262 Τινὲς
1550 4195 1705 4251 εἷπον
1730 4199 1825 4252 καὶ
1848 4200 1944 4261 τὰς

383 4289 532 4356 τρείς
577 4290 905 4358 χειροτονίας
959 4291 1050 4340 ἐπὶ
1098 4289 1216 4351 ἑνὸς
1250 4289 1542 4360 προσώπου
1573 4291 1806 4359 ὀφείλειν
1853 4292 1944 4340 ὲκ-

385 4380 780 4449 λαμϐάνεσθαι,
821 4382 913 4433 καὶ
943 4382 1039 4450 τὴν
1076 4380 1217 4434 οὕτω
1251 4382 1551 4452 γενομένην
1582 4383 1760 4451 ψῆφον
1787 4382 1943 4452 χάριν

383 4471 540 4524 τοῦδέ
575 4488 739 4535 τινος,
785 4474 867 4537 ἐφ’
897 4465 940 4538 ᾧ
969 4472 1222 4539 γενέσθαι
1251 4473 1516 4537 διάκονον,
1549 4473 1940 4546 πρεσϐύτερον,

2030 629 2077 674 te
2134 620 2401 688 repellam,
2453 638 2514 674 ne
2553 621 2624 673 sis
2659 621 2785 673 mihi
2819 622 3088 673 sacerdos.

2613 792 2840 848 CANON
2889 793 2979 848 llI.

2033 900 2052 935 ι
2088 885 2312 936 Omnem
2339 884 2662 937 electionem
2723 887 2967 954 episcopi
3005 885 3085 938 vel
3139 884 3438 953 presbyteri
3494 883 3576 936 vel

2109 990 2128 1024 ι
2166 973 2406 1035 diaconi,
2438 991 2560 1044 qua:
2589 976 2647 1028 llt
2671 991 2699 1028 a
2738 963 3179 1044 magistratibus,
3223 976 3428 1028 irritant
3463 990 3576 1026 ma-

2105 1084 2122 1116 ι
2164 1082 2314 1131 nere,
2360 1084 2424 1121 ex
2479 1083 2688 1122 canone
2737 1069 2985 1122 dicente:
3019 1067 3072 1121 Si
3110 1068 3230 1135 quis
3269 1068 3582 1137 episcopus,

2107 1175 2125 1209 ι
2165 1159 2514 1213 saecularibus
2595 1159 3000 1229 magistratibus
3100 1173 3265 1221 usus,
3339 1173 3433 1225 per
3492 1172 3586 1210 eos

2107 1269 2125 1302 ι
2161 1252 2442 1306 ecrlesiam
2465 1253 2791 1314 obtinuerit,
2832 1253 3138 1320 deponatur
3156 1260 3210 1305 et
3247 1259 3584 1321 segregctnr,

2107 1363 2126 1397 ι
2159 1353 2213 1399 et
2249 1361 2440 1400 omnes
2487 1348 2578 1411 qui
2645 1361 2767 1400 cum
2800 1361 2864 1398 eo
2906 1345 3329 1398 communicant.
3362 1343 3588 1411 Oportet

2105 1455 2123 1487 ι
2159 1417 2476 1498 enituerunt,
2521 1436 2609 1500 qui
2662 1436 2728 1490 ad
2759 1437 3130 1504 episcopatum
3187 1436 3586 1503 promovendus

2106 1544 2125 1578 ι
2163 1535 2268 1591 est,
2302 1529 2370 1580 ab
2398 1528 2675 1596 episcopis
2699 1528 2862 1593 eligi;
2889 1526 3348 1597 quemadmodum
3394 1543 3422 1578 a
3459 1541 3586 1579 san-

2109 1639 2128 1672 ι
2166 1621 2275 1676 etis
2307 1620 2565 1675 Patribus
2597 1620 2787 1675 Nicaeae
2831 1619 3107 1676 decretum
3146 1630 3231 1676 est
3278 1621 3332 1674 in
3361 1635 3589 1681 canone,

2112 1733 2132 1766 ι
2173 1716 2262 1783 qui
2299 1715 2464 1768 dicit:
2495 1713 2821 1784 Episcopum
2850 1723 3069 1784 oportet
3097 1713 3330 1767 maxime
3371 1711 3590 1780 quidem

2111 1827 2136 1860 r
2165 1808 2234 1861 ab
2265 1807 2537 1872 omnibus,
2563 1808 2651 1876 qui
2695 1816 2824 1862 sunt
2874 1807 2927 1861 in
2952 1805 3255 1875 provincia,
3285 1805 3542 1858 constitui
3573 1818 3586 1853 :

2114 1922 2132 1953 ι
2170 1901 2416 1958 siautem
2450 1902 2552 1954 Iioc
2610 1900 2825 1954 dillicile
2878 1900 3065 1963 luerit,
3123 1899 3203 1951 vel
3241 1905 3466 1967 propter
3502 1913 3593 1950 ur-

2117 2017 2133 2048 i
2180 2004 2391 2066 gentem
2459 1997 2862 2057 necessitatem,
2897 1994 2977 2048 vel
3034 2005 3252 2062 pr0pter
3292 1993 3388 2045 via:
3419 1991 3593 2059 longi-

2119 2105 2136 2138 ι
2174 2086 2441 2148 tudinem,
2503 2094 2615 2137 tres
2663 2086 2888 2137 omnino
2942 2085 3126 2139 eodem
3186 2085 3593 2145 ronvenirntes,

2115 2197 2130 2228 ι
2170 2178 2258 2244 (iis
2315 2191 2566 2246 quoque,
2628 2176 2720 2245 qui
2779 2177 3010 2238 absunt,
3067 2175 3228 2228 simul
3275 2175 3592 2242 sulIragiuni

2115 2282 2133 2316 ι
2172 2265 2472 2320 ferentibus
2499 2273 2554 2318 et
2587 2264 3020 2319 assentientibus
3051 2278 3146 2332 per
3203 2261 3431 2327 litteras)
3465 2269 3595 2315 tunc

2117 2376 2136 2410 ι
2179 2357 2357 2412 facere
2403 2358 2748 2412 electionem.
2807 2356 3008 2410 Eorum
3077 2366 3282 2416 autem,
3343 2369 3464 2422 quae
3499 2368 3597 2422 per

2117 2463 2612 2518 «unamquamque
2682 2449 3015 2517 provinciam
3077 2449 3250 2511 liunt,
3306 2446 3597 2498 continua-

2118 2557 2136 2590 ι
2176 2540 2374 2594 tionem
2410 2541 2588 2593 tribni'
2607 2540 3048 2608 metropolitano.
3080 2557 3100 2588 ι

2111 2629 2306 2686 BALS.
2344 2631 2609 2700 Tempore
2644 2631 2933 2700 praesentis
2995 2629 3189 2699 synodi
3256 2629 3597 2699 eligebantur

2042 2724 2284 2791 quidam,
2319 2733 2376 2776 ut
2424 2732 2506 2776 est
2531 2723 2846 2784 verisimile,
2902 2723 3258 2791 quorumdam
3312 2737 3594 2789 procerum

2044 2824 2312 2884 potestate
2585 2798 2775 2870 contra
2814 2832 2975 2885 quam
3041 2830 3253 2868 canone
3298 2816 3598 2882 apostolico

2046 2907 2301 2961 traditum
2327 2918 2431 2962 est.
2459 2907 2571 2962 Hoc
2602 2923 2732 2978 ergo
2763 2910 2934 2962 sancti
2964 2907 3151 2961 Patres
3179 2923 3285 2960 non
3315 2909 3594 2960 sustinen-

2045 3012 2144 3064 tes,
2184 3008 2514 3063 statueruut,
2578 3000 2776 3053 dictam
2829 3000 3152 3054 electionem
3211 3015 3333 3052 esse
3385 2998 3596 3050 irritam

2045 3103 2444 3161 consequenter
2476 3091 2622 3146 dicto
2657 3092 2956 3160 apostolico
2989 3093 3206 3155 canoni,
3233 3092 3330 3160 qui
3354 3090 3598 3144 decernit

2045 3199 2140 3237 eos
2176 3185 2268 3253 qui
2303 3185 2384 3239 sic
2409 3184 2570 3239 electi
2633 3185 2852 3250 fuerint,
2917 3184 3269 3253 deponendos
3314 3191 3368 3237 et
3411 3199 3600 3252 segre-

2040 3272 2267 3342 gandos,
2308 3288 2514 3344 eosque
2567 3274 3126 3330 exeommunieandos
3176 3273 3270 3344 qui
3325 3288 3449 3328 eum
3491 3272 3597 3326 illis

2041 3364 2588 3419 communicaverint:
2631 3375 2844 3434 oportet
2881 3377 3058 3419 autem
3096 3365 3420 3420 electionem
3477 3362 3595 3416 ﬁeri

2041 3466 2200 3523 prout
2251 3457 2364 3512 vult
2417 3473 2596 3535 canon
2636 3458 2670 3511 4
2724 3467 3038 3512 sanctorum
3101 3456 3322 3510 Patrum
3380 3455 3596 3510 concilii

2039 3546 2260 3602 Niczeni.
2290 3546 2352 3601 Et
2399 3548 2546 3603 illum
2577 3550 2761 3618 itaque
2794 3563 3056 3602 canonem
3087 3555 3141 3603 et
3174 3549 3242 3603 50
3273 3557 3592 3602 sanctorum

2041 3641 2412 3709 apostolorum
2495 3654 2792 3708 eorumque
2883 3641 3370 3709 interpretationes
3455 3639 3597 3709 lege.

2041 3732 2201 3801 Atqui
2237 3747 2360 3785 cum
2413 3747 2519 3786 non
2552 3733 2847 3786 decernant
2881 3745 3123 3785 canones
3153 3731 3598 3800 presbyterorum

2041 3833 2095 3879 et
2138 3824 2498 3879 diaconorum
2563 3825 2942 3878 ordinationes
2994 3824 3261 3878 electione
3309 3825 3449 3883 lteri.
3504 3823 3599 3876 sed

2042 3916 2218 3971 solum
2242 3917 2616 3986 episcoporum
2645 3933 2659 3981 ;
2692 3917 2969 3985 quomodo
3017 3916 3148 3970 dicit
3182 3930 3361 3970 canon
3417 3917 3603 3970 irritas

2042 4021 2164 4063 esse
2219 4007 2516 4062 electiones
2570 4005 2980 4074 episcoporum,
3034 4004 3487 4074 presbyterorum
3545 4011 3601 4056 et

2036 4096 2563 4165 diae0tioruin,qute
2597 4097 2730 4148 tiunt
2770 4112 2798 4148 a
2857 4095 3310 4164 magistratibus?
3366 4093 3596 4149 Salutio.

2045 4189 2306 4242 Dicebant
2328 4187 2570 4258 quidam,
2597 4194 2709 4241 tres
2739 4185 3118 4241 ordinationes
3146 4187 3202 4241 in
3235 4201 3343 4240 una
3368 4201 3598 4254 persona

2045 4283 2272 4350 intelligi
2336 4280 2561 4344 debere,
2607 4289 2660 4335 et
2700 4294 2819 4334 eam
2881 4295 3002 4350 quia
3042 4280 3120 4335 sic
3171 4279 3230 4333 ﬁt
3281 4279 3600 4333 electionem

2046 4374 2310 4441 alicujus,
2337 4388 2396 4423 ea
2423 4373 2489 4426 de
2521 4387 2686 4426 causa
2719 4382 2776 4425 ut
2808 4372 2902 4425 tiat
2943 4371 3231 4438 diaconus,
3293 4373 3601 4441 presbyter,

2048 4475 2102 4522 et
2132 4468 2214 4521 sic
2247 4467 2562 4536 episeOpus,
2600 4466 2806 4519 nullius
2829 4481 2950 4520 esse
2981 4465 3263 4519 momenti.
3325 4464 3426 4517 Alii
3457 4464 3602 4518 dice-

383 4566 478 4615 καὶ
523 4561 696 4625 οὕτως
742 4564 1061 4624 ἐπίσκοπον,
1117 4563 1318 4634 ἄκυρον
1359 4561 1535 4618 εἶναι’
1573 4567 1749 4636 ἕτεροι
1793 4560 1942 4617 εἷπον

2051 4559 2198 4619 bant,
2239 4557 2382 4627 quod
2405 4558 2711 4626 antiquitus
2742 4542 3282 4612 electiones°tlebant
3317 4572 3343 4608 a
3376 4556 3600 4625 p0pulo,

386 4654 466 4705 ὅτι
497 4652 560 4705 τὸ
594 4653 824 4705 παλαιὸν
856 4657 908 4706 αἱ
935 4653 1106 4723 ψῆφοι
1144 4656 1295 4724 παρὰ
1344 4656 1436 4709 τοῦ
1475 4656 1648 4726 δήμου
1683 4657 1941 4726 ἐγίνοντο,

387 4742 482 4793 καὶ
513 4740 839 4810 ἐψηφίζοντο
868 4744 928 4796 οὐ
959 4744 1118 4811 μόνον
1149 4744 1455 4807 ἐπίσκοποι,
1501 4747 1634 4800 ἀλλά
1675 4749 1769 4800 καὶ
1812 4765 1948 4818 πρε-

390 4833 642 4903 σϐύτεροι
665 4837 756 4887 καὶ
786 4834 1023 4887 διάκονοι
1052 4852 1065 4866 ·
1095 4838 1186 4887 καὶ
1215 4836 1301 4888 διὰ
1327 4837 1485 4889 τοῦτο
1513 4833 1666 4890 εἶπεν
1703 4841 1730 4892 ὁ
1766 4840 1945 4893 κανὼν

388 4925 485 4985 τὰς
509 4926 650 4978 κατὰ
678 4927 996 4978 δυναστείαν
1042 4928 1366 4996 ἀρχοντικὴν
1409 4930 1699 4997 γινομένας
1731 4929 1945 4999 ψήφους

388 5015 702 5068 ἐπισκόπων
729 5017 759 5085 ἢ
796 5018 1180 5088 πρεσϐυτέρων
1215 5019 1248 5090 ἢ
1289 5020 1545 5073 διακόνων
1572 5021 1904 5090 ἁκυροῦσθαι
1932 5038 1948 5053 ⁸

388 5107 536 5160 ἄλλοι
589 5107 646 5158 δὲ
699 5105 872 5170 εἷπον,
924 5108 997 5169 ὡς
1047 5110 1140 5160 ἐπὶ
1201 5110 1300 5180 μὲν
1342 5111 1638 5164 ἐπισκόπου
1691 5114 1722 5182 ἡ
1771 5113 1950 5183 ψῆφος

391 5199 529 5251 κατὰ
566 5201 938 5269 κυριωνυμίαν
974 5201 1194 5272 ὲῤῥέθη,
1233 5203 1326 5254 ἐπὶ
1359 5203 1413 5254 δὲ
1450 5204 1822 5274 πρεσϐυτέρου
1853 5205 1948 5257 καὶ

387 5289 638 5340 διακόνου
697 5292 1186 5360 καταχρηστικῶς·
1251 5294 1370 5346 ἀντὶ
1441 5294 1547 5365 γὰρ
1617 5296 1948 5366 χειροτονίας

391 5379 662 5450 ὲξελήφθη
696 5396 712 5412 ο
758 5383 895 5452 ὅπερ
923 5382 1016 5435 καὶ
1046 5383 1169 5452 ἐμοὶ
1209 5384 1459 5454 ἀρέσκει,
1505 5384 1809 5455 εὑρίσκοντι
1855 5385 1949 5438 καὶ

388 5473 611 5542 ἐτέρους
642 5475 870 5536 κανόνας
899 5475 995 5543 τὴν
1015 5473 1192 5542 ψῆφον
1216 5476 1338 5528 ἀντὶ
1366 5476 1696 5546 χειροτονίας
1736 5476 1945 5543 ἐκλαμ-

388 5562 741 5630 ϐανομένους.
789 5565 910 5616 Τῶν
938 5565 994 5617 δὲ
1030 5566 1305 5636 ἀρχόντων
1339 5568 1413 5636 μὴ
1457 5567 1768 5635 δυναμένων
1809 5566 1945 5630 ὅλως

2049 4656 2104 4702 et
2141 4647 2497 4716 eligebantur,
2558 4660 2666 4699 non
2727 4646 2905 4700 solum
2968 4645 3234 4714 episcopi,
3285 4645 3378 4700 sed
3433 4646 3601 4698 etiam

2051 4739 2348 4809 presbyteri
2377 4748 2431 4790 et
2466 4736 2722 4790 diaconi:
2777 4745 2833 4791 et
2877 4747 3168 4806 propterea
3216 4736 3351 4789 dixit
3382 4751 3557 4789 canon
3583 4752 3634 4791 ι.

2049 4828 2180 4894 Quae
2243 4830 2596 4898 magistratus
2676 4828 3002 4882 auctoritate
3066 4828 3242 4890 ﬁunt,
3306 4828 3605 4882 electiones

2051 4922 2429 4990 episcoiiorum
2463 4919 2550 4972 vel
2582 4921 3021 4988 presbyterorum
3076 4920 3161 4972 vel
3221 4918 3604 4982 diaconorum,

2053 5027 2158 5066 non
2182 5011 2382 5065 valere.
2408 5009 2512 5064 Alii
2545 5019 2727 5062 autem
2755 5009 3031 5072 dixerunt,
3064 5008 3208 5078 quod
3254 5009 3307 5061 in
3348 5009 3606 5077 episeopo

2048 5103 2267 5172 quidem
2307 5102 2501 5157 electio
2557 5101 2774 5170 preprie
2818 5101 2960 5154 dicta
3010 5108 3128 5162 est;
3194 5099 3248 5152 in
3286 5099 3605 5168 presbytero

2048 5205 2230 5250 autem
2261 5203 2314 5248 et
2340 5193 2574 5247 diacono
2610 5193 2874 5246 abusive:
2923 5205 3021 5261 pro
3068 5190 3416 5243 ordinatione
3456 5187 3599 5238 enim

2047 5297 2265 5356 accepta
2294 5294 2409 5350 est;
2441 5283 2588 5353 quod
2625 5283 2757 5336 mihi
2788 5297 3006 5353 quoque
3063 5282 3262 5351 placet,
3292 5295 3415 5333 cum
3451 5279 3602 5330 inve-

2050 5383 2194 5436 niam
2251 5379 2387 5432 alios
2449 5376 2610 5429 etiam
2679 5389 2940 5439 canones,
2989 5373 3081 5442 qui
3153 5371 3451 5425 electiones
3506 5380 3605 5434 pro

2049 5469 2391 5524 ordinatione
2440 5465 2738 5534 accipiunt.
2810 5465 2946 5520 Cum
2981 5473 3165 5519 autem
3221 5476 3328 5516 non
3389 5458 3601 5529 possint

2049 5562 2272 5615 omnino
2304 5560 2653 5629 magistratus
2673 5559 3054 5630 episcoporum
3073 5555 3295 5626 eligere,
3327 5549 3601 5623 quomodo

1603 5682 1791 5741 Guill.
1838 5677 2153 5756 Bevercgii
2199 5687 2386 5738 noue.

461 5781 759 5854 (I8)AT01:!¢
785 5784 851 5838 δὲ
903 5785 1390 5854 κοινωνήσαντας
1428 5782 1629 5850 αὐτοῖς
1665 5785 1928 5854 ἀφορίζε-

391 5856 552 5909 σθαι.
589 5852 713 5910 υἱ.κο
739 5858 902 5912 verba
934 5858 986 5911 in
1018 5852 1314 5912 l’ariisiensi
1356 5858 1595 5912 editione
1629 5852 1933 5911 deStdcruta

2037 5799 2102 5838 ex
2133 5799 2234 5836 ins.
2262 5781 2557 5836 Bodleiano
2589 5779 2987 5848 supplevimus,
3009 5778 3096 5834 cui
3126 5771 3598 5832 Amerbacbianus

2045 5870 2168 5908 eum
2199 5852 2416 5907 Tiliano
2449 5849 2801 5923 suﬂ'ragatur.
