3992 6484
435 362 543 427 895

1623 357 1899 421 ΤΗΕΟΙ).
1935 354 2334 421 BALSAMON

3522 358 3623 425 896

436 446 707 542 majorem
746 479 1095 543 potestatem.
1142 482 1197 528 et
1246 482 1426 545 potest
1478 475 1547 530 de
1602 475 1673 532 iis
1731 476 1897 532 rebus
1933 484 1991 529 ut

2108 474 2213 528 ιίαν
2232 475 2327 528 καὶ
2354 472 2634 543 δυναμένῳ
2674 471 2884 543 διαιτᾷν
2911 471 3023 536 τοῖς
3046 469 3326 534 τοιούτοις.
3357 470 3520 541 Ζήτει
3539 476 3623 529 καὶ

435 562 603 636 jitdex
642 580 997 631 cognoscere.
1032 566 1226 632 Qnaare
1254 577 1310 622 et
1363 583 1487 624 can.
1522 570 1609 634 l7,
1645 570 1731 624 tit.
1792 572 1841 630 t.
1894 569 1986 625 lib.

439 674 525 722 ιιι,
555 656 721 714 Basil.
754 673 874 728 quae
902 659 1121 729 quidem
1161 670 1247 715 est
1295 659 1520 716 Novella
1552 663 1869 726 Justiniani,
1914 666 1994 718 sic

441 746 667 804 dicens:
701 748 968 805 Omnibus
1000 763 1182 805 autem
1232 753 1504 823 episcopis
1540 756 1621 808 vel
1657 755 1993 825 presbyteris

440 842 844 907 interdicimus,
878 860 946 896 ne
985 846 1293 913 quempiam
1321 862 1349 900 a
1383 857 1571 901 sancta
1602 851 1993 903 communione

442 944 751 1001 segregent,
769 936 1084 1005 priusquam
1115 952 1277 990 causa
1311 948 1527 992 ostensa
1563 939 1745 1004 fuerit,
1776 950 1995 1009 propter

440 1043 604 1091 quam
632 1028 992 1083 ecclesiastici
1028 1045 1270 1085 canones
1307 1034 1408 1086 hoc
1430 1032 1623 1098 jubent
1652 1034 1802 1088 ﬁeri:
1834 1034 1991 1105 291

441 1116 485 1171 si
520 1117 644 1186 quis
673 1127 852 1173 autem
885 1135 1083 1188 praeter
1116 1122 1236 1175 haec
1279 1137 1309 1175 a
1374 1131 1566 1178 sancta
1611 1126 1997 1181 communione

442 1212 750 1279 quempiam
810 1214 1170 1281 separaverit,
1206 1213 1295 1267 ille
1340 1214 1580 1282 quidem,
1608 1219 1700 1284 qui
1731 1232 1761 1269 a
1808 1227 1997 1273 sancta

443 1301 829 1356 «ιοιιιιιιιιιιίοιιο
868 1304 1071 1370 injuste
1093 1318 1382 1373 separatus
1411 1316 1515 1369 est,
1548 1309 1724 1362 soluta
1776 1324 2001 1380 separa-

445 1390 649 1445 tiouea
683 1392 874 1460 majori
906 1392 1170 1459 antiSIite,
1232 1406 1422 1452 sancta
1471 1400 1863 1456 communione
1912 1404 1997 1457 di-

450 1498 589 1550 gnus
643 1485 1007 1539 existimetur.
1065 1486 1166 1551 Qui
1232 1497 1413 1542 autem
1488 1490 1694 1559 injuste
1763 1492 1997 1563 aliquem

448 1582 636 1627 sancta
662 1576 1052 1631 communione
1087 1577 1303 1647 privare
1353 1594 1521 1635 ausus
1578 1590 1684 1646 est,
1743 1584 2000 1641 omnibus

450 1662 625 1717 modis
649 1681 677 1717 a
709 1666 1010 1733 sacerdote,
1042 1669 1131 1723 cui
1178 1679 1261 1725 est
1314 1671 1617 1748 subjectus,
1671 1684 1823 1732 tanto
1862 1687 1999 1731 tem-

449 1768 600 1821 pore,
631 1766 895 1825 quantum
928 1757 974 1812 is
1004 1759 1142 1814 satis
1177 1777 1299 1817 esse
1356 1763 1575 1826 viderit.
1618 1767 2001 1823 communione

452 1846 788 1909 movebitur;
820 1857 879 1903 ut
910 1853 1055 1920 quod
1107 1853 1316 1921 injuste
1362 1854 1512 1920 fecit,
1542 1858 1690 1927 juste
1738 1861 1999 1930 patiatur.

450 1929 585 1985 Nota
620 1948 938 2001 praesentem
971 1955 1265 2006 canonem,
1296 1947 1387 2013 qui
1415 1960 1575 2014 paena
1604 1949 1823 2003 talionis
1851 1951 2004 2017 punit

450 2024 757 2094 episcopos,
783 2030 873 2098 qui
909 2034 1084 2100 turpis
1110 2042 1353 2102 quaestus
1396 2039 1591 2106 gratia,
1641 2039 1725 2093 vel
1786 2054 2005 2113 propter

451 2115 688 2182 privatas
723 2118 1059 2183 ali'ectiones.
1088 2140 1153 2178 ex
1186 2126 1302 2180 suis
1336 2127 1548 2197 aliquos
1576 2140 1880 2201 segregant.
1921 2135 2004 2188 vel

455 2208 658 2274 templa
690 2209 973 2267 claudunt.
1008 2212 1188 2280 Quare
1217 2216 1307 2285 qui
1339 2218 1422 2273 sic
1456 2217 1785 2289 segregavit,
1824 2239 2002 2292 segre-

453 2303 687 2371 gabitur.
713 2305 813 2372 Qui
846 2321 1027 2363 autem
1062 2312 1329 2379 templum
1380 2315 1602 2379 clausit,
1659 2316 1784 2387 plus
1839 2333 2003 2388 quam

454 2398 829 2463 segregatione
853 2402 1129 2468 punietur.
1156 2402 1233 2459 Ne
1285 2406 1488 2462 dixeris
1532 2417 1712 2463 autem
1773 2427 1868 2481 per
1916 2428 2008 2466 ar-

455 2498 772 2554 gumentum
809 2507 836 2544 a
870 2494 1148 2550 contrario
1196 2507 1473 2565 sumptum
1504 2516 1610 2554 non
1664 2504 1845 2570 puniri
1890 2504 2001 2574 epi-

456 2596 706 2649 scopum,
730 2585 818 2651 qni
842 2602 950 2639 non
977 2598 1191 2655 propter
1217 2596 1372 2658 turpe
1400 2592 1610 2645 lucrum
1636 2594 1718 2647 vel
1741 2596 2005 2664 privatam

456 2672 822 2741 aﬂ‘ectionem,
863 2678 955 2731 sed
982 2678 1106 2746 jure
1136 2682 1387 2751 segregat
1421 2684 1633 2752 aliquos
1665 2689 1749 2740 vel
1805 2688 2007 2756 templa

456 2765 703 2820 claudit:
743 2768 834 2821 sed
860 2782 1237 2837 argumentum
1272 2788 1301 2826 a
1357 2776 1637 2829 contrario
1700 2780 1888 2847 accipe
1940 2778 2008 2833 ad

460 2855 606 2908 solas
647 2859 1070 2927 segregatioues.
1112 2861 1418 2933 Episcopus
1452 2866 1621 2929 enim,
1644 2867 1734 2936 qui
1765 2884 1829 2921 ex
1870 2884 2010 2937 qua-

458 2960 680 3014 cunque.
736 2949 851 3003 sive
894 2952 1041 3019 justa
1089 2955 1202 3009 sive
1254 2957 1456 3024 iniusta
1498 2973 1687 3022 causa,
1751 2963 2010 3030 templum

458 3038 687 3100 claudit,
726 3041 1002 3109 punietur,
1039 3053 1095 3097 ut
1134 3046 1265 3101 mihi
1298 3048 1519 3116 quidem
1575 3051 1812 3117 videtur,
1868 3053 2011 3109 sicut

458 3129 710 3195 superius
737 3134 939 3188 dictum
972 3145 1076 3191 est.

935 3227 1114 3280 Altera
1151 3229 1540 3297 interpretatio.

530 3311 775 3368 Prmsens
823 3317 1040 3387 quidem
1090 3330 1322 3389 quartus
1373 3338 1547 3377 canon
1602 3326 1671 3378 ab
1722 3328 1872 3381 omni
1917 3344 2012 3383 ex-

458 3406 699 3469 actione,
743 3412 918 3477 turpis
952 3411 1088 3466 lucri
1120 3415 1319 3481 gratia.
1350 3415 1584 3470 clericos
1640 3419 1853 3480 liberat,
1893 3434 2014 3486 qua:

460 3496 529 3549 ab
562 3500 923 3561 antistitibus,
972 3508 1063 3573 qui
1123 3504 1259 3559 locis
1321 3519 1582 3575 praesunt,
1645 3511 2009 3579 excogitatur.

463 3585 774 3640 Secundum
814 3599 1017 3654 autem,
1060 3594 1302 3656 tertium,
1346 3604 1603 3663 quartum
1648 3609 1702 3653 et
1757 3599 2011 3669 quintum

460 3689 627 3747 caput
658 3680 752 3735 lib.
781 3697 859 3745 Ill,
890 3684 975 3737 tit.
1005 3686 1059 3743 3.
1085 3685 1304 3742 Basilic.
1344 3704 1519 3757 neque
1561 3688 1883 3746 metatornm
1912 3693 2014 3747 da-

459 3771 727 3837 tinnibus,
748 3790 920 3844 neque
947 3779 1218 3845 personali
1251 3796 1495 3844 munere,
1530 3784 1610 3838 vel
1644 3785 1770 3840 ullis
1790 3788 2015 3842 omnino

462 3864 693 3932 publicis
719 3868 976 3921 oneribus
1005 3869 1236 3925 clericos
1262 3873 1519 3929 astrictos
1549 3892 1672 3931 esse
1690 3878 2012 3945 decernunt,

462 3955 557 4008 sed
591 3965 717 4010 uota
754 3958 964 4024 publica
999 3962 1198 4014 tributa
1234 3978 1407 4033 eaque
1439 3969 1554 4021 sola
1607 3970 1862 4037 pendere.
1892 3971 2013 4026 Jam

460 4060 592 4099 vero
636 4047 780 4101 inter
834 4048 1191 4116 imperatores
1223 4053 1585 4112 celebrandus
1611 4060 1864 4115 dominus
1901 4060 2015 4115 Ma-

463 4138 590 4192 nuel
624 4140 958 4204 Comnenus,
998 4158 1092 4211 per
1120 4143 1324 4198 Bullam
1366 4146 1595 4202 Auream
1661 4166 1848 4206 mense
1876 4152 2009 4208 Feb.

466 4230 771 4288 indictione
804 4250 898 4298 vn,
935 4250 1024 4290 an.
1062 4235 1207 4290 6600
1266 4239 1546 4305 emissam,
1587 4244 1863 4298 concessit
1895 4259 2015 4299 om-

466 4322 627 4379 nibus
655 4326 1053 4388 sacerdotibus,
1088 4334 1179 4398 qui
1232 4328 1410 4385 ubivis
1450 4329 1731 4388 Romaniae
1766 4334 2014 4389 locorum

424 4416 732 4481 ‘assident,
761 4426 817 4472 et
846 4419 1058 4488 publica
1123 4435 1278 4475 sacra
1330 4432 1617 4492 peragunt,
1662 4440 1770 4478 non
1836 4427 2014 4480 solum

464 4513 533 4562 ab
561 4510 707 4563 oumi
738 4526 903 4565 onere
935 4496 1153 4580 publico
1203 4520 1621 4572 excusationem
1656 4520 1881 4582 habere.
1917 4524 2011 4577 sed

462 4601 625 4652 etiam
675 4601 1081 4658 immunitatem
1143 4604 1508 4676 jugationum.
1587 4607 1718 4665 Post
1791 4613 2014 4681 aliquod

464 4699 648 4747 autem
694 4701 911 4764 tempus
952 4697 1033 4753 eis
1066 4714 1281 4768 quoque
1337 4700 1568 4769 largitus
1623 4711 1709 4757 est
1760 4703 2019 4760 immuni-

465 4792 632 4838 tatem
667 4789 861 4856 capitis
926 4792 1127 4859 quarti,
1170 4792 1387 4848 etiamsi
1426 4810 1531 4849 non
1596 4795 1708 4851 sint
1740 4812 1805 4851 ex
1860 4798 2020 4868 juga-

462 4874 614 4929 tione
636 4893 756 4946 quae
786 4880 854 4933 ab
886 4882 968 4937 eis
999 4882 1200 4937 dantur
1254 4884 1478 4953 tributa.
1515 4886 1718 4943 Dictam
1776 4899 1954 4945 autem
1985 4908 2013 4946 a

464 4966 699 5036 publicis
732 4973 1052 5029 muneribus
1086 4977 1501 5031 excusationem
1526 4978 1676 5033 dedit
1731 4981 2010 5049 onmibus,

466 5060 559 5129 qui
592 5060 646 5115 in
679 5065 1055 5132 personalibus
1095 5068 1484 5124 ecclesiasticis
1503 5076 1559 5124 et
1603 5066 2006 5128 monasteriali-

2092 582 2220 632 κεφ.
2271 564 2339 629 ιζ’
2401 563 2501 618 τοῦ
2531 570 2588 618 α’
2621 565 2803 617 τίτλον
2844 561 2936 617 τοῦ
2978 569 3025 633 γ’
3062 563 3266 634 βιβλίου
3295 564 3400 617 τῶν
3427 564 3621 619 Βασιλι-

2092 658 2227 720 κῶν,
2257 659 2393 728 ὅπερ
2415 657 2529 711 ἐστὶ
2556 657 2742 728 Νεαρὰ
2771 657 3223 718 Ἰουστινιάνειος,
3255 657 3408 720 λέγον
3434 657 3621 719 οὕτως·

2094 750 2235 803 [ἰάσι
2265 748 2319 801 δὲ
2362 749 2473 812 τοῖς
2502 747 2823 811 ἐπισκόποις
2852 747 2945 802 καὶ
2977 746 3367 817 πρεσϐυτέροις
3398 748 3624 817 ἀπαγορ-

2094 839 2291 908 εύομεν
2343 840 2418 907 μὴ
2466 840 2748 909 ἀφορίζειν
2798 840 2918 894 τινὰ
2970 841 3068 911 τῆς
3128 839 3288 905 ἁγίας
3339 840 3623 903 κοινωνίας,

2096 931 2227 997 πρὶν
2247 930 2395 985 αίτία
2437 931 2624 1004 δειχθῇ
2646 932 2714 983 δι’
2740 932 2807 1003 ἢν
2835 934 2885 985 οἱ
2917 931 3210 1000 ἐκκλησίας
3246 930 3465 991 κανόνες
3484 930 3627 983 τοῦτο

2096 1022 2345 1090 γίνεσθαι
2396 1022 2707 1076 κελεύουσιν
2736 1038 2751 1053 ·
2787 1024 2834 1075 εί
2884 1023 2947 1077 δέ
2994 1040 3078 1086 τις
3140 1022 3290 1090 παρὰ
3336 1021 3501 1073 ταῦτα
3541 1022 3629 1091 τῆς

2097 1114 2259 1183 ἁγίας
2320 1116 2600 1179 κοινωνίας
2655 1114 2877 1184 χωρίσει
2930 1116 3092 1176 τινά,
3145 1116 3349 1175 ἐκεῖνος
3414 1114 3525 1179 μὲν,
3577 1113 3630 1175 ὃς

2097 1206 2296 1266 ἀδίκως
2340 1207 2437 1274 τῆς
2491 1204 2650 1271 ἁγίας
2699 1206 2981 1267 κοινωνίας
3041 1205 3337 1275 ἐχωρίσθη,
3387 1203 3629 1267 λυομένου

2097 1295 2195 1349 τοῦ
2232 1294 2511 1367 χωρισμοῦ
2544 1295 2650 1348 ὑπὸ
2684 1295 2778 1349 τοῦ
2829 1296 3073 1359 μείζονος
3120 1295 3330 1366 ἱερέως,
3361 1294 3457 1364 τῆς
3485 1294 3633 1360 ἁγίας

2101 1387 2369 1453 ἀξιούσθω
2400 1387 2705 1452 κοινωνίας.
2748 1388 2807 1441 '0
2865 1387 2922 1441 δὲ
2974 1388 3175 1451 ἀδίκως
3219 1388 3340 1440 τινὰ
3364 1386 3462 1455 τῆς
3488 1386 3635 1454 ἁγίας

2100 1480 2381 1543 κοινωνίας
2412 1481 2644 1549 χωρίσαι
2671 1480 2970 1549 τολμήσας,
3014 1480 3147 1532 πᾶσι
3175 1479 3399 1549 τρόποις
3419 1478 3519 1530 ὑπὸ
3539 1476 3627 1530 τοῦ

2101 1571 2312 1642 ἱερέως,
2335 1572 2424 1638 ὑφ’
2464 1572 2524 1624 δν
2559 1572 2838 1636 τέτακται,
2876 1570 3271 1643 χωρισθήσεται
3318 1569 3418 1639 τῆς
3461 1558 3638 1622 κοινω-

2101 1648 2247 1726 νίας,
2269 1663 2357 1730 ἐφ’
2381 1661 2504 1714 ὅσον
2536 1662 2726 1732 χρόνον
2779 1662 2982 1724 ἐκεῖνος
3012 1660 3196 1731 συνίδῃ
3218 1676 3235 1693 ’
3266 1660 3353 1713 ἵνα
3375 1660 3508 1729 ὅπερ
3537 1658 3641 1711 ἀδί-

2102 1771 2213 1815 κως
2241 1754 2483 1817 ἐποίησε,
2504 1754 2723 1818 δικαίως
2746 1754 3032 1824 ὑπομείνῃ.
3061 1752 3378 1821 Σημείωσαι
3398 1752 3643 1822 τὸνπαρ-

2104 1847 2230 1899 ὄντα
2256 1847 2473 1909 κανόνα,
2508 1845 2594 1899 διά
2625 1845 3022 1908 ταυτοπαθείας
3042 1843 3340 1908 κολάζοντα
3390 1842 3514 1906 τοὺς
3534 1845 3643 1895 ὲπι-

2104 1939 2357 2001 σκόπους,
2391 1938 2514 2000 τοὺς
2540 1937 2681 1992 κατά
2712 1936 2983 2006 πρόφασιν
3011 1935 3451 2005 αἰσχροκερδείας
3472 1935 3504 2004 ἢ
3528 1934 3646 1988 ίδιο-

2104 2029 2328 2091 παθείας
2362 2026 2717 2096 ἀφορίζοντας
2767 2028 2831 2081 ὲκ
2874 2027 2984 2081 τῶν
3029 2026 3118 2079 ὑπ’
3147 2024 3345 2089 αὐτούς
3406 2042 3573 2088 τινας,
3615 2028 3644 2095 ἢ

2104 2122 2319 2182 κλείσας
2346 2120 2509 2183 ναούς
2530 2135 2544 2149 ·
2573 2119 2711 2172 ὥστε
2734 2122 2762 2172 ό
2795 2117 2966 2181 οὕτως
2989 2118 3270 2187 ἀφορίσας,
3302 2116 3646 2189 ἀφορισθήσε-

2103 2232 2193 2267 ται
2218 2233 2233 2247 ο
2265 2215 2293 2266 ό
2340 2213 2396 2266 δὲ
2432 2213 2651 2276 κλείσας
2688 2212 2817 2267 ναὸν
2846 2212 2940 2265 καὶ
2990 2211 3169 2264 πλεῖον
3212 2211 3309 2264 τοῦ
3355 2211 3648 2281 ἀφορισμοῦ

2106 2307 2518 2376 κολασθήσεται.
2573 2305 2667 2376 Μὴ
2714 2305 2875 2379 είπῃς
2923 2304 2980 2358 δὲ
3024 2304 3083 2368 ἐξ
3132 2304 3538 2374 ἀντιδιαστολῆς
3581 2304 3649 2372 μὴ

2106 2398 2429 2464 κολάζεσθαι
2471 2398 2560 2451 τὸν
2618 2399 2937 2459 ἐπίσκοπον,
2962 2396 3055 2448 τὸν
3086 2394 3160 2466 μὴ
3210 2396 3297 2449 διὰ
3346 2396 3651 2465 αἰσχροκέρά

2105 2492 2254 2545 δειαν
2298 2492 2329 2560 ἢ
2360 2490 2444 2543 διὰ
2483 2490 2849 2551 ίδιοπάθειαν,
2903 2488 3016 2541 ἀλλ’
3070 2488 3304 2556 εὐλόγως
3337 2487 3651 2558 ἀφορίζοντί.

2106 2599 2279 2645 τινας,
2305 2581 2338 2650 ἢ
2361 2581 2610 2634 κλείοντα
2640 2579 2801 2643 ναούς
2830 2580 2940 2650 (20)
2960 2597 2974 2610 ·
3003 2579 3136 2634 ἀλλά
3168 2580 3229 2633 τὸ
3254 2580 3313 2645 ἐξ
3338 2578 3655 2634 ἀντιδιαστο-

2108 2675 2203 2743 λῆς
2266 2672 2496 2727 ἔκλαδοῦ
2553 2674 2635 2734 είς
2669 2674 2862 2742 μόνους
2898 2674 3025 2734 τοὺς
3073 2671 3447 2741 ἀφορισμούςο
3496 2671 3524 2722 δ
3554 2670 3653 2739 γὰρ

2109 2767 2304 2821 κλείων
2342 2766 2468 2818 ναὸν
2500 2766 2793 2827 ὲπίσκοπος
2815 2764 2873 2831 ἐξ
2898 2764 3225 2834 οίουδήτινος
3246 2763 3471 2831 εὐλόγου
3502 2761 3534 2833 ἦ
3559 2779 3652 2814 πα-

2113 2860 2337 2930 ραλόγου
2392 2859 2612 2929 τρόπου,
2639 2858 2715 2922 ὥς
2746 2859 2869 2929 ἐμοὶ
2905 2858 3072 2923 δοκεῖ,
3103 2857 3501 2929 κολασθήσεται
3523 2855 3651 2926 (2|),

2111 2952 2185 3015 ὡς
2216 2952 2423 3006 ἄνωθεν
2458 2952 2697 3023 εἴρηται.

2626 3223 2828 3289 Ἑτέρα
2864 3223 3164 3292 ἑρμηνεία.

2194 3322 2253 3375 ’0
2283 3322 2381 3392 μὲν
2429 3320 2619 3391 παρὼν
2647 3318 2689 3372 δ’
2733 3320 2912 3372 κανὼν
2954 3318 3284 3372 ἀπαλλάττει
3309 3319 3434 3381 τοὺς
3470 3318 3651 3386 κληρι·

2112 3416 2240 3477 κους
2272 3415 2452 3482 πάσης
2480 3410 2892 3481 αἱσχροκερδοῦς
2914 3410 3247 3475 εἰσπράξεως
3273 3411 3656 3477 ὲπινοουμὲνης

2114 3508 2262 3578 παρά
2287 3508 2394 3559 τῶν
2424 3504 2562 3558 κατά
2603 3505 2802 3565 τόπους
2842 3502 3176 3572 ἀρχιερέων*
3220 3502 3280 3555 τὸ
3316 3502 3376 3557 δὲ
3408 3504 3475 3573 β’.
3509 3508 3574 3570 γ’,
3620 3502 3658 3554 δ’

2116 3617 2239 3667 κεφ.
2271 3597 2365 3651 τοῦ
2392 3597 2440 3665 γ’
2466 3596 2645 3649 τίτλου
2694 3594 2787 3649 τοῦ
2821 3594 2868 3663 γ’
2928 3593 3141 3663 βιϐλίου
3205 3595 3314 3646 τῶν
3366 3595 3658 3649 Βασιλικῶν

2113 3691 2422 3762 διορίζεται,
2460 3690 2596 3756 μήτε
2650 3689 2895 3755 μετάτων
2924 3687 3126 3750 δόσεσι,
3158 3689 3293 3755 μήτε
3347 3691 3657 3759 προτωπικῇ

2114 3780 2421 3849 λειτουργία
2463 3779 2598 3845 μήτε
2641 3774 2826 3837 ἁπλῶς
2867 3775 3223 3844 οίαισδήτισιν
3264 3774 3551 3843 ἐπηρείσις
3575 3774 3663 3841 δη-

2119 3872 2406 3941 μοσιακαῖς
2461 3867 2587 3930 τοὺς
2634 3865 2925 3934 κληρικοὺς
2956 3864 3294 3926 ὑποκεῖσθαι,
3319 3864 3456 3917 ἀλλὰ
3498 3865 3585 3917 καὶ
3603 3864 3662 3943 τιὰ

2115 3962 2429 4029 ἐγνωσμένα
2492 3957 2798 4026 δημοσιικά
2853 3956 3157 4024 τελὲσματα
3214 3958 3309 4008 καὶ
3388 3955 3525 4024 μόνα
3585 3970 3662 4005 τε-

2115 4053 2226 4106 λεῖν
2272 4052 2417 4122 βε)-
2452 4050 2567 4104 ἁλλ⁵
2618 4053 2646 4103 ὁ
2701 4048 3029 4117 ἀείμνηστος
3078 4047 3135 4099 ὲν
3169 4046 3450 4117 βασιλεῦσι
3485 4047 3659 4116 κύριος

2116 4145 2371 4214 Μανουὴλ
2407 4145 2435 4197 ὁ
2462 4142 2747 4210 Κομνηνὸς
2778 4142 2863 4193 διὰ
2890 4140 3281 4209 χρυσοϐοὐλλου
3312 4140 3661 4200 ἀπολυθέντος

2117 4240 2258 4294 κατά
2282 4238 2372 4291 τὸν
2415 4236 2776 4306 Φεϐρουάριον
2805 4230 2948 4303 μῆνα
2979 4233 3080 4301 τῆς
3129 4234 3173 4297 ζ’
3217 4234 3547 4293 ίνδικτιῶνος
3576 4231 3662 4284 τοῦ

2120 4341 2207 4405 ςχ¹
2267 4334 2421 4395 ἔτους
2480 4330 2905 4399 ἐφιλοτιμήσατο
2972 4329 3104 4380 πᾶσι
3168 4330 3278 4390 τοῖς
3337 4328 3663 4397 ὁπουδήποτε

2118 4431 2227 4484 τῶν
2256 4428 2447 4501 χωρῶν
2470 4428 2567 4497 τῆς
2607 4427 2909 4495 Ῥωμανίας
2960 4426 3431 4495 προσκαθημένοις
3475 4424 3665 4493 ἱερεῦσι

2120 4524 2213 4577 καὶ
2228 4521 2574 4592 δημοσιακοίς
2605 4519 2871 4577 τελεσταί.
2891 4517 3009 4573 οὖσι
3060 4521 3133 4588 μὴ
3167 4520 3324 4587 μόνον
3356 4518 3663 4584 ἑξκουσείαν

2120 4619 2298 4685 πάσης
2329 4616 2664 4684 δημοσιακῆς
2695 4614 2978 4682 ἐπηρείας,
3009 4613 3144 4666 άλλά
3180 4613 3272 4666 καὶ
3311 4614 3549 4667 ἀτέλειαν
3578 4609 3662 4663 τοῦ

2120 4707 2482 4776 ζευγολογίου.
2513 4707 2665 4760 Μετὰ
2703 4705 2758 4758 δέ
2790 4721 2912 4757 τινα
2936 4706 3125 4774 καιρὸν
3155 4705 3528 4776 ἀπεχαρίσατο
3547 4703 3664 4756 tati-

2118 4818 2230 4862 τοις
2257 4799 2392 4869 μετά
2422 4799 2583 4867 δοχῆς
2617 4797 2860 4850 ἀτέλειαν
2906 4814 3033 4866 κεφ.
3061 4796 3123 4861 δ’,
3152 4798 3253 4850 κᾶν
3295 4797 3369 4866 μὴ
3421 4798 3527 4859 ἀπὸ
3552 4799 3666 4861 ξεν.

2120 4892 2367 4960 γολογίου
2398 4884 2497 4942 ὦσι
2533 4890 2600 4942 τά
2618 4889 2869 4960 διδόμενα
2905 4890 3065 4959 παρέιΔ
3087 4890 3290 4943 τούτων
3305 4891 3660 4960 τελεσμάτων.

2122 4985 2234 5053 Τὴν
2261 4984 2314 5036 δὲ
2339 4981 2595 5053 ῥηθεῖσαν
2623 4981 2928 5050 φιλοτιμίαν
2972 4983 3070 5047 τῆς
3107 4981 3417 5047 ὲξκουσείας
3450 4981 3553 5032 τῶν
3581 4979 3659 5047 δη-

2114 5076 2389 5149 μοσιακῶν
2413 5074 2683 5144 ὲπηρειῶν
2727 5076 3098 5146 ἀπεχαρῖσατο
3128 5078 3221 5129 καὶ
3270 5079 3382 5139 τοῖς
3435 5080 3490 5127 εν
3541 5075 3665 5127 πᾶσι

1673 5182 1866 5246 Guill.
1901 5188 2225 5267 Beveregii
2257 5197 2442 5250 noue.

538 5307 651 5372 (20)
707 5308 776 5379 Ἠ
827 5310 1144 5375 κλείοντος
1200 5315 1407 5379 ναούς.
1482 5315 1607 5369 Post
1688 5316 1802 5370 lucc
1846 5317 2009 5372 verba

465 5376 792 5433 Parisiensis
826 5379 998 5433 editio
1025 5382 1198 5446 addit,
1238 5376 1406 5504 ἥῖὶουν
1439 5386 1513 5454 μὴ
1548 5385 2010 5457 παραχωροῦντας

465 5449 859 5504 δοξολογείσθαι
885 5449 1101 5504 αὐτούς.
1149 5466 1235 5503 seu
1326 5470 1442 5504 eum
1467 5456 1519 5504 in
1544 5457 1623 5504 his
1658 5457 1869 5504 laudari
1907 5474 2009 5504 non

461 5449 859 5515 δοξολογείσθαι
885 5449 1101 5513 αὐτούς,
1149 5466 1235 5503 seu
1260 5449 1519 5506 ’θωπιιὴ
1544 5449 1869 5510 Ιιίίίάῖιάὶινί
1907 5449 2009 5509 ιιοή

464 5520 683 5597 sinunt;
716 5533 833 5597 quae
860 5520 979 5597 istis
1014 5521 1521 5597 verbisjn_eapone
1552 5527 1902 5597 respondent,
1935 5526 2009 5597 μὴ

463 5590 706 5665 γίνεσθαι
739 5592 799 5665 ὲν
828 5590 984 5665 atth
1004 5591 1103 5653 τὰς
1143 5589 1238 5665 τοῦ
1264 5592 1399 5665 Θεοῦ
1438 5593 1798 5665 λειτουργίας.

537 5660 663 5731 (Ξίλ
691 5660 798 5731 Kal
841 5661 1052 5731 πλεῖον
1097 5662 1201 5714 τοῦ
1244 5662 1580 5729 ἀφορισμοῦ
1620 5660 2011 5731 ’κολασθήσε-

468 5745 580 5804 ta}.
629 5729 825 5804 Eclitio
853 5729 1175 5804 Parisiensis
1220 5732 1402 5804 legit,_
1432 5734 1532 5804 οὐκ
1587 5729 2012 5804 ἀφορισθήσεται

476 5799 658 5871 μόνον,
707 5802 843 5855 ἀλλὰ
886 5802 1147 5865 πλειόνως
1212 5799 1648 5874 κολασθήσεται,
1684 5799 1785 5858 non
1829 5799 2001 5858 solum

2119 5322 2497 5400 segregalgitur,
2536 5323 2805 5400 sed‘eljant
2837 5323 3006 5391 magis
3026 5323 3288 5400 punietur.
3525 5390 3558 5400 ﬁ
3625 5390 3635 5400 ε

2187 5393 2300 5461 (‘22)
2341 5394 2509 5445 Μόνα
2540 5393 2754 5448 τελεῖν.
2782 5390 2939 5447 Loco
2956 5394 3298 5461 sequentium
3324 5391 3490 5446 editio
3525 5390 3658 5461 Pari-

2118 5459 2319 5517 sie‘nsis
2367 5463 2448 5515 sic
2504 5463 2681 5523 habet,
2741 5464 2801 5515 Ὀ
2835 5459 3321 5530 μέντοίκραταιὸς
3372 5464 3464 5513 καὶ
3509 5459 3657 5537 ἅγιος

2118 5532 2273 5578 indm
2335 5530 2581 5578 ϐασιλεὺς
2633 5532 2721 5578 διὰ
2796 5532 3224 5578 νουσουὸούλλου
3297 5545 3658 5578 ποοσκυνιιτου

2115 5532 2273 5599 ἡμῶν
2334 5530 2581 5598 βασιλεὺς
2633 5532 2754 5614 διὰ-
2796 5532 3224 5601 χρυσουόούλλου
3297 5530 3649 5612 προσκυνητοῐ

2115 5600 2486 5685 ἀπολυθέντας
2511 5602 2653 5685 κατά
2689 5620 2830 5685 μηνα
2852 5602 3218 5685 (ξεβρουάριον
3250 5598 3649 5685 ίνδικτιιιῖνοςε,

2115 5672 2538 5740 ἐφιλοτιμήσατο
2558 5673 2715 5737 πᾶσι,
2744 5669 2853 5729 etc.
2873 5670 2944 5729 Ut
2966 5669 3018 5728 in
3040 5669 3142 5727 ms.
3166 5669 3656 5728 nostrO'BoJletano

2120 5738 2208 5794 hic
2235 5738 2521 5811 impresso.
