3992 6484
466 390 571 454 897

1580 394 1658 456 IN
1705 395 1870 480 CAN.
1902 397 1975 457 IV
2010 398 2282 458 SYNODI
2313 401 2417 460 VII
2450 403 2796 467 (ECUMEN.

3580 414 3687 477 898

465 507 835 580 προσωπικοϊς
894 507 1361 576 ἐκκλησιαστικοῖς
1429 509 1522 561 καὶ
1572 510 2010 580 μοναστηριακοῖι

2131 511 2233 564 Ιιυε
2255 514 2522 577 assident,
2563 518 2972 586 sacerdotibus;
3006 520 3097 576 sed
3161 522 3508 593 publicorum
3566 533 3690 601 qui-

466 601 939 672 προσκαθημένοις
967 600 1166 670 ἱερεῦσι
1191 616 1204 630 ο
1240 600 1378 670 πλὴν
1416 600 1522 653 τῶν
1554 600 1653 670 μὲν
1677 602 2037 677 δημοσιακῶν¹

467 696 657 766 ἱερέων
689 696 788 763 τὴν
822 695 1088 764 ποσότητα
1111 697 1196 749 διά
1247 697 1575 767 ἀπογραφῆς
1627 697 2025 770 ἐστενοχωρησε

463 789 556 842 διὰ
579 789 676 858 τὴν
701 787 858 858 δοχὴν
885 788 996 841 τῶν
1047 788 1513 858 συμπαθηθέντων
1553 789 1897 859 τελεσμάτων
1930 791 2026 844 αὑ-

461 882 596 944 τῶν,
656 880 796 933 ὥστε
835 884 912 943 είς
969 881 1027 934 τὸ
1080 881 1207 948 ἑξῆς
1257 879 1332 951 μὴ
1387 879 1751 946 αὐξάνεσθαι·
1813 882 1938 943 τοὺς
1968 881 2024 935 δὲ

464 971 849 1039 προσωπικοὺς
895 972 988 1024 καὶ
1014 971 1231 1033 λοιποὺς
1265 972 1428 1041 ἱερεῖς
1455 973 1553 1024 οὑκ
1603 972 1858 1042 εὑδὸκησε
1889 973 2024 1026 ἀπο-

461 1065 739 1132 γραφῆναι
767 1064 998 1126 πάντως,
1045 1062 1132 1115 διὰ
1161 1062 1218 1115 τὸ
1251 1062 1384 1133 μηδέ
1407 1062 1638 1130 ὀφείλειν
1668 1063 1911 1131 γίνεσθαι
1937 1062 2022 1116 δο-

460 1157 564 1226 χὴν
595 1157 730 1225 ὑπὲρ
757 1155 983 1208 τούτων.
1018 1155 1126 1208 Καὶ
1182 1156 1320 1225 μετά
1353 1173 1502 1218 τινας
1535 1156 1778 1226 χρόνους,
1834 1156 2023 1225 ἱερέων

459 1248 623 1300 τινῶν
643 1248 987 1318 δημοσιακῶν
1014 1248 1444 1316 ὑπερϐαινόντων
1475 1249 1570 1319 τὴν
1599 1250 1870 1316 ποσότητα
1890 1249 2018 1313 τῶν,

458 1341 535 1403 ὡς
566 1340 801 1410 εἴρηται,
855 1342 1148 1408 γεγονυιῶν
1183 1343 1538 1413 ἀπογραφῶν,
1593 1344 1686 1396 καὶ
1718 1343 2021 1411 ἑλκομένων

460 1437 541 1497 εἱς
580 1434 828 1488 ἀπόδοσιν
859 1435 1122 1502 πλωῖμων
1155 1434 1247 1488 καὶ
1282 1435 1482 1487 λοιπῶν
1513 1435 1860 1504 δημοσιακῶν
1891 1437 2022 1498 ἐπη-

464 1528 643 1594 ρειῶν,
681 1527 1002 1594 ὑπεμνήσθη
1035 1529 1061 1579 ὁ
1108 1527 1364 1595 κραταιὸς
1401 1528 1494 1578 καὶ
1552 1528 1702 1593 ἀγιος
1739 1526 1895 1595 ἡμῶν
1927 1525 2021 1593 βα-

461 1617 638 1680 σιλεὺς
665 1618 811 1686 παρά
843 1619 935 1671 τοῦ
987 1621 1104 1671 τότε
1135 1620 1440 1685 ἀγιωτάτου
1478 1618 1816 1688 πατριάρχου
1851 1617 2018 1687 κυροῦ

458 1713 662 1772 Λουκᾶ,
718 1714 811 1766 καὶ
844 1712 1180 1782 συνεζητήθη
1215 1713 1354 1764 κατὰ
1401 1712 1699 1781 πρόσταξιν
1733 1711 2018 1781 βασιλικὴν

458 1804 509 1854 εἱ
539 1802 852 1872 βοηθοῦνται
892 1804 939 1854 οἱ
963 1801 1193 1855 τοιοῦτοι
1235 1803 1556 1872 δημοσιακοὶ
1592 1804 1753 1871 ἱερεῖς
1779 1804 1885 1855 ἀπὸ
1925 1803 2016 1856 τοῦ

2131 603 2251 656 dem
2308 608 2650 662 sacerdotum
2708 613 3066 678 quantitatem
3115 613 3488 686 descriptione
3547 619 3691 677 facta

2131 694 2186 748 in
2252 705 2541 765 angustum
2599 700 2807 772 redegit
2852 712 3074 774 propter
3124 711 3535 778 susceptionem
3604 713 3686 768 eis

2131 775 2516 843 cencessorum
2580 793 2950 864 vectigalium,
2999 805 3058 851 ut
3118 797 3374 870 deinceps
3425 817 3532 856 non
3587 819 3688 858 au-

2130 886 2355 947 geatur:
2391 885 2705 950 personales
2729 896 2908 941 autem
2957 898 3011 943 et
3064 889 3304 959 reliquos
3366 895 3686 952 sacerdotes

2129 984 2239 1024 non
2269 986 2388 1028 esse
2417 974 2811 1033 describendos
2840 981 2888 1033 ei
2920 981 3097 1035 visum
3123 993 3209 1038 est
3267 986 3512 1050 omnino,
3546 1004 3688 1057 quo-

2127 1061 2272 1116 niam
2305 1064 2448 1119 nu‘lla
2476 1082 2574 1136 pro
2609 1069 2674 1121 iis
2699 1084 2821 1125 esse
2848 1073 3073 1128 deberet
3105 1078 3322 1145 penitus
3385 1083 3683 1147 susceptio.

2127 1151 2263 1206 Cum
2305 1164 2482 1210 autem
2536 1160 2816 1230 aliquanto
2875 1174 2995 1233 post
3047 1175 3312 1236 tempore,
3372 1173 3687 1229 sacerdotes

2126 1245 2596 1317 quidem'publici,
2629 1253 2717 1320 qui
2755 1257 3114 1321 quantitatem
3163 1258 3456 1329 factarum,
3492 1275 3550 1317 ut
3607 1266 3688 1318 di-

2126 1348 2273 1392 ctum
2304 1348 2409 1405 est,
2445 1340 2881 1411 descriptionum
2931 1350 3288 1417 excedebant,
3346 1355 3411 1408 ad
3465 1358 3684 1410 nautica

2127 1430 2381 1484 solvenda
2432 1441 2486 1485 et
2544 1435 2752 1504 reliqua
2809 1453 2974 1490 onera
3028 1429 3248 1509 publica
3303 1445 3684 1515 traherentur,

2124 1523 2490 1576 commonitus
2527 1534 2608 1578 est
2645 1535 2838 1594 potens
2883 1539 2935 1582 et
2978 1542 3202 1587 sanctus
3256 1544 3444 1589 noster
3507 1539 3682 1609 impe-

2128 1620 2271 1663 rator
2301 1627 2331 1663 a
2355 1614 2707 1668 sanctissimo
2735 1626 2866 1672 tunc
2919 1625 3179 1690 temporis
3233 1627 3541 1693 patriarcha
3586 1631 3683 1684 do-

2125 1703 2270 1755 mino
2297 1701 2458 1769 Luca,
2497 1715 2551 1758 et
2582 1710 2874 1774 quaesitura
2907 1720 2990 1766 est
3021 1715 3179 1780 jussu
3206 1719 3555 1786 imperatoris
3603 1737 3672 1777 an

2126 1793 2176 1846 hi
2213 1796 2411 1864 publici
2440 1801 2749 1854 sacerdotes
2789 1818 2816 1854 a
2840 1804 2982 1857 dicta
3010 1807 3187 1860 Aurea
3214 1807 3363 1861 Bulla
3397 1812 3678 1878 jurenlur,

458 1893 714 1963 ῥηθέντος
768 1893 1180 1962 χρυσοϐούλλου,
1221 1897 1300 1957 είς
1349 1896 1408 1946 τὸ
1435 1894 1848 1958 ἐξκουσεύεσθαι
1876 1896 2010 1958 τέως

2117 1892 2170 1936 et
2211 1886 2443 1953 publicis
2472 1889 2735 1945 oneribus
2773 1892 2989 1946 interim
3021 1909 3383 1952 excusentur:
3420 1903 3679 1971 synodice

453 1987 565 2039 ἀπὸ
591 1986 699 2038 τῶν
736 1985 1082 2056 δημοσιακῶν
1134 1987 1404 2058 ἐπηρειῶν
1427 2002 1441 2017 ο
1472 1984 1768 2054 διεγνὼσθη
1812 1987 2015 2037 συνοδι-

454 2076 568 2137 κῶς
597 2076 740 2146 ἔχειν
765 2077 886 2139 τοὺς
914 2076 1190 2138 τοιούτους
1217 2079 1377 2147 ἱερεῖς
1415 2079 1549 2139 τέως
1573 2078 1670 2146 τὴν
1700 2078 2012 2142 ἐξκουσείαν

453 2169 562 2224 ἀπὸ
600 2168 708 2222 τῶν
745 2169 1036 2240 ἐπηρειῶν.
1086 2165 1216 2220 Eine
1272 2167 1380 2237 γάρ
1421 2169 1452 2234 ἡ
1503 2169 1634 2235 ἁγία
1689 2166 1903 2230 σύνοδος
1931 2168 2012 2218 ὅτι

455 2265 551 2316 καὶ
609 2263 715 2315 ἀπὸ
775 2265 866 2315 τοῦ
925 2261 1232 2331 προοιμίου,
1281 2260 1413 2314 ἀλλὰ
1447 2259 1553 2330 μὴν
1604 2260 1696 2314 καὶ
1753 2261 1860 2311 ἀπὸ
1916 2259 2008 2313 τοῦ

454 2356 872 2422 ἐξκουσεύεσοαι
930 2355 1134 2417 πάντας
1195 2354 1321 2416 τοὺς
1392 2352 1779 2422 προσωπικοὺς
1842 2352 2009 2423 ἱερεῖς

462 2448 594 2516 μηδέ
624 2445 1108 2514 ἀπογραφομένους
1147 2446 1470 2513 παρίσταται
1507 2442 1749 2512 ἐναργῶς
1782 2443 1880 2514 τὴν
1911 2444 2008 2513 βα-

458 2538 669 2608 σιλικὴν
696 2539 1013 2607 εὐεργεσίαν
1052 2536 1185 2604 πρὸς
1218 2537 1422 2597 πάντας
1453 2535 1846 2606 ὑφαπλωθῆναι
1876 2536 2005 2598 τοὺς

456 2631 648 2701 ἱερεῖς’
698 2631 880 2684 ἄδικον
903 2630 948 2682 δ’
975 2629 1202 2696 ἔφασαν,
1240 2628 1336 2681 καὶ
1366 2627 1466 2696 τῆς
1514 2627 1802 2697 βασιλικῆς
1844 2630 2003 2699 εὑερ-

456 2722 647 2791 γεσὶας
697 2720 998 2790 ἀλλότριον,
1029 2719 1250 2782 τούτους
1297 2719 1415 2788 μὲν,
1456 2719 1532 2789 τῷ
1564 2720 1807 2790 δημοσίῳ
1839 2720 2006 2790 μηδὲν

457 2812 930 2884 συνεισφέροντας,
960 2810 1377 2877 ἐξκουσεύεσθαι
1426 2811 1511 2863 διὰ
1568 2812 1667 2879 τὴν
1714 2812 1878 2884 τιμὴν
1906 2813 2008 2884 τῆς

457 2907 755 2977 ἱερωσύνης
775 2922 791 2938 ⁸
822 2905 1063 2968 ἐκείνους
1085 2889 1164 2967 δὲ,
1194 2903 1449 2966 τελεστᾶς
1484 2905 1644 2966 ὄντας
1695 2904 1786 2956 τοῦ
1833 2906 2004 2976 δημο-

457 3002 592 3065 σίου,
624 2998 1047 3069 ἐπηρεάζεσθαι,
1079 2997 1174 3050 καὶ
1211 2996 1308 3065 τὴν
1355 2998 1418 3048 ἐκ
1465 2996 1561 3066 τῆς
1599 2997 1896 3067 ἱερωσύνης
1929 2999 2005 3069 μὴ

455 3093 599 3163 ἔχειν
629 3090 974 3161 περίθαλψιν,
1006 3088 1134 3143 me
1176 3088 1317 3142 κατά
1363 3088 1489 3150 τοὺς
1539 3087 1757 3150 λαῖκοὺς
1787 3088 2007 3142 εὐθύνει-

456 3186 600 3240 σθαι.
640 3183 749 3236 Καὶ
777 3183 1048 3252 ἀνάγνωθι
1070 3181 1130 3234 τὸ
1163 3180 1305 3235 κατά
1340 3182 1430 3234 τὸν
1469 3180 1686 3284 Ἰούλιον
1724 3183 1869 3251 μῆνα
1889 3183 2000 3284 ,τῆς
2031 3223 2077 3284 C

454 3283 504 3330 at'
527 3276 853 3338 ἱνδικτιῶνος
881 3273 976 3327 τοῦ
1017 3279 1127 3343 ςχν,
1153 3274 1306 3337 ἔτους
1343 3274 1566 3342 γεγονὸς
1609 3274 1771 3344 χάριν
1813 3273 2002 3326 τούτου

457 3367 726 3421 συνοδικδν
760 3382 825 3434 ση
834 3366 1068 3435 μείωμα.

527 3461 768 3514 ΖΩΝΛΡ.
810 3459 851 3510 Τ
855 3457 883 3512 ὸ
911 3459 1160 3511 ἀπαιτεῖν
1189 3455 1276 3509 τδν
1323 3455 1584 3528 ἀρχιερέα
1631 3457 1753 3518 τοὺς
1784 3455 1876 3509 ὑπ’
1910 3457 2008 3510 αὑ-

453 3553 544 3606 τὸν
567 3551 762 3604 διδόναι
791 3566 844 3601 τι
869 3547 1016 3617 αὑτῷ
1043 3547 1218 3618 πάντη
1248 3547 1445 3601 κωλύει
1485 3549 1512 3599 ό
1561 3548 1760 3610 κανὼν,
1798 3551 1891 3602 καὶ
1916 3551 2006 3602 τὸν

458 3644 628 3714 μέγαν
657 3641 867 3694 Παῦλον
917 3641 1124 3705 εἰσάγει
1167 3640 1425 3707 λέγονται⁶
1477 3641 1767 3706 Χρυσίου.
1807 3641 1844 3709 ἢ
1902 3642 2008 3708 dp-

453 3735 683 3802 τυρὶου,
714 3731 752 3801 ἢ
808 3732 1123 3800 ἱματισμοῦ
1170 3732 1416 3797 οὐδενὸς
1444 3731 1811 3802 ἐπεθύμησα,
1843 3734 2008 3786 τύπον

456 3825 645 3878 ἐαυτὸν
678 3824 770 3877 καὶ
804 3823 1101 3891 ὑπόδειγμα
1146 3823 1278 3874 πᾶσι
1317 3821 1548 3887 διδόντα,
1589 3824 1669 3875 ὅτι
1714 3823 1853 3876 οὕτω
1901 3823 2006 3894 χρὴ

454 3923 580 3979 τοὺς
612 3916 831 3978 πιστοὺς
891 3912 1312 3984 ἀνατρέφεσθαι,
1342 3915 1435 3966 καὶ
1487 3915 1792 3976 κοπιῶντας
1851 3917 2001 3968 ἀντι-

455 4005 825 4074 λαμϐάνεσθαι
875 4004 983 4058 τῶν
1044 4003 1321 4057 ἀσθενῶν*
1383 4006 1624 4070 ἀσθενεῖς
1665 4007 1895 4060 ἐνταῦθα
1943 4008 2004 4061 οὐ

453 4098 578 4159 τοὺς
619 4094 902 4157 νοσοῦντας
946 4094 1139 4164 δηλῶν,
1175 4095 1308 4150 ἀλλά
1367 4097 1569 4160 πάντας
1602 4099 1724 4159 τοὺς
1760 4097 2007 4168 ὁπωσδή-

454 4206 580 4242 ποτε
611 4188 893 4257 δεομένους
927 4187 1128 4250 ἐλέους.
1148 4187 1206 4238 Εί
1231 4187 1286 4239 δὲ
1312 4189 1444 4241 πᾶσι
1476 4188 1646 4241 ταῦτα
1675 4189 1999 4252 ἐντέλλεται,

455 4279 632 4349 πολλῷ
664 4279 861 4349 μᾶλλον
889 4278 954 4332 ἂν
981 4281 1092 4340 τοῖς
1121 4278 1438 4340 ἐπισκόποις
1469 4281 1821 4350 ἀρμόσουσιν.
1858 4281 2004 4352 ’0ρὶ-

455 4375 536 4438 ζει
566 4370 657 4426 οὖν
689 4374 762 4443 μὴ
793 4377 1093 4442 προφάσεις
1141 4371 1508 4440 πλαττόμενον
1557 4358 1626 4424 διὂ
1682 4375 2005 4444 αἰσχροκερ-

454 4466 599 4518 δειαν
631 4464 723 4516 τὸν
776 4464 1071 4516 ἐπίσκοπον
1122 4463 1369 4514 ἀπαιτεῖν
1420 4463 1526 4516 ἀπὸ
1570 4465 1677 4517 τῶν
1715 4465 1811 4518 ὑπ’
1842 4467 2004 4518 αὑτὸν

2122 1976 2405 2030 delinitum
2433 1990 2535 2042 est,
2594 1982 2725 2036 tales
2787 1987 3102 2041 sacerdotes
3151 1993 3559 2046 excusationem
3611 1998 3680 2049 ab

2121 2067 2378 2121 oneribus
2403 2069 2621 2124 habere.
2652 2070 2798 2134 Dixit
2830 2074 2978 2127 enim
3013 2088 3206 2130 sancta
3232 2082 3495 2148 synodus.
3529 2084 3677 2151 quod

2120 2167 2175 2213 et
2204 2175 2268 2213 ex
2299 2163 2585 2229 prooemio.
2619 2173 2750 2218 etex
2786 2181 2850 2219 eo
2899 2168 3083 2234 etiam,
3135 2172 3278 2240 quod
3330 2189 3519 2230 omnes
3580 2191 3676 2231 ac-

2117 2261 2382 2306 cusantur
2473 2256 2787 2324 personales
2871 2262 3186 2315 sacerdotes
3273 2267 3488 2319 etiamsi
3561 2284 3671 2322 non

2119 2345 2542 2412 describantur,
2606 2349 2888 2405 evidenter
2972 2355 3318 2419 ostenditur,
3399 2360 3678 2426 imperiale

2120 2435 2443 2492 beneﬁcium
2475 2441 2538 2493 ad
2569 2456 2759 2496 omnes
2779 2444 2995 2498 extendi
3033 2451 3368 2503 sacerdotes.
3407 2453 3674 2520 Intnslum

2119 2539 2299 2583 autem
2336 2545 2455 2585 esse
2494 2533 2767 2595 dicebant,
2795 2545 2848 2588 et
2886 2536 2955 2589 ab
3005 2539 3267 2608 imperiali
3320 2544 3675 2598 benelicentia

2116 2621 2457 2688 alienum,ut
2501 2626 2592 2695 qui
2645 2629 2861 2693 publico
2911 2629 3128 2698 quidem
3174 2633 3308 2685 nihil
3361 2634 3669 2698 conferunt.

2117 2726 2339 2784 propter
2361 2718 2646 2770 sacerdotii
2680 2720 2934 2773 honorem
2963 2735 3325 2778 excusentnr:
3356 2726 3431 2779 illi
3463 2739 3669 2794 autem,

2112 2809 2207 2879 qui
2267 2809 2485 2878 publico
2508 2810 2844 2874 deserviunt,
2897 2816 3296 2881 Opprimantur.
3365 2825 3419 2870 ct
3474 2834 3540 2871 ex
3582 2833 3670 2872 sa-

2117 2901 2360 2953 cerdotio
2388 2916 2493 2954 non
2524 2901 2762 2955 habeant
2800 2905 3078 2969 solatium,
3121 2907 3213 2959 sed
3246 2907 3468 2975 perinde
3509 2924 3573 2962 ac
3624 2909 3671 2965 si

2116 3001 2299 3046 essent
2335 2993 2477 3058 laici,
2525 2993 2577 3046 in
2613 2993 2823 3062 judicio
2885 3005 3165 3051 vexentur.
3224 2998 3290 3051 Et
3348 3000 3462 3068 lege
3519 3016 3664 3065 eam,

2116 3099 2235 3152 quae
2271 3084 2322 3138 in
2349 3083 2494 3138 Julio
2526 3102 2719 3156 .mense
2749 3087 2920 3156 prima
2965 3087 3268 3144 indictione
3324 3105 3469 3146 anno
3518 3093 3660 3148 6600

2115 3176 2254 3231 facta
2282 3188 2384 3242 est,
2411 3179 2477 3232 de
2512 3184 2609 3233 hac
2641 3196 2698 3234 re
2727 3181 3170 3238 declarationem.

2176 3448 2335 3518 292
2351 3449 2597 3505 ZONAR.
2624 3450 2839 3522 Aliquid
2866 3456 3179 3526 episcopum
3201 3460 3284 3512 sui
3308 3461 3664 3518 emolumenti

2113 3552 2276 3591 caiisa
2307 3561 2331 3590 ει
2364 3540 2464 3594 sibi
2489 3543 2750 3610 subjectis
2792 3546 3009 3614 exigere
3069 3547 3156 3601 hic
3215 3565 3390 3605 canon
3439 3557 3666 3610 omnino

2113 3640 2278 3694 vetat,
2317 3634 2924 3701 magnumquePaulum
2965 3640 3035 3691 ita
3091 3640 3158 3694 de
3213 3657 3271 3696 se
3347 3646 3660 3712 loquentem

2114 3719 2348 3776 inducit:
2385 3727 2606 3788 Aurum,
2639 3740 2731 3782 aut
2765 3740 3063 3795 argentum,
3100 3741 3192 3783 aut
3230 3743 3420 3787 vestem
3462 3737 3662 3790 nullius

2112 3816 2413 3881 Concupivi;
2448 3824 2505 3868 ut
2565 3832 2663 3870 suo
2729 3819 2959 3887 ipsemet
2984 3824 3256 3890 exemplo,
3303 3827 3554 3882 omnibus
3596 3829 3661 3881 ad

2113 3902 2435 3957 imitandum
2484 3909 2805 3975 proposito,
2869 3909 3122 3963 eumdem
3179 3913 3302 3966 vita:
3373 3929 3590 3969 cursum
3630 3931 3660 3971 a

2116 3994 2361 4048 lidelibus
2414 3995 2797 4062 retinendum,
2877 4015 2939 4052 ac
2998 4002 3222 4056 assidue
3273 4004 3661 4063 laborantibus

2113 4084 2447 4137 inﬁrmorum
2489 4100 2676 4139 curam
2728 4088 3130 4155 suscipiendam
3188 4106 3309 4146 esse
3354 4110 3662 4152 commone-

2111 4175 2721 4230 faceretzinﬁrmornm
2778 4182 3171 4249 appellatione,
3205 4187 3304 4237 hoc
3359 4185 3498 4249 loco,
3551 4205 3660 4244 non

2109 4269 2200 4336 qui
2227 4267 2414 4320 morbo
2453 4269 2636 4337 aliquo
2673 4279 2951 4333 tenentur,
2979 4275 3070 4326 sed
3113 4288 3302 4328 omnes
3344 4277 3436 4345 qui
3491 4277 3659 4335 mise-

2109 4359 2339 4413 ricordia
2422 4361 2922 4432 quoinodocunque
2979 4363 3262 4433 indigent,
3318 4368 3649 4438 intelligens.

2110 4452 2261 4517 Quod
2293 4451 2337 4506 si
2374 4452 2485 4508 haec
2525 4454 2800 4508 universis
2849 4456 2923 4508 ita
2987 4458 3323 4527 prtecipitur,
3379 4477 3440 4514 ea
3487 4464 3659 4518 niulto

453 4559 619 4610 ὅντων
659 4555 992 4620 ἐπισκόπων,
1028 4552 1320 4624 κληρικῶν,
1348 4552 1380 4623 ἢ
1415 4553 1681 4623 μοναχῶν,
1715 4556 1936 4624 χρυσὸν,
1970 4556 2000 4626 ἢ

2114 4548 2570 4603 accommodatius
2591 4550 2865 4619 episcopis
2893 4551 3286 4607 arbitrabimur
3344 4558 3656 4613 convenire.

453 4651 708 4720 ἄργυρον,
731 4647 763 4718 ἢ
789 4648 972 4715 ἓτερον
990 4641 1144 4708 εἶδος.
1174 4645 1384 4708 Ἀδικος
1413 4646 1539 4716 γάρ,
1564 4647 1743 4716 φησὶν,
1769 4648 1801 4718 ἡ
1825 4647 2004 4700 τοιαύ-

452 4760 518 4813 τη
544 4743 836 4811 ἀπαὶτησις
860 4755 872 4768 ·
907 4739 1097 4792 ἄδικοι
1126 4738 1192 4791 δὲ
1214 4739 1544 4801 ,ϐασιλείαν
1576 4739 1721 4792 Θεοῦ
1757 4742 1827 4793 οὺ
1859 4747 2004 4806 κλη-

448 4833 882 4901 ρονομήσουσι.
923 4832 1030 4884 Καὶ
1089 4832 1199 4883 οὐκ
1263 4831 1487 4898 ὀφείλει
1531 4831 1600 4883 τὰ
1650 4829 1830 4883 τέκνα
1879 4831 2001 4896 τοῖς

454 4925 695 4995 γονεῦσι
723 4923 1115 4992 θησαυρίζειν.
1139 4923 1276 4977 ἀλλ’
1297 4926 1351 4977 οἱ
1378 4922 1572 4991 γονεῖς
1601 4923 1724 4989 τοῖς
1751 4926 2001 4988 τέκνοις.

456 5018 563 5070 Καὶ
596 5015 767 5068 ταῦτα
809 5017 863 5068 δέ
893 5013 1220 5067 ἀποστολικὰ
1252 5015 1319 5066 τά
1366 5014 1521 5084 ρητά.
1552 5015 1610 5066 El
1658 5014 1787 5081 γοῦν
1839 5017 2001 5067 ἀπαι-

455 5107 562 5160 τῶν
590 5123 672 5168 τις
706 5105 997 5166 ἐπίσκοπος
1049 5103 1171 5164 τοὺς
1203 5102 1293 5154 ὑπ’
1321 5101 1480 5154 αὑτὸν
1503 5101 1818 5170 οἰονδήποτε
1854 5101 1998 5170 πρᾶ-

417 5170 419 5172 ¹
456 5214 594 5267 γμα,
649 5197 743 5248 καὶ
778 5197 850 5265 μὴ
908 5193 1173 5256 εὐπειθεῖς
1209 5194 1474 5262 εὑρίσκων
1500 5193 1712 5254 αὑτοὺς,
1747 5192 2002 5262 ἀφορίσει

455 5290 648 5350 αὑτοὺς
671 5287 704 5356 ἢ
739 5286 804 5338 δι’
837 5285 1135 5356 ἐμπάθειαν
1162 5284 1372 5351 ἑτέραν,
1397 5281 1429 5351 ἢ
1457 5280 1658 5334 κλείσει
1684 5280 1830 5344 ναὸν,
1863 5278 2003 5332 ὥστε

461 5380 532 5449 μὴ
552 5377 795 5447 γίνεσθαι
819 5379 876 5429 ὲν
904 5376 1049 5443 αὑτῷ
1073 5376 1166 5437 τὰς
1201 5373 1529 5444 ἱερουργίας,
1558 5376 1636 5434 εὶς
1659 5371 2001 5444 ἀναίσθητον,

454 5475 545 5524 τὸν
583 5472 708 5525 ναὸν
741 5469 960 5541 δηλαδὴ,
990 5469 1087 5540 τὴν
1141 5467 1310 5538 ὀργὴν
1342 5466 1531 5529 αὑτοῦ,
1565 5467 1631 5538 ἢν
1664 5465 1866 5534 μανίαν
1911 5465 2000 5520 διὰ

455 5565 514 5615 τὸ
540 5564 681 5617 πάνυ
710 5562 934 5632 σφοδρὸν
969 5562 1062 5613 καὶ
1088 5559 1395 5628 παράλογον
1437 5557 1738 5627 ὠνόμασεν,
1766 5557 2004 5628 ἐπιπέμ-

459 5671 595 5721 πων,
629 5653 947 5724 ἀναὶσθητός
976 5654 1110 5712 ἐστι,
1151 5649 1306 5719 φησὶ,
1363 5651 1456 5703 καὶ
1511 5651 1578 5720 τῇ
1636 5647 2005 5718 ταυτοπαθεὶᾳ

457 5747 824 5812 ὑποκείσεται,
851 5747 1018 5816 ἤγουν
1073 5743 1517 5814 ἀφορισθήσεται,
1550 5741 1644 5794 καὶ
1689 5740 1718 5794 ὃ
1772 5742 1996 5812 ἐποίησε

456 5838 602 5908 πάθῃ
635 5841 662 5890 ὁ
720 5839 815 5906 μὲν
849 5837 1141 5898 ἐπίσκοπος
1199 5845 1344 5904 παρα
1375 5833 1765 5904 μητροπολὶτου
1805 5832 1995 5899 αὑτοῦ,

2110 4638 2313 4692 Statuit
2344 4639 2530 4709 igitur,
2605 4657 2671 4695 ne
2722 4643 2851 4712 quid
2915 4645 3233 4714 episcopus,
3298 4651 3473 4716 turpis
3521 4648 3656 4704 lucri

2106 4731 2274 4801 gratia
2293 4733 2780 4787 commentitiarum
2814 4750 3106 4790 causarum
3136 4738 3398 4802 obtentu,
3458 4754 3488 4792 a
3528 4741 3659 4794 sub-

2101 4823 2256 4889 jectis
2281 4822 2384 4876 sibi
2426 4825 2723 4894 episcopis,
2762 4827 2980 4881 clericis
3021 4839 3117 4882 aut
3170 4830 3480 4897 monachis,
3539 4833 3656 4888 sive

2104 4930 2322 4981 aurutn,
2374 4915 2490 4970 sive
2545 4925 2877 4986 argentum,
2937 4921 3054 4974 sive
3130 4923 3274 4975 aliud
3329 4923 3605 4993 quidpiam
3637 4962 3654 4990 ,

2105 5009 2301 5078 exigat.
2363 5007 2568 5077 lnjusta
2621 5009 2764 5063 enim
2826 5011 3121 5081 ejusmodi,
3175 5015 3372 5084 inquit,
3442 5017 3658 5069 exactio

2102 5110 2220 5154 est:
2286 5099 2475 5167 injuin
2519 5114 2675 5167 porro
2737 5117 2953 5170 regnum
2998 5104 3092 5158 Dei
3143 5123 3245 5160 non
3299 5108 3655 5171 possidebunt.

2101 5190 2286 5262 Neque
2308 5205 2433 5244 vero
2461 5190 2640 5244 debent
2667 5191 2767 5260 ﬁlii
2793 5197 3098 5259 parentibus
3140 5198 3413 5252 thesauros
3473 5216 3656 5252 recon-

2106 5281 2250 5346 dere,
2280 5282 2367 5334 sed
2392 5291 2630 5350 parentes
2667 5283 2814 5346 ﬁliis,
2840 5285 2975 5338 idetn
3007 5287 3082 5340 ait
3104 5288 3418 5358 Apostolus.
3448 5289 3503 5342 Si
3532 5289 3656 5359 quis

2104 5375 2268 5446 igitur
2295 5376 2583 5445 episcopus
2607 5378 2855 5433 subditos
2884 5395 3035 5443 suos,
3062 5383 3202 5450 quod
3232 5382 3279 5435 ei
3344 5398 3456 5435 rem
3513 5396 3654 5450 qua-

2103 5466 2425 5537 lemcunque
2445 5469 2658 5523 demum
2692 5472 2984 5540 postulanti
3008 5488 3115 5526 non
3136 5475 3655 5542 obtemperaverint,

2104 5557 2186 5613 vel
2211 5558 2315 5612 alia
2376 5559 2628 5627 quapiam
2684 5563 2850 5616 animi
2914 5565 3320 5633 perturbatione
3371 5564 3648 5628 incitatus.

2103 5657 2371 5720 segreget,
2412 5650 2495 5704 vel
2525 5651 2809 5721 templum,
2841 5667 3119 5708 sacrorum
3174 5653 3525 5707 celebrationi
3550 5654 3655 5709 im-

2101 5741 2401 5812 pediendae,
2440 5741 2724 5808 clauserit,
2765 5743 2822 5797 in
2855 5759 2968 5798 rem
3000 5758 3162 5798 sensu
3188 5751 3487 5808 carentem,
3519 5751 3656 5799 tem-

2061 5843 2063 5848 ‘
2103 5836 2250 5906 plum
2267 5834 2492 5902 scilicet,
2509 5833 2645 5890 iram
2666 5848 2824 5906 quam
2843 5849 2906 5892 eo
2922 5836 3066 5904 quod
3080 5835 3367 5892 vehemens
3379 5844 3433 5892 et
3447 5836 3656 5908 absque
