3992 6484
380 430 487 495 899
1598 420 1880 484 THEOD.
1905 421 2306 486 BALSAMON
3494 419 3594 483 900

385 542 601 600 ratione
634 542 889 605 suscepta
917 535 988 593 sit
1028 531 1607 605 fureremiappellavit,
1640 531 1950 599 eﬂundens,

2066 536 2083 588 5
2110 533 2166 588 δὲ
2197 531 2465 605 μητροποῖ
2479 533 2599 603 ίτης
2631 531 2779 602 παρά
2833 530 2928 585 τοῦ
2976 529 3330 601 πατριάρχου,
3356 522 3441 595 οἷς
3471 529 3597 585 ὑπό.

377 652 542 692 sensn
579 638 697 707 ipse
723 648 932 693 carere.
954 630 1153 702 inquit,
1183 626 1584 681 existimandus
1615 632 1721 689 est,
1760 639 1942 693 poena-

2066 641 2279 690 ιεινται,
2320 631 2415 677 καὶ
2448 624 2770 693 ἐπιστρέψει
2797 624 2826 674 6
2860 625 3020 687 πόνος
3048 620 3215 676 αὐτοῦ
3244 623 3324 685 είς
3356 621 3597 692 κεφαλὴν

377 744 486 801 que
536 728 781 795 talionis,
839 728 943 781 hoc
994 730 1080 781 est
1128 719 1511 793 segregatione
1564 716 1937 783 damnabitur,

2066 715 2229 781 ιύτοῦ,
2264 718 2342 780 ὡς
2368 716 2683 787 παραὸάτου
2740 715 2962 785 ἐντολῆς
3001 715 3136 768 Θεοῦ
3173 715 3265 768 καὶ
3305 712 3419 766 τῶν
3456 715 3590 767 ἀπο·

381 821 639 894 qttodque
679 823 796 891 ipse
829 812 977 881 fecit,
1028 817 1316 886 episc0pus
1357 808 1578 881 quidem
1632 820 1661 860 a
1696 821 1800 861 suo
1832 824 1941 863 tue-

2066 809 2304 862 ιτολικῶν
2339 808 2652 873 δατᾶξεων.
2679 808 2789 863 Καὶ
2827 807 2951 876 ἑξῆς
2983 807 3163 876 τίθησι
3194 807 3262 860 τὲ
3316 806 3410 859 τοῦ
3443 822 3597 875 κορυ-

382 915 735 984 tropolitano,
798 910 1250 981 metropolitanus
1282 916 1461 961 autem
1525 922 1555 960 a
1611 901 1942 977 patriarcha,

2066 902 2206 970 ράίου
2241 900 2346 955 τῶν
2374 900 2684 955 ἀποστόλων
2722 900 2929 969 Πέτρου
2964 900 3126 969 ῥητὰ,
3149 899 3185 953 ἀ
3217 902 3275 952 ὲν
3311 902 3381 969 τῇ
3407 898 3595 969 πρώτῃ

380 1006 580 1076 quibus
616 1005 985 1073 subjiciuntur
1032 1002 1289 1072 patietur,
1328 1008 1382 1053 et
1428 1006 1733 1051 revertetur
1791 996 1941 1047 labor

2066 989 2152 1042 τῶν
2175 989 2496 1045 Καθολικῶν
2534 989 2699 1043 αὑτοῦ
2726 990 3059 1043 Ἐπιστολῶν
3091 993 3423 1059 γέγραπται.

380 1095 554 1165 ipsius
596 1095 648 1148 in
679 1103 844 1164 caput
870 1093 1012 1163 ejus,
1051 1091 1253 1163 quippe
1285 1090 1379 1160 qui
1436 1088 1523 1142 Dei
1574 1085 1848 1141 mandatis
1888 1090 1942 1138 et
1976 1083 2465 1137 constitutionibus
2520 1082 2831 1152 apostolicis
2904 1096 3249 1151 nequaquam
3332 1085 3620 1150 olitempeo-

380 1192 602 1247 raverit.
643 1188 773 1244 Post
805 1189 919 1242 haec
952 1204 1103 1255 vero,
1137 1184 1511 1255 apostolorum
1534 1182 1805 1256 coryphaei
1836 1177 1978 1234 Petri
2010 1179 2195 1242 verba,
2219 1195 2284 1233 ex
2312 1180 2488 1250 ipsius
2532 1179 2706 1248 prima
2739 1177 2979 1248 Epistola
3035 1178 3336 1241 Catholica,
3370 1178 3584 1247 subjirit

378 1280 603 1342 ARIST.
678 1298 697 1331 ι
732 1280 1071 1344 Statuimus,
1124 1285 1183 1331 ut
1238 1273 1530 1347 episc0pits
1589 1289 1809 1338 aurum,
1853 1277 1947 1325 aut

2066 1267 2269 1322 lPlST.
2318 1286 2336 1321 ι
2382 1268 2666 1340 Ὀρξζομεν
2714 1271 2839 1339 μηδ’
2882 1269 3023 1339 ὅλως
3056 1270 3433 1339 ὲπιλογείσθαι
3483 1278 3598 1331 ἐπί-

454 1395 473 1428 ε
502 1386 813 1446 argentum,
871 1371 956 1426 vel
1005 1370 1149 1425 aliud
1212 1369 1491 1440 quidpiam
1535 1368 1605 1422 ab
1649 1366 1942 1437 episcopis.

455 1485 475 1519 ι
505 1465 721 1523 clericis
756 1472 850 1517 aut
888 1460 1175 1516 monachis
1237 1461 1339 1515 sibi
1404 1458 1670 1530 subjectis
1727 1458 1947 1528 exigere

451 1580 471 1614 ι
514 1572 860 1627 nequaquam
902 1555 1201 1625 excogitet.
1236 1552 1440 1622 Siquis
1492 1552 1659 1620 igitur
1679 1566 1777 1622 per
1803 1548 1945 1615 auri,

457 1673 478 1707 ι
516 1664 608 1705 attt
639 1650 779 1705 alius
829 1647 1074 1715 cujusvis
1112 1647 1185 1700 rei
1235 1646 1529 1707 actionem,
1567 1645 1648 1699 vel
1696 1660 1791 1715 per
1823 1658 1947 1713 pro-

463 1763 481 1796 ι
522 1742 698 1812 priam
764 1754 921 1793 suam
970 1736 1340 1800 aﬂ'ectiouem,
1376 1733 1690 1806 quempiam
1723 1748 1791 1788 ex
1850 1732 1945 1797 iis,

461 1855 479 1888 ι
518 1838 608 1904 qui
640 1834 741 1887 sibi
783 1829 1172 1901 subjiciuntur,
1212 1828 1426 1883 clericis
1457 1842 1486 1880 a
1543 1841 1825 1882 sacrorum
1860 1839 1950 1879 ce-

2117 1378 2137 1413 ι
2186 1376 2388 1415 σκοπον
2432 1364 2683 1415 ἀπαιτεῖν
2717 1362 2938 1431 χρυσὸν,
2970 1362 3004 1432 ἢ
3048 1362 3314 1431 ἀργυροι,
3341 1364 3375 1433 ἢ
3420 1364 3601 1431 ἕτερον

2119 1473 2138 1509 t
2182 1452 2343 1521 εἶδος,
2388 1459 2513 1520 τοὺς
2544 1459 2639 1511 ὑπ’
2668 1458 2831 1512 αὑτὸν
2878 1459 3231 1523 ἐπισκόπους,
3254 1460 3288 1528 ἢ
3322 1459 3605 1528 κληρικοὺς

2129 1564 2149 1600 t
2194 1547 2227 1617 ἢ
2265 1546 2558 1617 μοναχούε.
2595 1549 2661 1600 Et
2690 1565 2773 1612 τις
2802 1544 2894 1601 οῦν
2928 1548 2995 1600 δι’
3029 1545 3332 1617 ἀπαίτησιν
3384 1548 3600 1619 χρυσοῦ,

2129 1657 2148 1691 ι
2192 1637 2229 1709 ἢ
2258 1639 2443 1710 ἑτέρου
2476 1640 2671 1705 είδους,
2704 1639 2740 1708 ἢ
2775 1640 2863 1693 διά
2897 1658 3022 1695 τινα
3056 1642 3417 1706 ίδιοπάθτιαν,
3446 1643 3604 1712 εὐρε-

2124 1748 2143 1785 t
2185 1731 2307 1803 θείη
2361 1733 2641 1803 ἁπείργων
2692 1732 2790 1802 τῆς
2837 1732 3200 1805 λειτουργίας,
3246 1738 3279 1807 ἢ
3331 1736 3606 1807 ἀφορίζων

2126 1842 2145 1879 ι
2190 1827 2311 1879 τινὰ
2350 1824 2461 1880 τῶν
2505 1826 2599 1879 ὑπ’
2635 1826 2797 1880 αὐτὸν
2843 1827 3203 1899 κληρικῶν,ῆ
3259 1830 3461 1882 σεπτὸν
3488 1832 3608 1884 ναὸν

458 1944 478 1977 ι
517 1924 820 1979 lebratione
853 1935 1065 1985 arcere,
1098 1918 1183 1973 vel
1248 1916 1620 1973 venerandum
1660 1916 1943 1985 templum,

2124 1935 2144 1970 ι
2192 1918 2411 1983 κλείων,
2459 1918 2535 1990 μὴ
2568 1919 2815 1987 γίνεσθαι
2854 1922 2914 1973 ὲν
2958 1920 3106 1991 αὐτῷ
3164 1922 3263 1984 τάς
3315 1922 3468 1993 ἱερὰς
3512 1921 3607 1978 τοῦ

461 2036 478 2069 ι
521 2032 587 2070 ne
615 2028 783 2069 sacrae
811 2012 863 2065 in
890 2027 953 2066 eo
977 2007 1070 2064 Dei
1107 2007 1505 2063 celebrationes
1535 2006 1663 2061 [lant
1696 2004 1952 2060 claudere

466 2126 485 2160 ι
526 2108 783 2162 inventus
826 2101 1011 2159 fuerit.
1065 2101 1169 2172 legi
1200 2100 1429 2154 talionis
1473 2098 1787 2167 subjicitur.
1818 2093 1950 2150 Pet-

456 2222 476 2256 ι
505 2218 600 2256 rus
654 2202 798 2257 enim
842 2197 1137 2267 Apostolus
1182 2194 1357 2249 dicit:
1395 2211 1414 2245 ι
1447 2190 1660 2247 Pascite
1688 2189 1785 2246 Dei
1836 2205 1955 2262 gre-

459 2312 480 2346 ι
510 2308 662 2363 gem,
698 2306 804 2345 non
855 2304 921 2343 ex
960 2284 1309 2347 necessitate,
1352 2283 1446 2338 sed
1498 2280 1840 2344 voluntarie,
1895 2285 1952 2335 et

462 2403 484 2439 ι
520 2382 822 2440 secundum
864 2380 1056 2443 Deum,
1083 2392 1190 2430 non
1217 2374 1392 2445 turpis
1424 2372 1561 2428 lucri
1610 2373 1808 2440 gratia,
1853 2368 1950 2426 sed

460 2494 482 2528 ι
518 2480 770 2546 prompto
829 2471 1048 2525 animo:
1085 2482 1189 2522 non
1219 2477 1279 2520 ut
1312 2467 1366 2519 in
1409 2465 1612 2520 clerum
1648 2462 1951 2518 dominium

466 2586 486 2622 ι
522 2575 880 2628 exercentes;
914 2563 1008 2617 sed
1039 2571 1099 2614 ut
1142 2559 1421 2629 exemplar
1457 2556 1636 2629 gregis
1673 2554 1827 2610 lacti.
1858 2572 1876 2607 ι

396 2648 397 2651 “
455 2658 656 2713 Punire
678 2664 735 2709 et
765 2665 1051 2722 segregare
1085 2648 1155 2702 ob
1206 2646 1315 2701 hoc
1363 2659 1395 2700 a
1435 2643 1611 2699 sacris
1643 2642 1952 2698 canonibus

2134 2027 2154 2061 ι
2194 2009 2330 2064 Θεοῦ
2385 2011 2766 2083 λειτουργίαςο
2796 2012 2862 2087 τῇ
2910 2013 3280 2085 ταυτοπαθείᾳ
3325 2016 3610 2070 ὑποκείσε-

2134 2118 2155 2153 t
2196 2116 2288 2155 ται
2310 2118 2325 2133 ·
2354 2101 2488 2173 φησὶ
2527 2104 2635 2173 γὰρ
2677 2103 2881 2175 Πέτρος
2909 2106 2937 2158 6
2966 2104 3269 2168 ἀπόστολος
3294 2122 3308 2137 ’
3353 2126 3373 2159 ι
3398 2107 3610 2177 {Impi-

2132 2207 2153 2242 ι
2196 2206 2316 2244 νετε
2370 2193 2431 2245 τὸ
2491 2192 2741 2262 ποίμνιον
2783 2191 2877 2245 τοῦ
2932 2191 3065 2245 Θεοῦ
3119 2192 3195 2262 μὴ
3223 2193 3603 2261 harundine,

2132 2298 2153 2334 ι
2193 2281 2309 2334 ἀλλ’
2336 2282 2618 2347 ἑκουσίως,
2650 2282 2750 2337 καὶ
2782 2283 2923 2337 κατά
2950 2282 3087 2336 Θεόν
3110 2299 3127 2315 ·
3173 2282 3250 2356 μὴ
3286 2285 3608 2354 αίσχροκερυ

2139 2386 2159 2425 ι
2201 2373 2325 2437 δὼς,
2346 2372 2482 2431 άλλά
2511 2371 2809 2445 προθύμως
2830 2390 2843 2402 ·
2885 2375 2959 2445 μὴ
2994 2375 3069 2438 ὡς
3102 2374 3609 2447 κατακυριεύοντες

2138 2485 2159 2521 ι
2203 2467 2312 2519 τῶν
2364 2466 2606 2537 κλήρων,
2664 2467 2777 2520 ἀλλ’
2828 2466 2903 2532 ὡς
2960 2471 3125 2533 τύπος
3187 2470 3467 2542 γινόμενοι
3517 2469 3607 2528 τοῦ

2133 2577 2154 2613 ε
2201 2558 2475 2625 ποιμνίου.
2516 2575 2537 2609 ι

2136 2652 2218 2704 Τὸ
2244 2652 2504 2722 ἐπιτιμᾷν
2532 2650 2628 2705 καὶ
2672 2651 2953 2723 ἀφορίζειν
2980 2652 3070 2707 διὰ
3093 2653 3253 2708 τοῦτο
3276 2654 3433 2725 ὲδοθη
3464 2654 3607 2721 παρά

392 2746 712 2807 conceditur
751 2745 1045 2814 episcopis,
1109 2751 1168 2793 nt
1214 2740 1540 2792 clericorum
1605 2749 1831 2790 suorum
1900 2742 1955 2789 et

2066 2745 2164 2799 τῶν
2184 2742 2356 2815 ιερῶν
2388 2742 2629 2797 κανόνων
2657 2747 2773 2807 τοῖς
2808 2746 3154 2811 ἐπισκόποις,
3178 2748 3273 2800 ἵνα
3302 2747 3374 2801 τὰ
3418 2751 3606 2801 ἑτι-ται-

388 2842 625 2901 nliornm
649 2838 848 2893 delicta
873 2831 1229 2905 spiritualiter
1256 2830 1418 2886 simul
1440 2838 1495 2885 et
1516 2835 1743 2900 paterne
1773 2826 1953 2883 corri-

2066 2836 2231 2906 σμένα
2266 2837 2420 2904 παρὰ
2441 2835 2548 2887 τῶν
2579 2834 2671 2888 ὑπ’
2722 2835 2916 2899 αὐτοὺς
2940 2836 3245 2918 ,κληρωτῶν
3280 2838 3382 2893 καὶ
3411 2837 3605 2890 λοιπῶν

392 2944 664 3003 gerentur.
697 2930 752 2984 Si
778 2928 871 2999 qui
903 2926 1082 2981 autem
1120 2934 1387 2995 potestate
1414 2937 1477 2979 ea
1540 2923 1851 2988 abutentes,
1880 2921 1953 2979 ob

2066 2927 2450 2999 πνευματικῶς
2481 2927 2616 2997 ὁμοῦ
2665 2928 2759 2980 καὶ
2790 2929 3071 2999 πατρικῶς
3090 2919 3442 2994 impeditos-ai.
3472 2929 3532 2982 Ei
3554 2927 3606 2980 δέ

393 3010 667 3100 propriam
702 3037 858 3078 suam
903 3022 1241 3093 passionem,
1272 3025 1367 3070 aut
1413 3016 1534 3071 auri
1578 3018 1664 3072 vel
1720 3016 1951 3072 alterius

2066 3038 2224 3086 τινες,
2253 3022 2318 3090 τῇ
2356 3018 2577 3090 ἐξουσίᾳ
2605 3020 2778 3091 πάντη
2810 3021 3247 3092 καταχρῶμενοι,
3288 3022 3610 3093 ἀφορίσουσί

394 3117 627 3185 alicujus
683 3116 761 3170 rei
831 3115 1193 3174 exactionem,
1248 3119 1536 3181 segregent
1583 3109 1801 3179 aliquos
1854 3117 1952 3164 aut

2066 3113 2290 3185 τινας.ῆ
2321 3114 2703 3183 ἐπιτιμήσουσι
2729 3112 2799 3167 δι’
2841 3115 2979 3169 ίδίαν
3009 3115 3342 3184 ἑμπάθειαν,
3368 3117 3404 3186 ἢ
3439 3115 3599 3169 ἀπαί-

396 3208 573 3278 poenis
612 3204 1010 3274 sulijicicutur:
1050 3210 1109 3255 ut
1149 3200 1382 3264 discant,
1428 3214 1535 3254 non
1570 3199 1690 3254 sine
1739 3199 1951 3255 ratione

2066 3220 2218 3275 τησιν
2266 3202 2561 3276 nummi}
2604 3205 2793 3273 ἑτέρου
2834 3204 2983 3268 τινος
3030 3206 3224 3269 είδους,
3256 3205 3495 3268 δικαίως
3543 3206 3606 3273 τῇ

395 3314 588 3369 ρωπος
619 3312 858 3352 sumere.

980 3472 1214 3529 ‘CANON
1294 3473 1357 3527 V.

401 3593 420 3627 ι
459 3572 549 3628 Est
570 3583 852 3643 peccatum
889 3570 954 3625 ad
990 3582 1239 3633 mortem,
1270 3571 1488 3640 quando
1523 3578 1814 3640 peccantes
1849 3569 1956 3624 ali-

473 3684 490 3715 ι
523 3665 615 3733 qui
654 3672 907 3732 perstant
950 3676 1054 3714 non
1089 3660 1421 3731 corrigendi.
1467 3659 1580 3714 Hoc
1639 3670 1818 3714 autem
1870 3667 1956 3714 est

470 3774 490 3808 ι
528 3754 799 3817 deterius,
850 3753 1074 3822 quando
1117 3763 1170 3805 et
1209 3765 1390 3807 erecta
1440 3752 1653 3807 cervice
1687 3752 1953 3806 adversus

472 3866 490 3899 ι
523 3847 780 3916 pietatem
831 3856 884 3898 et
913 3844 1224 3915 religionem
1252 3845 1563 3915 insurgunt,
1594 3858 1957 3896 mammouam

362 3940 365 3943 ‘
467 3959 486 3991 ι
519 3938 614 3998 Dei
632 3938 951 3992 obedientiae
980 3939 1365 4008 praeferentes;
1403 3945 1455 3993 et
1502 3937 1625 4007 ejus
1658 3937 1960 3991 canonicas

479 4050 498 4084 ι
537 4033 963 4089 constitutiones
1019 4047 1125 4083 non
1170 4031 1427 4086 ferentes.
1490 4029 1546 4084 lu
1589 4030 1657 4085 iis
1709 4044 1819 4084 non
1878 4038 1961 4085 est

466 4141 485 4174 ι
518 4119 777 4177 Dominus
806 4121 970 4186 Deus,
995 4123 1106 4176 nisi
1140 4120 1284 4176 l'orte
1341 4122 1613 4178 bumiliati
1662 4137 1690 4175 a
1726 4136 1827 4178 suo
1857 4120 1956 4174 ile-

380 4278 385 4281 _
471 4231 489 4263 ι
526 4214 651 4267 Iicto
680 4214 1037 4282 resipucrint.
1071 4211 1299 4282 Oportet
1323 4214 1467 4267 enim
1511 4229 1608 4269 eos
1651 4216 1823 4285 magis
1850 4211 1958 4268 Deo
2038 4228 2043 4233 '

473 4323 492 4353 ε
524 4305 859 4374 supplicare,
894 4313 1099 4359 etcum
1149 4306 1319 4361 corde
1351 4307 1595 4361 contrito
1632 4306 1957 4377 ltujuspec-

384 4384 389 4389 ’
469 4415 488 4446 ‹
519 4398 621 4449 cati
666 4398 1048 4451 remissionem
1079 4406 1134 4450 et
1171 4399 1634 4453 condonationent
1666 4402 1874 4469 petere,
1903 4408 1959 4454 et

476 4505 633 4542 «non
690 4490 757 4543 de
806 4488 996 4543 illicita
1060 4491 1357 4544 donatione
1430 4506 1488 4544 se
1519 4491 1754 4559 jactare.
1814 4492 1956 4547 Deus

376 4568 377 4571 “
466 4602 486 4633 ‹
520 4584 664 4635 enim
692 4584 858 4652 prope
898 4591 982 4636 est
1045 4582 1135 4647 iis,
1185 4584 1278 4651 qui
1334 4596 1459 4637 sunt
1505 4586 1729 4640 contriti
1763 4587 2035 4675 corde.D

370 4738 373 4741 _
466 4694 483 4722 ς
523 4671 625 4725 Eos
656 4686 807 4741 ergo,
840 4673 933 4743 qui
961 4690 1056 4744 per
1099 4676 1216 4728 auri
1267 4675 1619 4731 donationem
1667 4692 1725 4732 se
1780 4677 1954 4734 fuisse

476 4782 495 4815 ι
532 4764 581 4817 in
622 4762 877 4820 Ecclesia
926 4770 1259 4823 constitutos
1293 4768 1622 4838 gloriantur,
1673 4780 1727 4825 et
1778 4773 1829 4825 in
1892 4787 1954 4827 ea

477 4873 495 4905 ι
542 4854 785 4925 improba
812 4860 1207 4914 consuetudine
1227 4876 1377 4930 spem
1405 4861 1625 4925 habent,
1651 4879 1771 4933 qua:
1794 4881 1822 4918 a
1846 4864 1956 4919 Deo

474 4965 493 4996 ι
527 4957 582 5000 et
614 4947 683 5000 ab
714 4951 860 5002 oiuui
917 4953 1227 5007 sacerdotio
1268 4954 1493 5019 alienat,
1539 4955 1698 5027 293
1747 4968 1794 5013 et
1834 4957 1954 5014 ideo

472 5058 490 5088 ι
527 5032 839 5107 impudente
879 5042 1026 5097 vultu
1063 5052 1117 5098 et
1154 5060 1248 5098 ore
1286 5056 1521 5115 aperto,
1585 5048 1862 5117 probrosis
1901 5060 1957 5105 et

475 5148 495 5180 ι
534 5133 943 5188 contumeliosis
992 5137 1173 5192 verbis
1212 5153 1330 5200 eos,
1370 5139 1462 5206 qui
1498 5151 1725 5210 propter
1775 5151 1951 5198 actam

476 5240 497 5273 ‹
531 5237 593 5275 ex
632 5223 829 5276 virtute
866 5225 1027 5279 vitam
1064 5240 1093 5279 a
1139 5242 1328 5285 sancto
1362 5229 1564 5300 Spiritu
1612 5230 1796 5288 selecti
1824 5248 1949 5289 conc

476 5331 495 5363 ι
530 5312 813 5382 stitutique
857 5323 987 5369 sunt
1018 5317 1225 5386 absque
1281 5321 1398 5373 auri
1463 5321 1778 5392 largitione,
1838 5324 1954 5379 vili-

477 5422 496 5455 ι
526 5404 796 5473 pendunt:
832 5408 1065 5476 primum
1092 5409 1308 5478 quidem
1333 5427 1429 5468 eos
1468 5416 1560 5485 qui
1595 5416 1696 5470 hoc
1746 5417 1953 5472 faciunt

478 5513 497 5546 ι
534 5496 781 5551 ultimum
818 5499 1021 5568 proprii
1057 5500 1266 5556 ordinis
1306 5506 1535 5575 gradum
1600 5523 1834 5575 sumere,
1868 5513 1952 5566 sin

480 5604 503 5641 ι
538 5598 716 5643 autem
789 5591 1215 5660 perseverarint,
1273 5593 1471 5649 inﬂicta
1520 5614 1738 5670 quoque
1794 5617 1952 5671 poena

478 5695 499 5730 ι
528 5680 799 5749 corrigere
842 5682 1208 5738 decernimus.
1247 5682 1305 5737 Si
1338 5686 1463 5754 quis
1503 5697 1684 5743 autem
1722 5692 1774 5746 in
1802 5692 1953 5747 ordi-

362 5850 367 5853 Δ
476 5786 496 5821 ι
534 5771 751 5826 natione
798 5774 901 5827 hoc
942 5774 1266 5845 quandoque
1320 5777 1512 5835 fecisse
1565 5783 1713 5837 visus
1764 5783 1951 5849 fuerit,

482 5879 504 5912 ι
532 5860 623 5917 fiat
655 5873 712 5920 ut
744 5864 858 5919 vult
894 5880 1068 5923 canon
1127 5870 1477 5940 apostolicus,
1543 5873 1635 5943 qui
1675 5874 1843 5932 dicit:
1884 5876 1951 5934 Si

1985 3265 2033 3332 θ
2066 3265 2436 3369 ταυτοπῖανθείᾳ
2482 3265 2882 3353 ῦποπεσοῦνται
2924 3265 3015 3350 ἵνα
3062 3265 3279 3368 μάθωσι
3308 3298 3387 3369 μὴ

2060 3389 2337 3459 ἐπιτιμᾷν.

2652 3482 2892 3536 ΚΑΝΩΝ
2940 3483 3014 3540 E'.

2064 3592 2083 3626 ι
2141 3576 2412 3646 ’Ᾱμαρτία
2445 3576 2580 3644 πρὸς
2602 3575 2837 3632 ’θάνατόν
2883 3580 3054 3640 ἐστιν,
3102 3579 3232 3632 ὅταν
3262 3578 3411 3644 τινὲς
3436 3578 3595 3647 ἀμαρη

2136 3686 2155 3717 ι
2194 3667 2447 3728 τάνσντες
2508 3667 2825 3733 ἀδιόρθωτοι
2885 3671 3132 3739 μείνωσι.
3178 3671 3257 3723 Τὸ
3303 3671 3364 3725 δὲ
3420 3671 3606 3724 τούτου

2086 3822 2091 3829 ο
2135 3777 2156 3812 ι
2198 3764 2399 3831 χεῖρον,
2428 3763 2522 3815 ἑὰν
2566 3762 2970 3833 τραχηλιῶντες
3004 3763 3490 3827 κατεξανίστανται
3516 3762 3611 3830 τῆς

2126 3872 2151 3904 ·ι
2198 3855 2474 3917 εὐσεϐείας
2500 3857 2589 3908 καὶ
2631 3856 2728 3926 τῆς
2779 3855 3058 3925 ἀληθείας,
3084 3857 3493 3927 προτιμώμενοι
3523 3855 3609 3906 τὸν

2136 3965 2155 3999 ι
2206 3951 2520 4017 μαμμωνᾶν
2544 3951 2643 4018 τῆς
2673 3950 2767 4003 τοῦ
2792 3951 2933 4004 Θεοῦ
2978 3949 3249 4023 ὑπακοῆς,
3270 3954 3365 4003 καὶ
3395 3950 3501 4003 τῶν
3526 3966 3612 4001 κσο

2130 4058 2151 4093 t
2197 4042 2426 4093 νονικῶν
2455 4042 2621 4095 αὐτοῦ
2645 4042 2945 4110 διατάξεων
2997 4045 3072 4118 μὴ
3125 4049 3516 4119 ἀντεχόμενοι-
3547 4043 3603 4101 ἐν

2131 4154 2151 4187 ι
2192 4134 2402 4196 τούτοις
2437 4135 2537 4189 οὐκ
2565 4136 2680 4189 ἔστι
2722 4135 2925 4209 Κύριος
2952 4139 2981 4191 ὁ
3008 4139 3161 4205 Θεὸς,
3206 4142 3256 4194 εί
3314 4144 3484 4213 μήπω
3515 4160 3607 4195 τα-

2130 4242 2150 4277 ι
2190 4225 2547 4289 πεινωθέντες
2579 4226 2673 4280 τοῦ
2708 4228 2841 4281 ίδίου
2892 4229 3207 4301 σφάλματος
3257 4235 3605 4304 ἀνανήψωσιο

2130 4335 2150 4371 ι
2196 4319 2302 4389 χρὴ
2325 4319 2434 4387 γὰρ
2473 4320 2672 4389 μᾶλλον
2700 4322 2902 4387 αὐτοὺς
2924 4324 3326 4395 προσέρχεσθαι
3357 4328 3433 4396 τῷ
3472 4326 3604 4396 θεῷ,

2130 4425 2150 4459 ι
2197 4408 2289 4459 καὶ
2321 4409 2461 4477 μετά
2494 4410 2964 4483 συντετριμμένης
3002 4414 3231 4484 καρδίας
3284 4417 3385 4488 τὴν
3419 4418 3603 4482 ἄφεσιν

2129 4516 2148 4551 ε
2194 4499 2389 4553 τούτου
2425 4501 2517 4553 τοῦ
2566 4503 2968 4573 ἁμαρτήματος
3000 4506 3093 4559 καὶ
3126 4506 3222 4576 τὴν
3258 4509 3600 4578 συγχώρησιν

2135 4609 2154 4642 ι
2202 4591 2495 4657 αίτεῑσθαι,
2524 4593 2645 4662 οὐχὶ
2688 4594 3077 4666 ὲναόρύνεσθαι
3109 4600 3173 4669 τῇ
3208 4597 3431 4671 ἀθέσμῳ
3451 4600 3603 4653 δισει.

2134 4702 2153 4737 ι
2203 4685 2398 4754 Ἐγγὺς
2438 4688 2545 4756 γάρ
2606 4684 2809 4758 Κύριος
2846 4691 2958 4751 τοῖς
3012 4692 3497 4763 συντετριμμένοις
3536 4693 3599 4759 τῇ

2134 4798 2153 4831 ι
2201 4778 2434 4849 καρδία·
2476 4778 2602 4839 τοὺς
2635 4776 2727 4833 οὖν
2770 4782 3227 4853 ὲγκαυχωμένους
3275 4784 3364 4839 διὰ
3410 4784 3599 4844 δόσεως

2129 4889 2149 4923 ι
2188 4872 2411 4940 χρυσίου
2443 4872 2700 4940 τετάχθαι
2746 4873 2805 4925 ἐν
2848 4873 3177 4945 Ἐκκλησία,
3215 4875 3505 4944 καὶταύτῃ
3530 4874 3590 4942 τεῇ

2130 4979 2149 5013 ι
2196 4963 2409 5033 πονηρᾷ
2439 4963 2697 5032 συνηθείᾳ
2728 4963 3118 5029 ὲπελπίζοντας
3148 4970 3210 5037 τῇ
3246 4968 3590 5038 ἀλλοτριοὺσῃ

2130 5073 2150 5107 ι
2196 5056 2302 5108 ἀπὸ
2350 5056 2444 5109 τοῦ
2491 5056 2626 5110 Θεοῦ
2679 5060 2773 5111 καὶ
2825 5061 3006 5130 πάσης
3060 5061 3376 5131 ἱερωσύνης,
3407 5064 3494 5114 καὶ
3536 5061 3593 5111 ἐκ
3627 5086 3640 5109 ο

2128 5166 2150 5202 t
2193 5150 2382 5203 τούτου
2440 5152 2651 5204 ἀναιδεῖ
2708 5153 2982 5223 προσώπῳ
3033 5155 3126 5207 καὶ
3178 5156 3591 5223 άπερικαλύπτῳ

2121 5259 2147 5293 ε
2195 5244 2426 5311 στόματι
2480 5242 2851 5307 ὀνειδιστικοῖς
2908 5246 3087 5314 λόγοις
3133 5248 3258 5308 τοὺς
3289 5249 3358 5301 δι’
3403 5250 3593 5317 ἀρετὴν

2127 5351 2147 5387 ι
2180 5334 2308 5404 βίου
2338 5334 2441 5388 ὑπὸ
2468 5335 2561 5388 τοῦ
2593 5336 2749 5404 ἁγίου
2783 5337 3104 5406 [Ιίεὐματος
3155 5340 3474 5409 ὲκλεγέντας
3504 5338 3587 5392 καὶ

2128 5442 2147 5476 ι
2193 5428 2600 5493 καταταγέντας
2626 5428 2785 5493 ἐκτὸς
2814 5430 3009 5494 δόσεως
3036 5434 3263 5503 χρυσίου
3308 5432 3587 5501 ἀτιμάζον-

2127 5530 2147 5566 ι
2193 5531 2325 5579 τας·
2360 5516 2554 5586 πρῶτα
2593 5519 2692 5588 μὲν
2715 5520 2875 5573 τοῦτο
2909 5522 3199 5587 ποιοῦντας
3232 5527 3321 5578 τὸν
3372 5526 3583 5591 ἔσχατον

2126 5624 2145 5659 t
2189 5606 2487 5676 λαμϐάνειν
2516 5609 2722 5680 βαθμὸν
2756 5611 2849 5665 τοῦ
2881 5613 3083 5667 οἰκείου
3109 5618 3391 5685 τάγματος
3415 5631 3427 5645 ·
3456 5616 3500 5666 ει
3528 5610 3578 5663 δὲ

2126 5717 2145 5751 ι
2187 5700 2516 5770 ἑπιμένοιεν,
2545 5704 2824 5774 ἐπιτιμίου
2878 5706 3246 5776 διορθοῦσθαι.
3302 5710 3363 5763 Εί
3398 5707 3449 5761 δέ
3503 5720 3577 5765 τις

2129 5808 2149 5844 ι
2188 5791 2283 5844 ἐπὶ
2338 5795 2643 5867 χειροτονίᾳ
2691 5800 2830 5869 φανῇ
2888 5816 3018 5852 ποτε
3073 5800 3233 5855 τοῦτο
3264 5797 3579 5868 πεποιηκὼς.

2132 5900 2151 5935 ι
2196 5882 2429 5952 γινέσθω
2493 5888 2637 5943 κατά
2681 5890 2773 5945 τὸν
2823 5891 3179 5948 ἀποστολικδν
3236 5894 3452 5958 κανόνα,
3500 5888 3580 5942 τὸν
