3992 6484
346 441 449 507 901

418 651 438 696 ἀ
483 643 585 712 τῆς
613 644 770 710 ἀξίας
795 644 998 714 ταύτης
1026 638 1304 714 ἐγκρατὴς
1340 644 1589 714 γένηται,
1612 642 1645 714 ἢ
1671 641 1908 712 πρεσεύο

420 755 440 789 ι
485 753 640 806 τερος
673 736 706 807 ἢ
731 737 1001 800 διάκονος,
1029 735 1402 805 καθαιρείσθω
1427 733 1524 787 καὶ
1556 733 1720 796 αὐτὸς
1745 731 1844 786 καὶ
1876 733 1906 786 ὀ

420 847 443 881 ι
487 829 904 900 χειροτονήσας,
936 827 1030 882 καὶ
1055 823 1414 881 ἐκκοπτέοίθω
1459 825 1811 881 παντάπασιν
1839 826 1908 877 ἐκ

419 938 442 974 t
487 923 586 991 τῆς
646 921 954 987 κοινωνίας,
984 921 1058 984 ὡς
1113 919 1296 990 Σίμων
1339 912 1590 987 όΜάγος
1619 919 1714 972 ὑπ’
1772 916 1906 988 ἐμοῦ

422 1032 444 1064 ι
493 1015 734 1084 Πέτρουο
768 1033 786 1064 ι
822 1012 1084 1078 ὡσαύτως
1139 1011 1234 1066 καὶ
1275 1011 1368 1067 τὸν
1418 1005 1674 1083 δεύτερον
1701 1014 1907 1067 κανόνα

425 1125 443 1155 ι
490 1106 598 1158 τῶν
643 1106 700 1156 ἐν
744 1105 1049 1176 Χαλκηδόνι
1101 1107 1262 1160 ὁσίων
1306 1101 1567 1177 Πατέρων
1596 1105 1778 1176 ἡμῶν,
1813 1106 1906 1160 ’τὸν

427 1213 447 1245 t
490 1195 718 1261 λέγοντα
738 1205 756 1226 '-
789 1193 854 1247 Ετ
898 1213 983 1255 τις
1009 1198 1303 1259 ἐπίσκοπος
1332 1198 1424 1249 ἐπὶ
1460 1197 1700 1267 χρήμασι
1731 1206 1910 1265 χειρο-

426 1306 443 1334 ι
490 1285 674 1337 τονίαν
727 1289 1026 1355 ποιήσοιτο,
1064 1287 1159 1340 καὶ
1207 1290 1288 1349 είς
1340 1285 1544 1356 πρᾶσιν
1600 1289 1908 1355 καταγάγοι

425 1393 446 1426 ι
490 1373 587 1445 τὴν
617 1376 866 1446 ἄπρατον
893 1379 1072 1446 χάριν,
1113 1380 1208 1432 καὶ
1238 1382 1605 1449 χειροτονήσοι
1654 1383 1742 1433 ἐπὶ
1772 1382 1909 1450 χρή·-

423 1489 443 1519 ι
487 1473 650 1537 μασιν
677 1469 980 1522 ἐπίσκοπον
1016 1471 1051 1540 ἢ
1074 1472 1493 1541 χωρεπίσκοπον
1525 1472 1561 1543 ἢ
1591 1474 1909 1545 πρεσδύτεέ-

423 1581 443 1611 ε
493 1579 583 1632 ρον
612 1563 644 1632 ἢ
675 1562 942 1630 διάκονον,
1035 1573 1161 1618 τινα
1187 1563 1299 1616 τῶν
1333 1567 1393 1618 ὲν
1535 1566 1720 1638 κλήρῳ
1743 1583 1910 1621 κατα·

421 1675 439 1704 ι
481 1654 900 1725 ριθ,ιουμένων,
958 1655 990 1727 ἢ
1053 1645 1412 1726 προδᾶλλοιτο
1463 1659 1559 1713 ἐπὶ
1620 1661 1907 1732 χρήμασιν

419 1759 440 1796 ι
485 1743 830 1817 οἰκονόμονῆ
867 1746 1082 1801 ἔκδικον
1133 1749 1166 1820 ἢ
1219 1752 1658 1822 παραμονάριον,
1700 1754 1731 1825 ἢ
1765 1755 1911 1819 ὅλως

421 1854 441 1885 ι
483 1839 602 1889 τινα
630 1837 723 1889 τοῦ
757 1840 1002 1903 κανόνος,
1025 1833 1098 1893 δι’
1143 1841 1591 1911 αἰσχροκέρδειαν
1617 1846 1846 1910 οἰκείαν,
1881 1849 1910 1899 δ

423 1946 442 1978 t
485 1929 642 1982 τοῦτο
685 1930 1060 2001 ἐπιχειρήσας,
1092 1909 1913 2002 ἐλεγχθεὶς,ῖκινδυνευέτωείς
1941 1909 1989 1969 Β

427 2040 446 2073 t
485 2022 577 2074 τὸν
625 2025 828 2076 οἰκεῖον
888 2023 1141 2094 βαθμὸν*
1196 2028 1292 2080 καὶ
1347 2028 1374 2080 ὀ
1428 2029 1912 2099 χειροτονούμενος

421 2133 442 2165 ‹
493 2111 663 2186 μηδὲν
695 2115 757 2166 ὲκ
785 2115 883 2184 τῆς
918 2116 1040 2168 κατ’
1073 2117 1354 2187 ἐμπορίαν
1385 2118 1702 2187 ὡφελείσθω
1730 2138 1912 2192 χειρο-

425 2224 444 2259 t
489 2195 733 2278 τονίαςῆ
784 2208 1084 2276 προϐολῆς·
1132 2209 1249 2264 ἀλλ’
1284 2213 1431 2266 ἔστω
1487 2214 1767 2287 ἀλλότριος
1815 2217 1916 2286 τῆς

423 2320 444 2354 ι
484 2300 640 2365 ἀξίας
668 2301 700 2373 ἢ
728 2303 822 2357 τοῦ
858 2307 1281 2376 φροντίσματος,
1310 2301 1487 2379 ὀὗπερ
1513 2311 1606 2362 ἐπὶ
1632 2312 1914 2381 χρήμασιν

423 2411 446 2445 ε
485 2392 698 2462 ἔτυχεν.
729 2395 790 2446 Εἰ
821 2396 876 2447 δέ
934 2414 1016 2456 τις
1048 2400 1143 2450 καὶ
1199 2400 1500 2467 μεσιτεύων
1564 2403 1762 2473 φανείη
1817 2404 1916 2456 καὶ

425 2505 445 2537 ‹
489 2487 601 2550 τοῖς
643 2487 818 2548 οὕτως
872 2489 1118 2560 αἰσχροῖς
1166 2492 1263 2545 καὶ
1307 2493 1589 2565 ἀθεμίτοις
1633 2496 1910 2568 λήμμασι,

422 2599 442 2633 t
485 2582 577 2634 καὶ
640 2575 816 2648 οὗτος,
873 2581 920 2634 εί
977 2583 1079 2653 μὲν
1140 2585 1401 2657 κληρικός
1445 2585 1558 2660 εἴη,
1584 2589 1678 2642 τοῦ
1705 2592 1912 2644 οἰκείου

424 2689 443 2722 t
490 2673 807 2725 ἒκπιπτέτω
847 2667 1059 2744 βαθμοῦ
1090 2691 1104 2705 ⁸
1158 2677 1209 2729 εί
1260 2677 1318 2731 δὲ
1361 2678 1550 2743 λαῖκὸς
1585 2680 1619 2752 ἢ
1653 2682 1910 2753 μοναχδς,

411 2775 439 2814 ‘t
488 2764 855 2834 ἀφοριζέσθω.
895 2787 913 2819 ι

422 2853 624 2909 ΒΑΛΣ.
649 2855 953 2919 Μέλλοντες
980 2860 1029 2913 οἱ
1064 2861 1209 2929 ἅγιοι
1245 2855 1489 2935 Πατέρες
1521 2866 1753 2926 κολάσαι
1783 2873 1911 2938 τοὺς

335 2947 644 3017 κληρικοὺς
678 2954 804 3013 τοὺς
854 2951 1047 3022 πρῶτα
1077 2955 1174 3023 μὲν
1208 2956 1390 3010 ἑκοντὶ
1436 2961 1530 3012 καὶ
1565 2961 1706 3017 κατὰ
1757 2968 1912 3034 φιλό-

336 3036 469 3090 θεον
493 3039 718 3110 γνώμην
744 3035 1118 3112 προσάγοντας
1147 3046 1204 3099 ὲν
1234 3050 1357 3110 ταῖς
1388 3048 1744 3123 Ἐκκλησίαις
1772 3058 1911 3128 χρή-

335 3149 493 3215 ματα
524 3132 558 3203 ἢ
590 3133 753 3204 ἕτερά
786 3153 907 3190 τινα
931 3153 944 3167 ⁸
977 3137 1206 3209 ὕστερον
1244 3139 1300 3194 δὲ
1331 3145 1790 3216 ὲγκαυχωμένους
1811 3153 1906 3207 ἐπὶ

333 3226 412 3316 τῇ
441 3224 612 3292 δόσει,
642 3229 734 3280 καὶ
773 3229 1072 3299 ζητοῦντας
1113 3235 1516 3308 προκαθεδρίας
1567 3247 1660 3294 καὶ
1709 3261 1903 3309 προτι-

338 3317 567 3385 μήσεις,
604 3321 696 3374 καὶ
741 3322 1098 3388 ὀνειδίζοντας
1141 3326 1273 3391 ’τοὺς
1322 3329 1388 3383 δι’
1439 3335 1705 3408 ἁρετὴνῆ
1753 3341 1904 3411 ἐνέρ-

334 3423 503 3475 γειαν
534 3411 916 3480 κ).ηρωθέντας
947 3417 1086 3469 κατὰ
1113 3418 1245 3471 Θεὸν
1287 3422 1648 3491 συναδέλφους
1680 3431 1861 3484 αὐτῶν
1884 3448 1903 3465 ⁶

337 3501 656 3572 ἐχρήσαντο
715 3509 772 3558 ὲν
836 3510 1143 3576 προοιμίοις
1204 3513 1414 3582 ῥήματί
1469 3533 1574 3569 τινι
1642 3522 1748 3573 άπὸ
1805 3525 1904 3593 τῆς

336 3595 570 3664 πρώτης
590 3597 912 3671 Καθολικῆς
939 3598 1256 3672 Ἐπιστολῆς
1296 3607 1596 3661 ἀποστόλου
1628 3615 1718 3666 καὶ
1744 3615 1902 3684 εύαγ-

339 3684 600 3754 γελιστοῦ
626 3687 899 3754 Ἰωάννου,
944 3690 1175 3758 λέγοντι·
1223 3715 1238 3744 ι
1281 3695 1466 3750 Ἔστιν
1494 3701 1735 3772 ἁμαρτία
1766 3712 1902 3777 πρὸς

339 3775 600 3843 θάνατον,
646 3801 662 3831 ι
692 3782 862 3850 ἦγουν
908 3784 1152 3854 ἆμαρτία
1191 3786 1488 3858 θανάσιμος
1520 3793 1550 3862 ἢ
1584 3775 1905 3865 άδιόρΘω-τος

341 3873 443 3925 καὶ
471 3873 838 3944 ἀμετανόητος
860 3891 874 3905 ο
911 3876 1004 3928 καὶ
1049 3876 1162 3930 ἔστι
1198 3879 1398 3951 ταύτης
1427 3885 1625 3955 χείρων
1653 3892 1683 3958 η
1718 3893 1814 3944 σὺν
1840 3899 1903 3964 τῇ

341 3964 595 4034 ἁμαρτίᾳ
618 3964 880 4048 ἀναίδεια.
914 3967 1070 4020 Ποῖον
1099 3971 1206 4038 γὰρ
1245 3972 1344 4042 οὐχ
1389 3971 1705 4045 ὑπερϐαίνει
1738 3985 1904 4040 κακὸν

338 4051 409 4106 τὸ
437 4055 807 4124 προτιμᾶσθαί
846 4064 967 4109 τινα
994 4059 1103 4127 ’τῆς
1150 4063 1370 4132 ἐντολῆς
1410 4065 1503 4117 τοῦ
1547 4067 1681 4121 Θεοῦ
1716 4073 1784 4126 τὰ
1810 4076 1903 4128 τοῦ

344 4147 653 4213 μαμμωνᾶ,
689 4147 858 4215 ἤγουν
897 4147 971 4200 ’τὰ
1025 4149 1304 4219 χρήματα,
1339 4154 1432 4204 καὶ
1459 4154 1638 4223 λέγειν
1672 4160 1905 4228 ὀφείλειν

340 4238 537 4289 τοῦτον
574 4237 639 4318 δι’
689 4237 725 4291 ἃ
778 4240 1097 4309 προσήγαγε
1149 4244 1563 4316 προτιμὼτερον
1609 4248 1750 4305 εἶναι
1797 4256 1905 4310 τῶν

340 4327 522 4382 ἄλλων
574 4331 808 4392 πάντων,
842 4332 949 4382 τῶν
979 4335 1070 4383 καὶ
1110 4334 1387 4403 ἐνεργείας
1434 4337 1560 4403 ἴσως
1600 4343 1832 4411 ἐχόντων
1873 4339 1904 4418 ἢ

343 4421 443 4474 καὶ
466 4424 666 4491 ἀρετήν
692 4438 705 4486 ;
739 4423 875 4486 Τοὺς
904 4424 1035 4491 γοῦν
1063 4424 1207 4477 ὀὕτω
1256 4428 1611 4498 φρονοῦντας,
1651 4436 1744 4489 καὶ
1762 4433 1908 4502 ’ὅλως

341 4517 546 4578 δόσεως
571 4517 864 4586 χρημάτων
907 4519 1309 4588 μεμνημένους,
1343 4523 1437 4574 καὶ
1471 4524 1787 4593 ἐλπίζοντας
1819 4532 1906 4586 διὰ

341 4609 502 4661 τοῦτο
531 4610 898 4679 προτιμᾶσθαι
937 4615 1086 4680 παρὰ
1109 4616 1232 4675 τοὺς
1263 4616 1511 4682 πολλοὺς,
1538 4621 1630 4688 ἀφ’
1662 4609 1723 4677 οὗ
1770 4627 1908 4693 μᾶλ-

343 4701 438 4753 λον
475 4701 818 4766 κατάγνωσις
854 4703 1140 4769 ἐπάγεται,
1179 4705 1272 4758 καὶ
1324 4706 1398 4769 ὼς
1449 4709 1908 4780 ἀπερικαλύπτως

345 4794 707 4857 ὀνειδίζοντας
759 4795 885 4858 τοὺς
940 4795 1204 4864 ἀδελφοὺς
1253 4799 1434 4851 αὐτῶν
1483 4801 1569 4857 διὰ
1628 4803 1726 4875 τὴν
1781 4807 1908 4876 ὑψο-

347 4889 499 4942 ποιὸν
531 4891 741 4954 πενίαν,
777 4891 1201 4956 ὐποδιὸἀξεσθαι
1245 4897 1325 4960 είς
1358 4895 1447 4948 τὸν
1473 4898 1698 4967 ἔσχατον
1740 4904 1908 4955 τόπον

347 4981 442 5032 τοῦ
480 4979 689 5050 βαθμοῦ
741 4981 944 5046 αὐτῶν,
991 4983 1079 5034 ἴνα
1131 4986 1577 5038 ταπεινωθῶσιν·
1628 4988 1676 5040 εί
1710 4987 1767 5040 δὲ
1811 4989 1907 5042 καὶ

348 5073 520 5136 οὕτως
570 5075 879 5142 ἐπιμένοιεν
911 5075 987 5146 τῷ
1019 5076 1196 5146 κακῷ,
1243 5078 1600 5148 ἐπιτιμᾶσθαι
1657 5081 1797 5134 κατὰ
1848 5081 1909 5134 τδ

347 5165 501 5228 δόξαν
532 5167 749 5230 πάντως
792 5167 869 5238 τῷ
916 5170 1221 5238 ὲπισκόπῳ.
1264 5172 1373 5224 Καὶ
1415 5177 1586 5226 ταῦτα
1634 5173 1754 5241 μὲν,
1783 5175 1910 5228 ὀπό-

346 5272 447 5308 ταν
473 5273 556 5318 τις
585 5257 922 5327 αὐθαιρέτως
956 5261 1280 5335 προσαγάγῃ
1321 5264 1379 5314 ἐν
1408 5252 1702 5337 Ἐκκλησία⁸
1726 5265 1908 5338 οίαδή-

348 5368 470 5404 τινα
503 5352 827 5422 πράγματα,
859 5351 1015 5404 ἅτινα
1043 5354 1138 5406 καὶ
1175 5356 1224 5407 οί
1273 5355 1643 5424 λαμϐάνοντες
1674 5357 1908 5428 ἀποκρι-

352 5443 627 5512 ματίστως
683 5445 1043 5512 λαμϐάνουσι,
1076 5449 1169 5500 καὶ
1222 5447 1269 5500 οἱ
1321 5446 1553 5510 διδόντες
1603 5449 1910 5513 ἀνευθύνως

349 5535 602 5588 διδόασιν.
662 5535 722 5588 Ei
770 5535 826 5589 δέ
887 5554 992 5602 τις,
1031 5538 1217 5608 φησὶν,
1262 5539 1360 5591 οὐκ
1417 5539 1474 5604 ἐξ
1526 5541 1701 5611 ἀρχῆς
1766 5540 1905 5609 μετὰ

349 5626 604 5696 τοιαύτης
642 5627 966 5696 αὑθαιρέτου
1009 5628 1234 5700 γνώμης
1279 5632 1503 5702 εποίησε
1552 5631 1652 5702 τὴν
1700 5648 1908 5702 προσα-

349 5716 557 5788 γωγὴν,
585 5716 721 5772 ἀλλὰ
748 5717 836 5772 διὰ
881 5720 942 5772 τὸ
984 5720 1454 5792 χειροτονηθῆναι,
1487 5723 1519 5776 ii
1555 5721 1905 5793 κληρωθῆναι

429 5886 518 5940 “l
553 5884 716 5941 Joan.
753 5885 906 5951 v.10.

1307 440 1386 500 IN
1418 439 1583 502 CAN.
1619 435 1666 502 Υ
1704 436 1980 498 SYNODI
2021 438 2125 500 VII
2161 437 2515 499 (ECUMEN.

421 572 441 606 ι
487 551 766 622 λέγονται·
802 567 823 605 t
984 559 1068 616 τις
1121 552 1417 614 ἐπίσκοπος
1475 549 1564 604 διὰ
1605 548 1908 619 χρημάτων
1932 548 1982 610 Α

3462 445 3573 510 902

2086 566 2104 599 ι
2141 549 2266 618 quis
2304 549 2593 621 episcOpus
2619 565 2716 621 per
2754 551 3020 622 pecunias
3056 553 3197 609 hanc
3251 556 3570 626 dignitatem

2091 659 2108 692 ι
2146 643 2217 696 sit
2269 651 2578 705 assecutus.
2641 644 2723 698 vel
2777 645 3080 716 presbyter,
3119 646 3199 699 vel
3258 647 3570 717 diaconus,

2085 749 2106 784 ι
2147 733 2455 803 depellatur
2481 747 2533 788 et
2571 736 2707 804 ipse,
2743 745 2798 791 et
2825 738 2874 791 is
2903 738 2996 808 Qui
3035 739 3328 805 ordinavit,
3390 750 3444 794 et
3475 758 3574 796 es-

2087 842 2108 877 t
2140 826 2417 881 scindatur
2473 829 2698 883 omnino
2727 842 2757 883 a
2819 831 3231 896 communione,
3277 840 3337 886 ut
3379 832 3572 888 Simon

2095 935 2116 970 ι
2147 919 2334 989 Magus
2365 934 2395 972 a
2428 935 2510 975 me
2533 919 2727 976 Petro:
2769 931 2818 976 et
2863 935 3037 978 canon
3067 924 3102 977 2
3127 934 3440 980 sanctorum
3468 927 3578 982 Pa-

2094 1029 2112 1064 r
2148 1020 2292 1067 trum
2313 1013 2404 1082 qui
2432 1013 2778 1069 Chalcedone
2823 1026 3219 1082 convenerunt,
3260 1019 3350 1087 qui
3401 1019 3572 1074 dicit:

2092 1120 2111 1154 ι
2147 1105 2203 1158 Si
2241 1104 2366 1174 quis
2397 1105 2688 1174 episcopus
2727 1107 2972 1175 pecuniis
2998 1107 3395 1163 ordinationem
3430 1110 3577 1164 fece-

2089 1215 2109 1250 r
2147 1197 2236 1261 rit,
2279 1207 2333 1252 et
2390 1199 2619 1267 gratiam
2664 1213 2769 1253 non
2823 1199 3068 1253 venalem
3126 1200 3179 1253 in
3244 1204 3574 1270 emptionem

2089 1307 2110 1343 ι
2147 1290 2450 1355 deduxerit,
2497 1301 2550 1346 et
2583 1292 2824 1361 pecuniis
2872 1292 3218 1347 ordinaverit
3239 1294 3575 1361 episcopum,

2098 1400 2118 1434 ι
2154 1383 2234 1436 vel
2267 1382 2737 1452 chorepiscopum,
2774 1383 2856 1435 vel
2890 1383 3297 1452 presbyterum,
3351 1386 3430 1437 vel
3460 1385 3578 1437 dia-

2098 1489 2116 1526 t
2154 1489 2374 1534 conum,
2412 1474 2492 1528 vel
2520 1475 2758 1542 aliquem
2795 1489 2983 1528 eorum
3021 1475 3115 1543 qui
3145 1476 3199 1528 in
3253 1478 3396 1529 clero
3427 1492 3566 1530 cnu-

2082 1580 2112 1620 ει
2150 1574 2447 1630 merantur,
2466 1567 2548 1621 vel
2580 1567 2822 1637 pecuniis
2850 1571 3183 1637 promoverit
3210 1584 3580 1633 mcennmum,

2088 1675 2110 1710 ι
2145 1657 2229 1712 vel
2264 1656 2627 1723 defensorem,
2690 1657 2772 1712 vel
2809 1659 3122 1712 monaSIcrii
3174 1659 3577 1721 adtninistrunt,

2089 1767 2109 1801 ι
2141 1749 2475 1802 velomnino
2540 1749 2776 1817 aliquem
2828 1764 2894 1804 ex
2940 1765 3168 1812 canone,
3220 1749 3396 1818 turpis
3445 1750 3580 1803 lucri

2091 1857 2109 1891 ι
2147 1841 2342 1908 gratia,
2377 1838 2470 1906 qui
2515 1841 2614 1894 hoc
2646 1854 2940 1910 aggressus
2969 1856 3092 1895 esse
3142 1841 3427 1895 convictus
3462 1840 3581 1894 l‘ue-

2089 1950 2108 1984 ι
2144 1933 2236 1994 rit,
2262 1932 2329 1986 de
2366 1935 2587 2001 proprio
2618 1933 2789 2001 gradu
2831 1934 3012 1986 veniat
3043 1932 3097 1986 in
3129 1933 3466 2000 periculum:
3524 1943 3578 1984 et

2081 2043 2108 2077 Ἰ
2138 2026 2231 2096 qui
2270 2027 2576 2089 ordinatur,
2627 2041 2693 2079 ex
2740 2040 2802 2078 ea
2837 2025 3186 2080 ordinatione
3228 2028 3309 2079 vel
3364 2041 3583 2094 promo-

2087 2136 2105 2170 ι
2145 2119 2314 2182 tione,
2334 2133 2457 2187 quae
2489 2119 2666 2185 pretio
2697 2120 2825 2172 dato
2855 2121 3026 2173 instar
3060 2132 3385 2173 mercaturae
3434 2120 3580 2174 facta

2086 2219 2105 2264 ι
2139 2221 2222 2266 est
2248 2210 2384 2264 nihil
2415 2210 2674 2281 juvetur;
2718 2211 2812 2267 sed
2845 2211 3161 2266 sit-alienus
3217 2226 3246 2265 a
3313 2211 3581 2280 dignitate

2083 2320 2107 2355 ι
2145 2304 2225 2358 vel
2258 2319 2483 2358 munere
2509 2320 2607 2358 seu
2665 2305 2951 2360 curatione
2979 2319 3147 2373 quam
3213 2306 3461 2372 pecuniis
3487 2321 3577 2358 as-

2075 2409 2106 2448 ἰ
2141 2410 2369 2453 secutus
2398 2408 2502 2453 est.
2535 2399 2589 2451 Si
2627 2399 2752 2468 quis
2775 2410 2973 2451 ‘autem
3001 2406 3057 2451 et
3089 2397 3264 2452 lucris
3287 2397 3424 2452 adeo
3459 2406 3580 2452 tur-

2096 2489 2307 2558 ipibus
2355 2499 2409 2544 et
2491 2489 2702 2544 illicitis
2740 2489 3076 2544 intercessor
3140 2504 3235 2543 seu
3300 2503 3582 2560 sequester

2089 2602 2106 2634 ι
2139 2584 2475 2653 apparuerit,
2509 2583 2597 2638 hic
2636 2599 2875 2655 quoque,
2904 2585 2952 2640 si
2974 2586 3045 2640 sit
3071 2587 3290 2656 quidem
3318 2587 3576 2650 clericus,

2085 2693 2105 2728 ι
2146 2689 2174 2728 a
2213 2677 2432 2744 preprio
2479 2675 2649 2747 gradu
2705 2678 2918 2732 excidat
2960 2694 2975 2732 :
3029 2678 3115 2733 sin
3163 2688 3342 2733 autem
3404 2679 3578 2736 laicus

2083 2785 2105 2820 ι
2139 2755 2224 2823 vel
2259 2769 2585 2833 monachus,
2614 2779 2947 2839 aegr-egetur.
2973 2790 2990 2820 ι

2039 2870 2044 2875 ‘
2077 2861 2271 2916 BALS.
2329 2859 2515 2916 Sancti
2545 2859 2733 2916 Patres
2766 2862 2996 2916 clericos
3033 2863 3300 2931 punituri,
3333 2866 3424 2934 qui
3456 2866 3579 2935 pri-

2007 2971 2156 3010 mum
2211 2954 2428 3025 quidem
2479 2963 2674 3024 sponte
2721 2963 2775 3008 et
2824 2955 2908 3023 pia
2963 2964 3149 3010 mente
3195 2959 3454 3027 pecunias
3495 2958 3580 3012 vel

2007 3047 2185 3118 aliqua
2219 3048 2325 3101 alia
2374 3048 2426 3101 in
2484 3046 2745 3101 ecclesias
2805 3045 3084 3110 aﬂ‘erunt;
3151 3058 3337 3116 postea
3395 3044 3577 3104 autem

2007 3151 2231 3212 propter
2279 3139 2624 3194 donationem
2675 3153 2741 3194 se
2785 3140 3031 3208 jactant,
3079 3152 3132 3194 et
3182 3143 3384 3212 primas
3421 3143 3580 3198 sedes

2015 3235 2335 3306 prioresque
2365 3233 2604 3286 honores
2644 3232 2921 3300 quierunt,
2975 3235 3028 3286 in
3069 3250 3165 3290 eos
3203 3237 3396 3305 probra
3432 3238 3581 3306 inge-

2017 3327 2331 3393 rentesrqui
2364 3335 2584 3394 propter
2606 3325 2856 3379 virtutem
2883 3328 2964 3380 vel
2997 3328 3264 3381 actionem
3293 3333 3344 3382 in
3375 3331 3578 3384 clerum

2017 3417 2279 3474 divinitus
2301 3420 2503 3488 recepti
2535 3427 2660 3471 sunt
2688 3417 2992 3473 confratres
3022 3421 3103 3473 sui
3129 3437 3142 3473 ε
3179 3419 3324 3474 dicto
3346 3424 3578 3488 quodun

2017 3513 2071 3568 in
2105 3511 2389 3581 prooemiis
2434 3509 2514 3563 usi
2566 3516 2691 3563 sunt
2727 3525 2791 3562 ex
2816 3510 2987 3578 prima
3019 3510 3296 3563 Catholica
3341 3510 3579 3579 Epistola

2018 3603 2189 3658 sancti
2243 3600 2473 3665 apostoli
2521 3607 2575 3652 et
2628 3601 2975 3668 evangelista:
3031 3600 3277 3664 Joannis,
3327 3603 3578 3667 dicente;

2017 3687 2113 3747 Est
2144 3702 2410 3762 peccatum
2441 3693 2510 3745 ad
2541 3692 2828 3756 mortem“,
2872 3693 3078 3747 scilicet
3128 3705 3402 3763 peccatum
3439 3710 3582 3745 mor-

2017 3788 2121 3841 tale
2173 3789 2317 3856 quod
2371 3794 2457 3840 est
2499 3786 2872 3856 incorrigibile
2923 3797 2974 3841 et
3024 3786 3183 3855 cujus
3233 3786 3374 3840 nulla
3405 3788 3580 3857 agitur

2015 3881 2363 3951 pcenitentia;
2417 3890 2469 3933 et
2520 3893 2592 3933 eo
2647 3879 2823 3932 adhuc
2880 3879 3116 3934 deterior
3158 3893 3281 3948 quae
3325 3888 3408 3934 est
3453 3894 3576 3933 cum

2016 3982 2240 4045 peccato
2269 3973 2619 4042 impudentia.
2707 3970 2991 4037 Quodnam
3031 3971 3177 4024 enim
3220 3973 3416 4024 malum
3470 3985 3577 4024 non

2019 4075 2262 4137 Superat,
2317 4068 2361 4119 si
2397 4061 2517 4132 quis
2546 4077 2932 4128 mammonam,
2967 4064 3017 4116 id
3045 4073 3152 4127 est,
3185 4063 3444 4133 pecunias
3485 4062 3577 4114 Dei

2020 4156 2273 4211 mandato
2299 4153 2584 4224 preferat:
2638 4161 2690 4206 et
2737 4151 2904 4217 'dicat,
2958 4153 3157 4208 debere
3182 4165 3242 4208 se
3265 4154 3335 4207 ob
3362 4169 3423 4207 ea
3455 4168 3580 4221 qua:

2018 4248 2220 4308 attulit,
2254 4246 2465 4300 caeteris
2491 4244 2613 4299 aliis
2643 4243 2850 4297 honore
2881 4243 3148 4314 praeferri,
3200 4245 3294 4314 qui
3348 4245 3581 4297 fortasse

2017 4323 2272 4395 actiones
2291 4338 2492 4391 habent
2514 4335 2790 4389 autetiam
2821 4335 3120 4389 virtutem?
3173 4335 3280 4388 Eos
3301 4346 3453 4404 ergo,
3483 4335 3574 4404 qui

2019 4435 2090 4490 ita
2125 4432 2361 4487 sentiunt
2403 4441 2457 4484 et
2489 4428 2836 4498 pecuniarum
2862 4428 3106 4483 datiom's
3136 4429 3357 4483 omnino
3381 4430 3580 4481 mmi-

1942 4559 1989 4618 D
2015 4535 2233 4591 nerunt,
2261 4536 2324 4581 et
2350 4533 2569 4594 sperant
2607 4532 2824 4593 prepter
2854 4524 2903 4576 id
2939 4540 2997 4578 se
3021 4525 3165 4590 apud
3203 4525 3402 4576 multos
3438 4537 3575 4590 prae.

2013 4620 2315 4692 ponendus,
2350 4633 2417 4672 ex
2456 4632 2562 4686 quo
2585 4617 2761 4684 maior
2781 4617 3170 4670 condemnatio
3204 4613 3476 4680 sequitur,
3523 4622 3579 4666 et

2013 4721 2200 4783 aperto
2247 4711 2400 4780 quasi
2449 4723 2542 4764 ore
2581 4710 2692 4762 suis
2721 4708 2981 4762 l‘ratrrims
3028 4718 3420 4776 paupertatem,
3451 4722 3579 4774 qua;

2015 4808 2080 4862 ad
2117 4807 2226 4860 alta
2275 4820 2370 4858 cos
2403 4800 2668 4871 provexit,
2718 4799 3069 4867 exprobrant,
3111 4798 3176 4849 ad
3214 4795 3460 4850 intimum
3493 4798 3573 4849 sui

2015 4897 2215 4968 gradus
2242 4896 2423 4949 locum
2466 4891 2687 4955 dimitti,
2745 4903 2801 4944 ut
2843 4889 3227 4943 bumilientur:
3269 4888 3364 4941 sin
3387 4898 3577 4941 autem

2014 4991 2095 5045 sic
2122 5000 2336 5056 quoque
2363 4985 2415 5039 in
2446 4986 2586 5036 malo
2611 4991 2974 5051 perseverent,
3013 4979 3189 5049 puniri
3224 4989 3281 5032 ut
3311 4978 3572 5048 episcopo

2010 5081 2234 5136 omnino
2287 5078 2460 5131 visum
2514 5075 2698 5129 fuerit.
2789 5073 2854 5128 Et
2901 5074 3020 5127 inec
3063 5072 3302 5141 qttidem,
3359 5069 3579 5138 quando

2010 5168 2281 5241 quispiam
2319 5175 2414 5223 sua
2447 5174 2636 5235 sponte
2668 5166 2720 5217 in
2758 5165 3038 5218 ecclesiam
3073 5177 3157 5216 res
3194 5161 3405 5229 aliquas
3434 5160 3578 5210 tule—

2012 5263 2116 5315 rit:
2152 5273 2286 5327 quas
2314 5266 2368 5311 et
2397 5257 2487 5325 qui
2521 5247 2813 5323 accipiunt,
2839 5254 2972 5308 citra
3007 5253 3174 5306 ullum
3201 5251 3575 5320 prtejudicium

2015 5354 2310 5420 accipiunt,
2347 5361 2399 5405 et
2428 5350 2518 5418 qui
2549 5346 2681 5402 dant
2716 5351 2765 5402 in
2802 5361 3015 5419 pmnam
3049 5361 3156 5400 non
3191 5334 3459 5398 incidunt.
3519 5339 3575 5392 Si

2014 5443 2139 5514 quis
2185 5454 2386 5504 autem,
2438 5440 2629 5509 inquit,
2681 5441 2749 5494 ab
2799 5440 2951 5493 initio
2999 5453 3103 5491 non
3156 5436 3227 5487 ita
3273 5431 3475 5485 liberali
3523 5439 3578 5481 et

2015 5545 2206 5604 sponte
2233 5535 2481 5602 sus¢epta
2514 5531 2812 5595 voluntate,
2847 5531 2943 5585 sed
2975 5537 3032 5582 ut
3065 5526 3360 5585 ordinetur,
3397 5519 3488 5572 vel
3518 5520 3576 5571 in

2013 5629 2218 5684 clerum
2249 5631 2548 5693 cooptetur,
2594 5624 2680 5679 Vel
2720 5624 2904 5693 aliquo
2934 5621 3039 5674 alio
3073 5615 3232 5671 modo
3263 5615 3314 5664 in
3341 5609 3576 5663 ecclesia

2011 5718 2264 5789 eligatur,
2294 5715 2628 5772 oblationem
2661 5716 2884 5773 fecerit:
2914 5713 3038 5768 talis
3067 5707 3341 5777 puniatur,
3375 5711 3432 5753 ut
3453 5700 3577 5753 vult
