3972 6488
427 380 534 442 90⁸1

1680 376 1961 439 ΤΗΕΟΙ).
2002 378 2411 443 BALSAMON
2454 412 2457 415 -

3534 391 3629 457 904

418 515 540 554 can.
581 507 756 569 apost.
788 497 879 561 29,
914 505 968 552 et
1002 511 1127 551 can.
1158 495 1214 560 2,
1246 494 1506 551 Chalced.
1542 510 1665 567 syn.
1720 496 1778 550 Id
1808 506 1971 548 auten

2090 493 2121 564 ἢ
2156 494 2331 559 άλλως
2353 512 2471 557 πως
2502 495 2560 549 ἐν
2598 494 2898 570 Ἐκκλησία
2921 497 3318 569 καταλεγῆναι’
3341 499 3370 553 6
3398 502 3627 569 τοιοῦτος

420 588 563 656 quod
593 585 828 651 dicitur;
885 584 949 638 In
978 585 1059 638 his
1082 602 1184 639 non
1211 595 1286 638 est
1318 583 1570 637 Dominus
1609 583 1771 647 Deus,
1820 597 1851 637 a
1880 584 1983 636 Pa-

415 680 594 735 tribus
628 686 910 750 acceptum
954 687 1039 733 est
1069 694 1135 733 ex
1176 678 1333 733 tertio
1366 679 1457 731 lib.
1500 677 1731 746 Regum,
1765 682 1985 746 propter

418 781 759 843 arrogantes.
792 780 846 826 et
868 787 962 827 eos
982 772 1074 840 qui
1097 786 1457 827 mammonam
1479 770 1790 841 praeierunt.
1847 767 1983 822 Cum

418 874 598 919 autem
632 863 789 919 audis
837 878 1098 919 canonem
1136 865 1510 919 nominantem
1556 879 1699 927 eam,
1742 876 1862 931 quat
1903 859 1982 915 sic

421 966 613 1028 sponte
639 957 720 1022 lit,
764 958 878 1011 auri
912 957 1189 1012 dationem
1221 956 1486 1019 illicitam,
1530 972 1596 1010 ne
1625 955 1830 1012 dixeris
1860 966 1981 1010 eam

417 1065 540 1105 esse
576 1050 927 1119 prohibitam,
964 1059 1018 1104 et
1052 1048 1173 1104 ideo
1207 1050 1367 1104 etiam
1400 1049 1661 1113 illicitam,
1703 1058 1762 1104 ιιι
1805 1066 1866 1106 ea
1899 1059 1983 1106 est

419 1159 540 1214 qua:
595 1144 859 1212 processit
902 1141 1264 1198 ordinationis
1314 1142 1396 1197 vel
1452 1143 1739 1198 clericatus
1786 1144 1977 1213 gratia.

422 1237 496 1291 De
522 1252 583 1290 ea
615 1238 761 1290 enim
793 1236 1048 1305 deinceps
1078 1238 1255 1292 decet.
1332 1234 1435 1290 Sed
1466 1252 1583 1291 eam
1623 1235 1812 1291 Patres
1857 1236 1981 1292 ideo

422 1331 666 1387 illicitam
700 1331 1141 1394 nominaverunt,
1185 1327 1327 1398 quod
1358 1329 1422 1390 is.
1476 1328 1567 1398 qui
1616 1343 1734 1383 eam
1768 1326 1977 1392 oﬂ‘erat,

423 1432 642 1492 propter
683 1422 823 1475 hanc
872 1419 1202 1475 oblationem
1248 1434 1309 1473 se
1351 1418 1566 1487 jactitet
1610 1425 1661 1472 et
1694 1417 1977 1487 glorietur.

317 1540 329 1553 -
420 1513 556 1568 Nota
589 1528 718 1582 ergo
749 1508 862 1567 haec
890 1522 1113 1582 propter
1140 1506 1236 1565 eos
1266 1508 1358 1579 qui
1392 1509 1683 1563 tondentur
1710 1508 1762 1561 in
1790 1522 1978 1562 mona-

419 1604 603 1659 steriis
630 1620 751 1658 cum
787 1605 1138 1673 pecuniarum
1175 1601 1480 1671 largitione,
1520 1607 1574 1655 et
1612 1608 1831 1670 propter
1859 1612 1975 1661 eos,

420 1696 583 1769 294
610 1696 708 1766 qui
741 1696 849 1750 Deo
879 1710 978 1750 sua
1019 1702 1212 1762 sponte
1237 1694 1538 1765 oblationes
1568 1691 1791 1759 faciunt.
1869 1690 1975 1746 Eos

418 1802 622 1855 autem,
673 1788 762 1858 qui
816 1787 1061 1857 pecuniis
1115 1788 1167 1841 in
1220 1789 1456 1841 externis
1504 1784 1843 1839 monasteriis
1884 1782 1975 1855 jus

418 1882 770 1936 fraternitatis
816 1880 1125 1949 acquirunt,
1172 1879 1470 1933 canonibus
1503 1876 1676 1932 teneri
1722 1890 1827 1930 non
1857 1875 1975 1930 exi-

419 1976 602 2036 stimo,
651 1972 797 2042 quod
853 1972 922 2027 sit
971 1969 1327 2040 vituperanda
1365 1969 1746 2023 alimentorum
1784 1965 1974 2035 acqui-

419 2067 565 2121 sitio.
647 2064 789 2131 Quid
821 2072 1022 2127 autem,
1054 2063 1148 2134 qui
1187 2072 1381 2133 sponte
1418 2061 1637 2129 quidem
1670 2074 1757 2115 res
1782 2059 1976 2114 obtulit

419 2160 499 2214 sic
547 2158 797 2228 punitur;
847 2156 941 2227 qui
977 2170 1123 2219 vero,
1163 2164 1221 2208 ut
1264 2164 1409 2210 esset
1479 2153 1716 2208 clericus
1762 2151 1845 2206 vel
1916 2160 1977 2204 ut

418 2251 754 2312 tonderetur,
806 2263 893 2303 res
935 2247 1073 2302 ullas
1101 2247 1271 2312 dedit,
1322 2254 1603 2316 postquam
1630 2244 1855 2313 punitus
1892 2242 1977 2297 fu-

418 2341 544 2405 erit,
577 2356 734 2406 eane,
760 2355 879 2409 qua:
918 2339 1151 2405 dederit,
1191 2346 1337 2409 petet
1364 2336 1694 2391 etlicaciter?
1746 2333 1976 2390 Salutio.

420 2430 799 2501 Nequaquam.
848 2429 937 2484 Ait
976 2430 1121 2485 enim
1156 2443 1276 2499 cap.
1336 2428 1423 2491 ll,
1468 2427 1555 2481 tit.
1594 2425 1649 2489 2,
1686 2426 1781 2482 lib.
1827 2440 1976 2481 χχιιι.

419 2524 588 2579 Basil.
644 2523 746 2576 hoc
800 2522 997 2576 modo:
1067 2521 1218 2587 Quod
1274 2520 1416 2589 turpi
1469 2518 1756 2588 utriusque
1811 2532 1977 2573 causa

419 2616 602 2679 datur,
628 2614 858 2685 ejusque
882 2613 975 2680 qui
999 2611 1092 2667 dat
1119 2622 1171 2666 et
1191 2612 1309 2681 ejus
1334 2612 1425 2681 qui
1449 2610 1665 2681 accipit,
1692 2624 1796 2664 non
1818 2607 1976 2664 redit.

421 2708 486 2762 Et
507 2710 827 2762 exteriorem
858 2704 1015 2759 atIert
1046 2706 1129 2760 lex
1159 2704 1379 2773 antiqua
1409 2704 1691 2766 rationem,
1720 2699 1977 2772 quoniam

422 2803 475 2856 in
506 2802 619 2871 pari
649 2814 814 2855 causa
850 2799 1027 2870 potior
1056 2808 1139 2853 est
1168 2798 1258 2868 qui
1306 2795 1565 2866 possidet,
1610 2809 1674 2849 ex
1707 2809 1839 2849 χχιι.
1878 2792 1973 2848 lib.

422 2895 536 2951 hasc
565 2895 791 2971 eligens.

2088 584 2401 649 κολαζέσθω
2434 586 2575 640 κατά
2630 587 2724 641 τὸν
2774 588 2857 642 κθ⁹
2907 589 3263 643 ἀποστολικδν
3312 593 3513 646 κανόνα
3545 595 3631 648 καὶ

2084 676 2174 730 τὸν
2204 674 2249 746 β’
2280 676 2478 732 κανόνα
2510 677 2611 747 τῆς
2638 681 2695 733 ὲν
2724 679 3027 752 Χαλκηδόνι
3072 683 3312 738 συνόδου.
3350 684 3423 737 Τὸ
3456 685 3631 754 μέντοι

2093 769 2245 840 ῥῆμα
2272 770 2332 823 τὸ
2396 770 2573 841 λέγον,
2625 771 2729 826 Ἐν
2758 773 2986 839 τούτοις
3009 775 3120 829 οὐκ
3174 776 3306 828 ἔστι
3348 777 3561 846 Κύριος
3605 779 3632 831 ό

2086 863 2249 929 Θεὸς,
2281 863 2550 937 ὲξελήφθη
2604 865 2755 936 παρά
2786 866 2896 921 τῶν
2934 867 3106 934 ἁγίων
3136 868 3392 939 Πατέρων
3423 870 3487 922 ἐκ
3534 870 3634 940 τῆς

2080 954 2270 1024 τρίτης
2292 955 2398 1006 τῶν
2425 955 2718 1010 Βασιλειῶν
2741 956 2827 1011 διὰ
2859 958 2985 1022 τοὺς
3031 957 3299 1022 ἀλαζόνας
3332 963 3427 1012 καὶ
3480 977 3628 1032 προ-

2080 1045 2425 1115 τιμωμένους
2483 1047 2550 1103 τᾶ
2605 1046 2699 1101 τοῦ
2761 1050 3060 1119 μαμμωνᾶ.
3121 1048 3359 1103 ’Ᾱκούων
3418 1049 3476 1103 δὲ
3535 1050 3628 1104 τοῦ

2032 1168 2035 1169 ν
2082 1136 2299 1199 κανόνος
2324 1137 2676 1208 ὀνομάζοντος
2707 1139 2804 1209 τὴν
2834 1139 3007 1203 οὕτως
3038 1141 3302 1205 ἑκουσίως
3335 1143 3629 1212 γινομένην

2079 1228 2225 1281 δόσιν
2250 1230 2344 1283 τοῦ
2372 1230 2595 1301 χρυσίου
2634 1232 2889 1302 ἄθεσμον,
2925 1234 2999 1302 μὴ
3044 1234 3206 1306 είπῃς
3246 1230 3388 1288 εἶναι
3429 1234 3633 1306 ταύτην

2083 1318 2492 1390 κεκωλυμένην,
2531 1322 2820 1375 κάντεῦθεν
2861 1322 2953 1376 καὶ
2991 1323 3247 1393 ἄθεσμον,
3296 1324 3376 1386 ὡς
3428 1324 3636 1395 προσᾶ-

2083 1427 2181 1464 σαν
2229 1411 2391 1483 χάριν
2452 1412 2766 1485 ὲξωνήσεως
2805 1415 3134 1484 χειροτονίας
3178 1416 3211 1488 ἢ
3269 1412 3635 1487 κληρώσεωςυ

2080 1504 2207 1574 περὶ
2238 1502 2438 1575 ταύτης
2485 1505 2594 1573 γὰρ
2649 1504 2846 1575 ἑφεξῆς
2901 1506 3139 1560 διδάσκει
3166 1523 3180 1537 ·
3234 1506 3352 1561 ἀλλ’
3394 1508 3634 1576 ἄθεσμον

2076 1597 2278 1667 ταύτην
2304 1598 2351 1649 οί
2380 1598 2619 1667 Πατέρες
2648 1597 2937 1668 ὠνόμασαν
2966 1600 3055 1653 διὰ
3076 1599 3167 1652 τόν
3194 1602 3633 1670 προσαγαγόντα,

2076 1692 2171 1743 καὶ
2214 1690 2305 1744 διὰ
2349 1692 2554 1762 ταύτην
2615 1692 2980 1763 προσαγωγὴν
3034 1692 3479 1764 ὲνασρυνόμενον.
3532 1693 3637 1764 Ση-

2080 1780 2308 1850 μείωσαι
2335 1779 2508 1835 ταῦτα
2533 1780 2618 1833 διὰ
2660 1782 2784 1843 τοὺς
2835 1780 3297 1852 ἀποκειρομὲνους
3335 1780 3416 1842 είς
3467 1795 3631 1849 μονα-

2078 1874 2274 1943 στὴρια
2309 1873 2447 1943 μετά
2477 1871 2673 1936 δόσεως
2699 1873 3017 1944 χρημάτων,
3050 1874 3144 1925 καὶ
3186 1871 3273 1925 διά
3311 1871 3438 1935 τοὺς
3471 1870 3627 1924 αὑτο-

2076 1963 2419 2033 προαιρέτως
2453 1961 2740 2026 ποιοῦντας
2789 1962 3157 2035 προσαγωγὰς
3192 1960 3271 2031 τῷ
3310 1958 3449 2029 Θεῷ.
3491 1958 3629 2023 Τοὺς

2079 2057 2263 2126 μέντοι
2345 2056 2753 2124 ἐπικτωμένους
2824 2053 3195 2126 ὲξωμονίτατα
3250 2049 3523 2122 ἀδελφάτα
3568 2052 3626 2105 ἑν

2080 2148 2465 2218 μοναστηρίοις
2510 2147 2599 2202 διὰ
2647 2146 2946 2218 χρημάτων
3000 2146 3062 2200 οὐ
3111 2146 3321 2217 νομίζω
3371 2145 3479 2202 ὑπὸ
3520 2145 3629 2202 τῶν

2080 2241 2319 2293 κανόνων
2371 2239 2707 2306 ἁλίσκεσθαι,
2758 2239 2846 2294 διὰ
2894 2240 2954 2295 τὸ
3007 2239 3082 2312 μὴ
3126 2236 3267 2295 εἶναι
3319 2240 3628 2313 ὲπίμομφον

2075 2334 2174 2405 τὴν
2196 2333 2304 2386 τῶν
2335 2335 2658 2404 σιτηρεσίων
2688 2332 2997 2403 ἐπίκτησιν.
3028 2334 3092 2385 Τί
3124 2332 3204 2399 δὲ,
3232 2337 3260 2388 6
3313 2335 3414 2405 μὲν
3439 2334 3628 2389 αὐθαι-

2081 2426 2246 2497 ρέτως
2277 2424 2643 2495 προσαγαγὼν
2675 2426 2953 2496 χρήματα,
2982 2426 3124 2480 οὕτω
3165 2428 3474 2492 κολάζεται,
3503 2433 3531 2483 6
3574 2430 3628 2482 δὲ

2077 2518 2167 2571 διὰ
2214 2516 2276 2570 τὸ
2324 2515 2670 2587 κληρωθῆναι
2714 2516 2747 2587 ἥ
2788 2518 3134 2589 ἀποκαρῆναι
3183 2520 3307 2583 δοὺς
3355 2521 3630 2592 οίαδήτινα

2081 2612 2381 2682 πράγματα
2407 2610 2722 2679 ὲνδυνάμως
2752 2612 2977 2682 ζητήσει
3029 2613 3170 2683 μετά
3204 2614 3262 2667 τὸ
3303 2615 3631 2685 κολασθῆναι
3708 2626 3719 2638 ⁸

2080 2703 2116 2759 ἃ
2148 2703 2383 2768 δέδωκες
2415 2704 2624 2770 Λῦσις.
2660 2703 2942 2775 Οὐδαμῶς.
2988 2708 3124 2777 Φησὶ
3173 2707 3280 2776 γὰρ
3323 2708 3383 2760 τὸ
3412 2707 3480 2761 ια’
3509 2725 3628 2776 κειρ.

2079 2792 2172 2847 τοῦ
2208 2793 2250 2864 β’
2278 2793 2455 2845 τίτλου
2491 2793 2581 2847 τοῦ
2614 2794 2691 2847 κδ’
2736 2793 2938 2865 βιϐλίου
2972 2796 3080 2849 τῶν
3127 2796 3429 2852 Βασιλικῶν
3468 2798 3628 2851 οὕτωσ

2088 2888 2156 2940 Τὸ
2187 2885 2284 2938 ἐπὶ
2313 2884 2533 2955 αίσχρᾷ
2559 2887 2717 2954 ιιίτίᾳ
2745 2887 3042 2956 ἑκατέρων
3069 2889 3407 2958 διδόμενον,
3439 2895 3543 2946 τοῦ
3569 2906 3628 2944 τε

418 2988 710 3049 λαϐοντος
729 2985 823 3037 καί
848 2982 953 3037 τοῦ
973 2979 1479 3051 παρέχοντος-,οὐκ
1500 2979 1968 3048 ἀντιστρέφεται.
2003 2979 2109 3033 Καὶ
2142 2978 2495 3049 προστίθησιν
2532 2978 2729 3042 ἔξωθεν
2761 2981 2789 3032 ό
2818 2980 3046 3045 παλαιὸς
3103 2980 3385 3051 λογισμὸν,
3438 2984 3522 3037 δτι
3576 2986 3630 3038 ὲν

372 3146 377 3155 ἱ
421 3085 512 3151 ίσῃ
539 3083 688 3145 αἰτία
716 3080 981 3145 κρείττων
1028 3080 1175 3131 ἐστὶν
1215 3078 1243 3129 6
1278 3077 1596 3146 νεμόμενος,
1632 3078 1697 3126 ὲκ
1735 3074 1829 3127 τοῦ
1863 3074 1946 3143 κβ¹
1976 3073 2179 3144 βιϐλίου
2204 3071 2361 3125 τοῦτο
2387 3071 2804 3143 ἀναλεξάμενος.

491 3173 739 3229 ZUNAR.
802 3174 1078 3236 Nonnulli,
1100 3188 1221 3227 cunt
1244 3173 1295 3227 in
1313 3174 1516 3226 clerum
1546 3170 1751 3243 legendi
1770 3180 1971 3252 essent,

2148 3169 2393 3223 ΖΩΝΑΡ.
2428 3168 2581 3231 Τινὲς
2607 3169 2688 3232 είς
2718 3169 2916 3240 κλῆρον
2948 3172 3316 3243 καταταγῆναι
3345 3172 3628 3240 μέλλοντες

422 3267 678 3337 pecunias
742 3266 995 3321 Ecclesiae
1053 3264 1268 3327 oﬂ'erre,
1328 3265 1541 3334 Deoque
1597 3263 1793 3333 dicari;
1827 3262 1974 3316 soliti

420 3369 587 3414 sunt:
641 3358 837 3429 quibus
889 3356 1085 3411 deinde
1137 3355 1495 3424 praefidentes.
1547 3369 1713 3423 seque
1761 3353 1813 3407 in
1842 3368 1976 3408 auro

423 3455 517 3509 illo
549 3452 782 3522 gloriose
812 3452 1101 3520 jactantcs.
1140 3463 1450 3519 quicunque
1490 3449 1631 3501 nulla
1663 3449 1784 3501 data
1814 3460 1977 3517 pecu~

422 3546 511 3598 nia
535 3542 605 3597 ob
632 3542 879 3595 virtutem
911 3540 1071 3599 forte,
1118 3539 1195 3592 vel
1230 3538 1391 3591 etiam
1445 3539 1515 3591 ob
1549 3536 1759 3590 dicendi
1811 3534 1977 3589 facul-

421 3642 612 3694 tatem,
666 3631 813 3685 clero
857 3628 1117 3696 adscripti
1154 3628 1388 3692 fuerant,
1427 3637 1674 3697 proterve
1715 3626 1976 3682 conviciis

423 3722 850 3776 insectabantur.
912 3716 1229 3786 Hujusmodi
1278 3717 1438 3787 igitur
1485 3717 1750 3783 homines,
1802 3720 1975 3786 primo

419 3813 639 3883 quidem
669 3813 735 3866 de
764 3811 934 3880 gradu
968 3810 1149 3878 dejici.
1201 3826 1267 3866 ac
1317 3812 1370 3863 in
1414 3818 1715 3863 extremum
1766 3807 1974 3864 ordinis

420 3907 506 3961 sui
538 3906 712 3960 locum
740 3904 1051 3958 emundari:
1108 3910 1219 3954 tum
1265 3902 1311 3955 si
1352 3901 1535 3955 adhuc
1572 3916 1601 3954 a
1635 3901 1832 3955 malitia
1867 3915 1972 3956 non

420 3996 723 4058 discedant,
772 3994 952 4064 pronis
983 4008 1217 4064 quoque,
1274 4002 1333 4045 ut
1364 4007 1458 4062 per
1484 4008 1577 4047 eas
1607 3992 1971 4063 corrigantur,

420 4088 562 4145 atiici
595 4103 771 4143 canon
819 4088 993 4156 jubet.
1079 4084 1367 4141 Exordium
1423 4098 1548 4138 vero
1598 4084 1668 4139 ab
1704 4094 1879 4153 apost.
1917 4093 1974 4138 et

419 4199 615 4253 evang.
670 4181 878 4237 Joanne
937 4179 1164 4233 canonis
1221 4189 1473 4232 auctores
1530 4175 1759 4230 mutuati
1816 4182 1967 4230 sunt.

422 4273 570 4330 Illius
620 4287 854 4341 namque
898 4273 1061 4324 verba
1104 4270 1195 4322 illa
1224 4278 1369 4332 sunt,
1422 4267 1474 4322 in
1502 4266 1672 4338 prima
1697 4264 1970 4320 Catholica

423 4365 685 4437 Epistula,
737 4362 834 4417 Est
882 4371 1147 4431 peccatum
1187 4361 1256 4413 ad
1298 4370 1547 4415 mortem:
1593 4374 1711 4428 qute
1757 4358 1967 4427 quidem

420 4458 607 4512 Patres
639 4457 705 4509 de
736 4455 824 4519 iis,
874 4455 966 4524 qui
997 4461 1309 4524 peccarunt,
1361 4462 1413 4506 et
1450 4466 1554 4505 non
1606 4450 1966 4519 resipuerunt,

423 4552 869 4622 interpretantur.
923 4548 988 4602 Et
1016 4563 1164 4614 vero,
1192 4547 1479 4616 nequiores
1500 4546 1676 4600 adhuc
1706 4545 1826 4601 illos
1848 4560 1968 4599 esse

419 4652 693 4706 asserunt,
728 4650 782 4695 et
812 4656 998 4697 revera
1046 4647 1197 4705 sunt,
1228 4640 1321 4710 qui
1357 4646 1568 4707 patrato
1599 4637 1804 4692 nefario
1834 4635 1969 4690 faci-

421 4746 553 4785 nore
611 4730 799 4784 tollere
854 4744 1081 4795 cornua,
1139 4729 1243 4783 hoc
1293 4735 1412 4792 est,
1464 4741 1582 4781 sese
1634 4723 1966 4794 impudente,

416 4821 611 4876 eﬂ‘erre
640 4821 860 4875 minime
889 4828 1160 4876 verentur.
1246 4819 1324 4873 Ac
1358 4818 1565 4872 facinus
1590 4817 1806 4888 quidem
1835 4816 1966 4871 illud

417 4913 712 4981 appellant,
770 4913 822 4965 in
855 4912 1035 4967 oblata
1071 4911 1326 4966 nimirum
1355 4911 1583 4980 pecunia
1615 4924 1738 4964 sese
1761 4908 1966 4980 glorio.

421 5004 537 5053 sius
561 5000 787 5069 jactare,
820 5001 1095 5071 divinique
1129 5002 1377 5073 pracepti
1407 4998 1711 5054 auctoritati
1740 4998 1965 5052 canoni-

422 5092 609 5157 ctsque
663 5090 1140 5144 constitutionibus
1207 5102 1606 5151 mammonatn,
1680 5086 1962 5156 pecuniam

423 5176 703 5243 videlicet,
773 5178 1061 5233 anteferre.
1156 5178 1501 5248 lmpudeutite
1561 5192 1689 5231 vero
1747 5178 1964 5233 nomine

414 5266 659 5321 convicia
692 5275 745 5322 et
775 5268 1145 5332 contumelias,
1190 5284 1307 5338 qua:
1335 5267 1409 5322 illi
1444 5268 1496 5322 in
1527 5266 1729 5321 clerum
1759 5266 1963 5337 absque

412 5359 655 5430 pecunia:
687 5362 1000 5430 praebitione
1034 5361 1300 5431 cooptatis
1331 5361 1603 5431 ingerunt,
1630 5361 1958 5418 intellexere.

412 5452 537 5507 Non
562 5463 639 5507 est
670 5455 724 5508 in
749 5453 851 5518 his,
880 5454 1151 5522 inquiunt,
1181 5452 1431 5509 Dominus
1462 5454 1596 5508 Deus
1614 5469 1637 5520 ;
1689 5454 1790 5508 hoc
1819 5470 1959 5526 quo-

409 5563 516 5618 que
540 5563 606 5603 ex
638 5546 939 5618 Scriptura,
971 5546 1173 5617 Hegum
1205 5548 1380 5602 tertio.
1448 5546 1553 5605 Eos
1584 5549 1743 5619 igitur
1767 5564 1959 5618 magna

407 5640 742 5697 demissione
774 5640 884 5695 Deo
913 5639 1240 5709 supplicare,
1292 5655 1355 5694 ac
1385 5640 1591 5711 peccati
1620 5641 1831 5697 veniam
1860 5656 1956 5696 ex-

410 5748 653 5804 poscere,
688 5749 797 5788 non
825 5745 1016 5789 contra
1050 5734 1234 5804 iniqua
1261 5732 1546 5802 largitione
1579 5734 1759 5790 eﬂ‘erri
1794 5750 1955 5805 opor-

408 5835 505 5885 tet.
558 5827 803 5899 iniquam
850 5841 977 5884 vero
1006 5828 1230 5897 appellat
1264 5828 1623 5900 largitionem,
1674 5844 1781 5884 non
1810 5828 1953 5899 quod

2076 3263 2350 3332 προσῆγον
2381 3264 2449 3333 τῇ
2489 3261 2792 3334 Ἐκκλησία
2846 3264 3126 3335 χρήματα,
3153 3266 3229 3330 ὡς
3272 3267 3626 3338 ἀφιεροῦντες

2075 3354 2247 3408 ταῦτα
2295 3353 2373 3424 τῷ
2424 3354 2579 3424 Θεῷ·
2613 3349 2731 3408 εἶτα
2784 3355 2993 3420 τούτοις
3037 3356 3384 3430 θαρροῦντες,
3432 3363 3524 3414 καὶ
3559 3364 3624 3432 τῇ

2073 3441 2217 3496 δόσει
2242 3441 2335 3496 τοῦ
2360 3443 2582 3513 χρυσίου
2612 3443 2974 3515 καυχώμενοι,
2995 3445 3269 3512 ὠνείδιζον
3296 3449 3468 3513 ἀδεῶς
3501 3452 3627 3515 τοὺς

2073 3533 2296 3595 δόσεως
2322 3533 2546 3603 χρυσίου
2575 3535 2745 3604 χωρὶς
2787 3534 2854 3588 δι’
2884 3536 3084 3607 ἀρετὴν
3114 3538 3244 3603 ἴσως
3281 3539 3312 3610 ἢ
3345 3543 3441 3595 καὶ
3471 3543 3626 3611 λόγον

2074 3624 2480 3692 καταταγέντας
2508 3624 2585 3695 τῷ
2614 3626 2817 3698 κλήρῳ.
2852 3628 2989 3693 Τοὺς
3022 3629 3152 3698 γοῦν
3176 3632 3449 3697 τοιούτους
3479 3634 3626 3705 πρῶ-

2073 3733 2164 3769 τον
2214 3718 2311 3786 μὲν
2362 3717 2785 3781 ὑποσιῦάζεσθσι
2838 3719 3089 3789 βούλεται
3114 3722 3162 3775 -ό
3212 3723 3395 3777 κανὼν
3442 3726 3507 3778 ἐκ
3532 3724 3623 3778 τοῦ

2072 3807 2271 3862 οἰκείου
2330 3807 2561 3878 βαθμοῦ,
2614 3810 2710 3865 καὶ
2759 3812 2840 3874 είς
2887 3811 2977 3866 τὸν
3034 3810 3261 3884 ἔσχατον
3309 3816 3477 3870 τόπον
3530 3815 3620 3871 τοῦ

2072 3900 2367 3969 τάγματος,
2411 3902 2470 3954 ἐν
2497 3895 2540 3968 ᾧ
2567 3903 2694 3967 είσι,
2734 3902 3025 3957 τάττεσθαι
3051 3920 3066 3936 ο
3115 3907 3163 3959 εί
3210 3906 3265 3959 δὲ
3316 3909 3410 3963 καὶ
3449 3907 3531 3962 ἔτι
3558 3909 3623 3962 τά

2071 3992 2213 4046 αὑτά
2262 3994 2525 4058 ποιοῦσιν,
2578 3996 2931 4065 ἐπιτιμᾶσθαι
2986 3998 3206 4063 αὐτοὺς,
3255 3999 3342 4054 ἵνα
3395 4000 3619 4073 διορθω-

2076 4082 2236 4139 θῶσι.
2268 4085 2719 4158 Προοιμιάζονται
2749 4087 2804 4140 δὲ
2863 4088 2912 4141 οἱ
2964 4089 3056 4143 τὸν
3082 4091 3281 4144 κανόνα
3333 4094 3614 4163 ὲκθέμενοι

2070 4173 2180 4226 ἀπὸ
2232 4174 2325 4226 τοῦ
2384 4173 2680 4228 ἀποστόλου
2732 4178 2831 4231 καὶ¹
2903 4178 3291 4247 εὐαγγελιστοῦ
3355 4183 3617 4241 Ἰωάνιου.

2084 4264 2306 4335 Ἐκείνῳ
2355 4268 2464 4335 γὰρ
2505 4269 2718 4337 είρηται
2742 4271 2800 4322 ὲν
2827 4271 2893 4341 τῇ
2948 4271 3138 4344 πρώτη
3168 4274 3443 4347 Καθολικῇ
3475 4277 3620 4331 Ἐπι-

2069 4355 2227 4425 στολῇ
2281 4355 2361 4421 τὸ,
2416 4356 2629 4411 Ἔστιν
2683 4361 2932 4428 ἁμαρτία
2980 4363 3125 4430 πρὸς
3182 4363 3440 4420 θάνατον
3461 4383 3477 4399 ο
3531 4370 3620 4422 καὶ

2068 4445 2495 4515 ἐκλαμϐάνονται
2542 4440 2686 4501 οὗτοι
2710 4449 2769 4502 τὸ
2800 4451 2965 4521 ῥητὸν
3010 4451 3102 4504 ἐπὶ
3126 4452 3233 4506 τῶν
3275 4457 3618 4527 ἁμαρτανόνο

2069 4554 2199 4601 των,
2241 4536 2334 4591 καὶ
2378 4537 2452 4608 μὴ
2485 4540 2907 4609 μετανοούντων.
2945 4538 3075 4596 Είτα
3101 4547 3192 4598 καὶ
3225 4549 3405 4618 χεῖρον
3433 4550 3618 4619 λέγου-

2074 4644 2178 4693 σιν,
2206 4628 2393 4701 ὥσπερ
2439 4630 2503 4703 δὴ
2558 4632 2652 4685 καί
2711 4633 2939 4698 ἑστι,τὸ
2999 4635 3136 4705 μετά
3188 4638 3285 4709 τὴν
3346 4640 3618 4712 ἁμαρτίαν

2069 4721 2404 4792 τραχηλιᾷν,
2461 4723 2632 4794 ἤγουν
2709 4725 3124 4795 ἀναισχυντεῖν·
3187 4730 3465 4801 ἁμαρτίαν
3522 4735 3616 4804 μὲν

2069 4810 2363 4875 καλοῦντες
2407 4812 2469 4865 τὸ
2511 4813 2881 4882 ἐγκαυχᾶσθαι
2922 4818 3013 4868 ἐπὶ
3036 4820 3100 4889 τῇ
3135 4825 3475 4895 προσαγωγῆ
3512 4825 3615 4880 τῶν

2068 4903 2386 4974 χρημάτων,
2443 4905 2537 4957 καὶ
2603 4911 2876 4978 προτιμᾷ-ι
2926 4910 3023 4976 τῆς
3065 4908 3158 4963 τοῦ
3196 4911 3329 4965 Θεοῦ
3371 4914 3611 4988 ὑπακοῆς

2070 5000 2296 5053 καὶτῶν
2341 4998 2641 5054 κανονικῶν
2678 5001 2972 5069 διατάξεων
3016 5008 3348 5073 μαμμωνᾶν,
3382 5010 3450 5062 τὰ
3481 5015 3581 5082 χρή

2069 5107 2213 5161 ματα
2243 5090 2507 5160 δηλονότι.
2545 5091 2950 5163 Ἀναισχυντίαν
2975 5094 3030 5147 δὲ
3056 5095 3146 5147 τὸν
3171 5097 3478 5163 ὀνειδισμὸν
3517 5106 3606 5157 καὶ

2065 5181 2163 5253 τὴν
2202 5183 2446 5253 ἀτιμίαν,
2494 5183 2562 5255 ἢν
2608 5185 2873 5253 ἐπάγουσι
2916 5189 3027 5250 τοῖς
3072 5186 3399 5259 κληρωθεῖσι
3446 5198 3611 5265 χωρὶς

2066 5275 2314 5346 παροχῆς
2354 5279 2672 5348 χρημάτων.
2710 5277 2806 5331 Ἐν
2852 5280 3084 5346 τούτοις
3126 5283 3237 5335 οὐκ
3264 5282 3421 5349 ἐστι,
3460 5288 3608 5354 φασὶ,

2062 5369 2276 5435 Κύριος
2324 5370 2358 5422 ό
2410 5371 2593 5435 Θεόςο
2641 5368 2922 5424 καὶτοῦτο
2975 5372 3033 5424 ot
3088 5376 3376 5443 γραφικδν,
3422 5382 3485 5432 ἐκ
3515 5380 3609 5449 τῆς

2061 5460 2251 5530 τρίτης
2284 5460 2391 5514 τῶν
2444 5460 2755 5514 Βασιλειῶν.
2790 5462 2909 5533 Χρὴ
2968 5458 3061 5517 οῦν
3108 5465 3306 5530 αὐτοὺς
3335 5485 3601 5523 ταπεινω-

2062 5552 2248 5617 θέντας
2294 5555 2623 5622 προσπεσεῖν
2651 5554 2729 5625 τῷ
2758 5554 2895 5626 Θεῷ,
2943 5557 3035 5611 καὶ
3079 5558 3256 5613 αίτεῖν
3305 5561 3398 5615 τοῦ
3426 5564 3604 5633 ἀμαρ-

2058 5645 2300 5714 τήματος
2325 5643 2540 5714 ἄφεσιν,
2571 5646 2663 5700 καὶ
2686 5648 2808 5719 οὐχὶ
2834 5649 3032 5719 μᾶλλον
3059 5651 3383 5723 ἐπαίρεσθαι
3416 5658 3507 5710 ἐπὶ
3531 5658 3594 5727 τῇ

2059 5735 2200 5789 δόσει
2247 5740 2312 5809 τῇ
2356 5737 2603 5809 ἀδέσμῳ.
2636 5741 2904 5810 Ἀθεσμον
2937 5743 2991 5797 δὲ
3024 5744 3121 5815 τὴν
3168 5746 3311 5800 δόσιν
3341 5750 3498 5802 καλεί
3537 5752 3594 5802 οὐ

2060 5828 2181 5882 κατ’
2211 5829 2342 5884 αὑτό
2369 5846 2384 5862 ο
2412 5830 2463 5884 εί
2493 5830 2603 5902 γὰρ
2649 5831 2886 5905 ἀθεσμος
2932 5830 3021 5907 ἧν,
3052 5836 3196 5892 διατί
3230 5842 3593 5913 προσεδέχθης
