3972 6488
255 395 367 448 W5

1274 382 1358 442 IN
1392 380 1559 444 CAN.
1608 380 1683 441 VI
1726 378 1934 438 CONC.
1973 378 2083 441 VII
2123 377 2483 439 (ECUMEN.

3402 382 3507 443 (ωδ

255 494 354 545 καὶ
379 492 523 548 διατξ
557 492 631 564 μὴ
663 491 763 546 καὶ
798 492 963 554 αὐτὸς
1004 492 1187 544 τέλεον
1229 491 1514 555 ἐξωθεῖται
1560 488 1653 541 τοῦ
1700 490 1831 557 κλή-

1959 504 2050 557 psa
2101 489 2172 541 sit
2231 486 2537 556 ejusmodi:
2603 486 2646 540 si
2705 488 2847 542 enim
2906 484 3091 559 iniqua
3138 488 3350 556 fuerat,
3408 506 3511 544 cur

260 602 380 649 pou,
412 584 507 637 xui.
554 588 582 639 ὁ
629 587 721 638 ἐπὶ
768 586 913 639 δόσει
963 584 1156 640 τοῦτον
1187 586 1475 656 κληρώσεις
1500 586 1828 651 κολάζεται;

254 677 337 727 Οὐ
367 674 487 728 κατ’
517 677 647 728 αὐτὸ
680 676 860 729 τοίνυν
890 675 1130 747 άθενσμος
1160 679 1194 747 ή
1228 677 1375 740 δόσις
1428 676 1631 748 ἐκλήθη
1652 694 1664 707 ·
1718 678 1833 730 ἀλλ’

252 765 345 818 ὅτι
375 769 580 829 ἐκεῖνος
611 768 817 837 ταύτην
876 771 1025 821 ποιεῖ
1082 768 1403 837 νομίζεσθαι
1457 768 1718 838 ἄθεσμον,
1755 769 1829 832 ὡς

252 858 330 910 δι’
359 858 526 928 αὐτὴν
566 857 1027 928 ἀλαζονευόμενος
1075 859 1172 912 καὶ
1216 860 1686 930 κατεπαιρόμενος
1721 860 1829 912 τῶν

250 950 568 1018 ὁμοταγῶν,
600 950 900 1005 κάντεῦθεν
929 951 1201 1020 ὑπόληψιν
1233 952 1412 1016 διδοὺς
1443 954 1524 1005 ὅτι
1581 954 1641 1007 οὑ
1689 953 1830 1006 κατὰ

250 1042 397 1096 Θεὸν
425 1045 715 1112 ἐποιήσατο
745 1045 843 1114 τὴν
879 1049 1273 1118 προσαγωγὴν,
1308 1048 1424 1100 ἀλλ’
1454 1048 1522 1100 ἵν’
1552 1046 1663 1117 ἔχοι
1698 1051 1828 1101 ταῦ·

254 1153 369 1203 την
424 1142 499 1199 εἰς
548 1136 809 1207 καύχημα
846 1140 941 1190 καὶ
981 1140 1303 1205 ἀλαζονείαν
1356 1141 1633 1195 ὑπόθεσιν.
1663 1141 1834 1193 Τοῦτο

252 1230 321 1280 δὲ
356 1229 608 1297 δηλοῦται
640 1230 734 1281 καὶ
762 1231 850 1283 διὰ
897 1232 1007 1284 τῶν
1055 1232 1287 1302 ἐφεξῆς·
1326 1235 1462 1302 φησί
1515 1234 1625 1303 γὰρ
1679 1236 1706 1286 ὁ
1737 1251 1836 1285 κα-

251 1320 371 1371 νών
402 1335 415 1349 ·
473 1320 534 1372 Εἰ
593 1320 649 1372 δέ
701 1338 783 1384 τις
832 1323 927 1374 ἐπὶ
966 1323 1271 1393 χειροτονίᾳ
1302 1327 1444 1394 φανῇ
1501 1341 1627 1376 ποτε
1677 1325 1836 1376 τοῦτο

253 1413 601 1480 πεποιηκὼς,
622 1414 680 1467 τὸ
696 1414 878 1468 δοῦναι
902 1416 1103 1485 δηλαδὴ
1135 1420 1411 1486 χρήματα,
1436 1416 1669 1486 γινέσθω
1697 1419 1835 1470 κατὰ

252 1504 393 1563 τοὺς
430 1504 675 1568 κανόνας,
718 1506 885 1574 ἤγουν
919 1507 1011 1558 τὸν
1048 1507 1430 1573 ἀποστολικὸν,
1486 1507 1545 1569 ὃς
1593 1509 1838 1569 είκοστὸς

254 1592 486 1657 ἒννατός
527 1597 662 1660 ἐστι,
705 1598 798 1648 καὶ
839 1599 981 1651 κατά
1032 1599 1120 1651 τὸν
1169 1600 1423 1667 δεύτερον
1447 1600 1541 1669 τῆς
1583 1603 1640 1652 ὲν
1688 1602 1834 1653 Χαλ-

254 1685 451 1751 κηδόνι
510 1687 752 1740 συνόδου.
805 1689 1019 1756 ’Ὠσπερ
1079 1686 1192 1753 οῦν,
1256 1690 1498 1752 ἀθέσμου
1535 1690 1701 1761 οὔσης
1745 1694 1836 1747 ὲν·-

250 1775 439 1827 ταῦθα
493 1779 591 1846 τῆς
650 1778 872 1845 δόσεως,
932 1784 1027 1833 καὶ
1087 1782 1114 1833 ὁ
1162 1788 1553 1852 χειροτονήσας
1583 1782 1839 1850 ποινηλα-

252 1870 461 1931 τείται,
501 1870 596 1921 καὶ
643 1873 669 1922 ό
726 1873 1170 1942 χειροτονηθείς·
1225 1874 1367 1926 οὕτω
1414 1876 1575 1927 κάκεῖ
1631 1876 1839 1942 ἐγίνετο

254 1959 361 2023 ἂν,
391 1962 439 2013 εί
467 1962 601 2029 πρὸς
636 1963 899 2032 ἀλήθειαν
929 1966 1162 2034 ἄθεσμος
1192 1961 1280 2037 ἦν.
1332 1966 1441 2036 Τὴν
1470 1966 1525 2018 δὲ
1584 1967 1690 2018 τῶν
1741 1984 1835 2018 κα-

252 2052 432 2105 νόνων
489 2054 693 2108 τούτων
738 2056 1002 2128 ἐξήγησιν
1044 2060 1072 2110 ὁ
1123 2058 1304 2130 ζητῶν
1361 2060 1586 2131 εὑρήσει
1619 2062 1675 2112 ὲν
1730 2063 1843 2122 τοῖς

252 2146 454 2210 τόποις
486 2150 689 2204 αὐτῶν.

256 2246 337 2299 de
394 2248 483 2299 illa
534 2264 753 2317 quoque
810 2248 1130 2317 donatione,
1177 2252 1222 2304 si
1276 2266 1338 2305 ea
1407 2268 1595 2306 revera
1673 2250 1883 2317 legibus
1928 2248 2333 2315 adversaretur,
2411 2250 2771 2305 constitutum
2825 2251 3031 2305 fuisset.

1935 579 2219 632 admissa?
2262 589 2356 631 aut
2385 593 2483 631 cur
2515 596 2543 631 e
2571 580 2737 643 cl-"ro,
2788 582 2878 649 qui
2922 581 3089 647 dedit,
3145 599 3251 636 non
3282 598 3510 652 prorsus

1935 674 2172 742 ejicitur,
2229 683 2281 725 et
2330 673 2383 725 in
2442 686 2592 734 eum,
2643 673 2735 740 qui
2769 674 2893 725 data
2943 675 3169 741 pecunia
3206 675 3257 727 in
3300 676 3509 729 clerum

1938 766 2145 820 electus
2176 772 2281 829 est,
2318 764 2813 817 animadvertitur?
2884 764 2996 819 Non
3037 767 3201 834 igitur
3237 768 3379 835 quod
3418 785 3508 821 se-

1940 859 2054 927 ipsa
2108 859 2177 911 sit
2237 858 2383 919 talis,
2446 856 2649 911 ideirco
2682 846 2821 910 iluec
2873 859 3058 927 iniqua
3108 859 3251 911 dicta
3287 860 3511 913 donatio

1937 961 2051 1018 est;
2109 951 2207 1005 sed
2237 950 2379 1020 quod
2416 951 2533 1018 ejus
2560 951 2712 1015 vitio,
2766 952 2858 1020 qui
2894 968 2951 1005 se
2979 953 3048 1005 ob
3075 952 3221 1006 illam
3255 954 3427 1021 jactat
3457 963 3511 1007 et
3573 979 3576 983 ~

1937 1045 2245 1115 aequalibus
2278 1044 2582 1112 anteponit,
2620 1053 2678 1096 ut
2726 1046 2953 1113 proinde
2988 1061 3094 1098 non
3137 1046 3287 1098 illum
3326 1048 3512 1099 deme-

1938 1139 2043 1191 reri
2081 1137 2317 1195 Numen,
2371 1136 2464 1190 Sed
2498 1150 2681 1189 auram
2715 1137 2930 1188 inanem
2984 1136 3378 1205 popularesque
3422 1152 3516 1188 rn-

1938 1229 2469 1297 musculoscaptare
2505 1244 2566 1281 ea
2600 1227 2892 1281 donatione
2945 1227 3181 1281 voluisse
3239 1212 3517 1295 suspicari

1941 1321 2119 1383 liceat,
2177 1322 2452 1389 speciem,
2502 1319 2780 1373 hominum
2836 1319 3278 1382 existimatione,
3340 1320 3519 1373 induit

1940 1415 2239 1480 pravitatis.
2298 1411 2455 1476 Quod
2490 1413 2653 1465 etiam
2688 1412 2823 1466 satis
2851 1428 2915 1466 ex
2947 1414 3304 1481 sequentibus
3337 1412 3516 1465 decla-

1942 1522 2111 1562 ratur.
2171 1508 2302 1560 Nam
2351 1508 2392 1560 si
2427 1524 2609 1577 quem,
2658 1510 2834 1577 inquit
2864 1525 3061 1572 canon,
3106 1509 3175 1562 ob
3213 1508 3519 1561 ordinatio-

1942 1618 2064 1653 nem
2126 1600 2177 1652 id
2242 1600 2537 1668 aliquando
2597 1602 2834 1665 fecisse,
2914 1600 3201 1669 pecuniam
3270 1601 3518 1653 videlicet

1940 1693 2221 1755 obtulisse,
2274 1702 2612 1759 compertum
2648 1692 2833 1755 fuerit,
2895 1708 3165 1745 canonum
3200 1692 3252 1744 in
3287 1707 3349 1745 eo
3385 1707 3520 1743 con-

1942 1786 2252 1842 stitutiones
2282 1785 2487 1837 servari
2538 1786 2740 1852 placet:
2791 1800 3060 1838 canonum
3115 1786 3343 1850 scilicet,
3396 1800 3523 1853 apo-

1943 1880 2120 1934 stolici
2183 1879 2634 1943 undetricesimi,
2698 1880 3001 1949 synodique
3058 1879 3521 1933 Chalcedonensis

1944 1971 2189 2025 secundi.
2282 1970 2749 2037 Quemadmodum
2785 1973 2947 2041 igitur
2993 1977 3092 2025 hoc
3140 1972 3274 2036 loco,
3332 1974 3519 2037 iniqua

1945 2062 2235 2115 donatione
2287 2063 2693 2126 intercedente,
2759 2074 2811 2117 et
2856 2066 2947 2133 qui
3000 2063 3220 2119 ordines
3269 2065 3519 2127 contulit,

1945 2161 1997 2205 et
2053 2153 2146 2221 qui
2192 2153 2471 2222 suscepit,
2543 2162 2770 2223 uterque
2822 2157 2996 2225 patriis
3053 2154 3317 2209 aﬂicitur:
3381 2154 3519 2207 idem

3111 2249 3313 2305 Horum
3361 2264 3522 2317 porro

256 2353 538 2391 canonum
586 2342 1025 2409 explicationem,
1079 2343 1171 2412 qui
1225 2348 1487 2409 voluerit,
1548 2346 1662 2399 suis
1714 2344 1849 2397 locis
1884 2340 2145 2407 reperiet.

258 2433 495 2487 ΑΡΙΣΤ.
546 2452 565 2484 ι
602 2436 738 2498 Τοὺς
763 2438 1220 2507 ἐγκαυχωμένους
1252 2439 1338 2491 διὰ
1368 2439 1833 2509 δόσεως.χρυσίου

340 2545 360 2577 r
408 2526 662 2595 τετάχθαι
708 2530 765 2581 ἐν
806 2530 1125 2601 Ἐκκλησία,
1163 2531 1257 2584 καὶ
1298 2531 1660 2600 ἀτιμάζοντας
1708 2533 1834 2595 τοὺς

351 2635 369 2667 ι
417 2616 483 2669 δι’
520 2619 719 2688 ἀρετὴν
746 2620 1091 2686 ἐκλεγέντας,
1124 2623 1215 2674 καὶ
1246 2623 1411 2690 χωρὶς
1446 2623 1644 2684 δόσεως
1669 2641 1847 2675 καται
1922 2632 1923 2635 ‘

347 2725 368 2757 σ
417 2708 735 2777 ταχθέντας,
771 2710 913 2776 ἔδοξε
948 2710 1037 2763 τὸν
1064 2711 1290 2780 ἔσχατον
1315 2712 1522 2783 βαθμὸν
1582 2713 1677 2765 τοῦ
1706 2714 1836 2766 ίδίου

350 2817 371 2848 ς
419 2799 717 2868 λαμϐάνειν
751 2802 1028 2870 τάγματος
1050 2819 1065 2835 θ
1121 2808 1168 2855 εί
1203 2805 1258 2857 δὲ
1289 2806 1621 2873 ὲπιμένοιεν,
1660 2808 1837 2858 ἐπιτι-

352 2912 371 2942 ι
424 2893 625 2963 μᾶσθαι
646 2912 660 2925 σ
690 2895 813 2958 τοὺς
834 2895 878 2947 δ’
901 2896 993 2948 ἐπὶ
1028 2897 1332 2967 χειροτονία
1355 2895 1513 2948 τοῦτο
1551 2896 1847 2965 πεποιηκόυ

354 3003 375 3036 ι
425 3004 523 3049 τας
551 2987 917 3041 ἐκκόπτεσθαι
942 2990 1042 3059 τῆς
1075 2990 1377 3054 κοινωνίας,
1409 2988 1483 3053 ὡς
1506 2987 1609 3040 ὑπὸ
1638 2988 1846 3060 Πέτρου

312 3138 315 3141 Α
349 3094 370 3127 ι
414 3078 506 3131 τὸν
537 3079 754 3149 Σίμωνα
788 3081 999 3149 Μάγον.
1032 3100 1050 3132 ι
1821 3133 1824 3136 .

349 3166 457 3219 Τὸν
490 3168 646 3236 λόγον
680 3170 760 3223 δεῖ
793 3170 888 3223 καὶ
937 3170 1035 3242 τὴν
1079 3172 1280 3242 ἀρετὴν
1315 3171 1688 3243 προτιμᾶσθαι
1709 3188 1725 3202 ο
1755 3172 1849 3224 καὶ

1941 2433 2165 2489 ARIST.
2209 2454 2227 2486 ι
2260 2434 2373 2500 Isti,
2410 2435 2499 2504 qui
2526 2450 2585 2490 se
2609 2449 2705 2504 per
2736 2436 2852 2488 auri
2888 2434 3227 2503 largitionem
3267 2434 3522 2491 inEccle—

2016 2543 2034 2575 ι
2082 2526 2162 2579 sia
2213 2527 2542 2580 constitutos
2599 2528 2926 2595 gloriantur,
2957 2526 3106 2581 :illos
3158 2537 3375 2591 autem,
3430 2529 3521 2594 qui

2016 2638 2033 2669 ι
2078 2628 2301 2687 propter
2335 2619 2584 2672 virtutem
2615 2619 2910 2688 eliguntur,
2968 2627 3022 2672 et
3072 2618 3191 2672 sine
3240 2619 3521 2687 largitione

2017 2730 2036 2762 ι
2083 2712 2514 2776 constituuntur,
2542 2712 2907 2780 vilipendunt,
2960 2713 3133 2764 visum
3168 2722 3270 2775 est,
3309 2722 3365 2765 ut
3398 2715 3519 2765 ulti-

2011 2817 2029 2848 ί
2076 2814 2220 2851 mum
2254 2800 2461 2852 ordinis
2493 2801 2573 2853 sui
2606 2801 2829 2871 gradum
2864 2803 3171 2870 accipiant:
3226 2803 3308 2854 sin
3338 2818 3521 2871 persc-

2021 2908 2041 2941 ι
2090 2901 2294 2957 verent,
2323 2893 2641 2960 puniantur.
2696 2892 2798 2959 Qui
2827 2908 2953 2947 vero
2972 2894 3331 2947 ordinationis
3349 2881 3520 2962 gratia

2022 2999 2041 3032 ι
2090 2982 2192 3036 hoc
2248 2985 2498 3049 fecerint,
2563 3002 2591 3037 a
2648 2988 3055 3049 communione,
3116 3002 3222 3039 non
3273 3001 3429 3040 secus
3461 3001 3521 3038 ac

2024 3094 2043 3125 ι
2092 3074 2279 3129 Simon
2311 3075 2496 3144 Magos
2527 3091 2555 3128 a
2580 3076 2757 3139 Petro,
2778 3078 3186 3130 exsoindautur.
3218 3096 3236 3126 ι

2024 3170 2251 3225 Dicendi
2285 3171 2597 3225 facultatem
2629 3183 2683 3225 et
2712 3162 2963 3225 virtutem
2997 3169 3253 3240 praeferre
3285 3178 3523 3239 oper-tet,

265 3261 444 3331 γωρὶς
480 3260 677 3324 δόσεως
701 3264 926 3333 χρυσίου
953 3264 1079 3327 τοὺς
1109 3265 1283 3327 οὕτως
1320 3264 1465 3335 ἔχειν
1511 3266 1843 3336 εὑρισκομέ-

1959 3271 2004 3317 et
2033 3263 2126 3333 qui
2151 3264 2232 3319 sic
2260 3279 2318 3318 se
2347 3263 2549 3318 habere
2578 3263 2931 3317 inveniuntur
2951 3264 3069 3316 sine
3094 3264 3211 3316 auri
3231 3261 3523 3315 donatione

266 3368 401 3414 νους
430 3353 721 3407 τάττεσθαι
762 3357 863 3426 χρὴ
900 3357 958 3408 ἐν
992 3357 1069 3426 τῷ
1115 3356 1304 3428 κλήρῳ
1341 3357 1440 3426 τῆς
1473 3356 1838 3424 Ἐκκλησίας·

266 3444 371 3496 καί
410 3446 484 3515 μὴ
510 3445 863 3510 ὀνειδίζεσθαι
906 3450 1103 3510 αὐτοὺς
1138 3449 1243 3502 ὑπὸ
1282 3450 1393 3502 τῶν
1419 3452 1846 3516 καταταγέντων

267 3539 341 3604 τῇ
388 3536 687 3609 Ἐκκλησία
714 3539 782 3591 δι’
824 3540 1163 3610 οἱασδήτινος
1210 3541 1439 3604 δόσεως·
1470 3541 1606 3593 ἀλλὰ
1645 3541 1847 3609 μᾶλλον

267 3630 370 3681 καὶ
402 3631 763 3696 ἐπαινεῖσθαι,
792 3631 866 3694 ὡς
902 3632 970 3686 δι’
1021 3633 1224 3704 ἀρετὴν
1267 3633 1382 3703 βίου
1421 3635 1526 3685 ὑπὸ
1559 3634 1653 3685 τοῦ
1688 3632 1845 3701 ἁγίου

274 3721 601 3789 Πνεύματος
648 3724 990 3793 ὲκλεγέντας.
1038 3726 1101 3777 Ei
1139 3725 1196 3778 δέ
1232 3743 1398 3789 τινες,
1440 3726 1515 3789 ὡς
1563 3727 1851 3795 ἐγκαυχώ-

276 3832 435 3884 μενοι
461 3818 552 3868 ἐπὶ
584 3819 648 3888 τῇ
684 3818 907 3893 τοιαύτῃ
936 3819 1162 3889 ἀθέσμῳ
1207 3819 1351 3872 δόσει
1402 3820 1497 3874 καὶ
1524 3822 1589 3889 τῇ
1635 3821 1847 3890 πονηρᾷ

269 3909 449 3979 ταύτῃ
481 3911 737 3980 συνηθείᾳ
766 3915 830 3983 τῇ
857 3913 1212 3985 ἀλλοτριούσῃ
1242 3915 1350 3968 ἀπὸ
1376 3913 1513 3966 Θεοῦ
1539 3915 1634 3966 καὶ
1667 3913 1848 3982 πάσης

274 4001 602 4072 ἱερωσύνης,
649 4004 1107 4059 κατονειδίσουσιν
1160 4006 1370 4059 ἀναιδεῖ
1420 4004 1717 4077 προσώπῳ,
1756 4004 1848 4056 καὶ

270 4093 708 4165 άπερικαλύπτῳ
743 4097 970 4167 στόματι
1001 4098 1127 4161 τοὺς
1174 4098 1300 4151 ἄνευ
1345 4099 1570 4170 χρυσίου
1612 4113 1849 4149 κατατα-

271 4185 475 4252 γέντας
527 4186 862 4258 κληρικσῦς·
898 4191 989 4241 τὸν
1011 4188 1240 4260 ἔσχατον
1286 4188 1497 4258 βαθμὸν
1550 4189 1607 4240 ἐν
1655 4187 1733 4257 τῷ
1769 4188 1850 4239 οἰ-

271 4278 414 4346 κείῳ
466 4278 706 4346 τάγματι
761 4279 1047 4349 λήψονται.
1089 4281 1149 4333 Εἰ
1181 4281 1237 4333 δὲ
1299 4282 1393 4333 καὶ
1444 4282 1616 4344 οὕτως
1650 4282 1850 4351 ἐπιμέ-

272 4386 420 4421 νοιεν
465 4368 665 4431 αὐτοὺς
708 4368 1079 4433 ὀνειδίζοντες,
1128 4370 1196 4422 δι’
1229 4370 1506 4439 ἐπιτιμίου
1550 4370 1847 4440 διορθωθή-

274 4476 490 4512 σονται.
526 4460 637 4512 Καὶ
661 4459 834 4513 ταῦτα
879 4462 979 4529 μὲν
1031 4461 1159 4529 περὶ
1190 4461 1298 4513 τῶν
1325 4462 1403 4521 είς
1439 4460 1643 4529 κλῆρον
1675 4476 1847 4511 κατα-

1949 3357 2003 3411 in
2040 3356 2299 3413 Ecclesiae
2327 3356 2473 3411 clero
2500 3355 2753 3409 constitui
2804 3354 3023 3419 debent,
3071 3354 3125 3409 et
3166 3368 3273 3407 non
3310 3352 3523 3422 probris

1948 3448 2165 3503 onerari
2199 3454 2266 3500 ab
2298 3446 2387 3511 iis,
2418 3447 2506 3517 qui
2538 3462 2634 3516 per
2665 3438 3006 3517 largitionem
3042 3430 3422 3515 qnamCunque
3468 3444 3521 3497 in

1950 3542 2197 3598 Ecclesia
2274 3522 2650 3596 collocantur:
2704 3526 2796 3595 scd
2852 3540 3028 3610 potius
3080 3538 3329 3593 laudibus
3361 3536 3523 3607 295

1949 3635 2156 3699 ornari,
2222 3644 2282 3688 ut
2329 3635 2418 3704 qui
2472 3643 2691 3705 pr0pter
2750 3634 2874 3687 vitae
2932 3620 3187 3701 pietatem
3241 3648 3271 3686 a
3310 3616 3520 3687 sancto

1952 3726 2158 3796 Spiritu
2193 3725 2354 3781 electi
2395 3738 2543 3782 sunt.
2603 3727 2661 3779 Si
2692 3726 2781 3796 qui
2818 3734 3017 3789 autem,
3075 3736 3127 3778 ut
3164 3725 3217 3777 in
3249 3724 3523 3793 illegiima

1949 3818 2263 3875 istiusmodi
2319 3819 2562 3886 datione,
2625 3828 2680 3872 et
2735 3818 2897 3886 impia
2940 3819 3042 3871 ista
3098 3818 3520 3879 consuetudine,

1949 3928 2069 3983 qua:
2099 3928 2130 3965 a
2168 3912 2276 3968 Deo
2305 3921 2357 3967 et
2411 3914 2560 3967 omni
2609 3912 2914 3966 sacerdotio
2960 3911 3179 3976 alienat,
3229 3908 3525 3987 gloriantes

1949 4003 2099 4059 vultu
2127 4005 2460 4075 impudente,
2508 4014 2561 4057 et
2601 4019 2695 4058 ore
2730 4015 2917 4073 aperto
2961 4004 3211 4065 clericos,
3264 4006 3355 4073 qui
3407 4006 3525 4058 sine

1950 4112 2085 4151 auro
2119 4096 2396 4151 constituti
2436 4098 2651 4161 fuerint,
2684 4097 2897 4165 probris
2932 4096 3248 4161 affecerint;
3275 4098 3520 4169 ultimum

1950 4189 2177 4258 gradum
2221 4189 2273 4241 in
2304 4188 2495 4242 ordine
2529 4204 2628 4243 suo
2662 4188 2958 4258 accipient:
2992 4189 3039 4243 si
3074 4198 3255 4243 autem
3286 4191 3365 4243 sic
3396 4204 3522 4256 pro-

1950 4285 2045 4337 bra
2080 4283 2133 4336 in
2165 4288 2454 4352 eosjacere
2478 4290 2840 4350 perseverent,
2875 4298 2968 4351 per
2996 4297 3209 4351 poenam
3245 4284 3523 4349 corrigen-

1952 4382 2059 4427 tur.
2121 4372 2183 4426 Et
2210 4373 2324 4426 inec
2350 4373 2564 4441 quidem
2593 4372 2657 4425 dc
2682 4372 2769 4435 iis,
2801 4372 2893 4441 qui
2922 4372 2972 4424 in
2999 4372 3201 4425 clerum
3226 4371 3520 4438 ronsvripti

1950 4471 2096 4517 sunt.
2143 4462 2467 4532 Quicunque
2492 4471 2670 4515 autem
2699 4478 2792 4533 per
2808 4464 3094 4530 petuniaui
3124 4462 3518 4515 ordinationem

273 4549 611 4619 λεγομένων.
680 4552 835 4603 Ὅσοι
891 4551 946 4603 δὲ
1000 4551 1089 4604 διὰ
1152 4553 1451 4621 χρημάτων
1513 4551 1844 4621 χειροτονίας

1959 4556 2191 4624 aliquam
2229 4567 2657 4623 consequuntur,
2713 4557 3074 4624 deponentur,
3110 4566 3163 4607 et
3194 4552 3321 4623 ipsi,
3350 4561 3403 4608 et
3432 4554 3521 4622 qui

274 4642 490 4711 τύχωσί
537 4661 704 4708 τινος,
747 4645 1244 4715 καθαιρεθήσονται
1290 4645 1384 4697 καὶ
1436 4644 1611 4707 αὐτοὶ,
1660 4644 1756 4697 καὶ
1800 4644 1848 4696 οί

277 4738 766 4807 χειροτονήσαντες
795 4737 1014 4798 αὐτούς.

886 4827 1123 4880 ΚΑΝΩΝ
1154 4830 1243 4894 ς’.

289 4928 309 4959 ι
364 4918 698 4989 Ἐπειδήπερ
753 4919 932 4972 κανών
987 4921 1186 4971 ἑστινὸ
1216 4919 1390 4987 λέγων
1440 4919 1519 4982 δὶς
1565 4918 1656 4971 τοῦ
1702 4916 1857 4980 ἔτους

374 5029 393 5061 ι
438 5014 561 5065 καθ’
608 5015 846 5082 ἑκάστην
891 5014 1160 5084 ἐπαρχίαν
1224 5015 1419 5083 χρῆναι
1479 5014 1725 5081 γίνεσθαι
1769 5011 1857 5064 διὰ

366 5127 385 5158 ι
432 5105 828 5175 συναθροίσεως
849 5088 1272 5166 ἐτέισκὸπωντάς
1290 5104 1579 5166 κανονικάς
1604 5103 1859 5174 ζητήσεις

284 5200 289 5213 ¹
365 5218 385 5250 ι
427 5199 513 5252 διὰ
564 5199 663 5267 τὴν
710 5197 1003 5267 συντριϐὴν
1043 5197 1135 5249 καὶ
1184 5196 1245 5248 τὸ
1297 5197 1489 5259 ἐνδεῶς
1528 5197 1673 5265 ἔχειν
1722 5197 1859 5265 πρὸς

368 5314 385 5341 ι
430 5290 744 5360 ὁδοιπορίαν
798 5291 923 5352 τοὺς
967 5289 1508 5359 συναθροιζομένους,
1555 5288 1765 5356 ὥρισαν
1808 5287 1858 5338 οἱ

364 5410 383 5441 ι
426 5388 528 5459 τῆς
573 5388 741 5458 ἕκτης
785 5387 1009 5439 συνόδου
1062 5388 1198 5438 ὅσιοι
1243 5385 1483 5453 Πατέρες
1520 5384 1578 5448 ἐξ
1622 5383 1859 5445 ἅπαντος

369 5499 390 5532 ι
438 5483 638 5551 τρόπου
659 5482 752 5534 καὶ
781 5480 1107 5550 προφάσεως
1137 5477 1285 5542 ἅπαξ
1311 5477 1406 5530 τοῦ
1439 5476 1689 5529 ἐνιαυτοῦ
1713 5475 1855 5542 γίνε-

374 5592 391 5624 ι
437 5574 579 5636 σθαι,
624 5574 718 5626 καὶ
764 5571 830 5626 τὰ
893 5571 1209 5640 ἐσφαλμένα
1246 5568 1610 5641 διορθοῦσθαι.
1657 5567 1859 5621 Τοῦτον

369 5686 388 5717 ε
431 5665 525 5719 οὖν
568 5665 656 5719 τὸν
704 5665 904 5717 κανόνα
943 5663 1036 5715 καὶ
1079 5664 1237 5732 ἡμεῖς
1280 5659 1613 5730 ἀνανεοῦμεν
1645 5675 1661 5691 ο
1692 5659 1783 5712 καὶ
1811 5658 1863 5710 εἴ

367 5778 387 5811 ι
430 5776 513 5821 τις
552 5758 747 5827 εὑρεθῇ
781 5759 965 5827 ἄρχων
994 5754 1153 5808 τοῦτο
1187 5754 1432 5815 κωλύων,
1460 5753 1805 5822 ἀφοριζέσθω
1840 5766 1855 5782 ⁸

370 5872 390 5905 ι
435 5854 484 5904 εἰ
524 5851 577 5905 δέ
609 5868 691 5912 τις
723 5853 786 5904 ἐκ
818 5851 924 5901 τῶν
958 5848 1373 5919 μητροπολιτῶν
1399 5848 1665 5918 ἀμελήσοι
1701 5842 1860 5898 τοῦτο

596 5944 885 6025 Pareat.
933 5943 1051 6006 Gn.
1102 5940 1460 6007 CXXXVII.

1956 4661 2048 4700 eos
2076 4640 2416 4701 ordinarunt.

2560 4821 2794 4877 CANON
2837 4820 2922 4875 Vl.

1971 4933 1989 4966 ι
2019 4915 2290 4982 Quoniam
2327 4931 2503 4969 canon
2539 4924 2645 4978 est,
2688 4916 2779 4983 qui
2835 4914 2990 4977 dicit,
3044 4912 3127 4967 bis
3173 4913 3225 4965 in
3261 4910 3407 4965 anno
3468 4909 3521 4963 in

2034 5025 2054 5056 ι
2095 5022 2425 5076 unaquaque
2468 5006 2745 5075 provincia
2797 5020 2891 5073 per
2930 5004 3377 5072 congregationi-.5
3410 5004 3525 5070 epi-

2038 5116 2056 5149 ‹
2094 5113 2382 5167 scoporum
2426 5097 2541 5154 ﬁeri
2565 5105 2820 5161 oportere
2857 5095 3189 5164 qumstiones
3211 5093 3524 5150 canonicas.

2040 5210 2058 5242 ‹
2098 5200 2318 5261 propter
2358 5192 2722 5252 vexationem,
2757 5199 2810 5241 et
2834 5187 2979 5258 quod
3010 5187 3189 5241 itineri
3217 5184 3525 5255 peragenda)

2044 5302 2063 5335 ι
2104 5285 2284 5337 minus
2323 5284 2628 5337 sufﬁcerent
2661 5280 2753 5351 qui
2790 5280 3283 5349 congregabantur,
3318 5286 3525 5331 statue-

2038 5395 2057 5425 ι
2091 5384 2220 5427 runt
2258 5374 2433 5428 sancti
2470 5382 2638 5428 sextae
2674 5373 2867 5443 synodi
2894 5370 3108 5431 Patres,
3143 5368 3340 5438 quovis
3364 5368 3524 5419 modo

2038 5486 2055 5517 ι
2088 5476 2142 5521 et
2181 5480 2593 5535 quacunqucex
2636 5479 2823 5528 causa,
2878 5463 3041 5518 semel
3088 5462 3142 5515 in
3198 5474 3341 5513 anno
3389 5459 3525 5522 ﬁeri,

2040 5581 2058 5612 ι
2099 5570 2153 5615 et
2190 5562 2386 5614 delicta
2444 5559 2663 5629 corrigi.
2712 5559 2865 5612 Hunc
2932 5572 3062 5627 ergo
3107 5568 3373 5609 canonem
3426 5566 3526 5603 nos

2038 5670 2058 5703 ι
2101 5666 2319 5722 quoque
2342 5666 2672 5707 renovamus
2695 5693 2709 5715 ,
2740 5660 2794 5704 et
2820 5651 2863 5703 si
2887 5649 3012 5718 quis
3037 5648 3391 5716 magistratus
3420 5643 3523 5695 hoc

2039 5764 2057 5796 ι
2094 5744 2382 5815 prohibere
2421 5745 2676 5797 inventus
2702 5743 2887 5802 fuerit,
2916 5750 3272 5807 segregctnr:
3318 5737 3361 5788 si
3399 5735 3524 5802 quis

2043 5858 2062 5893 ι
2101 5850 2282 5895 autem
2326 5837 2777 5908 metropolitanns
2806 5836 2906 5888 hoc
2944 5833 3056 5885 fieri
3102 5848 3204 5881 non
3235 5826 3526 5893 curaverit,

3099 5928 3176 5985 eo
