3972 6488
517 328 628 396 907

605 468 627 502 t
661 457 1026 518 pratrrquam
1059 442 1109 495 vi
1148 441 1231 497 vel
1263 443 1599 498 necessitate
1633 448 1689 495 et
1730 439 1878 508 justa
1907 439 2090 508 aliqua
2125 455 2162 506 Α

600 565 618 595 ι
653 545 723 598 de
753 553 944 602 causa,
978 534 1206 590 canonis
1240 535 1414 603 poenis
1440 533 1792 600 subjiciatur.
1823 530 1970 584 Cum
2000 548 2097 584 au-

598 655 617 686 ‹
653 643 760 688 tem
800 631 869 684 de
905 625 1192 681 canonicis
1214 636 1270 678 et
1307 625 1641 695 evangelicis
1678 627 1839 678 rebus
1871 626 1964 678 liat
2005 640 2100 695 sy-

591 745 620 780 I
657 724 856 786 nodus,
881 736 1018 789 opus
1045 729 1128 772 est
1161 726 1218 770 ut
1243 718 1554 786 congregati
1574 717 1816 786 episcopi
1846 732 2096 785 magnam

595 837 618 871 ει
659 832 847 873 curam
879 825 934 867 et
983 811 1318 877 diligentiam
1356 817 1571 877 gerant,
1609 819 1665 861 ut
1719 811 1900 861 divina
1935 818 1989 861 et
2025 809 2101 858 vi-

601 932 620 963 ι
657 912 813 964 vilica
858 906 951 959 Dei
1019 902 1281 957 mandata
1329 911 1644 956 serventur.
1705 900 1761 954 In
1814 901 1897 955 eis
1950 901 2096 954 enim

603 1025 620 1055 ι
657 999 944 1057 servandis
1001 1007 1089 1052 est
1121 995 1413 1050 retributio
1471 995 1668 1058 multa,
1714 995 1975 1063 quoniam
2015 995 2102 1047 lu-

603 1120 619 1146 ε
665 1111 833 1150 cerua
901 1099 986 1146 est.
1049 1089 1390 1150 mandatum,
1425 1086 1516 1164 lex.
1564 1101 1695 1142 vero
1754 1087 1847 1141 lux
1905 1095 1960 1140 et
2009 1087 2096 1140 via

599 1210 618 1238 ι
651 1190 794 1252 vitae,
841 1183 1093 1256 probatio
1163 1189 1218 1235 et.
1275 1179 1607 1249 disciplina;
1663 1186 1718 1232 et
1778 1181 2097 1232 mandatum

605 1303 622 1334 ι
661 1279 877 1334 Domini
919 1275 1189 1337 lucidum,
1216 1273 1538 1328 illuminans
1582 1271 1796 1326 oculos.
1825 1269 1901 1323 Ne
1937 1270 2100 1323 liceat

605 1393 625 1421 ι
661 1380 844 1426 autem
882 1367 1323 1435 metropolitano,
1346 1379 1412 1417 ex
1451 1364 1515 1417 iis
1545 1369 1689 1432 quze'
1720 1378 1908 1417 secum
1940 1362 2102 1416 affert

613 1481 631 1512 ι
665 1462 984 1529 cpiscopus,
1037 1455 1122 1510 vel
1177 1454 1489 1524 jumeutum
1553 1455 1639 1508 vel
1694 1453 1932 1523 aliquam
1984 1472 2095 1509 rem

602 1573 619 1604 ι
659 1553 820 1605 aliam
862 1557 1070 1620 petere.
1102 1546 1158 1601 Si
1207 1546 1350 1600 enim
1411 1547 1515 1599 lioe
1561 1545 1759 1600 iecisse
1810 1548 2099 1602 conviolus

603 1664 622 1697 ι
664 1643 850 1710 fuerit,
884 1641 1072 1698 reddet
1100 1639 1524 1712 quadruplum.»

595 1820 790 1876 BALS.
823 1821 956 1876 Cum
1027 1819 1232 1901 diversi
1276 1835 1518 1875 canones
1557 1831 1835 1883 statuant.
1876 1825 2080 1894 quandi

2271 1823 2471 1877 ΒΑΛΣ.
2539 1827 2804 1882 Κανόνων
2875 1829 3154 1902 διακτόρων
3216 1830 3604 1904 διοριζομένων
3657 1836 3770 1890 πότι

524 1917 638 1971 ﬁeri
666 1915 902 1969 debeant
933 1913 1154 1985 synodi,
1193 1923 1247 1968 et
1275 1913 1367 1967 alii
1401 1913 1623 1984 quidem
1650 1917 1823 1972 semel
1857 1918 1912 1971 in
1947 1934 2093 1972 anno

517 2008 814 2062 cometiire
872 2016 1122 2076 Oportere
1180 2007 1548 2074 provinciales
1609 2009 2092 2078 episcopos,.alii

517 2106 647 2154 vei‘o
682 2099 763 2155 bis
787 2100 839 2153 in
872 2115 1016 2152 anno
1047 2099 1266 2154 dicant:
1298 2100 1384 2153 liic
1408 2116 1607 2167 canon,
1646 2101 1715 2155 ob
1738 2103 1953 2158 itineris
1977 2121 2093 2157 itio-

515 2192 729 2247 lestiam
771 2193 1066 2261 episcopis,
1121 2201 1374 2244 octavum
1406 2207 1673 2246 canonem
1701 2203 1869 2248 sextze
1893 2196 2089 2264 synodi

512 2293 736 2338 secutus
767 2291 875 2348 est,
922 2283 1017 2352 qui
1048 2283 1302 2336 decernit
1340 2297 1437 2337 eos
1469 2284 1637 2338 semel
1682 2285 1736 2337 in
1765 2300 1911 2338 anno
1951 2301 2088 2340 con-

512 2375 725 2444 gregari
750 2385 1031 2445 Oportere,
1079 2385 1131 2428 et
1163 2376 1242 2429 sic
1280 2374 1590 2429 faciendum
1620 2392 1765 2440 esse,
1807 2376 2086 2448 nisiquue-

510 2467 634 2519 dam
669 2468 750 2520 vis
776 2507 794 2531 ,
839 2467 921 2520 vel
953 2468 1275 2532 necessitas,
1329 2469 1412 2522 vel
1450 2484 1614 2521 causa
1647 2469 1943 2538 probabilis
1989 2472 2090 2524 iiii-

509 2559 822 2628 pcdimento
849 2559 1036 2620 fuerit,
1060 2561 1359 2628 quominus
1400 2564 1762 2627 conveniant;
1812 2563 2088 2619 antistites

509 2651 831 2719 autem,qui
863 2666 971 2704 non
1009 2651 1080 2704 ita
1111 2653 1346 2716 faciunt,
1389 2653 1566 2722 poenis
1616 2655 1902 2708 canonicis
1955 2658 2086 2710 sub—

501 2742 643 2810 jici;
680 2742 774 2796 sed
811 2751 866 2796 et
899 2742 1091 2798 civiles
1140 2729 1634 2815 magistratus,qui
1667 2746 1770 2800 hoc
1801 2746 1920 2801 ﬁeri
1954 2763 2084 2818 pro-

507 2835 720 2899 hibent,
757 2837 1058 2905 segregari.
1111 2835 1343 2899 Quando
1395 2847 1574 2891 autem
1630 2837 1818 2904 fuerit,
1880 2839 2082 2910 inquit,

506 2923 651 2979 facta
681 2926 948 2996 synodus,
977 2925 1178 2981 debent
1231 2929 1470 2998 episeopi
1521 2946 1712 2984 curam
1761 2947 1986 3002 gerere,
2023 2943 2085 2987 ut

502 3018 834 3087 evangelicae
855 3028 908 3072 et
933 3019 1214 3073 canonica:
1273 3020 1602 3077 traditiones
1675 3035 1968 3081 serventur
2024 3034 2084 3080 et

503 3110 611 3164 alia
645 3111 738 3164 Dei
772 3110 1052 3165 mandata.
1085 3111 1152 3166 Et
1189 3124 1317 3168 sunt
1365 3116 1644 3171 canonica:
1707 3120 1930 3188 quidem
1969 3130 2080 3173 tra-

503 3199 765 3262 ditiones,
825 3200 990 3269 justae
1045 3212 1100 3255 et
1162 3201 1379 3272 injusta:
1440 3208 2076 3274 excommunicationes,

503 3289 833 3344 clericorum
869 3292 1276 3360 ordinationes,
1303 3295 1700 3365 episcopalium
1741 3315 1926 3354 rerum
1983 3303 2080 3355 ad~

504 3381 958 3448 ministrationes,
993 3393 1047 3438 et
1077 3384 1315 3439 similia:
1366 3389 1698 3458 evangelicae
1739 3397 1925 3444 autem
1963 3399 2080 3445 tra'-

502 3474 741 3528 ditiones
783 3487 837 3529 et
898 3477 1161 3530 mandata
1218 3463 1350 3542 Dei,
1410 3479 1675 3548 baptizari
1742 3482 1799 3536 in
1855 3484 2078 3538 nomine

462 3563 706 3631 -‘-Patris,
730 3577 783 3620 et
814 3566 961 3634 Filii,
994 3579 1045 3623 et
1062 3569 1304 3641 Spiritus
1336 3574 1514 3626 sancti
1537 3589 1551 3625 :
1571 3571 1699 3628 Non
1719 3579 2076 3642 mmo/iuberis,

486 3677 605 3714 -ηοη
658 3662 1016 3727 scoriaberis,
1068 3678 1170 3716 non
1227 3663 1430 3732 falsum
1481 3667 1840 3722 testimonium
1893 3671 2075 3736 dices,

489 3761 555 3808 et
583 3753 805 3808 similia.
863 3754 1135 3819 Quoniam
1191 3765 1374 3810 autem
1417 3757 1808 3816 intellexerunt
1859 3761 2074 3832 Patres,

501 3844 720 3916 quodin
744 3847 1134 3914 episcOporum
1172 3847 1536 3903 concionibus
1575 3853 1800 3920 quidam
1866 3868 2076 3912 metro-

490 3937 725 4008 'politani
775 3936 942 3990 nimis
993 3951 1091 3990 sua
1147 3944 1421 4006 potestate
1461 3949 1514 3992 et
1567 3941 1802 4012 imperio
1862 3947 1918 3999 in
1979 3962 2075 4003 eos

487 4037 755 4092 utuntur,
779 4036 832 4081 et
865 4041 1042 4097 equos
1078 4027 1146 4082 ab
1174 4029 1279 4092 eis,
1328 4034 1416 4086 vel
1456 4031 1635 4103 aliqua
1668 4033 1775 4090 alia
1819 4038 2071 4108 exigunt,

501 4119 554 4171 id
578 4133 795 4188 quoque
835 4133 1056 4173 cessare
1089 4127 1422 4186 statuerunt,
1469 4133 1522 4177 et
1553 4127 2070 4196 metropolitanum,

489 4213 592 4280 qui
634 4210 739 4265 tale
770 4211 900 4280 quid
942 4211 1501 4282 lecit,'quadruplum
1542 4214 1662 4284 ejus
1685 4219 1830 4286 quod
1883 4221 2074 4278 datum

491 4315 584 4358 est
609 4304 919 4358 restituere.
951 4302 1190 4356 Pulchre
1218 4313 1402 4357 autem
1433 4303 1572 4359 dixit
1620 4324 1820 4376 canon,
1863 4327 1971 4367 non
2007 4315 2075 4368 li-

494 4417 620 4456 cere
659 4401 1080 4469 metropolitano
1111 4400 1411 4470 quidquam
1445 4417 1634 4457 eorum
1677 4408 1919 4477 exigere,
1951 4428 2074 4480 quae

1807 328 2086 388 TllEOD.
2118 329 2206 387 ΒΑ
2216 328 2523 423 LSAMON‘

3676 338 3763 402 903

2275 458 2293 491 ι
2337 440 2608 507 γίνεσθαι,
2643 440 2798 503 ἐκτὸς
2823 441 3068 509 ἀνάγκης
3097 441 3189 495 καὶ
3212 441 3332 512 βίας
3352 460 3442 494 και
3470 461 3611 506 τινος
3638 449 3765 498 εὐλό-

2281 553 2299 586 ι
2343 550 2444 602 γον
2515 538 2882 604 προφάσεως,
2951 539 3064 598 τοῖς
3117 539 3426 598 κανονικοίς
3488 541 3764 608 ἐπιτιμίοις

2295 644 2312 676 ι
2359 626 2690 678 ὑποκείσθω.
2729 627 2842 694 Τῆς
2867 627 2924 678 δὲ
2954 629 3174 680 συνόδου
3207 630 3509 700 γενομένης
3537 635 3661 698 περὶ
3687 651 3771 686 κα-

2291 737 2308 768 ‹
2353 717 2584 771 νονικῶν
2617 721 2710 772 καὶ
2737 719 3121 788 εύαγγελικῶν
3162 725 3530 793 πραγμάτων,
3565 726 3646 778 δεῖ
3674 732 3770 791 τοῖς

2281 828 2300 860 ι
2346 811 2821 881 συναθροισθεῖσιν
2849 827 3171 873 επισκοποις
3196 817 3252 866 ἐν
3295 817 3496 886 μελέτῃ
3517 819 3610 870 καὶ
3629 836 3770 888 φρον-

2283 921 2300 954 ι
2341 903 2446 956 τίδι
2495 903 2745 957 τίθεσθαι
2797 905 2892 958 τοῦ
2941 906 3309 975 φυλάττεσθαι
3353 911 3450 972 τὰς
3503 910 3657 974 θείας
3687 916 3767 968 καὶ

2281 1013 2300 1045 ι
2348 987 2650 1059 ζωοπόιοὺς
2672 996 2896 1060 ἐντολὰς
2920 999 3016 1051 τοῦ
3037 999 3194 1056 Θεοῦ.
3227 1002 3315 1055 Ἐν
3337 1003 3443 1070 γὰρ
3468 1003 3546 1073 τῷ
3577 1006 3767 1073 φυλάσ-

2277 1102 2296 1136 t
2342 1086 2532 1139 σεσοαι
2582 1089 2752 1150 αὑτὰς
2809 1092 3176 1155 ἁνταπόδοσις
3219 1093 3412 1164 πολλὴ,
3446 1095 3526 1147 ὃτι
3571 1099 3768 1151 κοιὶλύ-

2281 1197 2298 1228 ι
2347 1195 2472 1247 χνος
2503 1180 2714 1250 ἐντολὴ,
2745 1182 2910 1250 νόμος
2941 1182 2998 1235 δὲ
3034 1185 3150 1253 φῶς
3175 1185 3265 1238 καὶ
3289 1187 3406 1250 ὁδὸς
3438 1188 3604 1257 ζωῆς.
3637 1191 3768 1259 ἔλεγ-

2277 1287 2295 1320 ι
2339 1286 2433 1339 χος
2464 1274 2554 1323 καὶ
2585 1273 2804 1326 παιδεία
2828 1291 2842 1303 ·
2860 1276 2955 1329 καὶ
2983 1278 3016 1346 ἠ
3039 1277 3227 1350 ἐντολὴ
3255 1281 3461 1350 Κυρίου
3483 1281 3764 1354 τηλαυγὴς,

2280 1379 2298 1412 ι
2347 1365 2662 1430 φωτίζουσα
2709 1366 3044 1436 ὀφθαλμούς.
3079 1371 3170 1441 Μὴ
3209 1373 3355 1441 ἔχειν
3381 1374 3438 1426 δὲ
3483 1375 3668 1428 ἄδειαν
3693 1377 3768 1429 τὸν

2281 1474 2297 1506 ι
2347 1457 2778 1528 μητροπολίτην,
2825 1460 2886 1524 ἐξ
2932 1455 3008 1513 ὧν
3056 1464 3383 1531 ἐπιφέρεται
3419 1466 3448 1518 6
3486 1466 3770 1529 ἐπίσκοπος

2276 1568 2294 1598 ι
2345 1550 2464 1618 μετ’
2487 1551 2674 1610 αὐτοῦ,
2700 1552 2730 1622 ἢ
2762 1553 2959 1623 κτῆνος
2981 1555 3013 1625 ἢ
3046 1555 3235 1627 ἕτερον
3255 1553 3395 1621 εἶδος
3415 1562 3671 1612 ἀπαιτεῖν
3701 1562 3768 1612 ἐἱ

2278 1661 2296 1692 ι
2341 1646 2449 1713 γὰρ
2487 1643 2646 1697 τοῦτο
2677 1646 2911 1720 ἐλεγχθῇ
2942 1650 3292 1721 πεποιηκὼς,
3322 1651 3578 1706 ἀποτίσει
3593 1669 3772 1724 τετρα-

2279 1752 2297 1784 ι
2340 1734 2587 1790 πλάσιον.
2630 1757 2649 1788 i

2196 1915 2474 1984 ὀφείλουσι
2508 1917 2757 1986 γίνεσθαι
2781 1921 2838 1973 αἱ
2867 1922 3095 1987 σύνοδοι,
3121 1925 3216 1978 καὶ
3245 1927 3355 1978 τῶν
3385 1929 3486 1994 μὲν
3513 1926 3769 1997 λεγόντων

2197 2009 2346 2076 ἅπαξ
2394 2010 2489 2062 τοῦ
2543 2012 2797 2091 ἐνιαυτοῦ
2853 2016 3219 2086 συνέρχεσθαι
3263 2019 3392 2084 τοὺς
3427 2022 3769 2092 ὲπαρχιὼτας

2193 2083 2554 2166 ἐπισκόπους,
2592 2103 2702 2158 τῶν
2736 2104 2793 2157 δὲ
2826 2106 2911 2169 δὶς
2940 2083 3248 2173 τοῦ-’ἔτουςο
3287 2114 3316 2163 6
3353 2083 3554 2183 παρὼν
3577 2083 3765 2167 ’κανὼν

2193 2192 2283 2245 διὰ
2310 2193 2409 2264 τὴν
2440 2195 2506 2247 ἐκ
2533 2195 2632 2262 τῆς
2658 2197 2972 2269 ὁδοιπορίας
3001 2202 3298 2273 συντριεὴν
3323 2205 3434 2258 τῶν
3466 2207 3766 2260 ἐπισκόπων

2207 2287 2652 2358 κατηκολούθησε
2696 2291 2776 2361 τῷ
2830 2290 2879 2360 η’
2919 2293 3107 2348 κανόνι
3163 2295 3266 2367 τῆς
3309 2303 3363 2361 ς’
3402 2299 3647 2363 συνόδου,
3695 2302 3764 2372 τῷ

2190 2377 2550 2450 διοριζομένῳ
2592 2381 2741 2446 ἅπαξ
2791 2385 2887 2438 τοῦ
2923 2386 3180 2440 ἐνιαυτοῦ
3227 2388 3454 2453 τούτους
3493 2392 3765 2465 συναθροί-

2192 2471 2409 2537 ζεσθαι,
2438 2474 2534 2526 καὶ
2557 2474 2850 2544 διωρίσατο
2875 2476 3303 2546 οὖτω.γίνεσθαι,
3325 2484 3374 2535 εί
3401 2484 3476 2554 μή
3505 2501 3587 2547 τις
3604 2487 3764 2555 ἀνάγ-

2189 2581 2260 2635 κη
2297 2566 2392 2619 καὶ
2424 2565 2516 2635 βία
2553 2566 2756 2639 mm
2787 2572 3061 2641 πρόφασις
3092 2572 3315 2643 εὔλογος
3339 2581 3441 2646 τὴν
3465 2579 3762 2634 συνέλευσιν

2190 2659 2611 2728 παρεμποδίσει,
2642 2664 2767 2725 τοὺς
2795 2663 2850 2718 δὲ
2882 2665 2955 2735 μὴ
2985 2665 3127 2719 οὕτω
3155 2669 3449 2733 ποιοῦντας
3487 2672 3754 2743 ἀρχιερεῖς

2187 2751 2300 2810 τοῖς
2334 2755 2642 2816 κανονικοῖς
2665 2754 2964 2824 ἐπιτιμίοις
2987 2758 3334 2826 ὑποκεῖσθαι,
3357 2764 3494 2817 ἀλλὰ
3525 2769 3618 2818 καὶ
3645 2768 3759 2831 τοὺς

2188 2838 2506 2905 πολιτικοὺς
2529 2842 2820 2913 ἄρχοντας,
2842 2847 2967 2910 τοὺς
2993 2851 3302 2917 κωλύοντας
3328 2853 3488 2908 τοῦτο
3505 2857 3756 2924 γίνεσθαι,

2186 2931 2567 2999 ἀφορίζεσθαι.
2605 2935 2735 2989 Ὅτε
2769 2938 2979 3006 μέντοι,
3005 2942 3195 3012 φησὶν,
3229 2945 3262 3015 ἡ
3291 2945 3507 3010 σύνοδος
3538 2948 3753 3016 γίνεται,

2235 2991 2248 2997 -
2297 2991 2307 2999 .
2363 2991 2378 2995 ν
2769 2991 2783 3006 ι
2892 2991 2979 3006 νίν
3015 2991 3195 3012 ῐ⁷ι””ν
3234 2991 3262 3015 Ὶ
3294 2991 3504 3010 -τ-’ννν
3547 2991 3753 3016 δ”-’νη

2184 3023 2492 3090 ὀφείλουσιν
2520 3028 2571 3079 oi
2606 3028 2899 3083 ἐπίσκοποι
2928 3032 3237 3100 φροντίζειν
3266 3036 3360 3090 τοῦ
3393 3039 3753 3107 φυλάττεσθαι
3913 2991 3915 3094 ί

2184 3115 2286 3176 τὰς
2337 3116 2702 3184 εύαγγελικὰς
2751 3122 2847 3174 καί
2902 3127 3198 3189 κανονικὰς
3253 3131 3609 3200 παραδόσεις.
3669 3137 3751 3187 καὶ

2181 3207 2280 3269 τὰς
2307 3202 2471 3272 ἄλλας
2502 3209 2722 3274 ἐντολὰς
2754 3213 2846 3266 τοῦ
2878 3214 3034 3269 Θεοῦ.
3068 3218 3180 3270 Καὶ
3213 3223 3504 3276 κανονικαὶ
3542 3223 3643 3293 μὲν
3665 3241 3751 3276 πα-

2183 3301 2434 3370 ραδόσεις
2467 3305 2606 3356 είσὶν
2635 3306 2682 3357 οἱ
2731 3304 2947 3374 εὖλογοι
2987 3311 3082 3362 καὶ
3113 3313 3416 3383 παράλογοι
3444 3317 3747 3386 ἀφορισμοὶ,

2183 3397 2240 3448 αί
2273 3397 2603 3464 καταγωγαὶ
2650 3399 2761 3452 τῶν
2813 3402 3118 3472 κληρικῶτ,
3168 3408 3224 3458 αἱ
3273 3407 3604 3478 παραδόσεις
3653 3409 3750 3463 τῶν

2180 3491 2563 3544 ὲπισκοπικῶν
2620 3495 2986 3566 πραγμάτων,
3035 3499 3133 3552 καὶ
3173 3499 3242 3552 τὰ
3301 3500 3526 3557 τοιαῦτα
3553 3518 3566 3530 ·
3603 3503 3750 3572 εὐαγ-

2179 3582 2398 3650 γελικαὶ
2437 3585 2496 3638 δὲ
2529 3588 2863 3658 παραδόσεις
2896 3591 2992 3644 καὶ
3019 3591 3237 3646 ἐντολαὶ
3267 3593 3359 3647 τοῦ
3388 3595 3522 3649 Θεοῦ
3555 3597 3615 3650 τὸ
3658 3596 3744 3666 βα·

2180 3674 2467 3738 πτίζεσθαι
2488 3678 2569 3740 είς
2599 3679 2657 3731 τὸ
2683 3679 2853 3750 ὄνομα
2877 3684 2972 3735 τοῦ
2998 3683 3235 3756 Πατρδς,
3254 3686 3350 3739 καὶ
3375 3687 3468 3740 τοῦ
3494 3687 3642 3752 Υἱοῦ,
3659 3687 3743 3741 καὶ

2177 3765 2271 3819 τοῦ
2317 3769 2477 3836 ἁγίου
2514 3756 2855 3842 Πνεύματος,
2886 3775 2948 3828 τὸ
2988 3776 3086 3845 Μὴ
3111 3780 3474 3850 μοιχεύσῃς,
3504 3781 3589 3851 μὴ
3617 3798 3744 3849 πορ-

2177 3863 2446 3930 νεύσῃς,
2494 3864 2580 3934 μὴ
2627 3867 3237 3942 ψευδομαρτυρήσῃς,
3292 3873 3389 3927 καὶ
3457 3875 3526 3929 τὰ
3576 3875 3738 3944 ὃμοια.

2192 3955 2344 4009 Ἐπεὶ
2376 3958 2431 4010 δὲ
2462 3958 2664 4025 ἔμαθον
2704 3962 2753 4013 οἱ
2786 3963 3030 4034 Πατέρες
3059 3967 3143 4018 ὅτι
3177 3969 3235 4019 ἐν
3254 3971 3375 4030 ταῖς
3410 3969 3735 4021 συνελεύσεσι

2177 4049 2286 4103 τῶν
2315 4052 2632 4106 ἐπισκόπων
2654 4056 3058 4126 μητροπολίταί
3073 4076 3219 4121 τινες
3242 4063 3735 4127 κατεξουσιάζουσιν

2177 4139 2382 4206 αὐτῶν,
2436 4143 2530 4196 καὶ
2575 4143 2906 4199 ἀπαιτοῦσιν
2942 4147 3148 4212 ἵππους
3183 4151 3215 4221 ἢ
3250 4151 3416 4219 ἔτερα
3451 4170 3574 4206 τινα
3612 4154 3730 4222 είδη.

2175 4231 2385 4303 ὥρισαν
2415 4234 2508 4287 καὶ
2536 4235 2692 4288 τοῦτο
2721 4237 3003 4307 σχολάσαι,
3039 4241 3134 4292 καὶ
3163 4241 3253 4294 τὸν
3283 4243 3530 4299 τοιοῦτόν
3559 4263 3609 4297 τι
3636 4261 3733 4297 ποι-

2177 4325 2387 4395 ήσαντα
2419 4325 2824 4398 μητροπολίτην
2860 4329 3242 4401 ἀντιστρέφειν
3275 4333 3334 4387 τὸ
3357 4337 3632 4407 διδόμενον
3659 4339 3727 4398 είς

2175 4416 2236 4468 τὸ
2281 4417 2638 4486 τετραπλοῦν.
2674 4420 2871 4484 Καλῶς
2898 4420 2955 4475 δὲ
2999 4418 3153 4478 εἶπεν
3193 4428 3222 4479 6
3266 4429 3447 4482 κανὼν
3492 4433 3566 4501 μὴ
3604 4431 3728 4500 ἔχειν

492 4492 653 4548 aﬂ'ert
680 4492 996 4562 episc0pus.
1035 4491 1093 4544 Si
1124 4491 1269 4545 enim
1303 4507 1403 4546 sua
1441 4507 1637 4562 sponte
1672 4501 1909 4554 voluerit
1951 4505 2069 4571 cpi-

2193 4510 2264 4562 ;π’
2319 4511 2505 4574 ἁδείας
2551 4512 2642 4565 τὸν
2691 4514 3098 4588 μητροπολίτην
3146 4520 3398 4573 ἀπαιτεῖν
3434 4540 3487 4575 τι
3530 4524 3586 4588 ἐξ
3617 4518 3728 4576 ὦνό

491 4599 694 4654 scopus
723 4583 1206 4650 metroiiolitanum
1231 4583 1414 4653 aliquo
1439 4585 1711 4654 ejusmodi
1765 4593 1910 4646 tlono
1934 4611 2064 4664 pro-

495 4678 675 4747 sequi,
706 4691 818 4730 non
856 4675 1242 4746 prohibebitur
1268 4676 1374 4730 lioc
1411 4679 1615 4735 facere.
1643 4680 1837 4747 Quaere
1861 4702 1982 4757 cap.
2012 4689 2066 4754 8⁹

493 4773 582 4825 tit.
621 4770 655 4825 8
682 4770 966 4840 praesentis
997 4772 1204 4838 operis,
1237 4778 1292 4824 et
1327 4786 1454 4825 can.
1489 4772 1522 4824 8
1550 4788 1673 4844 syn.
1713 4777 1765 4830 in
1808 4776 2021 4836 Trullo.

2176 4602 2476 4667 ἐπίσκοπος
2528 4605 2873 4676 ἐπιφέρεται.
2930 4608 2992 4661 Εί
3053 4611 3164 4682 γὰρ
3213 4614 3396 4666 ἑκοντὶ
3453 4617 3728 4677 ἐπίσκοπος

2176 4693 2396 4765 θελήσει
2448 4694 2811 4760 δεξιώσασθαι
2855 4700 2945 4753 τὸν
3003 4707 3411 4775 μητροπολίτην
3451 4710 3613 4764 αὐτοῦ
3653 4709 3728 4761 δια

2171 4804 2318 4851 τινος
2388 4787 2756 4858 πράγματος,
2812 4792 2873 4844 οὐ
2921 4795 3299 4864 κωλυθήσεται
3348 4801 3508 4853 τοῦτο
3551 4803 3724 4854 ποιεῖν.

489 4865 653 4933 Ζήτει
681 4861 744 4916 τὸ
772 4860 821 4934 η’
855 4879 981 4931 κεφ.
1039 4861 1136 4914 τοῦ
1169 4867 1220 4931 η’
1265 4863 1450 4916 τίτλον
1514 4865 1609 4918 τοῦ
1670 4871 1938 4938 παρόντος
1997 4879 2403 4951 συντάγματος,
2461 4881 2556 4934 καὶ
2626 4881 2720 4934 τὸν
2765 4882 2814 4952 η’
2856 4887 3060 4940 κανόνα
3105 4860 3202 4960 τῆς
3236 4892 3294 4945 ἐν
3367 4894 3448 4967 τῷ
3494 4896 3723 4966 Τρούλλῳ

489 4980 552 5017 συ
563 4975 708 5012 νοοου
717 4998 731 5012 υ

566 5051 991 5122 296ZONAR.
1009 5051 1082 5108 De
1097 5057 1322 5126 synodis
1347 5060 1397 5114 in
1417 5079 1744 5133 unaquaque
1769 5068 2055 5135 provincia

493 5145 793 5215 quotannis
814 5144 1163 5203 celebrandis
1186 5151 1342 5205 multi
1368 5169 1608 5210 canones
1629 5171 1874 5214 exstant.
1910 5161 2054 5217 Idem

488 5237 580 5292 hic
608 5251 828 5306 quoque
869 5238 1082 5304 statuit,
1144 5245 1491 5315 canonisque
1552 5249 1608 5301 in
1644 5261 1798 5304 sexta
1842 5257 2054 5324 synodo

482 5331 619 5386 editi
667 5332 936 5398 meminit,
965 5347 994 5387 a
1028 5349 1136 5404 qua
1190 5339 1430 5408 quidem,
1467 5351 1524 5396 ut
1570 5346 1843 5416 episcopis
1895 5351 2058 5406 itine-

488 5441 606 5478 rum
652 5424 916 5491 molestia:
949 5427 1382 5500 vexationesque
1440 5432 1843 5503 minuerentur,
1888 5444 2058 5497 semel

484 5517 537 5568 in
596 5531 739 5570 anno
774 5518 1044 5588 synodum
1097 5521 1150 5572 in
1207 5507 1454 5593 singulis
1504 5529 1812 5595 provinciis
1865 5535 2053 5590 habt-ri

483 5611 763 5662 decretum
803 5618 908 5674 est,
932 5625 996 5662 ac
1055 5611 1430 5680 antiquiorem
1477 5617 1543 5672 de
1603 5623 1885 5690 synodicis
1918 5640 2050 5680 con-

480 5699 727 5756 rentibus
751 5701 1094 5758 celebrandis
1131 5706 1582 5764 constitutionem
1611 5715 1867 5771 restituit.
1888 5716 2046 5784 Quod

2239 5072 2487 5127 ΖΩΝΑΡ.
2520 5074 2654 5142 Περὶ
2703 5076 2795 5128 τοῦ
2825 5077 3071 5144 γίνεσθαι
3109 5083 3364 5148 συνόδους
3402 5087 3462 5138 ὲν
3489 5090 3603 5149 ταῖς
3633 5087 3719 5139 ἑπ-

2166 5164 2385 5234 αρχίαις
2412 5166 2536 5218 καθ’
2566 5167 2796 5222 ἕκαστον
2823 5168 2940 5232 ἔτος
2975 5173 3223 5244 διάφοροι
3258 5173 3478 5242 κανόνες
3508 5178 3714 5247 διαλαμ-

2169 5256 2421 5323 δάνουσι,
2465 5260 2560 5312 καὶ
2588 5261 2616 5313 ὁ
2647 5261 2840 5331 παρὼν
2883 5264 2941 5316 δὲ
2971 5257 3148 5332 οὗτος,
3192 5269 3286 5322 καὶ
3317 5271 3587 5340 μέμνηται
3635 5269 3713 5322 τοῦ

2163 5348 2389 5412 κανόνος
2413 5351 2510 5420 τῆς
2539 5351 2705 5418 ἕκτης
2735 5355 2980 5422 συνόδου,
3016 5357 3136 5426 ἥτις
3165 5359 3313 5425 ἅπαξ
3351 5362 3446 5414 τοῦ
3483 5362 3708 5415 ἐνιαυτοῦ

2151 5439 2530 5496 διετυπώσατο
2567 5445 2816 5512 γίνεσθαι
2869 5451 2965 5512 τὰς
3015 5451 3266 5518 συνόδους
3306 5455 3367 5506 ὲν
3396 5458 3516 5518 ταῖς
3545 5457 3699 5523 ἐπαρ-

2157 5534 2324 5602 χίαις,
2375 5535 2465 5589 ἵνα
2499 5538 2575 5605 μὴ
2628 5539 2830 5607 πολλὴν
2861 5542 3086 5612 ὄχλησιν
3131 5545 3228 5597 καὶ
3270 5548 3608 5617 καινοτομίαν
3657 5547 3706 5597 ὲν

2151 5627 2270 5688 τιῖς
2300 5626 2634 5699 ὁδοιπορίαις
2663 5634 2713 5684 οῖ
2741 5635 3032 5690 ἐπίσκοποι
3055 5636 3243 5708 ἔχωσι,
3269 5643 3362 5694 καὶ
3391 5643 3600 5694 ἁνανεοῖ
3616 5637 3701 5708 τὴν

2149 5717 2281 5786 περὶ
2309 5719 2419 5772 τῶν
2450 5723 2688 5776 συνόδων
2724 5727 3086 5799 παλαιοτέραν
3113 5731 3381 5800 διάταξιν.
3423 5734 3528 5787 Καὶ
3551 5735 3594 5784 εί
3613 5733 3698 5799 ἄρα

474 5792 521 5845 si
585 5790 940 5862 magistratus
978 5791 1180 5864 aliquis
1239 5796 1451 5866 synodo
1514 5803 1772 5871 cogendae
1836 5805 2041 5877 obstet,

2193 5826 2255 5866 ον
2288 5811 2544 5882 κωλύσει,
2561 5819 2713 5888 φησὶ,
2734 5819 2791 5873 τὸ
2807 5790 3054 5890 γίνεσθαι
3070 5790 3307 5895 σύνοδον,
3333 5790 3658 5897 ἁφοριξέσθω
3675 5835 3692 5855 ο
