3972 6488
361 360 463 426 909
1274 368 1357 428 IN
1388 370 1556 429 CAN.
1598 369 1708 429 VlI
1738 370 1879 429 CON

2005 387 2016 430 ι’
2038 371 2088 428 ll
2129 372 2479 433 (ECUMEN.
3230 384 3231 387 ‘
3483 375 3586 436 910

254 512 259 527 .
350 471 441 526 καὶ
472 472 597 535 τοὺς
635 474 971 545 ἀμελοῦντας
999 479 1094 532 τοῦ
1127 479 1452 550 πράγματος
1486 487 1881 554 μητροπολίτας

2017 490 2313 555 segregari,
2352 497 2406 542 et
2439 488 2905 558 mctropolitanos,
2930 487 3021 559 qui
3048 503 3167 543 eam
3206 489 3351 543 nulla
3385 503 3580 544 neces-

349 564 393 615 εί
445 563 518 632 μὴ
554 566 768 635 ἀνάγκη
808 584 894 629 τις
944 570 1291 642 μεσολαϐήσῃ
1323 574 1414 624 καὶ
1456 573 1567 642 βία,
1607 580 1908 635 κανονικοῖς

351 652 651 707 ὑποϐάλλει
684 658 1002 729 ἐπιτιμίοις.
1038 661 1165 713 Ὅτε
1194 663 1248 715 δὲ
1276 666 1500 732 γένηται
1533 666 1746 729 σύνοδος
1780 669 1909 736 περὶ

347 747 644 797 atavo-uxth
691 751 785 800 καὶ
832 752 1206 819 εὐαγγελικῶν
1237 757 1572 826 πραγμάτων
1598 797 1611 821 ,
1660 761 1739 810 δεῖ
1783 762 1909 821 τους

347 837 670 902 ἐπισκόπους
696 842 1017 910 φροντίζειν,
1047 847 1092 896 εί
1121 846 1478 912 φυλάσσονται
1504 850 1559 901 αί
1587 850 1726 902 θεῖαι
1756 852 1906 903 ὲντο-

344 927 454 977 Ααί.
479 928 755 983 Κανονικὰ
788 933 887 997 μὲν
928 931 1020 985 οὖν
1057 938 1356 1005 πράγματα
1379 935 1488 991 εἷεν
1519 940 1585 992 ἂν
1613 940 1663 991 οἱ
1713 942 1905 1011 ἀφορι-

343 1019 496 1087 σμοὶ,
520 1023 569 1073 εί
603 1022 825 1087 δικαίως
857 1028 1094 1094 γίνονται
1121 1031 1505 1101 σκοπούμενοι,
1538 1035 1585 1085 εί
1606 1033 1673 1085 δι’
1698 1035 1903 1086 οἰκονό-

344 1128 464 1178 μων
487 1114 654 1167 ὄντων
686 1119 748 1169 ἐκ
781 1120 888 1171 τῶν
922 1121 1140 1191 κλήρων
1173 1123 1353 1176 αὐτῶν
1376 1124 1444 1177 τά
1470 1126 1574 1177 τῶν
1599 1126 1927 1197 ἐκκλησιῶν.

336 1200 632 1256 διοικοῦσιν
663 1208 710 1258 οἱ
741 1210 1048 1274 ἐπίσκοποι,
1071 1214 1164 1263 καὶ
1195 1212 1419 1265 τοιαῦτά
1440 1230 1580 1277 τινα,
1613 1213 1710 1267 ἂοί
1744 1216 1901 1267 κανό-

336 1309 431 1356 νες
461 1296 704 1362 γίνεσθαι
730 1301 1125 1359 διατάττονται.
1161 1306 1503 1375 Εὑαγγελικά
1530 1309 1608 1371 δὲ,
1644 1306 1783 1361 ἃδιά
1808 1308 1902 1360 τοῦ

335 1385 668 1455 Εὑαγγελίου
700 1395 829 1463 ἡμῖν
859 1398 1265 1452 ὲπιτάττονται·
1306 1397 1416 1452 οἷόν
1449 1404 1560 1452 ἐστι
1607 1400 1668 1452 τὸ
1714 1400 1904 1469 βαπτί-

333 1481 452 1544 ζειν
470 1484 547 1545 εἰς
560 1485 728 1555 ὄνομα
750 1488 979 1559 Πατρός,
995 1492 1088 1543 καὶ
1111 1491 1259 1557 Υἰοῦ,
1280 1492 1372 1545 καὶ
1394 1494 1547 1561 ἁγίου
1570 1492 1898 1560 Πνεύματος,

338 1577 439 1623 καὶ
478 1574 536 1624 τὸ
572 1577 647 1644 μὴ
680 1578 962 1631 ἐκὸάλλειν
991 1582 1112 1633 τινά
1138 1584 1237 1652 τὴν
1284 1586 1519 1650 γυναῖκα
1551 1583 1715 1637 αὑτοῦ
1744 1583 1901 1645 ἐκτὸς

332 1663 500 1731 λόγου
522 1670 796 1735 πορνείας,
829 1673 925 1725 καὶ
951 1673 1084 1741 ἄλλα
1107 1676 1349 1729 τοιαῦτα.
1380 1675 1561 1730 Ταῦτα
1586 1677 1691 1747 γάρ
1721 1678 1899 1730 πάντα

333 1758 606 1827 ἠρεύνων,
652 1764 699 1814 εἰ
745 1766 803 1816 ὲν
837 1768 957 1829 ταῖς
983 1764 1188 1837 χώραις
1221 1770 1399 1820 αὐτῶν
1432 1768 1688 1837 ἐγίνοντο,
1722 1771 1768 1822 οἱ
1803 1772 1900 1841 ἀρ-

2017 588 2161 635 saria
2182 600 2351 637 causa
2383 584 2781 638 interveniente
2820 582 3081 653 miliaque
3132 584 3183 636 vi
3216 583 3391 637 coacti
3442 598 3582 652 pra:-

2016 677 2371 737 termiserint,
2391 676 2673 730 canonicis
2699 677 2877 745 poenis
2896 677 3064 730 teneri
3089 675 3261 745 jubet.
3284 676 3340 728 In
3367 677 3581 745 synodo

2018 783 2178 836 porro
2207 768 2274 822 de
2308 769 2588 823 canonicis
2618 770 3060 839 evangelicisque
3084 769 3312 839 negotiis
3370 768 3576 831 habita,

2016 875 2081 912 an
2109 858 2291 911 divina
2313 872 2579 928 prtecepta
2613 870 2925 925 serventur,
2954 860 3201 916 studiose
3249 861 3318 915 ab
3359 862 3577 930 episco-

2016 952 2098 1017 pis
2167 953 2577 1019 inquirendum.
2614 953 2692 1006 Ac
2749 953 2965 1020 negotia
3022 954 3243 1022 quidem
3311 954 3577 1007 canonica

2014 1056 2139 1098 sunt
2164 1046 2393 1113 exempli
2425 1060 2627 1099 causa:
2655 1061 2723 1099 an
2754 1044 3300 1116 segregationesjure
3328 1048 3576 1115 irrogen-

2015 1148 2134 1199 tur;
2165 1154 2231 1189 an
2267 1154 2359 1203 per
2391 1153 2708 1193 mconomos
2733 1155 2800 1193 ex
2862 1140 3300 1207 uniuscujusque
3328 1139 3572 1207 ipsorum

2012 1230 2162 1282 clero
2194 1229 2441 1284 delectos
2481 1222 2841 1285 ecclesiarum
2875 1231 3014 1284 bona
3046 1237 3111 1285 ab
3160 1230 3435 1300 episcopis
3481 1227 3574 1280 ad-

2013 1322 2419 1385 ministrentur,
2456 1327 2671 1394 aliaque
2724 1324 3038 1392 bujusmodi
3080 1324 3315 1380 canonis
3368 1323 3573 1376 consti-

2013 1415 2317 1469 tutionibus
2357 1418 2581 1470 delinita
2617 1430 2931 1484 serventur,
3004 1417 3353 1486 investigare.
3397 1415 3573 1468 Evan-

2009 1504 2179 1573 gelica
2210 1521 2338 1561 vero
2359 1524 2422 1562 ea
2454 1518 2582 1563 sunt
2605 1525 2726 1578 quae
2751 1510 2907 1565 nobis
2954 1506 3011 1563 in
3040 1501 3344 1578 EVangelio
3373 1504 3570 1576 praeci-

2009 1598 2263 1665 piuntur;
2295 1602 2452 1668 quale
2481 1612 2565 1656 est
2593 1602 2749 1667 illud,
2780 1610 2840 1656 ut
2891 1602 2948 1657 id
3010 1602 3237 1657 nomine
3297 1601 3473 1656 Patris
3520 1608 3569 1655 el

2010 1690 2127 1745 Filii
2153 1703 2207 1747 et
2230 1692 2472 1763 Spiritus
2502 1696 2677 1749 sancti
2708 1696 3011 1765 baptistnus
3038 1684 3495 1759 administretur;
3519 1703 3567 1746 et

2008 1797 2075 1836 ne
2105 1784 2228 1851 quis
2266 1799 2494 1839 uxorem
2542 1803 2696 1840 suam
2732 1787 2940 1856 ejiciat,
2976 1794 3205 1855 excepta
3260 1798 3428 1838 causa
3459 1783 3566 1837 for-

330 1856 542 1919 χιερείς
574 1853 971 1926 ἀθροιζόμενοι,
1007 1862 1101 1911 καὶ
1123 1861 1172 1913 εί
1199 1862 1337 1914 κατά
1364 1862 1462 1925 τὰς
1494 1863 1644 1925 Θείας
1676 1864 1881 1927 ἐντολὰς

2005 1873 2338 1937 nicatlonis;
2375 1889 2438 1929 ac
2465 1873 2586 1944 ejus
2616 1877 2832 1946 generis
2870 1877 2994 1931 alia.
3035 1877 3161 1931 llam
3185 1879 3328 1934 enim
3356 1879 3565 1944 omnia,

330 1941 546 2010 βιοῦσιν
581 1946 630 1997 ot
677 1946 977 2017 ἄνθρωποι.
1036 1952 1144 2004 Καὶ
1202 1954 1507 2024 μαρτυρίας
1554 1955 1835 2023 Γραφικάς
1865 1958 1892 2008 ὁ

326 2036 515 2089 κανὼν
544 2040 779 2107 παράγει
804 2041 866 2093 ἐκ
897 2060 957 2094 τε
988 2044 1082 2096 τοῦ
1103 2045 1378 2115 ψαλτῆρος
1401 2049 1493 2099 καὶ
1526 2048 1588 2099 ὲκ
1617 2048 1722 2100 τῶν
1746 2049 1894 2120 Παρ-

326 2133 553 2201 οιμιῶν.
584 2135 693 2187 Καὶ
738 2137 831 2189 ἐπὶ
857 2140 1065 2201 τούτοις
1102 2142 1454 2212 προστίθησιν
1481 2143 1561 2194 ὅτι
1590 2144 1892 2212 συναγομέ-

323 2239 439 2273 νων
472 2222 580 2275 τῶν
616 2226 925 2279 ἐπισκόπων
946 2228 1072 2282 ἔνθα
1102 2231 1129 2282 ὁ
1162 2233 1558 2301 μητροπολίτης
1580 2235 1677 2302 τῆς
1721 2236 1891 2304 ἐπαρ-

320 2311 451 2379 χίας
488 2313 660 2383 όρίσει
690 2318 832 2369 κατά
869 2318 960 2371 τὸν
999 2323 1218 2387 κανόνα,
1251 2324 1346 2392 οὺχ
1363 2324 1473 2390 ἕξει
1503 2328 1530 2378 ό
1562 2329 1892 2398 μητροπολί-

320 2423 430 2475 της
478 2408 726 2472 ἐξουσίαν
775 2413 1031 2467 ἀπαιτεῖν
1078 2434 1129 2469 τι
1179 2418 1237 2483 ἐξ
1276 2416 1474 2482 αὐτῶν,
1507 2418 1631 2471 οὔτε
1673 2421 1889 2487 κτῆνος,

322 2495 499 2548 ἵππον
529 2501 691 2568 τυχὸν
722 2500 754 2571 ἢ
790 2503 1036 2572 ἡμίονον,
1072 2506 1198 2560 οὔτε
1240 2527 1291 2561 τι
1332 2510 1519 2579 ἕτερον
1550 2507 1711 2572 εἶδος.
1742 2512 1802 2563 Et
1834 2511 1889 2564 δὲ

317 2588 424 2638 καὶ
461 2591 770 2662 ἀπαιτήσας
800 2594 895 2647 καὶ
923 2595 1103 2651 λαϐὼν
1123 2615 1175 2652 τι
1206 2600 1514 2672 ἐλεγχθείη,
1539 2602 1808 2656 ἀποδώσει
1831 2606 1889 2656 τὸ

314 2684 690 2750 τετραπλοῦν.

2001 1979 2069 2017 an
2104 1966 2159 2018 in
2186 1967 2447 2036 subjectis
2466 1969 2667 2037 cuique
2692 1968 3008 2037 regionibus
3060 1970 3136 2023 ita
3179 1960 3394 2034 ﬁerent,
3441 1964 3564 2041 epi-

2000 2059 2153 2129 scopi
2196 2042 2591 2117 convenientes
2655 2064 3045 2133 inquirebant;
3081 2068 3135 2119 et
3177 2066 3249 2119 an
3279 2065 3438 2134 juxta
3479 2058 3561 2119 di-

1998 2157 2123 2207 vina
2183 2155 2439 2208 mandata
2493 2156 2747 2211 homines
2804 2148 2969 2213 vitam
3030 2159 3390 2214 instituerint.
3427 2158 3560 2215 Hinc

1998 2247 2313 2300 testimonia
2360 2262 2579 2317 quoque
2627 2264 2804 2303 canon
2859 2265 2922 2304 ex
2982 2248 3323 2305 Psalmorum
3381 2261 3436 2307 et
3494 2269 3558 2308 ex

1995 2336 2417 2393 Proverbiorum
2444 2341 2598 2394 libris
2629 2342 2871 2395 adducit.
2898 2342 2976 2397 Ad
3012 2343 3145 2406 hate,
3177 2360 3246 2398 ne
3288 2355 3538 2414 metropo

1993 2431 2166 2484 litano
2205 2431 2389 2494 liceat,
2414 2433 2689 2501 episcopis
2745 2449 2811 2487 ex
2857 2436 3089 2489 canonis
3147 2436 3468 2506 prtescripto
3503 2422 3557 2492 in

1992 2536 2117 2576 eum
2144 2521 2322 2575 locum
2372 2522 2533 2591 qtiem
2582 2522 2699 2592 ipse
2746 2524 3007 2593 delegerit
3038 2522 3411 2597 congregatis,
3460 2514 3545 2582 ali-

1995 2612 2129 2682 quid
2166 2628 2232 2667 ex
2268 2613 2510 2682 ipsorum
2548 2616 2736 2679 rebus,
2792 2629 2895 2671 nec
2948 2616 3256 2684 iumentum
3286 2658 3300 2681 ,
3356 2618 3554 2686 equum

1997 2704 2137 2759 forte
2169 2710 2641 2771 autmulum,nec
2687 2708 2837 2762 aliud
2891 2706 3172 2777 quidpiam
3231 2709 3335 2764 sibi
3380 2704 3555 2765 vindi.

276 2790 477 2841 -care,
515 2778 782 2837 decernit.
813 2783 966 2848 (λυοά
997 2784 1043 2839 si
1070 2799 1183 2841 rem
1211 2788 1446 2857 aliquam
1500 2789 1569 2845 ab
1606 2806 1670 2846 eo
1699 2792 2021 2850 vindicatum
2087 2812 2248 2868 atque
2304 2800 2538 2853 ablatam
2608 2814 2730 2854 esse
2804 2802 3088 2870 probatum
3177 2796 3360 2868 fuerit,
3416 2820 3551 2873 qna-

313 2868 575 2938 druplum
603 2873 812 2930 reddet.

324 2962 550 3019 ΑΡΙΣΤ.
586 2980 605 3015 ι
654 2966 809 3020 Ἐπεὶ
850 2969 924 3039 μὴ
968 2970 1194 3027 δυνατὸν
1220 2974 1363 3026 κατά
1403 2974 1465 3026 τὸ
1502 2974 1667 3028 πάλαι
1714 2976 1870 3042 δόξαν

397 3071 415 3103 ι
458 3053 541 3116 δὶς
597 3055 691 3108 τοῦ
734 3056 885 3123 ἔτους
926 3061 1173 3128 γίνεσθαι
1199 3063 1433 3131 σύνοδον,
1466 3067 1700 3132 γινέσθω
1733 3067 1882 3132 ἅπαξ

396 3165 414 3197 ι
465 3148 603 3200 κατά
634 3151 693 3201 τὸ
723 3151 883 3217 δόξαν
912 3159 977 3222 τῇ
1008 3155 1164 3229 ἕκτῃ,
1203 3158 1312 3211 Καὶ
1345 3162 1373 3211 ό
1400 3160 1652 3222 κωλύσας
1696 3162 1880 3231 ἄρχων

394 3257 413 3291 ι
461 3242 803 3312 ἀφοριςέσοω
831 3261 847 3277 ο
876 3247 972 3299 καὶ
1003 3249 1030 3300 ό
1054 3248 1334 3320 ἀμελήσας
1382 3254 1680 3315 ἐπίσκοπος
1710 3255 1881 3309 ἐπιτι-

397 3351 415 3383 t
467 3334 681 3403 μάσθω.
707 3336 819 3406 Τῆς
845 3340 1062 3393 συνόδου
1090 3341 1146 3392 δὲ
1179 3344 1492 3413 γινομένης,
1524 3345 1681 3417 εἴπερ
1711 3350 1738 3399 ό
1770 3365 1879 3417 μη-

391 3446 409 3476 ι
459 3428 786 3499 τροπολίτης
830 3431 1095 3499 ἀφέληταί
1137 3451 1190 3486 τι
1240 3437 1347 3489 τῶν
1402 3437 1498 3489 τοῦ
1550 3440 1875 3504 ἐπισκόπου,

388 3534 408 3568 ι
455 3519 703 3572 ἀποτίσει
734 3522 1150 3591 τετραπλάσιον.
1192 3544 1210 3577 ι

380 3697 607 3751 Βεὸαιοί
630 3700 725 3753 καὶ
747 3700 948 3772 αῦτηή
985 3704 1199 3769 σύνοδος
1236 3706 1296 3758 τὸ
1328 3705 1475 3772 ἅπαξ
1501 3709 1595 3761 τοῦ
1627 3711 1874 3766 ἐνιαυτοῦ

306 3788 554 3855 γίνεσθαι
604 3791 821 3845 σύνοδον
862 3795 920 3846 ὲν
967 3796 1174 3869 ἑκάστῃ
1218 3801 1491 3870 ἐπαρχίᾳο
1524 3808 1616 3854 καὶ
1657 3803 1749 3855 τὸν
1776 3806 1874 3874 μὲν

304 3882 451 3934 κατά
497 3884 678 3953 χώραν
723 3885 981 3955 ἄρχοντα,
1033 3890 1081 3941 εί
1124 3890 1321 3961 εὑρεθῇ
1368 3893 1591 3945 κωλύων
1630 3895 1727 3965 τὴν
1764 3898 1873 3950 τῶν

304 3975 621 4029 ἐπισκόπων
652 3980 983 4044 συνέλευσιν,
1017 3982 1114 4051 τὴν
1147 3983 1236 4037 διά
1270 3986 1529 4039 κανονικά
1573 3991 1665 4040 καὶ
1707 3991 1871 4057 εὐαγ-

301 4067 497 4135 γελικά
525 4070 826 4141 πράγματα
853 4077 1166 4145 γινομένην,
1190 4078 1458 4147 ἀφορίζειο
1479 4081 1570 4135 τὸν
1592 4082 1647 4135 δὲ
1671 4101 1873 4153 μητρο-

301 4161 527 4231 πολίτην
548 4164 639 4215 τὸν
694 4164 1003 4234 ἀμελοῦντα
1046 4168 1203 4222 τοῦτο
1252 4171 1504 4239 γενέσθαι
1544 4174 1669 4228 ἄνευ
1726 4177 1869 4239 τινὸς

302 4254 550 4324 ἀνάγκης
602 4259 693 4309 καὶ⁵
740 4259 883 4329 βίας,
936 4266 1242 4327 κανονικοίς
1288 4267 1591 4336 ἐπιτιμίοις
1635 4269 1869 4323 καθυποο

300 4347 508 4403 ϐάλλει.
541 4349 875 4420 Προστάττει
920 4354 978 4407 δὲ
1024 4356 1120 4408 καὶ
1162 4358 1224 4408 τὸ
1282 4358 1357 4427 μὴ
1395 4360 1538 4428 ἔχειν
1564 4360 1746 4414 ἄδειαν
1776 4364 1867 4417 τὸν

300 4442 708 4511 μητροπολίτην
743 4447 1096 4516 ἀφαιρεῖσθαί
1135 4464 1187 4499 τι
1215 4442 1290 4501 ὧν
1320 4452 1369 4503 oi
1404 4452 1694 4506 ἐπίσκοποι
1741 4456 1863 4508 ἐπι-

1990 2975 2221 3033 ARIST.
2266 2990 2319 3029 ‘t
2360 2979 2811 3049 Quandoquidem
2868 2996 2977 3036 non
3033 2991 3116 3038 est
3172 2975 3456 3053 possibile,
3496 2996 3552 3036 nt

2064 3089 2081 3122 ι
2120 3071 2381 3142 synodus,
2436 3070 2590 3140 quta
2643 3073 2922 3127 decretmn
2987 3074 3120 3129 olim
3169 3077 3417 3139 editum,
3466 3077 3551 3130 bis

2059 3178 2079 3211 ι
2110 3163 2409 3230 quotannis
2427 3163 2753 3226 celebretur,
2784 3165 2975 3228 semel,
3011 3164 3086 3219 uti
3136 3177 3306 3221 sexta:
3340 3158 3549 3239 synodo

2062 3272 2078 3301 ι
2116 3254 2291 3305 visum
2320 3262 2423 3317 est,
2465 3254 2750 3307 habeatur.
2789 3255 2854 3307 Et
2892 3254 3271 3323 magistratus,
3324 3260 3414 3328 qui
3446 3260 3549 3314 hoc

2065 3358 2080 3389 ι
2117 3340 2479 3408 prohibuerit,
2512 3351 2861 3412 scgregetnr:
2903 3350 2957 3396 et
2996 3345 3308 3414 episcopus,
3349 3346 3441 3417 qni
3494 3349 3547 3400 id

2059 3452 2076 3482 ι
2115 3433 2229 3485 lieri
2262 3435 2492 3501 curavit,
2528 3435 2702 3503 poenis
2725 3435 3072 3503 subjiciatur.
3117 3429 3312 3492 Habita
3362 3446 3543 3493 autem

2054 3542 2073 3575 ι
2107 3527 2341 3595 synodo,
2389 3527 2433 3580 si
2485 3527 2937 3595 tnetropolitauus
2967 3524 3251 3598 quidpiam
3282 3544 3311 3582 a
3351 3534 3546 3599 quovis

2056 3637 2073 3668 ι
2115 3626 2375 3689 episcopo
2400 3621 2710 3684 abstulerit,
2752 3622 3119 3689 quadruplum
3156 3623 3369 3678 reddet.
3408 3643 3426 3675 ι

2039 3710 2108 3764 Et
2147 3713 2260 3766 haec
2300 3715 2543 3783 synodus
2577 3714 2709 3767 illud
2773 3716 3079 3787 conﬁrmat,
3129 3731 3321 3786 nempe
3373 3718 3544 3770 semel

1975 3802 2272 3871 Quotatmis
2305 3807 2354 3856 iu
2413 3820 2739 3874 unaquaque
2792 3807 3074 3874 provincia
3132 3810 3318 3863 haberi
3371 3827 3541 3880 syth)-

1974 3895 2141 3948 dum:
2184 3910 2309 3948 eum
2344 3906 2527 3950 autem
2556 3898 2646 3963 qui
2685 3899 2896 3966 regioni
2951 3890 3173 3967 pracst.
3235 3903 3281 3955 si
3326 3904 3541 3970 epism-

1974 4004 2164 4058 porum
2204 3998 2531 4041 conventum
2556 3994 2778 4057 propter
2806 3991 3069 4044 canonica
3105 4001 3158 4045 et
3218 3994 3533 4063 evangelica

1971 4080 2174 4134 factum
2204 4082 2419 4150 negotia
2456 4078 2731 4147 prohiberi
2759 4079 3228 4149 deprehendatur,
3256 4096 3532 4153 segregat,

1971 4173 2452 4241 metropolitanum
2506 4183 2710 4233 autem,
2773 4173 2865 4241 qui
2907 4187 3097 4225 curam
3145 4189 3251 4228 non
3298 4178 3441 4244 gerit
3477 4189 3538 4233 ut

1970 4264 2071 4317 hoc
2101 4265 2214 4327 liat,
2247 4264 2364 4317 sine
2429 4264 2755 4317 necessitate
2806 4264 2989 4333 aliqua
3025 4276 3078 4319 et
3119 4266 3405 4334 violentia,
3440 4286 3533 4323 ca-

1969 4357 2181 4411 nonicis
2206 4356 2385 4426 poenis
2419 4355 2661 4423 subjicit.
2695 4355 2761 4409 Et
2784 4356 2939 4425 jubet
2972 4368 3180 4421 autem,
3233 4374 3340 4414 non
3374 4363 3537 4435 licere

1968 4448 2389 4516 metropolitano
2416 4448 2620 4517 aliquid
2665 4463 2728 4501 ex
2766 4449 2854 4513 iis,
2884 4465 3006 4518 qua:
3056 4450 3295 4520 episcopi
3347 4468 3532 4506 secum

298 4532 555 4601 φέρονται
586 4537 707 4604 μεθ’
759 4539 992 4605 ἑαυτῶν,
1025 4541 1057 4611 ἢ
1092 4542 1287 4611 κτῆνος
1318 4526 1351 4613 ἦ
1383 4543 1572 4614 ἕτερον
1600 4541 1760 4610 εἶδος.
1803 4548 1863 4600 Ei

2005 4540 2273 4603 ttulerint,
2294 4546 2351 4592 ut
2377 4537 2690 4608 iumentum
2730 4539 2812 4593 vel
2836 4539 3044 4610 aliquid
3072 4542 3246 4606 aliud,
3292 4544 3530 4598 auferre.

295 4625 350 4676 δὲ
397 4627 626 4698 ἐλεγχθῇ
675 4630 1007 4699 ἀφελόμενός
1046 4649 1100 4684 τι
1149 4634 1207 4699 ἐξ
1246 4633 1448 4701 αὐτῶν,
1506 4638 1860 4693 ἀπαιτεῖσθαι

290 4715 449 4768 τοῦτο
474 4723 554 4781 εὶς
584 4719 644 4771 τὸ
672 4723 1087 4791 τετραπλάσιον.

902 4816 1142 4871 ΚΑΝΩΝ
1167 4820 1239 4874 Ζ’.

293 4918 313 4952 ι
362 4901 506 4973 Ἔςςη
540 4904 747 4969 Παῦλος
768 4908 795 4959 ὁ
819 4907 959 4972 θεῖος
986 4910 1300 4974 ἀπόστολος*
1336 4931 1354 4963 ι
1394 4914 1568 4967 Τινῶν
1596 4917 1860 4988 ἁμαρτίαι

366 5013 383 5044 ι
432 4997 736 5065 ἀνθρώπων
759 5003 1014 5072 πρόδηλοί
1040 5006 1147 5056 εἰσι
1169 5020 1181 5032 ’
1214 5006 1325 5058 τισὶ
1344 5009 1399 5059 δὲ
1430 5009 1524 5061 καὶ
1551 5010 1854 5063 ἐπακολου-

363 5107 382 5137 ‹
433 5089 639 5146 θοῦσιν.
688 5094 999 5165 Ἀμαρτιῶν
1046 5098 1154 5170 γὰρ
1181 5102 1859 5173 προκαταλαμϐανουσῶν,

360 5200 379 5229 ι
421 5185 513 5249 καὶ
542 5184 728 5254 ἕτεραι
756 5188 1023 5256 ἁμαρτίαι
1059 5192 1284 5246 ἕπονται
1311 5194 1560 5258 ταύταις.
1600 5215 1617 5247 ι
1656 5197 1734 5266 Τῇ
1762 5196 1855 5250 οῦν

360 5290 377 5319 ι
428 5273 615 5325 ἀσεϐεῖ
668 5276 877 5345 αἱρέσει
938 5281 1046 5333 τῶν
1094 5281 1715 5358 Χριστιανοκατηγόρων
1762 5290 1857 5343 καὶ

356 5382 376 5414 ι
420 5365 554 5418 ἄλλα
597 5368 923 5440 ἀσεϐήματα
972 5378 1467 5445 συνηκολούθησαν.
1505 5382 1713 5451 Ὥσπερ
1744 5385 1852 5453 γὰρ

357 5470 375 5502 ι
424 5452 523 5523 τὴν
551 5455 659 5507 τῶν
683 5460 898 5512 σεπτῶν
927 5463 1151 5516 εἰκόνων
1189 5468 1473 5534 ἀφείλοντο
1497 5470 1619 5539 ὄψιν
1656 5474 1719 5524 ἐκ
1754 5474 1852 5542 τῆς

357 5563 375 5594 ι
434 5546 780 5616 Ἐκκλησίας,
827 5554 921 5604 καὶ
953 5554 1118 5624 ἕτερά
1153 5574 1277 5611 τινα
1314 5543 1409 5629 ἔθη
1446 5564 1849 5632 παραλελοίπασ-

352 5655 371 5688 t
421 5655 526 5700 σιν,
613 5643 719 5711 χρὴ
749 5646 1143 5720 ἁνανεωθῆναι,
1174 5653 1266 5704 καὶ
1289 5657 1429 5708 κατά
1451 5657 1548 5724 τὴν
1573 5656 1849 5725 ἔγγραφον

350 5748 369 5781 ι
414 5732 507 5783 καὶ
556 5733 802 5803 ἄγραφον
834 5737 1196 5809 θεσμοθεσξαν
1239 5746 1381 5799 οὓτω
1410 5751 1653 5817 κρατεῖν.
1688 5751 1841 5802 Ὅσοι

358 5872 405 5904 ⁸³
440 5871 730 5932 lTimmh.
768 5895 824 5936 v.
855 5879 944 5935 ﬂii.

1968 4631 2024 4684 Si
2063 4640 2247 4685 autem
2277 4631 2653 4701 deprehensus
2678 4631 2845 4686 fuerit
2877 4631 3082 4701 aliquid
3119 4649 3186 4687 ex
3225 4635 3306 4690 eis
3338 4635 3533 4689 abstu-

1964 4722 2115 4787 lisse,
2157 4723 2289 4777 illud
2328 4724 2394 4777 ad
2433 4723 2800 4793 quadruplum
2833 4725 3084 4792 exigetur

2554 4816 2783 4870 CANON
2824 4815 2936 4871 VII.

1971 4916 1993 4965 ι’
2026 4912 2173 4967 Dixit
2224 4910 2427 4965 Paulus
2468 4910 2691 4963 divinus
2731 4909 3022 4979 apostolus
3056 4924 3071 4962 :
3108 4926 3127 4959 ι
3152 4908 3532 4976 Quorumdam

2041 5022 2059 5055 ι
2096 5003 2381 5058 hominum
2417 4982 2643 5070 peccata
2669 5009 2797 5055 ante
2848 4999 3138 5055 manifesta
3191 5009 3357 5057 sunt:
3390 5019 3534 5072 quo-

2031 5116 2050 5150 ι
2083 5098 2333 5152 rumdam
2366 5111 2496 5151 vero
2522 5095 2686 5149 etiam
2733 5094 3149 5164 subsequuntur
3171 5095 3281 5173 "at
3318 5096 3533 5154 Praece-

2036 5210 2055 5243 ι
2093 5190 2349 5245 dentibus
2377 5187 2524 5243 enim
2571 5188 2832 5255 peccatis,
2892 5187 2998 5240 alia
3052 5203 3274 5258 quoque
3330 5205 3393 5243 ea
3442 5206 3529 5246 se-

2039 5302 2057 5335 ι
2093 5292 2358 5353 quuntur.
2431 5281 2658 5350 [inpiam
2707 5295 2838 5351 ergo
2894 5296 3087 5335 eorum
3151 5294 3379 5343 sectam,
3433 5283 3529 5354 qui

2035 5395 2053 5426 ι
2086 5375 2432 5430 Christianos
2471 5382 2756 5434 accusant,
2816 5372 2920 5425 alia
2947 5388 3169 5442 quoque
3203 5373 3366 5442 impia
3393 5387 3530 5426 con-

2043 5476 2286 5520 tsecula
2354 5475 2502 5519 sunt.
2584 5463 3058 5529 Quemadmodum
3132 5464 3526 5519 venerabilium

2032 5582 2049 5613 ι
2090 5560 2387 5629 imaginum
2420 5570 2707 5627 aspectum
2743 5572 2808 5610 cx
2864 5557 3098 5610 ecclesia
3154 5558 3522 5619 sustulerunt,

2034 5672 2053 5703 ι
2089 5652 2228 5706 alias
2259 5667 2483 5720 quoque
2515 5648 2945 5704 consuetudines
2980 5649 3339 5717 reliquerunt,
3383 5664 3524 5717 quas

2036 5765 2053 5799 ι
2091 5745 2312 5818 quidem
2347 5734 2857 5815 oportet‘rcnovari.
2888 5749 2942 5797 et
2971 5752 3079 5803 tam
3108 5756 3175 5795 ex
3208 5740 3332 5810 jure
3380 5738 3523 5798 scri-

2064 5996 2076 6023 l
