3972 6488
479 284 583 355 911

548 520 564 550 ι
603 516 707 569 que
736 517 866 575 ergo
899 500 1095 570 templa
1125 518 1444 559 consecrata
1478 518 1601 561 sunt
1644 509 1852 580 absque
1900 527 2035 567 san-

530 609 561 641 »ί
594 592 694 643 etis
728 591 951 660 reliquis
1002 606 1324 664 martyrum,
1366 597 1419 650 in
1477 598 1545 653 iis
1584 600 1695 654 ﬁeri
1743 606 2036 659 statuimus

543 703 561 734 ι
601 684 954 753 reliquiarum
988 686 1389 756 depositionem
1420 706 1543 744 cum
1581 697 1868 751 consuetis
1904 713 2026 767 pre-

547 795 563 826 ι
601 778 778 831 cibus.
849 776 951 843 Qui
986 790 1168 832 autem
1235 783 1495 851 templum
1566 796 1852 841 consecrat
1914 792 2035 842 sine

545 886 565 919 ι
600 870 808 923 sanctis
838 870 1107 939 reliquiis,
1142 872 1466 943 deponatur,
1516 885 1574 928 ut
1616 880 1709 947 qui
1776 881 2036 935 ecclesia-

534 980 554 1013 ί
593 962 760 1016 sticas
790 961 1119 1018 traditiones
1148 973 1497 1035 trangressus
1518 970 1608 1025 sit.
1650 990 1668 1022 ι

540 1055 736 1109 BALS.
777 1054 893 1111 Mos
936 1067 1055 1112 erat
1114 1059 1525 1137 ecclesiasticus
1594 1063 1779 1117 divina
1831 1068 2031 1137 templa

454 1166 568 1221 aper
594 1159 813 1206 sanctas
846 1162 1147 1222 martyrum
1180 1154 1439 1221 reliquias
1478 1131 1825 1215 consecrare.
1878 1161 2033 1217 Chri-

469 1244 776 1298 stianorum
841 1252 1024 1299 autem
1083 1256 1475 1314 accusatores,
1552 1266 1647 1305 seu
1732 1253 2030 1321 imaginum

473 1335 667 1391 hostes
697 1350 1120 1407 exuswresque,
1144 1339 1237 1408 qui
1273 1342 1665 1396 venerabilium
1721 1353 1778 1398 et
1812 1356 2033 1401 sancta-

469 1445 590 1484 rum
638 1430 931 1499 imaginum
984 1431 1223 1488 cultores
1282 1433 1442 1504 297
1528 1436 1848 1495 idololatras
1908 1455 2033 1497 esse

470 1522 680 1588 dicunt,
716 1522 857 1577 ultra
884 1536 1075 1578 eorum
1113 1524 1348 1580 bazresin
1401 1534 1455 1579 et
1518 1529 1784 1585 adversus
1836 1532 2024 1587 orthoo

468 1614 645 1668 doxos
688 1614 983 1679 insaniam,
1022 1616 1328 1670 veneranda
1376 1632 1595 1691 quoque
1656 1622 1855 1691 templa
1909 1626 2029 1679 sine

471 1704 675 1757 sanctis
702 1704 956 1773 reliquiis
987 1718 1404 1761 consecrarunt.
1436 1687 1632 1766 Dicunt
1660 1728 1789 1784 ergo
1815 1714 2028 1783 Patres,

469 1794 613 1864 quod
656 1796 889 1848 humana
922 1807 1147 1865 peccata
1207 1801 1311 1854 alia
1359 1816 1576 1872 quoque
1610 1817 1829 1874 peccata
1888 1823 2027 1862 con-

471 1894 802 1953 sequuntur.
840 1894 897 1937 ut
928 1886 1058 1940 dicit
1116 1904 1342 1956 magnus
1379 1895 1658 1961 apostolus
1707 1894 1923 1956 Paulus.
1967 1900 2029 1953 Et

469 1977 729 2047 quoniam
806 1977 1290 2034 lconomachorum
1354 1985 1585 2041 haeresin
1654 1989 1758 2041 alia
1813 2007 2029 2060 queque

466 2073 610 2126 mala
664 2073 960 2128 subsecuta
1048 2084 1178 2127 sunt
1226 2078 1630 2146 (praetermissae
1690 2093 1815 2136 sunt
1886 2086 2027 2141 enim

452 2165 787 2217 necessaria:
833 2166 1256 2220 consuetudines
1318 2169 1746 2240 ecclesiasticae),
1781 2175 2027 2228 decerni-

468 2268 611 2313 mus.
662 2261 718 2307 ut
750 2255 947 2324 templa
970 2296 985 2322 ,
1030 2272 1150 2325 qua:
1182 2258 1388 2327 absque
1423 2262 1671 2331 reliquiis
1707 2279 2029 2321 consecrata

471 2345 641 2406 fuere,
671 2360 860 2400 rursus
906 2362 1002 2415 per
1057 2350 1317 2419 reliquias
1368 2364 1786 2423 consecrentur,
1837 2368 1891 2413 et
1949 2362 2029 2416 sic

465 2434 725 2503 deinceps
760 2435 953 2490 tiatzii
986 2446 1187 2504 autem,
1240 2441 1333 2509 qui
1387 2444 1586 2512 templa
1646 2446 1768 2499 sine
1820 2451 2029 2506 sanctis

466 2529 711 2595 reliquiis
743 2540 1089 2596 consecrant,
1135 2533 1500 2602 deponantur.
1552 2540 1618 2594 Et
1655 2541 1768 2595 bzec
1805 2544 2026 2612 quidem

465 2632 670 2670 canon.
695 2617 833 2671 Dixit
860 2634 1040 2674 autem
1074 2637 1371 2687 nonnemo,
1400 2624 1463 2679 Et
1485 2633 1757 2697 quomodo
1788 2637 2026 2688 oratoria

465 2709 627 2762 hodie
651 2713 769 2765 sine
796 2696 1148 2782 reliquiarum
1202 2716 1542 2788 depositione
1593 2730 2029 2783 consecrantur?

463 2802 529 2855 Et
556 2818 655 2855 cur
686 2820 839 2859 sacra
901 2806 953 2860 in
982 2808 1059 2862 eis
1090 2824 1197 2863 non
1227 2811 1574 2867 celebrantur
1623 2817 1785 2871 etiam
1816 2820 1883 2874 ab
1914 2821 2028 2890 epi-

464 2899 669 2964 scopis,
695 2897 789 2951 sed
819 2912 849 2951 a
882 2899 1013 2953 solis
1031 2903 1460 2960 sacerdotibus?
1489 2906 1660 2977 Eique
1704 2926 2024 2981 responsum

460 2984 567 3039 {uit
601 3003 615 3039 :
653 2987 808 3052 Quod
842 3005 958 3058 qua:
989 2988 1127 3045 ﬁunt
1183 2996 1250 3047 ab
1282 2997 1616 3054 antistitibus
1642 3005 2023 3072 superaltaria,

436 732 447 793 ί

1706 300 1981 361 ΤΗΕΟΙ).
2012 303 2408 366 BALSAMON

553 424 571 456 ι
612 416 705 475 pto
731 420 891 476 quam
916 423 1025 462 non
1058 410 1263 480 scripto
1287 409 1366 465 sic
1397 413 1704 469 observari.
1769 416 2038 482 Quaecun-
2064 425 2113 481 Α

3589 328 3684 390 9ἶὲ

2215 444 2232 475 ι
2275 422 2369 478 οὖν
2433 435 2621 482 centro!
2675 431 2793 484 ναοὶ
2858 434 3267 506 καθιερώθησαν
3319 441 3472 503 ἐκτὸς
3530 444 3685 511 ἁγίων

2220 536 2236 567 ι
2280 517 2549 587 λειψάνων
2587 524 2902 595 μαρτύρων,
2945 528 3195 598 ὁρίζομεν
3227 534 3283 584 ἐν
3316 534 3497 595 αὐτοῖς
3528 539 3683 590 κατά.

2214 627 2231 659 ι
2280 609 2431 662 θεσιν
2477 612 2721 679 γίνεσθαι
2783 616 3047 687 λειψάνων
3103 622 3241 689 μετὰ
3291 624 3387 693 τῆς
3435 627 3687 696 συνήθους

2213 715 2232 749 ι
2279 699 2468 769 εὐχῆς.
2516 701 2573 755 '0
2624 704 2679 756 δὲ
2722 704 2850 759 ἄνευ
2894 708 3067 775 ἁγίων
3106 711 3373 779 λειψάνων
3429 715 3687 786 καθιερῶν

2215 808 2231 841 ι
2282 791 2427 857 ναὸν,
2455 792 2843 865 καθαιρείσθω,
2872 798 2947 861 ὡς
2973 802 3370 874 παραϐεϐηκὼς
3388 809 3483 870 τὰς
3498 808 3686 880 ἐκκλη-

2212 901 2233 933 ‹
2285 885 2573 949 σιαστικὰς
2602 888 2929 958 παραδόσεις
2951 891 3085 962 (23).
3116 913 3136 945 ι
3478 904 3481 905 ⁷

2205 1062 2403 1116 ΒΑΛΣ.
2433 1062 2591 1124 Ἔθος
2620 1060 2689 1135 ἦν
2718 1065 3168 1137 ἐκκλησιαστικὸν
3184 1074 3309 1137 τοὺς
3339 1075 3517 1141 θείους
3537 1084 3689 1145 ναοὺς

2136 1154 2526 1225 καθιεροῦσθαι
2548 1157 2637 1208 διὰ
2668 1158 2839 1226 ἁγίων
2864 1160 3129 1231 λειψάνων
3152 1169 3525 1237 μαρτυρικῶν.
3561 1173 3622 1224 Ol
3641 1171 3689 1227 δὲ

2133 1245 2751 1320 Χριστιανοκατὴγοροι,
2809 1252 2976 1321 ἡγουν
3009 1256 3403 1323 είκονοκαῦται,
3434 1264 3485 1315 οἱ
3514 1262 3669 1332 λέγον

2137 1353 2231 1399 τες
2263 1338 2388 1400 τοὺς
2419 1341 2803 1411 προσκυνητὰς
2834 1346 2942 1397 τῶν
2973 1349 3186 1402 σεπτῶν
3220 1354 3312 1405 καὶ
3353 1355 3527 1422 ἁγίων
3557 1358 3691 1410 είκὸ-

2133 1446 2240 1482 νων
2285 1429 2697 1502 εἰδωλολάτραις,
2752 1435 3013 1491 ἐπέκεινα
3063 1441 3164 1511 τῆς
3213 1445 3477 1515 αἱρέσεως
3517 1448 3692 1501 αὐτῶν

2132 1522 2228 1575 καὶ
2254 1524 2351 1592 τῆς
2380 1524 2519 1577 κατὰ
2565 1525 2671 1578 τῶν
2714 1528 3013 1598 ὀρθοδόξων
3058 1535 3269 1603 μανίας,
3323 1539 3415 1590 καὶ⁵
3465 1542 3692 1603 σεπτοὺς

2131 1613 2294 1677 ναοὺς
2328 1614 2670 1686 καθιέρωσαν
2696 1618 2853 1681 ἐκτὸς
2879 1621 3052 1687 ἁγίων
3082 1622 3371 1693 λειψάνων.
3404 1616 3571 1680 Φασὶν
3601 1624 3692 1680 οὖν

2130 1709 2179 1759 οί
2206 1708 2444 1777 Πατέρες
2477 1710 2557 1761 ὅτι
2599 1712 2720 1773 ταῖς
2752 1699 3120 1782 ἀνθρωπίναις
3150 1716 3445 1786 ἁμαρτίαις
3492 1720 3691 1771 ἐπακοο

2129 1799 2377 1853 λουθοῦσι
2400 1803 2493 1853 καὶ
2522 1801 2704 1872 ἕτεραι
2741 1805 3026 1875 ἁμαρτίαι,
3064 1808 3202 1861 κατὰ
3241 1810 3332 1861 τὸν
3363 1811 3536 1878 μέγαν
3563 1813 3670 1863 ἀπό

2134 1895 2321 1947 στολον
2358 1895 2590 1948 Παῦλον.
2626 1897 2733 1948 Καί
2766 1900 2885 1950 ἐπεὶ
2919 1902 2983 1968 τῇ
3029 1901 3239 1971 αἱρέσει
3267 1902 3376 1953 τῶν
3411 1905 3691 1972 είκονομά·

2133 2006 2243 2058 χων
2270 1989 2359 2041 καὶ
2389 1988 2525 2041 ἄλλα
2548 1989 2691 2042 κακὰ
2720 1991 3165 2061 ἐπηκολούθησαν
3209 1990 3226 2062 (
3252 1992 3690 2063 παρελείφθησαν

2134 2083 2243 2153 γὰρ
2272 2081 2439 2151 ἔθιμα
2467 2081 2897 2152 ἐκκλησιαστικὰ
2935 2084 3252 2151 ἀναγκαῖα),
3286 2083 3539 2155 ὁρίζομεν
3569 2088 3689 2149 τοὺς

2133 2174 2567 2244 καθιερωθέντας
2622 2176 2785 2238 ναοὺς
2831 2177 2958 2229 ἄνευ
3013 2179 3183 2244 ἁγίων
3224 2179 3491 2247 λειψάνων
3534 2181 3689 2232 πάλιν

2130 2269 2533 2339 καθιερωθῆναι
2567 2270 2654 2324 διὰ
2694 2270 2962 2339 λειψάνων
2988 2309 3003 2335 ,
3034 2259 3128 2323 καῖ
3154 2272 3351 2340 ἐφεξῆς
3380 2272 3523 2326 οὕτω
3552 2273 3685 2340 γίνε-

2130 2364 2253 2416 σθαι
2281 2380 2297 2397 ο
2333 2363 2459 2427 τοὺς
2483 2364 2537 2417 δὲ
2571 2364 2960 2433 καθιεροῦντας
2987 2366 3148 2428 ναοὺς
3174 2369 3342 2437 χωρὶς
3376 2369 3547 2434 ἁγίων
3578 2367 3686 2417 λει-

2128 2454 2315 2523 ψάνων
2345 2453 2747 2522 καθαιρεῖσθαι.
2787 2455 2898 2507 Καὶ
2925 2457 2951 2507 ὁ
2984 2455 3080 2523 μὲν
3114 2454 3291 2507 κανὼν
3319 2455 3514 2509 ταῦτα.
3554 2452 3685 2508 Eius

2128 2547 2185 2599 δέ
2216 2564 2302 2610 τις
2324 2564 2336 2575 ·
2366 2546 2474 2599 Καὶ
2501 2547 2616 2608 πῶς
2635 2547 2760 2599 ἄνευ
2792 2548 3133 2609 καταθέσεως
3157 2548 3421 2617 λειψάνων
3453 2550 3686 2617 σήμερον

2127 2641 2194 2693 τὰ
2239 2641 2504 2709 εὐκτῆρια
2536 2637 2964 2707 καθιεροῦνται;
3002 2640 3111 2691 Καὶ
3154 2639 3239 2692 διὰ
3278 2640 3330 2693 τί
3358 2641 3417 2691 οὐ
3454 2644 3684 2708 γίνονται

2126 2733 2511 2804 ίεροτελεστίαι
2545 2734 2603 2785 ἐν
2637 2733 2822 2795 αὐτοῖς
2851 2734 2940 2785 καὶ
2976 2736 3127 2803 παρὰ
3167 2734 3505 2799 ἐπισκόπων,
3557 2734 3682 2786 ἀλλὰ

2128 2828 2282 2896 παρὰ
2312 2828 2505 2895 ἱερέων
2555 2827 2770 2895 μόνων;
2818 2826 2930 2879 Καὶ
2968 2827 3199 2896 ἤκουσεν
3236 2826 3310 2888 ὡς
3339 2827 3407 2880 τὰ
3433 2828 3679 2896 γινόμενα

2130 2920 2281 2989 παρὰ
2334 2918 2442 2969 τῶν
2495 2918 2797 2987 ἀρχιερέων
2840 2920 3175 2987 ἁντιμίνσια,
3221 2918 3344 2972 καθ’
3390 2918 3447 2970 ὃν
3501 2919 3678 2988 καιρὸν

2128 3013 2462 3079 καθιέρωσις
2492 3009 2619 3062 ναοῦ
2648 3011 2879 3078 γίνεται,
2903 3012 3244 3081 διαδιδόμενα
3265 3014 3344 3072 εἰς
3363 3012 3675 3080 εὐκτηρίους

460 3091 529 3130 eo
559 3086 799 3146 tempore
834 3096 945 3148 quo
1001 3081 1059 3134 tit
1116 3086 1301 3153 templi
1355 3092 1715 3159 consecratio,
1760 3102 2018 3152 oratoriis

2121 3103 2319 3167 οίκους,
2342 3103 2602 3173 ἀρκοῦσιν
2630 3103 2751 3155 ἀντὶ
2780 3103 3151 3175 καθιερώσεως
3174 3106 3291 3175 ἦτοι
3314 3102 3675 3174 ἐνθρονισμοῦ,

462 3168 658 3221 tradita
708 3171 981 3224 sulliciunt
1044 3190 1138 3237 pro
1182 3183 1620 3249 consecratione,
1658 3184 1773 3239 sive
1799 3188 2021 3244 dedica-

460 3258 609 3310 tione
641 3272 703 3310 ae
740 3259 1223 3329 intbronizatiune,
1261 3270 1523 3325 encaeniis
1546 3284 1599 3326 et
1621 3278 2017 3342 apertionibus.

458 3345 753 3416 Propterea
790 3352 934 3405 enim
971 3363 1023 3406 ct
1056 3357 1365 3424 ἀντιμίνσια
1396 3363 1663 3429 appellata
1692 3376 1840 3432 sunt,
1874 3371 2048 3436 quod

458 3440 658 3494 multas
685 3441 949 3510 ejusmodi
978 3461 1197 3501 mensas
1222 3450 1531 3519 exprimant
1556 3458 2020 3531 etreferant,qutc

455 3545 699 3587 sanetam
743 3534 1081 3590 Dominicam
1124 3556 1367 3595 mensam
1419 3546 1723 3611 perﬁciunt.
1752 3550 2017 3606 Caeterum

453 3628 727 3680 antistites
766 3643 922 3681 sacra
959 3645 1065 3682 non
1100 3629 1306 3687 facium
1344 3635 1395 3687 in
1439 3639 1715 3703 oratoriis,
1754 3658 1875 3711 quae
1910 3661 2016 3700 non

453 3727 580 3770 sunt
633 3718 903 3784 dedicata,
962 3722 1219 3789 qnetiiain
1277 3730 1600 3792 praasulatus
1630 3732 1864 3801 dignitas
1921 3739 2017 3791 de-

454 3811 728 3885 primitur,
788 3814 831 3866 si
889 3828 995 3865 non
1047 3814 1116 3866 sit
1173 3816 1406 3871 thronus
1460 3820 1513 3872 in
1565 3837 1675 3890 quo
1724 3826 2016 3898 episcopus

453 3903 753 3971 apostolice
776 3905 1104 3972 collocatur,
1159 3921 1260 3961 nec
1312 3909 1417 3963 alia
1446 3928 1567 3981 quae
1605 3920 1790 3987 templi
1825 3936 2017 3977 conse-

458 3997 757 4051 crationem
792 4000 1157 4067 decoremque
1216 4003 1581 4061 constituunt.
1640 4008 1774 4063 Cum
1834 4024 2013 4071 autem

460 4088 902 4157 interrogassent
927 4090 1118 4159 aliqui,
1158 4091 1387 4157 Quando
1420 4101 1479 4151 tit
1502 4102 1858 4158 ecclesiarum
1882 4123 2015 4162 con-

394 4232 413 4245 ,κ
441 4178 731 4234 secretio?
775 4195 1036 4250 responso
1066 4198 1417 4256 acceperunt,
1470 4194 1615 4261 quod
1668 4193 2011 4271 fundamenti

445 4270 665 4341 quidem
695 4271 898 4328 locatio
933 4273 991 4327 [lt
1020 4290 1117 4345 per
1172 4279 1344 4332 solam
1405 4287 1711 4341 orationem
1767 4270 2011 4362 episcopi

449 4361 597 4418 illius
646 4364 905 4435 regionis,
942 4376 1014 4431 ,ει
1073 4370 1255 4424 crucis
1306 4369 1559 4429 ﬁxionem
1605 4394 1619 4430 :
1669 4361 2012 4440 consecratio

2124 3199 2217 3250 καὶ
2250 3198 2540 3265 ἐγκαινίων
2570 3197 2661 3250 καὶ
2690 3196 2957 3260 ἀνοιξίων.
2984 3198 3081 3250 Διά
3111 3198 3219 3267 γὰρ
3245 3197 3401 3249 τοῦτο
3420 3198 3515 3249 καὶ
3538 3199 3670 3249 ἀντιο

2127 3292 2317 3361 μίνσια
2347 3291 2675 3359 ἐκλήθησαν,
2726 3290 2843 3359 ἦτοι
2877 3290 3266 3357 ἀντιπρόσωπα
3293 3290 3388 3343 καὶ
3416 3288 3670 3345 ἀντίτυπα

2121 3385 2229 3437 τῶν
2272 3384 2484 3435 πολλῶν
2530 3383 2786 3435 τοιούτων
2822 3381 3026 3451 μίνσων
3072 3382 3181 3434 τῶν
3243 3382 3669 3451 καταρτιζόντων

2120 3478 2218 3545 τὴν
2249 3476 2412 3541 ἁγίαν
2445 3476 2778 3543 Δεσποτικὴν
2801 3475 3172 3541 τράπεζαν.οί
3199 3473 3377 3543 μέντοι
3406 3474 3667 3543 ἀρχιερεῖς

2120 3570 2179 3620 οῦ
2222 3567 2468 3619 ποιοῦσιν
2502 3565 2898 3634 ίεροτελεστίας
2948 3565 3027 3625 εἰς
3076 3564 3395 3632 εὐκτηρίους
3431 3564 3666 3631 ὁινενθρο⁶

2120 3658 2332 3718 νίστους
2388 3658 2570 3721 ναοὺς,
2624 3655 2756 3707 διότι
2808 3653 2869 3706 τὸ
2924 3657 3021 3721 τῆς
3101 3654 3403 3724 ἱερωσύνης
3462 3652 3665 3720 ἀξίωμα

2119 3746 2539 3810 ῦποὸιὸἁζεται,
2578 3744 2771 3814 θρόνου
2805 3745 2881 3813 μὴ
2911 3744 3063 3806 ὄντος
3104 3746 3302 3798 αὐτίκα
3347 3748 3425 3805 εἰς
3453 3744 3513 3796 ὃν
3543 3746 3671 3797 ἀπο·

2118 3841 2380 3903 στολικῶς
2415 3841 2443 3892 ὁ
2474 3840 2773 3903 ἐπίσκοπος
2818 3838 3191 3910 καθιδρύεται,
3242 3839 3377 3909 μηδέ
3422 3839 3533 3891 τῶν
3585 3838 3668 3893 ἀλ·

2116 3933 2223 3986 λων
2254 3934 2362 3985 τῶν
2401 3933 2766 3985 συνιστάντων
2793 3933 2896 4003 τὴν
2930 3930 3023 3983 τοῦ
3063 3930 3191 3987 ναοῦ
3235 3929 3562 4000 καθιέρωσιν
3587 3930 3670 3981 καὶ

2116 4024 2472 4095 εὐπρέπειαν.
2528 4022 2938 4093 Ἐρωτήσαντες
2964 4021 3020 4074 δέ
3058 4037 3224 4086 τινες,
3262 4022 3399 4073 Πότε
3430 4024 3461 4090 ἡ
3493 4022 3671 4074 καθιέ·

2112 4131 2282 4187 ρωσις
2332 4113 2545 4181 γίνεται
2575 4113 2684 4165 τῶν
2730 4112 3038 4181 ἐκκλησιῶν
3069 4128 3085 4176 ;
3119 4112 3359 4183 ῆκουσαν
3389 4112 3473 4165 ὅτι
3509 4115 3543 4181 ή
3579 4112 3671 4180 μὲν

2116 4207 2281 4277 πῆξις
2299 4205 2391 4259 τοῦ
2415 4205 2664 4275 θεμελίου
2683 4204 2771 4258 διὰ
2800 4204 2965 4275 εὐχῆς
2984 4204 3150 4275 μόνης
3164 4204 3257 4256 καί⁵
3280 4204 3671 4273 σταυροπηγίον

2113 4300 2208 4353 τοῦ
2250 4300 2391 4353 κατὰ
2422 4298 2606 4369 χώραν
2640 4298 2941 4351 ἐπισκόπου
2978 4296 3189 4364 γίνεται
3213 4311 3228 4327 ο
3270 4297 3302 4366 η
3332 4295 3388 4347 δὲ
3418 4296 3669 4366 καθιέρω-

2116 4410 2199 4456 σις
2233 4391 2372 4463 μετὰ
2404 4393 2497 4446 τὸν
2526 4391 2873 4462 ἀπαρτισμὸν
2889 4389 2984 4443 τοῦ
3018 4388 3168 4454 ναοῦ,
3189 4389 3276 4442 ὅτε
3308 4387 3587 4442 τελοῦνται
3613 4391 3671 4441 τὰ

434 4464 627 4510 autem
659 4467 782 4525 post
813 4459 1001 4527 templi
1037 4460 1452 4531 perfectionem,
1505 4471 1722 4538 quando
1746 4472 1885 4530 liunt
1915 4493 2011 4534 en-

2121 4459 2321 4548 ἁνοίξια
2366 4482 2478 4553 (26)
2512 4484 2606 4536 καὶ
2689 4459 3038 4552 ἐνθρονισμὸς
3061 4523 3078 4548 ,
3117 4480 3212 4532 καὶ
3246 4482 3273 4532 ὁ
3306 4482 3449 4541 ἄπας
3489 4479 3669 4531 τούτου

442 4550 615 4605 θεοῖο
665 4559 721 4605 et
761 4554 1074 4619 apertiones
1106 4564 1160 4608 et
1197 4557 1611 4626 intbronizatio,
1648 4572 1703 4619 et
1746 4572 2005 4626 universa

438 4640 562 4710 ejus
588 4640 870 4709 perfectio,
898 4659 1061 4700 sacro
1096 4647 1396 4704 chrismate
1442 4650 1678 4718 inuncti,
1722 4668 1776 4712 et
1804 4672 2010 4733 marty-

437 4747 563 4788 rum
611 4734 870 4803 reliquias
920 4738 1488 4808 suscipientis.'Cum
1539 4745 1769 4803 instaret
1826 4764 2004 4809 autem

443 4826 757 4895 quispiam,
816 4828 1014 4885 debere
1051 4830 1250 4900 deponi
1283 4834 1609 4904 antistitem,
1654 4843 1744 4909 qui
1792 4842 1847 4897 in
1896 4862 2006 4901 non

444 4918 694 4973 dedicata
763 4921 990 4977 ecclesia
1052 4924 1492 4992 sacriﬁcaverat,
1541 4933 2002 5001 quemadmodum

441 5009 734 5079 deponitur
768 5020 823 5066 et
856 5015 950 5082 qui
988 5018 1250 5086 templum
1304 5034 1588 5077 consecrat
1625 5025 1745 5081 sine
1796 5036 2003 5088 sanctis

442 5102 730 5170 reliquiis:
776 5106 1162 5163 sanctissimus
1217 5112 1307 5165 ille
1365 5117 1677 5181 patriarcha
1740 5121 2002 5182 dominus

440 5194 613 5249 Lucas
668 5201 1066 5265 pronuntiavit,
1099 5202 1203 5256 alio
1230 5208 1464 5272 quodam
1524 5210 1685 5263 talem
1739 5231 1859 5269 esse
1892 5234 1997 5285 pu-

2116 4578 2458 4648 ἁπαρτισμὸς
2483 4577 2586 4629 ὑπὸ
2618 4575 2772 4643 ἁγίου
2799 4577 2971 4647 μύρου
2997 4575 3307 4645 χρωμένου,
3338 4574 3432 4626 καὶ
3455 4573 3668 4642 λείψανα

2116 4670 2435 4740 μαρτυρικά
2484 4669 2905 4738 ὑποδεχομένου.
2951 4669 3366 4738 Διενισταμένου
3422 4667 3480 4719 δέ
3540 4682 3669 4727 τινος

2113 4762 2347 4829 ὀφείλειν
2383 4761 2772 4831 καθαιρεθῆναι
2800 4761 3063 4831 ἀρχιερέα
3091 4762 3215 4814 τινά
3248 4777 3377 4813 ποτε
3425 4762 3505 4822 εἰς
3537 4761 3666 4811 ἁνεν·

2115 4854 2396 4924 θρόνιστον
2427 4854 2723 4924 ἐκκλησίαν
2771 4852 3226 4924 ἱερῡυργήσαντα,
3271 4852 3454 4917 καθὼς
3488 4852 3665 4907 καθαι-

2116 4949 2290 5015 ρεῖται
2324 4948 2417 4997 καὶ
2453 4950 2479 4998 ὀ
2510 4945 2776 5016 καθιερῶν
2810 4948 2935 4999 ναὸν
2958 4947 3085 4999 ἄνευ
3115 4947 3285 5013 ἁγίων
3310 4947 3576 5015 λειψάνων
3608 4961 3621 4974 ⁸
3647 4945 3671 4995 ὀ

2113 5039 2412 5107 ἁγιώτατος
2449 5042 2654 5100 ἐκεῖνος
2705 5040 3046 5110 πατριάρχης
3093 5041 3257 5111 κυρὸς
3319 5042 3533 5103 Λουκᾶς
3570 5042 3671 5093 ἁπ-

2111 5132 2351 5200 εφήνατο
2385 5130 2558 5191 ἄλλως
2581 5148 2698 5193 πως
2720 5131 2811 5184 τὸν
2842 5132 3082 5186 τοιοῦτον
3116 5134 3376 5203 ἀρχιερέα
3412 5133 3669 5200 κολασθῆ-

2112 5241 2223 5287 ναι,
2259 5227 2400 5277 κατά
2434 5225 2495 5276 τὸ
2533 5225 2723 5278 δοκοῦν
2762 5226 2964 5297 δηλαδὴ
2985 5229 3052 5297 τῇ
3094 5228 3321 5296 συνόδῳ,
3360 5228 3423 5280 οῦ
3458 5228 3563 5298 μὴν
3590 5228 3669 5279 διὰ

1668 5306 1869 5368 Guill.
1915 5312 2245 5392 Beveregii
2285 5326 2470 5375 nota.

502 5386 739 5468 (Ξῖὸηεξς
764 5388 1280 5468 ’ἐκκλησιαστικὰς
1302 5402 1686 5468 παραδόσεις.
1723 5406 1777 5459 In
1802 5412 1995 5467 codice

432 5466 638 5543 nostro.
668 5457 981 5543 Bodleiano,
1045 5474 1165 5530 post
1198 5457 1311 5518 haec
1333 5457 1531 5543 .lll'lltllu
1566 5457 1726 5543 huius

434 5532 592 5579 ret-ba
626 5529 901 5613 leguntur,
920 5529 1232 5613 ξημειωται
1249 5537 1355 5588 ἀπὸ
1376 5540 1467 5590 τοῦ
1484 5529 1750 5613 παρόδτος
1764 5529 1808 5610 ζ’

548 5600 635 5687 δῖε
649 5600 820 5687 χωρὶς
858 5600 1029 5683 ἁγίων
1058 5602 1323 5687 λειψάνων
1352 5616 1470 5660 ναοι
1496 5600 1981 5687 οὐάαθιεβλύντχι.
2059 5658 2063 5667 .

432 5668 561 5735 Ἔχε
588 5669 642 5721 δὲ
659 5672 762 5758 ἐπὶ
785 5672 1004 5758 μνήμην
1030 5676 1096 5724 τὰ
1126 5668 1205 5756 εἰς
1230 5677 1648 5758 τὴν.έρμῖηνείαγ
1781 5668 1983 5758 ξεσρρςίξ

426 5752 513 5799 το,
546 5743 766 5801 κανόνος
786 5743 1065 5810 γραφέντα
1092 5746 1248 5814 χάριν
1280 5743 1394 5799 τῶν
1413 5743 1713 5819 εὐκτηρίων
1741 5758 1843 5810 καὶ
1864 5743 1977 5815 ,τῶν

2099 5416 2474 5489 ἁντιμινσίων.
2508 5417 2643 5471 Cum
2677 5428 2858 5471 autem
2892 5420 3030 5474 adeo
3053 5432 3301 5489 apertum
3334 5422 3410 5475 sit
3440 5422 3555 5476 haec
3603 5438 3658 5474 ex

2097 5501 2356 5562 tnargtii_t_:_
2374 5488 2426 5538 in
2456 5497 2657 5541 textqu
2692 5496 2997 5556 irrepsisse,
3028 5488 3116 5545 lito
3132 5495 3312 5562 potius
3331 5508 3393 5546 ea
3417 5494 3664 5546 adnotare

2095 5570 2255 5621 quam
2287 5556 2392 5607 illic
2422 5573 2660 5611 inserere
2701 5574 2871 5611 \‘tsiim
2903 5574 3006 5614 est.

2160 5625 2417 5701 (:2:th
2432 5628 2744 5701 τελοῦγται
2766 5632 2834 5681 τά
2853 5631 3109 5696 ἀνοίξια.
3132 5632 3441 5701 Legendum
3461 5642 3561 5692 est,
3581 5632 3659 5683 ὅτε

2084 5694 2363 5746 τελοῦνται
2386 5698 2453 5747 τὰ
2473 5698 2722 5763 ἐγκαίνια
2747 5702 2928 5752 καὶτὰ
2948 5694 3176 5768 ἁνοὶξια.
3204 5694 3294 5757 Sic
3315 5704 3459 5757 enim
3484 5716 3659 5755 omnes

2084 5765 2267 5823 lt'gttttl.
2306 5769 2545 5831 codices,
2582 5779 2687 5824 tam
2752 5772 2997 5836 impre~si
3060 5765 3222 5839 quam
3285 5773 3652 5841 manuscripti.
