3972 6488
332 413 437 472 913

1249 418 1332 478 IN
1373 420 1537 481 CAN.
1580 421 1717 479 Vill
1747 420 1955 481 CONC.
1999 421 2107 480 ΥΠ
2141 420 2494 479 (ΕίἪΜΕΝ.

3417 414 3528 473 θυι

302 505 682 575 καθαιρέσεως
708 523 729 580 ⁸·
762 507 849 561 δτι
904 508 1047 564 κατὰ
1086 510 1221 565 πολὺ
1262 510 1612 583 ἀκατάλληλά
1657 516 1761 566 εισι
1802 516 1870 566 τὰ

1984 512 2231 565 niendum
2263 513 2587 570 antismem.
2636 517 2796 577 prout
2848 506 3058 565 scilicet
3106 504 3314 575 synodo
3348 502 3524 558 visum

302 598 677 668 ἐπταισμένα.

387 775 633 829 ΖΩΝΑΡ.
659 773 831 828 Τοῦτο
853 775 915 829 τὸ
938 775 1290 831 ἀποστολικδν
1313 777 1472 847 ῥητὸν
1498 780 1525 832 ὁ
1560 780 1659 847 μὲν
1696 780 1868 850 μέγας

298 869 582 931 Βασίλειος
614 868 789 932 ἄλλως
823 868 1109 935 ἐξελάὄετο
1138 886 1153 899 ’
1179 863 1324 925 οῦτοι
1356 870 1411 924 δὲ
1439 873 1487 925 oi
1519 874 1759 941 Πατέρες
1784 877 1871 927 ὲν-

296 960 477 1013 ταῦθα
509 960 908 1031 ἁπλοῖκώτερον
942 962 1186 1026 ἐδέξαντο
1220 962 1300 1029 τὸ,
1332 964 1775 1032 ἐπακολουθοῦσι,
1810 968 1870 1021 τὸ

299 1053 537 1106 ἔπεσθαι
585 1053 827 1123 δηλονότι
869 1056 989 1118 ταῖς
1023 1054 1424 1125 προλασούσαις
1450 1058 1745 1128 ἁμαρτίαις
1774 1061 1869 1114 καὶ

301 1148 527 1218 ἑτέραις
558 1164 572 1179 ·
605 1150 699 1201 καὶ
728 1148 887 1203 τοῦτο
933 1150 1162 1219 ἐκϐῆναί
1191 1168 1356 1219 φασιν
1396 1152 1487 1205 ἐπὶ
1523 1151 1631 1207 τῶν
1661 1155 1867 1208 εἰκονο-

308 1238 526 1306 μάχων.
569 1237 844 1300 Ἐκείνους
890 1237 997 1308 γὰρ
1028 1239 1354 1309 ὀνομάζουσι
1400 1241 1870 1310 Χριστιανοκατηο

315 1330 537 1398 γόρους,
575 1330 649 1391 ὠς
685 1329 1122 1400 κατηγοροῦντας
1147 1330 1255 1383 τῶν
1285 1332 1628 1402 Χριστιανῶν
1659 1332 1873 1385 εἰδωλο-

309 1419 591 1487 λατρείαν.
626 1420 699 1473 Οὐ
736 1420 897 1490 μόνον
922 1421 1030 1492 γὰρ
1063 1422 1161 1484 τὰς
1204 1422 1498 1491 ἐκκλησίας
1534 1421 1630 1475 τοῦ
1664 1423 1870 1494 κόσμου

300 1512 419 1566 τῶν
452 1512 664 1565 σεπτῶν
708 1512 931 1567 εἰκόνων
978 1515 1297 1585 ἐστέρησαν,
1327 1515 1462 1570 ἀλλὰ
1514 1517 1607 1569 καὶ
1638 1516 1732 1587 ἔθη
1768 1535 1873 1570 πα-

303 1604 435 1656 λαιὰ
480 1603 961 1672 παραλελοίπασιν,
1014 1606 1049 1659 δι
1099 1607 1194 1661 καὶ
1233 1607 1550 1662 άνανεοῦσιν
1587 1602 1750 1672 οῦτοι,
1783 1610 1870 1663 ἵνα

306 1698 404 1750 καὶ
432 1698 462 1766 ἡ
493 1698 767 1768 ἔγγραφος
802 1686 1126 1769 θεσμοθεσία
1159 1699 1252 1753 καὶ
1286 1702 1317 1771 ἠ
1344 1702 1589 1771 ἄγραφος
1618 1702 1871 1774 συνήθεια

301 1788 499 1857 κρατῇ.
527 1787 598 1838 Τὸ
651 1788 708 1841 δὲ
740 1789 1107 1859 παραλειφθὲν
1138 1790 1259 1854 ἔθος
1291 1787 1358 1862 ἦν
1395 1789 1456 1844 τὸ
1499 1793 1557 1844 ἐν
1586 1794 1704 1855 ταῖς
1731 1794 1869 1847 καθ-

306 1880 554 1949 ιερώσεσι
608 1881 715 1934 τῶν
768 1882 927 1936 θείων
963 1884 1104 1937 ναῶν
1155 1883 1229 1954 μὴ
1270 1883 1515 1953 γίνεσθαι
1545 1870 1869 1949 καταθέσεις

301 1969 574 2036 λειψάνων
603 1971 793 2037 ἁγίων.
828 1972 981 2026 Ὅσοι
1014 1972 1127 2039 οῦν,
1156 1974 1309 2042 φασὶ,
1328 1976 1497 2045 χωρὶς
1526 1975 1870 2040 καταθέσεως

304 2064 479 2129 ἁγίων
506 2064 773 2132 λειψάνων
804 2064 1220 2133 καθιερώθησαν
1244 2066 1383 2129 ναοὶ,
1407 2065 1746 2131 δεξάσθωσαν
1777 2066 1871 2120 νῦν

306 2154 405 2204 καὶ
458 2153 585 2219 ama
632 2152 860 2223 λείψανα
906 2154 1307 2223 κατατιθέμενα
1354 2157 1412 2207 ὲν
1462 2155 1664 2217 αὐτοῖς.
1710 2156 1768 2209 '0
1813 2158 1869 2209 δὲ

309 2243 585 2313 καθιερῶν
613 2245 736 2297 ναὸν
768 2245 934 2316 χωρὶς
981 2247 1138 2317 ἱερῶν
1181 2246 1446 2316 λειψάνων
1477 2249 1867 2317 καθαιρείσθω,

302 2335 378 2396 ὡς
414 2336 732 2407 παραϐάτης
764 2338 868 2391 τῶν
899 2338 1329 2409 ἐκκλησιατικῶν
1360 2342 1730 2408 παραδόσεων.

1971 605 2156 670 fuerit,
2206 603 2299 658 sed
2328 618 2435 657 non
2480 618 2573 670 per
2600 600 3015 666 depositionem.
3049 595 3254 651 Delicta
3286 593 3430 649 enim
3459 608 3521 650 ea

1971 704 2101 751 sunt
2134 695 2292 761 longe
2322 695 2539 763 lateque
2572 692 2923 748 dissidentia.

2006 844 2013 851 ,
2043 786 2294 842 ZONAB.
2321 786 2546 855 Magnus
2579 785 2794 853 quidem
2830 782 3064 839 Basilius
3095 780 3252 837 aliter
3273 777 3377 831 hoc
3406 789 3529 843 apo-

1971 880 2096 935 stoli
2157 879 2360 933 dictum
2423 878 2810 944 interpretatus
2870 883 2976 929 est.
3041 871 3103 951 lli
3157 884 3287 925 vero
3338 867 3529 922 Patres

1971 972 2195 1025 verbum
2228 968 2381 1034 illud,
2414 974 2849 1039 consequuntur,
2898 964 3059 1034 paulo
3088 959 3393 1031 simplicius
3430 971 3522 1011 ac'

1972 1076 2190 1132 cepere,
2220 1071 2279 1115 ut
2304 1060 2369 1114 ad
2408 1061 2589 1130 peiora
2646 1057 2854 1113 scilicet
2889 1056 3135 1111 facinora
3169 1053 3270 1105 alia
3310 1062 3530 1119 quoque
3628 1126 3631 1129 Δ

1972 1154 2146 1208 solere
2175 1152 2328 1223 sequi
2361 1149 2786 1221 intelligendum
2822 1149 2912 1203 sit.
2971 1145 3125 1212 Quod
3160 1142 3375 1214 quidem
3408 1140 3526 1194 lco-

1971 1247 2255 1302 nomachis
2284 1247 2441 1300 aiunt
2468 1244 2784 1315 contigisse.
2832 1240 2964 1296 Illos
2997 1252 3233 1307 namque
3263 1232 3531 1292 Christia-

1973 1352 2166 1393 norum
2205 1344 2562 1392 accusatores
2589 1335 2894 1396 nominaut,
2913 1331 3114 1402 quippe
3144 1328 3233 1398 qui
3260 1324 3528 1381 Christia-

1973 1443 2073 1484 nos
2125 1428 2448 1483 idololatriae
2499 1432 2851 1482 accusarent.
2918 1422 3025 1480 Nec
3076 1421 3221 1477 enim
3279 1418 3313 1472 ii
3349 1416 3524 1473 solum

1970 1519 2236 1575 ecclesias
2278 1533 2559 1574 sacrarum
2599 1517 2901 1588 imaginum
2952 1510 3301 1597 ornamentis
3324 1509 3530 1572 spolia-

1971 1628 2121 1676 vere,
2148 1613 2241 1669 sed
2268 1602 2522 1682 antiquas
2565 1612 2729 1667 etiam
2763 1607 3197 1665 consuetudines
3227 1604 3543 1671 reliquere;

1973 1719 2091 1772 quae
2116 1702 2358 1773 quidem,
2415 1711 2473 1757 ut
2503 1703 2668 1758 simul
2701 1711 2754 1757 et
2790 1700 3013 1770 scriptis
3052 1697 3374 1765 consignata
3423 1699 3530 1755 lex,

1972 1802 2026 1849 et
2051 1809 2157 1847 non
2187 1795 2389 1864 scripta
2424 1808 2641 1864 quoque
2672 1791 3021 1848 consuetudo
3063 1797 3335 1850 servetur,
3369 1783 3532 1852 hujus

1973 1885 2201 1940 canonis
2255 1886 2478 1941 decreto
2536 1895 2884 1941 renovantur.
2949 1878 3301 1937 Consuetudo
3369 1891 3531 1946 porro

1974 1976 2335 2047 praetermissa
2397 1991 2460 2031 ea
2520 1975 2644 2039 fuit,
2705 1975 2851 2046 quod
2906 1988 3029 2028 cum
3090 1972 3271 2026 divina
3329 1967 3531 2037 templa

1975 2080 2446 2133 consecrarentur,
2502 2069 2666 2124 nulla:
2695 2069 2858 2125 simul
2894 2068 2945 2121 in
2978 2066 3058 2120 eis
3097 2075 3411 2120 sanctorum
3446 2076 3531 2114 re-

1975 2162 2156 2229 liquiae
2183 2162 2572 2218 conderentur.
2605 2163 2957 2231 Qumcunque
3004 2175 3132 2229 ergo
3180 2158 3399 2226 templa,
3448 2155 3532 2209 in-

1976 2257 2195 2322 quiunt,
2225 2256 2431 2323 absque
2476 2255 2711 2310 conditis
2738 2265 3052 2310 sanctorum
3111 2250 3362 2319 reliquiis
3397 2263 3532 2303 con-

1976 2355 2188 2400 secrata
2238 2355 2389 2414 sunt,
2442 2348 2498 2401 in
2549 2347 2630 2402 eis
2678 2362 2846 2402 sacrae
2879 2361 3095 2416 quoque
3138 2343 3382 2413 reliquiae
3428 2341 3530 2394 hoc

302 2427 520 2483 demum
574 2436 813 2498 tempore
870 2432 1229 2487 collocentur.
1263 2431 1367 2498 Qui
1400 2448 1531 2487 vero
1595 2437 1883 2503 templum,
1939 2451 2047 2490 non
2120 2438 2377 2493 adhibitis
2428 2446 2740 2493 sanctorum
2792 2436 3039 2505 reliquiis
3087 2432 3525 2489 consecraverit:

299 2539 450 2586 eum,
496 2525 691 2595 quippe
721 2528 1067 2581 traditionum
1117 2542 1254 2595 quas
1296 2543 1325 2580 a
1359 2527 1659 2594 majoribus
1692 2531 1997 2597 accepimus
2032 2539 2511 2603 transgressorem,
2544 2531 2739 2602 deponi
2770 2531 2985 2600 jubent.

304 2617 531 2672 ΑΡΙΣΤ.
583 2638 603 2669 ι
652 2620 1040 2673 Κατατιθέσθω
1101 2619 1394 2691 μαρτύρων
1448 2620 1578 2686 ἅγια
1636 2620 1867 2688 λείψανα

318 2744 324 2755 ι
382 2733 402 2766 ι
444 2717 503 2768 ἐν
523 2716 633 2777 τοῖς
665 2717 790 2767 ἄνευ
823 2714 998 2767 αὐτῶν
1029 2714 1407 2783 καθιερωθεῖσι
1432 2717 1577 2776 ναοῖς
1606 2716 1743 2783 μετὰ
1768 2716 1870 2783 τῆς

390 2826 410 2858 ι
459 2808 719 2877 συνήθους
745 2809 928 2877 εὐχῆς.
969 2809 1027 2860 Ὀ
1056 2807 1112 2859 δὲ
1148 2809 1275 2860 ἄνευ
1300 2808 1504 2861 τούτων
1529 2808 1869 2875 καθιερώσας

388 2918 407 2949 ι
456 2898 841 2968 καθαιρείσθω,
873 2899 947 2962 ὡς
994 2898 1245 2969 παραϐάς
1274 2900 1372 2960 τὰς
1412 2898 1871 2969 ἐκκλησιαστικὰς

383 3010 402 3038 ι
447 2992 797 3061 παραδόσεις.
835 3010 853 3042 ι

380 3080 538 3134 Ὅσοι
572 3081 671 3150 μὲν
704 3084 820 3134 ναοὶ
863 3081 968 3153 πρὸ
998 3082 1097 3153 τῆς
1130 3083 1343 3136 συνόδου
1376 3081 1577 3151 ταύτης
1611 3083 1736 3135 ἄνευ
1769 3082 1868 3149 τῆς

1965 2621 2188 2676 ARIST.
2241 2642 2259 2675 ι
2309 2623 2521 2677 Sancta:
2558 2633 2855 2694 martyrum
2900 2622 3145 2691 reliquize
3200 2621 3253 2674 in
3295 2618 3515 2687 templis

2044 2733 2063 2765 ι
2108 2730 2230 2784 quae
2299 2716 2508 2783 absque
2554 2716 2621 2770 iis
2667 2726 2981 2769 consecrata
3014 2722 3162 2775 sunt,
3214 2712 3378 2780 idque
3407 2725 3529 2762 cum

2043 2826 2065 2858 ε
2110 2809 2390 2863 consuetis
2439 2809 2713 2877 precibus,
2782 2814 3134 2876 reponantur.
3186 2804 3286 2869 Qui
3345 2811 3525 2855 autem

2044 2918 2062 2950 ι
2114 2902 2321 2969 absque
2358 2902 2424 2955 iis
2472 2910 2782 2961 consecrat,
2815 2910 2872 2953 ut
2908 2896 3312 2953 ecclesiasticas
3357 2892 3531 2947 tradi-

2046 3015 2074 3042 α
2117 2995 2293 3048 tiones
2326 3002 2723 3061 transgressus,
2750 2994 3072 3061 deponatur.
3112 3009 3129 3041 ι

2042 3086 2387 3155 Quaecunque
2447 3086 2646 3155 templa
2703 3096 2830 3139 ante
2880 3085 3019 3139 hanc
3071 3082 3361 3154 synodum,
3409 3079 3530 3132 sine

310 3172 577 3239 συνήθους
606 3172 771 3240 εὐχῆς
802 3172 910 3223 τῶν
938 3173 1251 3227 ἐπισκόπων
1284 3174 1378 3227 καὶ
1400 3174 1668 3243 λειψάνων
1698 3174 1868 3242 ἁγίων

1984 3178 2251 3232 :onsuetis
2284 3177 2663 3247 episcOporum
2690 3178 2944 3248 precibus
2968 3185 3019 3230 t-t
3040 3185 3356 3231 sanctorum
3383 3188 3531 3225 mar—

311 3265 610 3333 μαρτύρων
642 3263 1157 3336 ἀνῳκοδομήθησαν,
1188 3265 1394 3335 ὡρίσθη
1419 3265 1668 3333 γενέσθαι
1698 3267 1866 3320 κατά-

307 3356 462 3409 θεσιν
514 3359 571 3409 ὲν
627 3357 807 3419 αὐτοῖς
866 3357 1136 3425 λειψάνων
1180 3358 1349 3425 ἁγίων
1383 3359 1477 3412 καὶ
1520 3360 1617 3429 τὴν
1660 3359 1863 3429 συνήθη

303 3448 483 3518 εὐχὴν.
499 3448 817 3517 τελεσθῆναι
841 3466 853 3478 ·
884 3450 1000 3502 ὅσοι
1029 3450 1084 3502 δὲ
1129 3450 1268 3520 μετὰ
1295 3449 1392 3521 τὴν
1429 3451 1644 3504 σύνοδον
1665 3450 1868 3520 ταύτην

303 3541 576 3609 εὑρεθῶσι
601 3545 773 3612 χωρὶς
803 3544 1069 3613 λειψάνων
1100 3546 1479 3618 καθιεροῦντες
1509 3546 1649 3612 ναὸν,
1675 3547 1870 3600 καθαι-

306 3632 521 3700 ρεῖσθαι
565 3635 1053 3707 κατεδικάσθησαν,
1083 3639 1157 3702 ὠς
1184 3639 1497 3709 παραϐάται
1534 3638 1642 3692 τῶν
1670 3639 1861 3709 ἐκκλη-

307 3726 606 3779 σιαστικῶν
640 3727 1012 3797 παραδόσεων.

915 3822 1152 3874 ΚΑΝΩΝ
1175 3821 1253 3876 ῘΡ.

310 3926 330 3958 ι
366 3908 611 3978 λἘπειδὴ
659 3911 996 3979 πλανώμενοί
1042 3929 1186 3976 τινες
1228 3914 1291 3966 ἐκ
1329 3913 1428 3980 τῆς
1457 3915 1562 3966 τῶν
1602 3914 1869 3984 Ἐὗραίων

384 4018 402 4051 ι
450 4000 743 4068 θρησκείας
771 4003 1117 4074 μυκτηρίζειν
1161 4004 1342 4069 ἔδοξαν
1363 4004 1598 4074 Χριστὸν
1621 4006 1712 4057 τὸν
1733 4006 1864 4057 Θεὸν

383 4111 400 4141 ‹
450 4091 647 4162 ἡμῶν,
728 4093 1181 4163 προσποιούμενοι
1246 4095 1344 4163 μὲν
1413 4096 1863 4165 Χριστιανίξειν,

383 4202 401 4235 t
448 4185 607 4236 αὑτὸν
657 4185 714 4237 δὲ
758 4184 1079 4255 ἀρνούμενοι
1124 4186 1393 4256 κρύόδην,
1443 4188 1536 4239 καὶ
1590 4187 1866 4256 λαθραίως

386 4296 403 4324 ι
452 4275 1004 4341 σαϐϐατίζοντες,καὶ
1034 4276 1199 4342 ἕτερα
1233 4276 1501 4330 Ἰουδαϊκὰ
1542 4278 1862 4340 ποιοῦντεςς
1944 4320 1949 4329 .

384 4387 402 4419 ι
446 4367 696 4437 ὁρίζομεν
724 4370 945 4431 τούτους
982 4370 1120 4439 μήτε
1154 4372 1233 4432 εἰς
1267 4370 1581 4435 κοινωνίαν,
1615 4370 1752 4438 μήτε
1786 4370 1865 4432 είς

386 4478 402 4508 ι
447 4458 631 4529 εὐχὴν,
681 4459 814 4528 μήτε
847 4460 924 4522 είς
961 4458 1252 4529 ἐκκλησίαν
1285 4460 1572 4529 δέχεσθαι·
1604 4460 1739 4512 ἀλλὰ
1766 4478 1866 4525 φα-

383 4568 398 4597 ι
450 4549 622 4619 νερῶς
655 4544 793 4605 εἶναι
844 4550 984 4607 κατὰ
1011 4551 1108 4621 τὴν
1141 4551 1349 4604 ἑαυτῶν
1393 4551 1687 4621 θρησκείαν
1741 4550 1863 4603 Ἑϐ-
1896 4559 1939 4612 ι)

381 4660 400 4691 ο
452 4643 673 4710 ραίους·
717 4644 855 4712 μήτε
902 4644 1027 4703 τοὺς
1074 4642 1270 4703 παῖδας
1323 4642 1503 4695 αὐτῶν
1558 4642 1863 4712 βαπτίζειν,

386 4752 404 4781 ι
456 4734 589 4801 μήτε
619 4731 801 4786 δοῦλον
836 4732 1093 4786 ὠνεῖσθαι
1129 4733 1160 4804 ἥ
1197 4734 1447 4788 κτᾶσθαι.
1478 4734 1539 4786 El
1569 4734 1625 4786 δὲ
1653 4733 1709 4798 ἐξ
1734 4734 1867 4786 εἰλιαο

386 4845 403 4874 ι
452 4822 672 4894 κρινοῦς
702 4824 938 4888 πίστεως
981 4824 1296 4894 ἐπιστρέψει
1344 4843 1426 4889 τις
1466 4825 1524 4889 ἐξ
1558 4825 1736 4878 αὐτῶν
1774 4830 1866 4879 καὶ

390 4936 409 4966 ι
456 4914 778 4985 ὁμολογήσει
824 4916 885 4982 ἐξ
934 4916 1059 4987 ὅλης
1105 4916 1350 4985 καρδίας,
1402 4916 1751 4987 θριαμϐεύων
1799 4919 1868 4972 τὰ

388 5029 402 5058 ο
454 5005 574 5061 κατ’
622 5008 799 5062 αὐτῶν
844 5010 939 5080 ἔθη
982 5012 1075 5067 καὶ
1132 5011 1451 5079 πράγματα,
1494 5010 1632 5080 πρδς
1673 5010 1733 5062 τὸ
1774 5012 1867 5063 καὶ

384 5118 403 5151 ι
448 5100 639 5163 ἄλλους
690 5100 1009 5172 ἐλεγχθῆναι
1058 5104 1152 5156 καὶ
1195 5102 1620 5173 διορθώσασθαι,
1678 5104 1882 5156 τοῦτον·

390 5213 407 5244 ι
457 5192 867 5262 προσδέγεσθαι,
914 5194 1009 5246 καὶ
1056 5194 1339 5263 βαπτίζειν
1387 5194 1513 5255 τοὺς
1547 5193 1743 5255 παῖδας
1773 5192 1867 5246 αὐ·

386 5284 567 5348 ιιτοῦ,
614 5286 706 5337 καὶ
751 5285 1140 5354 ἁσφαλίζεσθαι
1189 5287 1383 5349 αὐτοὺς
1429 5287 1733 5356 ἀποστῆναι
1758 5286 1867 5339 τῶν

390 5396 406 5427 ι
460 5377 765 5443 Ἑϐραϊκῶν
821 5379 1265 5455 ἐπιτηδευμάτων
1294 5394 1309 5410 ⁸
1363 5381 1413 5431 εί
1458 5379 1515 5431 δὲ
1573 5378 1649 5449 μὴ
1697 5378 1868 5441 οὓτως

386 5488 402 5517 ‹
452 5469 645 5541 ἔχοιεν,
684 5469 941 5539 μηδαμῶς
976 5472 1169 5532 αὐτοὺς
1210 5471 1620 5542 προσδέχεσθαι.
1668 5489 1687 5521 ι

385 5558 577 5611 ΒΑΛΣ.
650 5558 891 5613 Ἰουδαῖοί
932 5576 1099 5626 τινες,
1149 5562 1323 5631 ἔνοχοι
1362 5561 1728 5623 καταστάντες
1777 5559 1868 5612 ἐπί

308 5664 451 5703 τισιν
508 5651 848 5713 ὑποθέσεσιν,
903 5654 996 5706 καὶ
1046 5653 1288 5716 θέλοντες
1336 5653 1538 5716 ταύτας
1584 5655 1867 5722 ἐκφυγεῖν,

312 5740 684 5812 προσήρχοντο
705 5743 770 5810 τῇ
805 5741 1070 5812 ὀρθοδόξῳ
1095 5744 1298 5809 πίστει,
1324 5746 1414 5796 καὶ
1444 5743 1869 5813 προσεποιοῦντο

323 5834 417 5885 μὲν
452 5834 518 5885 τὰ
550 5833 657 5886 τῶν
690 5834 1029 5895 Χριστιανῶν
1063 5839 1302 5902 φρονεῖν,
1350 5838 1413 5902 τῇ
1461 5836 1687 5905 ἀληθείᾳ
1714 5834 1770 5887 δὲ
1799 5835 1867 5887 τὰ

1975 3281 2149 3339 tyrum
2183 3271 2455 3337 reliquiis,
2514 3270 2741 3325 fundata
2771 3271 3013 3331 ium-unt,
3065 3268 3118 3323 in
3182 3269 3261 3322 eis
3313 3278 3531 3321 sanctas

1970 3365 2232 3434 reliquias
2285 3366 2507 3434 deponi,
2559 3374 2614 3419 et
2681 3376 2975 3421 consuetas
3024 3378 3210 3432 preces
3264 3359 3535 3417 celebrari

1972 3458 2248 3513 deﬁnitum
2274 3467 2377 3513 est.
2405 3457 2726 3527 Quicunque
2751 3468 2929 3510 autem
2963 3466 3078 3524 post
3099 3456 3238 3508 hanc
3267 3452 3545 3524 synodum

1971 3551 2089 3605 sine
2120 3550 2365 3619 reliquiis
2408 3550 2667 3619 templum
2714 3563 3073 3602 consecrasse
3116 3545 3529 3615 deprehendam

1971 3650 2081 3700 tur.
2115 3641 2456 3709 depositione
2480 3641 2832 3702 damnantur,
2890 3651 2947 3694 ut
2974 3640 3327 3693 traditionum
3358 3638 3534 3693 cccle-

1972 3734 2316 3788 siasticarum
2353 3742 2807 3801 transgressores.

2452 3823 2618 3892 293
2655 3819 2879 3877 CANON
2922 3819 3058 3874 vm.

1978 3935 1995 3967 ι
2043 3914 2309 3981 Quoniam
2330 3915 2681 3969 Hebraeorum
2710 3915 2992 3983 religionis
3017 3916 3236 3982 quidam
3286 3922 3533 3965 errantes

2046 4026 2071 4058 ι
2112 4007 2389 4062 Christum
2410 4008 2579 4061 Deum
2614 4017 2859 4060 nostrum
2884 4007 3229 4059 subsannare
3258 4004 3356 4057 visi
3382 4013 3529 4070 sunt,

2049 4117 2067 4148 ι
2114 4114 2234 4153 sese
2263 4099 2478 4168 quidem
2508 4097 2849 4152 Christianos
2878 4112 2999 4151 esse
3029 4097 3312 4164 ﬁngentes,
3350 4095 3525 4165 ipsum

2043 4208 2064 4241 ι
2110 4201 2289 4244 autem
2318 4189 2533 4244 occulte
2563 4185 2786 4257 negant,
2831 4196 2884 4240 et
2926 4187 3240 4241 clanculum
3292 4185 3529 4239 Sabhata

2046 4299 2064 4331 ι
2108 4282 2437 4345 observant,
2500 4288 2553 4333 et
2604 4279 2773 4333 multa
2843 4279 2946 4333 alia
2998 4278 3222 4332 Judaica
3278 4277 3527 4331 faciunt:

2044 4391 2063 4423 ι
2113 4373 2430 4434 statuimus,
2494 4380 2551 4425 ut
2607 4370 2697 4426 isti
2749 4385 2926 4440 neque
2970 4370 3034 4423 ad
3064 4367 3528 4425 communionem.

2047 4484 2065 4515 ι
2116 4478 2292 4533 neque
2325 4463 2393 4516 ad
2420 4461 2751 4529 orationem,
2798 4477 2975 4529 neque
3013 4460 3082 4514 ad
3116 4458 3407 4513 ecclesiam
3439 4457 3536 4510 ad-

2044 4574 2062 4606 ‹
2111 4557 2431 4619 mittantur;
2494 4554 2590 4607 sed
2624 4560 2812 4620 aperte
2865 4553 2975 4604 sint
3041 4548 3343 4604 secundum
3376 4561 3529 4600 suam

2046 4664 2066 4696 ι
2114 4645 2429 4717 religionem
2470 4643 2704 4709 Hebraei,
2730 4654 2784 4698 et
2825 4657 3002 4710 neque
3035 4641 3175 4694 lilios
3196 4653 3326 4693 suos
3356 4638 3533 4706 bapti-

2045 4755 2065 4787 ί
2113 4746 2260 4798 zent,
2297 4752 2475 4806 neque
2506 4750 2723 4791 servum
2767 4732 3052 4786 emantvel
3084 4730 3412 4799 possideant.
3472 4727 3533 4781 Si

2045 4844 2064 4877 ι
2112 4836 2294 4880 autem
2357 4841 2421 4882 ex
2456 4840 2590 4896 pura
2622 4834 2675 4880 et
2724 4824 2935 4879 sincera
3002 4823 3108 4877 ﬁde
3173 4821 3295 4889 quis
3341 4834 3529 4874 eorum

2044 4940 2061 4970 ‹
2109 4934 2427 4983 conversus,
2455 4926 2509 4971 et
2557 4932 2619 4969 ex
2655 4922 2769 4970 toto
2824 4913 2991 4967 corde
3022 4910 3309 4965 confessus
3343 4909 3529 4969 luerit,

2045 5033 2063 5063 ι
2113 5026 2302 5064 eorum
2366 5010 2609 5063 moribus
2638 5017 2693 5059 et
2721 5005 2883 5059 rebus
2935 5004 3208 5057 insultans
3256 5016 3320 5055 ac
3364 4998 3528 5053 veluti
3610 5038 3615 5041 Α

2044 5123 2061 5154 ‹
2112 5102 2445 5171 triumphum
2498 5113 2709 5168 agens,
2762 5104 2823 5149 ut
2868 5104 2923 5149 et
2969 5095 3060 5149 alii
3124 5093 3453 5148 refellantur
3477 5096 3534 5140 et
3603 5104 3613 5151 ;

2042 5215 2060 5245 ι
2109 5196 2493 5262 corrigantur;
2524 5204 2647 5242 eum
2684 5187 2954 5256 recipiant
2977 5226 2999 5251 ,η
3026 5196 3082 5240 et
3114 5184 3389 5252 baptizent
3412 5178 3533 5247 ejus

2045 5307 2062 5336 ι
2113 5285 2353 5349 liberos;
2402 5290 2456 5334 et
2508 5288 2735 5334 caveant
2783 5277 2886 5347 ipsi
2951 5292 3012 5331 se
3060 5276 3127 5329 ab
3181 5275 3532 5327 Hebraeorum

2046 5395 2064 5427 ‹
2113 5374 2310 5428 studiis
2338 5381 2390 5425 et
2424 5367 2687 5423 institutis
2712 5367 3025 5421 descituros
3056 5382 3069 5417 :
3104 5365 3186 5418 sin
3216 5369 3394 5412 autem
3426 5369 3534 5408 non

2044 5486 2060 5516 ι
2111 5467 2181 5518 ita
2217 5479 2274 5516 se
2309 5468 2522 5530 gerant,
2551 5473 2645 5512 eos
2673 5458 2821 5511 nullo
2855 5457 3017 5509 modo
3042 5453 3349 5507 admittant.
3400 5466 3415 5496 ι

2040 5546 2235 5609 BALS.
2272 5551 2442 5605 Judaei
2469 5549 2719 5619 quidam,
2755 5562 2881 5600 cum
2936 5541 3302 5613 quorumdam
3353 5537 3540 5587 crimi—

1971 5665 2095 5702 num
2136 5646 2212 5699 rei
2272 5649 2591 5711 agerentur,
2645 5639 2852 5691 vellent
2889 5644 3077 5688 autetn
3134 5626 3541 5683 damnationem

1968 5739 2226 5806 etl'ugere,
2285 5732 2348 5783 ad
2406 5730 2562 5783 (idem
2588 5726 2964 5781 Christianam
2999 5714 3357 5806 acccdebant,
3396 5718 3447 5767 et
3486 5723 3547 5806 se

1970 5799 2278 5885 Christiana
2340 5821 2560 5891 quidem
2593 5817 2801 5891 sentire
2847 5827 2963 5882 prae
3015 5826 3072 5863 se
3132 5803 3405 5863 terebant,
3455 5799 3559 5853 sed
