3972 6488
453 461 562 525 915

1710 464 1990 524 THEOD.
2027 459 2434 522 BALSAMON

3568 453 3660 518 9l5

451 572 681 654 Judai‘ca
731 580 920 655 revera
975 573 1334 651 sentiebant,
1396 571 1632 629 Sabbata
1710 576 2017 630 clanculum

2138 573 2233 626 τῶν
2279 569 2548 626 Ἰουδαίων
2597 566 2879 639 ἐφρόνουν,
2913 563 3091 633 λάθρα
3124 561 3555 628 σαϐϐατίζοντες,
3583 571 3662 620 καὶ

450 669 838 734 observantes,
869 675 926 722 et
952 674 1144 722 nostra
1187 666 1527 744 lacerantes;
1577 681 1708 722 suos
1739 678 1919 722 autem
1961 667 2024 720 li-

452 759 617 814 beros
648 760 1021 831 baptizabant,
1047 770 1099 815 et
1130 761 1236 815 alia
1274 763 1519 830 quaedam
1547 761 1633 830 pia
1665 761 1934 815 faciebant
1967 768 2024 812 ut

453 842 745 930 orthodoxi
775 843 1012 906 fartasse
1046 851 1385 906 viderentur.
1425 851 1624 905 Dicunt
1653 867 1785 917 ergo
1810 851 2022 928 Patres,

453 932 548 999 eos
583 960 689 998 non
741 943 794 998 in
853 943 1094 1014 aliquam
1154 934 1596 998 communionem
1631 944 2020 1006 admittendos,

455 1053 557 1090 nec
585 1037 1012 1104 permittendum
1063 1045 1124 1090 ut
1156 1037 1250 1090 filii
1300 1052 1488 1092 eorum
1528 1028 1892 1111 baptizentur,
1925 1051 2023 1090 nee

459 1119 518 1180 ut
545 1126 920 1202 Christianum
960 1145 1180 1184 servum
1211 1128 1323 1183 ullo
1357 1129 1519 1182 modo
1548 1129 1884 1196 possideant,
1929 1127 2021 1180 sed

451 1211 604 1291 juxta
643 1215 998 1272 llebratorum
1033 1219 1348 1290 religionem
1383 1235 1441 1274 se
1475 1234 1660 1290 aperte
1705 1230 1918 1289 gerant.
1966 1219 2021 1274 Si

457 1297 584 1389 quis
609 1319 791 1364 autem
824 1325 854 1364 a
890 1309 1116 1365 Judaica
1172 1312 1476 1381 impietate,
1533 1329 1655 1365 rum
1709 1313 1850 1367 bona
1896 1311 2026 1366 aﬂ'e-

457 1392 670 1471 ctione,
735 1411 786 1454 et
813 1401 932 1455 sine
996 1403 1328 1479 necessitate
1385 1405 1466 1458 vel
1529 1404 1900 1478 simulatione,
1958 1403 2025 1457 ad

457 1480 818 1566 orthodoxam
866 1485 1026 1549 fidem
1085 1510 1384 1549 conversus
1443 1496 1629 1561 fuerit,
1680 1508 1732 1551 et
1785 1496 2026 1552 Judaicis

456 1582 707 1654 moribus
751 1584 1096 1652 valedixerit,
1130 1594 1184 1640 et
1224 1595 1346 1640 toto
1374 1589 1559 1640 animo
1613 1590 1679 1642 de
1733 1588 1797 1642 iis
1835 1589 2028 1641 trium-

457 1673 625 1740 phum
663 1676 854 1743 egerit,
898 1686 953 1731 et
989 1675 1271 1732 confessus
1303 1677 1468 1754 fuerit
1494 1695 1554 1733 ea
1587 1695 1706 1748 qum
1735 1681 1800 1731 ah
1831 1680 2028 1748 aliqui-

439 1763 564 1838 Ibus
593 1757 856 1835 praetextu
893 1768 1037 1823 facta
1075 1779 1224 1834 sunt,
1249 1780 1303 1825 et
1332 1771 1397 1824 ad
1428 1771 1865 1826 Christianorum
1904 1773 2024 1826 lldei

460 1855 888 1915 ludificationem
924 1863 1251 1934 respiciunt,
1279 1854 1410 1918 utet
1441 1864 1516 1917 illi
1546 1865 1945 1918 cnnvincantur
1973 1849 2027 1918 et

2121 668 2190 719 τά
2243 667 2488 737 ἡμέτερα
2535 661 2924 732 διασύροντες,
2969 656 3262 722 ἐϐάπτιζον
3313 655 3371 709 δέ
3422 657 3512 709 καὶ
3554 659 3664 723 τοὺς

2124 763 2321 822 παῖδας
2351 758 2554 824 αὐτῶν,
2591 757 2683 810 καὶ
2715 754 2850 822 ἄλλα
2879 751 3002 807 τινὰ
3038 752 3256 805 ἐποίουν
3285 750 3500 819 εὐσεϐῆ,
3523 751 3590 815 ὡς
3614 753 3669 806 ἂν

2123 853 2422 922 φαίνωνται
2463 854 2602 921 τάχα
2644 847 2915 919 ὀρθὸδοξοι
2944 861 2959 876 ·
2997 843 3160 913 φασὶν
3190 841 3280 896 οῦν
3329 842 3379 912 oi
3426 843 3667 912 Πατέρετ,

2129 947 2202 1015 μὴ
2233 945 2486 1016 δέχεσθαι
2514 942 2738 1003 τούτους
2769 941 2848 1002 είς
2876 936 3166 1001 κοινωνίαν
3190 934 3517 1003 οἱανδήτινα,
3550 935 3670 1003 μηδέ

2124 1040 2473 1108 παραχωρεῖν
2504 1037 2630 1096 τοὺς
2663 1033 2859 1094 παῖδας
2889 1030 3070 1083 αὐτῶν
3113 1025 3470 1099 βαπτίζεσθαι
3497 1064 3511 1086 ,
3555 1026 3672 1094 μηδέ

2123 1131 2311 1184 δοῦλον
2352 1126 2680 1198 Χριστιανὸν
2727 1123 3081 1192 ὁπωσδήποτε
3125 1119 3383 1180 κτᾶσθαι.
3424 1118 3552 1171 ἀλλὰ
3583 1138 3672 1186 φα-

2126 1223 2300 1290 νερῶς
2355 1220 2497 1274 κατά
2543 1221 2640 1287 τὴν
2674 1218 2783 1270 τῶν
2832 1214 3102 1284 Ἐϐραίων
3160 1211 3459 1283 θρησκείαν
3502 1211 3675 1272 αὐτοὺς

2126 1311 2527 1368 πολιτεύεσθαι.
2557 1312 2617 1363 El
2646 1309 2703 1363 δέ
2734 1326 2816 1368 τις
2841 1307 2898 1370 ἐξ
2929 1305 3111 1359 αὐτῶν
3137 1303 3242 1355 ἀπὸ
3265 1302 3367 1370 τῆς
3407 1300 3676 1367 Ἰουδαϊκῆς

2129 1404 2429 1473 θρησκείας
2485 1401 2618 1472 πρὸς
2669 1401 2767 1464 τὴν
2819 1395 3097 1466 ὀρθόδοξον
3149 1394 3333 1446 πίστιν
3384 1389 3676 1456 ἐπιστρέψει

2130 1495 2271 1566 μετά
2298 1493 2545 1564 καθαρᾶς
2577 1493 2869 1554 διαθέσεως
2903 1489 2997 1542 καὶ
3026 1488 3151 1539 ἄνευ
3175 1483 3441 1569 ἀνάγκης,
3529 1497 3678 1545 προσ-

2129 1586 2424 1650 ποιήσεως,
2492 1585 2587 1636 καὶ⁵
2641 1581 2970 1640 ἀποτάξεται
3003 1578 3115 1639 τοῖς
3153 1574 3470 1633 Ἰουδαϊκοῖς
3497 1571 3676 1634 ἔθεσιν,

2129 1677 2221 1730 καὶ
2277 1673 2553 1745 ὀλοψύχως
2608 1670 2966 1743 θριαμῦεύσει
3019 1667 3191 1728 αὐτὰ,
3238 1664 3336 1718 καὶ
3383 1663 3680 1733 ὁμολογήσει

2131 1770 2198 1822 τέι
2251 1767 2402 1836 παρά
2448 1784 2610 1818 τινων
2645 1765 2785 1817 κατᾶ
2819 1763 3019 1832 σκῆψιν
3051 1763 3335 1832 γινόμενα,
3375 1763 3467 1813 καὶ
3497 1762 3569 1819 εἰς
3598 1761 3683 1826 ἐμ-

2131 1860 2371 1929 παιγμὸν
2411 1849 2704 1927 ἀφορῶντα
2751 1856 2852 1924 τῆς
2900 1855 3136 1912 πίστεως
3175 1854 3283 1906 τῶν
3334 1850 3679 1922 Χριστιανῶν,

459 1949 850 2019 corrigantur:
887 1955 1004 2023 ipse
1033 1941 1087 2008 et
1115 1954 1236 2024 ejus
1271 1957 1427 2010 liberi
1462 1957 1524 2011 ad
1588 1957 2025 2010 communionem

2138 1954 2217 2022 ἐφ’
2252 1948 2295 2019 ᾧ
2330 1950 2612 2010 κάκείνους
2645 1949 2964 2018 ἐλεγχθῆναι
2992 1949 3085 2000 καὶ
3125 1945 3507 2016 διορθωθῆναι.
3534 1960 3682 2012 προσο

459 2045 845 2108 admittantur,
886 2057 937 2101 et
982 2049 1352 2117 baptizentur,
1401 2049 1618 2118 siprius
1643 2050 1885 2102 caverint
1916 2049 2029 2103 fore

457 2141 520 2204 ut
554 2150 583 2188 a
629 2131 1311 2192 Judaicistraditionibus
1343 2150 1397 2192 et
1448 2138 1646 2192 studiis
1697 2138 2026 2192 abstineant.

456 2223 597 2299 Nota
636 2225 802 2293 igitur
842 2227 942 2280 ista
993 2237 1214 2297 propter
1262 2228 1576 2283 sacerdotes
1628 2230 1717 2298 qui
1772 2230 2030 2283 Sarrace-

398 2342 403 2347 -
461 2309 658 2395 norum
692 2319 832 2372 filios
863 2309 1177 2390 baptizant;
1226 2331 1280 2376 et
1311 2322 1666 2392 baptismum,
1702 2325 1792 2392 qui
1824 2325 1891 2376 ab
1921 2323 2029 2376 illis

460 2419 685 2483 propter
740 2413 989 2479 corporis
1037 2414 1324 2466 sanitatem
1383 2415 1694 2482 expetitur,
1758 2431 1866 2468 non
1907 2431 2029 2469 esse

459 2497 881 2561 admittendum.
913 2505 1402 2571 Quadragesimum
1433 2525 1560 2563 vero
1583 2519 1836 2576 quartum
1869 2520 2033 2580 caput

463 2584 620 2663 primi
675 2597 757 2648 tit.
797 2598 955 2666 primi
994 2601 1088 2652 lib.
1144 2599 1309 2655 Basil.
1344 2602 1519 2669 inquit.
1552 2620 1565 2654 :
1595 2601 1813 2656 Judatus
1842 2605 1934 2670 qui
1967 2588 2031 2670 ise

461 2687 841 2766 tibi-istianum
873 2705 994 2744 esse
1025 2691 1162 2746 velle
1200 2709 1312 2762 pra:
1364 2709 1422 2748 se
1471 2693 1648 2748 ferens
1669 2735 1682 2756 ,
1714 2703 1772 2748 ut
1801 2696 1895 2765 qui
1932 2697 2029 2749 ad-

460 2794 656 2834 versus
687 2796 746 2834 se
773 2787 1186 2837 accusationem
1215 2786 1296 2839 vel
1334 2787 1505 2839 ιιιιιιιιί
1533 2791 1802 2840 actionem
1835 2803 2030 2856 exspe-

462 2879 594 2936 ctet,
626 2871 693 2926 ad
737 2874 1024 2928 ecclesiam
1053 2877 1321 2946 confugit,
1349 2877 1536 2933 debito
1562 2896 1664 2932 non
1702 2881 1906 2944 soluto,
1949 2881 2032 2935 vel

465 2976 495 3010 ιι
524 2960 756 3016 crimine
792 2950 1245 3028 nonabsolnlus,
1282 2983 1348 3019 ne
1379 2968 1721 3022 admittatur.
1762 2971 1954 3036 Quaere
1980 2979 2034 3025 et

464 3062 631 3120 caput
663 3053 733 3107 47
764 3055 1014 3124 ejusdem
1055 3058 1149 3112 lih.
1189 3068 1242 3112 et
1294 3060 1377 3113 tit.
1409 3057 1664 3115 :Judazus
1701 3063 2031 3132 mancipium

461 3135 834 3224 Christianum
873 3163 939 3203 ne
985 3149 1202 3216 habeat,
1256 3167 1354 3206 nec
1419 3154 1880 3209 eatechumcnum
1925 3155 2034 3211 cir-

2103 2039 2105 2046 ³
2133 2040 2385 2111 δέχεσθαι
2413 2039 2600 2092 τοῦτον
2624 2041 2716 2091 καὶ⁵
2739 2039 2862 2099 τοὺς
2887 2037 3082 2096 παῖδας
3099 2035 3261 2089 αὑτοῦ
3293 2037 3374 2094 είς
3397 2034 3681 2095 κοινωνίαν,

2134 2134 2228 2186 καὶ
2287 2131 2590 2202 βαπτίζειν,
2643 2128 3115 2197 ἀσφαλιζομένους
3161 2126 3391 2194 ἀπέχειν
3443 2124 3543 2175 ἀπὸ
3590 2123 3682 2173 τῶν

2145 2222 2452 2276 Ἰουδαϊκῶν
2474 2219 2826 2289 παραδόσεων
2845 2218 2940 2270 καὶ
2961 2216 3434 2286 ἐπιτηδευμάτων.
3459 2215 3528 2279 Ση
3537 2212 3686 2281 μείω-

2137 2335 2228 2371 σαι
2257 2316 2352 2370 οῦν
2374 2315 2545 2368 ταῦτα
2577 2313 2664 2365 διὰ
2695 2313 2820 2374 τοὺς
2846 2313 3011 2380 ἱερεῖς
3045 2309 3171 2371 τοὺς
3200 2307 3558 2378 βαπτίζοντας
3575 2303 3687 2366 τοὺς

2134 2411 2334 2472 παῖδας
2368 2409 2474 2459 τῶν
2515 2404 2853 2474 Ἀγαρηνῶν,
2906 2404 2998 2455 καλ⁵
3045 2403 3127 2455 ὅτι
3168 2402 3226 2454 τὸ
3269 2399 3361 2453 διὰ
3406 2397 3687 2468 θεραπείαν

2138 2501 2459 2572 σωματικὴν
2503 2499 2835 2570 ζητούμενον
2870 2498 2975 2550 ὑπὸ
3005 2496 3212 2548 τούτων
3244 2493 3528 2563 βάπτισμα
3558 2491 3684 2541 ἀπα-

2137 2594 2396 2666 ράδεκτόν
2424 2595 2562 2644 ἐστι.
2597 2592 2670 2642 Τὸ
2699 2591 2877 2658 μέντοι
2913 2589 2994 2657 μδ⁹
3040 2603 3163 2652 κεφ.
3191 2583 3283 2636 τοῦ
3316 2589 3363 2635 α’
3415 2582 3586 2634 τίτλον
3607 2577 3685 2631 τοῦ

2136 2696 2184 2742 α’
2230 2687 2434 2758 βιϐλίου
2479 2685 2585 2736 τῶν
2619 2683 2930 2760 Βασιλικῶν.
2961 2697 3126 2749 φησιν
3163 2694 3176 2708 °
3225 2676 3498 2737 Ἰουδαῖος.
3529 2674 3589 2726 τὸ
3613 2671 3686 2724 θέ-

2134 2781 2248 2832 λειν
2289 2775 2429 2831 εἶναι
2481 2774 2803 2843 Χριστιανὸς
2853 2769 3347 2836 προσποιούμενος.
3407 2766 3464 2828 ὃς
3492 2764 3572 2826 ἂν,
3603 2762 3687 2828 τὴν

2136 2874 2257 2926 κατ’
2303 2870 2466 2925 αὐτοῦ
2510 2866 2839 2936 κατηγορίαν
2875 2864 2908 2934 ἢ
2959 2865 3057 2932 τὴν
3102 2861 3210 2914 ἀπὸ
3248 2859 3446 2928 χρέους
3487 2853 3686 2922 ἀγωγὴν

2139 2961 2492 3031 παραμένων,
2528 2961 2593 3028 τῇ
2640 2955 2936 3026 Ἐκκλησία
2965 2952 3164 3023 φεύγῃ,
3200 2950 3273 3021 μὴ
3313 2946 3598 3018 πληρώσας
3629 2943 3688 2995 τά

2138 3056 2296 3124 χρέη,
2325 3055 2358 3124 ἢ
2392 3050 2776 3120 ἐλευθερωθεὶς
2801 3047 2895 3102 τοῦ
2925 3046 3288 3116 ἐγκλήματος,
3346 3041 3420 3112 μὴ
3452 3036 3688 3106 δεχέσθω.

2137 3150 2299 3218 Ζήτει
2330 3145 2387 3198 δέ
2421 3145 2482 3196 τὸ
2516 3140 2604 3207 μζ
2665 3160 2788 3209 κειρ.
2815 3139 2909 3192 τοῦ
2941 3137 3105 3190 αὑτοῦ
3141 3134 3351 3206 βισλίου
3378 3131 3470 3185 καὶ
3490 3129 3686 3182 τίτλον·

465 3237 764 3325 cmucidat,
795 3255 898 3295 nec
933 3241 1074 3297 alius
1107 3242 1396 3299 haereticus
1419 3243 1787 3322 Christianum
1818 3261 2032 3300 servum

2150 3241 2404 3301 Ἰουδαῖος
2453 3235 2782 3309 Χριστιανὸν
2831 3219 3160 3302 ἀνδράποδον
3207 3227 3282 3296 μὴ
3329 3225 3519 3296 ἐχέτω,
3569 3223 3687 3325 μήῗε

467 3310 683 3383 habeat.
749 3329 811 3385 Et
857 3347 982 3403 cap.
1039 3334 1106 3388 54
1143 3352 1160 3389 :
1201 3322 1580 3392 Samaritanus
1618 3319 1805 3390 autem
1856 3338 2036 3394 nullus

465 3432 688 3496 servum
726 3419 1100 3479 Christianum
1167 3426 1390 3482 habebit
1435 3445 1449 3481 :
1500 3412 1592 3482 sed
1636 3445 1758 3483 cum
1803 3411 2034 3497 priuatim

463 3527 591 3567 eum
622 3518 951 3584 possederit,
998 3521 1181 3574 statim
1237 3521 1290 3575 in
1338 3521 1642 3576 libertatem
1707 3525 2036 3580 vindicetur.

469 3604 528 3672 Si
560 3622 756 3661 servus
791 3620 973 3663 autem
1008 3611 1252 3676 ejusdem
1285 3628 1408 3665 cum
1463 3614 1581 3682 ipso
1611 3631 1880 3682 perversae
1916 3617 2038 3685 opi-

474 3698 659 3753 nionis
719 3701 902 3765 fuerit,
962 3703 1147 3757 licebit
1186 3707 1233 3758 ei
1270 3707 1638 3760 Christianam
1691 3702 2037 3777 amplectenti

467 3793 822 3872 opinionem,
884 3795 1069 3850 statim
1134 3797 1296 3851 etiam
1362 3799 1662 3852 Romanam
1731 3802 2038 3854 libertatem

471 3898 718 3953 assequi.

543 4060 797 4118 ZONAR.
861 4061 1094 4126 Quidam
1135 4080 1200 4120 ex
1243 4065 1450 4122 Judazis
1480 4081 1539 4122 se
1589 4067 1712 4122 ﬁdei
1745 4068 1925 4122 studio
1963 4075 2045 4122 te-

470 4148 610 4232 neri,
661 4142 1147 4228 Christianamque
1183 4159 1518 4228 religionem
1586 4161 1841 4229 amplecti
1885 4161 2040 4226 velle,

470 4239 809 4305 simulabant
845 4268 859 4304 :
888 4251 1170 4308 Christum
1201 4268 1330 4308 vero
1363 4253 1438 4307 illi
1479 4254 1915 4321 subsannabant,
1939 4257 2043 4310 hoc

467 4327 836 4422 est,Christo,
860 4335 1215 4413 privatim'ab
1249 4361 1314 4400 eo
1349 4346 1689 4407 deficientes.
1722 4348 2041 4414 illuslebant,

467 4423 634 4508 atque
661 4435 898 4492 Sabbata
931 4447 1145 4494 secreto
1169 4439 1449 4498 colebant.
1471 4449 1526 4494 et
1550 4442 1690 4494 alios
1725 4442 2040 4497 Judaaorum

467 4531 632 4595 ritus.
659 4532 862 4602 quippe
890 4541 950 4586 ut
981 4533 1220 4587 infantes
1246 4548 1375 4585 suos
1410 4533 1788 4600 praeciderent,
1810 4547 1921 4589 tum
1947 4536 2039 4606 qui

2139 3336 2550 3405 κατηχούμενον
2597 3327 2994 3399 περιτεμνέτω,
3049 3323 3188 3394 μήτε
3230 3319 3395 3381 ἄλλος
3438 3313 3689 3385 αίρετικὸς

2138 3424 2468 3496 Χριστιανὸν
2519 3418 2854 3488 ἀνδράποδον
2906 3415 3076 3486 ἐχέτω
3109 3431 3125 3448 ·
3185 3413 3279 3465 καὶ
3331 3409 3393 3462 τὸ
3453 3407 3525 3460 νδ⁹
3578 3417 3690 3496 utet-9.

2140 3491 2492 3585 Σαμαρείτης
2542 3511 2598 3562 δὲ
2633 3507 2807 3570 οὐδεὶς
2835 3504 3162 3576 Χριστιανὸν
3188 3501 3414 3568 οἰκέτην
3434 3497 3563 3561 ἕξει,
3589 3491 3688 3549 ἀλλ’

2140 3609 2260 3678 ἅμα
2312 3606 2389 3675 τῷ
2441 3599 2746 3672 κτήσασθαι
2795 3597 2983 3651 τοῦτον
3033 3594 3235 3656 εὐθέως
3276 3594 3360 3657 είς
3400 3587 3691 3655 ἐλευθερίαν

2141 3698 2509 3772 ἁρπάζεσθαι.
2546 3695 2607 3749 Εἰ
2639 3693 2697 3746 δὲ
2723 3693 2822 3762 τῆς
2855 3690 3047 3759 ὁμοίας
3069 3686 3218 3756 αύτῷ
3245 3686 3274 3738 ὁ
3299 3685 3518 3752 οἰκέτης
3547 3693 3691 3733 κακον

2142 3889 2355 3957 ζομένῳ
2402 3884 2562 3947 δόξαν
2595 3881 2755 3943 εὐθὺς
2786 3878 2880 3932 καὶ
2914 3879 3013 3946 τῆς
3052 3871 3375 3943 Ῥωμαῖκῆς
3421 3863 3692 3924 ἀπολαύειν

2141 3961 2501 4048 ἐλευθερίας..

2216 4070 2462 4126 ΖΩΝΑΡ.
2517 4066 2673 4129 Τινὲς
2732 4063 2972 4117 Ἰουδαῖοι
3015 4059 3391 4129 προσήρχοντο
3429 4052 3506 4122 τῷ
3537 4049 3691 4104 δοκεῖν

2141 4168 2206 4234 τῇ
2247 4136 2450 4223 πίστει,
2486 4165 2583 4212 καὶ
2611 4155 3038 4220 προσεποιοῦντο
3075 4150 3323 4220 γίνεσθαι
3355 4141 3689 4219 Χριστιανοί·

2145 4233 2342 4311 ἐκεῖνοι
2363 4256 2418 4308 δέ
2445 4251 2813 4323 ἐμυκτήριζον
2856 4247 2949 4300 τὸν
2983 4244 3250 4316 Χριστόν
3285 4243 3407 4295 ἀντὶ
3451 4237 3563 4303 τοῦ,
3591 4233 3693 4286 ἐνέ-

2147 4347 2342 4413 παιζον
2387 4345 2632 4416 κρυφίως
2680 4344 2840 4396 αὐτὸν
2875 4339 3221 4411 ἀρνούμενοι,
3271 4335 3368 4388 καὶ
3419 4331 3694 4400 λεληθότως

2145 4443 2213 4496 τὰ
2241 4441 2495 4495 Σάϐϐατα
2529 4438 2920 4507 φυλάσσοντες,
2967 4433 3064 4486 καὶ
3103 4430 3238 4486 ἄλλα
3281 4427 3547 4495 Ἰουδαῖκά
3593 4437 3692 4473 ποι·

2146 4534 2376 4596 οῦντες,
2425 4527 2534 4596 οἷον
2595 4527 3019 4599 περιτέμνοντες
3080 4523 3209 4584 τοὺς
3265 4521 3462 4586 παῖδας
3512 4514 3692 4576 αὐτῶν,

466 4610 701 4683 cadaver
730 4630 1026 4700 attigisset,
1055 4629 1150 4699 qui
1178 4631 1328 4698 lepra
1372 4629 1606 4684 infectus
1629 4639 1792 4692 esset,
1830 4629 1914 4683 cui
1957 4644 2034 4683 se-

2149 4626 2496 4694 ἁκαθάρτους
2527 4622 2822 4692 ἡγούμενοι
2853 4619 2980 4681 τοὺς
3014 4615 3206 4687 νεκροῦ
3236 4611 3692 4684 προσψαύσαντας,

468 4706 596 4796 inen
632 4720 900 4782 efﬂueret.
963 4713 1171 4791 quique
1232 4713 1502 4788 ejusmodi
1558 4721 1856 4791 quidquam
1898 4721 2044 4786 aliud

469 4801 692 4880 antiqua
746 4804 1118 4884 lege‘vetitum
1168 4814 1451 4878 fecissent,
1491 4823 1749 4883 tauquam
1797 4816 2045 4881 impuros

466 4898 883 4969 aversarentur,
928 4906 1254 4961 retinebant.
1334 4907 1612 4974 Ejusmodi
1671 4906 1836 4970 igitur
1867 4907 2046 4959 homi-

469 5010 590 5060 nes,
625 4985 841 5049 nec'ad
871 4997 1314 5051 communionem
1359 4997 1593 5061 admitti,
1649 5014 1748 5051 nec
1809 4999 1860 5050 in
1914 5011 2046 5053 con-

465 5093 692 5138 ventuin
745 5100 917 5140 sacrae
950 5088 1283 5156 precationis
1314 5087 1502 5154 recipi,
1543 5097 1655 5140 tum
1688 5087 1754 5138 ab
1802 5086 2046 5143 ecclesia:

466 5179 720 5248 ingressu
775 5180 1003 5235 omnino
1055 5182 1254 5245 arceri,
1301 5181 1766 5249 chraaorumque
1828 5197 2043 5236 rursum

470 5268 690 5340 publice
720 5273 964 5340 profiteri
1025 5259 1270 5336 sectam,
1315 5289 1417 5329 nec
1458 5275 1668 5330 liberos
1699 5277 1831 5332 s'uos
1870 5276 2047 5346 bapti-

469 5353 621 5424 zare.
653 5379 759 5419 nec
791 5366 924 5434 ipsis
950 5350 1288 5435 mancipium
1314 5367 1529 5420 emendi
1560 5365 1879 5422 facultatem
1902 5384 2044 5431 esse,

413 5488 432 5500 -
473 5455 719 5527 synodus
747 5457 921 5531 jubet.
954 5458 1330 5538 Christianum
1368 5460 1794 5538 2‘99’namque
1821 5476 2042 5514 servum

467 5548 692 5605 Iudaeus
749 5537 1034 5619 posside-re
1063 5550 1209 5604 civili
1247 5537 1469 5621 quoque
1524 5557 1639 5622 lege
1699 5553 2041 5623 prohibetur.

469 5641 574 5709 Qui
622 5653 805 5703 tamen
836 5659 899 5696 ex
933 5658 1123 5697 eorum
1159 5658 1388 5696 numero
1427 5642 1564 5697 forte
1594 5643 1751 5697 fidem
1810 5643 2046 5712 amplexi

474 5719 690 5800 ferent,
727 5751 916 5792 servos
940 5750 1124 5790 emere
1165 5734 1605 5790 Christianorum
1644 5752 1794 5790 more
1826 5738 2049 5806 permit-

472 5810 752 5903 tebantur.
791 5826 1064 5893 Quoniam
1112 5843 1242 5882 vero
1273 5827 1327 5880 id
1360 5827 1618 5880 simulate
1655 5827 1921 5895 :tgebattl',
1974 5826 2040 5879 id-

473 5921 621 5980 circo
655 5919 899 5988 Synodus
937 5911 1156 5978 servum
1185 5922 1253 5976 iis
1295 5935 1500 5984 emere,
1548 5931 1639 5973 aut
1682 5919 1838 5974 aliter
1872 5920 2047 5982 possi-

2149 4720 2245 4772 καὶ
2308 4718 2432 4779 τοὺς
2467 4716 2723 4786 λεπροὺς,
2778 4713 2871 4765 καὶ
2916 4710 3044 4773 τοὺς
3082 4710 3417 4778 γονορρυεϊς,
3458 4704 3549 4757 καὶ
3577 4699 3695 4755 ἄλλα
3745 4699 3748 4702 ’

2146 4805 2390 4868 τοιαῦτα,
2436 4805 2536 4857 ὅσα
2583 4803 2661 4872 τῷ
2706 4801 2923 4870 παλαιῷ
2954 4801 3326 4868 ἀπηγόρευται
3370 4799 3538 4865 νόμῳ.
3570 4792 3717 4850 Τοϋςε

2149 4899 2280 4968 γοῦν
2313 4899 2588 4959 τοιούτους
2620 4896 2817 4965 ὥρισεν
2847 4896 2879 4964 ὴ
2916 4893 3132 4955 σύνοδος
3150 4894 3286 4963 μήτε
3323 4892 3402 4953 είς
3433 4884 3694 4956 κ(,ι“)(ιξνί3.ν

2149 4991 2426 5062 δέχεσθαι,
2471 4991 2606 5060 μήτε
2657 4985 3012 5057 συνεύχεσθαι
3045 4985 3248 5047 αὐτοῖς,
3305 4985 3443 5052 μήτε
3476 4979 3602 5035 ὅλως
3628 4974 3694 5054 εἰς

2149 5083 2450 5152 ἐκκλησίαν
2497 5081 2726 5134 εἰσιέναι
2771 5080 3142 5147 παραχωρεῖν,
3173 5072 3394 5128 εἷναιδέ
3435 5067 3694 5138 Ἐὕραὶους

2151 5177 2244 5229 καὶ
2292 5175 2448 5236 αὖθις
2481 5173 2619 5225 κατά
2659 5173 2718 5224 τὸ
2757 5170 3013 5240 φανερὸν,
3068 5168 3161 5221 καὶ
3205 5167 3340 5237 μηδέ
3371 5167 3492 5224 τοὺς
3519 5155 3694 5213 παῖδας

2149 5269 2330 5324 αὐτῶν
2372 5267 2676 5337 βαπτίζειν,
2727 5267 2863 5334 μήτε
2913 5263 3259 5332 παραχωρεῖν
3312 5260 3491 5317 αὐτοῖς
3531 5249 3694 5304 δοῦλον

2148 5359 2426 5414 ὠνεῖσθαι.
2476 5360 2550 5411 Τὸ
2591 5360 2696 5427 γὰρ
2741 5356 3066 5427 Χριστιανὸν
3113 5350 3442 5423 ἀνδράποδον
3482 5343 3692 5399 κτᾶσθαι

2161 5455 2412 5508 Ἰουδαῖον
2443 5453 2536 5505 xui.
2580 5455 2608 5505 ὁ
2640 5450 2914 5510 πολιτικὸς
2945 5447 3142 5502 κωλύει
3173 5446 3352 5514 νόμος.
3388 5442 3452 5494 Οἱ
3495 5437 3548 5490 δὲ
3571 5434 3692 5498 τάχα

2149 5551 2214 5618 τῇ
2249 5547 2430 5598 πίστει
2464 5543 2855 5613 προσελθόντες
2875 5541 2949 5603 ὼς
2967 5536 3281 5609 Χριστιανοὶ
3301 5534 3398 5586 οὐκ
3420 5526 3693 5618 ἐκωλύοντο

2149 5639 2370 5698 δούλους
2417 5635 2696 5691 ὠνεῖσθαι.
2766 5635 2917 5687 Ἐπεὶ
2958 5633 3014 5684 δὲ
3065 5625 3508 5698 ὑποκεκριμένως
3553 5627 3691 5668 τουτο

2151 5731 2390 5796 ἐποίουν,
2425 5730 2645 5801 φησὶνὴ
2679 5728 2892 5788 σύνοῖος
2924 5727 2995 5796 μὴ
3039 5724 3239 5788 ἐξεῖναι
3280 5721 3463 5778 αὐτοῖς
3495 5711 3688 5801 δούλουι

2151 5825 2429 5885 ὠνεῖσθαι,
2465 5822 2497 5893 ἦ
2523 5822 2695 5883 ἄλλως
2727 5819 2978 5883 κτᾶσθαι,
3006 5821 3066 5870 ἐκ
3090 5817 3294 5882 δωρεᾶς
3320 5809 3496 5877 τυχδνν
3515 5800 3687 5893 ἧῗάντξ

2154 5915 2482 5980 αλλαγῆς,ἢ
2546 5915 2716 5977 ἑτέρω
2747 5913 2952 5974 τρόπω.
2991 5912 3047 5962 t-zz
3080 5908 3134 5962 δὲ
3181 5909 3238 5973 εξ
3282 5882 3690 5966 εἰλικρινοῠςκαι
