3972 6488
259 464 361 530 917

1273 469 1355 529 ΙΝ
1409 470 1575 533 CAN.
1618 473 1704 532 1X
1740 474 1949 534 GONC.
1975 476 2087 537 VII
2120 475 2479 549 (ECUMEN.

3395 480 3501 543 918

259 578 514 647 καθαρᾶς
535 578 793 645 πίστεως,
811 578 934 636 ἀντὶ
954 577 1073 645 τοῦ,
1087 578 1343 653 καθαρῶς
1359 582 1452 635 καὶ
1467 585 1564 636 ἀνυ
1573 585 1837 654 ποκρίτως

1952 588 2094 653 dere,
2144 590 2437 645 donatione
2473 590 2754 651 nimirum.
2809 599 2903 645 aut
2932 588 3369 661 permutatione,
3412 599 3507 643 aut

260 674 591 739 πιστεύσας,
619 674 938 744 ἐπιστρέψει
968 693 1052 738 τις
1081 676 1261 728 αὐτῶν
1293 674 1388 728 καὶ
1419 676 1743 746 ὁμολογήσει
1778 678 1838 742 ἐξ

253 766 392 834 ὅλης
424 765 674 836 καρδίας,
717 756 839 819 ἀντὶ
871 766 993 832 τοῦ,
1015 768 1084 821 τὰ
1113 767 1251 821 αὐτὰ
1283 769 1412 837 ἡμῖν
1447 769 1615 835 λέγει,
1646 771 1739 822 καὶ
1769 772 1839 823 τὰ

258 856 366 927 ἔθη
393 858 460 910 τὰ
489 859 668 910 οἰκεῖα
698 859 792 912 καὶ
823 859 935 912 ’ὅσα
965 860 1266 930 πράττουσι
1298 860 1643 929 θριαμϐεύει,
1672 862 1838 930 ἤγουν

250 953 346 1013 εἰς
369 951 429 1003 τὸ
458 949 691 1018 φανερὸν
724 952 1043 1020 προτίθησι,
1077 952 1170 1003 καὶ
1199 952 1505 1006 συντίθεται
1540 954 1613 1021 μὴ
1643 955 1834 1015 ποιεῖν,

257 1042 410 1096 ὥστε
441 1043 536 1095 καὶ
564 1043 741 1106 ἄλλως
766 1044 1093 1112 ἐλεγχθῆναι
1141 1044 1475 1112 όμοπίστους
1514 1043 1683 1113 αὐτῷ,
1740 1047 1837 1097 καὶ

248 1132 620 1203 διορθωθῆναι
672 1135 763 1188 τὸν
785 1134 1025 1189 τοιοῦτον
1065 1136 1460 1205 προσδέχεσθαι.
1501 1137 1594 1189 καὶ
1633 1136 1857 1205 βαπτίον

254 1226 405 1291 ζειν,
440 1228 533 1279 καὶ
565 1228 763 1289 παῖδας
793 1228 981 1289 αὑτοῦ,
1033 1229 1126 1281 καὶ
1158 1228 1404 1298 ἀκριϐῶς
1434 1229 1722 1299 προσέχειν
1743 1231 1837 1281 αύ-

251 1320 400 1379 τοῖς,
452 1316 591 1370 ῶστε
637 1318 941 1386 ἀποστῆναι
979 1319 1087 1371 τῶν
1121 1320 1429 1389 Ἑϐραϊκῶν
1468 1321 1837 1389 ἐπιτηδευμά-

253 1424 417 1461 των·
447 1409 622 1467 ἄλλως
680 1409 735 1461 δὲ
786 1410 983 1473 αὐτοὺς
1039 1410 1113 1481 μὴ
1163 1412 1581 1481 προσδέχεσθαι.
1648 1413 1757 1463 Καὶ
1806 1415 1833 1464 ὁ

253 1505 441 1569 μέγας
472 1501 527 1553 δὲ
564 1502 844 1565 Βασίλειος
864 1505 919 1555 ἐν
944 1503 1179 1573 πέμπτῳ
1212 1505 1417 1569 κανόνι,
1453 1505 1588 1567 Τοὺς
1618 1522 1838 1572 μετανο-

247 1593 459 1655 οῦντας
492 1593 588 1654 δεῖ,
635 1595 798 1660 φησὶ,
840 1594 1090 1663 δέχεσθαι
1123 1610 1137 1625 ⁸
1173 1596 1273 1648 οὐκ
1317 1596 1554 1665 ἀκρίτως
1584 1596 1661 1658 δὲ,
1699 1597 1835 1649 ἀλλὰ

252 1685 590 1753 δοκιμάζειν
643 1687 691 1736 εἰ
771 1686 986 1755 ἀληθῶς
1042 1688 1133 1739 καὶ
1189 1687 1423 1757 γνησίως
1489 1689 1832 1757 μετανοούσι.

261 1777 382 1828 Καὶ
414 1776 441 1826 ό
475 1777 753 1840 πολιτικὸς
799 1779 962 1846 νόμος
1018 1778 1222 1846 πολλὴν
1260 1781 1535 1832 ποιεῖσθαι
1588 1779 1835 1845 θεσπίζει

260 1868 400 1934 περὶ
453 1869 560 1921 τῶν
614 1873 1076 1940 ⁸προσερχομένων
1136 1871 1410 1925 Ἰουδαίων
1456 1872 1555 1943 τὴν
1611 1874 1835 1943 ἀκριϐο-

246 1958 470 2022 λογίαν.

1942 680 2044 733 alia
2075 696 2401 749 quacunque
2452 684 2669 739 ratione
2707 684 3019 753 qumsitum,
3082 684 3306 737 minime
3340 684 3504 738 licere

1944 772 2209 825 decernit.
2246 772 2401 838 Quod
2434 774 2476 828 si
2507 789 2696 828 eorum
2728 775 3000 845 quiSpiam
3036 791 3101 830 ex
3132 792 3266 845 pura
3295 786 3348 829 et
3385 776 3502 830 sin-

1940 878 2063 913 cera
2094 862 2217 927 fide,
2249 864 2351 916 hoc
2377 874 2480 927 est,
2512 880 2648 933 puro
2680 865 2863 919 animo
2894 875 3054 932 atque
3090 866 3237 919 omni
3272 863 3502 919 simula-

1942 953 2088 1005 tione
2116 953 2355 1017 sublata,
2376 953 2499 1007 fidei
2534 956 2807 1025 mysteriis
2839 971 3102 1011 assensus
3127 964 3501 1017 convertatur,

1940 1052 2105 1112 atque
2130 1059 2195 1097 ex
2229 1054 2342 1099 toto
2369 1047 2537 1100 corde
2567 1047 2911 1120 confiteatur,
2944 1047 3048 1101 hoc
3078 1056 3181 1112 est,
3218 1048 3500 1101 nobiscum

1941 1135 1993 1187 in
2018 1136 2275 1192 omnibus
2299 1139 2458 1206 plane
2484 1142 2817 1203 consentiat,
2838 1152 2892 1194 et
2918 1141 2981 1195 de
3010 1156 3232 1195 suorum
3258 1143 3504 1193 moribus

1942 1243 2005 1280 ac
2042 1228 2306 1282 institutis
2339 1231 2646 1298 quibusque
2686 1232 3018 1301 triumphum
3053 1241 3203 1300 agat,
3259 1232 3362 1285 hoc
3398 1242 3503 1294 est,

1940 1333 1997 1371 se
2032 1318 2164 1371 nihil
2191 1320 2369 1374 simile
2399 1322 2667 1375 facturum
2694 1334 2876 1391 aperte
2904 1321 3220 1392 profiteatur
3255 1337 3318 1385 ac
3344 1336 3506 1389 spon-

1938 1412 2085 1473 deat,
2126 1421 2183 1465 ut
2212 1430 2277 1467 ex
2305 1430 2371 1468 eo
2402 1413 2490 1468 alii
2527 1431 2744 1485 quoque
2795 1417 2998 1469 erroris
3036 1417 3169 1469 socii
3204 1415 3507 1469 refutentur

1940 1517 2003 1556 ac
2041 1505 2368 1573 resipisrant
2388 1524 2401 1560 :
2422 1509 2630 1561 admitti
2652 1509 2950 1572 hominem,
2978 1508 3267 1577 ipsumque
3290 1516 3343 1561 et
3367 1507 3507 1560 liiios

1943 1581 2230 1665 baptizari,
2284 1598 2639 1668 Studioseque
2681 1600 2849 1668 ipsos,
2900 1608 2957 1651 ut
3005 1600 3073 1652 ab
3128 1596 3407 1651 Hebraicis
3447 1612 3506 1657 se

1938 1686 2205 1742 institutis
2252 1689 2580 1759 abjungant,
2628 1690 2941 1755 observari;
2977 1705 3135 1744 secus
3169 1690 3393 1742 omnino
3425 1704 3510 1741 re-

1939 1779 2064 1849 pelli
2109 1780 2308 1849 placet.
2365 1780 2593 1850 lllagnus
2628 1798 2756 1835 vero
2786 1783 2949 1835 etiam
2990 1781 3230 1837 Basilius
3260 1821 3275 1845 ,
3315 1781 3508 1848 quinto

1940 1888 2184 1929 canone:
2214 1875 2383 1941 Quos,
2416 1877 2630 1945 inquit,
2665 1874 2835 1928 errati
2880 1874 3133 1943 poenitet,
3189 1870 3506 1926 admittendi

1936 1977 2103 2021 sunt:
2146 1983 2250 2021 non
2286 1977 2466 2022 tamen
2506 1970 2573 2025 iis
2607 1978 2811 2023 temere
2854 1967 3098 2022 habenda
3126 1966 3280 2029 ﬁdes,
3314 1964 3405 2018 sed
3440 1978 3507 2015 an

249 2067 389 2104 vere
417 2068 510 2108 eos
543 2064 594 2108 et
629 2057 903 2109 exanimo
948 2056 1211 2126 paeniteat
1292 2059 1480 2113 sedqu
1536 2056 1999 2128 cognoscendum.
2068 2059 2141 2113 De
2197 2058 2405 2116 Iudaeis
2461 2061 2671 2124 itidem,
2738 2070 2799 2115 ut
2853 2074 2965 2114 non
3050 2058 3156 2113 nisi
3220 2058 3511 2127 diligenter

249 2151 557 2204 examinati
595 2151 917 2221 probatique
966 2154 1325 2223 recipiantur,
1378 2154 1555 2208 civilia
1604 2170 1820 2224 quoque
1850 2153 1969 2223 jura
2015 2156 2341 2211 decernunt.

248 2241 481 2295 ΑΡΙΣΤ.
546 2261 565 2295 ι
619 2243 904 2313 Ἐϐραίους
974 2245 1047 2314 μὴ
1116 2246 1315 2315 χρῆναι
1404 2245 1823 2315 προσδέχεσθαι.

338 2354 358 2386 ι
407 2335 454 2386 εί
499 2335 572 2404 μὴ
628 2335 902 2404 φαίνοιντο
954 2336 1012 2401 ἐξ
1060 2336 1390 2408 εἰλικρινοῦς
1437 2318 1659 2406 καρδίας
1707 2337 1826 2389 ἐπι-

338 2443 359 2475 (
404 2426 744 2495 στρέψοντες.
794 2445 811 2478 ι
860 2427 1089 2495 Σαρής.

860 2519 1101 2571 ΚΑΝΩΝ

262 2630 282 2660 ι
337 2610 519 2663 Πάντα
580 2610 647 2663 τὰ
698 2610 1035 2680 μειρακιώδη
1083 2611 1376 2680 ἀθύρματα
1432 2614 1526 2663 καὶ
1582 2609 1829 2681 μανιώδη,

338 2721 358 2751 ‹
406 2700 782 2771 βακχεύματα,
821 2701 888 2753 τὰ
931 2701 1542 2772 ψευδοσυγγράμματα,
1570 2701 1638 2754 τὰ
1690 2700 1827 2753 κατὰ

338 2810 357 2842 ι
402 2792 511 2844 τῶν
534 2791 747 2844 σεπτῶν
777 2792 1001 2845 εἰκόνων
1029 2793 1311 2862 γινόμενα,
1341 2782 1458 2846 δέον
1494 2793 1714 2861 δοθῆναι
1750 2792 1825 2861 τῷ

340 2903 361 2934 ι
404 2884 741 2953 ἐπισκοπείῳ
798 2884 1439 2949 Κωνσταντινουπόλεως,
1489 2886 1572 2938 ἴνα
1631 2886 1831 2937 ἀποτεο

340 2996 359 3026 ι
407 2976 537 3030 θῶσι
578 2976 717 3044 μετὰ
758 2976 864 3028 τῶν
906 2976 1111 3029 λοιπῶν
1143 2978 1435 3047 αἱρετικῶν
1468 2977 1690 3047 βιϐλίων
1719 2993 1733 3007 ’
1780 2980 1831 3031 εἰ

341 3088 360 3119 ι
410 3069 465 3121 δέ
495 3086 574 3131 τις
601 3067 844 3138 εὑρεθείη
876 3068 1043 3121 ταῦτα
1073 3069 1348 3138 κρύπτων,
1381 3070 1430 3121 εί
1472 3070 1571 3137 μὲν
1607 3070 1832 3122 ὲπίσκου

339 3180 358 3212 ι
408 3178 509 3223 πος
566 3164 597 3231 ῆ
653 3162 1030 3232 πρεσϐύτερος
1086 3162 1118 3230 ἢ
1171 3161 1420 3223 διάκονος
1474 3161 1584 3231 εἴη,
1640 3162 1833 3215 καθαι-

338 3273 357 3304 ‹
410 3254 645 3320 ρείσθωο
704 3255 750 3305 εἰ
818 3253 875 3305 δὲ
952 3254 1135 3316 λαῖκὸς
1194 3255 1226 3323 ἢ
1298 3255 1575 3325 μοναχὸς,
1629 3257 1828 3327 ἀφορι-

334 3365 355 3395 ‹
407 3346 597 3409 ςέσθω.
641 3365 659 3397 ι
1852 3373 1895 3429 c

332 3439 528 3491 ΒΑΛΣ.
571 3440 684 3507 Τῆς
726 3439 832 3492 τῶν
877 3442 1500 3511 Χριστιανοκατηγόρων
1552 3440 1673 3509 ἦτοι
1719 3439 1826 3492 τῶν

259 3532 660 3584 εἰκονοκαυτῶν
713 3532 972 3601 αἱρέσεως
1023 3532 1377 3602 κρατησάσης
1433 3533 1525 3585 ἐπὶ
1577 3531 1738 3596 πολὺ,
1784 3534 1832 3584 oi.

256 3623 441 3693 ταύτῃ
491 3623 907 3692 προσκείμενοι,
957 3624 1045 3676 διὰ
1098 3624 1328 3692 γραφῶν
1380 3625 1479 3686 τὰς
1525 3624 1669 3677 κατὰ
1722 3624 1832 3675 τῶν

260 3717 441 3783 ἁγίων
463 3716 686 3767 είκόνων
712 3715 1059 3785 βλασεημίας
1080 3714 1256 3767 αὐτῶν
1286 3706 1646 3786 ὲστήλίτευον.
1665 3717 1833 3769 Φασὶν

258 3801 358 3861 οὖν
385 3807 435 3858 οἱ
469 3805 964 3876 Πατέρεςηόφείλειν
996 3806 1198 3869 ταύτας
1244 3806 1462 3875 δοθῆναι
1510 3806 1595 3875 ἐφ’
1625 3801 1669 3875 ᾧ
1700 3810 1834 3860 ἀπο-

260 3897 505 3950 τεθεῖναι
563 3899 620 3949 ὲν
664 3896 744 3966 τῷ
797 3896 1135 3967 ὲπισκοπείῳ
1180 3897 1277 3967 τῆς
1321 3898 1834 3951 Κωνσταντινουπός-

262 3991 427 4053 λεως,
476 3990 604 4067 ἔνθα
657 3991 980 4043 ἀπόκεινται
1027 3990 1121 4042 καὶ
1176 3991 1244 4043 τὰ
1280 3990 1442 4044 λοιπὰ
1496 3992 1675 4061 βιϐλία
1724 3992 1834 4045 τῶν

265 4082 588 4151 αἱρετικῶν.
621 4081 759 4143 Τοὺς
801 4076 1242 4151 δὲνκρύπτοντας
1274 4082 1465 4144 ταῦτα,
1502 4082 1833 4152 ίερωμένους

271 4174 373 4243 μὲν
400 4172 585 4237 ὄντας,
617 4174 1017 4242 καθαιρεῖσθαι,
1049 4175 1271 4236 λαῖκοὺς
1305 4174 1361 4226 δὲ
1414 4174 1508 4227 καὶ¹
1545 4174 1836 4245 μοναχοὺς,

270 4265 650 4333 ἀφορίζεσθαι.
690 4265 884 4327 Καλῶς
931 4265 987 4318 δὲ
1034 4265 1327 4334 ὠνόμασαν
1373 4267 1423 4319 οἱ
1479 4267 1740 4335 Πατέρες-
1770 4266 1839 4318 τα

267 4355 497 4408 τοιαῦτα
531 4356 938 4425 συγγράμματα
967 4357 1301 4426 μειρακιώδη
1327 4357 1643 4427 ἀθύρματα,
1673 4358 1838 4427 ἦγουν

268 4446 517 4516 νηπιώδη
570 4447 796 4513 παίγνια
850 4447 942 4500 καὶ
999 4448 1242 4518 μανιώδη
1293 4447 1671 4519 βακχεύματα,
1720 4450 1838 4520 ἤτοι

272 4538 619 4607 μαινομένων
669 4538 886 4608 βακχῶν
944 4538 1315 4609 φλυαρήματα
1344 4557 1357 4570 ⁸
1414 4541 1497 4593 ὅτι
1547 4540 1836 4593 εὐδιάλυτα

269 4633 367 4684 καὶ
406 4610 802 4684 εύκατάσειστά
831 4632 968 4684 εἰσιν
998 4631 1071 4694 ὡς
1120 4632 1190 4684 τὰ
1220 4631 1332 4684 τῶν
1364 4631 1666 4702 μειρακίων
1701 4632 1836 4684 παίο

1934 2244 2162 2299 AlllST.
2209 2266 2227 2300 ι
2264 2247 2519 2322 Hebraeos
2576 2249 2861 2302 admittere
2922 2262 3028 2302 non
3081 2254 3332 2313 oportet,
3403 2246 3506 2301 nisi

2005 2354 2023 2385 ι
2072 2353 2165 2390 eos
2199 2338 2414 2394 sincero
2438 2343 2601 2395 corde
2626 2355 2923 2394 conversos
2957 2356 3075 2395 esse
3114 2338 3443 2394 cons:iterit.
3480 2356 3499 2390 ι

2008 2428 2362 2505 Perspicuus._

2521 2524 2750 2581 CANON
2814 2525 2906 2579 IX.

1939 2636 1957 2668 ι
1989 2618 2222 2671 Puerilia
2249 2618 2428 2672 omnia
2454 2619 2684 2672 ludibria
2710 2619 3021 2688 furiosaque
3043 2619 3183 2673 dicta
3205 2633 3266 2672 ac
3287 2618 3510 2685 scripta,

2016 2728 2034 2759 ‹
2082 2725 2203 2777 quae
2292 2710 2556 2764 adversus
2619 2709 2954 2763 venerabiles
3030 2688 3296 2775 imagines
3366 2708 3509 2761 edita

2009 2821 2026 2852 ι
2069 2809 2220 2866 sunt,
2256 2798 3307 2871 episcopioConstantinOpolitanotradi
3339 2813 3505 2863 opor-

2007 2912 2027 2946 ι
2076 2902 2172 2958 tet,
2225 2904 2281 2946 ut
2311 2910 2435 2948 cum
2469 2895 2693 2963 reliquis
2726 2893 2997 2947 incrcticis
3033 2893 3189 2945 libris
3227 2891 3510 2960 deponan—

2008 3002 2026 3031 ι
2074 2992 2183 3034 tur.
2252 2981 2306 3035 Si
2337 2981 2461 3050 quis
2486 2990 2665 3033 autem
2693 2981 2807 3034 haec
2833 2981 3009 3034 celare
3036 2981 3289 3034 inventus
3324 2978 3509 3039 fuerit.

2017 3092 2036 3125 ι
2082 3075 2125 3128 si
2161 3073 2376 3143 quidem
2409 3074 2696 3142 episc0pus
2720 3073 2800 3126 vel
2827 3073 3107 3142 presbyter
3134 3074 3215 3127 vel
3246 3072 3509 3125 diaconus

2014 3183 2033 3216 ι
2078 3165 2168 3228 sit,
2202 3164 2540 3233 deponatur:
2586 3166 2668 3219 sin
2698 3179 2824 3218 vero
2860 3163 3033 3219 laicus
3065 3166 3145 3219 vel
3187 3163 3510 3225 monachus,

2013 3273 2032 3306 ι
2077 3264 2407 3326 segregetur.
2436 3275 2453 3306 ι

2008 3435 2205 3489 BALS.
2257 3435 2391 3489 Cum
2432 3435 2871 3489 Christianorum
2934 3435 3174 3490 hostium
3233 3450 3330 3489 seu
3375 3434 3511 3488 ima-

1938 3528 2123 3597 ginum
2162 3537 2479 3581 exustorum
2531 3527 2622 3580 diu
2667 3527 2988 3579 invaluissi't
3024 3526 3268 3590 haeresis,
3319 3528 3411 3595 qui
3462 3525 3514 3580 cl

1939 3619 2312 3681 adhaerebant,
2367 3634 2496 3673 suas
2539 3618 2803 3673 adversus
2832 3633 3023 3679 sacras
3059 3619 3322 3687 imagines
3366 3619 3515 3672 blas-

1939 3712 2187 3781 phemias
2215 3711 2407 3765 litteris
2448 3711 2804 3765 mandabant.
2879 3709 3078 3765 Dicunt
3125 3727 3254 3779 ergo
3296 3709 3512 3776 Patres,

1940 3819 2031 3857 eas
2056 3803 2251 3857 debere
2297 3804 2457 3862 tradi.
2510 3812 2568 3855 ut
2609 3802 2660 3855 in
2696 3802 2977 3871 episcopio
3008 3801 3515 3870 Constantinopoli-

1938 3902 2069 3947 tano
2121 3903 2479 3963 reponantur,
2541 3894 2630 3948 ubi
2676 3905 3018 3963 reponuntur
3052 3894 3246 3965 reliqui
3297 3908 3516 3963 quoque

1942 3985 2063 4040 libri
2097 3986 2513 4040 haareticorum:
2560 4000 2656 4040 eos
2683 3994 2884 4049 autem,
2922 3985 3015 4054 qui
3056 3986 3167 4039 haec
3197 3986 3517 4050 celaveriut,

1942 4078 1984 4132 si
2025 4079 2241 4147 quidem
2293 4078 2465 4132 sacris
2514 4077 2802 4134 ordinibus
2842 4078 3041 4132 initiati
3086 4078 3217 4140 sint,
3276 4077 3515 4146 deponi;

1942 4171 2027 4223 sin
2056 4184 2183 4223 vero
2213 4169 2336 4223 laici
2366 4170 2449 4226 vel
2478 4168 2752 4233 monachi,
2786 4169 3087 4239 segregari.
3132 4170 3297 4227 Recte
3331 4179 3513 4223 autem

1941 4261 2133 4316 Patres
2186 4260 2456 4330 ejusmodi
2511 4262 2714 4327 scripta
2769 4261 3121 4315 nominarunt
3168 4263 3398 4331 puerilia
3434 4262 3516 4314 ln-

1941 4353 2141 4417 dibria,
2190 4353 2294 4407 hoc
2331 4362 2435 4418 est,
2464 4351 2672 4407 ludicra
2706 4368 3002 4423 puerorum
3039 4353 3433 4406 oblectamenta
3465 4361 3517 4407 et

1942 4446 2131 4500 insana
2162 4461 2225 4499 ac
2258 4445 2514 4500 baccbica
2566 4460 2848 4514 responsa,
2882 4445 3272 4498 insanientium
3303 4446 3516 4499 scilicet

1942 4538 2274 4592 baecharum
2305 4552 2514 4605 nugas;
2546 4536 2672 4605 quia
2701 4546 2828 4591 sunt
2856 4537 3036 4589 solutu
3072 4534 3249 4589 facilia
3280 4544 3336 4589 et
3367 4535 3517 4589 nullo
3569 4547 3579 4557 '

1944 4629 2163 4698 negotio
2213 4628 2636 4692 labefactabilia,
2702 4636 2759 4681 ut
2816 4642 3107 4696 puerorum
3156 4626 3413 4691 ludibria,
3463 4638 3518 4681 et

268 4740 419 4789 γνια,
458 4722 549 4773 καὶ
578 4721 933 4788 ἁξιογὲλαστα
963 4722 1037 4785 ὡς
1072 4722 1138 4776 τὰ
1181 4723 1288 4775 τῶν
1323 4725 1666 4793 μαινομένων
1703 4725 1837 4795 ἔργα

1952 4722 2171 4775 ridicula
2206 4729 2265 4773 ut
2299 4720 2629 4776 furiosorum
2655 4729 2707 4775 et
2728 4720 3007 4776 ebriorum
3041 4735 3228 4789 opera.
3295 4719 3519 4773 Baccha:

267 4817 367 4869 καὶ
406 4815 736 4884 μεθυόντων.
768 4815 833 4867 At
870 4813 1070 4884 βάκχαι
1104 4814 1213 4885 γὰρ
1263 4816 1413 4884 χοροὶ
1457 4810 1600 4882 ἦσαν
1648 4833 1836 4883 μαινο-

272 4912 451 4971 μένων
495 4907 752 4975 ἑπόμενοι
798 4906 877 4975 τῷ
910 4906 1094 4977 ὲφόρῳ
1134 4907 1234 4976 τῆς
1287 4906 1456 4977 μέθης
1506 4906 1865 4977 ψευδωνύμως

269 4998 380 5066 θεῷ
408 4997 486 5067 τῷ
515 4998 771 5066 Διονύσῳ.
804 4999 864 5050 Οἱ
904 4997 1088 5065 μέντοι
1118 4998 1272 5066 νόμοι
1297 4997 1365 5050 τὰ
1404 4997 1513 5050 τῶν
1540 4999 1837 5066 αἱρετικῶν

272 5091 455 5159 βιόλία
481 5090 801 5161 διορίζονται
827 5089 1098 5142 καίεσθαι.
1134 5092 1241 5143 Καὶ
1279 5090 1431 5160 ζήτει
1459 5108 1584 5159 κεφ.
1626 5098 1673 5156 γ’
1734 5092 1827 5143 τοῦ

275 5179 342 5249 ιβ’
372 5180 548 5232 τίτλου
601 5178 694 5230 τοῦ
728 5179 994 5249 παρόντος
1026 5180 1422 5247 συντάγματος,
1450 5181 1540 5233 καὶ
1584 5182 1838 5251 εὑρήσεις

271 5274 333 5323 ἐν
387 5270 536 5341 αύτῷ
583 5271 1009 5341 κατεστρωμένα
1051 5288 1177 5335 κεφ.
1221 5272 1452 5340 διάφορα
1505 5271 1661 5325 τοῦτο
1708 5272 1840 5324 αὐτὸ

274 5361 784 5431 παρακελευόμενα.
826 5360 982 5413 Εἴποι
1010 5360 1074 5413 δέ
1119 5378 1221 5423 τις,
1257 5362 1335 5413 Δι’
1366 5362 1431 5431 ἣν
1477 5362 1658 5414 αἰτίαν
1686 5364 1713 5414 ὁ
1742 5362 1859 5436 μὲν⁸

276 5452 464 5507 κλνὼν
510 5453 577 5505 τὰ
606 5453 714 5505 τῶν
767 5453 1387 5521 Χριπιανοκατηγόρων
1435 5452 1615 5522 βιϐλία
1652 5453 1842 5505 ἀποτί-

274 5545 469 5597 θεσθαι
518 5545 574 5596 ὲν
619 5544 696 5612 τῷ
746 5544 1078 5610 ἐπισκοπείῳ
1120 5544 1434 5610 διορίζεται,
1482 5546 1528 5595 οἱ
1580 5544 1732 5613 νόμοι
1786 5544 1843 5595 δὲ

278 5636 532 5690 καίεσθαι
568 5636 741 5689 ταῦτα
776 5637 1101 5706 διορίζονται
1124 5636 1358 5701 ;·Λύσις.
1391 5637 1600 5689 Ταυτόν
1633 5638 1750 5688 ἐστι
1783 5638 1844 5689 τὸ

279 5729 648 5797 καυθῆναιτά
692 5728 895 5797 βέϐηλα
943 5729 1355 5799 συγγράμματα
1393 5727 1503 5779 τῶν
1548 5727 1842 5796 αἱρετικῶν

283 5822 377 5876 καὶ
403 5822 464 5874 τὺ
492 5820 821 5889 ἀποτεθῆναι
852 5821 908 5873 ὲν
935 5820 1013 5891 τῷ
1048 5820 1385 5888 ἐπισκοπείῳ
1416 5819 1513 5887 τῆς
1547 5820 1839 5871 Κώνσταν-

290 5913 670 5976 τινουπόλεως.
725 5912 861 5966 Οὔτε
917 5913 1025 5977 γὰρ
1090 5914 1352 5979 καιόμενα
1403 5913 1479 5975 εἰς
1538 5911 1840 5979 ἀνάγνωσιν

1943 4815 2084 4868 enim
2115 4822 2271 4868 erant
2298 4814 2448 4868 chori
2483 4813 2897 4875 insanientium,
2935 4813 3213 4867 ebrietatis
3232 4813 3516 4882 praesidem

1941 4913 2235 4973 sequentes
2273 4904 2570 4970 Bacchum,
2606 4905 2697 4975 qui
2734 4903 2870 4959 falso
2914 4904 3049 4958 deus
3076 4905 3516 4973 cognominatur.

1940 4994 2061 5049 Jam
2092 5011 2220 5048 vero
2266 4996 2408 5064 leges
2460 4994 2835 5048 haereticorum
2882 4994 3053 5050 libros
3099 4995 3252 5047 exuri
3300 5008 3519 5062 quoque

1943 5087 2259 5141 decernunt.
2332 5084 2524 5149 Quaere
2571 5094 2750 5138 autem
2816 5086 3030 5139 tertium
3098 5092 3259 5152 caput
3317 5086 3399 5140 tit.
3451 5085 3520 5138 12

1945 5180 2227 5249 praesentis
2265 5178 2465 5245 operis,
2514 5186 2567 5231 et
2609 5175 2851 5231 invenies
2899 5178 3114 5232 diversa
3145 5178 3323 5247 capita
3356 5177 3408 5229 in
3452 5191 3519 5229 eo

1946 5272 2145 5340 posita,
2210 5285 2331 5339 qua:
2391 5269 2494 5322 hoc
2546 5268 2719 5336 ipsum
2774 5268 2987 5336 jubent.
3083 5267 3292 5322 Dixerit
3336 5252 3557 5321 antenr

1946 5361 2251 5430 quispiam:
2282 5358 2576 5423 Quamnam
2597 5357 2665 5411 ob
2685 5373 2903 5412 causam
2924 5372 3097 5411 canon
3120 5358 3337 5427 quidem
3359 5358 3517 5410 Chri-

1948 5454 2248 5505 stianorum
2306 5451 2541 5502 hostium
2605 5464 2699 5503 seu
2760 5450 3055 5517 imaginum
3107 5449 3511 5502 combustorum

1948 5545 2123 5597 libros
2159 5544 2209 5597 in
2242 5541 2523 5611 episc0pio
2558 5541 2747 5610 reponi
2778 5542 2949 5611 jubet,
3009 5542 3153 5609 leges
3184 5550 3364 5593 autem
3418 5554 3514 5591 eos

1948 5634 2197 5691 comburi
2228 5634 2587 5704 permittunt?
2659 5633 2892 5688 Solutio.
2975 5632 3118 5687 Idem
3154 5642 3237 5686 est
3262 5632 3510 5684 comburi

1950 5728 2174 5797 profana
2204 5736 2258 5780 et
2290 5727 2449 5795 impia
2488 5726 2862 5779 haereticorum
2899 5724 3122 5794 scripta.
3178 5733 3230 5776 et
3274 5722 3326 5775 in
3366 5720 3513 5774 Con-

1950 5819 2435 5888 stantinopolitano
2485 5818 2762 5886 episc0pio
2820 5815 3033 5885 reponi.
3106 5813 3289 5881 Neque
3341 5813 3510 5877 enim,

1952 5916 1995 5965 si
2040 5911 2324 5964 combusta
2360 5908 2578 5971 fuerint,
2630 5908 2889 5975 legentur,
2952 5919 3051 5959 nec
3080 5905 3124 5960 si
3158 5905 3210 5957 in
3242 5902 3512 5971 ejusmodi
