3972 6488
311 432 415 498 εει

918 551 1157 606 ΚΑΝΩΝ
1205 552 1259 605 ι’.

381 644 604 714 Ἐπειδή
634 660 779 709 τινες
813 645 920 699 τῶν
948 646 1224 717 κληρικῶν
1246 647 1737 716 παραλογιζόμενοι
1763 649 1864 718 τὴν

382 756 403 788 ι
449 737 736 807 κανονικὴν
796 738 1056 802 διάταξιν,
1105 738 1459 802 ἀπολιπόντες
1516 740 1618 807 τὴν
1654 740 1862 792 ἑαυτῶν

381 845 403 879 ι
448 828 738 896 παροικίαν
789 830 868 892 είς
929 830 1120 901 ἐτέρας
1174 832 1466 899 παροικίας
1526 833 1862 904 ἐκτρέχουσι,

386 945 408 972 ι
454 921 590 973 κατὰ
622 922 868 975 πλεῖστον
896 921 952 975 δὲ
986 926 1044 977 ἐν
1072 923 1240 995 ταύτῃ
1284 927 1349 995 τῇ
1386 924 1732 994 θεοφυλάκτῳ
1772 926 1867 979 καὶ

383 1029 404 1063 ε
454 1013 682 1081 βασιλίδι
713 1014 889 1075 πόλει,
923 1015 1017 1068 καί¹
1038 1016 1118 1079 είς
1149 1016 1418 1085 ἄρχοντας
1460 1017 1864 1087 προσεδρεύου-

385 1123 405 1159 ι
453 1123 557 1166 σιν,
590 1106 649 1158 ἐν
679 1108 792 1169 τοῖς
827 1107 1008 1159 αὐτῶν
1037 1108 1349 1178 εὐκτηρίοις
1393 1108 1493 1172 τὰς
1525 1108 1864 1178 λειτουργίας

380 1217 401 1247 α
448 1197 757 1261 ποιοῦντεςο
794 1201 1017 1262 τούτους
1045 1201 1214 1270 χωρὶς
1253 1200 1349 1254 τοῦ
1395 1201 1525 1254 ίδίου
1560 1203 1862 1255 ἐπισκόπου

378 1310 395 1341 ι
444 1291 648 1343 καίτοῦ
683 1294 1295 1357 Κωνσταντινουπόλεως
1334 1296 1433 1348 οὐκ
1466 1295 1643 1361 ἔξεστι
1673 1296 1868 1367 δεχθῆ-

385 1404 403 1431 ι
453 1400 539 1435 ναι
568 1386 625 1436 ἐν
653 1386 946 1455 οἱῳδήποτε
984 1387 1118 1456 οῖκῳ
1164 1388 1195 1457 ἢ
1242 1388 1507 1459 ἐκκλησίᾳ
1534 1406 1548 1420 ’
1578 1391 1626 1442 εἰ
1679 1391 1752 1442 δέη
1781 1407 1867 1449 τις

389 1493 407 1523 σ
451 1466 605 1526 τοῦτό
631 1476 844 1543 ποιήσει
877 1476 1171 1544 ἐπιμένων.
1204 1475 1592 1544 καθαιρείσθω.
1629 1476 1779 1529 Ὅσοι
1811 1476 1867 1528 δὲ

392 1582 413 1614 ι
460 1565 576 1633 μετ’
603 1565 855 1632 εἰδήσεως
906 1567 1012 1618 τῶν
1053 1563 1455 1634 προλεχθέντων
1499 1565 1686 1634 ἱερέων
1715 1564 1870 1617 τοῦτο

397 1675 418 1705 ι
466 1656 745 1721 ποιοῦσιν,
796 1657 898 1709 οὐκ
949 1655 1159 1721 ἔξεστιν
1222 1656 1406 1717 αὐτοῖς
1456 1654 1726 1723 κοσμικὰς
1776 1655 1871 1707 καὶ

389 1769 411 1799 4
459 1749 715 1818 βιωτικὰς
746 1749 1025 1818 φροντίδας
1054 1748 1550 1816 ἀναλαμϐάνεσθαι,
1580 1746 1655 1809 ὠς
1690 1764 1873 1799 κεκω-

389 1860 409 1890 ‹
451 1841 711 1909 λυμένους
741 1840 897 1893 τοῦτο
927 1842 1099 1894 ποιεῖν
1127 1841 1275 1909 παρὰ
1298 1840 1404 1892 τῶν
1421 1838 1579 1891 θείων
1606 1832 1867 1891 κανόνων.

389 1953 407 1981 4
456 1933 515 1985 Εἰ
554 1934 610 1986 δέ
643 1951 722 1995 τις
752 1934 1027 2004 φωραθείη
1057 1934 1167 1986 τῶν
1192 1932 1505 2000 λεγομένων
1539 1930 1872 1999 μειζοτέρων
1908 1926 1944 1977 Β

388 2046 406 2072 ι
442 2026 548 2094 ’τὴν
592 2026 844 2095 φροντίδα
881 2025 1113 2095 ἐπέχων,
1158 2024 1191 2094 ἢ
1242 2022 1620 2093 παυσάσθω,ἣ
1672 2026 1868 2074 καθαι-

393 2136 412 2167 ‹
459 2116 651 2183 ρείσθω
675 2132 688 2145 ·
725 2116 923 2184 μᾶλλον
949 2119 1045 2185 μὲν
1071 2111 1162 2170 οὖν
1192 2116 1305 2186 ἤτω
1344 2115 1477 2183 πρός
1525 2111 1876 2166 διδασκαλίαν

396 2226 414 2255 ι
454 2207 562 2258 τῶν
592 2224 649 2258 τε
674 2206 875 2257 παίδων
896 2206 987 2257 καλ
1009 2205 1117 2257 τῶν
1138 2203 1382 2266 οἰκετῶν,
1410 2199 1873 2266 ἐπαναγινώσκων

395 2318 414 2348 tt
460 2299 557 2360 τὰς
597 2299 745 2360 θείας
779 2298 1029 2367 Γραφάς·
1074 2297 1154 2359 εἰς
1196 2294 1355 2348 τοῦτο
1388 2292 1495 2363 γὰρ
1537 2292 1629 2345 καὶ
1663 2292 1761 2360 τὴν
1796 2291 1874 2341 ίε-

391 2411 407 2439 ‹
461 2390 704 2460 ρωσύνην
734 2388 1085 2459 ἐκληρώσατο
1118 2387 1250 2455 (27).
1290 2404 1308 2437 ι

388 2484 583 2536 ΒᾹΛΣ.
605 2482 857 2551 Διάφοροι
888 2480 1106 2542 κανόνες
1136 2479 1401 2532 κωλύουσι
1428 2478 1549 2538 τοὺς
1582 2476 1873 2545 κληρικοὺς

314 2575 752 2643 καταλιμπάνειν
781 2572 877 2635 τὰς
908 2571 1201 2642 παροικίας
1244 2571 1301 2621 ἐν
1332 2564 1418 2630 αἶς
1458 2568 1872 2637 ἐκληρώθησαν,

314 2673 411 2727 καλΔ
445 2666 786 2737 μεταϐαίνειν
819 2665 897 2725 εἰς
924 2664 1134 2733 ἐτέρας.
1173 2661 1509 2720 Ἀκολοὺθως
1547 2661 1639 2715 οὖν
1664 2660 1874 2722 τούτοις

314 2763 412 2817 καὶ
458 2763 484 2811 ό
543 2758 730 2828 παρὼν
780 2756 960 2811 κανὼν
997 2754 1290 2824 διορίζεται
1345 2754 1552 2823 μηδένα
1613 2752 1872 2821 κληρικὸν

312 2854 483 2923 χωρὶς
513 2852 605 2905 τοῦ
660 2850 790 2904 ἰδίου
837 2849 1153 2910 ἐπισκόπου,
1210 2848 1329 2917 ἦτοι
1384 2847 1503 2916 δίχα
1545 2845 1873 2912 συστατικῆς

314 2951 414 3003 καὶ
463 2947 795 3015 ἁπολυτικῆς
852 2946 1067 3016 γραφῆς
1115 2943 1279 2996 αὐτοῦ
1315 2943 1345 3013 ἢ
1376 2943 1606 3011 ὁρισμοῦ
1641 2942 1733 2995 τοῦ
1772 2959 1873 2995 πα·-

312 3044 574 3112 τριάρχου
648 3038 1303 3099 Κωνσταντινουπόλεως,
1348 3036 1678 3103 ὁπουδήποτε
1729 3034 1874 3103 δέχεο

314 3137 465 3196 σθαι,
496 3135 611 3203 ἤτοι
638 3135 970 3202 λειτουργεῖν
1006 3134 1086 3192 εἰς
1128 3131 1434 3197 οἱανδήτινα
1490 3128 1783 3198 ἐκκλησίαν
1836 3127 1868 3199 ἢ

314 3230 401 3289 εἰς
464 3227 778 3295 ἀρχοντικὸν
827 3226 1153 3292 εὐκτήριον·
1209 3222 1298 3274 τὸν
1372 3221 1427 3273 δὲ
1486 3220 1635 3288 παρὰ
1699 3218 1874 3272 ταῦτα

316 3322 644 3389 ποιήσαντα.
696 3319 789 3372 καὶ
845 3319 918 3387 μὴ
956 3318 1363 3386 ὑποστρέφοντα
1412 3316 1490 3377 εἰς
1535 3314 1624 3366 τὸν
1677 3315 1873 3367 οἰκεῖον

316 3414 520 3480 κλῆρον
577 3410 689 3480 μετ’
732 3412 1090 3477 ἐπιφώνησιν,
1122 3407 1524 3477 καθαιρεῖσθαι.
1568 3405 1736 3458 Τοῦτο
1768 3406 1874 3475 γάρ

315 3509 435 3557 ἐστι
466 3508 526 3556 τὸ
559 3503 851 3557 παυσάσθω
885 3502 993 3567 (28)
1032 3502 1064 3570 ἢ
1099 3499 1485 3570 καθαιρείσθω.
1525 3498 1583 3551 Εἰ
1626 3498 1682 3550 δέ
1729 3515 1874 3560 τινες

317 3598 726 3668 ἐκχωρηθέντες
760 3596 910 3665 παρὰ
947 3596 1053 3648 τῶν
1103 3593 1497 3663 κληρωσάντων
1552 3592 1770 3654 αὐτοὺς,
1806 3591 1875 3643 δι’

318 3686 398 3743 ὧν
427 3691 653 3758 εἴπομεν
702 3687 927 3759 γραφῶν
956 3688 988 3757 ἢ
1018 3686 1167 3753 παρὰ
1207 3685 1301 3736 τοῦ
1339 3685 1681 3753 πατριάρχου
1719 3684 1873 3734 Κων-

322 3781 813 3841 σταντινουπόλεως
860 3780 937 3839 εἰς
996 3778 1185 3844 ἐτέρας
1235 3774 1528 3844 ἐκκλησίας
1574 3773 1877 3842 ἱερουργεῖν

321 3872 592 3939 κοσμικὰς
627 3868 914 3938 φροντίδας
979 3866 1341 3930 ἀναδέξωνται
1402 3866 1552 3934 παρὰ
1609 3865 1705 3934 τὴν
1766 3863 1875 3917 τῶν

324 3963 565 4015 κανόνων
614 3957 925 4028 περίληψιν,
964 3956 995 4026 ἢ
1043 3955 1310 4022 γένωνται
1365 3954 1690 4024 μειζότεροι,
1726 3952 1877 4021 όφεί-

320 4057 495 4117 λουσε,
533 4051 672 4121 μετὰ
717 4052 777 4103 τὸ
809 4034 1145 4118 κωλυθῆναι,
1192 4048 1461 4101 παύεσθαι
1511 4048 1543 4117 ἢ
1602 4046 1881 4115 καθριιρεῖ-

322 4148 469 4199 σθαι.
499 4146 605 4195 Kal
644 4142 712 4194 τὰ
769 4141 864 4210 μὲν
894 4141 1026 4192 ἄλλα
1070 4140 1138 4191 τὰ
1171 4140 1248 4210 τῷ
1280 4139 1464 4191 κανόνι
1514 4138 1878 4207 περιεχόμενα

322 4242 382 4292 ἐν
421 4236 699 4305 διαφόροις
732 4235 954 4286 κανόσιν
991 4230 1357 4300 ἐξηγήθησαν,
1388 4230 1553 4300 ἤγουν
1593 4232 1649 4281 ἐν
1678 4228 1756 4297 τῷ
1808 4230 1875 4293 ιζ’

325 4333 417 4384 καὶ
450 4330 518 4397 ιη’
549 4329 731 4381 κανόνι
774 4327 872 4395 τῆς
906 4328 961 4378 ἐν
990 4325 1067 4393 τῷ
1111 4323 1363 4394 Τρούλλῳ
1401 4322 1637 4386 συνόδου,
1693 4320 1769 4389 τῷ
1811 4324 1883 4388 ιγ’

325 4425 421 4477 καὶ
475 4419 556 4488 κγ’
596 4422 694 4488 τῆς
748 4421 805 4471 ἐν
847 4417 1152 4487 Χαλκηδόνι
1202 4415 1443 4477 συνόδου,
1503 4414 1599 4467 καὶ
1650 4414 1881 4486 ἑτέροις.

336 4514 473 4568 Ἀπὸ
516 4513 571 4564 δὲ
594 4512 689 4565 τοῦ
720 4511 985 4581 παρόντος
1017 4509 1236 4570 κανόνος
1270 4508 1574 4577 σημείωσαι
1619 4508 1676 4563 ἐν
1710 4503 1881 4577 ῥητῷ,

1258 438 1337 498 ΙΝ
1378 440 1547 503 CAN.
1574 441 1626 499 X
1666 439 1877 501 CONC.
1905 440 2013 500 VII
2043 437 2407 500 (ECUMEN.

2568 546 2796 605 CANON
2862 546 2931 626 κ.

1968 647 2232 714 Quoniam
2267 642 2511 699 nonnulli
2542 643 2721 699 clerici
2747 640 3063 697 canonicam
3084 635 3533 693 constitutionem

2047 758 2066 792 ι
2111 736 2663 797 circumscribentes,
2711 749 2807 788 sua
2869 732 3052 786 relicta
3108 726 3397 799 parochia,
3481 725 3536 778 in

2052 852 2069 885 ι
2115 833 2251 885 altas
2279 830 2565 900 parochias
2591 834 2914 888 excurrunt,
2948 836 3000 878 ut
3031 824 3323 894 plurimum
3355 828 3533 874 autem

2043 942 2062 975 ι
2109 925 2163 978 in
2216 925 2314 977 hac
2348 937 2377 974 a
2441 922 2549 976 Deo
2613 919 2884 975 custodita
2934 928 2989 971 et
3041 913 3304 984 imperiali
3359 911 3489 965 urbe
3520 947 3537 972 ,

2047 1036 2067 1068 ι
2111 1025 2164 1070 et
2214 1030 2337 1070 sese
2387 1012 2527 1083 apud
2562 1012 2831 1082 principes
2884 1011 3087 1071 locant,
3146 1006 3291 1060 etin
3344 1018 3533 1058 eorum

2049 1128 2068 1161 ι
2115 1107 2373 1162 oratoriis
2404 1120 2561 1161 sacra
2599 1103 2845 1163 faciunt;
2897 1117 2991 1156 eos
3023 1100 3142 1154 sine
3176 1096 3396 1168 proprio
3423 1092 3536 1164 epi-

2047 1219 2067 1253 ι
2109 1215 2276 1269 scopo
2302 1208 2355 1252 et
2379 1195 2985 1264 Constantinopolitano
3017 1207 3126 1246 non
3159 1190 3285 1244 licet
3320 1190 3374 1240 in
3404 1201 3541 1253 qna-

2050 1308 2081 1341 ι.
2116 1288 2194 1344 vis
2218 1288 2331 1343 aede
2362 1287 2444 1343 vel
2475 1286 2703 1341 ecclesia
2735 1284 2937 1354 recipi:
2984 1282 3028 1336 si
3064 1280 3191 1350 quis
3226 1286 3405 1331 autem
3440 1276 3546 1329 hoc

2050 1402 2069 1431 ι
2118 1381 2323 1441 fecerit.
2354 1380 2399 1434 si
2437 1386 2767 1449 perseveret,
2803 1376 3111 1444 deponatur
3215 1371 3544 1436 Quicunque

2049 1494 2067 1525 ι
2115 1489 2242 1528 vero
2268 1488 2390 1525 cum
2416 1472 2798 1542 praedictorum
2825 1467 3165 1523 sacerdotum
3195 1476 3463 1516 consensu
3488 1459 3544 1513 id

2053 1585 2071 1618 ι
2119 1567 2344 1630 faciunt,
2396 1580 2502 1618 non
2550 1564 2677 1616 licet
2733 1561 2812 1616 eis
2859 1574 3020 1613 curas
3055 1557 3347 1612 saeculares
3390 1562 3444 1608 et
3474 1551 3543 1606 ad

2054 1677 2073 1708 ι
2118 1658 2318 1710 victum
2354 1658 2687 1724 pertinentes
2715 1652 3016 1720 suscipere,
3070 1660 3126 1702 ιιι
3160 1648 3250 1716 qui
3283 1661 3311 1698 a
3344 1643 3547 1698 divinis

2056 1770 2073 1801 ι
2121 1748 2424 1803 canonibus
2462 1748 2563 1800 hoc
2594 1747 2771 1799 facere
2800 1746 2909 1799 sint
2948 1740 3228 1811 prohibiti.
3320 1738 3375 1791 Si
3420 1735 3548 1806 quis

2050 1861 2069 1894 ι
2116 1849 2331 1903 autem,
2384 1854 2572 1893 eorum
2622 1837 2712 1906 qui
2768 1836 3026 1890 dicuntur
3076 1833 3332 1899 majores,
3381 1843 3547 1883 cura-

2046 1954 2063 1985 ‹
2114 1936 2313 1987 tionem
2346 1933 2587 1984 obtinere
2621 1931 2992 1996 deprehensus
3045 1925 3225 1986 fuerit,
3284 1924 3366 1973 vel
3420 1935 3545 1974 ces-

2050 2044 2068 2076 ι
2115 2034 2220 2089 set,
2278 2024 2361 2079 vel
2408 2023 2745 2092 deponatur:
2788 2020 2970 2084 potius
3003 2030 3129 2067 vero
3168 2014 3233 2067 ad
3271 2011 3547 2065 docendos

2056 2141 2073 2172 ι
2120 2135 2319 2190 pueros
2364 2126 2420 2172 et
2468 2130 2657 2173 servos
2687 2114 2929 2177 accedat,
2978 2112 3157 2181 legens
3204 2111 3283 2162 eis
3332 2109 3546 2161 divinas

2054 2234 2071 2266 ι
2122 2214 2458 2283 Scripturas.
2549 2210 2631 2265 Ad
2676 2210 2778 2262 hoc
2804 2205 2947 2262 enim
2983 2204 3146 2260 etiam
3177 2197 3545 2258 sacerdotium

2054 2328 2073 2360 ι
2122 2307 2344 2363 sortitus
2374 2314 2482 2360 est.
2524 2323 2544 2357 ι

2048 2490 2240 2546 BALS.
2299 2487 2506 2544 Diversi
2535 2484 2773 2541 ca’nones
2795 2479 3088 2553 prohibent
3118 2474 3353 2532 clericos
3380 2483 3546 2542 paro-.-

1976 2585 2146 2642 chias.
2195 2585 2249 2637 in
2279 2582 2477 2648 quibus
2509 2580 2561 2632 in
2593 2579 2797 2633 clerum
2836 2571 2995 2627 relati
3031 2576 3180 2635 sunt,
3215 2567 3549 2634 relinquere,

1974 2684 2027 2729 et
2064 2674 2131 2728 ad
2178 2675 2312 2729 alias
2361 2660 2613 2726 transire:
2688 2666 2785 2721 His
2822 2679 2951 2736 ergo
2980 2668 3379 2729 consequenter
3406 2671 3547 2726 prae-

1977 2784 2102 2823 sens
2153 2781 2369 2836 quoque
2420 2779 2599 2819 canon
2654 2759 2935 2820 decernit,
2988 2770 3056 2810 ne
3111 2754 3258 2808 ullus
3315 2749 3551 2805 clericus

1975 2860 2182 2927 absque
2229 2856 2448 2927 proprio
2489 2854 2770 2923 episcopo,
2816 2849 2897 2904 vel
2934 2848 3052 2901 sine
3103 2845 3224 2912 ejus
3267 2854 3554 2895 commen-

1975 2951 2184 3004 datoria
2220 2955 2276 3004 et
2319 2941 2882 3022 dimissoriaepistola
2921 2936 3007 2994 vel
3038 2930 3547 3000 Constantinopoli-

1976 3043 2084 3095 tani
2120 3038 2443 3109 patriarcha
2472 3018 2712 3099 decreto,
2771 3045 3001 3101 usquam
3052 3025 3406 3094 suscipiatur,
3461 3018 3547 3072 vel

1973 3133 2247 3188 ministret
2301 3131 2357 3186 in
2410 3126 2880 3199 quavis.ccclesia
2928 3121 3012 3175 vel
3044 3119 3099 3173 in
3129 3116 3545 3185 magistratuum

1977 3241 2071 3282 seu
2104 3224 2400 3280 olﬁciorum
2456 3220 2735 3275 oratorio:
2789 3218 2837 3272 is
2873 3224 3053 3270 autem
3086 3210 3177 3281 qui
3215 3217 3408 3277 prater
3437 3204 3553 3256 haec

1978 3318 2191 3376 fecerit,
2244 3324 2299 3370 et
2348 3314 2402 3368 in
2451 3310 2733 3382 proprium
2788 3308 2991 3363 clerum
3041 3317 3148 3357 non
3184 3296 3405 3354 redierit
3430 3300 3551 3361 post

1981 3407 2479 3467 denuntiationem,
2534 3401 2859 3470 deponatur.
2947 3393 3062 3449 Hoc
3090 3391 3233 3445 enim
3280 3385 3551 3455 signiﬁcat

1981 3498 2135 3559 illud,
2170 3495 2266 3551 Vel
2322 3503 2498 3550 cesset
2547 3495 2631 3547 vel
2687 3490 3012 3560 deponatur.
3094 3482 3149 3537 Si
3202 3480 3294 3548 qui
3345 3484 3550 3536 autem.

1983 3591 2198 3659 quibus,
2255 3589 2321 3641 ab
2374 3588 2438 3640 iis
2485 3586 2573 3655 qui
2628 3585 2678 3636 itt
2712 3584 2914 3637 clerum
2948 3579 3066 3633 illos
3097 3574 3419 3631 retulerun',
3454 3581 3554 3650 per

1983 3697 2076 3735 eas
2106 3696 2243 3748 quas
2272 3679 2508 3732 diximus
2562 3677 2794 3737 litteras,
2848 3673 2929 3723 vel
2981 3686 3007 3721 a
3066 3664 3373 3736 patriarcha
3409 3660 3554 3712 (Jon-

1984 3772 2495 3841 stantinopolitano.
2548 3770 2601 3822 in
2651 3768 2753 3820 alia
2808 3763 3035 3820 ecclesia
3085 3774 3239 3813 sacra
3270 3755 3552 3811 celebrare

1989 3866 2314 3937 permissum
2349 3846 2455 3925 est,
2498 3861 2792 3914 sreculares
2832 3854 3140 3911 curationes
3189 3843 3555 3916 susceperint,

1984 3968 2172 4013 contra
2202 3973 2264 4012 ac
2291 3955 2589 4010 canonibtts
2640 3950 2970 4011 continetur,
3030 3944 3112 3998 vel
3158 3941 3390 4007 majores
3423 3934 3553 3988 facti

1984 4052 2219 4115 fuerint,
2272 4056 2561 4118 postquam
2613 4042 2868 4114 prohibiti
2915 4047 3066 4101 sunt,
3117 4048 3328 4090 cessare
3354 4029 3555 4084 debent

1986 4146 2067 4199 vel
2124 4139 2341 4211 deponi.
2408 4138 2585 4206 Atque
2633 4136 2735 4190 alia
2784 4132 3024 4202 quidem,
3075 4142 3195 4197 qua“:
3246 4125 3299 4178 in
3346 4134 3554 4175 canone

1988 4232 2544 4303 comprehenduntur,
2607 4228 2662 4281 in
2712 4225 2943 4281 diversis
2979 4220 3275 4276 canonibus
3304 4214 3552 4283 exposita

1988 4336 2137 4389 sunt,
2194 4325 2402 4395 scilicet
2431 4323 2487 4375 in
2519 4335 2644 4374 can.
2676 4320 2741 4372 17
2782 4326 2835 4371 et
2865 4317 2953 4377 18,
2985 4328 3114 4383 syn;
3144 4312 3196 4363 in
3228 4306 3432 4369 Trnllo,
3485 4303 3551 4355 15

1988 4433 2042 4477 et
2086 4420 2155 4474 25
2197 4415 2451 4471 Cltalced.
2505 4428 2627 4484 syn.
2675 4420 2729 4466 et
2780 4410 2833 4464 in
2882 4408 3025 4462 aliis.
3111 4404 3183 4457 Ex
3241 4402 3341 4454 hoc
3369 4407 3551 4451 autem

1991 4511 2273 4584 praesentis
2322 4506 2550 4564 canonis
2603 4511 2859 4559 contextu
2914 4507 3062 4561 nota,
3118 4494 3264 4563 quod
3303 4491 3403 4547 soli
3460 4505 3554 4555 pa-

322 4607 405 4659 ὅτι
436 4603 582 4673 μόνῳ
610 4602 685 4670 τῷ
716 4600 1025 4670 πατριάρχῃ
1074 4597 1699 4658 Κωνσταντινουπόλεως
1731 4598 1878 4663 ἐφεῖ-

2004 4603 2239 4661 .riarcba!
2255 4594 2858 4677 Constantinopolitano
2877 4588 3199 4659 permissum
3224 4592 3305 4638 est
3328 4580 3554 4634 clericos

326 4714 417 4749 ται
449 4693 743 4764 κληρικοὺς
786 4692 1102 4761 ἀλλοτρίους
1130 4688 1399 4760 δέχεσθαι,
1448 4689 1545 4741 καὶ
1586 4689 1711 4757 δίχα
1742 4689 1882 4740 ἀπο-

330 4787 551 4856 λυτικῆς
610 4785 826 4856 γραφῆς
870 4783 963 4836 τοῦ
1006 4783 1474 4853 χειροτονήσαντος
1526 4780 1744 4841 αὐτοὺς,
1790 4779 1883 4832 ἐὰν

324 4882 464 4943 τέως
508 4873 651 4933 οὗτοι
686 4878 903 4950 γραφὰς
956 4876 1355 4946 ἐπιφέρωνται,
1412 4872 1747 4935 συνιστώσας
1800 4873 1881 4931 ὅτι

325 4971 813 5042 ἐχειροτονήθησαν
862 4971 895 5040 ἢ
948 4967 1363 5039 ἐκληρώθησαν.
1393 4966 1554 5019 ’Ὅθεν
1600 4965 1693 5017 καὶ
1734 4964 1881 5017 ἐνδυο

324 5069 535 5136 νάμως,
565 5067 640 5130 ὡς
693 5066 815 5134 ἐμοὶ
862 5065 1029 5135 δοκεῖ,
1062 5062 1367 5132 ἐκχωρήσει
1400 5061 1426 5111 ό
1461 5058 1601 5111 κατὰ
1649 5057 1878 5127 καιροὺς

323 5159 627 5227 ἁγιώτατος
681 5157 1050 5231 πατριάρχης,
1082 5156 1174 5208 καί
1224 5156 1250 5208 ὁ
1285 5150 1629 5223 χαρτοφύλαξ
1688 5150 1877 5215 αὑτοῦ,

1990 4699 2195 4751 alienos
2246 4690 2401 4761 301
2466 4670 2782 4755 suscipere,
2837 4683 2999 4735 etiam
3060 4678 3178 4734 sine
3231 4670 3555 4729 ditnissnriis

1990 4786 2181 4840 litteris
2224 4781 2342 4850 ejus
2397 4777 2490 4848 qui
2542 4776 2691 4843 ipsos
2737 4768 3029 4831 ordinavit,
3081 4768 3125 4821 si
3158 4763 3317 4819 modo
3348 4762 3553 4815 litteras

1989 4871 2459 4932 commendatitias
2502 4863 2801 4927 attulerint,
2858 4862 3055 4931 quibus
3096 4875 3157 4915 se
3187 4857 3469 4913 ordinatos
3504 4863 3551 4907 et

1990 4946 2220 5023 clericos
2266 4978 2386 5018 esse
2425 4962 2672 5031 probent.
2724 4957 3087 5023 Quamobrem
3142 4953 3265 5015 rite,
3312 4959 3371 5003 ut
3421 4949 3551 5001 tnihi

1988 5061 2222 5123 videtur,
2281 5054 2541 5110 concedet
2589 5050 2967 5107 sanctissimus
3010 5061 3107 5116 pro
3161 5051 3405 5111 tempore
3460 5056 3551 5110 pa-

1987 5149 2247 5214 triarcha,
2306 5157 2358 5203 et
2407 5148 2523 5217 ejus
2570 5140 2978 5211 charmphylax,
3034 5138 3213 5192 alieno
3259 5134 3457 5189 clerico
3500 5133 3552 5184 in

1536 5266 1725 5330 Guill.
1758 5265 2079 5345 Beveregii
2118 5271 2303 5325 notis.

398 5396 509 5462 (27)
566 5395 685 5461 Τὴν
744 5396 1077 5460 ἱερωσύνην
1136 5394 1541 5461 ἐκληρώσατο.
1588 5390 1641 5444 ltt
1700 5390 1887 5462 codice

332 5460 643 5523 Bodleiano.
700 5466 839 5519 inter
904 5468 1015 5519 haec
1073 5460 1293 5516 ultima
1328 5464 1561 5517 canonis
1617 5460 1775 5514 verba
1831 5467 1885 5511 et

332 5535 667 5589 thlsamonis
701 5536 1223 5604 interpretationem,
1265 5533 1376 5586 haec
1426 5543 1703 5599 ponuntur
1735 5548 1749 5583 :
1778 5530 1881 5604 Ση-

333 5606 563 5675 μείωσαι
587 5607 642 5657 ἐν
670 5606 815 5673 ρητῷ
843 5588 943 5658 ’ὅτι
966 5604 1041 5671 τῷ
1087 5604 1397 5674 πατριάρχῃ
1427 5588 1883 5675 ’Κωνστοιντινοῧ-

332 5671 538 5735 πόλεως
561 5671 769 5742 ἐφεῖται
789 5671 1045 5744 δέχεσθαι
1074 5671 1395 5743 κληρικοὺξ
1417 5672 1736 5744 ἀλλοτρίωνΔ
1760 5671 1875 5744 ἐνο-

334 5747 465 5813 ριὼν
496 5738 642 5813 παρὰ
698 5738 921 5811 γνώμην
980 5744 1086 5795 τών
1142 5738 1628 5813 χειροτονησάντων
1677 5738 1872 5798 αὐτοὺς

334 5810 663 5867 ἐπισκόπων.
708 5810 999 5880 Ἀνάγνωθι
1041 5810 1262 5865 καὶτὸν
1311 5810 1413 5865 re"
1456 5810 1655 5863 κανόνα
1684 5810 1782 5876 τῆς
1808 5810 1867 5858 ἐν

333 5883 663 5956 Καρῦαγένῃ
722 5885 937 5938 συνόδου
998 5881 1442 5952 φιλοτιμούμενον
1516 5881 1577 5932 τὸ
1627 5880 1864 5931 τοιοῦτον

1995 5386 2287 5455 προνόμιον
2356 5380 2451 5434 κοιλ⁵
2506 5374 3094 5455 ἄλλαιςΔὲ-κκλησίαις.
3157 5373 3304 5454 Hanc
3346 5374 3547 5455 ⁸ιιιιιειιι

1994 5444 2349 5523 ιη’κνςίἶιθιθηι
2396 5459 2634 5523 tantum
2709 5449 2877 5523 fuisse
2912 5444 3152 5523 'notam,
3213 5444 3264 5495 in
3346 5445 3552 5523 textum

1990 5513 2351 5593 tlescriptoris
2392 5522 2602 5574 incuria
2640 5520 2914 5593 tralatatn,
2965 5519 3140 5569 cuivis
3173 5522 3355 5580 patet;
3392 5518 3450 5559 ut
3497 5513 3553 5558 et

1986 5611 2106 5649 eam
2146 5590 2207 5647 ex
2240 5593 2577 5645 Balsamonis
2612 5590 2836 5641 scholiis
2863 5591 3203 5651 desumptam
3236 5595 3377 5651 esse.

2057 5644 2386 5735 ζξὸῖῄτοῦτο
2421 5659 2529 5735 γάρ
2555 5661 2697 5735 ἐστι
2722 5659 2787 5735 τό
2822 5644 3192 5735 παλισάόθωκ
3229 5649 3446 5735 Ιξρινῑξυε
3488 5644 3547 5735 in

1984 5713 2171 5789 codice
2204 5713 2635 5786 hmerbalcliiann
2690 5731 2901 5795 legitur,
2929 5728 2962 5797 ἢ
3019 5720 3317 5797 παυσάσθω
3344 5713 3551 5797 ῆ-καθ-

1973 5785 2254 5873 diseases.
2295 5801 2503 5869 Quippe
2531 5816 2651 5868 qua:
2709 5785 2833 5853 sunt
2868 5785 2979 5867 ipsa
3022 5793 3248 5851 canonis
3294 5785 3463 5845 verba
3510 5799 3545 5840 a

1979 5876 2294 5930 Balsatnone
2322 5874 2408 5926 hic
2441 5885 2715 5940 exposita.
