3972 6488
444 399 550 461 93

1719 421 1994 485 THEOD.
2034 424 2429 489 BALSAMON

3582 436 3679 501 924

446 513 549 567 bac
602 515 815 570 urbium
869 520 1055 590 regina
1104 538 1261 581 sacra
1317 528 1617 602 celebrare,
1668 535 1831 591 etiam
1893 539 1977 593 sin

446 607 772 632 Ατ...ε--....ιε-
802 610 961 632 ’ξιιμμθ
1054 617 1066 627 ο
1248 620 1260 632 ο
1292 622 1344 632 ι..
1556 626 1591 632 --
1710 631 1716 632 ,
1851 631 1860 632 κ

2086 542 2396 616 ,ἀλλότριον
2422 546 2683 618 κληρικὸν
2716 548 3053 618 λειτουργεῖν
3110 550 3169 603 ὲν
3224 552 3289 621 τῇ
3322 551 3675 632 βασιλευούσῃ

443 607 774 665 dimissoriis
802 610 993 671 litteris
1019 617 1138 687 ejus
1169 620 1260 691 qui
1290 622 1437 678 illum
1473 626 1766 687 ordinavit.
1846 631 2014 702 Majo-

443 716 532 757 res
580 719 709 758 vero
762 707 1040 773 dicuntur,
1089 714 1181 782 qui
1232 718 1527 786 agrestium
1568 723 2009 781 suburbanorum

442 804 721 851 curatores
754 799 925 861 fiunt;
982 801 1124 857 sicut
1158 804 1262 861 hoc
1304 808 1372 863 ab
1422 826 1556 867 can..
1594 816 1650 868 Η
1714 822 1901 886 prima:
1958 829 2011 875 et

440 885 691 940 secunda:
740 904 860 958 syn.
914 907 1035 958 qum
1068 906 1254 951 coacta
1308 898 1409 953 fuit
1443 904 1496 955 in
1533 906 1647 960 aede
1680 885 2004 965 Sanctorum

439 977 842 1044 Apostolorum,
892 987 1217 1043 ostenditur.
1309 989 1421 1046 Hoc
1466 1010 1597 1065 ergo
1648 999 1715 1053 ab
1762 1001 1859 1065 iis,
1914 1005 2004 1071 qui

437 1068 608 1125 sacris
649 1071 934 1129 ordinibus
974 1076 1168 1133 initiati
1219 1091 1368 1149 sunt,
1419 1086 1607 1145 Patres
1642 1106 2002 1163 removentes,

434 1159 515 1214 eis
562 1160 772 1217 litteras
810 1164 1007 1223 docere
1045 1172 1353 1238 consulunt,
1387 1184 1440 1231 et
1466 1191 1529 1231 ex
1566 1194 1629 1233 eo
1658 1180 1759 1235 sibi
1801 1184 2001 1237 victum

435 1267 664 1321 parare;
718 1260 972 1326 quoniam
1006 1262 1073 1315 ad
1121 1264 1222 1319 hoc
1252 1283 1469 1337 quoque
1497 1272 1684 1327 selecti
1733 1284 1786 1328 et
1826 1277 2001 1348 depu-

434 1346 528 1399 tati
561 1356 709 1401 sunt.
762 1349 983 1407 Alienos
1006 1364 1185 1409 autem
1214 1359 1443 1416 clericos
1473 1362 1617 1418 inter
1648 1367 2001 1436 magistratus

430 1452 525 1490 seu
562 1440 735 1493 ollicia
784 1442 1045 1507 assidere,
1102 1454 1157 1499 et
1207 1448 1259 1502 in
1300 1466 1490 1507 eorum
1542 1459 1795 1511 oratoriis
1841 1462 2002 1515 mini-

429 1526 624 1592 strare,
651 1540 733 1587 est
785 1536 947 1592 facti:
1001 1553 1126 1592 nam
1177 1551 1228 1595 et
1261 1542 1307 1597 si
1360 1544 1412 1598 in
1467 1546 1820 1607 inferioribus
1877 1570 2002 1607 ora-

428 1624 613 1686 toriis.
693 1638 889 1695 praater
959 1646 1180 1687 suorum
1259 1637 1641 1708 episcoporqu
1706 1647 1788 1699 vel
1856 1648 1999 1702 Con-

426 1716 898 1786 Stantinopolitani
946 1734 1177 1779 mentem
1244 1729 1675 1789 celebraverint.
1741 1739 1999 1797 similiter

427 1810 740 1877 punientur.

496 1898 747 1955 ZONAR.
772 1904 923 1959 Multi
945 1906 1044 1961 hac
1063 1909 1130 1964 de
1148 1926 1205 1966 re
1225 1915 1507 1985 apostolici
1528 1920 1994 1992 synodiciqueca-
2029 1896 2069 1951 Β

422 2008 598 2048 nones
631 1995 758 2049 editi
784 2007 945 2063 sunt;
978 2003 1067 2055 sed
1109 2005 1249 2058 malo
1284 2008 1409 2063 huic
1443 2013 1818 2069 exscindenda
1844 2019 1989 2074 haud

422 2084 792 2143 sufficiebant.
845 2090 1079 2149 Proinde
1120 2094 1266 2150 hunc
1300 2116 1562 2157 canonem
1612 2106 1726 2162 haec
1776 2128 1994 2181 quoque

421 2176 665 2246 synodus
718 2176 1103 2253 promulgavit,
1163 2190 1301 2245 duas
1356 2208 1444 2250 res
1514 2197 1698 2263 simul,
1748 2220 1990 2273 ~quarum

422 2279 653 2340 utraque
707 2273 886 2344 legum
933 2281 1423 2343 constitutionibus
1478 2306 1825 2363 repugnaret,
1883 2316 1991 2354 una

417 2362 719 2433 eademque
748 2381 912 2435 opera
944 2371 1348 2439 prohibentem.
1399 2362 1637 2439 Alteram
1688 2405 1756 2441 ne
1786 2407 1850 2444 ex
1883 2409 1989 2447 una

422 2452 557 2507 urbe
600 2453 653 2508 in
683 2455 866 2524 aliam,
895 2475 964 2514 ne
985 2462 1038 2515 in
1067 2463 1207 2520 hanc
1230 2470 1448 2537 quidem
1479 2476 1693 2531 urbium
1725 2483 1986 2550 reginam,

416 2542 603 2605 clerici
651 2546 811 2602 alieni
848 2550 1199 2617 discurrant,
1238 2575 1414 2629 neque
1456 2580 1514 2619 se
1567 2572 1981 2638 magistratibus

418 2633 739 2705 adjungant,
773 2654 837 2695 ac
878 2642 931 2696 in
965 2659 1153 2699 eorum
1190 2654 1475 2721 oratoriis,
1516 2658 1617 2712 nisi
1661 2661 1943 2731 impetrata
1967 2707 1981 2730 ,

420 2737 532 2783 tum
559 2731 821 2802 episcopi,
854 2751 883 2789 a
910 2752 1017 2805 quo
1065 2740 1459 2811 discesserunt,
1501 2764 1622 2803 cum
1672 2752 1985 2811 Constanti-

413 2824 738 2891 nopolitani,
770 2828 928 2907 cujus
972 2832 1022 2883 in
1055 2833 1316 2889 ditionem
1368 2854 1657 2907 venerunt,
1707 2848 1980 2916 facultate,

414 2930 571 2970 sacra
608 2916 844 2988 faciant;
886 2922 1091 2992 alioqui
1124 2928 1466 2995 depositione
1519 2938 1783 2991 umltaudi
1845 2958 1857 2992 ς
1903 2945 1983 2996 al-

413 3013 611 3073 teram,
640 3024 727 3074 ne,
752 3015 1002 3079 quamvis
1032 3015 1085 3068 in
1119 3020 1362 3072 oratorio
1385 3036 1540 3075 sacra
1577 3026 1881 3082 celebrandi
1913 3032 1981 3083 ab

412 3092 483 3148 iis
513 3109 651 3163 quos
684 3096 925 3154 diximus
960 3103 1234 3176 episcopis
1262 3107 1576 3170 facultatem
1608 3116 1975 3186 obtinuerint,

409 3184 654 3254 profanis
701 3204 823 3245 sese
870 3207 933 3247 ac
969 3196 1322 3255 saecularibus
1378 3205 1610 3270 negotiis
1658 3208 1936 3279 implicent

408 3287 779 3349 procuratoris
806 3298 901 3344 aut
931 3292 1201 3347 rationum
1230 3297 1493 3365 praefecti,
1514 3312 1606 3355 aut
1627 3304 1771 3360 aliud
1800 3312 1978 3377 quod-

405 3387 623 3443 cunque
652 3394 851 3434 munus
888 3382 1157 3449 ejusmodi
1207 3390 1533 3458 suscipiant.
1566 3394 1721 3460 Quod
1756 3401 1799 3453 si
1838 3418 1977 3457 non-

406 3466 587 3523 nullos
619 3471 741 3539 ejus
792 3475 1008 3543 generis
1037 3481 1267 3547 negotiis
1306 3499 1499 3540 vacare
1530 3494 1969 3551 animadversum

406 3561 499 3623 sit,
535 3576 631 3615 eos
668 3566 860 3631 synodi
888 3567 1077 3624 Patres
1107 3586 1198 3628 aut
1228 3574 1296 3627 ab
1323 3574 1539 3645 incepto
1567 3581 1853 3649 desistere,
1879 3599 1974 3645 aut

403 3651 601 3719 deponi
632 3654 843 3722 jubent.
880 3658 1077 3713 Eorum
1111 3680 1293 3731 porro,
1329 3670 1421 3738 qui
1462 3674 1694 3742 majores
1718 3679 1977 3735 diceban-

403 3748 513 3802 tur,
544 3743 609 3796 de
658 3747 857 3813 quibus
911 3751 1012 3803 hoc
1052 3770 1259 3810 canone
1309 3764 1528 3827 mentio,
1585 3783 1787 3825 munus
1840 3774 1971 3829 illud

400 3840 541 3893 erat,
579 3845 635 3885 nt
682 3850 745 3888 ex
785 3839 1072 3894 undecimo
1116 3860 1329 3909 canone
1377 3854 1566 3919 primae
1616 3869 1668 3912 et
1717 3867 1973 3922 secunda:

400 3923 593 3990 synodi
630 3927 685 3978 in
718 3930 918 3998 templo
950 3933 1275 4024 Sanctorum
1308 3940 1689 4010 Apostolorum
1740 3971 1972 4026 congre-

397 4112 686 4180 rationem,
717 4133 838 4185 qua:
863 4118 1081 4188 dicitur,
1109 4143 1449 4187 exercerent.

392 4202 620 4264 ARIST.
682 4226 701 4259 ι
756 4209 1021 4279 Clericus,
1071 4219 1161 4285 qui
1195 4235 1294 4274 sua
1325 4223 1512 4279 relicta
1581 4234 1833 4297 parocbia
1902 4237 1955 4291 in

468 4316 485 4346 σ
527 4299 685 4352 aliain
716 4318 774 4355 se
792 4305 1025 4370 confert,
1046 4308 1164 4365 sine
1196 4316 1415 4383 proprio
1446 4320 1703 4392 episcopo
1735 4336 1789 4380 et
1814 4327 1961 4382 Con-

471 4410 489 4442 ι
532 4394 1032 4467 stantinopolitano,
1057 4419 1124 4457 ne
1152 4405 1500 4475 admittatur,
1566 4430 1740 4484 neque
1773 4419 1824 4471 in
1849 4419 1961 4474 do-

471 4502 489 4534 ι
527 4501 635 4547 mo,
670 4504 769 4542 nec
799 4489 854 4543 in
903 4494 1153 4548 ecclesia.
1219 4498 1322 4563 Qui
1379 4513 1556 4557 autem
1588 4507 1691 4561 hoc
1730 4508 1859 4564 facit
1906 4522 1960 4566 et

467 4688 484 4717 ι
526 4685 645 4725 mus
676 4674 973 4729 scientibus
1013 4680 1116 4732 hoc
1148 4679 1408 4748 fecerint;
1442 4689 1733 4746 saeculares
1794 4694 1848 4749 in
1898 4714 1957 4753 se

466 4780 484 4811 ι
522 4778 682 4818 curas
708 4781 774 4819 ne
789 4767 1110 4837 suscipiant.
1140 4774 1221 4828 vel
1255 4776 1300 4830 si
1323 4782 1685 4849 susceperint,
1715 4799 1950 4855 cessent,

463 4876 481 4907 ι
526 4844 766 4928 alioquin
801 4862 1162 4931 deponantur.
1201 4888 1220 4920 ›

449 4948 797 5021 Peregrinum
844 4957 1100 5014 clericum
1161 4963 1301 5019 hanc
1337 4967 1552 5022 urbium
1595 4974 1831 5041 reginam
1864 4976 1950 5031 iu-

380 5040 714 5107 gredientem
751 5059 858 5098 non
891 5057 1105 5116 oportet
1152 5054 1272 5106 sine
1319 5056 1404 5109 sui
1457 5040 1696 5131 episcopi
1744 5072 1797 5118 et
1838 5066 1951 5133 epi-

379 5132 531 5200 scopi
565 5132 1157 5208 Coustantinopolitani
1189 5145 1467 5202 voluntate
1511 5150 1563 5203 in
1596 5153 1787 5220 quavis
1832 5132 1947 5211 (ede

375 5222 461 5277 vel
488 5225 718 5280 ecclesia
752 5228 937 5297 recipi.
970 5230 1024 5285 Si
1061 5244 1240 5289 autem
1271 5253 1299 5290 a
1326 5242 1577 5309 quopiam
1612 5245 1731 5299 sine
1755 5261 1943 5303 eorum

379 5317 609 5369 scientia
646 5319 960 5389 recipiatur,
996 5334 1049 5377 et
1076 5339 1310 5390 maneat,
1351 5333 1415 5385 ad
1446 5322 1598 5389 suam
1647 5342 1940 5406 parceciam

375 5423 484 5460 non
531 5408 769 5477 rediens,
808 5413 1136 5483 deponatur.
1187 5418 1290 5484 Qui
1338 5435 1519 5480 autem
1574 5443 1697 5482 cum
1751 5447 1937 5488 eorum

376 5499 607 5555 scientia
646 5504 698 5558 in
733 5507 847 5561 asde
877 5510 1079 5578 aliqua,
1111 5527 1298 5567 earum
1332 5533 1451 5586 qure
1488 5520 1539 5573 in
1591 5522 1724 5577 urbe
1760 5526 1861 5581 bac
1909 5544 1939 5581 a

374 5590 485 5647 Deo
527 5595 794 5652 custodita
825 5610 974 5666 sunt,
1005 5602 1282 5660 admissus
1316 5616 1420 5673 est,
1454 5625 1563 5666 non
1611 5613 1771 5668 debet
1806 5632 1937 5683 pro—

369 5683 539 5751 visor,
576 5696 669 5741 aut
703 5690 900 5760 major,
930 5704 1025 5746 aut
1052 5704 1273 5750 curator
1302 5698 1443 5764 ﬁeri,
1517 5709 1610 5757 sed
1643 5721 1840 5774 pueros
1885 5719 1939 5763 et

369 5793 560 5835 servos
593 5780 810 5840 docere.
849 5784 905 5839 Si
938 5796 1118 5841 autem
1150 5789 1424 5858 ejusmodi
1470 5809 1632 5852 curas
1678 5814 1934 5869 suscepe-

368 5874 463 5939 rit,
494 5879 573 5930 vel
610 5889 805 5937 cesset.
838 5881 921 5936 vel
948 5882 1270 5953 deponatur.

2024 5988 2077 6039 s
2133 5989 2394 6039 κυεη-

2115 633 2223 687 τῶν
2258 638 2487 704 πόλεων,
2521 642 2614 693 καὶ
2645 642 2768 712 δίχα
2819 643 3158 713 ἁπολυτικῆς
3196 646 3415 715 γραφῆς
3444 646 3537 699 τοῦ
3565 666 3677 718 χει-

2115 732 2507 801 ροτονήσαντος
2541 736 2724 789 αὐτόν.
2757 735 3077 807 Μειζότεροι
3131 740 3315 807 μέντοι
3350 739 3601 803 λέγονται
3627 743 3673 793 οἱ

2111 823 2438 893 κουράτορες
2456 826 2565 879 τῶν
2582 828 2917 898 ἀγροικικῶν
2935 832 3302 899 προαστείων,
3318 831 3501 894 καθὼς
3521 834 3673 888 τοῦτο

2110 916 2440 985 παρίσταται
2470 920 2687 974 ἀπὸτοῦ
2712 920 2780 974 ια’
2823 924 3044 987 κανόνος
3075 926 3172 993 τῆς
3196 924 3243 978 α’
3265 927 3358 979 καὶ
3385 927 3428 994 β’
3460 928 3672 982 συνόδου

2108 1007 2208 1075 τῆς
2260 1011 2536 1081 συστάς-ης
2572 1014 2628 1064 ἐν
2666 1015 2744 1084 τῷ
2785 1017 2895 1085 ναῷ
2927 1018 3033 1070 τῶν
3065 1020 3264 1086 Ἀγίων
3304 1021 3670 1075 ’Δποστόλωνο

2108 1100 2265 1154 τοῦτο
2283 1099 2380 1155 οὖν
2401 1106 2506 1157 τῶν
2540 1108 2854 1177 ἱερωμένων
2879 1113 2927 1164 οἱ
2950 1112 3192 1181 Πατέρες
3216 1115 3669 1185 ἀποτρεπόμενοι,

2108 1194 2455 1250 ὑποτιθέασιν
2480 1202 2667 1263 αὐτοῖς
2689 1204 2960 1257 διδάσκειν
2988 1206 3293 1278 γράμματα
3325 1209 3422 1261 καὶ
3445 1208 3510 1262 τὰ
3540 1212 3671 1280 πρὸς

2107 1288 2252 1356 ζωὴν
2280 1292 2491 1346 ἐκεῖθεν
2520 1297 2880 1364 πορίζεσθαι·
2921 1302 3001 1353 ὅτι
3034 1302 3127 1353 καὶ
3177 1305 3260 1363 εἰς
3306 1298 3463 1356 τοῦτο
3518 1305 3669 1371 ἀφω-

2108 1382 2387 1451 ρίσθησαν.
2449 1388 2520 1438 Τὸ
2580 1389 2636 1440 δὲ
2706 1392 3096 1460 προσεδρεύειν
3166 1396 3297 1458 τοὺς
3356 1396 3670 1467 ἀλλοτρίους

2104 1475 2399 1543 κληρικοὺς
2442 1482 2523 1542 εἰς
2566 1481 2854 1551 ἄρχοντας,
2889 1485 2985 1537 καὶ
3036 1487 3119 1549 εἰς
3169 1490 3435 1558 εὐκτήρια
3468 1493 3669 1544 τούτων

2101 1566 2459 1636 λειτουργεῖν,
2496 1572 2590 1625 τοῦ
2652 1576 2861 1643 φάκτου
2907 1578 3045 1633 ἐστί.
3090 1580 3207 1633 Κᾶν
3232 1582 3340 1651 γὰρ
3368 1586 3449 1644 εἰς
3480 1601 3669 1636 ταπει-

2100 1658 2294 1727 νότερα
2346 1660 2736 1734 λειτουργῶσιν
2788 1669 3057 1741 εὐκτήρια
3091 1674 3240 1740 παρᾶ
3283 1690 3509 1744 γνωμην
3566 1678 3670 1728 τῶν

2101 1751 2418 1808 ἐπισκόπων
2496 1759 2676 1812 αὐτῶν
2742 1762 2773 1832 ἢ
2830 1762 2925 1816 τοῦ
3006 1764 3666 1832 Κωνσταντινουπόλεως,

2098 1844 2297 1911 ὁμοίως
2333 1847 2786 1921 κολασθήσονται.

2170 1938 2414 1993 ΖΩΝΑΡ.
2454 1942 2643 1996 Πολλοὶ
2675 1948 2804 2014 περὶ
2835 1948 3025 2001 τούτου
3053 1948 3146 2002 τοῦ
3177 1952 3474 2019 κεφαλαίου
3508 1955 3669 2008 κανό-

2100 2049 2189 2094 νες
2230 2036 2338 2087 είσὶ
2362 2039 2453 2088 καὶ
2484 2039 2831 2094 ἀποστολικοὶ
2866 2044 2959 2094 καὶ
2984 2044 3251 2097 συνοδικοί
3277 2062 3290 2075 ·
3326 2048 3441 2100 ἀλλ’
3472 2050 3550 2111 είς
3577 2050 3670 2101 ἐκ·

2098 2126 2274 2198 κοπὴν
2304 2128 2405 2181 οὐκ
2434 2132 2676 2199 ἤρκεσαν
2699 2132 2792 2184 τοῦ
2833 2136 3026 2190 κακοῦ.
3087 2137 3177 2190 Διὸ
3230 2139 3324 2192 καὶ
3371 2142 3401 2209 ἡ
3453 2142 3670 2204 σύνοδος

2095 2216 2233 2289 αὕτη
2265 2220 2357 2271 τὸν
2382 2223 2581 2275 κανόνα
2621 2225 2810 2278 τοῦτον
2850 2227 3083 2293 ἐξέθετο,
3125 2229 3217 2282 δύο
3245 2234 3301 2284 ἐν
3327 2233 3509 2302 ταὺτῷ
3556 2253 3667 2287 κω-

2094 2310 2289 2364 λύοντα
2316 2314 2553 2384 ἄθεσμα,
2579 2318 2641 2369 τό
2681 2335 2739 2370 τε
2789 2320 2896 2373 ἀπὸ
2935 2322 3142 2383 πόλεως
3172 2325 3253 2385 εἰς
3306 2326 3485 2389 πόλιν,
3542 2328 3665 2396 μηδ’

2093 2402 2170 2460 είς
2203 2401 2407 2471 ταύτην
2464 2404 2565 2473 τὴν
2596 2402 2843 2473 βασιλίδα
2872 2408 2978 2460 τῶν
3032 2410 3241 2463 πόλεων
3306 2414 3667 2483 προστρέχειν

2097 2492 2400 2560 κληρικοὺς
2424 2494 2761 2567 ἀλλοτρίους,
2800 2501 2893 2552 καὶ
2947 2503 3175 2571 ἄρχουσι
3230 2504 3536 2572 προσιέναι,
3571 2508 3663 2557 καὶ

2089 2584 2148 2634 ἐν
2188 2586 2299 2646 ’τοῖς
2349 2586 2657 2660 εὐκτηρίοις
2718 2591 2826 2644 τῶν
2872 2592 3034 2644 οἴκων
3082 2594 3264 2646 αὐτῶν
3325 2596 3662 2666 λειτουργεῖν

2087 2677 2214 2730 ἄνευ
2243 2676 2467 2747 γνώμης
2491 2680 2585 2731 τοῦ
2628 2680 2759 2733 ἰδίου
2786 2683 3107 2747 ἐπισκόπου,
3141 2685 3199 2736 ὃν
3240 2687 3523 2749 ἀπέλιπον,
3567 2690 3659 2740 καὶ

2085 2768 2179 2820 τοῦ
2200 2771 2838 2837 Κωνσταντινουπόλεως,
2876 2768 2937 2828 οὗ
2969 2780 3032 2846 τῇ
3054 2776 3237 2848 ἐνορία
3262 2779 3583 2847 προσῆλθον
3609 2781 3661 2833 ει

2084 2864 2138 2917 δὲ
2166 2864 2262 2934 μὴ,
2290 2864 2673 2933 καθαιρεῖσθαι
2695 2868 2908 2930 αὐτούς·
2940 2873 3031 2922 κού⁹
3052 2872 3111 2923 τὸ
3153 2872 3256 2924 κᾶν
3285 2872 3377 2924 καὶ
3400 2890 3656 2942 παραχω-

2087 2958 2294 3027 ρηθῶσι
2325 2962 2473 3028 παρὰ
2498 2960 2607 3011 τῶν
2632 2958 2941 3030 εἰρημένων
2982 2964 3294 3017 ἐπισκόπων
3320 2965 3652 3034 λειτουργεῖν

2084 3050 2425 3120 ὲνεῦκτηρίῳ
2445 3053 2599 3120 οἴκῳ,
2625 3052 2697 3120 μὴ
2714 3054 2985 3122 κοσμικὰς
3015 3057 3109 3107 καλ
3140 3056 3401 3123 βιωτικάς
3436 3058 3655 3127 φροντί-

2082 3140 2177 3204 δας
2216 3142 2590 3213 ἀναδέχεσθαι,
2628 3147 2929 3217 προνοητάς
2957 3148 3298 3216 γινομένους,
3330 3150 3362 3219 ἢ
3394 3149 3651 3220 λογαρια-

1961 3253 1977 3278 ν
2006 3243 2049 3304 C
2085 3236 2287 3305 στὰς,ἣ
2311 3238 2470 3297 ἄλλοις
2495 3238 2748 3302 τοιαύτας
2771 3240 3321 3311 μεταχειριζομένους
3340 3244 3641 3313 φροντίδας.

2085 3328 2148 3380 El
2168 3328 2224 3379 δέ
2242 3345 2295 3380 τι
2316 3331 2577 3394 τοιοῦτον,
2596 3332 2758 3399 φασὶν
2780 3334 2827 3384 οἱ
2845 3332 2947 3401 τῆς
2967 3336 3185 3388 συνόδου
3202 3336 3466 3405 Πατέρες,
3494 3337 3645 3407 εὑρε-

2086 3419 2229 3473 θεῖεν
2263 3430 2407 3481 τινες
2440 3422 2745 3485 ποιοῦντες,
2773 3423 2806 3492 ἢ
2846 3426 3272 3490 παυσάσθωσαν,
3310 3425 3342 3496 ἢ
3378 3426 3651 3497 καθαιρεί-

2088 3511 2325 3564 σθωσαν.
2382 3511 2445 3563 Ἥ
2482 3513 2588 3563 τῶν
2614 3513 2920 3582 λεγομένων
2951 3515 3006 3567 δὲ
3043 3517 3371 3585 μειζοτέρων
3407 3521 3643 3585 φροντὶς,

2081 3599 2146 3667 ῆν
2168 3599 2195 3649 ό
2216 3597 2395 3652 κανὼν
2427 3596 2575 3663 οὗτος
2616 3602 2785 3667 λέγει,
2819 3602 2991 3669 ἔστιν,
3049 3605 3124 3666 ὡς
3165 3607 3228 3658 ὲκ
3259 3606 3352 3657 τοῦ
3386 3614 3454 3658 ια’
3485 3609 3642 3659 κανό-

2075 3707 2162 3751 νος
2197 3691 2297 3760 τῆς
2341 3692 2565 3762 πρώτης
2596 3695 2690 3746 καὶ
2717 3695 2979 3765 δευτέρας
3008 3700 3222 3752 συνόδου
3241 3701 3338 3770 τῆς
3370 3703 3640 3770 συστάσης

2075 3783 2133 3833 ἐν
2163 3780 2241 3851 τῷ
2267 3782 2382 3851 ναῷ
2416 3782 2523 3835 τῶν
2558 3783 2754 3851 ’Λγίων
2795 3787 3132 3840 Ἀποστόλων
3170 3790 3389 3856 γνῶναι,
3423 3791 3567 3843 εστιν
3604 3793 3634 3856 ἠ

2074 3877 2130 3926 ὲν
2159 3875 2350 3944 ἀγροῖς
2381 3878 2721 3945 ἀρχοιιτικοῖς
2756 3879 3026 3948 λεγομένη
3082 3883 3474 3954 κουρατωρεία,
3512 3884 3637 3936 ὅπου

1143 3966 1275 4024 num
1308 3966 1689 4010 ApDSlOlOl'Ulll
1740 3971 1972 4026 congre-
2033 4026 2038 4032 ,
2074 3966 2173 4018 καὶ
2218 3966 2531 4038 μειζότεροι
2568 3970 2935 4039 ὠνομάζοντο.

398 4026 537 4086 gnta:
566 4021 839 4090 conjicere
868 4024 1025 4083 facile
1054 4021 1159 4095 est,
1188 4046 1244 4088 ut
1272 4040 1324 4091 in
1353 4042 1500 4109 agris
1526 4050 1965 4121 magistratuum,
1999 4061 2051 4114 in

2090 4065 2290 4130 quibus
2341 4074 2395 4119 et
2432 4063 2703 4133 majorum
2780 4069 2999 4125 nomine
3057 4072 3488 4141 appellabantur,
3542 4089 3636 4127 cu-

2069 4240 2290 4296 ΔΡΙΣΤ.
2330 4260 2348 4292 ι
2393 4242 2692 4312 Κληρικὸς,
2728 4245 2827 4315 τὴν
2877 4247 3072 4301 ἑαυτοῦ
3137 4253 3428 4319 παροικίαν
3453 4254 3636 4309 ἀπολι-

2149 4353 2167 4385 ‹
2216 4332 2331 4385 πὼν
2364 4335 2459 4386 καὶ
2493 4337 2549 4387 ὲν
2579 4337 2743 4413 ἑτέρα
2775 4340 3108 4407 ἀφικόμενος
3158 4344 3325 4413 χωρὶς
3373 4345 3468 4398 τοῦ
3507 4349 3631 4401 ἰδίου
3682 4414 3688 4421 .

2146 4445 2163 4475 ι
2223 4428 2523 4479 ἐπισκόπου
2584 4430 2680 4481 καὶ
2734 4431 2825 4482 τοῦ
2857 4433 3505 4500 Κωνσταντινουπὸλεως,
3560 4440 3629 4508 μὴ

2143 4537 2160 4567 ι
2204 4518 2442 4588 δεχέσθω
2476 4522 2612 4591 μήτε
2640 4525 2697 4574 ἐν
2729 4524 2863 4594 οἴκῳ
2891 4527 3026 4595 μήτε
3072 4530 3128 4579 ἐν
3163 4529 3446 4600 ἐκκλησίᾳ.
3492 4530 3551 4583 Ὀ
3575 4531 3628 4584 δὲ

2138 4630 2157 4661 ι
2208 4611 2361 4664 τοῦτο
2393 4614 2562 4665 ποιῶν
2615 4613 2708 4667 καὶ
2738 4619 3034 4687 ἐπιμένων,
3064 4621 3447 4690 καθαιρείσθω.
3482 4626 3543 4678 Εἰ
3573 4626 3625 4677 δὲ

2141 4722 2159 4754 ι
2209 4706 2331 4773 μετ’
2361 4706 2617 4776 εἰδήσεως
2647 4704 2720 4761 ὧν
2760 4710 2971 4781 ἔφημεν
2996 4713 3153 4766 τοῦτο
3190 4715 3489 4782 ποιοῦντες,
3543 4735 3625 4770 κο·

2137 4816 2155 4848 ι
2204 4799 2409 4866 σμικάς
2442 4803 2729 4870 φροντίδας
2756 4805 2829 4872 μὴ
2858 4805 3321 4875 ἀναδεχὲσθωσαν,
3351 4810 3623 4881 ῆδεξάμε-

2086 4928 2091 4933 .
2136 4907 2156 4939 ι
2198 4907 2277 4942 νοι
2307 4892 2745 4946 παυσάσθωσαν
2776 4895 2905 4948 εἰδὲ
2946 4897 3041 4968 μὴ,
3071 4900 3557 4969 καθαιρείσθωσαν.
3597 4922 3613 4953 ι

2141 4978 2444 5047 Ἀλλότριον
2510 4982 2772 5053 κληρικὸν
2821 4987 2880 5039 ὲν
2920 4990 2986 5057 τῇ
3043 4989 3272 5058 βασιλίδι
3296 4992 3467 5066 ταύτῃ
3515 4994 3617 5045 τῶν

2054 5070 2261 5123 πόλεων
2309 5071 2618 5126 εἰσελθόντα
2647 5076 2706 5127 οὐ
2770 5078 2874 5147 χρὴ
2915 5078 3042 5132 ἄνευ
3093 5081 3315 5153 γνώμης
3340 5086 3432 5136 τοῦ
3493 5086 3615 5139 ἰδίου

2052 5162 2353 5215 ἐπισκόπου
2389 5166 2482 5217 καὶ
2524 5165 2616 5218 τοῦ
2650 5170 3271 5235 Κωνσταντινουπόλεω,
3316 5177 3615 5231 ἐπισκόπου

2049 5255 2108 5306 ἐν
2143 5255 2413 5325 οἱῳδήτινι
2441 5258 2575 5326 οἴκῳ
2604 5259 2636 5329 ἢ
2680 5261 2944 5334 ἐκκλησίᾳ
2979 5265 3413 5337 παραδεχθῆναι.
3466 5272 3524 5323 Εἰ
3556 5272 3610 5323 δὲ

2050 5344 2202 5415 παρά
2231 5363 2375 5407 τινος
2404 5349 2709 5421 προσδεχθῇ
2772 5355 2960 5423 χωρὶς
3007 5356 3262 5424 είδήσεως
3293 5359 3493 5421 αὐτῶν,
3525 5362 3612 5413 καὶ

2047 5437 2319 5507 ἐπιμένει,
2340 5441 2475 5509 πρὸς
2490 5441 2587 5511 τὴν
2607 5444 2801 5497 ἑαυτοῦ
2831 5449 3126 5516 παροικῐαν
3153 5450 3225 5518 μὴ
3249 5450 3607 5522 ἐπιστρέφων,

2048 5530 2533 5601 καθαιρεθήσεται.
2583 5534 2638 5587 Ὀ
2671 5535 2725 5588 δὲ
2756 5539 2873 5605 μετ’
2924 5540 3183 5607 εἰδήσεως
3218 5543 3399 5596 αὐτῶν
3429 5546 3484 5598 ἓν
3511 5565 3607 5598 τινι

2044 5620 2179 5688 οἴκῳ
2209 5620 2315 5671 τῶν
2334 5625 2475 5674 κατὰ
2502 5624 2598 5695 τὴν
2625 5628 2987 5695 θεοφύλακτον
3018 5632 3220 5703 ταύτην
3247 5636 3399 5687 πόλιν
3430 5636 3606 5688 εἰσιὼν

2043 5712 2141 5763 οὐκ
2172 5713 2379 5779 ὀφείλει
2432 5721 2754 5788 προνοητής,
2794 5721 2825 5790 ἦ
2872 5723 3206 5794 μειζότερος,
3252 5727 3280 5796 ἢ
3323 5732 3603 5795 κουράτωρ

2045 5803 2323 5871 γενέσθαι,
2363 5807 2500 5859 ἀλλὰ
2528 5812 2664 5879 πρὸς
2714 5812 3066 5867 διδασκαλίαν
3112 5816 3220 5868 τῶν
3278 5819 3484 5871 παίδων
3514 5821 3601 5871 καὶ

2037 5899 2144 5948 τῶν
2169 5900 2393 5949 οἰκετῶν
2423 5901 2583 5955 εἶναι.
2622 5904 2685 5955 Εἰ
2715 5904 2769 5955 δὲ
2795 5906 3052 5965 τοιαύτας
3085 5910 3370 5977 φροντίδας
3424 5910 3599 5963 ἀναδέ-

2436 6010 2447 6016 ’
2468 5992 2480 6013 ”
2504 5992 2628 6056 “lto.
2658 5996 2695 6052 ἦ
2723 5995 2821 6048 v.1"
2872 6000 3085 6049 "sianm
