3972 6488
451 416 553 471 9'27

491 417 553 473 '27
1698 415 1974 475 THEOD.
2024 416 2046 472 Ῐ

2145 414 2423 474 .SAMUN

3568 408 3666 470 928

525 521 775 577 ZONAR.
807 520 1089 575 Autistites
1112 522 1545 593 quandocunqne
1591 528 1810 580 creandi
1861 535 2008 589 sunt,
2037 570 2046 585 λ

2186 523 2427 579 ΖΩΝΑΡ.
2469 525 2533 576 Οἱ
2587 523 2868 593 ἀρχιερεῖς
2914 538 3021 592 προ
3066 519 3160 575 τοῦ
3222 520 3670 592 χειροτονηθῆναι

454 616 606 683 prius
633 624 686 667 et
713 614 866 667 fidem
897 629 1050 667 suam
1075 624 1129 668 et
1156 615 1259 668 alia
1287 616 1555 684 quzedam,
1582 634 1641 670 ac.
1672 617 1724 671 in
1761 619 1826 672 iis
1851 620 2013 673 etiam

455 724 644 763 sacros
682 721 710 760 a
753 721 813 761 se
842 722 1085 763 canones
1118 710 1415 763 servandos
1448 711 1573 764 data
1611 711 1732 775 lide,
1775 712 2017 781 proﬁteri

454 800 653 855 solent.
703 797 839 851 Hinc
880 799 1043 867 igitur
1074 807 1177 863 est,
1212 802 1354 869 quod
1396 803 1496 854 hoc
1533 802 1650 857 loco
1684 803 1869 858 Patres
1899 821 2019 859 om-

456 892 606 945 nium
660 904 719 943 se
757 888 1068 942 divinorum
1127 905 1394 944 canonum
1440 892 1700 962 obsequio
1753 895 2021 963 obligatos

454 998 578 1036 esse
612 982 988 1049 pronuntiant.
1019 980 1154 1034 Cum
1193 996 1321 1050 ergo
1354 981 1615 1051 vigesimo
1646 996 1796 1038 sexto
1826 986 2018 1054 synodi

456 1074 919 1128 Chalcedonensis
950 1087 1160 1126 canone
1188 1074 1543 1128 constitutum
1581 1074 1674 1136 sit,
1709 1078 1843 1129 utin
1881 1092 2019 1145 qua-

457 1181 671 1235 cunque
696 1164 923 1220 ecclesia
952 1163 1022 1216 sit
1057 1164 1375 1232 episcopus,
1407 1180 1469 1219 ea
1504 1180 1847 1220 (economum
1886 1185 2025 1241 quo-

458 1274 562 1328 que
601 1274 664 1312 ex
710 1257 956 1325 ejusdem
998 1257 1241 1311 ecclesia:
1288 1259 1432 1311 clero
1482 1258 1753 1312 delectum
1808 1260 2025 1331 habeat,

460 1369 487 1404 a
510 1365 619 1420 quo
649 1366 713 1405 ex
739 1349 982 1417 episcopi
1018 1348 1100 1403 sui
1135 1352 1404 1403 sententia
1431 1350 1820 1404 ecclesiastica:
1848 1350 2024 1405 facul-

464 1454 601 1498 tates
654 1442 1141 1504 administrentur;
1196 1442 1338 1494 hunc
1372 1457 1585 1510 quoque
1637 1458 1901 1495 canonem
1960 1442 2029 1499 de

460 1547 751 1587 meouomo
820 1531 873 1584 in
935 1545 1261 1599 unaquaque
1339 1534 1569 1588 ecclesia
1644 1535 2031 1588 constituendo

465 1624 657 1693 synodi
727 1622 890 1692 hujus
943 1622 1130 1676 Patres
1176 1626 1499 1677 servandum
1553 1638 1675 1679 esse
1730 1626 2029 1679 declarant.

464 1720 540 1768 Ac
570 1714 616 1769 si
649 1714 867 1783 quidem
891 1753 905 1775 ,
940 1714 1216 1783 inquiunt,
1274 1729 1617 1768 teconomum
1647 1716 1893 1770 ecclesiae
1924 1731 2036 1771 sua:

465 1808 697 1873 quisque
741 1805 1030 1875 episcopus
1067 1806 1455 1874 designaverit,
1486 1806 1624 1861 bene
1652 1816 1735 1861 cst
1783 1823 1799 1861 :
1834 1823 2022 1862 verum

2126 617 2509 686 ἀσφαλίζονται
2529 616 2622 670 καὶ
2651 616 2893 686 περὶτῆς
2923 615 3159 676 πίστεως
3185 614 3281 667 καὶ
3330 616 3457 683 περὶ
3483 614 3676 667 ἄλλων·

2121 710 2258 778 μετά
2320 710 2426 762 τῶν
2459 708 2632 762 ἄλλων
2673 708 2729 761 δὲ
2771 710 2863 761 καὶ
2900 708 2983 761 ὅτι
3023 706 3317 775 φυλάξουσι
3343 707 3472 769 τοὺς
3502 707 3675 773 ἱεροὺς

2121 801 2372 865 κανόνας.
2403 801 2500 854 Διὰ
2548 800 2703 853 τοῦτο
2734 796 2825 853 οῦν
2877 799 3131 866 λέγουσιν
3164 799 3214 851 οἰ
3257 797 3501 867 Πατέρες
3541 790 3683 850 οὗτοι

2121 892 2483 963 δτι,ῦπόχρεῲ
2510 893 2678 962 ἐσμεν
2710 893 2916 953 πάντας
2938 891 3065 952 τοὺς
3107 889 3285 951 Θείους
3323 891 3559 946 κανόνας
3584 904 3680 954 φυ-

2121 985 2354 1040 λάττειν.
2397 986 2551 1038 Ἐπεὶ
2595 984 2773 1038 τοίνυν
2811 985 2905 1037 καὶ
2932 986 2959 1037 ὀ
3009 990 3103 1048 κς¹
3143 984 3242 1051 τῆς
3282 985 3341 1036 ἐν
3380 982 3685 1051 Χαλκηδόνι

2128 1076 2308 1129 κανὼν
2348 1077 2517 1147 ὥρισε
2550 1078 2729 1130 πᾶσαν
2774 1075 3073 1145 ἐκκλησίαν
3114 1074 3413 1127 ἐπίσκοπον
3457 1073 3688 1141 ἔχουσαν

2128 1168 2220 1221 καὶ
2249 1169 2531 1237 οἰκονόμον
2554 1168 2777 1238 ἔχεινέκ
2800 1168 2893 1221 τοῦ
2914 1168 3043 1221 ἰδίου
3067 1167 3269 1236 κλήρου
3303 1164 3689 1235 οἰκονομοῦντα

2126 1260 2193 1313 τὰ
2217 1260 2643 1328 ὲκκλησιαστικὰ
2675 1260 2817 1314 κατὰ
2842 1259 3067 1328 γνώμην
3091 1258 3185 1311 τοῦ
3208 1258 3338 1312 ἰδίου
3367 1259 3687 1309 ἐπισκόπου*

2130 1352 2291 1418 φασὶν
2313 1354 2358 1402 οἱ
2379 1352 2478 1419 τῆς
2505 1352 2721 1405 συνόδου
2747 1351 2953 1420 ταύτης
2981 1352 3065 1402 ὃτι
3084 1350 3375 1419 φυλάττειν
3410 1348 3693 1417 ὀφείλομεν

2131 1443 2225 1494 καὶ
2256 1443 2347 1493 τὸν
2376 1443 2577 1495 κανόνα
2601 1442 2691 1494 τὸν
2723 1442 2951 1509 λέγοντα
2992 1442 3274 1510 οἰκονόμον
3304 1439 3446 1493 εἶναι
3484 1442 3544 1493 ἐν
3568 1441 3693 1492 ικά-

2134 1549 2235 1605 στῃ
2271 1533 2560 1604 ἐκκλησίᾳ.
2596 1533 2706 1589 Καὶ
2744 1536 2791 1587 εἰ
2837 1534 2935 1603 μὲν
2964 1535 3195 1596 ἕκαστος
3227 1536 3531 1594 ἐπίσκοπος
3569 1550 3698 1600 προ-

2140 1624 2397 1680 causam
2438 1627 2721 1697 οἰκονόμον
2755 1627 2852 1693 τῆς
2896 1625 3031 1688 ἰδίας
3062 1625 3381 1695 ἐκκλησίας,
3428 1625 3587 1677 ἔσται
3608 1640 3621 1653 ο
3655 1626 3699 1677 εἰ

2135 1718 2191 1771 δὲ
2234 1719 2308 1791 μὴ
2345 1722 2489 1772 ποιεῖ
2517 1718 2692 1779 τοῦτο,
2722 1717 2798 1787 τῷ
2822 1718 3456 1779 Κωνσταντινουπόλεως
3501 1716 3701 1769 διδόασι

2140 1809 2434 1882 προνόμιον
2490 1809 2932 1883 προχειρίζεσθαι
2978 1809 3266 1877 οἰκονόμον
3315 1809 3373 1873 ἐξ
3413 1808 3701 1870 αὐθεντίας

468 1898 511 1950 si
576 1897 627 1950 id
680 1912 788 1951 non
845 1896 1077 1963 fecerit,
1134 1897 1746 1969 ConstantinOpolitauo
1806 1900 2023 1969 praesuli

2145 1868 2326 1967 ἰδ’ίας,“
2352 1868 2663 1971 ἡγουνμείΐ
2690 1868 2989 1965 ’ἐξουσίας
3029 1902 3087 1953 ἐν
3137 1868 3262 1963 ταῖς
3307 1868 3702 1968 ὑποκειμέναις

469 1988 1063 2058 οιιοιυτίιοισειβτορτίο,
1099 1988 1200 2042 hoc
1248 1998 1354 2054 est,
1387 2005 1482 2058 pro
1514 1990 1740 2043 arbitrio
1769 1998 1822 2044 et
1874 2001 2027 2060 pote-

468 2090 628 2145 state,
659 2097 1002 2137 mconomum
1040 2083 1091 2135 in
1122 2081 1381 2151 subjectis
1430 2082 1533 2136 sibi
1579 2082 1835 2137 videlicet
1865 2083 2032 2137 eccle-

469 2175 567 2229 siis
603 2174 969 2229 constituendi
998 2172 1086 2242 jus
1116 2189 1239 2228 esse
1272 2174 1590 2227 decernunt.
1621 2174 1759 2228 Tum
1785 2176 2029 2229 eamdem

472 2267 903 2336 metrOpolitanis
952 2281 1169 2335 quoque
1220 2265 1273 2318 in
1332 2266 1757 2333 episcoporum,
1818 2268 1909 2334 qui
1964 2267 2032 2321 ab

469 2357 601 2421 ipsis
633 2369 907 2419 creantur,
937 2357 1190 2426 parueciis
1227 2359 1473 2412 tribuunt
1508 2358 1843 2412 facultatem.
1877 2358 2023 2412 Idem

470 2449 630 2501 etiam
673 2450 725 2502 in
764 2448 1114 2503 monasteriis
1159 2448 1365 2501 servari
1411 2449 1627 2516 jubeut.
1678 2448 1876 2503 Verum
1919 2451 2031 2503 hazc

2136 1995 2284 2063 αὐτῷ
2309 1994 2510 2064 δηλαδὴ
2545 1993 2883 2061 ἐκκλησίαις.
2934 1992 3174 2063 ’θμοίως
3223 1994 3280 2046 δέ
3313 1992 3409 2046 καὶ
3442 1996 3562 2055 τοῖς
3604 2010 3702 2063 μη-

2140 2087 2487 2156 τροπολίταις
2538 2087 2595 2138 ἐν
2651 2089 2768 2149 ταῖς
2824 2086 3115 2155 ἐπαρχίαις
3183 2085 3291 2137 τῶν
3344 2086 3476 2155 παρ’
3532 2087 3708 2137 αὐτῶν

2141 2175 2631 2246 χειροτονουμένων
2665 2175 2987 2245 ἀρχιερέων.
3019 2173 3162 2227 Αὐτὸ
3192 2174 3475 2227 κελεύουσι
3510 2177 3682 2241 φυλάτ

2138 2265 2325 2318 τεσοαι
2359 2266 2453 2318 καὶ
2483 2265 2577 2317 ἐπὶ
2620 2266 2731 2317 τῶν
2764 2265 3165 2333 μοναστηρίων.
3224 2265 3384 2317 Ἀλλὰ
3418 2265 3594 2321 ταῦτα
3658 2268 3710 2319 ἐν

2142 2358 2627 2427 γράμμασινμδσον
2659 2358 2795 2420 τέως
2828 2357 2975 2425 παρά
3004 2374 3167 2411 τισιν.
3200 2357 3332 2412 Οὐδὲ
3357 2357 3469 2429 γὰρ
3499 2359 3713 2411 πάντων

2146 2450 2550 2520 κατηγορητέον
2578 2465 2591 2479 °
2629 2450 2749 2503 οὐδὲ
2783 2449 2888 2517 γὰρ
2919 2447 3149 2501 δίκαιον.

475 2544 527 2592 in
565 2540 717 2593 libris
748 2551 964 2593 exstare
996 2540 1065 2593 sit
1096 2540 1268 2602 satis,
1303 2540 1445 2606 quod
1482 2542 1546 2593 ad
1615 2542 1908 2595 nonnullos
1969 2540 2190 2611 quidem
2258 2543 2508 2598 homines
2587 2548 2801 2597 attinet.
2877 2542 3061 2611 Neque
3131 2543 3276 2599 enim
3322 2558 3515 2600 omnes
3562 2560 3716 2599 accu-

476 2631 656 2695 sandi,
688 2646 862 2699 neque
892 2632 941 2684 id
976 2639 1120 2684 certe
1150 2628 1263 2681 ﬁeri
1298 2632 1445 2685 salva
1482 2634 1741 2701 zequitate
1770 2640 1964 2701 potest.

547 2722 775 2779 ARIST.
813 2742 830 2776 ι
876 2725 932 2779 Si
969 2729 1422 2797 melropolilamts
1471 2726 1788 2794 metr0polis
1817 2741 2042 2780 arcano-

487 2837 504 2868 ι
551 2835 696 2870 nium
732 2834 837 2873 non
888 2819 1276 2887 dcsignaverit.
1308 2819 1555 2887 designet
1610 2818 1955 2887 patriarcha;
2000 2817 2046 2872 si

484 2927 502 2958 ι
547 2909 838 2977 episcopus
869 2909 970 2963 hoc
1000 2925 1105 2962 non
1136 2909 1342 2971 fecerit,
1374 2909 1539 2961 faciat
1569 2908 2041 2977 metropolitanus:

486 3017 503 3049 ι
546 3010 603 3053 ut
632 3000 803 3054 visum
854 3009 933 3053 est
991 3002 1238 3056 Patribus
1286 3000 1630 3055 Chalcedone
1682 3001 2048 3071 congregatis.

490 3111 505 3141 ι
548 3091 690 3145 Idem
727 3101 779 3145 et
809 3094 861 3146 in
896 3094 1241 3147 monasteriis
1277 3103 1543 3147 servetur.
1583 3111 1601 3144 ι

558 3186 611 3239 In
642 3201 965 3255 unaquaque
983 3188 1213 3240 ecclesia
1239 3202 1579 3241 meonomum
1607 3202 1636 3240 e
1666 3189 1885 3256 proprio
1907 3186 2054 3240 clero

487 3294 607 3333 esse
639 3287 888 3347 oportet,
934 3279 1022 3347 qui
1057 3280 1210 3347 juxta
1246 3279 1485 3347 episcopi
1531 3279 1849 3332 sententiam
1882 3279 2055 3332 eccle-

490 3373 706 3427 siastica
739 3373 952 3442 negotia
986 3374 1368 3426 administrare
1390 3373 1568 3426 dehet.
1594 3371 2058 3437 Quemadmodum

490 3462 785 3518 vicesimus
810 3471 996 3518 sextus
1030 3464 1220 3535 synodi
1256 3463 1712 3517 Chalcedonensis
1735 3478 1907 3517 canon
1946 3472 2061 3527 sta-

493 3557 617 3611 tuit.
660 3556 714 3611 Si
743 3557 832 3626 qui
861 3567 1037 3609 autem
1063 3556 1441 3625 episcoporum
1471 3571 1564 3623 per
1598 3571 1655 3608 se
1689 3556 1835 3623 ipsos
1859 3571 1918 3608 ea
1953 3554 2052 3608 ad-

496 3649 808 3702 ministrare
836 3648 1001 3703 velint
1030 3667 1044 3701 :
1075 3649 1127 3701 in
1169 3648 1556 3716 metropolilms
1581 3646 1798 3715 quidem
1827 3647 2057 3716 patriar-

498 3742 596 3791 cha
632 3754 975 3793 ceconomum
1008 3738 1287 3808 przcl'eret;
1328 3738 1380 3791 in
1431 3738 1835 3807 episcopalibus
1880 3747 2058 3792 autem

500 3831 614 3903 suis
646 3832 1115 3900 metrOpolitanus.
1145 3831 1207 3885 At
1244 3831 1345 3885 hoc
1379 3832 1517 3886 idem
1558 3832 1682 3898 erit,
1738 3842 1789 3886 et
1844 3831 1896 3886 in
1949 3846 2064 3885 mo-

501 3922 756 3978 nasteriis
781 3939 901 3994 qua:
930 3940 1038 3977 non
1082 3923 1285 3977 habent
1324 3938 1661 3989 oeconomos,
1696 3925 2087 3980 observatum-

886 4129 893 4135 -
988 4104 1147 4174 303
1191 4102 1419 4158 CANON
1458 4104 1573 4159 xu.

508 4215 527 4245 α
569 4197 623 4251 Si
661 4196 784 4263 quis
823 4197 1135 4268 episcopus,
1174 4200 1255 4252 vel
1298 4200 1613 4254 monasterii
1666 4200 1959 4271 prmlectus
2000 4215 2067 4255 ex
2114 4242 2119 4247 .

579 4308 598 4341 ι
638 4290 902 4359 episcopii
965 4290 1049 4345 vel
1102 4293 1425 4347 monasterii
1477 4294 1620 4359 agris
1699 4294 1751 4346 in
1806 4295 2068 4363 principis

577 4402 597 4432 ο
641 4381 874 4450 alicujus
924 4398 1119 4439 manus
1171 4385 1433 4447 alienare,
1483 4386 1566 4439 vel
1618 4386 1773 4439 alteri
1824 4401 2069 4455 personae

578 4492 597 4525 ‹
645 4474 860 4527 tradere
896 4474 1275 4543 deprehensus
1310 4476 1495 4541 fuerit,
1532 4476 1681 4530 irrita
1714 4477 1785 4531 sit
1826 4477 2066 4540 traditio,

580 4584 597 4613 σ
640 4574 699 4619 ιιι
755 4574 1070 4620 sanctorum
1124 4576 1300 4636 apost.
1341 4568 1453 4621 vult
1497 4583 1692 4633 canon,
1739 4570 1830 4639 qui
1887 4570 2020 4624 dicit
2050 4588 2140 4659 ευ

577 4678 594 4709 ι
636 4659 885 4713 Omnium
920 4675 1095 4713 rerum
1144 4661 1627 4714 ecclesiasticarum
1678 4664 1946 4731 episcopus
1978 4680 2070 4716 cu-

584 4768 601 4799 ι
645 4764 763 4801 ram
799 4758 972 4818 gerat,
1001 4758 1049 4803 et
1071 4766 1132 4803 ea
1165 4751 1502 4804 administrat
1558 4758 1810 4819 tanquam
1840 4750 1948 4804 Deo
1988 4752 2069 4804 in-

588 4860 625 4892 1.
648 4848 841 4894 tuente.
877 4838 957 4893 Ne
986 4840 1146 4893 liceat
1195 4849 1374 4895 autem
1429 4842 1723 4911 quidquam
1763 4856 1826 4895 ex
1858 4842 1937 4896 eis
1967 4843 2069 4897 sibi

588 4954 604 4981 ο
650 4930 958 4995 vendicare,
995 4930 1083 4984 vel
1116 4932 1352 5001 propriis
1378 4933 1645 5001 cognatis,
1679 4948 1797 5000 qua:
1828 4930 1919 4986 Dei
1946 4940 2071 4986 sunt

582 5045 602 5075 ιι
644 5024 864 5093 elargiri
909 5040 924 5079 :
961 5024 1004 5078 si
1040 5025 1146 5077 sint
1199 5036 1376 5079 autem
1428 5040 1711 5095 pauperes,
1768 5032 1825 5078 ut
1871 5040 2072 5094 paupe-

585 5136 601 5165 ι
649 5116 800 5170 ribus
853 5117 1197 5186 suppeditet;
1256 5119 1349 5173 sed
1400 5132 1507 5171 non
1569 5132 1754 5170 eorum
1806 5125 2072 5187 praetextu

588 5231 604 5260 ι
644 5225 733 5264 res
758 5211 850 5263 Dei
883 5210 1176 5266 veuundet.
1204 5210 1260 5265 Si
1305 5226 1433 5266 vero
1457 5211 1840 5265 detrimentum
1875 5211 2073 5267 aﬁerrc

588 5322 604 5351 ς
646 5311 960 5367 causentur,
1002 5316 1103 5356 nec
1130 5302 1426 5371 quidquam
1458 5318 1521 5357 ex
1560 5317 1692 5372 agro
1724 5302 2074 5358 emolumenti

588 5413 603 5442 ι
648 5392 853 5462 percipi
906 5409 919 5445 :
974 5408 1043 5447 ne
1096 5391 1175 5447 sic
1230 5394 1447 5464 quidem
1509 5394 1916 5463 magistratibus
1983 5402 2077 5448 aut

589 5507 605 5534 ι
648 5484 1009 5555 principibus,
1034 5485 1127 5555 qui
1157 5495 1287 5540 sunt
1324 5486 1376 5539 in
1408 5501 1474 5541 eo
1500 5486 1640 5553 loco,
1668 5486 1759 5541 det
1789 5485 2070 5555 praedium,

590 5597 608 5626 α
652 5576 745 5630 sed
798 5575 1017 5631 clericis
1076 5576 1159 5630 vel
1214 5577 1484 5647 agricolis.
1534 5576 1628 5632 Sin
1666 5588 1845 5631 autem
1896 5577 2072 5645 aliqua

591 5686 608 5717 ι
653 5669 898 5737 improba
929 5669 1228 5723 calliditate.
1255 5678 1497 5733 utantur,
1528 5679 1581 5724 et
1616 5670 1683 5721 ab
1726 5668 1958 5738 agricola
1991 5668 2075 5721 vel

596 5782 612 5811 α
657 5761 857 5815 clerico
885 5778 1071 5831 agrum
1101 5777 1302 5835 praeses
1339 5762 1420 5817 vel
1470 5761 1825 5831 magistratus
1856 5761 2074 5822 emerit,

598 5874 614 5905 ι
660 5854 738 5909 sic
771 5871 985 5925 quoque
1019 5857 1166 5912 irrita
1194 5856 1264 5912 sit
1292 5855 1548 5922 venditio,
1592 5863 1646 5911 ct
1689 5854 1965 5924 episcopio
1995 5854 2077 5908 vel

2144 2723 2369 2777 ΔΡΙΣΤ.
2454 2742 2473 2774 ι
2505 2722 2610 2775 Τοῦ
2650 2724 3047 2794 μητροπολίτου
3090 2726 3161 2795 μὴ
3201 2725 3477 2787 ποιοῦντος
3516 2728 3718 2779 οἰκονό-

2231 2834 2250 2866 ι
2296 2832 2395 2885 μον
2422 2815 2521 2883 τῆς
2562 2816 2967 2884 μητροπόλεως,
3016 2818 3245 2871 ποιείτω
3276 2818 3302 2869 ὁ
3325 2819 3675 2888 πατριάρχης
3702 2837 3714 2849 ·

2232 2925 2249 2957 ι
2299 2907 2392 2959 καί
2420 2905 2513 2959 τοῦ
2540 2908 2862 2971 ἐπισκόπου,
2912 2910 2939 2960 ὁ
2993 2909 3429 2978 μητροπολίτης·
3467 2910 3615 2963 κατὰ
3661 2911 3716 2963 τδ

2226 3018 2244 3049 ε
2294 2998 2449 3062 δόξαν
2484 3000 2592 3061 τοῖς
2626 3000 2683 3050 ἐν
2714 2999 3039 3070 Χαλκηδόνι.
3073 3001 3145 3053 Τὸ
3174 3001 3309 3055 αὐτὸ
3338 3003 3429 3055 καὶ
3484 3003 3576 3055 ἐπὶ
3606 3005 3714 3057 τῶν

2241 3109 2259 3140 ι
2309 3108 2545 3158 μοναστη
2557 3091 2705 3159 ρίων,
2745 3110 2765 3141 ι

2246 3182 2333 3232 Ἐν
2358 3180 2624 3251 ἐκκλησίᾳ
2653 3181 2856 3253 ἑκάστῃ
2895 3182 2979 3235 δεῖ
3037 3183 3323 3254 οἰκονόμον
3372 3180 3510 3239 εἶναι
3544 3188 3605 3239 ἐκ
3630 3186 3719 3239 τοῦ

2167 3254 2301 3327 ἰδίου
2340 3274 2565 3344 κλήρου,
2607 3276 2751 3328 κατὰ
2785 3276 3011 3345 γνώμην
3035 3276 3128 3329 τοῦ
3180 3278 3484 3332 ἐπισκόπου
3514 3281 3582 3335 τὰ
3631 3281 3718 3333 ἐκο

2165 3367 2527 3435 κλησιαστικὰ
2564 3369 2868 3438 πράγματα
2915 3369 3135 3422 διοικεῖν
3174 3370 3491 3436 ὀφείλοντα·
3543 3372 3721 3435 καθὼς

2162 3460 2189 3510 ὁ
2222 3459 2468 3522 εἰκοστὸς
2534 3460 2693 3521 ἕκτος
2726 3459 2905 3512 κανὼν
2936 3461 3033 3523 τῆς
3064 3463 3119 3512 ἐν
3152 3461 3453 3530 Χαλκηδόνι
3501 3464 3720 3515 συνόδου

2161 3550 2531 3620 διαλαμϐάνει.
2570 3552 2629 3604 ΕΞ
2656 3552 2709 3604 δέ
2750 3569 2891 3613 τινες
2921 3551 3030 3604 τῶν
3074 3552 3384 3605 ἐπισκόπων
3404 3553 3470 3606 δι’
3516 3555 3720 3607 ἑαυτῶν

2165 3646 2474 3713 οἰκονομεῖν
2509 3644 2684 3697 ταῦτα
2725 3645 3026 3714 βούλονται,
3053 3644 3146 3697 ἐπὶ
3180 3645 3277 3715 μὲν
3316 3644 3422 3697 τῶν
3451 3649 3722 3717 μητροπό-

2166 3736 2302 3787 λεων
2340 3738 2367 3788 ὁ
2398 3738 2742 3808 πατριάρχης
2782 3736 3133 3809 προϐαλεῖται
3174 3738 3475 3807 οἰκονόμον,
3524 3740 3618 3790 ἐπὶ
3669 3739 3721 3790 δέ

2171 3827 2277 3878 τῶν
2301 3827 2615 3879 ἐπισκοπῶν
2647 3826 2828 3880 αὐτῶν
2865 3828 2893 3879 ὁ
2927 3827 3352 3898 μητροπολίτης.
3379 3827 3452 3881 Τὸ
3489 3829 3546 3881 δὲ
3592 3829 3719 3881 αὐτὸ

2167 3918 2318 3970 ἔσται
2370 3918 2465 3970 καὶ
2510 3920 2602 3970 ἐπὶ
2657 3916 2765 3972 τῶν
2810 3918 3191 3988 μοναστηρίων
3240 3917 3347 3971 τῶν
3392 3917 3467 3988 μὴ
3493 3918 3721 3988 ἐχόντων

2169 4010 2513 4080 οἰκονόμους.

2733 4102 2985 4155 ηΚᾹΝΩΝ
3043 4100 3144 4157 ΙΒ’.

2174 4212 2193 4245 ι
2239 4193 2307 4246 Εἰ
2331 4212 2412 4257 τις
2452 4195 2749 4260 ἐπίσκοπος
2804 4197 3056 4267 εὑρεθείη
3104 4198 3135 4267 ἢ
3184 4197 3495 4268 ἡγούμενος
3521 4186 3722 4253 ἐκτῶν

2246 4303 2265 4335 ι
2312 4287 2650 4357 αὐτουργίων
2676 4288 2767 4341 τοῦ
2793 4290 3145 4342 ἐπισκοπείου
3172 4289 3207 4361 ἣ
3240 4290 3328 4343 τοῦ
3366 4292 3721 4361 μοναστηρίου

2249 4398 2265 4429 ι
2315 4380 2705 4449 ἐκποιούμενος
2741 4382 2822 4444 είς
2880 4376 3206 4453 ἀρχοντικὴν
3262 4386 3441 4453 χεῖρα,
3497 4385 3724 4456 ἢέτέρῳ

2249 4489 2267 4521 ι
2315 4472 2593 4542 προσώπῳ
2626 4473 2885 4539 ἐκδιδοὺς,
2933 4474 3133 4545 ἄκυρον
3182 4470 3321 4528 εἶναι
3354 4475 3453 4545 τὴν
3494 4476 3721 4538 ἔκδοσιν,

2246 4582 2265 4614 σ
2312 4564 2450 4616 κατὰ
2481 4582 2572 4617 τον
2624 4566 2827 4619 κανόνα
2885 4565 2995 4617 τῶν
3053 4565 3224 4634 ἁγίων
3272 4566 3608 4630 ἀποστόλων,
3640 4568 3725 4620 τὸν

2245 4674 2263 4706 ι
2307 4654 2551 4722 λέγοντα’
2577 4673 2595 4707 ι
2634 4655 2881 4709 Πάντων
2904 4654 3021 4707 τῶν
3042 4655 3565 4722 ἐκκλησιαστικῶν
3590 4672 3724 4724 πραο

2245 4767 2264 4800 ι
2306 4747 2543 4817 γμάτων
2595 4751 2627 4801 ό
2673 4748 3008 4813 ἐπίσκοπος
3058 4748 3245 4815 ἐχέτω
3295 4748 3410 4815 τὴν
3447 4748 3726 4817 φροντίδα

2247 4857 2265 4889 ι
2310 4838 2407 4892 καὶ
2439 4838 2736 4891 διοικείτω
2791 4840 2944 4893 αὐτὰ
2975 4839 3057 4905 ὡς
3098 4840 3246 4893 Θεοῦ
3302 4840 3660 4909 ἐφορῶντος.
3704 4859 3719 4890 ι

2249 4949 2267 4982 ‹
2314 4930 2406 4999 Μὴ
2441 4929 2639 4993 ἐξεῖναι
2666 4930 2721 4982 δὲ
2746 4929 2893 4999 αὐτῷ
2925 4932 3337 5001 σφετερίζεσθαί
3368 4949 3419 4985 τι
3447 4932 3503 4997 ἐξ
3532 4933 3723 4993 αὐτῶν,

2249 5042 2266 5074 ι
2314 5022 2689 5089 ἢσυγγενέσιν
2740 5022 2889 5085 ἰδίοις
2949 5022 3019 5075 τὰ
3046 5024 3140 5076 τοῦ
3196 5022 3330 5075 Θεοῦ
3379 5023 3715 5094 χαρίζεσθαι.

2247 5135 2265 5167 ι
2314 5116 2373 5167 Εἰ
2407 5114 2464 5167 δὲ
2501 5115 2731 5184 πένητες
2762 5111 2892 5179 εἶεν,
2921 5117 3328 5188 Ιέπιχορηγείτω
3361 5117 3436 5179 ὡς
3484 5119 3721 5187 πένησιν,

2210 5228 2211 5231 π
2251 5226 2268 5259 ι
2318 5207 2452 5261 sive
2487 5208 2561 5277 μὴ
2597 5208 2868 5277 προφάσει
2897 5208 3101 5261 τούτων
3130 5207 3199 5259 τὰ
3233 5207 3329 5260 τοῦ
3383 5206 3519 5259 Θεοῦ
3553 5207 3724 5275 ἀπεμ-

2252 5323 2268 5353 ι
2320 5302 2581 5355 πολείτω.
2640 5302 2701 5355 Εἰ
2767 5302 2823 5354 δέ
2885 5301 3304 5371 προφασίζοιντο
3368 5300 3574 5370 ζημίαν
3607 5299 3725 5365 ,ἑμ-

2249 5416 2267 5446 ι
2318 5398 2511 5458 ποιεῖν,
2542 5396 2636 5449 καὶ
2687 5395 2851 5465 μηδὲν
2880 5394 3017 5465 πρὸς
3060 5392 3247 5461 δνησιν
3297 5391 3591 5461 τυγχάνειν
3644 5390 3726 5440 τὸν

2251 5506 2268 5539 ι
2322 5489 2511 5558 ἀγρὸν,
2566 5490 2698 5558 μηδέ
2731 5488 2875 5544 οὓτω
2930 5489 3044 5549 τοῖς
3077 5487 3217 5539 κατὰ
3269 5486 3431 5537 τόπον
3481 5484 3727 5552 ἄρχουσιν

2254 5600 2271 5631 ι
2322 5579 2588 5634 ἐκδιδόναι
2619 5579 2707 5631 τὸν
2757 5579 2940 5642 τόπον,
2975 5577 3112 5629 ἀλλὰ
3156 5576 3431 5647 κληρικοῖς
3478 5575 3511 5644 ἢ
3561 5587 3725 5641 γεωρ-

2254 5690 2272 5723 σ
2320 5672 2455 5737 γοῖς.
2500 5670 2561 5721 Ei
2603 5669 2660 5722 δὲ
2705 5668 3013 5737 πανουργίᾳ
3045 5668 3258 5736 πονηρᾷ
3285 5666 3592 5734 χρήσοιντο,
3641 5658 3725 5713 καὶ

2255 5784 2272 5815 ι
2320 5766 2383 5817 ἐκ
2414 5761 2506 5815 τοῦ
2548 5760 2813 5831 κληρικοῦ
2849 5762 2881 5830 ἢ
2913 5760 3009 5814 τοῦ
3040 5756 3285 5828 γεωργοῦ
3320 5756 3600 5827 ὡνήσηται
3634 5751 3726 5821 ἄρ·

2258 5878 2274 5911 ι
2321 5874 2429 5927 χων
2468 5856 2559 5911 τὸν
2607 5854 2793 5927 ἀγρὸν,
2840 5853 3010 5917 οὕτως
3047 5854 3252 5922 ἄκυρος
3294 5841 3487 5918 ἐστωή
3512 5847 3723 5918 πρᾶσις.
