3972 6488
266 360 369 422 9:29

339 492 358 526 ι
405 475 498 525 καὶ
523 466 978 525 ἀποκαθιστάσθω
1014 465 1094 538 τῷ
1123 465 1458 535 ἑπισκοπείῳ
1488 464 1521 534 ἢ
1550 462 1627 531 τῷ
1655 480 1819 533 μονα·
1852 468 1893 521 Α

338 580 358 615 ι
406 560 633 632 στηρίῳ.
691 561 801 614 Καὶ
846 560 874 612 ὁ
921 556 1280 627 ἐπίσκοποςῆ
1334 555 1635 627 ἡγούμενος
1665 555 1822 608 τοῦτο

341 673 359 706 ι
405 652 574 705 ποιῶν
595 648 939 721 ὲκδιωχθήτω
960 662 975 676 ⁸
997 649 1025 701 ὁ
1050 648 1145 717 μὲν
1164 647 1461 709 ἐπίσκοπος
1488 644 1580 698 τοῦ
1602 646 1823 698 ἐπισκο-

342 763 362 798 ι
408 744 618 809 πείου,ὀ
645 743 699 796 δὲ
724 741 1024 814 ἡγούμενος
1045 739 1138 795 τοῦ
1175 757 1411 810 μοναστη
1422 738 1533 809 ρίου
1552 777 1567 802 ,
1614 738 1686 801 ὡς
1708 738 1825 791 δια-

339 855 360 890 ι
405 835 787 907 σκορπίζοντες
819 834 1003 898 κακῶς
1037 833 1074 886 θ.
1126 833 1184 885 οὑ
1220 834 1525 902 συνήγαγον
1593 850 1613 883 ι

344 928 541 980 ΒΑΛΣ.
596 927 805 994 Ἐφησε
842 925 927 977 διὰ
958 922 1234 983 Μωῦσέως
1275 921 1304 973 ό
1329 921 1462 982 Θεὸς
1512 919 1583 972 τὰ
1602 917 1680 991 τῷ
1705 916 1824 987 Θεῷ

260 1019 688 1091 προσφερόμενα
728 1018 802 1086 μὴ
835 1013 1317 1072 ἀνταλλαττεσθαιο
1344 1012 1458 1066 ἀλλ’
1491 1011 1822 1081 ἀνεκποίητα

258 1113 473 1182 μένειν,
519 1110 625 1162 κᾶν
662 1110 880 1178 χείρονα
915 1100 1017 1158 ὦσι
1065 1104 1172 1157 τῶν
1219 1103 1653 1173 ἁντιδιδομένων.
1699 1103 1822 1154 Ἐὰν

250 1204 324 1258 δὲ
374 1202 672 1265 ἀλλάσσων,
704 1201 888 1268 φησιν,
916 1198 1149 1268 ἀλλάξῃς
1198 1198 1347 1259 αὐτὸ,
1382 1196 1532 1249 ἔσται
1572 1196 1667 1248 καὶ
1697 1196 1823 1247 αὐτὸ

250 1295 329 1347 τὸ
363 1292 715 1360 ἀντάλλαγμα
743 1290 910 1342 αὐτοῦ
935 1289 1110 1356 ἅγιον.
1142 1288 1280 1358 Φησὶ
1311 1286 1440 1354 γοῦν
1471 1289 1561 1338 καὶ
1588 1288 1615 1338 ὁ
1642 1288 1822 1340 κανὼν

258 1384 349 1451 μὴ
393 1380 728 1436 ἐκποιεῖσθαι
786 1379 819 1448 ἢ
868 1378 1168 1431 ἐκδίδοσθαι
1229 1377 1379 1447 παρὰ
1431 1377 1733 1429 ἐπισκόπου
1790 1377 1821 1446 ἢ

257 1476 578 1543 ἡγουμένου
623 1472 757 1542 πρὸς
779 1469 1154 1541 οίονδηποτοῦν
1189 1470 1476 1538 πρόσωπον
1507 1468 1825 1537 αὐτούργιον

252 1567 365 1634 τῆς
394 1566 701 1632 ἐπισκοπῆς
731 1564 763 1634 ἦ
793 1563 885 1616 τοῦ
931 1562 1323 1631 μοναστηρίου,
1360 1560 1393 1630 ἢ
1445 1561 1551 1629 μὴν
1581 1558 1820 1629 ἀκυροῦ-

258 1660 393 1711 σθαι
448 1657 543 1728 τὴν
598 1657 880 1721 ὲκποίησιν
921 1659 953 1727 ἢ
996 1657 1092 1725 τὴν
1144 1654 1353 1707 ἔκδοσιν
1406 1651 1543 1705 κατά
1592 1652 1683 1704 τὸν
1741 1648 1823 1720 λη’

258 1749 628 1803 ἀποστολικὸν
679 1750 900 1801 κανόνα.
937 1746 1265 1817 Προστίθησι
1296 1745 1351 1797 δὲ
1374 1744 1469 1809 ὡς,
1510 1745 1665 1814 εἴπερ
1694 1761 1825 1813 προσ

1300 348 1383 407 ἱΝ
1424 346 1590 408 CAN.
1633 347 1747 405 Xli
1778 345 1989 407 CONC.
2022 346 2128 408 VII
2166 346 2519 406 (ECUMEN.

3370 347 3477 411 9.30

1995 481 2014 515 ι
2056 463 2387 518 monasterio
2440 462 2777 518 restituetur.
2832 460 3005 517 Porro
3055 461 3347 532 episcopus
3392 467 3479 518 vel

2003 570 2023 605 ι
2064 555 2384 609 monasterii
2422 555 2731 625 praefectus,
2762 556 2852 625 qui
2908 554 3011 609 hoc
3057 553 3265 618 fecerit,
3292 538 3483 610 extur-

2001 662 2022 696 ι
2069 645 2256 712 betur;
2284 648 2577 716 episcopus
2612 646 2830 715 quidem
2866 647 2933 701 ab
2978 648 3330 716 episcopatu;
3366 658 3484 701 mo-

2004 754 2023 788 ι
2064 738 2290 791 nasterii
2339 752 2468 792 vero
2498 737 2784 807 praefectus
2837 753 2865 791 a
2892 737 3227 792 monasterio
3257 755 3270 792 :
3296 746 3357 791 nt
3387 738 3481 807 qui

2001 845 2021 879 ι
2067 827 2334 897 dissipent
2370 844 2488 896 quae
2520 845 2624 883 non
2665 838 3083 900 congregavere.
3111 850 3129 883 ι

1997 919 2192 975 BALS.
2224 921 2367 976 Dixit
2397 921 2539 977 Deus
2572 939 2666 991 per
2696 924 2907 984 Mosvn,
2946 940 3006 979 ea
3048 936 3153 978 non
3182 930 3301 980 e’sSe
3332 932 3487 979 coni-

1928 1013 2189 1067 niutanda
2225 1029 2345 1083 quze
2370 1012 2477 1069 Deo
2502 1015 2679 1068 oblata
2716 1027 2880 1076 sunt;
2913 1015 3003 1070 sed
3041 1022 3145 1069 non
3180 1010 3486 1070 alienabilia

1927 1121 2145 1160 manere
2181 1114 2453 1176 oportere,
2488 1107 2702 1162 etiamsi
2754 1108 2864 1161 sint
2916 1109 2985 1163 iis
3040 1116 3161 1177 qure
3192 1109 3393 1162 dantur
3429 1107 3481 1159 in

1928 1200 2326 1269 permutatione
2372 1200 2528 1269 longe
2570 1200 2838 1255 deteriora
2876 1218 2891 1255 :
2927 1202 3019 1255 sed
3056 1201 3100 1255 si
3143 1211 3485 1270 permutans.

1898 1291 2123 1360 ,inquit,
2178 1291 2356 1361 ipsum
2390 1294 2812 1360 perinutaveris,
2860 1293 2965 1347 erit
3020 1302 3072 1347 ct
3114 1308 3175 1347 ea
3224 1294 3339 1362 ipsa
3371 1294 3493 1364 ejus

1929 1381 2264 1448 permutatio
2316 1392 2527 1436 sancta.
2580 1381 2721 1449 Dicit
2776 1397 2905 1453 ergo
2958 1396 3156 1448 canon,
3212 1399 3320 1438 non
3367 1399 3492 1440 esse

1932 1471 2277 1525 alienandum
2303 1473 2384 1528 vel
2419 1474 2741 1528 tradendum
2770 1475 2839 1528 ab
2868 1475 3150 1544 episcopo,
3181 1475 3265 1528 vel
3310 1491 3374 1529 eo
3399 1478 3490 1545 qui

1930 1573 2123 1630 prmest
2168 1567 2523 1629 monasterio,
2551 1560 2746 1635 'agruni
2785 1566 3131 1635 episcopatus
3166 1567 3252 1620 vel
3301 1582 3492 1620 mona—

1933 1655 2110 1720 sterii,
2140 1656 2223 1709 vel
2258 1670 2377 1709 esse
2412 1656 2620 1710 irritam
2679 1657 3091 1719 alienationem,
3122 1657 3203 1711 vel
3244 1658 3492 1712 traditio-

1932 1764 2077 1811 nem,
2110 1760 2166 1802 ut
2187 1750 2299 1802 vult
2320 1766 2497 1803 canon
2531 1750 2597 1805 58
2626 1754 3016 1819 apostolorum.
3037 1751 3233 1819 Adjicit
3266 1761 3444 1805 autem
3476 1768 3491 1804 :

264 1839 563 1908 φασίζεται
610 1840 637 1891 ὁ
693 1838 991 1900 ἐπίσκοπος
1044 1836 1076 1906 ἢ
1115 1839 1142 1888 ὁ
1191 1835 1488 1904 ἡγούμενος
1535 1835 1827 1906 ἀπρόσοδον

1935 1840 2084 1904 Quod
2131 1841 2177 1893 si
2219 1850 2478 1895 causetur
2526 1842 2743 1909 quidem
2802 1843 3113 1912 episcOpus,
3172 1844 3255 1898 vel
3309 1858 3497 1896 mona-

261 1927 407 1983 εἶναι
460 1929 550 1981 τὸν
594 1927 781 2000 ἀγρὸν,
820 1931 913 1980 καὶ
968 1928 1085 1988 ταῖς
1142 1926 1457 1994 ἐκκλησίαις
1514 1926 1824 1994 ἐπιζήμιον,

262 2024 304 2091 ἡ
338 2023 438 2089 μὲν
486 2021 705 2082 ἕκδοσις
736 2020 929 2071 τούτου
968 2017 1223 2086 γινέσθω,
1263 2017 1413 2085 πλὴν-
1431 2016 1505 2087 μὴ
1560 2018 1697 2086 πρὸς
1733 2018 1830 2086 ἀρ..

260 2110 493 2182 χοντικά
515 2111 805 2179 πρόσωπα,
839 2107 974 2161 ἀλλὰ
1001 2109 1135 2177 πρὸς
1165 2107 1429 2177 χωριτικά
1465 2107 1497 2179 ἢ
1536 2106 1672 2177 πρὸς
1701 2107 1831 2176 κλη-

270 2201 485 2273 ρικούς.
531 2200 683 2254 Ἐπεὶ
707 2199 763 2251 δὲ
798 2198 906 2251 τῶν
943 2198 1169 2250 εἰκότων
1202 2192 1266 2268 ἦν
1298 2198 1706 2269 περιγραφῆναι
1735 2200 1827 2250 τὸν

267 2295 479 2349 κανόνα
516 2296 665 2364 παρὰ
697 2310 878 2356 τινων,
908 2292 1114 2361 ὥρισαν
1144 2292 1192 2344 oi
1221 2292 1456 2359 Πατέρες
1487 2292 1581 2353 ὡς,
1616 2294 1667 2346 εί
1697 2309 1826 2343 ποτε

276 2383 417 2452 μετὰ
462 2381 793 2451 πανουργίας
850 2382 1109 2452 περιέλθῃ
1160 2387 1236 2445 είς
1283 2383 1503 2435 δυνατὸν
1542 2384 1829 2451 πρόσωπον

276 2476 511 2545 πρᾶγμα
542 2474 988 2544 ἐκκλησιαστικὸν
1019 2475 1108 2526 διὰ
1137 2474 1303 2545 μέσου
1335 2475 1593 2529 ταπεινοῦ
1627 2475 1658 2543 ἢ
1696 2475 1826 2543 κλη-

270 2565 431 2636 ρικοῦ
470 2564 757 2635 προσώπου
810 2566 1321 2636 προσποιησαμένου
1383 2566 1828 2634 ὲκλαμὸἀνεσθαι

268 2658 332 2710 τὸ
368 2658 661 2726 ἀκίνητον·
699 2652 838 2709 εἶναι
895 2658 993 2726 μὲν
1023 2659 1115 2709 κα)⁸
1159 2656 1297 2709 οὕτω
1343 2661 1411 2712 τὰ
1460 2658 1829 2731 προγεγονότα

269 2751 476 2817 ἄκυρα,
515 2751 608 2801 καὶ
638 2750 1100 2801 ἀποκαθίστασθαι
1132 2753 1197 2820 τῇ
1228 2751 1491 2819 ἐκκλησίᾳ
1521 2751 1583 2801 τὸ
1639 2749 1829 2818 ἀκίνη-

269 2857 367 2895 τον
393 2859 407 2871 ·
441 2840 804 2893 ὲκῦἀλλεσθαι
840 2841 896 2893 δὲ
922 2843 1013 2893 καὶ
1043 2842 1133 2892 τὸν
1161 2841 1315 2893 τοῦτο
1351 2842 1656 2911 ποιήσαντα
1710 2842 1828 2894 ἐπί-

272 2949 481 2985 σκοπον
507 2933 539 3003 ἢ
575 2932 875 3003 ἡγούμενον
903 2933 1009 2985 ἀπὸ
1043 2933 1137 2986 τοῦ
1166 2933 1516 2985 ὲπισκοπείου
1547 2932 1580 3002 ἢ
1617 2934 1681 2984 ἐκ
1728 2934 1821 2985 τοῦ

270 3027 650 3097 ὴγουμενείου.
702 3029 811 3080 Καὶ
879 3027 906 3077 ό
953 3027 1049 3097 μὲν
1100 3030 1278 3080 κανὼν
1334 3028 1526 3081 ταῦτα.
1564 3026 1716 3079 Ἐπεὶ
1774 3026 1830 3078 δὲ

269 3118 576 3187 αὑτούργιά
599 3119 706 3170 είσι
732 3117 799 3169 τά
824 3118 882 3183 ἐξ
908 3117 1085 3170 αὐτῶν
1111 3118 1217 3169 τῶν
1244 3117 1580 3187 πραγμάτων
1602 3120 1695 3169 καὶ
1723 3111 1831 3169 οἷον

269 3208 487 3260 οἴκοθεν
544 3208 752 3261 διδόντα
807 3210 931 3271 τοὺς
990 3208 1259 3278 καρποὺς,
1308 3208 1381 3271 ὡς
1417 3209 1475 3259 αί
1533 3209 1739 3275 ἁλικαὶ,
1779 3208 1829 3259 οἱ

269 3302 555 3363 ὲλαιῶνες,
591 3302 640 3354 οἱ
701 3301 1041 3372 ἀμπελῶνες,
1105 3302 1154 3353 οἱ
1212 3300 1498 3353 λιὸαδιαίοι
1554 3301 1734 3363 τόποι,
1784 3300 1832 3353 οί

272 3396 588 3467 ὑδρόμυλοι,
616 3396 685 3448 τὰ
712 3398 999 3465 κεραμεῖα,
1031 3396 1104 3459 ὡς
1136 3397 1228 3450 καὶ
1276 3396 1342 3448 τὰ
1373 3395 1534 3448 λοιπά
1568 3396 1792 3449 τοιαῦτα
1815 3411 1830 3427 ο

273 3488 550 3560 ἐρωτήσει
578 3504 680 3552 τις,
716 3484 847 3557 Περὶ
872 3490 1124 3540 τοιούτων
1160 3488 1503 3556 αὑτουργίων
1537 3487 1830 3556 διορίζεται

273 3581 572 3651 ὁκανὼνῆ
622 3582 747 3652 περὶ
800 3582 999 3643 παντὸς
1054 3581 1380 3651 εὐπροσόδου
1417 3581 1696 3651 ἀκινήτου,
1740 3582 1835 3633 καὶ

279 3675 484 3745 μᾶλλον
540 3675 622 3728 ὅτι
656 3677 782 3745 περὶ
807 3674 870 3726 τὸ
895 3673 1042 3736 τέλος
1072 3674 1378 3743 ἐπιξημίων
1408 3674 1595 3745 ἀγρῶν
1629 3676 1838 3745 μέμνη-

274 3785 405 3833 ται;
453 3766 640 3828 Λύσις.
676 3767 807 3835 Περὶ⁵
856 3765 1177 3835 ἀμφοτέρων
1238 3766 1501 3832 θεσπίζει,
1554 3768 1648 3818 καί
1702 3784 1834 3837 φησι

275 3862 346 3914 τὰ
376 3860 475 3930 μὲν
499 3859 798 3929 εὐπρόσοδα
823 3859 893 3921 ὡς
920 3858 1215 3928 αὑτούργια
1246 3859 1320 3929 μὴ
1341 3859 1674 3912 ὲκποιεῖσθαι
1703 3861 1837 3931 μηδὲ

274 3952 583 4006 ἐκδίδοσθαι
604 3969 617 3983 ·
653 3952 745 4004 τὸν
780 3950 834 4004 δὲ
885 3954 950 4020 τῇ
983 3950 1206 4021 ἀληθείᾳ
1238 3955 1332 4004 καὶ
1362 3953 1436 4022 μὴ
1462 3956 1601 4006 κατὰ
1633 3955 1834 4023 σκῆψιν

270 4044 405 4095 ὅντα
430 4040 731 4111 ἁπροσοδον
778 4040 948 4108 ἀγρδν
1003 4041 1328 4096 ὲκδίδοδθαι.
1374 4043 1559 4108 Ὥστε,
1586 4045 1679 4097 ἐὰν
1739 4046 1837 4114 μὲν

274 4137 335 4186 τὸ
366 4133 687 4202 αὖτούργιον
714 4132 933 4201 γένηται
967 4133 1142 4202 πάντη
1168 4134 1464 4201 ἀπρόσοδον
1495 4137 1679 4207 (τυχὸν
1730 4140 1837 4207 γὰρ

275 4229 303 4280 ό
326 4225 621 4287 λισαδιαῖος
643 4224 802 4286 τόπος
835 4223 1175 4293 κατεκλύσθη
1200 4224 1302 4276 ὑπὸ
1337 4226 1604 4295 ποταμίου
1637 4228 1840 4297 ῥεύμα-

278 4316 393 4386 τος)
428 4316 461 4387 ἢ
498 4316 672 4369 καὶτὸ
699 4314 980 4386 έξώχωρον
1021 4315 1331 4387 προάστιον,
1380 4317 1475 4369 ἐὰν
1515 4318 1839 4388 εὐπρόσοδον

276 4412 548 4481 καταστῇ,
576 4409 650 4472 ὡς
688 4408 774 4461 διὰ
808 4408 1084 4478 παροίκων
1113 4407 1350 4461 οἰκισθὲν
1388 4410 1453 4461 ἐκ
1495 4408 1640 4470 νέου,
1678 4407 1837 4462 τοῦτο

1929 1934 2079 1986 sterii
2131 1935 2445 2003 praefectus,
2501 1949 2690 2001 agrum
2745 1934 2948 1988 iutilius
2997 1935 3390 1997 esse‘reditus,
3440 1948 3496 1987 et

1928 2022 2183 2077 damnum
2214 2023 2461 2079 ecclesiis
2492 2023 2720 2090 alierre;
2754 2024 2845 2077 liat
2875 2026 3093 2095 quidem
3139 2026 3256 2095 ejus
3288 2026 3497 2078 aliena-

1929 2116 2030 2181 tio,
2097 2118 2191 2171 sed
2251 2130 2359 2170 non
2419 2116 2579 2170 alicui
2642 2131 2886 2186 personae
2942 2117 3252 2187 principali,
3305 2133 3492 2171 verum

1928 2210 2139 2264 vicanis
2169 2209 2502 2263 autclericis
2539 2226 2577 2271 ιε
2600 2209 2690 2263 sed
2741 2210 2995 2277 quoniam
3046 2209 3322 2262 vers’imile
3357 2217 3493 2269 erat,

1930 2313 2199 2353 canonenr
2221 2300 2289 2353 ab
2329 2301 2603 2370 aliquibus
2632 2300 3014 2356 circumscribi
3052 2301 3211 2371 eique
3249 2300 3491 2354 fraudem

1930 2390 2067 2453 ﬁeri,
2102 2401 2410 2446 statuerunt
2441 2391 2654 2456 Patres,
2684 2401 2742 2446 ut
2772 2393 2816 2447 si
2852 2394 3069 2461 quando
3090 2408 3222 2446 cum
3249 2392 3491 2461 improba

1930 2480 2225 2536 calliditate
2257 2498 2344 2536 res
2366 2483 2744 2538 ecclesiastica
2774 2482 2840 2535 ad
2883 2490 3156 2549 potentem
3204 2497 3491 2549 personam
3540 2499 3548 2509 ·

1932 2576 2263 2642 pervenerit,
2325 2575 2697 2629 intercedente
2738 2575 2825 2627 vili
2871 2588 3102 2643 persona
3153 2576 3235 2627 vel
3274 2572 3495 2633 clerico,

1931 2668 2021 2736 qui
2058 2667 2290 2735 fingebat
2344 2682 2402 2721 se
2451 2683 2562 2721 rem
2618 2668 2950 2720 immobilem
2991 2668 3283 2735 accipere:
3327 2676 3379 2720 ct
3419 2668 3499 2721 sic

1931 2774 2152 2828 quoque
2186 2760 2335 2828 prius
2372 2760 2509 2813 facta
2539 2760 2692 2812 irrita
2726 2763 2902 2813 forent
2949 2768 3003 2812 et
3054 2774 3142 2813 res
3200 2761 3497 2813 immobilis

1930 2850 2174 2904 ecclesia:
2226 2852 2636 2915 restitueretur;
2696 2856 2750 2900 et
2803 2848 2894 2916 qui
2968 2847 3070 2901 hoc
3116 2848 3327 2911 fecerit,
3382 2849 3497 2917 epi-

1932 2955 2130 3009 sc0pus
2174 2942 2257 2995 vel
2322 2941 2635 2994 monasterii
2696 2939 3007 3009 praefectus,
3057 2941 3126 2993 ab
3176 2941 3491 3009 episcopatu

1933 3035 2017 3087 vel
2050 3034 2367 3105 przefectura
2397 3034 2780 3103 expelleretur.
2809 3034 2872 3086 Et
2902 3034 3015 3086 haec
3045 3032 3261 3102 quidem
3294 3048 3494 3086 canon.

1858 3161 1902 3223 Ο
1937 3128 2202 3194 Quoniam
2260 3135 2437 3181 autem
2497 3125 2795 3196 αὑτούργια
2850 3125 3036 3195 (quod
3097 3140 3257 3196 agros
3308 3125 3495 3178 Latine

1938 3221 2213 3287 diximus)
2249 3225 2376 3275 sunt
2411 3235 2531 3289 quae
2561 3234 2627 3273 ex
2660 3219 2822 3275 rebus
2862 3219 2998 3288 ipsis
3032 3226 3085 3273 et
3115 3228 3370 3287 tanquam
3398 3234 3495 3272 sua

1937 3326 2126 3384 sponte
2176 3313 2388 3368 fructus
2433 3313 2702 3382 praebent,
2765 3321 2822 3366 ut
2865 3320 2994 3369 sunt
3039 3311 3494 3375 salinm,olivcta,

1935 3408 2137 3469 vineta,
2173 3415 2348 3475 prata,
2384 3404 2695 3458 moiendina
2747 3403 2800 3457 in
2845 3403 2998 3472 aquis
3049 3405 3176 3465 sita,
3244 3402 3493 3471 ﬁgulinm.

1940 3508 1998 3553 ut
2030 3508 2081 3553 et
2112 3496 2382 3566 ejusmodi
2429 3496 2533 3549 alia
2572 3513 2586 3549 :
2625 3495 3367 3563 interrogaveritquispiam:
3410 3495 3493 3547 An

1938 3591 2004 3645 de
2029 3587 2295 3659 ejusmodi
2330 3585 2549 3657 praediis
2588 3600 2766 3638 canon
2800 3583 3071 3646 decernit,
3113 3598 3179 3636 an
3222 3583 3403 3652 potius
3432 3584 3497 3635 de

1937 3683 2128 3752 quovis
2171 3679 2460 3741 immobili,
2509 3677 2665 3744 cujus
2713 3686 2795 3731 est
2842 3677 3016 3730 bonus
3065 3676 3297 3737 reditus,
3351 3683 3499 3727 eteo

1938 3775 2129 3844 magis,
2161 3772 2303 3842 quod
2336 3770 2585 3826 meminit
2612 3770 2666 3823 in
2700 3769 2804 3823 [ine
2869 3769 2936 3822 de
2994 3766 3273 3822 damnosis
3314 3766 3501 3837 agris?

1941 3864 2172 3917 Soiutio.
2210 3861 2283 3915 De
2312 3862 2561 3929 utrisque
2601 3861 2870 3924 decernit,
2917 3866 2969 3912 et
3000 3858 3153 3921 dicit,
3186 3872 3247 3911 ea
3279 3857 3496 3925 quidem

1938 3956 2165 4027 praedia,
2196 3969 2318 4023 qua:
2353 3963 2483 4008 sunt
2518 3953 2643 4006 boni
2693 3951 2926 4015 reditus,
2978 3966 3086 4004 non
3141 3951 3365 4004 alienari
3402 3965 3499 4003 ncc

1935 4048 2135 4103 elocari
2168 4065 2181 4101 :
2213 4060 2401 4116 agrum
2431 4060 2581 4106 vero,
2608 4045 2698 4113 qui
2730 4052 2810 4097 est
2860 4058 3071 4106 revera,
3106 4050 3179 4096 et-
3221 4056 3327 4094 non
3380 4040 3496 4095 sola

1937 4141 2117 4210 specie
2151 4138 2355 4192 nullius
2386 4128 2614 4200 reditus,
2647 4136 2899 4189 alienari.
2932 4134 3114 4200 Quare
3156 4134 3201 4187 si
3263 4134 3333 4187 sit
3381 4135 3500 4201 qui-

1935 4234 2057 4288 dem
2094 4230 2351 4299 pradium
2388 4229 2609 4282 omnino
2644 4227 2833 4280 inutile
2872 4226 3034 4294 (forte
3092 4225 3237 4279 enim
3283 4234 3493 4294 pratum

1939 4325 2083 4379 iiuvii
2116 4322 2468 4378 inundatione
2498 4322 2759 4375 obrutum
2795 4325 2927 4387 est),
2955 4319 3039 4373 vel
3079 4319 3126 4373 si
3158 4317 3325 4371 etiam
3354 4334 3381 4369 a
3408 4333 3503 4370 re-

1939 4418 2099 4487 gione
2126 4422 2396 4469 remotum
2439 4411 2567 4467 boni
2602 4411 2813 4466 reditus
2846 4412 2920 4466 sit
2957 4408 3233 4474 eli‘eetum,
3268 4419 3325 4461 ut
3352 4409 3494 4475 quod

280 4504 383 4573 μὲν
408 4502 469 4553 τὸ
503 4498 783 4569 ὲξὼχωρον
818 4499 905 4551 διὰ
931 4498 991 4551 τὸ
1021 4498 1345 4569 εὐπρόσοδον
1381 4499 1479 4552 οὐκ
1532 4499 1826 4569 ἔκποιηθή-

1937 4505 2010 4558 sit
2064 4518 2093 4557 a
2141 4502 2355 4556 colonis
2413 4516 2607 4555 recens
2653 4500 2955 4554 habitatum
3010 4507 3065 4554 et
3110 4508 3443 4553 exstructum
3482 4513 3497 4550 :

281 4613 478 4652 σεται·
515 4599 692 4648 ἐκεῖνο
722 4595 798 4657 δὲ,
830 4595 937 4647 κᾶν
990 4594 1308 4663 αὖτοὺργιον
1352 4593 1586 4661 ἐλέγετο,
1636 4594 1725 4647 διὰ
1778 4586 1837 4646 τὸ

276 4690 582 4763 ἀπρόσοδον
616 4688 710 4741 καὶ
758 4687 819 4739 τὸ
866 4684 1141 4754 ἀνωφελὲς
1189 4684 1557 4755 ὲκδοθήσεται.
1604 4685 1677 4738 Οὐ
1727 4686 1837 4756 γὰρ

274 4782 371 4833 διὰ
403 4779 474 4831 τὰ
505 4778 761 4848 ὀνόματα,
813 4774 948 4828 ἀλλά
976 4773 1065 4827 διὰ
1087 4774 1187 4843 τὴν
1218 4774 1480 4844 πρόσοδον
1529 4776 1837 4844 ὀφείλουσιν

278 4869 645 4934 ὲκποιεῖσθαι,
683 4869 792 4921 εἴτε
821 4868 914 4920 κα)⁸
960 4866 1059 4937 μή.
1114 4866 1350 4933 Γίνωσκε
1386 4867 1440 4919 δὲ
1474 4868 1553 4919 ὅτι
1600 4868 1707 4920 ἀπὸ
1731 4868 1839 4922 τῶν

274 4968 471 5044 νόμων
500 4964 703 5036 κυρίως
744 4962 1030 5029 ὲκποίησις
1065 4960 1163 5031 μὲν
1196 4961 1409 5028 λέγεται
1459 4962 1493 5031 ἠ
1552 4960 1840 5031 μετάθεσις

278 5069 385 5135 τῆς
416 5055 757 5123 δεσποτείας,
787 5055 954 5126 ἠγουν
988 5054 1021 5123 ἡ
1058 5053 1255 5135 δωρεὰ,
1309 5054 1341 5121 ή
1394 5054 1615 5124 πρᾶσις,
1676 5055 1708 5123 ἡ
1740 5054 1840 5123 ἐμ-

280 5157 563 5227 φύτευσις,
598 5153 629 5221 ἡ
657 5145 989 5216 ἀνταλλαγὴ,
1024 5144 1119 5197 καὶ
1149 5143 1216 5196 τὰ
1238 5144 1418 5213 ὅμοια⁶
1466 5143 1674 5204 ἕκδοσις
1704 5144 1761 5195 δὲ
1808 5144 1840 5207 ἠ

279 5250 379 5303 ἐπὶ
431 5244 736 5316 προσώποις
779 5241 811 5310 ἦ
848 5239 1064 5310 χρόνοις
1103 5234 1428 5306 ὡρισμένοις
1478 5240 1839 5307 παραπομπὴ.

280 5334 753 5407 Καταχρηστικῶς
778 5331 833 5383 δὲ
866 5329 962 5384 καὶ
990 5332 1023 5400 ή
1050 5328 1259 5390 ἑκδοσις
1295 5327 1577 5398 ὲκποίησις
1602 5328 1840 5395 λέγεται,

282 5434 380 5485 καὶ
404 5433 437 5499 ἡ
470 5425 752 5495 ὲκποίησις
779 5422 1007 5485 ἕκδοσις.
1041 5420 1163 5474 "Ott
1185 5420 1242 5472 δὲ
1267 5418 1339 5472 τὰ
1362 5419 1624 5489 πρόσοδον
1650 5418 1842 5489 ἔχοντα

284 5526 387 5576 οὐκ
417 5515 788 5580 ἐκποιοῦνται,
820 5514 886 5566 τὰ
909 5513 964 5566 δὲ
995 5511 1269 5582 ἀπρόσοδα
1292 5511 1381 5564 διὰ
1411 5511 1840 5577 κατεπείγουσαν

292 5615 543 5679 ἀνάγκην
596 5598 714 5671 ταῖς
759 5604 1077 5675 ἐκκλησίαις
1104 5602 1471 5667 ὲκποιοῦνται,
1511 5602 1847 5673 παρίσταται,

288 5707 398 5760 am
438 5702 533 5755 τοῦ
576 5698 655 5753 xl)’
708 5697 928 5759 κανόνος
990 5695 1089 5764 τῆς
1132 5696 1190 5746 ὲν
1244 5694 1575 5764 Καρθαγένῃ
1625 5694 1843 5747 συνόδου

290 5790 677 5851 ἐπιτρέποντος
709 5784 865 5838 τοῦτο
905 5783 1041 5852 μετὰ
1084 5781 1431 5845 διαστίξεωςσ
1479 5783 1538 5837 ὃν
1590 5782 1685 5837 καὶ
1716 5783 1842 5836 ἀνά.-

1938 4595 2043 4650 iioc
2105 4594 2325 4664 quidem
2376 4592 2683 4661 sejunclum
2742 4591 3030 4662 praedium,
3099 4592 3194 4660 qui
3240 4598 3323 4644 est
3372 4589 3495 4643 boni

1940 4687 2184 4748 reditus.
2238 4700 2345 4738 non
2394 4682 2749 4747 alienabitur;
2811 4681 2943 4735 illud
2997 4689 3221 4743 autem,
3283 4678 3499 4734 etiamsi

1939 4777 2274 4845 αὑτούργιον
2309 4775 2487 4845 (quasi
2523 4789 2618 4843 per
2649 4789 2710 4829 se
2749 4788 2915 4843 agens
2956 4787 3020 4827 ac
3062 4772 3371 4842 producens
3412 4772 3497 4824 dio

1941 4872 2141 4938 catur),
2173 4882 2239 4922 eo
2267 4867 2412 4936 quod
2445 4874 2528 4933 est
2556 4865 2748 4921 inutile
2775 4873 2828 4920 et
2852 4864 3057 4919 nullius
3102 4863 3333 4930 reditus,
3369 4863 3498 4917 alie-

1941 4960 2179 5015 nabitur.
2216 4955 2335 5011 Non
2384 4957 2526 5011 enim
2579 4963 2799 5024 propter
2844 4954 3085 5018 nomina,
3139 4951 3233 5007 sed
3278 4961 3499 5020 propter

1944 5049 2148 5103 reditus
2204 5047 2431 5100 alienari
2485 5045 2567 5099 vel
2620 5060 2726 5098 non
2789 5043 3015 5098 alienari
3057 5042 3278 5096 debent.
3344 5038 3499 5093 Scias

1944 5148 2145 5201 autem,
2183 5137 2328 5207 quod
2365 5150 2394 5188 a
2427 5135 2636 5202 legibus
2668 5135 2888 5204 proprie
2934 5134 3227 5200 ὲκποίησις
3275 5129 3495 5199 quidem

1946 5230 2019 5299 (id
2044 5239 2145 5293 est,
2180 5227 2459 5293 alienatio)
2501 5225 2701 5280 dicitur
2731 5224 2956 5280 dominii
2988 5222 3294 5287 translatio,
3353 5219 3503 5274 scili-

1944 5327 2031 5372 cet
2064 5318 2304 5382 donatio,
2335 5318 2597 5381 venditio,
2625 5314 3015 5383 empbyteusis,
3067 5310 3420 5380 permutatio,
3446 5318 3499 5361 et

1945 5411 2177 5477 similia;
2207 5410 2416 5471 ἕκδοσις
2444 5417 2622 5461 autem
2647 5404 2723 5477 (id
2746 5418 2849 5467 est,
2873 5404 3122 5471 elocatio)
3154 5415 3238 5457 σει
3281 5401 3346 5455 ad
3383 5416 3496 5469 per-

1946 5517 2110 5558 sonas
2140 5510 2193 5555 et
2242 5510 2483 5569 tempora
2538 5498 2803 5569 praeﬁnita
2839 5495 3205 5550 transmissio.
3261 5493 3501 5545 Abusive

1947 5606 2123 5648 autem
2175 5604 2227 5646 et
2274 5592 2558 5659 ὲκποίησις
2609 5590 2918 5653 ἔκδοσιςμξι
2950 5587 3158 5647 ἔκδοσις
3210 5585 3500 5649 ἑκποίησις

1947 5688 2171 5741 dicitur.
2204 5683 2361 5750 Quod
2411 5696 2591 5737 autem
2639 5699 2758 5750 qua:
2815 5680 3047 5734 reditum
3102 5678 3334 5730 ali‘crunt
3388 5688 3495 5725 non

1948 5780 2277 5844 alienantur,
2341 5791 2459 5847 quae
2517 5786 2699 5830 autem
2752 5774 2984 5830 reditum
3063 5787 3172 5826 non
3246 5767 3500 5844 aﬂ'erum,
