3972 6488
842 262 853 293 Ι

581 330 682 395 931
1861 332 1961 391 ΤΗ
1969 331 2063 390 ΕΟ
2074 331 2138 391 Ι).

582 457 809 521 propter
871 453 1152 518 urgentem
1224 444 1472 501 ecclesiis
1533 446 1963 506 necessitatem,
2023 444 2154 495 alie-

587 556 828 606 nantur;
899 556 965 596 ex
1029 555 1239 595 canone
1308 539 1377 593 29
1437 539 1891 609 Carthagine-usis
1960 535 2157 606 synodi

587 641 839 704 apparet,
875 631 1040 705 305.
1074 634 1165 702 qui
1198 632 1304 687 hoc
1327 649 1449 688 cum
1474 630 1824 685 distinctione
1853 629 2154 698 permittit;

582 742 745 797 quem
779 728 917 797 lege.
954 725 1060 781 Sed
1093 741 1327 796 magnus
1356 727 1519 781 etiam
1543 724 1800 793 Cyrillus.
1826 722 1881 775 in
1914 720 2157 775 secundo

580 819 759 888 capite
786 832 899 872 suae
930 816 997 871 ad
1028 816 1297 871 Domuum
1330 815 1594 885 epistolae,
1628 811 1999 867 inalienabilia
2031 825 2155 865 esse

580 908 714 962 dicit
756 923 882 962 vasa
914 906 1179 979 pretiosa,
1232 920 1387 960 sacra
1445 904 1681 966 scilicet,
1743 912 1797 955 et
1846 899 2154 954 immobiles

579 998 941 1054 ecclesiarum
999 997 1404 1067 possessiones.
1453 994 1723 1048 Caeterum
1779 992 1883 1047 hoc
1937 1005 2155 1061 quoque

584 1092 950 1160 interpretare.
996 1104 1062 1143 ex
1119 1088 1391 1144 sententia
1445 1087 1674 1141 canonis
1724 1085 1985 1155 Carthag.
2030 1101 2153 1155 syn.

579 1184 717 1237 Cum
759 1184 979 1253 quidam
1027 1192 1210 1237 autem
1249 1183 1543 1252 episc0pus
1590 1181 1854 1250 praedium
1890 1180 2153 1233 ecclesia-

580 1278 782 1332 sticum
839 1275 1130 1345 principali
1170 1274 1387 1329 cuidam
1435 1288 1684 1344 personae
1736 1273 2050 1337 alienasset,
2104 1282 2153 1325 et

578 1370 843 1425 alienatio
877 1385 973 1439 per
999 1368 1145 1423 hunc
1178 1383 1445 1423 eanouem
1490 1366 1767 1421 inﬁrmata
1797 1372 1965 1427 esset,
2007 1364 2154 1417 dice-

582 1466 713 1518 bant
748 1463 972 1533 quidam
1009 1462 1209 1517 debere
1244 1462 1561 1531 episcopum
1611 1474 1677 1515 ex
1711 1459 2027 1529 episcOpatu
2057 1472 2153 1511 ex-

579 1558 728 1627 pelli,
770 1566 829 1610 ut
880 1558 980 1610 hoc
1013 1570 1224 1610 canone
1257 1554 1594 1608 continetur.
1648 1551 1776 1605 Mihi
1826 1560 2011 1605 autem
2040 1563 2149 1603 non

578 1655 652 1704 ita
683 1651 916 1704 videtur.
954 1648 1139 1718 Neque
1181 1648 1325 1701 enim
1384 1647 1540 1715 jubet
1596 1660 1773 1698 canon
1829 1642 2147 1712 episcopum

576 1760 645 1799 ex
677 1743 993 1812 episc0patu
1030 1741 1214 1808 dejici,
1244 1739 1465 1808 quando
1501 1736 1694 1792 fecerit
1718 1735 1907 1806 praedii
1938 1734 2148 1787 aliena-

580 1837 808 1898 tionem,
840 1848 960 1902 quae
988 1841 1102 1884 rata
1135 1846 1198 1883 ac
1225 1830 1375 1883 firma
1405 1844 1510 1881 non
1554 1826 1748 1892 fuerit;
1783 1822 1880 1878 sed
1925 1821 2148 1892 quando

577 1926 873 1981 immobilis
894 1924 972 1977 rei
1004 1921 1395 1978 ecclesiastica:
1432 1921 1816 1974 alienationem
1862 1931 1983 1971 cum
2017 1913 2144 1968 dolo

579 2020 768 2075 fecerit
802 2037 816 2071 :
856 2026 908 2073 et
945 2016 997 2071 id
1034 2015 1250 2085 quidem
1279 2029 1469 2068 revera
1517 2014 1581 2067 ad
1635 2019 1909 2082 petentem
1953 2023 2146 2078 persn-

580 2128 702 2166 nam
744 2110 1029 2179 pervenire
1077 2109 1231 2170 velit,
1278 2107 1468 2161 fraude
1516 2114 1696 2159 autem
1754 2117 1818 2156 ac
1874 2100 2145 2153 malitiosa

578 2206 877 2260 calliditate
930 2203 1131 2257 clerico
1177 2201 1261 2255 vel
1303 2198 1557 2268 agricola:
1597 2196 1903 2261 tradiderit,
1950 2196 2002 2248 id
2036 2208 2147 2248 non

577 2314 700 2354 esse
733 2296 915 2367 magni
942 2295 1149 2349 reditus
1177 2308 1433 2354 causaus,
1471 2299 1529 2344 ut
1552 2290 1623 2344 ab
1651 2290 1743 2342 illo
1774 2288 1841 2341 ad
1869 2293 2144 2358 potentem

580 2392 882 2461 perveniat.
941 2389 1060 2441 Non
1115 2386 1260 2441 enim
1310 2392 1535 2455 propter
1593 2382 2000 2443 alienationem,
2051 2379 2145 2434 sed

497 2520 505 2529 .
580 2493 802 2552 propter
831 2479 1243 2535 fraudulentum
1286 2475 1603 2537 consilium,
1635 2484 1693 2526 ut
1717 2486 1783 2526 ex
1820 2472 2143 2541 episcopatu

576 2576 964 2630 deturbaretur
988 2573 1341 2627 conStitutum
1366 2575 1470 2623 est.
1498 2567 1675 2636 Atque
1694 2565 1798 2618 hoc
1830 2563 2046 2634 quidem
2077 2577 2145 2616 ex

577 2684 790 2725 canone
818 2668 887 2721 58
912 2665 1212 2733 apostolico
1244 2664 1299 2716 in
1334 2662 1591 2732 praesenti
1622 2672 1834 2713 canone
1886 2657 1992 2711 sito
2047 2656 2142 2710 de-

573 2764 840 2815 claratum
875 2766 980 2820 est,
1014 2757 1105 2825 qui
1152 2740 1261 2810 non
1292 2754 1448 2823 punit
1490 2752 1835 2831 episcopum,
1868 2749 1960 2818 qui
2024 2748 2145 2802 sine

575 2854 702 2907 dolo
736 2863 790 2908 et
815 2851 1019 2905 malitia
1045 2848 1208 2903 rebus
1239 2846 1632 2901 ecclesiasticis
1662 2844 1865 2907 utitur;
1892 2841 2145 2896 similiter

574 2955 632 3001 et
671 2961 735 2999 ex
758 2943 900 2999 Just.
932 2958 1060 2998 nov.
1092 2941 1196 2996 120
1230 2956 1326 2996 seu
1378 2939 1468 2995 lib.
1496 2939 1589 3003 25,
1616 2938 1700 2992 tit.
1736 2954 1795 2998 v,
1826 2950 1876 2989 c.
1904 2935 1940 2989 2
1978 2935 2143 2988 Basil.

578 3038 727 3108 quod
762 3037 1008 3092 decernit
1037 3034 1308 3104 ejusmodi
1339 3042 1657 3086 contractus
1700 3044 1807 3085 non
1839 3028 2051 3094 valere;
2077 3028 2146 3082 de

576 3132 824 3202 episcopi
849 3140 1029 3184 autem
1061 3128 1145 3182 vel
1180 3125 1500 3181 monasterii
1530 3123 1763 3178 rectoris
1799 3138 1961 3194 poena
2008 3120 2150 3175 nihil

573 3226 794 3292 penitus
848 3230 1082 3286 tractat;
1141 3219 1238 3275 sed
1288 3227 1497 3271 tantum
1552 3215 1902 3271 tabellionem
1950 3215 2147 3269 multat

577 3316 788 3371 exsilio.
837 3314 945 3369 Sed
996 3312 1257 3383 quoniam
1313 3310 1461 3364 dicta
1525 3308 1744 3363 novella
1804 3308 1944 3377 (sive
1994 3314 2143 3361 totus

579 3409 758 3480 potius
790 3405 1065 3462 secundus
1096 3405 1271 3474 quinti
1320 3403 1442 3457 libri
1485 3400 1701 3471 titulus)
1764 3401 1957 3454 statuit
2007 3414 2141 3452 nou-

579 3516 993 3569 uunquatuuou
1019 3499 1197 3553 solum
1251 3498 1593 3551 infructuosa
1651 3488 1878 3549 et‘nihil
1936 3494 2144 3546 reditus

576 3592 859 3648 ali‘erentia
916 3589 1213 3645 immobilia
1266 3589 1626 3644 ecclesiarum
1681 3595 1738 3641 et
1777 3584 2144 3640 monasterio-

579 3693 803 3749 rum,et
832 3683 1004 3752 ipsius
1060 3682 1221 3734 etiam
1266 3678 1475 3749 Magna:
1521 3678 1770 3733 ecclesia:
1810 3688 1864 3732 et
1913 3677 2143 3731 aliarum

577 3792 858 3832 sacrarum
892 3775 1118 3838 aedium,
1153 3788 1341 3826 verum
1372 3787 1437 3826 ea
1484 3772 1649 3826 etiam
1680 3786 1745 3824 ex
1781 3771 1981 3840 quibus
2032 3770 2147 3823 fru-

576 3878 701 3923 ctus
744 3878 798 3922 et
840 3866 1050 3919 reditus
1099 3865 1417 3935 percipitur,
1486 3864 1642 3918 veudi
1674 3872 1728 3918 et
1762 3864 2010 3929 alienari,
2050 3879 2149 3934 per

576 3959 961 4017 distinctiones
1006 3972 1127 4027 quae
1182 3958 1237 4011 in
1296 3972 1359 4012 ea
1434 3955 1812 4025 declarantur,
1878 3968 2144 4027 praeterea

576 4064 760 4112 autem
800 4063 855 4108 et
892 4052 1139 4122 quaedam
1172 4052 1433 4107 suadente
1462 4064 1705 4121 tempore
1742 4055 1969 4109 alienari
2016 4071 2140 4124 pcr-

578 4148 746 4201 mittit
782 4166 796 4201 :
833 4146 947 4213 lege
980 4160 1124 4208 eam,
1158 4160 1280 4214 quae
1309 4153 1369 4198 et
1408 4160 1597 4215 magna
1630 4153 1714 4200 est
1747 4154 1801 4198 et
1837 4146 2142 4216 multiplex,

578 4242 948 4312 plurimasque
998 4238 1387 4293 distinctiones
1430 4238 1675 4307 recipit:
1715 4245 1768 4293 et
1807 4253 2039 4308 procura
2086 4248 2145 4294 ut

576 4334 708 4387 fiant
756 4332 841 4385 vel
900 4346 1008 4386 non
1052 4332 1203 4394 fiant,
1260 4330 1329 4383 ab
1377 4329 1625 4385 ecclesiis
1678 4337 1732 4386 et
1793 4331 2143 4386 monasteriis

576 4422 936 4478 alienatioues
982 4429 1045 4483 et
1082 4419 1424 4474 venditiones
1474 4434 1755 4474 sacrorum
1808 4428 1861 4473 et
1902 4421 2142 4490 ipsorum

568 4504 958 4579 immobilium,
1001 4520 1059 4565 ut
1090 4528 1150 4567 ea
1186 4512 1520 4575 continetur,
1564 4521 1619 4566 et
1674 4512 1741 4565 ab
1776 4514 1925 4565 omni
1958 4528 2143 4580 repre-

578 4608 844 4661 hensione
870 4606 1078 4659 alienus
1111 4603 1443 4658 servaberis.
1472 4601 1659 4672 Neque
1690 4604 1835 4658 enim
1878 4604 1974 4658 tibi
2023 4620 2146 4660 esse

577 4700 892 4753 (outrarius
932 4699 1185 4752 videatur
1222 4699 1309 4752 hic
1344 4714 1591 4766 praesens
1641 4714 1853 4763 canon;
1888 4700 2145 4770 quoniam

578 4792 795 4845 novella
849 4804 1068 4860 quoque
1132 4805 1315 4844 rerum
1380 4789 1738 4844 immobilium
1791 4791 2146 4846 ecclesiarum

580 4886 664 4939 vel
695 4887 1153 4939 monasteriorum
1198 4884 1580 4939 alienationem
1620 4893 1714 4939 aut
1756 4886 2145 4954 venditionem,

579 4993 698 5046 quae
732 4976 1027 5045 sinejusta
1071 4985 1123 5030 et
1168 4983 1395 5045 urgente
1446 4990 1611 5031 causa
1676 4976 1752 5040 fit,
1783 4955 2038 5032 similiter
2082 4990 2149 5034 ac

584 5084 826 5138 praesens
856 5083 1032 5122 canon
1066 5069 1337 5136 prohibet.
1365 5066 1508 5134 Quid
1531 5084 1683 5132 vero,
1712 5085 1835 5123 cum
1868 5070 2147 5137 alienatio,

585 5173 643 5217 ut
676 5164 881 5216 dictum
915 5171 1024 5228 est,
1058 5161 1386 5227 infirmetur,
1437 5169 1491 5214 et
1543 5176 1628 5216 res
1673 5163 2037 5218 ecclesiastica
2081 5163 2149 5217 ad

585 5254 873 5309 ecclesiam
911 5254 1420 5307 veltnonasterium
1473 5262 1806 5317 revertatur,
1853 5266 2150 5325 cogeturne

583 5345 688 5415 ipsi
720 5344 963 5399 vicissim
996 5360 1133 5413 quos
1156 5361 1219 5398 ea
1242 5345 1311 5400 de
1348 5362 1511 5401 causa
1542 5356 1868 5416 acceperunt
1897 5364 2150 5404 nummos

584 5438 666 5490 vel
722 5450 811 5490 res
860 5434 1029 5490 dare?
1085 5433 1317 5489 Solutio.
1382 5435 1756 5505 Nequaquam.
1796 5438 1933 5492 Dicit
2001 5439 2147 5492 enim

580 5529 725 5583 dicta
752 5529 961 5583 novella
996 5530 1105 5583 haec
1132 5543 1408 5596 expresse.
1459 5528 1515 5583 Si
1552 5545 1678 5584 vero
1713 5538 1905 5599 praeter
1947 5548 2007 5585 ea
2032 5548 2151 5602 qua:

584 5635 616 5674 a
653 5621 811 5677 nobis
850 5622 953 5676 hac
980 5622 1095 5692 lege
1126 5622 1338 5676 saucita
1374 5632 1520 5685 sunt,
1549 5624 1650 5677 fuit
1688 5625 1891 5695 aliquis
1921 5638 2152 5680 contra-

589 5723 711 5768 ctus
748 5714 801 5768 in
834 5713 1067 5772 diversis
1094 5715 1261 5769 rebus
1290 5716 1586 5770 mobilibus
1620 5719 1703 5771 vel
1759 5719 2150 5783 iunnobilibus,

586 5804 682 5859 uni
729 5814 1044 5861 sanctarum
1107 5804 1419 5872 domorum,
1479 5806 1739 5861 reddatur
1793 5810 2010 5880 quidem
2049 5810 2150 5881 ipsi

2185 327 2584 389 BALSAMON
3678 347 3758 406 932

2183 448 2228 503 Α
2256 438 2446 507 γνωθι.
2485 436 2644 489 Ἀλλά
2673 440 2765 490 καὶ
2790 439 2816 489 ό
2850 439 3022 508 μέγας
3073 441 3334 510 Κύριλλος
3385 447 3440 495 ἐν
3498 447 3567 515 τῷ
3604 448 3639 516 β’
3665 472 3759 524 χες,⁸

2259 532 2356 600 τῆς
2390 530 2524 600 πρὸς
2545 532 2749 599 Δόμνον
2772 532 3065 602 ἐπιστολῆς
3097 533 3264 587 αὑτοῦ
3315 539 3631 609 ἀνεκποίητα
3651 543 3757 603 εἶναι

2258 620 2552 691 διορίζεται
2606 623 2675 673 τὰ
2720 623 3001 693 κειμήλια,
3049 625 3217 694 ήγουν
3267 627 3336 679 τὰ
3365 628 3503 696 ἱερὰ,
3558 632 3641 685 καὶ
3686 640 3761 701 τὰς

2260 715 2554 785 ἀκινήτους
2584 717 2807 785 κτήσεις
2839 717 2950 769 τῶν
2982 718 3307 789 ἐκκλησιῶν.
3350 720 3494 791 Πλὴν
3537 726 3764 783 καὶτοῦτο

2264 804 2405 858 κατά
2434 805 2524 858 τὸν
2560 806 2763 858 κανόνα
2790 807 2885 876 τῆς
2912 809 2969 859 ἐν
2999 810 3328 882 Καρθαγένῃ
3376 813 3584 868 συνόδου
3630 818 3765 889 ἑρμη-

2265 915 2473 953 νευσον.
2513 898 2845 953 Ἐπισκόπου
2876 900 2933 955 δέ
2984 919 3131 967 τινος
3172 904 3492 976 αὑτούργιον
3524 909 3763 981 ἐκκλησια-

2265 989 2449 1044 στικὸν
2492 991 2850 1056 ἐκδεδωκότος
2924 993 3063 1063 πρδς
3131 998 3455 1066 ἀρχοντικὸν
3504 1004 3763 1071 πρόσωπον,

2261 1082 2356 1135 καὶ
2377 1084 2476 1154 τῆς
2508 1084 2771 1149 ἐκδόσεως
2796 1085 2883 1138 διά
2928 1088 3019 1141 τὸν
3059 1089 3261 1142 κανόνα
3294 1090 3484 1145 τοῦτον
3516 1096 3765 1166 ἀκυρωθεί-

2263 1192 2385 1246 σης,
2411 1172 2563 1229 εἶπόν
2600 1195 2744 1240 τινες
2774 1178 3007 1247 ὀφείλειν
3034 1182 3369 1252 ἐκϐληθῆναι
3412 1184 3502 1237 τὸν
3523 1188 3767 1243 ἐπίσκοπον

2257 1272 2321 1322 ἐκ
2355 1270 2453 1340 τῆς
2483 1272 2791 1341 ἐπισκοπῆς
2840 1278 2982 1326 κατὰ
3010 1274 3108 1343 τὴν
3127 1275 3221 1327 τοῦ
3250 1276 3473 1337 κανόνος
3504 1279 3761 1349 περίληψιν,

2269 1364 2424 1432 Ἐμοὶ
2453 1364 2511 1417 δὲ
2537 1364 2597 1417 οὐ
2620 1365 2786 1420 δοκεῖ.
2832 1366 2890 1418 '0
2914 1367 3023 1436 γάρ
3050 1367 3229 1421 κανὼν
3279 1368 3341 1422 οὐ
3389 1372 3767 1437 παρακελεύεται

2257 1456 2619 1510 ἐκϐάλλεσθαι
2649 1457 2740 1511 τὸν
2773 1459 3079 1513 ἐπίσκοπον
3114 1463 3177 1513 ἐκ
3202 1461 3296 1514 τοῦ
3328 1464 3677 1529 ἐπισκοπείου,
3701 1468 3765 1521 ὅτε

2253 1552 2457 1621 ἄκυρον
2491 1551 2776 1622 ἐκποίησιν
2820 1552 3144 1622 αὐτουργίου
3177 1554 3523 1627 διαπράξοιτο
3543 1570 3556 1584 ⁸
3584 1558 3681 1611 ἀλλ’
3702 1561 3766 1612 ὅτε

2257 1646 2396 1713 μετά
2421 1642 2574 1697 δόλου
2604 1644 2815 1699 ἔκδοσιν
2853 1647 3111 1716 ἀκινήτου
3157 1648 3609 1718 ἐκκλησιαστικοῦ
3638 1654 3761 1723 ποιή-

2258 1754 2363 1803 σει,
2390 1738 2485 1790 καὶ
2511 1741 2574 1809 τῇ
2613 1738 2713 1806 μὲν
2741 1738 2970 1810 ἀληθείᾳ
2998 1740 3144 1794 θέλει
3189 1741 3500 1812 περιελθεῖν
3541 1744 3681 1797 τοῦτο
3706 1748 3765 1808 είς

2182 1807 2224 1865 Β
2253 1829 2486 1885 δυνατὸν
2518 1807 2842 1901 πρόσωπον,
2867 1807 3005 1888 κατὰ
3056 1835 3112 1888 δὲ
3146 1807 3497 1907 ῥᾳδιουργίας
3524 1840 3767 1908 παραπέμ-

2255 1922 2345 1993 ψει
2379 1923 2508 1975 αὐτὸ
2549 1926 2687 1995 πρὸς
2734 1926 2996 1996 κληρικὸν
3035 1927 3067 1997 ή
3100 1927 3366 1997 γεωργὸν,
3405 1931 3765 1999 προφασισάμε-

2255 2033 2342 2078 νος
2376 2014 2513 2070 εἶναι
2539 2018 2865 2089 άπρόσοδον,
2902 2020 2977 2082 ὡς
3007 2019 3072 2073 ἂν
3098 2019 3159 2085 ἐξ
3190 2020 3406 2073 ἐκείνου
3438 2021 3673 2093 περιέλθῃ
3708 2023 3765 2083 είς

2256 2108 2347 2160 τὸν
2379 2108 2604 2162 δυνατόν
2626 2125 2639 2139 ⁶
2677 2110 2737 2162 οὐ
2769 2112 2877 2181 γάρ
2907 2110 2995 2163 διὰ
3034 2110 3133 2180 τὴν
3183 2110 3492 2182 ἐκποίησιν,
3545 2111 3665 2165 ἀλλὰ
3701 2111 3765 2163 διὰ

2256 2203 2355 2271 τὴν
2388 2201 2727 2272 πανουργίαν
2773 2202 3128 2273 ἐπεψηφίσθη
3180 2203 3359 2274 τούτῳ
3393 2206 3426 2273 ἡ
3458 2205 3519 2256 ἐκ
3568 2202 3650 2256 τοῦ
3674 2204 3765 2255 ἐπι-

2258 2295 2517 2348 σκοπείου
2549 2294 2771 2366 ἐκϐολή.
2802 2296 2913 2349 Καὶ
2936 2295 3192 2365 δηλοῦται
3221 2296 3383 2349 τοῦτο
3431 2294 3536 2348 ἀπὸ
3561 2294 3644 2347 τοῦ
3671 2294 3765 2347 ἀπο·

2257 2387 2506 2441 στολικοῦ
2536 2385 2617 2457 λη’
2648 2388 2893 2453 κανόνος,
2952 2388 3047 2441 τοῦ
3086 2390 3568 2459 καταστρωθέντος
3607 2388 3675 2451 είς
3698 2388 3765 2440 τὸν

2257 2483 2501 2552 παρόντα
2537 2482 2761 2543 κανόνα,
2802 2482 2995 2552 καὶμὴ
3028 2482 3350 2545 κολάζοντος
3384 2483 3475 2535 τὸν
3523 2481 3765 2536 ἐπίσκοπον

2256 2574 2347 2627 τὸν
2378 2573 2501 2643 δίχα
2523 2574 2678 2627 δόλου
2710 2574 2995 2645 χρώμενον
3039 2576 3225 2638 κακῶς
3258 2578 3376 2638 τοῖς
3422 2573 3764 2645 ἐκκλησιαστι-

2257 2669 2372 2731 κοῖς
2400 2666 2724 2736 πράγμασιν
2748 2682 2763 2697 ο
2820 2667 3083 2731 ὡσαύτως
3127 2669 3219 2721 καὶ
3257 2668 3369 2722 ἀπὸ
3422 2669 3517 2738 τῆς
3563 2673 3635 2737 ρκ’
3664 2666 3763 2718 ’1ου-

2257 2761 2583 2814 στινιανείου
2617 2760 2853 2833 Νεαρᾶς,
2890 2763 3007 2832 ἤτοι
3031 2761 3124 2815 τοῦ
3158 2761 3243 2831 κγ’
3276 2780 3407 2830 κεφ.
3438 2761 3527 2815 τοῦ
3572 2762 3610 2831 β’
3630 2759 3763 2814 τίτλον

2254 2854 2351 2908 τοῦ
2413 2852 2452 2907 ε’
2512 2854 2718 2924 βιϐλίου
2768 2855 2876 2907 τῶν
2922 2856 3253 2921 Βασιλικῶν,
3310 2858 3405 2909 τοῦ
3452 2852 3762 2926 διοριζομένου

2257 2948 2326 3001 τά
2360 2947 2594 3000 τοιαῦτα
2624 2948 3054 3018 συναλλάγματα
3082 2948 3427 3019 ἀκυροῢσθαι
3452 2966 3464 2978 ο
3501 2948 3619 3018 περὶ⁵
3637 2947 3683 2999 δέ
3698 2943 3763 2997 τοῦ

2256 3040 2620 3113 τιμωρεῖσθαι
2647 3041 2738 3096 τὸν
2769 3041 3073 3095 ἐπίσκοπον
3114 3042 3147 3112 ἢ
3185 3042 3273 3095 τὸν
3307 3041 3600 3112 ἡγούμενον
3639 3038 3762 3109 μηδὲν

2177 3162 2220 3221 c
2252 3152 2305 3188 τι
2337 3134 2825 3205 διαλαμϐάνοντος,
2880 3134 3020 3187 ἀλλὰ
3056 3135 3147 3187 τὸν
3185 3124 3674 3205 συμϐολαιογράρον
3693 3132 3762 3199 μόι

2255 3245 2344 3281 νον
2371 3229 2449 3290 είς
2481 3226 2697 3297 ἐξορίαν
2732 3226 3211 3292 καταδικάζοντος,
3254 3228 3411 3280 Ἐπεὶ
3439 3226 3494 3279 δὲ
3525 3227 3555 3297 ή
3585 3224 3760 3296 meam

2250 3323 2459 3394 Νεαρὰ,
2487 3325 2607 3395 ἦτοι
2634 3325 2662 3377 ό
2685 3324 2805 3386 ὅλος
2833 3324 3012 3388 τίτλος
3062 3324 3160 3377 τοῦ
3205 3324 3246 3378 ε’
3296 3325 3524 3396 βιϐλίου,
3569 3320 3760 3383 θεσπίζει

2252 3414 2398 3469 ἐστιν
2422 3418 2511 3469 ὅτε
2540 3418 2616 3488 μὴ
2659 3418 2820 3487 μόνον
2869 3418 3168 3487 άπρόσοδα,
3205 3404 3347 3471 ἀλλὰ
3374 3420 3466 3472 καὶ
3493 3413 3759 3488 εὐπρόσοδον

2255 3509 2497 3578 ἀκίνητα
2570 3510 2875 3580 ἐκκλησιῶν
2920 3511 3014 3564 καὶ
3069 3512 3475 3581 μοναστηρίων,
3514 3512 3598 3562 καὶ
3639 3506 3761 3570 αὐτῆς

2249 3604 2349 3670 τῆς
2396 3601 2653 3671 Μεγάλης
2702 3603 2999 3672 ἐκκλησίας
3055 3604 3149 3655 καὶ
3218 3603 3329 3655 τῶν
3385 3603 3555 3657 ἄλλων
3597 3596 3761 3665 εὐαγῶν

2252 3696 2437 3761 οἴκων,
2478 3697 2816 3749 ἐκποιεῖσθαι
2847 3698 2943 3749 καὶ
2998 3696 3299 3750 ἐκδίδοσθαι
3347 3696 3482 3767 μετά
3504 3692 3759 3757 διαστξξεων

2250 3788 2594 3859 δηλουμένων
2661 3791 2718 3842 ἐν
2760 3789 2935 3860 αὑτῇ⁰
2994 3791 3218 3860 προσέτι
3258 3809 3323 3859 γε
3373 3792 3475 3861 μὴν
3533 3789 3618 3845 καὶ
3673 3783 3759 3854 ἱερά

2250 3898 2373 3935 τινα
2403 3883 2685 3951 ἐπιτρέπει
2720 3882 2911 3953 καιροῦ
2951 3882 3241 3947 καλοῦντος
3279 3882 3634 3937 ἐκποιεῖσθαι·
3666 3877 3759 3932 ἀνά·

2250 3976 2418 4043 γνωθι
2472 3976 2678 4047 ταύτην
2740 3976 2982 4047 μεγάλην
3022 3976 3188 4031 οὖσαν
3241 3978 3337 4031 καὶ
3392 3975 3661 4047 πολυσχιδῆ
3694 3968 3758 4023 iul

2251 4065 2694 4121 πολυδιάστικτον
2732 4084 2748 4100 ·
2804 4069 2898 4120 καὶ⁵
2960 4068 3234 4137 οἰκονόμει
3296 4067 3558 4131 γίνεσθαι,
3629 4064 3655 4131 ἢ
3706 4058 3757 4128 μὴ

2255 4158 2523 4226 γίνεσθαι,
2579 4147 2742 4229 παρά
2785 4176 2845 4212 τε
2897 4159 3007 4214 τῶν
3065 4160 3369 4231 ἐκκλησιῶν
3420 4159 3512 4213 καὶ
3546 4158 3642 4211 τῶν
3688 4169 3757 4221 μοι

2250 4252 2556 4321 ναστηρίων
2628 4250 2727 4315 τὰς
2821 4253 3142 4322 ἐκποιήσεις
3213 4256 3308 4306 καὶ
3398 4254 3623 4311 ἐκδόσεις
3682 4242 3756 4297 τῶν

2254 4344 2437 4413 ἱερῶν,
2470 4343 2564 4396 καὶ
2602 4343 2712 4406 τῶν
2762 4338 3035 4415 ἀκινήτων
3065 4346 3263 4410 αὐτῶν,
3297 4346 3439 4399 κατὰ
3471 4344 3563 4415 τὴν
3604 4337 3758 4404 ταύτης

2254 4434 2567 4505 περίληψιν,
2605 4437 2700 4489 καὶ
2737 4437 3058 4509 φυλαχθήσῃ
3090 4439 3497 4500 ἀκαταιτίατος.
3531 4435 3647 4490 Οὐδέ
3678 4434 3755 4497 γὰρ

2176 4535 2226 4595 Ι)
2253 4528 2547 4598 ἐναντιωθῇ
2581 4546 2663 4580 σοι
2693 4530 2720 4582 ό
2742 4529 2933 4599 παρὼν
2962 4530 3163 4594 κανὼν,
3195 4533 3279 4584 ὅτι
3310 4533 3403 4585 καὶ
3438 4534 3469 4601 ἡ
3496 4528 3661 4598 Νεαρὰ
3685 4524 3755 4590 τὴν

2250 4620 2422 4689 χωρὶς
2453 4620 2675 4688 εὐλόγου
2723 4621 2817 4674 καὶ
2867 4622 3276 4693 ἀναγκαστικῆς
3305 4625 3482 4685 αἰτίας
3530 4618 3758 4685 ἐκποίησιν

2249 4710 2282 4780 ἢ
2316 4710 2526 4764 ἔκδοσιν
2551 4712 2658 4763 τῶν
2689 4713 3155 4781 ἐκκλησιαστικῶν
3190 4714 3221 4785 ἢ
3254 4712 3586 4783 μοναστικῶν
3613 4707 3759 4774 ἀκινή-

2249 4819 2357 4855 των
2412 4803 2726 4873 παρομοίως
2780 4803 2857 4874 τῷ
2904 4804 3131 4875 παρόντι
3173 4807 3361 4859 κανόνι
3392 4805 3597 4859 κωλύει.
3625 4801 3679 4853 Τί
3700 4798 3754 4856 δὲ.

2250 4895 2352 4963 τῆς
2386 4897 2725 4966 ἐκποιήσεως
2752 4896 3154 4968 ἀκυρουμένης,
3190 4898 3266 4961 ὡς
3319 4900 3544 4969 εἴρηται.
3589 4898 3669 4946 καὶ
3689 4886 3754 4941 τοῦ

2250 4988 2703 5059 ἐκκλησιαστικοῦ
2758 4990 3083 5060 πράγματος
3132 4991 3613 5061 ἀναστρεφομένου
3649 4982 3752 5050 πρὸξ

2249 5081 2347 5151 τὴν
2376 5081 2737 5152 ἐκκλησίανῆ
2776 5081 2836 5134 τὸ
2898 5082 3284 5151 μοναστήριον,
3335 5078 3752 5149 ἀναγκασθήσεται

2251 5173 2312 5221 τὸ
2338 5218 2346 5229 ,
2369 5170 2534 5239 μέρος
2560 5170 2764 5235 αὐτῶν,
2796 5170 2830 5223 ἃ
2862 5172 3023 5241 χάριν
3054 5170 3246 5224 τούτου
3281 5171 3460 5235 ἔλαϐε,
3498 5167 3757 5236 νομίσματα

2252 5260 2285 5331 ἢ
2346 5263 2646 5330 πράγματα
2692 5261 2909 5328 δοῦναι;
2951 5263 3142 5325 Λύσις.
3189 5264 3470 5334 Οὐδαμῶς.
3518 5258 3639 5326 Φησὶ
3674 5250 3755 5317 γάρ

2252 5353 2287 5421 ἡ
2316 5352 2537 5420 ῥηθεῖσα
2560 5348 2747 5422 Νεαρά
2778 5355 2955 5423 ῥητῶς
2982 5354 3155 5408 ταῦτα
3180 5372 3194 5386 °
3233 5357 3294 5409 Ei
3343 5354 3399 5408 δὲ
3431 5355 3569 5423 παρὰ
3594 5348 3651 5402 τὰ
3671 5345 3750 5410 διη·

2254 5443 2560 5512 γορευμέναι
2590 5445 2719 5513 ἡμῖν
2763 5444 2837 5513 τῷ
2882 5446 3110 5516 παρόντι
3176 5447 3323 5517 νόμῳ
3370 5438 3682 5508 συνάλλαγμά
3718 5448 3756 5483 τι

2256 5535 2484 5603 γένηται
2519 5536 2612 5588 ἐπὶ
2638 5538 2748 5599 τοῖς
2780 5538 3093 5609 διαφέρουσι
3130 5540 3435 5610 πράγμασι,
3470 5534 3675 5601 κινητοῖς
3711 5538 3751 5577 τε

2257 5630 2350 5679 καὶ
2382 5631 2688 5697 ἀκινήτοις,
2715 5630 2796 5682 ἐνὶ
2828 5629 2935 5681 τῶν
2987 5631 3198 5699 εὐαγῶν
3230 5634 3409 5694 οἴκων,
3465 5618 3750 5682 ἀναδίδοσθαι

2258 5719 2355 5787 μὲν
2374 5722 2435 5789 τῇ
2465 5722 2598 5791 αὐτῇ
2627 5721 2902 5792 ἁγιωτάτῃ
2948 5721 3231 5793 ἐκκλησίᾳ,
3249 5724 3362 5792 ἦτοι
3381 5720 3454 5789 τῷ
3478 5711 3750 5783 εὐαγεῖοῖγιν

2255 5810 2315 5863 τὸ
2337 5812 2595 5909 οπρᾶγμα,
2628 5811 2710 5881 ἐφ’
2741 5806 2785 5881 ᾧ
2814 5812 3049 5867 τοιοῦτόν
3074 5831 3126 5867 τι
3160 5812 3606 5887 παρηκολούθησε,
3646 5792 3754 5871 μετέτ
