3972 6488
411 310 516 372 933

1419 305 1496 365 IN
1530 306 1692 364 CAN.
1728 304 1840 362 ΧΗ
1885 303 2092 361 CONC.
2134 303 2243 360 Vll
2273 300 2627 361 (ECUMEN.

3524 301 3628 363 931

411 426 511 475 τῶν
562 422 654 475 τοῦ
691 422 855 495 μέσου
888 421 1079 491 χρόνου
1138 421 1401 490 καρπῶνυ
1461 420 1668 490 μενέτω
1718 419 1776 472 δὲ
1828 417 1955 487 παρ’

2063 418 2414 471 sanctissima:
2441 418 2684 472 ecclesiae
2717 417 2797 470 vel
2850 426 3213 471 sacrosanctae
3275 416 3459 470 domui
3511 432 3624 471 res.

414 517 540 586 ιύτῇ
588 517 682 569 καὶ
724 516 785 567 τ”ὸ
832 514 1113 584 τίμημαῆ
1164 514 1223 565 τὸ
1276 512 1593 583 ἀντίδωρον,
1631 513 1662 583 ἢ
1702 513 1762 563 τὸ
1819 512 1957 579 ὑπὲρ

412 606 679 678 ὶμείῲεως
709 606 742 676 ἢ
775 606 939 675 ἄλλης
984 604 1201 657 οἰασοῦν
1244 605 1425 667 αἰτίας
1468 604 1605 673 αὐτῇ
1654 603 1959 670 δεδομένον.

411 698 465 750 ΕΞ
498 697 554 749 δὲ
584 696 913 764 ὲμφύτευσις
950 695 1220 764 πραχθείη
1250 695 1396 763 παρᾶ
1445 694 1512 747 τὰ
1560 693 1959 762 διηγορευμένα

410 791 558 858 ἡμῖν,
604 786 945 840 ἀναδίδοσθαι
994 790 1056 855 τῇ
1125 787 1404 857 ἁγιωτάτῃ
1450 784 1711 854 ἐκκλησίᾳ
1755 784 1787 854 ἢ
1849 787 1960 846 τοῖς

407 880 627 946 εὐαγέσι
662 881 845 940 τόποις
878 879 935 929 τὺ
976 877 1106 930 αὐτὸ
1134 879 1366 945 πρᾶγμα
1398 875 1712 945 κελεύομεν,
1750 877 1842 927 καὶ
1868 876 1959 928 τὸν

408 969 746 1039 ἓμφυτευτὴν
774 970 833 1021 τὸ
869 969 1073 1020 πάκτον
1100 968 1270 1020 τελεῖν
1308 970 1443 1021 κατὰ
1478 969 1575 1034 τὴν
1601 966 1828 1036 δύναμιν
1858 968 1962 1019 τῶν

405 1062 818 1130 ἑμιρυτευτικῶν
854 1060 1214 1130 συμϐολαίων.
1248 1061 1308 1111 Ei
1344 1060 1399 1111 δὲ
1435 1060 1699 1129 δωρηθείη
1732 1063 1962 1128 πρᾶγμα

406 1153 853 1221 ἐκκλησιαστικὸν
888 1153 917 1223 ἢ
957 1153 1143 1220 ἑτέρου
1196 1151 1423 1218 εύαγοῦς
1472 1152 1645 1213 οἴκου,
1690 1152 1786 1204 καὶ
1832 1152 1962 1203 αὐτὸ

405 1245 742 1297 ἅναδίδοσθαι
793 1248 858 1315 τῇ
911 1245 1193 1314 ἁγιωτάτῃ
1256 1244 1521 1312 ἐκκλησία
1574 1246 1749 1313 ῆτοῖς
1782 1244 1961 1305 ἄλλοις

361 1405 376 1416 ί
404 1338 653 1402 εύαγέσιν
690 1339 861 1400 οἴκοις
904 1339 1040 1406 μετὰ
1092 1337 1201 1389 τῶν
1232 1338 1323 1388 τοῦ
1376 1338 1542 1405 μέσου
1594 1337 1787 1405 χρόνου
1825 1352 1957 1405 καρ-

404 1433 541 1493 πῶν,
577 1433 670 1484 καὶ
701 1433 955 1484 τοσοῦτον
987 1432 1171 1501 ἕτερον
1204 1432 1327 1482 ὅσου
1360 1430 1509 1496 ἄξιόν
1560 1433 1677 1482 ἐστι
1724 1430 1783 1480 τὸ
1819 1430 1962 1498 πρᾶ-

370 1520 538 1609 ξγμα.
567 1522 627 1573 Εἰ
674 1522 731 1573 δὲ
768 1521 1020 1605 ὑποθήκῃ
1078 1522 1227 1591 παρὰ
1278 1521 1454 1573 ταῦτα
1488 1521 1692 1590 δοθείη,
1730 1523 1756 1572 ὁ
1785 1520 1961 1587 δανει-

404 1616 529 1681 στὴς
562 1614 622 1665 τὸ
657 1613 1074 1682 ὲποφειλόμενον
1105 1612 1412 1673 ἀπολλύτω,
1448 1614 1543 1664 καὶ
1571 1615 1630 1664 τὸ
1657 1612 1787 1664 αὐτὸ
1821 1614 1962 1682 πρᾶε-

401 1724 515 1774 γμα
546 1703 624 1773 τῷ
676 1705 865 1770 εὐαγεῖ
916 1705 1066 1773 τόπῳ
1118 1704 1437 1769 ἀποδιδότω,
1474 1704 1579 1755 τῶν
1632 1703 1959 1772 συμϐολαιο-

404 1801 645 1869 γράφων,
677 1798 787 1850 τῶν
818 1797 1165 1867 θαρρούντων
1194 1798 1342 1865 παρὰ
1376 1797 1467 1849 τὸν
1498 1796 1631 1865 ἡμῖν
1662 1796 1750 1847 τὸν
1793 1796 1958 1863 νόμον

403 1892 662 1954 τοιούτοις
717 1892 1012 1960 ὑπουργεῖν
1057 1889 1427 1959 συμϐολαίοις,
1479 1889 1715 1958 διηνεκεῖ
1763 1888 1952 1959 ἐξορίᾳ

403 1983 942 2053 καταδικαζομένων.

484 2244 765 2315 Ἦρὼτησε
795 2245 853 2299 δέ
883 2262 967 2309 τις
995 2247 1092 2299 καὶ
1144 2245 1300 2299 τοῦτο
1323 2262 1339 2278 ο
1372 2245 1478 2298 Τοῦ
1515 2247 1737 2308 κανόνος
1774 2245 1959 2314 λέγον-

399 2354 491 2400 τος
527 2339 883 2391 ἐκϐάλλεσθαι
933 2339 1022 2392 τὸν
1074 2339 1371 2391 ἐπίσκοπον
1421 2338 1528 2390 ἀπὸ
1580 2338 1959 2401 ὲπισκοπείου,

399 2428 497 2480 καὶ
537 2429 626 2480 τὸν
662 2429 965 2497 ἡγούμενον
998 2432 1059 2480 ἐκ
1103 2428 1192 2481 τοῦ
1225 2430 1613 2499 μοναστηρίου,
1644 2429 1719 2490 ὼς
1749 2429 1962 2497 λυμεῶ-

402 2536 501 2582 νας
545 2524 638 2572 καὶ
686 2520 959 2590 δολεροὺς,
1010 2520 1439 2591 ἐπακολουθήσει
1470 2522 1533 2589 τῇ
1567 2520 1833 2589 ἐξωθήσει
1866 2521 1961 2571 καὶ

400 2612 724 2681 καθαίρεσις
779 2610 809 2679 ἢ
861 2611 1018 2680 auxi;
1059 2612 1163 2663 Καί
1199 2629 1341 2673 τινες
1379 2613 1476 2681 μὲν
1538 2608 1687 2665 εἷπον
1751 2613 1823 2671 ὡς
1852 2614 1960 2664 τῶν

400 2703 578 2770 ἁγίων
630 2702 888 2771 Πατέρων
945 2702 1111 2770 μηδέν
1155 2719 1204 2753 τι
1256 2701 1494 2755 τοιοῦτον
1548 2702 1957 2770 διοριζομένων,

402 2794 739 2863 προϐήσεται
774 2794 936 2860 μόνον
983 2793 1273 2860 ἐξώθησιςθ
1315 2793 1440 2861 ἐμοὶ
1472 2792 1526 2844 δὲ
1561 2792 1708 2845 δοκεῖ
1736 2793 1829 2859 ὡς,
1861 2795 1959 2863 τῆς

399 2886 726 2957 ὲξώθησεως
758 2884 1055 2954 γενομένης
1078 2885 1163 2937 διὰ
1194 2885 1366 2947 δόλον,
1413 2884 1469 2950 ἐξ
1513 2885 1759 2957 ἀνάγκης
1820 2904 1961 2956 παρ-

402 2981 597 3033 έπεται
627 2982 718 3031 καὶ
760 2968 1097 3048 καθαίρεσις.
1155 2977 1341 3038 Οὐδεὶς
1372 2978 1499 3048 γὰρ,
1535 2978 1592 3043 ἐξ
1643 2980 1959 3049 ἀτιμοποιοῦ

2061 529 2223 582 super
2256 528 2362 582 qua
2404 516 2509 567 tale
2544 514 2669 582 quid
2724 521 3080 566 consecutum
3111 522 3215 573 est,
3268 526 3391 566 cum
3453 512 3625 566 inter-

2061 604 2221 659 medii
2277 605 2532 673 temporis
2592 603 2892 669 fructibus;
2964 610 3183 657 maneat
3243 610 3424 657 autem
3483 601 3623 670 apud

2060 699 2231 767 ipsam
2262 702 2493 767 pretium
2523 698 2605 752 vel
2635 697 2970 761 antidorum,
3021 706 3115 752 aut
3165 695 3311 766 quod
3370 710 3469 765 pro
3507 711 3628 763 per-

2061 791 2361 845 mutatione
2426 790 2519 843 vel.
2572 804 2902 859 quacunque
2955 790 3059 843 alia
3098 804 3262 843 causa
3298 789 3486 841 datum
3517 795 3622 840 est.

2062 882 2157 936 Sin
2214 892 2394 937 autem
2434 882 2828 951 emphyteusus,
2886 892 3169 951 praeterea
3200 896 3319 950 quae
3372 896 3401 933 a
3464 880 3625 932 nobis

2061 984 2208 1041 sunt,
2246 974 2385 1029 facta
2418 974 2606 1037 fuerit;
2644 984 2846 1029 sanctae
2874 974 3119 1029 ecclesia:
3142 974 3222 1027 vel
3254 972 3627 1028 sacrosanctis

2061 1068 2311 1122 domibus
2380 1067 2622 1120 eamdem
2705 1080 2815 1118 rem
2874 1066 3021 1118 reddi
3072 1065 3326 1134 jubemus
3359 1082 3370 1116 :
3405 1065 3627 1132 empby-

2062 1168 2262 1213 teutam
2295 1166 2472 1211 autem
2508 1156 2558 1209 id
2586 1155 2728 1225 quod
2764 1162 3090 1209 conventum
3142 1162 3226 1208 est
3277 1154 3538 1222 pendere,
3571 1162 3627 1205 ut

2060 1249 2583 1320 empliytcuticornm
2617 1257 2987 1301 contractumn
3014 1246 3180 1299 robur
3202 1246 3389 1313 exigit.
3417 1246 3470 1299 Si
3501 1261 3627 1299 vero

2060 1341 2291 1393 donetur
2328 1354 2412 1392 res
2445 1339 2819 1392 ecclesiastica
2863 1338 2943 1389 vel
2978 1337 3211 1405 alicu’jus
3260 1349 3627 1391 sacrosancta:

2061 1432 2294 1494 domus;
2333 1446 2394 1483 ea
2423 1446 2637 1499 quoque
2667 1430 3027 1484 sanctissimae
3077 1429 3323 1483 ecclesia:
3370 1428 3452 1483 vel
3506 1430 3627 1483 aliis

2060 1524 2425 1580 Sacrosanctis
2484 1524 2761 1587 domibus,
2815 1540 2936 1577 cum
2990 1522 3259 1576 fructibus
3316 1521 3625 1577 intermedii

2063 1618 2344 1687 temporis,
2376 1617 2653 1679 reddatur,
2693 1626 2745 1669 et
2776 1625 2985 1669 tantum
3023 1622 3281 1682 przeterea
3315 1612 3503 1681 quanti
3535 1627 3626 1665 res

2062 1710 2177 1777 ipsa
2213 1710 2395 1763 valet:
2449 1710 2530 1763 sin
2575 1718 2781 1771 autem,
2835 1716 3029 1776 pra‘ter
3077 1706 3209 1767 haec,
3243 1704 3452 1774 pignori
3500 1703 3624 1756 data

2064 1802 2243 1865 fuerit,
2290 1802 2529 1855 debitum
2575 1800 2763 1871 perdat
2792 1798 3061 1852 fenerator
3118 1806 3169 1850 et
3213 1797 3457 1850 eamdem
3513 1811 3625 1849 rem

2060 1903 2413 1950 sacrosancto
2450 1895 2571 1947 loco
2610 1892 2821 1953 reddat,
2859 1890 3265 1952 tabellionibus,
3303 1888 3393 1957 qui
3432 1897 3627 1956 prazter

2063 1987 2203 2039 banc
2261 1997 2504 2038 nostram
2563 1984 2733 2053 legem
2795 1982 2848 2035 in
2917 1980 3185 2051 ejusmodi
3251 1979 3627 2033 contractibus

2060 2094 2281 2148 operam
2342 2092 2495 2130 suam
2558 2075 2796 2143 prtcberc
2854 2073 3076 2134 audent,
3127 2080 3390 2141 perpetuo
3432 2070 3627 2124 exsilio

2060 2169 2351 2223 damnatis.

2136 2261 2245 2314 lloc
2276 2270 2456 2313 autem
2490 2260 2650 2313 etiam
2686 2256 3105 2325 interrogaverit
3158 2254 3465 2323 quispiam:
3493 2250 3625 2307 Cum

2065 2368 2240 2406 canon
2274 2353 2441 2413 dicat,
2472 2352 2788 2419 episcopum
2833 2365 2895 2402 ex
2948 2348 3288 2415 episcopatu,
3336 2356 3387 2399 et
3436 2352 3629 2397 mona~

2062 2444 2215 2498 stet‘ii
2245 2444 2558 2512 praelectum
2607 2457 2669 2493 ex
2704 2440 3060 2503 iuonasteriu,
3113 2449 3169 2491 ttt
3208 2437 3547 2508 perniciosos
3576 2448 3629 2490 et

2062 2535 2436 2590 fraudulentos
2485 2534 2703 2600 expelli.
2759 2532 3131 2586 detrusionem
3183 2539 3629 2598 consequeturne

2062 2628 2352 2697 depositio,
2390 2625 2614 2680 annon?
2646 2624 2711 2679 Et
2744 2625 2989 2677 nonnulli
3022 2625 3238 2691 quidem
3282 2623 3441 2693 305
3474 2622 3628 2675 dixe-

2064 2728 2210 2779 runt,
2245 2716 2386 2786 quod
2422 2732 2541 2770 cum
2578 2714 2768 2768 Patres
2807 2714 2938 2766 nihil
2974 2716 3081 2766 tale
3131 2713 3454 2773 decernant,
3513 2710 3628 2763 sola

2064 2812 2319 2880 procedet
2352 2808 2613 2862 extrusio.
2640 2806 2765 2859 Milli
2807 2806 3238 2868 autemvitletur,
3282 2804 3455 2874 quod,
3498 2819 3624 2856 cum

2063 2910 2285 2972 propter
2310 2900 2492 2953 dolum
2525 2900 2614 2951 ﬁat
2648 2898 2866 2966 ejectio,
2897 2898 3207 2950 necessario
3235 2896 3398 2949 etiam
3445 2895 3629 2963 sequi-

2067 3001 2152 3044 tur
2181 2989 2465 3059 depositio.
2490 2986 2658 3040 Nemo
2688 2990 2855 3047 euim,
2891 3002 2955 3039 ex
2985 3000 3149 3037 causa
3181 2984 3407 3038 laedente
3432 2983 3626 3035 famam

402 3073 585 3135 αἰτίας
615 3072 1127 3141 καταδικαζόμενος,
1168 3069 1383 3139 ἔντιμός
1418 3071 1589 3123 ἐστιν.
1624 3070 1956 3140 Εὑχαριστη-

2065 3082 2494 3141 condenmatus,
2545 3078 2701 3132 home
2764 3086 2849 3131 est
2910 3064 3351 3131 existimationis.
3408 3075 3626 3129 Potenti

398 3166 527 3215 τέον
560 3159 653 3216 οὖν
686 3163 762 3233 τῷ
788 3162 1031 3232 κραταιῷ
1082 3162 1174 3214 καὶ¹
1226 3162 1365 3230 ἁγίῳ
1414 3162 1572 3230 ἡμῶν
1626 3157 1855 3231 βασιλεῖ,
1885 3162 1960 3233 τῷ

404 3257 815 3325 συντηρήσαντι
843 3252 1154 3315 ἀκολούθως
1189 3252 1266 3322 τῷ
1291 3252 1631 3322 ἀποστολικῷ
1654 3254 1837 3306 κανόνι
1867 3256 1960 3306 καὶ⁸

398 3349 479 3418 τῷ
514 3349 743 3417 παρόντι
796 3345 1059 3418 διορισμῷ
1088 3348 1156 3399 τὰ
1187 3347 1295 3398 τῶν
1348 3346 1656 3416 ἐκκλησιῶν
1708 3350 1801 3400 καλ⁸
1851 3348 1958 3401 τῶν

396 3442 544 3495 κατὰ
579 3442 732 3494 πόλιν
780 3441 917 3502 τέως
970 3439 1351 3509 μοναστηρίων
1413 3439 1646 3509 ἀκίνητα
1703 3441 1957 3508 ἀνέπαφα

397 3538 465 3586 ἐκ
494 3534 588 3601 τῆς
636 3534 816 3603 χειρὸς
856 3532 949 3585 τοῦ
982 3532 1242 3601 δημοσίου
1280 3531 1367 3584 διὰ
1414 3533 1579 3600 τριῶν
1626 3532 1958 3600 χρυσοϐούλ-

396 3629 509 3679 λων
537 3627 633 3696 τῆς
665 3626 823 3691 ἁγίας
852 3624 1125 3694 βασιλείας
1156 3624 1342 3680 αὐτοῦ,
1373 3626 1461 3692 ἀφ’
1493 3620 1567 3677 ὧν
1597 3625 1656 3677 τὸ
1689 3627 1786 3692 μὲν
1817 3628 1958 3680 κατὰ

399 3722 493 3773 τὸν
561 3718 776 3771 Ἰούλιον
828 3718 974 3787 μῆνα
1030 3716 1128 3786 τῆς
1184 3714 1229 3767 α’
1279 3716 1602 3779 ίνδικτιῶνος
1655 3716 1747 3769 τοῦ
1796 3719 1960 3790 ⁴ςχνδ¹

400 3811 556 3872 ἔτους
583 3811 826 3878 γεγονὸς,
863 3812 955 3862 καὶ
996 3810 1365 3879 διοριζόμενον
1400 3809 1474 3879 μὴ
1508 3809 1842 3877 βλάπτεσθαι
1890 3810 1957 3863 τὰ

402 3905 741 3974 μοναστήρια
768 3905 831 3954 ὲκ
851 3900 945 3953 τοῦ
972 3901 1100 3964 ἴσως
1131 3901 1390 3971 χωλεύειν
1420 3901 1561 3953 κατά
1598 3918 1648 3953 τι
1685 3903 1750 3954 τὰ
1781 3919 1949 3972 προσ-

398 3999 529 4050 όντα
591 3997 803 4058 τούτοις
849 3995 1193 4062 δικαιώματα
1219 4009 1234 4023 ⁸
1268 3993 1439 4046 καὶτὸ
1471 3993 1609 4046 κατὰ
1640 3993 1730 4043 τὸν
1755 3992 1958 4045 Ὀκτώ-

405 4090 560 4160 ϐριον
625 4089 767 4157 μῆνα
820 4090 917 4158 τῆς
966 4085 1008 4151 ζ’
1070 4086 1395 4147 ίνδικτιῶκος
1447 4084 1539 4136 τοῦ
1581 4084 1750 4157 ,ςχξέ
1803 4085 1956 4147 ἔτους

401 4182 690 4246 ἁπολυθὲν,
726 4180 818 4234 κα)⁵
849 4178 1355 4249 παρακελευόμενον
1388 4177 1532 4246 ἔχειν
1559 4180 1624 4230 τὰ
1683 4177 1954 4248 μοναστή-

406 4296 498 4350 ρια
556 4276 697 4329 κατὰ
732 4275 794 4327 τὸ
849 4274 1271 4326 ἀναπόστιαστον
1325 4270 1392 4337 τὰ
1447 4272 1677 4341 ἀκίνητα
1729 4269 1954 4331 τούτων,

362 4385 383 4427 J
413 4370 518 4423 κᾶν
545 4367 867 4435 διαγνώσεις
893 4365 1154 4434 ἐδόθησαν
1181 4364 1364 4426 αὐτοῖς
1394 4364 1544 4434 παρὰ
1574 4362 1680 4415 τῶν
1711 4365 1951 4429 ἀναγρα-

405 4462 552 4529 φέων
582 4458 893 4514 δικαιοῦσαι
924 4458 1015 4510 τὸν
1047 4456 1326 4526 δημόσιον,
1360 4456 1518 4508 ἅτινα
1540 4456 1598 4507 οὐ
1642 4454 1953 4524 κατεστρώ-

398 4555 575 4624 θησαν
625 4551 861 4607 ὲνταῦθα
911 4538 1001 4603 διᾶ
1053 4549 1113 4601 τὸ
1168 4548 1529 4612 αἱωνίζουσαν
1582 4547 1846 4615 ὠφέλειαν
1893 4550 1956 4600 ὲκ

349 4703 358 4711 ,
396 4647 602 4699 τούτων
634 4645 707 4714 μὴ
742 4640 1188 4713 ἐπιχορηγείσθαι
1240 4643 1363 4701 ταῖς
1415 4640 1622 4707 μοναῖς,
1666 4638 1800 4691 ἀλλὰ
1832 4656 1957 4692 καιο

400 4738 562 4807 ρικήν
582 4742 596 4763 ⁸
627 4735 685 4789 τὸ
715 4734 769 4787 δὲ
803 4735 943 4786 κατὰ
970 4731 1062 4784 τὸν
1092 4731 1333 4800 Μάρτιον
1389 4730 1532 4797 μῆνα
1582 4730 1681 4798 τῆς
1725 4727 1777 4792 ς’
1831 4729 1956 4781 ἱνδι-

372 4823 629 4891 δκτιῶνος
655 4828 749 4881 τοῦ
788 4826 969 4898 ,ςχξᾴ
1026 4825 1180 4887 ἔτους
1208 4823 1483 4893 ἐξενεχθὲν
1513 4824 1606 4876 καὶ
1636 4840 1956 4893 καταστρω-

403 4921 497 4973 θὲν
532 4922 588 4972 ὲν
620 4920 752 4971 πᾶσι
777 4922 892 4980 τοῖς
926 4916 1202 4987 σεκρέτοις
1237 4915 1675 4986 παρακελεύεται
1705 4916 1838 4983 μετὰ
1888 4898 1953 4969 τδ

405 5012 689 5083 προοίμιον
723 5012 895 5065 ταῦτα
929 5012 1106 5080 ῥητῶς
1130 5026 1143 5040 ·

480 5105 719 5173 Ἔφθασε
753 5104 850 5173 μὲν
871 5098 964 5155 οὖν
996 5101 1097 5171 πρὸ
1124 5100 1331 5171 χρόνων
1360 5098 1521 5151 τινῶν
1568 5096 1955 5167 χρυσόϐουλλον

396 5198 561 5264 λόγον
585 5193 979 5264 ἐπιϐραϐεὖσαι
1011 5193 1124 5255 τοῖς
1150 5208 1207 5243 τε
1236 5191 1357 5244 κατ’
1386 5188 1551 5256 αὐτὴν
1581 5190 1678 5258 τὴν
1712 5187 1956 5255 βασιλίδα

396 5283 511 5343 τῶν
540 5287 744 5339 πόλεων
760 5285 1120 5353 διακειμένοις
1142 5285 1522 5353 εύαγεστάτοις
1553 5283 1951 5351 μοναστηρίοις,

403 5380 503 5433 καὶ
534 5380 646 5440 τοῖς
686 5378 744 5429 τὸ
777 5377 989 5429 δυτικδν
1029 5376 1192 5444 μέρος
1214 5373 1307 5427 τοῦ
1343 5373 1552 5437 στενοῦ,
1582 5374 1705 5425 ὅσον
1739 5390 1794 5424 τε
1824 5375 1946 5424 κατ’

403 5471 666 5540 αἰγιαλὸν,
699 5471 790 5522 καὶ
820 5471 944 5521 ὅσον
999 5466 1317 5537 πόρρωθεν
1377 5466 1633 5527 ὡσαύτως
1691 5467 1784 5517 καὶ
1837 5467 1950 5527 τοῖς

403 5563 535 5633 περὶ
573 5563 662 5614 τὸν
702 5560 901 5613 κόλπον
934 5560 1030 5629 τῆς
1087 5557 1443 5626 Νικομηδίας,
1498 5557 1592 5608 καὶ
1650 5557 1810 5626 μέχρι
1858 5558 1951 5609 καὶ

405 5654 571 5721 αὐτῆς
597 5652 695 5723 τῆς
732 5648 1088 5719 Νικομηδίας,
1146 5650 1238 5700 καὶ
1272 5650 1384 5709 τοῖς
1415 5649 1473 5698 ἐν
1496 5648 1615 5708 ταῖς
1654 5649 1853 5715 νήσοις⁴
1887 5650 1951 5718 τῇ

414 5742 616 5813 Ὀξείᾳ,
652 5744 715 5813 τῇ
748 5739 965 5811 Πρώτη,
991 5741 1057 5810 τῇ
1095 5738 1304 5809 Χάλκῃ,
1337 5740 1400 5807 τῇ
1434 5736 1640 5807 Πλάτῃ,
1680 5740 1744 5807 τῇ
1789 5736 1948 5808 ’Δγίᾳ

1982 4428 2030 4486 D

2068 3191 2196 3244 ergo
2232 3182 2283 3227 et
2319 3182 2509 3227 sancto
2564 3182 2757 3224 nostro
2814 3170 3123 3239 imperatori
3176 3169 3360 3240 gratiae
3410 3168 3626 3238 agendae

2067 3277 2214 3325 sunt,
2252 3265 2367 3334 qui,
2398 3274 2454 3317 ut
2484 3264 2597 3316 vnlt
2627 3263 2956 3331 apostolicus
2986 3276 3158 3315 canon
3189 3269 3242 3314 et
3277 3262 3386 3313 haec
3422 3260 3626 3314 consti-

2067 3359 2227 3422 tutio,
2253 3356 2606 3414 ecclesiarum
2631 3356 2980 3424 civitatisque
3031 3355 3490 3407 monasteriorum
3527 3354 3628 3405 im-

2068 3452 2286 3506 mobilia
2321 3471 2348 3503 a
2406 3466 2566 3502 manu
2624 3449 2733 3502 fisci
2781 3464 2874 3502 seu
2930 3448 3153 3514 publici,
3186 3461 3279 3513 per
3315 3457 3422 3500 tres
3457 3460 3627 3497 sacra:

2068 3560 2179 3599 Suae
2228 3543 2531 3612 maiestatis
2566 3558 2760 3596 aureas
2814 3541 3015 3604 bullas,
3081 3540 3278 3593 intacta
3316 3549 3369 3592 et
3416 3540 3624 3608 integra

2067 3637 2410 3690 conservavit
2443 3652 2456 3688 :
2495 3651 2725 3704 quarum
2770 3636 2940 3687 altera
2976 3633 3191 3703 quidem
3242 3630 3385 3685 Julio
3418 3647 3623 3695 mense,

2068 3728 2365 3781 indictione
2396 3728 2446 3789 1,
2505 3742 2649 3780 anno
2676 3726 2814 3780 6654
2866 3724 3008 3799 facta
3069 3734 3173 3787 est,
3217 3733 3271 3778 et
3326 3724 3624 3789 constituit,

2065 3835 2173 3872 non
2200 3818 2317 3871 lmdi
2352 3818 2703 3881 monasteria,
2761 3834 2824 3869 eo
2875 3816 3016 3885 quod
3066 3817 3210 3883 jura,
3243 3831 3362 3884 quae
3393 3816 3495 3868 illis
3530 3818 3624 3868 atl-

2063 3920 2210 3973 sunt,
2248 3910 2300 3962 in
2333 3910 2519 3977 aliquo
2548 3909 2690 3962 forte
2718 3909 2906 3961 mutila
2939 3909 3049 3961 sint
3079 3918 3133 3961 et
3172 3910 3486 3977 imperfecta
3524 3926 3537 3961 :
3572 3920 3623 3964 et

2061 4001 2299 4056 secunda
2334 4015 2515 4053 mense
2541 3998 2782 4062 Octobri,
2845 3999 3139 4051 indictione
3173 3998 3226 4060 7,
3285 4015 3427 4052 anno
3462 3998 3622 4063 6665,

2063 4096 2262 4150 emissa
2291 4102 2394 4157 est,
2430 4101 2477 4145 et
2508 4092 2663 4162 jubet
2694 4091 3021 4143 monasteria
3070 4089 3336 4143 iudivulse
3373 4100 3425 4143 et
3478 4093 3621 4143 inse-

2064 4186 2378 4255 parabiliter
2408 4199 2505 4237 sua
2541 4183 2736 4237 habere
2768 4182 3101 4241 immobilia;
3149 4182 3361 4235 etiamsi
3397 4184 3619 4246 notitia’,

2063 4293 2183 4347 quae
2210 4292 2307 4345 pro
2332 4275 2454 4343 jure
2483 4275 2599 4328 ﬁsci
2624 4274 2854 4335 laciuut,
2888 4289 2915 4325 a
2949 4288 3146 4326 census
3187 4274 3620 4336 descriptoribus

2061 4372 2142 4425 eis
2172 4369 2307 4422 datae
2338 4371 2467 4431 sint,
2515 4383 2632 4437 quin
2694 4366 2783 4419 hic
2816 4366 2934 4420 sitae
2983 4381 3089 4418 non
3133 4374 3280 4427 sunt,
3335 4364 3619 4433 quod'non

2060 4474 2320 4533 perpetua
2361 4466 2543 4515 cautio
2568 4468 2619 4513 et
2647 4459 2851 4512 utilitas
2893 4459 3246 4512 monasteriis
3279 4474 3342 4511 ex
3390 4458 3456 4511 iis
3489 4474 3618 4525 Sttp-

2056 4557 2344 4626 pediti-tur,
2372 4556 2466 4609 sed
2500 4554 2807 4621 temporalis
2837 4570 2850 4605 :
2888 4554 2990 4605 alia
3024 4568 3153 4604 vero
3190 4567 3373 4603 mense
3405 4550 3617 4610 Martio,

2058 4648 2354 4701 indictione
2382 4648 2434 4711 6,
2463 4661 2606 4699 anno
2634 4644 2773 4698 6666
2806 4645 2951 4698 edita
3001 4652 3105 4704 est,
3155 4652 3209 4694 et
3262 4643 3312 4695 in
3367 4642 3617 4695 onunibus

2058 4739 2284 4795 secretis
2318 4738 2514 4809 posita,
2552 4754 2671 4808 qua:
2700 4748 2822 4807 post
2867 4736 3191 4807 prommium
3222 4734 3321 4788 bos
3366 4749 3617 4803 expresse

2057 4832 2221 4888 edicit
2250 4849 2262 4884 :

2128 5095 2343 5164 Aliquot
2377 5093 2577 5148 abhinc
2617 5107 2776 5146 anuis
2848 5092 3213 5147 deﬁnitionem
3263 5107 3423 5145 aurea
3476 5092 3616 5145 nulla

2060 5189 2325 5242 munitam
2377 5187 2625 5242 emittere
2690 5185 3115 5254 dispensareque
3169 5188 3427 5253 praevenit
3502 5199 3617 5237 mea

2058 5281 2337 5347 majestas,
2367 5279 2563 5348 iisque,
2591 5293 2709 5345 quae
2748 5278 2801 5331 in
2858 5279 2957 5330 bac
3011 5277 3225 5330 urbium
3279 5278 3464 5345 regina
3514 5278 3615 5329 sita

2058 5382 2207 5431 sunt,
2239 5369 2599 5423 sanctissimis
2632 5370 3003 5431 monasteriis,
3037 5381 3090 5422 et
3135 5370 3198 5423 iis
3229 5385 3350 5437 qua:
3392 5379 3519 5422 sunt
3564 5370 3612 5421 in

2056 5462 2379 5515 occidentali
2429 5470 2583 5531 parte
2633 5461 2775 5527 freti,
2828 5472 3093 5530 quantum
3135 5472 3221 5516 est
3259 5464 3311 5515 in
3355 5462 3535 5515 littore
3566 5471 3612 5514 ct

2056 5555 2296 5625 longius;
2322 5554 2572 5609 similiter
2602 5562 2654 5607 et
2688 5555 2753 5609 iis
2772 5571 2889 5624 qua:
2905 5556 3099 5609 suntin
3131 5557 3251 5608 sinu
3274 5552 3611 5606 Nicomedia;

2057 5661 2109 5703 ct
2146 5663 2317 5716 usque
2351 5647 2420 5700 ad
2456 5647 2627 5716 ipsam
2659 5646 3051 5708 Nicomediam,
3078 5656 3131 5701 et
3164 5647 3226 5699 iis
3249 5661 3369 5712 quae
3402 5652 3531 5698 sunt
3562 5642 3610 5696 in

2061 5740 2275 5808 insulis,
2300 5738 2466 5804 Osca,
2502 5735 2705 5805 Prima,
2743 5736 2962 5804 Cbalce,
3000 5736 3169 5804 Plate,
3205 5744 3394 5791 sancta
3422 5732 3610 5804 Glyce-
