3972 6488
528 380 632 446 935

1776 356 2057 421 THEOD.
2099 354 2501 417 BALSAMON
3633 353 3716 417 556

523 496 629 552 ria,
659 489 916 559 Principo
963 482 1246 554 Antigoni,
1300 475 1688 548 Brachynesio,
1732 470 2087 528 Terebintlto.

2205 465 2494 536 Γλυκερίᾳ,
2524 465 2591 533 τῇ
2619 462 2911 532 Πριγκίπῳ
2929 464 2995 532 τῇ
3025 462 3117 514 τοῦ
3158 463 3482 529 Ἀντιγόνου,
3509 462 3579 533 τῷ
3606 465 3715 537 Bp:-

520 581 722 639 Sancto
764 579 1002 639 Andrea,
1049 576 1250 628 Saneto
1325 568 1636 639 Tryphone,
1684 564 1886 618 Sancto
1938 561 2095 614 Eleu-

520 676 700 735 thero,
730 671 984 731 Codome,
1014 667 1230 735 Pelago,
1255 662 1515 732 Deiparze,
1538 658 1791 721 Mesonar,
1817 654 2019 709 Medica
2041 660 2095 706 et

521 764 726 820 Sancta
760 760 1054 823 Demetrio,
1085 766 1138 810 et
1167 756 1231 809 iis
1260 768 1379 823 quae
1409 761 1537 804 sunt
1567 750 1619 802 in
1653 743 2095 816 possessiOnihus

523 869 802 926 portuum,
828 862 882 906 et
912 866 1086 919 usque
1139 848 1205 899 ad
1252 845 1594 913 complexum
1634 842 1887 910 Athyrae;
1920 847 1994 899 et,
2039 847 2096 891 ut

519 948 689 1003 semel
718 946 918 1009 dicam,
952 943 1019 996 iis
1046 941 1138 1010 qui
1158 936 1516 992 circumcirca
1550 933 1793 1003 reginam
1820 932 2091 985 civitatein

522 1047 844 1095 exercentur
906 1033 1228 1094 monachis,
1300 1027 1435 1083 viris
1497 1034 1551 1081 et
1600 1026 1954 1084 mulieribus.
2010 1026 2096 1079 his

523 1133 690 1187 multa
719 1133 841 1200 jura
874 1127 1065 1197 largita
1097 1137 1203 1187 est,
1229 1132 1285 1177 et
1307 1123 1362 1176 in
1391 1120 1753 1175 immobilium
1783 1118 2097 1173 deten‘tione

517 1242 583 1280 ac
633 1220 1031 1280 dominatione,
1083 1233 1206 1288 qua:
1256 1214 1583 1285 quibusdam
1626 1213 1840 1281 jurihus
1896 1214 1962 1265 ad
2000 1227 2096 1266 eos

458 1359 460 1362 μ
523 1323 822 1392 pertinent,
856 1318 1068 1370 ﬁrmam
1104 1321 1156 1368 et
1185 1309 1665 1366 illahefactabilem
1690 1306 2093 1377 possessionem

516 1414 794 1471 concessit
841 1407 1351 1479 :queniadmodum
1409 1404 1553 1459 dicta
1627 1402 1874 1463 deﬁnitio
1932 1415 2096 1455 aurea

517 1508 668 1563 bulla
692 1504 899 1559 munita
937 1502 1050 1555 haec
1086 1500 1260 1554 fusius
1292 1499 1658 1568 persequitur.
1700 1494 1804 1550 Sed
1838 1498 2096 1564 quoniam

519 1611 807 1653 venatores
852 1597 1138 1667 quiescere
1188 1610 1295 1646 non
1340 1598 1654 1661 potuerunt,
1702 1588 1795 1643 sed
1846 1588 1960 1643 ﬁsci
1999 1602 2094 1641 seu

520 1691 728 1761 publici
792 1698 1055 1759 praetextu
1107 1686 1188 1742 eis
1232 1699 1453 1756 gravem
1510 1681 1857 1737 aﬁlictionem
1898 1679 2096 1734 intule-

521 1796 683 1850 runt;
720 1785 980 1854 maiestas
1027 1769 1146 1836 mea
1204 1780 1372 1834 Deum
1426 1778 1643 1847 placare
1692 1784 1747 1830 et
1799 1775 2094 1844 propitium

521 1880 733 1933 eﬁicere
761 1877 973 1939 volens,
1007 1874 1077 1930 ob
1114 1889 1177 1928 ea
1212 1887 1309 1943 per
1337 1886 1454 1940 qua:
1481 1870 1661 1940 ipsum
1695 1876 1755 1923 ut
1795 1868 1958 1921 homo
2011 1865 2095 1919 of;

521 1970 717 2035 fendit,
746 1967 1017 2037 simulque
1048 1968 1227 2036 magni
1270 1964 1643 2035 imperatoris,
1685 1960 1890 2015 Chri'sti
1947 1958 2096 2014 scili-

520 2073 630 2127 cet,
666 2061 892 2124 milites,
924 2060 1015 2130 qui
1049 2060 1211 2112 vitam
1241 2055 1601 2111 monasticam
1650 2061 1870 2123 propter
1921 2050 2097 2119 ipsum

521 2158 828 2225 elegerunt,
858 2162 911 2204 et
935 2151 1163 2220 spiritus
1189 2157 1528 2202 armaturam
1563 2146 1885 2206 induerunt,
1919 2143 2100 2196 socios

523 2248 723 2301 habere
775 2255 830 2298 et
884 2254 1141 2299 strenuos
1192 2240 1512 2295 defensores
1566 2228 1830 2293 adversus
1890 2237 2097 2297 hostes,

520 2343 630 2387 tam
674 2332 765 2401 qu‘i
797 2331 1047 2384 videntur
1078 2344 1237 2399 quam
1271 2331 1360 2397 qui
1392 2344 1500 2382 non
1534 2329 1811 2390 videntur,
1847 2327 1993 2380 bono
2020 2324 2099 2377 illi

524 2423 876 2478 fundamento
922 2433 1124 2475 tectum
1193 2435 1411 2489 quoque
1474 2410 1827 2490 proportione
1901 2432 2100 2471 conve-

522 2517 683 2571 niens
745 2518 1023 2586 imponere
1091 2507 1281 2577 voluit,
1340 2523 1396 2566 et
1477 2523 1803 2581 praesentem
1876 2524 2096 2563 auream

522 2610 725 2664 bullam
754 2609 956 2676 optima
990 2622 1114 2660 cum
1160 2607 1372 2659 ratione
1402 2602 1610 2668 edidit;
1667 2618 1764 2673 per
1797 2617 1957 2671 quam
1990 2614 2102 2655 sta-

524 2702 632 2755 tuit
676 2707 729 2755 et
778 2697 989 2761 deﬁnit,
1048 2696 1234 2750 omnia
1290 2693 1614 2757 immobilia,
1666 2707 1787 2762 qua:
1838 2692 1998 2745 hodie
2031 2692 2099 2744 ab

522 2792 861 2849 enumeratis
914 2788 1261 2844 monasteriis
1331 2785 1720 2856 possidentur,
1789 2784 1873 2837 vel
1934 2784 2101 2837 etiam

521 2882 981 2939 anachoretarum
1030 2878 1297 2944 azdiculis,
1356 2877 1616 2941 cellulis,
1668 2877 1860 2941 lauris,
1916 2885 1990 2939 et,
2040 2883 2100 2929 ut

522 2975 836 3031 summatim
867 2973 1069 3037 dicant,
1106 2986 1435 3041 quocunque
1484 2969 1707 3023 nomine
1747 2976 2097 3032 censeantur,

525 3068 922 3124 monachorum
980 3066 1348 3130 habitaculis;
1394 3063 1643 3129 colonos,
1690 3061 1913 3131 praedia,
1966 3075 2098 3114 con-

2198 557 2459 630 χυνησίῳ,
2515 557 2580 626 τῇ
2634 554 2967 625 Ἰέρεϐίνθῳ,
3017 554 3094 622 τῷ
3167 553 3333 624 Ἀγίῳ
3420 555 3721 633 Ἀνδρέᾳιτῷ

2206 647 2378 717 Ἀγίῳ
2406 647 2683 719 Τρύφωνι,
2721 645 2797 713 τῷ
2824 644 2995 715 Ἀγίῳ
3036 643 3336 715 Ἐλευθέρῳ
3382 645 3721 718 τῷῐίωέώντος,

2198 742 2291 793 καὶ
2319 739 2576 806 Πελάγει,
2610 741 2674 808 τῇ
2710 737 2981 808 Θεοτόκῳ,
3013 738 3094 805 τῷ
3128 737 3402 805 Μεσόνεις,
3458 742 3522 808 τῇ
3565 737 3722 811 Ἰατρῴ

2199 838 2292 888 καὶ
2326 835 2403 906 τῷ
2445 834 2617 905 Ἀγίῳ
2667 834 2986 904 Δημητρίῳ,
3034 835 3129 885 καὶ
3164 833 3275 895 τοῖς
3299 833 3356 883 ὲν
3391 832 3505 895 ταῖς
3537 835 3725 905 mea;

2198 933 2305 985 τῶν
2335 932 2550 1003 πορτῶν
2577 930 2671 982 καὶ
2699 931 2824 999 ἄχρι
2878 928 2975 997 τῆς
3029 927 3293 996 περιοχῆς
3325 925 3425 996 τῆς
3492 927 3721 997 ’Λθύραρ

2200 1024 2294 1078 καὶ
2317 1024 2505 1084 ἁπλῶς
2539 1025 2652 1086 τοῖς
2707 1020 2868 1091 περὶξ
2924 1020 3024 1090 τῆς
3077 1019 3347 1091 βασιλίδος
3403 1020 3508 1072 τῶν
3553 1024 3725 1075 πόλεων

2203 1116 2565 1186 ἀσκουμένοις
2632 1116 2907 1185 μοναχοῖς,
2964 1114 3192 1183 ἀνδρασι
3249 1129 3310 1164 τε
3379 1113 3475 1164 καὶ
3522 1114 3722 1181 γυναιξὶ,

2203 1207 2378 1260 πολλὰ
2408 1208 2620 1270 τούτοις
2645 1205 3120 1277 φιλοτιμησαμὲνη
3154 1203 3363 1266 δίκαια,
3396 1205 3486 1255 καὶ
3515 1208 3570 1255 τὸ
3595 1206 3721 1257 ἀδιά-

2209 1315 2419 1351 σειστον
2449 1299 2631 1359 αὐτοῖς
2665 1298 3033 1367 δωρησαμένη
3069 1296 3162 1348 ἐπὶ
3194 1298 3260 1366 τῇ
3297 1299 3499 1364 κατοχῇ
3536 1296 3619 1347 καὶ
3657 1297 3727 1348 δε-

2205 1390 2431 1461 σποτεία
2461 1390 2568 1442 τῶν
2606 1390 2882 1459 ἀκινήτων
2909 1387 3017 1440 τῶν
3047 1388 3154 1440 ἀπό
3181 1403 3347 1439 τινων
3376 1384 3724 1456 δικαιωμάτων

2200 1483 2571 1554 διαφερόντων
2600 1482 2835 1547 τούτοις,
2872 1480 3051 1543 καθὼς
3097 1483 3124 1532 ὁ
3159 1480 3402 1542 τοιοῦτος
3441 1482 3727 1551 χρυσόϐουὶ-

2204 1574 2295 1637 λος
2356 1576 2513 1641 λόγος
2580 1574 2918 1642 πλατύτερον
2976 1572 3151 1625 ταῦτα
3206 1572 3483 1635 διέξεισιν.
3528 1574 3729 1626 Ἐπεὶδὲ

2200 1667 2325 1729 τοὺς
2375 1665 2709 1736 θηρολέκτας
2744 1665 2842 1717 οὐκ
2870 1660 2937 1734 ἦν
2968 1666 3216 1734 ἠρεμεῖν,
3263 1666 3400 1717 ἀλλὰ
3433 1665 3507 1731 τῷ
3542 1667 3625 1717 τοῦ
3654 1667 3729 1734 οη-

2222 1759 2409 1830 μοσίου
2440 1761 2790 1829 προσχήματι
2842 1758 3069 1827 βαρεῖαν
3118 1758 3326 1821 τούτοις
3384 1759 3578 1827 ἐπῆγον
3605 1752 3724 1810 οὗτοι

2206 1850 2306 1922 τὴν
2344 1852 2613 1917 κάκωσιν,
2652 1852 2685 1920 ἡ
2718 1850 2973 1919 βασιλεία
3028 1868 3134 1918 μου
3192 1850 3315 1920 ἅμα
3347 1849 3446 1917 μὲν
3499 1850 3555 1901 τὸ
3604 1850 3730 1901 Θείον

2210 1943 2560 2014 ὲξευμενῐσαι
2596 1944 2691 1995 καὶ
2733 1941 3151 2007 ὲξιλεώσασθαι,
3206 1942 3295 2010 ἐφ’
3329 1938 3407 2006 οἷς
3439 1944 3509 2005 ὼς
3557 1943 3729 2011 ἄνθρωο

2204 2056 2303 2101 πος
2340 2037 2524 2091 τοῦτον
2560 2042 3026 2108 προσκέκρουκεν,
3078 2037 3195 2106 ἅμα
3221 2038 3280 2090 δὲ
3308 2036 3597 2107 βουλομένη
3652 2039 3725 2089 καί

2200 2133 2328 2194 τοὺς
2362 2129 2702 2201 στρατιώτας
2750 2130 2844 2183 τοῦ
2899 2131 3138 2201 μεγάλου
3190 2130 3478 2201 βασιλέως,
3530 2130 3730 2202 Χριστοῦ

2200 2224 2466 2294 δηλονότι,
2515 2225 2638 2286 τοὺς
2677 2223 2744 2276 δι’
2798 2224 2960 2277 αὐτὸν
3012 2224 3103 2277 τὸν
3146 2226 3363 2295 μονήρη
3394 2223 3503 2294 βίον
3545 2224 3730 2294 προελοο

2209 2316 2429 2387 μένους,
2455 2317 2552 2369 καὶ
2582 2316 2681 2387 τὴν
2715 2316 3022 2371 πανοπλίαν
3053 2318 3454 2386 ὲνδυσαμὲνους
3484 2316 3572 2369 τοῦ
3591 2317 3727 2367 uno.

2207 2426 2403 2479 ματος,
2448 2409 2775 2479 συμμάχους
2801 2408 2948 2479 ἔχειν
2978 2410 3070 2462 καὶ
3100 2410 3480 2471 συνασπιστὰς
3509 2410 3723 2478 ἰσχυροὺς

2204 2503 2346 2557 κατὰ
2376 2502 2487 2555 τῶν
2513 2502 2806 2572 ὁρωμένων
2828 2504 2922 2555 καὶ
2949 2503 3198 2572 ἀοράτων
3227 2502 3440 2573 ἐχθρῶν
3470 2501 3541 2572 τῷ
3573 2502 3727 2570 ἁγαθῴ

2202 2595 2396 2664 ἐκείνῳ
2428 2593 2683 2665 θεμελίῳ,
2720 2595 2815 2648 καὶ
2843 2596 3040 2666 ὄροφον
3063 2596 3332 2650 ἐπιθεῖναι
3363 2596 3610 2663 ἀνάλογον
3631 2594 3730 2663 ᾕρεε

2201 2686 2412 2749 τίσατο,
2446 2686 2541 2739 καὶ
2576 2687 2668 2739 τὸν
2695 2688 2937 2756 παρόντα
2982 2689 3381 2757 χρυσόὸουλλον
3436 2688 3726 2741 ἀπολέλυκεν

2205 2778 2467 2844 εὐλόγως,
2500 2776 2567 2829 δι’
2597 2773 2659 2830 οὗ
2690 2779 2934 2843 θεσπίζει
2986 2780 3080 2832 καὶ
3126 2780 3429 2849 διορίζεται
3482 2780 3642 2832 πάντα
3676 2778 3728 2828 τὰ

2203 2870 2447 2940 σήμερον
2489 2873 2762 2940 νεμόμενα
2792 2871 3024 2939 ἀκίνητα
3053 2872 3203 2939 παρὰ
3230 2873 3341 2924 τῶν
3365 2872 3563 2925 ἄνωθεν
3607 2873 3730 2939 ἀριθ-

2204 2963 2487 3034 μηθέντων
2519 2963 2925 3033 μοναστηρίων,
2963 2963 2994 3033 ἢ
3042 2966 3136 3016 καῖ⁸
3183 2965 3615 3035 ἡσυχαστηρίων,
3654 2966 3725 3014 καὶ

2200 3054 2629 3126 ἀναχωρητικῶν
2650 3055 2875 3109 κελλίων
2903 3058 2997 3109 καὶ
3022 3056 3265 3128 λαυρῶν,
3295 3059 3391 3113 καὶ
3422 3057 3596 3118 ἁπλῶς
3623 3068 3728 3107 κατε

523 3173 740 3226 ventus,
781 3161 1012 3224 tributa,
1050 3159 1357 3227 vectigalia,
1397 3167 1610 3225 portus,
1668 3153 1911 3215 ﬁumina,
1969 3153 2093 3221 jura

2205 3149 2544 3218 οικητηρίων
2620 3150 2958 3218 μοναχικῶν,
3008 3150 3111 3204 κάν
3163 3143 3207 3218 ᾧ
3258 3151 3325 3204 ἂν
3378 3151 3609 3205 καλοῖντο
3634 3148 3726 3199 ὀνό-

527 3255 826 3317 inaritima,
861 3261 935 3314 et,
971 3260 1027 3303 ut
1065 3251 1229 3303 seruet
1260 3250 1465 3311 dicam,
1504 3246 1871 3317 quodcunque
1912 3244 2003 3314 jus
2044 3245 2100 3299 in

528 3347 878 3417 possessione
923 3344 1191 3397 immobili
1227 3342 1628 3403 consideratur,
1667 3347 1721 3393 et
1761 3340 1815 3394 in
1853 3354 2101 3409 quocun-

524 3457 630 3511 que
660 3439 781 3492 loco
827 3438 990 3491 situm
1046 3436 1136 3500 sit,
1194 3435 1261 3487 ab
1311 3434 1487 3502 iisque
1544 3447 1689 3487 nunc
1742 3444 2100 3501 OCCUpatum;

525 3532 736 3587 Scilicet
758 3514 1001 3597 eo‘quod
1030 3527 1128 3590 illi,
1168 3524 1520 3595 qui‘singulis
1549 3522 1846 3593 provinciis
1874 3536 2099 3577 censum

525 3624 781 3695 agebant,
817 3621 1092 3683 notitiam,
1123 3629 1305 3688 partes
1335 3618 1389 3671 in
1428 3618 1511 3673 his
1552 3618 1686 3671 ﬁsco
1736 3618 1948 3672 debitas
1976 3634 2104 3671 ven-

526 3718 825 3781 dicentem,
884 3713 992 3769 illis
1021 3711 1266 3767 nondum
1321 3711 1613 3777 dederunt,
1672 3710 1874 3766 habere
1924 3711 2101 3766 dictas

529 3808 842 3865 mansiones
896 3816 1159 3877 perpetuo
1207 3804 1470 3869 dominio,
1524 3811 1583 3856 ut
1627 3801 1850 3856 domum
1884 3813 1955 3857 et
1991 3818 2105 3856 ma-

524 3902 746 3973 jestatis
774 3916 905 3954 mea:
944 3897 1432 3968 magniﬁcentiam,
1468 3904 1521 3950 et
1569 3896 1650 3950 eis
1680 3894 1936 3964 deinceps
1965 3910 2107 3949 sein-

531 4006 627 4060 per
659 3991 710 4042 in
743 3994 1026 4057 posterum
1080 3985 1371 4049 dominari,
1422 3986 1637 4040 etiamsi
1694 3987 1961 4054 probabili
2022 3987 2103 4039 vcl

530 4096 640 4135 non
672 4078 941 4149 probabili
1005 4077 1072 4131 de
1128 4092 1293 4130 causa
1348 4076 1527 4145 aliqua
1572 4090 1761 4130 eorum
1812 4078 1894 4130 vel
1941 4077 2103 4130 etiam

530 4175 770 4227 fortasse
803 4171 985 4227 omnia
1037 4170 1323 4238 hucusque
1368 4168 1748 4235 detinuerunt,
1803 4170 1887 4225 vel
1939 4172 2101 4225 etiam

529 4267 651 4320 sine
681 4264 792 4319 ullo
819 4264 995 4327 titulo,
1032 4263 1112 4315 vel
1157 4278 1222 4316 ex
1252 4263 1410 4317 titulo
1433 4263 1655 4333 quidem
1707 4264 1800 4334 qui
1846 4265 1986 4319 male
2045 4281 2105 4318 se

531 4359 735 4423 habet,
796 4357 882 4413 vel
934 4356 1167 4411 fortasse
1225 4354 1369 4410 falso
1423 4355 1727 4411 CODﬁClUS‘
1760 4364 1864 4411 est.
1913 4354 2104 4410 Omnia

528 4449 699 4514 enim,
730 4462 851 4518 qua:
876 4447 945 4502 ab
971 4449 1103 4516 ipsis
1156 4449 1209 4500 in
1268 4461 1593 4516 quacunque
1647 4447 1931 4517 provincia
1982 4463 2108 4518 pos-

2207 3259 2357 3311 ματι,
2387 3243 2517 3305 τούς
2550 3259 2608 3294 τε
2644 3243 2967 3313 παροίκους,
2998 3245 3068 3297 τὰ
3095 3243 3423 3315 αύτούργια,
3467 3243 3557 3304 rei;
3586 3258 3725 3308 πανη-

2203 3334 2414 3403 γύρεις,
2436 3336 2563 3396 τοὺς
2597 3335 2821 3405 φόρους,
2850 3336 2977 3399 τοὺς
3011 3337 3233 3406 πόρους,
3269 3340 3368 3401 τὰς
3398 3338 3599 3407 λίμνας,
3626 3337 3723 3396 τοὺς

2204 3432 2504 3498 ποταμοὺς,
2536 3430 2603 3481 τὰ
2653 3430 2923 3483 θαλάσσια
2968 3431 3175 3496 δίκαια,
3202 3434 3298 3484 καὶ
3329 3430 3591 3500 καθολικῴ
3613 3429 3723 3495 λόγῳ
3810 3452 3813 3457 ·

2205 3522 2588 3591 οἰονδηποτοῦν
2620 3523 2829 3575 δίκαιον
2861 3526 2918 3575 ὲν
2943 3525 3222 3592 ἀκινήτοις
3253 3525 3495 3595 κτήμασι
3524 3519 3723 3591 θεωρού-

2213 3632 2397 3685 μενον,
2439 3616 2535 3668 καὶ
2566 3616 2837 3685 οίῳδήτινι
2866 3616 3017 3686 τόπῳ
3039 3617 3386 3685 διακείμενον
3426 3616 3550 3683 παρ’
3581 3612 3723 3666 αὐτῶν

2206 3709 2567 3778 κατεχόμενον
2589 3708 2702 3775 νῦν,
2731 3708 2816 3777 ἐφ’
2844 3702 2888 3776 ᾧ
2911 3708 3153 3778 δηλονότι
3186 3714 3349 3783 μέχρι
3381 3709 3474 3762 τοῦ
3497 3709 3583 3762 νῦν
3602 3703 3723 3769 ἐδόθη

2204 3799 2417 3863 τούτοις
2448 3799 2736 3868 διάγνωσις
2770 3804 2920 3871 παρὰ
2948 3803 3057 3855 τῶν
3111 3805 3255 3858 κατὰ
3287 3806 3471 3875 χώραν
3523 3805 3725 3867 ἀναγρα-

2206 3892 2371 3961 φέων,
2410 3893 2470 3945 τὸ
2517 3892 2613 3945 τοῦ
2667 3894 2923 3963 δημοσίου
2962 3897 3127 3966 μέρος
3185 3900 3277 3951 ἐπὶ
3333 3896 3501 3967 τούτῳ
3549 3890 3725 3964 προσδι-

2207 3984 2460 4049 καιοῦσα,
2495 3983 2640 4054 ἔχειν
2670 3987 2766 4049 τὰς
2802 3987 3064 4057 ῥηθείσας
3118 3989 3288 4058 μονὰς
3344 3990 3484 4042 κατὰ
3537 3980 3719 4055 διηνεκῆ

2205 4073 2526 4127 δεσποτείαν
2556 4074 2631 4136 ὼς
2658 4076 2832 4147 δῶρον
2862 4077 2955 4130 καὶ
2987 4077 3330 4148 φιλοτίμημα
3360 4080 3456 4147 τῆς
3487 4074 3723 4150 βασιλείαὶ

2208 4184 2337 4238 μου,
2374 4167 2471 4222 καὶ
2499 4167 2789 4233 δεσπόζειν
2818 4170 3000 4224 αὐτῶν
3050 4175 3131 4234 είς
3180 4175 3312 4237 τοὺς
3347 4173 3471 4241 ἑξῆς
3518 4172 3723 4225 ἅπαντας

2212 4263 2312 4315 καὶ
2346 4263 2616 4331 διηνεκεῖς
2642 4264 2887 4334 χρόνους,
2920 4264 3024 4319 κᾶν
3058 4266 3296 4335 εὐλόγως
3318 4270 3419 4322 κᾶν
3447 4264 3724 4337 παραλόγως

2205 4354 2411 4408 τούτων
2437 4356 2560 4411 τινὰ
2581 4356 2613 4425 ἢ
2632 4358 2700 4410 τὰ
2719 4359 2816 4411 ὅλα
2842 4358 2968 4422 ἴσως
2994 4359 3097 4424 ἕως
3127 4362 3220 4414 τοῦ
3247 4362 3343 4416 νῦν
3371 4365 3622 4428 κατεῖχον,
3648 4356 3724 4406 κᾶν

2209 4446 2334 4518 δίχα
2370 4449 2514 4512 τινὸς
2564 4450 2954 4522 δικαιώματος,
3008 4453 3183 4525 ἢάπὺ
3235 4458 3606 4525 δικαιωμάτων
3630 4450 3721 4518 μὲν.

530 4539 783 4595 sidentur
830 4540 887 4594 in
943 4537 1238 4593 Occidente
1285 4548 1340 4593 et
1392 4539 1448 4592 in
1488 4539 1733 4605 Oriente,
1790 4542 1904 4595 sive
1942 4541 2100 4596 exiis

2210 4543 2395 4606 κακῶς
2437 4542 2496 4595 δὲ
2527 4544 2782 4612 ἐχόντων,
2837 4545 2869 4614 ἢ
2902 4546 3115 4615 ψευδῶς
3148 4540 3525 4604 ἇυντεθέντων.
3571 4547 3721 4598 Πάντα

532 4633 772 4703 hospitio
810 4630 1164 4701 imperatoris
1194 4629 1439 4697 quotidie
1470 4631 1702 4700 praeberi
1754 4632 1953 4696 solitis,
1988 4633 2104 4687 sive

533 4727 647 4780 sint
674 4725 836 4795 306
867 4740 935 4779 ex
965 4723 1312 4794 fragmentis,
1339 4723 1455 4779 sive
1500 4739 1567 4779 ex
1614 4724 2108 4780 commiserationi-

532 4819 662 4883 bus,
697 4818 811 4873 sive
847 4818 966 4871 loco
1000 4818 1184 4881 motis,
1214 4815 1300 4870 vel
1349 4816 1595 4882 caducis,
1647 4816 1737 4871 vel
1785 4830 1856 4870 ex
1909 4818 2105 4872 vilibus

536 4925 659 4981 quae
689 4909 1005 4978 penduntur
1054 4909 1266 4973 diariis,
1315 4909 1402 4962 vel
1448 4923 1516 4963 ex
1562 4906 1763 4963 vilibus
1803 4909 2108 4964 calamitate

537 5003 772 5069 vexatis,
809 5002 891 5056 vel
922 5002 992 5059 iis
1025 5017 1149 5071 quae
1179 5018 1208 5055 a
1236 5001 1546 5072 potentibus
1584 5001 1801 5055 vendita
1846 5010 1993 5068 sunt,
2026 5003 2108 5058 vel

539 5104 753 5158 contra,
791 5094 871 5148 vel
904 5095 1246 5150 correctione
1270 5093 1681 5148 malefactarum
1712 5093 2105 5159 venditionum,

540 5190 642 5244 etsi
671 5190 727 5241 in
767 5186 889 5242 aliis
919 5188 1053 5242 locis
1084 5186 1238 5255 jussa
1275 5187 1418 5248 dari,
1461 5186 1515 5239 in
1541 5186 1669 5241 aliis
1713 5187 1910 5241 tradita
1938 5198 2103 5253 sunt;

539 5280 627 5335 vel
676 5280 895 5341 donata,
950 5292 1059 5331 non
1112 5278 1305 5330 tradita
1365 5285 1531 5341 sunt;
1583 5278 1666 5331 vel
1722 5276 1939 5340 tradita,
1999 5293 2106 5332 non

540 5371 741 5423 donata
772 5374 934 5433 sunt;
968 5366 1052 5420 vel
1075 5368 1271 5434 quovis
1298 5366 1404 5420 alio
1444 5365 1606 5421 modo
1668 5367 1809 5421 male
1859 5368 1926 5421 ab
1974 5369 2107 5437 ipsis

541 5459 875 5520 detinentur,
902 5455 1260 5517 inconcusse,
1301 5465 1357 5507 et
1386 5454 1535 5508 nullo
1579 5455 1797 5525 negotio
1824 5456 1902 5510 eis
1952 5456 2108 5510 exhi-

542 5552 680 5616 bito,
724 5564 753 5602 a
779 5548 941 5603 dictis
980 5549 1233 5601 omnibus
1277 5548 1622 5601 monasteriis
1669 5549 1781 5600 vult
1821 5564 1943 5603 mea
1991 5566 2106 5604 ma-

543 5645 714 5713 jestas
745 5645 800 5696 in
853 5651 1117 5696 aeternum
1169 5641 1460 5711 possideri,
1505 5650 1564 5695 ut
1619 5643 1927 5712 tnajestatis
1976 5661 2108 5701 mete

546 5736 751 5790 donum
793 5748 824 5787 a
865 5734 1191 5788 liberalitate
1239 5743 1293 5787 ct
1336 5734 1703 5788 muniﬁcentia
1759 5750 1879 5789 mea
1928 5738 2107 5805 profe-

546 5841 719 5884 ctum.
753 5824 889 5882 Cum
912 5828 1059 5884 enim
1096 5826 1235 5897 sola,
1268 5841 1389 5898 qua:
1420 5827 1562 5897 apud
1593 5826 1743 5898 ipsos
1789 5844 1943 5884 nunc
1978 5829 2104 5886 iuve

2210 4636 2320 4707 γὰρ
2352 4636 2422 4689 τὰ
2451 4637 2584 4708 παρ’
2609 4638 2788 4691 αὐτῶν
2834 4641 3185 4710 κατεχόμενα
3239 4645 3298 4697 ὲν
3341 4644 3435 4715 οἴῳ
3454 4644 3513 4711 δή
3545 4656 3637 4691 τινι
3658 4635 3725 4687 θέο

2208 4746 2341 4799 ματι
2370 4730 2514 4784 κατά
2543 4747 2601 4783 τε
2621 4729 2777 4785 δύσιν
2806 4738 2899 4785 καὶ
2931 4734 3214 4807 ἀνατολὴν,
3248 4739 3348 4791 κᾶν
3372 4737 3426 4803 ἐξ
3451 4733 3615 4788 αὐτῶν
3637 4727 3721 4779 τῶν

2206 4822 2285 4883 εἰς
2332 4820 2655 4892 ἐνδιαίτημα
2701 4823 2810 4876 τῶν
2860 4825 2999 4877 κατὰ
3058 4826 3157 4897 τὴν
3210 4830 3419 4901 ἡμέραν
3473 4822 3718 4897 βασιλέων.

2206 4910 2310 4963 κᾶν
2338 4913 2447 4968 ἀπὸ
2492 4914 2822 4984 κλασμάτων
2870 4910 2993 4983 ὦσι,
3042 4919 3145 4972 κᾶν
3188 4921 3296 4974 ἀπὸ
3327 4908 3716 4991 augmentith

2207 5004 2716 5075 ἁποκεκινημένων,
2774 5010 2806 5080 ἢ
2865 5010 3278 5085 όλοπτώτων,ῆ
3324 5014 3429 5070 ἀπὸ
3482 5003 3716 5063 ταπεινῶν

2207 5095 2547 5166 τελουμένων
2578 5097 2824 5169 διαρίων,
2860 5102 2892 5172 ἢ
2925 5102 3036 5155 ἀπὸ
3064 5107 3339 5161 ταπεινῶν
3370 5093 3709 5172 κλαματισθένο

2209 5202 2341 5249 των,
2380 5187 2536 5256 ἢκαὶ
2558 5188 2810 5253 δυνατοῖς
2861 5191 3293 5262 διαπραθέντων,
3340 5196 3372 5265 ἢ
3426 5186 3712 5246 τούναντίον,

2208 5280 2241 5349 ἢ
2296 5278 2588 5349 ὲξορθώσει
2624 5283 2809 5345 κακῶς
2880 5287 3179 5353 γεγονυιῶν
3236 5288 3581 5359 διαπράσεων.
3631 5276 3712 5330 κᾶν

2209 5376 2267 5427 ἐν
2303 5374 2488 5438 ἄλλοις
2524 5376 2711 5440 τόποις
2754 5378 3081 5447 όρισθέντων
3126 5381 3451 5454 δωρηθῆναι,
3484 5381 3538 5432 ὲν
3565 5372 3713 5430 ἄλλοις

2210 5466 2604 5537 παρεδόθησαν,
2627 5468 2660 5539 ἢ
2690 5470 3002 5540 δωρηθέντα
3024 5473 3086 5527 οὐ
3105 5476 3490 5547 παρεδόθησαν,
3516 5469 3543 5538 ἢ
3566 5476 3710 5531 παρα⁶

2208 5554 2430 5609 δοθέντα
2457 5557 2556 5609 οὐκ
2590 5558 2972 5631 ὲδωρήθησαν,
3002 5562 3035 5633 ἢ
3072 5564 3195 5617 καθ’
3244 5566 3424 5637 ἕτερόν
3448 5576 3555 5614 τινα
3586 5553 3711 5619 λόγον

2210 5648 2397 5712 κακῶς
2447 5650 2578 5721 παρ’
2630 5652 2810 5707 αὐτῶν
2866 5656 3213 5726 κατέχονται,
3267 5656 3596 5715 ἀδιασείστως
3634 5641 3708 5694 καί

2210 5741 2787 5813 ἀπολυπραγμονήτως
2811 5749 3140 5818 κατέχεσθαι
3175 5754 3323 5820 παρὰ
3355 5749 3456 5801 τῶν
3487 5733 3708 5814 ῥηθεισὼν

2214 5834 2399 5890 πασῶν
2427 5835 2604 5906 μονῶν
2629 5839 2663 5907 ὴ
2692 5836 2943 5907 βασιλεία
2973 5858 3077 5909 μου
3102 5842 3347 5914 βούλεται
3371 5841 3447 5901 εἰς
3470 5837 3550 5888 τὸν
3569 5828 3708 5883 αἰῶνα
