3972 6488
212 364 330 431 93η

1205 361 1287 422 IN
1328 360 1493 421 CAN.
1525 356 1640 417 XII
1689 352 1898 413 CONC.
1943 352 2051 411 VII
2093 348 2447 410 (ECUMEN.

3364 338 3474 402 938

225 482 330 535 τὸν
363 480 601 546 ἅπαντα,
638 482 713 545 ὡς
744 480 915 552 δῶρον
948 481 1046 550 τῆς
1079 479 1359 549 βασιλείας
1390 494 1514 547 μου,
1552 475 1647 527 καὶ
1694 490 1801 524 κα-

1917 468 2085 531 nitur,
2131 465 2488 519 iamnobilium
2516 461 2752 516 detentio
2799 476 2896 531 pro
2948 460 3096 514 omni
3132 458 3290 514 titulo
3317 460 3479 515 debet

229 575 404 644 θαρὸν
458 574 821 643 φιλοτίμημα.
874 572 1058 643 Μάνης
1122 572 1232 641 γὰρ
1283 570 1380 639 τῆς
1436 567 1567 638 παρ’
1619 566 1802 626 αὐτοῖς

216 668 629 737 εὐρισκσμὲνης
656 666 751 718 νῦν
781 666 1017 735 κατοχῆς
1042 665 1151 717 τῶν
1174 663 1444 732 ἀκινήτων
1476 658 1803 729 ὀφειλούσης

216 762 424 830 ἀρκεῖν
456 759 639 821 αὐτοῖς
686 759 807 811 ἀντὶ
865 758 1064 818 παντὸς
1118 754 1507 823 δικαιώματος,
1557 751 1809 821 περιττόν

214 851 342 903 ἐστι
398 849 459 902 τὺ
522 850 1004 919 πολυπραγμονεῖν
1037 848 1165 915 περὶ
1225 847 1455 913 ἑτέροις.
1518 843 1639 894 Ἐπὶ
1675 842 1809 892 πᾶσι

215 942 336 1012 γὰρ
365 936 446 1003 οἷς
473 942 761 1010 κατέχουσι
812 940 1081 1009 σήμερον,
1110 939 1238 991 ἄνευ
1267 937 1446 1005 μέντοι
1477 935 1585 986 τῶν
1618 934 1703 1001 ἐφ’
1731 927 1811 993 οἷς

216 1032 491 1099 ἐδόθησαν
520 1032 703 1093 αὐτοῖς
734 1030 1054 1098 διαγνώσεις
1085 1028 1239 1097 παρὰ
1293 1026 1402 1079 τῶν
1454 1026 1596 1077 κατὰ
1626 1023 1810 1093 χώραν

219 1124 595 1191 ἀναγραςέων
642 1122 734 1173 τὸν
781 1120 1040 1190 δημόσιον
1072 1117 1419 1186 ζδικαιοῦσαι,
1466 1117 1539 1178 ob;
1573 1119 1807 1185 εἴρηται,

218 1215 433 1281 ὀφείλει
466 1215 655 1283 ἀρκεῖν
687 1214 719 1278 ἡ
751 1212 1002 1283 παροῦσα
1051 1211 1444 1281 χρυσόδουλλος
1490 1209 1675 1279 γραφή
1711 1207 1809 1273 τῆς

227 1305 517 1374 βασιλείας
554 1322 677 1374 μου,
711 1309 805 1358 καὶ
840 1307 960 1359 ἀντὶ
989 1308 1221 1377 δωρεᾶς,
1258 1304 1352 1357 καὶ
1381 1304 1501 1355 ἀντὶ
1531 1300 1806 1370 πράσεω·,

224 1398 327 1450 καὶ
356 1396 478 1448 ἀντὶ
503 1397 693 1466 ἑτέρου
732 1398 933 1460 παντὸς
959 1398 1347 1465 δικαιώματος,
1378 1395 1481 1448 κᾶν
1503 1393 1812 1461 οἱονδήποτ-

220 1488 324 1539 οὖν
352 1489 607 1557 σεκρέτον
630 1488 716 1541 ἐπ’
736 1489 884 1561 αὐτῷ
905 1491 1185 1544 δικαιοῖτο.
1212 1490 1343 1543 Ούδὲ
1373 1485 1814 1555 ἀναγκασθήσον-

223 1596 320 1632 ται
343 1581 399 1632 αἱ
426 1574 590 1649 ’μοναὶ
620 1580 706 1649 ἐφ’
739 1577 817 1644 οἷς
842 1583 1130 1651 κατέχουσι
1152 1581 1428 1650 ἀκινήτοις
1455 1577 1813 1648 προκομίζειν

223 1673 395 1733 ἕτερα
425 1672 734 1741 παλαιγενῆ
763 1673 1036 1741 προσόντα
1064 1674 1254 1735 αὑταῖς
1280 1672 1649 1740 δικαιώματα·
1678 1668 1813 1722 ἀλλα

224 1768 297 1834 τῇ
338 1765 591 1837 παρούσῃ
626 1766 1010 1837 χρυσοόούλλῳ
1040 1768 1226 1834 γραφῇ
1263 1766 1364 1833 τῆς
1395 1763 1674 1834 βασιλείας
1702 1781 1805 1832 μου

1906 559 1989 613 eis
2024 558 2296 618 sullicere,
2325 565 2410 610 est
2440 570 2905 625 supervacaneum
2947 555 3016 607 de
3044 554 3171 607 ullis
3219 553 3344 607 aliis
3378 568 3481 605 eu-

1911 652 2055 707 riose
2088 650 2391 720 inquirere.
2426 648 2481 701 ln
2514 650 2771 703 oumibus
2804 648 2951 702 enim
2984 663 3106 715 qua:
3141 647 3308 701 hodie
3356 661 3482 716 pos-

1911 744 2111 807 sident,
2176 755 2535 812 praeterquam
2601 743 2654 795 in
2719 742 2785 795 iis
2844 742 2897 793 in
2949 740 3153 810 quibus
3202 755 3231 792 a
3281 740 3481 813 publici

1911 853 2115 892 census
2153 840 2205 889 in
2240 852 2301 890 ea
2334 839 2552 906 regione
2590 834 3023 903 descriptoribus
3071 833 3276 887 notitiae
3320 836 3481 895 datm,

1911 949 2030 1002 qua:
2057 934 2147 1002 jus
2174 934 2289 985 lisci
2327 948 2423 985 seu
2458 930 2685 1000 publici,
2714 940 2773 983 ut
2800 931 3006 983 dictum
3058 939 3165 990 est,
3229 930 3481 997 probant,

1911 1029 2074 1081 debet
2127 1041 2368 1095 praesens
2418 1023 2720 1090 ntajestatis
2791 1037 2923 1075 meze
2986 1023 3247 1091 scriptum
3304 1024 3482 1076 Aurea

1916 1118 2065 1171 Bulla
2104 1117 2375 1170 munitum
2412 1115 2661 1170 sulIicere
2696 1132 2710 1167 :
2739 1123 2791 1167 et
2821 1131 2918 1183 pro
2956 1114 3251 1168 donatione
3276 1123 3340 1185 et
3373 1131 3484 1166 etn-

1916 1212 2099 1277 ptione
2147 1216 2201 1262 et
2257 1206 2453 1276 quot-is
2504 1206 2611 1258 alio
2663 1206 2820 1258 titulo
2875 1205 3009 1257 satis
3064 1219 3206 1269 esse,
3270 1204 3483 1257 etiamsi

1913 1306 2282 1375 quodcunque
2314 1303 2460 1357 aliud
2515 1310 2788 1355 secretum
2841 1298 2894 1351 in
2946 1298 3027 1352 eis
3060 1300 3341 1366 probetur.
3378 1296 3485 1350 Nec

1913 1406 2181 1469 cogentur
2230 1396 2586 1453 monasteria,
2642 1394 2714 1447 ob
2736 1407 2802 1446 ea
2858 1406 2980 1459 quae
3030 1404 3172 1443 nunc
3206 1391 3487 1458 possident

1916 1490 2245 1554 immobilia,
2279 1489 2501 1556 antiqua
2544 1486 2648 1539 alia
2676 1502 2796 1554 quae
2833 1486 2915 1539 eis
2961 1485 3159 1538 adsunt
3184 1484 3305 1551 jura
3362 1499 3486 1552 pro-

1916 1584 2057 1637 ferre
2106 1602 2119 1637 :
2164 1583 2257 1636 sed
2322 1581 2423 1635 hae
2453 1580 2708 1650 praesenti
2764 1578 3071 1647 majestatis
3125 1592 3257 1629 meae
3306 1575 3486 1629 Aurea

1918 1676 2067 1729 Bulla
2131 1690 2230 1743 pro
2286 1674 2432 1727 omni
2471 1674 2597 1741 jure
2657 1671 2892 1733 utentia,
2951 1686 3013 1723 ea
3064 1678 3320 1721 contenta
3366 1683 3488 1719 esse

1915 1766 2137 1829 debent,
2198 1773 2256 1817 ut
2300 1781 2420 1833 qu:e
2459 1764 2557 1826 eis,
2595 1773 2650 1815 ut
2703 1763 2855 1832 prius
2893 1763 3154 1829 scriptum
3205 1770 3308 1824 est,
3343 1759 3488 1814 solli-

226 1860 356 1909 ἀντὶ
395 1859 599 1921 παντὸς
637 1858 1010 1928 δικαιώματος
1046 1857 1325 1927 χρώμεναι
1374 1856 1806 1926 ἀρκεσθήσονται

1917 1870 2036 1907 rere
2062 1854 2263 1908 debeat
2292 1898 2306 1919 ,
2344 1866 2395 1907 et
2428 1869 2524 1921 pro
2553 1854 2847 1906 donatione
2868 1863 2923 1907 et
2965 1868 3062 1921 pro
3092 1852 3405 1913 traditione,
3435 1862 3490 1903 et

223 1950 406 2021 ταύτῃ
431 1953 529 2002 καὶ
586 1953 723 2023 μόνῃ
747 1951 1041 2021 όφειλούσῃ
1074 1953 1266 2019 ἀρκεῖν
1298 1949 1503 2011 αὐτοῖς,
1545 1949 1619 2009 ὡς
1647 1964 1809 2017 προε-

224 2043 440 2111 γράφη,
467 2044 561 2095 καὶ
589 2046 711 2098 αντ)⁸
738 2044 972 2113 δωρεᾶς,
1024 2044 1117 2095 καὶ
1144 2044 1264 2094 ἀντὶ
1293 2042 1668 2110 παραδόσεως,
1716 2041 1807 2092 καὶ

226 2136 351 2188 ἀντὶ
382 2136 586 2198 παντὸς
612 2138 805 2207 ἑτέρου
836 2135 1231 2206 δικαιώματος.
1270 2136 1329 2187 Εἰ
1360 2136 1403 2185 δ’
1445 2136 1574 2196 ἴσως
1610 2133 1807 2202 καιροῦ

232 2227 527 2291 καλοῦντος
563 2228 782 2300 θελήσει
828 2229 1211 2299 οἱονδηποτοῦν
1268 2228 1641 2296 μοναστήριον
1672 2226 1807 2293 χρή-

232 2320 431 2372 σασθαι
462 2324 556 2373 καὶ
583 2323 695 2381 τοῖς
724 2322 1017 2390 προσοῦσιν
1073 2319 1221 2391 αὐτῷ
1252 2321 1620 2385 δικαιώμασιν
1667 2319 1809 2388 ὑπὲρ

235 2412 429 2464 ἑαυτοῦ
460 2412 631 2465 ταῦτα
688 2411 1045 2484 προκομίζον,
1114 2412 1243 2483 παρ’
1291 2413 1615 2476 οίουδῆτινος
1674 2412 1811 2481 πρὸς

233 2505 392 2558 τούτο
425 2505 485 2557 οὐ
531 2506 937 2573 κωλυθήσεται.
982 2507 1434 2571 Ἀναγκαστικῶς
1494 2508 1596 2575 γὰρ
1649 2503 1807 2556 τοῦτο

230 2600 291 2649 οὗ
325 2600 585 2666 ποιήσει·
621 2599 671 2650 εί
721 2598 776 2649 δὲ
822 2601 1009 2668 οἰκείῳ
1060 2599 1326 2669 θελήματι
1359 2600 1491 2651 αὐτὸ
1522 2598 1814 2668 αἱρεθήσε-

228 2710 343 2753 ται,
369 2692 545 2754 οὐδείς
573 2693 599 2743 ό
620 2691 925 2761 ἐμποδίζων
951 2694 1177 2743 ὲσεῖται.
1207 2694 1280 2744 0'3
1325 2693 1487 2761 μόνον
1511 2693 1567 2744 δὲ
1617 2693 1709 2743 ἐπὶ
1744 2695 1807 2760 τῇ

230 2782 517 2836 δικαιώεει
548 2786 645 2851 τῆς
690 2784 789 2852 γῆς
820 2783 1175 2853 συμϐαλεῖται
1210 2788 1320 2845 τοῖ;
1364 2784 1749 2853 μοναστηρίοις

238 2873 498 2941 παροῦσα
524 2873 921 2943 χρυσόὸουλλος
944 2873 1150 2943 γραιςὴ,
1178 2874 1310 2926 ἀλλὰ
1328 2877 1418 2926 καὶ
1435 2874 1527 2926 ἐπὶ
1549 2877 1657 2934 τοῖς
1678 2890 1816 2943 παρ-

230 2967 401 3027 οίκοι;
433 2968 542 3027 τοῖς
579 2964 672 3017 νῦν
735 2964 867 3035 παρ’
904 2966 1081 3017 αὐτῶν
1126 2967 1544 3035 κατεχομένοις,
1585 2973 1678 3016 καὶ
1706 2970 1815 3028 τοῖς

232 3056 603 3124 αὑτουργίοις,
628 3054 838 3126 φόροις,
869 3056 1232 3125 πανηγύρεσι,
1260 3056 1555 3119 διαϐατοῖς,
1579 3057 1813 3124 λίμναις,

237 3150 526 3215 ποταμοῖς,
551 3148 895 3210 θαλασσίνοις
935 3148 1187 3211 δικαίοις,
1213 3150 1307 3201 καὶ
1344 3150 1515 3219 ἑτέρῳ
1544 3149 1814 3219 οίῳδήτινι

232 3240 260 3292 δ
286 3240 428 3309 καίῳ
450 3241 582 3309 παρ’
617 3240 794 3292 αὐτῶν
824 3241 1202 3311 κατεχομένῳ,
1230 3240 1359 3293 ἄνευ
1386 3241 1569 3310 μέντοι
1594 3240 1702 3291 τῶν
1726 3240 1811 3307 ἐφ’

233 3327 311 3393 οἷς
348 3331 545 3385 ἔλαϐον
584 3332 905 3397 διαγνώσεις
956 3334 1097 3403 ὑπὲρ
1134 3333 1226 3385 τοῦ
1255 3333 1535 3402 δημοσίου,
1579 3332 1651 3395 ὡς
1686 3332 1813 3384 πο).-

234 3420 392 3483 λάκις
421 3422 693 3492 ἀνώτερον
720 3424 1049 3493 διείληπται.
1072 3425 1134 3475 Ei
1159 3424 1213 3476 δὲ
1248 3424 1697 3494 προσετάχοησαν
1728 3425 1813 3476 λι-

233 3512 487 3582 γισθῆναι
520 3515 552 3585 ἢ
601 3518 900 3587 ἐκκοπῆναί
942 3535 1064 3569 τινα
1113 3516 1444 3584 τελέσματα,
1474 3516 1504 3585 ἢ
1538 3517 1741 3579 πάκτα,
1778 3517 1809 3585 ή

235 3609 547 3671 στρατεῖαι,
580 3609 612 3677 ἦ
647 3609 906 3678 δημόσια,
940 3610 971 3679 ἦ
1013 3608 1315 3672 λιϐελλικὰ,
1352 3609 1384 3678 ἧ
1415 3609 1599 3676 ἕτερον
1647 3626 1699 3659 τι
1731 3606 1810 3676 τῷ

232 3698 479 3769 δημοσίῳ
505 3702 728 3770 ἀνῆκον,
774 3703 867 3754 καὶ
919 3703 981 3754 ού
1006 3704 1195 3769 γέγονε
1241 3702 1300 3752 τὸ
1330 3701 1731 3770 λελογισμένον,
1769 3701 1802 3769 ἢ

233 3791 421 3863 ἕτερόν
450 3810 500 3845 τι
542 3794 654 3864 ἔχει
702 3796 1031 3867 ἐπιλήψιμον
1072 3795 1133 3847 τὸ
1158 3794 1455 3864 δικαίωμα,
1478 3794 1629 3847 οὐδέν
1652 3812 1700 3845 τι
1729 3797 1793 3844 ἐκ

234 3887 425 3940 τούτου
468 3888 796 3957 βλαϐήσεται
822 3889 887 3939 τὰ
922 3891 1283 3958 μοναστήρια.

306 3979 375 4031 Τί
409 3979 464 4031 δὲ
490 3980 596 4049 χρὴ
625 3982 693 4033 τὰ
740 3979 913 4033 πολλὰ
963 3978 1309 4047 καταλέγειν,
1346 3978 1442 4031 καὶ
1476 3979 1809 4049 ἀπαριθμεῖ-

238 4071 365 4123 σθαι
400 4072 495 4124 καὶ
527 4072 688 4139 χάριν
714 4069 1168 4141 παραδείγματος
1202 4070 1625 4140 ἀπογράφεσθαι
1651 4088 1665 4133 ;
1713 4070 1813 4137 τὴν

240 4164 574 4231 πολυλογίαν
618 4166 652 4233 ή
692 4162 939 4233 βασιλεία
973 4180 1076 4233 μου
1113 4165 1557 4232 παρατρέχουσα,
1598 4164 1685 4216 ἶνα
1737 4163 1813 4232 μή

237 4272 322 4316 τις
348 4255 458 4307 τῶν
494 4258 649 4324 παρὰ
675 4255 850 4307 ταῦτα
882 4255 1074 4307 δεινῶν
1122 4272 1287 4308 τινων
1322 4256 1426 4324 μὲν
1473 4252 1818 4324 ἐκφωνηθέν-

237 4365 346 4399 των
380 4350 443 4399 ἐκ
474 4349 583 4400 τῶν
610 4348 677 4399 τὰ
714 4348 949 4416 ἀκίνητα
976 4347 1378 4399 κατασειόντων
1408 4348 1619 4410 αἰτίων,
1648 4347 1814 4399 τινών

1910 1948 2103 2014 quovis
2168 1948 2275 2000 alio
2336 1948 2481 2015 jure.
2552 1948 2646 1999 Sin
2695 1956 2878 1999 autem
2936 1947 3198 1999 invitante
3252 1946 3489 1997 fortasse

1912 2048 2156 2107 tempore
2210 2038 2445 2093 voluerit
2502 2039 2677 2091 ullum
2741 2036 3133 2091 monasterium
3190 2036 3257 2090 iis
3321 2036 3485 2088 etiam

1910 2148 2031 2201 quae
2071 2134 2235 2187 habet
2274 2132 2493 2201 juribus
2520 2141 2572 2187 et
2594 2132 2771 2186 titulis
2798 2130 2899 2193 uti,
2924 2146 2984 2184 ea
3018 2145 3115 2199 pro
3138 2145 3196 2184 se
3226 2128 3486 2194 alierens,

1912 2241 1941 2277 a
1974 2226 2124 2278 nullo
2168 2226 2387 2294 penitus
2417 2224 2816 2294 prohibebitur.
2850 2222 2959 2277 lloc
2994 2222 3140 2276 enim
3178 2237 3286 2275 non
3326 2222 3492 2275 faciet

1914 2318 2227 2372 nec‘essnrio
2274 2336 2287 2371 :
2335 2318 2419 2371 sin
2474 2326 2654 2370 autem
2718 2315 2940 2385 propria
3003 2315 3283 2367 voluntate
3355 2314 3487 2367 illud

1914 2409 2160 2478 elegerit,
2191 2423 2353 2462 nemo
2390 2408 2757 2477 impediturus
2790 2407 3127 2460 admittetur.
3154 2406 3272 2461 Non
3308 2409 3485 2463 solum

1915 2512 2096 2554 autem
2140 2502 2205 2554 ad
2244 2503 2471 2563 terreni,
2527 2502 2670 2570 quod
2734 2501 2960 2564 habent,
3010 2500 3102 2569 jus
3145 2501 3486 2569 probandum

1917 2593 2271 2647 monasteriis
2328 2592 2563 2647 snllieiet
2626 2608 2870 2660 pra'sens
2922 2593 3100 2646 Aurea
3153 2592 3337 2655 Bulla;
3394 2596 3490 2647 sed

1916 2686 2079 2740 etiam
2112 2687 2165 2739 in
2203 2688 2502 2754 parochiis,
2536 2702 2658 2756 qua:
2684 2701 2829 2739 nunc
2860 2686 2929 2739 ab
2957 2688 3038 2740 eis
3064 2687 3401 2749 detinentur,
3437 2697 3493 2740 et

1918 2778 2159 2846 pra-diis,
2202 2779 2584 2847 vectigalibus,
2610 2778 2999 2839 conventibus,
3031 2778 3371 2847 trajectionis
3398 2794 3491 2833 so-

1919 2870 2245 2934 lutionibus,
2282 2870 2555 2939 portibus,
2584 2869 2786 2937 ﬂuviis,
2829 2870 3048 2937 juribus
3101 2871 3391 2924 maritimis
3436 2882 3493 2925 et

1919 2978 2253 3031 quocunque
2279 2963 2391 3015 alio
2417 2963 2561 3032 jure,
2589 2963 2730 3031 quod
2760 2965 2827 3015 ab
2875 2965 2957 3017 eis
2990 2963 3318 3031 possidetur,
3354 2978 3493 3031 pra:-

1922 3066 2167 3123 terquam
2204 3056 2256 3108 in
2289 3056 2379 3115 iis,
2411 3057 2463 3108 in
2497 3058 2700 3125 quibus
2726 3056 3056 3109 documenta
3117 3071 3215 3124 pro
3248 3057 3489 3125 publico,

1844 3183 1884 3238 Ο
1923 3157 1981 3200 ut
2022 3162 2165 3216 saepe
2197 3150 2454 3215 superius
2504 3150 2706 3201 dictmu
2750 3159 2856 3212 est,
2891 3159 3172 3217 assumpta
3214 3158 3361 3203 sunt.
3395 3149 3490 3202 Slll

1921 3250 2103 3293 autem
2132 3241 2575 3307 recenserijussa
2602 3250 2752 3305 sunt,
2788 3242 2870 3294 vel
2912 3242 3185 3311 amputari
3239 3240 3489 3310 quaedam

1923 3333 2149 3395 tributa,
2199 3334 2282 3386 vel
2334 3349 2514 3402 parta,
2570 3336 2651 3386 vel
2709 3334 2939 3397 militiae,
2994 3339 3078 3387 vel
3133 3336 3369 3401 publica,
3407 3332 3492 3387 vel

1922 3424 2182 3490 libellica,
2230 3426 2310 3479 vel
2360 3427 2568 3494 aliquid
2615 3425 2789 3489 aliud,
2829 3426 2975 3494 quod
3013 3427 3078 3478 ad
3136 3426 3325 3479 [iscum
3368 3441 3493 3494 per-

1921 3519 2078 3580 tinet,
2110 3528 2165 3572 et
2198 3533 2303 3573 non
2343 3519 2544 3573 factum
2582 3530 2665 3574 est
2707 3520 2852 3589 quod
2900 3518 3292 3575 recensendum
3348 3530 3491 3584 erat,

1921 3610 2004 3663 vel
2032 3611 2251 3681 aliquod
2289 3613 2435 3665 aliud
2468 3615 2629 3667 habet
2662 3615 2775 3683 jus,
2816 3613 2962 3681 quod
3002 3612 3324 3683 reprehendi
3363 3627 3495 3682 pos-

1920 3704 2029 3771 sit;
2068 3706 2403 3760 tuonasteria
2434 3722 2494 3759 ex
2522 3722 2587 3761 eo
2622 3708 2758 3761 nihil
2786 3708 3070 3761 lzedeutur.

1986 3980 2123 4046 Quid
2157 3990 2337 4034 autem
2373 3995 2511 4049 opus
2542 3991 2625 4034 est
2657 3982 2826 4034 multa
2860 3980 3042 4034 dicere
3084 3990 3138 4035 et
3169 3996 3497 4038 enumerare

1914 4078 1969 4124 et
2002 4071 2234 4140 exempli
2278 4072 2450 4141 gratia
2482 4070 2716 4125 alferre?
2750 4073 2924 4127 misso
2968 4088 2998 4126 a
3030 4074 3319 4143 majestate
3373 4093 3493 4129 mea

1920 4163 2286 4233 multiloquio,
2325 4179 2392 4218 ne
2419 4168 2541 4234 quis
2582 4164 2639 4218 in
2674 4165 2943 4235 ejusmodi
2978 4166 3141 4220 rebus
3165 4168 3396 4222 callidus
3439 4177 3496 4222 et

1922 4255 2096 4320 vafer,
2130 4257 2410 4311 nonnullis
2460 4257 2680 4325 quidem
2739 4256 2923 4323 dictis,
2956 4272 3023 4311 ex
3062 4258 3127 4311 iis
3153 4260 3337 4313 causis
3374 4275 3499 4330 quae

1926 4349 2231 4402 immobilia
2268 4350 2610 4411 concutiunt,
2639 4348 2763 4403 aliis
2781 4362 2911 4402 vero
2938 4348 3154 4403 silentio
3184 4350 3495 4418 praeteritis,

236 4440 295 4492 δὲ
330 4440 898 4509 παρασιωπηῦέντων,
949 4441 1327 4510 ὲπιδράττοιτο
1381 4440 1490 4492 τῶν
1524 4441 1811 4509 ῥημάτων,

1924 4443 2093 4497 verba
2124 4442 2372 4512 arripiat,
2398 4450 2451 4496 et
2482 4458 2632 4496 more
2667 4439 2899 4496 Iudaico
2940 4442 3133 4497 litterae
3167 4444 3405 4508 insistat,
3438 4455 3496 4498 et

238 4534 334 4583 καὶ
362 4533 506 4585 κατὰ
545 4533 840 4595 Ἰουδαίους
867 4533 944 4603 τῷ
989 4534 1281 4604 γράμματι
1314 4534 1671 4605 ὲπικάθηται,
1721 4538 1815 4587 καὶ

241 4627 505 4695 ἐπιχειρῇ
562 4625 654 4676 ἐπὶ
710 4628 821 4687 τοῖς
876 4627 951 4696 μὴ
976 4624 1368 4697 ιὲκσξωνηθείσι
1418 4627 1675 4680 διασείειν
1722 4630 1816 4681 καὶ

242 4717 603 4787 παρενοχλεῖν
629 4719 749 4781 ταῖς
782 4721 993 4788 μοναίς,
1023 4718 1297 4788 καθολικῷ
1331 4719 1473 4790 λόγῳ
1526 4722 1619 4772 καὶ
1684 4736 1818 4788 προ-

236 4812 446 4881 εκτικῷ
468 4811 627 4864 τοῦτο
654 4813 686 4876 ἡ
722 4812 966 4881 βασιλεία
1010 4826 1113 4881 μου
1150 4810 1419 4881 βούλεται,
1452 4814 1546 4866 καὶ
1588 4811 1819 4881 διορίζε-

233 4922 355 4969 ται,
389 4906 480 4957 καὶ
517 4905 591 4969 ὼς
622 4906 689 4958 ἂν
740 4908 845 4959 πᾶν
880 4906 1016 4977 ὅπερ
1062 4906 1155 4958 ἐπὶ
1202 4909 1313 4969 τοῖς
1371 4906 1614 4975 σήμερον
1664 4906 1816 4975 παρὰ

233 4998 348 5049 τῶν
399 4999 779 5068 μοναστηρίων
822 5000 1213 5069 κατεχομένοις
1264 4998 1296 5067 ἦ
1335 4999 1421 5050 ἐπ’
1470 4999 1663 5060 αὐταῖς
1693 5001 1813 5062 ταῖς

237 5090 535 5159 καθέδραις
566 5092 680 5143 τῶν
723 5094 1109 5161 μοναστηρίων
1136 5092 1301 5161 νοηοῇ
1329 5092 1469 5161 ὑπὲρ
1498 5088 1590 5143 τοῦ
1646 5090 1814 5159 δημο-

243 5182 385 5247 σίου,
417 5185 569 5253 παρά
592 5200 732 5245 τινος
761 5185 792 5253 ἢ
826 5184 921 5237 νῦν
948 5186 978 5254 ἦ
1004 5184 1297 5252 ότεδήποτε
1321 5184 1454 5237 αὐτὸ
1478 5183 1634 5235 τοῦτο
1656 5184 1817 5235 δεδω-

244 5276 483 5344 ρημένον
515 5277 831 5343 λογίζεσθαι
874 5279 940 5345 τῇ
992 5280 1152 5346 μονῇ.
1204 5277 1311 5327 Καὶ
1348 5276 1465 5345 ἅμα
1519 5293 1604 5338 τις
1658 5276 1816 5329 τοῦτο

240 5367 599 5438 διανοήτεται
648 5370 742 5421 καὶ
778 5370 1096 5438 φθέγξεται,
1132 5370 1228 5421 καὶ
1265 5370 1429 5431 εὐθὺς
1459 5369 1817 5439 ἀντιλήψεται

244 5450 414 5511 αὑτοῦ
442 5461 475 5529 ή
512 5458 672 5530 μονὴ,
699 5461 773 5523 ώς
802 5462 1045 5530 σήμερον
1065 5461 1445 5531 δεδωρημένου
1470 5460 1643 5531 ταύτῃ
1671 5462 1819 5529 παρὰ

242 5554 346 5621 τῆς
386 5553 664 5624 βασιλείας
702 5572 829 5624 μου.
880 5534 1049 5607 Ὅσον
1096 5556 1206 5625 γάρ
1256 5555 1343 5624 ἐφ’
1392 5549 1473 5617 οἷς
1523 5556 1816 5625 κατέχουσι

248 5644 348 5698 νῦν
375 5647 683 5716 ἀκινήτοις,
719 5648 847 5716 περὶ
874 5640 950 5700 ὧν
972 5647 1112 5717 ὑπὲρ
1137 5646 1232 5700 τοῦ
1253 5647 1518 5717 δημοσίου
1543 5647 1643 5699 οὐκ
1690 5648 1813 5699 ἐλα-

237 5738 339 5790 6ον
360 5738 430 5790 τὰ
462 5740 850 5809 προγραφέντα
887 5742 1251 5810 μοναστήρια,
1278 5739 1540 5809 δημόσιον
1566 5738 1815 5808 βούλεται

240 5832 279 5901 ἡ
320 5828 571 5901 βασιλεία
612 5848 714 5901 μου
738 5831 1049 5900 λογίζεσθαι
1073 5832 1131 5883 ἒν
1155 5833 1390 5886 ἕκαστον
1416 5832 1622 5887 τούτων
1667 5836 1809 5886 κατὰ

492 5929 756 5989 ΡΑΤιιοι.
790 5930 906 5990 GR.
947 5926 1290 5990 CXXXVII.

1921 4545 2148 4589 conetur
2182 4536 2235 4589 in
2284 4534 2373 4599 iis,
2424 4550 2550 4604 qua:
2601 4534 2749 4589 dicta
2812 4550 2919 4587 non
2975 4544 3105 4590 sunt
3160 4537 3496 4590 monasteria

1920 4630 2129 4699 agitare
2161 4638 2215 4683 et
2266 4643 2483 4691 vexare,
2527 4628 2797 4683 sententia
2832 4627 3073 4698 generali
3122 4637 3174 4681 et
3226 4627 3497 4682 munifera

1920 4722 2039 4774 vult
2071 4737 2189 4776 mea
2230 4722 2490 4790 majestas
2516 4732 2570 4774 et
2598 4720 2866 4784 decernit,
2902 4730 2959 4774 ut
2984 4735 3147 4774 omne
3175 4720 3229 4775 in
3260 4722 3349 4787 iis,
3375 4737 3498 4791 qua:

1917 4811 2084 4868 hodie
2120 4830 2148 4867 a
2183 4815 2537 4868 monasteriis
2572 4813 2949 4883 possidentur,
2976 4814 3058 4867 vel
3098 4813 3152 4866 in
3203 4813 3340 4883 ipsis
3366 4825 3499 4868 sunt

1922 4908 2387 4962 monasteriorum
2454 4907 2757 4971 cathedris,
2797 4922 2921 4963 esse
2958 4908 3238 4977 publicum
3283 4910 3497 4979 cogita-

1922 5008 2034 5051 tum
2072 4999 2254 5065 fuerit,
2291 4999 2526 5070 idipsum
2566 5001 2633 5052 ab
2662 5000 2868 5067 aliquo,
2896 4998 2982 5053 vel
3010 5015 3156 5054 uuuc
3191 5000 3275 5053 vel
3318 5016 3497 5069 quan-

1921 5092 2232 5162 docunque,
2293 5092 2621 5145 monasterio
2675 5090 2862 5145 datum
2905 5107 3030 5146 esse
3080 5101 3385 5162 reputctnr.
3436 5090 3497 5145 Et

1922 5187 2083 5240 simul
2112 5202 2174 5241 ac
2205 5187 2308 5241 hoc
2336 5187 2590 5255 cogitarit
2622 5184 2899 5255 quispiam
2943 5202 3006 5240 ac
3040 5185 3258 5250 dixerit,
3284 5184 3333 5237 id
3358 5200 3498 5255 quo-

1922 5295 2027 5348 que
2062 5282 2246 5334 statim
2296 5280 2653 5350 apprehendit
2695 5278 3111 5343 monasterium,
3161 5288 3223 5332 ut
3273 5279 3434 5333 hodie
3464 5294 3496 5330 a

1924 5388 2041 5427 mea
2078 5372 2223 5443 regia
2254 5372 2597 5426 sublimitate
2623 5370 2913 5426 donatum.
2948 5370 3104 5436 Quod
3146 5369 3291 5425 enim
3334 5369 3401 5422 ad
3431 5385 3495 5423 ea

1922 5464 2143 5527 attinet,
2177 5478 2297 5531 quae
2324 5476 2468 5515 nunc
2492 5462 2793 5531 possident,
2822 5461 3148 5524 immobilia,
3183 5459 3252 5513 de
3290 5458 3495 5529 quibus

1922 5572 2020 5625 pro
2079 5556 2299 5624 publico
2350 5554 2682 5609 documenta
2741 5569 2848 5608 non
2909 5561 3241 5622 acceperunt
3290 5565 3497 5605 mona-

1922 5648 2127 5714 steria;
2187 5662 2305 5701 mea
2342 5647 2600 5715 majestas
2650 5647 2768 5701 vult
2827 5646 3252 5715 unumquodque
3298 5658 3490 5698 eorum

1924 5743 2204 5813 publicum
2266 5741 2597 5806 existimari,
2659 5750 2714 5796 et
2784 5749 3103 5811 perpetuam
3178 5737 3490 5791 ﬁrmitatem

1921 5832 2192 5900 obtinere,
2220 5840 2274 5888 et
2306 5847 2335 5886 a
2369 5832 2520 5887 nullo
2555 5832 2621 5887 de
2648 5847 2710 5888 ea
2748 5847 2806 5886 re
2851 5830 3163 5900 disceptari.
3192 5828 3259 5884 Et
3302 5841 3498 5898 qucrn-

3054 5921 3129 5983 30
