3972 6488
491 359 597 419 93')

1737 347 2015 408 TIIEUD.
2061 344 2456 404 cusanus
3619 350 3708 414 9w

494 470 785 524 admodum
836 466 1051 534 publico
1090 465 1240 521 nulla
1302 480 1329 518 a
1353 479 1411 520 se
1443 465 1693 520 molestia
1721 466 2069 534 negotimnvc

2176 462 2340 532 μόνον
2371 460 2433 514 τὸ
2461 460 2608 531 ἔχειν
2634 459 2692 512 τὸ
2721 457 3083 519 ἁδιάσειστον,
3115 457 3208 510 καὶ
3257 456 3331 527 μὴ
3383 456 3473 510 ὑπ’
3522 459 3709 526 οὐδενὸς

492 565 818 625 exhibetur;
877 561 956 614 sic
990 572 1093 613 nec
1136 558 1282 613 mdes
1341 572 1535 622 sacrae,
1586 558 1704 612 sive
1761 558 2069 611 anachore-

496 667 673 710 tarum
723 652 953 712 cellula),
993 665 1095 703 nec
1158 649 1516 709 monasteria,
1578 663 1680 701 nec
1741 647 1944 716 aliqua,
2001 647 2070 701 ab

497 744 840 814 nllmpublici
878 750 1134 795 curatore
1160 741 1349 795 litibus
1378 740 1737 808 agitabantur
1785 740 1901 792 sive
1945 741 2070 808 quis

494 839 833 908 probabilem
880 838 997 890 sive
1033 849 1140 888 non
1191 832 1538 901 probabilem
1580 845 1804 884 causam
1858 829 2065 895 alferat,

495 935 609 986 sive
637 927 1173 999 cnjusmodicunque
1202 925 1274 980 sit
1301 925 1444 994 quod
1485 923 1759 992 loquetur.
1799 921 2066 991 Quisquis

493 1026 638 1079 enim
675 1025 775 1076 hoc
799 1023 978 1076 facere
997 1033 1290 1089 aggressus
1317 1019 1502 1080 fuerit,
1537 1016 1774 1070 invalida
1795 1025 1850 1070 ct
1877 1030 2064 1068 revera

494 1119 655 1171 intirn
681 1131 710 1168 a
741 1115 925 1167 dicere
961 1111 1328 1170 videbitur,et
1365 1109 1502 1163 citra
1537 1107 1704 1162 ullam
1748 1107 2066 1161 miscricor-

492 1209 636 1262 diam
673 1206 791 1274 ejos
813 1203 1100 1257 facultates
1116 1203 1250 1255 lisco
1269 1201 1738 1254 consecrabnntnr
1783 1201 1933 1266 isque
1954 1212 2070 1261 om;-

497 1301 626 1354 nino
645 1295 868 1350 intatnis
893 1307 1106 1361 semper
1126 1292 1266 1345 erit:
1293 1299 1479 1358 utpote
1498 1291 1588 1358 qni
1622 1288 1941 1358 imperatori
1975 1286 2070 1338 atl-

491 1390 650 1462 307
689 1398 959 1447 versetur,
1004 1387 1096 1452 qui
1137 1389 1220 1453 pie
1252 1398 1313 1435 ac
1351 1384 1598 1451 religiose
1643 1396 1857 1434 omnem
1899 1380 2071 1434 mole-

493 1485 655 1536 stiam
691 1487 747 1534 et
775 1477 1109 1532 vexationem
1138 1491 1166 1527 a
1201 1474 1571 1534 monasteriis,
1611 1473 1664 1524 iii
1697 1474 1764 1527 iis
1787 1487 1907 1540 quae
1937 1471 2069 1540 ipsis

495 1576 620 1628 data
652 1580 800 1631 sunt.
839 1586 932 1640 per
957 1575 1277 1638 praesentem
1303 1566 1537 1619 Auream
1569 1562 1774 1617 Bullatn
1797 1571 2066 1623 amoveat,

493 1677 544 1720 et
581 1680 674 1734 per
715 1679 885 1732 ipsam
927 1660 1184 1728 exiguum
1218 1656 1436 1724 aliquod
1464 1655 1666 1710 donum
1702 1654 1809 1708 Deo
1840 1653 2066 1713 θεῖοι-ιιι,

496 1773 594 1824 pro
631 1750 1116 1808 innumerabilibus
1142 1745 1422 1802 beneﬁciis
1453 1763 1572 1816 qua:
1601 1762 1632 1800 a
1664 1747 1918 1800 muniﬁca
1949 1745 2068 1813 ejus

2175 553 2602 626 ἀνακρίνεσθαι·
2629 551 2725 606 καὶ
2750 551 2810 606 ὃν
2849 549 3054 621 τρόπον
3100 549 3128 600 ὁ
3176 548 3432 620 δημόσιος
3475 551 3534 602 οὗ
3565 555 3710 605 πολυ-

2175 649 2576 716 πραγμονεῖται
2629 643 2719 716 ὑφ’
2773 642 2992 708 ἑαυτοῦ,
3019 641 3195 704 οὕτως
3225 641 3345 694 οὐδὲ
3378 644 3444 695 τὰ
3500 643 3613 712 ἱερά
3641 661 3714 697 σε-

2189 742 2347 807 μνεῖα
2391 740 2423 808 ἦ
2482 739 2886 810 ήσυχαστήρια,
2936 733 3278 805 μοναστήριά
3319 751 3378 786 τε
3431 735 3524 786 καὶ
3569 736 3712 790 λοιπά

2173 831 2277 882 ὑπό
2300 849 2445 894 τινος
2498 833 2607 883 τῶν
2631 831 2726 883 τοῦ
2771 829 3036 899 δημοσίου
3073 827 3408 898 φροντιστῶν
3441 827 3715 897 ἁνακριθή-

2174 939 2360 976 σεται’
2394 923 2498 977 κᾶν
2528 939 2582 976 τι
2615 921 2840 990 εὔλογον
2862 919 3281 986 δικαιολογεῖτιί
3324 936 3432 982 τις,
3486 920 3585 972 κᾶν
3629 939 3716 972 πα-

2174 1015 2427 1084 ράλογον,
2456 1015 2557 1068 κᾶν
2585 1016 2770 1066 ὁποῖον
2803 1014 2868 1066 ἂν
2904 1013 2989 1083 εἴη
3018 1011 3079 1063 τὸ
3108 1010 3566 1080 λαληῦησόμενςον.
3618 1013 3712 1074 Πᾶς

2171 1108 2282 1177 γὰρ
2328 1107 2358 1156 ὁ
2401 1104 2644 1158 τοιοῦτόν
2682 1121 2736 1156 τι
2781 1103 3155 1174 ὲπιχειρήσων
3196 1101 3422 1168 ποιῆσαι
3471 1100 3714 1172 άνίσχυρα

2169 1197 2313 1262 δόξει
2338 1196 2511 1265 λέγων
2547 1195 2753 1265 καὶτῷ
2795 1195 2911 1248 ὄντι
2961 1194 3221 1257 ἀὸέὸαια,
3266 1194 3359 1246 καὶ
3403 1194 3714 1262 ἀσυμπαθὼς

2171 1294 2205 1361 ή
2234 1289 2426 1344 τούτου
2479 1290 2767 1360 περιουσία
2818 1288 2895 1356 τῷ
2957 1287 3203 1357 δημοσίῳ
3250 1285 3714 1354 καθοσιωοήσεται,

2173 1385 2268 1436 καὶ
2295 1382 2458 1446 αὐτὸς
2499 1382 2689 1452 ἄτιμος
2719 1383 2928 1434 sesi-rat
2975 1380 3344 1443 παντάπασιν,
3393 1377 3470 1442 ὡς
3527 1379 3717 1430 ἀντιπί-

2175 1492 2327 1526 πτων
2382 1473 2596 1541 βασιλεῖ
2625 1472 2865 1536 εὐσεὸῶς
2899 1489 2959 1524 τε
3005 1471 3097 1524 καὶ
3144 1470 3414 1539 φιλοθέως
3457 1469 3515 1521 τὸ
3553 1470 3717 1522 ἀνενό-

2173 1569 2370 1640 χλητον
2425 1569 2544 1630 ταῖς
2579 1569 2765 1637 μοναῖς
2808 1563 3264 1635 ἀποχαριζομένῳ
3307 1564 3402 1615 ἐπὶ
3444 1565 3552 1624 τοῖς
3591 1562 3722 1614 δεδω-

2174 1662 2437 1732 ρημένοις
2479 1663 2669 1724 αὑταῖς
2709 1661 2794 1714 διὰ
2839 1660 2932 1713 τοῦ
2990 1661 3255 1730 παρόντος
3330 1657 3712 1730 χρυσοεούλλου

2173 1756 2352 1820 λόγου,
2389 1753 2483 1805 καλ⁵
2507 1752 2574 1804 δι’
2621 1753 2787 1804 αὑτοῦ
2835 1751 3010 1823 βραχύ
3062 1769 3118 1804 τι
3167 1750 3345 1817 δῶρον
3412 1750 3723 1820 προσάγοντι

494 1855 688 1902 dextra
715 1846 943 1914 accepit.
977 1843 1092 1896 Non
1129 1841 1312 1895 licebit
1345 1857 1508 1910 ergo,
1545 1854 1643 1892 nec
1691 1838 1892 1908 publici
1929 1855 2057 1890 cen-

2175 1849 2252 1918 τῷ
2273 1847 2413 1916 Θεῷ,
2445 1841 2644 1898 ἁνΘ⁹ὦν
2680 1845 2891 1915 μυρίων
2909 1844 3240 1915 εὐεργεσιῶν
3270 1843 3428 1914 παρὰ
3457 1841 3552 1911 τῆς
3579 1842 3723 1894 πλου-

493 1957 590 1995 sus
628 1936 982 2004 destzriptori,
1017 1949 1116 1988 nec
1147 1936 1196 1987 ei
1225 1937 1322 2002 qui
1366 1933 1540 1986 cuivis
1583 1939 1794 1986 secreto
1843 1940 2059 2000 protest,

494 2036 576 2087 vel
604 2029 961 2100 cxteqoatori,
989 2029 1070 2081 vel
1102 2029 1266 2080 alicui
1297 2025 1388 2080 alii
1420 2039 1688 2095 personui,
1721 2038 1844 2093 quae
1880 2023 2066 2092 publi-

492 2145 614 2182 cum
645 2132 884 2189 exercet,
911 2121 1368 2176 monasteriorum
1405 2117 1705 2172 immobilia
1728 2114 2064 2178 describere,

495 2219 576 2271 vel
616 2213 768 2269 focos
796 2226 1046 2273 censere,
1082 2209 1167 2263 vel
1196 2207 1474 2278 inquirere
1504 2214 1742 2274 quantus
1776 2205 1847 2259 sit
1875 2218 2078 2279 eorum

497 2312 720 2375 t'tmdus,
755 2309 837 2362 vel
885 2307 1203 2360 colonorum
1256 2316 1538 2365 numerus,
1593 2299 1674 2353 vel
1713 2298 1859 2368 quod
1908 2308 2066 2351 terrae

494 2402 727 2470 amplius
775 2398 1109 2469 possidetur,
1141 2393 1224 2447 vel
1261 2409 1367 2447 non
1411 2391 1558 2460 justo
1609 2391 1783 2458 pretio
1823 2397 2064 2456 emptum

491 2503 576 2548 est
606 2501 695 2544 aut
723 2489 925 2557 injuste
950 2485 1246 2547 detinetur,
1265 2481 1600 2537 examinare.
1627 2479 1730 2534 Sed
1759 2479 1886 2548 quia
1907 2477 2064 2544 jussu

495 2604 615 2644 meo
657 2583 927 2656 imperiali
962 2590 1083 2635 acta
1117 2577 1361 2632 facienda
1408 2585 1556 2642 sont,
1592 2588 1782 2629 eorum
1825 2573 2064 2636 nomine,

494 2695 614 2752 qua:
647 2651 805 2733 bodie
827 2692 854 2728 a
881 2671 1229 2728 monasteriis
1266 2669 1596 2733 detinentur,
1626 2663 1987 2721 immobilinm
2012 2651 2066 2718 et

493 2777 836 2833 colonorum,
873 2777 1004 2821 tunc
1051 2763 1274 2818 demum
1320 2762 1468 2832 juste
1521 2758 1912 2813 monasterium
1949 2772 2066 2810 mo-

496 2865 653 2920 testia
683 2860 977 2918 alliciemn
1001 2864 1051 2910 et
1079 2857 1223 2924 quod
1261 2854 1468 2922 injuste
1497 2852 1701 2906 detinet
1726 2851 1795 2904 ab
1821 2864 1885 2904 eo
1914 2848 2067 2903 aule-

497 2964 670 3020 retur,
698 2948 918 3020 quando
960 2945 1160 3016 publici
1194 2960 1391 3000 census
1419 2941 1743 3010 tdescriptor
1780 2941 2064 3006 ostendit,

494 3047 642 3118 quod
673 3047 814 3099 ultra
843 3041 1218 3095 deﬁnitionem
1250 3047 1302 3092 et
1329 3037 1718 3091 monasterium
1743 3033 1944 3090 .locuin
1975 3046 2070 3087 oco

494 3148 681 3208 cnpat,
706 3135 787 3189 vel
815 3135 1062 3196 colonos,
1086 3133 1168 3185 vel
1200 3128 1306 3182 ulla
1335 3127 1462 3180 alia.
1483 3125 1593 3180 Nec
1615 3125 1770 3194 enim
1792 3124 2064 3179 licentiam

500 3231 774 3284 habebunt
824 3227 1156 3280 monasteria
1189 3221 1421 3291 augendi
1463 3228 1516 3275 et
1548 3217 1920 3288 ampliﬁcandi
1963 3231 2068 3282 ea,

495 3338 616 3390 qua:
646 3321 711 3374 ab
745 3317 878 3388 ipsis
913 3317 1074 3370 ltodic
1123 3313 1476 3384 posSIdetttur
1503 3349 1518 3376 ,
1557 3313 1672 3364 sive
1705 3308 1882 3365 coloni
1916 3311 2069 3373 sint,

495 3414 613 3467 sive
666 3413 795 3476 loci,
832 3412 948 3464 sive
996 3407 1200 3478 praedia
1253 3406 1482 3459 rustica.
1540 3402 1927 3459 Verumtamen
1977 3417 2073 3470 per

495 3503 765 3574 ejusmodi
804 3501 1150 3556 occasionem
1191 3513 1300 3551 non
1333 3497 1519 3551 licebit
1549 3497 1814 3558 exactori,
1848 3506 1938 3547 aut
1972 3493 2071 3548 de-

497 3595 758 3664 scriptori
793 3593 883 3647 ulli
917 3591 1212 3645 lumarium
1249 3589 1334 3642 vel
1386 3586 1720 3641 mensorium
1746 3628 1762 3652 ,
1801 3595 1892 3639 aut
1925 3585 2070 3638 aliud

498 3690 791 3757 quodpiam
827 3685 1075 3755 vectigal,
1119 3683 1267 3752 quod
1315 3681 1380 3734 ad
1427 3681 1598 3748 ipsius
1636 3679 1868 3733 ollicium
1902 3679 2074 3746 perti-

497 3791 644 3843 neat,
675 3780 920 3847 recipere
947 3783 1014 3830 ab
1043 3775 1437 3836 immobilibus,
1479 3787 1600 3842 qua:
1629 3787 1798 3842 sopra
1850 3773 2071 3841 scriptis

506 3872 794 3940 subjacent
825 3869 1194 3923 monasteriis.
1225 3867 1325 3931 Qui
1363 3867 1506 3919 enitn
1537 3874 1926 3919 contra'ausus
1959 3867 2075 3918 l'oe-

500 3975 589 4029 rit,
623 3967 760 4017 sciat
786 3977 846 4015 se
887 3977 992 4014 non
1025 3967 1234 4011 tantum
1267 3958 1318 4010 id
1346 3956 1493 4026 quod
1526 3960 1706 4022 exegit
1735 3956 2070 4024 multiplica-

499 4068 612 4106 tum
653 4051 1055 4116 restituturum,
1083 4047 1178 4102 sed
1207 4055 1266 4099 et
1297 4047 1544 4097 omnium
1583 4047 1850 4097 bonorum
1887 4041 2062 4110 publi-

499 4147 703 4200 cationi
746 4158 871 4196 cum
907 4143 1134 4208 inlamla
1168 4149 1221 4192 et
1248 4138 1487 4191 civilium
1528 4150 1813 4189 munerum
1845 4136 2065 4201 incapa-

495 4242 660 4293 i-itate
700 4236 1006 4302 subjectum
1049 4234 1137 4284 iri.
1171 4232 1263 4285 Sic
1293 4231 1436 4284 enim
1490 4229 1603 4281 vult
1640 4244 1756 4280 mea
1791 4235 2070 4292 majestas,

494 4351 607 4408 jam
639 4330 1112 4384 niantl'estatorum
1145 4326 1602 4380 monasteriorum
1629 4319 1926 4374 immobilia
1958 4334 2075 4370 om-

503 4428 591 4481 nia
634 4423 822 4478 haberi
855 4423 924 4474 ab
961 4433 1291 4488 unoquoque
1316 4426 1591 4478 exactore,
1612 4413 1765 4482 quasi
1799 4427 1907 4464 non
1941 4409 2074 4463 sub-

2173 1940 2500 2010 σιοπαρόχου
2522 1937 2701 2002 δεξιᾶς
2724 1937 2889 1990 αὑτοῦ
2909 1936 3368 2008 παραπήλαυσεν.
3395 1935 3509 1987 Οὐκ
3534 1933 3724 1996 ἐξέσται

2171 2032 2264 2089 οὖν
2337 2036 2667 2106 ἁναγραφεῖ,
2762 2030 2896 2085 οὕτε
2969 2031 3381 2101 προκαθημένῳ
3429 2028 3725 2098 οίουδήτινος

2175 2127 2432 2198 σεκρέτου
2459 2129 2490 2197 ἢ
2516 2125 2774 2197 ὲξισωτῇ,
2816 2127 2848 2195 ἢ
2895 2125 3209 2195 ὲνεργοῦντι
3241 2123 3420 2193 ἑτέρῳ
3456 2121 3562 2174 τινὶ
3580 2136 3726 2188 προσ-

2171 2220 2305 2288 ώπῳ
2329 2219 2423 2272 τοῦ
2455 2219 2740 2288 δημοσίου,
2780 2217 2850 2270 τὰ
2881 2219 2992 2269 τῶν
3055 2215 3442 2285 μοναστηρίων
3516 2211 3725 2279 ἀκίνητα

2171 2309 2612 2378 ἀναγράφεσθαι,
2675 2309 2707 2377 ἧ
2762 2307 3144 2373 καπνολογεῐν,
3227 2304 3261 2374 ἢ
3321 2302 3605 2370 ἀναζητεῖν
3642 2298 3724 2368 μέ-

2173 2420 2303 2472 τρον
2334 2403 2434 2472 γῆς
2462 2402 2496 2473 ἢ
2531 2403 2592 2455 τὸ
2624 2401 2957 2471 ὑπέρπλεον,
2996 2399 3030 2468 ἢ
3072 2399 3133 2450 τὸ
3157 2397 3362 2459 ἀδίκως
3393 2393 3725 2462 κατεχόμενον

2174 2494 2454 2562 ἐξετάζειν
2491 2511 2506 2527 ο
2534 2494 2649 2548 ἀλλ’
2715 2493 2837 2546 ἐπεὶ
2862 2493 2925 2545 ὲκ
2958 2490 3313 2561 προστάξεως
3349 2487 3449 2558 τῆς
3481 2483 3726 2554 βασιλείας

2178 2606 2279 2660 μου
2307 2589 2562 2659 μέλλουσι
2601 2585 2857 2655 γενέσθαι
2885 2583 3165 2654 πρακτικὰ
3213 2581 3326 2634 τῶν
3361 2582 3594 2649 σήμερον
3619 2590 3726 2628 κατο

2175 2679 2453 2749 εχομένων
2490 2677 2638 2730 παρὰ
2691 2675 2802 2728 τῶν
2844 2672 3022 2744 μονῶν
3059 2674 3338 2740 ἀκινήτων
3394 2671 3488 2722 καὶ
3557 2663 3724 2735 παροίο

2174 2789 2311 2834 κων,
2343 2771 2463 2822 τότε
2497 2768 2656 2838 μόνον
2697 2765 3062 2835 οχληθήσεται
3103 2765 3135 2834 ἡ
3179 2762 3318 2832 μονὴ
3341 2762 3438 2814 καὶ
3469 2760 3527 2812 τὸ
3554 2758 3724 2817 ἀδίκως

2177 2863 2546 2932 κατεχόμενον
2575 2858 3031 2928 ἀφαιρεθήσεται,
3073 2859 3162 2910 ὅτε
3194 2858 3222 2908 ό
3270 2853 3614 2924 ἀναγραφεὺς
3636 2849 3725 2901 δει-

2177 2953 2354 3018 κνύει,
2378 2953 2454 3014 ὡς
2484 2952 2746 3003 ἐπέκεινα
2770 2949 2865 3002 τοῦ
2897 2952 3259 3019 περιορισμοῦ
3291 2947 3512 3014 κατέχει
3543 2944 3574 3012 ή
3612 2943 3724 3009 μονή

2176 3046 2341 3099 τοπία
2373 3045 2407 3115 ἢ
2441 3044 2744 3114 παροίκους
2783 3043 2820 3114 ἢ
2852 3043 3037 3112 ἓτερον
3071 3042 3299 3094 δίκαιον.
3341 3039 3480 3092 οὐδὲ
3515 3039 3615 3104 γάρ
3653 3030 3722 3084 ἐπ’

2179 3141 2360 3202 ἁδείας
2408 3136 2622 3201 ἕξουσιν
2697 3137 2753 3189 αἱ
2803 3136 2964 3205 μοναὶ¹
2999 3132 3070 3186 τὰ
3120 3132 3364 3202 σήμερον
3425 3127 3552 3198 παρ’
3575 3122 3722 3178 αὐτῶν

2181 3231 2541 3300 κατεχόμενα,
2573 3226 2684 3279 εἴτε
2717 3227 2973 3295 πάροικοι
3001 3219 3134 3286 εἶεν,
3168 3221 3278 3274 εἴτε
3302 3220 3484 3282 τόποι,
3521 3217 3620 3268 εἴτε
3647 3214 3724 3266 αὑ·

2173 3323 2432 3392 τούργια.
2489 3319 2777 3385 ἐπαύξειν,
2809 3319 2902 3370 καὶ
2924 3318 3005 3379 εἰς
3060 3313 3388 3385 πληθυσμὸν
3417 3312 3575 3378 νάγειν
3603 3305 3726 3358 πλεί-

2173 3431 2292 3468 ονα.
2332 3412 2478 3480 Πλὴν
2516 3413 2583 3480 τῇ
2623 3408 2847 3477 τοιαύτη
2879 3403 3278 3475 προφάσειοὺκ
3329 3400 3542 3466 ἐξέσται
3598 3395 3724 3464 πρά-

2176 3523 2334 3576 κτορι
2389 3505 2424 3574 ἢ
2477 3503 2789 3574 ἀναγραφεί
2843 3499 3119 3568 οίῳδήτινι
3164 3496 3197 3567 ἢ
3253 3494 3542 3555 καπνικὸν,
3577 3488 3726 3559 ἣξει·

2175 3600 2271 3666 ρόν
2328 3617 2383 3651 τι
2435 3594 2814 3666 ἁναγραφικὸν
2869 3592 2902 3662 ἢ
2973 3587 3352 3660 πράκτορικδν
3409 3583 3724 3654 φορολόγημα

2175 3693 2283 3746 ἀπὸ
2312 3693 2421 3744 τὼν
2454 3688 2832 3758 ὑποκειμένων
2859 3687 2979 3747 ταῖς
3001 3683 3365 3752 δηλωθείσαις
3405 3679 3588 3750 μοναῖς
3623 3677 3724 3726 ἀκι-

2176 3786 2353 3854 νήτων
2395 3779 2902 3851 ἀναλαμϐάνεσθαι.
2931 3777 3150 3829 Εἰδὲναι
3180 3775 3287 3845 γὰρ
3325 3771 3531 3843 ὀφείλει
3558 3764 3726 3821 δ’τοῦτο

2178 3880 2465 3948 τολμήσων
2495 3876 2567 3937 ὡς
2597 3875 2657 3927 οὐ
2694 3875 2856 3942 μόνον
2883 3871 2978 3924 ἐπὶ
3003 3869 3063 3921 τὸ
3087 3867 3440 3921 πολλαπλοῦν
3468 3858 3722 3928 ἀντιστρέ-

2175 3973 2266 4041 ψει
2289 3972 2428 4038 ὅπερ
2467 3969 2529 4021 ἂν
2554 3965 2917 4035 αναλάῦηται,
2948 3964 3084 4016 αλλὰ
3132 3964 3227 4015 καὶ
3275 3961 3460 4030 τελείᾳ
3497 3952 3721 4025 δημεύσει

2176 4063 2642 4132 ὑποϐληϋήσεται,
2669 4059 2761 4112 καὶ
2789 4060 2983 4126 ἄτιμος
3057 4057 3213 4106 ἔσται
3240 4071 3335 4107 και
3387 4050 3719 4104 ἀπολίτευτος.

2178 4155 2336 4210 οὕτω
2361 4156 2470 4224 γὰρ
2499 4153 2698 4220 Θέλειή
2731 4150 2981 4219 βασιλεία
3018 4164 3120 4218 μου
3146 4161 3214 4199 τα
3249 4146 3359 4198 τῶν
3410 4139 3719 4213 δηλωθέντων

2183 4249 2360 4317 μονόιν
2396 4247 2633 4313 ἀκίνητα
2664 4243 2843 4295 πάντα
2863 4240 3179 4308 λογίζεσθαι
3237 4238 3326 4305 ὑφ’
3359 4236 3583 4288 ἑκάστου
3630 4228 3717 4280 τῶν

2177 4338 2532 4408 πρακτόρων.
2563 4337 2638 4396 ὡς
2670 4335 2746 4404 μὴ
2778 4335 2909 4386 ὄντα
2934 4333 3040 4385 ὑπὸ
3086 4334 3185 4400 τήν
3216 4329 3416 4382 ἑαυτοῦ
3463 4325 3625 4394 ἀρχὴν
3649 4320 3722 4370 καὶ

2183 4431 2457 4492 ἐξουσίαν.
2488 4428 2598 4482 Καὶ
2653 4425 2712 4478 ὃν
2746 4425 2950 4494 τρόπον
2976 4427 3027 4476 οί
3056 4424 3361 4493 πράκτορες
3415 4418 3507 4472 ἐπὶ
3535 4418 3634 4477 τοῖς
3662 4412 3722 4480 μὴ

498 4523 610 4576 sint
645 4520 818 4586 ipsius
853 4514 1030 4569 ollicio
1064 4513 1152 4565 vel
1204 4512 1482 4582 potestati.
1520 4507 1584 4560 Et
1612 4497 2068 4577 quémadmodum

2181 4521 2562 4590 ὑποκειμένοις
2634 4519 2817 4580 αὐτοῖς
2899 4517 3132 4586 θέμασιν
3192 4515 3345 4566 οὐδὲν
3439 4529 3489 4564 τι
3543 4509 3720 4561 δίκαιον

492 4611 854 4666 exactoresin
889 4623 995 4659 non
1027 4602 1292 4672 subjectis
1315 4602 1419 4656 sibi
1454 4599 1745 4668 provinciis
1777 4598 1910 4650 nihil
1932 4596 2071 4665 juris

497 4706 720 4762 habent,
749 4713 807 4754 ut
835 4702 890 4753 iii
926 4701 992 4752 iis
1023 4706 1187 4766 agant
1227 4695 1686 4748 administrentvc
1716 4675 2018 4760 quidquam
2051 4704 2066 4737 :

495 4799 577 4854 sic
619 4812 718 4850 nec
748 4796 804 4849 in
836 4791 1212 4846 immobilibus
1264 4787 1730 4842 monasteriorum
1785 4791 2074 4838 exactores

499 4901 930 4958 provmetarum,
989 4883 1192 4953 quibus
1265 4896 1342 4934 etc
1399 4880 1654 4942 subsunt,
1703 4877 2075 4932 censebantur

497 4989 809 5035 exactores.
848 4978 980 5042 Qua:
1016 4975 1181 5044 igitur
1235 4971 1366 5026 ﬁent
1407 4981 1529 5044 acta
1558 4979 1613 5024 et
1648 4970 1835 5021 liniutn
1869 4968 2074 5022 descri-

505 5087 720 5144 ptioocs
746 5076 812 5126 ab
839 5074 938 5133 eis,
981 5086 1123 5139 quos
1157 5067 1413 5135 majestas
1450 5063 1805 5119 destinaverit
1852 5063 1916 5116 ad
1947 5076 2074 5130 pro-

503 5169 771 5220 bationem
808 5179 998 5218 eorum
1022 5201 1038 5226 ,
1073 5177 1194 5230 qua:
1228 5179 1256 5212 a
1294 5158 1643 5212 monasteriis
1691 5157 1847 5210 hodie
1897 5157 2074 5222 pessi-

495 5261 718 5320 dentur,
777 5254 1217 5328 competentibus
1269 5251 1498 5304 secretis
1545 5258 1765 5318 propter
1820 5247 2068 5299 notitiam

497 5349 946 5414 insinnabutttnr.
981 5345 1136 5397 Scire
1165 5357 1398 5410 namque
1444 5342 1641 5392 debent
1673 5340 1853 5390 omnia
1887 5352 2074 5390 mona-

493 5439 688 5504 steria,
731 5438 776 5492 si
811 5436 958 5506 quod
985 5452 1050 5490 ex
1084 5436 1151 5490 iis
1195 5433 1596 5503 deprehensum
1631 5439 1791 5487 tuerit
1821 5434 2069 5486 lraudem

499 5534 738 5601 aliquam
774 5536 857 5602 vel
890 5529 1252 5584 collusionem
1289 5526 1372 5580 vel
1399 5527 1581 5580 dolum
1614 5527 1666 5578 itt
1699 5524 2072 5580 immobilibus

496 5642 617 5696 qua:
650 5625 812 5679 liodie
841 5627 907 5677 ab
929 5623 1066 5692 ipsis
1096 5621 1444 5691 possidentur
1475 5620 1668 5676 fecisse
1703 5637 1716 5674 :
1750 5636 1856 5674 non
1892 5621 2070 5674 solum

499 5719 635 5772 nttnl
674 5717 920 5770 utilitatis
955 5729 1021 5768 ex
1063 5714 1166 5768 liae
1200 5727 1335 5767 meae
1375 5711 1676 5782 majestatis
1701 5714 1885 5768 Aurea
1916 5701 2100 5766 Bulla'

498 5817 964 5876 consecuturum;
998 5808 1094 5863 sed
1133 5805 1298 5863 etiam
1336 5819 1592 5863 casurum
1632 5809 1754 5878 jure
1787 5805 2091 5882 pradictis.

2182 4614 2398 4684 ἔχουσιν
2489 4613 2757 4682 ἐνεργείν,
2826 4610 2860 4679 ἢ
2919 4611 3055 4670 ὅλως
3109 4610 3282 4660 ποιεῖν
3352 4623 3405 4658 τι
3435 4602 3520 4656 ἐπ’
3545 4599 3720 4656 αὐτοῖς,

2181 4706 2351 4768 οὓτως
2384 4704 2504 4756 οὐδὲ
2533 4706 2624 4755 ἐπὶ
2645 4705 2766 4764 τοῖς
2794 4703 2904 4754 τῶν
2957 4697 3344 4769 μοναστηρίων
3403 4695 3661 4761 ἀκινήτοις
3683 4685 3721 4735 οξ

2181 4800 2494 4872 πράκτορες
2517 4797 2626 4850 τῶν
2649 4797 2924 4866 θεμάτων,
2950 4795 3041 4863 ὑρ*
3073 4792 3164 4856 οὓς
3189 4791 3406 4844 τελοῦσι
3440 4789 3507 4840 τὰ
3530 4781 3721 4837 τοιαῦτα

2151 4892 2436 4962 ,άκίνητα,
2472 4890 2784 4960 πράκτορες
2809 4887 3250 4957 λογισθήσονται.
3292 4885 3373 4938 Τὰ
3399 4881 3576 4953 μέντοι
3636 4887 3716 4922 γε-

2180 4985 2458 5055 νησόμενα
2487 4982 2766 5052 πρακτικὰ
2804 4981 2898 5034 καὶ
2923 4983 2970 5032 οί
3007 4979 3355 5050 περιορισμοὶ
3411 4974 3536 5043 παρ’
3565 4964 3630 5024 ὧν
3661 4966 3714 5017 ἂν

2178 5076 2337 5146 ὁρίσῃ
2377 5075 2410 5143 ἡ
2439 5072 2689 5142 βασιλεία
2721 5089 2822 5141 μου
2860 5077 2938 5134 εἰς
2970 5072 3320 5141 παράστασιν
3373 5067 3479 5120 τῶν
3508 5063 3713 5129 σήμερον

2178 5169 2333 5235 παρὰ
2353 5166 2460 5216 τῶν
2497 5164 2875 5232 μοναστηρίων
2897 5162 3215 5232 νεμομένων
3270 5163 3380 5223 τοῖς
3417 5151 3711 5227 προσφόροίε

2179 5255 2462 5324 σεκρέτοις
2523 5251 2589 5304 δι’
2619 5251 2824 5322 εἴδησιν
2879 5248 3518 5320 ὲγκαταστρωοήσονται.
3565 5232 3714 5300 ’θυεμ

2176 5349 2329 5398 λςυσι
2381 5345 2438 5397 δὲ
2463 5344 2668 5396 εἰδέναι
2696 5345 2876 5394 πάντα
2900 5342 2968 5393 τὰ
3011 5341 3368 5411 μοναστήρια,
3403 5335 3478 5397 ὡς
3535 5322 3707 5382 οἷονᾶν

2177 5441 2234 5505 ἐξ
2261 5437 2442 5490 αὐτῶν
2463 5437 2664 5508 εὑρεθῇ
2703 5435 3057 5508 ῥᾳδιουργίαν
3090 5434 3216 5487 τινὰ
3247 5430 3605 5501 ποιησάμενον
3630 5414 3708 5469 ἐπὶ

2175 5533 2287 5593 τοῖς
2315 5533 2559 5599 σήμερον
2591 5529 2724 5598 παρ’
2746 5527 2930 5582 αὐτῶν
2968 5525 3380 5597 κατεχομένοις,
3497 5525 3705 5585 συμπαε’

2175 5624 2356 5690 γνίαν,
2387 5622 2421 5692 ἢ
2455 5622 2606 5676 δόλον
2636 5623 3040 5694 πλημμελῆσὼ
3062 5638 3211 5686 τινα,
3242 5619 3301 5672 οὐ
3329 5616 3485 5688 μόνον
3513 5610 3600 5678 τῆς
3616 5599 3706 5656 ἀπὸ

2171 5713 2266 5767 τοῦ
2298 5714 2567 5784 παρόντος
2587 5715 2990 5786 χρυσοὸούλλου
3015 5715 3175 5784 λόγου
3207 5713 3306 5783 τῆς
3333 5704 3592 5780 βασιλείας
3613 5697 3698 5786 μὀφ

2171 5805 2439 5876 ὠφελείας
2460 5785 2932 5880 οὐκεύμοιρήσει
3006 5808 3068 5860 τὸ
3127 5805 3367 5868 σύνολον,
3440 5794 3563 5851 ma
3619 5785 3697 5840 καὶ
