3972 6488
298 456 401 520 ρει

1304 449 1388 511 IN
1428 449 1594 510 CAN.
1620 447 1739 509 Χίῐ
1760 444 1984 521 ,ΟΟΝίλ
2009 446 2125 509 VlI
2163 447 2523 511 (ECUMEN.

3455 448 3562 513 942

294 568 397 622 τοῦ
423 563 860 637 προτιμηθέντος
920 563 1092 625 αὑτοῦ
1154 564 1478 618 ἐκπεσεῖται
1546 563 1761 617 δικαίου
1804 564 1893 617 διὰ

2007 562 2252 617 amnibus
2284 562 2655 629 monasteriis,
2687 577 2785 634 per
2809 563 2969 618 aliam
3001 565 3156 634 prius
3203 562 3401 619 factam
3449 584 3565 621 ma-

292 658 395 711 τοῦ
460 655 861 728 προγεγονότος
936 658 1074 708 πᾶσι
1098 656 1221 719 ταῖς
1277 653 1636 724 δηλωθείσαις
1701 656 1890 724 μοναίς

296 749 496 820 ἑτέρου
528 747 929 818 χρυσοϐούλλου
963 746 1128 815 λόγου
1160 748 1262 816 τῆς
1326 745 1607 815 βασιλείας
1652 763 1777 813 μου.

385 842 617 911 Ἐφεξῆς
651 840 703 892 δὲ
727 840 907 893 ἀνεῖλε
936 841 998 893 τὸ
1065 838 1311 892 τοιοῦτον
1360 837 1757 908 χρυσόϐουλλον
1797 838 1890 891 καὶ

296 938 490 989 etiam
518 933 817 1002 πρόσταξιν
879 932 1303 1001 ἐναντιουμένην
1362 931 1557 1001 τούτῳ,
1601 929 1891 999 γεγονυίαν

292 1028 603 1097 δηλονότιῆ
636 1029 728 1079 καὶ
765 1024 1163 1096 γενησομένην,
1198 1026 1290 1077 καὶ
1329 1024 1621 1093 διωρίσατο
1650 1023 1890 1093 χρᾶσθαι

294 1123 402 1183 τὰς
438 1120 605 1190 μονὰς
646 1120 878 1180 καὶτοῖς
904 1119 1303 1186 παλαιγενέσιν
1369 1116 1550 1169 αὐτῶν
1574 1116 1889 1186 δικαιώμας

299 1232 414 1267 σιν.
479 1212 634 1265 Ἐπεὶ
666 1210 722 1263 δὲ
747 1212 812 1264 ὲκ
884 1210 1291 1280 προσαγγελίας
1361 1210 1708 1280 χαιρεκόικων
1729 1209 1892 1261 τινῶν

298 1302 560 1368 ἀπελύθη
604 1302 746 1353 κατά
772 1300 865 1351 τὸν
911 1299 1130 1353 Ἰούν.ον
1171 1300 1318 1370 μῆνα
1357 1300 1456 1368 τῆς
1486 1299 1531 1352 θ’
1561 1299 1893 1362 ίνδικτιῶνος

296 1396 426 1460 τοῦ,
463 1390 625 1464 ςχπδ¹
648 1392 804 1455 ἔτους
850 1393 1179 1462 πρόσταγμα
1234 1392 1510 1461 βασιλικὸν
1587 1392 1892 1462 ἀνατρέπον

304 1488 496 1557 σχεδὸν
525 1487 589 1538 τὸ
620 1484 867 1538 τοιοῦτον
895 1485 1291 1538 εὐσεϐέστατον
1315 1486 1410 1539 καὶ
1453 1484 1891 1553 εύεργετικώτα-

300 1590 397 1629 τον
431 1576 972 1647 χρυσόϐουλλον,καὶ
1002 1576 1091 1629 διὰ
1150 1575 1314 1629 τοῦτο
1358 1579 1541 1630 πάντα
1593 1579 1664 1630 τὰ
1729 1594 1894 1647 μονα-

304 1670 583 1738 στηριακὰ
608 1668 845 1739 ἀκίνητα
885 1667 989 1721 ὑπὸ
1019 1667 1129 1720 τῶν
1169 1669 1532 1739 ἀναγραφέων
1561 1668 1891 1739 ἡρπάζοντο,

304 1760 564 1829 ἀπελύθη
594 1760 740 1812 κατὰ
770 1759 863 1812 τὸν
894 1758 1119 1812 Ἰούλιον
1160 1760 1307 1829 μῆνα
1335 1764 1435 1827 τῆς
1480 1761 1521 1814 δ’
1556 1761 1894 1825 ἱνδικτιῶνος

300 1852 434 1919 τοῦ,
464 1850 630 1921 ςχπθ¹
653 1850 807 1915 λύσις
836 1850 1189 1923 προσκυνητὴ
1215 1851 1323 1904 τῶν
1363 1850 1517 1904 θεοσέ
1532 1870 1672 1906 πτων
1705 1854 1896 1923 κρατί-τ

1990 652 2212 724 jeStatis
2251 670 2387 709 mea:
2415 658 2650 710 Auream
2686 656 2921 719 Bullam,
2960 673 3241 714 concesso.
3320 720 3323 721 ν

2063 837 2268 892 Deinde
2299 845 2479 893 autem
2524 839 2743 893 sustulit
2775 840 2889 894 haec
2916 840 3079 895 ‘Bnlla
3111 841 3289 896 Aurea
3337 856 3560 898 omnem

1990 945 2210 1000 quoque
2235 929 2544 999 jnssionem
2575 947 2697 999 quze
2735 931 2784 985 ei
2832 934 3170 997 adversatur,
3205 950 3323 1002 qua:
3352 936 3565 989 scilicet

1997 1021 2133 1076 facta
2182 1034 2261 1077 est
2309 1023 2395 1077 vel
2449 1025 2538 1077 fiet
2572 1040 2587 1075 :
2619 1034 2673 1093 et
2702 1028 2891 1079 statuit
2944 1036 3001 1079 ut
3055 1028 3385 1080 monasteria
3448 1028 3566 1082 suis

1993 1130 2210 1184 quoque
2260 1116 2503 1185 antiquis
2553 1117 2730 1171 titulis
2780 1125 3022 1171 utantur.
3074 1117 3344 1183 Quoniam
3379 1129 3564 1174 autem

1996 1223 2091 1278 per
2121 1210 2483 1278 quorumdam
2516 1211 2707 1265 alienis
2741 1211 2897 1264 malis
2930 1210 3228 1264 laetantium
3261 1211 3569 1281 instigatio-

1995 1312 2142 1363 nem,
2175 1314 2357 1353 mense
2393 1297 2579 1364 Jnuio,
2610 1314 2752 1354 nona
2798 1301 3132 1355 indicatione
3184 1316 3331 1356 anno
3382 1302 3523 1357 6684
3548 1341 3565 1365 ,

1996 1390 2273 1458 imperiale
2295 1390 2512 1457 jussum
2555 1391 2757 1445 editum
2813 1393 3078 1461 est,qnod
3116 1392 3256 1446 hanc
3286 1394 3336 1446 in
3374 1392 3567 1461 primis

1995 1480 2138 1550 piam
2166 1489 2221 1535 et
2257 1481 2489 1535 maxime
2528 1481 2826 1559 beneficam
2858 1486 3094 1538 Auream
3124 1484 3333 1538 Bullam
3367 1501 3566 1557 prope-

1994 1571 2217 1626 modum
2261 1573 2543 1639 subvertit,
2568 1583 2621 1628 et
2659 1586 2940 1645 propterea
2980 1579 3433 1632 monasteriorum
3468 1580 3570 1632 im-

1995 1664 2216 1717 mobilia
2247 1679 2275 1716 a
2309 1663 2510 1734 publici
2553 1679 2751 1719 census
2798 1667 3232 1735 descriptoribus
3282 1669 3571 1736 rapieban-

1998 1766 2082 1809 tur
2119 1775 2131 1808 :
2169 1755 2311 1813 Julio
2349 1775 2535 1814 mense
2586 1759 2886 1813 indictione
2928 1759 2999 1824 4,
3051 1776 3195 1813 anno
3228 1761 3389 1826 6689,
3421 1761 3572 1815 edita

1994 1857 2078 1902 est
2109 1850 2437 1904 venerabilis
2468 1851 2731 1906 resolutio
2756 1852 2939 1906 divine
2978 1852 3339 1908 colendorum
3378 1864 3573 1924 poten-

304 1961 453 1995 στων
481 1944 578 1995 καὶ
599 1942 770 2009 ἁγίων
811 1943 966 2012 ἡμῶν
1002 1941 1271 2012 βασιλέων
1296 1943 1387 1994 ἐπὶ
1426 1944 1736 2013 ὑπομνήσει
1770 1946 1880 2000 τῶν

2007 1940 2337 1995 lissimorum
2369 1952 2423 1995 et
2454 1952 2770 1999 sanctorum
2825 1958 3134 2000 nostrorum
3174 1947 3569 2017 imperatorum

307 2034 721 2105 μοναστηρίων,
756 2034 1104 2087 ἐκκόπτουσα
1132 2033 1231 2105 τὴν
1276 2035 1642 2105 πραιτορικὴν
1696 2036 1890 2106 χρείαν

306 2131 406 2180 καὶ
438 2128 537 2198 τὴν
578 2126 973 2197 κατεπανικὴν,
995 2129 1088 2180 καὶ
1139 2127 1489 2199 διοριζομένη
1554 2128 1698 2198 ἔχειν
1724 2129 1786 2180 τὸ
1809 2131 1894 2182 έν-

306 2236 335 2271 ε
346 2220 477 2289 ργὸν
511 2221 583 2273 τὰ
658 2220 1034 2289 προγεγονότα
1059 2219 1460 2291 χρυσοσούλλου
1480 2221 1643 2293 χάριν
1687 2220 1781 2274 τοῦ
1815 2222 1891 2291 μὴ

307 2312 734 2382 ἀναγράφεσθαι
770 2313 837 2365 τὰ
868 2312 977 2365 τῶν
1004 2313 1391 2384 μοναστηρίων
1446 2316 1681 2385 ἀκίνητα
1748 2317 1894 2369 κατὰ

309 2406 384 2477 pi;
390 2422 471 2475 μα
502 2404 644 2457 οὕτω
677 2404 1145 2474 δ.αλαμ6ά.νουσα·

388 2497 449 2548 'H
486 2495 735 2566 βασιλεία
759 2513 884 2564 μου,
946 2495 1047 2564 τῆς
1100 2498 1164 2548 ἐκ
1208 2496 1317 2548 τῶν
1373 2496 1656 2567 ὑμετέρων
1719 2496 1894 2567 εύχῶν

316 2593 634 2662 συνὰρσεως
665 2592 966 2661 χρῄζουσα,
996 2592 1089 2644 καὶ
1125 2594 1181 2643 έν
1212 2592 1346 2644 πᾶσι
1373 2592 1493 2645 κατ’
1514 2592 1658 2662 ἴχνος
1688 2592 1894 2662 βαίνειν

310 2671 409 2737 τοῖ’)
441 2687 499 2737 ὲν
533 2684 782 2754 μακαρίᾳ
845 2685 912 2754 τῇ
948 2682 1102 2755 λήξει
1153 2682 1426 2754 βασιλέως
1480 2683 1741 2736 αὐθέντου
1799 2685 1894 2739 καὶ

316 2776 527 2848 πατρὸς
559 2776 728 2846 αὐτῆς
758 2775 1010 2836 θέλουσα,
1059 2776 1155 2829 καὶ
1204 2775 1267 2828 τὸ
1321 2776 1452 2846 περὶ
1513 2776 1639 2838 τοὺς
1708 2777 1897 2829 ἀνατε-

319 2868 612 2938 θειμένους
642 2868 787 2935 ὑμᾶς
822 2868 899 2937 τῷ
934 2866 1054 2937 Θεῷ
1085 2867 1433 2937 εὐεργετικὸν
1465 2867 1675 2919 ἐκείνου
1708 2870 1895 2938 μιμεῖ-

320 2961 447 3013 σθαι
474 2960 797 3031 προῄρηται.
840 2959 1025 3028 Ταύτη
1053 2976 1134 3011 τοι
1167 2961 1262 3012 καὶ
1288 2959 1374 3012 διὰ
1406 2960 1536 3029 μιᾶς
1573 2957 1773 3030 ταύτης
1797 2959 1897 3029 τῆς

320 3054 406 3119 ἐφ’
446 3053 573 3121 ύμῖν
606 3051 966 3120 ἁγαθοποιίας
1001 3052 1095 3103 καὶ
1115 3050 1193 3121 τῷ
1239 3050 1626 3120 βασιλεύσαντι
1694 3050 1898 3121 ταύτην

317 3146 442 3216 Θεῴ
472 3145 783 3214 χαρίζεται,
812 3144 907 3197 καὶ
964 3146 1029 3213 τῇ
1068 3143 1162 3196 τοῦ
1213 3144 1477 3197 αύθέντου
1538 3144 1631 3196 καὶ
1688 3149 1897 3214 πατρὸς

318 3242 418 3311 τῆς
454 3237 729 3308 βασιλείας
779 3254 879 3308 μου
946 3237 1078 3308 ἁγία
1133 3236 1301 3307 ψυχῇ,
1350 3240 1445 3289 καὶ
1517 3236 1595 3307 τῷ
1646 3236 1899 3308 ἡμετέρῳ

317 3333 515 3403 κράτει
576 3332 678 3401 τῆς
759 3336 838 3394 εἰς
898 3331 960 3384 τὸ
1013 3329 1216 3397 ἀγαθὸν
1268 3330 1552 3400 προκοπῆς
1615 3327 1901 3400 ὑποϐάθρσι

323 3423 423 3475 καὶ
452 3423 701 3493 θεμέλιος
740 3422 972 3487 τίθεται,
1006 3422 1103 3476 καὶ
1124 3419 1410 3489 ἐπικλινὴς
1459 3424 1525 3490 τῇ
1560 3420 1715 3490 ὑμῶν
1749 3438 1903 3488 γενοο

323 3516 467 3586 μένῃ
492 3517 730 3586 αἰτήσει,
782 3515 844 3567 τὸ
905 3515 1131 3586 ἐνεργὸν
1208 3514 1357 3584 ἔχειν
1447 3515 1543 3567 καὶ
1618 3513 1903 3584 ἀπαρασὰ-

317 3610 513 3662 λευτον
533 3610 627 3662 καὶ
660 3607 1055 3678 ἀμετακίνητον
1087 3608 1212 3670 τοὺς
1284 3606 1374 3659 ἐπ’
1422 3605 1714 3677 εὐεργεσίᾳ
1795 3605 1903 3658 τῶν

319 3701 447 3754 καθ’
480 3701 624 3770 ὑμᾶς
658 3700 835 3768 μονῶν
888 3698 1259 3760 ἀπολυθέντας
1281 3699 1430 3769 τρεῖς
1475 3696 1905 3767 χρυσοὸούλλους

320 3795 517 3862 λόγους
552 3793 701 3863 παρὰ
725 3793 825 3862 τῆς
853 3792 1014 3860 ἁγίας
1043 3792 1255 3844 ἐκείνου
1283 3790 1556 3860 βασιλείας
1586 3790 1902 3859 διορίζεται,

322 3887 425 3940 καλ⁸
465 3887 557 3939 ἐπὶ
587 3886 687 3956 τῆς
714 3885 886 3954 αὐτῆς
927 3884 1352 3953 ἀμετακινήτως
1381 3883 1564 3953 μένειν
1592 3882 1900 3951 δυνάμεως,

327 3978 418 4046 ἐφ’
444 3973 511 4047 ἧς
534 3979 673 4031 κατὰ
698 3978 799 4048 τὴν
829 3976 1004 4047 ἀρχὴν
1027 3975 1378 4046 ἐξετέθησαν,
1413 3975 1506 4026 καὶ
1548 3974 1620 4025 τὰ
1676 3973 1901 4026 ἀκολού-

323 4074 438 4134 θως
476 4071 531 4122 δὲ
562 4069 772 4132 τούτοις
802 4070 1084 4139 προῦάντα
1108 4069 1208 4136 τῆς
1243 4066 1595 4137 παραδόσεως
1624 4064 1905 4135 πρακτικὰ

321 4167 385 4217 τὸ
417 4162 656 4234 ἀσφαλὲς
679 4162 1074 4232 ἀποφέρεσθαι,
1097 4162 1201 4214 κᾶν
1232 4160 1369 4231 μετὰ
1391 4159 1592 4211 διετίαν
1622 4157 1902 4227 γεγόνασι,

324 4258 432 4311 κᾶν
460 4259 590 4319 ἴσως
617 4256 739 4309 τινὰ
781 4255 987 4308 τούτων
1063 4256 1175 4318 τοῖς
1231 4255 1558 4324 προσφόροις
1624 4251 1904 4324 σεκρέτοις

328 4347 801 4420 καταστρωθῆναι
828 4348 929 4399 οὐκ
956 4345 1226 4414 ἔφθασαν,
1257 4343 1367 4397 τῶν
1399 4345 1478 4406 είς
1534 4344 1833 4413 ἑρμηνείαν
1869 4342 1902 4411 ἢ

327 4441 647 4513 ἀνατροπὴν
670 4442 768 4509 τῆς
793 4440 900 4492 τῶν
926 4436 1341 4510 χρυσοϐούλλων
1368 4436 1650 4506 δυνάμεως
1673 4433 1904 4505 μερικὴν

331 4539 365 4608 ἢ
402 4535 634 4590 καθόλου
659 4532 1041 4588 ἀπολυθέντων
1094 4529 1368 4583 παντοίων
1442 4526 1903 4601 προσταγμάτων,

327 4630 442 4681 τῶν
471 4628 568 4680 καὶ
602 4628 658 4678 ἑν
684 4624 988 4692 ὑπομνήσει
1023 4621 1181 4691 ἡμῶν
1210 4621 1577 4691 δηλουμένων,
1615 4620 1722 4671 κᾶν
1760 4620 1906 4680 ὅπως

329 4722 442 4789 ἄρα
476 4719 572 4771 καὶ
594 4714 967 4783 ἀπελύθησαν,
1006 4715 1067 4765 τὸ
1115 4712 1402 4782 ἄπρακτον
1462 4711 1556 4763 καὶ
1613 4709 1906 4779 ἁνίσχυρον

329 4809 759 4880 αποφερομένων
784 4807 871 4860 διὰ
896 4807 998 4875 ’τῆς
1026 4804 1308 4875 παρούσης
1338 4801 1563 4865 λύσεως,
1594 4804 1686 4853 καὶ
1720 4800 1908 4869 ὥσπερ

332 4905 384 4955 εἰ
420 4903 555 4972 μηδὲ
586 4902 719 4962 ὅλως
740 4899 1017 4967 γεγόνασι
1071 4896 1463 4966 λογιζομένων.
1540 4894 1809 4965 Ἀργὴσει
1853 4892 1910 4942 δὲ

333 4996 431 5047 καὶ
461 4995 496 5063 ἡ
535 4994 698 5062 μέχρι
729 4991 823 5045 τοῦ
864 4991 959 5043 νῦν
993 4988 1459 5057 ἐπεισκωμάσασα
1511 4988 1623 5047 τοίς
1674 4983 1779 5035 ὑπὸ
1809 4981 1909 5044 τὰς

333 5083 463 5138 καθ’
498 5084 640 5155 ὑμᾶς
676 5082 1173 5152 μονὰςὰκινήτοις,
1237 5081 1351 5141 τοῖς
1427 5078 1567 5130 κατὰ
1653 5077 1716 5127 τὸ
1768 5073 1909 5142 θέμα

334 5175 583 5247 Θρᾳκίας
610 5175 705 5227 καὶ
744 5173 1081 5236 Μακεδονίας
1140 5172 1532 5237 διακειμένοις,
1616 5166 1911 5237 ἀπαίτησις

332 5271 439 5338 τῆς
467 5286 524 5321 τε
566 5268 931 5339 πραιτορικῆς
995 5270 1087 5320 καὶ
1140 5266 1520 5333 κατεπανικῆς
1580 5264 1757 5335 γύρας
1816 5262 1911 5315 καὶ

332 5362 552 5432 χρείας,
587 5363 619 5432 ἢ
656 5362 753 5414 καὶ
778 5361 872 5414 τοῦ
905 5361 1203 5414 στυππείου
1238 5360 1330 5412 καὶ
1390 5359 1686 5425 ἁξουγγίου
1716 5355 1912 5422 ἐξωνη-

336 5474 426 5519 σις
453 5456 485 5526 ἢ
514 5456 834 5525 ἀπαίτησις,
862 5455 937 5518 ὡς
967 5455 1055 5507 διὰ
1082 5455 1183 5524 τῆς
1219 5452 1503 5523 παρούσης
1551 5452 1762 5514 λύσεως
1830 5452 1915 5501 ἐκ·

335 5548 679 5615 κοπτόμεναι
702 5549 795 5600 καὶ
823 5545 1300 5619 ριξοτομούμεναι,
1333 5545 1431 5597 καὶ
1454 5547 1533 5601 si‘;
1566 5542 1913 5613 ἀνύπαρκτον

331 5642 438 5696 καὶ
475 5641 845 5708 ἁνονόμαστον
872 5638 1405 5705 ἀποκαθιστάμεναι,
1437 5636 1547 5687 τῶν
1598 5635 1915 5705 πραιτόρων

333 5734 435 5789 καὶ
466 5732 794 5801 πρακτόρων
820 5731 918 5783 καὶ
949 5730 1291 5795 κατεπάνων,
1324 5729 1425 5780 καῖ
1442 5728 1549 5780 τῶν
1577 5727 1674 5797 τὴν
1720 5727 1916 5799 ἐξωνη-

334 5839 434 5879 σιν
450 5824 485 5894 ἢ
502 5812 798 5892 ἀπαίτησιν
812 5823 903 5874 τοῦ
928 5826 1226 5875 στυππείΟυ
1245 5818 1443 5871 καὶτοῦ
1458 5819 1745 5887 ἁξουγγίου
1774 5821 1915 5872 κατὰ

332 5915 571 5984 καιροὺς
597 5910 955 5977 ποιουμένων,
975 5912 1068 5966 καὶ
1084 5911 1191 5964 τῶν
1216 5904 1685 5977 έξυπηρετούντων
1708 5908 1914 5976 αὐτοῖς,

1926 3282 1968 3339 C

1997 2046 2166 2098 super
2204 2036 2663 2091 monasteriorum
2696 2039 3143 2102 commonitione,
3195 2055 3316 2109 quae
3348 2053 3567 2094 omnem

1998 2140 2153 2180 usum
2185 2128 2569 2195 praetorianum
2622 2141 2678 2183 et
2728 2132 3108 2200 catepanicum
3160 2133 3452 2195 exscindit,
3513 2142 3571 2187 ct

1996 2218 2207 2284 statuit,
2246 2229 2305 2274 ut
2335 2222 2611 2290 praedictae
2661 2219 2831 2277 Bulla:
2861 2224 3053 2277 Aureae
3103 2225 3210 2277 vim
3258 2239 3413 2278 suam
3453 2239 3547 2279 sor

1998 2310 2205 2363 tiautur
2234 2310 2302 2366 de
2334 2326 2440 2365 non
2475 2313 2853 2383 deseribendis
2879 2315 3338 2369 monasteriorum
3369 2317 3568 2371 immo-

1996 2400 2223 2466 biltbus;
2256 2417 2375 2471 qua}
2400 2404 2465 2457 ad
2500 2403 2724 2458 verbum
2758 2406 2840 2460 sic
2867 2421 2926 2460 se
2968 2407 3131 2461 habet
3161 2423 3177 2460 :

2070 2492 2328 2564 Majestas
2358 2511 2476 2550 mea
2508 2506 2814 2552 vestrarum
2861 2514 3083 2568 precum
3131 2500 3449 2570 adjutneuto
3487 2502 3572 2556 itt-

1998 2586 2208 2658 digeus,
2248 2596 2303 2642 et
2350 2588 2521 2643 beata:
2550 2592 2829 2646 memoriae
2877 2592 3225 2661 imperatoris
3268 2595 3473 2649 domini
3508 2610 3576 2651 ac

2000 2679 2120 2748 ejus
2156 2679 2325 2747 patris
2360 2679 2603 2749 vestigiis
2634 2680 2686 2734 in
2742 2682 2998 2738 omnibus
3049 2682 3298 2739 insistere
3343 2686 3572 2740 volens:

1999 2770 2117 2839 ejus
2151 2787 2368 2839 quoque
2401 2772 2454 2825 in
2491 2789 2605 2839 vos,
2646 2770 2741 2843 qui
2777 2774 2887 2829 Deo
2934 2774 3169 2829 dedicati
3198 2776 3332 2831 estis
3363 2777 3575 2832 benefi-

1999 2863 2232 2915 centiam
2268 2863 2463 2918 imitari
2493 2866 2795 2921 constituit.
2826 2867 2883 2920 Id
2909 2878 2965 2920 et
2995 2885 3090 2936 per
3131 2870 3274 2923 hanc
3310 2887 3472 2924 unam
3515 2871 3572 2926 in

2001 2971 2097 3010 vos
2135 2956 2569 3025 beneficentiam,
2600 2970 2653 3014 et
2688 2959 2817 3023 Deo,
2848 2963 2939 3031 qui
2976 2964 3153 3033 ipsum
3187 2967 3570 3034 imperatorem

2003 3046 2152 3110 fei:it,
2195 3048 2595 3117 gratificantur,
2626 3060 2684 3107 et
2722 3054 2926 3107 domini
2970 3064 3025 3109 et
3053 3057 3228 3124 patris
3269 3058 3572 3126 majestatis

2002 3158 2136 3199 mete
2165 3144 2361 3197 animae
2391 3144 2581 3209 beatae,
2617 3156 2672 3199 et
2698 3157 2899 3203 nostra:
2929 3151 3187 3217 p0tentia:
3217 3151 3495 3220 profectus
3518 3151 3574 3207 iu

2003 3230 2201 3285 bonum
2222 3230 2386 3302 308
2402 3231 2555 3287 basin
2574 3250 2637 3289 ac
2664 3235 3075 3292 fundamentum
3093 3239 3271 3309 ponit;
3300 3253 3355 3295 et
3384 3250 3581 3297 vestra:

2005 3323 2251 3393 petitioni
2276 3340 2333 3379 se
2358 3325 2656 3393 inclinans,
2682 3337 2741 3381 ut
2764 3329 2869 3382 vim
2894 3346 3048 3385 suam
3077 3332 3335 3399 habeant,
3362 3335 3580 3404 sintque

2004 3415 2227 3470 stabiles
2257 3458 2272 3482 ,
2312 3416 2479 3473 firma:
2508 3435 2572 3474 ae
2606 3419 2933 3489 immobiles,
2970 3440 3092 3493 qua:
3127 3424 3194 3480 de
3228 3427 3427 3483 vestris
3468 3443 3582 3484 mo-

2008 3510 2369 3583 nasteriorum
2422 3512 2700 3566 beneﬁciis
2746 3515 2939 3568 Aurea:
2980 3524 3093 3570 tres
3143 3515 3310 3572 Bulla:
3358 3521 3579 3578 emissa;

2007 3609 2137 3654 sunt
2185 3615 2214 3653 a
2260 3610 2449 3655 sancta
2486 3603 2631 3658 illius
2683 3603 2990 3672 majestate,
3030 3606 3377 3672 decernit,ct
3431 3598 3577 3665 utin

2006 3691 2193 3744 eodem
2231 3691 2433 3746 robore
2488 3692 2843 3748 imtnobiliter
2876 3708 3255 3764 permaneant,
3301 3700 3354 3753 in
3403 3716 3513 3770 quo
3545 3715 3578 3755 a

2008 3782 2280 3853 principio
2306 3787 2570 3854 expositae
2618 3795 2766 3853 sunt,
2807 3798 2861 3842 et
2894 3804 3015 3859 quae
3057 3789 3124 3846 iis
3177 3802 3582 3864 consequenter

2006 3883 2396 3944 processerunt
2426 3877 2737 3931 traditionis
2767 3888 2889 3932 acta
2922 3882 3272 3937 securitatem
3311 3886 3578 3953 referant,

2005 3968 2222 4021 etiamsi
2255 3979 2376 4039 post
2407 3968 2682 4023 biennium
2721 3969 2861 4025 facta
2890 3973 3095 4028 fuerint
3127 3992 3142 4041 ;
3177 3977 3305 4031 licet
3343 3978 3581 4035 fortasse

2006 4061 2254 4127 quzedam
2305 4077 2491 4113 eorum
2541 4062 2595 4115 in
2641 4064 3095 4120 convenientibus
3146 4071 3377 4124 secretis
3424 4073 3579 4141 prius

2011 4149 2183 4217 posita
2219 4166 2326 4203 non
2356 4150 2507 4204 fuere
2534 4169 2546 4202 :
2576 4152 2663 4215 iis,
2696 4169 2818 4222 qua:
2854 4158 2918 4209 ad
2952 4155 3455 4228 interpretationem
3491 4165 3580 4218 vel

2008 4242 2419 4294 subversionem
2442 4242 2717 4296 Bullarutn
2739 4247 3039 4300 Aurcarum
3066 4251 3317 4317 potentiae
3340 4253 3585 4321 particu-

2008 4333 2176 4387 larem
2205 4334 2285 4387 vel
2316 4336 2621 4404 generalem
2653 4336 2813 4392 edita:
2842 4351 2988 4402 sunt,
3016 4343 3347 4397 omnimodis
3372 4346 3585 4413 jussio-

2010 4422 2196 4483 nibus.
2258 4442 2380 4494 qua:
2421 4425 2474 4479 in
2528 4428 2732 4481 nostris
2791 4432 3156 4485 monumentis
3208 4432 3579 4497 declarantur.

2011 4518 2509 4587 quomodocnnque
2561 4516 2777 4573 emissa:
2826 4518 3053 4585 fuerint,
3109 4516 3203 4592 per
3258 4528 3581 4593 praesentem

1934 4637 1985 4693 ο
2017 4609 2401 4662 resolutionem
2452 4610 2739 4666 inutilibus
2795 4612 3159 4683 invalidisque
3212 4616 3479 4681 redditis,
3529 4626 3583 4672 et

2014 4700 2237 4765 perinde
2286 4714 2350 4752 ac
2396 4700 2438 4754 si
2469 4716 2533 4753 ne
2563 4711 2745 4756 essent
2778 4703 2993 4771 quidem
3019 4706 3265 4769 omnino,
3296 4709 3580 4775 reputatis.

2011 4790 2259 4843 Ccssabit
2290 4802 2471 4843 autem
2494 4832 2509 4855 ,
2540 4802 2594 4844 et
2625 4809 2746 4860 qum
2772 4792 3060 4864 hucuSque
3090 4798 3285 4851 vestris
3316 4809 3588 4853 monaste-

2015 4881 2219 4933 riorum
2263 4882 2632 4937 immobilibus
2670 4883 2723 4937 in
2754 4884 2986 4939 Thracia
3014 4898 3067 4939 et
3114 4880 3426 4941 Macedonia
3465 4890 3587 4945 sitis

2020 4973 2310 5027 insultavit
2341 4976 2665 5042 praeterit-an
2694 4984 2748 5029 et
2776 4976 3104 5045 catepan'ica:
3132 4977 3509 5034 circulationis
3534 4972 3589 5035 et

2015 5064 2310 5119 functionis
2345 5068 2579 5130 exactio,
2620 5078 2935 5136 stuppzeque
2982 5078 3036 5122 et
3078 5072 3327 5139 axungia:
3379 5074 3587 5142 emptio

2014 5154 2097 5207 vel
2128 5157 2364 5219 exactio,
2400 5165 2655 5225 tanquam
2710 5173 2805 5226 per
2853 5162 2993 5211 hanc
3040 5170 3362 5228 praesentem
3398 5178 3587 5217 exem-

2014 5248 2253 5316 ptionem
2286 5250 2512 5302 exscisaa
2552 5258 2607 5301 et
2640 5250 2908 5306 radicitus
2937 5255 3284 5323 exstirpatae,
3316 5266 3370 5309 et
3404 5272 3469 5309 eo
3499 5271 3587 5309 re-

2015 5344 2187 5394 dacta:
2208 5382 2223 5405 ,
2254 5352 2310 5393 ut
2338 5356 2440 5394 nec
2473 5341 2709 5408 amplius
2759 5343 2868 5397 sint
2908 5361 3005 5399 nee
3038 5348 3423 5416 nominentur;
3453 5365 3587 5418 pm-

2016 5435 2229 5489 toribus
2259 5444 2311 5488 et
2337 5434 2685 5488 exactoribus
2717 5434 3091 5492 subordinatis
3119 5448 3172 5492 et
3195 5440 3487 5508 supremis,
3535 5448 3592 5493 et

2017 5531 2086 5583 iis
2127 5527 2219 5596 qui
2252 5536 2461 5596 stuppa:
2496 5536 2550 5581 et
2575 5530 2825 5596 axungiae
2870 5531 3208 5602 emptionem
3238 5532 3319 5586 vel
3350 5533 3592 5587 exactio-

2020 5638 2139 5678 nem
2184 5621 2341 5676 statis
2392 5622 2727 5690 tempuribus
2778 5632 3056 5685 exercent,
3094 5624 3275 5692 iisque
3328 5626 3423 5694 qui
3477 5626 3588 5681 illis

2020 5718 2356 5779 ministrant,
2396 5715 2474 5768 sic
2503 5715 2771 5784 ejusmodi
2804 5716 3105 5770 itmnobilia
3163 5726 3587 5785 prmtereurrere

2019 5808 2364 5873 debentibus,
2406 5816 2575 5871 utea,
2609 5807 2749 5859 unde
2777 5804 2943 5861 fiscus
2980 5804 3114 5859 nihil
3157 5806 3346 5877 exigit,
3392 5808 3443 5862 in
3474 5824 3596 5862 om-

2024 5907 2183 5963 nibus
2212 5919 2333 5975 qua:
2369 5903 2467 5956 hoc
2499 5900 2661 5955 modo
2707 5901 2926 5955 decreta
2974 5908 3101 5953 sunt
3147 5898 3275 5970 ipsi,
3324 5902 3392 5957 ab
3433 5901 3592 5958 initio
