3972 6488
440 396 545 459 943

1680 384 1958 447 THEOD.
2016 377 2416 441 BALSAMON

3558 350 3658 445 ἰιι

443 512 690 570 hodierni
722 508 827 565 diei
869 504 1100 577 repetito
1131 502 1328 558 diurno
1358 511 1412 556 et
1455 498 1713 569 deinceps
1758 499 1811 552 in
1846 509 2010 551 omne

2120 490 2263 543 οὕτω
2292 488 2661 561 παρατρέχειν
2681 489 2772 543 ἆτε
2804 489 2898 543 καὶ
2912 488 3089 543 αὐτῶν
3114 489 3534 560 ἁκαταζητήτων
3553 494 3665 561 μελ-

440 623 505 663 ac
542 613 857 677 perpetuum
890 610 1125 669 tempus,
1165 603 1221 651 et
1263 594 1381 648 sine
1408 593 1841 647 contradictione
1910 603 2009 641 su-

442 676 769 763 spiciuntur.
795 698 849 743 et
901 701 998 757 pro
1046 700 1151 739 non
1188 683 1477 751 descriptis
1504 683 1555 735 in
1597 680 1828 751 publicis
1873 676 2011 730 actis

442 790 733 843 habentur.
768 782 919 835 Licet
951 789 1130 833 autem
1164 793 1271 831 non
1307 775 1584 844 descripta
1614 773 1721 827 sint
1754 773 1808 826 in
1842 770 2006 833 actis,

439 883 546 935 alio
582 889 756 932 tamen
794 874 1026 945 quodam
1079 871 1240 949 modo
1292 869 1476 939 agnita
1520 877 1687 931 sunt;
1724 878 1777 920 et
1808 864 1887 920 sic
1926 878 2012 917 re-

439 982 618 1042 cepta,
658 969 705 1027 si
744 969 867 1037 quis
926 972 1185 1035 praeterea
1241 977 1363 1031 quae
1414 959 1706 1013 Constituta
1762 965 1888 1011 sunt
1925 956 2009 1011 his

438 1064 637 1120 Anreis
663 1059 832 1113 Bullis
877 1068 929 1111 et
985 1053 1238 1125 praesenti
1290 1051 1595 1120 maiestatis
1639 1063 1771 1102 mea:
1824 1062 2008 1100 exem-

441 1158 647 1225 ptione,
686 1152 848 1206 literit
899 1164 1067 1202 ausus
1121 1146 1322 1214 aliquid
1373 1142 1594 1211 exsequi
1624 1141 1676 1193 in
1726 1138 2009 1208 quibusvis

438 1244 885 1319 possessionibus
918 1237 1290 1291 immobilibus
1312 1241 1616 1287 vestrorqu
1652 1230 2010 1283 monasterio-

439 1356 582 1401 rum,
637 1348 991 1406 praeterquam
1033 1328 1177 1400 quod
1214 1328 1354 1381 laesa:
1406 1324 1703 1394 majestatis
1739 1323 2008 1375 tenebitur

439 1446 566 1483 reus
604 1430 764 1494 (sicut
796 1425 881 1478 his
909 1424 1101 1475 Aureis
1131 1418 1296 1472 Bullis
1324 1417 1603 1493 definitum
1642 1416 1746 1482 est)
1773 1414 1840 1466 ab
1867 1415 2007 1466 emi-

438 1522 761 1577 neutissituo
797 1529 1013 1586 quoque
1060 1529 1156 1582 pro
1217 1521 1460 1578 tempore
1510 1507 1739 1577 mystico
1792 1506 2000 1558 illatum

438 1616 674 1684 cuipiam
716 1621 1018 1666 vestrarum
1052 1603 1460 1675 possessionum
1492 1600 1751 1653 damnum
1803 1598 2009 1654 sarcire

439 1702 1169 1779 compelleturJlouasteriis
1192 1712 1409 1768 quoque
1439 1694 1714 1757 omnibus,
1741 1702 2006 1762 quantum

440 1804 491 1857 in
528 1802 663 1871 ipsis
694 1805 797 1863 est,
831 1810 976 1849 cura:
1003 1794 1126 1856 erit,
1170 1800 1277 1844 tam
1312 1790 1377 1843 iis
1414 1802 1536 1857 quae
1571 1793 1698 1839 sunt
1736 1786 1877 1838 intra
1910 1799 2006 1837 ur-

2117 584 2320 637 λόντων
2338 582 2708 653 διατηρεῖσθαι
2732 582 2838 634 ἀπὸ
2866 581 2957 635 τοῦ
2989 581 3271 651 δημοσίου,
3302 582 3397 635 ἐπὶ
3424 582 3666 646 πᾶσιτοῖς

2118 675 2547 745 τοιουτοτρόπως
2578 675 3000 741 ἐπιγνωσθεῖσιν
3032 673 3183 741 αύτῷ
3238 674 3330 727 ἀπ’
3362 672 3531 741 ἀρχῆς
3577 673 3666 741 τῆς

2119 770 2360 838 σήμερον
2393 767 2809 837 ἀπαιτουμένης
2838 765 3140 835 ἐγχρονίας,
3174 765 3268 817 καὶ
3296 765 3376 826 είς
3406 766 3524 826 τοὺς
3558 765 3668 833 ἑξῆς

2118 862 2365 924 ἅπαντας
2396 863 2488 913 καὶ
2519 860 2788 931 διηνεκεῖς
2817 859 3043 929 χρόνους
3073 858 3385 928 δεχομένοις
3435 857 3669 927 ἀναντιρ-

2118 952 2319 1022 ρήτως,
2357 954 2450 1004 καὶ
2480 951 2555 1013 ὡς
2599 951 2733 1021 μηδὲ
2816 952 2874 1003 ὲν
2960 951 3313 1019 δημοσιακοῖς
3368 951 3669 1016 πρακτικοῖς

2117 1046 2513 1113 καταγραφεῖσι
2542 1041 2912 1112 λογιζομένοις
2946 1057 2960 1071 ·
2994 1040 3095 1094 κᾶν
3125 1042 3199 1111 μὴ
3259 1039 3671 1109 κατεγράφησαν

2116 1134 2171 1186 δὲ
2206 1136 2265 1187 ὲν
2291 1137 2634 1206 πρακτικοῖς,
2666 1136 2840 1196 ἄλλως
2878 1134 2932 1187 δέ
2972 1150 3089 1195 πως
3114 1132 3463 1201 ἐγνώσθησαν
3496 1148 3508 1161 ·
3536 1131 3671 1200 δεχο-

2120 1225 2299 1295 μένοις
2337 1229 2430 1278 καὶ
2460 1225 2621 1293 οὕτω,
2674 1226 2767 1278 τοῦ
2829 1226 3329 1297 κατατολμήσοντος
3392 1223 3571 1292 ἕτερόν
3625 1240 3670 1275 τι

2116 1323 2267 1393 παρὰ
2293 1324 2625 1392 διωρισμένα
2656 1326 2765 1386 τοῖς
2792 1324 3049 1384 τοιούτοις
3110 1319 3540 1392 χροσιϐούὶλοις.
3591 1319 3674 1369 καὶ

2116 1419 2182 1487 τῇ
2214 1417 2463 1487 παρούσῃ
2495 1416 2645 1469 λύσει
2671 1420 2768 1486 τῆς
2800 1417 3075 1486 βασιλείας
3112 1434 3237 1485 μου,
3272 1414 3364 1466 ἐπὶ
3419 1414 3535 1473 ταῖς
3582 1412 3673 1462 ύπὸ

2117 1509 2214 1572 τὰς
2245 1510 2366 1561 καθ’
2403 1510 2546 1585 sua;
2583 1511 2751 1580 μονὰς
2801 1509 3081 1571 παντοίαις
3134 1509 3414 1577 ἀκινήτοις
3466 1505 3672 1574 κτήσεσι

2118 1602 2549 1671 διαπράξασθαι,
2586 1606 2683 1655 σὺν
2716 1604 2791 1671 τῷ
2823 1603 2917 1655 καὶ
2980 1600 3308 1655 καθοσιώσει
3364 1598 3675 1650 ὑποπίπτειν

2119 1694 2327 1764 (καθὼς
2358 1695 2443 1746 διὰ
2474 1696 2582 1747 τῶν
2615 1695 2871 1747 τοιούτων
2905 1693 3322 1764 χρυσοόούλλων
3378 1687 3674 1759 διωρίσθη.)

2117 1788 2210 1841 καὶ
2245 1787 2398 1859 παρὰ
2425 1788 2518 1840 τοῦ
2539 1789 2682 1841 κατὰ
2710 1791 2806 1859 τὴν
2832 1791 3044 1858 ἡμέραν
3083 1784 3674 1857 μεγαλεπιφανεστάτού

437 1852 583 1954 ὺριιί,
616 1904 773 1960 quam
825 1900 945 1957 qua:
1005 1892 1195 1945 extra,
1238 1882 1339 1936 sub
1380 1877 1627 1933 terminis
1689 1876 1755 1930 iis
1815 1876 2011 1928 Aur-eis

2120 1878 2419 1943 Μυστικοῦ,
2450 1878 3008 1947 καταναγκαζομένου
3048 1879 3125 1939 είς
3154 1876 3252 1946 τὴν
3309 1871 3674 1942 ἐπενεχθεῖσαν

443 1986 607 2039 ΙξυΙΙὶε
637 1978 1051 2050 comprehensis
1091 1970 1437 2041 imperatoris
1462 1966 1647 2039 inclyti
1682 1976 1735 2020 et
1764 1966 1868 2037 piae
1899 1981 2013 2020 tue-

441 2077 654 2140 moriaa,
684 2074 888 2126 domini
924 2085 987 2123 ac
1027 2066 1198 2138 patris
1235 2061 1539 2133 majestatis
1601 2074 1732 2113 mea:
1783 2074 1844 2111 ea
1893 2074 2016 2128 per-

440 2184 623 2240 agere,
649 2180 769 2233 qua:
802 2164 853 2216 in
884 2161 1085 2216 nostris
1117 2154 1525 2213 commentariis
1555 2150 1827 2205 declarata
1862 2159 2011 2215 sunt;

438 2261 543 2316 nisi
584 2258 747 2313 velint
778 2257 867 2309 tali
902 2251 1263 2309 excusatione
1294 2247 1516 2317 privari,
1548 2260 1614 2301 eo
1644 2245 1791 2315 quod
1842 2244 2013 2298 semel

438 2362 649 2409 tantum
679 2366 740 2403 ea
778 2345 1137 2416 neglexerint.

2106 1988 2211 2022 τινι
2244 1971 2352 2024 τῶν
2386 1972 2456 2039 ὑφ
2506 1972 2668 2041 ὑμᾶς’
2718 1972 2963 2042 κτήσεων
2998 1970 3202 2041 βλάϐην
3256 1964 3674 2036 ἀποθεραπεύειν

2109 2065 2274 2135 αὐτῇ.
2310 2065 2553 2135 Μελήσει
2594 2065 2780 2135 μέντοι
2810 2066 2903 2119 καὶ
2934 2064 3011 2133 τῷ
3043 2063 3199 2134 μέρει
3225 2062 3336 2115 τῶν
3375 2058 3554 2131 μονῶν
3583 2074 3673 2109 πα-

2111 2159 2243 2221 σῶν,
2275 2159 2382 2212 τῶν
2411 2176 2470 2210 τε
2498 2160 2647 2222 ἐντὸς
2685 2159 2782 2227 τῆς
2816 2157 3236 2228 μεγαλοπόλεως
3273 2156 3368 2208 καὶ
3403 2153 3553 2215 ἐκτὸς
3584 2150 3676 2203 ὑπὸ

2110 2251 2241 2313 τοὺς
2270 2251 2841 2322 ἐμπεριειλημμένους
2877 2252 3061 2321 μέντοι
3105 2252 3265 2322 ὅρους
3289 2250 3403 2310 τοῖς
3432 2244 3673 2305 τοιούτοις

2115 2342 2539 2413 χρυσοὸούλλοις
2602 2343 3003 2413 διακειμένων,
3067 2342 3160 2395 τού
3223 2343 3280 2393 ἐν
3335 2340 3453 2401 τοίς
3492 2350 3675 2406 μνημο-

440 2451 619 2512 σύνοις
653 2447 746 2501 τοῦ
798 2447 849 2499 Et.
912 2441 1225 2515 βασιλεῦσιν
1251 2438 1524 2507 ξὰοιδίμου
1560 2434 1817 2489 αὐθέντου
1875 2434 1969 2487 καὶ
2020 2436 2227 2506 πατρὸς
2260 2438 2360 2507 τῆς
2388 2438 2664 2507 βασιλείας
2698 2456 2800 2508 μου
2829 2440 3068 2492 ἐκτελεῖν
3098 2439 3194 2490 ὅσα
3215 2440 3273 2490 ἐν
3302 2440 3369 2508 τῇ
3396 2436 3676 2503 ὑπομνήσει

438 2544 589 2617 ὑμῶν
622 2539 961 2599 δεδούλωται,
991 2536 1039 2587 εἰ
1073 2534 1147 2603 μὴ
1177 2530 1456 2599 βούλονται
1482 2528 1582 2598 τῆς
1616 2526 1867 2594 τοιαύτης
1898 2526 2210 2591 ὲξκουσείας
2235 2528 2507 2582 διαπεσεῖν
2560 2532 2621 2583 ὲκ
2684 2529 2777 2583 τοῦ
2807 2530 2952 2595 ἅπαξ
3000 2529 3204 2581 τούτων
3264 2528 3649 2597 καταμελῆσαι.

510 2640 616 2697 Sed
645 2651 696 2693 et
728 2624 1084 2692 sanctiﬁima:
1138 2630 1247 2683 Deo
1296 2628 1506 2698 Magnae
1542 2624 1787 2679 ecclesia:
1834 2626 2013 2675 Aurea

438 2736 591 2791 Bulla
619 2733 741 2784 data
772 2737 854 2784 est
885 2722 1121 2797 potentis
1153 2722 1323 2776 nostri
1355 2718 1726 2788 imperatoris,
1752 2733 1870 2786 qua:
1900 2715 2014 2768 haac

438 2830 504 2884 ad
538 2825 760 2880 verbum
797 2819 1059 2874 continet:

512 2917 575 2973 Et
603 2918 674 2971 illi
706 2914 919 2985 quidem
961 2911 1186 2977 antiquo
1217 2914 1269 2962 et
1310 2905 1507 2960 celebri
1557 2906 1869 2959 Solomonis
1917 2920 2010 2959 sa-

443 3009 657 3083 pientia:
713 3005 910 3072 templo
945 3018 1042 3069 pro
1092 2999 1298 3053 \iribus
1344 2997 1643 3051 olTercbant
1687 3012 1924 3051 omnes:
1963 3003 2017 3049 ct

446 3103 573 3158 huic
602 3116 819 3170 quoque
852 3110 1007 3149 sacro
1028 3101 1079 3146 et
1113 3092 1350 3144 niaximo
1380 3091 1603 3158 templo,
1632 3090 1775 3158 quod
1808 3099 1889 3143 est
1915 3090 2015 3141 sui.

446 3198 663 3250 nomine
708 3191 796 3243 Dei
830 3186 1126 3254 sapientim,
1153 3186 1245 3253 qui
1284 3200 1347 3235 cx
1392 3181 1683 3235 Solomone
1719 3190 1771 3235 ct
1812 3182 2015 3235 Davidc

445 3284 744 3343 secundum
798 3279 1192 3333 humanitatem
1253 3276 1574 3337 derivatur,
1628 3274 1915 3341 magniﬁce
1962 3284 2015 3326 et

444 3378 697 3448 regaliter
732 3384 1032 3435 eXsttltclo,
1059 3370 1213 3438 cuius
1242 3368 1371 3420 illud
1401 3366 1708 3420 Solomonis
1738 3377 1852 3419 erat
1886 3381 2018 3435 pra:-

441 3471 710 3541 ﬁburatio,
739 3484 908 3529 noue,
940 3468 1181 3533 inquam,
1203 3462 1353 3521 Sion,
1380 3477 1518 3513 arca:
1543 3460 2012 3522 sanctiﬁcationis,

444 3564 753 3619 Servatoris
784 3557 956 3612 nostri
988 3556 1262 3618 Ecclesiw,
1297 3570 1456 3621 quam
1492 3570 1653 3621 super
1683 3552 2015 3620 apostolico-

442 3672 562 3711 rum
600 3656 982 3705 mandatorum
1018 3658 1224 3718 petram
1261 3662 1451 3699 revera
1507 3646 1757 3699 stabilem
1807 3655 1859 3697 et
1916 3644 2018 3696 int-

441 3748 698 3802 mobilem
736 3740 972 3811 Spiritus
1003 3749 1227 3794 5anctus
1254 3738 1563 3800 aedificavit,
1596 3738 1750 3789 multi
1799 3737 2013 3790 diversa

444 3853 670 3893 munera
705 3835 1042 3896 obtulerunt,
1072 3847 1193 3902 qua:
1227 3833 1278 3884 in
1308 3830 1678 3885 immobilibus
1705 3830 2015 3898 possessio-

443 3930 605 3986 nibus
641 3936 955 3995 spectautur
990 3924 1055 3976 ad
1094 3926 1357 3978 orientem
1394 3932 1447 3977 et
1493 3925 1831 3976 occidentem
1868 3921 2015 3985 sitis,

442 4029 499 4077 et
536 4024 589 4074 in
626 4020 900 4088 aliquibus
935 4017 1154 4071 insulis.
1180 4014 1436 4080 Quaedam
1469 4025 1523 4067 et
1560 4029 1652 4081 per
1682 4014 2012 4082 emptionem

445 4112 515 4165 ab
539 4126 603 4165 eo
639 4120 766 4164 sunt
797 4107 1080 4177 requisita.
1117 4104 1319 4158 Horum
1348 4106 1515 4156 multa
1560 4106 1650 4174 (ne
1680 4102 1857 4157 dic..m
1894 4105 2015 4173 plu-

444 4205 607 4274 rima)
641 4201 877 4256 diversis
928 4216 992 4254 ex
1042 4200 1225 4253 causis
1255 4184 1319 4251 ad
1357 4198 1545 4251 iiscum
1589 4198 1856 4267 pertinere
1888 4214 2017 4253 cen-

445 4296 709 4352 sebantur
742 4294 810 4346 ab
845 4292 933 4355 iis,
986 4294 1077 4352 qui
1116 4288 1317 4355 ubique
1359 4296 1489 4341 sunt
1516 4331 1528 4348 ,
1566 4289 1767 4357 publici
1811 4304 2015 4342 census

442 4387 874 4456 descriptoribus
905 4384 1138 4452 aliisque
1180 4382 1235 4434 in
1267 4381 1538 4450 ejusmodi
1589 4396 1751 4435 renus
1802 4383 2014 4435 exerci-

444 4475 775 4547 tatis.309
797 4475 1063 4541 Quoniam
1095 4482 1275 4527 autem
1314 4472 1417 4526 hoc
1451 4473 1519 4526 ad
1552 4474 1855 4541 majestalis
1885 4488 2017 4525 meae

2200 2624 2360 2679 Ἀλλὰ
2394 2627 2485 2679 καὶ
2519 2629 2582 2697 τῇ
2612 2628 2894 2699 ἁγιωτάτῃ
2922 2625 3013 2679 τοῦ
3042 2626 3179 2679 Θεοῦ
3210 2625 3441 2694 Μεγάλῃ
3504 2622 3679 2693 ἐκκλη-

2118 2717 2210 2788 σία
2242 2719 2529 2789 ἐπωρέχοη
2560 2720 2960 2789 χρυσόϐούλλον
2991 2720 3084 2785 τοῦ
3117 2719 3384 2789 κραταιοῦ
3410 2717 3561 2786 ἡμῶν
3594 2716 3677 2786 βε·

2120 2812 2337 2877 σιλέως,
2366 2814 2539 2865 ταῦτα
2570 2814 2713 2867 κατὰ
2740 2814 2892 2885 ῥῆμα
2928 2813 3302 2883 διαλαμϐάνον
3326 2830 3339 2843 ·

2190 2904 2297 2955 Καὶ
2330 2904 2404 2975 τῷ
2451 2905 2671 2976 παλαιῷ
2718 2907 2819 2974 μὲν
2854 2907 3048 2975 ἐκείνῳ
3095 2907 3192 2959 καὶ
3225 2905 3547 2976 περιπύστῳ
3594 2902 3678 2968 τῆς

2122 2994 2216 3049 τοῦ
2250 2996 2597 3064 Σιλομῶντος
2626 2998 2817 3067 σοφίας
2850 2998 2963 3067 ναῴ
2987 3000 3046 3050 τὸ
3076 3000 3219 3050 κατὰ
3259 3000 3493 3067 δύναμιν
3517 3012 3681 3065 προσ-

2123 3088 2319 3155 ἐφερον
2358 3088 2671 3158 ξύμπαντες
2696 3104 2709 3118 ·
2740 3092 2831 3142 καὶ
2872 3088 2947 3159 τῷ
2983 3089 3113 3159 ἱερῷ
3143 3089 3198 3140 δὲ
3227 3088 3403 3157 τούτῳ
3434 3090 3524 3140 καὶ
3544 3104 3679 3155 παμ-

2127 3180 2365 3250 μεγίστῳ
2417 3183 2633 3250 τεμένει
2664 3183 2740 3248 τῷ
2775 3182 2862 3235 ἐπ’
2906 3184 3129 3252 ὀνόματι
3173 3185 3271 3253 τῆς
3299 3182 3397 3235 τοῦ
3434 3180 3565 3233 Θεοῦ
3599 3179 3680 3230 Σο-

2122 3273 2271 3341 φίας,
2302 3272 2398 3325 τοῦ
2456 3278 2548 3326 καὶ
2599 3277 2662 3327 ἐκ
2720 3276 3067 3345 Σολομῶντος
3104 3278 3455 3344 κατηγμένου
3511 3274 3599 3326 καὶ
3626 3273 3680 3323 ὲκ

2122 3365 2285 3417 Δαόὶδ
2314 3368 2451 3418 κατὰ
2483 3368 2541 3420 τὸ
2572 3367 2935 3436 ἀνθρώπινον,
2967 3368 3265 3436 φιλοτίμως
3291 3367 3450 3429 ὄντας
3488 3366 3678 3432 ἐνιδρυο

2126 3458 2270 3528 μένῳ
2304 3460 2396 3510 καὶ
2418 3461 2494 3525 τῷ
2518 3459 2630 3511 ὄντι
2665 3460 2979 3528 βασιλικῶς,
3012 3456 3071 3514 οὗ
3106 3463 3357 3522 κάκεῖνος
3384 3456 3450 3529 ἦν
3482 3461 3508 3511 ὁ
3541 3458 3680 3509 Σολο-

2118 3549 2387 3619 ’μώντειος
2422 3551 2855 3620 προεκτύπωμα,
2890 3556 2953 3623 τῇ
2996 3554 3092 3622 νέα
3138 3552 3280 3619 λέγω
3314 3552 3474 3612 Σιὼν,
3504 3552 3566 3619 τῇ
3597 3546 3676 3600 τοῦ

2124 3645 2464 3713 ἁγιάσματος
2498 3644 2739 3715 κιϐωτῷ,
2778 3648 2844 3716 τῇ
2878 3645 2971 3697 τοῦ
3001 3646 3250 3713 Σωτῆρος
3279 3646 3437 3713 ήμῶν
3470 3640 3677 3705 Ἐκκλη-

2125 3738 2239 3807 σία,
2267 3738 2334 3805 ἣν
2367 3741 2430 3808 τῇ
2474 3742 2652 3809 πέτρᾳ
2710 3739 3101 3809 ἐπῳκοδόμησε
3152 3738 3259 3793 τῶν
3316 3734 3677 3790 ἁποστολικῶν

2122 3830 2420 3896 διατάξεων
2474 3832 2535 3883 τὸ
2598 3831 2821 3900 Πνεῦμα
2853 3832 2913 3884 τὸ
2966 3832 3121 3899 ἅγιον
3149 3829 3318 3891 ὅντως
3353 3830 3570 3900 ἀρραγῆ
3596 3826 3677 3879 καὶ

2124 3916 2442 3985 ἁκλὸνητον,
2466 3918 2701 3987 διάφορα
2734 3918 2922 3971 πολλώ⁵
2973 3919 3327 3989 προσήγαγον
3349 3918 3675 3987 ἀναθέματα,

2123 4006 2181 4058 ὲν
2216 4008 2493 4077 ἀκινήτοις
2535 4008 2888 4078 θεωρούμενα
2947 4012 3173 4080 κτήσεσι
3230 4010 3375 4063 κατά
3406 4026 3463 4062 τε
3492 4010 3589 4078 τήν
3613 4006 3679 4059 ἔω

2122 4099 2497 4167 διακειμέναις
2521 4101 2616 4153 καί
2645 4101 2779 4169 πρὸς
2808 4100 3039 4169 δυσμὰς,
3064 4101 3200 4154 ἀλλὰ
3220 4102 3283 4171 δή
3312 4104 3405 4155 καὶ
3434 4102 3568 4153 κατὰ
3583 4099 3677 4150 τῶν

2124 4196 2306 4263 νήσων
2335 4194 2514 4257 τινάς.
2552 4196 2673 4247 Εἰσὶ
2722 4195 2768 4248 δ’
2818 4195 2853 4249 ἃ
2889 4195 3190 4267 περιῆλθον
3221 4198 3401 4265 τούτῳ
3451 4196 3542 4249 καὶ
3571 4192 3676 4247 κατ’

2123 4286 2407 4355 ὲξώνησιν.
2447 4286 2668 4340 Τούτων
2714 4288 2885 4341 πολλὰ
2914 4290 3040 4358 (ἵνα
3090 4289 3165 4359 μὴ
3200 4290 3345 4358 λέγω
3395 4288 3462 4343 τὰ
3489 4287 3675 4355 πλείω)

2125 4382 2187 4432 ἐκ
2213 4380 2485 4447 διαφόρων
2514 4381 2856 4449 αίτιαμάτων
2884 4382 2963 4452 τῷ
2989 4382 3233 4453 δημοσίῳ
3258 4382 3675 4454 προσαρμόττειν

2122 4472 2537 4539 διεγινώσκοντο
2596 4474 2749 4541 παρά
2782 4490 2843 4524 τε
2881 4472 2988 4525 τῶν
3024 4475 3390 4542 ἁναγραφέων
3450 4474 3542 4525 καὶ
3580 4470 3675 4522 τῶν

445 4586 606 4626 aures
639 4570 953 4641 frequenter
979 4567 1217 4620 delatum
1241 4574 1325 4619 est
1358 4580 1387 4617 a
1417 4566 1681 4619 relatione
1708 4582 1895 4620 eorum
1923 4568 2013 4634 qui

2125 4565 2296 4617 ἄλλων
2328 4566 2456 4635 περὶ
2481 4565 2652 4617 ταῦτα
2678 4564 2885 4619 δεινῶν.
2932 4564 3083 4617 Ἐπεὶ
3120 4565 3175 4619 δὲ
3210 4570 3327 4628 ταῖς
3360 4568 3541 4625 ἁκοαῖ;
3570 4564 3675 4628 ἐνη-

448 4664 612 4733 itujus
650 4660 833 4729 magni
867 4667 922 4711 ct
958 4658 1098 4711 sacri
1134 4659 1315 4727 templi
1345 4668 1473 4712 sunt
1506 4657 1800 4722 (Bcouomi,
1829 4659 2015 4711 statim

452 4756 587 4810 nihil
619 4763 875 4808 cunctata
912 4750 1174 4819 majestas
1204 4767 1321 4805 mea
1348 4751 1487 4804 hanc
1523 4760 1844 4821 praesentem
1882 4752 2017 4805 deii-

444 4849 707 4903 nitionem
757 4848 937 4897 Aurea
969 4842 1117 4894 Bulla
1168 4844 1433 4895 munitam
1487 4842 1842 4897 sanctissimo
1886 4843 2014 4896 huic

445 4939 646 5007 templo
692 4937 919 5002 elargita
974 4943 1094 4999 est;
1135 4950 1227 5003 per
1276 4950 1440 5003 quam
1492 4936 1541 4989 ei
1580 4951 1713 5004 pure
1762 4935 1933 4989 donat
1966 4945 2020 4988 ct

446 5029 698 5085 concedit
746 5039 934 5082 nostra
971 5028 1144 5095 pietas
1177 5029 1362 5080 munia
1388 5067 1402 5091 ,
1432 5042 1554 5096 qua:
1586 5030 1653 5082 ad
1690 5030 1878 5083 [iscqu
1918 5046 2015 5085 seu

446 5121 723 5194 publicum
757 5119 1245 5189 quomodocunque
1293 5120 1583 5188 pertinent,
1606 5135 1671 5172 ex
1702 5120 1787 5181 iis,
1814 5136 1935 5188 qua:
1966 5124 2019 5174 in

447 5221 657 5271 oriente
690 5223 745 5268 et
780 5214 1062 5266 occidente
1091 5225 1140 5265 et
1168 5213 1221 5264 iu
1259 5214 1513 5266 omnibus
1568 5212 1764 5267 insulis
1799 5215 1867 5267 ab
1912 5215 2019 5268 illis

452 5306 823 5378 possidentur.
865 5303 1283 5357 omnil'ariorum
1320 5305 1681 5359 immobilium
1714 5308 2019 5373 possessio-

450 5400 631 5460 nibus,
668 5405 928 5465 tauquam
981 5395 1183 5447 do‘num
1235 5394 1353 5463 ejus
1402 5404 1456 5447 et
1515 5411 1728 5449 sacram
1780 5398 2018 5465 aliquam

450 5491 806 5555 oblationem,
866 5488 979 5542 sive
1008 5486 1185 5540 coloni
1237 5491 1381 5548 sint,
1421 5487 1536 5541 sive
1578 5500 1744 5551 terra,
1793 5490 2017 5543 arabilis

453 5583 663 5636 scilicet
703 5583 783 5634 vel
820 5580 1105 5651 pratensis,
1152 5579 1234 5632 vel
1265 5583 1481 5632 consita
1518 5580 1740 5641 vilibus,
1772 5581 1853 5635 vel
1884 5581 2015 5635 bor-

452 5675 643 5737 teusis,
671 5673 753 5726 vel
792 5670 1323 5743 cujustuodicuuque
1358 5672 1583 5741 praedia,
1614 5674 1727 5726 sive
1760 5673 2011 5741 inquilini

455 5768 819 5837 negouatores
857 5767 936 5821 vel
975 5767 1240 5831 artilices,
1270 5777 1321 5819 et
1358 5765 1403 5820 si
1433 5775 1615 5819 castra
1651 5768 1701 5819 in
1739 5766 2014 5834 aliquibus

448 5872 637 5913 eorum
672 5870 952 5916 exstructa
988 5860 1101 5919 sint
1126 5898 1141 5927 ,
1175 5859 1255 5916 vel
1302 5856 1501 5928 aliquid
1552 5858 1724 5923 aliud,
1770 5858 1912 5929 quod
1950 5859 2015 5915 ad

2124 4656 2263 4727 λήθη
2298 4657 2398 4725 τῆς
2435 4656 2715 4725 βασιλείας
2742 4674 2843 4725 μου
2880 4656 2942 4721 ἐξ
2974 4658 3253 4727 ἀναφορᾶς
3292 4657 3401 4710 τῶν
3431 4655 3567 4709 κατὰ
3595 4652 3673 4705 τὸν

2126 4750 2382 4818 μέγιστον
2400 4752 2585 4802 τοῦτον
2608 4751 2703 4803 καὶ
2720 4749 2861 4802 θεῖον
2881 4750 3311 4818 οίκονομούντων
3330 4750 3478 4813 ναὸν,
3497 4747 3674 4800 αὐτίκα

2125 4844 2290 4913 μηδὲν
2352 4844 2627 4912 μελλῆσαν
2683 4843 2743 4895 τὸ
2776 4842 3043 4913 ἡμέτερον
3087 4843 3288 4910 κράτος
3325 4843 3415 4895 τὸν
3450 4839 3671 4911 παρόντα

2123 4935 2517 5007 χρυσόόουλλον
2553 4936 2711 5003 λόγον
2742 4934 2819 5005 τῷ
2854 4936 3148 5003 πανσέπτῳ
3178 4934 3352 5007 τούτῳ
3416 4934 3563 5006 σηκῴ
3589 4937 3673 4985 ἑπ-

2124 5027 2443 5099 εὸράεευσε,
2470 5028 2536 5081 δι’
2557 5022 2617 5081 οὗ
2645 5026 2899 5098 καθαρῶς
2923 5027 3070 5097 αὐτῷ
3092 5028 3342 5097 δωρεῖταί
3359 5045 3417 5081 τε
3444 5029 3533 5081 καὶ
3552 5028 3671 5079 duo.

2124 5120 2408 5190 χαρίζεται
2438 5122 2471 5189 ή
2506 5122 2753 5192 ήμετέρα
2804 5121 3053 5174 εὐσέϐεια
3086 5124 3304 5175 ἅπαντα
3329 5124 3397 5175 τὰ
3427 5122 3501 5190 τῷ
3526 5121 3669 5189 δημο-

2125 5212 2225 5281 σίῳ
2258 5212 2616 5281 ὁπωσδήποτε
2648 5212 2975 5283 διαφέροντα
3018 5213 3127 5265 ἀπό
3157 5230 3216 5265 τε
3246 5214 3354 5266 τῶν
3376 5218 3432 5267 έν
3461 5216 3522 5282 τῇ
3558 5214 3670 5264 ἁνα-

2122 5305 2251 5374 τολῇ
2271 5306 2366 5357 καὶ
2390 5307 2455 5374 τῇ
2484 5303 2634 5357 δύσει
2663 5307 2755 5357 καὶ
2788 5308 2903 5368 ταῖς
2922 5306 3071 5368 ὅλαις
3099 5308 3281 5378 νήσοις
3312 5305 3667 5375 κατεχομένων

2126 5396 2254 5464 παρ’
2308 5398 2491 5459 αὐτοῖς
2543 5400 2815 5451 παντοίων
2872 5401 3147 5471 ἀκινήτων
3212 5404 3564 5471 ὲιτικτήσεων,
3602 5395 3665 5454 ὡς

2123 5487 2291 5556 δῶρον
2323 5488 2527 5556 ταύτης
2567 5490 2659 5542 καὶ
2696 5491 2859 5560 ἱερόνδ
2888 5508 2940 5544 τι
2979 5494 3255 5563 ἀνάθημα,
3308 5492 3409 5545 κᾶν
3436 5492 3664 5560 πάροικοι

2124 5574 2247 5644 ὦσι,
2277 5580 2379 5633 κᾶν
2410 5582 2503 5651 γῆ,
2536 5571 2803 5653 ἀρόσίμος
2825 5586 2984 5655 τυχὸν
3018 5588 3051 5659 ἦ
3076 5586 3348 5641 λισαδιαία
3372 5587 3404 5659 ἦ
3427 5585 3659 5653 ὑπαμπε-

2124 5673 2215 5736 λος
2247 5674 2279 5743 ἢ
2311 5673 2677 5744 κηπεύσιμος,
2739 5677 2843 5729 κᾶν
2893 5678 3199 5749 αύτούργια
3246 5679 3542 5748 οίαδήτινα,
3571 5674 3661 5726 κᾶν

2124 5767 2324 5820 ἔνοικοι
2352 5770 2776 5837 πραγματευταὶ
2804 5771 2836 5839 ἢ
2867 5771 3315 5841 ἐργαστηριακοὶ,
3350 5770 3450 5825 κᾶν
3469 5769 3659 5836 κάστρι

2130 5862 2186 5917 ἓν
2218 5876 2327 5913 τισι
2358 5858 2561 5914 τούτων
2583 5859 3031 5933 ᾠκοδομήοησαν,
3061 5865 3166 5919 κᾶν
3188 5863 3373 5935 ἔτερόν
3403 5880 3453 5916 τι
3470 5863 3659 5915 ὁποιον-
