3972 6488
378 366 482 430 945

1426 368 1515 435 IN_
1541 368 1707 429 CAN.
1751 365 1861 426 ΧΠ
1900 365 2103 427 CONC.
2138 364 2247 427 VII
2286 368 2637 432 (ECUMEN.

3517 363 3623 429 946

376 480 643 547 δηποτοῦν
672 479 749 549 τῷ
770 481 1013 553 δημοσίῳ
1031 482 1289 553 διαφέρον
1310 482 1369 534 ἐν
1399 480 1607 542 τούτοις
1630 476 1925 549 ἐφεύρηται

2055 477 2326 544 publicum
2378 481 2564 549 utique
2594 480 2847 549 pertinet,
2881 481 2934 534 in
2985 481 3053 535 iis
3105 480 3387 535 inventum
3432 479 3619 535 fuerit.

388 575 719 644 Ἐπανορθοῖ
758 576 814 629 δὲ
841 578 873 646 ἡ
901 576 1146 643 βασιλεία
1182 594 1282 645 μου
1312 576 1399 629 διὰ
1432 576 1525 628 τοῦ
1564 576 1835 648 παρόντος
1858 574 1948 626 εὐ-

376 665 571 725 σεῦοὖς
612 667 1011 736 χρυσοὸούλλου
1058 667 1220 735 λόγου
1252 668 1346 719 καὶ
1372 668 1471 719 ὅσα
1511 684 1614 719 που
1640 665 1944 736 χωλεύοντα

372 760 725 827 εὑρίσκονται
780 761 874 814 ἐπὶ
906 763 1017 823 τοῖς
1068 760 1331 829 προσοῦσι
1365 764 1428 831 τῇ
1461 760 1815 830 διαληφθείσῃ
1850 759 1944 813 τοῦ

372 851 511 902 θεοῦ
548 851 772 922 Μεγάλῃ
813 852 1079 922 ἐκκλησίᾳ
1134 852 1517 921 δικαιώμασιν,
1560 855 1618 905 ἐν
1651 855 1782 906 πᾶσι
1833 858 1946 917 τοῖς

371 943 637 1005 τοιούτοις
671 945 966 1013 ἀκινήτοις.
994 947 1150 997 ὁποῖα
1189 947 1252 997 iv
1275 947 1368 998 καὶ
1400 941 1521 1007 ὦσι,
1554 946 1649 999 καὶ
1677 947 1855 1000 πάντα
1878 945 1947 999 τὰ

371 1036 647 1104 προσόντα
681 1037 818 1107 αὐτῇ
854 1040 995 1092 κατά
1016 1055 1073 1090 τε
1099 1038 1251 1092 δύσιν
1288 1041 1384 1092 καὶ
1425 1039 1690 1111 ἀνατολὴν
1724 1040 1818 1093 καὶ
1846 1039 1947 1102 τάς

367 1125 501 1190 ὅλας
533 1129 750 1198 νήσους,
783 1129 856 1192 ὡς
890 1128 983 1182 νῦν
1016 1129 1167 1200 παρὰ
1187 1132 1288 1197 τῆς
1313 1130 1590 1201 βασιλείας
1616 1148 1716 1199 μου
1742 1129 1949 1199 δωρού-

369 1234 513 1283 μενα
572 1220 667 1270 καὶ
715 1220 1124 1288 παραδιδόμενα
1171 1218 1344 1289 ’ταύτῃ
1371 1217 1682 1287 λογίζεσθαι
1734 1218 1823 1270 διὰ
1847 1218 1946 1287 τῆς

366 1310 654 1381 παρούσης
684 1310 944 1373 εὐσεϐοῦς
969 1312 1367 1381 χρυσοσούλλου
1395 1312 1677 1380 γραφῆςλή
1713 1309 1946 1377 γαληνό-

364 1421 470 1467 της
497 1404 659 1472 ἡμῶν
694 1403 943 1467 θεσπίζει
994 1406 1087 1457 καὶ
1144 1404 1459 1475 διορίζεται.
1513 1404 1613 1457 Διὰ
1647 1406 1756 1473 γὰρ
1789 1403 1944 1456 τοῦτο

362 1496 465 1547 καὶ
513 1497 908 1565 περιορισμοὺς
964 1496 1233 1566 προϐῆναι
1283 1495 1643 1565 λεπτομερεῖς
1674 1494 1943 1546 παντοίων

361 1586 644 1655 ἀκινήτων
677 1586 1011 1654 δηλωτικοὺς
1061 1589 1155 1639 καὶ
1190 1586 1300 1638 τῶν
1330 1586 1386 1639 ἐν
1415 1586 1599 1646 αὐτοῖς
1628 1583 1945 1653 προσκαθη-

366 1678 550 1742 μένων
606 1676 890 1747 παροίκων
924 1695 982 1731 τε
1009 1677 1102 1731 καὶ
1133 1678 1379 1742 ἐνοίκων,
1416 1677 1495 1729 ἔτι
1525 1676 1580 1728 δὲ
1626 1676 1720 1728 καὶ
1750 1674 1857 1729 τῶν
1884 1676 1942 1727 ἐν

357 1767 579 1832 τούτοις
612 1770 1018 1841 εὑρισκομένων
1071 1771 1343 1824 παντοίων
1395 1770 1759 1840 αὐτουργίων,
1792 1770 1943 1838 παρὰ

2054 568 2157 624 Per
2193 584 2509 641 praesentem
2556 583 2736 627 autem
2777 573 2916 628 hanc
2964 581 3019 628 et
3064 574 3207 644 piam
3241 572 3615 627 deﬁnitionem

2053 663 2229 717 Aurea
2261 662 2410 717 Bulla
2466 665 2726 718 munitam
2766 666 3025 731 majestas
3062 681 3175 720 mea
3223 666 3450 735 corrigit
3478 681 3630 734 quae—

2054 770 2268 822 cunque
2304 757 2613 813 claudicare
2659 758 3015 833 inveniuntur
3046 759 3098 811 in
3150 758 3242 824 iis,
3293 772 3414 827 quae
3468 757 3626 810 dictae

2054 848 2259 915 Magum
2312 849 2402 903 Dei
2438 849 2702 904 Ecclesiae
2726 850 2950 913 adsunt,
2981 850 3201 919 juribus
3232 866 3295 903 ac
3327 850 3530 912 titulis,
3563 849 3618 901 iu

2054 941 2311 994 omnibus
2375 939 2644 1006 ejusmodi
2700 941 3096 1003 immobilibus,
3155 953 3496 1008 quaecunque
3559 953 3622 990 ca

2055 1031 2295 1098 fuerint;
2354 1040 2406 1086 et
2468 1034 2648 1085 onmia
2714 1048 2836 1102 quae
2899 1032 3006 1084 illis
3039 1031 3259 1095 adsunt,
3308 1031 3364 1084 in
3413 1030 3625 1083 oriente

2053 1133 2105 1177 et
2159 1122 2482 1183 occidente,
2533 1133 2586 1176 et
2641 1123 2697 1177 iu
2761 1123 3018 1177 erunibus
3082 1120 3304 1183 insulis,
3358 1130 3417 1173 ut
3476 1133 3625 1173 nunc

2052 1231 2082 1270 a
2154 1210 2439 1284 majestate
2529 1230 2647 1269 mea
2719 1216 2842 1269 data
2929 1224 2984 1269 et
3051 1215 3099 1268 ei
3176 1228 3440 1267 concessa
3521 1227 3625 1280 pu-

2055 1319 2281 1371 tentur,
2348 1325 2443 1378 per
2520 1310 2622 1363 hoc
2700 1310 2964 1377 scriptum
3045 1324 3286 1376 prmsens
3364 1308 3625 1375 piumque.

2049 1400 2227 1457 Aurea
2249 1403 2397 1456 Bulla
2423 1403 2688 1455 umnitum
2717 1400 2984 1456 serenitas
3016 1409 3199 1454 nostra
3224 1400 3373 1468 jubet
3404 1399 3624 1452 statuit-

2050 1511 2178 1562 que.
2213 1494 2293 1548 01)
2327 1511 2443 1548 eam
2493 1495 2636 1547 enim
2689 1510 2910 1547 causam
2957 1504 3009 1548 ct
3060 1502 3279 1546 exactas
3326 1490 3624 1562 procedere

2049 1585 2460 1655 descriptiones,
2498 1600 2617 1653 quae
2652 1584 2932 1640 declarent
2968 1586 3235 1653 cujusque
3265 1583 3481 1653 generis
3513 1581 3621 1633 im-

2050 1679 2292 1743 mobilia,
2324 1689 2377 1735 et
2404 1680 2496 1748 qui
2531 1680 2611 1733 eis
2658 1688 2895 1747 praasunl
2933 1677 3157 1731 colonos
3195 1685 3247 1729 et
3291 1672 3620 1744 inquilinos,

2049 1785 2151 1825 nec
2202 1787 2307 1824 non
2351 1773 2533 1826 omnis
2570 1771 2786 1840 generis
2820 1771 3023 1839 przedia
3059 1770 3260 1823 rustica
3302 1770 3356 1822 in
3409 1767 3493 1821 eis
3527 1764 3617 1817 iu-

354 1866 474 1916 τῶν
506 1864 646 1918 κατὰ
672 1837 870 1927 τόπους
902 1864 1290 1936 ἀναγραφέων,
1314 1864 1409 1917 καὶ
1444 1837 1578 1925 ταῖς-
1601 1837 1933 1931 πιστωθῆναι

2049 1873 2231 1926 venta,
2264 1878 2289 1916 a
2337 1863 2584 1917 locorum
2637 1864 3092 1932 descriptoribus,
3142 1875 3444 1928 eorumque
3489 1855 3621 1911 sub-

357 1954 736 2021 ὁπογραφαῖς,
774 1954 869 2007 καὶ
899 1954 973 2024 τῷ
1006 1956 1161 2024 μέρει
1201 1953 1302 2023 τῆς
1346 1955 1655 2025 ἁγιωτάτης
1681 1954 1943 2025 Μεγάλης

360 2046 667 2113 ἐκκλησίας
736 2046 1052 2116 ἐπιδοθῆναι
1101 2048 1182 2110 είς
1214 2047 1519 2117 ἀσφάλειαν
1578 2046 1944 2110 αίωνίζουσαν

354 2139 423 2190 τδ
450 2142 650 2207 κράτος
679 2142 839 2209 ἡμῶν
901 2140 1279 2208 ἐγκελεύεται,
1329 2143 1404 2204 ὼς
1436 2142 1502 2194 ἂν
1529 2135 1631 2194 ὦσι
1662 2141 1796 2212 δῆλα
1846 2142 1942 2195 καὶ

353 2233 744 2301 ἀναμφίλεκτα
795 2233 1106 2302 ξύμπαντα,
1138 2235 1229 2286 καὶ
1285 2234 1555 2299 μηδέποτε
1591 2233 1699 2287 τῶν
1730 2233 1940 2301 καιρῶν

352 2326 454 2376 ὑπ’
485 2326 773 2394 ἀνάκρισιν
801 2325 1019 2392 ἄγοιντο
1041 2325 1170 2396 παρ’
1188 2326 1497 2378 οὑτινοσοῦν
1523 2325 1631 2378 τῶν
1657 2326 1796 2378 κατὰ
1819 2344 1940 2378 και-

358 2419 491 2483 ροὺς
541 2417 908 2487 ἁναγραφέων
950 2419 981 2486 ἢ
1035 2419 1288 2471 ἐπόπτων
1340 2419 1372 2486 ἢ
1410 2418 1681 2483 ἐξισωτῶν
1709 2421 1805 2471 καὶ
1830 2420 1936 2473 τῶν

352 2509 535 2562 ἄλλως
565 2508 978 2577 ἀνερευνώντων
1002 2507 1069 2562 τὰ
1096 2508 1425 2577 δημοσιακὰ,
1458 2511 1567 2561 τῶν
1591 2510 1937 2576 δηλωθέντων

354 2598 741 2667 περιορισμῶν
821 2600 1349 2667 ἐγκαταστρωθῆναι
1427 2599 1755 2664 ὀφειλόντων
1820 2604 1937 2663 τοῖς

353 2690 697 2758 προσφόροις
732 2690 1013 2759 σεκρέτοις
1042 2689 1109 2741 δι’
1143 2689 1371 2759 εἴδησιν.
1405 2691 1539 2743 Οὐδὲ
1582 2691 1689 2759 γὰρ
1720 2691 1937 2756 ἐξέσται

350 2783 464 2834 τινί
484 2783 691 2835 τούτων
717 2784 773 2834 ἐν
803 2784 1105 2852 οἶῳδήποτε
1129 2784 1308 2852 χρόνῳ
1340 2783 1462 2836 καθ’
1481 2785 1783 2851 οἰονδήτινα
1810 2790 1938 2855 τρό-

352 2889 464 2923 πον
493 2872 551 2926 ἐν
600 2874 716 2935 τοῖς
762 2874 1024 2935 τοιούτοις
1054 2876 1217 2927 πᾶσιν
1261 2874 1540 2940 ἀκινήτοις
1590 2876 1933 2944 είσέρχεσθαι

351 2963 735 3032 ὁπωσδήποτε,
764 2964 795 3033 ἢ
826 2963 981 3016 ταῦθ’
1003 2964 1108 3016 ὑπὸ
1131 2965 1358 3034 ζήτησιν
1385 2966 1542 3033 ἄγειν
1566 2968 1659 3018 καὶ
1690 2969 1934 3033 ἐξέτασιν

346 3056 689 3123 οῖανδὴτινα.
747 3055 889 3107 Ἀλλ’
921 3056 1039 3115 οὐδὲ
1073 3056 1415 3125 δικαιώματα
1448 3058 1540 3110 ἐπὶ
1565 3058 1775 3121 τούτοις
1807 3061 1933 3113 ἐπιο

2047 1951 2436 2018 scriptionibns
2475 1953 2791 2007 confirmari
2820 1994 2834 2017 ,
2866 1961 2920 2006 et
2952 1954 3005 2005 in
3058 1962 3374 2022 perpetuam
3411 1948 3623 2003 securi-

2044 2050 2212 2097 tatem
2285 2045 2650 2099 sanctissiuvze
2703 2046 2907 2115 Magna:
2954 2043 3216 2100 Ecclesiae
3269 2041 3409 2096 tradi
3466 2040 3622 2111 jubet

2044 2145 2232 2189 nostra
2271 2139 2547 2207 maiestas,
2586 2149 2642 2192 ut
2674 2139 2857 2192 omnia
2901 2138 3184 2192 manifesta
3215 2146 3268 2190 et
3304 2144 3456 2190 extra
3483 2148 3622 2188 con-

2044 2229 2368 2282 troversiam
2394 2231 2572 2298 posita
2611 2232 2741 2288 sint.
2776 2246 2875 2283 nec
2906 2230 3015 2281 ullo
3052 2238 3296 2297 tempore
3326 2229 3375 2279 iu
3405 2224 3619 2294 disqui-

2043 2319 2294 2374 sitionem
2316 2332 2638 2376 revocentur
2683 2339 2708 2373 a
2738 2323 3135 2388 dl‘SI‘I‘ipiOI'ilIn
3189 2335 3461 2386 quoquam
3491 2359 3505 2380 ,
3535 2316 3620 2372 vel

2043 2410 2438 2477 iuspectorum,
2460 2415 2537 2467 vel
2572 2425 3024 2483 pera'quatorum,
3047 2422 3099 2465 et
3127 2428 3312 2465 eormu
3342 2413 3433 2480 qui
3463 2411 3622 2464 aliter

2045 2502 2246 2555 ﬁsealia
2277 2513 2717 2572 perscrutantur,
2750 2505 3043 2559 declaratis
3072 2504 3535 2573 descriptionibus
3562 2503 3616 2556 iu

2042 2593 2280 2646 futuram
2346 2596 2421 2649 rei
2506 2597 2824 2649 memoriam
2884 2596 3321 2665 competentibus
3392 2595 3618 2649 secretis

2041 2687 2402 2741 insinuandis.
2438 2687 2620 2753 Neque
2646 2690 2788 2741 enim
2820 2690 3073 2757 cuiquam
3100 2705 3283 2741 norum
3312 2689 3423 2741 ullo
3456 2689 3621 2741 modo

2040 2774 2249 2839 ingredi
2290 2776 2598 2845 hujusmodi
2630 2778 2954 2841 immobilia,
2992 2794 3081 2831 aut
3115 2795 3175 2831 ea
3211 2780 3260 2830 iu
3296 2789 3618 2831 controver-

2042 2868 2177 2920 siam
2213 2868 2486 2923 deducere
2518 2876 2569 2921 ct
2604 2869 3042 2936 disquisitionem
3081 2885 3467 2937 quamcunque
3512 2885 3617 2921 uu-

2040 2976 2201 3026 quam
2237 2959 2439 3014 licebit.
2477 2959 2582 3013 Sed
2626 2976 2726 3014 nec
2758 2962 2822 3015 de
2852 2961 3073 3029 juribus
3109 2960 3413 3032 (Ecclesize)
3447 2960 3501 3014 in
3530 2960 3616 3014 bis

2041 3052 2227 3108 (dit-tis
2260 3053 2722 3122 possessioaibus)
2749 3053 2946 3106 debent
2975 3053 3274 3120 inquirere.
3309 3070 3410 3106 nec
3437 3052 3612 3107 tribu-

352 3143 643 3217 ζητητέον,
679 3147 740 3199 οὐ
799 3149 1067 3201 καπνικὸν
1097 3148 1599 3217 ἀναλαμϐάνεσθαι,
1633 3152 1691 3204 οὐ
1727 3169 1933 3223 μετρη-

2040 3157 2150 3200 tum
2216 3145 2506 3198 fumarium
2563 3161 2662 3200 nec
2710 3147 3138 3199 mensuraticum
3196 3146 3459 3214 recipere,
3517 3160 3614 3199 nec

348 3241 557 3299 τίκιον,
589 3240 687 3308 οὐχ
733 3239 923 3309 ἕτερόν
975 3258 1026 3292 τι
1057 3241 1435 3309 οἱονδηποτοῦν
1464 3244 1816 3313 φορολόγημα
1852 3247 1933 3308 είς

353 3330 551 3400 κέρδος
580 3334 690 3394 τοῖς
719 3334 1136 3402 ἀναγραφεῦσιν
1189 3333 1597 3402 ὲπινοούμενον,
1625 3337 1936 3407 ἀποτρεπο-

356 3427 541 3491 μένοις
590 3427 654 3493 τῇ
684 3425 956 3496 ἐμφανείᾳ
997 3427 1090 3479 καὶ
1126 3427 1393 3497 μόνῃγτοῦ
1437 3430 1706 3497 παρόντος
1732 3449 1932 3499 χρυσο-

352 3516 582 3569 εούλλου
613 3516 773 3584 λόγου
806 3516 903 3585 τῆς
939 3516 1218 3586 βασιλείας
1251 3536 1377 3586 μου,
1406 3522 1501 3572 καὶ
1532 3520 1641 3572 τῶν
1662 3522 1934 3592 προόησο-

354 3608 535 3671 μένων
560 3607 953 3676 περιορισμῶν,
980 3607 1055 3672 ὡς
1076 3610 1407 3680 διείληπται.
1437 3613 1591 3665 Πᾶσα
1615 3613 1669 3665 δὲ
1697 3615 1935 3683 πρόστα-

353 3698 439 3762 ξις
469 3701 744 3765 γεγονυῖα,
800 3698 911 3752 εἴτε
946 3700 1076 3769 περὶ
1108 3706 1640 3773 προαφωρισμένων,
1667 3708 1777 3760 εἴτε
1803 3710 1932 3779 περὶ

351 3791 709 3860 κλασμάτων,
743 3793 853 3844 εἴτε
905 3792 1035 3861 περὶ
1088 3794 1463 3863 συμπαθειῶν,
1501 3800 1611 3850 εἴτε
1662 3801 1932 3871 περὶτῶν

352 3882 465 3934 ἀπὸ
496 3883 769 3935 ταπεινῶν
825 3882 1048 3952 στίχων,
1106 3886 1217 3937 εἴτε
1248 3888 1379 3955 περὶ
1409 3888 1519 3941 τῶν
1549 3890 1930 3961 ὑποκειμένων

352 3975 474 4035 ταῖς
503 3977 793 4044 χαραγαίς,
830 3975 942 4026 εἴτε
996 3977 1124 4047 περὶ
1153 3978 1452 4046 στρατειῶν
1484 3987 1929 4055 συμπεπαθημέ-

352 4082 483 4126 νων,
517 4065 617 4118 κᾶν
652 4066 726 4135 μὴ
752 4067 1120 4135 ἀντισήκωσις
1158 4069 1363 4123 τούτων
1388 4071 1624 4139 ἐγένετο,
1655 4075 1767 4129 εἴτε
1799 4081 1929 4148 περὶ

348 4155 449 4208 τοῦ
498 4157 596 4219 τὰς
648 4158 885 4221 ἀπόσους
943 4159 1017 4228 μὴ
1069 4160 1328 4231 στέργειν
1380 4164 1613 4234 δωρεὰς,
1651 4166 1763 4219 εἴτε
1799 4173 1928 4241 περὶ

348 4248 681 4316 οίουδήτινος
707 4248 893 4319 ἐτέρου
946 4252 1251 4319 κεφαλαίου
1280 4253 1622 4327 ἐξεφωνήθη,
1659 4261 1756 4312 καὶ
1787 4264 1929 4315 κατά

348 4356 403 4392 τι
430 4341 749 4394 ἐναντιῶται
792 4341 871 4411 τῷ
917 4344 1147 4412 παρόντι
1197 4346 1580 4415 χρυσοδούλλῳ
1632 4350 1777 4421 λόγῳ
1830 4354 1928 4423 τῆς

350 4432 631 4502 βασιλείας
660 4450 783 4501 μου,
814 4434 940 4486 ὅσον
981 4435 1069 4487 ἐπ’
1101 4436 1250 4505 αὐτῷ
1299 4439 1586 4493 ἀποίσεται
1616 4442 1677 4494 τὸ
1700 4430 1929 4514 divisio-

2041 3238 2269 3306 wctigal
2304 3237 2448 3291 aliud
2476 3239 2857 3308 quodcunque,
2890 3240 2942 3291 in
2974 3241 3183 3293 lucrum
3211 3238 3612 3302 descriptornm

2041 3330 2425 3395 excogitatum,
2484 3331 2574 3398 qui
2632 3330 2696 3383 ad
2755 3331 2928 3384 solum
2988 3340 3264 3398 aspectum
3331 3336 3621 3396 praesonus

2041 3422 2373 3477 deﬁnitionis
2404 3438 2536 3477 mea:
2574 3424 2873 3493 maiestatis
2902 3425 3077 3478 Aurea
3113 3422 3259 3475 Bulla
3294 3421 3537 3485 munitm,
3561 3430 3620 3474 et

2041 3514 2467 3583 descriptionum
2503 3516 2921 3582 pracedeutium
2945 3556 2960 3577 ,
2999 3522 3055 3566 ut
3090 3513 3445 3566 constitutum
3479 3519 3563 3563 est
3590 3551 3605 3572 ,

2042 3607 2418 3676 prohibentur.
2462 3606 2654 3661 Omnis
2688 3616 2866 3659 autem
2901 3623 3021 3676 qua:
3074 3605 3216 3659 facta
3268 3614 3351 3657 ost
3405 3604 3608 3670 jussin.

2039 3698 2154 3751 sive
2182 3699 2248 3751 de
2285 3698 2434 3766 prius
2461 3699 2568 3751 alio
2595 3698 2869 3767 deputatis
2896 3738 2909 3760 ,
2960 3699 3075 3750 sive,
3126 3700 3193 3749 de
3243 3694 3564 3765 fragmentis
3595 3736 3610 3753 ,

2041 3791 2151 3842 sive
2186 3790 2251 3844 de
2280 3790 2878 3853 commiserationibus,
2918 3790 3030 3843 sive
3062 3792 3126 3841 de
3162 3789 3226 3842 iis
3261 3804 3381 3856 qum
3414 3790 3481 3839 ab
3513 3787 3615 3838 lm-

2040 3881 2261 3935 milibus
2307 3882 2618 3949 ordinibus,
2678 3882 2794 3937 sive
2852 3883 2917 3936 de
2975 3883 3040 3937 iis
3096 3870 3214 3947 qtim
3253 3881 3613 3934 incisionibus

2040 3973 2305 4039 subjecta.
2344 3974 2460 4027 sive
2492 3975 2558 4027 de
2606 3975 2816 4029 militiis
2864 3974 3154 4038 affet-tatis,
3191 3976 3314 4027 liet-t
3350 3988 3613 4042 compen-

2038 4069 2179 4121 satio
2210 4067 2349 4120 Iacta
2388 4083 2496 4119 non
2530 4070 2620 4127 sit,
2655 4069 2766 4121 sive
2793 4068 2858 4120 de
2885 4084 2989 4120 non
3022 4066 3422 4136 acquieseendo
3457 4066 3614 4119 factis

2038 4160 2155 4211 sine
2188 4159 2498 4227 quantitate
2546 4158 2960 4220 denatimiibus,
2996 4159 3111 4213 sive
3160 4160 3227 4213 de
3280 4173 3612 4228 quacunque

2036 4251 2137 4303 alia
2174 4266 2231 4304 re
2270 4250 2407 4303 edita
2436 4249 2731 4318 estjussio,
2765 4260 2815 4302 et
2848 4250 2956 4303 ulla
2990 4251 3045 4302 in
3073 4264 3139 4303 re
3165 4256 3432 4318 repugnet
3470 4262 3607 4317 pra-

2036 4343 2176 4396 scuti
2221 4342 2522 4411 majestalis
2559 4358 2689 4396 mea:
2721 4342 3019 4396 deﬁnitioni
3058 4343 3236 4396 Aurea
3274 4341 3422 4394 Bulla
3479 4355 3611 4393 qu-

2038 4436 2182 4500 uitte,
2219 4436 2372 4490 irrita
2404 4437 2506 4491 erit
2537 4446 2592 4491 et
2621 4437 2855 4490 invalida
2892 4454 2907 4492 :
2944 4436 3045 4489 etsi
3077 4474 3091 4497 ,
3124 4451 3192 4489 ne
3237 4433 3611 4499 rescindatur,

352 4542 467 4593 ρον,
525 4525 628 4578 κᾶν
667 4527 729 4578 τὸ
784 4526 860 4595 μὴ
897 4526 1307 4596 ἀνατρέπεσθαι
1351 4531 1445 4602 ἔχη
1497 4533 1820 4606 ἐγκείμενον
1869 4542 1926 4593 ἐν

2040 4528 2087 4581 in
2119 4544 2181 4581 ea
2215 4544 2535 4595 expressum
2568 4530 2639 4584 sit
2675 4528 2800 4599 (nisi
2832 4528 3149 4582 nominatim
3189 4528 3604 4598 pronuntiatum

348 4616 515 4685 αὐτῇ,
548 4616 597 4667 εί
638 4614 711 4685 μὴ
747 4616 926 4686 ῥητῶς
958 4619 1274 4690 ἐκφωνηθῇ.
1313 4621 1401 4672 Ἐν
1434 4622 1640 4693 εἰδήσει
1670 4626 1780 4698 γὰρ
1816 4645 1925 4682 πα-

349 4706 465 4757 σῶν
496 4704 608 4757 τῶν
627 4707 1018 4775 γεγενημένων
1053 4709 1407 4777 προστάξεων
1459 4714 1491 4781 ἠ
1526 4714 1774 4786 ἡμετέρα
1806 4716 1924 4770 θεο-

348 4797 561 4861 σέϐεια,
624 4799 686 4849 τὸ
745 4801 887 4851 κατὰ
962 4799 1128 4869 μέρος
1172 4801 1379 4866 ταύτας
1430 4806 1924 4875 ἀπαριθμήσασθαι

346 4889 626 4955 παρέλκον
656 4888 920 4959 ἡγήσατο,
957 4891 1052 4943 καὶ
1076 4890 1152 4951 ὡς
1180 4892 1487 4957 ίδιαιτάτως
1520 4897 1923 4967 ἀριθμηθείσας

346 4982 443 5032 καὶ
468 4980 874 5049 ἀνατραπείσας
902 4982 1024 5034 ὅσον
1054 4986 1145 5035 ἐπὶ
1173 4984 1251 5053 τῷ
1283 4985 1514 5053 παρόντι
1542 4987 1922 5059 χρυσοῗούλλῳ

344 5070 516 5139 λόγῳ,
546 5071 860 5138 λογίζεσθαι
886 5073 1092 5135 ταύτας
1124 5075 1369 5140 θεσπίζει
1424 5077 1456 5147 ὴ
1495 5077 1744 5141 βασιλεία
1793 5098 1917 5149 μου.

359 5161 503 5215 Ἀλλ’
530 5162 652 5216 οὐδὲ
687 5164 1027 5234 γενησομένη
1056 5167 1297 5237 οίαδήτις
1319 5168 1483 5238 ἑτέρα
1506 5171 1800 5241 πρόσταξις
1820 5173 1922 5242 τῆς

346 5252 633 5323 παρούσης
662 5254 921 5317 εὐσεϐοῦς
978 5258 1298 5328 κατισχύσει
1336 5260 1560 5329 γραφῆς
1582 5276 1597 5292 ⁸
1654 5262 1789 5313 ἀλλὰ
1821 5263 1920 5315 κὰ-

345 5342 504 5411 κείνη
538 5343 620 5411 ἐφ’
655 5338 735 5407 οῗς
763 5346 1087 5399 ἐναντιῶται
1142 5348 1218 5418 τῷ
1249 5350 1478 5419 παρόντι
1511 5352 1608 5419 τῆς
1642 5352 1920 5421 βασιλείας

350 5452 455 5504 μου
488 5436 728 5505 ὁρισμῷ,
762 5438 886 5489 ὅσον
909 5439 996 5491 ἐπ’
1030 5440 1182 5510 αὐτῷ
1208 5441 1269 5493 τὸ
1301 5443 1592 5513 ἁνίσχυρον
1630 5445 1919 5499 ἀποίσεται

344 5522 444 5575 ναὶ
464 5523 689 5591 ἄκυρον.
716 5525 820 5579 κᾶν
842 5528 903 5579 τὸ
940 5526 1013 5597 μὴ
1034 5529 1441 5599 ἀνατρέπεσθαι
1469 5533 1564 5604 ἔχῃ
1600 5534 1920 5605 ἐγκείμενον

346 5616 406 5667 ἐν
440 5617 575 5685 αὐτῇ
606 5616 795 5688 (εἰμὴ
834 5620 1012 5688 ῥητῶς
1052 5623 1343 5694 ἐκφωνηθῇ
1364 5627 1405 5692 ),
1445 5628 1547 5678 κᾶν
1580 5626 1773 5695 ἑτέραν
1803 5629 1920 5682 διά-

349 5702 524 5758 στιειν
550 5708 878 5778 οίανδήτινα.
911 5711 1029 5764 Ἵνα
1049 5711 1141 5765 οὖν
1167 5716 1251 5783 εἴη
1283 5716 1417 5785 δῆλα
1445 5717 1513 5769 τὰ
1545 5719 1816 5787 προσόντα
1852 5724 1917 5792 τῇ

351 5802 635 5868 ἁγιωτάτῃ
700 5804 794 5860 τοῦ
867 5806 1001 5861 Θεοῦ
1067 5807 1293 5877 Μεγάλῃ
1346 5809 1615 5881 ἐκκλησία
1686 5810 1919 5883 ἀκίνητα

2034 4619 2247 4688 fuerit).
2283 4621 2536 4673 Omnium
2574 4620 2717 4672 enim
2749 4620 3086 4688 jussiouum,
3126 4636 3247 4688 qum
3274 4621 3430 4673 facta:
3456 4628 3609 4683 sunt,

2030 4711 2277 4764 notitiam
2314 4712 2518 4765 habens
2546 4727 2661 4765 mea
2697 4714 2894 4779 pietas,
2933 4727 3028 4766 eas
3069 4712 3347 4781 sigillatim
3382 4729 3609 4766 enume-

2030 4817 2151 4856 rare
2207 4818 2608 4872 supervacuum
2659 4804 3043 4864 existimavit.
3077 4812 3132 4857 et
3187 4814 3242 4857 ut
3295 4804 3605 4872 eXpressim

2027 4906 2375 4951 enumeratas
2410 4904 2461 4950 et
2492 4910 2733 4962 eversas,
2763 4897 2904 4965 quod
2938 4896 3004 4951 ad
3048 4898 3186 4950 hanc
3214 4898 3406 4951 Aurem
3438 4896 3604 4950 Bulla:

2027 4985 2401 5041 deﬁnitionem
2457 4988 2677 5053 attinet,
2742 4989 2955 5042 censeri
3016 4988 3303 5043 constituit
3349 4989 3614 5057 maiestas

2027 5094 2168 5133 mea.
2196 5078 2299 5132 Sed
2328 5095 2427 5134 nec
2459 5080 2563 5133 ulla
2588 5080 2716 5140 alia,
2743 5096 2865 5148 quae
2891 5080 2945 5134 in
2978 5090 3255 5150 posterum
3285 5080 3372 5134 ﬁet
3399 5079 3609 5148 jussio,

2027 5169 2154 5225 huic
2194 5173 2293 5240 pize
2341 5174 2630 5239 scripturae
2678 5172 2990 5240 prmvalebit
3023 5191 3038 5236 ;
3073 5172 3322 5243 quiuimo
3367 5182 3420 5226 et
3468 5173 3603 5235 illa,

2026 5275 2295 5334 quatenus
2337 5268 2586 5336 praesenti
2625 5283 2758 5321 nica:
2794 5267 3096 5338 maiestatis
3141 5266 3447 5321 definitioni
3502 5264 3602 5316 atl-

2025 5367 2302 5422 versatur,
2336 5359 2487 5411 irrita
2525 5358 2637 5423 fiet,
2682 5359 3067 5428 uullarumque
3098 5359 3317 5424 virium;
3359 5358 3504 5419 licet,
3532 5373 3601 5409 ue

2025 5451 2395 5517 sulwertatur,
2426 5451 2669 5519 apposita
2710 5450 2781 5503 sit
2815 5450 3057 5503 clausula
3096 5450 3222 5518 (nisi
3273 5448 3598 5502 nominatim

2026 5542 2437 5609 pronuntiatum
2492 5539 2584 5609 sit)
2629 5551 2723 5594 aut
2778 5542 2984 5609 qumvis
3040 5540 3144 5592 alia
3181 5538 3484 5592 distinctio.
3531 5535 3600 5590 Ut

2027 5632 2192 5702 igitur
2227 5632 2514 5687 manifesta
2545 5635 2677 5696 sint,
2716 5648 2836 5702 quae
2876 5633 3077 5687 adsunt
3109 5631 3473 5685 sanctissima:
3502 5629 3595 5684 Dei

2026 5726 2208 5795 magni
2238 5725 2516 5790 Ecclesiae,
2550 5727 2845 5780 immobilia
2877 5724 3083 5788 omnia,
3123 5722 3177 5776 in
3216 5732 3468 5791 praesenti
3502 5723 3599 5775 de-

2031 5815 2275 5873 ﬁnitione
2301 5818 2478 5873 Aurea
2508 5817 2656 5872 Bulla
2688 5816 2892 5872 munita
2926 5823 3112 5886 aperte
3144 5814 3409 5884 inseripta
3444 5821 3595 5879 sunt,
