3972 6488
396 345 507 407 919

1391 344 1470 402 IV
1511 343 1679 403 CAN.
1718 344 1833 405 XII
1872 345 2078 407 CONC.
2110 347 2217 417 ΥΠ
2260 346 2614 408 (ECUMEN.

3530 346 3633 410 950

394 452 497 507 τοῦ
540 454 661 507 νέον
699 453 919 524 Ἰσραὴλ
954 452 1390 523 προηγούμενον,
1414 455 1594 507 καὶτά
1622 453 1812 507 τούτου
1847 469 1964 505 κατ·

2081 453 2182 507 lam
2212 456 2467 518 Auream,
2497 464 2551 507 et
2581 454 2823 508 omnium
2856 452 3222 508 Eccleslarum
3256 454 3452 521 matri,
3484 470 3637 512 nova:

395 548 695 603 ευθύνοντα
720 545 877 615 διαϐή
891 562 1053 614 ματα,
1102 546 1200 608 τὰς
1230 544 1436 598 τούτων
1463 545 1605 613 ἔχειν
1644 547 1811 613 εύχάς
1846 545 1964 597 ἐθέ-

394 639 589 701 λουσα,
620 642 710 693 τὸν
738 638 983 710 παρόντα
1044 639 1435 710 χρυσόϐουλλον
1483 639 1641 705 λόγον
1693 642 1759 709 τῇ
1796 641 1967 708 μητρὶ

400 734 598 785 πασῶν
663 734 773 784 τῶν
835 732 1161 799 ἐκκλησιῶν,
1194 734 1259 801 τῇ
1306 733 1402 801 νέα
1431 732 1590 787 Σιὼν.
1627 731 1704 797 τῷ
1750 732 1848 798 τῆς
1876 731 1969 783 τοῦ

396 820 535 872 Θεοῦ
573 821 764 887 σοφίας
795 822 1194 890 ἐνδιαιτήματι,
1216 823 1307 875 καὶ
1334 825 1448 885 τοῖς
1478 823 1619 875 κατά
1648 823 1745 884 τὰς
1774 824 1971 890 νήσους

397 914 585 975 πάσας
619 916 711 966 καὶ
743 914 842 985 τὴν
879 914 1148 984 ἀνατολὴν
1198 914 1293 967 καὶ
1320 914 1417 983 τὴν
1451 915 1602 967 δύσιν
1644 914 1966 984 ἐϐράϐευσε.

397 1003 501 1065 τὰς
526 1002 667 1072 ὑπὲρ
687 1004 786 1071 τῆς
820 1004 1096 1073 βασιλείας
1137 1023 1236 1073 μου
1259 1007 1463 1058 τούτων
1490 1007 1657 1074 εὐχὰς
1684 1006 1775 1058 ἐπὶ
1808 1006 1972 1058 πλέον

396 1094 851 1165 ἀναῤῥωνύουσα.
904 1097 1176 1165 ’Ᾱκριϐὦς
1208 1100 1314 1166 γὰρ
1347 1093 1487 1149 οἶδεν
1520 1099 1552 1164 ἡ
1584 1098 1831 1165 βασιλεία
1867 1116 1969 1165 μου

395 1187 477 1239 ὡς
500 1187 560 1239 ού
595 1187 828 1253 σώζεται
855 1188 1107 1258 βασιλεὺς
1136 1192 1222 1243 διὰ
1257 1192 1458 1259 πολλὴν
1491 1176 1740 1260 δύναμιν,
1776 1192 1865 1244 καὶ
1896 1193 1967 1254 ὡς

397 1277 567 1344 γίγας
587 1279 645 1331 ού
684 1280 991 1361 σωθήσεται
1025 1283 1083 1335 ἐν
1115 1283 1304 1352 πλήθει
1336 1283 1517 1354 ίσχύος
1544 1285 1708 1337 αύτοῦ
1729 1302 1742 1314 ·
1768 1286 1970 1354 ψευδὴς

397 1369 455 1421 δέ
497 1369 661 1435 ἵππος
695 1375 776 1435 εἰς
809 1379 1109 1445 σωτηρίαν,
1135 1378 1276 1429 κατὰ
1316 1377 1406 1430 τὸν
1448 1378 1591 1431 θεῖον
1631 1380 1793 1445 φάναι
1832 1396 1972 1450 προ·

400 1464 581 1534 φήτην
610 1466 706 1519 καὶ
738 1466 1139 1540 ψαλμογράφον
1181 1474 1273 1523 καὶ
1308 1474 1636 1542 θεοπάτορα.
1680 1475 1970 1542 Τοιγάρτοι

399 1556 498 1607 καὶ
524 1556 584 1607 τὸ
618 1557 1052 1630 ἀπερικλόνητον
1112 1563 1289 1632 πάντη
1344 1564 1868 1631 περιφυλάττεσθαι,
1904 1567 1968 1634 τῇ

398 1665 459 1700 τε
495 1648 684 1703 πασῶν
712 1652 1106 1724 προκαθημένῃ
1140 1655 1463 1724 ἐκκλησιῶν,
1494 1657 1587 1708 καὶ
1615 1658 1728 1720 τοῖς
1766 1676 1971 1727 μνημο-

397 1741 638 1793 νευθεῖσι
662 1743 829 1794 πᾶσιν
854 1745 1208 1813 ἀρχιερεῦσι,
1254 1747 1366 1798 τῶν
1413 1748 1750 1818 ὁπουδήποτε
1803 1749 1971 1813 ἁγίων

398 1835 727 1905 ἐκκλησιῶν,
762 1839 852 1889 καὶ
886 1838 945 1890 τὸ
969 1840 1213 1907 ἀσφαλὲς
1253 1842 1361 1894 τῶν
1401 1844 1711 1911 προσόντων
1744 1842 1970 1902 ταύταις

395 1928 785 1997 δικαιωμάτων
809 1932 901 1983 ἐπὶ
928 1935 993 2002 τῇ
1040 1937 1246 2004 κατοχῇ
1292 1936 1401 1988 τῶν
1451 1937 1728 2005 ἀκινήτων
1790 1936 1969 1989 αὐτῶν

397 2018 750 2092 βεϐαιότερον
783 2026 1102 2080 καθιστῶσα
1124 2045 1138 2060 ·
1173 2023 1698 2099 προσεπανορθοῦσα
1722 2033 1776 2083 δέ
1801 2034 1895 2085 καὶ
1921 2033 1975 2085 εἴ

395 2130 447 2165 τι
484 2130 588 2165 που
621 2115 858 2183 χωλεῦὁν
901 2119 1051 2170 ἐστιν
1111 2120 1168 2172 ἐν
1194 2123 1307 2182 τοῖς
1365 2122 1547 2174 αὐτῶν
1578 2122 1965 2192 δικαιώμασιν,

395 2204 489 2254 καὶ
517 2203 617 2273 τῆς
647 2207 936 2277 ἀκριϐείας
984 2210 1308 2282 λειπόμενον
1333 2228 1346 2240 °
1380 2215 1475 2267 καὶ
1508 2216 1566 2268 ού
1602 2217 1760 2283 μόνον
1788 2217 1964 2281 τοῦτο,

394 2293 535 2347 ἀλλά
559 2298 649 2349 καὶ
684 2301 738 2350 εἴ
760 2318 811 2353 τι
830 2302 1045 2367 ὀφεῖλον
1066 2305 1508 2375 ἐπακολουθῆσαι
1530 2308 1808 2377 δικαίωμα
1832 2310 1969 2381 πρὸς

392 2385 498 2451 τὴν
549 2388 768 2458 ἀσφαλῆ
825 2393 935 2446 τῶν
986 2402 1248 2448 τοιούτων
1304 2398 1578 2467 ἀκινήτων
1627 2400 1964 2464 δεσποτείαν,

394 2483 638 2550 κατοχὴν
668 2501 725 2536 τε
760 2486 855 2537 καὶ
880 2489 1179 2560 κυριότητα
1208 2489 1463 2556 γενέσθαι
1499 2491 1629 2556 ἴσως
1664 2496 1765 2549 οὐκ
1801 2494 1969 2563 3:90a-

395 2586 523 2623 σενο
588 2574 749 2628 αὐτὸν
801 2577 865 2646 δὴ
913 2577 1004 2631 τὸν
1069 2581 1313 2651 παρόντα
1361 2584 1757 2652 χρυσόϐουλλον
1810 2587 1968 2656 λόγον

398 2664 600 2733 ξατῆρα
636 2667 668 2736 ή
728 2668 973 2737 βασιλεία
1015 2690 1117 2740 μου
1153 2674 1344 2727 τούτου
1379 2676 1442 2745 δὴ
1488 2679 1582 2731 τοῦ
1626 2680 1967 2746 ἐλλείποντος

393 2758 580 2822 αὐτοῖς
596 2760 945 2826 ἐπιδέδωκεν,
961 2759 1071 2817 οἷον
1090 2767 1277 2836 ἄρτιον
1302 2771 1396 2822 καὶ
1412 2772 1661 2840 ὀλομελές
1681 2775 1968 2830 δεικνύντα

394 2849 457 2902 τὲ
486 2850 579 2903 ἐπὶ
609 2855 824 2915 τούτοις
854 2856 1087 2919 δίκαιον,
1118 2860 1210 2912 καὶ
1235 2861 1315 2922 είς
1339 2862 1399 2914 τὸ
1428 2864 1690 2927 παντελὲς
1720 2867 1965 2920 ἁδιὰσει-

396 2958 545 3003 στον,
579 2944 646 2995 δι’
684 2936 745 2996 οὗ
790 2945 999 3013 βεϐαιοῖ
1028 2951 1149 3017 μὲν,
1184 2952 1280 3004 καὶ
1324 2953 1730 3027 ἀσφαλέστερον
1759 2957 1962 3026 τίθησι,

395 3033 508 3085 πᾶν
545 3034 744 3101 προσὸν
772 3040 892 3098 ταῖς
926 3040 1046 3090 κατ’
1087 3040 1286 3104 αὐτοὺς
1321 3045 1656 3111 ἁγιωτάταις
1701 3046 1794 3098 τοῦ
1828 3048 1963 3101 Θεοῦ

2074 545 2228 606 Sion,
2261 545 2350 598 Dei
2374 545 2657 614 sapientiae
2710 544 3045 608 babitaeulo,
3074 553 3124 599 et
3161 546 3248 607 iis,
3282 546 3374 615 qui
3414 557 3543 600 sunt
3576 550 3628 602 in
3668 582 3679 591 ς

2072 638 2323 691 omnibus
2357 638 2547 692 insulis
2569 639 2687 693 etin
2711 639 2919 692 oriente
2951 648 3004 693 et
3029 638 3329 705 occidente,
3364 641 3629 695 antistiti-

2072 727 2175 781 bus
2197 728 2434 788 donavit,
2462 744 2648 781 eorum
2678 744 2774 797 pro
2800 729 3077 795 majestate
3103 744 3220 782 mea
3251 745 3440 797 preres
3465 732 3637 798 magis
3686 766 3689 769 »

2071 817 2422 872 conﬁrmans.
2456 815 2620 871 Recte
2649 819 2792 871 enim
2830 821 2977 872 novit
3007 834 3123 872 mea
3175 819 3453 888 majestas.
3487 821 3635 889 quod

2072 922 2163 960 rex
2194 923 2299 961 non
2331 918 2583 962 servatur
2618 924 2714 976 per
2761 910 2982 962 multam
3031 916 3349 978 potentiam,
3394 922 3449 965 et
3491 915 3634 979 quod

2072 1001 2221 1068 gigas
2250 1016 2354 1053 non
2391 1001 2698 1055 servabitur
2744 1002 2795 1055 in
2848 1001 3193 1056 multitudine
3226 1004 3444 1057 virtutis
3472 1019 3584 1058 sua:
3618 1024 3631 1057 :

2076 1094 2302 1146 mendax
2355 1104 2535 1148 autem
2575 1111 2745 1164 equus
2777 1096 2842 1149 ad
2878 1097 3133 1156 salutem.
3173 1108 3228 1149 ut
3278 1112 3400 1151 cum
3451 1098 3634 1150 divino

2072 1186 2338 1253 Propheta
2371 1194 2424 1241 ct
2451 1186 2873 1259 Psalmograpbo
2902 1200 2953 1243 et
2985 1189 3073 1241 Dei
3105 1200 3253 1258 patre
3288 1193 3501 1258 loquar.
3533 1190 3635 1241 Vo—

2075 1278 2190 1331 lcns
2222 1281 2389 1342 enim,
2426 1289 2483 1332 nt
2520 1280 2745 1334 ﬁrmitas
2781 1290 2830 1334 et
2878 1282 3147 1335 stabilitas
3190 1282 3481 1341 Ecclesi:e.
3521 1298 3642 1350 quze

2071 1370 2326 1425 omnibus
2348 1382 2567 1441 ‘prmest,
2611 1373 2835 1427 omnino
2872 1385 3141 1439 servetur,
3178 1383 3228 1427 et
3272 1375 3528 1428 omnibus
3556 1376 3641 1426 di-

2072 1464 2178 1516 ctis
2230 1463 2566 1518 antistitibus
2612 1472 2922 1519 sanctarum
2978 1483 3098 1536 qua!
3147 1468 3459 1534 ubicunque
3515 1478 3642 1521 sunt

2074 1553 2461 1617 Eeelesiarum,
2507 1565 2561 1610 et
2610 1560 2957 1611 securitatem
3007 1559 3286 1613 titulorum
3332 1575 3394 1613 ac
3436 1560 3640 1626 iurum,

2071 1648 2308 1715 qumillis
2333 1649 2548 1714 adsunt,
2576 1651 2626 1703 in
2654 1654 2892 1719 ipsorum
2922 1653 3286 1706 immobiliuni
3309 1652 3640 1711 detentione.

2078 1740 2284 1796 ﬁrmius
2318 1744 2697 1811 constituens;
2736 1753 2789 1797 et
2822 1755 3079 1813 prmterea
3114 1747 3392 1816 corrigens
3432 1748 3474 1799 si
3509 1748 3638 1815 quid

2076 1834 2128 1885 in
2155 1849 2343 1888 eorum
2370 1835 2584 1899 juribns
2619 1838 2910 1898 claudit-et,
2943 1846 2995 1891 et
3030 1852 3056 1889 a
3092 1854 3307 1891 sunnno
3342 1850 3644 1906 crtartoque.

2070 1926 2191 1992 jure
2237 1926 2440 1989 distet;
2482 1938 2536 1979 et
2564 1944 2668 1981 non
2703 1930 2876 1981 solum
2907 1930 3031 1991 hoc,
3070 1931 3160 1983 sed
3194 1944 3247 1981 et
3285 1933 3328 1982 si
3360 1933 3504 1999 quod
3552 1931 3643 1994 jus

2072 2020 2329 2087 consequi
2376 2018 2534 2089 311
2592 2022 2791 2079 debet.
2848 2024 2912 2075 ad
2960 2023 3225 2086 ejusmodi
3280 2024 3639 2076 iunnobilium

2073 2109 2522 2173 dominationem,
2580 2114 2946 2167 detentionem
3006 2123 3058 2167 et
3112 2117 3535 2184 proprietatem,
3592 2118 3641 2168 Id

2074 2202 2305 2256 fortasse
2335 2205 2487 2271 prius
2515 2204 2713 2258 factum
2746 2222 2853 2259 non
2886 2217 2969 2260 est
3003 2223 3014 2256 :
3052 2209 3189 2261 bane
3223 2208 3480 2274 maiestas
3522 2223 3641 2260 mea

2073 2290 2277 2345 nullam
2324 2295 2558 2348 Auream
2587 2336 2602 2357 ,
2640 2295 2759 2363 ejus
2800 2297 2941 2364 quod
2987 2299 3140 2354 deest
3186 2299 3595 2353 medicatricem
3624 2340 3638 2359 ,

2072 2384 2179 2437 illis
2208 2384 2432 2439 tradi-lit
2456 2426 2469 2449 ,
2507 2403 2625 2455 quzc
2656 2388 2821 2442 veluti
2862 2389 3164 2456 perfectum
3202 2400 3253 2443 et
3287 2391 3556 2460 integrum
3588 2402 3642 2444 et

2070 2476 2294 2529 omnino
2329 2477 2749 2534 illabcfactabile
2791 2491 2843 2535 et
2878 2481 3269 2552 immobilejus
3300 2484 3417 2550 ejus
3450 2492 3638 2537 osten—

2071 2566 2189 2622 dit:
2218 2584 2312 2637 per
2341 2585 2502 2638 quam
2534 2572 2822 2626 conﬁrmat
2867 2572 3109 2641 quidem.
3143 2566 3209 2626 et
3248 2575 3417 2626 tutius
3466 2574 3589 2625 facit
3621 2615 3635 2637 ,

2068 2659 2436 2729 quodcunque
2472 2662 2562 2729 jus
2609 2664 2764 2719 adest
2813 2665 3178 2718 sanctissimis
3224 2665 3315 2719 Dei
3364 2666 3638 2725 ecclesiis,

2069 2748 2229 2816 eique
2257 2765 2378 2818 qua:
2408 2752 2514 2805 illis
2549 2755 2820 2822 praesidet,
2864 2754 2915 2806 in
2954 2757 3069 2809 suis
3116 2756 3509 2817 immobilibus,
3542 2771 3641 2808 cu-

2065 2840 2528 2912 jusmodicunque
2562 2844 2783 2909 fuerint,
2818 2855 2873 2899 ct
2904 2847 3218 2915 ubicunque
3266 2863 3329 2901 ca
3366 2849 3469 2901 sita
3506 2850 3638 2908 sint,

2069 2942 2122 2986 et
2153 2934 2297 3002 quod
2328 2936 2614 3003 pulchrum
2666 2939 2951 3006 pulchrius
3000 2941 3286 2994 constituit
3338 2940 3641 3006 n-ajestatis

2069 3041 2202 3080 mea:
2233 3029 2501 3082 sententia
2546 3040 2599 3083 et
2647 3031 2875 3085 calculo.
2918 3031 3190 3103 Quidquid
3227 3044 3405 3087 autem
3450 3040 3536 3087 est
3585 3034 3637 3086 in

392 3124 741 3193 ἐκκλησίαις,
764 3130 857 3183 καὶ
898 3131 1032 3201 αὐτῇ
1069 3136 1131 3202 τῇ
1183 3134 1387 3188 τούτων
1419 3138 1815 3213 προκαθημένῃ
1840 3181 1854 3205 ,
1887 3142 1964 3195 δι-

2067 3119 2169 3182 eis,
2205 3119 2256 3173 in
2303 3122 2719 3190 quibuscnnque
2758 3125 2881 3191 quis
2922 3137 3226 3193 spectatum
3289 3126 3340 3179 id
3395 3126 3633 3188 dixerit,

391 3216 621 3285 τιαίωμα
648 3218 739 3271 ἐπὶ
771 3223 878 3282 τοῖς
918 3223 1096 3274 αὐτῶν
1116 3224 1418 3295 ἀκινήτοις,
1447 3231 1568 3282 ὅποι
1612 3230 1679 3284 ἂν
1700 3234 1795 3285 καὶ
1830 3234 1963 3287 καθ-

391 3308 617 3376 ἐστηκε,
674 3313 780 3365 κᾶν
819 3315 1161 3386 ὁπουδήποτε
1191 3317 1365 3371 ταῦτα
1418 3320 1742 3389 διάκεινται,
1782 3328 1965 3381 καὶτὸ

389 3401 560 3451 καλὸν
594 3402 813 3455 κάλλιον
869 3406 1052 3473 τίθησι
1077 3410 1142 3477 τῇ
1178 3408 1454 3478 ἐπικρίσει
1505 3412 1592 3465 καὶ
1648 3411 1816 3483 ψήφῳ
1864 3414 1964 3482 τῆς

392 3488 680 3559 βασιλείας
716 3513 840 3562 μου.
871 3498 986 3551 Πᾶν
1009 3500 1063 3551 δὲ
1093 3501 1373 3564 ὲναύτοῖς,
1398 3503 1453 3555 ἐν
1477 3504 1682 3567 ὁποίοις
1712 3507 1857 3559 εἴποι
1882 3525 1966 3570 τις

392 3584 796 3654 θεωρούμενον,
831 3590 947 3642 εἴτε
996 3592 1052 3641 ἐν
1085 3592 1467 3664 χρυσοϐούλλῳ
1496 3594 1640 3666 λόγῳ
1692 3597 1966 3669 διαφόρων

393 3676 683 3745 βασιλέων,
715 3679 825 3731 εἴτε
852 3682 906 3732 ἐν
944 3682 1248 3746 σιγιλλίοις,
1282 3686 1389 3738 εἴτε
1420 3687 1476 3737 ὲν
1500 3687 1700 3747 ἁπλαῖς
1731 3693 1964 3759 προστάο

392 3768 563 3833 ξεσιν,
594 3772 702 3824 εἴτε
734 3775 789 3823 ἐν
821 3774 1056 3838 λύσεσιν,
1077 3780 1323 3831 τουτέστι
1356 3784 1696 3848 πρακτικοῖς,
1722 3784 1964 3841 ὑποσκά-

389 3862 507 3943 ςνκν,
543 3866 635 3914 καὶ
664 3865 806 3917 κατά
835 3882 887 3916 τι
922 3865 1017 3943 τοῦ
1052 3867 1311 3937 ἀκριϐοῦς
1345 3871 1436 3922 καὶ
1478 3871 1574 3940 τῆς
1608 3872 1963 3945 ὀφειλομένης

390 3955 716 4019 ἀκολουθίας
743 3959 1085 4029 λειπόμενον,
1116 3964 1223 4015 ἀπό
1277 3982 1332 4016 τε
1383 3966 1676 4035 βασιλικῶν
1727 3988 1967 4039 προστα-

388 4048 616 4117 γμάτων
666 4052 757 4103 καὶ
805 4055 1005 4119 νόμων,
1061 4056 1368 4127 ἐπανορθοῖ,
1399 4061 1491 4111 καὶ
1541 4059 1831 4127 διορίζεται
1887 4064 1961 4131 μὴ

388 4141 535 4193 κατὰ
564 4160 616 4194 τι
644 4144 929 4214 πρόκριμα
970 4149 1032 4198 ἐκ
1055 4148 1259 4200 τούτων
1294 4145 1434 4201 εἶναι
1468 4153 1585 4214 ταῖς
1610 4152 1963 4221 δηλωθείσαις

389 4235 597 4298 πάσαις
631 4238 960 4303 ἁγιωτάταις
981 4240 1300 4310 ἐκκλησίαις
1320 4246 1397 4303 εἰς
1414 4244 1505 4296 τὸν
1524 4245 1694 4298 αἰῶνα
1725 4232 1960 4309 ἅπαντα,

386 4329 529 4382 ἀλλά
561 4330 622 4382 τὸ
656 4330 963 4401 ὑπόσαθρον
995 4334 1219 4387 ἐκείνων
1243 4335 1335 4387 καὶ
1357 4336 1582 4397 ἀσθενὲς
1599 4338 1964 4391 εύτονώτατον

387 4420 530 4476 εἶναι
565 4423 661 4476 καὶ
698 4425 973 4479 ἀνάλωτον
1013 4426 1159 4497 πάσῃ
1198 4427 1535 4500 δικαιολογία
1570 4428 1661 4482 τοῦ
1698 4428 1964 4498 βουλομέ-

2067 3215 2182 3267 sive
2217 3215 2268 3267 in
2307 3217 2575 3285 rescripto
2611 3218 2951 3271 diversorum
3005 3220 3399 3287 imperatorum
3456 3221 3631 3270 Aurea

2066 3305 2216 3361 Bulla
2260 3310 2490 3375 munito,
2521 3310 2635 3364 sive
2686 3310 2741 3364 in
2784 3310 2999 3382 sigillis,
3051 3311 3166 3365 sive
3203 3312 3255 3364 in
3293 3310 3633 3378 simplicibus

2063 3400 2426 3469 jussiouibus,
2465 3403 2579 3457 sive
2612 3403 2664 3456 in
2696 3403 3091 3465 solutionibus,
3122 3403 3225 3456 hoc
3272 3413 3355 3455 est
3386 3402 3438 3455 in
3476 3400 3633 3461 actis,

2067 3493 2405 3557 claudicans,
2434 3508 2486 3549 et
2520 3495 2698 3564 aliqua
2731 3496 2783 3547 in
2814 3510 2872 3549 re
2899 3496 2966 3549 ab
2995 3511 3059 3547 eo
3086 3496 3227 3564 quod
3262 3502 3345 3549 est
3380 3504 3637 3548 exactum

2065 3594 2116 3637 et
2149 3602 2176 3638 a
2217 3586 2394 3640 debita
2428 3585 2817 3657 consequentia
2847 3586 3128 3651 deﬁciens,
3162 3604 3191 3642 ρ
3222 3587 3494 3656 regalibus
3516 3587 3636 3654 jus~

2065 3679 2312 3733 sionibus
2344 3688 2397 3733 et
2438 3680 2645 3750 legibus
2676 3682 2923 3748 corrigit,
2950 3691 3003 3735 et
3039 3682 3287 3736 decernit
3320 3680 3484 3739 dictis
3511 3694 3640 3734 san-

2065 3771 2326 3825 ctissimis
2350 3769 2606 3827 Ecclesiis
2644 3773 2847 3825 nullum
2890 3788 2953 3825 ex
2987 3788 3046 3825 ea
3087 3789 3144 3825 re
3181 3771 3551 3841 praeiudicium
3579 3769 3631 3823 iu

2063 3872 2325 3916 aeternum
2359 3865 2537 3919 aﬂ‘erri
2574 3884 2587 3919 :
2620 3868 2713 3921 sed
2745 3868 2889 3934 quod
2923 3868 2974 3920 in
3025 3869 3105 3921 eis
3153 3876 3237 3920 est
3278 3865 3551 3919 inﬁrmum
3582 3876 3637 3918 et

2066 3954 2419 4015 imbecillum.
2453 3971 2573 4010 esse
2610 3957 2982 4011 ﬁrmissimum
3013 3969 3065 4011 et
3108 3958 3251 4010 nulla
3283 3958 3422 4025 juris
3453 3958 3639 4024 alliga-

2066 4049 2210 4101 tione
2252 4051 2672 4117 oppugnandum
2707 4052 2775 4103 ab
2828 4066 2893 4104 eo
2923 4091 2937 4115 ,
2984 4051 3074 4120 qui
3113 4051 3240 4105 velit
3276 4049 3477 4118 aliquid
3533 4065 3630 4115 pro

2065 4139 2194 4193 ﬁsco
2224 4156 2317 4195 seu
2351 4142 2568 4209 publico
2596 4142 2796 4206 dicere,
2836 4150 2893 4195 ut
2921 4144 3063 4209 quod
3098 4142 3351 4211 praesenti
3386 4142 3639 4207 majesta-

2067 4236 2133 4287 tis
2170 4250 2303 4288 mea:
2332 4235 2649 4289 deﬁnitione
2690 4234 2866 4288 Aurea
2907 4235 3057 4289 Bulla
3091 4237 3300 4289 munita
3340 4236 3639 4288 conﬁrme-

2065 4333 2153 4378 tur
2185 4335 2240 4377 et
2263 4324 2418 4379 valde
2444 4326 2849 4380 corroboretur.
2890 4324 2954 4379 l-It
2987 4336 3041 4377 ut
3079 4342 3141 4377 ex
3180 4325 3366 4378 multis
3403 4339 3591 4377 eorum
3618 4364 3634 4385 ,

2066 4431 2186 4483 qua“:
2210 4416 2443 4483 cuipiam
2475 4417 2527 4468 iu
2557 4426 2791 4470 mentem
2821 4416 3005 4470 venire
3034 4416 3265 4481 possint,
3291 4429 3459 4483 pauca
3490 4428 3637 4481 (μιτρ-

386 4533 480 4568 νου
511 4517 693 4579 λέγειν
724 4536 775 4571 τι
820 4518 963 4587 ὑπὲρ
999 4518 1093 4572 τοῦ
1127 4521 1412 4587 δημοσίου,
1446 4521 1523 4590 τῷ
1570 4522 1795 4590 παρόντι
1829 4540 1961 4592 χρυ-

2068 4508 2189 4559 dam
2242 4509 2499 4575 maiestas
2531 4523 2649 4562 mea
2693 4508 2955 4563 memoria
2983 4516 3223 4576 repetat;
3262 4508 3306 4561 si
3352 4506 3494 4560 forte
3532 4506 3633 4558 do-

387 4610 661 4682 σοϐούλλῳ
687 4612 831 4684 λόγῳ
877 4616 975 4682 τῆς
1010 4612 1287 4683 βασιλείας
1340 4633 1442 4681 μου
1477 4617 1817 4685 ῥωννύμενον
1865 4618 1959 4669 καὶ

386 4704 597 4773 σφόδρα
634 4705 1122 4774 ἐνδυναμούμενον.
1175 4706 1287 4759 Καὶ
1334 4706 1422 4759 ἴνα
1453 4707 1559 4759 ἀπὸ
1582 4706 1687 4760 τῶν
1717 4700 1954 4770 πολλῶν,

383 4790 463 4848 ὦν
489 4797 555 4850 ἄν
583 4814 667 4859 τις
695 4798 1024 4865 ἐννοήσειεν,
1062 4799 1262 4867 ὀλίγων
1294 4800 1458 4852 τινῶν
1496 4802 1529 4870 ή
1578 4799 1821 4867 βασιλεία
1856 4818 1957 4868 μου

383 4886 779 4955 ἐπιμνησθείη,
843 4886 947 4939 ἐάν’
986 4888 1149 4957 τυχὸν
1204 4889 1384 4957 δωρεά
1439 4890 1620 4951 αὐτοῖς
1677 4889 1958 4979 nuptiisz

384 4979 590 5041 ἄστοσος
619 4980 725 5050 εἴη,
761 4979 793 5048 ἢ
834 4982 1031 5049 μέτρον
1062 4982 1183 5051 γῆς,
1213 4982 1245 5051 ἢ
1279 4982 1584 5053 αύτούργιά
1614 4999 1732 5035 τινα
1757 4982 1959 5033 ἐκαινί-

386 5069 594 5136 σθησαν
626 5071 683 5121 ἐν
729 5074 843 5133 τοῖς
897 5071 1162 5133 τοιούτοις
1197 5074 1464 5141 κτήμασι,
1498 5072 1659 5142 τυχὸν
1695 5072 1770 5142 μὴ
1796 5071 1958 5124 δεδω-

385 5161 599 5229 ρημένα
624 5162 831 5227 αὐτοῖς,
862 5162 893 5231 ἥ
933 5166 1024 5216 καὶ
1056 5164 1409 5233 ἐδωρήθησαν
1440 5164 1559 5233 μὲν,
1591 5164 1690 5215 οὐκ
1722 5162 1954 5232 ἀνετρά-

381 5268 568 5318 πησαν
598 5251 653 5302 δὲ
676 5254 730 5304 αἱ
760 5255 887 5322 περὶ
909 5253 1113 5306 τούτων
1141 5255 1491 5324 προστάξεις,
1522 5254 1555 5321 ἢ
1580 5256 1673 5306 ἐττί
1696 5271 1956 5324 προαφω-

382 5342 662 5413 ρισμένοις
707 5344 1103 5414 δεδωρημένοις
1149 5348 1351 5409 αὐτοῖς,
1403 5351 1458 5400 αἱ
1509 5364 1954 5419 περιπροαςρωρια

380 5436 579 5504 σμὲναι
605 5437 926 5505 προστάξεις
979 5438 1079 5492 οὐκ
1130 5440 1536 5510 ἀνετράπησαν,
1580 5439 1613 5512 ἦ
1673 5458 1791 5493 τινα
1848 5440 1958 5492 τῶν

379 5527 751 5595 πορισθέντων
786 5530 968 5591 αὐτοῖς
1016 5529 1315 5599 βασιλικῶν
1362 5532 1803 5601 προσταγμάτων
1844 5530 1955 5583 οὐδ’

379 5619 521 5680 ὅλως
540 5621 1022 5693 κατεστρώθησαν,
1050 5622 1082 5691 ἣ
1107 5620 1562 5691 κατεστρώθησαν
1596 5621 1695 5690 μὲν
1736 5620 1814 5684 εἷς
1836 5637 1959 5674 τινα

379 5711 490 5763 τῶν
521 5711 813 5780 σεκρέτων,
848 5713 879 5782 ἦ
919 5711 1376 5781 καταστρωθέντα
1418 5712 1718 5776 ἀπώλοντο,
1758 5716 1848 5765 ἴσα
1898 5713 1957 5765 δὲ

379 5805 590 5857 τούτων
621 5806 1024 5861 πεπιστευμένα
1048 5806 1413 5872 εὑρίσκονται,
1441 5806 1471 5874 ἢ
1501 5807 1776 5874 πρακτικᾶ
1802 5808 1953 5877 ὀφεί-

2063 4599 2210 4653 natio
2243 4601 2559 4654 colonorum
2593 4601 2746 4667 ipsis,
2780 4612 2871 4653 aut
2906 4614 3282 4654 mensurarum
3331 4608 3486 4652 terra:
3518 4596 3635 4649 sine

2061 4700 2206 4742 certa
2240 4691 2546 4758 quantitate
2603 4691 2695 4753 sit,
2731 4690 2812 4743 vel
2866 4688 3067 4757 prtedia
3118 4689 3369 4757 qumdam
3428 4686 3633 4739 rustica

2063 4784 2373 4838 innovarint
2404 4786 2454 4837 in
2490 4784 2797 4850 hujusmodi
2839 4783 3303 4849 possessionibus,
3340 4780 3478 4834 forte
3510 4796 3633 4843 qua:

2062 4877 2195 4941 ipsis
2222 4878 2417 4929 donata
2472 4893 2576 4929 non
2614 4877 2863 4933 fuerunt:
2899 4886 2989 4929 aut
3024 4877 3226 4929 donata
3253 4874 3471 4941 quidem
3511 4871 3628 4925 fue-

2061 4977 2221 5032 runt;
2246 4969 2519 5036 jussiones
2546 4979 2725 5022 autem
2756 4971 2821 5021 de
2855 4967 2936 5021 bis
2970 4967 3125 5021 factm
3164 4984 3273 5020 non
3309 4975 3433 5019 sunt
3468 4980 3631 5017 revo-

2060 5072 2215 5123 catm,
2246 5060 2323 5115 vel
2357 5062 2407 5116 in
2437 5064 2587 5129 prius
2608 5062 2928 5128 designatis,
2948 5061 3224 5131 quaeipsis
3250 5059 3449 5113 donata
3473 5067 3625 5117 sunt,

2058 5158 2332 5223 jussiones
2364 5158 2430 5211 de
2464 5160 2609 5228 prius
2642 5157 2881 5211 deﬁnitis
2912 5174 3018 5211 non
3056 5167 3182 5212 sunt
3224 5165 3509 5215 revocata},
3539 5165 3633 5206 aut

2056 5248 2363 5316 jussionnm
2407 5249 2773 5317 ituperalium,
2827 5266 2948 5319 qua:
3006 5250 3138 5319 ipsis
3190 5251 3410 5303 tributae
3460 5258 3628 5310 sunt,

2060 5341 2256 5411 aliqua)
2292 5343 2437 5397 nullo
2462 5342 2622 5396 modo
2658 5343 2946 5399 insinuata:
2983 5343 3236 5409 luerunt;
3275 5352 3368 5397 aut
3410 5341 3633 5395 fuerunt

2060 5438 2275 5505 quidem
2306 5439 2593 5493 insinuata:
2628 5441 2678 5493 iu
2716 5440 2898 5509 aliquo
2931 5457 3037 5493 non
3074 5449 3251 5493 tamen
3286 5446 3629 5506 competente

2062 5540 2290 5597 secreto;
2327 5543 2418 5587 aut
2464 5534 2752 5587 insinuata?
2800 5533 3123 5602 perierunt,
3160 5528 3405 5598 exempla
3440 5538 3625 5580 autem

2059 5639 2245 5677 earum
2296 5625 2398 5679 ﬁde
2430 5625 2591 5696 digna
2626 5625 3003 5696 reperiuntur;
3046 5634 3141 5678 aut
3168 5631 3309 5679 acta.
3347 5636 3469 5690 qua:
3498 5634 3627 5687 pro-

2060 5716 2254 5771 cedere
2287 5716 2576 5780 dcbebant,
2609 5734 2713 5773 non
2758 5724 3179 5784 processerunt,
3222 5712 3305 5766 vel
3347 5727 3468 5781 qua:
3501 5726 3631 5779 pro-

2062 5822 2340 5867 cesserunt
2391 5829 2495 5866 non
2546 5812 2671 5866 sunt
2720 5813 3034 5877 insinuata;
3068 5817 3180 5873 aut,
3218 5824 3338 5877 qua:
3385 5804 3501 5859 ticri
3533 5804 3627 5858 de-
