3972 6488
481 309 580 373 951

1752 313 2029 375 ΤΠΕΟΒ.
2065 313 2295 374 BALSA
2306 313 2459 375 MON

3621 305 3718 366 9‘52

474 425 733 488 buerunt.
763 429 1034 484 rationum
1067 431 1527 502 computationes,
1560 431 1717 487 facta!
1748 448 1858 488 non
1893 437 2043 496 sunt;

2148 428 2310 482 λοντα
2343 428 2617 498 προϐῆναι
2656 428 2716 478 οὐ
2743 424 3075 496 προέϐησαν,
3113 421 3147 493 ἢ
3187 421 3474 492 προϐάντα
3503 418 3564 474 οὐ
3593 431 3712 476 κατι

470 528 566 571 ant
618 517 757 576 forte
812 520 1114 590 quamlibet
1162 523 1322 578 aliam
1375 525 1446 578 ob
1503 539 1747 590 causam,
1803 527 1918 582 sive
1974 541 2040 580 ex

469 620 646 678 parte.
680 613 798 666 sive
826 613 879 666 in
916 622 1112 676 totum,
1153 629 1274 683 quae
1305 615 1504 670 adsunt
1544 633 1688 686 saepe
1720 618 1880 674 dictis
1910 633 2032 675 san-

467 703 574 755 ctis
610 701 701 755 Dei
741 703 993 759 ecclesiis
1020 707 1260 760 et.matri
1287 709 1532 762 omnium
1559 711 1680 778 jura
1705 713 2038 775 elaudicant,

467 803 522 845 et
558 794 685 848 inde
716 796 1027 851 firmitatem
1077 815 1233 854 suam
1288 816 1394 855 non
1450 792 1692 871 habent,
1718 807 1821 860 etsi
1859 809 2040 862 omnis

467 903 588 952 qua:
623 890 985 945 instrumenta
1019 892 1327 950 claudicare
1369 894 1572 960 faciat,
1608 913 1771 952 causa
1820 915 1926 954 non
1969 901 2041 955 sit

467 977 557 1032 hic
591 981 910 1035 nominatim
941 999 1236 1053 expressa;
1283 996 1378 1041 aut
1410 988 1514 1042 alia
1565 988 1705 1042 forte
1739 990 1872 1059 ipsis
1907 1007 2042 1047 con-

466 1071 586 1124 Ct'di
622 1073 929 1128 debuerunt
967 1077 1328 1136 instrumenta
1367 1081 1434 1135 de
1481 1081 1793 1151 hujusmodi
1843 1084 2040 1139 immo-

468 1163 693 1231 bilibus,
719 1181 845 1221 cum
878 1169 1057 1238 aliqua
1120 1172 1312 1226 salzem
1350 1173 1762 1242 impetraverint
1820 1179 1965 1245 (nam
1992 1179 2038 1234 si

466 1254 854 1311 documentum
895 1259 963 1313 de
1000 1262 1254 1330 quopiam
1287 1279 1351 1317 ex
1381 1267 1648 1335 possessis
1675 1283 1705 1322 a
1748 1284 1806 1324 se
1845 1271 2042 1324 immo-

469 1344 695 1408 bilibus,
731 1363 1081 1418 nequaquam
1124 1354 1498 1421 acquisierint,
1543 1357 1678 1411 nihil
1718 1373 1746 1410 a
1790 1363 2038 1429 praasenti

467 1435 658 1490 Aurea:
683 1437 848 1493 Bulla:
876 1441 1530 1515 orationejuvabuntur),
1567 1451 1712 1503 nulla
1749 1451 1804 1506 in
1838 1468 1894 1506 re
1929 1457 2041 1509 haec

469 1529 677 1590 oriinia.
707 1541 761 1585 et
799 1549 1143 1604 quaecunque
1174 1537 1277 1590 alia
1327 1541 1564 1609 cuipiam
1619 1561 1715 1614 pro
1753 1545 1884 1600 ﬁsco
1923 1562 2044 1601 cer-

470 1621 607 1674 tanti
661 1621 716 1676 in
773 1638 1004 1681 mentem
1042 1631 1370 1700 quandoque
1403 1635 1685 1699 venerint,
1719 1637 1914 1693 laedere
1943 1656 2042 1692 un-

475 1727 639 1776 quam
676 1717 1054 1772 sanctissimas
1086 1717 1178 1775 Dei
1218 1723 1498 1784 ecclesias,
1541 1735 1594 1778 et
1625 1727 1917 1797 Sapientiae
1948 1730 2038 1783 hei

2148 521 2521 590 εστρώθησαν,
2574 519 2606 590 ἦ
2667 517 2966 588 ὼρισοὲντα
3017 515 3266 584 γενέσθαι
3297 513 3590 582 λογίσιμα,
3630 516 3717 567 οὐκ

2147 612 2412 680 ἐγένοντο,
2439 612 2473 681 ἢ
2496 610 2636 665 κατά
2663 628 2781 664 τινα
2808 612 2938 674 ἴσως
2960 609 3127 678 ἄλλην
3154 607 3351 662 ὁποίαν
3371 607 3441 660 ἄν
3465 624 3550 669 τις
3567 608 3715 674 είποι,

2147 706 2326 759 alti-xv
2359 705 2470 758 εἴτε
2494 704 2632 758 κατά
2662 704 2828 774 μέρος
2862 703 2970 754 εἴτε
3004 699 3527 768 καθολόκληρον,τὰ
3558 715 3709 766 προσ-

2148 797 2277 850 όντα
2307 802 2426 861 ταῖς
2477 796 2736 858 πολλάκις
2795 794 3208 864 διαληφοείσαις
3243 791 3437 860 ἁγίαις
3470 790 3565 842 τοῦ
3598 791 3718 844 θεοῦ

2149 889 2470 959 ἐκκλησίαις
2506 889 2604 943 καὶ⁵
2635 892 2700 959 τῇ
2737 887 2908 958 μητρὶ
2942 886 3132 941 πασῶν
3163 883 3476 954 χωλεύουσι
3509 881 3720 935 δικαιὼ-

2153 998 2322 1050 ματα,
2364 981 2658 1034 κάντεῦθεν
2689 981 2788 1035 οὐκ
2823 981 3006 1051 ἔχουσι
3031 981 3091 1033 τὸ
3133 977 3592 1049 ἁπερικλόνητον,
3630 977 3722 1029 κᾶν

2155 1073 2229 1142 μὴ
2261 1073 2441 1143 ῥητῶς
2465 1073 2699 1126 ἐνταῦθα
2721 1075 2871 1126 πᾶσα
2895 1071 3206 1141 ὀποιαδήτις
3223 1070 3376 1123 αίτία
3402 1067 3722 1131 ὑποσκάζειν

2151 1166 2382 1219 ποιοῦσα
2435 1165 2505 1218 τὰ
2537 1166 2884 1236 δικαιώματα
2937 1163 3367 1234 ἐκπεφώνηται·
3429 1161 3462 1230 ἢ
3525 1161 3722 1229 ὀφεῖλον

2145 1258 2309 1326 τυχὸν
2359 1263 2452 1310 καὶ
2487 1258 2654 1328 ’ἐτερα
2685 1259 3033 1327 δικαιώματα
3089 1253 3610 1327 προσεπορεχθῆναι
3638 1255 3723 1306 αὖ.

2146 1353 2268 1414 ταῖς
2298 1351 2390 1402 ἐπὶ
2423 1353 2534 1414 τοῖς
2564 1351 2828 1412 τοιούτοις
2853 1350 3160 1418 ἀκινήτοις,
3206 1347 3281 1410 ὡς
3317 1346 3491 1400 τινῶν
3523 1347 3721 1399 πάντων

2148 1439 2471 1510 προδάντων
2501 1441 2559 1491 ἐν
2592 1441 2789 1502 αὐταῖς
2815 1439 3094 1508 ἀκινήτων
3149 1437 3479 1507 κέκτηνται,
3511 1437 3655 1490 οὐδέν
3676 1455 3721 1489 τι

2146 1531 2254 1584 ἀπὸ
2287 1531 2380 1583 τοῦ
2404 1531 2672 1600 παρόντος
2711 1530 3112 1601 χρυσοὸοὐλλου
3145 1529 3306 1598 λόγου
3345 1528 3722 1600 ὠφεληθήσονο

2148 1642 2258 1686 ται,
2318 1623 2459 1676 κατά
2495 1624 2664 1693 μηδέν
2698 1623 2947 1676 τιταῦτα
3010 1623 3207 1688 πάντα,
3265 1622 3362 1674 καὶ
3399 1623 3503 1675 ὃσα
3540 1622 3602 1675 ἄν
3648 1639 3720 1684 τις

2149 1715 2285 1769 ἄλλα
2325 1717 2404 1778 είς
2444 1715 2565 1767 νοῦν
2595 1714 2738 1785 λάϐῃ
2769 1715 2902 1766 ποτέ
2929 1715 3070 1784 ὑπὲρ
3098 1713 3190 1766 τοῦ
3232 1711 3508 1782 δημοσίου
3537 1713 3723 1778 ἀγωνι-

470 1805 756 1872 ιιειιιριιιιιι,
779 1808 1126 1878 reliquasque
1147 1816 1491 1883 metropoles,
1512 1820 2042 1888 archiepisc0patns,

2148 1808 2395 1877 ζόμενος,
2421 1807 2766 1876 καταὸλάψαι
2823 1809 2950 1860 ποτὲ
2980 1809 3077 1869 τὰς
3127 1806 3221 1860 τοῦ
3251 1805 3392 1857 Θεοῦ
3427 1805 3718 1872 ἁγιωτάτας

477 1900 849 1967 episcopatus,
879 1911 1136 1970 poterunt
1167 1905 1220 1958 in
1255 1907 1323 1962 iis
1364 1910 1762 1968 immobilibus.
1799 1929 1940 1982 qum,
1987 1923 2045 1968 ιιι

467 1986 679 2040 dictum
731 2001 832 2054 est,
877 1993 944 2046 ad
997 2009 1090 2048 eas
1139 1998 1434 2064 pertinent.
1473 2015 1535 2053 ex
1569 2001 2046 2073 qualibuscunque

469 2080 708 2146 juribus.
747 2083 804 2136 Si
852 2086 996 2138 enim
1031 2089 1244 2143 nullum
1292 2093 1514 2158 penitus
1549 2093 1638 2161 jus
1667 2097 1718 2146 in
1751 2095 2042 2164 aliquibus,

473 2189 593 2240 qua:
631 2175 770 2230 forte
806 2177 1028 2242 habent,
1079 2179 1452 2236 innnobilibns
1507 2187 1806 2253 possident.
1849 2204 1879 2241 a
1913 2205 2048 2257 prac-

474 2266 615 2317 scuti
653 2267 824 2321 Aurea
854 2267 1003 2321 Bulla
1047 2272 1254 2324 munita
1286 2275 1602 2330 definitione
1645 2277 1778 2331 nihil
1822 2280 2046 2332 omnino

469 2359 807 2420 jm‘abuntur
842 2377 856 2413 :
891 2362 1031 2413 sicut
1087 2378 1184 2415 nec
1239 2365 1290 2416 in
1339 2367 1539 2433 quibus
1596 2369 1761 2422 fiscus
1796 2385 1858 2423 ex
1889 2370 2042 2438 justa

477 2448 661 2515 aliqua
696 2464 858 2504 causa
889 2453 952 2504 ad
1003 2453 1321 2510 bodiernuut
1361 2473 1533 2526 usque
1572 2460 1712 2513 diem
1744 2464 2043 2526 possessio-

477 2556 600 2591 llt‘lll
633 2540 839 2597 habuit.
880 2546 934 2598 lu
973 2545 1056 2599 his
1094 2548 1236 2600 enim
1271 2551 1526 2606 omuilms
1555 2553 1694 2620 juris
1725 2555 2039 2608 observabi-

473 2642 562 2685 tur
597 2645 783 2688 exacta
814 2637 1122 2707 disciplina.
1159 2640 1212 2694 Si
1245 2643 1368 2711 quis
1401 2660 1530 2710 ergo
1559 2647 1690 2699 velit
1717 2665 1736 2708 δ
1765 2648 1834 2699 ob
1861 2649 2044 2701 avari-

477 2726 606 2775 tiam
645 2728 726 2778 vel
780 2729 852 2786 ob
896 2731 1057 2784 aliam
1108 2734 1344 2801 aliquam
1394 2750 1635 2798 causam,
1689 2754 1771 2799 ea,
1826 2755 1945 2807 qtae
1991 2740 2042 2791 in

472 2821 725 2884 prmsenti
761 2821 1060 2886 majestatis
1099 2841 1229 2878 mea:
1269 2826 1444 2881 Aurea
1489 2827 1638 2883 Bulla
1675 2831 1882 2883 munita
1911 2831 2046 2884 deli-

473 2911 684 2964 nitione
712 2915 1005 2967 constituta
1034 2927 1184 2981 sunt,
1219 2920 1490 2987 negligere
1522 2937 1534 2972 :
1564 2922 1796 2988 primum
1824 2923 2043 2984 quidem

473 3013 675 3053 Sancta-
697 3003 980 3059 Trinitatis
1016 3009 1210 3066 luerent.
1243 3012 1462 3078 quando
1487 3028 1672 3067 coram
1709 3013 2040 3068 formidabili

475 3093 730 3146 tribunali
770 3097 1104 3158 steterimus.
1144 3116 1246 3152 non
1279 3103 1490 3161 viderit.
1533 3119 1560 3156 a
1604 3105 2040 3159 Christianorum

473 3194 654 3239 autem
696 3197 868 3254 parte,
921 3201 979 3244 ut
1009 3190 1180 3246 ludas
1213 3209 1242 3246 a
1280 3195 1615 3251 duodenario
1648 3214 1878 3252 nurnero
1906 3239 1920 3260 ,
1954 3213 2050 3252 cx—

474 3280 687 3342 eiderit;
725 3293 982 3350 prazterra
1025 3294 1202 3338 autent
1238 3296 1290 3340 et
1331 3289 1767 3344 maledictioncm
1803 3298 2048 3344 attraxe-

475 3370 546 3421 rit
579 3386 766 3424 eorum
801 3374 892 3440 qui
927 3390 953 3426 a
985 3377 1184 3429 sarculo
1216 3376 1552 3433 dormierunt
1588 3391 1901 3433 sanctorum
1940 3381 2047 3448 pri-

477 3463 897 3528 niogcnitorum,
926 3466 1199 3532 justoruin
1233 3481 1283 3522 et
1317 3469 1628 3525 divinorum
1663 3475 1913 3526 Patrum.

545 3637 706 3707 312
724 3639 978 3697 ΖΟΝΑΒ.
1001 3642 1670 3718 ΕοεΙθςὶτιτυιιιαῦτοὺργια
1687 3651 2047 3708 inabenabilia

477 3732 686 3785 scrt'ari
711 3734 796 3786 hic
819 3750 992 3787 canon
1013 3737 1165 3802 jubet
1193 3737 1512 3809 (αὐτούργια
1537 3753 1741 3805 autem,
1777 3743 1878 3798 huc
1908 3749 2045 3809 loco,

478 3836 818 3892 qumcunquc
851 3825 1086 3878 fructum
1123 3845 1185 3881 ex
1223 3846 1280 3883 se
1327 3830 1466 3886 ferre
1511 3846 1712 3901 queant
1740 3876 1754 3899 ,
1791 3837 2048 3906 intelligi-

477 3914 1079 3985 tnns),,proferuntque
1119 3917 1306 3973 Patres
1331 3923 1690 3990 apostolicum
1737 3939 2000 3978 canonem
2031 3967 2046 3990 ,

479 4018 590 4069 quo
642 4019 819 4058 rerum
871 4009 1364 4063 ecclesiasticarum
1421 4014 1736 4080 procuratio
1791 4015 2049 4084 episcopo

478 4095 856 4162 demandatur,
902 4109 959 4152 ιιι
997 4117 1090 4156 eas
1143 4102 1251 4166 ille,
1302 4104 1463 4156 veluti
1519 4103 1863 4172 inspectante
1915 4106 2044 4173 Deo,

477 4189 846 4267 administrct,
881 4209 978 4246 nec
1007 4210 1072 4248 ex
1107 4195 1172 4250 iis
1201 4197 1404 4257 aliquid
1433 4198 1781 4265 intervertat,
1814 4201 1916 4254 hoc
1941 4212 2046 4264 est,

475 4281 578 4334 sibi
638 4292 894 4349 tanquam
938 4288 1218 4356 propritnn
1257 4290 1514 4354 vindicet,
1571 4307 1753 4362 neque
1799 4296 2046 4359 cognatis

476 4372 592 4426 suis
625 4375 904 4443 largiatur.
942 4377 1096 4443 Quod
1131 4379 1174 4432 si
1210 4379 1370 4442 forte,
1411 4367 1772 4450 inquiunt’hi
1831 4384 2044 4448 Patres,

476 4465 720 4520 sterilem
753 4483 944 4537 agrum
980 4485 1042 4524 ac
1087 4473 1314 4537 proinde
1358 4475 1604 4530 ecclesiae
1637 4477 1877 4532 inutilem
1926 4495 2046 4533 esse

472 4557 769 4624 episcopus
805 4558 1093 4621 obtendat;
1137 4576 1202 4613 ne
1224 4561 1304 4614 sic
1339 4563 1554 4630 quidem
1602 4582 1724 4618 eum
1760 4569 2046 4635 magistra-

473 4645 646 4711 tibus,
679 4646 772 4700 sed
809 4658 904 4699 aut
931 4649 1151 4703 clericis
1185 4660 1279 4703 aut
1325 4653 1584 4719 agricolis
1606 4695 1621 4718 ,
1659 4656 1914 4710 addicat:
1941 4659 2051 4711 ele-

474 4739 606 4790 ricis
634 4739 875 4805 quidem,
909 4741 1035 4808 quia
1073 4743 1360 4799 inferiores
1393 4754 1446 4798 ct
1469 4747 1700 4815 subjecti
1731 4759 1876 4813 sunt;
1903 4751 2048 4818 agri-

472 4826 611 4878 colis
652 4842 782 4881 vero
809 4869 824 4885 .
854 4838 1040 4898 utpote
1071 4833 1163 4901 qui
1212 4834 1324 4887 ruri
1363 4835 1620 4902 degentes
1659 4837 1710 4888 in
1753 4839 2048 4893 humiliore

476 4928 642 4986 atque
661 4919 992 4988 subjectiore
1022 4923 1242 4978 fortuna
1264 4935 1572 4981 versantur.
1593 4927 1746 5007 Quod
1767 4930 1810 4982 si
1829 4940 2046 4985 versute

477 5025 544 5064 ac
593 5010 780 5067 dolose
815 5013 1018 5071 clerico
1070 5017 1289 5085 quidem
1352 5027 1446 5072 aut
1505 5020 1756 5089 agricola:
1819 5021 2046 5077 dedatur

481 5116 634 5170 ager,
660 5104 753 5158 sed
803 5105 870 5158 ab
921 5118 1218 5176 eolpostea
1270 5109 1507 5178 cuipiam
1565 5127 1596 5166 e
1640 5113 2044 5182 magistratibus

479 5197 842 5266 nlancipetur,
879 5207 1050 5250 totum
1085 5198 1213 5254 ci’ud
1246 5203 1518 5271 negotium
1548 5242 1564 5266 ,
1591 5210 1703 5257 sive
1733 5204 2044 5258 venditione

477 5289 595 5342 sive
622 5289 732 5342 alia
778 5303 1109 5359 quacunque
1159 5295 1370 5347 ratione
1421 5302 1777 5359 transactum,
1830 5296 2040 5347 irritum

475 5393 621 5440 esse,
674 5380 1186 5448 possessionemque
1236 5383 1480 5438 ecclesia:
1525 5385 1761 5448 restitui,
1793 5385 1984 5451 jubent
2024 5425 2038 5437 .

473 5472 569 5540 qui
603 5485 731 5524 vero
757 5485 871 5524 rem
904 5473 1169 5539 ejusmodi
1217 5474 1518 5538 admiserit,
1555 5485 1611 5528 ut
1656 5492 1749 5544 per
1798 5475 2040 5528 fraudem

480 5559 751 5625 videlicet,
790 5562 872 5616 vel
908 5563 1070 5616 etiam
1108 5562 1398 5616 manifesto
1448 5574 1500 5616 rt
1543 5566 1716 5633 palam
1747 5607 1760 5626 ,
1794 5567 2041 5635 dynastis

476 5652 874 5707 ecclesiasticas
899 5651 1275 5721 possessiones
1301 5655 1576 5724 proderet,
1610 5657 1722 5711 sive
1754 5658 2040 5726 cpiscopus

473 5745 590 5800 sive
637 5745 955 5802 monasterii
996 5745 1285 5818 praefectus
1313 5748 1404 5814 sit,
1447 5763 1476 5803 c
1510 5748 1785 5819 dignitatis
1823 5749 1993 5821 gradu
2023 5790 2037 5818 ,

2148 1899 2466 1966 ἐκκλησίας,
2502 1899 2592 1951 τόν
2615 1916 2673 1951 τε
2704 1900 2802 1965 τῆς
2824 1899 2919 1951 τοῦ
2947 1897 3080 1951 Θεοῦ
3105 1897 3298 1961 σοφίας
3317 1891 3498 1959 οἷκον,
3522 1894 3720 1956 καὶτὰς

2145 1987 2336 2050 λοιπὰς
2401 1989 2785 2057 μητροπόλεις.
2843 1988 3324 2058 ἀρχιεπισκοπας,
3391 1985 3706 2063 ἐπισκοπάς,

2145 2079 2436 2147 δυνήσεται
2464 2080 2559 2132 ἐπὶ
2587 2083 2719 2144 τοῖς,
2759 2080 2835 2142 ὡς
2882 2081 3122 2148 εἴρηται,
3158 2077 3518 2146 διαφέρουσιν
3552 2076 3718 2138 αὐτοῖς

2147 2173 2422 2242 ἀκινήτοις
2438 2173 2534 2240 ἀφ’
2556 2173 2887 2240 οἱωνδήποτε
2913 2171 3322 2238 δικαιωμάτων.
3346 2170 3412 2221 Ei
3431 2169 3539 2240 γὰρ
3566 2169 3719 2237 μηδέν

2145 2280 2198 2315 τι
2231 2265 2493 2331 μηδαμῶς
2514 2265 2790 2332 δικαίωμα
2815 2263 3118 2330 ἐκτήσαντο
3164 2261 3256 2312 ἐπί
3291 2278 3440 2313 τισιν
3473 2259 3598 2322 ἴσως
3623 2260 3717 2311 τῶν

2149 2356 2462 2424 προσόντων
2521 2357 2712 2418 αὐταῖς
2769 2356 3064 2424 ἀκινήτων,
3139 2353 3406 2422 οὐδεμίαν
3471 2353 3577 2405 ἀπὸ
3633 2352 3716 2404 τοῦ

2152 2445 2418 2514 παρόντος
2450 2444 2846 2515 χρυσοϐοὐλλου
2871 2444 3030 2511 λόγου
3067 2444 3335 2511 ὠφέλειαν
3365 2443 3491 2509 ἐξου
3504 2461 3602 2505 σιν,
3622 2441 3715 2492 ῶσο

2150 2553 2254 2605 περ
2287 2537 2406 2588 οὐδέ
2440 2537 2525 2604 ἐφ’
2563 2531 2644 2597 οἷς
2697 2536 2821 2605 ἔσχε
2861 2536 2960 2606 τὴν
3016 2537 3255 2605 κατοχὴν
3280 2536 3307 2586 δ
3335 2535 3598 2602 δημόσιος
3629 2533 3714 2602 ἀφ’

2147 2628 2490 2698 οἱασδήτινος
2525 2628 2750 2694 εὐλόγου
2782 2629 2963 2690 αἰτίας
2994 2629 3156 2696 μέχρι
3176 2626 3277 2694 τῆς
3310 2627 3558 2693 σήμερον
3579 2639 3595 2655 ⁸
3629 2625 3712 2678 ἐπὶ

2146 2721 2357 2782 τούτοις
2379 2721 2488 2788 γὰρ
2516 2722 2649 2773 πᾶσι
2688 2720 2747 2772 τὸ
2775 2721 3002 2790 ἀκριϐὲς
3034 2717 3625 2788 παραφυλαχῦήσεται.
3656 2717 3713 2768 Εἴ

2145 2829 2229 2874 τις
2248 2811 2340 2864 οῦν
2361 2812 2575 2880 θελήσει
2604 2813 2691 2864 δια
2711 2811 3147 2881 φιλοχρηματίαν
3176 2809 3208 2880 ἦ
3230 2809 3296 2861 δι’
3325 2811 3526 2877 ἑτέραν
3549 2807 3709 2860 αἰτίαν

2147 2905 2268 2956 τινα
2302 2905 2713 2973 καταφρονῆσαι
2747 2903 2854 2956 τῶν
2887 2906 2942 2954 ἐν
2978 2903 3054 2973 τῷ
3085 2902 3317 2970 παρόντι
3343 2899 3709 2969 χρυσοεούλλῳ

2147 2995 2291 3062 λόγῳ
2324 2995 2418 3061 τῆς
2452 2995 2726 3062 βασιλείας
2781 3011 2880 3062 μου
2935 2992 3334 3062 διιιιρισμένων,
3395 2990 3587 3059 πρῶτα
3624 2991 3709 3059 μὲν

2148 3079 2240 3136 οὖν
2270 3085 2330 3135 τὸ
2352 3085 2452 3154 τῆς
2485 3085 2645 3151 ἁγίας
2691 3084 2918 3151 Τριάδος
2942 3085 3166 3151 φέγγος,
3207 3083 3298 3135 ὅτε
3340 3083 3707 3152 περιστάμεθα

2147 3177 2224 3246 τῷ
2258 3177 2472 3247 φοϐερῷ
2504 3177 2730 3246 βήματι,
2759 3177 2832 3246 μὴ
2862 3176 3138 3237 θεάσαιτο,
3174 3174 3404 3226 ἐκπέσοι
3422 3173 3478 3226 δὲ
3504 3172 3704 3238 καὶτῆς

2148 3269 2256 3321 τῶν
2287 3271 2629 3337 Χριστιανῶν
2659 3270 2895 3340 μερίδος,
2927 3269 3001 3332 ὡς
3043 3267 3244 3328 Ἰούδας
3265 3267 3363 3336 τῆς
3385 3266 3705 3324 δυοδεκάδος’

2149 3361 2286 3430 πρὸς
2314 3361 2395 3412 ἔτι
2427 3362 2640 3425 τούτοις
2666 3363 2758 3413 καὶ
2791 3361 2888 3430 τὴν
2914 3359 3052 3430 ἀρὰν
3084 3359 3458 3411 ἐπισπάσαιτο
3491 3360 3596 3410 τῶν
3621 3355 3706 3410 ἀπ’

2148 3454 2346 3517 αἰῶνος
2403 3453 2928 3523 προκεκοιμημένων
2978 3450 3339 3522 πρωτοτόκων
3407 3450 3595 3519 ἁγίων,
3641 3448 3708 3501 δι·

2148 3548 2319 3598 καίων
2349 3547 2443 3600 καὶ
2467 3547 2740 3615 Θεοφόρων
2775 3546 3059 3618 Πατὲρων.

2224 3640 2465 3692 ΖΩΝΑΡ.
2496 3640 2576 3692 Τὰ
2599 3639 2897 3709 αὐτούργια
2922 3640 3029 3692 τῶν
3056 3641 3363 3712 ἐκκλησιῶν
3396 3635 3705 3704 ἀνεκποίητσ

2149 3732 2176 3781 ὁ
2207 3730 2386 3783 κανὼν
2415 3723 2569 3793 οὗτος
2599 3729 2809 3782 κελεύει
2852 3731 3216 3799 φυλάττεσθαι
3257 3730 3623 3801 (αὐτούργιον
3662 3725 3699 3777 δ’

2150 3819 2381 3871 ἐνταῦθα
2415 3821 2521 3872 πᾶν
2558 3819 2884 3888 εὐπρόσοδον
2925 3820 3199 3888 νοητέον)·
3231 3822 3325 3874 καὶ
3355 3821 3448 3874 τὸν
3498 3822 3704 3871 ἀποστοο

2149 3911 2298 3963 λικδν
2319 3912 2518 3964 κανόνα
2553 3912 2916 3980 παράγουσιν,
2945 3915 3092 3975 ὅστις
3121 3913 3200 3982 τῷ
3226 3915 3512 3983 ἐπισκόπῳ
3536 3907 3700 3963 ἀνατί·

2153 4001 2276 4072 Θησι
2307 4005 2405 4072 τὴν
2436 4005 2692 4073 φροντίδα
2719 4005 2828 4057 τῶν
2862 4005 3333 4076 ἐκκλησιαστικῶν
3355 4003 3696 4076 πραγμάτων,

2151 4095 2216 4146 ἵν’
2242 4097 2382 4148 αὐτά
2412 4096 2584 4165 διοικῇ
2613 4096 2688 4158 ὡς
2713 4096 2803 4149 τοῦ
2833 4097 2967 4149 Θεοῦ
3002 4098 3328 4168 ἐφορῶντος,
3352 4101 3446 4152 καὶ
3473 4097 3626 4168 μηδὲν
3650 4092 3698 4156 ἑξ

2149 4189 2330 4240 αὐτῶν
2368 4191 2778 4258 σςοετερίζηται,
2839 4191 2957 4261 ἦτοι
3009 4191 3308 4257 οἰκειῶται,
3365 4186 3697 4264 ῆσυγγενὲσι

2150 4279 2443 4349 χαρίζηται
2484 4281 2726 4334 ἐαυτοῦ.
2761 4282 2823 4334 Εἰ
2873 4283 2932 4336 δὲ
2978 4285 3369 4352 προφασίζοιτο
3399 4283 3695 4340 ἐπίσκοπος,

2151 4373 2313 4437 φασιν
2346 4373 2395 4424 oi
2424 4374 2664 4442 Πατέρες
2700 4365 2869 4440 οῦτοι,
2916 4376 2998 4428 ὅτι
3028 4377 3331 4446 ἀπρόσοδός
3357 4378 3470 4428 ἐστι
3506 4371 3650 4442 τυχὸν
3671 4367 3696 4419 ὀ

2150 4466 2339 4536 ἀγρὸς,
2366 4467 2460 4519 καὶ
2497 4467 2754 4536 οὐδεμίαν
2779 4467 3048 4539 ὠφέλειαν
3083 4472 3150 4539 τῇ
3183 4470 3451 4540 ἐκκλησία
3479 4463 3694 4536 ἐμποιεῖν

2154 4559 2291 4626 μηδὲ
2323 4557 2496 4621 οὕτως
2525 4559 2792 4629 ἄρχουσιν
2841 4561 3004 4613 αὐτὸν
3037 4561 3315 4625 ἐκδιδότω,
3369 4561 3500 4618 ἀλλά
3525 4558 3696 4624 κληρι·

2150 4653 2275 4722 κοῖς,
2300 4649 2621 4720 ἧγεωργοῖς
2643 4665 2657 4680 ·
2692 4653 2804 4714 τοῖς
2846 4652 2944 4721 μὲν
2975 4651 3260 4722 κληρικοῖς
3311 4653 3386 4716 ὡς
3420 4645 3690 4715 ὑποκειμέ-

2149 4714 2436 4810 νοις1α-ὐτῷ
2591 4742 2895 4810 ὑπείκουσι,
2937 4747 3047 4806 τοῖς
3064 4744 3120 4796 δὲ
3154 4747 3421 4816 γεωργοῖς
3448 4743 3520 4807 ὡς
3547 4739 3692 4808 ἀγρό-

2149 4853 2271 4898 ταις
2327 4834 2661 4904 ἀνθρώποις,
2723 4839 2815 4889 καὶ
2876 4835 3128 4899 εὐτελοῦς
3185 4840 3277 4890 καὶ
3331 4832 3689 4901 ταπεινοτέρας

2148 4927 2556 4989 καταστάσεως.
2596 4927 2656 4979 Ei
2689 4927 2742 4980 δὲ
2777 4927 3101 4998 πανούργοις
3147 4931 3240 4982 καὶ
3275 4931 3411 4998 μετὰ
3440 4926 3581 5010 δόλου
3608 4923 3687 5010 ἐκέ

2146 5016 2323 5088 δοθείη
2356 5018 2454 5086 μὲν
2473 5021 2500 5070 δ
2524 5018 2690 5090 ἀγρὸς
2719 5018 2970 5089 κληρικῷ
3001 5020 3033 5090 ἢ
3058 5020 3311 5090 γεωργῷ,
3335 5021 3391 5086 ἐξ
3425 5017 3615 5072 ἐκείνου
3635 5009 3683 5063 δὲ

2151 5111 2470 5179 μετατεθείη
2502 5112 2582 5172 είς
2638 5111 2960 5181 ἀρχοντικὺν
2988 5113 3300 5182 πρόσωπον,
3347 5113 3543 5178 ἄκυρον
3565 5102 3685 5157 εἶναι

2146 5199 2206 5250 τὸ
2246 5199 2510 5268 πραχθὲν,
2567 5198 2678 5251 εἴτε
2709 5201 2912 5269 πρᾶσις
2956 5198 3190 5267 λέγοιτο,
3218 5202 3324 5254 εἴτε
3361 5198 3678 5260 συνάλλαγμα

2145 5289 2355 5358 ἕτερον,
2394 5288 2489 5339 καὶ
2513 5287 2988 5341 ἀποκαθίστασθαι
3021 5287 3082 5339 τὸ
3109 5289 3343 5358 πρᾶγμα
3375 5290 3437 5357 τῇ
3477 5279 3681 5344 Ἐκκλη·

2147 5381 2259 5449 σία.
2309 5378 2372 5432 Ὀ
2399 5377 2454 5431 δὲ
2507 5379 2665 5431 τοῦτο
2718 5377 2908 5438 ποιῶν,
2934 5377 2996 5428 τὸ
3037 5379 3176 5447 μετά
3205 5377 3355 5429 δόλου
3394 5371 3616 5445 δηλονότι
3649 5362 3674 5433 ἦ

2146 5472 2239 5526 καὶ
2267 5472 2514 5542 φανερῶς
2534 5471 2842 5542 προδιδόναι
2864 5469 3148 5530 δυνάσταις
3168 5469 3234 5521 τὰ
3257 5469 3420 5537 ἐκκλη
3431 5456 3674 5563 σιαττικξιο

2146 5567 2254 5619 εἴτε
2287 5565 2585 5626 ἐπίσκοπος
2615 5564 2724 5632 εἴη,
2756 5561 2866 5614 εἴτε
2923 5563 3244 5628 ἡγούμενος,
3267 5553 3591 5613 ἐκδιωκέσοω
3614 5553 3675 5607 ὡς

2145 5655 2550 5724 διασκορπίζων
2598 5654 2785 5716 κακῶς
2838 5653 2873 5706 ἃ
2928 5652 2990 5704 οὐ
3047 5652 3373 5721 συνήγαγεν.
3437 5648 3492 5700 Εἰ
3525 5635 3672 5728 γάρέ

2146 5747 2376 5812 ἕκαστος
2438 5748 2707 5818 ἐκτήσατο
2766 5743 3174 5813 διασκορπίζων
3233 5743 3413 5808 κακῶς
3469 5723 3670 5808 κρίματι
