3972 6488
546 336 656 402 959

1804 353 1906 414 ΤΠ
1917 351 2084 416 EOD.
2127 351 2533 415 BALSAMON

3661 359 3749 423 960

547 459 823 521 ponentur
861 466 877 505 :
911 451 995 508 sin
1021 468 1152 509 vero
1177 454 1299 510 laici
1321 456 1403 513 vel
1436 460 1710 528 monachi,
1746 468 2108 536 segregabun-

2212 485 2303 539 τοῦ
2328 487 2425 554 μὲν
2444 485 2722 558 ἱερατικοῦ
2744 487 3041 556 καταλόγου
3056 488 3230 553 ὄντες,
3261 488 3745 561 καθαιρεθήσονται·

546 553 673 609 tur;
702 553 761 599 ut
787 544 1007 601 domum
1035 545 1129 603 Dei
1156 548 1378 627 domum
1409 555 1795 622 negotiationis
1822 560 2104 619 facientes.

1126 734 1356 791 CANON
1395 736 1534 793 XIV.

550 837 571 870 ι
608 819 762 885 Quod
797 822 930 877 ordo
952 823 1005 878 in
1026 828 1174 879 omni
1199 829 1506 886 sacerdotio
1524 834 1786 890 custodiri
1826 837 2004 905 debet,
2027 852 2110 897 est

624 934 643 961 ι
680 915 933 969 omnibus
956 918 1305 974 manifestum
1351 940 1365 975 :
1404 933 1455 977 et
1500 927 1784 982 sacerdotii
1808 934 2110 1007 promotio-

621 1025 640 1057 ι
683 1022 778 1062 nes
809 1016 997 1064 exacte
1053 1026 1274 1067 servare
1333 1014 1441 1069 Deo
1468 1029 1680 1089 gratum
1709 1030 1811 1078 est.
1842 1024 2109 1091 Quoniam

623 1116 644 1146 ‹
682 1114 813 1167 ergo
869 1101 1119 1156 videmus
1170 1107 1459 1164 nonnullos
1488 1126 1516 1163 a
1549 1114 1732 1180 pueris
1762 1116 1891 1170 eleri
1926 1128 2112 1175 tonsu-

619 1476 637 1506 c
681 1466 800 1523 tes;
838 1476 932 1527 per
967 1475 1284 1530 prmsentem
1315 1484 1603 1532 canonem.
1646 1492 1712 1530 ne
1746 1477 1846 1533 hoc
1879 1480 2113 1551 ﬁat,’ju-

619 1567 639 1599 ι
679 1549 869 1605 bemus
903 1572 915 1607 :
956 1554 1118 1624 idque
1154 1558 1332 1625 ipsum
1381 1566 1543 1618 etiam
1582 1566 1632 1619 in
1671 1574 1959 1629 monachis
1996 1591 2115 1631 ser-

624 1659 643 1690 ‹
686 1643 823 1696 vari.
875 1644 1122 1703 Lectoris
1172 1661 1354 1707 autem
1405 1672 1661 1714 manuum
1713 1662 2111 1733 impositionem

616 1749 636 1783 ι
674 1732 802 1788 licet
830 1736 881 1790 in
904 1741 1126 1809 proprio
1151 1747 1484 1801 monasterio
1506 1751 1667 1805 etiam
1693 1756 1793 1808 soli
1818 1759 2112 1830 unicuique

619 1842 639 1874 ι
678 1826 937 1893 praefecto
985 1830 1206 1900 facere;
1261 1836 1306 1890 si
1353 1837 1420 1893 ad
1472 1840 1593 1907 ejus
1634 1826 2112 1912 praefecturam-ab

616 1933 636 1966 ι
674 1919 929 1990 episcopo
964 1938 1220 1980 manuum
1257 1928 1533 1998 impositio
1564 1934 1653 1990 θαι
1688 1939 1791 2009 ipsi
1829 1944 2110 2012 praefecto,

624 2025 644 2057 ι
682 2010 775 2075 qui
808 2011 1015 2068 scilicet
1045 2025 1099 2070 et
1130 2018 1245 2085 ipse
1299 2031 1385 2077 est
1416 2028 1723 2100 presbyter.
1770 2033 2028 2092 Similiter
2056 2010 2112 2094 et

618 2117 637 2147 ι
673 2115 738 2153 ex
799 2104 1022 2173 antiqua
1088 2115 1482 2173 consuetudine
1529 2122 1951 2195 ehorepiscopos
1999 2134 2109 2202 epi-

616 2207 635 2239 ι
673 2194 823 2261 scopi
859 2200 1125 2263 permissu
1166 2216 1375 2270 oportet
1402 2225 1496 2277 per
1519 2228 1771 2269 manuum
1813 2220 2114 2289 impositio-

612 2302 631 2334 ι
672 2302 791 2340 nem
823 2288 1054 2346 lectores
1082 2310 1287 2350 creare.
1327 2319 1345 2349 ›

611 2376 809 2435 BALS.
853 2383 999 2437 Ordo
1042 2390 1220 2441 ouznia
1274 2394 1517 2449 continet
1551 2401 1795 2455 caelestia
1840 2414 1895 2457 et
1940 2415 2113 2462 terre—

539 2474 674 2523 stria
708 2489 721 2525 :
756 2474 924 2529 multo
956 2479 1126 2547 magis
1152 2492 1355 2546 autem.
1385 2489 1427 2539 si
1465 2490 1640 2546 bonus
1679 2497 1813 2549 ordo
1845 2498 1895 2549 iu
1925 2515 2110 2554 sacer-

539 2560 760 2617 dotibus
799 2577 1069 2637 versetur,
1102 2574 1153 2627 id
1191 2576 1354 2629 Deum
1390 2580 1619 2653 mitigat.
1660 2586 1925 2652 Quoniam
1959 2610 2106 2666 ergo,

540 2653 796 2721 inquiunt
819 2663 993 2715 sancti
1030 2665 1246 2732 Patres,
1277 2670 1523 2729 videmus
1552 2682 1843 2737 nonnullos
1871 2700 1896 2737 a
1929 2691 2111 2755 pueris

540 2747 713 2815 nigris
746 2754 993 2809 vestibus
1024 2756 1270 2823 imlutos,
1306 2774 1562 2835 tanquam
1599 2770 1705 2825 Deo
1736 2789 2107 2848 consecratos,

540 2847 883 2912 tousuraque
920 2863 1026 2902 non
1065 2866 1157 2918 per
1183 2856 1427 2925 episcopi
1461 2864 1544 2915 sui
1588 2880 1842 2921 manuum
1882 2870 2111 2941 imposi-

538 2929 743 2986 tiouem
794 2950 1071 3008 suscepta,
1132 2946 1395 3005 audentes
1448 2962 1654 3022 autem,
1705 2970 1988 3027 postquam
2043 2965 2109 3019 ad

537 3034 750 3079 :etateui
791 3037 1157 3101 pervenerint,
1185 3040 1396 3099 divinas
1424 3044 1735 3115 Scripturas
1766 3052 1817 3106 in
1850 3066 2105 3123 suggestu

536 3130 648 3170 non
684 3124 945 3179 canonice
974 3127 1183 3197 legere:
1212 3136 1506 3193 statuimus
1528 3156 1594 3194 ne
1625 3142 1727 3197 hoc
1748 3144 1856 3210 fiat,
1887 3156 1943 3199 ut
1967 3152 2108 3217 quod

536 3208 609 3262 sit
644 3213 1063 3275 iuordinatioois
1088 3238 1274 3285 causa.
1304 3244 1402 3283 nec
1433 3232 1555 3299 quis
1585 3234 1766 3289 divina
1796 3238 2107 3309 Scripturas

536 3303 697 3357 aliter
722 3306 773 3359 in
803 3323 1062 3380 suggestu
1098 3315 1261 3386 legat,
1298 3336 1459 3389 quam
1491 3325 1535 3378 si
1570 3314 1806 3383 tonsum
1827 3332 2109 3390 characte-

538 3410 652 3450 rem
688 3406 960 3472 acceperit
986 3423 1080 3475 per
1105 3413 1466 3480 episcopalem
1502 3435 1763 3474 manuum
1804 3424 2110 3494 impositio-

538 3503 687 3544 nem.
726 3491 837 3548 Hoc
872 3496 1051 3564 ipsum
1087 3512 1265 3556 autem
1292 3508 1456 3560 etiam
1491 3510 1543 3562 in
1574 3514 1853 3570 monachis
1884 3533 2108 3575 servan-

539 3580 687 3634 dum.
751 3584 1013 3649 Quoniam
1080 3605 1302 3660 autem,
1370 3609 1427 3652 ut
1486 3615 1912 3664 consentaneum
1978 3620 2104 3678 est,

540 3672 645 3727 hoe
723 3680 1001 3736 monachis
1069 3682 1284 3741 dillicile
1350 3690 1672 3762 videbatur,
1737 3700 1829 3767 qui
1893 3717 2105 3761 eremos

541 3776 601 3818 ut
671 3767 957 3835 plurimum
1021 3774 1284 3846 habitant,
1351 3792 1406 3837 et
1478 3800 1583 3840 non
1651 3803 1879 3858 possunt
1945 3798 2104 3852 urbes

542 3856 718 3921 obire,
765 3876 863 3916 nec
905 3864 1190 3937 episcopos
1232 3872 1393 3929 facile
1441 3877 1623 3945 adire;
1662 3895 1978 3941 concessum
2026 3898 2110 3943 est

542 3964 733 4005 eoriim
790 3956 1081 4026 praefectis,
1134 3965 1225 4031 qui
1275 3968 1344 4035 ab
1408 3971 1677 4043 episcopis
1736 3978 2106 4037 characterem

543 4057 825 4115 accepere,
853 4052 1179 4123 presbyteris
1234 4060 1451 4129 quidem
1500 4070 1808 4123 necessario
1839 4074 2109 4129 exsistun-

543 4136 708 4204 tibus,
755 4145 1055 4203 monachos
1108 4148 1337 4209 lectores
1395 4155 1449 4210 in
1506 4162 1726 4229 proprio
1773 4169 2111 4222 monasterio

541 4227 742 4296 facere,
799 4246 857 4291 ut
916 4240 1016 4307 ipsi
1051 4243 1189 4298 citra
1234 4247 1398 4302 ullum
1454 4227 1901 4322 impedimentum
1946 4262 2108 4332 315

539 4323 752 4381 divinas
812 4330 865 4384 in
923 4346 1177 4406 suggestu
1272 4339 1583 4411 Scripturas
1670 4347 1870 4418 legant.
1947 4323 2111 4408 siis:

539 4416 663 4471 liter
690 4419 850 4475 etiam
879 4426 1281 4500 chorepiseopis
1314 4449 1633 4491 concessum
1665 4450 1766 4506 est,
1806 4452 1863 4495 ut
1891 4445 2108 4513 episco-

2144 1805 2186 1859 Β

2141 3144 2181 3205 C

2212 584 2259 635 εί
2283 582 2340 635 δέ
2366 582 2548 635 λαῖκοὶ
2584 581 2617 651 ἢ
2656 583 2884 651 μοναχοὶ
2942 582 3327 651 τυγχάνουσιν,
3387 585 3750 657 ἀφορισθὴσον·

2212 690 2321 736 ται,
2344 673 2417 737 ώς
2445 673 2534 726 τὸν
2560 670 2709 726 οἶκον
2729 673 2823 726 τοῦ
2847 673 2982 727 Θεοῦ
3012 671 3162 728 οἷκον
3191 676 3458 746 ἐμπορίου
3483 680 3750 745 ποιοῦντες.

2320 814 2323 819 .
2807 768 3053 821 ΚΑΝΩΝ
3089 769 3191 823 1Δ’.

2220 871 2239 904 ι
2289 854 2415 908 Ὅτι
2448 854 2599 921 τάξις
2628 857 3049 926 ἐμπολιτεύεται
3077 861 3135 913 ἐν
3166 862 3435 935 ἱερωσύνῃ
3466 865 3630 938 πάσῃ,
3657 870 3755 939 ἀρί-

2293 964 2313 998 ι
2355 947 2515 1014 δηλόν
2542 949 2681 1014 ἐστι,
2711 950 2809 1004 καὶ
2844 949 2906 1002 τὸ
2945 951 3043 1005 σὺν
3072 952 3333 1025 ἀκριϐείᾳ
3364 957 3640 1026 διατηρεῖν
3676 963 3755 1027 τὰς

2287 1056 2306 1089 ι
2352 1039 2448 1106 τῆς
2469 1040 2773 1110 ἱερωσύνης
2792 1043 3137 1114 ἐγχειρήσεις
3158 1045 3276 1115 Θεῷ
3303 1048 3614 1114 εὐάρεστον.
3630 1054 3755 1108 Ἐπὶ

2293 1148 2312 1179 ι
2357 1129 2450 1183 οῦν
2479 1130 2700 1202 ὁρῶμεν
2721 1133 2875 1196 ἐκτὸς
2896 1136 3237 1205 χειροθεσίας
3267 1141 3527 1209 νηπιόθεν
3542 1144 3633 1212 τὴν
3654 1164 3759 1199 κου.

2290 1241 2310 1273 ι
2356 1225 2458 1294 ράν
2474 1224 2568 1278 τοῦ
2586 1227 2789 1296 κλήρου
2810 1228 3190 1294 λαμϐάνοντάς
3207 1234 3475 1302 τιναςμμή
3486 1253 3566 1287 πω
3582 1234 3635 1289 δὲ
3652 1239 3755 1309 παρ’

2290 1334 2310 1366 ι
2355 1318 2668 1371 ἐπισκόπων
2685 1319 3027 1390 χειροθεσίαν
3060 1322 3346 1387 λαϐόντας,
3387 1324 3485 1377 καὶ
3527 1328 3756 1394 ἀναγινώ-

2286 1422 2307 1461 t
2352 1423 2581 1470 σκοντας
2603 1410 2659 1461 ἐν
2680 1411 2743 1480 τῇ
2768 1410 2983 1476 συνάξει
3004 1412 3092 1464 ἐπ’
3123 1413 3400 1482 ἄμϐωνας,
3418 1417 3755 1483 ἀκανονίστως

2294 1511 2313 1544 ι
2358 1494 2414 1547 δὲ
2442 1494 2600 1549 τοῦτο
2628 1495 2939 1561 ποιοῦντας,
2964 1500 3335 1571 ἐπιτρέπομεν
3378 1503 3487 1556 ἀπὸ
3522 1505 3611 1557 τοῦ
3644 1524 3754 1579 παρ-

2288 1603 2307 1635 ι
2352 1585 2506 1647 ὄντος
2572 1587 2733 1642 τοῦτο
2766 1590 2840 1659 μὴ
2874 1591 3164 1657 γίνεσθαι·
3203 1593 3265 1646 τδ
3319 1595 3456 1647 αὐτὸ
3486 1597 3542 1649 δὲ
3590 1598 3758 1665 φυλάτ-

2294 1693 2313 1727 ι
2360 1678 2549 1732 τεσθαι
2602 1682 2700 1733 καὶ
2731 1682 2960 1737 ἐπὶτῶν
2990 1686 3262 1755 μοναχῶν.
3306 1687 3672 1756 Ἀναγνώστου
3713 1693 3757 1746 δὲ

2298 1786 2318 1819 ι
2362 1772 2711 1841 χειροθεσίαν
2761 1774 2921 1828 ἀδειά
2951 1777 3102 1831 ἐστιν
3164 1780 3224 1832 ἐν
3266 1780 3384 1851 ίδίῳ
3441 1772 3757 1857 μοναστηρὶφ

2291 1879 2311 1913 ι
2357 1863 2452 1916 καὶ
2476 1864 2626 1935 μόνῳ
2651 1866 2869 1938 ἑκάστῳ
2898 1869 3193 1940 ἡγουμένῳ
3227 1874 3428 1931 ποιεῖν,
3460 1874 3508 1925 εί
3541 1875 3675 1945 αὐτῷ
3696 1879 3755 1947 τῷ

2298 1973 2317 2006 ι
2364 1956 2655 2028 ἡγουμένῳ
2689 1960 2921 2031 ἐπετέθη
2945 1963 3257 2032 χειροθεσία
3300 1965 3460 2034 παρά
3490 1966 3759 2024 ἐπισκόπου

2294 2064 2314 2097 ι
2360 2047 2500 2116 πρὸς
2522 2049 2819 2118 προεδρίαν
2864 2052 3192 2122 ἡγουμένου,
3229 2055 3481 2123 δηλονότι
3516 2057 3657 2121 ὄντος
3680 2063 3759 2113 ati-

2291 2156 2310 2189 ι
2357 2137 2455 2190 τοῦ
2508 2141 2904 2212 πρεσϐυτέρου.
2962 2143 3241 2209 Ὡσαύτως
3302 2152 3405 2200 καὶ
3458 2149 3517 2201 τὸ
3566 2153 3757 2219 ἀρχαῖον

2288 2249 2306 2281 ι
2355 2231 2477 2293 ἔθος
2521 2234 2648 2294 τοὺς
2680 2238 3139 2303 χωρεπισκόπους
3177 2239 3300 2293 κατ’
3361 2241 3653 2312 ἐπιτροπὴν
3679 2243 3751 2295 τοῦ

2286 2339 2305 2371 ι
2352 2324 2656 2375 ἐπισκόπου
2715 2325 2794 2377 δεῖ
2850 2329 3299 2397 προχειρίζεσθαι
3344 2331 3696 2397 ἀναγνώστας.
3735 2352 3750 2383 ι

2282 2415 2483 2470 ΒΑΛΣ.
2525 2416 2691 2480 Τάξις
2746 2420 2956 2490 συνέχει
3010 2423 3193 2476 πάντα
3224 2423 3294 2477 τά
3322 2425 3552 2495 οὐράνια
3592 2427 3673 2478 καί
3698 2428 3756 2479 τά

2211 2507 2436 2575 ἐπίγεια
2463 2524 2478 2539 ⁸
2503 2510 2685 2579 πολλῷ
2715 2513 2771 2565 δὲ
2807 2515 2969 2567 πλέον
2993 2515 3052 2567 τὸ
3077 2516 3180 2585 τῆς
3210 2517 3479 2582 εὐταξίας
3513 2519 3661 2570 καλὸν
3690 2521 3753 2581 εἷς

2210 2602 2340 2663 τοὺς
2405 2604 2827 2672 ίερουργοῦντας
2882 2607 3302 2678 πολιτευόμενον
3360 2612 3642 2681 θεραπεύει
3680 2613 3755 2665 τὸν

2212 2694 2366 2748 Θεόν.
2409 2696 2562 2748 Ἐπεὶ
2623 2693 2737 2762 οὖν,
2774 2702 2938 2768 φασιν
2972 2701 3022 2751 oi
3057 2703 3205 2769 ἆγιοι
3254 2704 3525 2774 Πατέρες,
3570 2706 3749 2774 ὁρῶμέν

2211 2805 2364 2851 τινας
2426 2791 2691 2857 νηπιόθεν
2740 2794 3338 2865 μελανειμονήσαντας,
3403 2799 3481 2862 ὡς
3536 2799 3605 2869 τῷ
3657 2797 3751 2866 Θεῷ

2220 2882 2653 2950 ἀφιερωθέντας,
2687 2884 2781 2936 καὶ
2828 2886 3033 2953 κουράν
3058 2888 3412 2972 δεξαμένους.
3444 2893 3517 2960 μὴ
3550 2890 3630 2943 διὰ
3657 2906 3745 2960 χειο

2215 2973 2469 3042 ροθεσίας
2503 2974 2598 3026 τοῦ
2644 2976 2913 3045 ἐγχωρίου
2970 2980 3303 3045 ἐπισκόπου,
3359 2983 3661 3051 τολμῶντας
3700 2980 3745 3032 δὲ

2218 3068 2355 3133 μετὰ
2407 3067 2467 3119 τὸ
2497 3068 2919 3140 ἐνηλικιωθῆναι
2953 3073 3042 3125 ἐπ’
3088 3074 3353 3142 ἀμϐωνος
3388 3075 3748 3144 ἀναγινώσκειν

2213 3158 2311 3221 τὰς
2372 3157 2523 3221 θείας
2578 3161 2802 3230 Γραφάς
2850 3162 3261 3227 άκανονίστως·
3324 3166 3650 3235 θεσπίζομεν
3688 3162 3745 3235 μὴ

2210 3251 2462 3319 γίνεσθαι
2494 3252 2675 3314 τοῦτο,
2710 3254 2784 3317 ὡς
2827 3255 3115 3326 παραίτιον
3162 3258 3416 3323 ἀταξίας,
3452 3259 3582 3329 μηδὲ
3608 3257 3747 3318 ἄλλως

2209 3342 2604 3411 ἀναγινώσκειν
2626 3345 2711 3398 ἐπ’
2742 3346 2993 3417 ἀμϐωνος
3021 3350 3119 3411 τὰς
3151 3349 3302 3413 θείας
3367 3352 3586 3422 Γραφάς
3631 3367 3741 3413 τινα,

2210 3433 2257 3484 εἰ
2331 3434 2406 3505 μὴ
2469 3434 2609 3506 λάϐῃ
2671 3439 2942 3508 σφραγῖδα
3004 3442 3355 3512 ἐπικουρίδος
3415 3444 3501 3497 διὰ
3548 3442 3747 3513 χειροθε-

2211 3524 2332 3587 σίας
2399 3527 2785 3593 ἐπισκοπικῆς,
2844 3530 2903 3582 τὸ
2970 3532 3104 3583 αὐτὸ
3155 3532 3212 3585 δὲ
3288 3533 3642 3602 φυλάττεσθαι
3676 3532 3744 3584 καὶ

2208 3616 2299 3668 ἐπ)⁸
2331 3620 2598 3686 μοναχῶν.
2628 3618 2752 3674 Ὀτι
2780 3620 2858 3685 δὲ,
2889 3622 2964 3681 ὡς
2996 3622 3193 3690 ἔοικεν,
3225 3624 3492 3695 ἐνομίσθη
3518 3622 3738 3694 δυσχερὲς

2209 3703 2347 3761 εἶναι
2380 3708 2539 3763 τοῦτο
2571 3713 2684 3775 τοῖς
2740 3716 2998 3784 μοναχοῖς
3031 3714 3133 3779 τάς
3178 3716 3429 3787 ἐρήμους
3459 3714 3737 3769 κατοικοῦσι

2208 3800 2351 3853 κατὰ
2383 3801 2541 3867 πολὺ,
2582 3804 2679 3857 καὶ
2715 3804 2789 3875 μὴ
2835 3804 3161 3873 δυναμένοις
3205 3808 3307 3872 τὰς
3338 3809 3527 3872 πόλεις
3557 3805 3739 3874 περιέρο

2211 3891 2427 3960 χεσθαι,
2468 3896 2564 3947 καλ⁸
2609 3897 2720 3958 τοῖς
2755 3896 3083 3961 ἐπισκόποις
3128 3900 3486 3970 ἐντυγχάνειν
3519 3897 3738 3969 εὐχερῶς.

2212 3984 2434 4055 ἐνεδόθη
2477 3988 2591 4051 τοῖς
2647 3989 2976 4059 ἡγουμένοις
3026 3994 3139 4055 τοῖς
3190 3994 3575 4063 σφραγισθεῖσι
3623 3986 3741 4057 παρά

2208 4076 2319 4129 τῶν
2351 4079 2693 4142 ἐπισκόπων,
2754 4080 3154 4151 πρεσϐυτέροις
3187 4079 3341 4137 οὖσιν
3400 4084 3459 4148 ἐξ
3510 4082 3737 4148 ἀνάγκης»

2211 4170 2567 4236 ἀναγνώστας
2627 4176 2801 4224 ποιεῖν
2870 4175 3142 4245 μοναχοὺς
3194 4178 3252 4228 ἐν
3306 4177 3385 4245 τῷ
3451 4177 3561 4245 ἰδίῳ
3610 4188 3739 4242 μονα-

2214 4263 2442 4334 στηρίῳ,
2476 4266 2562 4331 ἐφ’
2586 4259 2630 4332 ᾧ
2674 4265 2970 4330 ἀκωλύτως
3017 4267 3415 4335 ἀναγινώσκειν
3446 4268 3648 4328 τούτους
3672 4261 3741 4314 ἐπὶ

2213 4355 2465 4423 ἄμϐωνος
2526 4356 2625 4419 τάς
2681 4358 2831 4422 θείας
2896 4359 3139 4429 Γραφάς.
3209 4360 3485 4424 Ὡσαύτως
3563 4356 3739 4422 ἐνεδόθη

2214 4448 2309 4499 καὶ
2369 4450 2482 4511 τοῖς
2543 4450 2981 4519 χωρεπισκόποις
3043 4452 3399 4519 ἀναγνώστας
3450 4446 3739 4522 προχειρίξε·

539 4510 645 4579 pali
678 4514 947 4581 permissu
988 4519 1217 4577 lectores
1252 4541 1348 4594 per
1390 4544 1646 4584 manuum
1697 4534 2099 4605 impositiouem

2214 4536 2337 4590 σθαι
2376 4539 2495 4593 κατ’
2543 4510 2864 4609 ’ἐπιτροπὴν
2910 4510 3305 4615 ἐπισκοπικήν.
3344 4547 3449 4600 Καὶ
3480 4548 3505 4596 ὁ
3556 4544 3641 4613 μὲν
3667 4556 3739 4591 κα-

539 4604 893 4667 constituaut.
927 4610 1101 4680 Atque
1145 4613 1257 4669 haec
1290 4618 1508 4685 quidem
1566 4638 1763 4679 canon.
1809 4626 1883 4679 Ex
1913 4644 1976 4681 eo
2005 4646 2101 4685 au-

540 4699 645 4743 tem
678 4694 854 4749 soluta
902 4708 987 4754 est
1021 4716 1215 4771 magna
1254 4704 1512 4763 instantia
1542 4726 1730 4767 eorum
1763 4716 1854 4785 qui
1888 4717 2098 4786 dicunt,

538 4797 645 4837 non
674 4800 794 4841 esse
824 4789 1051 4848 clericos
1076 4810 1190 4861 eos,
1216 4798 1307 4867 qui
1336 4802 1479 4857 solas
1507 4803 1706 4862 habent
1734 4816 1987 4866 tonsuras
2010 4828 2106 4881 per

538 4878 797 4935 antistitis
839 4897 1098 4940 manuum
1135 4888 1578 4961 impositionem‘,
1613 4908 1666 4953 et
1701 4903 1938 4956 nondum
1971 4916 2100 4960 sunt

541 4967 595 5022 in
629 4970 760 5026 cleri
792 4975 1038 5031 ordinem
1087 4981 1241 5035 relati
1280 5001 1294 5036 :
1328 4994 1382 5039 et
1411 4986 1533 5042 ideo
1563 5004 1722 5058 posse
1774 4993 1895 5049 illos
1940 4994 2109 5050 laico-

537 5074 659 5114 rum
709 5063 953 5121 habitum
1003 5072 1369 5145 amictumque
1396 5079 1664 5148 accipere.
1715 5084 1913 5153 Aperte
1963 5088 2106 5143 enim

537 5157 864 5223 omenditur,
912 5163 1056 5230 quod
1111 5168 1331 5234 quando
1385 5171 1508 5238 quis
1558 5182 1796 5229 tonsurae
1846 5193 2105 5236 manuum

542 5245 942 5317 impositionem
976 5260 1279 5326 susceperit
1298 5261 1367 5315 ab
1392 5263 1655 5329 antistite,
1683 5267 1728 5323 is
1756 5277 1838 5323 est
1866 5274 2111 5340 protinus

550 5340 808 5410 clericus;
839 5353 897 5398 ut
928 5347 1014 5400 cui
1068 5349 1233 5404 etiam
1287 5351 1340 5406 in
1389 5367 1639 5425 suggestu
1681 5359 1856 5429 legere
1887 5365 1956 5417 sit
1993 5380 2111 5433 per-

544 5436 791 5490 missum.
823 5436 948 5493 Mihi
981 5451 1161 5496 autem
1196 5443 1426 5511 videtur,
1458 5450 1600 5518 quod
1630 5451 1720 5519 qui
1753 5454 1915 5507 etiam
1944 5455 2113 5526 nigris

545 5525 863 5596 simpliciter
891 5532 1135 5588 vestibus
1173 5533 1335 5589 fuerit
1384 5537 1604 5594 indutus
1638 5542 1706 5595 ab
1740 5525 2021 5616 episc0po,
2054 5555 2113 5600 ut

545 5618 778 5677 clericus
805 5624 974 5688 lieret,
998 5636 1259 5680 amictum
1285 5630 1521 5698 amplius
1544 5641 1754 5688 mutare
1777 5651 1883 5690 non
1917 5646 2113 5706 potest,

544 5716 609 5762 ut
632 5710 725 5779 qui
774 5710 882 5768 Deo
909 5728 968 5769 se
1000 5730 1320 5774 consecrare
1352 5725 1718 5792 proposuerit;
1765 5736 1819 5781 et
1848 5728 1971 5782 ideo
2021 5745 2119 5785 nec

553 5814 708 5860 suam
739 5801 847 5860 Deo
881 5805 1325 5877 pollicitationem
1358 5812 1689 5883 rescindere,
1726 5832 1823 5874 nec
1868 5827 2114 5876 sanctum

2204 4632 2310 4685 νὼν
2372 4634 2566 4687 ταῦτα.
2623 4636 2859 4689 Λέλυται
2909 4636 2965 4689 δὲ
3011 4637 3121 4690 ἀπὸ
3173 4639 3363 4693 τούτου
3418 4638 3613 4711 μεγάλη
3669 4633 3740 4684 ἔκ-

2206 4742 2396 4789 στασις
2425 4726 2534 4779 τῶν
2578 4726 2847 4795 λεγόντων
2883 4727 2959 4797 μὴ
3018 4725 3157 4783 εἶναι
3208 4732 3501 4803 κληρικοὺς
3531 4727 3641 4789 τοὺς
3667 4722 3738 4794 μό-

2207 4833 2301 4879 νας
2333 4817 2685 4887 ἐπικουρίδας
2725 4819 2953 4889 ἔχοντας
2979 4820 3065 4874 διὰ
3094 4823 3437 4892 χειροθεσίας
3467 4824 3736 4888 ἀρχιερατι-

2208 4907 2333 4975 κῆς,
2365 4908 2459 4961 καὶ
2493 4911 2661 4979 μήπω
2704 4910 3077 4979 καταχθέντας
3128 4914 3186 4965 ἐν
3230 4914 3438 4984 κλήρῳ,
3466 4912 3594 4965 ὥστε
3621 4907 3735 4974 ἔχειν

2208 5000 2302 5052 ἐπὶ
2342 5000 2527 5062 ἀδείας
2565 5000 2761 5064 αὐτοὺς
2794 5002 3375 5072 μετασχηματίζεσθαι
3415 5006 3491 5065 εἰς
3534 4996 3731 5055 λαῖκούς-

2214 5094 2553 5164 Παρίσταται
2602 5094 2711 5165 γάρ
2763 5094 3040 5166 ἀριδήλως
3088 5095 3185 5163 ώς,
3231 5098 3523 5195 ἡνίκα-τις
3564 5090 3732 5195 δέξεται

2215 5184 2557 5256 χειροθεσίαν
2609 5184 2960 5256 ἐπικουρίδος
3018 5186 3171 5255 παρά
3213 5186 3529 5279 ἀρχιερέως,
3574 5178 3733 5279 αὐτίκα

2216 5275 2481 5345 κληρικός
2503 5276 2675 5341 ἔστιν,
2709 5276 2785 5339 ὡς
2822 5276 3238 5347 ἐκχωρούμενος
3269 5274 3639 5374 ἀναγινώσκειν
3663 5267 3732 5318 επὶ

2216 5367 2491 5434 ἄμϐωνος.
2537 5368 2693 5437 Ἐμοὶ
2737 5368 2794 5420 δὲ
2826 5367 2977 5421 δοκεῖ
3020 5370 3102 5422 ὅτι
3136 5371 3230 5422 καὶ
3265 5371 3293 5422 ὁ
3322 5368 3501 5429 άπλῶς
3531 5367 3733 5433 μελανει-

2221 5450 2461 5522 μονήσας
2514 5454 2799 5519 ἐπισκόπῳ
2841 5453 2932 5506 τοῦ
2972 5452 3326 5523 κληρωθῆναι
3377 5455 3730 5551 peragat”:

2220 5543 2412 5613 σθῆναι
2451 5543 2513 5596 ού
2547 5543 2797 5608 δύναται,
2828 5544 2903 5606 ὠς
2938 5544 3272 5613 προθέμενος
3307 5540 3729 5640 ἀφιερωθῆνειιτξρ

2219 5633 2339 5707 Θεῷ
2371 5652 2384 5666 ο
2415 5634 2713 5689 κάντεῦθεν
2750 5635 2825 5705 μὴ
2855 5635 3053 5706 ἰσχύων
3079 5636 3177 5707 τὴν
3220 5636 3355 5706 πρὸς
3389 5635 3512 5687 Θεὸν
3545 5629 3727 5692 ὑπόσχε-

2225 5746 2307 5782 σιν
2351 5729 2636 5799 ἀθετῆσαι,
2678 5730 2772 5782 καὶ
2823 5728 3091 5800 ἐμπαῖξαι
3121 5730 3181 5783 τὸ
3223 5731 3377 5798 ἅγιον
3403 5708 3727 5821 σχῆμακατίξ

2225 5822 2515 5894 σκηνικούς
2539 5837 2554 5852 ·
2586 5822 2722 5893 ὅπερ
2762 5822 2855 5876 καὶ
2899 5822 3027 5894 περὶ
3081 5821 3191 5879 τῶν
3241 5820 3481 5894 μοναχῶν
3511 5807 3722 5868 πολλάκις
