3972 6488
214 384 343 451 961

1236 388 1525 451 IN‘CAN.
1568 386 1702 450 XIV
1738 384 1949 446 CONC.
1990 386 2101 447 VII
2127 386 2483 448 {ECUMEN.

3372 393 3480 457 9f2

208 496 393 560 εἷπον
418 519 433 534 ·
463 504 588 569 τοὺς
614 504 672 559 δὲ
708 505 845 573 μετά
903 504 1198 580 Τρισαγίου
1229 507 1801 578 μελανειμονήσαντας

1910 505 2154 560 habitum
2198 508 2538 560 scenicorum
2576 508 2748 562 instar
2788 507 3050 562 ludillcari
3082 509 3246 578 possit
3276 524 3292 573 ;
3328 514 3473 579 quod

208 597 597 659 ἀδιαστίκτως
624 594 767 664 λέγω
792 596 865 668 μὴ
898 596 1158 651 δύνασθαι
1192 593 1801 667 μετασχηματίζεσθαι.

206 689 345 742 Τοῦ
397 689 453 742 δέ
491 689 717 752 κανόνος
749 689 1004 753 λέγοντος
1057 690 1144 744 ἐπ’
1191 691 1372 752 ἀδείας
1430 690 1575 755 ἔχειν
1630 688 1808 741 πάντα

204 781 646 852 καθηγούμενον
669 783 1069 851 σφραγισθέντα
1095 784 1248 853 παρά
1280 783 1601 853 ἀρχιερέως,
1622 783 1808 852 δηλον-

201 872 311 925 ότι
354 874 481 927 ὄντα
543 875 714 943 ἱερέα,
745 874 1092 942 ἀναγνώστας
1125 878 1297 928 ποιεῖν
1355 875 1623 944 μοναχοὺς
1654 873 1806 935 ἐντός

201 966 332 1033 τῆς
377 967 589 1028 οἰκείας
632 966 799 1035 μονῆς
848 968 944 1019 καὶ
977 968 1169 1037 μόνης,
1217 968 1491 1037 ἐζήτησάν
1540 984 1707 1029 τινες,
1754 966 1805 1018 εί

202 1059 448 1124 ἐφεῖται
481 1058 627 1123 αὐτῷ
658 1059 776 1127 ἀμα
828 1060 907 1137 τῷ
964 1061 1370 1130 σφραγισθῆναι
1414 1059 1571 1111 τοῦτο
1614 1061 1801 1122 ποιεῖν,

203 1152 327 1201 καὶ
357 1151 479 1218 δίχα
513 1152 684 1220 ῥητῆς
706 1152 1008 1221 ἐπιτροπῆς
1038 1152 1132 1205 τοῦ
1158 1152 1458 1222 ἀρχιερέως
1485 1168 1502 1217 ;
1526 1150 1633 1204 Καί
1661 1167 1803 1214 τινες

201 1242 330 1309 μὲν
390 1239 545 1295 εἷπον
596 1245 983 1298 ἐπακολουθεῖν
1043 1245 1336 1314 σιωπηρῶς
1389 1245 1483 1297 καὶ
1537 1242 1801 1313 τοῦτο’τῇ

203 1338 543 1407 χειροθεσίᾳ
570 1340 667 1406 τῆς
708 1338 1097 1407 ἡγουμενείας,
1149 1337 1224 1399 ὡς
1264 1335 1359 1389 τοῦ
1388 1338 1611 1397 κανόνος
1642 1335 1802 1387 πλέον

202 1444 265 1476 τι
336 1427 415 1497 μὴ
453 1429 908 1498 προστιθεμένου,
948 1428 1220 1499 χρώμενοι
1246 1427 1438 1496 καὶτῷ
1480 1425 1556 1479 κδ’
1618 1428 1802 1479 κανόνι.

202 1519 324 1584 τῆς
359 1522 419 1573 ἐν
443 1522 733 1591 Λαοδικείᾳ
758 1521 979 1573 συνόδου
1011 1523 1089 1584 είς
1125 1521 1491 1589 συγκρότησιν
1520 1519 1614 1571 τοῦ
1643 1519 1800 1586 λόγου

202 1608 431 1664 αὐτῶν.
452 1612 766 1664 Ἀντέθεντο
792 1613 847 1664 δέ
878 1614 968 1664 καὶ
998 1612 1174 1682 ἕτεροι
1208 1611 1307 1675 ὡς,
1338 1612 1462 1663 ἐπεὶ
1487 1611 1579 1663 καὶ
1609 1613 1637 1663 ὁ
1672 1611 1802 1662 ἀνα-

204 1702 478 1773 γνώστης
512 1705 773 1772 κληρικὸς
802 1707 972 1765 ἐστιν,
1026 1704 1232 1769 ὀφείλει
1278 1703 1338 1767 ἐξ
1382 1701 1627 1771 ἀνάγκης
1664 1700 1801 1769 μετά

203 1792 573 1861 χειροθεσίας
617 1795 926 1846 ἐπισκόπου
956 1794 988 1864 ἢ
1019 1794 1321 1864 ἐπιτροπῆς
1364 1792 1526 1851 αὐτοῦ
1568 1792 1801 1860 σφραγί-

1913 611 2054 665 sape
2082 598 2241 650 etiam
2273 598 2341 651 de
2369 600 2649 653 monachis
2677 600 2783 653 dixi
2814 617 2829 656 :
2857 616 2952 654 eos
2982 610 3184 664 autem,
3217 605 3308 670 qui
3342 620 3469 659 cum

1913 680 2138 759 trisagto
2175 690 2346 759 nigris
2376 691 2618 745 vestibus
2672 691 2845 746 induti
2885 692 3107 758 fuerint,
3159 693 3473 753 indistincte

1913 781 2035 835 dico
2070 781 2312 835 habitum
2346 792 2553 836 mutare
2580 798 2687 837 non
2721 800 2899 853 posse.
2922 785 3058 839 Cum
3083 768 3269 841 autem
3297 804 3475 843 canon

1910 873 2073 939 dicat,
2107 874 2267 929 licere
2300 876 2474 929 cuivis
2489 876 2798 929 monasterii
2824 878 3099 946 praefecto,
3128 881 3219 949 qui
3241 883 3308 933 ah
3331 883 3474 934 anti-

1917 968 2045 1022 stite
2076 967 2445 1023 characterem
2489 969 2775 1037 acceperit,
2816 972 3069 1025 sacerdos
3117 972 3326 1026 scilicet
3359 988 3477 1026 mo-

1911 1059 2118 1113 nachos
2148 1060 2377 1114 lectores
2408 1060 2585 1115 facere
2606 1061 2745 1114 intra
2778 1062 3165 1116 monasterium
3195 1072 3248 1117 et
3274 1064 3474 1131 solum;

1911 1152 2279 1219 quaesiverunt
2324 1152 2591 1218 nonnulli,
2644 1167 2712 1206 an
2771 1153 2841 1207 sit
2888 1155 2935 1207 ei
2994 1155 3319 1223 permissum
3370 1156 3475 1210 hoc

1910 1241 2107 1306 facere,
2137 1259 2258 1298 cum
2284 1244 2516 1313 primum
2559 1246 2929 1300 characterem
2956 1247 3278 1316 susceperit,
3309 1246 3472 1303 etiam

1910 1333 2029 1388 sine
2071 1350 2326 1403 expressa
2378 1336 2636 1390 antistitis
2694 1337 3095 1405 permissione?
3124 1338 3188 1391 Et
3218 1340 3476 1392 dixerunt

1909 1422 2125 1491 quidem
2175 1426 2442 1491 nonnulli,
2478 1426 2812 1495 praefectura:
2856 1443 3113 1482 manuum
3172 1430 3475 1499 impositis)-

1909 1530 2029 1575 nem
2058 1516 2158 1569 hoc
2185 1532 2401 1585 quoque
2432 1520 2592 1573 tacite
2616 1520 2899 1589 consequi,
2934 1530 3120 1590 utpote
3146 1536 3267 1574 cum
3297 1536 3470 1574 canon

1909 1605 2042 1658 nihil
2083 1608 2221 1661 ultra
2255 1608 2475 1677 adjiciat
2508 1621 2763 1666 :utentes
2787 1622 2841 1665 et
2896 1627 3107 1667 canone
3159 1612 3230 1666 ει
3278 1614 3470 1683 synodi

1908 1696 2226 1753 Laodicenae
2253 1701 2319 1754 ad
2360 1702 2412 1755 id
2447 1704 2590 1771 quod
2633 1703 2822 1757 dicunt
2866 1703 3318 1757 confirmandum.
3367 1704 3473 1757 Alii
3553 1720 3559 1734 ·

1907 1800 2086 1843 autem
2132 1803 2321 1845 contra
2368 1795 2732 1863 apponebant,
2782 1795 2927 1864 quod
2981 1793 3238 1863 quoniam
3300 1793 3473 1848 lector

207 1885 419 1947 ζεσθαι
451 1902 465 1915 ·
500 1886 622 1939 ὅθεν
659 1889 753 1939 καὶ
785 1890 811 1939 ό
853 1886 1268 1955 καθηγούμενος
1300 1887 1421 1938 τότε
1449 1885 1798 1953 ἀναγνώστου

1907 1895 2126 1948 quoque
2153 1892 2237 1935 est
2269 1883 2523 1948 clericus,
2551 1884 2713 1939 debet
2743 1887 3057 1939 necessario
3082 1901 3203 1939 cum
3231 1886 3471 1956 episeopi

205 1973 571 2041 χειροθεσίαν
599 1977 813 2044 ποιήσει
880 1977 936 2027 ἐν
982 1975 1058 2043 τῷ
1116 1976 1229 2046 ίδίῳ
1279 1972 1643 2044 μοναστηρίῳ,
1674 1976 1803 2026 ὅταν

207 2062 316 2115 καὶ
352 2061 513 2114 τοῦτο
539 2065 688 2133 παρά
738 2066 832 2119 τοῦ
889 2067 1020 2119 ίδίου
1076 2067 1376 2135 ἀρχιερέως
1412 2067 1705 2135 ἐπιτραπῇ.
1740 2065 1802 2117 Εἰ

210 2156 299 2226 μῆ
332 2157 445 2225 γὰρ
478 2156 634 2209 τοῦτο
671 2158 917 2227 εἴπωμεν
950 2158 1315 2226 δικαιώσομεν
1343 2156 1402 2220 ἐξ
1436 2159 1681 2225 ἀνάγκης
1708 2159 1804 2209 αὺ-

206 2246 309 2299 τὸν
369 2247 624 2317 δέχεσθαι
679 2251 846 2318 χωρὶς
899 2252 1206 2319 ἐπιτροπῆς
1259 2248 1653 2317 ἀρχιερατικῆς
1708 2250 1802 2301 καὶ

210 2340 345 2401 τοὺς
375 2340 670 2409 λογισμοὺς
698 2343 806 2394 τῶν
836 2342 1091 2411 μοναχῶν
1115 2343 1278 2395 αὐτοῦ
1308 2343 1400 2393 καὶ
1420 2340 1643 2409 ἐτέρων,
1668 2343 1802 2411 ὅπερ

222 2433 525 2488 ἀδύνατον.
564 2436 764 2498 Μόνοις
791 2438 901 2506 γὰρ
932 2438 1042 2497 τοῖς
1092 2436 1407 2505 ἀρχιερεῦσι
1438 2437 1527 2487 καὶ
1558 2437 1669 2496 τοῖς
1708 2438 1800 2486 ὲκ-

215 2527 532 2595 χωρηθεῖσι
558 2531 713 2601 παρὰ
742 2528 949 2581 τούτων
1015 2529 1248 2599 ἱερεῦσιν
1279 2527 1636 2596 ἐφιλοτιμήθη
1669 2529 1801 2579 ἄνω-

211 2616 312 2669 θεν
356 2617 419 2669 τὸ
462 2618 681 2689 δεσμεῖν
712 2621 804 2672 καὶ
830 2621 1000 2674 λύειν.
1039 2620 1161 2671 Τῶν
1197 2619 1251 2671 δὲ
1298 2619 1589 2671 ἀντιθέτων
1624 2619 1802 2670 εὶπόν-

205 2727 328 2775 των
360 2710 460 2774 ὡς,
497 2714 542 2764 εί
577 2715 739 2783 χρεία
763 2714 879 2767 ἐστὶ
916 2712 993 2782 τῷ
1037 2714 1435 2782 καθηγουμένῳ
1466 2711 1602 2781 πρὸς
1644 2711 1801 2764 τοῦτο

206 2806 313 2857 καὶ
369 2805 542 2872 ίδικῆς
582 2806 884 2873 ἐπιτροπῆς
920 2805 1012 2858 τοῦ
1040 2806 1309 2876 ἐγχωρίου
1344 2805 1670 2867 ἐπισκόπου,
1719 2806 1798 2867 είς

207 2896 271 2948 τὸ
298 2896 477 2965 μηδὲν
511 2898 755 2967 καταντᾷ
781 2898 840 2950 τὸ
869 2896 1018 2965 παρά
1048 2898 1141 2949 τοῦ
1168 2897 1390 2957 κανόνος
1422 2894 1802 2962 ἐπιφιλοτιμη-

210 2988 305 3042 θέν
336 2990 421 3058 τῷ
451 2990 875 3060 καθηγουμένῳ,
909 2992 1161 3041 ἀντεῖπον
1193 2990 1393 3040 ἐκεῖνοι
1420 2987 1502 3039 ὅτι
1534 2986 1629 3037 καὶ
1656 2984 1799 3037 οὕτω

213 3082 372 3148 μέγα
390 3082 598 3135 δίκαιον
627 3082 837 3135 δέδοται
869 3082 945 3151 τῷ
977 3079 1396 3151 καθηγουμένῳ.
1426 3078 1671 3147 Μηδενὸς
1692 3080 1797 3146 γὰρ

214 3172 415 3241 ἱερέως
457 3172 761 3241 δυναμένου
798 3173 1148 3240 ἀναγνώστου
1210 3170 1551 3242 χειροθεσίαν
1601 3173 1795 3234 ποιεῖν,

212 3261 321 3314 κᾶν
356 3266 636 3333 ἐπιτραπῇ
668 3264 827 3317 τοῦτο
885 3264 1036 3331 παρά
1085 3264 1409 3335 ἀρχιερέως,
1459 3262 1507 3313 οἱ
1543 3260 1797 3331 ῥηθέντες

208 3356 634 3425 καθηγούμενοι
664 3356 785 3409 καθ’
830 3356 1061 3427 ὁρισμὸν
1098 3354 1484 3425 ἀρχιερατικὺν
1532 3354 1687 3405 τοῦτο
1718 3353 1799 3405 ὲν-

211 3453 545 3520 εργήσουσι,
577 3451 711 3519 ὅπερ
756 3451 873 3501 ἐστὶ
924 3450 1268 3518 φιλοτίμημα
1314 3448 1502 3500 ίδικόν.
1562 3447 1714 3516 Ἐμοὶ
1742 3446 1799 3498 δὲ

210 3545 575 3594 κατανοεῖται
602 3541 966 3602 ἀδιαστίκτως
997 3539 1278 3609 ἐνδοθῆναι
1314 3538 1469 3592 τοῦτο
1497 3542 1608 3601 τοῖς
1636 3540 1801 3608 ἡγουι-

213 3634 415 3705 μένοις
450 3633 603 3704 παρά
631 3632 725 3685 τοῦ
755 3633 999 3695 κανόνος.
1042 3633 1164 3684 Ἔτι
1196 3631 1527 3701 ἀμφιϐολίας
1574 3629 1800 3696 γενομέι-

209 3718 480 3798 νηςπερὶ
518 3726 612 3780 τοῦ
661 3728 705 3778 εί
754 3727 993 3794 γίνονται
1034 3724 1330 3794 ἡγούμενοι
1384 3724 1611 3793 ἀνίεροι,
1646 3716 1799 3775 εἶπόν

208 3835 370 3881 τινες
430 3819 526 3883 ὡς,
585 3818 709 3871 ἐπεὶ
764 3819 906 3871 κατά
957 3817 1285 3887 δοκιμασίαν
1343 3817 1435 3868 τοῦ
1499 3816 1796 3869 ἐπισκόπου

212 3914 644 3984 οφραγίζονται,
698 3912 916 3975 πάντως
958 3910 1266 3976 ἐπιλέξεται
1299 3912 1326 3962 ό
1359 3909 1655 3971 ἐπίσκοπος
1709 3908 1799 3962 τὸν

213 4005 621 4068 εὐδοκιμοῦντα
669 4003 806 4075 πρὸς
862 4003 1108 4073 ἰατρείαν
1153 4001 1360 4071 ψυχῶν,
1426 4000 1528 4054 κᾶν
1584 4000 1798 4071 ἀνίερός

214 4102 373 4153 ἐστιν
400 4114 415 4129 ο
464 4097 523 4149 οὐ
564 4098 672 4167 μὴν
717 4097 808 4149 τὸν
849 4093 1297 4166 χειροτονηθέντα
1329 4092 1425 4147 καὶ
1474 4091 1548 4162 μὴ
1593 4091 1799 4144 εὐδοκι-

217 4191 433 4260 μοῦντα
466 4206 480 4221 ⁸
510 4189 701 4258 ὥσπερ
726 4188 846 4241 οὐδὲ
871 4189 900 4242 ὁ
924 4186 1093 4240 νοσῶν
1130 4184 1457 4255 σωματικῶς
1492 4184 1582 4237 ἵνα
1612 4183 1799 4236 ἐπιλέ-

214 4287 384 4354 ξηται
415 4284 506 4335 τὸν
558 4280 693 4351 προς
745 4280 1043 4349 θεραπείαν
1100 4278 1514 4347 ἀνεπιστήμονα
1570 4275 1799 4344 περὶτὰ

217 4374 472 4446 ἰατρικὰ,
508 4374 597 4426 διὰ
646 4372 706 4424 τὸ
763 4370 1061 4441 ἀρχιατρὸν
1115 4371 1277 4424 αὐτὸν
1329 4366 1797 4438 χειροτονηθῆναι,

214 4472 321 4523 καλ⁴
376 4464 715 4535 παραδράμῃ
775 4463 869 4514 τὸν
926 4460 1100 4537 δεξιὸν
1156 4460 1253 4512 καὶ
1305 4460 1676 4526 ἐπιστήμονα,
1725 4458 1799 4519 ώς

1906 1986 2161 2025 manuum
2188 1971 2531 2049 intpositione
2561 1976 2641 2029 vel
2659 1976 2777 2045 ejus
2805 1976 3164 2045 permissione
3185 1976 3475 2031 characte-

1905 2078 2017 2118 rem
2051 2064 2363 2133 suscipere;
2399 2066 2540 2120 unde
2568 2075 2621 2121 et
2652 2069 2967 2123 monasterii
3016 2068 3306 2137 praefectus
3336 2079 3470 2125 tunc

1906 2153 2121 2208 lectoris
2160 2156 2555 2212 ordinationem
2609 2159 2661 2211 in
2714 2174 2817 2214 suo
2873 2162 3204 2215 monasterio
3263 2161 3467 2226 faciet,

1902 2246 2121 2315 quando
2165 2247 2267 2303 hoc
2311 2264 2339 2301 a
2370 2250 2589 2319 proprio
2618 2250 2877 2321 episcopo
2901 2255 2946 2306 ei
2987 2256 3310 2322 permissum
3350 2256 3470 2309 fue-

1902 2338 1993 2393 rit.
2033 2339 2146 2393 Nisi
2177 2340 2320 2394 enim
2358 2342 2463 2395 hoc
2515 2343 2856 2409 dixerimus,
2901 2361 3022 2399 eum
3078 2361 3294 2416 quoque
3350 2349 3472 2403 sine

1901 2433 2198 2503 episcOpali
2259 2436 2619 2504 permissione
2678 2439 3070 2492 monachorum
3126 2456 3353 2495 suorum
3410 2451 3466 2495 et

1901 2526 2131 2581 aliorum
2166 2526 2541 2583 confessiones
2588 2530 2777 2583 audire
2829 2546 3041 2599 acquum
3099 2534 3469 2600 censebimus,

1900 2615 2045 2684 quod
2099 2616 2211 2670 fieri
2264 2631 2373 2670 non
2425 2626 2621 2685 potest.
2660 2618 2802 2673 Solis
2839 2621 2980 2673 enim
3014 2622 3369 2689 antistitibus,
3413 2637 3471 2678 et

1900 2709 2102 2777 quibus
2143 2708 2210 2763 ab
2258 2709 2392 2777 ipsis
2432 2710 2759 2779 permissum
2810 2710 2992 2777 fuerit,
3049 2715 3424 2769 sacerdotibus
3452 2754 3468 2777 .

1899 2817 2139 2870 superne
2172 2817 2491 2857 concessum
2527 2814 2608 2857 est
2638 2804 2808 2871 ligare
2841 2812 2894 2858 et
2924 2807 3153 2862 solvere.
3195 2806 3329 2861 Cum
3366 2824 3470 2861 au-

1901 2905 2006 2949 tem
2034 2896 2271 2950 dixerint
2308 2898 2626 2961 adversarii,
2660 2898 2803 2966 quod
2840 2900 2885 2952 si
2921 2900 3235 2953 monasterii
3266 2901 3462 2966 praefe-

1898 2994 1983 3040 cto
2013 3002 2150 3056 opus
2180 2998 2264 3043 est
2291 2988 2512 3057 speciali
2538 3004 2754 3058 quoque
2780 2989 2923 3044 illius
2952 2990 3188 3058 regionis
3220 2991 3463 3059 episcopi

1898 3082 2274 3148 permiSsione,
2305 3082 2368 3134 ad
2404 3082 2537 3135 nihil
2573 3082 2711 3135 redit
2738 3084 2880 3151 quod
2912 3081 3167 3151 praefecto
3198 3097 3227 3135 a
3260 3098 3468 3136 canone

1899 3186 2217 3227 concessum
2244 3183 2327 3227 est
2356 3190 2369 3226 :
2408 3174 2482 3226 illi
2510 3181 2698 3227 contra
2734 3174 3011 3235 dixerunt,
3048 3175 3190 3242 quod
3230 3173 3310 3228 sic
3333 3189 3468 3242 quo-

1899 3280 2003 3333 que
2043 3281 2292 3334 magnum
2322 3266 2410 3333 jus
2433 3265 2593 3317 datur
2633 3263 2906 3332 praefecto.
2935 3265 3068 3317 Cum
3100 3264 3242 3317 enim
3284 3266 3467 3317 nullus

1900 3358 2156 3409 sacerdos
2207 3356 2379 3423 possit
2418 3356 2689 3409 lectorem
2740 3355 3013 3415 ordinare,
3049 3352 3261 3406 etiamsi
3296 3353 3344 3406 ei
3395 3354 3467 3406 ab

1900 3446 2142 3499 antistite
2175 3447 2278 3499 hoc
2314 3446 2639 3515 permissum
2674 3444 2854 3504 fuerit,
2892 3442 3187 3511 supradicti
3224 3443 3464 3512 praefecti

1898 3536 2159 3591 antistitis
2189 3537 2410 3591 decreto
2443 3537 2542 3589 hoc
2577 3534 2798 3597 facient,
2836 3535 2977 3602 quod
3007 3541 3091 3587 est
3121 3533 3337 3602 quidem
3367 3535 3469 3587 do-

1899 3644 2027 3682 num
2077 3630 2329 3695 speciale.
2364 3628 2473 3697 Ego
2502 3642 2628 3680 vero
2677 3626 2915 3695 intelligo
2952 3625 3053 3679 hoc
3102 3626 3465 3679 monasterio-

1900 3736 2020 3775 rum
2075 3720 2345 3789 praefectis
2406 3720 2723 3774 indistincte
2785 3734 2816 3771 a
2876 3732 3085 3771 canone
3140 3732 3463 3779 concessum

1898 3829 2040 3869 esse.
2074 3811 2339 3866 Praeterea
2372 3827 2497 3865 cum
2544 3812 2908 3874 dubitaretur,
2955 3827 3022 3864 an
3076 3814 3465 3865 monachorum

1897 3903 2135 3973 praefecti
2166 3904 2322 3965 fiunt,
2345 3904 2439 3971 qui
2463 3902 2636 3958 sacris
2664 3918 2773 3958 non
2808 3912 2938 3957 sunt
2967 3902 3182 3967 initiati;
3212 3901 3468 3957 dicebant

1898 3994 2139 4063 quidam,
2174 3992 2319 4063 quod
2364 3994 2624 4062 quoniam
2667 4008 2734 4047 ex
2773 3992 3018 4062 episcopi
3062 3991 3468 4046 examinatione

1897 4088 2271 4142 characterem
2322 4086 2671 4155 suscipiunt,
2706 4085 2857 4138 illum
2906 4083 3131 4139 omnino
3179 4085 3469 4154 cpiscopus

1897 4176 2078 4246 eliget,
2107 4177 2200 4247 qui
2250 4178 2317 4231 ad
2362 4176 2669 4231 animarum
2726 4175 2954 4229 salutem
3003 4187 3088 4231 est
3146 4174 3465 4244 probatior,

1896 4267 2107 4320 etiamsi
2144 4281 2253 4319 non
2296 4275 2382 4319 est
2418 4265 2590 4319 sacris
2624 4264 2892 4330 initiatus;
2929 4280 3033 4317 non
3082 4275 3265 4319 autem
3294 4279 3417 4317 eunt
3445 4300 3463 4326 ,

1898 4359 1989 4427 qui
2040 4358 2321 4412 ordinatus
2368 4365 2470 4420 est,
2523 4356 2614 4408 sed
2675 4370 2784 4408 non
2831 4363 2915 4409 est
2964 4354 3102 4409 satis
3162 4363 3462 4422 spectatus.

1897 4447 2361 4514 Quemadmodum
2412 4460 2513 4500 nec
2565 4446 2632 4511 is,
2665 4445 2757 4514 qui
2808 4452 3036 4514 aegrotat
3074 4445 3456 4513 corporaliter,

216 4559 643 4631 ἀχειροτόνητον
670 4573 683 4586 ο
710 4555 791 4607 ὅτι
828 4534 965 4623 μηδέ
999 4554 1032 4621 ἡ
1078 4549 1405 4621 χειροτονία,
1432 4548 1547 4601 ἀλλ’
1643 4550 1800 4619 ἀκρι-

1903 4540 2184 4595 medicina:
2228 4538 2364 4591 artis
2400 4536 2711 4607 imperitum
2743 4535 2809 4589 ad
2857 4537 3180 4589 medendum
3231 4534 3466 4604 eliserit,

217 4655 326 4723 ϐῆς
375 4651 656 4719 ἐπιστήμη
691 4649 791 4716 τὴν
836 4644 1137 4715 θεραπείαν
1179 4643 1411 4695 δίδωσιν.
1469 4642 1688 4712 Ἕτεροι
1742 4641 1799 4694 δὲ

215 4745 514 4801 ἀντέθεντο
567 4742 661 4806 ὡς,
716 4739 809 4792 τοῦ
862 4738 1086 4799 κανόνος
1138 4733 1509 4806 διοριζομένου
1559 4734 1800 4795 ἐκείνους

218 4839 371 4908 ἔχειν
419 4835 574 4889 τοῦτο
620 4834 680 4886 τὸ
711 4832 938 4895 δίκαιον,
985 4829 1111 4889 τοὺς
1154 4825 1591 4896 σφραγισθέντας
1632 4827 1799 4893 ἡγου-

224 4930 426 5000 μένους
485 4924 639 4993 παρὰ
698 4921 1052 4981 ἐπισκόπων,
1103 4916 1342 4987 δηλονότι
1393 4915 1550 4977 ὂντας
1612 4916 1839 4985 ἱερεῖς,-

221 5026 588 5088 ὰναφαινεται
624 5016 698 5086 μὴ
732 5011 1128 5084 σφραγίζεσθαι
1157 5006 1479 5079 ἡγούμενον,
1510 5008 1557 5059 εί
1600 5008 1675 5077 μὴ
1706 5004 1802 5058 καὶ

226 5112 416 5182 ἱερεύς
446 5113 593 5163 ἐστιν
618 5124 634 5140 ο
668 5108 807 5176 ὅπερ
857 5104 983 5174 ἐμοὶ
1035 5100 1176 5163 τέως
1226 5102 1285 5153 οῦ
1326 5100 1494 5153 δοκεῖ.
1526 5097 1661 5153 Οὑδέ
1693 5097 1800 5169 γάρ

225 5206 319 5258 δια
371 5204 468 5274 τὴν
500 5199 864 5271 ἡγουμενείαν
906 5194 1210 5266 προσετέθη
1258 5193 1410 5262 παρά
1462 5192 1572 5244 τῶν
1630 5191 1800 5259 ἁγίων

230 5292 493 5361 Πατέρων
530 5291 591 5342 τὸ
614 5285 753 5340 εἶναι
782 5288 997 5347 πάντως
1046 5286 1211 5355 ἱερεῖς
1265 5283 1391 5344 τοὺς
1441 5280 1799 5352 ἡγουμένους,

229 5383 369 5436 ἀλλὰ
389 5381 477 5433 διά
503 5379 602 5449 τὴν
628 5379 721 5430 τοῦ
756 5375 1102 5445 ἀναγνώστου
1139 5370 1430 5442 σφραγῖδα,
1468 5371 1543 5433 ὡς
1572 5368 1799 5422 δυνατοῦ

235 5476 311 5545 μὴ
343 5473 494 5533 ὄντος
534 5469 687 5539 παρά
733 5469 948 5536 ἀνιέρου
991 5463 1400 5533 καθηγουμένου
1451 5460 1801 5531 ἀναγνώστην

234 5560 658 5635 σφραγισθῆναι.
722 5558 882 5626 Λέγω
935 5553 1027 5607 οῦν
1078 5553 1187 5607 ἀπό
1254 5569 1313 5605 τε
1377 5552 1472 5605 τοῦ
1535 5551 1801 5621 παρόντος

235 5657 459 5716 κανόνος
500 5652 596 5705 καὶ
634 5650 743 5705 ἀπὸ
782 5648 873 5701 τοῦ
927 5645 990 5701 ιθ⁹
1028 5646 1203 5707 καλῶς
1230 5643 1676 5715 προχειρίζεσθαι
1705 5644 1801 5698 καὶ

237 5750 485 5818 ἀνιέρους
520 5740 964 5812 καθηγουμένους
998 5754 1014 5769 ’
1048 5738 1129 5791 ὅτι
1180 5737 1274 5789 καὶ⁹
1323 5736 1583 5803 γυναῖκες
1633 5734 1798 5804 ἡγουο

243 5838 543 5893 αενεύουσι.
578 5836 686 5890 Κῶ.
706 5832 894 5904 ὥσπερ
923 5831 1127 5886 ἐκεῖναι
1155 5826 1275 5882 οὔτε
1300 5824 1589 5895 λογισμοὺς
1610 5824 1802 5883 ἀναδέ-

1902 4644 1968 4684 co
1992 4629 2133 4698 quod
2173 4627 2441 4681 archiater
2471 4640 2567 4679 seu
2613 4624 2949 4678 medicorum
2982 4625 3237 4693 princeps
3275 4624 3349 4678 sit
3379 4638 3465 4679 or-

1902 4722 2157 4785 dinatus;
2195 4720 2453 4774 scientem
2485 4731 2614 4771 vero
2644 4724 2699 4771 et
2729 4716 2963 4787 peritum
3014 4716 3423 4785 praetermiserit
3450 4752 3465 4780 ς

1904 4822 1962 4866 ιιι
1986 4812 2077 4883 qui
2114 4827 2223 4865 non
2256 4810 2325 4867 sit
2360 4810 2643 4864 ordinatus
2673 4824 2687 4860 :
2717 4807 2972 4878 quoniam
3015 4823 3122 4862 non
3167 4808 3461 4873 ordinatio,

1903 4905 1997 4959 sed
2028 4902 2265 4973 perfecta
2297 4901 2528 4957 scientia
2558 4901 2653 4955 dat
2682 4898 2968 4954 medelam.
2995 4899 3100 4954 Alii
3127 4910 3307 4953 autem
3342 4915 3462 4954 con-

1903 5007 1984 5051 tra
2017 4995 2379 5065 apponebant,
2408 4993 2552 5063 quod
2581 5007 2704 5047 cum
2736 5006 2910 5046 canon
2937 4991 3196 5047 decernat
3222 4992 3341 5049 illos
3364 4991 3461 5049 hoc

1898 5087 1988 5159 jus
2026 5089 2223 5143 habere
2263 5085 2710 5141 monasteriorum
2757 5085 3064 5153 praefectos,
3099 5085 3192 5153 qui
3225 5086 3293 5139 ab
3332 5087 3460 5155 epi-

1902 5182 2082 5250 scopis
2111 5182 2480 5234 characterem
2526 5176 2852 5247 acceperint,
2886 5177 3202 5231 sacerdotes
3233 5176 3460 5243 scilicet,

1903 5282 2126 5344 apparet
2184 5272 2554 5326 characterem
2626 5269 2957 5340 praefecturae
3016 5284 3123 5323 non
3187 5270 3458 5340 suscipere

1901 5366 2216 5437 przefectum
2239 5403 2254 5426 ,
2288 5364 2394 5418 nisi
2453 5364 2524 5417 sit
2552 5362 2810 5417 sacerdos
2847 5379 2861 5415 :
2895 5360 3041 5432 quod
3078 5375 3186 5415 non
3221 5360 3348 5414 mihi
3383 5363 3452 5414 vi-

1901 5459 2080 5512 detur.
2108 5453 2225 5510 Non
2272 5454 2415 5509 enirn
2476 5462 2697 5524 propter
2746 5453 3120 5523 praefecturam
3167 5468 3198 5506 a
3258 5453 3457 5508 sanctis

1901 5544 2152 5602 Patribus
2184 5544 2429 5600 additum
2469 5552 2555 5599 est
2576 5583 2592 5609 ,
2625 5553 2685 5598 ut
2713 5545 2823 5599 sint
2864 5544 3087 5599 omnino
3122 5542 3457 5597 sacerdotes.

1902 5641 1994 5711 qui
2024 5638 2367 5693 monasteriis
2396 5647 2665 5708 praesunt;
2691 5636 2787 5692 sed
2815 5644 3035 5707 propter
3063 5633 3287 5689 lectoris
3310 5633 3453 5688 ordi-

1902 5732 2201 5797 nationem,
2244 5743 2439 5800 nempe
2466 5721 2590 5783 cum
2621 5729 2785 5784 lector
2809 5725 3050 5782 ordinari
3078 5740 3185 5780 non
3220 5724 3393 5794 possit
3429 5739 3454 5779 a

1901 5819 2218 5881 monasterii
2266 5819 2543 5892 praefecto,
2576 5818 2671 5890 qui
2724 5833 2832 5877 non
2885 5817 2958 5876 sit
3001 5816 3279 5875 sacerdos.
3330 5815 3457 5871 Dico
