3972 6488
461 325 567 394 963

1700 323 1803 379 Th
1812 324 1977 379 EUD.
2034 325 2127 378 ΒΛ
2138 326 2263 381 LbA
2271 326 2425 384 MU?!

3662 332 3757 393 964

461 452 594 508 ergo
625 451 691 491 ex
720 433 969 506 praesenti
999 446 1211 489 canone
1237 439 1289 486 et
1317 445 1383 486 ex
1410 430 1478 486 l9
1497 441 1643 486 recte
1672 433 1737 485 ad
1768 436 2049 501 praelectu-

2156 455 2367 507 χονται,
2424 435 2550 492 οὕτε
2598 436 2956 508 ἀναγνώστας
3015 437 3255 505 ποιοῦσι,
3294 436 3492 499 οὕτως
3534 436 3655 493 οὐδὲ
3704 442 3751 496 οι

467 546 582 584 ram
614 528 837 601 provehi
862 527 1025 581 etiam
1052 540 1176 591 eos,
1204 526 1295 595 qui
1328 540 1436 579 non
1462 533 1591 579 sunt
1621 525 1797 580 sacris
1821 526 2036 590 initiati;

462 623 725 692 quoniam
756 617 973 674 femina:
1002 633 1219 687 quoque
1257 616 1610 671 monasteriis
1646 616 2049 686 praeliciuntttr.

463 716 527 767 Et
558 712 698 769 sicut
738 711 841 766 illa:
866 725 968 765 nec
995 718 1344 781 peccatorum
1379 709 1752 764 confessiones
1785 709 2037 772 audiunt.

462 810 627 879 316
687 825 785 863 nec
837 808 1071 863 lectores
1122 806 1331 860 faciunt
1367 819 1383 859 :
1414 804 1493 860 sic
1542 819 1643 858 nec
1692 804 1939 859 monachi
1989 812 2043 860 et

463 903 724 970 prtel'ecti,
757 901 849 971 qui
884 917 987 955 non
1022 911 1146 955 sunt
1175 898 1508 965 sacerdotes,
1539 898 1641 952 hoc
1688 896 1923 962 facient;
1974 914 2045 953 eo

461 992 605 1061 quod
645 1006 743 1046 nec
775 992 883 1059 apti
916 990 1133 1059 quidem
1165 997 1314 1049 sunt,
1363 996 1421 1041 ut
1471 988 1741 1058 ejusmodi
1795 989 1869 1042 rei
1919 1004 2042 1057 per-

464 1086 781 1139 missionem
810 1084 879 1139 ab
902 1084 1159 1153 episcopo
1184 1081 1478 1151 accipiant.
1511 1082 1651 1149 Quid
1678 1083 1884 1138 autem?
1904 1082 2039 1136 Cum

466 1176 758 1232 Iustiniani
800 1176 1019 1232 Novella
1054 1178 1219 1241 dicat,
1247 1187 1306 1229 ut
1338 1191 1481 1245 saepe
1512 1176 1771 1237 diximus,
1796 1192 1903 1229 non
1928 1174 2038 1228 lieri

463 1273 721 1327 lectorem
762 1271 1076 1339 quempiam
1098 1310 1115 1333 ,
1152 1270 1253 1322 nisi
1288 1272 1359 1322 sit
1393 1268 1695 1322 octodecim
1729 1283 1903 1323 annos
1938 1283 2037 1321 tta-

463 1376 571 1427 tus,
627 1365 671 1418 si
711 1362 834 1431 quis
870 1363 1053 1417 infans
1101 1363 1179 1414 vel
1222 1378 1354 1427 puer
1387 1362 1605 1415 lectoris
1636 1346 2036 1415 ordinationem

463 1454 531 1508 ab
571 1454 814 1507 antistite
859 1454 1184 1521 suscepi-rit,
1234 1466 1371 1505 cane
1413 1459 1705 1505 contentus
1764 1454 1910 1517 erit;
1972 1467 2039 1506 an

465 1558 587 1617 post
614 1557 866 1602 octavum
922 1546 1193 1601 decimum
1250 1557 1467 1598 annum
1511 1546 1620 1599 alio
1674 1546 1741 1597 ab
1798 1546 2043 1600 antistite

467 1642 788 1694 charactere
819 1654 957 1707 opus
989 1637 1242 1691 habebit?
1272 1636 1507 1691 Solutio.
1540 1638 1595 1691 Si
1630 1640 1813 1691 datum
1868 1639 2033 1693 fuerit

464 1749 588 1786 eum
626 1746 815 1786 rursus
854 1744 1071 1800 qnaque
1106 1731 1475 1785 characterem
1512 1732 1803 1800 accipere,
1852 1742 2041 1802 utpote

468 1825 612 1893 quod
671 1825 880 1893 primus
919 1822 1207 1876 character
1252 1839 1356 1876 non
1408 1824 1579 1892 possit
1627 1825 1948 1885 consistere,
1994 1827 2040 1879 ei

467 1917 649 1969 lim-bit
673 1921 800 1968 ante‘
820 1916 1139 1978 secundum,
1170 1915 1222 1968 in
1250 1911 1875 1983 laicunt'translormari,
1900 1921 2042 1989 quod

464 2018 547 2063 est
576 2007 897 2061 absurdum.
934 2006 998 2059 Et
1030 2008 1149 2060 ideo
1183 2006 1254 2069 ei,
1280 2008 1370 2070 qui
1409 2023 1435 2059 a
1478 2008 1710 2075 pueritia
1755 2009 2043 2065 characte-

466 2116 578 2153 rem
606 2100 840 2167 accepit,
871 2097 1123 2163 suiﬁciet,
1157 2109 1215 2152 ut
1248 2098 1381 2152 mihi
1415 2098 1652 2165 videtur,
1689 2100 1892 2168 primus
1914 2105 2044 2157 cha-

467 2199 649 2245 racter
690 2190 757 2243 ab
784 2191 1028 2243 antistite
1060 2198 1373 2257 susceptus,
1405 2197 1460 2244 et
1494 2200 1782 2259 reputatus
1814 2192 2043 2261 perinde

468 2299 532 2336 ac
561 2284 605 2337 si
642 2291 762 2352 post
793 2292 1045 2337 octavum
1083 2281 1352 2337 decimum
1406 2296 1607 2336 annum
1650 2284 1717 2336 ab
1758 2301 1823 2338 eo
1871 2284 2046 2341 factus

464 2384 615 2429 esset
654 2391 669 2427 :
705 2384 757 2435 et
785 2391 851 2429 eo
892 2375 1063 2444 magis
1089 2415 1105 2438 ,
1140 2374 1303 2444 quod,
1342 2389 1452 2429 non
1501 2374 1778 2430 invenitur
1828 2386 2001 2432 canon
2031 2421 2043 2441 ,

2156 532 2366 601 ἀνίεροι
2404 530 2631 601 μοναχοὶ
2654 527 2749 583 κάι
2782 528 3185 601 καθηγούμενοι
3204 528 3488 584 τοιοῦτόν
3517 547 3572 583 τι
3610 533 3754 603 ὲνερ‹

2143 626 2397 696 γήσουσι,
2444 625 2533 678 διὰ
2558 625 2620 676 τὸ
2651 623 2786 693 μηδὲ
2816 624 3121 692 πεφυκέναι
3150 621 3427 675 τοιούτου
3458 622 3611 685 τινὸς
3637 624 3752 679 ἐπι·

2142 718 2351 788 τροπὴν
2385 717 2572 769 λαδεῖν
2621 716 2822 780 αὐτοὺς
2866 718 2931 769 ὲκ
2974 715 3073 770 τοῦ
3126 716 3488 768 ἐπισκόπου.
3543 715 3611 766 Τί
3659 716 3753 784 δέ;

2141 811 2241 880 τῆς
2280 810 2719 863 Ἰουστινιανείου
2771 809 3019 880 Νεαρᾶς,
3068 808 3143 873 ὡς
3176 808 3464 871 πολλάκις
3506 806 3752 879 εἴπομεν,

2142 902 2429 972 λεγούσης,
2482 904 2558 972 μὴ
2609 900 2857 971 γίνεσθαί
2915 919 3037 954 τινα
3098 900 3513 969 ἀναγνώστην,
3578 905 3628 955 εἱ
3685 904 3752 975 μὴ

2142 995 2659 1065 ὀκτωκαιδεκαετής
2695 996 2867 1061 ἐστιν,
2901 994 2998 1048 ὲάν
3025 1012 3109 1057 τις
3147 995 3359 1066 νήπιος
3404 992 3490 1046 ὢν
3538 993 3752 1065 δέξηται

2144 1091 2492 1163 χειροθεσίαν
2543 1087 2897 1157 ἀναγνώστου
2939 1087 3048 1142 ἀπὸ
3086 1090 3437 1159 ἀρχιερέως,
3478 1088 3753 1157 ἀρκεσθή-

2145 1203 2300 1239 σεται
2354 1184 2551 1255 ταύτῃ,
2606 1184 2638 1253 ἢ
2690 1182 2832 1253 μετὰ
2882 1182 2973 1235 τὸν
3004 1182 3514 1235 ὀκτωκαιδέκατον
3570 1181 3752 1251 χρόνον

2144 1280 2339 1351 ἐτέρας
2406 1279 2704 1350 σφραγῖδος
2759 1276 3156 1348 ἀρχιερατικῆς
3212 1274 3518 1346 δεηθείη;
3570 1274 3751 1338 Λύσις.

2145 1374 2208 1426 Εἰ
2234 1393 2239 1397 ’
2265 1372 2393 1442 δοθῇ
2444 1367 2844 1438 σφραγίζεσθαι
2883 1367 2977 1419 καὶ
3028 1362 3184 1428 αὖθις
3233 1364 3476 1429 τοῦτον,
3542 1364 3621 1427 ὡς
3659 1366 3752 1435 τῆς

2144 1467 2369 1537 πρώτης
2424 1462 2722 1533 σφραγῖδος
2775 1459 2947 1531 οὔσης
3014 1459 3412 1514 ἀνυποστάτου
3445 1497 3462 1521 ,
3514 1457 3630 1523 ἕξει
3674 1460 3751 1511 ἐπ’

2144 1561 2327 1623 ἀδείας
2362 1560 2467 1629 πρὸ
2510 1558 2609 1626 τῆς
2640 1556 2898 1624 δευτέρας
2942 1551 3581 1625 μετασχηματίζεσθαι,
3625 1551 3748 1622 ὅπερ

2145 1656 2372 1710 ἄτοπον.
2398 1653 2491 1704 Διὸ
2526 1651 2620 1704 καὶ
2660 1649 2889 1719 ἀρκέσει
2914 1647 2993 1715 τῷ
3028 1645 3288 1714 νηπιόθεν
3320 1643 3749 1714 σφραγισθέντι,

2146 1751 2221 1809 ώς
2252 1749 2375 1817 ἐμοὶ
2406 1747 2573 1808 δοκεῖ,
2603 1747 2634 1814 ἡ
2664 1741 2853 1812 πρώτη
2884 1741 3122 1809 σφραγὶς
3154 1738 3261 1791 ὑπὸ
3300 1737 3407 1790 τοῦ
3448 1736 3749 1807 ἀρχιερέως

2150 1841 2440 1911 δεχομένη,
2466 1839 2561 1890 καὶ
2582 1834 2911 1903 λογιζομένη
2942 1831 3132 1901 ὥσπερ
3175 1834 3223 1883 εί
3265 1829 3424 1900 μετὰ
3457 1829 3555 1882 τὸν
3585 1829 3746 1880 όκτωο

2151 1935 2475 1989 καιδέκατον
2497 1929 2689 2000 χρόνον
2724 1928 2918 1994 γέγονε
2942 1925 3076 1995 παρ’
3112 1923 3279 1977 αὑτοῦ
3316 1936 3331 1948 ·
3381 1922 3486 1974 καὶ
3529 1920 3741 1989 μᾶλλον,

2148 2030 2275 2082 ἐπεὶ
2298 2026 2418 2079 οὐδὲ
2444 2021 2624 2077 κανὼν
2656 2020 2973 2089 εὑρίσκεται
2994 2017 3169 2085 λέγων
3195 2013 3739 2085 προκριματίξεσθαι

2148 2121 2237 2173 τὸν
2266 2117 2373 2188 πρὸ
2401 2114 2496 2168 τοῦ
2555 2110 2797 2165 τοιούτου
2853 2108 3047 2179 χρόνου
3105 2106 3355 2159 λαϐόντα
3392 2105 3740 2174 χειροθεσίαν

2148 2207 2521 2279 ἀναγνώστου.
2558 2202 2695 2274 Περὶ
2733 2202 2915 2270 μέντοι
2961 2197 3071 2250 τῶν
3114 2198 3449 2268 προνομίων
3482 2197 3579 2249 τοῦ
3607 2214 3737 2266 χωρ-

2148 2303 2455 2357 επισκόπου
2486 2294 2761 2365 ἀνάγνωθι
2791 2291 2882 2345 τὸν
2914 2289 2945 2344 ι’
2968 2290 3170 2344 κανόνα
3195 2289 3298 2362 τῆς
3332 2292 3399 2342 ἐν
3444 2289 3736 2361 Ἀντιοχείᾳ

2150 2395 2367 2450 συνόδου
2377 2433 2391 2447 .

466 2491 560 2561 qui
591 2490 737 2544 dicat
767 2505 890 2544 eum
925 2488 1109 2559 aliquo
1143 2488 1463 2558 praejudicto
1491 2488 1651 2557 afﬁci,
1686 2491 1778 2561 qui
1822 2505 1947 2549 ante
1974 2496 2026 2551 id
2067 2505 2280 2563 tempus
2306 2483 2523 2543 lectoris
2541 2480 2787 2537 ordinem
2842 2477 3163 2547 susceperit.
3220 2476 3296 2531 De
3359 2475 3729 2545 cliorepiscopi

466 2594 647 2638 autem
702 2581 996 2653 privilegiis
1052 2580 1165 2651 lege
1214 2596 1474 2636 canonetn
1528 2583 1594 2636 10
1630 2584 1885 2640 Antioch.
1944 2591 2159 2659 synodi.

539 2674 792 2730 ZONAR.
854 2673 1084 2741 Quidam
1154 2674 1301 2728 nulla
1357 2690 1623 2729 manuum
1687 2678 2041 2746 itnpositione

468 2771 635 2823 creati
664 2770 913 2829 lectores.
947 2756 1052 2823 hoc
1080 2776 1162 2822 est
1202 2768 1349 2821 nulla
1382 2779 1537 2822 certa
1567 2768 1945 2839 designatione
1973 2772 2043 2828 ad

471 2862 522 2915 id
560 2876 758 2915 munus
787 2860 964 2923 t-lecti,
1001 2860 1052 2912 in
1090 2860 1453 2915 conventibus
1485 2875 1515 2912 e
1557 2871 1812 2930 suggestu
1861 2877 2048 2918 sacros

470 2954 638 3007 libros
671 2954 940 3022 legebant.
972 2953 1023 3006 ld
1060 2967 1191 3021 ergo
1227 2952 1312 3004 hic
1336 2966 1512 3004 canon
1543 2950 1659 3005 ﬁeri
1703 2964 1869 3019 vetat,
1908 2970 2043 3023 quo-

472 3047 616 3098 niam
658 3046 711 3098 in
751 3043 925 3110 omni,
964 3042 1163 3112 inquit,
1202 3044 1507 3096 sacerdotio
1535 3043 1745 3099 ordinis
1775 3046 2043 3101 rationem

474 3135 774 3189 habendam
821 3148 962 3199 esse,
997 3134 1156 3205 plane
1182 3134 1415 3197 clarum,
1451 3135 1553 3188 hoc
1596 3144 1707 3200 est,
1738 3135 1893 3191 valde
1930 3152 2048 3190 ma-

474 3228 735 3283 nifestum
771 3235 826 3282 et
871 3236 1116 3296 apertum
1168 3235 1273 3280 est.
1305 3226 1406 3291 Qui
1460 3241 1589 3280 vero
1641 3243 1740 3283 nec
1787 3243 2046 3283 manuum

476 3321 820 3391 impositione
852 3320 1192 3388 designatus,
1225 3333 1322 3372 nec
1360 3318 1416 3372 in
1451 3318 1716 3374 lectorum
1753 3321 1938 3374 album
1965 3337 2051 3376 re-

475 3413 618 3467 latus
650 3413 757 3475 sit;
803 3411 979 3481 qualis
1035 3411 1250 3463 illorum
1299 3419 1383 3465 est
1435 3410 1596 3475 ratio,
1636 3411 1795 3481 quia
1844 3414 2050 3469 teneris

477 3504 589 3558 Deo
624 3503 896 3574 sepositi,
930 3502 1061 3556 nihil
1092 3500 1236 3555 aliud
1272 3516 1435 3570 quam
1470 3517 1731 3557 coronam
1774 3505 1828 3558 in
1862 3506 2044 3575 capite

476 3603 726 3664 gestant;
757 3594 827 3647 ab
869 3608 935 3647 eo
976 3592 1213 3646 divinam
1273 3589 1615 3661 Scripturam
1673 3596 1742 3649 de
1794 3606 2050 3667 suggestu

482 3687 682 3757 populo
727 3684 1093 3757 pronuntiari,
1146 3684 1399 3753 quaedam
1446 3683 1658 3740 ordinis
1713 3690 2053 3755 perturbatio

482 3787 587 3832 cst.
623 3778 679 3832 ιιι
716 3779 883 3846 igitur
912 3792 979 3830 ne
1007 3775 1099 3829 fiat
1135 3775 1189 3828 in
1225 3784 1501 3844 posterum
1537 3774 1805 3842 decernit;
1836 3779 2055 3834 eadem-

481 3887 588 3937 que
627 3867 1016 3923 constitutione
1069 3869 1367 3921 monachos
1396 3882 1613 3938 quoque
1649 3872 1819 3923 teneri
1874 3870 2051 3939 jubet.

484 3961 550 4014 Et
601 3976 730 4014 vero
780 3960 1058 4021 lectorem,
1126 3958 1324 4027 inquit,
1393 3974 1651 4012 manuum
1710 3960 2057 4030 impositione

483 4066 691 4117 creare,
726 4053 781 4107 in
826 4066 926 4107 suo
971 4050 1235 4105 duntaxat
1291 4052 1645 4115 monasterio,
1694 4054 1739 4107 si
1779 4054 1940 4111 modo
1990 4058 2058 4112 ab

484 4144 741 4215 episcopo
765 4144 1093 4214 praefecturae
1114 4144 1487 4197 characterem
1518 4145 1748 4214 accepit,
1775 4154 1831 4200 et
1860 4161 2046 4202 sacer-

491 4236 664 4291 dotio
706 4235 952 4289 initiatus
998 4232 1185 4299 fuerit,
1231 4234 1348 4305 ipse
1398 4234 1716 4291 monasterii
1771 4238 2059 4308 praefectus

488 4337 682 4398 potest.
710 4325 1099 4395 Chorepiscopi
1132 4340 1351 4395 quoque
1369 4327 1512 4396 ejus,
1537 4329 1626 4382 cui
1664 4329 2058 4398 subjiciuntur,

2224 2674 2470 2732 ZQNAP.
2497 2669 2673 2729 Τινὲς,
2708 2667 2781 2736 μὴ
2803 2665 3051 2736 τυχόντες
3086 2661 3438 2733 χειροθεσίας
3468 2661 3587 2730 ἤτοι
3614 2675 3733 2726 προ-

2152 2770 2439 2843 χειρίσεως
2465 2760 2813 2829 ἀναγνώστου
2840 2762 2898 2809 ὲν
2921 2758 3041 2817 ταῖς
3065 2756 3379 2820 συνάξεσιν,
3415 2754 3657 2810 ἀνιόντες
3677 2752 3728 2802 ἐν

2150 2842 2363 2934 ἀμϐωνι
2387 2855 2829 2924 ὑπανεγίνωσκον
2860 2851 2959 2912 τὰς
2991 2848 3205 2918 βίϐλους
3221 2847 3323 2909 τὰς
3360 2845 3541 2915 ἱεράς.
3576 2842 3729 2897 Τοῦτο

2153 2953 2250 3011 οὖν
2280 2952 2481 3008 κωλύει
2506 2947 2754 3018 γίνεσθαι
2792 2948 2818 2999 ὁ
2842 2940 3035 3014 παρὼν
3060 2940 3264 3002 κανὼν,
3299 2939 3487 3005 λέγων
3516 2939 3593 2990 ὅτι
3624 2935 3726 3004 ἀρί-

2155 3048 2315 3121 δηλόν
2332 3049 2502 3110 ἐστιν,
2527 3041 2650 3097 ἀντὶ
2672 3039 2766 3092 τοῦ
2799 3038 2938 3091 πάνυ
2966 3034 3200 3106 φανερὸν
3222 3036 3315 3086 καὶ
3345 3031 3637 3102 πρόδηλον.
3656 3030 3725 3082 ὅτι

2154 3143 2309 3208 τάξις
2368 3139 2427 3190 ἐν
2475 3135 2746 3206 ἱερωσύνῃ
2804 3132 2959 3203 πάσῃ
3013 3127 3383 3183 πολιτεύεται.
3447 3123 3523 3177 Τὸ
3565 3123 3619 3175 δὲ
3649 3121 3723 3173 τὶν

2158 3234 2233 3305 μὴ
2282 3232 2519 3302 τυχόντα
2576 3226 2941 3298 χειροθεσίας,
3006 3221 3145 3294 μηδὲ
3189 3224 3305 3283 τοῖς
3360 3217 3724 3305 ἀναγνώσταις

2153 3301 2611 3393 συντεταγμένον,
2648 3313 2751 3373 οἷοί
2801 3319 2943 3369 είσιν
2968 3317 3104 3379 ὅσοι,
3165 3313 3435 3383 νηπιόθεν
3493 3310 3571 3381 τῷ
3620 3301 3721 3372 Θεῷ

2150 3418 2288 3488 τάχα
2304 3413 2713 3486 ἀφορισθέντες,
2737 3410 2939 3480 κουρὰν
2966 3408 3124 3480 μόνον
3148 3406 3307 3475 ἔσχον
3322 3407 3426 3458 ἐπὶ
3448 3406 3547 3473 τῆς
3577 3418 3720 3472 κορυ-

2154 3510 2259 3587 φῆς
2294 3508 2390 3561 καὶ
2425 3506 2591 3559 πλέον
2624 3504 2797 3567 οὐδὲν,
2824 3504 2911 3554 ἐπ’
2940 3494 3193 3572 ἄμϐωνος
3226 3499 3630 3569 ἀναγινώσκειν
3654 3493 3717 3563 τῷ

2154 3602 2269 3671 λαῷ
2291 3602 2357 3663 τὰ
2393 3599 2489 3668 τῆς
2523 3595 2884 3650 Θεοπνεύστου
2918 3593 3139 3665 Γραφῆς
3171 3592 3409 3658 ἀταξίας
3436 3587 3576 3642 ἐστί.
3616 3588 3718 3640 Κω-

2154 3693 2272 3746 λύει
2305 3690 2397 3744 οὖν
2437 3690 2635 3761 μηκέτι
2673 3688 2835 3741 τοῦτο
2859 3684 3107 3754 γίνεσθαι
3139 3702 3152 3715 ο
3186 3684 3248 3736 τὸ
3278 3684 3415 3737 αὐτὸ
3442 3681 3501 3736 δὲ
3526 3680 3615 3733 καί
3638 3678 3713 3728 ἐπὶ

2160 3780 2429 3852 μοναχῶν.
2472 3777 2847 3847 Ἀναγνώστου
2881 3779 2939 3831 δὲ
2981 3776 3348 3848 χειροθεσίαν,
3383 3775 3540 3841 φησι,
3573 3771 3714 3822 δύνα-

2155 3893 2246 3929 ται
2276 3876 2371 3928 καὶ
2405 3872 2712 3944 ἡγούμενος
2746 3873 2923 3923 ποιεῖν
2957 3871 3014 3922 ὲν
3048 3869 3197 3939 μόνῳ
3228 3868 3307 3938 τῷ
3339 3866 3529 3935 οἰκείῳ
3568 3879 3711 3933 μονα-

2159 3966 2385 4037 στηρίῳ,
2420 3967 2469 4018 εἰ
2498 3962 2770 4035 σφραγῖδα
2798 3962 2911 4031 ἔχει
2938 3959 3241 4031 ἀρχιερέως
3267 3960 3365 4013 καὶ
3393 3955 3569 4026 ίερεύς
3595 3957 3710 4006 ἐστι.

2159 4059 2269 4112 Καὶ
2300 4059 2350 4109 ei
2372 4054 2781 4127 χωρεπίσκοποι
2809 4053 2865 4105 δὲ
2899 4050 3018 4121 μετ’
3052 4050 3357 4119 ἐπιτροπῆς
3389 4047 3484 4100 τοῦ
3509 4040 3708 4097 ἐπισκό-

2161 4167 2288 4215 που,
2324 4148 2417 4216 ὑφ’
2459 4146 2518 4199 ὃν
2552 4144 2791 4209 τελοῦσι,
2828 4143 3086 4197 δύνανται
3115 4140 3473 4210 ἀναγνώστας
3495 4133 3709 4207 χειροθε-

2159 4242 2293 4295 τεῖν.
2324 4237 2483 4292 Κατά
2506 4236 2563 4290 δὲ
2594 4236 2686 4289 τὸν
2715 4235 2940 4289 δέκατον
2980 4228 3183 4287 κανόνα
3216 4232 3315 4302 τῆς
3342 4235 3401 4284 ὲν
3440 4222 3706 4292 Ἀντιοχείᾳ

2164 4332 2381 4385 συνόδου
2417 4332 2468 4383 οἱ
2502 4328 2916 4399 χωρεπίσκοποι
2947 4326 3044 4379 καὶ
3071 4324 3458 4385 ὑποδιακόνους
3496 4317 3687 4390 χειροθε

486 4418 727 4489 episcopi
777 4417 1139 4487 permissione
1169 4416 1400 4470 lectores
1428 4457 1442 4479 ,
1481 4418 1614 4485 quin
1644 4420 1810 4473 etiam
1857 4435 1925 4475 ex
1960 4422 2049 4477 de-

2159 4424 2313 4477 τοῦσι
2340 4422 2436 4475 καὶ
2461 4421 2789 4492 ὲφορκιστὰς
2819 4421 2957 4492 (⁸55).

488 4522 640 4567 creto
669 4507 895 4563 canonis
925 4506 1116 4560 decimi
1150 4505 1340 4575 synodi
1376 4509 1724 4563 Antiochense
1757 4551 1771 4575 ,
1801 4512 2060 4581 hypodia-

494 4621 664 4661 conos
695 4617 916 4675 quoque
946 4613 1000 4655 et
1033 4603 1338 4656 exorcistas
1365 4605 1583 4658 creandi
1610 4606 1702 4674 jus
1733 4607 1953 4662 habent.

492 4699 722 4752 ARIS'I‘.
798 4715 816 4747 t
870 4694 1000 4748 Sine
1058 4706 1331 4746 manuum
1398 4695 1634 4763 episcopi
1719 4697 2065 4765 impositione

572 4813 587 4841 ι
632 4802 789 4843 nemo
843 4790 908 4841 de
960 4794 1212 4853 suggestu
1274 4784 1431 4853 leget.
1473 4784 1585 4840 lloc
1613 4798 1665 4840 ct
1694 4790 1744 4840 in
1780 4788 2061 4844 monachis

566 4908 584 4934 ι
626 4880 1023 4935 observabitur.
1075 4875 1384 4929 Monasterii
1431 4891 1560 4930 vero
1619 4878 1925 4946 praefectus,
1976 4881 2061 4932 cui

567 5000 582 5022 ι
625 4974 912 5042 episcopus
944 4982 1137 5022 manus
1178 4967 1454 5037 imposuit,
1503 4968 1554 5021 in
1586 4984 1684 5022 suo
1730 4970 1846 5024 solo
1876 4985 2065 5024 mona-

566 5090 581 5119 ι
626 5067 790 5121 Sterio
813 5066 1070 5117 lectorem
1095 5060 1388 5114 ordinabit.
1432 5057 1867 5130 Cborepiscotius
1898 5065 2060 5117 etiam

577 5183 594 5213 ‹
642 5170 891 5215 :ectorem
924 5157 1151 5211 creabit.
1192 5176 1210 5205 ι

568 5280 721 5335 Licet
747 5288 1027 5332 tonsuram
1060 5278 1254 5331 habeat
1277 5279 1545 5349 quispiam
1571 5275 1982 5339 sacerdotalem,
2016 5275 2061 5329 si

500 5389 608 5426 non
639 5380 695 5425 ct
722 5370 792 5425 ab
815 5371 1070 5445 episcopo
1107 5383 1362 5423 manuum
1401 5367 1801 5438 impositionetn
1838 5367 2065 5433 recepit,

2178 4687 2396 4743 ΑΡΙΣΤ.
2432 4704 2453 4737 ι
2504 4685 2692 4748 Ἐιτὸς
2746 4682 3085 4753 χειροθεσίας
3118 4680 3420 4734 ἐπισκόπου
3449 4678 3543 4728 οὐκ
3592 4670 3701 4721 ἀνα-

2243 4803 2260 4833 (
2308 4779 2577 4851 γνώσεταί
2601 4795 2684 4838 τις
2713 4776 2800 4828 ἐπ’
2828 4775 3078 4845 ἄμδωνος
3103 4788 3119 4804 ⁸
3149 4774 3417 4843 κρατήσει
3451 4766 3597 4821 τοῦτο
3623 4764 3700 4813 καὶ

2246 4893 2263 4925 t
2315 4878 2405 4926 ἐπὶ
2438 4871 2712 4943 μωαχῶν.
2747 4868 3082 4938 Ἠγούμενος
3111 4866 3190 4930 δὲ,
3218 4859 3549 4935 χειροθεσίαν
3583 4853 3696 4920 ἔχων

2249 4986 2266 5016 ε
2316 4965 2616 5018 ἐπισκόπου
2646 4965 2705 5014 ὲν
2737 4961 2883 5032 μόνῳ
2913 4959 2990 5029 τῷ
3025 4959 3139 5029 ίδίῳ
3176 4953 3518 5027 μοναστηρίῳ
3544 4958 3697 5016 χειρο-

2249 5078 2266 5109 t
2314 5059 2440 5129 Θετή
2451 5075 2539 5111 σειν
2555 5055 2929 5126 ἀναγνώστην.
2954 5049 3364 5123 Προχειρίζεται
3382 5040 3693 5110 ἀναγνώστην

2248 5172 2265 5202 ι
2313 5155 2405 5205 καὶ
2433 5153 2863 5221 χωρεπίσκοπος.
2905 5166 2925 5199 ι
3673 5209 3686 5231 ν

2240 5243 2357 5297 Κᾶν
2402 5242 2603 5313 κουράν
2649 5258 2734 5303 τις
2769 5238 3046 5308 ἱερατικὴν
3085 5235 3203 5307 ἔχῃ,
3252 5235 3299 5286 εἰ
3358 5233 3430 5299 μὴ
3470 5223 3674 5313 tta-1m?

2173 5339 2477 5390 ἐπισκόπου
2504 5334 2841 5405 χειροθεσίαν
2871 5330 3105 5395 δέξεται,
3140 5330 3239 5382 οὐκ
3276 5324 3621 5394 ἀναγνώσεται
3643 5310 3688 5359 ὲν

1709 5461 1904 5521 Guill.
1935 5458 2263 5538 Beveregii
2310 5462 2500 5517 notat.

576 5567 688 5639 (35)
725 5564 1137 5639 xstpoasraﬁo't
1172 5564 1275 5639 x_al
1303 5563 1685 5639 ἐφορκιᾳτᾴς.
1756 5562 1813 5615 In
1840 5560 2069 5639 Supple-

509 5632 693 5694 ménto
724 5638 790 5690 ad
813 5632 1135 5689 Parisieusis
1191 5634 1418 5689 Zonara:
1452 5634 1786 5694 'editionem,
1833 5648 1898 5685 ex
1959 5632 2067 5683 alio

514 5712 695 5765 tit-scio
730 5723 840 5777 quo
862 5707 1070 5764 codice.
1102 5715 1222 5775 post
1252 5709 1365 5777 haec
1411 5704 1790 5777 ultitna_ej_us_
1816 5704 1868 5753 in
1920 5701 2065 5777 hunc

513 5771 777 5833 annonem
807 5781 989 5835 verba,
1013 5771 1238 5840 dicitur,
1271 5773 1666 5843 κα“ι·είρηνικὰς
1683 5771 1919 5825 διδόασιν
1955 5774 2068 5843 ἐπι-

514 5850 704 5913 στολὰς
746 5850 884 5903 κατὰ
936 5846 1025 5902 τὸν
1094 5848 1333 5902 κανόνα’
1382 5841 1533 5918 ζήτει
1593 5845 1690 5913 τῆς
1733 5848 1786 5904 ς’
1847 5841 2065 5894 συνόδου

2176 5558 2374 5611 κανόνα
2404 5562 2471 5624 ιγ’
2499 5572 2563 5610 πε
2572 5554 2625 5623 ρὶ
2648 5552 2741 5606 τοῦ
2789 5554 2901 5607 ἄνω
2926 5550 3243 5624 κεφαλαίου,
3289 5558 3334 5599 et
3381 5545 3559 5624 litteras

2173 5645 2270 5698 que
2298 5614 2546 5698 paci/iras
2566 5614 2725 5693 juxta
2756 5614 3014 5698 curionem
3039 5622 3347 5698 concedunt.
3381 5616 3550 5698 Q‘f‘fff

2210 5663 2267 5681 ..υ
2333 5663 2412 5679 ιιι.
2600 5663 2725 5676 η...
2757 5663 3005 5675 -....-......
3039 5663 3346 5673 -..πη-κη--
3386 5663 3419 5677 ,ι
3602 5663 3621 5681 η

2175 5663 2262 5752 zdi
2298 5663 2465 5751 :extt’t!
2494 5663 2744 5748 cntionem
2797 5694 2881 5756 l3,
2930 5699 2992 5744 de
3024 5692 3191 5757 capite
3243 5702 3397 5754 supra
3431 5680 3567 5732 uicto.
3596 5663 3678 5722 δαί

2174 5772 2285 5824 haec
2313 5772 2365 5821 in
2397 5769 2584 5823 codice
2622 5764 3062 5819 Attterbacltiano
3095 5774 3201 5815 non
3236 5759 3494 5827 leguntur.
