3972 6488
238 372 345 435 965

1227 368 1307 427 ΙΝ
1346 366 1510 429 CAN.
1540 367 1640 427 XV
1678 367 1888 430 CONC.

244 497 305 559 τῇ
332 487 548 553 συνάξει
578 486 668 538 ἐπ’
696 483 949 556 ἄμϐωνος
980 484 1077 547 τὰς
1112 484 1262 554 ἱερὰς
1292 482 1385 535 τοῦ
1417 480 1551 533 Θεοῦ
1580 480 1816 551 βίϐλους.
1849 493 1888 547 Α

247 580 529 642 Ὡσαύτως
582 579 705 631 οὐδὲ
767 577 999 648 μοναχὺς
1054 575 1213 628 τοῦτο
1280 576 1520 644 ποιήσει.
1575 574 1701 636 Τοῖς
1757 573 1814 625 is

238 674 578 743 ἡγούμενοις,
614 670 1001 740 πρεσϐυτέροις
1028 666 1166 732 οὖσι,
1203 666 1294 719 καὶ
1326 666 1473 737 παρὰ
1514 665 1814 717 ἐπισκόπου

234 766 332 819 διὰ
363 765 701 835 χειροθεσίας
760 762 928 817 αὐτοῦ
984 763 1082 833 τὴν
1139 760 1479 832 προστασίαν
1509 759 1610 827 τῆς
1651 758 1815 827 μονῆς

232 859 685 928 ἀναδεξαμένοις,
738 857 893 909 ἄδεια
937 856 1140 907 δίδοται
1196 853 1525 923 χειροθετείν
1570 849 1817 917 ἀναγνώ-

237 968 380 1021 στην
426 953 482 1003 ἐν
538 950 682 1019 μόνῳ
732 948 811 1017 τῷ
848 948 961 1016 ίδίῳ
989 944 1352 1016 μοναστηρίῳ.
1408 942 1567 994 Ἀλλὰ
1623 940 1718 993 καὶ
1767 940 1817 992 οί

234 1040 659 1108 χωρεπίσκοποι
687 1035 1044 1102 ἀναγνώστας
1089 1033 1565 1103 χειροτοτήσουσιν
1600 1050 1613 1062 ·
1654 1031 1727 1092 ὡς
1760 1029 1817 1082 δὲ

233 1131 268 1181 ὁ
302 1130 526 1191 δέκατος
553 1128 735 1182 κανὼν
766 1128 864 1197 τῆς
891 1128 950 1179 ἐν
1003 1125 1309 1195 Ἀντιοχείᾳ
1331 1123 1553 1177 συνόδου
1583 1122 1816 1192 διαλαμ-

234 1221 421 1287 ϐάνει,
446 1224 542 1274 καὶ
567 1221 955 1278 ὑποδιακόνους
995 1218 1088 1273 καὶ
1123 1217 1448 1289 ἐφορκιστὰς
1504 1211 1649 1269 οὗτοι
1680 1214 1819 1269 καθ-

242 1316 473 1369 ιστῶσιν
505 1329 521 1344 ο
552 1315 601 1365 εί
648 1318 742 1367 καὶ
803 1315 830 1366 ὁ
886 1312 1056 1382 μέγας
1098 1310 1374 1372 Βασίλειος
1435 1309 1496 1361 ού
1549 1308 1821 1378 συγχωρεῖ

234 1409 428 1470 αὐτοῖς
478 1406 608 1460 ἄνευ
633 1404 859 1475 γνώμης
893 1403 1059 1457 αὐτοῦ
1097 1406 1177 1467 είς
1209 1401 1669 1474 ὲκκλησιαστικὴν
1719 1400 1822 1451 ὑπο

237 1519 277 1569 η
286 1502 484 1570 ρεσίαν
515 1500 637 1551 τινὰ
666 1497 1098 1567 παραδέχεσθαι,
1130 1496 1217 1548 διὰ
1246 1497 1305 1548 τὸ
1330 1490 1818 1563 καταφρονητικῶς

235 1595 444 1657 αὐτοὺς
467 1594 561 1647 καὶ
591 1593 852 1664 ῥαθύμως
878 1593 1005 1662 περὶ
1033 1590 1131 1662 τὴν
1151 1589 1409 1659 ὲπιλογὴν
1436 1587 1544 1641 τῶν
1563 1584 1819 1639 τοιούτων

233 1688 600 1743 διατίθεσθαι.

852 1781 1086 1835 ΚΑΝΩΝ
1121 1778 1221 1835 lE'.
1826 1852 1829 1853 ί

244 1897 265 1927 ί
320 1877 599 1947 Κληρικδς
635 1876 741 1929 ἀπὸ
777 1875 870 1927 τοῦ
909 1874 1175 1945 παρόντος
1206 1871 1279 1942 μὴ
1311 1873 1732 1925 καταταττέσθω
1760 1874 1817 1926 ἐν

319 1987 338 2017 ι
388 1968 540 2020 δυσὶν
593 1964 908 2035 ἐκκλησίαις
942 1978 957 1992 ·
1006 1965 1277 2032 ἐμπορίας
1336 1962 1446 2029 γὰρ
1476 1961 1569 2013 καὶ
1599 1962 1820 2032 αἰσχρο-

318 2078 338 2109 ι
392 2059 643 2126 κερδείας
690 2057 821 2110 [διον
861 2055 1041 2114 τοῦτο.
1088 2054 1180 2106 καὶ
1212 2053 1491 2123 ἀλλότριον
1521 2054 1818 2122 ἐκκλησια-

319 2173 337 2202 ι
392 2151 588 2215 στικῆς
645 2147 957 2219 συνηθείας.
1019 2146 1364 2215 Ἦκούσαμεν
1396 2145 1504 2215 γὰρ
1536 2144 1594 2208 ἐξ
1648 2144 1819 2212 αὐτῆς

320 2262 343 2296 ι
392 2243 681 2315 Κυριακῆς
739 2241 926 2311 φωνῆς
982 2242 1066 2293 ὅτι
1116 2259 1134 2291 ι
1172 2239 1247 2293 Οὐ
1302 2238 1520 2290 δύναταί
1565 2254 1649 2301 τις
1698 2236 1820 2290 δυσὶ

321 2355 342 2389 ι
392 2336 605 2407 κυρίοις
634 2332 907 2387 δουλεύειν
940 2333 1020 2403 ’ἢ
1055 2333 1163 2399 γὰρ
1190 2331 1281 2383 τὸν
1309 2330 1404 2382 ἕνα
1442 2328 1684 2401 μισήσει,
1724 2329 1819 2381 καὶ

325 2450 345 2483 t
396 2431 489 2483 τὸν
516 2427 705 2497 ἓτερον
731 2426 1031 2497 ἀγαπήσει,
1056 2424 1089 2493 ἦ
1124 2423 1217 2476 τοῦ
1247 2422 1364 2484 ἐνὸς
1392 2421 1699 2487 ἀνθέξεται,
1726 2421 1820 2472 καὶ

324 2541 344 2574 ι
392 2522 489 2576 τοῦ
565 2520 753 2591 ἑτέρου
822 2517 1246 2588 καταφρονήσει.
1284 2532 1303 2566 ι
1368 2514 1639 2576 Ἕκαστος
1704 2511 1819 2573 οὖν,

320 2639 342 2671 ι
390 2617 529 2671 κατὰ
562 2615 661 2685 τὴν
686 2612 1051 2681 ἁποστολικὴν
1095 2607 1299 2680 φωνὴν,
1333 2608 1390 2660 ὲν
1419 2603 1463 2676 ᾧ
1502 2605 1728 2677 ἐκλήθη,
1762 2607 1821 2657 ὲν

320 2730 341 2763 ι
387 2710 561 2779 τούτῳ
589 2706 796 2777 ὀφείλει
833 2706 1036 2775 μένειν,
1068 2701 1165 2755 καὶ
1213 2699 1596 2772 προσεδρεύειν
1630 2700 1688 2751 ὲν
1722 2697 1821 2767 μιᾷ

330 2824 350 2855 ι
396 2802 682 2872 ἐκκλησίᾳ.
714 2798 795 2852 Τὰ
825 2797 934 2866 γὰρ
986 2794 1052 2849 δι’
1070 2793 1529 2880 αἰσχροκέρδειαν
1556 2792 1821 2860 γινόμενα

321 2918 339 2949 ι
386 2898 478 2948 ἐπὶ
518 2893 626 2946 τῶν
660 2888 1129 2957 ὲκκλησιαστικῶν
1176 2885 1520 2957 πραγμάτων
1566 2883 1822 2953 ἀλλότρια

325 3003 346 3035 ι
391 2982 487 3035 τοῦ
541 2979 675 3033 θεοῦ
739 2978 1135 3047 καθεστήκασι.
1203 2976 1350 3045 Πρὸς
1405 2974 1505 3043 τὴν
1552 2972 1645 3026 τοῦ
1702 2971 1820 3043 βίου

321 3094 341 3124 ι
387 3072 581 3125 τούτου
624 3070 815 3140 χρείαν
847 3064 1262 3136 ἐπιτηδεύματά
1304 3065 1411 3117 είσι
1439 3062 1672 3132 διάφορα
1700 3076 1714 3090 ·
1762 3061 1822 3125 ἐξ

320 3187 341 3216 σ
390 3163 574 3218 αὐτῶν
619 3159 735 3227 οὖν,
782 3162 834 3213 εἴ
884 3178 966 3222 τις
1014 3158 1275 3229 βούλοιτο,
1318 3156 1387 3210 τὰ
1437 3156 1673 3226 χρειώδη
1722 3151 1818 3207 τοῦ
1847 3179 1891 3237 C

330 3278 347 3309 ι
394 3256 648 3327 σώματος
675 3251 1003 3322 ποριζέσθω.
1037 3250 1181 3320 Ἔφη
1231 3248 1340 3319 γὰρ
1373 3248 1402 3300 ὁ
1455 3245 1777 3306 Ἀπόστολος
1802 3259 1818 3275 ο

323 3369 345 3401 ι
394 3350 529 3411 Ταῖς
560 3346 773 3417 χρείαις
835 3361 958 3413 μου,
1005 3341 1099 3396 καὶ
1149 3342 1263 3402 τοῖς
1312 3334 1432 3393 οὖσι
1484 3337 1603 3409 μετ’
1663 3335 1821 3408 ἐμοῦ,

328 3460 348 3493 ι
395 3439 751 3510 ὑπηρέτησαν
780 3437 834 3490 αί
865 3437 1047 3505 χεῖρες
1094 3426 1275 3487 αὗται.
1314 3450 1334 3484 ι
1382 3432 1493 3484 Καὶ
1519 3430 1691 3483 ταῦτα
1727 3429 1825 3500 μὲν

330 3553 349 3585 ι
394 3535 452 3585 ἐν
483 3529 660 3600 ταύτῃ
691 3531 758 3598 τῇ
786 3527 1139 3595 θεοφυλάκτῳ
1180 3524 1336 3577 πόλει
1370 3540 1383 3553 ·
1416 3526 1475 3576 ἐν
1504 3521 1559 3575 δὲ
1586 3524 1695 3585 τοῖς
1721 3521 1826 3588 ἔξω

329 3645 350 3678 ι
395 3621 617 3694 χωρίοις
644 3621 735 3675 διὰ
762 3620 861 3689 τὴν
893 3618 1130 3687 ἔλλειψιν
1166 3616 1278 3671 τῶν
1305 3615 1610 3687 ἀνθρώπων
1642 3631 1825 3685 παρα-

330 3735 350 3769 t
396 3714 700 3786 χωρείσθω,
737 3731 755 3763 ›

324 3810 525 3862 ΒΑΛΣ.
562 3807 746 3876 Σαφής
771 3806 918 3857 ἐστιν
958 3806 987 3857 ὀ
1021 3802 1220 3857 κανών.
1251 3802 1556 3873 Διορίζεται
1612 3803 1719 3873 γὰρ
1750 3800 1825 3871 μὴ

250 3897 695 3956 κατατάττεσθαί
721 3913 843 3947 τινα
872 3893 1133 3963 κληρικδν
1157 3893 1237 3956 είς
1272 3892 1365 3945 δύο
1391 3892 1715 3961 ἐκκλησίας,
1738 3890 1827 3943 διὰ

247 4000 313 4051 τὸ
343 3992 484 4049 εἶναι
507 3992 666 4046 τοῦτο
695 3986 1141 4057 αἰσχροκέρδειαν
1172 3986 1269 4037 καὶ
1308 3984 1599 4055 ἐμπορίαν.
1642 3983 1729 4045 Ὠς
1768 3980 1829 4035 δέ

250 4105 402 4149 τινος
436 4084 703 4145 εἰπόντος,
729 4080 839 4132 Καὶ
870 4075 1036 4129 πόθεν
1072 4074 1142 4127 τὰ
1169 4074 1301 4144 πρὸς
1325 4073 1636 4143 ζωάρκειαν
1675 4072 1829 4137 ’ἐξουο

256 4198 343 4232 σιν
371 4179 420 4229 οί
448 4174 701 4244 κ)ηρικο“ι
730 4168 1033 4232 ἁνενδεῶς;
1087 4161 1240 4218 εἷπον
1268 4166 1316 4217 οἱ
1376 4165 1615 4235 Πατέρες
1661 4164 1830 4217 πολλὰ

255 4267 400 4322 εἶναι
427 4267 521 4320 καὶ
547 4265 781 4333 διάφορα
808 4259 1243 4328 ἐπιτηδεύματα,
1276 4256 1539 4326 ἐλεύθερα
1570 4254 1664 4309 καί¹
1687 4255 1828 4308 ἀκα-

252 4363 578 4427 τάγνωστα·
616 4357 710 4408 καὶ
740 4352 1148 4421 ποριζέσθωσαν
1181 4347 1249 4400 δι’
1279 4345 1457 4399 αὐτῶν
1482 4346 1549 4399 τὰ
1572 4345 1828 4416 χρειώδη.

260 4452 592 4521 Παρήγαγον
620 4447 677 4499 δὲ
730 4444 823 4497 καὶ
871 4443 1095 4512 χρήσεις
1133 4441 1294 4510 χάριν
1339 4437 1530 4491 τούτου
1574 4438 1681 4492 ἀπὸ
1723 4438 1830 4491 τῶν

1858 1842 1895 1896 Β

1934 369 2046 432 VII
2078 371 2431 434 (ECUMEN.
3375 379 3479 442 966

1920 486 1973 540 in
2009 497 2281 542 conventu
2314 500 2501 545 sacros
2533 489 2624 545 Dei
2654 490 2825 548 libros
2846 507 2876 547 e
2898 500 3151 564 suggestu
3182 508 3291 551 non
3315 495 3475 567 leget.

1923 576 2188 633 Similiter
2223 591 2405 634 autem
2438 596 2538 636 nec
2568 585 2867 639 monachus
2895 584 2995 639 hoc
3040 584 3218 641 faciet.
3258 589 3326 641 At
3361 604 3479 641 mo.

1917 671 2283 725 nasteriorum
2340 673 2651 743 praefectis,
2698 677 2741 730 si
2790 679 3094 747 presbyteri
3133 678 3263 744 sint,
3305 692 3360 736 et
3410 683 3480 735 ah

1914 762 2173 831 episcopo
2198 778 2293 832 per
2314 779 2569 818 manuum
2595 765 3151 838 ejusimpositionem
3178 772 3481 827 mansionis

1916 868 2102 907 curam
2149 862 2495 923 acceperunt,
2533 871 2727 912 manus
2761 859 2815 913 in
2866 860 3120 915 lectorem
3167 862 3482 934 imponendi

1866 988 1875 993 -
1918 946 1972 998 in
2004 960 2104 1000 suo
2134 946 2249 1000 solo
2286 951 2615 1004 monasterio
2639 961 2876 1018 potestas
2903 952 3080 1007 datur.
3113 953 3217 1010 Sed
3240 964 3294 1011 et
3322 958 3483 1013 choro

1916 1036 2156 1106 episcopi
2199 1037 2434 1093 lectores
2486 1040 2862 1096 ordinabunt:
2906 1052 2965 1097 ut
2999 1053 3180 1099 autem
3235 1047 3481 1100 decimus

1918 1130 2108 1198 synodi
2167 1128 2522 1184 Antiocheam
2578 1124 2753 1186 canon
2808 1137 3017 1200 statuit,
3074 1137 3479 1206 llypodiacouos

1916 1222 2079 1274 etiam
2109 1230 2162 1275 et
2191 1221 2492 1275 exorcistas
2524 1219 2597 1274 illi
2624 1226 2979 1279 constituunt.
3007 1225 3226 1279 Etiamsi
3251 1224 3483 1282 Basilius

1920 1328 2149 1383 magnus
2177 1313 2279 1368 hoc
2306 1314 2386 1368 eis
2432 1329 2539 1369 non
2590 1317 2860 1382 concedit,
2888 1318 3006 1374 sine
3034 1320 3152 1389 ejus
3181 1322 3483 1387 voluntate,

1919 1404 1985 1457 ad
2020 1403 2449 1459 ecclesiasticum
2498 1404 2858 1461 ministerium
2908 1411 3218 1478 quempiam
3271 1412 3486 1466 admit-

1921 1506 2068 1560 tere;
2098 1497 2223 1565 quia
2252 1499 2327 1551 illi
2368 1502 2718 1571 contemptim
2768 1511 2823 1556 et
2868 1504 3166 1559 oscitanter
3205 1504 3259 1558 in
3294 1505 3486 1562 talium

1919 1592 2188 1645 electione
2223 1605 2282 1645 se
2312 1603 2526 1661 gerunt.
3000 1592 3009 1607 '

2500 1773 2725 1828 CANUN
2786 1773 2903 1829 XV.

1932 1881 1951 1915 ι
1997 1848 2238 1919 Clericus
2263 1866 2330 1918 ab
2359 1865 2461 1920 hoc
2490 1867 2743 1936 deinceps
2775 1877 3020 1938 tempore
3054 1870 3105 1923 in
3143 1870 3357 1925 duabus
3393 1886 3484 1926 ec-

1999 1972 2017 2007 ι
2052 1955 2234 2011 clesiis
2264 1973 2371 2012 non
2409 1958 2703 2015 collocetur
2746 1974 2761 2014 :
2809 1963 3189 2031 negotiationis
3236 1966 3380 2018 enim
3430 1972 3491 2018 et

1996 2064 2015 2099 ι
2055 2048 2229 2116 turpis
2259 2049 2395 2104 lucri
2436 2053 2716 2122 proprium
2746 2061 2869 2120 est,
2902 2061 2955 2109 et
2993 2062 3060 2109 ab
3114 2056 3487 2112 ecclesiastica

1998 2159 2017 2193 ι
2057 2144 2451 2217 consuetudine
2499 2146 2760 2206 alienum.
2809 2148 2889 2203 Ab
2925 2149 3038 2218 ipsa
3089 2150 3233 2205 enim
3270 2151 3485 2207 Domini

1997 2252 2017 2285 ε
2065 2250 2197 2291 voce
2233 2238 2563 2303 audivimus,
2601 2230 2765 2295 (non
2816 2255 2975 2310 posse
3003 2243 3311 2313 quempiam
3351 2244 3489 2299 duo-

2000 2342 2017 2375 ι
2052 2324 2156 2380 bus
2179 2325 2414 2381 dominis
2441 2329 2647 2382 servire
2676 2345 2690 2380 :
2724 2330 2807 2383 vel
2842 2330 2985 2384 enim
3023 2348 3187 2386 unum
3222 2332 3348 2386 odio
3383 2334 3487 2386 ha-

2000 2435 2018 2470 ι
2062 2418 2230 2483 bebit,
2263 2430 2314 2473 et
2340 2419 2570 2474 alterum
2604 2420 2821 2492 diliget;
2856 2423 2935 2475 vel
2971 2439 3133 2477 unum
3187 2429 3486 2493 amplecte-

1998 2526 2018 2561 ι
2057 2517 2165 2575 tur,
2191 2517 2243 2564 et
2273 2511 2499 2565 alterum
2535 2512 2769 2583 negliget
2798 2513 2865 2566 ⁸⁸.
2903 2514 3287 2586 Unusquisque
3332 2531 3484 2586 ergo,

2000 2619 2019 2651 ι
2060 2601 2366 2657 secundum
2404 2603 2607 2658 dictum
2637 2605 2994 2673 aposmlicum
3022 2645 3038 2669 ,
3071 2608 3126 2661 in
3170 2622 3255 2671 eo,
3290 2608 3345 2661 in
3379 2625 3491 2678 quo

1999 2712 2018 2745 ι
2065 2702 2292 2749 vocatus
2336 2705 2455 2757 est.
2505 2697 2665 2750 debet
2713 2712 2956 2762 manere,
3007 2708 3059 2752 et
3095 2699 3146 2752 iu
3178 2699 3339 2769 317
3380 2716 3487 2755 una

1999 2802 2017 2835 ι
2056 2786 2281 2841 ecclesia
2324 2788 2587 2843 assidere.
2617 2788 2746 2855 Quae
2777 2791 2921 2844 enim
2955 2801 3174 2861 propter
3207 2797 3363 2863 turpe
3391 2794 3477 2849 lu-

2000 2894 2019 2927 ι
2058 2892 2209 2930 crum
2247 2878 2383 2932 liunt
2411 2880 2463 2933 in
2489 2881 2879 2937 ecclesiasticis
2927 2883 3183 2952 negotiis,
3218 2900 3279 2938 ea
3315 2901 3343 2939 a
3373 2885 3488 2941 Deo

2001 2985 2019 3019 ι
2058 2978 2187 3023 sunt
2218 2970 2414 3026 aliena.
2445 2973 2524 3025 Ad
2572 2972 2734 3042 hujus
2772 2982 2951 3028 autem
2997 2974 3120 3029 vita:
3154 2991 3311 3030 usum
3361 2988 3491 3033 sunt
3574 3042 3577 3043 ν

2000 3077 2018 3111 ι
2060 3061 2269 3115 diversa
2306 3063 2487 3117 studia
2517 3081 2531 3117 :
2572 3080 2637 3119 ex
2672 3066 2739 3120 iis
2774 3081 2925 3135 ergo,
2962 3068 3003 3120 si
3042 3068 3168 3136 quis
3222 3069 3391 3136 velit,
3425 3088 3489 3126 ea

2000 3169 2018 3200 ι
2056 3166 2176 3221 qua:
2201 3164 2326 3206 sunt
2347 3154 2559 3223 corpori
2574 3156 2636 3209 ad
2668 3172 2824 3210 usum
2857 3158 3163 3213 necessaria
3191 3172 3488 3231 comparet.

2001 3262 2019 3294 ι
2065 3244 2205 3299 Dixit
2236 3247 2377 3300 enim
2409 3247 2721 3316 Apostolus;
2760 3267 2779 3301 ι
2808 3249 2998 3304 usibus
3028 3253 3183 3321 meis,
3211 3264 3265 3306 et
3294 3254 3362 3309 iis
3396 3256 3489 3324 qui

2001 3354 2019 3387 ι
2058 3352 2270 3393 mecum
2299 3349 2445 3404 sunt,
2486 3356 2680 3397 manus
2714 3344 2829 3398 ista:
2856 3346 3344 3402 subministrarunt
3368 3348 3434 3402 “.
3464 3367 3484 3399 ι

2004 3448 2023 3482 ι
2067 3429 2130 3483 Ει
2164 3431 2277 3486 ιιιεο
2303 3432 2520 3499 quidem
2554 3435 2608 3489 in
2645 3436 2746 3491 hac
2793 3452 2822 3490 a
2871 3437 2978 3491 Deo
3005 3439 3380 3494 conservanda
3412 3438 3495 3494 ci-

2002 3542 2021 3576 ι
2063 3524 2222 3579 vitate
2250 3542 2265 3577 :
2300 3525 2352 3579 in
2386 3526 2452 3580 iis
2486 3535 2663 3581 autem
2694 3544 2815 3598 qua:
2842 3540 2992 3585 extra
3015 3541 3141 3585 sunt
3171 3531 3303 3588 let-is
3357 3545 3489 3603 pro-

2001 3636 2019 3669 ι
2059 3630 2175 3685 pler
2203 3617 2483 3672 hominum
2513 3619 2748 3689 inopiam
2783 3620 3150 3693 indulgeatur.
3180 3641 3198 3674 ι

1914 3784 1919 3793 ’
1999 3794 2188 3850 BALS.
2218 3794 2546 3866 Pcrspicuus
2575 3803 2659 3852 est
2688 3811 2886 3851 canon.
2935 3795 3143 3853 Statuit
3200 3798 3370 3866 enim,
3425 3815 3494 3854 ne

1927 3888 2054 3957 quis
2084 3888 2316 3943 clericus
2346 3888 2399 3942 in
2418 3888 2632 3943 duabus
2662 3891 2907 3944 ccclesiis
2935 3892 3322 3959 constituatur,
3346 3893 3493 3962 quod

1929 3980 1981 4033 id
2013 3980 2295 4049 sititurpe.
2315 3982 2526 4034 lucrum
2563 3990 2619 4035 et
2651 3981 2972 4050 negotiatio.
3023 3982 3261 4037 Perinde
3306 3993 3495 4059 autem

1927 4088 1992 4129 ac
2022 4075 2065 4127 si
2096 4073 2331 4128 dixisset
2361 4074 2667 4143 quispiam;
2715 4074 2780 4127 Et
2820 4074 2965 4128 unde
2997 4076 3185 4128 clerici
3229 4090 3314 4140 ea,
3369 4091 3492 4143 qua:

1929 4167 1995 4219 ad
2033 4166 2234 4219 victum
2273 4164 2572 4230 sulliciunt,
2624 4164 2764 4218 citra
2800 4165 2965 4217 ullam
3004 4165 3361 4233 indigentiam
3393 4164 3493 4218 lla-

1932 4258 2173 4312 bebunt?
2209 4257 2466 4311 dixerunt
2510 4256 2720 4319 Patres,
2772 4256 2939 4309 multa
2997 4272 3121 4310 esse
3167 4266 3219 4309 et
3272 4255 3489 4310 diversa

1942 4352 2143 4417 studia,
2174 4351 2342 4407 libera
2376 4360 2432 4404 et
2474 4364 2583 4405 non
2636 4349 2943 4403 damnanda
2972 4367 2986 4403 :
3018 4358 3073 4404 et
3126 4364 3219 4420 per
3255 4364 3317 4403 ea
3372 4365 3521 4419 quae,

1936 4444 2037 4499 sibi
2072 4453 2202 4499 sunt
2230 4442 2297 4496 ad
2330 4442 2533 4495 victum
2570 4442 2880 4496 necessaria
2905 4442 3212 4509 acquirant.
3244 4439 3497 4494 Adduxe-

260 4518 524 4614 Πραξεων
548 4540 658 4591 τῶν
697 4535 1011 4589 ἀποστόλων
1047 4534 1141 4585 καὶ
1170 4529 1546 4599 εύαγγελικάς.
1580 4531 1673 4592 Είς
1704 4530 1824 4599 μένε

1940 4544 2065 4591 runt
2099 4544 2279 4589 autem
2327 4534 2509 4603 hujus
2542 4534 2617 4588 rei
2654 4534 2831 4602 gratia
2884 4534 3047 4589 etiam
3097 4535 3396 4588 sententias
3427 4548 3496 4588 ex

259 4644 346 4688 τοι
384 4634 481 4693 τὰς
513 4629 616 4693 ἔξω
646 4627 741 4695 τῆς
795 4622 1189 4695 βασιλευούσης
1219 4623 1326 4673 τῶν
1380 4620 1588 4673 πόλεων
1624 4620 1824 4693 χώρας,

1940 4627 2166 4681 Actibus
2200 4627 2574 4696 apostolorum
2606 4635 2658 4680 et
2689 4641 2756 4680 ex
2784 4626 3116 4697 Evangeliis.
3162 4625 3222 4679 In
3255 4625 3497 4695 regioni-

256 4724 390 4779 ἔνθα
416 4721 588 4790 λείψις
607 4714 907 4788 ἀνθρώπων
938 4713 1152 4767 εἰδότων
1176 4712 1479 4783 γράμματά
1506 4712 1647 4777 ἐστι,
1688 4729 1824 4783 παρ.

1940 4723 2036 4774 bus
2067 4727 2274 4782 autem,
2309 4732 2426 4787 qua:
2461 4727 2592 4773 sunt
2622 4727 2772 4772 extra
2807 4718 3049 4785 reginam
3096 4716 3311 4769 urbium
3335 4757 3350 4782 ,
3398 4718 3493 4771 ubi

261 4820 551 4888 εχώρησαν
573 4813 666 4865 καὶ
693 4810 774 4870 είς
802 4806 893 4859 δύο
920 4804 1217 4873 ἐκκλησίας
1249 4802 1678 4856 κατατάττεσθαί
1712 4820 1824 4856 τινα

1940 4820 2013 4865 est
2034 4811 2213 4880 inopia
2250 4810 2529 4863 hominum
2558 4811 2653 4878 qui
2682 4810 2869 4864 sciunt
2896 4809 3130 4871 litteras,
3164 4808 3491 4877 permissum

261 4908 547 4979 κληρικόν.
582 4904 796 4956 Γίνεται
831 4899 891 4953 δὲ
919 4899 1159 4967 σήμερον
1186 4896 1247 4948 τὸ
1278 4894 1565 4951 ἀνάπαλιν.
1607 4895 1697 4949 Ἐν
1722 4896 1824 4966 γὰρ

1940 4909 2016 4956 est
2058 4912 2120 4953 ut
2151 4899 2352 4967 aliquis
2382 4900 2617 4953 clericus
2654 4899 2707 4952 in
2739 4898 2955 4954 duabus
2991 4898 3234 4953 ecclesiis
3275 4902 3488 4954 consti-

257 5008 381 5065 ταῖς
414 5002 520 5066 ἔξω
547 4997 751 5068 χώραις
790 4994 877 5047 διὰ
934 4990 1033 5061 τὴν
1062 4989 1344 5060 βασιλικὴν
1379 4988 1696 5054 ὲξκουσείαν
1719 4989 1824 5042 τῶν

1940 4988 2138 5047 Luatur.
2176 4990 2262 5045 Fit
2294 5000 2477 5047 autem
2505 4991 2667 5045 hodie
2699 4998 2913 5045 contra.
2958 4992 3013 5044 In
3071 4991 3312 5045 externis
3343 4990 3490 5045 enim

260 5092 457 5161 ἱερέων
492 5087 711 5146 πλείους
740 5083 880 5138 εἰσιν
900 5083 949 5135 οἱ
980 5081 1233 5150 κληρικο)⁸
1274 5080 1428 5151 παρὰ
1457 5081 1579 5142 ταῖς
1623 5079 1824 5151 ἐκκλη-

1940 5083 2269 5155 regionibus,
2306 5095 2529 5153 propter
2582 5082 2916 5150 imperialem
2948 5084 3290 5137 sacerdotum
3327 5097 3493 5137 excu-

261 5186 432 5245 σίαις.
463 5181 556 5233 καὶ
585 5177 671 5230 διὰ
698 5174 854 5228 τοῦτο
885 5172 1060 5235 οὐδεὶς
1089 5172 1483 5227 κατατάττεται
1505 5174 1585 5234 είς
1610 5172 1704 5227 δύο
1732 5178 1824 5226 ὲκ-

1940 5177 2217 5239 sationem,
2276 5175 2460 5229 clerici
2523 5184 2652 5229 sunt
2712 5174 2896 5243 plures
2948 5175 3220 5236 ecclesiis,
3267 5182 3322 5228 et
3368 5176 3490 5229 ideo

264 5275 521 5345 κλησίας.
563 5272 649 5323 Ἐν
673 5270 729 5322 δὲ
762 5271 828 5339 τῇ
863 5265 1220 5337 βασιλευούσῃ
1247 5266 1357 5321 τῶν
1400 5266 1607 5320 πόλεων
1637 5266 1698 5318 ού
1733 5266 1824 5336 μό⁴

1940 5269 2114 5324 nullus
2140 5268 2195 5322 in
2235 5267 2445 5322 duabus
2474 5266 2727 5322 ecclesiis
2779 5267 3157 5322 constituitur.
3212 5264 3267 5319 In
3302 5266 3490 5336 regina

262 5384 354 5422 νον
382 5368 461 5427 είς
493 5361 586 5415 δύο
612 5360 925 5428 ἐκκλησίας,
950 5358 1085 5412 ἀλλὰ
1117 5359 1210 5412 καὶ
1234 5358 1313 5421 είς
1352 5360 1502 5429 τρεῖς
1531 5360 1580 5411 οί
1606 5357 1824 5421 πλείους

1940 5375 2114 5419 autem
2149 5361 2389 5423 urbium,
2426 5374 2533 5414 non
2573 5361 2750 5414 solum
2797 5361 2853 5413 in
2888 5359 3124 5425 duabus,
3178 5358 3275 5413 sed
3326 5357 3488 5409 etiam

261 5457 713 5513 κατατάττονται.
767 5452 859 5515 Ὠς
912 5452 1054 5504 ἔοικε
1094 5449 1172 5515 δὲ,
1213 5448 1694 5520 κατεφρονήθησαν
1760 5450 1824 5504 τὰ

1950 5456 2003 5508 in
2036 5454 2210 5507 tribus
2254 5452 2505 5507 ecclesiis
2546 5450 3258 5522 plerique'constltuuntur.
3297 5444 3367 5502 Ut
3408 5452 3494 5501 est

267 5551 366 5606 τοῦ
401 5549 664 5620 παρόντος
693 5547 940 5610 κανόνος,
992 5544 1082 5596 διὰ
1115 5543 1175 5595 τὸ
1216 5544 1321 5614 μὴι
1348 5542 1673 5608 κολάξεσθαι
1705 5544 1824 5606 τοὺς

1940 5552 2112 5599 autem
2172 5542 2488 5609 verisimile,
2555 5557 2794 5610 praesens
2851 5555 3027 5596 canon
3088 5536 3355 5609 neglectui
3407 5544 3493 5589 est

268 5646 466 5700 τούτου
499 5640 941 5713 καταφρονητὰς,
971 5640 1005 5709 ἢ
1027 5637 1116 5692 διὰ
1140 5639 1200 5692 τὸ
1248 5638 1452 5703 πλῆθος
1487 5639 1597 5695 τῶν
1630 5638 1824 5709 ἐκκλη·

1940 5635 2155 5692 ltabitus
2199 5650 2264 5691 eo
2306 5635 2448 5706 quod
2486 5649 2595 5688 non
2642 5633 2941 5704 puniantur
2979 5632 3098 5701 ejus
3151 5636 3494 5698 contempto.

354 5853 399 5886 ιι
431 5851 618 5908 Matth.
649 5849 827 5913 νι,ιι.
906 5847 952 5880 ιι
988 5848 1107 5902 Act.
1150 5862 1242 5909 xx,
1270 5822 1375 5899 "st.
