3972 6488
447 331 556 397 957
1715 326 1990 389 THEOD.
2023 320 2417 385 BALSAMON
3604 311 3699 376 969

453 458 584 509 res;
638 441 722 497 vel
778 448 1003 513 propter
1048 438 1408 496 ecc.esinrum
1471 438 1900 504 multitudinem,
1947 438 2030 491 vel

2147 432 2273 487 σιῶν
2301 432 2395 486 καὶ
2428 430 2523 503 τὴν
2571 425 2931 498 στενοχωρίαν
2959 424 3070 479 τῶν
3128 421 3582 492 ἀξιολογωτέρων
3621 430 3706 477 καὶ

453 541 743 605 propterea
778 532 921 602 quod
972 530 1068 602 qui
1117 530 1266 600 digni
1302 542 1451 593 sunt,
1502 544 1611 584 una
1672 545 1798 584 cum
1856 531 2023 583 rebus

2147 527 2238 579 τῶν
2276 523 2642 594 πραγμάτων.
2679 523 2744 573 Οἰ
2803 520 2860 572 δὲ
2891 520 3139 585 λέγοντες
3198 517 3291 570 τὸν
3348 517 3557 569 κανόνα
3604 517 3705 588 ('56)

460 626 617 696 ipsis,
648 627 701 680 in
744 637 1033 697 angustum
1065 623 1334 678 contracti
1370 631 1519 677 sunt.
1566 624 1668 689 Qui
1706 633 1892 676 autem
1942 621 2027 674 diu

457 730 593 773 cunt
632 734 896 772 canonent
930 726 1168 772 tractare
1200 715 1267 769 de
1306 716 1394 779 iis,
1426 716 1516 785 qui
1558 717 1611 769 in
1649 716 1880 768 duarqu
1933 729 2029 767 ur-

457 803 607 867 bium
641 812 821 865 clerus
858 810 1047 864 referri
1084 812 1298 872 volunt,
1336 810 1476 861 tnale
1507 807 1716 861 dicunt.
1746 807 1850 860 Alii
1882 805 2028 861 enim

457 918 702 956 canones
735 903 837 954 hoc
874 900 1355 954 t'clieun-ntissime
1388 900 1648 969 puniunt.

543 994 796 1049 ZONAR.
860 994 1123 1047 Eutndetn
1182 993 1395 1045 duabus
1453 992 1702 1046 ecclesiis
1760 991 2023 1045 clericum

458 1103 635 1141 canon
685 1086 886 1140 ascribi
938 1091 1104 1149 vetat,
1172 1086 1347 1153 turpis
1403 1084 1540 1136 lucri
1594 1083 1909 1137 aviditatem
1967 1096 2032 1134 ac

460 1180 891 1250 negotiationem
957 1176 1010 1231 id
1071 1177 1377 1246 appellans.
1433 1175 1603 1229 Nemo
1654 1176 1801 1229 enim
1851 1184 2033 1245 potest

461 1274 676 1327 duobus
713 1271 949 1325 dominis
1000 1272 1226 1335 servire,
1278 1278 1333 1323 et
1386 1268 1789 1338 unusquisque,
1834 1273 1929 1333 ait,
1976 1278 2034 1321 ut

472 1374 659 1418 monet
685 1362 1005 1432 Apostolus,
1042 1361 1092 1414 in
1118 1377 1225 1431 quo
1259 1361 1449 1415 ordine
1475 1370 1698 1414 vocatus
1727 1368 1829 1424 est,
1863 1360 1913 1413 in
1943 1360 2035 1413 illo

462 1463 781 1525 permaneat
821 1473 834 1509 :
868 1454 920 1507 in
958 1452 1117 1522 cujus
1149 1454 1311 1522 igitur
1341 1452 1587 1507 ecclesia:
1618 1452 1824 1505 clerum
1856 1440 2035 1521 primi;

462 1551 694 1616 quisque
747 1546 1027 1601 subiectus
1086 1555 1192 1609 est,
1261 1546 1316 1598 in
1352 1532 1434 1599 ica
1485 1544 1778 1597 stationem
1832 1543 2036 1597 habere

465 1648 729 1711 perpetuo
756 1638 931 1706 jubet.
964 1637 1257 1691 Abducuut
1286 1634 1556 1706 siquidem
1588 1650 1814 1705 prorsus
1842 1653 1870 1687 a
1900 1633 2035 1702 Deo,

465 1744 807 1799 quaecunque
842 1729 896 1782 in
950 1729 1344 1783 ecclesiasticis
1395 1729 1556 1783 rebus
1598 1729 1833 1783 sordidae
1886 1729 2037 1782 utili-

2129 616 2515 686 διαλαμὸάνειν
2551 612 2820 683 περὶτῶν
2870 610 3212 681 βουλομένων
3259 611 3351 671 εἰς
3396 608 3494 660 δύο
3536 610 3709 671 πόλεις

2132 707 2567 764 κατατάττεσθαι
2596 707 2851 775 κλήρους,
2900 704 3085 764 κακῶς
3123 703 3373 770 λέγουσι.
3410 698 3588 753 Τοῦτο
3613 704 3710 773 γὰρ

2130 804 2310 873 ἕτεροι
2339 801 2588 870 διάφοροι
2614 799 2836 863 κανόνες
2861 799 3001 868 μετά
3031 795 3404 866 σφοδρότητος
3429 794 3708 848 ἐκόλασαν.

2202 980 2447 1034 ΖΩΝΑΡ.
2477 978 2549 1031 Τὸ
2582 979 2637 1029 ὲν
2668 976 2762 1030 δύο
2792 975 3117 1045 ἐκκλησίαις
3168 972 3479 1027 τάττεσθαι
3534 972 3712 1043 κληρι-

2139 1073 2235 1125 κδν
2274 1071 2365 1124 τὸν
2406 1070 2570 1123 αὐτὸν
2607 1067 2988 1138 ἀπαγορεύειό
3017 1065 3219 1130 κανὼν,
3252 1064 3711 1134 αἰσχροκέρδειαν

2135 1165 2297 1218 τοῦτο
2348 1162 2530 1216 καλῶν
2566 1162 2662 1215 καὶ
2724 1160 3015 1231 ἐμπορίαν.
3076 1158 3265 1221 Οὐδεὶς
3330 1156 3450 1225 γὰρ
3503 1157 3713 1210 δύναται

2133 1256 2258 1309 δυσὶ
2304 1256 2517 1326 κυρίοις
2554 1253 2846 1315 δουλεύειν,
2913 1251 3005 1304 καὶ
3070 1250 3325 1312 ἕκαστος,
3365 1248 3531 1318 φησί,
3583 1252 3713 1305 κατὰ

2133 1346 2226 1399 τὸν
2270 1344 2622 1409 Ἀπόστολον,
2665 1345 2723 1396 ὲν
2834 1342 3040 1412 ἐκλήθη
3067 1342 3237 1407 τάξει,
3294 1342 3361 1394 ἐν
3416 1340 3592 1411 ταύτῃ
3624 1358 3712 1409 με·

2140 1438 2297 1502 νέτω,
2323 1438 2417 1491 καὶ
2460 1436 2849 1507 προσεδρεύειν
2885 1435 3097 1488 κελεύει
3146 1438 3211 1505 τῇ
3268 1433 3570 1505 ἐκκλησίᾳ,
3602 1429 3711 1508 ὲνῇ

2136 1531 2197 1596 ἐξ
2222 1531 2395 1602 ἀρχῆς
2444 1531 2755 1600 ἐκληρώθη.
2798 1530 2939 1583 Ὅσα
2986 1529 3094 1599 γὰρ
3144 1528 3213 1582 δι’
3260 1528 3712 1599 αἰσχροκέρδειαν

2137 1623 2374 1692 γίνονται
2412 1622 2643 1676 ἐπὶτῶν
2676 1621 3173 1692 ὲκκλησιαστικῶν,
3219 1619 3580 1689 ἁλλοτριοῦσι
3623 1620 3709 1673 τοῦ

2138 1714 2297 1769 Θεοῦ.
2326 1715 2399 1768 Τὸ
2429 1715 2486 1767 δὲ
2544 1717 2602 1768 ὲν
2649 1717 2743 1769 δύο
2803 1714 3124 1786 ἐκκλησίαις
3160 1713 3468 1770 τάττεσθαι
3508 1715 3714 1775 πάντως

469 1824 600 1877 tatis
626 1822 929 1891 ciipidilate
963 1829 1252 1891 geruntur.
1278 1820 1431 1886 Quod
1466 1836 1593 1875 vero
1623 1821 1837 1876 duabus
1863 1820 2035 1876 eccle-

2147 1808 2228 1861 διὰ
2267 1808 2328 1859 τὸ
2354 1809 2745 1879 ἀμφοτέρωθεν
2783 1808 3081 1878 λαμϐάνειν
3126 1806 3424 1877 σιτηρέσια
3495 1806 3710 1873 γίνεται,

465 1918 563 1973 siis
595 1916 868 1985 quispiam
939 1914 1269 1980 aseribatur,
1306 1930 1530 1984 prorsus
1561 1930 1628 1970 ex
1663 1929 1730 1968 eo
1766 1914 1844 1976 lit,
1885 1923 1941 1968 ut
1966 1929 2033 1969 ex

469 2020 702 2079 utraque
732 2010 993 2064 videlicet
1049 2009 1370 2064 demensum
1403 2013 1660 2081 accipiat,
1705 2027 1816 2081 quo
1857 2013 1909 2065 in
1948 2013 2034 2066 lu-

465 2105 608 2158 cello
643 2104 923 2172 turpitudo
986 2103 1151 2158 inest.
1195 2100 1333 2156 Hinc
1384 2104 1549 2157 veluti
1595 2104 1875 2175 obiicienti
1910 2106 2026 2159 cui-

468 2195 651 2266 piam;
686 2194 801 2261 Qua
834 2196 1047 2249 ratione
1079 2194 1240 2261 igitur
1268 2195 1433 2248 vitam
1468 2194 1663 2250 Clerici
1701 2197 2035 2260 tolerabunt,

470 2291 516 2342 si
556 2287 762 2349 minus,
799 2301 961 2355 quam
1023 2284 1156 2353 ipsis
1216 2283 1447 2338 suﬂiciat
1478 2326 1492 2348 ,
1543 2287 1610 2339 ab
1657 2301 1763 2339 una
1805 2288 2036 2341 ecclesia

467 2376 892 2448 suppeditetur?
925 2378 1193 2430 Auctores
1228 2379 1455 2431 canonis
1485 2377 1699 2433 diversa
1728 2379 2035 2432 studiorum

469 2485 671 2541 genera
705 2484 828 2522 esse
859 2471 1212 2537 respondent,
1246 2470 1447 2538 quibus
1481 2484 1544 2523 ea
1574 2486 1694 2539 qua:
1735 2470 1802 2524 ad
1835 2472 2034 2525 victum

469 2566 745 2633 pertinent
770 2570 1177 2632 comparentur.
1210 2560 1386 2615 Unum
1414 2560 1577 2629 igitur
1604 2577 1669 2615 ex
1694 2562 1763 2616 iis
1794 2561 2038 2631 aliquod,

468 2658 633 2725 cujus
683 2670 786 2724 ope
839 2653 942 2707 sibi
1000 2652 1310 2707 necessaria
1364 2652 1735 2718 Conquirant,
1790 2653 2041 2722 amplecti

474 2745 982 2812 deberevremque
1045 2740 1348 2809 apostolico
1410 2738 1630 2792 oraculo
1690 2736 2038 2801 conﬁrmant,

467 2834 705 2899 dicente,
750 2832 945 2885 Manus
1002 2848 1128 2885 mea:
1164 2832 1541 2885 ministrarum
1595 2830 1778 2884 usibus
1809 2832 1956 2891 meis,
1994 2842 2041 2884 et

470 2930 538 2982 iis
573 2928 894 2997 qui-mecum
925 2935 1069 2990 sunt,
1098 2940 1158 2979 ut
1189 2928 1243 2979 in
1270 2926 1419 2979 Actis
1447 2925 1694 2978 habetur.
1728 2924 1904 2993 Atque
1928 2925 2042 2978 haec

470 3021 714 3090 quidem,
751 3019 1029 3087 inquiunt,
1061 3018 1113 3071 in
1143 3018 1242 3071 hac
1288 3032 1481 3086 magna
1516 3030 1578 3069 ac
1603 3016 1792 3086 regina
1826 3017 2039 3071 urbium

472 3114 713 3177 civitate,
764 3120 982 3181 propter
1019 3109 1303 3164 hominum
1337 3123 1459 3178 quae
1490 3109 1544 3162 in
1575 3123 1637 3163 ea
1682 3118 1765 3165 est
1798 3110 2043 3164 multitu-

472 3203 680 3270 dinem,
726 3203 800 3255 ita
848 3201 1055 3257 servari
1106 3200 1387 3271 jubemus.
1425 3198 1623 3254 Verum
1667 3208 1822 3254 extra
1866 3200 2037 3265 illam,

2140 1899 2279 1968 ὅπερ
2305 1900 2533 1967 κέρδους
2556 1898 2782 1969 αἰσχροῦ
2811 1903 2982 1953 ἐστιν.
3025 1899 3236 1968 Ὠσπερ
3273 1898 3333 1950 δέ
3376 1912 3526 1959 τινος
3547 1897 3712 1949 ἀντει-

2139 1992 2333 2054 πόντος
2362 1992 2471 2056 ὃτι,
2508 1992 2615 2043 Καὶ
2641 1992 2758 2054 πῶς
2783 1992 3037 2063 ζήσονται
3080 1993 3129 2045 οἱ
3169 1991 3610 2061 κεκληρωμένοι,
3646 1988 3712 2058 μὴ

2141 2088 2479 2159 ἀρκούμενοι
2511 2091 2624 2151 τοῖς
2649 2088 2952 2157 διδομένοις
2996 2089 3181 2151 αὐτοῖς
3216 2091 3281 2141 ἐκ
3325 2090 3431 2159 τῆς
3473 2088 3599 2156 μιᾶς
3636 2086 3713 2136 ἐκ·

2144 2180 2410 2248 κλησίας,
2449 2180 2818 2234 ἀντιτιθέασιν
2874 2183 2924 2233 οἰ
2955 2183 3178 2251 ποιηταὶ
3228 2178 3326 2232 τοῦ
3368 2178 3597 2239 κανόνος
3639 2177 3709 2227 ὅτι

2138 2273 2367 2344 διάφορά
2385 2275 2523 2326 εἰσιν
2546 2273 2955 2344 ἐπιτηδεύματα
2974 2274 3111 2342 πρὸς
3128 2273 3226 2340 τὴν
3249 2271 3350 2324 τοῦ
3369 2271 3490 2341 βίου
3514 2272 3709 2340 χρείαν,

2141 2368 2237 2420 καὶ
2256 2368 2321 2419 ὲκ
2340 2368 2546 2419 τούτων
2567 2369 2685 2420 τινὰ
2712 2368 3185 2437 μετερχέσθωσαν,
3209 2367 3319 2428 ἴνα,
3341 2359 3422 2419 ὧν
3441 2365 3708 2435 χρῄζουσι,

2140 2459 2230 2512 διὰ
2263 2458 2468 2512 τούτων
2502 2459 2671 2511 ταῦτα
2698 2460 3049 2528 πορίζωνται,
3088 2461 3184 2512 καὶ
3234 2460 3297 2512 ὲκ
3338 2460 3438 2512 τοῦ
3500 2460 3712 2511 ἀποστό-

2140 2551 2234 2603 λου
2276 2554 2471 2621 χρῆσιν
2514 2550 2873 2621 παράγουσιν,
2921 2554 2989 2605 Αἰ
3038 2552 3229 2621 χεῖρές
3258 2571 3407 2621 μου,
3460 2553 3707 2615 εἰπόντος,

2143 2644 2538 2712 ὑπηρέτησαν
2567 2644 2697 2710 ταῖς
2734 2647 2961 2714 χρείαις
2982 2662 3100 2715 μου
3130 2646 3229 2699 καὶ
3278 2646 3409 2711 τοῖς
3438 2640 3580 2699 οὖσι
3597 2642 3709 2714 μετ’

2142 2737 2311 2807 ἐμοῦ,
2346 2738 2421 2801 ὡς
2473 2742 2530 2792 ὲν
2560 2741 2683 2802 ταῖς
2735 2740 2976 2811 Πρὰξεσι
3032 2740 3375 2808 γέγραπται.
3412 2737 3598 2791 Ταῦτα
3640 2738 3706 2799 δὲ,

2144 2832 2302 2899 φασὶ,
2331 2831 2561 2899 λέγομεν
2609 2832 2858 2900 γίνεσθαι
2904 2835 2961 2885 ὲν
2999 2832 3174 2905 ταύτῃ
3238 2837 3307 2903 τῇ
3364 2831 3708 2903 βασιλευούσῃ

2146 2923 2301 2975 πόλει
2336 2924 2447 2990 (37)
2486 2925 2574 2978 διὰ
2598 2924 2698 2995 τὴν
2738 2925 3139 2995 πολυπλήθειαν
3171 2926 3281 2979 τῶν
3315 2929 3376 2978 ἐν
3424 2926 3585 2994 αὐτῇ.
3630 2923 3707 2973 Ἐν

2119 3015 2201 3067 ’δὲ
2231 3017 2354 3077 ταῖς
2394 3015 2499 3082 ἔξω
2530 3016 2758 3088 χώραις,
2792 3017 2920 3069 ἔνθα
2950 3016 3186 3086 ἔλλειψις
3238 3016 3548 3081 ἀνθρώπων
3586 3016 3705 3075 ἔστη

2147 3106 2586 3179 παραχωρείσθω
2623 3100 2683 3161 τὸ
2709 3107 2807 3161 ἕνα
2849 3110 2904 3161 ἐν
2946 3107 3043 3161 δύο
3081 3108 3406 3179 ἐκκλησίαις
3459 3104 3707 3160 κατατὰτο

2144 3200 2354 3256 τεσθαι.

470 3299 669 3370 quibus
701 3299 753 3351 in
793 3298 926 3353 locis
960 3297 1241 3351 hominum
1276 3296 1501 3365 penuria
1529 3304 1633 3361 est,
1668 3311 1836 3350 unum
1881 3296 2111 3351 duarum
2176 3296 2533 3351 ecclesiarum
2603 3296 2909 3351 ministerio
2977 3296 3237 3352 clericum
3303 3295 3486 3350 addici
3562 3294 3706 3348 licere

471 3392 840 3448 decernimus.

470 3481 706 3541 ARIST.
746 3500 764 3533 ι
796 3481 1046 3536 Clericus
1070 3482 1125 3536 in
1154 3481 1369 3536 duabus
1396 3481 1649 3537 ecclesiis
1682 3483 1736 3536 in
1763 3493 2040 3553 posterum

2147 3476 2358 3532 ΑΡΙΣΤ.
2404 3496 2422 3528 ι
2472 3477 2741 3548 Κληρικὸς
2775 3478 2833 3531 ἐν
2887 3478 3038 3532 δυσὶν
3102 3478 3422 3549 ἐκκλησίαις
3458 3479 3520 3532 τὸ
3544 3476 3705 3529 λοιπὸν

555 3596 575 3628 ι
613 3576 1092 3645 Constantinopoli
1128 3590 1194 3628 ne
1218 3576 1627 3630 constituatur:
1668 3587 1722 3629 at
1747 3586 1899 3629 extra
1925 3590 2043 3630 eam

564 3688 582 3721 ι
623 3676 850 3739 propter
880 3668 1160 3720 hominum
1198 3666 1484 3736 penuriam
1518 3668 1885 3748 permittatur.
1929 3684 1950 3718 ι

556 3845 682 3901 Νοη
712 3856 884 3915 potest
919 3846 1182 3915 quispiam
1211 3844 1415 3900 duabus
1445 3844 1640 3900 servire
1670 3845 1898 3900 dominis
1929 3861 1948 3900 :
1973 3846 2049 3900 vel

475 3941 617 3997 enim
649 3956 809 3993 unum
844 3939 965 3993 odio
990 3938 1221 4004 habebit,
1266 3939 1570 3994 secundum
1607 3940 1814 3995 dictum
1868 3939 2051 3994 Domi—

483 4032 691 4097 nicum,
725 4042 776 4087 et
805 4033 1035 4086 alterum
1068 4030 1292 4102 diliget;
1343 4033 1431 4087 aut
1487 4048 1651 4087 unum
1686 4033 2050 4102 amplectetur,

477 4135 529 4179 et
582 4124 813 4179 alterum
867 4135 1182 4179 contemnet.
1232 4124 1504 4191 Quocirca
1557 4140 1643 4189 ea,
1681 4142 1803 4197 qua:
1833 4137 2053 4197 propter

482 4224 642 4286 turpe
694 4215 908 4270 lucrum
969 4216 1023 4268 in
1071 4215 1471 4271 ecclesiasticis
1502 4218 1737 4288 negotiis
1785 4217 1945 4283 ﬁunt,
1995 4225 2055 4271 ut

485 4306 596 4361 Deo
628 4307 832 4373 aliena,
864 4306 979 4360 haec
1013 4306 1257 4376 synodus
1291 4307 1470 4375 rejicit
1500 4325 1515 4362 :
1548 4316 1603 4363 et
1636 4324 1742 4363 non
1788 4309 2056 4376 permittit

480 4398 985 4469 Constantinopoli,
1019 4399 1189 4469 318
1225 4398 1314 4455 ubi
1348 4411 1433 4454 est
1464 4402 1760 4456 multitudo
1792 4401 2053 4457 sacerdo-

485 4503 625 4559 tum,
651 4507 821 4546 unum
854 4489 1117 4546 clericum
1147 4492 1200 4544 in
1233 4490 1449 4546 duabus
1481 4492 1729 4548 ecclesiis
1757 4493 2052 4559 constitui;

484 4586 579 4639 sed
617 4585 669 4637 in
703 4598 809 4636 una
852 4582 1135 4637 assiduum
1192 4598 1317 4639 esse
1346 4584 1597 4638 ecclesia.
1640 4584 1697 4639 Si
1754 4596 1934 4640 autem
1985 4587 2054 4640 ad

489 4680 619 4732 vita:
667 4677 1049 4731 necessitatem
1101 4690 1210 4730 non
1248 4675 1519 4732 sulliciant
1552 4694 1674 4748 qua:
1725 4679 1776 4734 ei
1828 4679 2052 4745 dantur,

487 4769 652 4822 talem
683 4767 833 4822 aliud
866 4766 1111 4821 studium
1143 4782 1416 4837 quaerere,
1469 4778 1523 4823 et
1551 4784 1620 4824 ex
1652 4784 1719 4824 eo
1757 4770 1877 4840 qua:
1927 4782 2056 4825 sunt

2222 3586 2242 3619 ι
2297 3568 2372 3637 μὴ
2412 3569 2831 3621 κατατοττέσθω
2861 3570 2919 3621 έν
2966 3571 3543 3624 Κωνσταντινουπόλει
3568 3586 3581 3599 ·
3615 3568 3702 3632 ἔξω

2223 3682 2240 3713 ι
2288 3662 2343 3714 δὲ
2376 3662 2578 3730 ταύτης
2604 3661 3041 3733 παραχωρείσθω
3062 3664 3151 3718 διά
3168 3665 3278 3718 θεῶν
3302 3664 3604 3734 ἀνθρώπων
3621 3660 3702 3728 τὴν

2226 3775 2245 3806 ι
2295 3757 2549 3827 ἔλλειψιν.
2591 3776 2609 3807 ι

2213 3849 2295 3901 Οὐ
2329 3846 2583 3901 δύναταί
2606 3865 2698 3914 τις
2730 3846 2872 3901 δυσί
2909 3847 3141 3917 κυρίοις
3163 3848 3488 3903 δουλεύειν
3506 3863 3520 3879 ο
3548 3846 3584 3914 ἢ
3608 3844 3701 3913 γὰρ

2149 3936 2255 3991 τὸν
2279 3937 2389 3991 ἕνα
2435 3936 2707 4007 μισήσει,
2742 3937 3014 4008 κατά.τὴν
3052 3938 3340 4008 Κυριακὴν
3375 3936 3555 4008 φωνὴν
3577 3976 3590 4000 ,
3618 3931 3700 3985 καί

2149 4031 2257 4085 τὸν
2281 4030 2489 4099 ἕτερον
2515 4032 2852 4101 ἀγαπήσειο
2886 4034 2923 4101 ἢ
2954 4031 3064 4086 τοῦ
3096 4032 3234 4097 ἐνὸς
3256 4032 3590 4095 ἀνθέξεται,
3617 4026 3699 4080 καὶ

2151 4123 2260 4177 τοῦ
2303 4122 2509 4192 ἑτέρου
2542 4124 3009 4194 καταφρονήσει.
3050 4125 3148 4178 Διά
3183 4124 3343 4177 τοῦτο
3397 4123 3493 4176 καὶ
3543 4120 3607 4173 τὰ
3644 4117 3697 4169 δι’

2157 4214 2602 4287 αἰσχροκέρδειαν
2649 4216 2745 4269 ἐπὶ
2804 4217 2914 4269 τῶν
2963 4215 3434 4286 έκκλησιαστικῶν
3469 4210 3700 4285 πρᾶγμά·

2156 4326 2264 4385 των
2298 4310 2582 4379 γινόμενα,
2645 4310 2721 4373 ὡς
2760 4310 3015 4381 ἀλλότρια
3048 4310 3209 4376 Θεοῦ,
3241 4311 3273 4381 ὴ
3318 4310 3532 4369 σύνοδος
3577 4303 3696 4369 αῦτη

2159 4403 2460 4459 ἀποϐάλλει
2490 4419 2505 4434 ο
2530 4399 2626 4456 καὶ
2650 4404 2711 4457 ού
2738 4408 3013 4475 συγχωρεῖ
3040 4406 3098 4459 ἐν
3130 4400 3697 4461 Κωνοταντινουπόλει,

2155 4496 2285 4551 ἔνθα
2319 4494 2521 4565 πλῆθος
2550 4497 2861 4567 ἱερωμένων
2891 4499 3060 4566 ἐστὶν,
3094 4500 3153 4551 ὲν
3195 4498 3350 4552 δυσὶν
3404 4492 3694 4565 ἐκκλησίαις

2155 4589 2252 4641 ἕνα
2280 4587 2542 4658 κληρικδν
2578 4588 3037 4653 κατατάττεσθαι,
3075 4588 3211 4643 ἀλλά
3262 4592 3323 4642 ὲν
3397 4588 3494 4659 μιᾷ
3552 4597 3696 4654 προπ-

2158 4680 2403 4751 εδρεύειν
2434 4680 2723 4753 ἐκκλησίᾳ.
2759 4682 2822 4734 Εἰ
2854 4680 2911 4735 δὲ
2941 4681 3039 4734 οὐκ
3070 4682 3323 4751 ἀρκεῖται
3346 4683 3478 4751 πρὸς
3506 4678 3593 4745 τὴν
3617 4669 3694 4725 τοῦ

2162 4772 2280 4841 βίου
2334 4773 2528 4844 χρείαν
2565 4776 2677 4834 τοῖς
2732 4772 3031 4842 διδομένοις
3082 4773 3251 4844 αὐτῷ,
3295 4767 3623 4843 ἐπιτήδευμά
3654 4780 3696 4815 τι

487 4858 708 4927 corpori
767 4856 1083 4935 necessaria
1132 4870 1479 4927 comparare.
1529 4857 1793 4914 decernit.
1847 4858 1925 4914 Ita
1973 4861 2042 4916 le-

2162 4860 2350 4932 ἕτερον
2382 4860 2743 4933 μετέρχεσθαι
2786 4861 2878 4916 τὸν
2912 4862 3152 4915 τοιοῦτον
3184 4863 3496 4934 διορίζεται,
3529 4858 3611 4911 καὶ
3645 4852 3694 4917 ἐξ

487 4949 565 5002 cit
602 4948 922 5019 Apostolus,
982 4956 1042 5002 ut
1073 4948 1189 5018 ipse
1218 4947 1397 5012 dicit;
1432 4945 1515 5002 Ea
1556 4950 1744 5020 quibus
1770 4951 1899 5004 mihi
1926 4968 2056 5023 opus

485 5049 602 5093 erat
631 5046 683 5093 et
722 5039 787 5092 iis
814 5038 904 5108 qui
934 5055 1135 5094 mecum
1168 5047 1313 5105 sunt,
1349 5041 1431 5094 Ita:
1461 5055 1650 5095 manus
1683 5041 2057 5099 subministra-

486 5139 633 5183 runt.

1082 5308 1309 5364 CANUN
1347 5310 1486 5367 XVI.

490 5416 513 5453 ι
556 5397 749 5455 Omnis
780 5397 937 5453 luxus
972 5408 1027 5455 et
1064 5410 1298 5458 ornatus
1327 5416 1627 5474 corporeus
1657 5415 1739 5463 est
1792 5422 1824 5462 a
1866 5422 2051 5464 sacer-

2164 4953 2331 5009 αὑτοῦ
2358 4953 2769 5024 πορίζεσθαιτά
2799 4952 3032 5024 χρειώδη
3061 4953 3154 5006 τοῦ
3180 4953 3447 5024 σώματος.
3482 4952 3580 5003 Καὶ
3604 4948 3693 5013 γὰρ

2166 5045 2337 5109 οὕτως
2376 5046 2548 5098 ἐποίει
2613 5047 2705 5098 καὶ
2749 5045 2777 5097 ὁ
2814 5045 3166 5112 ’Λπόστολος,
3218 5046 3293 5110 ὼς
3348 5047 3502 5108 αὐτὸς
3536 5041 3691 5106 λέγε-⁸

2172 5137 2307 5204 Ταῖς
2342 5140 2567 5207 χρείαις
2582 5156 2701 5208 μου
2730 5140 2830 5192 καί
2855 5138 2981 5204 τοῖς
3005 5134 3151 5194 οὖσι
3187 5141 3318 5210 μετ’
3338 5140 3478 5211 ἐμοῦ
3505 5127 3691 5199 ὑπηρέ-

2167 5244 2366 5298 τησαν
2390 5232 2450 5283 αἰ
2486 5230 2682 5300 χεῖρες
2706 5226 2902 5286 αὗται.

2754 5324 2995 5378 κΑΝοΝ
3030 5327 3147 5394 ις’.

2171 5432 2190 5466 ι
2235 5414 2392 5467 Πᾶσα
2428 5412 2657 5484 βλακεία
2690 5416 2783 5469 καὶ
2814 5417 3084 5489 κόσμησις
3116 5419 3404 5491 σωματικὴ
3444 5403 3684 5483 ἀλλότριαι

1688 5521 1877 5584 Guill.
1913 5525 2232 5604 Beveregii
2286 5534 2472 5589 uotae.

561 5620 675 5692 {‘56)
715 5621 779 5673 Οί
812 5620 883 5673 δὲ
905 5619 1200 5700 {excurse
1231 5623 1622 5700 aduncae-cra.
1651 5625 1775 5683 Haec
1806 5645 1979 5700 usque
2002 5633 2069 5685 ad

490 5692 647 5764 {incm
682 5708 747 5747 ex
774 5707 879 5747 ms.
909 5693 1207 5751 Bodleiano
1238 5696 1582 5754 restituimus
1610 5713 1626 5764 ;
1661 5702 1755 5755 sed
1794 5702 1845 5754 in
1876 5692 2071 5755 Anter-

497 5761 766 5819 baclnano
798 5778 907 5820 non
940 5773 1178 5821 exstant.

2246 5634 2358 5712 (δη
2403 5636 2507 5712 ὀς
2536 5636 2718 5712 ταύτῃ
2748 5634 2820 5712 τῇ
2843 5635 3270 5712 βασιλευούσῃ
3326 5644 3507 5712 πόλεις
3533 5628 3683 5712 eode

2176 5697 2644 5783 Anterbachianus
2672 5697 2936 5783 legitfév
3005 5711 3176 5783 ταύτῃ
3225 5697 3564 5783 μεγαλοπόλει
3607 5697 3684 5753 καὶ

2178 5774 2563 5849 βασιλευούσῃ,
2601 5780 2652 5832 in
2682 5774 2776 5831 huc
2802 5792 2991 5847 magna
3026 5774 3524 5854 urbe"et't'niperiali.
