3972 6488
304 374 405 437 969

369 591 387 623 ι
442 575 579 636 Τοὺς
628 571 721 627 οὖν
784 574 1014 637 ἑαυτοὺς
1063 575 1403 641 κοσμοῦντας
1457 578 1788 639 ἐπισκόπους
1834 578 1868 648 ἦ

373 687 392 718 ι
441 648 738 738 κληρικούς
764 669 1095 739 δι’ἐσθήτων
1120 670 1393 740 λαμπρῶν
1422 671 1517 722 καὶ
1548 672 1868 739 προφανῶν,

379 780 397 812 ι
446 760 673 819 τούτους
737 759 1091 828 διορθοῦσθαι
1156 762 1297 831 χρήο
1341 762 1391 813 εί
1421 761 1476 813 δὲ
1530 763 1866 830 ἐπιμένοιεν,

371 870 391 904 ι
435 850 697 919 ἐπιτιμίῳ
738 850 1167 920 παραδίδοσθαι·
1198 850 1465 914 ὡσαύτως
1498 852 1595 904 καὶ
1634 853 1761 914 τοὺς
1798 855 1867 905 τὰ

372 964 391 995 ‹
442 942 593 1012 μύρα
624 924 970 1012 χριομένούς.
1018 943 1171 995 Ἐπεὶ
1209 944 1265 994 δὲ
1320 944 1444 1009 ῥίζα
1486 945 1712 1012 πικρίας
1754 946 1867 999 ἄνω

370 1054 387 1085 ι
434 1035 647 1103 φύουσα
678 1036 892 1103 μίασμα
926 1034 1119 1101 γέγονε
1144 1038 1208 1104 τῇ
1238 1036 1497 1103 καθολικῇ
1544 1036 1863 1108 Ἐκκλησία,

367 1145 384 1174 ι
435 1127 466 1193 ἠ
490 1126 597 1177 τῶν
628 1126 1253 1195 Χριστιανοκατηγόρων
1276 1127 1509 1195 αἵρεσις,
1543 1128 1640 1180 καὶ
1662 1130 1710 1181 οἱ
1729 1129 1864 1182 ταύ·⁹

367 1234 384 1267 ι
430 1234 532 1285 την
562 1217 868 1285 δεξάμενοι,
908 1218 969 1269 οὐ
1005 1218 1168 1286 μόνον
1196 1218 1295 1277 τὰς
1330 1220 1606 1283 είκονικὰς
1645 1221 1860 1284 ἀναζω-

364 1325 379 1355 ι
430 1307 738 1376 γραφήσεις
785 1308 1158 1374 ἐΰδελύξαντο,
1191 1309 1328 1361 ἀλλὰ
1356 1311 1448 1362 καὶ
1481 1313 1659 1365 πᾶσαν
1698 1313 1858 1365 εὐλά-

366 1412 385 1443 ‹
433 1394 589 1447 σειαν
647 1396 959 1460 ἀπώσαντο,
1029 1398 1156 1461 τοὺς
1213 1398 1429 1465 σεμνῶς
1468 1402 1564 1452 καὶ
1622 1401 1862 1466 εὐσεϐῶς

366 1504 382 1535 ι
433 1486 689 1555 βιοῦντας
719 1488 1170 1559 προσοχθίζοντες
1195 1506 1210 1520 °
1244 1493 1345 1543 καὶ
1379 1492 1740 1562 πεπλήρωται
1771 1496 1860 1549 ἐπ’

366 1594 384 1629 ι
430 1579 615 1640 αὐτοῖς
636 1579 696 1630 τὸ
722 1581 1126 1649 γεγραμμένον·
1157 1597 1175 1629 ι
1209 1580 1494 1650 Βδέλυγμα
1516 1584 1859 1653 ἁμαρτωλῶν

358 1689 376 1720 ι
427 1671 763 1726 θεοσέϐεια.»
792 1673 853 1724 Et
872 1674 1139 1742 εὐρεθῶσι
1159 1674 1339 1726 τοίνυν
1360 1676 1505 1737 τινὲς
1527 1677 1861 1744 ἐγγελῶντες

359 1783 377 1816 ι
425 1767 539 1826 τοῖς
558 1765 660 1834 τὴν
688 1767 881 1834 εὐτελῆ
917 1767 1013 1818 καὶ
1045 1765 1250 1837 σεμνὴν
1291 1768 1566 1836 ἀμφίασιν
1614 1787 1859 1839 περικει-

360 1876 379 1907 ‹
430 1860 635 1925 μένοις,
668 1857 1043 1927 δι’νέπιτιμίου
1094 1859 1553 1928 διορθούσθωσαν.
1615 1863 1710 1916 Ἐκ
1742 1866 1854 1934 γὰρ
1890 1840 1932 1894 Β

359 1966 378 1997 ι
424 1949 536 2000 τῶν
563 1950 775 2003 ἄνωθεν
822 1952 1031 2021 χρόνων
1077 1953 1186 2013 πᾶς
1229 1952 1505 2021 ίερατικὸς
1540 1955 1682 2024 ἀνὴρ
1714 1957 1854 2024 μετὰ

362 2056 380 2087 ι
430 2039 658 2108 μετρίας
704 2041 800 2093 καὶ
834 2039 1041 2110 σεμνῆς
1094 2042 1421 2111 ἁμφιάσεως
1481 2044 1848 2101 ἐπολιτεύετο.

356 2148 374 2179 ι
424 2130 538 2182 Πᾶν
563 2130 671 2201 γὰρ
693 2131 720 2183 ὃ
747 2131 822 2201 μὴ
844 2132 931 2183 διὰ
952 2132 1161 2201 χρείαν,
1188 2133 1325 2185 ἀλλὰ
1355 2134 1442 2187 διὰ
1464 2134 1853 2207 καλλωπισμὸν

357 2240 378 2274 ι
424 2226 940 2295 παραλαμϐάνεται,
973 2228 1310 2297 περπερείας
1336 2227 1450 2298 ἔχει
1486 2232 1847 2301 κατηγορίαν,

354 2338 371 2369 ι
420 2319 494 2377 ὡς
530 2318 558 2371 ό
588 2319 760 2388 μέγας
790 2319 893 2389 ἔφη
925 2319 1226 2382 Βασίλειος.
1277 2321 1420 2373 Ἀλλ’
1448 2323 1567 2375 οὐδὲ
1591 2325 1653 2377 ἐκ
1688 2342 1849 2397 σηρι-

353 2428 369 2459 ι
420 2410 533 2463 κῶν
562 2411 896 2481 ὑφασμάτων
928 2412 1359 2482 πεποικιλμένην
1412 2415 1615 2485 ἐσθῆτα
1674 2417 1851 2471 ἐνεδέ-

355 2523 372 2553 ι
418 2504 547 2556 aute
579 2522 683 2571 τις,
717 2506 834 2558 οὐδὲ
869 2506 1259 2575 προσετίθεσαν
1287 2509 1584 2580 ἑτερόχροα
1618 2512 1845 2582 ἐπιϐλή-

354 2617 370 2648 ι
424 2616 570 2667 ματα
602 2600 661 2650 ἐν
696 2601 808 2661 τοῖς
843 2601 1034 2669 ἄκροις
1082 2599 1193 2652 τῶν
1233 2601 1493 2669 ἱματίων.
1568 2604 1847 2658 Ἤκουσαν

352 2710 368 2741 ι
417 2692 528 2759 γὰρ
561 2694 652 2755 ρἐ
702 2693 800 2760 τῆς
843 2692 1174 2761 θεοφθόγγου
1212 2692 1488 2764 γλώσσης,
1514 2695 1595 2747 ὄτι
1659 2700 1722 2750 Ol
1776 2698 1848 2751 τὰ

348 2802 367 2834 ‹
417 2782 657 2851 μαλακὰ
686 2784 1016 2852 φοροῦντες
1045 2786 1115 2838 ἐν
1147 2784 1272 2851 τοῖς
1304 2786 1495 2853 οἵκοις
1526 2787 1646 2841 τῶν
1667 2790 1849 2853 ,βασι-

341 2891 361 2922 ι
410 2876 593 2926 λείων
624 2876 804 2927 εἰσίν.
852 2893 870 2925 ι

336 2963 542 3017 ΒΑΛΣ.
605 2963 729 3015 Τῶν
764 2965 1153 3036 Είκονομὰχων
1187 2968 1603 3037 μεταϐαλόντων
1662 2971 1846 3024 πᾶσαν

262 3053 735 3125 ἐκκλησιαστικὴν
758 3058 1095 3109 κατάστασιν
1120 3060 1215 3110 καὶ
1237 3057 1527 3112 εὐλάϐειαν
1550 3060 1686 3130 πρὸς
1709 3062 1846 3114 ἀκα-

262 3143 574 3197 ταστασίαν
633 3146 726 3197 καὶ
775 3146 1149 3212 ἀνευλάϐειαν,
1184 3147 1259 3209 ὡς
1296 3149 1404 3201 τῶν
1449 3151 1631 3214 αὐτοῖς
1666 3167 1845 3219 προσ-

263 3234 586 3304 ερχομένων
611 3236 889 3307 κληρικῶν
918 3240 1012 3292 καὶ
1037 3240 1359 3294 ἐπισκόπων
1415 3244 1733 3305 ἀνευλαεῶς
1751 3247 1846 3298 καὶ

264 3326 584 3395 ἀδιαφόρως
650 3331 1075 3400 ἐκχωρηθέντων
1126 3332 1532 3397 πολιτεύεσθαι,
1596 3334 1682 3388 ἵνα
1732 3339 1846 3398 τοῖς

266 3414 582 3488 θελήμασιν
608 3421 788 3472 αὐτῶν
823 3423 1114 3488 ὑπείκωσι,
1153 3425 1247 3477 καὶ
1282 3424 1372 3477 διὰ
1419 3426 1578 3479 τοῦτο
1613 3429 1707 3480 καὶ
1743 3430 1844 3498 τῆς

266 3508 560 3577 ἱερατικῆς
594 3511 913 3580 ὲνδυμενίας
943 3513 1079 3583 πρὸς
1127 3516 1185 3567 τὸ
1221 3514 1626 3588 βλακικώτερον
1673 3537 1839 3588 μετα-

262 3601 565 3671 ϐληθείσης
604 3609 698 3656 καὶ
728 3607 1131 3677 κοσμιώτερον·
1167 3609 1492 3679 διωρίσαντο
1520 3614 1569 3665 oi
1603 3615 1842 3685 ΙΙατέρες

261 3695 634 3762 ἐπιτιμᾶσθαι
670 3696 795 3759 τοὺς
836 3699 1277 3764 καλλωπίζοντας
1318 3703 1544 3766 ἑαυτοὺς
1577 3705 1666 3759 διὰ
1696 3708 1848 3760 ἐνδυ-

264 3783 465 3852 μενίας
501 3784 780 3855 λαμπρᾶς,
814 3787 908 3839 καὶ
931 3790 1005 3857 μὴ
1031 3788 1445 3859 διορθουμένους
1469 3791 1607 3861 μετὰ
1629 3811 1842 3866 παραγ-

261 3877 460 3943 γελίαν
485 3894 499 3908 ο
521 3878 777 3943 ὡσαύτως
806 3881 1134 3944 κολάζεσθαι
1158 3883 1252 3937 καὶ
1282 3886 1406 3947 τοὺς
1429 3886 1498 3938 τὰ
1520 3887 1667 3957 μύρα
1694 3905 1843 3957 χριο-

264 3968 488 4037 μένους.
543 3970 695 4022 Ἐπεὶ
723 3972 778 4023 δὲ
815 3974 867 4025 οἱ
924 3975 1076 4026 αὐτοὶ
1107 3977 1375 4045 αἱρετικοὶ
1437 3977 1574 4047 πρὸς
1628 3979 1842 4045 τούτοις

263 4062 581 4127 κατεγέλων
610 4062 718 4116 τῶν
761 4064 1021 4133 βιούντων
1060 4069 1200 4137 μετὰ
1240 4068 1571 4138 σεμνότητος
1623 4073 1719 4124 καὶ
1751 4072 1843 4125 εὐ-

264 4151 517 4217 λαόείας,
550 4154 645 4205 καὶ
678 4155 943 4224 ἐνδύμασι
989 4159 1287 4228 χρωμένων
1317 4159 1718 4233 εὐτελεστέροις
1750 4163 1839 4217 διὰ

263 4244 632 4297 ταπείνωσιν·
666 4246 871 4316 ὥρισαν
910 4250 957 4301 oi
995 4250 1128 4303 θεῖοι
1170 4251 1417 4320 Πατὲρες
1443 4251 1565 4314 τοὺς
1592 4254 1837 4307 τοιοῦτόν

263 4352 314 4387 τι
348 4336 646 4401 ποιοῦντας
674 4338 743 4391 δι’
772 4342 1063 4410 ἐπιτιμίων
1086 4342 1453 4412 διορθοῦσθαι⁴
1482 4344 1629 4409 Ὅτι,
1653 4349 1837 4413 φασιν,

264 4430 313 4480 oi
343 4431 516 4499 ίερείς
546 4431 768 4483 ἀείποτε
802 4432 941 4499 μετὰ
974 4434 1200 4502 μετρίας
1245 4433 1342 4488 καὶ
1402 4436 1606 4505 σεμνῆς
1639 4437 1841 4505 διαγω-

264 4524 371 4591 γῆς
413 4521 787 4575 ἐπολιτεύοντο
821 4522 1052 4593 (καὶτὸν
1096 4524 1170 4592 μὴ
1193 4524 1282 4576 διὰ
1309 4525 1495 4594 χρείαν
1521 4526 1615 4579 τοῦ
1653 4527 1839 4596 σῶμα·

267 4631 359 4676 τος
423 4613 802 4683 λαμπρότερον
882 4616 1176 4685 ἱματισμὸν
1232 4618 1602 4687 περπερείαν,
1673 4620 1841 4689 ἤγουν

270 4701 555 4774 βλακείαν,
597 4706 879 4776 ὠνόμαζεν
929 4710 955 4759 ὁ
1004 4707 1177 4774 μέγας
1216 4707 1541 4773 Βασίλειος),
1570 4709 1684 4761 ἁλλ’
1723 4710 1842 4764 οὐδὲ

268 4798 477 4864 ἐσθῆτα
526 4800 778 4869 σηρικὴν,
822 4800 987 4869 ἤγουν
1036 4799 1338 4871 μεταξατὴν
1391 4801 1580 4870 (σῆρες
1631 4804 1741 4872 γὰρ
1795 4807 1843 4857 οἱ

275 4893 609 4959 σκώληκες),
655 4892 961 4944 ἐνεδέδυντο
1015 4892 1283 4960 ίερατικοὶ
1316 4893 1531 4960 ἄνδρες,
1556 4893 1683 4946 οὐτε
1723 4897 1843 4948 τινὰ

272 4986 563 5054 ἑτερόχροα
604 4984 953 5052 ἐπιϐλήματα
995 4985 1388 5054 προσετίθεσαν
1414 4988 1471 5037 ἐν
1500 4990 1609 5048 τοῖς
1652 4988 1839 5057 ἄκροις

270 5078 380 5126 τῶν
409 5075 642 5142 ἱματίων
668 5074 870 5138 αὐτῶν,
927 5076 1097 5145 ἤγουν
1141 5075 1415 5145 μαργέλια
1445 5090 1459 5105 ⁸
1504 5075 1600 5128 καὶ
1642 5077 1836 5146 ἐφεξῆς

272 5168 589 5236 ἐπιφέρουσι
636 5167 698 5218 τὸ
737 5166 1098 5234 εὐαγγελικὸν
1154 5167 1338 5236 ῥητόν.
1409 5167 1706 5234 ’Λνάγνωθι
1744 5170 1838 5220 καὶ

270 5262 365 5310 τὸν
422 5258 502 5322 κζ’
554 5258 752 5310 κανόνα
814 5259 912 5326 τῆς
955 5265 1008 5321 ς’
1076 5258 1316 5312 συνόδου.
1360 5260 1713 5328 Λίτιωμένων
1776 5260 1833 5312 δὲ

270 5353 379 5404 τῶν
413 5350 962 5421 λαμπρειμονούντων
1001 5351 1282 5421 κληρικῶν
1312 5351 1399 5402 διὰ
1423 5354 1657 5421 ἱματίων
1687 5350 1839 5420 λεγο-

275 5446 449 5513 μένων
481 5445 753 5513 ἐξαμίτων
782 5447 1011 5514 ἐχόντων
1051 5447 1111 5496 οὐ
1148 5444 1308 5513 μόνον
1357 5445 1653 5515 ἑτερόχροα
1682 5445 1832 5499 ἀντί⁴

276 5556 435 5602 πιινα,
466 5539 601 5592 ἀλλὰ
632 5540 721 5592 καὶ
749 5540 1122 5610 χρυσόπαστα,
1148 5542 1285 5610 πρὶς
1319 5541 1374 5591 δὲ
1402 5540 1493 5593 καὶ
1524 5541 1834 5611 γράμματα

279 5633 537 5702 πολυτελῆ
571 5636 770 5703 χρυσᾶ.
803 5629 954 5686 εἶπόν
982 5650 1126 5695 τινες
1153 5635 1243 5685 τὸν
1274 5634 1473 5685 κανόνα
1508 5634 1836 5703 ἐκφωνηθῆα

277 5740 358 5775 ναι
392 5724 475 5775 διὰ
500 5728 599 5792 τὴν
631 5726 750 5777 τότε
792 5723 959 5778 οὖσαν
994 5710 1220 5790 ἀταξίαν
1256 5728 1335 5787 είς
1367 5727 1468 5788 τὰς
1512 5727 1835 5797 ἐκκλησίας,

346 5816 385 5844 ⁸⁵⁷
411 5816 602 5870 Matth.
639 5832 718 5881 ιι,
763 5818 821 5871 8-
1127 5870 1130 5874 .

588 5915 858 5976 ΡΑΤιιοι..
905 5915 1022 5976 Gn.
1054 5913 1425 5976 CXXXVII.

1294 368 1403 433 ‘IN
1441 374 1608 435 CAN.
1642 375 1772 435 XVI
1819 374 2029 437 CONC.
2075 379 2182 439 Vll
2219 382 2579 444 (ECUMEN.

379 500 399 534 ι
447 484 555 535 είσι
608 483 708 551 τῆς
747 484 1027 553 ίερατικῆς
1074 482 1278 548 τάξεως
1309 489 1404 538 καὶ
1457 489 1862 547 καταστάσεως.
1902 499 1941 545 Λ

3439 393 3540 453 970

2055 509 2075 539 ε
2114 492 2282 547 dotali
2316 497 2509 550 ordine
2548 513 2599 552 et
2631 510 2776 553 statu
2816 502 3048 556 alienus.
3085 501 3384 575 Episcopus
3412 522 3542 578 ergo

2056 602 2074 634 ι
2114 587 2195 639 vel
2244 588 2497 655 clericos,
2546 592 2640 661 qui
2694 608 2753 647 se
2800 593 3101 661 splendidis
3133 606 3187 650 et
3229 599 3538 663 insignibus

2054 695 2072 725 ι
2110 678 2360 732 vestibus
2392 696 2686 747 exornant,
2733 702 2790 740 se
2836 689 3114 757 corrigere
3167 700 3415 758 oportet;
3444 691 3538 743 sin

2053 787 2071 819 ‹
2109 780 2287 824 autem
2320 786 2697 843 permaneant,
2736 780 2913 848 poenis
2963 784 3250 835 coerceri:
3289 785 3542 838 similiter

2048 876 2067 909 ι
2110 871 2160 913 et
2194 879 2310 927 eos,
2344 865 2436 934 qui
2470 877 2598 920 sunt
2637 870 2932 936 unguentis
2974 872 3223 925 delibuti.
3270 855 3537 938 Quoniam

2064 972 2083 1002 ι
2117 963 2297 1008 autem
2358 958 2508 1012 radix
2582 961 2894 1016 acerbitatis
2943 979 3161 1019 sursum
3217 967 3533 1036 pullulans.

2046 1065 2062 1094 ‹
2106 1046 2399 1103 Catholicm
2432 1049 2687 1106 Ecclesia:
2721 1053 2825 1106 fuit
2856 1054 3356 1126 inquinamentum,
3383 1059 3540 1115 Chri-

2047 1157 2065 1186 (
2108 1141 2316 1193 stianos
2346 1143 2551 1196 scilicet
2602 1148 2982 1199 accusantium
3037 1147 3293 1216 haeresis;
3346 1160 3401 1206 et
3440 1152 3535 1221 qui

2045 1246 2062 1277 ι
2106 1246 2225 1284 eam
2264 1245 2642 1303 susceperunt,
2677 1252 2781 1291 non
2820 1239 2994 1293 solum
3031 1242 3327 1309 imaginum
3356 1245 3539 1313 pictu-

2044 1340 2063 1372 ι
2103 1338 2191 1376 ras
2223 1326 2453 1379 aversati
2490 1338 2640 1391 sunt,
2674 1330 2767 1383 sed
2797 1346 3012 1383 omnem
3068 1334 3227 1385 etiam
3271 1334 3530 1403 pietatem

2044 1431 2063 1463 ι
2100 1428 2163 1467 ac
2201 1416 2515 1485 religionem
2549 1430 2926 1484 extruserunt,
2960 1438 3080 1487 eos,
3117 1426 3208 1492 qui
3240 1426 3327 1495 pie
3353 1440 3406 1482 et
3430 1429 3530 1481 bo-

2044 1522 2062 1555 ι
2105 1519 2263 1562 neste
2293 1510 2502 1575 vivunt,
2540 1512 2667 1566 odio
2698 1513 2998 1582 habentes;
3038 1517 3182 1570 ct‘in
3231 1519 3300 1573 iis
3341 1520 3531 1589 imple-

2042 1617 2063 1650 ‹
2103 1608 2218 1654 tum
2257 1601 2355 1655 fuit
2389 1605 2533 1672 quod
2568 1606 2833 1674 scriptum
2862 1621 2985 1662 esu
3021 1609 3369 1665 Abominatio
3406 1629 3533 1682 pec-

2042 1710 2060 1743 ι
2100 1695 2274 1748 calori
2308 1696 2500 1767 religio
2530 1708 2580 1751 et
2615 1716 2775 1754 verus
2823 1700 2915 1755 Dei
2961 1703 3165 1758 cultus.
3222 1702 3278 1758 Si
3320 1706 3527 1759 inventi

2042 1806 2059 1837 ι
2102 1788 2288 1857 itaque
2319 1790 2525 1845 fuerint
2561 1794 2805 1848 nonnulli
2844 1810 2937 1851 eos
2969 1795 3284 1863 irridentes,
3312 1801 3403 1869 qui
3447 1802 3528 1853 vi-

2040 1899 2058 1929 ‹
2098 1881 2198 1934 lem
2228 1892 2283 1936 et
2307 1884 2609 1939 modestum
2645 1888 2906 1941 amictum
2962 1889 3137 1944 induti
3170 1900 3317 1956 sunt,
3365 1908 3525 1963 pmna

2036 1990 2054 2023 ι
2090 1976 2462 2045 corrigantur.
2498 1978 2541 2030 A
2573 1979 2953 2047 superioribus
2984 1983 3127 2035 enim
3188 1999 3362 2052 usque
3394 1992 3529 2039 tein-

2031 2083 2049 2114 ι
2090 2065 2317 2132 poribus
2380 2068 2560 2122 omnis
2614 2070 2700 2123 vir
2748 2080 2997 2127 sacratus
3062 2087 3185 2126 cum
3247 2076 3527 2130 moderato

2036 2171 2055 2204 ι
2092 2162 2144 2207 et
2195 2155 2428 2212 honesto
2478 2158 2800 2215 indumento
2848 2164 3195 2219 versabatur.
3249 2165 3524 2236 Quidquid

2033 2262 2053 2296 ι
2096 2246 2263 2310 enim,
2298 2263 2407 2301 non
2442 2258 2668 2318 propter
2697 2267 2880 2317 usum,
2911 2257 3335 2310 ostentatorium
3364 2272 3527 2312 orna-

2033 2355 2051 2387 ι
2091 2347 2203 2391 tum
2244 2343 2564 2409 assumitur,
2598 2343 2652 2395 in
2701 2343 2862 2400 luxus
2916 2347 3398 2414 reprehensionem
3441 2352 3527 2405 in-
3562 2370 3565 2373 ·

2034 2447 2053 2479 ι
2088 2430 2280 2495 currit,
2342 2444 2399 2486 ut
2450 2434 2525 2488 ait
2575 2450 2804 2506 magnus
2856 2435 3111 2496 Basilius.
3168 2440 3272 2496 Sed
3310 2457 3410 2498 nec
3458 2460 3522 2498 ex

2035 2542 2051 2573 ‹
2092 2524 2286 2579 sericis
2340 2526 2575 2581 textoris
2630 2530 2897 2584 variatum
2953 2534 3079 2600 quis
3134 2535 3523 2592 vestimentum

2039 2633 2055 2665 ι
2102 2614 2380 2670 habebat:
2436 2632 2611 2687 neque
2664 2620 2715 2672 in
2768 2622 3214 2677 vestimentorum
3294 2625 3526 2681 ﬁmbriis

2036 2725 2055 2755 ‹
2100 2706 2312 2774 adjecta
2347 2716 2505 2761 erant
2539 2709 2702 2763 alieni
2759 2712 2962 2768 coloris
2999 2715 3397 2771 additamenta.
3447 2719 3522 2772 Ex

2034 2816 2053 2848 α
2089 2798 2272 2851 divina
2326 2802 2471 2854 enim
2538 2802 2720 2872 lingua
2773 2805 3069 2859 audierunt
3116 2810 3283 2876 quod,
3352 2831 3369 2861 ι
3417 2809 3521 2875 Qui

2037 2908 2056 2941 ι
2093 2891 2349 2944 mollibus
2380 2894 2707 2954 vestiuntur,
2743 2897 2795 2949 in
2826 2898 3035 2951 aedibus
3069 2915 3254 2969 regum
3283 2903 3516 2956 sunt".n

2028 2980 2219 3036 BALS.
2259 2980 2395 3035 Cum
2427 2982 2777 3039 Iconomacbi
2834 3002 3046 3042 omnem
3097 2991 3520 3048 ecclesiasticam

1954 3075 2405 3129 constitutionem
2436 3083 2490 3128 et
2524 3077 2779 3145 pietatem
2818 3079 2871 3132 in
2906 3080 3283 3137 confusionem
3325 3093 3380 3139 et
3412 3086 3519 3139 im-

1956 3168 2209 3236 pietatem
2238 3176 2570 3232 mutassent,
2599 3177 2789 3238 utpote
2844 3173 3059 3226 clericis
3116 3183 3168 3227 et
3216 3178 3515 3248 episc0pis,

1959 3260 2051 3328 qui
2079 3258 2145 3311 ad
2177 3273 2274 3312 eos
2306 3257 2660 3325 accedebant,
2696 3260 2859 3329 impie
2892 3274 2945 3315 et
2977 3271 3183 3319 temere
3231 3268 3395 3321 vitam
3434 3270 3517 3322 in-

1954 3352 2179 3405 stituere
2211 3352 2519 3421 permissis,
2576 3363 2637 3406 ut
2679 3368 2869 3407 eorum
2918 3358 3185 3411 voluntati
3249 3360 3521 3429 obseque-

1952 3454 2180 3506 rentur;
2217 3454 2272 3498 et
2302 3444 2427 3498 ideo
2484 3446 2825 3501 sacerdotale
2870 3463 3087 3519 quoque
3137 3449 3516 3507 indumentum

1951 3537 2019 3591 ad
2055 3537 2107 3590 id
2138 3537 2284 3605 quod
2316 3537 2440 3606 plus
2487 3537 2649 3591 habet
2688 3537 2851 3594 luxus
2899 3547 2953 3595 et
3002 3550 3229 3597 ornatus
3257 3554 3518 3599 mutatum

1948 3640 2093 3684 esset
2126 3648 2142 3686 :
2172 3638 2483 3685 statuerunt
2537 3631 2709 3686 divini
2759 3634 2971 3698 Patres,
3000 3648 3096 3689 eos
3133 3637 3310 3703 puniri
3346 3640 3437 3708 qui
3463 3656 3522 3693 se

1950 3721 2235 3791 splendida
2278 3733 2433 3778 reste
2459 3731 2755 3786 exornant,
2790 3734 2845 3778 et
2883 3734 3006 3793 post
3039 3726 3516 3786 denuntiationem

1948 3828 2059 3867 non
2098 3814 2475 3885 corriguntur,
2511 3826 2565 3869 et
2608 3816 2863 3870 similiter
2911 3818 3094 3886 puniri
3129 3834 3224 3875 eos
3267 3822 3360 3889 qui
3412 3839 3518 3877 un-

1948 3907 2167 3977 guentis
2196 3906 2424 3962 delibuti
2453 3917 2608 3963 sunt.
2647 3908 2916 3974 Quoniam
2956 3919 3138 3967 autem
3181 3912 3235 3966 bi
3262 3918 3519 3982 pra'zterea

1953 3992 2191 4053 haeretici
2228 3998 2528 4052 irridebant
2558 4013 2675 4062 eos.
2710 4001 2802 4070 qui
2850 4001 2938 4071 pie
2989 4009 3044 4056 et
3083 4003 3314 4061 honeste
3363 4007 3517 4061 vive-

1949 4091 2105 4155 bant,
2137 4104 2192 4146 et
2222 4089 2511 4146 vilioribus
2552 4092 2852 4147 utebantur
2880 4094 3121 4148 vestibus
3152 4105 3372 4165 propter
3413 4099 3519 4152 hu-

1949 4182 2237 4236 militatem
2274 4199 2287 4236 :
2318 4190 2636 4238 statuerunt
2675 4184 2851 4238 sancti
2901 4181 3093 4240 Patres
3135 4200 3255 4249 eos,
3286 4188 3377 4255 qui
3411 4192 3520 4243 tale

1947 4272 2076 4342 quid
2112 4272 2340 4338 faciunt,
2371 4288 2469 4342 per
2500 4288 2694 4342 poenas
2719 4274 2945 4343 corrigi.
2988 4274 3315 4331 Sacerdotes
3346 4278 3517 4343 enim,

1947 4365 2225 4434 inquiunt,
2256 4378 2473 4432 semper
2502 4362 2631 4417 olim
2682 4362 2924 4418 modeste
2978 4374 3033 4419 et
3087 4366 3318 4419 honeste
3351 4367 3514 4437 vitam

1945 4459 2307 4515 instituebant
2358 4458 2435 4527 (et
2490 4459 2914 4527 splendidiorem
2973 4467 3202 4523 vestem,
3239 4476 3361 4527 quae
3410 4479 3514 4515 non

1864 4542 1918 4600 D
1946 4561 2167 4620 propter
2198 4566 2355 4605 usum
2388 4551 2636 4621 corporis
2665 4552 2922 4615 sumitur,
2949 4553 3372 4607 ostentationem
3401 4554 3519 4607 sive

1943 4644 2132 4697 luxum
2167 4659 2402 4713 magnus
2426 4645 2639 4697 vocavit
2672 4644 2959 4711 Basilius),
2989 4645 3083 4699 sed
3126 4661 3302 4714 neque
3337 4647 3512 4699 serica

1946 4744 2120 4799 veste,
2150 4746 2419 4787 metaxata
2450 4735 2669 4790 scilicet
2699 4734 2871 4805 (seres
2919 4737 3063 4789 enim
3110 4752 3322 4790 vermes
3365 4736 3513 4805 sunt)

1947 4824 2319 4878 induebamur
2358 4825 2461 4879 viri
2493 4826 2886 4891 sacerdotales,
2922 4840 3099 4893 neque
3150 4826 3256 4880 alia
3311 4828 3512 4881 diversi

1950 4916 2152 4970 coloris
2182 4916 2560 4970 additamenta
2593 4920 2826 4972 vestium
2865 4917 3108 4985 ipsarum
3137 4917 3370 4972 timbriis
3416 4920 3511 4973 ad—

1938 5010 2224 5077 jiciebant,
2269 5011 2477 5064 scilicet
2503 5010 2737 5075 limbus;
2768 5019 2820 5063 et
2848 5010 3047 5063 deinde
3094 5010 3300 5064 dictum
3348 5026 3513 5063 evan-

1942 5100 2179 5169 gelicum
2222 5102 2509 5171 adjiciunt.
2558 5101 2700 5169 Lege
2754 5109 2810 5155 et
2867 5117 3130 5155 canonem
3180 5102 3269 5166 9.7,
3316 5105 3509 5172 synodi

1938 5201 2126 5255 sextar,
2160 5192 2296 5247 Cum
2365 5206 2546 5249 autem
2599 5204 2994 5257 accusarentur
3048 5194 3268 5263 quidem
3329 5197 3510 5249 clerici

1942 5286 2227 5354 splendide
2262 5286 2463 5349 induti,
2494 5288 2585 5354 qui
2623 5295 2804 5340 vestes
2839 5287 3095 5342 samittos
3125 5289 3302 5342 dictas
3325 5300 3510 5355 gesta-

1944 5380 2096 5439 bant,
2131 5394 2391 5447 qutebon
2429 5380 2606 5432 solum
2664 5378 2869 5434 diversi
2923 5380 3124 5435 coloris
3172 5389 3511 5447 antepanuas

1939 5484 2035 5524 seu
2067 5469 2313 5523 ﬁmbrias
2366 5469 2661 5536 habebant,
2715 5471 2810 5525 sed
2852 5471 3013 5525 etiam
3075 5486 3213 5526 auro
3274 5471 3507 5532 intexta.

1944 5569 2202 5627 prmterea
2239 5567 2443 5624 autem,
2507 5571 2562 5613 et
2616 5570 2964 5629 sumptuosas
3018 5575 3216 5614 aureas
3262 5559 3507 5621 litteras;

1942 5650 2194 5704 dicebant
2221 5649 2482 5719 quidam,
2529 5650 2736 5705 editum
2790 5666 2915 5706 esse
2965 5665 3232 5705 canonem
3286 5658 3510 5719 propter

1949 5762 2067 5800 eam
2131 5761 2249 5817 quae
2284 5755 2411 5801 tunc
2442 5755 2560 5801 erat
2600 5746 2654 5802 in
2689 5746 2957 5811 ecclesiis,
2993 5761 3172 5802 rerum
3223 5742 3506 5799 confusio-

3128 5908 3229 5977 31,
