3972 6488
519 313 616 373 9ἷ1

510 445 655 495 nem,
690 441 742 483 rt
798 422 1024 489 inultam
1058 436 1383 489 clericorum
1436 451 1462 488 a
1526 434 1727 505 pietate
1784 433 2073 488 alienatio-

508 538 674 589 nem;
711 525 873 579 hodie
901 538 1079 581 autem
1135 544 1243 581 non
1296 528 1496 581 habere
1545 529 1723 582 locum
1777 542 2068 590 cntionem,

444 676 453 687 κ
507 620 949 686 quandoquidem
974 620 1063 673 Dei
1098 623 1271 688 gratia
1305 620 1549 675 absoluta
1579 631 1662 675 est
1698 622 2071 675 ecclesiastica

506 712 832 765 constitutio
886 724 937 766 et
996 714 1191 782 pietas,
1248 727 1301 769 et
1353 714 1420 768 ad
1454 714 1546 767 Dei
1579 714 1843 768 honorem
1884 715 2071 768 clerici

508 819 632 857 cum
672 806 920 860 vestibus
957 806 1431 874 splendidioribus
1485 817 1814 861 versantur:
1849 806 2072 860 audive-

505 905 631 948 runt
666 906 847 950 autem
888 913 946 952 se
980 916 1086 955 non
1122 908 1269 953 recte
1312 898 1515 953 dicere.
1559 898 1654 953 Est
1708 900 1855 953 enim
1893 916 2070 953 canon

505 990 878 1055 universalis;
912 1001 963 1044 et
995 1008 1115 1061 qua:
1146 994 1201 1045 in
1242 1007 1307 1047 eo
1343 994 1547 1061 scripta
1594 1000 1723 1045 sunt
1760 991 1960 1046 debent
2016 993 2069 1047 in

503 1081 699 1133 saecula
732 1082 1056 1137 smculorum
1106 1084 1392 1139 observari
1440 1093 1495 1138 et
1548 1084 1659 1138 vim
1717 1099 1871 1139 suam
1927 1087 2072 1141 obti-

504 1187 631 1227 nere
662 1188 676 1226 :
715 1176 806 1241 qui
838 1190 968 1228 vero
1000 1190 1195 1245 praeter
1227 1193 1349 1232 eum
1379 1177 1545 1232 vitam
1577 1178 1896 1244 instituunt,
1925 1190 2072 1237 recte

500 1266 826 1334 punientur,
861 1268 967 1321 nisi
1002 1268 1377 1339 corrigantur.

569 1355 735 1427 319
755 1356 1008 1414 ΖΟΝΑιι.
1042 1360 1118 1414 De
1157 1360 1435 1414 hominum
1466 1362 1555 1431 qui
1592 1378 1750 1419 sacro
1767 1367 1943 1422 ordini
1977 1368 2070 1421 ad-

500 1450 689 1517 scripti
714 1459 843 1503 sunt
868 1450 1222 1518 indumentis,
1242 1453 1671 1524 synodiquoque
1700 1467 1871 1511 sexta:
1902 1474 2069 1512 cano-

498 1557 566 1594 ne
583 1543 651 1595 27
684 1542 1031 1597 decernitur:
1056 1544 1150 1598 sed
1191 1559 1314 1598 cum
1351 1546 1488 1600 ritus
1523 1549 1924 1605 ecclesiasticos
1963 1551 2071 1606 leo-

501 1635 750 1693 nomachi
779 1634 1215 1703 perturbassent,
1241 1636 1447 1691 idcirco
1478 1637 1545 1693 de
1572 1640 1762 1694 eadem
1788 1642 1899 1695 haec
1920 1658 2060 1711 quo-

498 1743 605 1793 que
633 1729 872 1799 synodus
896 1727 1117 1783 decreto
1142 1729 1443 1783 cavendum
1474 1730 1827 1787 existimavit.
1856 1734 1913 1789 Si
1943 1736 2066 1805 quis

498 1834 628 1889 ergo
659 1821 953 1889 episcopus
1000 1829 1094 1873 aut
1137 1821 1372 1875 clericus
1423 1823 1721 1891 pretiosam
1755 1835 1956 1880 vestem
1999 1830 2064 1882 ad

500 1922 755 1966 ornatum
794 1913 1118 1980 cultumque
1164 1914 1409 1983 corporis
1463 1916 1791 1981 adhibuerit,
1824 1930 1919 1972 aut
1963 1934 2066 1972 un-

496 2011 695 2072 gnento
712 2001 985 2056 delibutus
1008 2000 1192 2066 fuerit,
1214 2002 1448 2071 primum
1467 2002 1745 2058 admoneri
1768 2004 2063 2071 hominem,

498 2102 633 2157 tum,
692 2095 739 2149 si
794 2096 1124 2163 perstiterit,
1163 2096 1344 2165 paenis
1376 2112 1595 2166 quoque
1625 2097 1680 2151 in
1722 2113 1846 2151 eum
1887 2100 2068 2152 anim-

495 2187 704 2242 adverti
749 2186 924 2255 jubet.
960 2186 1228 2253 Quoniam
1277 2203 1427 2254 vero,
1476 2189 1674 2258 inquit,
1724 2189 2064 2245 Christiano-

497 2289 887 2334 accusatorum
916 2279 1163 2343 haeresis,
1193 2279 1399 2349 quique
1441 2279 1533 2333 illa
1572 2281 1922 2346 tenebantur,
1954 2298 2064 2336 non

501 2371 660 2424 modo
725 2372 904 2426 sacris
973 2371 1305 2439 imaginibus
1357 2371 1558 2425 bellum
1632 2373 1915 2438 indixere,
1971 2377 2066 2431 sed

494 2463 662 2519 totius
699 2477 918 2534 quoque
973 2463 1242 2533 religiosae
1297 2463 1578 2520 modestiae
1608 2480 1834 2533 prorsus
1886 2468 2065 2533 obliti,

496 2571 615 2619 eos,
668 2570 902 2626 quorum
950 2556 1196 2611 moribus
1258 2570 1320 2610 ac
1361 2556 1488 2611 vita:
1545 2557 1783 2627 gravitas
1838 2558 2063 2625 inesset,

495 2648 730 2703 oderant
757 2654 811 2703 et
834 2647 1272 2703 adversabantur
1309 2665 1322 2701 :
1367 2648 1412 2703 si
1440 2647 1683 2703 demisso
1718 2664 1781 2704 ac
1817 2649 2065 2707 modesto

495 2749 695 2795 ornatu
745 2740 967 2793 indutos
1008 2738 1260 2795 homines
1310 2739 1544 2795 irridere
1584 2740 1906 2809 deprehensi
1947 2742 2066 2799 fue-

494 2830 628 2891 rint,
685 2827 1041 2881 correctionis
1095 2844 1227 2898 ergn
1267 2829 1573 2898 puniendos
1621 2845 1743 2885 esse
1797 2834 2062 2889 decernit.

491 2918 625 2974 Nam
664 2920 747 2975 vel
781 2936 809 2973 a
844 2920 1018 2988 prima
1064 2921 1388 2989 antiquitate
1424 2922 1533 2978 Deo
1569 2925 1770 2979 snerati
1814 2926 2063 2984 homines

490 3010 545 3061 in
575 3006 726 3064 omni
763 3009 903 3063 victu
938 3010 1198 3080 cultuque
1233 3011 1500 3067 moderati
1536 3021 1591 3067 et
1624 3028 1839 3083 graves,
1884 3017 2063 3087 inquit

1755 314 2031 373 TllEDD.
2081 312 2173 369 BA
2185 313 2483 373 [ΒΑΜοΝ

3609 331 3691 390 972

2105 435 2148 490 Α
2177 433 2271 485 καὶ
2303 435 2403 501 τὴν
2432 434 2631 505 πολλὴν
2664 436 3018 491 ἁνευλάῦειαν
3069 440 3177 491 τῶν
3213 441 3503 510 κληρικῶν,
3552 450 3692 515 σήμε-

2179 526 2269 593 ρόν
2308 542 2366 577 τε
2404 526 2477 597 μὴ
2535 526 2678 596 ἐχειν
2724 530 2910 599 χώραν
2937 532 3001 581 τὰ
3061 531 3154 583 τοῦ
3215 534 3451 596 καιόνος.
3482 537 3561 588 ὅτε
3585 541 3693 593 Θεοῦ

2174 620 2358 688 χάριτι
2400 623 2549 676 πᾶσά
2587 625 2740 677 ἐστιν
2794 626 3223 697 ἐκκλησιαστικὴ
3270 628 3587 693 κατάστασις
3621 638 3697 688 καὶ

2172 713 2453 777 εὐλάϐεια,
2490 714 2585 767 καὶ
2620 716 2757 787 πρὸς
2781 719 2949 787 τιμὴν
2998 718 3133 771 Θεοῦ
3192 720 3242 771 οἱ
3296 720 3542 786 κληρικοὶ
3581 729 3693 790 μετὰ

2176 807 2406 875 ἱματίων
2430 808 2825 879 λαμπροτέρων
2851 811 3245 865 πολιτεύονται.
3270 814 3539 869 Ἤκουσαν
3565 817 3614 868 δὲ
3638 821 3697 889 μὴ

2174 899 2355 962 καλῶς
2392 900 2595 969 λέγειν.
2643 904 2948 965 Καθολικὸς
2981 906 3091 976 γάρ
3150 908 3298 959 ἐστιν
3330 908 3358 958 ὁ
3408 910 3594 975 κανὼν,
3623 915 3698 965 καὶ

2173 993 2252 1054 εἰς
2290 993 2379 1045 τὸν
2406 995 2576 1048 αἰῶνα
2603 997 2710 1049 τῶν
2734 997 2949 1052 αἰώνων
2995 1001 3064 1053 τὰ
3120 1001 3177 1053 ἐν
3210 1000 3357 1070 αὐτῷ
3387 1005 3590 1071 κρατεῖν
3623 1005 3698 1055 καὶ

2173 1082 2417 1152 ἐνεργεῖν
2444 1086 2752 1154 ὀφείλουσιν
2779 1105 2794 1121 ο
2838 1092 2887 1142 οί
2917 1090 2972 1143 δὲ
2996 1093 3146 1159 παρὰ
3174 1090 3360 1145 τοῦτον
3390 1093 3703 1163 πολιτευόμε-

2172 1187 2255 1223 νοι
2290 1174 2475 1237 καλῶς
2507 1178 3024 1251 ἐπιτιμηθήσονται,
3067 1184 3113 1234 εί
3144 1182 3218 1253 μὴ
3242 1182 3614 1255 διορθωθῶσιν.

2242 1360 2482 1417 ΖΩΝΑΡ.
2514 1362 2624 1416 Καὶ
2651 1364 2678 1415 ὁ
2710 1363 2950 1428 εἰκοστὸς
2971 1365 3200 1433 ἕϐδομος
3229 1367 3407 1419 κανὼν
3436 1366 3532 1437 τῆς
3565 1368 3702 1439 ἕκτης

2174 1454 2394 1506 συνόδου
2436 1454 2565 1523 περὶ
2609 1444 2939 1525 άμφιάσεως
3001 1459 3284 1529 ἱερατικῆς
3354 1459 3701 1513 διατάττεται·

2171 1543 2308 1596 ἀλλὰ
2346 1544 2454 1598 τῶν
2491 1548 2869 1616 εἰκονομάχων
2899 1552 3247 1619 συγχεάντων
3282 1552 3349 1603 τὰ
3407 1550 3499 1621 ἔθη
3536 1553 3597 1605 τὰ
3626 1555 3703 1605 ὲκ-

2171 1632 2557 1704 κλησιαστικὰ,
2577 1632 2707 1707 ἦλθε
2733 1638 2827 1690 καὶ
2855 1640 2887 1709 ἡ
2912 1642 3161 1708 παροῦσα
3239 1640 3452 1705 σύνοδος
3514 1644 3587 1706 εἰς
3625 1645 3702 1713 τὴν

2172 1726 2301 1796 περὶ
2322 1728 2514 1781 τούτου
2543 1729 2919 1800 θεσμοθεσίαν.
2948 1734 3067 1807 ¹Καὶ
3097 1734 3312 1787 κελεύει
3353 1737 3476 1799 τούς
3509 1738 3704 1799 ἑαυτοὺς

2170 1817 2607 1886 καλλωπίζοντας
2630 1823 2717 1877 διὰ
2748 1825 3015 1894 λαμπρῶν
3064 1827 3295 1894 ἱματίων
3346 1829 3651 1892 ἐπισκόπους
3676 1832 3702 1904 ἢ

2170 1907 2469 1976 κληρικούς
2505 1911 2875 1981 διορθοῦσθαι,
2907 1917 2939 1986 ἦ
2972 1919 3333 1987 ἐπιμένοντας
3359 1922 3703 1989 ἐπιτιμᾶσθαι,

2169 1999 2371 2066 ὁμοίως
2400 2005 2495 2055 καὶ
2552 2004 2678 2067 τοὺς
2706 2007 2773 2059 τὰ
2828 2006 2975 2077 μύρα
3042 2010 3388 2079 χριομένους.
3451 2014 3592 2066 Ἐπεὶ
3639 2015 3702 2075 δὲ,

2169 2092 2356 2159 φησιν,
2399 2093 2561 2160 ἡτῶν
2600 2096 3229 2172 Χριστιανοκατηγόρων
3290 2106 3523 2175 αἵρεσις,
3565 2108 3703 2159 καὶοὶ

2168 2183 2371 2254 ταύτην
2426 2187 2732 2258 δεξάμενοι,
2792 2189 3023 2259 καὶτὰς
3069 2198 3269 2259 σεπτὰς
3324 2200 3531 2261 εἰκόνας
3577 2199 3703 2254 €665-

2168 2275 2416 2343 λύξαντο,
2474 2281 2764 2336 ἀπώσαντο
2815 2285 2871 2337 δὲ
2921 2290 3015 2341 καὶ
3065 2291 3246 2343 πᾶσαν
3303 2291 3596 2359 εὐλάϐειαν,
3634 2314 3704 2365 μι-

2169 2368 2389 2431 σοῦντες
2422 2373 2516 2424 καὶ
2538 2374 3011 2447 ἀποστρεφόμενοι
3036 2380 3166 2444 τοὺς
3212 2378 3428 2453 σεμνῶς
3489 2386 3703 2455 βιοῦντας

2168 2464 2216 2514 εἰ
2256 2464 2554 2532 εὑρεθῶσιν
2616 2469 2953 2538 ἐγγελῶντες
2980 2477 3095 2537 τοῖς
3165 2472 3359 2547 εὐτελῆ
3422 2480 3511 2532 καὶ
3558 2484 3701 2551 σεμνά

2168 2554 2567 2626 ἐνδεδυμένοις,
2632 2561 3107 2634 ἐπιτιμάσϐωσαν,
3202 2568 3289 2622 ἵνα
3352 2571 3700 2642 διορθωθῶσιν.

2179 2648 2273 2703 Ἐκ
2311 2652 2419 2722 γὰρ
2449 2654 2559 2707 τῶν
2594 2656 2837 2727 ἀρχαίων
2862 2662 3092 2731 χρόνων,
3136 2666 3303 2734 φησὶν
3336 2668 3365 2734 ἡ
3411 2668 3630 2731 σύνοδος,
3662 2670 3701 2722 οἱ

2169 2742 2433 2812 ἱερατικοὶ
2462 2746 2652 2818 ἄνδρες
2692 2753 2929 2820 μετρίως
2961 2755 3052 2807 καὶ
3088 2758 3304 2824 σεμνῶς
3343 2760 3699 2814 ἐπολιτεύοντο.

2166 2830 2297 2887 Εἶτα
2321 2838 2414 2891 καὶ
2452 2839 2542 2890 τὸν
2589 2841 2762 2910 μέγαν
2826 2844 3101 2899 Βασίλειον
3130 2850 3211 2911 είς
3244 2858 3546 2926 μαρτυρίαν
3584 2877 3699 2928 πιρ-

2165 2930 2310 2994 άγει,
2364 2931 2740 3001 ἐρμηνεύοντα
2762 2936 2954 2990 τίὲστι
2991 2944 3297 3012 περπερεία
3324 2963 3336 2976 ·
3376 2948 3433 3010 ὃς
3469 2953 3700 3017 φησινὸτι

2167 3022 2308 3083 πᾶν,
2338 3020 2365 3072 ὃ
2398 3022 2471 3090 μὴ
2498 3022 2586 3075 διὰ
2610 3025 2819 3094 χρείαν,
2854 3027 2989 3083 ἀλλὰ
3033 3032 3123 3084 διὰ
3186 3035 3569 3108 καλλωπισμὸν
3616 3058 3701 3094 πα-

390 3118 395 3127 λ
489 3099 756 3170 synodus,
797 3102 1080 3156 exstitere.
1120 3100 1325 3158 Deinde
1368 3105 1549 3175 magni
1594 3122 1815 3176 quoque
1847 3108 2057 3175 Basilii,

2170 3110 2599 3181 ραλαμϐἁνεται,
2626 3120 2961 3188 περπερείαέ
2998 3124 3110 3193 ἔχει
3141 3099 3494 3200 κατηγορίαν.
3516 3134 3635 3187 Οὐτε
3658 3136 3700 3188 δὲ

491 3190 620 3262 quid
657 3192 964 3263 περπερεία
1014 3194 1085 3248 sit
1132 3195 1483 3265 explicantis,
1539 3201 1911 3256 testimonium
1965 3205 2061 3258 ad-

488 3281 661 3338 ducit.
684 3281 1133 3352 Quotiescunque
1154 3286 1297 3339 enim
1325 3287 1626 3357 quidpiam,
1649 3305 1758 3344 non
1785 3294 1850 3345 ad
1876 3308 2056 3359 usum,

488 3375 587 3428 sed
627 3374 693 3428 ad
740 3383 994 3429 ornatum
1043 3379 1421 3449 tantummodo
1455 3395 1517 3433 ac
1547 3380 1874 3451 elegantiam
1910 3386 2055 3440 adhi-

486 3464 646 3528 beas,
691 3464 746 3519 in
782 3467 1000 3531 vitium,
1049 3468 1244 3535 inquit,
1290 3470 1436 3539 quod
1481 3474 1787 3544 περπερεία
1831 3477 2055 3543 dicitur,

476 3546 481 3553 ’
510 3572 765 3611 ncurras.
796 3556 986 3626 Neque
1018 3574 1145 3613 vero
1181 3560 1428 3618 vestibus
1454 3578 1520 3617 ex
1555 3575 1774 3620 metaxa
1808 3570 2057 3640 variega-

486 3650 559 3704 tis
624 3650 778 3714 (sunt
828 3660 1008 3703 autem
1067 3651 1175 3704 illae
1207 3654 1435 3719 sericae,
1491 3671 1523 3710 a
1578 3658 1797 3714 scribus
1855 3661 2059 3739 quippe

2166 3202 2232 3254 ἐκ
2268 3204 2510 3274 μετάξης
2538 3207 2773 3275 ἐσθῆτας
2810 3215 3238 3287 πεποικιλμένας
3297 3216 3478 3290 (αὗται
3545 3229 3637 3295 γὰρ
3658 3231 3698 3279 αἱ

2170 3296 2417 3362 σηρικαὶ,
2450 3297 2525 3357 ῶς
2552 3298 2640 3351 διὰ
2677 3303 2860 3385 σηρῶν
2895 3308 3177 3376 γινόμεναι
3213 3327 3227 3343 ·
3292 3315 3459 3385 σῆρες
3529 3320 3624 3388 γὰρ
3664 3321 3701 3371 οἱ

2168 3384 2450 3455 σκώληκες
2508 3384 2777 3461 λέγονται)
2828 3398 2875 3447 ot
2911 3399 3173 3465 ίερατικοὶ
3206 3406 3376 3459 πάλαι
3409 3410 3698 3471 ἑνεδὲδυντο,

2163 3476 2369 3548 λέγειή
2425 3479 2679 3545 σύνοδος·
2708 3485 2832 3539 οὔτε
2873 3490 2993 3542 τινὰ
3028 3493 3324 3566 ἑτερόχροα
3388 3501 3700 3572 ἐπιϐλήματα

2166 3571 2557 3638 προσετίθεσαν
2590 3577 2646 3628 ἐν
2671 3581 2784 3641 τοῖς
2819 3578 3010 3651 ἄκροις
3066 3588 3177 3640 τῶν
3208 3602 3209 3607 ‘
3237 3591 3470 3659 ἱματίων
3530 3596 3697 3648 αὐτῶν.

2170 3664 2279 3715 Καὶ
2327 3664 2454 3735 ἑξῆς
2487 3669 2740 3739 ἐπιφέρει
2774 3674 2835 3724 τὸ
2861 3674 3220 3746 εὐαγγελικδν
3249 3686 3440 3755 ῥητόν.

484 3754 700 3802 metaxa
761 3746 1088 3814 coniicitur,
1152 3764 1307 3805 seres
1354 3766 1780 3821 porrovermes
1846 3760 2067 3827 quidam
2125 3761 2406 3833 dicuntur)
2458 3765 2551 3834 qui
2598 3766 2651 3820 in
2699 3782 2919 3824 sacrum
2966 3776 3214 3831 ordinem
3298 3785 3528 3850 cooptati
3602 3784 3697 3836 lue.

477 3852 628 3904 rant,
666 3842 1124 3913 inquitsynndus,
1157 3846 1397 3916 antiquis
1434 3853 1767 3919 temporibus
1798 3856 2126 3923 utebantur;
2178 3873 2351 3928 neque
2408 3861 2516 3915 illis
2581 3864 2807 3918 colorati
2877 3871 3039 3937 panni
3129 3842 3498 3933 additamenta
3563 3880 3696 3933 indu-

484 3944 792 3989 mentorum
842 3934 1075 3990 ﬁmbriis
1120 3953 1348 3994 assuere
1394 3956 1512 3996 mos
1569 3953 1709 3998 erat.
1745 3944 1877 4011 Quae
1924 3958 2051 4003 mox
2089 3952 2402 4018 evangelica
2438 3956 2711 4009 sententia
2744 3960 3094 4017 clauduntur.

485 4026 709 4083 ARIST.
765 4046 784 4080 ι
827 4027 1079 4101 EpiscOpi
1128 4032 1211 4087 vel
1268 4036 1453 4091 clerici
1507 4041 1808 4109 splendidis
1858 4058 1917 4098 se
1968 4043 2054 4098 in-

563 4138 583 4173 ι
620 4120 846 4175 duentes
872 4123 1139 4189 vestibus,
1172 4126 1257 4180 vel
1285 4134 1576 4198 unguentis
1606 4133 1855 4199 delibuti.
1881 4136 2055 4190 corri-

563 4231 581 4265 ι
618 4223 837 4281 gantur.
873 4213 1235 4273 Persistentes
1253 4229 1434 4275 autem
1460 4225 1814 4291 puniantur.»
1836 4227 2052 4296 Perspi-

553 4323 706 4360 σακε.

1038 4423 1269 4477 LANON
1324 4423 1487 4480 XVII.

492 4550 510 4582 ι
550 4531 777 4598 Quidam
812 4538 1105 4603 monachi,
1156 4539 1272 4593 suis
1337 4544 1688 4597 monasteriis
1732 4545 1963 4610 relictis,
2001 4558 2059 4603 ut

558 4640 579 4674 ι
620 4625 712 4695 qui
764 4628 1035 4697 imperare
1080 4629 1407 4693 desiderent,
1442 4640 1496 4685 et
1540 4649 1733 4702 parere
1766 4646 2056 4704 recusent,

558 4733 574 4763 ι
620 4719 861 4771 oratoria
916 4719 1187 4774 aediﬁcare
1229 4723 1642 4792 aggrediuntur,
1684 4741 1806 4780 cum
1855 4743 1917 4782 ea
1943 4745 2053 4784 non

549 4827 578 4859 -‹
621 4810 860 4863 habeant
910 4828 1029 4879 qua:
1081 4813 1148 4867 ad
1208 4814 1595 4884 perfectionem
1644 4819 1942 4886 pertinent.
1996 4821 2054 4877 Si

558 4922 574 4949 ι
616 4900 740 4970 quis
766 4902 927 4971 igitur
957 4906 1058 4957 hoc
1094 4903 1275 4960 facere
1329 4922 1618 4977 aggressus
1645 4907 1829 4977 fuerit,
1863 4916 2051 4982 prohi-

559 5011 579 5041 σ
626 4990 818 5044 beatur
845 4997 913 5047 ab
938 4996 1055 5064 ejus
1086 4997 1192 5050 loci
1224 4998 1521 5068 episcopo:
1560 5001 1607 5056 si
1638 5002 1836 5058 habeat
1865 5017 2048 5061 autem

560 5097 579 5130 ι
622 5096 740 5149 quae
771 5084 833 5135 ad
880 5084 1269 5154 perfectionem
1319 5089 1617 5152 sulliciunt,
1659 5093 1727 5147 ab
1768 5094 1890 5164 ipso
1917 5097 2054 5153 deli-

561 5190 581 5224 ι
621 5173 805 5226 herata
839 5177 904 5229 ad
940 5177 1101 5231 linem
1128 5181 1492 5237 deducantur.
1528 5183 1675 5239 Idem
1721 5197 1901 5243 autem
1935 5207 2050 5245 ser-

561 5282 579 5314 ι
619 5274 775 5318 vetur
808 5268 857 5319 in
895 5268 1050 5324 laicis
1082 5282 1134 5325 et
1157 5274 1395 5328 clericis.
1430 5293 1448 5326 ι

561 5353 756 5408 BALS.
778 5354 988 5411 Rursus
1015 5376 1234 5432 quoque
1254 5366 1426 5419 sancti
1451 5365 1662 5435 Patres,
1688 5385 1808 5424 cum
1832 5373 2053 5426 omnino

488 5460 595 5497 non
649 5448 854 5502 ferrent
882 5450 1069 5521 gloriae
1100 5454 1455 5524 cupiditatem
1498 5461 1640 5517 inter
1687 5479 1782 5517 eos
1821 5470 2053 5537 versari,

2161 4046 2383 4101 ΑΡΙΣΤ.
2421 4067 2441 4099 ι
2490 4050 2889 4126 Ἐπίσκοποι,ἢ
2944 4059 3219 4129 κληρικοὶ.
3259 4065 3536 4139 λαμπραῖς
3592 4071 3695 4124 ἐσυ-

2236 4155 2257 4189 ‹
2303 4140 2432 4202 τοὺς
2471 4143 2808 4211 κοσμοῦντες
2843 4149 3089 4219 ἐσθῆσιν,
3155 4157 3186 4225 ἢ
3234 4159 3385 4229 μύρα
3431 4163 3694 4232 χριόμενοι,

2234 4246 2252 4279 ι
2291 4230 2746 4299 διορθούσθωσαν·
2778 4240 3127 4311 ἐπιμένοντες
3152 4248 3208 4303 δέ
3230 4230 3691 4325 ἐπιτιμᾶσθωσαν.›

2232 4323 2458 4389 famic-

2089 4478 2134 4535 υ
2721 4447 2963 4503 ΚΑΝΩΝ
2992 4455 3091 4507 ΙΖ’.

2168 4571 2196 4605 ι.
2222 4554 2379 4620 Τινὲς
2412 4557 2519 4611 τῶν
2593 4564 2842 4634 μοναχῶν
2914 4570 3312 4639 καταλιπόντες
3380 4578 3448 4631 τὰ
3513 4578 3693 4633 ἑαυτῶν

2237 4665 2257 4698 ι
2306 4654 2663 4723 μοναστήρια,
2699 4658 2981 4727 ἐφιέμενοι
3005 4663 3097 4717 τοῦ
3124 4666 3339 4737 ἄρχειν,
3374 4671 3468 4725 καὶ
3502 4674 3558 4725 τὸ
3608 4673 3691 4725 ὐπ-

2236 4755 2256 4790 (
2291 4740 2510 4796 ακούειν
2539 4745 2987 4818 ἀπαναινόμενοι,
3012 4756 3319 4827 ἐγχειροῦσι
3373 4764 3566 4829 κτίζειν
3617 4764 3691 4815 εὐ-

2237 4848 2256 4883 (
2302 4836 2557 4904 κτηρίους
2587 4838 2875 4906 οἴκους,τὰ
2932 4846 3070 4916 πρὸς
3102 4851 3448 4923 ἀπαρτισμὸν
3480 4858 3547 4926 μὴ
3570 4855 3692 4925 ἕχον-

2227 4940 2245 4975 ‹
2291 4940 2402 4986 τες.
2427 4926 2593 4990 Εττις
2623 4928 2888 4985 οὖντοῦτο
2914 4935 3254 5009 ἐπιχειρήσει
3280 4946 3466 5008 ποιεῖν,
3516 4942 3691 4995 κωλυέ-

2237 5033 2255 5065 ι
2296 5016 2404 5068 σθω
2434 5017 2539 5071 ὑπὸ
2564 5019 2657 5072 τοῦ
2682 5024 2821 5076 κατὰ
2847 5024 2938 5078 τὸν
2968 5029 3134 5082 τόπον
3167 5031 3464 5086 ἐπισκόπου
3495 5033 3624 5102 (58)·
3652 5031 3690 5084 εί

2236 5123 2254 5155 ι
2288 5105 2433 5160 δὲτὰ
2484 5110 2624 5180 πρὸς
2648 5114 2996 5186 ἀπαρτισμὸν
3063 5122 3176 5193 ἔχει
3219 5125 3286 5178 τὰ
3332 5126 3687 5194 βεϐουλευμένα

2233 5216 2251 5249 ε
2290 5199 2457 5268 αὐτῷ,
2510 5205 2590 5266 είς
2618 5207 2788 5277 πέρας
2821 5211 3160 5278 ἁγέσθωσαν.
3180 5218 3252 5270 Τὸ
3274 5220 3400 5272 αὐτὸ
3433 5221 3485 5273 δέ
3517 5220 3688 5288 φυλατ-

2234 5289 2410 5343 τέσθω
2438 5294 2530 5345 καὶ
2562 5295 2657 5347 ἐπὶ
2687 5297 2887 5353 λαῖκῶν
2912 5308 3002 5356 καὶ
3032 5306 3324 5378 κληρικῶν.

2231 5381 2430 5438 ΒΑΛΣ.
2466 5385 2579 5439 Καὶ
2614 5390 2775 5443 πάλιν
2802 5393 2851 5444 οἱ
2874 5394 3017 5462 ἅγιοι
3071 5400 3328 5471 Πατέρες,
3401 5406 3472 5473 μὴ
3521 5401 3679 5470 ἀνεχᾶο

2162 5492 2310 5543 μενοι
2339 5477 2475 5542 ὅλως
2501 5482 2973 5553 παρρησιάζεσθαι
3007 5490 3066 5544 τὸ
3094 5492 3192 5562 τῆς
3214 5496 3503 5564 φιλοδοξίας
3541 5494 3679 5554 πάθοὶ

1705 5558 1891 5619 Guill.
1925 5563 2249 5645 Beveregii
2292 5579 2482 5634 notua.

560 5643 673 5713 (58)
714 5645 825 5699 Τοῦ
856 5647 1006 5701 κατὰ
1039 5654 1226 5705 τόπον
1254 5653 1609 5713 ἐπισκόπου.
1640 5658 1823 5714 €odex
1854 5664 2045 5716 Amer-

487 5714 791 5770 ltachiauus
824 5719 971 5784 legit,
1008 5725 1148 5775 κατά
1178 5723 1385 5788 χώραν.
1439 5726 1503 5780 Ut
1532 5738 1584 5783 et
1617 5746 1740 5784 mox
1785 5747 1879 5788 oro
1934 5714 2045 5799 ἔχει

2152 5671 2220 5758 ’ξὰ
2266 5669 2701 5758 βεϐουλευμέἕα,
2726 5680 2780 5733 in
2846 5681 3150 5758 Parisiensi
3209 5689 3441 5745 editione
3491 5689 3677 5758 legitur.

2154 5739 2390 5803 ἔχεικαὶ
2422 5744 2488 5795 τὰ
2523 5739 2947 5814 βεϐουλευμένα.
