3972 6488
299 349 366 409 ’Ῑ3
1217 347 1303 405 ΙΝ
1347 350 1506 409 (IAN.
1544 352 1709 410 XVII
1748 351 1959 415 CUNC.
1998 356 2110 417 VII
2150 358 2500 420 (ECUMEN.

3394 367 3496 429 974

254 480 342 539 είς
362 477 487 536 τοὺς
506 469 954 542 πολιτευομένους
984 482 1126 529 κατὰ
1163 478 1313 538 Θεὸν,
1347 479 1668 549 διωρίσαντο
1704 483 1815 544 τοὺς

1932 466 2023 532 qui
2077 470 2377 522 secundum
2439 469 2604 523 Deum
2657 470 2837 526 vivere
2887 474 3249 539 constituunt,
3289 486 3495 531 statue-

258 567 769 637 καταλιμπάνοντας
824 569 1089 636 μοναχοὺς
1138 568 1205 620 τά
1256 570 1434 621 οἰκεῖα
1487 573 1824 641 μοναστὴρια

254 659 349 712 διὰ
377 658 683 725 φιλοδοξίαν
703 659 736 727 ἦ
768 658 1153 722 ἀνυποταξίαν,
1195 660 1288 711 καὶ
1320 661 1699 731 ἐγχειροῦντας
1729 665 1825 733 μὲν

252 748 463 809 κτίζειν
484 748 803 816 εὐκτηρίους
830 750 1032 815 οἴκους,
1054 750 1127 818 μὴ
1162 750 1381 818 ἔχοντας
1413 752 1469 804 δέ
1494 754 1825 823 αὐτάρκειαν

252 840 393 905 πρὸς
417 840 784 908 ἀπαρτισμὸν,
819 840 1123 892 κωλύεσθαι
1154 844 1305 910 παρὰ
1330 844 1422 894 τοῦ
1458 846 1599 896 κατὰ
1638 845 1823 914 χώραν

251 932 577 991 ἐπισκόπου,
613 931 801 1000 ὥσπερ
824 934 1241 999 συγκροτεῖσθαι
1288 937 1413 999 τοὺς
1466 938 1687 1007 ἔχοντας
1730 941 1823 993 ἀν·

246 1024 471 1085 εἰδεῶς.
496 1025 567 1075 Τὸ
603 1025 733 1077 αὐτὸ
782 1026 837 1077 δὲ
880 1026 1121 1092 γίνεσθαι
1174 1030 1269 1081 καὶ
1317 1030 1410 1082 ἐπὶ
1466 1031 1669 1085 λαῖκῶν
1728 1034 1821 1086 καὶ

245 1114 553 1183 κληρικῶν.
624 1118 697 1168 Σὺ
755 1117 813 1167 δὲ
864 1120 912 1169 εί
980 1119 1152 1180 θέλεις
1211 1119 1405 1179 μαθεῖν
1481 1123 1818 1193 πλατύτερον

245 1207 369 1269 πῶς
404 1211 495 1261 καὶ
528 1211 678 1279 παρὰ
706 1210 865 1263 τίνων
895 1212 1250 1275 κτίζονταιτὰ
1276 1216 1636 1283 μοναστήρια.
1666 1214 1818 1283 ζήτει

244 1313 375 1363 κερ.
408 1298 456 1350 α’
516 1299 608 1350 τοῦ
668 1306 716 1352 α’
772 1302 948 1353 τίτλου
983 1302 1077 1354 τοῦ
1111 1302 1154 1354 δ’
1202 1302 1409 1371 βιόλίου
1450 1305 1560 1356 τῶν
1604 1305 1820 1358 Βασιλίς

245 1390 388 1449 κῶν,
444 1391 580 1457 ὅπερ
630 1393 750 1447 ἐστὶ
802 1393 968 1461 μέρος
1029 1393 1130 1463 τῆς
1188 1392 1308 1463 ρκγ⁹
1387 1396 1815 1449 Ἰουστινιανείου

242 1484 473 1545 νεαρᾶς.
530 1485 623 1534 καὶ
668 1485 728 1535 τὸ
774 1485 893 1537 ὅλον
965 1482 1013 1536 α’
1061 1503 1185 1553 κεφ.
1230 1484 1326 1536 τοῦ
1376 1483 1443 1539 ια’
1495 1487 1673 1539 τίτλου
1721 1486 1815 1540 τοῦ

242 1574 519 1640 παρόντος
553 1575 957 1643 συντάγματος,
992 1578 1087 1628 καὶ
1116 1576 1185 1628 τά
1230 1579 1287 1629 ἐν
1316 1578 1464 1647 αὐτῷ
1497 1596 1511 1609 '
1549 1580 1814 1645 ὡσαύτως

238 1664 340 1713 καὶ
372 1664 462 1715 τὸν
513 1670 560 1716 α’
593 1666 792 1717 κανόνα
822 1666 918 1735 τῆς
950 1666 1112 1733 ἁγίας
1139 1667 1234 1719 καὶ
1263 1668 1509 1737 μεγάλης
1539 1670 1585 1721 α’
1617 1674 1711 1722 καὶ
1768 1672 1812 1741 β’

241 1754 471 1806 συνόδου
503 1756 607 1824 τῆς
654 1758 713 1809 ἐν
767 1756 845 1825 τῷ
892 1758 1004 1825 ναῷ
1043 1758 1151 1810 τῶν
1220 1760 1419 1826 Ἀγίων
1475 1762 1813 1816 Ἀποστόλων

242 1846 547 1914 συστάσης,
585 1848 678 1900 καὶ
706 1848 882 1918 μάθῃς
913 1850 1092 1901 πάντα
1122 1851 1190 1904 τὰ
1220 1853 1348 1920 περὶ
1392 1853 1491 1921 τῆς
1522 1854 1811 1924 οἰκοδομῆς

236 1936 356 1988 τῶν
389 1940 795 2010 μοναστηρίων.
820 1940 893 1994 Τὸ
924 1941 1108 2010 μέντοι
1132 1944 1503 2014 προκομισθὲν
1526 1948 1681 2017 παρὰ
1708 1948 1815 2001 τῶν

241 2032 419 2097 ἁγίων
453 2032 734 2099 Πατέρων,
765 2035 840 2104 μὴ
884 2034 1277 2104 ἐξακουόμενον
1317 2038 1414 2089 καὶ
1462 2038 1556 2091 ἐπὶ
1608 2039 1815 2095 λαίκῶν

240 2124 339 2176 καὶ
372 2124 675 2192 κληρικῶν,
708 2126 943 2178 ἐκλαὸοὗ
970 2129 1051 2189 εἰς
1106 2129 1302 2197 μόνους
1346 2130 1473 2194 τοὺς
1522 2132 1833 2203 μοναχοιὶς.Δ

238 2217 311 2269 Τὸ
340 2217 399 2269 δέ
428 2217 736 2271 κωλύεσθαι
783 2219 909 2281 τοὺς
958 2219 1245 2283 κτίζοντας
1295 2224 1668 2295 μοναστήρια,
1719 2226 1816 2278 καὶ

241 2310 315 2380 μὴ
357 2309 578 2379 ἔχοντας
605 2308 881 2380 ἀρκοῦσαν
914 2311 1164 2382 δαπάνην
1199 2313 1432 2367 ἐλκυσον
1463 2315 1545 2379 εἰς
1580 2317 1810 2383 πάντας,

238 2403 412 2470 ἡγουν
444 2403 524 2463 είς
568 2401 807 2466 λαῖκοὺς,
850 2403 1169 2473 κληρικοὺς,
1210 2406 1546 2470 ἐπισκόπους
1571 2446 1586 2472 ,
1644 2424 1814 2478 μονα-

238 2494 374 2559 χοὺς
406 2495 502 2545 καὶ
535 2493 777 2554 λοιπούς.
823 2493 1121 2563 Ἐρωτήσει
1167 2495 1224 2548 δέ
1268 2513 1373 2559 τις,
1422 2498 1529 2550 Καὶ
1556 2500 1675 2563 πῶς
1712 2500 1813 2571 τὴν

238 2583 497 2652 δαπάνην
548 2585 989 2654 άπαιτηθήσεται
1028 2587 1057 2637 ὁ
1087 2585 1256 2638 θέλων
1302 2587 1489 2641 κτίσαι
1540 2593 1816 2664 μοναστή-

242 2693 395 2744 ριον;
426 2670 574 2743 *Αρα
604 2676 831 2745 χρυσίου
859 2677 1033 2730 πολλά
1054 2695 1176 2731 τινα
1201 2680 1441 2733 τάλαντα
1480 2680 1513 2751 ἢ
1557 2686 1817 2754 μετρίους

241 2768 568 2836 στατῆρας;
616 2769 829 2833 Λύσις.
887 2769 1054 2822 Οὐδὲν
1129 2770 1189 2835 ἐξ
1227 2770 1449 2841 ἀμφοῖν.
1513 2773 1651 2827 Οὔτε
1706 2776 1815 2847 γάρ

242 2859 619 2926 ἁναγκάζεταί
653 2878 736 2923 τις
760 2866 1135 2931 προσαγαγεῖν
1164 2863 1242 2933 τῷ
1268 2866 1387 2937 Θεῷ
1414 2869 1815 2941 μεγαλοπρεπῆ

240 2952 334 3002 καὶ
368 2951 533 3014 ἀξίαν
563 2955 960 3024 προσαγωγὴν,
989 2956 1111 3008 οὔτε
1140 2961 1561 3029 μικροπρεποῦς
1587 2964 1813 3033 χρυσίου

242 3046 569 3114 κερμάτιον,
630 3046 704 3115 μὴ
746 3046 949 3117 ἀρκοῦν
996 3050 1078 3111 εἰς
1124 3049 1152 3101 ὂ
1204 3052 1472 3122 προέθετο
1518 3056 1815 3125 προφέρων

1935 565 2084 620 runt,
2128 565 2186 610 ut
2222 560 2510 624 monachi,
2552 563 2644 629 qui
2689 574 2905 631 propter
2936 565 3120 632 glorize
3145 566 3494 635 cupiditatem

1934 658 2030 697 sua
2092 651 2425 703 monasteria
2479 652 2835 720 relinquunt,
2900 656 2981 709 vel
3054 657 3216 709 etiam
3278 668 3498 728 propter

1932 734 2381 803 inobedientiam,
2421 749 2472 795 et
2498 744 2735 797 oratoria
2764 744 2985 813 quidem
3006 748 3278 803 aediﬁcare
3304 765 3499 822 aggre-

1931 825 2177 893 diuntur,
2211 846 2318 884 non
2354 832 2555 889 habent
2589 847 2769 890 autem
2798 854 2916 907 qua:
2948 840 3015 893 ad
3046 842 3165 906 ejus
3201 844 3496 911 perfectio-

1930 934 2054 973 nem
2105 922 2400 988 sulliciunt,
2471 928 2865 995 prohibeantur
2925 933 2993 985 ab
3056 932 3201 989 illius
3253 936 3494 1004 regionis

1929 1012 2207 1083 episcorio,
2253 1025 2311 1069 ut
2348 1016 2439 1086 qui
2491 1035 2551 1070 ea
2600 1021 2929 1077 constituere
2970 1023 3154 1079 minus
3194 1026 3491 1081 sutliciunt.

1932 1103 2043 1158 Hoc
2080 1106 2258 1173 ipsum
2298 1121 2479 1163 autem
2515 1112 2679 1166 etiam
2718 1114 2831 1166 lieri
2884 1114 2939 1168 in
2993 1115 3147 1172 laicis
3187 1126 3241 1171 et
3276 1120 3493 1174 clericis

1927 1195 2236 1255 decrevere.
2288 1202 2345 1255 Si
2384 1203 2545 1257 latius
2590 1213 2774 1259 autem
2824 1208 2969 1263 scire
3006 1211 3163 1276 velis,
3214 1212 3492 1281 quomodo

1926 1297 1979 1342 et
2006 1304 2034 1341 a
2059 1292 2257 1355 quibus
2288 1293 2630 1349 mdilicantur
2660 1288 3031 1365 monasteria,
3067 1318 3252 1372 ουτοι-ο
3282 1318 3405 1373 cap.
3437 1307 3490 1368 1,

1927 1381 2011 1435 tit.
2053 1382 2105 1445 1,
2138 1383 2233 1438 lib.
2279 1401 2329 1438 tv
2370 1383 2589 1444 Basilio.
2624 1405 2745 1457 quae
2781 1392 2997 1458 quidem
3042 1404 3125 1449 est
3185 1410 3312 1465 pars
3387 1397 3489 1449 125

1922 1472 2213 1529 Justianini
2238 1474 2492 1539 Novellaa.
2514 1490 2565 1534 et
2586 1489 2754 1535 totum
2773 1497 2894 1552 cap.
2916 1484 2967 1547 1,
2984 1487 3067 1539 tit.
3093 1486 3114 1539 l
3136 1487 3180 1548 l,
3208 1489 3492 1557 praesentis

1922 1571 2122 1637 operis,
2143 1578 2196 1622 et
2225 1586 2344 1639 qua:
2376 1581 2503 1626 sunt
2525 1574 2577 1627 in
2606 1589 2671 1628 eo
2695 1594 2710 1639 ;
2744 1576 2994 1630 similiter
3020 1588 3073 1630 et
3094 1591 3213 1631 can.
3242 1579 3264 1633 1
3293 1591 3493 1635 sancta:

1922 1666 1976 1712 et
2003 1675 2207 1730 magna:
2245 1664 2434 1731 primae
2472 1674 2523 1719 et
2549 1669 2805 1722 secundae
2844 1670 3035 1738 synodi
3070 1671 3263 1740 qnzein
3290 1676 3489 1744 templo

1924 1749 2251 1806 Sanctorum
2280 1754 2674 1824 Apostolorum
2702 1771 3031 1829 congregata
3053 1770 3137 1816 est
3171 1778 3185 1816 :
3221 1772 3273 1817 et
3304 1765 3489 1821 disces

1914 1845 2096 1896 omnia
2130 1860 2251 1913 qua:
2280 1849 2345 1899 ad
2386 1851 2844 1904 momsteriorum
2866 1853 3286 1908 aedificationem
3314 1858 3485 1924 perti—

1918 1942 2070 1986 nent.
2102 1933 2258 2000 Quod
2306 1948 2485 1993 autem
2536 1955 2565 1993 a
2604 1941 2811 1997 sanctis
2838 1940 3094 2000 Patribus
3128 1947 3180 1999 in
3218 1948 3487 2015 prooemio

1916 2023 2125 2078 dictum
2163 2035 2269 2091 est,
2295 2028 2349 2081 in
2395 2029 2553 2084 laicis
2584 2032 2748 2085 etiam
2786 2041 2841 2087 et
2865 2035 3085 2090 clericis
3116 2053 3222 2091 non
3261 2040 3489 2093 exaudi—
3560 2072 3576 2088 ι

1919 2127 2057 2181 tum,
2080 2117 2147 2171 de
2176 2120 2308 2174 solis
2327 2121 2611 2175 monachis
2636 2123 3137 2193 accipe.Prohiberi
3162 2139 3341 2182 autem
3369 2146 3485 2197 eos,

1916 2206 2008 2275 qui
2053 2209 2383 2262 monasteria
2428 2210 2733 2275 aediﬁcant,
2791 2223 2847 2267 et
2895 2224 3173 2284 sumptum
3218 2218 3487 2273 sullirien-

1914 2304 2024 2352 tem
2056 2312 2167 2352 non
2204 2300 2428 2367 habent,
2461 2302 2530 2356 ad
2551 2317 2741 2359 omnes
2772 2306 2978 2361 scilicet
3016 2308 3206 2374 laicos,
3226 2311 3483 2377 clericos,

1917 2388 2233 2461 episc0pos,
2266 2394 2567 2450 monachos
2596 2404 2651 2449 et
2678 2397 2917 2467 reliquos
2948 2403 3201 2456 extende.
3236 2404 3485 2474 Rogare-

1918 2481 1986 2534 rit
2035 2491 2215 2551 autem
2273 2486 2568 2555 quispiam,
2629 2486 2690 2541 Et
2726 2500 2965 2559 quantus
3018 2505 3270 2563 sumptus
3306 2498 3374 2552 ab
3419 2516 3486 2553 eo

1914 2571 2183 2639 exigetur,
2209 2573 2304 2641 qni
2326 2575 2455 2628 velit
2477 2578 2872 2631 monasterium
2898 2583 3220 2637 exstruere?
3247 2582 3486 2639 Mttltane

1915 2664 2035 2718 auri
2066 2665 2293 2729 talenta,
2315 2683 2382 2720 an
2405 2679 2636 2722 stateres
2668 2670 2909 2739 aliquot?
2949 2670 3176 2729 Salutio.
3197 2673 3481 2737 Neutrum.

1914 2757 2036 2812 Non
2066 2758 2209 2812 enim
2241 2767 2468 2828 cogetur
2499 2761 2771 2830 quispiam
2817 2765 3164 2832 magniﬁcam
3204 2777 3259 2821 et
3305 2771 3483 2840 magni

1916 2850 2075 2920 pretii
2130 2850 2240 2904 Deo
2281 2850 2479 2907 nll‘erre
2528 2854 2888 2919 oblationem,
2938 2873 3037 2912 nec
3081 2859 3347 2915 minutnla
3386 2865 3482 2918 ah-

1917 2948 2051 3009 quot
2096 2941 2214 2994 auri
2264 2942 2620 3005 numismata,
2676 2944 2741 2997 ad
2775 2960 2836 2998 ea
2880 2962 3001 3015 qua:
3046 2952 3331 3017 proposuit
3373 2969 3479 3007 non

1917 3030 2293 3087 sullicientiam
2328 3033 2561 3090 all‘erens
2606 3037 2948 3093 exaudietur.
2985 3038 3089 3095 Sed
3132 3045 3257 3106 quia
3288 3061 3483 3100 mona-

241 3137 755 3207 είσακουσθήσεται.
838 3140 979 3193 Ἀλλ’
1039 3142 1163 3199 ἐπεὶ
1234 3144 1295 3196 τὸ
1362 3145 1651 3215 ἐλάχιστον
1712 3149 1815 3202 ὑπὸ

1920 3129 2147 3182 sterium
2179 3144 2206 3181 a
2240 3129 2419 3185 tribus
2456 3131 2521 3184 ad
2552 3130 2837 3185 minimum
2879 3136 3160 3189 monachis
3191 3140 3484 3195 constitui-

243 3231 417 3300 τριῶν
465 3232 717 3302 μοναχῶν
762 3232 1081 3288 συνίσταται
1137 3238 1522 3307 μοναστήριον,
1565 3242 1815 3309 ἀναγκα-

242 3320 511 3391 σθήσεται
580 3324 608 3373 ὁ
663 3323 843 3375 κτίσαι
923 3323 1132 3392 μέλλων
1200 3332 1565 3395 προσαγαγεῖν
1630 3330 1679 3382 εί
1738 3330 1814 3400 μὴ

239 3412 490 3478 πλείονα,
521 3414 657 3476 τέως
685 3413 741 3465 δὲ
774 3414 843 3466 τὰ
874 3414 1148 3483 ἀρκοῦντα
1186 3406 1285 3478 εἰς’
1310 3417 1658 3487 ἀπαρτισμὸν
1682 3419 1813 3473 ναοῦ

238 3502 331 3555 καὶ
382 3502 703 3571 οἰκονομίαν
753 3502 923 3555 αὐτοῦ
976 3505 1069 3557 καὶ
1132 3505 1300 3575 τριῶν
1347 3505 1615 3574 μοναχῶν.
1675 3508 1814 3578 Φησὶ

237 3596 344 3662 γάρ
374 3594 415 3662 ἡ
447 3589 509 3645 ιδ’
540 3593 706 3663 νεαρὰ
741 3593 835 3646 τοῦ
886 3594 1152 3663 βασιλέως
1214 3596 1403 3666 κυρίου
1449 3598 1677 3662 Λέοντος
1718 3600 1812 3653 τοῦ

238 3686 543 3751 Φιλοσόφου
602 3686 742 3754 μετὰ
794 3687 856 3739 τὸ
909 3688 1193 3757 προοίμιον
1242 3689 1451 3743 ταῦτα·
1483 3692 1669 3759 Φαμὲν
1719 3688 1814 3745 οὖν

238 3774 333 3840 ὡς,
375 3776 503 3827 ἐπεὶ
535 3776 596 3827 τὸ
624 3777 767 3829 θεῖον
816 3777 991 3847 ἐπῆγε
1036 3778 1249 3848 στόμα’
1295 3781 1489 3835 Ὅπου
1528 3782 1647 3835 εἰσὶ
1703 3784 1814 3837 δύο

238 3865 276 3932 ἢ
322 3865 490 3934 τρεῖς
545 3867 915 3948 συνηγμένοι
965 3867 1034 3920 ἐν
1084 3866 1164 3933 τῷ
1229 3870 1477 3939 ὀνόματί
1498 3888 1642 3939 μου,
1691 3872 1821 3927 ἐκεῖ

241 3958 357 4025 ειμι
395 3957 654 4026 ἐνμέσῳ
697 3958 918 4023 αὐτῶν,
963 3959 1161 4030 χρῆναι
1198 3961 1260 4013 τὸ
1302 3962 1586 4030 ἐλάχιστον
1636 3966 1813 4035 τρισὶν

244 4047 517 4117 ἐπαρκεῖν
546 4049 605 4100 τὸ
656 4052 1025 4120 μοναστηρίου
1070 4052 1267 4121 κλῆσιν
1305 4052 1673 4123 ὑποδυόμενον
1718 4055 1812 4122 ἔρ-

242 4153 360 4203 γον,
406 4137 648 4207 δηλονότι
680 4140 912 4195 καὶτῶν
951 4142 1125 4196 ἄλλων
1164 4143 1323 4214 ἱερῶν
1348 4144 1666 4215 κειμηλίων,
1715 4148 1813 4201 ὅσα

244 4246 297 4280 τε
328 4231 475 4299 πρὸς
501 4232 781 4298 άγιστείαν
812 4233 906 4285 καὶ⁷
933 4233 1241 4302 δοξολογίαν
1266 4236 1489 4306 ὁρῶσιν,
1532 4239 1813 4310 ὑπαρχού-

247 4338 343 4389 σης
376 4323 481 4392 τῆς
507 4324 786 4392 εὐπορίας.
815 4326 907 4395 Τῷ
941 4327 1041 4395 μὲν
1088 4325 1183 4379 οὖν
1215 4328 1350 4397 πρὸς
1382 4330 1673 4396 ἀνιέρωσιν
1711 4349 1811 4401 μο-

246 4415 547 4483 ναστηρίου
607 4416 885 4470 ἀκώλυτον
934 4418 1110 4483 ἕξοντι
1168 4417 1268 4489 τὴν
1319 4420 1685 4491 ἐπιχείρησιν,
1732 4425 1813 4486 εἰς

245 4505 503 4558 τοσοῦτον
534 4508 717 4577 δεήσει
767 4510 827 4561 τὸ
861 4510 1145 4579 ἐλάχιστον
1181 4512 1242 4563 τὸ
1292 4512 1586 4583 ἀφιέρωμα
1630 4532 1815 4567 συντε-

248 4594 384 4649 λεῖν.
430 4596 554 4648 ’Ὁτι
586 4598 641 4649 δὲ
668 4600 717 4650 οί
769 4600 1037 4663 πλεῖστοι,
1074 4601 1211 4670 πρὸς
1249 4602 1347 4672 τὴν
1402 4604 1657 4673 τοιαύτην
1698 4607 1819 4658 ἐπι-

248 4689 502 4757 χείρησιν
535 4689 762 4751 ἑαυτοὺς
787 4691 1143 4753 ἐπιδιδόντες,
1184 4694 1357 4745 ἐνίοτε
1395 4694 1570 4747 ὀπίσω
1616 4695 1813 4767 βουλῆς

249 4781 667 4845 ἀπολείπονται,
700 4782 1070 4852 προλαϐόντος
1113 4783 1209 4836 τοῦ
1266 4780 1521 4852 θανάτου,
1569 4788 1664 4839 καὶ
1715 4789 1815 4859 τῆς

249 4871 303 4921 ἐν
334 4871 647 4940 ἀνθρώποις
676 4875 874 4935 αὐτοὺς
901 4877 1349 4947 συναναστροφῆς
1371 4877 1812 4946 ἐξαφανίζοντος,

248 4963 424 5013 ἐκεῖνο
470 4964 599 5033 ἡμῖν
653 4964 965 5029 θεσπίζεται
1016 4966 1091 5027 ὠς
1122 5008 1135 5029 ,
1188 4968 1570 5031 διατυπώσεως
1618 4969 1816 5039 προελ-

250 5053 473 5125 θούσης,
517 5056 586 5108 τά
626 5057 685 5108 ἐν
715 5059 850 5127 αὐτῇ
885 5059 1223 5129 διορισθέντα
1258 5059 1412 5113 ἔσται
1446 5063 1541 5129 τῆς
1576 5061 1805 5132 Ἐκκλη-

252 5150 392 5210 σίας.
428 5148 488 5199 Εἰ
518 5148 597 5212 δὲ,
626 5149 785 5202 ὁποῖα
825 5150 999 5203 πολλά
1026 5152 1183 5221 φέρει
1215 5152 1275 5204 τὸ
1299 5151 1514 5221 ἄδηλον,
1558 5152 1662 5223 πρὸ
1713 5155 1814 5224 τῆς

248 5240 357 5291 τῶν
413 5242 631 5292 οἰκείων
689 5242 1065 5312 ἀναρπασθείη
1114 5244 1539 5310 διατυπώσεως,
1602 5246 1811 5299 παίδων

253 5331 349 5398 μὲν
378 5332 623 5385 ὑπόντων
647 5333 773 5403 ἄχρι
803 5333 994 5403 τριῶν,
1029 5348 1291 5405 τέταρτον
1324 5336 1488 5405 μέρος
1510 5336 1610 5404 τῆς
1639 5337 1816 5407 ὑπάρ-

251 5422 383 5485 ξεως
408 5422 752 5475 οἰκειώσεται
783 5425 815 5491 ἡ
845 5426 979 5493 μονή
1020 5440 1034 5454 ·
1086 5425 1347 5477 ἐπέκεινα
1386 5425 1442 5475 δὲ
1474 5424 1569 5476 τοῦ
1619 5425 1806 5494 τρίτου

252 5516 482 5585 ἀριθμοῦ
507 5516 788 5589 προϊόντος
818 5515 912 5569 τοῦ
945 5516 1045 5587 τῆς
1074 5518 1237 5586 γονῆς
1282 5516 1545 5583 πλήθους,
1599 5534 1810 5585 συγκα-

251 5607 530 5671 ταλέξεται
560 5610 620 5661 τὸ
676 5610 1038 5679 μοναστήριον
1075 5612 1187 5669 τοῖς
1225 5611 1407 5671 παισὶ,
1454 5608 1550 5661 καὶ
1597 5609 1666 5661 τὰ
1718 5609 1811 5662 ἴσα

254 5698 457 5753 τούτων
524 5701 737 5771 ἑκάστῳ
790 5701 1016 5771 λήψεται
1062 5703 1125 5754 ἐκ
1163 5700 1343 5769 πάσης
1370 5702 1707 5768 περιουσίας,
1741 5696 1809 5772 ἧς

327 5795 369 5825 ⁸⁸
399 5796 588 5851 Matth.
624 5811 780 5864 xvm,
814 5794 906 5849 ‘20.

1918 3226 2029 3283 tur,
2055 3230 2301 3291 cogetur,
2325 3221 2418 3290 qui
2443 3221 2556 3275 vult
2578 3222 2871 3289 aediﬁcare,
2904 3224 3096 3280 alicrrc
3116 3227 3279 3298 320
3305 3230 3349 3284 si
3375 3248 3482 3287 non

1916 3310 2095 3379 plura,
2159 3327 2223 3366 ea
2268 3313 2488 3382 quidem
2528 3324 2676 3368 certe
2708 3330 2826 3384 qua:
2882 3316 3156 3372 subiciunt
3200 3321 3265 3373 ad
3299 3324 3484 3394 templi

1918 3401 2327 3470 perfectionem,
2394 3421 2657 3476 suamque
2720 3417 2774 3461 et
2854 3409 3014 3463 trium
3087 3416 3479 3470 monachorum

1919 3494 2310 3552 habitationem
2339 3506 2395 3552 et
2420 3499 2814 3567 provisionem.
2870 3502 3007 3555 Dicit
3031 3506 3172 3559 enim
3206 3508 3267 3560 H
3311 3509 3479 3579 impe-

1918 3586 2118 3640 ratoris
2180 3587 2385 3642 domini
2450 3588 2651 3645 Leonis
2717 3590 3035 3664 Phil050phi
3089 3595 3307 3653 Novella
3361 3610 3485 3670 pos:

1916 3680 2241 3747 protemium
2292 3681 2439 3737 haec:
2486 3681 2729 3738 Dicimus
2785 3686 2966 3757 itaque
3018 3690 3163 3758 quod
3225 3695 3480 3761 quoniam

1916 3771 2104 3825 divino
2150 3787 2247 3826 ore
2276 3774 2486 3828 dictum
2518 3786 2621 3841 est,
2666 3775 2767 3830 Ubi
2804 3789 2924 3832 sunt
2964 3780 3070 3834 duo
3102 3787 3182 3835 vel
3222 3796 3328 3837 tres
3359 3802 3483 3839 con-

1915 3866 2118 3933 gregati
2150 3864 2203 3917 in
2224 3868 2433 3921 nomine
2480 3884 2614 3933 meo,
2646 3869 2758 3922 illic
2784 3887 2901 3924 sum
2930 3872 2984 3924 in
3012 3873 3181 3927 medio
3213 3892 3392 3931 eorum
3416 3880 3482 3943 ⁸⁸,

1916 3969 2132 4028 Oportet
2168 3960 2343 4017 tribus
2389 3963 2455 4017 ad
2507 3964 2792 4019 minimum
2840 3966 3086 4023 subicere
3126 3985 3285 4041 Opus,
3337 3976 3480 4043 quod

1917 4052 2239 4107 monasterii
2270 4053 2422 4108 subit
2454 4048 2874 4124 appellationem
2904 4097 2921 4123 ,
2972 4067 3028 4114 et
3070 4061 3305 4117 aliorum
3334 4065 3482 4119 scili-

1916 4152 2003 4199 cet
2032 4144 2394 4215 pretiosorum
2424 4146 2940 4216 instrumentorum,
2972 4168 3096 4221 quae
3124 4154 3190 4207 ad
3231 4170 3478 4211 ceremo-

1916 4238 2037 4292 nias
2067 4235 2271 4307 Deique
2301 4239 2509 4292 cultum
2548 4247 2603 4293 et
2632 4242 2875 4295 nominis
2893 4242 3315 4299 celebrationem
3358 4262 3481 4316 per-

1916 4329 2111 4391 tinent,
2146 4344 2254 4383 non
2280 4327 2472 4384 deesse
2508 4330 2843 4386 facultatem.
2878 4333 3013 4387 Eum
3056 4350 3204 4402 ergo,
3235 4337 3327 4404 qui
3361 4352 3479 4391 mo-

1918 4422 2216 4475 nasterium
2263 4436 2589 4477 consecrare
2638 4423 2767 4476 velit
2807 4424 3024 4493 aggredi
3055 4426 3192 4479 citra
3229 4428 3478 4496 prohibi-

1842 4511 1890 4570 D
1918 4513 2144 4576 tionem,
2176 4527 2243 4566 eo
2283 4527 2456 4583 usque
2498 4514 2571 4566 ad
2616 4515 2898 4568 minimum
2931 4518 3205 4586 oportebit
3252 4519 3317 4572 ad
3357 4521 3479 4583 ejus

1918 4606 2389 4660 consecrationem
2438 4607 2774 4675 impendere.
2815 4607 3081 4674 Quoniam
3130 4619 3309 4665 autem
3362 4613 3479 4681 plu-

1917 4694 2065 4759 rimi,
2098 4696 2190 4765 qui
2222 4711 2281 4749 se
2309 4696 2403 4750 tali
2448 4697 2525 4752 rei
2582 4698 2964 4767 aggrediundze
3001 4699 3280 4762 dedidere.
3337 4717 3472 4756 non-

1917 4802 2197 4857 nunquam
2241 4796 2428 4858 postea
2461 4788 2692 4842 consilio
2732 4788 3089 4855 frustrantur,
3124 4802 3300 4846 morte
3339 4807 3477 4862 pra:-

1915 4876 2188 4940 veniente,
2240 4885 2295 4929 et
2325 4890 2511 4930 eorum
2550 4876 2690 4931 inter
2724 4877 2969 4931 homines
3004 4880 3475 4935 conversationem

1916 4966 2160 5030 tollente,
2208 4966 2339 5021 illud
2378 4984 2405 5019 a
2449 4967 2606 5022 nobis
2636 4968 2980 5033 decernitur;
3019 4968 3162 5038 quod
3207 4970 3253 5023 si
3305 4979 3473 5026 testa.

1918 5038 2165 5114 mentum
2214 5060 2587 5128 praecesserit,
2645 5076 2766 5129 quae
2812 5060 2866 5112 in
2913 5076 2979 5115 eo
3024 5062 3286 5132 disposita
3326 5073 3476 5123 sunt,

1916 5160 2080 5205 erunt
2151 5151 2463 5205 Ecclesiae:
2534 5151 2619 5204 sin
2684 5160 2869 5204 autem
2937 5152 3243 5220 cujusmodi
3308 5154 3476 5206 multa

1916 5256 2100 5294 rerum
2154 5240 2311 5296 aEert
2350 5241 2697 5302 incertitudo,
2749 5251 2875 5295 ante
2943 5243 3144 5297 factum
3188 5244 3255 5299 de
3313 5247 3480 5299 rebus

1918 5333 2033 5388 suis
2066 5342 2449 5387 testamentum
2490 5348 2519 5387 c
2558 5334 2736 5387 medio
2780 5334 3033 5389 sublatus
3068 5336 3251 5397 fuerit,
3283 5337 3327 5389 si
3366 5338 3476 5388 sint

1921 5423 2140 5493 quidem
2198 5433 2308 5477 tres
2367 5423 2570 5486 liberi,
2622 5432 2872 5492 quartam
2946 5425 3213 5478 bonorum
3268 5434 3475 5493 partem

1917 5515 2020 5569 sibi
2074 5512 2367 5569 vindicabit
2439 5516 2883 5569 monasterium:
2942 5515 3028 5571 sin
3095 5526 3275 5569 autem
3336 5514 3476 5567 ultra

1919 5606 2138 5660 tertium
2203 5619 2489 5657 numerum
2551 5604 2721 5672 prolis
2771 5604 3099 5671 processerit
3166 5601 3472 5659 multitudo,

1920 5698 2305 5755 monasterium
2366 5713 2471 5753 una
2524 5714 2647 5755 cum
2707 5699 2893 5754 liberis
2950 5696 3361 5757 numerabitur.
3422 5706 3477 5751 et
