3972 6488
520 280 628 339 975

524 398 901 467 unusquisque
948 413 1136 451 eorum
1168 402 1430 469 mqualem
1460 411 1665 467 partem
1705 405 1938 475 accipiet
1969 413 2088 459 uni-

523 505 801 543 versarum
825 487 1165 552 facultatum,
1186 508 1320 560 quas
1339 494 1580 548 defuncti
1603 495 1780 548 debita
1801 513 1907 551 non
1926 499 2089 551 attino

522 593 676 648 guttt.
714 582 769 634 Si
794 590 974 635 autem
1008 584 1208 636 liberos
1251 601 1357 638 non
1384 586 1579 640 habeat
1607 588 1699 656 qui
1744 589 1851 643 vita
1893 604 2083 644 exces-

478 676 624 775 jsit,
664 675 755 728 sed
798 675 1017 728 relictis
1042 676 1360 744 parentibus
1400 678 1717 741 decesserit,
1747 680 1814 735 iis
1841 697 1961 750 qua:
1985 682 2084 735 ha-

518 768 607 822 bet
640 768 887 821 bifariam
913 768 1126 833 divisis,
1150 768 1317 822 altera
1342 770 1558 838 quidem
1597 786 1721 837 pars
1742 774 2082 840 parentibus,

516 861 684 914 altera
729 874 856 913 vero
920 861 1253 914 monasterio
1286 862 1549 915 tradetur.
1584 863 1639 916 Si
1698 872 1876 917 autem
1911 867 2077 921 haere-

513 952 676 1006 dibus
711 950 1131 1005 ascendentibus
1165 954 1461 1007 destitutus
1494 953 1677 1021 fuerit,
1728 970 1824 1009 eos
1874 966 2082 1020 autem,

511 1045 605 1116 qui
677 1060 773 1114 per
838 1044 1262 1098 trausversalem
1322 1045 1537 1099 lineam
1579 1063 1704 1102 eum
1755 1050 2079 1119 attingunt,

511 1139 691 1213 clerus
720 1136 1040 1191 admiserit:
1082 1136 1182 1205 ipsi
1212 1137 1454 1205 quidem,
1482 1138 1800 1208 quicunque
1854 1141 2078 1207 fuerint,

509 1232 725 1284 tertiam
785 1239 994 1299 partem
1045 1230 1433 1299 possidebunt,
1489 1230 1608 1285 dua:
1659 1240 1838 1287 autem
1895 1245 2080 1304 partes

509 1322 765 1377 Ecclesite
780 1322 1055 1376 accedent.
1080 1321 1271 1377 Ethzec
1301 1323 1519 1393 quidem
1555 1325 1620 1378 de
1646 1325 1713 1379 iis
1737 1328 1829 1396 qui
1889 1344 2078 1382 mona-

506 1417 673 1471 steria
710 1416 1001 1469 aedificant.
1049 1414 1405 1486 Interrogatio
1443 1432 1461 1479 ;
1505 1416 1561 1470 Si
1610 1418 1733 1487 quis
1762 1429 1941 1473 autem
1974 1421 2076 1475 do-

506 1528 654 1565 mum
706 1509 1003 1563 oraturiam
1037 1549 1053 1574 ,
1122 1525 1230 1562 non
1308 1510 1703 1565 monasterium
1736 1553 1751 1573 ,
1807 1512 2077 1568 aedificare

504 1603 755 1666 voluerit,
790 1610 1067 1655 tantamne
1101 1612 1159 1654 ut
1195 1600 1385 1654 afferat
1431 1603 1761 1669 impensam,
1791 1604 1943 1673 διῄει)
1980 1621 2076 1673 po-

498 1693 834 1748 stulabitur?
874 1691 1078 1747 Salutio
1109 1705 1129 1743 :
1175 1692 1549 1762 Nequaquam.
1608 1693 1731 1749 llaec
1807 1698 1950 1750 enim
2010 1698 2074 1751 de

504 1787 636 1839 solis
681 1784 1036 1838 monasteriis
1081 1782 1188 1835 lata
1220 1793 1368 1838 sunt.
1398 1782 1511 1851 Qui
1553 1795 1637 1839 est
1671 1802 1801 1853 ergo
1832 1788 2069 1841 aedifica-

500 1887 659 1931 turus
712 1877 909 1931 oﬂerre
973 1886 1196 1947 cogetur
1243 1879 1390 1946 quod
1420 1877 1552 1932 Satis
1589 1888 1692 1941 est,
1720 1895 1784 1932 ex
1828 1880 2069 1948 episcopi

499 1970 933 2023 examinatione.
972 1968 1066 2024 His
1112 1984 1243 2038 ergo
1269 1971 1343 2023 ita
1383 1986 1443 2025 se
1484 1970 1840 2033 habentibus,
1883 1972 1935 2026 iu
1979 1988 2071 2025 ur—

498 2061 649 2116 bium
688 2061 905 2131 quidem
946 2061 1131 2130 regina
1176 2060 1243 2115 ab
1273 2075 1359 2125 eo,
1394 2062 1486 2130 qui
1532 2063 1690 2135 statis
1731 2064 2068 2132 temporibus

496 2164 579 2209 est
623 2154 1040 2223 charwphylax,
1086 2153 1268 2208 crucis
1306 2153 1433 2208 fixio
1461 2162 1615 2208 extra
1648 2157 1838 2210 urbem
1874 2158 2064 2224 alicui,

498 2247 757 2316 templum
815 2247 1055 2300 excitare
1085 2233 1311 2299 'volenti
1360 2260 1467 2299 non
1519 2247 1704 2309 datur,
1754 2247 1860 2301 nisi
1906 2249 2065 2316 juxta

495 2340 733 2409 primum
776 2352 1043 2391 eanonem
1112 2337 1298 2406 prima:
1346 2345 1400 2391 et
1453 2340 1707 2393 secunda:
1759 2340 1950 2411 synodi
2009 2342 2064 2396 in

492 2433 720 2501 scriptis
774 2430 1108 2500 deposuerit,
1181 2446 1244 2486 se
1300 2420 1490 2485 Omnia
1532 2433 1784 2488 attulisse
1831 2450 1953 2503 quae
1999 2436 2063 2491 ad

478 2526 610 2594 'ejus
658 2523 1047 2594 perfectionem
1102 2525 1399 2592 pertinent.
1451 2533 1511 2578 ut
1560 2528 1815 2595 superius
1851 2528 2061 2584 dictum

497 2625 619 2680 cst,
657 2625 709 2671 et
730 2632 791 2669 ea
819 2615 1126 2671 minutatim
1168 2618 1572 2671 confirmaverit
1598 2619 1652 2671 in
1687 2621 2063 2675 ecclesiastico

497 2707 787 2762 codice.ln
818 2708 1060 2762 externis
1087 2717 1266 2762 autem
1304 2709 1715 2778 regionibus.ut
1770 2712 1896 2764 mihi
1939 2714 2062 2781 qni-

490 2786 614 2855 dem
633 2801 865 2863 videtur,
885 2799 1021 2853 nihil
1065 2798 1335 2869 ejusmodi
1376 2800 1676 2856 subtilitate
1693 2803 2058 2873 ,disquiritur;

492 2895 586 2948 sed
615 2893 745 2947 licet
782 2892 930 2947 omni
963 2892 1163 2946 volenti
1188 2892 1394 2961 absque
1418 2894 1520 2944 nlla
1547 2893 1792 2953 molestia
1821 2900 2058 2950 oratoria

490 2985 784 3042 :i-diiicare.
841 2982 982 3051 Quin
1017 2994 1069 3039 et
1107 2985 1194 3038 hic
1218 2988 1380 3038 etiam
1440 2985 1593 3038 multi
1636 2987 1846 3056 absque
1882 2990 2059 3043 scien-

492 3081 565 3132 tia
602 3080 843 3148 episcopi
873 3078 1039 3132 multa
1059 3078 1263 3133 audent
1287 3079 1577 3149 ejusmodi.
1603 3080 1743 3145 Quia
1767 3091 1948 3136 autem
1969 3099 2059 3137 so.

488 3169 593 3221 lius
616 3171 799 3239 templi
826 3177 1079 3237 sumptus
1103 3170 1345 3224 meminit
1371 3171 1582 3234 canon',
1603 3182 1852 3241 Sumptus
1876 3186 2054 3229 autem

487 3263 732 3325 nomine,
765 3261 946 3315 omnia
979 3276 1102 3330 qtne
1143 3270 1274 3315 sunt
1320 3264 1655 3317 monasterio
1682 3266 1831 3319 utilia
1872 3276 1926 3319 et
1965 3268 2053 3329 iis,

485 3356 575 3422 qui
631 3354 686 3407 in
730 3354 847 3421 ipso
881 3362 1230 3417 excreentur,
1281 3355 1857 3423 comprehenduntur;
1885 3358 2054 3413 debes

490 3456 550 3500 tu
588 3458 865 3516 sumptum
904 3462 1120 3515 quoque
1159 3447 1239 3500 sic
1275 3447 1541 3516 accipere.

558 3538 814 3593 ΖΟΝΑΒ.
842 3540 893 3592 Α
942 3538 1225 3593 monachis
1264 3540 1594 3594 monasteria
1630 3541 1953 3595 exmdilicari
1989 3559 2055 3599 ne

486 3634 667 3696 iiceat,
712 3634 801 3687 hic
834 3647 1008 3686 canon
1033 3634 1314 3688 decernit:
1347 3633 1416 3688 ab
1450 3635 1752 3703 imperandi
1781 3637 2050 3705 siquidem

487 3726 672 3781 studio
706 3726 1045 3796 parendique
1090 3727 1433 3795 impatientia
1465 3729 1716 3785 homines
1733 3732 1797 3784 in
1828 3732 1878 3785 id
1920 3747 2054 3785 con-

486 3819 670 3873 silium
709 3818 910 3886 impelli
960 3818 1114 3872 dicit.
1139 3818 1276 3874 Cum
1309 3821 1452 3874 enim
1500 3821 1643 3886 illos,
1676 3822 1874 3891 inquit,
1917 3825 2050 3879 obe-

486 3910 706 3964 dientize
755 3907 971 3963 tit-dium
1022 3911 1212 3980 cepit,
1266 3911 1683 3967 aedificationem
1730 3917 2048 3971 moliuntur.

486 4003 610 4058 Mox
658 4017 783 4057 cum
839 4002 907 4055 ad
957 4002 1350 4070 perﬁciendum
1384 4002 1677 4061 facultates
1702 4024 1807 4061 non
1849 4023 2051 4079 suppe-

478 4104 643 4159 tant,
702 4108 866 4163 opera
930 4093 1183 4148 iuchoata
1246 4095 1588 4165 relinquunt.
1661 4097 1717 4153 Id
1772 4114 1842 4155 ne
1912 4100 2048 4165 fiat,

483 4187 720 4257 episcopi
774 4186 956 4241 studio
999 4187 1183 4241 curari
1244 4188 1418 4257 jubet.
1449 4191 1603 4255 Quod
1639 4191 1797 4245 sicui
1837 4201 2047 4247 tantum

483 4286 732 4348 suppetat
786 4277 840 4331 in
885 4289 1186 4348 sumptum,
1221 4290 1484 4349 quantum
1513 4287 1663 4351 operi
1715 4284 2051 4339 absolvenda

480 4373 618 4426 satis
645 4386 768 4425 esse
804 4372 1003 4439 possit,
1037 4371 1107 4424 ab
1146 4386 1211 4423 eo
1241 4372 1453 4440 cogiata
1486 4375 1671 4442 perlici
1705 4375 1840 4428 nihil
1879 4384 2045 4430 vetat.

486 4454 958 4529 Eamdem'porro
1010 4463 1458 4515 consdtutionem
1504 4464 1569 4515 ad
1621 4464 1848 4519 clericos
1890 4474 1948 4519 et
1984 4467 2050 4519 ad

484 4554 652 4607 laicos
693 4554 897 4621 pariter
924 4553 1143 4606 extendi
1188 4554 1392 4622 placet.

486 4643 717 4699 Altlb'l‘.
758 4660 777 4694 ι
808 4644 910 4708 Qui
962 4646 1349 4699 monasterium
1383 4655 1670 4703 exstruere
1698 4649 1850 4714 vult,
1882 4650 1924 4703 si
1960 4655 2055 4704 lia-

562 4755 579 4788 ι
624 4738 743 4790 beat
764 4736 981 4805 quidem
1021 4737 1224 4806 quibus
1268 4740 1548 4807 perficiat,
1596 4755 1735 4810 Opus
1770 4744 2055 4813 aggredia-

560 4847 577 4880 ι
618 4838 726 4891 tur,
768 4837 820 4880 et
847 4827 913 4880 ad
952 4828 1112 4882 tinem
1148 4830 1291 4885 istud
1323 4832 1608 4900 perducat.
1646 4831 1742 4887 Sin
1772 4835 1974 4896 minus.
2020 4851 2050 4888 a

562 4938 578 4968 ι
631 4924 729 4975 loci
766 4930 1024 4985 episcopo
1064 4918 1436 4986 prohibeatur.
1474 4918 1619 4975 ldem
1652 4921 1793 4976 etde
1818 4923 1971 4981 laicis
1998 4932 2051 4979 et

615 5009 898 5065 monachis
922 5010 1079 5063 valet.
1113 5027 1131 5058 ι

943 5182 1099 5252 321
1145 5182 1395 5249 CANON,
1425 5183 1615 5241 xvut.

559 5275 685 5328 Sine
720 5273 1023 5331 offensione
1066 5286 1182 5343 este
1224 5279 1388 5333 etiam
1423 5278 1490 5335 iis
1523 5281 1615 5349 qui
1642 5292 1796 5336 extra
1827 5297 1956 5341 sunt
1978 5290 2046 5355 ε’,

558 5386 575 5417 ι
621 5366 799 5434 inquit
824 5366 1043 5423 divinus
1072 5370 1371 5439 Apostolus
1402 5388 1417 5425 :
1461 5374 1725 5429 mulieres
1758 5386 1942 5434 autem
1990 5386 2041 5441 in

557 5556 601 5587 “
636 5552 653 5604 l
684 5550 810 5606 Cur.
844 5567 898 5614 Χ,
932 5552 1021 5608 52.

557 5723 1169 5791 (39).Σταυροπήγσιον.
1206 5726 1337 5785 Vide
1371 5730 1654 5792 Stticerum
1688 5741 1788 5795 sub
1816 5758 1965 5801 voce.

1828 282 2101 350 ΊἩΕΟΙ).
2142 290 2230 349 ΒΛ
2241 293 2539 357 LSAMON

3632 322 3711 383 {'76

2121 417 2287 499 Αοῦχ
2342 433 2578 488 ἅπτεται
2645 439 2781 506 χρέα
2832 440 2925 493 τοῦ
2982 443 3327 514 τεθνηκότος.
3378 451 3621 517 "Attatae;
3667 460 3711 511 δὲ

2193 524 2532 594 ὑπάρχοντος
2563 528 2658 581 τοῦ
2693 531 2782 582 τὸν
2816 533 2930 600 βίον
2962 535 3354 602 ἀπολιπόντος,
3396 543 3485 595 ἐπὶ
3534 526 3712 611 γονεῦσι

2189 616 2246 668 δὲ
2311 618 2583 688 λιπόντος,
2632 624 2754 694 διχῆ
2791 627 2898 680 τῶν
2934 632 3247 699 προσόντων
3276 633 3712 713 διαιρουμένων,ή

2192 709 2291 775 μὲν
2320 713 2561 777 γονεῦσι,
2594 717 2625 784 ἡ
2657 717 2702 770 δ’
2724 719 2888 787 ἑτέρα
2908 725 3075 791 μοῖρα
3090 724 3168 793 τῷ
3195 731 3541 800 μοναστηρίῳ
3567 709 3713 804 nepa;

2189 803 2536 872 σχεθήσεται.
2569 810 2631 861 Εἰ
2655 809 2700 860 δ’
2727 810 2935 881 ἕρημος
2957 815 3041 883 εἴη
3077 817 3435 888 κληρονόμων
3468 803 3715 893 ἀνιόντων,

2184 896 2310 957 τοὺς
2428 898 2659 967 πλαγίου
2682 902 2737 955 δὲ
2763 907 3030 970 εἰσιόντας
3047 910 3074 959 ὁ
3092 910 3295 981 κλῆρος
3316 915 3620 983 προπίεται·
3641 924 3717 972 αὖ·

2182 990 2265 1039 τοὶ
2291 989 2410 1056 μὲν,
2430 991 2542 1043 ὅσοι
2573 994 2636 1044 ἂν
2662 996 2753 1047 καὶ
2772 991 2873 1049 ὦσι
2901 1040 2913 1056 ,
2935 999 2996 1050 τὸ
3016 1002 3194 1070 τρίτον
3214 1005 3378 1071 μέρος
3398 1006 3720 1077 διανεμήσω.

2182 1096 2292 1143 ται,
2326 1084 2385 1132 τε»
2416 1083 2665 1154 δίμοιρον
2699 1088 2754 1140 δὲ
2788 1095 3138 1162 προχωρήσει
3168 1099 3230 1165 τῇ
3274 1098 3589 1171 Ἐκκλησία.
3628 1105 3719 1158 Καὶ

2180 1174 2354 1228 ταῦτα
2390 1177 2486 1244 μὲν
2518 1181 2596 1242 εἰς
2617 1182 2739 1243 τοὺς
2769 1184 3051 1249 κτίζοντας
3104 1194 3461 1262 μοναστήρια.
3502 1195 3719 1262 Ἐρώτη-

2180 1281 2299 1331 σις.
2342 1268 2404 1322 Εἰ
2448 1270 2502 1322 δέ
2548 1290 2631 1335 τις
2674 1274 2960 1345 εῦκτήριον
2997 1275 3167 1344 οἷκον,
3203 1284 3323 1353 οὐχὶ
3364 1291 3718 1356 μοναστήριον,

2180 1359 2399 1429 θελήσει
2447 1364 2654 1429 κτίσαι,
2729 1368 2999 1436 τοσαύτην
3059 1371 3309 1443 δαπάνην
3370 1383 3719 1446 προσαγαγεῖν

2177 1453 2642 1523 ἀπαιῖηθήσεται;
2678 1459 2891 1524 Λύσις.
2946 1460 3232 1532 Οὐδαμῶς.
3270 1468 3401 1536 Περὶ
3439 1472 3550 1537 γὰρ
3578 1487 3720 1539 μονα.

2180 1548 2417 1615 στηρὲων
2493 1549 2667 1601 ταῦτα
2728 1552 3167 1624 νενομοθέτηται.
3237 1559 3720 1631 ’Λναγκασθήσεται

2175 1638 2270 1691 οὖν
2302 1642 2329 1691 ὁ
2359 1640 2543 1694 κτίσαι
2575 1641 2789 1711 μέλλων
2822 1652 3215 1716 προσαγαγεῖν,
3250 1656 3394 1707 κατὰ
3417 1654 3721 1725 δοκιμασίαν

2107 1743 2146 1797 Β
2176 1729 2270 1780 τοῦ
2304 1732 2629 1795 ἐπισκόπου,
2666 1734 2726 1785 τὸ
2748 1736 2975 1805 ἀρκοῦν.
3013 1742 3231 1795 Τούτων
3279 1744 3455 1807 οὕτως
3484 1747 3717 1815 ἐχόντων,

2087 3075 2130 3133 C

2082 4427 2127 4482 ι)

2175 1823 2231 1873 ὲν
2254 1822 2351 1889 μὲν
2369 1826 2433 1892 τῇ
2460 1822 2821 1899 βασιλευούσῃ
2838 1830 2945 1881 τῶν
2970 1833 3179 1887 πόλεων
3210 1836 3385 1901 ἄλλως
3431 1843 3721 1912 σταυροπή-

2172 1930 2289 1982 γιον
2323 1916 2435 1983 (59)
2468 1920 2621 1987 παρά
2653 1919 2746 1971 τοῦ
2780 1922 2919 1975 κατὰ
2951 1926 3179 1993 καιροὺς
3216 1930 3630 1997 χαρτοφύλακος
3666 1935 3717 1987 οὺ

2169 2006 2369 2059 δέδοταί
2401 2026 2509 2061 τινι
2544 2009 2650 2074 ἔξω
2680 2012 2778 2080 τῆς
2811 2015 3019 2077 πόλεως
3062 2018 3268 2087 ταύτης
3306 2022 3594 2093 ἀνεγεῖραι
3643 2025 3719 2078 θέο

2170 2097 2317 2149 λοντι
2348 2098 2492 2162 ναὸν,
2528 2102 2676 2172 εἰμὴ
2725 2106 2865 2156 κατὰ
2904 2105 2994 2158 τὸν
3022 2108 3073 2160 α’
3123 2112 3322 2162 κανόνα
3360 2112 3459 2181 τῆς
3522 2117 3720 2186 πρώτης

2171 2188 2264 2239 καί
2292 2187 2549 2259 δευτέρας
2578 2193 2798 2246 συνόδου
2832 2197 3136 2268 κατάθηται
3165 2201 3546 2275 δι’ίὲγγραφῆς
3568 2225 3720 2277 προσ-

2167 2284 2413 2349 ενεγκεῖν
2445 2306 2458 2325 ι
2485 2286 2664 2338 πάντα
2714 2290 2784 2342 τὰ
2839 2291 2977 2360 πρὸς
3020 2288 3367 2366 ἀπαρτισμὸν
3404 2299 3617 2366 τούτου,
3655 2302 3719 2363 ὡς

2168 2376 2411 2445 εἴρηται,
2462 2382 2556 2434 καὶ
2606 2381 2877 2458 βεϐαιώσῃ
2934 2388 3075 2442 αὐτὰ
3124 2392 3266 2444 κατὰ
3312 2392 3517 2447 λεπτὸν
3562 2398 3616 2448 ὲν
3652 2398 3718 2465 τῷ

2166 2469 2610 2544 ἐκκλησιαστικῷ
2656 2477 2846 2531 κώδικι
2887 2497 2901 2512 ·
2934 2483 2992 2533 ὲν
3045 2482 3103 2534 δὲ
3165 2487 3286 2547 ταῖς
3347 2485 3449 2549 ἔξω
3509 2489 3713 2559 χώραις,

2164 2561 2239 2623 ὡς
2269 2564 2395 2630 ἐμοὶ
2434 2566 2604 2631 δοκεῖ,
2649 2569 2807 2621 οὐδέν
2846 2589 2899 2624 τι
2950 2573 3193 2627 τοιοῦτον
3230 2576 3666 2649 ἅκριδολογεῖται
3700 2599 3713 2612 ο

2165 2652 2302 2705 ἁλλά
2329 2656 2493 2707 παντὶ
2513 2657 2590 2726 τῷ
2613 2657 2926 2731 βουλομένῳ
2962 2666 3173 2731 ἐφεῖται
3222 2669 3714 2743 ἀπολυπραγμονή-

2163 2763 2270 2809 τως
2301 2747 2508 2809 κτίζειν
2539 2751 2832 2821 εὐκτήρια.
2899 2756 3009 2807 Καὶ
3062 2759 3296 2811 ἐνταῦθα
3324 2760 3380 2812 δὲ
3408 2764 3455 2814 of
3521 2764 3714 2828 πλείους

2162 2845 2333 2909 χωρὶς
2349 2842 2609 2911 είδήσεως
2631 2846 2997 2919 ὲπισκοπικῆς
3018 2851 3186 2904 πολλά
3209 2854 3452 2923 τολμῶσι
3484 2859 3711 2913 τοιαῦτα.

2176 2932 2333 2985 Ἐπεὶ
2364 2934 2420 2987 δὲ
2446 2936 2616 3007 μόνης
2645 2938 2892 3009 δαπάνης
2918 2942 3012 2994 τοῦ
3032 2945 3171 2997 ναοῦ
3197 2947 3444 3018 ἐμνήσθη
3472 2952 3505 3002 ὀ
3533 2952 3711 3013 κανὼν,

2162 3026 2240 3097 τῷ
2269 3028 2491 3095 ὀνόματι
2514 3030 2572 3081 δὲ
2610 3031 2709 3101 τῆς
2748 3032 2991 3102 δαπάνης
3037 3038 3219 3091 πάντα
3259 3041 3325 3092 τὰ
3372 3043 3607 3115 χρειώδη
3648 3047 3712 3115 τῷ

2168 3124 2520 3192 μοναστηρίῳ
2554 3126 2652 3177 καὶ
2686 3128 2799 3188 τοῖς
2830 3128 3191 3197 ἁσκουμένοις
3222 3134 3281 3184 ὲν
3323 3136 3478 3202 αὐτῷ
3519 3154 3712 3208 συμπε-

2165 3211 2609 3279 ριλαμϐάνονται,
2647 3214 2883 3283 ὀφείλεις
2917 3220 3010 3272 καὶ
3062 3221 3125 3274 σὺ
3171 3220 3343 3289 οὕτως
3392 3228 3711 3283 ἐκλαὸέσθαι

2160 3300 2259 3370 τὴν
2290 3304 2560 3373 δαπάνην.

2236 3547 2479 3603 ΖΩΝΑΡ.
2513 3550 2731 3604 Κωλύει
2759 3555 2787 3605 ὁ
2821 3552 3003 3607 κανὼν
3035 3557 3095 3608 τὸ
3131 3558 3279 3629 παρὰ
3311 3564 3569 3633 μοναχῶν
3597 3565 3702 3617 κτίο

2161 3637 2351 3703 ζεσθαι
2406 3645 2769 3714 μοναστήρια,
2821 3647 3113 3718 φιλαρχίας
3152 3651 3323 3719 λέγων
3369 3649 3512 3709 εἶναι
3569 3658 3711 3710 τοῦτο

2160 3735 2256 3813 καὶ
2281 3735 2673 3803 ἁνυποταξίας.
2724 3743 3177 3812 Ἀπαναινόμενοι
3212 3748 3344 3815 γὰρ,
3374 3751 3536 3818 φησὶ,
3566 3768 3711 3805 τουτ⁸

2160 3822 2308 3877 ἐστιν
2366 3826 2691 3895 ἀρνούμενοι
2734 3830 2832 3899 τὴν
2882 3833 3168 3903 ὑπακοὴν,
3211 3840 3557 3910 ἐπιχειροῦσι
3612 3845 3711 3896 κτὶι

2159 3918 2292 3981 ζειν.
2320 3920 2428 3973 Καὶ
2452 3921 2527 3993 μὴ
2556 3923 2911 3992 εὐποροῦντες
2942 3929 3240 3998 ἀπαρτίσαι
3266 3934 3403 3986 αὐτὰ
3454 3938 3711 4005 καταλιμ-

2160 4012 2420 4067 πάνουσιν
2452 4013 2641 4084 ἀτελῆ.
2672 4011 2849 4068 Ἰὀῦτο
2898 4018 3200 4073 κωλύεσθαι
3256 4026 3409 4092 παρὰ
3434 4028 3541 4078 τῶν
3598 4032 3708 4081 ἐπι-

2161 4103 2382 4157 σκόπων
2414 4105 2612 4175 ὁρίζει.
2653 4107 2712 4158 Ei
2757 4106 2813 4161 δὲ
2866 4108 2978 4178 ἔχει
3039 4112 3319 4181 ἀρκοῦσαν
3369 4117 3614 4187 δαπώνψ
3639 4123 3709 4183 είς

2157 4195 2217 4246 τὸ
2249 4200 2478 4264 ποιῆσαι
2505 4198 2712 4251 τέλειον
2766 4200 2948 4269 ἔργον,
3001 4203 3028 4254 ὃ
3073 4206 3430 4261 ἐϐουλεύσατο
3469 4213 3705 4278 γινέσθω.

2158 4286 2232 4355 Τὸ
2263 4289 2395 4340 αὐτὸ
2434 4289 2491 4341 δὲ
2548 4290 2847 4361 διορίζεται
2897 4298 3122 4364 κρατεῖν
3161 4299 3252 4351 καὶ
3308 4300 3404 4352 ἐπὶ
3440 4304 3707 4373 κληρικῶν

2158 4382 2255 4433 καὶ
2285 4380 2513 4435 λαῖκῶν.

2156 4649 2378 4702 ΑΡΙΣΤ.
2448 4667 2465 4700 ι
2508 4648 2568 4702 Ὀ
2623 4648 2942 4719 βουλόμενος
3004 4657 3187 4708 κτίσαι
3249 4664 3626 4734 μοναστῆριον,
3664 4666 3706 4715 εἰ

2232 4759 2251 4791 ι
2301 4742 2401 4808 μὲν
2455 4740 2570 4809 ἔχοι
2624 4741 2694 4794 τὰ
2743 4743 2878 4811 πρὸς
2932 4744 3302 4817 ἀπαρτισμὸν,
3333 4752 3580 4823 ἀρχέσθω
3612 4756 3695 4807 τοῦ

2233 4853 2252 4884 ί
2296 4831 2480 4902 ἔργου.
2518 4834 2612 4884 καί
2645 4834 2724 4896 εἷς
2756 4834 2931 4905 πέρας
2956 4839 3175 4905 ἀγέσθω
3207 4844 3367 4894 τοῦτο
3399 4860 3413 4876 ο
3445 4849 3491 4897 εἰ
3518 4846 3577 4896 δὲ
3611 4849 3699 4914 μὴ,

2233 4944 2250 4975 ι
2297 4924 2590 4978 κωλυέσθω
2642 4926 2794 4994 παρὰ
2840 4928 2934 4979 τοῦ
2986 4932 3125 4985 κατὰ
3175 4932 3363 5003 χώραν
3416 4939 3703 4991 ἐπισκόπου

2233 5036 2250 5068 ι
2300 5015 2491 5070 τούτου
2523 5016 2856 5085 κρατοῦντος
2887 5022 2984 5073 καὶ
3006 5024 3099 5075 ἐπὶ
3147 5024 3354 5079 λαῖκῶν
3401 5032 3491 5082 καὶ
3541 5048 3702 5098 μονα-

2233 5130 2250 5160 ι
2298 5110 2428 5179 χῶν.
2476 5129 2494 5161 ι

2726 5207 2966 5259 ΚΑΝΩΝ
3019 5206 3121 5267 IH'.

2164 5313 2180 5344 ι
2239 5294 2606 5361 ’Δπρόσκοποι
2646 5296 2863 5363 γίνεσθε
2900 5300 2992 5351 καὶ
3035 5303 3147 5364 τοῖς
3200 5302 3422 5368 ἔξωθεν,
3470 5309 3630 5377 φησὶν
3673 5311 3698 5361 ὁ

2231 5406 2250 5438 ι
2299 5386 2440 5447 θεῖος
2486 5387 2810 5451 Ἀπόστολος
2872 5405 2886 5419 ⁸
2943 5392 3001 5444 τὸ
3044 5392 3100 5446 δὲ
3147 5399 3412 5464 γυναῖκας
3449 5398 3695 5453 ἐνδιαιτᾶ-
