3972 6488
306 466 406 525 9ῖ7

372 699 391 728 ι
444 680 874 749 προσκόμματος
937 683 1129 736 αἴτιον.
1186 684 1252 737 Εἴ
1300 702 1383 746 τις
1443 680 1537 737 οὖν
1582 683 1777 753 δούλην
1828 686 1861 755 ἢ

373 788 391 818 ι
443 769 735 840 ἐλευθέραν
759 772 815 824 ἐν
842 770 919 841 τῷ
946 772 1280 842 ἐπισκοπείῳ
1334 773 1615 843 κτώμενος
1677 790 1865 843 φωρα-

373 879 392 910 ‹
440 861 580 928 θείη,
636 860 670 932 ἢ
720 864 777 914 ἐν
819 865 1171 934 μοναστηρίῳ
1223 865 1372 936 πρὸς·
1409 867 1721 936 ἐγχείρησιν
1751 867 1864 919 δια-

371 971 391 1004 ι
440 953 628 1012 κονίας
656 955 823 1019 τινὸς,
853 958 1196 1026 ἐπιτιμᾶσθω
1220 975 1233 988 ⁸
1262 960 1535 1028 ἐπιμένων
1560 960 1637 1022 δὲ,
1663 962 1860 1013 καθαι-

370 1067 387 1093 ι
442 1047 662 1115 ρείσθω.
707 1050 768 1101 Εἰ
795 1048 851 1100 δὲ
883 1050 978 1102 καὶ
1007 1048 1156 1121 τύχοι
1190 1053 1246 1103 ἐν
1283 1053 1632 1122 προαστείοις
1673 1055 1860 1120 γυναῖ-

368 1158 383 1182 ο
435 1158 537 1204 κας
581 1137 743 1207 εἶναι,
778 1145 872 1197 καὶ
905 1143 1123 1213 θελήσοι
1156 1144 1456 1208 ἐπίσκοπος
1488 1145 1518 1214 ἦ
1554 1146 1861 1215 ἡγούμενος

368 1254 386 1284 ι
439 1236 665 1304 πορείαν
694 1237 752 1288 ἐν
783 1241 896 1295 τοῖς
946 1238 1123 1291 ἐκεῖσε
1176 1238 1534 1307 ποιήσασθαι,
1590 1242 1859 1311 παρόντος

367 1347 385 1376 ‹
434 1328 794 1399 ἐπισκόπουῆ
829 1330 1151 1398 ἡγουμένου,
1196 1331 1319 1400 μηδ’
1362 1330 1498 1393 ὅλως
1541 1333 1859 1401 ἐγχείρησιν

367 1440 380 1467 ι
430 1419 713 1480 διακονίας
744 1420 1018 1474 ποιεῖσθαι
1071 1422 1195 1475 κατ’
1240 1424 1447 1475 ἐκεῖνον
1521 1424 1616 1475 τὸν
1665 1424 1859 1492 καιρὸν

363 1528 382 1557 σ
434 1510 595 1580 γυνὴ,
638 1510 757 1564 ἀλλ’
791 1511 1043 1575 ἰδιαζέτω
1078 1517 1135 1566 ἐν
1184 1515 1356 1585 ἑτέρῳ
1390 1515 1558 1583 τόπῳ,
1607 1515 1713 1577 ἓως
1792 1516 1858 1567 ἂν

363 1619 381 1648 ι
424 1601 524 1669 τὴν
549 1601 969 1673 ἐπαναχὼρησιν
1000 1605 1298 1675 ποιήσηται
1334 1607 1361 1657 ό
1393 1605 1722 1670 ἐπίσκοπος,
1769 1606 1886 1659 διὰ.

364 1711 381 1741 ι
415 1694 475 1745 τὸ
504 1693 895 1766 ἀνεπίληπτον.
945 1715 964 1746 ι

359 1783 554 1839 ΒΑΛΣ.
592 1784 892 1855 Μαθόντες,
923 1790 999 1851 ὡς
1030 1789 1227 1855 ἔοικεν,
1283 1792 1335 1845 οἱ
1398 1791 1545 1859 ἅγιοι
1608 1792 1854 1863 Πατέρες

278 1875 368 1927 ὅτι
399 1877 483 1934 είς
512 1879 842 1931 ἐπισκοπεῖα
905 1881 1000 1934 καὶ
1052 1884 1133 1945 είς
1205 1886 1546 1954 μοναστήρια
1604 1885 1855 1952 διάγουσι

1250 474 1331 534 IN
1371 474 1539 535 CAN-
1575 472 1773 533 XVIII
1816 470 2033 532 CONC.
2072 474 2179 533 VII
2219 476 2569 540 (ECUMEN.

374 605 392 631 ε
445 583 569 654 σθαι
607 581 665 635 ἐν
696 586 1067 649 ἐπισκοπείοις
1123 588 1155 659 ἢ
1216 589 1607 660 μοναστηρίοις
1659 586 1942 650 παντὺςΛ

3429 488 3531 549 978

2048 605 2066 636 ‹
2113 589 2406 658 episcopiis
2444 591 2523 644 vel
2567 593 2913 646 monasteriis
2948 594 3179 659 versari,
3233 604 3316 650 cst
3357 597 3537 648 omnis

2045 697 2063 728 ι
2108 679 2427 736 oﬂ‘ensiouis
2480 696 2671 736 causa.
2720 683 2776 737 Si
2826 685 2951 753 quis
2996 700 3125 749 ergo
3156 685 3411 738 ancillam
3455 687 3535 738 vel

2044 791 2062 821 ι
2111 773 2335 826 liberam
2400 776 2454 827 in
2506 776 2786 845 episcopio
2828 778 3109 846 possidere
3159 779 3535 845 deprehensus

2043 884 2061 915 ι
2106 865 2290 930 fuerit,
2322 867 2406 919 vel
2441 867 2492 919 in
2534 869 2890 932 monasterio,
2934 871 3000 922 ad
3030 870 3395 923 ministerium
3429 869 3529 923 ali-

2040 975 2059 1007 i
2099 956 2241 1024 quod
2293 958 2636 1021 obeundum,
2668 961 3096 1028 reprehendatur
3141 979 3153 1014 :
3213 961 3296 1016 sin
3351 970 3534 1015 autem

2043 1069 2061 1099 ‹
2106 1060 2435 1120 perseveret,
2490 1053 2816 1121 deponatur.
2853 1054 2907 1107 Si
2941 1069 3068 1108 vero
3106 1055 3268 1108 etiam
3298 1056 3353 1107 in
3401 1055 3535 1109 ειιιιυ

2039 1159 2057 1191 ι
2106 1142 2278 1197 urbiis
2305 1144 2559 1197 mulieres
2583 1160 2705 1198 esse
2738 1144 3046 1214 contigerit,
3085 1156 3139 1199 ct
3164 1148 3390 1200 voluerit
3422 1147 3535 1213 epi-

2042 1253 2058 1282 «
2102 1250 2335 1304 scopus,
2382 1237 2465 1288 vel
2526 1238 2845 1291 monasterii
2900 1238 3190 1305 praefectus
3240 1239 3371 1293 illuc
3436 1241 3538 1292 iter

2040 1344 2057 1373 c
2102 1326 2280 1382 facere
2323 1329 2582 1396 praesenti
2633 1330 2893 1397 episcopo
2921 1332 3000 1382 vel
3042 1332 3357 1385 monasterii
3393 1346 3535 1399 pra:—

2042 1438 2058 1467 ι
2103 1420 2267 1478 lecto.
2304 1421 2504 1472 mulier
2531 1436 2596 1473 eo
2630 1431 2876 1489 tempore
2907 1422 3056 1475 nullo
3086 1423 3245 1475 modo
3284 1423 3536 1475 ministe-

2039 1500 2245 1561 «irium
2268 1510 2462 1573 obeat;
2517 1512 2608 1565 sed
2662 1514 2767 1565 alio
2801 1514 2852 1565 in
2887 1514 3010 1565 loco
3052 1529 3301 1566 seorsum
3351 1515 3533 1583 degat,

2042 1620 2059 1651 ι
2104 1601 2278 1655 donec
2307 1606 2606 1657 recesserit
2646 1607 2939 1674 epis-coitus
2974 1624 2989 1671 ;
3040 1616 3097 1659 ut
3142 1608 3318 1660 eninis
3352 1623 3535 1676 repre-

2033 1712 2051 1741 σ
2098 1694 2378 1750 hensionis
2408 1698 2626 1751 occasio
2650 1699 2873 1752 vitetur.
2909 1719 2927 1751 ι

2048 1782 2238 1839 BALS.
2286 1785 2422 1839 Cum
2470 1787 2889 1853 intellexissent,
2945 1799 3005 1844 ut
3054 1790 3296 1856 videtur,
3353 1792 3535 1846 saneti

1961 1874 2181 1939 Patres,
2212 1878 2361 1943 quod
2399 1880 2450 1932 in
2470 1880 2763 1950 episcopiis
2795 1890 2849 1934 et
2883 1883 3236 1937 monasteriis
3278 1884 3532 1937 mulieres

279 1970 567 2033 γυναῖκες,
606 1964 762 2022 εἷπον
794 1972 891 2035 ὡς,
924 1973 1048 2025 ἐπεὶ
1078 1943 1126 2027 ό-
1152 1943 1323 2044 μέγας
1359 1943 1657 2039 ἀπόστολος
1705 1943 1853 2032 ila?»

1968 1979 2268 2036 versantur,
2311 1972 2590 2032 dixerunt,
2640 1972 2783 2039 quod
2820 1975 3080 2041 quoniam
3122 1990 3352 2045 magnus
3394 1978 3530 2044 apo-

278 2059 376 2117 λος
412 2062 549 2130 πρὸς
580 2062 909 2130 Κορινθίους
954 2066 1285 2119 ἐπιστέλλων
1313 2067 1603 2137 διωρίσατο
1649 2072 1856 2138 ἀπροσ-

276 2154 490 2217 κόπους
542 2149 681 2209 εἶναι
720 2158 909 2227 ἡμᾶς,
955 2158 1028 2227 μὴ
1085 2160 1269 2229 μόνοις
1313 2165 1425 2221 τοῖς
1482 2162 1654 2225 ἐντὸς,
1720 2163 1853 2215 ἀλλὰ

277 2246 376 2296 καὶ
400 2247 512 2307 τοῖς
543 2247 763 2311 ἔξωθεν,
795 2250 963 2319 ἤγουν
989 2250 1062 2320 μὴ
1091 2252 1274 2319 μόνοις
1310 2256 1420 2317 τοῖς
1456 2258 1688 2318 πιστοῖς,
1715 2256 1851 2309 ἀλλὰ

275 2340 377 2391 καὶ
407 2342 518 2401 τοῖς
546 2342 795 2404 ἀπίστοις
828 2360 843 2375 ο
868 2343 928 2395 τὸ
964 2344 1019 2396 δὲ
1055 2345 1363 2414 συνδιάγειν
1396 2350 1534 2417 μετὰ
1559 2352 1842 2414 γυναικῶν

276 2431 621 2494 ἐπισκόπους
646 2433 679 2503 ἢ
706 2435 1046 2503 ἡγουμένους
1087 2438 1145 2489 ἐν
1174 2440 1525 2511 μοναστηρίῳ
1559 2441 1590 2512 ἢ
1631 2443 1690 2496 ἐν
1726 2445 1851 2496 em-

275 2522 526 2592 σκοπείῳ
586 2526 788 2589 παντός
846 2528 963 2581 ἐστι
1022 2530 1454 2599 προσκόμματος
1517 2533 1710 2599 αἴτιον,
1758 2537 1853 2588 καὶ

275 2608 521 2677 λοιδορία
560 2610 623 2665 οὗ
656 2615 892 2684 Γξυχοῦσα
926 2615 1027 2685 τῆς
1075 2617 1542 2690 ἐκκλησιαστικῆς
1568 2625 1849 2678 καταστά-

274 2716 418 2761 σεως
443 2719 459 2734 σ
511 2702 821 2770 ὀφείλουσιν
868 2708 1227 2776 ἐπιτιμᾶσθαι
1258 2713 1306 2763 οἱ
1343 2714 1584 2767 τοιοῦτόν
1605 2734 1654 2768 τι
1695 2717 1853 2785 ποιή-

275 2806 489 2854 σοντες.
526 2796 875 2863 ἐπιμένοντες
922 2800 976 2852 δέ
1024 2802 1422 2871 καθαιρεῖσθαι.
1471 2806 1559 2869 Ὠς
1615 2808 1669 2861 δέ
1701 2827 1848 2871 τινος

270 2883 525 2949 εἰπόντος
578 2887 893 2959 ἀδιάκριτον
940 2887 1169 2947 εἶναιτὸ
1226 2897 1550 2962 κολάζεσθαι
1605 2903 1850 2968 τούτους,

272 2975 636 3047 ὁπωσδήποτε
694 2982 832 3050 μετὰ
864 2986 1141 3050 γυναικῶν
1168 2989 1657 3059 συνδιαιτωμένους
1683 3000 1851 3065 (συμ-

277 3066 462 3123 ϐαίνει
492 3071 600 3140 γάρ
622 3090 745 3126 τινα
779 3072 839 3138 ἐξ
864 3076 1046 3129 αὐτῶν
1090 3080 1231 3132 κατὰ
1278 3082 1509 3149 πάροδον
1549 3086 1851 3140 καταλῦσαι

273 3161 362 3222 είς
405 3163 728 3229 προάστειόν
773 3183 824 3218 τι
871 3171 1136 3235 γυναῖκας
1166 3171 1310 3239 ἔχον,
1342 3174 1434 3226 καὶ
1473 3176 1533 3227 οὐ
1572 3176 1793 3232 δύναται
1824 3182 1851 3232 ὁ

1954 2064 2130 2117 stolus
2178 2062 2382 2119 Paulus
2426 2065 2491 2118 ad
2536 2064 2855 2119 Corinthios
2890 2064 3142 2119 scribens
3174 2067 3391 2129 statuit,
3426 2082 3530 2119 nos

1956 2156 2078 2208 sine
2122 2154 2425 2210 oﬂ‘ensione
2471 2171 2597 2211 esse
2630 2157 2870 2221 debere,
2932 2171 3040 2209 non
3087 2157 3266 2211 solum
3313 2158 3381 2211 iis
3436 2158 3527 2227 qui

1954 2250 2122 2308 intus.
2156 2248 2251 2304 sed
2287 2248 2355 2303 iis
2383 2250 2546 2304 etiam
2575 2249 2668 2318 qui
2692 2260 2846 2304 extra
2874 2259 3026 2316 sunt,
3058 2251 3269 2304 scilicet
3297 2268 3401 2303 non
3439 2266 3530 2304 so-

1956 2340 2065 2393 lum
2116 2339 2406 2407 ﬁdelibus,
2456 2342 2550 2395 sed
2592 2350 2647 2395 et
2690 2341 3042 2409 infidelibus;
3096 2344 3383 2412 episcopos
3425 2358 3529 2395 au-

1954 2440 2061 2484 tem
2120 2432 2204 2485 vel
2257 2432 2573 2486 monasterii
2617 2432 2902 2501 praefectos
2963 2450 3085 2509 cuin
3138 2433 3356 2489 feminis
3407 2450 3531 2489 ver-

1955 2524 2089 2583 sari.
2120 2525 2173 2577 in
2206 2525 2542 2580 monasterio
2572 2526 2654 2580 vel
2686 2525 2738 2578 in
2772 2526 3076 2595 episcopio,
3115 2536 3200 2580 est
3238 2527 3416 2580 omnis
3448 2526 3531 2579 ol-

1956 2614 2222 2670 fensionis
2267 2630 2435 2670 causa
2473 2608 2528 2669 et
2570 2632 2680 2670 non
2717 2617 2942 2685 vulgare.
2976 2617 3235 2685 probrum
3268 2618 3532 2670 ecclesia-

1954 2708 2105 2761 sticae
2134 2707 2590 2773 constitutionis;
2625 2707 2851 2771 debent,
2889 2709 2981 2776 qui
3013 2708 3120 2761 tale
3157 2698 3285 2775 quid
3331 2709 3526 2762 facturi

1954 2808 2102 2860 sunt,
2139 2800 2321 2868 puniri
2352 2817 2367 2851 :
2400 2800 2485 2855 sin
2523 2807 2703 2854 autem
2750 2807 3119 2867 perseverent,
3142 2798 3362 2869 deponi.
3398 2801 3531 2854 Per-

1954 2892 2081 2947 inde
2115 2900 2293 2944 autem
2350 2906 2415 2945 ac
2452 2890 2496 2946 si
2522 2890 2749 2945 dixisset
2772 2891 2998 2960 aliquis,
3047 2906 3077 2944 a
3124 2901 3273 2946 recto
3317 2892 3525 2946 discer—

1955 2983 2117 3037 neudi
2148 2982 2359 3053 judicio
2397 2996 2520 3036 esse
2557 2982 2835 3047 alienum,
2882 2988 2941 3035 ut
2976 2981 3274 3052 puniantur
3319 2982 3378 3043 ii.
3432 2982 3524 3052 qui

1952 3077 2448 3145 quomodocunque
2489 3089 2614 3129 cum
2662 3076 2982 3130 mulieribus
3034 3082 3321 3130 versantur
3367 3080 3528 3144 (con-

1954 3168 2116 3238 tingit
2155 3170 2301 3224 enim
2358 3178 2415 3223 ut
2448 3168 2648 3239 aliquis
2683 3183 2874 3222 eorum
2912 3168 2967 3223 in
3012 3168 3249 3223 transitu
3289 3167 3527 3221 divertat

270 3250 575 3316 ἐπῖσκοπος
628 3254 728 3325 τὴν
754 3258 893 3326 μετὰ
940 3259 1146 3314 τούτων
1200 3263 1473 3335 διαγωγὴν
1523 3268 1853 3338 ἀποπέμψα-

1968 3276 2009 3314 m
2039 3262 2381 3326 suburbano,
2416 3262 2470 3316 in
2500 3278 2608 3333 quo
2638 3270 2768 3316 sunt
2810 3261 3093 3326 mulieres,
3124 3269 3177 3315 et
3205 3276 3314 3315 non
3347 3269 3527 3331 potest

270 3346 451 3415 σθαι),
470 3346 696 3417 ὥρισαν,
715 3352 763 3403 εί
789 3354 965 3424 συμϐῇ
992 3354 1171 3423 τοῦτο,
1197 3358 1318 3427 μηδ’
1339 3359 1476 3423 ὅλως
1498 3361 1731 3430 δρῶντος
1755 3365 1849 3418 τοῦ

270 3438 580 3492 ἐπισκόπου
609 3442 640 3510 ἥ
670 3442 763 3495 τοῦ
795 3445 1097 3515 ἡγουμένου
1131 3450 1399 3502 διακονεῖν
1423 3453 1521 3516 τὰς
1554 3458 1837 3523 γυναῖκας,

270 3527 394 3580 ἀλλ’
423 3532 481 3581 ἐν
508 3535 660 3601 τόπῳ
700 3534 874 3605 ἑτέρῳ
927 3535 1133 3601 ταύτας
1169 3539 1473 3610 ἀναχωρεῖν
1504 3544 1597 3597 καὶ
1636 3546 1847 3616 ἡσυχά-

271 3619 393 3683 ζειν
445 3621 559 3674 ἐστ’
617 3624 683 3677 ἂν
716 3618 862 3679 οὗτοι
914 3630 1356 3700 ἀποχωρὴσωσι·
1391 3635 1489 3700 τὴν
1528 3634 1585 3687 δὲ
1642 3639 1849 3691 τούτων

272 3713 557 3767 διακονίαν
581 3716 824 3783 γίνεσθαι
853 3721 1069 3784 πάντως
1101 3723 1253 3792 παρὰ
1284 3725 1514 3795 ἀνδρῶν.
1552 3726 1707 3781 Οὕτω
1740 3730 1849 3802 γὰρ

273 3806 338 3856 τὸ
365 3808 733 3878 ἀνεπίληπτον
766 3812 883 3880 ἡτοι
913 3812 1339 3869 ἀσκανδάλιστον
1370 3818 1455 3871 ἐπ’
1495 3820 1679 3881 αὐτοῖς
1727 3838 1850 3874 συν-

273 3901 571 3972 τηρηθείη.
601 3900 750 3974 Ἀρα
798 3905 876 3970 δὲ,
914 3907 1008 3959 ἐὰν
1044 3907 1102 3971 ἐξ
1158 3909 1567 3981 ἀντιδιαστολῆς
1620 3914 1676 3966 ἐν
1721 3915 1846 3966 ἐπι-

277 3995 524 4063 σκοπείῳ
559 3995 589 4065 ἦ
623 4000 970 4070 μοναστηρίῳ
1002 3999 1076 4070 μὴ
1111 4002 1437 4070 συνδιάγωσι
1484 4020 1623 4073 μετα
1653 4024 1849 4073 γυναι-

276 4087 416 4152 κῶν,
448 4088 566 4140 ἀλλ’
592 4091 650 4140 ἐν
686 4091 847 4161 ἑτέρᾳ
872 4092 1147 4163 κατοικία,
1183 4099 1847 4169 συγγνωμονηθήσονταις

276 4183 495 4246 Λύσις.
546 4182 610 4234 υἱ
647 4183 746 4248 μὲν
798 4183 1042 4247 κανόνες,
1075 4185 1259 4251 καθὼς
1291 4188 1552 4252 πολλάκις
1593 4193 1848 4261 εἴπομεν,

276 4273 378 4326 καὶ
403 4273 464 4326 τὺ
498 4273 574 4339 νζ’
610 4291 736 4342 κεφ.
786 4275 878 4328 τοῦ
924 4282 974 4329 α’
1022 4278 1200 4332 τίτλου
1246 4279 1339 4333 τοῦ
1379 4287 1426 4349 γ’
1472 4261 1677 4352 βιόλίου
1738 4287 1849 4338 τῶν

275 4366 588 4440 Βασιλικῶν
660 4370 1101 4439 ἀπαγορεύουσιν
1173 4373 1471 4442 ἱερωμένον
1522 4377 1646 4429 τινὰ
1707 4379 1848 4447 μετά

276 4460 528 4518 ὑπέπτου
564 4461 824 4528 γυναικὸς
865 4463 1196 4530 συνδιάγειν,
1232 4464 1363 4519 ἄνευ
1403 4467 1635 4537 μητρὸς,
1681 4470 1849 4538 θυγα-

274 4553 427 4622 τρὸς,
462 4553 718 4623 ἀδελφῆς,
751 4557 844 4609 καὶ
896 4555 1005 4609 τῶν
1032 4555 1234 4609 λοιπῶν
1263 4559 1589 4614 ἀνυπόπτων
1631 4564 1848 4631 προσὼ-

277 4632 436 4699 πωνλ
467 4647 529 4700 τὸ
576 4648 632 4701 δὲ
682 4645 756 4711 νζ⁷
830 4666 957 4717 κεφ.
1012 4650 1418 4723 αὐτοῦ,,μέρος
1467 4654 1526 4707 δν
1574 4658 1669 4725 τῆς
1738 4657 1847 4726 ρκ’

289 4740 722 4792 ’ῐουστινιανείου
768 4742 989 4810 νεαρᾶς,
1041 4740 1189 4808 λέγει
1234 4740 1408 4796 ταῦτα
1441 4744 1656 4814 ρητῶςο
1691 4747 1846 4799 Ἐπί-

278 4848 487 4884 σκοπον
520 4830 578 4884 δὲ
606 4831 871 4901 μηδεμίαν
895 4833 1171 4896 παντελῶς
1206 4837 1437 4902 γυναῖκα
1466 4835 1609 4904 ἔγειν
1638 4838 1668 4907 ἣ
1706 4839 1847 4907 μετά

275 4924 449 4993 αὐτῆς
484 4925 652 4976 οἰκεῖν
684 4924 1072 5003 συγχωροῦμεν
1092 4941 1107 4959 ·
1142 4926 1190 4978 εί
1217 4925 1272 4978 δὲ
1296 4927 1638 4998 ἀποδειχθείη
1665 4930 1844 4994 τοῦτο,

274 5017 379 5079 τῆς
425 5015 729 5085 ἐπισκοπῆς
777 5017 1140 5073 ἐκδαλλέσθω.
1173 5021 1233 5072 El
1288 5019 1417 5088 γοῦν
1453 5025 1478 5073 ό
1512 5022 1696 5086 ἁπλῶς
1726 5041 1847 5076 συν·

277 5108 444 5159 οικῶν
490 5105 787 5171 ἐπίσκοπος
841 5108 978 5177 μετὰ
1045 5108 1299 5177 γυναικὸς
1331 5111 1660 5175 οἱασδήτινος
1713 5112 1847 5164 καο-

280 5206 542 5275 αιρείται,
588 5199 769 5271 πολλῷ
831 5198 991 5253 πλέον
1034 5202 1063 5253 ὁ
1121 5202 1178 5254 ἐν
1216 5200 1547 5272 ἐπισκοπείῳ
1605 5203 1845 5256 τοιοῦτόν

276 5314 331 5347 τι
386 5294 621 5363 ποιήσας
669 5290 999 5344 ἀπεντεῦθεν
1050 5291 1548 5369 καθαιρεθήσεται,
1606 5297 1681 5359 ὡς
1725 5297 1849 5366 ἐμοὶ

278 5380 464 5450 δοκεῖ,
481 5386 570 5439 διὰ
596 5385 657 5437 τὸ
683 5385 781 5454 τῆς
803 5386 1000 5453 νεαρᾶς
1022 5385 1384 5440 ἁδιὰστικτον.
1417 5388 1489 5440 Τὺ
1533 5388 1716 5458 μέντοι
1786 5388 1847 5443 ιε’

282 5497 407 5547 κεφ.
436 5478 530 5531 τοῦ
557 5484 603 5531 α’
633 5476 813 5529 τίτλου
845 5478 940 5530 τοῦ
992 5472 1032 5528 δ’
1069 5478 1274 5547 βιϐλίου
1339 5480 1541 5534 κωλύει
1578 5482 1639 5533 οὐ
1688 5483 1849 5553 μόνον

282 5572 340 5624 τὸ
374 5554 700 5640 καταμεῖναι
725 5572 960 5638 γυναῖκα
986 5573 1043 5623 ὲν
1072 5575 1418 5645 μοθαστηρίῳ
1445 5574 1691 5646 ἁνδρῲῳ,
1726 5576 1757 5646 ἢ
1787 5576 1848 5628 τὸ

284 5663 572 5727 ἀνάπαλιν,
598 5661 733 5715 ἀλλὰ
762 5663 857 5715 καὶ
883 5662 941 5715 τὸ
964 5662 1099 5723 ὅλως
1128 5664 1390 5717 εἰσελθεῖν
1421 5667 1479 5718 ἐν
1509 5667 1656 5734 αὐτῴ
1688 5668 1848 5737 χάριν

283 5757 620 5827 οἱασδήτινος
655 5755 986 5817 ὑποθέσεως.
1030 5756 1341 5825 Σημείωσαι
1370 5752 1463 5811 οὖν
1506 5761 1596 5810 τὸν
1650 5761 1848 5813 κανόνα

284 5849 506 5916 λέγοντα
535 5849 617 5901 ὅτι
645 5847 766 5901 οὐδὲ
791 5846 963 5914 δούλη⁸
992 5846 1113 5900 οὐδέ
1156 5846 1421 5914 ἐλευθέρα
1464 5848 1668 5916 ὀφείλει
1717 5867 1849 5901 συν·-

286 5941 491 6011 διάγειν
528 5940 665 6011 μετὰ
692 5940 989 6005 ἐπιτκόπου
1031 5938 1062 6008 ἡ
1110 5937 1413 6008 ἡγουμένου
1463 5940 1585 5995 καθ’
1641 5941 1850 6011 οἷο-δι,-

1953 3356 2425 3409 conversationem
2458 3370 2581 3410 cum
2604 3355 2712 3408 illis
2742 3352 3079 3424 repudiare),
3111 3364 3447 3420 statuerunt,
3478 3358 3523 3409 si

1953 3448 2057 3501 hoc
2099 3448 2407 3517 contigerit,
2456 3450 2608 3504 nullo
2652 3452 2814 3507 modo
2862 3452 3086 3507 vidente
3127 3451 3386 3521 episcopo
3441 3451 3523 3506 vel

1953 3541 2266 3594 monasterii
2297 3540 2550 3610 praal'eeto
2604 3543 2916 3599 ministrare
2960 3544 3241 3607 mulieres,
3290 3543 3386 3599 sed
3434 3557 3529 3597 cas

1952 3633 2007 3687 in
2041 3634 2206 3687 alium
2233 3634 2409 3687 locum
2443 3634 2720 3697 secedere,
2755 3646 2808 3690 et
2844 3640 2895 3690 in
2922 3636 3142 3690 silentio
3168 3635 3387 3705 degere,
3428 3633 3527 3688 do-

1953 3740 2051 3778 nec
2091 3725 2169 3779 illi
2202 3727 2533 3781 recesserint
2561 3745 2576 3793 ;
2605 3727 2754 3782 viros
2782 3738 2963 3782 autem
3007 3729 3074 3783 iis
3098 3731 3324 3782 omnino
3356 3727 3522 3781 mini-

1950 3827 2148 3871 sirare.
2182 3816 2272 3871 Sic
2316 3818 2461 3872 enim
2497 3819 2677 3874 omnis
2714 3820 3160 3888 reprehensionis
3204 3821 3319 3875 sive
3360 3835 3518 3874 scan.

1950 3907 2058 3962 dali
2087 3909 2351 3965 vitabitur
2375 3912 2639 3967 1occasio.
2671 3909 2932 3982 Nunquid
2980 3924 3164 3967 autem
3200 3922 3526 3983 argumento

1951 4015 1980 4052 a
2006 4002 2283 4056 contrario
2311 4011 2532 4072 sumpto
2556 4042 2572 4068 ,
2612 4004 2657 4057 si
2690 4003 2745 4059 in
2781 4004 3063 4074 episcopio
3106 4004 3188 4058 vel
3223 4005 3278 4058 in
3331 4018 3527 4058 mona-

1952 4092 2120 4146 sterio
2163 4108 2288 4147 cum
2342 4095 2669 4151 mulieribus
2708 4112 2818 4150 non
2863 4108 3282 4158 eonversentur,
3326 4101 3421 4151 sed
3470 4098 3525 4150 in

1950 4186 2072 4239 aliis
2125 4186 2355 4251 mdibus,
2388 4187 2468 4241 eis
2497 4187 2654 4241 venia
2691 4187 2957 4242 dabitur?
3006 4186 3240 4242 Salutio.
3270 4188 3529 4242 Canones

1951 4277 2193 4344 quidem,
2228 4287 2287 4332 ut
2321 4292 2467 4348 εωρο
2490 4278 2749 4343 diximus,
2780 4287 2836 4335 et
2861 4294 2984 4348 cap.
3006 4280 3105 4345 57,
3127 4283 3209 4334 tit.
3245 4280 3297 4341 l,
3324 4279 3421 4333 lib.
3460 4272 3523 4333 in

1950 4367 2170 4423 Basilic.
2199 4370 2479 4439 prohibet,
2520 4386 2589 4426 ne
2637 4372 2764 4441 quis
2797 4386 2988 4427 eorum
3019 4372 3113 4441 qui
3144 4382 3274 4426 sunt
3306 4386 3373 4425 ex
3417 4386 3520 4426 sa-

1949 4459 2211 4514 cerdotali
2264 4459 2459 4516 ordine
2514 4477 2639 4517 eum
2676 4473 2928 4533 suspecta
2973 4463 3201 4517 muliere
3250 4472 3519 4526 versetur,

1950 4560 2307 4618 praeterquam
2367 4567 2491 4606 cum
2540 4562 2713 4608 matre
2748 4594 2766 4619 ,
2822 4567 3055 4619 sorore,
3109 4553 3219 4606 {ilia
3264 4561 3319 4608 et
3391 4553 3521 4607 reli-

1881 4641 2075 4723 unis
2144 4643 2393 4706 personis
2463 4643 2531 4698 de
2586 4644 2784 4715 quibus
2849 4645 2999 4700 nulla
3064 4649 3273 4699 oriatur
3342 4646 3523 4715 suspi-

1952 4734 2055 4785 cio.
2120 4735 2189 4788 57
2246 4746 2432 4791 autem
2488 4737 2609 4807 ejus
2670 4748 2869 4807 caput,
2915 4739 3058 4809 quod
3110 4748 3194 4795 est
3244 4752 3370 4807 pars
3419 4739 3519 4791 157

1948 4823 2239 4881 Justiauini
2265 4828 2522 4893 Novella,
2548 4830 2660 4885 haac
2690 4831 2825 4885 dicit
2854 4846 3117 4901 expresse
3144 4848 3159 4890 ζ
3188 4831 3521 4901 Ερίεοορυιη

1950 4928 2131 4971 autem
2164 4919 2369 4973 nullam
2408 4922 2624 4989 penitus
2654 4921 2858 4977 habere
2888 4921 3148 4977 feminam
3182 4924 3267 4978 vel
3297 4937 3422 4977 cum
3454 4937 3520 4977 ea

1952 5008 2199 5065 habitare
2249 5013 2657 5079 permittimus:
2695 5014 2738 5069 si
2790 5013 2891 5068 hoc
2940 5023 3123 5069 autem
3174 5014 3523 5069 demonstra-

1952 5110 2066 5155 tum
2104 5103 2287 5169 fuerit,
2323 5107 2646 5183 episcopatu
2672 5107 2944 5173 ejiciatur.
2995 5106 3053 5161 Si
3084 5123 3252 5178 ergo,
3285 5109 3377 5178 qui
3422 5122 3521 5163 so-

1894 5189 1901 5198 ”
1951 5192 2232 5248 lummodo
2262 5212 2385 5250 cum
2438 5212 2767 5266 quacuane
2817 5198 3046 5253 muliere
3088 5201 3371 5255 cohabitat
3400 5201 3520 5270 epi-

1950 5300 2150 5355 erpus
2202 5286 2541 5356 deponitur:
2591 5289 2765 5343 multo
2795 5292 2967 5361 magis
3008 5292 3103 5361 qui
3145 5293 3252 5347 tale
3294 5293 3425 5363 quid
3464 5294 3519 5347 in

1951 5380 2228 5448 episcopio
2262 5379 2471 5447 fecerit,
2493 5382 2615 5438 ideo
2645 5383 2976 5453 deponetur,
3033 5394 3091 5440 ut
3124 5387 3254 5441 mihi
3286 5387 3518 5449 videtur,

1952 5474 2079 5543 quia
2112 5471 2334 5528 Nchlla
2361 5475 2677 5532 indistincte
2703 5478 2966 5548 loquitur.
2991 5477 3110 5534 Jam
3135 5496 3263 5535 vero
3285 5495 3404 5547 cap.
3427 5480 3515 5541 15,

1953 5566 2039 5621 tit.
2077 5565 2131 5630 l,
2162 5567 2255 5619 lib.
2295 5583 2369 5633 IV,
2405 5566 2689 5637 prohibet,
2722 5585 2829 5623 non
2859 5572 3036 5625 solum
3068 5572 3352 5626 mulierem
3402 5588 3519 5625 ma-

1952 5674 2084 5712 nere
2148 5660 2199 5710 in
2244 5660 2485 5712 virorum
2544 5661 2898 5723 monasterio,
2951 5663 3035 5715 vel
3095 5670 3285 5716 contra
3333 5678 3349 5715 :
3422 5664 3519 5719 sed

1952 5753 2118 5805 etiam
2175 5750 2403 5804 omnino
2470 5753 2523 5805 in
2598 5753 2771 5821 ipsum
2825 5754 3032 5823 ingredi
3090 5769 3417 5823 quacunque
3449 5754 3517 5809 de

1954 5857 2144 5898 causa.
2176 5842 2313 5897 Nota
2347 5858 2479 5912 ergo
2503 5860 2770 5899 canonem
2803 5847 2896 5914 qui
2930 5844 3102 5909 dicit,
3153 5846 3301 5913 quod
3346 5861 3514 5921 neque

1956 5934 2150 5990 ancilla
2178 5950 2354 6005 neque
2384 5937 2551 5992 libera
2579 5937 2737 5992 debet
2758 5951 2880 5991 cum
2912 5937 3173 6006 cpisc0po
3209 5936 3288 5992 vel
3322 5952 3505 5991 monav
