  <div class='ocr_page' id='page_1' title='image "/cluster/home/n/w/nwhite01/storage/ocr_20150623/137/hvd.32044020166120/555.png"; bbox 0 0 3972 6488; ppageno 0'>
   <div class='ocr_carea' id='block_1_1' title="bbox 545 482 2113 549">
    <p class='ocr_par' dir='ltr' id='par_1_1' title="bbox 545 484 2113 549">
     <span class='ocr_line' id='line_1_1' title="bbox 545 484 2113 549; baseline -0.001 -4"><span class='ocrx_word' id='word_1_1' title='bbox 545 486 651 549; x_wconf 65' lang='lat'>9&#39;79</span> <span class='ocrx_word' id='word_1_2' title='bbox 1806 484 2081 543; x_wconf 72' lang='lat' dir='ltr'>THEOD.</span> <span class='ocrx_word' id='word_1_3' title='bbox 2112 488 2113 491; x_wconf 53' lang='grc'><em>“</em></span> 
     </span>
    </p>
   </div>
   <div class='ocr_carea' id='block_1_2' title="bbox 2166 482 3734 549">
    <p class='ocr_par' dir='ltr' id='par_1_2' title="bbox 2174 482 3734 543">
     <span class='ocr_line' id='line_1_2' title="bbox 2174 482 3734 543; baseline -0.001 -3"><span class='ocrx_word' id='word_1_4' title='bbox 2174 485 2341 541; x_wconf 56' lang='lat' dir='ltr'>\ISA</span> <span class='ocrx_word' id='word_1_5' title='bbox 2354 486 2421 543; x_wconf 69' lang='lat' dir='ltr'>Ml</span> <span class='ocrx_word' id='word_1_6' title='bbox 2436 484 2508 541; x_wconf 65' lang='grc' dir='ltr'><strong>Ν</strong></span> <span class='ocrx_word' id='word_1_7' title='bbox 2528 482 2539 542; x_wconf 78' lang='lat' dir='ltr'>l</span> <span class='ocrx_word' id='word_1_8' title='bbox 3654 482 3734 543; x_wconf 76' lang='lat'>980</span> 
     </span>
    </p>
   </div>
   <div class='ocr_carea' id='block_1_3' title="bbox 506 592 2074 667">
    <p class='ocr_par' dir='ltr' id='par_1_3' title="bbox 506 592 2070 667">
     <span class='ocr_line' id='line_1_3' title="bbox 506 592 2070 667; baseline -0.007 -10"><span class='ocrx_word' id='word_1_9' title='bbox 506 652 507 657; x_wconf 45' lang='grc' dir='ltr'>η</span> <span class='ocrx_word' id='word_1_10' title='bbox 545 598 694 656; x_wconf 86' lang='lat' dir='ltr'>sterii</span> <span class='ocrx_word' id='word_1_11' title='bbox 749 597 1001 667; x_wconf 79' lang='lat' dir='ltr'>prchecto</span> <span class='ocrx_word' id='word_1_12' title='bbox 1035 592 1229 665; x_wconf 69' lang='lat' dir='ltr'>quav‘is</span> <span class='ocrx_word' id='word_1_13' title='bbox 1269 612 1331 649; x_wconf 81' lang='lat' dir='ltr'>ex</span> <span class='ocrx_word' id='word_1_14' title='bbox 1380 611 1540 647; x_wconf 76' lang='lat' dir='ltr'>causa</span> <span class='ocrx_word' id='word_1_15' title='bbox 1577 611 1682 647; x_wconf 90' lang='lat' dir='ltr'>una</span> <span class='ocrx_word' id='word_1_16' title='bbox 1716 596 1929 658; x_wconf 70' lang='lat' dir='ltr'>degere.</span> <span class='ocrx_word' id='word_1_17' title='bbox 1973 596 2070 659; x_wconf 81' lang='lat' dir='ltr'>Qu:</span> 
     </span>
    </p>
   </div>
   <div class='ocr_carea' id='block_1_4' title="bbox 2166 592 3734 667">
    <p class='ocr_par' dir='ltr' id='par_1_4' title="bbox 2166 593 3734 664">
     <span class='ocr_line' id='line_1_4' title="bbox 2166 593 3734 664; baseline -0.001 -17"><span class='ocrx_word' id='word_1_18' title='bbox 2166 614 2327 655; x_wconf 64' lang='lat' dir='ltr'>,ttva</span> <span class='ocrx_word' id='word_1_19' title='bbox 2389 595 2674 663; x_wconf 71' lang='grc' dir='ltr'>λόγον.Τὰ</span> <span class='ocrx_word' id='word_1_20' title='bbox 2728 596 2913 664; x_wconf 82' lang='grc' dir='ltr'>μέντοι</span> <span class='ocrx_word' id='word_1_21' title='bbox 2946 595 3097 663; x_wconf 75' lang='grc' dir='ltr'>’περὶ</span> <span class='ocrx_word' id='word_1_22' title='bbox 3147 594 3254 646; x_wconf 81' lang='grc' dir='ltr'>τῶν</span> <span class='ocrx_word' id='word_1_23' title='bbox 3308 594 3367 645; x_wconf 87' lang='grc' dir='ltr'>ἐν</span> <span class='ocrx_word' id='word_1_24' title='bbox 3432 593 3734 660; x_wconf 76' lang='grc' dir='ltr'>προαστείοις</span> 
     </span>
    </p>
   </div>
   <div class='ocr_carea' id='block_1_5' title="bbox 548 686 2116 759">
    <p class='ocr_par' dir='ltr' id='par_1_5' title="bbox 548 686 2102 759">
     <span class='ocr_line' id='line_1_5' title="bbox 548 686 2102 759; baseline -0.005 -12"><span class='ocrx_word' id='word_1_25' title='bbox 548 704 725 747; x_wconf 88' lang='lat' dir='ltr'>autem</span> <span class='ocrx_word' id='word_1_26' title='bbox 750 692 815 745; x_wconf 89' lang='lat' dir='ltr'>de</span> <span class='ocrx_word' id='word_1_27' title='bbox 846 686 1168 745; x_wconf 84' lang='lat' dir='ltr'>mulieribus</span> <span class='ocrx_word' id='word_1_28' title='bbox 1200 704 1321 759; x_wconf 74' lang='lat' dir='ltr'>quae.</span> <span class='ocrx_word' id='word_1_29' title='bbox 1357 699 1485 743; x_wconf 90' lang='lat' dir='ltr'>sunt</span> <span class='ocrx_word' id='word_1_30' title='bbox 1514 690 1565 741; x_wconf 94' lang='lat' dir='ltr'>in</span> <span class='ocrx_word' id='word_1_31' title='bbox 1607 689 1937 742; x_wconf 82' lang='lat' dir='ltr'>suburbanis</span> <span class='ocrx_word' id='word_1_32' title='bbox 1960 689 2102 741; x_wconf 78' lang='lat' dir='ltr'>dicta</span> 
     </span>
    </p>
   </div>
   <div class='ocr_carea' id='block_1_6' title="bbox 2169 686 3737 759">
    <p class='ocr_par' dir='ltr' id='par_1_6' title="bbox 2211 687 3737 759">
     <span class='ocr_line' id='line_1_6' title="bbox 2211 687 3737 759; baseline -0.005 -17"><span class='ocrx_word' id='word_1_33' title='bbox 2211 689 2388 742; x_wconf 79' lang='grc' dir='ltr'>οὐσῶν</span> <span class='ocrx_word' id='word_1_34' title='bbox 2413 688 2689 756; x_wconf 80' lang='grc' dir='ltr'>γυναικῶν</span> <span class='ocrx_word' id='word_1_35' title='bbox 2722 688 2987 759; x_wconf 76' lang='grc' dir='ltr'>εἰρημένα</span> <span class='ocrx_word' id='word_1_36' title='bbox 3015 687 3582 754; x_wconf 81' lang='grc' dir='ltr'>ἀπολυπραγμονήτως</span> <span class='ocrx_word' id='word_1_37' title='bbox 3610 687 3737 754; x_wconf 85' lang='grc' dir='ltr'>ἐκλη-</span> 
     </span>
    </p>
   </div>
   <div class='ocr_carea' id='block_1_7' title="bbox 545 779 2113 850">
    <p class='ocr_par' dir='ltr' id='par_1_7' title="bbox 545 781 2108 850">
     <span class='ocr_line' id='line_1_7' title="bbox 545 781 2108 850; baseline -0.004 -10"><span class='ocrx_word' id='word_1_38' title='bbox 545 796 695 849; x_wconf 89' lang='lat' dir='ltr'>sunt,</span> <span class='ocrx_word' id='word_1_39' title='bbox 738 786 875 837; x_wconf 91' lang='lat' dir='ltr'>citra</span> <span class='ocrx_word' id='word_1_40' title='bbox 904 784 1065 836; x_wconf 80' lang='lat' dir='ltr'><strong>ullam</strong></span> <span class='ocrx_word' id='word_1_41' title='bbox 1099 784 1456 836; x_wconf 87' lang='lat' dir='ltr'>curiosiorcm</span> <span class='ocrx_word' id='word_1_42' title='bbox 1500 781 1972 850; x_wconf 73' lang='lat' dir='ltr'>investigationem</span> <span class='ocrx_word' id='word_1_43' title='bbox 2016 796 2108 834; x_wconf 78' lang='lat' dir='ltr'>as-</span> 
     </span>
    </p>
   </div>
   <div class='ocr_carea' id='block_1_8' title="bbox 2166 779 3734 850">
    <p class='ocr_par' dir='ltr' id='par_1_8' title="bbox 2215 779 3734 849">
     <span class='ocr_line' id='line_1_8' title="bbox 2215 779 3734 849; baseline -0.02 10"><span class='ocrx_word' id='word_1_44' title='bbox 2215 782 2515 849; x_wconf 65' lang='grc' dir='ltr'>φθὴσθνται</span> <span class='ocrx_word' id='word_1_45' title='bbox 2540 785 2619 844; x_wconf 68' lang='grc' dir='ltr'>εἰς</span> <span class='ocrx_word' id='word_1_46' title='bbox 2642 782 2937 849; x_wconf 48' lang='lat' dir='ltr'>“minus</span> <span class='ocrx_word' id='word_1_47' title='bbox 2966 779 3303 842; x_wconf 75' lang='grc' dir='ltr'>υεσππεκῶς</span> <span class='ocrx_word' id='word_1_48' title='bbox 3328 780 3406 849; x_wconf 75' lang='grc' dir='ltr'>τῷ</span> <span class='ocrx_word' id='word_1_49' title='bbox 3438 781 3734 849; x_wconf 73' lang='grc' dir='ltr'>ἑπισκοπείῳ</span> 
     </span>
    </p>
   </div>
   <div class='ocr_carea' id='block_1_9' title="bbox 543 866 2111 943">
    <p class='ocr_par' dir='ltr' id='par_1_9' title="bbox 543 873 2097 943">
     <span class='ocr_line' id='line_1_9' title="bbox 543 873 2097 943; baseline -0.005 -11"><span class='ocrx_word' id='word_1_50' title='bbox 543 890 831 933; x_wconf 78' lang='lat' dir='ltr'>sumentur</span> <span class='ocrx_word' id='word_1_51' title='bbox 891 877 957 931; x_wconf 88' lang='lat' dir='ltr'>de</span> <span class='ocrx_word' id='word_1_52' title='bbox 999 876 1332 931; x_wconf 77' lang='lat' dir='ltr'>suburbanis</span> <span class='ocrx_word' id='word_1_53' title='bbox 1377 892 1495 943; x_wconf 69' lang='lat' dir='ltr'>qum</span> <span class='ocrx_word' id='word_1_54' title='bbox 1541 876 1606 928; x_wconf 88' lang='lat' dir='ltr'>ad</span> <span class='ocrx_word' id='word_1_55' title='bbox 1634 876 1971 943; x_wconf 84' lang='lat' dir='ltr'>episcopium</span> <span class='ocrx_word' id='word_1_56' title='bbox 2017 873 2097 925; x_wconf 82' lang='lat' dir='ltr'>vel</span> 
     </span>
    </p>
   </div>
   <div class='ocr_carea' id='block_1_10' title="bbox 2173 866 3741 943">
    <p class='ocr_par' dir='ltr' id='par_1_10' title="bbox 2216 866 3741 943">
     <span class='ocr_line' id='line_1_10' title="bbox 2216 866 3741 943; baseline 0.001 -18"><span class='ocrx_word' id='word_1_57' title='bbox 2216 875 2309 925; x_wconf 71' lang='grc' dir='ltr'>καὶ</span> <span class='ocrx_word' id='word_1_58' title='bbox 2334 876 2396 941; x_wconf 77' lang='grc' dir='ltr'>τῇ</span> <span class='ocrx_word' id='word_1_59' title='bbox 2435 877 2566 943; x_wconf 83' lang='grc' dir='ltr'>μονῇ</span> <span class='ocrx_word' id='word_1_60' title='bbox 2594 874 2921 942; x_wconf 73' lang='grc' dir='ltr'>διαφέροντα</span> <span class='ocrx_word' id='word_1_61' title='bbox 2945 890 2957 902; x_wconf 95' lang='grc'><strong>·</strong></span> <span class='ocrx_word' id='word_1_62' title='bbox 2989 875 3035 925; x_wconf 90' lang='grc' dir='ltr'>εί</span> <span class='ocrx_word' id='word_1_63' title='bbox 3061 873 3169 942; x_wconf 74' lang='grc' dir='ltr'>γὰρ</span> <span class='ocrx_word' id='word_1_64' title='bbox 3203 872 3595 925; x_wconf 64' lang='grc' dir='ltr'>καταλύσουσιν</span> <span class='ocrx_word' id='word_1_65' title='bbox 3623 866 3741 926; x_wconf 68' lang='grc' dir='ltr'>οὗτοι</span> 
     </span>
    </p>
   </div>
   <div class='ocr_carea' id='block_1_11' title="bbox 544 964 2112 1037">
    <p class='ocr_par' dir='ltr' id='par_1_11' title="bbox 544 964 2104 1037">
     <span class='ocr_line' id='line_1_11' title="bbox 544 964 2104 1037; baseline -0.004 -14"><span class='ocrx_word' id='word_1_66' title='bbox 544 970 938 1024; x_wconf 79' lang='lat' dir='ltr'>tnouaSIerium</span> <span class='ocrx_word' id='word_1_67' title='bbox 990 969 1109 1037; x_wconf 83' lang='lat' dir='ltr'>iure</span> <span class='ocrx_word' id='word_1_68' title='bbox 1138 968 1367 1021; x_wconf 87' lang='lat' dir='ltr'>dominii</span> <span class='ocrx_word' id='word_1_69' title='bbox 1404 969 1711 1035; x_wconf 87' lang='lat' dir='ltr'>pertinent:</span> <span class='ocrx_word' id='word_1_70' title='bbox 1762 967 1805 1020; x_wconf 89' lang='lat' dir='ltr'>si</span> <span class='ocrx_word' id='word_1_71' title='bbox 1851 966 1995 1019; x_wconf 90' lang='lat' dir='ltr'>enim</span> <span class='ocrx_word' id='word_1_72' title='bbox 2052 964 2104 1017; x_wconf 93' lang='lat' dir='ltr'>in</span> 
     </span>
    </p>
   </div>
   <div class='ocr_carea' id='block_1_12' title="bbox 2176 964 3744 1037">
    <p class='ocr_par' dir='ltr' id='par_1_12' title="bbox 2214 965 3744 1037">
     <span class='ocr_line' id='line_1_12' title="bbox 2214 965 3744 1037; baseline 0 -20"><span class='ocrx_word' id='word_1_73' title='bbox 2214 966 2295 1027; x_wconf 83' lang='grc' dir='ltr'>είς</span> <span class='ocrx_word' id='word_1_74' title='bbox 2329 966 2691 1036; x_wconf 76' lang='grc' dir='ltr'>ξενοδοχεῖα“ἢ</span> <span class='ocrx_word' id='word_1_75' title='bbox 2726 970 2803 1029; x_wconf 77' lang='grc' dir='ltr'>εἰς</span> <span class='ocrx_word' id='word_1_76' title='bbox 2858 967 3117 1037; x_wconf 84' lang='grc' dir='ltr'>ἀλλότρια</span> <span class='ocrx_word' id='word_1_77' title='bbox 3171 968 3494 1036; x_wconf 73' lang='grc' dir='ltr'>προάστεια,</span> <span class='ocrx_word' id='word_1_78' title='bbox 3524 965 3744 1035; x_wconf 78' lang='grc' dir='ltr'>δυσχερές</span> 
     </span>
    </p>
   </div>
   <div class='ocr_carea' id='block_1_13' title="bbox 543 1060 2111 1137">
    <p class='ocr_par' dir='ltr' id='par_1_13' title="bbox 543 1061 2107 1137">
     <span class='ocr_line' id='line_1_13' title="bbox 543 1061 2107 1137; baseline -0.005 -18"><span class='ocrx_word' id='word_1_79' title='bbox 543 1067 776 1133; x_wconf 78' lang='lat' dir='ltr'>publicis</span> <span class='ocrx_word' id='word_1_80' title='bbox 812 1067 1063 1137; x_wconf 74' lang='lat' dir='ltr'>hospitiis</span> <span class='ocrx_word' id='word_1_81' title='bbox 1110 1066 1192 1120; x_wconf 88' lang='lat' dir='ltr'>vel</span> <span class='ocrx_word' id='word_1_82' title='bbox 1237 1066 1403 1119; x_wconf 89' lang='lat' dir='ltr'>etiam</span> <span class='ocrx_word' id='word_1_83' title='bbox 1447 1065 1499 1118; x_wconf 92' lang='lat' dir='ltr'>in</span> <span class='ocrx_word' id='word_1_84' title='bbox 1540 1063 1732 1117; x_wconf 87' lang='lat' dir='ltr'>alienis</span> <span class='ocrx_word' id='word_1_85' title='bbox 1774 1061 2107 1115; x_wconf 82' lang='lat' dir='ltr'>suburbanis</span> 
     </span>
    </p>
   </div>
   <div class='ocr_carea' id='block_1_14' title="bbox 2067 1060 3635 1137">
    <p class='ocr_par' dir='ltr' id='par_1_14' title="bbox 2067 1060 3635 1129">
     <span class='ocr_line' id='line_1_14' title="bbox 2067 1060 3635 1129; baseline 0.001 -16"><span class='ocrx_word' id='word_1_86' title='bbox 2067 1062 2107 1113; x_wconf 90' lang='lat' dir='ltr'>is</span> <span class='ocrx_word' id='word_1_87' title='bbox 2211 1061 2379 1124; x_wconf 83' lang='grc' dir='ltr'>ἐστιν,</span> <span class='ocrx_word' id='word_1_88' title='bbox 2414 1061 2489 1122; x_wconf 82' lang='grc' dir='ltr'>ὡς</span> <span class='ocrx_word' id='word_1_89' title='bbox 2520 1060 2745 1129; x_wconf 75' lang='grc' dir='ltr'>νομίζω,</span> <span class='ocrx_word' id='word_1_90' title='bbox 2775 1062 2843 1115; x_wconf 69' lang='grc' dir='ltr'>τὰ</span> <span class='ocrx_word' id='word_1_91' title='bbox 2878 1062 2972 1114; x_wconf 80' lang='grc' dir='ltr'>τοῦ</span> <span class='ocrx_word' id='word_1_92' title='bbox 3002 1062 3228 1124; x_wconf 81' lang='grc' dir='ltr'>κανόνος</span> <span class='ocrx_word' id='word_1_93' title='bbox 3264 1060 3635 1129; x_wconf 79' lang='grc' dir='ltr'>ἐνεργηθῆναι.</span> 
     </span>
    </p>
   </div>
   <div class='ocr_carea' id='block_1_15' title="bbox 540 1140 3649 1226">
    <p class='ocr_par' dir='ltr' id='par_1_15' title="bbox 540 1140 3649 1226">
     <span class='ocr_line' id='line_1_15' title="bbox 540 1140 3649 1226; baseline 0.003 -15"><span class='ocrx_word' id='word_1_94' title='bbox 540 1158 895 1223; x_wconf 79' lang='lat' dir='ltr'>diverterint,</span> <span class='ocrx_word' id='word_1_95' title='bbox 934 1161 1149 1215; x_wconf 74' lang='lat' dir='ltr'>difficile</span> <span class='ocrx_word' id='word_1_96' title='bbox 1184 1170 1307 1225; x_wconf 89' lang='lat' dir='ltr'>est,</span> <span class='ocrx_word' id='word_1_97' title='bbox 1349 1168 1410 1213; x_wconf 93' lang='lat' dir='ltr'>ut</span> <span class='ocrx_word' id='word_1_98' title='bbox 1454 1158 1727 1221; x_wconf 83' lang='lat' dir='ltr'>existimo,</span> <span class='ocrx_word' id='word_1_99' title='bbox 1768 1172 1832 1212; x_wconf 89' lang='lat' dir='ltr'>ea</span> <span class='ocrx_word' id='word_1_100' title='bbox 1882 1171 2001 1226; x_wconf 72' lang='lat' dir='ltr'>qua:</span> <span class='ocrx_word' id='word_1_101' title='bbox 2041 1155 2092 1207; x_wconf 92' lang='lat' dir='ltr'>in</span> <span class='ocrx_word' id='word_1_102' title='bbox 3492 1180 3495 1183; x_wconf 83' lang='lat'>&#39;</span> <span class='ocrx_word' id='word_1_103' title='bbox 3648 1140 3649 1145; x_wconf 9' lang='grc' dir='ltr'><strong>η</strong></span> 
     </span>
    </p>
   </div>
   <div class='ocr_carea' id='block_1_16' title="bbox 542 1255 1463 1310">
    <p class='ocr_par' dir='ltr' id='par_1_16' title="bbox 542 1255 1463 1310">
     <span class='ocr_line' id='line_1_16' title="bbox 542 1255 1463 1310; baseline 0.001 -3"><span class='ocrx_word' id='word_1_104' title='bbox 542 1268 754 1310; x_wconf 86' lang='lat' dir='ltr'>canone</span> <span class='ocrx_word' id='word_1_105' title='bbox 785 1258 1135 1310; x_wconf 88' lang='lat' dir='ltr'>continentur</span> <span class='ocrx_word' id='word_1_106' title='bbox 1159 1255 1463 1309; x_wconf 88' lang='lat' dir='ltr'>observari.</span> 
     </span>
    </p>
   </div>
   <div class='ocr_carea' id='block_1_17' title="bbox 614 1334 2182 1418">
    <p class='ocr_par' dir='ltr' id='par_1_17' title="bbox 614 1348 2107 1418">
     <span class='ocr_line' id='line_1_17' title="bbox 614 1348 2107 1418; baseline -0.001 -15"><span class='ocrx_word' id='word_1_107' title='bbox 614 1348 867 1403; x_wconf 81' lang='lat' dir='ltr'><strong>ZONAR.</strong></span> <span class='ocrx_word' id='word_1_108' title='bbox 911 1348 1099 1403; x_wconf 84' lang='lat' dir='ltr'>Tertio</span> <span class='ocrx_word' id='word_1_109' title='bbox 1128 1364 1345 1418; x_wconf 91' lang='lat' dir='ltr'>quoque</span> <span class='ocrx_word' id='word_1_110' title='bbox 1385 1350 1593 1418; x_wconf 63' lang='lat' dir='ltr'>primae,</span> <span class='ocrx_word' id='word_1_111' title='bbox 1633 1357 1686 1403; x_wconf 90' lang='lat' dir='ltr'>et</span> <span class='ocrx_word' id='word_1_112' title='bbox 1714 1350 1905 1417; x_wconf 90' lang='lat' dir='ltr'>quinto</span> <span class='ocrx_word' id='word_1_113' title='bbox 1941 1360 2107 1404; x_wconf 73' lang='lat' dir='ltr'>sexta:</span> 
     </span>
    </p>
   </div>
   <div class='ocr_carea' id='block_1_18' title="bbox 2182 1334 3750 1418">
    <p class='ocr_par' dir='ltr' id='par_1_18' title="bbox 2289 1334 3750 1409">
     <span class='ocr_line' id='line_1_18' title="bbox 2289 1334 3750 1409; baseline -0.003 -15"><span class='ocrx_word' id='word_1_114' title='bbox 2289 1341 2532 1396; x_wconf 73' lang='lat' dir='ltr'>ZQNAP.</span> <span class='ocrx_word' id='word_1_115' title='bbox 2565 1340 2676 1391; x_wconf 72' lang='grc' dir='ltr'>Καὶ</span> <span class='ocrx_word' id='word_1_116' title='bbox 2726 1340 2755 1391; x_wconf 99' lang='lat'>6</span> <span class='ocrx_word' id='word_1_117' title='bbox 2795 1340 2978 1409; x_wconf 85' lang='grc' dir='ltr'>τρίτος</span> <span class='ocrx_word' id='word_1_118' title='bbox 3008 1337 3191 1391; x_wconf 86' lang='grc' dir='ltr'>κανὼν</span> <span class='ocrx_word' id='word_1_119' title='bbox 3224 1337 3325 1402; x_wconf 83' lang='grc' dir='ltr'>τῆς</span> <span class='ocrx_word' id='word_1_120' title='bbox 3366 1334 3585 1407; x_wconf 81' lang='grc' dir='ltr'>πρώτης</span> <span class='ocrx_word' id='word_1_121' title='bbox 3632 1338 3750 1390; x_wconf 66' lang='grc' dir='ltr'>συνύ-</span> 
     </span>
    </p>
   </div>
   <div class='ocr_carea' id='block_1_19' title="bbox 544 1429 2112 1512">
    <p class='ocr_par' dir='ltr' id='par_1_19' title="bbox 544 1440 2107 1512">
     <span class='ocr_line' id='line_1_19' title="bbox 544 1440 2107 1512; baseline -0.002 -15"><span class='ocrx_word' id='word_1_122' title='bbox 544 1440 737 1512; x_wconf 80' lang='lat' dir='ltr'>synodi</span> <span class='ocrx_word' id='word_1_123' title='bbox 767 1455 998 1504; x_wconf 86' lang='lat' dir='ltr'>canone,</span> <span class='ocrx_word' id='word_1_124' title='bbox 1035 1440 1102 1495; x_wconf 92' lang='lat' dir='ltr'>de</span> <span class='ocrx_word' id='word_1_125' title='bbox 1132 1440 1217 1500; x_wconf 89' lang='lat' dir='ltr'>iis,</span> <span class='ocrx_word' id='word_1_126' title='bbox 1256 1455 1380 1509; x_wconf 61' lang='lat' dir='ltr'>quae</span> <span class='ocrx_word' id='word_1_127' title='bbox 1415 1440 1563 1495; x_wconf 91' lang='lat' dir='ltr'>domi</span> <span class='ocrx_word' id='word_1_128' title='bbox 1596 1442 1959 1503; x_wconf 85' lang='lat' dir='ltr'>habebantur,</span> <span class='ocrx_word' id='word_1_129' title='bbox 1990 1456 2107 1494; x_wconf 90' lang='lat' dir='ltr'>mu-</span> 
     </span>
    </p>
   </div>
   <div class='ocr_carea' id='block_1_20' title="bbox 2178 1429 3746 1512">
    <p class='ocr_par' dir='ltr' id='par_1_20' title="bbox 2212 1429 3746 1500">
     <span class='ocr_line' id='line_1_20' title="bbox 2212 1429 3746 1500; baseline -0.005 -12"><span class='ocrx_word' id='word_1_130' title='bbox 2212 1435 2328 1497; x_wconf 86' lang='grc' dir='ltr'>δου,</span> <span class='ocrx_word' id='word_1_131' title='bbox 2373 1434 2469 1487; x_wconf 70' lang='grc' dir='ltr'>καὶ</span> <span class='ocrx_word' id='word_1_132' title='bbox 2518 1435 2545 1486; x_wconf 90' lang='grc' dir='ltr'>ὀ</span> <span class='ocrx_word' id='word_1_133' title='bbox 2592 1432 2842 1500; x_wconf 82' lang='grc' dir='ltr'>πέμπτος</span> <span class='ocrx_word' id='word_1_134' title='bbox 2894 1434 2989 1499; x_wconf 81' lang='grc' dir='ltr'>τῆς</span> <span class='ocrx_word' id='word_1_135' title='bbox 3024 1431 3193 1499; x_wconf 79' lang='grc' dir='ltr'>ἓκτης</span> <span class='ocrx_word' id='word_1_136' title='bbox 3251 1430 3381 1499; x_wconf 81' lang='grc' dir='ltr'>περὶ</span> <span class='ocrx_word' id='word_1_137' title='bbox 3419 1429 3746 1482; x_wconf 75' lang='grc' dir='ltr'>συνεισάκτων</span> 
     </span>
    </p>
   </div>
   <div class='ocr_carea' id='block_1_21' title="bbox 543 1513 2111 1604">
    <p class='ocr_par' dir='ltr' id='par_1_21' title="bbox 543 1533 2111 1604">
     <span class='ocr_line' id='line_1_21' title="bbox 543 1533 2111 1604; baseline 0.001 -17"><span class='ocrx_word' id='word_1_138' title='bbox 543 1534 772 1589; x_wconf 90' lang='lat' dir='ltr'>lieribus</span> <span class='ocrx_word' id='word_1_139' title='bbox 816 1533 1124 1589; x_wconf 85' lang='lat' dir='ltr'>definitum.</span> <span class='ocrx_word' id='word_1_140' title='bbox 1176 1534 1276 1589; x_wconf 84' lang='lat' dir='ltr'>Hic</span> <span class='ocrx_word' id='word_1_141' title='bbox 1316 1550 1447 1589; x_wconf 79' lang='lat' dir='ltr'>vero</span> <span class='ocrx_word' id='word_1_142' title='bbox 1488 1535 1652 1590; x_wconf 89' lang='lat' dir='ltr'>etiam</span> <span class='ocrx_word' id='word_1_143' title='bbox 1683 1551 1856 1590; x_wconf 88' lang='lat' dir='ltr'>canon</span> <span class='ocrx_word' id='word_1_144' title='bbox 1902 1536 1956 1589; x_wconf 91' lang='lat' dir='ltr'>in</span> <span class='ocrx_word' id='word_1_145' title='bbox 1996 1536 2111 1604; x_wconf 85' lang='lat' dir='ltr'>epi-</span> 
     </span>
    </p>
   </div>
   <div class='ocr_carea' id='block_1_22' title="bbox 2177 1513 3745 1604">
    <p class='ocr_par' dir='ltr' id='par_1_22' title="bbox 2213 1513 3745 1593">
     <span class='ocr_line' id='line_1_22' title="bbox 2213 1513 3745 1593; baseline -0.002 -17"><span class='ocrx_word' id='word_1_146' title='bbox 2213 1526 2489 1593; x_wconf 78' lang='grc' dir='ltr'>γυναικῶν</span> <span class='ocrx_word' id='word_1_147' title='bbox 2520 1523 2883 1590; x_wconf 83' lang='grc' dir='ltr'>διαλέγονται.</span> <span class='ocrx_word' id='word_1_148' title='bbox 2906 1523 3014 1574; x_wconf 67' lang='grc' dir='ltr'>Καὶ</span> <span class='ocrx_word' id='word_1_149' title='bbox 3047 1513 3202 1583; x_wconf 68' lang='grc' dir='ltr'>οὗτος</span> <span class='ocrx_word' id='word_1_150' title='bbox 3232 1520 3287 1572; x_wconf 80' lang='grc' dir='ltr'>δὲ</span> <span class='ocrx_word' id='word_1_151' title='bbox 3316 1521 3345 1572; x_wconf 93' lang='lat'>6</span> <span class='ocrx_word' id='word_1_152' title='bbox 3374 1518 3550 1572; x_wconf 85' lang='grc' dir='ltr'>κανὼν</span> <span class='ocrx_word' id='word_1_153' title='bbox 3579 1520 3745 1573; x_wconf 86' lang='grc' dir='ltr'>κωλύει</span> 
     </span>
    </p>
   </div>
   <div class='ocr_carea' id='block_1_23' title="bbox 542 1611 2110 1692">
    <p class='ocr_par' dir='ltr' id='par_1_23' title="bbox 542 1624 2110 1692">
     <span class='ocr_line' id='line_1_23' title="bbox 542 1624 2110 1692; baseline 0.001 -13"><span class='ocrx_word' id='word_1_154' title='bbox 542 1624 733 1692; x_wconf 83' lang='lat' dir='ltr'>scOpio</span> <span class='ocrx_word' id='word_1_155' title='bbox 753 1632 847 1679; x_wconf 91' lang='lat' dir='ltr'>aut</span> <span class='ocrx_word' id='word_1_156' title='bbox 878 1627 931 1679; x_wconf 92' lang='lat' dir='ltr'>in</span> <span class='ocrx_word' id='word_1_157' title='bbox 968 1626 1204 1680; x_wconf 84' lang='lat' dir='ltr'>virorum</span> <span class='ocrx_word' id='word_1_158' title='bbox 1225 1628 1556 1682; x_wconf 90' lang='lat' dir='ltr'>monasterio</span> <span class='ocrx_word' id='word_1_159' title='bbox 1579 1626 1834 1681; x_wconf 80' lang='lat' dir='ltr'>feminam</span> <span class='ocrx_word' id='word_1_160' title='bbox 1867 1642 2110 1681; x_wconf 90' lang='lat' dir='ltr'>commo-</span> 
     </span>
    </p>
   </div>
   <div class='ocr_carea' id='block_1_24' title="bbox 2176 1611 3744 1692">
    <p class='ocr_par' dir='ltr' id='par_1_24' title="bbox 2214 1611 3744 1686">
     <span class='ocr_line' id='line_1_24' title="bbox 2214 1611 3744 1686; baseline -0.005 -15"><span class='ocrx_word' id='word_1_161' title='bbox 2214 1619 2274 1672; x_wconf 79' lang='grc' dir='ltr'>τδ</span> <span class='ocrx_word' id='word_1_162' title='bbox 2329 1620 2387 1670; x_wconf 86' lang='grc' dir='ltr'>ἐν</span> <span class='ocrx_word' id='word_1_163' title='bbox 2444 1616 2934 1686; x_wconf 83' lang='grc' dir='ltr'>ἐπισκοπείῳῆἐν</span> <span class='ocrx_word' id='word_1_164' title='bbox 2985 1613 3199 1684; x_wconf 73' lang='grc' dir='ltr'>ἀνδρῴα</span> <span class='ocrx_word' id='word_1_165' title='bbox 3254 1614 3393 1681; x_wconf 86' lang='grc' dir='ltr'>μονῇ</span> <span class='ocrx_word' id='word_1_166' title='bbox 3451 1611 3647 1679; x_wconf 80' lang='grc' dir='ltr'>διάγειν</span> <span class='ocrx_word' id='word_1_167' title='bbox 3672 1630 3744 1680; x_wconf 83' lang='grc' dir='ltr'>γυ-</span> 
     </span>
    </p>
   </div>
   <div class='ocr_carea' id='block_1_25' title="bbox 546 1706 2114 1787">
    <p class='ocr_par' dir='ltr' id='par_1_25' title="bbox 546 1717 2107 1787">
     <span class='ocr_line' id='line_1_25' title="bbox 546 1717 2107 1787; baseline 0.003 -18"><span class='ocrx_word' id='word_1_168' title='bbox 546 1717 654 1770; x_wconf 92' lang='lat' dir='ltr'>rari</span> <span class='ocrx_word' id='word_1_169' title='bbox 680 1726 848 1780; x_wconf 89' lang='lat' dir='ltr'>vetat,</span> <span class='ocrx_word' id='word_1_170' title='bbox 875 1718 1077 1786; x_wconf 80' lang='lat' dir='ltr'>quique</span> <span class='ocrx_word' id='word_1_171' title='bbox 1117 1719 1239 1773; x_wconf 87' lang='lat' dir='ltr'>illas</span> <span class='ocrx_word' id='word_1_172' title='bbox 1258 1718 1632 1787; x_wconf 86' lang='lat' dir='ltr'>cujuscunque</span> <span class='ocrx_word' id='word_1_173' title='bbox 1665 1733 1845 1774; x_wconf 68' lang='lat' dir='ltr'>causa:</span> <span class='ocrx_word' id='word_1_174' title='bbox 1881 1717 2107 1775; x_wconf 91' lang='lat' dir='ltr'>obtentu</span> 
     </span>
    </p>
   </div>
   <div class='ocr_carea' id='block_1_26' title="bbox 2179 1706 3747 1787">
    <p class='ocr_par' dir='ltr' id='par_1_26' title="bbox 2214 1706 3747 1778">
     <span class='ocr_line' id='line_1_26' title="bbox 2214 1706 3747 1778; baseline -0.005 -11"><span class='ocrx_word' id='word_1_175' title='bbox 2214 1713 2500 1771; x_wconf 74' lang='grc' dir='ltr'>ναῖκα,καὶ</span> <span class='ocrx_word' id='word_1_176' title='bbox 2530 1710 2619 1761; x_wconf 83' lang='grc' dir='ltr'>τὸν</span> <span class='ocrx_word' id='word_1_177' title='bbox 2650 1712 2707 1762; x_wconf 82' lang='grc' dir='ltr'>ἐν</span> <span class='ocrx_word' id='word_1_178' title='bbox 2743 1708 3083 1778; x_wconf 76' lang='grc' dir='ltr'>ἐπισκοπείῳ</span> <span class='ocrx_word' id='word_1_179' title='bbox 3111 1709 3270 1777; x_wconf 85' lang='grc' dir='ltr'>χάριν</span> <span class='ocrx_word' id='word_1_180' title='bbox 3306 1706 3611 1768; x_wconf 77' lang='grc' dir='ltr'>ὑποθέσεὼς</span> <span class='ocrx_word' id='word_1_181' title='bbox 3631 1726 3747 1767; x_wconf 76' lang='grc' dir='ltr'>τινος</span> 
     </span>
    </p>
   </div>
   <div class='ocr_carea' id='block_1_27' title="bbox 542 1800 2110 1880">
    <p class='ocr_par' dir='ltr' id='par_1_27' title="bbox 542 1808 2108 1880">
     <span class='ocr_line' id='line_1_27' title="bbox 542 1808 2108 1880; baseline 0 -17"><span class='ocrx_word' id='word_1_182' title='bbox 542 1808 599 1863; x_wconf 83' lang='lat' dir='ltr'>in</span> <span class='ocrx_word' id='word_1_183' title='bbox 649 1810 735 1865; x_wconf 90' lang='lat' dir='ltr'>his</span> <span class='ocrx_word' id='word_1_184' title='bbox 774 1810 910 1864; x_wconf 89' lang='lat' dir='ltr'>locis</span> <span class='ocrx_word' id='word_1_185' title='bbox 964 1810 1275 1874; x_wconf 74' lang='lat' dir='ltr'>habuerint,</span> <span class='ocrx_word' id='word_1_186' title='bbox 1315 1811 1475 1880; x_wconf 76' lang='lat'>322</span> <span class='ocrx_word' id='word_1_187' title='bbox 1527 1810 1702 1880; x_wconf 75' lang='lat' dir='ltr'>pcenis</span> <span class='ocrx_word' id='word_1_188' title='bbox 1756 1812 1808 1865; x_wconf 92' lang='lat' dir='ltr'>in</span> <span class='ocrx_word' id='word_1_189' title='bbox 1858 1826 1953 1867; x_wconf 87' lang='lat' dir='ltr'>eos</span> <span class='ocrx_word' id='word_1_190' title='bbox 1992 1812 2108 1865; x_wconf 88' lang='lat' dir='ltr'>aui-</span> 
     </span>
    </p>
   </div>
   <div class='ocr_carea' id='block_1_28' title="bbox 2181 1800 3749 1880">
    <p class='ocr_par' dir='ltr' id='par_1_28' title="bbox 2216 1800 3749 1877">
     <span class='ocr_line' id='line_1_28' title="bbox 2216 1800 3749 1877; baseline -0.003 -20"><span class='ocrx_word' id='word_1_191' title='bbox 2216 1806 2252 1877; x_wconf 74' lang='grc' dir='ltr'><strong>ἢ</strong></span> <span class='ocrx_word' id='word_1_192' title='bbox 2308 1807 2363 1857; x_wconf 83' lang='grc' dir='ltr'>ἐν</span> <span class='ocrx_word' id='word_1_193' title='bbox 2429 1802 2780 1874; x_wconf 83' lang='grc' dir='ltr'>μοναστηρίῳ</span> <span class='ocrx_word' id='word_1_194' title='bbox 2842 1800 3033 1869; x_wconf 77' lang='grc' dir='ltr'>ἔχοντα</span> <span class='ocrx_word' id='word_1_195' title='bbox 3103 1804 3373 1868; x_wconf 85' lang='grc' dir='ltr'>γυναῖκας</span> <span class='ocrx_word' id='word_1_196' title='bbox 3427 1801 3749 1869; x_wconf 68' lang='grc' dir='ltr'>ἐπιτιμᾶσθαι</span> 
     </span>
    </p>
   </div>
   <div class='ocr_carea' id='block_1_29' title="bbox 543 1895 2111 1968">
    <p class='ocr_par' dir='ltr' id='par_1_29' title="bbox 543 1899 2108 1968">
     <span class='ocr_line' id='line_1_29' title="bbox 543 1899 2108 1968; baseline 0 -17"><span class='ocrx_word' id='word_1_197' title='bbox 543 1899 830 1962; x_wconf 89' lang='lat' dir='ltr'>madverti,</span> <span class='ocrx_word' id='word_1_198' title='bbox 888 1914 951 1953; x_wconf 91' lang='lat' dir='ltr'>ac</span> <span class='ocrx_word' id='word_1_199' title='bbox 986 1901 1091 1955; x_wconf 87' lang='lat' dir='ltr'>nisi</span> <span class='ocrx_word' id='word_1_200' title='bbox 1118 1899 1398 1968; x_wconf 77' lang='lat' dir='ltr'>eiecerint,</span> <span class='ocrx_word' id='word_1_201' title='bbox 1424 1900 1597 1955; x_wconf 88' lang='lat' dir='ltr'>sacris</span> <span class='ocrx_word' id='word_1_202' title='bbox 1629 1900 1873 1955; x_wconf 86' lang='lat' dir='ltr'>initiatos</span> <span class='ocrx_word' id='word_1_203' title='bbox 1907 1900 2108 1968; x_wconf 87' lang='lat' dir='ltr'>deponi</span> 
     </span>
    </p>
   </div>
   <div class='ocr_carea' id='block_1_30' title="bbox 2180 1895 3748 1968">
    <p class='ocr_par' dir='ltr' id='par_1_30' title="bbox 2215 1895 3748 1968">
     <span class='ocr_line' id='line_1_30' title="bbox 2215 1895 3748 1968; baseline -0.007 -13"><span class='ocrx_word' id='word_1_204' title='bbox 2215 1902 2449 1963; x_wconf 77' lang='grc' dir='ltr'>κελεύει,</span> <span class='ocrx_word' id='word_1_205' title='bbox 2477 1899 2573 1953; x_wconf 75' lang='grc' dir='ltr'>καὶ</span> <span class='ocrx_word' id='word_1_206' title='bbox 2612 1901 2659 1952; x_wconf 81' lang='grc' dir='ltr'>εί</span> <span class='ocrx_word' id='word_1_207' title='bbox 2694 1898 2768 1968; x_wconf 87' lang='grc' dir='ltr'>μὴ</span> <span class='ocrx_word' id='word_1_208' title='bbox 2792 1898 3013 1951; x_wconf 78' lang='grc' dir='ltr'>ἐκϐάλοι</span> <span class='ocrx_word' id='word_1_209' title='bbox 3046 1897 3238 1961; x_wconf 71' lang='grc' dir='ltr'>αὐτὲις,</span> <span class='ocrx_word' id='word_1_210' title='bbox 3275 1896 3372 1949; x_wconf 71' lang='grc' dir='ltr'>καὶ</span> <span class='ocrx_word' id='word_1_211' title='bbox 3407 1895 3748 1962; x_wconf 74' lang='grc' dir='ltr'>καθαιρεῖσθαι</span> 
     </span>
    </p>
   </div>
   <div class='ocr_carea' id='block_1_31' title="bbox 539 1980 2107 2061">
    <p class='ocr_par' dir='ltr' id='par_1_31' title="bbox 539 1988 2107 2061">
     <span class='ocr_line' id='line_1_31' title="bbox 539 1988 2107 2061; baseline 0.001 -18"><span class='ocrx_word' id='word_1_212' title='bbox 539 1988 757 2059; x_wconf 83' lang='lat' dir='ltr'>jubent.</span> <span class='ocrx_word' id='word_1_213' title='bbox 785 1990 890 2044; x_wconf 90' lang='lat' dir='ltr'>Sed</span> <span class='ocrx_word' id='word_1_214' title='bbox 916 2007 1093 2061; x_wconf 84' lang='lat' dir='ltr'>neque</span> <span class='ocrx_word' id='word_1_215' title='bbox 1121 1993 1171 2047; x_wconf 92' lang='lat' dir='ltr'>in</span> <span class='ocrx_word' id='word_1_216' title='bbox 1197 1995 1597 2055; x_wconf 89' lang='lat' dir='ltr'>suburbanum,</span> <span class='ocrx_word' id='word_1_217' title='bbox 1629 1993 1683 2046; x_wconf 94' lang='lat' dir='ltr'>in</span> <span class='ocrx_word' id='word_1_218' title='bbox 1716 2007 1823 2061; x_wconf 91' lang='lat' dir='ltr'>quo</span> <span class='ocrx_word' id='word_1_219' title='bbox 1858 1991 2107 2045; x_wconf 86' lang='lat' dir='ltr'>ministe-</span> 
     </span>
    </p>
   </div>
   <div class='ocr_carea' id='block_1_32' title="bbox 2178 1980 3746 2061">
    <p class='ocr_par' dir='ltr' id='par_1_32' title="bbox 2178 1985 3746 2061">
     <span class='ocr_line' id='line_1_32' title="bbox 2178 1985 3746 2061; baseline -0.006 -15"><span class='ocrx_word' id='word_1_220' title='bbox 2178 1993 2335 2055; x_wconf 47' lang='grc' dir='ltr'>ιτοῦς</span> <span class='ocrx_word' id='word_1_221' title='bbox 2398 1992 2750 2061; x_wconf 80' lang='grc' dir='ltr'>ίερωμὲνους.</span> <span class='ocrx_word' id='word_1_222' title='bbox 2800 1989 2946 2043; x_wconf 81' lang='grc' dir='ltr'>Ἀλλ’</span> <span class='ocrx_word' id='word_1_223' title='bbox 3004 1989 3125 2041; x_wconf 76' lang='grc' dir='ltr'>οὐδὲ</span> <span class='ocrx_word' id='word_1_224' title='bbox 3180 1990 3237 2040; x_wconf 87' lang='grc' dir='ltr'>ἐν</span> <span class='ocrx_word' id='word_1_225' title='bbox 3289 1985 3614 2055; x_wconf 74' lang='grc' dir='ltr'>προαστείῳ,</span> <span class='ocrx_word' id='word_1_226' title='bbox 3645 1985 3746 2037; x_wconf 78' lang='grc' dir='ltr'>ἑνθα</span> 
     </span>
    </p>
   </div>
   <div class='ocr_carea' id='block_1_33' title="bbox 542 2078 2110 2157">
    <p class='ocr_par' dir='ltr' id='par_1_33' title="bbox 542 2085 2108 2157">
     <span class='ocr_line' id='line_1_33' title="bbox 542 2085 2108 2157; baseline -0.001 -18"><span class='ocrx_word' id='word_1_227' title='bbox 542 2085 622 2139; x_wconf 85' lang='lat' dir='ltr'>ria</span> <span class='ocrx_word' id='word_1_228' title='bbox 660 2102 755 2154; x_wconf 90' lang='lat' dir='ltr'>per</span> <span class='ocrx_word' id='word_1_229' title='bbox 784 2086 1012 2142; x_wconf 85' lang='lat' dir='ltr'>feminas</span> <span class='ocrx_word' id='word_1_230' title='bbox 1040 2098 1389 2149; x_wconf 81' lang='lat' dir='ltr'>exercentur,</span> <span class='ocrx_word' id='word_1_231' title='bbox 1433 2088 1751 2157; x_wconf 84' lang='lat' dir='ltr'>episcopum</span> <span class='ocrx_word' id='word_1_232' title='bbox 1794 2095 1889 2141; x_wconf 88' lang='lat' dir='ltr'>aut</span> <span class='ocrx_word' id='word_1_233' title='bbox 1917 2099 2108 2139; x_wconf 85' lang='lat' dir='ltr'>mona-</span> 
     </span>
    </p>
   </div>
   <div class='ocr_carea' id='block_1_34' title="bbox 2180 2078 3748 2157">
    <p class='ocr_par' dir='ltr' id='par_1_34' title="bbox 2210 2078 3748 2154">
     <span class='ocr_line' id='line_1_34' title="bbox 2210 2078 3748 2154; baseline -0.007 -15"><span class='ocrx_word' id='word_1_234' title='bbox 2210 2086 2468 2153; x_wconf 82' lang='grc' dir='ltr'>γυναῖκές</span> <span class='ocrx_word' id='word_1_235' title='bbox 2501 2088 2638 2138; x_wconf 80' lang='grc' dir='ltr'>εἰσιν</span> <span class='ocrx_word' id='word_1_236' title='bbox 2694 2082 3089 2154; x_wconf 75' lang='grc' dir='ltr'>ύπηρετοῦσαι,</span> <span class='ocrx_word' id='word_1_237' title='bbox 3115 2080 3336 2133; x_wconf 81' lang='grc' dir='ltr'>ἀπιέναι</span> <span class='ocrx_word' id='word_1_238' title='bbox 3373 2079 3611 2147; x_wconf 85' lang='grc' dir='ltr'>βούλεται</span> <span class='ocrx_word' id='word_1_239' title='bbox 3657 2078 3748 2130; x_wconf 84' lang='grc' dir='ltr'>ἐπί-</span> 
     </span>
    </p>
   </div>
   <div class='ocr_carea' id='block_1_35' title="bbox 542 2168 2110 2248">
    <p class='ocr_par' dir='ltr' id='par_1_35' title="bbox 542 2178 2105 2248">
     <span class='ocr_line' id='line_1_35' title="bbox 542 2178 2105 2248; baseline 0.001 -19"><span class='ocrx_word' id='word_1_240' title='bbox 542 2178 693 2231; x_wconf 88' lang='lat' dir='ltr'>sterii</span> <span class='ocrx_word' id='word_1_241' title='bbox 760 2180 1075 2248; x_wconf 62' lang='lat' dir='ltr'>prazfectuni</span> <span class='ocrx_word' id='word_1_242' title='bbox 1129 2180 1278 2234; x_wconf 90' lang='lat' dir='ltr'>abire</span> <span class='ocrx_word' id='word_1_243' title='bbox 1344 2180 1645 2248; x_wconf 82' lang='lat' dir='ltr'>permittit;</span> <span class='ocrx_word' id='word_1_244' title='bbox 1721 2180 1825 2233; x_wconf 92' lang='lat' dir='ltr'>nisi</span> <span class='ocrx_word' id='word_1_245' title='bbox 1890 2178 1995 2232; x_wconf 66' lang='lat' dir='ltr'>illa:</span> <span class='ocrx_word' id='word_1_246' title='bbox 2053 2178 2105 2231; x_wconf 95' lang='lat' dir='ltr'>in</span> 
     </span>
    </p>
   </div>
   <div class='ocr_carea' id='block_1_36' title="bbox 2179 2168 3747 2248">
    <p class='ocr_par' dir='ltr' id='par_1_36' title="bbox 2210 2168 3747 2242">
     <span class='ocr_line' id='line_1_36' title="bbox 2210 2168 3747 2242; baseline -0.006 -17"><span class='ocrx_word' id='word_1_247' title='bbox 2210 2172 2465 2242; x_wconf 82' lang='grc' dir='ltr'>σκοπονῆ</span> <span class='ocrx_word' id='word_1_248' title='bbox 2497 2172 2822 2241; x_wconf 81' lang='grc' dir='ltr'>ἡγούμενον,</span> <span class='ocrx_word' id='word_1_249' title='bbox 2857 2173 2904 2224; x_wconf 89' lang='grc' dir='ltr'>εί</span> <span class='ocrx_word' id='word_1_250' title='bbox 2936 2174 3012 2242; x_wconf 80' lang='grc' dir='ltr'>μὴ</span> <span class='ocrx_word' id='word_1_251' title='bbox 3061 2172 3265 2223; x_wconf 80' lang='grc' dir='ltr'>ἐκεῖναι</span> <span class='ocrx_word' id='word_1_252' title='bbox 3319 2171 3380 2221; x_wconf 83' lang='grc' dir='ltr'>ἐν</span> <span class='ocrx_word' id='word_1_253' title='bbox 3428 2168 3592 2237; x_wconf 78' lang='grc' dir='ltr'>ἑτέρῳ</span> <span class='ocrx_word' id='word_1_254' title='bbox 3627 2168 3747 2233; x_wconf 72' lang='grc' dir='ltr'>τόπῳ</span> 
     </span>
    </p>
   </div>
   <div class='ocr_carea' id='block_1_37' title="bbox 544 2260 2112 2341">
    <p class='ocr_par' dir='ltr' id='par_1_37' title="bbox 544 2267 2109 2341">
     <span class='ocr_line' id='line_1_37' title="bbox 544 2267 2109 2341; baseline 0.003 -21"><span class='ocrx_word' id='word_1_255' title='bbox 544 2267 711 2322; x_wconf 90' lang='lat' dir='ltr'>alium</span> <span class='ocrx_word' id='word_1_256' title='bbox 764 2270 944 2324; x_wconf 90' lang='lat' dir='ltr'>locum</span> <span class='ocrx_word' id='word_1_257' title='bbox 968 2312 983 2332; x_wconf 90' lang='lat'>,</span> <span class='ocrx_word' id='word_1_258' title='bbox 1022 2272 1381 2341; x_wconf 84' lang='lat' dir='ltr'>quoadusque</span> <span class='ocrx_word' id='word_1_259' title='bbox 1415 2272 1704 2339; x_wconf 89' lang='lat' dir='ltr'>episc0pus</span> <span class='ocrx_word' id='word_1_260' title='bbox 1753 2269 2109 2340; x_wconf 71' lang='lat' dir='ltr'>prmfectusve</span> 
     </span>
    </p>
   </div>
   <div class='ocr_carea' id='block_1_38' title="bbox 2177 2260 3745 2341">
    <p class='ocr_par' dir='ltr' id='par_1_38' title="bbox 2213 2260 3745 2335">
     <span class='ocr_line' id='line_1_38' title="bbox 2213 2260 3745 2335; baseline -0.003 -19"><span class='ocrx_word' id='word_1_261' title='bbox 2213 2266 2581 2335; x_wconf 84' lang='grc' dir='ltr'>μεταστῶσιν,</span> <span class='ocrx_word' id='word_1_262' title='bbox 2612 2266 2714 2326; x_wconf 77' lang='grc' dir='ltr'>ἕως</span> <span class='ocrx_word' id='word_1_263' title='bbox 2760 2267 2826 2317; x_wconf 86' lang='grc' dir='ltr'>ἂν</span> <span class='ocrx_word' id='word_1_264' title='bbox 2874 2264 3083 2317; x_wconf 81' lang='grc' dir='ltr'>ἐκεῖθεν</span> <span class='ocrx_word' id='word_1_265' title='bbox 3113 2266 3139 2316; x_wconf 86' lang='grc' dir='ltr'>ὁ</span> <span class='ocrx_word' id='word_1_266' title='bbox 3168 2264 3465 2323; x_wconf 76' lang='grc' dir='ltr'>ἐπίσκοπος</span> <span class='ocrx_word' id='word_1_267' title='bbox 3495 2261 3526 2332; x_wconf 81' lang='grc' dir='ltr'>ἦ</span> <span class='ocrx_word' id='word_1_268' title='bbox 3557 2264 3580 2313; x_wconf 88' lang='lat'>6</span> <span class='ocrx_word' id='word_1_269' title='bbox 3608 2260 3745 2328; x_wconf 76' lang='grc' dir='ltr'>ἡγού-</span> 
     </span>
    </p>
   </div>
   <div class='ocr_carea' id='block_1_39' title="bbox 545 2353 2113 2432">
    <p class='ocr_par' dir='ltr' id='par_1_39' title="bbox 545 2360 2106 2432">
     <span class='ocr_line' id='line_1_39' title="bbox 545 2360 2106 2432; baseline 0.002 -20"><span class='ocrx_word' id='word_1_270' title='bbox 545 2360 885 2425; x_wconf 56' lang='grc' dir='ltr'>δίερεμεθτίι,</span> <span class='ocrx_word' id='word_1_271' title='bbox 920 2372 1221 2417; x_wconf 84' lang='lat' dir='ltr'>transeant.</span> <span class='ocrx_word' id='word_1_272' title='bbox 1260 2363 1399 2431; x_wconf 82' lang='lat' dir='ltr'>Lege</span> <span class='ocrx_word' id='word_1_273' title='bbox 1440 2363 1741 2431; x_wconf 69' lang='lat' dir='ltr'>Ancyran-e</span> <span class='ocrx_word' id='word_1_274' title='bbox 1769 2377 1987 2431; x_wconf 87' lang='lat' dir='ltr'>quoque</span> <span class='ocrx_word' id='word_1_275' title='bbox 2013 2376 2106 2432; x_wconf 82' lang='lat' dir='ltr'>sy-</span> 
     </span>
    </p>
   </div>
   <div class='ocr_carea' id='block_1_40' title="bbox 2178 2353 3746 2432">
    <p class='ocr_par' dir='ltr' id='par_1_40' title="bbox 2213 2353 3746 2425">
     <span class='ocr_line' id='line_1_40' title="bbox 2213 2353 3746 2425; baseline -0.003 -19"><span class='ocrx_word' id='word_1_276' title='bbox 2213 2373 2371 2425; x_wconf 87' lang='grc' dir='ltr'>μενος</span> <span class='ocrx_word' id='word_1_277' title='bbox 2398 2356 2845 2425; x_wconf 75' lang='grc' dir='ltr'>ὑποχωρὴσωσιν.</span> <span class='ocrx_word' id='word_1_278' title='bbox 2877 2356 3278 2419; x_wconf 76' lang='grc' dir='ltr'>’Λντιγνωστέον</span> <span class='ocrx_word' id='word_1_279' title='bbox 3328 2356 3424 2405; x_wconf 77' lang='grc' dir='ltr'>καὶ</span> <span class='ocrx_word' id='word_1_280' title='bbox 3458 2354 3544 2405; x_wconf 75' lang='grc' dir='ltr'>τὸν</span> <span class='ocrx_word' id='word_1_281' title='bbox 3588 2353 3645 2404; x_wconf 89' lang='grc' dir='ltr'>ιθ’</span> <span class='ocrx_word' id='word_1_282' title='bbox 3670 2369 3746 2403; x_wconf 83' lang='grc' dir='ltr'>κα-</span> 
     </span>
    </p>
   </div>
   <div class='ocr_carea' id='block_1_41' title="bbox 550 2444 2118 2521">
    <p class='ocr_par' dir='ltr' id='par_1_41' title="bbox 550 2450 1532 2521">
     <span class='ocr_line' id='line_1_41' title="bbox 550 2450 1532 2521; baseline 0.001 -19"><span class='ocrx_word' id='word_1_283' title='bbox 550 2450 678 2503; x_wconf 86' lang='lat' dir='ltr'>nodi</span> <span class='ocrx_word' id='word_1_284' title='bbox 707 2466 968 2505; x_wconf 89' lang='lat' dir='ltr'>canonem</span> <span class='ocrx_word' id='word_1_285' title='bbox 1005 2452 1496 2520; x_wconf 78' lang='lat' dir='ltr'>undevigesimum.</span> <span class='ocrx_word' id='word_1_286' title='bbox 1522 2512 1532 2521; x_wconf 39' lang='grc' dir='ltr'><strong>ο</strong></span> 
     </span>
    </p>
   </div>
   <div class='ocr_carea' id='block_1_42' title="bbox 1550 2444 3118 2521">
    <p class='ocr_par' dir='ltr' id='par_1_42' title="bbox 2212 2444 3118 2515">
     <span class='ocr_line' id='line_1_42' title="bbox 2212 2444 3118 2515; baseline -0.001 -15"><span class='ocrx_word' id='word_1_287' title='bbox 2212 2448 2337 2500; x_wconf 76' lang='grc' dir='ltr'>νόνα</span> <span class='ocrx_word' id='word_1_288' title='bbox 2370 2444 2470 2515; x_wconf 80' lang='grc' dir='ltr'>τῆς</span> <span class='ocrx_word' id='word_1_289' title='bbox 2504 2450 2561 2499; x_wconf 84' lang='grc' dir='ltr'>ἐν</span> <span class='ocrx_word' id='word_1_290' title='bbox 2596 2448 2841 2515; x_wconf 64' lang='grc' dir='ltr'>Ἀγκύρξι</span> <span class='ocrx_word' id='word_1_291' title='bbox 2874 2448 3118 2500; x_wconf 78' lang='grc' dir='ltr'>συνόδου.</span> 
     </span>
    </p>
   </div>
   <div class='ocr_carea' id='block_1_43' title="bbox 548 2539 2116 2612">
    <p class='ocr_par' dir='ltr' id='par_1_43' title="bbox 548 2544 2110 2612">
     <span class='ocr_line' id='line_1_43' title="bbox 548 2544 2110 2612; baseline 0.001 -16"><span class='ocrx_word' id='word_1_292' title='bbox 548 2544 777 2598; x_wconf 70' lang='grc' dir='ltr'>Αῐιιετ.</span> <span class='ocrx_word' id='word_1_293' title='bbox 815 2564 833 2596; x_wconf 74' lang='grc' dir='ltr'>ι</span> <span class='ocrx_word' id='word_1_294' title='bbox 891 2544 1010 2599; x_wconf 88' lang='lat' dir='ltr'>Non</span> <span class='ocrx_word' id='word_1_295' title='bbox 1055 2555 1270 2612; x_wconf 90' lang='lat' dir='ltr'>oportet</span> <span class='ocrx_word' id='word_1_296' title='bbox 1304 2545 1535 2600; x_wconf 82' lang='lat' dir='ltr'>feminas</span> <span class='ocrx_word' id='word_1_297' title='bbox 1584 2546 1635 2599; x_wconf 90' lang='lat' dir='ltr'>in</span> <span class='ocrx_word' id='word_1_298' title='bbox 1676 2544 1967 2612; x_wconf 67' lang='lat' dir='ltr'>eptscopiis</span> <span class='ocrx_word' id='word_1_299' title='bbox 2017 2552 2110 2597; x_wconf 87' lang='lat' dir='ltr'>aut</span> 
     </span>
    </p>
   </div>
   <div class='ocr_carea' id='block_1_44' title="bbox 2179 2539 3747 2612">
    <p class='ocr_par' dir='ltr' id='par_1_44' title="bbox 2211 2539 3747 2608">
     <span class='ocr_line' id='line_1_44' title="bbox 2211 2539 3747 2608; baseline 0.001 -18"><span class='ocrx_word' id='word_1_300' title='bbox 2211 2539 2431 2595; x_wconf 79' lang='grc' dir='ltr'>ΑΡΙΣΤ.</span> <span class='ocrx_word' id='word_1_301' title='bbox 2469 2558 2487 2590; x_wconf 78' lang='grc' dir='ltr'>ι</span> <span class='ocrx_word' id='word_1_302' title='bbox 2535 2540 2607 2593; x_wconf 80' lang='grc' dir='ltr'>Ού</span> <span class='ocrx_word' id='word_1_303' title='bbox 2675 2541 2754 2592; x_wconf 72' lang='grc' dir='ltr'>δεῖ</span> <span class='ocrx_word' id='word_1_304' title='bbox 2808 2543 3071 2608; x_wconf 82' lang='grc' dir='ltr'>γυναῖκας</span> <span class='ocrx_word' id='word_1_305' title='bbox 3142 2540 3509 2594; x_wconf 71' lang='grc' dir='ltr'>ἐνδιαιτᾶσθαι</span> <span class='ocrx_word' id='word_1_306' title='bbox 3567 2542 3747 2592; x_wconf 67' lang='grc' dir='ltr'>ἐπισκο-</span> 
     </span>
    </p>
   </div>
   <div class='ocr_carea' id='block_1_45' title="bbox 620 2630 2188 2701">
    <p class='ocr_par' dir='ltr' id='par_1_45' title="bbox 620 2630 2108 2699">
     <span class='ocr_line' id='line_1_45' title="bbox 620 2630 2108 2699; baseline -0.003 -14"><span class='ocrx_word' id='word_1_307' title='bbox 620 2652 639 2685; x_wconf 81' lang='grc' dir='ltr'>ι</span> <span class='ocrx_word' id='word_1_308' title='bbox 688 2633 1031 2699; x_wconf 65' lang='lat' dir='ltr'>monasteriis</span> <span class='ocrx_word' id='word_1_309' title='bbox 1060 2633 1407 2688; x_wconf 90' lang='lat' dir='ltr'>commorari.</span> <span class='ocrx_word' id='word_1_310' title='bbox 1436 2633 1490 2685; x_wconf 84' lang='lat' dir='ltr'>Si</span> <span class='ocrx_word' id='word_1_311' title='bbox 1520 2646 1624 2699; x_wconf 91' lang='lat' dir='ltr'>qua</span> <span class='ocrx_word' id='word_1_312' title='bbox 1653 2632 1814 2698; x_wconf 78' lang='lat' dir='ltr'>igitur</span> <span class='ocrx_word' id='word_1_313' title='bbox 1843 2630 1944 2682; x_wconf 93' lang='lat' dir='ltr'>hoc</span> <span class='ocrx_word' id='word_1_314' title='bbox 1977 2644 2108 2682; x_wconf 67' lang='lat' dir='ltr'>ausa</span> 
     </span>
    </p>
   </div>
   <div class='ocr_carea' id='block_1_46' title="bbox 2175 2630 3743 2701">
    <p class='ocr_par' dir='ltr' id='par_1_46' title="bbox 2290 2631 3743 2701">
     <span class='ocr_line' id='line_1_46' title="bbox 2290 2631 3743 2701; baseline 0.001 -20"><span class='ocrx_word' id='word_1_315' title='bbox 2290 2651 2308 2681; x_wconf 79' lang='grc' dir='ltr'>ι</span> <span class='ocrx_word' id='word_1_316' title='bbox 2356 2631 2530 2693; x_wconf 84' lang='grc' dir='ltr'>πείοις</span> <span class='ocrx_word' id='word_1_317' title='bbox 2560 2632 2592 2701; x_wconf 83' lang='grc' dir='ltr'><strong>ἢ</strong></span> <span class='ocrx_word' id='word_1_318' title='bbox 2634 2633 3017 2701; x_wconf 82' lang='grc' dir='ltr'>μοναστηρὶοις</span> <span class='ocrx_word' id='word_1_319' title='bbox 3040 2651 3055 2663; x_wconf 80' lang='grc'><em>’</em></span> <span class='ocrx_word' id='word_1_320' title='bbox 3088 2635 3241 2696; x_wconf 79' lang='grc' dir='ltr'>εἴτις</span> <span class='ocrx_word' id='word_1_321' title='bbox 3271 2635 3370 2687; x_wconf 81' lang='grc' dir='ltr'>οὖν</span> <span class='ocrx_word' id='word_1_322' title='bbox 3400 2636 3551 2687; x_wconf 73' lang='grc' dir='ltr'>τοῦτο</span> <span class='ocrx_word' id='word_1_323' title='bbox 3580 2634 3743 2701; x_wconf 68' lang='grc' dir='ltr'>τολμή-</span> 
     </span>
    </p>
   </div>
   <div class='ocr_carea' id='block_1_47' title="bbox 626 2712 2194 2795">
    <p class='ocr_par' dir='ltr' id='par_1_47' title="bbox 626 2723 2107 2795">
     <span class='ocr_line' id='line_1_47' title="bbox 626 2723 2107 2795; baseline -0.005 -15"><span class='ocrx_word' id='word_1_324' title='bbox 626 2744 645 2780; x_wconf 79' lang='grc' dir='ltr'>ι</span> <span class='ocrx_word' id='word_1_325' title='bbox 690 2725 1445 2795; x_wconf 83' lang='lat' dir='ltr'>fuerit,reprehendatur:‘sin</span> <span class='ocrx_word' id='word_1_326' title='bbox 1470 2723 2107 2794; x_wconf 86' lang='lat' dir='ltr'>perstiterit,dcponatur.</span> 
     </span>
    </p>
   </div>
   <div class='ocr_carea' id='block_1_48' title="bbox 2234 2712 3802 2795">
    <p class='ocr_par' dir='ltr' id='par_1_48' title="bbox 2287 2724 3744 2794">
     <span class='ocr_line' id='line_1_48' title="bbox 2287 2724 3744 2794; baseline 0.002 -20"><span class='ocrx_word' id='word_1_327' title='bbox 2287 2744 2304 2774; x_wconf 78' lang='grc' dir='ltr'><strong>σ</strong></span> <span class='ocrx_word' id='word_1_328' title='bbox 2354 2742 2456 2783; x_wconf 89' lang='grc' dir='ltr'>σει,</span> <span class='ocrx_word' id='word_1_329' title='bbox 2496 2725 2874 2793; x_wconf 74' lang='grc' dir='ltr'>ἐπιτιμᾶσθω·</span> <span class='ocrx_word' id='word_1_330' title='bbox 2907 2728 2956 2777; x_wconf 82' lang='grc' dir='ltr'>εἰ</span> <span class='ocrx_word' id='word_1_331' title='bbox 2991 2725 3045 2777; x_wconf 82' lang='grc' dir='ltr'>δὲ</span> <span class='ocrx_word' id='word_1_332' title='bbox 3078 2725 3354 2794; x_wconf 76' lang='grc' dir='ltr'>ἐπιμένει,</span> <span class='ocrx_word' id='word_1_333' title='bbox 3392 2724 3744 2793; x_wconf 69' lang='grc' dir='ltr'>καθαιρείσθω.</span> 
     </span>
    </p>
   </div>
   <div class='ocr_carea' id='block_1_49' title="bbox 622 2812 2190 2887">
    <p class='ocr_par' dir='ltr' id='par_1_49' title="bbox 622 2812 2109 2885">
     <span class='ocr_line' id='line_1_49' title="bbox 622 2812 2109 2885; baseline -0.001 -20"><span class='ocrx_word' id='word_1_334' title='bbox 622 2834 642 2865; x_wconf 76' lang='grc' dir='ltr'>ι</span> <span class='ocrx_word' id='word_1_335' title='bbox 681 2816 991 2880; x_wconf 83' lang='lat' dir='ltr'>Quinetiam</span> <span class='ocrx_word' id='word_1_336' title='bbox 1012 2816 1324 2885; x_wconf 88' lang='lat' dir='ltr'>ubicunque</span> <span class='ocrx_word' id='word_1_337' title='bbox 1353 2817 1645 2884; x_wconf 88' lang='lat' dir='ltr'>episcopus</span> <span class='ocrx_word' id='word_1_338' title='bbox 1673 2815 1753 2868; x_wconf 88' lang='lat' dir='ltr'>vel</span> <span class='ocrx_word' id='word_1_339' title='bbox 1790 2812 2109 2867; x_wconf 78' lang='lat' dir='ltr'>monasterii</span> 
     </span>
    </p>
   </div>
   <div class='ocr_carea' id='block_1_50' title="bbox 2177 2812 3745 2887">
    <p class='ocr_par' dir='ltr' id='par_1_50' title="bbox 2288 2816 3745 2887">
     <span class='ocr_line' id='line_1_50' title="bbox 2288 2816 3745 2887; baseline -0.001 -17"><span class='ocrx_word' id='word_1_340' title='bbox 2288 2838 2306 2870; x_wconf 78' lang='grc' dir='ltr'>ι</span> <span class='ocrx_word' id='word_1_341' title='bbox 2352 2818 2511 2871; x_wconf 79' lang='grc' dir='ltr'>Ἀλλὰ</span> <span class='ocrx_word' id='word_1_342' title='bbox 2544 2820 2637 2870; x_wconf 67' lang='grc' dir='ltr'>καὶ</span> <span class='ocrx_word' id='word_1_343' title='bbox 2674 2817 2800 2869; x_wconf 81' lang='grc' dir='ltr'>ἔνθα</span> <span class='ocrx_word' id='word_1_344' title='bbox 2841 2818 3179 2881; x_wconf 71' lang='grc' dir='ltr'>παραϐάλλει</span> <span class='ocrx_word' id='word_1_345' title='bbox 3224 2819 3521 2881; x_wconf 77' lang='grc' dir='ltr'>ἐπίσκοπος</span> <span class='ocrx_word' id='word_1_346' title='bbox 3556 2819 3585 2887; x_wconf 79' lang='grc' dir='ltr'>ἦ</span> <span class='ocrx_word' id='word_1_347' title='bbox 3620 2816 3745 2884; x_wconf 78' lang='grc' dir='ltr'>ἡγού-</span> 
     </span>
    </p>
   </div>
   <div class='ocr_carea' id='block_1_51' title="bbox 620 2905 2188 2981">
    <p class='ocr_par' dir='ltr' id='par_1_51' title="bbox 620 2905 2110 2981">
     <span class='ocr_line' id='line_1_51' title="bbox 620 2905 2110 2981; baseline -0.003 -18"><span class='ocrx_word' id='word_1_348' title='bbox 620 2926 638 2957; x_wconf 78' lang='grc' dir='ltr'>ι</span> <span class='ocrx_word' id='word_1_349' title='bbox 685 2909 973 2981; x_wconf 68' lang='lat' dir='ltr'>praefectus</span> <span class='ocrx_word' id='word_1_350' title='bbox 1000 2908 1256 2971; x_wconf 90' lang='lat' dir='ltr'>adfuerit,</span> <span class='ocrx_word' id='word_1_351' title='bbox 1294 2908 1438 2963; x_wconf 90' lang='lat' dir='ltr'>nulla</span> <span class='ocrx_word' id='word_1_352' title='bbox 1473 2909 1667 2962; x_wconf 90' lang='lat' dir='ltr'>mulier</span> <span class='ocrx_word' id='word_1_353' title='bbox 1694 2908 1989 2969; x_wconf 86' lang='lat' dir='ltr'>ministret,</span> <span class='ocrx_word' id='word_1_354' title='bbox 2028 2905 2110 2959; x_wconf 89' lang='lat' dir='ltr'>vel</span> 
     </span>
    </p>
   </div>
   <div class='ocr_carea' id='block_1_52' title="bbox 2172 2905 3740 2981">
    <p class='ocr_par' dir='ltr' id='par_1_52' title="bbox 2287 2909 3740 2980">
     <span class='ocr_line' id='line_1_52' title="bbox 2287 2909 3740 2980; baseline -0.001 -19"><span class='ocrx_word' id='word_1_355' title='bbox 2287 2931 2304 2961; x_wconf 82' lang='grc' dir='ltr'>ι</span> <span class='ocrx_word' id='word_1_356' title='bbox 2356 2928 2534 2979; x_wconf 85' lang='grc' dir='ltr'>μενος,</span> <span class='ocrx_word' id='word_1_357' title='bbox 2571 2910 2810 2979; x_wconf 74' lang='grc' dir='ltr'>μηδεμία</span> <span class='ocrx_word' id='word_1_358' title='bbox 2862 2910 3000 2978; x_wconf 86' lang='grc' dir='ltr'>γυνὴ</span> <span class='ocrx_word' id='word_1_359' title='bbox 3033 2909 3369 2971; x_wconf 78' lang='grc' dir='ltr'>διακονείτω,</span> <span class='ocrx_word' id='word_1_360' title='bbox 3400 2911 3433 2980; x_wconf 82' lang='grc' dir='ltr'>ἢ</span> <span class='ocrx_word' id='word_1_361' title='bbox 3468 2909 3740 2979; x_wconf 76' lang='grc' dir='ltr'>φαινέσθω·</span> 
     </span>
    </p>
   </div>
   <div class='ocr_carea' id='block_1_53' title="bbox 621 2998 2189 3071">
    <p class='ocr_par' dir='ltr' id='par_1_53' title="bbox 621 2998 2105 3069">
     <span class='ocr_line' id='line_1_53' title="bbox 621 2998 2105 3069; baseline -0.003 -16"><span class='ocrx_word' id='word_1_362' title='bbox 621 3021 639 3053; x_wconf 78' lang='grc' dir='ltr'>ι</span> <span class='ocrx_word' id='word_1_363' title='bbox 677 3012 934 3069; x_wconf 86' lang='lat' dir='ltr'>apparet;</span> <span class='ocrx_word' id='word_1_364' title='bbox 967 3002 1061 3055; x_wconf 91' lang='lat' dir='ltr'>sed</span> <span class='ocrx_word' id='word_1_365' title='bbox 1087 3016 1331 3055; x_wconf 90' lang='lat' dir='ltr'>seorsum</span> <span class='ocrx_word' id='word_1_366' title='bbox 1364 3008 1520 3067; x_wconf 83' lang='lat' dir='ltr'>agat,</span> <span class='ocrx_word' id='word_1_367' title='bbox 1555 3000 1726 3054; x_wconf 88' lang='lat' dir='ltr'>donec</span> <span class='ocrx_word' id='word_1_368' title='bbox 1750 2998 2055 3053; x_wconf 82' lang='lat' dir='ltr'>recesserit.</span> <span class='ocrx_word' id='word_1_369' title='bbox 2088 3016 2105 3047; x_wconf 74' lang='grc' dir='ltr'>ι</span> 
     </span>
    </p>
   </div>
   <div class='ocr_carea' id='block_1_54' title="bbox 1922 2998 3490 3071">
    <p class='ocr_par' dir='ltr' id='par_1_54' title="bbox 1922 2998 3490 3071">
     <span class='ocr_line' id='line_1_54' title="bbox 1922 2998 3490 3071; baseline 0.001 -20"><span class='ocrx_word' id='word_1_370' title='bbox 1922 2998 2055 3051; x_wconf 62' lang='lat' dir='ltr'>ierit.</span> <span class='ocrx_word' id='word_1_371' title='bbox 2088 3016 2105 3047; x_wconf 76' lang='grc' dir='ltr'>ι</span> <span class='ocrx_word' id='word_1_372' title='bbox 2287 3022 2303 3052; x_wconf 80' lang='grc' dir='ltr'>ι</span> <span class='ocrx_word' id='word_1_373' title='bbox 2346 3003 2461 3055; x_wconf 82' lang='grc' dir='ltr'>ἀλλ’</span> <span class='ocrx_word' id='word_1_374' title='bbox 2499 3002 2745 3064; x_wconf 77' lang='grc' dir='ltr'>ἱδιαζέτω</span> <span class='ocrx_word' id='word_1_375' title='bbox 2776 3003 2968 3071; x_wconf 79' lang='grc' dir='ltr'>μέχρις</span> <span class='ocrx_word' id='word_1_376' title='bbox 3000 3003 3427 3071; x_wconf 74' lang='grc' dir='ltr'>ἀναχωρήσεως.</span> <span class='ocrx_word' id='word_1_377' title='bbox 3474 3022 3490 3053; x_wconf 74' lang='grc' dir='ltr'>ι</span> 
     </span>
    </p>
   </div>
   <div class='ocr_carea' id='block_1_55' title="bbox 618 3090 2186 3166">
    <p class='ocr_par' dir='ltr' id='par_1_55' title="bbox 618 3090 2109 3165">
     <span class='ocr_line' id='line_1_55' title="bbox 618 3090 2109 3165; baseline -0.003 -18"><span class='ocrx_word' id='word_1_378' title='bbox 618 3095 748 3150; x_wconf 86' lang='lat' dir='ltr'>Sine</span> <span class='ocrx_word' id='word_1_379' title='bbox 798 3093 1100 3149; x_wconf 77' lang='lat' dir='ltr'>offensione</span> <span class='ocrx_word' id='word_1_380' title='bbox 1151 3103 1367 3165; x_wconf 87' lang='lat' dir='ltr'>oportet</span> <span class='ocrx_word' id='word_1_381' title='bbox 1409 3109 1510 3147; x_wconf 90' lang='lat' dir='ltr'>nos</span> <span class='ocrx_word' id='word_1_382' title='bbox 1542 3109 1665 3149; x_wconf 88' lang='lat' dir='ltr'>esse</span> <span class='ocrx_word' id='word_1_383' title='bbox 1710 3094 1878 3145; x_wconf 87' lang='lat' dir='ltr'>etiam</span> <span class='ocrx_word' id='word_1_384' title='bbox 1922 3091 1988 3145; x_wconf 92' lang='lat' dir='ltr'>iis</span> <span class='ocrx_word' id='word_1_385' title='bbox 2018 3090 2109 3157; x_wconf 84' lang='lat' dir='ltr'>qui</span> 
     </span>
    </p>
   </div>
   <div class='ocr_carea' id='block_1_56' title="bbox 2172 3090 3740 3166">
    <p class='ocr_par' dir='ltr' id='par_1_56' title="bbox 2304 3091 3740 3166">
     <span class='ocr_line' id='line_1_56' title="bbox 2304 3091 3740 3166; baseline -0.003 -20"><span class='ocrx_word' id='word_1_386' title='bbox 2304 3095 2712 3166; x_wconf 75' lang='grc' dir='ltr'>’Λπροσκὸπους</span> <span class='ocrx_word' id='word_1_387' title='bbox 2740 3095 2823 3146; x_wconf 80' lang='grc' dir='ltr'>δέτ</span> <span class='ocrx_word' id='word_1_388' title='bbox 2852 3095 3001 3164; x_wconf 75' lang='grc' dir='ltr'>ἡμᾶς</span> <span class='ocrx_word' id='word_1_389' title='bbox 3028 3093 3272 3161; x_wconf 85' lang='grc' dir='ltr'>γίνεσθαι</span> <span class='ocrx_word' id='word_1_390' title='bbox 3304 3094 3401 3145; x_wconf 71' lang='grc' dir='ltr'>καὶ</span> <span class='ocrx_word' id='word_1_391' title='bbox 3428 3097 3535 3154; x_wconf 75' lang='grc' dir='ltr'>τοῖς</span> <span class='ocrx_word' id='word_1_392' title='bbox 3560 3091 3740 3156; x_wconf 76' lang='grc' dir='ltr'>ἔξωθεν.</span> 
     </span>
    </p>
   </div>
   <div class='ocr_carea' id='block_1_57' title="bbox 545 3179 2113 3253">
    <p class='ocr_par' dir='ltr' id='par_1_57' title="bbox 545 3179 2113 3253">
     <span class='ocr_line' id='line_1_57' title="bbox 545 3179 2113 3253; baseline -0.007 -10"><span class='ocrx_word' id='word_1_393' title='bbox 545 3194 700 3243; x_wconf 81' lang='lat' dir='ltr'>extra</span> <span class='ocrx_word' id='word_1_394' title='bbox 738 3196 887 3250; x_wconf 92' lang='lat' dir='ltr'>sunt,</span> <span class='ocrx_word' id='word_1_395' title='bbox 922 3186 1223 3243; x_wconf 90' lang='lat' dir='ltr'>secundum</span> <span class='ocrx_word' id='word_1_396' title='bbox 1269 3184 1513 3240; x_wconf 88' lang='lat' dir='ltr'>divinum</span> <span class='ocrx_word' id='word_1_397' title='bbox 1548 3183 1869 3253; x_wconf 84' lang='lat' dir='ltr'>Apostolum</span> <span class='ocrx_word' id='word_1_398' title='bbox 1899 3199 1913 3246; x_wconf 90' lang='lat'>;</span> <span class='ocrx_word' id='word_1_399' title='bbox 1942 3190 1995 3234; x_wconf 93' lang='lat' dir='ltr'>et</span> <span class='ocrx_word' id='word_1_400' title='bbox 2030 3179 2113 3232; x_wconf 89' lang='lat' dir='ltr'>id-</span> 
     </span>
    </p>
   </div>
   <div class='ocr_carea' id='block_1_58' title="bbox 2173 3179 3741 3253">
    <p class='ocr_par' dir='ltr' id='par_1_58' title="bbox 2213 3182 3741 3239">
     <span class='ocr_line' id='line_1_58' title="bbox 2213 3182 3741 3239; baseline -0.003 -2"><span class='ocrx_word' id='word_1_401' title='bbox 2213 3186 2351 3238; x_wconf 73' lang='grc' dir='ltr'>κατα</span> <span class='ocrx_word' id='word_1_402' title='bbox 2382 3186 2472 3238; x_wconf 70' lang='grc' dir='ltr'>τὸν</span> <span class='ocrx_word' id='word_1_403' title='bbox 2505 3188 2647 3239; x_wconf 79' lang='grc' dir='ltr'>θεῖον</span> <span class='ocrx_word' id='word_1_404' title='bbox 2701 3185 3063 3239; x_wconf 79' lang='grc' dir='ltr'>Ἀπόστολον’</span> <span class='ocrx_word' id='word_1_405' title='bbox 3118 3186 3209 3237; x_wconf 76' lang='grc' dir='ltr'>καὶ</span> <span class='ocrx_word' id='word_1_406' title='bbox 3257 3185 3345 3236; x_wconf 75' lang='grc' dir='ltr'>διὰ</span> <span class='ocrx_word' id='word_1_407' title='bbox 3396 3184 3551 3235; x_wconf 76' lang='grc' dir='ltr'>τοῦτο</span> <span class='ocrx_word' id='word_1_408' title='bbox 3595 3184 3649 3235; x_wconf 81' lang='grc' dir='ltr'>ού</span> <span class='ocrx_word' id='word_1_409' title='bbox 3684 3182 3741 3233; x_wconf 77' lang='grc' dir='ltr'>δεῖ</span> 
     </span>
    </p>
   </div>
   <div class='ocr_carea' id='block_1_59' title="bbox 545 3276 2113 3348">
    <p class='ocr_par' dir='ltr' id='par_1_59' title="bbox 545 3276 2113 3347">
     <span class='ocr_line' id='line_1_59' title="bbox 545 3276 2113 3347; baseline -0.005 -15"><span class='ocrx_word' id='word_1_410' title='bbox 545 3282 696 3333; x_wconf 89' lang='lat' dir='ltr'>circo</span> <span class='ocrx_word' id='word_1_411' title='bbox 721 3280 980 3335; x_wconf 88' lang='lat' dir='ltr'>mulieres</span> <span class='ocrx_word' id='word_1_412' title='bbox 1018 3279 1071 3333; x_wconf 87' lang='lat' dir='ltr'>in</span> <span class='ocrx_word' id='word_1_413' title='bbox 1102 3277 1399 3347; x_wconf 78' lang='lat' dir='ltr'>episcopiis</span> <span class='ocrx_word' id='word_1_414' title='bbox 1429 3286 1525 3330; x_wconf 90' lang='lat' dir='ltr'>aut</span> <span class='ocrx_word' id='word_1_415' title='bbox 1552 3276 1795 3329; x_wconf 88' lang='lat' dir='ltr'>virorum</span> <span class='ocrx_word' id='word_1_416' title='bbox 1835 3282 2113 3326; x_wconf 82' lang='lat' dir='ltr'>monaste-</span> 
     </span>
    </p>
   </div>
   <div class='ocr_carea' id='block_1_60' title="bbox 2172 3276 3740 3348">
    <p class='ocr_par' dir='ltr' id='par_1_60' title="bbox 2216 3277 3740 3348">
     <span class='ocr_line' id='line_1_60' title="bbox 2216 3277 3740 3348; baseline -0.003 -18"><span class='ocrx_word' id='word_1_417' title='bbox 2216 3281 2476 3345; x_wconf 79' lang='grc' dir='ltr'>γυναῖκας</span> <span class='ocrx_word' id='word_1_418' title='bbox 2511 3280 2680 3330; x_wconf 81' lang='grc' dir='ltr'>οἰκεῖν</span> <span class='ocrx_word' id='word_1_419' title='bbox 2724 3280 2779 3330; x_wconf 75' lang='grc' dir='ltr'>ἐν</span> <span class='ocrx_word' id='word_1_420' title='bbox 2824 3278 3197 3337; x_wconf 76' lang='grc' dir='ltr'>ἐπισκοπεῖοις</span> <span class='ocrx_word' id='word_1_421' title='bbox 3249 3277 3281 3348; x_wconf 75' lang='grc' dir='ltr'>ἦ</span> <span class='ocrx_word' id='word_1_422' title='bbox 3316 3277 3579 3346; x_wconf 78' lang='grc' dir='ltr'>ἁνδρῴοις</span> <span class='ocrx_word' id='word_1_423' title='bbox 3611 3292 3740 3343; x_wconf 78' lang='grc' dir='ltr'>μονα·</span> 
     </span>
    </p>
   </div>
   <div class='ocr_carea' id='block_1_61' title="bbox 545 3354 2113 3442">
    <p class='ocr_par' dir='ltr' id='par_1_61' title="bbox 545 3367 2113 3438">
     <span class='ocr_line' id='line_1_61' title="bbox 545 3367 2113 3438; baseline -0.004 -15"><span class='ocrx_word' id='word_1_424' title='bbox 545 3372 643 3425; x_wconf 80' lang='lat' dir='ltr'>t&#39;iis</span> <span class='ocrx_word' id='word_1_425' title='bbox 696 3372 943 3426; x_wconf 86' lang='lat' dir='ltr'>habitare</span> <span class='ocrx_word' id='word_1_426' title='bbox 990 3386 1098 3423; x_wconf 92' lang='lat' dir='ltr'>non</span> <span class='ocrx_word' id='word_1_427' title='bbox 1152 3380 1405 3438; x_wconf 87' lang='lat' dir='ltr'>oportet;</span> <span class='ocrx_word' id='word_1_428' title='bbox 1468 3368 1563 3422; x_wconf 90' lang='lat' dir='ltr'>sed</span> <span class='ocrx_word' id='word_1_429' title='bbox 1628 3384 1752 3421; x_wconf 85' lang='lat' dir='ltr'>cum</span> <span class='ocrx_word' id='word_1_430' title='bbox 1802 3367 1896 3435; x_wconf 90' lang='lat' dir='ltr'>qui</span> <span class='ocrx_word' id='word_1_431' title='bbox 1947 3379 2113 3418; x_wconf 89' lang='lat' dir='ltr'>ausus</span> 
     </span>
    </p>
   </div>
   <div class='ocr_carea' id='block_1_62' title="bbox 2168 3354 3736 3442">
    <p class='ocr_par' dir='ltr' id='par_1_62' title="bbox 2168 3354 3736 3442">
     <span class='ocr_line' id='line_1_62' title="bbox 2168 3354 3736 3442; baseline -0.003 -21"><span class='ocrx_word' id='word_1_432' title='bbox 2168 3354 2493 3440; x_wconf 62' lang='grc' dir='ltr'>Ξστηρίοις·</span> <span class='ocrx_word' id='word_1_433' title='bbox 2543 3370 2677 3424; x_wconf 76' lang='grc' dir='ltr'>ἀλλὰ</span> <span class='ocrx_word' id='word_1_434' title='bbox 2725 3371 2815 3423; x_wconf 75' lang='grc' dir='ltr'>τὸν</span> <span class='ocrx_word' id='word_1_435' title='bbox 2872 3372 3234 3442; x_wconf 79' lang='grc' dir='ltr'>τολμήσαντα</span> <span class='ocrx_word' id='word_1_436' title='bbox 3305 3370 3455 3439; x_wconf 81' lang='grc' dir='ltr'>ἔχειν</span> <span class='ocrx_word' id='word_1_437' title='bbox 3509 3364 3736 3437; x_wconf 79' lang='grc' dir='ltr'>δούληνῆ</span> 
     </span>
    </p>
   </div>
   <div class='ocr_carea' id='block_1_63' title="bbox 558 3455 2126 3533">
    <p class='ocr_par' dir='ltr' id='par_1_63' title="bbox 558 3455 2117 3528">
     <span class='ocr_line' id='line_1_63' title="bbox 558 3455 2117 3528; baseline -0.005 -15"><span class='ocrx_word' id='word_1_438' title='bbox 558 3462 731 3515; x_wconf 75' lang='lat' dir='ltr'>fuerit</span> <span class='ocrx_word' id='word_1_439' title='bbox 763 3459 1014 3515; x_wconf 84' lang='lat' dir='ltr'>ancillam</span> <span class='ocrx_word' id='word_1_440' title='bbox 1042 3460 1122 3513; x_wconf 84' lang='lat' dir='ltr'>vel</span> <span class='ocrx_word' id='word_1_441' title='bbox 1158 3461 1383 3515; x_wconf 89' lang='lat' dir='ltr'>liberam</span> <span class='ocrx_word' id='word_1_442' title='bbox 1416 3461 1487 3514; x_wconf 93' lang='lat' dir='ltr'>ob</span> <span class='ocrx_word' id='word_1_443' title='bbox 1515 3458 1731 3528; x_wconf 85' lang='lat' dir='ltr'>aliquod</span> <span class='ocrx_word' id='word_1_444' title='bbox 1758 3455 2117 3511; x_wconf 91' lang='lat' dir='ltr'>ministerium</span> 
     </span>
    </p>
   </div>
   <div class='ocr_carea' id='block_1_64' title="bbox 2171 3455 3739 3533">
    <p class='ocr_par' dir='ltr' id='par_1_64' title="bbox 2218 3457 3739 3533">
     <span class='ocr_line' id='line_1_64' title="bbox 2218 3457 3739 3533; baseline -0.007 -18"><span class='ocrx_word' id='word_1_445' title='bbox 2218 3464 2510 3531; x_wconf 82' lang='grc' dir='ltr'>ἐλευθέραν</span> <span class='ocrx_word' id='word_1_446' title='bbox 2541 3464 2597 3516; x_wconf 84' lang='grc' dir='ltr'>ἐν</span> <span class='ocrx_word' id='word_1_447' title='bbox 2634 3463 2712 3533; x_wconf 82' lang='grc' dir='ltr'>τῷ</span> <span class='ocrx_word' id='word_1_448' title='bbox 2760 3464 3099 3531; x_wconf 78' lang='grc' dir='ltr'>ἐπισκοπείῳ</span> <span class='ocrx_word' id='word_1_449' title='bbox 3134 3462 3165 3531; x_wconf 81' lang='grc' dir='ltr'>ἢ</span> <span class='ocrx_word' id='word_1_450' title='bbox 3203 3464 3260 3514; x_wconf 85' lang='grc' dir='ltr'>ἐν</span> <span class='ocrx_word' id='word_1_451' title='bbox 3307 3461 3389 3530; x_wconf 82' lang='grc' dir='ltr'>τῷ</span> <span class='ocrx_word' id='word_1_452' title='bbox 3438 3457 3739 3530; x_wconf 72' lang='grc' dir='ltr'>μοναστηρίῳ</span> 
     </span>
    </p>
   </div>
   <div class='ocr_carea' id='block_1_65' title="bbox 549 3550 2117 3625">
    <p class='ocr_par' dir='ltr' id='par_1_65' title="bbox 549 3550 2117 3624">
     <span class='ocr_line' id='line_1_65' title="bbox 549 3550 2117 3624; baseline -0.003 -17"><span class='ocrx_word' id='word_1_453' title='bbox 549 3556 604 3609; x_wconf 91' lang='lat' dir='ltr'>in</span> <span class='ocrx_word' id='word_1_454' title='bbox 637 3556 915 3624; x_wconf 84' lang='lat' dir='ltr'>episcopio</span> <span class='ocrx_word' id='word_1_455' title='bbox 964 3564 1056 3609; x_wconf 89' lang='lat' dir='ltr'>aut</span> <span class='ocrx_word' id='word_1_456' title='bbox 1098 3554 1431 3609; x_wconf 90' lang='lat' dir='ltr'>monasterio</span> <span class='ocrx_word' id='word_1_457' title='bbox 1473 3553 1745 3614; x_wconf 87' lang='lat' dir='ltr'>retinere,</span> <span class='ocrx_word' id='word_1_458' title='bbox 1794 3550 2117 3620; x_wconf 80' lang='lat' dir='ltr'>reprehendi</span> 
     </span>
    </p>
   </div>
   <div class='ocr_carea' id='block_1_66' title="bbox 2174 3550 3742 3625">
    <p class='ocr_par' dir='ltr' id='par_1_66' title="bbox 2215 3550 3742 3625">
     <span class='ocr_line' id='line_1_66' title="bbox 2215 3550 3742 3625; baseline -0.005 -18"><span class='ocrx_word' id='word_1_459' title='bbox 2215 3555 2303 3609; x_wconf 78' lang='grc' dir='ltr'>διά</span> <span class='ocrx_word' id='word_1_460' title='bbox 2345 3574 2465 3608; x_wconf 86' lang='grc' dir='ltr'>τινα</span> <span class='ocrx_word' id='word_1_461' title='bbox 2506 3556 2812 3624; x_wconf 75' lang='grc' dir='ltr'>ὑπηρεσίαν</span> <span class='ocrx_word' id='word_1_462' title='bbox 2863 3556 3225 3625; x_wconf 75' lang='grc' dir='ltr'>ἐπιτιμᾶσθαι</span> <span class='ocrx_word' id='word_1_463' title='bbox 3270 3555 3680 3625; x_wconf 75' lang='grc' dir='ltr'>προστάττουσιν</span> <span class='ocrx_word' id='word_1_464' title='bbox 3705 3550 3742 3601; x_wconf 84' lang='lat' dir='ltr'>oi</span> 
     </span>
    </p>
   </div>
   <div class='ocr_carea' id='block_1_67' title="bbox 544 3644 2112 3718">
    <p class='ocr_par' dir='ltr' id='par_1_67' title="bbox 544 3644 2112 3715">
     <span class='ocr_line' id='line_1_67' title="bbox 544 3644 2112 3715; baseline -0.005 -14"><span class='ocrx_word' id='word_1_465' title='bbox 544 3650 736 3715; x_wconf 74' lang='lat' dir='ltr'>iubent</span> <span class='ocrx_word' id='word_1_466' title='bbox 779 3649 985 3703; x_wconf 84' lang='lat' dir='ltr'>Patres.</span> <span class='ocrx_word' id='word_1_467' title='bbox 1027 3646 1161 3699; x_wconf 86' lang='lat' dir='ltr'>Eum</span> <span class='ocrx_word' id='word_1_468' title='bbox 1194 3654 1398 3709; x_wconf 90' lang='lat' dir='ltr'>autem,</span> <span class='ocrx_word' id='word_1_469' title='bbox 1434 3645 1526 3713; x_wconf 86' lang='lat' dir='ltr'>qui</span> <span class='ocrx_word' id='word_1_470' title='bbox 1565 3654 1619 3699; x_wconf 90' lang='lat' dir='ltr'>et</span> <span class='ocrx_word' id='word_1_471' title='bbox 1661 3652 1782 3714; x_wconf 83' lang='lat' dir='ltr'>post</span> <span class='ocrx_word' id='word_1_472' title='bbox 1834 3644 2112 3713; x_wconf 87' lang='lat' dir='ltr'>reprehen-</span> 
     </span>
    </p>
   </div>
   <div class='ocr_carea' id='block_1_68' title="bbox 2170 3644 3738 3718">
    <p class='ocr_par' dir='ltr' id='par_1_68' title="bbox 2217 3647 3738 3718">
     <span class='ocr_line' id='line_1_68' title="bbox 2217 3647 3738 3718; baseline -0.005 -16"><span class='ocrx_word' id='word_1_473' title='bbox 2217 3650 2481 3718; x_wconf 83' lang='grc' dir='ltr'>Πατέρες.</span> <span class='ocrx_word' id='word_1_474' title='bbox 2518 3648 2622 3701; x_wconf 73' lang='grc' dir='ltr'>Τὸν</span> <span class='ocrx_word' id='word_1_475' title='bbox 2653 3648 2709 3700; x_wconf 71' lang='grc' dir='ltr'>δὲ</span> <span class='ocrx_word' id='word_1_476' title='bbox 2745 3649 2879 3715; x_wconf 78' lang='grc' dir='ltr'>μετὰ</span> <span class='ocrx_word' id='word_1_477' title='bbox 2910 3650 3006 3718; x_wconf 79' lang='grc' dir='ltr'>τὴν</span> <span class='ocrx_word' id='word_1_478' title='bbox 3039 3651 3361 3714; x_wconf 74' lang='grc' dir='ltr'>ἐπιτίμησιν</span> <span class='ocrx_word' id='word_1_479' title='bbox 3407 3648 3481 3718; x_wconf 75' lang='grc' dir='ltr'>μὴ</span> <span class='ocrx_word' id='word_1_480' title='bbox 3521 3647 3738 3699; x_wconf 77' lang='grc' dir='ltr'>διώκοντα</span> 
     </span>
    </p>
   </div>
   <div class='ocr_carea' id='block_1_69' title="bbox 547 3737 2115 3813">
    <p class='ocr_par' dir='ltr' id='par_1_69' title="bbox 547 3737 2115 3807">
     <span class='ocr_line' id='line_1_69' title="bbox 547 3737 2115 3807; baseline -0.004 -14"><span class='ocrx_word' id='word_1_481' title='bbox 547 3740 756 3793; x_wconf 81' lang='lat' dir='ltr'>sionem</span> <span class='ocrx_word' id='word_1_482' title='bbox 786 3754 882 3793; x_wconf 89' lang='lat' dir='ltr'>eas</span> <span class='ocrx_word' id='word_1_483' title='bbox 916 3753 1023 3794; x_wconf 91' lang='lat' dir='ltr'>non</span> <span class='ocrx_word' id='word_1_484' title='bbox 1066 3737 1258 3807; x_wconf 80' lang='lat' dir='ltr'>abigit,</span> <span class='ocrx_word' id='word_1_485' title='bbox 1300 3737 1397 3790; x_wconf 89' lang='lat' dir='ltr'>sed</span> <span class='ocrx_word' id='word_1_486' title='bbox 1429 3737 1481 3789; x_wconf 93' lang='lat' dir='ltr'>in</span> <span class='ocrx_word' id='word_1_487' title='bbox 1510 3737 1789 3805; x_wconf 89' lang='lat' dir='ltr'>episcopio</span> <span class='ocrx_word' id='word_1_488' title='bbox 1835 3744 1928 3788; x_wconf 90' lang='lat' dir='ltr'>aut</span> <span class='ocrx_word' id='word_1_489' title='bbox 1958 3748 2115 3788; x_wconf 89' lang='lat' dir='ltr'>man-</span> 
     </span>
    </p>
   </div>
   <div class='ocr_carea' id='block_1_70' title="bbox 2170 3737 3738 3813">
    <p class='ocr_par' dir='ltr' id='par_1_70' title="bbox 2218 3737 3738 3813">
     <span class='ocr_line' id='line_1_70' title="bbox 2218 3737 3738 3813; baseline -0.003 -20"><span class='ocrx_word' id='word_1_490' title='bbox 2218 3741 2439 3804; x_wconf 82' lang='grc' dir='ltr'>ταύτας,</span> <span class='ocrx_word' id='word_1_491' title='bbox 2466 3741 2580 3793; x_wconf 86' lang='grc' dir='ltr'>ἀλλ’</span> <span class='ocrx_word' id='word_1_492' title='bbox 2613 3743 2670 3794; x_wconf 86' lang='grc' dir='ltr'>ἐν</span> <span class='ocrx_word' id='word_1_493' title='bbox 2699 3744 2761 3810; x_wconf 78' lang='grc' dir='ltr'>τῇ</span> <span class='ocrx_word' id='word_1_494' title='bbox 2804 3742 3076 3813; x_wconf 82' lang='grc' dir='ltr'>ἐπισκοπῇ</span> <span class='ocrx_word' id='word_1_495' title='bbox 3115 3744 3145 3813; x_wconf 79' lang='grc' dir='ltr'><strong>ἢ</strong></span> <span class='ocrx_word' id='word_1_496' title='bbox 3177 3746 3241 3811; x_wconf 83' lang='grc' dir='ltr'>τῇ</span> <span class='ocrx_word' id='word_1_497' title='bbox 3301 3746 3437 3813; x_wconf 82' lang='grc' dir='ltr'>μονῇ</span> <span class='ocrx_word' id='word_1_498' title='bbox 3472 3743 3559 3793; x_wconf 75' lang='grc' dir='ltr'>καὶ</span> <span class='ocrx_word' id='word_1_499' title='bbox 3586 3742 3652 3803; x_wconf 76' lang='grc' dir='ltr'>εἰς</span> <span class='ocrx_word' id='word_1_500' title='bbox 3682 3737 3738 3789; x_wconf 76' lang='grc' dir='ltr'>ἔτι</span> 
     </span>
    </p>
   </div>
   <div class='ocr_carea' id='block_1_71' title="bbox 548 3828 2116 3903">
    <p class='ocr_par' dir='ltr' id='par_1_71' title="bbox 548 3828 2116 3898">
     <span class='ocr_line' id='line_1_71' title="bbox 548 3828 2116 3898; baseline -0.003 -15"><span class='ocrx_word' id='word_1_501' title='bbox 548 3830 702 3883; x_wconf 85' lang='lat' dir='ltr'>sione</span> <span class='ocrx_word' id='word_1_502' title='bbox 729 3829 909 3882; x_wconf 85' lang='lat' dir='ltr'>adhuc</span> <span class='ocrx_word' id='word_1_503' title='bbox 943 3829 1106 3883; x_wconf 90' lang='lat' dir='ltr'>etiam</span> <span class='ocrx_word' id='word_1_504' title='bbox 1156 3843 1377 3882; x_wconf 85' lang='lat' dir='ltr'>manere</span> <span class='ocrx_word' id='word_1_505' title='bbox 1418 3829 1718 3898; x_wconf 86' lang='lat' dir='ltr'>permittit,</span> <span class='ocrx_word' id='word_1_506' title='bbox 1756 3828 1947 3897; x_wconf 81' lang='lat' dir='ltr'>deponi</span> <span class='ocrx_word' id='word_1_507' title='bbox 2008 3836 2116 3880; x_wconf 89' lang='lat' dir='ltr'>sta-</span> 
     </span>
    </p>
   </div>
   <div class='ocr_carea' id='block_1_72' title="bbox 2167 3828 3735 3903">
    <p class='ocr_par' dir='ltr' id='par_1_72' title="bbox 2220 3828 3735 3903">
     <span class='ocr_line' id='line_1_72' title="bbox 2220 3828 3735 3903; baseline -0.002 -22"><span class='ocrx_word' id='word_1_508' title='bbox 2220 3831 2402 3900; x_wconf 79' lang='grc' dir='ltr'>μένειν</span> <span class='ocrx_word' id='word_1_509' title='bbox 2454 3832 2864 3899; x_wconf 80' lang='grc' dir='ltr'>συγχωροῦντα,</span> <span class='ocrx_word' id='word_1_510' title='bbox 2900 3832 3285 3902; x_wconf 86' lang='grc' dir='ltr'>καθαιρεῖσθαι</span> <span class='ocrx_word' id='word_1_511' title='bbox 3339 3833 3671 3903; x_wconf 77' lang='grc' dir='ltr'>διορίζονται.</span> <span class='ocrx_word' id='word_1_512' title='bbox 3692 3828 3735 3879; x_wconf 78' lang='grc' dir='ltr'>ΕΞ</span> 
     </span>
    </p>
   </div>
   <div class='ocr_carea' id='block_1_73' title="bbox 548 3920 2116 3995">
    <p class='ocr_par' dir='ltr' id='par_1_73' title="bbox 548 3920 2113 3992">
     <span class='ocr_line' id='line_1_73' title="bbox 548 3920 2113 3992; baseline -0.001 -18"><span class='ocrx_word' id='word_1_513' title='bbox 548 3929 735 3975; x_wconf 78' lang='lat' dir='ltr'>luunt.</span> <span class='ocrx_word' id='word_1_514' title='bbox 770 3920 828 3974; x_wconf 92' lang='lat' dir='ltr'>Si</span> <span class='ocrx_word' id='word_1_515' title='bbox 860 3934 991 3975; x_wconf 89' lang='lat' dir='ltr'>vero</span> <span class='ocrx_word' id='word_1_516' title='bbox 1027 3920 1081 3975; x_wconf 92' lang='lat' dir='ltr'>in</span> <span class='ocrx_word' id='word_1_517' title='bbox 1108 3921 1372 3992; x_wconf 87' lang='lat' dir='ltr'>episcopii</span> <span class='ocrx_word' id='word_1_518' title='bbox 1418 3920 1502 3973; x_wconf 88' lang='lat' dir='ltr'>vel</span> <span class='ocrx_word' id='word_1_519' title='bbox 1559 3921 1880 3974; x_wconf 78' lang='lat' dir='ltr'>monasterii</span> <span class='ocrx_word' id='word_1_520' title='bbox 1910 3921 2113 3975; x_wconf 91' lang='lat' dir='ltr'>subur-</span> 
     </span>
    </p>
   </div>
   <div class='ocr_carea' id='block_1_74' title="bbox 2169 3920 3737 3995">
    <p class='ocr_par' dir='ltr' id='par_1_74' title="bbox 2215 3920 3737 3995">
     <span class='ocr_line' id='line_1_74' title="bbox 2215 3920 3737 3995; baseline -0.005 -18"><span class='ocrx_word' id='word_1_521' title='bbox 2215 3925 2272 3978; x_wconf 82' lang='grc' dir='ltr'>δὲ</span> <span class='ocrx_word' id='word_1_522' title='bbox 2304 3924 2360 3976; x_wconf 85' lang='grc' dir='ltr'>ἐν</span> <span class='ocrx_word' id='word_1_523' title='bbox 2397 3925 2704 3994; x_wconf 81' lang='grc' dir='ltr'>προαστείῳ</span> <span class='ocrx_word' id='word_1_524' title='bbox 2755 3925 2856 3993; x_wconf 86' lang='grc' dir='ltr'>τῆς</span> <span class='ocrx_word' id='word_1_525' title='bbox 2898 3926 3204 3993; x_wconf 81' lang='grc' dir='ltr'>ἐπισκοπῆς</span> <span class='ocrx_word' id='word_1_526' title='bbox 3236 3926 3266 3995; x_wconf 86' lang='grc' dir='ltr'><strong>ἣ</strong></span> <span class='ocrx_word' id='word_1_527' title='bbox 3293 3924 3392 3978; x_wconf 81' lang='grc' dir='ltr'>τοῦ</span> <span class='ocrx_word' id='word_1_528' title='bbox 3423 3920 3737 3992; x_wconf 74' lang='grc' dir='ltr'>μοναστηρίου</span> 
     </span>
    </p>
   </div>
   <div class='ocr_carea' id='block_1_75' title="bbox 549 4005 2117 4088">
    <p class='ocr_par' dir='ltr' id='par_1_75' title="bbox 549 4010 2115 4081">
     <span class='ocr_line' id='line_1_75' title="bbox 549 4010 2115 4081; baseline -0.001 -16"><span class='ocrx_word' id='word_1_529' title='bbox 549 4011 708 4066; x_wconf 87' lang='lat' dir='ltr'>banis</span> <span class='ocrx_word' id='word_1_530' title='bbox 732 4010 1027 4080; x_wconf 87' lang='lat' dir='ltr'>episcopus</span> <span class='ocrx_word' id='word_1_531' title='bbox 1072 4020 1167 4065; x_wconf 91' lang='lat' dir='ltr'>aut</span> <span class='ocrx_word' id='word_1_532' title='bbox 1208 4012 1525 4067; x_wconf 88' lang='lat' dir='ltr'>monasterii</span> <span class='ocrx_word' id='word_1_533' title='bbox 1570 4011 1862 4081; x_wconf 71' lang='lat' dir='ltr'>prmfectus</span> <span class='ocrx_word' id='word_1_534' title='bbox 1896 4012 2115 4075; x_wconf 87' lang='lat' dir='ltr'>abierit,</span> 
     </span>
    </p>
   </div>
   <div class='ocr_carea' id='block_1_76' title="bbox 2168 4005 3736 4088">
    <p class='ocr_par' dir='ltr' id='par_1_76' title="bbox 2215 4005 3736 4088">
     <span class='ocr_line' id='line_1_76' title="bbox 2215 4005 3736 4088; baseline -0.005 -20"><span class='ocrx_word' id='word_1_535' title='bbox 2215 4016 2513 4079; x_wconf 77' lang='grc' dir='ltr'>ἐπίσκοπος</span> <span class='ocrx_word' id='word_1_536' title='bbox 2545 4017 2576 4084; x_wconf 81' lang='grc' dir='ltr'>ἢ</span> <span class='ocrx_word' id='word_1_537' title='bbox 2613 4017 2918 4086; x_wconf 85' lang='grc' dir='ltr'>ἡγούμενος</span> <span class='ocrx_word' id='word_1_538' title='bbox 2950 4018 3193 4084; x_wconf 80' lang='grc' dir='ltr'>ἀπέλθοι,</span> <span class='ocrx_word' id='word_1_539' title='bbox 3241 4020 3335 4070; x_wconf 72' lang='grc' dir='ltr'>καὶ</span> <span class='ocrx_word' id='word_1_540' title='bbox 3383 4018 3591 4088; x_wconf 85' lang='grc' dir='ltr'>τύχοιεν</span> <span class='ocrx_word' id='word_1_541' title='bbox 3629 4005 3736 4065; x_wconf 76' lang='grc' dir='ltr'>εἶναι</span> 
     </span>
    </p>
   </div>
   <div class='ocr_carea' id='block_1_77' title="bbox 548 4102 2116 4179">
    <p class='ocr_par' dir='ltr' id='par_1_77' title="bbox 548 4102 2116 4172">
     <span class='ocr_line' id='line_1_77' title="bbox 548 4102 2116 4172; baseline 0 -15"><span class='ocrx_word' id='word_1_542' title='bbox 548 4112 604 4157; x_wconf 87' lang='lat' dir='ltr'>et</span> <span class='ocrx_word' id='word_1_543' title='bbox 651 4102 957 4172; x_wconf 70' lang='lat' dir='ltr'>contigerit]</span> <span class='ocrx_word' id='word_1_544' title='bbox 1005 4104 1262 4160; x_wconf 89' lang='lat' dir='ltr'>mulieres</span> <span class='ocrx_word' id='word_1_545' title='bbox 1314 4104 1513 4158; x_wconf 91' lang='lat' dir='ltr'>ibidem</span> <span class='ocrx_word' id='word_1_546' title='bbox 1549 4120 1710 4169; x_wconf 87' lang='lat' dir='ltr'>esse,</span> <span class='ocrx_word' id='word_1_547' title='bbox 1744 4105 1825 4159; x_wconf 70' lang='lat' dir='ltr'>ha:</span> <span class='ocrx_word' id='word_1_548' title='bbox 1872 4104 2116 4159; x_wconf 85' lang='lat' dir='ltr'>ministe-</span> 
     </span>
    </p>
   </div>
   <div class='ocr_carea' id='block_1_78' title="bbox 2167 4102 3735 4179">
    <p class='ocr_par' dir='ltr' id='par_1_78' title="bbox 2215 4106 3735 4179">
     <span class='ocr_line' id='line_1_78' title="bbox 2215 4106 3735 4179; baseline 0.005 -21"><span class='ocrx_word' id='word_1_549' title='bbox 2215 4108 2394 4160; x_wconf 84' lang='grc' dir='ltr'>ἐκεῖσε</span> <span class='ocrx_word' id='word_1_550' title='bbox 2434 4110 2699 4174; x_wconf 82' lang='grc' dir='ltr'>γυναῖκας</span> <span class='ocrx_word' id='word_1_551' title='bbox 2724 4125 2739 4141; x_wconf 73' lang='grc'><strong><em>⁸</em></strong></span> <span class='ocrx_word' id='word_1_552' title='bbox 2780 4114 2856 4179; x_wconf 80' lang='grc' dir='ltr'>μὴ</span> <span class='ocrx_word' id='word_1_553' title='bbox 2897 4110 3317 4163; x_wconf 80' lang='grc' dir='ltr'>διακονείτωσαν</span> <span class='ocrx_word' id='word_1_554' title='bbox 3372 4106 3551 4172; x_wconf 65' lang='grc' dir='ltr'>αὗται,</span> <span class='ocrx_word' id='word_1_555' title='bbox 3579 4107 3735 4176; x_wconf 76' lang='grc' dir='ltr'>μέχρις</span> 
     </span>
    </p>
   </div>
   <div class='ocr_carea' id='block_1_79' title="bbox 545 4192 2113 4270">
    <p class='ocr_par' dir='ltr' id='par_1_79' title="bbox 545 4195 2113 4265">
     <span class='ocr_line' id='line_1_79' title="bbox 545 4195 2113 4265; baseline -0.002 -15"><span class='ocrx_word' id='word_1_556' title='bbox 545 4198 687 4251; x_wconf 87' lang='lat' dir='ltr'>rium</span> <span class='ocrx_word' id='word_1_557' title='bbox 739 4212 847 4251; x_wconf 92' lang='lat' dir='ltr'>non</span> <span class='ocrx_word' id='word_1_558' title='bbox 896 4196 1093 4251; x_wconf 89' lang='lat' dir='ltr'>obeant</span> <span class='ocrx_word' id='word_1_559' title='bbox 1118 4195 1378 4265; x_wconf 90' lang='lat' dir='ltr'>quamdiu</span> <span class='ocrx_word' id='word_1_560' title='bbox 1409 4196 1484 4250; x_wconf 93' lang='lat' dir='ltr'>illi</span> <span class='ocrx_word' id='word_1_561' title='bbox 1517 4196 1592 4250; x_wconf 90' lang='lat' dir='ltr'>ibi</span> <span class='ocrx_word' id='word_1_562' title='bbox 1661 4206 1822 4261; x_wconf 88' lang='lat' dir='ltr'>sunt;</span> <span class='ocrx_word' id='word_1_563' title='bbox 1869 4195 1965 4251; x_wconf 90' lang='lat' dir='ltr'>sed</span> <span class='ocrx_word' id='word_1_564' title='bbox 2007 4196 2113 4250; x_wconf 89' lang='lat' dir='ltr'>alio</span> 
     </span>
    </p>
   </div>
   <div class='ocr_carea' id='block_1_80' title="bbox 2166 4192 3734 4270">
    <p class='ocr_par' dir='ltr' id='par_1_80' title="bbox 2216 4192 3734 4270">
     <span class='ocr_line' id='line_1_80' title="bbox 2216 4192 3734 4270; baseline -0.003 -17"><span class='ocrx_word' id='word_1_565' title='bbox 2216 4200 2282 4253; x_wconf 87' lang='grc' dir='ltr'>ἂν</span> <span class='ocrx_word' id='word_1_566' title='bbox 2314 4199 2619 4268; x_wconf 81' lang='grc' dir='ltr'>ἐνδημῶσιν</span> <span class='ocrx_word' id='word_1_567' title='bbox 2675 4192 2819 4253; x_wconf 74' lang='grc' dir='ltr'>οὗτοι</span> <span class='ocrx_word' id='word_1_568' title='bbox 2870 4202 3087 4253; x_wconf 80' lang='grc' dir='ltr'>ἐκεῖσεο</span> <span class='ocrx_word' id='word_1_569' title='bbox 3138 4201 3252 4253; x_wconf 85' lang='grc' dir='ltr'>ἀλλ’</span> <span class='ocrx_word' id='word_1_570' title='bbox 3304 4203 3365 4253; x_wconf 83' lang='grc' dir='ltr'>ἐν</span> <span class='ocrx_word' id='word_1_571' title='bbox 3418 4201 3582 4270; x_wconf 78' lang='grc' dir='ltr'>ἑτέρῳ</span> <span class='ocrx_word' id='word_1_572' title='bbox 3618 4198 3734 4261; x_wconf 80' lang='grc' dir='ltr'>τόπῳ</span> 
     </span>
    </p>
   </div>
   <div class='ocr_carea' id='block_1_81' title="bbox 548 4288 2116 4364">
    <p class='ocr_par' dir='ltr' id='par_1_81' title="bbox 548 4288 2116 4355">
     <span class='ocr_line' id='line_1_81' title="bbox 548 4288 2116 4355; baseline 0.001 -14"><span class='ocrx_word' id='word_1_573' title='bbox 548 4290 600 4342; x_wconf 88' lang='lat' dir='ltr'>in</span> <span class='ocrx_word' id='word_1_574' title='bbox 644 4290 763 4341; x_wconf 84' lang='lat' dir='ltr'>loco</span> <span class='ocrx_word' id='word_1_575' title='bbox 805 4302 1057 4342; x_wconf 87' lang='lat' dir='ltr'>seorsum</span> <span class='ocrx_word' id='word_1_576' title='bbox 1095 4295 1273 4355; x_wconf 91' lang='lat' dir='ltr'>stent,</span> <span class='ocrx_word' id='word_1_577' title='bbox 1320 4288 1497 4342; x_wconf 89' lang='lat' dir='ltr'>donec</span> <span class='ocrx_word' id='word_1_578' title='bbox 1538 4288 1865 4343; x_wconf 84' lang='lat' dir='ltr'>recesserint</span> <span class='ocrx_word' id='word_1_579' title='bbox 1906 4288 2006 4352; x_wconf 89' lang='lat' dir='ltr'>illi,</span> <span class='ocrx_word' id='word_1_580' title='bbox 2058 4298 2116 4342; x_wconf 87' lang='lat' dir='ltr'>ut</span> 
     </span>
    </p>
   </div>
   <div class='ocr_carea' id='block_1_82' title="bbox 2165 4288 3733 4364">
    <p class='ocr_par' dir='ltr' id='par_1_82' title="bbox 2219 4292 3733 4364">
     <span class='ocr_line' id='line_1_82' title="bbox 2219 4292 3733 4364; baseline -0.002 -20"><span class='ocrx_word' id='word_1_581' title='bbox 2219 4292 2527 4355; x_wconf 69' lang='grc' dir='ltr'>ἰδιαζόντως</span> <span class='ocrx_word' id='word_1_582' title='bbox 2561 4292 2807 4347; x_wconf 80' lang='grc' dir='ltr'>εστωσαν</span> <span class='ocrx_word' id='word_1_583' title='bbox 2840 4294 3001 4363; x_wconf 82' lang='grc' dir='ltr'>μέχρι</span> <span class='ocrx_word' id='word_1_584' title='bbox 3032 4295 3132 4364; x_wconf 78' lang='grc' dir='ltr'>τῆς</span> <span class='ocrx_word' id='word_1_585' title='bbox 3156 4294 3337 4348; x_wconf 80' lang='grc' dir='ltr'>αὐτῶν</span> <span class='ocrx_word' id='word_1_586' title='bbox 3373 4292 3733 4363; x_wconf 78' lang='grc' dir='ltr'>ἀναχωρήσεως</span> 
     </span>
    </p>
   </div>
   <div class='ocr_carea' id='block_1_83' title="bbox 548 4379 2116 4457">
    <p class='ocr_par' dir='ltr' id='par_1_83' title="bbox 548 4379 1536 4449">
     <span class='ocr_line' id='line_1_83' title="bbox 548 4379 1536 4449; baseline 0 -16"><span class='ocrx_word' id='word_1_587' title='bbox 548 4380 986 4449; x_wconf 79' lang='lat' dir='ltr'>reprehensionis</span> <span class='ocrx_word' id='word_1_588' title='bbox 1016 4381 1241 4435; x_wconf 90' lang='lat' dir='ltr'>occasio</span> <span class='ocrx_word' id='word_1_589' title='bbox 1279 4379 1536 4433; x_wconf 86' lang='lat' dir='ltr'>evitetur.</span> 
     </span>
    </p>
   </div>
   <div class='ocr_carea' id='block_1_84' title="bbox 1581 4379 3149 4457">
    <p class='ocr_par' dir='ltr' id='par_1_84' title="bbox 2214 4386 3149 4457">
     <span class='ocr_line' id='line_1_84' title="bbox 2214 4386 3149 4457; baseline 0.001 -19"><span class='ocrx_word' id='word_1_590' title='bbox 2214 4386 2301 4438; x_wconf 77' lang='grc' dir='ltr'>διὰ</span> <span class='ocrx_word' id='word_1_591' title='bbox 2330 4386 2389 4437; x_wconf 80' lang='grc' dir='ltr'>τὸ</span> <span class='ocrx_word' id='word_1_592' title='bbox 2420 4386 2807 4457; x_wconf 74' lang='grc' dir='ltr'>ἀνεπίληπτον.</span> <span class='ocrx_word' id='word_1_593' title='bbox 3132 4433 3149 4452; x_wconf 77' lang='grc'>,</span> 
     </span>
    </p>
   </div>
   <div class='ocr_carea' id='block_1_85' title="bbox 1119 4470 2687 4533">
    <p class='ocr_par' dir='ltr' id='par_1_85' title="bbox 1119 4470 1539 4527">
     <span class='ocr_line' id='line_1_85' title="bbox 1119 4470 1539 4527; baseline -0.005 -1"><span class='ocrx_word' id='word_1_594' title='bbox 1119 4470 1350 4527; x_wconf 82' lang='lat' dir='ltr'><strong>CANON</strong></span> <span class='ocrx_word' id='word_1_595' title='bbox 1395 4472 1539 4525; x_wconf 64' lang='lat' dir='ltr'>XIX.</span> 
     </span>
    </p>
   </div>
   <div class='ocr_carea' id='block_1_86' title="bbox 1604 4470 3172 4533">
    <p class='ocr_par' dir='ltr' id='par_1_86' title="bbox 2802 4477 3172 4533">
     <span class='ocr_line' id='line_1_86' title="bbox 2802 4477 3172 4533; baseline 0.008 -3"><span class='ocrx_word' id='word_1_596' title='bbox 2802 4478 3042 4533; x_wconf 76' lang='grc' dir='ltr'>ΚΔΝΩΝ</span> <span class='ocrx_word' id='word_1_597' title='bbox 3072 4477 3172 4533; x_wconf 85' lang='grc' dir='ltr'>ΙΘ’.</span> 
     </span>
    </p>
   </div>
   <div class='ocr_carea' id='block_1_87' title="bbox 551 4563 2119 4649">
    <p class='ocr_par' dir='ltr' id='par_1_87' title="bbox 551 4564 2111 4649">
     <span class='ocr_line' id='line_1_87' title="bbox 551 4564 2111 4649; baseline 0 -32"><span class='ocrx_word' id='word_1_598' title='bbox 551 4585 569 4617; x_wconf 73' lang='grc' dir='ltr'>ι</span> <span class='ocrx_word' id='word_1_599' title='bbox 618 4565 795 4623; x_wconf 79' lang='lat' dir='ltr'>Tanta</span> <span class='ocrx_word' id='word_1_600' title='bbox 861 4564 1213 4649; x_wconf 80' lang='lat' dir='ltr'>exsecrabilis</span> <span class='ocrx_word' id='word_1_601' title='bbox 1262 4567 1503 4620; x_wconf 69' lang='lat' dir='ltr'>avaritia:</span> <span class='ocrx_word' id='word_1_602' title='bbox 1570 4565 1721 4620; x_wconf 89' lang='lat' dir='ltr'>labes</span> <span class='ocrx_word' id='word_1_603' title='bbox 1762 4564 2111 4621; x_wconf 85' lang='lat' dir='ltr'>ecclesiarum</span> 
     </span>
    </p>
   </div>
   <div class='ocr_carea' id='block_1_88' title="bbox 2165 4563 3733 4649">
    <p class='ocr_par' dir='ltr' id='par_1_88' title="bbox 2224 4563 3733 4641">
     <span class='ocr_line' id='line_1_88' title="bbox 2224 4563 3733 4641; baseline -0.006 -20"><span class='ocrx_word' id='word_1_604' title='bbox 2224 4587 2242 4620; x_wconf 80' lang='grc' dir='ltr'>ι</span> <span class='ocrx_word' id='word_1_605' title='bbox 2285 4568 2551 4623; x_wconf 81' lang='grc' dir='ltr'>Τοσοῦτον</span> <span class='ocrx_word' id='word_1_606' title='bbox 2589 4570 2938 4641; x_wconf 84' lang='grc' dir='ltr'>κατενεμήθη</span> <span class='ocrx_word' id='word_1_607' title='bbox 2980 4572 3079 4641; x_wconf 78' lang='grc' dir='ltr'>τῆς</span> <span class='ocrx_word' id='word_1_608' title='bbox 3118 4570 3487 4641; x_wconf 79' lang='grc' dir='ltr'>φιλαργυρίας</span> <span class='ocrx_word' id='word_1_609' title='bbox 3512 4568 3567 4621; x_wconf 78' lang='grc' dir='ltr'>τὸ</span> <span class='ocrx_word' id='word_1_610' title='bbox 3602 4563 3733 4635; x_wconf 69' lang='grc' dir='ltr'>μύσοξ</span> 
     </span>
    </p>
   </div>
   <div class='ocr_carea' id='block_1_89' title="bbox 620 4652 2188 4733">
    <p class='ocr_par' dir='ltr' id='par_1_89' title="bbox 620 4656 2180 4733">
     <span class='ocr_line' id='line_1_89' title="bbox 620 4656 2180 4733; baseline -0.001 -23"><span class='ocrx_word' id='word_1_611' title='bbox 620 4678 641 4710; x_wconf 77' lang='grc' dir='ltr'>ι</span> <span class='ocrx_word' id='word_1_612' title='bbox 681 4665 922 4713; x_wconf 89' lang='lat' dir='ltr'>rectores</span> <span class='ocrx_word' id='word_1_613' title='bbox 959 4656 1269 4723; x_wconf 84' lang='lat' dir='ltr'>invasit,ut</span> <span class='ocrx_word' id='word_1_614' title='bbox 1286 4657 1529 4710; x_wconf 91' lang='lat' dir='ltr'>nonnulli</span> <span class='ocrx_word' id='word_1_615' title='bbox 1564 4672 1752 4710; x_wconf 92' lang='lat' dir='ltr'>eorum</span> <span class='ocrx_word' id='word_1_616' title='bbox 1777 4656 2015 4709; x_wconf 87' lang='lat' dir='ltr'>virorum</span> <span class='ocrx_word' id='word_1_617' title='bbox 2050 4672 2113 4709; x_wconf 83' lang='lat' dir='ltr'>ac</span> <span class='ocrx_word' id='word_1_618' title='bbox 2152 4728 2180 4733; x_wconf 80' lang='lat'><strong>_</strong></span> 
     </span>
    </p>
   </div>
   <div class='ocr_carea' id='block_1_90' title="bbox 2166 4652 3734 4733">
    <p class='ocr_par' dir='ltr' id='par_1_90' title="bbox 2166 4652 3734 4733">
     <span class='ocr_line' id='line_1_90' title="bbox 2166 4652 3734 4733; baseline -0.003 -20"><span class='ocrx_word' id='word_1_619' title='bbox 2166 4728 2180 4733; x_wconf 71' lang='lat'><strong><em>_</em></strong></span> <span class='ocrx_word' id='word_1_620' title='bbox 2294 4680 2313 4713; x_wconf 80' lang='grc' dir='ltr'>ι</span> <span class='ocrx_word' id='word_1_621' title='bbox 2352 4664 2430 4725; x_wconf 87' lang='grc' dir='ltr'>εἰς</span> <span class='ocrx_word' id='word_1_622' title='bbox 2462 4664 2588 4724; x_wconf 76' lang='grc' dir='ltr'>τοὺς</span> <span class='ocrx_word' id='word_1_623' title='bbox 2638 4663 2909 4733; x_wconf 78' lang='grc' dir='ltr'>ἡγήτορας</span> <span class='ocrx_word' id='word_1_624' title='bbox 2952 4662 3063 4714; x_wconf 79' lang='grc' dir='ltr'>τῶν</span> <span class='ocrx_word' id='word_1_625' title='bbox 3114 4662 3443 4732; x_wconf 78' lang='grc' dir='ltr'>ἐκκλησιῶν,</span> <span class='ocrx_word' id='word_1_626' title='bbox 3492 4661 3619 4712; x_wconf 83' lang='grc' dir='ltr'>ὥστε</span> <span class='ocrx_word' id='word_1_627' title='bbox 3664 4652 3734 4704; x_wconf 77' lang='grc' dir='ltr'>καί</span> 
     </span>
    </p>
   </div>
   <div class='ocr_carea' id='block_1_91' title="bbox 624 4728 2192 4820">
    <p class='ocr_par' dir='ltr' id='par_1_91' title="bbox 624 4728 2192 4817">
     <span class='ocr_line' id='line_1_91' title="bbox 624 4728 2192 4817; baseline 0.002 -17"><span class='ocrx_word' id='word_1_628' title='bbox 624 4767 641 4800; x_wconf 86' lang='grc' dir='ltr'>ι</span> <span class='ocrx_word' id='word_1_629' title='bbox 682 4748 1000 4809; x_wconf 90' lang='lat' dir='ltr'>mulierum,</span> <span class='ocrx_word' id='word_1_630' title='bbox 1033 4748 1128 4817; x_wconf 89' lang='lat' dir='ltr'>qui</span> <span class='ocrx_word' id='word_1_631' title='bbox 1150 4749 1302 4817; x_wconf 83' lang='lat' dir='ltr'>piiac</span> <span class='ocrx_word' id='word_1_632' title='bbox 1324 4748 1563 4817; x_wconf 81' lang='lat' dir='ltr'>religiosi</span> <span class='ocrx_word' id='word_1_633' title='bbox 1599 4749 1878 4811; x_wconf 84' lang='lat' dir='ltr'>dicuntur,</span> <span class='ocrx_word' id='word_1_634' title='bbox 1902 4749 2114 4803; x_wconf 80' lang='lat' dir='ltr'>Domini</span> <span class='ocrx_word' id='word_1_635' title='bbox 2152 4728 2192 4781; x_wconf 73' lang='grc' dir='ltr'>ί)</span> 
     </span>
    </p>
   </div>
   <div class='ocr_carea' id='block_1_92' title="bbox 2166 4728 3734 4820">
    <p class='ocr_par' dir='ltr' id='par_1_92' title="bbox 2166 4728 3734 4820">
     <span class='ocr_line' id='line_1_92' title="bbox 2166 4728 3734 4820; baseline -0.008 -15"><span class='ocrx_word' id='word_1_636' title='bbox 2166 4728 2192 4781; x_wconf 75' lang='grc'>)</span> <span class='ocrx_word' id='word_1_637' title='bbox 2297 4772 2313 4799; x_wconf 77' lang='grc' dir='ltr'>ι</span> <span class='ocrx_word' id='word_1_638' title='bbox 2352 4770 2501 4812; x_wconf 77' lang='grc' dir='ltr'>τινας</span> <span class='ocrx_word' id='word_1_639' title='bbox 2532 4752 2641 4803; x_wconf 84' lang='grc' dir='ltr'>τῶν</span> <span class='ocrx_word' id='word_1_640' title='bbox 2685 4752 3001 4820; x_wconf 83' lang='grc' dir='ltr'>λεγομένων</span> <span class='ocrx_word' id='word_1_641' title='bbox 3037 4751 3282 4803; x_wconf 79' lang='grc' dir='ltr'>εύλαϐὦν</span> <span class='ocrx_word' id='word_1_642' title='bbox 3334 4749 3540 4818; x_wconf 83' lang='grc' dir='ltr'>ἀνδρῶν</span> <span class='ocrx_word' id='word_1_643' title='bbox 3570 4763 3621 4797; x_wconf 84' lang='grc' dir='ltr'>τε</span> <span class='ocrx_word' id='word_1_644' title='bbox 3663 4740 3734 4795; x_wconf 70' lang='grc' dir='ltr'>καὶ</span> 
     </span>
    </p>
   </div>
   <div class='ocr_carea' id='block_1_93' title="bbox 624 4829 2192 4912">
    <p class='ocr_par' dir='ltr' id='par_1_93' title="bbox 624 4840 2113 4911">
     <span class='ocr_line' id='line_1_93' title="bbox 624 4840 2113 4911; baseline 0.001 -18"><span class='ocrx_word' id='word_1_645' title='bbox 624 4860 643 4893; x_wconf 76' lang='grc' dir='ltr'>ι</span> <span class='ocrx_word' id='word_1_646' title='bbox 687 4840 929 4895; x_wconf 87' lang='lat' dir='ltr'>mandati</span> <span class='ocrx_word' id='word_1_647' title='bbox 954 4840 1133 4906; x_wconf 91' lang='lat' dir='ltr'>obliti,</span> <span class='ocrx_word' id='word_1_648' title='bbox 1186 4842 1468 4903; x_wconf 88' lang='lat' dir='ltr'>fallantur,</span> <span class='ocrx_word' id='word_1_649' title='bbox 1495 4854 1548 4895; x_wconf 90' lang='lat' dir='ltr'>et</span> <span class='ocrx_word' id='word_1_650' title='bbox 1572 4857 1664 4895; x_wconf 91' lang='lat' dir='ltr'>eos</span> <span class='ocrx_word' id='word_1_651' title='bbox 1687 4841 1781 4911; x_wconf 88' lang='lat' dir='ltr'>qui</span> <span class='ocrx_word' id='word_1_652' title='bbox 1819 4841 1885 4895; x_wconf 93' lang='lat' dir='ltr'>ad</span> <span class='ocrx_word' id='word_1_653' title='bbox 1936 4857 2113 4896; x_wconf 85' lang='lat' dir='ltr'>sacer-</span> 
     </span>
    </p>
   </div>
   <div class='ocr_carea' id='block_1_94' title="bbox 2162 4829 3730 4912">
    <p class='ocr_par' dir='ltr' id='par_1_94' title="bbox 2293 4829 3730 4912">
     <span class='ocr_line' id='line_1_94' title="bbox 2293 4829 3730 4912; baseline -0.008 -15"><span class='ocrx_word' id='word_1_654' title='bbox 2293 4861 2311 4891; x_wconf 71' lang='grc' dir='ltr'><strong><em>ο</em></strong></span> <span class='ocrx_word' id='word_1_655' title='bbox 2354 4842 2629 4908; x_wconf 86' lang='grc' dir='ltr'>γυναικῶν</span> <span class='ocrx_word' id='word_1_656' title='bbox 2668 4843 3091 4912; x_wconf 76' lang='grc' dir='ltr'>ἐπιλαθομένους</span> <span class='ocrx_word' id='word_1_657' title='bbox 3122 4844 3221 4909; x_wconf 78' lang='grc' dir='ltr'>τῆς</span> <span class='ocrx_word' id='word_1_658' title='bbox 3271 4838 3489 4911; x_wconf 79' lang='grc' dir='ltr'>ἐντολῆς</span> <span class='ocrx_word' id='word_1_659' title='bbox 3513 4837 3598 4890; x_wconf 78' lang='grc' dir='ltr'>τοῦ</span> <span class='ocrx_word' id='word_1_660' title='bbox 3626 4829 3730 4884; x_wconf 79' lang='grc' dir='ltr'>Θεοῦ</span> 
     </span>
    </p>
   </div>
   <div class='ocr_carea' id='block_1_95' title="bbox 622 4922 2190 5005">
    <p class='ocr_par' dir='ltr' id='par_1_95' title="bbox 622 4933 2113 4988">
     <span class='ocr_line' id='line_1_95' title="bbox 622 4933 2113 4988; baseline 0 -3"><span class='ocrx_word' id='word_1_661' title='bbox 622 4952 642 4985; x_wconf 79' lang='grc' dir='ltr'>ι</span> <span class='ocrx_word' id='word_1_662' title='bbox 684 4933 917 4987; x_wconf 89' lang='lat' dir='ltr'>dotalem</span> <span class='ocrx_word' id='word_1_663' title='bbox 963 4933 1209 4987; x_wconf 90' lang='lat' dir='ltr'>ordinem</span> <span class='ocrx_word' id='word_1_664' title='bbox 1254 4942 1310 4988; x_wconf 92' lang='lat' dir='ltr'>et</span> <span class='ocrx_word' id='word_1_665' title='bbox 1348 4935 1514 4985; x_wconf 82' lang='lat' dir='ltr'>vitam</span> <span class='ocrx_word' id='word_1_666' title='bbox 1564 4933 1921 4986; x_wconf 88' lang='lat' dir='ltr'>monasticam</span> <span class='ocrx_word' id='word_1_667' title='bbox 1956 4948 2113 4985; x_wconf 81' lang='lat' dir='ltr'>accc-</span> 
     </span>
    </p>
   </div>
   <div class='ocr_carea' id='block_1_96' title="bbox 2164 4922 3732 5005">
    <p class='ocr_par' dir='ltr' id='par_1_96' title="bbox 2292 4922 3732 5005">
     <span class='ocr_line' id='line_1_96' title="bbox 2292 4922 3732 5005; baseline -0.005 -18"><span class='ocrx_word' id='word_1_668' title='bbox 2292 4955 2309 4985; x_wconf 81' lang='grc' dir='ltr'>ι</span> <span class='ocrx_word' id='word_1_669' title='bbox 2351 4935 2777 5005; x_wconf 82' lang='grc' dir='ltr'>ἐξαπατηθῆναι,</span> <span class='ocrx_word' id='word_1_670' title='bbox 2813 4938 2908 4989; x_wconf 73' lang='grc' dir='ltr'>καὶ</span> <span class='ocrx_word' id='word_1_671' title='bbox 2958 4936 3042 4988; x_wconf 77' lang='grc' dir='ltr'>δια</span> <span class='ocrx_word' id='word_1_672' title='bbox 3105 4935 3329 5005; x_wconf 74' lang='grc' dir='ltr'>χρυσίου</span> <span class='ocrx_word' id='word_1_673' title='bbox 3389 4936 3484 4995; x_wconf 69' lang='grc' dir='ltr'>τὰς</span> <span class='ocrx_word' id='word_1_674' title='bbox 3534 4922 3732 4991; x_wconf 72' lang='grc' dir='ltr'>είσὸοχὰς</span> 
     </span>
    </p>
   </div>
   <div class='ocr_carea' id='block_1_97' title="bbox 588 5015 2156 5097">
    <p class='ocr_par' dir='ltr' id='par_1_97' title="bbox 588 5024 2112 5095">
     <span class='ocr_line' id='line_1_97' title="bbox 588 5024 2112 5095; baseline 0.003 -22"><span class='ocrx_word' id='word_1_675' title='bbox 588 5045 642 5083; x_wconf 59' lang='grc' dir='ltr'>,ε</span> <span class='ocrx_word' id='word_1_676' title='bbox 689 5024 864 5082; x_wconf 82' lang='lat' dir='ltr'>dunt.</span> <span class='ocrx_word' id='word_1_677' title='bbox 898 5026 1146 5093; x_wconf 83' lang='lat' dir='ltr'>pecuniis</span> <span class='ocrx_word' id='word_1_678' title='bbox 1172 5026 1484 5081; x_wconf 86' lang='lat' dir='ltr'>admittant.</span> <span class='ocrx_word' id='word_1_679' title='bbox 1532 5025 1597 5080; x_wconf 86' lang='lat' dir='ltr'>Et</span> <span class='ocrx_word' id='word_1_680' title='bbox 1643 5042 1876 5095; x_wconf 90' lang='lat' dir='ltr'>quorum</span> <span class='ocrx_word' id='word_1_681' title='bbox 1926 5042 2112 5094; x_wconf 85' lang='lat' dir='ltr'>repro-</span> 
     </span>
    </p>
   </div>
   <div class='ocr_carea' id='block_1_98' title="bbox 2164 5015 3732 5097">
    <p class='ocr_par' dir='ltr' id='par_1_98' title="bbox 2291 5015 3732 5097">
     <span class='ocr_line' id='line_1_98' title="bbox 2291 5015 3732 5097; baseline -0.005 -20"><span class='ocrx_word' id='word_1_682' title='bbox 2291 5045 2309 5077; x_wconf 79' lang='grc' dir='ltr'>ι</span> <span class='ocrx_word' id='word_1_683' title='bbox 2352 5027 2459 5079; x_wconf 85' lang='grc' dir='ltr'>τῶν</span> <span class='ocrx_word' id='word_1_684' title='bbox 2489 5029 2947 5097; x_wconf 79' lang='grc' dir='ltr'>προσερχομένων</span> <span class='ocrx_word' id='word_1_685' title='bbox 2994 5027 3070 5095; x_wconf 81' lang='grc' dir='ltr'>τῷ</span> <span class='ocrx_word' id='word_1_686' title='bbox 3106 5027 3370 5096; x_wconf 84' lang='grc' dir='ltr'>ίερατικῷ</span> <span class='ocrx_word' id='word_1_687' title='bbox 3406 5026 3633 5091; x_wconf 75' lang='grc' dir='ltr'>τάγματι</span> <span class='ocrx_word' id='word_1_688' title='bbox 3661 5015 3732 5066; x_wconf 69' lang='grc' dir='ltr'>καί</span> 
     </span>
    </p>
   </div>
   <div class='ocr_carea' id='block_1_99' title="bbox 622 5105 2190 5189">
    <p class='ocr_par' dir='ltr' id='par_1_99' title="bbox 622 5118 2110 5187">
     <span class='ocr_line' id='line_1_99' title="bbox 622 5118 2110 5187; baseline 0.003 -20"><span class='ocrx_word' id='word_1_689' title='bbox 622 5137 639 5167; x_wconf 74' lang='grc' dir='ltr'>ι</span> <span class='ocrx_word' id='word_1_690' title='bbox 690 5120 817 5170; x_wconf 86' lang='lat' dir='ltr'>hum</span> <span class='ocrx_word' id='word_1_691' title='bbox 846 5124 932 5169; x_wconf 89' lang='lat' dir='ltr'>est</span> <span class='ocrx_word' id='word_1_692' title='bbox 971 5118 1323 5187; x_wconf 89' lang='lat' dir='ltr'>principium,</span> <span class='ocrx_word' id='word_1_693' title='bbox 1371 5121 1684 5173; x_wconf 84' lang='lat' dir='ltr'>universum</span> <span class='ocrx_word' id='word_1_694' title='bbox 1724 5134 1938 5186; x_wconf 84' lang='lat' dir='ltr'>quoque</span> <span class='ocrx_word' id='word_1_695' title='bbox 1985 5119 2110 5187; x_wconf 83' lang='lat' dir='ltr'>reji-</span> 
     </span>
    </p>
   </div>
   <div class='ocr_carea' id='block_1_100' title="bbox 2162 5105 3730 5189">
    <p class='ocr_par' dir='ltr' id='par_1_100' title="bbox 2290 5105 3730 5189">
     <span class='ocr_line' id='line_1_100' title="bbox 2290 5105 3730 5189; baseline -0.004 -20"><span class='ocrx_word' id='word_1_696' title='bbox 2290 5139 2307 5169; x_wconf 79' lang='grc' dir='ltr'>ι</span> <span class='ocrx_word' id='word_1_697' title='bbox 2355 5118 2431 5187; x_wconf 78' lang='grc' dir='ltr'>τῷ</span> <span class='ocrx_word' id='word_1_698' title='bbox 2481 5120 2703 5188; x_wconf 81' lang='grc' dir='ltr'>μονήρει</span> <span class='ocrx_word' id='word_1_699' title='bbox 2757 5118 2857 5189; x_wconf 79' lang='grc' dir='ltr'>βῖῳ</span> <span class='ocrx_word' id='word_1_700' title='bbox 2907 5117 3199 5172; x_wconf 84' lang='grc' dir='ltr'>ποιεῖσθαι.</span> <span class='ocrx_word' id='word_1_701' title='bbox 3258 5118 3368 5171; x_wconf 72' lang='grc' dir='ltr'>Καὶ</span> <span class='ocrx_word' id='word_1_702' title='bbox 3407 5117 3600 5184; x_wconf 83' lang='grc' dir='ltr'>γίνεται</span> <span class='ocrx_word' id='word_1_703' title='bbox 3620 5105 3730 5173; x_wconf 81' lang='grc' dir='ltr'>ὦνή</span> 
     </span>
    </p>
   </div>
   <div class='ocr_carea' id='block_1_101' title="bbox 625 5205 2193 5281">
    <p class='ocr_par' dir='ltr' id='par_1_101' title="bbox 625 5208 2107 5279">
     <span class='ocr_line' id='line_1_101' title="bbox 625 5208 2107 5279; baseline 0.003 -20"><span class='ocrx_word' id='word_1_704' title='bbox 625 5228 642 5259; x_wconf 74' lang='grc' dir='ltr'>ι</span> <span class='ocrx_word' id='word_1_705' title='bbox 681 5208 931 5261; x_wconf 67' lang='lat' dir='ltr'>ciendum</span> <span class='ocrx_word' id='word_1_706' title='bbox 975 5218 1079 5272; x_wconf 90' lang='lat' dir='ltr'>est,</span> <span class='ocrx_word' id='word_1_707' title='bbox 1154 5219 1212 5263; x_wconf 92' lang='lat' dir='ltr'>ut</span> <span class='ocrx_word' id='word_1_708' title='bbox 1254 5210 1330 5264; x_wconf 88' lang='lat' dir='ltr'>ait</span> <span class='ocrx_word' id='word_1_709' title='bbox 1379 5225 1609 5279; x_wconf 78' lang='lat' dir='ltr'>magnus</span> <span class='ocrx_word' id='word_1_710' title='bbox 1665 5209 1948 5263; x_wconf 83' lang='lat' dir='ltr'>Basilius:</span> <span class='ocrx_word' id='word_1_711' title='bbox 2010 5226 2107 5264; x_wconf 72' lang='lat' dir='ltr'>nec</span> 
     </span>
    </p>
   </div>
   <div class='ocr_carea' id='block_1_102' title="bbox 2190 5205 3758 5281">
    <p class='ocr_par' dir='ltr' id='par_1_102' title="bbox 2294 5205 3758 5281">
     <span class='ocr_line' id='line_1_102' title="bbox 2294 5205 3758 5281; baseline -0.024 4"><span class='ocrx_word' id='word_1_712' title='bbox 2294 5232 2309 5260; x_wconf 82' lang='lat'>&#39;</span> <span class='ocrx_word' id='word_1_713' title='bbox 2355 5210 2493 5281; x_wconf 71' lang='grc' dir='ltr'>ἀρχὴ</span> <span class='ocrx_word' id='word_1_714' title='bbox 2521 5214 2779 5279; x_wconf 71' lang='grc' dir='ltr'>ἀδόκιμος</span> <span class='ocrx_word' id='word_1_715' title='bbox 2810 5211 2903 5264; x_wconf 80' lang='grc' dir='ltr'>καὶ</span> <span class='ocrx_word' id='word_1_716' title='bbox 2928 5211 2989 5263; x_wconf 79' lang='grc' dir='ltr'>τὸ</span> <span class='ocrx_word' id='word_1_717' title='bbox 3016 5211 3138 5263; x_wconf 86' lang='grc' dir='ltr'>ὅλον</span> <span class='ocrx_word' id='word_1_718' title='bbox 3166 5209 3490 5278; x_wconf 69' lang='grc' dir='ltr'>ἀπόϐλητον,</span> <span class='ocrx_word' id='word_1_719' title='bbox 3512 5205 3580 5267; x_wconf 79' lang='grc' dir='ltr'>ὣς</span> <span class='ocrx_word' id='word_1_720' title='bbox 3601 5211 3758 5269; x_wconf 75' lang='grc' dir='ltr'>φησιν·</span> 
     </span>
    </p>
   </div>
   <div class='ocr_carea' id='block_1_103' title="bbox 626 5300 2194 5373">
    <p class='ocr_par' dir='ltr' id='par_1_103' title="bbox 626 5300 2108 5371">
     <span class='ocr_line' id='line_1_103' title="bbox 626 5300 2108 5371; baseline 0.004 -21"><span class='ocrx_word' id='word_1_721' title='bbox 626 5320 641 5350; x_wconf 77' lang='grc' dir='ltr'>ι</span> <span class='ocrx_word' id='word_1_722' title='bbox 687 5300 796 5355; x_wconf 84' lang='lat' dir='ltr'>Deo</span> <span class='ocrx_word' id='word_1_723' title='bbox 825 5300 951 5355; x_wconf 88' lang='lat' dir='ltr'>licet</span> <span class='ocrx_word' id='word_1_724' title='bbox 986 5310 1041 5356; x_wconf 90' lang='lat' dir='ltr'>et</span> <span class='ocrx_word' id='word_1_725' title='bbox 1077 5317 1397 5357; x_wconf 65' lang='lat' dir='ltr'>mammonae</span> <span class='ocrx_word' id='word_1_726' title='bbox 1437 5304 1664 5357; x_wconf 83' lang='lat' dir='ltr'>servire.</span> <span class='ocrx_word' id='word_1_727' title='bbox 1715 5301 1771 5355; x_wconf 93' lang='lat' dir='ltr'>Si</span> <span class='ocrx_word' id='word_1_728' title='bbox 1804 5304 1926 5371; x_wconf 88' lang='lat' dir='ltr'>quis</span> <span class='ocrx_word' id='word_1_729' title='bbox 1979 5317 2108 5369; x_wconf 67' lang='lat' dir='ltr'>ergo</span> 
     </span>
    </p>
   </div>
   <div class='ocr_carea' id='block_1_104' title="bbox 2160 5300 3728 5373">
    <p class='ocr_par' dir='ltr' id='par_1_104' title="bbox 2293 5303 3728 5373">
     <span class='ocr_line' id='line_1_104' title="bbox 2293 5303 3728 5373; baseline 0.003 -17"><span class='ocrx_word' id='word_1_730' title='bbox 2293 5324 2310 5356; x_wconf 75' lang='grc' dir='ltr'>ι</span> <span class='ocrx_word' id='word_1_731' title='bbox 2352 5305 2379 5354; x_wconf 84' lang='grc' dir='ltr'><strong>ὁ</strong></span> <span class='ocrx_word' id='word_1_732' title='bbox 2415 5304 2588 5373; x_wconf 79' lang='grc' dir='ltr'>μέγας</span> <span class='ocrx_word' id='word_1_733' title='bbox 2640 5306 2918 5365; x_wconf 82' lang='grc' dir='ltr'>Βασίλειος</span> <span class='ocrx_word' id='word_1_734' title='bbox 2948 5322 2961 5332; x_wconf 91' lang='grc'><strong>·</strong></span> <span class='ocrx_word' id='word_1_735' title='bbox 3012 5306 3134 5358; x_wconf 77' lang='grc' dir='ltr'>οὐδὲ</span> <span class='ocrx_word' id='word_1_736' title='bbox 3188 5307 3297 5373; x_wconf 77' lang='grc' dir='ltr'>γὰρ</span> <span class='ocrx_word' id='word_1_737' title='bbox 3349 5303 3466 5371; x_wconf 80' lang='grc' dir='ltr'>6εῷ</span> <span class='ocrx_word' id='word_1_738' title='bbox 3498 5303 3583 5354; x_wconf 81' lang='grc' dir='ltr'>καὶ</span> <span class='ocrx_word' id='word_1_739' title='bbox 3610 5311 3728 5367; x_wconf 76' lang='grc' dir='ltr'>μαμ·</span> 
     </span>
    </p>
   </div>
   <div class='ocr_carea' id='block_1_105' title="bbox 625 5382 2193 5465">
    <p class='ocr_par' dir='ltr' id='par_1_105' title="bbox 625 5394 2106 5465">
     <span class='ocr_line' id='line_1_105' title="bbox 625 5394 2106 5465; baseline 0.001 -20"><span class='ocrx_word' id='word_1_740' title='bbox 625 5416 640 5445; x_wconf 77' lang='grc' dir='ltr'>ι</span> <span class='ocrx_word' id='word_1_741' title='bbox 685 5395 939 5448; x_wconf 80' lang='lat' dir='ltr'>inventus</span> <span class='ocrx_word' id='word_1_742' title='bbox 974 5394 1133 5448; x_wconf 89' lang='lat' dir='ltr'>fuerit</span> <span class='ocrx_word' id='word_1_743' title='bbox 1175 5396 1277 5449; x_wconf 90' lang='lat' dir='ltr'>hoc</span> <span class='ocrx_word' id='word_1_744' title='bbox 1319 5396 1524 5457; x_wconf 89' lang='lat' dir='ltr'>facere,</span> <span class='ocrx_word' id='word_1_745' title='bbox 1557 5397 1849 5465; x_wconf 87' lang='lat' dir='ltr'>episcopus</span> <span class='ocrx_word' id='word_1_746' title='bbox 1888 5395 2106 5465; x_wconf 87' lang='lat' dir='ltr'>quidem</span> 
     </span>
    </p>
   </div>
   <div class='ocr_carea' id='block_1_106' title="bbox 2159 5382 3727 5465">
    <p class='ocr_par' dir='ltr' id='par_1_106' title="bbox 2294 5382 3727 5465">
     <span class='ocr_line' id='line_1_106' title="bbox 2294 5382 3727 5465; baseline -0.009 -18"><span class='ocrx_word' id='word_1_747' title='bbox 2294 5416 2313 5444; x_wconf 71' lang='grc' dir='ltr'><em>α</em></span> <span class='ocrx_word' id='word_1_748' title='bbox 2364 5398 2517 5465; x_wconf 87' lang='grc' dir='ltr'>μωνᾶ</span> <span class='ocrx_word' id='word_1_749' title='bbox 2546 5397 2813 5450; x_wconf 74' lang='grc' dir='ltr'>δουλεύειν</span> <span class='ocrx_word' id='word_1_750' title='bbox 2844 5398 3072 5461; x_wconf 76' lang='grc' dir='ltr'>ἔξεστιν.</span> <span class='ocrx_word' id='word_1_751' title='bbox 3104 5399 3169 5450; x_wconf 82' lang='grc' dir='ltr'>Εἴ</span> <span class='ocrx_word' id='word_1_752' title='bbox 3192 5414 3275 5458; x_wconf 81' lang='grc' dir='ltr'>τις</span> <span class='ocrx_word' id='word_1_753' title='bbox 3305 5392 3397 5449; x_wconf 59' lang='grc' dir='ltr'>οὖν</span> <span class='ocrx_word' id='word_1_754' title='bbox 3425 5392 3602 5461; x_wconf 81' lang='grc' dir='ltr'>εὑρεθῇ</span> <span class='ocrx_word' id='word_1_755' title='bbox 3618 5382 3727 5438; x_wconf 78' lang='grc' dir='ltr'>’τοῦ-</span> 
     </span>
    </p>
   </div>
   <div class='ocr_carea' id='block_1_107' title="bbox 624 5479 2192 5557">
    <p class='ocr_par' dir='ltr' id='par_1_107' title="bbox 624 5486 2111 5557">
     <span class='ocr_line' id='line_1_107' title="bbox 624 5486 2111 5557; baseline 0.001 -18"><span class='ocrx_word' id='word_1_756' title='bbox 624 5508 641 5539; x_wconf 74' lang='grc' dir='ltr'>ι</span> <span class='ocrx_word' id='word_1_757' title='bbox 690 5488 774 5542; x_wconf 89' lang='lat' dir='ltr'>vel</span> <span class='ocrx_word' id='word_1_758' title='bbox 829 5488 1149 5542; x_wconf 88' lang='lat' dir='ltr'>monasterii</span> <span class='ocrx_word' id='word_1_759' title='bbox 1198 5488 1487 5557; x_wconf 68' lang='lat' dir='ltr'>praefectus</span> <span class='ocrx_word' id='word_1_760' title='bbox 1534 5490 1617 5542; x_wconf 91' lang='lat' dir='ltr'>vel</span> <span class='ocrx_word' id='word_1_761' title='bbox 1669 5504 1736 5542; x_wconf 82' lang='lat' dir='ltr'>ex</span> <span class='ocrx_word' id='word_1_762' title='bbox 1785 5486 2111 5542; x_wconf 84' lang='lat' dir='ltr'>sacerdotali</span> 
     </span>
    </p>
   </div>
   <div class='ocr_carea' id='block_1_108' title="bbox 2158 5479 3726 5557">
    <p class='ocr_par' dir='ltr' id='par_1_108' title="bbox 2300 5479 3726 5556">
     <span class='ocr_line' id='line_1_108' title="bbox 2300 5479 3726 5556; baseline -0.01 -13"><span class='ocrx_word' id='word_1_763' title='bbox 2300 5510 2317 5540; x_wconf 78' lang='grc' dir='ltr'>ι</span> <span class='ocrx_word' id='word_1_764' title='bbox 2364 5506 2425 5541; x_wconf 91' lang='grc' dir='ltr'>το</span> <span class='ocrx_word' id='word_1_765' title='bbox 2451 5488 2640 5552; x_wconf 86' lang='grc' dir='ltr'>ποιῶν,</span> <span class='ocrx_word' id='word_1_766' title='bbox 2672 5491 2719 5541; x_wconf 85' lang='grc' dir='ltr'>εί</span> <span class='ocrx_word' id='word_1_767' title='bbox 2767 5489 2865 5556; x_wconf 87' lang='grc' dir='ltr'>μὲν</span> <span class='ocrx_word' id='word_1_768' title='bbox 2913 5488 3210 5550; x_wconf 87' lang='grc' dir='ltr'>ἐπίσκοπός</span> <span class='ocrx_word' id='word_1_769' title='bbox 3240 5489 3388 5539; x_wconf 85' lang='grc' dir='ltr'>ἐστιν</span> <span class='ocrx_word' id='word_1_770' title='bbox 3418 5479 3726 5552; x_wconf 79' lang='grc' dir='ltr'>ἢήγούμενος</span> 
     </span>
    </p>
   </div>
   <div class='ocr_carea' id='block_1_109' title="bbox 624 5562 2192 5651">
    <p class='ocr_par' dir='ltr' id='par_1_109' title="bbox 624 5580 2109 5650">
     <span class='ocr_line' id='line_1_109' title="bbox 624 5580 2109 5650; baseline 0.001 -20"><span class='ocrx_word' id='word_1_771' title='bbox 624 5600 640 5630; x_wconf 76' lang='grc' dir='ltr'>ι</span> <span class='ocrx_word' id='word_1_772' title='bbox 682 5580 892 5641; x_wconf 87' lang='lat' dir='ltr'>ordine,</span> <span class='ocrx_word' id='word_1_773' title='bbox 922 5592 1014 5633; x_wconf 89' lang='lat' dir='ltr'>aut</span> <span class='ocrx_word' id='word_1_774' title='bbox 1046 5590 1361 5642; x_wconf 86' lang='lat' dir='ltr'>cesset,aut</span> <span class='ocrx_word' id='word_1_775' title='bbox 1406 5582 1736 5650; x_wconf 71' lang='lat' dir='ltr'>deponatur,</span> <span class='ocrx_word' id='word_1_776' title='bbox 1780 5589 1840 5635; x_wconf 91' lang='lat' dir='ltr'>ut</span> <span class='ocrx_word' id='word_1_777' title='bbox 1871 5582 1987 5634; x_wconf 90' lang='lat' dir='ltr'>vult</span> <span class='ocrx_word' id='word_1_778' title='bbox 2016 5595 2109 5632; x_wconf 83' lang='lat' dir='ltr'>ca-</span> 
     </span>
    </p>
   </div>
   <div class='ocr_carea' id='block_1_110' title="bbox 2160 5562 3728 5651">
    <p class='ocr_par' dir='ltr' id='par_1_110' title="bbox 2300 5562 3728 5651">
     <span class='ocr_line' id='line_1_110' title="bbox 2300 5562 3728 5651; baseline 0.002 -20"><span class='ocrx_word' id='word_1_779' title='bbox 2300 5601 2317 5631; x_wconf 79' lang='grc' dir='ltr'>ι</span> <span class='ocrx_word' id='word_1_780' title='bbox 2361 5582 2394 5650; x_wconf 74' lang='grc' dir='ltr'>ἦ</span> <span class='ocrx_word' id='word_1_781' title='bbox 2430 5598 2512 5644; x_wconf 83' lang='grc' dir='ltr'>τις</span> <span class='ocrx_word' id='word_1_782' title='bbox 2555 5582 2648 5634; x_wconf 83' lang='grc' dir='ltr'>τοῦ</span> <span class='ocrx_word' id='word_1_783' title='bbox 2680 5580 2977 5651; x_wconf 75' lang='grc' dir='ltr'>ἱερατικοῦ.</span> <span class='ocrx_word' id='word_1_784' title='bbox 3007 5581 3039 5651; x_wconf 81' lang='grc' dir='ltr'>ἢ</span> <span class='ocrx_word' id='word_1_785' title='bbox 3072 5580 3372 5634; x_wconf 74' lang='grc' dir='ltr'>παυσάσθω</span> <span class='ocrx_word' id='word_1_786' title='bbox 3418 5579 3447 5645; x_wconf 81' lang='grc' dir='ltr'><strong>ἢ</strong></span> <span class='ocrx_word' id='word_1_787' title='bbox 3493 5562 3728 5634; x_wconf 72' lang='grc' dir='ltr'>καθαιρεί⁸</span> 
     </span>
    </p>
   </div>
   <div class='ocr_carea' id='block_1_111' title="bbox 623 5661 2191 5742">
    <p class='ocr_par' dir='ltr' id='par_1_111' title="bbox 623 5670 2081 5742">
     <span class='ocr_line' id='line_1_111' title="bbox 623 5670 2081 5742; baseline -0.001 -21"><span class='ocrx_word' id='word_1_788' title='bbox 623 5691 639 5721; x_wconf 83' lang='grc' dir='ltr'>ι</span> <span class='ocrx_word' id='word_1_789' title='bbox 679 5686 786 5725; x_wconf 90' lang='lat' dir='ltr'>non</span> <span class='ocrx_word' id='word_1_790' title='bbox 842 5670 877 5723; x_wconf 79' lang='grc'><strong>2</strong></span> <span class='ocrx_word' id='word_1_791' title='bbox 928 5671 1389 5725; x_wconf 79' lang='lat' dir='ltr'>Chalcedonensis</span> <span class='ocrx_word' id='word_1_792' title='bbox 1441 5682 1647 5726; x_wconf 67' lang='lat' dir='ltr'>sanctae</span> <span class='ocrx_word' id='word_1_793' title='bbox 1684 5673 1875 5742; x_wconf 81' lang='lat' dir='ltr'>synodi</span> <span class='ocrx_word' id='word_1_794' title='bbox 1922 5690 1937 5724; x_wconf 89' lang='lat'><strong>:</strong></span> <span class='ocrx_word' id='word_1_795' title='bbox 1994 5688 2081 5723; x_wconf 84' lang='lat' dir='ltr'>nm</span> 
     </span>
    </p>
   </div>
   <div class='ocr_carea' id='block_1_112' title="bbox 2157 5661 3725 5742">
    <p class='ocr_par' dir='ltr' id='par_1_112' title="bbox 2294 5661 3725 5741">
     <span class='ocr_line' id='line_1_112' title="bbox 2294 5661 3725 5741; baseline -0.001 -17"><span class='ocrx_word' id='word_1_796' title='bbox 2294 5693 2312 5724; x_wconf 79' lang='grc' dir='ltr'>ι</span> <span class='ocrx_word' id='word_1_797' title='bbox 2359 5674 2492 5734; x_wconf 86' lang='grc' dir='ltr'>σθω,</span> <span class='ocrx_word' id='word_1_798' title='bbox 2522 5675 2663 5725; x_wconf 69' lang='grc' dir='ltr'>κατὰ</span> <span class='ocrx_word' id='word_1_799' title='bbox 2689 5674 2777 5725; x_wconf 79' lang='grc' dir='ltr'>τὸν</span> <span class='ocrx_word' id='word_1_800' title='bbox 2804 5673 3058 5741; x_wconf 84' lang='grc' dir='ltr'>δεύτερον</span> <span class='ocrx_word' id='word_1_801' title='bbox 3094 5673 3294 5725; x_wconf 76' lang='grc' dir='ltr'>κανόνα</span> <span class='ocrx_word' id='word_1_802' title='bbox 3338 5671 3433 5738; x_wconf 79' lang='grc' dir='ltr'>τῆς</span> <span class='ocrx_word' id='word_1_803' title='bbox 3468 5670 3519 5719; x_wconf 82' lang='grc' dir='ltr'>ἐν</span> <span class='ocrx_word' id='word_1_804' title='bbox 3544 5661 3725 5723; x_wconf 67' lang='grc' dir='ltr'>ΧαλκτΓ</span> 
     </span>
    </p>
   </div>
   <div class='ocr_carea' id='block_1_113' title="bbox 626 5749 2194 5832">
    <p class='ocr_par' dir='ltr' id='par_1_113' title="bbox 626 5763 2108 5832">
     <span class='ocr_line' id='line_1_113' title="bbox 626 5763 2108 5832; baseline 0.002 -19"><span class='ocrx_word' id='word_1_805' title='bbox 626 5782 642 5812; x_wconf 80' lang='grc' dir='ltr'><strong>ε</strong></span> <span class='ocrx_word' id='word_1_806' title='bbox 687 5764 911 5816; x_wconf 87' lang='lat' dir='ltr'>nasterii</span> <span class='ocrx_word' id='word_1_807' title='bbox 953 5774 1134 5817; x_wconf 90' lang='lat' dir='ltr'>autem</span> <span class='ocrx_word' id='word_1_808' title='bbox 1172 5763 1426 5832; x_wconf 68' lang='lat' dir='ltr'>praelecta</span> <span class='ocrx_word' id='word_1_809' title='bbox 1478 5778 1507 5817; x_wconf 88' lang='lat' dir='ltr'>a</span> <span class='ocrx_word' id='word_1_810' title='bbox 1555 5766 1890 5818; x_wconf 86' lang='lat' dir='ltr'>monasterio</span> <span class='ocrx_word' id='word_1_811' title='bbox 1922 5771 2108 5817; x_wconf 82' lang='lat' dir='ltr'>extru-</span> 
     </span>
    </p>
   </div>
   <div class='ocr_carea' id='block_1_114' title="bbox 2157 5749 3725 5832">
    <p class='ocr_par' dir='ltr' id='par_1_114' title="bbox 2295 5749 3725 5832">
     <span class='ocr_line' id='line_1_114' title="bbox 2295 5749 3725 5832; baseline -0.006 -18"><span class='ocrx_word' id='word_1_812' title='bbox 2295 5782 2314 5814; x_wconf 77' lang='grc' dir='ltr'>ι</span> <span class='ocrx_word' id='word_1_813' title='bbox 2359 5764 2467 5816; x_wconf 79' lang='grc' dir='ltr'>δόνι</span> <span class='ocrx_word' id='word_1_814' title='bbox 2491 5764 2650 5832; x_wconf 82' lang='grc' dir='ltr'>ἁγίας</span> <span class='ocrx_word' id='word_1_815' title='bbox 2672 5762 2921 5814; x_wconf 64' lang='grc' dir='ltr'>συνόδων</span> <span class='ocrx_word' id='word_1_816' title='bbox 2954 5762 3003 5813; x_wconf 86' lang='grc' dir='ltr'>εί</span> <span class='ocrx_word' id='word_1_817' title='bbox 3033 5761 3090 5813; x_wconf 83' lang='grc' dir='ltr'>δὲ</span> <span class='ocrx_word' id='word_1_818' title='bbox 3122 5749 3725 5831; x_wconf 63' lang='grc' dir='ltr'>ἡγουμένη,ἐκδιωχθήτω</span> 
     </span>
    </p>
   </div>
   <div class='ocr_carea' id='block_1_115' title="bbox 626 5834 2194 5927">
    <p class='ocr_par' dir='ltr' id='par_1_115' title="bbox 626 5855 2112 5927">
     <span class='ocr_line' id='line_1_115' title="bbox 626 5855 2112 5927; baseline 0 -22"><span class='ocrx_word' id='word_1_819' title='bbox 626 5873 645 5905; x_wconf 75' lang='grc' dir='ltr'>ι</span> <span class='ocrx_word' id='word_1_820' title='bbox 692 5855 853 5907; x_wconf 86' lang='lat' dir='ltr'>datur</span> <span class='ocrx_word' id='word_1_821' title='bbox 920 5865 972 5909; x_wconf 90' lang='lat' dir='ltr'>et</span> <span class='ocrx_word' id='word_1_822' title='bbox 1030 5856 1120 5910; x_wconf 91' lang='lat' dir='ltr'>alii</span> <span class='ocrx_word' id='word_1_823' title='bbox 1188 5855 1521 5910; x_wconf 90' lang='lat' dir='ltr'>monasterio</span> <span class='ocrx_word' id='word_1_824' title='bbox 1578 5858 1826 5908; x_wconf 88' lang='lat' dir='ltr'>tradatur</span> <span class='ocrx_word' id='word_1_825' title='bbox 1872 5858 1937 5927; x_wconf 76' lang='lat' dir='ltr'>ad</span> <span class='ocrx_word' id='word_1_826' title='bbox 1982 5858 2112 5908; x_wconf 85' lang='lat' dir='ltr'>snh-</span> 
     </span>
    </p>
   </div>
   <div class='ocr_carea' id='block_1_116' title="bbox 2159 5834 3727 5927">
    <p class='ocr_par' dir='ltr' id='par_1_116' title="bbox 2297 5834 3727 5927">
     <span class='ocr_line' id='line_1_116' title="bbox 2297 5834 3727 5927; baseline -0.01 -25"><span class='ocrx_word' id='word_1_827' title='bbox 2297 5874 2313 5902; x_wconf 71' lang='grc'><strong>(</strong></span> <span class='ocrx_word' id='word_1_828' title='bbox 2356 5852 2447 5904; x_wconf 78' lang='grc' dir='ltr'>τοῦ</span> <span class='ocrx_word' id='word_1_829' title='bbox 2506 5851 2890 5921; x_wconf 76' lang='grc' dir='ltr'>μοναστηρίου,</span> <span class='ocrx_word' id='word_1_830' title='bbox 2925 5853 3020 5905; x_wconf 70' lang='grc' dir='ltr'>καὶ</span> <span class='ocrx_word' id='word_1_831' title='bbox 3073 5850 3431 5921; x_wconf 77' lang='grc' dir='ltr'>παραδοθήτω</span> <span class='ocrx_word' id='word_1_832' title='bbox 3484 5846 3538 5895; x_wconf 85' lang='grc' dir='ltr'>ἑν</span> <span class='ocrx_word' id='word_1_833' title='bbox 3590 5834 3727 5927; x_wconf 63' lang='grc' dir='ltr'>ἑτέρῳ</span> 
     </span>
    </p>
   </div>
   <div class='ocr_carea' id='block_1_117' title="bbox 626 5924 2194 6016">
    <p class='ocr_par' dir='ltr' id='par_1_117' title="bbox 626 5924 2110 6016">
     <span class='ocr_line' id='line_1_117' title="bbox 626 5924 2110 6016; baseline 0.003 -19"><span class='ocrx_word' id='word_1_834' title='bbox 626 5964 645 5997; x_wconf 75' lang='grc' dir='ltr'>ι</span> <span class='ocrx_word' id='word_1_835' title='bbox 691 5946 1002 6015; x_wconf 87' lang='lat' dir='ltr'>jectionem.</span> <span class='ocrx_word' id='word_1_836' title='bbox 1038 5947 1305 6003; x_wconf 85' lang='lat' dir='ltr'>Similiter</span> <span class='ocrx_word' id='word_1_837' title='bbox 1346 5956 1398 6002; x_wconf 89' lang='lat' dir='ltr'>et</span> <span class='ocrx_word' id='word_1_838' title='bbox 1448 5948 1768 6003; x_wconf 86' lang='lat' dir='ltr'>monasterii</span> <span class='ocrx_word' id='word_1_839' title='bbox 1800 5924 2110 6016; x_wconf 68' lang='lat' dir='ltr'>praefectus,</span> 
     </span>
    </p>
   </div>
   <div class='ocr_carea' id='block_1_118' title="bbox 2152 5924 3720 6016">
    <p class='ocr_par' dir='ltr' id='par_1_118' title="bbox 2299 5924 3720 6015">
     <span class='ocr_line' id='line_1_118' title="bbox 2299 5924 3720 6015; baseline -0.004 -18"><span class='ocrx_word' id='word_1_840' title='bbox 2299 5965 2316 5997; x_wconf 81' lang='grc' dir='ltr'>ι</span> <span class='ocrx_word' id='word_1_841' title='bbox 2362 5941 2704 6015; x_wconf 81' lang='grc' dir='ltr'>μοναστηρίῳ</span> <span class='ocrx_word' id='word_1_842' title='bbox 2772 5944 2905 6014; x_wconf 72' lang='grc' dir='ltr'>πρὸς</span> <span class='ocrx_word' id='word_1_843' title='bbox 2981 5944 3273 6015; x_wconf 84' lang='grc' dir='ltr'>ύποταγήν.</span> <span class='ocrx_word' id='word_1_844' title='bbox 3342 5935 3593 5993; x_wconf 64' lang='grc' dir='ltr'>Ὠσαύτνξ</span> <span class='ocrx_word' id='word_1_845' title='bbox 3654 5924 3720 5975; x_wconf 45' lang='grc' dir='ltr'>καί</span> 
     </span>
    </p>
   </div>
  </div>
