3972 6488
295 438 388 503 981

364 660 385 694 ι
425 642 554 697 Ἐπὶ
586 646 643 698 δὲ
671 646 780 700 τῶν
806 650 961 719 παρὰ
989 651 1192 719 γονέων
1222 655 1674 723 παραδεδομένων
1704 656 1860 725 δίκην

364 755 382 787 ι
429 738 719 810 προικῴων
769 745 881 804 τοῖς
941 742 1174 807 τέκνοις,
1224 746 1256 815 ἥ
1316 747 1634 818 ίδιοκτήτων
1683 750 1861 802 αὐτῶν

368 850 387 881 ι
432 835 778 902 πραγμάτων
806 838 1260 907 προσαγομένων,
1296 840 1701 910 ὁμολογούντων
1752 844 1863 897 τῶν

367 942 386 971 ι
434 926 826 993 προσαγόντων
850 929 1025 983 ταῦτα
1055 926 1197 983 εἶναι
1226 934 1581 1011 ἀφιερωμένα
1613 937 1691 1005 τῷ
1719 937 1857 1006 Θεῷ·

374 1034 391 1066 ι
433 1016 738 1087 ὡρίσαμεν,
769 1022 873 1076 κᾶν
925 1041 984 1076 τε
1033 1024 1215 1095 μείνῃ,
1257 1026 1358 1078 κᾶν
1381 1044 1442 1079 τε
1502 1029 1714 1100 ἐξέλθῃ,
1768 1033 1864 1099 μέ-

369 1126 385 1155 ι
429 1125 542 1161 νειν
592 1112 732 1164 αὐτὰ
784 1115 843 1164 ἐν
893 1114 972 1183 τῷ
1034 1120 1383 1192 μοναστηρίῳ
1432 1122 1573 1175 κατὰ
1605 1124 1704 1193 τὴν
1735 1124 1865 1177 ὑπό-

350 1220 394 1253 ,ι
439 1218 626 1270 σχεσιν
671 1206 837 1259 αὐτοῦ
862 1224 878 1241 ·
919 1210 968 1261 εί
1003 1211 1077 1280 μὴ
1129 1213 1213 1283 εἴη
1254 1214 1401 1267 αἰτία
1437 1214 1530 1268 τοῦ
1580 1219 1861 1287 προεστῶ-

372 1310 391 1343 ι
430 1310 525 1358 τος
553 1294 688 1364 (40).
732 1316 751 1350 ι

377 1387 575 1442 ΒΔΛΣ.
613 1390 702 1445 Ἐν
744 1393 823 1463 τῷ
851 1394 894 1446 ε’
928 1398 1119 1452 κανόνι
1167 1401 1267 1469 τῆς
1319 1405 1603 1474 παρούσης
1645 1409 1864 1461 συνόδου

296 1478 614 1550 ὡρίσθησαν
645 1485 796 1553 παρὰ
822 1487 932 1541 τῶν
962 1489 1134 1557 ἁγίων
1178 1493 1437 1564 Πατέρων
1482 1496 1713 1568 διάφορά
1745 1518 1867 1554 τινα

296 1571 461 1640 χάριν
490 1573 587 1642 τῆς
617 1574 906 1641 διαδόσεως
948 1583 1250 1651 χρημάτων
1298 1591 1792 1658 κατατασσομένων
1833 1592 1866 1663 ἢ

308 1668 794 1735 (ειροτονουμένων
852 1673 910 1723 ἐν
943 1674 1128 1745 κλήρῳ
1184 1678 1476 1749 οἱῳδήτινι.
1530 1682 1869 1748 Ἀκολούθως

298 1754 396 1807 οὖν
426 1757 575 1827 αύτῷ
618 1762 711 1814 καὶ
743 1764 769 1814 6
807 1766 1000 1836 παρὼν
1042 1769 1248 1835 κανὼν,
1286 1772 1562 1838 ὀνειδίζων
1592 1777 1720 1838 τοὺς
1747 1778 1869 1830 ὲπι-

302 1848 544 1912 σκόπους
575 1853 666 1905 καὶ
692 1855 1159 1926 καθηγουμένους,
1198 1864 1323 1924 τοὺς
1377 1866 1463 1918 διὰ
1498 1866 1869 1937 φιλαργυρίαν

297 1938 627 2031 δεχομένους
693 1948 844 2010 τινας
913 1952 1052 2018 μετὰ
1123 1957 1497 2023 προσενέξεως
1568 1965 1869 2031 χρημάτων

302 2023 475 2094 (οὗτοι
532 2034 640 2103 γάρ
671 2036 807 2089 εἰσιν
858 2041 905 2092 οἱ
963 2043 1230 2113 ἡγήτορες
1276 2048 1370 2097 καὶ
1416 2044 1529 2101 οἷον
1558 2023 1747 2121 όδηγοὶ
1775 2052 1869 2106 τοῦ

298 2122 481 2191 λαοῦ),
509 2125 807 2197 διορίζεται
853 2131 928 2201 μὴ
974 2135 1427 2207 συναριθμεῖσθαί
1468 2157 1592 2207 τινα
1627 2145 1684 2195 ἐν
1717 2144 1872 2198 ἀδελ-
1902 2192 1903 2197 η

298 2215 498 2284 φότητι
529 2219 690 2287 μονῆς
718 2221 750 2292 ἢ
782 2223 839 2274 ἐν
872 2224 1063 2295 κλήρῳ
1108 2228 1239 2280 ναοῦ
1291 2230 1377 2281 διὰ
1408 2231 1606 2297 δόσεως
1648 2239 1870 2306 χρημά-

296 2321 451 2399 τωνυ
484 2309 611 2372 τοὺς
656 2310 712 2362 δὲ
761 2314 987 2378 τούτους
1019 2318 1364 2388 δεχομένους,
1408 2325 1742 2392 ἐπισκόπους
1777 2332 1875 2399 μὲν

297 2394 465 2459 δντας
490 2400 584 2452 καὶ
612 2403 953 2472 ἡγουμένους
986 2408 1337 2477 ίερωμένους,
1373 2414 1404 2484 ἢ
1434 2418 1703 2471 παύεσθαι
1733 2421 1875 2488 μετὰ

298 2492 687 2583 ¹παραγγελίαν
731 2496 762 2565 ἢ
815 2498 1236 2568 καθαιρεῖσθαι·
1287 2507 1335 2557 εί
1383 2506 1440 2559 δὲ
1480 2510 1875 2583 μονάξουσαιῆ

298 2578 602 2677 ἡγούμενοι
627 2585 853 2654 ἀνίεροι,
907 2590 1265 2648 ὲκδιὼκεσθαι
1311 2598 1419 2650 ἀπὸ
1468 2601 1562 2653 τοῦ
1609 2578 1880 2677 μοναστηί

304 2675 452 2742 ρίου,
480 2677 571 2728 καὶ
601 2681 989 2747 παραδίδοσθαι
1020 2687 1078 2737 ἐν
1105 2687 1268 2759 ἑτέρᾳ
1307 2695 1441 2762 μονῇ
1474 2695 1558 2760 ἐφ’
1672 2675 1878 2750 ὑποτα-

302 2765 533 2828 κτικοὺς
564 2764 723 2822 εἶναι.
758 2771 837 2825 Τὰ
872 2775 1056 2841 μέντοι
1088 2781 1238 2848 παρά
1268 2800 1430 2835 τινων
1454 2790 1875 2860 προσφερόμενα

303 2854 388 2946 τῷ
438 2855 555 2927 Θεῷ
609 2861 1109 2945 αὐτοπροαιρέτως,
1156 2872 1249 2923 καὶ
1306 2875 1415 2928 ἀπὸ
1456 2854 1878 2946 γονέων-αύτοῖς

303 2945 719 3042 διαφέρονταμῆ
782 2956 877 3009 καὶ
927 2959 1221 3030 ἀλλαχόθεν
1276 2965 1474 3029 ποθὲν,
1538 2971 1879 3042 ἀναφαίρετα

305 3033 451 3136 εἶναι
502 3044 564 3136 τῇ
601 3048 761 3114 μονῇ,
794 3051 896 3103 κᾶν
942 3068 1001 3103 τε
1057 3054 1215 3127 μείνῃ
1268 3058 1326 3110 ἐν
1356 3056 1450 3129 ’τῷ
1481 3033 1827 3136 μοναστηρίῳ
1853 3069 1880 3120 6

305 3130 631 3201 ἀφιερώσας
675 3138 868 3203 ταῦτα,
903 3144 1006 3197 κᾶν
1047 3164 1104 3197 τε
1136 3149 1365 3218 ἐξέλθῃ*
1410 3154 1458 3204 εί
1511 3156 1675 3224 μήπω
1708 3130 1881 3222 αἴτιος

1282 450 1366 510 ΙΝ
1393 452 1558 510 CAN.
1603 454 1738 512 XIX
1798 452 2006 513 CONC.
2041 454 2149 511 VII
2189 452 2539 514 (ECUMEN.

366 569 383 600 ι
430 550 733 621 ἡγούμενος
782 552 855 625 μὴ
897 556 1036 625 ἔχων
1071 564 1404 630 χειροτονίαν
1456 560 1851 629 πρεσϐυτέρου.
1886 561 1930 616 Α

3422 450 3529 514 989

2033 577 2053 609 ι
2099 561 2189 629 qui
2246 560 2549 633 presbyteri
2600 560 2999 617 ordinationem
3050 575 3159 616 non
3212 560 3401 616 habet.
3449 564 3516 615 Ite

2038 672 2055 705 ι
2102 654 2169 707 iis
2197 664 2397 719 autem,
2436 670 2555 723 qua:
2588 656 2789 709 dantur
2820 654 3007 710 liberis
3031 670 3059 708 a
3092 655 3411 725 parentibus
3440 656 3522 709 in-

2035 765 2055 799 ι
2099 757 2213 802 star
2266 749 2429 812 dotis,
2487 750 2569 803 vel
2620 752 2787 804 rebus
2836 751 2952 805 suis
3004 750 3239 819 propriis
3308 749 3527 811 oblatis,

2038 858 2057 883 ι
2103 840 2490 910 proﬁtentibus
2546 842 2636 903 iis.
2687 843 2778 912 qui
2822 858 2886 898 ea
2921 842 3187 907 oderunt,
3240 857 3361 895 esse
3420 840 3531 894 Deo

2035 952 2053 984 ι
2096 943 2439 993 consecrata,
2473 938 2789 1000 statuimus,
2837 945 2895 990 ut
2941 937 3053 990 sive
3084 944 3359 996 maneant,
3414 936 3531 990 sive

2039 1044 2056 1076 ι
2100 1036 2317 1089 exeant,
2365 1040 2425 1080 ea
2463 1028 2516 1080 in
2572 1029 2908 1082 monasterio
2960 1034 3240 1091 maneant,
3307 1036 3365 1080 ut
3433 1024 3535 1079 fuit

2041 1136 2059 1167 ι
2108 1119 2350 1188 ipsormn
2397 1119 2709 1189 professio:
2764 1119 2863 1173 nisi
2919 1118 2965 1173 is
3030 1119 3120 1189 qui
3180 1124 3375 1187 prmest
3407 1155 3424 1179 ,
3476 1119 3531 1171 in

2041 1229 2059 1260 ‹
2099 1209 2256 1278 culpa
2289 1209 2515 1277 fuerith

2041 1390 2237 1446 BALS.
2292 1394 2350 1445 In
2421 1406 2629 1446 canone
2675 1391 2708 1446 5
2758 1394 3046 1462 prmsentis
3088 1390 3283 1462 synodi
3319 1390 3534 1445 diversa

1967 1485 2214 1555 quaedam
2262 1497 2289 1535 a
2330 1484 2536 1538 sanctis
2568 1482 2822 1537 Patribus
2854 1484 3149 1537 constituta
3176 1492 3306 1536 sunt
3340 1482 3407 1536 de
3440 1496 3536 1551 pe-

1968 1574 2251 1627 cuniarum
2272 1571 2493 1625 datione
2517 1572 2584 1625 ab
2626 1572 2713 1634 iis,
2748 1571 2838 1640 qui
2874 1573 2926 1624 in
2956 1571 3141 1640 aliquo
3162 1569 3310 1626 clero
3334 1568 3539 1624 consti-

1971 1675 2196 1718 utuntur
2219 1665 2300 1719 vel
2324 1665 2669 1720 ordinantur.
2716 1665 2777 1720 Ei
2814 1679 2945 1735 ergo
2976 1674 3377 1733 consequenter
3403 1679 3542 1733 prae-

1970 1772 2098 1812 setis
2125 1771 2336 1827 quoque
2360 1772 2533 1811 canon
2558 1799 2572 1822 ,
2607 1757 3009 1826 reprehendens
3038 1757 3323 1826 episcopos
3351 1766 3403 1809 et
3426 1772 3544 1809 mo-

1972 1847 2328 1901 nasteriorum
2350 1845 2654 1914 praefectos,
2676 1846 2764 1913 qui
2792 1855 3015 1914 propter
3031 1846 3313 1899 avaritiam
3332 1846 3543 1915 aliquos

1972 1939 2281 2007 suscipiunt
2352 1952 2476 1991 cum
2544 1938 2899 2006 pecuniarum
2974 1938 3251 1991 oblatione
3307 1938 3365 1998 (ii
3395 1937 3540 1989 enim

1972 2040 2100 2086 sunt
2139 2030 2322 2099 populi
2353 2031 2525 2085 duces
2560 2039 2614 2085 et
2649 2030 2816 2083 veluti
2846 2030 2901 2083 in
2939 2030 3024 2082 via
3045 2030 3322 2096 ductores)
3353 2029 3540 2082 decer-

1975 2125 2077 2189 nit,
2116 2141 2182 2178 ne
2206 2125 2330 2193 quis
2360 2124 2411 2176 in
2448 2125 2761 2177 monasterii
2804 2124 3146 2177 fraternitate
3188 2123 3266 2176 vel
3306 2124 3355 2175 iu
3394 2124 3543 2175 clero

1975 2219 2160 2288 templi
2217 2232 2313 2308 per
2358 2218 2701 2288 largitionem
2756 2218 2998 2284 pecuniae
3056 2224 3539 2268 connumcretur:

1974 2310 2067 2379 qui
2108 2306 2253 2364 vero
2275 2311 2399 2365 illos
2427 2310 2766 2378 suscipiunt,
2799 2310 2855 2363 'si
2907 2310 3019 2362 sint
3051 2307 3268 2377 quidem
3301 2306 3543 2374 episcopi

1977 2413 2029 2455 et
2060 2407 2514 2457 monasteriorum
2542 2402 2780 2473 praefecti
2812 2400 3147 2464 sacerdotes,
3194 2400 3274 2453 vel
3303 2409 3421 2467 post
3457 2401 3557 2452 de!

1980 2498 2375 2551 nuntiationem
2406 2504 2622 2551 cessent
2655 2495 2740 2548 vel
2776 2494 3151 2562 deponantur;
3207 2492 3250 2545 si
3289 2492 3397 2544 sint
3448 2505 3547 2542 au-

1979 2598 2086 2643 tem
2146 2590 2430 2644 monachae
2453 2629 2466 2652 ,
2506 2588 2588 2642 vel
2632 2587 3084 2640 monasteriorum
3111 2583 3346 2653 prinl‘ccti
3375 2583 3549 2636 sam-is

1981 2697 2087 2735 non
2125 2681 2363 2741 initiati‘,
2404 2681 2734 2733 monasterio
2774 2679 3263 2737 extrudantur,.et
3309 2674 3400 2727 alii
3435 2688 3551 2726 mo-

1981 2773 2218 2828 naSterio
2245 2772 2551 2832 tradantur,
2585 2783 2643 2825 ut
2682 2770 2791 2823 sint
2831 2769 3089 2837 subjecti.
3129 2768 3258 2833 Qua:
3302 2775 3482 2819 autem
3521 2781 3548 2816 a

1983 2864 2265 2919 nonnullis
2306 2864 2414 2917 Deo
2449 2878 2547 2917 sua
2585 2870 2779 2931 sponte
2815 2859 3139 2922 offeruntur,
3175 2860 3254 2912 vel
3284 2874 3311 2911 a
3352 2873 3551 2926 parcn—

1982 2957 2146 3020 tibus,
2177 2964 2233 3009 iit
2264 2970 2383 3022 quae
2434 2954 2500 3008 ad
2540 2955 2691 3022 ipsos
2718 2952 2992 3022 pertinent
3016 2993 3030 3014 ,
3064 2950 3148 3004 vel
3192 2948 3549 3002 aliundecim-

1983 3065 2109 3121 que,
2158 3058 2285 3102 ea’a
2325 3047 2660 3102 monasterio
2699 3061 2807 3100 non
2863 3060 3025 3114 posse
3050 3043 3280 3106 auferri,
3330 3042 3447 3094 sive
3497 3040 3550 3093 in

1984 3142 2321 3196 monasterio
2394 3139 2658 3193 manserit
2734 3137 2828 3206 qui
2893 3151 2955 3190 ea
3011 3136 3376 3197 consecravit,
3435 3131 3552 3203 sive

305 3224 412 3316 τῇς
479 3226 807 3294 ὲξελεύσεως
854 3236 882 3287 6
935 3237 1347 3311 καθηγούμενος
1409 3223 1659 3316 γένηται.
1710 3247 1880 3306 Εἶπον

1991 3249 2240 3301 egressus
2304 3232 2515 3287 fuerit:
2565 3231 2667 3286 nisi
2729 3232 2868 3283 forte
2933 3227 3018 3291 is,
3062 3227 3154 3296 qui
3223 3223 3555 3278 monasterio

304 3314 406 3370 οὖν
467 3338 611 3383 τινες
665 3323 738 3387 ὼς
784 3325 958 3382 ταῦτα
1020 3333 1196 3385 πάντα
1263 3336 1406 3391 κατὰ
1465 3337 1525 3391 τὸ
1580 3341 1886 3412 ἀναμφίδο-

312 3411 408 3463 λον
438 3412 620 3476 ἕξουσι
650 3418 834 3487 χώραν
859 3422 942 3483 είς
964 3422 1033 3474 τά
1054 3426 1374 3481 κοινοϐιακά
1412 3411 1768 3502 μοναστήρια,
1803 3438 1885 3497 εἰς

310 3503 370 3555 δὲ
410 3505 480 3558 τὰ
504 3509 833 3565 κελλιωτικὰ
864 3513 964 3567 οὐκ
992 3516 1373 3588 ὲνεργήσουσι,
1399 3522 1487 3576 διὰ
1517 3524 1575 3577 τδ
1603 3529 1886 3597 σιτηρέσια

312 3596 638 3660 ἐξωνεῖσθαι
684 3606 810 3667 τοὺς
856 3607 1308 3682 ἀδελφαταρίους,
1357 3615 1431 3685 μὴ
1484 3596 1753 3688 μέντοι
1791 3624 1886 3676 καὶ

312 3689 526 3744 δίκαιον
557 3694 923 3766 ἀποκάρσεως
950 3701 982 3771 ἢ
1018 3703 1367 3774 κληρώσεως.
1402 3709 1680 3765 Ἤκουσαν
1706 3714 1761 3767 δὲ
1794 3716 1888 3769 ἐπὶ

317 3785 458 3836 πᾶσι
486 3785 581 3837 καὶ
616 3789 697 3849 εἰς
731 3790 940 3855 πάντας
964 3795 1095 3857 τοὺς
1144 3801 1413 3870 μοναχοὺς
1445 3802 1537 3856 τὸν
1569 3808 1769 3860 κανόνα
1803 3808 1889 3874 ἐξ·

317 3877 641 3940 ακούεσθαι,
671 3881 760 3936 διὰ
800 3884 862 3937 τὸ
921 3887 994 3956 μὴ
1037 3888 1307 3961 διαφορὰν
1338 3890 1479 3949 εἶναι
1518 3900 1769 3970 μοναχῶν
1794 3902 1889 3955 καὶ

322 3973 707 4040 μοναστηρίων
732 3974 841 4028 ἀπὸ
889 3977 996 4031 τῶν
1026 3981 1288 4040 κανόνων.
1348 3986 1625 4057 Ἠρώτησε
1679 3992 1737 4045 δέ
1781 4010 1886 4059 τις,

316 4061 393 4119 ὡς
419 4063 513 4115 τοῦ
541 4071 582 4118 ε’
633 4068 857 4132 κανόνος
911 4070 1284 4143 διοριζομένου
1317 4078 1650 4135 άπεντεῦθεν
1691 4085 1883 4141 καθαι-

320 4155 535 4224 ρεῖσθαι
564 4159 654 4210 τὸν
676 4160 846 4225 οὕτως
874 4168 1359 4238 χειροτονήσαντα,
1380 4172 1495 4235 πῶς
1518 4174 1545 4225 6
1569 4174 1758 4245 παρὼν
1786 4196 1890 4231 κα-

320 4244 427 4298 νὼν
450 4246 744 4318 διορίζεται
773 4252 805 4322 ἢ
840 4254 1130 4320 παύεσθαι,
1180 4259 1212 4329 ἢ
1244 4261 1627 4332 καθαιρεῖσθαι
1653 4244 1744 4320 τὸν
1797 4271 1891 4323 διὰ

318 4339 524 4433 δόσεως
560 4343 863 4411 χρημάτων
912 4348 1204 4419 δεχόμενον
1238 4354 1537 4425 οίονδήτινα
1569 4357 1887 4433 κληρικδνῆ

323 4432 553 4500 μοναχόν
577 4434 820 4500 ;Λύσίς.
841 4436 970 4489 Ὅτε
998 4439 1095 4508 μὲν
1122 4442 1425 4511 χειροτονία
1454 4446 1694 4515 οίαδήτις
1727 4432 1889 4518 γένηέ

1987 3332 2218 3395 praeest,
2274 3325 2605 3394 egressionis
2681 3337 2848 3377 causa
2906 3322 3091 3374 fuerit.
3157 3318 3316 3388 323
3391 3315 3550 3368 Dixe—

1987 3424 2115 3470 runt
2163 3431 2291 3485 ergo
2343 3416 2587 3485 quidam,
2646 3414 2760 3468 haec
2816 3415 2933 3467 sine
2992 3411 3159 3466 dubio
3225 3409 3403 3461 locum
3462 3408 3558 3459 ha-

1989 3512 2119 3566 bere
2187 3511 2243 3563 in
2323 3507 2668 3563 monasteriis
2744 3506 2831 3560 ubi
2923 3505 3287 3557 communiter
3357 3499 3559 3552 vivitur

1992 3605 2133 3674 (quae
2187 3601 2438 3656 cmnobia
2486 3598 2791 3667 dicuntur),
2842 3596 2935 3652 sed
2975 3595 3166 3648 nonin
3217 3590 3453 3652 cellulis,
3490 3604 3558 3643 eo

1989 3696 2133 3762 quod
2169 3696 2222 3749 in
2255 3693 2657 3747 fraternitatem
2690 3690 2892 3760 recepti
2936 3688 3137 3742 victum
3165 3692 3389 3748 emant,
3445 3694 3554 3735 non

1992 3798 2172 3841 tamen
2200 3786 2293 3855 jus
2346 3795 2587 3838 tonsurae
2621 3781 2704 3835 vel
2738 3780 3054 3834 clericatus.
3108 3774 3418 3829 Audierunt
3462 3786 3561 3825 au-

1990 3895 2097 3938 tem
2138 3881 2189 3934 id
2226 3880 2281 3933 in
2322 3877 2581 3932 omnibus
2610 3883 2664 3930 et
2717 3874 2785 3928 de
2821 3870 3075 3925 omnibus
3126 3865 3418 3921 monachis
3475 3864 3560 3917 in-

1992 3975 2158 4043 telligi
2188 3990 2202 4027 :
2238 3988 2303 4026 eo
2358 3969 2503 4041 quod
2537 3966 2936 4021 monachorum
2992 3970 3046 4013 et
3096 3958 3560 4014 monasteriorum
3653 3948 3660 3958 ’

1995 4084 2102 4123 non
2142 4067 2214 4120 sit
2251 4061 2563 4119 diﬂ‘ercntia
2620 4074 2685 4113 ex
2739 4070 2970 4111 canone.
3027 4053 3319 4122 Rogaverit
3376 4058 3560 4104 autem

1993 4161 2288 4231 quispiam,
2322 4170 2450 4210 cum
2480 4166 2658 4209 canon
2692 4150 2725 4203 5
2754 4155 2985 4209 statuat,
3014 4161 3161 4210 eum,
3192 4144 3284 4214 qui
3343 4143 3423 4196 sic
3472 4155 3564 4194 or-

1993 4252 2221 4316 dinavit,
2258 4264 2324 4304 eo
2350 4248 2473 4316 ipso
2501 4242 2736 4314 deponi;
2785 4240 3063 4312 quomodo
3109 4251 3352 4307 prasens
3381 4248 3558 4288 canon

1994 4350 2278 4407 decernat,
2308 4341 2393 4395 vel
2424 4353 2645 4394 cessare
2675 4335 2759 4389 vel
2795 4334 2992 4402 deponi
3032 4346 3181 4393 eum,
3217 4329 3308 4399 qui
3343 4343 3441 4397 per
3466 4343 3562 4396 νου

1993 4436 2296 4494 cuniariatn
2328 4432 2602 4487 dationem
2629 4428 2796 4481 ullum
2827 4425 3084 4480 clericum
3119 4422 3204 4475 vel
3231 4420 3557 4474 monachum

317 4540 410 4578 ται
470 4524 610 4593 μετὰ
649 4524 848 4589 δόσεως
902 4530 1222 4597 χρημάτων,
1269 4534 1409 4585 κατὰ
1452 4537 1543 4587 τὸν
1580 4511 1619 4587 ε’
1667 4511 1881 4604 κανόνα,

1996 4528 2274 4599 suscepit?
2304 4523 2541 4581 Salutio.
2588 4519 3038 4587 Quotiescunque
3070 4513 3293 4582 quidem
3344 4511 3451 4563 Illa
3487 4511 3562 4564 dit

317 4616 657 4670 ἀπεντεῦθεν
687 4620 1150 4693 καθαιρεθήσεται
1180 4626 1208 4676 6
1238 4629 1625 4696 χειροτονήσας
1646 4645 1660 4660 ·
1710 4631 1797 4684 ὅτε
1832 4632 1888 4684 δὲ

325 4710 463 4779 μόνη
491 4710 622 4779 δοχὴ
651 4712 959 4780 προσώπου·
979 4716 1206 4786 γένηται
1231 4719 1340 4771 εἴτε
1377 4722 1434 4771 ἐν
1462 4719 1647 4790 κλήρῳ
1694 4724 1802 4775 εἴτε
1833 4726 1891 4776 ὲν

329 4802 688 4871 μοναστηρίῳ
716 4802 805 4855 διὰ
830 4805 1149 4873 χρημάτων,
1183 4806 1359 4869 ἄλλως
1390 4808 1450 4860 οὐ
1493 4810 1892 4882 καθαιρεθήσε-

319 4910 413 4946 ται
443 4894 471 4945 6
505 4893 563 4945 τὸ
595 4896 764 4947 κακὸν
794 4897 1043 4963 ποιήσας,
1069 4899 1115 4948 εἰ
1147 4897 1221 4969 μὴ
1250 4899 1389 4966 μετὰ
1420 4901 1757 4970 ἐπιφώνησιν
1787 4904 1890 4972 ἐμ-

328 4985 484 5054 μένει
523 4985 615 5036 ἐπὶ
656 4984 735 5055 τῷ
769 4986 962 5055 κακῷί·
1004 4987 1085 5041 ὅτι
1114 4988 1204 5040 καὶ
1257 4990 1304 5041 οί
1361 4990 1583 5053 κανόνες
1644 4990 1889 5061 διάψοροί

323 5078 487 5131 εἰσιν.
533 5077 590 5129 Ὀ
630 5064 729 5147 μὲν
762 5077 873 5148 γὰρ
906 5080 1037 5151 περὶ
1067 5081 1403 5151 χειροτονίας
1448 5081 1696 5151 ἀθέσμου
1743 5083 1892 5135 διδά-

324 5187 449 5222 σκει
469 5186 485 5203 ’
523 5171 550 5221 6
571 5170 628 5223 δὲ
657 5173 787 5240 περὶ
820 5172 981 5242 δοχῆς
1032 5174 1368 5245 παραλόγου.
1435 5175 1542 5228 Καὶ
1571 5174 1743 5227 ταῦτα
1798 5177 1896 5245 μὲν

326 5262 459 5329 περὶ
488 5260 597 5314 τῶν
619 5262 1122 5330 χειροτονησάντων
1158 5264 1190 5333 ἢ
1221 5264 1530 5331 δεξαμένων
1564 5264 1718 5326 τινὰς
1745 5265 1897 5334 παρὰ

319 5354 422 5424 τὴν
453 5352 565 5406 τῶν
600 5354 839 5408 κανόνων
867 5354 1159 5424 περίληψιν
1192 5355 1279 5408 διὰ
1317 5356 1516 5419 δόσεως
1552 5355 1851 5425 χρημάτων
1879 5370 1891 5384 ·

1997 4642 2121 4680 cum
2170 4618 2523 4690 pecuniarum
2573 4613 2793 4667 datione
2827 4606 3125 4667 ordinatio,
3187 4615 3247 4657 ut
3301 4612 3419 4655 vuit
3472 4617 3563 4655 ca.

1997 4730 2102 4769 non
2133 4713 2186 4774 5,
2216 4725 2281 4765 eo
2314 4722 2537 4778 quoque
2573 4705 2693 4773 ipso
2730 4703 3040 4770 deponetur
3093 4697 3185 4765 qui
3238 4696 3511 4749 ordinavit
3547 4712 3560 4747 :

1995 4805 2219 4877 quando
2256 4812 2439 4857 autem
2496 4800 2612 4855 sola
2675 4809 2931 4867 persona
2985 4790 3285 4859 susceptio,
3341 4789 3456 4843 sive
3509 4788 3561 4839 in

1995 4900 2148 4953 clero
2181 4897 2296 4951 sive
2328 4895 2381 4948 in
2416 4889 2774 4953 monasterio,
2806 4902 2903 4956 per
2936 4882 3202 4954 pecunias
3244 4881 3385 4935 facta
3441 4879 3558 4933 fue-

1994 4991 2088 5052 rit,
2116 4989 2209 5059 qui
2245 4985 2376 5041 illud
2412 4978 2614 5037 inalum
2653 4980 2781 5034 fecit
2837 4992 2947 5032 non
2998 4979 3161 5031 aliter
3230 4973 3558 5042 deponetu'_

1993 5096 2154 5152 quam
2194 5080 2239 5133 si
2270 5085 2394 5148 post
2421 5071 2889 5130 denuntiationem
2928 5068 2983 5122 in
3022 5068 3163 5121 malo
3218 5064 3559 5140 perstiterit:

1996 5172 2256 5242 quoniam
2283 5182 2524 5224 canones
2582 5178 2799 5233 quoque
2844 5172 2972 5216 sunt
3016 5159 3244 5214 diversi.
3287 5158 3380 5211 Ille
3413 5156 3559 5209 enim

1996 5266 2064 5318 de
2088 5264 2278 5317 illicita
2307 5257 2655 5315 ordinatione
2681 5255 2841 5310 docet
2877 5272 2891 5308 :
2925 5253 3015 5307 hic
3046 5266 3177 5305 vero
3203 5250 3271 5304 de
3330 5262 3557 5315 suscep-

1997 5356 2166 5416 tione,
2207 5367 2332 5421 qnae
2368 5351 2425 5404 [it
2456 5354 2651 5419 praeter
2679 5346 2969 5400 rationem.
3007 5345 3073 5399 Et
3098 5344 3215 5397 haec
3249 5340 3562 5410 quidemne
3630 5330 3643 5343 κ

1557 5446 1744 5507 Guill.
1774 5446 2095 5523 Beveregii
2139 5450 2327 5505 notae.

395 5541 508 5596 ΜΟ)
541 5544 611 5596 Εἰ
634 5540 719 5611 μὴ
737 5543 829 5609 εἴη
860 5546 1019 5596 αἰτία
1043 5543 1149 5596 τοῦ
1182 5544 1577 5609 προεστῶτος.
1604 5546 1660 5599 1η
1695 5546 1885 5600 codice

322 5621 519 5663 nostro
559 5612 857 5666 Bodleiano
882 5623 1003 5680 post
1034 5612 1147 5665 haec
1176 5617 1337 5666 verba
1369 5616 1609 5678 additur,
1642 5616 1889 5683 Σημείω-

322 5699 419 5731 σαι
444 5683 536 5733 τὸν
554 5684 799 5750 παρόντα
830 5684 1030 5736 κανόνα
1062 5683 1150 5732 διά
1177 5684 1303 5745 τοὺς
1334 5685 1577 5746 διδόντας
1601 5687 1699 5746 τὰς
1733 5686 1886 5751 λεγο-

326 5751 495 5824 μένας
525 5752 827 5824 ἁποταγὰς,
861 5754 893 5821 ἢ
924 5751 1258 5817 πωλοῦντας,
1289 5754 1320 5823 ἦ
1347 5753 1715 5824 ἀγοράζοντας
1741 5755 1889 5806 ἀδελ-

324 5819 493 5884 φάτα,
514 5824 621 5893 ⁸καί
645 5822 735 5874 διὰ
760 5819 891 5884 τοὺς
920 5819 1319 5893 εἰσαγομένους
1345 5819 1425 5893 εἰς
1450 5819 1516 5876 τὰ
1553 5826 1889 5893 μοναστήρια

329 5892 467 5956 μετὰ
507 5890 707 5955 δόσεως
750 5894 1122 5963 νομισμάτων.
1172 5892 1287 5960 Ἐφ’
1321 5890 1401 5957 οἷς
1426 5890 1591 5947 καλόν
1633 5890 1889 5947 ἐστινέἱι

1976 5548 2131 5607 πεῖν,
2174 5544 2298 5597 Ἐὰν
2353 5543 2605 5612 ἀνομίας
2639 5539 3027 5611 παρατηρήσῃ,
3077 5535 3273 5604 Κύριε,
3302 5533 3386 5593 τίς
3431 5533 3563 5612 υπο-

1991 5603 2281 5683 στήσεται;
2343 5603 2475 5679 Quze
2535 5603 2669 5685 nihil
2722 5603 2873 5685 aliud
2906 5603 3089 5685 ﬁliam
3136 5603 3560 5685 notantiaedani

1994 5678 2313 5751 marginalis
2349 5678 2581 5737 videtur.
2618 5680 2761 5735 Sane
2792 5684 2855 5733 ad
2906 5678 3257 5751 Balsamonis
3289 5678 3562 5737 interpre-

1998 5748 2255 5810 tationem
2296 5770 2402 5807 nou
2442 5752 2711 5821 pertinet,
2742 5758 2929 5821 utpote
2996 5748 3141 5800 inter
3177 5760 3340 5812 quam
3383 5754 3437 5796 et
3470 5755 3563 5794 ca-

1995 5842 2136 5881 uouc
2161 5842 2189 5879 ιι
2226 5826 2555 5879 collocatur.
