  <div class='ocr_page' id='page_1' title='image "/cluster/home/n/w/nwhite01/storage/ocr_20150623/137/hvd.32044020166120/557.png"; bbox 0 0 3972 6488; ppageno 0'>
   <div class='ocr_carea' id='block_1_1' title="bbox 481 426 585 480">
    <p class='ocr_par' dir='ltr' id='par_1_1' title="bbox 481 426 585 480">
     <span class='ocr_line' id='line_1_1' title="bbox 481 426 585 480; baseline 0.019 -3"><span class='ocrx_word' id='word_1_1' title='bbox 481 426 585 480; x_wconf 60' lang='grc'>8³831</span> 
     </span>
    </p>
   </div>
   <div class='ocr_carea' id='block_1_2' title="bbox 1744 420 2460 483">
    <p class='ocr_par' dir='ltr' id='par_1_2' title="bbox 1744 420 2460 483">
     <span class='ocr_line' id='line_1_2' title="bbox 1744 420 2460 483; baseline 0.001 -3"><span class='ocrx_word' id='word_1_2' title='bbox 1744 422 1847 480; x_wconf 85' lang='grc' dir='ltr'><strong>ΤΗ</strong></span> <span class='ocrx_word' id='word_1_3' title='bbox 1860 421 2024 483; x_wconf 85' lang='lat' dir='ltr'><strong>EOD.</strong></span> <span class='ocrx_word' id='word_1_4' title='bbox 2060 420 2460 481; x_wconf 75' lang='lat' dir='ltr'><strong>BALSAMON</strong></span> 
     </span>
    </p>
   </div>
   <div class='ocr_carea' id='block_1_3' title="bbox 3601 425 3693 487">
    <p class='ocr_par' dir='ltr' id='par_1_3' title="bbox 3601 425 3693 487">
     <span class='ocr_line' id='line_1_3' title="bbox 3601 425 3693 487; baseline 0.033 -3"><span class='ocrx_word' id='word_1_5' title='bbox 3601 425 3693 487; x_wconf 65' lang='grc'>984</span> 
     </span>
    </p>
   </div>
   <div class='ocr_carea' id='block_1_4' title="bbox 484 524 2042 605">
    <p class='ocr_par' dir='ltr' id='par_1_4' title="bbox 484 530 2036 602">
     <span class='ocr_line' id='line_1_4' title="bbox 484 530 2036 602; baseline 0.003 -20"><span class='ocrx_word' id='word_1_6' title='bbox 484 532 571 595; x_wconf 83' lang='lat' dir='ltr'><strong>iis,</strong></span> <span class='ocrx_word' id='word_1_7' title='bbox 603 530 693 601; x_wconf 86' lang='lat' dir='ltr'><strong>qui</strong></span> <span class='ocrx_word' id='word_1_8' title='bbox 727 530 1119 585; x_wconf 72' lang='lat' dir='ltr'><strong>ordinaverunt</strong></span> <span class='ocrx_word' id='word_1_9' title='bbox 1152 532 1233 585; x_wconf 91' lang='lat' dir='ltr'><strong>vel</strong></span> <span class='ocrx_word' id='word_1_10' title='bbox 1262 544 1628 602; x_wconf 81' lang='lat' dir='ltr'><strong>susceperunt</strong></span> <span class='ocrx_word' id='word_1_11' title='bbox 1669 534 1908 601; x_wconf 82' lang='lat' dir='ltr'><strong>aliquos,</strong></span> <span class='ocrx_word' id='word_1_12' title='bbox 1947 549 2036 589; x_wconf 83' lang='lat' dir='ltr'><strong>sc—</strong></span> 
     </span>
    </p>
   </div>
   <div class='ocr_carea' id='block_1_5' title="bbox 2145 524 3695 605">
    <p class='ocr_par' dir='ltr' id='par_1_5' title="bbox 2147 524 3695 605">
     <span class='ocr_line' id='line_1_5' title="bbox 2147 524 3695 605; baseline 0.004 -20"><span class='ocrx_word' id='word_1_13' title='bbox 2147 534 2196 585; x_wconf 82' lang='grc' dir='ltr'>οί</span> <span class='ocrx_word' id='word_1_14' title='bbox 2221 534 2277 587; x_wconf 80' lang='grc' dir='ltr'>δὲ</span> <span class='ocrx_word' id='word_1_15' title='bbox 2318 524 2786 605; x_wconf 56' lang='grc' dir='ltr'><strong>χειροτονηθέντες</strong></span> <span class='ocrx_word' id='word_1_16' title='bbox 2817 533 2850 604; x_wconf 82' lang='grc' dir='ltr'>ἢ</span> <span class='ocrx_word' id='word_1_17' title='bbox 2877 531 3159 603; x_wconf 77' lang='grc' dir='ltr'>δεχθέντις</span> <span class='ocrx_word' id='word_1_18' title='bbox 3205 533 3323 596; x_wconf 84' lang='grc' dir='ltr'>πῶς</span> <span class='ocrx_word' id='word_1_19' title='bbox 3356 532 3695 605; x_wconf 75' lang='grc' dir='ltr'>κολασθήσον-</span> 
     </span>
    </p>
   </div>
   <div class='ocr_carea' id='block_1_6' title="bbox 480 623 2045 695">
    <p class='ocr_par' dir='ltr' id='par_1_6' title="bbox 480 623 2045 695">
     <span class='ocr_line' id='line_1_6' title="bbox 480 623 2045 695; baseline 0.003 -21"><span class='ocrx_word' id='word_1_20' title='bbox 480 635 583 676; x_wconf 91' lang='lat' dir='ltr'><strong>cus</strong></span> <span class='ocrx_word' id='word_1_21' title='bbox 622 637 686 677; x_wconf 88' lang='lat' dir='ltr'><strong>ac</strong></span> <span class='ocrx_word' id='word_1_22' title='bbox 718 623 1028 678; x_wconf 85' lang='lat' dir='ltr'><strong>canonibus</strong></span> <span class='ocrx_word' id='word_1_23' title='bbox 1075 624 1411 687; x_wconf 83' lang='lat' dir='ltr'><strong>continetur,</strong></span> <span class='ocrx_word' id='word_1_24' title='bbox 1450 641 1545 695; x_wconf 90' lang='lat' dir='ltr'><strong>per</strong></span> <span class='ocrx_word' id='word_1_25' title='bbox 1582 628 1828 693; x_wconf 66' lang='lat' dir='ltr'><strong>pecunia:</strong></span> <span class='ocrx_word' id='word_1_26' title='bbox 1869 627 2045 680; x_wconf 84' lang='lat' dir='ltr'><strong>datio-</strong></span> 
     </span>
    </p>
   </div>
   <div class='ocr_carea' id='block_1_7' title="bbox 487 710 2047 785">
    <p class='ocr_par' dir='ltr' id='par_1_7' title="bbox 487 710 2047 785">
     <span class='ocr_line' id='line_1_7' title="bbox 487 710 2047 785; baseline 0.002 -20"><span class='ocrx_word' id='word_1_27' title='bbox 487 726 634 765; x_wconf 82' lang='lat' dir='ltr'><strong>ncm.</strong></span> <span class='ocrx_word' id='word_1_28' title='bbox 664 710 916 765; x_wconf 81' lang='lat' dir='ltr'><strong>Ordinati</strong></span> <span class='ocrx_word' id='word_1_29' title='bbox 947 722 1129 767; x_wconf 86' lang='lat' dir='ltr'><strong>autem</strong></span> <span class='ocrx_word' id='word_1_30' title='bbox 1189 714 1277 769; x_wconf 91' lang='lat' dir='ltr'><strong>vel</strong></span> <span class='ocrx_word' id='word_1_31' title='bbox 1331 715 1573 785; x_wconf 87' lang='lat' dir='ltr'><strong>suscepti</strong></span> <span class='ocrx_word' id='word_1_32' title='bbox 1618 715 1892 785; x_wconf 90' lang='lat' dir='ltr'><strong>quomodo</strong></span> <span class='ocrx_word' id='word_1_33' title='bbox 1946 732 2047 785; x_wconf 85' lang='lat' dir='ltr'><strong>pu-</strong></span> 
     </span>
    </p>
   </div>
   <div class='ocr_carea' id='block_1_8' title="bbox 484 803 2047 876">
    <p class='ocr_par' dir='ltr' id='par_1_8' title="bbox 484 803 2047 876">
     <span class='ocr_line' id='line_1_8' title="bbox 484 803 2047 876; baseline 0.004 -20"><span class='ocrx_word' id='word_1_34' title='bbox 484 804 743 858; x_wconf 75' lang='lat' dir='ltr'><strong>uientur?</strong></span> <span class='ocrx_word' id='word_1_35' title='bbox 770 803 999 860; x_wconf 81' lang='lat' dir='ltr'><strong>Salutio.</strong></span> <span class='ocrx_word' id='word_1_36' title='bbox 1033 804 1083 859; x_wconf 88' lang='lat' dir='ltr'><strong>ls</strong></span> <span class='ocrx_word' id='word_1_37' title='bbox 1136 807 1382 876; x_wconf 82' lang='lat' dir='ltr'><strong>quidem,</strong></span> <span class='ocrx_word' id='word_1_38' title='bbox 1416 809 1512 876; x_wconf 89' lang='lat' dir='ltr'><strong>qui</strong></span> <span class='ocrx_word' id='word_1_39' title='bbox 1544 818 1626 863; x_wconf 90' lang='lat' dir='ltr'><strong>est</strong></span> <span class='ocrx_word' id='word_1_40' title='bbox 1654 809 1963 872; x_wconf 88' lang='lat' dir='ltr'><strong>ordinatus,</strong></span> <span class='ocrx_word' id='word_1_41' title='bbox 1988 818 2047 862; x_wconf 89' lang='lat' dir='ltr'><strong>ut</strong></span> 
     </span>
    </p>
   </div>
   <div class='ocr_carea' id='block_1_9' title="bbox 483 896 2055 970">
    <p class='ocr_par' dir='ltr' id='par_1_9' title="bbox 483 896 2055 970">
     <span class='ocr_line' id='line_1_9' title="bbox 483 896 2055 970; baseline 0.005 -23"><span class='ocrx_word' id='word_1_42' title='bbox 483 898 596 949; x_wconf 82' lang='lat' dir='ltr'><strong>vult</strong></span> <span class='ocrx_word' id='word_1_43' title='bbox 632 896 813 952; x_wconf 76' lang='lat' dir='ltr'><strong>dictus</strong></span> <span class='ocrx_word' id='word_1_44' title='bbox 865 913 1064 964; x_wconf 89' lang='lat' dir='ltr'><strong>canon,</strong></span> <span class='ocrx_word' id='word_1_45' title='bbox 1121 901 1455 969; x_wconf 86' lang='lat' dir='ltr'><strong>deponetur;</strong></span> <span class='ocrx_word' id='word_1_46' title='bbox 1517 908 1702 970; x_wconf 89' lang='lat' dir='ltr'><strong>perdet</strong></span> <span class='ocrx_word' id='word_1_47' title='bbox 1758 910 1941 956; x_wconf 90' lang='lat' dir='ltr'><strong>autem</strong></span> <span class='ocrx_word' id='word_1_48' title='bbox 1992 911 2055 956; x_wconf 65' lang='lat' dir='ltr'><strong>et</strong></span> 
     </span>
    </p>
   </div>
   <div class='ocr_carea' id='block_1_10' title="bbox 482 994 2045 1065">
    <p class='ocr_par' dir='ltr' id='par_1_10' title="bbox 482 994 2045 1065">
     <span class='ocr_line' id='line_1_10' title="bbox 482 994 2045 1065; baseline 0.006 -24"><span class='ocrx_word' id='word_1_49' title='bbox 482 1008 604 1060; x_wconf 73' lang='lat' dir='ltr'><strong>qua:</strong></span> <span class='ocrx_word' id='word_1_50' title='bbox 642 994 712 1047; x_wconf 89' lang='lat' dir='ltr'><strong>ab</strong></span> <span class='ocrx_word' id='word_1_51' title='bbox 740 994 859 1061; x_wconf 92' lang='lat' dir='ltr'><strong>ipso</strong></span> <span class='ocrx_word' id='word_1_52' title='bbox 894 996 1021 1047; x_wconf 90' lang='lat' dir='ltr'><strong>data</strong></span> <span class='ocrx_word' id='word_1_53' title='bbox 1078 995 1281 1048; x_wconf 81' lang='lat' dir='ltr'><strong>fuerint</strong></span> <span class='ocrx_word' id='word_1_54' title='bbox 1315 1014 1328 1050; x_wconf 89' lang='lat'><strong>:</strong></span> <span class='ocrx_word' id='word_1_55' title='bbox 1364 997 1455 1065; x_wconf 87' lang='lat' dir='ltr'><strong>qui</strong></span> <span class='ocrx_word' id='word_1_56' title='bbox 1507 1006 1689 1050; x_wconf 85' lang='lat' dir='ltr'><strong>autem</strong></span> <span class='ocrx_word' id='word_1_57' title='bbox 1743 997 1881 1050; x_wconf 87' lang='lat' dir='ltr'><strong>male</strong></span> <span class='ocrx_word' id='word_1_58' title='bbox 1916 1012 2045 1051; x_wconf 90' lang='lat' dir='ltr'><strong>sus-</strong></span> 
     </span>
    </p>
   </div>
   <div class='ocr_carea' id='block_1_11' title="bbox 483 1088 2047 1167">
    <p class='ocr_par' dir='ltr' id='par_1_11' title="bbox 483 1088 2047 1167">
     <span class='ocr_line' id='line_1_11' title="bbox 483 1088 2047 1167; baseline 0.004 -31"><span class='ocrx_word' id='word_1_59' title='bbox 483 1094 675 1153; x_wconf 75' lang='lat' dir='ltr'><strong>ceptus</strong></span> <span class='ocrx_word' id='word_1_60' title='bbox 711 1096 812 1145; x_wconf 81' lang='lat' dir='ltr'><strong>est,</strong></span> <span class='ocrx_word' id='word_1_61' title='bbox 866 1090 1246 1142; x_wconf 89' lang='lat' dir='ltr'><strong>tantummodo</strong></span> <span class='ocrx_word' id='word_1_62' title='bbox 1281 1102 1343 1141; x_wconf 88' lang='lat' dir='ltr'><strong>ea</strong></span> <span class='ocrx_word' id='word_1_63' title='bbox 1387 1088 1595 1157; x_wconf 85' lang='lat' dir='ltr'><strong>perdet,</strong></span> <span class='ocrx_word' id='word_1_64' title='bbox 1635 1104 1756 1156; x_wconf 70' lang='lat' dir='ltr'><strong>qua:</strong></span> <span class='ocrx_word' id='word_1_65' title='bbox 1807 1089 1877 1167; x_wconf 81' lang='lat' dir='ltr'><strong>ab</strong></span> <span class='ocrx_word' id='word_1_66' title='bbox 1927 1089 2047 1157; x_wconf 91' lang='lat' dir='ltr'><strong>ipso</strong></span> 
     </span>
    </p>
   </div>
   <div class='ocr_carea' id='block_1_12' title="bbox 481 1176 2043 1249">
    <p class='ocr_par' dir='ltr' id='par_1_12' title="bbox 481 1176 2043 1249">
     <span class='ocr_line' id='line_1_12' title="bbox 481 1176 2043 1249; baseline 0.003 -20"><span class='ocrx_word' id='word_1_67' title='bbox 481 1178 608 1231; x_wconf 85' lang='lat' dir='ltr'><strong>data</strong></span> <span class='ocrx_word' id='word_1_68' title='bbox 641 1176 870 1242; x_wconf 81' lang='lat' dir='ltr'><strong>fuerint,</strong></span> <span class='ocrx_word' id='word_1_69' title='bbox 920 1190 976 1232; x_wconf 92' lang='lat' dir='ltr'><strong>ut</strong></span> <span class='ocrx_word' id='word_1_70' title='bbox 1006 1180 1121 1233; x_wconf 88' lang='lat' dir='ltr'><strong>vult</strong></span> <span class='ocrx_word' id='word_1_71' title='bbox 1148 1180 1252 1242; x_wconf 77' lang='lat' dir='ltr'><strong>lex,</strong></span> <span class='ocrx_word' id='word_1_72' title='bbox 1289 1195 1410 1249; x_wconf 55' lang='lat' dir='ltr'><strong>quas</strong></span> <span class='ocrx_word' id='word_1_73' title='bbox 1457 1180 1589 1233; x_wconf 89' lang='lat' dir='ltr'><strong>dicit</strong></span> <span class='ocrx_word' id='word_1_74' title='bbox 1626 1200 1642 1232; x_wconf 86' lang='lat'><strong>:</strong></span> <span class='ocrx_word' id='word_1_75' title='bbox 1691 1179 1793 1245; x_wconf 88' lang='lat' dir='ltr'><strong>Qui</strong></span> <span class='ocrx_word' id='word_1_76' title='bbox 1828 1180 1921 1234; x_wconf 88' lang='lat' dir='ltr'><strong>dat</strong></span> <span class='ocrx_word' id='word_1_77' title='bbox 1971 1181 2043 1233; x_wconf 90' lang='lat' dir='ltr'><strong>ob</strong></span> 
     </span>
    </p>
   </div>
   <div class='ocr_carea' id='block_1_13' title="bbox 482 1259 2035 1342">
    <p class='ocr_par' dir='ltr' id='par_1_13' title="bbox 482 1259 2035 1342">
     <span class='ocr_line' id='line_1_13' title="bbox 482 1259 2035 1342; baseline 0.002 -20"><span class='ocrx_word' id='word_1_78' title='bbox 482 1279 691 1340; x_wconf 86' lang='lat' dir='ltr'><strong>turpem</strong></span> <span class='ocrx_word' id='word_1_79' title='bbox 748 1287 967 1326; x_wconf 80' lang='lat' dir='ltr'><strong>causam</strong></span> <span class='ocrx_word' id='word_1_80' title='bbox 1017 1288 1124 1327; x_wconf 91' lang='lat' dir='ltr'><strong>non</strong></span> <span class='ocrx_word' id='word_1_81' title='bbox 1156 1259 1464 1342; x_wconf 78' lang='lat' dir='ltr'><strong>recuperat.</strong></span> <span class='ocrx_word' id='word_1_82' title='bbox 1506 1272 1775 1338; x_wconf 84' lang='lat' dir='ltr'><strong>Quoniam</strong></span> <span class='ocrx_word' id='word_1_83' title='bbox 1829 1282 2035 1335; x_wconf 89' lang='lat' dir='ltr'><strong>autem,</strong></span> 
     </span>
    </p>
   </div>
   <div class='ocr_carea' id='block_1_14' title="bbox 483 1363 2042 1432">
    <p class='ocr_par' dir='ltr' id='par_1_14' title="bbox 483 1363 2042 1432">
     <span class='ocr_line' id='line_1_14' title="bbox 483 1363 2042 1432; baseline 0.003 -19"><span class='ocrx_word' id='word_1_84' title='bbox 483 1372 541 1415; x_wconf 88' lang='lat' dir='ltr'><strong>ut</strong></span> <span class='ocrx_word' id='word_1_85' title='bbox 596 1378 661 1416; x_wconf 77' lang='lat' dir='ltr'><strong>ex</strong></span> <span class='ocrx_word' id='word_1_86' title='bbox 710 1363 964 1431; x_wconf 62' lang='lat' dir='ltr'><strong>praesenti</strong></span> <span class='ocrx_word' id='word_1_87' title='bbox 1017 1377 1224 1416; x_wconf 73' lang='lat' dir='ltr'><strong>canone</strong></span> <span class='ocrx_word' id='word_1_88' title='bbox 1276 1374 1524 1432; x_wconf 82' lang='lat' dir='ltr'><strong>apparet,</strong></span> <span class='ocrx_word' id='word_1_89' title='bbox 1588 1364 2042 1418; x_wconf 80' lang='lat' dir='ltr'><strong>monasteriorum</strong></span> 
     </span>
    </p>
   </div>
   <div class='ocr_carea' id='block_1_15' title="bbox 486 1454 2044 1525">
    <p class='ocr_par' dir='ltr' id='par_1_15' title="bbox 486 1454 2044 1525">
     <span class='ocr_line' id='line_1_15' title="bbox 486 1454 2044 1525; baseline 0.004 -19"><span class='ocrx_word' id='word_1_90' title='bbox 486 1454 724 1523; x_wconf 60' lang='lat' dir='ltr'><strong>praéfecti</strong></span> <span class='ocrx_word' id='word_1_91' title='bbox 756 1457 810 1509; x_wconf 90' lang='lat' dir='ltr'><strong>in</strong></span> <span class='ocrx_word' id='word_1_92' title='bbox 842 1455 951 1510; x_wconf 93' lang='lat' dir='ltr'><strong>duo</strong></span> <span class='ocrx_word' id='word_1_93' title='bbox 983 1454 1323 1518; x_wconf 86' lang='lat' dir='ltr'><strong>dividuntur,</strong></span> <span class='ocrx_word' id='word_1_94' title='bbox 1354 1456 1669 1511; x_wconf 74' lang='lat' dir='ltr'><strong>sacerdotes</strong></span> <span class='ocrx_word' id='word_1_95' title='bbox 1700 1466 1752 1509; x_wconf 90' lang='lat' dir='ltr'><strong>et</strong></span> <span class='ocrx_word' id='word_1_96' title='bbox 1802 1471 1899 1511; x_wconf 86' lang='lat' dir='ltr'><strong>eos</strong></span> <span class='ocrx_word' id='word_1_97' title='bbox 1949 1457 2044 1525; x_wconf 89' lang='lat' dir='ltr'><strong>qui</strong></span> 
     </span>
    </p>
   </div>
   <div class='ocr_carea' id='block_1_16' title="bbox 482 1548 2029 1617">
    <p class='ocr_par' dir='ltr' id='par_1_16' title="bbox 482 1548 2029 1617">
     <span class='ocr_line' id='line_1_16' title="bbox 482 1548 2029 1617; baseline 0 -17"><span class='ocrx_word' id='word_1_98' title='bbox 482 1563 591 1601; x_wconf 88' lang='lat' dir='ltr'><strong>non</strong></span> <span class='ocrx_word' id='word_1_99' title='bbox 625 1556 753 1601; x_wconf 89' lang='lat' dir='ltr'><strong>sunt</strong></span> <span class='ocrx_word' id='word_1_100' title='bbox 777 1549 949 1602; x_wconf 85' lang='lat' dir='ltr'><strong>sacris</strong></span> <span class='ocrx_word' id='word_1_101' title='bbox 978 1548 1213 1611; x_wconf 90' lang='lat' dir='ltr'><strong>initiati;</strong></span> <span class='ocrx_word' id='word_1_102' title='bbox 1239 1549 1384 1602; x_wconf 87' lang='lat' dir='ltr'><strong>etilli</strong></span> <span class='ocrx_word' id='word_1_103' title='bbox 1417 1549 1631 1616; x_wconf 82' lang='lat' dir='ltr'><strong>quidem</strong></span> <span class='ocrx_word' id='word_1_104' title='bbox 1658 1550 2029 1617; x_wconf 86' lang='lat' dir='ltr'><strong>deponuntur,</strong></span> 
     </span>
    </p>
   </div>
   <div class='ocr_carea' id='block_1_17' title="bbox 483 1638 2046 1706">
    <p class='ocr_par' dir='ltr' id='par_1_17' title="bbox 483 1638 2046 1706">
     <span class='ocr_line' id='line_1_17' title="bbox 483 1638 2046 1706; baseline 0.001 -15"><span class='ocrx_word' id='word_1_105' title='bbox 483 1640 537 1692; x_wconf 90' lang='lat' dir='ltr'><strong>hi</strong></span> <span class='ocrx_word' id='word_1_106' title='bbox 583 1638 713 1693; x_wconf 87' lang='lat' dir='ltr'><strong>vero</strong></span> <span class='ocrx_word' id='word_1_107' title='bbox 772 1643 1109 1696; x_wconf 87' lang='lat' dir='ltr'><strong>monasterio</strong></span> <span class='ocrx_word' id='word_1_108' title='bbox 1161 1642 1561 1706; x_wconf 63' lang='lat' dir='ltr'><strong>extruduntur;</strong></span> <span class='ocrx_word' id='word_1_109' title='bbox 1620 1642 1853 1696; x_wconf 90' lang='lat' dir='ltr'><strong>dicimus</strong></span> <span class='ocrx_word' id='word_1_110' title='bbox 1898 1648 2046 1694; x_wconf 90' lang='lat' dir='ltr'><strong>recte</strong></span> 
     </span>
    </p>
   </div>
   <div class='ocr_carea' id='block_1_18' title="bbox 481 1731 2042 1804">
    <p class='ocr_par' dir='ltr' id='par_1_18' title="bbox 481 1731 2042 1804">
     <span class='ocr_line' id='line_1_18' title="bbox 481 1731 2042 1804; baseline 0.004 -21"><span class='ocrx_word' id='word_1_111' title='bbox 481 1732 696 1800; x_wconf 85' lang='lat' dir='ltr'><strong>aliquos</strong></span> <span class='ocrx_word' id='word_1_112' title='bbox 748 1731 815 1785; x_wconf 90' lang='lat' dir='ltr'><strong>ad</strong></span> <span class='ocrx_word' id='word_1_113' title='bbox 868 1733 1330 1788; x_wconf 85' lang='lat' dir='ltr'><strong>monasteriorum</strong></span> <span class='ocrx_word' id='word_1_114' title='bbox 1388 1734 1743 1802; x_wconf 64' lang='lat' dir='ltr'><strong>praefecturas</strong></span> <span class='ocrx_word' id='word_1_115' title='bbox 1794 1735 2042 1804; x_wconf 84' lang='lat' dir='ltr'><strong>provehi,</strong></span> 
     </span>
    </p>
   </div>
   <div class='ocr_carea' id='block_1_19' title="bbox 478 1823 2043 1896">
    <p class='ocr_par' dir='ltr' id='par_1_19' title="bbox 478 1823 2043 1896">
     <span class='ocr_line' id='line_1_19' title="bbox 478 1823 2043 1896; baseline 0.003 -19"><span class='ocrx_word' id='word_1_116' title='bbox 478 1823 694 1878; x_wconf 87' lang='lat' dir='ltr'><strong>etiamsi</strong></span> <span class='ocrx_word' id='word_1_117' title='bbox 732 1839 921 1879; x_wconf 88' lang='lat' dir='ltr'><strong>sacros</strong></span> <span class='ocrx_word' id='word_1_118' title='bbox 964 1824 1189 1879; x_wconf 84' lang='lat' dir='ltr'><strong>ordines</strong></span> <span class='ocrx_word' id='word_1_119' title='bbox 1218 1840 1323 1880; x_wconf 89' lang='lat' dir='ltr'><strong>non</strong></span> <span class='ocrx_word' id='word_1_120' title='bbox 1374 1829 1739 1896; x_wconf 80' lang='lat' dir='ltr'><strong>susceperint.</strong></span> <span class='ocrx_word' id='word_1_121' title='bbox 1774 1826 2043 1882; x_wconf 77' lang='lat' dir='ltr'><strong>Praeterea</strong></span> 
     </span>
    </p>
   </div>
   <div class='ocr_carea' id='block_1_20' title="bbox 481 1917 2024 1987">
    <p class='ocr_par' dir='ltr' id='par_1_20' title="bbox 481 1917 2024 1987">
     <span class='ocr_line' id='line_1_20' title="bbox 481 1917 2024 1987; baseline 0.005 -20"><span class='ocrx_word' id='word_1_122' title='bbox 481 1917 753 1987; x_wconf 75' lang='lat' dir='ltr'><strong>rogaverit</strong></span> <span class='ocrx_word' id='word_1_123' title='bbox 785 1917 1083 1987; x_wconf 87' lang='lat' dir='ltr'><strong>quispiam.</strong></span> <span class='ocrx_word' id='word_1_124' title='bbox 1112 1933 1235 1972; x_wconf 88' lang='lat' dir='ltr'><strong>eum</strong></span> <span class='ocrx_word' id='word_1_125' title='bbox 1264 1934 1436 1973; x_wconf 78' lang='lat' dir='ltr'><strong>canon</strong></span> <span class='ocrx_word' id='word_1_126' title='bbox 1469 1920 1730 1974; x_wconf 85' lang='lat' dir='ltr'><strong>decernat</strong></span> <span class='ocrx_word' id='word_1_127' title='bbox 1756 1936 1785 1974; x_wconf 92' lang='lat' dir='ltr'><strong>a</strong></span> <span class='ocrx_word' id='word_1_128' title='bbox 1829 1936 2024 1974; x_wconf 88' lang='lat' dir='ltr'><strong>mona-</strong></span> 
     </span>
    </p>
   </div>
   <div class='ocr_carea' id='block_1_21' title="bbox 476 2008 2045 2079">
    <p class='ocr_par' dir='ltr' id='par_1_21' title="bbox 476 2008 2045 2079">
     <span class='ocr_line' id='line_1_21' title="bbox 476 2008 2045 2079; baseline 0.002 -20"><span class='ocrx_word' id='word_1_129' title='bbox 476 2010 647 2061; x_wconf 77' lang='lat' dir='ltr'><strong>sterio</strong></span> <span class='ocrx_word' id='word_1_130' title='bbox 675 2022 782 2061; x_wconf 93' lang='lat' dir='ltr'><strong>nou</strong></span> <span class='ocrx_word' id='word_1_131' title='bbox 817 2023 981 2077; x_wconf 84' lang='lat' dir='ltr'><strong>posse</strong></span> <span class='ocrx_word' id='word_1_132' title='bbox 1014 2008 1218 2063; x_wconf 82' lang='lat' dir='ltr'><strong>auferri</strong></span> <span class='ocrx_word' id='word_1_133' title='bbox 1248 2025 1334 2071; x_wconf 84' lang='lat' dir='ltr'><strong>ea,</strong></span> <span class='ocrx_word' id='word_1_134' title='bbox 1378 2025 1497 2079; x_wconf 65' lang='lat' dir='ltr'><strong>quae</strong></span> <span class='ocrx_word' id='word_1_135' title='bbox 1528 2021 1722 2079; x_wconf 85' lang='lat' dir='ltr'><strong>sponte</strong></span> <span class='ocrx_word' id='word_1_136' title='bbox 1758 2010 1828 2064; x_wconf 89' lang='lat' dir='ltr'><strong>ab</strong></span> <span class='ocrx_word' id='word_1_137' title='bbox 1859 2010 2045 2079; x_wconf 83' lang='lat' dir='ltr'><strong>aliquo</strong></span> 
     </span>
    </p>
   </div>
   <div class='ocr_carea' id='block_1_22' title="bbox 480 2100 2086 2171">
    <p class='ocr_par' dir='ltr' id='par_1_22' title="bbox 480 2100 2086 2171">
     <span class='ocr_line' id='line_1_22' title="bbox 480 2100 2086 2171; baseline 0.001 -18"><span class='ocrx_word' id='word_1_138' title='bbox 480 2100 590 2155; x_wconf 85' lang='lat' dir='ltr'><strong>Deo</strong></span> <span class='ocrx_word' id='word_1_139' title='bbox 612 2108 935 2155; x_wconf 83' lang='lat' dir='ltr'><strong>consecrata</strong></span> <span class='ocrx_word' id='word_1_140' title='bbox 972 2110 1129 2167; x_wconf 86' lang='lat' dir='ltr'><strong>sunt;</strong></span> <span class='ocrx_word' id='word_1_141' title='bbox 1165 2103 1280 2155; x_wconf 83' lang='lat' dir='ltr'><strong>sive</strong></span> <span class='ocrx_word' id='word_1_142' title='bbox 1330 2103 1396 2165; x_wconf 88' lang='lat' dir='ltr'><strong>is,</strong></span> <span class='ocrx_word' id='word_1_143' title='bbox 1434 2103 1528 2171; x_wconf 82' lang='lat' dir='ltr'><strong>qui</strong></span> <span class='ocrx_word' id='word_1_144' title='bbox 1576 2102 1777 2156; x_wconf 84' lang='lat' dir='ltr'><strong>obtulit</strong></span> <span class='ocrx_word' id='word_1_145' title='bbox 1820 2104 1875 2157; x_wconf 90' lang='lat' dir='ltr'><strong>in</strong></span> <span class='ocrx_word' id='word_1_146' title='bbox 1925 2118 2043 2156; x_wconf 78' lang='lat' dir='ltr'><strong>mo-</strong></span> <span class='ocrx_word' id='word_1_147' title='bbox 2071 2101 2086 2117; x_wconf 82' lang='lat'>&#39;</span> 
     </span>
    </p>
   </div>
   <div class='ocr_carea' id='block_1_23' title="bbox 478 2192 2045 2263">
    <p class='ocr_par' dir='ltr' id='par_1_23' title="bbox 478 2192 2045 2263">
     <span class='ocr_line' id='line_1_23' title="bbox 478 2192 2045 2263; baseline 0.004 -19"><span class='ocrx_word' id='word_1_148' title='bbox 478 2192 729 2246; x_wconf 86' lang='lat' dir='ltr'><strong>nasterio</strong></span> <span class='ocrx_word' id='word_1_149' title='bbox 791 2193 1057 2246; x_wconf 83' lang='lat' dir='ltr'><strong>manserit</strong></span> <span class='ocrx_word' id='word_1_150' title='bbox 1109 2194 1224 2249; x_wconf 83' lang='lat' dir='ltr'><strong>sive</strong></span> <span class='ocrx_word' id='word_1_151' title='bbox 1287 2210 1443 2248; x_wconf 85' lang='lat' dir='ltr'><strong>non:</strong></span> <span class='ocrx_word' id='word_1_152' title='bbox 1506 2195 1783 2263; x_wconf 90' lang='lat' dir='ltr'><strong>quomodo</strong></span> <span class='ocrx_word' id='word_1_153' title='bbox 1836 2195 1891 2250; x_wconf 89' lang='lat' dir='ltr'><strong>in</strong></span> <span class='ocrx_word' id='word_1_154' title='bbox 1938 2195 2045 2251; x_wconf 80' lang='lat' dir='ltr'><strong>[ine</strong></span> 
     </span>
    </p>
   </div>
   <div class='ocr_carea' id='block_1_24' title="bbox 477 2284 2045 2357">
    <p class='ocr_par' dir='ltr' id='par_1_24' title="bbox 477 2284 2045 2357">
     <span class='ocr_line' id='line_1_24' title="bbox 477 2284 2045 2357; baseline 0.005 -22"><span class='ocrx_word' id='word_1_155' title='bbox 477 2284 744 2353; x_wconf 80' lang='lat' dir='ltr'><strong>scriptum</strong></span> <span class='ocrx_word' id='word_1_156' title='bbox 781 2294 886 2348; x_wconf 91' lang='lat' dir='ltr'><strong>est,</strong></span> <span class='ocrx_word' id='word_1_157' title='bbox 919 2302 981 2339; x_wconf 88' lang='lat' dir='ltr'><strong>ea</strong></span> <span class='ocrx_word' id='word_1_158' title='bbox 1015 2287 1253 2353; x_wconf 84' lang='lat' dir='ltr'><strong>restitui,</strong></span> <span class='ocrx_word' id='word_1_159' title='bbox 1288 2286 1334 2341; x_wconf 91' lang='lat' dir='ltr'><strong>si</strong></span> <span class='ocrx_word' id='word_1_160' title='bbox 1372 2286 1531 2355; x_wconf 90' lang='lat' dir='ltr'><strong>culpa</strong></span> <span class='ocrx_word' id='word_1_161' title='bbox 1561 2288 1877 2342; x_wconf 85' lang='lat' dir='ltr'><strong>monasterii</strong></span> <span class='ocrx_word' id='word_1_162' title='bbox 1908 2304 2045 2357; x_wconf 74' lang='lat' dir='ltr'><strong>pra:-</strong></span> 
     </span>
    </p>
   </div>
   <div class='ocr_carea' id='block_1_25' title="bbox 476 2376 2033 2449">
    <p class='ocr_par' dir='ltr' id='par_1_25' title="bbox 476 2376 2033 2449">
     <span class='ocr_line' id='line_1_25' title="bbox 476 2376 2033 2449; baseline 0.003 -19"><span class='ocrx_word' id='word_1_163' title='bbox 476 2376 601 2431; x_wconf 74' lang='lat' dir='ltr'><strong>fecti</strong></span> <span class='ocrx_word' id='word_1_164' title='bbox 641 2377 707 2440; x_wconf 83' lang='lat' dir='ltr'><strong>is,</strong></span> <span class='ocrx_word' id='word_1_165' title='bbox 745 2378 837 2447; x_wconf 90' lang='lat' dir='ltr'><strong>qui</strong></span> <span class='ocrx_word' id='word_1_166' title='bbox 878 2393 939 2434; x_wconf 88' lang='lat' dir='ltr'><strong>ea</strong></span> <span class='ocrx_word' id='word_1_167' title='bbox 968 2379 1190 2442; x_wconf 90' lang='lat' dir='ltr'><strong>obtulit,</strong></span> <span class='ocrx_word' id='word_1_168' title='bbox 1234 2393 1263 2431; x_wconf 89' lang='lat' dir='ltr'><strong>a</strong></span> <span class='ocrx_word' id='word_1_169' title='bbox 1304 2380 1643 2434; x_wconf 85' lang='lat' dir='ltr'><strong>monasterio</strong></span> <span class='ocrx_word' id='word_1_170' title='bbox 1699 2381 2033 2449; x_wconf 86' lang='lat' dir='ltr'><strong>recesserit;</strong></span> 
     </span>
    </p>
   </div>
   <div class='ocr_carea' id='block_1_26' title="bbox 475 2470 2041 2545">
    <p class='ocr_par' dir='ltr' id='par_1_26' title="bbox 475 2470 2041 2545">
     <span class='ocr_line' id='line_1_26' title="bbox 475 2470 2041 2545; baseline 0.004 -22"><span class='ocrx_word' id='word_1_171' title='bbox 475 2485 601 2523; x_wconf 87' lang='lat' dir='ltr'><strong>cum</strong></span> <span class='ocrx_word' id='word_1_172' title='bbox 634 2470 831 2525; x_wconf 88' lang='lat' dir='ltr'><strong>debeat</strong></span> <span class='ocrx_word' id='word_1_173' title='bbox 882 2472 1066 2538; x_wconf 88' lang='lat' dir='ltr'><strong>potius</strong></span> <span class='ocrx_word' id='word_1_174' title='bbox 1119 2470 1435 2540; x_wconf 63' lang='lat' dir='ltr'><strong>prafectus,</strong></span> <span class='ocrx_word' id='word_1_175' title='bbox 1488 2474 1583 2541; x_wconf 87' lang='lat' dir='ltr'><strong>qui</strong></span> <span class='ocrx_word' id='word_1_176' title='bbox 1617 2483 1702 2527; x_wconf 89' lang='lat' dir='ltr'><strong>est</strong></span> <span class='ocrx_word' id='word_1_177' title='bbox 1752 2476 1806 2528; x_wconf 90' lang='lat' dir='ltr'><strong>in</strong></span> <span class='ocrx_word' id='word_1_178' title='bbox 1858 2475 2041 2545; x_wconf 91' lang='lat' dir='ltr'><strong>culpa,</strong></span> 
     </span>
    </p>
   </div>
   <div class='ocr_carea' id='block_1_27' title="bbox 480 2561 2047 2632">
    <p class='ocr_par' dir='ltr' id='par_1_27' title="bbox 480 2561 2047 2632">
     <span class='ocr_line' id='line_1_27' title="bbox 480 2561 2047 2632; baseline 0.004 -18"><span class='ocrx_word' id='word_1_179' title='bbox 480 2562 691 2628; x_wconf 73' lang='lat' dir='ltr'><strong>puniri?</strong></span> <span class='ocrx_word' id='word_1_180' title='bbox 719 2561 945 2620; x_wconf 80' lang='lat' dir='ltr'><strong>Salutio.</strong></span> <span class='ocrx_word' id='word_1_181' title='bbox 978 2562 1075 2618; x_wconf 84' lang='lat' dir='ltr'><strong>llic</strong></span> <span class='ocrx_word' id='word_1_182' title='bbox 1107 2580 1230 2632; x_wconf 75' lang='lat' dir='ltr'><strong>qua:</strong></span> <span class='ocrx_word' id='word_1_183' title='bbox 1287 2563 1399 2617; x_wconf 88' lang='lat' dir='ltr'><strong>Deo</strong></span> <span class='ocrx_word' id='word_1_184' title='bbox 1430 2565 1609 2619; x_wconf 83' lang='lat' dir='ltr'><strong>oolata</strong></span> <span class='ocrx_word' id='word_1_185' title='bbox 1641 2575 1795 2632; x_wconf 89' lang='lat' dir='ltr'><strong>sunt,</strong></span> <span class='ocrx_word' id='word_1_186' title='bbox 1830 2582 1931 2623; x_wconf 84' lang='lat' dir='ltr'><strong>nec</strong></span> <span class='ocrx_word' id='word_1_187' title='bbox 1960 2568 2047 2621; x_wconf 83' lang='lat' dir='ltr'><strong>di-</strong></span> 
     </span>
    </p>
   </div>
   <div class='ocr_carea' id='block_1_28' title="bbox 479 2654 2043 2715">
    <p class='ocr_par' dir='ltr' id='par_1_28' title="bbox 479 2654 2043 2715">
     <span class='ocr_line' id='line_1_28' title="bbox 479 2654 2043 2715; baseline 0.003 -10"><span class='ocrx_word' id='word_1_188' title='bbox 479 2660 629 2705; x_wconf 87' lang='lat' dir='ltr'><strong>recto</strong></span> <span class='ocrx_word' id='word_1_189' title='bbox 685 2654 870 2709; x_wconf 85' lang='lat' dir='ltr'><strong>oblata</strong></span> <span class='ocrx_word' id='word_1_190' title='bbox 924 2663 1074 2715; x_wconf 87' lang='lat' dir='ltr'><strong>sunt,</strong></span> <span class='ocrx_word' id='word_1_191' title='bbox 1135 2664 1194 2708; x_wconf 90' lang='lat' dir='ltr'><strong>ut</strong></span> <span class='ocrx_word' id='word_1_192' title='bbox 1227 2670 1289 2707; x_wconf 88' lang='lat' dir='ltr'><strong>ea</strong></span> <span class='ocrx_word' id='word_1_193' title='bbox 1323 2669 1387 2709; x_wconf 84' lang='lat' dir='ltr'><strong>ex</strong></span> <span class='ocrx_word' id='word_1_194' title='bbox 1423 2657 1575 2709; x_wconf 91' lang='lat' dir='ltr'><strong>nulla</strong></span> <span class='ocrx_word' id='word_1_195' title='bbox 1617 2672 1784 2711; x_wconf 90' lang='lat' dir='ltr'><strong>causa</strong></span> <span class='ocrx_word' id='word_1_196' title='bbox 1846 2673 1875 2710; x_wconf 89' lang='lat' dir='ltr'><strong>a</strong></span> <span class='ocrx_word' id='word_1_197' title='bbox 1924 2673 2043 2711; x_wconf 88' lang='lat' dir='ltr'><strong>mo-</strong></span> 
     </span>
    </p>
   </div>
   <div class='ocr_carea' id='block_1_29' title="bbox 473 2726 2041 2818">
    <p class='ocr_par' dir='ltr' id='par_1_29' title="bbox 473 2726 2041 2818">
     <span class='ocr_line' id='line_1_29' title="bbox 473 2726 2041 2818; baseline 0.003 -20"><span class='ocrx_word' id='word_1_198' title='bbox 473 2745 719 2798; x_wconf 78' lang='lat' dir='ltr'><strong>nasterio</strong></span> <span class='ocrx_word' id='word_1_199' title='bbox 751 2746 953 2798; x_wconf 78' lang='lat' dir='ltr'><strong>auferri</strong></span> <span class='ocrx_word' id='word_1_200' title='bbox 986 2726 1234 2812; x_wconf 68' lang='lat' dir='ltr'><strong>possent,</strong></span> <span class='ocrx_word' id='word_1_201' title='bbox 1264 2761 1363 2800; x_wconf 93' lang='lat' dir='ltr'><strong>nec</strong></span> <span class='ocrx_word' id='word_1_202' title='bbox 1392 2758 1451 2800; x_wconf 87' lang='lat' dir='ltr'><strong>ut</strong></span> <span class='ocrx_word' id='word_1_203' title='bbox 1481 2747 1798 2802; x_wconf 82' lang='lat' dir='ltr'><strong>tonderetur</strong></span> <span class='ocrx_word' id='word_1_204' title='bbox 1820 2748 2041 2818; x_wconf 85' lang='lat' dir='ltr'><strong>aliquis,</strong></span> 
     </span>
    </p>
   </div>
   <div class='ocr_carea' id='block_1_30' title="bbox 477 2834 2043 2909">
    <p class='ocr_par' dir='ltr' id='par_1_30' title="bbox 477 2834 2043 2909">
     <span class='ocr_line' id='line_1_30' title="bbox 477 2834 2043 2909; baseline 0.003 -22"><span class='ocrx_word' id='word_1_205' title='bbox 477 2844 538 2889; x_wconf 81' lang='lat' dir='ltr'><strong>ut</strong></span> <span class='ocrx_word' id='word_1_206' title='bbox 573 2834 657 2888; x_wconf 91' lang='lat' dir='ltr'><strong>sic</strong></span> <span class='ocrx_word' id='word_1_207' title='bbox 690 2835 857 2888; x_wconf 90' lang='lat' dir='ltr'><strong>etiam</strong></span> <span class='ocrx_word' id='word_1_208' title='bbox 887 2851 951 2889; x_wconf 80' lang='lat' dir='ltr'><strong>ex</strong></span> <span class='ocrx_word' id='word_1_209' title='bbox 989 2838 1139 2891; x_wconf 90' lang='lat' dir='ltr'><strong>omni</strong></span> <span class='ocrx_word' id='word_1_210' title='bbox 1170 2853 1336 2891; x_wconf 86' lang='lat' dir='ltr'><strong>causa</strong></span> <span class='ocrx_word' id='word_1_211' title='bbox 1393 2839 1719 2893; x_wconf 85' lang='lat' dir='ltr'><strong>monasterii</strong></span> <span class='ocrx_word' id='word_1_212' title='bbox 1766 2854 1885 2894; x_wconf 89' lang='lat' dir='ltr'><strong>esse</strong></span> <span class='ocrx_word' id='word_1_213' title='bbox 1922 2855 2043 2909; x_wconf 88' lang='lat' dir='ltr'><strong>per-</strong></span> 
     </span>
    </p>
   </div>
   <div class='ocr_carea' id='block_1_31' title="bbox 476 2928 2039 3000">
    <p class='ocr_par' dir='ltr' id='par_1_31' title="bbox 476 2928 2039 3000">
     <span class='ocr_line' id='line_1_31' title="bbox 476 2928 2039 3000; baseline 0.005 -22"><span class='ocrx_word' id='word_1_214' title='bbox 476 2928 800 2991; x_wconf 86' lang='lat' dir='ltr'><strong>manserint,</strong></span> <span class='ocrx_word' id='word_1_215' title='bbox 853 2931 1152 2983; x_wconf 88' lang='lat' dir='ltr'><strong>secundum</strong></span> <span class='ocrx_word' id='word_1_216' title='bbox 1203 2930 1377 2999; x_wconf 74' lang='lat' dir='ltr'><strong>legem</strong></span> <span class='ocrx_word' id='word_1_217' title='bbox 1422 2948 1541 3000; x_wconf 80' lang='lat' dir='ltr'><strong>quae</strong></span> <span class='ocrx_word' id='word_1_218' title='bbox 1586 2932 1718 2986; x_wconf 89' lang='lat' dir='ltr'><strong>dicit</strong></span> <span class='ocrx_word' id='word_1_219' title='bbox 1738 2938 1765 2985; x_wconf 74' lang='lat'><strong>1:</strong></span> <span class='ocrx_word' id='word_1_220' title='bbox 1812 2932 1946 2998; x_wconf 80' lang='lat' dir='ltr'><strong>Qua:</strong></span> <span class='ocrx_word' id='word_1_221' title='bbox 1987 2936 2039 2986; x_wconf 93' lang='lat' dir='ltr'><strong>in</strong></span> 
     </span>
    </p>
   </div>
   <div class='ocr_carea' id='block_1_32' title="bbox 473 3018 2040 3093">
    <p class='ocr_par' dir='ltr' id='par_1_32' title="bbox 473 3018 2040 3093">
     <span class='ocr_line' id='line_1_32' title="bbox 473 3018 2040 3093; baseline 0.005 -22"><span class='ocrx_word' id='word_1_222' title='bbox 473 3018 670 3085; x_wconf 81' lang='lat' dir='ltr'><strong>:equali</strong></span> <span class='ocrx_word' id='word_1_223' title='bbox 726 3033 913 3085; x_wconf 90' lang='lat' dir='ltr'><strong>causa,</strong></span> <span class='ocrx_word' id='word_1_224' title='bbox 968 3020 1091 3089; x_wconf 86' lang='lat' dir='ltr'><strong>ejus</strong></span> <span class='ocrx_word' id='word_1_225' title='bbox 1140 3022 1232 3091; x_wconf 89' lang='lat' dir='ltr'><strong>qui</strong></span> <span class='ocrx_word' id='word_1_226' title='bbox 1280 3024 1377 3076; x_wconf 85' lang='lat' dir='ltr'><strong>dat</strong></span> <span class='ocrx_word' id='word_1_227' title='bbox 1408 3032 1463 3077; x_wconf 90' lang='lat' dir='ltr'><strong>et</strong></span> <span class='ocrx_word' id='word_1_228' title='bbox 1516 3024 1611 3092; x_wconf 86' lang='lat' dir='ltr'><strong>qui</strong></span> <span class='ocrx_word' id='word_1_229' title='bbox 1657 3024 1876 3093; x_wconf 88' lang='lat' dir='ltr'><strong>accipit,</strong></span> <span class='ocrx_word' id='word_1_230' title='bbox 1914 3025 2040 3079; x_wconf 85' lang='lat' dir='ltr'><strong>data</strong></span> 
     </span>
    </p>
   </div>
   <div class='ocr_carea' id='block_1_33' title="bbox 474 3114 2039 3183">
    <p class='ocr_par' dir='ltr' id='par_1_33' title="bbox 474 3114 2039 3183">
     <span class='ocr_line' id='line_1_33' title="bbox 474 3114 2039 3183; baseline 0.004 -20"><span class='ocrx_word' id='word_1_231' title='bbox 474 3116 623 3169; x_wconf 87' lang='lat' dir='ltr'><strong>sunt.</strong></span> <span class='ocrx_word' id='word_1_232' title='bbox 655 3126 765 3167; x_wconf 92' lang='lat' dir='ltr'><strong>non</strong></span> <span class='ocrx_word' id='word_1_233' title='bbox 798 3122 1123 3180; x_wconf 90' lang='lat' dir='ltr'><strong>repetuntur</strong></span> <span class='ocrx_word' id='word_1_234' title='bbox 1154 3133 1167 3167; x_wconf 90' lang='lat'><strong>:</strong></span> <span class='ocrx_word' id='word_1_235' title='bbox 1208 3115 1302 3169; x_wconf 81' lang='lat' dir='ltr'><strong>sed</strong></span> <span class='ocrx_word' id='word_1_236' title='bbox 1337 3115 1628 3181; x_wconf 83' lang='lat' dir='ltr'><strong>oblationi,</strong></span> <span class='ocrx_word' id='word_1_237' title='bbox 1662 3131 1787 3183; x_wconf 73' lang='lat' dir='ltr'><strong>qua:</strong></span> <span class='ocrx_word' id='word_1_238' title='bbox 1818 3114 1928 3169; x_wconf 84' lang='lat' dir='ltr'><strong>Deo</strong></span> <span class='ocrx_word' id='word_1_239' title='bbox 1955 3116 2039 3179; x_wconf 83' lang='lat' dir='ltr'><strong>ﬁt,</strong></span> 
     </span>
    </p>
   </div>
   <div class='ocr_carea' id='block_1_34' title="bbox 2151 624 3696 696">
    <p class='ocr_par' dir='ltr' id='par_1_34' title="bbox 2151 624 3696 696">
     <span class='ocr_line' id='line_1_34' title="bbox 2151 624 3696 696; baseline -0.001 -17"><span class='ocrx_word' id='word_1_240' title='bbox 2151 643 2279 693; x_wconf 88' lang='grc' dir='ltr'>ται;</span> <span class='ocrx_word' id='word_1_241' title='bbox 2310 628 2521 691; x_wconf 85' lang='grc' dir='ltr'>Λύσις.</span> <span class='ocrx_word' id='word_1_242' title='bbox 2562 629 2624 679; x_wconf 89' lang='lat'><strong>&#39;0</strong></span> <span class='ocrx_word' id='word_1_243' title='bbox 2675 627 2774 696; x_wconf 74' lang='grc' dir='ltr'><strong>μὲν</strong></span> <span class='ocrx_word' id='word_1_244' title='bbox 2822 626 3239 695; x_wconf 78' lang='grc' dir='ltr'>χειροτονηθεὶς,</span> <span class='ocrx_word' id='word_1_245' title='bbox 3296 624 3440 678; x_wconf 81' lang='grc' dir='ltr'><strong>κατὰ</strong></span> <span class='ocrx_word' id='word_1_246' title='bbox 3474 626 3562 677; x_wconf 75' lang='grc' dir='ltr'>τὸν</span> <span class='ocrx_word' id='word_1_247' title='bbox 3612 630 3696 695; x_wconf 78' lang='grc' dir='ltr'>ρη-</span> 
     </span>
    </p>
   </div>
   <div class='ocr_carea' id='block_1_35' title="bbox 2152 717 3696 789">
    <p class='ocr_par' dir='ltr' id='par_1_35' title="bbox 2152 717 3696 789">
     <span class='ocr_line' id='line_1_35' title="bbox 2152 717 3696 789; baseline 0.001 -17"><span class='ocrx_word' id='word_1_248' title='bbox 2152 719 2309 772; x_wconf 80' lang='grc' dir='ltr'>θέντα</span> <span class='ocrx_word' id='word_1_249' title='bbox 2340 720 2558 778; x_wconf 85' lang='grc' dir='ltr'>κανόνα.</span> <span class='ocrx_word' id='word_1_250' title='bbox 2594 720 3087 789; x_wconf 77' lang='grc' dir='ltr'><strong>καθαιρεθήσεται·</strong></span> <span class='ocrx_word' id='word_1_251' title='bbox 3139 717 3394 772; x_wconf 80' lang='grc' dir='ltr'><strong>ἀπολέσει</strong></span> <span class='ocrx_word' id='word_1_252' title='bbox 3431 718 3487 770; x_wconf 79' lang='grc' dir='ltr'>δὲ</span> <span class='ocrx_word' id='word_1_253' title='bbox 3517 720 3602 771; x_wconf 73' lang='grc' dir='ltr'><strong>καὶ</strong></span> <span class='ocrx_word' id='word_1_254' title='bbox 3640 722 3696 774; x_wconf 64' lang='grc' dir='ltr'>τὰ</span> 
     </span>
    </p>
   </div>
   <div class='ocr_carea' id='block_1_36' title="bbox 2150 810 3697 881">
    <p class='ocr_par' dir='ltr' id='par_1_36' title="bbox 2150 810 3697 881">
     <span class='ocr_line' id='line_1_36' title="bbox 2150 810 3697 881; baseline 0.001 -18"><span class='ocrx_word' id='word_1_255' title='bbox 2150 810 2284 881; x_wconf 84' lang='grc' dir='ltr'>παρ’</span> <span class='ocrx_word' id='word_1_256' title='bbox 2313 812 2476 865; x_wconf 81' lang='grc' dir='ltr'>αὑτοῦ</span> <span class='ocrx_word' id='word_1_257' title='bbox 2505 812 2723 865; x_wconf 75' lang='grc' dir='ltr'>δοθέντα</span> <span class='ocrx_word' id='word_1_258' title='bbox 2752 827 2766 841; x_wconf 88' lang='grc'><strong>·</strong></span> <span class='ocrx_word' id='word_1_259' title='bbox 2798 814 2825 864; x_wconf 87' lang='grc' dir='ltr'><strong>ὁ</strong></span> <span class='ocrx_word' id='word_1_260' title='bbox 2850 812 2907 864; x_wconf 81' lang='grc' dir='ltr'>δὲ</span> <span class='ocrx_word' id='word_1_261' title='bbox 2934 811 3141 880; x_wconf 62' lang='grc' dir='ltr'>δεχθεὶς</span> <span class='ocrx_word' id='word_1_262' title='bbox 3164 810 3348 871; x_wconf 86' lang='grc' dir='ltr'>κακῶς</span> <span class='ocrx_word' id='word_1_263' title='bbox 3369 810 3615 863; x_wconf 72' lang='grc' dir='ltr'><strong>ἀπολέσει</strong></span> <span class='ocrx_word' id='word_1_264' title='bbox 3641 814 3697 865; x_wconf 63' lang='grc' dir='ltr'><strong>τὰ</strong></span> 
     </span>
    </p>
   </div>
   <div class='ocr_carea' id='block_1_37' title="bbox 2152 900 3697 973">
    <p class='ocr_par' dir='ltr' id='par_1_37' title="bbox 2152 900 3697 973">
     <span class='ocr_line' id='line_1_37' title="bbox 2152 900 3697 973; baseline 0 -18"><span class='ocrx_word' id='word_1_265' title='bbox 2152 904 2282 973; x_wconf 78' lang='grc' dir='ltr'>παρ’</span> <span class='ocrx_word' id='word_1_266' title='bbox 2315 902 2480 955; x_wconf 78' lang='grc' dir='ltr'>αὑτοῦ</span> <span class='ocrx_word' id='word_1_267' title='bbox 2506 902 2753 967; x_wconf 81' lang='grc' dir='ltr'>δοθέντα,</span> <span class='ocrx_word' id='word_1_268' title='bbox 2788 902 2884 956; x_wconf 80' lang='grc' dir='ltr'>καὶ</span> <span class='ocrx_word' id='word_1_269' title='bbox 2922 902 3104 968; x_wconf 86' lang='grc' dir='ltr'>μόνον,</span> <span class='ocrx_word' id='word_1_270' title='bbox 3146 902 3285 954; x_wconf 74' lang='grc' dir='ltr'>κατὰ</span> <span class='ocrx_word' id='word_1_271' title='bbox 3314 900 3408 953; x_wconf 78' lang='grc' dir='ltr'><strong>τὸν</strong></span> <span class='ocrx_word' id='word_1_272' title='bbox 3439 901 3596 969; x_wconf 83' lang='grc' dir='ltr'>νόμον</span> <span class='ocrx_word' id='word_1_273' title='bbox 3620 904 3697 955; x_wconf 72' lang='grc' dir='ltr'><strong>τὸν</strong></span> 
     </span>
    </p>
   </div>
   <div class='ocr_carea' id='block_1_38' title="bbox 2149 992 3699 1065">
    <p class='ocr_par' dir='ltr' id='par_1_38' title="bbox 2149 992 3699 1065">
     <span class='ocr_line' id='line_1_38' title="bbox 2149 992 3699 1065; baseline -0.001 -16"><span class='ocrx_word' id='word_1_274' title='bbox 2149 997 2395 1064; x_wconf 83' lang='grc' dir='ltr'>λέγοντα,</span> <span class='ocrx_word' id='word_1_275' title='bbox 2438 996 2499 1048; x_wconf 84' lang='grc' dir='ltr'><strong>Ὀ</strong></span> <span class='ocrx_word' id='word_1_276' title='bbox 2536 997 2626 1047; x_wconf 71' lang='grc' dir='ltr'><strong>ἐπὶ</strong></span> <span class='ocrx_word' id='word_1_277' title='bbox 2652 996 2853 1065; x_wconf 77' lang='grc' dir='ltr'><strong>αἰσχρᾷ</strong></span> <span class='ocrx_word' id='word_1_278' title='bbox 2878 995 3028 1062; x_wconf 72' lang='grc' dir='ltr'>αἰτίᾳ</span> <span class='ocrx_word' id='word_1_279' title='bbox 3057 994 3233 1055; x_wconf 78' lang='grc' dir='ltr'>διδοὺς</span> <span class='ocrx_word' id='word_1_280' title='bbox 3264 992 3364 1045; x_wconf 80' lang='grc' dir='ltr'>οὐκ</span> <span class='ocrx_word' id='word_1_281' title='bbox 3394 993 3699 1061; x_wconf 72' lang='grc' dir='ltr'>ἀναλαμόαα</span> 
     </span>
    </p>
   </div>
   <div class='ocr_carea' id='block_1_39' title="bbox 2148 1086 3703 1156">
    <p class='ocr_par' dir='ltr' id='par_1_39' title="bbox 2148 1086 3703 1156">
     <span class='ocr_line' id='line_1_39' title="bbox 2148 1086 3703 1156; baseline -0.002 -13"><span class='ocrx_word' id='word_1_282' title='bbox 2148 1107 2249 1143; x_wconf 85' lang='grc' dir='ltr'>νει.</span> <span class='ocrx_word' id='word_1_283' title='bbox 2300 1090 2455 1142; x_wconf 68' lang='grc' dir='ltr'>Ἐπεὶ</span> <span class='ocrx_word' id='word_1_284' title='bbox 2485 1090 2562 1153; x_wconf 89' lang='grc' dir='ltr'>δὲ,</span> <span class='ocrx_word' id='word_1_285' title='bbox 2587 1089 2663 1151; x_wconf 82' lang='grc' dir='ltr'>ὡς</span> <span class='ocrx_word' id='word_1_286' title='bbox 2687 1088 2794 1141; x_wconf 82' lang='grc' dir='ltr'>ἀπὸ</span> <span class='ocrx_word' id='word_1_287' title='bbox 2815 1086 2909 1140; x_wconf 81' lang='grc' dir='ltr'><strong>τοῦ</strong></span> <span class='ocrx_word' id='word_1_288' title='bbox 2941 1087 3211 1156; x_wconf 79' lang='grc' dir='ltr'><strong>παρόντος</strong></span> <span class='ocrx_word' id='word_1_289' title='bbox 3234 1088 3703 1154; x_wconf 55' lang='grc' dir='ltr'>κανόνοξάναςςαι-</span> 
     </span>
    </p>
   </div>
   <div class='ocr_carea' id='block_1_40' title="bbox 2148 1177 3703 1250">
    <p class='ocr_par' dir='ltr' id='par_1_40' title="bbox 2148 1177 3703 1250">
     <span class='ocr_line' id='line_1_40' title="bbox 2148 1177 3703 1250; baseline -0.003 -15"><span class='ocrx_word' id='word_1_290' title='bbox 2148 1199 2295 1235; x_wconf 84' lang='grc' dir='ltr'>νεται</span> <span class='ocrx_word' id='word_1_291' title='bbox 2352 1182 2435 1233; x_wconf 81' lang='grc' dir='ltr'>ὅτι</span> <span class='ocrx_word' id='word_1_292' title='bbox 2467 1183 2546 1241; x_wconf 78' lang='grc' dir='ltr'><strong>εἰς</strong></span> <span class='ocrx_word' id='word_1_293' title='bbox 2579 1180 2673 1233; x_wconf 83' lang='grc' dir='ltr'><strong>δύο</strong></span> <span class='ocrx_word' id='word_1_294' title='bbox 2699 1179 3039 1250; x_wconf 73' lang='grc' dir='ltr'><strong>διαιροῦνται</strong></span> <span class='ocrx_word' id='word_1_295' title='bbox 3084 1181 3130 1232; x_wconf 83' lang='grc' dir='ltr'>οἱ</span> <span class='ocrx_word' id='word_1_296' title='bbox 3183 1177 3607 1247; x_wconf 77' lang='grc' dir='ltr'>καθηγούμενοι,</span> <span class='ocrx_word' id='word_1_297' title='bbox 3633 1182 3703 1239; x_wconf 79' lang='grc' dir='ltr'>εἰς</span> 
     </span>
    </p>
   </div>
   <div class='ocr_carea' id='block_1_41' title="bbox 2152 1266 3700 1343">
    <p class='ocr_par' dir='ltr' id='par_1_41' title="bbox 2152 1266 3700 1343">
     <span class='ocr_line' id='line_1_41' title="bbox 2152 1266 3700 1343; baseline -0.003 -18"><span class='ocrx_word' id='word_1_298' title='bbox 2152 1272 2481 1343; x_wconf 86' lang='grc' dir='ltr'>ἱερωμένους</span> <span class='ocrx_word' id='word_1_299' title='bbox 2511 1272 2604 1324; x_wconf 80' lang='grc' dir='ltr'>καὶ</span> <span class='ocrx_word' id='word_1_300' title='bbox 2630 1266 2880 1341; x_wconf 83' lang='grc' dir='ltr'>ἀνιέρους</span> <span class='ocrx_word' id='word_1_301' title='bbox 2910 1285 2923 1300; x_wconf 80' lang='grc'><strong><em>⁸</em></strong></span> <span class='ocrx_word' id='word_1_302' title='bbox 2954 1271 3002 1322; x_wconf 81' lang='grc' dir='ltr'><strong>οἱ</strong></span> <span class='ocrx_word' id='word_1_303' title='bbox 3036 1269 3135 1338; x_wconf 79' lang='grc' dir='ltr'><strong>μὲν</strong></span> <span class='ocrx_word' id='word_1_304' title='bbox 3163 1268 3271 1338; x_wconf 81' lang='grc' dir='ltr'>γὰρ</span> <span class='ocrx_word' id='word_1_305' title='bbox 3303 1267 3700 1337; x_wconf 72' lang='grc' dir='ltr'>καθαιροῦνται,</span> 
     </span>
    </p>
   </div>
   <div class='ocr_carea' id='block_1_42' title="bbox 2148 1364 3701 1434">
    <p class='ocr_par' dir='ltr' id='par_1_42' title="bbox 2148 1364 3701 1434">
     <span class='ocr_line' id='line_1_42' title="bbox 2148 1364 3701 1434; baseline -0.003 -14"><span class='ocrx_word' id='word_1_306' title='bbox 2148 1369 2196 1420; x_wconf 81' lang='grc' dir='ltr'>οἱ</span> <span class='ocrx_word' id='word_1_307' title='bbox 2241 1368 2297 1421; x_wconf 80' lang='grc' dir='ltr'>δὲ</span> <span class='ocrx_word' id='word_1_308' title='bbox 2339 1368 2626 1421; x_wconf 83' lang='grc' dir='ltr'>διώκονται</span> <span class='ocrx_word' id='word_1_309' title='bbox 2683 1365 2907 1420; x_wconf 81' lang='grc' dir='ltr'>ἀπὸτοῦ</span> <span class='ocrx_word' id='word_1_310' title='bbox 2944 1365 3309 1434; x_wconf 81' lang='grc' dir='ltr'>μοναστηρίου</span> <span class='ocrx_word' id='word_1_311' title='bbox 3335 1380 3351 1395; x_wconf 92' lang='grc'><strong>·</strong></span> <span class='ocrx_word' id='word_1_312' title='bbox 3390 1364 3571 1431; x_wconf 82' lang='grc' dir='ltr'>φαμὲν</span> <span class='ocrx_word' id='word_1_313' title='bbox 3614 1383 3701 1416; x_wconf 79' lang='grc' dir='ltr'>κα-</span> 
     </span>
    </p>
   </div>
   <div class='ocr_carea' id='block_1_43' title="bbox 2147 1456 3705 1528">
    <p class='ocr_par' dir='ltr' id='par_1_43' title="bbox 2147 1456 3705 1528">
     <span class='ocr_line' id='line_1_43' title="bbox 2147 1456 3705 1528; baseline -0.003 -18"><span class='ocrx_word' id='word_1_314' title='bbox 2147 1458 2251 1521; x_wconf 81' lang='grc' dir='ltr'><strong>λῶς</strong></span> <span class='ocrx_word' id='word_1_315' title='bbox 2309 1457 2754 1528; x_wconf 71' lang='grc' dir='ltr'>προχειρίζεσθαι</span> <span class='ocrx_word' id='word_1_316' title='bbox 2814 1474 2967 1519; x_wconf 86' lang='grc' dir='ltr'>τινας</span> <span class='ocrx_word' id='word_1_317' title='bbox 3042 1457 3121 1518; x_wconf 81' lang='grc' dir='ltr'>εἰς</span> <span class='ocrx_word' id='word_1_318' title='bbox 3193 1456 3556 1522; x_wconf 82' lang='grc' dir='ltr'>ήγουμενείας</span> <span class='ocrx_word' id='word_1_319' title='bbox 3625 1456 3705 1507; x_wconf 79' lang='grc' dir='ltr'><strong>καὶ</strong></span> 
     </span>
    </p>
   </div>
   <div class='ocr_carea' id='block_1_44' title="bbox 2148 1546 3703 1619">
    <p class='ocr_par' dir='ltr' id='par_1_44' title="bbox 2148 1546 3703 1619">
     <span class='ocr_line' id='line_1_44' title="bbox 2148 1546 3703 1619; baseline -0.002 -17"><span class='ocrx_word' id='word_1_320' title='bbox 2148 1549 2309 1611; x_wconf 74' lang='grc' dir='ltr'>ὄντας</span> <span class='ocrx_word' id='word_1_321' title='bbox 2366 1550 2637 1619; x_wconf 84' lang='grc' dir='ltr'>ἀνιέρους.</span> <span class='ocrx_word' id='word_1_322' title='bbox 2692 1548 2814 1600; x_wconf 80' lang='grc' dir='ltr'>Ἐπὶ</span> <span class='ocrx_word' id='word_1_323' title='bbox 2864 1546 3073 1610; x_wconf 81' lang='grc' dir='ltr'>τούτοις</span> <span class='ocrx_word' id='word_1_324' title='bbox 3128 1546 3439 1617; x_wconf 67' lang='grc' dir='ltr'>ἠρώτησεν,</span> <span class='ocrx_word' id='word_1_325' title='bbox 3495 1546 3567 1606; x_wconf 82' lang='grc' dir='ltr'>ὼς</span> <span class='ocrx_word' id='word_1_326' title='bbox 3619 1548 3703 1599; x_wconf 75' lang='grc' dir='ltr'><strong>τοῦ</strong></span> 
     </span>
    </p>
   </div>
   <div class='ocr_carea' id='block_1_45' title="bbox 2149 1634 3705 1710">
    <p class='ocr_par' dir='ltr' id='par_1_45' title="bbox 2149 1634 3705 1710">
     <span class='ocr_line' id='line_1_45' title="bbox 2149 1634 3705 1710; baseline -0.002 -17"><span class='ocrx_word' id='word_1_327' title='bbox 2149 1642 2370 1703; x_wconf 80' lang='grc' dir='ltr'><strong>κανόνος</strong></span> <span class='ocrx_word' id='word_1_328' title='bbox 2444 1640 2853 1710; x_wconf 76' lang='grc' dir='ltr'>διοριζομένου⁴</span> <span class='ocrx_word' id='word_1_329' title='bbox 2910 1640 3249 1708; x_wconf 78' lang='grc' dir='ltr'>ἀναφαίρετα</span> <span class='ocrx_word' id='word_1_330' title='bbox 3340 1634 3485 1690; x_wconf 78' lang='grc' dir='ltr'>εἶναι</span> <span class='ocrx_word' id='word_1_331' title='bbox 3572 1639 3705 1706; x_wconf 65' lang='grc' dir='ltr'>παρὰ</span> 
     </span>
    </p>
   </div>
   <div class='ocr_carea' id='block_1_46' title="bbox 2122 1730 3706 1801">
    <p class='ocr_par' dir='ltr' id='par_1_46' title="bbox 2122 1730 3706 1801">
     <span class='ocr_line' id='line_1_46' title="bbox 2122 1730 3706 1801; baseline -0.002 -18"><span class='ocrx_word' id='word_1_332' title='bbox 2122 1730 2213 1801; x_wconf 51' lang='grc' dir='ltr'>τῇ</span> <span class='ocrx_word' id='word_1_333' title='bbox 2246 1734 2378 1801; x_wconf 79' lang='grc' dir='ltr'>μονῇ</span> <span class='ocrx_word' id='word_1_334' title='bbox 2414 1732 2479 1785; x_wconf 82' lang='grc' dir='ltr'>τὰ</span> <span class='ocrx_word' id='word_1_335' title='bbox 2533 1731 2891 1801; x_wconf 79' lang='grc' dir='ltr'>ἀφιερωμένα</span> <span class='ocrx_word' id='word_1_336' title='bbox 2945 1731 3024 1800; x_wconf 80' lang='grc' dir='ltr'><strong>τῷ</strong></span> <span class='ocrx_word' id='word_1_337' title='bbox 3072 1731 3191 1801; x_wconf 84' lang='grc' dir='ltr'>Θεῷ</span> <span class='ocrx_word' id='word_1_338' title='bbox 3242 1730 3706 1799; x_wconf 73' lang='grc' dir='ltr'>αὑτοπροαιρέτιυς</span> 
     </span>
    </p>
   </div>
   <div class='ocr_carea' id='block_1_47' title="bbox 2148 1820 3706 1894">
    <p class='ocr_par' dir='ltr' id='par_1_47' title="bbox 2148 1820 3706 1894">
     <span class='ocr_line' id='line_1_47' title="bbox 2148 1820 3706 1894; baseline -0.004 -18"><span class='ocrx_word' id='word_1_339' title='bbox 2148 1824 2302 1894; x_wconf 85' lang='grc' dir='ltr'>παρά</span> <span class='ocrx_word' id='word_1_340' title='bbox 2322 1840 2488 1887; x_wconf 86' lang='grc' dir='ltr'>τινος,</span> <span class='ocrx_word' id='word_1_341' title='bbox 2519 1824 2621 1877; x_wconf 69' lang='grc' dir='ltr'><strong>κᾶν</strong></span> <span class='ocrx_word' id='word_1_342' title='bbox 2649 1841 2707 1875; x_wconf 88' lang='grc' dir='ltr'><strong>τε</strong></span> <span class='ocrx_word' id='word_1_343' title='bbox 2760 1825 2788 1877; x_wconf 86' lang='grc' dir='ltr'>ὁ</span> <span class='ocrx_word' id='word_1_344' title='bbox 2820 1820 3188 1893; x_wconf 85' lang='grc' dir='ltr'>προσαγαγὼν</span> <span class='ocrx_word' id='word_1_345' title='bbox 3245 1821 3388 1874; x_wconf 83' lang='grc' dir='ltr'>αὐτά</span> <span class='ocrx_word' id='word_1_346' title='bbox 3429 1823 3546 1872; x_wconf 84' lang='grc' dir='ltr'>ἐστι</span> <span class='ocrx_word' id='word_1_347' title='bbox 3571 1822 3706 1888; x_wconf 72' lang='grc' dir='ltr'>παρὰ</span> 
     </span>
    </p>
   </div>
   <div class='ocr_carea' id='block_1_48' title="bbox 2144 1912 3705 1987">
    <p class='ocr_par' dir='ltr' id='par_1_48' title="bbox 2144 1912 3705 1987">
     <span class='ocr_line' id='line_1_48' title="bbox 2144 1912 3705 1987; baseline -0.004 -18"><span class='ocrx_word' id='word_1_348' title='bbox 2144 1918 2210 1986; x_wconf 78' lang='grc' dir='ltr'>τῇ</span> <span class='ocrx_word' id='word_1_349' title='bbox 2247 1919 2406 1987; x_wconf 67' lang='grc' dir='ltr'>μονῇ,</span> <span class='ocrx_word' id='word_1_350' title='bbox 2430 1917 2534 1971; x_wconf 73' lang='grc' dir='ltr'>κᾶν</span> <span class='ocrx_word' id='word_1_351' title='bbox 2551 1933 2610 1969; x_wconf 85' lang='grc' dir='ltr'><strong>τε</strong></span> <span class='ocrx_word' id='word_1_352' title='bbox 2642 1915 2735 1968; x_wconf 84' lang='grc' dir='ltr'>καὶ</span> <span class='ocrx_word' id='word_1_353' title='bbox 2771 1916 2866 1984; x_wconf 73' lang='grc' dir='ltr'><strong>μὴ,</strong></span> <span class='ocrx_word' id='word_1_354' title='bbox 2901 1915 3015 1977; x_wconf 82' lang='grc' dir='ltr'><strong>πῶς</strong></span> <span class='ocrx_word' id='word_1_355' title='bbox 3049 1916 3106 1966; x_wconf 82' lang='grc' dir='ltr'>ὲν</span> <span class='ocrx_word' id='word_1_356' title='bbox 3129 1914 3207 1983; x_wconf 85' lang='grc' dir='ltr'>τῷ</span> <span class='ocrx_word' id='word_1_357' title='bbox 3236 1912 3380 1965; x_wconf 86' lang='grc' dir='ltr'>τέλει</span> <span class='ocrx_word' id='word_1_358' title='bbox 3413 1913 3705 1980; x_wconf 84' lang='grc' dir='ltr'>γέγραπται</span> 
     </span>
    </p>
   </div>
   <div class='ocr_carea' id='block_1_49' title="bbox 2143 2003 3705 2078">
    <p class='ocr_par' dir='ltr' id='par_1_49' title="bbox 2143 2003 3705 2078">
     <span class='ocr_line' id='line_1_49' title="bbox 2143 2003 3705 2078; baseline -0.005 -17"><span class='ocrx_word' id='word_1_359' title='bbox 2143 2008 2603 2078; x_wconf 74' lang='grc' dir='ltr'>ἀντιστρέφεσθαι</span> <span class='ocrx_word' id='word_1_360' title='bbox 2633 2010 2792 2072; x_wconf 79' lang='grc' dir='ltr'>αὐτὰ,</span> <span class='ocrx_word' id='word_1_361' title='bbox 2827 2008 2921 2061; x_wconf 77' lang='grc' dir='ltr'><strong>ἐὰν</strong></span> <span class='ocrx_word' id='word_1_362' title='bbox 2948 2006 3009 2070; x_wconf 80' lang='grc' dir='ltr'><strong>ἐξ</strong></span> <span class='ocrx_word' id='word_1_363' title='bbox 3034 2006 3211 2067; x_wconf 75' lang='grc' dir='ltr'>αἰτίας</span> <span class='ocrx_word' id='word_1_364' title='bbox 3246 2003 3346 2056; x_wconf 83' lang='grc' dir='ltr'>τοῦ</span> <span class='ocrx_word' id='word_1_365' title='bbox 3378 2004 3705 2071; x_wconf 81' lang='grc' dir='ltr'>προεστῶτος</span> 
     </span>
    </p>
   </div>
   <div class='ocr_carea' id='block_1_50' title="bbox 2122 2096 3702 2179">
    <p class='ocr_par' dir='ltr' id='par_1_50' title="bbox 2122 2096 3702 2179">
     <span class='ocr_line' id='line_1_50' title="bbox 2122 2096 3702 2179; baseline -0.007 -23"><span class='ocrx_word' id='word_1_366' title='bbox 2122 2103 2174 2179; x_wconf 38' lang='grc' dir='ltr'><strong>,ὁ</strong></span> <span class='ocrx_word' id='word_1_367' title='bbox 2201 2102 2572 2173; x_wconf 82' lang='grc' dir='ltr'>προσαγαγὼν</span> <span class='ocrx_word' id='word_1_368' title='bbox 2617 2101 2795 2154; x_wconf 82' lang='grc' dir='ltr'>ταῦτα</span> <span class='ocrx_word' id='word_1_369' title='bbox 2837 2099 3180 2168; x_wconf 70' lang='grc' dir='ltr'>ἀναχωρήσει</span> <span class='ocrx_word' id='word_1_370' title='bbox 3219 2096 3346 2163; x_wconf 71' lang='grc' dir='ltr'>,ἀπὸ</span> <span class='ocrx_word' id='word_1_371' title='bbox 3397 2098 3498 2164; x_wconf 79' lang='grc' dir='ltr'>τῆς</span> <span class='ocrx_word' id='word_1_372' title='bbox 3534 2097 3702 2163; x_wconf 74' lang='grc' dir='ltr'>μονῆς,</span> 
     </span>
    </p>
   </div>
   <div class='ocr_carea' id='block_1_51' title="bbox 2145 2184 3703 2263">
    <p class='ocr_par' dir='ltr' id='par_1_51' title="bbox 2145 2184 3703 2263">
     <span class='ocr_line' id='line_1_51' title="bbox 2145 2184 3703 2263; baseline -0.008 -16"><span class='ocrx_word' id='word_1_373' title='bbox 2145 2194 2451 2262; x_wconf 78' lang='grc' dir='ltr'>ὀφείλοντος</span> <span class='ocrx_word' id='word_1_374' title='bbox 2488 2184 2697 2263; x_wconf 82' lang='grc' dir='ltr'>μᾶλλον</span> <span class='ocrx_word' id='word_1_375' title='bbox 2728 2192 2825 2245; x_wconf 81' lang='grc' dir='ltr'><strong>τοῦ</strong></span> <span class='ocrx_word' id='word_1_376' title='bbox 2872 2191 3289 2259; x_wconf 82' lang='grc' dir='ltr'><strong>καθηγουμένου</strong></span> <span class='ocrx_word' id='word_1_377' title='bbox 3316 2187 3414 2241; x_wconf 78' lang='grc' dir='ltr'><strong>τοῦ</strong></span> <span class='ocrx_word' id='word_1_378' title='bbox 3469 2187 3703 2239; x_wconf 75' lang='grc' dir='ltr'>ὑπαιτίου</span> 
     </span>
    </p>
   </div>
   <div class='ocr_carea' id='block_1_52' title="bbox 2143 2278 3704 2349">
    <p class='ocr_par' dir='ltr' id='par_1_52' title="bbox 2143 2278 3704 2349">
     <span class='ocr_line' id='line_1_52' title="bbox 2143 2278 3704 2349; baseline -0.006 -10"><span class='ocrx_word' id='word_1_379' title='bbox 2143 2287 2292 2347; x_wconf 81' lang='grc' dir='ltr'>δντος</span> <span class='ocrx_word' id='word_1_380' title='bbox 2313 2286 2629 2339; x_wconf 82' lang='grc' dir='ltr'>εὐθύνεσθαι</span> <span class='ocrx_word' id='word_1_381' title='bbox 2654 2302 2667 2349; x_wconf 90' lang='lat'><strong>;</strong></span> <span class='ocrx_word' id='word_1_382' title='bbox 2688 2285 2902 2348; x_wconf 87' lang='grc' dir='ltr'>Λύσις.</span> <span class='ocrx_word' id='word_1_383' title='bbox 2921 2282 3183 2337; x_wconf 79' lang='grc' dir='ltr'>Ἐνταῦθα</span> <span class='ocrx_word' id='word_1_384' title='bbox 3203 2280 3269 2334; x_wconf 79' lang='grc' dir='ltr'>τὰ</span> <span class='ocrx_word' id='word_1_385' title='bbox 3290 2278 3704 2348; x_wconf 82' lang='grc' dir='ltr'>προσενεχθέντα</span> 
     </span>
    </p>
   </div>
   <div class='ocr_carea' id='block_1_53' title="bbox 2143 2372 3703 2449">
    <p class='ocr_par' dir='ltr' id='par_1_53' title="bbox 2143 2372 3703 2449">
     <span class='ocr_line' id='line_1_53' title="bbox 2143 2372 3703 2449; baseline -0.008 -17"><span class='ocrx_word' id='word_1_386' title='bbox 2143 2378 2221 2449; x_wconf 82' lang='grc' dir='ltr'><strong>τῷ</strong></span> <span class='ocrx_word' id='word_1_387' title='bbox 2246 2376 2363 2446; x_wconf 79' lang='grc' dir='ltr'><strong>Θεῷ</strong></span> <span class='ocrx_word' id='word_1_388' title='bbox 2396 2375 2523 2430; x_wconf 81' lang='grc' dir='ltr'>οθτε</span> <span class='ocrx_word' id='word_1_389' title='bbox 2557 2376 2615 2442; x_wconf 79' lang='grc' dir='ltr'><strong>ἐξ</strong></span> <span class='ocrx_word' id='word_1_390' title='bbox 2645 2376 2809 2447; x_wconf 80' lang='grc' dir='ltr'>ὀρθοῦ</span> <span class='ocrx_word' id='word_1_391' title='bbox 2841 2375 3306 2445; x_wconf 76' lang='grc' dir='ltr'>προσενέχθησαν,</span> <span class='ocrx_word' id='word_1_392' title='bbox 3357 2372 3500 2423; x_wconf 84' lang='grc' dir='ltr'>ὥστε</span> <span class='ocrx_word' id='word_1_393' title='bbox 3530 2373 3590 2421; x_wconf 82' lang='grc' dir='ltr'>ὲκ</span> <span class='ocrx_word' id='word_1_394' title='bbox 3617 2372 3703 2420; x_wconf 65' lang='grc' dir='ltr'><strong>πά.-</strong></span> 
     </span>
    </p>
   </div>
   <div class='ocr_carea' id='block_1_54' title="bbox 2146 2463 3699 2545">
    <p class='ocr_par' dir='ltr' id='par_1_54' title="bbox 2146 2463 3699 2545">
     <span class='ocr_line' id='line_1_54' title="bbox 2146 2463 3699 2545; baseline -0.011 -17"><span class='ocrx_word' id='word_1_395' title='bbox 2146 2492 2245 2545; x_wconf 88' lang='grc' dir='ltr'><strong>σης</strong></span> <span class='ocrx_word' id='word_1_396' title='bbox 2276 2474 2455 2536; x_wconf 78' lang='grc' dir='ltr'>αἰτίας</span> <span class='ocrx_word' id='word_1_397' title='bbox 2479 2472 2814 2541; x_wconf 69' lang='grc' dir='ltr'>ἀναφαίρετα</span> <span class='ocrx_word' id='word_1_398' title='bbox 2844 2465 2985 2523; x_wconf 79' lang='grc' dir='ltr'>εἶναι</span> <span class='ocrx_word' id='word_1_399' title='bbox 3015 2471 3079 2537; x_wconf 83' lang='grc' dir='ltr'>τῇ</span> <span class='ocrx_word' id='word_1_400' title='bbox 3109 2470 3268 2538; x_wconf 80' lang='grc' dir='ltr'>μονῇ,</span> <span class='ocrx_word' id='word_1_401' title='bbox 3290 2466 3417 2519; x_wconf 74' lang='grc' dir='ltr'>οὔτε</span> <span class='ocrx_word' id='word_1_402' title='bbox 3446 2467 3599 2535; x_wconf 73' lang='grc' dir='ltr'>χάριν</span> <span class='ocrx_word' id='word_1_403' title='bbox 3620 2463 3699 2513; x_wconf 75' lang='grc' dir='ltr'><strong>τοῦ</strong></span> 
     </span>
    </p>
   </div>
   <div class='ocr_carea' id='block_1_55' title="bbox 2143 2556 3687 2636">
    <p class='ocr_par' dir='ltr' id='par_1_55' title="bbox 2143 2556 3687 2636">
     <span class='ocr_line' id='line_1_55' title="bbox 2143 2556 3687 2636; baseline -0.01 -16"><span class='ocrx_word' id='word_1_404' title='bbox 2143 2565 2493 2636; x_wconf 74' lang='grc' dir='ltr'>ἀποκαρῆναί</span> <span class='ocrx_word' id='word_1_405' title='bbox 2543 2582 2665 2616; x_wconf 89' lang='grc' dir='ltr'>τινα</span> <span class='ocrx_word' id='word_1_406' title='bbox 2698 2563 2838 2615; x_wconf 83' lang='grc' dir='ltr'>ὥστε</span> <span class='ocrx_word' id='word_1_407' title='bbox 2881 2563 2975 2614; x_wconf 78' lang='grc' dir='ltr'><strong>καὶ</strong></span> <span class='ocrx_word' id='word_1_408' title='bbox 3023 2560 3194 2622; x_wconf 73' lang='grc' dir='ltr'>οὕτως</span> <span class='ocrx_word' id='word_1_409' title='bbox 3253 2557 3400 2612; x_wconf 83' lang='grc' dir='ltr'>εἶναι</span> <span class='ocrx_word' id='word_1_410' title='bbox 3452 2558 3596 2624; x_wconf 83' lang='grc' dir='ltr'><strong>παρὰ</strong></span> <span class='ocrx_word' id='word_1_411' title='bbox 3632 2556 3687 2621; x_wconf 83' lang='grc' dir='ltr'>τῇ</span> 
     </span>
    </p>
   </div>
   <div class='ocr_carea' id='block_1_56' title="bbox 2148 2644 3699 2726">
    <p class='ocr_par' dir='ltr' id='par_1_56' title="bbox 2148 2644 3699 2726">
     <span class='ocr_line' id='line_1_56' title="bbox 2148 2644 3699 2726; baseline -0.021 0"><span class='ocrx_word' id='word_1_412' title='bbox 2148 2659 2283 2726; x_wconf 53' lang='lat' dir='ltr'><strong>FW?)</strong></span> <span class='ocrx_word' id='word_1_413' title='bbox 2318 2656 2461 2707; x_wconf 79' lang='grc' dir='ltr'>κατά</span> <span class='ocrx_word' id='word_1_414' title='bbox 2490 2657 2675 2706; x_wconf 74' lang='grc' dir='ltr'>πᾶσαν</span> <span class='ocrx_word' id='word_1_415' title='bbox 2704 2654 3001 2721; x_wconf 80' lang='grc' dir='ltr'>πρόφασιν,</span> <span class='ocrx_word' id='word_1_416' title='bbox 3036 2650 3177 2704; x_wconf 84' lang='grc' dir='ltr'>κατὰ</span> <span class='ocrx_word' id='word_1_417' title='bbox 3210 2650 3301 2702; x_wconf 82' lang='grc' dir='ltr'>τὸν</span> <span class='ocrx_word' id='word_1_418' title='bbox 3324 2649 3494 2717; x_wconf 88' lang='grc' dir='ltr'>νόμον</span> <span class='ocrx_word' id='word_1_419' title='bbox 3524 2644 3699 2698; x_wconf 72' lang='grc' dir='ltr'>τὸνλέ-</span> 
     </span>
    </p>
   </div>
   <div class='ocr_carea' id='block_1_57' title="bbox 2142 2736 3699 2817">
    <p class='ocr_par' dir='ltr' id='par_1_57' title="bbox 2142 2736 3699 2817">
     <span class='ocr_line' id='line_1_57' title="bbox 2142 2736 3699 2817; baseline -0.011 -15"><span class='ocrx_word' id='word_1_420' title='bbox 2142 2764 2329 2817; x_wconf 85' lang='grc' dir='ltr'>γοντα·</span> <span class='ocrx_word' id='word_1_421' title='bbox 2363 2748 2445 2800; x_wconf 77' lang='grc' dir='ltr'><strong>Τὰ</strong></span> <span class='ocrx_word' id='word_1_422' title='bbox 2474 2747 2566 2798; x_wconf 79' lang='grc' dir='ltr'>ἐπὶ</span> <span class='ocrx_word' id='word_1_423' title='bbox 2597 2746 2685 2816; x_wconf 80' lang='grc' dir='ltr'>ἴσῃ</span> <span class='ocrx_word' id='word_1_424' title='bbox 2718 2745 2866 2813; x_wconf 75' lang='grc' dir='ltr'>αἰτίᾳ</span> <span class='ocrx_word' id='word_1_425' title='bbox 2888 2743 2980 2796; x_wconf 81' lang='grc' dir='ltr'>τοῦ</span> <span class='ocrx_word' id='word_1_426' title='bbox 3007 2744 3238 2803; x_wconf 82' lang='grc' dir='ltr'>διδόντος</span> <span class='ocrx_word' id='word_1_427' title='bbox 3265 2742 3363 2794; x_wconf 74' lang='grc' dir='ltr'>καὶ</span> <span class='ocrx_word' id='word_1_428' title='bbox 3386 2740 3478 2793; x_wconf 72' lang='grc' dir='ltr'><strong>τοῦ</strong></span> <span class='ocrx_word' id='word_1_429' title='bbox 3510 2736 3699 2804; x_wconf 51' lang='lat'><strong>141365:-</strong></span> 
     </span>
    </p>
   </div>
   <div class='ocr_carea' id='block_1_58' title="bbox 2142 2831 3696 2904">
    <p class='ocr_par' dir='ltr' id='par_1_58' title="bbox 2142 2831 3696 2904">
     <span class='ocr_line' id='line_1_58' title="bbox 2142 2831 3696 2904; baseline -0.008 -15"><span class='ocrx_word' id='word_1_430' title='bbox 2142 2854 2323 2898; x_wconf 80' lang='grc' dir='ltr'>νοντος</span> <span class='ocrx_word' id='word_1_431' title='bbox 2349 2836 2574 2889; x_wconf 80' lang='grc' dir='ltr'>δοθέντα</span> <span class='ocrx_word' id='word_1_432' title='bbox 2624 2836 2683 2887; x_wconf 74' lang='grc' dir='ltr'>οὐ</span> <span class='ocrx_word' id='word_1_433' title='bbox 2732 2833 3202 2904; x_wconf 81' lang='grc' dir='ltr'>ρεπετιτεύονται·</span> <span class='ocrx_word' id='word_1_434' title='bbox 3235 2831 3375 2883; x_wconf 75' lang='grc' dir='ltr'>ἀλλὰ</span> <span class='ocrx_word' id='word_1_435' title='bbox 3413 2832 3476 2897; x_wconf 78' lang='grc' dir='ltr'>τῇ</span> <span class='ocrx_word' id='word_1_436' title='bbox 3515 2845 3696 2896; x_wconf 64' lang='grc' dir='ltr'>προσα-</span> 
     </span>
    </p>
   </div>
   <div class='ocr_carea' id='block_1_59' title="bbox 2143 2920 3693 3000">
    <p class='ocr_par' dir='ltr' id='par_1_59' title="bbox 2143 2920 3693 3000">
     <span class='ocr_line' id='line_1_59' title="bbox 2143 2920 3693 3000; baseline -0.009 -16"><span class='ocrx_word' id='word_1_437' title='bbox 2143 2935 2294 3000; x_wconf 76' lang='grc' dir='ltr'>γωγῇ</span> <span class='ocrx_word' id='word_1_438' title='bbox 2321 2933 2385 2997; x_wconf 81' lang='grc' dir='ltr'>τῇ</span> <span class='ocrx_word' id='word_1_439' title='bbox 2416 2930 2556 2981; x_wconf 84' lang='grc' dir='ltr'><strong>κατὰ</strong></span> <span class='ocrx_word' id='word_1_440' title='bbox 2577 2929 2711 2981; x_wconf 80' lang='grc' dir='ltr'>Θεὸν</span> <span class='ocrx_word' id='word_1_441' title='bbox 2740 2926 2969 2994; x_wconf 80' lang='grc' dir='ltr'>ἐπετέθη</span> <span class='ocrx_word' id='word_1_442' title='bbox 2998 2924 3182 2994; x_wconf 75' lang='grc' dir='ltr'>βάρος,</span> <span class='ocrx_word' id='word_1_443' title='bbox 3213 2921 3324 2976; x_wconf 74' lang='grc' dir='ltr'>οἷον</span> <span class='ocrx_word' id='word_1_444' title='bbox 3349 2925 3383 2990; x_wconf 83' lang='grc' dir='ltr'>ἡ</span> <span class='ocrx_word' id='word_1_445' title='bbox 3421 2920 3515 2973; x_wconf 83' lang='grc' dir='ltr'><strong>τοῦ</strong></span> <span class='ocrx_word' id='word_1_446' title='bbox 3546 2934 3693 2988; x_wconf 80' lang='grc' dir='ltr'>πρε·</span> 
     </span>
    </p>
   </div>
   <div class='ocr_carea' id='block_1_60' title="bbox 2142 3006 3694 3091">
    <p class='ocr_par' dir='ltr' id='par_1_60' title="bbox 2142 3006 3694 3091">
     <span class='ocr_line' id='line_1_60' title="bbox 2142 3006 3694 3091; baseline -0.011 -14"><span class='ocrx_word' id='word_1_447' title='bbox 2142 3025 2443 3091; x_wconf 80' lang='grc' dir='ltr'>αγαγόντος</span> <span class='ocrx_word' id='word_1_448' title='bbox 2483 3025 2564 3085; x_wconf 81' lang='grc' dir='ltr'><strong>εἰς</strong></span> <span class='ocrx_word' id='word_1_449' title='bbox 2595 3019 3049 3088; x_wconf 82' lang='grc' dir='ltr'>τὸομοναστήριον</span> <span class='ocrx_word' id='word_1_450' title='bbox 3081 3019 3334 3085; x_wconf 80' lang='grc' dir='ltr'>ἄσκησις.</span> <span class='ocrx_word' id='word_1_451' title='bbox 3377 3015 3439 3067; x_wconf 77' lang='grc' dir='ltr'><strong>Εἰ</strong></span> <span class='ocrx_word' id='word_1_452' title='bbox 3476 3013 3572 3082; x_wconf 80' lang='grc' dir='ltr'><strong>μὲν</strong></span> <span class='ocrx_word' id='word_1_453' title='bbox 3613 3006 3694 3062; x_wconf 74' lang='grc' dir='ltr'><strong>οὖν</strong></span> 
     </span>
    </p>
   </div>
   <div class='ocr_carea' id='block_1_61' title="bbox 2143 3103 3695 3183">
    <p class='ocr_par' dir='ltr' id='par_1_61' title="bbox 2143 3103 3695 3183">
     <span class='ocr_line' id='line_1_61' title="bbox 2143 3103 3695 3183; baseline -0.01 -13"><span class='ocrx_word' id='word_1_454' title='bbox 2143 3116 2489 3178; x_wconf 81' lang='grc' dir='ltr'>οἶκειοθελῶς</span> <span class='ocrx_word' id='word_1_455' title='bbox 2520 3113 2866 3183; x_wconf 79' lang='grc' dir='ltr'>ὑποχωρήσει</span> <span class='ocrx_word' id='word_1_456' title='bbox 2889 3113 2952 3163; x_wconf 78' lang='grc' dir='ltr'>ἐκ</span> <span class='ocrx_word' id='word_1_457' title='bbox 2990 3110 3087 3179; x_wconf 80' lang='grc' dir='ltr'>τῆς</span> <span class='ocrx_word' id='word_1_458' title='bbox 3123 3107 3291 3176; x_wconf 82' lang='grc' dir='ltr'>μονῆς</span> <span class='ocrx_word' id='word_1_459' title='bbox 3315 3109 3343 3160; x_wconf 88' lang='grc' dir='ltr'>ὁ</span> <span class='ocrx_word' id='word_1_460' title='bbox 3370 3107 3542 3159; x_wconf 79' lang='grc' dir='ltr'>ταῦτα</span> <span class='ocrx_word' id='word_1_461' title='bbox 3571 3103 3695 3165; x_wconf 75' lang='grc' dir='ltr'>δοὺς,</span> 
     </span>
    </p>
   </div>
   <div class='ocr_carea' id='block_1_62' title="bbox 474 3196 2042 3279">
    <p class='ocr_par' dir='ltr' id='par_1_62' title="bbox 474 3202 2035 3276">
     <span class='ocr_line' id='line_1_62' title="bbox 474 3202 2035 3276; baseline 0.006 -23"><span class='ocrx_word' id='word_1_462' title='bbox 474 3216 616 3255; x_wconf 88' lang='lat' dir='ltr'><strong>onus</strong></span> <span class='ocrx_word' id='word_1_463' title='bbox 642 3211 726 3257; x_wconf 90' lang='lat' dir='ltr'><strong>est</strong></span> <span class='ocrx_word' id='word_1_464' title='bbox 769 3202 1107 3273; x_wconf 90' lang='lat' dir='ltr'><strong>impositum,</strong></span> <span class='ocrx_word' id='word_1_465' title='bbox 1143 3220 1343 3276; x_wconf 89' lang='lat' dir='ltr'><strong>nempe</strong></span> <span class='ocrx_word' id='word_1_466' title='bbox 1389 3207 1509 3275; x_wconf 85' lang='lat' dir='ltr'><strong>ejus</strong></span> <span class='ocrx_word' id='word_1_467' title='bbox 1552 3209 1642 3276; x_wconf 89' lang='lat' dir='ltr'><strong>qui</strong></span> <span class='ocrx_word' id='word_1_468' title='bbox 1698 3209 2035 3263; x_wconf 88' lang='lat' dir='ltr'><strong>monasterio</strong></span> 
     </span>
    </p>
   </div>
   <div class='ocr_carea' id='block_1_63' title="bbox 2145 3196 3692 3279">
    <p class='ocr_par' dir='ltr' id='par_1_63' title="bbox 2145 3196 3692 3276">
     <span class='ocr_line' id='line_1_63' title="bbox 2145 3196 3692 3276; baseline -0.012 -12"><span class='ocrx_word' id='word_1_469' title='bbox 2145 3208 2294 3264; x_wconf 79' lang='grc' dir='ltr'>οὐδέν</span> <span class='ocrx_word' id='word_1_470' title='bbox 2322 3226 2373 3260; x_wconf 86' lang='grc' dir='ltr'><strong>τι</strong></span> <span class='ocrx_word' id='word_1_471' title='bbox 2395 3207 2571 3276; x_wconf 84' lang='grc' dir='ltr'>τούτῳ</span> <span class='ocrx_word' id='word_1_472' title='bbox 2594 3204 3091 3274; x_wconf 72' lang='grc' dir='ltr'>ἀντιστραφήσεται</span> <span class='ocrx_word' id='word_1_473' title='bbox 3113 3201 3200 3254; x_wconf 81' lang='grc' dir='ltr'>διὰ</span> <span class='ocrx_word' id='word_1_474' title='bbox 3216 3202 3282 3253; x_wconf 77' lang='grc' dir='ltr'>τὰ</span> <span class='ocrx_word' id='word_1_475' title='bbox 3307 3196 3692 3269; x_wconf 77' lang='grc' dir='ltr'>προρρηθέντα·</span> 
     </span>
    </p>
   </div>
   <div class='ocr_carea' id='block_1_64' title="bbox 474 3292 2041 3367">
    <p class='ocr_par' dir='ltr' id='par_1_64' title="bbox 474 3292 2041 3367">
     <span class='ocr_line' id='line_1_64' title="bbox 474 3292 2041 3367; baseline 0.006 -24"><span class='ocrx_word' id='word_1_476' title='bbox 474 3308 535 3344; x_wconf 86' lang='lat' dir='ltr'><strong>ea</strong></span> <span class='ocrx_word' id='word_1_477' title='bbox 571 3292 771 3348; x_wconf 82' lang='lat' dir='ltr'><strong>obtulit</strong></span> <span class='ocrx_word' id='word_1_478' title='bbox 802 3297 1144 3350; x_wconf 81' lang='lat' dir='ltr'><strong>exercitatio.</strong></span> <span class='ocrx_word' id='word_1_479' title='bbox 1183 3297 1240 3351; x_wconf 91' lang='lat' dir='ltr'><strong>Si</strong></span> <span class='ocrx_word' id='word_1_480' title='bbox 1275 3313 1406 3365; x_wconf 83' lang='lat' dir='ltr'><strong>ergo</strong></span> <span class='ocrx_word' id='word_1_481' title='bbox 1443 3299 1537 3367; x_wconf 87' lang='lat' dir='ltr'><strong>qui</strong></span> <span class='ocrx_word' id='word_1_482' title='bbox 1572 3314 1635 3352; x_wconf 85' lang='lat' dir='ltr'><strong>ea</strong></span> <span class='ocrx_word' id='word_1_483' title='bbox 1682 3299 1888 3354; x_wconf 85' lang='lat' dir='ltr'><strong>dedita</strong></span> <span class='ocrx_word' id='word_1_484' title='bbox 1923 3315 2041 3353; x_wconf 91' lang='lat' dir='ltr'><strong>mo-</strong></span> 
     </span>
    </p>
   </div>
   <div class='ocr_carea' id='block_1_65' title="bbox 475 3385 2043 3459">
    <p class='ocr_par' dir='ltr' id='par_1_65' title="bbox 475 3385 2043 3459">
     <span class='ocr_line' id='line_1_65' title="bbox 475 3385 2043 3459; baseline 0.004 -21"><span class='ocrx_word' id='word_1_485' title='bbox 475 3385 722 3441; x_wconf 86' lang='lat' dir='ltr'><strong>nasterio</strong></span> <span class='ocrx_word' id='word_1_486' title='bbox 753 3401 854 3441; x_wconf 86' lang='lat' dir='ltr'><strong>sua</strong></span> <span class='ocrx_word' id='word_1_487' title='bbox 886 3396 1086 3459; x_wconf 89' lang='lat' dir='ltr'><strong>sponte</strong></span> <span class='ocrx_word' id='word_1_488' title='bbox 1117 3389 1472 3453; x_wconf 83' lang='lat' dir='ltr'><strong>abscesserit,</strong></span> <span class='ocrx_word' id='word_1_489' title='bbox 1506 3391 1645 3443; x_wconf 85' lang='lat' dir='ltr'><strong>nihil</strong></span> <span class='ocrx_word' id='word_1_490' title='bbox 1692 3391 1743 3444; x_wconf 86' lang='lat' dir='ltr'><strong>ei</strong></span> <span class='ocrx_word' id='word_1_491' title='bbox 1783 3391 2043 3446; x_wconf 90' lang='lat' dir='ltr'><strong>restitue-</strong></span> 
     </span>
    </p>
   </div>
   <div class='ocr_carea' id='block_1_66' title="bbox 475 3480 2037 3549">
    <p class='ocr_par' dir='ltr' id='par_1_66' title="bbox 475 3480 2037 3549">
     <span class='ocr_line' id='line_1_66' title="bbox 475 3480 2037 3549; baseline 0.004 -20"><span class='ocrx_word' id='word_1_492' title='bbox 475 3484 563 3531; x_wconf 85' lang='lat' dir='ltr'><strong>tur</strong></span> <span class='ocrx_word' id='word_1_493' title='bbox 598 3487 822 3547; x_wconf 78' lang='lat' dir='ltr'><strong>propter</strong></span> <span class='ocrx_word' id='word_1_494' title='bbox 856 3494 920 3533; x_wconf 81' lang='lat' dir='ltr'><strong>ea</strong></span> <span class='ocrx_word' id='word_1_495' title='bbox 966 3494 1088 3548; x_wconf 70' lang='lat' dir='ltr'><strong>qua:</strong></span> <span class='ocrx_word' id='word_1_496' title='bbox 1137 3494 1302 3549; x_wconf 88' lang='lat' dir='ltr'><strong>supra</strong></span> <span class='ocrx_word' id='word_1_497' title='bbox 1348 3480 1509 3541; x_wconf 22' lang='lat' dir='ltr'><strong>dicta,</strong></span> <span class='ocrx_word' id='word_1_498' title='bbox 1555 3491 1729 3537; x_wconf 89' lang='lat' dir='ltr'><strong>sunt:</strong></span> <span class='ocrx_word' id='word_1_499' title='bbox 1764 3483 1809 3536; x_wconf 91' lang='lat' dir='ltr'><strong>si</strong></span> <span class='ocrx_word' id='word_1_500' title='bbox 1857 3491 2037 3537; x_wconf 76' lang='lat' dir='ltr'><strong>autem</strong></span> 
     </span>
    </p>
   </div>
   <div class='ocr_carea' id='block_1_67' title="bbox 475 3569 2040 3639">
    <p class='ocr_par' dir='ltr' id='par_1_67' title="bbox 475 3569 2040 3639">
     <span class='ocr_line' id='line_1_67' title="bbox 475 3569 2040 3639; baseline 0.005 -19"><span class='ocrx_word' id='word_1_501' title='bbox 475 3569 798 3625; x_wconf 80' lang='lat' dir='ltr'><strong>monasterii</strong></span> <span class='ocrx_word' id='word_1_502' title='bbox 835 3570 1077 3639; x_wconf 66' lang='lat' dir='ltr'><strong>praefecti</strong></span> <span class='ocrx_word' id='word_1_503' title='bbox 1122 3573 1282 3639; x_wconf 89' lang='lat' dir='ltr'><strong>culpa</strong></span> <span class='ocrx_word' id='word_1_504' title='bbox 1335 3574 1649 3639; x_wconf 86' lang='lat' dir='ltr'><strong>recesserit,</strong></span> <span class='ocrx_word' id='word_1_505' title='bbox 1700 3577 1924 3629; x_wconf 91' lang='lat' dir='ltr'><strong>omnino</strong></span> <span class='ocrx_word' id='word_1_506' title='bbox 1972 3574 2040 3628; x_wconf 88' lang='lat' dir='ltr'><strong>ad</strong></span> 
     </span>
    </p>
   </div>
   <div class='ocr_carea' id='block_1_68' title="bbox 473 3664 2041 3735">
    <p class='ocr_par' dir='ltr' id='par_1_68' title="bbox 473 3664 2041 3735">
     <span class='ocr_line' id='line_1_68' title="bbox 473 3664 2041 3735; baseline 0.004 -21"><span class='ocrx_word' id='word_1_507' title='bbox 473 3675 600 3715; x_wconf 83' lang='lat' dir='ltr'><strong>eum</strong></span> <span class='ocrx_word' id='word_1_508' title='bbox 636 3669 983 3721; x_wconf 81' lang='lat' dir='ltr'><strong>revertentur</strong></span> <span class='ocrx_word' id='word_1_509' title='bbox 1016 3678 1137 3731; x_wconf 70' lang='lat' dir='ltr'><strong>quae</strong></span> <span class='ocrx_word' id='word_1_510' title='bbox 1165 3664 1289 3730; x_wconf 75' lang='lat' dir='ltr'><strong>data</strong></span> <span class='ocrx_word' id='word_1_511' title='bbox 1332 3678 1483 3727; x_wconf 83' lang='lat' dir='ltr'><strong>sunt,</strong></span> <span class='ocrx_word' id='word_1_512' title='bbox 1519 3675 1577 3719; x_wconf 89' lang='lat' dir='ltr'><strong>ut</strong></span> <span class='ocrx_word' id='word_1_513' title='bbox 1614 3669 1728 3733; x_wconf 89' lang='lat' dir='ltr'><strong>ipse</strong></span> <span class='ocrx_word' id='word_1_514' title='bbox 1775 3667 1933 3735; x_wconf 79' lang='lat' dir='ltr'><strong>degat</strong></span> <span class='ocrx_word' id='word_1_515' title='bbox 1983 3667 2041 3721; x_wconf 90' lang='lat' dir='ltr'><strong>in</strong></span> 
     </span>
    </p>
   </div>
   <div class='ocr_carea' id='block_1_69' title="bbox 477 3752 2042 3817">
    <p class='ocr_par' dir='ltr' id='par_1_69' title="bbox 477 3752 2042 3817">
     <span class='ocr_line' id='line_1_69' title="bbox 477 3752 2042 3817; baseline 0.006 -14"><span class='ocrx_word' id='word_1_516' title='bbox 477 3752 837 3806; x_wconf 66' lang='grc' dir='ltr'>ιιιοιιαειοιίο.</span> <span class='ocrx_word' id='word_1_517' title='bbox 873 3752 1014 3817; x_wconf 85' lang='lat' dir='ltr'><strong>Quia</strong></span> <span class='ocrx_word' id='word_1_518' title='bbox 1058 3764 1238 3808; x_wconf 87' lang='lat' dir='ltr'><strong>autem</strong></span> <span class='ocrx_word' id='word_1_519' title='bbox 1280 3756 1349 3809; x_wconf 90' lang='lat' dir='ltr'><strong>de</strong></span> <span class='ocrx_word' id='word_1_520' title='bbox 1394 3756 1767 3812; x_wconf 84' lang='lat' dir='ltr'><strong>oblationibus</strong></span> <span class='ocrx_word' id='word_1_521' title='bbox 1814 3766 1868 3811; x_wconf 89' lang='lat' dir='ltr'><strong>et</strong></span> <span class='ocrx_word' id='word_1_522' title='bbox 1920 3757 2042 3812; x_wconf 84' lang='lat' dir='ltr'><strong>aliis</strong></span> 
     </span>
    </p>
   </div>
   <div class='ocr_carea' id='block_1_70' title="bbox 471 3841 2040 3912">
    <p class='ocr_par' dir='ltr' id='par_1_70' title="bbox 471 3841 2040 3912">
     <span class='ocr_line' id='line_1_70' title="bbox 471 3841 2040 3912; baseline 0.006 -16"><span class='ocrx_word' id='word_1_523' title='bbox 471 3841 863 3897; x_wconf 67' lang='lat' dir='ltr'><strong>ecclesiasticis</strong></span> <span class='ocrx_word' id='word_1_524' title='bbox 884 3842 1104 3912; x_wconf 88' lang='lat' dir='ltr'><strong>juribns</strong></span> <span class='ocrx_word' id='word_1_525' title='bbox 1136 3847 1338 3902; x_wconf 90' lang='lat' dir='ltr'><strong>emissa</strong></span> <span class='ocrx_word' id='word_1_526' title='bbox 1387 3856 1469 3902; x_wconf 87' lang='lat' dir='ltr'><strong>est</strong></span> <span class='ocrx_word' id='word_1_527' title='bbox 1513 3852 1838 3903; x_wconf 83' lang='lat' dir='ltr'><strong>constitutio</strong></span> <span class='ocrx_word' id='word_1_528' title='bbox 1889 3851 2040 3905; x_wconf 91' lang='lat' dir='ltr'><strong>illius</strong></span> 
     </span>
    </p>
   </div>
   <div class='ocr_carea' id='block_1_71' title="bbox 476 3935 2038 4005">
    <p class='ocr_par' dir='ltr' id='par_1_71' title="bbox 476 3935 2038 4005">
     <span class='ocr_line' id='line_1_71' title="bbox 476 3935 2038 4005; baseline 0.005 -15"><span class='ocrx_word' id='word_1_529' title='bbox 476 3935 667 4005; x_wconf 81' lang='lat' dir='ltr'><strong>inclyti</strong></span> <span class='ocrx_word' id='word_1_530' title='bbox 720 3935 1067 4005; x_wconf 84' lang='lat' dir='ltr'><strong>imperatoris</strong></span> <span class='ocrx_word' id='word_1_531' title='bbox 1119 3939 1325 3992; x_wconf 87' lang='lat' dir='ltr'><strong>domini</strong></span> <span class='ocrx_word' id='word_1_532' title='bbox 1385 3942 1562 3994; x_wconf 78' lang='lat' dir='ltr'><strong>Alexii</strong></span> <span class='ocrx_word' id='word_1_533' title='bbox 1615 3942 1907 4004; x_wconf 85' lang='lat' dir='ltr'><strong>Comneni,</strong></span> <span class='ocrx_word' id='word_1_534' title='bbox 1970 3945 2038 3998; x_wconf 88' lang='lat' dir='ltr'><strong>ad</strong></span> 
     </span>
    </p>
   </div>
   <div class='ocr_carea' id='block_1_72' title="bbox 476 4029 2038 4103">
    <p class='ocr_par' dir='ltr' id='par_1_72' title="bbox 476 4029 2038 4103">
     <span class='ocr_line' id='line_1_72' title="bbox 476 4029 2038 4103; baseline 0.004 -19"><span class='ocrx_word' id='word_1_535' title='bbox 476 4029 886 4098; x_wconf 73' lang='lat' dir='ltr'><strong>suggestionem</strong></span> <span class='ocrx_word' id='word_1_536' title='bbox 927 4032 1291 4099; x_wconf 85' lang='lat' dir='ltr'><strong>quorumdam</strong></span> <span class='ocrx_word' id='word_1_537' title='bbox 1319 4033 1698 4097; x_wconf 82' lang='lat' dir='ltr'><strong>diacuuorum,</strong></span> <span class='ocrx_word' id='word_1_538' title='bbox 1720 4037 1813 4103; x_wconf 91' lang='lat' dir='ltr'><strong>qui</strong></span> <span class='ocrx_word' id='word_1_539' title='bbox 1850 4052 2038 4092; x_wconf 80' lang='lat' dir='ltr'><strong>curam</strong></span> 
     </span>
    </p>
   </div>
   <div class='ocr_carea' id='block_1_73' title="bbox 476 4121 2041 4195">
    <p class='ocr_par' dir='ltr' id='par_1_73' title="bbox 476 4121 2041 4195">
     <span class='ocr_line' id='line_1_73' title="bbox 476 4121 2041 4195; baseline 0.005 -19"><span class='ocrx_word' id='word_1_540' title='bbox 476 4121 927 4191; x_wconf 83' lang='lat' dir='ltr'><strong>patriarchalium</strong></span> <span class='ocrx_word' id='word_1_541' title='bbox 968 4126 1432 4179; x_wconf 85' lang='lat' dir='ltr'><strong>monasteriorum</strong></span> <span class='ocrx_word' id='word_1_542' title='bbox 1465 4140 1495 4178; x_wconf 82' lang='lat' dir='ltr'><strong>a</strong></span> <span class='ocrx_word' id='word_1_543' title='bbox 1529 4128 1882 4195; x_wconf 82' lang='lat' dir='ltr'><strong>patriarchali</strong></span> <span class='ocrx_word' id='word_1_544' title='bbox 1922 4145 2041 4184; x_wconf 85' lang='lat' dir='ltr'><strong>ma-</strong></span> 
     </span>
    </p>
   </div>
   <div class='ocr_carea' id='block_1_74' title="bbox 475 4214 2041 4293">
    <p class='ocr_par' dir='ltr' id='par_1_74' title="bbox 475 4214 2041 4293">
     <span class='ocr_line' id='line_1_74' title="bbox 475 4214 2041 4293; baseline 0.006 -26"><span class='ocrx_word' id='word_1_545' title='bbox 475 4214 786 4281; x_wconf 65' lang='lat' dir='ltr'><strong>gniﬁcentia</strong></span> <span class='ocrx_word' id='word_1_546' title='bbox 823 4224 954 4269; x_wconf 91' lang='lat' dir='ltr'><strong>tunc</strong></span> <span class='ocrx_word' id='word_1_547' title='bbox 986 4227 1363 4286; x_wconf 86' lang='lat' dir='ltr'><strong>susceperant,</strong></span> <span class='ocrx_word' id='word_1_548' title='bbox 1391 4235 1511 4288; x_wconf 66' lang='lat' dir='ltr'><strong>qua:</strong></span> <span class='ocrx_word' id='word_1_549' title='bbox 1542 4220 1753 4286; x_wconf 60' lang='lat' dir='ltr'><strong>datum,</strong></span> <span class='ocrx_word' id='word_1_550' title='bbox 1782 4233 1840 4276; x_wconf 88' lang='grc' dir='ltr'><strong>ιιι</strong></span> <span class='ocrx_word' id='word_1_551' title='bbox 1878 4225 2041 4293; x_wconf 81' lang='lat' dir='ltr'><strong>vulgo</strong></span> 
     </span>
    </p>
   </div>
   <div class='ocr_carea' id='block_1_75' title="bbox 477 4307 2041 4382">
    <p class='ocr_par' dir='ltr' id='par_1_75' title="bbox 477 4307 2041 4382">
     <span class='ocr_line' id='line_1_75' title="bbox 477 4307 2041 4382; baseline 0.006 -24"><span class='ocrx_word' id='word_1_552' title='bbox 477 4310 693 4371; x_wconf 77' lang='lat' dir='ltr'><strong>dicunt,</strong></span> <span class='ocrx_word' id='word_1_553' title='bbox 725 4307 981 4373; x_wconf 86' lang='lat' dir='ltr'><strong>habebat,</strong></span> <span class='ocrx_word' id='word_1_554' title='bbox 1038 4308 1391 4366; x_wconf 86' lang='lat' dir='ltr'><strong>Decembrem</strong></span> <span class='ocrx_word' id='word_1_555' title='bbox 1436 4327 1675 4367; x_wconf 82' lang='lat' dir='ltr'><strong>mensem</strong></span> <span class='ocrx_word' id='word_1_556' title='bbox 1709 4316 1913 4382; x_wconf 74' lang='lat' dir='ltr'><strong>quinta:</strong></span> <span class='ocrx_word' id='word_1_557' title='bbox 1957 4315 2041 4368; x_wconf 89' lang='lat' dir='ltr'><strong>in-</strong></span> 
     </span>
    </p>
   </div>
   <div class='ocr_carea' id='block_1_76' title="bbox 479 4401 2043 4464">
    <p class='ocr_par' dir='ltr' id='par_1_76' title="bbox 479 4401 2043 4464">
     <span class='ocr_line' id='line_1_76' title="bbox 479 4401 2043 4464; baseline 0.008 -14"><span class='ocrx_word' id='word_1_558' title='bbox 479 4402 755 4464; x_wconf 75' lang='lat' dir='ltr'><strong>dictionis,</strong></span> <span class='ocrx_word' id='word_1_559' title='bbox 786 4401 952 4458; x_wconf 89' lang='lat' dir='ltr'><strong>debet</strong></span> <span class='ocrx_word' id='word_1_560' title='bbox 989 4405 1135 4459; x_wconf 88' lang='lat' dir='ltr'><strong>scire</strong></span> <span class='ocrx_word' id='word_1_561' title='bbox 1183 4421 1304 4459; x_wconf 86' lang='lat' dir='ltr'><strong>eam</strong></span> <span class='ocrx_word' id='word_1_562' title='bbox 1340 4406 1454 4461; x_wconf 80' lang='lat' dir='ltr'><strong>Inec</strong></span> <span class='ocrx_word' id='word_1_563' title='bbox 1478 4408 1544 4461; x_wconf 82' lang='lat' dir='ltr'><strong>ad</strong></span> <span class='ocrx_word' id='word_1_564' title='bbox 1583 4410 1807 4461; x_wconf 84' lang='lat' dir='ltr'><strong>verbum</strong></span> <span class='ocrx_word' id='word_1_565' title='bbox 1860 4410 2043 4464; x_wconf 89' lang='lat' dir='ltr'><strong>conti-</strong></span> 
     </span>
    </p>
   </div>
   <div class='ocr_carea' id='block_1_77' title="bbox 480 4498 2038 4564">
    <p class='ocr_par' dir='ltr' id='par_1_77' title="bbox 480 4498 2038 4564">
     <span class='ocr_line' id='line_1_77' title="bbox 480 4498 2038 4564; baseline 0.006 -20"><span class='ocrx_word' id='word_1_566' title='bbox 480 4508 609 4551; x_wconf 79' lang='lat' dir='ltr'><strong>nere</strong></span> <span class='ocrx_word' id='word_1_567' title='bbox 664 4505 879 4564; x_wconf 86' lang='lat' dir='ltr'><strong>oportet</strong></span> <span class='ocrx_word' id='word_1_568' title='bbox 940 4514 955 4551; x_wconf 92' lang='lat'><strong>:</strong></span> <span class='ocrx_word' id='word_1_569' title='bbox 1016 4498 1464 4552; x_wconf 61' lang='lat' dir='ltr'><strong>Observationum</strong></span> <span class='ocrx_word' id='word_1_570' title='bbox 1532 4508 1585 4551; x_wconf 85' lang='lat' dir='ltr'><strong>et</strong></span> <span class='ocrx_word' id='word_1_571' title='bbox 1643 4503 2038 4555; x_wconf 77' lang='lat' dir='ltr'><strong>cerreatiouem</strong></span> 
     </span>
    </p>
   </div>
   <div class='ocr_carea' id='block_1_78' title="bbox 2143 3288 3694 3366">
    <p class='ocr_par' dir='ltr' id='par_1_78' title="bbox 2143 3288 3694 3366">
     <span class='ocr_line' id='line_1_78' title="bbox 2143 3288 3694 3366; baseline -0.011 -11"><span class='ocrx_word' id='word_1_572' title='bbox 2143 3304 2193 3355; x_wconf 80' lang='grc' dir='ltr'><strong>εί</strong></span> <span class='ocrx_word' id='word_1_573' title='bbox 2221 3302 2278 3355; x_wconf 78' lang='grc' dir='ltr'>δὲ</span> <span class='ocrx_word' id='word_1_574' title='bbox 2308 3302 2364 3366; x_wconf 66' lang='grc' dir='ltr'><strong>ἐξ</strong></span> <span class='ocrx_word' id='word_1_575' title='bbox 2403 3299 2579 3362; x_wconf 75' lang='grc' dir='ltr'>αἰτίας</span> <span class='ocrx_word' id='word_1_576' title='bbox 2611 3298 2703 3350; x_wconf 83' lang='grc' dir='ltr'>τοῦ</span> <span class='ocrx_word' id='word_1_577' title='bbox 2738 3293 3154 3364; x_wconf 77' lang='grc' dir='ltr'><strong>καθηγουμένου</strong></span> <span class='ocrx_word' id='word_1_578' title='bbox 3181 3294 3553 3363; x_wconf 83' lang='grc' dir='ltr'>ἀναχωρήσει,</span> <span class='ocrx_word' id='word_1_579' title='bbox 3574 3288 3694 3340; x_wconf 68' lang='grc' dir='ltr'>πάνυ</span> 
     </span>
    </p>
   </div>
   <div class='ocr_carea' id='block_1_79' title="bbox 2142 3379 3723 3459">
    <p class='ocr_par' dir='ltr' id='par_1_79' title="bbox 2142 3379 3723 3459">
     <span class='ocr_line' id='line_1_79' title="bbox 2142 3379 3723 3459; baseline -0.012 -13"><span class='ocrx_word' id='word_1_580' title='bbox 2142 3409 2252 3455; x_wconf 83' lang='grc' dir='ltr'><strong>τως</strong></span> <span class='ocrx_word' id='word_1_581' title='bbox 2301 3392 2803 3459; x_wconf 76' lang='grc' dir='ltr'>ἀντιστραφήσεται</span> <span class='ocrx_word' id='word_1_582' title='bbox 2868 3385 3017 3455; x_wconf 71' lang='grc' dir='ltr'>αὐτῴ</span> <span class='ocrx_word' id='word_1_583' title='bbox 3049 3385 3117 3437; x_wconf 76' lang='grc' dir='ltr'><strong>τὰ</strong></span> <span class='ocrx_word' id='word_1_584' title='bbox 3158 3384 3316 3453; x_wconf 81' lang='grc' dir='ltr'>χάριν</span> <span class='ocrx_word' id='word_1_585' title='bbox 3376 3380 3471 3435; x_wconf 81' lang='grc' dir='ltr'><strong>τοῦ</strong></span> <span class='ocrx_word' id='word_1_586' title='bbox 3509 3379 3723 3445; x_wconf 82' lang='grc' dir='ltr'>διάγειν</span> 
     </span>
    </p>
   </div>
   <div class='ocr_carea' id='block_1_80' title="bbox 2142 3467 3693 3551">
    <p class='ocr_par' dir='ltr' id='par_1_80' title="bbox 2142 3467 3693 3551">
     <span class='ocr_line' id='line_1_80' title="bbox 2142 3467 3693 3551; baseline -0.012 -14"><span class='ocrx_word' id='word_1_587' title='bbox 2142 3484 2334 3538; x_wconf 84' lang='grc' dir='ltr'>τοῦτον</span> <span class='ocrx_word' id='word_1_588' title='bbox 2368 3483 2447 3544; x_wconf 82' lang='grc' dir='ltr'><strong>είς</strong></span> <span class='ocrx_word' id='word_1_589' title='bbox 2480 3482 2579 3551; x_wconf 81' lang='grc' dir='ltr'>τὴν</span> <span class='ocrx_word' id='word_1_590' title='bbox 2616 3479 2785 3550; x_wconf 78' lang='grc' dir='ltr'>μονὴν</span> <span class='ocrx_word' id='word_1_591' title='bbox 2818 3478 3060 3532; x_wconf 83' lang='grc' dir='ltr'>δοθέντα.</span> <span class='ocrx_word' id='word_1_592' title='bbox 3116 3478 3270 3529; x_wconf 66' lang='grc' dir='ltr'>Ἐπεὶ</span> <span class='ocrx_word' id='word_1_593' title='bbox 3313 3475 3374 3529; x_wconf 77' lang='grc' dir='ltr'>δὲ</span> <span class='ocrx_word' id='word_1_594' title='bbox 3424 3474 3581 3543; x_wconf 83' lang='grc' dir='ltr'>χάριν</span> <span class='ocrx_word' id='word_1_595' title='bbox 3612 3467 3693 3521; x_wconf 76' lang='grc' dir='ltr'><strong>τοῦ</strong></span> 
     </span>
    </p>
   </div>
   <div class='ocr_carea' id='block_1_81' title="bbox 2142 3563 3693 3642">
    <p class='ocr_par' dir='ltr' id='par_1_81' title="bbox 2142 3563 3693 3642">
     <span class='ocr_line' id='line_1_81' title="bbox 2142 3563 3693 3642; baseline -0.012 -13"><span class='ocrx_word' id='word_1_596' title='bbox 2142 3577 2252 3631; x_wconf 85' lang='grc' dir='ltr'>τῶν</span> <span class='ocrx_word' id='word_1_597' title='bbox 2274 3574 2644 3642; x_wconf 82' lang='grc' dir='ltr'>προσενέξεων</span> <span class='ocrx_word' id='word_1_598' title='bbox 2664 3575 2759 3627; x_wconf 73' lang='grc' dir='ltr'>καὶ</span> <span class='ocrx_word' id='word_1_599' title='bbox 2780 3574 2867 3626; x_wconf 84' lang='grc' dir='ltr'><strong>ὲτέ</strong></span> <span class='ocrx_word' id='word_1_600' title='bbox 2877 3590 2983 3642; x_wconf 89' lang='grc' dir='ltr'><strong>ρων</strong></span> <span class='ocrx_word' id='word_1_601' title='bbox 3004 3568 3479 3639; x_wconf 82' lang='grc' dir='ltr'>ὲκκλησιαστικῶν</span> <span class='ocrx_word' id='word_1_602' title='bbox 3492 3563 3693 3618; x_wconf 81' lang='grc' dir='ltr'>δικαίων</span> 
     </span>
    </p>
   </div>
   <div class='ocr_carea' id='block_1_82' title="bbox 2144 3649 3691 3737">
    <p class='ocr_par' dir='ltr' id='par_1_82' title="bbox 2144 3649 3691 3737">
     <span class='ocr_line' id='line_1_82' title="bbox 2144 3649 3691 3737; baseline -0.011 -15"><span class='ocrx_word' id='word_1_603' title='bbox 2144 3668 2391 3737; x_wconf 82' lang='grc' dir='ltr'>ἀπελύθη</span> <span class='ocrx_word' id='word_1_604' title='bbox 2454 3666 2752 3736; x_wconf 80' lang='grc' dir='ltr'>πρόσταξις</span> <span class='ocrx_word' id='word_1_605' title='bbox 2804 3664 2899 3718; x_wconf 82' lang='grc' dir='ltr'><strong>τοῦ</strong></span> <span class='ocrx_word' id='word_1_606' title='bbox 2948 3664 3193 3732; x_wconf 78' lang='grc' dir='ltr'><strong>ἀοιδίμου</strong></span> <span class='ocrx_word' id='word_1_607' title='bbox 3247 3660 3515 3731; x_wconf 78' lang='grc' dir='ltr'>βασιλέως</span> <span class='ocrx_word' id='word_1_608' title='bbox 3541 3649 3691 3723; x_wconf 83' lang='grc' dir='ltr'>κυροῦ</span> 
     </span>
    </p>
   </div>
   <div class='ocr_carea' id='block_1_83' title="bbox 2157 3744 3693 3829">
    <p class='ocr_par' dir='ltr' id='par_1_83' title="bbox 2157 3744 3693 3829">
     <span class='ocr_line' id='line_1_83' title="bbox 2157 3744 3693 3829; baseline -0.008 -18"><span class='ocrx_word' id='word_1_609' title='bbox 2157 3758 2397 3822; x_wconf 73' lang='grc' dir='ltr'>Ἀλεξίου</span> <span class='ocrx_word' id='word_1_610' title='bbox 2426 3757 2520 3812; x_wconf 70' lang='grc' dir='ltr'>τοῦ</span> <span class='ocrx_word' id='word_1_611' title='bbox 2553 3756 2840 3829; x_wconf 83' lang='grc' dir='ltr'>Κομνηνοῦ</span> <span class='ocrx_word' id='word_1_612' title='bbox 2867 3758 2959 3809; x_wconf 68' lang='lat' dir='ltr'><strong>hri</strong></span> <span class='ocrx_word' id='word_1_613' title='bbox 2992 3755 3296 3825; x_wconf 85' lang='grc' dir='ltr'>ὑπομνήσει</span> <span class='ocrx_word' id='word_1_614' title='bbox 3326 3752 3491 3805; x_wconf 85' lang='grc' dir='ltr'>τινῶν</span> <span class='ocrx_word' id='word_1_615' title='bbox 3518 3744 3693 3811; x_wconf 77' lang='grc' dir='ltr'>ἐκκλη-</span> 
     </span>
    </p>
   </div>
   <div class='ocr_carea' id='block_1_84' title="bbox 2146 3840 3691 3918">
    <p class='ocr_par' dir='ltr' id='par_1_84' title="bbox 2146 3840 3691 3918">
     <span class='ocr_line' id='line_1_84' title="bbox 2146 3840 3691 3918; baseline -0.009 -12"><span class='ocrx_word' id='word_1_616' title='bbox 2146 3852 2443 3906; x_wconf 84' lang='grc' dir='ltr'>σιαστικῶν</span> <span class='ocrx_word' id='word_1_617' title='bbox 2494 3850 2792 3915; x_wconf 86' lang='grc' dir='ltr'>διακόνων,</span> <span class='ocrx_word' id='word_1_618' title='bbox 2849 3848 3259 3918; x_wconf 74' lang='grc' dir='ltr'>ἀναδεξαμένων</span> <span class='ocrx_word' id='word_1_619' title='bbox 3306 3846 3385 3915; x_wconf 84' lang='grc' dir='ltr'>τῷ</span> <span class='ocrx_word' id='word_1_620' title='bbox 3450 3844 3567 3897; x_wconf 83' lang='grc' dir='ltr'>τότε</span> <span class='ocrx_word' id='word_1_621' title='bbox 3607 3840 3691 3905; x_wconf 80' lang='grc' dir='ltr'><strong>τὴν</strong></span> 
     </span>
    </p>
   </div>
   <div class='ocr_carea' id='block_1_85' title="bbox 2145 3930 3691 4016">
    <p class='ocr_par' dir='ltr' id='par_1_85' title="bbox 2145 3930 3691 4016">
     <span class='ocr_line' id='line_1_85' title="bbox 2145 3930 3691 4016; baseline -0.007 -17"><span class='ocrx_word' id='word_1_622' title='bbox 2145 3945 2402 4016; x_wconf 71' lang='grc' dir='ltr'>φροντίδα</span> <span class='ocrx_word' id='word_1_623' title='bbox 2434 3943 2541 3996; x_wconf 82' lang='grc' dir='ltr'><strong>τῶν</strong></span> <span class='ocrx_word' id='word_1_624' title='bbox 2573 3942 2990 4013; x_wconf 84' lang='grc' dir='ltr'>πατριαρχικῶν</span> <span class='ocrx_word' id='word_1_625' title='bbox 3045 3939 3431 4011; x_wconf 88' lang='grc' dir='ltr'>μοναστηρίων</span> <span class='ocrx_word' id='word_1_626' title='bbox 3483 3934 3586 3990; x_wconf 82' lang='grc' dir='ltr'><strong>ἀπὸ</strong></span> <span class='ocrx_word' id='word_1_627' title='bbox 3608 3930 3691 3995; x_wconf 79' lang='grc' dir='ltr'><strong>τῆς</strong></span> 
     </span>
    </p>
   </div>
   <div class='ocr_carea' id='block_1_86' title="bbox 2146 4029 3689 4110">
    <p class='ocr_par' dir='ltr' id='par_1_86' title="bbox 2146 4029 3689 4110">
     <span class='ocr_line' id='line_1_86' title="bbox 2146 4029 3689 4110; baseline -0.012 -18"><span class='ocrx_word' id='word_1_628' title='bbox 2146 4037 2562 4110; x_wconf 79' lang='grc' dir='ltr'>πατριαρχικῆς</span> <span class='ocrx_word' id='word_1_629' title='bbox 2600 4036 3039 4105; x_wconf 78' lang='grc' dir='ltr'>μεγαλειότητος,</span> <span class='ocrx_word' id='word_1_630' title='bbox 3077 4032 3439 4101; x_wconf 79' lang='grc' dir='ltr'>μηνολόγημα</span> <span class='ocrx_word' id='word_1_631' title='bbox 3474 4029 3689 4095; x_wconf 78' lang='grc' dir='ltr'>φέρουσα</span> 
     </span>
    </p>
   </div>
   <div class='ocr_carea' id='block_1_87' title="bbox 2143 4116 3682 4201">
    <p class='ocr_par' dir='ltr' id='par_1_87' title="bbox 2143 4116 3682 4201">
     <span class='ocr_line' id='line_1_87' title="bbox 2143 4116 3682 4201; baseline -0.014 -16"><span class='ocrx_word' id='word_1_632' title='bbox 2143 4133 2235 4185; x_wconf 77' lang='grc' dir='ltr'><strong>τὸν</strong></span> <span class='ocrx_word' id='word_1_633' title='bbox 2277 4131 2616 4201; x_wconf 81' lang='grc' dir='ltr'>Δεκέμϐριον</span> <span class='ocrx_word' id='word_1_634' title='bbox 2676 4130 2821 4199; x_wconf 83' lang='grc' dir='ltr'>μῆνα</span> <span class='ocrx_word' id='word_1_635' title='bbox 2857 4129 2955 4191; x_wconf 83' lang='grc' dir='ltr'>τῆς</span> <span class='ocrx_word' id='word_1_636' title='bbox 3016 4127 3054 4179; x_wconf 86' lang='grc' dir='ltr'>ε’</span> <span class='ocrx_word' id='word_1_637' title='bbox 3093 4124 3443 4187; x_wconf 74' lang='grc' dir='ltr'>ξνδικτιῶνος,</span> <span class='ocrx_word' id='word_1_638' title='bbox 3498 4116 3682 4187; x_wconf 73' lang='grc' dir='ltr'>ὀφείλει</span> 
     </span>
    </p>
   </div>
   <div class='ocr_carea' id='block_1_88' title="bbox 2146 4211 3687 4290">
    <p class='ocr_par' dir='ltr' id='par_1_88' title="bbox 2146 4211 3687 4290">
     <span class='ocr_line' id='line_1_88' title="bbox 2146 4211 3687 4290; baseline -0.012 -13"><span class='ocrx_word' id='word_1_639' title='bbox 2146 4225 2344 4277; x_wconf 79' lang='grc' dir='ltr'>ειδέναι</span> <span class='ocrx_word' id='word_1_640' title='bbox 2386 4224 2482 4276; x_wconf 80' lang='grc' dir='ltr'>καὶ</span> <span class='ocrx_word' id='word_1_641' title='bbox 2522 4222 2726 4290; x_wconf 79' lang='grc' dir='ltr'>ταύτην</span> <span class='ocrx_word' id='word_1_642' title='bbox 2782 4221 2906 4274; x_wconf 84' lang='grc' dir='ltr'>τάδε</span> <span class='ocrx_word' id='word_1_643' title='bbox 2952 4220 3092 4272; x_wconf 74' lang='grc' dir='ltr'>κατὰ</span> <span class='ocrx_word' id='word_1_644' title='bbox 3124 4218 3276 4286; x_wconf 71' lang='grc' dir='ltr'>ῥῆμα</span> <span class='ocrx_word' id='word_1_645' title='bbox 3318 4211 3687 4282; x_wconf 75' lang='grc' dir='ltr'>διαλαμὸάνου-</span> 
     </span>
    </p>
   </div>
   <div class='ocr_carea' id='block_1_89' title="bbox 2147 4296 3687 4383">
    <p class='ocr_par' dir='ltr' id='par_1_89' title="bbox 2147 4296 3687 4383">
     <span class='ocr_line' id='line_1_89' title="bbox 2147 4296 3687 4383; baseline -0.009 -14"><span class='ocrx_word' id='word_1_646' title='bbox 2147 4332 2274 4369; x_wconf 88' lang='grc' dir='ltr'>σαν·</span> <span class='ocrx_word' id='word_1_647' title='bbox 2308 4317 2405 4383; x_wconf 78' lang='grc' dir='ltr'><strong>τὴν</strong></span> <span class='ocrx_word' id='word_1_648' title='bbox 2463 4315 2790 4382; x_wconf 78' lang='grc' dir='ltr'>ὲπιτὴρησιν</span> <span class='ocrx_word' id='word_1_649' title='bbox 2844 4312 2936 4365; x_wconf 77' lang='grc' dir='ltr'><strong>καὶ</strong></span> <span class='ocrx_word' id='word_1_650' title='bbox 2996 4309 3280 4378; x_wconf 77' lang='grc' dir='ltr'>διόρθωσιν</span> <span class='ocrx_word' id='word_1_651' title='bbox 3321 4307 3431 4360; x_wconf 84' lang='grc' dir='ltr'>τῶν</span> <span class='ocrx_word' id='word_1_652' title='bbox 3468 4296 3687 4373; x_wconf 73' lang='grc' dir='ltr'>ψυχικῶν</span> 
     </span>
    </p>
   </div>
   <div class='ocr_carea' id='block_1_90' title="bbox 2148 4390 3687 4475">
    <p class='ocr_par' dir='ltr' id='par_1_90' title="bbox 2148 4390 3687 4475">
     <span class='ocr_line' id='line_1_90' title="bbox 2148 4390 3687 4475; baseline -0.011 -16"><span class='ocrx_word' id='word_1_653' title='bbox 2148 4406 2481 4475; x_wconf 74' lang='grc' dir='ltr'>σφαλμάτων</span> <span class='ocrx_word' id='word_1_654' title='bbox 2508 4401 2878 4471; x_wconf 65' lang='grc' dir='ltr'>ἀναμφίὸολον</span> <span class='ocrx_word' id='word_1_655' title='bbox 2903 4401 3047 4469; x_wconf 74' lang='grc' dir='ltr'>ἔχειν</span> <span class='ocrx_word' id='word_1_656' title='bbox 3077 4399 3169 4451; x_wconf 84' lang='grc' dir='ltr'><strong>τὸν</strong></span> <span class='ocrx_word' id='word_1_657' title='bbox 3202 4398 3342 4450; x_wconf 86' lang='grc' dir='ltr'><strong>κατά</strong></span> <span class='ocrx_word' id='word_1_658' title='bbox 3372 4398 3469 4467; x_wconf 75' lang='grc' dir='ltr'>τὴν</span> <span class='ocrx_word' id='word_1_659' title='bbox 3501 4390 3687 4463; x_wconf 73' lang='grc' dir='ltr'>ἡμέραν</span> 
     </span>
    </p>
   </div>
   <div class='ocr_carea' id='block_1_91' title="bbox 2146 4491 3688 4565">
    <p class='ocr_par' dir='ltr' id='par_1_91' title="bbox 2146 4491 3688 4565">
     <span class='ocr_line' id='line_1_91' title="bbox 2146 4491 3688 4565; baseline -0.009 -13"><span class='ocrx_word' id='word_1_660' title='bbox 2146 4499 2450 4563; x_wconf 82' lang='grc' dir='ltr'>ἁγιώτατον</span> <span class='ocrx_word' id='word_1_661' title='bbox 2484 4495 2948 4565; x_wconf 72' lang='grc' dir='ltr'>πατριάρχην,ὲπὶ</span> <span class='ocrx_word' id='word_1_662' title='bbox 2974 4496 3089 4555; x_wconf 80' lang='grc' dir='ltr'>τοῖς</span> <span class='ocrx_word' id='word_1_663' title='bbox 3110 4491 3414 4560; x_wconf 84' lang='grc' dir='ltr'>ἐλευθέροις</span> <span class='ocrx_word' id='word_1_664' title='bbox 3447 4496 3688 4556; x_wconf 63' lang='grc' dir='ltr'>μονωτησ</span> 
     </span>
    </p>
   </div>
   <div class='ocr_carea' id='block_1_92' title="bbox 477 4579 2042 4662">
    <p class='ocr_par' dir='ltr' id='par_1_92' title="bbox 477 4588 2034 4657">
     <span class='ocr_line' id='line_1_92' title="bbox 477 4588 2034 4657; baseline 0.004 -19"><span class='ocrx_word' id='word_1_665' title='bbox 477 4589 675 4641; x_wconf 77' lang='lat' dir='ltr'><strong>anima:</strong></span> <span class='ocrx_word' id='word_1_666' title='bbox 708 4588 956 4657; x_wconf 86' lang='lat' dir='ltr'><strong>lapsuum</strong></span> <span class='ocrx_word' id='word_1_667' title='bbox 991 4604 1098 4641; x_wconf 90' lang='lat' dir='ltr'><strong>non</strong></span> <span class='ocrx_word' id='word_1_668' title='bbox 1131 4588 1352 4641; x_wconf 90' lang='lat' dir='ltr'><strong>dubium</strong></span> <span class='ocrx_word' id='word_1_669' title='bbox 1394 4590 1592 4645; x_wconf 88' lang='lat' dir='ltr'><strong>habere</strong></span> <span class='ocrx_word' id='word_1_670' title='bbox 1619 4592 2034 4645; x_wconf 86' lang='lat' dir='ltr'><strong>sanctissimum</strong></span> 
     </span>
    </p>
   </div>
   <div class='ocr_carea' id='block_1_93' title="bbox 2145 4579 3685 4662">
    <p class='ocr_par' dir='ltr' id='par_1_93' title="bbox 2151 4579 3685 4662">
     <span class='ocr_line' id='line_1_93' title="bbox 2151 4579 3685 4662; baseline -0.01 -18"><span class='ocrx_word' id='word_1_671' title='bbox 2151 4592 2286 4662; x_wconf 77' lang='grc' dir='ltr'>ρέοις</span> <span class='ocrx_word' id='word_1_672' title='bbox 2313 4591 2406 4643; x_wconf 71' lang='grc' dir='ltr'>καὶ</span> <span class='ocrx_word' id='word_1_673' title='bbox 2441 4591 2534 4642; x_wconf 73' lang='grc' dir='ltr'>ἐπὶ</span> <span class='ocrx_word' id='word_1_674' title='bbox 2555 4591 2669 4650; x_wconf 87' lang='grc' dir='ltr'>τοῖς</span> <span class='ocrx_word' id='word_1_675' title='bbox 2709 4586 3033 4649; x_wconf 79' lang='grc' dir='ltr'>ὲπιδοθεῖσι,</span> <span class='ocrx_word' id='word_1_676' title='bbox 3088 4583 3183 4635; x_wconf 71' lang='grc' dir='ltr'>καὶ</span> <span class='ocrx_word' id='word_1_677' title='bbox 3227 4582 3322 4634; x_wconf 75' lang='grc' dir='ltr'>ἐπὶ</span> <span class='ocrx_word' id='word_1_678' title='bbox 3374 4583 3487 4643; x_wconf 82' lang='grc' dir='ltr'>τοῖς</span> <span class='ocrx_word' id='word_1_679' title='bbox 3536 4579 3685 4662; x_wconf 59' lang='grc' dir='ltr'>δωρη-</span> 
     </span>
    </p>
   </div>
   <div class='ocr_carea' id='block_1_94' title="bbox 481 4678 2045 4747">
    <p class='ocr_par' dir='ltr' id='par_1_94' title="bbox 481 4678 2045 4747">
     <span class='ocr_line' id='line_1_94' title="bbox 481 4678 2045 4747; baseline 0.003 -16"><span class='ocrx_word' id='word_1_680' title='bbox 481 4678 648 4744; x_wconf 85' lang='lat' dir='ltr'><strong>hnjus</strong></span> <span class='ocrx_word' id='word_1_681' title='bbox 696 4681 959 4747; x_wconf 74' lang='lat' dir='ltr'><strong>temporis</strong></span> <span class='ocrx_word' id='word_1_682' title='bbox 995 4679 1361 4747; x_wconf 82' lang='lat' dir='ltr'><strong>patriarcham</strong></span> <span class='ocrx_word' id='word_1_683' title='bbox 1388 4722 1403 4744; x_wconf 85' lang='lat'><strong>,</strong></span> <span class='ocrx_word' id='word_1_684' title='bbox 1439 4690 1549 4734; x_wconf 89' lang='lat' dir='ltr'><strong>tam</strong></span> <span class='ocrx_word' id='word_1_685' title='bbox 1600 4683 1652 4735; x_wconf 90' lang='lat' dir='ltr'><strong>in</strong></span> <span class='ocrx_word' id='word_1_686' title='bbox 1702 4683 1892 4736; x_wconf 89' lang='lat' dir='ltr'><strong>liberis</strong></span> <span class='ocrx_word' id='word_1_687' title='bbox 1927 4698 2045 4735; x_wconf 82' lang='lat' dir='ltr'><strong>mo-</strong></span> 
     </span>
    </p>
   </div>
   <div class='ocr_carea' id='block_1_95' title="bbox 480 4771 2043 4843">
    <p class='ocr_par' dir='ltr' id='par_1_95' title="bbox 480 4771 2043 4843">
     <span class='ocr_line' id='line_1_95' title="bbox 480 4771 2043 4843; baseline 0.002 -18"><span class='ocrx_word' id='word_1_688' title='bbox 480 4773 736 4827; x_wconf 50' lang='lat' dir='ltr'><strong>iiasteriis</strong></span> <span class='ocrx_word' id='word_1_689' title='bbox 764 4787 929 4839; x_wconf 88' lang='lat' dir='ltr'><strong>quam</strong></span> <span class='ocrx_word' id='word_1_690' title='bbox 959 4772 1014 4823; x_wconf 92' lang='lat' dir='ltr'><strong>in</strong></span> <span class='ocrx_word' id='word_1_691' title='bbox 1044 4771 1283 4835; x_wconf 86' lang='lat' dir='ltr'><strong>traditis,</strong></span> <span class='ocrx_word' id='word_1_692' title='bbox 1318 4784 1369 4825; x_wconf 87' lang='lat' dir='ltr'><strong>et</strong></span> <span class='ocrx_word' id='word_1_693' title='bbox 1399 4778 1450 4827; x_wconf 87' lang='lat' dir='ltr'><strong>in</strong></span> <span class='ocrx_word' id='word_1_694' title='bbox 1484 4774 1726 4839; x_wconf 86' lang='lat' dir='ltr'><strong>donatis,</strong></span> <span class='ocrx_word' id='word_1_695' title='bbox 1748 4775 1893 4829; x_wconf 83' lang='lat' dir='ltr'><strong>etiis</strong></span> <span class='ocrx_word' id='word_1_696' title='bbox 1922 4790 2043 4843; x_wconf 68' lang='lat' dir='ltr'><strong>qum</strong></span> 
     </span>
    </p>
   </div>
   <div class='ocr_carea' id='block_1_96' title="bbox 479 4863 2040 4931">
    <p class='ocr_par' dir='ltr' id='par_1_96' title="bbox 479 4863 2040 4931">
     <span class='ocr_line' id='line_1_96' title="bbox 479 4863 2040 4931; baseline 0.002 -17"><span class='ocrx_word' id='word_1_697' title='bbox 479 4864 545 4917; x_wconf 85' lang='lat' dir='ltr'><strong>ad</strong></span> <span class='ocrx_word' id='word_1_698' title='bbox 585 4863 1050 4917; x_wconf 86' lang='lat' dir='ltr'><strong>ministrationem</strong></span> <span class='ocrx_word' id='word_1_699' title='bbox 1101 4863 1679 4931; x_wconf 84' lang='lat' dir='ltr'><strong>veldispeusationem</strong></span> <span class='ocrx_word' id='word_1_700' title='bbox 1737 4866 1859 4916; x_wconf 79' lang='lat' dir='ltr'><strong>data</strong></span> <span class='ocrx_word' id='word_1_701' title='bbox 1892 4876 2040 4917; x_wconf 87' lang='lat' dir='ltr'><strong>sunt.</strong></span> 
     </span>
    </p>
   </div>
   <div class='ocr_carea' id='block_1_97' title="bbox 475 4953 2040 5019">
    <p class='ocr_par' dir='ltr' id='par_1_97' title="bbox 475 4953 2040 5019">
     <span class='ocr_line' id='line_1_97' title="bbox 475 4953 2040 5019; baseline 0 -11"><span class='ocrx_word' id='word_1_702' title='bbox 475 4955 577 5008; x_wconf 84' lang='lat' dir='ltr'><strong>.lus</strong></span> <span class='ocrx_word' id='word_1_703' title='bbox 607 4956 752 5013; x_wconf 83' lang='lat' dir='ltr'><strong>enim</strong></span> <span class='ocrx_word' id='word_1_704' title='bbox 788 4953 951 5005; x_wconf 85' lang='lat' dir='ltr'><strong>habet</strong></span> <span class='ocrx_word' id='word_1_705' title='bbox 984 4953 1280 5019; x_wconf 82' lang='lat' dir='ltr'><strong>subeundi,</strong></span> <span class='ocrx_word' id='word_1_706' title='bbox 1312 4966 1365 5009; x_wconf 87' lang='lat' dir='ltr'><strong>et</strong></span> <span class='ocrx_word' id='word_1_707' title='bbox 1420 4956 1796 5009; x_wconf 84' lang='lat' dir='ltr'><strong>contrectandi</strong></span> <span class='ocrx_word' id='word_1_708' title='bbox 1842 4956 2040 5009; x_wconf 85' lang='lat' dir='ltr'><strong>delicta</strong></span> 
     </span>
    </p>
   </div>
   <div class='ocr_carea' id='block_1_98' title="bbox 480 5046 2041 5116">
    <p class='ocr_par' dir='ltr' id='par_1_98' title="bbox 480 5046 2041 5116">
     <span class='ocr_line' id='line_1_98' title="bbox 480 5046 2041 5116; baseline 0.001 -17"><span class='ocrx_word' id='word_1_709' title='bbox 480 5051 700 5109; x_wconf 67' lang='lat' dir='ltr'><strong>animm,</strong></span> <span class='ocrx_word' id='word_1_710' title='bbox 733 5056 784 5099; x_wconf 90' lang='lat' dir='ltr'><strong>et</strong></span> <span class='ocrx_word' id='word_1_711' title='bbox 816 5046 1127 5108; x_wconf 67' lang='lat' dir='ltr'><strong>saacnlaria,</strong></span> <span class='ocrx_word' id='word_1_712' title='bbox 1175 5055 1233 5101; x_wconf 89' lang='lat' dir='ltr'><strong>et</strong></span> <span class='ocrx_word' id='word_1_713' title='bbox 1278 5048 1496 5116; x_wconf 87' lang='lat' dir='ltr'><strong>publica</strong></span> <span class='ocrx_word' id='word_1_714' title='bbox 1548 5047 1905 5111; x_wconf 85' lang='lat' dir='ltr'><strong>monasteria,</strong></span> <span class='ocrx_word' id='word_1_715' title='bbox 1964 5056 2041 5112; x_wconf 87' lang='lat' dir='ltr'><strong>et,</strong></span> 
     </span>
    </p>
   </div>
   <div class='ocr_carea' id='block_1_99' title="bbox 479 5138 2042 5209">
    <p class='ocr_par' dir='ltr' id='par_1_99' title="bbox 479 5138 2042 5209">
     <span class='ocr_line' id='line_1_99' title="bbox 479 5138 2042 5209; baseline -0.001 -16"><span class='ocrx_word' id='word_1_716' title='bbox 479 5150 538 5193; x_wconf 88' lang='lat' dir='ltr'><strong>ut</strong></span> <span class='ocrx_word' id='word_1_717' title='bbox 568 5139 738 5193; x_wconf 76' lang='lat' dir='ltr'><strong>semel</strong></span> <span class='ocrx_word' id='word_1_718' title='bbox 768 5138 972 5203; x_wconf 82' lang='lat' dir='ltr'><strong>dicam,</strong></span> <span class='ocrx_word' id='word_1_719' title='bbox 997 5140 1180 5192; x_wconf 87' lang='lat' dir='ltr'><strong>omnia</strong></span> <span class='ocrx_word' id='word_1_720' title='bbox 1215 5155 1335 5207; x_wconf 75' lang='lat' dir='ltr'><strong>quae</strong></span> <span class='ocrx_word' id='word_1_721' title='bbox 1355 5151 1483 5194; x_wconf 90' lang='lat' dir='ltr'><strong>sunt</strong></span> <span class='ocrx_word' id='word_1_722' title='bbox 1510 5142 1561 5193; x_wconf 92' lang='lat' dir='ltr'><strong>in</strong></span> <span class='ocrx_word' id='word_1_723' title='bbox 1586 5141 1706 5207; x_wconf 88' lang='lat' dir='ltr'><strong>ejus</strong></span> <span class='ocrx_word' id='word_1_724' title='bbox 1735 5142 2042 5209; x_wconf 83' lang='lat' dir='ltr'><strong>previncia,</strong></span> 
     </span>
    </p>
   </div>
   <div class='ocr_carea' id='block_1_100' title="bbox 479 5231 2045 5302">
    <p class='ocr_par' dir='ltr' id='par_1_100' title="bbox 479 5231 2045 5302">
     <span class='ocr_line' id='line_1_100' title="bbox 479 5231 2045 5302; baseline 0.003 -18"><span class='ocrx_word' id='word_1_725' title='bbox 479 5234 594 5285; x_wconf 70' lang='lat' dir='ltr'><strong>sive</strong></span> <span class='ocrx_word' id='word_1_726' title='bbox 627 5231 736 5284; x_wconf 89' lang='lat' dir='ltr'><strong>sint</strong></span> <span class='ocrx_word' id='word_1_727' title='bbox 784 5231 1199 5299; x_wconf 84' lang='lat' dir='ltr'><strong>patriarebalia.</strong></span> <span class='ocrx_word' id='word_1_728' title='bbox 1236 5233 1352 5285; x_wconf 87' lang='lat' dir='ltr'><strong>sive</strong></span> <span class='ocrx_word' id='word_1_729' title='bbox 1409 5232 1764 5301; x_wconf 88' lang='lat' dir='ltr'><strong>imperatoria</strong></span> <span class='ocrx_word' id='word_1_730' title='bbox 1819 5244 1874 5288; x_wconf 87' lang='lat' dir='ltr'><strong>et</strong></span> <span class='ocrx_word' id='word_1_731' title='bbox 1923 5250 2045 5302; x_wconf 73' lang='lat' dir='ltr'><strong>qua:</strong></span> 
     </span>
    </p>
   </div>
   <div class='ocr_carea' id='block_1_101' title="bbox 482 5322 2044 5395">
    <p class='ocr_par' dir='ltr' id='par_1_101' title="bbox 482 5322 2044 5395">
     <span class='ocr_line' id='line_1_101' title="bbox 482 5322 2044 5395; baseline 0.004 -22"><span class='ocrx_word' id='word_1_732' title='bbox 482 5338 579 5391; x_wconf 84' lang='lat' dir='ltr'><strong>per</strong></span> <span class='ocrx_word' id='word_1_733' title='bbox 608 5336 667 5375; x_wconf 86' lang='lat' dir='ltr'><strong>se</strong></span> <span class='ocrx_word' id='word_1_734' title='bbox 695 5322 979 5375; x_wconf 87' lang='lat' dir='ltr'><strong>dominum</strong></span> <span class='ocrx_word' id='word_1_735' title='bbox 1012 5323 1288 5388; x_wconf 89' lang='lat' dir='ltr'><strong>obtinent,</strong></span> <span class='ocrx_word' id='word_1_736' title='bbox 1326 5331 1382 5378; x_wconf 82' lang='lat' dir='ltr'><strong>et</strong></span> <span class='ocrx_word' id='word_1_737' title='bbox 1425 5326 1668 5394; x_wconf 80' lang='lat' dir='ltr'><strong>propria,</strong></span> <span class='ocrx_word' id='word_1_738' title='bbox 1712 5342 1833 5394; x_wconf 69' lang='lat' dir='ltr'><strong>qum</strong></span> <span class='ocrx_word' id='word_1_739' title='bbox 1879 5342 2044 5395; x_wconf 80' lang='lat' dir='ltr'><strong>supe-</strong></span> 
     </span>
    </p>
   </div>
   <div class='ocr_carea' id='block_1_102' title="bbox 480 5412 2039 5481">
    <p class='ocr_par' dir='ltr' id='par_1_102' title="bbox 480 5412 2039 5481">
     <span class='ocr_line' id='line_1_102' title="bbox 480 5412 2039 5481; baseline 0.001 -15"><span class='ocrx_word' id='word_1_740' title='bbox 480 5413 657 5466; x_wconf 77' lang='lat' dir='ltr'><strong>riort-s</strong></span> <span class='ocrx_word' id='word_1_741' title='bbox 691 5414 1021 5481; x_wconf 65' lang='lat' dir='ltr'><strong>patriarcha:</strong></span> <span class='ocrx_word' id='word_1_742' title='bbox 1047 5412 1114 5466; x_wconf 87' lang='lat' dir='ltr'><strong>ad</strong></span> <span class='ocrx_word' id='word_1_743' title='bbox 1154 5413 1555 5467; x_wconf 86' lang='lat' dir='ltr'><strong>incrementum</strong></span> <span class='ocrx_word' id='word_1_744' title='bbox 1595 5429 1701 5469; x_wconf 90' lang='lat' dir='ltr'><strong>non</strong></span> <span class='ocrx_word' id='word_1_745' title='bbox 1731 5415 2039 5480; x_wconf 72' lang='lat' dir='ltr'><strong>elocaliant,</strong></span> 
     </span>
    </p>
   </div>
   <div class='ocr_carea' id='block_1_103' title="bbox 480 5502 2039 5574">
    <p class='ocr_par' dir='ltr' id='par_1_103' title="bbox 480 5502 2039 5574">
     <span class='ocr_line' id='line_1_103' title="bbox 480 5502 2039 5574; baseline -0.001 -15"><span class='ocrx_word' id='word_1_746' title='bbox 480 5508 687 5570; x_wconf 73' lang='lat' dir='ltr'><strong>alisque</strong></span> <span class='ocrx_word' id='word_1_747' title='bbox 717 5502 1129 5571; x_wconf 80' lang='lat' dir='ltr'><strong>impedimento,</strong></span> <span class='ocrx_word' id='word_1_748' title='bbox 1187 5504 1410 5572; x_wconf 87' lang='lat' dir='ltr'><strong>quando</strong></span> <span class='ocrx_word' id='word_1_749' title='bbox 1462 5507 1606 5560; x_wconf 90' lang='lat' dir='ltr'><strong>volet</strong></span> <span class='ocrx_word' id='word_1_750' title='bbox 1658 5506 2039 5574; x_wconf 77' lang='lat' dir='ltr'><strong>ingredietur:</strong></span> 
     </span>
    </p>
   </div>
   <div class='ocr_carea' id='block_1_104' title="bbox 478 5594 2042 5665">
    <p class='ocr_par' dir='ltr' id='par_1_104' title="bbox 478 5594 2042 5665">
     <span class='ocr_line' id='line_1_104' title="bbox 478 5594 2042 5665; baseline 0.001 -19"><span class='ocrx_word' id='word_1_751' title='bbox 478 5596 597 5647; x_wconf 69' lang='lat' dir='ltr'><strong>sive</strong></span> <span class='ocrx_word' id='word_1_752' title='bbox 629 5596 744 5661; x_wconf 84' lang='lat' dir='ltr'><strong>ipse</strong></span> <span class='ocrx_word' id='word_1_753' title='bbox 778 5609 872 5662; x_wconf 88' lang='lat' dir='ltr'><strong>per</strong></span> <span class='ocrx_word' id='word_1_754' title='bbox 901 5609 983 5658; x_wconf 87' lang='lat' dir='ltr'><strong>se,</strong></span> <span class='ocrx_word' id='word_1_755' title='bbox 1018 5594 1135 5649; x_wconf 89' lang='lat' dir='ltr'><strong>sive</strong></span> <span class='ocrx_word' id='word_1_756' title='bbox 1166 5595 1287 5663; x_wconf 85' lang='lat' dir='ltr'><strong>ejus</strong></span> <span class='ocrx_word' id='word_1_757' title='bbox 1317 5596 1594 5660; x_wconf 80' lang='lat' dir='ltr'><strong>suasione,</strong></span> <span class='ocrx_word' id='word_1_758' title='bbox 1634 5612 1797 5665; x_wconf 90' lang='lat' dir='ltr'><strong>quem</strong></span> <span class='ocrx_word' id='word_1_759' title='bbox 1830 5597 1944 5663; x_wconf 89' lang='lat' dir='ltr'><strong>ipse</strong></span> <span class='ocrx_word' id='word_1_760' title='bbox 1975 5611 2042 5647; x_wconf 78' lang='lat' dir='ltr'><strong>ex</strong></span> 
     </span>
    </p>
   </div>
   <div class='ocr_carea' id='block_1_105' title="bbox 479 5687 2038 5758">
    <p class='ocr_par' dir='ltr' id='par_1_105' title="bbox 479 5687 2038 5758">
     <span class='ocr_line' id='line_1_105' title="bbox 479 5687 2038 5758; baseline 0 -19"><span class='ocrx_word' id='word_1_761' title='bbox 479 5687 878 5741; x_wconf 65' lang='lat' dir='ltr'><strong>ecclesiasticis</strong></span> <span class='ocrx_word' id='word_1_762' title='bbox 929 5688 1179 5758; x_wconf 70' lang='lat' dir='ltr'><strong>elegerit,</strong></span> <span class='ocrx_word' id='word_1_763' title='bbox 1231 5697 1285 5739; x_wconf 85' lang='lat' dir='ltr'><strong>et</strong></span> <span class='ocrx_word' id='word_1_764' title='bbox 1335 5704 1397 5740; x_wconf 89' lang='lat' dir='ltr'><strong>ea</strong></span> <span class='ocrx_word' id='word_1_765' title='bbox 1440 5689 1773 5757; x_wconf 89' lang='lat' dir='ltr'><strong>perscrutari</strong></span> <span class='ocrx_word' id='word_1_766' title='bbox 1816 5689 2038 5755; x_wconf 79' lang='lat' dir='ltr'><strong>dignum</strong></span> 
     </span>
    </p>
   </div>
   <div class='ocr_carea' id='block_1_106' title="bbox 475 5776 2043 5851">
    <p class='ocr_par' dir='ltr' id='par_1_106' title="bbox 475 5776 2043 5851">
     <span class='ocr_line' id='line_1_106' title="bbox 475 5776 2043 5851; baseline 0.002 -23"><span class='ocrx_word' id='word_1_767' title='bbox 475 5776 643 5851; x_wconf 66' lang='grc'><strong>324</strong></span> <span class='ocrx_word' id='word_1_768' title='bbox 666 5796 790 5834; x_wconf 65' lang='lat' dir='ltr'><strong>esse</strong></span> <span class='ocrx_word' id='word_1_769' title='bbox 817 5781 1090 5834; x_wconf 85' lang='lat' dir='ltr'><strong>statuerit.</strong></span> <span class='ocrx_word' id='word_1_770' title='bbox 1117 5780 1309 5834; x_wconf 78' lang='lat' dir='ltr'><strong>Libera</strong></span> <span class='ocrx_word' id='word_1_771' title='bbox 1332 5789 1523 5834; x_wconf 76' lang='lat' dir='ltr'><strong>autem</strong></span> <span class='ocrx_word' id='word_1_772' title='bbox 1554 5788 1605 5833; x_wconf 89' lang='lat' dir='ltr'><strong>et</strong></span> <span class='ocrx_word' id='word_1_773' title='bbox 1638 5781 1722 5834; x_wconf 91' lang='lat' dir='ltr'><strong>sui</strong></span> <span class='ocrx_word' id='word_1_774' title='bbox 1759 5780 1902 5848; x_wconf 88' lang='lat' dir='ltr'><strong>juris</strong></span> <span class='ocrx_word' id='word_1_775' title='bbox 1928 5794 2043 5831; x_wconf 90' lang='lat' dir='ltr'><strong>mo-</strong></span> 
     </span>
    </p>
   </div>
   <div class='ocr_carea' id='block_1_107' title="bbox 478 5875 2037 5940">
    <p class='ocr_par' dir='ltr' id='par_1_107' title="bbox 478 5875 2037 5940">
     <span class='ocr_line' id='line_1_107' title="bbox 478 5875 2037 5940; baseline -0.003 -11"><span class='ocrx_word' id='word_1_776' title='bbox 478 5875 737 5935; x_wconf 74' lang='lat' dir='ltr'><strong>nasteria.</strong></span> <span class='ocrx_word' id='word_1_777' title='bbox 768 5876 987 5940; x_wconf 87' lang='lat' dir='ltr'><strong>quando</strong></span> <span class='ocrx_word' id='word_1_778' title='bbox 1013 5875 1080 5930; x_wconf 85' lang='lat' dir='ltr'><strong>ad</strong></span> <span class='ocrx_word' id='word_1_779' title='bbox 1118 5875 1525 5931; x_wconf 83' lang='lat' dir='ltr'><strong>sanctissimum</strong></span> <span class='ocrx_word' id='word_1_780' title='bbox 1550 5875 1830 5928; x_wconf 84' lang='lat' dir='ltr'><strong>dominum</strong></span> <span class='ocrx_word' id='word_1_781' title='bbox 1861 5888 2037 5927; x_wconf 74' lang='lat' dir='ltr'><strong>meum</strong></span> 
     </span>
    </p>
   </div>
   <div class='ocr_carea' id='block_1_108' title="bbox 2151 4660 3685 4747">
    <p class='ocr_par' dir='ltr' id='par_1_108' title="bbox 2151 4660 3685 4747">
     <span class='ocr_line' id='line_1_108' title="bbox 2151 4660 3685 4747; baseline -0.01 -13"><span class='ocrx_word' id='word_1_782' title='bbox 2151 4660 2294 4734; x_wconf 84' lang='grc' dir='ltr'>θεῖσι</span> <span class='ocrx_word' id='word_1_783' title='bbox 2324 4683 2419 4734; x_wconf 77' lang='grc' dir='ltr'><strong>καὶ</strong></span> <span class='ocrx_word' id='word_1_784' title='bbox 2445 4679 2564 4732; x_wconf 84' lang='grc' dir='ltr'>κατ’</span> <span class='ocrx_word' id='word_1_785' title='bbox 2620 4676 2935 4747; x_wconf 70' lang='grc' dir='ltr'>ἐφορείανῆ</span> <span class='ocrx_word' id='word_1_786' title='bbox 2986 4675 3300 4743; x_wconf 79' lang='grc' dir='ltr'>οἰκονομίαν</span> <span class='ocrx_word' id='word_1_787' title='bbox 3349 4672 3572 4724; x_wconf 84' lang='grc' dir='ltr'>δοθεῖσι.</span> <span class='ocrx_word' id='word_1_788' title='bbox 3614 4660 3685 4712; x_wconf 72' lang='grc' dir='ltr'><strong>Δί’</strong></span> 
     </span>
    </p>
   </div>
   <div class='ocr_carea' id='block_1_109' title="bbox 2148 4750 3682 4846">
    <p class='ocr_par' dir='ltr' id='par_1_109' title="bbox 2148 4750 3682 4846">
     <span class='ocr_line' id='line_1_109' title="bbox 2148 4750 3682 4846; baseline -0.01 -19"><span class='ocrx_word' id='word_1_789' title='bbox 2148 4791 2302 4827; x_wconf 77' lang='grc' dir='ltr'>καιον</span> <span class='ocrx_word' id='word_1_790' title='bbox 2335 4774 2441 4841; x_wconf 76' lang='grc' dir='ltr'><strong>γὰρ</strong></span> <span class='ocrx_word' id='word_1_791' title='bbox 2474 4772 2736 4838; x_wconf 83' lang='grc' dir='ltr'>κέκτηται</span> <span class='ocrx_word' id='word_1_792' title='bbox 2766 4769 3110 4838; x_wconf 81' lang='grc' dir='ltr'>είσέρχεσθαι</span> <span class='ocrx_word' id='word_1_793' title='bbox 3142 4767 3233 4819; x_wconf 74' lang='grc' dir='ltr'><strong>καὶ</strong></span> <span class='ocrx_word' id='word_1_794' title='bbox 3254 4758 3600 4832; x_wconf 69' lang='grc' dir='ltr'>ἀναψηλαφᾷν</span> <span class='ocrx_word' id='word_1_795' title='bbox 3630 4750 3682 4846; x_wconf 54' lang='grc' dir='ltr'>τξ</span> 
     </span>
    </p>
   </div>
   <div class='ocr_carea' id='block_1_110' title="bbox 2145 4846 3684 4943">
    <p class='ocr_par' dir='ltr' id='par_1_110' title="bbox 2145 4846 3684 4943">
     <span class='ocr_line' id='line_1_110' title="bbox 2145 4846 3684 4943; baseline -0.007 -28"><span class='ocrx_word' id='word_1_796' title='bbox 2145 4865 2353 4933; x_wconf 59' lang='grc' dir='ltr'>ψυχικὰ</span> <span class='ocrx_word' id='word_1_797' title='bbox 2381 4864 2673 4930; x_wconf 69' lang='grc' dir='ltr'>σφάλματα</span> <span class='ocrx_word' id='word_1_798' title='bbox 2700 4861 2794 4913; x_wconf 78' lang='grc' dir='ltr'><strong>καὶ</strong></span> <span class='ocrx_word' id='word_1_799' title='bbox 2833 4863 2912 4921; x_wconf 79' lang='grc' dir='ltr'>εἰς</span> <span class='ocrx_word' id='word_1_800' title='bbox 2944 4860 3013 4911; x_wconf 72' lang='grc' dir='ltr'><strong>τὰ</strong></span> <span class='ocrx_word' id='word_1_801' title='bbox 3036 4857 3278 4928; x_wconf 75' lang='grc' dir='ltr'>κοσμικὰ</span> <span class='ocrx_word' id='word_1_802' title='bbox 3300 4859 3393 4908; x_wconf 73' lang='grc' dir='ltr'>καὶ</span> <span class='ocrx_word' id='word_1_803' title='bbox 3424 4846 3584 4914; x_wconf 81' lang='grc' dir='ltr'>εἰς,τά</span> <span class='ocrx_word' id='word_1_804' title='bbox 3606 4856 3684 4943; x_wconf 44' lang='lat' dir='ltr'><strong>ﬁt)</strong></span> 
     </span>
    </p>
   </div>
   <div class='ocr_carea' id='block_1_111' title="bbox 2146 4941 3683 5022">
    <p class='ocr_par' dir='ltr' id='par_1_111' title="bbox 2146 4941 3683 5022">
     <span class='ocr_line' id='line_1_111' title="bbox 2146 4941 3683 5022; baseline -0.005 -15"><span class='ocrx_word' id='word_1_805' title='bbox 2146 4955 2409 5022; x_wconf 80' lang='grc' dir='ltr'>δημοσίου</span> <span class='ocrx_word' id='word_1_806' title='bbox 2456 4952 2818 5021; x_wconf 84' lang='grc' dir='ltr'>μοναστήρια,</span> <span class='ocrx_word' id='word_1_807' title='bbox 2878 4950 2993 5015; x_wconf 68' lang='grc' dir='ltr'>καὶ,</span> <span class='ocrx_word' id='word_1_808' title='bbox 3046 4949 3231 5011; x_wconf 81' lang='grc' dir='ltr'>ἁπλῶς</span> <span class='ocrx_word' id='word_1_809' title='bbox 3260 4947 3458 5010; x_wconf 86' lang='grc' dir='ltr'>εἰπεῖν,</span> <span class='ocrx_word' id='word_1_810' title='bbox 3513 4941 3583 4999; x_wconf 77' lang='grc' dir='ltr'>εἰς</span> <span class='ocrx_word' id='word_1_811' title='bbox 3628 4941 3683 4982; x_wconf 56' lang='grc' dir='ltr'><strong>τί</strong></span> 
     </span>
    </p>
   </div>
   <div class='ocr_carea' id='block_1_112' title="bbox 2147 5023 3681 5118">
    <p class='ocr_par' dir='ltr' id='par_1_112' title="bbox 2147 5023 3681 5118">
     <span class='ocr_line' id='line_1_112' title="bbox 2147 5023 3681 5118; baseline -0.012 -18"><span class='ocrx_word' id='word_1_812' title='bbox 2147 5050 2250 5100; x_wconf 78' lang='grc' dir='ltr'>ὐπὸ</span> <span class='ocrx_word' id='word_1_813' title='bbox 2287 5049 2387 5118; x_wconf 81' lang='grc' dir='ltr'>τὴν</span> <span class='ocrx_word' id='word_1_814' title='bbox 2421 5048 2636 5115; x_wconf 79' lang='grc' dir='ltr'>ἐνορίαν</span> <span class='ocrx_word' id='word_1_815' title='bbox 2671 5044 2838 5099; x_wconf 80' lang='grc' dir='ltr'>αὐτοῦ</span> <span class='ocrx_word' id='word_1_816' title='bbox 2879 5046 3078 5106; x_wconf 84' lang='grc' dir='ltr'>πάντα,</span> <span class='ocrx_word' id='word_1_817' title='bbox 3114 5043 3215 5098; x_wconf 67' lang='grc' dir='ltr'>κᾶν</span> <span class='ocrx_word' id='word_1_818' title='bbox 3245 5058 3303 5094; x_wconf 89' lang='grc' dir='ltr'><strong>τε</strong></span> <span class='ocrx_word' id='word_1_819' title='bbox 3342 5023 3681 5118; x_wconf 53' lang='grc' dir='ltr'>πατριαρχιὶξά</span> 
     </span>
    </p>
   </div>
   <div class='ocr_carea' id='block_1_113' title="bbox 2145 5114 3679 5205">
    <p class='ocr_par' dir='ltr' id='par_1_113' title="bbox 2145 5114 3679 5205">
     <span class='ocr_line' id='line_1_113' title="bbox 2145 5114 3679 5205; baseline -0.005 -14"><span class='ocrx_word' id='word_1_820' title='bbox 2145 5134 2268 5194; x_wconf 78' lang='grc' dir='ltr'>ὦσι.</span> <span class='ocrx_word' id='word_1_821' title='bbox 2306 5138 2405 5191; x_wconf 84' lang='grc' dir='ltr'>κᾶν</span> <span class='ocrx_word' id='word_1_822' title='bbox 2445 5155 2503 5189; x_wconf 89' lang='grc' dir='ltr'><strong>τε</strong></span> <span class='ocrx_word' id='word_1_823' title='bbox 2535 5136 2790 5205; x_wconf 82' lang='grc' dir='ltr'>βασιλικὰ</span> <span class='ocrx_word' id='word_1_824' title='bbox 2815 5136 2908 5189; x_wconf 75' lang='grc' dir='ltr'>καὶ</span> <span class='ocrx_word' id='word_1_825' title='bbox 2932 5133 3300 5187; x_wconf 72' lang='grc' dir='ltr'>αὑτοδέσποτα</span> <span class='ocrx_word' id='word_1_826' title='bbox 3324 5146 3341 5163; x_wconf 80' lang='grc'><em>’</em></span> <span class='ocrx_word' id='word_1_827' title='bbox 3366 5131 3461 5182; x_wconf 76' lang='grc' dir='ltr'><strong>καὶ</strong></span> <span class='ocrx_word' id='word_1_828' title='bbox 3496 5126 3565 5183; x_wconf 81' lang='grc' dir='ltr'><strong>εἰς</strong></span> <span class='ocrx_word' id='word_1_829' title='bbox 3597 5114 3679 5186; x_wconf 66' lang='grc' dir='ltr'><strong>μὲν</strong></span> 
     </span>
    </p>
   </div>
   <div class='ocr_carea' id='block_1_114' title="bbox 2147 5206 3679 5294">
    <p class='ocr_par' dir='ltr' id='par_1_114' title="bbox 2147 5220 3679 5294">
     <span class='ocr_line' id='line_1_114' title="bbox 2147 5220 3679 5294; baseline -0.011 -9"><span class='ocrx_word' id='word_1_830' title='bbox 2147 5235 2217 5285; x_wconf 82' lang='grc' dir='ltr'>τὰ</span> <span class='ocrx_word' id='word_1_831' title='bbox 2251 5230 2448 5291; x_wconf 82' lang='grc' dir='ltr'>οἰκεῖα,</span> <span class='ocrx_word' id='word_1_832' title='bbox 2478 5228 2515 5282; x_wconf 83' lang='grc' dir='ltr'><strong>ὃ.</strong></span> <span class='ocrx_word' id='word_1_833' title='bbox 2552 5227 2649 5280; x_wconf 82' lang='grc' dir='ltr'>οὐκ</span> <span class='ocrx_word' id='word_1_834' title='bbox 2677 5228 2923 5291; x_wconf 81' lang='grc' dir='ltr'>ἐξέδοντο</span> <span class='ocrx_word' id='word_1_835' title='bbox 2950 5226 3000 5278; x_wconf 77' lang='grc' dir='ltr'><strong>οἱ</strong></span> <span class='ocrx_word' id='word_1_836' title='bbox 3029 5223 3222 5294; x_wconf 82' lang='grc' dir='ltr'>πρώην</span> <span class='ocrx_word' id='word_1_837' title='bbox 3268 5220 3589 5290; x_wconf 83' lang='grc' dir='ltr'>πατριάρχαι</span> <span class='ocrx_word' id='word_1_838' title='bbox 3614 5220 3679 5265; x_wconf 73' lang='grc' dir='ltr'><strong>εις</strong></span> 
     </span>
    </p>
   </div>
   <div class='ocr_carea' id='block_1_115' title="bbox 2147 5307 3674 5401">
    <p class='ocr_par' dir='ltr' id='par_1_115' title="bbox 2147 5307 3674 5401">
     <span class='ocr_line' id='line_1_115' title="bbox 2147 5307 3674 5401; baseline -0.012 -26"><span class='ocrx_word' id='word_1_839' title='bbox 2147 5320 2439 5385; x_wconf 81' lang='grc' dir='ltr'>ἐπιδόσεις,</span> <span class='ocrx_word' id='word_1_840' title='bbox 2473 5318 2790 5381; x_wconf 83' lang='grc' dir='ltr'>ἀκωλύτως,</span> <span class='ocrx_word' id='word_1_841' title='bbox 2822 5320 2951 5370; x_wconf 82' lang='grc' dir='ltr'>ὅταν</span> <span class='ocrx_word' id='word_1_842' title='bbox 3004 5316 3282 5385; x_wconf 78' lang='grc' dir='ltr'>βούληται,</span> <span class='ocrx_word' id='word_1_843' title='bbox 3321 5307 3674 5401; x_wconf 58' lang='grc' dir='ltr'>εἰσελεύσεται»</span> 
     </span>
    </p>
   </div>
   <div class='ocr_carea' id='block_1_116' title="bbox 2149 5394 3675 5476">
    <p class='ocr_par' dir='ltr' id='par_1_116' title="bbox 2149 5402 3675 5476">
     <span class='ocr_line' id='line_1_116' title="bbox 2149 5402 3675 5476; baseline -0.012 -10"><span class='ocrx_word' id='word_1_844' title='bbox 2149 5414 2258 5466; x_wconf 83' lang='grc' dir='ltr'>εἴτε</span> <span class='ocrx_word' id='word_1_845' title='bbox 2297 5411 2460 5474; x_wconf 75' lang='grc' dir='ltr'>αὐτὸς</span> <span class='ocrx_word' id='word_1_846' title='bbox 2491 5410 2559 5462; x_wconf 80' lang='grc' dir='ltr'>δι’</span> <span class='ocrx_word' id='word_1_847' title='bbox 2588 5412 2807 5473; x_wconf 78' lang='grc' dir='ltr'>ἑαυτοῦ,</span> <span class='ocrx_word' id='word_1_848' title='bbox 2844 5411 2955 5464; x_wconf 80' lang='grc' dir='ltr'>εἴτε</span> <span class='ocrx_word' id='word_1_849' title='bbox 2987 5408 3075 5460; x_wconf 77' lang='grc' dir='ltr'><strong>διὰ</strong></span> <span class='ocrx_word' id='word_1_850' title='bbox 3100 5405 3413 5476; x_wconf 78' lang='grc' dir='ltr'>προτροπῆς</span> <span class='ocrx_word' id='word_1_851' title='bbox 3439 5402 3605 5454; x_wconf 80' lang='grc' dir='ltr'>αὐτου.</span> <span class='ocrx_word' id='word_1_852' title='bbox 3628 5402 3675 5439; x_wconf 79' lang='grc' dir='ltr'>ον</span> 
     </span>
    </p>
   </div>
   <div class='ocr_carea' id='block_1_117' title="bbox 2145 5477 3674 5569">
    <p class='ocr_par' dir='ltr' id='par_1_117' title="bbox 2145 5477 3674 5569">
     <span class='ocr_line' id='line_1_117' title="bbox 2145 5477 3674 5569; baseline -0.015 -10"><span class='ocrx_word' id='word_1_853' title='bbox 2145 5505 2210 5559; x_wconf 82' lang='grc' dir='ltr'>ἂν</span> <span class='ocrx_word' id='word_1_854' title='bbox 2234 5498 2390 5566; x_wconf 60' lang='grc' dir='ltr'>οὗτος</span> <span class='ocrx_word' id='word_1_855' title='bbox 2433 5504 2542 5556; x_wconf 76' lang='grc' dir='ltr'><strong>ἀπὸ</strong></span> <span class='ocrx_word' id='word_1_856' title='bbox 2571 5506 2679 5554; x_wconf 82' lang='grc' dir='ltr'><strong>τῶν</strong></span> <span class='ocrx_word' id='word_1_857' title='bbox 2735 5498 3210 5569; x_wconf 79' lang='grc' dir='ltr'>ἐκκλησιαστικῶν</span> <span class='ocrx_word' id='word_1_858' title='bbox 3258 5494 3557 5560; x_wconf 79' lang='grc' dir='ltr'>ἐπιλέξηται</span> <span class='ocrx_word' id='word_1_859' title='bbox 3598 5477 3674 5569; x_wconf 36' lang='grc' dir='ltr'><strong>καῖί</strong></span> 
     </span>
    </p>
   </div>
   <div class='ocr_carea' id='block_1_118' title="bbox 2144 5565 3673 5665">
    <p class='ocr_par' dir='ltr' id='par_1_118' title="bbox 2144 5565 3673 5665">
     <span class='ocr_line' id='line_1_118' title="bbox 2144 5565 3673 5665; baseline -0.01 -15"><span class='ocrx_word' id='word_1_860' title='bbox 2144 5598 2396 5665; x_wconf 82' lang='grc' dir='ltr'>διακρίνῃ</span> <span class='ocrx_word' id='word_1_861' title='bbox 2433 5590 2569 5647; x_wconf 75' lang='grc' dir='ltr'>εἶναι</span> <span class='ocrx_word' id='word_1_862' title='bbox 2605 5593 2755 5656; x_wconf 76' lang='grc' dir='ltr'>ἄξιον</span> <span class='ocrx_word' id='word_1_863' title='bbox 2807 5590 2899 5643; x_wconf 77' lang='grc' dir='ltr'><strong>τοῦ</strong></span> <span class='ocrx_word' id='word_1_864' title='bbox 2936 5590 3161 5660; x_wconf 82' lang='grc' dir='ltr'>ἐρευνᾷν</span> <span class='ocrx_word' id='word_1_865' title='bbox 3189 5587 3362 5639; x_wconf 76' lang='grc' dir='ltr'>ταῦτα</span> <span class='ocrx_word' id='word_1_866' title='bbox 3390 5600 3403 5614; x_wconf 78' lang='grc'><strong><em>⁸</em></strong></span> <span class='ocrx_word' id='word_1_867' title='bbox 3430 5583 3503 5642; x_wconf 75' lang='grc' dir='ltr'><strong>εἰς</strong></span> <span class='ocrx_word' id='word_1_868' title='bbox 3542 5573 3592 5627; x_wconf 65' lang='grc' dir='ltr'><strong>δὲ</strong></span> <span class='ocrx_word' id='word_1_869' title='bbox 3617 5565 3673 5617; x_wconf 50' lang='grc' dir='ltr'><strong>τὰ</strong></span> 
     </span>
    </p>
   </div>
   <div class='ocr_carea' id='block_1_119' title="bbox 2143 5679 3670 5757">
    <p class='ocr_par' dir='ltr' id='par_1_119' title="bbox 2143 5679 3670 5757">
     <span class='ocr_line' id='line_1_119' title="bbox 2143 5679 3670 5757; baseline -0.009 -18"><span class='ocrx_word' id='word_1_870' title='bbox 2143 5688 2401 5757; x_wconf 76' lang='grc' dir='ltr'>ἐλεύθερα</span> <span class='ocrx_word' id='word_1_871' title='bbox 2431 5687 2525 5737; x_wconf 71' lang='grc' dir='ltr'>καὶ</span> <span class='ocrx_word' id='word_1_872' title='bbox 2550 5683 2872 5745; x_wconf 74' lang='grc' dir='ltr'>αὐτεξούσια</span> <span class='ocrx_word' id='word_1_873' title='bbox 2903 5680 3404 5750; x_wconf 76' lang='grc' dir='ltr'>μο,·αστήρια.ὅταν</span> <span class='ocrx_word' id='word_1_874' title='bbox 3433 5690 3511 5732; x_wconf 73' lang='grc' dir='ltr'><strong>τις</strong></span> <span class='ocrx_word' id='word_1_875' title='bbox 3535 5679 3670 5736; x_wconf 72' lang='grc' dir='ltr'>προσ·</span> 
     </span>
    </p>
   </div>
   <div class='ocr_carea' id='block_1_120' title="bbox 2144 5764 3672 5852">
    <p class='ocr_par' dir='ltr' id='par_1_120' title="bbox 2144 5764 3672 5852">
     <span class='ocr_line' id='line_1_120' title="bbox 2144 5764 3672 5852; baseline -0.02 -19"><span class='ocrx_word' id='word_1_876' title='bbox 2144 5781 2273 5852; x_wconf 82' lang='grc' dir='ltr'>έλθῃ</span> <span class='ocrx_word' id='word_1_877' title='bbox 2305 5780 2396 5830; x_wconf 67' lang='grc' dir='ltr'>καὶ</span> <span class='ocrx_word' id='word_1_878' title='bbox 2456 5779 2582 5848; x_wconf 79' lang='grc' dir='ltr'>εἴπῃ</span> <span class='ocrx_word' id='word_1_879' title='bbox 2616 5776 2692 5846; x_wconf 76' lang='grc' dir='ltr'>τῷ</span> <span class='ocrx_word' id='word_1_880' title='bbox 2748 5775 3036 5843; x_wconf 77' lang='grc' dir='ltr'>ἁγιωτάτῳ</span> <span class='ocrx_word' id='word_1_881' title='bbox 3076 5790 3178 5840; x_wconf 84' lang='grc' dir='ltr'><strong>μου</strong></span> <span class='ocrx_word' id='word_1_882' title='bbox 3225 5772 3458 5839; x_wconf 83' lang='grc' dir='ltr'>δεσπότῃ</span> <span class='ocrx_word' id='word_1_883' title='bbox 3487 5764 3672 5852; x_wconf 45' lang='lat' dir='ltr'><strong>mina-</strong></span> 
     </span>
    </p>
   </div>
   <div class='ocr_carea' id='block_1_121' title="bbox 2144 5843 3668 5945">
    <p class='ocr_par' dir='ltr' id='par_1_121' title="bbox 2144 5843 3668 5945">
     <span class='ocr_line' id='line_1_121' title="bbox 2144 5843 3668 5945; baseline -0.009 -19"><span class='ocrx_word' id='word_1_884' title='bbox 2144 5874 2379 5945; x_wconf 74' lang='grc' dir='ltr'>τριάρχῃ</span> <span class='ocrx_word' id='word_1_885' title='bbox 2404 5872 2692 5942; x_wconf 73' lang='grc' dir='ltr'>γινόμενον</span> <span class='ocrx_word' id='word_1_886' title='bbox 2724 5869 2947 5938; x_wconf 69' lang='grc' dir='ltr'>σφάλμα</span> <span class='ocrx_word' id='word_1_887' title='bbox 2994 5869 3073 5930; x_wconf 81' lang='grc' dir='ltr'>εἰς</span> <span class='ocrx_word' id='word_1_888' title='bbox 3132 5867 3501 5936; x_wconf 72' lang='grc' dir='ltr'>μοναστήριον,</span> <span class='ocrx_word' id='word_1_889' title='bbox 3534 5856 3561 5925; x_wconf 81' lang='grc' dir='ltr'>ἢ</span> <span class='ocrx_word' id='word_1_890' title='bbox 3592 5843 3668 5901; x_wconf 62' lang='grc' dir='ltr'><strong>καὶ</strong></span> 
     </span>
    </p>
   </div>
  </div>
