3972 6488
358 368 458 432 985

1339 362 1422 422 IN
1446 359 1611 421 CAN.
1638 356 1777 419 XIX
1814 355 2004 418 CONC
2071 362 2178 421 VII
2215 360 2566 427 (ECUMEN.

3478 356 3580 417 98.7

353 483 526 545 ἄλλως
549 481 655 534 ἀπὸ
685 481 875 550 φήμης
897 476 1055 531 τινῶν
1079 475 1110 547 ἢ
1139 474 1231 528 καὶ
1256 475 1375 536 ἑνὸς
1405 472 1633 544 ἀκούσῃ,
1665 473 1783 524 τότε
1809 471 1912 522 είσ·

2029 478 2085 523 et
2145 476 2513 543 patriarcham
2567 475 2824 533 delictum
2881 476 2933 531 in
2990 473 3323 529 monasterio
3374 470 3576 526 factum

356 570 659 633 ελεύσεται,
709 569 784 630 ὡς
831 569 1068 637 εἴρηται,
1119 566 1544 633 κα“ι“ὲρευνήσει
1592 562 1660 614 τά
1713 559 1919 629 ψυχικὰ

361 662 675 730 σφάλματα,
721 660 822 713 κᾶν
860 660 932 729 μὴ
977 661 1005 711 ὀ
1055 655 1227 710 είπὼν
1271 655 1531 725 βούληται
1586 655 1920 707 ὑπεισελθεῖν

360 755 545 822 ἀγῶνα
605 753 953 817 ἀποδείξεως.
1001 751 1060 803 '0
1108 750 1219 818 γὰρ
1271 748 1595 818 Χριστιανὸς
1632 746 1917 814 ἄνθρωπος

357 848 519 916 χρέος
551 845 686 915 ἔχει,
714 846 842 897 ὅταν
872 860 925 896 τι
964 843 1171 913 ἀκούσῃ
1201 842 1496 908 γενόμενον
1525 839 1793 902 ἐναντίον,
1827 838 1919 889 λέ-

355 952 473 1001 γειν
497 935 656 987 τοῦτο
679 932 757 1003 τῷ
778 932 941 999 κοινῷ
970 932 1325 1001 πνευματικῷ
1344 929 1517 997 Πατρὶ
1534 930 1624 981 καὶ
1648 931 1912 999 ἀρχιερεῖ.

360 1029 520 1090 Ἴσως
548 1029 604 1081 δὲ
648 1030 708 1080 οὐ
753 1028 826 1097 μὴ
882 1028 1129 1097 βούλεται
1180 1026 1518 1078 ὑπεισελθεῖν
1586 1027 1679 1077 τὸν
1727 1025 1913 1090 ἀγῶνα

351 1116 542 1167 τοῦτον
562 1131 577 1146 ⁸
609 1116 703 1168 καὶ
750 1116 810 1168 τὸ
839 1114 1347 1180 καταλιμπάνεσθαι
1388 1114 1474 1167 διὰ
1505 1114 1603 1185 τὴν
1659 1114 1913 1182 τοιαύτην

352 1208 536 1261 αἰτίαν
568 1209 637 1261 τὰ
669 1210 876 1278 ψυχικὰ
906 1210 1196 1279 σφάλματα
1219 1211 1589 1279 ἁνεπιτήρητα
1619 1209 1712 1261 καὶ
1737 1208 1916 1278 ἀδιόρ-

350 1303 523 1365 θωτα,
560 1303 675 1355 ἔστι
701 1303 859 1355 τοῦτο
902 1304 1078 1370 πάντη
1102 1304 1325 1367 ἄτοπον,
1361 1302 1587 1373 μηδενὸς
1636 1301 1912 1372 ἐγγράφου

346 1395 676 1463 οὲουδήτινος
704 1394 985 1463 βασιλικοῦ
1026 1399 1058 1465 ἢ
1090 1393 1484 1466 πατριάρχικοῦ
1513 1394 1811 1457 κωλύοντος
1835 1397 1913 1457 εἰς

347 1485 530 1536 τοῦτο.
557 1484 703 1554 Πλὴν
733 1486 800 1537 τὰ
840 1490 1180 1555 μοναστὴρια
1222 1472 1496 1552 ὀφείλουσι
1541 1486 1913 1554 διατηρείσθαι

346 1578 763 1645 άκαινοτόμητα
793 1580 850 1629 ἐν
871 1577 987 1639 ταῖς
1008 1577 1255 1645 ὲρεύναις
1278 1576 1385 1629 τῶν
1414 1576 1910 1643 ἀποστελλομένων,

349 1666 626 1735 μηδεμιᾶς
682 1665 937 1719 ἐντεῦθεν
985 1666 1272 1735 διδομένης
1325 1665 1592 1734 δαπάνης.
1640 1665 1773 1717 Τότε
1803 1664 1912 1735 γὰρ

347 1760 448 1810 καὶ
478 1760 512 1827 ὴ
546 1759 831 1829 διόρθωσις
857 1758 964 1811 τῶν
1011 1758 1260 1828 ψυχικῶν
1309 1758 1639 1826 σφαλμάτων
1673 1758 1910 1820 εὐκόλως

347 1854 451 1905 σὺν
480 1852 598 1922 Θεῷ
628 1854 935 1922 γενήσεται.
983 1853 1105 1907 Ἐπὶ
1129 1854 1185 1905 δέ
1240 1871 1302 1921 γε
1337 1856 1448 1915 τοῖς
1502 1854 1621 1907 κατ’
1674 1853 1915 1905 ἐπίδοσιν

258 1964 267 1970 '
344 1945 552 1997 δοθεῖσι
601 1945 989 2014 μοναστηρίοις
1049 1946 1145 1998 καὶ
1198 1947 1320 1998 κατ’
1358 1926 1673 2015 ἐφορείανῆ
1711 1944 1917 1996 οἰκονο-

349 2037 506 2106 μίαν.
545 2036 578 2106 ἢ
637 2038 917 2101 παντελῶς
968 2038 1302 2108 ἐλευθερίαν,
1351 2038 1412 2090 οὐ
1457 2038 1619 2103 μόνον
1676 2036 1742 2088 τὰ
1778 2034 1918 2088 ἄλλα

340 2128 550 2197 ψυχικά
582 2129 872 2196 σφάλματα
902 2129 1241 2200 ἐπιζητήσει,
1267 2128 1402 2186 ἀλλὰ
1428 2128 1519 2181 καὶ
1543 2129 1591 2180 εἰ
1615 2125 1915 2195 κατελύθη-

343 2235 472 2284 σαν,
504 2220 537 2290 ἢ
572 2219 934 2273 καταλύονται
969 2220 1214 2290 μερικῶς
1259 2218 1292 2289 ἢ
1350 2219 1580 2272 καθόλου
1631 2216 1782 2287 παρὰ
1806 2216 1914 2269 τῶν

343 2311 626 2365 λαϐόντων
650 2312 824 2366 ταῦτα
845 2328 860 2343 '
900 2314 991 2365 ml.
1020 2313 1070 2365 εί
1120 2312 1343 2383 εὑρήσει
1371 2311 1527 2373 τινὰς
1570 2310 1826 2379 μειώσεις
1857 2311 1915 2361 ἐν

341 2402 535 2465 αὐτοῖς
582 2403 895 2470 γινομένας,
939 2403 1349 2471 καταναγκάσει
1388 2403 1514 2462 τοὺς
1541 2400 1714 2453 ταῦτα
1758 2399 1916 2452 κατέ-

340 2510 544 2563 χοντας
566 2494 940 2565 ἀποκαθιστᾷν
972 2495 1171 2559 ταῦτα,
1221 2492 1405 2555 καθὼς
1442 2491 1777 2564 παρέλαϐον,
1818 2492 1913 2543 καὶ

341 2583 491 2635 κατὰ
513 2583 611 2654 τὴν
644 2583 906 2653 εὐπορίαν
935 2584 1028 2637 τοῦ
1058 2583 1422 2653 μοναστηρίου
1451 2601 1466 2615 ·
1502 2581 1641 2651 πλὴν
1665 2580 1753 2634 ἐπ’
1773 2581 1914 2633 ἐκεί-

341 2693 462 2738 νοις
494 2678 607 2740 τοῖς
652 2676 843 2739 ἐνδεῶς
879 2676 1061 2746 ἔχουσι
1118 2678 1252 2747 πρὸς
1284 2677 1383 2746 τὴν
1429 2676 1762 2729 κατάστασιν
1791 2674 1914 2727 καθ’

342 2769 416 2838 ἢν
466 2768 638 2823 ταῦτα
688 2769 1025 2837 παρέλαϐον’
1067 2770 1136 2822 τὰ
1205 2768 1262 2821 δέ
1309 2785 1372 2836 γε
1421 2767 1779 2837 βελτιωθέντα
1819 2766 1915 2818 καὶ

343 2860 754 2931 ὲπαυξηθέντα,
795 2861 976 2925 καλῶς
1028 2862 1241 2932 ἔχοντα,
1294 2861 1394 2915 οὐκ
1430 2859 1911 2927 ἐλαττωθήσονται,

339 2951 481 3005 ἀλλὰ
514 2954 769 3020 μένουσιν
809 2954 883 3015 ὡς
915 2953 1149 3023 ἔχουσιν.
1184 2955 1245 3006 Οἱ
1266 2953 1321 3006 δὲ
1356 2954 1477 3019 κατ’
1506 2952 1759 3021 ἐφορείαν
1793 2968 1914 3002 και-

344 3045 507 3114 ρικὴν
534 3047 630 3099 καὶ
660 3046 852 3116 ἑτέραν
891 3047 1203 3115 οἰκονομίαν
1243 3046 1531 3099 ἐκδοθέντα
1568 3043 1909 3111 κατέχοντες,

2023 568 2352 633 pervenerit,
2391 569 2509 624 sive
2558 569 2758 638 alioqui
2803 584 2870 625 ex
2923 568 3062 622 fama
3122 567 3456 634 aliquorum,
3496 563 3578 614 vel

2019 659 2181 712 etiam
2213 660 2377 715 unius
2407 661 2701 725 audiverit,
2732 671 2887 726 tunc,
2925 670 2983 715 nt
3020 661 3229 716 dictum
3264 667 3370 717 est.
3400 659 3576 726 ingrcc

2020 749 2226 812 dietur,
2259 761 2312 805 et
2364 753 2804 821 perscrutabitur
2860 752 3054 807 delicta
3094 752 3307 807 animae.
3363 747 3575 801 etiamsi
3633 810 3650 828 .

2018 843 2066 895 is
2120 842 2213 911 qui
2274 842 2431 906 dixit,
2490 845 2630 898 nolit
2684 845 2868 899 subire
2927 842 3191 911 probandi
3250 840 3576 909 periculum.

2019 933 2193 987 Homo
2223 936 2366 989 enim
2399 934 2775 1000 Christianus,
2803 936 3023 1003 quando
3059 933 3262 1003 aliquid
3292 947 3399 987 non
3430 938 3578 986 recte

2018 1026 2225 1081 factum
2260 1027 2548 1091 audiverit,
2598 1029 2762 1084 debet
2813 1030 2916 1082 hoc
2950 1028 3128 1082 dicere
3154 1025 3429 1081 communi
3470 1023 3577 1090 ςρῑο

2019 1119 2202 1174 rituali
2232 1120 2386 1175 Patri
2430 1131 2483 1175 et
2519 1123 2775 1176 antistiti.
2814 1119 3072 1174 Fortasse
3104 1126 3284 1172 autem
3328 1132 3436 1172 non
3462 1115 3576 1167 vult

2016 1210 2119 1264 hoc
2138 1210 2322 1265 subire
2351 1212 2685 1281 periculum;
2720 1221 2771 1267 et
2797 1220 3014 1281 propter
3034 1208 3300 1279 ejusmodi
3328 1223 3575 1269 causam,

2018 1303 2215 1357 delicta
2249 1304 2445 1357 animae
2473 1305 2818 1359 inobservata
2853 1312 2907 1358 et
2938 1304 3246 1356 incorrecta
3267 1299 3579 1369 relinquere

2019 1404 2099 1448 est
2139 1395 2298 1449 valde
2328 1395 2641 1457 absurdum,
2676 1396 2828 1448 nullo
2858 1407 3186 1464 quocunque
3236 1391 3440 1460 scripto
3472 1390 3577 1442 im-

2018 1487 2298 1557 peratorio
2343 1487 2427 1542 vel
2478 1484 2832 1557 patriarchali
2886 1487 2990 1538 hoc
3048 1484 3401 1553 prohibente.
3469 1480 3578 1536 Sed

2022 1583 2359 1636 monasteria
2385 1581 2604 1650 quidem
2630 1580 2830 1634 debent
2849 1593 2954 1632 non
2981 1579 3231 1631 innovata
3259 1573 3577 1630 conservari

2023 1674 2080 1727 in
2112 1674 2646 1742 perscrutationibus
2680 1687 2867 1725 eorum
2919 1671 3011 1740 qui
3050 1670 3361 1733 mittuntur,
3414 1668 3579 1721 nullis

2026 1766 2223 1822 exinde
2270 1767 2411 1821 datis
2461 1766 2801 1836 sumptibus.
2850 1763 3006 1817 Tunc
3054 1762 3198 1815 enim
3246 1761 3441 1813 anima:
3482 1760 3579 1811 dc-

2020 1859 2276 1913 lictorum
2327 1857 2601 1912 correctio
2646 1856 2828 1919 facile,
2867 1857 2911 1909 si
2965 1856 3109 1909 Deus
3154 1854 3323 1915 volet,
3372 1853 3483 1906 fiet.
3518 1852 3575 1904 lu

2018 1950 2367 2005 monasteriis
2402 1960 2584 2004 autem
2619 1964 2737 2018 qure
2767 1948 2832 2001 ad
2869 1948 3288 2009 incrementum,
3331 1955 3384 1999 et
3434 1945 3577 2014 regio

2018 2059 2142 2097 men
2172 2043 2284 2096 sive
2312 2041 2872 2104 administrationem,
2904 2048 2999 2093 aut
3028 2038 3247 2094 omnino
3271 2038 3576 2092 libertatem

2016 2136 2141 2189 data
2178 2144 2328 2199 sunt,
2363 2149 2471 2188 non
2506 2133 2681 2187 solum
2720 2135 2826 2187 alia
2859 2133 3051 2187 anima).
3080 2132 3278 2187 delicta
3312 2132 3576 2199 inquiret,

2018 2233 2113 2287 sed
2143 2234 2309 2287 etiam
2347 2248 2411 2285 an
2460 2232 2720 2286 dissoluta
2772 2231 2904 2293 sint,
2959 2231 3043 2283 vel
3095 2227 3470 2282 dissolvantur
3521 2227 3575 2277 in

2019 2334 2173 2394 parte
2198 2326 2282 2379 vel
2309 2324 2361 2378 in
2395 2324 2709 2378 universum
2745 2323 2812 2377 ah
2844 2323 2931 2386 iis,
2968 2320 3060 2390 qui
3092 2335 3152 2374 ea
3192 2333 3449 2388 accepere
3483 2326 3576 2371 ιρι

2018 2416 2063 2470 si
2096 2414 2337 2468 inveniet
2366 2414 2419 2467 in
2453 2413 2520 2468 iis
2550 2414 2766 2483 aliquas
2804 2412 2919 2466 ﬁeri
2958 2411 3387 2465 imminutiones.
3419 2416 3579 2475 coget

2015 2510 2323 2565 detinentes
2347 2524 2407 2563 ea
2432 2508 2742 2568 restituere,
2775 2503 3229 2575 quemadmodum
3291 2517 3575 2571 arccperc,

2016 2612 2070 2657 et
2106 2601 2411 2656 secundum
2443 2599 2762 2655 monasterii
2808 2598 3160 2663 facultatem;
3211 2595 3304 2663 sed
3354 2594 3407 2647 in
3472 2592 3578 2646 illis

2017 2694 2263 2764 quidem,
2314 2692 2408 2760 qui
2462 2701 2684 2760 propter
2739 2689 2977 2759 inopiam
3037 2703 3145 2741 non
3204 2686 3482 2743 sulliciunt
3510 2687 3574 2738 ad

2016 2796 2214 2839 Statum
2240 2787 2293 2838 in
2314 2799 2422 2853 quo
2447 2796 2509 2836 ea
2543 2797 2841 2851 accepere;
2873 2795 2994 2850 qua:
3027 2789 3152 2832 sunt
3178 2789 3357 2833 autem
3384 2776 3576 2831 effecta

2016 2879 2242 2933 meliora
2272 2884 2325 2931 et
2356 2883 2544 2940 aucta,
2579 2890 2703 2929 cum
2735 2881 2883 2928 recte
2912 2888 2972 2927 se
3008 2872 3262 2935 habeant,
3288 2886 3421 2943 non
3480 2870 3579 2921 mi-

2016 2980 2282 3034 nuentur,
2322 2969 2413 3023 sed
2450 2968 2753 3021 manebunt
2798 2972 2857 3019 ut
2888 2980 2948 3019 se
2979 2963 3199 3017 habent.
3240 2961 3343 3027 Qui
3395 2969 3573 3015 autem

2015 3081 2078 3119 ea
2114 3065 2382 3129 detinent,
2423 3076 2544 3131 quae
2577 3066 2706 3115 sunt
2736 3057 2846 3117 illis
2883 3056 3107 3120 tradita,
3141 3065 3201 3109 ut
3235 3053 3476 3125 regimen
3522 3062 3578 3106 et

345 3139 444 3190 καὶ
474 3139 989 3209 καταλυμηνὰμενοι
1040 3139 1234 3204 ταῦτα,
1276 3140 1323 3190 εί
1364 3138 1438 3209 μὴ
1478 3137 1752 3208 βούλονται
1775 3137 1908 3189 ἀπο-

2017 3157 2549 3212 administrationem
2616 3153 2681 3207 ad
2744 3161 2959 3221 tempus
3013 3148 3352 3219 suscipiant,
3395 3158 3450 3201 et
3497 3146 3578 3201 eis

343 3231 608 3301 καθιστᾷν
638 3232 808 3285 ταῦτα
832 3233 912 3295 είς
945 3232 974 3284 ὃ
1022 3230 1330 3301 παρέλαϐον
1374 3231 1579 3301 σχῆμα,
1614 3231 1701 3282 ἵνα
1746 3230 1912 3294 ἀφαι-

347 3323 571 3392 ρῶνται,
603 3324 677 3394 μὴ
719 3323 1084 3393 ὠφελούμενοι
1109 3323 1204 3391 ἀφ’
1233 3316 1307 3376 ὦν
1350 3323 1565 3391 ἔχουσιν
1595 3322 1909 3391 ἐγγράφων,

343 3414 681 3486 προθεσμίας
707 3415 986 3485 διδομένης
1018 3416 1200 3478 αὐτοῖς
1231 3414 1595 3485 ἁρμοζούσης.
1614 3413 1832 3476 Μεταξὺ
1855 3413 1912 3465 δὲ

342 3507 447 3575 τῆς
470 3507 807 3577 προθεσμίας
840 3506 1145 3576 ὀφείλουσιν
1175 3506 1573 3578 ὲπιτηρεῖσθαι,
1609 3508 1659 3557 εί
1689 3505 1909 3575 φροντί-

344 3601 532 3662 ζουσιν
560 3599 742 3668 ἔργοις
776 3600 959 3662 αὐτοῖς
1007 3601 1136 3666 περὶ
1170 3599 1267 3668 τῆς
1302 3600 1383 3661 είς
1434 3599 1497 3651 τὸ
1545 3600 1773 3667 ἀρχαῖον
1813 3597 1911 3649 αὐ-

342 3692 454 3743 τῶν
480 3694 891 3753 καταστάσεως,
917 3692 992 3754 ὡς
1046 3691 1364 3761 δεδήλωται.
1402 3690 1534 3744 Τότε
1565 3690 1674 3760 γὰρ
1714 3691 1741 3759 ἡ
1779 3706 1911 3759 προ-

344 3782 548 3853 θεσμία
594 3784 1020 3855 φυλαχθὴσεται.
1057 3789 1118 3838 Αἱ
1156 3787 1212 3839 δὲ
1252 3787 1543 3852 ἀποταγαὶ,
1600 3786 1721 3837 ἐπεὶ
1761 3784 1911 3853 παρὰ

345 3880 579 3939 κανόνας
605 3878 834 3930 δίδονται
856 3880 950 3931 καὶ
989 3880 1380 3948 λαμϐάνονται,
1411 3876 1730 3948 σχολάσουσι
1766 3894 1907 3929 πιν-

343 3970 517 4033 τελῶς
536 3972 644 4025 ἀπὸ
673 3974 765 4026 τοῦ
802 3972 917 4035 νῦν,
956 3976 1046 4025 καὶ
1074 3975 1102 4026 ὀ
1133 3974 1520 4045 εὑρισκόμενος
1549 3973 1842 4042 λαμϐάνων
1872 3974 1904 4042 ἢ

343 4065 541 4128 διδοὺς,
576 4066 624 4118 εί
658 4070 758 4136 μέν
799 4068 947 4120 ἐστιν
973 4066 1294 4137 ἡγούμενος,
1326 4068 1412 4119 ἵνα
1446 4068 1774 4134 ὲκδιώκηται
1804 4066 1910 4118 ἀπὸ

324 4159 448 4229 ’τῆς
477 4161 870 4228 ήγουμενείας·
906 4160 952 4212 εί
991 4158 1046 4210 δὲ
1081 4160 1510 4227 χαριστικάριος,
1544 4157 1910 4229 ἐκδιωχθήσε-

342 4269 435 4305 ται
479 4250 587 4305 ἀπὺ
614 4252 714 4319 τῆς
751 4252 940 4321 μονῆς.
982 4252 1048 4303 Al
1077 4253 1131 4304 δὲ
1167 4251 1272 4303 ἀπὸ
1318 4253 1425 4304 τῶν
1456 4250 1909 4322 προσερχομένων

344 4345 428 4407 εις
462 4345 772 4415 ἁπόκαρσιν
807 4345 1095 4412 γινόμεναι
1142 4344 1404 4406 ἑκουσίοις
1443 4343 1538 4395 καὶ
1597 4344 1739 4395 κατὰ
1774 4341 1910 4409 γνώ-

348 4454 458 4507 μην
487 4439 594 4490 τῶν
645 4439 1063 4508 προσφερόντων,
1091 4437 1433 4508 προσενέξεις
1482 4436 1909 4507 προεδεχθήσον-
1935 4487 1989 4549 D

342 4547 460 4595 ται,
496 4534 592 4583 καὶ
617 4532 1102 4602 ἀπογραφήσονται
1158 4533 1217 4584 ὲν
1262 4531 1339 4601 τῷ
1365 4531 1566 4603 βρεϐίῳ
1596 4530 1693 4600 τῆς
1719 4533 1906 4600 μονῆς,

344 4626 608 4695 είδήσεως
634 4625 917 4694 διδομένης
940 4626 1067 4693 περὶ
1094 4624 1205 4677 τῶν
1233 4625 1697 4695 προσφερομένων
1717 4624 1809 4675 καὶ
1834 4623 1912 4691 τῷ

345 4719 636 4788 ἁγιωτάτῳ
666 4718 1002 4788 πατριάρχῃ,
1028 4721 1130 4770 κᾶν
1155 4720 1204 4769 οἱ
1226 4718 1289 4770 τὰ
1331 4721 1666 4786 μοναστήρια
1697 4716 1912 4785 ἔχοντες

344 4810 714 4879 ὑπομνήματα
734 4811 1027 4880 κέκτηνται
1052 4811 1177 4879 περὶ
1194 4811 1287 4880 τοῦ
1310 4810 1607 4879 λαμϐάνειν
1629 4810 1910 4876 άποταγὰς

345 4905 440 4958 καὶ
467 4904 836 4974 προσενέξεις,
866 4906 963 4958 καὶ
1008 4904 1423 4974 ἀποκερδυιίνειν
1456 4904 1659 4964 ταύτας
1682 4920 1697 4934 -
1752 4902 1910 4955 τοῦτο

343 4999 452 5067 γὰρ
478 4998 585 5050 ἀπὸ
609 4996 702 5049 τοῦ
746 4996 840 5049 νῦν
865 4997 1067 5062 ὀφείλει
1097 4997 1373 5066 σχολάσαι,
1408 4996 1502 5049 καὶ
1532 4995 1775 5063 γίνεσθαι
1812 5015 1910 5049 κα-

349 5091 457 5151 θὼς
477 5089 683 5142 ἄνωθεν
708 5092 923 5159 εἰρηται
950 5107 963 5120 ι
1006 5088 1142 5143 ἀλλὰ
1181 5092 1272 5142 καὶ
1298 5092 1355 5142 αί
1387 5090 1687 5159 σωζόμεναι
1715 5107 1910 5160 προσε-

345 5187 519 5251 νὲξεις
544 5189 641 5239 οὐκ
669 5186 976 5255 ὀφείλουσιν
1021 5185 1380 5254 ἐκποιηθῆναι
1410 5188 1488 5255 τῇ
1543 5188 1763 5254 ἀφορμῇ
1800 5187 1907 5238 τῶν

343 5278 778 5348 ὑπομνημάτων.
822 5280 887 5333 Ἡ
916 5279 1099 5346 μέντοι
1128 5277 1349 5347 φροντὶς
1375 5277 1436 5328 οὐ
1470 5276 1629 5346 μόνον
1670 5277 1780 5329 τῶν
1806 5278 1908 5345 ψυ-

342 5370 453 5441 χῶν
477 5370 587 5422 τῶν
622 5368 895 5439 μοναχῶν,
926 5367 1065 5421 ἀλλὰ.
1096 5368 1189 5419 καὶ
1226 5367 1407 5420 αὐτῶν
1453 5367 1564 5419 τῶν
1601 5369 1901 5436 κωμικῶν,

342 5460 424 5529 τῷ
467 5462 753 5530 ἁγιωτάτῳ
788 5460 1103 5531 πατριάρχῃ
1136 5460 1442 5511 ἐπίκειται·
1476 5459 1569 5511 καὶ
1606 5460 1733 5511 ὅταν
1780 5461 1905 5512 θεά-

345 5550 508 5619 σηται
539 5567 660 5603 τινα
688 5550 796 5602 τῶν
819 5552 1102 5619 κοσμικῶν
1122 5549 1363 5619 διψῶντα
1383 5550 1482 5620 τὴν
1497 5549 1703 5603 οίκείαν
1726 5568 1903 5619 σωτη-

350 5646 493 5714 ρίαν,
536 5645 652 5715 πῶς
696 5644 973 5715 ἐνδέχεται
1024 5646 1112 5697 ἵνα
1145 5643 1425 5713 κωλύηται
1461 5643 1555 5695 τοῦ
1593 5644 1816 5696 τάσσειν
1845 5645 1903 5699 ὲν

344 5743 411 5809 τῇ
448 5740 582 5808 μονῇ
608 5736 699 5790 ἐπὶ
718 5737 957 5806 ψυχικῆς
990 5736 1259 5806 σωτηρίας
1286 5735 1381 5787 τοῦ
1411 5738 1848 5804 προσερχομένου
1882 5760 1894 5804 ;

350 5830 503 5894 Ἥξει
572 5828 681 5897 γὰρ
733 5828 1008 5883 ἀκώλυτον
1057 5830 1083 5879 ὁ
1128 5827 1427 5895 ἀῖῖώτατθῖ
1468 5826 1802 5896 ππρίάρχης
1836 5834 1893 5886 τὸ

2015 3252 2275 3306 damnum
2307 3247 2563 3311 all'erunt,
2597 3248 2640 3300 si
2675 3245 2853 3300 nolint
2888 3246 2941 3300 in
2996 3259 3143 3307 eum,
3202 3256 3311 3311 quo
3359 3255 3577 3307 accepe-

2014 3352 2162 3408 runt,
2202 3352 2402 3397 statum
2437 3358 2495 3395 ea
2528 3341 2841 3404 restituere,
2877 3337 3221 3400 auferantur,
3260 3349 3361 3388 nec
3410 3333 3477 3386 ab
3508 3331 3574 3386 iis

1982 3464 1986 3473 ι
2014 3453 2136 3506 quae
2165 3438 2363 3490 habent
2393 3434 2613 3503 scriptis
2650 3433 2930 3501 iuventur,
2956 3431 3037 3487 eis
3065 3430 3197 3484 dato
3227 3425 3574 3483 convenienli

2013 3531 2102 3585 die
2144 3528 2439 3599 praeﬁnito.
2467 3528 2677 3581 Interea
2709 3534 2912 3588 autem,
2962 3525 3087 3578 dum
3129 3520 3328 3591 pendet
3382 3517 3573 3570 termi-

2016 3639 2141 3687 nus,
2184 3623 2464 3677 observari
2500 3621 2720 3680 debent,
2765 3634 2832 3672 an
2889 3617 2991 3686 ipsi
3042 3614 3191 3685 operi
3248 3612 3315 3665 de
3354 3610 3575 3664 restitu-

2017 3717 2163 3770 tione
2202 3715 2414 3768 scilicet
2459 3714 2512 3766 in
2580 3711 2848 3780 integrum
2902 3712 3122 3767 vacent,
3182 3713 3240 3756 ut
3293 3712 3572 3757 ostensum

2015 3817 2121 3864 est.
2155 3807 2291 3860 Tntn
2324 3806 2468 3860 enim
2497 3805 2658 3858 etiam
2694 3801 2963 3855 terminus
2995 3795 3326 3853 servabitur.
3350 3793 3576 3847 Rennu-

2012 3900 2267 3953 tiationes
2302 3908 2506 3959 autem,
2541 3895 2801 3964 quoniam
2854 3900 3051 3962 praeter
3087 3903 3326 3943 canones
3367 3888 3567 3938 dantur

2013 4000 2066 4047 et
2099 3990 2469 4059 accipiuntur,
2500 3986 2701 4041 dehinc
2734 3986 2965 4039 omnino
3020 3984 3338 4041 cessabunt,
3375 3989 3425 4030 et
3480 3978 3571 4044 qui

2015 4084 2265 4151 accipere
2306 4080 2386 4134 vel
2419 4080 2553 4134 dare
2598 4079 2856 4130 inventus
2893 4074 3074 4137 fuerit,
3126 4073 3171 4126 si
3232 4072 3301 4125 sit
3357 4068 3573 4137 quidem

2012 4174 2331 4229 monasterii
2366 4172 2687 4241 praefectns,
2724 4184 2791 4223 ex
2840 4166 3161 4235 praefectura
3217 4162 3523 4229 expellatur
3558 4176 3571 4211 :

2014 4269 2099 4325 sin
2138 4276 2320 4321 autem
2349 4262 2786 4335 prazhendarius,
2827 4279 2855 4314 e
2890 4256 3221 4313 mooasterio
3251 4254 3571 4321 expelletur.

2014 4360 2143 4426 Quir
2174 4366 2355 4412 autem
2386 4356 2453 4408 ab
2488 4355 2575 4420 iis,
2610 4354 2700 4423 qui
2735 4352 2797 4406 ad
2836 4360 3122 4403 tonsuram
3153 4348 3398 4407 veniunt,
3434 4343 3570 4395 ﬁunt

2015 4452 2351 4508 oﬂ‘erentium
2382 4459 2679 4517 spontanea
2708 4444 2988 4498 voluntate
3021 4440 3347 4498 oblationes,
3385 4433 3563 4487 susci-

2018 4545 2233 4614 pientur
2269 4549 2322 4595 et
2361 4538 2749 4593 describentur
2797 4535 2852 4588 in
2912 4530 3185 4585 breviario
3234 4523 3572 4586 monasterii,

2013 4636 2081 4691 de
2109 4637 2175 4689 iis
2200 4648 2322 4702 quae
2352 4631 2660 4686 oﬂcruntur
2686 4629 2850 4684 etiam
2873 4624 3221 4681 sanctissimo
3252 4616 3575 4689 patriarcha:

2012 4728 2327 4797 cognitione
2364 4724 2529 4789 data;
2560 4720 2778 4776 etiamsi
2810 4715 3142 4772 monasteria
3185 4719 3429 4768 tenentes
3473 4708 3575 4762 do-

2013 4828 2269 4873 cumenta
2302 4814 2543 4869 habeant
2569 4812 2637 4867 de
2690 4808 3029 4878 accipiendis
3072 4801 3574 4860 renuntiationibus

2011 4920 2064 4965 et
2088 4907 2480 4968 oblationibus,
2528 4913 2582 4959 et
2629 4904 2696 4957 iis
2745 4896 3155 4956 lncril‘aciendis
3211 4912 3226 4950 :
3280 4895 3383 4947 hoc
3427 4891 3570 4945 enim

2010 5014 2229 5056 cessare
2252 5014 2398 5052 nunc
2439 4996 2619 5060 debet,
2652 5003 2706 5049 et
2736 4994 2849 5046 ﬁeri
2882 4986 3346 5060 quemadmodum
3395 4998 3564 5051 supe-

2009 5095 2129 5149 rius
2161 5094 2364 5147 dictum
2396 5100 2512 5153 est;
2545 5089 2638 5144 sed
2675 5088 2837 5139 etiam
2877 5091 3105 5138 servatae
3129 5079 3435 5135 oblationes
3461 5090 3571 5129 non

2008 5185 2210 5239 debent
2270 5184 2493 5235 alienari
2558 5185 2823 5248 praetextu
2877 5176 3350 5229 documentorum.
3402 5167 3573 5221 Porro

2007 5287 2192 5332 autem
2230 5290 2338 5328 non
2374 5273 2550 5327 solum
2609 5285 2739 5324 cura
2797 5267 3105 5321 animarum
3150 5262 3585 5320 monachorum,-

2008 5369 2103 5424 sed
2131 5367 2375 5437 ipserqu
2408 5364 2572 5417 etiam
2611 5362 2981 5419 szecularium.
3015 5355 3284 5411 incumbit
3324 5351 3561 5407 sanctis-

2006 5462 2144 5516 simo
2171 5458 2492 5525 patriarchae
2526 5472 2541 5508 :
2591 5462 2646 5509 et
2678 5454 2898 5524 quando
2948 5436 3144 5507 viderit
3177 5450 3412 5515 aliquem
3462 5457 3565 5497 szc-

2006 5552 2276 5607 cularium
2332 5548 2610 5603 sitientetn
2644 5545 2923 5615 propriam
2980 5542 3233 5602 salutem,
3288 5534 3563 5605 quomodo

2005 5644 2284 5712 continget
2311 5639 2589 5709 prohiberi
2626 5639 2920 5708 quominus
2961 5636 3015 5687 in
3064 5629 3555 5686 monasterio-eum

2004 5740 2254 5800 collocct,
2281 5735 2344 5787 ad
2376 5734 2607 5786 salutem
2638 5732 2833 5784 animae
2860 5728 2976 5798 ejus
3006 5726 3096 5795 qui
3136 5722 3375 5779 accedit?
3407 5718 3555 5773 Citra

2012 5835 2180 5890 ullum
2218 5831 2359 5883 enim
2393 5826 2837 5896 impedimentum
2864 5820 3209 5875 sanctissimo
3236 5816 3558 5888 patriarchte
