3972 6488
369 333 472 396 θοι

451 558 467 589 ε
508 539 741 608 accipiat
798 541 1116 597 monasterii
1163 544 1450 602 muliebris
1498 547 1773 617 praelecta,
1814 564 1938 605 cum

441 649 458 682 ι
501 631 679 701 aliqua
717 648 826 687 anu
867 636 1154 691 monacha.
1187 635 1244 693 Si
1272 647 1456 696 autem
1485 641 1704 697 eveniat
1737 651 1797 696 ut
1839 643 1941 697 ali-

451 745 466 767 a
513 739 677 790 quam
758 726 888 782 velit
940 737 1229 798 cognatam
1291 730 1594 786 monachus
1647 734 1939 802 aspicere,

456 836 473 866 ε
515 827 782 882 ιιι-ατερηῑο
814 817 1070 887 ιιι-πίθοιο
1100 836 1224 875 cum
1272 837 1335 876 ea
1374 824 1720 893 colloquatur
1746 824 1945 894 exiguo

458 931 478 960 ε
517 921 569 964 et
604 911 754 964 brevi
784 927 1060 978 sermone,
1104 921 1158 968 et
1191 928 1314 969 mox
1347 917 1416 972 ab
1445 931 1508 972 ea
1536 918 1781 972 recedat.
1809 935 1828 969 ι

449 1183 642 1240 BALS.
678 1182 734 1238 ln
764 1185 943 1253 primo
984 1183 1206 1254 quidem
1259 1200 1381 1252 cap.
1414 1185 1480 1238 12
1532 1185 1613 1238 tit.
1661 1196 1944 1254 prmsentts

377 1281 560 1348 operis
597 1280 830 1334 diversae
859 1281 1006 1350 leges
1041 1281 1108 1334 de
1137 1281 1484 1334 monasteriis
1526 1279 1739 1334 tradita.-
1767 1292 1893 1335 sunt
1928 1298 1944 1335 :

385 1387 626 1439 przrsens
660 1381 837 1426 autem
879 1386 1050 1423 canon
1086 1372 1363 1438 contituit,
1396 1386 1501 1425 n0n
1543 1387 1664 1426 esse
1701 1373 1945 1427 facienda

378 1467 617 1533 duplicia
655 1465 1011 1532 monasteria,
1051 1482 1118 1519 ne
1150 1465 1305 1518 multi
1360 1481 1429 1520 ex
1474 1481 1540 1521 eo
1577 1466 1943 1522 olfendantur.

378 1557 659 1627 Tanquam
699 1570 880 1612 autem
925 1560 1125 1614 dixerit
1178 1560 1475 1629 quispiam,
1529 1561 1633 1616 hoc
1673 1577 1794 1616 esse
1843 1562 1946 1617 bo-

379 1662 593 1706 neslum
627 1653 826 1719 etjure
875 1653 1295 1726 admittendum,
1334 1653 1776 1725 quandoquidem
1803 1673 1948 1726 quaa-

379 1742 500 1797 dam
535 1746 777 1813 suspicio
809 1746 1064 1801 inciderit
1097 1755 1319 1817 propter
1361 1762 1624 1816 personas
1670 1763 1774 1803 non
1801 1750 1938 1803 satis

382 1837 573 1892 firmas
611 1847 663 1892 et
696 1839 946 1906 stabiles,
984 1839 1052 1906 (si
1107 1839 1250 1895 enim
1308 1854 1337 1893 a
1393 1841 1707 1910 suspicione
1759 1842 1942 1906 alieni,

391 1931 611 1998 cognati
647 1931 879 1987 fortasse
908 1933 992 1986 vel
1027 1933 1225 1988 fratres
1265 1933 1347 1988 vel
1381 1933 1469 1989 alii
1509 1933 1802 2002 ejusmodi,
1849 1950 1947 1988 vc-

380 2025 484 2078 lint
539 2041 659 2080 esse
715 2026 994 2090 monachi,
1031 2041 1132 2081 cur
1186 2043 1294 2083 non
1326 2028 1404 2082 eis
1438 2028 1624 2082 licebit
1655 2028 1709 2082 in
1741 2029 1945 2098 duplici

383 2120 716 2171 monasterio
768 2117 1099 2191 habitare?)
1162 2120 1354 2174 dicunt
1415 2122 1630 2183 Patres,
1683 2122 1828 2190 quod
1880 2138 1948 2177 ne

378 2223 511 2266 tunc
561 2211 782 2282 quidem
843 2223 1108 2282 cognatos
1154 2214 1319 2268 simul
1372 2213 1622 2270 habitare
1677 2223 1943 2284 oporteat,

381 2322 448 2360 ne
489 2306 659 2375 aliqui
694 2323 759 2361 ex
797 2321 862 2361 eo
885 2307 1274 2363 offondantur:
1327 2309 1423 2364 sed
1475 2310 1560 2364 vir
1615 2310 1834 2377 quidem
1893 2311 1946 2364 in

378 2402 623 2454 virorum
686 2402 969 2470 proprium
1031 2403 1424 2457 monasterium
1493 2406 1688 2468 abeat,
1753 2405 1949 2458 mulier

379 2481 561 2547 autem
601 2493 655 2545 in
689 2492 998 2546 mulierum.
1044 2491 1136 2546 Sic
1189 2495 1333 2547 enim
1390 2493 1633 2550 viventes
1683 2497 1945 2564 separati.

381 2585 492 2640 Deo
519 2587 730 2656 accepti
789 2587 1050 2640 servient.
1104 2585 1236 2653 Quae
1291 2589 1442 2657 prius
1491 2598 1671 2643 autem
1732 2589 1948 2644 fuerant

295 2713 312 2728 κ
377 2679 617 2748 duplicia
660 2680 1000 2732 monasteria
1042 2695 1107 2733 ex
1149 2677 1375 2733 deereto
1437 2687 1493 2734 et
1553 2681 1947 2736 constitutioae

379 2768 560 2839 magni
606 2769 783 2825 Patris
837 2770 1027 2826 Basilii
1079 2772 1450 2827 administrari
1492 2773 1801 2842 jusserunt,
1840 2775 1947 2829 sci-

377 2861 503 2916 licet
533 2869 592 2915 ut
626 2877 734 2916 non
768 2872 1186 2928 conversentur,
1220 2863 1322 2918 hoc
1346 2876 1450 2927 est,
1487 2880 1594 2918 non
1627 2865 1945 2919 cohabitelt

376 2953 477 3006 viri
541 2963 594 3008 et
669 2953 926 3008 mulieres
997 2955 1050 3008 in
1120 2970 1227 3010 uno
1278 2956 1640 3021 monasterio;
1685 2956 1941 3024 quoniam

377 3043 627 3099 adulterii
687 3046 926 3114 suspicio
985 3045 1164 3100 oritur
1222 3063 1288 3101 ex
1349 3047 1777 3103 cohabitatione.
1837 3049 1940 3103 Sed

376 3152 556 3206 neque
586 3137 890 3191 monachus
926 3137 1250 3206 potestatem
1294 3138 1490 3193 habeat
1519 3155 1640 3193 cum
1674 3140 1936 3194 monacha
1972 3159 2017 3216 ο

377 3243 624 3283 seorsum
663 3229 1084 3295 contabulandi,
1112 3231 1196 3284 vel
1235 3230 1578 3295 comedendi,
1614 3231 1697 3285 vel
1729 3231 1782 3285 in
1818 3248 1942 3284 mn-

379 3321 534 3374 liebri
603 3323 937 3376 monasterio
1018 3323 1410 3391 pernoctandi;
1483 3322 1942 3390 quemadmodum

380 3432 480 3471 nec
511 3405 724 3472 contra.
761 3417 892 3482 Quae
948 3425 1126 3470 autem
1187 3426 1314 3469 sunt
1373 3416 1699 3470 monialibus
1746 3417 1812 3470 ad
1864 3418 1948 3472 vi-

377 3521 523 3563 ctum
575 3507 903 3569 necessaria,
961 3523 988 3560 a
1031 3509 1162 3561 viris
1213 3509 1582 3576 recipiantur,
1640 3509 1943 3563 non‘intra

379 3601 799 3660 mooasterium,
836 3598 930 3652 sed
959 3607 1122 3664 extra
1154 3607 1366 3668 portam
1404 3598 1542 3664 ejus,
1579 3614 1672 3666 per
1724 3615 1940 3653 manum

379 3690 696 3745 monasterii
753 3691 1020 3758 pra'l'ectze
1069 3699 1122 3744 et
1172 3706 1311 3744 anus
1359 3692 1660 3744 monachm.
1716 3691 1770 3745 Si
1821 3692 1945 3763 quis

380 3794 558 3838 autem
593 3782 892 3837 monachus
939 3782 1069 3835 velit
1104 3781 1422 3836 monacham
1472 3793 1757 3851 cognatam
1788 3799 1944 3840 suam

378 3875 647 3944 aspicere,
683 3889 749 3928 ne
777 3873 937 3927 liceat
990 3874 1038 3927 ei
1070 3889 1320 3928 seorsum
1353 3890 1477 3927 cum
1526 3891 1591 3929 ea
1649 3891 1939 3932 sermones

377 3967 675 4023 conferre:
715 3966 807 4021 sed
845 3965 897 4019 in
935 3967 1226 4034 prasentia
1275 3965 1546 4032 pragfectze
1598 3969 1941 4034 monasterii,

376 4066 431 4112 et
483 4057 736 4127 protinus
781 4058 1058 4111 recedere.
1102 4055 1308 4110 Nomen
1349 4069 1529 4111 autem
1577 4057 1776 4123 δίαιτα,
1810 4075 1944 4127 non,

380 4162 439 4205 ut
471 4151 611 4220 apud
671 4150 1084 4221 grammaticos.
1125 4165 1224 4219 pro
1256 4151 1530 4216 convivio,
1578 4153 1674 4206 sed
1717 4169 1812 4221 pro
1845 4154 1942 4206 ha-

374 4243 643 4298 bitatione
701 4244 1005 4310 accipitur:
1060 4243 1241 4297 δίαιτα
1289 4243 1433 4298 enim
1486 4246 1628 4312 apud
1668 4246 1946 4314 juriscon-

377 4338 554 4392 sultos
600 4345 684 4391 est
724 4336 1128 4391 habitaculum.
1163 4335 1409 4404 Duplicia
1451 4347 1632 4392 autem
1666 4350 1944 4394 monaste-

379 4445 454 4482 ra
514 4428 628 4485 diri
691 4428 938 4484 nonnulli
1005 4427 1370 4494 allirmabant,
1445 4445 1550 4483 non
1607 4446 1727 4500 qua:
1779 4431 1942 4486 simul

1636 341 1916 404 THEOD.
1960 341 2054 398 ΒΛ
2065 343 2257 403 LSAM
2265 345 2362 404 ON

452 468 468 492 α
511 449 730 516 gularcs
766 443 1001 502 feminas
1030 447 1376 512 deferuntur.
1408 461 1562 508 extra
1589 465 1801 524 portam
1829 457 1944 510 haec
1971 455 2020 511 Α

3510 356 3616 411 99⁸2

2125 473 2144 506 ‹
2182 455 2430 526 ἀνδρείου
2489 455 2690 525 μέρους
2740 456 2878 526 πρὸς
2922 455 3021 520 τὰς
3068 458 3361 522 κανονικὰς
3416 461 3619 515 ἀποκο-

2127 565 2146 597 σ
2189 545 2459 610 μίζονται,
2491 547 2690 615 ἔξωθεν
2713 549 2814 618 τῆς
2854 549 3032 619 πύλης
3081 550 3258 606 ταῦτα
3286 553 3618 622 λαμϐανέτω

2124 658 2142 690 ι
2181 641 2213 708 ἡ
2247 640 2524 711 ἡγουμένη
2556 641 2649 695 τοῦ
2674 644 2992 711 γυναικείου
3033 646 3422 715 μοναστηρίου,
3480 655 3616 716 μετὰ
3689 659 3691 672 ¹

2123 749 2142 782 ‹
2180 735 2351 802 γραός
2387 751 2532 798 τινος
2558 739 2892 808 μοναστρίας
2911 755 2926 770 ’
2971 741 3023 792 εἰ
3059 740 3116 793 δὲ
3138 742 3342 813 συμϐῇ,
3367 745 3461 796 καὶ
3487 761 3620 812 συγ-

2118 840 2136 873 (
2173 823 2302 892 γενῆ
2332 841 2453 877 τινα
2495 825 2637 878 θέλει
2675 827 3024 882 θεάσασθαιὸ
3057 833 3309 902 μοναχδς,
3347 834 3440 886 ἐπὶ
3475 851 3619 906 παρ-

2125 933 2143 966 ι
2183 915 2340 988 ουσία
2388 921 2487 985 τῆς
2539 920 2857 990 ἡγουμένης
2887 923 3056 995 ταύτῃ
3103 927 3504 994 προσομιλεῖτω
3529 928 3619 980 διὰ

2128 1027 2148 1060 ι
2192 1011 2407 1080 μικρῶν
2446 1014 2540 1065 καὶ
2573 1014 2822 1085 βραχέων
2859 1015 3059 1086 λόγων,
3096 1019 3192 1073 καὶ
3227 1022 3507 1091 συντόμως
3555 1022 3618 1087 ἐξ

2125 1120 2144 1152 ι
2184 1101 2354 1173 αὐτῆς
2386 1104 2839 1176 ἀπαναχωρείτω.
2879 1128 2898 1160 ›

2109 1191 2306 1247 ΒΑΛΣ.
2345 1194 2433 1247 Ἐν
2488 1197 2585 1264 μὲν
2616 1198 2692 1268 τῷ
2726 1206 2774 1253 α’
2808 1201 3002 1267 κεφαλ.
3034 1201 3129 1255 τοῦ
3181 1203 3245 1271 ιβ’
3311 1205 3492 1259 τίτλου
3524 1207 3618 1258 τοῦ

2047 1285 2315 1353 παρόντος
2340 1289 2718 1359 συντάγματος
2782 1295 3242 1365 κατεστρώθησαν
3278 1298 3510 1368 διάφορα
3535 1299 3622 1351 νό-

2050 1396 2192 1448 μιμα
2231 1382 2390 1450 χάριν
2447 1383 2556 1436 τῶν
2610 1387 2992 1455 μοναστηρίων
3015 1407 3030 1420 ’
3060 1392 3088 1442 ὁ
3115 1391 3172 1444 δὲ
3207 1392 3399 1463 παρὼν
3437 1396 3620 1448 κανὼν

2044 1468 2337 1539 διορίζεται
2391 1473 2465 1542 μὴ
2510 1475 2758 1542 γίνεσθαι
2812 1480 2977 1534 διπλᾶ
3026 1487 3386 1556 μοναστήρια,
3424 1487 3516 1540 δια
3557 1488 3620 1541 τὸ

2050 1559 2126 1630 μὴ
2173 1562 2625 1627 σκανδαλίζεσθαι
2650 1569 2716 1620 ἐκ
2751 1569 2944 1624 τούτου
2972 1573 3097 1635 τοὺς
3131 1574 3381 1639 πολλούς.
3419 1576 3510 1638 Ὣς
3559 1578 3617 1632 δέ

2045 1668 2190 1714 τινος
2224 1655 2469 1720 εἰπόντος
2499 1659 2663 1712 καλὸν
2707 1655 2847 1715 εἶναι
2879 1666 2972 1716 καὶ
3001 1667 3413 1735 εὐπαράδεκτον
3435 1670 3610 1732 τοῦτο,

2047 1741 2175 1794 ὅταν
2205 1743 2410 1810 ὑποψία
2446 1764 2531 1810 τις
2567 1749 2838 1823 ὑποτρέχῃ
2867 1753 2958 1807 διὰ
3003 1755 3070 1810 τὰ
3095 1759 3403 1828 ἀστήρικτα
3446 1764 3616 1833 πρόσ-

2048 1849 2170 1883 ωπα
2190 1871 2208 1898 ,
2234 1833 2302 1901 (εί
2334 1836 2440 1905 γὰρ
2483 1837 2803 1902 ἀνύποπτοι,
2858 1849 3143 1915 συγγενεῖς
3169 1851 3354 1918 τυχὸν,
3399 1852 3615 1919 ἀδελφοὶ

2048 1923 2081 1991 ἦ
2109 1924 2288 1995 ἕτεροι
2342 1931 2611 2002 τοιοῦτοιη
2644 1933 2928 2004 θελήσουσι
2989 1940 3218 2009 μονάσαι
3249 1983 3264 2007 ,
3323 1943 3410 1996 ἴνα
3454 1945 3506 1997 τί
3557 1946 3614 1998 οὐ

2051 2019 2626 2088 παραχωρηθήσονται
2675 2027 2757 2090 εἰς
2787 2028 3008 2082 διπλοῦν
3037 2036 3314 2086 κατοικεῖν
3345 2039 3617 2107 μοναστήο

2050 2127 2166 2180 ριον
2188 2112 2227 2179 ;)
2298 2116 2462 2180 φασὶν
2491 2117 2541 2169 οἱ
2570 2120 2812 2188 Πατέρες
2865 2121 2941 2184 ὡς
2973 2123 3095 2175 οὐδὲ
3123 2125 3432 2195 τηνικαῦτα
3494 2131 3618 2192 τοὺς

2051 2206 2338 2270 συγγενεῖς
2363 2206 2482 2260 δέον
2533 2210 2652 2262 ἐστὶ
2705 2217 2998 2277 συνοικεῖν,
3051 2215 3140 2270 ἵνα
3202 2220 3275 2289 μὴ
3316 2221 3384 2273 ὲκ
3425 2220 3616 2274 τούτου

2049 2296 2440 2364 προσκόπτωσί
2463 2317 2642 2362 τινες·
2699 2303 2815 2356 ἀλλ’
2859 2306 2888 2357 ὁ
2938 2307 3038 2375 μὲν
3085 2309 3227 2380 ἀνὴρ
3286 2312 3486 2366 ἀνιέτω
3539 2315 3618 2380 είς

2047 2386 2255 2458 ἀνδρῶν
2301 2393 2664 2462 μοναστήριον
2720 2396 3042 2451 ίδιαίτατον’
3076 2401 3201 2470 atat
3242 2403 3379 2471 γυνὴ
3408 2405 3491 2467 είς
3519 2422 3612 2472 γυ-

2047 2482 2304 2536 ναικεῖον.
2340 2481 2500 2537 Οὕτω
2539 2486 2647 2557 γὰρ
2694 2487 2900 2552 ζῶντες
2962 2496 3384 2564 κεχωρισμένοι,
3431 2497 3616 2567 εὐαρέ·

2049 2589 2193 2631 στως
2227 2574 2682 2649 δουλεύσουσιὲῷ
2704 2582 2846 2652 θεῷ.
2892 2583 2972 2636 Τὰ
3007 2585 3192 2654 μέντοι
3248 2590 3611 2658 προγεγονότα

2047 2664 2211 2716 διπλᾶ
2269 2668 2605 2737 μοναστήρια
2667 2674 3144 2740 παρεκελεύσαντο
3216 2679 3610 2745 πολιτεύεσθαι,

2048 2757 2192 2810 κατὰ
2233 2759 2325 2810 τὸν
2368 2762 2597 2830 ὁρισμὸν
2639 2765 2735 2817 καὶ
2775 2764 2873 2836 τὴν
2916 2767 3182 2837 διαταγὴν
3231 2770 3328 2823 τοῦ
3379 2772 3612 2842 μεγάλου

2048 2851 2263 2922 Πατρὸς
2290 2854 2596 2920 Βασιλείου,
2639 2857 2809 2926 ἤγουν
2846 2858 2923 2927 μὴ
2979 2861 3405 2925 συνδιαιτᾶσθαι,
3464 2881 3610 2918 τουτο

2047 2943 2163 2997 ἐστι
2188 2946 2261 3014 μὴ
2296 2949 2561 3000 συνοικεῖν
2617 2950 2817 3016 ἄνδρας
2847 2950 2943 3004 καὶ
2981 2955 3247 3020 γυναῖκας
3305 2958 3364 3008 ἐν
3397 2957 3478 3008 ἑνὶ
3523 2974 3611 3027 μο-

2051 3041 2367 3110 ναστηρίῳο
2405 3041 2486 3094 ὄτι
2531 3041 2734 3111 ὑποψία
2788 3043 2904 3096 ἐστὶ
2943 3045 3189 3114 μοιχείας
3239 3047 3345 3100 ἀπὸ
3380 3049 3483 3117 τῆς
3525 3068 3611 3103 συ·

2048 3130 2369 3199 νοικὴσεως.
2420 3132 2582 3185 Ἀλλὰ
2619 3133 2754 3200 μηδὲ
2797 3137 3031 3206 μοναχὸς
3062 3138 3235 3207 ἐχέτω
3271 3139 3454 3194 ἄδειαν
3480 3143 3610 3210 μετὰ

2053 3223 2292 3294 μοναχῆς
2322 3226 2445 3277 κατ’
2503 3224 2639 3278 ίδίαν
2673 3228 3024 3297 προσομιλεῖν
3053 3229 3086 3298 ἡ
3120 3231 3440 3295 συνεσθίειν,
3496 3235 3526 3302 ἢ
3557 3236 3609 3284 ἐν

2045 3317 2342 3385 γυναικείῳ
2377 3320 3194 3394 μοναστηρίῳ⁶διανυκτερεύειν
3213 3342 3226 3357 ·
3254 3324 3446 3395 ὥσπερ
3494 3329 3606 3381 οὐδὲ

2044 3407 2103 3460 τὸ
2143 3407 2434 3466 ἀνάπαλιν.
2501 3411 2584 3463 Τὰ
2642 3411 2697 3464 δὲ
2748 3414 3025 3481 ἀναγκαῖα
3065 3419 3186 3478 ταῖς
3257 3419 3608 3487 μοναζούσαις

2045 3501 2484 3570 ἀποκομίζεσθαι
2514 3504 2606 3557 διὰ
2662 3505 2891 3573 ἀνδρῶν,
2941 3508 3060 3578 οὐχὶ
3115 3510 3268 3572 ἐντὸς
3301 3511 3396 3562 τοῦ
3449 3531 3604 3578 μονα-

2048 3595 2294 3664 στηρίου,
2325 3594 2460 3648 ἀλλὰ
2495 3596 2653 3658 ἐκτὸς
2682 3597 2780 3664 τῆς
2841 3597 3016 3667 πύλης
3075 3599 3242 3652 αὐτοῦ
3295 3602 3384 3654 διὰ
3435 3607 3605 3674 χειρὸς

2045 3686 2359 3753 ἡγουμένης
2392 3687 2483 3740 καὶ
2519 3688 2849 3757 μοναστρίας
2873 3693 3058 3758 γραός.
3097 3693 3158 3744 Εἰ
3188 3693 3387 3760 δήποτέ
3413 3712 3500 3757 τις
3521 3715 3608 3764 μο-

2045 3776 2206 3846 ναχὺς
2234 3776 2452 3844 θελήσει
2486 3777 2782 3832 θεάσασθαι
2827 3781 3166 3849 μονάῖουσαν
3217 3787 3453 3854 συγγενῆ
3513 3790 3606 3838 αὑ-

2045 3867 2160 3933 τοῦ,
2197 3868 2271 3938 μὴ
2320 3870 2757 3940 παραχωρείσθω
2796 3874 2912 3924 κατ’
2947 3873 3078 3924 ἰξίαν
3118 3875 3237 3941 μετ’
3283 3877 3455 3945 αὐτῆς
3484 3895 3604 3931 συν-

2045 3959 2214 4028 είρειν
2252 3959 2468 4026 λόγους,
2501 3962 2636 4014 ἀλλὰ
2691 3964 2831 4015 κατὰ
2864 3965 3167 4033 παρουσίαν
3188 3968 3286 4035 τῆς
3313 3970 3608 4040 ἡγουμένης

2045 4055 2137 4106 καὶ
2165 4054 2224 4105 ἐν
2259 4053 2509 4124 συντόμῳ
2537 4053 2860 4123 ἀναχωρεῖν.
2908 4057 2981 4108 Τὸ
3027 4057 3200 4127 ὄνομα
3241 4060 3296 4113 δὲ
3341 4063 3437 4130 τῆς
3477 4061 3608 4114 διαί·

2043 4163 2141 4214 της
2188 4144 2289 4197 οὐκ
2361 4145 2764 4214 ὲκλαμϐἀνεται
2828 4149 2910 4210 είς
2969 4150 3242 4218 εὐωχίαν,
3294 4153 3436 4205 κατὰ
3487 4154 3606 4216 τοὺς

2044 4238 2488 4308 γραμματικοὺς,
2539 4238 2654 4292 ἀλλ’
2712 4241 2792 4302 εἰς
2865 4242 3219 4313 κατοίκησιν·
3266 4242 3448 4298 δίαιτα
3505 4245 3605 4318 γὰρ

2046 4330 2198 4401 παρὰ
2231 4332 2342 4394 τοῖς
2388 4333 2631 4401 νομικοῖς
2668 4333 2700 4401 ἡ
2740 4334 2994 4386 κατοικία
3041 4335 3180 4388 ἐστι.
3219 4336 3393 4390 Διπλᾶ
3429 4338 3485 4390 δὲ
3520 4356 3606 4405 μο-

2046 4425 2315 4490 ναστὴρια
2365 4418 2520 4476 εἶπόν
2550 4441 2697 4486 τινες
2753 4416 3009 4490 λέγεσθαι
3057 4426 3117 4479 οὗ
3178 4427 3247 4480 τὰ
3304 4428 3498 4498 ἔχοντα
3554 4432 3606 4483 ὲν

375 4519 577 4574 habent
609 4519 757 4575 viros
795 4529 848 4574 et
876 4518 1148 4585 [οη-ηἰηοε,
1191 4521 1281 4574 sed
1317 4535 1438 4589 qua:
1497 4536 1666 4590 prope
1708 4531 1762 4576 et
1809 4537 1942 4576 con-

2057 4513 2231 4582 ταυτῷ
2259 4515 2352 4568 καὶ
2380 4515 2580 4586 ἄνδρας
2608 4517 2703 4570 καὶ
2754 4519 3039 4585 γυναῖκας,
3079 4519 3215 4573 ἀλλὰ
3266 4495 3365 4573 τὰν-
3389 4521 3606 4591 πλησίον

367 4613 558 4680 juncte
591 4611 853 4666 aediﬁcata
879 4618 1031 4674 sunt,
1056 4622 1125 4665 οι·
1142 4622 1399 4680 tanquam
1428 4627 1595 4668 unum
1620 4621 1944 4682 reputantur

374 4716 592 4775 propter
625 4705 848 4758 multam
887 4706 1166 4759 unionem.
1201 4703 1306 4758 Sed
1335 4719 1401 4757 ex
1444 4704 1548 4757 hoc
1593 4719 1803 4759 canone
1843 4720 1941 4774 ap-

374 4805 550 4865 paret,
586 4812 692 4850 non
717 4797 822 4850 dici
860 4803 1148 4865 propterea
1177 4781 1411 4865 duplicia
1440 4796 1772 4850 monasteria
1798 4835 1813 4861 ,
1844 4795 1940 4851 sed

373 4889 521 4958 quod
581 4889 634 4942 in
693 4902 801 4940 uno
879 4888 1183 4957 eodemque
1241 4887 1578 4941 monasterio
1637 4886 1942 4942 habitarent

307 5006 317 5016 -
373 4982 671 5050 aliquando
702 5021 717 5046 ,
765 4987 825 5033 ut
883 4988 967 5035 est
1024 4980 1364 5046 verisimile,
1415 4980 1515 5032 viri
1567 4989 1620 5034 et
1662 4980 1938 5034 mulieres.

372 5074 670 5129 Constituit
703 5072 874 5135 enim.
905 5084 963 5128 ut
987 5074 1201 5144 cognati
1253 5072 1473 5138 abeant,
1515 5073 1592 5125 illi
1637 5071 1852 5142 quidem
1887 5071 1939 5124 in

377 5166 642 5226 virorum,
691 5163 772 5218 ha:
801 5179 933 5218 vero
980 5164 1034 5218 in
1087 5165 1373 5218 mulierum
1416 5165 1786 5229 monaSIeria;
1822 5171 1942 5218 tan-

375 5269 538 5323 quam
572 5261 720 5307 esset
755 5253 1026 5320 prohibita
1059 5252 1113 5306 in
1143 5269 1254 5307 uno
1282 5260 1336 5307 et
1367 5253 1558 5308 eodem
1608 5254 1730 5307 loco
1753 5268 1938 5306 eorum

376 5343 668 5400 habitatio.
720 5343 986 5399 Similiter
1032 5345 1188 5413 jubet
1237 5359 1308 5400 ne
1365 5356 1790 5408 conversentur,
1839 5347 1941 5399 hoc

373 5448 480 5500 est,
510 5451 580 5491 ne
612 5436 807 5491 inuno
848 5437 1187 5490 mooasterio
1243 5436 1555 5490 cohabitent
1582 5435 1679 5489 viri
1720 5444 1772 5491 et
1817 5450 1941 5488 mu-

375 5530 561 5586 lieres.
620 5529 760 5600 Lege
807 5536 862 5584 et
923 5537 1096 5583 totum
1156 5529 1390 5598 primum
1435 5530 1522 5582 tit.
1574 5543 1629 5582 ιν
1676 5528 1800 5590 lib.,
1843 5527 1940 5598 qui

377 5623 647 5692 ejusmodi
684 5623 851 5678 multa
885 5621 1046 5676 docet
1085 5632 1138 5676 et
1164 5622 1378 5686 statuit,
1412 5630 1472 5675 ut
1522 5636 1700 5691 neque
1751 5637 1943 5675 mona-

381 5715 518 5770 chus
551 5731 649 5769 nec
677 5716 853 5772 laicus
882 5715 1149 5771 muliebre
1179 5714 1569 5773 nionasterium
1604 5715 1944 5786 ingrediatur

385 5823 769 5880 quamcunque
828 5812 898 5868 ob
956 5826 1173 5866 causam
1206 5829 1219 5865 :
1258 5822 1311 5867 et
1357 5809 1542 5865 deﬁnit
1598 5810 1663 5864 de
1722 5809 1809 5870 iis,
1852 5809 1944 5878 qui

2046 4607 2144 4658 καὶ
2181 4607 2476 4677 ἡνωμένως
2507 4609 2814 4674 κτισθέντα,
2845 4610 2940 4664 καὶ
2963 4610 3286 4681 λογιζόμενα
3323 4611 3383 4665 ἓν
3410 4615 3607 4666 ὡσανεὶ

2043 4697 2128 4750 διὰ
2182 4700 2280 4769 τὴν
2359 4699 2560 4770 πολλὴν
2629 4703 2876 4772 ἑνότητα.
2956 4704 3089 4759 Ἀπὸ
3130 4703 3188 4757 δὲ
3235 4704 3328 4758 τοῦ
3392 4709 3606 4769 κανόνος

2043 4792 2402 4861 ἀναφαίνεται
2432 4793 2504 4862 μὴ
2537 4792 2792 4861 λέγεσθαι
2819 4795 2909 4847 διὰ
2943 4795 3102 4848 τοῦτο
3145 4797 3312 4850 διπλᾶ
3339 4800 3604 4868 μοναστή-

2047 4902 2160 4953 ρια,
2196 4882 2330 4937 ἀλλὰ
2365 4884 2444 4936 ὅτι
2475 4886 2533 4937 ὲν
2562 4887 2642 4938 ἐνὶ
2670 4890 2762 4939 καὶ
2793 4887 2869 4955 τῷ
2903 4887 3050 4956 αὑτῷ
3106 4890 3454 4960 μοναστηρίῳ
3486 4909 3606 4942 κατ-

2043 4975 2222 5046 ῴκουν
2255 4976 2407 5038 ποτὲ,
2436 4975 2510 5038 ὼς
2569 4977 2982 5047 ἓοικεν,ἄνδρες
3030 4979 3123 5031 καὶ
3167 4983 3446 5046 γυναῖκες,
3496 4985 3603 5034 Διο-

2046 5065 2257 5134 ρίζεται
2282 5065 2389 5135 γὰρ
2412 5066 2539 5128 τοὺς
2569 5069 2892 5138 προσγενεῖς
2925 5069 3259 5138 ἀφίστασθαι
3293 5071 3374 5134 εἰς
3397 5071 3603 5142 ἁνδρῷα

2044 5156 2140 5208 καὶ
2162 5157 2446 5223 γυναικεῖα
2477 5158 2840 5228 μοναστὴρια,
2872 5157 2948 5220 ὡς
3001 5157 3168 5228 οὔσης
3225 5160 3602 5231 κεκωλυμένης

2042 5247 2144 5314 τῆς
2190 5249 2270 5309 είς
2318 5248 2448 5300 αὐτὸ
2502 5249 2595 5300 καὶ
2619 5248 2678 5300 ἓν
2729 5251 3009 5312 κατοικίας
3060 5249 3284 5308 τούτων,
3334 5253 3601 5313 Ὠσαύτως

2046 5337 2483 5408 παρακελεύεται
2519 5339 2593 5410 μὴ
2633 5340 2964 5402 διαιτᾶσθαι,
3017 5342 3267 5394 τουτέστι
3299 5344 3378 5412 μὴ
3433 5360 3601 5397 συνοι-

2044 5437 2182 5498 κεῖν,
2249 5435 2307 5486 ἐν
2360 5433 2440 5485 ἑνὶ
2505 5434 2855 5505 μοναστηρίῳ
2923 5434 3123 5504 ἄνδρας
3172 5439 3268 5488 καὶ¹
3318 5439 3597 5503 γυναῖκας.

2055 5524 2354 5595 ’Ᾱνάγνωθι
2387 5525 2477 5579 καὶ
2501 5526 2591 5577 τὸν
2620 5527 2741 5578 ὅλον
2768 5527 2982 5597 πρῶτον
3023 5526 3204 5580 τίτλον
3253 5528 3346 5581 τοῦ
3419 5530 3461 5582 δ’
3527 5528 3600 5597 βι-

2044 5617 2216 5684 ϐλίου,
2253 5617 2575 5672 διδάσκοντα
2620 5619 2752 5688 περὶ
2799 5619 3060 5671 τοιούτων
3115 5619 3350 5684 πολλῶν,
3380 5620 3596 5691 διοριζόο

2049 5729 2207 5783 μενον
2265 5714 2400 5782 μήτε
2434 5710 2669 5780 μοναχὸν
2707 5711 2844 5780 μήτε
2883 5711 3070 5764 λαῖκδν
3135 5714 3359 5765 εἰσιέναι
3392 5716 3471 5775 είς
3500 5730 3593 5780 γυ-

2045 5807 2282 5859 ναικεῖον
2349 5802 2710 5874 μοναστήριον
2771 5802 2934 5872 χάριν
2997 5803 3330 5873 οἱασδήτινος
3387 5802 3586 5864 αίτίαςτ
