3972 6488
334 362 433 421 898

1293 367 1375 427 IN
1413 367 1580 429 CAN.
1611 369 1749 428 XXI
1788 370 1992 430 CONC.
2037 370 2147 432 VII
2185 372 2536 432 (ECUMEN.

3468 381 3571 444 99$

331 477 689 530 διατυποῦντα
735 478 793 531 δὲ
834 481 926 532 καὶ
954 481 1022 534 τὰ
1057 481 1183 548 περὶ
1212 481 1317 533 τῶν
1341 481 1660 549 ὀφειλόντων
1692 485 1882 552 ἱερουρι

2011 483 2207 538 debent
2256 486 2569 542 ministrare
2617 488 2669 542 in
2699 492 3052 549 muliebribus
3097 499 3463 566 monasteriis,
3516 512 3572 555 et

330 574 446 636 γεῖν
477 574 534 623 ἐν
564 574 683 633 ταῖς
712 576 1052 639 γυναικείαις
1094 575 1280 641 μοναῖς
1328 575 1422 626 καὶ
1480 575 1550 627 τὰ
1602 575 1732 646 περὶ
1792 576 1899 628 τῶν

329 664 763 733 ἀποκρισιαρίων
796 664 976 718 αὐτῶν
1007 669 1100 718 καὶ
1128 665 1331 719 λοιπῶν
1364 666 1721 738 διακονητῶν.

400 757 643 808 ΖΩΝΑΡ.
684 756 896 809 Κωλύει
922 760 950 810 6
998 757 1177 811 κανὼν
1207 760 1375 812 διπλᾶ
1417 759 1664 827 γίνεσθαι
1729 779 1897 831 μονα-

331 852 549 917 στήρια.
587 852 697 920 Οὐχ
724 849 861 919 ὁμοῦ
905 852 960 903 δὲ
1008 852 1197 922 διῆγον
1225 857 1339 914 τοῖς
1370 856 1668 923 μονασταῖς
1696 856 1753 906 αἱ
1799 872 1896 923 μο-

328 941 672 1002 νὰζουσαιὲν
700 945 813 1005 τοῖς
846 943 1114 1006 τοιούτοις
1165 946 1589 1016 μοναστηρίοιςζο
1642 947 1758 999 ἀλλ’
1806 948 1899 1015 ἔγ-

325 1046 489 1096 γιστα
523 1030 806 1100 κατῴκουν
831 1033 1077 1104 ἀλλήλων
1099 1051 1116 1066 ο
1151 1036 1292 1088 ὥστε
1333 1038 1426 1089 καὶ
1453 1036 1620 1107 ἄμφω
1649 1038 1896 1109 ἀλλήλων

325 1124 563 1179 ἀκούειν.
614 1126 785 1179 Τοῦτο
845 1127 958 1192 οὖν,
1025 1130 1315 1193 ὑποκνίζον
1372 1148 1431 1183 τε
1475 1134 1556 1194 εἰς
1603 1133 1899 1203 λογισμοὺς

323 1213 614 1281 ἐμπαθεῖς,
653 1216 684 1283 ἢ
736 1219 827 1269 καὶ
854 1219 934 1280 εἰς
962 1220 1030 1271 τὰ
1085 1219 1235 1290 πάθη
1286 1221 1448 1283 αὐτὰ,
1480 1222 1575 1276 καὶ⁹
1617 1226 1698 1288 είς
1732 1226 1899 1279 σκάν-

236 1368 239 1371 _
322 1304 480 1356 δαλον
509 1305 565 1357 δὲ
596 1310 711 1369 τοῖς
744 1307 957 1373 πολλοῖς
975 1311 1283 1379 γινόμενον,
1313 1313 1483 1383 ὁρῶσι
1510 1315 1695 1386 σχεδὸν
1717 1335 1895 1370 συνοι-

320 1397 522 1458 κούσας
552 1400 778 1469 ἀνδράσι
807 1405 1094 1470 γυναῖκας,
1124 1405 1212 1459 διὰ
1246 1406 1345 1474 τὴν
1374 1408 1515 1461 πάνυ
1547 1409 1656 1461 τῶν
1704 1428 1894 1464 κατοι-

318 1495 460 1545 κιῶν
490 1497 767 1564 ἑκατέρων
804 1498 1104 1568 ἐγγύτητα,
1165 1491 1468 1565 ἀποτρέπει
1500 1502 1533 1573 ή
1568 1503 1785 1567 σύνοδος
1806 1505 1892 1572 γί-

317 1586 533 1641 νεσθαι.
566 1587 627 1638 Εἰ
657 1587 714 1639 δέ
747 1605 913 1651 τινες,
967 1591 1120 1661 φησὶ,
1192 1593 1329 1662 μετὰ
1386 1594 1665 1662 συγγενῶν
1700 1614 1896 1665 προαι-

317 1675 545 1745 ροῦνται
602 1680 1081 1744 ἀποτάξασθὰι,οί
1128 1684 1227 1753 μὲν
1289 1685 1483 1755 ἄνδρες
1538 1688 1619 1751 είς
1682 1689 1894 1761 ἀνδρῶν

311 1768 740 1839 ἀπερχέσθωσαν
783 1776 1163 1845 μοναστήριον,
1190 1778 1244 1829 αἱ
1273 1777 1329 1830 δὲ
1355 1782 1609 1847 γυναῖκες
1666 1783 1747 1845 είς
1786 1799 1889 1851 γυ-

309 1865 572 1916 ναικεῖον.
619 1863 775 1917 Οὕτω
810 1868 916 1936 γὰρ
956 1867 1324 1937 εὐαρεστεῖται
1350 1872 1378 1923 6
1423 1871 1575 1935 Θεὸς,
1608 1874 1727 1926 ἀντὶ
1766 1874 1883 1944 τοῦ,

310 1952 487 2015 οὕτως
527 1957 837 2026 εὐαρέστως
863 1958 1313 2033 δουλεύσουσιτῷ
1341 1963 1483 2034 θεῷ,
1514 1965 1619 2037 ίδίᾳ
1656 1965 1884 2035 ζῶντες,

308 2048 411 2099 καὶ
445 2048 541 2099 ἀπ’
573 2049 820 2121 ἀλλήλων
847 2054 1267 2123 κεχωρισμένοι,
1295 2054 1436 2109 ὥστε
1456 2056 1713 2128 ἀλλήλοις
1746 2061 1884 2131 μήτε

306 2140 394 2202 εἰς
417 2140 768 2212 παροξυσμὸν
798 2139 939 2198 εἶναι
972 2146 1159 2216 βιοτῆς
1190 2147 1494 2217 ὲμπαθοῦς,
1526 2153 1665 2221 μήτε
1704 2152 1888 2215 ἄλλοις

302 2234 392 2295 είς
426 2234 747 2289 σκάνδαλον.
795 2236 945 2291 Ὅσα
980 2239 1037 2292 δὲ
1073 2240 1173 2312 ήδη
1229 2244 1487 2311 γεγόνασι
1516 2244 1679 2299 διπλᾶ
1726 2263 1890 2315 μονα-

304 2326 535 2395 στήρια,
602 2328 914 2396 Ἔστωσαν,
978 2335 1136 2402 φησὶ,
1220 2336 1314 2387 καὶ
1384 2336 1887 2406 οίκονομείσθωσαν

232 2428 237 2431 ‘
300 2420 455 2472 κατὰ
486 2421 584 2491 τὴν
605 2422 869 2494 διαταγὴν
908 2426 1005 2479 καὶ
1037 2428 1127 2481 τὸν
1155 2427 1325 2481 τύπον
1352 2428 1445 2482 τοῦ
1482 2424 1723 2500 μεγᾍιλου
1784 2434 1890 2486 Βα-

301 2512 534 2578 σιλείου,
567 2515 662 2568 καὶ
710 2515 785 2587 μὴ
838 2516 1240 2571 διαιτάσθωσαν
1290 2521 1348 2571 ἐν
1406 2520 1487 2572 ἑνὶ
1529 2525 1893 2595 μοναστηρίῳ-

300 2608 540 2677 μοναχοὶ
557 2610 650 2662 καὶ
681 2612 1026 2682 μονάστριαι.
1055 2613 1245 2668 Δίαιτα
1272 2616 1313 2667 δ’
1337 2617 1571 2669 ἐνταῦθα
1592 2620 1653 2671 ού
1682 2622 1740 2671 τὸ
1767 2637 1889 2672 συν-

304 2698 515 2753 εσθίειν
551 2701 687 2770 ὁμοῦ
728 2701 993 2769 καλεῖται,
1039 2705 1198 2776 ἀλλῖἡ
1233 2708 1351 2777 μετ’
1381 2708 1627 2777 ἀλλήλων
1677 2704 1888 2764 συνδια-

299 2791 464 2857 γωγὴ
493 2791 586 2841 καὶ
611 2792 953 2862 ἀναστροφή.
983 2793 1123 2863 Μηδ’
1149 2795 1422 2863 ἐχέτωσαν
1454 2797 1592 2865 πρὸς
1622 2796 1889 2867 ἀλλήλους

300 2881 628 2949 παρρησίαν
660 2884 891 2952 μοναχός
918 2901 978 2936 τε
1002 2886 1095 2937 καὶ
1114 2888 1347 2955 μοναχὴ,
1368 2887 1507 2940 ὥστε
1532 2891 1769 2942 συνιέναι
1797 2891 1885 2943 ὅτε

297 2967 595 3037 βούλοιντο.
612 2973 707 3025 καὶ
739 2974 987 3045 ἀλλήλοις
1004 2978 1374 3048 προσομιλεῖν,
1393 2980 1526 3049 μηδὲ
1552 2981 1885 3044 κοιταζὲσοω

298 3064 539 3132 μοναχὸς
562 3066 619 3116 ἐν
641 3069 939 3137 γυναικείῳ
982 3072 1352 3140 μοναστηρίῳ,
1389 3072 1525 3142 μηδὲ
1561 3073 1886 3126 συνεσθιέτω

2003 576 2068 630 de
2100 576 2343 643 ipsorum
2385 581 2757 647 apocrisiariis
2785 596 2839 637 et
2869 587 3100 657 reliquis
3132 590 3425 646 ministris.

2075 753 2331 813 ZONAR.
2380 760 2628 830 Duplicia
2666 764 2758 822 hic
2808 782 2986 824 canon
3044 759 3387 830 monasteria
3447 776 3565 833 fieri

1998 858 2170 904 vetat.
2204 850 2263 904 In
2295 850 2363 908 iis
2393 864 2574 910 autem
2608 873 2716 912 non
2749 874 2873 915 cum
2912 863 3046 918 viris
3078 866 3245 922 simul
3294 868 3349 923 in
3373 870 3562 926 eodem

1998 940 2122 996 loco
2176 942 2393 1000 feminae
2456 947 2768 1017 degebant,
2820 955 2914 1009 sed
2965 955 3036 1010 ita
3104 961 3450 1030 propinquo,
3500 979 3559 1018 ιιι

1998 1048 2161 1089 voces
2191 1036 2378 1091 audire
2411 1040 2752 1112 reddereque
2779 1045 3009 1102 invicem
3051 1053 3269 1121 utrique
3312 1068 3557 1124 possent.

1997 1126 2055 1207 ld
2108 1143 2262 1199 ergo,
2325 1133 2451 1200 quia
2506 1132 2764 1189 nimirum
2819 1154 2885 1193 ex
2944 1156 3010 1195 eo
3092 1144 3159 1197 ad
3200 1149 3564 1217 c0gitationcs

1996 1219 2191 1275 molles
2227 1236 2291 1274 ac
2325 1232 2560 1287 teneras.
2594 1235 2689 1282 aut
2714 1230 2780 1282 ad
2812 1231 2955 1300 ipsas
2988 1249 3206 1305 quoque
3238 1238 3563 1297 libidinosas

1996 1308 2337 1377 affectiones,
2371 1313 2612 1369 titillatio
2646 1319 2919 1375 exsistere
2944 1322 3100 1379 facile
3147 1338 3347 1393 posset.
3386 1331 3558 1388 offen—

1997 1399 2319 1470 sionemque
2348 1404 2537 1461 multis
2570 1406 2794 1465 afferret
2828 1411 2920 1465 illa
2961 1414 3235 1481 vicinitas,
3268 1436 3389 1490 qua:
3433 1439 3558 1493 spe-

1995 1491 2132 1546 ciem
2180 1493 2236 1548 in
2308 1497 2499 1552 eodem
2564 1502 2718 1569 quasi
2773 1503 3048 1562 domicilio
3104 1518 3555 1571 commorantium

1994 1581 2236 1636 virorum
2275 1600 2339 1640 ac
2366 1587 2655 1644 mulierum
2686 1592 2988 1660 exhiberet,
3019 1598 3169 1651 nullo
3210 1602 3369 1656 modo
3395 1620 3558 1674 syno-

1994 1674 2097 1729 dus
2130 1674 2295 1731 licere
2326 1677 2592 1734 decernit.
2626 1683 2784 1747 Quod
2820 1685 2865 1738 si
2894 1685 3009 1754 qui,
3046 1687 3242 1756 inquit,
3277 1707 3383 1745 una
3431 1710 3554 1748 cum

1994 1767 2243 1835 cognatis
2305 1771 2512 1825 mundo
2562 1776 2876 1832 renuntiare
2922 1778 3167 1849 cupiant,
3204 1782 3306 1836 viri
3338 1786 3563 1853 quidem

1993 1858 2058 1913 ad
2092 1860 2355 1927 virorum,
2392 1864 2654 1921 mulieres
2705 1879 2884 1924 autem
2926 1872 3023 1925 .ad
3072 1873 3395 1931 feminarum
3444 1896 3567 1933 mn-

1994 1953 2233 2006 nasteria
2262 1969 2319 2009 se
2341 1956 2645 2012 c0nferant.
2672 1958 2760 2015 Sic
2784 1963 2927 2017 enim
2957 1964 3069 2019 Deo
3094 1979 3372 2038 acceptum
3395 1973 3566 2043 327

1989 2054 2095 2109 est,
2129 2043 2238 2100 Deo
2264 2049 2347 2103 sic
2382 2050 2592 2119 accepti
2626 2054 2888 2120 servient,
2921 2056 2967 2112 si
3024 2060 3257 2125 sejuncti
3320 2064 3551 2127 invicem

1992 2152 2055 2190 ac
2089 2138 2249 2193 divisi
2280 2140 2445 2195 vitam
2478 2153 2665 2212 agant,
2684 2162 2783 2200 nec
2812 2148 2949 2203 alter
2971 2151 3123 2206 alteri
3149 2155 3566 2213 incitamentum-

1994 2231 2060 2283 ad
2112 2231 2422 2300 libidinem,
2486 2251 2664 2304 neque
2709 2239 2833 2294 aliis
2878 2241 3235 2300 offensionem
3295 2252 3553 2319 prmbeat.

1992 2322 2123 2387 Quae
2151 2332 2330 2380 autem
2365 2326 2602 2396 duplicia
2621 2335 2955 2387 monasteria
2978 2334 3089 2402 jam
3121 2339 3370 2395 instituta
3405 2356 3561 2403 sient,

1989 2425 2269 2480 maneant,
2302 2417 2502 2487 inquit,
2535 2435 2598 2475 ac
2623 2420 2777 2490 juxta
2807 2428 2986 2494 magni
3058 2427 3242 2483 Basilii
3291 2436 3557 2490 constitu-

1988 2506 2199 2561 tionem
2234 2524 2596 2581 normamque
2627 2514 3112 2574 administrentur:
3149 2538 3325 2593 neque
3353 2526 3408 2580 in
3448 2544 3568 2581 ιιιιιν

1987 2600 2323 2655 monasterio
2382 2606 2636 2659 monachi
2690 2607 2853 2663 simul
2912 2620 2967 2665 et
3021 2616 3299 2671 monachze
3341 2618 3559 2690 degant.

1985 2691 2177 2745 Δίαιτα
2228 2709 2462 2765 namque
2515 2696 2620 2752 hoc
2672 2699 2815 2767 loco,
2887 2719 2994 2758 non
3048 2708 3293 2776 ejusdem
3354 2728 3555 2767 mensae

1989 2785 2460 2849 communionem,
2496 2790 2591 2843 sed
2640 2794 2763 2845 vita:
2810 2804 3054 2851 mutuam
3101 2804 3549 2860 consuetudinem

1985 2873 2520 2947 familiaritatemque
2548 2882 2845 2952 significat.
2882 2885 3068 2957 Neque
3097 2906 3225 2946 vero
3255 2908 3317 2947 ea
3349 2910 3548 2952 conce-

1986 2966 2148 3020 datur
2178 2968 2271 3022 ulli
2301 2972 2568 3026 monacho
2600 2975 2683 3027 vel
2716 2980 2997 3033 monachze
3034 2980 3275 3050 licentia,
3303 2994 3359 3040 ut
3389 2988 3553 3044 simul

1985 3052 2225 3129 colloqui
2258 3070 2489 3132 uterque
2515 3067 2886 3137 congredique
2932 3086 3030 3140 pro
3061 3073 3290 3129 arbitrio
3326 3090 3556 3148 queant,

297 3156 616 3225 καταμόνας
644 3159 1139 3231 μοναζούσῃ.Ἀλλὰ
1164 3162 1266 3214 κᾶν
1300 3167 1557 3234 χορηγεῖν
1598 3166 1790 3228 αὑταῖς
1813 3166 1881 3220 τὰ

1989 3167 2165 3220 neque
2198 3154 2250 3206 in
2281 3155 2531 3209 muliebri
2561 3162 2894 3214 monasterio
2917 3165 3219 3222 monachus
3249 3182 3556 3237 pernoctct,

296 3245 578 3313 ἀναγκαῖα
608 3248 854 3317 μέλλοιεν
876 3254 937 3305 ἐκ
962 3256 1059 3322 τῆς
1083 3253 1326 3324 ἀνδρῴας
1362 3255 1552 3325 μονῆς,
1575 3258 1647 3326 μὴ
1675 3257 1883 3310 είσίτωσ

297 3353 407 3390 σαν
432 3343 655 3410 μθναχυ).
677 3344 828 3409 ἐντὸς
857 3345 950 3398 τοῦ
978 3349 1286 3413 γυναικείου
1320 3365 1557 3419 μοναστη
1569 3350 1685 3420 ρίου
1702 3365 1718 3381 °
1744 3350 1878 3406 ἀλλὰ

308 3430 474 3498 μέχρι
512 3433 610 3502 τῆς
666 3435 842 3505 πύλης
879 3438 1125 3501 ἐλθόντες
1174 3441 1633 3511 προσμενέτωσαν
1678 3442 1803 3507 ἔξω,
1842 3444 1873 3512 ἡ

294 3516 358 3573 δὲ
383 3525 704 3589 προεστῶσα
767 3530 904 3598 μετὰ
932 3532 1180 3601 γηραιῶν
1235 3535 1582 3603 μοναζουσῶν
1644 3522 1873 3586 ἐλθοῦσα

296 3613 443 3681 ’πρὸς
467 3616 568 3685 τὴν
600 3618 773 3687 πύλην
815 3622 1145 3691 λαμϐανέτω
1198 3624 1268 3678 τὰ
1326 3627 1678 3696 κομισθέντα.
1704 3628 1765 3679 Εἰ
1815 3626 1873 3678 δὲ

294 3704 400 3755 καὶ
433 3710 673 3777 συγγενῆ
717 3713 927 3767 οἰκείαν
983 3717 1110 3769 ἰδεῖν
1150 3718 1305 3787 ζητεῖ
1355 3720 1607 3789 μοναχδςι
1662 3718 1874 3789 παρού-

294 3810 404 3861 σης
435 3795 533 3864 τῆς
567 3800 876 3870 ἡγουμένης
900 3802 1187 3859 θεασάσθω
1236 3806 1428 3875 αὐτὴν,
1455 3806 1549 3859 καὶ
1612 3821 1878 3875 προσομις-

293 3886 460 3940 Λείτω
486 3889 553 3942 δι’
576 3890 768 3959 ὀλίγων
803 3894 995 3961 λόγων,
1027 3895 1172 3949 ὥστε
1212 3897 1418 3966 ταχέως
1454 3898 1778 3967 ὑποχωρεῖν.

1990 3259 2164 3309 neque
2193 3260 2441 3299 seorsum
2472 3263 2596 3301 cum
2634 3252 2855 3306 moniali
2888 3255 3070 3324 aliqua
3118 3258 3297 3314 cibum
3349 3263 3550 3333 capiat.

1986 3333 2188 3390 Verum
2238 3338 2452 3392 etiamsi
2508 3342 2835 3413 quandoque
2877 3347 2942 3400 ad
2995 3350 3192 3404 victum
3241 3358 3548 3410 necessaria

1984 3442 2049 3482 ex
2106 3427 2351 3483 virorum
2423 3435 2759 3489 monasterio
2824 3439 3157 3497 monialibus
3216 3447 3551 3515 suppeditari

1994 3522 2311 3591 contingat,
2384 3538 2734 3595 nequaquam
2816 3530 2955 3585 intra
3016 3546 3165 3603 septa
3234 3543 3550 3596 monasterii

1985 3613 2272 3668 muliebris
2305 3617 2559 3670 monachi
2596 3619 2973 3687 ingrediantur
3002 3642 3016 3678 :
3065 3627 3159 3681 sed
3201 3631 3288 3683 ubi
3321 3633 3386 3684 ad
3421 3648 3551 3701 por-

1988 3712 2097 3758 tam
2131 3709 2498 3774 pervenerint,
2530 3722 2681 3764 extra
2724 3711 2869 3769 fores
2906 3717 3243 3785 consistant;
3297 3724 3544 3791 przefecta

1984 3810 2115 3848 vero
2194 3812 2425 3863 earum,
2479 3816 2601 3869 quze
2686 3813 2842 3859 aetate
2919 3812 3285 3875 provectiores
3369 3828 3546 3882 sunt,

1982 3889 2301 3943 monialium
2353 3892 2615 3947 comitatu
2663 3905 2836 3963 septa,
2889 3910 3056 3967 porta:
3106 3907 3549 3977 appropinquans

292 3995 421 4049 qua:
444 3981 744 4035 afferuntur
793 3985 1041 4054 accipiat.
1086 3988 1142 4040 Si
1194 3991 1320 4057 quis
1374 4005 1501 4044 vero
1545 3990 1706 4042 etiam
1772 3990 2054 4057 cognatam
2131 3983 2309 4036 \iscre
2391 3987 2693 4041 monachus
2768 3991 2989 4060 cupiat,
3080 4007 3343 4064 praesente
3430 4019 3541 4059 mo-

290 4074 526 4126 nasterii
588 4073 836 4141 praefecta
902 4075 957 4130 id
1023 4078 1207 4142 faciat,
1273 4082 1533 4150 brevique
1585 4080 1862 4149 colloquio
1902 4089 2037 4129 usus
2064 4074 2489 4142 quamprimum
2520 4084 2759 4132 recedat.

290 4165 521 4218 ΛΡΙΣΤ.
581 4184 600 4216 ι
644 4167 733 4235 Μὴ
781 4168 894 4237 ἥτω
948 4168 1109 4222 διπλᾶ
1156 4174 1508 4243 μοναστήρια,
1557 4173 1690 4242 μηδὲ
1724 4172 1863 4223 διαι-

378 4274 398 4307 ι
445 4258 731 4311 τάσθωσαν
776 4259 832 4310 ὲν
893 4259 1044 4329 αὐτῷ
1098 4264 1322 4331 μοναχοὶ
1372 4265 1465 4315 καὶ
1514 4264 1859 4332 μονάστριαι,

374 4365 397 4396 ι
443 4350 581 4418 μηδὲ
620 4350 931 4417 καταμόνας
960 4352 1337 4419 όμιλείτωσαν·
1386 4352 1520 4406 ἀλλὰ
1574 4354 1668 4406 καὶ
1720 4353 1773 4406 εί
1809 4371 1862 4405 τι

1969 4163 2194 4220 ARIST.
2253 4183 2271 4216 ι
2335 4164 2577 4235 Duplicia
2642 4185 2711 4224 ne
2757 4171 2887 4224 fiant
2929 4179 3299 4245 monasteria,
3362 4199 3539 4255 negito

2046 4277 2064 4309 ι
2103 4258 2351 4311 monachi
2382 4268 2435 4311 et
2459 4262 2735 4317 monachae
2761 4265 2813 4318 in
2842 4266 3029 4321 eodem
3062 4272 3392 4339 cohabitent,
3440 4295 3532 4332 ne-

2046 4369 2065 4401 (
2097 4366 2202 4418 que
2232 4352 2459 4405 seorsim
2493 4356 2916 4410 confabulentur
2951 4376 2965 4413 :
3012 4362 3309 4431 quinetiam
3355 4368 3534 4438 siquid

376 4458 395 4491 ι
440 4440 747 4509 διακομίσει
788 4439 926 4511 ἀνὴρ
976 4445 1256 4512 κανονικῇ,
1303 4442 1407 4507 ἔξω
1452 4442 1624 4513 μένων
1652 4442 1859 4507 διδότω,

2038 4460 2058 4494 ι
2095 4442 2176 4495 vir
2210 4441 2420 4497 feminae
2447 4445 2683 4514 regulari
2707 4449 2947 4502 attulerit
2974 4491 2987 4514 ,
3039 4464 3190 4507 extra
3241 4456 3387 4513 fores
3435 4479 3534 4515 ex-

375 4551 396 4584 (
444 4531 539 4584 καὶ
567 4532 664 4601 τὴν
692 4532 927 4599 συγγενῆ
958 4532 1061 4584 ὑπὸ
1103 4533 1403 4603 παρουσίας
1429 4535 1526 4603 τῆς
1557 4534 1864 4604 ἡγουμένης

376 4644 392 4677 ι
440 4624 671 4677 οεὰσθω.
723 4642 742 4673 ι

372 4718 562 4769 Πᾶσαν
614 4714 915 4783 ἀσφάλειαν
960 4715 1142 4768 ἔθεντο
1166 4716 1214 4767 οἱ
1250 4715 1509 4786 Πατέρες,
1542 4717 1630 4769 ἵνα
1681 4718 1754 4787 μὴ
1793 4720 1860 4789 τῇ

299 4808 565 4878 μοναδικῇ
628 4806 871 4878 πολιτείᾳ
929 4806 1120 4877 μῶμός
1170 4822 1277 4874 ετις
1337 4806 1704 4878 ἐπιτρίὸηται,
1771 4812 1863 4861 καὶ

298 4900 642 4971 προσέταξαν
690 4900 764 4968 μὴ
818 4901 875 4951 ὲν
905 4900 1089 4969 ταυτῴ
1140 4899 1437 4950 συνεσθίειν
1481 4902 1747 4969 μοναχοὺς
1770 4903 1866 4954 καὶ

303 4992 658 5063 μοναστρίας,
693 4990 827 5059 μηδὲ
860 4990 995 5060 πρὸς
1025 4989 1290 5059 ἀλλήλους
1316 4989 1525 5059 ὁμιλεῖν
1553 4988 1673 5041 κατ’
1702 4991 1858 5043 ἰδίαν·

300 5084 435 5134 ἀλλὰ
468 5084 567 5133 κΞιν
602 5081 838 5148 συγγενῆ
888 5096 1009 5131 τινα
1064 5079 1198 5149 θέλῃ
1250 5079 1546 5131 θεάσασθαι
1607 5081 1860 5148 μοναχὸς,

302 5172 573 5243 παρουσίᾳ
605 5171 705 5239 τῆς
732 5170 1039 5239 ἡγουμένης
1069 5172 1239 5238 ταύτῃ
1268 5169 1638 5238 προσομιλεῖν.
1679 5171 1781 5221 Καὶ
1812 5171 1866 5222 εἴ

296 5283 349 5316 τι
377 5263 486 5315 τῶν
520 5262 828 5328 αναγκαίων
859 5260 949 5313 τοῦ
982 5260 1096 5329 βίου
1130 5262 1238 5312 ἀπὸ
1269 5258 1362 5311 τοῦ
1412 5258 1653 5329 ἀνδρῴου
1689 5278 1859 5329 μονα⁴

300 5358 525 5421 στηρίου
549 5350 842 5421 διακομίσῃ
875 5349 1011 5418 πρὸς
1040 5352 1135 5412 τὰς
1174 5348 1517 5418 μοναζούσας
1545 5352 1572 5402 6
1601 5351 1856 5419 μοναχὸς,

300 5443 403 5508 ἔξω
432 5443 528 5512 τῆς
556 5440 723 5510 μονῆς
754 5441 963 5493 ἑστῶτα
992 5440 1185 5492 διδόναι
1216 5438 1371 5491 τοῦτο
1396 5442 1460 5509 τῇ
1488 5440 1786 5511 ἡγουμένῃ.

900 5532 1137 5585 ΚΑΝΩΝ
1178 5533 1305 5585 KA'.

308 5645 326 5677 ι
371 5627 446 5680 Ού
473 5626 555 5678 δεῖ
586 5626 819 5695 μοναχὸν
847 5626 879 5696 ἢ
914 5624 1243 5693 μονάστριαν
1276 5625 1711 5694 καταλιμπάνειν
1761 5628 1860 5697 τὴν

375 5740 393 5770 «
440 5719 644 5772 οἰκείαν
689 5721 872 5788 μονὴν,
921 5720 1011 5770 καὶ
1044 5721 1124 5779 είς
1178 5717 1369 5788 ὲτέραν
1414 5720 1780 5788 ἁπέρχεσθαι’
1812 5724 1858 5774 εί

378 5832 396 5863 ι
441 5814 496 5867 δὲ
528 5813 707 5879 συμὸἧ
731 5811 911 5877 τοῦτο,
938 5810 1321 5880 ξενοδοχείσθαι
1348 5810 1507 5863 αὑτὸν
1534 5814 1859 5883 ἀναγκαῖον,
1911 5806 1927 5815 ’

2051 4552 2069 4586 ι
2113 4544 2389 4601 spectans,
2424 4536 2619 4598 tradat,
2647 4547 2699 4592 ct
2730 4551 3010 4607 cognatam
3032 4544 3084 4597 in
3111 4546 3374 4613 praefectm
3397 4566 3535 4618 prae-

2049 4644 2069 4675 ι
2107 4626 2279 4680 sentia
2318 4627 2480 4683 visat.
2520 4647 2538 4679 ι

2039 4718 2263 4771 Omnem
2294 4735 2481 4772 curam
2520 4720 2884 4777 adhibuerunt
2910 4723 3099 4782 Patres
3132 4769 3144 4789 ,
3179 4745 3245 4784 nc
3269 4747 3531 4800 pronrnm

1971 4808 2188 4876 aliquod
2216 4809 2339 4863 vitae
2368 4814 2684 4867 monastic;e
2705 4814 3016 4882 inferretur,
3046 4827 3099 4873 et
3124 4824 3447 4879 mandarunt
3478 4828 3535 4881 in

1969 4900 2155 4955 eodem
2208 4903 2542 4957 monasterio
2600 4911 2896 4963 monachos
2970 4920 3023 4964 ct
3080 4916 3375 4969 monachus
3422 4934 3539 4973 non

1968 4989 2240 5054 convesci,
2269 5005 2370 5053 nec
2401 4992 2541 5046 inter
2574 5008 2633 5047 se
2655 4998 2880 5051 seorsim
2910 5000 3247 5057 confabulari
3279 5048 3293 5069 ,
3335 5009 3427 5060 sed
3478 5018 3533 5062 et

1966 5080 2013 5133 si
2062 5090 2348 5149 cognatam
2400 5082 2635 5150 aliquam
2693 5088 2936 5154 aspicere
2987 5094 3137 5161 cupit
3188 5098 3531 5163 monachus,

1966 5174 2247 5240 prmsentia
2277 5175 2542 5241 przefectae
2576 5192 2697 5231 cum
2746 5194 2805 5233 ea
2861 5183 3117 5252 colloqui.
3172 5184 3234 5241 Et
3293 5189 3339 5243 si
3400 5191 3527 5259 quid

1964 5278 2178 5328 eorum,
2214 5279 2334 5332 qua:
2367 5265 2488 5319 vita:
2518 5279 2648 5321 sunt
2690 5273 3025 5338 necessaria,
3074 5290 3102 5328 a
3145 5277 3382 5331 virorum
3411 5296 3527 5331 ιιιο-

1965 5357 2205 5427 nastcrio
2263 5356 2328 5409 ad
2385 5360 2679 5416 monachas
2738 5368 3130 5434 transportabit
3182 5370 3529 5435 monachus,

1966 5456 2118 5501 extra
2148 5448 2485 5503 mansionem
2522 5460 2677 5507 stans
2715 5453 2845 5507 illud
2878 5457 3145 5524 przefecta:
3179 5460 3376 5515 tradat.

2526 5544 2753 5601 CANON
2795 5547 2933 5605 ΧΧΙ.

1972 5650 1989 5682 ι
2023 5630 2141 5685 Νοη
2174 5641 2386 5699 oportet
2418 5636 2741 5691 monachum
2776 5639 2857 5693 vel
2884 5644 3201 5696 monacham
3237 5658 3516 5713 proximum

2040 5742 2059 5776 ι
2097 5724 2400 5795 relinquere
2420 5732 2826 5798 monasterium,
2853 5741 2908 5786 et
2926 5734 2991 5784 ad
3013 5734 3153 5786 aliud
3174 5749 3232 5788 se
3255 5739 3520 5790 conferte:

2046 5838 2063 5870 ι
2102 5821 2144 5874 si
2171 5819 2273 5876 hoc
2299 5831 2478 5876 autem
2511 5822 2823 5891 contigerit,
2859 5823 3033 5883 ipsum
3074 5826 3309 5887 hospitio
3345 5827 3518 5897 excipi
