3972 6488
484 332 592 426 995.

561 465 580 497 ι
615 454 698 499 εει
731 445 1137 510 necessarium;
1181 443 1275 498 sed
1299 446 1437 502 .sine
1483 445 1672 498 notitia
1720 441 2031 496 monasterii
2067 446 2113 501 Α

560 556 579 590 ι
617 536 858 608 praefecti
888 552 1012 590 eum
1043 535 1208 605 recipi
1241 551 1348 590 non
1377 536 1654 591 convenit.
1691 553 1710 586 ι

556 649 748 703 BALS.
813 649 1106 718 Postquam
1156 649 1428 717 pollicitus
1472 649 1543 704 sit
1602 649 1800 718 aliquis
1837 659 1890 702 et
1938 649 2043 705 Deo

480 745 758 815 professus
791 760 848 798 se
878 745 932 796 in
963 744 1313 808 monasterio,
1338 743 1390 796 in
1423 759 1528 813 quo
1549 752 1740 798 tonsus
1763 755 1867 808 est,
1895 760 2046 799 man-

482 853 704 899 surum,
739 836 1012 904 quomodo
1033 837 1083 890 ei
1113 836 1454 905 permittetur
1477 851 1631 890 suam
1655 837 2041 904 professionem

483 932 757 983 infirmare
781 966 796 991 ,
845 938 898 981 et
929 929 982 980 in
1030 928 1176 980 aliud
1209 930 1598 982 monasterium
1628 929 1815 982 abire?
1844 928 2045 984 Statuit

479 1037 608 1090 ergo
632 1035 832 1084 canon,
858 1036 924 1073 ne
949 1022 1252 1074 monachus
1281 1021 1362 1075 vel
1388 1022 1648 1074 monacha
1670 1037 1736 1074 ex
1791 1037 1891 1075 suo
1935 1038 2048 1076 mo-

481 1116 721 1166 nasterio
756 1113 1062 1167 inordinate
1091 1114 1354 1178 recedat,
1398 1123 1452 1167 et
1493 1114 1548 1166 in
1588 1113 1732 1168 aliud
1777 1127 2048 1172 monaste-

482 1206 619 1257 rium
651 1221 706 1258 se
735 1205 1001 1269 conferat,
1023 1217 1077 1258 ut.
1108 1207 1160 1258 in
1194 1221 1259 1258 eo
1284 1206 1600 1260 collocetur.
1641 1207 1697 1261 Si
1731 1208 1834 1261 hoc
1861 1217 2042 1263 autem

483 1307 703 1364 propter
737 1298 992 1366 pusillum
1027 1307 1080 1351 et
1102 1298 1371 1366 abjectum
1403 1301 1644 1353 animum
1682 1315 1823 1369 saepe
1856 1301 1969 1368 flat,
1999 1301 2046 1356 is

479 1406 548 1444 ne
572 1393 637 1443 ab
667 1407 732 1446 eo
760 1393 852 1458 qui
889 1401 1089 1462 praeest
1132 1394 1432 1462 recipiatur
1455 1436 1470 1458 ,
1525 1395 1644 1448 sine
1695 1397 1922 1450 scientia
1983 1413 2049 1453 ac

479 1483 673 1537 notitia
700 1483 841 1552 ejus,
870 1487 962 1554 qui
987 1485 1132 1540 illius
1162 1501 1346 1539 curam
1377 1487 1538 1554 gerit,
1572 1489 1884 1543 monasterii
1909 1505 2046 1558 prte-

481 1571 604 1626 fecti
636 1613 650 1636 ,
703 1576 910 1629 scilicet
969 1579 1086 1630 sine
1107 1577 1415 1630 dimissoria
1473 1577 1591 1644 ejus
1644 1578 1870 1647 epismla
1902 1581 2043 1634 :sed

480 1666 656 1718 solum
713 1667 947 1735 hospitio
965 1669 1307 1734 excipiatur,
1346 1685 1411 1721 ne
1458 1669 1526 1724 ad
1574 1670 1854 1724 saacularia
1898 1672 2047 1725 abire

479 1766 708 1824 cogatur
756 1768 809 1812 et
839 1773 961 1812 cum
998 1759 1149 1814 laicis
1177 1765 1342 1812 vitam
1377 1775 1556 1830 agere.
1594 1761 1763 1816 Porro
1814 1777 2045 1833 magnus
2077 1785 2118 1839 Β

481 1847 718 1904 Basilius
746 1851 801 1904 in
831 1851 949 1906 suis
980 1852 1232 1907 asceticis
1264 1854 1533 1921 capitibus
1568 1856 1759 1909 statuit
1786 1895 1801 1918 ,
1834 1864 1893 1908 ut
1923 1871 2045 1909 Ino-

481 1939 712 2002 uachus,
743 1938 837 2009 qui
869 1941 1053 1994 animo
1081 1939 1378 1995 offenditur
1399 1983 1413 2006 ,
1444 1943 1665 1996 recedat
1718 1944 1784 1998 ab
1837 1960 1936 2010 eo,
1992 1947 2045 2000 in

479 2045 586 2094 quo
610 2038 800 2085 tonsus
833 2040 939 2096 est,
971 2035 1304 2087 monasterio
1336 2051 1348 2087 :
1381 2041 1434 2088 et
1481 2035 1586 2088 hoc
1644 2034 1840 2099 faciat,
1899 2046 2051 2107 post-

479 2137 640 2190 quam
663 2123 978 2178 monasterii
1003 2125 1257 2192 prazfecto
1278 2128 1327 2179 id
1350 2127 1514 2181 semel
1535 2137 1587 2182 et
1611 2130 1803 2182 iterum
1825 2129 2043 2190 dixerit,

477 2224 533 2266 et
557 2214 717 2266 etiam
751 2216 1053 2280 monachis,
1079 2233 1179 2272 nec
1210 2221 1412 2271 malum
1448 2220 1762 2289 corrigitur.
1816 2219 2043 2290 Hospitii

479 2316 662 2358 autem
691 2307 910 2360 nomine
938 2323 1006 2360 ne
1037 2307 1189 2362 dicas
1227 2311 1548 2362 monachum
1577 2351 1591 2374 ,
1622 2311 1715 2378 qui
1768 2313 1892 2365 alibi
1924 2319 2046 2366 ton-

482 2411 579 2450 sus
607 2407 712 2460 est,
736 2397 822 2449 diu
859 2398 1058 2453 debere
1086 2400 1292 2452 versari
1348 2401 1401 2454 in
1457 2402 1630 2455 alieno
1676 2407 2044 2471 monasterio;

481 2487 583 2539 hac
615 2487 758 2540 enim
789 2489 1000 2542 ratione
1025 2490 1086 2542 fit
1117 2489 1262 2543 fraus
1290 2492 1486 2544 canoni
1515 2509 1531 2550 :
1559 2492 1650 2546 sed
1700 2496 1887 2562 paucis
1931 2496 2047 2549 die-

482 2579 602 2633 bus.
641 2579 715 2632 Ne
747 2581 962 2635 mireris
991 2589 1218 2645 autem,
1272 2585 1550 2650 quomodo
1601 2600 1628 2637 a
1683 2601 1889 2641 canone
1940 2605 2046 2644 non

482 2670 703 2732 punitur
735 2672 800 2732 is,
833 2671 924 2738 qui
962 2687 1086 2724 eum
1122 2674 1537 2742 transgreditur.
1566 2674 1706 2746 Lege
1731 2691 1786 2731 et
1832 2678 1898 2732 80
1924 2696 2045 2734 can.

481 2777 605 2831 syn.
640 2762 854 2828 Ουτοι,
885 2774 938 2816 et
967 2765 1107 2824 scies
1129 2768 1399 2834 quomodo
1428 2769 1748 2836 puniuntur,
1791 2773 1880 2840 qui
1917 2773 2046 2827 alibi

482 2855 624 2909 tonsi
657 2863 805 2918 sunt,
838 2865 893 2910 et
919 2858 1010 2926 qui
1038 2873 1132 2912 eos
1165 2860 1475 2930 suscipiunt
1773 2858 1775 2860 ’

1732 323 1831 381 ΤΠ
1843 323 2005 383 EOD.
2046 322 2138 380 BA
2149 319 2448 380 LSAMON
3582 323 3667 387 996

2216 453 2234 484 ι
2286 433 2801 504 προσλαμϐάνεσθαι
2832 432 2886 484 δὲ
2919 433 3046 484 ἄνευ
3091 431 3313 502 γνώμης
3344 432 3435 485 τοῦ
3458 434 3668 504 ἡγουμέ.

2219 544 2237 579 ι
2281 543 2373 580 νου
2407 527 2569 581 αὑτοῦ
2598 528 2660 578 οὐ
2690 527 2973 594 προσήκει.
3024 543 3042 574 ι

2215 638 2414 689 ΒΑΛΣ.
2449 637 2604 689 Μετὰ
2636 636 2697 688 τὸ
2727 634 2912 689 δοῦναί
2945 651 3065 688 τινα
3094 617 3364 705 συνθήκας
3391 636 3483 689 καὶ
3509 637 3674 705 ὁμολο-

2144 732 2269 799 γίας
2303 733 2381 784 εἰς
2435 731 2564 783 Θεὸν
2600 731 2758 799 χάριν
2791 729 2881 782 τοῦ
2918 729 3245 798 προσμένειν
3278 730 3335 780 ὲν
3389 723 3674 803 ᾗάπεκάρη

2149 826 2306 892 μονῇ,
2338 822 2455 886 πῶς
2506 820 3041 891 παραχωρηθὴσεται
3071 818 3169 888 τὴν
3205 820 3417 873 οίκείαν
3446 819 3678 892 ἀθετῆσαι

2145 914 2453 982 ὁμολογίαν,
2500 916 2594 966 καὶ
2628 917 2707 975 εἰς
2756 914 2955 983 ἑτέραν
2988 911 3243 964 ἀπελθεῖν
3299 915 3499 984 μονὴν;
3527 917 3680 982 Ampi.

2147 1005 2298 1069 ζεται
2331 1001 2423 1058 οὖν
2464 1006 2493 1056 ὁ
2522 1005 2700 1058 κανὼν
2735 1007 2872 1074 μήτε
2918 1005 3152 1074 μοναχὸν
3199 1006 3336 1075 μήτε
3379 1008 3678 1076 μονάστριαν

2147 1097 2500 1159 ἀσυντάκτως
2535 1098 2838 1167 ἀναχωρεῖν
2885 1097 2992 1150 ἀπὸ
3026 1098 3122 1164 τῆς
3163 1098 3370 1161 οἰκείας
3401 1097 3578 1166 μονῆς,
3603 1102 3681 1152 καὶ

2147 1191 2227 1252 είς
2250 1189 2438 1259 ἕτερον
2464 1189 2795 1258 ἀπέρχεσθαι
2829 1191 3192 1258 μοναστὴριον
3219 1188 3380 1259 χάριν
3418 1188 3510 1241 τοῦ
3537 1207 3682 1243 κατα-

2146 1282 2380 1350 ταγῆναι
2409 1283 2466 1332 ὲν
2499 1279 2665 1350 αὐτῷ.
2699 1281 2760 1331 ΕΞ.
2790 1279 2846 1332 δὲ
2893 1279 3150 1341 πολλάκις
3204 1280 3291 1334 διὰ
3341 1281 3680 1351 μικροψυχίαν

2147 1368 2373 1436 γένηται
2423 1365 2602 1432 τοῦτο,
2652 1367 2726 1436 μὴ
2787 1369 3303 1438 προσλαμϐάνεσθαι
3347 1369 3506 1423 αὑτὸν
3553 1378 3683 1441 παρὰ

2147 1458 2240 1510 τοῦ
2289 1457 2633 1526 προεστῶτος
2681 1460 2810 1511 ἄνευ
2863 1460 3118 1530 εἰδήσεως
3171 1461 3265 1514 τοῦ
3313 1463 3682 1532 κουρεύσαντος

2147 1546 2310 1600 αὑτὸν
2340 1549 2665 1617 ἡγουμένου,
2709 1547 2950 1618 δηλονότι
3000 1549 3168 1618 χωρὶς
3211 1550 3538 1620 ἀπολυτικῆς
3568 1569 3684 1620 γρα-

2149 1639 2258 1706 φῆς
2287 1637 2474 1690 αὐτοῦ’
2522 1638 2659 1691 ἀλλά
2708 1638 2866 1705 μόνον
2896 1638 3284 1710 ξενοδοχεῖσθαι
3306 1659 3318 1672 ·
3351 1641 3437 1695 ἵνα
3486 1643 3557 1712 μὴ
3585 1643 3685 1714 βια.

2148 1731 2249 1798 σθῇ
2277 1731 2358 1792 είς
2385 1733 2624 1800 κοσμικὲι
2651 1732 2889 1795 ἀπιέναι,
2920 1733 3013 1785 κοιῖ⁵
3056 1733 3262 1798 διάγειν
3294 1737 3434 1802 μετά
3480 1735 3683 1803 λαῐκών.

2159 1818 2218 1872 '0
2257 1820 2437 1888 μέντοι
2469 1820 2640 1890 μέγας
2662 1808 2938 1885 Βασίλεὶος
2963 1825 3020 1877 ἐν
3049 1827 3161 1887 τοῖς
3188 1827 3502 1894 ἀσκητικοῖς
3532 1827 3678 1880 αὐτοῦ

2149 1911 2460 1979 κεφαλαίοις
2481 1913 2776 1977 διορίζεται
2805 1915 2896 1966 τὸν
2929 1917 3181 1986 μοναχὸν,
3208 1917 3575 1988 βλαπτόμενον
3597 1921 3685 1988 time

2148 2002 2335 2070 χικῶς,
2367 2005 2667 2074 ἀναχωρεῖν
2697 2005 2788 2073 ἀφ’
2819 2000 2887 2078 ἦς
2915 2008 3170 2079 ἀπεκάρὴ
3202 2011 3396 2080 μονῆςο
3427 2013 3517 2064 καὶ
3549 2013 3686 2066 τοῦτο

2147 2094 2204 2145 δὲ
2238 2097 2411 2147 ποιεῖν
2445 2096 2586 2166 μετά
2614 2096 2672 2149 τὸ
2717 2099 2890 2150 εἰπεῖν
2930 2099 3026 2152 καὶ
3069 2099 3218 2165 ἅπαξ
3251 2105 3345 2156 καὶ
3378 2103 3458 2167 δὶς
3484 2105 3548 2157 τά
3573 2107 3685 2176 περὶ

2147 2187 2335 2240 τούτου
2373 2189 2509 2256 πρὸς
2538 2191 2630 2243 τὸν
2679 2192 3095 2263 καθηγούμενον
3123 2199 3216 2248 καὶ
3243 2198 3374 2260 τοὺς
3420 2201 3680 2268 μοναχοὺς,

2149 2280 2243 2332 καὶ
2275 2280 2348 2350 μὴ
2383 2282 2740 2354 διορθωθῆναι
2785 2285 2844 2338 τὸ
2887 2287 3077 2342 κακόν.
3123 2289 3212 2358 Τῷ
3259 2290 3485 2361 ὀνόματι
3526 2293 3576 2345 δὲ
3603 2295 3683 2363 τῆς

2149 2371 2452 2441 ξενοδοχίαις
2503 2375 2577 2445 μὴ
2606 2373 2767 2449 εἴπῃς
2799 2378 2890 2429 ἐπὶ
2939 2379 3106 2433 πολὺν
3131 2383 3322 2454 καιρὸν
3352 2384 3444 2436 τὸν
3471 2383 3684 2450 ξενοκου-

2150 2465 2305 2534 ρίτην
2343 2466 2574 2537 μοναχδν
2613 2467 2822 2536 διάγειν
2857 2471 2939 2534 εἰς
2986 2473 3274 2544 ἀλλοτρίαν
3325 2476 3510 2547 μονὴν,
3553 2479 3684 2532 τοῦτο

2148 2554 2256 2625 γάρ
2285 2555 2379 2608 καὶ
2406 2560 2723 2631 περιγραφὴ
2753 2561 2846 2614 τοῦ
2876 2564 3096 2629 κανόνος
3123 2568 3291 2620 ἐστίν·
3319 2568 3438 2622 ἀλλ’
3459 2572 3541 2638 ἐφ’
3564 2571 3682 2640 ἡμέ-

2151 2664 2274 2717 ραις
2305 2649 2577 2720 μετρίαις.
2623 2653 2713 2722 Μὴ
2744 2653 3034 2727 θαυμάσῃς
3078 2657 3133 2710 δὲ
3163 2660 3279 2723 πῶς
3314 2663 3375 2714 οὺ
3426 2663 3682 2728 κολάζεται

2149 2739 2299 2808 παρὰ
2327 2741 2418 2794 τοῦ
2451 2744 2670 2805 κανόνος
2707 2747 2733 2797 ὁ
2764 2749 3086 2818 παραϐάτης
3121 2750 3337 2807 τούτου.
3377 2753 3682 2821 Ἀνάγνωσον

2149 2835 2361 2904 καὶτὸν
2399 2839 2452 2882 π’
2505 2837 2705 2887 κανόνα
2757 2839 2852 2908 τῆς
2883 2844 2940 2891 ἐν
2975 2843 3300 2915 Καρθαγένῃ
3340 2848 3574 2909 συνόδου,
3608 2850 3683 2900 καὶ

2152 2925 2329 2995 μάθῃς
2364 2927 2512 2988 ὅπως
2534 2929 2582 2979 ot
2615 2927 2986 3000 ξενοκουρῖται
3028 2935 3370 3006 κολάζονται,
3397 2939 3489 2993 καὶ
3513 2942 3558 2992 οἱ
3581 2939 3684 2993 τού-

2146 3033 2270 3080 τους
2300 3017 2596 3088 δεχόμενοι.

551 3144 714 3215 328
744 3144 994 3202 ΖΟΝΑΒ.
1024 3145 1342 3214 Monachos,
1379 3163 1485 3217 quo
1519 3149 1636 3202 loco
1687 3152 1924 3220 primum
1959 3169 2044 3206 re-

2221 3133 2466 3191 ΖΩΝΑΡ.
2519 3138 2660 3200 Τοὺς
2726 3142 3014 3211 μοναχοὺς,
3069 3144 3195 3199 ἔνθα
3243 3149 3577 3215 ἀπετάξαντο
3620 3151 3684 3220 τῷ

483 3234 585 3289 bus
614 3237 865 3289 humanis
893 3251 921 3288 a
961 3251 1019 3290 se
1073 3238 1392 3304 alijudicatis
1443 3240 1755 3294 monasticae
1799 3243 1920 3294 vita!
1966 3243 2048 3296 in-

483 3327 733 3379 stitutum
763 3327 993 3396 amplexi
1022 3337 1168 3392 sunt,
1203 3329 1256 3382 in
1296 3346 1359 3383 co
1398 3346 1616 3384 manere
1642 3373 1657 3397 ,
1724 3349 1827 3388 nec
1884 3336 2044 3388 aliam

482 3417 585 3470 sibi
621 3418 910 3472 stationem
962 3435 1206 3487 quaerere
1259 3430 1493 3486 oportet.
1533 3421 1686 3486 Quod
1737 3425 1783 3477 si
1833 3427 1953 3492 quis
1993 3428 2044 3480 in

485 3511 712 3562 alterunt
751 3512 1134 3563 monasterium
1174 3551 1188 3574 ,
1225 3513 1415 3566 relicto
1467 3515 1684 3582 priore,
1741 3516 2044 3586 deiugret;

485 3599 720 3667 hospitio
752 3600 957 3654 scilicet
999 3601 1273 3655 hominem
1324 3604 1498 3672 excipi
1549 3621 1767 3661 necesse
1801 3616 1886 3662 est
1917 3648 1932 3674 ,
1983 3625 2048 3663 ne

487 3687 710 3757 profana
738 3690 1033 3746 diversoria
1064 3691 1297 3758 ingredi,
1330 3703 1384 3747 et
1414 3711 1536 3748 cutn
1593 3697 1661 3752 iis
1687 3740 1703 3764 ,
1758 3701 1848 3768 qui
1899 3701 2045 3754 nttlla

488 3779 555 3831 ad
586 3780 809 3834 honeste
829 3781 1116 3836 vivendum
1142 3781 1424 3852 disciplina
1455 3785 1704 3842 instrueti
1733 3799 1861 3844 sunt
1881 3793 2046 3845 vitam

485 3886 646 3938 agere
671 3881 896 3940 cogatur
928 3891 942 3928 :
976 3875 1170 3929 ascribi
1224 3892 1353 3930 vero
1375 3876 1590 3943 ordini,
1623 3887 1678 3932 et
1733 3881 1785 3934 in
1818 3880 2044 3937 fratrum

488 3977 773 4016 numerum
808 3963 1024 4030 referri,
1062 3966 1167 4021 nisi
1199 3968 1321 4038 ejus
1372 3971 1510 4024 unde
1553 3971 1807 4028 discessit
1857 3991 2047 4030 mona-

483 4056 636 4108 s'erii
663 4055 916 4124 praafecto
941 4071 1239 4121 annuente,
1271 4079 1376 4116 non
1404 4064 1551 4118 licet.
1584 4066 1760 4134 Atque
1800 4068 1889 4122 hic
1916 4069 2046 4137 qui-

483 4144 606 4198 dem
644 4161 819 4201 canon
849 4162 1084 4213 omnem,
1123 4151 1240 4206 sine
1276 4153 1384 4207 ullo
1410 4155 1741 4224 discrimine,
1778 4161 2046 4215 secessio-

488 4250 607 4286 nem
641 4235 984 4291 interdictam
1009 4254 1130 4292 esse
1163 4241 1403 4295 decernit
1447 4261 1461 4297 :
1511 4261 1735 4316 magnus
1778 4263 1907 4304 vero
1947 4249 2050 4302 Ba-

484 4324 658 4387 silius,
692 4324 743 4377 in
775 4325 1023 4381 asceticis
1054 4329 1168 4382 suis
1198 4332 1468 4398 capitibus
1494 4372 1508 4396 ,
1533 4334 1747 4389 diverso
1781 4340 1941 4393 modo
1977 4339 2046 4395 de

2151 3224 2360 3296 κὸσμῳ,
2383 3230 2743 3295 συνετάξαντο
2778 3233 2834 3285 δὲ
2867 3239 2928 3304 τῇ
2957 3243 3221 3311 μοναχικῇ
3255 3242 3516 3315 πολιτείᾳ,
3540 3262 3682 3314 προσ-

2151 3319 2336 3388 μένειν
2371 3326 2657 3392 προσήκει.
2706 3329 2802 3380 καὶ
2851 3331 2924 3398 μὴ
2961 3331 3170 3385 ἐκεῖθεν
3202 3337 3525 3408 ἀναχωρεῖν.
3555 3339 3609 3390 Εἰ
3637 3337 3683 3392 δι

2146 3429 2230 3474 τις
2254 3415 2598 3489 ἀναχωρήσῃ,
2633 3420 2724 3470 καὶ
2755 3423 2834 3483 είς
2869 3423 3057 3492 ἑτέραν
3093 3427 3300 3500 ἀπέλθῃ
3348 3432 3534 3503 μονὴν,
3561 3432 3683 3496 ξενοο

2147 3506 2421 3575 δοχεῖσθαι
2460 3511 2558 3574 μὲν
2599 3511 2784 3564 τοῦτον
2816 3514 3132 3583 ἀναγκαῖον,
3161 3520 3245 3572 ἵνα
3271 3522 3348 3592 μὴ
3390 3525 3578 3596 βιασθῇ
3617 3527 3683 3588 είς

2148 3600 2442 3668 κοσμικοὺς
2473 3603 2711 3664 ἀπιέναι,
2740 3605 2832 3656 καὶ
2879 3609 3187 3677 συνδιάγειν
3212 3616 3320 3678 τοῖς
3351 3615 3516 3680 ζῶσιν
3553 3619 3679 3671 ἀδια-

2149 3695 2349 3763 φόρωςο
2379 3695 2898 3764 προσλαμϐάνεσθαι
2925 3701 2980 3753 δὲ
3015 3703 3175 3756 αὐτὸν
3209 3711 3302 3759 καὶ
3355 3711 3681 3764 κατατάττειν

2147 3787 2213 3854 τῇ
2246 3785 2569 3856 ἀδελφότητι
2599 3790 2659 3840 οὐ
2689 3788 2789 3852 δεῖ,
2845 3793 2894 3844 ει
2926 3795 3000 3865 μὴ
3031 3797 3057 3847 ὁ
3090 3797 3395 3869 ἡγούμενος
3442 3803 3680 3873 ἐπιτρέψῃ

2147 3879 2246 3946 τῆς
2277 3879 2464 3949 μονῆς,
2492 3883 2585 3950 ἀφ’
2613 3877 2681 3953 ἧς
2714 3885 2958 3956 ἐξῆλθεν.
3005 3887 3066 3942 ’0
3103 3891 3204 3961 μὲν
3232 3893 3326 3947 οὖν
3354 3886 3530 3950 κανὼν
3552 3891 3680 3958 οὗτὶς

2147 3969 2492 4028 ἀδιάστικτον
2548 3975 2660 4045 ἔχει
2688 3977 2787 4047 τὴν
2817 3977 3052 4035 κώλυσιν
3084 3985 3182 4053 τῆς
3210 3986 3598 4058 ἀναχωρήσεως
3619 4003 3633 4020 ⁸
3657 3990 3679 4040 ὁ

2148 4068 2204 4119 δὲ
2237 4070 2408 4138 μέγας
2441 4071 2718 4135 Βασίλειος
2746 4075 2804 4126 ἐν
2831 4078 2944 4139 τοῖς
2993 4079 3312 4148 ἀσκητικοῖς
3342 4083 3507 4138 αὑτοῦ
3532 4103 3678 4153 κεφα-

2146 4158 2317 4224 λαίοις
2336 4162 2600 4227 διαστίςει
2621 4181 2687 4217 πε
2697 4167 2748 4236 ρί
2769 4165 2868 4236 τῆς
2888 4167 2996 4222 τῶν
3017 4173 3264 4242 μοναχῶν
3286 4179 3677 4250 ἀναχωρήσεως,

2147 4254 2243 4305 καὶ
2265 4254 2365 4307 οὐκ
2394 4255 2567 4319 ἄλλως
2597 4258 2776 4322 αὐτοῖς
2799 4262 3103 4334 ἀναχωρεῖν
3127 4267 3364 4337 δίδωσιν,
3411 4274 3458 4325 εί
3483 4271 3556 4343 μὴ
3583 4272 3672 4340 ψυ·

2147 4345 2317 4413 χικῶς
2352 4347 2673 4414 βλάπτοιντο
2695 4365 2709 4379 ’
2745 4354 2841 4406 καὶ⁸
2867 4354 2988 4408 τότε
3019 4357 3074 4410 δὲ
3106 4358 3204 4428 τὴν
3229 4362 3411 4416 αἰτίαν
3435 4363 3532 4434 τῆς
3571 4363 3677 4434 βλά-

484 4415 872 4469 monachorum
896 4418 1230 4473 discessione
1251 4421 1509 4490 loquitur,
1534 4440 1693 4493 quam
1732 4427 1804 4479 ita
1822 4429 2038 4484 demum

2149 4434 2250 4503 ϐης
2281 4438 2635 4506 ἐπαγγέλλειν
2667 4442 2746 4512 τῷ
2785 4445 3087 4518 ἡγουμένῳ,
3148 4415 3244 4504 καὶ
3289 4415 3356 4508 ειν
3393 4415 3676 4525 μὲνμθερα-

481 4510 706 4560 concedi
756 4509 968 4578 probat,
1020 4510 1064 4563 si
1116 4521 1398 4567 manentes
1424 4515 1683 4582 spirituali
1714 4519 2042 4576 detrimento

483 4597 786 4652 afﬁciantur
807 4617 822 4665 ;
847 4615 910 4654 ac
933 4609 1044 4655 tum
1078 4604 1295 4671 quidem
1327 4604 1446 4672 ejus
1481 4606 1794 4664 detrimenti
1818 4626 2038 4666 causam

483 4687 737 4755 praefecto
761 4693 991 4759 aperire,
1017 4706 1080 4747 ac
1108 4696 1152 4748 si
1186 4695 1402 4764 quidem
1447 4711 1508 4750 ea
1541 4699 1782 4764 tollatur,
1833 4702 1890 4756 in
1939 4719 2038 4758 sua

484 4794 754 4849 quemque
789 4774 1021 4840 statione
1046 4789 1376 4856 persistere;
1420 4788 1508 4844 illa
1548 4806 1676 4846 vero
1716 4796 1895 4851 adhuc
1924 4803 2210 4865 manente,

485 4875 652 4940 jubet.

485 4987 706 5042 ARIST.
747 5008 765 5040 ι
807 4989 1071 5048 Monacho
1095 4995 1179 5049 vel
1217 5000 1493 5054 monachae
1522 5003 1684 5055 suanf
1736 5002 2043 5071 relinquere

563 5101 580 5131 ι
623 5083 953 5158 mansiOuem
981 5127 996 5147 ,
1039 5096 1093 5141 et
1145 5089 1301 5143 aliam
1337 5091 1541 5158 ingredi
1580 5109 1685 5147 non
1721 5095 1875 5148 liceat
1908 5112 1921 5149 :
1958 5097 2042 5149 sin

564 5188 580 5218 ι
624 5173 972 5238 ingrediatur,
1010 5184 1067 5229 ut
1095 5178 1293 5247 hospes
1353 5169 1690 5250 accipiatur;
1745 5193 1800 5236 at
1851 5197 2042 5253 praeter

560 5279 581 5310 ‹
627 5265 860 5330 praefecti
893 5269 1213 5322 sententiam
1249 5285 1316 5325 ne
1339 5273 1653 5328 admittatur
1685 5286 1777 5329 aut
1809 5277 2041 5346 h05pitio

562 5370 582 5403 ι
621 5352 938 5421 excipiatur.
979 5375 997 5406 ι

557 5459 743 5528 Recipi
775 5462 989 5530 quidem
1026 5474 1080 5518 et
1106 5465 1337 5535 hospitio
1386 5471 1560 5540 excipi
1605 5474 1925 5530 monachum
1959 5478 2041 5534 vel

491 5553 845 5616 monacham,
888 5555 954 5609 ad
1005 5556 1164 5610 aliam
1211 5562 1544 5618 mansionem
1586 5567 2034 5636 proficiscentem,

492 5658 730 5711 praesens
757 5659 926 5699 canon
960 5662 1063 5700 non
1095 5651 1376 5716 permittit,
1415 5670 1482 5708 ne
1509 5655 1575 5709 ad
1606 5663 1895 5717 saeculares
1946 5681 2040 5718 ne-

494 5740 733 5794 cessario
760 5740 1048 5808 divertcns,
1084 5744 1157 5800 ibi
1191 5757 1502 5813 permaneat
1533 5767 1547 5815 ;
1581 5761 1636 5805 at
1674 5769 1792 5809 eam
1847 5757 2042 5812 admit-

2149 4526 2366 4581 πεύοιτο
2408 4531 2469 4584 τὸ
2523 4534 2695 4590 αἴτιον
2743 4532 2919 4603 αὖθις,
2950 4540 3158 4609 διάγειν
3192 4543 3439 4612 βούλεται
3476 4537 3676 4601 ἕκαστον

2245 4620 2313 4690 τῇ
2347 4621 2522 4694 οἰκείᾳ
2553 4628 2689 4696 μονῇ
2715 4642 2729 4656 ο
2759 4629 2808 4680 εί
2852 4629 2908 4681 δὲ
2959 4630 3331 4700 ἀθεράπευτον
3365 4634 3398 4709 ᾗ
3429 4638 3485 4691 τὸ
3515 4636 3674 4697 κακὸν,

2148 4704 2325 4775 λέγειν
2353 4710 2509 4766 τοῦτο
2539 4715 2631 4768 ἐπὶ
2659 4718 2758 4783 τῆς
2785 4719 3160 4794 ἀδελφότητοςι

2243 4818 2357 4858 rem
2430 4815 2597 4863 totam
2675 4810 2732 4866 in
2780 4811 3012 4871 fratrum
3086 4829 3358 4877 conventu
3423 4822 3675 4879 enuntiare

2149 5003 2372 5058 ΔΡΙΣΤ.
2423 5024 2442 5057 ι
2476 5007 2722 5078 Μοναχδν
2774 5009 2806 5080 ἡ
2841 5015 3170 5086 μονάστριαν
3202 5019 3276 5090 μὴ
3302 5021 3502 5088 ἐξέστω
3526 5041 3671 5078 κατα-

2225 5113 2244 5148 ι
2290 5095 2581 5166 λιμπάνειν
2606 5100 2705 5170 τὴν
2731 5103 2936 5158 οίκείαν
2961 5107 3146 5177 μονὴν,
3176 5113 3268 5164 καὶ
3289 5114 3449 5187 ἑτέρᾳ
3479 5115 3669 5186 προσιέ-

2223 5207 2242 5240 ι
2287 5206 2396 5242 ναι·
2443 5193 2492 5243 εί
2521 5191 2566 5244 δ’
2601 5193 2870 5262 ἀφίκοιτο,
2925 5197 3338 5272 ξενοδοχείσθωο
3385 5211 3458 5280 μὴ
3508 5209 3665 5279 μέντοι

2223 5296 2242 5330 ι
2289 5280 2685 5371 προσδεχέσθω,
2738 5287 2831 5340 καὶ
2885 5287 3263 5362 ξενοδοχείσθω
3293 5302 3438 5371 παρά
3468 5298 3664 5368 γνώμην

2225 5388 2244 5420 ι
2291 5369 2384 5422 τοῦ
2417 5373 2741 5442 ἡγουμένου.
2787 5397 2807 5428 ι

2220 5483 2293 5535 Τὸ
2329 5484 2428 5552 μὲν
2457 5487 2808 5559 ὑποδέχεσθαι
2842 5494 2937 5547 καὶ
2969 5493 3354 5570 ξενοδοχεῖσθαι
3384 5500 3594 5573 μοναχὸν
3633 5499 3661 5560 ἢ

2151 5577 2391 5648 μοναχὴν
2443 5581 2501 5631 ἐν
2553 5583 2715 5653 ἑτέρα
2751 5590 2886 5656 μονῇ
2932 5591 3196 5645 ἀπιοῦσαν
3238 5599 3266 5647 ὁ
3303 5595 3481 5661 παρὼν
3509 5591 3663 5648 κανὼν

2148 5668 2247 5720 οὐκ
2278 5670 2577 5738 ἐπιτρέπει,
2636 5675 2717 5728 ἵνα
2756 5678 2829 5748 μὴ
2859 5680 2947 5733 διὰ
2979 5683 3224 5754 ἀνάγκην
3269 5690 3347 5748 είς
3390 5683 3655 5752 κοσμικοὺς

2151 5758 2423 5831 ἀπέλθοιὴ
2449 5763 2718 5834 μείνῃ-τὸ
2753 5767 2807 5820 δὲ
2837 5771 3163 5840 προσλαϐεῖν
3187 5778 3278 5829 καὶ
3303 5773 3658 5848 προσδέξασθαι
