3972 6488
301 319 406 383 997

1428 331 1508 390 IN
1546 331 1707 390 CAN.
1752 332 1884 392 XVI
1923 332 2128 397 (LONC.
2168 338 2279 397 Vll
2322 338 2671 401 (ECUMEN.

3433 351 3532 411 9’38

297 434 489 504 αὐτὴν,
521 438 612 490 καὶ
641 440 895 504 συντάξαι
919 442 985 511 τῇ
1011 441 1330 514 ἀδελφότητι
1354 448 1503 517 παρὰ
1522 451 1745 519 γνώμην
1763 450 1847 520 τῆς

1966 459 2093 516 tere,
2132 462 2185 508 et
2214 464 2471 524 praeterea
2496 459 2740 527 accipere
2768 498 2780 519 ,
2833 468 2887 513 et
2948 462 3088 514 inter
3137 478 3355 519 sorores
3411 469 3525 521 sine

295 528 631 601 ἡγουμένης,
658 533 760 586 οὐκ
790 537 1092 602 ἐπιτρέπει.

884 624 1122 677 ΚΑΝΩΝ
1150 625 1277 680 ΚΒ’.

298 726 318 759 t
369 708 489 780 Θεῷ
525 712 621 779 μὲν
655 713 714 765 τὸ
752 717 861 767 πᾶν
894 716 1267 785 ἀνατίθεσθαι,
1301 721 1396 774 καὶ
1438 725 1498 776 οὐ
1543 729 1657 788 τοῖς
1713 726 1864 783 ἰδίοις

372 820 390 853 t
441 803 707 873 θελήμασι
757 808 1093 876 δουλοῦσθαι,
1149 815 1291 882 μέγα
1337 818 1523 886 χρῆμα
1568 820 1861 889 τυγχάνει·

374 910 393 941 ι
436 894 571 947 Εἴτε
598 897 706 964 γὰρ
763 899 1013 964 ἐσθίετε,
1051 904 1171 955 εἴτε
1219 907 1442 971 πίνετε,
1467 910 1495 959 ὁ
1525 909 1665 971 θεῖος
1697 910 1860 961 Ἀπό-

369 1006 385 1032 ι
436 986 617 1048 στολός
648 1006 801 1057 φησι,
841 992 1034 1046 πάντα
1069 998 1153 1060 είς
1191 995 1376 1060 δόξαν
1419 999 1565 1052 Θεοῦ
1620 1000 1857 1056 ποιεῖτε.

369 1090 388 1122 ‹
437 1076 670 1144 Χριστὸς
723 1078 776 1131 δὲ
807 1082 834 1132 ὁ
883 1083 1011 1146 Θεὸς
1053 1086 1211 1155 ἡμῶν
1260 1089 1318 1140 ἐν
1351 1094 1462 1152 τοῖς
1513 1091 1860 1160 Εὑαγγελίοις

368 1182 387 1213 ι
436 1165 597 1218 αὐτοῦ
646 1169 741 1232 τὰς
771 1174 946 1241 ἀρχὰς
976 1174 1081 1226 τῶν
1131 1178 1540 1250 ἁμαρτημάτων
1571 1184 1860 1237 ἐκκόπτειν

442 1261 831 1329 προστέταχεν.
883 1267 955 1317 Οὐ
985 1266 1090 1335 γὰρ
1116 1272 1146 1338 ἡ
1180 1275 1393 1343 μοιχεία
1420 1273 1576 1343 μόνον
1606 1278 1734 1346 παρ’
1762 1278 1859 1329 αὺ-

430 1350 520 1401 τοῦ
554 1354 860 1421 κολάζεται,
888 1358 1021 1414 ἀλλὰ
1055 1364 1148 1413 καὶ
1174 1365 1204 1432 ἡ
1234 1366 1445 1435 κίνησις
1472 1370 1563 1420 τοῦ
1597 1359 1881 1440 λογισμοιῖ

369 1274 387 1305 ἰ

366 1459 383 1489 ι
432 1443 567 1510 πρὸς
596 1444 697 1513 τὴν
744 1446 843 1515 τῆς
897 1453 1143 1520 μοιχείας
1184 1456 1495 1527 ἐγχείρησιν
1524 1465 1859 1535 κατακέκρι-

365 1553 382 1583 t
428 1552 538 1598 ται,
592 1536 841 1605 λέγοντος
892 1545 1055 1599 αὑτοῦ
1088 1563 1101 1575 ο
1166 1547 1229 1599 '0
1269 1550 1575 1620 ἐμϐλέψας
1604 1556 1859 1624 γυναῖκα

364 1641 383 1672 t
432 1624 580 1690 πρὸς
609 1628 676 1679 τὸ
728 1630 1093 1701 ἐπιθυμῆσαι
1131 1638 1320 1706 αὐτῆς
1355 1640 1471 1711 ἤδη
1501 1644 1859 1715 ἐμοίχευσεν

364 1733 384 1763 ι
429 1718 624 1784 αὐτὴν
644 1719 712 1771 ἐν
733 1721 807 1789 τῇ
848 1725 1059 1793 καρδίᾳ
1110 1730 1317 1811 αὐτοῦ’
1372 1734 1523 1787 ἐνθεν
1554 1738 1645 1790 οὖν
1677 1741 1855 1811 μαθη-

364 1826 380 1855 t
432 1810 735 1879 τευθέντες,
771 1815 1067 1886 λογισμοὺς
1121 1810 1407 1894 ὀφείλομεν
1448 1811 1753 1900 καθαίρειν.
1792 1810 1853 1886 Εἰ

364 1914 383 1947 t
430 1900 539 1968 γὰρ
569 1902 661 1955 καὶ
694 1904 871 1957 πάντα
904 1908 1133 1976 ἔξεστιν,
1169 1914 1285 1965 ἀλλ’
1327 1918 1385 1968 οὐ
1438 1920 1613 1973 πάντα
1646 1924 1856 1991 συμφέ-

360 2006 379 2039 t
432 2009 535 2084 ρει,
583 1996 658 2057 ὡς
706 1998 765 2062 ἐξ
828 2002 1192 2074 ἀποστολικῆς
1238 2010 1421 2077 φωνῆς
1465 2012 1851 2084 διδασκόμεθα.

362 2097 381 2130 t
437 2080 780 2152 Ἐπάναγκες
831 2090 922 2143 οὖν
968 2095 1085 2145 ἐστι
1132 2098 1293 2150 παντὶ
1326 2100 1479 2169 ἀνδρὶ
1525 2102 1611 2156 διὰ
1659 2080 1719 2158 τὸ
1755 2107 1853 2177 ζῇν

361 2191 379 2222 t
425 2175 642 2231 ἐσθίειν.
678 2183 784 2234 Καὶ
814 2181 894 2247 οἷς
924 2187 1159 2258 μὲν.βίος
1184 2193 1298 2245 ἐστὶ
1325 2197 1500 2266 γάμου
1530 2200 1622 2252 καὶ
1649 2202 1852 2255 τέκνων

360 2285 377 2312 ι
428 2268 518 2318 καὶ
572 2269 764 2338 λαῐκῆς
815 2276 1128 2345 διαθέσεως,
1175 2285 1376 2355 ἀναμὶξ
1422 2288 1623 2343 ἐσθίειν
1653 2293 1852 2361 ἄνδρας

362 2374 380 2404 t
429 2361 520 2411 καί
552 2367 817 2427 γυναῖκας
849 2367 957 2420 τῶν
1003 2372 1343 2445 astamsz
1377 2380 1513 2443 ἐστὶ,
1565 2384 1725 2450 μόνον
1774 2385 1850 2454 τῷ

363 2468 379 2496 ι
429 2449 842 2528 διδόντιτροφὴν
862 2462 958 2531 τὴν
980 2465 1326 2534 εὐχαριστίαν
1352 2473 1745 2542 προσάγοντας,
1775 2481 1848 2548 μὴ

361 2557 377 2587 t
428 2543 565 2609 μετά
613 2561 775 2598 τινων
810 2553 1113 2619 θυμελικῶν
1161 2558 1623 2630 ἐπιτηδευμάτων,
1672 2567 1848 2621 είτουν

362 2649 379 2679 ι
428 2639 736 2692 σατανικῶν
766 2641 1047 2711 ᾀσμάτων,
1080 2648 1324 2720 κιθαρῶν
1357 2670 1415 2705 τε
1450 2659 1543 2707 καὶ
1578 2660 1847 2730 πορνικῶν

360 2738 384 2777 ι
430 2723 801 2797 λυγισμάτων,
832 2730 911 2796 οἷς
946 2738 1233 2807 ἐπέρχεται
1262 2750 1571 2818 προφητικὴ
1596 2752 1724 2817 ἀρὰ,
1751 2752 1847 2805 οὖ-

361 2836 379 2867 t
424 2824 590 2892 τωςὴ
643 2825 896 2895 λέγουσα’
951 2835 1095 2886 Οὐαὶ
1136 2840 1189 2889 οἱ
1241 2842 1393 2906 μετὰ
1437 2846 1680 2914 κιθάρας
1744 2852 1845 2903 καί

362 2930 381 2960 ‹
426 2915 766 2984 ψαλτηρίου
822 2924 931 2976 τὸν
974 2923 1142 2981 οἶνον
1165 2931 1463 3001 πίνοντες,
1512 2940 1581 2990 τὰ
1611 2940 1678 2992 δὲ
1705 2944 1846 3011 ἔργα

357 3021 377 3052 ι
426 3008 643 3074 Κυρίου
695 3015 802 3066 οὐκ
836 3016 1228 3090 ἐμϐλέπουσι,
1284 3027 1381 3078 καὶ
1433 3030 1502 3084 τὰ
1550 3008 1849 3101 ἐργατῶν

354 3665 373 3696 ι

352 3940 373 3973 ι

349 4031 370 4065 ί

346 4496 366 4527 ι

424 3099 639 3167 χειρῶν
686 3107 871 3161 αὐτοῦ
938 3112 1009 3164 οὐ
1056 3118 1438 3175 κατανοοῦσι.
1501 3124 1605 3176 Καὶ
1645 3126 1697 3178 εί
1738 3128 1837 3180 πού
1867 3134 1910 3190 C

424 3208 553 3243 ποτε
588 3190 695 3247 εἷεν
721 3199 949 3255 τοιοῦτοι
980 3206 1036 3255 ἐν
1065 3210 1177 3270 τοῖς
1206 3211 1571 3282 Χριστιανοῖς,
1604 3220 1845 3290 διορθού-

428 3278 661 3336 σθωσανο
693 3289 741 3339 εί
767 3288 823 3340 δὲ
851 3293 925 3361 μή
953 3311 1036 3362 γε,
1065 3301 1435 3365 κρατείτωσαν
1466 3306 1550 3357 ἐπ’
1570 3309 1752 3373 αὐτοῖς
1777 3316 1843 3367 τὰ

422 3373 576 3440 παρὰ
606 3376 716 3427 τῶν
747 3382 849 3449 πρὸ
877 3385 1032 3453 ἡμῶν
1063 3394 1362 3456 κανονικῶς
1404 3398 1711 3455 ἐκτεθέντα.
1746 3399 1842 3466 Οἷς

424 3459 481 3512 δὲ
513 3468 538 3515 ὁ
568 3464 676 3533 βίος
712 3471 859 3523 ἐστὶν
890 3474 1110 3545 ήσύχιος
1158 3481 1249 3532 καὶ¹
1282 3486 1632 3555 μονότροπος,
1664 3493 1690 3542 ὀ
1717 3459 1834 3545 συνἐ

420 3556 721 3626 ταξάμενος
754 3564 946 3635 Κυρίῳ
979 3570 1054 3638 τῷ
1086 3570 1204 3642 Θεῷ
1233 3573 1395 3643 ζυγὸν
1441 3582 1650 3651 μονήρη
1684 3579 1839 3654 ἆραι,

390 3649 707 3705 ’καθίσεται
743 3657 885 3708 κατὰ
924 3660 1091 3727 μόνας
1123 3666 1216 3716 καὶ
1247 3670 1525 3740 σιωπήσῃ·
1723 3649 1839 3748 μὴν

421 3742 518 3794 καὶ
548 3746 657 3805 τοῖς
690 3746 963 3817 ἱερατικὸν
998 3755 1384 3825 ἐκλεξαμένοις
1430 3762 1543 3831 βίον
1575 3767 1682 3818 οὐδ’
1702 3769 1841 3833 ὅλως

418 3828 743 3896 ἐξεστι’κατ’
786 3839 919 3891 ἰδίαν
953 3846 1167 3909 γυναιξὶ
1199 3851 1517 3917 συνεσθίειν,
1554 3857 1602 3907 εί
1634 3859 1706 3927 μή
1738 3876 1839 3911 που

422 3926 562 3992 μετά
588 3945 746 3981 τινων
790 3930 1067 4003 θεοφόρων
1101 3940 1192 3990 καὶ
1221 3941 1463 3996 εὐλαδῶν
1493 3926 1703 4017 ἀνδρῶν
1747 3952 1839 4002 καὶ

418 4019 708 4081 γυναικῶν,
730 4022 814 4073 ἵνα
845 4025 938 4075 καὶ
964 4022 1150 4098 αὐτὴή
1180 4033 1518 4097 συνεστίασις
1544 4039 1674 4107 πρὸς
1710 4056 1841 4091 κατ-

414 4108 644 4179 όρθωσιν
689 4118 1061 4187 πνευματικὴν
1111 4122 1326 4195 ἀπάγῃ.
1394 4128 1503 4180 Καὶ
1562 4130 1654 4182 ἐπὶ
1706 4150 1838 4202 συγ-

415 4201 590 4266 γενῶν
636 4202 693 4254 δέ
748 4205 807 4255 τὸ
862 4206 993 4259 αὐτὸ
1035 4212 1277 4267 ποιείτω.
1328 4215 1391 4269 Εἰ
1439 4217 1493 4269 δὲ
1548 4224 1640 4273 καὶ
1682 4201 1840 4290 αὖθις

416 4293 475 4343 ὲν
507 4294 783 4368 ὁδοιπορίᾳ
811 4301 989 4371 συμϐῇ
1007 4302 1186 4374 τὰτῆς
1213 4307 1514 4376 ἀναγκαίας
1544 4316 1731 4383 χρείας
1758 4319 1837 4390 μὴ

415 4386 770 4457 ἐπιφέρεσθαι
826 4396 1123 4466 μοναχὸνῆ
1180 4400 1453 4468 ἱερατικὸν
1499 4406 1687 4477 ἄνδρα,

412 4478 585 4532 διὰτὸ
634 4482 930 4549 ἀναγκαῖον
979 4488 1281 4543 καταλῦσαι
1343 4492 1590 4561 βούλεται
1638 4500 1747 4553 εἴτε
1778 4505 1833 4555 ὲν

413 4572 716 4643 πανδοκείῳ
744 4572 940 4629 είτεέν
976 4578 1110 4649 οἴκῳ
1147 4583 1312 4647 τινὸς,
1336 4585 1517 4639 ἄδειαν
1548 4589 1694 4658 ἔχειν
1728 4595 1830 4646 a0-

347 4679 367 4712 ι
413 4663 506 4715 τὸν
529 4663 683 4716 τοῦτο
707 4671 899 4731 ποιεῖν,
923 4670 997 4733 ὡς
1019 4674 1114 4741 τῆς
1133 4676 1323 4743 χρείας
1340 4683 1793 4753 κατεπειγούσης.
1809 4703 1827 4735 ι

340 4755 539 4811 ΒΑΛΣ.
610 4756 668 4810 Ὀ
702 4759 893 4829 παρὼν
947 4762 1127 4817 κανὼν
1178 4767 1375 4821 κωλύει
1432 4772 1559 4836 τοὺς
1613 4774 1835 4839 λαῖκοὺς

272 4848 412 4913 μετὰ
440 4850 746 4917 θυμελικῶν
772 4856 1045 4922 παιγνίων
1076 4860 1168 4911 καὶ
1194 4860 1474 4930 ὀρχήσεων
1498 4865 1714 4933 ἐσθίειν,
1743 4872 1836 4924 καὶ

268 4944 652 5010 παρεγγυᾶται
703 4949 815 5008 τοῖς
865 4949 1108 5003 τοιοῦτόν
1134 4970 1187 5005 τι
1228 4955 1437 5008 ποιοῦσι
1490 4958 1836 5033 Χιριστιανοῖς

268 5032 635 5101 διορθοῦσθαισ
664 5037 712 5088 εί
748 5037 805 5090 δὲ
845 5041 942 5107 μὴ,
984 5046 1203 5112 κρατεῖν
1238 5045 1324 5096 ἐπ’
1357 5032 1542 5111 αὐτοῖς
1576 5052 1643 5102 τὰ
1682 5055 1834 5121 παρὰ

268 5125 379 5175 τῶν
410 5126 650 5179 κανόνων
703 5130 1121 5198 προορισθέντα.
1156 5133 1296 5198 Τοὺς
1330 5139 1513 5206 μέντοι
1567 5143 1834 5210 μοναχοὺς

269 5216 518 5279 καὶτοὺς
563 5220 889 5288 ἱερωμένους
936 5226 1370 5293 παρακελεύεται
1426 5229 1499 5299 μὴ
1533 5233 1833 5285 συνεσθίειν

270 5305 410 5373 μετὰ
428 5308 703 5371 γυναικῶν
730 5310 847 5362 κατ’
871 5310 1029 5378 ἰδίαν,
1054 5313 1157 5367 κᾶν
1186 5318 1249 5384 τῇ
1280 5318 1508 5387 ἀληθείᾳ
1532 5313 1632 5370 ὦσι
1659 5337 1831 5389 προσ-

268 5396 450 5459 γενείς
504 5390 682 5449 αὐτῶν
724 5415 738 5429 ·
768 5398 883 5451 ἀλλ’
915 5403 972 5452 ἐν
1016 5405 1155 5468 φωτὶ
1188 5407 1281 5456 καὶ
1313 5407 1451 5474 μετὰ
1490 5408 1731 5459 εὐλαϐῶν
1755 5425 1833 5460 τι-

268 5502 400 5549 νων,
438 5484 527 5537 διὰ
574 5488 633 5539 τὸ
678 5490 816 5560 μήτε
865 5493 1063 5554 αὐτοὺς
1109 5495 1213 5547 ὑπὸ
1257 5496 1531 5567 λογισμῶν
1571 5501 1831 5553 ἐναντίων

266 5579 681 5646 κατασείεσθαι,
722 5586 858 5655 μήτε
902 5585 1093 5650 ἄλλους
1136 5588 1530 5651 σκανδαλίζειν.
1572 5592 1659 5643 Ἐν
1690 5592 1831 5644 ὁδοι-

346 5760 388 5791 ²⁰
416 5760 432 5813 l
463 5763 588 5819 Cor.
628 5782 678 5829 Χ,
714 5767 801 5822 51.
887 5770 927 5801 τ’
971 5768 1158 5823 Matth.
1201 5788 1257 5835 γ,
1286 5771 1377 5825 ‘28.

1966 544 2233 612 prafecta:
2263 550 2538 603 voluntate
2568 551 2837 604 collocare
2870 568 2973 605 non
3004 556 3288 622 permittit.

2532 642 2760 699 CANON
2802 644 2997 725 xxu.‘

1969 749 1989 783 t
2024 732 2131 786 Deo
2167 735 2383 802 quidem
2405 738 2719 791 universum
2750 740 3020 804 dedicare,
3047 750 3101 797 et
3132 759 3238 799 non
3290 747 3526 816 propriis

2042 845 2059 877 t
2100 829 2466 885 voluntatibus
2498 836 2737 899 servire,
2796 851 2880 888 res
2928 851 3117 902 magna
3162 847 3243 892 est
3278 857 3292 893 :
3331 860 3350 891 ι
3399 841 3523 897 Sive

2040 937 2057 969 t
2096 921 2239 973 enim
2268 923 2590 991 comeditis,
2633 927 2746 981 sive
2777 928 2963 983 bibitis
2992 968 3007 992 ,
3058 931 3237 1001 inquit
3300 934 3523 990 divinus

2041 1027 2058 1059 t
2094 1011 2409 1077 Apostolus,
2468 1015 2647 1068 omnia
2696 1016 2747 1067 in
2815 1015 2901 1069 Dei
2930 1017 3153 1087 gloriam
3192 1020 3349 1075 facite
3388 1024 3456 1077 ⁷ο.
3494 1041 3516 1075 ι

2042 1121 2058 1153 t
2100 1102 2350 1158 Christus
2384 1113 2561 1158 autent
2590 1105 2731 1162 Deus
2767 1119 2953 1162 noster
2982 1126 3034 1163 tn
3065 1112 3178 1166 suis
3211 1113 3521 1182 Evangeliis
3580 1158 3584 1163 .
3670 1134 3671 1145 ι

2040 1215 2057 1245 t
2094 1196 2257 1264 jussit
2292 1207 2632 1265 peccatorum
2682 1200 2941 1267 principia
2962 1218 3225 1257 resecare.
3245 1203 3359 1258 Non
3378 1206 3520 1260 enim

2038 1306 2055 1336 ι
2098 1286 2426 1340 adulterium
2479 1289 2653 1341 solum
2687 1292 2827 1359 aput!
2882 1292 3055 1360 ipsutu
3114 1297 3365 1364 punitur;
3425 1298 3517 1352 seti

2036 1400 2055 1432 t
2095 1381 2256 1434 etiam
2288 1383 2615 1452 cognitionis
2643 1394 2817 1438 motus
2843 1386 2905 1438 ad
2927 1388 3341 1455 aggrediendum
3361 1390 3519 1443 atlu‘l-

2035 1493 2053 1525 t
2100 1476 2295 1529 terium
2321 1477 2737 1543 condemnatur,
2763 1480 2882 1545 ipso
2904 1477 3155 1533 dicente:
3181 1500 3197 1530 t
3231 1482 3330 1546 Qui
3361 1497 3521 1551 aspe-

2034 1584 2053 1617 t
2090 1568 2167 1619 xit
2198 1568 2477 1623 mulierem
2511 1569 2578 1623 ad
2610 1572 3100 1639 concupiscendam
3136 1573 3311 1643 ipsam
3340 1615 3354 1638 ,
3395 1591 3515 1629 eam

2035 1675 2053 1708 ι
2083 1658 2193 1727 jam
2225 1659 2278 1712 in
2309 1660 2472 1715 corde
2521 1676 2619 1715 suo
2665 1661 2988 1716 adulteravit
3033 1663 3077 1694 ⁷¹
3114 1680 3127 1716 :
3165 1681 3183 1714 ι
3226 1665 3367 1718 unde
3414 1682 3514 1720 nos

2038 1766 2056 1798 t
2096 1765 2313 1817 quoque
2342 1750 2543 1816 edocti,
2578 1750 2836 1804 debemus
2870 1752 3227 1821 cogitationes
3260 1770 3514 1824 purgare.

2034 1858 2053 1892 ι
2089 1842 2197 1897 Etsi
2225 1845 2366 1897 enim
2400 1845 2580 1897 omnia
2611 1844 2794 1908 licent,
2821 1860 2928 1897 nou
2959 1852 3138 1899 tamen
3188 1846 3369 1898 omnia
3419 1862 3517 1899 ex-
3560 1922 3563 1925 _

2030 1952 2048 1985 t
2086 1936 2307 2003 petliuut
2336 1936 2402 2002 ⁷⁸,
2440 1956 2459 1988 ι
2498 1947 2553 1991 ut
2611 1954 2638 1990 a
2689 1955 2820 1993 voce
2874 1940 3175 2009 apostolica
3235 1939 3514 1994 docemur.

2035 2046 2051 2077 ι
2090 2026 2274 2083 Cuivis
2300 2045 2431 2099 ergo
2462 2031 2669 2085 homini
2719 2047 2941 2087 necesse
2996 2039 3083 2085 est
3126 2031 3412 2086 comedere
3457 2042 3517 2086 ut

2033 2139 2050 2171 t
2088 2121 2253 2176 vivat.
2284 2118 2346 2173 Et
2375 2121 2572 2188 quibus
2597 2130 2680 2174 est
2738 2122 2849 2173 vita
2900 2121 3113 2189 quidem
3179 2121 3514 2176 matrimonii

2032 2233 2050 2264 ‹
2087 2222 2139 2267 et
2191 2213 2485 2267 liberorum
2520 2222 2573 2268 et
2623 2213 2772 2267 laiea:
2819 2214 3246 2275 constitutionis,
3302 2214 3511 2268 mixtim

2030 2324 2047 2356 t
2084 2305 2370 2360 comedere
2396 2307 2543 2359 viros
2576 2315 2629 2359 et
2673 2307 2927 2359 mulieres
2953 2346 2968 2369 ,
3002 2314 3084 2361 est
3117 2308 3185 2361 ab
3225 2309 3369 2362 omni
3420 2324 3513 2361 re-

2026 2414 2044 2445 t
2086 2396 2443 2461 prehensioue
2468 2394 2701 2448 alienum
2728 2412 2742 2460 ;
2774 2398 2819 2450 si
2852 2396 3015 2453 modo
3043 2399 3091 2451 ei
3120 2438 3136 2463 ,
3169 2401 3256 2464 qui
3285 2400 3377 2453 dat
3406 2417 3512 2453 nu-

2029 2504 2046 2537 t
2082 2487 2432 2545 tritneutum.
2492 2488 2699 2556 gratias
2751 2498 2946 2556 agant,
2995 2506 3099 2545 non
3131 2507 3251 2545 cum
3283 2494 3510 2549 scenicis

2026 2597 2043 2628 ι
2085 2578 2406 2645 quibusdam
2435 2580 2634 2634 studiis
2665 2581 2781 2633 sive
2837 2580 3105 2638 Satauicis
3138 2586 3362 2642 canticis
3390 2623 3410 2652 ,
3457 2598 3513 2643 et

2028 2687 2047 2719 t
2086 2669 2451 2723 citharoedicis
2475 2685 2537 2724 ac
2568 2674 2889 2727 meretriciis
2917 2674 3159 2741 vocibus,
3191 2693 3329 2745 quos
3385 2695 3510 2747 pro~

2025 2778 2043 2810 t
2081 2761 2295 2829 phetiea
2321 2766 2626 2816 exsecratio
2658 2762 2985 2821 ﬂexionihus
3009 2783 3101 2821 seu
3138 2770 3480 2833 gesticulatio

2025 2871 2043 2902 ι
2088 2854 2243 2907 nibus
2276 2856 2641 2921 persequitur,
2698 2855 2775 2908 sic
2830 2856 3059 2912 dicens:
3097 2879 3114 2910 ι
3155 2858 3242 2913 Va:
3302 2863 3368 2916 iis
3416 2863 3507 2932 qui

2024 2966 2043 2997 ι
2082 2963 2203 3000 cum
2234 2947 2437 3000 cithara
2465 2956 2519 2999 et
2549 2947 2809 3016 psalterio
2842 2950 3024 3001 vinum
3058 2950 3268 3013 bibunt,
3301 2955 3507 3008 Domini

2023 3057 2041 3086 σ
2083 3047 2261 3089 autem
2290 3052 2451 3104 opera
2485 3052 2586 3088 non
2627 3039 2942 3105 respiciunt,
2966 3050 3019 3093 et
3044 3058 3205 3110 opera
3248 3058 3504 3099 manuum

2022 3146 2040 3178 t
2075 3128 2193 3193 ejus
2227 3141 2329 3180 non
2361 3127 2709 3181 considerant
2741 3129 2809 3182 ⁷³.
2844 3148 2862 3180 ›
2901 3131 2963 3182 Et
2998 3133 3168 3186 sicubi
3209 3134 3340 3190 tales
3388 3136 3509 3189 fut:-

2022 3238 2040 3270 ‹
2078 3219 2189 3274 rint
2220 3219 2361 3273 inter
2389 3218 2754 3287 Christianos,
2776 3224 3122 3292 corrigantur
3150 3244 3163 3280 :
3196 3229 3277 3281 sin
3305 3230 3506 3296 minus,

2022 3332 2040 3364 ι
2079 3314 2339 3367 adversus
2366 3328 2458 3367 eos
2492 3314 2659 3365 robur
2687 3326 2846 3369 suum
2890 3316 3210 3382 obtineant,
3266 3336 3385 3388 qum
3435 3327 3503 3376 ah

2019 3425 2038 3458 ι
2074 3406 2507 3459 antecessoribus
2539 3408 2801 3459 canonice
2862 3408 3052 3461 tradita
3106 3420 3253 3466 stitit.
3296 3413 3503 3477 Quibus

2018 3517 2034 3547 ι
2072 3510 2250 3552 autem
2287 3500 2470 3566 quieta
2500 3507 2580 3550 est
2616 3498 2722 3550 vita
2751 3508 2803 3551 et
2834 3499 3098 3560 solitaria.
3147 3512 3201 3555 ut
3251 3506 3338 3570 qtti
3399 3506 3506 3560 Do-

2017 3609 2033 3641 t
2078 3591 2225 3644 mitto
2258 3589 2366 3644 Deo
2415 3591 2603 3659 jugutn
2657 3592 3019 3645 monasticum
3075 3595 3258 3651 tollere
3305 3608 3507 3654 statue-

2020 3702 2036 3734 t
2078 3685 2205 3746 rint,
2241 3683 2290 3736 in
2322 3683 2615 3737 solitudine
2640 3692 2692 3736 et
2736 3684 2951 3737 silentio
2991 3686 3183 3741 sedere
3217 3691 3502 3744 convenit:

2016 3794 2035 3826 ι
2072 3776 2165 3829 sed
2201 3790 2297 3828 nec
2326 3774 2393 3829 iis
2424 3775 2611 3830 etiam.
2645 3776 2735 3845 qui
2766 3776 2925 3828 vitam
2959 3780 3351 3833 sacerdotalem
3392 3783 3504 3837 ele-

2018 3886 2034 3918 t
2074 3868 2269 3937 gerint,
2297 3866 2420 3921 licet
2449 3866 2669 3921 omnino
2718 3882 2962 3921 seorsum
3008 3884 3132 3923 cum
3190 3873 3503 3928 mulieribus

2016 3977 2037 4011 ι
2067 3961 2389 4023 comedere;
2425 3960 2526 4013 nisi
2558 3960 2744 4029 utique
2768 3976 2891 4013 cum
2922 3961 3125 4017 divinis
3151 3972 3203 4017 et
3237 3965 3502 4035 religiosis

2019 4070 2036 4102 ι
2078 4050 2209 4104 viris
2234 4066 2295 4101 ac
2330 4049 2667 4110 mulieribus,
2705 4058 2762 4102 ut
2791 4052 2964 4116 ipsum
2999 4053 3162 4106 etiam
3191 4057 3498 4111 convivium

2019 4160 2037 4193 t
2082 4142 2145 4194 ad
2176 4140 2507 4209 spiritualem
2532 4142 2921 4195 correctionem
2963 4145 3216 4200 adducat.
3246 4148 3415 4200 Porro
3446 4149 3498 4202 id

2016 4252 2033 4284 t
2078 4232 2254 4301 ipsum
2289 4231 2451 4284 etiam
2489 4232 2541 4285 in
2569 4233 2816 4302 cognatis
2842 4234 2956 4289 fiat.
3010 4237 3064 4289 Si
3098 4244 3275 4291 autem
3309 4253 3502 4293 rursus

2012 4341 2030 4373 t
2068 4323 2361 4389 contingat,
2401 4328 2456 4374 ut
2480 4336 2598 4389 qua:
2649 4330 2776 4375 sunt
2832 4318 3116 4379 ad'usum
3177 4331 3491 4382 necessaria

2016 4432 2034 4463 ι
2068 4429 2171 4465 non
2204 4410 2393 4464 aﬂ‘erat
2424 4412 2721 4466 monachus
2750 4413 2831 4467 vel
2864 4415 3154 4479 sacerdos,
3185 4423 3239 4469 et
3276 4430 3499 4486 propter

2016 4522 2035 4554 ι
2072 4505 2443 4557 necessitatem
2474 4503 2621 4565 velit,
2651 4504 2765 4558 sive
2794 4504 2856 4557 ad
2920 4506 3198 4573 publicum
3252 4509 3499 4563 diverso-

2017 4615 2034 4648 t
2072 4580 2383 4658 riumfsive
2413 4595 2477 4648 ad
2510 4596 2744 4663 alicujus
2799 4601 3019 4651 domum
3078 4594 3388 4665 divertere;
3448 4604 3498 4655 ei

2017 4704 2036 4739 t
2074 4686 2235 4740 liceat
2265 4685 2368 4739 hoc
2394 4684 2591 4751 facere,
2630 4695 2814 4755 utpote
2834 4694 3059 4756 urgente
3091 4691 3436 4747 necessitate.
3471 4710 3491 4742 ι

2009 4776 2205 4830 BALS.
2242 4776 2486 4831 PFIBSCHS
2528 4791 2701 4829 canon
2740 4778 2987 4845 prohibet
3028 4778 3219 4845 laicis,
3254 4796 3322 4833 ne
3374 4797 3497 4836 cum

1938 4864 2172 4920 scenicis
2202 4863 2425 4920 ludicris
2456 4874 2507 4918 et
2540 4866 2917 4920 saltationibus
2947 4867 3251 4928 comedam.
3273 4880 3325 4924 et
3374 4888 3502 4927 sua-

1890 4966 1899 4979 ’
1938 4958 2029 5009 det
2056 4956 2381 5010 Christianis
2410 4956 2573 5026 329
2604 4958 2692 5026 qui
2730 4958 2834 5011 tale
2868 4959 2994 5028 quid
3028 4959 3236 5014 faciunt
3261 5003 3275 5027 ,
3330 4972 3388 5018 ut
3439 4979 3500 5018 se

1937 5048 2214 5117 corrigaut
2250 5064 2263 5101 :
2295 5049 2377 5101 sin
2410 5048 2585 5101 minus
2614 5087 2629 5113 ,
2658 5050 2915 5103 adversus
2970 5065 3061 5105 cos
3115 5052 3292 5106 valere
3315 5092 3330 5117 ,
3379 5071 3499 5123 quae

1937 5142 2239 5194 canonibus
2269 5149 2426 5194 antea
2459 5146 2746 5203 constituta
2785 5141 2933 5196 fuere
2959 5182 2976 5209 ,
3037 5143 3298 5198 decernit.
3330 5143 3500 5199 Porro

1938 5240 1991 5283 et
2023 5232 2306 5283 monachis
2340 5239 2391 5283 et
2419 5230 2803 5311 sacerdotibus
2825 5233 3067 5302 praecipit
3092 5274 3107 5300 ,
3156 5251 3220 5287 ne
3247 5251 3496 5291 seorsum

1941 5334 2063 5372 cum
2098 5321 2414 5375 mulieribus
2443 5321 2759 5385 comt'dant,
2804 5326 3013 5379 etiamsi
3065 5341 3250 5381 revera
3307 5341 3493 5381 eorum

1941 5421 2183 5480 cognata:
2214 5412 2414 5466 fuerint
2440 5432 2453 5477 ;
2482 5414 2576 5468 sed
2613 5418 2809 5483 palam.
2848 5426 2901 5471 et
2931 5434 3051 5471 cum
3087 5419 3359 5489 aliquibus
3398 5419 3496 5473 bo-

1940 5504 2025 5552 nis
2056 5514 2118 5553 ac
2159 5501 2448 5570 religiosis,
2474 5513 2533 5556 ut
2600 5522 2770 5574 neque
2802 5508 2903 5577 ipsi
2936 5522 2964 5561 a
2996 5509 3286 5564 contrariis
3346 5510 3489 5576 cogi.
3568 5516 3571 5519 '

1941 5592 2232 5646 tationibus
2295 5605 2652 5665 moveantur,
2717 5614 2889 5669 neque
2955 5600 3073 5655 aliis
3140 5592 3493 5655 offensionem

1464 5773 1506 5805 ⁷³
1537 5773 1553 5826 ί
1592 5774 1713 5829 Cor.
1743 5790 1813 5841 vi,
1851 5773 1938 5831 12.
1990 5775 2062 5852 _"
2090 5773 2192 5830 lsa.
2227 5791 2279 5840 v,
2310 5774 2400 5841 11,
2438 5777 2520 5833 12.
