3972 6488
459 281 564 344 999

1715 269 1995 329 THEOD.
2036 263 2434 323 BALSAMON

3575 258 3687 321 1000

462 396 891 464 scandalumqne
930 380 1225 464 prtebcanl.
1266 392 1322 447 Si
1356 392 1480 463 quis
1521 400 1697 445 autem
1749 392 1943 443 horutn
1977 386 2033 439 in

2160 383 2303 453 τσρίᾳ
2324 384 2377 434 δὲ
2406 381 2437 451 ἥ
2460 383 2519 434 ὲν
2545 381 2709 452 ἑτέρα
2737 380 3015 451 ἀναγκαίᾳ
3042 380 3288 451 διακονία
3324 378 3693 446 ἁποδημοῦντά

461 493 658 546 itinere
689 488 771 543 vel
807 489 859 542 in
903 488 1011 541 alio
1045 502 1155 540 non
1193 486 1511 556 negligendo
1565 482 1867 537 ministerio
1913 495 2035 549 per.

461 599 589 656 egre
618 582 892 645 vcr'setur,
922 590 978 635 et
1018 596 1125 634 non
1168 578 1361 634 habeat
1386 593 1447 631 ea
1475 592 1595 647 qua!
1617 584 1745 630 sunt
1773 574 1841 627 ad
1868 574 2031 625 vitam

465 672 798 735 necessaria,
836 678 1171 733 statuerunt,
1202 683 1325 723 eum
1357 668 1563 737 absque
1590 666 1699 720 ullo
1721 662 2036 736 praeiudicio

466 767 525 820 in
557 763 795 833 hospitio
824 762 1040 833 publico
1065 762 1148 815 vel
1176 760 1229 812 in
1271 759 1464 813 alienis
1502 757 1711 811 uadibus
1738 753 2023 815 diversari,

466 864 687 927 propter
715 864 997 925 urgentem
1042 853 1421 907 necessitatem
1451 850 1695 919 corporei
1722 848 2038 902 nutrimenti

466 956 521 1004 et
554 948 774 1017 quietis.
802 948 979 1015 Atque
1039 944 1127 999 hic
1181 944 1400 1012 quidem
1456 950 1539 997 est
1596 940 1760 1007 hujus
1817 935 2041 991 canonis

471 1056 689 1109 sc0pus.
727 1040 859 1108 Ejus
888 1048 1067 1092 autem
1120 1036 1445 1106 prooemium
1492 1043 1576 1089 est
1631 1049 1695 1088 ex
1739 1032 1913 1103 prima
1973 1030 2040 1083 ad

469 1129 785 1185 Corinthios
812 1126 1051 1197 Epistola
1094 1124 1274 1194 magni
1312 1123 1541 1191 apostoli
1572 1121 1746 1183 Pauli,
1777 1135 1897 1189 qua:
1954 1119 2035 1171 sic

470 1237 727 1291 expresse
759 1220 888 1275 dicit
923 1236 935 1271 :
971 1216 1089 1271 Sive
1120 1214 1410 1275 comeditis,
1431 1216 1537 1268 sive
1563 1213 1759 1274 bibitis,
1782 1211 1959 1263 omnia
1988 1209 2042 1260 in

474 1316 568 1367 Dei
597 1314 845 1367 honorem
890 1312 1063 1381 facite.
1101 1308 1233 1362 Illud
1279 1317 1493 1368 autem,
1537 1306 1791 1359 Debemus
1840 1302 2041 1372 cogita-

472 1410 642 1461 tiones
670 1420 898 1475 purgare
920 1445 935 1468 ,
966 1419 1031 1456 ex
1089 1400 1326 1456 secunda
1362 1401 1427 1453 ad
1447 1398 1758 1454 Corinthios
1784 1396 2042 1465 Epistola.

472 1499 608 1553 [llud
646 1516 660 1551 :
695 1498 889 1552 Omnia
918 1495 1096 1558 licent,
1128 1493 1217 1548 sed
1253 1511 1355 1546 non
1382 1494 1558 1546 omnia
1603 1490 1881 1558 expediunt
1912 1530 1924 1553 ,
1975 1505 2041 1543 ex

478 1593 647 1660 prima
684 1591 751 1643 ad
787 1590 1100 1643 Corinthios
1130 1586 1391 1655 Epistola.
1431 1584 1493 1637 Et
1534 1583 1698 1647 illud,
1742 1581 1831 1635 Va:
1888 1582 1993 1633 illis
2026 1622 2039 1646 ,

474 1686 564 1752 qui
594 1701 712 1736 cum
740 1683 947 1736 cithara
974 1694 1023 1735 et
1059 1680 1309 1749 psalterio
1354 1681 1528 1733 riuum
1562 1677 1774 1738 bibunt,
1819 1684 1871 1728 et
1923 1691 2043 1743 qute

2137 488 2257 525 τινα
2292 475 2354 524 ἐκ
2400 471 2626 535 τούτων,
2675 471 2771 525 καὶ
2818 472 2883 524 τὰ
2920 470 3057 539 πρὸς
3104 469 3246 541 ζωὴν
3297 466 3590 535 ἐπιτήδεια
3629 470 3693 538 μὴ

2136 565 2352 635 ἔχοντα,
2404 565 2697 635 διωρίσατο
2767 563 3249 633 ἁποκριματίστως
3301 559 3601 615 καταλύειν
3648 561 3695 612 ὲν

2142 656 2453 726 ξενοδοχείῳ
2492 656 2616 727 ἢέν
2652 655 2921 725 ἀλλοτρίῳ
2959 654 3115 723 οἴκῳ,
3151 652 3241 705 διὰ
3284 651 3351 705 τὸ
3388 654 3698 718 κατεπεῖγον

2136 749 2237 819 τῆς
2267 748 2586 817 σωματικῆς
2616 748 2824 816 τροφῆς
2858 745 2955 799 καὶ
2985 743 3382 805 ἀναπαύσεως.
3418 742 3530 794 Καὶ
3559 743 3586 793 ὁ
3614 743 3699 809 μὲν

2142 843 2343 903 σκοπὸς
2396 840 2491 893 τοῦ
2532 839 2755 901 κανόνος
2788 832 2963 897 οὗτος.
3001 838 3074 890 Τὸ
3120 836 3417 907 προοίμιον
3465 832 3522 886 δὲ
3553 834 3700 888 αὐτοῦ

2138 934 2286 985 ἐστιν
2324 932 2433 985 ἀπὸ
2465 932 2565 1001 τῆς
2600 932 2739 1001 πρὸς
2775 929 3098 1001 Κορινθίους
3125 927 3355 999 πρώτης
3394 926 3705 994 Ἐπιστολῆς

2140 1024 2232 1077 τοῦ
2270 1024 2507 1095 μεγάλου
2540 1024 2846 1077 ἀποστόλου
2898 1022 3131 1085 Παύλου,
3183 1020 3332 1073 οὕτω
3364 1017 3629 1088 λεγούσης
3656 1020 3704 1070 ὲν

2145 1118 2319 1187 μέρει·
2361 1118 2495 1169 Εἴτε
2541 1118 2797 1179 ἑσθιέτε,
2827 1116 2946 1169 εἴτε
2999 1116 3223 1178 πίνετε,
3263 1112 3474 1165 πάντα
3516 1112 3601 1174 είς
3626 1109 3711 1162 δό-

2143 1212 2259 1276 ξαν
2313 1211 2460 1265 Θεοῦ
2504 1210 2746 1263 ποιεῖτε·
2800 1211 2859 1262 τὸ
2891 1210 2969 1273 δὲ,
3034 1210 3392 1277 Ὀφείλομεν
3424 1204 3713 1273 καθαίρειν

2141 1303 2491 1371 λογισμοὺς,
2512 1303 2619 1355 ἀπὸ
2638 1306 2738 1372 τῆς
2763 1302 2897 1372 πρὸς
2920 1300 3236 1371 Κορινθίους
3263 1298 3541 1368 δεύτερας
3576 1298 3713 1351 Ἐπι-

2145 1396 2357 1459 στολῆς·
2390 1395 2472 1459 τὸ,
2519 1394 2721 1447 Πάντα
2749 1394 3015 1457 ἔξεστιν,
3044 1392 3183 1446 ἀλλ’
3225 1393 3298 1445 οὐ
3332 1390 3539 1444 πάντα
3580 1404 3714 1457 συμ-

2143 1488 2329 1556 φέρει,
2362 1486 2468 1539 ἀπὸ
2499 1488 2596 1557 τῆς
2626 1489 2762 1556 πρὸς
2782 1486 3100 1557 Κορινθίους
3117 1483 3345 1554 πρώτης
3379 1479 3712 1548 Ἐπιστολῆς

2145 1581 2241 1633 καὶ
2292 1580 2373 1643 τὸ,
2421 1580 2565 1632 Οὐαὶ
2634 1583 2687 1633 οι
2718 1578 2868 1647 μετὰ
2937 1574 3182 1644 κιθάρας
3224 1575 3324 1628 καὶ
3386 1573 3714 1642 ψαλτηρίου

2148 1673 2254 1726 τὸν
2278 1668 2444 1725 οἶνον
2460 1675 2760 1736 πίνοντες,
2784 1671 2962 1723 καὶτὰ
2986 1669 3134 1738 ἑξῆς,
3158 1671 3219 1722 ἐκ
3243 1668 3345 1738 τῆς
3374 1665 3477 1718 τοῦ
3507 1665 3715 1718 Ἡσαΐου

479 1775 735 1845 deinceps
789 1783 1116 1843 sequuntur,
1154 1789 1217 1827 ex
1262 1771 1399 1826 Isaia
1440 1769 1719 1839 propheta.
1748 1767 2048 1823 Canonicas

2160 1762 2505 1833 apopqrslag.
2546 1762 2850 1823 Κανονικὰς
2896 1761 2950 1813 δὲ
3005 1760 3337 1829 παραδόσεις
3402 1757 3454 1807 οἱ
3488 1755 3714 1825 Πατὲρες

477 1875 655 1921 autem
691 1868 1012 1922 traditiones
1042 1867 1232 1920 dicunt
1263 1864 1451 1917 Patres
1480 1865 1550 1917 42
1571 1873 1624 1918 et
1654 1864 1723 1918 45
1762 1877 1882 1916 can.
1922 1876 2048 1914 san-

476 1970 688 2014 ctorum
722 1960 1116 2029 apostolorum.
1142 1968 1193 2013 cl.
1221 1959 1288 2012 60
1308 1957 1565 2027 Carthag.
1593 1972 1714 2027 syn.
1745 1964 1799 2009 et
1824 1955 1893 2009 62
1924 1970 2045 2026 syn.

477 2054 534 2107 in
566 2051 777 2105 Trullo.
888 2114 891 2115 ν

546 2142 796 2197 ZONAR.
833 2143 1130 2198 Monacltos
1163 2151 1216 2195 et
1271 2142 1443 2196 sacris
1498 2141 1740 2195 initiatos
1798 2141 2047 2197 homines

478 2236 724 2305 privatim
760 2237 812 2289 in
842 2235 1033 2289 eadem
1068 2249 1251 2288 mensa
1282 2248 1404 2288 cum
1458 2232 1674 2288 feminis
1726 2233 2049 2289 accumbere

480 2329 571 2384 hic
623 2342 799 2381 canon
855 2336 1022 2382 vetat.
1080 2326 1317 2380 Exordio
1379 2342 1511 2381 vero
1546 2327 1715 2379 utitur
1746 2341 1949 2394 ,atque
1979 2326 2047 2379 ad

482 2421 650 2475 Deum
682 2421 863 2475 omnia
896 2419 1179 2475 referenda
1214 2435 1334 2474 esse
1381 2419 1765 2484 demonstrat,
1814 2420 2049 2474 dictum-

483 2530 593 2583 que
624 2513 871 2582 Apostoli
936 2494 1140 2583 profert
1189 2514 1417 2568 dicentis
1450 2530 1463 2565 :
1500 2512 1617 2566 Sive
1676 2514 2009 2566 manducetis
2034 2551 2051 2577 ,

486 2606 590 2659 sive
639 2605 811 2657 bibitis
841 2647 854 2668 ,
905 2606 1083 2658 omnia
1112 2605 1165 2657 in
1202 2606 1423 2673 gloriam
1472 2603 1565 2657 Dei
1615 2604 1793 2671 facite.
1851 2603 2051 2658 Deinde

486 2709 790 2748 sermonem
832 2695 1165 2763 aggreditur,
1210 2703 1373 2762 atque
1414 2709 1478 2747 ex
1522 2694 1729 2748 Christi
1783 2701 2051 2763 prtecepto

485 2796 834 2857 peccatorum
875 2785 1026 2838 initia
1060 2800 1087 2836 a
1120 2784 1363 2840 tidelibus
1389 2785 1679 2839 resccanda
1704 2800 1825 2841 esse
1861 2796 2047 2840 osten-

486 2878 589 2930 dit.
628 2876 741 2931 lllis
770 2892 1004 2944 namque
1038 2878 1239 2941 verbis,
1272 2876 1376 2942 Qui
1424 2876 1613 2930 viderit
1659 2877 1929 2933 mulierem
1982 2879 2051 2932 ad

490 2970 953 3033 concupiscendum
980 2984 1117 3032 eam,
1175 2969 1292 3038 jam
1348 2971 1635 3023 mwchatus
1685 2980 1760 3024 est
1814 2987 1929 3024 eam
1996 2973 2050 3025 in

2158 1854 2291 1920 φασὶ
2323 1853 2414 1904 τὸν
2443 1852 2530 1921 μεν
2563 1852 2656 1903 καὶ
2701 1848 2789 1921 μγ¹
2816 1851 2923 1904 τῶν
2952 1852 3121 1919 ἁγίων
3154 1848 3502 1910 ἀποστόλων,
3558 1845 3643 1897 τὸν
3681 1845 3713 1900 ε

2148 1949 2248 2013 τῆς
2284 1948 2340 1997 ὲν
2396 1945 2723 2015 Καρθαγένῃ
2755 1945 2976 1997 συνόδου
3008 1945 3103 1996 καὶ
3135 1943 3229 1995 τὸν
3263 1943 3343 2007 ξδ’
3424 1942 3527 2008 τῆς
3554 1940 3609 1991 ὲν
3650 1936 3714 2006 τῷ

2150 2037 2423 2107 Τρούλλιι).

2225 2126 2468 2183 ΖΩΝΛΡ.
2514 2128 2571 2181 Ὀ
2620 2127 2810 2197 παρὼν
2840 2124 3021 2179 κανὼν
3074 2125 3275 2180 κωλύει
3310 2123 3591 2195 μοναχοὺς
3632 2122 3711 2174 καὶ

2150 2221 2493 2291 ¹ἱερωμένους
2520 2219 2640 2271 κατ’
2674 2218 2811 2270 ἰδίαν
2840 2216 3140 2269 συνεσθίειν
3173 2215 3419 2284 γυναιξί.
3459 2212 3712 2283 Προοιμά-

2152 2315 2305 2379 ζεται
2340 2311 2419 2374 δὲ,
2464 2311 2556 2363 καί
2588 2327 2753 2380 φησιν
2792 2310 2873 2361 ὅτι
2908 2309 3085 2375 πάντα
3120 2309 3227 2379 χρὴ
3278 2307 3361 2378 τῷ
3395 2304 3517 2375 Θεῷ
3542 2302 3710 2358 ἀνατι-

2153 2406 2363 2470 θεσθαι,
2394 2406 2486 2457 καὶ⁵
2515 2404 2713 2473 χρῆσιν
2747 2404 2812 2455 ὲκ
2847 2402 2943 2455 τοῦ
2982 2399 3310 2453 Ἀποστόλου
3345 2400 3605 2467 παράγει,
3633 2396 3707 2447 )1-

2150 2515 2357 2567 γοντος,
2388 2497 2527 2551 Εἴτε
2567 2496 2820 2561 ἐσθίετε,
2850 2495 2972 2548 site
3016 2494 3240 2559 πίνετε,
3268 2491 3476 2545 πάντα
3518 2492 3601 2556 είς
3625 2488 3709 2543 bd-

2153 2594 2269 2659 ξαν
2299 2593 2447 2646 Θεοῦ
2491 2593 2732 2645 ποιεῖτε.
2783 2586 2917 2643 Εἶτα
2951 2586 3398 2659 μεταχειρίζεται
3429 2584 3521 2638 τὸν
3552 2583 3707 2651 λόγον,

2154 2688 2377 2758 φάσκων
2401 2686 2483 2739 ὅτι
2512 2687 2539 2737 ὁ
2564 2682 2799 2753 Χριστὸς
2821 2683 2920 2743 τὰς
2960 2681 3134 2751 ἀρχάς
3163 2678 3272 2731 τῶν
3311 2678 3709 2747 ἁμαρτημάτων

2155 2780 2463 2851 περιαιρεῖν
2516 2778 2642 2839 τοὺς
2693 2775 2916 2837 πιστοὺς
2968 2773 3199 2827 κελεύει.
3248 2773 3338 2826 Ἐν
3389 2770 3503 2842 γάρ
3547 2768 3619 2838 τῷ
3640 2766 3710 2819 λέ-

2153 2891 2291 2944 γειν,
2335 2872 2398 2925 Ὀ
2434 2870 2740 2939 ἐμϐλέψας
2794 2867 3029 2938 γυναικὶ
3069 2867 3219 2937 πρὸς
3263 2866 3328 2920 τὸ
3367 2860 3709 2932 ἐπιθυμῆσαι

2156 2966 2345 3035 αὐτῆς
2390 2964 2505 3033 ἤδη
2534 2964 2891 3034 ἐμοίχευσεν
2924 2960 3120 3029 αὐτὴν
3172 2962 3243 3014 ἐν
3270 2958 3347 3028 τῇ
3396 2956 3602 3027 καρδίᾳ
3623 2955 3708 3008 αὑ-

491 3057 645 3111 corde
667 3074 783 3122 suo,
812 3074 921 3112 non
971 3059 1295 3112 adulterium
1349 3060 1733 3125 solummodo,
1782 3066 1875 3115 sed
1938 3062 2053 3131 ipsa

2161 3060 2289 3121 τοῦ,
2320 3062 2381 3111 ού
2411 3060 2507 3127 τὴν
2539 3059 2784 3128 μοιχείαν
2813 3055 3032 3118 κολάζει
3066 3054 3245 3125 μόνον,
3268 3053 3411 3107 ἀλλὰ
3444 3050 3537 3104 καὶ
3564 3047 3705 3115 αὐτὴν

496 3165 712 3218 quoque
744 3154 894 3221 pravi
930 3161 1112 3205 motus
1148 3151 1299 3205 initia
1325 3153 1573 3221 castigat.
1626 3154 1761 3208 Cum
1799 3156 1942 3209 enim
2002 3157 2053 3209 in

496 3242 737 3295 mulieris
788 3243 960 3296 forma
1013 3244 1431 3313 contemplanda
1488 3245 1757 3315 quispiam
1807 3248 2059 3304 curiosus

496 3342 601 3397 est,
627 3334 867 3387 admisso
902 3348 1081 3403 pravae
1112 3333 1412 3390 affectionis
1451 3335 1624 3404 initio,
1658 3354 1850 3408 nempe
1905 3340 2058 3407 cupi-

497 3425 683 3489 ditate,
719 3441 783 3479 ex
814 3441 878 3479 eo
914 3428 1081 3494 ipsius
1129 3444 1347 3497 quoque
1405 3432 1664 3500 cogitatio
1691 3441 1743 3486 et
1791 3434 1929 3487 ratio
1992 3432 2057 3485 ad

500 3520 703 3571 crimen
752 3520 1158 3587 Suscipiendum
1208 3521 1521 3590 impellitur.
1576 3523 1812 3578 Proinde
1852 3526 2058 3594 cogita-

500 3611 698 3673 tiones,
752 3612 947 3679 inqttit,
1010 3612 1318 3667 interimere
1360 3614 1618 3671 debemus
1677 3618 1798 3686 (est
1846 3626 1899 3670 cl.
1958 3620 2063 3669 hoc.

501 3717 718 3770 quoque
751 3704 1154 3772 apostolicum),
1192 3706 1242 3758 id
1268 3715 1373 3766 est,
1398 3718 1619 3776 propter
1648 3708 1749 3761 hoc
1777 3717 2063 3761 nascentes

501 3795 760 3849 debemus
789 3796 1143 3865 exstinguere
1170 3837 1183 3860 ,
1216 3798 1531 3868 priusquam
1595 3815 1713 3854 sese
1766 3800 1927 3853 altius
1986 3801 2059 3852 ef-

504 3887 644 3940 ferre
678 3902 739 3939 ac
777 3887 1056 3941 nobiscum
1108 3889 1388 3944 colluctari
1438 3893 1668 3960 possint.
1731 3889 1825 3945 Vel
1876 3892 2066 3944 καθαί-

510 3997 647 4051 ρειν,
688 3980 738 4033 id
782 3990 864 4034 est
912 3995 1141 4049 purgare
1176 3981 1423 4051 (utraque
1464 3983 1607 4035 enim
1656 3982 1813 4036 lectio
1853 3982 2065 4036 admitti

504 4074 725 4143 potest),
755 4088 822 4126 ne
854 4071 1102 4127 videlicet
1125 4084 1357 4127 mentem
1388 4073 1617 4142 impuris
1651 4074 2068 4143 cogitationibus

505 4167 858 4219 cootaminari
894 4164 1179 4229 sinamus,
1231 4165 1327 4220 sed
1380 4181 1473 4219 eas
1523 4180 1683 4235 quam
1750 4166 2065 4236 longissime

504 4258 894 4322 amandemus;
926 4259 1006 4311 vel
1032 4259 1193 4312 etiam
1224 4267 1458 4313 mentem
1485 4297 1501 4323 ,
1532 4257 1603 4314 ob
1644 4259 1912 4314 admissas
1964 4260 2067 4313 im-

508 4367 669 4420 pnras
694 4351 1048 4419 cogitationes
1098 4351 1437 4420 inquinatam
1463 4390 1479 4414 ,
1536 4365 1901 4420 expurgemus
1928 4394 1942 4416 ,
2004 4367 2068 4406 ac

2160 3156 2261 3221 τὴν
2310 3153 2403 3206 τοῦ
2458 3151 2662 3213 πάθους
2698 3150 2891 3219 ἀρχήν.
2938 3148 3108 3201 Ὅταν
3137 3145 3244 3215 γάρ
3284 3162 3372 3208 τις
3424 3141 3702 3213 περιέργως

2164 3249 2269 3319 ἴδῃ.
2302 3230 2592 3313 δεξάμενος
2613 3242 2711 3313 τὴν
2736 3241 2829 3294 τοῦ
2856 3239 3063 3301 πάθους
3089 3238 3284 3308 ἀρχὴν,
3311 3236 3415 3307 τὴν
3437 3232 3703 3312 ἐπιθυμίαν

2160 3337 2382 3407 δηλαδὴ,
2409 3337 2529 3388 τότε
2555 3334 2701 3401 αὐτῷ
2728 3334 2754 3385 ὁ
2781 3332 3039 3403 λογισμὸς
3060 3334 3292 3386 κινεῖται
3315 3331 3455 3402 πρὸς
3477 3330 3536 3382 τὸ
3553 3326 3702 3397 ἁμάρ-

2162 3448 2333 3499 τημα.
2364 3431 2573 3491 Ἔνθεν,
2608 3427 2761 3497 φησὶ,
2792 3426 3090 3495 λογισμοὺς
3124 3425 3420 3493 ὀφείλομεν
3452 3419 3705 3485 καθαιρεῖν

2164 3521 2454 3590 (καὶτοῦτο
2474 3521 2527 3572 δὲ
2547 3516 2951 3581 ἀποστολικὸν),
2978 3518 3247 3581 τουτέστι,
3271 3515 3357 3567 διὰ
3380 3513 3539 3567 τοῦτο
3563 3524 3704 3579 χρεω·

2164 3614 2396 3680 στοῦμεν
2434 3611 2791 3665 καταϐάλλειν
2813 3611 2937 3672 τοὺς
2955 3609 3265 3676 λογισμοᾷς,
3285 3608 3381 3659 καὶ
3406 3606 3481 3675 μὴ
3512 3604 3598 3673 ὲᾷν
3624 3599 3707 3653 αὖ·

2165 3710 2289 3769 τοὺς
2314 3705 2628 3776 ἐπαίρεσθλι
2647 3706 2739 3755 καὶ
2760 3702 3241 3767 κατεξανίστασθαι
3274 3699 3457 3768 ἡμῶν
3494 3692 3704 3767 ἧκαθαίι

2168 3818 2279 3869 ρειν
2294 3799 2582 3869 (γράφεται
2598 3796 2703 3865 γὰρ
2720 3795 2813 3847 καὶ
2830 3793 3044 3859 οὕτως),
3065 3793 3185 3847 ἀντὶ
3200 3792 3317 3855 τοῦ,
3343 3790 3421 3862 μὴ
3453 3791 3545 3861 ἐᾷν
3581 3784 3707 3856 μολύ-

2167 3891 2350 3942 νεσθαι
2397 3890 2486 3941 τὸν
2536 3887 2793 3956 λογισμὸν
2824 3886 2891 3938 δι’
2912 3886 3262 3955 ἐνθυμήσεων
3291 3882 3563 3953 πονηρῶν,
3612 3872 3705 3928 ἀλλ’

2166 3982 2593 4050 ἀποπέμπεσθαι
2618 3979 2837 4040 ταύταςο
2869 3978 2903 4049 ἢ
2932 3978 3026 4030 καὶ
3052 3976 3139 4029 διὰ
3158 3979 3257 4046 τῆς
3285 3973 3595 4044 παραδοχῆς
3616 3967 3704 4021 τῶν

2169 4075 2423 4126 ὑπόπτων
2456 4072 2823 4141 διαλογισμῶν
2850 4071 3177 4141 μολυνθέντα
3225 4070 3507 4139 καθαίρειν
3551 4060 3702 4122 αὐτὸν,

2172 4167 2461 4219 ἑκπλύνειν
2491 4165 2586 4218 τοῦ
2617 4164 2895 4235 μολυσμοῦ
2932 4164 3018 4217 διὰ
3053 4164 3361 4233 μετανοίας,
3407 4164 3502 4216 καὶ
3536 4158 3604 4229 μὴ
3629 4156 3703 4222 ἐᾷν

2165 4259 2478 4328 περαιτέρω
2505 4258 2770 4328 χωρῆσαι.
2798 4261 2865 4311 Et
2886 4258 2992 4326 γὰρ
3014 4259 3110 4310 καὶ
3134 4257 3328 4310 πάντα
3347 4275 3447 4324 μοι
3470 4254 3697 4319 ἔξεστιν.

2168 4352 2309 4406 ἀλλ’
2341 4353 2411 4405 οὐ
2443 4351 2640 4404 πάντα
2676 4351 2991 4420 συμφέρει.
3034 4351 3219 4403 Ταῦτα
3250 4350 3306 4402 δὲ
3345 4348 3440 4401 τοῦ
3497 4340 3698 4417 μεγάλου

506 4430 816 4513 pocniicntia
851 4452 1157 4497 contractas
1197 4442 1386 4496 sordes
1431 4441 1679 4496 eluamus
1706 4482 1722 4507 ,
1748 4459 1934 4513 neque
1984 4444 2055 4495 ul.

2174 4446 2386 4501 Παύλου
2410 4446 2477 4499 τὰ
2506 4448 2571 4517 ρή
2582 4464 2748 4515 ματα.
2780 4447 3060 4510 Ἔξεστιν
3084 4442 3215 4510 οὖν,
3241 4445 3394 4515 φησὶ,
3418 4444 3483 4496 τὸ
3510 4439 3701 4493 ἐσθίειν

507 4537 675 4589 terius
709 4535 956 4603 progredi
993 4535 1285 4603 patiamur.
1322 4532 1463 4586 Nam
1499 4534 1595 4586 etsi
1626 4534 1753 4597 mihi
1795 4536 1971 4587 omnia
1996 4536 2069 4587 li-

507 4636 641 4686 cent,
679 4643 778 4678 non
831 4636 1003 4679 tamen
1056 4626 1233 4677 omnia
1303 4624 1636 4692 expediunt:
1674 4626 1787 4677 haec
1857 4640 2071 4692 quoque

506 4718 688 4785 magni
728 4716 878 4769 Pauli
920 4718 1078 4769 verba
1111 4726 1258 4771 sunt.
1291 4716 1433 4769 Licet
1476 4734 1598 4787 ergo
1624 4759 1639 4784 ,
1670 4718 1845 4785 inquit
1871 4758 1883 4777 ,
1925 4722 2071 4772 edere

508 4821 565 4864 ut
605 4811 762 4863 vivas.
802 4808 862 4863 Et
902 4810 993 4877 qui
1020 4813 1291 4864 communi
1334 4810 1549 4879 quidem
1582 4826 1730 4865 more
1778 4829 1899 4865 cum
1938 4830 2071 4865 lt.\o-

515 4907 662 4959 rihus
693 4905 808 4958 snis
839 4920 901 4958 ac
933 4905 1121 4959 liberis
1158 4905 1462 4957 habitantes
1486 4905 1687 4975 degunt
1713 4946 1726 4967 ,
1772 4922 1894 4959 eum
1954 4924 2071 4960 tutt-

513 4996 736 5049 lieribus
766 4996 945 5049 cibum
979 5012 1174 5067 capere
1234 4998 1455 5051 minime
1515 5001 1874 5066 prohibentur
1903 5042 1917 5062 ,
1974 5017 2072 5054 nec

514 5103 611 5141 eos
633 5089 917 5157 quisquam
948 5090 1019 5143 ob
1050 5091 1099 5144 id
1134 5090 1491 5157 reprehendat
1518 5128 1534 5151 ,
1582 5092 1624 5143 si
1657 5094 1871 5145 meritas
1901 5094 2073 5147 inter-

516 5194 579 5232 ca
610 5179 802 5231 divinae
853 5179 1160 5233 liberalitati
1214 5185 1414 5248 gratias
1466 5195 1661 5249 agant,
1708 5198 1881 5252 neque
1932 5185 2073 5237 inter

515 5272 704 5341 epulas
730 5270 937 5324 comica
969 5272 1171 5335 studia,
1201 5273 1299 5325 hoc
1333 5284 1437 5336 est,
1482 5275 1767 5327 Satauicas
1798 5276 2073 5328 cautiones

519 5362 831 5415 adhibeant.
866 5361 1122 5427 Quasnam
1182 5362 1292 5415 luce
1334 5364 1501 5415 vero?
1546 5363 1783 5417 Citltarze
1840 5368 2078 5418 meretri-

518 5453 721 5520 cimque
749 5450 1031 5525 flexiones.
1065 5450 1381 5505 Flexionum
1432 5466 1608 5507 autem
1670 5456 1886 5507 nomine
1917 5496 1929 5517 ,
1981 5458 2077 5510 aut

522 5545 831 5600 inconditas
856 5545 1191 5606 saltationes,
1218 5554 1310 5595 aut
1334 5560 1521 5598 vocum
1562 5548 1614 5598 in
1646 5549 1931 5601 cantilenis
1958 5565 2077 5602 mo-

520 5638 831 5691 dnlationes
862 5636 1206 5705 signiﬁcavit.
1249 5635 1303 5689 In
1331 5652 1426 5691 eos
1472 5638 1735 5707 siquidem
1763 5678 1777 5700 ,
1832 5641 1937 5701 ait,
1990 5641 2078 5692 illa

521 5730 799 5799 prophetae
838 5732 1140 5785 exsecratio
1169 5730 1334 5795 cadit,
1375 5727 1487 5794 Vw,
1516 5733 1605 5798 qui
1642 5746 1755 5782 cum
1780 5734 1985 5785 cithara
2032 5744 2079 5785 et

2175 4538 2271 4591 διὰ
2290 4540 2375 4608 {te
2407 4537 2534 4605 ζῇν.
2575 4540 2681 4591 Καὶ
2709 4539 2756 4591 οἱ
2790 4540 2887 4607 μὲν
2928 4540 3068 4592 κατὰ
3100 4540 3303 4605 κόσμον
3336 4536 3590 4605 βιοῦντες,
3626 4528 3699 4578 καὶ

2177 4630 2390 4697 γυναιξὶ
2419 4629 2686 4693 συζῶντες
2722 4630 2816 4680 καὶ
2848 4630 3075 4690 τέκνοις,
3103 4628 3164 4679 ού
3193 4625 3491 4679 κωλύονται
3518 4613 3699 4686 γυναιξὶ

2179 4723 2499 4785 συνεσθίειν,
2552 4722 2670 4773 οὐδὲ
2718 4721 2969 4789 διαϐολῆς
3018 4721 3199 4781 αὐτοῖς
3246 4720 3418 4771 αἴτιον
3470 4713 3627 4774 τοῦτον
3663 4706 3700 4755 εί

2182 4816 2297 4883 μετ’
2323 4815 2672 4884 εὐχαριστίας
2703 4814 2799 4882 τῆς
2833 4812 2967 4882 πρὸς
3017 4813 3146 4866 Θεὸν
3180 4813 3402 4877 γίνοιτο,
3434 4812 3524 4862 καὶ
3544 4805 3596 4857 οὐ
3621 4814 3700 4869 με·

2180 4907 2496 4959 σολαϐούσιν
2532 4909 2585 4957 ἐν
2625 4909 2743 4968 ταῖς
2788 4904 3087 4973 τραπέζαις
3120 4904 3297 4955 αὐτῶν
3328 4897 3701 4964 θυμελικϋπι·

2177 4996 2509 5063 τηδεύματα,
2558 4996 2724 5063 ἧγουν
2770 4996 3034 5047 σατανικά
3070 4994 3309 5062 ᾅσματα.
3364 4994 3427 5044 Τί
3467 4992 3519 5043 δὲ
3560 4982 3699 5037 ταῦτα

2181 5090 2319 5150 εἶδ’ιῖ
2353 5087 2585 5156 Κιθάραι
2637 5087 2729 5138 καί
2763 5084 3071 5152 λυγίσματα
3118 5086 3373 5153 πορνικά,
3414 5082 3507 5134 Διά
3539 5078 3587 5129 δὲ
3613 5086 3696 5122 τωι

2186 5180 2531 5246 λυγισμάτων
2594 5182 2689 5240 τὰς
2714 5180 2983 5245 ἀσεμνους
3008 5178 3260 5246 ὀρχήσεις
3277 5174 3513 5245 ᾐνίξατο,
3532 5170 3560 5238 ἢ
3580 5166 3637 5217 τά
3656 5165 3697 5211 ἐν

2178 5273 2295 5331 ταῖς
2323 5270 2483 5340 ᾠδαῖς
2546 5270 2861 5338 λυγίσματα
2891 5272 2999 5322 τῶν
3044 5268 3256 5337 φωνῶν.
3291 5262 3383 5328 Οἷς
3426 5266 3676 5330 ἐπέρχεται

2183 5364 2334 5429 φησι,
2362 5364 2673 5432 προφητικῆ
2702 5364 2830 5433 ἀρά,
2856 5363 2935 5426 τὸ,
2969 5364 3111 5415 Οὐαὶ
3140 5365 3193 5417 οἱ
3209 5362 3359 5430 μετὰ
3380 5358 3602 5425 κιθάρας
3620 5348 3696 5401 καί

2182 5458 2310 5523 timet
2322 5458 2521 5521 τηριόυ
2539 5452 2707 5507 οἶνον
2732 5458 3034 5522 πίνοντες,
3050 5458 3150 5509 ’καὶ
3176 5458 3242 5508 τά
3264 5455 3412 5525 ἑξῆς.
3443 5446 3590 5506 Eiko
3615 5450 3695 5495 εἱσι

2182 5546 2410 5599 τοιοῦτοὶ
2436 5564 2576 5609 τινες
2620 5551 2677 5599 ἐν
2731 5550 3093 5619 Χριστιανοῑς.
3126 5550 3562 5619 διορθούσθωσανσ
3590 5539 3629 5589 εξ
3652 5532 3693 5584 δὲ

2188 5641 2283 5709 μὴ,
2310 5644 2355 5692 οξ
2389 5641 2606 5693 παλαιοὶ
2644 5644 2862 5704 κανόνες
2891 5643 3263 5712 κρατείτωσαν
3295 5643 3381 5692 ἐπ’
3406 5639 3588 5695 αὐτοῖς.
3613 5623 3692 5679 Καὶ

2191 5731 2362 5785 ταῧτα
2430 5732 2530 5803 μὲν
2562 5732 2690 5802 περὶ
2724 5733 2927 5787 λαῖκῶν
2953 5737 2980 5785 ὁ
3015 5734 3191 5787 κανὼν
3224 5733 3515 5799 διετάξατο.
3541 5715 3690 5783 Οἶςδὲι
