3972 6488
325 395 452 460 1001

1319 383 1402 446 1N
1437 381 1602 445 CAN.
1636 380 1808 442 XXII
1833 376 2048 440 CONC.
2080 377 2193 441 VII
2233 369 2593 438 (ECUMEN.

3457 364 3594 435 1002

320 505 511 576 φησιν,
546 502 573 556 6
601 499 708 571 βίος
743 495 969 569 ἡσύχιος
999 495 1092 549 καὶ
1123 492 1477 565 μονότροπος,
1503 491 1642 546 ἀλλὰ
1671 491 1780 560 μὴν
1804 488 1899 542 καὶ

2026 486 2258 542 νεαιιενίο
2293 488 2471 541 vinum
2498 485 2724 550 bibunt;
2759 492 2808 540 et
2836 500 2952 556 qore
2999 493 3330 556 sequuntur.
3383 485 3444 540 Si
3499 487 3591 553 (ι.ιὶ

316 599 435 658 τοῖς
482 594 778 664 ἱερατικοῖς
811 590 910 641 οὐκ
938 588 1114 654 ἔξεστι
1155 584 1276 639 κατ’
1328 583 1466 637 ἰδίαν
1512 581 1728 651 γυναιξὶ
1776 598 1904 631 συν-

317 687 544 740 εσθίειν.
597 684 658 736 Ei
687 683 741 736 δέ
784 698 915 734 ποτε
959 679 1116 732 τοῦτο
1149 677 1392 745 γίνεσθαι
1419 675 1621 743 δεήσει,
1651 689 1906 741 συμπαρ-

317 783 491 832 όντων
525 777 708 839 αὐτοῖς
745 774 941 840 τιμίων
991 771 1199 842 ἀνδρῶν
1229 787 1288 822 τε
1323 771 1416 823 καὶ
1458 768 1731 838 γυναικῶν
1778 783 1905 818 συν-

323 868 746 938 εστιαθήσονται
789 863 1058 933 γυναιξὶν,
1093 863 1181 916 ἶνα
1213 861 1308 914 κα)⁸
1338 863 1370 930 ἡ
1395 858 1738 919 συνεστίασις
1771 857 1906 925 πρὸς

319 960 664 1030 κατόρθωσιν
680 975 810 1012 πνευ
819 975 922 1030 ματ
933 954 1283 1025 ικὴν,ὰπαγῃ⁶
1305 951 1560 1023 κατορθοῖ
1574 953 1682 1020 γὰρ
1698 951 1723 1001 6
1736 948 1909 1010 οὕτως

317 1055 650 1115 ἀνυπόπτως
707 1048 1006 1104 συνεσθίων
1073 1047 1289 1116 γυναιξὶ
1334 1047 1395 1098 τὸ
1444 1041 1767 1110 δοξάζεσθαι
1816 1039 1908 1098 τὸν

321 1146 481 1200 Θεόν.
508 1146 572 1198 OI
609 1144 719 1214 γὰρ
741 1140 976 1213 ὁρῶντες
1000 1139 1179 1192 αὐτῶν
1211 1139 1316 1204 ἔξω
1339 1137 1516 1206 πάσης
1546 1131 1908 1203 διατηροῦντα

324 1238 526 1292 ἑαυτὸν
554 1235 820 1306 ἁποψίας,
851 1230 1137 1302 δοξάζουσι
1159 1232 1248 1285 τὸν
1272 1231 1430 1296 Θεὸν,
1462 1229 1602 1283 κατὰ
1631 1227 1723 1281 τὸν
1747 1227 1909 1295 εὐαγε-

319 1329 542 1399 γελικὸν
563 1329 720 1396 λόγον
748 1328 840 1382 τὸν
858 1327 1107 1394 λέγοντα·
1133 1323 1437 1394 Λαμψάτω
1463 1323 1530 1376 τὸ
1559 1320 1689 1391 φῶς
1735 1318 1904 1390 ὑμῶν

319 1425 668 1494 ἔμπροσθεν
703 1420 822 1474 τῶν
852 1418 1200 1488 ἀνθρώπων,
1231 1417 1394 1483 ὅπως
1416 1415 1587 1468 ἴδωσι
1637 1413 1710 1466 τὰ
1753 1413 1912 1467 καλὰ

318 1516 468 1584 ἔργα
497 1512 664 1584 ὑμῶν
689 1512 790 1567 καί
833 1511 1144 1576 δοξάσωσι
1175 1509 1281 1563 τὸν
1310 1508 1544 1576 Πατέρα
1587 1505 1756 1574 ὑμῶν
1803 1504 1912 1559 τὸν

319 1611 393 1661 ἐν
419 1606 544 1673 τοῖς
562 1605 862 1676 οὐρανοῖς.
897 1606 1007 1658 Καὶ
1034 1602 1094 1656 οὐ
1133 1603 1295 1674 μόνον
1335 1600 1648 1672 ἀλλοτρίαις
1690 1599 1910 1668 γυναιξὶ

324 1699 630 1753 συνεσθίειν
658 1701 686 1752 6
724 1697 958 1767 μοναχὸς
1002 1694 1035 1766 ἢ
1080 1696 1109 1748 6
1153 1694 1455 1766 ίερωμένος
1488 1693 1582 1748 ἐπὶ
1628 1691 1907 1762 παρουσίᾳ

325 1793 494 1846 τινῶν
536 1790 786 1844 εὐλαὸὦν
812 1789 1155 1853 ἀπαιτεῖται,
1188 1787 1325 1840 ἀλλὰ
1362 1787 1457 1839 καὶ
1482 1787 1572 1840 ὅτε
1609 1784 1905 1854 συγγενέσι

2008 580 2176 652 igitur
2209 579 2520 649 hujusmodi
2565 578 2710 633 inter
2755 578 3102 635 Christianos
3149 580 3260 633 sint
3287 618 3302 643 ,
3345 579 3544 648 corrigi
3580 594 3593 628 :

2009 673 2093 725 sin
2131 673 2335 736 minus,
2369 670 2717 741 antiquorum
2773 685 3043 725 canonum
3088 672 3509 726 constitutiones
3543 671 3594 723 iu

2009 766 2138 834 ipsis
2171 765 2375 818 servari
2407 764 2598 833 placet.
2636 765 2701 818 Et
2738 766 2851 819 h:ec
2882 764 3102 834 quidem
3142 767 3208 819 de
3239 765 3393 819 laicis
3414 780 3592 819 canon

2009 859 2216 911 statuit.
2256 856 2467 922 Quibus
2501 873 2648 921 vero,
2691 858 2902 926 inquit.
2938 859 3062 910 vitm
3111 875 3286 927 genus
3347 859 3596 926 quietum

2009 959 2062 1002 et
2103 949 2436 1013 solitarium,
2469 948 2597 1017 quin
2629 957 2681 1002 et
2714 949 2779 1001 iis
2820 951 2910 1018 qui
2963 950 3015 1001 in
3081 966 3295 1004 satrtun
3345 951 3596 1003 ordinem

2009 1039 2241 1109 cooptati
2279 1050 2428 1104 sunt,
2498 1040 2751 1108 privatim
2803 1041 3126 1095 mulieribus
3177 1043 3430 1096 convesci
3485 1057 3595 1095 non

2011 1134 2160 1188 licet.
2194 1133 2249 1187 Id
2284 1149 2410 1187 vero
2451 1135 2495 1188 si
2525 1133 2856 1204 quandoque
2893 1136 3204 1189 necessario
3237 1134 3352 1198 ﬁat,
3383 1151 3595 1204 nequa—

2011 1241 2172 1294 quam
2207 1240 2331 1279 cum
2366 1224 2588 1281 heminis
2632 1225 2982 1280 discumbere
3009 1266 3024 1291 ,
3085 1227 3190 1282 nisi
3227 1227 3596 1296 praesentibus
3639 1271 3645 1298 ί

2013 1317 2255 1373 hoaestis
2285 1319 2416 1373 viris
2447 1334 2512 1372 ac
2544 1319 2870 1374 mulieribus
2901 1357 2917 1383 ,
2983 1321 3309 1389 permissum
3371 1322 3443 1376 sit
3471 1364 3485 1386 ,
3537 1330 3596 1376 ut
3638 1355 3642 1361 -

2012 1409 2355 1480 spiritualem
2387 1411 2626 1479 aliquem
2657 1412 2893 1465 fructum
2948 1413 3065 1481 ipsa
3120 1412 3209 1467 illa
3265 1413 3593 1468 convivandi

2013 1504 2248 1558 societas
2288 1505 2484 1573 pariat.
2513 1503 2774 1573 Quisquis
2804 1504 2949 1558 enim
2979 1505 3082 1557 hoc
3119 1514 3278 1574 pacto
3317 1505 3454 1560 citra
3496 1522 3593 1561 su-

2016 1597 2316 1665 spicionem
2343 1611 2465 1651 cum
2490 1598 2809 1652 mulieribus
2828 1598 3088 1662 vescitur,
3109 1608 3335 1654 eteteros
3365 1601 3431 1654 ad
3460 1615 3598 1668 prae-
3634 1665 3649 1677 κ

2015 1688 2237 1742 conium
2267 1687 2464 1744 divina:
2500 1689 2678 1743 laudis
2705 1689 2956 1758 impellit.
2995 1689 3127 1743 Nam
3185 1691 3278 1760 qui
3319 1691 3386 1745 ab
3425 1705 3490 1746 eo
3531 1707 3599 1745 ne

2014 1780 2352 1835 tenuissium
2376 1781 2592 1850 quidem
2619 1782 2916 1851 suspicioni
2953 1783 3130 1836 locum
3159 1783 3390 1852 relinqui
3419 1785 3597 1838 anim-

321 1880 542 1952 γυναιξὶ
595 1879 893 1935 συνεσθίει.
919 1877 1033 1932 ιἘν
1066 1878 1124 1932 δὲ
1167 1878 1500 1948 ὁδοιπορίαις
1541 1853 1840 1947 ἱερωμένος
1874 1877 1906 1946 ἢ

2026 1872 2367 1935 idverterint,
2405 1873 2572 1928 Deum
2609 1875 2863 1929 laudibus
2907 1869 3162 1938 efferunt,
3208 1887 3268 1929 ιιι
3319 1877 3371 1931 in
3419 1875 3595 1930 Evan-

326 1974 584 2045 μοναχδς,
618 1975 667 2027 εί
701 1973 776 2044 μὴ
806 1971 918 2042 ἔχοι
948 1971 1081 2023 ὅπου
1111 1970 1514 2034 ἀναπαύσεται,
1547 1969 1702 2024 ἄδεια
1747 1967 1903 2023 ἔσται

325 2064 478 2134 αὐτῷ
507 2063 600 2118 καὶ
631 2064 688 2116 ὲν
716 2059 1020 2131 πανδοχείῳ
1047 2061 1142 2112 καὶ
1169 2059 1226 2112 ἐν
1250 2058 1384 2129 οίκῳ
1414 2057 1561 2121 τινὸς
1593 2056 1903 2111 καταλῦσαι

325 2155 517 2225 χρείας
551 2151 1007 2220 κατεπειγούσης·
1055 2147 1196 2217 πλὴν
1250 2149 1413 2201 κάκεῖ
1457 2144 1576 2218 μετ’
1619 2146 1906 2212 εὐλαϐείας

327 2243 582 2314 βούλεται
612 2243 640 2296 6
665 2240 847 2296 κανὼν
884 2239 982 2294 καὶ
1014 2238 1308 2309 σωφρόνως
1339 2238 1540 2304 αὐτοὺς
1573 2237 1671 2310 τὴν
1701 2238 1906 2313 διαγω-

324 2335 430 2406 γὴν
465 2336 760 2389 ποιεῖσθαι.

2008 1965 2151 2033 gelio
2186 1969 2455 2034 scriptum
2487 1974 2595 2030 est,
2634 1967 2741 2020 illis
2783 1967 2966 2020 verbis
3000 1984 3013 2021 :
3048 1966 3135 2020 Sic
3178 1969 3353 2021 luceat
3393 1969 3486 2021 (ua:
3515 1986 3600 2024 re-

2007 2069 2122 2111 stra
2155 2074 2336 2111 coram
2368 2058 2668 2112 hominibus
2714 2059 2876 2131 330
2903 2069 2958 2112 ut
2999 2061 3208 2115 videant
3239 2079 3397 2130 Opera
3421 2072 3597 2117 vestra

2007 2148 2144 2202 bona
2174 2189 2188 2214 ,
2251 2158 2302 2204 et
2349 2148 2650 2219 gloriﬁcent
2698 2149 2910 2204 Putrem
2956 2159 3231 2215 vestrum,
3281 2153 3372 2221 qui
3424 2161 3503 2207 est
3541 2155 3596 2206 in

2008 2241 2154 2296 caelis
2182 2241 2249 2297 ".
2284 2240 2474 2312 Neque
2509 2243 2683 2295 solum
2717 2242 3161 2313 quandocunque
3211 2244 3594 2310 cum,alienis,

2013 2333 2108 2388 sed
2139 2333 2302 2387 etiam
2328 2334 2373 2388 si
2403 2349 2529 2388 cum
2580 2335 2986 2404 propinquitate
3023 2335 3231 2404 junctis
3277 2337 3597 2394 mulieribus

329 2429 582 2483 monachi
611 2439 701 2482 aut
723 2429 899 2484 sacris
919 2429 1115 2483 initiati
1147 2427 1330 2483 cibum
1357 2425 1598 2496 capiant,
1657 2424 1925 2481 modestia
1953 2434 2234 2495 spectatos
2266 2427 2515 2483 homines
2540 2427 2788 2484 adhiberi
2816 2429 2919 2482 hoc
2949 2444 3161 2484 canone
3185 2438 3444 2486 statutum
3480 2442 3588 2488 est.

326 2517 384 2574 lu
432 2522 626 2576 itinere
665 2529 870 2585 tamen,
905 2521 994 2576 ubi
1043 2520 1181 2575 alius
1238 2518 1614 2575 commorandi
1669 2518 1824 2575 locus
1870 2534 1979 2574 non
2021 2530 2292 2592 suppetat,
2327 2531 2544 2578 sacrato
2577 2523 2783 2577 homini
2817 2533 2908 2577 aut
2937 2526 3209 2580 monacho
3249 2527 3475 2596 impune
3524 2525 3590 2579 ad

328 2631 629 2686 cauponam
653 2616 938 2678 divertere,
966 2626 1056 2671 aut
1081 2617 1134 2672 iu
1161 2616 1384 2672 alterius
1407 2615 1714 2684 cujuspiam
1741 2614 1905 2670 domo
1949 2616 2177 2673 instanti
2213 2619 2531 2675 necessitati
2563 2619 2881 2675 satisfacere
2913 2636 3241 2676 concessum
3310 2624 3384 2678 sit
3415 2643 3428 2679 :
3499 2623 3593 2679 sed

330 2711 384 2762 in
424 2711 491 2764 iis
521 2724 737 2779 quoque
772 2709 904 2764 locis
940 2709 1219 2778 religionis
1251 2707 1612 2762 nihilominus
1661 2721 1728 2762 ac
1759 2711 2136 2777 temperantia:
2173 2712 2440 2765 rationem
2477 2712 2545 2765 ab
2576 2711 2686 2766 illis
2740 2726 2917 2767 canon
2953 2713 3140 2768 haberi
3173 2715 3346 2784 jubet.

328 2802 556 2856 ΔΡΙΣΤ.
609 2818 627 2852 ι
657 2801 895 2864 Λαῖκοὺς
930 2802 1027 2871 μὲν
1061 2801 1261 2871 ἄνδρας
1320 2798 1624 2852 συνεσθίειν
1658 2799 1908 2867 γυναιξὶν

410 2913 428 2946 ι
475 2893 818 2963 ἀδιάϐλητον·
847 2895 1201 2963 μονοτρόποις
1227 2891 1283 2946 δὲ
1300 2892 1401 2944 οὐκ
1421 2891 1602 2955 ἔξεστι
1623 2891 1743 2943 κατ’
1770 2889 1908 2943 ἰδίαν

408 3005 425 3036 ι
477 2985 697 3052 γυναιξὶ
733 2985 1060 3048 συνεσθίειν,
1093 2986 1141 3036 εί
1185 2985 1392 3054 μήπου
1441 2983 1583 3052 μετὰ
1633 2981 1910 3050 θεοφόὸων

414 3098 432 3130 ι
484 3080 578 3131 καί
614 3078 860 3132 εύλαὸὦν
889 3077 1099 3148 ἀνδρῶν
1124 3094 1184 3130 τε
1224 3077 1636 3145 καὶγυναικῶν.
1677 3077 1766 3131 Ἐν
1807 3075 1911 3146 ὁδῷ

413 3193 428 3222 ι
476 3172 531 3224 δὲ
570 3171 802 3242 μοναχὺς
834 3171 866 3241 ἢ
908 3170 1178 3241 ἱερατικὸς
1206 3169 1366 3241 ἀνὴρ,
1404 3170 1479 3240 μὴ
1509 3168 1909 3240 ἐπιφερόμενος
1945 3222 1986 3278 C

414 3284 431 3315 ι
483 3266 549 3318 τὰ
583 3265 879 3332 ἀναγκαῖα,
915 3265 972 3316 ὲν
1005 3263 1310 3334 πανδοχείῳ
1345 3263 1732 3317 καταλύσουσι.
1785 3281 1804 3314 ι

410 3535 484 3588 Τὸ
519 3533 620 3605 μὲν
657 3534 774 3604 μετ’
809 3535 1161 3605 εὐχαριστίας
1208 3536 1301 3590 καί¹
1336 3535 1506 3603 φόεου
1540 3533 1699 3598 Θεοῦ,
1725 3533 1800 3604 μὴ
1827 3533 1916 3586 διά

335 3644 502 3679 τινων
535 3626 842 3696 θυμελικῶν
885 3628 979 3680 καὶ
1016 3626 1334 3680 σατανικῶν
1361 3626 1646 3696 ᾀσμάτων,
1695 3623 1916 3686 λαῖκοὶις

337 3720 537 3790 ἄνδρας
561 3719 779 3788 γυναιξὶ
813 3719 1114 3772 συνεσθίειν
1136 3719 1244 3772 τῶν
1269 3718 1613 3788 ἁδιαϐλήτων
1640 3716 1776 3769 ἐστί’
1802 3718 1918 3775 τοῖς

339 3813 434 3863 καὶ
464 3810 578 3880 βίον
618 3810 842 3880 ἡσύχιον
893 3811 1096 3880 ἔχουσι,
1136 3811 1230 3866 καὶ
1263 3811 1632 3881 μονοτρόπως,
1677 3809 1753 3872 ὡς
1789 3826 1914 3861 συν-

339 3901 668 3972 ταξαμένοις
706 3902 824 3971 Θεῷ
877 3906 968 3954 καὶ
1005 3903 1320 3973 καταμόνας
1357 3903 1602 3962 καθίσαι.
1638 3902 1734 3955 καὶ
1791 3917 1918 3952 σιω-

340 3993 536 4062 πῆσαι,
567 3994 685 4046 κατ’
709 3993 844 4046 ἰδίαν
867 3994 1001 4057 ὅλως
1025 3995 1123 4046 οὐκ
1149 3993 1327 4058 ἔξεστι
1355 3994 1568 4063 γυναιξὶ
1595 3991 1914 4056 συνεσθίειν,

339 4088 390 4138 εἰ
425 4089 500 4155 μή
538 4104 639 4138 που
679 4086 821 4156 μετὰ
850 4105 1012 4140 τινων
1040 4086 1319 4154 θεοφόὸων
1351 4087 1562 4157 ἀνδρῶν
1596 4105 1656 4139 τε
1692 4089 1787 4139 καὶ
1817 4103 1915 4153 γυ-

340 4179 545 4231 ναικῶν
580 4179 1002 4249 συνεστιαθῆναι
1055 4179 1396 4249 θελήσουσιν·
1453 4181 1538 4232 ἵνα
1575 4181 1671 4234 καὶ
1713 4180 1851 4250 αὑτὴ
1884 4180 1917 4249 ἡ

357 4270 698 4334 συνεστίασις
728 4271 862 4342 πρὸς
895 4273 1236 4343 κατόρθωσιν
1259 4272 1640 4344 πνευματικὴν
1666 4271 1916 4340 γένηται.

369 4362 458 4414 Ἐν
500 4361 603 4431 όδῷ
631 4362 708 4427 δὲ,
735 4363 784 4414 εί
816 4362 884 4415 τὰ
912 4364 1183 4431 ἀναγκαῖα
1215 4364 1317 4417 οὐκ
1349 4364 1728 4434 ἐπιφέρονται,
1763 4363 1920 4418 ἄδεια

343 4451 549 4504 δίδοται
580 4453 674 4504 καὶ
707 4453 927 4524 μοναχῷ
956 4455 1049 4507 καὶ
1075 4454 1338 4525 ἱερατικῷ
1363 4455 1521 4525 ἀνδρὶ
1537 4457 1594 4508 ὲν
1619 4453 1920 4524 πανδοχείῳ

343 4547 461 4598 εἴτε
505 4547 601 4598 καὶ
632 4548 688 4601 ὲν
722 4549 858 4616 οἴκῳ
894 4549 1186 4604 καταλύειν
1220 4551 1310 4605 διὰ
1344 4551 1440 4623 τὴν
1482 4551 1920 4620 κατεπείγουσαν

341 4637 558 4708 χρείαν.

415 4815 467 4850 ⁷⁸
492 4816 683 4874 Matth.
721 4837 775 4887 v,
810 4818 898 4876 16.

610 5906 881 5967 ΡΑτιιοι..
912 5908 1026 5966 Gn.
1071 5905 1417 5968 CXXXVII.

2019 2800 2250 2858 ARIST.
2293 2821 2310 2854 ι
2366 2802 2566 2857 Laicos
2615 2803 2834 2871 quidem
2890 2805 3038 2859 viros
3089 2821 3212 2858 cum
3278 2807 3598 2863 mulieribus

2061 2882 2110 2944 ἰ
2155 2894 2406 2949 convesci
2441 2904 2522 2950 est
2563 2893 2630 2948 ab
2663 2894 2812 2948 omni
2843 2894 3266 2963 reprehensione
3301 2897 3538 2951 alienum
3576 2916 3591 2952 :

2093 3006 2109 3038 ι
2150 2987 2415 3042 solitariis
2439 2997 2621 3042 autem
2661 2987 2795 3042 viris
2831 3002 2954 3040 cum
2991 2989 3310 3044 mulieribus
3343 2990 3595 3059 privatim

2094 3096 2113 3130 ι
2158 3080 2438 3132 convivari
2467 3093 2575 3133 non
2617 3079 2742 3133 licet
2773 3095 2786 3143 ;
2820 3079 2922 3134 nisi
2955 3079 3182 3134 forsitan
3215 3097 3320 3135 una
3345 3099 3467 3136 cum
3503 3085 3596 3139 Dei

2097 3190 2114 3222 ε
2155 3173 2470 3228 timentibus
2501 3179 2555 3227 et
2590 3172 2859 3243 religiosis
2888 3173 3022 3228 viris
3051 3179 3104 3228 et
3159 3174 3504 3231 mulieribus.
3541 3176 3595 3231 In

2097 3284 2116 3315 ι
2157 3267 2350 3320 itinere
2384 3273 2565 3320 autem
2608 3267 2911 3322 monachus
2945 3268 3023 3321 vel
3058 3274 3111 3320 et
3145 3268 3317 3324 sacris
3355 3269 3600 3323 initiatus

2097 3373 2114 3404 ι
2161 3355 2266 3419 vir,
2304 3369 2490 3410 secum
2520 3355 2830 3409 necessaria
2870 3371 2977 3409 non
3019 3356 3272 3423 all‘erens,
3300 3356 3356 3412 in
3423 3359 3599 3426 publi-

2095 3466 2114 3497 ‹
2156 3463 2280 3501 cum
2313 3446 2680 3502 diversorium
2706 3449 2963 3503 divertat.
3000 3465 3018 3499 ι

2089 3538 2225 3594 Cum
2258 3540 2557 3610 gratiarum
2587 3541 2806 3608 quidem
2841 3542 3058 3595 actione
3104 3551 3158 3595 et
3203 3539 3296 3596 Dei
3356 3543 3550 3598 timore
3579 3587 3593 3608 ,

2021 3649 2128 3688 non
2163 3635 2398 3691 scenicis
2445 3635 2720 3705 aliquibus
2750 3643 2803 3689 ct
2837 3635 3096 3691 satanicis
3176 3638 3407 3692 canticis
3437 3679 3453 3705 ,
3502 3638 3600 3696 lai-

2018 3743 2114 3782 cos
2147 3727 2292 3782 viros
2347 3743 2471 3782 cum
2533 3729 2858 3783 mulieribus
2918 3728 3212 3792 eonvesci,
3273 3729 3596 3799 reprehendi

2021 3819 2230 3887 nequit.
2268 3820 2356 3872 Eis
2390 3829 2593 3883 autem,
2621 3820 2712 3889 qui
2752 3820 2914 3872 vitam
2943 3821 3181 3888 quietam
3213 3831 3267 3875 et
3296 3823 3598 3876 solitariam

2020 3913 2327 3980 elegerunt,
2359 3920 2416 3964 ut
2450 3911 2542 3981 qui
2570 3912 2676 3965 lico
2703 3912 3113 3980 sp0pondcrunt
3145 3913 3388 3969 solitarie
3412 3917 3600 3969 sedere

2020 4007 2074 4050 et
2103 3999 2284 4063 silere,
2321 4014 2428 4051 non
2464 4000 2687 4052 omnino
2727 4001 2855 4054 licet
2882 4016 3005 4055 eum
3039 4001 3362 4056 mulieribus
3415 4008 3599 4073 priva-

2020 4090 2116 4142 tim
2149 4090 2435 4143 comedere
2469 4107 2480 4143 :
2518 4089 2623 4142 nisi
2660 4089 2800 4143 forte
2862 4107 2985 4144 cum
3033 4091 3307 4160 religiosis
3363 4096 3594 4161 quibus-

2022 4181 2147 4235 dam
2191 4183 2326 4235 v-iris
2355 4191 2447 4234 aut
2482 4182 2809 4236 mulieribus
2837 4183 3114 4236 convivari
3161 4184 3324 4238 velint
3357 4201 3372 4250 ;
3438 4195 3495 4240 ut
3545 4199 3602 4242 et

2023 4274 2201 4342 ipsum
2239 4274 2402 4326 etiam
2441 4273 2753 4327 convivium
2791 4274 2858 4326 ad
2916 4274 3256 4344 spiritualem
3297 4279 3601 4332 correctio-

2022 4379 2145 4418 nem
2181 4365 2387 4420 tendat.
2418 4364 2475 4419 ln
2511 4365 2708 4419 itinere
2744 4375 2925 4420 autem
2957 4405 2973 4428 ,
3028 4365 3074 4420 si
3127 4370 3435 4423 necessaria
3491 4385 3598 4422 non

2024 4456 2352 4520 alieruntur,
2384 4456 2508 4511 licet
2539 4457 2812 4511 monacho
2871 4465 2965 4511 aut
3008 4457 3216 4513 homini
3270 4460 3598 4514 sacerdotali

2026 4547 2082 4601 in
2124 4546 2402 4616 publicum
2436 4545 2823 4610 diversorium,
2859 4545 2942 4600 vel
2988 4545 3045 4600 in
3097 4546 3332 4617 alicujus
3372 4548 3597 4602 domum

1943 4653 1998 4712 D
2027 4641 2298 4695 divertere
2334 4647 2558 4710 propter
2587 4646 2870 4708 urgentem
2907 4637 3080 4708 ipsius
3115 4638 3522 4694 necessitatem.

3126 5917 3202 5977 32
