3972 6488
383 442 526 508 10«.5
1615 428 1696 489 1N
1739 428 1908 492 CAN.
1951 430 1972 488 1

2129 428 2231 490 NYC.
2275 428 2483 491 CPOL.
3518 428 3652 492 1006

380 554 491 607 τῶν
532 549 881 622 λαληθέντων
912 549 1006 601 καὶ
1040 542 1432 610 συνδοῦντων,
1474 541 1560 595 ὅτε
1595 543 1689 594 καὶ
1739 541 1787 592 oi
1841 538 1972 591 ὑπο-

2129 541 2357 595 nmentis
2391 539 2767 594 commendata
2799 547 2915 594 tum
2959 539 3180 594 dctnum
3238 537 3429 592 fuisse.
3482 541 3655 606 Atque

381 640 712 710 τεταγμένοι
749 639 974 699 κανόνες
1019 632 1468 704 ἐξεφωνήθησαν.

2129 645 2144 683 t
2183 631 2283 684 hoc
2318 630 2518 684 factum
2564 633 2736 696 aiunt,
2777 641 2835 685 ut
2872 633 3006 696 hate,
3042 632 3166 686 licet
3220 648 3323 685 una
3385 632 3652 701 synodus,

380 749 563 803 ωιιιθιι
595 734 664 788 ob
688 731 877 786 Patres
912 731 993 784 bis
1032 737 1388 789 convocatos,
1418 725 1590 796 prima
1617 736 1672 778 et
1738 722 1981 780 secunda
2062 725 2255 778 merito
2315 728 2590 780 nominata
2642 727 2825 780 fuerit.
2881 727 2936 778 In
2988 729 3227 781 secunda
3291 728 3471 796 itaque
3519 745 3654 810 conf

379 825 664 891 gressione
692 824 781 889 iis,
821 838 945 893 qua:
985 822 1262 891 disputata
1296 829 1459 890 atque
1511 819 1760 872 omnium
1819 831 2094 872 consensu
2134 819 2352 873 deereta
2426 820 2664 887 fuerant,
2737 821 2943 891 scripto
3009 823 3343 883 (:(tmtllissis‘,
3421 819 3650 892 subjeet'

380 928 598 984 quoque
629 929 868 970 canones
898 914 1226 984 promulgali
1264 913 1436 968 luere.

1004 1033 1246 1088 ΚΑΝΩΝ
1279 1034 1358 1088 Α’.

448 1150 687 1220 Πρᾶγμα
717 1149 915 1218 σεμνὸν
938 1149 1082 1202 οὕτω
1099 1151 1404 1220 καὶτίμιον,
1429 1150 1523 1202 καὶ
1539 1151 1654 1211 τοῖς
1675 1149 1971 1220 μακαρίοις

456 1261 475 1294 ι
512 1243 605 1296 καὶ
619 1242 786 1306 ὁσίοις
806 1243 1083 1311 Πατράσιν
1098 1245 1128 1311 ἠ
1141 1242 1254 1310 μῶν
1272 1241 1438 1296 πάλαι
1458 1241 1640 1304 καλῶς
1658 1241 1967 1312 ὲπινοηθὲν,

465 1356 484 1389 ι
517 1337 548 1406 ἡ
572 1335 679 1389 τῶν
696 1334 1364 1405 μοναστηρίωνοίκοξομὴ,
1388 1333 1570 1395 κακῶς
1590 1334 1971 1403 ὁρᾶταιπρατ-

458 1451 482 1479 σ
521 1428 750 1497 τόμενον
788 1431 1050 1498 σήμερον.
1082 1428 1235 1489 Τινὲς
1259 1427 1368 1497 γὰρ
1398 1428 1570 1496 ὄνομα
1599 1428 1970 1497 μοναστηρίου

467 1536 486 1570 ι
525 1519 646 1579 ταῖς
673 1518 908 1580 οἰκείαις
937 1518 1280 1588 περιουσίαις
1308 1519 1400 1570 καὶ
1425 1518 1695 1588 ὑπάρξεσι
1750 1518 1974 1589 περιθέ-

463 1629 484 1663 ‹
521 1627 696 1682 μενοι,
725 1613 818 1664 καὶ
845 1610 967 1682 Θεῷ
998 1610 1359 1679 καθαγιάζειν
1393 1612 1596 1674 ταύτας
1632 1611 1971 1680 ἐπαγγελλό-

469 1723 487 1756 ι
531 1721 708 1774 μενοι,
763 1706 995 1774 κυρίους
1034 1722 1091 1757 τε
1138 1705 1245 1756 τῶν
1293 1705 1716 1776 ἀφιερωθέντων
1744 1706 1972 1769 ἑαυτοὺς

460 1819 480 1851 ‹
522 1800 925 1870 ἀναγράφουσι,
955 1799 1050 1852 καὶ
1085 1800 1224 1872 μόνῃ
1253 1803 1318 1870 τῇ
1346 1802 1696 1872 προσηγορίᾳ
1736 1801 1796 1854 τὸ
1825 1801 1972 1853 θεῖον

449 1913 469 1945 ι
515 1893 773 1962 ἀφοσιοῦν
817 1894 1235 1964 ὲκμηχανᾶσθαι
1273 1894 1625 1963 διεγνώκασι.
1659 1893 1771 1963 Τὴν
1799 1894 1969 1964 αὐτὴν
2003 1935 2043 1987 Β

464 2004 485 2036 ι
523 1986 634 2056 γὰρ
701 1983 952 2050 ἐξουσίαν
1011 1987 1108 2038 καὶ
1161 1988 1300 2054 μετὰ
1345 1988 1446 2056 τὴν
1503 1987 1807 2059 ἀφιέρωσιν
1862 1988 1964 2040 οὐκ

463 2095 483 2127 ι
523 2074 823 2146 ἐρυθριῶσι
900 2077 1360 2147 σφετερίζεσθαι,
1419 2078 1597 2148 ἥνπερ
1658 2078 1804 2148 ἔχειν
1854 2078 1956 2130 οὐκ

468 2186 486 2219 ι
528 2165 830 2221 ἐκωλύοντο
875 2167 1177 2237 πρότερον·
1241 2169 1333 2220 καὶ
1401 2167 1638 2239 τοσαύτη
1691 2169 1965 2238 καπηλεία

457 2279 478 2311 ι
519 2259 855 2330 προσετρίϐη
909 2261 987 2330 τῷ
1057 2259 1367 2330 πράγματι,
1416 2259 1561 2312 ὥστε
1627 2260 1799 2313 πολλὰ
1856 2261 1965 2312 τῶν

454 2370 477 2403 ι
519 2350 941 2423 ἀφιερωθέντων
973 2353 1108 2422 παρ’
1139 2351 1321 2404 αὐτῶν
1349 2369 1412 2420 γε
1457 2353 1567 2405 τῶν
1616 2353 1964 2423 ἀφιερώσαν-

457 2462 480 2494 ‹
517 2460 627 2498 των
676 2443 911 2513 ὁρᾶσθαι
941 2444 1390 2514 πιπρασκόμενα,
1426 2442 1635 2512 θάμϐος
1682 2446 1777 2497 καὶ
1811 2444 1968 2512 μῖσος

463 2559 484 2591 ι
519 2541 631 2602 τοῖς
657 2539 826 2610 ὁρῶσι
849 2539 1205 2608 παρεχόμενα
1229 2554 1241 2565 ⁸
1277 2539 1370 2591 καὶ
1397 2539 1461 2590 οὐ
1498 2539 1660 2607 μόνον
1696 2539 1795 2590 οὐκ
1818 2537 1966 2589 ἔστιν

459 2651 480 2684 ι
522 2633 706 2694 αὐτοῖς
755 2631 1112 2702 μεταμέλεια,
1143 2632 1229 2699 ἐφ’
1255 2626 1336 2694 οἷς
1369 2631 1480 2684 τῶν
1509 2631 1658 2697 ἅπαξ
1686 2630 1968 2684 ἀνατεθει-

461 2743 482 2776 ι
522 2725 700 2794 μένων
731 2723 849 2792 Θεῷ
885 2723 982 2794 τὴν
1029 2724 1278 2788 ἐξουσίαν
1305 2726 1516 2788 ἑαυτοῖς
1548 2723 1965 2794 ἐπιτρέπουσιν,

472 2837 490 2870 ι
526 2818 779 2872 ἀλλὰκαὶ
805 2817 1020 2887 -ὲτέροις
1066 2818 1276 2886 ταύτην
1331 2817 1503 2879 ἀδεῶς
1557 2815 1969 2887 παραπέμπου-

458 2929 478 2962 ‹
532 2927 635 2964 σιν.
675 2911 901 2980 ’Ὡρισεν
947 2906 1041 2963 οὖν
1095 2909 1185 2964 διὰ
1241 2909 1417 2963 ταῦτα
1469 2911 1502 2980 ἡ
1560 2909 1690 2978 ἁγία
1748 2909 1967 2972 σύνοδος

461 3016 482 3048 ο
529 2999 726 3069 μηδενὶ
761 2999 960 3062 ἐξεῖναι
988 3002 1353 3070 μοναστήριον
1379 3000 1685 3070 οἰκοδομεῖν
1713 3002 1843 3055 ἄνευ
1867 3002 1965 3071 τῆς

468 3110 486 3142 ι
521 3091 613 3144 τιυῦ
645 3091 946 3144 ἐπισκόπου
979 3091 1205 3161 γνώμης
1241 3095 1335 3145 καὶ
1379 3091 1599 3163 βουλῆς.
1648 3093 1884 3146 Ἐκείνου
1912 3094 1968 3145 δὲ

459 3203 479 3236 ι
519 3185 821 3248 συνειδότος
864 3184 957 3236 καὶ
1003 3187 1420 3253 ἐπιτρέποντος,
1481 3187 1573 3237 καὶ
1609 3185 1705 3254 τὴν
1747 3185 1964 3255 ὀφειλο-

460 3293 480 3326 ι
521 3276 691 3346 μένην
722 3274 1094 3336 ἐπιτελοῦντος
1126 3276 1311 3345 εὑέὴν,
1353 3275 1428 3338 ώς
1478 3278 1588 3339 τοῖς
1645 3275 1814 3330 πάλαι
1853 3277 1969 3329 θεο-
1994 3285 2040 3346 ρ

469 3387 489 3421 ι
526 3367 696 3438 φιλῶς
752 3368 1192 3438 νενομοθέτηται,
1275 3369 1676 3438 οἰκοδομεῖσθαι
1757 3371 1858 3439 μὲν
1908 3373 1968 3423 το

465 3480 489 3514 ι
527 3461 894 3532 μοναστήριον
963 3460 1142 3514 πάντα
1162 3460 1218 3514 δὲ
1243 3461 1313 3514 τὰ
1341 3464 1398 3513 ὲν
1432 3461 1584 3533 αὐτῷ
1617 3464 1970 3533 προσήκοντα

471 3571 490 3605 ι
530 3555 625 3607 σὺν
692 3553 844 3623 αὐτῷ
903 3551 1094 3620 ἐκείνῳ
1155 3551 1359 3623 βρε6.“ῳ
1415 3553 1965 3624 ὲγκαταγρὰφεσθαι,

451 3668 479 3702 ί
522 3649 759 3713 καὶτοῖς
811 3649 1192 3712 ὲπισκοττοκοίς
1251 3649 1492 3719 ἀρχείοις
1527 3648 1967 3713 ὲναποτίθεσθαι,

473 3767 490 3793 ε
535 3742 801 3814 μηδαμῶς
824 3742 1006 3797 ἄδειαν
1036 3741 1251 3811 ἔχοντος
1274 3741 1363 3795 τοῦ
1403 3743 1780 3813 ἁφιεροῦντος,
1821 3744 1971 3813 παρὰ

470 3857 490 3888 ι
531 3836 757 3909 γνώμην
815 3837 910 3890 τοῦ
964 3836 1265 3890 ἐπισκόπου
1329 3837 1519 3890 ἑαυτὸν
1571 3836 1874 3907 ἡγούμενον
1933 3836 1967 3905 ἢ

467 3949 486 3981 ι
526 3931 640 3983 ἀνθ’
673 3929 869 3982 ἑαυτοῦ
899 3930 1088 4000 ἓτερον
1118 3927 1406 4000 καθιστᾷν.
1445 3929 1499 3982 ει
1532 3933 1642 3997 γὰρ
1687 3928 1834 3998 ἂπερ
1885 3945 1970 3991 τις

468 4041 492 4074 ι
525 4021 796 4093 ἀνθρώπῳ
827 4021 1136 4093 χαρίζεται,
1172 4024 1379 4076 τούτων
1414 4021 1596 4074 λύκέτι
1618 4020 1806 4090 κύριος
1827 4015 1969 4074 εἶναι

471 4134 490 4166 ι
526 4114 770 4180 δὺναται,
807 4115 926 4178 πῶς
988 4117 1132 4185 ἆπερ
1167 4131 1251 4178 τις
1303 4115 1422 4184 Θεῳ
1483 4113 1809 4182 καθαγιάζει
1875 4113 1972 4167 καὶ

471 4225 494 4259 ι
529 4207 816 4276 ἀνατίθησι
858 4206 1066 4258 τούτων
1117 4205 1467 4276 ὑφαρπάζειν
1517 4203 1616 4277 τὴν
1674 4205 1972 4278 κυριότητα

468 4315 488 4348 ι
526 4295 1066 4366 παραχωρηθήσεται
1086 4311 1104 4362 ;
1131 4314 1150 4348 ι

467 4387 662 4440 ΒΑΛΣ.
707 4387 794 4440 Ἐν
840 4386 920 4456 τῷ
948 4384 990 4450 ζ’
1027 4387 1215 4441 κανόνι
1262 4390 1361 4459 τῆς
1422 4393 1473 4458 η’
1524 4386 1744 4439 συνόδου
1803 4386 1971 4454 ἐγρά-

391 4480 584 4551 ·ςι⁴ιμεν
616 4479 854 4550 διάφορά
876 4497 997 4532 τινα
1016 4479 1146 4550 περὶ
1166 4479 1261 4532 τοῦ
1284 4479 1400 4543 πῶς
1422 4477 1698 4548 ὀφείλουσι
1725 4477 1971 4547 γίνεσθαι

385 4574 458 4625 τὰ
491 4575 866 4643 μοναστήριαο
923 4573 1015 4624 καὶ
1042 4571 1318 4641 ἀνάγνωθι
1367 4572 1560 4626 ταῦτα.
1602 4572 1661 4625 Ὀ
1691 4571 1748 4624 δὲ
1779 4571 1972 4636 παρὼν

390 4666 572 4719 κανών
608 4682 774 4736 φησιν
801 4665 896 4731 ώς,
929 4668 1053 4717 ὲπεί
1091 4682 1236 4727 τινες
1262 4665 1487 4735 ὀνόματι
1517 4666 1660 4734 μόνῳ
1694 4680 1970 4734 μοναστη-

391 4756 511 4827 ρίου
545 4758 639 4810 τὸν
675 4757 806 4810 Θεὸν
846 4756 1171 4823 δεξιοῦνται,
1204 4754 1333 4820 θεοῖς’
1379 4756 1668 4826 πράγμασι
1695 4755 1751 4808 δὲ
1782 4754 1877 4808 καὶ
1905 4757 1972 4828 τῇ

389 4851 619 4922 ἀληθείᾳ
651 4850 865 4904 θέλουσι
911 4851 1075 4904 πάλιν
1110 4849 1558 4916 κατεξουσιὰζειν
1593 4850 1701 4901 τῶν
1728 4851 1972 4919 ἀφιερω-

391 4942 593 4994 θέντων
625 4942 796 5012 αὐτῷ,
823 4944 1214 5012 ὲκποιούμενοι
1246 4941 1420 4997 ταῦτα
1459 4939 1643 5003 καθὼς
1699 4941 1764 4994 ἂν
1818 4940 1974 5011 θελή-

395 5051 604 5099 σουσιν,
641 5036 740 5088 οὐκ
777 5035 982 5104 ὀφείλει
1015 5032 1397 5103 ἁνεγείρεσθειι
1443 5031 1810 5102 μοναστήριον
1841 5031 1971 5083 ἄνευ

393 5127 655 5198 εἰδήσεως
683 5127 775 5180 τοῦ
803 5127 1070 5197 ἐγχωρίου
1107 5126 1431 5178 ἐπισκόπου.
1469 5118 1634 5185 Οῧτος
1670 5123 1778 5192 γὰρ
1837 5122 1974 5192 μετὰ

393 5219 456 5271 τὸ
485 5219 826 5289 ποιῆσαιτὴν
855 5216 1212 5288 ὀφειλομένην
1259 5216 1422 5285 εὐχὴν
1447 5214 1523 5286 τῷ
1565 5212 1800 5282 θεμελίῳ
1841 5211 1976 5281 (45),

391 5311 562 5380 ἤγουν
590 5313 650 5364 τὸ
701 5317 1125 5381 σταυροπὴγιον,
1178 5309 1464 5379 ἐπιτρέψει
1503 5307 1603 5376 μὲν
1646 5305 1744 5373 τὴν
1778 5305 1977 5356 οἰκοδο-

394 5405 526 5474 μὴν,
558 5404 1040 5474 ἐγκαταγράψεται
1098 5403 1156 5455 δὲ
1207 5401 1306 5454 καὶ
1348 5403 1407 5453 ὲν
1467 5399 1667 5468 βρεὸίῳ
1713 5398 1784 5450 τὰ
1837 5398 1977 5467 πρὶς

391 5498 704 5564 οἰκονομίαν
735 5498 831 5566 τῆς
861 5497 1028 5567 μονῆς
1063 5496 1158 5550 καὶ
1205 5493 1542 5562 αὐτάρκειαν
1575 5491 1682 5544 τῶν
1721 5488 1974 5558 μοναχῶν

393 5589 668 5660 μέλλοντα
691 5591 916 5661 δοθῆναι
949 5588 1101 5659 παρὰ
1129 5585 1224 5640 τοῦ
1271 5585 1570 5656 δομήτορος
1605 5583 1700 5636 καὶ
1729 5581 1860 5634 αὐτὸ
1911 5580 1972 5632 τὸ

2001 4633 2052 4693 Ι)

2712 1030 2938 1084 (IANON‘
2980 1031 3019 1082 l.

2081 1165 2098 1197 ι
2143 1145 2250 1200 Res
2281 1145 2417 1200 adeo
2448 1145 2759 1199 veneranda
2793 1154 2844 1198 et
2879 1147 3238 1216 honorabilis,
3295 1158 3350 1203 ct
3400 1164 3429 1202 a
3479 1149 3656 1207 beatis

2150 1256 2168 1287 ι
2206 1247 2260 1294 ct
2297 1238 2506 1294 sanctis
2556 1238 2811 1294 Patribus
2861 1241 3063 1295 nostris
3100 1242 3210 1311 jam
3265 1243 3392 1296 olim
3434 1244 3658 1311 pulchre

2153 1350 2170 1382 ι
2211 1331 2546 1400 excogitata,
2617 1333 3075 1386 moviasteriornm
3126 1333 3439 1397 tediﬁratio,
3499 1334 3658 1389 hodie

2149 1443 2166 1474 ‹
2207 1425 2348 1477 male
2407 1425 2636 1493 geritur.
2714 1421 2968 1478 Nonnulli
3032 1426 3176 1479 enim
3212 1428 3327 1482 suis
3384 1429 3557 1498 copiis
3606 1443 3654 1481 et

2147 1534 2166 1568 ι
2208 1515 2565 1572 facultatibus
2598 1533 2794 1570 nomen
2845 1520 3165 1572 monasterii
3204 1521 3570 1589 impom-ntes,
3603 1532 3657 1576 ct

2146 1625 2165 1658 ι
2207 1623 2302 1663 eas
2362 1608 2471 1662 Deo
2524 1609 2871 1664 sanctiﬁcare
2930 1610 3270 1680 proﬁtentes,
3329 1628 3388 1666 se
3467 1628 3658 1667 cor-unt

2149 1717 2168 1750 ι
2208 1715 2330 1769 quae
2361 1711 2487 1754 sunt
2522 1710 2844 1754 cnnsecrata
2915 1689 3167 1756 dominos
3219 1703 3550 1768 inscribunt,
3605 1718 3660 1759 et

2145 1808 2162 1842 ι
2207 1789 2313 1844 Deo
2343 1789 2599 1846 dedicare
2655 1792 2769 1845 sola
2803 1793 3166 1862 appellatione
3215 1795 3516 1849 machinari
3575 1797 3662 1850 dc-

2152 1904 2170 1936 ι
2215 1892 2523 1939 creverunt.
2581 1885 2840 1939 Eamdcm
2913 1887 3058 1941 enim
3118 1897 3446 1956 potestatem
3493 1891 3657 1944 etiam

2149 1995 2166 2027 ι
2213 1985 2333 2047 post
2367 1981 2837 2032 consecrationem
2889 1978 2994 2034 sibi
3054 1995 3323 2050 usurpare
3385 1997 3494 2036 non
3531 1997 3661 2036 eru-

2145 2089 2162 2121 ι
2211 2072 2459 2135 bescunt,
2493 2087 2652 2141 quam
2688 2072 2839 2139 prius
2895 2072 3096 2127 habere
3145 2089 3249 2126 non
3287 2074 3612 2129 vetabantur
3646 2095 3658 2128 :

2145 2184 2163 2217 ι
2205 2174 2259 2220 et
2289 2173 2438 2218 tanta
2470 2165 2546 2220 rei
2573 2167 2906 2236 cauponatio
2963 2166 3204 2220 adhibita
3236 2176 3341 2234 est,
3381 2177 3437 2222 ut
3489 2171 3658 2222 multa

2151 2273 2169 2305 ι
2206 2271 2396 2308 eorum
2445 2270 2566 2324 qua:
2620 2265 2747 2309 sunt
2779 2264 3121 2322 consecrata,
3170 2257 3237 2310 ab
3272 2258 3340 2311 iis
3391 2259 3521 2327 ipsis
3567 2261 3660 2328 qni

2148 2366 2165 2399 ι
2205 2354 2624 2411 consecrarunt,
2646 2347 2858 2400 vendita
2887 2360 3202 2414 cernantur,
3246 2348 3661 2404 admirationem

2147 2460 2165 2490 ι
2203 2450 2257 2494 et
2304 2438 2490 2493 odium
2547 2439 2599 2493 in
2655 2439 2787 2507 ipsis
2860 2440 3171 2496 videntibus
3221 2442 3552 2508 cxcitantia;
3610 2454 3664 2497 rt

2148 2553 2166 2586 ι
2212 2543 2420 2588 tantum
2474 2533 2628 2588 abest
2676 2542 2734 2587 ut
2767 2533 2930 2587 ullam
2985 2543 3148 2604 agant
3177 2536 3551 2605 pmnitcntiam
3595 2542 3664 2588 ob

2148 2648 2164 2679 ι
2205 2629 2280 2694 id,
2311 2628 2454 2698 quod
2484 2644 2672 2682 eorum
2745 2643 2866 2698 qum
2915 2627 3021 2681 ί)ιο
3075 2629 3326 2683 dedicata
3385 2641 3510 2685 sunt
3558 2631 3664 2684 sibi

2151 2740 2168 2772 ι
2207 2729 2532 2790 potestatem
2563 2721 2885 2786 attribuant,
2923 2729 2981 2774 ut
3010 2721 3173 2774 etiam
3238 2737 3356 2776 eam
3408 2724 3471 2775 ad
3524 2726 3664 2779 alos

2149 2832 2166 2862 ι
2215 2812 2333 2867 sine
2362 2819 2508 2866 metu
2543 2812 2939 2866 transmittant.
2997 2812 3159 2882 332
3196 2810 3490 2882 PrOpterea
3533 2831 3664 2883 ergo

2150 2926 2167 2958 ι
2209 2914 2398 2961 sancta
2459 2905 2705 2961 deﬁnivit
2766 2906 3050 2976 synodus,
3110 2915 3167 2961 ut
3246 2910 3445 2962 nemini
3508 2909 3666 2962 lict-at

2153 3018 2170 3049 ι
2217 3001 2610 3053 monasterium
2677 2997 2952 3054 aediﬁcare
3003 3001 3208 3070 absque
3253 3003 3492 3072 episcopi
3540 3019 3666 3058 scn-

2148 3114 2164 3143 ‹
2208 3091 2377 3146 tentia
2409 3100 2465 3145 et
2513 3091 2764 3145 consilio.
2818 3091 2914 3145 Illo
2962 3099 3142 3145 autem
3190 3093 3397 3148 sciente
3447 3104 3500 3148 et
3543 3077 3665 3165 pcr-

2151 3205 2166 3234 ι
2209 3187 2482 3246 mittente,
2514 3192 2566 3236 et
2614 3181 2851 3236 debitam
2911 3183 3214 3238 orationem
3259 3197 3573 3255 peragente,
3610 3197 3665 3243 ut

2149 3296 2168 3328 ‹
2215 3278 2282 3331 ab
2311 3275 2553 3344 antiquis
2591 3276 2676 3344 pie
2723 3291 2784 3329 ac
2841 3276 3095 3344 religiose
3121 3287 3339 3330 cautum
3392 3287 3494 3343 est,
3544 3296 3662 3332 mo-

2149 3389 2167 3418 4
2215 3369 2513 3421 nasterium
2540 3365 2761 3437 quidem
2828 3367 3174 3422 aediﬁcetur:
3225 3374 3407 3423 Omnia
3459 3381 3664 3434 autem,

2150 3480 2165 3510 ι
2205 3477 2326 3528 qna:
2379 3461 2443 3512 ad
2497 3459 2671 3528 ipsum
2755 3460 3049 3528 pertinent,
3109 3476 3231 3513 cum
3286 3462 3378 3514 illo
3437 3463 3554 3532 ipso
3609 3466 3662 3518 in

2155 3572 2172 3604 ι
2215 3553 2368 3607 Brevi
2402 3553 2797 3615 inscribuntur,
2830 3563 2881 3607 et
2916 3555 2967 3606 in
3009 3556 3415 3625 episcopalibus
3475 3559 3661 3612 archi-

2153 3664 2169 3694 ι
2215 3646 2295 3698 vis
2359 3653 2727 3714 reponantur;
2781 3643 2926 3698 nullo
2981 3645 3141 3698 modo
3193 3653 3516 3714 potestatein
3567 3649 3666 3701 ba-

2151 3759 2169 3790 ι
2213 3738 2373 3792 bente
2396 3754 2460 3791 eo
2483 3737 2572 3808 qui
2595 3747 2897 3803 consecrat,
2918 3737 3157 3808 seipsmn
3207 3753 3403 3809 printer
3423 3743 3664 3810 episcopi

2152 3849 2169 3882 ι
2212 3831 2540 3885 sententiam
2573 3829 2913 3898 praefectum,
2951 3831 3031 3884 vel
3088 3847 3185 3901 pro
3216 3847 3274 3886 se
3302 3833 3492 3898 alium,
3524 3849 3660 3887 con~

2155 3941 2172 3973 ι
2208 3925 2461 3977 stitucrc.
2519 3921 2575 3974 Si
2634 3923 2780 3976 enim
2834 3937 3052 3985 eorum,
3107 3939 3230 3992 quae
3280 3925 3488 3978 homini
3536 3927 3661 3995 quis

2149 4032 2166 4064 ι
2211 4013 2458 4082 largitur,
2509 4013 2766 4067 dominus
2809 4015 3042 4084 amplius
3090 4031 3212 4070 esse
3261 4031 3372 4070 non
3433 4030 3658 4085 potest:

2145 4124 2163 4156 ι
2204 4107 2481 4176 quomodo
2579 4120 2767 4160 eorum
2842 4122 2963 4176 quae
3050 4106 3160 4161 Deo
3231 4110 3539 4164 sanctiﬁcat
3611 4123 3663 4163 et

2158 4217 2176 4250 ι
2213 4199 2427 4255 dedicat
2486 4199 2758 4270 quispiam
2808 4199 2911 4256 sibi
2955 4201 3255 4256 dominium
3300 4203 3544 4272 arripere
3587 4206 3662 4258 si-

2154 4311 2172 4344 ι
2213 4293 2408 4347 netur?
2437 4312 2455 4344 ι

2148 4386 2346 4442 BALS.
2376 4386 2433 4440 ln
2467 4385 2706 4454 septimo
2743 4401 2957 4442 canone
2990 4387 3020 4439 7
3057 4403 3179 4458 syn.
3210 4388 3485 4459 permulta
3512 4390 3660 4444 seri--

2078 4481 2311 4550 psimus,
2364 4487 2640 4549 quomodo
2705 4479 2822 4535 ﬁeri
2874 4479 3118 4536 debeant
3173 4483 3552 4537 monasteria:
3607 4491 3662 4536 ct

2079 4573 2198 4644 lege
2227 4589 2310 4628 ea.
2358 4573 2609 4628 Prtesens
2637 4581 2818 4627 autem
2873 4589 3048 4627 canon
3103 4572 3270 4638 dicit,
3329 4575 3472 4641 quod
3521 4590 3664 4641 quo.

2083 4668 2229 4720 niam
2289 4665 2548 4720 nonnulli
2630 4667 2752 4719 solo
2817 4666 3038 4720 nomine
3111 4667 3428 4719 monasterii
3496 4665 3661 4718 Deum

2082 4757 2551 4826 complectuntur,
2584 4773 2642 4812 re
2674 4763 2858 4810 autem
2888 4767 2942 4810 et
2980 4757 3213 4811 veritate
3252 4758 3444 4811 volunt
3478 4756 3531 4811 in
3575 4775 3662 4820 ea,

2080 4865 2204 4920 qua:
2239 4849 2314 4903 illi
2341 4849 2594 4903 dedicata
2623 4860 2776 4913 sunt,
2809 4856 3132 4918 potestatem
3163 4849 3362 4903 iterum
3385 4850 3661 4912 obtinere,

2079 4957 2142 4998 ea
2175 4952 2232 4996 ut
2263 4943 2454 4997 volunt
2481 4945 2790 4997 alienantes
2812 4981 2828 5007 ,
2882 4943 3290 5016 monasterium
3347 4944 3468 4996 sine
3516 4945 3662 4996 illius

2085 5036 2327 5104 regionis
2356 5035 2604 5106 episcopi
2635 5050 2911 5089 consensu
2940 5034 3204 5088 :ediﬁcari
3250 5051 3354 5088 non
3397 5035 3579 5089 debet.
3619 5037 3664 5086 is

2080 5129 2224 5182 enim
2262 5138 2556 5198 postquam
2593 5129 2833 5182 debitam
2884 5131 3187 5184 orationem
3223 5129 3275 5182 in
3302 5130 3665 5184 fututam-nio

2081 5220 2146 5272 ad
2184 5218 2353 5272 Deum
2409 5219 2640 5281 fuderit,
2698 5235 2792 5274 seu
2826 5235 2924 5290 pos
2981 5222 3164 5275 crucis
3212 5220 3494 5282 ﬁxioncin,
3538 5236 3662 5289 per-

2083 5312 2261 5364 mittet
2307 5311 2526 5380 quidem
2571 5314 3022 5376 aediﬁcatiOnem,
3079 5320 3134 5367 et
3191 5313 3242 5365 in
3294 5311 3447 5366 Brevi
3495 5315 3659 5365 etiam

2079 5403 2380 5468 describet,
2417 5421 2538 5470 quae
2583 5405 2651 5459 ad
2703 5405 3027 5460 monasterii
3087 5405 3554 5474 diSpensatinncm
3612 5415 3664 5455 et

2086 5495 2493 5548 monachorum
2526 5496 2914 5551 sufﬁcientiam
2956 5497 3024 5551 ab
3073 5506 3426 5551 exstrue-tore
3481 5495 3661 5548 danda

2086 5596 2234 5650 sumi,
2267 5595 2320 5639 et
2354 5587 2532 5656 ipsum
2569 5593 2734 5642 etiam
2765 5589 3161 5644 monasterium
3203 5604 3216 5641 :
3275 5596 3333 5641 ut
3390 5587 3559 5640 Breve
3607 5588 3659 5640 in

1519 5776 1523 5781 γ
1609 5696 1796 5759 Guill.
1836 5699 2158 5776 Beveregii
2203 5710 2394 5764 noue.

435 5827 580 5909 .(4'5)
612 5826 821 5896 Εὺχὴν
848 5825 928 5891 τῷ
975 5824 1247 5897 θεμελίῳ.
1314 5822 1628 5894 chendum
1673 5823 1837 5896 εὐχὴν
1873 5823 1963 5877 ἐπὶ

2129 5827 2368 5898 νεμελίῳ,
2404 5827 2560 5899 juxta
2621 5845 2756 5886 mss.
2841 5829 3338 5885 Amerbachianum
3402 5841 3451 5885 et
3511 5830 3665 5886 ίῑιυο

394 5915 642 5955 ιιιειιδυιιι
