3972 6488
441 425 573 490 1007

1694 426 1974 486 THEOD.
2021 428 2107 486 BA
2121 428 2420 489 LSAMON

3543 435 3660 490 lllUb

429 542 744 610 episcopatu
778 543 1097 606 reponatur,
1143 546 1193 589 ct
1217 534 1319 606 ηιιί
1351 533 1509 589 oliert
1539 536 1607 590 ab
1642 551 1856 601 eorum,
1883 553 1994 606 qua:

2108 541 2491 608 μοναστήριον,
2526 538 2612 608 ἐφ’
2653 529 2697 607 ᾧ
2751 504 3075 594 ἀποκεῖσθαι
3117 538 3176 592 τὸ
3227 538 3451 615 βρεϐίον
3503 539 3558 593 ἐν
3602 547 3661 615 τῇ

431 634 540 688 Deo
572 636 897 685 consecrata
948 638 1100 693 sunt,
1141 626 1409 691 dominio,
1451 629 1746 684 alienctur.
1795 629 1999 699 Adjicit

425 737 632 788 autem,
675 725 820 794 quod
857 731 1066 775 tantum
1096 723 1294 776 abesse
1323 722 1486 775 debet
1517 720 1586 785 is,
1623 722 1716 791 qui
1774 722 1995 784 obtulit,

371 820 374 821 ⁷
423 834 455 875 a
486 816 734 873 dominio
761 832 954 874 eorum
999 833 1123 888 quae
1149 818 1213 871 ad
1249 819 1414 873 Deum
1460 818 1762 889 pertinent,
1815 827 1876 872 ut
1931 833 2000 873 ne

425 911 810 982 praefecturam
847 910 1067 979 quidem
1117 919 1271 979 gerat
1315 911 1369 965 itt
1413 912 1751 967 monasterio
1801 919 2000 982 prmter

426 1003 758 1058 sententiain
792 1003 1077 1074 episcopi,
1131 1004 1227 1058 sed
1275 1017 1377 1057 nec
1420 1003 1587 1057 etiam
1640 1003 1809 1056 alium
1853 1016 1995 1073 prte-

426 1099 626 1152 lectum
665 1100 991 1152 constituat.
1027 1095 1084 1152 Si
1115 1096 1285 1158 enim.
1313 1095 1517 1166 inquit,
1539 1111 1661 1168 qua:
1683 1095 1998 1150 hominibus

422 1188 627 1242 dantur
656 1229 671 1253 ,
726 1187 823 1257 qtti
877 1185 1029 1242 dedit
1080 1186 1302 1242 auferre
1349 1188 1538 1257 nequit
1570 1202 1586 1240 :
1618 1185 1895 1257 quomodo
1929 1202 1993 1242 ea

423 1295 546 1350 quae
569 1287 700 1334 sunt
733 1278 844 1335 Deo
869 1279 1125 1334 dedicata
1154 1278 1374 1349 eripiet,
1407 1287 1462 1334 et
1500 1279 1555 1334 in
1596 1293 1752 1334 suam
1799 1295 1996 1334 rursus

422 1381 753 1443 potestatem
818 1372 1097 1443 rediget?
1156 1373 1452 1444 Rogaverit
1524 1389 1655 1445 ergo
1719 1373 1994 1444 quispiam

423 1466 722 1535 quomodo,
756 1474 945 1522 contra
981 1481 1044 1519 ac
1075 1481 1290 1521 canone
1335 1468 1675 1529 continetur,
1716 1472 1995 1520 monaste-

419 1559 632 1613 riorum
660 1566 1035 1612 exstrttctores
1055 1565 1109 1611 et
1138 1564 1340 1613 statuta
1365 1556 1556 1627 edunt,
1590 1567 1645 1612 et
1675 1571 1784 1610 non
1817 1557 1992 1611 solum

419 1649 734 1720 praefectos.
761 1648 856 1704 sed
891 1659 947 1702 et
979 1647 1217 1717 ephoros
1249 1647 1303 1700 in
1339 1647 1476 1716 ipsis
1523 1648 1891 1712 constituunt,
1941 1658 1994 1700 et

422 1753 820 1808 nonnunquam
843 1739 1034 1803 etiam,
1068 1737 1213 1792 inter
1239 1737 1344 1791 alia
1372 1751 1493 1806 quae
1523 1746 1716 1790 contra
1749 1751 1994 1790 canones

422 1833 655 1900 faciunt,
726 1840 786 1887 ttt
837 1831 988 1886 illius
1050 1829 1292 1900 regionis
1344 1829 1633 1900 episcopus
1689 1827 1757 1881 ad
1811 1827 1992 1897 ipsutn

2107 631 2406 701 ἐπισκοπῇ.
2437 630 2531 683 καὶ
2556 630 3064 702 ἀπαλ),οτριω’ἦναι
3097 631 3190 684 τὸν
3223 631 3567 702 προσάγοντα
3607 638 3662 688 ἐκ

2106 721 2205 790 τῆς
2242 721 2350 774 τῶν
2393 722 2811 793 ἀφιερωθέντων
2853 724 2930 792 τῷ
2968 724 3087 794 Θεῷ
3121 726 3479 796 κυριότητος.
3509 727 3663 797 Προσ-

2103 813 2287 883 τίθησι
2310 815 2366 868 δὲ
2387 813 2462 878 ὡς
2482 814 2734 870 τοσοῦτον
2766 816 2969 886 ὀφείλει
2999 819 3226 889 ἀπέχειν
3255 820 3284 872 ό
3311 824 3661 892 προσαγαγὼν

2105 904 2170 956 ἐκ
2194 905 2292 974 τῆς
2331 904 2649 970 δεσποτείας
2688 906 2798 960 τῶν
2851 909 3270 980 προσαχθέντων
3306 911 3384 982 τῷ
3426 910 3564 983 Θεῷ,
3597 914 3664 976 ὡς

2108 994 2243 1064 μηδὲ
2273 997 2662 1067 ἡγουμενεύειν
2714 999 2866 1068 παρᾶ
2899 1000 3126 1071 γνώμην
3154 1001 3248 1056 τοῦ
3280 1003 3580 1057 ἐπισκόπου
3611 1007 3664 1058 ἐν

2105 1090 2182 1159 τῷ
2216 1090 2583 1161 μοναστηριῳ,
2625 1090 2744 1144 ἀλλ’
2790 1091 2912 1145 ούδέ
2965 1091 3154 1164 ἕτερον
3201 1093 3467 1164 καθιστᾷν
3508 1095 3666 1166 ἠγούο

2109 1199 2290 1252 μενων.
2326 1183 2390 1235 El
2415 1184 2545 1252 γὰρ,
2578 1184 2735 1254 φησὶ,
2767 1183 2836 1237 τὰ
2866 1185 2980 1250 τοῖς
3001 1183 3314 1255 ἀνθρώποις
3337 1184 3666 1256 δωρούμενα,

2104 1275 2288 1329 οὐκέτι
2315 1275 2610 1345 ἀφελέσθαι
2640 1278 2668 1330 ὁ
2692 1275 3080 1348 δωρησάμενος
3129 1277 3379 1344 δύναται,
3439 1277 3558 1342 πῶς
3605 1279 3668 1332 τὰ

2103 1369 2182 1440 τῷ
2234 1369 2354 1441 Θεῷ
2400 1370 2798 1440 ἀνατεθειμένα
2857 1371 3192 1442 ὑφαρπάσει,
3243 1371 3339 1426 καὶ
3386 1369 3544 1435 αὖθις
3585 1371 3666 1441 ὕφ’

2103 1463 2299 1516 ἑαυτὸν
2329 1464 2647 1534 ποιήσεται;
2696 1462 3016 1534 Ἠρώτησεν
3077 1462 3173 1516 οῦν
3202 1479 3308 1529 τις,
3360 1462 3483 1526 πῶς
3529 1465 3669 1535 παρὰ

2103 1553 2203 1620 τὴν
2232 1554 2420 1608 τούτου
2452 1553 2746 1625 περίληψιν
2773 1554 2824 1607 οι
2881 1555 2990 1608 τῶν
3033 1553 3415 1625 μοναστηρίων
3442 1553 3667 1624 δομήτΟ·

2108 1663 2199 1716 ρες
2231 1647 2438 1702 τυπικά
2466 1664 2526 1700 τε
2553 1647 2856 1714 ἐκτιθέασι,
2891 1649 2986 1702 καὶ
3033 1649 3094 1700 ού
3132 1646 3295 1718 μόνον
3319 1645 3667 1717 ἡγουμένους,

2103 1739 2239 1792 ἀλλὰ
2271 1739 2366 1794 καὶ
2403 1740 2634 1812 ἐφόρους
2683 1741 2741 1794 ἐν
2773 1741 2956 1804 αὐτοῖς
3009 1739 3334 1804 καθιστῶσι,
3389 1738 3487 1792 καὶ
3533 1738 3670 1792 ἐστιν

2103 1831 2191 1884 ὅτε
2219 1831 2557 1885 ύποτυποῦσι
2584 1833 2681 1886 σὺν
2701 1833 2914 1904 ἑτέροις
2941 1831 3310 1895 ἀκανονίστως
3351 1832 3468 1886 τισὶ
3500 1831 3591 1884 καὶ
3615 1829 3670 1884 τὸ

419 1925 632 1980 aditum
662 1938 772 1978 non
822 1921 1058 1978 habeat?
1089 1919 1154 1974 Et
1182 1921 1438 1976 dixerunt
1466 1920 1686 1990 quidem
1719 1917 1991 1981 nonnulli,

2107 1923 2185 1996 μὴ
2215 1925 2360 1996 ἔχειν
2393 1925 2628 1998 πάροδον
2672 1926 2731 1980 ἐν
2759 1926 2896 1998 αὐτῇ
2924 1924 3018 1979 τδν
3047 1926 3189 1979 κατὰ
3237 1923 3425 1995 χώραν
3465 1923 3667 1976 ἐπίσκο-

418 2018 602 2072 omnia
667 2025 873 2070 statuta
905 2055 919 2079 ,
970 2014 1474 2084 quomodocunque
1527 2027 1588 2067 se
1647 2011 1888 2064 habeant
1943 2019 1998 2063 et

421 2107 688 2178 quidquid
723 2105 1070 2170 contineant,
1104 2117 1229 2158 esse
1264 2101 1531 2163 invalida,
1578 2108 1636 2153 et
1687 2099 1834 2168 quod
1888 2095 1998 2149 Deo

424 2200 592 2257 semel
638 2207 721 2254 est
766 2196 1102 2261 dedicatum,
1159 2193 1366 2263 absque
1412 2191 1519 2245 ulla
1572 2187 1864 2246 curiosiori
1914 2187 1997 2240 iti-

425 2293 788 2363 vestigatione
836 2304 961 2345 esse
1011 2287 1156 2358 juris
1206 2285 1568 2357 episc0palis,
1623 2294 1683 2338 ut
1735 2278 1993 2353 praesenti

424 2403 636 2442 canone
669 2385 1007 2440 continetur.
1042 2381 1148 2436 Alii
1174 2391 1362 2436 autem
1394 2379 1673 2443 dicebant,
1702 2391 1768 2432 ea
1791 2375 1995 2431 debere

420 2480 653 2545 servari,
688 2477 911 2548 quando
941 2475 1153 2546 legibus
1186 2483 1244 2530 et
1273 2473 1584 2529 canonibus
1619 2480 1992 2528 consentanee

427 2571 636 2640 scripta
665 2569 796 2624 sint.
827 2566 938 2622 Alii
969 2574 1152 2622 autem
1199 2564 1455 2621 volebant
1501 2578 1564 2620 ea
1609 2574 1724 2618 tum
1771 2563 1994 2619 demunt

420 2662 531 2716 vim
561 2675 718 2718 suam
772 2658 1045 2724 obtinere,
1078 2657 1296 2729 quando
1325 2665 1522 2727 praeter
1555 2656 1608 2712 id
1663 2655 1813 2728 quod
1861 2655 1998 2727 legi-

423 2755 555 2807 time
603 2759 653 2806 et
705 2750 972 2805 canonice
1019 2747 1161 2803 edita
1204 2747 1430 2814 fuerint,
1487 2761 1520 2801 a
1579 2762 1743 2803 manu
1779 2761 1997 2818 quoque

422 2846 558 2914 imp.
592 2841 914 2896 conﬁrmata
962 2839 1094 2896 sint.
1139 2837 1268 2894 Mihi
1327 2851 1508 2894 autem
1557 2837 1795 2905 videtur,
1844 2837 1994 2909 quod

423 2934 683 3004 quoniam
733 2931 764 2983 7
804 2946 936 3001 cap.
999 2930 1025 2983 1
1081 2931 1168 2984 tit.
1228 2947 1259 2987 v
1289 2930 1386 2986 lib.
1419 2929 1640 2986 Basilio.
1672 2930 1804 2986 dicit
1837 2947 1851 2986 :
1887 2930 1992 2997 Qui

418 3027 739 3082 donativum
772 3024 1148 3086 constituerit,
1198 3032 1258 3076 ut
1292 3022 1622 3088 oratorium,
1679 3021 1762 3078 vel
1818 3037 1993 3079 xeno-

419 3121 704 3181 dochiuut,
744 3119 826 3172 vel
861 3117 1241 3171 nosocomittm
1275 3123 1621 3180 exstruatur,
1672 3125 1729 3171 et
1782 3114 1906 3187 ipse
1939 3123 1994 3171 et

419 3211 666 3268 hazredcs
695 3209 820 3280 ejus
853 3209 922 3265 ab
954 3210 1228 3278 episcopis
1254 3217 1308 3263 ct
1339 3210 1672 3273 teconomis,
1705 3225 1827 3280 qua:
1866 3225 1994 3282 pro-

418 3307 588 3360 missa
625 3310 777 3367 sunt,
813 3302 1141 3373 exigantur;
1185 3301 1230 3355 si
1267 3316 1365 3370 pro
1401 3301 1524 3372 ejus
1573 3303 1794 3372 quidem
1847 3306 1996 3359 arbi-

419 3409 564 3453 tratu
603 3395 1084 3458 administrentur,
1141 3401 1228 3449 est
1282 3395 1338 3448 in
1396 3395 1746 3450 conditorum
1801 3411 1994 3452 eorum

417 3501 694 3562 potestate
727 3496 936 3546 statuta
971 3489 1134 3542 edere
1166 3505 1180 3541 ι
1208 3489 1304 3543 sed
1332 3503 1396 3543 ex
1433 3503 1500 3544 eo
1537 3490 1684 3560 quod
1716 3490 1851 3546 dicit
1883 3490 1995 3560 lex,

414 3585 609 3638 domos
638 3591 859 3636 sanctas
908 3589 960 3634 ct
996 3579 1282 3650 religiosas
1312 3579 1690 3636 administrari
1724 3597 1822 3652 pro
1867 3599 1995 3654 pos-

416 3674 655 3730 sessoris
687 3671 985 3734 arbitratu,
1038 3687 1150 3724 non
1196 3679 1284 3726 est
1323 3673 1372 3726 ei
1419 3675 1752 3742 permissum
1807 3678 1992 3748 aliqua

418 3775 614 3823 contra
669 3765 814 3835 leges
860 3772 915 3819 et
972 3779 1213 3818 canones
1252 3765 1454 3818 facere.
1518 3763 1660 3821 Dicit
1717 3769 1866 3823 enim
1925 3770 1994 3826 59

417 3867 584 3930 caput
617 3859 778 3928 primi
809 3859 896 3910 tit.
933 3871 992 3910 ιιι
1070 3857 1164 3910 lib.
1203 3855 1431 3912 Basilic.
1477 3873 1596 3925 eos,
1650 3861 1743 3930 qui
1790 3877 1820 3917 a
1866 3878 1995 3933 pos-

415 3951 730 4009 sessoribus
795 3950 849 4004 in
905 3950 1088 4004 locum
1135 3950 1466 4006 clericorum
1526 3953 1686 4008 electi
1742 3967 1890 4023 sunt,
1948 3957 1993 4012 si

420 4043 632 4114 indigni
683 4042 1059 4108 inveniantur,
1117 4041 1264 4110 ejici,
1317 4053 1371 4098 et
1414 4042 1554 4098 alios
1600 4044 1668 4099 ab
1719 4049 1994 4118 episcopis

417 4136 661 4193 ordinari
702 4134 920 4191 debere.
973 4133 1039 4189 Et
1087 4133 1117 4185 7
1163 4149 1286 4207 cap.
1331 4135 1364 4190 3
1399 4134 1527 4192 titu.
1559 4138 1736 4210 quinti
1770 4140 1889 4208 lib.,
1939 4143 1992 4198 in

2105 2035 2243 2085 πον;
2280 2019 2389 2072 Καὶ
2420 2019 2565 2083 τινὲς
2589 2019 2688 2091 μὲν
2734 2015 2891 2073 εἷπον
2948 2020 3124 2074 πάντα
3167 2018 3236 2071 τὰ
3286 2017 3521 2084 τυπικά,
3575 2015 3670 2069 κᾶν

2103 2112 2253 2176 ὅπως
2291 2111 2456 2183 ἔχωσι
2483 2112 2830 2184 περιλήψεως
2859 2128 2877 2145 ο
2908 2107 3048 2166 εῖναι
3103 2111 3375 2182 ἀνίσχυρα
3399 2127 3416 2144 ·
3474 2109 3568 2164 καὶ
3617 2109 3667 2162 τῦ

2106 2204 2255 2271 ἅπαξ
2283 2205 2546 2259 ἀνατεθὲν
2569 2204 2646 2276 τῷ
2680 2205 2826 2275 Θεῷ,
2877 2203 3052 2258 τελεῖν
3095 2203 3666 2274 ἀπολυπραγμονήτως

2107 2299 2213 2354 ὑπὸ
2238 2299 2307 2352 τὰ
2331 2299 2667 2354 ἐπισκοπικά
2687 2297 2896 2362 δίκαια,
2930 2296 3072 2350 κατὰ
3117 2295 3219 2367 τὴν
3268 2294 3366 2349 τοῦ
3421 2295 3666 2367 παρόντος

2109 2391 2332 2455 κανόνος
2388 2389 2685 2462 περίληψιν
2709 2406 2725 2422 ο
2757 2389 2937 2458 ἕτεροι
2975 2388 3033 2442 δὲ
3059 2383 3214 2442 εἷπον
3263 2387 3506 2458 ὀφείλειν
3547 2403 3671 2458 κρα-

2105 2485 2218 2538 τεῖν
2249 2483 2407 2548 αύτά,
2433 2483 2521 2537 ὅτε
2546 2485 2659 2548 τοῖς
2692 2483 2880 2554 νόμοις
2912 2486 3007 2535 καὶ
3032 2485 3146 2544 τοῖς
3163 2481 3351 2534 κανόσι
3375 2480 3669 2543 ἀκολούθως

2105 2576 2473 2646 γεγράφαται.
2514 2575 2697 2629 Ἀλλοι
2731 2575 2788 2629 δέ
2815 2575 3009 2647 ἧθελον
3041 2575 3165 2628 τότε
3191 2573 3370 2630 ταῦτα
3420 2573 3562 2644 ἔχειν
3617 2570 3672 2624 τὸ

2105 2667 2350 2736 ἐνεργὸν,
2373 2666 2463 2720 ὅτε
2500 2667 2602 2722 σὺν
2651 2667 2732 2738 τῷ
2786 2666 3089 2730 κανονικῶς
3148 2685 3210 2720 τε
3271 2665 3370 2720 καὶ
3437 2664 3670 2735 νομίμως

2105 2749 2418 2831 ἐκτεθῆναι,
2450 2761 2544 2813 καὶ
2571 2761 2723 2828 παρὰ
2775 2759 2958 2831 χειρὸς
2991 2758 3279 2830 βασιλικῆς
3323 2755 3669 2829 ἐπικυρωθῶ-

2108 2865 2214 2904 σιν.
2253 2849 2408 2919 Ἐμοὶ
2463 2847 2520 2903 δὲ
2565 2849 2734 2911 δοκεῖ,
2782 2847 2857 2911 ὡς
2908 2849 3030 2901 ἐπεὶ
3067 2847 3130 2901 τὸ
3169 2844 3212 2911 ζ’
3248 2847 3544 2917 κεφάλαιον
3586 2841 3666 2897 τοῦ

2104 2951 2154 2998 α’
2184 2943 2366 2998 τίτλου
2410 2941 2507 2998 τοῦ
2549 2942 2590 2996 ε’
2644 2943 2853 3016 βιϐλίου
2887 2945 2996 2996 τῶν
3032 2942 3339 2997 Βασιλικῶν
3395 2957 3579 3012 φησιν,
3615 2939 3668 2992 '0

2106 3036 2516 3107 συστησάμενος
2553 3035 2888 3107 δωρεατικὺν
2934 3036 3027 3088 ἐπὶ
3069 3033 3148 3105 τῷ
3193 3034 3492 3103 εύκτήριον
3533 3026 3667 3084 οἶκον

2105 3130 2418 3200 κτισθῆναι,
2445 3130 2479 3200 ἢ
2513 3129 2716 3196 ξενῶνα
2740 3128 2874 3199 (44),
2907 3127 2940 3198 ἦ
2977 3128 3324 3197 νοσοκομείον
3345 3125 3488 3194 (45),
3517 3121 3669 3176 ἀπαι-

2103 3223 2305 3276 τείσθω
2359 3225 2456 3279 καὶ
2483 3223 2648 3287 αὐτὸς
2705 3224 2800 3278 καὶ
2845 3223 2896 3276 cl
2949 3220 3280 3290 κληρονόμοι
3324 3216 3494 3271 αὑτοῦ
3529 3213 3667 3285 παρὰ

2102 3315 2211 3370 τῶν
2265 3317 2583 3370 ἐπισκόπων
2640 3320 2736 3370 καὶ
2791 3315 3092 3384 οἰκονόμων
3145 3315 3214 3366 τὰ
3267 3309 3663 3384 ὐποσχεθένταο

2095 3410 2446 3480 διοικούμενα
2491 3410 2677 3480 μέντοι.
2735 3409 2876 3463 κατὰ
2916 3409 2976 3461 τὸ
3026 3407 3218 3462 δοκοῦν
3255 3407 3430 3475 αὐτῷ,
3479 3403 3562 3459 ἐπ’
3608 3403 3664 3455 ἀ-

2095 3504 2496 3578 δείαςῒέχουσιν
2518 3505 2574 3560 oi
2610 3503 2914 3578 δομήςορες
2977 3501 3182 3567 τούτων
3211 3501 3422 3554 τυπικὰ
3468 3496 3665 3551 ἐκτίθε-

2096 3600 2253 3654 σθαι·
2275 3601 2417 3672 πλὴν
2443 3601 2551 3654 ἀπὸ
2573 3600 2668 3654 τοῦ
2696 3602 2873 3671 λέγειν
2904 3604 2998 3658 τὸν
3019 3604 3182 3674 νόμον
3207 3602 3525 3656 διοικεῖσθαι
3551 3587 3662 3659 τοὺς

2100 3693 2320 3762 εὐαγεῖς
2365 3692 2551 3757 οἴκους
2603 3693 2746 3748 κατά
2793 3695 2854 3748 τὸ
2899 3694 3090 3748 δοκοῦν
3123 3694 3202 3764 τῷ
3265 3694 3518 3765 κτήτορι,
3576 3691 3662 3744 οὐκ

2101 3786 2316 3854 ἐφεῖται
2343 3784 2493 3856 αύτῷ
2554 3785 2888 3841 ἀκανόνιστά
2924 3804 3046 3840 τινα
3077 3787 3172 3841 καὶ
3225 3787 3523 3857 παράνομα
3563 3784 3664 3837 δια-

2100 3877 2422 3933 τάττεσθαι.
2453 3879 2591 3948 Φησὶ
2621 3880 2730 3950 γὰρ
2760 3880 2820 3934 τὸ
2866 3879 2942 3934 λθ¹
2993 3879 3188 3951 κεφάλ.
3238 3880 3334 3934 τοῦ
3385 3877 3438 3933 α’
3497 3878 3660 3932 τίτλον

2099 3965 2194 4018 τοῦ
2238 3966 2287 4036 γ’
2335 3966 2541 4037 βιϐλίου
2574 3967 2683 4022 τῶν
2710 3968 3014 4026 Βασιλικῶν
3067 3971 3198 4036 τοὺς
3229 3971 3382 4042 παρὰ
3408 3969 3518 4026 τῶν
3543 3985 3660 4037 κτη-

2100 4057 2278 4129 τόρων
2308 4059 2662 4129 ἐπιλεγέντας
2713 4062 2794 4122 είς
2843 4063 3012 4116 τόπον
3066 4063 3366 4135 κληρικῶν,
3423 4061 3658 4127 ἀναξίους

2102 4153 2552 4224 εὑρισκομένους,
2582 4153 2942 4210 ἐκϐάλλεσθαι
2980 4157 3075 4210 καὶ
3103 4156 3322 4229 ἐτέρους
3357 4157 3513 4228 παρά
3563 4153 3657 4207 τῶν

1616 4281 1802 4346 Guill.
1835 4286 2156 4367 Beveregii
2206 4302 2398 4355 nota).

491 4403 606 4476 (Η)
643 4404 725 4457 'II
753 4399 1006 4466 ξενῶνα.
1053 4399 1234 4476 Segith
1261 4400 1418 4476 idem
1449 4411 1557 4476 est,
1601 4405 1745 4474 quod
1780 4406 1991 4472 ξενοδόο

425 4473 565 4547 χιον,
589 4473 909 4547 hospitium
932 4473 1234 4547 peregrinis
1259 4473 1584 4541 recipiendis
1622 4473 1982 4547 destinatum.

419 4543 512 4602 Sic
561 4543 726 4600 etiam
781 4545 835 4598 iit
899 4543 1018 4612 lege
1077 4543 1224 4596 civili
1265 4553 1596 4612 leurpatur:
1628 4543 1905 4601 Sancimus
1941 4550 1986 4602 si

420 4618 536 4686 quis
567 4618 808 4685 aliquam
854 4613 1124 4687 reliquerit
1159 4613 1562 4687 lueredttatem,
1612 4617 1688 4669 vel
1729 4616 1982 4687 legatum,

419 4681 499 4742 vel
537 4681 1057 4758 ﬁdei-concutissunt,
1089 4685 1167 4737 vel
1212 4681 1522 4758 donationis
1585 4686 1743 4758 titulo
1777 4681 2000 4758 aliquid

420 4760 623 4812 dederit
658 4755 736 4809 vel
792 4756 1104 4820 vendiderit,
1174 4755 1286 4807 sive
1339 4757 1697 4809 sacrosanctis
1742 4755 2004 4824 ecclesiis,

423 4831 530 4882 sive
556 4826 938 4881 venerabilibus
984 4824 1301 4878 xenonibus.
1341 4824 1378 4876 l.
1427 4841 1584 4890 χχιιι,
1615 4841 1666 4881 c.
1708 4827 1781 4881 De
1820 4845 2004 4883 sacro~

423 4911 598 4953 sanet.
621 4898 804 4968 eccles.
834 4899 968 4968 tium
1005 4894 1127 4968 haec
1164 4895 1310 4949 inter
1338 4893 1687 4968 Christianos
1734 4900 2004 4968 l‘requen-

427 4976 504 5024 tia
536 4976 744 5027 essent,
777 4963 1028 5019 Julianus
1058 4965 1239 5036 etiant
1254 4979 1317 5018 ea
1342 4967 1572 5036 exstrui
1602 4967 1796 5036 jussit.
1830 4963 2003 5023 'l‘heo-

425 5042 632 5110 pltattes
658 5053 673 5068 °
707 5036 817 5097 Τὰς
843 5036 898 5087 δὲ
937 5035 1280 5110 δριστιανιῖιν
1303 5035 1524 5098 εύποίας
1549 5037 1577 5086 ὁ
1601 5039 1865 5110 ἀχρεστος
1907 5042 2001 5092 καὶ

423 5105 750 5180 παραϐάτης
785 5105 1160 5180 μιμούμενος,
1194 5105 1368 5180 ξένοις
1397 5121 1473 5180 ,τε
1527 5105 1905 5180 καὶξπτωχοίς
1931 5111 2001 5163 τὰ

423 5175 560 5250 πρὸς
589 5179 688 5247 τὴν
709 5175 1303 5250 χρείαν*χορηγεῖσθαιΔ
1313 5175 1623 5250 ἐκέλευσεν,
1658 5175 1907 5249 ΤΙιθόρΙι.
1944 5183 1998 5235 itt

433 5244 842 5317 Chrono’gfibe
869 5247 961 5317 his
990 5244 1160 5317 etiam
1190 5244 1248 5299 S.
1288 5245 1525 5302 Basilius
1560 5252 1688 5302 olim
1725 5244 1992 5315 meminit,

425 5326 616 5375 dicens
643 5313 670 5372 ι’
693 5317 827 5369 Τίνα
861 5314 919 5367 δὲ
977 5313 1294 5386 ἀδικοῦμεν,
1328 5317 1653 5385 καταγώγια
1679 5323 1790 5381 τοῖς
1823 5313 1992 5385 ξένοις

425 5387 832 5459 οἰκοδομοῦντες
857 5425 884 5459 ,
924 5387 1254 5459 τοῖςῌκατά
1323 5389 1559 5456 πάραλον
1634 5391 1955 5458 ἐπιφοιτῶσι
1974 5408 1990 5458 ;

421 5455 796 5528 ’Βυείἶ.ἐι)ἰειι.
821 5457 918 5510 ’571
955 5457 1022 5508 ad
1053 5455 1280 5528 lleltant.

497 5532 609 5602 (45)
645 5525 721 5584 Ἦ
764 5525 1191 5602 ’νοσοκομεῐοικ
1218 5526 1333 5581 Hoc
1363 5529 1524 5581 etiam
1557 5528 1700 5602 inter
1729 5531 1985 5588 donatio-

429 5599 527 5657 nes
543 5599 705 5670 stiper
724 5599 828 5668 piis
853 5599 1037 5670 causis
1059 5599 1232 5652 l'actas
1260 5614 1577 5653 recensetur
1603 5618 1630 5651 ιι
1651 5599 1986 5667 Justiniatto,

430 5672 489 5726 Si
520 5677 636 5742 quis
668 5686 786 5723 vero
817 5669 1131 5742 donationes
1167 5684 1326 5742 usque
1359 5671 1426 5723 ad
1449 5673 1756 5742 quingentos
1790 5675 1986 5728 solidos

428 5747 483 5794 in
530 5739 932 5812 quibuscunque
989 5739 1140 5793 rebus
1167 5741 1384 5807 fecerit,
1416 5741 1495 5792 vel
1531 5742 1584 5792 in
1615 5753 1860 5795 sanctam
1897 5761 1986 5796 ee-

406 5817 660 5875 ~elestum,
694 5813 769 5863 vel
822 5814 875 5861 in
907 5812 1324 5875 xenodochium,
1365 5813 1445 5864 vel
1490 5814 1546 5862 in
1601 5816 1982 5880 nosocominm,

419 5884 499 5936 vel
558 5882 616 5932 in
674 5881 1208 5947 oruhanotrophiam,
1267 5881 1345 5934 vel
1403 5885 1455 5936 in
1502 5885 1978 5950 plOt'llUU’Ojl/ttum,

2101 4413 2176 4487 vel
2235 4415 2331 4487 in!
2367 4417 2848 4484 gerontocomium,
2890 4418 2985 4472 .vel
3045 4436 3097 4472 tu
3177 4417 3653 4487 brepliotropltium,

2096 4484 2174 4535 vel
2227 4485 2281 4558 in
2315 4485 2456 4552 ipsos
2517 4504 2790 4558 pauperes,
2822 4488 2899 4542 vel
2954 4495 3009 4541 in
3063 4484 3652 4558 quamcunque'civiia-

2019 4593 2062 4645 Β
2093 4561 2220 4645 ξειιι,
2271 4556 2307 4608 l.
2359 4571 2467 4614 xix,
2502 4573 2552 4636 ς.
2593 4557 3068 4645 Delsacrosanctis
3111 4556 3359 4645 ccclesiis.
3403 4561 3501 4614 Est
3561 4577 3651 4614 au-

2093 4630 2198 4699 tem
2239 4628 2624 4699 _t'iosoeom_i_utn
2681 4630 2834 4682 locus
2889 4630 3048 4699 aegris
3107 4631 3440 4698 pauperibus
3469 4645 3652 4684 curan-

2108 4692 2195 4747 dis
2220 4695 2472 4750 devotus.
2501 4696 2885 4770 Hieronymus,
2913 4692 2994 4770 de
3027 4692 3273 4762 Fabiola,
3304 4699 3444 4763 Quin
3487 4704 3649 4770 potius

2106 4779 2308 4837 omnem
2344 4782 2592 4837 censum,
2640 4784 2792 4837 quem
2833 4768 3021 4823 habere
3051 4777 3255 4836 poterat
3312 4777 3450 4835 (erat
3488 4768 3649 4822 autem

2109 4835 2491 4910 amplissimus,
2526 4847 2575 4890 et
2603 4835 2918 4910 respondens
2949 4835 3128 4909 generi
3183 4839 3320 4908 ejus)
3349 4840 3647 4910 dilapidarit

2103 4919 2166 4956 ac
2215 4907 2468 4971 vendidit,
2522 4917 2572 4960 et
2619 4909 2675 4960 in
2725 4907 3000 4976 pecuniam
3066 4907 3439 4979 congregatum
3465 4907 3648 4963 'usibus

2097 4988 2414 5049 panperutn
2441 4983 2781 5047 prtvparavit,
2832 4993 2882 5033 et
2941 4982 3114 5049 prima
3167 4983 3401 5033 omnia».
3447 4997 3648 5033 νοσοκο-

2102 5047 2257 5120 μεῑον
2291 5048 2545 5111 instituit,
2579 5051 2633 5102 in
2661 5066 2764 5118 quo
2795 5047 3108 5120 a'grotuntes
3148 5050 3417 5119 colligeret
3447 5051 3510 5104 de
3539 5050 3648 5118 pla-

2099 5115 2218 5180 teis,
2254 5127 2302 5171 et
2357 5115 2682 5191 consumpta
2720 5115 3064 5189 languoribus
3110 5115 3475 5191 atque'inedia
3513 5115 3644 5174 inise-

2098 5200 2279 5262 rorum
2315 5190 2565 5262 niemlgra‘
2603 5191 2817 5258 foveret.
2844 5191 3068 5244 Hieron.
3101 5189 3353 5262 Ep’itaph.
3396 5189 3642 5244 ιιάιιοιω.

2097 5252 2265 5338 Deliis
2328 5257 2389 5338 δε
2446 5252 2836 5338 Qasiliusait:
2877 5262 3010 5338 Τίνα
3041 5262 3098 5314 δὲ
3135 5252 3452 5338 ἀδικοῦμεν,
3484 5277 3645 5338 κατα·

2097 5329 2275 5400 γώγια
2305 5330 2418 5389 τοῖς
2450 5329 2620 5394 ξένοις
2664 5330 3093 5400 οἰκοδομοῦντες,
3117 5335 3228 5395 τοῖς
3259 5329 3399 5386 κατὰ
3429 5329 3641 5400 πάροδον

2097 5397 2443 5473 ἐπιφοιτῶσι,
2477 5402 2569 5453 καὶ
2604 5405 2718 5464 τοῖς
2739 5397 3035 5467 θεραπείας
3055 5405 3202 5465 τινὸς
3236 5403 3325 5473 διὰ
3359 5404 3456 5473 τὴν
3493 5397 3640 5452 ἀσθέ-

2095 5481 2246 5544 νειαν
2267 5468 2588 5544 ,δεομένοιςς
2623 5475 2733 5525 Καὶ
2759 5473 2857 5542 τὴν
2881 5473 3132 5544 ἀνάγκην
3165 5472 3375 5536 τούτοις
3403 5468 3642 5544 παραρθρ-

2091 5533 2215 5612 βίαν
2263 5533 2700 5612 ἐγκαθιστῶντες
2733 5584 2750 5608 ,
2796 5533 2924 5605 τοὺς
2977 5533 3414 5612 νόσξκομοῦντας
3452 5533 3492 5607 ,’
3527 5533 3638 5598 τὸὺς

2093 5605 2442 5684 ζατρεύοίντας
2464 5613 2602 5684 ,Ῠςὰ
2643 5605 2952 5684 νωτοφόρα,
2984 5614 3108 5676 τοὺς
3163 5605 3634 5684 παραπέμπονταξῖ

2088 5673 2258 5753 Basil.
2295 5673 2613 5749 epist.'57t.
2650 5673 2872 5739 Hicetas
2919 5673 3258 5748 Chotiiates,
3309 5673 3561 5753 μετέϐαλε
3587 5677 3635 5726 δὲ

2089 5747 2168 5824 51;:
2214 5747 2560 5824 νοσόκομείον
2594 5755 2692 5807 καὶ
2732 5754 2858 5824 τοὺς
2887 5755 3200 5824 βασιλικοὺς
3229 5747 3449 5824 δόμους.
3477 5750 3633 5805 Νἱεεια

2087 5815 2260 5874 Chon.
2288 5824 2345 5875 in
2378 5815 2555 5877 Isaac.
2588 5823 2805 5894 Angela.
