3972 6488
388 390 529 456 1009
1578 391 1655 450 IN
1682 390 1845 449 CAN.
1897 389 1918 447 Ι
1957 387 2166 449 CONC.
2213 390 2421 450 CPOL.
3494 384 3630 449 1010

382 503 704 559 ἐπισκόπων
754 504 1195 575 χειροτονεῖσθαι.
1247 503 1356 557 Καὶ
1402 506 1462 558 τὺ
1491 501 1535 568 ζ’
1574 522 1699 572 κεφ.
1756 501 1852 557 τοῦ
1911 502 1950 571 γ¹

2068 508 2173 564 line
2233 510 2350 564 ltzec
2407 522 2661 578 expresse
2733 504 2997 561 decernit.
3064 500 3326 573 Regionis
3394 500 3636 572 episcopi

382 596 569 650 τίτλου
643 594 738 648 τοῦ
790 594 833 649 ε’
891 596 1099 665 βιϐλίου
1142 594 1442 665 διορίζεται
1500 594 1631 666 περὶ
1682 595 1745 648 τὸ
1801 594 1950 656 τέλος

2072 603 2389 664 observent,
2475 617 2542 655 an
2610 608 2757 656 recte
2838 596 3245 653 administratio
3329 592 3640 664 procedat;

284 714 291 721 -
383 689 558 742 ταῦτα
591 688 769 759 ῥητῶς
794 704 808 718 ·
837 687 962 740 Τῶν
992 688 1131 740 κατᾶ
1159 688 1323 740 τόπον
1350 688 1666 741 ἐπισκόπων
1692 688 1852 740 suam

2076 704 2123 749 et
2192 696 2236 749 si
2298 695 2606 747 invenerint
2672 708 2781 745 non
2848 705 2970 746 esse
3029 688 3168 751 frugi
3232 686 3644 740 administrato-

380 780 582 843 όντων,
625 782 675 833 εί
705 778 885 842 καλῶς
920 781 953 850 ἠ
983 779 1252 851 διοίκησις
1281 780 1570 850 προϐαίνει
1593 797 1609 812 ο
1660 781 1753 834 καὶ
1800 782 1848 832 εί
1878 778 1948 831 εὖ·

2075 804 2180 849 res,
2237 796 2554 857 potestatem
2624 786 2860 839 habeant
2902 783 3037 838 citra
3109 781 3279 836 ullum
3340 778 3643 833 detrimen-

385 890 523 941 ρωσι
557 872 631 941 μὴ
673 871 978 942 χρησίμους
1033 870 1191 934 ὄντας
1232 872 1359 931 τοὺς
1415 873 1716 940 διοικητὰς,
1778 872 1953 927 ἄδειαι

2070 893 2184 936 tum
2240 882 2377 934 alios
2426 896 2522 950 pro
2564 880 2631 933 iis
2662 889 2822 949 aptos
2872 886 2923 933 et
2970 876 3198 930 idoneos
3244 868 3638 926 constituendi.

384 963 620 1033 ἐχόντων
654 962 782 1016 ἄνευ
814 960 1019 1031 ζημίας
1074 963 1268 1026 ἄλλους
1337 963 1459 1018 ἀντὶ
1519 964 1723 1018 τούτων
1772 965 1952 1033 ὲπιτη-

2074 976 2250 1041 Quare
2320 972 2822 1040 quomodoeunque
2882 968 3205 1023 confirmata
3277 974 3329 1019 et
3377 961 3642 1017 corrobo-

382 1054 560 1117 δεὶους
588 1058 784 1109 ποιεῖν.
821 1055 986 1108 Ὥστε
1051 1055 1153 1109 κᾶν
1216 1058 1364 1119 ὅπως
1414 1050 1848 1126 ἐπιστηριχθῶσι
1897 1057 1950 1110 τὲ

2072 1077 2186 1123 rata
2247 1067 2493 1128 fuerint,
2540 1082 2661 1135 qme
2697 1064 2919 1122 statutis
2976 1063 3238 1116 adversus
3293 1072 3535 1112 canones
3585 1062 3640 1107 et

385 1147 727 1216 παρανόμως
766 1148 799 1219 ἢ
844 1149 1217 1211 ἀκανονίστως
1247 1151 1358 1213 τοῖς
1412 1152 1663 1210 τοπικοῖς
1710 1148 1953 1219 περιεχό‹

2071 1163 2219 1225 leges
2252 1160 2628 1221 continentur,
2670 1175 2779 1212 non
2810 1157 3096 1211 valebunt.
3142 1153 3414 1207 Prmterea
3463 1150 3635 1203 inter-

388 1254 549 1304 μενα,
582 1237 645 1288 ού
698 1239 1089 1307 κρατήσουσιν.
1130 1238 1253 1290 Ἔτι
1293 1240 1558 1308 ἐρωτήσει
1611 1256 1720 1303 τις,
1773 1239 1821 1291 εί
1858 1240 1956 1309 ἄρα

2072 1253 2338 1320 rogaverit
2402 1250 2694 1319 quispiam,
2766 1264 2833 1302 an
2898 1263 2964 1301 ex
3022 1262 3108 1304 eo,
3172 1244 3317 1307 quod
3382 1242 3640 1294 decernat

381 1329 493 1381 ἀπὸ
525 1329 619 1381 τοῦ
645 1329 975 1399 διορίζεσθαι
1003 1334 1094 1383 τὸν
1120 1332 1322 1384 κανόνα
1356 1329 1501 1401 ἔχειν
1530 1330 1621 1383 τὸν
1666 1330 1949 1384 ἐπίσκοποι

2073 1360 2242 1399 canon
2273 1343 2589 1411 episcopum
2653 1356 2715 1395 ea
2783 1340 2987 1393 habere
3036 1338 3159 1406 jura
3221 1335 3272 1387 in
3307 1330 3641 1387 monasterio

382 1420 612 1474 τοιαῦτα
645 1421 830 1475 δίκαια
869 1424 927 1475 ὲν
976 1422 1055 1493 τῷ
1104 1424 1375 1476 κτισθέντι
1431 1424 1581 1494 παρά
1603 1440 1745 1485 τινος
1800 1440 1950 1489 μοναι

2070 1421 2224 1507 333
2252 1436 2321 1490 ab
2363 1435 2543 1502 aliquo
2590 1434 2642 1487 in
2694 1448 2791 1485 sua
2848 1428 3070 1484 αἰωρεδεί
3119 1426 3384 1481 :editicato
3415 1463 3431 1486 ,
3485 1434 3536 1477 et
3586 1424 3638 1476 in

387 1516 725 1587 στηρῂρτείς
767 1515 865 1585 τὴν
895 1516 1110 1586 ὲνορίαν
1166 1516 1354 1582 αὑτοῦ,
1413 1518 1506 1569 καὶ
1534 1516 1853 1569 ἀποκεῖσθαι
1906 1516 1955 1568 ἐι

2071 1530 2305 1585 arebivis
2336 1528 2684 1595 episcopatus
2707 1525 2875 1579 Breve
2901 1523 3065 1592 hujus
3096 1537 3219 1576 esse
3245 1519 3639 1587 reponendum,

388 1608 507 1667 τοῖς
539 1608 783 1677 ἀρχείοις
805 1609 905 1679 τῆς
936 1610 1243 1676 ἐπισκοπῆς
1278 1610 1338 1661 τὸ
1369 1608 1587 1678 βρὲὗιον
1626 1612 1836 1673 τούτου,
1870 1610 1956 1661 ἐκ·

2076 1621 2169 1689 ipsi
2206 1620 2551 1690 permittatur
2588 1618 2653 1671 ad
2723 1632 3104 1686 quemcunque
3145 1614 3274 1668 velit
3299 1612 3428 1666 illud
3466 1620 3644 1662 trans-

386 1702 648 1770 χωρεῖται
686 1701 837 1771 αὐτῷ
872 1701 1269 1771 παραπέμπειν
1296 1700 1452 1754 τοῦτο
1490 1701 1619 1754 ἔνθα
1679 1702 1954 1771 βούλεται,

2075 1711 2302 1773 mittere,
2329 1720 2403 1772 et,
2441 1718 2498 1762 ιιι
2528 1709 2692 1762 semel
2724 1708 2921 1769 dicmn,
2953 1706 3043 1774 jus
3075 1703 3301 1758 dominii
3338 1701 3390 1754 in
3426 1717 3492 1754 eo
3545 1699 3643 1749 ob-

386 1794 485 1844 καὶ
519 1791 707 1855 ἁπλῶς
737 1792 1095 1863 κυριαρχικὸν
1119 1793 1328 1847 δίκαιον
1358 1793 1502 1861 ἔχειν
1545 1795 1631 1845 ἐπ’
1658 1794 1828 1861 αὐτῷ,
1854 1795 1954 1847 Νο-

2076 1803 2259 1858 Linere.
2293 1802 2556 1857 Existimo
2582 1816 2737 1869 ergo,
2766 1801 2910 1869 quod
2945 1815 3007 1853 ex
3048 1798 3154 1852 hoc
3183 1809 3397 1849 canone
3420 1808 3527 1847 non
3560 1800 3644 1845 est

390 1886 540 1955 μίζω
570 1884 665 1941 οὖν
688 1850 765 1949 ῶς
793 1850 859 1938 ὲικ
1011 1887 1235 1950 κανόνος
1263 1850 1453 1941 τούτόυ
1489 1888 1588 1941 οὐκ
1627 1850 1843 1957 ἐνεδόθη
1883 1888 1958 1958 τῷ

2293 1850 2551 1857 ww-.-”
2586 1850 2673 1869 --ο
2699 1850 2737 1865 ν,
2772 1850 2797 1869 .,
2851 1850 2909 1853 -_
2955 1850 2969 1853 -
3102 1850 3145 1852 ν,

2073 1892 2326 1962 episc0po
2358 1906 2704 1951 concessum,
2729 1897 3050 1956 potestatem
3083 1886 3137 1939 in
3166 1886 3216 1938 id
3248 1880 3641 1939 monasterium

385 1978 674 2049 ὲπισκόπῳ
719 1978 1164 2045 κατεξουσιάζειν
1205 1978 1302 2032 τοῦ
1349 1980 1737 2049 μοναστηρίου,
1765 1978 1841 2041 ὡς
1874 1979 1953 2031 δε-

2073 1985 2317 2040 obtinere
2338 2024 2353 2047 ,
2399 1990 2653 2049 tauquam
2689 1980 2754 2033 ad
2785 1979 2905 2050 ejus
2937 1978 3225 2033 ecclesiam
3263 1976 3387 2043 jure
3413 1971 3641 2027 dominii

389 2072 669 2134 σποτικῶς
697 2071 1043 2141 διαφέροντος
1073 2074 1138 2142 τῆ
1167 2071 1433 2143 ἐκκλησίᾳ
1460 2071 1648 2124 αὑτοῦ*
1674 2071 1788 2123 ἀλλ’
1815 2071 1957 2141 ἔχειν

2071 2078 2379 2145 pertineat:
2406 2074 2502 2129 sed
2537 2074 2700 2129 habet
2730 2074 2782 2127 in
2805 2088 2870 2127 eo
2893 2078 3101 2125 tantum
3131 2070 3254 2141 jura
3288 2062 3639 2135 episcopalia.

389 2164 529 2233 μόνα
563 2164 750 2218 δίκαια
782 2163 1116 2217 ἐπισκοπικὰ
1146 2164 1236 2215 ἐπ’
1275 2162 1447 2233 αὐτῷ.
1502 2163 1623 2216 Εἰσὶ
1662 2163 1717 2216 δὲ
1766 2162 1957 2227 ταῦτα,

2072 2169 2146 2225 Ea
2182 2177 2360 2223 autem
2398 2177 2546 2233 sunt,
2576 2167 2896 2221 delictorum
2930 2163 3125 2217 animae
3155 2158 3507 2220 examinatio,
3536 2156 3640 2210 oh-

384 2257 675 2326 ἁνάκρισις
702 2258 810 2311 τῶν
837 2257 1086 2327 ψυχικῶν
1115 2256 1465 2325 σφαλμάτων,
1500 2258 1823 2326 ἐπιτήρησις
1853 2274 1952 2309 των

2073 2260 2307 2318 servatio
2333 2275 2520 2315 eorum
2549 2258 2640 2327 qui
2672 2257 2762 2311 illa
2794 2255 3183 2310 administrant
3212 2290 3225 2315 ,
3258 2250 3377 2318 ejus
3404 2247 3641 2302 nominis

380 2346 733 2401 διοικούντων
786 2348 940 2411 αὐτὸ,
993 2347 1238 2419 ἀναφορὰ
1287 2348 1380 2400 τοῦ
1433 2348 1697 2415 ὀνόματος
1750 2349 1948 2401 τούτουλ

2073 2350 2263 2406 relatio
2304 2361 2358 2405 et
2407 2350 2643 2421 prazfecti
2698 2348 2990 2402 ordinatio.
3035 2342 3460 2400 Conservabitur
3511 2355 3640 2409 ergo

388 2440 485 2493 καὶ
512 2440 750 2509 σφραγὶς
794 2441 888 2492 τοῦ
931 2440 1259 2510 ἡγουμένου.
1304 2440 1780 2510 Συντηρηθήσεται
1808 2436 1956 2511 οὗνή

2073 2444 2460 2500 monasterium
2502 2443 2732 2498 liberum
2787 2450 2841 2496 et
2898 2457 2994 2512 per
3046 2455 3105 2495 se
3155 2435 3640 2495 administratum,

391 2532 530 2602 μονὴ
563 2532 825 2602 ἐλευθέρα
850 2532 946 2585 καὶ
974 2532 1095 2585 καθ’
1129 2532 1329 2603 ἑαυτὴν
1372 2532 1760 2601 διεξαγομένη,
1800 2533 1959 2585 ἀνεκ-

2072 2553 2179 2592 non
2210 2535 2494 2591 alienabile
2526 2549 2627 2591 nec
2656 2534 2930 2589 donahile.
2962 2532 3114 2587 Illius
3161 2538 3339 2584 autem
3379 2526 3640 2594 regionis.

388 2626 610 2693 ποίητος
639 2624 729 2677 καὶ
768 2623 1067 2694 ἀδώρητος.
1108 2624 1168 2676 Ὀ
1201 2623 1257 2677 δὲ
1288 2624 1426 2677 κατὰ
1454 2622 1638 2694 χώραν
1673 2623 1956 2694 ἀρχιερεὺς

2072 2631 2124 2685 in
2153 2644 2260 2697 qua
2300 2630 2463 2684 situm
2501 2637 2606 2691 est,
2644 2628 2874 2681 antistes
2898 2625 3044 2678 dicta
3079 2624 3255 2679 solum
3280 2622 3403 2691 jura
3428 2618 3638 2688 episeo-

385 2718 501 2782 ἔξει
529 2720 617 2771 ἐπ’
649 2718 786 2789 αύτῇ
825 2717 962 2787 μόνα
987 2717 1055 2770 τὰ
1086 2715 1318 2786 ῥηθέντα
1366 2715 1700 2769 ὲπισκοπικὰ
1742 2716 1949 2768 δίκαια.

2072 2721 2210 2793 palia
2237 2722 2289 2776 in
2316 2738 2382 2778 eo
2415 2721 2635 2776 habebit
2667 2738 2681 2775 :
2713 2732 2766 2775 et
2793 2736 2820 2771 a
2863 2718 3112 2789 praesenti
3146 2717 3365 2788 quidem
3408 2732 3640 2779 canone,

388 2812 501 2864 Καὶ
527 2810 636 2863 ἀπὸ
664 2810 761 2880 μὲν
801 2811 895 2863 τοῦ
933 2809 1198 2879 παρόντος
1248 2809 1469 2872 κανόνος
1517 2810 1613 2862 καὶ
1650 2809 1708 2873 ἐξ
1754 2809 1956 2874 ἑτέίων

2074 2823 2124 2871 et
2154 2815 2223 2869 ab
2248 2814 2374 2869 aliis
2395 2814 2628 2868 diversis
2658 2812 2865 2881 legibus
2892 2819 2945 2865 et
2976 2810 3281 2865 canonibus
3318 2824 3642 2863 concessum

383 2902 663 2973 διαφόρων
692 2904 874 2973 νόμων
901 2905 995 2956 καὶ
1033 2904 1272 2957 κανόνων
1312 2901 1627 2972 ὲξεχωρήθη
1665 2901 1817 2970 παρὰ
1867 2901 1951 2955 τοῐ

2074 2914 2171 2969 est.
2203 2915 2282 2969 ut,
2317 2907 2409 2975 qui
2433 2906 2614 2969 vellet,
2644 2904 2972 2958 monasteria
3011 2918 3147 2956 nova
3180 2908 3509 2965 exstrueret,
3545 2900 3642 2951 oh-

387 2996 720 3066 βουλομένου
778 2996 1158 3066 ἁνεγείρεσθαι
1219 2996 1581 3066 μοναστήριον
1637 2995 1701 3045 ὲκ
1740 2995 1955 3061 καινῆς,

2073 3001 2302 3056 servatis
2336 3002 2439 3054 ritu
2485 3008 2539 3053 ct
2585 2999 2757 3052 forma
2785 2997 2873 3051 hic
2898 2995 3251 3065 prmscriptis.
3286 2995 3418 3061 lmp.
3463 3001 3641 3044 autem

384 3090 529 3143 κατᾶ
557 3089 657 3157 τὴν
705 3089 988 3158 παροῦσαν
1036 3088 1396 3157 θεσμοθεσίαν
1420 3105 1434 3118 ·
1485 3089 1520 3157 ὴ
1546 3087 1603 3141 δὲ
1644 3087 1832 3156 Νεαρᾶ
1861 3087 1952 3140 τοῦ

2074 3091 2274 3145 domini
2306 3089 2593 3158 Nicephori
2619 3090 2813 3145 Phocze
2841 3085 3060 3142 Novella
3087 3086 3350 3149 decernit,
3380 3100 3487 3138 non
3520 3099 3642 3135 esse

387 3182 658 3250 βασιλέως
689 3182 859 3252 κυροῦ
882 3182 1201 3253 Νικηφόρου
1239 3182 1352 3251 (46)
1384 3181 1478 3234 τοῦ
1521 3183 1685 3234 Φωκᾶ
1735 3181 1955 3249 διορίζε-

2072 3186 2137 3239 de
2173 3199 2313 3238 novo
2344 3181 2708 3238 construenda
2734 3178 3060 3234 monasteria
3093 3218 3107 3240 ,
3137 3177 3218 3231 vel
3254 3174 3595 3230 xenodochia
3627 3213 3640 3235 ,

385 3293 476 3328 ται
511 3275 584 3344 μὴ
629 3274 1144 3337 κατασκευάζεσθαι
1193 3274 1388 3327 νεωστὶ
1426 3275 1846 3344 μοναστὴρια,ἢ
1881 3276 1953 3338 €5-

2072 3277 2147 3328 Vcl
2175 3275 2505 3343 gerocomia,
2538 3274 2617 3327 vel
2649 3272 2784 3326 alias
2805 3281 3023 3324 sanctas
3046 3278 3097 3323 et
3121 3259 3640 3336 religiosasdomos;

384 3368 584 3430 νῶνας,
618 3366 652 3437 ἢ
686 3369 1052 3435 γηροκομεῖα,
1077 3368 1108 3436 ἦ
1130 3366 1325 3429 ἄλλους
1353 3366 1569 3436 εὐαγεῖς
1595 3368 1799 3433 οἴκους,
1830 3365 1952 3420 ἀ).λᾶ

2071 3368 2161 3422 sed
2194 3382 2381 3421 eoi-um
2404 3383 2525 3432 quae
2555 3375 2703 3427 sunt,
2736 3377 2924 3417 curam
2956 3360 3068 3428 geri
3102 3368 3354 3428 oportere
3390 3374 3403 3409 ε
3440 3365 3493 3410 et
3524 3358 3639 3410 hare

384 3459 495 3513 τῶν
520 3461 806 3529 παρόντων
834 3459 1213 3529 ἐπιμελεῖσθαι
1235 3477 1248 3491 ο
1274 3460 1371 3513 καλ¹
1402 3459 1729 3529 προστίθησι
1752 3460 1878 3530 περὶ
1902 3457 1952 3510 τὶ

2075 3476 2321 3529 expresse
2354 3459 2407 3511 in
2442 3458 2547 3513 ﬁne
2577 3456 2807 3524 adjicit:
2855 3452 3036 3519 Quare
3092 3451 3160 3503 ab
3218 3451 3324 3504 hoc
3385 3449 3643 3516 deinceps

381 3554 538 3617 τέλος
567 3552 742 3606 ταῦτα
770 3552 977 3623 ῥητῶς⁸
1007 3552 1171 3608 Ὥστε
1192 3553 1300 3608 ἀπὸ
1330 3551 1423 3609 τοῦ
1447 3551 1563 3616 νῦν,
1588 3552 1725 3624 ὅπερ
1755 3552 1901 3608 ἐστὶν
1929 3552 1949 3607 ’1

2072 3566 2336 3625 tempore,
2372 3552 2512 3625 quod
2547 3559 2632 3607 est
2679 3551 2710 3605 7
2743 3546 3058 3603 indictiouis
3120 3543 3375 3609 initium,
3437 3541 3640 3597 nemini

383 3644 652 3715 ἀρχὴτῆς
683 3646 920 3715 ὲὸδόμης
965 3645 1314 3709 ίνόικτιῶνος,
1380 3646 1571 3716 μηδενὶ
1623 3646 1826 3711 ἐξέστω
1885 3646 1951 3715 μί

2072 3650 2251 3711 liccat,
2285 3649 2403 3701 loca
2437 3655 2531 3700 aut
2562 3661 2722 3715 agros
2747 3643 2812 3697 ad
2853 3639 3179 3695 monasteria
3213 3637 3296 3692 vel
3329 3636 3640 3707 gerocomia

383 3737 607 3802 τόπους,
644 3736 719 3807 μὴ
747 3736 952 3808 ἀγροὺς
989 3738 1374 3806 μοναστηρίοις
1403 3736 1435 3808 ἢ
1459 3736 1688 3803 ξενῶσιν
1713 3738 1951 3790 όπωσοῢι

2076 3742 2558 3808 ‘jttoouodocunque
2585 3736 2982 3799 transmittere,
3030 3734 3125 3790 sed
3175 3746 3355 3799 neque
3405 3730 3471 3783 ad
3531 3744 3644 3783 me-

389 3809 793 3899 παραπέμπειῖο
819 3843 835 3858 ⁸
888 3827 1002 3881 ἀλλ’
1035 3827 1156 3882 οὐδὲ
1202 3828 1606 3899 μητροπόλεσιν
1655 3829 1689 3899 ἢ
1738 3829 1957 3882 ἐπισκο-

2075 3832 2301 3902 iropoles
2330 3833 2414 3888 vel
2448 3833 2801 3900 episcopatus
2833 3847 2847 3883 :
2880 3842 3058 3898 neque
3090 3826 3232 3881 enim
3273 3825 3378 3879 illis
3425 3832 3509 3878 est
3537 3822 3643 3877 hoc

387 3923 518 3985 παῖς
541 3937 554 3952 °
585 3922 737 3975 οὐδὲν
765 3922 874 3993 γὰρ
905 3921 1030 3975 οὐδὲ
1074 3922 1134 3974 ὲν
1164 3923 1403 3985 ἐκείναις
1449 3923 1747 3985 λυσιτελές.
1793 3923 1855 3977 El
1904 3923 1955 3976 δέ

2077 3925 2437 3982 conducibile.
2473 3924 2529 3977 Si
2561 3922 2762 3993 quibus
2793 3930 2969 3976 autem
3004 3919 3389 3990 prmdietarum
3424 3922 3645 3969 sanctu-

386 4031 510 4067 τινα
546 4015 657 4068 τῶν
716 4015 1042 4085 φθασάντων
1068 4015 1281 4083 εὐαγῶν
1309 4016 1494 4081 οῖκων,
1544 4016 1653 4070 είτε
1695 4016 1804 4087 μὴν
1837 4018 1954 4071 ἑπι-

2076 4036 2187 4074 rum
2218 4028 2269 4074 et
2300 4017 2682 4088 religiosarum
2715 4014 3003 4069 dumorum
3040 4052 3055 4076 ,
3106 4014 3223 4066 sive
3261 4010 3482 4081 quidem
3531 4008 3644 4074 epi-

388 4105 611 4160 σκοπῶν
678 4107 710 4172 ἢ
755 4107 1154 4179 μοναστηρίων,
1208 4107 1466 4175 τοιαύτης
1504 4107 1714 4179 φαύλης
1771 4108 1956 4178 ἔτυχον

2072 4120 2382 4182 scopatuum
2413 4117 2468 4165 et
2498 4107 2979 4170 monasteriorum,
3011 4105 3146 4159 adeo
3209 4104 3349 4156 mala
3406 4101 3640 4154 admini-

388 4196 570 4267 χειρδς
591 4195 687 4250 καὶ
708 4198 984 4268 προνοίας,
1014 4198 1089 4261 ὡς
1111 4198 1294 4271 ἔρημα
1312 4199 1490 4252 τόπων
1509 4200 1955 4266 καταλελεῖφθαι,

2075 4204 2251 4261 stratio
2285 4210 2340 4258 et
2368 4200 2606 4271 provisio
2636 4197 2888 4266 contigit,
2926 4204 2986 4251 ut
3024 4196 3159 4250 locis
3212 4195 3439 4264 privata:
3469 4193 3643 4246 desti~

387 4286 601 4350 τούτοις
621 4286 813 4360 γνώμῃ
837 4288 1088 4359 βασιλικῇ
1120 4291 1211 4345 καὶ
1230 4290 1525 4362 δοκιμασίᾳ
1546 4292 1703 4362 ἡτῶν
1725 4291 1955 4361 ἀρκούν-

2073 4305 2297 4365 ,υιαξιυιο
2325 4293 2469 4357 sint;
2518 4292 2586 4347 iis
2616 4291 2884 4345 sententia
2919 4298 2972 4344 et
2994 4287 3396 4344 examinatione
3445 4285 3641 4353 imper.

386 4392 499 4427 των
526 4377 719 4447 κτῆσις
743 4378 805 4430 οὐ
842 4377 1235 4447 κωλυθήσεται.
1266 4379 1495 4433 Κελλεῖα
1525 4370 1587 4433 δὲ’
1613 4381 1706 4433 καὶ
1732 4380 1829 4439 τὰς
1856 4398 1954 4434 κα-

2066 4405 2250 4446 eorum
2285 4403 2407 4455 qua:
2437 4384 2718 4439 suﬂicinnt
2763 4381 3058 4449 acquisilio
3097 4376 3634 4448 uon‘prohibebitur.

390 4468 663 4538 λουμένας
691 4470 899 4538 λαύρας
952 4473 1010 4524 ὲν
1059 4472 1291 4542 ἐρήμοις
1333 4474 1654 4542 οἰκοδομεῖν,
1711 4474 1785 4544 μὴ
1819 4473 1953 4545 πρὸξ

2074 4482 2248 4547 iiellas
2271 4488 2475 4537 autem.
2509 4484 2585 4539 et,
2619 4484 2675 4529 nt
2705 4484 2923 4539 vorant,
2959 4474 3141 4528 lauras
3174 4478 3225 4524 in
3253 4470 3485 4526 desertis
3514 4469 3642 4522 auli-

389 4562 619 4630 κτήσεις
671 4564 768 4617 καὶ
816 4564 1021 4634 ἀγροὺς
1076 4567 1296 4633 ἑτέρους
1352 4566 1772 4635 ὲκτεινομένοις,
1829 4566 1957 4619 ἀλλὰ

2073 4572 2254 4633 lit-are,
2288 4584 2407 4636 qum
2434 4583 2540 4622 non
2569 4566 2636 4620 ad
2676 4566 3055 4634 possessiones
3111 4572 3163 4615 et
3223 4576 3383 4631 agros
3432 4559 3641 4611 alienos

393 4657 625 4725 περιοχῇ
677 4657 813 4726 μόνῃ
860 4659 925 4726 τῇ
990 4656 1096 4727 ἰδίᾳ
1148 4656 1509 4727 ὁριζομένοις,
1564 4656 1805 4728 τοσούτῳ
1836 4659 1961 4721 τοὺς

2074 4663 2465 4720 extenduntur.
2498 4659 2591 4714 sed
2623 4659 2740 4713 solo
2764 4657 2983 4725 proprio
3009 4655 3218 4710 ambitu
3270 4653 3604 4706 deﬁniuntur
3626 4693 3640 4715 ,

392 4747 752 4817 βουλομένους
775 4749 877 4801 οὐκ
906 4749 1186 4819 είργομεν,
1220 4748 1330 4817 ὅσῳ
1357 4747 1453 4800 καὶ
1472 4747 1543 4799 δι’
1572 4747 1795 4801 ἐπαίνου
1828 4749 1960 4818 μᾶλ-

2076 4764 2287 4809 tantum
2323 4752 2480 4806 abest
2511 4758 2571 4803 ut
2594 4746 2906 4801 volentibus
2936 4745 3344 4815 prohibeamus,
3384 4751 3443 4795 ut
3478 4740 3640 4795 etiam

389 4839 481 4890 λον
506 4837 565 4890 τὸ
600 4839 831 4909 πρᾶγμα
865 4838 1108 4908 τίθεμεν.
1147 4840 1250 4891 Ἦν
1271 4839 1328 4891 δὲ
1362 4838 1584 4908 Νεαρὰν
1619 4841 1646 4890 ὀ
1675 4840 1957 4909 Πορφυρο-

2158 4860 2351 4914 magna
2385 4842 2545 4896 lamle
2577 4855 2845 4910 ponamus
2882 4856 2897 4891 :
2926 4852 3090 4906 quam
3114 4835 3333 4904 quidem
3360 4832 3639 4887 Novellam
3693 4830 3705 4894 ,

389 4931 652 5000 γεννητος
681 4930 844 4999 κυρὸς
871 4931 1146 4994 Βασίλειος
1175 4933 1203 4984 ὁ
1228 4931 1346 4994 νέος
1368 4929 1605 5001 ἀνῄρησε
1631 4930 1719 4984 διὰ
1745 4932 1957 5003 Νεαρᾶς

2132 4938 2617 5008 irphyrogennetus
2677 4931 2934 4985 dominus
3015 4926 3250 4981 Basilius
3309 4940 3485 4978 novus
3546 4940 3642 4977 sua
3698 4941 3700 4945 ί

389 5022 562 5077 αὐτοῦ
610 5024 977 5092 ἀπολυθείσης
1042 5023 1185 5077 κατὰ
1250 5026 1395 5093 μῆνα
1471 5023 1779 5093 ’Δπρίλλιον
1833 5025 1957 5078 ινδι-

2072 5029 2289 5083 Novella
2326 5042 2512 5081 mense
2545 5023 2715 5092 Aprili
2740 5020 3038 5076 indiCtione
3066 5020 3085 5073 l
3116 5031 3260 5072 anno
3279 5016 3422 5072 6495
3442 5016 3640 5069 emissa

389 5116 621 5179 κτιῶνος
653 5114 701 5169 α’
739 5115 893 5176 ἔτους
927 5120 1106 5183 ςυιιέ,
1142 5118 1234 5169 καὶ
1259 5117 1732 5186 διαλαμϐανούσης
1784 5116 1957 5172 ταῦτα

2073 5120 2290 5176 sustulit
2313 5137 2328 5184 ;
2350 5133 2472 5187 qua:
2500 5126 2553 5169 et
2583 5117 2695 5170 iure
2725 5128 2987 5183 expresse
3018 5110 3263 5175 continet
3299 5126 3313 5163 :
3351 5107 3641 5177 Imperium

390 5208 575 5279 ῥητῶς
602 5222 618 5239 ⁸
664 5208 730 5261 Ἦ
764 5210 828 5260 ἑκ
859 5207 996 5260 θεοῦ
1027 5206 1283 5277 βασιλεία
1332 5209 1512 5278 ἡμῶν,
1554 5210 1648 5261 καὶ
1679 5210 1833 5280 παρὰ
1864 5228 1958 5280 μο-

2074 5223 2317 5268 nostrum
2353 5209 2497 5279 quod
2524 5226 2551 5261 a
2591 5205 2699 5262 Deo
2727 5205 3034 5275 profectum
3065 5212 3147 5257 est
3175 5217 3300 5258 eum
3347 5208 3401 5255 et
3457 5216 3484 5252 a
3529 5215 3642 5251 mn-

391 5300 576 5369 ναχῶν
600 5300 688 5353 ἐπ’
713 5300 971 5371 εὐλαϐείᾳ
1002 5299 1097 5353 καὶ
1124 5300 1296 5370 ἀρετῇ
1345 5300 1832 5372 μαρτυρουμένων,
1866 5302 1959 5355 καὶ

2071 5303 2287 5367 nachis,
2330 5315 2563 5369 quorum
2605 5299 2776 5367 pietas
2805 5305 2859 5351 et
2889 5299 3060 5351 virtus
3090 5303 3174 5348 cst
3206 5302 3400 5348 testata
3426 5330 3442 5355 ,
3494 5298 3548 5343 et
3607 5307 3635 5342 a

390 5392 548 5461 παρὰ
584 5391 799 5445 πολλῶν
827 5391 1188 5461 ἁναμαθοῦσα
1226 5391 1326 5461 τὴν
1357 5392 1487 5463 περὶ
1515 5394 1623 5445 τῶν
1654 5394 1958 5464 ἐκκλησιῶν

2071 5394 2260 5450 multis
2286 5393 2430 5454 aliis,
2475 5391 2641 5457 legent
2668 5394 2735 5444 de
2768 5388 2860 5444 Dei
2888 5388 3140 5443 ecclesiis
3187 5392 3243 5440 et
3297 5382 3500 5439 sanctis
3535 5382 3639 5433 do-

390 5483 491 5537 τοῦ
518 5484 655 5539 Θεοῦ
682 5485 779 5540 καὶ
809 5485 917 5539 τῶν
943 5485 1158 5554 εὐαγῶν
1185 5486 1350 5539 οίκων
1378 5484 1412 5553 ἢ
1450 5485 1592 5539 κατὰ
1622 5485 1733 5539 τῶν
1760 5486 1958 5558 ἐκκλη-

2071 5489 2275 5543 mibus.
2309 5485 2391 5540 vel
2428 5484 2609 5555 potius
2643 5494 2834 5538 contra
2868 5482 3132 5538 ecclesias
3161 5490 3215 5536 et
3236 5486 3421 5533 tantas
3447 5476 3637 5530 domos

1663 5629 1853 5691 Guill.
1883 5603 2203 5709 Bevcrcgii
2240 5636 2426 5691 notae.
2765 5647 2797 5670 ο

470 5751 580 5818 (46)
625 5751 695 5808 ἸΙ
726 5752 792 5806 δὲ
816 5751 1013 5820 Naupli
1063 5752 1167 5806 τοῦ
1212 5753 1523 5819 βασιλέως
1554 5755 1740 5819 κυροῦ
1778 5758 1958 5820 Νικη-

2069 5754 2280 5811 integra
2333 5750 2560 5820 habetur
2606 5750 2660 5804 in
2704 5748 2854 5804 luris
2918 5741 3359 5801 (lurco-Romani
3409 5741 3501 5797 lib.
3576 5756 3633 5807 ιι,

398 5823 607 5891 φόρου.
670 5824 795 5879 llaec
850 5819 1141 5895 lNicephori
1194 5823 1391 5878 Phorm
1458 5827 1798 5895 imperatoris
1832 5819 1955 5883 nov.

1000 5823 1141 5893 )hori
1194 5823 1391 5878 Phorm
1458 5827 1798 5895 imperatoris
1832 5819 1955 5883 nov.
2070 5840 2121 5893 ιι.
2158 5822 2280 5887 115,
2325 5819 2568 5883 “Lac-
