3972 6488
411 378 546 440 11111

1654 353 1938 437 annos.
1986 372 2386 434 BALSAMON
2426 445 2441 467 ι

3509 371 3633 423 lUlZ

406 496 438 535 α
460 481 684 536 domino
717 480 1043 552 Hice-pilare,
1073 484 1168 552 qui
1198 485 1428 556 imperio
1459 487 1728 550 excessit,
1783 484 1974 541 condi-

2093 483 2212 537 πιὼν
2243 481 2448 553 μᾶλλον
2474 479 2570 535 καὶ
2592 479 2700 535 τῶν
2737 477 3010 534 τοσούτων
3035 478 3200 531 οἴκων
3232 469 3384 544 παρά
3426 468 3520 524 τοῦ
3543 468 3636 535 τῆς

409 586 542 639 tam,
579 574 925 645 praesentium
959 575 1222 630 malorum
1259 591 1481 632 causam
1519 576 1691 634 fuisse
1715 585 1771 632 et
1828 577 1977 633 radi-

409 681 551 730 cem,
575 674 629 721 et
659 666 981 722 universalis
1011 667 1177 738 hujus
1211 669 1584 724 subversionis
1619 679 1672 726 et
1701 669 1979 725 confusio-

415 758 534 824 nis;
566 767 624 812 ut
655 774 774 828 quae
802 760 874 816 ad
903 760 1157 832 iniuriam
1192 773 1245 818 et
1271 763 1654 818 contumeliam
1678 805 1693 830 ,
1724 779 1831 817 non
1883 779 1977 818 so-

411 849 520 902 lum
543 850 904 906 ecclesiarum
945 860 1000 907 et
1026 863 1342 908 sanctarum
1360 855 1672 917 domorum.
1699 855 1794 910 sed
1815 856 1977 910 etiam

416 940 506 994 Dei
539 941 732 1010 ipsius,
763 943 907 998 facta
937 945 1028 1004 sit.
1065 946 1464 1012 intellexisset,
1492 955 1547 1002 et
1588 949 1820 1004 maxime
1854 963 1978 1002 cum

411 1031 462 1085 id
493 1047 548 1086 re
582 1032 696 1101 ipsa
728 1046 1009 1104 expertum
1042 1047 1186 1092 esset
1241 1039 1340 1109 (ex
1387 1055 1499 1110 quo
1547 1041 1690 1093 enim
1738 1040 1851 1096 haec
1894 1042 1976 1095 lex

410 1131 498 1177 est
523 1122 832 1191 observata,
888 1129 1025 1184 nihil
1082 1131 1210 1184 boui
1263 1134 1478 1203 penitus
1537 1133 1590 1186 in
1651 1133 1979 1188 hodiernum

413 1232 592 1285 usque
641 1217 787 1275 diem
847 1221 974 1276 vita:
1025 1233 1225 1278 nostra:
1275 1227 1520 1279 occurrit
1553 1241 1566 1278 :
1598 1227 1692 1280 sed
1744 1237 1932 1280 contra
1965 1269 1980 1290 ,

411 1313 620 1367 nullum
645 1317 866 1384 penitus
901 1315 1226 1371 calamitatis
1258 1333 1429 1386 genus
1463 1317 1694 1374 defuitl:
1720 1334 1815 1389 per
1843 1334 1984 1387 pra:-

411 1416 618 1461 sentem
654 1407 884 1464 Auream
919 1407 1122 1462 Bullam
1160 1409 1286 1464 huic
1317 1412 1522 1480 srripto
1563 1425 1830 1467 annexam
1872 1400 1982 1470 sfa-

415 1500 544 1564 tu'rt,
580 1511 639 1554 ut
666 1501 749 1555 lex
781 1500 1042 1562 pra-dicta
1069 1503 1138 1556 ab
1171 1505 1274 1557 hoc
1307 1505 1557 1573 praesenti
1595 1505 1683 1561 die
1707 1515 1906 1575 cesset,
1930 1521 1983 1563 et

417 1591 677 1662 deinceps
709 1592 926 1647 inﬁrma
962 1601 1015 1648 et
1047 1594 1199 1647 irrita
1239 1602 1554 1665 permaneat
1591 1614 1604 1650 :
1647 1596 1825 1652 locum
1855 1614 1984 1654 vero

421 1686 656 1739 habeant
683 1694 733 1740 et
762 1686 814 1739 in
851 1702 948 1740 usu
1003 1687 1138 1753 sint,
1185 1702 1308 1755 quae
1359 1686 1426 1742 de
1485 1687 1575 1742 Dei
1631 1689 1878 1745 ecclesiis
1931 1699 1986 1745 et

415 1775 620 1831 sanctis
649 1783 703 1829 et
757 1776 1024 1845 religiosis
1075 1778 1332 1833 dmnilms
1382 1787 1510 1832 ante
1556 1779 1699 1834 banc
1750 1782 1985 1838 conditae

421 1874 548 1921 sunt
583 1867 748 1938 leges.
778 1868 1044 1922 P‘rmterea
1081 1871 1244 1934 scias,
1279 1871 1422 1940 quod
1476 1871 1829 1928 beatissimus
1882 1874 1988 1930 im-

416 1967 633 2028 perator
676 1959 928 2013 dominus
969 1959 1511 2016 MauuelComnenus
1531 1978 1626 2031 per
1651 1961 1983 2032 .jussionem,

425 2065 612 2104 mense
643 2049 948 2119 Septembri
981 2051 1279 2106 indictione
1312 2052 1344 2106 7
1365 2052 1589 2118 editam,
1627 2053 1866 2111 ili-ﬁniit:
1919 2068 1988 2110 ne

417 2141 563 2204 ullis,
589 2144 680 2213 qui
720 2144 1083 2197 immobiiin'm
1143 2144 1471 2201 donationes
1536 2147 1607 2201 ab
1659 2148 1990 2217 imperatore

416 2235 761 2306 accepissent
801 2237 882 2292 vel
914 2237 1254 2308 acciperent,
1285 2240 1352 2292 ad
1382 2239 1520 2294 alios
1546 2254 1608 2293 ea
1635 2254 1798 2310 quam
1831 2255 1992 2296 sena-

418 2329 547 2385 torii
580 2328 790 2386 ordinis
817 2331 898 2384 vel
957 2331 1166 2385 numeri
1227 2332 1478 2387 militaris
1537 2347 1800 2402 personas
1856 2347 1992 2403 quo-

416 2435 634 2489 cunqueI
663 2422 826 2476 modo
856 2422 1254 2486 transmittere,
1285 2422 1469 2477 liceret
1507 2443 1520 2478 :
1564 2424 1646 2477 sin
1676 2433 1862 2478 autem
1893 2425 1991 2478 ali-

420 2524 502 2565 ter
536 2511 739 2566 factum
782 2513 968 2577 fuerit,
1005 2514 1304 2567 immobilia
1332 2515 1397 2568 ad
1434 2514 1708 2581 publicum
1743 2515 1986 2573 redeant.

417 2601 684 2658 Similiter
709 2611 762 2657 et
799 2619 985 2658 mense
1016 2604 1316 2660 Februario
1351 2606 1386 2659 3
1430 2605 1752 2661 iudictionis
1775 2648 1788 2672 ,
1847 2622 1984 2662 nova

417 2711 636 2765 quoque
670 2697 992 2752 constitutio
1024 2696 1092 2751 ab
1111 2697 1301 2752 eodem
1333 2697 1480 2752 edita
1513 2706 1619 2762 est,
1650 2713 1771 2769 qum
1799 2699 1988 2754 eadem

417 2787 591 2844 ferme
611 2789 1012 2858 complectitur.
1039 2788 1172 2856 Qua:
1205 2790 1426 2859 quidem
1459 2796 1662 2845 statuta
1694 2831 1708 2852 .
1742 2806 1839 2860 per
1891 2808 1988 2863 po-

417 2877 704 2935 steriorem
747 2881 840 2937 lilii
871 2881 991 2952 ejus
1023 2881 1228 2936 domini
1254 2882 1430 2937 Alexii
1463 2882 1656 2938 Aureae
1706 2882 1872 2938 Bulla!
1903 2885 1990 2940 de-

418 2975 758 3039 ﬁnitionem,
809 2989 996 3030 mense
1054 2975 1335 3031 Decembri
1379 2976 1569 3046 primae
1627 2976 1984 3041 indictionis,

419 3065 544 3118 anni
575 3064 706 3120 6691
745 3067 966 3132 editam,
1001 3067 1214 3122 sublata
1249 3075 1398 3122 sunt.

2085 572 2366 642 βασιλείας
2398 571 2688 635 ἐπιϐάντος
2719 568 2887 642 κυροῦ
2914 568 3232 640 Νικηφόρου
3264 566 3515 620 τεθεῖσαν
3559 582 3638 618 νο-

2084 663 2365 736 μοθεσίαν,
2400 661 2580 717 αἰτίαν
2618 662 2712 716 καὶ⁵
2749 661 2906 732 ῥίζαν
2927 660 3036 713 τῶν
3070 657 3359 727 παρόντων
3393 653 3638 723 γενέσθαι

2081 757 2292 823 κακῶν,
2347 755 2580 827 καὶτῆς
2632 753 3021 824 οίκουμενικῆς
3077 750 3282 820 ταύτης
3328 746 3638 816 ἀνατροπῆς

2080 855 2176 906 καὶ
2209 852 2547 923 συγχύσεως,
2578 848 2674 904 ἀτε
2708 848 2784 920 μὴ
2815 847 2952 917 πρὸς
2977 843 3194 900 ἀδικίαν
3225 841 3322 896 καὶ
3353 839 3514 908 ὖδριν
3541 837 3643 890 τῶν

2082 945 2398 1016 ἐκκλησιῶν
2432 945 2596 1015 μόνον
2624 941 2858 997 καὶτῶν
2887 938 3104 1008 εὗαγῶν
3151 935 3336 998 οίκων,
3372 931 3514 986 ἀλλὰ
3557 929 3645 982 καὶ

2083 1040 2251 1094 αὐτοῦ
2285 1041 2382 1094 τοῦ
2404 1037 2541 1093 Θεοῦ
2568 1037 2889 1108 γενομένην,
2912 1034 3086 1097 ἄλλως
3114 1049 3174 1087 τε
3204 1032 3299 1084 καὶ
3325 1028 3474 1098 ἔργῳ
3499 1021 3648 1077 τοῦτο

2085 1131 2472 1203 βεϐαιωθεῖσαν
2492 1130 2572 1198 (ἐξ
2590 1131 2716 1184 ὅτου
2728 1129 2837 1198 γὰρ
2859 1127 2926 1181 τὰ
2944 1126 3045 1196 τῆς
3067 1122 3325 1188 τοιαύτης
3341 1116 3650 1186 ἐκράτησαν

2090 1224 2414 1294 νομοθεσίας
2441 1221 2791 1278 οθδοπωσοῦν
2817 1216 3093 1273 ούδοτιοῦν
3133 1212 3370 1285 χρηστὸν
3405 1209 3537 1278 ἄχρι
3563 1205 3651 1259 καὶ

2083 1322 2330 1390 τήμερον
2353 1320 2432 1391 τῷ
2475 1317 2603 1372 καθ’
2654 1317 2802 1386 ἡμᾶς
2853 1313 3137 1383 ἀπήντησε
3173 1307 3302 1377 βίῳ,
3349 1301 3492 1357 ἀλλὰ
3534 1297 3652 1352 τοῦ-

2086 1413 2300 1468 ναντίον
2349 1411 2634 1481 συμφορᾶς
2671 1407 2876 1478 μᾶλλον
2931 1405 3188 1458 ἐπέλιπεν
3223 1397 3361 1460 εἶδος
3391 1396 3532 1454 ὅλως
3566 1392 3654 1445 ού-

2085 1505 2216 1574 δὲν),
2257 1504 2503 1568 θεσπίζει
2532 1502 2621 1556 διὰ
2655 1500 2748 1555 τοῦ
2783 1499 3052 1568 παρόντος
3095 1491 3486 1559 ἐνυπογράφου
3525 1501 3653 1555 χρυ-

2089 1598 2374 1654 σοεούλλου
2407 1597 2468 1651 τὸ
2510 1597 2610 1666 τὴν
2641 1592 2924 1664 παροῦσαν
2954 1588 3274 1661 νομοθεσίαν
3323 1582 3520 1655 ἀργεῖν
3551 1577 3652 1633 ἀπὸ

2086 1692 2186 1759 τῆς
2227 1688 2513 1760 παρούσης
2538 1687 2746 1758 ταύτης
2773 1686 3008 1756 ἡμέρας,
3032 1680 3236 1753 ἄκυρόν
3259 1695 3320 1731 τε
3351 1677 3449 1729 καὶ
3483 1671 3655 1742 ἀπρα-

2089 1800 2217 1836 κτον
2249 1781 2343 1835 τοῦ
2379 1779 2570 1835 λοιποῦ
2636 1777 2947 1848 διαμένειν·
3011 1773 3256 1845 ἐνεργεῖν
3294 1769 3353 1822 δὲ
3385 1767 3516 1828 τοὺς
3556 1761 3658 1834 πρὸ

2089 1874 2293 1944 ταύτης
2319 1873 2607 1943 κειμένους
2643 1870 2773 1942 περί
2806 1886 2867 1922 τε
2897 1867 3008 1922 τῶν
3059 1859 3371 1934 ἐκκλησιῶν
3413 1857 3510 1914 καὶ
3553 1855 3658 1910 τῶν

2087 1967 2301 2037 εὐαγῶν
2326 1965 2490 2020 οἴκων
2512 1961 2881 2035 νόμουςᾸῙρδς
2897 1959 3108 2019 τούτοις
3130 1957 3368 2026 γίνωσκε
3391 1951 3513 2024 (47)
3534 1947 3655 2003 ὅτιὸ

2087 2058 2558 2130 τρισμακάριστος
2597 2055 2849 2125 βασιλεὺς
2880 2052 3046 2118 κυρὸς
3071 2047 3332 2118 uncum
3369 2049 3398 2100 ὁ
3434 2045 3656 2113 Κομνη-

2091 2154 2181 2215 νος
2238 2151 2532 2221 διωρίσατο
2587 2150 2674 2203 διὰ
2739 2145 3087 2218 προστάξεως
3125 2140 3484 2210 ὲπιλυθείσης
3526 2135 3660 2190 κατά

2093 2245 2472 2314 Σεπτέμόριον
2528 2243 2673 2314 μῆνα
2726 2239 3064 2302 ὲνδικτιῶνος
3121 2238 3186 2303 ζ’,
3256 2235 3331 2306 μὴ
3383 2233 3533 2304 ἔχειν
3575 2228 3658 2282 ἑπ’

2095 2333 2280 2396 ἀδείας
2304 2332 2474 2396 τινας,
2515 2329 2773 2394 λαδόντας
2815 2331 2846 2401 ἦ
2891 2329 2984 2383 καὶ
3025 2325 3400 2397 λαμϐάνοντας
3462 2320 3662 2392 δωρεὰς

2092 2428 2370 2496 ἀκινήτων
2399 2429 2552 2495 παρά
2584 2422 2869 2494 βασιλέων,
2915 2421 3308 2491 παραπέμπειν
3366 2415 3539 2477 αὐτὰς
3573 2411 3662 2466 ἀλ-

2097 2515 2266 2587 λαχοῦ
2294 2531 2398 2570 που
2430 2515 2550 2570 καθ’
2595 2513 2896 2585 οίονδήτινα
2930 2513 3130 2584 τρόπον
3173 2513 3222 2564 εί
3264 2509 3338 2581 μὴ
3361 2510 3445 2571 είς
3496 2507 3662 2578 πρόσ-

2094 2626 2222 2664 ωπα
2257 2603 2364 2664 άπδ
2405 2612 2506 2681 τῆς
2539 2609 2841 2678 συγκλήτου
2873 2607 2904 2680 ἦ
2945 2606 3038 2662 τοῦ
3079 2602 3476 2677 στρατιωτικοῦ
3507 2619 3662 2657 κατα-

2095 2701 2258 2768 λόγου
2286 2703 2624 2771 τυγχάνοντα
2649 2717 2663 2733 ’
2692 2703 2739 2754 εί
2765 2701 2822 2755 δὲ
2854 2701 2929 2771 μὴ
2965 2700 3106 2753 οὕτω
3143 2699 3396 2770 γένηται,
3451 2699 3538 2752 ἵνα
3577 2713 3664 2749 πε-

2101 2793 2386 2864 ριέρχηται
2409 2793 2478 2846 τὰ
2503 2792 2734 2864 ἀκίνητα
2761 2795 2839 2857 είς
2863 2792 2923 2847 τὸ
2951 2792 3226 2863 δημόσιον.
3272 2787 3555 2853 Ὡσαύτως
3577 2787 3662 2843 καὶ

2097 2887 2241 2940 κατά
2283 2886 2376 2940 τὸν
2439 2887 2804 2956 Φεϐρουάριον
2850 2885 2994 2957 μῆνα
3069 2888 3171 2956 τῆς
3223 2890 3274 2955 γ’
3332 2882 3660 2945 ίνδικτιῶνος

2099 2977 2291 3046 Νεαρὰ
2315 2977 2606 3046 νομοθεσία
2630 2978 2820 3047 γέγονε
2839 2977 2930 3032 τοῦ
2962 2976 3127 3032 αὐτοῦ
3153 2977 3248 3048 τῆς
3276 2976 3453 3046 αὐτῆς
3482 2973 3658 3046 σχεδὸν

2097 3069 2473 3139 περιλήψεως.
2519 3070 2714 3126 Ἀιινα
2752 3071 2818 3142 δὴ
2853 3070 3256 3142 προστάγματα
3317 3069 3657 3142 ἀνῃρέθησαν

415 3160 504 3211 διὰ
541 3161 1006 3232 μεταγενεστέρου
1067 3162 1466 3232 χρυσοσούλλου
1523 3161 1619 3216 τοῦ
1669 3162 1789 3217 ιιίοῦ
1824 3163 1992 3218 αύτοῦ
2040 3165 2276 3233 Ἀλεξίου
2300 3166 2662 3230 ἀπολυθέντος
2692 3165 2831 3220 κατά
2857 3166 3005 3238 μῆνα
3057 3165 3394 3237 Δεκέμϐριον
3433 3165 3557 3234 ,ντῆς
3617 3175 3649 3214 α

419 3258 750 3320 ίνδικτιῶνος
772 3257 867 3313 τοῦ
897 3263 1065 3330 ςχι,α⁰
1097 3259 1271 3324 ἔτους.

486 3344 652 3424 33ᾱ
683 3351 932 3408 ZONAR.
969 3353 1070 3419 Qui
1106 3353 1441 3408 monasteria
1472 3360 1782 3418 exstruere,
1815 3370 1877 3408 ac
1900 3370 1992 3425 per
2019 3355 2062 3416 (ἶ

417 3461 480 3501 ea
512 3461 642 3501 suas
671 3443 961 3502 facultates
998 3447 1106 3500 Deo
1131 3442 1315 3501 dicare
1347 3446 1560 3511 volunt,
1592 3447 1702 3503 illis
1752 3448 1992 3502 aediﬁca-

421 3540 622 3592 tionem
651 3535 920 3601 incboari,
951 3537 1053 3591 nisi
1077 3537 1366 3607 episcopus
1400 3539 1505 3595 loci
1553 3553 1610 3593 re
1645 3540 1862 3607 cOgnita
1895 3553 1993 3608 po-

420 3639 674 3683 tcs'tem
718 3628 929 3692 fecerit,
957 3643 1018 3682 ac
1052 3630 1327 3685 solemnes
1361 3633 1706 3700 precationes
1735 3632 1995 3685 adhibue-

419 3723 514 3783 rit.
549 3721 703 3776 nullo
729 3723 890 3774 modo
915 3720 1004 3776 bic
1032 3737 1207 3776 canon
1245 3722 1415 3778 lit-ere
1463 3723 1728 3778 decernit.
1778 3725 1854 3778 Ita
1897 3725 1992 3781 de-

420 3827 569 3865 mum
599 3811 993 3864 monasterium
1025 3810 1242 3880 quidem
1291 3813 1500 3868 absolvi
1541 3854 1557 3877 ,
1610 3814 1806 3871 deinde
1863 3831 1994 3871 vero

420 3902 589 3955 Breve
621 3900 768 3954 fieri:
803 3909 857 3954 et
886 3901 938 3954 in
971 3915 1038 3955 co
1072 3911 1185 3954 tum
1225 3903 1619 3958 monasterium
1653 3905 1852 3974 ipsum,
1877 3914 1988 3959 tum

420 3994 752 4048 monasterio
783 3993 1076 4047 attributas
1111 3997 1491 4060 possessiones
1519 3995 1790 4061 describi,
1828 3996 1986 4051 illud-

417 4100 526 4150 que,
551 4083 742 4148 Breve,
778 4099 844 4138 ne
876 4084 1005 4152 quid
1038 4084 1090 4137 in
1128 4095 1408 4152 posterum
1439 4099 1467 4137 a
1503 4087 1818 4142 monasterii
1860 4102 1992 4140 con-

419 4176 596 4230 ditore
625 4176 830 4231 auferri
865 4177 1048 4241 liceat,
1079 4193 1142 4232 ex
1177 4177 1243 4231 iis
1275 4193 1396 4246 qua:
1423 4177 1476 4232 in
1508 4179 1822 4248 eoipsemet
1853 4195 1990 4234 con-

419 4267 679 4334 secravit,
712 4267 766 4322 in
821 4267 1028 4322 a-dibus
1061 4268 1470 4338 episcopalibus
1499 4272 1768 4325 asservari
1808 4271 1988 4338 jubet.

422 4362 554 4427 Qum
582 4361 782 4415 etenim
810 4360 951 4414 bona
993 4361 1100 4416 Deo
1136 4360 1406 4430 quispiam
1449 4376 1547 4431 per
1597 4364 1988 4423 monasterium

421 4453 647 4518 addixit,
678 4467 867 4507 eorum
900 4452 1006 4507 sibi
1030 4454 1144 4522 ipse
1182 4451 1582 4521 possessionem
1624 4469 1840 4508 omnem
1893 4455 1988 4508 ab-

415 4545 702 4615 }udicavit,
729 4561 791 4599 ac
825 4545 1044 4599 illorum
1082 4544 1340 4598 dominus
1367 4558 1491 4599 esse
1524 4545 1636 4613 jam
1669 4546 1852 4611 desiit.
1873 4547 1988 4611 Qua

424 4641 639 4695 ratione
671 4640 838 4710 igitur
870 4639 935 4693 de
967 4638 1075 4692 illis
1104 4638 1402 4708 quidquam
1437 4653 1505 4692 ex
1539 4653 1606 4693 eo
1628 4646 1896 4709 tempore,
1927 4654 1990 4692 ac

2172 3351 2420 3408 ΖΩΝΛΡ.
2472 3347 2533 3409 Ὀ
2558 3352 2738 3407 κανὼν
2766 3347 2923 3416 οὗτος
2953 3349 3079 3415 τοὺς
3108 3351 3469 3423 βουλομένους
3513 3369 3660 3423 μονα-

2103 3449 2298 3515 στὴρια
2325 3447 2583 3516 συνιστᾷν
2611 3445 2705 3500 καὶ
2733 3437 2997 3514 ἀφιεροῦν
3026 3447 3093 3498 δι’
3122 3444 3304 3498 αὐτῶν
3340 3443 3442 3509 τάς
3463 3444 3660 3508 οἰκείας

2100 3537 2416 3607 περιουσίας
2449 3529 2570 3606 Θεῷ
2598 3535 2808 3589 κελεύει
2833 3535 2907 3606 μὴ
2931 3535 3107 3599 ἄλλως
3121 3535 3379 3590 δύνασθαι
3400 3535 3658 3607 ἄρχεσθαι

2099 3629 2199 3699 τῆς
2247 3631 2342 3683 τοῦ
2378 3629 2746 3698 μοναστηρίου
2797 3628 3110 3697 οἰκοδομῆς,
3167 3629 3214 3682 εί
3265 3626 3340 3698 μὴ
3377 3630 3436 3682 ὲν
3471 3628 3656 3697 γνώσει

2098 3724 2389 3791 γενόμενος
2429 3722 2456 3774 ὁ
2487 3719 2786 3782 ἐπίσκοπος
2830 3722 2856 3773 ὁ
2880 3722 3020 3774 κατά
3055 3721 3219 3774 τόπον
3239 3721 3529 3792 ἐπιτρέψει
3565 3719 3656 3788 τὴν

2097 3815 2410 3887 οἰκοδομὴν,
2439 3815 2670 3886 ποιήσας
2702 3815 2797 3868 καὶ
2826 3814 2924 3885 τὴν
2948 3814 3306 3885 ὀφειλομένην
3337 3814 3526 3884 εὐχήν.
3559 3813 3655 3864 Καὶ

2097 3906 2240 3960 οὕτω
2287 3907 2347 3960 τὸ
2375 3907 2474 3977 μὲν
2503 3905 2922 3977 ἀπαρτίζεσθαι,
2951 3905 3168 3976 βρέἥιον
3193 3906 3248 3959 δὲ
3274 3905 3545 3975 γίνεσθαι,
3569 3904 3653 3956 καὶ

2097 4003 2156 4054 ὲν
2185 3999 2379 4070 ἐκείνῳ
2405 3999 2536 4053 αὑτό
2588 4015 2645 4052 τε
2674 4000 2735 4052 τὸ
2781 4001 3144 4069 μοναστὴριον
3183 3997 3650 4067 καταγράφεσθαι,

2097 4096 2188 4146 καὶ
2213 4091 2282 4146 τὰ
2320 4090 2469 4162 αὐτῷ
2491 4091 2766 4163 ἀνήκοντα
2798 4090 2996 4154 πάντα,
3045 4091 3142 4143 καὶ
3171 4089 3390 4160 βρὲϐιον
3428 4091 3496 4159 τῇ
3543 4089 3650 4141 ἑπι-

2097 4181 2274 4252 σκοπῇ
2313 4180 2748 4244 ἐναποτίθεσθαι,
2782 4178 2922 4233 ὥστε
2958 4179 3031 4248 μή
3071 4189 3123 4232 τι
3173 4177 3437 4232 δύνασθαι
3477 4176 3649 4230 ἔκτοτε

2093 4275 2188 4328 τοῦ
2221 4275 2587 4344 μοναστηρῖου
2628 4273 2902 4342 δομήτορα
2929 4267 3275 4342 ἀφαιρεῖσθαί
3311 4287 3363 4323 τι
3395 4270 3505 4324 τῶν
3533 4265 3649 4336 παρ’

2097 4365 2264 4418 αὐτοῦ
2295 4363 2789 4434 ἀφιερωθέντωνὲν
2822 4361 2986 4432 αὐτῷ.
3028 4363 3093 4415 Ἃ
3124 4363 3232 4432 γάρ
3278 4379 3365 4426 τις
3417 4363 3494 4432 τῷ
3545 4358 3651 4427 Θεῷ

2096 4461 2185 4514 διὰ
2216 4457 2314 4526 τῆς
2341 4453 2511 4526 μονῆς
2543 4455 2914 4519 ἀνατέθεικεν,
2948 4456 3257 4518 ἀπεξὲνωσε
3287 4457 3387 4525 τῆς
3415 4456 3650 4522 ἐξουσίας

2097 4548 2318 4613 ἑαυτοῦ,
2351 4547 2446 4600 καὶ
2473 4547 2659 4600 οὐκέτι
2679 4545 2868 4615 κύριος
2891 4546 3072 4598 αὐτῶν
3103 4546 3240 4599 ἐστι.
3271 4546 3395 4607 Πῶς
3438 4540 3531 4597 οὗν
3575 4538 3652 4594 ἐπ’

2100 4641 2282 4702 αὐτοῖς
2336 4657 2387 4692 τι
2433 4639 2509 4701 ὡς
2569 4637 2836 4708 δξσεὸτης
2883 4636 3068 4692 ἔκτοτε
3099 4637 3387 4708 δυνήσεται
3433 4635 3653 4705 διαπρά-

424 4732 470 4786 si
495 4704 751 4787 dominus
787 4731 969 4785 adhuc
997 4704 1162 4793 esset,
1185 4704 1521 4784 constituere
1551 4704 1794 4798 poterit?
1817 4728 1988 4794 Quin-

2100 4732 2298 4798 ξασθαι
2322 4748 2336 4797 ;
2363 4728 2633 4784 Τοσοῦτον
2657 4731 2723 4782 δὲ’
2747 4704 2910 4782 αύτὸν
2958 4704 3312 4798 ἀπαλλοτριοί
3359 4731 3459 4796 τῆς
3497 4725 3653 4800 μονῆς

422 4826 533 4877 imo
569 4838 813 4891 eousque
842 4837 1018 4876 canon
1047 4823 1114 4875 ab
1138 4821 1260 4890 ejus
1290 4822 1608 4876 monasterii
1643 4821 1994 4876 administra-

423 4917 574 4970 tione
603 4915 880 4968 hominem
917 4925 1186 4969 remotum
1217 4929 1337 4968 esse
1361 4914 1537 4984 jubet,
1560 4923 1615 4967 ut
1642 4929 1814 4984 neque
1844 4913 1993 4968 illum

424 5004 742 5059 monasterii
775 5002 1088 5073 prtefectum
1113 5043 1128 5066 ,
1167 5005 1270 5058 nisi
1307 5004 1373 5056 de
1423 5003 1663 5072 episcopi
1700 5004 1992 5068 sententia,

422 5097 622 5160 creari,
648 5109 749 5149 nec
774 5095 939 5148 alium
961 5096 1079 5165 ejus
1108 5096 1229 5149 loco
1259 5094 1572 5164 prazlecuun
1606 5095 1675 5148 ab
1698 5109 1763 5149 co
1791 5095 1998 5149 consti-

423 5187 501 5241 t-ui
537 5185 800 5256 patiatur.
839 5183 1074 5250 Etenim,
1107 5185 1152 5238 si
1178 5201 1299 5254 qua:
1331 5186 1535 5239 homini
1565 5185 1832 5254 quispiam
1885 5185 1988 5238 lar-

422 5281 566 5349 gitus
594 5288 697 5341 est,
727 5285 1015 5346 postquam
1040 5276 1130 5342 ju-s
1159 5277 1520 5346 possessionis
1557 5277 1609 5330 in
1645 5277 1810 5330 alium
1850 5277 1990 5345 ipse~

424 5377 532 5422 met
565 5367 874 5431 transtulit,
894 5368 1129 5435 amplius
1157 5368 1371 5422 auferre
1399 5368 1518 5421 sine.
1545 5383 1732 5431 causa,
1765 5369 1857 5438 qui
1891 5369 1987 5422 do-

422 5462 592 5525 navit,
624 5461 764 5514 baud
792 5468 1010 5529 potest;
1045 5474 1156 5530 quo
1187 5460 1326 5530 jure,
1359 5477 1478 5530 qua:
1507 5460 1612 5515 Deo
1637 5463 1811 5516 dicata
1837 5471 1984 5526 sunt,

2098 4827 2126 4876 ὀ
2161 4822 2360 4885 κανὼν,
2413 4821 2554 4875 ὥστε
2607 4821 2726 4874 οὐδὲ
2775 4820 3078 4890 ἡγούμενον
3125 4820 3286 4874 αὐτὸν
3335 4818 3654 4890 ὲᾷ;γίνεσθαι

2096 4916 2197 4984 τῆς
2226 4914 2393 4983 μονῆς
2426 4912 2579 4984 παρά
2607 4911 2836 4982 γνώμην
2869 4912 2967 4965 τοῦ
3000 4911 3325 4975 ἐπισκόπου,
3380 4912 3496 4965 οὐδὲ
3544 4909 3649 4962 ἔτε-

2105 5022 2196 5076 ρον
2235 5005 2350 5058 ἀνθ’
2387 5003 2580 5058 ἑαυτοῦ
2625 5002 2932 5072 ἡγούμενον
2968 5002 3436 5074 προχειρίζεσθαι.
3464 5001 3522 5054 Εί
3551 5000 3649 5068 γὰρ

2102 5093 2171 5148 τά
2218 5093 2530 5164 ἀνθρώποις
2573 5093 2896 5162 δωρούμενα
2947 5093 3130 5146 οὐκέτι
3186 5089 3444 5152 ἀναιτίως
3475 5085 3649 5157 ἀφελέ-

2102 5189 2230 5242 σθαι
2262 5192 2290 5243 ὁ
2318 5189 2707 5260 δωρησάμενος
2741 5188 2986 5250 δύναται,
3013 5187 3114 5259 τὴν
3147 5185 3467 5239 δεσποτείαν
3489 5181 3648 5247 τούτῳ

2098 5281 2186 5350 ἐφ’
2249 5281 2436 5351 ἕτερον
2465 5281 2557 5348 ἀφ’
2595 5278 2797 5334 ἑαυτοῦ
2851 5276 3126 5350 μεταθεὶς,
3162 5277 3278 5340 πῶς
3325 5275 3397 5330 τά
3443 5273 3518 5346 τῷ
3543 5269 3646 5338 Θεῷ

2098 5374 2501 5442 ἀνατεθειμένα
2553 5373 2891 5444 ὑφαρπάσει,
2951 5372 3049 5425 καὶ
3093 5366 3250 5432 αὖθις
3307 5371 3442 5440 πρὸς
3473 5363 3646 5420 ἑαυτὸν

2099 5467 2466 5519 ἐπισπάσεται
2495 5467 2593 5536 τὴν
2621 5465 2800 5519 αὐτῶν
2831 5465 3127 5536 κυριότητα
3155 5479 3170 5530 ;
3206 5462 3316 5516 Καὶ
3363 5459 3558 5533 βισλίον
3594 5456 3643 5509 δὲ

1257 5626 1289 5650 .
1651 5599 1838 5662 Guill.
1880 5603 2206 5680 Bcreregii
2251 5610 2440 5668 notua.

497 5745 606 5829 (iii)
639 5747 793 5813 Πρὸς
823 5747 1058 5814 τούτοις
1083 5745 1358 5818 γίνωσκε.
1394 5745 1516 5803 Ιῐπς
1549 5763 1722 5821 usque
1744 5749 1811 5805 ad
1836 5747 1988 5803 ﬁnem

2093 5748 2208 5819 :Ij-us
2263 5750 2730 5829 interpretationis
2803 5752 2864 5808 in
2948 5750 3135 5808 codice
3223 5743 3636 5806 Amerbacbiano

425 5815 732 5871 desiderant
742 5833 825 5872 ur.
