3972 6488
309 392 448 457 1013

1446 389 1528 451 ΙΝ
1548 390 1727 451 CAN.
1768 391 1826 450 Il’
1867 392 2079 454 CUNC.
2120 393 2325 455 Cl‘OL.

3416 385 3555 449 1u1t

304 510 413 562 τῶν
436 504 743 560 Βασιλικῶν
767 500 830 570 δ’,
856 501 959 557 τίτ.
984 502 1057 567 α’,
1088 503 1384 572 κεφάλαιον
1408 503 1480 569 α’,
1502 506 1671 576 ἤγουν
1697 503 1886 573 Νεαρά

2054 520 2199 575 pere,
2230 505 2472 574 atquein
2503 519 2695 559 eorum
2743 500 3145 573 possessionem
3197 514 3320 554 sese
3366 512 3558 552 rursus

304 607 369 665 ε’,
413 599 546 671 περί
580 601 876 671 οἰκοδομῆς
915 602 1303 671 μοναστηρίων
1334 600 1606 666 θεσπίζει,
1663 599 1761 653 καί.
1806 598 1887 671 βι-

305 696 458 750 ϐλίον
491 695 553 763 ε’,
587 695 762 761 τίτλος
795 694 862 768 β’,
897 697 1190 766 κεφάλαιον
1223 696 1304 752 ιδ’.

309 962 533 1016 ΑΡΙΣΤ.
598 981 616 1015 ι
664 963 824 1033 Παρὰ
877 964 1107 1034 γνώμην
1169 962 1265 1017 τοῦ
1346 962 1653 1017 ἐπισκόπου
1698 962 1889 1034 μηδενὶ

391 1078 411 1106 ι
475 1054 681 1120 ἐξέστω
717 1057 1081 1126 μοναστήριον
1110 1055 1451 1127 οἰκοδομεῖν
1484 1054 1683 1117 εἰδότος
1712 1054 1769 1108 δέ
1800 1057 1891 1109 καὶ

392 1166 413 1200 ι
459 1147 628 1218 εὐχὴν
651 1147 955 1214 τελοῦντος,
984 1148 1047 1201 τὸ
1070 1147 1289 1201 κτισθὲν
1316 1147 1455 1217 μετά
1473 1147 1584 1200 τῶν
1605 1145 1753 1216 αὑτῷ
1780 1147 1894 1201 δια-

390 1260 409 1291 ι
464 1238 743 1311 φερόντων
763 1240 966 1311 βρεϐίῳ
987 1239 1371 1310 ἐγγραφὲσθω,
1398 1239 1492 1294 καὶ
1520 1243 1585 1312 τῇ
1618 1242 1890 1312 ἐπισκοπῇ

387 1352 407 1384 ι
455 1333 878 1387 ἐναππιθέσθω·
909 1335 1003 1386 καὶ
1033 1334 1185 1405 παρὰ
1214 1332 1441 1404 γνώμην
1471 1334 1564 1387 τοῦ
1591 1335 1893 1389 ἐπισκόπου

392 1443 412 1475 ι
466 1425 542 1496 μὴ
563 1424 771 1491 ἐξέστω
789 1424 867 1494 τῷ
888 1424 1136 1480 κτίσαντι
1166 1425 1199 1496 ἢ
1229 1426 1640 1497 ἠγουμενεύειν,
1670 1424 1702 1497 ἢ
1728 1424 1896 1496 ἡγοῦ·

395 1532 413 1564 ι
466 1530 632 1584 μενον
657 1516 857 1569 ποιεῖν.
905 1533 926 1567 ι

932 1697 1173 1751 ΚΑΝΩΝ
1205 1698 1283 1754 B'.

406 1787 624 1858 Ἐπειδὴ
656 1806 802 1853 τινες
831 1789 921 1844 τὸν
958 1790 1170 1861 μονήρη
1239 1791 1353 1860 βίον
1405 1792 1734 1846 ὑποδύεσθαι
1766 1811 1898 1865 σχη-

395 1896 417 1930 ι
465 1880 808 1949 ματίζονται,
841 1883 940 1952 οὐχ
962 1882 1052 1936 ἵνα
1083 1882 1202 1953 Θεῷ
1231 1883 1490 1955 καθαρῶς
1511 1884 1891 1950 δουλεύσωσιν,

398 1988 419 2021 ι
469 1970 588 2023 ἀλλ’
613 1971 703 2025 ἴνα
730 1974 792 2042 τῇ
831 1973 1126 2045 σεμνότητι
1156 1973 1251 2028 τοῦ
1303 1977 1583 2047 σχήματος
1613 1976 1772 2042 δόξαν
1812 1978 1900 2030 εὖ-

399 2081 417 2114 ι
466 2062 686 2127 λαϐείας
712 2065 1084 2134 προσλάϐωσι,
1121 2068 1352 2121 καὶτῶν
1402 2069 1620 2123 οἰκείων
1648 2070 1899 2123 ἐντεῦθεν

400 2175 418 2207 ι
456 2157 661 2228 ἡδονῶν
698 2160 933 2227 ἄφθονον
983 2161 1261 2232 εὑρήσωσι
1300 2162 1399 2231 τὴν
1424 2162 1725 2217 ἀπόλαυσιν
1767 2163 1900 2232 (τῶν

399 2267 420 2301 ι
465 2248 671 2319 τριχῶν
698 2249 809 2321 γάρ
845 2250 1016 2320 μόνην
1043 2251 1143 2321 τὴν
1172 2251 1446 2322 ἀποϐολὴν
1475 2251 1810 2323 ποιούμενοι,
1842 2254 1900 2306 ἐν

319 2374 327 2383 .
402 2358 420 2389 ι
466 2340 580 2402 τοῖς
609 2340 832 2403 οἰκείοις
853 2340 1024 2405 οἴκοις
1047 2343 1464 2413 παρεδρεύουσι,
1495 2343 1765 2413 μηδεμίαν
1793 2345 1901 2398 τῶν

400 2449 418 2482 ι
469 2432 721 2501 μοναχῶν
744 2434 1190 2504 ἀποπληροῦντες
1219 2436 1598 2509 ἀκολουθίανῆ
1631 2439 1901 2492 κατάστα-

404 2541 423 2572 ι
467 2524 595 2590 σιν)⁶
623 2522 825 2594 ὥρισεν
856 2527 890 2595 ἠ
923 2526 1052 2596 ἁγία
1094 2528 1312 2592 σύνοδος
1348 2529 1554 2600 μηδένα
1581 2530 1691 2583 τῶν
1724 2531 1900 2584 ἀπάν-

402 2634 421 2664 ι
467 2632 576 2669 των
603 2616 699 2669 τοῦ
741 2618 1037 2687 μοναχικοῦ
1066 2620 1349 2691 σχήματος
1379 2623 1564 2687 ἀξιοῦν
1599 2624 1730 2677 ἄνευ
1754 2642 1867 2697 παρ
1886 2658 1897 2667 -

399 2724 419 2756 ι
468 2706 659 2769 θυσίας
713 2709 806 2761 τοῦ
854 2708 1159 2778 ὀφείλοντος
1218 2714 1381 2767 αὑτὸν
1463 2718 1544 2780 είς
1616 2718 1898 2791 ὑποταγὴν

409 2817 428 2849 ι
473 2797 852 2869 ἀναδέχεσθαι,
883 2801 979 2854 καί
1009 2803 1108 2874 τὴν
1136 2804 1223 2857 ἐπ’
1278 2806 1426 2877 αὑτῷ
1459 2810 1758 2879 ἠγεμονίαν
1809 2814 1901 2866 καὶ

401 2906 421 2938 ι
467 2889 566 2957 τῆς
588 2890 828 2961 ψυχικῆς
857 2892 1021 2947 αὑτοῦ
1046 2896 1319 2968 σωτηρίας
1341 2900 1441 2971 τὴν
1461 2901 1717 2973 πρόνοιαν
1735 2905 1904 2973 ἐπαγ-

407 3002 425 3033 ι
472 2983 780 3051 γέλλεσθαι,
814 2986 1006 3056 ἀνδρὸς
1031 2987 1183 3053 ὄντος
1210 2991 1453 3060 δηλονότι
1475 2992 1779 3063 θεοφιλοῦς,
1808 3000 1903 3050 καὶ

406 3096 424 3123 ‹
473 3078 641 3146 μονῆς
678 3082 1102 3152 προεστηκότος,
1136 3084 1231 3136 καὶ
1256 3085 1441 3138 ἱκανοῦ
1485 3085 1681 3152 σώζειν
1721 3089 1901 3160 ψυχὴν

408 3186 425 3216 ι
474 3168 675 3237 ἀρτίως
697 3170 775 3239 τῷ
802 3171 923 3241 Θεῷ
956 3174 1397 3246 προσαγομένην.
1433 3179 1495 3231 Εἰ
1525 3180 1580 3233 δέ
1612 3196 1696 3243 τις
1718 3199 1904 3252 φωρα-
1932 3204 1974 3261 c

403 3279 421 3309 ι
476 3261 592 3328 θείη
621 3264 1010 3335 ἀποκουρεύων
1038 3268 1158 3321 τινὰ
1188 3269 1357 3339 χωρὶς
1384 3271 1685 3340 παρουσίας
1701 3271 1795 3327 τοῦ
1820 3276 1902 3336 εἰς

401 3370 420 3400 ι
467 3352 745 3425 ὑποταγὴν
775 3356 940 3410 αὑτὸν
968 3358 1278 3427 ὀφείλοντος
1303 3361 1707 3431 ἀναλαμϐάνειν
1741 3366 1906 3433 ἡγου-

410 3463 427 3493 ι
480 3446 664 3512 μένου,
698 3446 891 3501 τοῦτον
918 3450 1015 3521 μὲν
1036 3451 1354 3522 καθαιρέσει
1376 3453 1907 3523 καθυποϐάλλεσθαι,

406 3555 424 3586 ι
473 3537 548 3600 ὡς
582 3539 918 3596 ἀπειθοῦντα
952 3545 1065 3605 τοῖς
1100 3543 1311 3607 κανόσι,
1348 3548 1443 3599 καὶ
1473 3548 1571 3618 τὴν
1605 3550 1906 3621 μοναδικὴν

407 3648 425 3678 ι
472 3629 724 3694 εὐταξίαν
777 3632 1101 3689 διαλύοντα·
1173 3637 1265 3691 τὸν
1325 3640 1383 3693 δὲ
1426 3642 1756 3711 παραλόγως
1812 3648 1907 3700 καὶ

410 3738 427 3768 ι
476 3722 727 3787 ἀτάκτως
756 3723 1238 3796 ἀποκουρευθέντα
1281 3732 1340 3783 ἐν
1390 3731 1637 3803 ὑποταγῇ
1670 3737 1766 3789 καὶ
1811 3755 1903 3806 μο-

410 3834 427 3862 ι
478 3815 778 3885 ναστηρίῳ,
810 3818 869 3871 ἐν
901 3812 945 3885 ᾧ
971 3820 1037 3872 ἂν
1065 3819 1261 3876 δ’κατὰ
1284 3823 1374 3875 τὸν
1414 3824 1579 3878 τόπον
1598 3827 1906 3892 ἐπίσκοπος

360 3912 363 3913 ⁷
412 3924 430 3953 ι
480 3904 783 3980 δοκιμάσῃ,
840 3909 1263 3979 παραδίδοσθαι.
1299 3915 1367 3970 Αἰ
1407 3915 1517 3986 γὰρ
1559 3917 1776 3985 ἄκριτοι
1813 3922 1909 3975 καὶ

409 4015 427 4047 ι
476 3998 795 4066 ἐπισφαλεῖς
833 4002 1142 4072 ἀποκουραὶ
1174 4006 1354 4059 καὶτὸ
1382 4008 1679 4077 μοναχικὸν
1720 4013 1908 4081 σχῆμα

407 4111 426 4143 ι
470 4091 779 4161 ἠτίμωσαν,
814 4096 908 4148 καὶ
937 4096 998 4149 τὸ
1031 4097 1125 4151 τοῦ
1160 4101 1398 4171 Χριστοῦ
1434 4103 1607 4172 ὄνομα
1661 4103 1909 4175 βλασφηο

411 4202 431 4233 ι
478 4185 697 4252 μεῖσθαι
731 4192 1121 4259 πεποιήκασιν.
1157 4211 1175 4243 ι

404 4276 599 4330 ΒΑΛΣ.
644 4276 709 4331 Ἥ
738 4280 797 4331 ἐν
828 4280 1119 4353 ὑποκρίσει
1168 4283 1431 4341 εὐλάϐεια
1456 4288 1709 4358 μεγάλως
1744 4307 1911 4344 κατα-

329 4369 586 4440 κρίνεται
622 4373 716 4425 καί
746 4374 835 4427 διὰ
868 4374 1249 4443 εὐαγγελικῶν
1291 4379 1458 4434 θείων
1508 4382 1913 4452 παραγγελμά-

329 4480 463 4524 των,
502 4466 596 4517 καὶ
631 4464 722 4518 διὰ
756 4467 1047 4537 γραφικῶν
1101 4471 1477 4542 παραδόσεων.
1510 4476 1680 4527 Φασίν
1718 4475 1812 4528 οὖν
1857 4477 1907 4529 οἰ

331 4553 577 4624 Πατέρες
607 4555 704 4621 ὡς,

332 4646 751 4720 ὑπεισέρχονται
778 4653 869 4707 τὸν
892 4656 1105 4726 μονήρη
1140 4656 1279 4727 βίον,
1307 4658 1367 4710 οὑ
1394 4658 1485 4712 διὰ
1520 4660 1621 4729 τὴν
1647 4657 1739 4715 τοῦ
1771 4662 1909 4715 Θεοῦ

333 4739 584 4808 ἐντολὴν,
618 4742 753 4795 ἀλλά
786 4745 875 4797 διά
906 4745 1005 4817 τὴν
1036 4748 1343 4803 ἀπόλαυσιν
1381 4751 1491 4803 τῶν
1534 4752 1753 4807 οἰκείων
1793 4754 1913 4822 ἡδο-

332 4829 463 4893 νῶν,
495 4832 590 4884 καὶ
619 4833 705 4886 ἵνα
730 4836 837 4889 ἀπὸ
861 4839 1022 4907 μόνου
1053 4841 1148 4893 τοῦ
1180 4841 1337 4908 ἁγίου
1366 4844 1644 4913 σχήματος
1670 4847 1913 4915 σεμνῶν-

332 4939 422 4978 ται
454 4922 751 5002 (κάθηνται
788 4930 899 5002 γὰρ
932 4932 1024 4984 καὶ
1060 4934 1199 5002 μετὰ
1224 4933 1322 5005 τὴν
1352 4936 1669 5006 άπόκαρσιν
1700 4941 1782 5001 εἰς
1815 4942 1914 5003 τὰς

337 5021 610 5090 κοσμικὰς
666 5021 946 5085 κατοικίας
995 5023 1222 5092 αὐτῶν),
1289 5026 1463 5096 χρεών
1528 5029 1642 5081 ἐστι
1708 5031 1915 5100 μηδένα

336 5117 493 5181 παρά
523 5130 667 5175 τινος
719 5114 1133 5181 ἀποκείρεσθαι,
1196 5118 1244 5168 εἰ
1285 5119 1364 5188 μὴ
1417 5118 1561 5173 κατᾶ
1608 5124 1913 5191 παρουσίαν

339 5207 437 5257 τοῦ
473 5205 782 5271 ὀφείλοντος
816 5206 980 5259 αὑτὸν
1029 5209 1391 5272 ἀναδέξασθαι
1438 5214 1766 5282 ἡγουμένου,
1812 5215 1909 5266 καὶ

340 5297 635 5366 μέλλοντος
670 5299 971 5364 ματατάξαι
1003 5303 1071 5371 τῇ
1122 5301 1444 5373 ἀδελφότητι
1507 5304 1601 5359 τοῦ
1638 5324 1912 5376 μοναστη-

340 5389 458 5457 ρίου
487 5389 674 5442 αὑτοῦ.
710 5388 767 5441 ὐ
791 5390 847 5441 δὲ
865 5393 1016 5459 παρὰ
1038 5391 1135 5463 τὴν
1168 5393 1433 5464 διαταγὴν
1453 5396 1657 5461 ταύτην
1682 5400 1913 5465 ποιήσας

336 5477 649 5547 ἀπόκαρσιν
682 5478 1051 5549 καθαιρείσθω
1076 5497 1090 5510 ·
1125 5484 1219 5534 καί
1271 5486 1298 5535 ὀ
1327 5485 1627 5556 ἀποκαρείς
1666 5489 1745 5551 εἰς
1780 5491 1913 5543 ὑποο

342 5575 520 5642 ταγὴν
542 5571 637 5624 τοῦ
673 5572 1040 5643 μοναστηρίου
1082 5575 1448 5646 παραδοθήτω
1502 5579 1644 5631 κατὰ
1688 5579 1917 5651 δοκιμα-

338 5664 473 5717 σίαν
525 5662 619 5715 τοῦ
655 5662 982 5727 ἐπισκόπου,
1020 5665 1105 5717 ἵνα
1153 5665 1229 5735 μὴ
1278 5668 1343 5719 ἐκ
1392 5668 1489 5720 τοῦ
1531 5668 1757 5739 βλέπειν
1788 5674 1911 5736 τοὺς

338 5758 606 5820 ἀπίστους
636 5758 703 5811 τά
752 5758 981 5827 τοιαῦτα
1016 5760 1343 5831 τολμήματα
1392 5763 1778 5836 βλασφημῆται
1816 5768 1914 5837 μὲν

336 5851 395 5904 τὸ
424 5850 520 5905 τοῦ
549 5851 788 5922 Χριστοῦ
819 5851 1012 5921 ὄνομα,
1066 5854 1402 5919 ἀτιμάζηται
1445 5856 1618 5909 δὲκαὶ
1656 5857 1717 5908 τὸ
1758 5860 1914 5917 ἅγιον

1990 598 2274 652 insinuare
2301 597 2557 658 cuiquam
2589 595 2816 651 licebit?
2873 595 2946 648 De
2994 590 3341 647 monasteriis
3391 605 3558 660 porro

1990 686 2359 747 exstruendis,
2396 685 2536 740 libro
2563 700 2786 754 quoque
2824 683 3043 738 Basilic.
3081 690 3276 752 quarto
3308 720 3322 745 ,
3370 680 3453 735 tit.
3489 684 3507 732 ι
3542 720 3555 741 ,

1992 791 2117 847 cap.
2142 777 2339 845 primo,
2365 776 2465 831 hoc
2491 784 2594 841 est,
2618 774 2840 829 Novella
2867 774 3082 847 quinta,
3099 781 3155 826 et
3178 770 3319 830 libro
3342 768 3558 838 tluilllu,

1994 873 2081 926 tit.
2115 870 2384 925 secundo.
2415 881 2536 937 cap.
2570 869 2783 923 decimo
2818 873 3017 932 quarto
3052 863 3416 919 constitutum
3453 872 3557 914 cst.

1993 960 2221 1018 ARIST.
2277 978 2295 1012 ι
2348 957 2552 1013 Praeter
2616 956 2855 1027 episcopi
2891 955 3235 1026 lsententiam
3290 960 3565 1007 monaste-

2072 1075 2090 1109 ι
2126 1056 2265 1111 rium
2284 1063 2569 1109 exstruere
2586 1049 2789 1106 nemini
2811 1048 2989 1105 liceat.
3009 1047 3105 1102 Illo
3128 1056 3306 1101 autem
3336 1045 3563 1107 sciente,

2073 1169 2093 1203 ι
2131 1157 2185 1205 et
2216 1164 2408 1220 preces
2436 1138 2746 1218 peragente,
2787 1151 3150 1208 exstructum,
3186 1156 3291 1201 una
3323 1155 3445 1196 cum
3499 1139 3567 1192 iis

2074 1260 2093 1293 ι
2130 1256 2252 1309 quae
2282 1239 2349 1293 ad
2393 1239 2570 1308 ipsum
2600 1236 2896 1307 pertinent,
2924 1237 2977 1291 in
3002 1233 3157 1288 Brevi
3186 1230 3527 1286 describatur
3554 1269 3567 1291 ,

2077 1356 2094 1386 ι
2137 1342 2194 1389 et
2220 1333 2271 1387 in
2309 1331 2630 1401 episcopatu
2664 1338 2984 1398 reponatur.
3022 1325 3087 1379 Et
3144 1323 3245 1394 ipsi
3281 1323 3446 1377 etiam
3473 1314 3572 1375 ex?-

2078 1447 2096 1482 ι
2130 1425 2413 1489 strnctori,
2442 1426 2521 1479 vel
2548 1424 2804 1494 prmfecto
2822 1437 2963 1484 esse,
2986 1420 3070 1474 vel
3091 1418 3409 1489 praefectum
3442 1430 3572 1469 con-

2076 1542 2095 1576 ι
2134 1523 2400 1586 stituere,
2436 1525 2635 1585 praeter
2689 1513 2934 1585 episcopi
2983 1511 3335 1575 sententiam,
3393 1525 3460 1564 ne
3508 1508 3573 1562 li-

2085 1632 2103 1665 ι
2139 1621 2280 1668 ceat.
2322 1631 2339 1664 ι

2621 1695 2852 1754 CANON
2883 1696 2950 1752 ll.

2014 1819 2031 1851 ι
2071 1797 2343 1861 Quoniam
2386 1793 2636 1853 nonnulli
2679 1808 2741 1849 se
2776 1794 2941 1847 vitam
2990 1790 3349 1847 monasticam
3392 1788 3575 1843 subire

2081 1909 2099 1941 ι
2133 1905 2243 1959 prae
2271 1904 2329 1943 se
2360 1889 2562 1953 ferunt,
2590 1901 2700 1940 non
2731 1894 2789 1939 ut
2820 1884 2929 1939 Deo
2986 1899 3118 1954 pure
3152 1884 3391 1938 serviant
3418 1923 3433 1946 ,
3481 1881 3574 1937 sed

2081 2003 2097 2034 ι
2137 1991 2195 2036 ut
2219 1990 2441 2052 propter
2466 1980 2686 2035 habitus
2718 1980 3058 2034 honestatem
3100 1978 3318 2047 pietatis
3364 1976 3572 2044 opinio-

2076 2095 2092 2124 ι
2134 2090 2257 2129 nem
2294 2082 2727 2142 consequantur,
2755 2079 2809 2126 et
2835 2087 2898 2127 ea
2937 2071 3154 2125 ratione
3210 2067 3446 2138 propriis
3480 2082 3577 2120 vo.

2082 2188 2098 2218 ι
2142 2166 2443 2235 luptatibus
2476 2166 2644 2220 libere
2682 2165 2936 2222 fruantur
2966 2164 3245 2234 (solorum
3276 2163 3419 2219 enim
3445 2160 3581 2229 pilo-

2082 2277 2099 2309 ι
2139 2274 2256 2311 rum
2284 2259 2499 2329 jactura
2534 2257 2697 2322 facta,
2733 2255 2968 2326 propriis
2990 2253 3243 2308 domibus
3298 2251 3575 2314 assident,

2080 2370 2097 2401 ι
2141 2350 2344 2406 nullam
2371 2348 2693 2405 monasticae
2725 2347 2849 2403 vitae
2901 2343 3433 2402 administrationem
3491 2341 3573 2397 vel

2084 2465 2101 2497 ι
2140 2443 2588 2500 constitutionem
2620 2438 2942 2511 implentes)
2982 2457 2996 2493 :
3027 2437 3220 2497 statuit
3269 2441 3457 2490 sancta
3490 2448 3579 2504 sy-

2084 2558 2101 2589 ι
2139 2537 2340 2604 nodus,
2374 2551 2443 2592 nc
2469 2535 2612 2591 ullus
2643 2533 2869 2589 omnino
2900 2531 3203 2587 monastico
3255 2529 3445 2584 habitu
3499 2526 3580 2580 di-

2085 2651 2102 2683 ι
2144 2647 2284 2700 guns
2316 2636 2627 2693 censeatur,
2658 2628 2776 2681 sine
2803 2626 3091 2697 praesentia
3149 2623 3269 2692 ejus
3300 2621 3393 2691 qui
3429 2621 3579 2675 illum

2084 2744 2101 2774 ι
2137 2724 2298 2779 debet
2326 2724 2391 2778 ad
2419 2721 2786 2777 obedientiam
2811 2717 3115 2786 suscipere,
3139 2726 3193 2771 et
3217 2732 3275 2769 se
3305 2715 3580 2785 principa-

2085 2833 2101 2864 ι
2141 2824 2254 2868 tum
2300 2814 2352 2865 in
2388 2812 2538 2866 illum
2565 2810 2918 2865 obtenturum
2949 2816 3003 2862 et
3025 2807 3145 2877 ejus
3174 2807 3369 2860 animae
3389 2805 3580 2858 salutis

1998 2929 2010 2945 -
2084 2924 2103 2957 ι
2140 2920 2325 2961 Curam
2359 2914 2642 2975 gesturum
2675 2900 2915 2972 proﬁteri
2946 2938 2961 2963 ,
2988 2900 3079 2969 qui
3109 2900 3318 2954 scilicet
3367 2907 3451 2951 est
3499 2898 3583 2951 vir

2086 3018 2104 3048 ι
2146 2996 2288 3066 pius,
2324 3003 2378 3049 et
2432 3002 2632 3063 praeest
2668 2992 3028 3058 monasterio,
3062 2999 3116 3046 et
3147 2999 3228 3045 est
3260 2989 3491 3043 idoneus
3514 2988 3580 3041 ad

2083 3108 2100 3141 ι
2139 3088 2464 3144 servandam
2492 3086 2730 3141 animam
2757 3100 2877 3153 qua:
2904 3084 3068 3138 modo
3100 3084 3209 3137 Deo
3241 3081 3489 3136 offertur.
3524 3079 3580 3134 Si

2087 3200 2104 3232 ι
2145 3182 2270 3251 quis
2299 3193 2483 3235 autem
2507 3178 2879 3248 deprehensus
2898 3177 3055 3232 fuerit
3079 3177 3314 3245 aliquem
3334 3174 3580 3237 tondere,

2090 3293 2107 3325 ι
2147 3275 2268 3329 sine
2301 3270 2587 3343 praesentia
2620 3270 2884 3339 praefecti,
2920 3269 3014 3338 qui
3074 3269 3252 3337 ipsum
3301 3267 3461 3321 debet
3516 3267 3581 3317 ad

2089 3386 2108 3418 ι
2151 3364 2520 3421 obedientiam
2548 3366 2851 3434 suscipere,
2887 3363 2977 3417 ille
3007 3361 3225 3431 quidem
3257 3359 3580 3427 depositioni

2088 3478 2106 3508 ι
2141 3456 2469 3525 subjiciatur
2520 3456 2697 3524 utqui
2730 3455 3036 3529 caminibus
3089 3468 3194 3507 non
3250 3459 3477 3521 pareat,
3535 3462 3580 3507 et

2084 3570 2102 3601 ι
2144 3548 2509 3606 monasticum
2540 3547 2789 3603 ordinem
2818 3549 2955 3602 bene
2984 3547 3348 3614 compositum
3383 3545 3579 3599 dissol-

2085 3663 2102 3695 ι
2146 3652 2232 3696 vat
2270 3661 2285 3697 :
2325 3642 2418 3713 qui
2457 3656 2586 3697 vero
2619 3641 2930 3697 inordinate
2963 3649 3017 3694 et
3074 3647 3270 3709 praeter
3318 3638 3585 3693 rationem

2090 3757 2109 3788 ι
2150 3746 2345 3793 tonsus
2399 3745 2506 3799 est,
2537 3734 2590 3788 in
2618 3734 3013 3801 subiectionem
3044 3731 3208 3786 etiam
3234 3730 3288 3783 in
3315 3740 3589 3784 monaste-

2091 3846 2107 3876 ι
2148 3828 2252 3891 rio,
2284 3828 2336 3879 in
2366 3841 2478 3895 quo
2525 3824 2673 3879 illius
2712 3824 2816 3879 luci
2879 3823 3175 3892 cpiscopus
3224 3821 3420 3876 melius
3468 3836 3587 3877 esse

2092 3941 2109 3971 ι
2146 3919 2383 3983 duxerit,
2413 3904 2681 3979 tradatur.
2716 3917 2866 3973 Citra
2907 3914 3179 3984 judicium
3234 3915 3379 3969 enim
3439 3914 3588 3969 iacta!

2091 4033 2108 4063 ι
2151 4022 2203 4067 et
2242 4012 2548 4066 temerariae
2580 4022 2819 4065 tonsurae
2850 4009 3211 4063 monasticnni
3244 4024 3460 4077 quoque
3488 4009 3589 4060 ha-

2089 4125 2106 4156 ι
2149 4105 2316 4157 bitum
2352 4101 2648 4172 ignominia
2673 4100 2994 4161 aﬂeccrnnt,
3022 4108 3077 4152 ct
3103 4142 3116 4165 ,
3154 4111 3212 4152 ιιι
3245 4100 3451 4155 Christi
3485 4115 3584 4152 no-

2091 4217 2108 4247 ι
2150 4212 2272 4250 men
2304 4194 2661 4262 blainheniiis
2695 4200 3065 4260 appeteretur,
3096 4192 3417 4246 cﬂecernnt.
3466 4210 3485 4242 ι

2085 4288 2277 4344 BALS.
2341 4286 2488 4341 Ficta
2546 4287 2719 4355 pictas
2780 4294 2835 4339 et
2890 4283 3222 4354 evangelicis
3280 4284 3586 4353 divinisque

2012 4383 2302 4454 praeceptis
2332 4392 2383 4437 et
2416 4381 2716 4448 Scriptura:
2749 4378 3143 4433 traditionibus
3181 4378 3338 4432 valde
3384 4378 3585 4431 conde-

2015 4486 2255 4531 mnatur.
2296 4475 2491 4531 Dicunt
2524 4489 2655 4543 ergo
2690 4473 2875 4527 Patres
2910 4513 2923 4534 ,
2961 4472 3107 4543 quod
3138 4472 3396 4540 quoniam
3453 4487 3583 4524 non!

763 4558 887 4613 ἐπεί
939 4578 1085 4625 τινες
1135 4563 1423 4618 εὐλάϐειαν
1490 4566 1905 4639 ὑποκρινόμενοι

2058 4569 2150 4623 υιιι
2177 4571 2432 4636 pietatem
2458 4568 2723 4636 tingentes
2754 4564 2920 4618 vitam
2950 4566 3304 4619 monasticam
3333 4565 3584 4628 subeunt,

2015 4676 2124 4714 non
2157 4667 2376 4728 propter
2410 4658 2500 4713 Dei
2541 4657 2875 4718 mandatum,
2909 4657 3005 4711 sed
3040 4664 3096 4709 ut
3148 4657 3262 4710 suis
3300 4656 3587 4725 voluptati—

2014 4751 2118 4804 bus
2151 4750 2427 4812 fruantur,
2461 4755 2516 4802 et
2548 4757 2605 4801 ιιι
2637 4763 2697 4802 se
2725 4746 2845 4801 solo
2876 4754 3067 4799 sancto
3100 4746 3284 4798 habitu
3318 4747 3588 4801 venditent

2017 4842 2250 4912 (sedent
2288 4841 2432 4895 enim
2464 4881 2478 4905 ,
2507 4841 2671 4893 etiam
2706 4846 2999 4907 postquam
3053 4840 3198 4893 tonsi
3255 4836 3499 4915 fuerint,
3538 4840 3587 4891 in
3688 4864 3698 4915 ε

2016 4935 2372 4999 saecularibus
2409 4938 2523 4988 Suis
2555 4932 3036 5001 habitationibus),
3076 4930 3348 4985 neminem
3378 4938 3587 4998 oportet

2016 5028 2084 5082 ab
2125 5027 2237 5079 ullo
2264 5027 2498 5091 tonderi,
2527 5026 2687 5099 335
2720 5026 2825 5081 nisi
2866 5029 2919 5079 in
2954 5023 3240 5094 praesentia
3278 5022 3586 5091 praepositi,

2014 5121 2106 5190 qui
2142 5120 2301 5174 debet
2331 5136 2451 5173 eum
2488 5122 2788 5188 suscipere,
2817 5120 2946 5173 etin
2984 5117 3298 5171 inonastcrii
3351 5117 3437 5171 sui
3480 5114 3588 5168 fra-

2018 5214 2331 5268 ternitatem
2369 5214 2546 5283 ipsum
2575 5220 2891 5280 recepturus
2921 5220 3030 5267 est.
3056 5210 3157 5276 Qui
3185 5219 3366 5264 autem
3403 5220 3586 5279 praeter

2017 5306 2159 5360 hanc
2189 5306 2641 5360 constitutionem
2673 5312 2954 5358 tonsuram
2988 5303 3196 5369 fecerit,
3236 5303 3540 5372 deponatur
3571 5318 3585 5355 :

2016 5412 2068 5454 ct
2094 5401 2188 5469 qui
2224 5409 2418 5455 tonsus
2452 5399 2615 5454 estin
2651 5397 2967 5451 monasterii
3031 5396 3423 5461 subiectionem
3478 5405 3581 5447 tra-

2016 5491 2200 5556 dulllt‘,
2233 5501 2291 5544 nt.
2320 5492 2611 5559 episc0pns
2647 5491 2839 5543 melius
2860 5489 3263 5558 essejudicabit
3287 5505 3301 5553 ;
3332 5504 3396 5542 ne
3418 5503 3582 5548 exeo.

2016 5584 2159 5649 quod
2194 5583 2438 5637 inﬁdeles
2471 5583 2756 5637 temeraria
2809 5582 3081 5650 ejusmodi
3140 5582 3277 5634 facta
3327 5581 3583 5645 videant,

2015 5676 2217 5729 Christi
2246 5673 2467 5742 quidem
2506 5688 2701 5727 numen
2740 5673 3095 5741 blasphemiis
3124 5680 3430 5739 appetatur,
3457 5686 3578 5725 san-

2019 5776 2143 5821 ctus
2176 5780 2396 5834 quoque
2434 5764 2652 5818 habitus
2683 5764 2975 5834 ignominia
3027 5762 3308 5815 aﬂiciatur.
3359 5762 3420 5814 Et
3474 5764 3575 5817 luet

2019 5859 2229 5930 quidem
2268 5856 2484 5929 quando
2523 5857 2640 5928 quis
2675 5870 2769 5925 per
2807 5854 3137 5926 hypocrisiin
3177 5863 3367 5909 tonsus
3405 5852 3565 5906 fuerit
