3972 6488
393 343 532 405 1L1!)

1656 350 1936 413 THEOD.
1984 349 2393 414 BALSAMON

3516 344 3649 411 1016

395 466 648 523 siautem
682 473 904 534 propter
947 445 1198 519 morbum
1258 462 1343 519 vel
1394 473 1619 535 propter
1675 479 1966 521 maerorem

2076 469 2288 539 σκῆμα.
2313 471 2422 524 Καὶ
2447 469 2618 524 ταῦτα
2644 469 2767 539 μὲν,
2795 472 2925 525 ὅταν
2951 489 3031 533 τις
3064 470 3187 525 καθ’
3210 469 3501 541 ὑπόκρισιν
3530 467 3655 521 ἀπσ-

394 561 499 614 hoc
524 556 738 621 fecerit,
778 559 1196 628 permitteturne
1232 567 1287 611 ut
1315 559 1371 613 in
1425 558 1787 614 szecularibus
1821 560 1976 613 habi-

393 662 489 718 tet,
521 652 603 707 vel
634 654 795 707 etiam
832 654 1123 722 pristinum
1155 653 1401 708 habitum
1437 652 1706 723 recipiat?
1737 653 1972 708 Solutio.

388 743 772 814 Nequaquam.
800 745 989 800 Canon
1047 746 1192 800 enim
1262 748 1517 801 universe
1573 746 1864 817 loquitur,
1922 755 1976 801 et

391 848 615 908 propter
647 855 840 894 omnes
872 839 965 907 qui
992 839 1490 909 quomodocunque
1529 841 1850 895 tondentur.
1881 839 1974 894 Vi-

393 930 577 987 dimus
604 942 785 993 autem
818 932 1040 998 multos,
1073 932 1167 1002 qui
1197 932 1263 987 ad
1296 933 1546 988 ultimum
1587 933 1695 988 fere
1720 934 1971 1002 spiritum

390 1027 534 1079 tonsi
570 1036 721 1090 sunt,
756 1035 809 1081 et
841 1036 1062 1096 propter
1097 1028 1346 1081 nimbum
1395 1026 1715 1083 nesciebant
1748 1027 1970 1097 quidem

394 1118 526 1185 quid
561 1118 614 1171 in
646 1118 780 1188 ipsis
815 1119 987 1183 ﬁeret,
1024 1118 1115 1187 qui
1149 1133 1272 1174 cum
1301 1127 1488 1190 postea
1512 1118 1746 1185 priorem
1773 1119 1973 1174 vellent

388 1211 637 1266 habitum
700 1212 973 1278 recipere,
1029 1220 1249 1281 propter
1303 1212 1665 1281 ignorantiam
1715 1220 1766 1265 et
1826 1212 1970 1279 quod

391 1303 581 1358 morbo
611 1302 750 1357 male
785 1302 965 1357 allecti
997 1311 1207 1373 essent,
1231 1311 1287 1358 et
1315 1304 1368 1357 in
1415 1304 1774 1358 szecularibus
1804 1304 1970 1358 vitam

390 1410 572 1461 agere,
607 1394 660 1449 id
701 1411 807 1449 non
840 1395 940 1448 fuit
988 1396 1071 1451 eis
1111 1397 1462 1465 permissum,
1492 1396 1585 1451 sed
1615 1411 1772 1462 poena
1802 1397 1967 1450 etiam

391 1484 567 1539 allecti
602 1487 755 1541 fuere
789 1506 802 1542 :
839 1488 979 1543 alios
1010 1501 1215 1553 autem,
1254 1489 1345 1558 qui
1385 1502 1509 1542 cum
1544 1498 1747 1543 temere
1786 1488 1974 1557 pristi-

392 1592 522 1631 num
555 1578 798 1633 habitum
834 1588 1267 1648 resumpserunt,
1312 1594 1506 1635 rursus
1555 1580 1621 1634 ad
1657 1581 1807 1650 prius
1861 1595 1977 1632 mo-

392 1669 661 1723 nasticum
696 1670 1009 1725 institutum
1055 1672 1137 1725 vel
1197 1673 1354 1726 inviti
1408 1674 1614 1728 reversi
1645 1681 1797 1727 sunt.
1833 1672 1972 1738 Quid

390 1778 523 1815 vero
542 1762 680 1831 ἲ,ρυί
712 1771 912 1832 prmtcr
940 1764 1206 1819 rationem
1228 1772 1423 1820 tonsus
1453 1773 1557 1831 est,
1591 1765 1675 1818 vel
1698 1766 1815 1820 sine
1838 1780 1975 1835 prae-

2082 568 2227 637 καρῇ
2256 583 2269 597 ο
2300 566 2349 618 εἰ
2387 566 2442 620 δὲ
2471 566 2557 620 διά
2586 566 2746 620 νόσον
2792 567 2825 639 ἢ
2860 566 2947 621 διὰ
2985 566 3165 637 λύπην
3199 566 3359 621 τοῦτο
3416 564 3652 633 ποιήσει,

2080 657 2621 729 παραχωρηθήσεται
2657 659 2869 727 διάγειν
2927 660 3005 721 εἰς
3025 659 3092 712 τά
3140 658 3383 724 κοσμικά
3429 657 3656 730 ῆμεττι-

2083 751 2561 820 σχηματισθῆναις
2607 754 2821 819 Λύσις.
2882 753 3168 822 Οὐδαμῶς.
3214 751 3272 804 '0
3317 750 3425 819 γὰρ
3484 748 3656 802 κανὼν

2082 840 2391 903 καθολικῶς
2423 841 2763 914 ὲξεφωνήθη,
2802 845 2897 896 καὶ
2921 844 3009 895 διὰ
3032 842 3259 921 ὶπάντας
3303 843 3431 903 τοὺς
3481 842 3658 893 ὁπωσ-

2081 931 2279 1003 δήποτε
2305 934 2789 1006 ἀποκειρομένους.
2832 936 3059 1005 Εἱ’δομεν
3114 935 3169 988 δὲ
3200 936 3292 988 καὶ
3326 932 3556 995 πολλοὺς
3582 934 3659 994 είς

2080 1025 2178 1087 τὰς
2216 1024 2537 1091 τελευταίας
2570 1029 2750 1081 αὐτῶν
2794 1030 2980 1098 σχεδὸν
3032 1030 3313 1091 ἀναπνοὰς
3348 1027 3659 1097 ἀποκαρέν·

2083 1138 2201 1185 τας,
2238 1122 2332 1177 καὶ
2369 1122 2504 1193 μηδὲ
2532 1124 2745 1188 εἰδότας
2794 1124 2885 1177 διὰ
2935 1124 3033 1193 τὴν
3066 1123 3223 1177 νόσον
3272 1124 3331 1175 τὸ
3374 1124 3660 1191 γινόμενον

2081 1216 2169 1268 ἐπ’
2201 1216 2403 1278 αὐτοῖς,
2440 1216 2533 1269 καὶ
2564 1215 2795 1287 ὕστερον
2824 1217 3238 1279 σπουδάσαντας
3270 1212 3445 1267 πολλὰ
3496 1230 3661 1283 μετα-

2083 1305 2524 1376 σχηματισθῆναι
2555 1306 2645 1361 διά
2674 1307 2779 1376 τὴν
2801 1307 3025 1374 ἄγνοιαν
3050 1308 3145 1360 καὶ
3176 1305 3275 1376 τὴν
3314 1304 3424 1358 ἀπὸ
3451 1305 3554 1373 τῆς
3580 1304 3662 1357 νό-

2083 1412 2176 1447 σου
2208 1394 2513 1463 κακότητα,
2550 1397 2645 1450 καὶ
2681 1395 2936 1459 θέλοντας
2968 1398 3048 1459 είς
3071 1394 3143 1449 τὰ
3170 1397 3411 1465 κοσμικά
3429 1395 3658 1463 διάγειν,

2079 1484 2177 1538 καὶ
2211 1486 2286 1555 μὴ
2312 1488 2842 1558 παραχωρηθέντας,
2878 1487 3015 1542 ἀλλά
3069 1488 3158 1541 καὶ
3181 1488 3614 1557 ἐπιτιμηθέντας
3640 1503 3655 1520 '

2079 1577 2272 1641 ἀλλους
2330 1578 2387 1632 δὲ
2447 1579 2811 1648 ἀσυμὸούλως
2862 1579 3507 1650 μετασχηματισθέντας,
3563 1579 3659 1633 καὶ

2079 1668 2237 1732 αὗθις
2276 1664 2357 1733 είς
2386 1669 2484 1740 τὴν
2514 1672 2791 1741 προτέραν
2831 1674 3127 1741 μοναδικὴν
3177 1672 3520 1726 κατάστασιν
3562 1671 3661 1725 καὶ

2080 1760 2317 1824 ἄκοντας
2347 1762 2822 1832 ὑποστρέψαντας.
2855 1764 2921 1816 Τί
2952 1763 3029 1828 δὲ,
3078 1766 3105 1817 6
3146 1764 3478 1833 παραλόγως
3521 1765 3661 1817 ἀπο·

391 1856 566 1908 sentia
606 1854 906 1924 przepositi,
942 1855 1033 1924 qui
1072 1855 1221 1909 illum
1258 1866 1619 1928 suscepturus
1642 1868 1746 1922 ρει,
1774 1869 1825 1911 et
1860 1857 1966 1925 epi-

2081 1853 2295 1923 χαρεὶς,
2340 1855 2459 1925 ήτοι
2490 1856 2614 1925 δίχα
2659 1856 2967 1925 παρουσίας
2992 1855 3084 1909 τοῦ
3123 1832 3413 1926 μέλλοντος
3466 1855 3659 1908 τοῦτον

391 1947 542 2016 scopi
578 1947 845 2002 arbitratu
876 1955 930 2002 et
960 1950 1363 2005 examinatione
1405 1960 1487 2005 est
1540 1965 1688 2004 nunc
1737 1950 1973 2019 primum

392 2038 447 2091 in
488 2040 821 2101 monasterio
853 2040 1237 2107 collocandus,
1292 2049 1591 2113 cogeturne
1657 2040 1764 2094 alia
1814 2049 1972 2109 pacta

392 2141 661 2186 conventa
695 2146 791 2185 seu
822 2141 944 2184 vota
979 2131 1181 2196 facere,
1216 2140 1268 2185 et
1303 2132 1546 2202 proﬁteri
1606 2132 1660 2186 in
1696 2131 1816 2201 ipso
1859 2146 1975 2184 ma-

391 2239 543 2289 nere,
580 2233 637 2277 ut
672 2225 834 2279 etiam
868 2224 1018 2277 intus
1042 2240 1166 2279 esse
1190 2234 1385 2279 tonsus
1421 2224 1790 2284 existimetur.
1823 2240 1889 2277 an
1922 2224 1971 2276 ei

391 2316 573 2385 priora
611 2315 933 2372 sufﬁcient?
980 2314 1210 2370 Salutio.
1249 2316 1300 2370 Is
1348 2316 1567 2371 videtur
1630 2316 1683 2371 in
1746 2331 1851 2381 eo,
1917 2316 1971 2369 in

387 2423 500 2478 quo
531 2409 763 2478 primum
801 2411 1103 2465 collocatus
1133 2419 1237 2475 est,
1272 2411 1609 2465 monasterio
1648 2420 1806 2479 pacta
1842 2424 1970 2463 con-

386 2509 547 2556 venta
580 2502 805 2569 fecisse;
859 2513 981 2573 post
1039 2513 1318 2557 tonsuram
1390 2512 1569 2556 autent
1630 2501 1795 2557 etiam
1861 2501 1967 2554 alia

387 2603 547 2665 pacta
603 2603 871 2649 conventa
931 2594 1114 2650 facere
1171 2610 1282 2649 non
1362 2596 1604 2664 cogitur.
1666 2592 1964 2664 Propterea

385 2685 557 2750 enim,
589 2693 650 2740 ut
678 2697 761 2742 est
790 2688 1112 2752 verisimile,
1160 2704 1356 2744 omnes
1402 2688 1867 2761 interrog-itiones
1912 2697 1967 2741 et

386 2785 662 2831 conventa
694 2777 746 2832 in
784 2779 931 2833 omni
963 2787 1195 2837 tonsura
1242 2782 1621 2851 proferuntur.

455 3019 707 3078 ZONAR‘.
748 3022 1032 3088 Nonnulli,
1057 3039 1129 3079 οι)
1168 3028 1420 3082 mor-bum
1454 3027 1594 3082 forte
1625 3040 1718 3084 aut
1756 3046 1956 3085 uicero'

386 3129 524 3178 rem,
566 3125 661 3169 aut
699 3117 772 3170 ob
803 3130 923 3170 eam
969 3132 1186 3188 quoque
1230 3133 1474 3186 causam,
1502 3135 1623 3191 qua:
1667 3121 1720 3176 in
1754 3138 1963 3179 canone

2077 1943 2438 2010 ἀναδέξασθαι
2469 1946 2798 2017 ἡγουμένου,
2839 1948 2932 2000 καὶ
2962 1947 3174 2017 μέλλων
3231 1948 3377 2000 κατά
3424 1945 3656 2015 δοκιμα-

2080 2035 2203 2088 σίαν
2258 2034 2353 2089 τοῦ
2396 2037 2699 2090 ἐπισκόπου
2762 2037 2858 2092 νῦν
2910 2039 3139 2108 πρώτως
3189 2039 3569 2106 καταταγῆναι
3599 2036 3656 2086 ὲν

2079 2128 2452 2198 μοναστηρίῳ,
2483 2129 2969 2201 ἀναγκασθήσεται
3006 2128 3278 2199 συνθήκας
3310 2128 3500 2198 ἐτέρας
3530 2125 3655 2180 δού-

2075 2237 2188 2283 ναι,
2223 2220 2318 2273 καὶ
2349 2221 2686 2291 ὁμολογῆσαι
2744 2222 3079 2292 προσμένειν
3132 2223 3189 2274 ὲν
3256 2220 3432 2289 αὐτῷ,
3485 2220 3569 2289 ἐφ’
3612 2214 3655 2289 ᾧ

2075 2312 2170 2369 καὶ
2192 2310 2300 2365 ἔσω
2325 2314 2583 2383 κουρίτην
2609 2313 2942 2381 λογίζεσθαι,
2968 2314 2999 2384 ἢ
3024 2315 3145 2377 ταῖς
3166 2313 3463 2383 προτέραις
3490 2315 3657 2384 ἀρκε-

2075 2403 2368 2473 σθήσεται;
2407 2406 2619 2471 Λύσις.
2668 2404 2727 2459 '0
2768 2405 3011 2468 τοιοῦτος
3045 2405 3194 2458 δοκεῖ
3225 2403 3328 2467 τάς
3377 2405 3650 2475 συνθήκας

2070 2495 2254 2551 δοῦναι
2285 2499 2363 2561 εἰς
2392 2497 2420 2551 6
2454 2497 2686 2570 πρώτως
2723 2498 3000 2569 κατετάγη
3044 2501 3412 2569 μοναστήριον
3435 2514 3451 2530 ο
3513 2502 3651 2569 μετὰ

2070 2590 2127 2643 δὲ
2163 2591 2263 2660 τὴν
2289 2590 2599 2661 ἀπόκαρσιν
2631 2592 2725 2644 καὶ
2764 2592 2961 2661 ἐτέρας
3008 2590 3286 2660 συνθήκας
3324 2588 3508 2643 δοῦναι
3549 2590 3650 2643 οὐκ

2070 2681 2575 2753 ἀναγκασθήσεται.
2602 2683 2701 2738 Διά
2724 2684 2836 2753 γὰρ
2867 2680 3048 2745 τοῦτο,
3086 2681 3159 2745 ὡς
3205 2681 3376 2746 ἔοικε,
3434 2682 3527 2735 ml.
3559 2683 3643 2745 είς

2074 2776 2261 2829 πᾶσαν
2292 2776 2600 2844 ἀπόκαρσιν
2630 2778 2802 2830 πᾶσαι
2845 2776 2903 2829 al
2940 2775 3238 2847 ἐρωτήσεις
3282 2776 3377 2826 καὶ
3429 2775 3485 2826 αἰ
3526 2790 3650 2828 ow-

2070 2868 2236 2938 θῆκαι
2270 2868 2666 2940 ἐκφωνοῦνται.

2140 3006 2389 3060 ΖΩΝΑΡ.
2425 3007 2582 3068 Τινὲς
2612 3006 2700 3061 διά
2728 3006 2886 3060 νόσον
2935 3009 3069 3072 ἴσως
3096 3007 3129 3079 ἦ
3172 3008 3259 3063 διὰ
3287 3007 3470 3077 λύπην
3508 3007 3644 3059 ἀπο-

2069 3100 2382 3171 κειρόμενοι
2411 3100 2445 3171 ἢ
2480 3100 2570 3154 διὰ
2610 3101 2709 3170 τὴν
2735 3100 2890 3172 παρὰ
2920 3101 3015 3155 τοῦ
3054 3101 3282 3164 κανόνος
3303 3101 3645 3171 είσαχθεῖσαν

410 3171 418 3174 .
510 3171 522 3178 ,
987 3171 1000 3186 ,
1059 3171 1112 3188 ν,
1168 3171 1180 3173 ε
1241 3171 1474 3186 η-----.,
1507 3171 1620 3191 γ--
1758 3171 1963 3179 ---μνη

387 3218 744 3275 memoratur,
786 3210 1024 3275 detonsi,
1072 3212 1188 3267 suis
1230 3229 1424 3271 rursus
1456 3215 1510 3270 in
1556 3216 1766 3272 :edibus
1794 3218 1960 3273 vitam

2073 3196 2249 3249 αἰτίαν
2297 3195 2460 3249 πάλιν
2508 3197 2567 3249 ὲν
2611 3197 2726 3259 τοῖς
2761 3171 2982 3258 οἰκείοις
3032 3196 3204 3258 οίκοις
3250 3194 3540 3264 διέτριϐον,
3572 3195 3642 3265 μή

386 3308 637 3367 agentes,
672 3301 874 3355 nullam
904 3304 1124 3372 penitus
1155 3304 1393 3360 instituti
1430 3308 1725 3363 monastici
1757 3318 1961 3379 partem

385 3392 847 3461 exsequebantur.
914 3394 1212 3465 Propterea
1256 3398 1418 3467 igitur
1465 3398 1555 3453 hie
1597 3414 1722 3456 can.
1766 3414 1795 3454 a
1843 3417 1963 3473 syu.

384 3484 764 3555 promulgatas
800 3493 907 3549 est,
955 3487 1185 3557 ejusque
1226 3488 1448 3544 decreto
1486 3489 1861 3556 interdictum,
1898 3509 1966 3548 ne

384 3586 549 3641 quem
590 3572 919 3629 monachum
960 3577 1172 3632 tonderi
1210 3577 1391 3643 liceat,
1431 3578 1536 3635 nisi
1582 3594 1650 3635 eo
1697 3590 1965 3650 praesente

382 3666 477 3735 qui
506 3665 832 3734 'subjectum
876 3668 983 3725 sibi
1024 3669 1227 3726 habere
1264 3671 1540 3729 hominem
1568 3688 1678 3729 non
1718 3683 1959 3739 recuset,

383 3757 727 3827 salutemque
774 3759 924 3816 illius
968 3761 1308 3831 spiritualem
1361 3765 1467 3820 sibi
1518 3779 1667 3822 curat
1719 3766 1962 3821 futuram

383 3864 509 3906 esse
546 3851 852 3920 promittat,
895 3856 1212 3913 monasterii
1255 3857 1515 3913 nimirum
1542 3858 1819 3929 praefecto,
1852 3861 1964 3914 vir-

385 3949 562 3996 tutum
599 3943 1085 4002 exercitationibus
1126 3947 1369 4015 addicto,
1412 3950 1770 4021 animumque
1814 3966 1964 4006 nunc

378 4034 476 4090 Dei
518 4035 882 4107 investigandi
915 4039 1104 4095 studio
1134 4040 1418 4096 incitatum
1453 4042 1519 4097 ad
1571 4042 1802 4099 salutem
1828 4044 1963 4098 diri-

382 4126 544 4196 gendi
574 4126 771 4197 perito.
802 4128 956 4197 Quod
989 4130 1207 4201 si-quis,
1244 4131 1444 4203 inquit,
1478 4133 1641 4190 alicui
1679 4145 1960 4192 tonsuram

382 4218 659 4287 conferre,
680 4219 959 4290 praelecto,
994 4221 1159 4293 cujus
1181 4222 1271 4280 ille
1296 4223 1623 4281 obedientia:
1663 4225 1962 4296 mancipari

382 4310 598 4379 debeat,
621 4325 731 4367 non
748 4311 1015 4379 adhibito,
1030 4313 1497 4385 deprehendatur.
1517 4315 1695 4386 ipsum
1717 4316 1962 4386 quidem,

380 4405 583 4476 quippe
610 4405 703 4477 qui
740 4414 797 4462 et
818 4421 941 4462 can.
978 4408 1163 4472 violet.
1186 4415 1242 4463 et
1274 4408 1414 4464 bene
1442 4411 1794 4464 constitutam
1844 4424 1962 4463 mo-

2066 3307 2123 3345 τι
2160 3291 2418 3360 μοναχοῖς
2448 3289 2787 3361 πληροῦντες
2826 3289 3109 3361 ἁρμόδιον.
3149 3292 3249 3343 Δια
3275 3288 3433 3342 τοῦτο
3467 3288 3647 3344 τοίνυν

2067 3387 2098 3438 6
2122 3384 2307 3437 κανὼν
2338 3375 2492 3446 οὗτος
2520 3384 2584 3453 τῇ
2620 3382 2825 3454 συνόδῳ
2853 3381 3263 3453 ἐκπεφώνηται,
3296 3379 3537 3434 κελεύων
3573 3382 3642 3451 μὴ

2065 3477 2243 3541 ἄλλως
2283 3478 2404 3533 τινὰ
2454 3476 2846 3547 ἀποκείρεσθαι
2888 3476 3144 3547 μοναχὸν,
3199 3476 3247 3528 εἰ
3303 3472 3379 3546 μὴ
3423 3476 3572 3546 παρῇ
3615 3475 3644 3528 6

2069 3570 2304 3641 ὀφείλων
2337 3571 2504 3625 αὐτὸν
2551 3572 2633 3634 είς
2685 3569 2966 3639 ὑποταγὴν
2997 3564 3386 3632 ἀναδέξασθαι,
3420 3568 3519 3621 καὶ
3550 3567 3642 3635 τῆς

2068 3642 2315 3737 ψυχικῆς
2365 3662 2533 3717 αὐτοῦ
2583 3662 2861 3734 σωτηρίας
2892 3658 3203 3734 φροντίζειν
3232 3658 3639 3732 ἐπαγγελλόμε-

2068 3775 2179 3822 νος.
2212 3758 2352 3828 ἀνὴρ
2381 3756 2583 3828 δηλαδὴ
2614 3756 2784 3828 μονῆς
2813 3753 3115 3827 προεστὼς,
3150 3753 3355 3823 ἀρετῆς
3384 3753 3642 3824 ἐργάτης.

2067 3852 2249 3924 ψυχὴν
2302 3853 2428 3923 ἄρτι
2482 3852 2934 3923 προσερχομένην
2981 3848 3101 3922 Θεῷ
3151 3850 3457 3918 οἰκονομεῖν
3512 3847 3643 3917 πρὸς

2070 3945 2349 4017 σωτηρίαν
2383 3946 2703 4017 δυνάμενος.
2742 3947 2806 4000 Εἰ
2836 3945 2894 3999 δέ
2924 3962 3031 4011 τις,
3066 3946 3220 4015 φησὶ,
3254 3943 3484 4015 φωραθῇ
3509 3943 3642 3996 ἀπο-

2068 4037 2272 4108 κείρων
2311 4035 2457 4104 τινὰ,
2516 4036 2591 4105 μὴ
2643 4036 2910 4105 παρόντος
2962 4033 3268 4106 ἡγουμένου
3313 4032 3407 4086 τοῦ
3458 4033 3645 4087 τοῦτον

2067 4129 2431 4196 ἀναδέξασθαι
2495 4128 2789 4200 μέλλοντος
2842 4129 2925 4191 είς
2984 4128 3288 4198 ὑποταγὴν,
3333 4127 3502 4190 αὐτὸς
3548 4127 3644 4197 μὲν

2069 4221 2462 4291 καθαιρείσθω,
2512 4220 2590 4284 ὡς
2651 4221 2780 4283 τοὺς
2838 4218 3071 4282 κανόνας
3120 4217 3499 4289 παραϐαίνων,
3556 4216 3642 4270 καὶ

2066 4314 2168 4384 τὴν
2202 4313 2507 4384 μοναχικὴν
2549 4312 2802 4377 εὐταξίαν
2850 4312 3195 4383 ἀνατρέπων,
3229 4312 3258 4363 6
3301 4310 3357 4363 δὲ
3404 4308 3644 4380 παραλό-

2066 4425 2178 4476 γως
2216 4406 2311 4462 καὶ
2366 4406 2443 4477 μὴ
2496 4406 2637 4460 κατά
2679 4405 2835 4473 τάξιν
2881 4403 3178 4475 κανονικὴν
3224 4403 3530 4473 ἀποκαρεὶς
3567 4403 3644 4464 εἰς

381 4498 581 4558 nastici
614 4506 792 4555 status
819 4499 1161 4568 disciplinam
1191 4510 1420 4566 evertat,
1452 4500 1795 4571 depositione
1819 4501 1960 4556 mul-

2073 4499 2353 4566 ὑποταγὴν
2403 4501 2465 4551 ὲν
2518 4497 2867 4568 μοναστηρίῳ
2913 4496 3331 4568 παραδιδόσθω,
3377 4497 3435 4559 ὲν
3490 4488 3537 4561 ᾧ
3577 4493 3641 4547 ἂν

380 4589 523 4656 tari;
558 4591 651 4663 qui
681 4606 814 4647 vero
842 4599 1069 4659 temere,
1097 4607 1209 4647 non
1256 4594 1490 4649 servatis
1528 4595 1581 4646 in
1614 4608 1674 4649 ea
1714 4608 1771 4648 re
1787 4586 1962 4648 'cano-

383 4695 514 4734 num
550 4682 947 4746 sanctionibus,
987 4672 1253 4741 detonsus
1295 4692 1399 4746 est.
1444 4686 1499 4739 in
1543 4686 1961 4751 monasterium,

382 4775 454 4831 in.
479 4790 589 4845 quo
618 4776 966 4847 mancipatus
998 4777 1324 4833 obedientia:
1370 4779 1548 4849 degat,
1591 4780 1659 4833 ab
1706 4779 1963 4849 episcopo

382 4866 713 4938 eligendum,
767 4870 1020 4939 compelli
1072 4869 1278 4941 placet.
1326 4870 1404 4924 Ita
1458 4886 1698 4941 namque
1739 4880 1964 4941 propter

381 4973 501 5026 eos,
539 4959 635 5030 qui
683 4960 836 5015 nullo
894 4961 1143 5017 adhibito
1191 4962 1403 5032 judicio
1448 4962 1698 5033 quamvis
1746 4962 1954 5033 indigni

382 5053 705 5118 tondentur,
750 5058 1087 5112 monasticus
1108 5056 1328 5127 quidem
1368 5056 1587 5110 habitus
1617 5072 1719 5110 suo
1752 5057 1959 5111 honore

380 5146 627 5216 privatus
651 5154 767 5212 ,est,
816 5146 1038 5203 Christi.
1084 5163 1226 5203 vero.
1263 5163 1464 5203 nomen
1509 5148 1577 5203 ab
1626 5148 1956 5213 inﬁdelibus,

379 5236 774 5293 monachorum
807 5238 1033 5293 liberam
1068 5254 1132 5295 ac
1166 5240 1401 5295 solutam
1438 5239 1653 5294 vivendi
1686 5240 1952 5294 rationem

380 5329 745 5394 intuentibus,
773 5331 1183 5400 blasphematur
1210 5352 1220 5386 :
1246 5332 1706 5404 quemadmodum
1740 5334 1810 5388 ab
1840 5350 1958 5388 om-

376 5422 543 5477 nibus
587 5422 924 5494 gloriticatur
970 5423 1253 5487 Dominus.
1300 5426 1474 5480 sicubi
1522 5441 1642 5491 eos,
1689 5427 1794 5496 qui
1832 5444 1968 5483 sese.

2064 4592 2368 4654 ἐπίσκοπος
2409 4590 2707 4662 δοκιμάσῃ.
2753 4589 2911 4644 Οὕτω
2977 4591 3086 4661 γὰρ
3130 4589 3223 4651 διὰ
3251 4589 3349 4653 τὰς
3382 4590 3639 4659 ἀκρίτου-ις

2062 4688 2155 4739 καὶ
2176 4685 2526 4755 ὲσφαλμένας
2553 4684 2883 4753 ἀποκάρσεις
2900 4684 2960 4736 τὸ
2998 4684 3097 4753 μὲν
3131 4683 3431 4753 μοναχικδν
3458 4684 3631 4761 σχῆμα

2061 4775 2359 4845 ἠτίμωται,
2400 4776 2463 4828 τὸ
2498 4776 2553 4829 δὲ
2590 4775 2762 4845 ὄνομα
2806 4774 2901 4828 τοῦ
2923 4776 3163 4847 Χριστοῦ
3202 4774 3637 4847 β).ασφημείσθαι

2061 4868 2214 4937 παρά
2250 4868 2360 4920 τῶν
2402 4868 2653 4922 ἀπίστων
2700 4867 3016 4936 συμσαίνει,
3060 4865 3313 4939 ὁρώντων
3374 4867 3643 4935 μοναχοὺςν

2070 4962 2283 5027 ζῶντας
2336 4964 2646 5033 ἀδιαφόρως
2697 4964 2791 5015 καὶ
2826 4962 3048 5032 ἀμελῶς
3075 4961 3307 5032 ’ὥσπερ
3360 4960 3634 5025 δοξάζεται

2067 5056 2221 5126 παρά
2258 5057 2478 5110 πάντων
2517 5058 2545 5109 ό
2578 5054 2805 5125 Κύριος,
2840 5055 2969 5109 ὅταν
3005 5055 3277 5124 ὲναρέτως
3306 5055 3472 5124 ὁρῶσι
3504 5054 3632 5118 ζῶνο

2064 5166 2165 5212 τας
2187 5150 2314 5213 τοὺς
2351 5149 2803 5217 ἀνατεθειμένους
2833 5147 3002 5217 αὐτῷ,
3054 5147 3195 5200 κατά
3228 5148 3307 5211 τὸ,
3338 5146 3634 5217 Λαμψὰτω

2063 5242 2128 5296 τὸ
2176 5241 2304 5311 φῶς
2350 5241 2521 5311 ’ὑμῶν
2552 5241 2894 5311 ἔμπρισθεν
2934 5226 3051 5293 τῶν
3076 5238 3424 5307 ἀνθρώπιον,
3483 5239 3639 5306 ὅπως

2062 5334 2235 5388 ἴδωσι
2262 5334 2334 5387 τὰ
2359 5334 2515 5387 καλὰ
2542 5336 2685 5404 ἔργα
2714 5333 2901 5401 ὑμῶν,
2926 5335 3020 5386 καὶ
3047 5332 3354 5398 δοξάσωσι
3382 5337 3493 5386 τίν
3520 5335 3630 5385 Πα-

2062 5430 2201 5495 τέρα
2226 5428 2391 5497 ὑμῶν
2414 5428 2519 5480 τὸν
2538 5428 2608 5481 ἐν
2642 5426 2764 5493 τοῖς
2786 5426 3085 5497 οὐρανοῖς.

378 5516 426 5567 ei
463 5518 862 5586 manciparunt,
898 5518 1061 5570 vitam
1093 5532 1217 5571 cum
1248 5518 1446 5572 virtute
1489 5534 1650 5585 agere
1694 5522 2217 5586 animadvrrteriut;
2262 5522 2414 5591 juxta
2445 5520 2573 5572 illul
2615 5536 2627 5570 :
2672 5518 2758 5574 Sic
2823 5519 2993 5573 lucent
3036 5516 3130 5571 tua:
3210 5524 3382 5571 vestra
3458 5527 3637 5571 coram

378 5614 693 5677 hominibus,
726 5624 780 5667 ut
814 5615 1023 5670 videant
1058 5631 1213 5683 opera
1256 5625 1423 5670 vestra
1465 5617 1619 5683 bona,
1653 5626 1701 5672 et
1746 5616 2038 5689 gloriﬁcent
2076 5618 2289 5681 Patrem
2313 5626 2535 5670 vestrum
2565 5617 2731 5686 quiin
2763 5614 2903 5669 ratiis
2944 5624 3020 5669 est
3056 5613 3127 5668 ".

446 5834 489 5873 ⁸³
521 5834 709 5897 Matth.
756 5856 805 5893 γ.
846 5843 914 5907 6,,
