3972 6488
222 383 365 450 1017

1402 392 1483 453 ΙΝ
1503 391 1674 456 CAN.
1727 393 1824 454 IlI
1866 392 2075 459 CONC.
2109 395 2322 457 CPOL.

3359 388 3492 455 1018

215 498 451 553 ΑΡΙΣΤ.
516 517 534 550 ι
573 497 640 552 Εί
673 515 758 562 τις
802 498 1086 570 φωραθείη
1131 498 1444 572 ἀποκείρων
1475 501 1598 554 τινὰ
1631 501 1805 571 χωρπς

1960 502 2135 560 RlST.
2169 503 2255 557 «Si
2297 501 2420 574 quis
2453 500 2752 557 detondere
2783 497 3094 572 quempiam
3117 498 3495 569 deprehensus

307 609 326 642 ι
377 590 684 660 παρουσίας
733 589 830 644 τοῦ
893 591 1200 661 ὀφείλοντος
1257 592 1418 644 αὑτὸν
1471 591 1810 660 παραλαϐεῖν

308 703 327 737 t
376 686 454 748 είς
481 684 763 753 ὑποταγὴν
808 687 1136 756 ἡγουμένου,
1183 685 1344 747 αὑτὸς
1389 683 1489 746 μὲν
1526 684 1812 754 καθαιρεί-

309 797 326 830 t
378 779 492 831 σθω
517 795 528 808 °
558 779 585 830 ὀ
617 777 672 831 δὲ
704 779 1005 845 ἀποκαρεὶς
1034 781 1091 830 ὲν
1132 778 1378 847 ὑποταγῇ
1413 775 1508 830 καὶ
1541 792 1813 846 μοναστη-

307 891 326 925 ‹
379 872 480 942 ρίῳ
511 869 662 938 παρὰ
686 869 776 922 τοῦ
806 870 1109 922 ἐπισκόπου
1141 869 1388 922 διδόσθω.
1430 886 1450 920 ι

838 961 1078 1015 ΚΑΝΩΝ
1138 960 1212 1013 Γ¹.

229 1081 249 1106 ι
283 1056 390 1108 Καὶ
414 1055 572 1108 τοῦτο
599 1055 786 1118 κακῶς
815 1056 1208 1125 πραττόμενον,
1231 1055 1372 1108 κατά
1395 1051 1528 1105 πολὺ
1559 1052 1614 1106 δὲ
1629 1052 1812 1122 χεῖρον

312 1166 330 1198 ι
382 1147 686 1217 παροράσει
712 1149 805 1201 καὶ
830 1149 1060 1218 ἀμελείᾳ
1094 1148 1603 1218 παραπεμπόμενον
1630 1145 1813 1214 τυχεῖν

317 1256 334 1287 t
383 1237 576 1309 ἐκρίθη
605 1239 965 1308 διορθώσεως.
1010 1241 1078 1294 Εἴ
1102 1257 1186 1303 τις
1215 1236 1310 1292 οὑν
1347 1241 1514 1310 μονῆς
1547 1239 1812 1310 προϊστά-

315 1345 332 1378 ι
385 1345 545 1398 μενος
607 1331 735 1393 τοὺς
772 1331 863 1383 ὑπ’
911 1331 1073 1384 αὑτὸν
1117 1331 1491 1398 τεταγμένους
1546 1331 1814 1400 μοναχοὺς

313 1439 331 1472 ι
379 1421 883 1489 ἀποδιδράσκοντας
926 1425 984 1476 οὑ
1033 1423 1173 1490 μετὰ
1221 1423 1424 1490 πολλῆς
1465 1427 1565 1492 τῆς
1616 1425 1814 1490 ἐπιμε-

313 1529 332 1563 ι
382 1512 530 1572 λείας
565 1513 887 1582 ἀναζητοίη,
943 1516 974 1584 ἢ
1024 1515 1370 1584 ὲφευρίσκων
1425 1517 1523 1568 οὑκ
1570 1515 1812 1581 ἀναλαμο

317 1623 335 1656 ι
385 1605 620 1666 θάνοιτο,
650 1605 744 1658 καὶ
770 1609 835 1674 τῇ
871 1608 1226 1678 προσηκούσῃ
1258 1608 1350 1659 καὶ
1375 1607 1695 1677 καταλλήλῳ
1724 1605 1816 1661 τοῦ

317 1715 335 1747 ι
386 1698 731 1765 πταίσματος
779 1698 991 1770 ίατρῖίᾳ
1042 1699 1103 1751 τὸ
1154 1702 1443 1770 νενοσηκὸς
1482 1700 1819 1753 ἀνακτᾶσθαι

323 1808 342 1841 ι
389 1791 483 1842 καὶ
517 1791 908 1862 ἐπιρρωννὺειν
949 1794 1288 1860 ἀγωνίζοιτο,
1331 1794 1518 1845 τοῦτον
1552 1793 1753 1861 ὥρισεν
1785 1795 1816 1862 ὴ

316 1901 336 1935 ι
386 1884 516 1949 ἁγία
556 1885 773 1947 σύνοδος
812 1886 1106 1954 ἀφορισμῴ
1155 1887 1500 1939 ὑποκεῖσθαι.
1545 1888 1606 1938 Ei
1638 1886 1747 1956 γὰρ
1787 1886 1815 1936 ὁ

316 1993 334 2025 σ
384 1975 539 2039 ζώων
588 1975 799 2044 ἀλόγων
829 1980 928 2045 τὴν
976 1978 1316 2047 προστασίαν
1352 1978 1816 2047 ἐγχειριζόμενος,

316 2085 337 2120 ι
383 2068 475 2121 καὶ
509 2068 598 2121 τοῦ
641 2069 897 2137 ποιμνίου
933 2068 1285 2137 καταμελῶν,
1331 2070 1430 2121 οὑκ
1472 2068 1820 2140 ἀτιμώρητος

319 2181 338 2214 ι
386 2162 860 2232 καταλιμπάνεται
895 2181 908 2195 ·
944 2164 1050 2215 τῶν
1084 2164 1319 2233 Χριστοῦ
1357 2164 1690 2234 θρεμμάτων
1719 2167 1818 2235 τὴν

318 2275 337 2307 α
389 2254 755 2324 ποιμαντικὴν
804 2254 980 2324 ἀρχὴν
1036 2255 1511 2317 καταπιστευθεὶς,
1570 2254 1665 2307 καὶ
1724 2257 1824 2325 ῥᾳ-

319 2367 337 2400 t
388 2347 567 2419 στώνῃ
602 2347 694 2399 καὶ
727 2345 970 2417 ῥᾳθυμίᾳ
997 2345 1094 2415 τὴν
1119 2347 1298 2399 αὐτῶν
1334 2349 1608 2415 σωτηρίαν
1644 2349 1823 2410 ἀπεμ-

317 2458 338 2492 ι
385 2439 586 2503 πολῶν,
623 2438 740 2501 πῶς
777 2437 837 2490 οὑ
868 2437 1024 2501 δίκας
1052 2437 1145 2491 τοῦ
1177 2438 1528 2509 τολμήματος
1588 2440 1822 2510 εἰσπρα-

315 2549 334 2583 ι
385 2533 683 2602 χθήσεταις
724 2550 742 2583 ι

312 2624 514 2679 ΒΑΛΣ.
585 2623 643 2676 Ὀ
717 2624 817 2693 μὲν
874 2620 963 2677 κα⁹
1011 2621 1197 2676 κανὼν
1241 2623 1341 2691 τῆς
1383 2620 1426 2686 ζ’
1488 2623 1709 2675 συνόδου
1763 2623 1823 2675 οὑ

235 2719 575 2787 παραχωρεῖ
611 2716 1048 2786 καταλιμπάνειν
1088 2718 1358 2785 μοναχοὺς
1409 2717 1439 2782 ἢ
1491 2719 1827 2786 μουαςτρίας

234 2810 342 2871 τὰς
373 2811 431 2860 ὲν
458 2805 546 2869 αἷς
574 2810 936 2880 ἀπεκάρησαν
976 2809 1162 2880 μονὰς,
1199 2812 1292 2862 καὶ
1327 2811 1406 2873 εἰς
1433 2810 1623 2879 ἕτερον
1657 2811 1827 2876 ἀπέρ-

234 2902 436 2973 χεσθαι
495 2903 859 2972 μοναστήριον
910 2901 1041 2954 ἀνευ
1083 2901 1418 2969 ὁπολυτικῆς
1450 2899 1672 2969 γραφῆς
1718 2901 1828 2952 τῶν

236 2996 566 3066 ἡγουμένων
610 2994 793 3048 αὑτῶν
828 3010 842 3025 ο
877 2994 1016 3063 πλὴν
1045 2994 1104 3046 οὑ
1140 2997 1379 3064 τιμωρεῖ
1409 2994 1634 3056 τούτους
1665 3007 1679 3020 ⁸
1715 2996 1740 3046 ὁ
1772 2993 1824 3044 δὲ

236 3083 439 3152 παρὼν
485 3083 664 3135 κανὼν
714 3083 1007 3154 ἀφ’ρισμῷ
1057 3084 1462 3137 καθυποϐάλ).ει
1504 3085 1632 3147 τοὺς
1665 3084 1830 3153 ἡγου-

1991 614 2010 648 ι
2045 596 2232 659 fuerit,
2264 609 2368 649 non
2400 606 2690 665 praesente,
2727 594 2818 664 qul
2845 609 2967 646 cum
3007 593 3059 646 in
3087 592 3488 660 subiectionem

1990 708 2010 743 ι
2051 700 2370 759 recepturus
2400 696 2504 752 est,
2543 685 2821 758 praefecto,
2868 686 2958 738 ille
2989 685 3209 754 quidem
3242 684 3492 752 depona-

1994 801 2013 834 t
2047 792 2154 843 tur,
2179 782 2442 836 detonsus
2490 792 2670 834 autem
2722 778 2775 832 in
2832 777 3174 847 subiectione
3227 776 3390 831 etiam
3437 774 3494 830 in

1993 892 2011 926 ι
2049 875 2384 928 monasterio
2408 874 2476 925 ab
2505 874 2761 940 episcopo
2788 871 3104 926 collocetur.
3138 887 3156 921 ι

2425 964 2587 1034 336
2625 960 2851 1016 CANON
2897 961 2989 1015 ιιι.

1921 1079 1938 1111 ι
1978 1059 2030 1114 Id
2065 1075 2282 1128 quoque
2307 1061 2451 1130 quod
2483 1059 2621 1112 male
2667 1059 2743 1121 lit,
2774 1065 2827 1110 et
2863 1056 3029 1109 multo
3060 1055 3214 1126 peius
3240 1052 3492 1120 despica-

1997 1174 2014 1206 ‹
2059 1155 2130 1208 tui
2208 1163 2264 1208 et
2328 1152 2672 1223 negligentiae
2726 1151 3037 1212 mandatur,
3089 1147 3487 1202 correctionem

1992 1266 2010 1298 ι
2049 1257 2303 1315 Oportere
2349 1244 2564 1311 assequi
2608 1242 2914 1311 iudicatum
2973 1249 3076 1295 est.
3118 1239 3173 1293 Si
3210 1240 3333 1307 quis
3371 1253 3500 1306 ergo

2001 1360 2017 1391 ι
2053 1339 2366 1392 monasterii
2395 1337 2679 1408 prmfecttts
2707 1350 2820 1400 eos,
2849 1333 3064 1402 quifsibi
3094 1333 3318 1399 subjecti
3349 1341 3500 1394 sunt,

2003 1451 2022 1484 ι
2081 1433 2378 1487 monachos
2424 1429 2772 1500 aufugientes
2829 1443 2950 1481 Cum
3010 1427 3176 1478 multa
3221 1410 3501 1491 diligentia

2006 1546 2024 1578 ι
2057 1542 2161 1579 non
2220 1525 2483 1594 requirat,
2531 1523 2614 1577 vel
2660 1521 2947 1575 inveniens
2993 1533 3100 1571 non
3159 1515 3404 1583 recipiat,
3447 1521 3502 1566 et

1998 1638 2015 1671 ι
2053 1619 2411 1672 conveniente
2439 1615 2726 1682 lapsuique
2756 1622 3094 1678 congruente
3121 1609 3387 1660 medicina
3424 1606 3499 1667 id,

2010 1732 2026 1764 t
2067 1711 2207 1781 quod
2235 1714 2423 1763 morbo
2473 1710 2723 1762 all'cctum
2784 1716 2886 1767 cst,
2946 1719 3054 1756 non
3113 1709 3394 1768 rccupcrct
3448 1709 3505 1751 et

2014 1824 2032 1857 t
2074 1805 2397 1858 confirmare
2437 1800 2774 1854 contendat:
2813 1801 3004 1853 statuit
3031 1806 3219 1850 sancta
3254 1793 3498 1865 synodus

2007 1914 2024 1945 ι
2063 1910 2185 1950 eum
2240 1893 2603 1963 segregatioui
2662 1892 2880 1959 subjici.
2924 1891 2979 1944 Si
3028 1891 3194 1949 enim,
3248 1888 3335 1940 cui
3381 1886 3504 1937 ani-

2005 2006 2022 2037 ι
2065 1987 2284 2040 malium
2320 1985 2531 2040 ratione
2573 1985 2874 2038 carentium
2938 1982 3255 2051 pnefcctnra
3299 1978 3502 2031 credita

2004 2097 2021 2131 ι
2059 2087 2161 2146 est,
2190 2090 2242 2134 et
2266 2093 2480 2147 gregem
2513 2077 2752 2147 negligit,
2789 2075 2837 2128 id
2877 2093 2980 2128 non
3025 2076 3125 2127 fert
3154 2074 3376 2141 imp-tne
3409 2088 3421 2123 :
3455 2072 3502 2123 is

2000 2191 2017 2224 ι
2063 2173 2222 2241 cujus
2255 2173 2375 2225 fidei
2403 2170 2670 2240 pastorale
2701 2169 2905 2225 Christi
2947 2167 3157 2237 pecoris
3205 2165 3495 2233 imperium

2004 2287 2019 2318 ‹
2052 2267 2402 2322 cmumissum
2429 2273 2532 2326 est,
2567 2271 2621 2317 et
2653 2262 2904 2316 socordia
2945 2275 3008 2312 ac
3049 2256 3374 2328 negligentia
3405 2269 3503 2306 co-

2006 2378 2023 2410 ι
2064 2375 2184 2412 rum
2231 2359 2462 2412 salutem
2512 2357 2810 2418 venundat,
2870 2352 3056 2423 quidni
3109 2350 3331 2404 audacis
3385 2347 3506 2416 eius

2007 2468 2024 2500 ι
2062 2450 2258 2518 incepti
2291 2463 2464 2520 picum
2495 2448 2561 2503 ab
2588 2462 2652 2501 eo
2680 2444 3005 2513 exigcntut'?
3040 2461 3057 2494 ι

2015 2628 2208 2683 BALS.
2246 2628 2432 2682 Canon
2478 2627 2775 2681 vicesimus
2826 2623 3036 2695 primus
3087 2621 3330 2688 Septima:
3375 2633 3505 2688 syn.

1930 2740 2035 2779 non
2071 2723 2358 2791 permittit,
2385 2728 2442 2773 ut
2465 2718 2716 2772 mooachi
2742 2716 2826 2771 vel
2854 2715 3133 2768 monacha:
3152 2709 3507 2772 monasteria,

1931 2818 1982 2871 in
2021 2816 2218 2881 quibus
2249 2813 2393 2868 tonsi
2435 2818 2586 2874 sunt,
2617 2811 2950 2876 relinquant,
2993 2813 3048 2859 et
3075 2804 3142 2857 ad
3205 2802 3347 2855 aliud
3389 2815 3506 2854 tuo-

1933 2908 2231 2962 naslcrium
2282 2909 2399 2959 sine
2456 2901 2786 2957 dimissoriis
2843 2912 3065 2954 suorum
3117 2893 3500 2964 praefectorum

1933 3000 2126 3053 litteris
2161 2996 2423 3052 accedant
2456 3012 2470 3047 :
2503 2995 2598 3048 sed
2636 2993 2782 3045 nulla
2806 3006 2901 3043 eos
2934 3003 3091 3059 pinna
3134 2986 3323 3040 afficit.
3353 2985 3502 3037 Prae-

1932 3107 2056 3146 sens
2089 3099 2269 3143 autem
2308 3103 2482 3140 canon
2515 3084 2802 3155 praefectos
2842 3078 3208 3150 segregationi
3259 3076 3506 3144 subiicit,

247 3179 450 3249 μένους
482 3177 608 3239 τοὺς
639 3176 716 3244 μὴ
751 3175 871 3246 μετ’
900 3176 1218 3244 ἐπιμελείας
1252 3176 1552 3247 ζητοῦντας
1580 3177 1707 3238 τοὺς
1735 3176 1826 3227 ὑπ’

1960 3185 2023 3254 ;υῑ
2053 3199 2185 3238 suos
2225 3181 2522 3234 monachos
2564 3193 2670 3231 non
2718 3175 3006 3244 diligenter
3050 3171 3358 3240 requirunt,
3409 3183 3508 3220 nec

243 3267 451 3329 αὑτοὺς
491 3268 780 3336 ιιοναχοὺς,
812 3266 946 3335 μηδὲ
975 3266 1460 3337 ἀναλαμϐάνοντας
1488 3267 1826 3339 ὁπουδήποτε

245 3359 701 3432 εὑρισκομένους,
730 3359 868 3426 μήτε
903 3359 1011 3430 μὴν
1053 3359 1476 3428 ἀνακτωμένους
1509 3360 1578 3412 τὰ
1618 3359 1828 3429 ψυχικά

246 3454 465 3507 τούτων
515 3453 928 3523 ἀρρωστήματα
963 3467 977 3482 ο
1011 3451 1266 3504 τοσοῦτον
1305 3452 1362 3504 δὲ
1397 3452 1522 3515 τοὺς
1561 3452 1828 3523 μοναχοὺς

249 3548 481 3604 ἀπαιτεῖ
507 3548 839 3616 προσμένειν
868 3547 988 3608 ταῖς
1015 3544 1172 3606 ἰδίαις
1201 3546 1408 3612 μοναῖς,
1441 3544 1516 3608 ὡς
1544 3545 1642 3615 τὴν
1679 3547 1824 3597 ἐκεῖ·

249 3641 346 3695 θεν
395 3638 576 3692 αὑτῶν
615 3636 963 3707 ἀναχώρησιν
1012 3637 1315 3707 ἀπόδρασιν
1358 3636 1647 3706 ὀνομάσαι,
1692 3638 1830 3708 ὅπερ

249 3735 346 3788 ἐπὶ
376 3731 578 3786 δούλων
605 3730 699 3783 καὶ
733 3729 842 3782 τῶν
873 3730 930 3782 ἐν
965 3729 1211 3798 εἱρκταῖς
1256 3729 1287 3797 ἢ
1336 3728 1556 3796 δεσμοῖς
1602 3746 1828 3797 κατεχοο

248 3829 431 3896 μένων
471 3821 630 3876 εἴωθε
668 3821 947 3890 λέγεσθαι.
995 3822 1052 3875 ’0
1086 3821 1268 3888 μέντοι
1304 3827 1361 3873 π’
1412 3820 1593 3875 κανὼν
1618 3822 1719 3891 τῆς
1772 3822 1830 3875 ἐν

247 3918 586 3989 Καροαγένῃ
645 3915 867 3969 συνόδου
925 3916 1161 3985 τιμωρεῖ
1209 3913 1300 3968 τὸν
1355 3914 1680 3982 ἐπίσκοπον,
1737 3914 1830 3967 τδν

248 4008 749 4078 δγκαταστήσαντα
805 4005 1040 4076 μοναχόν
1086 4022 1210 4059 τινα
1266 4005 1374 4060 ἀπὸ
1425 4006 1615 4077 ἑτέρας
1662 4005 1830 4076 μονῆς

251 4102 422 4173 ἑτέρα
476 4101 662 4168 ὲνορίᾳ
711 4099 1078 4167 ὑποκειμένης
1113 4099 1191 4161 είς
1243 4098 1455 4168 ἑτέραν,
1505 4098 1827 4169 κληρικδνῆ

252 4190 588 4261 ⁴ἡγούμενον.
617 4188 852 4250 Κολάζει
893 4187 950 4239 δὲ
982 4188 1076 4239 καὶ
1099 4187 1262 4241 αὑτὸν
1294 4188 1386 4240 τὸν
1428 4189 1665 4258 μοναχόν
1691 4203 1704 4218 ⁸
1735 4190 1830 4242 καὶ

251 4284 527 4355 ἀνάγνωθι
571 4283 785 4337 τοῦτον.
817 4281 883 4336 Τί
928 4282 1008 4348 δὲ,
1053 4282 1144 4336 τοῦ
1180 4283 1596 4354 καθηγουμένου
1630 4284 1834 4353 ἀναζη-

259 4380 484 4441 τοῦντος
511 4377 604 4431 τὸν
635 4378 836 4430 οἰκεῖον
864 4377 1120 4445 μοναχον,
1145 4377 1238 4429 ἐὰν
1269 4377 1432 4439 αὑτὸς
1456 4378 1829 4445 ἀποδυσπετῇ,

251 4475 307 4530 τί
360 4473 686 4542 γενήσεταις
724 4471 934 4536 Λύσις.
971 4471 1049 4522 Δι’
1100 4469 1480 4523 ὲπισκοπικῶν
1531 4469 1829 4539 ἐπιτιμίων

1933 3278 2249 3345 ubicunque
2303 3272 2504 3327 inventi
2560 3269 2762 3323 fuerint
2818 3267 3113 3335 recipiunt,
3159 3277 3263 3318 nec
3319 3273 3508 3314 eorum

1931 3373 2148 3425 animas
2207 3370 2276 3421 ab
2329 3364 2653 3438 aegritudine
2710 3373 3042 3430 recuperare
3094 3353 3440 3410 contendunt
3493 3367 3508 3382 ο

1931 3479 2107 3534 usque
2143 3463 2276 3516 adeo
2304 3470 2484 3516 autem
2523 3457 2691 3526 exigit
2719 3453 3020 3509 monachos
3068 3450 3122 3504 in
3158 3448 3278 3502 suis
3317 3459 3510 3497 mona-

1931 3560 2115 3613 steriis
2163 3571 2404 3616 manere,
2434 3564 2492 3606 ttt
2547 3565 2734 3604 eorum
2797 3546 2924 3602 inde
2986 3558 3262 3597 recessum
3332 3539 3510 3605 fugam

1933 3649 2336 3711 nominaverit;
2385 3643 2529 3713 quod
2574 3641 2795 3711 quidem
2853 3639 2918 3691 de
2963 3635 3136 3690 servis
3181 3641 3234 3683 ct
3283 3631 3373 3691 iis,
3421 3619 3514 3695 qui

1931 3741 2181 3798 custodia
2205 3754 2268 3793 ac
2295 3736 2528 3791 vinculis
2553 3741 2832 3793 tenentur,
2860 3728 2966 3782 dici
2993 3724 3300 3781 consuevit.
3333 3725 3520 3790 Atque

1931 3840 2000 3896 80
2058 3837 2278 3907 quidem
2329 3847 2529 3894 cauom
2566 3823 3038 3896 Carthaginiensis
3096 3817 3286 3890 synodi
3353 3814 3514 3884 punit

1930 3931 2268 4000 episcopum,
2309 3925 2402 3996 qui
2451 3920 2778 3978 monachum
2823 3915 3062 3982 aliquem
3095 3927 3158 3968 ex
3201 3910 3372 3962 altero
3393 3920 3512 3958 mo-

1934 4023 2175 4078 nasterio
2199 3994 2353 4073 alteri
2391 4013 2599 4084 regioni
2632 4010 2881 4078 subiecto
2913 4006 2968 4060 in
2998 4005 3106 4058 alio
3137 4000 3398 4054 clericqu
3425 3994 3509 4049 vel

1932 4113 2250 4184 praefectum
2297 4105 2604 4162 constituit.
2660 4102 2825 4156 Punit
2875 4109 3062 4150 autem
3110 4093 3276 4147 etiam
3335 4089 3522 4157 ipsum

1935 4208 2258 4267 monachum
2295 4223 2308 4259 :
2342 4212 2395 4260 et
2427 4203 2542 4272 lego
2589 4199 2788 4269 ipsum.
2821 4194 2961 4258 Quid
3000 4202 3203 4247 autem,
3236 4185 3280 4240 si
3317 4181 3521 4254 przefe~

1933 4312 2056 4360 ctus
2110 4307 2317 4369 qtmrat
2371 4310 2530 4351 suum
2577 4289 2930 4349 monachum,
2977 4293 3032 4338 et
3073 4283 3192 4350 ipsc
3237 4274 3515 4344 aufugiat,

1933 4396 2060 4467 quid
2095 4365 2220 4447 fiet?
2251 4388 2486 4444 Salutio.
2514 4380 2930 4455 Episcopalibus
2956 4374 3144 4429 multis
3183 4378 3407 4439 cogetur
3439 4365 3516 4418 ait

1938 4484 2329 4542 monasterium
2364 4477 2583 4540 reverti,
2616 4476 2670 4529 in
2702 4488 2810 4539 quo
2851 4479 3042 4522 tonsus
3085 4473 3191 4523 est,
3226 4461 3332 4514 uisi
3369 4458 3522 4510 forte

253 4563 739 4634 ἀναγκασθήσεται
768 4562 1108 4630 ὑποστρέψαι
1143 4563 1223 4618 είς
1257 4561 1324 4633 ἢν
1353 4561 1611 4632 ἁπεκάρη
1642 4561 1826 4630 μονὴν,

1960 4579 2202 4632 ὐιίοηειη
2257 4573 2494 4640 aliquam
2547 4563 2882 4637 probabilem
2940 4556 3150 4610 alferat.
3202 4550 3336 4606 Nota
3403 4547 3512 4599 lucc

255 4661 307 4714 εί
366 4659 440 4729 μή
498 4674 586 4710 πω
625 4655 772 4722 λέγει
813 4673 866 4708 τι
915 4654 1156 4723 εὔλογον.
1201 4655 1518 4724 Σημείωσαι
1548 4654 1718 4707 ταῦτα
1749 4655 1836 4706 διὰ.

253 4751 384 4813 τοὺς
425 4747 806 4816 ξενοκουρίτας
868 4745 1158 4818 μοναχοὺ;.
1229 4746 1572 4814 ’Δνάγνωσον
1625 4747 1838 4800 καὶτὸν

257 4844 486 4898 ἔπιόντα
514 4841 740 4895 κανόνα.

333 4935 580 4990 ΖΩΝΑΡ.
638 4931 879 4994 Κανόνες
932 4931 1180 5000 διάφοροι
1222 4929 1429 4999 ὥρισαν
1466 4929 1541 5002 μὴ
1582 4929 1841 4984 δύνασθαι

261 5031 389 5090 τοὺς
446 5027 714 5097 μοναχοὺς
755 5026 821 5077 τὰ
868 5024 925 5076 ὲν
955 5021 1033 5086 οἷς
1087 5023 1450 5092 ἀπεκάρησαν
1498 5022 1840 5092 μοναστήρια

263 5119 785 5187 καταλιμπάνοντας
834 5117 892 5169 ὲν
918 5116 1107 5177 ἀλλαις
1152 5115 1370 5168 ἀπιέναι
1411 5114 1682 5184 μοναῖς,ἢ
1715 5115 1841 5181 τῇδε

262 5215 492 5266 κάκεῖτε
547 5209 1008 5281 περιπλανᾶσοαι.
1055 5207 1217 5262 Ἀλλὰ
1245 5207 1424 5273 τοῦτο,
1481 5207 1646 5277 φησὶν
1676 5209 1704 5260 ὁ
1738 5223 1838 5259 καο

262 5305 372 5359 νὼν
396 5297 574 5367 οὗτος,
606 5303 793 5364 κακῶς
851 5301 1282 5369 πρατττόμενον,
1313 5298 1573 5367 χειρόνως
1615 5297 1671 5351 δὲ
1702 5315 1841 5368 παρ-

265 5395 548 5465 ορώμενον
596 5393 978 5464 διορθούμεθα.
1038 5391 1149 5445 Καὶ
1180 5394 1229 5444 εἰ
1280 5391 1354 5461 μὴ
1410 5393 1460 5443 οἱ
1506 5391 1613 5444 τῶν
1665 5390 1842 5458 μονῶν

264 5487 686 5561 προϊστάμενοι,
721 5486 814 5553 ἀφ’
847 5479 922 5537 ὧν
955 5484 1332 5554 ὑποχωροῦσιν
1358 5484 1406 5536 ot
1441 5484 1667 5554 μοναχοὶ
1716 5483 1844 5535 το).-

267 5583 370 5655 λὴν
401 5581 729 5651 ἐπιμέλειαν
771 5578 1056 5632 ποιοῦνται
1087 5579 1164 5640 είς
1199 5577 1260 5629 τὸ
1303 5577 1592 5646 ἀναζητεῖν
1625 5576 1717 5629 καὶ
1748 5576 1840 5627 εὑ⁹

271 5676 485 5746 ρίσκειν
510 5671 704 5728 αὑτοὺς
766 5671 860 5722 καί
894 5667 1372 5736 ἀναλαμὸάνεσθαι
1403 5668 1495 5720 καὶ
1526 5667 1841 5735 ἁγωνίζςιν·

264 5782 325 5822 το
356 5763 706 5830 καταλὶήὶως
725 5761 798 5832 τῷ
839 5759 1132 5828 πταίσματι
1164 5757 1489 5828 θεραπεύειν
1521 5757 1608 5810 τὸν
1639 5757 1840 5809 νοσοῦν·

267 5877 356 5919 υ,
401 5860 492 5910 καὶ
549 5855 713 5910 ςπεδ
748 5875 796 5906 ιν
845 5855 1181 5919 ἀνακεᾶσθαι
1220 5851 1381 5904 αὑτὸν
1425 5852 1511 5902 καὶ
1568 5851 1839 5903 meam-

1941 4678 2160 4740 propter
2201 4666 2330 4720 alibi
2398 4672 2590 4716 tousos
2640 4653 2962 4713 monachos.
3021 4649 3164 4719 Lege
3213 4645 3376 4700 etiam
3433 4654 3509 4692 se-

1939 4770 2196 4832 quentem
2225 4770 2510 4812 canonetn.

2012 4932 2268 4990 ΖΟΝΔΒ.
2294 4929 2549 4985 Pluribus
2579 4937 2850 4980 canonum
2891 4915 3289 4976 sanctionibus,
3320 4923 3514 4978 nequeo

1944 5040 2106 5091 quam
2133 5019 2600 5076 monachislicerc
2617 5011 2983 5072 monasteriis,
3005 5009 3058 5060 in
3083 5007 3282 5076 quibus
3303 5001 3522 5055 det0us'l

1947 5116 2166 5169 fuerunt
2209 5109 2412 5164 relictis
2439 5105 2504 5159 ad
2533 5104 2638 5158 alia
2668 5117 2788 5156 Sese
2821 5099 3070 5154 conferre
3125 5103 3220 5147 aut
3254 5092 3359 5145 huc
3389 5089 3516 5143 illuc

1944 5203 2285 5258 errabundos
2311 5198 2514 5268 vagari,
2545 5195 2826 5250 decretum
2864 5199 2968 5244 est.
3016 5187 3122 5242 Sed
3164 5185 3293 5246 hoc,
3343 5180 3517 5248 inquit

1945 5298 2034 5351 hic
2064 5310 2261 5356 canon,
2294 5291 2436 5344 male
2477 5294 2777 5346 servatum,
2819 5280 3170 5348 deteriusque
3214 5274 3516 5341 neglectum

1944 5388 2293 5456 Corrigintus.
2326 5384 2403 5435 Ac
2439 5380 2542 5434 nisi
2567 5391 2778 5438 eorum,
2813 5374 2953 5427 unde
2993 5388 3052 5427 se
3087 5365 3340 5422 monachi
3385 5361 3520 5417 sub-

1945 5480 2170 5539 ducunt,
2227 5470 2678 5528 monasteriorum
2727 5463 3009 5535 praesides,
3069 5457 3295 5512 multam
3337 5452 3391 5506 itt
3440 5451 3521 5504 eis

1945 5568 2272 5642 qurereudis,
2305 5561 2648 5618 inveniendis
2692 5573 2755 5610 ac
2807 5549 3130 5622 recipiendis
3178 5539 3518 5612 diligentiam

1946 5632 2259 5723 adhibeant,
2308 5657 2604 5722 morboque
2659 5648 2890 5707 affectis,
2933 5650 3094 5714 prout
3145 5632 3516 5709 prolapsionis
3569 5637 3574 5642 '

1947 5757 2084 5812 ratio
2121 5749 2498 5822 postulaverit,
2546 5742 2864 5798 medicinam
2924 5738 3124 5795 facere,
3165 5737 3218 5780 ιιι
3268 5727 3516 5778 labentes

1946 5855 2253 5902 sustentare
2309 5857 2368 5895 ac
2423 5840 2613 5894 fulcire
2685 5831 3082 5890 t'titllt‘tttict‘lli.
3145 5815 3521 5880 St‘m'ccalioﬂo
