3972 6488
173 387 321 452 ιοέι

254 616 277 651 ι
326 599 454 670 χοὺς
484 600 770 666 ὑποδίκους
809 607 973 659 ποιεῖ.
1022 623 1042 658 ι

246 869 451 926 ΒΑΛΣ.
485 871 565 925 Τά
601 872 690 926 διὰ
715 874 812 943 τὴν
838 876 1038 928 κακίαν
1062 877 1154 928 καὶ
1203 875 1303 946 τὴν
1356 876 1599 929 ἐπίθεσιν
1644 874 1754 927 τῶν

171 963 558 1034 εἰκονομάχων
612 968 962 1037 συμπεσόντα
997 968 1144 1020 δεινὰ
1177 972 1285 1031 τοῖς
1322 970 1576 1038 μοναχοῖς
1623 968 1754 1020 ἐπο-

172 1055 441 1110 νείδιστον
467 1061 836 1128 ἀπειργάσατο
861 1061 922 1114 τὸ
965 1062 1258 1131 μοναχικδν
1291 1062 1584 1128 σεϐάσμιον
1621 1061 1756 1129 σχῆο

172 1163 279 1213 μα,
314 1150 481 1218 φησίν
505 1153 533 1204 ὁ
559 1153 757 1206 κανών.
790 1154 1096 1206 Κατέλιπον
1123 1153 1232 1223 γὰρ
1274 1153 1372 1217 τὰς
1417 1153 1553 1214 ἰδίας
1587 1153 1755 1222 μονὰς

170 1240 219 1289 οἰ
261 1242 598 1308 μονάζοντες
626 1243 715 1298 διὰ
759 1245 859 1315 τὴν
887 1247 998 1300 τῶν
1026 1248 1323 1318 αἰρετικῶν
1355 1249 1586 1319 ἀπειλήν
1617 1264 1631 1279 ο
1663 1249 1755 1301 καὶ

171 1336 223 1386 οἰ
258 1335 364 1402 μὲν
410 1338 488 1400 εἰς
515 1338 702 1409 ἕτερον
733 1342 1035 1408 μετέπεσον
1069 1345 1453 1415 μοναστήριον,
1487 1344 1537 1396 οἰ
1578 1343 1634 1396 δὲ
1674 1345 1755 1406 εἰς

171 1429 424 1496 κοσμικά
453 1432 756 1486 κατέλυσαν
786 1435 1121 1504 καταγώγια.
1164 1438 1272 1491 Καὶ
1307 1438 1428 1491 τότε
1464 1437 1562 1507 μὲν
1597 1437 1755 1490 ἀνεὺ-

174 1519 343 1572 Θυνον
373 1522 591 1593 ὑπῆρχε
622 1525 681 1577 τὸ
707 1527 1022 1594 γενόμενον,
1069 1531 1372 1598 κατήντησε
1407 1529 1462 1582 δὲ
1487 1529 1645 1583 τοῦτο
1676 1532 1757 1590 εἰς

173 1612 401 1680 γέλωτα
437 1619 548 1679 τοῖς
599 1617 836 1681 πολλοῖς.
888 1620 1194 1688 ΠαυΟείσης
1225 1622 1334 1690 γὰρ
1377 1621 1479 1690 τῆς
1520 1622 1626 1675 ἀπδ
1661 1622 1755 1675 τοὺ

170 1704 426 1775 διωγμοῦ
460 1707 567 1760 τῶν
591 1710 938 1773 Χριστιανῶν
965 1711 1216 1782 ἀπειλῆς,
1257 1711 1347 1766 διά
1387 1713 1447 1765 τὸ
1497 1713 1757 1782 ὑφαπλω-

1374 402 1451 462 ΡΝ
1489 402 1657 462 CAN.
1708 399 1784 461 IV
1827 397 2037 460 CONC.
2073 398 2276 461 CPOL.

250 523 274 558 α
323 503 477 560 τοῦτο
505 505 627 562 οὔτε
651 509 779 574 τοὺς
805 509 1236 584 ὑποδεχομένους
1264 512 1387 568 οὑτε
1420 516 1545 578 τοὺς
1585 531 1753 586 μονα·
1783 515 1824 570 Δ

3291 389 3428 456 1022

1944 534 1962 567 ι
2031 531 2218 570 eorum
2277 517 2371 588 qui
2439 512 2748 570 inhabitant
2807 510 3062 576 salutem,
3137 509 3432 566 traducere

1935 625 1952 657 ι
1993 607 2286 672 censuerit,
2320 607 2402 663 vel
2434 607 2486 661 iu
2514 606 2708 676 quovis
2735 604 2841 658 alio
2878 604 2998 658 loco
3035 602 3428 673 praponeudos

1935 723 1952 754 ι
2004 703 2232 772 putarit,
2275 703 2378 757 hoc
2426 717 2604 771 neque
2657 715 2752 755 eos
2796 698 2888 769 qui
2945 696 3277 767 suscipiunt,
3327 711 3426 749 nec

1931 814 1950 846 ι
1984 797 2130 864 ipsos
2161 796 2460 850 monachos
2495 794 2768 849 obnoxios
2794 791 3002 846 reddet.
3048 808 3068 843 ι

1927 888 2126 946 BALS.
2158 888 2290 954 Quae
2319 900 2540 958 propter
2577 885 3072 940 lconomachorum
3103 881 3426 950 improbita-

1855 993 1960 1036 tem
1986 991 2038 1036 et
2064 982 2324 1038 iusultum
2362 982 2502 1034 mala
2545 978 2830 1034 monachis
2865 976 3208 1040 acciderant,
3237 989 3428 1029 mona~

1856 1077 2049 1132 sticnm
2107 1073 2476 1130 venerandum
2545 1071 2786 1126 habitum
2856 1070 3181 1139 probrosum
3229 1064 3429 1120 effece-

1857 1178 2002 1232 runt,
2038 1177 2097 1222 ut
2126 1166 2307 1234 iuquit’
2327 1182 2530 1220 canon.
2559 1164 2808 1218 Monachi
2833 1162 2975 1216 enim
3003 1159 3218 1229 propria
3244 1171 3432 1211 mona-

1858 1264 2025 1315 SIeria
2061 1262 2425 1330 reliquerunt,
2461 1269 2684 1328 propter
2713 1256 2890 1309 minas
2918 1253 3302 1308 luereticorum
3336 1266 3348 1301 :
3377 1256 3433 1299 et

1859 1355 1948 1408 alii
1981 1352 2199 1422 quidem
2241 1367 2300 1406 se
2333 1352 2386 1405 in
2420 1351 2522 1403 alia
2566 1348 2893 1403 monasteria
2923 1345 3292 1405 contulerunt,
3339 1344 3431 1395 alii

1858 1461 1987 1500 vero
2021 1446 2073 1500 in
2129 1444 2421 1498 mundanis
2467 1439 2798 1496 habitaculis
2849 1436 3014 1492 vitam
3058 1443 3307 1504 egerunt.
3365 1433 3429 1484 lit

1860 1551 1989 1595 tunc
2019 1538 2280 1608 anidem,
2331 1533 2476 1606 quod
2527 1533 2596 1588 al)
2644 1532 2724 1586 eis
2789 1530 2971 1592 fiebat,
3001 1537 3120 1580 erat
3171 1525 3238 1579 ab
3285 1525 3432 1578 omni

1862 1632 2020 1702 culpa
2055 1639 2110 1685 et
2135 1629 2564 1700 reprehensione
2593 1626 2828 1680 alienum
2861 1639 2876 1676 :
2911 1619 3085 1677 evasit
3113 1627 3294 1672 autem
3335 1615 3438 1668 hoc

1861 1735 2047 1792 postea
2097 1722 2288 1778 multis
2349 1720 2662 1776 ridiculum.
2709 1715 2846 1771 Cum
2896 1713 3042 1768 enim
3097 1707 3438 1765 cessaverint

173 1797 342 1866 Θῆναι
376 1799 477 1898 τὴν
508 1801 840 1898 όρθοδοξίαν,
859 1803 1003 1865 τινὲς
1028 1803 1138 1856 τῶν
1165 1806 1414 1874 μοναχῶν
1437 1805 1760 1874 ἀνερυοριά-

1875 1819 2020 1872 uina:
2072 1832 2194 1888 qua:
2251 1815 2306 1870 in
2360 1812 2706 1870 Christianos
2757 1807 3172 1863 intentabantur
3215 1809 3438 1873 propter

175 1907 326 1954 στως
359 1892 603 1964 τολμῶσι
636 1897 812 1947 ποιεῖν
858 1894 1001 1967 ἆπερ
1027 1894 1112 1948 διά
1141 1895 1242 1966 τὴν
1269 1896 1517 1966 ἀνάγκην
1541 1896 1760 1950 ἀκινδὺ-

179 2001 287 2047 νως
319 1985 573 2053 ἐγίνοντο
598 1990 751 2057 παρά
784 2007 970 2044 τινων.
1001 1990 1090 2059 Τῷ
1115 2008 1195 2044 τοι
1228 1993 1320 2043 καὶ
1363 1992 1668 2060 ὑποχωρεῖν
1696 1991 1762 2043 ἐκ

174 2075 285 2126 τῶν
305 2076 534 2130 οἰκείων
562 2079 943 2148 ἀποκάρσεων,
967 2080 1061 2133 καὶ
1086 2079 1236 2150 παρά
1263 2082 1386 2143 ταῖς
1410 2080 1598 2134 πόλεσι
1625 2081 1763 2150 μετὰ

175 2167 392 2219 λαῖκῶν
416 2169 711 2239 διατρίϐειν
744 2170 843 2224 οὑκ
876 2172 1255 2241 αἰσχύνονται,
1297 2172 1762 2242 προφασιζόμενοι

178 2262 272 2312 xz‘t
319 2262 476 2329 παρά
511 2262 620 2316 τῶν
658 2262 763 2332 πρὸ
795 2264 977 2316 αὑτῶν
1012 2263 1265 2332 μοναχῶν
1314 2262 1545 2317 τοιαῦτα
1589 2263 1763 2316 πολλὰ

179 2353 452 2420 γίνεσθαι.
517 2356 627 2409 Καὶ
683 2356 805 2408 ἐπεὶ
849 2356 1009 2409 τοῦτο
1052 2356 1417 2422 ἀνυποταξίας
1461 2357 1764 2427 κατηγορεῖ

181 2449 311 2510 τοὺς
357 2449 653 2517 μοναχοὺς,
684 2449 780 2502 καὶ
802 2448 902 2518 τὴν
939 2448 1282 2503 κατάστασιν
1333 2450 1444 2501 τῶν
1496 2465 1764 2520 μοναστη-

186 2540 313 2610 ρίων
350 2541 704 2610 λυμαίνεται.
735 2541 936 2610 ὥρισεν
967 2542 1386 2611 ἀφωρισμένους
1412 2536 1553 2594 εἶναι
1580 2541 1673 2594 τόν
1703 2557 1765 2594 τε

184 2634 290 2685 ἀπὸ
321 2633 428 2702 τῆς
462 2637 518 2686 ἐν
606 2634 914 2700 ἀπετάξατο
966 2635 1134 2704 μονῆς
1177 2635 1564 2704 ἀποδράσαντα
1597 2652 1764 2705 μονα·

183 2726 294 2796 χδν,
326 2727 426 2779 καὶ
457 2729 535 2788 εἰς
569 2727 754 2795 ἕτερον
777 2727 1032 2797 δεχὺέντα
1064 2728 1446 2797 μοναστήριον,
1480 2727 1616 2780 ἀλλὰ
1655 2729 1766 2800 μὴν

183 2821 278 2874 καὶ
304 2821 402 2873 τὸν
439 2822 627 2874 τοῦτον
651 2821 944 2891 δεξάμενον
970 2821 1294 2890 ἡγούμενον,
1325 2820 1437 2873 ἐστ’
1473 2821 1539 2874 ἂν
1568 2821 1596 2874 ὁ
1627 2822 1764 2875 ἀπο-

187 2909 384 2980 φυγὼν
417 2912 645 2981 μοναχδς
676 2910 992 2983 ὑποστρέψῃ
1038 2912 1118 2973 εἰς
1165 2911 1262 2982 τὴν
1309 2912 1521 2966 οἰκείαν
1571 2913 1760 2982 μονήν.

185 3004 292 3057 Καὶ
342 3003 519 3057 ταῦτα
579 3005 696 3073 μὲν,
743 3006 871 3057 ὅταν
923 3005 1166 3058 τοιοῦτόν
1212 3023 1263 3058 τι
1311 3005 1536 3076 γένηται
1594 3007 1766 3076 χωρὶς

187 3095 558 3163 ἐπισκοπικῆς
589 3097 849 3167 εἰδήσεως
925 3100 973 3150 εἰ
1004 3098 1057 3150 δὲ
1090 3101 1115 3150 ό
1152 3097 1292 3150 κατά
1325 3098 1509 3168 χώραν
1539 3098 1765 3152 ἐπίσκο·

189 3203 286 3250 πος
320 3187 656 3258 κατανοήσει
708 3189 865 3256 τήνδε
915 3187 1120 3257 (τυχὸν)
1155 3188 1254 3259 τὴν
1305 3188 1470 3259 μονὴν
1504 3189 1576 3260 μὴ
1624 3189 1772 3258 ἔχειν
1800 3181 1844 3241 C

192 3281 467 3351 povaxob;
488 3280 758 3345 εὑλαϐεϊς,
786 3281 1005 3345 ἱκανοὺς
1039 3283 1101 3334 ἐκ
1129 3281 1236 3334 τῶν
1267 3282 1483 3336 οἰκείων
1515 3282 1768 3352 πράξεων

195 3376 286 3426 καὶ
317 3373 520 3436 ἄλλους
553 3375 686 3444 πρὸς
715 3375 989 3444 σωτηρίαν
1027 3379 1384 3443 μεταγαγεῖν,
1425 3380 1519 3427 καὶ
1548 3376 1775 3446 δοκιμά-

198 3483 276 3518 σει
330 3465 614 3535 συμφέρον
648 3461 788 3518 εἶναι
825 3467 1212 3536 μετενεχθῆναι
1239 3468 1386 3520 τόνδε
1415 3467 1509 3520 τὸν
1539 3468 1772 3537 μοναχὸν

191 3559 280 3628 ἀφ’
313 3557 386 3629 ἧς
429 3560 686 3630 ἀπεκάρη
727 3563 893 3630 μονῆς
920 3563 997 3624 εἰς
1035 3561 1250 3632 ἑτέραν,
1282 3563 1314 3632 ἢ
1359 3561 1773 3630 ἐγκαταστῆσαι

191 3655 266 3716 εἰς
306 3653 586 3723 κοσμικὰς
627 3653 806 3717 οἰκίας
853 3654 1194 3724 οἰκονόμους,
1219 3654 1306 3709 διὰ
1352 3655 1627 3725 σωτηρίαν
1663 3655 1773 3708 τῶν

191 3745 602 3799 κατοικούντων
631 3747 689 3800 ἐν
715 3747 874 3817 αὑτῇ,
923 3747 954 3816 ἢ
1008 3749 1101 3800 καὶ
1132 3746 1368 3817 ἀλλαχοῦ
1407 3765 1508 3801 που
1542 3747 1771 3800 ἐπιστα-

191 3841 381 3907 τῆσαι,
410 3840 696 3909 γενήσεται
730 3839 1406 3920 τοῦτοάπαρεμποδίστως
1428 3856 1444 3873 ο
1500 3841 1637 3910 μήτε
1667 3840 1774 3893 τῶν

199 3931 452 4000 μοναχῶν
487 3931 621 4000 μήτε
653 3930 761 3982 τῶν
793 3929 1205 3999 ὑποδεχομένων
1230 3929 1426 3993 αὑτοὺς
1450 3929 1775 3996 ὀφειλόντων

199 4025 340 4086 ὅλως
367 4023 926 4094 προγριματισθῆναι.
961 4023 1178 4075 Τοὺτων
1211 4021 1383 4084 οὑτως
1416 4023 1668 4092 ἐχόντων,
1699 4015 1777 4074 εἷο

203 4117 300 4169 πόν
334 4131 483 4176 τινες
515 4112 893 4166 ἐναντιοῦσθαι
914 4113 1086 4166 ταῦτα
1116 4115 1228 4176 τοῖς
1263 4112 1639 4166 θεσπισοείσιν
1671 4111 1774 4164 ὑπὸ

195 4206 287 4260 τοῦ
347 4211 401 4259 π’
479 4205 706 4268 κανόνος
759 4205 860 4275 τῆς
917 4205 974 4257 ἐν
1018 4205 1346 4276 Καροαγέκιῃ
1394 4205 1635 4267 συνόδου,
1682 4204 1778 4257 καὶ

195 4297 592 4370 διοριζομένοις
642 4297 735 4350 τὸν
777 4297 1017 4349 τοιοῦτόν
1062 4313 1110 4349 τι
1152 4296 1414 4350 ποιοῦντα
1453 4297 1774 4360 ἐπίσκοπον,

197 4394 286 4446 καὶ
339 4391 894 4460 ὑποδεχόμενον,.ἀπδ
941 4389 1221 4460 ἀλλοτρίου
1258 4389 1626 4461 μοναστηρίου
1680 4407 1776 4458 μοι

1865 1913 2299 1986 perseeutionem
2352 1923 2418 1963 eo
2472 1906 2618 1975 quod
2674 1903 2980 1958 orthodoxa
3034 1896 3305 1953 sententia
3367 1897 3439 1948 sit

1864 2008 2092 2078 simplex
2123 2015 2175 2060 et
2207 2011 2430 2074 aperta;
2465 2000 2683 2071 quidam
2716 2008 2893 2052 tamen
2942 1990 3195 2048 monachi
3236 1990 3438 2044 audent

1865 2104 2072 2170 absque
2106 2099 2217 2154 ullo
2257 2097 2464 2166 pudore
2491 2110 2553 2149 ea
2590 2092 2792 2158 facere,
2826 2104 2946 2158 qua:
2981 2096 3208 2159 propter
3247 2098 3438 2138 neces-

1865 2197 2078 2250 sitatem
2124 2192 2191 2245 ab
2224 2188 2494 2258 aliquibus
2521 2200 2711 2241 secure
2763 2183 2982 2238 fiebant.
3013 2181 3130 2245 Quo
3162 2178 3240 2242 fit,
3278 2187 3333 2228 ut
3386 2183 3441 2228 et

1866 2307 1893 2344 a
1924 2288 2156 2359 propriis
2183 2295 2427 2341 tonsura:
2460 2282 2595 2337 locis
2631 2281 2908 2342 recedant,
2945 2285 2998 2331 et
3033 2276 3086 2329 iu
3119 2271 3437 2328 civitatibus

1866 2399 1991 2437 eum
2024 2380 2177 2436 laicis
2217 2382 2422 2432 versari
2465 2390 2570 2430 non
2611 2373 2972 2435 erubescant;
3019 2368 3124 2422 hoc
3174 2373 3438 2436 praatextn

1869 2484 2104 2537 utentes,
2151 2470 2294 2541 quod
2328 2485 2357 2523 a
2405 2464 2710 2522 monachis.
2750 2463 2842 2532 qui
2884 2476 2980 2514 eos
3022 2462 3440 2528 praecesserunt,

1868 2567 2036 2623 multa
2077 2561 2346 2635 ejusmodi
2378 2560 2518 2614 facta
2551 2558 2682 2613 sint.
2723 2557 2784 2610 Et
2819 2551 3077 2622 quoniam
3115 2550 3220 2603 hoc
3249 2560 3441 2599 mana-

1867 2662 2095 2715 chorum
2161 2652 2585 2712 inohedientiam
2634 2649 2837 2717 arguit,
2882 2654 2936 2700 et
2983 2639 3440 2697 monasteriorum

1868 2752 2315 2810 constitutionem
2369 2745 2587 2809 evertit,
2637 2741 2829 2798 statuit
2880 2736 3142 2808 synodus,
3170 2742 3278 2785 tam
3317 2743 3440 2784 eum

1869 2845 1960 2916 qui
1987 2860 2013 2897 a
2050 2839 2384 2896 monasterio
2417 2837 2470 2892 in
2514 2850 2622 2905 quo
2647 2832 2982 2887 constitutus
3009 2836 3094 2882 est
3129 2823 3360 2893 aufugit,
3390 2829 3446 2872 et

1869 2943 1922 2995 in
1963 2939 2133 2994 altero
2169 2931 2509 2989 monasterio
2552 2933 2844 2994 susceptus
2881 2929 2989 2985 est,
3041 2931 3204 2987 quam
3263 2921 3443 2982 ipsum

1874 3033 2038 3090 etiam
2104 3025 2445 3100 pra‘fectum,
2509 3019 2751 3090 quicum
2820 3010 3064 3078 suscepit
3127 3013 3446 3075 segregatos

1875 3143 2016 3186 csse,
2069 3123 2242 3178 donec
2292 3115 2594 3172 monachus
2645 3111 2736 3180 qui
2800 3105 3011 3174 aufugit
3058 3101 3123 3156 ad
3165 3098 3443 3169 proprium

1879 3213 2271 3274 monasterium
2322 3214 2647 3265 revertatur.
2686 3203 2750 3255 Et
2803 3200 2919 3255 ha‘c
2951 3196 3170 3268 quidem
3226 3188 3448 3258 quando

1877 3312 2084 3380 absque
2132 3301 2426 3374 episcopali
2478 3296 2706 3353 scientia
2746 3290 2953 3362 aliquid
3001 3282 3318 3356 huiusmodi
3364 3279 3447 3334 fa-

1876 3413 2022 3458 ctum
2049 3402 2138 3456 sit.
2171 3399 2224 3452 Si
2259 3407 2437 3451 autem
2478 3391 2597 3462 ejus
2626 3387 2865 3459 regionis
2901 3383 3194 3452 episcopus
3223 3373 3449 3430 intelle-

1877 3497 2039 3558 xerit,
2075 3494 2178 3546 hoc
2212 3487 2382 3560 (verbi
2429 3481 2623 3555 gratia)
2661 3477 3049 3533 monasterium
3087 3473 3204 3543 pios
3227 3479 3279 3525 et
3316 3468 3446 3522 reli-

1876 3591 2059 3660 giosos
2100 3582 2400 3640 monachos
2446 3593 2553 3632 non
2591 3575 2815 3634 habere,
2852 3584 2950 3624 nec
2985 3565 3227 3638 propriis
3272 3563 3450 3616 actio-

1876 3683 2039 3738 nibus
2066 3688 2222 3750 aptos
2258 3683 2313 3730 ut
2341 3671 2405 3726 ad
2441 3669 2672 3727 salutem
2703 3665 2840 3719 alios
2873 3660 3186 3721 traducant,
3228 3665 3280 3712 et
3315 3653 3460 3709 utile.-

1876 3767 2366 3840 essejudicaverit,
2402 3773 2460 3818 ut
2491 3762 2580 3816 hic
2616 3757 2864 3812 videlicet
2900 3751 3205 3806 monachus
3255 3763 3282 3800 a
3332 3759 3450 3798 mo-

1878 3865 2138 3928 nasterio,
2177 3864 2230 3915 in
2266 3876 2377 3929 quo
2419 3866 2615 3910 tonsus
2650 3860 2752 3916 est,
2784 3851 2836 3903 iu
2867 3845 3015 3901 aliud
3051 3839 3446 3912 :transferatur,

1877 3959 1958 4011 vel
1995 3958 2155 4010 etiam
2208 3953 2275 4007 ad
2325 3947 2607 4006 saecularis
2654 3945 2853 3998 domus
2914 3933 3452 3992 administrationem

1879 4057 2102 4120 propter
2135 4059 2325 4100 eorum
2351 4040 2442 4108 qui
2481 4040 2533 4092 iu
2567 4038 2683 4106 ipsa
2718 4033 2966 4088 habitant
2996 4030 3250 4090 salutem,
3284 4023 3451 4078 collo~

1877 4152 2050 4203 cctnr,
2084 4139 2165 4193 vel
2197 4137 2379 4204 aliquo
2415 4133 2522 4185 alio
2559 4131 2611 4183 in
2649 4128 2771 4182 loco
2823 4123 3174 4194 praeficiatur,
3212 4121 3316 4171 hoc
3357 4120 3450 4169 fiet-

1879 4230 2130 4289 sineullo
2163 4224 2552 4292 impedimento
2590 4237 2601 4272 :
2635 4225 2818 4283 utpote
2847 4229 2970 4268 cum
3006 4226 3104 4265 nec
3139 4207 3459 4268 monachis,

1877 4338 1979 4378 nec
2000 4321 2067 4376 iis
2091 4319 2181 4387 qui
2207 4317 2326 4370 illos
2345 4307 2869 4379 suscipiunt,debcat
2885 4303 3052 4357 ullmn
3073 4297 3457 4369 prmjudit‘ium

1880 4415 2082 4472 afferri.
2113 4411 2237 4465 [hec
2271 4424 2393 4464 cum
2427 4408 2499 4461 ita
2534 4419 2591 4460 se
2634 4400 2893 4464 habeant,
2930 4394 3184 4450 dixerunt
3231 4389 3458 4460 quidam

197 4485 381 4555 ναχὶν,
407 4487 501 4538 καὶ
527 4484 782 4536 ποιοῦντα
813 4482 974 4536 αὑτὸν
999 4479 1254 4552 κληρικὸν
1283 4481 1314 4551 ἢ
1345 4482 1769 4552 κοιῡηγούμεκων¹

1884 4511 1996 4564 haec
2014 4502 2286 4560 adversari
2311 4502 2376 4554 iis
2399 4513 2518 4569 quae
2551 4495 2620 4550 80
2637 4507 2759 4548 can.
2780 4483 3231 4555 Carthaginiensis
3257 4479 3454 4551 synodi

197 4577 302 4629 ἀπὸ
331 4577 434 4644 τῆς
463 4576 572 4628 τῶν
599 4575 800 4627 λοιπῶν
832 4573 1078 4642 ἀδελφῶν
1103 4573 1388 4636 κοινωνίας
1420 4574 1770 4643 χωρίζεσθαι,

198 4670 288 4720 καί
319 4670 389 4738 τῇ
446 4665 540 4719 τοῦ
581 4666 713 4719 ἰδίου
750 4665 881 4719 λαοῦ
916 4666 1173 4735 κοινωνία
1227 4665 1514 4734 ἀρκεῖσθαι
1551 4681 1564 4696 ·
1600 4665 1686 4716 τὸν
1719 4665 1774 4717 δὲ

205 4760 444 4828 μοναχὸν
496 4759 630 4828 μηδὲ
682 4758 946 4826 κληρικον
981 4754 1119 4810 εἶναι
1171 4757 1305 4826 μηδὲ
1345 4757 1774 4826 καθηγούμενον.

214 4852 356 4906 Ἀλλ’
408 4851 510 4903 οὑκ
555 4849 713 4914 εἰσὶν,
763 4850 837 4913 ὡς
869 4851 993 4918 ἐμοὶ
1037 4850 1206 4915 δοκεῖ,
1253 4849 1472 4901 ἐναντία
1503 4866 1517 4881 ·
1570 4850 1777 4911 ἐκεῖνος

207 4945 302 5012 μὲν
362 4943 524 5013 γάρδ
553 4941 732 4996 κανὼν
783 4942 1004 5004 κολάζει
1047 4942 1138 4994 τὸν
1187 4941 1486 4993 ἐπίσκοπον
1535 4941 1625 4993 τὸν
1671 4939 1777 4993 ἀπὸ

206 5037 493 5106 ἀλλοτρίας
526 5034 734 5102 ἐνορίας
763 5033 1050 5103 δεχόμενον
1080 5034 1383 5103 οἱονδήτινα
1409 5031 1660 5102 μοναχὸν,
1682 5032 1779 5084 καὶ

205 5128 554 5180 καθιστῶντα
603 5126 791 5179 τοῦτον
836 5126 972 5194 πρὸς
1013 5126 1291 5196 κλήρωοιν
1329 5125 1360 5194 ἢ
1414 5124 1777 5194 ήγουμενείαν

210 5221 378 5290 μονῆς
411 5220 778 5291 διαφερούσης
813 5220 964 5290 αὐτῷ
996 5221 1164 5288 χωρὶς
1211 5219 1468 5288 εἰδήσειυς
1513 5217 1605 5271 τοῦ
1641 5235 1776 5287 προ-

204 5317 363 5385 τέρου
411 5315 712 5367 ἐπισκόπου
746 5312 912 5365 αὑτοῦ
941 5328 953 5342 ·
990 5312 1253 5375 ὡσαύτως
1296 5314 1525 5382 τιμωρεί
1559 5312 1651 5364 καὶ
1689 5311 1778 5364 τὸν

213 5409 444 5477 μοναχόν
469 5425 484 5439 ο
511 5409 537 5460 ό
558 5406 614 5461 δὲ
647 5405 839 5476 παρὼν
867 5408 1102 5476 ἐγχωρεῖ
1131 5405 1208 5475 τῷ
1237 5405 1520 5475 ὲπισκόπῳ
1547 5406 1655 5460 ἀπὸ
1673 5407 1778 5457 τῶν

208 5499 298 5551 δύο
323 5497 702 5568 διαφερουσῶν
736 5495 903 5550 αὑτοῦ
945 5498 1265 5565 μεταθέσεις
1314 5499 1488 5549 ποιεῖν
1523 5495 1779 5566 μοναχῶν

212 5591 348 5644 κατά
385 5590 448 5642 τὸ
480 5587 639 5655 δόξαν
687 5589 882 5660 τούτῳ.
924 5589 1164 5642 Γίνωσκε
1221 5587 1279 5640 δὲ
1323 5589 1407 5641 ὅτι
1445 5588 1638 5655 γέγονε
1684 5587 1778 5640 καὶ

213 5682 504 5751 σημείωμα
540 5680 818 5734 συνοδικδν
847 5680 938 5733 ἐπὶ
961 5681 1060 5750 τῆς
1091 5679 1398 5750 ἐφημερίας
1433 5679 1525 5732 τοῦ
1550 5679 1780 5747 ἁγιωτά-

210 5788 298 5823 ιου
337 5771 674 5842 πατριάρχου
699 5770 865 5838 κυροὺ
906 5771 1111 5836 Λουκᾶ,
1151 5769 1310 5838 χάριν
1339 5767 1434 5821 τοῦ
1466 5770 1776 5838 ἀποκριμα-

211 5862 401 5930 τίστως
456 5864 866 5935 καθηγουμένου
923 5865 1001 5926 εἰς
1048 5863 1388 5934 μοναστήρια
1439 5860 1770 5930 ὑποκείμενα

1878 4608 2082 4655 statuta
2122 4603 2273 4660 sunt,
2307 4593 2507 4662 quibus
2544 4597 2787 4650 cavetur,
2813 4593 2871 4638 ut
2899 4581 2989 4651 qui
3016 4578 3121 4633 tale
3158 4574 3286 4646 quid
3318 4572 3452 4626 facit

1877 4692 2186 4761 cpiscopus,
2211 4686 2375 4757 338
2389 4694 2440 4739 et
2463 4680 2790 4736 monachum
2815 4691 2880 4730 ex
2911 4674 3086 4728 alieno
3113 4665 3460 4724 monasterio.

1879 4755 2127 4852 suscipit,
2156 4755 2412 4846 etipsum
2435 4773 2517 4827 vel
2540 4769 2800 4826 clericum
2824 4764 2906 4819 vel
2931 4760 3243 4846 prrcfectum
3296 4755 3447 4813 facit,

1878 4891 1905 4930 a
1932 4885 2248 4928 cancrorum
2279 4868 2505 4922 fratrum
2534 4858 2916 4917 communione
2949 4835 3250 4923 separetur,
3301 4856 3354 4903 et
3379 4847 3453 4903 sit

1879 4963 2080 5035 proprii
2113 4960 2294 5033 pepuli
2323 4953 2710 5013 communione
2752 4955 3042 5003 contentus
3075 4961 3089 4998 :
3148 4939 3456 4996 monachus

1879 5066 2055 5112 autem
2084 5066 2179 5108 nec
2211 5051 2282 5105 sit
2319 5049 2548 5104 clericus
2573 5058 2670 5098 nec
2698 5040 3008 5112 praefectus.
3039 5035 3142 5091 Sed
3169 5050 3272 5088 non
3299 5043 3450 5090 sunt.

1878 5159 1936 5204 ut
1965 5147 2094 5201 mihi
2125 5145 2355 5207 videtur,
2386 5138 2677 5194 contraria.
2728 5132 2818 5187 ille
2869 5131 3010 5185 enim
3065 5143 3239 5183 canon
3293 5127 3453 5197 punit

1878 5241 2217 5308 episcopum,
2259 5233 2348 5300 qui
2385 5241 2764 5300 quemcunque
2799 5221 3123 5276 monachum
3160 5235 3223 5274 ex
3272 5219 3451 5272 aliena

1879 5332 2100 5401 regione
2127 5327 2369 5393 suscipit,
2409 5331 2462 5377 et
2514 5335 2635 5376 eum
2692 5318 2774 5373 vel
2832 5317 3092 5371 clericum
3145 5311 3299 5376 facit,
3365 5309 3451 5364 vel

1880 5421 2216 5477 nionasterio
2240 5418 2381 5488 quod
2409 5415 2470 5468 ad
2505 5429 2561 5467 se
2587 5411 2819 5481 pertinet
2845 5406 3087 5477 pnelicit,
3115 5403 3231 5456 sine
3256 5398 3450 5469 prioris

1879 5516 2051 5584 ipsius
2093 5509 2333 5581 episcopi
2384 5506 2636 5564 scicntia.
2670 5496 3448 5561 Similitcrmonachamquo-

1879 5623 1981 5676 que
2031 5605 2206 5675 punit.
2266 5601 2364 5656 llic
2425 5608 2604 5653 autem
2658 5609 2896 5666 prmsens
2947 5604 3124 5645 canon
3179 5580 3445 5655 permittit

1878 5695 2160 5764 episcopo,
2186 5700 2242 5742 ut
2276 5703 2339 5741 ex
2371 5686 2582 5741 duobus
2613 5693 2824 5737 tantum
2851 5680 2916 5733 ad
2953 5693 3010 5732 se
3045 5669 3446 5746 pertinentibus

1880 5782 2226 5842 monasteriis
2247 5780 2408 5835 faciat
2436 5776 2823 5832 monachorum
2849 5767 3256 5827 translationes,
3285 5771 3446 5832 prout

1878 5880 1926 5935 ci
1960 5879 2128 5933 Visum
2164 5873 2346 5930 fuerit.
2393 5870 2548 5926 Scias
2600 5877 2806 5931 autem,
2865 5861 3008 5932 quod
3052 5871 3291 5927 tempore
3347 5869 3439 5923 pa-
