3972 6488
526 387 666 448 1023

1780 390 1878 449 TI]
1894 387 2059 447 EOD.
2106 387 2194 445 BA
2209 387 2336 444 [ΒΛ
2348 386 2503 444 ΜΘΝ

3642 386 3769 447 1024

521 495 774 553 triarclire
805 494 1004 550 domini
1055 494 1213 551 Luem
1262 497 1523 568 syuo.lale
1574 497 1855 554 decretum
1892 500 2081 553 factun

2203 498 2268 565 τῇ
2306 497 2491 566 ἐνορτᾳ
2522 495 2616 547 τοῦ
2670 495 3032 566 πατριάρχου,
3080 495 3153 562 μὴ
3203 491 3394 563 ἔχοντα
3431 494 3651 555 ἱκανοὺς
3694 499 3770 559 είς

519 599 626 653 est,
658 596 717 641 ut
764 588 881 643 sine
933 588 1247 657 prmjudieio
1294 590 1703 643 constituantur
1751 591 1989 659 praelceti
2040 592 2095 645 in

522 676 869 731 monasteriis
900 678 1223 746 patriarcha:
1257 678 1461 747 regioni
1500 679 1794 747 subjectis,
1828 697 1951 749 qua:
1985 697 2091 734 nou

522 770 721 823 habent
768 770 1065 824 monachos
1116 770 1345 825 idoneos
1382 782 1441 826 ut
1496 775 1745 844 praesint,
1798 790 1861 828 ex
1923 775 2094 827 altero

521 863 855 917 monasterio
905 868 1052 932 quod
1110 873 1194 918 cst
1243 865 1487 934 ejusdem
1546 870 1834 934 regionis:
1876 867 2090 922 etiamsi

519 964 721 1009 statuta
751 971 938 1009 eorum
976 967 1223 1022 caveant,
1264 974 1329 1012 ne
1360 961 1452 1027 qui
1510 960 1566 1013 in
1615 969 1848 1014 externo
1899 974 2094 1013 mona-

517 1047 684 1101 sterio
716 1056 907 1102 tonsus
940 1057 1045 1113 est,
1080 1049 1167 1102 fiat
1192 1066 1381 1103 eorum
1427 1044 1736 1120 prmféctus.
1791 1052 1944 1119 Quod
1996 1068 2095 1106 au-

517 1146 621 1190 lem
655 1154 683 1190 a
718 1154 927 1193 canone
949 1141 1234 1194 definitum
1271 1153 1375 1207 est,
1408 1153 1466 1195 ut
1492 1143 1545 1196 in
1607 1145 1853 1197 saeculari
1907 1146 2091 1207 domo,

518 1228 598 1281 vel
632 1230 683 1282 in
722 1230 908 1300 aliquo
932 1232 1037 1285 alio
1062 1234 1200 1297 loco,
1236 1235 1537 1289 monachus
1577 1237 1776 1289 virtute
1810 1238 2090 1304 pt‘a’tlittts.

510 1322 605 1387 qui
640 1322 859 1390 quidem
885 1324 930 1375 ei
961 1324 1240 1391 subjectus
1273 1327 1449 1381 estad
1490 1344 1679 1381 eorum
1709 1329 1801 1395 qui
1839 1331 1910 1381 ilii
1962 1338 2091 1382 sunt

514 1413 766 1475 salutem,
816 1414 883 1468 ab
932 1418 1189 1482 episeopo
1240 1419 1556 1482 collocetur,
1611 1437 1676 1475 uc
1729 1436 1930 1474 novum
1990 1423 2086 1476 tibi

512 1504 783 1558 videatur.
820 1504 1005 1562 Sacris
1048 1511 1192 1563 enim
1233 1519 1287 1565 et
1320 1512 1522 1566 divinis
1568 1516 1871 1566 rationibus
1916 1515 2090 1569 solius

514 1595 712 1650 anima:
746 1596 1026 1652 hominum
1065 1601 1256 1659 salutis
1288 1618 1417 1656 cura
1450 1613 1552 1666 est,
1586 1613 1640 1657 et
1675 1606 1882 1659 nullius
1920 1606 2083 1659 alius.

510 1685 615 1749 Qui
649 1702 779 1756 ergo
815 1689 979 1743 vitam
1012 1708 1073 1745 ex
1101 1692 1190 1746 Dei
1245 1697 1528 1763 prmceptis
1560 1696 1825 1758 instituit.
1878 1713 1904 1749 a
1968 1698 2090 1750 lm-o

513 1793 619 1830 non
670 1780 891 1833 lzt-detur
926 1800 939 1835 :
977 1784 1069 1837 sed
1101 1794 1154 1837 et
1200 1786 1281 1839 eis
1310 1788 1403 1855 qui
1454 1802 1557 1841 una
1613 1796 1739 1841 sunt
1793 1789 2085 1843 admodum

513 1869 773 1935 proderit.
808 1871 1005 1937 Quidni
1031 1890 1157 1941 ergo
1187 1878 1277 1931 fiet
1299 1892 1361 1932 ex
1402 1881 1653 1934 canone?
1684 1880 1917 1950 Propter
1944 1885 2082 1936 hanc

509 1961 651 2012 enim
682 1978 900 2015 causam
936 1966 1047 2033 ipse
1090 1983 1310 2038 quoque
1338 1972 1721 2026 sanctissimus
1773 1975 2078 2041 patriarcha

508 2051 763 2106 dominus
795 2054 968 2110 Lucas
1009 2061 1259 2126 permisit
1301 2066 1567 2117 monacho
1615 2073 1669 2119 et
1703 2067 1973 2122 sacerdmi
2006 2068 2078 2121 illi

508 2142 731 2198 domino
782 2145 1015 2203 Macario
1048 2149 1534 2223 llierosolymitann
1565 2166 1828 2225 perpetuo
1870 2160 2077 2211 versari

508 2248 630 2285 rum
668 2236 834 2290 beata}
882 2242 1156 2296 memoriae
1204 2243 1472 2313 imprimis
1523 2248 1868 2301 nobilissimo
1926 2249 2080 2318 l0go-

507 2327 656 2381 theta
691 2345 883 2386 cursus
913 2335 1133 2389 domino
1180 2337 1442 2395 Michaele
1500 2342 1975 2413 Agiothcodorito,
2028 2354 2081 2397 rt

509 2435 615 2473 una
684 2437 807 2476 cum
863 2442 928 2479 eo
982 2429 1033 2481 in
1082 2431 1608 2498 praesidioycrsari,
1670 2448 1723 2489 et
1775 2437 2079 2492 scribarum

510 2517 689 2571 nilirio
726 2519 899 2591 fungi.
935 2522 1074 2575 Nota
1117 2539 1267 2593 ergo,
1308 2527 1452 2595 quod
1502 2531 1761 2583 suasione
1789 2541 1843 2584 et
1890 2532 2081 2601 proba-

510 2607 657 2661 tione
690 2612 1007 2680 episcopali,
1040 2616 1212 2670 multo
1243 2625 1423 2671 autem
1460 2620 1629 2688 magis
1667 2621 1832 2692 regia,
1871 2632 1924 2676 ct
1961 2638 2081 2676 mo-

510 2697 666 2749 naehi
716 2709 767 2751 et
815 2703 993 2756 clerici
1037 2705 1155 2759 sine
1203 2707 1521 2775 przejudieio
1570 2708 1788 2775 facient,
1842 2728 1964 2781 qua:
2018 2712 2081 2767 iis

511 2787 777 2852 permissa
813 2792 1039 2857 fuerint,
1071 2799 1599 2869 enjusmodicunquc
1625 2817 1686 2856 ca
1730 2802 1863 2860 sint.
2034 2784 2042 2795 ⁵

578 2958 828 3016 ΖΟΝΑΒ.
861 2964 982 3031 Quo
1032 2975 1272 3037 tempore
1323 2973 1545 3027 ntercsis
1597 2972 2078 3032 lconomachornm

509 3054 788 3122 regnabat,
824 3073 946 3111 cum
975 3076 1165 3117 omnes
1193 3064 1306 3128 alii,
1339 3064 1431 3134 qui
1464 3080 1655 3122 sacras
1687 3070 1954 3141 imagines
1979 3090 2079 3127 co-

511 3137 709 3208 lerent,
745 3154 859 3197 tum
898 3148 949 3199 iu
980 3149 1171 3216 primis
1218 3154 1493 3219 monachi,
1541 3137 1865 3223 conquisiti.
1921 3177 1986 3214 ac
2026 3163 2077 3215 in

509 3246 602 3286 eos
655 3238 930 3305 praecipue
979 3245 1153 3308 pinnis
1211 3246 1456 3300 saevitum
1511 3256 1615 3301 est.
1671 3246 1907 3305 Proinde
1967 3254 2083 3309 suis

510 3328 858 3383 monasteriis
909 3332 1135 3398 relictis,
1187 3336 1271 3390 vel
1320 3336 1373 3390 in
1422 3338 1527 3393 alia
1576 3354 1695 3395 sese
1754 3346 2081 3398 monasteria

511 3413 863 3472 delitcsremli
899 3416 1064 3478 causa
1090 3426 1462 3492 contulerunt,
1506 3430 1589 3484 vel
1632 3433 1696 3483 ad
1741 3436 2080 3499 privatorum

508 3526 728 3578 quoque
776 3514 918 3570 aedes
976 3532 1041 3571 ac
1090 3518 1366 3574 domicilia
1405 3521 1764 3577 deﬂexcrunt.
1819 3525 1923 3579 Sed
1979 3528 2082 3581 hoc

510 3600 709 3655 factum
774 3614 901 3660 tunc
942 3609 1184 3677 quidem,
1224 3612 1473 3682 inquiunt
1525 3616 1720 3685 synodi
1775 3616 1984 3679 Patres.
2030 3629 2084 3674 et

510 3692 585 3745 rei
618 3693 899 3751 hom-state
928 3708 981 3752 et
1018 3704 1276 3771 temporis
1306 3708 1718 3773 opportunitate
1751 3708 1938 3763 beatos
1978 3709 2077 3764 ho-

516 3784 688 3840 mines
723 3786 993 3843 efficiebat
1026 3808 1042 3846 :
1077 3810 1221 3848 nunc
1256 3811 1386 3850 vero
1422 3798 1629 3867 absque
1661 3800 1872 3855 ratione
1900 3803 2083 3855 cousi-

510 3874 581 3928 lio
604 3893 689 3942 lue
724 3881 1005 3947 usitatum,
1039 3885 1279 3940 omnium
1318 3888 1755 3956 irrisimicgliaud
1808 3893 2083 3947 immerito

509 3968 796 4037 excipitur.
846 3972 966 4028 Jam
1024 3978 1170 4030 enim
1220 3978 1447 4033 hmresis
1501 3988 1826 4051 tempestate
1893 3984 2079 4038 sedata

510 4073 719 4130 suaque
776 4064 960 4133 pietati
1022 4069 1231 4125 reddita
1295 4071 1566 4138 libertate,
1618 4074 1797 4127 adhuc
1831 4083 2011 4129 tamen
2052 4091 2082 4130 e

515 4156 863 4211 tuonasteriis
923 4174 983 4214 se
1035 4160 1425 4227 subducentes,
1468 4163 1642 4219 instar
1694 4165 1883 4221 fluenti
1928 4166 2077 4235 quod

508 4251 807 4305 consistere
843 4266 905 4308 ac
954 4255 1223 4310 contineri
1264 4273 1371 4311 non
1407 4260 1597 4327 possit,
1632 4275 1751 4314 sese
1795 4262 1901 4315 huc
1950 4261 2080 4315 illuc

509 4342 758 4397 elutriant
798 4353 851 4399 et
884 4345 1192 4412 effundunt,
1230 4363 1295 4404 ac
1328 4353 1658 4405 monasteria
1707 4354 1881 4406 multo
1918 4353 2081 4408 dede-

509 4445 632 4487 core
666 4448 728 4485 ac
758 4433 1103 4492 deformitate
1142 4440 1436 4507 complent.
1475 4441 1557 4493 Ad
1610 4426 2076 4497 monasteriorum

2204 592 2547 659 προσταςίαν
2580 590 2886 659 μοναχοὺς,
2941 589 3049 641 ἀπὺ
3084 588 3276 657 ἐτέρας
3310 588 3478 656 μονῆς
3507 586 3677 656 οὔσης
3708 590 3768 639 ἐκ

2195 682 2293 750 τῆς
2325 681 2495 750 αὐτῆς
2528 682 2760 748 ἐνορίας,
2790 681 2893 733 κᾶν
2919 680 2987 734 τὰ
3017 680 3222 731 τυπικὰ
3256 679 3459 731 τούτων
3494 678 3770 749 διορίζων-

2199 789 2292 824 ται
2350 772 2735 841 ξενοκουρίτην
2793 772 2868 842 μὴ
2904 770 3154 840 γίνεσθαι
3203 771 3639 840 καθηγούμενον.
3702 772 3771 822 Τὸ

2204 870 2391 938 μέντοι
2429 869 2581 938 παρά
2616 869 2711 921 τοῦ
2742 869 2969 931 κανόνος
3016 867 3287 936 διορισοὲν
3321 866 3567 937 περὶτοῦ
3603 885 3768 918 κατα-

2201 958 2495 1012 τάττεσθαι
2533 960 2612 1019 είς
2639 958 2903 1028 κοσμικδν
2930 957 3273 1025 καταγώγιον
3299 959 3330 1027 ἢ
3363 956 3598 1028 ἀλλαχοῦ
3625 957 3771 1026 παρὰ

2200 1050 2296 1102 τοῦ
2331 1051 2637 1103 ἐπισκόπου
2674 1049 2911 1120 μοναχον
2939 1067 3060 1103 τινα
3089 1051 3367 1119 ἐνάρετον,
3403 1051 3766 1119 ὑποκείμενον

2196 1142 2369 1211 αὐτῷ,
2402 1143 2491 1195 διὰ
2524 1142 2765 1212 ψυχικὴν
2804 1144 3088 1212 σωτηρίαν
3119 1142 3228 1194 τῶν
3256 1144 3313 1193 ἐν
3340 1142 3504 1212 αὐτῇ.
3538 1143 3614 1211 μὴ
3645 1141 3766 1210 δόξῃ

2195 1254 2279 1289 σοι
2305 1236 2512 1289 καινόν.
2544 1238 2669 1297 Τοῖς
2695 1236 2801 1306 γάρ
2842 1236 3007 1304 ἱεροῖς
3049 1236 3141 1287 καὶ
3171 1236 3336 1297 οείοις
3366 1235 3558 1288 κανόσι
3605 1236 3767 1304 μόνης

2194 1329 2293 1393 τῆς
2322 1325 2561 1393 ψυχικῆς
2586 1326 2695 1376 τῶν
2724 1326 3026 1395 ἀνθρώπων
3058 1326 3331 1394 σωτηρίας
3366 1325 3638 1393 ἠμέλησε,
3676 1326 3765 1377 καὶ

2195 1419 2385 1488 ἐτέρου
2429 1417 2712 1480 παντελῶς
2763 1419 2998 1480 οὐδενός.
3055 1418 3113 1471 Ὀ
3144 1417 3275 1484 γοῦν
3314 1419 3455 1471 κατά
3486 1417 3619 1469 Θεὸν
3646 1418 3767 1469 ἀνα-

2196 1510 2566 1581 στρεφόμενος
2607 1511 2714 1565 ἀπδ
2766 1510 2859 1564 τοῦ
2910 1512 3079 1563 τόπου
3128 1511 3189 1562 ού
3235 1508 3718 1578 παραϐλαόήσεται
3750 1524 3764 1539 ·

2198 1602 2336 1654 ἀλλὰ
2365 1606 2460 1655 καὶ
2490 1603 2618 1665 τοὺς
2650 1605 2748 1657 σὺν
2780 1603 2929 1673 αὐτῷ
2964 1603 3238 1673 ὠφελήσει
3264 1604 3331 1655 τὰ
3360 1604 3617 1669 μέγιστα.
3655 1604 3765 1655 Ἰνα

2192 1693 2244 1745 τί
2275 1694 2405 1760 γοῦν
2429 1695 2489 1747 οὐ
2523 1698 2813 1764 γενήσεται
2838 1698 2979 1747 κατά
3007 1695 3099 1745 τὸν
3126 1696 3323 1746 κανόνα
3353 1710 3367 1757 ;
3398 1694 3485 1746 διὰ
3510 1693 3619 1763 γὰρ
3648 1693 3767 1746 τοῦο

2197 1800 2257 1834 το
2290 1784 2385 1836 καὶ
2414 1785 2442 1837 ὁ
2471 1784 2635 1847 αὐτὸς
2676 1784 2979 1851 ἀγιώτατος
3025 1785 3374 1852 πατρεάρχης
3423 1782 3591 1852 κυρὸς
3638 1783 3765 1835 Δου-

2198 1876 2300 1935 κᾶς
2357 1876 2627 1947 ἐπέτρεψε
2679 1876 2757 1946 τῷ
2810 1876 3029 1944 μοναχῷ
3080 1877 3174 1927 καὶ
3214 1876 3346 1944 ἱερεῖ
3380 1874 3574 1943 ἐκείνῳ
3618 1876 3764 1942 κυρεῖ)

2192 1968 2472 2037 Μακαρίῳ
2504 1967 2584 2036 τῷ
2630 1967 3036 2037 Ἰεροσολυμίτῃ
3083 1966 3290 2031 διάγειν
3323 1965 3588 2032 διηνεκῶς
3624 1968 3761 2034 μετὰ

2181 2059 2277 2111 τοῦ
2306 2061 2611 2130 μακαρίτου
2649 2059 3509 2131 πρωτονωϐελλισίμοῦπερτάτου
3550 2057 3650 2109 καὶ
3676 2057 3758 2110 λο-

2184 2151 2411 2219 γοῦἐτου
2450 2151 2547 2205 τοῦ
2580 2152 2783 2221 δρόμου
2820 2152 2988 2221 κυροῦ
3036 2150 3252 2221 Μιχαὴλ
3288 2148 3378 2201 τοῦ
3421 2149 3760 2216 ’Δγιοοεοδω-

2183 2242 2356 2312 ρίτου,
2413 2244 2504 2296 καὶ
2549 2243 2978 2308 συνταξεεδεύειν
3012 2242 3131 2313 μετ’
3160 2240 3346 2302 αὑτοῦ,
3394 2241 3486 2292 καὶ
3537 2242 3605 2293 τὰ
3653 2242 3756 2293 τῶν

2178 2337 2585 2405 γραμματικῶν
2615 2337 2877 2406 ἐνεργεῖν.
2910 2334 3331 2406 Σημείωσαιοῦν
3360 2337 3442 2390 ὅτι
3473 2334 3614 2388 κατά
3641 2352 3762 2404 προ-

2179 2429 2388 2500 τροπὴν
2413 2432 2507 2483 xci
2536 2431 2865 2499 δοκιμασίαν
2884 2430 3271 2500 ἐπισκοπικὴν,
3309 2428 3489 2497 πολλῷ
3518 2427 3573 2481 δὲ
3599 2429 3756 2480 πλέον

2186 2522 2330 2575 κατὰ
2363 2522 2673 2593 βασιλικὴν,
2710 2524 2806 2575 καὶ
2837 2524 3062 2593 μοναχοὶ
3096 2523 3191 2577 καὶ
3232 2523 3491 2592 κληρικοὶ
3529 2523 3755 2589 ἀποκρι-

2191 2614 2471 2682 ματίστως
2501 2615 2867 2685 ἐνεργήοουσι
2914 2616 2983 2669 τὰ
3010 2616 3219 2681 τούτοις
3248 2616 3752 2685 ἐπιτραπησόμενα,

2185 2698 2275 2755 οἶα
2307 2702 2372 2756 ἂν
2405 2705 2495 2756 καὶ
2526 2697 2682 2760 ὦσιν.

2253 2965 2497 3019 ΖΩΝΛΡ.
2531 2966 2642 3035 Τῆς
2676 2966 2782 3019 τῶν
2818 2970 3198 3039 είκονομάχων
3228 2974 3634 3047 ἐπικρατούσης
3670 2980 3755 3031 ai-

2185 3058 2388 3128 ρέσεως
2414 3060 2509 3111 καὶ
2540 3060 2738 3123 πάντες
2772 3061 2871 3127 μέν
2893 3064 2938 3114 oi
2965 3063 3073 3115 τῶν
3098 3066 3314 3117 σεπτῶν
3342 3068 3568 3121 εἰκόνων
3589 3088 3753 3139 προσ-

2106 3179 2151 3242 C
2183 3154 2416 3220 κυνηταὶ
2449 3152 2740 3221 ἐζητοῦιτο
2784 3156 2877 3206 καὶ
2937 3156 3280 3223 ἐκολάζοντο,
3313 3159 3493 3231 πολλῷ
3514 3162 3569 3214 δέ
3599 3163 3752 3215 πλέον

2185 3243 2234 3294 oi
2268 3244 2516 3313 μοναχοί.
2568 3245 2658 3298 Διὸ
2693 3246 3199 3315 καταλιμπάνοντες
3249 3250 3317 3302 τὰ
3356 3252 3563 3306 ἐαυτῶν
3598 3273 3753 3324 μονα·

2188 3336 2407 3405 στήρια,
2462 3337 2493 3406 ἢ
2542 3338 2620 3399 είς
2659 3338 2851 3407 ἐτέρας
2901 3338 3148 3409 ἁτῄεσαν
3194 3344 3384 3411 μονὰς,
3416 3346 3591 3397 ἐκεῖσε
3632 3363 3754 3415 κρυ-

2187 3428 2476 3494 πτόμενοι,
2510 3429 2542 3499 ἢ
2578 3431 2672 3481 καὶ
2719 3431 2799 3493 είς
2852 3432 3135 3499 κοσμικῶν
3171 3433 3350 3496 οίκίας
3405 3436 3747 3503 μετέπιπτον.

2196 3518 2359 3573 ’Λλλά
2399 3521 2579 3587 τοῦτο,
2616 3523 2779 3590 φασὶν
2806 3524 2854 3575 oi
2887 3524 2985 3593 τῆς
3015 3524 3233 3578 συνόδου
3272 3527 3541 3596 Πατέρες,
3580 3547 3751 3599 μακα-

2186 3614 2337 3685 ρίους
2392 3614 2491 3684 μὲν
2545 3616 2664 3668 τότε
2724 3616 2917 3681 ἐποίει,
2966 3618 3148 3682 καλῶς
3185 3622 3475 3689 γινόμενον
3499 3624 3592 3676 καὶ
3618 3626 3754 3676 κατά

2186 3706 2380 3775 καιρόν
2407 3720 2421 3735 ’
2462 3706 2556 3759 νῦν
2581 3706 2638 3760 δὲ
2673 3709 2753 3770 είς
2785 3708 2905 3772 ἐοος
2943 3710 3234 3778 γενόμενον
3274 3711 3492 3780 ἄλογον,
3528 3732 3755 3783 καταγε-

2186 3796 2417 3858 λάστους
2469 3800 2603 3861 τσὺς
2659 3799 2949 3864 ποιοῦντας
2998 3801 3133 3855 αὐτὸ
3185 3803 3388 3874 τίθησι.
3434 3804 3546 3873 Τῆς
3596 3807 3753 3875 ζάλης

2183 3888 2293 3959 γὰρ
2322 3890 2421 3955 τῆς
2464 3891 2729 3962 αἱρέσεως
2774 3892 3174 3964 παρελθούσης,
3213 3898 3308 3948 καὶ
3342 3896 3442 3964 τῆς
3483 3898 3754 3961 εὐσεϐείας

2188 3982 2509 4052 παρρησίαν
2558 3982 2853 4048 λαϐούσης,
2902 3986 2998 4038 καὶ
3041 3985 3206 4039 πάλιν
3236 3986 3345 4039 τῶν
3383 3988 3600 4041 οίκείων
3628 3991 3756 4043 ὐποο

2185 4073 2493 4142 χωροῦντες
2528 4076 2730 4142 μονῶν,
2775 4068 2877 4128 ὦδε
2920 4076 3143 4129 κάκεῖσε
3178 4078 3626 4146 μεταγγίζονται,
3664 4098 3755 4133 καφ

2183 4161 2363 4233 θάπερ
2407 4181 2459 4216 τι
2489 4163 2666 4234 ῥεῦμα
2724 4167 2797 4235 μὴ
2846 4166 3144 4235 δυνάμενον
3191 4169 3616 4239 κατασχεθῆναι,
3665 4173 3755 4225 καὶ

2184 4259 2570 4328 μταρῤἐουσι,
2622 4258 2717 4311 καὶ
2774 4260 2976 4328 πολλῆς
3028 4261 3301 4332 ἀκοσμίας
3366 4263 3637 4334 πληροῦσι
3688 4265 3753 4319 τὰ

2183 4348 2545 4418 μοναστήρια.
2590 4350 2811 4419 Κόσμος
2861 4351 2968 4418 γάρ
2998 4353 3112 4406 ἐστι
3157 4354 3268 4418 τῶν
3308 4356 3492 4420 μονῶν
3534 4358 3596 4411 τὸ
3632 4360 3751 4422 τοὺς

2182 4441 2489 4510 τροφίμους
2523 4442 2702 4494 αὐτῶν
2732 4445 2788 4496 ἐν
2817 4444 3017 4516 ἠσυχίᾳ
3044 4446 3272 4514 διάγειν,
3298 4450 3393 4501 καὶ
3420 4452 3750 4520 προσμένειν

508 4526 705 4594 quippe
739 4526 1079 4584 honestatem
1105 4543 1169 4584 ac
1200 4530 1366 4587 decus
1395 4533 1629 4601 pertinet
1670 4544 1727 4587 ut
1756 4533 1808 4587 in
1840 4551 1936 4588 sua
1968 4548 2076 4590 sta-

2187 4529 2414 4595 αύταῖς,
2468 4531 2603 4601 μηδέ
2673 4534 2915 4603 συνεχῶς
2966 4535 3236 4607 προϊέναι.
3291 4538 3503 4609 Πολλὴν
3559 4541 3615 4594 δὲ
3657 4542 3750 4611 τῆς

508 4618 651 4672 tione
678 4634 869 4673 cormn
907 4622 1112 4676 alumni
1141 4625 1325 4693 quiete
1350 4625 1571 4696 degant,
1604 4643 1782 4695 neque
1811 4640 2077 4698 perpetuo

508 4709 611 4761 huc
647 4709 776 4764 illuc
819 4711 939 4781 vagi
983 4721 1037 4766 et
1094 4706 1287 4769 iuet-.rti
1341 4717 1605 4772 ferantur.
1665 4718 1892 4772 Multum
1952 4736 2077 4774 vero

508 4815 689 4854 iocum
725 4804 1050 4869 petulantize,
1090 4806 1282 4875 inquit,
1315 4809 1619 4875 adlucunl,
1648 4810 1751 4863 hoc
1783 4820 1887 4873 est,
1922 4823 2077 4881 petu-

508 4896 683 4946 lanter
711 4902 934 4961 agentes
966 4900 1315 4956 monasteriis
1346 4901 1605 4956 inferunt.
1647 4900 1842 4956 Verum
1873 4903 2079 4972 jucun-

508 4984 629 5039 dam
679 4986 785 5041 illis
830 5002 949 5042 eam
979 5006 1101 5046 esse
1148 4994 1524 5061 petulantiam,
1566 4996 1736 5050 verbo
1766 4997 2075 5065 κωμάζειν,

508 5087 771 5147 usurpato
820 5082 990 5137 voluit
1041 5084 1307 5140 indicare.
1358 5087 1455 5142 Est
1495 5103 1735 5157 namque
1774 5089 2074 5157 κωμάζειν.

508 5184 713 5236 vinum,
744 5172 984 5228 adhibito
1011 5175 1261 5230 liliarum
1304 5193 1369 5232 ac
1406 5180 1630 5235 cithara)
1663 5195 1799 5236 sono
1821 5188 1875 5235 et
1908 5181 2081 5235 cauti-

508 5260 630 5324 hus,
676 5258 883 5315 bibere.
932 5262 1407 5328 Quemadmodum
1450 5268 1616 5339 igitur
1660 5270 1759 5336 illi,
1800 5270 2077 5340 inquiunt,

508 5349 612 5404 hoc
666 5359 826 5419 pacto
884 5352 1130 5410 bibentes
1185 5358 1431 5413 laetantur
1494 5378 1509 5415 ι
1559 5362 1631 5415 ita
1680 5363 1802 5417 islis
1858 5378 2081 5435 quoque

508 5443 804 5512 ignominia
847 5459 927 5500 ρει
968 5447 1258 5517 voluptati.
1291 5450 1624 5507 Obedientiae
1679 5468 1934 5523 prretcrea
1976 5455 2078 5510 ho-

507 5545 776 5593 nestatem
805 5554 1019 5593 omnem
1047 5542 1361 5596 distrahunt
1382 5553 1544 5614 atque
1566 5546 1911 5615 tlispcreluut.
1941 5546 2075 5601 Cum

508 5628 648 5682 enim
678 5646 742 5684 ex
768 5631 1019 5687 universa
1064 5631 1295 5686 fratrum
1328 5636 1675 5694 multitudine
1716 5655 1882 5692 unum
1921 5640 2075 5710 quasi

508 5737 707 5791 corpus
753 5724 1048 5786 efficiatur,
1088 5739 1151 5778 ac
1177 5724 1323 5781 illius
1360 5742 1424 5782 ex
1456 5728 1763 5784 obedientia
1821 5732 2079 5787 honestas

513 5817 693 5873 munis
722 5832 784 5872 ac
814 5816 1071 5888 splendor
1100 5816 1349 5885 exsistat,
1385 5818 1695 5886 quicunque
1745 5822 1813 5878 ab
1854 5820 1944 5880 illa
1980 5822 2074 5878 dc-

2179 4622 2409 4688 ἀταξίαν
2446 4622 2658 4686 ἑαυτοῖς
2702 4628 3230 4694 συνεισκωμάζουσι,
3287 4632 3573 4685 τουτέστιν
3630 4634 3751 4687 ἀτά-

2180 4731 2323 4777 κτως
2351 4716 2715 4785 εἰσφέρουσιν.
2756 4719 2874 4770 Ἰνα
2914 4720 3023 4788 γάρ
3071 4719 3220 4791 δείξῃ
3253 4722 3313 4774 τὸ
3349 4723 3521 4792 ἡδέως
3561 4726 3750 4788 αὐτοὺς

2181 4807 2319 4876 πρὸς
2368 4806 2467 4879 τὴν
2516 4807 2745 4873 ἀταξίαν
2773 4808 3101 4875 διακεῖσθαι,
3138 4814 3204 4881 τῇ
3242 4810 3386 4877 λέξει
3432 4814 3531 4869 τοῦ
3566 4816 3747 4885 κωμά-

2179 4901 2295 4966 ζειν
2335 4902 2632 4972 ἐχρήσατο.
2664 4902 2960 4970 κωμάζειν
3003 4903 3111 4969 γάρ
3152 4904 3272 4955 ἐστι
3301 4906 3363 4958 τὸ
3404 4906 3547 4972 μετά
3578 4907 3746 4961 αὐλῶν

2180 4997 2275 5049 καὶ
2309 4993 2542 5064 κιθάρας
2568 4995 2662 5047 καὶ
2692 4993 2849 5064 ᾠδῶν
2882 4993 2973 5047 τὸν
3001 4992 3146 5049 οῐνον
3183 4997 3380 5053 πίνειν.
3425 5000 3516 5061 Ὠς
3546 4999 3673 5067 γοῦν
3697 5000 3741 5051 oi

2178 5087 2323 5141 οὕτω
2354 5088 2599 5147 πίνοντες
2630 5087 2868 5157 ἥδονται,
2888 5088 2979 5140 τὸν
3004 5088 3189 5157 ὅμοιον
3211 5091 3439 5159 τρόπον,
3467 5090 3621 5160 φασὶ,
3656 5090 3741 5143 καὶ

2178 5176 2323 5234 οὗτοι
2360 5178 2495 5249 πρὸς
2524 5179 2621 5249 τὴν
2662 5179 2889 5248 ἀτιμίαν
2920 5179 3093 5248 ἡδέως
3134 5182 3439 5245 διάκεινται
3516 5185 3609 5234 καὶ
3653 5181 3738 5249 τῆς

2180 5271 2467 5341 ὑποταγῆς
2496 5271 2553 5323 τὸ
2579 5271 2776 5339 σεμνὸν
2809 5271 3079 5323 διασπῶσι
3106 5273 3196 5323 καὶ
3228 5273 3731 5342 καταλυμαινονται.

2183 5365 2281 5416 Ἐν
2313 5364 2421 5431 γὰρ
2449 5361 2607 5431 σῶμα
2635 5362 2735 5431 τῆς
2765 5362 3126 5432 ἀδελφότητος
3167 5362 3355 5432 οὔσης.
3386 5359 3453 5436 ἧς
3484 5366 3518 5435 ἡ
3552 5365 3733 5416 ὑποτα-

2180 5453 2251 5521 γὴ
2277 5452 2543 5521 σεμνότης
2573 5451 2668 5504 καὶ
2694 5451 2977 5523 καύχημα,
2998 5453 3045 5506 oi
3072 5454 3136 5506 ἐκ
3167 5454 3369 5524 ταύτης
3398 5453 3726 5526 ἀπορρηγνύ-

2184 5561 2334 5615 μενοι
2368 5546 2636 5600 διασπῶσι
2681 5545 2743 5599 τὸ
2792 5544 3057 5614 σεμνύνον
3100 5545 3270 5615 αὐτὴν
3314 5548 3409 5601 καὶ
3456 5549 3536 5611 είς
3566 5546 3723 5615 λύμην

2180 5637 2274 5689 τοῦ
2320 5636 2443 5690 ὅλου
2494 5630 2745 5708 σώματος
2789 5636 3047 5704 γίνονται.
3088 5635 3201 5700 Διὸ,
3232 5638 3429 5704 φασὶν,
3481 5636 3716 5708 ῶρισενή

2182 5726 2317 5791 ἁγία
2350 5724 2565 5789 σύνοδος
2591 5726 2711 5787 τοὺς
2737 5726 2846 5777 τῶν
2878 5723 3023 5775 ἰδίων
3064 5723 3243 5792 μονῶν
3272 5726 3711 5798 ἐκδιδράσκοντας,

2184 5819 2287 5875 κᾶν
2336 5820 2411 5882 είς
2460 5818 2621 5875 ἕτερα
2679 5816 3024 5879 μεταπέσωσι
3079 5817 3456 5879 μοναστὴοιι.
3511 5816 3604 5871 κᾶν
3643 5814 3704 5876 εἱς
