3972 6488
222 403 373 471 1025
1436 410 1518 471 IN
1562 408 1732 470 CAN.
1774 411 1818 472 Υ
1857 410 2067 473 CONC.
2136 411 2341 474 CPOL.
3354 410 3491 477 1026

215 515 468 587 κοσμικά
516 514 908 586 είσκωμάσωσι
966 515 1315 586 καταγώγια,
1371 518 1664 582 κάκείνους
1706 518 1783 573 κα“

1920 521 2163 588 ιοίδυωιι,
2203 520 2549 591 splendorem
2579 519 2735 576 illum
2766 536 2984 578 omnem
3027 523 3488 593 honestatemque

214 610 352 671 τοὺς
379 606 818 679 ὑποδεξαμένους
846 607 1047 672 αὐτοὺς
1066 609 1486 682 ἀφωρισμένους
1513 608 1676 675 εἶναι,
1697 609 1782 664 ἕως

1915 610 2191 679 diripiunt,
2217 610 2644 680 universumque
2687 626 2887 681 corpus
2932 612 3211 668 societatis
3251 612 3483 669 lardum.

220 701 299 754 ἃν
332 702 704 756 ἐπανέλθωσιν
727 702 777 755 oi
806 702 1185 771 ἀποφυγόντες
1221 703 1304 766 είς
1328 702 1428 773 τὴν
1453 703 1662 757 οἰκείαν
1704 719 1788 774 μο-

1918 699 2558 770 Propterea'quicunque,
2593 699 2868 769 inquiunt,
2922 704 3089 757 esuis
3133 700 3486 756 monasteriis

213 794 349 863 νήν.
374 795 435 848 Ei
466 794 524 848 δὲ
555 796 584 847 ό
612 794 757 848 κατὰ
782 793 970 866 χώραν
998 793 1298 860 ὲπίσκοπός
1322 811 1474 858 τινας
1501 795 1611 850 τῶν
1639 811 1781 864 μονα

1917 789 2237 858 aufugerim,
2267 789 2383 844 sive
2412 789 2466 843 in
2512 790 2619 844 alia
2674 792 3007 845 monasteria
3053 792 3326 857 incidant,
3370 793 3485 844 sive

215 888 340 958 χῶν
389 887 477 941 ἐπ’
521 888 692 960 ἀρετῇ
742 887 1216 958 μαρτυρουμένοις
1260 888 1445 959 συνίδῃ
1490 888 1783 958 εἱςὲτέρω

1913 883 2262 938 saecularibus
2284 897 2404 938 sese
2429 883 2757 939 habitaculis
2781 885 3132 951 immiserint,
3170 896 3278 939 tam
3308 886 3481 952 ipsos,

216 978 401 1050 μονὴν
440 978 533 1033 ἐπὶ
566 980 903 1033 καταστάσει
941 980 1117 1050 αὐτῆς
1151 981 1245 1035 καὶ
1294 980 1534 1052 ὠφελείᾳ
1590 979 1700 1033 τῶν
1744 981 1784 1033 ὲκ

1915 992 2065 1046 quam
2096 991 2192 1030 eos
2224 991 2253 1029 a
2288 976 2489 1047 quibus
2525 976 2725 1046 recepti
2772 976 2998 1044 fuerint,
3035 980 3210 1034 donec
3262 979 3330 1033 ad
3383 991 3483 1035 sua

211 1071 367 1139 αὖτῇ
420 1074 775 1141 μεταγαγεῖν,
821 1072 853 1144 ἢ
899 1073 992 1125 καὶ
1030 1074 1112 1136 εἰς
1146 1072 1419 1144 κοσμικὴν
1451 1072 1628 1126 οἰκίαν
1658 1071 1779 1125 δοκι

1913 1068 2233 1122 monasteria
2260 1069 2354 1138 qui
2392 1068 2646 1137 fugerant
2674 1079 3043 1133 revertantur.
3077 1080 3271 1127 sancta
3312 1067 3481 1143 sino-

215 1164 393 1231 μάσει
419 1163 786 1233 καταστῆσαι,
820 1163 854 1236 ἢ
885 1164 1142 1234 ἀλλοχόσε
1168 1165 1453 1236 εὑδοκήσει
1483 1165 1783 1234 ἐπιστῆσαι

1921 1159 2004 1214 lus
2055 1171 2369 1230 srgregalos
2416 1176 2541 1216 esse
2579 1161 2846 1218 decernit.
2893 1162 3051 1229 Quod
3100 1164 3147 1219 si
3201 1162 3325 1233 ejus
3373 1164 3483 1219 loci

210 1254 350 1308 οὔτε
396 1257 446 1309 οἱ
503 1258 751 1327 μοναχοὶ,
800 1259 850 1310 oi
905 1256 1050 1311 οὕτω
1099 1257 1544 1328 μετατιθέμενοι,
1589 1256 1713 1309 οὔτε
1749 1272 1778 1308 ο

1914 1256 2188 1324 episcopus
2222 1256 2517 1309 nonnullos
2547 1270 2576 1309 e
2608 1258 3003 1311 monachorum
3040 1258 3207 1329 339
3239 1268 3482 1317 nurnero

210 1345 438 1410 τούτοις
462 1346 743 1419 δεχόμενοι
771 1347 849 1415 τῷ
887 1349 1183 1421 ἀφορισμῷ
1217 1350 1459 1403 ὑπόδικοι
1487 1350 1722 1403 ἔσονται.

1912 1355 2161 1416 spectatae
2183 1346 2425 1410 virtutis,
2470 1357 2528 1401 ut
2573 1346 2627 1401 iu
2659 1347 2805 1406 aliud
2846 1353 3241 1407 monasterium
3287 1355 3355 1410 ad
3388 1372 3480 1413 res

212 1443 539 1496 monasterii
573 1443 1010 1507 constituendas,
1043 1444 1246 1513 quique
1278 1444 1332 1498 in
1364 1458 1431 1499 eo
1460 1445 1662 1513 degunt
1693 1441 1992 1513 juvandos,
2027 1441 2414 1505 transcribere,
2448 1451 2542 1495 aut
2607 1443 2660 1496 in
2733 1442 2973 1499 hominis
3016 1447 3214 1515 privati
3285 1451 3480 1516 cujus-

214 1534 369 1603 piam
426 1534 704 1589 domicilio
760 1535 1113 1601 constituere,
1164 1543 1258 1589 aut
1313 1536 1490 1590 ubivis
1548 1535 1767 1589 demum
1810 1532 2084 1587 collocare
2139 1540 2507 1600 opportunum
2548 1533 2964 1600 existimaverit,
3022 1551 3122 1591 nec
3178 1542 3481 1599 monachos

211 1628 423 1692 quibus
451 1641 513 1681 ea
544 1627 815 1681 mutanda:
843 1626 990 1683 sedis
1020 1642 1185 1695 causa
1215 1628 1397 1693 fuerit,
1435 1644 1536 1683 nec
1566 1630 1656 1698 qui
1688 1627 1909 1683 eosdem
1956 1627 2281 1712 receperint,
2343 1642 2500 1697 paena
2548 1628 2639 1681 illa
2680 1628 3080 1698 segregationis
3113 1628 3335 1689 afﬁciet.

212 1718 448 1772 ΑΡΙΣΤ.
519 1735 539 1770 ι
588 1716 657 1771 Et
708 1736 793 1784 τις
843 1720 1077 1790 μοναχδς
1121 1720 1226 1789 τῆς
1283 1720 1420 1783 ίδίας
1477 1721 1780 1791 ἀποδράσας

1965 1717 2192 1772 ARIST.
2237 1738 2255 1771 ι
2296 1718 2351 1773 Si
2376 1720 2503 1790 quis
2534 1720 2857 1786 monachus,
2888 1722 3111 1790 proprio
3142 1723 3334 1780 relicto
3362 1740 3480 1781 mo-

298 1829 320 1863 c
368 1812 560 1883 μονῆς,
592 1811 624 1882 ἢ
662 1813 743 1875 είς
774 1812 962 1884 ἕτερον
1005 1814 1304 1882 μεταπέσοι
1332 1815 1720 1885 μοναστήριον,
1764 1813 1798 1883 ἢ

1908 1829 1927 1863 ι
1963 1812 2222 1877 nasterio,
2246 1814 2361 1867 sive
2392 1814 2457 1867 ad
2496 1814 2640 1867 aliud
2677 1815 3068 1869 monasterium
3119 1820 3475 1887 transmigra-

299 1921 321 1954 ι
368 1905 448 1966 είς
475 1888 740 1973 κοσμικὸν
767 1906 1108 1975 εἰσκωμάσει
1138 1906 1508 1976 καταγώγιον,
1548 1906 1711 1970 αὑτός
1738 1922 1799 1958 τε

1911 1904 2121 1967 iverit,
2153 1905 2267 1959 sive
2320 1907 2372 1959 in
2422 1910 2685 1960 srecnlare
2732 1906 3107 1963 habitaculum
3158 1912 3479 1978 petulanter

298 2010 318 2043 ι
365 1994 461 2046 καὶ
481 1995 509 2046 ό
537 1994 936 2065 ὑποδεξάμενος
963 1994 1330 2064 ἀφοριζέσθω,
1353 1997 1458 2059 ἕως
1488 1997 1796 2052 ἐπανέλθοι.

1907 2011 1924 2045 ι
1963 2010 2022 2049 se
2078 1995 2370 2050 contulerit
2399 2034 2415 2059 ,
2474 2007 2790 2065 segregetur
2824 2006 2935 2051 tam
2968 1998 3085 2068 ipse
3112 2037 3129 2063 ,
3175 2005 3338 2069 quam
3377 2002 3475 2072 qui

298 2103 318 2136 ι
374 2084 436 2136 Ὀ
463 2084 519 2138 δὲ
574 2085 707 2157 παρ’
760 2088 1061 2140 ἐπισκόπου
1108 2088 1461 2161 ὁπωσδήποτε
1521 2090 1800 2153 καταστὰς

1904 2104 1924 2139 ι
1964 2087 2140 2156 ipsum
2174 2089 2437 2157 suscepit,
2477 2104 2654 2159 usque
2688 2090 2815 2143 dum
2854 2106 3108 2147 reversus
3142 2091 3330 2148 fuerit.
3365 2081 3471 2161 Qui

294 2193 314 2226 ι
361 2176 688 2242 ἀναιτίατος.
728 2196 749 2231 ι

1906 2195 1925 2229 ι
1964 2194 2089 2233 vero
2119 2180 2187 2233 ab
2224 2180 2478 2250 episcopo
2508 2196 2838 2250 quocunque
2860 2182 2978 2235 loco
3002 2182 3339 2241 constitutus
3365 2194 3473 2251 est,

1903 2287 1922 2321 ι
1964 2272 2126 2341 culpa
2162 2281 2339 2325 vacat.
2386 2292 2407 2325 ι

824 2358 1064 2413 ΚΑΝΩΝ
1112 2356 1190 2416 Eu
1947 2349 1955 2361 '

1947 2349 1955 2361 '
2508 2361 2735 2418 CANON
2785 2362 2849 2419 v.

214 2464 235 2496 ι
292 2446 405 2510 Τὰς
434 2448 697 2517 ἀκρίτους
754 2451 850 2504 καὶ⁹
903 2449 1309 2522 ἀδοκιμάστους
1364 2451 1651 2522 ἀποταγάς
1701 2452 1782 2505 ἐπί

1905 2470 1921 2505 ι
1954 2453 2086 2534 Quae
2114 2462 2320 2510 temere
2351 2462 2404 2510 et
2432 2456 2550 2510 sine
2588 2456 2798 2525 judicio
2842 2472 2905 2512 ac
2958 2458 3281 2529 probatione
3334 2459 3473 2516 fittnt

297 2558 315 2590 ι
368 2541 506 2594 πολὺ
564 2541 665 2612 τὴν
728 2544 1033 2613 μοναχικὴν
1073 2543 1332 2608 εὐταξίαν
1388 2543 1795 2614 λυμαινομένας

1973 2565 1992 2600 ι
2023 2548 2480 2614 renuntiationcs,
2514 2549 2657 2603 bono
2685 2553 2986 2606 monastico
3009 2552 3188 2606 ordini
3213 2568 3468 2623 magnum

292 2652 311 2683 ι
361 2631 711 2702 εὑρίσκομεν.
750 2633 1046 2705 Προπετῶς
1072 2633 1183 2706 γάρ
1229 2650 1375 2699 τινες
1433 2635 1514 2698 είς
1572 2634 1667 2688 τὸν
1696 2650 1795 2703 μο-

1970 2657 1989 2690 ι
2025 2639 2219 2694 all'erre
2242 2641 2645 2693 incomunnlum
2667 2642 2997 2697 invenimus.
3019 2640 3077 2696 In
3106 2646 3468 2699 monasticam

296 2741 315 2773 ι
376 2723 518 2792 νὴρη
553 2721 668 2792 βίον
694 2724 925 2788 ἑαυτοὺς
958 2726 1398 2797 ὲπιρῤίπτοντες,
1435 2726 1694 2797 καὶπρὸς
1733 2725 1792 2779 τὸ

1973 2748 1992 2782 ι
2029 2732 2173 2785 enim
2212 2733 2374 2787 vitam
2400 2750 2459 2788 se
2492 2734 2649 2787 facile
2672 2735 2983 2804 injicientes
3014 2738 3286 2802 nonnulli,
3317 2746 3371 2792 et
3402 2738 3472 2792 ad

292 2829 310 2862 ι
358 2814 533 2882 τραχὺ
558 2813 654 2866 καὶ
678 2814 936 2866 ἐπίπονον
962 2815 1461 2887 κατολιγωροῦντες
1490 2815 1592 2886 τῆς
1621 2817 1794 2886 ἀσκηθ-

1972 2842 1990 2874 ι
2031 2838 2278 2892 asperam
2306 2833 2356 2879 et
2385 2826 2717 2880 laboriosam
2771 2827 3215 2881 exercitationem
3267 2844 3326 2883 se
3379 2844 3471 2883 se-

294 2918 313 2950 ι
361 2917 520 2967 σεως,
546 2901 638 2953 ἐπὶ
665 2903 754 2954 τῑν
782 2902 1116 2974 φιλόσαρκον
1138 2903 1232 2957 καὶ
1262 2902 1507 2975 ήδονικὸν
1538 2903 1651 2976 (49)
1677 2902 1792 2973 βίον

1967 2933 1985 2966 ι
2021 2917 2199 2985 gniter
2218 2927 2510 2985 gerentes,.
2543 2918 2608 2971 ad
2654 2918 2931 2973 carnalem
2989 2926 3040 2973 et
3100 2922 3470 2989 voluptariam

190 3035 197 3041 .
294 3010 311 3042 ι
354 2992 555 3057 ἀθλίως
576 2995 740 3050 πάλιν
770 2995 1299 3067 ἐπαναστρέφουσιν.
1331 2996 1553 3067 Ὥρισεν
1580 2995 1674 3049 οὖν
1703 2996 1758 3049 διη

1972 3026 1990 3059 ι
2027 3011 2190 3061 vitam
2224 3023 2418 3062 rursus
2478 3010 2673 3065 misere
2736 3020 3107 3066 revertuntur.
3167 3010 3462 3081 Propterea

291 3103 309 3134 ι
358 3083 520 3137 τοῦτο
546 3088 578 3157 ἠ
601 3087 731 3155 ἁγία
750 3086 967 3150 σύνοδος
991 3087 1197 3157 μηδένα
1222 3087 1317 3141 τοῦ
1339 3088 1631 3159 μοναχικοῦ
1658 3106 1790 3142 κατ·
1818 3082 1859 3142 C

1970 3119 1987 3150 ι
2025 3116 2154 3170 ergo
2179 3101 2369 3155 statuit
2399 3111 2585 3155 sancta
2621 3103 2883 3171 synodus,
2922 3109 2980 3156 ut
3026 3105 3334 3157 monastico
3368 3102 3468 3157 ha-

290 3192 310 3225 ι
357 3176 637 3242 αξιοῦσθαι
699 3178 979 3248 σχήματος
1023 3180 1156 3249 πρὶν
1190 3179 1258 3233 ἂν
1302 3182 1330 3232 ό
1389 3180 1487 3250 τῆς
1543 3181 1788 3252 τριετίας

1964 3212 1980 3243 ι
2018 3193 2131 3247 bitu
2162 3193 2309 3263 digni
2339 3193 2474 3248 nulli
2508 3202 2768 3263 putentur
2797 3233 2811 3258 ,
2864 3197 3184 3265 priusquam
3239 3196 3462 3251 triennii

296 3284 315 3315 ι
357 3268 550 3338 χρόνος
575 3269 655 3330 είς
679 3272 876 3338 πεῖραν
910 3267 1095 3331 αὐτοῖς
1126 3269 1351 3337 ἀφεθεὶς
1380 3269 1639 3340 δοκίμους
1683 3270 1786 3323 αύ-

1964 3304 1981 3337 ι
2024 3295 2235 3355 tempus
2269 3286 2334 3338 ad
2364 3285 2756 3354 experientiam
2793 3285 2874 3341 eis
2905 3286 3159 3341 relictum
3203 3286 3465 3357 probatos

291 3377 310 3410 ι
358 3362 486 3423 τοὺς
515 3363 612 3413 καὶ
640 3358 824 3425 ἀξίους
850 3362 949 3429 τῆς
979 3360 1316 3433 τηλικαύτης
1363 3361 1551 3432 βιοτῆς
1601 3379 1788 3434 παρα-

1965 3395 1983 3428 ι
2019 3391 2113 3432 eos
2142 3388 2264 3431 esse
2293 3382 2347 3429 et
2377 3375 2470 3429 tali
2504 3375 2611 3430 vita
2646 3376 2843 3445 dignos
2875 3374 3201 3430 ostenderit.
3252 3373 3318 3427 Et
3359 3374 3463 3428 hoc

294 3470 313 3503 ι
363 3452 558 3525 στήσῃ.
590 3455 699 3505 Καὶ
740 3452 898 3507 τοῦτο
921 3454 1143 3527 κρατεῖν
1195 3456 1361 3510 παντὶ
1410 3457 1597 3527 τρόπῳ
1640 3473 1785 3528 παρ-

1960 3487 1977 3519 ‹
2006 3462 2163 3522 omni
2197 3466 2360 3521 modo
2391 3467 2672 3521 observari
2708 3467 2988 3536 praecepit,
3025 3474 3388 3537 praeterquam
3416 3469 3464 3522 si

290 3562 309 3595 ι
361 3545 711 3611 εκελεύσατο,
752 3546 891 3617 πλὴν
924 3548 972 3598 εί
1005 3548 1173 3616 μήπω
1207 3564 1291 3611 τις
1321 3547 1514 3619 βαρεῖα
1548 3566 1786 3619 προσπε-

1964 3579 1981 3611 ι
2019 3561 2198 3628 gravis
2250 3559 2452 3630 aliquis
2505 3558 2727 3615 morbus
2809 3560 3055 3616 incidens
3117 3560 3464 3630 probationis

295 3654 314 3686 ι
365 3635 534 3690 σοῦσα
566 3638 719 3700 νόσος
777 3637 871 3690 τὸν
936 3639 1127 3706 χρόνον
1176 3638 1458 3708 ἀναγκάσῃ
1513 3639 1787 3710 συσταλῆ-

1966 3670 1984 3702 ι
2028 3660 2273 3721 tempora
2304 3650 2555 3706 contrahi
2590 3652 2831 3721 coegerit
2866 3667 2879 3705 :
2913 3651 2996 3707 vel
3044 3652 3150 3707 nisi
3197 3653 3322 3723 quis
3355 3653 3455 3706 ali-

283 3746 321 3803 t_
351 3747 439 3783 ναι
482 3730 582 3799 τῆς
641 3731 963 3801 δοκιμασίας
993 3748 1006 3761 ·
1043 3731 1075 3800 ἢ
1101 3733 1147 3784 εί
1178 3734 1250 3802 μή
1301 3733 1389 3785 πώ
1417 3750 1501 3796 τις
1530 3732 1617 3803 εἴη
1646 3733 1783 3803 ἀνὴρ

1967 3762 1985 3794 ι
2025 3744 2201 3797 cunde
2235 3744 2308 3798 sit
2336 3743 2419 3797 vir
2450 3743 2740 3811 religiosus
2789 3751 2842 3797 et
2884 3743 3049 3796 vitam
3106 3746 3464 3799 monasticam

288 3840 307 3873 ι
353 3823 608 3893 εὐλαϐὴς,
643 3826 736 3877 καὶ
762 3825 853 3878 τὸν
886 3825 1179 3895 μοναχικὸν
1204 3826 1318 3894 βίον
1345 3827 1403 3879 ὲν
1431 3826 1508 3894 τῷ
1533 3826 1784 3897 κοσμικῷ

1965 3852 1983 3886 ι
2024 3838 2077 3888 in
2111 3835 2297 3889 habitu
2328 3836 2573 3889 smculari
2608 3842 2845 3903 peragat.
2878 3832 2996 3887 Tali
3030 3834 3173 3889 enim
3230 3835 3351 3889 viro
3383 3834 3450 3888 ad

286 3933 306 3965 ι
355 3913 587 3968 διανύων
630 3916 889 3985 σχήματι.
931 3917 1056 3968 Ἐπὶ
1114 3915 1224 3987 γὰρ
1260 3916 1351 3969 τοῦ
1396 3916 1645 3970 τοιούτου
1691 3919 1787 3971 ἀν-

1960 3945 1977 3979 ι
2016 3926 2319 3979 absolutam
2355 3925 2738 3994 experientiam
2779 3934 2990 3995 tempus
3040 3934 3306 3981 semestre
3343 3926 3460 3983 suf-

286 4025 308 4060 ι
356 4008 480 4078 δρὸς
513 3995 593 4071 είς
625 4008 934 4079 ἀπόπειραν
965 4010 1205 4080 παντελῆ
1236 4012 1330 4063 καὶ
1361 4014 1389 4064 ὁ
1431 4014 1784 4083 έξαμηνιαίος

1961 4037 1979 4070 ι
2016 4018 2182 4072 ﬁciet.
2211 4016 2268 4071 Si
2296 4019 2420 4087 quis
2452 4028 2633 4071 autem
2666 4025 2861 4085 prarter
2894 4020 3008 4071 haec
3058 4020 3268 4085 fecerit,
3319 4035 3459 4089 prae-

289 4120 309 4151 ι
357 4102 579 4171 ἀρκέσει
606 4102 817 4171 χρόνος.
859 4102 920 4154 Ei
954 4101 1010 4153 δέ
1041 4119 1124 4165 τις
1158 4103 1309 4174 παρὰ
1336 4105 1507 4156 ταῦτα
1550 4104 1784 4176 διαπρά-

1962 4127 1980 4161 ι
2020 4111 2196 4164 lectus
2230 4109 2444 4178 quidem
2494 4107 2818 4178 praefectura
2871 4109 3131 4164 excideris
3177 4126 3460 4180 perperam

288 4212 305 4244 ι
356 4192 524 4256 ξεται,
552 4197 641 4245 τὸν
671 4194 770 4263 μὲν
797 4193 1105 4264 ἡγούμενον
1147 4195 1246 4265 τῆς
1291 4196 1657 4264 ἡγουμενείας
1688 4200 1781 4250 ὲκ-

1968 4220 1986 4253 ι
2024 4202 2297 4256 observati
2337 4200 2549 4256 ordinis
2577 4202 2971 4255 correctionem
2997 4241 3011 4265 ,
3062 4203 3114 4255 in
3151 4203 3460 4257 obedientia

286 4297 305 4329 ι
362 4279 654 4349 πίπτοντας
684 4280 935 4335 παιδείαν
969 4282 1062 4352 τῆς
1107 4281 1341 4349 ἀταξίας
1362 4283 1462 4355 τὴν
1485 4285 1542 4337 ὲν
1571 4286 1780 4340 ὑποτα-

1959 4312 1978 4345 ι
2016 4302 2070 4348 et
2098 4293 2439 4362 subjectione
2484 4293 2956 4347 conversationem
2988 4331 3004 4357 ,
3048 4292 3331 4347 inveniat:
3363 4293 3459 4362 qui

285 4389 303 4422 ι
351 4374 423 4441 γῇ
477 4371 757 4442 διαγωγὴν
813 4374 1161 4444 ὲφευρίσκειν
1186 4392 1201 4407 ·
1236 4377 1329 4429 τὸν
1365 4377 1422 4429 δὲ
1471 4381 1780 4447 μονάσαντα
1808 4426 1853 4483 D

1962 4403 1981 4437 ι
2019 4393 2101 4439 est
2137 4394 2316 4439 autem
2353 4385 2404 4438 in
2440 4383 2547 4437 alio
2578 4383 2915 4453 monasterio
2971 4383 3270 4438 monachus
3294 4424 3313 4450 ,
3360 4384 3454 4437 alii

288 4480 307 4513 ι
354 4464 414 4513 ὲν
447 4462 611 4532 ἑτέρᾳ
646 4466 782 4535 μονῇ
803 4464 900 4535 τὴν
931 4465 1232 4535 μοναχικὴν
1260 4466 1547 4537 ἀκρίϐειαν
1573 4467 1777 4536 φυλατο
1808 4462 1852 4483 ν

1966 4494 1985 4527 ι
2021 4477 2357 4530 monasterio
2393 4475 2658 4537 tradatur,
2691 4473 2833 4543 quod
2880 4474 3232 4528 monasticam
3293 4475 3460 4530 disci-

279 4571 299 4606 ι
346 4554 520 4625 τούσῃ
556 4554 972 4626 παραδίδοσθαι.
1011 4575 1030 4608 r
1422 4546 1423 4549 η

1960 4585 1979 4619 ι
2015 4568 2216 4636 plinam
2250 4573 2506 4620 accurate
2547 4565 2891 4635 perfecteque
2922 4566 3195 4621 observet.
3233 4583 3253 4618 ι

276 4646 475 4701 ΒΑΛΣ.
514 4646 783 4708 Πολλάκις
839 4649 1004 4714 τινὲς,
1060 4650 1226 4718 φασὶν
1282 4651 1332 4703 οἱ
1395 4650 1658 4721 Πατέρες,
1688 4652 1779 4705 διὰ

1954 4655 2148 4711 BALS.
2179 4656 2435 4710 Nonnulli
2467 4672 2630 4725 saepe,
2669 4655 2925 4725 inquiunt
2951 4656 3143 4711 Patres
3173 4696 3189 4722 ,
3232 4665 3456 4727 propter

199 4740 385 4810 θλίψιν
413 4739 446 4810 ἢ
469 4738 665 4811 ἑτέραν
687 4741 982 4812 ὀλιγωρίαν
1008 4742 1129 4795 τινὰ
1150 4742 1240 4793 τὸν
1259 4742 1471 4813 μονήρη
1504 4743 1617 4813 βίον
1644 4759 1767 4813 προ-

1885 4747 2228 4802 afllictionem
2256 4785 2272 4812 ,
2322 4747 2405 4801 vel
2431 4747 2594 4801 etiam
2630 4761 2726 4816 per
2754 4746 3144 4818 negligentiam
3172 4747 3409 4818 aliquam
3436 4786 3453 4815 ,

199 4837 389 4897 πετῶς
425 4834 806 4904 ὑποδυόμενοι,
846 4832 943 4886 καὶ
983 4834 1058 4904 μὴ
1096 4833 1385 4904 δυνάμενοι
1430 4837 1767 4905 καρτερῆσαι

1889 4842 2044 4893 vitam
2086 4838 2443 4895 monasticam
2468 4838 2630 4893 facile
2661 4837 2983 4904 subeuntes,
3013 4848 3068 4894 et
3106 4839 3457 4895 exercitatio-

197 4929 264 4979 το
289 4927 543 4981 ἐπίπονον
573 4930 671 4996 τῆς
701 4928 1011 4997 ἀσκήσεως,
1043 4927 1466 4998 μεταμέλονται,
1507 4927 1605 4981 καὶ
1641 4930 1765 4999 πρὸς

1884 4927 1959 4981 nis
1989 4926 2228 4996 laborem
2276 4925 2505 4981 sufferre
2562 4941 2668 4980 non
2722 4926 2967 4982 valentes
2998 4965 3013 4991 ,
3073 4929 3452 4997 paenitentiam

199 5021 305 5091 τὴν
332 5022 608 5092 προτέραν
633 5020 907 5090 κοσμικὴν
945 5020 1225 5089 διαγωγὴν
1272 5021 1458 5085 κακῶς
1511 5022 1767 5093 ὑποστρέ

1883 5024 2066 5088 agunt,
2098 5024 2153 5072 et
2188 5015 2254 5070 ad
2285 5018 2518 5087 priorem
2548 5017 2866 5072 saecularem
2920 5018 3134 5072 vivendi
3182 5018 3451 5074 rationem

202 5127 419 5179 φουσιν.
448 5110 673 5180 Ὠρισαν
705 5105 799 5162 οὖν
837 5109 1042 5179 μηδένα
1072 5108 1463 5173 καταξιοῦσθαι
1489 5114 1583 5163 τοῦ
1609 5128 1770 5181 μονα-

1874 5118 2242 5167 revertuntur.
2282 5110 2602 5167 Statuerunt
2636 5127 2790 5182 ergo,
2827 5127 2895 5165 ne
2918 5113 3225 5167 monastico
3253 5113 3442 5168 habitu

202 5200 364 5269 χικοῦ
407 5200 685 5270 σχήματος
717 5199 826 5271 πρὸ
872 5200 1197 5270 δοκιμασίας
1238 5203 1331 5254 καὶ
1364 5202 1770 5267 κατεξετάσεως

1872 5208 2072 5279 dignus
2109 5207 2231 5277 quis
2263 5206 2624 5271 existimetur,
2655 5214 2782 5261 ante
2813 5206 3193 5275 probationem
3226 5215 3280 5263 et
3302 5223 3436 5263 exa-

199 5296 303 5361 τῆς
330 5292 611 5362 διαγωγῆς
631 5293 724 5345 τοῦ
756 5292 1046 5362 ζητοῦντος
1081 5294 1242 5347 αὑτό*
1272 5294 1389 5348 ἀλλ’
1417 5295 1511 5348 ἐπὶ
1533 5294 1767 5366 τριετίαν

1883 5300 2226 5355 minationem
2254 5297 2373 5368 ejus
2431 5298 2525 5369 qui
2578 5296 2756 5368 ipsum
2809 5298 3005 5368 petiit;
3059 5298 3155 5355 sed
3215 5299 3451 5354 triennio

202 5382 621 5453 δοκιμάζεσθαι,
683 5384 779 5436 καὶ
829 5380 972 5434 οὓτω
1015 5380 1312 5452 λαμϐάνειν
1362 5384 1423 5435 τὸ
1480 5382 1770 5455 μοναχικὸν

1880 5390 2159 5459 probetur,
2184 5396 2236 5443 et
2260 5389 2339 5444 sic
2379 5388 2745 5443 monasticum
2770 5387 3015 5444 habitum
3052 5389 3306 5460 accipiat.
3334 5387 3447 5444 lloc

204 5466 415 5546 σχῆμα.
450 5475 654 5528 Τούτου
680 5476 788 5545 γὰρ
820 5474 964 5528 οὑτω
988 5474 1299 5544 γινομένου,
1354 5476 1517 5538 αὑτός
1576 5492 1634 5527 τε
1684 5475 1772 5529 διὰ

1880 5479 2025 5534 enim
2050 5479 2124 5533 ita
2154 5478 2320 5543 facto,
2352 5494 2454 5535 nec
2484 5480 2596 5548 ipse
2612 5489 2833 5550 propter
2859 5480 3239 5555 negligentiam
3272 5480 3448 5549 ιιωηί-

201 5570 303 5639 την
334 5567 631 5639 ὀλιγωρίαν
660 5570 722 5620 οὑ
765 5568 1298 5639 μεταμεληθήσεται,
1333 5568 1451 5621 ἀλλ’
1492 5566 1769 5638 όλοψύχως

1883 5569 2051 5626 tentia
2122 5578 2410 5640 tangetur,
2470 5571 2563 5625 sed
2611 5572 2972 5627 monasticum
3023 5570 3267 5626 habitum
3331 5578 3451 5626 toto

1430 5667 1619 5730 Guill.
1658 5668 1980 5745 Beveregii
2022 5675 2214 5729 notae.

280 5764 394 5842 (i9)
426 5764 808 5842 Φιλόσαρκον
829 5768 1268 5842 statarios-mer.
1302 5770 1384 5826 lta
1415 5788 1537 5826 cum
1574 5772 1763 5828 codice
1804 5770 1845 5825 Β

1884 5773 2104 5829 dit-iano
2148 5773 2275 5842 legit
2303 5772 2466 5830 etiam
2501 5773 2993 5833 Amerbachianus.
3051 5772 3111 5829 In
3152 5772 3447 5831 Parisiensi

208 5838 444 5893 editione
475 5844 557 5891 est
582 5837 909 5909 φιλόσαρκον
935 5839 967 5909 ἦ
992 5837 1313 5912 φιλήδονον.
