3972 6488
209 388 347 452 1021)

1424 384 1508 445 IN
1545 384 1707 446 CAN.
1737 386 1779 444 \'
1823 385 2030 446 CONC.
2063 386 2268 446 CPOL.

3322 378 3461 441 1030

204 497 572 567 ἐνδυσάμενος
639 495 699 548 ού
736 494 1272 568 παραχωρηθήσεται
1324 492 1453 563 χθὲς
1497 492 1595 562 μὲν
1638 491 1783 545 κ).τᾶ

1907 495 2244 549 nnnasticum
2284 488 2500 561 induit,
2531 493 2580 549 ei
2630 508 2740 549 non
2796 492 3178 563 permittctur,
3242 499 3301 545 nt
3344 492 3459 547 heri

206 587 482 657 μοναχοὺς
515 587 610 640 ἐπὶ
646 588 856 657 ἀγορᾶς
905 584 1372 657 ἀναστρέφεσθαι,
1434 586 1678 655 σήμερον
1728 586 1784 637 δὲ

204 681 349 731 κατὰ
374 679 593 738 λαῖκοὺς
615 677 1020 745 θεατρῐζεσοαι,
1058 678 1152 730 καὶ
1181 673 1292 729 οἷον
1320 676 1614 745 ἐμπαίζειν
1646 677 1787 730 κατὰ

208 769 509 839 σκηνικοὺς
540 768 601 820 τὸ
626 768 780 835 ἅγιον
805 769 991 839 σχῆμα
1013 785 1028 801 ·
1100 769 1302 839 μᾶλλον
1346 768 1446 838 μὲν
1481 763 1576 821 οὖν
1614 770 1788 837 ἀναγ-

207 857 555 921 κασθήσεται
616 859 715 911 καὶ
774 859 927 911 ἄκων
988 858 1359 927 ἀποκαρῆναι.
1417 858 1684 926 Λέγοντες
1730 859 1786 911 δὲ

202 953 385 1005 ταῦτα
413 950 823 1014 κατεσκεύαζον
866 951 959 1005 τὸν
1010 951 1165 1020 λόγον
1207 951 1386 1004 αὐτῶν
1425 952 1531 1004 ἀπὸ
1588 951 1684 1004 τοῦ
1738 948 1787 1019 γ’

207 1062 337 1114 κεφ.
366 1045 462 1097 τοῦ
518 1050 587 1097 ια’
624 1044 805 1097 τίτλον
836 1042 930 1095 τοῦ
972 1044 1236 1113 παρόντος
1267 1044 1669 1114 συντάγματος,
1698 1043 1790 1099 λέ.

212 1155 401 1206 foveo;
431 1139 561 1208 περὶ
591 1137 689 1199 τὰς
720 1135 896 1208 ἀρχὰς
955 1136 1128 1200 οὕτως
1156 1154 1170 1167 ’
1212 1138 1273 1192 ἸΙ
1315 1137 1370 1190 δὲ
1435 1144 1503 1206 ιγ’
1544 1137 1790 1203 διάταξις

212 1229 305 1281 τοῦ
335 1235 381 1281 α’
418 1229 600 1281 τίτλου
642 1230 769 1296 ζτῶν
812 1229 1043 1300 Νεαρῶν
1086 1247 1254 1300 φησιν
1310 1231 1391 1284 δτι
1426 1234 1475 1284 οἱ
1531 1233 1788 1304 παραμέ-

210 1341 393 1388 νοντες
421 1325 500 1387 εἰς
537 1325 752 1395 μονήρη
783 1324 924 1395 βίον,
964 1324 1075 1377 εἴτε
1111 1325 1387 1398 ἐλεύθεροι
1422 1325 1534 1379 εἴτε
1583 1326 1781 1393 δοῦλοι,

208 1418 485 1485 πρότερον
516 1419 763 1486 τριετίαν
824 1419 1445 1488 προσκαρτερείτωσαν,
1500 1419 1676 1488 κουρᾷ
1727 1435 1788 1470 τε

209 1508 309 1560 καὶ
336 1507 529 1577 ἐσθῆτι
568 1507 843 1579 χρώμενοι
873 1510 983 1562 τῶν
1012 1510 1241 1573 λαῖκῶν,
1291 1511 1383 1563 καὶ
1423 1510 1523 1573 τὰς
1563 1510 1789 1580 Γρασὰς

207 1600 603 1669 μανθάνοντες,
636 1601 730 1655 καὶ
765 1601 866 1671 τὴν
916 1601 1090 1672 τύχην
1135 1603 1315 1656 αὐτῶν
1356 1601 1787 1671 ’ὁμολογοῦντι-εξ,

208 1693 311 1744 καὶ
338 1691 438 1761 τὴν
475 1691 661 1746 αἰτίαν
689 1692 781 1746 τοῦ
820 1692 998 1746 θέλειν
1028 1694 1288 1765 μονὰσαι.
1330 1695 1547 1766 μήποτε
1574 1692 1791 1763 πονηρά

207 1782 358 1849 ἐστι,
389 1783 485 1836 καὶ
511 1784 979 1839 νουθετείσθωσαν
1006 1802 1019 1816 ·
1057 1785 1151 1839 καὶ
1173 1786 1222 1838 εί
1245 1788 1789 1857 προσκαρτερήσουσι

205 1875 319 1942 τὴν
354 1876 601 1946 τριετίαν
654 1878 749 1929 καὶ
786 1876 929 1941 ἄξιοι
959 1878 1173 1947 φανῶσι
1206 1877 1302 1930 τοῦ
1371 1878 1624 1947 μονάσαι,
1669 1877 1791 1930 τότε

206 1964 612 2035 κειρέσθωσαν.
644 1967 753 2021 Καὶ
779 1967 972 2038 ἤθελον
1003 1970 1067 2021 ἐκ
1109 1967 1314 2037 ταύτης
1348 1967 1591 2038 Νεαρᾶς,
1627 1967 1795 2036 οὔσης

218 2056 696 2121 Ἰσυστινιανείου,
732 2059 831 2130 τὴν
860 2059 1095 2130 δοκιμὴν
1128 2058 1379 2129 γίνεσθαι
1421 2059 1561 2129 μετά
1590 2058 1796 2112 λαῖκῶν

208 2149 463 2219 ἀμφίων.
519 2150 887 2222 Προσετίθουν
920 2152 976 2204 δὲ
1008 2151 1105 2216 ὡς,
1147 2151 1269 2203 ἐπεὶ
1306 2152 1367 2204 τὸ
1426 2156 1494 2218 ιγ’
1530 2167 1659 2219 κεφ.
1701 2149 1797 2203 τοῦ

207 2242 262 2296 α’
293 2243 480 2296 τίτλου
511 2242 608 2296 τοῦ
665 2245 707 2298 δ’
760 2244 970 2315 βιϐλίου
999 2244 1108 2298 τῶν
1140 2244 1470 2308 Βασιλικῶν,
1503 2245 1641 2314 ὅπερ
1682 2244 1800 2297 ἐστὶ

210 2336 417 2406 κιφαλ.
446 2334 521 2402 ξδ’
566 2338 668 2406 τῆς
724 2344 846 2405 ρκγ⁹
893 2338 1324 2393 ἰουστινιανείου
1356 2338 1596 2407 Νεαρᾶς,
1628 2338 1793 2407 διορίκ

211 2428 372 2490 {erat
400 2428 528 2489 τοὺς
560 2427 947 2499 τολμήσαντας
980 2426 1328 2498 μιμήσασθαι
1388 2426 1578 2497 σχῆμα
1630 2442 1795 2495 μονα-

211 2519 316 2591 χοῦ
356 2520 391 2590 ἢ
446 2521 780 2592 ἁσκητρίας,
848 2522 946 2574 καὶ
998 2520 1139 2574 κατά
1185 2520 1480 2590 σκηνικοὺς
1537 2518 1800 2588 ἐμπαῖξαι

211 2611 381 2666 τοῦτο
406 2613 679 2684 οίῳδήτινι
705 2613 917 2685 τρόπῳ,
948 2614 1281 2683 σωματικῶς
1301 2611 1669 2682 τιμωρεῖσθαι
1704 2613 1801 2666 καὶ

215 2702 608 2774 ἐξορίζεσθαιο
654 2706 834 2777 πολλῷ
869 2706 925 2759 δὲ
960 2705 1121 2759 πλέον
1150 2705 1549 2775 κολασθήσεται
1574 2706 1602 2757 ὁ
1631 2705 1803 2771 ἐπαγ-

214 2793 549 2863 γειλάμενος
590 2795 891 2865 μοναδικὴν
948 2795 1246 2865 διαγωγὴν,
1283 2794 1377 2847 καὶ
1410 2795 1491 2856 εἰς
1524 2793 1802 2863 μοναστή-

214 2902 342 2953 ριον
375 2884 649 2951 ἀπελθὼν,
685 2886 778 2940 καὶ
813 2885 1119 2957 μοναχικὴν
1155 2885 1367 2957 ἐσθῆτα
1394 2883 1801 2956 περιϐαλλόμεο

216 2996 335 3041 νος,
383 2976 480 3030 ἐὰν
521 2977 750 3049 ὕστερον
779 2978 1227 3048 ἀνερυθριάστως
1254 2979 1334 3040 εἰς
1374 2976 1597 3039 λαῖκοὺς
1631 2992 1800 3046 μετα-

220 3070 606 3141 σχηματισθῇ.
649 3071 835 3125 ’Δλλοι
868 3071 923 3123 δὲ
952 3065 1107 3124 εἷπον
1137 3071 1211 3133 ὡς
1237 3071 1286 3122 οί
1318 3069 1800 3140 ρασοφορήσαντες

221 3162 370 3231 μετὰ
409 3160 710 3232 Τρισαγίου
751 3163 814 3215 ού
872 3162 1455 3233 παραχωρηθήσονται
1513 3176 1798 3231 μετασχη-

222 3251 565 3323 ματισθῆναι
601 3255 682 3317 εἰς
716 3254 939 3316 λαῖκούς
967 3269 979 3283 ·
1035 3257 1084 3307 οἱ
1112 3254 1165 3306 δὲ
1197 3254 1367 3324 χωρὶς
1396 3251 1586 3305 τούτου
1634 3268 1802 3321 μετα-

222 3345 700 3416 σχηματισθὲντες
731 3347 1099 3409 ἀδιαστίκτως
1118 3348 1273 3408 ἐντὸς
1294 3345 1395 3415 τῆς
1417 3344 1665 3417 τριετίας
1695 3345 1804 3397 τῶν

224 3434 330 3503 μὲν
390 3432 709 3505 -μοναχικῶν
766 3436 986 3507 ἀμφίων
1043 3434 1239 3505 σχολὴν
1301 3434 1802 3503 καταψηφίσονται,

223 3526 618 3597 ὲνδῡθήσονται
648 3528 704 3581 δὲ
730 3527 918 3582 λαῖκά.
956 3528 1082 3580 Ὅτι
1126 3527 1222 3580 καὶ
1265 3528 1529 3594 γυναῖκες
1583 3526 1809 3579 πενθού-

228 3636 327 3672 σαι
352 3620 482 3683 τοὺς
510 3619 980 3682 -ἀποϐεϐιιμκότας
1011 3619 1213 3691 ἄνδρας
1253 3619 1435 3673 αὐτῶν
1486 3619 1810 3688 μελανειμο-

227 3709 416 3765 νοῦσιν
449 3713 544 3765 ἐπὶ
584 3712 799 3780 καιρὸν,
832 3714 927 3765 καὶ
948 3710 1248 3773 ἀκινδύνως
1277 3708 1434 3773 αὖθις
1464 3710 1532 3764 τὰ
1564 3710 1810 3780 κοσμικὰ

234 3804 673 3875 περιτιθέανται.
702 3805 814 3856 Καὶ
842 3804 997 3856 αύτοὶ
1033 3804 1133 3874 μὲν
1181 3804 1376 3859 ταῦτα.
1433 3805 1560 3867 Τοῖς
1601 3804 1809 3856 πλείοσι

230 3894 290 3946 δὲ
322 3894 419 3946 καὶ
456 3893 876 3964 εὐλαϐεστέροι,
925 3893 985 3945 οὐ
1037 3892 1273 3945 δοκεῖτὸ
1302 3891 1455 3963 ἔχειν
1492 3891 1579 3944 ἐπ’
1621 3891 1810 3952 ἁδείας

232 3986 327 4039 τὸν
364 3985 682 4039 εἰσελθόντα
712 3988 795 4049 είς
820 3986 1209 4055 μοναστήριον,
1240 3985 1359 4050 καὶ,
1396 3984 1472 4046 ὡς
1512 3983 1578 4037 ἂν
1622 3981 1722 4053 ἔχῃ
1750 3980 1812 4033 τὸ

233 4081 497 4152 πρᾶγμα,
530 4080 1069 4152 μελανειμονήσαντα
1109 4078 1372 4133 καὶκατὰ
1408 4078 1674 4149 μοναχοὺς
1697 4077 1813 4132 δια-

235 4173 520 4243 τρίϐοντα,
580 4172 1166 4244 μετασχηματισθῆναι
1231 4172 1311 4236 είς
1372 4172 1615 4235 λαϊκούς.
1656 4171 1813 4240 Ἐξῆν

236 4264 369 4336 γὰρ.
402 4266 588 4335 φασὶν,
620 4264 771 4335 αὺτῷ
796 4266 934 4336 μετὰ
961 4265 1167 4319 λαῖκῶν
1194 4265 1441 4335 ἐσθήτων
1468 4264 1814 4334 ’δοκιμασθῆ-

242 4374 329 4411 vat
360 4357 506 4410 κατὰ
532 4358 625 4411 τὸν
647 4358 749 4426 τῆς
777 4363 1024 4429 τριετίας
1045 4358 1236 4427 καιρόν
1256 4373 1269 4387 ·
1304 4358 1425 4410 ἐπεὶ
1454 4357 1514 4410 δὲ
1545 4356 1818 4426 μοναχικὰ

243 4447 566 4514 ἐνεδύσατο,
601 4449 1092 4520 ἀναγκασθήσεται
1121 4447 1438 4519 περατῶσαι
1472 4446 1569 4517 τὴν
1605 4445 1816 4499 οίκείαν

244 4540 507 4610 πρόθεσιν
539 4556 555 4571 ο
588 4542 638 4593 εί
678 4540 734 4593 δὲ
772 4540 911 4610 πρὸς
942 4540 1103 4595 τοῦτο
1137 4539 1602 4609 ἀποδοσπετήσει,
1640 4555 1803 4607 τιμω-

1922 4545 2103 4601 nullos
2126 4545 2281 4614 queri
2304 4545 2377 4600 de
2404 4547 2698 4616 praefectis,
2732 4546 2826 4616 qui
2863 4546 2931 4601 ad
2982 4548 3128 4616 ipsos
3175 4548 3498 4603 accedentes
3595 4537 3597 4539 ’

244 4631 571 4705 ρηθήσεται,
608 4630 795 4695 καθὼς
826 4632 855 4685 ὁ
883 4632 1046 4703 νόμος
1076 4632 1243 4702 φησιν
1269 4632 1329 4684 ἐν
1354 4629 1431 4700 τῷ
1449 4626 1496 4681 α’
1538 4628 1702 4698 τίτλῳ
1724 4627 1816 4681 τοῦ

244 4725 282 4782 δ’
316 4725 551 4796 βιϐλίου.
597 4725 751 4780 Ἐπεὶ
771 4726 827 4777 δὲ
871 4724 1085 4796 ἡκουσά
1106 4740 1268 4777 τινων
1296 4721 1669 4792 μεμφομένων
1692 4719 1819 4783 τοὺς

245 4817 721 4887 καθηγουμένους,
755 4818 880 4880 τοὺς
907 4817 982 4887 μὴ
1027 4818 1166 4886 μετὰ
1214 4815 1549 4882 ’δοκιμασίαν
1589 4812 1818 4865 ἀποκεί-

247 4925 447 4981 ροντας
471 4908 602 4971 τοὺς
629 4909 1109 4978 προσερχομένους
1138 4907 1344 4970 αὐτοῖς,
1370 4907 1463 4959 καὶ
1503 4906 1643 4960 κατὰ
1665 4904 1820 4958 τοῦτο

248 4998 685 5072 παραϐαίνοντας
707 4997 910 5052 ὡσανεὶ
940 4998 1030 5051 τὸν
1059 4998 1310 5069 παρόντα
1346 4997 1547 5049 κανόνα
1568 5012 1582 5026 ·
1615 4995 1819 5064 νομίζω

243 5091 416 5148 ὅτιτὸ
457 5096 505 5158 γ’
563 5106 690 5158 κεφ.
727 5087 822 5141 τοῦ
859 5094 908 5143 α’
956 5088 1139 5142 τίτλου
1185 5087 1278 5141 τοῦ
1332 5084 1373 5140 δ’
1415 5086 1642 5157 βιϐλίου,
1684 5085 1820 5153 ὅπερ

242 5179 363 5236 ἐστὶ
389 5180 431 5233 δ’
477 5179 675 5249 κεφάλ.
701 5178 801 5248 τῆς
825 5175 944 5251 ρκγ¹
979 5178 1409 5232 Ίουστινιανείου
1443 5176 1685 5246 Νεαρᾶς,
1704 5173 1819 5227 λύει

249 5271 344 5325 καὶ
375 5270 439 5323 τὸ
470 5267 715 5323 τοιοῦτον
738 5268 1064 5339 ἀμφίϐολον.
1095 5269 1234 5338 Φησὶ
1262 5268 1372 5338 γάρ
1394 5283 1410 5299 ο
1440 5266 1506 5320 Εἴ
1531 5283 1613 5330 τις
1648 5265 1706 5318 δὲ
1740 5267 1820 5328 είς

249 5362 549 5436 μοναχικὸν
566 5361 691 5433 βίον
719 5361 894 5415 ἐλθεῖν
922 5361 1245 5432 βουληθείη,
1274 5359 1593 5429 κελεύομεν,
1629 5359 1740 5422 ἵνα,
1770 5359 1821 5412 εί

246 5453 349 5523 μὶν
377 5452 696 5523 γνῶρισμός
720 5454 871 5506 ἑστιν
902 5453 984 5505 ὅτι
1019 5450 1244 5521 οὐδεμιᾷ
1269 5449 1407 5521 τύχη
1457 5449 1763 5515 ὑπόκειται,
1795 5451 1822 5502 ό

251 5541 557 5615 ἡγούμενος
590 5540 686 5593 τοῦ
718 5539 1110 5611 μοναστηρίου,
1159 5541 1250 5592 ὅτε
1296 5538 1505 5611 συνίδη,
1548 5540 1608 5591 τὸ
1638 5538 1821 5608 σχῆμα

248 5635 401 5706 αὐτῷ
442 5634 705 5705 παράσχῃ
732 5651 748 5666 ο
784 5636 834 5687 εί
862 5633 920 5687 δὲ
950 5633 1024 5702 μὴ
1055 5631 1407 5702 γνωρίζεται,
1440 5633 1490 5684 εί
1534 5633 1822 5702 οίᾳδήποτε

251 5730 539 5783 ὑπόκειται
574 5727 739 5800 τύχῃ,
788 5726 937 5790 ἐντὸς
970 5726 1138 5796 τριῶν
1180 5725 1447 5779 ὲνιαυτῶν
1480 5725 1556 5796 μὴ
1608 5725 1823 5795 λαμϐά-

242 5837 360 5876 νειν
392 5820 559 5876 αὑτὸν
587 5820 647 5875 τὸ
670 5819 977 5882 -ιιοναγικδν
1028 5820 1240 5886 σχῆμα,
1274 5817 1388 5870 ἀλλ’
1426 5816 1580 5881 ἐντὸς
1620 5816 1715 5871 τοῦ
1747 5818 1822 5870 εί-

1892 586 2112 654 quidcm
2145 586 2317 640 instar
2342 586 2731 641 monachorum
2766 586 2818 640 in
2850 585 2968 640 foro
2998 591 3270 653 versetur,
3306 584 3467 639 hodie

1888 690 2020 729 vero
2051 676 2226 730 instar
2255 675 2519 730 laicorum
2552 691 2613 730 se
2647 676 2910 731 theatrice
2942 675 3183 731 venditet
3206 715 3220 739 ,
3271 682 3329 729 et
3381 675 3465 729 in-
3542 716 3545 719 .

1888 782 2003 822 Slal‘
2036 768 2378 821 scenicorum
2439 776 2690 821 sanctum
2742 766 2989 820 habitum
3049 766 3456 835 quodammodo

1888 859 2219 914 ludificetur.
2277 859 2466 913 Potius
2504 875 2633 929 ergo
2668 872 2892 929 cogetur
2942 859 3023 914 vel
3069 859 3273 914 invitus
3337 867 3467 912 ton-

1889 948 2025 1003 deri.
2061 948 2165 1015 Qui
2195 961 2375 1004 autem
2416 952 2531 1004 haec
2562 950 2834 1012 dicebant,
2869 950 3076 1004 dictum
3134 964 3294 1005 suum
3338 964 3468 1003 con-

1887 1041 2179 1096 firmabant
2211 1058 2275 1097 ex
2305 1041 2338 1096 5
2362 1043 2528 1112 capit.
2590 1043 2651 1097 ll
2708 1042 2846 1095 tituli
2902 1042 3186 1112 prmsentis
3231 1042 3415 1112 operis
3449 1081 3465 1104 ,

1890 1135 1973 1192 sic
2030 1135 2175 1191 circa
2224 1136 2445 1190 initium
2500 1136 2785 1191 dicentis:
2837 1137 2904 1192 15
2957 1137 3279 1193 constitutio
3308 1136 3467 1207 primi

1890 1228 2031 1284 tituli
2070 1227 2414 1283 Novellarum
2445 1229 2604 1295 dicit,
2657 1228 2800 1298 quod
2846 1230 2939 1297 qui
2989 1230 3110 1285 vitae
3143 1228 3470 1283 incumbunt

1890 1322 2205 1377 monasticae
2236 1360 2251 1385 ,
2308 1321 2420 1375 sive
2452 1322 2562 1375 sint
2594 1321 2751 1376 liberi
2820 1321 2937 1375 sive
2990 1324 3175 1385 servi,
3233 1320 3469 1375 triennio

1891 1414 2044 1484 prius
2076 1422 2429 1483 perseverent
2459 1413 2724 1468 laicorum
2780 1422 2942 1468 tonsu
2983 1421 3038 1468 et
3078 1413 3277 1467 vestitu
3314 1423 3471 1467 uten-

1891 1514 1996 1567 tcs,
2031 1515 2085 1559 et
2122 1504 2436 1574 Scripturas
2487 1505 2761 1558 discentes
2791 1542 2807 1566 .
2867 1510 2921 1558 et
2976 1519 3133 1559 suam
3194 1502 3469 1557 fortunam

1891 1597 2243 1661 confitentes,
2284 1610 2331 1652 et
2365 1612 2586 1652 causam
2623 1613 2723 1651 cur
2782 1599 3033 1651 monachi
3089 1612 3210 1652 esse
3262 1599 3471 1651 velint:

1892 1706 1961 1744 ne
1998 1688 2310 1744 forte‘tnala
2342 1691 2435 1756 sit,
2467 1700 2520 1744 et
2552 1690 2952 1744 admoueantur
2984 1708 2999 1746 :
3032 1700 3085 1746 et
3142 1691 3188 1746 si
3241 1691 3475 1745 trienqu

1895 1782 2366 1852 perseveraverint
2396 1790 2451 1835 et
2493 1782 2829 1836 monasterio
2861 1782 3006 1850 digni
3061 1783 3162 1837 visi
3222 1782 3474 1847 fuerint,

1901 1884 2029 1927 tunc
2061 1874 2412 1928 tondeantur.
2446 1873 2513 1926 Et
2537 1890 2601 1928 ex
2642 1874 2746 1929 hac
2778 1873 3018 1940 Novella,
3045 1890 3167 1945 quae
3198 1884 3281 1930 est
3307 1874 3479 1932 Justi-

1899 1965 2073 2042 niani,
2097 1966 2371 2030 VOIL‘baﬂl,
2392 1981 2515 2021 cum
2534 1966 2652 2020 laici
2678 1966 2921 2021 vestibus
2941 1968 3050 2022 fieri
3075 1968 3475 2038 probationem.

1899 2057 2238 2127 Adjiciebant
2297 2066 2503 2123 autent,
2563 2058 2708 2129 quod
2758 2060 3017 2127 quoniam
3066 2061 3134 2114 15
3164 2075 3285 2129 cap.
3315 2062 3474 2131 primi

1906 2151 2067 2213 tituli,
2111 2167 2162 2204 tv
2194 2150 2288 2204 lib.
2318 2150 2541 2206 Basilic.
2592 2153 2736 2221 quod
2794 2152 3012 2222 quidem
3066 2162 3150 2209 est
3183 2154 3250 2208 64
3286 2169 3335 2208 c.
3374 2154 3481 2207 125

1900 2240 2197 2297 Justiuiani
2230 2242 2490 2309 Novellze,
2525 2244 2813 2311 decernit,
2855 2254 2913 2300 ιιι
2965 2246 3057 2316 qui
3104 2248 3219 2301 ausi
3274 2246 3477 2301 fuerint

1905 2335 2157 2390 monachi
2210 2337 2294 2391 vel
2360 2338 2609 2392 ascetriae
2666 2338 2911 2391 habitum
2967 2337 3212 2403 imitari,
3284 2347 3339 2394 et
3399 2340 3481 2393 in-

1906 2434 2021 2483 star
2049 2428 2394 2483 scenicorum
2429 2429 2624 2499 quovis
2656 2430 2818 2484 modo
2857 2429 3010 2484 illum
3043 2430 3290 2498 illudere,
3346 2445 3476 2484 cor-

1904 2533 2036 2583 pore
2089 2519 2389 2587 puniantur
2417 2527 2470 2572 et
2523 2519 3013 2574 exterminentur:
3072 2521 3242 2575 multo
3299 2532 3481 2574 autem

1906 2603 2078 2674 magis
2112 2604 2393 2673 punietur,
2435 2607 2529 2675 qui
2565 2608 2732 2661 vitam
2784 2610 3142 2663 monasticam
3199 2610 3482 2678 professus

1904 2688 1959 2743 in
1998 2693 2391 2747 monasterium
2424 2694 2706 2763 ingressus
2743 2705 2829 2751 est
2858 2739 2872 2763 ,
2904 2706 2959 2752 et
2996 2709 3144 2754 veste
3172 2700 3479 2753 monachali

1905 2779 2160 2845 indutus;
2217 2784 2260 2837 si
2300 2794 2488 2853 postea
2548 2788 2696 2840 omni
2754 2797 2921 2842 exuto
2974 2791 3181 2858 pudore
3228 2790 3480 2845 'laicalem

1905 2874 2157 2927 vestitum
2187 2876 2474 2943 receperit.
2512 2875 2617 2929 Alii
2657 2890 2837 2932 autem
2874 2878 3169 2944 dixerunt,
3207 2881 3352 2952 quod
3388 2882 3481 2950 qui

1904 2980 2030 3021 rasa
2066 2966 2239 3021 induti
2274 2966 2479 3023 fuerint
2512 2985 2634 3025 cum
2662 2967 2914 3041 Trisagio
2942 3012 2957 3038 ,
2989 2972 3055 3027 ad
3091 2972 3339 3029 laicalent
3396 2975 3486 3028 ha-

1904 3058 2076 3113 bitum
2105 3060 2283 3116 redire
2312 3077 2419 3117 non
2476 3064 2726 3119 sineutur
2759 3084 2772 3120 :
2808 3066 2900 3131 qui
2960 3082 3087 3122 vero
3143 3069 3353 3138 absque
3417 3086 3485 3122 eo

1907 3150 2149 3206 habitum
2200 3165 2506 3224 ceperunt,
2560 3156 2880 3214 indistincte
2972 3160 3115 3215 intra
3189 3163 3485 3216 triennium

1907 3245 2335 3301 mouasticarum
2368 3249 2593 3317 quidem
2618 3250 2853 3305 vestium
2891 3253 3063 3305 otium
3116 3254 3483 3317 damnabunt;

1907 3337 2067 3394 laicis
2100 3348 2281 3394 autem
2312 3339 2630 3398 induentur.
2658 3342 2793 3397 Nam
2827 3354 2876 3399 et
2917 3345 3170 3401 mulieres
3197 3387 3213 3413 ,
3239 3363 3360 3417 qum
3392 3349 3489 3402 de-

1908 3429 2128 3489 functos
2188 3436 2334 3490 viros
2366 3435 2594 3505 lugent,
2655 3436 2788 3492 atris
2844 3438 3091 3494 vestibus
3144 3440 3211 3494 ad
3270 3447 3487 3511 tempus

1908 3525 2233 3593 induuntur,
2270 3538 2321 3580 et
2364 3543 2558 3581 rursus
2590 3527 2709 3583 sine
2761 3528 3004 3596 periculo
3050 3532 3343 3587 smculares
3398 3534 3487 3587 iu-

1909 3615 2109 3671 duunt.
2153 3615 2216 3670 Et
2246 3617 2297 3670 hi
2330 3618 2550 3686 quidem
2575 3618 2692 3674 hmc
2723 3620 2931 3673 dicunt.
2992 3618 3245 3677 Pluribus
3303 3631 3486 3677 autem

1911 3720 1965 3763 et
1997 3710 2433 3779 religiosioribus
2461 3728 2569 3766 non
2598 3712 2808 3768 videtur
2842 3715 2893 3767 in
2918 3714 3036 3784 ejus
3057 3729 3178 3768 esse
3200 3724 3490 3782 potestate,

1911 3805 2003 3872 qui
2038 3806 2429 3859 uwnasteriutn
2465 3806 2769 3887 ingressus,
2803 3818 2877 3871 et,
2907 3807 3405 3879 quomodocunque
3429 3826 3490 3864 se

1912 3911 2001 3950 res
2035 3896 2249 3960 habeat,
2282 3898 2451 3968 nigris
2478 3899 2721 3954 vestibus
2754 3899 2976 3954 indutus
3008 3909 3090 3955 est
3120 3941 3135 3965 ,
3179 3913 3235 3956 et
3287 3918 3480 3955 mona-

1913 3988 2052 4041 stico
2087 4003 2239 4043 more
2272 3990 2440 4060 degit,
2480 3989 2725 4045 habiturn
2776 3990 2976 4045 laicum
3025 4008 3326 4049 resumere.
3384 3993 3491 4063 Ipsi

1913 4079 2083 4145 enim,
2118 4082 2394 4150 inquiunt,
2427 4082 2630 4137 licebat
2665 4097 2790 4137 cum
2823 4083 3073 4138 vestibus
3126 4086 3282 4140 laicis
3314 4089 3496 4155 spatio

1917 4175 2136 4229 triennii
2172 4176 2440 4245 probari:
2496 4187 2551 4230 at
2598 4180 2726 4247 quia
2782 4190 2961 4234 veStes
3023 4180 3355 4235 monasticas
3406 4182 3492 4234 in-

1918 4269 2057 4334 duit,
2096 4281 2320 4341 cogetur
2349 4287 2507 4325 suum
2542 4271 2665 4326 vita:
2698 4273 3038 4342 propositum
3075 4277 3369 4342 perlicere;
3403 4275 3490 4328 sin

1919 4375 2048 4415 vero
2116 4360 2224 4415 hoc
2267 4376 2410 4431 :egre
2471 4362 2649 4430 ferat,
2706 4364 3001 4434 punietur,
3061 4375 3120 4419 ut
3149 4364 3234 4419 lex
3276 4364 3408 4420 dicit
3435 4366 3494 4420 in

1918 4453 2098 4523 primo
2133 4452 2310 4517 titulo,
2341 4470 2391 4507 Iv
2424 4454 2517 4508 lib.
2554 4454 2821 4521 Quoniam
2874 4465 3057 4511 autem
3111 4455 3291 4511 audivi
3349 4472 3492 4510 non-

1920 4646 2046 4709 post
2077 4638 2428 4708 probationes
2467 4655 2577 4694 non
2622 4641 2869 4704 tondent,
2911 4647 2965 4695 et
2992 4655 3054 4693 ea
3080 4641 3133 4707 in
3166 4655 3222 4694 re
3252 4656 3495 4709 praesen—

1926 4742 2028 4785 tem
2091 4746 2357 4786 cauonem
2417 4732 2584 4786 veluti
2643 4732 3155 4801 transgrediuntur;
3192 4731 3492 4794 existimo,

1921 4826 2065 4893 quod
2094 4826 2125 4878 ’5
2157 4839 2276 4893 cap.
2302 4822 2458 4893 primi
2519 4824 2659 4877 tituli
2681 4863 2697 4889 ,
2744 4839 2803 4879 λιν
2837 4824 2957 4888 lib.,
3016 4821 3161 4892 Quod
3190 4831 3273 4877 est
3296 4825 3328 4877 4
3369 4838 3493 4888 cap.

1924 4916 2029 4972 125
2075 4915 2369 4970 Justiniani
2405 4914 2640 4970 Novella:
2665 4955 2680 4979 ,
2720 4915 2825 4970 hoc
2870 4916 3092 4968 dubium
3145 4916 3323 4969 solvit.
3361 4914 3498 4969 Dicit

1921 5010 2065 5064 enim
2091 5026 2105 5063 :
2145 5008 2202 5062 Si
2232 5008 2355 5077 quis
2380 5008 2444 5060 ad
2480 5007 2833 5061 monasticam
2859 5007 2990 5061 velit
3021 5007 3187 5061 vitam
3216 5008 3495 5071 accedere,

1918 5100 2198 5171 jubemus,
2231 5109 2311 5161 ut,
2347 5099 2391 5153 si
2424 5100 2498 5153 sit
2536 5100 2752 5169 quidem
2784 5108 2971 5153 notum
3006 5114 3128 5153 eum
3178 5098 3311 5153 nulli
3373 5114 3498 5152 esse

1924 5191 2156 5246 fortunae
2183 5191 2513 5260 subjectum,
2553 5190 2878 5245 monasterii
2908 5191 3221 5261 praefectus,
3256 5191 3479 5261 quando

1924 5283 2028 5338 hoc
2072 5283 2415 5353 cognoverit,
2451 5283 2699 5337 habitum
2726 5282 2805 5338 illi
2853 5282 3092 5353 praebeat
3127 5301 3141 5337 :
3184 5282 3271 5337 sin
3315 5294 3494 5337 autem

1923 5374 2192 5440 nescitur,
2219 5391 2287 5431 an
2326 5375 2418 5428 ulli
2457 5376 2528 5431 sit
2552 5375 2783 5429 fortunae
2812 5375 3096 5446 subjectus
3124 5416 3139 5440 ,
3196 5375 3339 5430 intra
3385 5386 3498 5431 tres

1924 5480 2101 5521 annos
2131 5465 2495 5520 monasticum
2528 5465 2773 5519 habitum
2810 5481 2877 5520 ne
2900 5466 3168 5537 accipiat;
3206 5467 3299 5522 sed
3354 5467 3497 5520 intra

1924 5559 2126 5611 dictant
2160 5565 2393 5627 tempus,
2441 5556 2561 5626 ejus
2595 5557 2716 5611 vitae
2744 5559 3187 5613 conversationis
3216 5597 3229 5621 ,
3293 5560 3337 5612 is
3404 5558 3496 5625 qni

1926 5647 2263 5704 monasterio
2293 5661 2511 5718 praeest,
2548 5648 2851 5718 periculum
2910 5650 3097 5715 faciat,
3177 5657 3231 5703 et
3277 5658 3494 5703 cetera.

1926 5742 2290 5806 Quamobrem
2326 5738 2615 5809 prmfectus
2652 5749 2795 5796 recte
2824 5739 3013 5795 tondet
3039 5739 3392 5794 accedentem
3425 5740 3494 5794 ad

1925 5850 2072 5892 eum.
2104 5833 2321 5893 quando
2346 5831 2493 5887 illum
2518 5834 2764 5897 noverit;
2819 5840 2871 5888 et
2914 5832 3161 5899 probatio
3212 5832 3271 5887 ﬁt
3316 5833 3495 5889 solum
