3972 6488
236 433 361 497 1041

1433 440 1518 500 ΙΝ
1546 438 1710 496 CAN.
1752 435 1861 494 Vll
1920 435 2127 498 CONC.
2160 439 2269 500 (ΞΡ.

3323 415 3460 510 una

235 556 401 614 patm,
433 561 606 608 reum,
649 557 772 616 apta
807 550 1166 619 castigatione
1194 552 1259 605 ad
1335 556 1626 607 sanitatem
1688 543 1877 599 reduci
1921 546 2110 611 placet.
2143 548 2340 602 Eadem
2369 565 2531 619 porro
2559 552 2760 623 inquit,
2799 570 2827 607 a
2859 556 3184 612 ntonialibus
3228 572 3462 627 quoque,

230 654 568 704 quaerundae
593 640 658 694 de
694 642 978 696 monachis
1010 644 1113 699 hoc
1148 660 1359 700 canone
1390 653 1515 699 sunt
1547 644 1791 698 decreta,
1835 650 2144 696 serventur.
2486 644 2494 656 ‘

228 737 451 791 ΑΡΙΣΤ.
489 755 507 787 ι
566 738 713 802 Ἑξδν
752 739 812 791 ὃν
863 743 971 802 τοῖς
1013 743 1244 810 μονάσαι
1295 742 1640 811 βουλομένοις
1689 737 1802 788 δια-

1911 735 2134 794 AltIST.
2173 758 2193 792 ι
2233 735 2580 797 Monasticani
2617 744 2776 797 vitam
2806 746 3137 814 atuplexuris
3164 740 3463 803 testamen-

310 846 328 879 ι
378 827 565 882 θέσθαι
611 829 897 900 πρότερον,
946 832 994 883 εἰ
1035 833 1109 902 μὴ
1157 832 1442 894 mecum.
1475 832 1583 885 τῶν
1616 830 1798 891 αὐτοῖς

305 936 325 970 ι
376 920 686 988 προσόντων
719 926 1000 990 κυριεύσει
1027 925 1087 975 τὸ
1122 927 1509 993 μοναστήριον.
1542 924 1605 976 Ei
1654 924 1709 976 δέ
1745 940 1798 975 τι

377 1010 789 1081 ἱδιοποιήσαιτο,
824 1014 918 1067 καὶ
950 1014 1025 1085 μὴ
1058 1015 1473 1087 ἀποκληρώσειε
1512 1016 1573 1069 τὸ
1630 1034 1796 1081 μονα-

373 1104 616 1173 στήριον,
647 1106 796 1174 παρὰ
825 1108 920 1160 τοῦ
948 1110 1253 1177 ἡγουμένου
1298 1109 1331 1181 ἦ
1369 1109 1464 1164 τοῦ
1497 1110 1796 1186 ἐπισκόπου

307 1026 327 1058 1

307 1215 327 1247 ‹
376 1198 627 1267 φανερῶς
678 1203 1149 1271 πιπρασκόμενον,
1181 1207 1416 1273 πτωχοῖς
1463 1205 1798 1273 διανεμηθή-
1862 1188 1865 1189 ν

376 1308 567 1344 σεται·
624 1295 719 1346 καὶ
772 1295 800 1346 ὁ
859 1297 1255 1366 νοσφισάμενος
1314 1299 1792 1369 ὲπιτιμηθήσεται.

309 1402 330 1434 ι
377 1384 658 1453 Κρατήσει
683 1385 856 1438 ταῦτα
887 1388 979 1439 καὶ
1015 1390 1093 1449 εἰς
1126 1389 1485 1457 μοναζούσας,
1524 1410 1541 1442 ι

832 1480 1073 1533 KANuN
1126 1481 1199 1536 zz
1308 1464 1313 1467 ’

228 1586 254 1618 ς
305 1568 511 1629 Πολλὰς
554 1569 660 1622 τῶν
708 1571 1024 1626 ἐπισκοπῶν
1074 1574 1292 1644 δρῶμεν
1322 1578 1792 1643 καταπιπτούσσς,

308 1678 327 1711 ι
374 1660 469 1713 καὶ
499 1662 793 1732 ἀφανισμῷ
822 1666 1011 1736 τελείῳ
1039 1667 1460 1731 κινδυνευούσας
1508 1669 1797 1737 παραδίδσ-

302 1770 326 1803 ‹
375 1753 519 1815 σθαι,
548 1755 738 1824 ὅτιπερ
770 1758 817 1807 οί
850 1757 1055 1809 τούτων
1084 1760 1486 1827 προεστηκότες
1532 1760 1629 1828 τὴν
1671 1762 1797 1829 περὶ

307 1863 326 1893 ι
375 1844 555 1898 αὐτῶν
589 1848 847 1916 φροντίδα
898 1851 994 1902 καὶ
1050 1851 1367 1919 ἐπιμέλειαν
1400 1856 1480 1915 είς
1508 1855 1797 1924 νεουργίας

312 1954 332 1986 ι
382 1941 756 2009 μοναστηρίων
786 1926 1267 2008 καταναλίσκουσι,
1303 1945 1396 1998 καὶ
1441 1943 1643 2007 ταύτας
1683 1947 1797 1998 δια-

306 2048 328 2080 ε
377 2031 653 2097 σπῶντες,
709 2035 804 2087 καὶ
854 2034 945 2087 τὸν
1001 2037 1365 2106 σφετερισμὸν
1415 2038 1524 2090 τῶν
1576 2037 1796 2090 εἰσόδων

307 2139 325 2170 ι
380 2122 855 2193 ἑκμηχανώμενοι,
887 2125 984 2197 τὴν
1015 2128 1237 2181 ἐκείνων
1281 2127 1583 2197 ἐπαύξησιν
1618 2145 1795 2199 πραγ-

306 2232 328 2262 4
380 2216 724 2281 ματεύονται.
752 2217 974 2285 Ὠρισεν
1003 2219 1096 2271 οὖν
1121 2220 1207 2273 διὰ
1232 2220 1388 2273 τοῦτο
1433 2223 1466 2290 ὴ
1510 2222 1638 2289 ἁγία
1670 2224 1796 2274 σύν-

302 2325 323 2357 ι
372 2308 492 2369 οδος
520 2310 706 2376 μηδενὶ
732 2310 839 2362 τῶν
864 2312 1177 2364 ἐπισκόπων
1205 2312 1407 2375 ἐξεῖναι
1437 2318 1797 2383 μοναστὴριον

308 2416 327 2447 ι
376 2398 507 2449 ίδιον
573 2401 665 2451 ἐπὶ
723 2401 1015 2455 καταλύσει
1070 2404 1168 2472 τῆς
1228 2405 1435 2468 οἰκείας
1495 2406 1798 2475 ἐπισκοπῆς

305 2509 325 2537 4
376 2494 677 2559 νεουργεῖν.
727 2493 788 2545 Εί
819 2493 876 2544 δέ
920 2510 1004 2555 τις
1034 2494 1314 2566 φωραθείη
1362 2496 1520 2550 τοῦτο
1562 2496 1796 2566 τολμῶν,

305 2600 324 2631 ι
371 2582 535 2634 αὐτὸν
587 2584 684 2653 μὲν
746 2585 822 2652 τῷ
870 2588 1201 2656 προσήκοντι
1253 2588 1510 2657 ἐπιτιμίῳ
1558 2589 1799 2642 καθυπο-

310 2693 331 2723 ι
380 2675 697 2743 ϐάλλεσθαι,
749 2678 812 2730 τὸ
859 2680 915 2732 δὲ
969 2672 1296 2749 νεουργηϐὲν
1358 2683 1450 2734 ὑπ’
1496 2683 1682 2747 αὐτοῦ,
1725 2683 1800 2747 ὡς

308 2784 327 2815 ι
380 2766 516 2834 μηδὲ
562 2767 660 2837 τὴν
708 2770 885 2840 ἀρχὴν
935 2774 1298 2842 μοναστηρίου
1339 2774 1545 2826 δίκαιον
1576 2776 1800 2846 ἀπειλη-

309 2876 328 2908 ι
375 2861 495 2928 φὺς,
539 2861 613 2921 ὡς
656 2861 925 2916 ἰδιωτικὸν
977 2864 1055 2934 τῷ
1089 2866 1426 2937 ὲπισκοπείῳ
1457 2869 1800 2939 προσκυροῢο

311 2970 329 3002 ι
380 2952 525 3005 σθαι.
561 2954 727 3007 Οὐδὲν
756 2938 865 3025 γὰρ
897 2957 1005 3009 τῶν
1039 2960 1372 3029 παρανόμως
1402 2962 1495 3013 καὶ
1547 2938 1801 3023 ἀτάκτως

310 3061 329 3094 ι
378 3047 876 3113 παρυφισταμένων
927 3047 986 3099 τὸ
1031 3049 1311 3117 πρόκριμα
1350 3048 1458 3100 τῶν
1499 3049 1799 3102 κανονικών

312 3153 330 3185 ι
378 3136 787 3202 συνισταμένων
819 3137 1194 3206 ἀποφέρεσθαι
1226 3137 1469 3195 δύναται.
1507 3160 1525 3192 ι

308 3224 505 3278 ΒΑΛΣ.
553 3226 895 3280 Ἐπισκόπων
924 3227 1107 3293 τινῶν,
1156 3229 1229 3292 ὡς
1275 3232 1439 3295 ἔοικε,
1483 3234 1801 3301 νεουργούν-

226 3336 342 3370 των
374 3321 712 3388 μοναστήρια
748 3324 841 3372 καὶ
870 3322 1381 3377 καταναλισκόντων
1427 3324 1525 3387 τὰς
1560 3326 1801 3388 εἰσόδους

230 3409 345 3461 τῶν
376 3411 714 3475 ἐπισκοπῶν,
742 3412 921 3483 ἇσπερ
943 3413 1173 3483 ὤφειλον
1209 3418 1346 3486 μετά
1370 3417 1467 3487 τὴν
1497 3420 1801 3485 ἀναγκαίαν

225 3501 441 3554 τούτων
466 3503 711 3573 δαπάνην
746 3506 825 3567 είς
854 3507 1206 3577 περιποίησιν
1229 3509 1337 3560 τῶν
1364 3509 1465 3577 τῆς
1496 3506 1800 3579 ἐπισκοπῆς

225 3594 521 3661 ταμιεύειν
546 3598 707 3649 ’κατὰ
727 3596 818 3649 τὸν
867 3600 1226 3653 ἀποστολικόν
1256 3602 1478 3661 κανόνα.
1510 3603 1805 3656 κάντεῦθεν

228 3685 347 3738 τῶν
392 3688 695 3755 ἐκκλησιῶν
735 3690 915 3742 αύτῶν
962 3693 1441 3756 καταπιπτουσῶν,
1480 3696 1571 3747 καὶ
1619 3697 1698 3757 είς
1749 3695 1806 3747 τὸ

232 3778 408 3847 μηδὲν
443 3779 630 3847 σχεδὸν
678 3784 1117 3851 περιισταμένων
1144 3801 1159 3815 ο
1201 3776 1410 3855 ὥρισαν
1458 3788 1507 3837 oi
1561 3787 1805 3859 Πατὲρες

230 3872 315 3942 μὴ
370 3878 651 3944 νεουρτείν
700 3877 997 3930 ἐπίσκοπον
1046 3881 1408 3949 μοναστήριον
1443 3882 1573 3933 ίδιον
1604 3882 1693 3934 διὰ
1744 3884 1805 3935 τὸ

230 3965 333 4018 ἐπὶ
362 3967 656 4021 καταλύσει
683 3970 783 4039 τῆς
811 3971 1119 4039 ἐπισκοπῆς
1147 3972 1307 4026 τοῦτο
1338 3974 1701 4038 καινίζεσθαι.
1738 3975 1802 4028 Εἰ

226 4054 293 4106 δὲ
344 4057 493 4126 παρὰ
541 4058 712 4112 ταῦτά
760 4077 843 4123 τις
877 4062 1172 4125 ἐπίσκοπος
1226 4065 1462 4132 ποιήσει,
1503 4067 1665 4128 αὐτὸς
1705 4067 1805 4136 μὲν

230 4148 499 4218 ἐπιτιμίῳ
548 4150 1131 4223 καθυποόληῦήσεταιο
1176 4155 1238 4208 τὸ
1298 4157 1354 4208 δὲ
1412 4159 1805 4227 καινουργηθὲν

234 4240 605 4310 μοναστήριον
653 4243 758 4295 ὑπὸ
809 4247 908 4313 τὴν
944 4246 1244 4314 κυριότητα
1295 4248 1499 4299 ὲλσείται
1551 4249 1649 4316 τῆς
1688 4251 1806 4302 ἐπι-

232 4332 473 4401 σκοπῆς.
510 4334 618 4388 Καὶ
645 4336 673 4386 ὁ
695 4335 792 4405 μὲν
824 4336 1001 4389 κανὼν
1030 4340 1087 4389 ἐν
1106 4338 1336 4401 τούτοις.
1363 4340 1560 4401 Καλῶς
1593 4340 1649 4393 δὲ
1679 4336 1801 4394 εἷπε

235 4421 316 4489 μὴ
344 4420 487 4491 ἔχειν
517 4424 603 4477 ἐπ’
627 4424 810 4489 ἁδείας
840 4427 929 4479 τὸν
958 4428 1256 4481 ἐπίσκοπον
1288 4431 1350 4480 ἐκ
1379 4429 1498 4482 νέου
1539 4432 1804 4494 καινίζειν

236 4517 606 4586 μοναστήριον
651 4518 744 4571 ἐπὶ
797 4519 1093 4572 καταλύσει
1141 4521 1238 4590 τῆς
1287 4522 1424 4583 ίδίας
1472 4524 1797 4594 ἐπισκοπῆς.

235 4606 305 4658 Εἰ
335 4607 444 4677 γὰρ
478 4608 538 4660 τὸ
566 4611 730 4680 προὸν
767 4612 1131 4683 μοναστήριον
1165 4614 1502 4677 ἀνακαινίζει
1532 4632 1634 4680 τις,
1671 4617 1805 4682 φθάο

234 4715 343 4777 σαν
396 4702 845 4771 καταπτωθῆναι,
896 4705 989 4755 καὶ
1045 4705 1179 4774 μηδὲ
1230 4706 1298 4759 τὰ
1345 4706 1442 4777 τῆς
1496 4708 1804 4777 ἐπισκοπῆς

1975 848 1995 882 ι
2038 841 2149 885 tum
2178 835 2325 902 prius
2357 836 2589 890 condere
2614 837 2773 891 licet:
2799 840 2845 890 si
2865 849 3046 891 autem
3075 849 3459 895 testamentum

1977 942 1995 974 ι
2039 940 2142 977 non
2180 925 2431 989 fecerint,
2454 927 2593 980 bona
2624 942 2813 981 eorum
2850 929 3147 995 possidebit
3182 940 3460 983 monaste—

1979 1035 1997 1068 ι
2041 1017 2206 1071 rium.
2236 1016 2332 1072 Sin
2368 1019 2667 1087 quidquam
2705 1020 2806 1074 sibi
2842 1023 2967 1090 quis
2998 1022 3381 1082 reservaverit.
3408 1031 3462 1076 et

1979 1130 1997 1161 ι
2032 1113 2426 1165 monasterium
2462 1112 2592 1167 illud
2626 1128 2732 1166 non
2757 1114 3012 1167 sonitum
3051 1113 3236 1179 fuerit,
3267 1131 3295 1167 a
3327 1130 3464 1180 pra:-

1973 1221 1995 1254 ι
2033 1201 2174 1256 fecto
2208 1203 2289 1258 vel
2309 1205 2565 1272 episcopo
2595 1206 2769 1273 palam
2796 1206 3098 1267 venditum,
3133 1208 3461 1275 pauperibus

1889 1320 1902 1345 ι
1976 1314 1996 1346 ι
2035 1296 2439 1350 distribuetur:
2488 1306 2544 1351 et
2592 1297 2687 1364 qui
2748 1298 3036 1362 surripuit,
3086 1298 3461 1369 castigabitur.

1976 1407 1995 1440 ι
2035 1388 2233 1443 Eadem
2268 1400 2323 1443 et
2357 1390 2409 1442 iu
2444 1389 2777 1443 ntouialibus
2810 1391 3087 1444 valebunt.
3124 1410 3142 1441 ο

2394 1514 2403 1531 κ
2487 1479 2717 1536 CANON
2759 1482 2868 1536 VII.

1902 1591 1922 1622 ε
1961 1572 2157 1629 Multos
2210 1572 2558 1643 episcopatus
2612 1576 2799 1635 ruere.
2853 1587 2908 1629 et
2961 1585 3223 1644 perpetuo
3291 1575 3460 1629 exitio

1975 1683 1993 1717 ι
2031 1668 2167 1720 tradi
2203 1667 2478 1733 videmus,
2513 1670 2655 1737 quod
2696 1669 2786 1737 qui
2819 1670 2900 1724 eis
2948 1680 3212 1738 praesunt,
3243 1680 3459 1722 omnem

1980 1774 2002 1811 ε
2039 1758 2106 1813 de
2159 1760 2240 1814 eis
2287 1776 2474 1814 curam
2519 1771 2575 1814 et
2611 1762 3042 1817 sollicitudinem
3103 1762 3155 1814 in
3218 1769 3461 1814 recentes

1972 1868 1991 1901 ι
2032 1851 2496 1905 monasteriorum
2557 1853 2962 1907 exstructioncs
3021 1853 3346 1915 conferunt,
3408 1863 3462 1905 et

1973 1962 1993 1992 ι
2032 1957 2126 1996 eos
2160 1944 2479 1998 divellcntes
2531 1960 2593 1998 ac
2643 1946 3031 2008 distrahentes,
3094 1955 3147 1998 et
3184 1946 3256 1998 ut
3300 1945 3364 1997 ad
3398 1960 3459 1999 se

1977 2051 1996 2085 ι
2037 2035 2340 2104 pertineant
2400 2037 2624 2101 reditus,
2697 2038 3000 2097 molientes,
3065 2046 3125 2090 ut
3184 2038 3298 2105 ipsa
3359 2054 3455 2090 auo

1972 2146 1992 2178 ς
2034 2136 2283 2197 geantur,
2344 2128 2616 2181 laborant.
2667 2128 2781 2183 Hoc
2838 2146 2965 2201 ergo
3027 2131 3219 2184 statuit
3266 2140 3453 2183 sancta

1929 2211 1934 2221 ’
1974 2239 1992 2271 ι
2038 2221 2279 2290 synodus
2306 2260 2319 2283 ,
2370 2222 2503 2273 nulli
2547 2221 2711 2275 licere
2742 2222 3000 2289 episcopo
3032 2222 3300 2291 privatum
3349 2237 3463 2272 tuo-

1975 2328 1994 2360 ι
2039 2310 2335 2364 uasterium
2367 2311 2432 2363 ad
2461 2312 2663 2380 proprii
2697 2313 3049 2380 episcopatus
3077 2312 3368 2379 perniciem
3399 2312 3463 2364 de

1976 2422 1994 2453 ι
2034 2418 2175 2455 novo
2228 2411 2535 2458 exstruere.
2590 2402 2646 2456 Si
2701 2404 2825 2472 quis
2882 2413 3059 2455 autem
3118 2405 3217 2456 hoc
3263 2404 3465 2458 audere

1978 2515 1998 2547 ‹
2038 2496 2409 2565 deprehensus
2444 2497 2628 2557 fuerit,
2660 2497 2834 2565 ipsum
2867 2497 3083 2565 quidem
3116 2499 3462 2551 convenienti

1976 2606 1994 2638 ι
2039 2603 2209 2656 preme
2246 2587 2444 2657 subjici
2488 2607 2502 2641 :
2558 2589 2700 2657 quod
2762 2588 2829 2640 ab
2886 2587 3003 2656 ipso
3041 2597 3221 2642 autem
3276 2604 3465 2644 recens

1978 2698 1996 2730 ι
2036 2689 2375 2733 exstructum
2405 2688 2510 2743 est,
2544 2690 2603 2733 ut
2628 2679 2773 2748 quod
2806 2695 2905 2733 nec
2932 2688 3015 2734 cst
3065 2681 3133 2733 ab
3166 2681 3326 2733 initio
3370 2681 3461 2749 jus

1978 2792 1997 2824 ι
2040 2774 2357 2827 monasterii
2393 2773 2675 2837 sortitum,
2709 2782 2765 2825 ut
2801 2774 3071 2839 privatum
3116 2773 3460 2842 episcopatui

1978 2884 1998 2915 ‹
2040 2865 2299 2918 adscribi.
2329 2863 2473 2918 Nihil
2503 2866 2648 2918 enim
2682 2879 2893 2927 eorum,
2940 2880 3059 2932 quas
3084 2874 3283 2932 pra'ter
3317 2863 3462 2932 leges

1984 2976 2004 3008 ι
2046 2967 2098 3011 et
2151 2959 2403 3012 ordinate
2472 2959 2826 3018 consistunt,
2892 2957 2957 3031 iis
3016 2972 3136 3024 quae
3199 2956 3460 3009 canonice

1982 3067 2000 3099 ι
2044 3050 2347 3102 οοηειίιυια
2414 3057 2585 3113 sunt,
2658 3047 3035 3116 prejudicium
3108 3044 3304 3100 afferre
3357 3060 3457 3114 po-

1982 3155 1998 3187 ι
2037 3147 2164 3189 test.
2206 3155 2225 3187 ι

1976 3225 2170 3281 BALS.
2202 3226 2334 3280 Cum
2365 3227 2608 3295 episcopi
2643 3226 2890 3291 quidam,
2928 3238 2985 3279 ut
3014 3234 3099 3281 est
3145 3226 3461 3290 verisimile,

1908 3317 2238 3371 monasteria
2267 3317 2334 3371 de
2366 3333 2510 3371 novo
2541 3328 2908 3387 exstruerem,
2943 3326 3001 3387 et
3045 3317 3460 3385 episcopatuum

1906 3410 2117 3465 reditus
2149 3420 2563 3475 consumerent,
2604 3425 2744 3479 quos
2771 3410 3024 3473 debeant,
3062 3420 3181 3478 post
3211 3422 3465 3461 necessa-

1827 3468 1869 3541 ς·
1910 3504 2332 3572 rias‘impensas
2363 3504 2427 3558 ad
2460 3518 2522 3557 ea
2572 3504 2937 3574 comparanda
2984 3518 3104 3572 qua?
3136 3501 3201 3554 ad
3248 3502 3465 3570 episco-

1907 3607 2090 3667 patum
2124 3596 2398 3666 pertinent
2447 3596 2766 3656 recondere.
2805 3592 2965 3664 345
3023 3603 3080 3647 ut
3128 3595 3241 3645 vult
3285 3605 3453 3655 canet

1906 3690 2273 3759 apostolicus;
2313 3697 2513 3741 etcum
2540 3687 2789 3741 ecclesiae
2824 3702 2886 3739 ea
2918 3685 2985 3739 de
3022 3672 3183 3738 causa
3221 3698 3460 3743 ruerem.

1906 3793 1961 3839 et
1987 3783 2056 3836 ad
2092 3782 2318 3836 nihilum
2341 3780 2452 3834 fere
2473 3779 2886 3845 redigerentur:
2920 3788 3228 3832 statuerunt
3253 3778 3461 3843 Patres,

1906 3892 1973 3929 ne
2025 3874 2316 3944 episc0pus
2376 3875 2650 3938 privatum
2718 3873 3110 3927 monasterium
3169 3860 3251 3925 'de
3326 3886 3465 3924 novo

1905 3978 2233 4028 astrueret,
2290 3965 2433 4034 quod
2494 3966 2595 4018 hoc
2639 3965 2704 4017 ad
2757 3965 3109 4033 episcopatus
3170 3963 3463 4031 perniciem

1908 4063 2281 4114 innovaretur.
2323 4057 2378 4110 Si
2419 4058 2541 4125 quis
2570 4066 2751 4108 autem
2788 4056 3080 4122 episcopus
3124 4063 3321 4122 praeter
3352 4054 3467 4106 huic

1908 4155 2119 4217 fecerit,
2154 4153 2269 4219 ipse
2305 4149 2525 4219 quidem
2562 4163 2735 4217 ρωιιαι
2787 4148 3112 4212 subjicietur
3146 4163 3158 4197 :
3207 4145 3272 4197 do
3328 4158 3467 4197 novo

1905 4257 2087 4302 autem
2162 4244 2365 4297 factum
2419 4240 2812 4294 monasterium
2884 4237 2988 4291 erit
3047 4237 3150 4289 sub
3222 4236 3466 4291 dominio

1905 4341 2275 4409 episcopatus.
2340 4332 2405 4386 Et
2455 4332 2507 4386 in
2564 4331 2647 4384 his
2692 4330 2910 4398 quidem
2961 4328 3212 4383 consistit
3265 4340 3464 4379 canon.
3516 4378 3517 4385 χ

1904 4433 2073 4487 Recte
2102 4441 2283 4484 autem
2323 4425 2482 4490 dixit,
2518 4440 2625 4477 non
2680 4425 2840 4476 licere
2886 4422 3145 4491 episc0po
3195 4429 3470 4473 monaste-

1908 4524 2044 4579 ritult
2086 4524 2154 4576 de
2193 4534 2336 4576 novo
2365 4531 2669 4578 exstruere,
2716 4516 2781 4569 ad
2819 4516 2901 4569 sui
2954 4512 3309 4581 episcopatus
3351 4510 3469 4563 exi-

1909 4618 2065 4688 lium.
2098 4616 2154 4668 Si
2194 4612 2319 4683 quis
2351 4611 2495 4664 enim
2548 4608 2692 4677 quod
2738 4616 2862 4659 ante
2906 4614 3023 4659 erat
3072 4600 3464 4655 monasterium

1908 4720 1960 4766 et
1994 4710 2143 4778 prius
2179 4709 2492 4763 corruerat,
2536 4708 2783 4761 renovet,
2838 4709 2936 4749 nec
2987 4707 3088 4747 suo
3128 4690 3465 4760 episcopatui

235 4792 410 4844 αὐτοῦ
439 4794 782 4863 λυμαίνεται.
809 4798 870 4849 οὐ
901 4796 1279 4868 κωλυθήσεται
1328 4801 1555 4868 ποιῆσαι
1582 4799 1649 4852 τὰ
1682 4800 1802 4870 βου-

1911 4804 2298 4859 detrimentum
2355 4793 2570 4857 afferat,
2596 4807 2702 4845 non
2737 4786 3114 4859 prohibebitur
3144 4785 3322 4839 facere
3350 4798 3471 4851 qua:

234 4887 411 4953 λητέα
441 4887 607 4958 αὐτῷ·
644 4889 832 4958 ὥσπερ
861 4892 923 4943 οὐ
953 4891 1354 4962 κωλίυθήσεται,
1379 4893 1453 4954 ὡς
1487 4893 1613 4962 ἐμοὶ
1636 4894 1804 4959 δοκεῖ,

236 4981 339 5032 καὶ
368 4983 723 5052 μοναστήριον
762 4985 825 5035 ὲκ
856 4982 1055 5052 καινῆς
1089 4984 1388 5052 ἀνεγεῖραι,
1421 4985 1580 5054 εἴπερ
1613 4985 1681 5037 τὰ
1709 4988 1808 5055 τῆς

237 5076 549 5144 ἐπισκοπῆς
575 5075 637 5127 οὐ
672 5074 1013 5144 λυμαίνεται,
1049 5076 1164 5131 ἀλλ’
1192 5075 1403 5130 οίκοθεν
1437 5077 1535 5148 τὴν
1561 5078 1806 5146 δαπάνην

238 5168 406 5219 ποιεῖ.
453 5167 526 5220 Τὸ
559 5170 665 5237 γὰρ
716 5168 1076 5233 ἀδιαστξκτως
1108 5167 1270 5229 οὕτω,
1301 5172 1394 5221 καὶ
1434 5171 1521 5222 ὅτε
1566 5171 1638 5239 μὴ
1677 5169 1805 5238 piti-

238 5275 437 5312 πτεται
468 5261 499 5329 ἡ
536 5261 825 5331 ἐπισκοπὴ,
872 5260 1171 5314 κωλύσεται
1219 5262 1310 5314 τὸν
1345 5262 1639 5314 ἐπίσκοπον
1679 5281 1801 5314 και-

140 5390 147 5394 η
235 5356 489 5423 νουργεῖν
514 5354 899 5425 *μοναστήριον
934 5357 1012 5420 εἰς
1042 5352 1353 5423 δοξολογίαν
1385 5353 1519 5407 Θεοῦ
1568 5356 1663 5407 καὶ
1699 5374 1803 5407 σω-

237 5446 441 5515 τηρίαν
484 5437 671 5516 ψυχῶν
717 5448 816 5500 οὐκ
862 5448 1010 5501 ἐστιν
1063 5448 1487 5515 εὐπαράδεκτον,
1541 5448 1661 5499 οὐδὲ
1701 5448 1800 5517 τῆς

238 5538 352 5592 τῶν
385 5540 643 5608 Πατέρων
673 5540 994 5609 διακρίσεως
1024 5541 1275 5604 ἐπάξιον.
1312 5541 1418 5593 Καὶ
1445 5540 1608 5602 αὐτὸς
1636 5540 1746 5609 γάρ
1777 5543 1803 5593 ὁ

237 5632 341 5700 τῆς
394 5632 681 5704 παρούσης
722 5634 935 5687 συνόδου
991 5634 1206 5704 πρῶτος
1236 5673 1251 5695 ,
1306 5635 1334 5684 ὁ
1384 5634 1804 5701 μακαριώτατος

238 5722 470 5786 Φὼτιος,
497 5721 598 5790 τὴν
626 5721 719 5775 τοῦ
744 5722 997 5792 Μανουὴλ
1027 5722 1197 5792 μονὴν
1226 5724 1290 5774 ὲκ
1323 5723 1602 5792 κρηπίδων
1624 5724 1803 5775 αὐτῶν

245 5812 433 5880 σχεδὸν
465 5816 545 5876 είς
574 5814 603 5867 ὃ
634 5813 730 5866 νῦν
762 5815 958 5885 ὁρᾶται
988 5813 1184 5876 κάλλος
1225 5814 1319 5867 καὶ
1352 5812 1584 5882 μέγεθος
1634 5815 1803 5867 κατέ-

255 5919 436 5972 στησε.
471 5905 577 5959 Καὶ
604 5907 631 5960 ὁ
657 5905 961 5975 ἁγιώτατος
1006 5906 1211 5970 ἐκεῖνος
1245 5904 1588 5977 πατριάρχης
1639 5906 1804 5977 κυρὸς

1910 4896 2081 4949 velit:
2127 4884 2588 4961 quemadmodum
2643 4899 2740 4936 nec
2792 4879 3190 4950 prohibebitur,
3234 4886 3289 4930 ut
3335 4874 3466 4928 mihi

1904 4987 2124 5057 quidem
2159 4983 2391 5038 videtur.
2432 4975 2821 5029 monasterium
2859 4973 2924 5024 de
2959 4985 3098 5023 novo
3129 4966 3419 5022 excitareis
3446 5003 3466 5031 ,

1905 5097 2011 5135 non
2045 5077 2239 5130 afferat
2278 5070 2680 5126 incommodum
2716 5062 3076 5134 episcopatui,
3111 5059 3205 5116 sed
3245 5075 3368 5114 eum
3403 5074 3469 5112 ex
3500 5062 3501 5065 “

1903 5190 1961 5228 se
1989 5181 2265 5236 sumptum
2302 5166 2486 5220 faciat.
2515 5163 2606 5216 Sic
2636 5160 2777 5213 enim
2807 5156 3145 5239 indistincte,
3171 5162 3224 5208 et
3248 5152 3468 5224 quando

1912 5283 2020 5320 non
2087 5261 2304 5317 lzeditur
2362 5259 2731 5325 episcopatus,
2794 5248 3071 5321 prohiberi
3125 5248 3465 5318 episcopum,

1915 5358 2212 5428 quominus
2252 5352 2317 5404 ad
2374 5349 2461 5403 Dei
2510 5349 2772 5401 honorem
2808 5352 2860 5396 et
2894 5342 3197 5395 animarum
3239 5340 3468 5392 salutem

1913 5456 1979 5509 de
2009 5467 2146 5505 novo
2183 5446 2576 5502 monasterium
2621 5450 2888 5499 exstruat.
2932 5454 3037 5492 non
3067 5447 3149 5491 est
3180 5434 3470 5489 admitten-

1912 5548 2063 5606 dum,
2097 5555 2194 5593 nec
2250 5537 2471 5590 Patrum
2522 5531 2730 5601 judicio
2771 5546 2833 5584 ac
2887 5528 3167 5597 prudentia
3220 5524 3466 5591 dignum.

1912 5630 2045 5685 Nam
2074 5640 2127 5683 et
2153 5630 2267 5697 ipse
2302 5626 2585 5694 praesentis
2616 5622 2808 5692 synodi
2848 5620 3082 5705 primus,
3118 5612 3466 5671 beatissimus

1908 5722 2161 5781 Photius,
2218 5716 2534 5772 Emanuaiis
2587 5700 2995 5767 monasterium
3052 5709 3118 5761 ab
3183 5702 3311 5773 ipsis
3354 5700 3468 5754 fere

1907 5811 2279 5866 fundamentis
2307 5807 2374 5860 ad
2412 5823 2553 5871 eam,
2602 5822 2723 5875 qua:
2766 5818 2911 5858 nunc
2952 5802 3186 5857 videtur,
3229 5789 3467 5861 pulchri-

1911 5904 2152 5958 tudinem
2183 5911 2236 5958 et
2266 5898 2693 5970 magnitudinem
2719 5896 2962 5952 deduxit.
2993 5883 3465 5981 Etsanctissimus
