3972 6488
1700 352 1713 379 Ι

520 383 657 449 1047

1780 391 2059 455 THEOD.
2104 393 2195 451 BA
2206 395 2498 455 LSAMON

3606 392 3736 457 1048

523 507 757 575 aliquem
808 515 1056 562 castrare
1082 505 1202 560 ausi
1233 504 1457 572 iuerint,
1508 509 1591 563 vel
1643 500 1806 564 manu
1863 525 1963 564 sua
1998 506 2076 562 vel

2194 512 2455 579 νήσοντας
2487 510 2791 579 εὐνουχίσαι
2819 509 3118 580 οῖονδήτινα
3153 511 3184 581 η
3219 510 3554 581 αὐτοχείρως
3584 511 3618 579 ἦ
3651 510 3735 562 δια

515 598 697 669 jussu,
724 597 770 651 si
802 598 912 651 sint
942 596 1161 667 quidem
1195 599 1530 665 sacerdotes,
1562 601 1759 671 deponi
1786 617 1799 667 ;
1830 602 1916 658 siu
1947 616 2075 656 vero

520 690 664 751 laici.
709 689 985 765 segregari
1022 708 1034 743 :
1070 690 1174 745 nisi
1232 690 1370 746 forte
1409 691 1463 747 in
1494 708 1610 758 eos,
1644 694 1736 762 qui
1766 704 2063 764 aegrotant,

518 783 627 835 tale
686 783 817 852 quid
874 782 1142 851 fecerint;
1207 799 1304 840 eos
1363 784 1511 839 enim
1581 786 1712 839 ttttlli
1752 800 1873 841 esse
1905 785 2079 851 culpa

520 868 708 925 alii'ues
759 872 1069 939 jusserunt,
1134 874 1261 942 quia
1319 872 1409 930 Dei
1468 874 1671 953 opilicii
1715 874 1926 929 medela
1969 884 2076 939 est,

521 974 651 1017 uou'
690 975 872 1018 autem
927 966 1285 1026 contumelia.
1344 966 1399 1027 id
1449 968 1594 1036 quod
1626 967 1707 1024 sic
1770 966 1826 1021 lit
1858 978 2079 1045 propter

521 1055 792 1111 morbum.
822 1055 963 1126 Lege
984 1073 1106 1126 quae
1139 1058 1193 1110 in
1222 1058 1385 1114 dictis
1427 1060 1742 1129 apostolicis
1776 1060 2080 1115 cauonibus

518 1148 723 1217 scripta
774 1158 932 1209 sunt.
965 1159 1020 1202 et
1052 1150 1287 1218 primunt
1343 1166 1606 1205 cauouent
1642 1152 1828 1219 primae
1857 1152 2078 1217 synodi,

517 1247 569 1290 et
600 1254 720 1305 qua:
748 1239 799 1291 itt
832 1254 900 1293 eo
923 1249 1073 1304 sunt,
1111 1251 1163 1294 et
1194 1241 1296 1294 142
1321 1242 1584 1296 novellam
1606 1239 1898 1295 .Ittstiuiatti
1923 1242 2077 1313 sitam

519 1339 673 1383 extra
707 1346 827 1400 cap.
860 1332 926 1387 M
964 1334 1121 1399 primi
1146 1335 1291 1388 tituli
1322 1336 1605 1404 presentis
1630 1336 1826 1403 operis.
1860 1334 1994 1390 Nota
2026 1344 2081 1391 et

520 1438 719 1477 novum
743 1410 1048 1493 quidpiam,
1068 1427 1208 1491 quod
1229 1444 1291 1482 ex
1309 1444 1373 1482 eo
1395 1438 1621 1499 apparet
1637 1430 1781 1499 quod
1797 1429 1848 1482 itt
1870 1443 2081 1482 canone

520 1517 1026 1594 comprehenditur.
1063 1519 1224 1595 347
1262 1523 1522 1590 Superius
1560 1523 1704 1576 enim
1742 1521 2080 1584 sacerdotes,

521 1611 611 1675 qui
651 1611 735 1664 vel
768 1618 885 1668 suis
918 1617 1170 1670 manibus
1200 1617 1281 1669 vel
1320 1617 1478 1685 jussu
1502 1624 1769 1679 castraut,
1803 1615 2081 1684 deponen-

520 1699 620 1754 dos
646 1718 769 1757 esse
824 1704 1014 1761 Patres
1052 1717 1305 1763 statuunt
1339 1723 1352 1761 :
1405 1708 1637 1762 inferius
1664 1716 1847 1762 autem
1886 1707 1952 1763 de
1994 1708 2080 1772 iis,

521 1794 615 1860 qui
654 1806 872 1864 propter
913 1801 1159 1854 lllOl‘blllll
1197 1800 1543 1862 ntntilautur,
1576 1800 1884 1870 loquentes,
1917 1801 2081 1855 Iaicos

523 1885 768 1953 quidem,
804 1890 895 1960 qqi
930 1891 1048 1946 suis
1073 1892 1328 1949 manibus
1362 1903 1624 1959 castraut,
1660 1894 1741 1947 vel
1780 1895 2084 1949 mutilatioq

524 1990 648 2045 neut
690 1992 787 2031 seu
843 1981 1236 2037 castrationem
1296 1982 1582 2045 mandant,
1625 1999 1734 2036 non
1762 1980 2081 2051 inculpnut;

523 2070 836 2125 sacerdotes
859 2087 1011 2134 vero,
1052 2074 1142 2141 qui
1188 2074 1453 2129 mandant
1504 2084 1757 2137 tantum,
1791 2088 1898 2129 non
1951 2090 2086 2128 con-

521 2159 801 2227 demnant,
837 2162 932 2223 sed
972 2182 1080 2217 ttntt
1110 2164 1298 2219 itidem
1328 2175 1381 2220 et
1414 2182 1533 2232 eos,
1570 2167 1662 2235 qui
1687 2167 1805 2225 suis
1834 2166 2087 2224 manibus

523 2255 914 2315 castrationem
974 2254 1228 2319 fecerint.
1259 2256 1394 2310 Nota
1440 2266 1625 2317 autem
1658 2257 1783 2321 hoc,
1818 2259 1962 2326 quod
1990 2256 2087 2309 tibi

525 2347 753 2403 multum
785 2346 945 2401 debet
990 2347 1268 2409 conferre.
1312 2366 1379 2403 tte
1414 2350 1639 2420 impune
1672 2351 1869 2404 abeant
1902 2366 2087 2405 sacer-

520 2440 702 2505 dotes,
753 2444 843 2510 qui
899 2458 958 2497 se
1011 2444 1221 2511 absque
1260 2443 1522 2513 Ecclesia:
1557 2446 1822 2515 permissu
1863 2457 2088 2515 propter

525 2533 777 2611 morbum
813 2534 1139 2593 castrandos
1173 2536 1415 2591 tradunt.
1451 2536 1507 2591 Si
1554 2540 1701 2592 enim
1745 2539 1970 2606 punitur
2000 2553 2088 2591 sa—

525 2626 744 2691 certius,
801 2627 893 2697 qui
930 2642 1037 2685 sua
1068 2644 1239 2683 manu
1273 2631 1507 2685 alterum
1556 2641 1780 2702 propter
1835 2632 2087 2688 morbum

522 2728 767 2785 exsecat,
829 2720 1005 2775 multo
1036 2723 1212 2789 magis
1271 2723 1533 2792 punietur
1582 2724 1870 2791 sacerdos,
1901 2726 2088 2795 quise

484 2882 487 2895 λ
527 2823 752 2883 propter
779 2820 1029 2877 morbum
1060 2820 1295 2883 mutilat.
1988 2818 1989 2823 “

596 3128 846 3189 ZONAH.
902 3131 1155 3194 Castrare
1205 3136 1511 3204 quempiam
1556 3136 1794 3191 civilium
1846 3132 2095 3207 quoque

525 3221 701 3291 legum
734 3223 961 3279 decreto
990 3225 1344 3281 interdictum
1372 3235 1476 3285 est.
1506 3224 1611 3293 Qui
1650 3227 1752 3281 sibi
1796 3205 2090 3297 igiturige-
2116 3205 2160 3263 θ

529 3313 720 3381 uitalia
754 3315 1093 3383 prmsciudit,
1148 3317 1614 3385 quemadmodum
1664 3320 1840 3389 primo
1880 3334 2092 3373 canone

527 3406 885 3462 acumenicm
915 3409 1103 3476 prima:
1131 3410 1324 3480 synodi
1353 3410 1744 3479 explicuimus,
1793 3411 1837 3465 si
1868 3410 2087 3480 quidem

530 3500 793 3556 sacerdos
820 3503 914 3566 sit,
966 3502 1306 3571 deponitur:
1348 3505 1392 3558 si
1446 3505 1650 3568 minus,
1708 3514 1767 3558 ttt
1821 3503 2093 3558 homicida

528 3593 617 3644 sui
650 3608 678 3645 a
710 3596 1067 3664 susceptione
1097 3597 1354 3651 ordinum
1389 3606 1694 3651 autovetur.
1730 3596 1887 3663 Quod
1940 3598 1985 3653 si
2038 3606 2094 3649 ιιι

530 3683 797 3750 suiipsius
856 3685 1173 3738 interfemor
1225 3686 1317 3739 ille
1357 3687 1670 3751 damnetur,
1716 3689 1805 3757 qui
1863 3689 2094 3743 alterum

528 3778 861 3841 exsecuerit,
910 3778 1187 3832 homicida
1247 3780 1434 3847 procul
1466 3780 1631 3834 dubio
1668 3780 2094 3835 existimabitur.

532 3866 627 3925 Est
659 3885 789 3922 vero
822 3879 1081 3938 praterea
1136 3872 1187 3925 iu
1239 3872 1415 3941 ipsum
1446 3889 1662 3944 quoque
1713 3873 1807 3928 Dei
1868 3875 2099 3929 artiﬁcio

532 3962 873 4015 elaboratum
914 3980 1054 4033 opus
1110 3965 1370 4032 iujurius.
1430 3966 1600 4032 Quem
1662 3970 1805 4022 enim
1868 3970 2008 4023 Deus
2046 3970 2096 4020 in

534 4064 737 4109 sortem
773 4068 984 4115 natura
1032 4059 1206 4112 virilis
1258 4059 1465 4122 eduxit,
1524 4060 1667 4115 hunc
1722 4058 1785 4113 ad
1822 4060 2097 4114 diversam

535 4150 876 4217 monstrique
897 4149 1120 4204 omnino
1152 4151 1383 4204 similem
1419 4161 1667 4204 naturam
1696 4153 1811 4221 ipse
1842 4153 2097 4213 traducit.

534 4235 643 4291 Nec
678 4238 824 4292 enim
866 4240 1041 4299 virilis
1076 4251 1288 4299 naturze
1319 4257 1549 4297 consors
1581 4256 1841 4297 exsecms
1875 4244 1962 4298 ille
1999 4260 2101 4313 pu-

531 4331 640 4388 tari
667 4330 853 4398 debet,
888 4334 1155 4401 siquidem
1186 4336 1387 4388 liberos
1410 4350 1474 4387 ex
1508 4334 2103 4404 muliebrilcommercio

534 4438 827 4490 procreare
857 4426 1172 4481 nullatenus
1210 4438 1425 4495 potest:
1468 4443 1646 4498 neque
1699 4426 1944 4482 vicissim
1980 4443 2102 4480 ntu-

2178 605 2513 672 προτροπῆς,
2572 604 2896 674 ίερωμὲνους
2952 604 3051 673 μὲν
3104 604 3285 669 ὂντας,
3334 602 3735 667 καθαιρεῖσθαι,

2178 696 2397 757 λαῖκοὺς
2449 694 2504 747 δὲ
2556 695 2954 766 ἀφορίζεσθαι·
2991 697 3039 748 εί
3091 697 3257 765 μήπω
3311 698 3391 759 είς
3445 694 3737 755 νοσοῦν-τάς

2176 802 2326 850 τινας
2358 786 2595 840 τοιοῦτόν
2623 804 2676 839 τι
2706 787 3111 858 διαπράξωνται
3146 803 3159 817 ·
3188 786 3412 848 τούτους
3447 786 3558 854 γὰρ
3585 786 3741 837 ἀνευ·

2182 878 2374 941 θύνους
2408 874 2548 932 εἶναι
2579 880 3073 949 παρεκελεύσαντο·
3110 880 3191 933 ὄτι
3223 879 3431 947 ἰατρεία
3476 876 3572 931 τοῦ
3606 875 3742 930 πλά-

2180 986 2383 1037 σματος
2412 970 2505 1022 τοῦ
2540 970 2698 1033 Θεοῦ,
2729 971 2848 1041 οὐχὶ
2877 971 3033 1038 ὕϐρις
3062 972 3201 1034 ἐστὶ,
3226 970 3396 1025 τὸλδιὰ
3421 971 3573 1022 νόσον
3605 966 3739 1021 οὕτω

2180 1064 2480 1132 γινόμενον.
2532 1064 2827 1132 Ἀνάγνωθι
2862 1065 2929 1117 τὰ
2984 1067 3041 1117 ἐν
3068 1068 3181 1127 τοῖς
3216 1064 3461 1135 ῥηθεῖσιν
3510 1065 3739 1116 ἀποστο-

2180 1152 2353 1215 λικοῖς
2402 1153 2590 1207 κανόσι
2637 1154 2938 1223 γραφίντα,
2990 1158 3082 1208 καὶ
3144 1156 3236 1208 τὸν
3288 1153 3336 1208 α’
3389 1154 3594 1207 κανόνα
3647 1151 3743 1218 τῆς

2181 1243 2403 1316 πρώτης
2456 1246 2697 1310 συνόδου,
2736 1248 2831 1301 καὶ
2866 1252 2935 1300 τὰ
2994 1250 3052 1301 ἐν
3102 1248 3273 1315 αὐτῷ,
3312 1246 3420 1300 καὶ
3467 1246 3567 1311 τὴν
3621 1249 3739 1315 ρμ6’

2194 1336 2620 1391 ’1ουστινιάνιιον
2651 1339 2871 1408 νεαρὰν,
2909 1339 3394 1410 καταστρωθεῖσαν
3426 1338 3629 1404 ἔξωθεν
3651 1336 3743 1389 τοῦ

2185 1425 2243 1480 ιδ’
2280 1444 2406 1496 κεφ.
2452 1428 2547 1482 τοῦ
2597 1427 2645 1482 α’
2679 1430 2860 1482 τίτλου
2893 1429 2989 1483 τοῦ
3019 1430 3287 1500 παρόντος
3344 1428 3743 1496 συντάγματος.

2182 1520 2493 1587 Σημείωσαι
2527 1519 2580 1573 δέ
2616 1537 2666 1573 τι
2700 1522 2885 1575 καινὸν
2925 1521 3034 1577 ἀπὸ
3082 1521 3185 1590 τῆς
3216 1520 3309 1574 τοῦ
3340 1518 3565 1581 κανόνος
3597 1534 3747 1584 περι-

2184 1611 2398 1680 λήψεως
2425 1613 2875 1683 ἀναφαινόμενον.
2899 1613 3139 1668 Ἂνωθεν
3168 1614 3270 1683 μὲν
3301 1614 3410 1682 γὰρ
3436 1612 3565 1675 τοὺς
3598 1612 3749 1680 ἱερω-

2188 1703 2384 1771 μὲνους
2414 1704 2818 1774 εὐνουχίζοντας
2846 1707 2878 1775 ἢ
2909 1706 3241 1777 αὖτοχείρως
3274 1706 3309 1775 ἢ
3336 1706 3397 1770 ἐξ
3442 1706 3749 1773 ἐπιτροπῆς

2189 1796 2567 1865 καθαιρεῖσθαι
2599 1797 2920 1868 διορίζονται
2951 1800 3001 1852 οῖ
3031 1798 3274 1867 Πατέρες
3308 1812 3322 1827 ⁸
3353 1799 3506 1851 κάτω
3532 1796 3589 1849 δὲ
3624 1795 3750 1862 περὶ

2184 1886 2291 1940 τῶν
2318 1888 2406 1941 διὰ
2434 1890 2588 1942 νόσον
2620 1891 3194 1961 ἁκρωτηριαζομένων
3242 1890 3332 1942 τὸν
3373 1890 3531 1956 λόγον
3561 1885 3748 1940 ποιού-

2189 1994 2360 2047 μενοι,
2394 1981 2521 2043 τοὺς
2573 1977 2673 2049 μὲν
2722 1982 2941 2044 λαἰκοὺς
2973 1981 3309 2052 αὐτοχείρως
3342 1978 3750 2048 εὐνουχίζοντςις

2187 2068 2220 2138 ἢ
2250 2069 2341 2121 τὸν
2370 2071 2835 2141 ἁκρωτηριασμὸν
2862 2072 3259 2139 ἐπιτρέποντας
3299 2070 3401 2124 οὐκ
3427 2069 3709 2127 αἰτιῶνται
3732 2080 3747 2093 ⁸

2185 2162 2313 2223 τοὺς
2362 2163 2418 2215 δὲ
2463 2164 2827 2234 ίερωμένους,
2878 2164 3267 2227 ἐπιτάττοντας
3304 2164 3399 2214 καὶ
3456 2162 3639 2231 μόνον»
3689 2159 3749 2210 οὗ

2188 2252 2614 2321 κατακρίνουσι’
2671 2252 2747 2322 μὴ
2797 2254 2977 2323 μέντοι
3024 2271 3085 2321 7:
3137 2254 3230 2306 καὶ
3276 2250 3627 2320 αὐτοχείρους
3652 2247 3748 2301 τοῦ

2186 2346 2647 2416 ἀκρωτηριασμοῦ
2681 2347 3029 2416 γενομένους.
3062 2346 3378 2414 Σημείωται
3429 2340 3526 2396 οὖν
3571 2342 3750 2401 τοῦτο,

2188 2440 2400 2505 ὀφεῖλον
2456 2438 2826 2507 συμὸαλέσθαι
2863 2455 2944 2491 σοι
2982 2437 3175 2498 πολλὰ,
3229 2438 3308 2496 είς
3368 2436 3428 2488 τὸ
3480 2435 3558 2504 μὴ
3613 2432 3751 2485 εἶναι

2190 2532 2571 2602 ἀτιμωρήτους
2594 2531 2717 2593 τοὺς
2745 2530 3076 2600 ἱερωμένους
3104 2529 3192 2582 διὶ
3225 2528 3377 2580 νόσον
3406 2526 3751 2594 προδιδόντας

2190 2626 2269 2689 εις
2304 2623 2540 2694 ἐκτομὴν
2572 2625 2819 2687 ,ἑαυτοὺς
2855 2623 2981 2693 δίχα
3010 2622 3313 2691 ἐπιτροπῆς
3370 2619 3751 2688 ἐκκλησιαστι-

2191 2722 2314 2783 κῆς.
2344 2718 2402 2770 Εἰ
2436 2718 2545 2789 γὰρ
2576 2719 2899 2790 τιμωρεῖται
2927 2717 2956 2767 6
2986 2714 3279 2785 ίερωμένος
3316 2713 3347 2765 6
3378 2713 3567 2783 ἕτερον
3598 2711 3753 2763 αὺτο-

2190 2812 2385 2883 χείρως
2432 2811 2521 2864 διὰ
2563 2810 2716 2862 νόσον
2748 2809 3049 2877 ἐκτέμνων,
3084 2805 3266 2876 πολλῷ
3293 2804 3455 2858 πλέον
3509 2819 3753 2873 τιμωρη-

2193 2906 2418 2975 θήσεται
2475 2907 2504 2958 6
2570 2904 2765 2958 ἑαυτὸν
2821 2900 3254 2973 ἀκρωτήριάζων
3315 2898 3612 2968 ίερωμὲνος
3670 2895 3757 2949 διὰ

2194 3001 2369 3052 νόσον.

2269 3129 2515 3187 ΖΩΝΑΡ.
2545 3130 2619 3182 Τὸ
2665 3127 2999 3199 εὐνουχίζειν
3034 3128 3129 3181 καὶ
3177 3130 3288 3191 τοῖς
3325 3126 3626 3187 πολιτικοῖς
3674 3125 3761 3178 νό⁹

2197 3241 2313 3295 μοις
2368 3223 2766 3293 ἀπηγόρευται.
2826 3222 2886 3274 '0
2923 3223 3022 3290 μὲν
3076 3216 3169 3274 οὖν
3223 3220 3416 3273 ἐαυτὸν
3465 3218 3761 3288 ἐκτέμνων,

2198 3316 2376 3379 καθὼς
2405 3319 2462 3369 ἐν
2492 3316 2569 3386 τῷ
2602 3313 2803 3386 πρώτῳ
2834 3316 3018 3369 κανόνι
3049 3315 3149 3382 τῆς
3193 3314 3581 3385 οῖκουμενικῆς
3617 3312 3763 3379 πρώ-

2196 3428 2295 3481 της
2341 3410 2561 3464 συνόδου
2590 3402 2862 3479 εἴπομεν,
2902 3409 3198 3479 ἱερωμένος
3230 3406 3327 3467 ὢν,
3372 3407 3761 3473 σκαθαιρεῖται,

2203 3504 2408 3572 μέλλων
2442 3504 2487 3557 δ’
2520 3502 2815 3573 ἱερωθῆναι
2847 3500 3116 3553 κωλύεται
3144 3499 3215 3562 ὡς
3244 3496 3669 3565 αὐτοφονευτής.
3701 3495 3763 3547 Ei

2198 3597 2253 3649 δέ
2286 3598 2488 3659 ἐκεῖνος
2515 3594 2913 3664 αὑτοφονευτὴς
2944 3594 3204 3662 κρίνοιτο,
3242 3594 3269 3645 6
3309 3591 3470 3645 ἄλλον
3520 3588 3766 3657 εὐνουχί-

2201 3689 2309 3753 ζων
2346 3692 2562 3751 πάντως
2593 3692 2658 3743 ἂν
2690 3689 2956 3754 λογίζοιτο
3000 3687 3286 3756 φονευτής.
3346 3684 3441 3754 Εἰη
3495 3684 3540 3735 δ’
3572 3682 3639 3734 ἂν
3675 3682 3767 3733 καὶ

2199 3786 2296 3851 τῆς
2326 3782 2419 3836 τοῦ
2452 3782 2588 3834 Θεοῦ
2618 3783 2978 3851 δημιουργίας
3025 3780 3307 3850 ὑϐριστής.
3348 3778 3446 3829 Ὃν
3478 3778 3585 3847 γὰρ
3631 3776 3767 3827 ἐκεῖ-

2201 3893 2291 3936 νος
2324 3876 2402 3938 είς
2434 3874 2677 3945 ἁνδρῲαν
2715 3862 2875 3942 φύσιν
2905 3873 3238 3943 προήνεγκε,
3282 3868 3475 3923 τοῦτον
3512 3863 3666 3931 οὗτος
3693 3870 3767 3929 είς

2203 3967 2364 4037 φύσιν
2411 3967 2579 4035 ἄλλην
2616 3965 2938 4034 μεταμείϐει
2985 3965 3298 4017 ἀλλόκοτον.
3328 3961 3467 4015 Οὔτε
3518 3960 3629 4030 γὰρ
3679 3961 3769 4011 civ-

2202 4062 2378 4133 δρῴας
2412 4060 2529 4113 ἐστὶ
2564 4061 2777 4126 φύσεως
2807 4062 2833 4112 ὁ
2863 4058 3294 4127 ἐκτετμημένος,
3326 4058 3452 4108 ἐπεὶ
3484 4051 3770 4106 συνουσιά-

2204 4156 2312 4220 ζων
2342 4156 2401 4207 οὐ
2451 4154 2673 4206 δύναται
2720 4152 2907 4204 τέκνον
2939 4152 3181 4219 ἐγεῖραι⁸
3235 4147 3351 4201 οὔτ’
3382 4147 3539 4207 αὖθις
3582 4160 3770 4212 γυναι-

2204 4250 2359 4309 κείας
2414 4248 2583 4309 ἐστὶν,
2639 4246 2759 4295 ἐπεὶ
2817 4244 2891 4313 μὴ
2937 4245 3127 4296 τίκτει.
3182 4242 3279 4293 Διὰ
3308 4239 3489 4297 τοῦτο.
3522 4237 3688 4306 φησὶν
3745 4236 3774 4286 6

2204 4339 2473 4401 κανὼν,εῐ
2503 4354 2585 4400 τις
2620 4335 2915 4406 ίερωμένος
2949 4331 3277 4403 εὐνουχίζων
3304 4332 3426 4384 τινὰ
3466 4328 3771 4397 ἐλεγχθείη.

2205 4431 2314 4486 εἴτε
2363 4431 2431 4484 δι’
2461 4428 2654 4483 ἑαυτοῦ
2690 4430 2799 4481 εἴτε
2832 4427 2901 4480 δι’
2927 4427 3137 4497 ἐτέρου,
3172 4422 3550 4492 καθαιρείσθω
3574 4437 3590 4450 ·
3640 4421 3687 4470 εί
3719 4416 3774 4468 δέ

533 4515 744 4580 liebris,
781 4520 1041 4585 quoniam
1083 4533 1191 4573 non
1228 4521 1421 4588 pariat.
1454 4519 1671 4583 Meirco
1714 4521 1759 4574 si
1799 4522 1923 4590 quis
1964 4521 2088 4575 alte<

2207 4524 2416 4589 λαῖκδς,
2463 4520 2827 4593 ἀφοριζέσθω.
2863 4520 2925 4573 Ei
2971 4519 3028 4572 δέ
3055 4535 3140 4581 τις
3177 4515 3455 4587 περιπέσῃ
3484 4514 3773 4607 νοσήμαῖι.

538 4625 657 4663 rttm
715 4614 1059 4679 exsecuisse,
1116 4616 1239 4669 sive
1284 4616 1398 4683 ipse
1448 4631 1543 4681 per
1577 4632 1656 4679 se,
1711 4615 1827 4671 sive
1876 4615 2103 4670 alterius

535 4715 725 4767 opera,
760 4702 1054 4756 convictus
1088 4703 1269 4768 fuerit,
1319 4706 1665 4763 sacerdowm
1724 4703 1944 4773 deponi,
2008 4702 2105 4765 luis,

536 4807 662 4844 cum
697 4807 828 4849 vero
857 4809 1030 4859 canon
1070 4788 1353 4866 segregari
1375 4796 1549 4864 jubet.
1581 4790 1638 4850 Si
1670 4796 1795 4866 quis
1830 4803 2010 4851 tamen
2048 4795 2101 4850 iu

540 4885 816 4950 morbum,
846 4902 912 4943 cx
940 4904 1048 4958 quo
1080 4889 1255 4943 virilia
1286 4884 1534 4946 absCindi
1568 4904 1795 4945 necesse
1840 4888 1931 4951 sit,
1968 4890 2105 4947 inci-

539 4978 662 5039 dat;
696 4992 758 5033 ea
795 4995 921 5033 vero
956 4990 1085 5035 tunc
1123 4983 1382 5051 temporis
1429 4982 1700 5051 amputari
1751 4995 1929 5035 canon
1961 4981 2103 5035 haud

2208 4614 2268 4679 ἐξ
2319 4613 2380 4670 οὗ
2431 4614 2670 4682 βιάζοιτο
2714 4612 3099 4682 ἐκτμηθῆναι,
3158 4610 3278 4663 τότε
3343 4610 3563 4676 ἐφίησιν
3616 4602 3775 4657 αὐτὸν

2208 4706 2639 4776 εὐνουχίζεσοαι,
2692 4706 2785 4758 καὶ
2838 4704 2961 4757 οὔτε
3010 4704 3138 4763 τοὺς
3164 4698 3623 4770 χειρουργοῦντας
3658 4693 3773 4746 οὔτε

2207 4802 2332 4863 τοὺς
2364 4800 2753 4862 ἐπιτάττοντας
2806 4796 3046 4859 κολάζει.
3076 4794 3151 4847 Οὺ
3182 4794 3290 4861 γὰρ
3326 4790 3488 4860 ὕϐρις
3520 4786 3613 4840 τοῦ
3646 4785 3773 4835 πλά-

2215 4907 2341 4944 στου
2373 4890 2534 4947 τοῦτό
2564 4894 2730 4953 ἐστιν,
2763 4888 2887 4944 οὕτε
2949 4888 3055 4958 μὴν
3090 4883 3351 4953 ἐπιϐουλὴ
3388 4898 3473 4943 τις
3522 4876 3615 4932 τοῦ
3652 4873 3769 4927 πλάο

2214 5000 2444 5054 σματος,
2476 4983 2613 5036 ἀλλὰ
2642 4985 2795 5036 νόσου
2824 4982 3113 5050 θεραπεία.

534 5075 703 5129 vetat,
738 5083 910 5138 neque
950 5071 1135 5135 ullam,
1172 5072 1346 5125 autin
1393 5087 1515 5135 eos,
1549 5073 1643 5141 qui
1693 5086 1911 5130 manum
1948 5072 2100 5141 operi
2141 5072 2508 5142 admoverint,
2544 5085 2639 5132 aut
2664 5076 2758 5146 qtti
2791 5075 2907 5127 ﬁeri
2940 5070 3228 5142 jusserint.
3297 5082 3512 5139 poenam
3596 5064 3767 5116 decer-

541 5163 639 5215 nit.
676 5163 804 5217 Sola
839 5164 982 5219 enim
1055 5168 1143 5220 hic
1204 5166 1377 5219 morbi
1433 5167 1650 5224 curatio
1730 5166 2018 5234 quaeritur,
2077 5184 2181 5234 non
2221 5181 2315 5223 aut
2344 5172 2523 5239 opiﬁci
2555 5169 2908 5233 contumelia,
2941 5176 3036 5219 aut
3063 5165 3229 5219 ulluut
3255 5162 3473 5233 opiﬁcio
3496 5158 3769 5213 damnum.

534 5256 784 5317 infertur.

542 5386 771 5455 ARIST.
807 5418 823 5449 ι
867 5400 924 5452 Si
958 5398 1085 5467 quis
1124 5396 1421 5465 episcopus
1456 5396 1537 5452 vel
1573 5397 1858 5467 presbyter
1884 5397 1964 5450 vel
1990 5396 2106 5449 dia-

619 5513 636 5541 ι
677 5506 849 5546 canus
921 5489 1225 5559 quemlibet
1283 5490 1651 5555 castraverit,
1714 5490 1828 5544 sive
1884 5492 2104 5559 pr0pria

617 5603 640 5638 ς
676 5601 864 5648 manu,
901 5586 1017 5639 sive
1068 5582 1249 5651 jussu,
1294 5582 1642 5649 deponatur:
1708 5582 1793 5637 sin
1833 5598 1961 5637 vero
2009 5583 2109 5649 lai-

625 5697 644 5727 ι
687 5692 788 5732 cus
819 5679 911 5736 sit,
944 5684 1307 5744 segregetur:
1356 5674 1463 5727 uisi
1524 5674 1718 5728 nturbo
1763 5674 1993 5729 forsitan
2040 5675 2104 5725 ad

618 5791 635 5822 ι
672 5773 1049 5827 exsectiouettt
1098 5777 1352 5837 cogatur.
1390 5764 1500 5819 Hoc
1532 5765 1677 5818 enim
1744 5766 1952 5821 tttcdcla
2004 5777 2106 5830 cst,

624 5889 645 5924 ι
680 5886 783 5923 non
821 5867 1050 5923 insidiae.
1092 5887 1109 5917 ι

2213 5400 2434 5453 ΑΡΙΣΤ.
2474 5418 2491 5450 ι
2540 5398 2603 5450 Εἴ
2630 5413 2713 5459 τις
2741 5396 3037 5453 ἐπίσκοπος
3072 5393 3106 5461 ἢ
3140 5389 3510 5460 πρεσόυτερος
3540 5383 3762 5454 ἢδιάκο·

2291 5511 2309 5542 ι
2356 5487 2803 5557 νοςσὺνουχίσειέ
2819 5503 2939 5540 τινα
2960 5486 2992 5556 ἦ
3026 5482 3339 5551 αὐτοχειρίᾳ
3364 5480 3397 5549 ἢ
3421 5478 3760 5542 ἐπιτάγματιν

2292 5605 2309 5635 ι
2358 5579 2727 5653 καθαιρείσθω
2762 5594 2775 5607 ·
2809 5581 2857 5631 εἰ
2910 5578 2972 5632 δὲ
3016 5577 3204 5637 ierat;
3237 5575 3345 5642 εἴη.
3393 5565 3757 5653 ἀφοριζέσθῳ’

2295 5695 2313 5728 ι
2360 5676 2500 5745 πλὴν
2527 5652 2573 5726 εί
2611 5674 2685 5743 μὴ
2719 5673 2987 5740 νοσήματι
3011 5669 3153 5737 πρὸς
3184 5668 3284 5733 τὴν
3316 5662 3553 5731 ἐκτομὴν
3584 5652 3757 5721 ἐκδή-

2302 5792 2323 5833 ι,
2366 5772 2511 5837 Cotto
2534 5787 2545 5800 '
2580 5766 2788 5837 ἰατρεία
2822 5764 2929 5833 γὰρ
2958 5760 3136 5824 τοῦτο,
3167 5761 3265 5812 οὐκ
3295 5754 3571 5824 ἐπιϐουλή.
3602 5768 3621 5811 l.
