3972 6488
386 395 529 466 3049

436 578 441 583 δ
995 514 1231 567 ΚΔΝΩΝ
1280 508 1357 564 8'.

382 626 403 663 ι
451 606 559 662 Τοῦ
608 602 971 661 ἀποστολικοῦ
1005 607 1101 659 καὶ
1146 603 1289 658 θείου
1323 603 1548 666 κανόνος
1598 602 1727 667 τοὺς
1761 601 1948 672 ἱερεῖς,

450 720 470 753 ι
515 699 739 755 τύπτειν
765 698 1177 771 ἐπιχειροῦντας
1208 698 1437 761 πιστοὺς
1488 696 1949 767 ἀμαρτῄσαντας,

451 813 470 847 ι
514 795 547 865 ἢ
571 794 835 857 ἀπίστους
852 793 1247 861 ἀδικήσαντας,
1264 789 1581 860 καθαιρέσει
1606 787 1950 841 καθυποόἀλ-

451 905 470 940 ι
515 888 722 953 λοντος,
755 890 806 939 οί
839 886 929 941 τὸν
979 886 1183 938 οίκεῖον
1217 882 1656 954 ἀποθεραπεύειν
1695 881 1949 953 μηχανώ-

453 994 472 1029 ι
520 994 675 1048 μενοι
728 976 922 1046 θυμὸν,
956 976 1052 1031 καὶ
1102 976 1201 1037 τάς
1252 972 1616 1037 ἀποστολικάς
1673 972 1948 1037 διατάξεις

450 1088 468 1121 ι
517 1072 1066 1140 παραχαράσσοντες,
1103 1069 1230 1130 τοὺς
1284 1065 1601 1136 αὐτοχειρίᾳ
1647 1064 1947 1126 τύπτοντας

452 1180 473 1215 σ
521 1163 864 1233 ὲξειλήφασι,
899 1163 1040 1233 μήτε
1089 1158 1184 1213 τοῦ
1232 1158 1455 1222 κανόνος
1489 1157 1656 1229 μηδὲν
1708 1156 1947 1211 τοιοῦτον

448 1273 467 1307 ι
510 1254 998 1325 ύποσημαῑνοντος.
1033 1254 1171 1323 μήτε
1221 1250 1318 1304 τοῦ
1373 1249 1534 1324 ὀρθοῦ
1578 1250 1738 1317 λόγου
1783 1248 1947 1303 τοῦτο
2016 1288 2022 1294 .

448 1367 464 1396 ι
511 1351 651 1400 νοεῖν
706 1347 1114 1418 ἐπιτρέποντος.
1153 1347 1401 1400 Μάταιον
1447 1344 1556 1415 γὰρ
1604 1344 1677 1403 ὡς
1724 1344 1943 1413 ἀληθῶς

448 1458 466 1489 ι
516 1440 608 1491 καὶ
639 1438 760 1491 λίαν
796 1438 1098 1507 ἐπισφαλὲς
1131 1439 1221 1491 τὸν
1258 1438 1576 1507 αὐτοχειρίᾳ
1613 1436 1711 1505 μὲν
1764 1436 1821 1488 ὲν
1866 1436 1945 1504 τῷ

447 1551 465 1584 ι
510 1530 731 1585 τύπτειν
773 1534 892 1602 τρὶς
939 1532 971 1602 ἢ
1016 1532 1274 1602 τετράκις
1326 1531 1606 1600 πλήξαντα
1657 1530 1943 1599 καθαιρεῖ-

446 1640 465 1674 ι
511 1621 635 1675 σθαι
663 1638 679 1654 ο
729 1622 914 1686 ἀδείας
953 1623 1010 1676 δὲ
1036 1622 1344 1692 διδομένης,
1374 1622 1600 1675 τύπτειν
1632 1623 1690 1688 eg
1722 1620 1945 1689 ἐπιτάγ-

447 1726 465 1760 ι
515 1726 684 1779 ματος
731 1711 821 1762 τὸν
856 1710 1079 1780 ἀπηνῶς
1129 1709 1223 1764 καὶ
1257 1710 1419 1779 μέχρι
1448 1709 1682 1764 θανάτου
1735 1710 1832 1779 τὴν
1859 1726 1942 1773 τι·

447 1818 468 1859 ι
516 1801 733 1869 μωρίαν
774 1800 1083 1866 ὲπαύξοντα
1153 1800 1499 1870 παρορᾶσθαι
1569 1799 1935 1870 ἀτιμώρητον.

447 1911 464 1943 ι
513 1895 713 1965 Διόπερ
742 1894 838 1947 τοῦ
874 1896 1095 1953 κανόνος
1121 1895 1180 1950 τὸ
1212 1894 1434 1948 τύπτειν
1468 1894 1653 1957 ἁπλῶς
1685 1892 1939 1956 κολάζονο

450 2003 468 2036 ι
514 2002 626 2048 τος,
657 1986 751 2038 καὶ
779 1990 939 2056 ἡμεῖς
969 1986 1114 2039 οὕτω
1150 1985 1633 2059 σύμψηφιζόμεθα.
1681 1984 1802 2053 Χρὴ
1831 1984 1938 2055 γάρ

452 2094 470 2128 ι
516 2077 606 2129 τὸν
641 2077 736 2131 τοῦ
765 2078 899 2131 Θεοῦ
938 2078 1086 2147 ἱερέα
1123 2077 1474 2139 διδασκαλίας
1504 2080 1600 2129 καὶ
1632 2076 1936 2139 νουθεσίας,

450 2185 468 2220 ι
516 2168 625 2221 ἔσθ’
648 2172 734 2223 ὅτε
766 2170 820 2222 δὲ
853 2172 944 2223 καὶ
971 2173 1083 2234 τοῖς
1116 2170 1592 2240 ὲκκλησιαστικοῖς
1622 2166 1938 2237 ἐπιτιμίοις,

447 2280 469 2318 ι
511 2263 603 2315 τὸν
656 2263 1002 2317 ἀτακτοῦντα
1063 2264 1454 2330 παιδαγωγεῖν,
1507 2262 1641 2314 ἀλλά
1696 2264 1770 2329 μὴ
1821 2264 1941 2321 ταῖς

451 2376 470 2407 ι
520 2356 738 2425 μάστιξι
770 2358 862 2409 καὶ
892 2357 1011 2419 ταῖς
1041 2356 1275 2423 πληγαῖς
1308 2357 1386 2417 είς
1414 2353 1481 2407 τὰ
1506 2354 1616 2405 τῶν
1641 2351 1940 2423 ἀνθρώπων

1561 396 1645 459 ΙΝ
1684 397 1849 460 CAN.
1887 398 1971 458 1X
2005 398 2213 460 CONC.
2254 401 2361 461 ΟΡ.

1977 514 2024 572 Δ

1975 1863 2014 1918 Β

446 2466 467 2499 ι
517 2448 746 2519 σώματα
805 2448 1096 2518 ὲπιπηδᾷν.
1131 2449 1191 2500 El
1225 2448 1282 2500 δέ
1311 2464 1457 2509 τινες
1503 2443 1615 2499 εἶεν
1665 2444 1939 2507 παντελῶς
1976 2517 1986 2525 ο

446 2556 467 2589 ι
512 2539 1013 2602 ἀνυποτακτούντες
1044 2579 1059 2603 ,
1120 2539 1215 2591 xui.
1266 2536 1342 2607 τῷ
1402 2534 1767 2606 σωφρονισμῷ
1830 2535 1939 2586 τῶν

447 2650 466 2683 ι
515 2633 809 2702 ἐπιτιμίων
840 2632 914 2702 μὴ
950 2630 1288 2694 ὑπείκοντες,
1315 2630 1538 2692 τούτους
1568 2629 1656 2682 διά
1680 2627 1778 2697 τῆς
1805 2624 1940 2697 πρὸς

440 2746 459 2779 ι
509 2726 636 2789 τοὺς
669 2726 811 2779 κατὰ
858 2726 950 2778 τὸν
986 2725 1151 2778 τόπον
1184 2725 1453 2795 ἄρχοντας
1482 2722 1799 2791 ὲγκλήσεως
1847 2717 1908 2772 οὐ

441 2835 462 2871 ι
506 2815 615 2880 δεὶς
661 2804 856 2869 κωλύει
911 2815 1369 2885 σωφρονίζεσθαι·
1403 2816 1496 2867 καὶ
1540 2814 1647 2882 γὰρ
1679 2812 1834 2880 ὀκτῆς
1869 2813 1929 2862 ὲν

442 2926 461 2959 ι
521 2908 823 2979 ’Δντιοχείᾳ
858 2908 1078 2960 συνόδου
1118 2908 1364 2976 πέμπτος
1395 2906 1573 2959 κανὼν
1610 2906 1736 2967 τοὺς
1770 2903 1937 2971 θορυ-

442 3020 459 3052 ι
508 3000 736 3064 ϐοὖντας
786 3003 881 3055 καὶ
930 3003 1146 3065 στάσεις
1196 3003 1262 3070 τῇ
1314 2998 1611 3068 Ἐκκλησία
1663 2994 1932 3066 παρεισά-

443 3114 461 3146 ι
502 3111 702 3163 ιγοντας
750 3096 836 3149 διὰ
888 3095 987 3163 τῆς
1016 3094 1217 3161 ἔξωθεν
1244 3093 1422 3165 χειρὸς
1468 3093 1784 3147 ὲκανόνισεν
1816 3090 1910 3139 ἐπι

440 3206 460 3237 ι
507 3188 855 3257 στρέφεσθαι.
878 3208 895 3241 ι

434 3278 629 3331 ΒΑΛΣ.
678 3280 734 3331 '0
773 3280 871 3350 μὲν
909 3275 990 3343 κζ’
1029 3277 1394 3340 ἀποστολικδς
1420 3277 1602 3331 κανὼν
1645 3278 1931 3347 καθαιρεῖ-

1966 3223 2010 3282 C

2660 506 2886 567 CANON
2929 511 3016 566 IX.

2057 623 2075 656 ι
2113 602 2247 659 Cum
2283 612 2621 673 εροειοιιοιιε
2674 622 2737 661 ac
2788 606 3001 660 divinus
3046 620 3219 661 canon
3267 598 3610 668 sacerdotes.

2126 716 2144 748 ι
2177 697 2272 767 qui
2334 697 2623 752 verberare
2681 699 3096 769 aggrediuntur,
3147 699 3228 755 vel
3276 700 3461 754 ﬁdeles
3516 702 3613 769 qui

2126 804 2145 838 ι
2189 787 2621 855 ρθεοοιυιιι,ινε1
2653 788 2899 844 inﬁdeles
2935 789 3025 867 qui
3054 789 3307 859 injuriam
3343 789 3611 853 fecerunt.

2127 898 2145 931 ι
2186 880 2523 948 depositioni
2555 880 2853 950 subjiciat:
2892 882 2926 936 ii
2977 881 3070 952 qui
3127 898 3240 937 sua:
3268 884 3360 937 ira:
3405 883 3611 939 mederi

2128 989 2146 1024 ι
2194 972 2519 1038 moliuntur,
2551 981 2606 1028 et
2651 975 2990 1041 apostelicas
3040 976 3465 1036 constitutiones
3514 975 3615 1028 de.

2129 1082 2147 1116 ι
2186 1072 2467 1133 torquent,
2517 1081 2613 1120 eos
2675 1067 3094 1134 intellexerunt,
3152 1069 3243 1138 qui
3290 1084 3390 1123 sua
3444 1084 3615 1123 manu

2125 1172 2144 1207 ι
2188 1154 2501 1220 verberant,
2534 1172 2635 1211 nec
2663 1171 2870 1211 canone
2929 1157 3036 1209 tale
3062 1156 3191 1225 quid
3242 1156 3610 1227 signiﬁcante,

2128 1265 2145 1297 ι
2185 1261 2285 1303 nec
2321 1256 2465 1301 recta
2504 1248 2715 1302 ratione
2748 1248 2852 1301 hoc
2894 1248 3201 1318 intelligere
3240 1251 3609 1317 permittente.

2122 1359 2140 1390 ι
2182 1340 2275 1393 Est
2305 1340 2448 1393 enim
2484 1355 2676 1393 revera
2728 1341 2974 1409 ineptum
3008 1351 3062 1393 et
3111 1342 3263 1394 valde
3312 1340 3608 1402 lubricum,

2129 1450 2147 1482 ι
2193 1439 2249 1485 ιιι
2283 1433 2375 1501 qui
2428 1448 2525 1486 sua
2571 1434 2789 1502 quidem
2828 1448 2991 1485 manu
3050 1444 3127 1485 ter
3184 1433 3265 1486 vel
3324 1442 3521 1500 quater
3556 1430 3609 1483 in

2128 1541 2146 1574 ι
2190 1518 2526 1577 verberando
2556 1526 2913 1598 percusserit,
2957 1524 3302 1592 deponatur:
3338 1524 3461 1576 data
3511 1536 3611 1572 an-

2121 1633 2139 1667 (
2181 1623 2289 1670 tem
2326 1614 2578 1670 facultate
2607 1617 2674 1678 is,
2710 1617 2804 1685 qui
2846 1615 3004 1685 jussu
3040 1614 3361 1670 verberandi
3415 1613 3610 1666 imma-

2125 1724 2143 1757 ι
2191 1706 2331 1760 nitcr
2361 1717 2415 1761 et
2450 1723 2625 1776 usque
2656 1708 2721 1759 ad
2759 1717 2987 1761 mortem
3024 1706 3348 1776 supplicium
3381 1702 3614 1755 inﬂictu-

2125 1819 2143 1852 ι
2187 1816 2284 1855 rus
2317 1810 2422 1863 est,
2456 1802 2677 1867 impune
2705 1799 2771 1853 id.
2804 1798 2947 1852 ferre
2997 1798 3359 1867 permittatur.
3412 1796 3616 1860 Quam-

2121 1911 2139 1943 ι
2178 1893 2365 1946 obrem
2448 1906 2659 1946 canone
2747 1907 2865 1960 pro,
2921 1890 3297 1944 verberatione
3365 1889 3614 1943 absolute

2132 2005 2149 2037 ι
2185 1986 2463 2055 puniente,
2496 2000 2599 2039 nos
2630 2000 2849 2054 quoque
2886 1986 3052 2040 simul
3103 1999 3227 2037 cum
3275 1998 3338 2037 eo
3389 1981 3461 2035 ita
3517 1982 3614 2033 de-

2123 2098 2139 2130 ι
2185 2080 2486 2135 cernimus.
2525 2080 2752 2147 Oportet
2794 2079 2939 2133 enim
2976 2077 3067 2132 Dei
3127 2078 3463 2132 sacerdotem
3512 2073 3608 2128 do-

2178 2170 2370 2225 ctrinis
2388 2178 2443 2225 et
2473 2170 2966 2230 admonitionibus,
2993 2184 3386 2236 nonnunquam
3417 2176 3601 2219 autem

2121 2280 2137 2311 ι
2177 2274 2229 2315 et
2262 2262 2438 2331 pmnis
2496 2262 2813 2326 canonicis,
2847 2277 2994 2325 eum,
3053 2262 3140 2329 qui
3193 2276 3250 2313 se
3284 2259 3607 2312 immodeste

2118 2374 2141 2413 ,ι
2188 2364 2241 2410 et
2278 2357 2577 2409 insolenter
2634 2356 2795 2424 gerit,
2841 2355 3167 2419 instituere;
3226 2353 3318 2408 sed
3353 2369 3459 2407 non
3514 2354 3611 2406 fia-

2117 2465 2135 2497 ι
2178 2448 2334 2516 gellis
2366 2456 2419 2500 et
2460 2448 2780 2500 verberibus
2817 2448 2872 2500 in
2919 2446 3204 2500 hominum
3243 2460 3475 2513 corpora
3525 2446 3608 2495 in-

2122 2559 2137 2589 ι
2182 2540 2410 2594 sultare.
2449 2540 2504 2593 Si
2558 2540 2649 2608 qui
2712 2549 2893 2593 autem
2954 2547 3081 2593 sunt
3126 2526 3334 2591 rmorem
3387 2536 3609 2589 omnino

2085 2650 2139 2696 ,ι
2182 2649 2288 2685 non
2345 2641 2623 2703 gerentes,
2671 2640 2724 2685 et
2777 2646 3058 2705 poenarum
3111 2628 3439 2683 correctioni
3502 2643 3609 2680 non

2105 2742 2137 2795 ,ι
2179 2726 2440 2779 cedentes
2474 2736 2534 2780 ut
2562 2727 2595 2779 ii
2632 2728 2773 2795 apud
2809 2728 2911 2782 loci
2939 2727 3087 2781 illius
3122 2727 3475 2790 magistratus
3514 2739 3609 2778 ac—

2117 2836 2135 2867 ι
2180 2826 2440 2871 cnsentur
2496 2826 2549 2870 et
2592 2820 2991 2887 castigentur,
3094 2833 3255 2872 nemo
3334 2818 3607 2885 prohibet.

2122 2928 2140 2961 ι
2178 2908 2535 2963 Antiocheam
2565 2910 2709 2963 enim
2745 2911 2937 2980 synodi
2993 2925 3167 2964 canon
3220 2911 3443 2978 quintus
3491 2926 3608 2973 eos,

2119 3020 2138 3055 ι
2177 3002 2270 3072 qui
2300 3002 2565 3057 tumultus
2593 3004 2854 3068 excitant,
2875 3015 2927 3057 et
2950 3003 3251 3059 seditiones
3272 3003 3329 3057 in
3366 3002 3606 3056 Ecclesia

2118 3113 2138 3153 ι
2177 3097 2555 3159 introducunt,
2609 3113 2702 3165 per
2756 3113 2978 3151 manum
3028 3106 3310 3163 externam
3358 3105 3605 3152 converti

2121 3205 2139 3239 ι
2174 3197 2428 3258 oportere
2461 3190 2671 3245 statuit.
2707 3210 2725 3241 ι

2114 3280 2309 3338 BALS.
2360 3281 2662 3338 Vicesimus
2719 3290 2982 3350 septimus
3031 3297 3209 3337 canon
3265 3284 3604 3349 apostolicus

366 3371 492 3423 σθαι
520 3371 813 3442 διορίζεται
844 3373 971 3434 τοὺς
1008 3372 1343 3443 ίερωμένους
1377 3370 1679 3435 τύπτοντας
1730 3370 1935 3441 οἱονδὴ-

2061 3373 2189 3427 ubet
2227 3376 2540 3429 sacerdotes
2569 3376 2793 3443 deponi,
2825 3376 2916 3449 qui
2956 3391 3342 3445 quemcunque
3389 3376 3626 3449 fidelem‘

362 3479 486 3516 τινα
518 3465 714 3517 πιστὸν
742 3465 775 3534 ἢ
808 3464 1039 3517 ἄπιστον
1074 3464 1415 3533 ἀδικήσαντα
1445 3462 1477 3531 ἢ
1510 3464 1929 3534 ἀμαρτήσαντα’

360 3556 389 3606 ό
438 3554 496 3608 δὲ
550 3555 740 3625 παρὼν
788 3556 968 3609 κανών
998 3574 1164 3628 φησιν
1196 3555 1269 3619 ῶς
1300 3574 1446 3620 τινες
1493 3557 1801 3627 ίερωμένοι,
1833 3556 1933 3627 τὴν

359 3644 470 3701 ana
498 3647 590 3700 τοῦ
626 3649 847 3707 κανόνος
880 3650 1227 3719 ἐπαγομένην
1259 3651 1323 3701 ἐκ
1356 3648 1545 3701 τούτου
1608 3649 1931 3719 καθαίρεσιν

362 3736 708 3808 πτοούμενοι,
763 3742 1097 3811 αύτοχείρως
1138 3741 1236 3810 μὲν
1264 3741 1323 3794 ού
1358 3740 1655 3809 πλήττουσι
1683 3780 1698 3803 ,
1732 3741 1842 3793 στὸν
1873 3740 1929 3793 δὲ

359 3834 560 3884 οἰκεῖον
606 3832 779 3901 θυμὸν
828 3832 1245 3903 θεραπεύοντες.
1277 3834 1346 3890 δι’
1379 3834 1583 3904 ἑτέρων
1606 3834 1928 3887 τύπτουσιν

360 3923 437 3999 ᾡς
468 3924 562 3977 τοῦ
591 3923 953 3978 ἀποστολικοῦ
986 3926 1209 3988 κανόνος
1244 3927 1319 3997 μὴ
1368 3926 1550 3997 ῥητῶς
1578 3928 1719 3996 τάχα
1753 3926 1931 3979 κωλύ-

362 4033 553 4081 σαντος
610 4018 704 4071 καὶ
763 4017 942 4070 τοῦτο.
1000 4018 1312 4071 Κάντεῦθεν
1377 4020 1776 4088 περιγράφουσι
1832 4021 1932 4087 τὴν

360 4108 725 4177 ἀποστολικὴν
756 4109 1155 4183 παραγγελίαν.
1194 4111 1353 4163 Ἐστι
1386 4111 1443 4163 δὲ
1475 4112 1572 4163 καὶ
1603 4111 1927 4181 ἐπισφαλὲς,

365 4203 568 4269 μᾶλλον
619 4203 717 4271 μὲν
767 4202 860 4257 οὖν
914 4204 1009 4256 καὶ
1049 4204 1270 4269 ἄτοπον,
1311 4203 1373 4255 τὸ
1413 4203 1595 4272 λέγειν
1645 4206 1778 4271 περὶ
1823 4207 1932 4260 τῶν

360 4291 674 4345 ἀποστόλων
700 4291 775 4354 ὡς
801 4292 1109 4363 τιμωροῦσι
1145 4292 1246 4361 μὲν
1276 4293 1368 4345 τὸν
1394 4293 1543 4358 ἅπαξ
1570 4294 1601 4363 ἢ
1631 4292 1713 4357 δὶς
1768 4296 1930 4366 τυχὸν

358 4385 735 4455 οἰκειοχείρως
762 4384 1041 4455 πλήξαντα
1069 4402 1085 4418 ο
1117 4384 1209 4437 τὸν
1240 4385 1297 4439 δὲ
1326 4385 1393 4451 ἐξ
1419 4388 1725 4455 ἐπιτροπῆς
1771 4388 1932 4440 θανα-

359 4474 554 4544 σίμους
584 4477 679 4528 καὶ
705 4474 909 4539 πολλάς
939 4477 1152 4546 πληγάς
1180 4494 1287 4529 τινι
1314 4478 1588 4545 ἐπάγοντα
1642 4480 1717 4549 μὴ
1772 4480 1932 4535 κολά-

2036 3467 2120 3519 vel
2153 3466 2427 3521 inﬁdelem
2461 3467 2626 3539 348
2670 3469 2763 3537 qui
2818 3468 3060 3537 peccarit
3112 3470 3197 3522 vel
3236 3470 3489 3538 injuriam
3525 3467 3603 3522 fe-

2035 3559 2197 3625 cerit,
2230 3560 2540 3615 verberant.
2569 3561 2814 3616 Praesens
2848 3570 3031 3615 autem
3064 3578 3237 3618 canon
3272 3564 3426 3625 dicit,
3455 3561 3601 3631 quod

2036 3654 2258 3723 quidam
2289 3656 2635 3717 sacerdotes,
2668 3670 2790 3724 qua:
2814 3670 2879 3711 ex
2912 3671 3123 3711 canone
3157 3656 3458 3722 inducitur,
3509 3656 3601 3710 de-

2035 3748 2360 3818 positionem
2391 3748 2517 3801 hinc
2546 3758 2855 3822 verentest
2886 3764 2981 3804 sua
3015 3749 3233 3818 quidem
3277 3766 3441 3803 manu
3490 3764 3596 3804 non

2034 3841 2345 3911 percutiunt
2375 3881 2389 3905 ,
2418 3840 2511 3896 sed
2543 3841 2636 3895 irae
2678 3858 2792 3896 sua:
2823 3844 3126 3904 medentes,
3170 3859 3266 3912 per
3311 3845 3447 3899 alios
3485 3858 3606 3897 ver-

2033 3937 2255 3999 berant;
2289 3936 2434 4002 quod
2498 3934 2709 3990 scilicet
2747 3950 2925 3989 canon
2973 3938 3307 4006 apostolicus
3356 3938 3458 3992 hoc
3499 3955 3597 3992 ex-

2033 4042 2218 4095 presse
2251 4026 2478 4082 forsitan
2514 4042 2622 4081 non
2653 4028 3016 4097 prohibuerit.
3038 4029 3104 4085 Et
3126 4031 3248 4085 ideo
3268 4042 3597 4102 praeceptum

2032 4120 2393 4187 apostolicum
2425 4121 2915 4177 circumscribunt.
2948 4123 3047 4178 Est
3074 4125 3263 4193 itaque
3299 4126 3595 4188 lubricum,

2032 4213 2114 4266 vel
2152 4212 2337 4281 potius
2390 4213 2716 4277 absurdum,
2767 4215 2951 4269 dicere
3004 4216 3071 4271 de
3118 4217 3406 4284 apostolis,
3450 4216 3595 4286 quod

2032 4320 2154 4360 eum
2196 4305 2417 4373 quidem
2452 4306 2708 4372 puniunt,
2759 4307 2851 4375 qui
2889 4307 3057 4362 semel
3109 4310 3194 4361 vel
3234 4309 3319 4362 bis
3363 4308 3597 4364 fortasse

2032 4395 2256 4465 propria
2298 4412 2464 4449 manu
2498 4398 2771 4461 percussit
2802 4414 2819 4454 ;
2857 4412 2978 4451 eum
3016 4408 3219 4462 autem,
3257 4398 3414 4467 ciijns
3432 4398 3592 4467 jussu

2033 4489 2346 4557 complures
2402 4490 2572 4557 plagae
2632 4490 2895 4543 mortales
2959 4490 3188 4543 cuilibet
3250 4487 3592 4551 inferuntur,

356 4564 568 4630 ζεσθαι.
602 4566 694 4619 Διὸ
722 4568 818 4620 καὶ
851 4567 1061 4635 ὥρισαν
1096 4569 1144 4620 οἱ
1182 4567 1425 4639 Πατέρες
1477 4570 1785 4633 ἀκολούθως
1818 4574 1930 4634 τοῖς

2054 4597 2141 4635 ton
2172 4583 2375 4652 puniri.
2412 4581 2478 4636 Et
2508 4584 2630 4637 ideo
2661 4591 2972 4637 statuerunt
2996 4580 3212 4644 Patres,
3252 4595 3595 4647 consequen-

356 4659 509 4727 παρά
537 4659 645 4713 τῶν
688 4659 861 4727 ἁγίων
909 4660 1228 4717 ἀποστόλων
1259 4662 1578 4731 διορισθεῖσι
1608 4666 1744 4733 μήτε
1770 4664 1933 4717 αύτο-

357 4752 554 4823 χείρως
595 4751 723 4815 τοὺς
767 4752 1098 4823 ίερωμὲνους
1145 4753 1398 4818 κολάζειν
1447 4754 1749 4823 οίᾳνδήτινα
1788 4757 1929 4825 μήτε

328 4845 423 4918 δι’
446 4844 642 4915 ἑτέρας
693 4847 901 4916 χειρὸς,
932 4846 1066 4903 ἀλλὰ
1095 4845 1186 4900 διὰ
1213 4846 1505 4899 νουθεσιῶν
1535 4848 1567 4919 ἢ
1627 4848 1722 4900 καὶ
1754 4852 1930 4902 ἐπιτι-

360 4935 498 5006 μίων
549 4939 827 4993 παιδεύειν
874 4941 1001 5003 τοὺς
1054 4940 1514 5009 ἁμαρτάνοντας·
1564 4944 1691 5004 τοὺς
1744 4942 1803 4995 δὲ
1852 4942 1928 5017 μὴ

357 5032 782 5102 ἐπιστρέφοντας
815 5033 905 5085 διά
931 5033 1139 5086 τούτων
1163 5032 1250 5086 διὰ
1276 5032 1685 5102 προσελεύσεως
1727 5036 1925 5106 ἀρχον-

353 5124 511 5190 τικῆς
545 5125 928 5195 τιμωρεῖσθαι.
964 5126 1181 5196 Ὠσπερ
1218 5126 1274 5178 δέ
1325 5143 1472 5190 τινος
1527 5129 1774 5192 εἰπόντος
1833 5130 1927 5187 καὶ

352 5215 513 5270 τοῦτο
544 5217 793 5287 ἀπρεπὲς
827 5214 968 5273 εἶναι
1006 5220 1097 5270 καὶ
1133 5218 1402 5273 ἀνοίκειον
1432 5222 1547 5284 τοῖς
1580 5222 1922 5292 ίερωμένοις,

356 5312 521 5378 φησιν
547 5311 576 5362 δ
603 5309 782 5364 κανὼν
813 5310 886 5373 ὡς
919 5311 952 5380 ἡ
987 5312 1047 5364 ὲν
1086 5312 1389 5384 Ἀντιοχείᾳ
1424 5312 1645 5376 σύνοδος
1671 5314 1730 5365 ἐν
1758 5320 1799 5365 ε’
1826 5326 1926 5366 κα·

355 5402 467 5455 νόνι
503 5403 628 5464 τοὺς
678 5399 1040 5472 θορυϐοῦντας
1086 5403 1186 5472 τὴν
1246 5402 1574 5473 Ἐκκλησίαν
1628 5403 1924 5474 κληρικους

356 5494 787 5563 σωφρονίζεσθαι
817 5494 907 5547 διὰ
934 5494 1034 5563 τῆς
1061 5495 1259 5558 ἔξωθεν
1284 5497 1467 5566 χειρὸς
1499 5496 1618 5566 ἤτοι
1649 5497 1749 5566 τῆς
1774 5498 1925 5551 πολι-

354 5587 515 5656 τικῆς
542 5587 848 5659 διωρίσατο.
880 5588 1039 5640 Εἴποι
1071 5587 1126 5640 δέ
1149 5604 1256 5651 τις,
1274 5589 1379 5640 Καὶ
1404 5589 1541 5655 πῶς,
1571 5588 1665 5643 τοῦ
1696 5589 1921 5653 κανόνος

354 5683 527 5735 ταῦτα
550 5681 943 5753 διοριζομένου,
980 5683 1030 5735 οἱ
1061 5682 1167 5735 τῶν
1198 5681 1521 5753 ἐλευθερίων
1573 5682 1923 5749 σπουδασμά-

353 5791 466 5831 των
498 5774 833 5836 διδάσκαλοι,
865 5772 1242 5844 γραμματικοὶ
1275 5772 1517 5842 δηλονότι
1552 5756 1645 5825 καὶ
1685 5773 1921 5825 τοιοῦτοι

354 5867 558 5939 ⁹ἑτεροι,
594 5868 877 5940 ἱερωμένοι
908 5866 1081 5933 ὄντες,
1112 5866 1635 5937 ἀπροκριματίστως
1655 5866 1917 5927 τύπτουσι

2034 4684 2120 4731 ter
2162 4676 2230 4729 iis
2260 4691 2384 4743 qua:
2420 4690 2450 4730 a
2498 4676 2709 4731 sanctis
2759 4674 3025 4745 apostolis
3079 4680 3285 4727 statuta
3334 4681 3495 4736 sunt,
3537 4681 3595 4724 ut

2032 4766 2353 4821 sacerdotes
2406 4781 2583 4834 neque
2654 4766 2773 4820 suis
2827 4765 3081 4819 manibus
3149 4779 3328 4831 neque
3400 4763 3594 4820 alienis

2028 4868 2359 4923 quemquam
2396 4854 2721 4919 verberent;
2756 4854 2853 4908 sed
2900 4869 2994 4922 per
3033 4852 3461 4919 admonitiones,
3509 4854 3592 4907 vel

2027 4945 2194 4999 etiam
2240 4960 2434 5014 poenas
2465 4946 2783 5009 canonicas,
2845 4961 2941 5000 eos
2984 4947 3073 5014 qui
3112 4956 3357 5013 peccant,
3415 4946 3591 4999 corri-

2026 5051 2192 5109 gant:
2232 5039 2266 5092 ii
2298 5048 2503 5102 autem,
2537 5040 2630 5106 qui
2663 5053 2757 5107 per
2793 5036 2905 5093 haec
2934 5053 3038 5093 non
3076 5038 3453 5104 corriguntur,
3497 5053 3593 5106 per

2026 5133 2346 5187 citationem
2375 5131 2443 5186 ad
2478 5122 3171 5202 magistratus-puniantur.
3207 5131 3444 5187 Perinde
3496 5126 3593 5183 an;
3674 5192 3677 5193 ν

2025 5232 2226 5301 ternae
2262 5225 2305 5278 si
2336 5224 2570 5278 dixisset
2598 5223 2897 5293 quispiam,
2930 5224 3034 5278 hoc
3081 5240 3299 5295 quoque
3328 5221 3591 5279 sacerdo-

2025 5317 2169 5373 tibus
2202 5334 2311 5372 non
2345 5318 2659 5381 convenire,
2690 5316 2824 5371 dicit
2850 5331 3048 5382 canon,
3069 5317 3213 5387 quod
3250 5316 3586 5371 Antiochena

2024 5407 2287 5477 synodus,
2328 5408 2382 5461 in
2430 5409 2622 5477 quinto
2670 5424 2902 5474 canone,
2945 5408 3197 5470 clericos.
3248 5408 3337 5479 qui
3397 5407 3588 5460 Eccle-

2024 5499 2159 5554 siam
2204 5498 2555 5563 conturbant,
2616 5514 2710 5566 per
2764 5509 3048 5553 externam
3098 5514 3315 5554 manum
3362 5511 3457 5549 seu
3508 5495 3588 5547 ci-

2024 5589 2182 5640 vilem
2245 5586 2503 5655 castigari
2556 5597 2807 5658 Oportere
2872 5589 3086 5642 statuit.
3144 5585 3353 5639 Dixerit
3401 5592 3581 5637 autem

2022 5680 2329 5749 quispiam:
2368 5678 2432 5732 Et
2486 5681 2805 5750 quomodo.
2881 5682 2996 5735 bmc
3055 5681 3378 5734 decernente
3426 5689 3586 5727 cano»

2024 5787 2114 5835 ne,
2170 5771 2475 5826 liberalium
2540 5775 2851 5829 studiorum
2904 5771 3189 5841 magistri,
3240 5766 3603 5837 grammatici

2024 5864 2236 5921 scilicet
2272 5873 2326 5924 et
2361 5864 2635 5939 ejusmodi
2672 5866 2787 5933 alii,
2817 5866 2944 5923 licet
2975 5864 3083 5920 sint
3134 5859 3308 5917 sacris
3355 5856 3594 5937 initiati,

3470 402 3608 467 1030
3668 464 3711 491 .,
