3972 6488
421 411 550 474 inlil

1655 399 1930 484 TH‘EOD.
1957 395 2358 457 ausa-non

3501 403 3640 468 105?.

417 531 538 579 sine
579 523 898 594 praeiudicio
929 540 1060 578 suos
1087 525 1388 594 discipulos
1443 525 1772 580 verberant?
1808 523 1962 579 Solu-

2078 523 2188 584 mb;
2223 519 2468 590 μαθητὰς
2495 523 2673 576 αὐτῶν
2699 542 2712 588 ;
2741 524 2951 591 Λύσις.
2981 526 3053 579 Τὸ
3082 526 3140 593 ἐξ
3169 527 3383 598 ἀμύνης
3414 528 3508 580 καὶ
3537 527 3634 580 θυ-

417 617 508 669 ιίο.
558 614 786 683 Propter
843 616 1140 670 vindictam
1207 629 1260 672 et
1320 619 1456 670 iram
1517 617 1846 682 verberare,
1889 625 1974 671 est

421 723 577 774 pmna
619 709 878 778 dignum;
931 727 1036 764 non
1074 721 1252 766 autem
1305 728 1390 775 ea,
1445 728 1565 781 quae
1610 713 1872 768 doctrinae
1919 721 1975 767 et

417 799 744 854 eruditionis
774 802 945 866 gratia
978 809 1030 855 et
1066 803 1244 857 verbis
1289 815 1343 857 et
1393 820 1553 859 manu
1587 805 1660 867 fit,
1693 806 1973 859 moderata

420 890 804 957 magistrorum
877 895 1168 949 correctio.
1215 896 1514 964 Propterea
1580 902 1726 951 enim
1794 913 1972 950 canon

417 979 642 1050 quoque
691 982 1066 1052 dicit‘pnniri,
1125 988 1170 1042 si
1219 990 1531 1046 sacerdotes
1587 989 1638 1044 in
1691 991 1971 1044 hominum

415 1087 648 1139 corpora
705 1075 1010 1132 insultent:
1069 1094 1160 1146 per
1223 1079 1324 1133 hoc
1379 1085 1625 1146 verbum,
1682 1082 1971 1148 insultare,

416 1163 730 1228 significans
771 1169 1068 1223 amentium
1109 1173 1282 1225 instar
1309 1175 1517 1229 ratione
1563 1189 1836 1230 carentem
1877 1193 1974 1247 ap-

417 1258 734 1322 petitionem
789 1276 1003 1326 eorum,
1065 1279 1156 1332 qut
1212 1281 1335 1318 cum
1392 1267 1469 1320 ira
1526 1271 1858 1336 percutiunt.
1913 1280 1971 1325 δι

414 1351 558 1403 enim
593 1354 973 1420 prohiberetur
1001 1358 1387 1425 magistrorum
1424 1360 1695 1428 ejusmodi
1745 1379 1972 1434 percus-

416 1444 520 1507 sio,
556 1461 654 1499 nec
706 1448 1068 1504 ecclesiastici
1107 1451 1314 1508 .CIerici
1379 1454 1551 1510 ferula
1614 1459 1974 1526 castigarem,

417 1537 578 1605 primi
616 1538 926 1596 defensoris
958 1557 1146 1606 suasu.
1171 1560 1299 1611 eos,
1341 1549 1433 1616 qui
1469 1560 1713 1616 peccant,
1771 1552 1974 1608 liberos

421 1640 476 1685 et
532 1647 744 1694 servos,
812 1634 876 1687 ad
949 1635 1183 1703 primum
1234 1638 1574 1695 defensorem
1628 1643 2019 1699 accedentesu

419 1721 527 1778 Sed
558 1725 660 1778 hoc
708 1736 885 1780 tamen
920 1727 978 1780 fit
1011 1729 1078 1782 ab
1113 1730 1192 1784 eis
1216 1732 1423 1800 absque
1471 1733 1581 1787 ullo
1631 1736 1972 1805 praeiudicio.

2079 610 2180 682 μοῦ
2221 610 2443 664 τύπτειν
2484 612 2788 676 κολάζεται,
2819 616 2880 668 οὐ
2911 616 3018 686 μὴν
3045 618 3077 687 ἠ
3103 617 3190 670 διὰ
3221 619 3506 672 παίδευσιν
3535 623 3632 674 καὶ

2078 707 2316 775 μάθησιν
2370 707 2507 775 μετὰ
2556 708 2716 777 λόγου
2753 710 2845 763 καὶ
2895 711 3078 781 χειρὸς
3124 714 3323 781 μετρία
3357 714 3639 777 παίδευσις

2073 800 2182 854 τῶν
2235 800 2588 857 διδασκάλων.
2640 801 2736 855 Διά
2767 803 2922 856 τοῦτο
2952 803 3060 874 γάρ
3088 806 3182 858 καὶ
3225 809 3253 858 δ
3295 807 3474 860 κανὼν
3513 803 3635 861 εἷπε

2075 894 2402 958 κολάζεσθαι
2449 894 2510 947 τὸ
2555 896 2824 965 ἐπιπηδᾷν
2877 898 3004 960 τοὺς
3051 899 3381 967 ἱερωμένους
3434 901 3516 962 εἰς
3566 901 3640 954 τά

2075 987 2180 1040 τῶν
2218 987 2517 1057 ἀνθρώπων
2550 985 2776 1054 σώματα
2801 1000 2818 1018 ⁶
2853 990 3133 1059 παριστῶν
3174 991 3263 1043 διὰ
3305 993 3398 1045 τοῦ
3431 994 3638 1061 ἐπιπη-

2075 1075 2169 1142 δᾷν
2203 1077 2444 1146 ῥήματος
2489 1075 2588 1144 τὴν
2630 1078 2768 1129 κατὰ
2826 1082 3182 1148 μαινομένους
3220 1083 3410 1150 ἄλογον
3455 1083 3637 1152 ὄρεξιν

2075 1167 2182 1218 τῶν
2218 1168 2356 1236 μετὰ
2405 1166 2577 1236 θυμοῦ
2604 1169 2936 1224 τυπτόντων.
2979 1172 3130 1225 Ἐπεί
3158 1173 3239 1226 τοί
3266 1190 3351 1239 γε.
3399 1175 3446 1226 εξ
3493 1179 3635 1227 ἐκω-

2074 1259 2232 1312 λύετο
2285 1263 2316 1331 ἡ
2359 1261 2583 1332 τοιαύτη
2630 1263 2737 1314 τῶν
2781 1263 3119 1318 διδασκάλων
3171 1266 3374 1337 πληγὴ,
3420 1268 3540 1321 ούδέ
3585 1271 3638 1322 oi

2076 1352 2518 1421 ἐκκλησιαστικοὶ
2545 1349 2806 1424 κληρικοὶ
2836 1357 2924 1409 διὰ
2959 1357 3230 1428 σκυτάλης
3279 1359 3346 1412 ἂν
3391 1359 3640 1429 ἐσωφρό-

2075 1443 2222 1506 νιζον
2251 1445 2390 1499 κατὰ
2429 1445 2744 1517 προτροπὴν
2792 1449 3232 1519 πρωτεκδικικὴν
3276 1451 3403 1513 τοὺς
3456 1452 3638 1522 ἀμαρ-

2075 1534 2335 1596 τάνοντας
2381 1536 2598 1601 δούλους
2647 1539 2740 1591 καὶ
2789 1541 3108 1611 ἐλευθέρους
3149 1541 3226 1610 τῷ
3280 1539 3637 1614 πρωτεκδίκῴ

2078 1631 2561 1697 προσερχομένους.
2580 1631 2721 1684 Ἀλλ’
2753 1633 2904 1700 ὅμως
2926 1639 3084 1686 τοῦτο
3111 1635 3633 1705 άπροκριματίστως

2077 1719 2304 1783 γίνεται.
2338 1720 2521 1786 ὀστε,
2552 1724 2604 1774 εί
2634 1740 2717 1786 τις
2756 1726 3057 1795 ίερωμὲνος
3089 1727 3243 1797 τύψει
3274 1729 3397 1782 τινὰ
3426 1729 3513 1783 διὰ
3535 1731 3637 1800 τῆς

325 1807 334 1840 ἰ
419 1813 788 1880 Quamobrem
821 1819 863 1871 si
893 1819 1016 1885 quis
1053 1821 1312 1877 sacerdos
1365 1811 1532 1893 primi,
1563 1825 1863 1883 defensoris
1895 1829 1974 1884 fe~

2081 1806 2517 1884 πρωτεκδικικῆς
2567 1817 2840 1886 σκυτάλης
2894 1819 3033 1888 μετά
3063 1819 3238 1891 θυμοῦ
3273 1824 3366 1877 καὶ
3415 1824 3635 1892 μανίας,

423 1906 538 1958 rula
572 1908 809 1982 aliquem
851 1915 1186 1978 percusserit
1217 1931 1339 1968 cum
1376 1917 1454 1968 ira
1497 1927 1548 1971 et
1593 1919 1801 1986 furore,
1835 1931 1894 1975 ut
1923 1931 1975 1975 et

418 1999 584 2052 etiam
634 2000 925 2070 aliquando
984 2008 1215 2073 contigit
1268 2008 1320 2062 iu
1385 2013 1708 2078 patriarcha:
1771 2015 1975 2068 domini

417 2088 578 2144 Lucae
609 2093 946 2159 pontificatu,
978 2085 1082 2151 non
1106 2097 1325 2168 effugiet
1353 2104 1682 2169 supplicium
1720 2123 1733 2159 :
1770 2115 1821 2159 et
1855 2122 1980 2159 rur-

419 2197 536 2246 sus,
566 2184 609 2238 si
642 2201 763 2238 cum
800 2187 877 2239 ira
914 2189 1241 2259 discipulum
1280 2205 1584 2264 prmeeptor
1620 2199 1974 2264 percusserit,

417 2290 548 2328 usus
586 2274 781 2336 baculo
819 2295 928 2348 quo
951 2296 1138 2349 posset
1173 2285 1348 2339 caedes
1397 2286 1534 2350 fieri,
1571 2287 1623 2341 id
1679 2305 1796 2363 non.
1840 2291 1978 2347 feret

419 2368 660 2436 impune.

497 2459 751 2519 ZONAR.
783 2463 1060 2519 Vicesimo
1113 2461 1344 2535 septimo
1393 2481 1570 2540 apost.
1612 2477 1820 2532 canone
1867 2494 1977 2534 non

419 2549 589 2606 licere
648 2557 925 2624 episcOpo,
995 2560 1316 2630 presbytero
1371 2574 1463 2618 aut
1507 2565 1736 2622 diacono
1789 2585 1979 2638 quem-

419 2659 584 2708 quam
614 2646 682 2699 ob
713 2649 921 2703 crimen
971 2650 1269 2706 admissum
1303 2655 1592 2711 verberare
1614 2700 1627 2721 ,
1672 2659 1877 2729 quique
1923 2661 1976 2716 id

423 2732 638 2802 fecerit,
670 2739 1017 2807 depositione
1042 2758 1165 2798 eum
1202 2748 1570 2802 nndctandum
1623 2767 1741 2806 esse
1793 2754 1980 2806 decer-

420 2828 598 2883 nitur.
621 2831 775 2887 llunc
802 2849 930 2905 ergo
957 2851 1221 2892 cauonem
1247 2839 1316 2893 ita
1341 2843 1584 2896 nonnulli
1611 2844 1977 2912 explicabant,

419 2924 644 2993 utipsis
679 2928 898 2995 quidem
959 2932 1099 2985 sacri
1165 2933 1376 2990 ordinis
1427 2935 1982 3007 hominibus‘quem-

415 3013 560 3086 piam
598 3021 932 3086 percussisse
978 3023 1078 3078 hoc
1109 3040 1314 3080 canone
1362 3029 1623 3093 vetitum;
1676 3029 1768 3084 sed
1825 3046 1979 3084 man-

420 3107 552 3163 dare
582 3109 738 3164 alteri
775 3113 1046 3181 negotium
1076 3117 1413 3186 verberaque
1445 3135 1537 3186 per
1567 3119 1716 3173 illum
1753 3121 1974 3189 inferre,

2064 1904 2160 1966 ’ὡς
2203 1907 2295 1958 καὶ
2337 1906 2526 1960 ἄλλοτὲ
2572 1925 2703 1961 ποτε
2739 1911 2938 1982 συνέϐη
2983 1913 3076 1964 ἐπὶ
3101 1915 3204 1982 τῆς
3235 1916 3512 1984 ἱερατείας
3542 1918 3636 1971 τοῦ

2078 1999 2380 2065 ἀγιωτάτου
2411 2002 2762 2074 ,πατριάρχου
2816 2003 2984 2075 κυροῦ
3026 2007 3234 2068 Λουκᾶ,
3287 2008 3387 2060 οὐκ
3433 2010 3638 2076 ἐκφευ-

2078 2091 2244 2157 ξεῖται
2288 2094 2386 2162 τὴν
2419 2095 2674 2148 κόλασιν·
2710 2097 2803 2149 καὶ
2848 2097 3024 2161 αὖθις,
3067 2100 3116 2151 εί
3163 2085 3254 2152 καὶ
3286 2101 3426 2170 μετὰ
3460 2101 3634 2172 θυμοῦ

2076 2184 2233 2253 τύψει
2266 2186 2356 2238 τὸν
2390 2188 2636 2258 μαθητὴν
2665 2190 2692 2240 δ
2717 2189 3059 2252 διδάσκαλος,
3094 2193 3436 2262 φονευτηρίῳ
3464 2191 3633 2260 ῥοπά-

2078 2279 2152 2349 λῳ
2181 2281 2544 2350 χρησάμενος,
2575 2283 2672 2334 οὐκ
2701 2283 3047 2354 ἀτιμώρητος
3073 2282 3246 2338 ἔσται.
3319 2287 3332 2311 ·’

2149 2466 2393 2522 ΖΩΝΑΡ.
2443 2467 2501 2518 '0
2529 2467 2636 2519 τῶν
2668 2466 2839 2533 ἁγίων
2868 2467 3181 2520 ἀποστόλων
3205 2466 3450 2530 εἰκοστὸς
3479 2468 3631 2521 ἕϐδο-

2083 2577 2180 2630 μος
2217 2559 2396 2613 κανὼν
2443 2558 2565 2613 οὔτε
2603 2561 2898 2614 ἐπίσκοπον
2953 2561 3076 2615 οὔτε
3112 2560 3482 2632 πρεσϐύτερον
3511 2561 3634 2614 οὔτε

2077 2651 2319 2704 διάκονον
2348 2651 2410 2721 ἐᾷ
2433 2651 2656 2704 τύπτειν
2689 2654 2814 2714 τοὺς
2848 2654 3262 2722 ἁμαρτάνοντας
3283 2671 3297 2684 ·
3350 2655 3635 2724 καθαιρεῖς-

2080 2746 2204 2799 σθαι
2254 2747 2362 2816 γὰρ
2414 2747 2504 2799 τδν
2553 2745 2709 2799 τοῦτο
2757 2745 3015 2799 ποιοῦντα
3061 2747 3289 2802 κελεύει.
3341 2748 3498 2810 Τινὲς
3542 2743 3636 2799 οὖν

2079 2838 2591 2908 παρερμηνεύοντες
2625 2838 2718 2891 τὸν
2772 2839 2973 2892 κανόνα
3027 2839 3229 2908 ἔλεγονΓ
3261 2825 3479 2894 ὅτι’διά
3522 2839 3636 2894 τῶν

2078 2929 2292 2983 οἰκείων
2339 2931 2539 3001 χειρῶν
2568 2933 2793 2983 τύπτειν
2820 2931 2945 2992 τοὺς
2979 2932 3308 3001 ίερωμένους
3363 2931 3635 2985 ἐκώλυσεν

2076 3022 2106 3074 δ
2163 3021 2378 3074 κανὼνο
2438 3022 2608 3092 ἑτέρῳ
2659 3021 2715 3073 δέ
2763 3023 3123 3092 προστάσσειν
3167 3023 3260 3075 καὶ
3309 3023 3376 3075 δι’
3424 3024 3634 3076 ἐκείνου

2078 3113 2300 3168 τύπτειν
2325 3113 2621 3166 ἀκώλυτον.
2665 3113 2833 3165 Τοῦτο
2866 3109 2959 3166 οὖν
2992 3115 3019 3164 ὁ
3053 3113 3243 3183 παρὼν
3276 3114 3457 3168 κανὼν
3489 3115 3633 3184 διορ-

421 3198 472 3252 id
509 3216 638 3254 vero
665 3204 819 3257 nullo
851 3205 1012 3259 modo
1059 3207 1410 3264 interdictum
1445 3226 1567 3266 esse
1622 3213 1976 3270 afﬁrmarent.

2082 3205 2360 3274 θούμενος,
2402 3205 2546 3272 λέγει
2573 3206 2771 3259 ἄτοπον
2799 3200 2934 3259 εἶναι
2966 3192 3058 3259 καὶ
3081 3207 3377 3273 ἐπισφαλὲς
3421 3208 3480 3259 τὺ
3527 3209 3639 3260 ofs-

418 3292 526 3347 Scd
567 3295 708 3349 hanc
734 3296 1046 3365 opinionem
1093 3300 1178 3354 hic
1205 3314 1378 3356 canon
1416 3305 1658 3374 corrigit,
1682 3322 1764 3366 ac,
1791 3307 1978 3376 Neque

419 3385 785 3449 absurditate,
815 3388 1014 3458 inquit,
1050 3407 1230 3459 neque
1268 3395 1516 3462 periculo
1567 3408 1738 3461 caret,
1776 3399 1820 3452 si
1877 3401 1979 3453 hoc

416 3494 608 3535 saeros
662 3483 936 3549 apostolos
961 3485 1279 3552 praecepisse
1315 3486 1714 3555 exiStimemus,
1751 3499 1808 3542 ut
1860 3493 1984 3559 qui-

425 3588 641 3639 cunque
681 3577 912 3629 alterum
961 3587 1043 3630 ter
1096 3590 1358 3646 quaterve
1408 3581 1524 3634 suis
1579 3583 1692 3650 ipse
1725 3587 1978 3640 manibus

422 3666 810 3732 percussisset,
843 3667 994 3719 illum
1044 3666 1242 3733 deponi
1281 3669 1476 3722 vellent
1510 3689 1523 3724 :
1563 3673 1654 3738 qui
1703 3687 1830 3725 vero
1887 3689 1980 3741 per

423 3757 656 3810 alterum
691 3759 989 3812 crudeliter
1020 3759 1614 3830 vehementissimeque
1670 3765 1806 3818 adeo
1855 3766 1980 3833 (hoc

423 3861 658 3915 namque
694 3849 828 3902 illud
861 3850 1116 3919 figuilicat
1149 3867 1318 3918 neque
1351 3853 1414 3904 ad
1445 3854 1654 3922 necem)
1701 3856 1837 3910 caedi
1861 3855 1980 3920 jus-

419 3938 607 4002 sisset,
640 3938 862 4008 impune
901 3940 1175 3994 hominem
1216 3943 1366 3997 abire
1410 3953 1760 4012 paterentur;
1818 3945 1981 4014 idque

425 4028 683 4093 ruaxime,
718 4023 844 4083 cum
901 4031 1383 4086 indiscriminatim
1428 4029 1757 4102 apostolicus
1804 4051 1979 4090 canon

421 4123 700 4188 loquatur,
734 4137 797 4176 ac
835 4124 1135 4177 verberanti
1170 4140 1385 4193 pinnam
1422 4127 1677 4188 universe
1699 4129 1978 4186 decernat.

419 4215 566 4273 ldem
593 4215 782 4284 igitur,
817 4216 1072 4284 inquiunt
1104 4218 1292 4287 synodi
1312 4218 1523 4280 Patres,
1557 4221 1698 4290 quod
1723 4225 1979 4292 apostoli,

425 4325 527 4366 nos
561 4324 780 4378 quoque
808 4310 1191 4375 decernimus;
1221 4325 1288 4364 ne
1321 4310 1570 4365 videlicet
1605 4315 1833 4369 sacratis
1873 4316 1980 4368 eho.

422 4401 666 4455 minibus
701 4416 846 4460 eum,
881 4401 972 4469 qui
1008 4399 1320 4474 deliquerit,
1357 4413 1450 4454 aut
1483 4417 1578 4470 per
1621 4419 1702 4469 se,
1762 4417 1853 4457 aut
1886 4421 1979 4473 per

2083 3297 2204 3350 σθαι
2236 3297 2360 3358 τοὺς
2397 3297 2575 3367 ἱεροὺς
2612 3296 2938 3357 ἀποστόλους
2973 3299 3272 3367 προστάξαι
3303 3298 3392 3351 τὸν
3423 3298 3522 3366 μὲν
3546 3299 3634 3352 διὰ

2078 3389 2187 3442 τῶν
2241 3386 2453 3439 οίκείων
2511 3385 2707 3455 χειρῶν
2768 3388 2890 3455 τρὶς
2951 3386 2982 3455 ἢ
3043 3387 3299 3459 τετράκις
3362 3387 3637 3455 πλήξαντα

2080 3479 2482 3546 καθαιρεῖσθαι,
2540 3478 2632 3530 τὸν
2689 3477 2745 3530 δὲ
2807 3477 2865 3542 ἐξ
2918 3477 3291 3544 ἐπιτάγματος
3346 3478 3413 3530 δι’
3445 3477 3632 3548 ἑτέρου

2079 3562 2350 3628 τύπτοντα
2400 3571 2622 3639 ἀπηνῶς
2653 3570 2746 3621 καὶ
2775 3569 2895 3622 λίαν
2927 3568 3260 3638 σφοδρότατα
3307 3569 3483 3638 (τοῦτο
3527 3569 3635 3638 γὰρ

2081 3666 2140 3719 τὸ
2189 3666 2347 3734 μέχρι
2404 3663 2632 3715 Θανάτου
2687 3660 2854 3731 δηλοῖ)
2898 3660 3238 3731 ἀτιμώρητον
3279 3661 3492 3726 ἐᾶσθαι,
3541 3660 3631 3713 καὶ

2081 3741 2251 3808 ταῦτα
2303 3754 2393 3806 τοῦ
2442 3752 2800 3806 ἀποστολικοῦ
2859 3752 3081 3814 κανόνος
3132 3753 3206 3822 μὴ
3248 3751 3630 3814 διαστίζοντος,

2081 3847 2194 3902 ἀλλ’
2223 3845 2407 3907 ἁπλῶς
2444 3847 2502 3898 τὸ
2527 3845 2753 3896 τύπτειν
2780 3842 3119 3906 κολάζοντος.
3145 3844 3234 3895 Διό
3271 3859 3434 3910 φασιν
3465 3843 3512 3894 oi
3540 3843 3632 3909 τῆς

2083 3939 2298 3992 συνόδου
2336 3937 2595 4004 Πατέρες,
2625 3934 2731 3988 Καὶ
2755 3937 2916 4002 ἡμεῖς
2947 3933 3144 4002 ὁμοίως
3172 3935 3283 3993 τοῖς
3316 3933 3631 3992 ἀποστόλοις

2079 4029 2429 4103 ψηφιζόμεθα
2457 4021 2602 4080 (ἵνα
2641 4029 2777 4094 μήτε
2823 4025 2908 4078 διὰ
2958 4025 3066 4077 τῶν
3116 4025 3331 4112 οίκείων
3361 4023 3559 4111 χειρῶν
3585 4021 3630 4073 ol
3675 4085 3678 4087 ἓ

2082 4123 2370 4192 ίερωμένοι
2425 4121 2560 4190 μήτε
2614 4119 2671 4184 ἐξ
2727 4116 2991 4185 ἐπιταγῆς
3038 4116 3106 4168 δι’
3144 4117 3332 4186 ἐτέρου
3394 4114 3629 4168 τύπτωσί

2079 4232 2199 4268 τινα
2230 4214 2644 4284 ἁμαρτήσαντα.
2687 4211 2830 4272 Τοὺς
2853 4209 2959 4278 γὰρ
3001 4208 3096 4260 τοῦ
3134 4208 3266 4261 Θεοῦ
3296 4209 3460 4278 ἱερεῖς
3487 4207 3626 4258 διδαι

2082 4307 2327 4368 σκαλίαις
2355 4282 2449 4358 κάὶ
2473 4302 2778 4363 νουθεσίαις
2804 4301 2908 4371 χρὴ
2940 4298 3212 4353 παιδεύειν
3239 4301 3335 4352 καὶ
3368 4297 3626 4367 σωφρονί-

2082 4403 2194 4465 ζειν
2223 4399 2346 4458 τοὺς
2376 4389 2797 4464 σφαλλομένους·
2838 4391 2946 4444 ἐσθ’
2977 4391 3064 4444 ὅτε
3096 4391 3151 4442 δέ
3181 4391 3271 4442 καὶ
3298 4390 3409 4450 τοῖς
3440 4388 3629 4455 ἐκκληι

423 4493 590 4547 alium
619 4493 707 4546 cui
762 4493 868 4560 ipsi
899 4491 1297 4553 mandaverint,
1339 4495 1567 4548 omnino
1602 4495 1763 4548 liceat
1795 4498 1978 4550 verbe-

2083 4491 2380 4549 σιαστικοῖς
2402 4487 2716 4554 ἐπιτιμίοις,
2733 4484 3034 4547 τουτέστιν,
3053 4483 3140 4533 ὅτε
3167 4482 3242 4550 μὴ
3268 4479 3630 4549 διδασκόμενοι

416 4601 562 4640 rare.
593 4584 920 4646 Sacerdotes
957 4600 1189 4653 namque
1230 4584 1320 4639 Dei
1353 4585 1601 4640 docendo
1631 4599 1682 4641 et.
1713 4590 1978 4640 movendo

425 4683 714 4743 peccantes
739 4676 1018 4744 corrigere
1051 4664 1213 4743 atque
1237 4678 1527 4731 emendare
1566 4693 1662 4746 par
1691 4689 1812 4732 est:
1847 4679 1976 4747 quin
2011 4707 2018 4720 ι

417 4779 472 4825 et
501 4769 896 4823 ecclesiasticis
919 4766 1246 4836 quandoque
1281 4771 1486 4836 pomis,
1517 4773 1735 4838 quando
1767 4773 1977 4828 scilicet

423 4859 798 4913 admonitione
831 4865 924 4910 aut
975 4859 1357 4913 cohortatione
1405 4876 1433 4914 a
1484 4861 1690 4930 flagitio
1736 4863 1977 4916 revocari

420 4951 742 5005 nullatenus
773 4959 996 5016 queant.
1031 4947 1218 5019 Neque
1264 4951 1406 5003 enim
1460 4970 1488 5004 ιι
1533 4953 1707 5020 ptenis
1755 4955 1980 5009 alterius

419 5043 742 5098 instituendi
792 5043 1215 5113 corrigendique
1260 5046 1581 5112 primordia.
1631 5047 1724 5101 sed
1769 5062 1798 5100 a
1841 5065 1979 5118 prae-

413 5135 587 5205 Ceptis
622 5145 782 5190 antea
809 5147 971 5206 atque
1001 5137 1493 5203 admonitionilms,
1526 5138 1776 5194 ducenda
1807 5153 1973 5207 sunt;

420 5229 659 5296 indeque
722 5230 786 5282 ad
843 5229 1252 5282 vehementiora
1301 5231 1687 5300 asperioraque
1738 5233 1980 5288 remedia

377 5379 386 5392 η
420 5321 844 5378 deveniendum.
878 5321 1321 5392 Verbera-359
1361 5337 1491 5376 vero
1536 5337 1599 5376 ac
1652 5324 1836 5393 plagas
1885 5326 1981 5379 ho-

421 5415 631 5467 minum
669 5414 992 5482 corporibus
1023 5412 1249 5475 inferre,
1278 5414 1471 5481 eisque
1501 5414 1603 5467 hac
1659 5417 1868 5471 ratione
1901 5419 1982 5472 iu-

423 5507 653 5568 sultare,
680 5507 902 5560 omnino
938 5513 1082 5558 vetat
1108 5518 1305 5557 canon.
1367 5505 1486 5571 Quo
1539 5507 1755 5576 quidem
1806 5509 1981 5564 insol-

420 5599 573 5652 tanali
647 5592 812 5654 ὕειὺο
893 5598 1158 5652 furiosum
1225 5597 1464 5665 ipsorum
1547 5599 1980 5671 iracundumque

419 5693 679 5758 impetum
712 5693 942 5746 innuere
975 5705 1037 5742 ac
1069 5689 1311 5744 indicare
1357 5691 1548 5744 voluit.
1600 5690 1654 5744 Si
1695 5693 1786 5762 qui
1829 5710 1976 5758 vero,
2020 5712 2026 5730 ι

418 5781 615 5850 inquit,
667 5797 844 5851 neque
903 5778 1214 5849 praeceptis,
1266 5795 1444 5848 neque
1490 5782 1976 5849 admonitionibus,

418 5888 597 5947 neque
619 5876 1004 5932 canOniCnrum
1039 5890 1257 5945 quoque
1289 5887 1571 5944 [uenarum
1611 5884 1756 5931 metu
1806 5881 1973 5932 corri-

2081 4584 2175 4637 καὶ
2209 4579 2616 4648 νουθετούμενοι
2650 4578 2699 4630 oi
2730 4575 3142 4646 ἁμαρτάνοντες
3196 4571 3626 4641 σωφρονίζονται.

2081 4676 2154 4729 Ού
2186 4675 2294 4742 γάρ
2321 4675 2378 4738 ἐξ
2409 4671 2698 4739 ἐπιτιμίων
2729 4666 2992 4736 ἄρχεσθαι
3021 4667 3117 4733 τῆς
3147 4663 3395 4726 παιδείας
3426 4665 3517 4715 καὶ
3541 4663 3630 4728 τῆς

2078 4764 2416 4836 διορθώσεως
2453 4763 2554 4824 δεῖ,
2600 4759 2736 4812 ἀλλὰ
2797 4758 3067 4811 διδάσκειν
3119 4757 3312 4818 αὐτοὺς
3374 4756 3631 4825 πρότερον

2079 4860 2175 4913 καὶ
2221 4857 2511 4917 νουθετεῖν,
2569 4853 2661 4906 καὶ
2712 4851 2854 4904 οὕτω
2900 4851 3000 4918 τὴν
3045 4848 3491 4918 δραστικωτέραν
3544 4845 3629 4897 καὶ

2081 4944 2487 5012 ἐπιπονωτέραν
2539 4940 2782 5008 ἰατρείαν
2829 4940 3074 5005 ἐπάγειν.
3112 4937 3202 4995 ,Τὸ
3252 4936 3308 4988 δέ
3357 4933 3628 5006 μαστίζειν

2081 5039 2175 5092 καὶ
2207 5037 2418 5108 πληγάς
2448 5033 2747 5086 ἐπιτιθέναι
2772 5034 2884 5093 τοῖς
2914 5031 3020 5084 τῶν
3049 5029 3351 5098 ἀνθρώπων
3396 5028 3624 5097 σώμασι,

2081 5131 2174 5183 καὶ
2221 5118 2644 5188 τοῦτονάύτοῖς
2684 5123 2951 5193 ὲπιπηδᾷν
3000 5121 3089 5174 τὸν
3147 5120 3364 5189 τρόπον,
3419 5119 3628 5179 τελείως

2081 5223 2434 5293 ἀπαγορεύει.
2487 5219 2589 5273 Διά
2642 5219 2735 5271 τοῦ
2793 5218 3064 5287 ἐπιπηδᾷν
3129 5216 3186 5268 δέ
3240 5215 3336 5284 τὴν
3405 5212 3628 5280 μανικὴν

2081 5317 2260 5373 αὐτῶν
2291 5315 2384 5368 καὶ
2409 5314 2625 5384 ὀργίλον
2652 5311 2824 5381 φορὰν
2858 5309 3078 5381 ᾐνίξατο
3109 5326 3166 5360 τε
3201 5307 3296 5360 καὶ
3338 5306 3622 5374 ὑπέφηνεν.

2080 5409 2228 5462 Εἰδέ
2259 5423 2424 5470 τινες,
2462 5406 2613 5475 φησι,
2655 5403 2792 5474 μήτε
2847 5400 3236 5461 διδασκαλίαις,
3275 5400 3413 5467 μήτε
3449 5397 3626 5450 νουθε-

2083 5505 2247 5565 σίαις,
2285 5503 2418 5572 μήτε
2453 5500 2556 5570 μὴν
2586 5496 2885 5561 ἐπιτιμίοις
2930 5496 3235 5554 κανονικοῖς
3273 5489 3624 5560 διορθοῦνται,

2079 5597 2204 5658 τοὺς
2232 5593 2506 5654 τοιούτους
2539 5589 2628 5643 διὰ
2655 5590 2766 5640 τῶν
2797 5585 2937 5640 κατά
2965 5585 3161 5672 τόπους
3205 5582 3481 5651 ἀρχόντων
3526 5594 3620 5672 σω-

2083 5686 2431 5756 φρονίζεσθαι
2490 5684 2611 5746 δεῖ,
2683 5666 3250 5747 ὑπομιμνησκομένων
3315 5670 3463 5742 παρὰ
3524 5666 3620 5774 τιξιν

2085 5781 2293 5851 ἱερέων,
2325 5772 2404 5841 οἷς
2435 5774 2742 5830 νουθετοῦσι
2774 5772 2865 5825 καὶ
2896 5771 3069 5840 ἠπίως
3097 5765 3489 5838 θεραπεύουσιν
3531 5765 3620 5812 οὐκ

2081 5873 2429 5946 ἐπείσθησαν.
2465 5869 2537 5923 Τὸ
2563 5867 2617 5921 δὲ
2652 5867 2740 5922 διὰ
2769 5865 2877 5918 τῶν
2907 5862 3176 5933 ἀρχόντων
3206 5857 3332 5921 τοὺς
3362 5858 3616 5910 ἀτάκτους
