3972 6488
402 406 537 470 1053
1653 416 1731 473 LV
1774 416 1937 476 CAN.
1965 418 1970 474 ἶ

2048 418 2254 481 CONC.
2281 421 2392 480 (ΣΡ.
3470 420 3608 486 ’1054

396 522 827 591 σωφρονίζεσθαι
858 526 948 579 καὶ
978 529 1399 600 ἐπιστρέφεσθαι
1434 532 1524 584 καὶ
1552 531 1716 584 πάλαι
1743 533 1952 584 δεικνύ-

2058 546 2273 604 gantur,
2334 551 2426 589 eos
2487 535 2587 590 loci
2644 540 3059 608 magistratuum
3126 550 3289 605 Opera
3353 540 3607 606 ('nutigart

392 630 542 665 ουσιν
594 616 811 685 ὁρισθὲν
860 617 1011 687 παρὰ
1059 621 1158 690 τῆς
1206 622 1264 675 ἐν
1304 623 1600 693 Ἀντιοχείᾳ
1647 623 1865 675 συνόδου
1901 626 1955 677 ἐν

2063 626 2330 691 oportebit
2362 644 2375 678 :
2418 642 2553 694 quos
2581 629 2795 697 quidem
2836 638 2946 683 tota
2974 630 3039 683 de
3075 645 3132 682 re
3170 628 3246 681 illi
3295 631 3611 682 Sacerdotes

394 706 630 775 πέμπτῳ
656 708 823 775 αὐτῆς
850 713 1051 766 κανόνι.

2067 715 2582 782 couimonel‘acient,
2615 719 2817 787 quibus
2870 719 2971 786 ipsi
3008 718 3448 786 pueripientibus
3481 717 3617 771 leui-

393 813 501 863 que
535 800 819 853 curatione
876 801 1156 856 utentibus
1244 817 1350 857 non
1405 803 1871 872 obtemperarunt.
1956 804 2028 857 De
2062 805 2430 872 immorigeris
2462 822 2623 874 porro
2657 809 2965 863 hominibus
3001 812 3418 876 magistratuum
3453 824 3618 876 (ψει-ιι

396 891 733 951 corrigendis
786 903 841 944 et
889 894 956 947 ad
987 909 1173 948 sanam
1214 902 1449 949 mentem
1511 896 1854 961 reducendis,
1892 895 1944 949 id
1980 894 2089 964 jam
2122 896 2249 949 olim
2287 899 2352 948 ab
2386 901 2722 953 Antioebena
2756 902 2961 971 synodo
2987 902 3179 969 quinto
3247 917 3454 954 canone
3525 900 3619 953 (Ιυο

399 980 609 1032 liu‘tum
640 997 761 1036 esse
799 986 1156 1041 demonstrat.

399 1072 621 1124 ΑΡΙΣΤ.
673 1091 691 1122 ι
752 1075 814 1126 Οἱ
873 1076 1121 1147 ίερεῖς,ῆ
1184 1080 1407 1143 πιστοὺς
1462 1081 1881 1150 ἁμαρτήσαντας
1926 1082 1959 1152 ἢ

2065 1078 2282 1135 ARlS’l‘.
2321 1100 2339 1131 4
2379 1080 2704 1134 SacerdOtes
2729 1083 2818 1149 qui
2856 1082 2934 1135 vel
2969 1083 3151 1135 ﬁdeles
3182 1084 3270 1150 qui
3304 1095 3615 1152 βοαί-πηοί,

469 1185 488 1216 4
534 1166 794 1230 ἀπίστους
818 1172 1179 1243 ἀδικήσαντας
1220 1177 1537 1243 τύπτοντες,
1577 1178 1609 1249 ἦ
1646 1179 1959 1246 αὐτοχειρίᾳ

2140 1194 2157 1225 4
2201 1176 2281 1227 vel
2332 1175 2573 1228 inlideles
2606 1176 2693 1242 qui
2741 1176 2934 1241 injuria
2971 1175 3273 1228 aﬂ‘eceruut
3300 1216 3313 1233 .
3352 1177 3463 1229 sive
3498 1193 3619 1245 pro-

470 1277 488 1307 4
536 1259 569 1326 ἢ
617 1262 984 1332 ὲπιτάγματι,
1047 1268 1543 1337 καθαιρείσθωσαν”
1591 1272 1696 1341 χρὴ
1728 1274 1833 1341 γὰρ
1882 1270 1961 1326 δι-

2136 1283 2153 1315 4
2194 1266 2304 1332 pria
2353 1280 2534 1325 manu,
2569 1266 2683 1319 sive
2721 1267 2973 1319 mandato
3003 1268 3308 1326 verberant,
3342 1270 3619 1334 deponan-

471 1352 890 1419 ι’δασκαλίαις,
952 1359 1283 1423 νουθεσίαις,
1337 1364 1429 1415 καὶ
1491 1364 1957 1431 ἐκκλησιαστικοῖς

2136 1376 2153 1409 4
2194 1369 2303 1411 tur.
2333 1357 2553 1427 Oportet
2605 1361 2747 1413 enim
2812 1344 3097 1421 doctrinis,
3154 1360 3618 1429 adnionitipnibus

467 1464 486 1495 4
540 1446 833 1515 ἐπιτιμίοις
860 1451 985 1513 τοὺς
1021 1453 1286 1518 ἀτάκτους
1329 1456 1717 1523 παιδαγωγεῖν,
1752 1456 1811 1507 ού
1849 1457 1955 1524 μά-

2133 1470 2151 1503 ι
2188 1463 2238 1506 et
2275 1454 2448 1522 poenis
2478 1454 2866 1507 ecclesiasticis
2904 1455 3278 1521 immorigems
3308 1454 3615 1515 instituere,

466 1556 486 1587 4
535 1536 707 1602 στιξιν
736 1540 766 1607 ἦ
797 1542 1033 1609 πληγαῖς
1055 1561 1069 1575 ·
1104 1545 1150 1595 εί
1180 1545 1236 1597 δὲ
1270 1546 1341 1615 μὴ
1370 1547 1709 1608 ὑπακούοιεν,
1743 1547 1828 1599 διὰ
1860 1551 1956 1616 τῆς

2136 1562 2154 1593 4
2200 1558 2303 1595 non
2347 1559 2472 1597 vero
2523 1543 2745 1611 ﬂagellis
2791 1551 2842 1595 et
2890 1543 3322 1605 verberibuszsi
3374 1544 3612 1596 nondum

469 1648 490 1680 4
536 1631 674 1699 πρὸς
702 1632 828 1695 τοὺς
872 1632 1135 1703 ἄρχοντας
1167 1637 1473 1706 ὲγκλήσεως
1505 1638 1699 1699 αὑτοὺς
1740 1655 1955 1707 σωφρο-

2136 1654 2154 1685 ‹
2195 1645 2383 1687 autem
2412 1650 2614 1687 morem
2668 1635 2975 1701 gesserint,
3006 1649 3100 1686 eos
3153 1648 3247 1701 per
3279 1636 3614 1701 provocatio-

465 1740 483 1772 4
530 1723 712 1787 νίζειν.
759 1742 778 1774 ι

2133 1745 2152 1777 4
2190 1742 2310 1781 nem
2346 1725 2411 1779 ad
2444 1726 2790 1793 magistratus
2821 1727 3109 1793 castigare.
3144 1743 3161 1775 ι

1007 1820 1262 1875 ΚΑΝΩΝ.
1306 1823 1360 1875 l'.

2652 1818 2878 1871 CANON
2925 1816 2988 1873 Χ.

397 1920 417 1959 I
462 1905 525 1958 Οί
553 1908 666 1969 τοῖς
695 1907 923 1962 πάθευιν
961 1911 1186 1974 ἑαυτοὺς
1221 1913 1466 1977 ἐκδότους
1506 1917 1954 1985 παραστήσαντες

2061 1931 2078 1964 4
2118 1912 2218 1978 Qui
2252 1913 2461 1980 seipsos
2495 1911 2718 1963 tradunt
2751 1911 2915 1963 animi
2945 1906 3465 1982 perturbationibus,
3504 1926 3610 1964 non

466 2015 485 2048 4
530 1998 589 2049 οὑ
625 1998 784 2066 μόνον
810 2000 907 2070 τὴν
954 2003 1060 2055 ἀπὸ
1084 2004 1191 2056 τῶν
1229 2005 1388 2074 ἱερῶν
1419 2007 1656 2060 κανόνων
1685 2007 1953 2076 τιμωρίαν

2132 2022 2149 2054 4
2187 2006 2400 2063 solum,
2449 2003 2591 2071 quod
2646 2019 2673 2054 a
2729 2002 2899 2055 sacris
2954 2004 3253 2058 rationibus
3314 2003 3614 2057 intentatur

461 2109 480 2141 4
529 2091 591 2143 ού
623 2094 957 2161 φρίττουσιν,
987 2096 1121 2150 ἀλλὰ
1161 2097 1253 2149 καὶ
1291 2099 1469 2151 αὐτῶν
1502 2100 1728 2153 ἐκείνων
1757 2117 1954 2165 κατορ-

2130 2116 2146 2147 ι
2187 2097 2531 2165 supplicium,
2576 2112 2680 2151 non
2717 2097 2937 2149 horrent
2963 2137 2977 2159 ,
3009 2096 3101 2149 sed
3138 2098 3217 2151 eis
3244 2097 3405 2148 etiam
3440 2096 3613 2149 insul-

462 2199 483 2233 4
530 2182 741 2261 χεῖσθαι
799 2187 1184 2257 τετολμήκασι.
1236 2189 1559 2255 Στρεὸλοῦσι
1599 2191 1705 2263 γὰρ
1737 2192 1950 2255 αὐτοὺς,

2130 2208 2147 2239 4
2187 2197 2300 2242 tare
2331 2188 2448 2241 ausi
2475 2197 2622 2241 sunt.
2651 2188 2802 2255 ipsos
2827 2189 2970 2240 enim
2997 2197 3268 2256 torquent,
3290 2196 3341 2239 et
3364 2186 3429 2239 ad
3458 2201 3609 2239 suam

464 2291 483 2323 4
532 2275 797 2345 καὶπρὸς
848 2277 906 2329 τὸ
951 2279 1193 2347 ἐμπαθὲς
1240 2281 1418 2332 αὑτῶν
1470 2282 1954 2350 ἀποκιὸδηλεύουσι

2133 2299 2150 2331 ι
2188 2281 2349 2332 animi
2389 2279 2855 2347 perturbationem
2887 2294 3074 2333 eorum
3114 2293 3330 2352 quoque
3361 2275 3611 2330 volunt:(-

462 2382 481 2415 4
526 2366 621 2418 τοῦ
654 2367 973 2436 θελήματος,
1003 2370 1087 2422 ἵνα
1114 2373 1175 2439 τῇ
1202 2372 1481 2442 φιλοτιμία
1506 2373 1606 2441 τῆς
1630 2375 1950 2442 ὲμπαθείας,

2134 2391 2151 2423 ι
2194 2381 2298 2424 tem
2349 2372 2658 2424 adulterant
2688 2387 2702 2424 :
2736 2381 2793 2423 ut
2843 2384 3062 2439 propter
3099 2372 3263 2422 animi
3299 2374 3382 2422 sui
3432 2378 3609 2421 motus

459 2474 479 2506 4
534 2458 674 2509 κατά
706 2458 798 2510 τὸν
840 2460 1098 2527 Θεολόγον
1133 2463 1170 2513 Γ
1178 2464 1451 2533 ρηγὸριον,
1489 2466 1562 2534 μὴ
1602 2468 1758 2532 μόνον
1791 2466 1954 2518 ἀνεύ-

2136 2485 2153 2517 4
2193 2465 2626 2527 contentionem,
2658 2474 2713 2518 ut
2750 2466 2918 2532 inquit
2952 2464 3248 2533 Gregorius
3273 2462 3631 2527 'l‘lteologus,‘
3664 2460 3704 2511 ’.

460 2563 479 2597 4
524 2545 681 2598 θυνον
712 2548 894 2611 αὐτοῖς
990 2552 1049 2602 τὸ
1081 2554 1272 2617 κακὸν,
1309 2554 1444 2606 ἀλλὰ
1494 2556 1585 2606 καὶ
1618 2556 1759 2607 θεῖον
1804 2555 1954 2624 νομί-

2129 2576 2147 2608 4
2189 2574 2293 2612 non
2323 2557 2499 2611 solum
2545 2558 2613 2611 sit
2660 2572 2847 2611 eorum
2899 2557 3097 2608 malum
3135 2554 3461 2609 correctioni
3501 2568 3605 2605 non

462 2657 479 2689 4
533 2637 700 2701 ζοιτο.
755 2643 857 2693 Τὸν
915 2644 1023 2714 γὰρ
1079 2648 1433 2699 ἀποστολικὸν
1486 2651 1686 2701 κανόνα
1727 2650 1815 2701 τὸν
1864 2649 1949 2702 λέ-

2128 2667 2147 2699 4
2190 2648 2505 2711 obnoxium,
2540 2648 2632 2703 sed
2680 2648 2926 2700 divinum
2966 2663 3185 2717 quoque
3240 2648 3607 2700 existimetur.

460 2750 477 2782 4
531 2749 731 2799 γοντα·
769 2735 968 2798 Σκεῦος
1012 2738 1311 2809 χρυσοῦνῆ
1366 2742 1642 2810 ἀργυροῦν
1689 2745 1951 2807 ἀγιασθὲν

2127 2762 2144 2793 4
2189 2744 2558 2811 Apostolicum
2615 2744 2761 2795 enim
2813 2756 3072 2793 canonum
3102 2782 3117 2803 ,
3167 2741 3257 2808 qui
3306 2739 3608 2792 dieit:Vas

458 2843 477 2876 4
531 2823 562 2894 ἢ
597 2825 809 2895 ὀθόνην,
849 2828 1035 2896 μηδεὶς
1069 2830 1146 2882 ἔτι
1182 2833 1260 2893 είς
1299 2830 1505 2885 οἰκείαν
1533 2834 1720 2902 χρείαν
1764 2853 1953 2903 σφετε-

2127 2853 2143 2883 ι
2186 2849 2409 2888 atn'eum
2436 2830 2519 2885 vél
2539 2842 2850 2902 argenteum
2882 2832 3303 2893 sanctiﬁcatum,
3326 2831 3406 2883 vel
3428 2831 3602 2881 velunt

459 2934 477 2968 4
528 2918 780 2987 ptCécBw'
836 2923 1152 2991 παράνομον
1186 2925 1324 2994 γάρ·
1366 2927 1414 2977 εί
1449 2925 1505 2976 δέ
1538 2943 1621 2988 τις
1647 2926 1949 2997 φωραθείη,

2126 2943 2143 2975 ι
2186 2926 2409 2988 lineum,
2442 2940 2600 2978 nemo
2626 2925 2847 2993 posthac
2881 2925 2931 2975 in
2958 2940 3114 2977 suum
3151 2938 3307 2976 usum
3336 2921 3600 2987 accipiat;

458 3027 475 3058 4
520 3008 860 3078 ὲπιτιμάσθω
906 3014 1196 3083 ἀφορισμῷ
1222 3030 1234 3042 ·
1287 3014 1475 3067 τοῦτον
1507 3016 1583 3078 είς
1625 3020 1950 3086 συνηγορίαν

2128 3036 2146 3068 4
2184 3025 2265 3070 est
2299 3018 2442 3069 enim
2494 3026 2687 3085 praeter
2739 3017 2919 3084 leges:
2954 3018 2995 3068 si
3032 3016 3154 3083 quis
3203 3025 3381 3069 autem
3413 3014 3605 3081 depre-

457 3117 475 3150 4
523 3100 629 3155 τῶν
653 3104 867 3157 οίκείων
878 3123 1186 3176 ιπαρανομη
1197 3107 1381 3176 μάτων
1409 3108 1857 3179 ἐκλαμϐάνοντες,
1887 3113 1947 3163 οὑ

2124 3128 2143 3161 4
2188 3112 2389 3164 bensus
2422 3108 2601 3170 fuerit,
2627 3110 2998 3178 segregatione
3027 3109 3316 3171 multetur;
3348 3123 3471 3161 eum
3537 3105 3603 3157 ad

457 3211 475 3243 4
525 3194 660 3261 φασὶ
705 3196 812 3248 δεῖν
859 3197 1228 3267 καθαιρέσεως
1274 3199 1455 3263 ἀξίους
1497 3201 1774 3271 κρίνεσθαι
1821 3204 2014 3280 τοὺςε

2124 3221 2142 3254 4
2184 3216 2406 3256 suorum
2434 3202 2751 3255 delictorum
2794 3202 3166 3269 patrocinium
3229 3208 3597 3258 assumentes.

459 3305 478 3337 4
526 3288 623 3356 τὴν
654 3288 957 3359 σεϐασμίαν
995 3295 1093 3360 τῆς
1126 3293 1285 3356 ἁγίας
1316 3294 1594 3362 τραπέζης
1621 3296 1840 3364 ἐνδυτὴν
1870 3298 1949 3360 είς

2124 3315 2143 3347 4
2180 3296 2368 3350 dicunt
2399 3310 2492 3357 eos
2540 3310 2646 3347 non
2689 3304 2941 3363 Oportere
2988 3292 3219 3361 iudicari
3265 3290 3602 3360 depositione

456 3400 475 3431 4
520 3382 719 3432 οἰκεῖον
751 3399 972 3451 χιτωνα,
1004 3382 1035 3452 ἢ
1066 3386 1143 3445 είς
1177 3384 1361 3453 ἕτερόν
1394 3403 1444 3437 τι
1474 3386 1582 3437 τῶν
1611 3386 1830 3455 ἀμφίων
1862 3406 1949 3457 με·

2124 3403 2141 3435 ι
2180 3386 2395 3454 dignos,
2429 3386 2520 3453 qui
2561 3383 2927 3437 venerandum
2978 3386 3421 3435 sanctze‘mensa:
3452 3379 3606 3431 indu-

454 3492 473 3524 4
512 3474 1051 3544 τάσχημπιτίζοντας⁸
1100 3477 1158 3529 οὑ
1209 3476 1313 3546 μὴν
1365 3478 1479 3530 ἀλλ’
1522 3479 1640 3531 οὑδὲ
1710 3481 1836 3542 τοὺς
1888 3483 1947 3534 τὸ

2123 3496 2141 3528 4
2183 3488 2420 3530 mentum
2471 3479 2521 3530 in
2572 3478 2841 3546 propriam
2877 3476 3151 3535 tunicam,
3182 3474 3261 3527 vel
3294 3474 3347 3525 in
3383 3470 3600 3538 aliquod

453 3583 472 3616 4
518 3564 672 3633 ἅγιον
707 3569 996 3637 ποτήριον·
1026 3566 1070 3620 ὣ
1097 3568 1194 3636 τῆς
1229 3570 1515 3632 ἀσεϐείαςί
1546 3572 1577 3639 ἦ
1627 3571 1718 3624 τὸν
1753 3574 1946 3626 σεπτὸν

2123 3588 2141 3620 4
2182 3569 2327 3622 aliud
2379 3570 2759 3623 vestimentum
2826 3566 3215 3620 transformaut
3249 3583 3261 3617 :
3294 3567 3388 3619 sed
3425 3580 3600 3632 neque

457 3673 477 3707 4
525 3658 729 3720 δίσκον,
764 3658 796 3727 ἢ
828 3659 894 3711 τὰ
940 3659 1149 3722 τούτοις
1193 3660 1550 3731 παραπλήσια
1581 3665 1659 3726 εἰς
1692 3664 1827 3717 ίδίαν
1852 3668 1943 3717 ἐκο

2120 3679 2138 3711 4
2176 3676 2269 3715 eos
2301 3661 2394 3730 qui
2427 3670 2675 3715 sanctum
2734 3660 2981 3721 calicem,
3038 3675 3069 3712 ο
3120 3658 3481 3726 impietatem!
3520 3657 3601 3709 vel

456 3766 476 3800 4
527 3749 885 3811 δαπανῶντας
910 3751 1120 3820 χρείαν,
1154 3753 1183 3819 ῆ
1224 3754 1706 3823 καταχραίνοντας.
1747 3758 1805 3809 Ὀ
1836 3758 1944 3828 γὰρ

2122 3770 2139 3802 ι
2172 3751 2540 3831 venerabilem
2563 3752 2798 3815 discum,
2831 3750 2915 3803 vel
2945 3766 3006 3802 ea
3039 3764 3159 3817 quae
3186 3758 3317 3801 sunt
3352 3749 3423 3801 iis
3450 3747 3599 3800 simio

452 3859 472 3893 4
518 3840 718 3909 κανὼν,
750 3844 900 3910 φασὶ,
922 3845 1046 3904 τοὺς
1072 3845 1150 3905 εἰς
1184 3845 1338 3897 τοῦτο
1360 3848 1780 3915 περιπίπτοντας
1814 3852 1943 3915 ὰφο-
1982 3858 1989 3861 ί

2032 3876 2037 3881 ι
2120 3862 2137 3893 ι
2178 3843 2269 3907 lia,
2297 3845 2348 3896 in
2385 3845 2661 3913 proprium
2688 3859 2842 3895 ttsum
2869 3844 3176 3904 insumunt,
3214 3842 3295 3893 vel
3326 3841 3595 3909 polluuut.

451 3947 471 3979 4
518 3930 694 4000 ρισμῷ
721 3932 823 3999 μὲν
846 3932 1371 4000 καθυποὸάλλεσθαι,
1401 3936 1514 3989 ἀλλ’
1542 3938 1601 3989 ού
1628 3940 1942 4011 καθαιρέσει

2126 3955 2143 3986 4
2185 3936 2371 3988 Canon
2397 3937 2568 3999 enim,
2601 3934 2873 4002 inquiunt,
2932 3948 3027 3986 eos
3064 3937 3155 4001 qui
3210 3936 3261 3985 in
3326 3934 3428 3986 boc
3463 3931 3598 3983 inci—

452 4039 473 4074 4
518 4022 854 4077 ἐδικαίωσεν.
913 4023 1073 4077 Ἀλλά
1123 4026 1207 4087 τίς
1265 4026 1330 4079 ἂν
1384 4028 1667 4099 ἀνάσχοιτο
1697 4032 1790 4084 τοῦ
1842 4034 1942 4101 τῆς

2119 4047 2137 4080 ι
2177 4030 2329 4090 dunt,
2359 4043 2478 4082 esse
2508 4028 2864 4097 segregationi
2889 4068 2901 4091 ,
2938 4043 3045 4079 non
3080 4026 3434 4096 depositioni,
3465 4025 3598 4080 sub-

450 4131 470 4164 4
512 4112 780 4182 τοσαύτης
826 4116 1249 4185 παραποιήσεως
1301 4119 1395 4169 καὶ
1441 4116 1750 4182 δυσσεϐείας
1781 4122 1943 4191 μεγέ-

2114 4139 2131 4171 ι
2164 4119 2431 4189 jieiendos
2458 4134 2671 4186 azquum
2705 4119 2939 4171 censuit.
2968 4118 3071 4170 Sed
3104 4118 3228 4186 quis
3255 4125 3421 4169 tantae
3473 4132 3596 4183 per-

450 4226 472 4259 4
518 4206 672 4273 θους;
709 4207 814 4260 Τοῦ
854 4210 960 4277 γὰρ
994 4210 1216 4271 κανόνος
1247 4212 1357 4273 τοῖς
1400 4210 1459 4263 τὸ
1488 4213 1645 4280 μόνον
1681 4214 1940 4281 ἁγιασθὲν

2116 4232 2134 4265 ι
2170 4211 2445 4266 versitatis
2487 4218 2540 4264 et
2592 4211 2887 4278 impietatis
2950 4210 3373 4280 Ii'agnitudinem
3424 4208 3597 4261 lerat?

448 4315 467 4348 4
496 4299 592 4360 ἐίς
620 4300 837 4368 χρῆσιν,
871 4300 982 4352 ἀλλ’
1014 4303 1114 4353 οὑκ
1143 4304 1221 4365 είς
1252 4303 1460 4355 τελείαν
1497 4304 1770 4375 ἁρπαγὴν,
1808 4326 1938 4377 σφε-

2113 4323 2131 4356 4
2166 4302 2299 4363 Cum
2328 4303 2471 4356 enim
2499 4318 2673 4356 canon
2704 4319 2821 4368 eos,
2850 4304 2941 4371 qui
2972 4343 2987 4365 ,
3021 4305 3162 4369 quod
3196 4304 3594 4355 sanctiﬁcatum

449 4410 467 4441 4
512 4392 881 4461 τεριζομένοις
903 4392 993 4444 τὸν
1028 4394 1328 4463 ἁφορισμὸν
1358 4396 1762 4466 ἐπιπέμποντος
1785 4439 1798 4463 ,
1842 4402 1939 4453 αὑ-

2117 4415 2134 4446 4
2173 4407 2278 4460 est,
2306 4395 2370 4449 ad
2406 4411 2560 4449 usum
2590 4395 2787 4459 solum,
2842 4404 2894 4448 et
2938 4411 3045 4449 non
3078 4396 3142 4447 ad
3180 4394 3473 4463 perfectam
3506 4409 3597 4447 ra-
3666 4426 3674 4431 ε

448 4502 467 4535 4
521 4485 602 4535 τοὶ
633 4484 725 4535 καὶ
756 4485 883 4545 τοὺς
924 4484 1375 4554 καθαρπάζοντας
1408 4490 1498 4540 καὶ
1528 4490 1937 4560 ἱεροσυλοῦντας

2117 4509 2134 4540 4
2172 4489 2351 4558 pinam
2385 4488 2487 4564 sibi
2525 4489 2836 4554 vindicant,
2872 4488 3230 4557 segregationi
3293 4486 3547 4552 subjiciat
3577 4502 3591 4539 :

447 4591 469 4624 4
513 4573 578 4626 τὰ
632 4573 739 4624 τῶν
792 4574 960 4640 ἁγίων
1014 4574 1176 4642 Ἀγια
1215 4576 1554 4648 ἐλευθεροῦσι
1598 4582 1693 4649 τῆς
1755 4584 1935 4637 καθαι-
1972 4581 2013 4634 D

2119 4599 2136 4631 4
2178 4580 2279 4649 ipsi
2330 4595 2443 4644 eos,
2492 4581 2585 4648 qui
2639 4578 2837 4633 Sancta
2887 4591 3199 4633 sanctorum
3247 4580 3497 4648 rapiunt,
3541 4588 3594 4632 et

449 4684 468 4717 4
518 4667 751 4735 ρέσεως“,
804 4668 898 4718 καὶ
950 4667 1075 4729 τοὺς
1123 4670 1202 4730 είς
1278 4668 1580 4739 βρωμάτων
1638 4674 1937 4743 ὑπηρεσίαν
2012 4692 2013 4695 ‘

2116 4691 2133 4725 4
2178 4673 2455 4742 sacrilegis
2507 4672 2757 4726 manibus
2796 4670 3082 4733 auferunt,
3138 4671 3476 4739 depositione
3551 4670 3593 4723 i-

448 4776 467 4807 4
513 4760 634 4811 ὃσον
659 4775 721 4827 γε
768 4761 830 4828 τῇ
870 4759 960 4828 ὑφ’
993 4760 1199 4812 ἑαυτῶν
1237 4762 1413 4831 κρίσει
1460 4766 1584 4827 τοὺς
1611 4767 1938 4837 σε6ασμίους

2114 4781 2132 4816 4
2174 4764 2399 4830 berant;
2433 4774 2485 4817 et
2514 4779 2608 4817 eos
2632 4803 2646 4824 ,
2689 4765 2777 4833 qui
2811 4763 2876 4815 ad
2913 4761 3158 4817 ciborum
3206 4764 3591 4829 ministerium,

454 4867 473 4900 4
518 4848 764 4913 δίσκους,
808 4850 841 4917 ἢ
891 4850 960 4901 τά
1010 4851 1129 4921 ἱερὰ
1181 4852 1435 4921 ⁸ξτοτήριαξ
1471 4857 1937 4924 καταμολύνοντας

2112 4877 2129 4908 4
2173 4873 2272 4912 suo
2301 4858 2518 4927 quidem
2547 4865 2692 4911 certe
2732 4857 2940 4925 judicio
2995 4858 3336 4910 venerabiles
3384 4858 3589 4921 discos,

448 4960 467 4993 4
512 4941 902 5013 ἀκαθαιρὲτους
944 4944 1258 5009 εἰσάγουσι·
1288 4944 1461 4998 καίτοι
1513 4947 1745 5016 φανεροῦ
1801 4948 1934 5002 καθ-

2112 4971 2131 5000 4
2173 4959 2265 5002 aut
2295 4965 2486 5004 sacros
2511 4950 2705 5004 calices
2743 4950 3046 5018 inquinant,
3099 4964 3205 5003 non
3238 4950 3589 5019 deponendos

448 5054 467 5086 4
517 5037 805 5103 εστηκότος
867 5037 959 5087 τοῦ
1014 5038 1338 5106 μιάσματος,
1386 5040 1477 5091 καὶ
1507 5040 1663 5105 δῆλον
1694 5040 1753 5093 δν
1777 5042 1853 5104 ὡς
1884 5044 1933 5095 οί

2114 5060 2131 5092 4
2176 5042 2475 5105 inducunt,
2518 5043 2767 5110 quamvis
2804 5042 2872 5095 sit
2916 5050 3160 5108 apertum
3197 5042 3506 5110 piaculum;
3538 5050 3591 5095 et

452 5143 471 5177 4
517 5125 586 5177 τὰ
628 5125 854 5178 τοιαῦτα
896 5128 1221 5197 πράττοντες
1260 5130 1319 5181 οὑ
1353 5131 1513 5198 μόνον
1542 5132 1932 5202 καθαιρέσεως,

2115 5151 2135 5185 4
2178 5134 2386 5186 clarum
2417 5144 2522 5197 est,
2552 5132 2695 5202 quod
2729 5134 2820 5199 qui
2855 5134 2966 5188 base
3018 5132 3242 5197 iaciunt,
3274 5150 3379 5187 non
3413 5134 3586 5187 solum

453 5234 471 5265 4
519 5216 651 5269 ἀλλὰ
688 5217 900 5284 καὶτῆς
924 5219 1159 5287 ἐσχάτης
1182 5220 1498 5283 δυσσεϐείας
1526 5222 1600 5290 τῷ
1632 5222 1933 5291 ἐγκλήματι

2112 5242 2129 5274 4
2172 5223 2227 5276 in
2264 5224 2676 5292 depositiouem,
2714 5223 2807 5277 sed
2843 5224 2897 5276 in
2920 5235 3175 5278 extremae
3203 5224 3360 5277 etiam
3393 5225 3585 5290 impie-

447 5325 466 5357 4
511 5307 922 5375 περιπίπτουσι.
974 5312 1171 5379 Διόπερ
1223 5311 1420 5383 ὥρισεν
1470 5314 1664 5383 ήάγία
1719 5315 1932 5376 σύνοδος

2109 5334 2127 5367 4
2168 5317 2293 5369 tatis
2320 5316 2525 5370 crimen
2570 5316 2839 5369 incidunt.
2891 5316 2952 5369 Et
2992 5317 3111 5370 ideo
3167 5319 3354 5370 statuit
3398 5326 3583 5368 sancta

450 5415 473 5449 4
516 5400 640 5460 τοὺς
675 5399 734 5451 ἓν
778 5417 830 5451 τι
878 5401 983 5452 τῶν
1027 5404 1083 5455 ἑν
1111 5403 1188 5473 τῷ
1217 5404 1587 5475 θυσιαστηρίῳ
1629 5408 1787 5475 ἱερῶν
1837 5409 1932 5461 καὶ

2114 5428 2131 5460 ι
2176 5410 2439 5478 synodus,
2475 5422 2592 5471 eos,
2638 5410 2727 5477 qui
2764 5412 2934 5461 tinum
2969 5409 3183 5478 aliquod
3230 5422 3505 5460 sacrorum
3528 5414 3580 5459 et

445 5505 467 5539 4
514 5488 685 5555 ἁγίων
733 5489 941 5541 σκευῶν
970 5490 1001 5560 ἢ
1045 5493 1449 5563 ἁμφιασμάτων
1479 5499 1558 5557 είς
1588 5496 1714 5549 ίδιον
1740 5498 1930 5566 κέρδος

2110 5519 2127 5552 4
2169 5510 2478 5553 sanctorum
2529 5501 2581 5552 in
2622 5500 2777 5554 altari
2810 5516 3059 5554 vasorum
3111 5500 3191 5552 vel
3235 5498 3582 5551 vestimento-

446 5596 466 5630 4
513 5580 968 5647 ὑφαρπάζοντας,
1039 5582 1070 5652 ἢ
1127 5586 1205 5646 εἰς
1258 5586 1455 5654 χρῆσιν
1507 5590 1928 5657 ἀποχρωμένως

2108 5613 2126 5644 4
2167 5608 2285 5645 rum
2321 5592 2387 5644 ad
2422 5593 2699 5662 proprium
2732 5608 2891 5647 usum
2923 5594 3158 5661 rapiunt,
3194 5588 3274 5643 vel
3300 5588 3364 5641 ad
3397 5588 3579 5656 profa-

448 5687 468 5720 4
513 5668 744 5738 ἀνίερον,
777 5671 1027 5723 παντελεί
1067 5672 1379 5750 καθαιρέσει
1404 5676 1922 5733 καθυποὸἀλλεσθαι.

2104 5700 2123 5735 4
2164 5698 2293 5736 num
2341 5698 2499 5736 usum
2538 5692 2901 5747 convertunt,
2950 5682 3209 5736 absolutae
3254 5679 3578 5746 depositioui

448 5778 469 5813 4
512 5760 585 5814 Τὸ
635 5760 732 5830 μὲν
761 5763 869 5832 γάρ
897 5765 1010 5815 ἐστι
1056 5763 1380 5833 βεϐηλῶσαι,
1416 5768 1475 5820 τὸ
1517 5768 1571 5820 δὲ
1605 5770 1829 5838 συλῆσαι
1860 5774 1922 5825 τὰ

2104 5790 2122 5823 4
2161 5771 2379 5839 subjici.
2424 5770 2537 5827 Hoc
2577 5773 2719 5827 enim
2769 5782 2853 5827 est
2901 5772 3224 5840 profanare:
3266 5768 3398 5820 illud
3447 5784 3575 5824 Vero

447 5866 473 5929 ι
506 5850 659 5921 ἆγια.
690 5852 826 5916 Τοὺς
852 5854 1033 5921 μέντοι
1082 5854 1148 5908 τὰ
1183 5854 1378 5920 ἔξωθεν
1403 5856 1496 5910 τοῦ
1540 5857 1919 5930 θυσιαστηρίου

2106 5884 2123 5917 4
2168 5864 2449 5931 subripere
2494 5880 2669 5920 sacra.
2701 5863 2809 5920 Eos
2841 5862 3059 5932 quidem
3110 5868 3255 5916 certe
3277 5898 3291 5923 ,
3325 5859 3415 5919 qui
3449 5875 3579 5921 vasa
