3972 6488
467 381 599 446 1053

1768 375 2039 437 ΤΠΕΟΙ).
2078 376 2473 439 BALSAMON

3533 393 3645 458 1056

535 519 553 551 ι
597 498 839 567 quaedam
869 506 1016 552 extra
1048 497 1214 551 altare
1238 508 1540 569 segregata,
1569 496 1649 551 vcl
1679 506 1879 558 vestes,
1907 497 2011 551 sibi

2191 515 2210 547 ι
2267 498 2626 567 ἀφωρισμένα
2684 498 2849 567 σκεύη
2898 498 3079 570 τινὰἢ
3128 500 3306 570 ἀμφια
3356 502 3434 566 εἰς
3478 523 3649 577 χρησιν

534 612 552 643 ι
596 592 678 645 vel
712 591 835 645 aliis
865 590 1107 659 praebent
1154 598 1209 645 et
1248 582 1422 645 c‘anon
1477 598 1749 660 segregat,
1806 599 1858 644 et
1917 604 2017 643 nos

533 706 552 738 ι
593 698 945 755 segregamus
989 700 1003 736 :
1050 699 1143 738 eos
1193 694 1421 747 autem,
1479 683 1571 753 qui
1630 682 1786 752 plane
1839 684 2020 738 subri-

541 798 560 831 ι
600 779 780 847 piunt,
838 791 943 831 una
986 792 1205 847 quoque
1261 774 1647 846 sacrilegorum
1696 774 2019 829 condemna-

534 890 552 922 ι
591 872 726 925 tioni
758 870 1098 939 subjicimus.
1138 888 1158 921 ι

529 960 721 1016 llALS.
759 961 991 1028 Quidam
1043 972 1231 1017 sancta
1261 960 1650 1030 corripientes,
1694 969 1747 1015 et
1774 974 1840 1015 ea
1871 974 2019 1014 com—

458 1056 640 1109 munia
683 1054 945 1110 facientes
969 1096 982 1117 ,
1018 1064 1094 1118 nt,
1143 1054 1294 1109 verbi
1328 1056 1523 1125 gratia,
1576 1064 1781 1110 sancta:
1815 1067 2019 1109 mensa:

460 1148 833 1203 indumentum
869 1149 934 1202 ad
982 1163 1138 1213 suum
1188 1148 1446 1201 amictum
1484 1148 1912 1209 transferentes.
1966 1156 2019 1202 et

458 1241 582 1295 ideo
631 1240 959 1309 depositioni
1013 1240 1284 1307 subjecti,
1338 1241 1642 1308 apostolico
1708 1256 1916 1296 canone
1951 1243 2018 1297 7'5

460 1332 773 1395 utebantur,
808 1332 899 1400 qui
930 1330 1094 1401 350
1110 1331 1242 1385 dicit
1267 1349 1282 1386 :
1311 1329 1417 1385 Vas
1446 1346 1670 1386 aureum
1707 1334 1787 1388 vel
1828 1350 2019 1405 argen-

459 1436 603 1479 teum
633 1424 1064 1485 sanctificatum,
1092 1424 1172 1477 vel
1201 1424 1381 1478 velum
1415 1425 1641 1497 lineum,
1680 1441 1839 1480 nemo
1866 1438 2019 1495 post-

460 1517 641 1571 hacin
671 1532 829 1571 usum
882 1532 1039 1569 suum
1074 1524 1393 1579 convertat;
1431 1519 1512 1571 sin
1558 1518 1737 1571 minus
1771 1534 2020 1590 segrege-

460 1616 549 1661 tur
580 1622 594 1661 :
623 1616 677 1660 et
709 1608 907 1661 vellent
928 1609 1041 1660 sola
1075 1610 1450 1679 segregatione
1495 1612 1695 1679 puniri.
1720 1612 1855 1667 Dicit
1888 1631 2017 1683 ergo

459 1692 699 1759 ιιι-κέρως
725 1712 898 1751 canon
932 1714 1024 1752 eos
1058 1701 1429 1769 deponendos,
1480 1702 1574 1772 qui
1622 1703 1687 1756 ad
1739 1707 2015 1776 proprium

458 1792 671 1844 lucrum
712 1794 926 1858 rapiunt
955 1800 1008 1845 et
1037 1808 1324 1849 commune
1350 1794 1610 1859 efficiunt,
1656 1797 1735 1851 vel
1770 1797 1836 1851 ad
1870 1815 2018 1855 com-

460 1898 681 1936 munem
710 1893 764 1938 et
800 1884 1085 1951 profanum
1120 1901 1275 1939 usum
1305 1897 1495 1941 sancto
1525 1888 1707 1958 aliquo
1746 1904 1895 1953 vase,
1950 1907 2015 1946 ex

459 1974 529 2028 iis
549 1989 667 2042 quae
690 1975 754 2025 ad
786 1986 1033 2028 sanetum
1061 1975 1232 2028 altare
1260 1976 1553 2044 pertinent.
1581 1983 2019 2049 utuntur.Atque

457 2081 552 2119 eos
581 2065 820 2133 quidem,
860 2066 949 2135 qui
978 2082 1072 2134 per
1092 2082 1248 2120 usum
1275 2068 1559 2135 profanum
1592 2072 1902 2125 communia
1937 2072 2019 2125 fa-

458 2158 631 2219 ciunt,
661 2157 741 2209 vel
773 2157 904 2211 dant
940 2159 1063 2212 aliis
1096 2160 1294 2213 similis
1321 2175 1453 2214 usus
1478 2161 1672 2229 gratia,
1708 2178 1861 2217 sacra
1887 2180 2016 2220 vasa

420 2220 508 2302 ‘et
536 2252 728 2314 aulaea,
778 2266 900 2325 qua:
942 2263 1093 2304 extra
1126 2253 1301 2305 altare
1334 2265 1481 2314 sunt.
1534 2268 1846 2324 segregatos
1894 2274 2016 2314 csse

457 2342 747 2399 decernit:
785 2342 874 2410 qui
913 2358 1043 2396 vero
1070 2360 1129 2397 va
1177 2345 1414 2413 rapiunt.
1468 2359 1526 2399 ut
1553 2351 1846 2421 sacrilegus
1887 2368 2019 2406 con-

458 2433 729 2486 demnari.
784 2433 879 2486 His
934 2434 1009 2487 ita
1065 2450 1121 2488 se
1176 2438 1551 2501 habentibus,
1607 2442 2018 2511 interrogaverit

458 2523 752 2590 quispiam,
791 2515 978 2577 an'bic
1009 2540 1184 2579 canon
1236 2528 1440 2595 aliquid
1493 2534 1793 2587 constituat
1825 2546 2017 2602 piazter

458 2630 720 2668 canonem
742 2617 1099 2685 apostolicum
1122 2619 1145 2671 ?
1170 2618 1394 2673 Salutio.
1432 2622 1779 2690 Apostolicus
1798 2629 2013 2696 quidem

457 2720 634 2760 canon
666 2708 732 2761 de
772 2708 839 2763 iis
888 2710 1087 2772 solum,
1135 2713 1229 2780 qui
1273 2716 1581 2769 communia
1634 2716 1874 2781 faciunt,
1907 2738 2013 2775 non

455 2799 620 2850 etiam
645 2800 709 2853 de
733 2800 821 2865 iis,
848 2803 937 2869 qui
968 2812 1025 2854 ut
1054 2805 1270 2871 propria
1300 2807 1405 2861 sibi
1430 2807 1726 2875 vindicant,
1747 2814 2011 2871 decernit.

460 2886 702 2944 Praesteus
739 2902 917 2946 autem
953 2908 1127 2948 canon
1162 2898 1228 2950 de
1258 2896 1346 2960 iis,
1370 2902 1461 2968 qui
1487 2916 1549 2961 ea
1580 2904 1681 2975 sibi
1711 2890 2012 2976 vindicant,

456 2982 538 3035 vel
579 2983 847 3050 polluunt,
898 2985 981 3037 vel
1028 2987 1093 3039 ad
1152 2992 1430 3058 prOprium
1471 3010 1627 3049 usum
1664 3011 2012 3056 convertunt.

457 3071 522 3141 Et
577 3081 860 3141 propterea
900 3075 989 3129 ille
1022 3078 1240 3145 quidem
1296 3096 1391 3150 per
1433 3088 1860 3156 segregationem
1894 3099 2014 3146 tan-

2196 606 2215 638 ι
2260 589 2475 660 ἀνίερον
2510 591 2721 654 ἑαυτοῖς
2752 592 2782 661 ἦ
2815 592 3019 664 ἑτέροις
3066 596 3432 663 παρέχοντας,
3459 586 3649 666 τούτους

2194 699 2213 733 ι
2264 683 2359 735 καὶ
2405 686 2433 736 ὁ
2482 685 2660 737 κανὼν
2706 685 2977 755 ἀφορίζει,
3008 690 3102 741 καὶ
3130 689 3287 758 ἡμεῖς
3330 694 3651 765 συναφορίζοο

2204 792 2223 825 ι
2272 792 2372 843 μεν
2395 792 2408 806 ·
2435 776 2561 840 τοὺς
2586 777 2642 830 δὲ
2672 778 2949 841 παντελῶς
2993 780 3411 850 ἁφαρπάζοντας
3460 788 3521 856 τῇ
3561 788 3650 839 τῶν

2195 884 2215 915 ι
2272 867 2564 937 ἱεροσύλων
2594 860 3400 944 καταδίκῃ’καθυποὸἀ).λομεν.

2189 959 2385 1016 ΒΑΛΣ.
2418 960 2577 1023 Τινὲς
2622 962 3063 1031 καθαρπάζοντες
3108 966 3175 1019 τὰ
3206 966 3337 1033 am
3381 967 3472 1021 καὶ
3502 988 3654 1025 κοινο-

2124 1051 2405 1115 ποιοὖντες
2458 1053 2616 1118 αὐτὰ,
2665 1055 2741 1117 ὼς
2789 1056 2949 1125 τυχὸν
3001 1056 3101 1125 τὴν
3144 1057 3369 1129 ἐνδυτὴν
3399 1061 3492 1128 τῆς
3518 1063 3655 1130 hic;

2117 1145 2394 1214 τραπέζης
2429 1146 2506 1207 είς
2533 1147 2847 1215 ὲνδυμενίαν
2888 1148 3357 1219 μεταποιούμενοι.
3385 1154 3651 1208 κάντεῦθεν

2121 1236 2436 1306 καθαιρέσει
2482 1237 3036 1308 καθυποὸαλλόμενοι,
3076 1242 3153 1311 τῷ
3204 1242 3297 1311 ογ(
3339 1244 3654 1317 ἀποστολικιρ

2120 1332 2300 1385 κανόνι
2343 1331 2601 1401 ἐχρῶντο,
2649 1332 2892 1400 λέγοντι·
2922 1334 3124 1397 Σκεῦας
3168 1335 3408 1405 χρυσοῦν
3447 1338 3659 1408 ῆάργυ-

2122 1421 2248 1490 ροῦν
2271 1422 2531 1491 ἀγιασθὲν
2557 1423 2589 1493 ἢ
2619 1424 2807 1494 ὀθόνην
2835 1425 3021 1496 μηδεὶς
3044 1426 3123 1479 ἔτι
3152 1430 3230 1491 είς
3257 1428 3465 1482 οἰκείαν
3494 1434 3659 1499 χρείαν

2120 1515 2552 1585 σφετεριζέσθω·
2603 1520 2652 1571 εἰ
2693 1518 2749 1570 δὲ
2790 1518 2888 1587 μὴ,
2934 1519 3299 1591 ἀφοριζέσθω.
3350 1523 3459 1575 Καὶ
3493 1525 3658 1594 ἧθελον

2096 1607 2203 1659 ³διὰ
2238 1610 2397 1676 μόνου
2432 1608 2737 1677 ἀφορισμοῦ
2767 1609 3089 1677 κολασθῆνανι
3122 1626 3139 1643 ⁸
3170 1612 3303 1682 φησὶ
3339 1612 3465 1681 γοῦν
3487 1615 3513 1666 ό
3538 1633 3658 1685 παρ-

2116 1698 2192 1751 ὼν
2238 1699 2416 1752 κανὼν
2469 1698 2843 1768 καθαιρεῖσθαι
2871 1703 2994 1764 τοὺς
3026 1704 3101 1762 εἱς
3130 1701 3260 1755 ἴδιον
3288 1703 3475 1774 κέρδος
3503 1706 3657 1774 ὑφαρ-

2120 1790 2388 1854 πάζοντας
2434 1794 2525 1843 καὶ
2582 1791 3022 1854 κοινοποιοῦντας
3062 1794 3545 1864 ἢάποχρωμένους
3590 1800 3658 1859 εἰς

2119 1885 2305 1951 κοινὴν
2353 1885 2446 1938 καὶ
2492 1885 2707 1955 ἀνίερον
2748 1888 2941 1954 χρῆσιν
2975 1888 3129 1953 ἅγιόν
3155 1905 3208 1939 τι
3258 1888 3449 1951 σκεῦος
3475 1891 3535 1942 ὲκ
3564 1892 3659 1943 τῶν

2116 1974 2209 2027 τοῦ
2233 1976 2388 2042 ἁγίου
2422 1976 2835 2046 θυσιαστηρίου.
2870 1978 3007 2041 Τοὺς
3042 1978 3224 2047 μέντοι
3246 1982 3657 2046 καινοποιοῦντας

2116 2068 2202 2121 διὰ
2259 2071 2504 2139 χρήσεως
2562 2070 2815 2139 ἀνιέρου,
2888 2071 2920 2141 ἦ
2981 2073 3188 2141 ἑτέροις
3233 2073 3473 2137 διδόντας
3518 2077 3658 2145 χάριν

2114 2161 2305 2230 ὁμοίας
2337 2163 2603 2231 χρήσεως,
2632 2163 2699 2215 τὰ
2744 2164 2900 2226 ἐκτὸς
2930 2164 3023 2217 τοῦ
3072 2165 3316 2233 βήματος
3361 2166 3479 2236 ἱερά
3511 2168 3658 2237 σκεύη

2117 2239 2460 2313 καῖ’έπιπλα,
2490 2254 2779 2324 διορίζεται
2824 2249 2960 2307 εἶναι
2989 2256 3404 2325 ἀφωρισμένως
3424 2269 3441 2286 ο
3474 2258 3587 2319 τοὺς
3610 2258 3657 2311 δὲ

2116 2346 2540 2415 ἀφαρπάζοντας
2586 2347 2744 2411 αὐτὰ,
2772 2346 2846 2409 ὡς
2879 2346 3186 2415 ἱεροσύλους
3234 2349 3656 2416 κατακρίνεσθαι.

2118 2436 2332 2491 Τούτων
2358 2438 2530 2501 οὕτως
2553 2439 2803 2506 ἐχόντων,
2836 2437 3087 2508 ἠρώτησέ
3120 2456 3224 2504 τις,
3272 2436 3422 2509 *Δρα
3444 2440 3591 2493 πλέον
3614 2456 3657 2491 τι

2116 2533 2265 2601 παρὰ
2299 2531 2389 2584 τὸν
2435 2531 2789 2585 ἀποστολικδν
2840 2532 3039 2585 κανόνα
3088 2531 3386 2601 διορίζεται
3429 2536 3457 2585 ὁ
3503 2532 3660 2585 κανὼν

2117 2618 2309 2690 οὖτοςς
2338 2626 2550 2690 Λύσις.
2596 2626 2655 2677 ⁸0
2688 2626 2786 2693 μὲν
2814 2625 3168 2689 ἀποστολικὺς
3210 2624 3395 2678 κανὼν
3427 2627 3548 2694 περὶ
3569 2626 3659 2679 τῶν

2116 2718 2565 2771 κοινοποιούντων
2613 2716 2797 2787 μόνον,
2835 2718 2907 2788 μὴ
2937 2717 3121 2786 μέντοι
3152 2719 3248 2771 καὶ
3273 2719 3578 2786 ἱδιουμένων
3604 2719 3658 2770 τὰ

2117 2810 2258 2879 ίερά,
2289 2809 2554 2873 θεσπίζειν
2577 2811 2605 2862 ὁ
2625 2809 2679 2861 δὲ
2709 2808 2900 2880 παρὼν
2925 2809 3052 2878 περὶ
3074 2810 3183 2862 τῶν
3214 2811 3659 2880 σφετεριζομένων

2114 2902 2147 2969 ἦ
2196 2902 2671 2971 καταχραινόντων
2700 2902 2732 2971 ἢ
2777 2902 3225 2971 μεταμειόόντων
3256 2896 3505 2964 αὑτά¹είς
3534 2903 3655 2955 ίδιω-

2114 2994 2272 3064 τικὴν
2302 2995 2519 3064 χρῆσιν.
2560 2994 2667 3047 Καὶ
2693 2993 2781 3047 διὰ
2809 2994 2967 3047 τοῦτο
3014 2995 3219 3058 ἐκεῖνος
3265 2994 3367 3064 μὲν
3400 2994 3465 3048 δι’
3494 2995 3659 3063 ἀφορι-

2116 3086 2254 3156 σμοῦ
2290 3087 2452 3155 μόνου
2500 3086 2714 3150 κολάζει
2751 3088 2842 3139 τὸν
2875 3087 3252 3155 ἡμαρτηκότα,
3312 3080 3465 3148 οὗτος
3508 3085 3560 3137 δὲ
3586 3085 3658 3137 διὰ

458 3175 572 3216 tum
608 3165 763 3231 punit
790 3166 913 3219 eum
950 3170 1041 3238 qui
1078 3174 1364 3240 peccavit:
1399 3176 1487 3230 hic
1519 3194 1643 3233 vero
1674 3197 1768 3250 per
1798 3185 2014 3255 deposi-

2121 3178 2517 3248 καθαιρέσεως.
2564 3178 2724 3231 πλέον
2764 3177 2973 3231 ἐκείνου
3011 3179 3273 3232 λιπαίνων
3303 3178 3402 3249 τὴν
3441 3178 3656 3231 κόλασιν.

459 3257 680 3321 tionem,
714 3263 933 3329 gravius
967 3263 1061 3316 illo
1091 3267 1419 3334 supplicium
1458 3270 1707 3329 aﬂ‘erens.
1749 3276 2012 3343 Quoniam

455 3366 583 3420 ergo
626 3362 760 3407 ‘sunt
811 3367 1030 3425 peccata
1088 3359 1416 3425 dill‘erentia,
1454 3365 1653 3420 habent
1680 3386 1897 3441 quoque
1929 3373 2015 3427 di—

457 3458 669 3496 versam
707 3458 945 3513 pmnam.
990 3449 1101 3503 llle‘
1131 3453 1298 3517 enim,
1358 3456 1533 3523 inquit
1588 3474 1786 3524 canon,
1828 3458 2012 3519 solum

454 3544 703 3588 sanctum
743 3538 1081 3604 profanavit.
1120 3558 1226 3596 non
1265 3554 1444 3600 autem
1473 3558 1526 3603 et
1554 3551 1964 3611 trausformavit
1997 3577 2012 3615 :

459 3626 545 3679 bic
578 3643 708 3681 vero
754 3629 930 3697 ipsum
965 3633 1263 3691 sull‘iiratus
1310 3640 1513 3706 pariter
1542 3659 1607 3696 ac
1655 3661 1787 3701 usus
1821 3659 1923 3713 est,
1962 3664 2016 3707 et

460 3718 583 3772 ideo
605 3714 933 3789 deposit'ioni
967 3727 1313 3795 subjicietnr.
1345 3730 1611 3791 Praeterea
1643 3738 2012 3812 interrogave-

457 3808 531 3860 rit
586 3810 855 3878 quispiam
879 3852 894 3875 ,
931 3830 1093 3882 quam
1126 3819 1195 3872 ob
1226 3835 1445 3877 causam
1477 3826 1623 3880 circa
1658 3831 1816 3885 linem
1849 3808 2014 3889 verba

460 3900 875 3959 faciens-canon
909 3910 973 3985 de
1002 3913 1173 3965 sacris
1205 3924 1355 3967 extra
1390 3916 1578 3979 altare.
1618 3938 1735 3987 eos,
1786 3927 1877 3993 qui
1924 3929 2012 3981 illa

455 3990 673 4057 quidem
721 3998 1038 4051 communia
1102 3999 1339 4067 faciunt,
1397 4018 1689 4078 segreget:
1723 3990 1818 4067 eos
1860 4032 2011 4083 vero,

458 4084 551 4150 qui
583 4085 819 4153 rapiunt,
849 4099 903 4141 nt
940 4093 1233 4161 sacrilegos
1258 4098 1619 4163 condemnet;
1643 4119 1767 4158 cum
1792 4108 2014 4164 deberet

459 4174 641 4227 dicere
669 4192 765 4233 eos
796 4187 1281 4253 qnoque’deponi?
1331 4188 1553 4248 Salutio.
1599 4192 1743 4249 Idem
1792 4208 1877 4251 est
1922 4202 2014 4254 de-

457 4268 582 4333 poni
614 4284 737 4322 eum
773 4273 865 4340 qui
898 4275 1066 4340 rapit,
1099 4285 1153 4330 et
1184 4280 1534 4337 condemnari
1577 4297 1634 4339 ut
1668 4289 2010 4361 sacrilegum.

456 4358 766 4429 Sacrilegus
795 4364 939 4417 enim
983 4366 1201 4423 infamis
1224 4370 1453 4426 eflicitur
1483 4392 1496 4427 :
1529 4375 1805 4433 infamiam
1834 4358 2011 4437 autem

455 4456 814 4522 consequitur
844 4460 1006 4511 etiam
1036 4461 1330 4529 depositio.
1350 4464 1493 4535 Lege
1519 4478 1571 4521 et
1602 4487 1722 4540 cap.
1752 4474 1786 4527 2
1809 4476 1947 4528 tituli
1980 4478 2014 4530 2

402 4550 405 4553 ‘
456 4545 737 4608 praesentis
767 4550 979 4614 operis,
1015 4554 1158 4618 quod
1189 4592 1203 4617 ,
1255 4571 1376 4621 qua:
1420 4558 1484 4610 ad
1517 4539 1682 4614 sacra,
1704 4578 1832 4618 vasa
1865 4575 1917 4619 et
1950 4584 2010 4620 ea
2046 4539 2089 4593 θ

455 4648 575 4700 quze
600 4647 728 4689 sunt
756 4639 1004 4692 dedicata
1046 4645 1340 4707 pertinent,
1376 4648 1551 4705 fusius
1587 4651 1746 4707 docet
1776 4672 1790 4708 :
1820 4672 2012 4726 eaque,

455 4742 575 4805 qtne
641 4729 691 4781 in
749 4732 925 4795 ipsum
958 4735 1171 4788 anobis
1225 4739 1424 4808 scripta
1472 4752 1617 4797 sunt.
1674 4743 1809 4816 Lege
1836 4761 2012 4803 autem

456 4822 727 4891 przecipne
754 4838 872 4891 cap.
908 4826 964 4878 ει
1022 4829 1102 4881 tit.
1158 4831 1192 4882 2
1228 4832 1321 4884 lib.
1351 4850 1382 4885 v
1414 4833 1575 4890 Basil.
1607 4838 1765 4908 cujus
1795 4844 2011 4911 quidem

457 4911 536 4964 vis
570 4921 622 4965 et
651 4912 882 4967 «ﬂectus
932 4916 1070 4973 situs
1102 4929 1184 4974 est
1227 4936 1256 4974 a
1290 4922 1482 4979 Photio
1532 4928 1585 4982 in
1620 4932 1858 4986 secundo
1893 4950 2010 5004 cap.

456 5001 536 5054 tit.
570 5003 604 5055 2
634 5008 917 5071 praesentis
943 5012 1145 5077 operis.
1462 5006 1463 5009 ¹

432 5148 439 5157 ι
526 5096 777 5150 ZONAR.
817 5098 1144 5159 Sanctorum
1187 5108 1553 5175 apostolorum
1608 5128 1783 5170 canon
1828 5121 1894 5173 75
1934 5123 2013 5175 sic

455 5189 657 5242 habet:
700 5189 825 5255 Vas,
868 5193 1064 5261 inquit,
1097 5212 1321 5254 aureum
1377 5204 1458 5256 vel
1511 5216 1862 5275 argenteum,
1922 5223 2015 5266 aut

456 5282 631 5333 velum
671 5285 1067 5339 saltt'tilicatttttt
1095 5330 1111 5353 ,
1152 5305 1310 5344 nemo
1344 5295 1581 5362 amplius
1634 5298 1688 5350 in
1718 5314 1849 5355 suos
1879 5319 2013 5359 usus

454 5384 773 5437 convertat;
820 5386 905 5429 est
930 5378 1076 5433 enim
1129 5392 1327 5449 pneter
1359 5386 1506 5455 leges
1532 5402 1546 5439 :
1577 5388 1620 5442 si
1662 5391 1787 5451 quis
1830 5402 2013 5449 autem

455 5465 833 5532 deprehensus
878 5468 1061 5535 fuerit,
1094 5468 1095 5477 “
1123 5479 1500 5543 segregatione
1552 5482 1833 5540 multetur.
1900 5485 2012 5540 Hoc

457 5570 588 5621 ergo
619 5573 831 5613 canone
862 5563 1082 5629 quidam
1117 5565 1426 5633 abutentes,
1480 5572 1574 5641 qui
1620 5584 1825 5638 sancta,
1862 5592 2013 5646 qua:-

454 5664 672 5717 cunque
734 5651 955 5706 demum
1017 5655 1105 5709 illa
1162 5670 1366 5721 essent,
1417 5663 1483 5716 ad
1532 5665 1798 5733 privatum
1852 5684 2010 5723 suum

463 5755 623 5797 usum
678 5746 1205 5810 awommodassent,
1236 5753 1605 5821 segregatione
1629 5763 1863 5821 tantum,
1905 5776 2009 5813 non

384 5826 387 5831 ’
440 5832 795 5913 ldeposilione
826 5839 1060 5906 puuieud
1078 5858 1187 5905 um,
1241 5846 1467 5900 canonis
1496 5849 1816 5904 sententiam
1844 5867 2007 5921 prave

2118 3272 2239 3328 Ὀτι
2281 3271 2462 3323 τοίνυν
2508 3270 2613 3323 είσὶ
2660 3271 2727 3322 τὰ
2780 3271 3150 3341 ἁμαρτήματα
3198 3271 3454 3340 διάφορα.
3503 3269 3659 3338 ἔχουσι

2116 3363 2211 3416 καὶ
2243 3363 2339 3432 τὴν
2387 3362 2609 3415 κόλασιν
2655 3361 2930 3432 διάφορον.
2982 3362 3219 3425 Ἐκεῖνος
3267 3362 3403 3432 γὰρ,
3449 3360 3657 3431 φησὶνὸ

2115 3455 2316 3519 κανὼν,
2352 3454 2655 3525 ἐὸεὸήλωσε
2688 3456 2847 3523 μόνον
2883 3456 2942 3508 τὸ
2973 3455 3145 3521 ἅγιον,
3177 3454 3235 3507 οὐ
3271 3454 3384 3525 μὴν
3414 3454 3504 3507 καὶ
3528 3468 3660 3521 μετε-

2116 3549 2375 3619 ποίησεν’
2419 3543 2572 3610 οὗτος
2621 3547 2677 3600 δὲ
2708 3547 2934 3621 ἔκλεψεν
2970 3549 3062 3600 καὶ
3094 3546 3400 3617 ἡχρείωσεν
3426 3545 3567 3608 αὐτὸ,
3592 3542 3657 3596 διὸ

2115 3643 2210 3694 καὶ
2272 3640 2592 3709 καθαιρέσει
2653 3638 3220 3709 καθυποδληθήσεται.
3260 3639 3386 3692 Ἔτι
3432 3636 3655 3709 ἠρώτησέ

2113 3752 2218 3799 τις,
2266 3734 2364 3787 Διά
2398 3733 2451 3787 τί
2485 3735 2612 3804 περὶ
2648 3734 2709 3785 τὸ
2743 3732 2897 3795 τέλος
2944 3732 3034 3785 τὸν
3077 3731 3234 3800 λόγον
3291 3731 3600 3801 ποιούμενος
3631 3731 3654 3781 ό

2115 3825 2295 3881 κανὼν
2325 3826 2485 3895 χάριν
2530 3826 2638 3878 τῶν
2683 3824 2885 3891 ἔξωθεν
2911 3823 3003 3877 τοῦ
3044 3823 3288 3893 βήματος
3333 3822 3513 3892 ίερῶν,
3549 3820 3653 3881 τοὺς

2118 3918 2216 3987 μὲν
2246 3916 2681 3979 κοινοποιοὼτας
2723 3918 2861 3969 αὑτά
2904 3915 3177 3986 ἀφορίζει,
3228 3915 3356 3977 τοὺς
3398 3914 3453 3968 δὲ
3500 3916 3655 3982 ἀφαρο

2116 4010 2387 4073 πάζοντας
2428 4011 2504 4072 ὡς
2540 4010 2848 4079 ἱεροσύλους
2876 4010 3225 4079 κατακρίνεις
3251 4007 3483 4076 ὠφειλεν
3502 4006 3652 4059 εἰπεῖν

2114 4104 2210 4157 καὶ
2250 4102 2473 4166 τούτους
2516 4102 2921 4172 καθαιρεῖσθαι.
2952 4102 3163 4167 Λύσις.
3215 4102 3427 4154 Ταυτὸν
3458 4102 3565 4152 ἐστι
3603 4096 3652 4147 τὸ

2087 4193 2495 4265 ,καθαιρεῖσθαι
2519 4194 2611 4245 τὸν
2640 4193 2973 4265 ἁρπάζοντα,
3009 4193 3101 4248 καὶ
3134 4194 3195 4246 τὸ
3224 4190 3650 4256 καταδικάζεσθαι

2113 4285 2188 4349 ὡς
2237 4284 2530 4354 ἱερόσυλον.
2566 4284 2686 4337 Ὅτι
2720 4287 2811 4337 καὶ
2848 4284 2875 4335 ό
2911 4284 3187 4352 ἱερόσυλος
3236 4282 3547 4352 ἀτιμοῦται,
3595 4280 3647 4344 τῇ

2114 4378 2169 4431 δὲ
2200 4378 2391 4449 ἀτιμίᾳ.
2419 4378 2609 4431 ἕπεται
2644 4379 2738 4431 καὶ
2788 4378 3125 4449 καθαίρεσις.
3176 4377 3473 4446 ’Δνάγνωθι
3524 4374 3578 4426 τι
3612 4364 3649 4439 β’

2116 4470 2410 4536 κεφάλαιον
2453 4468 2549 4521 τοῦ
2596 4468 2847 4539 δευτέρου
2878 4468 3057 4521 τίτλου
3091 4466 3184 4520 τοῦ
3236 4468 3499 4537 παρόντος
3532 4480 3647 4525 quv-

2116 4566 2415 4630 τάγματος,
2444 4554 2629 4630 δ’περὶ
2662 4559 2821 4631 ἱερῶν
2852 4560 3061 4612 σκευῶν
3090 4560 3183 4611 καὶ
3218 4558 3563 4628 ἁναθεμάτων
3587 4552 3650 4601 δι-

2116 4634 2302 4707 δάσκει
2352 4652 2709 4721 πλατύτερον,
2770 4653 2864 4703 καὶ
2899 4652 2967 4704 τὰ
3019 4652 3076 4702 ἐν
3135 4648 3282 4719 αὑτῷ
3334 4646 3462 4719 παρ’
3512 4642 3648 4715 ἡμῶν

2115 4741 2417 4809 γραφέντα.
2462 4741 2787 4806 Ἐξαιρέτως
2809 4741 2862 4793 δὲ
2893 4739 3163 4807 ἀνάγνωθι
3188 4739 3250 4792 τὸ
3271 4746 3353 4791 καθ
3384 4736 3647 4805 κεφάλαιον

2114 4834 2210 4889 τοῦ
2251 4837 2295 4904 β’
2344 4834 2518 4886 τίτλου
2572 4833 2664 4885 τοῦ
2691 4841 2733 4885 ε’
2782 4833 2985 4903 βιϐλίου
3021 4832 3130 4885 τῶν
3172 4832 3494 4895 Βασιλικῶν,
3526 4820 3579 4880 οὗ
3618 4827 3645 4894 ἡ

2116 4927 2343 4994 δύναμις
2394 4926 2745 4995 κατεστρώθη
2802 4929 2951 4995 παρά
3001 4926 3204 4978 Φωτίου
3255 4928 3313 4977 ὲν
3347 4923 3423 4994 τῷ
3458 4920 3500 4992 β’
3538 4934 3643 4985 κεφ.

2115 5019 2205 5073 τοῦ
2242 5020 2284 5088 β’
2313 5019 2494 5071 τίτλου
2525 5018 2618 5071 τοῦ
2649 5019 2913 5087 παρόντος
2950 5019 3348 5087 συντάγματος.

2185 5107 2425 5163 ΖΩΝΑΡ.
2486 5108 2543 5159 ’0
2588 5108 2981 5177 ἑὸδομηκοστδς
3001 5102 3179 5177 τρίτος
3205 5109 3313 5161 τῶν
3334 5108 3498 5176 ἁγίων
3523 5106 3641 5157 ἁπο-

2117 5200 2317 5253 στόλων
2366 5200 2543 5253 κανών
2598 5216 2765 5270 «mcu-
2808 5200 3005 5261 Σκεῦος
3050 5200 3346 5272 χρυσοῖ)νῆ
3396 5194 3640 5270 ἀργυροῦν

2113 5291 2374 5359 ἁγιασθὲν
2413 5290 2445 5361 ἢ
2494 5290 2685 5359 ὀθόνην
2744 5292 2931 5362 μηδεὶς
2978 5292 3057 5345 ἔτι
3091 5294 3171 5354 είς
3218 5294 3424 5347 οἰκείαν
3470 5294 3639 5361 χρῆσιν

2115 5382 2536 5454 σφετεριζέσθωο
2572 5382 2888 5453 παράνομον
2915 5384 3023 5455 γάρ
3043 5401 3058 5416 ⁶
3091 5386 3137 5438 εί
3168 5385 3223 5437 δέ
3248 5403 3329 5448 τις
3362 5382 3633 5455 φωραθείη,

2114 5474 2471 5545 ὲπιτιμάσθωη
2514 5474 2822 5546 ἀῳρισμῷ.
2870 5476 3055 5546 Τούτῳ
3088 5475 3181 5530 οὖν
3229 5477 3306 5547 τῷ
3347 5479 3518 5531 κανόνι
3559 5490 3636 5525 κει

2114 5567 2379 5638 χρημένοι
2423 5567 2568 5630 τινδς
2623 5567 2805 5635 ελεγον
2836 5570 2916 5622 ὃτι
2961 5569 3051 5622 τὸν
3090 5570 3158 5622 τὰ
3203 5568 3352 5637 ἅγια,
3406 5570 3552 5621 ὁποῖα
3580 5563 3634 5613 ἂν

2114 5658 2245 5724 εἷεν,
2282 5661 2361 5722 είς
2406 5662 2611 5713 οίκείαν
2644 5661 3186 5737 μετασχηματίζοντα
3230 5665 3413 5736 χρείαν
3466 5656 3633 5726 ἀφορί-

2113 5755 2323 5822 ζεσθαι,
2365 5760 2481 5812 ἀλλ’
2525 5761 2586 5813 οὑ
2624 5761 3002 5829 καθαιρεῖσθαι
3041 5764 3235 5833 χρεὼν,
3287 5761 3633 5833 στρεδλοῡντες

2116 5850 2210 5903 καὶ
2238 5854 2647 5921 διαστρέφοντες
2694 5856 2788 5921 τὴν
2818 5857 3006 5909 τούτου
3055 5856 3305 5916 διάνοιαν.
3350 5855 3480 5917 Τοὺς
3525 5848 3633 5920 γοῦν
