3972 6488
447 293 586 411 πιέο

519 571 538 601 ι
577 565 709 602 vtre.
753 565 772 598 ι

516 640 707 696 BALS.
737 636 981 692 Przesens
1008 650 1182 690 canon
1210 633 1495 704 prmdictos
1515 645 1774 691 canones,
1802 627 1892 696 qni
1922 642 2009 679 ea-

451 745 578 789 vent
612 750 674 786 ne
715 730 1027 784 sacerdotes
1055 726 1470 794 magistratuum
1507 733 1728 774 munera
1756 721 2006 776 subeant,

443 797 796 884 eonlirt’uaus,
835 821 1043 887 adjicit.
1080 829 1136 872 ut
1181 833 1285 870 non
1329 817 1503 870 solum
1539 813 1630 880 qui
1665 821 1792 864 sunt
1826 807 2002 862 sancti

443 916 754 975 tribunalis,
777 913 869 966 sed
907 912 1070 963 etiam
1109 907 1293 961 clerici
1341 905 1431 971 qui
1473 912 1622 956 extra
1655 910 1800 962 sunt,
1830 900 1872 950 si
1904 900 2011 950 tale

443 1010 571 1078 quid
617 1009 835 1066 faciant,
870 1021 898 1058 e
941 1005 1088 1056 clero
1125 1000 1490 1068 expcllantur.
1524 995 1792 1061 Quoniam
1827 1002 2008 1045 autem

445 1104 496 1156 in
569 1115 773 1156 canone
828 1098 1121 1166 apostolico
1150 1095 1180 1146 6
1214 1087 1344 1146 etin
1377 1090 1437 1143 81
1494 1099 1545 1141 et
1601 1089 1651 1139 in
1687 1086 1805 1139 aliis
1843 1098 2008 1137 cano-

446 1196 626 1255 nibus,
672 1191 803 1260 quin
837 1190 1075 1243 etiamin
1105 1202 1223 1254 cap.
1257 1185 1323 1236 15
1348 1187 1434 1235 tit.
1461 1180 1492 1235 8
1525 1180 1804 1248 praesentis
1831 1175 2012 1240 operis

444 1287 579 1338 satis
610 1288 674 1338 de
710 1299 774 1337 eo
803 1282 1149 1350 scripsimus,
1203 1279 1317 1345 lege
1355 1290 1418 1328 ea
1447 1315 1462 1336 ,
1511 1282 1567 1326 et
1627 1268 1898 1326 sufﬁcient
1947 1267 2012 1319 ad

444 1381 964 1450 interpretationem.

517 1640 766 1696 ZONAR.
807 1639 1008 1709 Magnae
1051 1637 1455 1692 venerabilibns
1498 1634 1760 1706 apostolis
1801 1650 1864 1689 ac
1917 1649 2010 1704 sy-

1670 331 1946 392 THEOD.
1994 316 2391 390 bALSAMON

521 479 542 509 ι
577 469 750 524 eaque
795 453 954 519 longe
999 448 1278 504 verissima
1309 485 1323 510 ,
1356 445 1568 501 duobus
1607 442 1845 500 dominis
1883 456 2000 495 scr-
2031 449 2080 497 Α

3512 330 3627 391 ldiiil

2181 459 2199 490 ι
2239 441 2373 493 Θεοῦ
2422 441 2579 510 ήμῶν
2632 439 2886 516 ἀληθινοῦ
2945 439 3262 492 αὒτόλεκτον
3312 441 3403 493 καὶ
3441 440 3640 508 ἀψευδε-

2188 552 2205 584 ι
2248 535 2447 604 στάτην
2477 531 2677 602 φωνὴν,
2703 533 2822 584 δυσὶ
2857 531 3065 601 κυρίοις
3093 531 3385 596 δουλεύειν.
3423 547 3443 582 ι

2187 624 2379 678 ΒΛΛΣ.
2448 622 2758 692 ἶΟ’παρὼν
2819 621 3032 681 κανὼν,
3102 621 3477 690 ἐπικρατύνων
3538 625 3651 686 ’τοὺς

2114 715 2642 786 προεκφωνήθέντας
2688 715 2918 776 κανόνας
2963 713 3124 782 χάριν
3175 715 3266 766 τοῦ
3299 715 3376 782 μὴ
3433 717 3654 784 ἐνεργεῖν

2113 809 2237 870 τοὺς
2297 807 2623 876 ἱερωμένους
2673 810 2963 873 κοσμικαῖς
3010 806 3294 867 δουλείαις,
3352 807 3656 876 προστίθησι

2115 896 2190 964 μὴ
2231 894 2391 963 μόνον
2425 897 2547 957 τοὺς
2576 895 2727 957 ἐντὸς
2759 895 2851 946 τοῦ
2889 896 3044 960 ἁγίου
3086 896 3352 965 βήματος,
3414 895 3544 949 ἀλλά
3575 903 3656 951 καὶ

2111 989 2236 1049 τοὺς
2282 989 2436 1050 ἐκτός
2486 988 2652 1040 αὑτοῦ
2700 987 2996 1056 κληρικοὺς
3039 987 3278 1040 τοιοῦτόν
3310 1005 3362 1040 τι
3394 987 3657 1051 ποιοῦντας

2113 1084 2175 1134 ἐκ
2205 1082 2297 1134 τοῦ
2332 1081 2531 1152 κλήρου
2553 1080 2862 1133 διώκεσθαι.
2902 1080 3057 1132 Ἐπεὶ
3076 1079 3131 1130 δὲ
3155 1082 3211 1130 ὲν
3240 1078 3316 1146 τῷ
3344 1083 3400 1142 ς’
3443 1080 3658 1129 ἀποστο-

2111 1175 2248 1244 λικῷ
2279 1175 2465 1226 κανόνι
2497 1174 2590 1227 καὶ
2625 1175 2681 1224 ἑν
2713 1173 2791 1244 τῷ
2847 1179 2935 1225 πα⁹
2971 1173 3064 1224 xal.
3113 1173 3170 1223 ὲν
3196 1172 3404 1240 ἑτέροις
3437 1170 3661 1226 κανόσιν.

2112 1266 2245 1318 ἀλλὰ
2280 1267 2384 1335 μὴν
2419 1267 2511 1318 καὶ
2560 1268 2616 1318 ὲν
2649 1264 2723 1334 τῷ
2762 1263 2828 1333 ιγ’
2880 1283 3006 1331 κεφ.
3067 1265 3159 1319 τοῦ
3232 1273 3280 1335 η’
3359 1264 3538 1319 τίτλον
3580 1267 3661 1318 τοῦ

2113 1358 2379 1426 παρόντος
2417 1359 2797 1426 συντάγματος
2846 1359 3045 1418 ἱκανῶς
3099 1358 3225 1425 περὶ
3269 1356 3462 1407 τούτου
3517 1357 3663 1424 ἐγρά-

2111 1448 2318 1516 ψαμεν,
2355 1448 2631 1513 ἀνάγνωθι
2667 1447 2862 1505 ταῦτα.
2895 1439 2988 1500 καὶ
3037 1451 3364 1511 ἀρκέσουσιν
3397 1447 3474 1508 εἰς
3507 1447 3666 1516 ἑρμη-

2114 1539 2281 1592 νείαν.

2185 1628 2428 1682 ΖΩΝΑΡ.
2483 1629 2689 1700 Πολλὴν
2739 1631 2921 1684 ἔθεντο
2977 1630 3211 1701 σπουδήν
3254 1635 3348 1682 καὶ
3399 1632 3447 1681 οἱ
3495 1635 3664 1682 σεπτοὶ

448 1737 656 1789 nodicis
686 1734 937 1786 Patribus
973 1747 1118 1804 cura;
1156 1733 1274 1792 fuit,
1310 1740 1366 1781 nt
1397 1731 1569 1783 sacris
1595 1728 1791 1782 initiati
1832 1745 1859 1782 a
1890 1744 2013 1798 pro-

2115 1722 2399 1775 ἀπόστολοι
2431 1724 2523 1774 καὶ
2576 1725 2626 1774 οἱ
2677 1724 2786 1775 τῶν
2817 1723 3047 1776 συνόδων
3081 1724 3322 1796 Πατέρες
3364 1724 3489 1784 τοὺς
3523 1724 3664 1789 ἱερω-

449 1827 587 1879 fanis
615 1824 1040 1894 magistratibus,
1068 1831 1227 1890 atque
1259 1820 1324 1872 ab
1348 1821 1490 1874 omni
1533 1819 1870 1887 negotiorum
1902 1831 2012 1872 tra-

2117 1813 2308 1883 μένους
2365 1814 2638 1881 κοσμικὰς
2693 1815 2937 1884 ἀρχάςῆ
2993 1814 3288 1884 διοικήσεις
3340 1815 3664 1880 πραγμάτων

447 1922 702 1980 elatione,
740 1919 951 1981 penitus
981 1915 1358 1975 abstinerent,
1399 1912 1660 1977 multique
1691 1912 1789 1964 hac
1839 1912 1904 1963 de
1956 1927 2012 1965 re

446 2026 686 2064 canones
721 2010 851 2063 editi
891 2017 1050 2066 sunt;
1101 2021 1237 2074 quos
1270 2005 1486 2072 quidem
1524 2005 1624 2056 hoc
1675 2004 1792 2056 loco
1824 2005 2013 2058 Patres

446 2103 607 2171 hujus
651 2101 878 2154 canonis
915 2102 1134 2155 decreto
1169 2098 1514 2158 conﬁrmant,
1561 2113 1623 2152 ac
1683 2098 1882 2167 aliquid
1925 2099 2002 2150 in-

445 2211 609 2263 soper
643 2195 708 2247 ad
757 2210 820 2248 ea
844 2235 858 2256 ,
905 2210 1024 2262 qua:
1073 2193 1140 2244 ab
1177 2192 1280 2244 illis
1311 2200 1467 2242 antea
1502 2190 1720 2242 detinita
1755 2190 2008 2254 fuerant,

446 2290 762 2356 adjtmgunt.
792 2286 1066 2355 Siquidem
1121 2285 1196 2336 illi
1246 2298 1483 2336 canones
1515 2285 1586 2336 de
1637 2284 2010 2338 Sacerdotibus

443 2392 496 2433 et
528 2379 770 2432 dial-onis
806 2378 1234 2444 promulgavere,
1289 2390 1521 2443 quarunt
1578 2377 1793 2430 decreto
1843 2377 2011 2439 magi-

445 2483 652 2524 stratus
688 2480 740 2522 et
767 2470 990 2537 profana
1051 2471 1262 2536 negotia
1318 2466 1593 2531 suscipere
1644 2477 1955 2520 veterentnr
1993 2486 2006 2522 :

449 2563 498 2614 bi
532 2577 658 2614 vero
687 2559 814 2613 nulli
853 2559 1076 2612 omnino
1112 2559 1310 2610 clerico
1345 2557 1598 2624 profanos
1639 2558 2007 2626 magistratus,

448 2661 537 2704 aut
569 2668 688 2719 qua:
723 2651 774 2703 in
813 2650 1227 2716 magistratuum
1263 2647 1516 2700 domibus
1546 2656 1636 2698 aut
1667 2647 1809 2716 agris
1851 2665 2008 2702 cura-

448 2745 623 2796 tiones
671 2743 1105 2810 appellaltautnr.
1161 2739 1490 2808 suscipiendi
1545 2739 1854 2794 facultatem
1889 2756 2009 2795 esse

446 2835 769 2888 dei-eruunt.
799 2833 899 2897 Qui
939 2845 1065 2884 vero
1096 2830 1289 2883 canoni
1327 2845 1435 2881 non
1473 2831 1965 2898 obtemperaveriut
1991 2869 2008 2895 ,

445 2941 542 2980 eos
571 2927 715 2978 clero
745 2926 945 2978 moveri
981 2924 1193 2992 jubent.
1236 2909 1404 2974 Nemo
1443 2922 1640 2974 etenim
1671 2930 1888 2989 potest,
1922 2922 2008 2974 in-

448 3018 663 3084 quiunt,
719 3015 930 3068 duobus
986 3014 1220 3066 dominis
1268 3003 1493 3075 servire,
1553 3012 2006 3080 quemadmodum

451 3109 621 3175 ipsius
657 3105 866 3159 Domini
904 3119 1034 3157 voce
1067 3111 1317 3156 testatum
1355 3109 1458 3154 est.

446 3197 676 3252 ARIST.
707 3214 723 3246 ι
766 3197 823 3249 Si
868 3196 990 3265 quis
1023 3211 1235 3257 eormn,
1298 3195 1388 3262 qui
1420 3194 1470 3244 in
1517 3192 1717 3246 clerum
1761 3205 2020 3263 cooptan.

528 3308 546 3340 ι
587 3302 692 3353 tur,
717 3288 1001 3342 szecnlares
1033 3289 1382 3356 magistratus
1403 3286 1700 3352 susceperit
1723 3288 1800 3339 vel
1823 3303 1943 3356 qua:
1965 3289 2017 3343 in

521 3402 538 3432 ι
584 3383 789 3436 adibus
828 3390 920 3433 aut
949 3380 1224 3434 subnrbiis
1254 3378 1384 3431 ﬁunt
1406 3381 1736 3440 curationes,
1756 3379 1904 3434 clero
1929 3397 2021 3434 ex-

523 3493 543 3527 ε
587 3475 835 3542 pellatur.
873 3471 1042 3527 Nemo
1073 3471 1215 3524 enim
1244 3469 1354 3523 Deo
1375 3476 1424 3522 et
1464 3483 1787 3522 mammona:
1816 3473 2020 3526 servire

508 3575 547 3616 ἰ
588 3575 788 3635 potest.
830 3582 845 3614 ι

1033 3671 1259 3726 (ΣΑΝΟΝ
1317 3670 1432 3726 Xll.

458 3787 478 3822 ι
518 3770 649 3823 Cum
685 3775 874 3822 sancta
909 3776 962 3820 et
996 3765 1325 3835 universalis
1356 3776 1509 3818 sexta
1569 3765 1832 3834 synodus.
1860 3765 2020 3819 cleri-

535 3879 553 3912 ‹
597 3843 713 3922 cos,
751 3857 842 3927 qui
878 3858 930 3910 in
963 3856 1241 3919 oratoriis,
1270 3871 1389 3922 qum
1428 3863 1557 3909 sunt
1591 3856 1733 3908 intra
1773 3857 2014 3920 dontnm,

529 3971 551 4005 ι
593 3960 785 4020 praeter
814 3949 1054 4020 episcopi
1105 3949 1443 4002 voluntatem
1493 3949 1769 4003 celebrant
1799 3950 1884 4002 vel
1933 3949 2021 4002 ba-

535 4063 554 4095 ι
592 4043 818 4114 ptizant,
841 4041 1161 4111 depositioni
1185 4041 1472 4110 subjiciat;
1503 4057 1603 4096 nos
1634 4056 1850 4111 quoque
1878 4041 2017 4096 idem

533 4155 550 4188 ι
591 4135 966 4208 decernimus.
1009 4132 1142 4186 Cum
1175 4133 1316 4186 enim
1356 4143 1544 4185 sancta
1578 4131 1818 4188 Ecclesia
1875 4140 2020 4188 recte

533 4247 552 4279 ι
594 4227 903 4295 dispertiat,
975 4241 1272 4294 veramque
1327 4227 1595 4280 rationem
1641 4226 1914 4290 defendat,
1966 4234 2020 4278 et

535 4340 554 4372 ι
593 4320 952 4374 venerabilem
995 4333 1058 4370 ac
1109 4317 1392 4371 honestam
1449 4319 1603 4372 bona:
1659 4317 2020 4373 institutionis

534 4433 552 4464 ι
594 4413 822 4467 formam
862 4412 1056 4465 doceat
1080 4421 1133 4464 ct
1167 4421 1478 4475 conservet,
1517 4411 1908 4465 inconcinnum
1935 4419 2018 4466 est

535 4523 553 4556 ι
596 4513 648 4558 et
687 4503 958 4571 ineptum,
1000 4510 1060 4554 ut
1095 4503 1182 4569 qui
1215 4502 1267 4554 in
1302 4502 1594 4570 petulantia
1635 4511 1688 4556 et
1728 4501 2016 4555 insolentia

535 4619 552 4647 ι
596 4612 658 4651 ac
716 4597 770 4648 in
821 4593 1185 4648 inobedientia
1240 4594 1402 4648 vitam
1459 4603 1646 4662 agunt,
1677 4595 1866 4648 domos
1897 4593 2023 4648 sub.

532 4706 550 4739 ι
595 4699 801 4749 euntes,
862 4686 1062 4740 bonum
1133 4684 1251 4752 ejus
1299 4684 1550 4740 ordinem
1603 4685 1927 4747 convellant,
1969 4693 2021 4738 et

531 4800 549 4831 ι
587 4780 754 4833 multa
787 4778 1192 4846 perturbatione
1231 4785 1284 4830 et
1314 4777 1706 4832 offensionibus
1735 4778 2013 4847 impleant.

533 4892 550 4922 ι
594 4870 660 4922 Et
695 4869 816 4922 ideo
849 4882 1003 4921 sacra
1052 4881 1194 4919 nunc
1229 4874 1281 4918 et
1311 4866 1572 4919 divinitus
1621 4875 1810 4919 coacta
1857 4878 2020 4934 syno-

449 5031 451 5034 ι
534 4983 552 5014 ι
594 4963 718 5020 dus.
751 4959 1040 5013 universali
1067 4968 1235 5011 sextae
1266 4957 1472 5027 synodo
1496 4957 1866 5019 consentiens,
1895 4969 2020 5018 eos,

533 5073 552 5106 ι
595 5057 687 5124 qui
729 5055 784 5108 in
819 5049 1076 5104 oratoriis
1103 5093 1117 5114 ,
1155 5065 1274 5118 qua:
1310 5058 1436 5103 sunt
1469 5050 1610 5102 intra
1643 5049 1854 5110 domos,
1884 5049 2024 5102 cele-

535 5168 554 5196 ε
591 5151 770 5209 braut,
806 5147 950 5200 clero
994 5152 1206 5198 amotos
1253 5159 1374 5198 esse
1413 5142 1643 5208 statuit;
1682 5157 1710 5194 a
1765 5141 1908 5194 clero
1939 5141 2022 5193 vi-

536 5259 555 5290 ι
597 5239 794 5292 delicet
823 5238 1099 5289 amotione
1127 5237 1208 5289 eis
1237 5234 1304 5287 ab
1336 5235 1458 5302 ejus
1494 5233 1595 5288 loci
1633 5231 1870 5301 episcopi
1905 5230 2023 5284 edi-

536 5351 554 5382 ι
599 5340 708 5386 cla.
749 5329 806 5383 Si
843 5330 935 5399 qui
987 5339 1161 5381 autem
1206 5335 1399 5393 praster
1438 5341 1551 5386 eos,
1615 5339 1723 5377 non
1775 5339 2025 5379 consen-

537 5441 556 5474 ι
604 5426 772 5476 tiente
811 5422 1065 5491 episcopo
1092 5463 1105 5482 ,
1331 5418 1606 5472 ill‘dUlllOS
1637 5417 1903 5470 irruentes
1938 5430 2026 5469 ce-

535 5535 554 5563 ι
597 5510 909 5566 lebrationis
965 5510 1325 5566 ministerium
1382 5509 1647 5576 attingere
1689 5506 1955 5568 audeant;
1990 5505 2024 5558 ii

533 5619 551 5651 ι
593 5601 812 5669 quidem
848 5602 1188 5672 deponantur
1220 5617 1237 5654 :
1264 5587 1355 5670 qui
1395 5614 1524 5654 vero
1552 5613 1741 5653 eorum
1781 5610 2026 5650 commu-

534 5711 554 5743 ι
595 5695 772 5747 nionis
800 5705 925 5749 sunt
978 5696 1286 5765 participes,
1313 5688 1678 5762 segregationi
1732 5685 1996 5756 subjician

540 5803 558 5834 (
607 5796 708 5836 llll’.
749 5801 768 5835 ι

2117 1903 2192 1972 μὴ
2225 1904 2599 1973 ἀναδέχεσθαι.
2628 1906 2732 1958 Καὶ
2765 1906 3010 1974 διάφοροι
3055 1907 3276 1967 κανόνες
3316 1907 3449 1974 περὶ
3494 1905 3664 1956 τούτου

2105 1995 2553 2075 ίὲξεφωνήθησαν,
2586 1996 2679 2059 οὓς
2703 1998 2753 2048 οἱ
2786 1999 3026 2067 Πατέρες
3065 1994 3208 2050 οὗτοι
3232 1998 3319 2049 διὰ
3349 1997 3443 2048 τοῦ
3478 1999 3663 2064 παρόν-

2111 2107 2201 2152 τος
2263 2094 2486 2153 κανόνος
2543 2093 2990 2162 ἐπικρατύνονσι,
3052 2092 3444 2160 προστιθέντες
3489 2091 3578 2143 καί
3618 2109 3664 2142 τι

2113 2184 2276 2236 πλέον
2313 2184 2464 2252 παρὰ
2495 2184 2562 2235 τὰ
2613 2185 2840 2245 ἐκείνοις
2891 2185 3243 2251 διωρισμένα,
3307 2185 3373 2235 Οἱ
3427 2183 3522 2251 μὲν
3571 2183 3664 2250 γὰρ

2113 2275 2240 2341 περὶ
2286 2272 2474 2343 ἱερέων
2522 2273 2618 2325 καὶ
2653 2273 2916 2326 διακόνων
2963 2273 3091 2334 τοὺς
3147 2272 3384 2332 κανόνας
3419 2273 3663 2338 ἐξέθεντο,

2111 2371 2417 2432 κωλύοντας
2446 2371 2639 2433 αὐτοὺς
2661 2371 2832 2442 ἀρχὰς
2860 2370 2954 2422 καὶ
2983 2371 3268 2439 φροντίδας
3322 2370 3662 2438 ἀναδέχεσθαι

2113 2464 2405 2532 κοσμικὰς·
2438 2457 2582 2515 οῦτοι
2617 2463 2672 2516 δὲ
2720 2470 2896 2515 πάντα
2922 2464 3181 2532 κληρικδν
3228 2464 3556 2534 διορίζονται
3597 2465 3663 2534 μὴ

2115 2554 2596 2626 μεταχειρίζεσθαι
2625 2555 2895 2622 κοσμικὰς
2941 2554 3206 2624 ἀρχάς,ἢ
3249 2555 3352 2616 τὰς
3408 2557 3465 2606 ἐν
3516 2554 3664 2614 οἴκοις

2111 2649 2450 2716 ἀρχοντικοῑς
2501 2647 2593 2698 καὶ
2649 2647 2835 2714 ἀγροῖς
2862 2646 3203 2714 καλουμένας
3249 2649 3662 2717 κουρατωρείας.

2113 2741 2250 2801 Τοὺς
2277 2739 2331 2790 δὲ
2375 2740 2464 2790 τὸν
2501 2739 2698 2791 κανόνα
2734 2738 3170 2808 παραϐαίνοντας
3200 2739 3561 2792 ἐκδιώκεσθαι
3584 2739 3663 2791 τοῦ

2113 2832 2315 2901 κλήρου
2351 2821 2681 2882 κελεύουσιν.
2725 2829 2912 2892 Οὐδεὶς
2941 2831 3048 2896 γὰρ
3076 2829 3319 2895 δύναται,
3386 2833 3536 2898 φασὶ,
3563 2831 3666 2884 δυσὶ

2112 2921 2320 2993 κυρίοις
2343 2922 2632 2984 δουλεύειν,
2667 2921 2805 2973 κατά
2829 2920 2924 2990 τήν
2951 2921 3079 2991 παρ’
3100 2921 3263 2974 αὑτοῦ
3283 2921 3565 2992 λεχθεῖσαν
3585 2921 3663 2974 τοῦ

2112 3013 2315 3084 Κυρίου
2351 3016 2557 3083 φωνήν.

2120 3194 2340 3248 ΛΡῖΣΤ.
2399 3214 2417 3246 ι
2457 3196 2524 3248 Εἴ
2555 3215 2636 3260 τις
2663 3187 2769 3250 τῶἶ
2798 3201 2855 3251 ἐν
2882 3199 3069 3271 κλήρῳ
3103 3200 3541 3271 κατειλεγμένων
3586 3222 3666 3257 κο-

2199 3305 2217 3338 ι
2258 3289 2456 3356 σμικάς
2521 3289 2694 3359 ἀρχὰς
2761 3293 3211 3364 μεταχειρίζοιτο,
3269 3298 3299 3364 ἢ
3350 3299 3448 3359 τὰς
3478 3298 3666 3359 ἐν’τοϊς

2198 3397 2216 3430 ι
2255 3381 2423 3442 οἴκοις
2472 3381 2504 3450 ἢ
2553 3384 2897 3451 προαστείοις
2951 3390 3383 3458 κουρατωρείας,
3437 3393 3666 3442 ἐκδιωκέ-

2194 3490 2212 3521 ι
2254 3473 2364 3525 σθω
2396 3474 2489 3526 τοῦ
2527 3475 2730 3542 κλήρου
2754 3491 2768 3505 ·
2789 3478 2849 3528 οὖ
2883 3479 2992 3548 γὰρ
3013 3481 3236 3533 δύναται
3265 3484 3387 3548 Θεῷ
3420 3483 3666 3536 δουλεύειν

2193 3583 2210 3615 ι
2252 3567 2345 3616 καὶ
2373 3569 2684 3642 μαμμωνᾷε
2719 3589 2737 3619 ι

2723 3662 2960 3715 ΚΛΝΩΝ
2987 3663 3086 3717 IB'.

2126 3767 2144 3799 ι
2187 3751 2297 3817 Τῆς
2324 3751 2487 3818 ἁγίας
2519 3753 2611 3805 καὶ
2637 3754 3024 3825 οἱκουμενικῆς
3070 3758 3241 3828 ἕκτης
3289 3765 3515 3816 συνόδου
3560 3763 3667 3823 τοὺς

2195 3862 2214 3894 ι
2257 3845 2313 3896 ὲν
2343 3846 2455 3907 τοῖς
2506 3845 2814 3914 εύκτηρίοις
2865 3847 3053 3910 οἴκοις,
3112 3848 3260 3901 ἔνδον
3321 3855 3505 3915 οἰκίας
3545 3849 3664 3908 οὖσι.

2193 3955 2210 3984 ι
2251 3935 2701 4004 λειτουργοῦντας
2733 3935 2763 4005 ἢ
2799 3936 3161 4005 βαπτίζοντας
3210 3942 3507 4012 κληρικοῦς
3538 3946 3667 4014 παρὰ

2191 4045 2210 4076 ι
2249 4026 2473 4097 γνώμην
2513 4027 2605 4079 τοῦ
2636 4027 2937 4082 ἐπισκόπου
2982 4029 3299 4100 καθαιρέσει
3336 4037 3668 4090 καθυποσαλ·

2195 4138 2212 4170 ι
2258 4118 2474 4189 λούσης,
2508 4119 2601 4170 καὶ
2640 4120 2800 4187 ἡμεῖς
2826 4120 3000 4189 τούτῳ
3055 4123 3537 4194 συμψηιριζόμεθα.
3572 4125 3666 4193 Τῆς

2193 4229 2212 4274 ι
2252 4213 2359 4280 γὰρ
2383 4209 2545 4278 ἁγίας
2590 4211 2912 4282 Ἐκκλησίας
2941 4213 3395 4288 κόρθοτομούσης,
3454 4221 3544 4272 καὶ
3590 4219 3668 4270 τὸν

2195 4320 2213 4352 ι
2257 4302 2430 4370 ἀληθῆ
2472 4301 2884 4371 πρεσϐευούσης
2923 4304 3102 4371 λόγον,
3133 4307 3224 4359 καὶ
3255 4309 3316 4358 τὸ
3349 4310 3545 4378 σεμνὸν
3583 4309 3664 4377 τῆς

2201 4413 2216 4446 ι
2257 4394 2532 4454 πολιτείας
2581 4396 2950 4464 συντηρούσης
3008 4414 3066 4448 τε
3111 4401 3203 4450 καὶ
3249 4399 3662 4471 ὲνδιδασκούσης,

2155 4492 2157 4495 ’
2197 4503 2215 4536 ι
2255 4484 2466 4552 ἀπηχὲς
2503 4487 2598 4536 καὶ
2620 4485 2835 4539 ἀνόσιον
2876 4494 3225 4557 παραχωρεῖν
3256 4492 3386 4554 τοὺς
3425 4492 3666 4545 ἀπαιδευ-

2137 4634 2146 4639 _
2195 4593 2212 4624 ι
2258 4574 2346 4646 σίᾳ
2380 4577 2473 4628 καὶ
2511 4577 2744 4647 ἀναρχίᾳ
2776 4578 3076 4643 συζῶντας,
3111 4583 3188 4644 είς
3219 4582 3316 4644 τὰς
3346 4584 3523 4646 οἰκίας
3549 4585 3666 4634 ὑπο·

2197 4685 2214 4718 ι
2253 4667 2570 4736 δυομένους,
2605 4668 2703 4737 τὴν
2736 4667 2939 4738 ταύτης
2974 4670 3228 4735 εὐταξίαν
3288 4672 3544 4745 διτασπᾷν,
3586 4673 3665 4724 καὶ

2199 4777 2218 4808 ι
2255 4757 2454 4828 πολλῆς
2488 4758 2734 4827 ταραχῆς
2803 4761 2899 4811 καὶ
2944 4762 3255 4816 σκανδάλων
3309 4763 3663 4834 ἀποπληροῦν.

2201 4867 2218 4899 ι
2255 4850 2508 4918 Διόπερή
2549 4848 2642 4900 νῦν
2693 4849 2955 4924 ιερᾶτκαὶ
2991 4851 3416 4923 θεοσυνὲργητος
3445 4855 3661 4914 σύνοδος,

2200 4957 2218 4988 ι
2259 4940 2323 5007 τῇ
2363 4938 2714 5006 οἱκουμενικῇ
2740 4937 2874 5007 ἕκτῃ
2910 4941 3110 5009 συνόδῳ
3132 4944 3519 5016 συμφωνοῦσα,
3543 4933 3661 4995 ἀπο-

2203 5049 2221 5081 ι
2262 5028 2718 5098 κεκληρωμένους
2778 5025 2918 5082 εἶναι
2969 5033 3096 5094 τοὺς
3137 5035 3193 5084 ὲν
3227 5037 3336 5096 τοῖς
3376 5036 3664 5103 εὐκτήρίοις

2202 5141 2219 5172 ι
2259 5121 2428 5182 οἴκοις
2465 5121 2616 5172 ἔνδον
2647 5120 2824 5190 οἰκίας
2855 5118 2971 5174 οὖσι
3026 5123 3470 5193 λειτουργοῦντας
3498 5125 3662 5192 διωρίο

2201 5235 2225 5264 ε·
2261 5229 2413 5275 σατο,
2469 5211 2568 5279 τῆς
2607 5212 3048 5281 ἀποκληρώσεως
3095 5214 3337 5285 δηλονότι
3393 5216 3536 5286 παρὰ
3584 5213 3662 5266 τοῦ

2201 5325 2219 5357 ι
2263 5305 2407 5357 κατά
2447 5303 2539 5356 τὸν
2565 5305 2734 5355 τόπον
2771 5306 3072 5358 ἐπισκόπου
3108 5309 3288 5370 αὐτοῖς
3332 5307 3661 5377 ὲπινεμηθεξ-

2205 5418 2222 5449 ι
2265 5414 2384 5467 σης.
2431 5397 2591 5449 Είιδέ
2626 5413 2771 5460 τινες
2800 5398 2950 5468 παρὰ
2988 5401 3229 5463 τούτους,
3261 5401 3355 5452 τοῦ
3389 5400 3660 5452 ἐπισκόπου

2203 5509 2220 5540 ι
2263 5489 2338 5558 μὴ
2385 5487 2752 5552 εὐδοκοῦντος,
2789 5490 2870 5552 είς
2932 5490 3028 5552 τὰς
3079 5495 3254 5553 οἰκίας
3313 5490 3662 5549 εἰσπίπτοντες

2206 5601 2223 5633 ι
2267 5581 2538 5634 ἅπτεσθαι
2565 5583 2665 5652 τῆς
2688 5584 3036 5656 λειτουργίας
3067 5584 3438 5652 ἀποτολμῶσι,
3461 5581 3662 5639 τούτους

2205 5696 2222 5728 ι
2268 5677 2365 5745 μὲν
2389 5676 2810 5747 κ-θαιρεῖσθαιο
2838 5681 2964 5742 τοὺς
2991 5680 3049 5732 δὲ
3112 5679 3213 5748 τῆς
3263 5679 3444 5732 αὐτῶν
3493 5691 3660 5728 κοινωο

2207 5790 2226 5821 ι
2265 5770 2381 5832 νίας
2413 5771 2782 5840 μετασχόντας
2824 5769 2901 5838 τῷ
2951 5773 3239 5843 ἀφορισμῷ
3287 5766 3663 5828 καθυποόάλλε-

2210 5883 2229 5914 ι
2271 5863 2411 5917 σθαι.
2449 5882 2467 5914 ι
