3972 6488
360 350 485 417 1031

1966 150 1983 181 \

1567 356 1854 415 IN'CAN.
1888 354 2033 412 XIII
2083 353 2290 413 (IONC.
2334 353 2440 412 ΟΡ.

3421 313 3584 413 ioca.
3627 350 3639 356 ‘

427 467 626 523 ΒΔΛΣ.
657 468 773 522 Καὶ⁵
819 470 856 521 ὁ
916 469 1105 539 παρὼν
1154 471 1355 531 κανὼν,
1410 469 1918 539 παρακελευόμενος

2092 468 2283 523 BALS.
2305 467 2553 521 Prmsens
2574 480 2790 535 quoque
2820 479 3019 527 canon,
3058 464 3149 531 qui
3180 462 3337 535 jubet
3363 462 3583 532 deponi.

355 558 738 628 καθαιρεῖσθαι
764 559 892 622 τοὺς
919 559 1372 631 λειτουργοῦντας
1402 562 1433 632 ἢ
1467 562 1917 631 βαπτίζονταςείς

354 650 619 720 εὖκτήρια
650 652 799 720 παρά
827 649 1054 721 γνώμην
1082 653 1177 705 τοῦ
1210 654 1535 717 ἐπισκόπου,
1562 701 1567 705 .
1592 652 1916 723 ἡρμηνεύθη

356 740 413 791 ἐν
445 739 523 808 τῷ
538 741 618 793 λα’
650 740 833 795 κανόνι
861 740 959 809 τῆς
994 744 1051 795 ἐν
1075 743 1150 812 τῷ
1179 744 1433 814 Τρούλλῳ
1464 730 1705 808 συνόδου,
1732 744 1822 795 καὶ
1860 744 1917 794 ὲν

355 830 431 896 τῷ
461 831 808 900 ἀποστολικῷ
863 829 946 897 λα’
997 834 1215 885 κανόνι·
1257 836 1350 887 καὶ
1419 833 1693 900 ἀνάγνωθι
1744 832 1813 885 τὰ
1861 834 1919 884 ἐν

357 921 585 981 ἐκείνοις
621 921 919 989 γραφέντα.

426 1012 667 1064 ΖΩΝΑΡ.
714 1015 770 1065 '0
794 1015 891 1081 τῆς
921 1013 1088 1081 ἕκτης
1109 1014 1328 1067 συνόδου
1352 1019 1674 1084 τριακοστὸς
1704 1015 1918 1085 πρῶτος

358 1102 559 1161 κανὼν,
601 1096 662 1154 οὗ
694 1104 976 1171 μέμνηται
1034 1106 1061 1156 ὁ
1118 1105 1297 1156 κανὼν
1350 1101 1523 1167 οὗτος,
1579 1106 1919 1175 ἡρμήνευται

355 1194 493 1255 ἐκεῖ,
525 1188 567 1260 ᾧ
593 1192 875 1262 σύμψηφοι
907 1196 1166 1261 γεγόνασι
1213 1196 1307 1248 καὶ
1336 1195 1384 1245 οἱ
1416 1195 1602 1247 τοῦτον
1637 1196 1918 1263 ἑκθέμενοι

352 1284 444 1333 τὸν
499 1285 716 1347 κανόνα,
778 1284 1062 1353 ὁρίσαντες
1131 1284 1698 1355 ἀποκεκληρωμένους
1758 1281 1917 1352 εἶναι,

351 1375 525 1443 ἡγουν
586 1375 927 1446 ὡρισμένους
984 1378 1078 1430 καὶ
1114 1378 1643 1446 ὲπιτετραμμένους,
1689 1379 1921 1447 ἐκκεχω-

353 1467 654 1538 ρημένους,
678 1469 804 1530 τοὺς
840 1470 897 1522 ὲν
931 1469 1245 1540 εὐκτηρίοις
1285 1471 1433 1532 ἐντὸς
1463 1470 1630 1523 οἴκων
1653 1467 1774 1522 οῦσι
1804 1470 1918 1522 λει-

349 1562 608 1626 τουργεῖν
667 1561 958 1628 μέλλοντας
1008 1561 1109 1630 τῆς
1165 1561 1619 1632 ἁποκληρὼσεως,
1675 1565 1952 1615 τουτέστι·

350 1653 452 1720 τῆς
485 1656 870 1722 ἐκχωρήσεως,
907 1656 1057 1722 παρὰ
1082 1654 1175 1706 τοῦ
1220 1655 1363 1707 κατὰ
1394 1654 1576 1725 χώραν
1612 1656 1918 1708 ἐπισκόπου

350 1746 672 1814 γινομένης.
705 1746 766 1797 Εἰ
818 1746 862 1798 δ’
908 1746 1087 1816 ἕτεροί
1128 1764 1272 1808 τινες
1321 1749 1472 1818 παρᾶ
1516 1748 1641 1810 τοὺς
1673 1749 1921 1817 ἐκμυρη-

353 1837 553 1900 Θέντας
578 1839 910 1907 τολμήσουσι
929 1839 1314 1911 λειτουργῆσαι
1341 1843 1398 1893 ἐν
1418 1842 1749 1918 εὐκτηρίοις,
1769 1841 1917 1895 οὖσιν

353 1930 505 1991 ἐντὸς
537 1930 745 1992 οἰκιῶν,
775 1931 903 1983 ἄνευ
939 1929 1164 2001 γνώμης
1193 1932 1290 1984 τοῦ
1323 1933 1649 1997 ἐπισκόπου,
1675 1932 1917 1994 ἐκείνους

1947 1807 1993 1866 Β

354 2020 458 2087 μὲν
492 2022 894 2092 καθαιρεῖσθαι,
918 2025 1045 2087 τοὺς
1083 2025 1142 2078 δὲ
1170 2029 1715 2097 συγκοινωνήσαντας
1734 2028 1919 2090 αὐτοῖς
1982 2036 1987 2043 ‘

352 2114 736 2182 ἀφορίζεσθαι.

354 2228 578 2284 ΑΡΙΣΤ.
619 2250 636 2281 1
678 2233 883 2302 Μηδεὶς
922 2235 979 2285 ὲν
1027 2233 1159 2303 ναῷ,
1196 2234 1342 2286 ἔνδον
1376 2234 1553 2296 οἰκίας
1580 2238 1919 2303 τυγχάνοντι,

433 2342 453 2369 1
490 2324 871 2393 λειτουργείτω
903 2326 934 2397 ἢ
974 2326 1283 2395 βαπτιζέτω
1318 2328 1579 2397 κληρικὸς
1613 2327 1764 2399 παρὰ
1780 2328 1920 2394 γνώ-

434 2434 452 2465 1
496 2433 601 2485 μην
624 2417 717 2469 τοῦ
750 2419 1073 2470 ὲπισκόπου’
1116 2419 1461 2488 καθαιρεῖται
1517 2420 1645 2490 γάρ.
1689 2420 1920 2472 Ἀποκε-

437 2526 455 2557 1
496 2510 845 2579 κληρωμένοι
877 2505 970 2563 οῦν
1023 2510 1173 2580 παρὰ
1205 2511 1297 2563 τοῦ
1348 2512 1649 2565 ἐπισκόπου
1681 2512 1924 2565 ἔστωσαν

437 2619 454 2650 1
498 2602 549 2652 οί
595 2603 653 2653 ὲν
681 2603 991 2672 εὐκτηρίοις
1018 2602 1166 2655 ἔνδον
1196 2604 1360 2656 οἴκων
1396 2602 1514 2656 οὖσι
1543 2603 1925 2675 λειτουργοῦν-

439 2711 457 2742 1
499 2710 608 2756 τες.
644 2696 708 2748 Οἱ
735 2696 791 2747 δὲ
841 2694 989 2766 παρὰ
1012 2695 1167 2747 τοῦτο
1196 2696 1503 2765 τολμῶντες
1530 2696 1924 2765 καθαιρείσθω-

437 2804 456 2835 1
502 2801 623 2838 σαψ
653 2795 746 2840 καὶ
770 2790 815 2841 οξ
854 2787 1238 2852 κοινωνοῦντες
1270 2788 1735 2859 ἀφοριζέσθωσαν.
1794 2809 1812 2840 ι

955 2923 1196 2975 ΚΔΝΩΝ
1232 2923 1326 2979 II".

370 3050 389 3084 1
438 3034 546 3095 Τὰς
577 3036 685 3087 τῶν
716 3037 1010 3106 αἱρετικῶν
1032 3038 1287 3102 ζιζανίων
1310 3040 1614 3107 ὲπισπορὰς
1641 3042 1697 3093 ἐν
1736 3043 1804 3111 τῇ
1830 3040 1923 3094 τοῦ

438 3144 459 3177 1
496 3128 729 3197 Χριστοῦ
780 3129 1075 3201 Ἐκκλησία
1120 3133 1147 3183 ό
1187 3132 1543 3202 παμπόνηρος
1578 3132 1927 3198 καταϐαλὼν,

440 3240 458 3273 1
500 3222 592 3274 καὶ
622 3223 824 3285 ταυτας
880 3224 1022 3293 δρῶν
1054 3225 1118 3294 τῇ
1179 3216 1441 3295 μαχαίρᾳ.¹
1479 3223 1573 3277 τοῦ
1613 3225 1929 3295 Πνεύματος
1957 3211 2000 3269 C

449 3333 467 3364 1
502 3314 845 3385 τεμνομένας
868 3314 1223 3386 προρρίζους,
1256 3308 1339 3384 ἐφ’
1368 3317 1564 3387 ἑτέραν
1588 3313 1720 3387 ἦλθε
1768 3317 1930 3387 μεθο-

437 3428 456 3460 1
495 3409 643 3470 δείας
684 3408 813 3460 ὁδὸν,
850 3410 913 3478 τῇ
958 3408 1069 3460 τῶν
1110 3408 1485 3477 σχισματικῶν
1522 3411 1692 3481 μανίᾳ
1731 3411 1793 3463 τὸ
1833 3410 1927 3463 τοῦ

439 3519 457 3550 1
494 3500 734 3569 Χριστοῦ
771 3502 929 3568 σῶμα
988 3499 1235 3569 μερίζειν
1282 3502 1598 3570 ἐπιχειρῶν’
1663 3501 1798 3556 ἀλλὰ
1837 3505 1929 3554 καὶ

437 3612 455 3642 1
496 3593 705 3661 ταύτην
758 3592 921 3644 αὑτοῦ
967 3591 1065 3662 τὴν
1114 3590 1474 3662 ἐπιϐουλὴνή
1522 3593 1659 3660 ,ἁγία
1716 3594 1930 3654 σύνοδος

439 3703 459 3736 1
501 3684 929 3745 ἀναστέλλουσα,
958 3683 1236 3746 παντελῶς
1269 3683 1437 3755 ὥρισε
1468 3683 1561 3736 τοῦ
1600 3684 1792 3737 λοιποῦ
1820 3685 1928 3746 ⁶ἕνα,

437 3762 545 3827 ιἐῖ
568 3792 649 3838 τις
706 3774 1133 3844 πρεσϐύτεροςῆ
1188 3775 1455 3839 διάκονος,
1502 3776 1576 3835 ὡς
1630 3776 1787 3844 δῆθεν
1844 3774 1929 3827 ἐπ’

442 3886 458 3916 1
504 3866 816 3936 ἐγκλήμασί
867 3884 974 3918 τισι
1028 3865 1121 3918 τοῦ
1161 3866 1364 3918 οἰκείου
1416 3867 1776 3935 κατεγνωκὼς
1813 3871 1931 3919 ἐπι-

443 3981 460 4013 1
504 3963 733 4025 σκόπου,
772 3962 877 4031 πρὸ
914 3960 1195 4029 συνοδικῆς
1221 3959 1590 4028 διαγνώσεως,
1625 3962 1718 4014 καὶ
1751 3961 1933 4025 ἐξετά-

443 4072 461 4104 1
505 4071 666 4115 σεως,
693 4054 898 4121 καὶτῆς
927 4052 1013 4105 ἐπ’
1032 4053 1179 4123 αὐτῷ
1198 4052 1407 4115 τελείας
1425 4052 1800 4122 κατακρίσεως
1820 4053 1929 4123 (55')

441 4164 459 4195 1
498 4144 802 4213 ἀποστῆναι
847 4145 1107 4214 τολμήσαι
1158 4145 1256 4214 τῆς
1290 4146 1451 4197 αὐτοῦ
1500 4146 1807 4205 κοινωνίας,
1840 4146 1932 4197 καὶ

444 4257 461 4286 1
500 4237 561 4288 τὸ
594 4236 764 4307 δνομα
792 4238 957 4290 αὑτοῦ
986 4239 1043 4289 ἐν
1076 4241 1194 4299 ταῖς
1229 4238 1401 4307 ἱεραῖς
1436 4238 1546 4307 (56)
1573 4238 1680 4289 τῶν
1699 4239 1935 4307 λειτουρ-

444 4346 462 4378 1
510 4326 642 4393 γιῶν
674 4330 863 4397 εὐχαῖς
895 4329 1111 4381 κατὰτὸ
1144 4328 1580 4397 παραδεδομένον
1602 4331 1665 4397 τῇ
1710 4329 1934 4398 Ἐκκλη-

442 4438 459 4468 1
506 4419 598 4489 σία
629 4419 705 4490 μὴ
726 4421 1007 4489 ἀναφέροι,
1031 4419 1218 4472 τοῦτον
1248 4419 1569 4472 ὑποκεῖσθαι
1589 4421 1931 4489 καθαιρέσει,

444 4535 459 4563 1
503 4517 595 4569 xui.
635 4516 815 4585 πάσης
854 4515 1133 4586 ἱερατικῆς
1180 4514 1603 4584 ἀποστερεῖσθαι
1635 4513 1826 4583 τιμῆς.
1871 4513 1931 4567 'U

446 4629 463 4661 1
500 4609 612 4679 γὰρ
638 4612 695 4661 ἐν
739 4609 1111 4680 πρεσϐυτέρου
1138 4608 1290 4675 τάξει
1322 4609 1680 4678 τεταγμένος,
1704 4610 1798 4661 καὶ
1821 4609 1931 4661 τῶν

444 4720 462 4751 1
508 4700 919 4771 μητροπολιτῶν
968 4700 1229 4769 ἁρπάζων
1285 4701 1384 4769 τὴν
1444 4700 1647 4769 κρίσιν,
1708 4702 1800 4752 καὶ
1830 4700 1937 4772 πρὸ

448 4814 466 4843 1
509 4794 745 4864 κρίσεως
777 4794 940 4856 αὐτὸς
993 4794 1361 4865 κατακρίνων,
1401 4795 1523 4847 ὅσον
1560 4794 1620 4846 τὸ
1675 4792 1761 4845 ἐπ’
1788 4794 1937 4863 αὐτῷ

446 4903 463 4934 1
513 4885 604 4937 τὸν
638 4888 837 4938 οἰκεῖον
888 4886 1100 4956 πατέρα
1133 4885 1228 4939 καὶ
1274 4885 1592 4947 ἐπίσκοπον,
1625 4879 1777 4947 οὗτος
1818 4885 1937 4938 οὐδὲ

447 4996 466 5028 1
512 4981 608 5047 τῆς
637 4979 730 5029 τοῦ
764 4977 1138 5047 πρεσϐυτέρου
1181 4979 1328 5030 ἐστὶν
1361 4978 1509 5041 ἄξιος
1548 4977 1718 5047 τιμῆς
1749 4978 1781 5047 ἢ
1816 4977 1938 5028 ὀνο-

450 5084 470 5116 1
510 5067 728 5135 μασίας.
757 5068 820 5120 Οἱ
850 5066 905 5119 δὲ
940 5067 1152 5130 τούτοις
1192 5067 1570 5136 συνεπόμενοι,
1598 5068 1645 5118 εἰ
1689 5066 1789 5135 μὲν
1827 5067 1937 5119 τῶν

452 5178 469 5212 ι
514 5161 824 5231 ἱερωμένων
877 5156 989 5213 εἶὲν
1020 5177 1185 5224 τινες,
1248 5159 1341 5213 καὶ
1385 5158 1541 5211 αὐτοὶ
1592 5158 1689 5228 τῆς
1733 5158 1938 5219 οἰκείας

1967 4568 2007 4621 D

2019 582 2113 619 eos
2146 564 2237 633 qui
2279 562 2559 615 celebrant
2592 560 2672 616 vel
2703 558 2977 626 baptizant
3008 557 3061 611 in
3100 557 3354 613 oratoriis
3389 564 3583 625 pra-ter

2020 654 2257 723 episcopi
2297 653 2631 705 voluntatem
2656 690 2671 715 ,
2708 650 2993 716 expositus
3027 658 3108 701 est
3154 647 3204 700 in
3233 661 3357 699 cati.
3388 647 3449 699 ’51
3494 660 3582 711 sy-

2020 746 2145 801 nodi
2180 748 2230 800 in
2263 745 2470 811 TruIIo,
2501 754 2555 796 et
2591 745 2642 795 in
2678 757 2884 797 canone
2913 738 3217 810 apostolico
3240 740 3301 793 SI
3336 756 3350 791 :
3388 748 3444 792 et
3471 739 3585 806 lege

2020 856 2139 910 quin
2168 840 2221 892 in
2263 840 2367 891 illis
2400 839 2600 905 scripta
2637 846 2779 889 Sunt

3164 916 3181 941 \

2090 1019 2340 1076 ZONAR.
2376 1017 2737 1073 Tricesimum
2775 1017 3004 1086 primum
3039 1024 3202 1069 sextae
3242 1012 3446 1083 synodi
3492 1026 3586 1063 ca-

2022 1132 2212 1172 nonem
2249 1114 2404 1183 cujus
2446 1096 2546 1165 iluc
2582 1126 2758 1165 canon
2802 1104 3077 1169 meminit.
3109 1108 3307 1161 ibidem
3350 1106 3587 1173 explica-

2023 1211 2219 1263 vimus.
2256 1210 2314 1260 In
2354 1209 2598 1261 eamdem
2632 1202 2956 1258 sententiam
2996 1202 3138 1254 hunc
3171 1214 3385 1269 quoque
3414 1214 3580 1251 cauo-

2023 1277 2145 1356 ncin
2178 1301 2364 1354 Patres
2403 1298 2645 1359 edidere,
2681 1310 2786 1362 quo
2837 1293 3051 1364 quidem
3095 1304 3152 1347 ut
3184 1292 3276 1361 qui
3322 1294 3371 1343 in
3406 1291 3586 1360 priva-

2021 1407 2198 1449 torum
2226 1394 2435 1448 aedibus
2463 1405 2620 1444 sacra
2659 1388 2858 1441 facturi
2893 1397 3040 1450 sunt,
3072 1401 3101 1438 a
3133 1386 3278 1438 clero
3301 1385 3593 1451 segregati,

2023 1487 2125 1539 hoc
2164 1493 2268 1547 est,
2303 1483 2497 1537 deleCIi
2532 1492 2585 1535 et
2614 1476 3236 1545 adniissidescriptique
3272 1477 3378 1530 sint
3403 1490 3590 1543 segre-

2022 1577 2257 1647 gatione,
2291 1575 2392 1628 hoc
2420 1581 2521 1633 est.
2551 1560 2924 1642 designatione
2953 1585 2981 1621 a
3008 1569 3108 1623 loci
3142 1568 3397 1636 episcopo
3421 1566 3587 1625 facta.

2022 1669 2337 1722 decernunt.
2375 1662 2528 1729 Quod
2573 1660 2742 1718 sia'lii
2777 1665 3110 1729 quicunque,
3148 1671 3336 1727 prieter
3372 1674 3465 1710 eos
3493 1658 3593 1725 qui
3646 1654 3647 1659 “

2023 1757 2286 1826 designati
2320 1754 2523 1808 fuerint
2573 1754 2625 1806 in
2672 1753 3008 1823 privatorum
3056 1751 3295 1811 sacellis,
3344 1764 3449 1801 non
3487 1748 3589 1801 ob-

2022 1857 2169 1903 tenta
2209 1849 2277 1902 ab
2311 1846 2569 1916 episcopo
2602 1845 2881 1909 facultate,
2919 1846 3074 1898 sacra
3106 1842 3289 1896 facere
3319 1856 3438 1895 aus:
3470 1841 3589 1895 fne-

2022 1942 2164 2007 rint;
2198 1941 2347 2009 ipsos
2381 1941 2599 2010 quidem
2635 1939 2827 2007 deponi
2869 1978 2883 2002 ,
2918 1939 3011 2007 qui
3058 1952 3184 1991 vero
3231 1938 3310 1991 eis
3344 1950 3591 1991 commn-

2024 2036 2355 2094 nicaverint.
2383 2033 2648 2104 segregari
2675 2031 2889 2121 jubcut.
3639 2018 3648 2028 ’

2044 2306 2049 2307 γ
2093 2242 2317 2299 ARIST.
2365 2262 2382 2294 1
2424 2242 2616 2297 Nullus
2670 2243 2901 2298 clericus
2949 2244 3001 2297 in
3064 2242 3292 2310 templo,
3341 2239 3594 2309 quodin

2033 2356 2051 2388 1
2092 2337 2300 2391 aedibus
2348 2344 2432 2391 est
2492 2351 2653 2390 sacra
2698 2335 2972 2393 celebret.
3010 2336 3093 2388 vel
3148 2334 3403 2400 baptizet,
3457 2332 3593 2385 citra

2031 2448 2050 2481 1
2092 2429 2336 2500 episcopi
2374 2429 2738 2493 sententiam;
2773 2442 2894 2480 nam
2934 2426 3243 2496 deponitur.
3279 2424 3379 2489 Qui
3431 2424 3595 2493 igitur

2033 2537 2052 2568 1
2094 2520 2146 2572 in
2179 2519 2456 2581 oratoriis,
2477 2534 2596 2587 qua:
2625 2527 2751 2571 sunt
2776 2518 2915 2571 intra
2937 2518 3082 2571 aedes
3108 2532 3260 2571 sacra
3294 2514 3595 2575 celebrant,

2032 2629 2051 2663 1
2089 2612 2156 2665 ab
2194 2611 2446 2680 episc0po
2493 2612 2638 2664 clero
2672 2611 3031 2680 expelluntur.
3083 2607 3185 2673 Qui
3227 2620 3352 2660 vero
3402 2612 3596 2674 praeter

2032 2718 2050 2751 1
2095 2698 2208 2752 haec
2240 2701 2416 2753 facere
2448 2702 2563 2753 ausi
2602 2698 2828 2762 fuerint.
2866 2700 3228 2768 depOnantur.
3266 2697 3332 2750 Et
3381 2695 3472 2766 qui
3524 2684 3615 2749 iis‘

2036 2810 2053 2842 1
2095 2791 2524 2854 communicant,
2555 2800 2929 2860 segregentur.
2970 2809 2987 2841 ι
3158 2788 3159 2791 ’

2586 2922 2812 2978 CANON
2882 2923 3024 2978 XIII.

2034 3057 2053 3091 1
2100 3039 2488 3094 Hazreticarum
2525 3039 2852 3105 zizaniarum
2895 3040 3100 3093 semina
3151 3040 3202 3092 in
3238 3038 3440 3094 Christi
3491 3038 3595 3094 Ec—

2107 3151 2125 3184 1
2164 3133 2327 3187 clesia
2359 3131 2625 3202 malignus
2660 3132 2941 3200 dejiciens,
2972 3141 3023 3185 et
3052 3147 3142 3187 eas
3174 3131 3364 3187 videns
3415 3132 3595 3201 gladio

2109 3242 2126 3275 1
2170 3222 2406 3293 Spiritus
2439 3223 2681 3278 exscindi
2722 3223 3002 3284 radicitus.
3039 3224 3102 3276 ad
3138 3224 3295 3277 aliam
3333 3226 3476 3278 venit
3507 3226 3594 3277 in-

2104 3336 2122 3368 1
2161 3317 2423 3370 sidiarmu
2449 3316 2612 3377 viam,
2646 3314 3113 3368 sebismaticorum
3147 3315 3357 3370 insania
3388 3313 3590 3369 Christi

2106 3428 2124 3460 1
2169 3424 2366 3478 corpus
2407 3408 2649 3462 dividere
2685 3408 3005 3478 aggrediens
3052 3423 3065 3458 :
3116 3408 3210 3462 sed
3240 3418 3293 3461 et
3345 3408 3442 3460 bas
3475 3408 3597 3476 ejus

2105 3523 2123 3553 1
2165 3504 2391 3556 insidias
2443 3515 2630 3556 sancta
2687 3500 2928 3571 synodus
2973 3503 3323 3569 reprimens,
3373 3503 3600 3555 OIIIIIIIIO

2107 3617 2125 3647 1
2168 3597 2377 3649 deﬁuiit
2409 3596 2691 3664 deinceps.
2725 3604 2784 3648 ut
2816 3595 2860 3651 si
2892 3596 3013 3663 quis
3041 3596 3325 3666 presbyter
3369 3598 3446 3649 rel
3482 3595 3601 3648 dia-

2109 3709 2126 3741 1
2162 3705 2333 3743 conus
2364 3727 2376 3751 .
2409 3699 2464 3741 ut
2494 3689 2584 3757 qui
2619 3689 2804 3756 utique
2853 3687 2921 3741 ob
2965 3687 3143 3756 aliqua
3196 3688 3422 3741 erimina
3474 3703 3599 3757 pro—

2109 3804 2125 3835 1
2171 3787 2345 3852 prium
2398 3764 2712 3851 episcopum
2746 3780 3145 3839 condemnarit.
3192 3790 3320 3833 ante
3363 3780 3601 3845 synoda-

2109 3895 2126 3927 1
2164 3876 2265 3929 lem
2298 3875 2660 3943 cognitionem
2710 3881 2762 3926 et
2811 3871 3287 3936 examinationem,
3328 3881 3381 3926 et
3426 3872 3601 3941 perfe-

2107 3987 2123 4018 1
2166 3977 2310 4021 ctam
2343 3967 2461 4035 ejus
2498 3964 3004 4019 condemnationem
3027 4004 3041 4028 ,
3076 3964 3142 4016 ab
3183 3963 3326 4017 illius
3359 3980 3573 4017 commu

2108 4079 2127 4112 1
2167 4060 2329 4114 nionc
2355 4048 2638 4114 discedere
2670 4073 2837 4112 ausus
2866 4057 3023 4111 fuerit
3048 4067 3099 4110 et
3136 4054 3254 4122 ejus
3304 4070 3497 4109 nomen
3548 4034 3605 4106 iii

2115 4171 2132 4203 1
2176 4151 2350 4206 sacris
2405 4150 2827 4205 celebrationnm
2886 4148 3179 4217 precibus,
3231 4156 3287 4200 ut
3350 4148 3605 4201 Ecclesiae

2111 4263 2129 4294 1
2176 4244 2429 4296 traditum
2466 4250 2566 4304 est,
2602 4257 2708 4295 non
2740 4238 2964 4304 referat,
2999 4239 3044 4292 is
3080 4238 3399 4308 depositioni
3431 4238 3604 4306 subji—

2021 4392 2031 4399 ,
2111 4354 2129 4387 1
2169 4336 2344 4391 ciatur
2371 4375 2387 4398 .
2423 4343 2475 4388 et
2512 4335 2659 4388 omni
2708 4333 3031 4389 sacerdotali
3092 4333 3294 4385 honore
3341 4331 3603 4400 privetur.

2111 4446 2128 4478 1
2168 4427 2269 4493 Qui
2309 4426 2451 4480 enim
2483 4434 2565 4479 est
2607 4424 2659 4478 in
2695 4423 3022 4479 sacerdotali
3059 4421 3628 4500 ordinecollocatus,‘

2115 4538 2133 4572 1
2172 4529 2223 4574 et
2254 4520 2792 4588 metropolitanorum
2817 4516 3080 4585 judicium
3112 4514 3376 4583 praeripit,
3407 4523 3458 4567 et
3482 4520 3606 4564 ante

2117 4628 2135 4662 1
2169 4608 2432 4680 judicium
2470 4608 2604 4677 ipse.
2651 4620 2917 4676 quantum
2963 4607 3015 4659 in
3066 4620 3123 4658 se
3177 4614 3281 4665 est,
3317 4603 3600 4671 proprium

2118 4722 2135 4754 1
2178 4710 2382 4771 patrem
2413 4712 2466 4754 et
2497 4698 2811 4768 episcopum
2855 4697 3224 4761 condemnat;
3261 4697 3304 4750 is
3355 4710 3451 4747 nec
3487 4709 3606 4761 pre-

2116 4813 2135 4846 1
2179 4792 2383 4864 sbyteri
2423 4793 2645 4855 honore,
2681 4807 2780 4846 nec
2835 4790 3054 4845 nomine
3103 4789 3297 4859 dignus
3346 4798 3446 4841 est.
3501 4785 3606 4850 Qui

2117 4905 2135 4934 1
2173 4896 2351 4938 autem
2382 4898 2476 4937 eos
2506 4890 2941 4947 consequuntur,
2965 4881 3008 4934 si
3045 4879 3154 4933 sint
3184 4878 3403 4947 quidem
3436 4894 3498 4930 ex
3539 4878 3608 4929 iis

2116 4994 2135 5027 1
2181 4978 2271 5046 qui
2304 4985 2433 5030 sunt
2477 4974 2650 5029 sacris
2679 4973 2900 5032 initiati.
2935 4972 3035 5040 ipsi
3062 4986 3281 5041 quoque
3318 4985 3348 5023 a
3384 4971 3609 5036 proprio

2121 5086 2139 5119 1
2177 5068 2382 5122 bonore
2410 5065 2663 5118 excidant
2694 5080 2706 5115 :
2742 5064 2823 5118 sin
2859 5072 3041 5116 autem
3080 5062 3187 5115 sint
3226 5059 3501 5115 inonacbi.
3526 5058 3609 5109 rei

2125 5177 2142 5207 1
2185 5156 2328 5220 laici,
2361 5172 2422 5209 ex
2458 5153 2699 5209 Ecclesia
2754 5154 2978 5207 omnino
3013 5162 3393 5221 scgregentur;
3434 5150 3610 5202 donec

1591 5314 1777 5376 Guill.
1820 5316 2004 5376 Bevei
2019 5315 2139 5392 egii
2183 5323 2371 5378 notua.

452 5474 565 5541 (55)
602 5476 711 5526 Kal
765 5472 875 5539 τῆς
925 5470 1017 5523 ἐπ’
1061 5468 1219 5541 αὐτῷ
1252 5471 1485 5541 τελείας
1515 5468 1947 5541 κατακρίσεως.

380 5538 506 5599 Ilaec
526 5538 691 5597 verba
723 5538 833 5595 non
864 5543 1024 5595 modo
1059 5543 1112 5594 in
1143 5538 1436 5594 Parisiensi
1468 5538 1725 5601 editione,
1755 5554 1941 5590 verum

382 5629 545 5666 etiam
594 5615 645 5665 in
687 5614 876 5667 codice
904 5612 1340 5664 Alnet‘bacbiano
1366 5610 1716 5660 omittuntur.
1756 5607 1861 5661 Sed
1889 5609 1944 5661 in

384 5685 598 5740 Titiano
630 5700 786 5751 atque
815 5698 878 5736 ac
925 5684 977 5733 in
1028 5680 1320 5734 Bodleiano
1378 5688 1571 5733 nostro
1615 5694 1715 5731 tus.
1757 5680 1947 5747 legun-

385 5769 489 5810 tur.

458 5823 569 5890 (36)
603 5822 709 5876 Καὶ
740 5822 802 5876 τὸ
827 5820 1012 5887 ὄνομα
1052 5817 1238 5873 αὐτοῦ
1276 5817 1345 5871 ἐν
1375 5816 1502 5882 ταῖς
1532 5816 1734 5885 ἱεραῖς.
1775 5816 1943 5871 Nimi-

1199 5960 1229 5979 κ

2060 5482 2178 5520 rum
2217 5482 2340 5519 cum
2371 5479 2525 5519 sacra
2584 5464 2845 5533 mysteria
2896 5473 3248 5533 peraguntur.
3284 5456 3435 5511 Tunc
3459 5457 3606 5510 enim

2059 5536 2318 5591 Sacerdos
2354 5552 2451 5604 pro
2472 5534 2732 5603 episcopo
2778 5535 2879 5588 sub
2913 5533 3234 5588 nominatim
3274 5544 3429 5581 orare
3461 5538 3608 5604 tene-

2060 5619 2145 5660 tur
2189 5616 2288 5659 :ut
2338 5597 2390 5657 in
2448 5597 2683 5673 Liturgta
2728 5604 3115 5675 Cbrysostomi
3153 5604 3304 5675 ίιιιςι·Δ
3340 5597 3609 5675 pratulum

2059 5680 2193 5729 dicit
2228 5678 2321 5727 καὶ
2367 5676 2509 5741 ὑπὲρ
2537 5666 2969 5742 ἀρξίιεπισκόπου
3002 5670 3177 5742 ἡμῶν,
3209 5672 3235 5721 ό
3279 5668 3469 5731 δεῖνος,
3519 5666 3612 5719 Sit:

2056 5747 2257 5816 passim
2287 5748 2339 5799 in
2368 5746 2716 5814 Euchologio.
