3972 6488
434 363 569 432 1ί63

504 506 525 538 ε
566 496 687 540 cum
719 478 1081 538 schismaticis
1111 475 1545 544 coniunctionem
1577 476 1891 545 respnentes
1916 462 1982 517 ad
2015 472 2061 523 Α

510 600 528 631 ι
569 575 845 648 proprium
876 573 1190 644 episcopum
1229 565 1428 623 reversi
1465 562 1685 618 fuerint.
1722 577 1740 609 ι

504 944 699 999 BALS.
738 944 870 999 Cum
920 943 1011 996 Dei
1056 943 1228 1011 gratia
1279 950 1565 1025 cessasset.
1599 939 1875 993 hmreseon
1911 937 1993 991 di-

436 1039 597 1101 visio,
631 1038 880 1091 videbant
931 1035 1120 1089 Patres
1160 1034 1450 1087 nonnullos
1494 1033 1665 1085 sacris
1711 1031 1950 1084 initiatos
1981 1069 1995 1093 ,

437 1132 697 1187 satanicis
745 1128 1068 1199 quihusdam
1118 1126 1377 1189 insidiis,
1412 1123 1477 1177 ad
1528 1122 1997 1177 schismaticornm

444 1224 713 1278 insaniam
765 1222 1071 1275 clanculum
1132 1218 1389 1285 irrepere.
1448 1225 1504 1268 ut
1559 1214 1648 1283 qui
1700 1228 1731 1266 α
1777 1226 1997 1267 suorum

438 1315 814 1386 episcoporum
842 1310 1223 1366 communione
1251 1310 1583 1371 recederent,
1615 1304 1706 1375 qui
1736 1318 1831 1356 nec
1848 1310 2002 1357 erant

439 1409 613 1477 impii,
651 1423 750 1460 nec
783 1405 1008 1474 injusti;
1041 1412 1097 1455 ut
1126 1404 1282 1455 habet
1314 1401 1373 1453 51
1410 1415 1583 1452 canon
1619 1398 1993 1467 apostolicus;

440 1501 536 1555 sed
567 1501 709 1567 (ιυοά
756 1508 967 1552 tantum
1015 1497 1081 1551 de
1133 1498 1211 1550 eis
1266 1496 1467 1549 crimen
1528 1490 1744 1560 aliquod
1796 1489 1999 1543 dictum

440 1600 610 1646 esset.
650 1591 763 1643 iloc
790 1576 947 1658 ergo.
980 1596 1036 1639 nt
1068 1601 1265 1655 corpus
1292 1584 1493 1639 Christi
1516 1621 1531 1643 ,
1571 1582 1863 1634 Ecelesiam
1899 1580 2005 1632 scis

434 1684 609 1745 licet,
643 1683 913 1741 dividens.
959 1680 1316 1748 corrigentes,
1357 1685 1662 1730 statuerunt
1698 1672 2004 1727 sacerdotes

443 1778 527 1828 vel
582 1758 843 1829 diaconos
893 1788 1015 1827 esse
1073 1769 1458 1840 deponendos,
1506 1768 1597 1837 qui
1648 1766 1767 1819 ausi»
1808 1765 2005 1818 fuerint

446 1878 552 1919 tam
588 1876 787 1920 temere
817 1872 869 1919 et
903 1865 1108 1931 absque
1162 1862 1370 1915 ratione
1401 1876 1426 1911 a
1464 1859 1545 1912 sui
1579 1856 1819 1926 episcopi
1852 1866 2004 1908 com-

451 1958 709 2011 munione
742 1955 1018 2017 recedere,
1057 1963 1178 2007 ante
1210 1952 1498 2020 perfectam
1532 1949 1845 2019 synodalem
1884 1945 2005 2015 ejus

420 2049 970 2111 ‘rondemnationem,
1005 2056 1057 2099 et
1089 2062 1193 2099 non
1228 2048 1280 2099 in
1310 2045 1510 2099 divinis
1545 2056 1824 2095 sacrorum
1866 2038 2003 2093 cele-

448 2143 795 2196 bration-ibus
828 2157 1021 2193 nomen
1055 2139 1174 2207 ejus
1206 2154 1269 2192 ex
1300 2137 1666 2191 ecclesiastica
1715 2133 2009 2185 traditione

448 2237 667 2288 referre.
696 2232 1002 2298 Quoniam,
1048 2232 1335 2298 inquiunt,
1373 2244 1478 2293 non
1523 2236 1606 2282 est
1642 2227 1841 2294 dignus
1882 2239 2008 2293 pre-

450 2327 651 2393 sbyteri
683 2341 876 2401 nomen
908 2323 1069 2393 353
1103 2324 1183 2377 vel
1215 2323 1469 2376 honorem
1504 2321 1725 2383 habere,
1765 2319 1854 2387 qui
1898 2332 2005 2370 meo

452 2418 761 2485 tropolitani
799 2416 1066 2484 judicium
1095 2414 1197 2467 sibi
1230 2413 1571 2481 impudenter
1600 2419 1835 2477 arrogat;
1866 2405 2008 2476 quod

451 2511 661 2565 scilicet
686 2510 948 2562 adversus
979 2508 1296 2575 episcopum
1337 2504 1569 2559 fortasse
1599 2515 1710 2555 erat
1740 2504 1957 2555 laturus
1993 2515 2007 2550 :

452 2613 507 2656 et
555 2601 698 2671 quod
739 2600 802 2653 ad
841 2601 1112 2669 propriam
1148 2597 1534 2653 conscientiam
1577 2596 1766 2649 attinet
1792 2635 1807 2656 ,
1854 2608 2010 2647 suum

453 2703 659 2765 patrem
690 2692 1001 2761 episcopum
1033 2689 1378 2755 condemnat,
1409 2705 1472 2743 eo
1492 2688 1633 2758 quod
1657 2704 1779 2741 cum
1803 2704 1868 2741 eo
1906 2702 2010 2739 non

386 2822 389 2831 ι
453 2785 843 2847 communicet,
879 2793 1136 2852 tanquam
1172 2784 1243 2837 sit
1294 2783 1406 2851 jam
1446 2796 1633 2834 revera
1681 2779 2010 2835 condemna-

455 2889 563 2934 tus.
592 2880 655 2941 Et
682 2894 789 2932 non
822 2878 994 2931 solum
1022 2893 1138 2939 eos,
1170 2875 1263 2930 sed
1295 2885 1347 2929 et
1380 2874 1469 2943 qui
1506 2875 1652 2944 ipsos
1678 2888 2014 2939 consequun-

457 2980 563 3031 tnr,
597 2970 641 3021 si
675 2970 782 3023 sint
806 2969 1020 3036 quidem
1060 2966 1281 3028 sacrati,
1315 2964 1510 3033 deponi
1543 2979 1553 3009 τ
1586 2963 1667 3017 εἰη
1714 2977 1839 3015 vero
1868 2962 2011 3020 lairi.

457 3061 747 3131 segregari,
785 3068 839 3113 et
871 3058 1075 3111 tamdiu
1112 3056 1324 3109 multari
1376 3095 1391 3116 ,
1422 3055 1594 3109 donec
1641 3055 1705 3108 ad
1757 3054 1839 3108 sui
1887 3054 2010 3104 mali

1674 349 1945 412 THEOD.
1980 340 2398 407 BALSAMON"
3014 388 3023 395 .

3502 336 3617 403 1001

2167 481 2184 513 ι
2222 460 2389 531 τιμῆς
2444 455 2878 510 ἐκπιπτέτωσαν·
2911 453 2958 505 εἰ
3002 446 3059 505 δὲ
3102 452 3325 521 μοναχοὶ
3372 448 3613 522 ἦλαῖκοὶ,

2169 574 2186 605 ι
2225 550 2670 623 ἀφοριζέσθωσαν
2702 546 2981 607 παντελῶς
3013 547 3113 615 τῆς
3169 543 3505 613 Ἐκκλησίας,
3534 548 3618 616 μέ.

2172 665 2189 693 ι
2230 661 2350 713 χρις
2380 641 2465 703 ἂν,
2492 642 2589 709 τὴν
2613 640 2747 707 πρὸς
2772 640 2898 700 τοὺς
2928 637 3325 706 σχισματικοὺς
3354 636 3622 705 συνάφειαν

2173 754 2190 784 ι
2231 730 2646 793 διαπτύσαντες,
2691 729 2826 798 πρὸς
2868 727 2957 782 τὸν
2981 727 3182 780 οἰκεῖον
3212 726 3503 779 ἐπίσκοπον
3525 728 3627 781 ἑπι-

2173 847 2193 879 ι
2233 827 2545 897 στραφεῖεν.
2588 842 2607 875 ι

2166 921 2362 972 ΒΑΛΣ.
2408 917 2713 985 Παυθείσης
2766 918 2830 986 τῇ
2884 915 3069 984 χάριτι
3100 914 3193 966 τοῦ
3249 913 3383 965 Θεοῦ
3417 912 3507 982 τῆς
3540 914 3631 966 ἀπ’)

2096 1010 2204 1067 τῶν
2234 1012 2501 1081 αἱρέσεων
2539 1008 2896 1069 διαστάσεως,
2929 1002 3117 1075 ἑώρων
3150 1006 3200 1058 οἱ
3240 1006 3476 1075 Πατέρες
3502 1006 3631 1065 τινὰς

2103 1105 2429 1176 ἱερωμένους
2451 1100 2963 1169 ὑποκλεπτομένους
2988 1098 3129 1152 κατά
3192 1096 3467 1167 μεθοδείαν
3493 1112 3637 1149 σατα-

2100 1196 2258 1264 νικὴν
2286 1194 2365 1255 εἱς
2388 1193 2486 1263 τὴν
2525 1192 2628 1243 τῶν
2662 1189 3039 1259 σχισματικῶν
3074 1187 3294 1259 μανίαν,
3334 1187 3406 1250 ὡς
3423 1190 3635 1259 ἀφιστα-

2103 1288 2295 1359 μένους
2321 1284 2426 1339 duo
2470 1285 2567 1352 τῆς
2610 1283 2717 1337 τῶν
2772 1284 3086 1335 ἐπισκόπων
3132 1280 3310 1334 αὐτῶν
3358 1281 3636 1343 κοινωνίας,

2105 1380 2179 1449 μὴ
2207 1379 2375 1431 ὄντων
2409 1377 2624 1431 ἀσεϐῶν
2653 1376 2685 1446 ἢ
2714 1374 2929 1440 ἀδίκων,
2969 1374 3111 1426 κατά
3154 1374 3244 1425 τὸν
3288 1372 3370 1423 λα’
3432 1372 3639 1424 ἀποστο·

2102 1476 2251 1528 λικὸν
2279 1475 2498 1527 κανόνα·
2530 1474 2616 1527 διά
2659 1473 2819 1540 μόνον
2849 1471 2905 1523 δὲ
2930 1472 2989 1523 τὸ
3015 1468 3319 1539 λαληθῆναί
3368 1483 3486 1519 τινα
3529 1467 3640 1530 ἴσως

2103 1568 2482 1637 ἐγκληματικά
2514 1566 2632 1619 κατ’
2663 1566 2859 1618 αὐτῶν.
2893 1563 3065 1616 Τοῦτο
3094 1561 3244 1630 γοῦν,
3289 1560 3366 1621 ὡς
3422 1574 3650 1623 καταμε-

2108 1659 2258 1728 ρίζον
2301 1661 2362 1712 τὸ
2397 1659 2554 1726 σῶμα
2594 1656 2688 1709 τοῦ
2719 1653 2978 1726 Χριστοῦ,
3012 1655 3130 1724 ἢτοι
3161 1653 3257 1725 τὴν
3314 1646 3641 1715 Ἐκκλησίαν,

2106 1750 2503 1818 διορθούμενοι,
2550 1748 2757 1820 ὥρισαν
2788 1745 3173 1818 καθαιρεῖσθαι
3206 1746 3334 1808 τοὺς
3353 1738 3657 1813 τολμήσαν-¹

2107 1863 2203 1907 τας
2236 1845 2401 1913 ἱερεῖς
2440 1841 2472 1911 ἢ
2503 1842 2783 1915 διακόνους
2815 1838 3118 1906 ἀνευλόγως
3158 1836 3333 1899 οὓτως
3367 1836 3646 1905 ἀποστῆναι

2107 1940 2203 2005 τῆς
2242 1936 2335 1990 τοῦ
2371 1936 2671 1989 ἐπισκόπου
2707 1932 2887 1985 αὐτῶν
2942 1931 3231 1993 κοινωνίας
3285 1928 3390 1997 πρὸ
3428 1924 3647 1986 ἐντελοῦς

2109 2027 2395 2097 συνοδικῆς
2440 2028 2738 2098 καταδίκης
2765 2027 2979 2083 τούτου,
3022 2025 3116 2075 καὶ
3163 2024 3235 2092 μὴ
3267 2020 3552 2089 ἀναφέρειν
3599 2020 3645 2070 ἐν

2086 2126 2228 2184 ταῖς
2252 2120 2423 2180 θείαις
2467 2117 2885 2188 ἱεροτελεστίλαις
2922 2115 2982 2166 τὸ
3008 2114 3176 2182 ὄνομα
3204 2111 3371 2165 αὑτοῦ
3401 2111 3533 2163 κατά
3562 2111 3647 2178 τὴν

2109 2210 2915 2282 ἐκκλησιαστικὴνπαράδοσιν.
2960 2208 3103 2268 Ὅτι,
3138 2207 3324 2273 φασὶν,
3378 2205 3478 2255 οὐκ
3522 2202 3649 2255 ἔστιν

2110 2306 2258 2370 ἄξιος
2284 2302 2657 2375 πρεσϐυτέρου
2701 2300 2871 2368 ὄνομα
2900 2299 2932 2370 ἢ
2982 2298 3146 2367 τιμὴν
3179 2297 3324 2366 ἔχειν
3354 2298 3382 2348 ὁ
3416 2296 3647 2365 ἁρπάζων

2110 2397 2340 2460 ἀναιδῶς
2372 2395 2471 2461 τὴν
2510 2394 2603 2447 τοῦ
2651 2392 3047 2463 μητροπολίτου
3099 2392 3304 2463 κρίσιν,
3358 2390 3427 2459 ἣν
3481 2387 3649 2457 ἔμελλε

2112 2488 2255 2542 κατά
2288 2486 2384 2539 τοῦ
2431 2487 2726 2540 ἐπισκόπου
2762 2486 2895 2546 ἴσως
2925 2484 3233 2551 ἐξαγαγεῖν,
3268 2481 3365 2533 καὶ
3412 2478 3646 2545 κατακρί-

2113 2596 2245 2657 νων,
2295 2579 2418 2632 ὅσον
2469 2578 2609 2630 κατά
2677 2576 2738 2631 τὸ
2785 2577 2981 2629 οἰκεῖον
3035 2572 3296 2635 συνειδὸς.
3345 2572 3432 2624 τὸν
3479 2571 3652 2623 οἰκεῖον

2116 2672 2325 2741 πατέρα
2354 2670 2445 2727 τὸν
2504 2669 2824 2729 ἐπίσκοπον,
2880 2668 2967 2719 διά
3028 2665 3121 2717 τοῦ
3171 2664 3244 2733 μὴ
3300 2664 3652 2730 συγκοινωνεῖν

2114 2763 2282 2833 αὐτῷ,
2313 2762 2387 2824 ὡς
2422 2752 2582 2829 δῆθεν
2635 2760 2848 2830 ἀληθῶς
2891 2759 3005 2811 δντι
3067 2754 3541 2826 κατακεκριμένῳ·
3573 2754 3652 2805 καὶ

2114 2857 2173 2909 οὐ
2213 2855 2371 2924 μόνον
2400 2856 2643 2915 τούτους,
2673 2852 2806 2905 ἀλλά
2842 2853 2935 2904 καὶ
2961 2850 3087 2912 τοὺς
3113 2849 3651 2915 συνακολουθήσαντας

2114 2945 2323 3011 αὐτοῖς,
2373 2928 2704 3013 ἱερωμένους
2761 2941 2858 3011 μὲν
2894 2941 3074 3004 ὄντας,
3109 2939 3436 3007 διορίζονται
3481 2937 3651 2989 meat-

2117 3037 2348 3107 ρεϊσθαι,
2383 3035 2603 3095 λαῖκους
2631 3033 2710 3094 δὲ,
2746 3030 3129 3100 ἀφορίζεσθαι,
3160 3032 3253 3081 καὶ
3286 3026 3427 3081 εῖναι
3452 3030 3655 3080 ἐπιτετι-

457 3151 826 3219 cognitionem
867 3148 1149 3209 venerint,
1187 3155 1239 3199 et
1270 3147 1333 3198 ad
1369 3146 1644 3214 proprium
1693 3144 2008 3213 episcopum

2120 3129 2393 3199 μημένους
2420 3130 2611 3197 μέχρις
2641 3127 2708 3181 ἀν
2737 3129 2794 3179 ὲν
2816 3126 3110 3195 ἐπιγνώσει
3141 3123 3235 3178 τοῦ
3274 3122 3449 3176 κακοῦ
3482 3122 3656 3188 γένωνε

458 3243 657 3297 reversi
689 3241 913 3296 fuerint.
946 3240 1085 3309 Lege
1114 3239 1274 3294 etiam
1307 3254 1427 3307 cap.
1461 3237 1482 3290 1
1531 3238 1613 3289 tit.
1644 3236 1708 3289 ‘l‘Z
1733 3238 2014 3305 praesentis

456 3336 636 3405 operis
674 3343 727 3389 et
761 3350 1023 3389 canonem
1057 3334 1079 3386 1
1132 3332 1307 3386 sancti
1335 3330 1536 3383 Basilii.
1572 3330 1887 3397 Qmesiverit
1922 3345 2021 3381 au-

452 3437 561 3482 tent
595 3427 860 3496 quispiam
885 3464 902 3488 ,
937 3424 1070 3505 (ium
1122 3439 1292 3477 canon
1329 3424 1473 3475 soles
1506 3422 1883 3475 schismatieos
1935 3436 2021 3473 sa-

457 3520 705 3575 cerdotes
737 3527 789 3571 et
819 3518 1077 3569 diaconos
1106 3516 1311 3583 puniat.
1338 3516 1381 3567 si
1411 3514 1549 3565 alius
1576 3512 1807 3566 clericus
1830 3523 2021 3581 praeter

458 3613 560 3666 hos
597 3628 622 3663 a
661 3612 743 3663 sui
774 3611 1008 3676 episcopi
1042 3607 1428 3660 communione
1479 3607 1733 3669 recedat,
1768 3605 2016 3673 punietur

459 3720 526 3755 an
578 3703 727 3755 non?
764 3700 992 3754 Salutio.
1040 3700 1171 3753 Cum
1226 3713 1402 3750 canon
1449 3696 1702 3764 deinceps
1746 3697 2017 3765 deponat,

464 3808 571 3847 non
620 3793 794 3845 solum
848 3792 1053 3860 primos
1094 3799 1343 3841 auctores
1393 3786 1728 3851 sacerdotes,
1783 3788 1875 3840 sed
1928 3800 2021 3839 eos

461 3885 625 3939 etiam
658 3884 747 3950 qui
783 3887 1217 3947 consequuntur,
1253 3877 1567 3929 necessario
1612 3890 1805 3927 omnes
1847 3876 2023 3929 schis-

464 3975 624 4030 rnatis
672 3973 828 4040 primi
867 3984 1120 4025 anetores
1152 3970 1378 4031 clerici,
1409 3969 1720 4037 quicunque
1774 3966 1971 4037 fuerint
2002 4007 2041 4039 ,ι

464 4066 696 4137 propriis
726 4063 986 4135 gradibus
1010 4060 1463 4116 exturbahuntur.
1497 4060 1658 4114 ltecte
1686 4069 1865 4113 autem
1903 4074 2021 4128 pre-

462 4161 808 4229 sbyterorum
844 4164 897 4211 et
928 4155 1283 4210 diaconorum
1314 4164 1524 4207 tantum
1556 4152 1798 4206 meminit
1825 4164 2022 4215 eanon,

454 4255 587 4321 quia
618 4251 851 4305 schisma
888 4249 1103 4317 proprie
1133 4250 1198 4300 ab
1229 4248 1335 4301 illis
1370 4247 1464 4309 lit;
1500 4254 1559 4300 ut
1589 4247 1703 4316 qui,
1733 4260 1852 4315 qua:
1881 4246 2024 4298 sacri

462 4352 589 4398 sunt
616 4344 827 4406 altaris,
856 4350 1143 4411 peragant,
1162 4349 1215 4393 et
1236 4355 1429 4393 nomen
1454 4339 1691 4408 episcopi
1718 4338 1798 4393 vel
1827 4340 2027 4393 referre

460 4435 548 4488 νει
581 4450 689 4486 non
726 4433 927 4486 referre
953 4441 1205 4501 possunt.
1239 4429 1346 4483 Nec
1379 4429 1605 4491 dixeris,
1631 4426 1914 4493 Quomodo
1936 4444 2026 4483 ca.

2124 3229 2234 3284 ται,
2280 3224 2372 3273 καί
2421 3219 2497 3288 τῷ
2531 3220 2718 3288 οἰκείῳ
2752 3218 3039 3287 ἐπισκόπῳ
3087 3216 3482 3286 προσέλθωσιν.
3526 3211 3657 3263 Ἀνά-

2120 3312 2289 3383 γνωθι
2320 3314 2411 3365 καὶ
2444 3312 2503 3364 τὸ
2526 3317 2574 3365 α’
2608 3311 2798 3397 κεφάλ.
2818 3310 2910 3363 τοῦ
2951 3310 3014 3380 ιβ’
3073 3309 3255 3362 τίτλου
3294 3308 3389 3361 τοῦ
3422 3308 3657 3375 παρόντος

2123 3405 2637 3471 συντάγματος,καὶ
2659 3404 2749 3454 τὸν
2772 3394 2824 3454 ἀ’
2861 3406 3056 3454 κανόνα
3081 3400 3173 3453 τοῦ
3202 3402 3361 3468 ἁγίου
3380 3394 3656 3471 Βασιλεῖου.

2133 3495 2426 3567 Ἐρωτήσει
2458 3482 2511 3545 δέ
2543 3511 2649 3555 τις,
2682 3493 2755 3555 ὡς
2781 3491 2887 3545 Τοῦ
2941 3494 3166 3555 κανόνος
3202 3494 3403 3562 μόνους
3434 3488 3661 3549 κολάζον-

2122 3604 2214 3649 τος
2244 3588 2371 3648 τοὺς
2420 3588 2810 3654 σχισματικοὺς
2835 3586 3241 3655 πρεσϐυτέρους
3269 3586 3366 3637 καὶ
3384 3583 3658 3643 διακόνους,

2125 3681 2217 3733 ὲάν
2255 3681 2438 3748 ἕτερός
2467 3697 2551 3740 τις
2597 3679 2861 3749 κληρικὸς
2893 3682 3043 3748 παρὰ
3092 3677 3317 3740 τούτους
3348 3678 3553 3743 ἀποστῇ
3606 3676 3656 3724 ἐκ

2122 3779 2222 3847 τῆς
2272 3775 2366 3828 τοῦ
2392 3775 2692 3826 ἐπισκόπου
2730 3773 2894 3825 αὑτοῦ
2932 3773 3243 3835 κοινωνίας,
3297 3770 3660 3837 κολασθήσεται

2124 3869 2157 3938 ἢ
2200 3866 2293 3933 οὓς
2338 3868 2549 3929 Λύσις.
2581 3865 2687 3917 Τοῦ
2729 3864 2946 3926 κανόνος
2978 3862 3175 3931 ἐφεξῆς
3206 3858 3580 3929 καθαιροῦντος
3601 3853 3661 3922 μὴ

2129 3961 2322 4030 μόνους
2354 3959 2479 4019 τοὺς
2503 3957 2868 4028 πρωταιτίους
2896 3955 3247 4023 ἱερωμένους,
3287 3954 3425 4006 ἀλλά
3456 3950 3660 4006 καὶτοὺς

2128 4050 2527 4123 συνεπομένους
2579 4048 2782 4110 αὐτοῖς,
2822 4046 2881 4112 ἐξ
2922 4047 3167 4113 ἀνάγκης
3206 4045 3407 4104 πάντες
3443 4042 3491 4095 οἱ
3538 4056 3663 4107 πρω-

2126 4146 2321 4198 ταίτιοι
2350 4143 2441 4195 τοῦ
2476 4144 2773 4211 σχίσματος
2804 4141 3079 4210 κληρικοὶ,
3113 4135 3215 4192 οἶοι
3244 4138 3314 4192 ἂν
3343 4140 3433 4191 καὶ
3457 4133 3663 4193 ὧσιν,ὲκ

2126 4236 2236 4290 τῶν
2265 4235 2484 4289 οἰκείων
2512 4234 2736 4303 βαθμῶν
2765 4232 3183 4303 διωχθήσονται.
3226 4232 3423 4293 Καλῶς
3465 4231 3518 4282 δὲ
3551 4242 3661 4296 πρι-

2130 4330 2405 4399 σϐυτέρων
2456 4328 2550 4380 καὶ
2600 4327 2861 4379 διακόνων
2901 4330 3080 4395 μόνων
3132 4326 3379 4395 ἐμνήσθη
3433 4326 3459 4377 ὁ
3488 4318 3663 4379 κανὼν,

2128 4425 2211 4475 ὅτι
2233 4422 2435 4490 κυρίως
2462 4422 2520 4473 τὺ
2548 4408 2751 4487 σχίσμα
2771 4418 2921 4486 παρά
2948 4418 3152 4470 τούτων
3179 4419 3411 4485 γίνεται,
3441 4418 3512 4478 ὡς
3541 4416 3667 4481 ἑνερι

461 4544 570 4579 non
606 4528 947 4593 subsequens
984 4523 1231 4576 meminit
1264 4521 1584 4589 presbyteri,
1620 4536 1725 4573 non
1758 4520 1941 4574 itidem
1972 4527 2016 4573 el

2132 4511 2371 4579 γούντων
2402 4512 2469 4564 τὰ
2494 4509 2589 4563 τοῦ
2618 4511 2771 4575 ἁγίου
2814 4508 3229 4576 θυσιαστηρίου,
3260 4508 3357 4561 καὶ
3383 4506 3665 4575 δυναμένων

462 4604 713 4671 diaconi?
761 4618 965 4669 Audies
1009 4615 1177 4676 enim,
1227 4614 1369 4681 quod
1414 4611 1481 4665 ad
1534 4612 1841 4666 sacerdotes
1895 4614 2021 4664 olim

460 4713 634 4780 magis
669 4726 833 4780 quam
870 4709 933 4761 ad
964 4708 1226 4761 diaconos
1260 4704 1453 4757 'relatio
1484 4706 1864 4771 episcoporum
1900 4718 2023 4772 per-

459 4804 669 4857 tinebat
701 4817 715 4853 :
749 4810 801 4854 et
842 4809 1129 4869 propterea
1164 4797 1229 4851 de
1271 4797 1337 4850 iis
1390 4796 1620 4865 amplius
1670 4797 1883 4849 locutus
1923 4804 2025 4849 est.

2133 4604 2484 4674 ἀναφέρεινῆ
2520 4603 2596 4673 μὴ
2618 4603 2911 4672 ἀναφέρειν
2943 4602 3002 4653 τὸ
3025 4602 3195 4668 δνομα
3243 4601 3339 4653 τοῦ
3376 4600 3663 4653 ἐπισκόπου.

2136 4698 2247 4750 Καὶ
2282 4698 2353 4767 μή
2390 4712 2479 4766 μοι
2529 4697 2713 4764 εἴπῃς,
2765 4695 2875 4747 Καὶ
2928 4694 3046 4756 πῶς
3088 4692 3398 4746 ὐποκατιὼν
3453 4693 3481 4743 ὁ
3516 4688 3668 4743 κανὼν

2138 4789 2513 4861 πρεσϐυτέρου
2550 4786 2712 4857 μόνου
2749 4785 3018 4856 ἐμνήσθη,
3055 4787 3114 4840 οὐ
3146 4787 3251 4858 μὴν
3292 4788 3385 4839 καὶ
3407 4783 3665 4858 διακόνους

474 4892 753 4961 Ἀκούσεις
784 4896 891 4965 γὰρ
934 4896 1018 4946 ὅτι
1083 4894 1194 4953 τοῖς
1248 4890 1451 4959 ἱερεῦσι
1517 4889 1682 4944 πάλαι
1755 4878 1917 4944 πλέὸν
1977 4891 2086 4943 τῶν
2145 4883 2409 4940 διακόνων
2451 4882 2520 4935 τά
2578 4881 2707 4952 περὶ
2751 4882 2848 4951 τῆς
2896 4884 3170 4953 ἀναςορᾶς
3227 4883 3333 4936 τῶν
3391 4881 3670 4934 ἐπισκόπων

461 4985 741 5058 ἀνήκουσι·
788 4989 882 5045 καὶ
927 4988 1013 5040 διά
1064 4987 1219 5039 τοῦτο
1283 4989 1410 5055 περὶ
1449 4986 1627 5040 αὐτῶν
1682 4987 1900 5055 ἐποίησε
1937 4988 2028 5041 τὸν
2066 4983 2291 5038 πλείονα
2318 4980 2497 5047 λόγον.

535 5074 787 5136 ZONAR.
821 5080 997 5133 Multis
1024 5079 1220 5139 modis,
1260 5078 1433 5146 inquit
1464 5094 1662 5143 canon,
1697 5078 1898 5133 Christi
1930 5079 2027 5134 Ec-

465 5176 652 5229 clesia:
683 5171 1032 5226 adversarius
1066 5170 1375 5225 insidiatur.
1430 5172 1564 5226 Cum
1616 5175 1759 5227 enim
1792 5174 2026 5243 Spiritus

468 5270 734 5321 tnaelnera
789 5265 1068 5317 hzereSeon
1116 5263 1323 5317 zizania
1360 5266 1620 5320 intercisa
1671 5265 1842 5320 fuisse
1884 5266 2027 5321 haud

466 5356 708 5427 ignoret;
745 5354 901 5407 aliam
939 5354 1206 5427 rationem
1243 5357 1564 5425 excogitavit
1587 5396 1600 5417 ,
1630 5373 1736 5425 qua
1774 5356 2027 5413 Ecclesia:

466 5463 663 5518 corpus
674 5446 996 5508 distrahere,
1016 5443 1429 5517 animorumque
1451 5448 1591 5501 inter
1611 5449 2032 5518 se‘conjurctio-

467 5557 591 5598 nem
623 5541 889 5610 dissipare
929 5553 992 5593 ac
1017 5538 1271 5595 divellere
1292 5542 1481 5610 possit.
1506 5540 1603 5597 Est
1622 5556 1749 5596 vero
1773 5558 1832 5596 ea
1866 5543 2040 5595 scitis-

471 5633 796 5689 maticorum
826 5631 1036 5685 insania
1060 5671 1075 5695 ,
1109 5647 1267 5700 quam
1306 5647 1406 5688 nos
1440 5642 1500 5685 ut
1529 5633 1911 5701 reprimamns,
1947 5633 2041 5685 de-

478 5724 779 5791 cernimus,
818 5723 1070 5793 inquiunt
1101 5726 1289 5795 synodi
1325 5724 1537 5788 Patres,
1579 5739 1648 5778 ne
1672 5725 1793 5794 quis
1821 5724 2042 5793 presby-

489 5824 594 5883 ter,
620 5823 713 5870 aut
736 5814 1020 5883 diaconus,
1042 5830 1159 5870 sese
1194 5816 1259 5869 ab
1299 5815 1541 5889 episcopi
1577 5814 1921 5879 auctoritate,
1953 5813 2040 5868 cui

2210 5072 2451 5126 ΖΩΝΛΡ.
2498 5069 2780 5131 Ποικίλως,
2820 5070 2988 5139 φησὶν
3052 5070 3080 5122 ὀ
3116 5069 3317 5131 κανὼν,
3361 5061 3667 5120 ἐπιϐουλεύει

2136 5172 2203 5239 τῇ
2244 5165 2336 5219 τοῦ
2378 5163 2615 5233 Χριστοῦ
2693 5161 2999 5239 ,Ἐκκλησία
3033 5163 3063 5215 δ
3101 5163 3356 5233 πονηρός.
3414 5158 3554 5211 Ἐπεὶ
3580 5154 3667 5221 γὰρ

2137 5261 2205 5311 τά
2234 5258 2447 5323 ζιζάνια
2468 5254 2575 5305 τῶν
2601 5255 2867 5321 αἱρέσεων
2899 5249 3042 5306 εἶδεν
3086 5254 3466 5322 ὲκτετμημένα
3488 5252 3545 5318 τῇ
3589 5261 3666 5313 μαι

2138 5351 2304 5421 χαίρᾳ
2344 5348 2436 5400 τοῦ
2469 5346 2803 5415 Πνεύματος,
2828 5346 3424 5416 ὲτέρανέμηχανήσατο
3452 5339 3667 5411 μέθοδον,

2135 5446 2225 5497 ἴνα
2266 5444 2326 5495 τδ
2358 5440 2514 5507 σῶμα
2537 5440 2632 5509 τῆς
2676 5439 3001 5508 Ἐκκλησίας
3036 5438 3253 5509 μερίσῃ,
3303 5439 3396 5489 καὶ
3427 5429 3665 5494 διασπάσῃ

2138 5541 2238 5608 τὴν
2294 5537 2508 5589 ἕνωσιν.
2575 5534 2724 5603 Αὕτη
2789 5533 2834 5584 δ’
2872 5534 3019 5585 ἔστιν
3078 5535 3110 5602 ἡ
3172 5536 3281 5585 τὼν
3330 5522 3665 5600 σχισματικών

2142 5600 2330 5702 μανία,
2382 5627 2449 5699 ἢν
2488 5600 2929 5692 ἀναστέλλοντες,
2985 5600 3149 5694 φασὶν
3188 5608 3237 5679 οἱ
3291 5624 3386 5690 τῆς
3448 5600 3675 5671 συνόδου,

2138 5722 2395 5792 ὁρίζομεν
2457 5718 2663 5789 μηδένα
2712 5718 3088 5787 πρεσϐύτερον
3143 5716 3175 5784 ἦ
3214 5716 3452 5768 διάκονον
3493 5705 3665 5775 τολμᾷν

2145 5810 2474 5881 ἀφίστασθαι
2513 5809 2604 5861 τοῦ
2635 5810 2959 5873 ἐπισκόπου,
3028 5807 3120 5877 ὑφ’
3151 5807 3210 5860 ὃν
3266 5806 3423 5868 τελεῖ,
3468 5798 3551 5854 καὶ
3606 5794 3665 5865 μὴ
