3972 6488
300 421 439 484 1065

1456 420 1535 479 ΙΝ
1564 418 1730 479 CAN.
1764 420 1895 479 XIV
1937 417 2147 477 CDNC.
2194 412 2402 476 CPOL.

3408 412 3539 475 1066

289 535 683 601 συγκοινωνείν
710 532 883 602 αὐτῷ,
912 532 1046 602 μηδὲ
1077 532 1376 603 ἀναφέρειν
1408 534 1467 585 τὸ
1499 532 1671 603 ὄνομα
1705 532 1860 585 αὐτοί

1984 530 2262 599 subjectus
2289 540 2371 583 est
2400 529 2741 590 subtrahere,
2788 541 2852 581 ac
2894 525 3061 589 illius,
3096 525 3251 593 quasi
3285 524 3542 581 videlicet

284 627 428 679 κατὰ
466 624 528 677 τὸ
558 624 703 687 ἔθος,
745 624 819 686 ὡς
839 622 980 693 τάχα
1009 624 1397 691 κατεγνωκότα
1432 623 1527 675 τοῦ
1557 623 1863 677 ἐπισκόπου

284 716 477 781 αὐτοῦ,
543 715 671 785 πρὶν
706 714 737 783 ἢ
783 712 1077 775 συνοδικῶς
1112 711 1319 783 ζητηθῇ
1351 714 1383 781 ἡ
1420 713 1560 764 κατὰ
1600 710 1690 764 τοῦ
1746 714 1865 763 ἐπιο

289 811 500 862 σκόπου
547 807 821 877 φερομένη
841 806 989 858 αἰτία
1020 806 1115 857 καὶ⁸
1147 805 1332 857 τελεία
1356 803 1658 874 προενεχθῇ
1683 804 1864 873 ψῆφος

283 898 697 969 κατακρίνουσα
737 897 918 949 αὐτόν·
962 895 1052 948 τὸν
1090 895 1146 949 δὲ
1162 895 1320 948 τοῦτο
1342 896 1646 966 ποιήσαντα
1665 890 1860 946 καθαι-

284 993 526 1058 ρεῖσθαι.
566 988 627 1041 Ὀ
666 988 777 1058 γὰρ
811 990 868 1043 ὲν
902 988 1439 1060 πρεσϐυτέρουάξίᾳ
1490 988 1589 1049 ὢν,
1626 992 1719 1041 καὶ
1756 989 1863 1042 τῶν

285 1083 713 1153 μητροπολιτῶν
744 1081 1008 1152 ἁρπάζων
1052 1083 1161 1152 ,τὴν
1197 1081 1378 1151 κρίσιν
1424 1082 1570 1151 (τοὺς
1598 1083 1706 1151 γὰρ
1745 1083 1863 1134 tm-

280 1174 519 1234 σκόπους
537 1175 584 1224 οἰ
610 1170 1006 1242 μητροπολίται
1032 1171 1323 1240 κρίνουσι),
1361 1171 1455 1223 καὶ
1489 1171 1595 1238 προ
1626 1169 1861 1238 κρίσεως

280 1265 377 1313 τὴν
419 1266 618 1315 οἰκεῖον
647 1264 966 1325 ἐπίσκοπον,
997 1261 1055 1324 ὃς
1092 1261 1275 1331 πατήρ
1326 1263 1473 1312 ἐστιν
1522 1261 1687 1313 αὐτοῦ
1721 1262 1861 1313 κατὰ

281 1352 525 1423 πνεῦμα,
581 1353 809 1421 κρίνων,
840 1353 942 1406 οὐκ
972 1352 1119 1404 ἐστιν
1162 1350 1311 1415 ἄξιος
1357 1352 1432 1414 ὡς
1493 1350 1861 1422 πρεσϐύτερος

281 1445 555 1512 τιμᾶσθαι
590 1446 621 1513 ἦ
651 1443 1034 1514 ὀνομάζεσθαι.
1079 1444 1251 1497 Καὶοί
1298 1447 1655 1513 συνεπόμενοι
1693 1442 1749 1494 δὲ
1784 1443 1859 1510 τῷ

282 1534 653 1606 σχισματικῷ,
682 1537 776 1589 καὶ
804 1517 1194 1605 ἇποσχίξοντες
1225 1536 1321 1589 καὶ
1355 1536 1529 1599 αὐτοὶ,
1569 1533 1861 1604 ίερωμένοι

284 1627 387 1693 μὲν
430 1628 605 1691 ὀντες,
641 1627 1136 1703 καθαιρείσθωσαν,
1174 1627 1355 1681 λαῖκοί
1409 1627 1465 1680 δὲ
1504 1628 1860 1698 τυγχάνοντες

282 1719 316 1789 ἢ
365 1721 611 1789 μοναχοί,
652 1720 1105 1791 ἁφοριζέσθωσαν
1126 1722 1402 1786 παντελῶς
1426 1723 1523 1793 τῆς
1546 1721 1858 1792 ἐκκλησίας,

277 1811 404 1864 ἀντὶ
456 1812 549 1864 τοῦ
616 1812 1052 1888 ἑξωθείσθωσαν,
1104 1813 1249 1867 ὥστε
1304 1815 1439 1885 μηδὲ
1499 1815 1726 1869 εἰσιέναι
1783 1819 1862 1878 εἰς

278 1903 604 1973 ἐκκλησίαν.
659 1883 963 1977 Ἐστιλγὰρ
990 1883 1416 1979 ἁφορισμὸςκαὶ
1449 1907 1511 1960 τὸ
1549 1910 1718 1978 μόνης
1744 1908 1857 1978 εῖρ-
1888 1883 1934 1941 Β

279 1994 477 2060 γνεσθαι
537 1996 635 2065 τῆς
697 1998 1053 2066 μεταλήψεως
1115 1998 1223 2053 τῶν
1288 1999 1446 2052 θείων
1520 1999 1851 2070 μυστηρίων

277 2084 399 2137 ἔστι
451 2085 506 2140 δὲ
541 2088 636 2139 καὶ
658 2088 717 2140 τὸ
775 2087 881 2152 ἔξω
920 2091 1018 2158 τῆς
1060 2091 1393 2163 Ἑκκλησίας
1440 2087 1603 2152 εἶναι,
1633 2092 1692 2145 ὃν
1721 2111 1853 2145 παν-

276 2181 409 2249 τελῆ
451 2181 766 2250 ὠνόμασαν,
799 2182 874 2245 ὼς
906 2181 1227 2253 βαρύτερον.
1268 2182 1473 2253 Καιρὸν
1506 2181 1562 2234 δὲ
1617 2182 1694 2252 τῷ
1717 2183 1852 2250 ἀφο-

280 2273 468 2342 ρισμῷ
524 2274 699 2345 τούτῳ
761 2274 1003 2345 ὁρίζουσι
1059 2275 1158 2345 τὴν
1220 2275 1444 2329 ἐκείνων
1496 2276 1851 2344 ἐπιστροφήν.

284 2365 545 2420 Ἔσονται
574 2368 703 2435 γὰρ,
738 2371 926 2436 φησιν,
952 2367 1330 2436 ἀφωρισμένοι
1356 2366 1550 2437 μέχρις
1574 2367 1649 2420 ’ἂν
1674 2367 1751 2436 τῷ
1770 2369 1853 2420 οἰ-

278 2456 418 2525 κείῳ
449 2459 734 2528 ὲπισκόπῳ
778 2459 1144 2529 προσέλθωσι,
1179 2445 1517 2528 μισήσαντες
1564 2458 1663 2528 τὴν
1718 2458 1855 2525 πρὸς

283 2548 411 2611 τοὺς
446 2552 844 2619 σχισματικοὺς
874 2551 1180 2604 οἰκείωσιν.

1970 625 2037 677 ab
2070 623 2186 692 ipso
2224 622 2594 687 condemnati,
2626 622 2706 675 vel
2735 620 3174 674 communionem
3207 618 3496 689 repudiare
3520 665 3536 686 ,

1968 715 2051 768 vel
2086 716 2154 769 ab
2186 714 2431 783 ejusdem
2478 713 2697 766 nomine
2735 711 2801 766 de
2849 726 2999 766 more
3047 710 3338 767 referendo
3389 712 3538 767 desi-

1969 821 2113 862 ssere
2168 806 2386 868 audeat,
2436 806 2753 875 priusquam
2800 804 3038 874 episcopi
3078 820 3241 859 causa
3278 804 3332 863 in
3378 821 3535 874 syno-

1966 902 2091 955 dico
2124 908 2394 956 conventu
2435 892 2741 954 examinata
2785 910 2837 952 et
2881 899 3097 967 cOgnita
3141 898 3327 962 fuerit,
3358 900 3539 952 omni-

1969 1009 2147 1062 noque
2177 994 2299 1048 latis
2328 991 2601 1059 suffragiis
2651 990 2718 1044 de
2750 990 2897 1045 illius
2931 990 3277 1044 damnatione
3306 989 3377 1043 sit
3417 1004 3537 1058 pro-

1968 1085 2305 1147 nuntiatum;
2345 1083 2547 1151 quique
2600 1080 2652 1134 id
2688 1080 2896 1143 fecerit.
2930 1080 3270 1149 depositione
3317 1078 3534 1134 multari

1961 1173 2237 1242 jnbemus.
2311 1174 2571 1251 Quisquis
2610 1173 2790 1233 ,enim
2872 1173 3193 1227 sacerdotali
3268 1173 3539 1244 dignitate

1965 1267 2245 1335 prazditus,
2284 1282 2405 1335 qute
2434 1268 2978 1337 n‘ietropolitanornm
3007 1265 3203 1335 judicii
3256 1274 3384 1320 sunt
3431 1266 3539 1321 sibi

1965 1369 2220 1427 arrogat.
2275 1359 2500 1429 (quippe
2536 1358 2603 1413 de
2641 1358 2913 1428 episcopis
2945 1357 3193 1426 judicare
3222 1356 3538 1426 metropoli-

1966 1458 2222 1502 tanorum
2252 1450 2531 1519 proprium
2557 1461 2641 1505 est
2669 1447 2891 1516 nuinus)
2914 1465 2978 1503 ac
3005 1450 3318 1517 episcopum
3350 1463 3533 1510 suum,

1964 1539 2054 1608 qui
2089 1539 2392 1608 spiritualis
2443 1542 2617 1611 ipsius
2661 1549 2815 1610 pater
2866 1550 2971 1600 est.
3021 1540 3344 1609 priusquam
3377 1541 3444 1594 de
3472 1555 3539 1594 eo

1963 1632 2257 1702 quidquam
2301 1633 2603 1703 judicatum
2645 1632 2846 1697 fuerit,
2889 1633 3005 1701 ipse
3049 1632 3397 1697 condemnet,
3450 1631 3539 1686 hic

1964 1725 2274 1780 sacerdotis
2312 1727 2520 1780 honore
2566 1735 2660 1779 aut
2701 1726 3066 1794 appellatione
3112 1724 3537 1795 haudquaquam

1971 1825 2055 1870 est
2113 1818 2329 1887 dignus.
2365 1818 2432 1871 Et
2475 1833 2604 1872 vero
2635 1818 2945 1887 quicunque
2993 1816 3359 1872 schismatieis
3405 1830 3539 1869 con-

1963 1910 2266 1965 sentientes
2296 1910 2398 1979 ipsi
2427 1925 2644 1980 quoque
2681 1925 2802 1965 sese
2829 1924 2953 1963 cum
2986 1909 3092 1963 illis
3127 1908 3450 1976 ahjungunt,
3488 1904 3535 1959 si

1964 2002 2179 2072 quidem
2226 2004 2402 2058 sacris
2430 2003 2625 2058 initiati
2670 2002 2802 2068 sint,
2832 2003 3174 2071 deponantur
3225 2017 3240 2054 :
3287 2000 3373 2055 sin
3404 2013 3534 2055 vero

1962 2094 2086 2151 laici
2118 2101 2213 2148 aut
2244 2095 2518 2157 monachi,
2550 2094 2768 2163 penitus
2817 2101 3192 2162 segregantur,
3254 2092 3358 2146 hoc
3403 2101 3530 2156 est,

1961 2185 2060 2250 ita,
2094 2194 2153 2240 ut
2179 2201 2247 2240 ne
2279 2187 2565 2242 ecclesiam
2597 2186 2815 2256 quidem
2866 2185 2999 2255 ipsis
3032 2180 3243 2255 ingredi
3271 2182 3380 2256 jt‘as
3439 2183 3533 2247 sit,

1963 2277 2273 2346 ejiciantur.
2326 2278 2419 2333 Est
2469 2293 2700 2348 namque
2741 2278 3042 2348 segregatio
3075 2254 3292 2342 etiam:
3323 2284 3445 2330 c‘um
3501 2290 3534 2329 a

1966 2371 2087 2422 solo
2121 2369 2433 2424 divinorum
2462 2370 2845 2439 mysteriorum
2877 2369 3229 2439 perceptione
3262 2368 3532 2438 quispiam

1962 2471 2367 2517 summovetur:
2387 2472 2470 2518 est
2492 2463 2681 2528 etiam,
2712 2477 2838 2516 cum
2860 2461 3107 2516 ecclesia:
3132 2474 3352 2530 quoque
3380 2457 3533 2513 aditu

1961 2557 2235 2627 segregati
2301 2557 2697 2626 prohibentur;
2765 2557 2911 2625 quod
2975 2553 3190 2625 penitus
3261 2550 3533 2621 segregari

278 2644 559 2707 dixerunt,
589 2645 715 2714 quia
747 2647 964 2713 gravior
1009 2662 1071 2701 ea
1103 2646 1403 2717 segregatio
1446 2647 1538 2702 sit.
1597 2647 1845 2716 Spatium
1887 2663 2075 2718 porro,
2105 2668 2390 2723 quousque
2418 2653 2484 2706 ad
2508 2653 2802 2707 sanitatem
2858 2649 3107 2704 homines
3162 2653 3532 2705 revertantur.

272 2736 645 2805 segregationi
713 2738 1038 2805 pra'ﬁniuut.

271 2825 649 2881 schismaticis
684 2826 1073 2896 familiaritate,
1104 2844 1163 2884 se
1198 2830 1569 2899 adjuuxerint.

270 2915 502 2970 ΔΡΙΣΤ.
544 2937 561 2968 ι
609 2919 674 2971 EE
702 2937 784 2983 τις
840 2920 1263 2992 πρεσϐύτεροςῆ
1303 2923 1571 2985 διάκονος,
1601 2922 1855 2991 ὡςδῆθεν

360 3026 377 3057 ι
421 3008 507 3058 ἐπ’
537 3008 853 3078 ἐγκλήματι,
872 3009 965 3062 τοῦ
990 3011 1193 3065 οἰκείου
1236 3011 1602 3081 κατεγνωκὼς
1628 3012 1854 3066 ἐπισκό-

360 3114 378 3145 ‹
424 3111 551 3159 που,
610 3099 715 3166 πρὸ
772 3099 1059 3168 συνοδικῆς
1119 3099 1463 3167 διαγνώσεως
1503 3102 1716 3171 ἀποστῇ
1756 3100 1855 3169 τῆς

361 3206 378 3237 ι
427 3189 595 3239 αὑτοῦ
649 3192 958 3258 κοινωνίας,
1021 3196 1113 3245 καὶ
1157 3193 1233 3263 μὴ
1289 3194 1549 3264 ἀναφέρει
1590 3194 1754 3247 αὐτοῦ
1795 3194 1855 3246 τὸ

362 3299 378 3330 ι
428 3280 619 3352 ὄνομα,
652 3284 1044 3354 καθαιρείσθω,
1081 3286 1175 3339 καὶ¹
1202 3285 1382 3355 πάσης
1425 3287 1705 3357 ἱερατικῆς
1738 3304 1854 3338 στε-

358 3390 378 3422 ι
428 3374 629 3442 ρείσθω
682 3379 870 3445 τιμῆς.
934 3379 998 3429 Oi
1062 3378 1119 3430 δὲ
1162 3377 1538 3447 συνεπόμενοι,
1593 3378 1857 3448 ίερατικοὶ

368 3484 386 3515 ι
439 3466 536 3534 μὲν
600 3468 774 3532 ὄντες,
811 3469 910 3537 τῆς
938 3470 1142 3533 οἰκείας
1201 3470 1367 3540 τιμῆς
1422 3471 1855 3532 ὲκπιπτέτωσαν,

363 3574 382 3606 ι
434 3560 657 3628 μοναχοὶ
723 3560 779 3613 δὲ
832 3561 864 3631 ἢ
912 3562 1113 3627 λαῖκοὶ,
1168 3560 1615 3630 ἀφοριξέσθωσαν
1667 3562 1857 3632 μέχρις

364 3666 382 3699 ι
432 3652 837 3720 ἐπιστραφεῖεν.
883 3672 901 3703 ›

917 3747 1157 3800 ΚΑΝΩΝ
1185 3746 1286 3802 ΙΔ⁹.

276 3853 301 3886 ι
349 3834 418 3889 Εἴ
452 3854 535 3898 τις
565 3837 890 3903 ἐπίσκοπος,
929 3840 1277 3909 ἐγκλήματος
1335 3841 1611 3911 πρόφασιν
1673 3839 1857 3891 ποιού-

358 3947 376 3978 ι
427 3946 585 3997 μενος
621 3931 869 3982 κατὰτοῧ
908 3931 1111 3983 οἰκείου
1138 3933 1555 4002 ,μητροπολίτου
1589 3932 1694 4001 πρὸ
1724 3950 1854 3986 συν·
1920 3996 1923 3997 ν

358 4041 378 4073 ι
422 4022 611 4091 οδικῆς
652 4022 1020 4090 διαγνώσεως,
1052 4025 1352 4094 ἀποστήσει
1382 4025 1574 4079 ἑαυτὸν
1603 4025 1700 4094 τῆς
1722 4026 1856 4095 πρὸς

361 4133 379 4163 ι
429 4115 590 4166 αὐτὸν
642 4114 951 4178 κοινωνίας,
1014 4115 1109 4167 καὶ
1146 4114 1220 4185 μὴ
1277 4116 1537 4186 ἀναφέρει
1575 4116 1637 4168 τὸ
1683 4116 1855 4184 ὄνομα

362 4226 382 4259 ι
430 4206 596 4259 αὐτοῦ
633 4206 776 4259 κατὰ
802 4206 861 4258 τὸ
887 4206 1195 4274 εἰθισμένον
1233 4209 1291 4259 ἐν
1318 4211 1382 4278 τῇ
1414 4207 1532 4279 θείᾳ
1565 4224 1856 4277 μυσταγω-

357 4319 375 4350 ι
423 4299 543 4370 γίᾳ,
571 4298 763 4351 τοῦτον
805 4297 1002 4367 ὥρισεν
1035 4301 1067 4368 ἡ
1100 4301 1230 4367 ἁγία
1272 4299 1488 4362 σύνοδος
1530 4300 1853 4370 καθῃρημέ-

361 4408 379 4440 ι
428 4407 517 4441 νον
577 4385 742 4454 εἶναι,
794 4388 842 4441 εί
892 4388 1052 4458 μόνον
1093 4389 1396 4461 ἐλεγχθείη,
1464 4389 1709 4453 ἀποστὰς
1759 4389 1853 4442 τοῦ

362 4501 382 4533 ι
428 4481 635 4533 οἰκείου
670 4479 1069 4549 μητροπολίτου
1102 4481 1195 4533 καὶ
1229 4480 1434 4550 σχίσμα
1465 4481 1694 4550 ποιήσας
1728 4496 1744 4511 ·
1773 4480 1856 4533 δεῖ

359 4593 377 4624 ι
427 4578 537 4643 γὰρ
580 4573 812 4626 ἕκαστον
842 4574 910 4626 τὰ
964 4575 1141 4625 οἰκεῖα
1199 4573 1375 4641 μέτρα
1418 4571 1724 4638 γινώσκειν,
1760 4572 1854 4624 καὶ

356 4688 374 4718 ι
422 4669 560 4735 μήτε
592 4665 684 4717 τὸν
718 4665 1090 4734 πρεσϐύτερον
1133 4666 1499 4733 καταφρονεῖν
1523 4665 1619 4716 τοῦ
1649 4666 1849 4718 οἰκείου
1886 4692 1931 4747 D

352 4778 369 4808 ι
422 4756 748 4819 ἐπισκόπου,
797 4756 934 4825 μήτε
991 4756 1081 4808 τὸν
1131 4755 1435 4809 ἐπίσκοπον
1492 4754 1587 4807 τοῦ
1646 4756 1849 4807 οἰκείου

355 4869 373 4899 ι
427 4847 853 4917 μητροπολίτου.
907 4867 926 4899 ι

349 4941 545 4993 ΒΑΛΣ.
589 4940 699 4993 Καὶ
734 4940 762 4991 ό
802 4938 995 5009 παρὼν
1044 4938 1224 4991 κανὼν
1254 4941 1442 5006 ὅμοιος
1496 4943 1638 4993 κατὰ
1672 4939 1850 4991 πάντα

267 5034 394 5087 ἐστὶ
435 5032 514 5101 τῷ
556 5031 662 5102 πρὸ
705 5030 890 5096 αὑτοῦ,
934 5031 1037 5084 κᾶν
1061 5031 1352 5103 διαλλάττει
1404 5034 1531 5101 περὶ
1565 5033 1629 5083 τὰ
1674 5032 1848 5100 πρόσ-

268 5141 425 5176 ωπι.

352 5219 600 5275 ΖΩΝΑΡ.
643 5218 724 5273 Τὰ
770 5218 910 5273 αὐτὰ
942 5217 1037 5271 τοῦ
1074 5219 1349 5286 ἀνωτέρου
1391 5221 1612 5279 κανόνος
1668 5218 1759 5271 καὶ
1822 5220 1851 5268 ὁ
1898 5284 1905 5287 1

271 5309 463 5364 κανὼν
490 5302 647 5373 οὗτος
687 5311 819 5381 περὶ
850 5312 1172 5365 ἐπισκόπων
1203 5311 1613 5380 ἀποσχιζόντων
1644 5312 1709 5364 ἐκ
1742 5310 1850 5363 τῶν

273 5404 430 5456 ἰδίων
461 5402 901 5473 μητροπολιτῶν,
940 5402 1138 5472 καὶμὴ
1184 5400 1591 5454 κοινωνούντων
1639 5402 1845 5460 αὐτοῖς,

272 5494 417 5565 μηδὲ
452 5495 833 5565 ἀναφερόντων
858 5493 1077 5558 αὐτοὺς,
1105 5494 1424 5564 διορίζεται.

268 5589 499 5645 ΔΡΙΣΤ.
536 5609 554 5643 ι
590 5590 703 5645 Καὶ
758 5588 813 5643 εἴ
848 5606 932 5651 τις
1001 5588 1298 5650 ἐπίσκοπος
1352 5587 1485 5639 αὐτὸ
1535 5586 1692 5639 τοῦτο
1730 5574 1879 5639 τοὶ-ί

355 5699 377 5734 ι
426 5683 590 5752 μήσει
627 5681 770 5736 κατὰ
807 5681 902 5734 τοῦ
942 5679 1145 5733 οἰκείου
1182 5680 1610 5749 μητροπολίτου,
1656 5678 1851 5731 καθαι-

353 5793 372 5827 ι
422 5773 642 5847 ρείσθω.
687 5776 776 5827 Δεῖ
804 5774 910 5845 γὰρ
944 5772 1174 5825 ’ἑκαστον
1197 5771 1267 5824 τᾶ
1290 5774 1463 5825 οἰκεῖα
1489 5773 1664 5842 μέτρα
1691 5770 1850 5838 γινώ-

352 5884 372 5919 1
425 5885 519 5922 σκε
529 5885 593 5923 ιν.

599 5960 868 6020 ΡΛἸἫΟΙ..
922 5960 1035 6019 Gn.
1084 5958 1418 6020 CXXXVII.

1121 2738 1291 2793 Erunt
1341 2739 1644 2808 siquidem,
1708 2740 1946 2807 inquit,
1990 2745 2291 2815 segregati,
2346 2744 2525 2801 donec
2560 2746 2821 2815 episcopo
2882 2756 3005 2808 suo,
3066 2738 3352 2808 repudiata
3406 2750 3532 2791 cum

1962 2923 2189 2979 ARIST.
2223 2946 2241 2977 ι
2279 2926 2334 2980 Si
2356 2926 2480 2994 quis
2511 2926 2793 2996 presbyter
2822 2924 2906 2978 vel
2934 2924 3197 2978 diaconus
3224 2956 3241 2983 .
3270 2919 3528 2974 nimirum

2040 3037 2059 3068 ι
2095 3035 2159 3073 ac
2178 3019 2222 3073 si
2245 3019 2554 3093 episcopum
2577 3033 2733 3072 suum
2758 3017 3054 3099 eterimiue
3071 3015 3253 3082 aliquo
3277 3011 3531 3067 coudsm-
3604 3062 3605 3069 η

2037 3128 2054 3159 ι
2104 3120 2299 3174 naret,
2329 3120 2453 3164 ante
2484 3108 2799 3179 synodalem
2853 3106 3242 3175 cognitionem,
3289 3102 3359 3156 ab
3386 3101 3529 3155 illius

2038 3221 2055 3252 ι
2098 3203 2483 3256 communione
2512 3217 2569 3256 se
2604 3199 2946 3265 subduxerit,
2980 3212 3033 3253 et
3060 3212 3253 3251 nomen
3284 3197 3401 3265 ejus
3423 3192 3530 3247 uOn

2039 3313 2055 3342 ι
2103 3294 2371 3356 retulerit,
2399 3295 2726 3363 deponatur,
2746 3304 2798 3348 et
2827 3289 3316 3347 omnisacerdotali
3353 3288 3531 3356 digiti-

2038 3408 2052 3436 ι
2100 3396 2208 3441 tate
2236 3388 2499 3456 privetur.
2535 3386 2637 3452 Qui
2664 3396 2841 3440 autem
2865 3398 2988 3440 eum
3022 3392 3452 3453 consequuntur,
3482 3379 3528 3433 si

2035 3498 2053 3529 ι
2091 3478 2505 3547 quidemsacris
2550 3480 2658 3533 sint
2713 3478 2928 3539 initiati,
2966 3476 3227 3543 dignitate
3265 3490 3363 3529 sua
3385 3473 3529 3527 esci-

2037 3589 2055 3621 ι
2092 3571 2220 3625 dant
2249 3571 2372 3639 :,sin
2397 3571 2651 3625 monachi
2673 3570 2755 3630 vlg]
2785 3570 2926 3633 laici,
2952 3579 3320 3638 segregentur,
3357 3581 3528 3636 usque

2036 3681 2053 3712 ι
2094 3663 2220 3715 dum
2264 3666 2462 3718 reversi
2493 3663 2714 3717 fuerint.
2757 3682 2774 3713 ι

2407 3754 2570 3826 354
2609 3752 2838 3809 amor:
2887 3751 3027 3807 xw.

1968 3865 1983 3895 ‹
2024 3844 2076 3897 Si
2132 3848 2258 3914 quis
2322 3848 2613 3917 episcopus
2671 3847 3078 3917 metropolitani
3132 3862 3339 3902 crunen
3391 3864 3529 3917 pra:-

2042 3959 2059 3989 ι
2102 3949 2312 4001 texens,
2355 3949 2483 3994 ante
2525 3940 2839 4011 synodalem
2869 3942 3259 4010 cognitionem,
3290 3944 3525 4012 seipsuut

2037 4052 2054 4083 ι
2105 4034 2174 4086 ab
2212 4035 2330 4101 ejus
2382 4035 2764 4088 communione
2815 4034 3179 4097 subduxerit.
3223 4046 3272 4090 ot
3326 4053 3523 4091 nomen

2037 4144 2053 4172 ι
2090 4123 2207 4192 ejus
2235 4124 2287 4176 in
2330 4123 2499 4176 divini
2536 4125 2782 4195 mysterii
2814 4127 3179 4182 celebratione
3212 4136 3269 4181 ut
3296 4144 3525 4185 consue-

2036 4236 2053 4266 ι
2095 4224 2207 4269 tum
2238 4225 2341 4283 est,
2375 4231 2480 4269 non
2509 4214 2737 4281 referat;
2766 4228 2952 4271 sancta
2993 4218 3235 4288 synodus
3277 4234 3401 4273 eum
3433 4222 3525 4275 de-

2037 4327 2053 4358 ι
2095 4307 2331 4378 positum
2361 4324 2483 4363 esse
2509 4310 2721 4372 statuit,
2749 4311 2794 4363 si
2821 4318 3029 4363 tantum
3057 4313 3337 4367 convictus
3362 4312 3525 4370 fuerit

2036 4420 2053 4450 ι
2093 4416 2121 4454 a
2152 4401 2372 4470 proprio
2404 4401 2828 4470 metropolitano
2876 4402 3169 4457 recessisse
3198 4411 3251 4457 et
3281 4407 3521 4463 schistna

2033 4513 2051 4544 ‹
2095 4493 2307 4554 fecisse.
2341 4492 2571 4563 Oportet
2597 4494 2743 4547 enim
2786 4510 3226 4564 unumquemque
3274 4498 3522 4567 proprias

2033 4606 2051 4634 σ
2100 4601 2384 4640 mensuras
2418 4600 2750 4656 cognoscere
2776 4596 2829 4639 et
2856 4602 2955 4641 nec
2982 4587 3358 4657 presbyterum
3392 4605 3523 4659 pro-

2033 4698 2051 4729 ‹
2090 4681 2265 4747 prium
2309 4681 2619 4749 episcopum
2656 4690 3005 4736 contemnere
3058 4697 3157 4736 nec
3201 4682 3517 4753 epist-apum

1986 4770 1993 4775 “
2031 4788 2049 4819 ι
2091 4774 2373 4840 proprium
2404 4773 2901 4839 metropolitanum.
2943 4791 2960 4821 ι
3005 4807 3018 4823 .

2028 4948 2220 5003 BALS.
2263 4948 2506 5005 Praesens
2538 4964 2754 5019 quoque
2784 4965 2959 5003 canon
2992 4951 3317 5017 prmcedeuti
3350 4962 3433 5005 est
3464 4951 3515 5005 iu

1955 5041 2206 5096 omnibus
2240 5040 2457 5105 similis,
2491 5042 2703 5096 etiamsi
2732 5042 2784 5094 in
2815 5040 3063 5109 personis
3102 5040 3372 5107 diderant.

2026 5221 2274 5278 ZONAR.
2308 5223 2505 5276 Eadem
2537 5237 2658 5275 cum
2685 5222 2953 5290 superiori
2985 5236 3193 5276 canone
3216 5222 3285 5275 de
3311 5222 3512 5291 episco-

1957 5316 2063 5384 pis,
2097 5315 2186 5384 qui
2234 5328 2295 5369 se
2342 5329 2371 5366 a
2415 5313 2955 5381 metropolitanorum
3005 5328 3230 5367 suorum
3296 5313 3516 5379 conjun-

1954 5407 2144 5459 ctione
2177 5404 2461 5462 divellnnt.
2504 5418 2604 5457 nec
2635 5403 2715 5457 eis
2744 5403 3168 5470 communicant,
3201 5419 3300 5459 nec
3330 5420 3515 5459 eorum

1954 5498 2173 5553 nomina
2204 5496 2466 5559 referunt,
2502 5497 2587 5549 hic
2617 5511 2832 5564 quoque
2860 5512 3032 5550 canon
3062 5496 3328 5550 decernit.

2022 5588 2249 5643 ARIST.
2290 5608 2307 5638 ι
2346 5588 2413 5641 Ει
2455 5588 2502 5641 si
2540 5587 2662 5656 quis
2692 5589 2981 5657 episcopus
3035 5589 3087 5642 id
3124 5588 3301 5657 ipsum
3350 5601 3514 5643 ausus

1961 5703 1980 5735 ι
2025 5682 2185 5737 fuerit
2213 5692 2403 5734 contra
2445 5696 2603 5733 suum
2641 5681 3115 5750 metropolitanum
3141 5718 3155 5743 ,
3190 5677 3514 5745 deponatur.

1961 5794 1978 5825 ι
2016 5772 2241 5839 Oportet
2276 5772 2417 5825 enim
2448 5788 2883 5841 uniunquemque
2920 5770 3171 5840 proprias
3204 5783 3333 5824 suas
3370 5783 3514 5823 mem

1959 5884 1976 5915 ι
2016 5881 2176 5921 suras
2206 5880 2553 5934 eugnoscere.
2594 5884 2610 5915 ι

3053 5955 3127 6018 34
