3972 6488
509 416 646 480 1067

1084 519 1312 578 CANON
1365 519 1478 574 XV.

1757 403 2039 464 TllEOl).
2073 401 2476 461 BALSAMON

2097 517 2142 573 Α

3610 403 3739 464 1068

2745 509 2987 564 ΚΔΝΩΝ
3043 509 3143 564 ΙΕ’.

504 642 524 678 ι
569 627 698 689 Quae
726 621 796 674 de
841 617 1179 689 presbyteris
1209 623 1262 667 et
1306 611 1578 682 episcopis
1611 619 1663 664 et
1699 607 2067 678 metropolita-

2243 607 2322 660 Τά
2359 606 2646 676 ὁρισθέντα
2701 606 2792 658 ἐπὶ
2828 603 3219 674 πρεσϐυτέρων
3272 601 3366 654 καὶ
3420 602 3739 656 ἐπισκόπων

580 733 599 767 ι
649 715 731 767 nis
767 709 1072 765 constituta
1115 715 1262 771 sunt,
1295 705 1467 759 multo
1497 702 1665 770 magis
1693 701 1853 754 etiam
1893 703 1942 752 in
1976 715 2070 767 pa-

578 826 594 857 ι
645 804 915 858 triarcbas
941 798 1291 856 conveniunt.
1329 795 1692 862 Quamobrem
1718 793 1763 847 si
1789 792 1911 860 quis
1949 807 2068 859 pre-

561 917 594 949 ⁴ι
639 899 848 967 sbyter,
883 894 966 947 vel
996 894 1310 962 episc0pus,
1338 887 1420 942 vel
1447 884 1902 953 metropolitanns
1930 897 1959 934 a
1983 881 2065 935 sui

578 1007 595 1039 ι
639 986 964 1058 patriarcha:
990 980 1374 1038 communione
1401 976 1652 1032 recedere
1676 989 1846 1029 ausus
1883 973 2066 1035 fuerit,

577 1099 594 1132 ι
638 1092 690 1134 et
728 1095 924 1134 nomen
958 1076 1078 1146 eius
1117 1077 1168 1128 iu
1202 1073 1368 1128 divini
1393 1069 1636 1141 mysterii
1678 1067 2064 1123 celebratione.

577 1193 594 1224 ι
638 1185 796 1244 prout
823 1173 1184 1225 constitutum
1213 1174 1296 1222 est
1335 1174 1390 1220 et
1427 1163 1736 1220 ordinatum
1775 1175 1882 1212 non
1932 1156 2068 1210 refe-

579 1287 594 1318 ι
642 1277 744 1328 rat,
779 1263 874 1319 sed
907 1271 1032 1315 ante
1063 1259 1321 1330 synodale
1353 1258 1655 1316 decretum,
1683 1263 1734 1306 et
1773 1249 2067 1320 perfectam

580 1382 596 1410 ι
641 1362 758 1428 ejus
796 1354 1303 1411 condemnationem
1332 1350 1573 1403 scbisma
1606 1345 1831 1406 fecerit;
1870 1343 2066 1395 statuit

580 1475 596 1503 ι
644 1460 831 1504 sancta
883 1448 1122 1518 synodus
1155 1459 1278 1498 eum
1310 1455 1430 1496 esse
1463 1439 1532 1492 ab
1565 1437 1712 1491 omni
1767 1425 2070 1490 sacerdotio

580 1565 596 1594 ι
636 1547 891 1604 alienum,
935 1541 978 1594 si
1015 1539 1067 1592 in
1099 1537 1201 1590 boc
1241 1534 1416 1590 solum
1445 1530 1738 1599 deliquisse
1776 1527 2066 1581 convictus

581 1656 599 1688 ι
643 1635 827 1690 fuerit.
861 1632 926 1686 Et
955 1631 1070 1684 haec
1101 1627 1319 1700 quidem
1350 1624 1647 1680 constituta
1694 1631 1745 1675 et
1785 1619 2070 1687 obsignata

584 1750 599 1781 ι
646 1740 768 1784 sunt
799 1727 866 1780 de
899 1724 988 1787 iis,
1018 1723 1108 1792 qui
1146 1721 1454 1789 aliquorum
1486 1713 1777 1769 criminum
1813 1717 2071 1781 przelextu

582 1844 598 1875 ι
638 1840 663 1875 a
702 1820 939 1891 propriis
982 1813 1308 1887 praesulibus
1363 1809 1666 1869 recedunt,
1722 1813 1776 1858 et
1832 1801 2067 1857 schisma

585 1937 599 1967 ι
650 1917 875 1973 faciunt,
918 1918 971 1962 et
1001 1907 1254 1962 Ecclesiae
1297 1903 1554 1956 unionem
1590 1897 1922 1951 convellunt.
1963 1891 2092 1956 Qui-

583 2029 598 2058 ι
643 2009 784 2059 enim
815 2011 1036 2074 prepter
1085 1996 1319 2051 bmrcsin
1365 1993 1624 2062 aliquam,
1657 2004 1685 2040 a
1734 1985 1936 2042 sanctis
1970 1985 2070 2036 Pa-

585 2123 601 2152 ι
645 2102 821 2154 tribus
854 2100 934 2150 vel
967 2092 1193 2165 synodis
1217 2089 1654 2144 condemnatam.
1680 2099 1739 2136 se
1767 2095 1793 2133 a
1819 2079 2069 2151 priesulis

587 2221 602 2243 ο.
641 2190 1024 2249 communione
1078 2191 1371 2253 separant,
1434 2178 1527 2232 illo
1584 2175 1814 2229 haercsin
1860 2171 2070 2226 scilicet

585 2309 601 2338 ι
649 2286 860 2354 publice
898 2279 1247 2350 praedicante,
1277 2282 1330 2328 ct
1366 2270 1511 2326 nudo
1538 2269 1714 2337 capite
1757 2267 1811 2319 in
1839 2263 2071 2319 ecclesia

588 2402 602 2431 ι
647 2383 911 2441 docente;
972 2374 1009 2428 ii
1038 2388 1145 2425 non
1201 2368 1377 2422 solum
1417 2364 1693 2420 cauonicm
1743 2375 1915 2429 poenae
1961 2372 2070 2410 non

587 2495 606 2527 ι
647 2471 1025 2540 subjicientur,
1062 2474 1188 2516 ante
1219 2458 1536 2530 synodalem
1567 2453 1933 2524 cognitionem
1963 2451 2072 2505 sei.

590 2587 604 2616 ι
645 2579 772 2634 psos
799 2576 827 2614 a
849 2557 1233 2614 communione
1256 2551 1393 2620 ejus,
1421 2550 1512 2621 qui
1542 2550 1830 2618 episcopus
1847 2544 2072 2604 dicitur,

590 2677 606 2709 ι
650 2657 1000 2725 sejungcntes
1035 2667 1050 2704 :
1089 2648 1183 2704 sed
1241 2656 1294 2700 et
1347 2645 1574 2706 honore,
1625 2640 1720 2710 qui
1757 2637 2074 2691 ortltodoxis

592 2770 608 2802 ι
648 2747 920 2808 convenit,
954 2740 1105 2811 digni
1152 2737 1512 2791 habebuntur.
1542 2731 1659 2786 Non
1686 2729 1829 2786 enim
1865 2728 2076 2799 episco—

591 2861 608 2894 ι
648 2856 768 2911 pos,
810 2837 904 2892 sed
949 2832 1406 2904 psemlepiscopos
1453 2827 1707 2882 doctores
1739 2823 2075 2878 condemna-

592 2955 609 2986 ι
650 2941 775 2987 ruut
819 2947 832 2982 :
885 2937 938 2983 et
987 2943 1093 2981 non
1145 2923 1443 2978 schismate
1494 2919 1753 2973 Ecclesia:
1810 2914 2073 2970 unionem

591 3048 608 3079 ι
658 3025 1079 3084 consciderunt,
1121 3020 1214 3076 sed
1269 3032 1298 3071 a
1347 3013 1734 3071 schismatibus
1764 3020 1817 3065 et
1847 3007 2076 3064 divisio-

593 3143 609 3174 ι
650 3123 809 3177 nibus
847 3117 1142 3175 Ecclesiam
1175 3114 1408 3168 liberare
1436 3109 1790 3165 studuerunt.
1835 3124 1853 3156 ›

587 3387 782 3440 BALS.
822 3385 916 3438 llic
947 3396 1166 3454 quoque
1214 3393 1458 3450 prazsens
1504 3391 1677 3431 canon
1727 3373 1918 3429 eadem
1957 3386 2080 3424 cum

518 3481 587 3536 53
620 3491 674 3534 et
713 3479 780 3532 l4
826 3492 1036 3532 canone
1083 3474 1267 3542 aliqua
1313 3487 1379 3525 ex
1424 3477 1576 3540 parte
1621 3467 1894 3537 praecepit.
1945 3463 2086 3516 Dicit

515 3576 660 3627 enim
697 3586 782 3630 ea,
809 3583 930 3638 qua:
965 3565 1116 3636 prius
1155 3563 1373 3618 delinita
1403 3567 1552 3624 sunt,
1584 3558 1747 3612 etiam
1776 3557 1829 3609 in
1861 3553 2089 3625 patriar-

517 3664 672 3716 eham
705 3660 874 3713 multo
906 3656 1076 3726 magis
1098 3653 1407 3714 convenire,
1435 3650 1658 3722 quando
1690 3649 1756 3702 al)
1785 3648 1906 3714 ejus
1932 3660 2086 3700 com-

448 3762 458 3774 ‘
521 3751 776 3805 munione
814 3765 873 3802 se
918 3748 1041 3816 quis
1071 3755 1275 3799 temere
1309 3742 1667 3800 subtraxerit.
1705 3738 1938 3794 Perinde
1983 3753 2084 3790 au-

521 3854 626 3896 tem
661 3858 722 3894 ae
751 3841 793 3895 si
831 3841 1060 3894 dixisset
1087 3837 1378 3908 quispiam,
1414 3835 1457 3890 si
1498 3849 1564 3890 ex
1600 3848 1764 3890 causa
1795 3832 2083 3902 probabili,

522 3935 774 3989 videlicet
813 3942 1030 4003 propter
1065 3929 1290 3985 luci-esin
1331 3931 1600 3992 fortasse,
1653 3927 1777 3996 quis
1821 3943 1848 3978 a
1881 3926 2087 3995 proprii

521 4027 784 4081 antistitis
836 4022 1222 4079 communione
1274 4020 1585 4084 recesserit,
1637 4035 1737 4074 cur
1788 4016 2089 4088 punietur?

523 4119 761 4171 inferunt
793 4113 980 4169 Patres
1008 4153 1025 4180 ,
1051 4114 1194 4184 quod
1229 4114 1344 4166 ltazc
1373 4121 1502 4165 tunc
1537 4111 1690 4174 linnt,
1732 4108 1948 4178 quando
1989 4107 2085 4159 ali~

521 4214 676 4277 eiijus
719 4206 1022 4262 criminalis
1050 4210 1233 4260 causa
1283 4213 1545 4274 praetexui
1582 4217 1678 4272 per
1710 4218 1767 4256 se
1807 4202 1931 4269 quis
1964 4215 2088 4268 pro-

523 4303 696 4371 prium
723 4281 994 4370 pastoi‘en't
1025 4296 1494 4358 condemnaverit,
1521 4303 1576 4348 et
1605 4295 1723 4348 ideo
1746 4296 1987 4364 scipsum
2022 4293 2090 4345 ab

522 4414 584 4448 eo
620 4393 936 4457 absciderit,
969 4399 1024 4445 et
1059 4394 1161 4446 boc
1191 4389 1353 4444 modo
1391 4389 1648 4443 Ecclesiae
1680 4388 1937 4443 unionem
1971 4402 2019 4454 pi
2041 4402 2091 4439 r—

525 4489 750 4558 iuperit.
791 4484 846 4539 Si
885 4479 1026 4539 enim
1081 4499 1186 4538 non
1233 4491 1456 4552 propter
1481 4481 1817 4548 criminaleip
1859 4494 2090 4532 accusa-

2122 1675 2144 1696 δ

2103 1861 2144 1918 Β

2110 3205 2155 3283 C

2248 718 2266 749 ι
2309 702 2404 753 καὶ
2430 698 2844 769 μητροπολιτῶν
2886 697 3068 766 πολλῷ
3096 696 3296 766 μᾶλλον
3340 698 3434 750 καὶ
3493 698 3588 750 ἐπὶ
3640 713 3739 749 πα-

2245 810 2264 843 ι
2303 790 2580 862 τριαρχῶν
2610 791 2866 860 ἁρμόζει.
2910 791 3096 850 Ὥστε,
3133 789 3301 851 εἴτις
3355 790 3676 851 ἐπίσκοπος,
3707 787 3737 857 ἦ

2246 903 2264 935 ι
2305 883 2699 952 πρεσϐύτερος,
2738 883 2770 952 ἢ
2817 883 3224 952 μητροπολίτης
3253 881 3584 951 τολμήσειεν
3602 883 3735 932 ἀπο-

2245 996 2263 1027 ι
2304 976 2497 1058 στῆναιι
2553 975 2650 1044 τῆς
2684 975 2819 1044 πρὸς
2849 976 2940 1028 τδν
2966 976 3164 1027 οἰκεῖον
3199 975 3544 1044 πατριάρχην
3566 991 3741 1026 κοινω-

2251 1087 2270 1119 ι
2309 1068 2450 1131 νίας,
2487 1067 2578 1121 καὶ
2618 1066 2693 1137 μὴ
2717 1068 2979 1137 ἀναφέροι
3024 1067 3084 1119 τὸ
3119 1067 3180 1120 δν
3217 1084 3294 1136 μα
3323 1066 3487 1120 αὐτοῦ
3515 1069 3654 1120 κατὰ
3681 1068 3738 1118 τὸ

2247 1183 2263 1214 ι
2302 1163 2609 1234 ὡρισμένον
2637 1164 2730 1214 καὶ
2747 1160 3167 1230 διατεταγμένον
3197 1161 3254 1212 ἐν
3293 1164 3356 1230 τῇ
3393 1160 3515 1232 Θείᾳ
3539 1178 3740 1230 μυστα-

2248 1276 2266 1309 ι
2305 1256 2507 1327 γωγίᾳ,
2525 1254 2664 1308 ἀλλά
2681 1253 2787 1324 πρὸ
2801 1252 3101 1322 ἐμφανείας
3120 1252 3406 1317 συνοδικῆς
3425 1254 3518 1305 καὶ
3534 1253 3741 1315 τελείας

2248 1369 2266 1401 ι
2311 1349 2478 1402 αὑτοῦ
2537 1346 2920 1417 κατακρίσεως
2983 1343 3192 1415 σχίσμα
3253 1346 3492 1414 ποιήσει’
3553 1345 3740 1397 τοῦτον

2249 1457 2267 1488 ι
2310 1439 2510 1507 ὥρισεν
2544 1439 2577 1507 ἡ
2610 1437 2742 1504 ἀγία
2771 1435 2990 1497 σύνοδος
3021 1434 3202 1504 πάσης
3241 1434 3515 1503 ἱερατείας
3543 1451 3742 1488 παντεο

2250 1550 2267 1580 ι
2317 1529 2425 1592 λῶς
2456 1529 2738 1598 ἀλλότριον
2778 1522 2941 1593 εῖναι,
2982 1527 3030 1578 εί
3065 1513 3226 1594 μόνον
3273 1526 3558 1596 ἐλεγχθείη
3587 1528 3742 1582 τοῦτο

2257 1643 2274 1674 ι
2320 1621 2742 1693 παρανομήσας.
2805 1620 2918 1671 Καὶ
2969 1617 3143 1672 ταῦτα
3199 1619 3298 1689 μὲν
3369 1618 3602 1686 ὥρισται
3651 1624 3744 1673 καὶ

2251 1734 2269 1766 ι
2317 1713 2687 1784 ἐσφράγισται
2723 1712 2990 1783 περὶτῶν
3037 1715 3308 1783 προφάσει
3359 1712 3519 1767 τινῶν
3550 1712 3743 1781 ἐγκληη

2253 1827 2272 1858 ι
2323 1807 2513 1878 μάτων
2559 1806 2672 1860 τῶν
2733 1807 2949 1859 οἰκείων
3007 1806 3396 1876 ἀφισταμένων
3444 1807 3742 1878 προέδρων,

2257 1921 2274 1952 ι
2320 1902 2417 1952 καὶ
2441 1901 2715 1970 σχίσματα
2768 1900 3090 1965 ποιούντων,
3121 1900 3220 1952 καὶ
3271 1899 3370 1970 τὴν
3404 1900 3597 1952 ἕνωσιν
3647 1901 3745 1969 τῆς

2257 2015 2274 2046 ι
2316 1994 2647 2065 Ἐκκλησίας
2677 1993 3056 2050 διασπώντων.
3091 1997 3152 2048 Oi
3173 1994 3280 2065 γάρ
3303 1995 3372 2048 δι’
3395 1997 3605 2064 αἵρεσίν
3625 2013 3744 2049 τινα

2253 2107 2271 2140 ι
2317 2089 2466 2158 παρὰ
2511 2088 2620 2140 τῶν
2675 2087 2847 2155 ἀγίων
2905 2087 3138 2141 συνόδων
3185 2089 3217 2158 ῆ
3274 2089 3540 2160 Πατὲρων
3583 2106 3742 2142 κατε-

2254 2201 2271 2233 ι
2318 2183 2647 2250 γνωσμένην
2673 2181 2772 2250 τῆς
2826 2180 2963 2249 πρὸς
3014 2180 3105 2232 τὸν
3157 2180 3420 2253 πρόεδρον
3465 2182 3745 2242 κοινωνίας

2247 2293 2266 2324 ι
2319 2274 2549 2336 ἑαυτοὺς
2617 2272 3044 2335 διαστέλλοντες,
3112 2273 3322 2326 ἐκείνου
3373 2272 3472 2343 τὴν
3539 2273 3747 2343 αἵρεσιν

2229 2383 2276 2420 ,ι
2323 2363 2566 2433 δηλονότι
2596 2363 2837 2434 δημοσίᾳ
2869 2362 3260 2433 κηρύττοντος,
3315 2363 3414 2416 καὶ
3436 2364 3619 2432 γυμνῇ
3678 2365 3743 2430 τῇ

2257 2474 2276 2506 ι
2323 2455 2529 2526 κεφαλῇ
2576 2456 2664 2509 ἐπ’
2706 2455 3000 2526 ἐκκλησίας
3037 2455 3402 2520 διδάσκοντος,
3431 2456 3482 2506 οἱ
3509 2455 3744 2507 τοιοῦτοι

2259 2567 2278 2598 ι
2326 2548 2386 2601 οὗ
2423 2549 2582 2619 μόνον
2613 2550 2680 2617 τῇ
2715 2551 2974 2618 κανονικῇ
3006 2549 3328 2618 ἐπιτιμήσει
3361 2548 3460 2616 οὐχ
3522 2547 3740 2599 ὑποκεί-

2267 2659 2286 2692 ι
2333 2657 2542 2704 σονται,
2573 2642 2677 2710 πρὸ
2711 2640 2996 2710 συνοδικῆς
3018 2625 3363 2707 διαγνώσεως
3391 2639 3622 2698 ἑαυτοὺς
3650 2637 3745 2704 τῆς

2259 2753 2278 2786 ι
2327 2735 2466 2805 πρὸς
2520 2735 2612 2788 τὸν
2692 2733 3027 2804 καλούμενον
3095 2734 3396 2786 ἐπίσκοπον
3467 2731 3746 2792 κοινωνίας

2260 2849 2278 2881 ι
2324 2827 2797 2897 ἀποτειχίζοντες,
2825 2827 2963 2881 ἀλὶὰ
3002 2828 3096 2880 καὶ
3112 2828 3212 2895 τῆς
3251 2824 3573 2895 πρεπούσης
3591 2823 3748 2892 τιμῆς

2263 2940 2283 2973 ι
2329 2919 2630 2991 δρθοδόξοις
2683 2919 3077 2990 ἁξιωΘήσονται
3103 2935 3120 2950 ο
3181 2918 3244 2970 ού
3274 2917 3382 2987 γάρ
3417 2917 3746 2976 ἐπισκόπων,

2265 3035 2282 3067 ι
2332 3012 2468 3067 ἀλλά
2511 3013 2962 3084 ψευδεπισκόπων
2994 3001 3333 3064 διδασκάλων
3375 3011 3749 3076 κατέγνωσαν,

2266 3129 2282 3161 ι
2330 3112 2425 3163 καὶ
2456 3110 2515 3161 ού
2573 3108 2830 3179 σχίσματι
2866 3105 2965 3176 τὴν
3021 3106 3218 3158 ἐνωσιν
3269 3085 3369 3171 τῆξ
3430 3101 3751 3170 Ἐκκλησίας

2263 3222 2279 3254 ι
2330 3201 2654 3270 κατέτεμον,
2701 3198 2834 3252 ἀλλά
2874 3198 3192 3268 σχισμάτων
3227 3195 3319 3247 καὶ
3351 3193 3638 3264 μερισμῶν
3658 3192 3753 3259 τὴν

2269 3317 2286 3348 ι
2342 3296 2669 3365 Ἐκκλησίαν
2694 3294 3038 3347 ἐσπούδασαν
3071 3289 3362 3360 ῥύσασθαι.
3408 3307 3428 3339 ι

2256 3391 2448 3444 ΒΑΛΣ.
2484 3391 2592 3443 Καὶ
2627 3384 2782 3449 οὗτος
2810 3387 2838 3438 ὁ
2871 3383 3050 3442 κανὼν
3109 3383 3177 3435 τὰ
3225 3382 3366 3434 αὐτὰ
3419 3377 3496 3450 τῷ
3537 3377 3608 3446 ιγ’
3660 3377 3774 3428 καὶ·

2189 3482 2247 3536 ιδ’
2297 3483 2484 3538 κανόνι
2547 3479 2984 3552 παρακελεύεται
3045 3476 3209 3548 μέχρι
3250 3473 3416 3534 τινός.
3467 3472 3608 3542 Φησὶ
3649 3473 3755 3538 γὰρ

2188 3576 2350 3630 πλέον
2370 3574 2638 3646 ἁρμόζειν
2659 3573 2731 3627 τὰ
2756 3572 3207 3645 προδιορισϐἐντα
3239 3569 3335 3622 καὶ
3362 3567 3459 3620 ἐπὶ
3489 3566 3759 3634 πατριάρ-

2188 3686 2306 3740 χου,
2347 3669 2476 3721 ὅταν
2524 3669 2588 3721 ἐκ
2639 3668 2738 3737 τῆς
2786 3666 2974 3718 τούτου
3019 3663 3302 3724 κοινωνίας
3355 3661 3641 3738 ἀποστήσῃ
3678 3675 3756 3716 τις

2190 3756 2379 3809 ἐαυτὸν
2409 3756 2718 3826 τολμηρῶς.
2764 3755 2851 3818 Ὠς
2885 3747 3115 3815 δέίτινος
3148 3752 3417 3814 εἰπόντος,
3462 3749 3589 3801 Ἐὰν
3612 3748 3670 3800 δὲ
3702 3748 3756 3811 ἐξ

2190 3850 2417 3917 εὐλόγου
2450 3825 2632 3910 αἰτίας
2661 3848 2827 3917 τυχὸν
2882 3825 3154 3919 προφάσει
3207 3845 3497 3914 αἱρέσεως,
3551 3843 3754 3910 ἀποστῇ

2188 3958 2272 4004 τις
2327 3941 2434 3994 ἀπὸ
2452 3941 2549 4009 τῆς
2579 3941 2672 3994 τοῦ
2715 3941 2918 3993 οἰκείου
2973 3939 3281 4011 ἀρχιερέως
3314 3935 3628 3998 κοινωνίας,
3675 3935 3757 3986 δια

2188 4031 2242 4082 τί
2281 4029 2720 4100 κολασθήσεταις
2767 4031 3069 4097 ἐπάγουσιν
3104 4029 3152 4080 οι
3211 4027 3453 4096 Πατέρες
3485 4025 3563 4086 ώς
3589 4024 3758 4077 ταῦτα

2190 4122 2369 4175 πάντα
2401 4126 2520 4175 τότε
2555 4122 2822 4190 γίνονται,
2859 4123 2987 4176 ὅταν
3029 4122 3298 4190 προφάσει
3342 4119 3758 4187 ἐγκληματικῆς

2189 4232 2338 4278 τινος
2371 4215 2681 4276 ὑποθέσεως
2711 4213 2834 4267 καθ’
2863 4212 3054 4266 ἑαυτόν
3088 4229 3170 4273 τις
3194 4210 3289 4263 τοῦ
3316 4207 3526 4262 οἰκείου
3560 4210 3758 4274 ποιμέ-

2192 4323 2281 4370 νος
2304 4304 2741 4374 καταγνώσεται,
2773 4306 2868 4358 καὶ
2898 4303 3175 4374 ἀποσχίσῃ
3217 4302 3409 4355 ἐαυτὸν
3451 4302 3514 4353 ἐκ
3545 4299 3758 4356 τούτου,

2192 4400 2286 4452 καὶ
2314 4398 2739 4466 τοιουτοτρόπως
2777 4395 3047 4467 stuppea,
3087 4396 3186 4464 τὴν
3214 4395 3413 4447 ἐνωσιν
3467 4395 3567 4462 τῆς
3628 4391 3751 4442 Ἐκ-

2194 4490 2440 4562 κλησίας.
2463 4491 2525 4543 Εἰ
2554 4491 2661 4560 γὰρ
2696 4492 2770 4559 μὴ
2798 4490 2868 4542 δι’
2891 4487 3308 4556 ἐγκληματικὴν
3339 4486 3596 4548 αἰτίασιν,
3629 4483 3760 4535 ἀ).ὶά

533 4584 757 4645 mmet".
791 4580 885 4633 εει-ι
938 4587 1156 4648 propter
1201 4577 1432 4630 ιηενυδίη
1462 4617 1477 4640 ο
1511 4575 1750 4645 δείρευιιι
1804 4592 1833 4628 ³
1871 4572 2088 4644 ΡτυΡ¹’ίυ
2121 4569 2167 4624 Ῐ)
2195 4587 2266 4638 δι’
2297 4586 2508 4655 αἵρεσιν
2546 4585 2756 4654 χωρίσῃ
2799 4601 2886 4644 τις
2941 4583 3135 4634 ἐαυτὸν
3159 4581 3265 4632 ἀπὸ
3321 4579 3413 4630 τοῦ
3466 4579 3763 4630 ἐπισκόπου

522 4675 779 4743 episcopo
809 4670 1136 4738 sejunxerit,
1168 4667 1251 4722 vel
1281 4667 1726 4736 metropolitano,
1748 4666 1829 4720 vel
1861 4668 2092 4734 patriar-

523 4769 647 4828 cba,
680 4777 936 4830 tanquam
973 4763 1026 4816 in
1062 4761 1294 4816 ecclesia
1336 4762 1455 4816 sine
1487 4761 1694 4830 pudore
1732 4761 1962 4814 docente
1991 4763 2091 4810 do-

525 4863 729 4914 vtrinas
763 4857 1026 4926 quasdam
1067 4871 1098 4910 a
1151 4865 1299 4910 recto
1344 4858 1593 4927 dogmate
1644 4856 1890 4918 alienas;
1947 4855 1992 4909 is
2041 4833 2094 4907 ct

529 4965 652 5006 ante
689 4951 982 5019 perfectam
1011 4950 1396 5018 cognitionem,
1429 4959 1484 5002 et
1518 4950 1690 5004 multo
1730 4949 1898 5018 magis
1932 4949 2094 5002 etiam

463 5059 466 5062 ·
533 5054 652 5114 post
679 5043 1071 5111 cognitionem,
1101 5045 1145 5098 si
1177 5059 1415 5113 seipsum
1455 5059 1484 5095 τι
1531 5048 1613 5097 sui
1664 5045 1913 5114 praesulis
1954 5059 2099 5097 cotu-

536 5139 791 5190 mnnionc
824 5136 1127 5203 sejunxcrit
1153 5136 1235 5189 vel
1264 5138 1622 5206 scparaverit,
1653 5153 1757 5191 non
1783 5137 1957 5190 solum
1991 5153 2096 5189 non

535 5229 808 5297 punietur,
847 5230 938 5282 sed
996 5229 1159 5282 etiam
1209 5242 1266 5284 ut
1319 5230 1657 5285 ortbodoxns
1717 5230 2096 5282 bonorabitnr.

533 5320 647 5372 Non
679 5320 824 5371 enim
857 5335 915 5374 se
939 5320 1004 5372 ab
1026 5321 1282 5389 episcopo
1311 5321 1601 5382 abscimlit,
1627 5317 1721 5373 sed
1751 5333 1780 5370 ιι
1812 5317 2100 5388 pseudepi-

535 5428 700 5482 scopo
731 5411 892 5482 355
923 5423 978 5466 et
1002 5413 1140 5467 falso
1170 5413 1392 5466 dde-tore
1420 5429 1432 5462 :
1459 5420 1514 5465 et
1537 5411 1678 5480 quod
1711 5410 1779 5463 ab
1807 5425 1870 5462 eo
1901 5409 2100 5463 factum

537 5516 618 5560 est
653 5507 809 5559 laude
841 5507 1103 5575 dignum;
1138 5515 1197 5558 ιιι
1250 5506 1395 5572 quod
1455 5504 1756 5560 Ecclesium
1815 5520 1922 5557 non
1973 5520 2104 5555 ron-

538 5603 774 5659 scindnt,
809 5600 902 5654 sed
933 5613 1054 5652 eam
1097 5599 1272 5669 magis
1304 5599 1618 5667 coniungat,
1671 5607 1725 5652 et
1777 5614 1805 5650 a
1841 5597 2110 5651 divisione

539 5693 753 5746 liberet.
790 5691 1003 5744 Dictum
1040 5699 1126 5744 est
1152 5699 1331 5744 autem
1365 5708 1390 5742 a
1425 5706 1654 5752 canone,
1693 5690 2106 5745 scliismaticum

541 5784 608 5836 ab
640 5784 786 5837 omni
835 5783 1143 5838 Sacerdotio
1177 5786 1373 5838 debere
1407 5797 1529 5838 esse
1577 5785 1840 5846 alienum,
1887 5793 2108 5852 propter

537 5893 631 5933 eos
661 5881 750 5940 qui
781 5881 972 5934 dicunt
1008 5876 1322 5949 hujusmodi
1376 5877 1625 5933 homines
1675 5877 1872 5931 debere
1931 5878 2112 5946 aliquo

2198 4678 2364 4731 αὑτοῦ
2401 4677 2558 4748 ἢτοῦ
2598 4674 3064 4747 μητροπολίτουῆ
3129 4672 3222 4725 τοῦ
3276 4671 3640 4741 πατριάρχου,
3691 4667 3762 4727 ὡς

2198 4774 2293 4824 ἐπὶ
2319 4771 2618 4838 ἐκκλησίας
2665 4759 3010 4829 διδάσκοντος
3067 4764 3517 4834 ἀνερυθριάστως
3582 4761 3762 4825 διδάγ-

2203 4866 2352 4934 ματά
2380 4880 2502 4916 τινα
2536 4860 3033 4932 ἀπηλλοτριωμένα
3058 4858 3152 4910 τοῦ
3190 4855 3349 4928 δροοῦ
3397 4855 3686 4925 δόγματος,
3739 4851 3764 4900 5

2200 4957 2441 5020 τοιοῦτος
2495 4957 2592 5010 καὶ
2643 4956 2749 5026 πρὸ
2793 4954 3041 5017 ἐντελοῦς
3083 4951 3450 5017 διαγνώσεως,
3486 4949 3660 5016 πολλῷ
3709 4947 3764 4998 δὲ

2203 5050 2365 5103 πλέον
2395 5050 2488 5102 καὶ
2524 5048 2662 5118 μετὰ
2697 5047 3014 5116 διάγνωσιν,
3051 5045 3147 5099 ἐὰν
3195 5044 3390 5098 ἐαυτὸν
3427 5041 3762 5109 ἀποτειχίσῃ.

2204 5141 2374 5209 ἡγουν
2401 5141 2620 5210 χωρίσῃ
2666 5142 2729 5194 ἐκ
2758 5140 2856 5208 τῆς
2896 5140 3184 5203 κοινωνίας
3209 5138 3305 5190 τοῦ
3337 5137 3555 5208 πρώτου
3585 5130 3762 5189 αὐτοῦ,

2204 5220 2460 5302 οίῗμόνον
2485 5233 2545 5284 οὐ
2571 5232 3044 5302 τιμωρηθήσεται,
3081 5231 3217 5284 ἀλλά
3240 5230 3336 5283 καὶ
3387 5227 3762 5298 τιμηθήσεται.

2205 5323 2278 5388 ὡς
2292 5325 2597 5396 ὀρθόδοξος.-
2621 5325 2693 5377 Ού
2724 5325 2832 5395 γὰρ
2862 5325 3160 5393 ἅπέσχισεν
3190 5325 3382 5375 ἐαυτὸν
3407 5320 3512 5374 ἀπὸ
3558 5316 3766 5372 ἐπισκό-

2221 5433 2351 5481 που,
2385 5417 2518 5470 ἀλλά
2543 5417 2651 5470 ἀπὸ
2676 5417 3113 5486 ψευδεπισκόπου
3142 5417 3235 5470 καὶ
3265 5409 3763 5485 ψευδοδιδασκαλου.

2213 5509 2322 5562 Καὶ
2367 5510 2427 5562 τὸ
2462 5513 2612 5580 παρά
2639 5511 2828 5563 τούτου
2879 5512 3099 5578 γεγονὸς
3149 5510 3373 5562 ἐπαίνου
3407 5505 3556 5570 ἄξιόν
3598 5505 3758 5555 ἐστιν.

2213 5600 2286 5661 ὡς
2335 5600 2410 5669 μὴ
2469 5600 2807 5670 κατατέμνον
2865 5601 2962 5668 τὴν
3010 5597 3354 5668 Ἐκκλησίαν,
3397 5593 3527 5649 ἀλλὰ
3577 5585 3765 5660 μᾶλλον

2218 5695 2488 5747 συνάπτθν
2547 5693 2715 5762 αὐτὴν
2764 5694 2860 5746 καὶ
2933 5691 3026 5743 τοῦ
3095 5687 3367 5761 μερισμοῦ
3427 5685 3762 5742 ἀπαλλάττον.

2218 5785 2451 5855 Εἴρηται
2481 5785 2535 5837 δέ
2562 5784 2636 5852 τῷ
2677 5785 2862 5836 κανόνι
2900 5784 2960 5836 τὸ
3003 5786 3186 5852 πάσης
3214 5781 3486 5851 ίερατείας
3508 5767 3762 5830 ’παντελῷς

2223 5877 2503 5946 ἀλλότριον
2539 5875 2676 5929 εἶναι
2724 5875 2816 5930 τὶν
2847 5877 3208 5946 σχισματικὶν
3239 5875 3327 5927 διὰ
3375 5875 3499 5936 τοὺς
3526 5869 3764 5933 λέγοντας
