3972 6488
278 357 420 422 M39

1440 351 1521 409 1N
1556 350 1722 411 CAN.
1764 350 1864 407 xv
1902 347 2109 407 corrc.
2155 344 2370 433 CPQL.

3405 333 3542 399 1070

281 470 515 538 δφείλειν
541 470 664 532 τοὺς
688 466 965 527 τοιούτους
982 466 1074 518 ἐπὶ
1098 463 1287 535 καιρόν
1310 479 1428 514 τινα
1454 462 1551 530 τῆς
1579 458 1852 530 ἱερατείας

1983 459 2221 524 οιηιιοπῑε
2266 456 2438 525 spatio
2484 472 2513 509 a
2566 456 2874 511 sacerdotio
2916 469 3154 516 cessare,
3208 458 3260 505 et
3299 466 3406 502 non
3448 452 3541 501 dc-

276 564 574 625 παύεσθαι,
609 564 699 615 καὶ
760 561 833 631 μὴ
870 558 1272 628 καθαιρεῖσθαι.
1337 553 1752 623 Ἐγκληματικὰ
1797 550 1853 602 δὲ

275 654 584 722 αἱτιὰματά
618 656 724 704 είσι
758 649 1008 719 πορνεία,
1030 647 1325 718 ἱεροσυλία,
1359 647 1451 697 καὶ
1480 646 1587 696 τῶν
1614 643 1855 695 κανόνων

273 747 539 814 ἀθέτησις
563 784 577 797 .
612 742 807 803 Καλῶς
829 740 884 792 δὲ
915 736 1066 791 εἶπεν
1094 740 1121 790 6
1144 734 1324 789 κανὼν
1355 735 1696 794 ὲπαινετέους
1719 729 1856 784 εἶναι

276 838 409 897 τοὺς
443 835 843 904 ἀποσχίζοντας
898 830 1127 890 ἑαυτοὺς
1161 831 1254 880 καὶ
1287 827 1393 897 πρὸ
1425 825 1722 893 καταδίκης
1754 822 1860 876 ἀπὸ

276 931 389 982 τῶν
424 928 662 998 δημοσίᾳ
695 925 1059 978 διδασκόντων
1107 921 1364 993 αἱρετικά
1404 920 1731 988 διδάγματα,
1767 918 1862 969 καὶ

276 1022 454 1074 ὄντων
486 1019 782 1091 προςανῶς
818 1018 1134 1087 αἱρετικῶν.
1196 1015 1258 1065 Εἰ
1283 1014 1390 1082 γὰρ
1423 1012 1723 1080 ἀπόκρυφα
1746 1009 1863 1067 »καὶ

280 1116 423 1183 μετὰ
469 1115 769 1181 ὑποστολῆς
794 1110 1174 1184 ψιθυρίζονται
1208 1108 1277 1161 τὰ
1301 1108 1398 1176 τῆς
1423 1105 1686 1175 αἱρέσεως
1714 1105 1865 1173 παρὰ

280 1213 381 1264 τοῦ
426 1211 648 1282 πρώτου
684 1210 757 1273 ὡς
805 1212 869 1264 ἂν
913 1209 1367 1279 ἀμφιϐάλλοντος,
1401 1206 1503 1257 οὐκ
1532 1203 1737 1269 ὀφείλει
1780 1217 1865 1257 τις

279 1305 340 1368 ἐξ
373 1304 541 1358 αὑτοῦ
578 1304 684 1373 πρὸ
729 1303 1030 1372 καταδίκης
1085 1300 1509 1370 ἀποσχισθῆναιο
1569 1295 1720 1373 εἰκὸς
1757 1296 1866 1364 γάρ

279 1400 399 1449 ἐστι
437 1370 995 1469 μεταρρυθμισθῆναι
1047 1393 1240 1446 τοῦτον
1276 1392 1412 1461 πρὸς
1462 1390 1523 1442 τὸ
1582 1370 1866 1459 ὀρθόδοξον

281 1491 392 1559 πρὸ
425 1489 524 1559 τῆς
546 1488 796 1550 ἐντελοῦς
847 1489 1200 1555 ἀποφάσεως,
1260 1485 1355 1538 καὶ
1426 1484 1730 1551 ἀποστῆναι
1770 1480 1868 1547 τῆς

280 1582 567 1651 αἱρέσεως.
604 1581 925 1651 Σημείωσαι
953 1579 1124 1632 ταῦτα
1155 1580 1288 1639 ἴσως
1335 1576 1689 1645 (negando-ma
1730 1574 1868 1623 κατὰ

284 1674 398 1723 των
438 1673 703 1738 λεγόντων
761 1673 836 1741 μὴ
893 1670 1261 1743 καλῶςῆμᾶς
1301 1666 1701 1736 ἀποσχισθῆναι
1758 1663 1867 1714 ἀπὸ

281 1765 382 1817 τοῦ
416 1764 611 1835 θρόνου
668 1764 768 1833 τῆς
799 1762 1036 1825 παλαιᾶς
1077 1760 1321 1831 Ῥώμης,
1352 1760 1459 1828 πρὸ
1497 1758 1594 1810 τεῦ
1636 1755 1864 1809 καταδι-

282 1859 557 1927 κασθῆναι
584 1858 711 1921 τοὺς
742 1857 873 1929 περὶ
918 1857 1124 1926 ταύτην
1151 1859 1224 1917 ὡς
1269 1855 1642 1921 κακόφρονας.
1696 1854 1804 1904 Καὶ
1840 1850 1867 1899 6

284 1954 390 2019 μὲν
418 1950 613 2019 παρὼν
645 1949 827 2003 κανὼν
844 1951 971 2012 τοὺς
1011 1950 1102 2001 διὰ
1129 1946 1470 2017 δογματικὴν
1502 1945 1682 1997 αἰτίαν
1732 1946 1868 1994 ἀπο-

284 2043 634 2112 τειχίζοντας
665 2046 723 2096 οὐ
755 2043 1002 2106 κολάζει’
1032 2045 1057 2095 ὁ
1093 2042 1148 2095 δὲ
1179 2037 1260 2093 λα’
1303 2039 1659 2100 ἀποστολικὸς
1685 2037 1868 2091 κανὼν

284 2139 383 2189 καὶ
411 2138 540 2200 τοὺς
566 2136 993 2203 κατεγνωκότας
1023 2136 1131 2187 τῶν
1164 2134 1384 2185 οἰκείων
1433 2130 1751 2183 ἐπισκόπων
1795 2130 1869 2191 ὼς

283 2229 571 2299 προδήλως
592 2229 924 2283 ἀδικούντων
968 2228 1063 2281 καὶ
1086 2226 1502 2294 ἀποσχίσαντας
1533 2221 1593 2285 ἐξ
1654 2221 1856 2281 αὐτῶν,

282 2321 612 2385 ἀνευθύνους
642 2339 806 2391 συντη
818 2323 919 2391 ρεῖ.

361 2501 793 2573 ΖΩΝΔΡ.’¹Απερ
817 2501 1023 2572 ὥρισαν
1048 2502 1095 2553 οἱ
1121 2499 1221 2569 τῆς
1247 2496 1463 2551 συνόδου
1482 2494 1717 2565 Πατέρες
1750 2491 1873 2562 περὶ

287 2595 701 2667 μητροποληιτῶν
734 2596 828 2648 καὶ
853 2593 1189 2655 ἐπισκόπων,
1231 2592 1407 2644 ταῦτα
1456 2590 1670 2656 λέγουσι
1717 2586 1874 2639 πλέον

284 2688 552 2758 ἁρμόζειν
581 2688 678 2742 καί
698 2688 831 2757 περὶ
850 2684 1226 2756 πατριαρχῶν.
1245 2684 1309 2736 Ei
1328 2684 1436 2751 γάρ
1469 2698 1572 2745 τις,
1600 2681 1751 2750 φασὶ,
1775 2697 1878 2747 μηδ

283 2779 659 2851 τροπολίτηςῆ
684 2780 978 2842 ἐπίσκοπος
1007 2778 1041 2848 ἢ
1060 2775 1428 2846 πρεσϐύτερος
1458 2774 1717 2843 τολμήσει
1749 2772 1881 2824 ἀπο-

288 2876 481 2944 στῆναι
512 2874 604 2925 τοῦ
649 2873 1033 2940 συγκοινωνεῖν
1091 2869 1167 2938 τῷ
1201 2866 1517 2937 πατριάρχῃ
1571 2863 1765 2925 αὑτοῦ,
1788 2864 1881 2916 καὶ

284 2965 585 3030 ἀναφέρειν
606 2963 669 3015 τὸ
685 2963 857 3032 ὄνομα
886 2958 1051 3013 αὑτοῦ
1079 2958 1259 3029 πρὶνῆ
1287 2958 1562 3026 ἐμφανίσῃ
1583 2957 1647 3023 τῇ
1678 2952 1881 3020 συνόδῳ

286 3056 431 3108 κατά
445 3056 541 3108 τοῦ
570 3055 931 3126 πατριάρχου,
950 3054 1045 3105 καὶ
1066 3050 1170 3123 πρὸ
1193 3048 1284 3101 τοῦ
1307 3047 1659 3111 ἐξετασθῆναι
1678 3045 1874 3107 ταῦτα,

1961 550 2111 618 poni.
2165 550 2485 604 Criminales
2546 560 2724 604 autem
2762 565 2942 604 causa!
2996 556 3145 611 sunt,
3198 544 3534 605 fornicatio,

1961 643 2325 714 sacrilegium,
2377 651 2431 699 et
2466 659 2733 699 canonum
2794 642 3157 711 transgressio
3196 655 3260 693 ac
3296 647 3539 693 contem-

1964 745 2111 805 ptus.
2145 733 2311 790 Recte
2343 745 2520 791 autem
2561 736 2699 789 dixit
2728 752 2901 791 canon
2933 750 3028 790 eos
3053 750 3176 790 esse
3215 731 3540 790 laudandos,

1964 826 2053 893 qui
2089 826 2324 894 seipsos.
2376 827 2538 879 etiam
2592 834 2718 879 ante
2764 826 3299 887 condemnationem,
3334 826 3401 875 ab
3443 824 3530 882 iis.

1964 917 2057 985 qui
2119 916 2407 971 haereticos
2441 917 2716 969 doctrinas
2763 916 2976 984 publice
3020 918 3259 975 docent,
3308 923 3361 967 et
3410 922 3539 965 sunt

1964 1017 2150 1080 aperte
2184 1010 2421 1065 haeretici
2452 1010 2781 1064 abscindunt
2838 1009 2894 1062 Si
2942 1010 3087 1064 enim
3137 1009 3445 1063 clanculum
3484 1018 3540 1061 ct

1966 1120 2085 1158 cum
2119 1103 2353 1171 quadam
2384 1103 2747 1164 haesitatione,
2777 1103 2971 1170 praesul
3006 1113 3063 1155 ut
3093 1102 3394 1169 ambigens,
3424 1102 3532 1155 bte-

1966 1196 2135 1250 retica
2192 1197 2463 1266 loquatur,
2504 1211 2616 1249 nou
2665 1196 2825 1250 debet
2870 1196 2993 1264 quis
3033 1196 3098 1249 ab
3129 1211 3193 1249 eo
3248 1210 3535 1265 propterea

1967 1298 2094 1343 ante
2126 1290 2637 1343 comlemnationem
2690 1287 2953 1342 abscindi.
3003 1286 3095 1339 Est
3141 1278 3283 1341 enim
3344 1288 3539 1340 verisi-

1968 1384 2120 1448 mile,
2162 1383 2279 1436 fore
2308 1391 2368 1447 ut
2401 1382 2467 1435 ad
2512 1380 2878 1435 orthodoxam
2909 1380 3236 1434 sententiam
3271 1389 3394 1433 τιιιιιι
3423 1395 3545 1447 per-

1969 1476 2165 1531 fectam
2199 1475 2579 1545 prolatamque
2620 1474 2673 1526 in
2706 1487 2829 1525 eum
2860 1472 3187 1545 sententiam
3222 1471 3543 1533 reducatur,

1970 1579 2025 1622 et
2057 1569 2125 1623 ab
2157 1567 2347 1621 haeresi
2377 1566 2625 1621 desistat.
2667 1563 2804 1617 Nota
2845 1564 2979 1629 lucc,
3014 1578 3133 1632 quzc
3160 1561 3390 1615 fortasse
3424 1577 3548 1630 pro-

1971 1661 2168 1715 derunt
2197 1660 2459 1713 adversus
2498 1672 2596 1713 eos
2629 1658 2721 1727 qui
2772 1656 2964 1710 dicunt
3017 1670 3113 1708 nos
3160 1669 3266 1707 non
3296 1654 3463 1707 recte
3515 1667 3546 1705 a

1973 1755 2176 1808 throno
2208 1752 2448 1821 antiquze
2498 1750 2687 1804 Romm
2740 1750 3018 1815 sejunctas
3059 1761 3205 1811 esse,
3255 1736 3547 1814 antequam

1969 1851 2061 1920 qui
2094 1866 2214 1905 eum
2249 1848 2568 1903 obtinebant
2600 1855 2659 1900 ut
2702 1860 2868 1916 prave
2921 1845 3245 1907 sentientes,
3278 1842 3549 1897 condem-

1972 1945 2080 1996 nati
2111 1952 2317 1997 essent.
2365 1945 2443 1996 Ac
2493 1955 2734 2010 praesens
2787 1940 3005 2007 quidem
3053 1952 3231 1991 canon
3281 1952 3395 1997 eos,
3453 1935 3550 2005 qui

1971 2042 2194 2103 propter
2216 2035 2480 2102 degmatis
2509 2045 2729 2084 causam
2758 2028 3023 2084 recedunt
3049 2039 3102 2083 et
3124 2027 3546 2090 abscinduntur,

1974 2143 2081 2180 non
2139 2127 2293 2201 punit
2334 2142 2349 2179 :
2399 2125 2713 2179 tricesimus
2741 2135 2920 2177 autem
2967 2122 3174 2191 primus
3204 2136 3378 2174 canon
3416 2135 3550 2188 apo-

1976 2221 2203 2276 stolicus
2225 2235 2323 2275 eos
2352 2223 2545 2280 etiam,
2571 2218 2661 2286 qui
2694 2218 2946 2286 proprios
2975 2216 3266 2284 episcopos
3290 2211 3553 2268 condem-

1976 2323 2193 2373 narunt.
2231 2323 2291 2367 ut
2323 2312 2412 2380 qui
2449 2322 2635 2379 aperte
2683 2308 2887 2378 injuste
2927 2317 3112 2378 agant,
3148 2316 3202 2361 et
3230 2308 3350 2361 ideo
3381 2320 3439 2360 se
3479 2305 3552 2359 ab

1978 2408 2044 2460 iis
2074 2405 2437 2472 sejunxerunt
2465 2443 2479 2467 ,
2514 2401 2582 2455 ab
2610 2402 2759 2454 omni
2793 2414 2953 2470 pteua
2992 2400 3196 2454 liberos
3236 2407 3551 2453 conservat.

2052 2497 2303 2552 ΖοΝΑιι.
2363 2494 2492 2562 Quae
2542 2497 2610 2549 de
2655 2492 3090 2563 metr0politanis
3168 2489 3552 2558 episcopisque

1981 2592 2200 2647 definita
2234 2597 2384 2652 sunt,
2414 2606 2474 2644 ea
2502 2588 2568 2643 de
2592 2587 2918 2657 patriarrhis
2942 2600 3160 2656 quoque
3185 2584 3354 2638 multo
3383 2588 3561 2652 magis,

1983 2684 2210 2752 intelligi
2255 2682 2455 2737 debere
2505 2679 2695 2751 synodi
2732 2680 2922 2732 Patres
2956 2677 3249 2731 affirmant.
3308 2674 3364 2729 Si
3422 2676 3547 2745 quis

1982 2778 2153 2842 enim,
2185 2774 2462 2844 inquiunt,
2490 2771 2969 2839 metropolitanus.
2995 2770 3285 2838 cpiscopus
3314 2778 3403 2821 aut
3432 2783 3560 2837 prc-

1984 2873 2190 2940 shytcr,
2223 2882 2339 2923 sea
2394 2866 2719 2935 patriarcha:
2800 2865 2886 2917 sui
2938 2862 3331 2916 communione
3389 2875 3561 2915 remo-

1985 2979 2136 3025 vere,
2165 2970 2330 3030 atque
2360 2961 2429 3014 ab
2461 2959 2606 3011 illius
2637 2958 2854 3010 nomine
2881 2957 3167 3010 referendo
3194 2968 3415 3009 cessare
3458 2970 3559 3007 au-

1986 3054 2133 3115 deat,
2181 3052 2502 3118 priusquam
2534 3064 2620 3109 ea,
2645 3047 2711 3100 de
2745 3046 2945 3115 quibus
2975 3043 3343 3113 patriarcham
3391 3059 3561 3096 accu-

285 3150 387 3200 καὶ
417 3149 813 3218 κατακριθῆναι
849 3146 977 3209 ἴσως
996 3146 1193 3199 αὐτόν’
1229 3144 1256 3194 6
1285 3141 1523 3201 τοιοῦτος
1563 3143 1618 3200 6;
1674 3138 1873 3206 σχίσμα

1982 3149 2091 3201 sat,
2142 3138 2356 3210 synodo
2395 3135 2741 3198 indicaverit,
2774 3149 2838 3185 ac
2890 3131 2981 3184 ille
3029 3132 3191 3194 forte,
3223 3146 3387 3185 causa
3432 3132 3561 3184 dili-

288 3241 521 3310 ποιήσας
548 3240 726 3307 πάσης
749 3238 1023 3306 ίερατείας
1050 3234 1327 3303 ἀλλότριος
1379 3231 1531 3283 ἔσται
1565 3227 1865 3286 παντελῶς.

286 3333 524 3401 Εἴρηται
561 3332 617 3383 δὲ
650 3331 708 3391 τὸ
736 3330 943 3399 πάσης
971 3329 1092 3381 ἀντὶ
1128 3328 1247 3391 τοῦ,
1271 3327 1317 3377 οἱ
1345 3326 1442 3394 μὲν
1470 3323 1745 3393 ἀρχιερεῖς
1769 3320 1868 3386 τῆς

201 3450 209 3459 ·
284 3422 706 3493 ἀρχιερατικῆς,
736 3425 787 3475 οἱ
809 3422 864 3475 δὲ
891 3423 1055 3493 ἱερεῖς
1081 3422 1180 3490 τῆς
1204 3416 1483 3486 ἱερατικῆς
1508 3431 1520 3444 ·
1546 3414 1606 3465 τὸ
1629 3414 1685 3464 δὲ
1716 3425 1871 3463 παν-ο

286 3512 500 3578 τελῶς,
534 3515 615 3573 ὅτι
674 3514 775 3565 οὐκ
817 3513 908 3564 ἐπί
936 3528 1061 3563 τινα
1104 3510 1296 3579 χρόνον
1338 3505 1723 3576 εἱρχθήσονται
1775 3501 1869 3553 τοῦ

290 3608 624 3676 ἱερουργεῖν,
678 3597 798 3656 εἶτα
852 3604 1401 3671 ἀποκαταστήσονται
1462 3595 1620 3659 αὖθις
1668 3597 1746 3657 είς
1775 3595 1871 3663 τὴν

288 3701 501 3752 οἰκείαν
530 3699 716 3769 τιμήν·
763 3696 898 3750 ἀλλά
928 3695 1149 3756 τελείως
1192 3690 1553 3745 ἐκπεσοῦνται
1590 3689 1690 3757 τῆς
1718 3687 1874 3751 ἀξίας

290 3794 499 3857 αὐτῶν,
532 3795 624 3845 καὶ
651 3790 773 3843 οὐδὲ
806 3789 973 3859 τιμὴν
1004 3787 1190 3850 ἕξουσι
1223 3788 1393 3854 μόνην
1421 3780 1739 3851 ἀρχιερεῦσι
1785 3782 1876 3827 καὶ

294 3888 537 3957 ἱερεῦσιν
566 3886 898 3953 ἀνήκουσαν.
921 3876 1058 3933 Εἶτα
1082 3882 1383 3944 ἐπάγουσιν
1412 3876 1492 3928 ὅτι
1539 3873 1715 3926 ταῦτα
1777 3871 1875 3937 μὲν

290 3983 527 4050 ὥρισται
554 3980 647 4030 καὶ
679 3977 1069 4046 ἐσφράγισται,
1098 3971 1343 4024 τουτέστι
1380 3967 1609 4037 βεϐαίως
1631 3964 1877 4015 τετύπω-

294 4091 387 4124 ται
418 4075 471 4140 (ἡ
500 4073 608 4140 γὰρ
636 4068 871 4137 σφραγὶς
903 4066 980 4127 εἰς
1016 4062 1304 4133 βεϐαίωσίν
1352 4061 1468 4109 ἐστι
1500 4057 1606 4107 τῶν
1644 4069 1877 4122 σφραγι-

301 4166 549 4235 ζομὲνων
578 4164 670 4213 καὶ
687 4157 982 4228 φυλακὴν),
1010 4156 1135 4224 περὶ
1164 4153 1272 4205 τῶν
1309 4149 1578 4220 προφάσει
1608 4146 1766 4196 τικών
1792 4147 1881 4209 ἑγ-

314 4255 609 4323 κλημάτων
644 4252 753 4304 τῶν
785 4250 1002 4303 οἰκείων
1031 4243 1416 4313 ἀφισταμένων
1446 4236 1744 4310 προέδρων,
1789 4238 1882 4288 καὶ

296 4352 399 4418 την
430 4347 623 4399 ἕνωσιν
650 4342 1003 4397 διασπώντων
1046 4339 1143 4408 τῆς
1178 4334 1523 4402 Ἐκκλησίας,
1545 4334 1635 4383 ὅτε
1681 4329 1882 4397 δηλαδὴ

299 4441 559 4509 πορνείαν
578 4438 708 4496 ἴσως
726 4434 1036 4500 αἰτιωμένῳ
1054 4427 1481 4497 προσάπτουσιν,
1499 4419 1824 4491 ἱεροσυλίαν,
1852 4426 1878 4485 η

301 4539 391 4587 ἐπι
409 4535 656 4602 χρήμασι
682 4525 1046 4598 χειροθεσίαν,
1065 4522 1098 4591 ἦ
1118 4516 1495 4587 ἄλλαςτοιοιῦτά
1522 4515 1744 4567 τινα.Εἱ
1778 4511 1821 4563 δ’
1852 4516 1877 4563 ὸ
1907 4492 1957 4550 Ῑ)

302 4626 654 4693 πατριάρχης
686 4619 845 4688 τυχὸν
873 4616 907 4685 ἢ
961 4611 1394 4684 μητροπολίτης,
1441 4607 1473 4676 ἦ
1505 4609 1533 4659 6
1579 4606 1880 4664 ἐπίσκοπος

302 4719 583 4791 αἱρετικὸς
632 4716 744 4780 εἴη,
781 4714 876 4765 καὶ
907 4708 1149 4769 τοιοῦτος
1198 4706 1273 4767 ὡς
1321 4704 1557 4771 δημοσίᾳ
1589 4700 1882 4767 κηρύττειν

303 4811 403 4878 τὴν
435 4808 672 4876 αἵρεσιν,
701 4804 793 4855 καὶ
821 4801 1004 4871 γυμνῇ
1023 4800 1090 4868 τῇ
1110 4796 1346 4863 κεφαλῇ.
1375 4795 1495 4844 αντὶ
1524 4790 1644 4851 τοῦ,
1682 4793 1884 4840 dvom-

308 4901 513 4961 στόλως
546 4900 640 4950 καὶ
699 4895 839 4966 μετά
870 4891 1210 4962 παρρησίας,
1254 4888 1496 4938 διδάσκει
1533 4885 1598 4934 τὰ
1631 4881 1883 4951 αἱρετικα

306 4997 573 5062 δόγματα,
608 4991 657 5042 οἱ
718 4986 1108 5057 ἀποσχίζοντες
1184 4979 1369 5045 αὑτοῦ,
1411 4981 1586 5031 ὁποῖοι
1637 4977 1702 5028 ἂν
1751 4972 1883 5031 εἷεν,

308 5093 368 5140 οὐ
403 5090 559 5156 μόνον
583 5085 855 5145 κολάσεως
884 5081 1025 5146 ἄξιοι
1054 5077 1152 5129 οὐκ
1181 5076 1397 5127 ἔσονται
1424 5072 1511 5125 διὰ
1545 5068 1723 5130 τοῦτο,
1748 5067 1886 5131 ἀλλὰ

310 5186 406 5233 καὶ
439 5179 625 5249 τιμῆς,
659 5177 733 5237 ὡς
766 5173 1056 5242 ὀρθόδοξοι,
1102 5166 1522 5234 ἀξιωθήσονται,
1561 5160 1884 5229 χωρίζοντες

313 5272 540 5333 ἑαυτοὺς
577 5273 673 5338 τῆς
707 5266 814 5319 τῶν
859 5262 1152 5333 αἱρετικών
1207 5256 1514 5317 κοινωνίας.
1571 5253 1743 5303 Ἰόὐτο
1777 5266 1885 5317 γάρ

296 5352 461 5431 »δηλοῖ
493 5364 553 5414 τὸ
597 5359 1056 5428 ἀποτειχίζοντες.
1088 5353 1161 5405 Τὸ
1206 5354 1315 5421 γὰρ
1368 5350 1545 5417 τεῖχος
1589 5345 1696 5396 τῶν
1736 5345 1886 5401 ἐντὸς

312 5457 478 5511 αὐτοῦ
508 5459 643 5525 πρὸς
675 5453 799 5515 τοὺς
825 5452 980 5511 ἐκτὸς
1009 5445 1285 5518 χωρισμός
1319 5445 1490 5494 ἔστιν.
1523 5438 1597 5489 Οὐ
1632 5438 1737 5505 γὰρ
1768 5438 1889 5485 ἑπι-

317 5555 520 5605 σκόπου
554 5549 889 5609 ἀπέστησαν,
926 5541 1061 5594 ἀλλά
1094 5537 1534 5608 ψευδεπισκίπου
1570 5535 1657 5583 και
1693 5529 1888 5597 ψευδο-

315 5644 659 5700 διδασκάλου.
696 5638 830 5691 Οὐδὲ
861 5638 1065 5704 σχίσμα
1096 5636 1164 5684 τά
1198 5630 1292 5700 τῆς
1334 5626 1662 5694 Ἐκκλησίας
1690 5622 1878 5688 ὲποὶηο

318 5759 439 5803 σαν,
472 5738 606 5791 ἀλλὰ
643 5732 839 5806 μᾶλλον
872 5728 1190 5799 σχισμάτων
1217 5724 1315 5793 τὴν
1352 5718 1681 5788 Ἐκκλησίαν
1709 5716 1886 5783 ἀπήλ-

316 5836 485 5899 λαξαν
518 5835 642 5887 ὅσον
675 5832 734 5883 τὸ
762 5828 847 5882 ἐπ’
870 5829 1073 5883 αὐτοῖς.

1971 3241 2161 3303 genter
2182 3230 2531 3290 examinata,
2580 3227 2873 3281 damnatus
2909 3222 3111 3287 fuerit;
3157 3222 3423 3290 ejusmodi
3461 3223 3562 3276 Ito-

1978 3326 2223 3387 minem,
2280 3333 2537 3390 tanquam
2602 3316 3057 3374 schistuaticum.
3126 3316 3274 3368 omni
3336 3308 3560 3382 prorsus

1976 3415 2297 3473 sacerdotali
2346 3417 2552 3467 honore
2587 3414 2860 3482 privatum
2886 3424 3007 3463 esse
3038 3407 3360 3462 der-eruunt.
3400 3407 3560 3461 Omni

1976 3511 2189 3580 quidem
2212 3511 2382 3571 aiunt,
2404 3517 2464 3561 ut
2483 3518 2723 3562 suaunos
2745 3504 3053 3557 sacerdotes
3076 3516 3288 3577 summo
3311 3502 3563 3555 sacerdo-

1980 3605 2073 3668 tio,
2114 3603 2426 3657 sacerdotes
2451 3613 2576 3652 vero
2606 3594 2930 3651 sacerdotali
2980 3593 3243 3662 dignitate
3270 3593 3562 3663 privundos

1979 3699 2394 3755 demonstrent;
2423 3706 2641 3760 prorsus
2676 3702 2803 3741 vero
2836 3686 3154 3756 particulam
3192 3684 3467 3743 addidere,
3501 3697 3561 3737 ut

1978 3804 2074 3843 eus
2105 3804 2213 3841 non
2258 3787 2323 3840 ad
2358 3797 2567 3839 certum
2618 3781 2880 3849 temporis
2925 3779 3273 3834 intervallum
3319 3792 3350 3831 a
3402 3792 3562 3832 sacro

1983 3879 2292 3932 ministerio
2325 3876 2612 3933 arcendos.
2652 3883 2709 3926 ut
2734 3870 2931 3937 deinde
2958 3885 3153 3924 rursus
3186 3868 3418 3937 pristino
3459 3870 3563 3920 ho-

1984 3972 2103 4024 nori
2139 3971 2532 4032 restituantur;
2565 3968 2657 4021 sed
2693 3967 2841 4020 omni
2897 3965 3113 4034 penitus
3146 3956 3408 4032 dignitate
3433 3976 3562 4030 Spo-

1986 4065 2197 4118 liaudos
2228 4077 2403 4132 neque
2432 4061 2599 4113 ullum
2626 4059 2762 4127 ipSis
2792 4059 3081 4116 honorem,
3113 4056 3204 4123 qui
3240 4054 3563 4121 praesulibus

1985 4168 2087 4227 aut
2116 4154 2236 4209 aliis
2267 4151 2649 4208 sacerdotibus
2681 4149 2898 4218 proprie
2946 4146 3195 4208 debetur,
3250 4145 3567 4212 relinquet:-

1986 4250 2112 4300 dum
2146 4261 2269 4300 esse
2293 4243 2609 4299 ostendant.
2650 4240 2855 4294 Deinde
2885 4252 3013 4291 vero
3047 4237 3161 4290 ιιωο
3210 4235 3430 4304 quidem
3488 4236 3565 4287 ita

1987 4342 2209 4394 decreta
2246 4338 2670 4407 obsignataque,
2701 4332 2803 4386 hoc
2843 4342 2949 4393 est,
2980 4332 3050 4383 ita
3088 4330 3246 4398 plane
3271 4331 3564 4383 constituta

1992 4432 2182 4494 fuisse,
2243 4428 2552 4497 subjiciunt
2603 4426 2840 4494 (signqu
2889 4436 3122 4488 namque
3173 4423 3238 4474 ad
3288 4436 3394 4484 ea,
3442 4437 3566 4488 quae

1985 4524 2364 4592 obsignantur,
2395 4515 2764 4574 confirmanda
2805 4529 2870 4567 ac
2902 4510 3260 4567 custodienda
3284 4512 3562 4579 pertinet),

1985 4632 2053 4671 ue
2081 4631 2188 4685 qua
2221 4614 2429 4667 fraudis
2459 4611 2680 4667 occasio
2706 4610 2772 4663 iis
2799 4606 3111 4661 hominibus
3137 4605 3562 4672 relinqueretur,

1984 4712 2075 4778 qui
2112 4707 2473 4778 quorumdam
2513 4702 2802 4757 criminum
2832 4699 3081 4757 obtentu,
3110 4694 3257 4763 quod
3312 4696 3360 4749 ei
3411 4697 3564 4749 vide-

1989 4807 2114 4856 licet
2141 4815 2300 4870 quem
2337 4806 2623 4855 accusant,
2652 4804 2747 4847 attt
2790 4790 3205 4856 constupratam
3241 4788 3522 4841 mulierem
3550 4824 3567 4847 ,

1988 4902 2081 4946 aut
2112 4894 2189 4946 rei
2224 4905 2396 4944 sacrm
2453 4888 2700 4950 furtum,
2758 4895 2849 4937 aut
2904 4884 3159 4937 ordinum
3215 4878 3568 4933 collationem

1988 4986 2163 5056 pretio
2194 4983 2557 5040 divenditam,
2584 4987 2676 5031 aut
2701 4977 2803 5030 alia
2841 4974 3004 5043 hujus
3038 4972 3253 5041 generis
3294 4971 3560 5033 facinora,

1989 5078 2265 5147 afliugant,
2300 5077 2368 5129 ab
2396 5074 2708 5126 antistitum
2742 5082 2966 5123 suorum
3007 5065 3333 5118 auctoritate
3383 5063 3563 5117 desci-

1990 5178 2171 5232 scunt,
2203 5181 2255 5222 et
2277 5164 2533 5221 Ecclesiae
2558 5163 2997 5229 conjunctionem
3031 5169 3320 5225 propterea
3357 5157 3561 5209 distra-

1993 5266 2127 5316 hunt
2168 5275 2231 5314 ac
2259 5258 2546 5313 divellunt.
2581 5256 2737 5317 Quod
2768 5256 2812 5306 si
2855 5253 2992 5307 forte
3023 5252 3389 5321 patriarcham
3418 5286 3432 5308 ,
3467 5252 3579 5325 aut

1993 5354 2469 5423 metropolitanum
2501 5389 2514 5411 ,
2566 5356 2660 5400 aut
2710 5347 3023 5415 episcopum
3081 5342 3397 5396 Iucrcticum
3448 5352 3572 5390 esse

1992 5448 2293 5515 conlingat,
2334 5458 2396 5495 ac
2431 5440 2702 5509 ejusmodi
2732 5439 2952 5506 quidem
2986 5435 3323 5495 lucretirum,
3360 5440 3415 5482 ut
3456 5430 3572 5482 Inc-

1995 5536 2157 5590 resim
2200 5548 2373 5607 suam
2403 5530 2618 5599 publice
2650 5530 2974 5600 profiteatur
2999 5567 3013 5590 ,
3048 5535 3100 5580 et
3146 5532 3332 5591 aperto
3372 5520 3571 5588 capite,

1994 5630 2097 5683 hoc
2122 5636 2226 5689 est,
2259 5625 2485 5685 ﬁdenter
2516 5638 2745 5692 prorsus
2772 5630 2936 5691 atque
2970 5619 3251 5677 audacter,
3288 5614 3575 5666 haereticus

1992 5722 2281 5793 opiniones
2318 5717 2564 5772 docendo
2597 5717 2651 5771 in
2688 5716 2881 5785 vulgus
2922 5711 3236 5766 disscmiuet
3269 5724 3282 5769 ;
3338 5720 3573 5774 qutt‘tltt-

2003 5832 2105 5889 que
2134 5816 2352 5869 demum
2388 5812 2455 5866 ab
2480 5812 2570 5865 illo
2608 5826 2665 5865 se
2694 5806 3018 5863 obduxerint
3040 5843 3054 5867 ,
3083 5818 3186 5856 nou
3228 5798 3384 5853 modo
3417 5798 3599 5877 nullo.
