3972 6488
250 441 389 503 1073

1262 418 1265 425 ’
1357 452 1438 513 lN
1480 453 1643 514 CAN.
1690 455 1823 513 xvr
1891 456 2097 516 conc.
2138 459 2343 517 erm.

3314 434 3467 524 "1071-

249 577 362 628 ρες,
398 559 474 622 ὡς
516 561 669 614 Ἐπεὶ
702 562 856 616 τοῦτο
893 563 1136 618 στάσεων
1191 566 1285 619 καὶ
1330 566 1573 636 οορυϐων
1607 567 1804 636 ἐκκλη-

1918 580 2036 624 cunt
2057 582 2184 643 ergo
2209 571 2433 625 Patres:
2466 571 2728 636 Quoniam
2763 574 2813 627 id
2849 574 3174 630 seditionum
3205 586 3257 629 et
3289 578 3463 630 eccle—

248 656 545 711 σιαστικῶν
574 659 687 710 ἐστι
723 658 1033 729 παραίτιον,
1074 661 1330 731 ὁρίζομεν
1363 662 1439 732 μὴ
1474 663 1805 731 ψηφίζεσθαι

245 748 572 815 ἑπίσκοπον,
603 749 804 815 ζῶντος
845 751 939 804 τοῦ
970 754 1236 822 προέδρου
1269 755 1367 824 τῆς
1413 754 1728 824 ἐκκλησίας,
1759 760 1808 807 εἰ

248 844 421 910 μήπω
453 842 560 894 ἀπὸ
586 844 994 907 κατεξετάσεως
1026 845 1273 915 ἀναφανῇ
1300 846 1464 914 δεκτὴ
1491 848 1524 915 η
1556 846 1648 898 τού
1673 847 1811 909 ζῶν·

244 953 343 999 τος
366 940 719 1006 παραίτησις,
751 938 783 1008 ἢ
818 940 1186 1009 καταδικασθῇ
1219 941 1328 993 ἀπὸ
1359 928 1640 1010 συνοδικῆς
1669 943 1810 995 ἀπο-

244 1029 491 1096 φάσεως.
528 1031 838 1098 Τηνικαῦτα
874 1032 983 1101 γάρ
1034 1032 1126 1091 καὶ
1160 1032 1360 1096 ζῶντος
1407 1033 1597 1086 τούτου
1638 1052 1814 1104 χειροο

243 1120 607 1190 τονηοήσεται
645 1122 849 1191 ἔτερος.
892 1125 979 1187 Ὦς
1036 1125 1092 1179 δέ
1148 1143 1291 1188 τινος
1345 1126 1612 1191 εἰπόντος,
1660 1130 1723 1181 Τί
1755 1130 1811 1183 δὲ

242 1213 542 1281 γενήσεται
570 1215 650 1275 είς
682 1215 771 1267 τὸν
802 1216 931 1270 λαὸν
956 1217 1056 1285 τῆς
1088 1219 1415 1287 ἐπισκοπῆς,
1441 1219 1535 1272 ἐὰν
1572 1221 1600 1272 ό
1651 1226 1811 1290 προῖο

245 1306 518 1371 στάμινος
577 1306 782 1377 ταύτης
834 1310 893 1361 οὐ
946 1312 1090 1361 ποιεῖ
1123 1311 1450 1380 παραίτησιν
1498 1295 1809 1383 κανονικὴν,

242 1394 384 1447 ἀλλά
415 1399 754 1465 χρονοτριὸεἰ
798 1398 902 1463 ἔξω
928 1403 1029 1469 τῆς
1065 1402 1272 1466 οἰκείας
1299 1405 1606 1469 ἐπισκοπῆς
1636 1423 1649 1469 ;
1681 1406 1816 1474 ἐπή-

242 1502 440 1551 γαγον,
476 1488 547 1549 ὡς
596 1490 659 1542 Et
686 1507 766 1551 τις
800 1492 1095 1555 ἐπίσκοπος
1127 1494 1267 1564 ὑπὲρ
1301 1496 1360 1548 τὸ
1395 1495 1663 1566 ἑξάμηνον
1685 1498 1817 1550 ἀπο·

246 1578 492 1647 δημήσει
538 1582 601 1632 ὲκ
630 1581 728 1648 τῆς
756 1583 1046 1653 ἐκκλησίας
1078 1585 1242 1638 αὐτοῦ
1271 1588 1440 1658 χωρὶς
1471 1588 1752 1657 βασιλικῆς
1778 1589 1810 1657 ἢ

170 1670 176 1687 ¹
250 1672 657 1739 πατριαρχικῆς
701 1675 1066 1741 προστάξεως,
1115 1678 1146 1747 ἢ
1194 1678 1317 1749 δίχα
1355 1679 1580 1748 βαρείας
1636 1680 1813 1745 νόσου,

254 1761 332 1830 μὴ
384 1764 818 1833 παραχωρούσης
854 1766 1004 1837 αύτῷ
1033 1770 1095 1820 ἐκ
1121 1770 1283 1821 τόπου
1314 1774 1393 1833 εἰς
1435 1774 1599 1824 τόπον
1646 1788 1814 1839 μετα-

244 1853 481 1911 ϐαίνειν,
510 1854 785 1925 ἀλλότριος
812 1857 913 1925 τῆς
948 1858 1358 1930 ἀρχιερωσύνης
1382 1860 1690 1933 γενήσεται,
1720 1862 1813 1914 καὶ

248 1943 372 1993 ἀντ’
422 1943 586 1995 αὑτοῦ
629 1948 1137 2016 χειροτονηθήσεται
1185 1950 1390 2020 ἕτερος.
1442 1952 1591 2026 Ἐπεὶ
1637 1952 1692 2004 δὲ
1750 1954 1812 2004 ἐκ
1847 1927 1887 1981 Β

243 2037 454 2091 τούτων
512 2040 610 2106 μὲν
656 2040 1008 2106 ἀναφαίνεται
1073 2045 1448 2110 παραδεκτέας
1499 2040 1639 2099 εἶναι
1715 2047 1813 2111 ei;

247 2131 404 2196 παρᾶ
435 2131 542 2180 τῶν
576 2132 889 2184 ἐπισκόπων
917 2134 1269 2203 ὁπωσδήποτε
1291 2137 1579 2204 γινομένας
1612 2156 1809 2206 παραι·

249 2222 463 2289 ¹ιήσεις·
488 2222 665 2291 ἕτεροι
694 2223 749 2274 δὲ
782 2224 1025 2289 κανόνες,
1079 2228 1171 2279 καὶ
1202 2227 1337 2296 αὐτὴ
1365 2230 1397 2297 ἡ
1452 2229 1583 2298 πρὸς
1609 2231 1817 2298 Δόμνον

249 2316 510 2382 ἐπιστολὴ
556 2315 649 2368 τοῦ
698 2316 855 2380 ἁγίου
920 2317 1206 2387 Κυρίλλου,
1258 2320 1372 2388 ἦτοι
1408 2320 1463 2373 to
1511 2326 1559 2372 α’
1604 2323 1695 2374 καὶ
1761 2320 1812 2387 γ’

253 2426 383 2477 κεφ.
416 2409 605 2478 αὐτῆς,
635 2409 958 2479 διορίζονται
994 2412 1067 2481 μὴ
1096 2414 1547 2482 ἀπεριμερίμνως
1585 2417 1683 2478 τὰς
1710 2417 1816 2468 τῶν

249 2500 569 2553 ἐπισκόπων
600 2503 963 2572 παραιτήσεις
1012 2503 1281 2572 δέχεσθαι’
1326 2505 1563 2571 ὀφείλεις
1596 2508 1689 2557 καὶ
1722 2505 1815 2557 τὸν

245 2592 494 2661 παρόντα
533 2594 733 2646 κανόνα
761 2595 894 2663 πρὸς
929 2596 1110 2649 ὲκείνα
1138 2595 1487 2664 συμϐιϐάσαι.
1528 2597 1803 2663 Ἀνάγνω-

246 2701 341 2736 σον
374 2685 468 2736 καὶ
495 2685 556 2735 τὸ
587 2690 653 2737 ια’
673 2702 801 2751 κεφ.
834 2686 927 2738 τοῦ
955 2687 995 2737 9'
1047 2686 1225 2739 τίτλον
1291 2688 1377 2739 τοῦ
1410 2688 1671 2757 παρόντος
1697 2705 1816 2740 συν-

243 2781 527 2845 τᾶγματος
592 2779 686 2831 καὶ
713 2779 780 2831 τὰ
808 2781 865 2831 ὲν
896 2779 1065 2847 αὐτῷ.
1099 2778 1222 2833 Ὅτι
1267 2780 1324 2833 δὲ
1371 2782 1429 2832 τὸ
1474 2781 1574 2849 μὲν
1603 2781 1649 2850 β’
1680 2798 1808 2846 κεφ.

242 2869 342 2920 τοῦ
394 2876 442 2938 η’
482 2869 661 2921 τίτλου
698 2872 792 2922 τοῦ
830 2872 1092 2942 παρόντος
1162 2875 1564 2941 συντάγματος,
1607 2872 1727 2942 ἦτοι
1758 2874 1819 2923 τὸ

242 2962 305 3013 ὲν
365 2963 538 3030 τούτῳ
586 2964 971 3033 περιεχόμενον
1022 2963 1086 3034 ιη’
1140 2964 1235 3017 καὶ
1288 2963 1352 3018 ιο’
1408 2982 1531 3032 κεφ.
1603 2966 1697 3018 τού
1760 2971 1817 3017 α’

242 3052 425 3103 τίτλου
457 3051 547 3105 τοῦ
574 3051 622 3121 γ’
680 3053 883 3122 ριὄλίου
914 3055 1021 3107 τῶν
1045 3055 1369 3119 Βασιλικῶν,
1401 3058 1537 3125 ὅπερ
1568 3056 1683 3108 ἐστὶ
1716 3059 1817 3126 μέ-

247 3157 339 3209 ρος
364 3145 457 3206 τῆς
487 3140 603 3211 ρκγ’
626 3142 1049 3197 ’ίουστινιανείου
1104 3146 1339 3214 Νεαρᾶς,
1368 3146 1515 3198 δοκεῖ
1536 3144 1832 3198 ἑνχντιοῦ-“

1915 665 2257 719 siastiearum
2290 666 2757 732 perturbationmn
2798 654 2961 719 causa
2992 674 3110 722 est.
3142 666 3458 730 statuimus,

1912 772 1978 810 ne
2007 754 2232 825 eligatur
2261 755 2548 824 episcopus
2581 755 2700 809 vivo
2759 756 3005 811 ecclesiae
3064 755 3314 822 praesule,
3361 757 3464 810 nisi

1913 849 2100 917 utique
2127 848 2206 902 vel
2232 863 2298 901 ex
2327 848 2731 901 examinatione
2768 848 3073 901 constiterit
3109 862 3233 901 esse
3271 847 3460 901 admit-

1913 941 2123 995 tendam
2159 941 2390 996 viventis
2418 939 2899 1001 reuuutiatiouem.
2934 940 3015 991 vel
3053 939 3299 1009 synodali
3346 956 3464 994 sen-

1852 1099 1856 1103 η
1914 1035 2076 1088 tentia
2132 1033 2525 1088 condemnatus
2575 1016 2756 1087 fuerit.
2804 1033 2959 1086 Tunc
2997 1034 3138 1085 etiim
3187 1048 3253 1085 eo
3300 1033 3463 1086 etiarr

1915 1127 2125 1180 vivente
2159 1124 2500 1180 ordinabitur
2526 1122 2871 1188 alius.Quasi
2898 1140 3027 1179 vero
3056 1124 3285 1179 dixisset
3315 1123 3459 1193 quis-

1914 1216 2079 1285 piam,
2108 1216 2246 1281 Quid
2276 1231 2404 1269 vero
2440 1215 2532 1271 iiut
2568 1216 2621 1269 in
2673 1217 2870 1287 popqu
2900 1217 3246 1284 episcopatus
3268 1254 3285 1278 ,
3321 1216 3365 1268 si
3403 1215 3469 1277 is,

1914 1311 2005 1377 qui
2057 1310 2132 1364 illi
2187 1317 2401 1376 praeest,
2434 1324 2541 1362 non
2590 1306 2719 1362 facit
2758 1308 3074 1361 canonicam
3114 1307 3463 1361 renuntiatio-

1915 1419 2058 1465 nem,
2102 1401 2196 1456 sed
2225 1410 2381 1455 extra
2415 1414 2573 1455 suum
2604 1400 2975 1468 cpiscOpatum
3010 1398 3287 1452 inoraturl
3329 1398 3441 1451 iutu

1915 1495 2113 1557 lerunt,
2145 1493 2290 1563 quod
2323 1492 2367 1548 si
2406 1492 2528 1562 quis
2554 1493 2845 1559 episcopus
2873 1492 3011 1543 ultra
3054 1505 3147 1543 se:
3191 1505 3406 1544 menses
3440 1504 3469 1542 a

1915 1599 2011 1639 sua
2064 1584 2295 1638 ecclesia
2324 1582 2578 1645 abfuerit,
2619 1583 2738 1635 sine
2790 1580 3057 1649 imperiali
3108 1580 3189 1632 vel
3239 1579 3469 1647 patriar-

1915 1676 2056 1733 chali
2089 1675 2359 1745 jussione,
2392 1675 2470 1727 vel
2503 1674 2620 1727 sine
2653 1673 2801 1742 gravi
2836 1674 3043 1730 morbo,
3078 1671 3168 1739 qui
3203 1686 3307 1723 non
3345 1686 3471 1736 per-

1917 1768 2082 1821 mittit
2113 1775 2173 1820 ut
2204 1767 2373 1835 possit
2411 1766 2586 1819 locum
2617 1768 2734 1819 loco
2760 1774 2988 1827 mutare,
3028 1764 3072 1815 is
3098 1764 3204 1817 erit
3228 1777 3257 1815 a
3283 1777 3469 1815 sacer-

1917 1860 2063 1914 dotio
2090 1861 2325 1923 alienus,
2359 1870 2411 1911 et
2438 1858 2577 1912 alios
2603 1873 2698 1927 pro
2722 1873 2787 1911 eo
2814 1857 3174 1912 ordinabitur.
3203 1856 3470 1921 Quoniam

1916 1959 2093 2007 autem
2134 1967 2196 2004 ex
2247 1951 2331 2004 his
2365 1950 2583 2020 quidem
2623 1960 2884 2017 apparet,
2937 1966 3056 2004 esse
3092 1949 3475 2010 admittendus,

1916 2058 2035 2109 quae
2066 2042 2561 2110 quomodocunque
2598 2040 2733 2093 liunt
2769 2041 2835 2094 ab
2880 2041 3151 2108 epise0pis
3199 2038 3479 2093 renuntia-

1916 2138 2112 2199 tioues;
2138 2136 2226 2190 alii
2256 2150 2385 2189 vero
2413 2149 2674 2193 canones.
2706 2142 2759 2185 et
2791 2132 2965 2186 sancti
2995 2130 3181 2202 Cyrilli
3213 2130 3277 2183 ad
3316 2131 3477 2183 Dom-

1918 2239 2046 2277 nmn
2096 2224 2323 2292 epistola
2350 2262 2366 2287 ,
2408 2222 2523 2276 sive
2581 2222 2601 2274 l
2644 2233 2696 2276 et
2732 2222 2765 2275 5
2804 2222 2922 2289 ejus
2962 2235 3323 2289 responsum,
3373 2228 3480 2272 sta-

1916 2324 2097 2375 tuunt,
2133 2330 2241 2368 non
2274 2330 2393 2369 esse
2425 2313 2830 2368 inconsiderate
2865 2312 3231 2367 admittendas
3260 2311 3475 2379 episeo-

1919 2420 2109 2473 porum
2162 2402 2624 2468 renuntiationes,
2679 2402 2845 2456 debes
2891 2398 3207 2470 praesentem
3263 2414 3481 2469 quoque

1918 2512 2179 2548 canoucm
2234 2495 2299 2548 ad
2362 2495 2450 2547 illa
2508 2493 2788 2548 reducere.
2843 2492 3070 2561 chell
3111 2507 3326 2560 quoque
3356 2506 3475 2557 cap.

1920 2590 2005 2640 tit.
2043 2588 2076 2641 9
2111 2587 2389 2656 przesentis
2437 2586 2639 2653 operis,
2673 2597 2727 2639 et
2775 2601 2894 2653 qum
2929 2586 2981 2637 in
3022 2600 3087 2639 co
3141 2596 3289 2638 sunt.
3345 2582 3478 2647 Quia

1920 2689 2098 2733 autem
2127 2693 2239 2747 cap.
2286 2678 2320 2729 2
2348 2680 2411 2730 tit
2466 2678 2497 2730 8
2528 2679 2812 2746 praesentis
2840 2679 3043 2745 operis,
3078 2676 3157 2728 vel
3184 2692 3302 2745 qua:
3330 2676 3381 2727 in
3416 2689 3481 2726 eo

1919 2770 2269 2824 continentur
2309 2785 2426 2838 cap.
2483 2771 2546 2823 18
2579 2778 2631 2823 et
2686 2771 2748 2822 19
2805 2769 2944 2822 tit..l
2997 2768 3092 2821 lib.
3150 2784 3208 2820 ιιι
3248 2766 3481 2819 Basilio.

1920 2861 2060 2929 quod
2115 2869 2196 2914 est
2259 2875 2383 2929 pars
2434 2859 2536 2915 123
2578 2859 2871 2915 Jistiuiani
2947 2859 3209 2920 Novellae,
3268 2858 3483 2911 videtur

1923 2956 2174 3024 praesenti
2228 2954 2422 3008 cauoni
2481 2968 2801 3021 repugnare,
2852 2952 3141 3021 qmesitum
3178 2959 3260 3003 cst
3292 2965 3319 3000 a
3363 2952 3485 3017 qui-

1924 3045 2146 3098 husdam
2180 3081 2196 3105 ,
2240 3043 2500 3111 quidnam
2539 3043 2691 3109 sequi
2735 3042 3052 3095 debeamus.
3088 3039 3351 3093 Videntur
3382 3053 3480 3090 au.

1924 3147 2031 3191 tem
2062 3138 2115 3191 in
2146 3136 2229 3190 his
2260 3136 2561 3192 adversari;
2593 3134 2777 3188 Canon
2805 3134 3061 3204 episoopo
3095 3149 3185 3188 sex
3215 3132 3477 3187 mensium

245 3231 370 3283 σθαι
393 3232 468 3302 τῷ
491 3233 713 3301 παρόντι
738 3235 942 3286 κανόνι’
969 3236 1305 3305 συνεζητήοη
1336 3237 1486 3306 παρά
1506 3254 1685 3297 τινων,
1708 3236 1812 3289 τίνι

1926 3231 2158 3299 spatium
2195 3228 2259 3280 ad
2298 3229 2397 3279 hoc
2434 3236 2492 3279 ut
2539 3230 2709 3296 possit
2741 3226 3068 3293 perigreuari
3101 3237 3153 3277 et
3177 3225 3245 3277 ah
3278 3224 3487 3291 episco-

244 3324 540 3391 προσέχειν
576 3325 885 3395 ὀφείλομεν.
920 3326 1155 3379 Δοκοῦσι
1215 3327 1273 3379 δὲ
1323 3327 1701 3381 ἐναντιοῦσθαι
1756 3331 1813 3380 ἐν

240 3414 477 3478 τούτοις.
514 3414 575 3468 Ὀ
611 3415 789 3470 κανὼν
823 3418 1246 3487 ἐφιλοτιμήσατο
1277 3419 1357 3481 είς
1395 3418 1714 3488 ἀποδημίαν
1736 3418 1817 3488 τῷ

242 3508 535 3577 ὲπισκόπῳ
558 3509 904 3578 ἑξαμηνιαῖον
925 3509 1132 3579 καιρόν·
1158 3512 1191 3581 ἡ
1215 3511 1401 3580 Νεαρά
1429 3513 1506 3574 είς
1547 3514 1817 3581 χρονιαῖον

246 3598 529 3666 διάστημα
578 3600 765 3652 τοῦτον
824 3600 1165 3669 ἑφήπλωσεν.
1206 3604 1326 3654 Ἔτι
1378 3606 1405 3655 ό
1452 3601 1631 3655 κανὼν
1689 3605 1817 3663 τοὺς

250 3690 395 3758 ὑπὲρ
448 3690 507 3741 τὸ
559 3690 826 3758 ἑξάμηνον
881 3692 1294 3759 ἀποδημοῦντας
1344 3695 1407 3745 ὲκ
1444 3694 1549 3745 τῶν
1599 3695 1816 3747 οἰκείων

246 3782 559 3850 ἐκκλησιῶν
588 3785 1240 3855 ἀρχιερεῖςζάσυζητήτως
1273 3785 1332 3852 ἐξ
1361 3785 1540 3837 αὐτῶν
1572 3786 1818 3857 ἀλλοτρι-

241 3874 436 3927 οὖσθαι
463 3876 769 3944 διωρίσατο·
796 3878 828 3945 ή
862 3876 1051 3945 Νεαρά
1089 3878 1343 3946 πρότερον
1370 3878 1612 3939 δαπάνας
1633 3880 1817 3949 ἀρχιε-

245 3966 406 4035 ρεῦσι
443 3968 517 4037 μὴ
561 3969 919 4037 χορηγεῖσθαι
960 3971 1109 4039 παρᾶ
1164 3970 1269 4021 τῶν
1315 3970 1617 4038 οἰκονόμων
1672 3971 1813 4040 μετά

246 4059 351 4127 τὴν
402 4059 595 4126 χρόνου
635 4060 996 4130 παραδρομὴν
1035 4059 1497 4128 παρεκελεύσατο,
1540 4060 1645 4119 καὶ
1670 4061 1815 4115 οὓτω

249 4146 679 4215 μετακαλεῖσθαι
714 4149 911 4212 αὐτοὺς
940 4149 1044 4201 ὑπὸ
1076 4149 1185 4201 τῶν
1232 4150 1452 4202 οἰκείων
1495 4150 1773 4219 κληρικῶν
1798 4167 1813 4181 ’

247 4236 346 4289 καὶ
375 4236 425 4287 εἰ
470 4235 607 4304 μηδὲ
656 4236 799 4289 οὕτω
857 4238 1177 4303 πεισθῶσιν,
1225 4239 1444 4308 ἑτέρους
1493 4245 1815 4310 χειροτονεῖ-

245 4327 395 4380 σθαι,
436 4326 497 4379 ’0
527 4326 703 4380 κανὼν
732 4330 970 4399 ἑκχωρεῖ
1029 4334 1143 4393 τοῖς
1176 4333 1491 4401 ἀρχιερεῦσι
1524 4335 1615 4385 καί
1658 4334 1819 4386 πλέον

244 4416 343 4468 τοῦ
377 4418 622 4471 ἐνιαυτοῦ
643 4420 969 4494 ἀποδημεῑγ,
994 4422 1150 4491 παρά
1183 4420 1448 4489 βασιλέων
1476 4420 1507 4493 ἢ
1535 4441 1812 4493 πατριαρ-

248 4508 363 4579 χῶν
391 4512 798 4578 κατεχομένοις,
831 4511 862 4579 ῆ
892 4512 979 4564 διὰ
1003 4513 1157 4566 νόσον
1185 4512 1411 4583 βαρεῖαν
1433 4515 1813 4584 κωλυομένοις·

1918 3332 2042 3392 patu
2077 3322 2289 3386 abesse,
2327 3323 2552 3393 largitus
2583 3332 2664 3376 est
2691 3338 2705 3373 :
2730 3318 2948 3373 Novella
2983 3334 3107 3371 vero
3142 3317 3191 3369 id
3221 3317 3284 3369 ad
3320 3316 3483 3368 unius

1917 3413 2041 3467 anui
2072 3413 2413 3466 intervallum
2449 3402 2703 3466 extendit.
2738 3407 3004 3461 Praaterea
3035 3420 3205 3457 canon
3235 3417 3350 3463 eos,
3388 3402 3481 3466 qui

1919 3504 2057 3557 ultra
2086 3520 2180 3557 sex
2211 3518 2425 3557 menses
2461 3518 2490 3555 a
2524 3502 2637 3556 suis
2699 3499 2947 3554 ecclesiis
2978 3496 3484 3559 abSIIttl,ntttislitus

1917 3596 2052 3648 citra
2109 3595 2515 3663 inquisitionem
2559 3594 2627 3647 ab
2676 3593 2739 3645 iis
2786 3589 2918 3659 ipsis
2961 3589 3188 3643 alienari
3226 3588 3421 3641 statuit
3470 3606 3481 3637 :

1917 3674 2136 3741 Novella
2176 3696 2424 3756 sumptus
2470 3686 2622 3755 prius
2667 3685 2734 3737 ab
2764 3683 3118 3738 oeconomicis
3143 3678 3485 3733 antistitibus

1922 3797 2029 3834 non
2055 3779 2393 3849 suppeditari
2421 3779 2598 3848 jubet,
2635 3776 2795 3848 357
2836 3786 2958 3844 post
2988 3784 3197 3843 tempus
3219 3772 3486 3838 elapsmn,

1918 3884 1972 3928 et
1995 3875 2075 3929 sic
2106 3890 2133 3927 a
2156 3876 2269 3929 suis
2300 3873 2514 3928 clericis
2536 3872 2820 3935 accersiri;
2850 3879 2903 3923 et
2932 3870 2977 3924 si
3008 3884 3109 3922 non
3135 3867 3213 3919 sie
3245 3869 3485 3936 persuasi

1919 3965 2142 4032 fuerint,
2173 3966 2309 4020 alios
2341 3964 2606 4019 ordinari.
2635 3964 2823 4019 Canon
2859 3960 3123 4032 permittit
3148 3960 3487 4014 antistitibus

1917 4058 2078 4112 etiam
2112 4058 2250 4111 ultra
2281 4072 2482 4109 annum
2514 4056 2709 4109 abesse
2735 4093 2751 4119 ,
2780 4055 2824 4108 si
2854 4054 2922 4106 ah
2959 4050 3378 4120 imperatoribus
3408 4052 3486 4102 vei

1921 4166 1948 4203 a
1977 4148 2303 4218 patriarchis
2329 4146 2704 4209 detineantur,
2739 4145 2822 4197 vel
2853 4154 3070 4212 propter
3094 4156 3310 4210 gravem
3341 4157 3488 4211 mn-

1922 4242 2047 4293 lmm
2075 4240 2467 4309 prohibeantur
2503 4254 2514 4288 :
2549 4236 2772 4291 Novella
2806 4236 2937 4288 nihil
2963 4242 3160 4288 tractat
3192 4232 3484 4300 ejusmodi.

1919 4331 2088 4401 Magis
2133 4342 2260 4399 ergo
2292 4330 2435 4397 quod
2474 4329 2525 4381 in
2588 4335 2736 4397 parte
2764 4328 2795 4379 6
2828 4327 3116 4381 Iustiniani
3170 4326 3392 4377 novella:
3422 4326 3488 4375 de

1917 4424 2028 4476 solc
2059 4424 2385 4492 imperatore
2421 4420 2750 4485 continetur,
2777 4430 2830 4473 et
2853 4434 2885 4473 a
2914 4417 3104 4472 Photio
3124 4418 3174 4469 in
3197 4418 3339 4468 dicto
3362 4432 3484 4483 cap.

1916 4515 1952 4567 2
1985 4512 2067 4567 tit.
2107 4513 2139 4566 8
2173 4512 2455 4581 przeseutis
2482 4511 2668 4582 operis
2701 4511 2867 4564 situm
2918 4518 3026 4573 est,
3080 4506 3313 4576 repetita
3348 4521 3487 4574 prae.

245 4601 280 4668 ἡ
312 4600 498 4669 Νεαρά
530 4602 686 4653 οὐδέν
710 4619 761 4653 τι
787 4604 1031 4657 τοιοῦτον
1060 4605 1438 4674 διαλαμϐάνει.
1466 4608 1687 4659 Μᾶλλον
1717 4608 1815 4676 μὲν

1925 4606 2084 4659 lectio
2140 4621 2246 4659 non
2277 4604 2522 4673 recepit,
2560 4602 2654 4658 sed
2701 4602 2943 4671 expulit;
2998 4601 3175 4653 visum
3230 4606 3314 4652 est
3354 4613 3486 4667 ergo

239 4686 338 4743 οὖν
365 4694 426 4743 τὸ
458 4693 523 4745 ὲν
555 4694 709 4761 μέρει
742 4694 839 4763 τῆς
867 4694 922 4759 ς’
982 4696 1412 4750 Ἰουστινιανείου
1443 4699 1662 4767 Νεαρᾶς
1695 4700 1823 4766 περὶ

246 4783 410 4851 μόνου
439 4784 530 4835 τοῦ
558 4784 822 4853 βασιλέως
855 4788 1264 4857 περιεχόμενον,
1296 4791 1389 4841 καὶ
1425 4790 1813 4860 καταστρωθὲν

242 4877 401 4944 παρά
432 4876 525 4928 τοῦ
556 4877 758 4929 Φωτίου
790 4881 848 4931 ὲν
876 4878 953 4948 τῷ
986 4880 1201 4949 ῥηθέντι
1237 4879 1281 4949 β’
1345 4898 1469 4949 κεφ.
1505 4882 1598 4934 τοῦ
1628 4889 1689 4949 η’
1740 4883 1823 4933 τί·

243 4967 372 5018 τλου
405 4968 499 5020 τοῦ
532 4970 797 5037 παρόντος
829 4972 1233 5041 συντάγματος,
1264 4974 1691 5044 ἡάνακάῧαρσις
1717 4974 1817 5026 οὐκ

563 5058 638 5079 ’λκιο
694 5060 765 5079 ξφ·
823 5059 845 5079 Ρ

247 5151 453 5220 μᾶλλον
502 5154 740 5220 ὀφείλειν
783 5160 1025 5220 κρατεῖν.
1077 5156 1220 5223 Ἐγὼ
1253 5156 1309 5207 δὲ
1369 5156 1463 5207 καὶ
1510 5155 1591 5207 ἑτι
1646 5158 1816 5225 ἀμφι⁶

1919 4712 2184 4751 eauonem
2222 4698 2402 4765 potius
2450 4695 2656 4748 servari
2700 4703 2972 4763 oportere.
3005 4691 3114 4759 Ego
3148 4705 3275 4743 vero
3309 4689 3486 4741 adhuc

1920 4789 2085 4844 etiam
2115 4787 2327 4842 dubito.
2359 4788 2642 4851 Quatenus
2682 4785 2824 4839 enim
2856 4796 2939 4837 est
2968 4783 3195 4853 qmestio
3225 4779 3485 4834 ecclesia-

1924 4880 2085 4946 stica,
2124 4886 2210 4933 sto
2250 4878 2318 4931 ab
2358 4878 2467 4931 illis
2499 4878 2589 4945 qui
2618 4876 2809 4929 dicunt
2844 4888 3107 4929 carmnem
3156 4874 3326 4941 magis
3366 4885 3483 4924 ser-

1922 4956 2036 5025 vari
2074 4979 2325 5041 oportere
2356 4986 2372 5024 :
2412 4978 2688 5039 quatenus
2716 4980 2894 5022 autem
2925 4966 3147 5020 Basilica
3192 4971 3484 5032 repurgata

1921 5073 2050 5117 sunt
2096 5073 2216 5132 post
2260 5060 2619 5115 nomocanoni
2673 5059 3125 5127 compositionem
3156 5096 3176 5125 ,
3222 5066 3277 5109 et
3326 5055 3489 5123 hujus

1924 5156 2150 5207 canonis
2180 5154 2507 5216 editionem,
2543 5152 2697 5204 alteri
2730 5153 3017 5206 sententiae.
3060 5150 3355 5204 assentior.

243 5243 449 5301 σάλλω.
476 5249 668 5311 Καθὼς
706 5250 804 5319 μὲν
838 5252 947 5320 γάρ
1005 5253 1122 5303 ἑστι
1159 5253 1219 5303 τι»
1253 5254 1478 5321 ζήτημα
1556 5252 2037 5321 ἐκκλησιαστικὸν,
2104 5251 2442 5321 πρόσκειμαι
2504 5249 2617 5310 τοῖς
2673 5248 2925 5313 λέγουσιν
2975 5247 3210 5315 ὀφείλειν
3289 5243 3487 5313 μᾶλλον

178 5340 189 5347 ³
243 5338 319 5393 τὰ
349 5339 445 5393 τοῦ
472 5342 695 5430 κανόνος
735 5346 957 5412 κρατεῖν
992 5361 1005 5373 υ
1037 5345 1171 5397 καθὸ
1201 5344 1257 5397 δὲ
1286 5347 1353 5399 τά
1390 5345 1655 5398 Βασιλικά
1685 5343 2140 5411 ἁνεκαϐἀροησαν
2172 5342 2309 5411 μετά
2342 5342 2442 5409 τὴν
2512 5339 2608 5391 τοῦ
2671 5339 3029 5409 νομοπιανόνου
3104 5337 3325 5407 ποίησιν
3391 5337 3487 5389 καὶ

242 5433 348 5505 τὴν
384 5434 481 5489 τοῦ
524 5437 748 5500 κανόνος
798 5441 988 5493 τούτου
1026 5441 1311 5502 ἀπόλυσιν,
1359 5441 1694 5512 πρόσκειμαι
1743 5443 1809 5509 τῇ
1851 5440 2012 5510 ἑτέρα
2046 5437 2258 5509 γνώμῃ.
2584 5430 2593 5437 ’

695 5530 893 5600 Ἑτέρα
925 5533 1207 5601 ἑρμηνεία
1244 5535 1375 5605 (58).

330 5619 419 5672 Ἐν
437 5620 553 5681 τοῖς
589 5618 689 5688 μὲν
731 5614 1053 5691 ἐγράψαμεν
1086 5624 1326 5692 ὀφείλειν
1359 5624 1428 5678 τά
1456 5627 1533 5694 τῷ
1581 5640 1812 5697 παρόντι

2396 5533 2574 5587 Altera
2614 5533 3002 5602 interpretatio.

1992 5624 2047 5679 In
2081 5625 2166 5680 his
2201 5623 2417 5695 quidem
2452 5624 2774 5695 scripsimus
2801 5623 3003 5678 servavi
3034 5632 3287 5691 oportere
3313 5659 3327 5683 ,
3360 5634 3486 5689 qua:

1435 5738 1630 5800 Guill.
1662 5741 1991 5818 Bevereéii
2035 5748 2221 5802 noue.

320 5829 437 5910 (.58)
487 5830 686 5911 Ἑτέρα
711 5834 1012 5911 ἑρμηνεία.
1055 5838 1179 5893 Ihec
1205 5839 1385 5911 altera
1431 5844 1810 5911 interpretatio

251 5902 416 5969 hujus
449 5907 675 5958 rationis
718 5922 825 5959 non
860 5910 1017 5975 modo
1063 5912 1114 5963 in
1150 5911 1340 5966 codice
1373 5902 1804 5979 Bodleiano,'sed

1915 5857 1965 5896 ιιι
2002 5845 2056 5897 in
2107 5843 2545 5898 Amerbachiano
2569 5884 2585 5907 ,
2620 5857 2831 5898 necnon
2879 5842 2931 5894 in
2992 5846 3371 5908 supplemento
3408 5841 3474 5896 ad

1894 5916 2278 5975 .l’arisieuscm
2312 5914 2649 5970 Balsamonis
2680 5913 2973 5968 editionem
3017 5921 3215 5967 exstat.
