3972 6488
318 306 455 371 ῙθἸἸ

1422 284 1501 376 m
1534 318 1698 377 CAN.
1752 320 1910 377 xvn
1951 319 2159 379 conc.
2209 321 2415 383 tZPOL.

3417 312 3545 385 1078

305 408 450 484 ἰδίας
479 421 666 492 τιμῆς,
701 422 869 493 ἤγουν
897 424 994 494 τῆς
1018 426 1377 496 ἐπισκοπικῆς
1411 430 1589 495 ἀξίας.
1629 433 1720 482 Δεῖ
1752 433 1880 499 γὰρ,

2016 436 2225 492 ’roinde
2254 440 2437 508 igitur,
2475 456 2575 509 qua
2606 441 2657 493 iu
2695 441 2926 495 ecclesia
2977 441 3273 511 episcopus
3328 452 3412 497 est
3464 458 3558 496 su-

308 516 470 585 φησὶ,
533 518 802 587 πρότερον
852 519 1155 583 κανονικῶς
1185 521 1537 587 ἐξετάζεσθαι
1571 526 1670 591 τὴν
1701 525 1880 577 αἰτίαν

308 608 409 679 τὴν
438 612 557 663 κατ’
581 613 748 665 αὐτοῦ
777 614 1151 684 ἐπαγομένην,
1180 619 1276 669 καὶ
1310 618 1389 680 είς
1426 618 1602 689 πέρας
1628 618 1879 685 ἄγεσθαι,

305 704 592 757 τουτέστιν
616 706 695 768 εἰς
742 705 1036 774 ἀπόφασιν,
1062 710 1156 761 καὶ
1207 711 1298 762 ὅτε
1352 713 1654 774 κανονικῶς
1678 715 1883 775 ἐκεῖνος

305 796 639 868 καθαιρεθῇ,
683 797 872 868 ἕτερον
920 801 1351 869 χειροτονεῖσθαι
1403 805 1481 864 εἰς
1515 802 1613 872 τὴν
1658 805 1881 856 ἐπισκο-

307 890 444 959 πήν.
515 891 749 959 Ὁμοίως
785 893 915 961 φησὶ
967 893 1062 945 καὶ
1109 894 1137 945 ὁ
1175 895 1434 963 τέταρτος
1481 896 1663 948 κανὼν
1699 897 1799 964 τῆς
1829 900 1886 948 ἑν

306 981 551 1052 Σαρδικῇ
610 982 851 1036 συνόδου.
904 984 966 1037 Εἰ
994 984 1050 1037 δέ
1079 1001 1161 1048 τις
1196 987 1517 1050 ἐπίσκοπος,
1551 988 1646 1039 τοῦ
1675 989 1883 1042 δικαίου

305 1073 410 1141 τῆς
459 1075 769 1141 ἐπισκοπῆς
812 1077 1194 1146 ἀντεχόμενος,
1248 1077 1371 1131 οὒτε
1411 1079 1502 1131 τὸν
1531 1082 1731 1133 οἰκεῖον
1763 1098 1884 1133 ποι-

308 1165 496 1228 μαίνει
538 1164 691 1230 λαὸν,
734 1165 861 1218 οὔτε
891 1172 1262 1238 παραιτεῖται,
1326 1172 1373 1223 εὶ
1424 1170 1647 1240 εὔλογον
1703 1175 1884 1226 αἰτίαν

308 1257 444 1318 ἴσως
489 1257 599 1327 ἔχει
650 1263 1059 1331 παραιτήσεως,
1112 1263 1247 1315 ἀλλὰ
1270 1264 1432 1318 πλέον
1488 1265 1562 1337 ἓξ,
1599 1269 1784 1335 μηνῶν
1829 1272 1886 1321 ἐν

308 1347 487 1418 ἑτέρῳ
531 1350 799 1420 διατρίϐει
829 1353 1000 1422 τόπῳ,
1049 1354 1367 1409 ἐκπεσεῖται
1394 1358 1486 1410 καὶ
1519 1359 1617 1427 τῆς
1661 1360 1886 1413 ἐπισκο-

308 1439 423 1507 πῆς
458 1442 555 1494 καὶ
584 1441 868 1510 τῆς¹ἁξίας
902 1445 1095 1515 αὐτῆς,
1130 1447 1178 1499 εί
1211 1448 1285 1515 μή
1316 1450 1476 1519 πουῆ
1510 1452 1574 1501 ἐκ
1608 1450 1887 1521 βασιλικοῦ

310 1534 743 1603 προστάγματος
788 1536 1078 1608 κατέχεται
1138 1540 1228 1594 διά
1274 1559 1394 1595 τινα
1449 1544 1658 1613 χρείαν,
1720 1546 1751 1614 ἢ
1805 1545 1882 1614 τῷ

310 1626 502 1696 οἰκείῳ
533 1628 852 1701 πατριάρχῃ
879 1632 1197 1698 ἀναγκαίως
1238 1624 1578 1705 ὑπηρετεῖ,ἢ
1608 1637 1748 1706 νόσῳ
1781 1639 1887 1688 τινὶ

310 1717 525 1786 χαλεπῇ
557 1718 653 1770 καὶ
676 1718 872 1791 βαρείᾳ
898 1723 1208 1791 συνέχεται,
1251 1726 1346 1777 καὶ
1376 1727 1627 1797 τοιαύτῃ,
1654 1728 1728 1789 ὡς
1760 1730 1882 1781 ἀκι·

312 1809 509 1877 νησίας
540 1810 689 1879 αὐτῷ
718 1808 901 1865 αἰτίαν
926 1813 1195 1882 γίνεσθαι.
1233 1818 1367 1869 Τότε
1414 1819 1518 1888 γὰρ
1556 1820 1888 1890 συγγνώμην

312 1900 430 1965 ἕξει
468 1903 770 1972 ἀποδημῶν
805 1906 905 1974 τῆς
941 1905 1239 1976 ἐκκλησίας
1272 1909 1462 1963 αὑτοῦ.
1503 1912 1665 1964 Ἀνευ
1696 1912 1749 1964 δὲ
1784 1914 1891 1965 τῶν

312 1992 576 2047 τοιούτων
615 1995 808 2048 αἰτιῶν
847 1998 1145 2068 ἀποδημῶν
1180 2000 1320 2071 ὑπὲρ
1368 2000 1428 2053 τὸ
1456 2003 1750 2072 ἑξάμηνον,
1798 2008 1892 2059 καὶ

314 2086 561 2157 ἀλλαχοῦ
589 2088 906 2157 διατρίϐων,
950 2090 1449 2161 ἀλλοτριωθήσεται
1480 2098 1579 2165 τῆς
1621 2098 1893 2168 ἀρχιερω-

316 2179 509 2248 σύνης,
540 2182 633 2232 καὶ
661 2183 847 2252 ἕτερος
875 2185 954 2247 εἰς
969 2185 1068 2250 τὴν
1099 2184 1407 2255 ἐπισκοπὴν
1437 2186 1653 2242 ἐκείνην
1678 2184 1891 2244 ἀντεισ·

316 2272 647 2342 αχθήσεται.

1990 540 2223 600 pcrstes,
2260 548 2436 601 neque
2464 534 2684 602 proprio
2712 534 2940 598 honore,
2981 535 3086 589 hoc
3112 545 3213 598 cst,
3255 534 3557 603 episcopali

1990 628 2274 696 dignitate,
2311 614 2487 682 motus
2518 640 2622 688 est,
2662 631 2869 683 nullum
2897 632 2949 683 in
2970 646 3030 683 ea
3053 632 3369 700 episcopum
3394 632 3557 685 alium

1991 720 2253 773 constitui
2305 720 2469 774 licere
2532 721 2774 790 synodus
2824 722 3087 774 deﬁnivit.
3145 718 3559 785 Oporteteuim

1993 813 2165 882 prius,
2198 814 2396 882 inquit,
2432 827 2494 868 ex
2522 800 3136 881 prmscriptocanonnm
3163 817 3390 879 crimen,
3417 816 3559 883 quod

1990 906 2248 975 epi5copo
2279 905 2595 966 intenditur,
2629 906 2922 960 examinari
2962 906 3026 959 ad
3071 906 3387 983 exitumque
3439 923 3561 972 pcr-

1992 1000 2141 1061 duei,
2178 999 2277 1052 hoc
2305 1006 2411 1057 est.
2442 999 2764 1051 sententiam
2809 998 2875 1051 de
2907 998 3001 1050 illo
3032 997 3197 1061 ferri;
3245 1015 3423 1066 eoque
3469 999 3559 1052 tie—

1994 1106 2139 1143 mnm
2182 1106 2245 1143 ex
2281 1089 2523 1144 decretis
2549 1104 2823 1143 canonum
2871 1088 3125 1158 deposito
3154 1131 3167 1149 .
3217 1093 3450 1143 alterum
3511 1092 3564 1142 in

1992 1183 2113 1249 ejus
2138 1182 2456 1250 episcopatu
2492 1181 2727 1248 denith
2756 1181 3064 1248 subrogari.
3094 1181 3237 1236 Idem
3274 1181 3565 1235 Sardici-n-

1992 1275 2069 1327 sis
2107 1288 2324 1342 quoque
2355 1274 2544 1343 synodi
2581 1286 2791 1326 canone
2822 1274 2855 1327 4
2882 1274 3239 1326 constitutum
3275 1283 3382 1328 cst.
3407 1273 3561 1337 Quod

1990 1369 2035 1422 si
2069 1368 2338 1437 quispiam
2374 1368 2688 1437 cpiscOpus,
2738 1367 2862 1436 jure
2915 1367 3261 1445 episcopatus
3315 1375 3523 1420 retento
3548 1405 3564 1427 ,

1995 1475 2173 1530 neque
2202 1462 2256 1515 in
2298 1476 2485 1515 curam
2530 1462 2787 1530 pascendi
2838 1463 3019 1531 gregis
3057 1463 3361 1522 incumbit,
3394 1478 3568 1526 neque

1944 1572 1947 1573 '
1996 1555 2295 1616 renuntiat,
2332 1555 2376 1608 si
2409 1552 2554 1620 iusta
2587 1552 2661 1606 illi
2690 1552 2830 1607 forte
2854 1554 3035 1621 aliqua
3072 1568 3233 1607 causa
3267 1555 3338 1607 sit
3365 1570 3567 1606 renun-

1997 1645 2265 1705 tiationis;
2302 1646 2393 1698 sed
2427 1645 2569 1697 ultra
2607 1656 2876 1699 semestre
2907 1647 3171 1714 temporis
3194 1646 3432 1713 Spatium
3462 1644 3570 1697 alio

1997 1738 2047 1791 in
2087 1738 2207 1792 loco
2237 1738 2406 1806 degit,
2445 1738 2491 1791 is
2521 1737 2837 1805 episcopatu
2874 1738 3037 1791 simul
3074 1739 3300 1806 ipsaque
3349 1740 3571 1805 episeo-

1998 1832 2101 1899 pali
2138 1832 2401 1898 dignitate
2436 1831 2691 1893 excidet;
2732 1832 2836 1883 nisi
2870 1830 2953 1884 vel
2990 1831 3343 1896 imperatoris
3388 1830 3569 1894 iusso,

2001 1921 2121 1990 ejus
2157 1937 2318 1991 opera
2351 1924 2578 1985 utentis,
2608 1922 2805 1976 alicubi
2838 1924 3171 1989 detineatur,
3205 1924 3285 1975 vel
3322 1937 3573 1976 necessa-

2002 2015 2098 2065 riis
2129 2015 2450 2082 patriarcha:
2474 2015 2555 2068 sui
2595 2014 2916 2069 ministeriis
2949 2028 3245 2083 occupetur
3277 2055 3290 2074 ,
3343 2016 3426 2069 vel
3484 2031 3573 2068 eo-

2003 2098 2177 2172 usque
2205 2106 2409 2158 difﬁcili
2443 2107 2703 2173 gravique
2728 2107 2918 2158 morbo
2939 2120 3237 2174 oppressus
3259 2103 3568 2166 dccumbat,

2004 2207 2062 2250 ut
2096 2212 2441 2253 commovere
2477 2213 2601 2280 sese
2634 2198 2945 2252 nullatenus
2977 2207 3158 2266 queat.
3195 2195 3351 2249 'l‘unc
3397 2198 3568 2255 enim,

2004 2290 2257 2358 quamvis
2290 2291 2479 2359 procul
2521 2292 2586 2344 ah
2619 2291 2845 2344 ecclesia
2880 2305 2976 2343 sua
3010 2290 3247 2357 degenti,
3284 2289 3575 2340 nihilomi—

318 2384 424 2421 nus
455 2370 791 2438 ignoscetur.
820 2374 874 2429 Si
912 2391 1065 2441 vero,
1135 2377 1283 2431 nulla
1356 2377 1623 2444 ejusmodi
1680 2396 1844 2435 causa

2016 2386 2325 2451 :rcedente,
2392 2388 2534 2440 ultra
2591 2386 2853 2439 semestre
2907 2384 3142 2453 spatium
3192 2382 3317 2435 alibi
3374 2383 3573 2435 absens

316 2468 560 2553 exegerit
594 2485 609 2523 :
635 2471 812 2526 altero
838 2472 892 2525 in
912 2472 1030 2542 ejus
1055 2473 1372 2543 episcopatu
1408 2476 1655 2541 suﬂecto,
1683 2482 1884 2533 summi

2016 2483 2217 2537 :erdotii
2246 2483 2514 2553 dignitate
2549 2486 2665 2553 ipse
2699 2480 3023 2551 privabitnr.

316 2540 546 2615 APIE'i‘.
614 2582 634 2615 1
679 2565 837 2617 Κατὰ
904 2540 1109 2636 μηδένα
1178 2540 1379 2635 τρόπον
1441 2568 1768 2623 ὲπιϐαινέτω
1817 2590 1900 2634 τις

401 2672 420 2705 1
466 2658 794 2728 ἐπισκοπῆς,
829 2653 898 2730 ἦς
926 2660 954 2711 ὁ
981 2660 1263 2730 προεστὼς
1292 2660 1374 2713 ἔτι
1404 2659 1492 2730 ζῇ.
1524 2664 1619 2713 Δεῖ
1657 2666 1775 2732 γὰρ
1795 2666 1895 2739 τὴν

397 2763 418 2797 1
466 2746 647 2801 αἰτίαν
672 2749 938 2819 πρότερον
963 2751 1245 2821 ζητεῖσθαι
1266 2753 1362 2804 τοῦ
1392 2753 1677 2821 μέλλοντος
1708 2755 1899 2807 ἐκδιώ-

399 2858 418 2890 1
465 2840 683 2906 κεσθαι,
729 2843 829 2895 καὶ
862 2842 1003 2910 μετὰ
1033 2842 1357 2914 καθαίρεσιν
1396 2845 1585 2907 ἕτερον
1621 2847 1892 2915 προδιδά-

400 2950 421 2982 1
470 2933 686 2995 ζεσθαι.
725 2934 787 2986 Εἰ
826 2934 880 2986 δέ
933 2952 1019 2997 τις
1068 2936 1299 3006 ἀμελοίη
1334 2938 1433 3005 τῆς
1469 2937 1606 3000 ἰδίας
1638 2939 1899 3009 ποίμνης,

406 3041 423 3071 1
466 3023 579 3077 καὶ.
615 3024 754 3093 μήτε
795 3025 956 3096 νόσῳ,
1012 3025 1045 3096 ἦ
1100 3024 1367 3095 βασιλικῷ
1423 3026 1453 3095 ἢ
1514 3030 1901 3099 πατριαρχικῷ

404 3135 423 3165 1
470 3117 807 3186 κελεύσματι
879 3120 1272 3189 κατεχόμενος,
1330 3119 1471 3189 ὑπὲρ
1548 3093 1970 3188 ἐξαμηνιαίονθ

402 3230 422 3261 1
472 3211 814 3282 ἀποδημήσει
851 3213 1063 3283 χρόνον,
1097 3214 1196 3282 τῆς
1230 3212 1325 3266 τοῦ
1378 3216 1678 3268 ἐπισκόπου
1718 3215 1844 3279 ἀξία
1870 3233 1899 3278 ς

405 3323 424 3354 1
472 3305 565 3357 καὶ
596 3306 760 3373 τιμῆς
784 3305 896 3373 ἤτω
915 3305 1208 3375 ἀλλότριος.
1239 3326 1256 3357 ι

928 3400 1166 3453 ΚΑΝΩΝ
1219 3399 1312 3453 lZ'.

331 3507 356 3539 1
414 3489 504 3541 'Ev
558 3492 691 3544 πᾶσι
771 3492 870 3560 τῆς
938 3491 1404 3562 ὲκκλησιαστικῆς
1468 3494 1726 3558 εὐταξίας
1789 3494 1901 3565 (59)

407 3601 427 3633 1
479 3585 888 3653 φροντίζοντες,
969 3586 1063 3637 καὶ
1126 3585 1285 3638 τοῦτο
1358 3586 1539 3656 ὁρίσαι
1607 3589 1906 3655 ἀναγκαῖον

411 3695 429 3725 1
477 3675 738 3745 ἐθέμεθα,
777 3676 917 3729 ὥστε
952 3677 1046 3730 τοῦ
1086 3678 1274 3729 λοιποῦ
1315 3679 1520 3747 μηδένα
1553 3680 1662 3731 τῶν
1696 3681 1904 3733 λαῖκῶν

410 3785 429 3818 1
477 3767 511 3836 ἢ
552 3767 801 3837 μοναχῶν
829 3767 1027 3837 ἀθρόον
1074 3770 1153 3830 είς
1186 3769 1242 3820 τὸ
1291 3769 1389 3837 τῆς
1434 3771 1741 3848 ἐπισκοπῆς
1772 3770 1905 3840 ὕψος

412 3878 431 3910 1
479 3859 799 3925 ἀνάγεσθαι.
849 3859 987 3911 ἀλλὰ
1017 3861 1077 3911 ὲν
1110 3862 1220 3921 τοῖς
1250 3860 1743 3931 ἐκκλησιαστικοῖςη
1779 3864 1909 3933 βαθ-

415 3973 433 4003 1
481 3954 603 4021 μοῖς
657 3951 1047 4021 ἐξεταζόμενον
1069 3954 1357 4022 πρότερον,
1387 3954 1529 4007 οὕτω
1554 3957 1650 4024 τῆς
1685 3958 1905 4009 ἐπισκο-

414 4063 432 4095 1
476 4045 585 4115 πῆς
615 4046 713 4117 τὴν
757 4046 1095 4116 χειροτονίαν
1130 4046 1511 4115 ὑποδέχεσθαι.
1568 4050 1629 4102 ΕΞ
1674 4049 1782 4120 γὰρ
1814 4052 1911 4103 καὶ

2008 2574 2235 2630 ARIST.
2277 2595 2295 2627 1
2332 2575 2502 2629 Nemo
2530 2578 2907 2644 episcopatum
2943 2573 3049 2626 ullo
3107 2571 3267 2625 modo
3316 2571 3573 2631 invadat,

2085 2689 2105 2719 1
2140 2670 2299 2737 cujus
2329 2668 2528 2736 praesul
2557 2668 2735 2720 adhuc
2766 2666 2920 2719 vivit.
2959 2664 3192 2719 Causam
3232 2663 3375 2716 enim
3410 2662 3573 2731 illius,

2087 2781 2104 2809 1
2140 2761 2231 2827 qui
2264 2758 2617 2826 expellendus
2648 2768 2765 2820 est,
2796 2757 3098 2810 examinari
3133 2757 3283 2825 prius
3314 2765 3527 2823 Oportet
3560 2795 3575 2815 ,

2085 2873 2102 2903 1
2136 2862 2186 2906 ct
2218 2860 2341 2922 post
2375 2851 2771 2918 depositionetn
2806 2850 2967 2902 alium
2997 2849 3324 2917 promoveri.
3353 2846 3406 2900 Si
3451 2848 3575 2915 quis

2078 2961 2094 2991 1
2134 2951 2311 2994 autem
2332 2954 2548 3009 gregem
2573 2955 2730 2992 sumn
2759 2939 3147 3007 ncglexcrit,et
3169 2952 3344 3005 neque
3369 2940 3574 2999 morbo,

2086 3054 2104 3085 1
2144 3048 2243 3088 nec
2281 3032 2546 3102 imperiali
2582 3048 2678 3085 nec
2711 3031 3062 3102 patriarchali
3108 3029 3266 3098 jussu
3299 3030 3572 3087 detentus,

2084 3148 2102 3177 1
2142 3124 2282 3180 ultra
2313 3133 2579 3181 semestre
2610 3124 2844 3194 spatiqu
2893 3122 3122 3183 abfuerit
3158 3162 3172 3184 ,
3226 3122 3295 3176 ab
3334 3122 3574 3191 episcopi

2086 3240 2102 3270 1
2138 3219 2398 3289 dignitate
2426 3218 2588 3274 simul
2616 3232 2677 3271 ac
2714 3218 2919 3270 honore
2953 3216 3167 3269 alienus
3201 3218 3292 3268 sit.

2579 3394 2811 3451 CANGN
2846 3394 2987 3449 XVII

2013 3509 2032 3541 1
2076 3491 2135 3544 ln
2195 3489 2453 3544 omnibus
2518 3490 2645 3543 boui
2705 3470 3061 3543 ecclesiastici
3125 3490 3333 3545 ordinis
3390 3506 3578 3547 curam

2086 3604 2103 3635 1
2140 3593 2431 3653 gerentes,
2483 3580 2589 3636 hoc
2647 3597 2867 3651 quoque
2920 3582 3148 3637 delinire
3204 3585 3576 3638 necessariqu

2086 3697 2103 3727 1
2142 3678 2431 3733 duximus:
2462 3686 2521 3730 ut
2553 3676 2733 3731 nullus
2764 3677 3019 3744 deinceps
3054 3678 3224 3733 laicus
3275 3680 3355 3733 vel
3389 3695 3547 3732 iuona
3568 3709 3580 3718 ε

2093 3790 2110 3821 1
2150 3772 2290 3825 chus
2319 3779 2544 3840 repente
2575 3770 2640 3823 ad
2677 3772 3040 3838 episeopalem
3071 3775 3414 3827 altitudinem
3458 3788 3581 3827 ere-

2089 3884 2103 3912 1
2145 3864 2337 3927 luatur;
2370 3861 2463 3916 sed
2496 3862 2549 3914 in
2594 3862 2985 3917 ecclesiasticis
3038 3864 3295 3931 gradibus
3342 3865 3577 3933 primum

2091 3973 2108 4003 1
2150 3954 2515 4013 examinatus,
2554 3952 2627 4003 ita
2660 3951 3311 4021 episcopalisdignitatis
3362 3956 3583 4009 ordina-

2090 4064 2107 4095 1
2148 4044 2349 4104 tionem
2386 4044 2669 4111 suscipiat.
2704 4043 2817 4098 Etsi
2847 4046 2989 4098 enim
3046 4026 3330 4114 hucusque
3355 4048 3577 4115 quidam

1565 4180 1754 4243 Guill.
1792 4172 2115 4258 Beveregii
2147 4186 2345 4247 none,

413 4307 522 4378 (59)
577 4308 680 4359 Ἐν
723 4305 874 4360 πᾶσι
896 4309 1008 4373 τῆς
1034 4306 1547 4374 ἐκκλησιαστικηῆς
1591 4307 1893 4372 εὐταξίας.

338 4381 575 4433 Cautum
609 4388 691 4430 est
718 4379 823 4430 hoc
856 4392 1088 4436 canone,
1123 4393 1188 4430 ne
1220 4379 1342 4445 quis
1385 4379 1552 4429 laicus
1580 4387 1675 4429 aut
1710 4393 1897 4431 numa-

338 4451 480 4504 chns
509 4448 573 4501 ad
613 4448 983 4514 episcopalem
1018 4448 1343 4515 dignitatem
1378 4447 1430 4498 in
1454 4458 1731 4515 posterum
1765 4463 1896 4499 eve-

2011 4303 2253 4374 προστὰς
2310 4303 2485 4372 θρόνῳ
2535 4303 2633 4373 τὴν
2658 4305 2884 4374 είρήνην
2908 4303 2982 4371 τῷ
3021 4304 3134 4374 λαῷ
3194 4286 3569 4373 προσεφώνει.

2010 4372 2193 4430 Nicet.
2232 4377 2283 4427 in
2324 4374 2438 4427 Vita
2474 4375 2650 4444 ignat.
2686 4372 2751 4426 Et
2778 4374 2893 4441 ipsa
2929 4372 3148 4440 quidem
3182 4384 3374 4427 octava
3410 4372 3591 4444 διέπει-⁸

2011 4449 2139 4500 ralis
2180 4446 2341 4512 vulgo
2398 4445 2667 4515 appellata
2726 4444 2970 4515 synodus
2996 4484 3009 4503 ,
3040 4444 3231 4511 lgnatii
3268 4446 3437 4512 gratia
3486 4445 3579 4498 ha-

341 4493 526 4580 hat'tir,
574 4493 677 4571 nisri
719 4493 821 4585 qui.
863 4493 1176 4585 tcmpusoin
1230 4493 1482 4586 singulisr
1516 4517 1902 4569 ecclesiasticis
1937 4493 1981 4546 ί)
2018 4518 2150 4578 bita,
2214 4493 2602 4583 pri’eposierram
2653 4493 2797 4586 ilalllc
2854 4525 2933 4586 et,
2965 4493 3322 4586 irrrogularein
3396 4514 3575 4568 Photii

341 4591 708 4658 praestitutum
787 4586 1043 4658 graiibns
1112 4588 1262 4654 prius
1336 4587 1739 4658 adimpleverit.
1795 4588 1910 4639 iloc

341 4670 520 4713 autem
544 4674 570 4711 a
597 4657 788 4711 Photio
814 4657 896 4711 sui
918 4658 1091 4720 ipsius
1112 4672 1277 4711 causa
1298 4657 1655 4709 constitutum
1678 4658 1909 4718 videtur,

340 4730 425 4782 vel
480 4730 594 4797 ipse
644 4732 832 4781 saltem
863 4727 911 4779 ei
945 4728 1333 4780 constituendo
1390 4727 1737 4779 oecasionent
1782 4744 1913 4796 pric-

344 4796 513 4863 buit,
556 4800 756 4865 quippe
791 4797 909 4866 qui,
949 4809 1141 4850 Contra
1182 4813 1244 4848 ac
1308 4798 1391 4849 hic
1440 4796 1781 4859 decernitur,
1820 4811 1911 4866 pa-

344 4869 708 4921 triarchatutn
770 4867 1445 4935 Conslantinopolitanum
1511 4867 1744 4933 adeptus
1808 4880 1911 4919 est.

345 4938 394 4991 Is
428 4940 568 4992 enim
604 4955 729 5001 cum
786 4940 1267 5005 protospatharins
1302 4947 1354 4990 et
1392 4937 1601 5004 primus
1634 4952 1663 4989 e
1686 4940 1913 4991 secretis

347 5010 664 5076 imperatori
712 5018 879 5068 esset,
945 5024 974 5058 e
1024 5009 1163 5060 laico
1198 5023 1295 5060 sex
1357 5007 1549 5059 diebus
1603 5008 1915 5073 patriarcha

346 5088 564 5132 creatus
587 5087 692 5132 est.
738 5076 871 5130 Nam
912 5078 1083 5143 primo
1118 5078 1207 5130 die
1244 5082 1417 5129 lactus
1462 5087 1543 5129 est
1592 5079 1914 5139 monachus,

346 5152 520 5201 altero
586 5148 793 5213 iector,
846 5148 1041 5200 deinde
1096 5148 1549 5215 hypodiaconus,
1626 5148 1913 5209 diaconus,

348 5221 657 5287 presbyter,
688 5230 739 5270 et
784 5229 941 5271 sexto
971 5213 1315 5284 patriarcha;
1355 5227 1413 5268 ιιι
1464 5213 1680 5269 N.cetas
1707 5219 1758 5269 iu
1796 5216 1916 5268 Vita

349 5286 538 5356 lgnatii
568 5288 1159 5354 Constantinopolnani
1189 5287 1443 5339 tradidit:
1469 5289 1577 5338 Καὶ
1602 5287 1659 5336 ὲν
1686 5286 1744 5350 ἒξ
1768 5289 1916 5347 ὅλαις

348 5358 589 5427 ἡμέραις
631 5359 818 5428 χερσὶν
851 5356 1156 5426 ἀνθρώπων
1192 5356 1565 5428 τελειούμενος
1584 5357 1681 5428 τῇς
1712 5358 1920 5409 ἀποθυ-

353 5424 602 5495 μουμέιη
623 5424 662 5477 δ’
689 5424 1099 5498 ἐπελαμὸἀνετο
1143 5424 1431 5498 καθέδρας.
1468 5428 1575 5478 Καὶ
1608 5424 1675 5498 ἧν
1707 5427 1919 5494 ἀληθῶς

350 5502 564 5549 ἐκεῖνον
613 5499 743 5566 όρᾷν
800 5496 1115 5567 αὐθημερὸν
1156 5497 1311 5563 ἆγιον
1372 5496 1741 5567 πλαττόμενον
1783 5499 1920 5548 κατὰ

348 5567 450 5637 τὴν
513 5568 849 5636 παροιμίαν·
899 5566 1091 5637 πρώτῃ
1141 5567 1249 5637 γὰρ
1303 5568 1487 5636 ἡμέρᾳ
1532 5566 1764 5636 μο-ιαχὸς
1801 5568 1920 5617 ἀντὶ

352 5635 547 5689 λαῐκοῦ
569 5656 580 5669 ·
602 5635 937 5707 ίτῇξδευτέρᾳ
962 5636 1018 5688 δὲ
1050 5635 1419 5707 ἀναγνώστηε,
1452 5638 1545 5688 καί
1574 5640 1920 5697 ὑπσόιὰκονος

356 5711 425 5777 τῇ
461 5709 609 5773 ἑξῆς,
639 5701 755 5759 εἶτα
781 5701 1046 5777 διάκονος,
1077 5701 1195 5777 εἶτα
1225 5701 1614 5774 πρεσϐύτερος,
1639 5710 1830 5759 ἔπειτα
1854 5712 1919 5775 τῇ

362 5773 516 5845 ἕκτῃ,
542 5779 772 5831 Χριστοῦ
796 5778 847 5830 δὲ
873 5773 937 5833 ἦν
967 5776 1239 5836 Γενέθλια,
1269 5778 1358 5829 καὶ
1384 5773 1540 5839 αὑτδς
1565 5779 1638 5840 τῷ
1664 5773 1921 5841 ἱερατικά,

2018 4582 2418 4639 ordinationem
2470 4585 2834 4653 perstringere
2888 4582 3125 4646 videtur,
3166 4585 3254 4635 uhi
3308 4582 3597 4638 neminem“

2017 4659 2082 4709 ad
2115 4657 2463 4726 episcopatus
2496 4659 2756 4708 honorem
2784 4657 3094 4726 promoveri
3132 4655 3347 4713 statuit.
3385 4658 3486 4708 nisi
3524 4656 3576 4707 in

2018 4725 2240 4781 lectoris
2294 4741 2517 4779 munere
2560 4740 2786 4783 annum,
2830 4727 2881 4776 in
2937 4725 3260 4778 subdiaconi
3320 4727 3480 4786 duos,
3524 4726 3575 4777 in

2019 4797 2237 4850 diaconi
2296 4795 2776 4867 tres.jsacerd.otii
2860 4804 3038 4847 autem
3106 4802 3366 4863 quatuor
3409 4811 3581 4867 annos

2018 4867 2348 4936 expleverit.
2399 4864 2831 4936 Προὸιϐασθὴτω
2880 4868 2960 4936 εἰς
3004 4866 3102 4932 τὴν
3132 4865 3580 4934 ἀρχιερωσύνην,

2018 4933 2160 4990 ὥστε
2184 4939 2241 4987 ὲν
2281 4934 2353 5000 τῷ
2387 4933 2582 5004 βα-Ομῴ
2613 4934 2707 4986 τοῦ
2740 4933 3088 4999 ἀναγνώστου
3128 4938 3374 4987 ἐνιαυτὸν
3413 4939 3583 5003 τρεῖς,

2018 5009 2111 5059 καί,
2157 5007 2425 5073 τέσσαρας
2483 5007 2539 5055 ἐν
2595 5004 2687 5075 -τῴ
2755 5004 2847 5056 τοῦ
2921 5004 3316 5074 πρεσὸυτέρου.
3377 5004 3583 5075 5)”ιιιιείι

2020 5088 2227 5130 octava:
2285 5092 2406 5128 can.
2469 5075 2519 5127 5.
2594 5073 2821 5126 Photius
2871 5088 3049 5127 autem
3112 5077 3162 5128 in
3203 5073 3458 5143 praesenti
3492 5093 3583 5126 ra-

2021 5164 2161 5200 noue
2190 5161 2300 5199 rem
2331 5154 2628 5198 extenuare
2684 5145 2897 5197 nititur.
2954 5144 3137 5199 Primo
3193 5148 3337 5198 enim
3394 5148 3584 5199 subin-

2021 5220 2189 5281 dicat,
2224 5216 2516 5268 nonnullos
2546 5230 2575 5267 e
2640 5214 2790 5266 latcis
2844 5216 2921 5268 vel
2975 5218 3257 5268 monachis
3295 5218 3586 5284 episcopos

2022 5291 2204 5341 statim
2241 5286 2413 5338 iactos
2458 5284 2630 5338 fuisse
2660 5324 2673 5343 ,
2709 5294 2766 5337 ct
2802 5286 3064 5339 ecclesia-5
3129 5301 3256 5339 suas
3323 5287 3376 5338 in
3414 5286 3581 5336 altum

2022 5358 2280 5409 extulisse
2337 5355 2592 5424 (quales?
2633 5355 2885 5407 nimirum
2964 5356 3181 5409 fuerunt
3259 5356 3583 5407 Ambrosius

2022 5426 2371 5479 Mediolensis
2427 5438 2480 5479 et
2557 5423 2841 5478 Net-larius
2885 5426 3577 5492 Constantinopolitanusi,

2023 5496 2118 5549 sed
2152 5496 2322 5556 addit,
2357 5496 2457 5549 hoc
2502 5495 2553 5547 in
2592 5498 2902 5562 exetnplum
2942 5510 3045 5547 non
3080 5498 3403 5548 trahendum
3435 5509 3583 5549 esse.

2025 5567 2324 5632 proisertint
2360 5561 2474 5616 ’τοῦ
2515 5564 2705 5615 λοιποῦ
2741 5561 2793 5617 tu
2842 5574 3103 5632 posterum
3142 5582 3158 5620 :
3195 5564 3329 5615 adeo
3368 5575 3424 5613 ut
3461 5580 3584 5630 qua:

2025 5647 2183 5689 antea
2256 5640 2355 5688 hoc
2440 5635 2599 5686 modo
2660 5636 2812 5687 faeta:
2878 5644 3005 5687 sunt
3056 5636 3431 5687 ordinationes
3495 5640 3583 5699 (ac

2026 5709 2254 5773 proinde
2283 5708 2460 5772 suam)
2500 5712 2644 5759 ratas
2678 5720 2798 5757 esse
2842 5705 2999 5767 velit;
3041 5706 3131 5757 sed
3169 5716 3347 5755 tamen
3394 5704 3447 5755 in
3484 5719 3579 5773 ινυ-

2026 5789 2227 5831 stct'uzn
2258 5793 2360 5830 non
2406 5776 2681 5831 iaciendas
2707 5790 2826 5830 esse
2866 5783 3086 5827 statuat.
