3972 6488
359 396 498 460 1085

428 507 627 561 ΒΑΛΣ.
657 507 809 570 Τινὲς
842 509 1286 579 κατακρινόμενοι
1312 513 1738 586 ἀκοινωνησίᾳὴ
1758 518 1839 569 έτέ

353 600 624 672 καταδίκῃ
659 600 937 669 ἐπιτιμίου
963 600 1416 671 ἐκκλησιαστικοῦ
1444 606 1922 677 καθυποῦαλλόμε-

354 710 456 755 νοι,
491 691 642 759 παρὰ
666 691 759 744 τοῦ
812 690 1005 762 θρόνου
1048 695 1147 765 τῆς
1198 696 1438 777 παλαιᾶς
1478 695 1717 768 Ῥώμης,
1752 716 1921 769 προσ.

353 791 584 855 ἠρχοντο
607 785 683 855 τῷ
715 784 889 855 θρόνῳ
914 788 1012 854 τῆς
1043 788 1669 854 Κωνσταντινουπόλεως
1690 806 1705 822 ·
1741 794 1834 844 καὶ
1860 792 1921 844 τὸ

353 876 648 930 ἀνάπαλιν.
716 878 826 928 Καὶ
855 879 979 930 ἐπεὶ
1009 879 1074 930 ἐκ
1098 878 1285 932 τούτου
1316 880 1582 933 σκάνδαλα
1618 883 1782 952 μέσον
1812 884 1923 936 τῶν

353 970 447 1021 δύο
506 968 845 1039 Ἐκκλησιῶν
902 972 1221 1040 ἀνεφύοντο,
1278 972 1623 1043 ὲλαλήθησαν
1678 976 1747 1028 τὰ
1793 978 1922 1045 περὶ

354 1063 549 1115 τούτου
600 1065 741 1123 κατὰ
769 1066 860 1116 τόν
905 1065 1091 1132 καιρὸν
1144 1065 1242 1131 τῆς
1290 1066 1674 1137 οἱκουμενικῆς
1719 1067 1921 1133 ταύτης

356 1156 595 1209 συνόδου.
628 1157 721 1218 Εἰς
743 1157 1085 1226 περιαίρεσιν
1118 1153 1210 1210 οὖν
1243 1158 1538 1212 σκανδάλου
1573 1162 1771 1220 παντὸς
1795 1158 1922 1227 ὣρι·

356 1266 456 1301 σαν
507 1250 555 1301 οἱ
604 1251 847 1319 Πατέρες
913 1251 1038 1312 τοὺς
1086 1250 1431 1321 ὁπωσδήποτε
1488 1252 1923 1321 κατακριθέντας

352 1342 506 1408 παρά
570 1340 664 1393 τοῦ
725 1343 925 1395 πάππα
986 1339 1125 1394 εἶναι
1179 1346 1272 1394 καὶ
1325 1344 1476 1411 παρά
1503 1342 1579 1411 τῷ
1611 1342 1925 1413 πατριάρχη

352 1435 980 1497 Κωνσταντινουπόλεως
1034 1434 1646 1502 καταδεδικασμένους’
1699 1437 1793 1488 καὶ
1866 1436 1925 1487 τὸ

354 1527 650 1580 ἀνάπαλιν.
712 1528 798 1589 Ὠς
852 1527 908 1580 δέ
953 1544 1097 1586 τινος
1156 1527 1252 1579 τοῦ
1310 1527 1370 1591 ἐξ
1400 1527 1636 1588 Ἰταλίας
1682 1528 1925 1587 εἰπόντος

351 1622 443 1671 ἐπὶ
472 1622 785 1690 περιγραφῇ
812 1619 918 1670 τῶν
974 1619 1289 1688 προνομίων
1322 1618 1416 1671 τοῦ
1456 1619 1646 1687 θρόνου
1674 1619 1771 1686 τῆς
1823 1633 1924 1668 πα-

353 1714 508 1774 λαιᾶς
547 1712 763 1781 Ῥώμης
792 1710 965 1762 ταῦτα
1013 1709 1363 1773 θεσπίζεσθαι
1404 1710 1491 1762 διὰ
1517 1712 1617 1778 τὴν
1646 1708 1927 1774 ὲξίσωσιν,

352 1805 682 1874 προσέθεντο
712 1804 1122 1871 ἁκαινοτόμητα
1158 1803 1543 1872 συντηρεῖσθαι
1595 1804 1674 1863 εἰς
1705 1802 1764 1853 τὸ
1797 1801 1923 1871 ἑξῆς

352 1899 419 1947 τὰ
452 1897 734 1962 πρεσϐεῖα,
786 1896 879 1948 καὶ
940 1895 1038 1964 τὴν
1084 1898 1248 1963 τιμὴν
1291 1894 1384 1947 τοῦ
1425 1895 1690 1964 προέδρου
1732 1896 1923 1962 αὐτῆς.

368 1989 520 2040 Ἐπεὶ
551 1988 660 2057 γάρ
695 1988 985 2056 ὴρώτησάν
1019 2006 1182 2052 τινες,
1212 1988 1285 2051 ὡς
1348 1986 1441 2039 τοῦ
1491 1989 1709 2048 κανόνος
1757 1986 1930 2054 μόνων

361 2082 464 2133 τῶν
498 2082 589 2133 δύο
621 2080 869 2151 μεγάλων
899 2082 1200 2151 ἀρχιερέων
1231 2085 1601 2151 μεμνημένου,
1638 2080 1691 2131 τί
1714 2081 1932 2149 γενήσει-

356 2191 446 2225 ται
486 2176 565 2235 εἰς
617 2177 743 2236 τοὺς
771 2174 961 2235 ἄλλους
1013 2172 1390 2243 πατριάρχαςς
1422 2171 1601 2240 φαμὲν
1626 2171 1816 2233 κοινῶς
1839 2170 1931 2222 καὶ

355 2266 444 2318 διὰ
478 2267 687 2327 πάντας
714 2265 1097 2334 ὲκφωνηθῆναι
1130 2265 1218 2316 τὸν
1252 2264 1474 2316 κανόνα.
1512 2264 1635 2315 ’Ότι
1674 2264 1766 2314 καὶ
1815 2258 1930 2312 ἓτε-

361 2373 445 2425 ροι
480 2356 703 2417 κανόνες
736 2356 1051 2425 παρομοίως
1083 2352 1411 2424 διορίζονται
1441 2354 1806 2421 ἀκοινώνητον
1846 2346 1929 2402 εἷ-

357 2464 446 2496 ναι
479 2446 576 2516 τὸν
597 2445 1033 2514 προσδεχόμενον
1061 2443 1361 2496 ἐπίσκοπον
1399 2445 1525 2505 τοὺς
1556 2442 1707 2511 παρά
1735 2442 1923 2510 ἐτέρου

357 2540 659 2591 ἐπισκόπου
694 2538 1111 2608 ἀφορισθέντας,
1148 2538 1179 2608 ἢ
1229 2538 1322 2589 καὶ
1370 2536 1545 2599 ἄλλως
1578 2534 1929 2605 ἐπιτιμηθέν-

358 2650 481 2696 τας,
513 2633 602 2686 διὰ
634 2633 694 2685 τὸ
720 2632 777 2684 ἓν
805 2633 963 2701 σῶμα
990 2630 1305 2697 λογίζεσθαι
1336 2629 1516 2692 πάσας
1540 2629 1637 2691 τὰς
1658 2628 1752 2681 τοῦ
1789 2625 1925 2679 Θεοῦ

360 2726 680 2794 ἐκκλησίας.
757 2725 1109 2795 Ἐγράερησαν
1179 2724 1235 2777 δὲ
1319 2722 1391 2775 τά
1452 2723 1509 2775 ἐν
1560 2720 1638 2791 τῷ
1697 2720 1927 2789 παρόντι

362 2819 551 2873 κανόνι
584 2818 767 2881 ίδικῶς
797 2818 883 2870 διὰ
914 2817 981 2870 τὰ
1010 2815 1132 2869 τότε
1169 2814 1521 2883 συμπεσόντα
1554 2809 1825 2864 σκάνδαλα
1858 2810 1922 2861 ἐκ

360 2912 456 2964 τοῦ
500 2913 766 2975 πολλάκις
849 2907 1318 2976 καταδιδασθῆναι
1384 2905 1477 2959 τὸν
1545 2892 1892 2973 πατριάχρην

362 3005 567 3058 Φώτιον
585 3007 647 3058 ὲκ
679 3003 771 3056 τοῦ
818 3000 1215 3071 πατριαρχικού
1269 2999 1482 3069 θρόνου,
1518 2997 1612 3049 καὶ
1665 2994 1928 3054 πολλάκις

360 3098 825 3166 ἀποκαταστῆναι,
859 3094 1151 3148 κάντεῦθεν
1202 3091 1373 3145 πολλά
1410 3091 1689 3160 σχίσματα
1726 3105 1939 3158 συμπε-

363 3206 497 3245 σειν.

367 3380 507 3450 πρὸς
537 3377 798 3448 ἀλλήλους
815 3374 905 3427 τόν
929 3390 988 3425 τε
1011 3372 1106 3440 τῆς
1134 3368 1512 3439 πρεσϐυτέρας
1546 3366 1763 3435 Ῥώμης
1794 3366 1942 3415 πάπ-

363 3492 473 3525 παν
518 3471 615 3523 καὶ
655 3470 747 3522 τὸν
804 3467 905 3537 τῆς
961 3468 1086 3526 νέας
1123 3461 1327 3530 ταύτης
1368 3463 1464 3527 τῆς
1505 3461 1941 3511 Κωνσταντινου-

364 3562 574 3623 πόλεως
603 3558 972 3628 πατριάρχην,
1001 3553 1114 3607 ἀλλ’
1145 3553 1384 3622 ὁμονοεῖν
1412 3548 1662 3619 ἀλλήλοις
1688 3565 1704 3578 ·
1727 3548 1806 3599 ἔτι
1835 3546 1942 3614 γὰρ

363 3649 507 3715 ἦσαν
529 3648 771 3720 ὁμόδοξοι
791 3647 884 3700 καὶ
906 3645 1208 3715 όμόθρονοιο
1233 3642 1435 3713 ὥρισαν
1458 3642 1549 3694 καλ¹
1573 3641 1698 3702 τοὺς
1727 3638 1831 3691 ὑπὸ
1850 3635 1943 3691 τοῦ

316 3768 319 3771 ί
366 3747 567 3798 πάππα
583 3739 1029 3810 δεδεσμημένους,
1051 3736 1218 3807 ἤγουν
1246 3734 1679 3805 ἀφωρισμένως,
1704 3729 1946 3791 καὶτοὺς

368 3834 811 3908 καθῃρημένους,
847 3832 942 3883 καὶ
970 3830 1099 3891 τοὺς
1134 3827 1441 3895 ἀναθέματι
1472 3823 1943 3896 ὑποϐεϐλημένους

369 3929 434 3978 ἐκ
463 3927 571 3978 τῶν
606 3924 667 3988 ἑξ
719 3921 953 3983 Ἰταλίας
1002 3917 1279 3989 κληρικῶν
1312 3917 1346 3986 ἢ
1389 3917 1617 3978 λαῖκῶν,
1654 3914 1687 3984 ἢ
1730 3912 1947 3967 ἐπισκό-

371 4038 510 4082 πων,
544 4017 646 4070 κᾶν
674 4018 731 4070 ἐν
759 4017 824 4084 τῇ
872 4013 1030 4084 Ἀσίᾳ
1077 4012 1340 4079 διάγοιεν,
1382 4010 1552 4079 ήγουν
1590 4010 1656 4077 τῇ
1687 4004 1942 4074 ἀνατολῇ,

372 4112 476 4163 κᾶν
535 4106 591 4161 ἓν
634 4111 701 4179 τῇ
747 4108 1006 4177 Εὐρώπῃ,
1054 4106 1225 4176 ἤγουν
1258 4105 1322 4172 τῇ
1366 4101 1540 4165 δύσει,
1594 4098 1699 4151 κᾶν
1759 4098 1818 4149 ὲν
1878 4098 1944 4164 τῇ

372 4201 547 4273 Λιϐύῃ
596 4201 849 4271 (κάκείνη
887 4202 995 4268 γὰρ
1042 4198 1162 4248 τότε
1199 4194 1304 4246 ὑπὸ
1329 4192 1398 4245 τὰ
1424 4192 1610 4245 δίκαια
1650 4188 1751 4256 τῆς
1799 4187 1949 4256 βασι-

372 4293 521 4355 λείας
541 4291 741 4360 ταύτης
770 4290 990 4357 ἐτέλει),
1022 4281 1166 4339 εἶναι
1194 4286 1296 4338 ὑπὸ
1326 4284 1386 4335 τὸ
1414 4281 1545 4333 αὐτὸ
1570 4273 1946 4347 ἐπιτίμιοντοῦ

374 4382 684 4454 ἀφορισμοῦ
732 4382 766 4451 ἢ
809 4381 909 4449 τῆς
945 4378 1341 4447 καθαιρέσεως,
1385 4373 1417 4443 ἢ
1459 4371 1553 4425 τοῦ
1586 4370 1946 4437 ἀναθέματος,

376 4479 468 4530 καὶ
516 4476 666 4546 παρά
708 4474 899 4542 Φωτίῳ
931 4470 1007 4541 τῷ
1036 4471 1155 4523 τότε
1211 4464 1640 4536 πατριαρχοῦντι
1685 4463 1743 4514 ὲν
1798 4462 1951 4513 Κων-

379 4567 836 4625 σταντινουπόλει.
885 4564 1085 4618 Ἰταλία
1136 4562 1177 4614 δ’
1236 4562 1386 4612 ἔστιν
1441 4560 1474 4628 ὴ
1520 4549 1681 4609 ’πᾶσα
1728 4552 1882 4624 χώρα
1914 4552 1947 4619 ἡ

1121 398 1204 459 IN
1247 401 1407 463 CAN.
1444 402 1468 459 Ι
1508 403 1718 463 CONC.
1760 405 1839 463 ΙΝ
1868 406 2049 466 ὶιΕΟΕ
2083 411 2145 470 S.
2186 411 2488 471 SOPHl/E
2524 414 2816 473 IIABITL

2591 232 2613 263 ν

2505 302 2529 320 Δ

3456 405 3589 467 Ιοξξίῖ

1849 535 1917 587 ρᾳ
1949 529 1990 578 Δ
2091 521 2285 578 Βιιιε.
2339 522 2570 591 Quidam
2608 526 3080 586 exernnmuuicati,
3144 523 3221 577 vel
3271 521 3358 576 alii
3418 539 3592 591 penne

2022 614 2408 671 ecclesiastica:
2465 617 2908 671 condemnatioui
2968 617 3234 684 subjecti,
3301 631 3329 666 a
3388 615 3589 668 veteris

2024 702 2209 757 Rome
2245 705 2376 758 sede
2422 705 2487 758 ad
2517 704 3177 773 Constantinopolitanam
3213 704 3395 757 sedem
3428 719 3587 765 acce-

2022 797 2250 861 debant;
2278 805 2332 851 et
2360 808 2572 852 contra.
2596 796 2659 849 Et
2681 796 2939 866 quoniam
2968 811 3030 850 ex
3063 812 3128 850 eo
3159 797 3413 850 scandala
3445 797 3591 847 inter

2024 888 2161 944 duas
2221 889 2502 944 Ecclesias
2561 882 2898 952 oriebantur,
2958 903 3021 940 ea
3054 887 3217 956 hujus
3265 888 3589 940 universzztis

2024 984 2215 1053 synodi
2250 993 2489 1054 tempore
2517 982 2583 1036 ad
2619 998 2735 1036 eam
2774 983 2943 1035 relata
2972 989 3125 1035 sunt.
3162 979 3242 1032 Ad
3270 995 3430 1033 omne
3461 994 3591 1046 ergo

2027 1078 2328 1132 tollendum
2387 1076 2709 1131 scandalum
2768 1084 3077 1130 statuerunt
3130 1072 3339 1135 Patres,
3395 1082 3453 1125 ut
3498 1074 3590 1139 qui

2025 1169 2524 1240 quomodocunque
2559 1184 2586 1220 a
2625 1182 2760 1238 papa
2822 1177 2952 1221 sunt
3005 1165 3376 1227 condemnati,
3418 1166 3449 1216 ii
3483 1166 3592 1218 sint

2025 1262 2168 1331 apud
2227 1261 2593 1332 patriarcham
2656 1274 2875 1329 quoque
2926 1257 3589 1327 Constantinopolitamun

2026 1354 2408 1418 condemnati;
2440 1363 2492 1406 et
2525 1354 2642 1407 vice
2674 1367 2852 1405 versa.
2885 1351 3165 1420 Tanquam
3206 1358 3385 1403 autem
3422 1349 3596 1401 dixis-

2026 1458 2107 1504 set
2137 1448 2305 1502 Italus
2335 1426 2607 1516 quiSpiam
2636 1485 2651 1510 ,
2687 1445 2801 1498 haec
2836 1445 2905 1496 ad
2938 1442 3417 1498 circumveniemla
3448 1451 3594 1495 vete-

2029 1542 2103 1595 ris
2157 1539 2418 1592 Romana:
2466 1539 2614 1592 sedis
2667 1536 2945 1606 privilegia
3006 1534 3248 1595 decerni,
3305 1542 3590 1600 prnpterea

2029 1636 2171 1705 quod
2206 1632 2493 1688 inducatur
2522 1629 2841 1699 aequalitas;
2876 1627 3219 1695 adjecerunt,
3276 1625 3410 1678 nihil
3447 1625 3597 1693 peni-

2031 1739 2118 1780 tus
2149 1728 2403 1780 innovata
2440 1726 2496 1779 in
2551 1732 2826 1793 posterum
2884 1721 3092 1775 servari
3128 1719 3248 1787 ejus
3286 1717 3595 1786 privilegia,

2030 1829 2086 1873 et
2118 1819 2239 1883 ejus
2275 1817 2537 1872 antistitis
2572 1816 2857 1869 honorem.
2890 1812 3163 1878 Quoniam
3215 1818 3394 1864 autem
3433 1824 3596 1878 rOga-

2037 1918 2234 1964 verunt
2263 1908 2538 1971 nonnulli,
2572 1923 2694 1961 cum
2716 1920 2907 1969 ,cauon
2941 1906 3175 1955 duorum
3234 1912 3447 1956 tantum
3477 1917 3597 1954 ma—

2036 2019 2265 2071 gnorum
2307 2000 2614 2055 antistitum
2671 1997 2999 2055 meminerit,
3056 1994 3198 2061 Quid
3231 1995 3321 2048 [iet
3368 1992 3437 2047 de
3478 1992 3601 2046 aliis

2038 2094 2398 2165 patriarchis?
2427 2094 2662 2148 dicimus
2687 2092 3048 2146 communiter
3076 2100 3131 2144 et
3160 2097 3381 2158 propter
3411 2100 3603 2139 omnes

2035 2188 2241 2243 editum
2272 2200 2393 2241 esse
2422 2199 2709 2239 canonem.
2763 2180 2898 2235 Nam
2957 2180 3045 2235 alii
3093 2195 3309 2249 quoque
3360 2190 3602 2230 canones

2037 2278 2290 2334 similiter
2315 2274 2622 2332 decernunt
2674 2291 2793 2330 esse
2821 2272 3354 2327 excommunicatum
3392 2269 3604 2335 episco-

2039 2387 2188 2437 pum,
2221 2370 2313 2438 qui
2350 2371 2418 2422 ab
2449 2368 2555 2420 alio
2584 2366 2841 2436 episcopo
2882 2371 3193 2432 segregatos
3231 2360 3481 2427 suscipit,
3518 2358 3599 2410 vel

2037 2464 2217 2528 aliqua
2269 2461 2373 2514 alia
2428 2474 2586 2526 poena
2634 2457 2892 2523 allectos;
2953 2470 3016 2508 eo
3068 2451 3213 2521 quod
3260 2434 3600 2523 qumes'Dei

2034 2556 2278 2610 ecclesia:
2326 2569 2490 2606 unum
2529 2564 2725 2619 corpus
2751 2556 3089 2616 reputentur.
3117 2545 3249 2610 Quae
3269 2552 3447 2599 autem
3477 2550 3603 2596 sunt

2036 2650 2088 2702 iu
2123 2646 2371 2717 praesenti
2410 2660 2618 2697 canone
2651 2642 2964 2711 specialiter
3013 2638 3215 2706 scripta
3282 2643 3431 2700 sunt,
3482 2650 3606 2702 pru-

2036 2751 2154 2810 ptcr
2190 2736 2445 2793 scandala
2482 2751 2603 2804 qua:
2635 2744 2763 2786 tunc
2801 2731 3174 2800 contigerunt.
3225 2742 3291 2781 eo
3325 2726 3470 2795 quod
3504 2741 3602 2793 pa-

2035 2832 2273 2885 triarcha
2298 2828 2524 2882 Photius
2559 2841 2700 2895 satpe
2746 2841 2810 2879 ex
2850 2824 3058 2876 throno
3110 2818 3462 2886 patriarehali
3514 2819 3605 2868 de-

2030 2922 2341 2993 jectusﬁest,
2375 2930 2427 2973 et
2458 2933 2596 2984 smpe
2628 2916 2911 2970 restitutus
2940 2932 2952 2966 :
2987 2922 3040 2967 et
3075 2912 3196 2966 ideo
3229 2911 3399 2965 multa
3431 2908 3607 2962 schis-

2039 3024 2183 3070 mata
2218 3010 2548 3066 inciderunt.

437 3282 685 3341 ΖΩΝΑΡ.
705 3282 799 3352 Μὴ
831 3277 1188 3348 διαφέρεσθαι
1220 3275 1465 3337 θέλοντες
1503 3275 1555 3326 οἱ
1592 3273 1690 3342 τῆς
1720 3271 1935 3324 συνόδου

2111 3263 2368 3319 ZONAR.
2421 3261 2555 3317 Cum
2592 3260 2733 3311 inter
2766 3256 2952 3310 Romae
3002 3256 3238 3323 antiqua:
3292 3268 3512 3323 papam,
3550 3250 3605 3308 el

2044 3375 2194 3414 novae
2226 3358 2386 3427 hujus
2407 3350 2959 3417 ConstantinOpoleos
2991 3348 3354 3418 patriarcham
3386 3355 3611 3401 contro-

2045 3452 2240 3507 versia:
2268 3450 2401 3505 nihil
2432 3447 2689 3511 existere,
2724 3454 2887 3515 atque
2933 3444 3079 3496 inter
3128 3442 3278 3512 ipsos
3343 3456 3506 3510 quam
3547 3454 3611 3493 o-

2044 3545 2211 3615 ptime
2259 3539 2571 3602 convenire,
2612 3536 2802 3606 synodi
2855 3532 3047 3587 Patres
3101 3539 3356 3601 Optarent
3419 3529 3612 3601 (erant

2044 3632 2191 3686 enim
2217 3630 2396 3684 adhuc
2431 3627 2674 3697 quidem,
2723 3636 2778 3679 et
2808 3621 3209 3678 sententiarum
3247 3620 3524 3689 opinione,
3556 3629 3611 3672 et

2046 3728 2123 3781 rei
2173 3721 2559 3779 ecclesiasticae
2613 3716 2873 3773 concordi
2932 3715 3424 3776 administratione,
3480 3728 3613 3765 con-

2041 3817 2275 3889 juncti),
2329 3814 2645 3882 quicunque
2673 3826 2740 3866 ex
2771 3809 2925 3864 Italia
2955 3808 3161 3870 clerici,
3194 3817 3288 3860 aut
3338 3805 3483 3869 laici,
3518 3812 3612 3856 aut

2045 3906 2286 3979 episc0pi
2319 3922 2348 3959 a
2376 3921 2514 3976 papa
2563 3904 2735 3974 ligati,
2788 3904 2891 3955 hoc
2926 3908 3032 3965 est,
3083 3900 3396 3969 quicunque
3425 3910 3612 3964 segre—

2046 4000 2285 4069 gatione,
2316 3998 2519 4066 quique
2551 3993 2914 4063 depositione,
2969 3999 3061 4043 aut
3090 3990 3439 4044 anathemate
3470 3987 3608 4039 tuul-
3666 3994 3667 3997 ‘

2050 4082 2145 4145 tati
2176 4092 2426 4152 fuissent,
2464 4089 2581 4143 sive
2635 4086 2689 4139 in
2724 4086 2881 4144 Asia,
2932 4085 3035 4137 hoc
3086 4091 3194 4147 est,
3256 4083 3312 4134 in
3367 4078 3609 4143 Oriente,
3692 4142 3693 4145 η
3778 4104 3785 4107 -

2046 4183 2160 4237 sive
2192 4183 2244 4235 in
2279 4180 2518 4249 Europa,
2572 4179 2674 4232 hoc
2704 4186 2808 4240 est,
2844 4178 2896 4228 in
2932 4174 3244 4233 Occidente,
3269 4172 3384 4226 sive
3432 4170 3485 4223 in
3519 4167 3614 4222 Li-

2049 4279 2151 4348 bya
2206 4275 2466 4343 degerent
2553 4272 2716 4343 (nam
2792 4284 2854 4323 ea
2909 4281 3126 4337 quoque
3176 4277 3305 4319 tunc
3354 4260 3615 4329 temporis

2051 4370 2212 4438 hujus
2246 4367 2445 4436 regina:
2475 4364 2693 4420 urbium
2728 4363 2956 4431 imperio
2991 4360 3239 4438 subjecta
3266 4353 3437 4425 erat),
3470 4352 3615 4421 apud

2051 4434 2227 4532 ipsum
2250 4434 2467 4531 quoque
2483 4454 2767 4520 Photlum,
2787 4456 2877 4524 qui
2910 4434 3345 4522 patriarchatum
3368 4444 3526 4515 361
3552 4459 3617 4497 co

2051 4562 2297 4619 tempore
2350 4544 2821 4614 Constantinopoli
2898 4541 3143 4612 gerebat,
3199 4534 3615 4607 segregationis,

380 4623 511 4733 περὶ
562 4660 660 4729 τὴν
721 4658 962 4728 Ῥώμην,
1010 4656 1167 4724 καὶὴ
1222 4650 1365 4705 κατὰ
1412 4623 1616 4715 ταύτην
1662 4623 1938 4713 διοίκησις.

2057 4646 2137 4698 vel
2194 4638 2574 4710 depositionis,
2624 4637 2711 4690 vel
2780 4630 3145 4689 anathematis
3200 4628 3393 4682 iisdem
3443 4623 3618 4693 pmnis

392 4756 579 4825 Ῥώμη
610 4754 666 4807 δὲ
696 4753 941 4806 καλεῖται
976 4750 1010 4819 ἡ
1044 4747 1218 4810 πόλις,
1254 4746 1319 4795 ὲκ
1346 4740 1441 4795 τοῦ
1482 4740 1687 4809 ταύτην
1717 4737 1954 4804 δομησα-

383 4823 543 4918 μένον
569 4823 859 4914 Ῥωμύλου
903 4837 1301 4912 κληρωσαμένη
1335 4835 1531 4903 ὄνομα.
1564 4831 1673 4883 Καὶ
1706 4823 1860 4892 αὖθις
1895 4826 1952 4877 δὲ

379 4942 504 5001 τοὺς
531 4938 633 4991 ὑπὸ
670 4936 770 4990 τοῦ
804 4935 1147 5004 πατριάρχου
1185 4929 1392 4981 Φωτίου
1433 4918 1772 4991 ἁπανταχοῦ,
1802 4918 1953 4986 φασὶ,

381 5033 701 5097 κληρικοῦς,
734 5029 768 5098 ἢ
801 5026 1049 5090 λαῖκοὺς,
1078 5024 1111 5093 ἢ
1148 5022 1274 5084 τοὺς
1307 5020 1365 5085 ἐξ
1403 5011 1718 5087 ἱεραρχικοῦ
1746 5013 1958 5079 τάγμα-

382 5143 471 5185 τος
516 5119 911 5191 γενησομένους
956 5117 1058 5169 ὑπὸ
1085 5110 1475 5183 ἁφορισμδηῆ
1525 5105 1869 5175 καθαίρεσιν,
1923 5101 1955 5170 ἦ

384 5216 655 5281 ἀνάθεμα,
690 5214 834 5281 ἐχειν
865 5211 1067 5270 αὐτοὺς
1112 5208 1205 5258 καὶ
1246 5205 1337 5255 τὸν
1383 5200 1685 5269 ἁγιώτατον
1725 5195 1959 5247 πάππαν

385 5318 479 5359 και
514 5307 613 5375 τὴν
656 5303 765 5355 τῶν
837 5298 1120 5369 Ῥωμαίων
1196 5294 1523 5361 Ἐκκλησίαν
1569 5290 1628 5340 ὲν
1684 5286 1761 5354 τῷ
1815 5282 1960 5352 αὺτῴ

385 5401 665 5465 ἐπιτιμίῳ,
704 5396 784 5447 Τὰ
836 5394 891 5446 δὲ
926 5392 1211 5461 πρεσϐεῖα,
1246 5388 1414 5457 ἤγουν
1458 5383 1557 5453 τὴν
1610 5377 1960 5448 προτίμησιν,

388 5497 481 5545 καί
516 5491 584 5541 τὰ
611 5489 902 5559 προνόμια,
936 5478 1011 5535 ὧν
1042 5482 1276 5551 ἠξιώθη,
1329 5477 1473 5546 ἔχειν
1514 5472 1613 5541 τὴν
1674 5464 1962 5535 Ῥωμαίων

403 5584 734 5652 ἰεζκκλησίαν
763 5577 1196 5643 ἀκαινοτόμητα.
1258 5571 1421 5623 Ἀλλά
1472 5565 1648 5619 ταῦτα
1702 5562 1846 5621 τότε,
1872 5557 1959 5609 ὅτε

348 5666 360 5683 ’
391 5675 544 5732 οὕτω
566 5692 631 5725 πε
644 5674 696 5742 pl.
724 5672 822 5742 τὴν
847 5671 1026 5723 πίστιν
1058 5669 1092 5736 ἡ
1130 5662 1416 5733 Ῥωμαίων
1442 5655 1741 5719 Ἐκκλησία
1761 5651 1959 5720 ἐσφάλ-

394 5770 535 5831 λετο,
596 5767 689 5818 καὶ
748 5764 881 5833 πρὸς
925 5761 1069 5831 ἡμᾶς
1104 5758 1380 5825 διεφέρετο
1407 5770 1419 5783 ·
1479 5752 1571 5804 νῦν
1618 5750 1671 5802 δὲ
1714 5749 1846 5817 ἡμῖν
1876 5745 1958 5796 ⁸τὰ
1998 5776 2017 5789 ι·

396 5863 531 5929 πρὸς
557 5860 769 5926 ἐκείνην
796 5850 1103 5924 ἀσύμϐατα.

2055 4737 2382 4791 constrictos
2412 4732 2582 4786 teneri
2609 4730 2990 4797 decreverunt.
3016 4724 3181 4778 Italia:
3211 4735 3342 4775 vero
3374 4718 3616 4779 nomine,

2058 4829 2367 4882 universam
2424 4824 2572 4878 circa
2601 4822 2828 4876 Romam
2881 4819 3175 4887 regionem,
3230 4814 3389 4883 eique
3424 4809 3623 4878 adjun-

2058 4929 2198 4974 ctam
2232 4915 2515 4972 dioecesim
2561 4912 2936 4982 intelligimus.
2956 4908 3127 4961 Roma
3159 4905 3457 4977 porroipsa
3494 4900 3621 4953 urbs

2056 5008 2277 5069 dicitur,
2313 5020 2342 5057 a
2377 5002 2632 5068 Romulo,
2682 5000 2776 5069 qui
2826 5014 2943 5051 eam
2977 4995 3243 5055 condidit,
3301 4989 3623 5062 appellatio-

2060 5115 2182 5153 nem
2235 5097 2449 5151 sortita.
2475 5094 2715 5162 ~Quique
2770 5090 3038 5154 vicissim,
3091 5088 3277 5152 aiunt,
3336 5100 3367 5137 a
3424 5081 3623 5136 Photio

2062 5191 2398 5262 patriarcha,
2432 5187 2748 5254 ubicunque
2800 5186 3066 5245 locorum,
3103 5177 3316 5242 clerici,
3355 5175 3439 5229 vel
3471 5173 3620 5237 laici,
3654 5192 3659 5199 υ

2064 5284 2143 5335 vel
2178 5296 2242 5334 ex
2280 5278 2581 5332 antistitum
2609 5274 2803 5328 ordine
2854 5262 3240 5340 segregationi,
3271 5264 3622 5335 depositioni,

2063 5381 2156 5425 aut
2185 5369 2512 5423 anathemati
2542 5367 2901 5434 subjicientur
2924 5403 2939 5427 ,
2972 5379 3008 5415 va
3031 5360 3379 5415 sanctissimo
3408 5371 3625 5425 quoque

2068 5480 2204 5533 papa
2235 5474 2289 5518 et
2326 5454 2695 5516 Romanorum
2730 5458 2972 5513 Ecclesia
3028 5458 3203 5510 eidem
3244 5468 3415 5522 poeme
3447 5452 3623 5503 obno-

2070 5560 2188 5611 xios
2257 5555 2585 5611 existimari.
2662 5552 3054 5620 Praerogativas
3101 5556 3304 5610 autem,
3364 5546 3465 5597 hoc
3518 5555 3624 5604 est,

2069 5650 2302 5717 primunt
2331 5645 2558 5697 honoris
2591 5644 2790 5705 locum,
2847 5640 3061 5706 alaque
3095 5632 3394 5703 privilegia,
3425 5629 3622 5699 quibus

2070 5739 2438 5793 Romanorum
2500 5734 2743 5788 Ecclesia
2809 5733 3095 5784 honestata
3161 5725 3284 5788 fuit,
3370 5719 3619 5774 inviolata

2069 5830 2272 5887 servari
2311 5831 2504 5897 placet.
2538 5828 2642 5882 δρα
2678 5827 2789 5879 haec
2814 5825 2923 5892 jam
2953 5820 3107 5881 oliui,
3135 5832 3259 5869 cum
3294 5819 3346 5868 in
3377 5814 3467 5878 iis,
3504 5828 3623 5882 qua:
