3972 6488
360 363 497 429 1C8!)

427 587 445 619 ι
492 569 592 638 τὴν
620 568 730 620 τῶν
757 570 1198 638 ποιμαινομένων
1236 569 1330 622 καὶ⁸
1374 569 1776 640 μετανοούντων
1810 568 1917 637 χὼ-

350 708 355 713 .
427 681 446 712 ι
497 679 598 729 ραν
641 661 835 714 ἑαυτὸν
880 663 1342 725 καταϐιϐάζεσθαι
1372 679 1387 694 ο
1420 663 1467 715 εἰ
1513 663 1569 715 δέ
1622 680 1702 724 τις
1756 661 1915 714 τοῦτο

430 776 448 803 ι
498 755 784 823 τολμήσειε
837 754 1041 822 πρᾶξαι
1105 758 1243 822 μετὰ
1298 750 1394 824 τὴν
1457 755 1769 824 ἐκφώνησιν
1823 757 1915 807 καὶ

426 865 443 895 ι
489 846 782 913 διάγνωσιν
855 847 953 914 τῆς
1011 846 1106 898 νῦν
1165 848 1629 917 ἐκπεφωνημὲνης
1694 848 1912 917 ψήφου,

431 961 447 987 ι
496 938 658 1000 αὐτὸς
716 938 907 990 ἑαυτὸν
949 936 1044 989 τοῦ
1102 938 1489 1008 ἀρχιερατικοῦ
1536 942 1915 1009 ἀποστερήσας

388 1012 396 1023 ’
431 1047 449 1078 ι
500 1027 710 1098 βαθμοῦ
743 1029 921 1080 οὐκέτι
953 1029 1088 1098 πρὸς
1113 1030 1175 1081 τὸ
1209 1030 1493 1100 πρότερον,
1526 1032 1661 1099 ὅπερ
1689 1031 1777 1084 διὰ
1806 1032 1915 1082 τῶν

428 1139 445 1168 ι
491 1119 668 1189 ἔργων
690 1120 974 1190 ἡθέτησεν,
1011 1120 1226 1190 ἀξίωμα
1249 1122 1669 1192 ἑπαναστρέψει.

429 1212 623 1266 ΒΑΛΣ.
671 1214 805 1283 Περὶ
848 1214 1161 1266 ἐπισκόπων
1208 1214 1472 1268 θελόντων
1518 1219 1611 1267 καὶ
1644 1217 1782 1283 μετὰ
1815 1217 1916 1283 τὴν

355 1305 662 1375 ἀπόκαρσιν
702 1307 942 1375 ἐνεργεῖν
972 1306 1333 1377 ἀρχιερατικὰ
1358 1308 1539 1361 δίκαια
1573 1308 1673 1360 οὐκ
1702 1310 1916 1377 ἐγράφη

356 1395 556 1449 κανών.
596 1398 705 1450 Καὶ
751 1398 841 1449 διὰ
891 1397 1045 1450 τοῦτο
1089 1399 1405 1472 ἐπεχείρουν
1448 1399 1589 1463 τινὲς
1626 1401 1916 1453 ἐπίσκοποι

356 1488 498 1557 μετὰ
523 1488 585 1538 τὸ
613 1488 963 1559 ἀποκαρῆναι
988 1489 1131 1559 ξχειν
1162 1492 1229 1542 τὰ
1250 1491 1358 1541 τῶν
1380 1492 1696 1544 ἐπισκόπων
1726 1494 1920 1563 προνό-

358 1597 460 1649 μια
493 1581 644 1649 παρὰ
675 1580 772 1651 τὴν
794 1585 1147 1651 κρατήσασαν
1181 1586 1426 1652 ἄγραφον
1457 1585 1917 1656 ὲκκὶησιαστικὴν

358 1673 670 1742 συνήθειαν.
696 1674 868 1727 Τοῦτο
891 1674 981 1728 οὖν
1008 1674 1380 1745 διορθούμενοι
1405 1678 1453 1729 οἱ
1483 1677 1629 1745 ἅγιοι
1652 1679 1914 1748 Πατέρες,

355 1764 510 1819 εἷπον
540 1766 636 1830 ὼς,
663 1768 783 1819 ἐπεὶ
818 1770 880 1820 τὸ
915 1769 1013 1839 μὲν
1039 1768 1169 1838 ὕψος
1202 1770 1298 1838 τῆς
1328 1770 1736 1840 ἀρχιερωσύνης
1770 1772 1918 1824 διδα-

1121 366 1201 427 IN
1239 364 1401 427 CAN.
1438 366 1495 425 11
1537 364 1749 427 couc.
1789 363 1869 423 IN
1906 363 2074 422 eos
2125 367 2187 427 s.
2224 364 2520 425 seruus
2548 328 2839 428 H'ABITI.

426 494 445 527 ι
491 474 574 545 κῷ
603 474 885 548 καταλόγῳ
912 476 1006 529 καὶ
1069 478 1344 547 ποιμένων
1404 478 1804 543 ἐξεταζομένων
1834 477 1916 535 εἰς
1945 480 1990 532 Α

3448 368 3585 447 1090

2094 494 2113 527 ‹
2147 492 2253 543 que
2312 478 2616 548 catalogum
2688 479 2889 531 relatus
2939 484 3044 543 est,
3094 477 3160 531 ad
3210 493 3423 543 eorum,
3486 481 3581 551 qui

2094 588 2111 620 ι
2149 577 2454 638 pascuntur
2507 579 2560 624 et
2608 582 2775 640 agunt
2825 570 3220 640 paenitentiam,
3290 571 3464 624 locum
3524 589 3585 627 se

2093 679 2111 711 ι
2148 660 2440 715 demittat:
2520 663 2563 714 si
2612 663 2736 729 quis
2785 673 2963 715 autem
3024 663 3126 717 huc
3183 664 3361 718 facere
3417 682 3583 720 ausus

2091 770 2110 805 ε
2146 754 2330 815 fuerit,
2363 764 2485 823 post
2537 742 3005 809 denuntiationem
3059 766 3113 810 et
3160 756 3580 812 declarationem

2092 864 2111 897 ι
2141 846 2307 914 hujus
2335 845 2493 901 editae
2524 849 2831 907 sementim,
2870 848 3005 916 ipse,
3042 848 3133 916 qui
3185 832 3426 917 seipsum
3464 852 3584 918 epi-

2091 957 2109 990 ι
2142 941 2347 1009 scopali
2380 939 2549 1011 gradu
2604 942 2862 1009 privavit,
2900 957 3004 995 nun
3055 942 3289 1009 amplius
3338 943 3403 996 ad
3439 944 3587 1012 prio-

2094 1050 2113 1083 r
2148 1048 2281 1093 rem,
2317 1049 2480 1101 quam
2519 1031 2677 1085 factis
2712 1032 3011 1100 despicatui
3074 1035 3284 1099 habuit,
3348 1036 3584 1105 dignitao

2091 1142 2110 1175 ι
2152 1133 2256 1177 tem
2281 1134 2597 1179 revertetur.
2631 1144 2650 1176 ›

2082 1216 2279 1271 BALS.
2332 1217 2405 1272 De
2453 1219 2757 1286 episcopis,
2811 1220 2900 1287 qui
2952 1220 3141 1272 volunt
3217 1223 3381 1275 etiam
3465 1232 3587 1292 post

2017 1312 2297 1362 tonsuram
2375 1309 2708 1378 cpiscopalia
2775 1311 2898 1376 jura
2976 1327 3253 1373 exercere,
3308 1330 3414 1366 nun
3464 1323 3585 1367 erat

2016 1403 2252 1469 scriptus
2301 1416 2497 1454 canon.
2552 1400 2616 1453 Et
2676 1401 2796 1455 ideo
2830 1403 3048 1471 quidam
3094 1405 3430 1459 conabantur
3473 1408 3590 1475 epi-

2021 1493 2195 1562 scopi,
2231 1502 2513 1562 postquam
2545 1495 2688 1547 tonsi
2720 1494 2969 1556 fuissent,
3016 1494 3215 1549 habere
3254 1498 3582 1567 episcopatia

2018 1586 2318 1655 privilegia,
2395 1595 2590 1655 praeter
2660 1586 3089 1640 ecclesiasticam
3167 1603 3273 1641 non
3324 1591 3583 1657 scriptam

2015 1678 2489 1743 consuetudinem,
2523 1693 2641 1743 qua:
2694 1677 3018 1733 invaluerat.
3076 1678 3191 1733 Iloc
3226 1695 3355 1749 ergo
3410 1681 3586 1735 corri-

2019 1782 2204 1836 gentes
2258 1770 2429 1823 sancti
2504 1770 2714 1834 Patres,
2782 1772 3075 1835 dixerunt,
3131 1772 3277 1840 quod
3328 1788 3583 1840 quoniam

357 1860 613 1912 σκαλικόν
651 1862 799 1911 ἐστιν
831 1862 1068 1930 ἀξίωμα,
1098 1862 1158 1914 τὸ
1191 1861 1247 1913 δὲ
1275 1848 1564 1931 εέοναχικὶν
1598 1863 1919 1932 ἐπάγγελμα

2031 1861 2346 1929 episcopalis
2366 1860 2594 1914 altitudo
2627 1873 2706 1913 est
2742 1861 3001 1930 dignitas,
3026 1879 3146 1931 qua:
3169 1865 3233 1917 ad
3278 1864 3582 1919 docendum

362 1952 663 2021 μαθητείας
692 1955 784 2006 καὶ
812 1954 1090 2022 ὑποταγῆς
1134 1956 1314 2024 ἔργον,
1371 1957 1463 2007 καὶ
1507 1955 1770 2009 ἀδύνατόν
1804 1960 1920 2010 ἐστι

353 2047 447 2098 τὸν
482 2045 847 2098 ὑποτακτικὸν
879 2049 970 2098 ὲπί
996 2047 1183 2115 θρόνου
1210 2048 1481 2116 καθῆσθαι
1510 2048 1603 2100 καὶ
1626 2049 1918 2115 διδάσκειν,

351 2137 535 2207 χρεών
565 2139 683 2190 ἐστι
720 2138 812 2190 τὸν
841 2138 1157 2191 ἀποστάντα
1189 2140 1251 2191 ὲκ
1286 2140 1382 2191 τοῦ
1425 2139 1591 2207 ὕψους
1624 2140 1722 2209 τῆς
1770 2143 1923 2212 ἀρχι-

354 2228 659 2298 ερωσύνης,
695 2231 789 2281 καὶ
819 2231 1158 2297 καταγνόντα
1213 2226 1323 2285 οἷον
1371 2234 1588 2300 ἑαυτοῦ,
1641 2237 1732 2288 καὶ
1784 2238 1922 2307 πρὸς

358 2324 653 2389 μετάνοιαν
696 2323 1037 2389 ἁποδιδίντα,
1071 2326 1166 2376 καὶ
1194 2325 1279 2378 διὰ
1318 2326 1413 2379 τού
1447 2329 1740 2397 μοναχικοῦ
1789 2333 1920 2401 σχήε

359 2428 526 2481 ματος
559 2414 837 2483 ὑποταγὴν
871 2414 1363 2484 ἐπαγγειὶάμενον,
1402 2420 1477 2485 μὴ
1502 2420 1745 2489 ἐνεργεῖν
1782 2422 1923 2475 διδα-

358 2502 621 2554 σκαλικόν
648 2520 721 2567 τι,
758 2505 847 2556 καὶ
888 2506 1009 2557 ἀντὶ
1040 2505 1135 2557 τοῦ
1181 2507 1589 2575 ποιμαίνεσθαι.
1622 2511 1922 2583 ἐπιχειρεῖν

357 2593 549 2657 ἄλλοις
588 2596 896 2662 ποιμαίνειν
926 2613 939 2626 '
980 2597 1070 2649 τὸν
1107 2597 1163 2652 δὲ
1190 2599 1345 2652 τοῦτο
1388 2602 1612 2669 ποιῆσαι
1649 2606 1922 2677 ἐπιχειρή-

361 2702 529 2737 σαντα
566 2689 637 2754 μὴ
667 2691 1115 2757 παραχωρετσθαι
1151 2692 1539 2762 ἀρχιερατικόν
1568 2713 1617 2748 τι
1644 2699 1883 2765 ἐνεργεῖν
1905 2715 1918 2728 ο

357 2776 442 2830 ὃτι
500 2778 660 2840 αὑτὸς
704 2780 896 2832 ἑαυτὸν
942 2780 1030 2833 διὰ
1060 2781 1157 2851 τῆς
1202 2784 1562 2855 ἀποκάρσεως
1614 2789 1676 2838 ὲκ
1730 2788 1919 2841 τούτου

360 2871 725 2933 ἀπεξένωσεν.
781 2867 945 2924 Εἶπον
1003 2874 1057 2926 δὲ
1081 2876 1127 2926 οξ
1163 2875 1403 2946 Πατέρες
1434 2879 1557 2947 περὶ
1586 2879 1695 2932 τῶν
1741 2882 1923 2951 ἀρχιε-

363 2960 500 3027 ρέων
556 2962 615 3014 τὸ
677 2950 767 3032 μῆ
838 2963 1226 3027 καταϐιϐάζειν
1305 2968 1529 3031 ἑαυτοὺς
1597 2973 1675 3033 είς
1739 2950 1922 3041 χώραν

360 3054 784 3122 μετανοούντων,
830 3057 921 3107 καὶ
963 3057 1042 3117 τὸ,
1103 3058 1161 3110 ΕΞ
1226 3058 1283 3111 δέ
1326 3078 1409 3122 τις
1451 3061 1738 3129 τολμήσειε
1768 3064 1921 3117 τοῦτο

2021 1968 2080 2007 se
2135 1945 2803 2019 comparat;'mouastica
2862 1963 3042 2006 autem
3096 1954 3360 2022 professio
3416 1957 3586 2010 disci-

2021 2046 2179 2114 pliuze
2206 2053 2257 2098 et
2292 2043 2650 2113 sulijectionis
2705 2051 2791 2098 est
2845 2046 3021 2111 opu’s;
3079 2053 3131 2097 et
3182 2044 3293 2096 fieri
3332 2062 3437 2097 non
3491 2062 3587 2112 po-

2021 2145 2149 2200 test,
2182 2147 2239 2189 ut
2273 2137 2363 2205 qui
2398 2150 2456 2189 se
2486 2136 2787 2204 subjectum
2814 2135 3049 2198 exhibet,
3088 2136 3139 2189 in
3176 2135 3370 2190 throno
3403 2138 3587 2191 sedi-at

2020 2236 2073 2282 et
2103 2227 2295 2281 doceat
2321 2245 2334 2281 :
2369 2242 2504 2295 opus
2530 2239 2635 2290 est,
2670 2234 2728 2279 ut
2763 2227 2853 2296 qui
2883 2227 2950 2280 ab
2981 2227 3271 2295 episcopali
3304 2226 3587 2284 altitudine

2020 2319 2265 2382 recessit,
2314 2330 2364 2373 et
2394 2320 2629 2388 seipsum
2664 2319 2827 2373 veluti
2859 2320 3267 2383 condemnavit,
3319 2329 3374 2372 et
3406 2320 3585 2389 [ιωηί-

2022 2410 2478 2473 ιειιιίξιξηιιηῑιιιὶιιὶι,
2530 2421 2583 2465 et
2622 2426 2717 2479 per
2768 2413 3124 2464 monasticum
3162 2410 3429 2473 habitum,
3456 2413 3586 2464 sub-

2018 2502 2309 2571 jectionem
2337 2511 2387 2555 et
2422 2501 2788 2555 obedientiam
2827 2502 3133 2571 profitetur,
3166 2502 3300 2555 nihil
3330 2513 3585 2557 exerceat

2020 2595 2162 2664 quod
2197 2595 2262 2648 ad
2297 2595 2540 2648 docentis
2593 2593 2823 2648 cilicium
2884 2596 3173 2663 pertineat,
3227 2611 3326 2650 nec
3377 2610 3473 2665 pro
3521 2612 3587 2649 co

2019 2687 2165 2757 quod
2203 2688 2347 2756 pasci
2381 2688 2559 2751 debet,
2616 2696 2833 2757 pascat;
2889 2687 2979 2755 qui
3020 2699 3198 2740 autem
3253 2690 3354 2741 hoc
3410 2689 3587 2742 facere

2020 2795 2309 2849 aggressus
2344 2779 2530 2843 fuerit,
2561 2794 2629 2831 ne
2661 2779 2788 2847 quid
2826 2778 3133 2847 episcopale
3166 2794 3423 2833 exercere
3463 2796 3587 2851 per-

2022 2872 2269 2924 mittatur
2292 2910 2306 2933 ,
2342 2870 2466 2939 quia
2501 2872 2618 2940 ipse
2651 2885 2745 2939 per
2776 2877 3055 2923 tonsuram
3097 2884 3154 2924 se
3186 2870 3254 2923 ab
3287 2886 3352 2925 eo
3382 2873 3588 2926 aliena-

2018 2961 2114 3015 vit.
2150 2960 2407 3013 Dixerunt
2451 2969 2630 3014 autem
2688 2957 2877 3013 Patres
2923 2957 2991 3013 de
3018 2960 3373 3023 antistitibus,
3432 2977 3498 3014 ne.
3527 2978 3587 3015 se

2020 3054 2072 3108 in
2102 3067 2311 3113 eorum,
2360 3053 2451 3122 qui
2506 3051 2879 3121 paenitentiam
2941 3062 3128 3117 agunt,
3179 3051 3357 3106 locum
3407 3052 3589 3121 depri-

357 3144 600 3212 πρᾶξαι.
657 3145 755 3196 οὐκ
818 3147 1249 3218 ἀπαγορεύοντες
1306 3144 1420 3220 τῆν’
1468 3155 1789 3219 μετάνοιαν,
1843 3156 1918 3218 ὼς

2031 3159 2211 3212 ruant;
2242 3158 2294 3201 et
2323 3147 2478 3211 illud,
2516 3146 2572 3201 Si
2607 3149 2730 3216 quis
2764 3158 2943 3200 autem
2968 3162 3205 3216 unquam
3230 3146 3391 3201 fuerit
3422 3164 3590 3203 ausus

360 3237 624 3305 στυγητόν
676 3254 729 3288 τι
773 3239 997 3307 πρᾶγμα
1041 3242 1135 3293 καὶ
1174 3242 1544 3312 ἀποτρόπαιον
1589 3245 1763 3314 (τοῦτο
1809 3248 1917 3318 γὰρ

358 3326 455 3378 καὶ
481 3326 677 3379 πολλοῦ
708 3327 927 3381 ἐπαίνου
955 3328 1100 3381 ἐστὶν
1136 3330 1329 3400 ἄξιον),
1362 3332 1493 3385 ἀλλὰ
1516 3337 1922 3404 παραγγέλλον-

357 3435 447 3480 τες
476 3419 754 3480 τοιούτους
788 3419 925 3473 εἶναι
965 3424 1089 3482 τοὺς
1121 3422 1395 3493 ἀρχιερεῖς
1440 3426 1532 3475 καὶ
1575 3427 1718 3479 οὕτω
1746 3429 1919 3497 βιοῦν,

357 3510 433 3570 ὡς
484 3510 557 3581 μὴ
613 3510 821 3563 δεῖσθαι
859 3513 1145 3579 μετανοίας
1206 3515 1411 3584 σχεδὸν,
1469 3518 1604 3569 ἀλλὰ
1662 3522 1755 3572 καὶ
1811 3526 1919 3586 τοῖς

356 3602 540 3664 ἀλλοις
568 3602 654 3655 διὰ
685 3603 791 3654 τῶν
818 3604 1034 3657 οἰκείων
1073 3605 1364 3670 ἐντεύξεων
1394 3609 1451 3659 τὸ
1476 3610 1918 3677 Θεῖονέξιλεούν.

368 3692 638 3762 Ἐζητήθη
669 3693 747 3751 δὲ.
796 3695 843 3745 εί
892 3696 1143 3764 μοναχὸς,
1194 3700 1331 3767 μετὰ
1382 3700 1478 3768 τὴν
1510 3702 1923 3773 ἀρχιερωσύνην

358 3785 610 3849 ἀξιωθεὶς
633 3786 725 3837 τοῦ
751 3787 992 3855 μεγάλου
1025 3792 1322 3858 σχήματος,
1357 3791 1577 3844 δύναταί
1604 3812 1653 3845 τι
1680 3798 1923 3865 ἐνεργεῖν

357 3878 738 3931 ἐπισκοπικόν.
768 3874 935 3932 Εἶπον
971 3881 1077 3948 γάρ
1101 3898 1245 3944 τινες
1271 3883 1367 3945 ὡς.
1400 3886 1519 3936 ἐπεὶ
1544 3887 1780 3949 τοιοῦτος
1820 3891 1924 3959 πρὸ

357 3968 452 4022 τοῦ
490 3969 826 4039 ψηφισθῆναι
867 3973 1139 4043 ἁπεκὰρη,
1187 3974 1284 4026 οὐκ
1338 3976 1503 4028 ἐδεῖτο
1542 3980 1635 4029 καὶ
1667 3982 1924 4052 δευτέρας

358 4063 742 4133 ἀποκάρσεως,
786 4064 1077 4117 κάντεῦθεν
1107 4068 1226 4119 οὐδὲ
1257 4067 1469 4137 ἔχουσιν
1506 4069 1592 4120 ἐπ’
1629 4072 1777 4141 αύτῷ
1821 4073 1948 4143 χὼ-·

362 4170 462 4222 ραν
487 4152 557 4204 τὰ
582 4152 673 4205 τοῦ
706 4154 953 4217 κανόνος.
986 4155 1096 4207 Ούκ
1146 4157 1347 4225 ἤρεσαν
1374 4156 1427 4208 δέ
1458 4157 1627 4209 ταῦτα
1654 4158 1922 4226 λέγοντες,
1972 4180 1975 4185 ·

358 4241 474 4293 ἀλλ’
512 4236 752 4312 ἠκουσαν
809 4244 881 4305 ὡς
917 4245 1119 4314 κυρίως
1146 4246 1449 4316 ἀπόκαρσις
1484 4250 1514 4316 ἡ
1550 4248 1644 4299 τοῦ
1688 4250 1924 4317 μεγάλου

357 4332 453 4384 καὶ
505 4332 797 4399 ἀγγελικοῦ
864 4334 1138 4402 σχήματος
1190 4336 1446 4407 περιϐολή
1503 4339 1641 4392 ἐστι.
1697 4340 1768 4392 Τὸ
1822 4343 1926 4411 γάρ

361 4423 559 4493 μικρὸν
586 4424 772 4494 σχῆμα
798 4425 1055 4495 ἀρραϐὼν
1088 4427 1298 4480 ἐκείνου
1333 4430 1426 4482 τοῦ
1456 4430 1661 4483 τελείου
1686 4432 1923 4501 λέγεται.

2022 3241 2122 3297 hoc
2156 3240 2332 3296 facere
2363 3259 2376 3295 :
2413 3257 2516 3294 non
2541 3240 2897 3311 prohibentes
2928 3241 3321 3305 paenitentiam,
3360 3250 3416 3293 ut
3472 3258 3581 3292 rem

2017 3335 2257 3389 odiosam
2293 3345 2345 3386 et
2375 3332 2717 3386 avertendam
2750 3348 2766 3383 :
2804 3333 2895 3399 (ea
2929 3330 3073 3382 enim
3127 3344 3316 3399 magna
3377 3345 3590 3398 quoque

2020 3427 2175 3480 laude
2205 3426 2363 3494 digna
2395 3422 2538 3491 est),
2593 3421 2685 3476 sed
2740 3419 3106 3489 significantes
3143 3420 3279 3473 tales
3334 3435 3457 3474 esse
3492 3437 3585 3471 an-

2021 3521 2245 3579 tistites,
2280 3526 2333 3570 ct
2364 3518 2437 3568 ita
2487 3516 2685 3578 vivere,
2732 3522 2788 3566 ut
2835 3513 3221 3582 propemodum
3274 3510 3588 3579 paenitentia

2020 3626 2127 3663 non
2158 3608 2453 3675 indigeant,
2505 3604 2599 3659 sed
2646 3615 2698 3658 et
2734 3603 2848 3658 suis
2902 3602 3388 3657 intercessionibus
3421 3601 3588 3655 Deum

2022 3704 2142 3756 aliis
2194 3702 2427 3770 placent.
2461 3698 2752 3763 Quaesitum
2801 3705 2885 3751 est
2939 3708 3140 3761 autem,
3190 3696 3234 3749 si
3292 3697 3591 3750 monatlius

2020 3804 2144 3865 post
2170 3793 2537 3860 episcopatum
2570 3789 2734 3864 fuerit
2762 3804 2957 3857 magno
2987 3788 3171 3841 habitu
3203 3789 3480 3857 dignatus,
3523 3803 3593 3840 an

2023 3884 2194 3954 possit
2223 3882 2524 3952 episcopale
2553 3880 2827 3949 quidpiam
2851 3895 3123 3933 exercere.
3146 3880 3305 3950 362
3335 3879 3592 3932 Dixerunt

2023 3976 2168 4029 enim
2203 3973 2473 4033 nonnulli,
2527 3972 2667 4040 quod
2724 3958 2981 4038 quoniam
3035 3980 3324 4039 antequam
3382 3972 3592 4025 clecms

2023 4080 2105 4123 est
2132 4068 2242 4130 ille,
2279 4076 2470 4117 tonsus
2506 4061 2629 4124 fuit,
2662 4062 2897 4119 secunda
2956 4077 3174 4130 quoque
3232 4070 3453 4116 tonsura
3502 4080 3595 4114 ne~

2025 4171 2294 4227 quaquam
2326 4170 2464 4223 opus
2500 4153 2724 4207 habuit:
2779 4163 2830 4207 et
2863 4154 2986 4206 inde
3037 4156 3095 4205 lit
3126 4162 3180 4205 nt
3210 4167 3381 4207 canon
3437 4154 3489 4205 in
3529 4170 3594 4206 eu

2027 4254 2204 4305 locum
2240 4264 2347 4301 non
2387 4247 2602 4299 habeat.
2652 4242 2769 4299 Non
2802 4245 3002 4313 placuit
3049 4253 3227 4298 autem
3272 4243 3416 4312 quod
3448 4243 3594 4297 dicc-
3626 4256 3631 4260 ‘

2026 4344 2178 4405 bant,
2213 4341 2304 4395 sed
2357 4338 2673 4401 audierunt,
2752 4337 2894 4407 quod
2946 4333 3170 4406 proprie
3225 4347 3452 4397 tonsura
3510 4348 3595 4391 est

2031 4433 2207 4502 magni
2237 4443 2290 4486 ct
2346 4430 2573 4501 angelici
2630 4428 2845 4482 habitus
2880 4428 3134 4482 amictus.
3190 4427 3395 4479 Parvus
3447 4427 3590 4478 enim

359 4516 420 4567 Ei
459 4517 683 4583 γοῦντὸ
716 4519 911 4589 μικρὸν
947 4518 1131 4588 σχῆμα
1153 4520 1251 4589 τὴν
1282 4522 1696 4593 ἀρχιερωσύνην
1732 4527 1916 4592 παύοι,

2031 4528 2272 4588 habitus,
2326 4525 2472 4578 illius
2522 4522 2747 4591 perfecti
2825 4520 3043 4573 habitus
3110 4530 3227 4571 atra
3263 4519 3483 4571 dicitur.
3538 4520 3592 4581 Si

359 4608 538 4678 πολλῴ
566 4609 729 4661 πλέον
759 4610 1008 4680 σχολάσει
1047 4612 1253 4679 ταύτην
1284 4614 1316 4680 ἡ
1367 4614 1547 4665 τελεία
1596 4616 1927 4687 ἀπόκαρσις.

364 4700 424 4750 Ei
452 4700 508 4750 δὲ
556 4717 637 4761 τις
681 4701 775 4753 καὶ
804 4719 865 4753 πε
877 4702 931 4771 pi.
956 4702 1064 4754 τῶν
1095 4704 1540 4773 ἀποκειρομένων
1574 4709 1761 4774 ἱερέων
1792 4711 1929 4780 ἐρω-

358 4793 535 4860 τήσει,
572 4794 686 4855 πῶς
719 4794 858 4861 μετά
881 4796 979 4864 τὴν
1002 4796 1309 4865 ἁπόκαρσιν
1348 4797 1711 4867 ἱερουργοῦσι,
1743 4806 1835 4854 καὶ
1864 4805 1924 4855 ού

359 4888 658 4939 παύονται·
693 4886 914 4940 ἀκούσει
948 4888 1022 4958 μὴ
1046 4882 1183 4940 εἶναι
1204 4870 1555 4952 διδασκάλους
1579 4892 1706 4955 τοὺς
1738 4894 1927 4963 ἱερεῖς,

359 4983 454 5033 καὶ
482 4981 569 5033 διὰ
600 4981 759 5033 τοῦτο
793 4980 929 5051 μηδὲ
963 4982 1031 5034 τὰ
1054 4981 1146 5033 τοῦ
1174 4983 1396 5046 κανόνος
1438 4982 1621 5055 χώραν
1656 4984 1799 5055 ἔχειν
1830 4987 1919 5039 ἐπ’

358 5074 563 5136 αὐτοῖς.

431 5256 677 5309 ΖΩΝΑΡ.
721 5249 888 5319 Οὗτος
917 5256 945 5308 ὁ
977 5255 1154 5310 κανὼν
1196 5257 1256 5309 ού
1312 5273 1629 5328 παραχωρει
1684 5261 1928 5329 αρχιερεῖ

358 5351 631 5420 οίῳδήτινι
682 5350 819 5420 μετὰ
877 5349 937 5402 τὸ
972 5350 1315 5421 ἀποκαρῆναι
1363 5350 1516 5414 αὖθις
1574 5355 1814 5421 ἐνεργεῖν
1875 5370 1927 5403 τι

357 5442 746 5511 ἁρχιερατικὸν
806 5441 1035 5496 δίκαιον.
1101 5443 1213 5495 Καὶ
1273 5442 1383 5505 ἕως
1436 5443 1560 5512 ἄρτι
1622 5445 1765 5506 τινὲς
1818 5444 1926 5496 τῶν

356 5537 661 5603 ἀρχιερέων
700 5538 780 5598 εἰς
807 5536 867 5588 τὸ
905 5535 1198 5605 μοναχικδν
1226 5536 1509 5599 κατιόντες
1544 5536 1731 5606 σχῆμα
1767 5536 1927 5588 πάλιν

357 5626 424 5678 τὰ
449 5624 547 5695 τῆς
574 5626 987 5698 ἀρχιερωσύνης
1020 5631 1197 5681 ποιεῖν
1225 5627 1503 5691 ἐϐιάζοντο
1535 5644 1550 5659 ’
1582 5628 1927 5698 (προσφόρως

356 5715 413 5768 δὲ
470 5716 530 5768 τὸ
566 5718 844 5780 κατιόντες
877 5718 1031 5789 ἐτέθη
1069 5734 1084 5748 ·
1134 5720 1199 5771 ὲκ
1243 5720 1351 5789 γὰρ
1391 5720 1490 5788 τῆς
1540 5720 1928 5790 ἀρχιερατικῆς

361 5810 647 5880 περιωπῆς
682 5811 1013 5879 κατέρχεται
1042 5814 1070 5866 ὁ
1114 5813 1547 5882 ἀποκειρόμενος
1582 5814 1662 5875 εἰς
1702 5813 1799 5882 τὴν
1830 5810 1929 5882 τῆς

2022 4620 2186 4676 igitur
2234 4630 2435 4685 parvus
2494 4614 2709 4667 habitus
2768 4612 2897 4666 facit
2962 4626 3178 4664 cessare
3228 4612 3592 4665 sacerdotium

2021 4713 2243 4781 ipsum;
2298 4713 2467 4763 multo
2498 4706 2670 4775 magis
2720 4720 2935 4759 cessare
2970 4703 3101 4756 illud
3161 4704 3318 4757 faciet
3353 4704 3609 4781 perfecta‘

2021 4813 2264 4859 t0usura.
2295 4800 2349 4854 Si
2383 4799 2503 4866 quis
2535 4808 2714 4852 autem
2761 4797 2920 4850 etiam
2949 4795 3014 4849 de
3050 4794 3448 4858 sacerdmibus,
3503 4794 3592 4863 qui

2024 4895 2343 4955 tondentur,
2377 4890 2667 4958 rogaverit,
2720 4888 2994 4957 quomodo
3023 4896 3145 4956 post
3193 4896 3471 4941 tonsuram
3506 4904 3594 4941 sa-

2022 4987 2269 5042 crificant
2302 4997 2358 5039 et
2405 4999 2512 5038 non
2543 4970 2789 5046 cessant;
2822 4980 3007 5033 audiet
3042 4995 3150 5033 non
3185 4994 3306 5034 esse
3335 4978 3594 5033 sacerdo-

2022 5089 2106 5134 tes
2138 5080 2411 5138 doctores,
2444 5086 2496 5129 et
2530 5082 2813 5144 propterea
2858 5087 2957 5128 nec
2986 5088 3249 5127 canonem
3281 5072 3502 5141 quidem
3540 5074 3592 5122 iu

2023 5172 2103 5228 eis
2133 5172 2321 5224 locum'
2337 5168 2555 5222 habere.

2087 5260 2337 5315 ZONAR.
2376 5259 2450 5313 Ne
2482 5257 2708 5312 antistes
2757 5255 3091 5325 quicunque,
3144 5262 3433 5324 postquam
3485 5250 3582 5304 de-

2025 5363 2220 5407 tonsus
2250 5351 2430 5413 fuerit,
2486 5348 2665 5402 adhuc
2692 5346 2795 5402 sibi
2843 5346 2935 5417 jus
2989 5345 3209 5416 aliquod
3259 5341 3458 5397 summi
3506 5356 3593 5395 sa-

2002 5444 2266 5500 -cerdotis
2299 5447 2543 5510 usurpet,
2592 5439 2695 5493 hoc
2738 5454 2947 5495 canone
2980 5439 3361 5493 constitutum.
3410 5434 3475 5486 Et
3523 5431 3589 5485 ad

2026 5536 2128 5588 hoc
2158 5550 2327 5603 usque
2360 5544 2592 5602 tempus,
2649 5531 2925 5587 antistites
2978 5532 3222 5600 quidam,
3273 5526 3363 5579 ubi
3416 5540 3475 5577 se
3526 5524 3593 5575 ad

2028 5624 2386 5680 monasticnm
2440 5624 2682 5677 habitum
2731 5624 3098 5687 demisissent,
3128 5621 3305 5673 adhuc
3334 5633 3361 5668 a
3390 5616 3591 5668 summi

2028 5719 2316 5776 sacerdotii
2351 5717 2723 5773 functionibus
2773 5715 2990 5770 avocari
3022 5729 3079 5769 se
3112 5712 3262 5766 nullo
3294 5708 3455 5764 modo
3491 5722 3588 5775 pa-

2028 5810 2337 5865 tiebantur:
2374 5807 2818 5880 (accommodate
2853 5820 2979 5863 vero
3015 5801 3330 5860 demittendi
3363 5812 3581 5869 quoque
