3972 6488
226 356 233 367 ‘
304 334 443 398 i097

1422 337 1505 397 IN
1545 338 1714 400 CAN.
1757 338 1782 397 Ι
1822 337 2037 400 CONC.
2065 336 2447 402 CARTHAG.

3413 342 3545 405 1098

298 452 393 507 καὶ
462 450 579 520 μετ’
632 447 800 521 αὐτὴν
855 450 915 504 ἐν
986 447 1287 521 ’Δντιοχείᾳ
1335 448 1436 520 τῆς
1486 450 1686 522 Συρίας
1731 450 1876 505 κατὰ

1987 452 2081 508 fuit
2110 450 2166 506 in
2193 451 2484 507 Antiochia
2515 449 2688 524 Syria
2718 452 2985 511 adversus
3036 452 3263 510 Paulum
3299 451 3551 512 Samosa-

298 540 513 596 Παῦλον
540 540 632 593 τοῦ
668 540 1025 611 Σαμοσατέως
1051 540 1144 594 ἐπὶ
1192 540 1534 609 Δύρηλιανοῦ
1584 540 1873 611 βασιλέως.

298 634 782 706 Συνηθροίσθησαν
802 634 857 705 δὲ
884 634 964 697 είς
988 634 1317 703 Καρχηδόνα
1364 635 1698 703 ὀγδοήκοντα
1739 633 1876 703 πρὸς

299 729 415 790 τοῖς
451 728 748 795 τέσσαρσιν
791 723 940 793 ἅγιοι
973 725 1239 795 Πατέρες,
1270 725 1363 778 καὶ
1399 725 1796 796 συνεζήτησαν,
1826 725 1875 777 εί

297 819 406 889 χρὴ
432 816 794 887 βαπτίζεσθαι
832 818 958 878 τοὺς
1006 816 1067 879 ἐξ
1124 816 1384 886 αἱρέσεως
1448 817 1877 887 ἐπιστρέφοντας

296 908 675 971 είδωλοθύτας,
733 906 875 959 κατὰ
907 906 1006 977 τὴν
1049 909 1176 978 περὶ
1217 907 1408 960 τούτου
1455 905 1726 979 ἐρώτησιν
1780 907 1875 961 τοῦ

297 998 599 1051 ἐπισκόπου
669 996 951 1051 ἰοόιανοΰ.
1002 997 1126 1050 Ὅτι
1178 995 1234 1048 δὲ
1284 997 1403 1049 τότε
1431 996 1528 1050 καὶ
1567 998 1594 1049 ό
1626 996 1876 1060 Ναυάτος

299 1085 678 1155 πρεσϐύτερος
713 1083 790 1137 ὢν
841 1087 941 1155 τῆς
1004 1080 1297 1154 Ῥωμαίων
1343 1083 1670 1155 Ἐκκλησίσς
1702 1085 1876 1158 καθῃο

298 1179 454 1250 ρέθη.
476 1177 551 1241 ὡς
587 1177 662 1247 μὴ
687 1174 979 1247 δεχόμενος
1003 1178 1083 1240 είς
1117 1177 1407 1246 μετάνοιαν
1453 1176 1580 1241 τοὺς
1608 1177 1877 1241 θύσαντας

298 1272 412 1330 τοῖς
440 1267 701 1331 εἰδώλοις,
731 1267 1030 1321 κάντεῦθεν
1058 1266 1230 1320 ἐποίει
1274 1266 1480 1338 σχίσμα
1519 1270 1658 1338 μετά
1714 1286 1877 1322 τινων

297 1359 597 1424 ἀσυνέτων,
613 1357 1237 1428 ἐπολυπραγμονήθη;·εί
1256 1359 1362 1431 χρὴ
1380 1360 1474 1412 καὶ
1497 1360 1623 1423 τοὺς
1641 1375 1877 1430 σχισμα-

297 1450 487 1511 eratab;
517 1449 901 1518 βαπτίζεσθαι,
930 1448 1005 1513 ὡς
1041 1451 1135 1504 καὶ
1157 1449 1318 1503 τοῦτο
1345 1451 1725 1521 ἐρωτήσαντος
1749 1449 1878 1513 τοὺς

311 1539 599 1594 Ἰοϐιανοῦ.

370 1633 618 1693 ΖΩΝΑΡ.
658 1634 810 1705 Αὕτη
867 1634 904 1706 ἡ
956 1636 1171 1701 σύνοδος
1231 1636 1422 1689 πασῶν
1478 1635 1586 1689 τῶν
1642 1634 1877 1688 συνόδων

1979 554 2164 601 tenum
2186 546 2289 598 sub
2329 544 2625 600 Aureliano
2651 545 2999 616 imperatore.
3046 547 3371 620 Congregati
3418 558 3551 604 sunt

1978 645 2158 691 autem
2186 634 2514 707 Carthagine
2539 637 2609 692 84
2654 638 2830 694 sancti
2881 638 3113 705 Patres,
3153 648 3208 694 et
3256 641 3550 712 quasitum

1978 739 2083 795 est,
2109 746 2177 784 an
2215 730 2494 798 baptizare
2528 738 2772 799 Oporteat
2792 746 2909 798 eos,
2946 732 3039 802 qui
3097 741 3453 787 revertuntur
3479 748 3549 788 ex

1979 822 2172 877 haresi
2208 836 2398 877 eorum
2429 821 2521 891 qui
2543 821 2704 877 idolis
2745 822 3182 890 immolaverant,
3214 825 3551 879 convenien-

1979 920 2063 967 ter
2085 911 2496 982 interrogationi
2543 911 2701 967 facta
2733 912 2801 967 de
2832 927 2895 968 ea
2937 928 2995 968 re
3041 914 3110 968 ab
3156 914 3416 985 episcopo
3452 911 3551 968 Jo-

1979 1003 2164 1059 viano.
2217 1002 2356 1069 Quia
2400 1013 2582 1059 autem
2662 1011 2796 1059 tunc
2874 1003 3116 1062 Novatus
3174 1005 3549 1060 Romanorum

1979 1096 2237 1153 Ecclesia
2278 1097 2567 1168 presbyter
2591 1096 2878 1167 depositus
2907 1107 3011 1165 est,
3050 1105 3109 1152 ut
3147 1097 3238 1168 qui
3283 1099 3349 1151 ad
3376 1096 3551 1166 pani-

1979 1189 2203 1245 tentiam
2244 1204 2354 1244 non
2416 1188 2729 1244 admitteret
2760 1192 2869 1255 ieos
2903 1189 2998 1259 qui
3052 1190 3211 1245 idolis
3262 1189 3551 1245 sacriﬁca-

1977 1289 2204 1347 verant;
2244 1289 2299 1335 ct
2326 1278 2446 1335 ideo
2479 1294 2603 1335 cum
2632 1279 2963 1350 quibusdam
3018 1280 3405 1350 insipientibus
3461 1279 3547 1334 fa-

1978 1372 2161 1427 ciebat
2186 1373 2459 1427 schisma:
2495 1372 2761 1441 agitatum
2792 1380 2900 1437 est,
2930 1387 3001 1425 an
3053 1372 3219 1427 etiam
3268 1372 3544 1428 schisma-

1980 1463 2121 1518 ticos
2174 1462 2455 1533 baptizare
2512 1471 2801 1532 oporteat,
2858 1470 3120 1533 tanquam
3175 1464 3277 1518 hoc
3325 1477 3547 1534 quoque

1988 1550 2256 1607 Iovianus
2282 1552 2646 1623 quasivisset.

2048 1642 2302 1699 ZONAR.
2324 1643 2421 1699 Est
2449 1645 2567 1699 bac
2589 1644 2833 1715 synodus
2861 1643 3107 1699 omnium
3140 1644 3548 1714 antiquissima.

295 1727 703 1797 προγενεστέρα
734 1729 871 1783 ἐστί.
924 1729 1251 1800 Προτερεύει
1284 1729 1385 1799 μέν
1415 1730 1521 1799 γὰρ
1566 1728 1675 1781 τῶν
1700 1727 1874 1784 ἄλλων

1987 1732 2116 1789 Nam
2168 1736 2290 1791 aliis
2330 1735 2550 1806 quidem
2598 1735 2879 1807 antiquior
2932 1746 3016 1791 est
3071 1733 3309 1806 ea,'qua
3358 1735 3553 1791 Antio-

294 1794 425 1885 ὴίέν
473 1794 775 1889 Ἀντιοχείᾳ
795 1819 893 1888 τῆς
930 1794 1131 1889 Συρίας
1158 1794 1676 1887 γεγονυῖα-σύνοδος
1734 1816 1876 1869 κατὰ

1987 1828 2117 1883 cbia
2147 1828 2202 1883 in
2237 1794 2396 1900 Syria
2430 1836 2624 1884 contra
2652 1794 2886 1884 Paulum
2917 1794 3336 1885 Samosatenum
3372 1829 3552 1883 Aure-

296 1906 514 1960 Παύλου
566 1907 662 1961 τοῦ
709 1910 1091 1979 Σαμοσατέως,
1123 1911 1246 1980 ἥτις
1280 1910 1373 1963 ἐπὶ
1397 1909 1739 1981 Αύρηλιανοῦ
1777 1910 1876 1978 βα·

298 1997 494 2061 σιλέως
532 1998 840 2069 ἡθροίσθηο
905 2000 1044 2072 αὕτη
1115 2000 1173 2054 δέ
1230 2002 1495 2072 κάκείνης
1543 2001 1877 2073 ἀρχαιοτέρα

295 2088 473 2143 ἐστίν.
509 2089 569 2143 '0
596 2091 706 2161 γὰρ
743 2090 915 2160 μέγας
936 2092 1251 2163 Κυπριανὸς
1276 2093 1369 2145 ἐπὶ
1393 2093 1585 2145 Δεκίου
1611 2092 1879 2163 βασιλέως

294 2180 393 2231 τὸν
443 2180 543 2250 τῆς
610 2183 924 2253 μαρτυρίας
977 2185 1141 2254 ἤνυσε
1203 2184 1446 2255 δρόμον·
1495 2185 1788 2250 πολλοστὸς
1832 2186 1877 2239 δ’

302 2270 458 2323 ἐστιν
507 2272 534 2324 ὁ
592 2273 933 2343 Αύρηλιανδς
993 2276 1130 2345 πρὸς
1179 2276 1271 2328 τὸν
1294 2276 1511 2332 Δέκιον.
1543 2278 1737 2332 Πολλοὶ
1770 2278 1879 2349 γὰρ

301 2360 444 2431 μετὰ
476 2363 568 2415 τὸν
598 2364 790 2418 Δέκιον
836 2366 1150 2437 ἐκράτησαν
1175 2367 1601 2439 αὐτοκράτορες,
1634 2371 1753 2440 μεθ’
1784 2370 1880 2436 οὒς

292 2451 635 2521 Δύρηλιανδς
697 2455 795 2519 τῆς
832 2455 1115 2525 βασιλείας
1174 2456 1398 2528 ἠξίωτο.
1448 2464 1604 2516 Οὕτω
1654 2463 1754 2533 μὲν
1784 2461 1879 2517 οὖν

298 2544 709 2615 προγενεστέρα
746 2545 935 2599 πασῶν
963 2548 1131 2603 ἐστιν.
1173 2548 1574 2621 Ἦθροίσθησαν
1600 2551 1644 2605 δ’
1676 2552 1737 2605 ἐν
1783 2554 1883 2609 αύ-

296 2637 367 2706 τῇ
403 2636 691 2690 ἐπίσκοποι
734 2638 868 2707 πρὸς
907 2639 1200 2710 τέσσαρσιν
1233 2641 1880 2717 ὀγδοήκοντα,ζητήσεως

301 2729 626 2800 γενομένης,
662 2732 711 2783 εί
740 2732 864 2794 τοὺς
899 2731 958 2796 ἐξ
1000 2730 1263 2801 αἱρέσεως
1298 2734 1730 2807 ἐπιστρέφοντας
1785 2737 1881 2792 καὶ

301 2822 430 2883 τοὺς
475 2824 866 2892 σχισματικοὺς
906 2824 1267 2894 βαπτίζεσθαι
1302 2832 1382 2882 δεῖ
1405 2831 1881 2902 προσερχομένους

302 2915 373 2983 τῇ
407 2913 670 2987 καθολικῇ
714 2916 1033 2989 Ἐκκλησία.
1098 2921 1355 2987 Ἰοϐιανδς
1393 2923 1501 2996 γάρ
1534 2941 1618 2987 τις
1654 2924 1880 2979 ἐπίσκο-

305 3021 407 3067 πος
440 3006 719 3060 ἐπέστειλε
750 3010 879 3081 περὶ
905 3010 1094 3063 τούτου
1128 3012 1204 3083 τῷ
1236 3014 1363 3085 θείῳ
1395 3016 1719 3088 Κυπριανῷ,
1740 3018 1881 3087 ἐρω-

1981 1919 2126 1974 liano
2148 1918 2522 1974 Romanorum
2573 1922 2913 1989 imperatore
2966 1919 3243 1974 celebrata
3282 1917 3407 1983 fuit,
3437 1918 3553 1972 hac

1980 2026 2114 2066 vero
2181 2018 2459 2067 vetustate
2508 2010 2656 2065 illam
2708 2025 2929 2081 quoque
2968 2009 3264 2066 antecedit.
3320 2008 3552 2081 Magnus

1980 2103 2250 2173 siquidem
2296 2102 2630 2175 Cyprianus,
2674 2102 2837 2158 Decio
2888 2102 3239 2171 imperatore,
3303 2100 3553 2171 martyrii

1978 2209 2205 2251 cursum
2257 2194 2535 2250 coniecit:
2590 2202 2646 2248 at
2704 2208 2835 2249 vero
2890 2193 3051 2262 longo
3091 2191 3380 2247 intervallo
3426 2200 3554 2262 post

1981 2287 2209 2345 Decium
2271 2287 2605 2344 Aurelianus
2683 2285 2808 2342 fuit.
2859 2285 3016 2340 Multi
3074 2285 3346 2355 siquidem
3387 2283 3554 2340 Decio

1984 2382 2268 2437 exstincto
2315 2394 2617 2450 regnavere
2666 2378 3051 2448 imperatores,
3082 2378 3284 2448 quibus
3333 2377 3554 2432 demum

1982 2472 2317 2528 Aurelianus
2346 2471 2400 2525 in
2446 2469 2679 2539 imperio
2704 2468 2967 2524 suffectus
3011 2477 3117 2525 est.
3161 2467 3347 2538 Itaque
3396 2469 3556 2539 longe

1981 2560 2104 2615 bac
2128 2558 2372 2630 synodus
2400 2558 2647 2613 omnium
2673 2557 3065 2628 antiquissima
3094 2565 3197 2612 est.
3218 2556 3277 2611 ln
3302 2571 3364 2611 ea
3389 2571 3554 2627 porro

1981 2658 2220 2723 quatuor
2258 2665 2427 2720 supra
2454 2650 2735 2720 octoginta
2765 2648 3013 2720 episcopi
3044 2649 3367 2718 congregati
3400 2657 3554 2713 sunt,

1983 2756 2049 2798 ac
2082 2741 2149 2797 de
2180 2741 2271 2805 iis,
2298 2742 2390 2811 qui
2430 2741 2683 2796 abdicata
2713 2740 2904 2795 haresi
2936 2740 3294 2809 resipiscunt,
3316 2754 3381 2794 ac
3403 2738 3555 2794 sebi-

1983 2835 2251 2900 smaticis,
2305 2834 2399 2904 qui
2437 2832 2505 2887 ad
2540 2832 2843 2887 Ecelesiam
2887 2838 3267 2892 revertuntur,
3329 2844 3399 2882 an
3462 2827 3559 2882 ba-

1983 2926 2225 2998 ptizandi
2258 2926 2461 2991 forent,
2499 2922 2816 2994 quaesitum.
2845 2920 3111 2975 Iovianus
3149 2919 3418 2989 siquidem
3442 2918 3560 2989 epi-

1986 3033 2189 3089 scopus
2231 3017 2480 3087 quidam,
2529 3030 2593 3071 ea
2633 3015 2701 3070 de
2752 3028 2835 3078 re,
2886 3028 2954 3067 an
3009 3012 3225 3069 scilicet
3284 3010 3557 3081 ejusmodi

302 3096 435 3161 τῶν,
468 3100 517 3150 εί
538 3099 620 3151 δεῖ
648 3101 772 3165 τοὺς
790 3104 1065 3171 τοιούτους
1087 3106 1466 3175 βαπτίζεσθαι.
1487 3109 1631 3162 Τότε
1650 3108 1759 3181 γὰρ
1791 3109 1879 3162 καὶ

1990 3109 2240 3164 homines
2271 3106 2539 3176 baptizari
2576 3112 2880 3175 oporteret,
2929 3103 3265 3175 Cyprianum
3294 3119 3391 3174 per
3436 3104 3557 3171 epi-

303 3188 332 3238 ό
362 3187 614 3253 Ναυάτος
661 3191 761 3260 τῆς
815 3193 922 3245 τῶν
947 3194 1258 3263 λεγομένων
1298 3199 1572 3269 Καθαρῶν
1615 3199 1879 3270 αἱρέσεως

1988 3202 2185 3258 stolam
2232 3202 2610 3258 consuluerat.
2644 3198 2802 3253 Tunc
2842 3199 2988 3254 enim
3037 3195 3281 3252 Navatus
3338 3210 3561 3266 quaque

302 3272 460 3349 ἦρξε.
508 3281 879 3353 πρεσϐύτερος
927 3286 1168 3353 γεγονὼς
1217 3288 1312 3358 τῆς
1359 3290 1685 3360 Ἐκκηλσίας
1753 3290 1886 3348 Ῥω-

309 3370 508 3436 μαίων,
544 3375 903 3443 σχισματικὸς
934 3375 1011 3430 ὢν
1048 3379 1274 3449 κυρίως,
1312 3380 1429 3433 ἀλλ’
1456 3382 1553 3452 οὐχ
1578 3382 1881 3453 αίρετικός.

305 3459 380 3511 Οὐ
430 3461 539 3529 γὰρ
589 3463 725 3528 πρὸς
767 3464 943 3535 δόγμα
973 3484 1025 3521 τι
1079 3471 1189 3533 τοῖς
1236 3470 1535 3545 ὀρθόφροσι
1565 3474 1879 3544 διεφέρετο·

305 3549 444 3603 ἀλλὰ
489 3554 601 3614 τοῖς
638 3553 697 3605 ἐν
743 3555 1006 3625 διωγμοῖς
1046 3558 1364 3631 ὑποκύψασί
1417 3580 1477 3615 τε
1528 3566 1625 3618 καὶ
1653 3564 1885 3619 θύσασιν

303 3640 614 3713 ἀπηγόρευε
644 3645 742 3715 τὴν
771 3651 1082 3716 μετάνοιαν.
1129 3652 1349 3724 Ἐπειδὴ
1382 3656 1409 3706 ό
1430 3655 1553 3707 τότε
1593 3656 1692 3726 τῆς
1734 3657 1875 3710 Ῥω-

308 3732 485 3800 μαίων
568 3732 897 3806 Ὲκκλησίας
967 3742 1351 3822 προεστηκὼς,
1385 3746 1686 3818 Κορνήλιος
1744 3748 1886 3818 μετὰ

304 3824 413 3876 τῶν
472 3824 564 3877 ὐπ’
614 3826 779 3881 αὐτὸν
829 3831 1167 3899 ἐπισκόπων,
1217 3836 1555 3906 ζητήσαντες
1610 3841 1741 3909 περὶ
1788 3840 1883 3895 τοῦ

300 3916 691 3986 είσαγομένου,
761 3920 1103 3992 ἐψηφίσαντο
1167 3924 1419 3996 δέχεσθαι
1460 3928 1542 3992 είς
1591 3931 1885 3999 μετάνοιαν

306 4008 561 4073 καὶτοὺς
595 4010 984 4079 ἐπιθύσαντας,
1044 4018 1072 4070 ὁ
1119 4017 1177 4071 δέ
1223 4018 1476 4082 Ναυάτος
1524 4021 1625 4088 τῆς
1678 4022 1886 4086 οίκείας

305 4101 611 4167 ἐνστάσεως
655 4104 717 4158 ού
782 4106 1038 4176 μεθίετο’
1102 4109 1368 4181 ἐξέκοψαν
1420 4110 1521 4181 τῆς
1556 4111 1885 4183 Ἐκκλησίας

308 4193 519 4247 ἐκεῖνον
569 4198 665 4249 καὶ
722 4198 1082 4271 ἀπεκήρυξαν
1154 4201 1227 4266 ὡς
1284 4203 1637 4273 μισάδελφον.
1706 4205 1766 4260 '0
1827 4208 1886 4261 δέ

309 4285 407 4336 καὶ
462 4287 657 4349 ἄλλους
678 4288 987 4359 ὁμόφρονας
1010 4293 1260 4363 ἐσχηκὼς
1292 4297 1410 4349 καθ’
1435 4298 1627 4351 ἑαυτὸν
1651 4298 1885 4352 ἐποιεῖτο

311 4383 736 4449 παρασυνάξεις,
789 4386 883 4436 καὶ
907 4384 1115 4455 σχίσμα
1145 4390 1296 4460 παρὰ
1344 4392 1410 4461 τῇ
1454 4390 1757 4463 Ἐκκλησία
1788 4391 1884 4445 ὑπ’

306 4469 520 4524 ἐκείνου
557 4475 804 4531 καὶτῶν
858 4481 1011 4549 αὑτῳ
1071 4483 1587 4548 συγκοινωνούντων
1639 4482 1880 4551 ἐγένετο,

308 4563 446 4631 Περὶ
485 4569 861 4636 σχισματικῶν
894 4571 1077 4624 τοίνυν
1104 4572 1197 4624 καὶ⁵
1233 4572 1534 4643 αἱρετικῶν
1560 4575 1881 4645 ἐρωτήσαν-

306 4672 398 4717 τος
456 4656 739 4724 Ὶοὸιανοῦ,
788 4662 1207 4718 ἀντεπέστειλεν
1257 4665 1405 4735 αὐτῷ
1474 4683 1534 4720 τε
1620 4668 1716 4722 καὶ
1773 4670 1884 4732 τοῖς

309 4751 735 4816 συνεπισκόποις
763 4754 930 4806 αὐτοῦ
958 4758 985 4807 ὁ
1014 4756 1191 4825 μέγας
1220 4757 1539 4827 Κυπριανὺς
1572 4759 1667 4812 καὶ
1694 4761 1726 4830 ἡ
1784 4760 1882 4813 σὺν

309 4841 459 4911 αὐτῷ
497 4844 716 4909 σύνοδος
755 4849 852 4917 τὴν
884 4849 1168 4921 ἐπιστολὴν
1203 4850 1428 4920 ταύτην.

1985 3310 2175 3351 eorum
2216 3302 2398 3359 secta,
2433 3292 2527 3363 qui
2555 3290 2780 3346 Cathari
2813 3289 2940 3359 (hoc
2970 3298 3057 3343 est
3093 3288 3238 3358 puri)
3296 3287 3562 3343 diceban-

1985 3394 2096 3453 tur,
2125 3401 2186 3442 se
2211 3386 2514 3456 principem
2555 3382 2939 3454 proﬁtebatur.
2993 3380 3258 3435 Romana
3304 3376 3562 3437 Ecclesia

1987 3477 2296 3551 presbyter,
2328 3475 2721 3531 schismaticus
2770 3474 3019 3546 proprie,
3075 3487 3185 3527 non
3246 3470 3562 3529 hareticus.

1986 3570 2097 3627 Nec
2125 3571 2269 3627 enim
2300 3572 2355 3625 in
2387 3569 2475 3633 iis.
2513 3583 2636 3640 qua
2674 3568 2744 3622 ad
2789 3567 3048 3638 dogmata
3096 3567 3397 3635 pertinent,
3446 3566 3562 3622 ullo

1988 3673 2154 3735 pacto
2196 3677 2227 3717 a
2249 3662 2555 3718 Catholicis
2580 3660 2977 3717 dissentiebat:
3032 3659 3129 3715 sed
3186 3660 3282 3729 qui
3315 3658 3562 3715 adversis

1986 3755 2301 3824 reipublica
2314 3754 2641 3810 Christiana
2663 3750 3010 3822 temporibus
3036 3752 3179 3807 malo
3201 3751 3330 3806 victi
3358 3765 3562 3807 succu-

1989 3843 2261 3909 buissent,
2280 3843 2499 3913 diisque
2525 3840 2927 3905 immolassent,
2949 3841 3016 3895 ad
3051 3840 3427 3910 panitentiam
3453 3854 3564 3894 non

1986 3931 2327 3987 admittebat.
2350 3930 2485 3986 Cum
2504 3928 2903 3988 veroEcelesia
2932 3928 3302 3986 Romanorum
3338 3928 3569 4000 prafcc-

1989 4030 2077 4077 tus
2090 4037 2155 4078 eo
2168 4029 2413 4092 tempore
2438 4021 2750 4083 Cornelius,
2768 4035 2890 4074 cum
2916 4019 3020 4075 sibi
3044 4018 3312 4088 subjectis
3344 4018 3566 4086 episch

1990 4116 2098 4185 pis,
2133 4114 2335 4184 agitata
2374 4113 2698 4182 quastione,
2725 4127 2819 4167 eos
2851 4126 3071 4181 quoque
3107 4111 3198 4180 qui
3248 4110 3567 4166 immolave-

1989 4215 2116 4261 rant
2147 4207 2213 4261 ad
2250 4204 2632 4276 panitentiam
2686 4202 3060 4259 admittendos
3117 4216 3241 4257 esse
3291 4199 3567 4256 decrevis-

1989 4310 2133 4363 sent,
2180 4313 2361 4368 neque
2388 4304 2569 4352 tamen
2640 4294 2883 4350 Navatus
2919 4293 3126 4364 aliquid
3156 4292 3224 4347 de
3263 4290 3566 4359 pertinacia

1989 4391 2320 4455 remitteret,
2374 4388 2530 4443 illum
2564 4386 2635 4443 ab
2684 4385 2949 4442 Ecclesia
3000 4397 3233 4453 corpore
3291 4381 3567 4443 excisum,

1912 4464 2191 4552 unippe
2253 4478 2489 4534 fratrum
2557 4490 2773 4533 osorem
2846 4472 3067 4529 decreto
3128 4467 3565 4541 promulgavere.

1990 4574 2142 4631 Alios
2176 4586 2308 4627 vero
2334 4572 2426 4628 ille
2459 4578 2761 4628 sectatores
2796 4576 3019 4632 nactus,
3051 4562 3286 4620 seorsim
3330 4574 3569 4614 conven-

1992 4678 2083 4723 tus
2117 4680 2403 4737 peragere,
2461 4662 2874 4731 schismateque
2922 4659 3052 4713 hinc
3094 4654 3221 4711 inde
3267 4669 3393 4710 cum
3452 4652 3570 4707 suis

1994 4760 2309 4833 gregalibus
2360 4756 2666 4812 Ecclesiam
2718 4755 2963 4809 lacerare
3022 4751 3249 4807 adortus
3274 4754 3393 4815 ,est.
3428 4745 3565 4801 Cum

1997 4869 2130 4924 ergo
2165 4853 2234 4907 de
2264 4848 2639 4909 schismaticis
2663 4854 2717 4903 et
2741 4844 3014 4901 harelicis
3065 4850 3212 4898 esset
3240 4856 3269 4894 a
3336 4838 3566 4894 Joviano

310 4933 624 4998 quasitum,
657 4935 725 4990 ad
756 4952 880 4991 eum
911 4939 1136 5009 ejusque
1167 4940 1527 5011 eoepiscopos
1560 4954 1793 5012 magnus
1815 4941 2121 5013 Cyprianus
2147 4956 2272 4998 eum
2295 4956 2397 4997 sua
2428 4938 2641 5012 synodo
2681 4936 2993 4994 rescribens
3031 4934 3332 5005 subjectam
3361 4930 3565 5003 cpisto.

309 5019 417 5073 lam
445 5023 711 5078 exaravit.

919 5112 1160 5165 ΚΑΝΩΝ
1194 5110 1275 5168 A'.

315 5214 336 5251 t
392 5198 490 5253 Ἐκ
536 5200 883 5271 κοινοϐουλίῳ
934 5203 1407 5273 δντες,ἀγαπητοὶ
1448 5203 1687 5274 ἀδελφοὶ,
1759 5206 1883 5261 ἀνέ-

390 5310 409 5344 ι
448 5309 667 5363 γνωμεν
711 5296 1016 5366 γράμματα
1067 5297 1162 5365 ἀφ’
1209 5296 1366 5367 ὑμῶν
1426 5299 1694 5351 σταλέντα
1752 5300 1884 5369 περὶ

2628 5115 2856 5171 CANON
2885 5115 2923 5171 l.

1998 5230 2017 5266 ι
2062 5211 2199 5267 Cum
2235 5212 2291 5267 in
2328 5211 2608 5267 communi
2629 5210 2863 5266 consilio
2896 5224 3173 5274 essemus,
3207 5208 3395 5264 dilecti
3447 5206 3558 5259 fra—

2068 5320 2086 5355 ι
2122 5312 2255 5367 tres,
2280 5303 2509 5375 legimus
2533 5302 2745 5360 litteras
2774 5316 2805 5356 a
2831 5301 2987 5358 vobis
3008 5303 3208 5358 missas
3231 5300 3300 5356 de
3328 5300 3422 5364 iis,
3464 5300 3560 5369 qui

1566 5412 1769 5477 Guill.
1800 5417 2134 5497 Beveregii
2175 5424 2363 5480 nota.

311 5528 655 5609 Balsamonis
684 5530 1023 5611 enditionibus
1055 5549 1319 5611 canones_
1352 5538 1545 5607 synodi
1587 5539 1878 5611 Carthagi-

312 5602 524 5663 nensis,
552 5611 611 5655 ut
642 5602 901 5659 aGraeis
955 5615 1242 5670 vocantur,
1308 5602 1411 5661 hoc
1472 5621 1578 5672 est,
1630 5602 1874 5665 codicEtn

311 5686 586 5747 canonum
635 5673 894 5747 Ecclesia
954 5674 1261 5747 Africana,
1300 5677 1444 5747 inter
1509 5680 1879 5747 supradictam

314 5741 584 5811 synodum
620 5744 961 5811 Aueyrauam
997 5746 1289 5814 interponi.
1350 5746 1550 5802 Verum
1577 5741 1685 5804 non
1718 5752 1879 5806 modo

559 5840 830 5898 ΡΑτιιοι.
875 5840 991 5899 Ca.
1037 5840 1406 5903 CXXXVII.

1988 5540 2043 5615 in
2082 5538 2378 5615 Bodleiano
2402 5539 2589 5615 codice
2620 5557 2783 5612 quem
2814 5544 3016 5615 ubique
3048 5543 3354 5615 sequimur,
3388 5538 3479 5593 sed
3513 5543 3568 5589 et

1990 5611 2454 5688 Amerbachiano.
2490 5611 2794 5688 ideni’ordo
2826 5611 3160 5688 synodorum
3210 5615 3563 5688 observatur.

1992 5694 2102 5750 quo
2130 5682 2249 5755 _liic
2278 5683 2687 5752 imprimuntur,
2724 5680 2877 5753 juxta
2912 5701 3072 5755 quem
3129 5696 3366 5739 veterem
3416 5680 3562 5739 illam

1996 5751 2478 5823 Carthaginensem
2511 5751 2748 5825 synodus
2783 5751 3072 5828 Ancy'raua
3108 5756 3329 5824 excipit.

3111 5862 3186 5923 35
