3972 6488
455 344 598 419 Ποῖ]

1709 336 1993 402 ἹἮΕΟΒ.
2022 333 2425 397 BA‘LSAMON

3569 335 3702 401 110i

525 456 719 511 BALS.
777 453 1047 520 Scriptum
1080 450 1242 507 est-in
1276 447 1541 519 prooemio
1573 463 1738 518 quam
1791 448 1864 502 ob
1893 462 2023 502 cau-

2186 445 2384 498 ΒΔΛΣ.
2440 444 2529 498 'Ev
2568 441 2647 514 τῷ
2671 442 2948 516 προοιμίῳ
2981 442 3294 515 γέγραπται
3340 442 3488 506 τίνος
3541 447 3704 514 χάριν

453 564 570 604 sam
603 561 844 617 prtesens
878 543 1111 614 epistola
1147 541 1267 596 fuit
1326 540 1473 595 edita
1505 557 1519 593 :
1549 550 1603 594 et
1627 539 1745 609 ipsa
1797 538 2021 608 quidem

452 637 666 697 statuit,
703 635 872 703 utqui
894 632 962 686 ad
1005 631 1335 686 catholicam
1373 629 1678 684 Ecclesiam
1703 629 1772 683 ab
1807 629 2026 682 haereti-

453 729 534 782 cis
559 727 640 781 vel
665 725 1032 781 schismaticis
1056 723 1356 784 accedunt,
1391 721 1759 791 baptizentur,
1808 718 2024 775 etiamsi

451 819 520 874 ab
573 819 680 873 illis
736 817 890 886 prius
928 815 1190 885 baptizati
1239 815 1466 868 fuerint.
1509 811 1791 882 Septimus
1840 820 2024 866 autem

452 923 624 964 canon
665 909 920 964 secundae
950 907 1144 977 synodi
1177 905 1499 960 universalis
1539 920 1762 969 eorum,
1796 905 1888 974 qui
1929 903 2027 956 ba-

451 1000 645 1070 ptizari
695 1007 749 1054 et
803 1000 894 1070 qui
934 1013 1042 1052 non
1093 996 1354 1066 baptizari
1392 995 1610 1059 debent,
1663 993 2024 1048 diﬂerentiam

454 1094 844 1156 constituens,
903 1092 1005 1144 alia
1065 1091 1312 1156 quredam
1374 1089 1636 1158 praecipit.
1703 1086 1845 1156 Lege
1897 1098 2028 1154 ergo

453 1199 600 1249 eum,
640 1192 693 1239 et
742 1195 980 1238 mentem
1014 1181 1211 1236 adhibe
1259 1181 1326 1234 iis
1357 1195 1478 1249 qua:
1514 1182 1568 1233 in
1603 1180 1718 1248 ipso
1751 1185 1881 1233 sunt
1927 1192 2027 1246 po-

455 1277 708 1331 steriora.
764 1274 906 1344 Lege
950 1289 1081 1343 ergo
1111 1274 1276 1326 etiam
1303 1271 1340 1324 2
1372 1286 1634 1325 canonem
1667 1270 1860 1342 synodi
1907 1283 2029 1340 qua:

455 1378 540 1423 est
568 1370 617 1421 in
637 1367 845 1427 Trnllo,
881 1377 934 1420 et
963 1367 1124 1429 scies,
1155 1365 1298 1434 quod
1325 1381 1444 1433 quae
1471 1366 1568 1419 hac
1595 1365 1821 1433 epistola
1846 1362 2027 1416 conti-

457 1472 676 1525 nentur,
735 1460 802 1513 ab
845 1459 1102 1513 omnibus
1144 1458 1400 1511 Patribus
1443 1456 1680 1510 admissa
1729 1471 1834 1508 non
1875 1465 2025 1510 sunt.

459 1554 552 1610 Sic
606 1555 750 1608 enim
783 1553 915 1606 dicit
949 1553 1082 1621 ipsis
1122 1547 1304 1605 verbis
1338 1567 1351 1602 :
1389 1541 1660 1602 Praiterca
1695 1559 1872 1602 autetu
1905 1557 1960 1601 ct
1998 1563 2028 1600 a

455 1644 752 1716 Cypriane,
793 1643 885 1713 qui
920 1644 1172 1698 Alrorum
1213 1639 1455 1709 regionis
1492 1639 1784 1708 cpiscopus
1826 1636 1932 1691 fuit
1976 1646 2031 1692 et

457 1745 685 1806 martyr,
746 1743 799 1788 et
855 1749 883 1786 a
941 1736 1189 1803 synodo,
1244 1745 1366 1800 qua:
1416 1731 1484 1784 ab
1541 1729 1632 1782 illo
1691 1727 1872 1782 habita
1921 1736 2026 1790 est,

2129 537 2162 603 ἠ
2205 535 2455 605 παροῦσα
2487 535 2706 606 ἐξετέθη
2739 534 3002 605 ἐπιστολή
3028 550 3040 564 ·
3084 537 3176 588 καὶ
3209 535 3352 607 αὕτη
3384 537 3483 605 μέν
3535 537 3707 606 διορίο

2132 627 2286 692 ζεται
2319 630 2446 691 τοὺς
2492 628 2971 698 προσερχομένους
3024 632 3092 698 τῇ
3140 629 3400 698 καθολικῇ
3481 629 3708 698 Ἐκκλη-

2135 720 2225 790 σίᾳ
2254 722 2362 773 άπὸ
2389 721 2686 792 αίρετικῶν
2714 722 2748 793 ἢ
2779 721 3159 792 σχισματικῶν
3201 722 3584 792 βαπτίζεσθαι,
3605 724 3710 775 κᾶν

2133 813 2224 866 ὑπ’
2263 814 2490 866 ἐκείνων
2522 813 3041 884 προεὸαπτίσθησαν
3078 825 3093 842 ⁸
3125 816 3152 866 ό
3179 813 3235 866 δέ
3298 813 3342 876 ζ’
3384 813 3566 865 κανὼν
3611 814 3712 882 τῆς

2133 903 2518 974 οίκουμενικῆς
2549 905 2592 974 β’
2633 905 2876 971 συνόδου,
2914 905 3232 974 ποιούμενος
3259 903 3529 974 διαίρεσιν
3604 905 3711 956 τῶν

2133 995 2458 1064 ὀφειλόντων
2485 995 2846 1065 βαπτίζεσθαι
2875 998 2970 1050 καὶ
2996 997 3092 1068 μὴ,
3120 987 3288 1066 ἕτερά
3345 1014 3470 1049 τινα
3532 1011 3712 1066 παρα·

2135 1086 2438 1140 κελεύεται.
2480 1084 2892 1155 ’Δνάγνωθιοῦν
2925 1088 3136 1151 τοῦτον,
3173 1089 3268 1141 καὶ
3298 1087 3572 1158 πρόσσχες
3603 1089 3713 1147 τοῖς

2135 1181 2192 1231 ἐν
2224 1178 2379 1248 αὐτῷ
2398 1180 2885 1250 μεταγενεστέροις
2912 1179 3084 1234 οὒσιν.
3164 1179 3462 1247 ’Δνάγνωθι
3499 1181 3595 1231 καὶ
3623 1180 3714 1231 τὸν

2138 1271 2180 1340 β·
2213 1271 2418 1324 κανόνα
2451 1271 2548 1341 τῆς
2583 1273 2640 1324 ἐν
2694 1273 2776 1342 τῷ
2801 1273 3060 1343 Τρούλλῳ
3118 1273 3362 1334 συνόδου,
3395 1273 3490 1324 καὶ
3533 1272 3715 1343 μάθῃς

2134 1363 2217 1415 δτι
2245 1364 2313 1415 τά
2333 1366 2430 1433 τῆς
2461 1363 2744 1434 παρούσης
2777 1365 3064 1433 ἐπιστολῆς
3092 1365 3191 1417 ούκ
3225 1363 3529 1432 ἐδέχθησαν
3560 1364 3716 1430 παρά

2137 1454 2355 1507 πάντων
2383 1455 2492 1506 τῶν
2527 1455 2807 1525 Πατέρων.
2831 1457 2970 1526 Φησὶ
3009 1456 3115 1523 γὰρ
3160 1454 3303 1508 οὕτω
3355 1457 3597 1525 ῥήμασιν
3619 1453 3716 1504 αύ-

2136 1547 2250 1607 τοῖς
2283 1561 2296 1576 ·
2341 1546 2463 1598 Ἔτι
2524 1547 2632 1615 μὴν
2673 1547 2884 1600 καὶτὸν
2923 1548 3027 1600 ὑπὸ
3089 1548 3427 1615 Κυπριανοῦ,
3481 1545 3717 1613 γενομέ-

2135 1653 2228 1689 νου
2261 1637 2562 1688 ἐπισκόπου
2594 1640 2694 1706 τῆς
2717 1638 2942 1706 Ἀφρων
2969 1638 3151 1708 χώρας
3178 1640 3271 1690 καὶ
3301 1633 3721 1706 μάρτυρος,καὶ

2139 1729 2236 1798 τῆς
2274 1729 2393 1780 κατ’
2424 1727 2588 1781 αὐτὸν
2619 1728 2842 1781 συνόδου
2904 1728 3207 1782 ἐκτεθέντα
3246 1731 3447 1783 κανόνα
3506 1726 3566 1790 ὃς
3623 1728 3720 1779 καὶ

455 1824 664 1879 editum
708 1837 1010 1888 canonem,
1045 1822 1137 1891 qui
1193 1822 1246 1874 iu
1292 1819 1676 1890 praedictorum
1728 1821 2023 1889 prmsulum

2135 1819 2188 1870 ἐν
2222 1820 2340 1887 τοῖς
2400 1819 2506 1871 τῶν
2553 1819 2973 1890 προειρημένων
3027 1819 3309 1892 προέδρων
3358 1818 3546 1878 τόποις
3623 1818 3720 1870 καὶ

457 1914 615 1978 locis,
646 1913 818 1982 iisque
847 1912 1002 1976 solis,
1027 1912 1181 1981 juxta
1225 1911 1333 1964 illis
1383 1910 1641 1963 traditam
1670 1910 2027 1964 consuetudi-

455 2017 603 2068 nem,
637 2003 893 2056 obtinuit.
929 2000 1065 2054 Hinc
1086 2016 1218 2068 ergo
1249 2008 1492 2064 notatur,
1526 1998 1672 2068 quod
1695 2014 1723 2051 a
1757 1998 2027 2068 principio

451 2109 565 2148 non
598 2102 717 2148 erat
763 2094 815 2146 in
849 2108 948 2148 usu
983 2091 1127 2162 apud
1170 2105 1362 2145 omnes
1407 2089 1494 2143 hic
1529 2104 1730 2143 canon.
1757 2087 1898 2143 Nota
1930 2104 2030 2142 au-

447 2194 589 2252 tem,
623 2185 766 2256 quod
791 2184 906 2238 Afri
931 2185 1193 2238 dicuntur
1231 2179 1711 2252 Carthaginenses.
1745 2181 1885 2247 Quia
1931 2197 2028 2234 au-

457 2288 566 2334 tem
627 2278 681 2331 itt
732 2276 1014 2330 nonnullis
1056 2273 1459 2343 exemplaribus
1511 2283 1696 2342 aperte
1737 2272 2029 2341 descriptae

453 2369 809 2424 inveniuntur
891 2367 961 2420 84
1027 2365 1410 2435 episcoporum
1466 2365 1783 2429 sententia,
1826 2364 1919 2434 qui
1972 2366 2029 2418 itt

455 2461 649 2516 eadem
718 2459 941 2512 luerunt
976 2457 1235 2526 opinione
1291 2470 1416 2509 cum
1465 2465 1657 2509 sancto
1705 2455 2026 2524 Cypriane:

448 2566 675 2607 eramus
718 2565 810 2605 eas
857 2563 1077 2618 quoque
1135 2548 1403 2618 scripturi
1466 2555 1521 2601 et
1575 2548 2026 2618 interpretaturi:

456 2643 552 2699 sed
584 2643 735 2711 quia,
774 2651 835 2696 ut
864 2642 1070 2695 dictum
1099 2648 1208 2704 est,
1244 2639 1512 2710 septimus
1547 2641 1802 2694 secunda:
1832 2639 2028 2710 synodi

452 2754 632 2793 canon
680 2737 786 2792 alia
843 2735 1092 2806 quaadam
1147 2736 1440 2789 constituit
1501 2734 1570 2788 ab
1611 2734 1699 2798 iis,
1753 2750 1873 2803 qua:
1926 2738 2030 2790 hac

457 2829 713 2902 praesenti
765 2828 993 2898 epistola
1059 2828 1447 2889 continentur,
1515 2826 1584 2880 de
1643 2826 1917 2883 haereticis
1975 2838 2030 2884 et

455 2921 827 2978 schismaticis
877 2921 972 2990 qui
1024 2918 1091 2972 ad
1129 2918 1289 2972 tidem
1323 2917 1616 2983 accedunt,
1659 2918 2028 2988 praatertuissa

454 3025 539 3071 est
563 3030 753 3068 eorum
775 3014 1064 3081 expositio.

527 3105 782 3160 ZONAR.
821 3103 1056 3174 Epistola
1099 3103 1212 3158 haec
1244 3117 1606 3174 quoscunque
1639 3105 1708 3158 ab
1753 3105 2026 3160 haereticis

456 3210 548 3254 aut
591 3199 964 3254 schismaticis
1003 3198 1328 3267 baptizatos,
1383 3199 1428 3253 si
1489 3198 1556 3251 ad
1593 3197 1890 3253 Ecclesiam
1933 3215 2026 3254 ca-

457 3291 716 3346 tholicam
781 3306 841 3344 se
891 3290 1206 3359 recipiant,
1265 3290 1462 3343 iterum
1527 3289 1794 3359 baptizari
1845 3291 2026 3359 jubet,

457 3397 690 3450 eamque
737 3381 1066 3434 sententiam
1093 3379 1260 3434 variis
1280 3381 1792 3448 epicliirematibus,
1821 3385 2024 3452 enthy-

459 3470 708 3525 mematis
757 3469 1164 3539 St-ripturzeque
1230 3468 1557 3523 testimoniis
1597 3469 1909 3524 conﬁrmat.
1960 3475 2030 3525 At

458 3574 590 3614 vero
617 3558 857 3615 secunda
893 3557 1230 3612 (ncumenica
1259 3557 1501 3627 synodus
1533 3572 1744 3614 canone
1775 3561 2028 3629 septimo,

459 3665 570 3704 non
605 3663 820 3713 omnes,
851 3649 946 3718 qui
987 3664 1051 3700 ex
1108 3649 1300 3702 hazresi
1358 3647 1692 3717 demigrant,
1757 3650 2031 3719 baptismo

459 3744 656 3795 iterum
705 3739 1032 3810 expiandos,
1083 3741 1174 3794 sed
1223 3738 1364 3794 alios
1410 3738 1656 3809 quidem,
1695 3741 1741 3794 si
1782 3740 1927 3797 datis
1969 3743 2034 3797 li-

461 3830 618 3885 bellis
645 3844 800 3884 suam
842 3840 1103 3898 praeterea
1143 3831 1379 3898 quisque
1407 3828 1668 3893 haeresiu,
1701 3843 2032 3902 omnemque

460 3938 492 3976 a
522 3922 790 3976 catholica
826 3930 879 3974 et
913 3921 1214 3989 apostolica
1269 3920 1363 3975 Dei
1395 3919 1640 3976 Ecclesia
1679 3921 1916 3976 alienum
1946 3937 2034 3978 er-

462 4024 642 4063 rorem
701 4018 1080 4074 exsecrentur,
1129 4010 1446 4064 charactere
1496 4019 1737 4076 notatos,
1788 4010 1892 4067 hoc
1948 4019 2035 4069 est

460 4110 655 4156 sancto
704 4101 1002 4155 chrismate
1051 4101 1310 4156 inunctos
1361 4101 1576 4156 admitti
1622 4113 1879 4173 oportere
1934 4103 2035 4158 de-

460 4193 678 4260 cernit;
737 4193 872 4246 alios
917 4207 1043 4246 vero
1095 4209 1310 4256 omnes,
1361 4209 1424 4250 ex
1474 4195 1676 4264 quibus
1727 4195 2034 4250 nonnullos

460 4287 788 4340 nominatim
824 4285 1112 4354 designat,
1154 4285 1464 4354 baptizari,
1508 4295 1675 4356 atque
1723 4297 1781 4340 ιιι
1815 4285 2034 4341 Graecos

457 4375 698 4438 admitti,
743 4375 918 4444 jubet.
952 4375 1055 4439 Qui
1083 4375 1304 4443 quidem
1352 4377 1519 4430 etiam
1561 4391 1738 4430 canon
1781 4393 1885 4432 suo
1917 4381 2036 4432 loco

2135 1909 2316 1978 μόνοις
2355 1911 2500 1963 κατὰ
2530 1911 2590 1962 τὸ
2617 1911 2922 1981 παραδοθὲν
2978 1912 3166 1973 αὐτοῖς
3209 1910 3332 1972 ἐθος
3414 1911 3715 1977 ἐκράτησε.

2132 1998 2420 2052 Δείκνυται
2454 1999 2546 2054 οὖν
2597 2001 2849 2054 ἐντεῦθεν
2878 2002 2960 2054 δτι
2984 2001 3231 2073 ἀρχῆθεν
3262 2002 3322 2054 οὐ
3364 2002 3521 2071 παρά
3547 2001 3716 2051 πᾶσιν

2129 2087 2196 2162 ἦν
2223 2093 2462 2160 ἐνεργῶν
2483 2095 2511 2146 ό
2535 2091 2734 2146 κανών.
2761 2094 3080 2164 Σημείωσαι
3130 2095 3188 2148 δέ
3253 2096 3337 2148 ὅτι
3369 2097 3570 2164 Ἀφροι
3625 2091 3716 2142 λέ-

2131 2197 2318 2250 γονται
2343 2185 2390 2235 ot
2418 2183 2804 2254 Καρχηδόνιοι.
2869 2185 2995 2238 Ἐπὶ
3027 2186 3085 2238 δὲ
3133 2185 3191 2238 ἐν
3218 2201 3360 2238 τισιν
3433 2185 3712 2254 ἀντιγρά-

2132 2291 2252 2343 φοις
2289 2274 2470 2346 ῥητῶς
2502 2275 2856 2346 εὑρίσκονται
2934 2278 3544 2349 καταγεγραμμέναιαί
3603 2281 3715 2331 τῶν

2129 2366 2465 2436 ὀγδοήκοντα
2494 2369 2632 2437 πρὸς
2659 2371 2771 2432 τοῖς
2807 2369 3102 2439 τέσσαρσιν
3137 2371 3464 2432 ἐπισκόποις
3496 2371 3713 2441 γνῶμαι

2130 2459 2240 2512 τῶν
2272 2462 2949 2532 συνομογνωμονησάντων
3006 2462 3147 2532 μετά
3209 2463 3306 2515 τοῦ
3391 2462 3551 2530 άγίου
3609 2466 3717 2517 Κυι-

2133 2548 2387 2620 πριανοῦ,
2417 2551 2720 2620 ἐμέλλομεν
2749 2552 2846 2606 καὶ
2902 2553 3109 2615 ταύτας
3147 2554 3359 2624 γράψαι
3415 2556 3513 2608 καὶ
3545 2557 3717 2627 έρμη-

2132 2640 2321 2697 νεῦσαι
2355 2655 2368 2669 ⁶
2401 2642 2484 2696 ὅτι
2513 2641 2591 2705 δὲ,
2621 2643 2695 2706 ὡς
2721 2644 2961 2714 εἴρηται,
2985 2646 3013 2697 ὁ
3047 2643 3092 2707 ζ’
3123 2644 3303 2698 κανὼν
3337 2649 3435 2715 τῆς
3473 2646 3518 2716 β’
3547 2647 3705 2699 συνό⁴⁹

2131 2733 2223 2788 δον
2254 2735 2422 2806 ἐτερά
2443 2752 2566 2791 τινα
2593 2734 2851 2788 ἐθέσπισε
2911 2737 3148 2807 παράτὰ
3210 2738 3580 2808 περιεχόμενα
3648 2738 3714 2808 τῇ

2133 2824 2383 2896 παρούσῃ
2433 2826 2693 2896 ἐπιστολῇ
2728 2825 2888 2896 χάριν
2942 2828 3052 2880 τῶν
3114 2829 3571 2898 προσερχομένων
3648 2831 3714 2897 τῇ

2131 2917 2316 2970 πίστει
2381 2918 2674 2988 αίρετικῶν
2719 2919 2815 2972 καὶ
2889 2918 3289 2989 σχισματικῶν,
3361 2919 3608 2988 παρείθη
3680 2920 3714 2987 ἡ

2130 3008 2337 3061 τούτων
2361 3009 2647 3081 ἐξήγησις.

2207 3099 2451 3155 ΖΩΝΔΡ.
2480 3101 2630 3169 Αὕτη
2659 3101 2693 3171 ἠ
2735 3101 2995 3172 ἐπιστολὴ
3009 3101 3264 3168 καθάπαξ
3289 3103 3418 3168 τοὺς
3443 3104 3716 3180 ὑπὺαῑρε·

2127 3191 2298 3244 τικῶν
2331 3190 2364 3261 ἢ
2391 3191 2772 3262 σχισματικῶν
2805 3191 3215 3272 βαιπτισθέντας
3237 3201 3713 3269 προσερχομένους

2127 3287 2193 3353 τῇ
2231 3281 2805 3354 καθολικῇἘκκλησίᾳ
2851 3284 3217 3354 βαπτίζεσθαι
3232 3286 3600 3358 διατάττεται,
3623 3295 3716 3345 καὶ

2129 3375 2192 3427 ἐκ
2211 3375 2482 3445 διαφόρων
2505 3376 2903 3446 ἐνθυμημάτων
2921 3378 3013 3430 καὶ
3034 3379 3476 3449 ἐπιχειρημάτων
3503 3385 3596 3438 καὶ
3625 3387 3716 3454 pq-

2127 3469 2237 3521 τῶν
2267 3468 2557 3540 γραφικῶν
2577 3468 2668 3522 τὸν
2699 3471 2899 3521 οἰκεῖον
2944 3469 3102 3538 λόγον
3159 3475 3592 3538 κατασκευάζει.
3649 3476 3710 3529 Ἦ

2128 3560 2184 3612 δέ
2217 3560 2448 3629 δευτέρα
2484 3561 2841 3630 οίκουμενικὴ
2899 3560 3139 3627 σύνοδος,
3170 3563 3230 3616 ἐν
3280 3566 3468 3620 κανόνι
3542 3571 3712 3640 αὐτῆς

2131 3651 2343 3722 ἑϐδόμῳ
2409 3651 2472 3704 ού
2535 3653 2745 3716 πάντας
2819 3652 2880 3716 ἐξ
2945 3654 3213 3723 αἱρέσεων
3284 3656 3711 3728 ἐπιστρέφοντας

2133 3740 2340 3795 ἄνωθεν
2401 3741 2620 3810 κελεύει
2670 3741 3058 3812 βαπτίζεσθαι,
3092 3745 3213 3798 ἀλλ’
3265 3747 3577 3819 ἀπαριθμεῖ
3633 3769 3711 3805 τι-

2133 3850 2232 3898 νας
2289 3833 2390 3904 μὲν
2472 3834 2556 3888 δεῖ
2631 3834 2886 3906 δέχεσθαι
2948 3835 3194 3901 διδόντας
3249 3837 3563 3910 λιδίλλους,
3625 3847 3712 3898 καὶ

2133 3926 2641 3996 ἀναθεματίζοντας
2671 3929 2770 3998 τήν
2819 3944 2881 3980 τε
2907 3929 3117 3982 οίκείαν
3195 3931 3408 4003 αἵρεσιν
3459 3933 3706 4001 Ξκαστον,

2136 4018 2232 4072 καὶ
2273 4018 2456 4071 πᾶσαν
2504 4018 2582 4088 μὴ
2642 4018 2949 4088 φρονοῦσαν
3009 4020 3085 4084 ὡς
3137 4023 3172 4090 η
3239 4023 3371 4091 ἁγία
3429 4025 3525 4078 τοῦ
3582 4027 3708 4080 Θεοῦ

2137 4107 2404 4179 καθολικὴ
2432 4110 2528 4162 καὶ
2565 4109 2906 4182 άποστολικὴ
2949 4111 3248 4183 Ἐκκλησία
3299 4118 3511 4186 φρονεῖ,
3540 4134 3704 4189 σφρα-

2137 4198 2459 4269 γιζομένους
2483 4199 2602 4269 ἦτοι
2650 4203 2973 4272 χριομένους
3001 4201 3081 4274 τῷ
3139 4204 3282 4275 άγίῳ
3335 4205 3495 4277 μύρῳ
3525 4223 3541 4238 ο
3593 4209 3708 4270 τοὺς

2139 4291 2196 4344 δὲ
2224 4290 2444 4355 λοιποὺς
2473 4293 2704 4359 πάντας,
2737 4286 2814 4347 ὧν
2837 4309 2994 4358 τινας
3022 4301 3120 4348 καὶ
3170 4295 3439 4366 ὀνομαστὶ
3488 4300 3710 4353 καταλέ-

2145 4397 2256 4450 γει,
2282 4381 2647 4452 βαπτίζεσθαι
2681 4384 2955 4454 ὁρίζεται,
2989 4385 3317 4456 δεχομένους
3358 4389 3435 4452 ὼς
3503 4390 3702 4461 Ἐλλη-

460 4469 762 4537 explicatus
805 4477 909 4523 est.
952 4465 1104 4522 Unde
1131 4469 1251 4538 ejus
1290 4468 1523 4524 canonis
1569 4472 2027 4525 constitutionem

2139 4490 2236 4534 νας
2258 4489 2271 4502 ·
2305 4473 2366 4536 ὃς
2398 4473 2533 4543 δῆτα
2561 4474 2742 4528 κανὼν
2777 4477 2872 4529 καὶ
2903 4479 2964 4530 ἐν
2987 4477 3064 4547 τῷ
3094 4477 3210 4549 ίδίῳ
3234 4479 3384 4550 τόπῳ
3424 4483 3707 4552 ἐξήγηται.

459 4575 490 4612 a
535 4559 743 4614 sanctis
785 4570 972 4628 postea
1021 4558 1275 4615 Patribus
1324 4569 1600 4628 receptam
1659 4561 1806 4615 haud
1856 4561 2030 4618 fuisse

458 4649 620 4703 Iacile
649 4660 894 4719 apparet.
924 4649 1060 4703 Cum
1089 4650 1253 4717 igitur
1288 4651 1354 4706 de
1374 4652 1564 4706 eadem
1598 4667 1655 4706 re
1693 4655 1812 4706 dua:
1838 4653 2033 4722 synodi

461 4746 733 4796 contraria
769 4743 910 4797 inter
942 4759 1001 4796 se
1026 4745 1249 4797 decreta
1299 4743 1654 4808 protulerint,
1699 4745 1882 4814 potior
1939 4747 2038 4798 ba-

456 4835 639 4890 benda
697 4845 777 4889 est
831 4833 1084 4888 secundae
1153 4833 1344 4903 synodi
1399 4835 1720 4889 constitutio
1755 4874 1770 4901 ,
1835 4836 2038 4906 quippe

463 4943 585 4996 qua:
660 4934 713 4978 et
751 4927 1032 4994 posterior
1076 4924 1205 4986 fuit,
1265 4934 1320 4980 et
1383 4926 1748 4990 mcumenica,
1808 4925 1862 4980 in
1928 4941 2036 4996 qua

463 5032 657 5071 omnes
732 5016 944 5070 scilicet
993 5016 1309 5086 quicunque
1364 5017 1790 5087 patriarehicam
1851 5022 2033 5074 sedem

455 5109 738 5173 obtinent,
795 5117 890 5160 aut
920 5109 1145 5178 ipsimet
1179 5110 1525 5178 patriarcha},
1554 5121 1653 5162 aut
1680 5111 1922 5179 ipsorum
1962 5113 2037 5166 le-

452 5201 577 5271 ~gati
617 5199 926 5254 adfuerunt.
967 5199 1139 5254 Porro
1188 5202 1331 5255 hunc
1380 5216 1644 5256 canonem
1687 5217 2035 5272 nequaquam

465 5311 497 5347 a
546 5294 755 5348 sanctis
777 5292 1040 5347 Patribus
1077 5294 1351 5347 universis
1389 5307 1666 5363 receptum
1696 5291 1896 5359 fuisse,
1952 5304 2035 5359 ve]

465 5402 532 5440 es
566 5383 809 5439 secundo
836 5397 1046 5437 canone
1094 5384 1286 5453 synodi
1330 5386 1384 5438 iu
1416 5382 1602 5438 Trullo
1637 5386 1869 5452 habitae,
1914 5402 2038 5457 quae

468 5492 621 5534 sexta
653 5479 890 5543 dicitur,
951 5478 1177 5547 intelligi
1216 5480 1363 5533 licet.
1427 5480 1506 5534 ibi
1562 5496 1800 5551 namque
1859 5482 2033 5536 sancti

463 5571 657 5626 Patres
698 5572 764 5625 iis
795 5566 1124 5635 canonibus,
1154 5585 1387 5639 quorum
1416 5582 1536 5624 rata
1575 5572 1870 5626 auctoritas
1914 5587 2036 5626 esse

466 5663 645 5727 debet,
680 5660 953 5729 sigillatim
1013 5659 1368 5721 enumeratis,
1403 5658 1469 5712 de
1499 5659 1600 5714 hoc
1635 5675 1842 5714 canone
1873 5659 2039 5728 368

462 5751 686 5805 tetidem
735 5749 957 5804 omnino
996 5747 1176 5803 verbis
1236 5748 1309 5802 ita
1347 5747 1730 5816 pronuntiant.
1765 5747 2034 5802 l’rzeterea

2140 4563 2304 4616 Ὅθεν
2327 4564 2581 4633 φαίνεται
2607 4567 2806 4620 ὅτιούκ
2836 4567 3031 4638 ἐδέχθη
3062 4571 3216 4641 παρά
3265 4572 3375 4625 τῶν
3409 4575 3706 4642 μετέπειτα

2139 4655 2309 4723 ἁγίων
2338 4656 2602 4726 Πατέρων
2625 4659 2660 4728 η
2685 4658 2918 4729 διαταγὴ
2949 4659 3116 4731 αὕτη.
3161 4662 3411 4716 Ἐναντία
3443 4666 3626 4718 τοίνυν
3657 4669 3710 4719 ἐν

2136 4746 2312 4816 τούτῳ
2335 4746 2412 4814 τῷ
2447 4747 2730 4818 κεφαλαίῳ
2771 4750 2878 4803 τῶν
2908 4751 3002 4804 δύο
3055 4753 3295 4806 συνόδων
3349 4755 3706 4824 είσαγουσῶν,

2137 4839 2206 4892 τά
2240 4839 2339 4908 τῆς
2373 4838 2635 4910 δευτέρας
2662 4843 2860 4907 κρατεῖ
2898 4843 3146 4907 συνόδου,
3209 4845 3294 4898 ὅτι
3317 4863 3376 4899 τε
3416 4865 3711 4918 μεταγενεο

2138 4929 2305 5001 στέρα
2327 4932 2464 4994 ἐστὶ,
2487 4933 2580 4985 καὶ
2610 4932 2689 4985 ὃτι
2707 4935 3081 5006 οίκουμενικὴ,
3107 4937 3165 4989 ἐν
3186 4930 3222 5010 ᾖ
3249 4938 3466 5004 πάντως
3483 4943 3550 4995 ἐκ
3579 4943 3711 4995 πάν-

2137 5039 2248 5075 των
2282 5022 2393 5076 τῶν
2419 5024 2846 5094 πατριαρχικῶν
2878 5025 3087 5096 θρόνων
3129 5029 3369 5099 συνῆσαν
3402 5033 3434 5100 ἦ
3496 5035 3545 5085 οί
3609 5050 3710 5086 πα-

2137 5114 2396 5185 τριάρχαι
2431 5114 2606 5179 αὐτοὶ,
2636 5115 2669 5173 ἢ
2702 5120 3096 5188 τοποτηρηταί.
3121 5119 3243 5174 Ὀτι
3300 5123 3356 5174 δέ
3389 5124 3492 5177 οὐκ
3519 5126 3706 5196 ἐδέχθη

2136 5206 2166 5258 ό
2196 5205 2388 5276 παρὼν
2438 5206 2620 5260 κανὼν
2663 5208 2816 5278 παρὰ
2836 5211 3056 5262 πάντων
3076 5211 3186 5265 τῶν
3213 5213 3386 5281 ἁγίων
3404 5282 3408 5284 _
3427 5216 3705 5287 Πατέρων,

2136 5295 2392 5366 δηλοῦται
2421 5297 2516 5350 καὶ
2541 5299 2607 5350 ἐκ
2640 5298 2735 5352 τοῦ
2767 5298 3026 5370 δευτέρου
3065 5303 3292 5366 κανόνος
3345 5304 3446 5373 τῆς
3501 5307 3562 5358 ἐν
3633 5307 3710 5376 τῷ

2140 5388 2396 5459 Τρούλλῳ
2421 5390 2724 5458 γενομένης
2745 5390 2965 5443 συνόδου
2996 5390 3292 5464 λεγομένης
3320 5395 3506 5464 ἕκτης.
3547 5398 3710 5450 Ἀπα-

2136 5479 2398 5548 ρίθμησιν
2428 5477 2536 5548 γὰρ
2583 5481 2641 5532 ἐν
2680 5480 2826 5549 αὑτῷ
2894 5482 2944 5532 οἱ
2997 5482 3223 5536 συνόδου
3299 5486 3445 5551 ἅγιοι
3475 5486 3708 5555 [Ιατέρες

2140 5570 2356 5640 ἐκείνης
2395 5570 2713 5642 ποιούμενοι
2745 5573 2849 5624 τῶν
2870 5573 3196 5642 ὀφειλόντων
3241 5579 3464 5644 κρατεῖν
3549 5578 3706 5635 κανόο

2141 5677 2272 5726 νων,
2305 5659 2481 5714 ταῦτα
2517 5663 2646 5732 περὶ
2679 5661 2772 5714 τοῦ
2793 5665 3020 5726 κανόνος
3085 5665 3276 5716 τούτου
3342 5668 3582 5735 ῥήμασιν
3612 5666 3706 5720 αὑ·

2139 5754 2252 5814 τοῖς
2285 5752 2546 5819 διεξίασιν
2578 5770 2593 5786 ο
2627 5755 2710 5807 ἔτι
2752 5757 2861 5826 μὴν
2887 5756 3090 5810 καὶτὸν
3111 5758 3214 5810 ὑπὸ
3249 5757 3573 5829 Κυπριανοῦ
3613 5755 3705 5811 τοῦ
