3972 6488
285 449 421 510 Η’5

1413 449 1494 509 ΙΝ
1532 449 1702 510 CAN.
1748 449 1774 508 Ι
1818 449 2432 514 CONC.CAllTH.-\G.

3397 451 3531 517 Ῑῒοϐ

283 562 578 631 γενομένου
606 561 1039 633 ἁρχιεπισκόπου
1074 564 1173 633 τῆς
1233 566 1458 632 Ἀφρων
1505 563 1690 633 χώρας
1752 562 1849 616 καὶ

1973 579 2112 625 vero.
2143 563 2417 634 inquiunt,
2439 573 2490 619 et
2520 578 2548 619 a
2569 562 2861 635 Cypriano,
2894 565 2986 634 qui
3017 562 3274 620 Afrorum
3301 566 3536 635 regionis

285 656 591 726 μάρτυρος,
657 654 752 707 καὶ
783 655 886 723 τῆς
912 655 1034 708 κατ’
1057 656 1218 709 αύτδν
1245 657 1506 716 ’συνόδου,
1569 655 1859 708 ἐκτεθέντα

283 748 511 808 κανόνα,
546 745 608 808 ὃς
634 747 690 796 ἐν
725 747 842 808 τοίς
879 745 990 798 τῶν
1015 746 1296 816 προέδρων
1325 749 1516 810 τόποις
1545 749 1642 800 καὶ
1677 747 1858 817 μόνοις

286 836 432 890 κατὰ
467 838 530 890 τὸ
555 837 863 907 παραδοθὲν
892 837 1076 902 αὐτοῖς
1103 839 1224 903 ἔθος
1273 839 1596 909 ἐκράτησεν.
1645 838 1861 891 Ἕντεῦ-

283 931 380 982 θεν
409 929 503 982 οὖν
526 930 806 983 δείκνυται
835 929 916 982 ὅτι
945 931 1038 982 καὶ
1076 930 1319 999 ἀρχῆθεν
1366 932 1428 984 ού
1494 932 1649 1000 παρὰ
1693 933 1860 985 πᾶσιν

283 1016 356 1091 ἦν
377 1021 617 1092 ἐνεργῶν
643 1021 672 1074 ό
701 1020 904 1076 κανών.
927 1021 1115 1076 Ταῦτα
1149 1023 1248 1092 μὲν
1275 1022 1369 1076 οὖν
1395 1026 1462 1077 τὰ
1509 1024 1609 1094 τῆς
1644 1026 1861 1078 ἐπιστο-

286 1113 388 1183 λῆς
412 1129 426 1143 ο
463 1114 520 1165 al
573 1113 630 1166 δὲ
659 1116 718 1166 ἐν
755 1117 821 1184 τῇ
851 1118 1002 1186 κοινῇ
1025 1116 1313 1184 διασκέψει
1343 1116 1585 1171 δοθεῖσαι
1639 1118 1858 1188 γνῶμαι

288 1204 426 1274 παρ’
466 1203 698 1259 ἑκάστου
728 1205 840 1259 τῶν
893 1208 952 1260 ἐν
1015 1209 1082 1278 τῇ
1161 1209 1368 1279 συνόδῳ
1429 1209 1862 1280 συνειλεγμένων

286 1293 506 1362 ἐχουσιν
532 1293 678 1349 οὕτω
743 1297 865 1350 κατ’
913 1297 1210 1368 ἐπιτομήν.

736 1477 1077 1543 Κυπριανὸς
1104 1472 1295 1532 εἵπεν.

375 1565 698 1630 Ἠκούσατε,
734 1566 1011 1636 ἀγαπητοὶ⁵
1042 1570 1457 1635 συνεπίσκοποι,
1490 1571 1544 1626 τί
1574 1588 1664 1642 μοι
1690 1573 1862 1644 ἔγρα-

285 1656 390 1719 ψεν
439 1656 698 1720 Ἰοὸιανὸς
779 1659 809 1710 ὁ
863 1660 1262 1724 συνεπίσκοπος
1345 1663 1504 1732 ἡμῶν
1553 1665 1865 1736 συμϐουλὴν

295 1750 451 1818 παρὰ
481 1749 580 1819 τῆς
615 1751 971 1819 μετριότητός
1028 1768 1129 1820 μου
1159 1752 1481 1823 βουλόμενος
1516 1753 1702 1808 λαϐεῖν
1735 1755 1866 1825 περὶ

284 1841 382 1895 τοῦ
402 1843 630 1916 ,ἀνοσίου
657 1843 753 1898 καὶ
773 1845 978 1914 ἀνόμου
1010 1843 1388 1914 βαπτίσματος
1416 1846 1527 1898 τῶν
1547 1847 1860 1918 αίρετικῶν,

285 1933 385 1986 καὶ
412 1933 464 1986 τι
496 1933 610 2002 ἐγὼ
639 1934 790 2004 αὐτῷ
819 1936 1161 2006 ἀντέγραψα,
1192 1937 1565 2005 δογματίζων,
1634 1939 1663 1992 δ
1715 1939 1865 2003 ἅπαξ
1898 1919 1940 1976 Β

288 2027 384 2078 καὶ
409 2025 665 2096 δεύτερον
696 2026 790 2081 καὶ
824 2026 1085 2092 πολλάκις
1114 2028 1434 2098 ἐκρίναμεν.
1501 2029 1629 2093 τοὺς
1658 2032 1866 2100 αίρετι-

286 2119 420 2179 κοὺς
448 2119 576 2180 τοὺς
609 2119 1086 2189 προσερχομένους
1115 2123 1180 2188 τῇ
1201 2120 1500 2192 Ἐκκλησία
1524 2121 1864 2190 βαπτίσματι

285 2207 658 2272 βαπτίζεσθαι
691 2209 800 2263 δεῖν
831 2211 925 2264 καὶ
948 2210 1300 2277 άγιάζεσθαι.
1334 2211 1570 2265 Ἔπειτα
1621 2211 1680 2264 δὲ
1741 2213 1866 2266 άνε-

288 2299 512 2370 γνώσθη
539 2302 670 2371 ὑμῖν
691 2303 788 2354 καὶ
819 2302 958 2356 ἄλλα
987 2303 1295 2372 γράμματα
1367 2303 1650 2364 Ἰοόιανοῦ,
1683 2302 1756 2357 δι’
1790 2300 1866 2358 ὢν

287 2392 435 2447 κατὰ
465 2393 524 2446 τὸ
575 2392 740 2447 αὑτοῦ
763 2394 992 2456 εὐσεὸἐς
1044 2395 1404 2464 ἀντίγραμμα
1432 2394 1494 2446 οὑ
1542 2392 1704 2464 μόνον
1732 2396 1868 2464 ἡμῖν

289 2484 710 2552 συνευδόκησεν,
740 2484 878 2538 ἀλλά
910 2484 1004 2539 καὶ
1031 2489 1098 2555 τῇ
1131 2486 1433 2555 ἐπιγνώσει
1461 2487 1561 2556 τῆς
1603 2485 1868 2551 ἀληθείας

286 2581 451 2652 χάριν
475 2580 846 2651 ὡμολόγησεν.
883 2580 1211 2634 ’Υπόληιπον
1243 2582 1341 2636 οὖν
1391 2583 1524 2651 περὶ
1576 2583 1740 2635 αύτοῦ
1817 2582 1870 2635 τί

287 2668 528 2732 ἕκαστος
559 2671 720 2740 ἡμῶν
755 2674 948 2741 φρονεῖ
991 2672 1188 2736 είπείν,
1224 2673 1456 2742 μηδενὸς
1485 2673 1578 2740 ἀφ’
1622 2673 1656 2742 ὴ
1669 2673 1787 2741 μῶν
1811 2673 1869 2724 ἐν

288 2760 469 2830 τούτῳ
494 2761 845 2830 κρινομένου,
871 2762 1032 2832 μηδὲ,
1085 2765 1132 2814 εί
1178 2763 1400 2817 ἐναντία
1475 2765 1726 2834 φρονοίη,
1775 2765 1871 2817 καὶ

287 2854 659 2922 ἀκοινωνήτου
716 2854 1031 2924 γινομένου.
1084 2854 1224 2908 Οῦτε
1275 2855 1387 2922 γάρ
1435 2873 1522 2920 τις
1573 2858 1870 2910 ἐπίσκοπον

286 2944 486 2996 ἑαυτὸν
536 2946 884 3012 καθίστησιν,
945 2947 1066 3001 οὐδὲ
1123 2951 1425 3020 τυραννικῇ
1475 2949 1736 3018 αὐθαδείᾳ
1791 2949 1872 3012 είς

286 3035 538 3104 ἀνάγκην
587 3036 682 3088 τοῦ
738 3036 971 3090 ἕπεσθαι
1037 3037 1189 3106 αύτῷ
1247 3039 1376 3102 τοὺς
1433 3039 1870 3102 συνεπισκόπους

289 3127 562 3197 ιιιάζεται,
594 3127 754 3180 ὁπότε
779 3125 859 3192 εἷς
877 3130 1110 3192 ἕκαστος
1150 3129 1448 3193 ἐπίσκοπος
1481 3129 1730 3194 ἐξουσίαν
1753 3129 1870 3198 ἔχει

287 3217 556 3286 πράττειν
581 3217 905 3289 ἐλευθερίως
937 3219 974 3275 ἃ
1003 3222 1212 3291 φρονεῖ.
1257 3220 1346 3283 Ὠς
1373 3220 1484 3290 γάρ
1513 3220 1675 3282 αὐτὸς
1709 3220 1872 3274 άλλον

289 3311 481 3378 κρῖναι
517 3309 578 3362 ού
611 3309 860 3376 δύναται,
899 3309 1076 3375 οὕτως
1113 3311 1235 3364 ούδέ
1301 3312 1410 3364 ὑπὸ
1456 3311 1621 3365 ἄλλου
1682 3311 1873 3381 κριθῆ-

286 3419 400 3456 ναι.
436 3402 813 3472 Περιμὲνομεν
842 3403 949 3473 γὰρ
979 3404 1180 3468 πάντες
1208 3404 1308 3474 τὴν
1333 3405 1428 3459 τοῦ
1472 3404 1679 3474 Κυρίου
1714 3404 1872 3474 ήμῶν

301 3493 481 3560 Ἰησοῦ
534 3491 774 3563 Χριστοῦ
857 3494 1062 3565 κρίσιν,
1113 3495 1174 3559 ὃς
1234 3495 1394 3565 μόνος
1449 3492 1702 3559 ἐξουσίαν
1757 3493 1872 3563 ἔχει

289 3581 593 3636 ἐπίσκοπον
632 3583 897 3654 καθιστᾷν
945 3585 1002 3636 ἐν
1066 3586 1133 3654 τῇ
1195 3583 1365 3639 αὑτοῦ
1435 3582 1738 3653 Ἐκκλησία
1777 3583 1872 3634 καὶ

287 3673 412 3736 ἐνὸς
473 3674 708 3729 ἑκάστου
757 3674 857 3747 τὴν
904 3675 1106 3747 πρᾶξιν
1167 3674 1445 3743 ἐξετάζειν
1504 3675 1598 3729 καὶ
1639 3673 1870 3742 δοκιμάο

287 3765 426 3830 ζειν.

598 3860 950 3926 {familliae
975 3859 1320 3928 Λιϐεράριος
1341 3855 1512 3914 εἶπεν

369 3953 468 4006 ’Ἑν
510 3952 797 4023 βάπτισμα
827 3955 886 4006 ἐν
937 3954 1074 4023 μόνῃ
1100 3956 1167 4025 τῇ
1212 3954 1512 4024 Ἐκκλησία
1564 3951 1705 4017 οῖδα.
1775 3956 1869 4008 καὶ

285 4047 449 4112 ἐκτὸς
474 4046 576 4117 τῆς
611 4047 947 4116 Ἐκκλησίας
1011 4049 1272 4119 οὐδαμοῦ.
1306 4050 1476 4102 Ἐνθα
1509 4050 1618 4119 γάρ
1645 4051 1759 4102 ἐστι
1807 4049 1868 4102 τὸ

286 4139 350 4192 ἐν
379 4140 688 4209 βάπτισμα,
728 4140 899 4205 ὅντως
927 4143 1022 4194 καὶ
1049 4141 1206 4206 ἐλπὶς
1249 4141 1510 4211 ἀληθείας
1571 4142 1710 4206 ἐστὶ,
1771 4141 1866 4195 καὶ

287 4227 495 4288 πίστις.
564 4225 722 4280 Οὕτω
774 4228 885 4300 γὰρ
939 4228 1274 4304 γέγραπται,
1335 4230 1457 4286 Mla
1522 4234 1748 4297 πίστις.
1795 4231 1865 4284 ἓν

279 4318 626 4389 βάπτισμα.
657 4321 730 4374 Ού
771 4321 880 4389 γάρ
920 4323 1034 4383 τοῖς
1066 4322 1389 4391 αίρετικοίς,
1453 4323 1587 4392 παρ’
1626 4319 1709 4386 οἷς
1761 4325 1868 4376 ού-

283 4409 452 4479 δεμία
484 4411 667 4474 πίστις
697 4411 794 4465 καὶ
824 4411 1006 4476 ἐλπὶς,
1041 4413 1177 4466 ὅπου
1234 4412 1412 4466 πάντα
1478 4414 1678 4483 ψευδῆ,
1729 4416 1864 4470 ὅπου

284 4503 561 4572 ἐξορκίζει
599 4501 1073 4575 δαιμονιζόμενος,
1147 4507 1449 4575 μυστήριον
1493 4508 1696 4578 ἐρωτᾷ,
1721 4502 1784 4562 οὗ
1806 4508 1867 4561 τὸ

1969 657 2069 710 fuit
2105 656 2554 727 archiepiscOpus
2591 667 2644 711 et
2684 667 2913 727 martyr,
2965 667 3019 713 et
3053 674 3082 712 a
3118 659 3365 728 synodo,
3415 676 3538 728 qu:e

1967 748 2069 802 sub
2126 763 2191 802 eo
2256 748 2382 812 fuit,
2427 751 2634 804 editum
2702 767 2995 815 canouem,
3045 753 3137 822 qui
3204 752 3259 805 i‘n
3317 752 3536 807 illorum

1966 839 2260 907 przesulum
2294 840 2432 895 locis
2468 843 2844 897 tantummodo
2869 843 3025 913 juxta
3061 842 3316 897 traditam
3362 843 3429 896 ab
3456 843 3537 897 eis

1967 932 2422 987 consuetudinem
2473 943 2720 989 servatus
2765 945 2868 989 est.
2913 933 2987 987 Ex
3035 934 3138 988 hoc
3189 933 3308 987 loco
3349 932 3536 1002 igitur,

1969 1025 2160 1095 primis
2198 1040 2417 1094 quoque
2456 1025 2796 1096 temporibus
2831 1041 3093 1082 canonem
3141 1025 3285 1078 hunc
3327 1039 3537 1094 nequa-

1967 1131 2130 1186 quam
2160 1117 2302 1187 apud
2327 1131 2519 1172 omnes
2546 1117 2807 1180 valuisse,
2835 1117 2993 1172 facile
3019 1124 3270 1186 apparet.
3311 1115 3409 1169 llic
3434 1115 3538 1183 igi-

1967 1214 2060 1260 tur
2111 1216 2197 1262 est
2230 1216 2412 1262 textus
2449 1208 2697 1277 epistola:
2740 1225 2754 1262 :
2792 1224 2913 1278 quae
2958 1223 3086 1262 vero
3143 1209 3196 1261 iu
3260 1206 3537 1262 communi

1968 1296 2367 1364 disceptatione
2406 1298 2550 1353 dicta
2583 1308 2707 1354 sunt
2742 1315 2771 1352 a
2809 1297 3060 1368 singulis,
3093 1299 3199 1368 qui-
3240 1299 3294 1352 in
3331 1297 3540 1368 synodo

1969 1399 2361 1454 convenerant,
2393 1390 2464 1442 ita
2506 1406 2565 1445 se
2600 1392 2824 1445 habent.

2504 1481 2804 1553 Cyprianus
2835 1484 2996 1536 dixit:

2041 1568 2306 1634 Audistis,
2340 1568 2680 1624 dilectissimi
2720 1569 3029 1639 coepiscopi
3055 1610 3070 1634 ,
3112 1570 3243 1638 quid
3286 1570 3415 1623 mihi
3449 1569 3541 1622 Jo-

1971 1661 2168 1715 vianus
2232 1660 2590 1728 coepiscopus
2627 1670 2836 1724 noster,
2868 1660 3245 1716 deillicito-et
3309 1661 3536 1729 profano

1973 1753 2350 1807 lmretieorutn
2385 1753 3106 1822 baptismomediocritatem
3139 1762 3382 1806 nostram
3409 1767 3541 1805 con-

1973 1843 2195 1909 sulens,
2251 1843 2556 1912 scripserit.
2615 1856 2670 1897 et
2708 1845 2838 1914 quid
2885 1860 2985 1914 ego
3034 1846 3084 1900 ei
3139 1845 3540 1914 rescripserit",

1966 1949 2198 1989 censens
2228 1935 2479 1996 scilicet,
2507 1936 2650 2003 quod
2673 1936 2840 1990 semel
2880 1944 3046 2004 atque
3076 1937 3272 1990 iterum
3309 1944 3362 1990 et
3400 1953 3545 2004 s:cpe

1967 2028 2310 2088 censuimus.
2339 2029 2629 2085 haereticos
2679 2030 2744 2084 ad
2791 2029 3094 2083 Ecclesiam
3139 2029 3420 2082 venientes
3449 2029 3545 2081 ba-

1966 2117 2166 2185 ptismo
2193 2118 2492 2187 (Ecclesiae)
2529 2120 2789 2188 baptizari
2814 2131 2866 2172 et
2901 2120 3234 2175 sanctificari
3265 2129 3540 2189 oportere.

1967 2209 2098 2264 Item
2130 2210 2280 2263 lectu:
2309 2219 2438 2264 sunt
2463 2209 2618 2264 vobis
2633 2220 2688 2264 et
2710 2211 2830 2264 alite
2852 2212 3048 2266 litterae.
3068 2209 3307 2277 Joviani,
3344 2211 3545 2280 quibus

1970 2319 2068 2372 pro
2119 2319 2216 2359 sua
2253 2305 2466 2359 sincera
2503 2313 2556 2358 et
2605 2303 2858 2375 religiosa
2904 2304 3188 2359 devotione
3233 2305 3298 2357 ad
3343 2305 3546 2372 episto-

1970 2395 2077 2449 lam
2122 2403 2362 2448 nostram
2419 2394 2762 2456 rescribens,
2807 2409 2916 2447 non
2965 2403 3173 2448 tantum
3215 2393 3373 2447 nobis
3414 2408 3548 2446 con-

1971 2487 2165 2552 sensit,
2213 2487 2309 2542 sed
2348 2488 2511 2541 etiam
2547 2487 2775 2542 veritate
2815 2488 3144 2542 instructum
3178 2502 3238 2539 se
3269 2501 3394 2540 esse
3423 2499 3551 2555 gra-

1973 2577 2076 2634 tias
2128 2579 2260 2649 egit.
2309 2578 2571 2648 Superest
2624 2579 2693 2633 de
2724 2580 2825 2633 hac
2869 2580 2982 2647 ipsa
3030 2594 3110 2640 re,
3156 2577 3285 2647 quid
3345 2577 3543 2646 singuli

1971 2673 2294 2736 sentiamus,
2351 2672 2618 2743 proferre,
2667 2672 2943 2725 neminem
2988 2670 3316 2739 judicantos,
3369 2679 3463 2724 aut
3514 2685 3543 2723 a

1965 2762 2089 2832 jure
2114 2763 2537 2826 communionis,
2561 2765 2605 2819 si
2622 2764 2899 2818 diversum
2920 2763 3174 2825 senserit,
3201 2769 3537 2818 amoventes.

1971 2851 2160 2923 Neque
2217 2854 2364 2908 enim
2423 2854 2713 2924 quisquam
2757 2853 3073 2923 episcopum
3125 2868 3184 2906 se
3235 2852 3547 2915 constituit,

1972 2953 2067 2997 aut
2099 2946 2394 3015 tyrannico
2433 2955 2640 3000 terrore
2677 2946 2744 3000 ad
2785 2946 3120 3015 obsequendi
3163 2941 3543 2999 necessitatem

1972 3038 2327 3108 coepiscopos
2379 3054 2511 3095 suos
2581 3041 2796 3110 adigit,
2858 3038 3293 3109 quandoquidem
3369 3038 3551 3092 omnis

1972 3128 2258 3198 episcOpus
2307 3139 2630 3200 potestatem
2687 3132 2849 3186 habet
2911 3131 3077 3186 libere
3145 3129 3376 3184 faciendi
3431 3144 3552 3200 quae

1976 3219 2165 3275 sentit.
2236 3219 2307 3276 Ut
2344 3222 2459 3292 ipse
2495 3223 2639 3276 enim
2687 3223 2852 3277 alium
2882 3221 3134 3288 judicare
3185 3238 3291 3276 non
3350 3233 3547 3290 potest,

1983 3314 2060 3368 sic
2103 3329 2204 3369 uec
2256 3315 2322 3369 ab
2366 3315 2472 3369 alio
2522 3315 2780 3384 iudicari.
2831 3316 2966 3369 Nam
3029 3331 3220 3369 omnes
3271 3325 3553 3382 exspecta-

1976 3423 2099 3460 mus
2140 3407 2407 3476 judicium
2471 3405 2687 3460 Domini
2737 3408 2907 3462 nostri
2958 3406 3087 3461 Jesu
3147 3407 3397 3470 Christi,
3455 3410 3548 3475 qui

1974 3499 2126 3554 solus
2185 3507 2508 3566 potestatem
2550 3498 2714 3553 habet
2742 3498 2794 3551 in
2825 3498 3064 3553 Ecclesia
3097 3513 3195 3552 sua
3229 3500 3545 3568 episcopum

1973 3592 2373 3658 constituendi,
2401 3601 2456 3646 et
2484 3599 2604 3646 acta
2633 3591 3070 3663 uniuscujusque
3115 3591 3465 3647 examinandi
3495 3599 3550 3647 et

1968 3683 2270 3751 iudicandi.

2371 3865 2612 3920 Ccecilius
2634 3864 2936 3919 Liberarius
2965 3864 3122 3918 diait.

2047 3956 2157 4026 Ego
2205 3971 2373 4010 unum
2436 3959 2709 4028 baptisma
2757 3959 2809 4011 in
2857 3958 3104 4014 Ecclesia
3140 3958 3256 4013 sola
3297 3957 3452 4021 scio,
3493 3965 3549 4012 et

1968 4059 2118 4100 extra
2172 4045 2472 4100 Ecclesiam
2523 4045 2734 4099 nullibi.
2773 4044 2848 4098 lbi
2891 4048 3037 4099 enim
3093 4053 3177 4098 est
3222 4058 3390 4098 unum
3438 4042 3548 4097 ba-

1971 4137 2192 4207 ptisma,
2258 4135 2349 4190 ubi
2399 4151 2524 4205 spes
2577 4151 2700 4189 vera
2759 4143 2814 4189 et
2858 4135 2991 4189 fides
3031 4143 3202 4189 certa.
3263 4134 3353 4189 Sic
3400 4133 3546 4187 enim

1969 4230 2230 4297 scriptum
2250 4238 2366 4282 est:
2392 4226 2683 4296 Unajﬁdes,
2703 4243 2867 4279 unum
2892 4227 3153 4295 baptisma
3171 4227 3238 4280 ".
3259 4224 3376 4279 Non
3401 4226 3546 4280 enim

1969 4322 2114 4391 apud
2147 4321 2456 4384 hereticos,
2507 4320 2596 4373 ubi
2630 4334 2757 4388 spes
2790 4319 2940 4373 nulla
2971 4327 3074 4383 est,
3112 4326 3168 4372 et
3204 4319 3336 4374 fides
3378 4318 3544 4378 falsa:

1968 4413 2062 4470 ubi
2110 4413 2294 4467 omnia
2344 4427 2437 4482 per
2478 4411 2822 4466 mendacium
2873 4417 3114 4478 aguntur
3144 4450 3159 4474 ,
3204 4410 3293 4464 ubi
3335 4411 3551 4464 exorci-

1970 4515 2056 4562 zat
2082 4507 2472 4568 daemoniacus.
2505 4512 2908 4561 sacramentum
2943 4503 3260 4572 interrogat.
3301 4504 3456 4569 cujus
3483 4519 3546 4559 os

287 4595 468 4663 στόμα
500 4593 742 4664 λοιμώδη
775 4597 869 4648 καὶ
893 4593 1022 4664 ίώδη
1055 4594 1353 4663 φθέγγεται
1390 4611 1404 4626 ’
1436 4596 1621 4650 πίστιν
1678 4597 1734 4651 δὲ
1788 4598 1866 4650 δί·

1973 4597 2283 4668 pestilentia
2313 4605 2368 4651 et
2404 4609 2680 4650 venenosa
2727 4600 2939 4648 eructat
2971 4611 2984 4646 :
3050 4593 3207 4648 fidem
3239 4601 3420 4646 autem
3456 4594 3550 4646 dat

284 4687 450 4739 δωσιν
476 4687 726 4749 ἄπιστος,
751 4686 945 4754 ἄφεσιν
992 4687 1278 4756 ἁμαρτιῶν
1315 4691 1547 4758 παρέχει
1598 4690 1866 4761 ἁμαρτω-

284 4775 399 4841 λὸς,
423 4776 517 4829 καὶ
550 4778 631 4836 είς
670 4776 842 4846 ὄνομα
869 4778 1108 4846 Χριστοῦ
1141 4778 1431 4848 βασπτίζει
1493 4780 1862 4852 ἀντίχριστος,

285 4868 634 4937 ὑπισχνεῖται
657 4869 804 4940 ζωὴν
827 4871 1042 4942 νεκρὸς,
1083 4873 1310 4942 εἰρήνην
1360 4873 1581 4928 δίδωσιν
1631 4875 1861 4945 είρήνης

286 4957 594 5027 ἀλλότριος,
626 4959 761 5014 Θεὸν
807 4961 1144 5016 ἐπικαλεῖται
1200 4961 1552 5035 βλάσφημος,
1614 4965 1861 5036 ίερατεία

287 5048 561 5119 κέχρηται
584 5051 810 5122 ἀσεϐής.
840 5052 904 5105 Οί
935 5053 1119 5113 αὐτοῖς
1171 5055 1597 5126 συνηγοροῦντες
1622 5056 1865 5110 εἰπάτω-

289 5159 390 5194 σαν
411 5145 586 5196 ταῦτα
627 5144 807 5199 πάντα
842 5143 1016 5215 ψευδῆ
1032 5141 1174 5202 εἶναι
1206 5149 1339 5217 περὶ
1405 5149 1514 5202 τῶν
1541 5149 1860 5221 αἱρετικῶν.

301 5233 438 5286 Ἰδοὺ
467 5234 612 5288 τίσιν
641 5236 1013 5305 ἀναγκάζεται
1039 5243 1073 5312 ἡ
1139 5239 1441 5308 Ἐκκλησία
1493 5241 1859 5306 συνευδοκεῖν,

288 5324 379 5374 ἵνα
431 5326 599 5394 χωρὶς
655 5326 1036 5397 βαπτίσματος
1092 5333 1188 5387 καὶ
1257 5333 1509 5400 ἀφέσεως
1577 5330 1866 5403 ἁμαρτιῶν

287 5415 553 5481 τοιούτοις
584 5421 1021 5494 συγκοινωνήση.
1077 5424 1262 5488 Ὅθεν,
1326 5423 1570 5494 ἀδελφοὶ,
1641 5423 1868 5495 φεύγειν

293 5509 390 5559 καὶ
442 5510 717 5565 ἐκκλίνειν
744 5512 1056 5585 ὀφείλομεν,
1087 5517 1180 5570 καὶ
1201 5518 1462 5587 χωρίζειν
1484 5517 1715 5581 ἑαυτοὺς
1757 5517 1868 5571 ἀπὸ

287 5599 554 5654 τοιούτων
613 5601 1129 5675 πλημμελημάτων,
1157 5609 1250 5660 καὶ
1278 5606 1337 5660 ἓν
1396 5606 1682 5677 βάπτισμα
1708 5607 1869 5662 κατέ-

290 5707 410 5765 χειν
439 5690 505 5744 τὸ
561 5693 725 5762 μόνον
751 5696 808 5748 ἐν
839 5698 908 5768 τῇ
951 5696 1250 5770 Ἐκκλησία
1299 5698 1394 5754 τοῦ
1419 5699 1579 5772 ίΘεοῦ
1625 5699 1866 5771 δεδωρη-

294 5783 483 5852 μένον.

409 5950 456 5983 ⁸⁷
487 5953 852 6042 ευμεεεένοε

1975 4689 2232 4754 infidelis,
2273 4689 2487 4744 veniam
2513 4687 2838 4742 delictorum
2881 4686 3074 4740 tribuit
3106 4687 3427 4750 sceleratus,
3493 4696 3549 4740 et

1975 4781 2028 4835 in
2053 4781 2278 4836 nomine
2301 4780 2505 4835 Christi
2533 4779 2776 4849 baptizat
2805 4778 3200 4840 Antichristus,
3239 4771 3405 4832 vitam
3433 4779 3552 4847 pol-

1973 4874 2170 4928 licetur
2194 4881 2463 4938 mortuus,
2489 4885 2677 4941 pacem
2698 4871 2788 4924 dat
2818 4869 3180 4939 impacilieus,
3201 4871 3369 4926 Deum
3399 4873 3553 4926 invo-

1971 4976 2059 5022 cat
2087 4967 2462 5037 blasphemus,
2480 4963 2849 5020 sacerdotium
2885 4963 3232 5019 administrat
3263 4965 3550 5035 profanus.

1971 5059 2187 5124 Dicant,
2203 5059 2293 5129 qui
2314 5058 2421 5113 illis
2437 5055 2824 5127 astipulantur,
2859 5055 2973 5110 haec
2992 5057 3173 5111 omnia
3191 5057 3321 5113 falsa
3343 5073 3465 5112 esse.
3485 5058 3552 5113 de

1972 5152 2262 5207 haereticis.
2279 5151 2416 5206 Ecce
2435 5150 2634 5220 quibus
2651 5148 2887 5203 Ecclesia
2908 5149 3217 5204 consentire
3233 5150 3466 5219 cogitur,
3491 5159 3553 5204 ut

1969 5246 2089 5302 sine
2108 5247 2378 5315 baptismo
2409 5258 2472 5298 ae
2485 5243 2640 5298 venia
2672 5242 2993 5296 delictorum
3019 5259 3144 5297 cum
3180 5243 3382 5298 talibus
3403 5257 3551 5296 com-

1973 5340 2234 5394 municet.
2256 5338 2432 5403 Quam
2456 5350 2593 5399 rem,
2624 5332 2844 5399 fratres,
2879 5335 3065 5404 fugere
3082 5351 3148 5390 ac
3173 5335 3345 5390 vitare
3380 5335 3547 5390 debe-

1972 5436 2118 5492 mus‘,
2143 5437 2195 5480 ct
2221 5442 2252 5482 a
2283 5435 2433 5482 tanto
2468 5425 2678 5480 scelere
2709 5439 2808 5478 nos
2832 5440 3108 5495 separare,
3163 5433 3218 5480 et
3254 5439 3419 5478 ntuum
3455 5424 3549 5476 ba-

1971 5521 2169 5592 ptisma
2217 5528 2419 5587 tenere,
2451 5516 2598 5588 quod
2634 5515 2814 5574 solum
2865 5517 3124 5575 Ecclesiae
3172 5514 3270 5572 Dei
3319 5529 3547 5570 conces-

1978 5629 2096 5670 sum
2128 5619 2233 5669 est.
