3972 6488
335 404 475 493 1109

1459 429 1533 490 IN
1565 428 1732 489 CAN.
1780 423 2042 486 ICONC.
2089 428 2474 494 CARTIIAG.

3433 416 3575 491 tuo

326 546 675 616 ὑπηρετῆσαι
706 545 893 616 χάριτι
925 542 1064 598 Θεοῦ
1095 544 1190 598 καὶ
1221 544 1476 615 σωτηρίῳ
1511 542 1854 613 βαπτίσματι
1880 553 1893 569 ·

2035 544 2224 600 alutari
2262 547 2537 616 baptismo
2577 544 2881 602 inserviant
2911 547 3024 603 εδει
3066 545 3186 604 ideo
3215 560 3415 605 censeo
3455 565 3573 611 eos.

325 638 421 689 xui.
457 637 545 691 διὰ
571 638 730 691 τοῦτο
763 640 934 708 κρίνω
989 631 1115 700 τοὺς
1170 635 1238 706 τῇ
1305 632 1605 706 Ἐκκλησία
1674 633 1905 704 προσελ-

324 729 523 795 θόντας
551 727 920 800 βαπτισθῆναι
958 730 1090 799 παρ’
1115 724 1294 799 ἡμῶν.

664 813 856 890 «prima
881 823 999 876 ἀπὸ
1028 821 1314 890 Γαμετῶν
1338 815 1529 874 εἶπεν.

405 915 495 978 Ὠς
530 912 724 979 τυφλδς
761 914 961 982 τυφλὸν
987 913 1196 981 ὁδηγῶν
1229 913 1343 982 ἅμα
1373 912 1452 974 είς
1484 910 1674 982 βόθρον
1701 910 1907 981 ἐμπίπ-

322 1023 530 1072 τουσιν,
551 1005 726 1067 οὕτως
744 1006 1014 1075 αἰρετικὸς
1033 1001 1307 1074 αἱρετικὸν
1334 1003 1608 1072 βαπτίζων
1619 1002 1694 1073 τῷ
1714 1004 1906 1073 βαπτιι

323 1098 539 1167 ζομένῳ
573 1097 1025 1168 συναποθνήσκει.
1053 1097 1159 1149 Καὶ
1196 1095 1283 1149 διὰ
1312 1092 1474 1149 τοῦτο
1498 1096 1628 1164 παρ’
1655 1095 1787 1164 ἡμῖν
1815 1096 1906 1148 τὸν

324 1188 605 1257 αἱρετικὸν
647 1185 1016 1258 βαπτισθῆναι
1052 1189 1150 1253 δεῖ,
1196 1187 1281 1241 ἵνα
1317 1188 1392 1259 μὴ
1437 1190 1602 1260 ἡμεῖς
1632 1191 1680 1242 ot
1705 1188 1907 1253 ζῶντες

330 1283 548 1350 νεκροῖς
581 1282 810 1349 κοινωνὴ
821 1291 896 1332 σω
905 1293 1021 1349 μεν.

433 1371 790 1437 Σουκέντιος
811 1372 931 1426 ἀπὸ
979 1371 1565 1442 Ἀϐιρτεμανικιανῆς
1582 1367 1773 1428 εἶπεν.

395 1460 705 1532 Αίρετικοῖς
731 1463 762 1533 ἢ
797 1459 950 1518 οὐδὲν
980 1459 1215 1530 ἔξεστιν,
1257 1468 1289 1535 ἧ
1334 1468 1534 1520 πάντα.
1558 1465 1621 1520 Et
1651 1459 1904 1520 δύνανται

329 1553 611 1622 βαπτίσφ,
678 1555 935 1610 δύνανται
994 1560 1087 1611 καὶ
1164 1559 1391 1628 Πνεῦμα
1452 1559 1608 1628 ἅγιον
1699 1557 1904 1613 δοῦναι.

340 1645 496 1699 Ἐπει
516 1645 573 1700 δε
607 1645 682 1716 μὴ
704 1645 942 1717 ἔχουσιν,
979 1647 1099 1701 οὐδὲ
1125 1647 1511 1719 πνευματικῶς
1531 1631 1868 1719 ’βαπτίζουσι
1891 1665 1903 1679 ·

328 1735 425 1787 καὶ
454 1735 543 1789 διὰ
583 1735 744 1790 τοῦτο
768 1737 939 1805 κρίνω
969 1733 1086 1792 δεῖν
1157 1739 1285 1803 τοὺς
1342 1741 1655 1810 αίρετικοῦς
1712 1739 1906 1812 βαπτί-

323 1823 535 1886 ζεσθαι.

503 1918 920 1985 Φορτουνάτος
952 1917 1070 1976 ἀπὸ
1094 1917 1452 1992 Θουκγασῶρ
1478 1921 1649 1978 εἶπεν
1671 1941 1685 1955 ⁸

394 2008 458 2061 Oi
484 2007 588 2074 ἔξω
619 2010 721 2079 τῆς
759 2009 1084 2084 Ἐκκλησίας
1107 2014 1260 2078 ὄντες
1289 2013 1523 2070 ἐναντίοι
1551 2017 1627 2086 τῷ
1657 2018 1897 2088 Χριστῷ,

321 2097 398 2163 ὣς
431 2101 501 2153 τὰ
533 2102 785 2171 πρόϐατα
827 2100 918 2158 καὶ
949 2106 1053 2177 τὴν
1090 2107 1292 2176 ἀγέλην
1348 2101 1516 2162 αὐτοῦ
1575 2109 1900 2180 σκορπίζον-

323 2206 437 2258 τες,
470 2190 754 2262 βαπτίζειν
787 2193 892 2261 ἔξω
929 2197 990 2250 οὐ
1030 2189 1312 2254 δύνανται.

674 2288 940 2356 Θήὸιττος
974 2291 1097 2345 ἀπὸ
1124 2286 1401 2361 Θουρϐῶν
1428 2282 1580 2350 εἷπε.

395 2373 555 2447 Πάσῃ
593 2376 824 2446 δυνάμει
860 2380 1194 2446 ἀγωνιστέον
1226 2383 1314 2436 ἵνα
1341 2386 1419 2453 μὴ
1449 2386 1476 2438 ό
1507 2384 1606 2456 τὴν
1658 2386 1768 2440 τῶν
1819 2388 1904 2446 αι-

330 2470 566 2535 ρετικῶν
597 2470 808 2543 πλάνην
858 2473 1024 2538 ’ἀφεὶς
1081 2474 1140 2528 τὸ
1214 2475 1377 2546 μόνον
1401 2480 1500 2549 τῆς
1569 2478 1904 2552 Ἐκκλησίας

332 2558 618 2630 βάπτισμα
659 2563 894 2636 διστάσῃ
935 2566 1143 2631 λαϐεῖν,
1234 2557 1278 2636 ᾧ
1317 2588 1401 2633 τις
1458 2573 1536 2642 μὴ
1584 2571 1905 2642 βαπτισθεὶς

324 2647 708 2721 ἀλλοτριοῦται
747 2658 847 2726 τῆς
877 2657 986 2711 τῶν
1016 2657 1261 2729 οὐρανῶν
1292 2661 1594 2732 βασιλείας.

532 2744 937 2815 "paeanas-oo
977 2751 1094 2805 ἀπὸ
1136 2754 1424 2822 Σονφετιης
1441 2751 1631 2813 εἶπεν.

401 2834 465 2886 El
499 2837 606 2888 ἀπδ
635 2838 771 2892 Θεοῦ
872 2842 1086 2911 αἵρεσίς
1119 2845 1291 2908 ἐστιν,
1339 2845 1452 2911 ἕξει
1489 2849 1768 2920 οιίρετικὸς
1809 2853 1905 2905 καὶ

329 2925 542 2993 δωρεὰν
576 2929 742 2983 Θεοῦ·
778 2935 826 2984 εἰ
852 2933 908 2986 δὲ
940 2935 1014 3004 μή
1057 2936 1205 2988 ἐστιν
1234 2938 1342 2991 ἀπὸ
1389 2937 1548 3004 Θεοῦ,
1597 2941 1712 3004 πῶς
1743 2942 1904 2996 δύνα-

329 3035 417 3070 ται
447 3020 607 3086 αὐτὸς
650 3023 909 3096 ἔχειντὴν
943 3027 1103 3098 χάριν
1149 3031 1243 3082 τοῦ
1294 3031 1430 3085 Θεοῦ
1489 3034 1581 3086 καὶ
1625 3033 1769 3102 ἄλλῳ
1829 3036 1906 3087 δι-

327 3107 475 3165 δόναι
506 3129 520 3178 ;
1027 3115 1032 3118 ’

646 3209 998 3276 Μονούαλος
1025 3212 1142 3265 ἀπὸ
1167 3213 1394 3282 Γέρϐης
1424 3212 1577 3272 εἶπε.

396 3291 505 3348 Τοῦ
531 3289 739 3369 Κυρίου
773 3287 1022 3369 λέᾖοντος
1042 3322 1056 3336 ·
1077 3307 1424 3362 Βαπτίσατέ
1457 3309 1653 3366 πάντα
1669 3311 1741 3364 τὰ
1761 3310 1906 3382 ἔθνη

326 3391 414 3452 εἷς
444 3389 508 3440 τὸ
535 3390 719 3459 ὄνομα
746 3394 851 3447 τοῦ
876 3398 1127 3464 Πατρός,
1162 3399 1261 3453 καί
1301 3401 1408 3455 τοῦ
1453 3401 1608 3469 Υἱοῦ,
1647 3405 1746 3458 καὶ
1803 3401 1908 3460 τοῦ

326 3479 502 3546 ἁγίου
547 3486 910 3552 Πνεύματος,
942 3489 1165 3556 οἴδαμεν
1195 3493 1383 3560 σαφῶς
1413 3493 1540 3556 τοὺς
1599 3495 1910 3566 αίρετικοῦς

335 3572 411 3640 μὴ
441 3574 661 3644 Πατέρα
689 3576 835 3646 ἔχειν
873 3580 1009 3652 μήτε
1041 3581 1169 3636 Υίὸν
1244 3585 1380 3654 μήτε
1443 3585 1666 3659 Πνεῦμα
1728 3589 1904 3658 ἅγιον.

331 3663 423 3714 Δεῖ
453 3663 547 3716 οῦν
581 3665 913 3738 ἐρχομένους
949 3673 1030 3735 εἰς
1065 3673 1164 3744 τὴν
1209 3676 1536 3748 Ἐκκλησίαν
1599 3680 1904 3751 βαπτίζειν,

329 3753 419 3807 ἵνα
437 3756 870 3829 ἀναγεννηθῶσι.

607 3854 965 3923 Πολιτιανὸς
1012 3858 1134 3913 dmi
1159 3860 1390 3929 Μίλεως
1427 3859 1616 3920 εἶπεν.

411 3937 600 4011 Ὀρθόν
645 3945 760 3998 ἐστι
797 3948 890 4000 τὸν
943 3950 1053 4003 ἀπὸ
1085 3951 1353 4020 αίρέσεως
1405 3953 1703 4027 ἐρχόμενον
1735 3958 1792 4011 ἐν
1837 3962 1902 4030 τῇ

343 4027 645 4104 Ἐκκλησία
688 4037 1075 4106 βαπτίζεσθαι.

477 4123 718 4193 Θέογνις
750 4129 871 4184 ἀπὸ
913 4130 1206 4200 Ἰππῶνος
1272 4135 1515 4205 Ῥηγίου
1541 4134 1730 4192 εἶπεν.

417 4213 760 4284 ’Δκολοῦθως
776 4221 854 4294 τῷ
884 4225 1170 4297 μυστηρίῳ
1199 4227 1291 4280 τοῦ
1317 4229 1452 4282 Θεοῦ
1487 4231 1583 4284 καὶ
1607 4232 1706 4301 τῆς
1737 4236 1904 4303 οὐρα-

331 4303 446 4356 νίου
471 4306 716 4377 χάριτος,
742 4311 811 4381 ἣν
850 4313 1508 4389 εἰλήφαμεν,βάπτισμα,
1565 4321 1592 4373 ὃ
1651 4325 1800 4378 ἐστιν
1845 4329 1902 4378 ὲν

329 4399 397 4468 τῇ
421 4397 556 4471 ἁγίᾳ
589 4401 912 4477 Ἐκκλησία,
935 4407 1180 4475 οἴδαμεν.

683 4496 956 4561 Διαίους
985 4499 1019 4553 ὀ
1048 4500 1276 4568 Σεάδης
1305 4497 1498 4557 εἴπεν.

416 4577 629 4649 Ἡμεῖς,
650 4584 679 4636 ὃ
705 4585 791 4653 ἐφ’
818 4589 952 4658 ἡμῖν
984 4591 1155 4654 ἐστιν,
1209 4592 1514 4662 αἱρετικοῖς
1581 4598 1642 4649 οὐ
1711 4616 1903 4655 κοινωο

332 4669 561 4739 νοῦμεν,
595 4675 690 4728 ἐὰν
719 4678 794 4749 μὴ
843 4680 904 4731 ἐν
947 4683 1016 4752 τῇ
1100 4679 1399 4752 Ἐκκλησία
1443 4684 1739 4760 βατπισθῇ,
1811 4693 1907 4744 καὶ

331 4761 531 4833 ἄφεσιν
559 4766 850 4837 ἁμαρτιῶν
873 4769 1036 4841 λάϐῃ.

612 4861 913 4928 Προϐάτος
933 4863 1053 4917 ἀπὸ
1093 4866 1395 4934 Σοφιστοῦ
1424 4882 1615 4924 aster.

418 4945 477 4998 Ὀ
512 4947 825 5022 δοκιμάζων
887 4955 1040 5024 παρὰ
1097 4957 1212 5019 τοῖς
1260 4955 1566 5027 αἱρετικοῐς
1624 4963 1908 5035 βάπτισμα

336 5030 477 5091 εἶναι
508 5037 562 5090 τί
601 5037 731 5092 ἄλλο
765 5041 800 5112 ἦ
831 5044 945 5106 τοῖς
969 5045 1268 5114 αἱρετικοῖς
1300 5051 1556 5101 κοινωνεῖ
1583 5067 1601 5115 ;

563 5132 945 5205 Ὀρτησιανὸς
969 5129 1091 5192 ἀπὸ
1108 5139 1457 5209 Λαϐούρνης
1485 5139 1637 5202 εἷπε.
1861 5194 1867 5202 .

408 5224 520 5278 Καὶ
552 5226 713 5295 ἡμεῖς
741 5228 806 5282 ἒν
863 5229 1170 5302 βάπτισμα,
1200 5234 1336 5303 ὅπερ
1389 5236 1541 5305 ὲν-τῇ
1610 5237 1911 5311 Ἐκκλησία

336 5315 582 5386 οἴδαμεν,
607 5318 766 5374 τοῦτο
791 5325 859 5394 τῇ
901 5323 1200 5396 Ἐκκλησίᾳ
1242 5323 1590 5396 ὲκδικυῦμεν,

657 5415 709 5467 Κ
710 5413 882 5481 dator;
902 5416 1020 5470 ἀπὸ
1043 5417 1318 5486 Κομαζῶν
1337 5416 1528 5477 εἶπεν.

407 5501 562 5558 Ἐπεὶ
583 5504 675 5559 δύο
697 5506 1052 5578 βαπτίσματα
1074 5505 1215 5564 εἶναι
1230 5511 1288 5564 οῦ
1304 5511 1583 5575 δύναταιρ
1611 5515 1910 5587 συγχωρῶν

338 5594 453 5656 τοῖς
525 5591 824 5665 αἱρετικοῖς
868 5598 1154 5670 βάπτισμα
1179 5601 1505 5670 ἐαυτὸνξτοῦ
1535 5602 1912 5675 βαπτίσματος

340 5686 655 5758 ἀποστερεῖ.
723 5691 814 5743 Διὸ
845 5692 1091 5764 ἐπικυρῶ
1117 5697 1425 5766 αίρετικοῦς
1455 5698 1735 5767 βαπτίζειν
1779 5699 1911 5766 δεῖν,

450 5871 496 5906 ⁸⁸
515 5870 704 5928 Matth.
730 5888 919 5939 xxvttl,
945 5873 1028 5928 19.

2008 640 2100 709 qui
2135 641 2200 693 ad
2239 637 2539 696 Ecclesiam
2568 637 2916 709 confugiunt,
2959 653 2989 694 a
3027 640 3188 696 nobis
3230 656 3351 698 esse
3397 641 3576 712 bapti-

2007 733 2230 788 zandos.

2441 826 2593 880 Felix
2623 844 2655 879 a
2698 825 2931 882 Gametis
2983 827 3144 882 dixit.

2086 918 2240 973 Sicut
2283 932 2463 972 carens
2503 930 2707 972 caecum
2735 918 2939 972 ducens
2967 917 3128 972 simul
3155 918 3208 972 in
3236 917 3445 972 loream
3479 933 3574 972 ca-

2008 1012 2184 1077 dunt;
2242 1012 2316 1065 ita
2374 1009 2663 1065 hmreticus
2716 1010 3030 1064 haereticum
3082 1007 3368 1080 baptizans
3413 1009 3576 1063 simul

2009 1122 2131 1160 cum
2163 1115 2228 1159 eo
2255 1105 2306 1156 in
2338 1111 2567 1157 mortem
2603 1103 2769 1156 cadit.
2823 1098 2885 1157 Et
2935 1100 3058 1157 ideo
3091 1097 3454 1171 baptizandus
3487 1110 3574 1154 est

2009 1198 2152 1265 apud
2202 1210 2300 1249 nos
2341 1195 2649 1258 haereticus,
2686 1209 2752 1248 ne
2784 1203 2883 1249 nos
2920 1194 3026 1247 vivi
3068 1193 3299 1248 mortuis
3327 1205 3578 1246 commu-

2010 1290 2274 1343 nicemus.

2223 1380 2531 1436 Succentius
2562 1381 2626 1434 ab
2668 1380 3168 1450 Abirgemaniciana
3202 1380 3363 1432 dixit.

2079 1474 2367 1530 Hmreticfs
2395 1483 2491 1529 aut
2526 1473 2659 1529 nihil
2691 1475 2839 1537 licet,
2878 1481 2972 1527 aut
3008 1473 3213 1527 omnia.
3251 1473 3307 1528 Si
3347 1479 3580 1541 possunt

2007 1563 2308 1632 baptizare,
2368 1573 2599 1634 possunt
2658 1572 2711 1618 et
2767 1562 2900 1617 dare
2972 1561 3233 1632 Spiritum
3301 1570 3577 1618 sanctum.

2009 1656 2280 1724 Quoniam
2333 1668 2511 1712 autem
2546 1674 2652 1711 non
2698 1653 2923 1718 habent,
2959 1671 3056 1711 nec
3083 1655 3364 1726 baptizare
3416 1654 3576 1725 spiri-

2011 1749 2232 1802 tualiter
2273 1757 2504 1818 possunt
2535 1767 2547 1803 :
2601 1757 2892 1818 propterea
2926 1763 3125 1804 censeo
3163 1745 3446 1803 hmreticos
3479 1746 3579 1801 ba-

1937 1857 1980 1923 Β
2011 1840 2299 1910 ptizandos
2330 1855 2472 1894 esse.

2332 1933 2658 1988 Fortunatus
2691 1954 2722 1989 ιι
2755 1935 3090 1988 Thuchabori
3120 1934 3277 1987 dixit.

2084 2025 2185 2091 Qui
2237 2035 2392 2079 extra
2450 2025 2750 2081 Ecclesiam
2816 2034 2989 2089 sunt,
3043 2033 3236 2079 contra
3299 2022 3582 2077 Christum

2013 2123 2242 2179 stantes,
2270 2126 2327 2169 ut
2349 2113 2441 2186 qui
2474 2129 2605 2171 Oves
2642 2117 2761 2184 ejus
2790 2124 2843 2169 et
2886 2130 3103 2187 gregem
3139 2111 3461 2182 dispergunt
3484 2109 3582 2165 ba-

2013 2203 2224 2274 ptizare
2259 2203 2394 2260 foris
2421 2205 2524 2258 rion
2559 2213 2810 2274 possunt.

2403 2297 2668 2351 Thedatus
2696 2315 2726 2351 α
2752 2296 2978 2352 Thurbis
3016 2296 3166 2352 dixit.

2081 2389 2349 2447 Omnibus
2387 2391 2597 2446 viribus
2638 2390 2922 2445 nitendum
2959 2400 3068 2456 est,
3097 2405 3166 2444 ne
3209 2390 3335 2458 quis
3367 2389 3587 2446 haereti-

2009 2500 2198 2542 corum
2262 2499 2506 2542 errorem
2538 2484 2926 2554 derelinquens
2972 2483 3252 2552 singulare
3294 2491 3349 2537 et
3395 2496 3586 2553 verum

2014 2576 2269 2632 Ecclesiae
2297 2575 2860 2646 baptisma‘detrectet
2891 2575 3166 2644 accipere,
3192 2588 3302 2645 quo
3335 2573 3586 2643 quisquis

2013 2687 2117 2725 non
2147 2670 2309 2727 fuerit
2350 2668 2658 2736 baptizatus
2689 2682 2716 2721 a
2742 2682 2910 2736 regno
2942 2667 3226 2723 cmlorum‘
3259 2667 3317 2720 [it
3351 2666 3583 2721 alienus.

2361 2761 2721 2815 Probatiauus
2759 2778 2791 2813 a
2824 2758 3075 2825 Sophetia
3095 2760 3257 2812 dixit.

2085 2856 2141 2910 Si
2182 2855 2406 2911 haeresis
2439 2869 2472 2907 a
2506 2856 2613 2908 Deo
2649 2863 2756 2915 est,
2798 2853 3020 2908 habebit
3063 2851 3354 2906 haereticus
3395 2858 3451 2905 et
3501 2852 3588 2904 in-

2013 2947 2346 3015 dulgentiam
2389 2944 2650 2999 divinam.
2705 2944 2760 2997 Si
2792 2957 2922 2998 vero
2959 2956 2994 2994 a
3025 2943 3133 2996 Deo
3178 2955 3282 2995 non
3315 2947 3420 3003 est,
3455 2954 3584 3009 quo-

2013 3037 2176 3092 modo
2207 3037 2437 3104 gratiam
2488 3035 2579 3089 Dei
2631 3036 2748 3104 ipse
2795 3033 3002 3088 habere
3037 3038 3090 3088 et
3123 3031 3376 3086 conferre
3421 3029 3586 3086 alicui

1963 3201 1966 3204 β
2014 3128 2234 3199 potest?

2434 3219 2723 3273 Monunius
2748 3235 2778 3269 a
2803 3216 2976 3271 Gerba
3003 3216 3161 3268 dixit.

2085 3314 2312 3369 Domino
2351 3314 2565 3368 dicente
2597 3310 2916 3376 :Buptizate
2953 3323 3132 3362 omnes
3167 3315 3341 3378 gentes
3385 3306 3438 3360 in
3487 3322 3586 3359 uo-

2010 3408 2147 3460 mine
2179 3405 2360 3458 Patris
2396 3412 2444 3457 et
2475 3401 2604 3456 Filii
2647 3410 2692 3456 et
2730 3397 2959 3467 Spiritus
2982 3395 3258 3466 sancti”;
3292 3394 3583 3450 manifeste

2010 3502 2214 3556 scimus
2245 3499 2531 3554 hmreticos
2562 3510 2661 3551 nec
2691 3494 2908 3550 Patrem
2939 3490 3167 3549 habere,
3224 3502 3325 3542 nec
3357 3485 3580 3549 Filium,

2009 3608 2110 3648 nec
2148 3592 2410 3663 Spiritum
2460 3587 2623 3660 370
2683 3595 2958 3642 sanctum.
3017 3578 3223 3635 Debent
3279 3578 3444 3648 igitur
3500 3591 3584 3631 ve-

2010 3688 2222 3742 nientes
2285 3685 2350 3740 ad
2412 3681 2712 3737 Ecclesiam
2770 3676 3080 3748 baptizari,
3164 3681 3222 3726 ut
3291 3686 3588 3726 renascan-

2011 3792 2120 3836 llll‘.

2445 3869 2747 3924 Politianus
2780 3885 2810 3922 a
2842 3865 3004 3921 Mileo
3035 3866 3192 3920 dixit.

2083 3965 2293 4019 Justuln
2339 3973 2422 4018 est
2470 3964 2523 4016 in
2584 3961 2827 4017 Ecclesia
2877 3961 3138 4028 baptizari
3187 3974 3333 4020 eum,
3385 3954 3478 4024 qui
3520 3951 3588 4006 ab

2012 4059 2206 4113 haeresi
2244 4059 2409 4110 venit.

2297 4126 2558 4195 Theognis
2596 4126 2660 4178 ab
2692 4123 2937 4194 Hippone
2958 4121 3117 4191 Regio
3138 4120 3298 4173 dixit.

2093 4221 2409 4280 Secundum
2436 4226 2843 4272 sacramentum
2879 4216 2974 4269 Dei
3011 4223 3064 4268 et
3105 4213 3293 4282 gratiae
3324 4206 3583 4270 ccelestis,

2007 4331 2170 4386 quam
2215 4309 2550 4378 accepimus,
2584 4303 2878 4375 baptisma,
2932 4301 3077 4372 quod
3126 4309 3210 4356 est
3262 4301 3316 4354 in
3345 4293 3588 4352 Ecclesia

2008 4415 2196 4464 sancta
2231 4402 2503 4458 novimus.

2480 4491 2691 4545 Diutius
2722 4489 2896 4545 Seada
2926 4489 3085 4543 dixit.

2098 4593 2234 4657 Nos,
2260 4597 2524 4661 quantum
2560 4587 2616 4640 in
2651 4585 2810 4643 nobis
2833 4595 2938 4648 est,
2970 4579 3244 4638 haereticis
3281 4591 3389 4632 non
3430 4588 3581 4629 com-

2017 4689 2409 4744 municaums;
2462 4680 2568 4736 nisi
2612 4676 2870 4747 baptizati
2907 4677 2959 4730 in
2991 4672 3235 4728 Ecclesia
3285 4665 3506 4730 fuerint,
3536 4673 3591 4718 et

2017 4774 2398 4832 remissionem
2437 4776 2783 4838 peccatorum
2815 4762 3152 4832 acceperint.
3275 4837 3284 4843 -

2412 4861 2677 4916 Probatus
2699 4875 2729 4911 α
2754 4856 3000 4924 Sophisto
3032 4854 3192 4907 dixit.

2090 4961 2192 5028 Qui
2233 4955 2614 5028 lizrretico‘rutn
2659 4949 2986 5020 baptismum
3019 4944 3237 5016 probat,
3267 4940 3398 5012 quid
3441 4937 3590 4994 aliud

2023 5069 2187 5128 quam
2219 5047 2498 5106 haereticis
2522 5041 2935 5099 communicat?

2341 5135 2732 5194 Ilortensiunus
2770 5149 2801 5186 α
2829 5129 3082 5185 Laburna
3109 5128 3269 5183 dixit.

2094 5238 2205 5293 Nos
2231 5249 2402 5288 unum
2438 5230 2708 5300 baptisma
2733 5266 2748 5292 ,
2777 5224 2920 5296 quod
2955 5239 3062 5278 non
3105 5222 3210 5277 nisi
3260 5220 3312 5273 in
3350 5215 3589 5273 Ecclesia

2021 5330 2293 5390 novimus,
2327 5323 2580 5378 Ecclesiae
2608 5319 2973 5373 vindicamus.

2414 5412 2632 5469 Cassius
2659 5428 2689 5465 a
2720 5409 2967 5465 Comazis
3004 5408 3166 5461 dixit.

2088 5512 2225 5566 Cum
2265 5506 2598 5578 baptismata
2629 5503 2740 5559 duo
2783 5516 2905 5558 esse
2940 5517 3048 5555 non
3086 5498 3317 5570 possint,
3349 5495 3442 5561 qui
3472 5493 3586 5548 ha:-

2019 5603 2207 5660 reticis
2260 5600 2536 5671 baptisma
2582 5595 2870 5663 concedit,
2924 5594 3192 5662 baptisma
3248 5590 3353 5645 sibi
3424 5587 3587 5641 tollit.

2019 5698 2228 5753 Censeo
2260 5693 2444 5764 itaque
2479 5689 2836 5762 baptizandos
2859 5701 2980 5744 esse
3002 5684 3310 5747 haereticos,
3353 5695 3476 5736 cum
3516 5677 3583 5733 ad
