3972 6488
559 497 786 563 Ἀλλος
813 494 1006 564 Φῆλιξ
1033 493 1151 550 ἀπὸ
1185 496 1496 565 Μεκκόρας
1517 494 1670 555 εἷπε.

398 589 510 645 Καὶ
537 589 701 653 αὐτὸς
740 589 1014 660 ,ἑπόμενος
1037 587 1113 658 τῷ
1135 588 1319 642 κανόνι
1357 588 1465 642 τῶν
1489 589 1649 644 θείων
1668 591 1902 662 Γραφιῖη

323 686 451 744 τοὺς
484 681 800 752 αῖρετικοῦς
830 679 926 735 καὶ
949 681 1343 752 σχισματικοὺς
1379 681 1739 753 βαπτίζεσθαι
1765 684 1903 737 ἁπο-

323 776 614 848 φαινόμαι.

565 867 934 936 ἰανουὰριος
963 867 1083 921 ἀπὸ
1114 866 1460 935 Μουκούζης
1481 863 1650 921 εἶπεν
1681 882 1698 900 ·

395 960 458 1013 El
480 959 749 1030 αῖρετικοὶ⁵
777 958 963 1029 ἔχουσι
1013 959 1320 1028 βάπτισμα,
1359 959 1519 1027 ἡμεῖς
1544 958 1646 1011 οὐκ
1675 958 1895 1029 ἔχομεν’

323 1050 376 1103 εί
406 1052 566 1120 ἡμεῖς
595 1048 816 1120 ἔχομεν,
836 1049 1106 1120 αῑρετικοὶ
1134 1049 1280 1118 ἔχειν
1299 1048 1356 1100 οὐ
1384 1048 1660 1102 δύνανται.
1700 1048 1904 1118 Ἄμφις

325 1141 666 1212 σσητήσιμον
690 1139 747 1192 δὲ
773 1140 873 1194 οὐκ
905 1139 1022 1192 ἔστι
1050 1139 1148 1210 τὴν
1191 1139 1522 1211 Ἐκκλησίαν
1547 1140 1646 1209 τὴν
1670 1139 1903 1194 καθολι-

321 1233 429 1302 κὴν
486 1230 564 1302 τῷ
620 1231 715 1284 τοῦ
750 1230 991 1300 Χριστοῦ
1035 1229 1375 1302 βαπτίσματι
1431 1232 1755 1302 κεχρῆσθαι,
1801 1231 1901 1302 τὴν

326 1325 499 1395 μόνην
531 1324 882 1395 κεκτημένην
910 1325 1082 1395 ςχάριν
1109 1324 1202 1378 καὶ
1255 1324 1477 1394 ἀγάπην
1505 1324 1602 1377 καὶ
1639 1323 1902 1396 ἀλήθειαν

323 1417 418 1472 τοῦ
450 1415 712 1487 Χριστοῦ.

573 1509 924 1578 Ἀδέλφιδος
949 1506 1068 1564 ἀπὸ
1118 1507 1468 1574 Θασόέλθης
1495 1505 1648 1560 εἷπε.

390 1594 590 1673 Μάτην
662 1601 812 1665 τινὲς
859 1603 927 1672 τῇ
992 1599 1222 1672 ἀληθείᾳ
1274 1597 1597 1669 πολεμοῦσι,
1649 1597 1902 1667 λέγοντες

321 1695 474 1763 ἡμᾶς
501 1693 916 1758 ἁναόαπτίζειν.
967 1693 1032 1745 Ἦ
1053 1692 1163 1762 γὰρ
1203 1690 1501 1761 Ἐκκλησία
1532 1690 1668 1758 ,τοὺς
1696 1690 1902 1761 αἱρετι-

323 1787 454 1847 κοῦς
478 1783 580 1838 οὐκ
606 1783 990 1847 ἀναὸαπτίζει,
1016 1780 1153 1836 ἀλλὰ
1175 1780 1452 1852 βαπτίζει.

578 1874 908 1944 Δημήτριος
932 1875 1050 1929 ἀπὸ
1081 1873 1430 1944 Πολεμόνου
1459 1865 1651 1925 εἶπεν.

379 1966 462 2020 .οί
492 1965 746 2033 λέγοντες
779 1967 862 2019 ὅτι
901 1966 951 2018 οί
985 1966 1257 2032 αῖρετικοῖ
1283 1963 1500 2033 ἀληθῶς
1528 1964 1626 2016 καὶ
1653 1957 1901 2031 νομίμως

325 2059 706 2129 βαπτίζουσιν,
756 2053 904 2112 οὗτοι
956 2057 1018 2111 οῦ
1063 2057 1225 2128 μόνον
1266 2055 1382 2120 δύο,
1423 2054 1560 2107 ἀλλὰ
1597 2053 1692 2106 καὶ⁵
1732 2051 1901 2106 πολλὰ

327 2150 681 2221 βαπτίσματα
737 2151 1070 2219 είσάγουσιν.
1125 2148 1318 2202 Ὁπότε
1354 2147 1464 2218 γὰρ
1505 2145 1752 2216 διάφοροι
1807 2143 1901 2198 καὶ

325 2242 522 2296 ’πολλαί⁵
541 2241 779 2313 αἱρέσεις
807 2241 937 2304 είσὶ,
986 2241 1129 2296 κατά
1177 2239 1269 2294 τὸν
1309 2236 1543 2309 ἀριθμὸν
1584 2236 1766 2290 αὐτῶν
1810 2236 1902 2290 καὶ

323 2333 395 2387 τὰ
431 2332 786 2404 βαπτίσματα
817 2332 1157 2402 ἀριθμεῖται.

641 2426 961 2490 Οὺκέντιος
991 2424 1107 2478 ἀπὸ
1135 2422 1394 2492 Θιόἁρης
1419 2417 1572 2475 εἷπε.

393 2518 534 2582 τοὺς
561 2517 876 2588 αίρετικοὺς
910 2516 1133 2586 οίδαμεν
1159 2514 1410 2586 χείρονας
1452 2512 1560 2568 τῶν
1613 2528 1900 2582 σχισματι-

323 2609 459 2664 κῶν.
496 2607 622 2665 Ἐὰν
662 2610 718 2663 δὲ
762 2609 1174 2680 μετανοήσωσιν
1217 2607 1391 2660 ἐλθεῖν
1431 2605 1511 2668 είς
1567 2603 1768 2659 κανόνα
1802 2602 1902 2671 τῆς

322 2701 608 2771 ἀληθείας,
665 2703 929 2772 πρότερον
989 2698 1317 2770 ἕξορκίζειν,
1366 2697 1559 2752 ἔπειτα
1617 2695 1901 2766 βαπτίζειν

321 2793 522 2856 αὐτοὺς
551 2793 650 2847 δεῖ.
703 2793 838 2845 Τότε
875 2791 982 2863 γὰρ
1018 2789 1275 2845 δύνανται
1319 2792 1419 2860 τῆς
1445 2785 1683 2859 Χριστοῦ
1730 2787 1902 2855 ιπαγ·

323 2884 514 2954 γελίας
538 2886 744 2954 τυχεῖν.

368 2979 372 2984 ’
659 2974 904 3044 Μάρκος
931 2976 1051 3031 ἀπὸ
1078 2974 1370 3043 Μαθάρων
1400 2969 1554 3030 εἷπε.

391 3068 600 3140 Κρίνω,
626 3068 702 3134 ὡς
732 3068 901 3141 μηδὲν
928 3068 1172 3139 ἔχοντας,
1197 3067 1324 3130 τοὺς
1357 3066 1668 3137 αίρετικοὺς
1700 3065 1900 3137 βαπτί-

321 3160 534 3227 ζεσθαι.
1447 3203 1459 3213 .

592 3250 804 3316 Σάτιος
852 3251 973 3306 ἀπὸ
1013 3249 1383 3317 rumicem
1426 3244 1634 3302 εῖπεν·

388 3345 453 3399 Ei
475 3344 587 3407 τοῖς
642 3344 938 3415 αίρετικοῖς
973 3342 1031 3396 ὲν
1070 3341 1148 3412 τῷ
1179 3340 1524 3411 βαπτίσματι
1553 3340 1735 3395 αὐτῶν
1760 3339 1898 3410 ἄφε-

321 3457 410 3506 σις
436 3439 721 3511 ἁμαρτιῶν
753 3440 984 3508 γίνεται,
1020 3438 1198 3508 μάτην
1227 3439 1293 3507 τῇ
1328 3435 1630 3508 Ἐκκλησία
1657 3435 1897 3508 προσέρ-

318 3548 531 3601 χονται.
572 3530 736 3584 Οὐδὲν
768 3530 876 3600 γάρ
903 3530 1021 3582 ἐστι
1049 3527 1112 3580 τὸ
1167 3527 1464 3598 δυνάμενον
1517 3526 1751 3597 φοϐῆσαι
1798 3524 1898 3578 αῦ-

213 3666 216 3668 η
318 3622 449 3685 τοὺς
484 3622 544 3674 ιν
592 3621 660 3691 τῇ
703 3621 884 3692 κρίσει
928 3618 1023 3674 τοῦ
1071 3617 1332 3690 Χριστοῦ,
1367 3619 1566 3687 ἄφεσιν
1613 3616 1900 3688 ἁμαρτιῶν

318 3710 637 3781 εἰληφότας.

635 3798 935 3868 Αὐρήλιος
954 3797 1075 3853 ἀπὸ
1111 3797 1374 3866 Ἀττικῆς
1402 3795 1554 3853 εἶπε.

383 3889 655 3958 Λέγοντος
699 3891 796 3944 τοῦ
855 3888 1182 3945 ’Δποστόλου
1231 3889 1542 3960 ἀλλοτρίαις
1597 3890 1898 3962 ἁμαρτίαις

323 3981 402 4053 μὴ
425 3985 726 4048 κοινωνεῖν,
776 3983 948 4052 κρίνω
979 3981 1340 4052 βαπτίζεσθαι
1390 3983 1516 4046 τοὺς
1561 3982 1894 4052 αίρετικοὺς,

321 4075 413 4129 ἵνα
438 4073 645 4127 λάϐωσι
688 4073 954 4145 πρότερον
1001 4073 1195 4144 ἄφεσιν
1220 4072 1530 4145 ἁμαρτιῶν,
1583 4074 1677 4128 καὶ
1723 4071 1898 4138 οὕτως

321 4169 508 4234 αὐτοῖς
532 4168 977 4239 κοινωνήσωμεν.
1809 4154 1831 4164 “

580 4260 812 4329 Ἰαμϐὀς
844 4259 963 4314 ἀπὸ
1007 4257 1435 4327 Γερμανικείας
1463 4259 1656 4313 εἶπεν.

393 4351 458 4408 Ol
499 4352 560 4406 τὸ
610 4351 720 4407 τῶν
750 4351 1043 4422 αἱρετικῶν
1080 4351 1464 4422 δοκιμάζοντες
1489 4351 1801 4423 βάπτισμα,
1839 4351 1897 4404 rb

317 4445 593 4517 ἡμέτερον
633 4441 1154 4514 ἀποδοκιμάζουσιν.

527 4538 863 4603 Λουκιανὸς
901 4538 1019 4592 ἀπὸ
1055 4536 1429 4606 Ῥουκούμης
1455 4533 1649 4591 εἶπεν.

392 4631 453 4689 El
484 4630 707 4685 δυνατὸν
734 4630 848 4699 φῶς
871 4631 968 4684 καί⁵
991 4629 1182 4693 σκότος
1211 4631 1513 4693 κοινωνεῖν,
1541 4628 1763 4682 δύναται
1794 4627 1892 4681 καὶ

320 4724 453 4794 ἡμῖν
493 4725 588 4777 καὶ
619 4725 732 4787 τοῖς
773 4723 1068 4793 αἱρετικοῖς
1115 4717 1257 4775 εἷναί
1284 4739 1331 4774 τι
1361 4721 1563 4776 κοινόν.
1588 4721 1631 4773 Κ
1643 4721 1775 4791 ρίνω
1799 4720 1896 4774 οὖν

319 4817 444 4879 τοὺς
465 4815 778 4886 αίρετικοὺς
814 4814 1196 4886 βαπτίζεσθαι.

529 4906 822 4973 Πελάγιος
848 4908 966 4962 ἀπὸ
989 4906 1442 4976 Λουπερκιαγῆς
1469 4903 1653 4961 εἶπεν.

390 5001 452 5054 El
477 5001 690 5071 αἵρεσις
718 5000 818 5054 οὐκ
848 4999 991 5053 ἔστιν
1033 5001 1090 5052 ὲν
1141 4998 1463 5069 Ἐκκλησία,
1514 4999 1634 5062 πῶς
1670 4997 1892 5053 δύναται

317 5093 468 5165 παρὰ
492 5097 601 5157 τοῖς
633 5095 933 5166 αίρετικοῖς
978 5088 1120 5148 εἶναι
1163 5092 1226 5146 τὸ
1273 5093 1372 5163 τῆς
1409 5091 1736 5163 Ἐκκλησὶας
1795 5090 1892 5162 βά-

311 5201 564 5255 πτισμας

718 5277 906 5345 Ἶὰδερ
929 5277 1048 5333 ἀπὸ
1071 5277 1334 5344 Μηδείας
1350 5274 1503 5339 εἷπε.

389 5369 509 5422 Μία
541 5370 769 5436 πίστις,
811 5368 880 5422 ἐν
929 5370 1248 5439 βάπτισμα
1279 5385 1294 5400 ·
1329 5369 1466 5424 ἀλλὰ
1515 5371 1583 5441 τῇ
1628 5370 1890 5444 καθολικῇ

359 5458 641 5529 Εκκλησίᾳ
664 5459 844 5526 ἔξεστι
881 5458 1188 5528 βαπτίζειν.

532 5549 757 5618 Ἄλλος
784 5551 977 5621 Φῆλιξ
1002 5551 1122 5608 ἀπὸ
1148 5553 1494 5622 Μαρδιανῆς
1512 5549 1667 5614 εἷπε.

390 5639 469 5696 Τὰ
501 5641 660 5696 αὑτά.

680 5735 923 5802 Παῦλος
943 5737 1062 5792 ἀπὸ
1101 5735 1295 5804 Σαϐᾶς
1327 5731 1498 5792 εἶπεν
1518 5775 1534 5793 .

402 5828 460 5882 Et
493 5831 520 5882 ὁ
549 5828 682 5894 Θεὸς
719 5830 921 5902 ἀληθής
955 5833 1090 5899 ἐστι,
1127 5830 1240 5895 πῶς
1290 5829 1449 5886 ἔσται
1483 5831 1632 5901 παρὰ
1659 5833 1768 5897 τοῖς
1806 5833 1891 5886 αἱ·

1453 381 1535 442 ΙΝ
1568 383 1738 446 CAN.
1771 385 1798 446 Ι
1840 385 2047 452 CONC.
2080 391 2466 459 CARTHAG.

1929 512 1981 568 Δ

1921 4558 1975 4620 D

3447 400 3581 466 illi

2357 510 2515 564 Atius
2555 511 2708 566 Felix
2725 528 2758 565 α
2789 509 3034 567 Heceora
3053 513 3220 570 dixit.

2079 595 2144 650 Et
2172 598 2287 667 ipse
2316 610 2540 656 secutus
2565 601 2877 658 divinarum
2927 604 3340 677 Scripturarum
3386 620 3578 666 aucto-

1985 690 2222 746 .ritatem
2251 693 2543 751 haereticos
2568 705 2623 751 et
2649 697 3038 755 schismaticos
3059 700 3418 770 baptizandos
3455 720 3580 760 esse

2002 787 2325 855 pronuntio.

2351 877 2652 940 Ianuarius
2710 900 2742 936 a
2787 883 3024 940 Hucuza
3062 887 3226 945 dixit.

2075 967 2132 1024 Si
2163 969 2406 1026 haaretici
2433 973 2635 1028 habent
2653 976 2946 1046 baptisma.
2974 993 3074 1035 nos
3109 996 3219 1034 non
3268 980 3574 1039 habemus:

2002 1062 2046 1118 si
2079 1078 2178 1119 nos
2204 1065 2490 1131 habemus,
2525 1066 2765 1123 haeretici
2790 1071 2995 1127 habere
3027 1088 3135 1128 non
3180 1085 3437 1145 possunt.
3466 1075 3576 1130 Du-

2004 1157 2154 1212 bium
2188 1168 2370 1214 autem
2418 1175 2528 1215 non
2597 1171 2702 1226 est,
2752 1162 3058 1218 Ecclesiam
3104 1166 3425 1221 catholicam
3485 1169 3580 1222 ba-

2003 1252 2203 1320 ptismo
2224 1250 2430 1307 Christi
2489 1253 2614 1316 uti;
2660 1269 2783 1322 qua:
2825 1256 2965 1310 sola
2995 1257 3205 1313 Christi
3248 1261 3474 1331 gratiam
3521 1270 3578 1316 et

2002 1341 2326 1399 charilatem
2367 1351 2421 1399 et
2452 1342 2737 1400 veritatem
2767 1346 3080 1416 possideat.

2321 1517 2646 1588 Adelphidus
2689 1535 2724 1573 a
2752 1518 3040 1574 Thasuelta
3090 1521 3250 1577 dixit.

2074 1608 2204 1664 Sine
2234 1625 2402 1666 causa
2424 1611 2647 1680 quidem
2675 1614 3004 1682 impugnant
3049 1615 3365 1681 veritatem,
3410 1627 3468 1673 ut
3496 1635 3577 1673 re-

2001 1699 2281 1772 baptizare
2309 1719 2409 1760 nos
2441 1705 2644 1759 dicant.
2682 1706 2965 1773 Siquidem
2997 1708 3247 1764 Ecclesia
3285 1710 3576 1765 haereticos

2004 1809 2112 1848 non
2146 1795 2469 1866 rebaptizal,
2503 1798 2599 1851 sed
2641 1798 2898 1867 baptizat.
2931 1839 2935 1843 ~

2351 1887 2650 1944 Demetrius
2681 1908 2713 1944 α
2755 1889 3036 1949 Polemone
3061 1897 3222 1950 dixit.

2073 1978 2177 2046 Qui
2213 1979 2400 2034 dicunt
2431 1983 2718 2039 haereticos
2753 1999 2880 2040 vere
2911 1997 2966 2041 et
3005 1988 3247 2057 legitime
3271 1989 3572 2059 baptizare,

2003 2071 2104 2139 ipsi
2138 2085 2244 2125 non
2278 2073 2457 2127 solum
2498 2073 2631 2140 duo,
2665 2075 2761 2130 sed
2783 2083 2836 2129 et
2874 2077 3047 2132 multa
3111 2079 3440 2149 baptismata
3488 2081 3574 2134 ia-

2005 2161 2320 2217 trodttcunt.
2354 2162 2492 2217 Nam
2522 2179 2645 2218 cum
2681 2165 2917 2222 haereses
2938 2168 3105 2222 varia:
3122 2184 3184 2223 ac
3215 2170 3398 2223 multa:
3442 2172 3572 2237 sint,

2004 2265 2104 2318 pro
2127 2265 2322 2306 earum
2354 2267 2586 2309 numero
2614 2265 2667 2308 et
2695 2254 3025 2324 baptistnata
3086 2257 3573 2327 cmioputabuntur.

2391 2429 2689 2485 Vincentius
2728 2450 2759 2486 a
2796 2432 3032 2486 Tltibara
3055 2433 3218 2486 dixit.

2074 2515 2370 2577 Harettcos
2400 2522 2606 2577 scimus
2633 2537 2751 2577 esse
2783 2523 2997 2592 pejores
3052 2537 3215 2591 quam
3270 2521 3579 2577 schismati-

2002 2623 2119 2664 cos.
2151 2609 2207 2665 Si
2240 2626 2369 2668 vero
2395 2611 2774 2682 paenitentiam
2817 2623 3043 2682 agentes
3068 2614 3136 2667 ad
3197 2612 3440 2682 regulam
3485 2626 3579 2667 ve-

2003 2705 2188 2760 ritatis
2225 2706 2410 2760 venire
2459 2707 2770 2765 voluerint;
2809 2707 2966 2776 prius
3005 2707 3335 2771 exorcizari,
3377 2707 3578 2763 deinde

2004 2795 2266 2866 baptizari
2290 2811 2386 2851 eos
2418 2805 2656 2865 oportet.
2683 2796 2835 2852 Tunc
2851 2798 2992 2852 enim
3018 2797 3219 2852 Christi
3253 2799 3576 2865 promissio-

2003 2902 2126 2943 ttem
2164 2886 2349 2941 sortiri
2385 2896 2640 2957 possunt.

2391 2980 2600 3035 Marcus
2641 2999 2672 3034 a
2706 2979 2972 3036 Mat/laris
3027 2981 3187 3037 dixit.

2070 3072 2267 3127 Judico
2289 3071 2600 3139 haereticos,
2641 3081 2700 3126 ut
2728 3073 2819 3143 qui
2853 3073 2991 3128 nihil
3031 3073 3292 3137 habeant,
3325 3086 3447 3127 esse
3482 3071 3576 3128 ba-

2003 3164 2319 3234 puzandos.

2424 3252 2612 3308 Satius
2638 3273 2670 3308 α
2691 3253 2966 3326 Sacilibya
2997 3254 3155 3310 dixit.

2074 3348 2131 3405 Si
2159 3348 2436 3405 haereticis
2465 3350 2520 3404 in
2559 3349 2838 3420 baptismo
2875 3351 3120 3419 ipsorum
3182 3357 3406 3421 peccata
3464 3347 3572 3402 do-

2000 3449 2226 3507 nantur,
2262 3440 2381 3496 sine
2411 3455 2581 3496 causa
2635 3439 2703 3494 ad
2759 3439 3060 3495 Ecclesiam
3127 3442 3373 3496 veniunt.
3425 3437 3576 3494 Nihil

1997 3532 2146 3589 enim
2184 3539 2289 3598 est,
2323 3531 2468 3601 quod
2514 3532 2709 3587 timere
2737 3532 2954 3601 possint
3003 3533 3059 3586 in
3097 3531 3308 3601 judicio
3343 3528 3572 3598 Christi,

2000 3626 2046 3681 si
2079 3632 2208 3681 sunt
2239 3625 2622 3682 remissionem
2652 3635 3008 3695 peccatorum
3046 3624 3357 3681 consecuti.

2388 3802 2636 3856 Aurelius
2685 3802 2750 3856 ab
2785 3802 2963 3856 Attica
3022 3801 3182 3857 dixit.

2073 3895 2209 3951 Cum
2231 3895 2379 3949 dicat
2416 3894 2736 3964 Apostolus,
2763 3910 2869 3948 non
2889 3895 3410 3950 communicandum
3448 3907 3577 3962 pec:

2000 3988 2140 4043 catis
2171 3988 2390 4050 alienis,
2421 4003 2620 4043 censeo
2643 3987 3004 4058 baptizandos
3029 4001 3153 4042 esse
3176 3986 3488 4050 haereticos,
3515 3993 3575 4037 ut

2000 4079 2156 4149 prius
2187 4079 2461 4147 accipiant
2516 4078 2900 4133 remissionem
2967 4085 3344 4146 peccatorum,
3387 4086 3437 4130 et
3491 4074 3572 4129 sic

1999 4172 2107 4228 illis
2141 4172 2640 4228 communicemus.

2352 4262 2566 4317 Iambus
2598 4279 2629 4315 α
2669 4259 3012 4316 Germanieia
3054 4260 3219 4316 dixit.

2070 4356 2172 4426 Qui
2222 4355 2607 4411 haereticorum
2661 4353 2936 4424 baptisma
2988 4352 3255 4421 probant,
3314 4355 3570 4415 nostrum

1999 4451 2336 4522 improbant.

2381 4539 2646 4595 Lucianus
2700 4555 2732 4592 a
2759 4537 2993 4593 Rueuma
3023 4539 3114 4592 dix
3142 4547 3180 4590 t.

2073 4631 2130 4689 Si
2165 4634 2281 4688 ﬁeri
2326 4642 2506 4704 potest
2540 4641 2598 4686 ut
2650 4633 2742 4686 lux
2799 4647 2922 4686 cntn
2962 4629 3202 4686 tenebris
3248 4628 3570 4696 conveniat,

2001 4733 2180 4794 potest
2210 4734 2264 4778 et
2297 4723 2456 4779 nobis
2484 4733 2537 4778 et
2567 4719 2842 4776 haereticis
2869 4719 3072 4788 aliquid
3107 4734 3228 4774 esse
3252 4732 3568 4773 commune.

1997 4818 2292 4888 Propterea
2324 4831 2526 4873 censeo
2561 4816 2849 4872 haereticos
2882 4811 3251 4884 baptizandos
3279 4826 3425 4866 esse.

2350 4913 2600 4984 Pelagius
2626 4932 2658 4968 a
2689 4911 3021 4981 Luperciana
3054 4911 3214 4966 dixit.

2068 5008 2128 5065 Si
2161 5008 2393 5064 haeresis
2428 5006 2486 5062 in
2546 5007 2790 5063 Ecclesia
2827 5021 2936 5060 non
2995 5013 3099 5070 est,
3135 5000 3410 5073 quomodo
3461 4997 3570 5054 Ec-

1994 5102 2174 5159 clesia:
2208 5103 2478 5171 baptisma
2511 5099 2652 5171 apud
2682 5097 2971 5153 hzereticos
2998 5110 3122 5152 esse
3163 5092 3385 5166 potest?

2453 5276 2620 5333 Iader
2650 5295 2683 5331 a
2707 5275 2912 5330 Medeia
2942 5275 3100 5328 dixit.

2069 5371 2186 5427 Una
2214 5373 2367 5442 ﬁdes,
2403 5387 2566 5425 unum
2602 5370 2866 5440 baptisma
2898 5383 2918 5423 :
2941 5367 3039 5424 sed
3064 5364 3326 5422 Ecclesia:
3370 5361 3563 5418 catho-

1996 5464 2115 5521 lica
2149 5463 2277 5520 licet
2305 5463 2609 5533 baptizare.

2332 5555 2483 5609 Atius
2517 5552 2674 5609 Felix
2706 5571 2738 5608 a
2765 5551 3058 5609 Hardiana
3082 5551 3241 5607 dixit.

2069 5647 2300 5704 Eadem.

2454 5737 2662 5792 Paulus
2695 5753 2728 5791 α
2760 5736 2906 5792 Saba
2931 5735 3091 5790 dixit.

2070 5830 2129 5888 Si
2146 5829 2290 5889 Deus
2321 5845 2487 5888 verax
2509 5837 2613 5899 est,
2650 5829 2926 5902 quomodo
2976 5825 3120 5897 apud
3154 5823 3440 5885 haereticos
3465 5841 3557 5884 ιτσ-
