  <div class='ocr_page' id='page_1' title='image "/cluster/home/n/w/nwhite01/storage/ocr_20150623/137/hvd.32044020166120/622.png"; bbox 0 0 3990 6482; ppageno 0'>
   <div class='ocr_carea' id='block_1_1' title="bbox 348 438 482 498">
    <p class='ocr_par' dir='ltr' id='par_1_1' title="bbox 348 438 482 498">
     <span class='ocr_line' id='line_1_1' title="bbox 348 438 482 498; baseline 0 0"><span class='ocrx_word' id='word_1_1' title='bbox 348 438 482 498; x_wconf 69' lang='grc' dir='ltr'><strong>11ίῖ</strong></span> 
     </span>
    </p>
   </div>
   <div class='ocr_carea' id='block_1_2' title="bbox 427 641 1917 716">
    <p class='ocr_par' dir='ltr' id='par_1_2' title="bbox 427 641 1917 716">
     <span class='ocr_line' id='line_1_2' title="bbox 427 641 1917 716; baseline 0.003 -22"><span class='ocrx_word' id='word_1_2' title='bbox 427 642 486 694; x_wconf 78' lang='grc' dir='ltr'>Ὀ</span> <span class='ocrx_word' id='word_1_3' title='bbox 521 641 632 703; x_wconf 83' lang='grc' dir='ltr'>τοῖς</span> <span class='ocrx_word' id='word_1_4' title='bbox 665 641 962 710; x_wconf 77' lang='grc' dir='ltr'>αἱρετικοῖς</span> <span class='ocrx_word' id='word_1_5' title='bbox 992 643 1052 694; x_wconf 78' lang='grc' dir='ltr'><strong>τὸ</strong></span> <span class='ocrx_word' id='word_1_6' title='bbox 1087 643 1368 716; x_wconf 77' lang='grc' dir='ltr'><strong>βάπτισμα</strong></span> <span class='ocrx_word' id='word_1_7' title='bbox 1427 647 1524 715; x_wconf 75' lang='grc' dir='ltr'>τῆς</span> <span class='ocrx_word' id='word_1_8' title='bbox 1588 645 1917 715; x_wconf 83' lang='grc' dir='ltr'>Ἐκκλησίας</span> 
     </span>
    </p>
   </div>
   <div class='ocr_carea' id='block_1_3' title="bbox 348 731 1918 810">
    <p class='ocr_par' dir='ltr' id='par_1_3' title="bbox 348 731 1918 810">
     <span class='ocr_line' id='line_1_3' title="bbox 348 731 1918 810; baseline 0.003 -24"><span class='ocrx_word' id='word_1_9' title='bbox 348 733 650 805; x_wconf 82' lang='grc' dir='ltr'>προδιδοὺς,</span> <span class='ocrx_word' id='word_1_10' title='bbox 683 731 736 785; x_wconf 88' lang='grc' dir='ltr'><strong>τί</strong></span> <span class='ocrx_word' id='word_1_11' title='bbox 766 733 952 803; x_wconf 81' lang='grc' dir='ltr'><strong>ἄλλοῆ</strong></span> <span class='ocrx_word' id='word_1_12' title='bbox 986 734 1086 810; x_wconf 68' lang='grc' dir='ltr'>τῆς</span> <span class='ocrx_word' id='word_1_13' title='bbox 1109 736 1345 808; x_wconf 71' lang='grc' dir='ltr'>Νύμφης</span> <span class='ocrx_word' id='word_1_14' title='bbox 1388 737 1483 792; x_wconf 85' lang='grc' dir='ltr'><strong>τοῦ</strong></span> <span class='ocrx_word' id='word_1_15' title='bbox 1513 737 1751 808; x_wconf 76' lang='grc' dir='ltr'><strong>Χριστοῦ</strong></span> <span class='ocrx_word' id='word_1_16' title='bbox 1785 755 1918 809; x_wconf 85' lang='grc' dir='ltr'>προ-</span> 
     </span>
    </p>
   </div>
   <div class='ocr_carea' id='block_1_4' title="bbox 348 829 785 900">
    <p class='ocr_par' dir='ltr' id='par_1_4' title="bbox 348 829 785 900">
     <span class='ocr_line' id='line_1_4' title="bbox 348 829 785 900; baseline -0.002 -16"><span class='ocrx_word' id='word_1_17' title='bbox 348 831 504 900; x_wconf 73' lang='grc' dir='ltr'>δότης</span> <span class='ocrx_word' id='word_1_18' title='bbox 536 829 749 900; x_wconf 82' lang='grc' dir='ltr'>γίνεται</span> <span class='ocrx_word' id='word_1_19' title='bbox 769 846 785 895; x_wconf 84' lang='grc'><strong>;</strong></span> 
     </span>
    </p>
   </div>
   <div class='ocr_carea' id='block_1_5' title="bbox 641 919 1619 996">
    <p class='ocr_par' dir='ltr' id='par_1_5' title="bbox 641 919 1619 996">
     <span class='ocr_line' id='line_1_5' title="bbox 641 919 1619 996; baseline 0.002 -20"><span class='ocrx_word' id='word_1_20' title='bbox 641 922 899 986; x_wconf 80' lang='grc' dir='ltr'>Λούκιος</span> <span class='ocrx_word' id='word_1_21' title='bbox 928 919 1047 975; x_wconf 79' lang='grc' dir='ltr'><strong>ἀπὸ</strong></span> <span class='ocrx_word' id='word_1_22' title='bbox 1077 922 1426 996; x_wconf 71' lang='grc' dir='ltr'>Μεμερέσης</span> <span class='ocrx_word' id='word_1_23' title='bbox 1463 921 1619 978; x_wconf 80' lang='grc' dir='ltr'>εἷπε.</span> 
     </span>
    </p>
   </div>
   <div class='ocr_carea' id='block_1_6' title="bbox 419 1011 1921 1083">
    <p class='ocr_par' dir='ltr' id='par_1_6' title="bbox 419 1011 1921 1083">
     <span class='ocr_line' id='line_1_6' title="bbox 419 1011 1921 1083; baseline 0.002 -16"><span class='ocrx_word' id='word_1_24' title='bbox 419 1014 734 1083; x_wconf 77' lang='grc' dir='ltr'><strong>Γέγραπται</strong></span> <span class='ocrx_word' id='word_1_25' title='bbox 756 1014 836 1066; x_wconf 84' lang='grc' dir='ltr'><strong>ὅτι</strong></span> <span class='ocrx_word' id='word_1_26' title='bbox 876 1012 938 1065; x_wconf 88' lang='grc' dir='ltr'><strong><em>Ὃ</em></strong></span> <span class='ocrx_word' id='word_1_27' title='bbox 968 1012 1114 1079; x_wconf 82' lang='grc' dir='ltr'>Θεὸς</span> <span class='ocrx_word' id='word_1_28' title='bbox 1144 1013 1509 1083; x_wconf 76' lang='grc' dir='ltr'><strong>ἁμαρτωλῶν</strong></span> <span class='ocrx_word' id='word_1_29' title='bbox 1556 1015 1668 1067; x_wconf 78' lang='grc' dir='ltr'>οὐκ</span> <span class='ocrx_word' id='word_1_30' title='bbox 1694 1011 1921 1070; x_wconf 67' lang='grc' dir='ltr'>ἀκούει,</span> 
     </span>
    </p>
   </div>
   <div class='ocr_carea' id='block_1_7' title="bbox 1477 444 2467 509">
    <p class='ocr_par' dir='ltr' id='par_1_7' title="bbox 1477 444 2467 509">
     <span class='ocr_line' id='line_1_7' title="bbox 1477 444 2467 509; baseline 0.006 -7"><span class='ocrx_word' id='word_1_31' title='bbox 1477 445 1553 502; x_wconf 82' lang='lat' dir='ltr'><strong>IN</strong></span> <span class='ocrx_word' id='word_1_32' title='bbox 1585 444 1749 502; x_wconf 84' lang='lat' dir='ltr'><strong>CAN-</strong></span> <span class='ocrx_word' id='word_1_33' title='bbox 1787 445 1812 504; x_wconf 94' lang='lat' dir='ltr'>l</span> <span class='ocrx_word' id='word_1_34' title='bbox 1847 445 2052 507; x_wconf 83' lang='lat' dir='ltr'><strong>CONC.</strong></span> <span class='ocrx_word' id='word_1_35' title='bbox 2099 447 2467 509; x_wconf 71' lang='lat' dir='ltr'><strong>CARTHAG.</strong></span> 
     </span>
    </p>
   </div>
   <div class='ocr_carea' id='block_1_8' title="bbox 606 548 1999 624">
    <p class='ocr_par' dir='ltr' id='par_1_8' title="bbox 606 548 1999 624">
     <span class='ocr_line' id='line_1_8' title="bbox 606 548 1999 624; baseline 0.008 -24"><span class='ocrx_word' id='word_1_36' title='bbox 606 548 890 617; x_wconf 77' lang='grc' dir='ltr'>Θερᾰπιος</span> <span class='ocrx_word' id='word_1_37' title='bbox 909 549 1028 607; x_wconf 73' lang='grc' dir='ltr'><strong>ἀπὸ</strong></span> <span class='ocrx_word' id='word_1_38' title='bbox 1053 553 1421 624; x_wconf 82' lang='grc' dir='ltr'>Βουλισμιου</span> <span class='ocrx_word' id='word_1_39' title='bbox 1445 552 1636 608; x_wconf 70' lang='grc' dir='ltr'>εἶπεν.</span> <span class='ocrx_word' id='word_1_40' title='bbox 1949 565 1999 620; x_wconf 69' lang='grc' dir='ltr'><strong>Α</strong></span> 
     </span>
    </p>
   </div>
   <div class='ocr_carea' id='block_1_9' title="bbox 3452 434 3585 497">
    <p class='ocr_par' dir='ltr' id='par_1_9' title="bbox 3452 434 3585 497">
     <span class='ocr_line' id='line_1_9' title="bbox 3452 434 3585 497; baseline 0 -1"><span class='ocrx_word' id='word_1_41' title='bbox 3452 434 3585 497; x_wconf 84' lang='lat'><strong>1118</strong></span> 
     </span>
    </p>
   </div>
   <div class='ocr_carea' id='block_1_10' title="bbox 2380 556 3234 628">
    <p class='ocr_par' dir='ltr' id='par_1_10' title="bbox 2380 556 3234 628">
     <span class='ocr_line' id='line_1_10' title="bbox 2380 556 3234 628; baseline -0.008 -13"><span class='ocrx_word' id='word_1_42' title='bbox 2380 562 2674 628; x_wconf 79' lang='lat' dir='ltr'><strong>Therapius</strong></span> <span class='ocrx_word' id='word_1_43' title='bbox 2716 578 2747 613; x_wconf 83' lang='grc' dir='ltr'><strong>ιι</strong></span> <span class='ocrx_word' id='word_1_44' title='bbox 2786 557 3046 613; x_wconf 81' lang='lat' dir='ltr'><strong>Bulismio</strong></span> <span class='ocrx_word' id='word_1_45' title='bbox 3078 556 3234 610; x_wconf 84' lang='lat' dir='ltr'><strong>dixit.</strong></span> 
     </span>
    </p>
   </div>
   <div class='ocr_carea' id='block_1_11' title="bbox 2092 647 3586 720">
    <p class='ocr_par' dir='ltr' id='par_1_11' title="bbox 2092 647 3586 720">
     <span class='ocr_line' id='line_1_11' title="bbox 2092 647 3586 720; baseline -0.003 -16"><span class='ocrx_word' id='word_1_46' title='bbox 2092 655 2194 720; x_wconf 83' lang='lat' dir='ltr'><strong>Qui</strong></span> <span class='ocrx_word' id='word_1_47' title='bbox 2231 655 2500 710; x_wconf 70' lang='lat' dir='ltr'><strong>haereticis</strong></span> <span class='ocrx_word' id='word_1_48' title='bbox 2531 653 2786 708; x_wconf 80' lang='lat' dir='ltr'><strong>Ecclesiae</strong></span> <span class='ocrx_word' id='word_1_49' title='bbox 2813 652 3086 719; x_wconf 87' lang='lat' dir='ltr'><strong>baptisma</strong></span> <span class='ocrx_word' id='word_1_50' title='bbox 3124 647 3401 711; x_wconf 79' lang='lat' dir='ltr'><strong>concedit,</strong></span> <span class='ocrx_word' id='word_1_51' title='bbox 3454 647 3586 716; x_wconf 85' lang='lat' dir='ltr'><strong>quid</strong></span> 
     </span>
    </p>
   </div>
   <div class='ocr_carea' id='block_1_12' title="bbox 2029 741 3412 818">
    <p class='ocr_par' dir='ltr' id='par_1_12' title="bbox 2029 741 3412 818">
     <span class='ocr_line' id='line_1_12' title="bbox 2029 741 3412 818; baseline -0.005 -18"><span class='ocrx_word' id='word_1_52' title='bbox 2029 747 2176 800; x_wconf 86' lang='lat' dir='ltr'><strong>aliud</strong></span> <span class='ocrx_word' id='word_1_53' title='bbox 2202 763 2364 818; x_wconf 86' lang='lat' dir='ltr'><strong>quam</strong></span> <span class='ocrx_word' id='word_1_54' title='bbox 2397 748 2623 817; x_wconf 71' lang='lat' dir='ltr'><strong>Sponsa:</strong></span> <span class='ocrx_word' id='word_1_55' title='bbox 2641 745 2842 802; x_wconf 82' lang='lat' dir='ltr'><strong>Christi</strong></span> <span class='ocrx_word' id='word_1_56' title='bbox 2879 743 3124 815; x_wconf 90' lang='lat' dir='ltr'><strong>proditor</strong></span> <span class='ocrx_word' id='word_1_57' title='bbox 3153 741 3412 795; x_wconf 81' lang='lat' dir='ltr'><strong>exsistit?</strong></span> 
     </span>
    </p>
   </div>
   <div class='ocr_carea' id='block_1_13' title="bbox 2330 835 3203 892">
    <p class='ocr_par' dir='ltr' id='par_1_13' title="bbox 2330 835 3203 892">
     <span class='ocr_line' id='line_1_13' title="bbox 2330 835 3203 892; baseline -0.005 -1"><span class='ocrx_word' id='word_1_58' title='bbox 2330 856 2332 859; x_wconf 92' lang='grc'>·</span> <span class='ocrx_word' id='word_1_59' title='bbox 2410 837 2606 892; x_wconf 78' lang='lat' dir='ltr'><strong>Lucius</strong></span> <span class='ocrx_word' id='word_1_60' title='bbox 2650 854 2681 890; x_wconf 92' lang='lat' dir='ltr'><strong><em>a</em></strong></span> <span class='ocrx_word' id='word_1_61' title='bbox 2714 835 3008 890; x_wconf 78' lang='lat' dir='ltr'><strong>Memeresa</strong></span> <span class='ocrx_word' id='word_1_62' title='bbox 3045 835 3203 887; x_wconf 83' lang='lat' dir='ltr'><strong>dixit.</strong></span> 
     </span>
    </p>
   </div>
   <div class='ocr_carea' id='block_1_14' title="bbox 2096 923 3589 1000">
    <p class='ocr_par' dir='ltr' id='par_1_14' title="bbox 2096 923 3589 1000">
     <span class='ocr_line' id='line_1_14' title="bbox 2096 923 3589 1000; baseline -0.005 -14"><span class='ocrx_word' id='word_1_63' title='bbox 2096 929 2372 1000; x_wconf 72' lang='lat' dir='ltr'><strong>Scriptum</strong></span> <span class='ocrx_word' id='word_1_64' title='bbox 2398 937 2520 986; x_wconf 86' lang='lat' dir='ltr'><strong>est:</strong></span> <span class='ocrx_word' id='word_1_65' title='bbox 2549 928 2686 983; x_wconf 79' lang='lat' dir='ltr'><strong>Deus</strong></span> <span class='ocrx_word' id='word_1_66' title='bbox 2735 936 3033 996; x_wconf 81' lang='lat' dir='ltr'><strong>peccatores</strong></span> <span class='ocrx_word' id='word_1_67' title='bbox 3067 943 3170 980; x_wconf 86' lang='lat' dir='ltr'><strong>non</strong></span> <span class='ocrx_word' id='word_1_68' title='bbox 3197 926 3372 980; x_wconf 85' lang='lat' dir='ltr'><strong>audit.</strong></span> <span class='ocrx_word' id='word_1_69' title='bbox 3405 923 3589 978; x_wconf 60' lang='lat' dir='ltr'><strong>Haere-</strong></span> 
     </span>
    </p>
   </div>
   <div class='ocr_carea' id='block_1_15' title="bbox 2025 1015 3594 1088">
    <p class='ocr_par' dir='ltr' id='par_1_15' title="bbox 2025 1015 3594 1088">
     <span class='ocr_line' id='line_1_15' title="bbox 2025 1015 3594 1088; baseline -0.004 -14"><span class='ocrx_word' id='word_1_70' title='bbox 2025 1021 2171 1076; x_wconf 82' lang='lat' dir='ltr'><strong>tieus</strong></span> <span class='ocrx_word' id='word_1_71' title='bbox 2193 1029 2399 1082; x_wconf 88' lang='lat' dir='ltr'><strong>autem,</strong></span> <span class='ocrx_word' id='word_1_72' title='bbox 2459 1035 2584 1074; x_wconf 89' lang='lat' dir='ltr'><strong>cum</strong></span> <span class='ocrx_word' id='word_1_73' title='bbox 2644 1020 2714 1074; x_wconf 92' lang='lat' dir='ltr'><strong>sit</strong></span> <span class='ocrx_word' id='word_1_74' title='bbox 2767 1029 3045 1088; x_wconf 79' lang='lat' dir='ltr'><strong>peccator,</strong></span> <span class='ocrx_word' id='word_1_75' title='bbox 3091 1017 3368 1087; x_wconf 87' lang='lat' dir='ltr'><strong>quomodo</strong></span> <span class='ocrx_word' id='word_1_76' title='bbox 3407 1017 3461 1069; x_wconf 90' lang='lat' dir='ltr'><strong>in</strong></span> <span class='ocrx_word' id='word_1_77' title='bbox 3499 1015 3594 1069; x_wconf 84' lang='lat' dir='ltr'><strong>ha-</strong></span> 
     </span>
    </p>
   </div>
   <div class='ocr_carea' id='block_1_16' title="bbox 361 1103 1948 1184">
    <p class='ocr_par' dir='ltr' id='par_1_16' title="bbox 361 1103 1923 1176">
     <span class='ocr_line' id='line_1_16' title="bbox 361 1103 1923 1176; baseline -0.003 -17"><span class='ocrx_word' id='word_1_78' title='bbox 361 1106 421 1159; x_wconf 86' lang='lat'><strong>&#39;0</strong></span> <span class='ocrx_word' id='word_1_79' title='bbox 451 1106 508 1158; x_wconf 84' lang='grc' dir='ltr'>δὲ</span> <span class='ocrx_word' id='word_1_80' title='bbox 559 1105 837 1175; x_wconf 76' lang='grc' dir='ltr'>αίρετικδς</span> <span class='ocrx_word' id='word_1_81' title='bbox 902 1103 978 1157; x_wconf 84' lang='grc' dir='ltr'>ὣν</span> <span class='ocrx_word' id='word_1_82' title='bbox 1019 1105 1369 1176; x_wconf 72' lang='grc' dir='ltr'>ἁμαρτωλὸς,</span> <span class='ocrx_word' id='word_1_83' title='bbox 1421 1105 1541 1168; x_wconf 82' lang='grc' dir='ltr'>πῶς</span> <span class='ocrx_word' id='word_1_84' title='bbox 1572 1103 1832 1160; x_wconf 82' lang='grc' dir='ltr'><strong>ἀκούεται</strong></span> <span class='ocrx_word' id='word_1_85' title='bbox 1867 1103 1923 1155; x_wconf 73' lang='grc' dir='ltr'>ὲν</span> 
     </span>
    </p>
   </div>
   <div class='ocr_carea' id='block_1_17' title="bbox 2080 1103 2698 1184">
    <p class='ocr_par' dir='ltr' id='par_1_17' title="bbox 2080 1113 2698 1182">
     <span class='ocr_line' id='line_1_17' title="bbox 2080 1113 2698 1182; baseline 0 -16"><span class='ocrx_word' id='word_1_86' title='bbox 2080 1116 2228 1170; x_wconf 86' lang='lat' dir='ltr'><strong>.ismo</strong></span> <span class='ocrx_word' id='word_1_87' title='bbox 2259 1113 2436 1168; x_wconf 91' lang='lat' dir='ltr'><strong>audiri</strong></span> <span class='ocrx_word' id='word_1_88' title='bbox 2472 1120 2651 1182; x_wconf 87' lang='lat' dir='ltr'><strong>potest</strong></span> <span class='ocrx_word' id='word_1_89' title='bbox 2674 1114 2698 1166; x_wconf 90' lang='lat'><strong>?</strong></span> 
     </span>
    </p>
   </div>
   <div class='ocr_carea' id='block_1_18' title="bbox 350 1197 799 1268">
    <p class='ocr_par' dir='ltr' id='par_1_18' title="bbox 350 1197 799 1268">
     <span class='ocr_line' id='line_1_18' title="bbox 350 1197 799 1268; baseline -0.002 -18"><span class='ocrx_word' id='word_1_90' title='bbox 350 1198 430 1268; x_wconf 82' lang='grc' dir='ltr'>τῷ</span> <span class='ocrx_word' id='word_1_91' title='bbox 479 1197 763 1268; x_wconf 79' lang='grc' dir='ltr'><strong>βαπτίζειν</strong></span> <span class='ocrx_word' id='word_1_92' title='bbox 784 1216 799 1264; x_wconf 89' lang='grc'><strong>;</strong></span> 
     </span>
    </p>
   </div>
   <div class='ocr_carea' id='block_1_19' title="bbox 502 1285 1784 1359">
    <p class='ocr_par' dir='ltr' id='par_1_19' title="bbox 502 1285 1784 1359">
     <span class='ocr_line' id='line_1_19' title="bbox 502 1285 1784 1359; baseline -0.004 -14"><span class='ocrx_word' id='word_1_93' title='bbox 502 1292 727 1355; x_wconf 77' lang='grc' dir='ltr'>Ἀλλος</span> <span class='ocrx_word' id='word_1_94' title='bbox 757 1289 952 1357; x_wconf 80' lang='grc' dir='ltr'>Φῆλιξ</span> <span class='ocrx_word' id='word_1_95' title='bbox 976 1287 1093 1343; x_wconf 82' lang='grc' dir='ltr'><strong>ἀπὸ</strong></span> <span class='ocrx_word' id='word_1_96' title='bbox 1126 1290 1567 1359; x_wconf 78' lang='grc' dir='ltr'>Οὐαγλακηνῆς</span> <span class='ocrx_word' id='word_1_97' title='bbox 1592 1285 1784 1343; x_wconf 73' lang='grc' dir='ltr'>εἶπεν.</span> 
     </span>
    </p>
   </div>
   <div class='ocr_carea' id='block_1_20' title="bbox 440 1376 1930 1454">
    <p class='ocr_par' dir='ltr' id='par_1_20' title="bbox 440 1376 1930 1454">
     <span class='ocr_line' id='line_1_20' title="bbox 440 1376 1930 1454; baseline -0.005 -17"><span class='ocrx_word' id='word_1_98' title='bbox 440 1384 531 1438; x_wconf 86' lang='grc' dir='ltr'>Ἐν</span> <span class='ocrx_word' id='word_1_99' title='bbox 581 1383 658 1451; x_wconf 83' lang='grc' dir='ltr'>τῷ</span> <span class='ocrx_word' id='word_1_100' title='bbox 710 1383 1103 1454; x_wconf 71' lang='grc' dir='ltr'>προσδέχεσθαι</span> <span class='ocrx_word' id='word_1_101' title='bbox 1146 1384 1269 1445; x_wconf 78' lang='grc' dir='ltr'>τοὺς</span> <span class='ocrx_word' id='word_1_102' title='bbox 1319 1382 1630 1453; x_wconf 82' lang='grc' dir='ltr'>αίρετικοὺς</span> <span class='ocrx_word' id='word_1_103' title='bbox 1667 1379 1796 1432; x_wconf 84' lang='grc' dir='ltr'>ἄνευ</span> <span class='ocrx_word' id='word_1_104' title='bbox 1835 1376 1930 1430; x_wconf 80' lang='grc' dir='ltr'><strong>τοῦ</strong></span> 
     </span>
    </p>
   </div>
   <div class='ocr_carea' id='block_1_21' title="bbox 2345 1290 3272 1361">
    <p class='ocr_par' dir='ltr' id='par_1_21' title="bbox 2345 1290 3272 1361">
     <span class='ocr_line' id='line_1_21' title="bbox 2345 1290 3272 1361; baseline -0.008 -12"><span class='ocrx_word' id='word_1_105' title='bbox 2345 1296 2493 1351; x_wconf 79' lang='lat' dir='ltr'><strong>Alius</strong></span> <span class='ocrx_word' id='word_1_106' title='bbox 2536 1292 2690 1347; x_wconf 82' lang='lat' dir='ltr'><strong>Felix</strong></span> <span class='ocrx_word' id='word_1_107' title='bbox 2719 1309 2749 1344; x_wconf 88' lang='lat' dir='ltr'><strong><em>a</em></strong></span> <span class='ocrx_word' id='word_1_108' title='bbox 2780 1291 3078 1361; x_wconf 78' lang='lat' dir='ltr'><strong>Vaglacena</strong></span> <span class='ocrx_word' id='word_1_109' title='bbox 3113 1290 3272 1343; x_wconf 91' lang='lat' dir='ltr'><strong>dixit.</strong></span> 
     </span>
    </p>
   </div>
   <div class='ocr_carea' id='block_1_22' title="bbox 2097 1377 3589 1451">
    <p class='ocr_par' dir='ltr' id='par_1_22' title="bbox 2097 1377 3589 1451">
     <span class='ocr_line' id='line_1_22' title="bbox 2097 1377 3589 1451; baseline -0.011 -6"><span class='ocrx_word' id='word_1_110' title='bbox 2097 1391 2158 1446; x_wconf 76' lang='lat' dir='ltr'><strong>In</strong></span> <span class='ocrx_word' id='word_1_111' title='bbox 2190 1388 2464 1445; x_wconf 70' lang='lat' dir='ltr'><strong>haereticis</strong></span> <span class='ocrx_word' id='word_1_112' title='bbox 2493 1388 2612 1441; x_wconf 84' lang='lat' dir='ltr'><strong>sine</strong></span> <span class='ocrx_word' id='word_1_113' title='bbox 2640 1385 2897 1440; x_wconf 79' lang='lat' dir='ltr'><strong>Ecclesiae</strong></span> <span class='ocrx_word' id='word_1_114' title='bbox 2932 1383 3204 1451; x_wconf 84' lang='lat' dir='ltr'><strong>baptismo</strong></span> <span class='ocrx_word' id='word_1_115' title='bbox 3251 1377 3589 1449; x_wconf 71' lang='lat' dir='ltr'><strong>recipiendis</strong></span> 
     </span>
    </p>
   </div>
   <div class='ocr_carea' id='block_1_23' title="bbox 361 1469 1948 1548">
    <p class='ocr_par' dir='ltr' id='par_1_23' title="bbox 361 1469 1931 1548">
     <span class='ocr_line' id='line_1_23' title="bbox 361 1469 1931 1548; baseline -0.005 -20"><span class='ocrx_word' id='word_1_116' title='bbox 361 1475 458 1548; x_wconf 77' lang='grc' dir='ltr'>τῆς</span> <span class='ocrx_word' id='word_1_117' title='bbox 509 1473 837 1542; x_wconf 76' lang='grc' dir='ltr'>Ἐκκλησίας</span> <span class='ocrx_word' id='word_1_118' title='bbox 874 1471 1252 1542; x_wconf 78' lang='grc' dir='ltr'><strong>βαπτίσματος</strong></span> <span class='ocrx_word' id='word_1_119' title='bbox 1291 1473 1482 1542; x_wconf 72' lang='grc' dir='ltr'>μηδείς</span> <span class='ocrx_word' id='word_1_120' title='bbox 1510 1473 1608 1542; x_wconf 85' lang='grc' dir='ltr'>τὴν</span> <span class='ocrx_word' id='word_1_121' title='bbox 1641 1469 1931 1540; x_wconf 83' lang='grc' dir='ltr'>συνήθειαν</span> 
     </span>
    </p>
   </div>
   <div class='ocr_carea' id='block_1_24' title="bbox 2080 1469 3591 1548">
    <p class='ocr_par' dir='ltr' id='par_1_24' title="bbox 2080 1474 3591 1544">
     <span class='ocr_line' id='line_1_24' title="bbox 2080 1474 3591 1544; baseline -0.009 -5"><span class='ocrx_word' id='word_1_122' title='bbox 2080 1499 2190 1539; x_wconf 73' lang='lat' dir='ltr'><strong>emo</strong></span> <span class='ocrx_word' id='word_1_123' title='bbox 2213 1481 2666 1538; x_wconf 74' lang='lat' dir='ltr'><strong>consuetudinem</strong></span> <span class='ocrx_word' id='word_1_124' title='bbox 2705 1479 2905 1532; x_wconf 85' lang='lat' dir='ltr'><strong>rationi</strong></span> <span class='ocrx_word' id='word_1_125' title='bbox 2933 1485 2986 1532; x_wconf 90' lang='lat' dir='ltr'><strong>et</strong></span> <span class='ocrx_word' id='word_1_126' title='bbox 3021 1474 3236 1530; x_wconf 86' lang='lat' dir='ltr'><strong>veritati</strong></span> <span class='ocrx_word' id='word_1_127' title='bbox 3289 1482 3591 1544; x_wconf 71' lang='lat' dir='ltr'><strong>praeponat.</strong></span> 
     </span>
    </p>
   </div>
   <div class='ocr_carea' id='block_1_25' title="bbox 360 1565 1482 1635">
    <p class='ocr_par' dir='ltr' id='par_1_25' title="bbox 360 1565 1482 1635">
     <span class='ocr_line' id='line_1_25' title="bbox 360 1565 1482 1635; baseline -0.003 -16"><span class='ocrx_word' id='word_1_128' title='bbox 360 1568 521 1633; x_wconf 74' lang='grc' dir='ltr'>Λόγου</span> <span class='ocrx_word' id='word_1_129' title='bbox 556 1568 651 1619; x_wconf 73' lang='grc' dir='ltr'>καὶ</span> <span class='ocrx_word' id='word_1_130' title='bbox 682 1567 781 1634; x_wconf 80' lang='grc' dir='ltr'><strong>τῆς</strong></span> <span class='ocrx_word' id='word_1_131' title='bbox 829 1565 1086 1633; x_wconf 73' lang='grc' dir='ltr'><strong>ἀληθείας</strong></span> <span class='ocrx_word' id='word_1_132' title='bbox 1121 1565 1482 1635; x_wconf 80' lang='grc' dir='ltr'>προκρινέτω.</span> 
     </span>
    </p>
   </div>
   <div class='ocr_carea' id='block_1_26' title="bbox 437 1650 1860 1726">
    <p class='ocr_par' dir='ltr' id='par_1_26' title="bbox 437 1650 1860 1726">
     <span class='ocr_line' id='line_1_26' title="bbox 437 1650 1860 1726; baseline -0.004 -16"><span class='ocrx_word' id='word_1_133' title='bbox 437 1659 661 1721; x_wconf 73' lang='grc' dir='ltr'>’Ἄλλος</span> <span class='ocrx_word' id='word_1_134' title='bbox 691 1654 1048 1722; x_wconf 67' lang='grc' dir='ltr'>Σατορνῖνος</span> <span class='ocrx_word' id='word_1_135' title='bbox 1088 1656 1206 1710; x_wconf 76' lang='grc' dir='ltr'><strong>ἀπὸ</strong></span> <span class='ocrx_word' id='word_1_136' title='bbox 1238 1657 1618 1726; x_wconf 63' lang='grc' dir='ltr'>Πλουτιζμνης</span> <span class='ocrx_word' id='word_1_137' title='bbox 1670 1650 1860 1707; x_wconf 76' lang='grc' dir='ltr'>εἶπεν.</span> 
     </span>
    </p>
   </div>
   <div class='ocr_carea' id='block_1_27' title="bbox 431 1741 1934 1815">
    <p class='ocr_par' dir='ltr' id='par_1_27' title="bbox 431 1741 1934 1815">
     <span class='ocr_line' id='line_1_27' title="bbox 431 1741 1934 1815; baseline -0.004 -16"><span class='ocrx_word' id='word_1_138' title='bbox 431 1750 495 1800; x_wconf 79' lang='grc' dir='ltr'><strong>Εἰ</strong></span> <span class='ocrx_word' id='word_1_139' title='bbox 553 1748 778 1800; x_wconf 86' lang='grc' dir='ltr'>δύναται</span> <span class='ocrx_word' id='word_1_140' title='bbox 842 1744 1213 1815; x_wconf 78' lang='grc' dir='ltr'>Ἀντίχριστος</span> <span class='ocrx_word' id='word_1_141' title='bbox 1259 1746 1445 1800; x_wconf 88' lang='grc' dir='ltr'>δοῦναι</span> <span class='ocrx_word' id='word_1_142' title='bbox 1495 1747 1592 1815; x_wconf 82' lang='grc' dir='ltr'>τὴν</span> <span class='ocrx_word' id='word_1_143' title='bbox 1643 1745 1804 1815; x_wconf 73' lang='grc' dir='ltr'>χάριν</span> <span class='ocrx_word' id='word_1_144' title='bbox 1837 1741 1934 1794; x_wconf 84' lang='grc' dir='ltr'><strong>τοῦ</strong></span> 
     </span>
    </p>
   </div>
   <div class='ocr_carea' id='block_1_28' title="bbox 361 1839 1933 1914">
    <p class='ocr_par' dir='ltr' id='par_1_28' title="bbox 361 1839 1933 1914">
     <span class='ocr_line' id='line_1_28' title="bbox 361 1839 1933 1914; baseline -0.003 -19"><span class='ocrx_word' id='word_1_145' title='bbox 361 1843 623 1913; x_wconf 79' lang='grc' dir='ltr'><strong>Χριστοῦ,</strong></span> <span class='ocrx_word' id='word_1_146' title='bbox 675 1844 932 1895; x_wconf 79' lang='grc' dir='ltr'>δύνανται</span> <span class='ocrx_word' id='word_1_147' title='bbox 990 1841 1085 1894; x_wconf 76' lang='grc' dir='ltr'><strong>καί</strong></span> <span class='ocrx_word' id='word_1_148' title='bbox 1134 1843 1182 1893; x_wconf 81' lang='lat' dir='ltr'><strong>oi</strong></span> <span class='ocrx_word' id='word_1_149' title='bbox 1227 1843 1496 1914; x_wconf 73' lang='grc' dir='ltr'>αίρετικοὶ</span> <span class='ocrx_word' id='word_1_150' title='bbox 1542 1841 1850 1914; x_wconf 79' lang='grc' dir='ltr'><strong>βαπτίζειν,</strong></span> <span class='ocrx_word' id='word_1_151' title='bbox 1886 1839 1933 1892; x_wconf 89' lang='grc' dir='ltr'><strong>οί</strong></span> 
     </span>
    </p>
   </div>
   <div class='ocr_carea' id='block_1_29' title="bbox 361 1934 1246 2004">
    <p class='ocr_par' dir='ltr' id='par_1_29' title="bbox 361 1934 1246 2004">
     <span class='ocr_line' id='line_1_29' title="bbox 361 1934 1246 2004; baseline 0.002 -18"><span class='ocrx_word' id='word_1_152' title='bbox 361 1934 756 2004; x_wconf 61' lang='grc' dir='ltr'>ὀνομασθέντες</span> <span class='ocrx_word' id='word_1_153' title='bbox 797 1934 1158 2003; x_wconf 83' lang='grc' dir='ltr'>ἀντίχριστοι.</span> <span class='ocrx_word' id='word_1_154' title='bbox 1243 1993 1246 1997; x_wconf 90' lang='lat'><strong>_</strong></span> 
     </span>
    </p>
   </div>
   <div class='ocr_carea' id='block_1_30' title="bbox 719 2025 1580 2097">
    <p class='ocr_par' dir='ltr' id='par_1_30' title="bbox 719 2025 1580 2097">
     <span class='ocr_line' id='line_1_30' title="bbox 719 2025 1580 2097; baseline 0.003 -18"><span class='ocrx_word' id='word_1_155' title='bbox 719 2025 970 2096; x_wconf 81' lang='grc' dir='ltr'><strong>Κόϊντος</strong></span> <span class='ocrx_word' id='word_1_156' title='bbox 990 2027 1107 2084; x_wconf 78' lang='grc' dir='ltr'><strong>ἀπὸ</strong></span> <span class='ocrx_word' id='word_1_157' title='bbox 1134 2028 1365 2097; x_wconf 79' lang='grc' dir='ltr'><strong>Οὺγὸᾶς</strong></span> <span class='ocrx_word' id='word_1_158' title='bbox 1388 2025 1580 2082; x_wconf 72' lang='grc' dir='ltr'><strong>εἶπεν.</strong></span> 
     </span>
    </p>
   </div>
   <div class='ocr_carea' id='block_1_31' title="bbox 448 2113 1944 2192">
    <p class='ocr_par' dir='ltr' id='par_1_31' title="bbox 448 2113 1944 2192">
     <span class='ocr_line' id='line_1_31' title="bbox 448 2113 1944 2192; baseline 0.003 -21"><span class='ocrx_word' id='word_1_159' title='bbox 448 2119 508 2171; x_wconf 85' lang='grc' dir='ltr'>Ὀ</span> <span class='ocrx_word' id='word_1_160' title='bbox 539 2120 670 2182; x_wconf 76' lang='grc' dir='ltr'>Θεὸς</span> <span class='ocrx_word' id='word_1_161' title='bbox 716 2113 797 2183; x_wconf 76' lang='grc' dir='ltr'><strong>είς</strong></span> <span class='ocrx_word' id='word_1_162' title='bbox 847 2122 984 2182; x_wconf 77' lang='grc' dir='ltr'>ἐστι,</span> <span class='ocrx_word' id='word_1_163' title='bbox 1019 2120 1116 2175; x_wconf 78' lang='grc' dir='ltr'>καὶ</span> <span class='ocrx_word' id='word_1_164' title='bbox 1157 2120 1454 2190; x_wconf 82' lang='grc' dir='ltr'><strong>Ἐκκλησία</strong></span> <span class='ocrx_word' id='word_1_165' title='bbox 1482 2121 1581 2189; x_wconf 86' lang='grc' dir='ltr'><strong>μία</strong></span> <span class='ocrx_word' id='word_1_166' title='bbox 1621 2123 1714 2175; x_wconf 79' lang='grc' dir='ltr'>καὶ</span> <span class='ocrx_word' id='word_1_167' title='bbox 1758 2123 1818 2177; x_wconf 84' lang='grc' dir='ltr'>ἓν</span> <span class='ocrx_word' id='word_1_168' title='bbox 1848 2123 1944 2192; x_wconf 75' lang='grc' dir='ltr'><strong>βά-</strong></span> 
     </span>
    </p>
   </div>
   <div class='ocr_carea' id='block_1_32' title="bbox 2277 1653 3351 1712">
    <p class='ocr_par' dir='ltr' id='par_1_32' title="bbox 2277 1653 3351 1712">
     <span class='ocr_line' id='line_1_32' title="bbox 2277 1653 3351 1712; baseline -0.007 -1"><span class='ocrx_word' id='word_1_169' title='bbox 2277 1657 2429 1712; x_wconf 77' lang='lat' dir='ltr'><strong>Alius</strong></span> <span class='ocrx_word' id='word_1_170' title='bbox 2455 1656 2778 1711; x_wconf 80' lang='lat' dir='ltr'><strong>Saturninus</strong></span> <span class='ocrx_word' id='word_1_171' title='bbox 2820 1671 2851 1708; x_wconf 90' lang='lat' dir='ltr'><strong><em>a</em></strong></span> <span class='ocrx_word' id='word_1_172' title='bbox 2882 1653 3158 1707; x_wconf 83' lang='lat' dir='ltr'><strong>Plutimna</strong></span> <span class='ocrx_word' id='word_1_173' title='bbox 3193 1653 3351 1705; x_wconf 88' lang='lat' dir='ltr'><strong>dixit.</strong></span> 
     </span>
    </p>
   </div>
   <div class='ocr_carea' id='block_1_33' title="bbox 2106 1741 3593 1815">
    <p class='ocr_par' dir='ltr' id='par_1_33' title="bbox 2106 1741 3593 1815">
     <span class='ocr_line' id='line_1_33' title="bbox 2106 1741 3593 1815; baseline -0.006 -14"><span class='ocrx_word' id='word_1_174' title='bbox 2106 1747 2166 1801; x_wconf 88' lang='lat' dir='ltr'><strong>Si</strong></span> <span class='ocrx_word' id='word_1_175' title='bbox 2215 1757 2396 1815; x_wconf 84' lang='lat' dir='ltr'><strong>potest</strong></span> <span class='ocrx_word' id='word_1_176' title='bbox 2431 1747 2811 1800; x_wconf 79' lang='lat' dir='ltr'><strong>Antichristus</strong></span> <span class='ocrx_word' id='word_1_177' title='bbox 2861 1751 2994 1800; x_wconf 76' lang='lat' dir='ltr'><strong>dure</strong></span> <span class='ocrx_word' id='word_1_178' title='bbox 3054 1746 3286 1812; x_wconf 74' lang='lat' dir='ltr'><strong>gratiam</strong></span> <span class='ocrx_word' id='word_1_179' title='bbox 3345 1741 3593 1809; x_wconf 80' lang='lat' dir='ltr'><strong>Christi,</strong></span> 
     </span>
    </p>
   </div>
   <div class='ocr_carea' id='block_1_34' title="bbox 2037 1837 3603 1912">
    <p class='ocr_par' dir='ltr' id='par_1_34' title="bbox 2037 1837 3603 1912">
     <span class='ocr_line' id='line_1_34' title="bbox 2037 1837 3603 1912; baseline -0.005 -16"><span class='ocrx_word' id='word_1_180' title='bbox 2037 1851 2262 1912; x_wconf 86' lang='lat' dir='ltr'><strong>possunt</strong></span> <span class='ocrx_word' id='word_1_181' title='bbox 2286 1848 2339 1895; x_wconf 89' lang='lat' dir='ltr'><strong>et</strong></span> <span class='ocrx_word' id='word_1_182' title='bbox 2410 1841 2652 1895; x_wconf 68' lang='lat' dir='ltr'><strong>haeretici</strong></span> <span class='ocrx_word' id='word_1_183' title='bbox 2685 1841 2987 1908; x_wconf 81' lang='lat' dir='ltr'><strong>baptizare,</strong></span> <span class='ocrx_word' id='word_1_184' title='bbox 3037 1840 3129 1908; x_wconf 89' lang='lat' dir='ltr'><strong>qui</strong></span> <span class='ocrx_word' id='word_1_185' title='bbox 3181 1837 3438 1907; x_wconf 84' lang='lat' dir='ltr'><strong>appellati</strong></span> <span class='ocrx_word' id='word_1_186' title='bbox 3472 1843 3603 1889; x_wconf 87' lang='lat' dir='ltr'><strong>sunt</strong></span> 
     </span>
    </p>
   </div>
   <div class='ocr_carea' id='block_1_35' title="bbox 2040 1933 2374 1988">
    <p class='ocr_par' dir='ltr' id='par_1_35' title="bbox 2040 1933 2374 1988">
     <span class='ocr_line' id='line_1_35' title="bbox 2040 1933 2374 1988; baseline -0.012 0"><span class='ocrx_word' id='word_1_187' title='bbox 2040 1933 2374 1988; x_wconf 87' lang='lat' dir='ltr'><strong>antichristi.</strong></span> 
     </span>
    </p>
   </div>
   <div class='ocr_carea' id='block_1_36' title="bbox 2467 2018 3176 2091">
    <p class='ocr_par' dir='ltr' id='par_1_36' title="bbox 2467 2018 3176 2091">
     <span class='ocr_line' id='line_1_36' title="bbox 2467 2018 3176 2091; baseline 0.001 -15"><span class='ocrx_word' id='word_1_188' title='bbox 2467 2024 2694 2091; x_wconf 82' lang='lat' dir='ltr'><strong>Quintus</strong></span> <span class='ocrx_word' id='word_1_189' title='bbox 2728 2024 2792 2076; x_wconf 90' lang='lat' dir='ltr'><strong>ab</strong></span> <span class='ocrx_word' id='word_1_190' title='bbox 2834 2023 2979 2091; x_wconf 83' lang='lat' dir='ltr'><strong>Ugba</strong></span> <span class='ocrx_word' id='word_1_191' title='bbox 3020 2018 3176 2077; x_wconf 73' lang='lat' dir='ltr'><strong>dixit.</strong></span> 
     </span>
    </p>
   </div>
   <div class='ocr_carea' id='block_1_37' title="bbox 2115 2111 3607 2179">
    <p class='ocr_par' dir='ltr' id='par_1_37' title="bbox 2115 2111 3607 2179">
     <span class='ocr_line' id='line_1_37' title="bbox 2115 2111 3607 2179; baseline -0.005 -8"><span class='ocrx_word' id='word_1_192' title='bbox 2115 2118 2260 2174; x_wconf 88' lang='lat' dir='ltr'><strong>Deus</strong></span> <span class='ocrx_word' id='word_1_193' title='bbox 2315 2132 2460 2172; x_wconf 87' lang='lat' dir='ltr'><strong>unus</strong></span> <span class='ocrx_word' id='word_1_194' title='bbox 2510 2125 2612 2178; x_wconf 85' lang='lat' dir='ltr'><strong>est,</strong></span> <span class='ocrx_word' id='word_1_195' title='bbox 2655 2125 2712 2169; x_wconf 87' lang='lat' dir='ltr'><strong>et</strong></span> <span class='ocrx_word' id='word_1_196' title='bbox 2781 2115 3023 2169; x_wconf 78' lang='lat' dir='ltr'><strong>Ecclesia</strong></span> <span class='ocrx_word' id='word_1_197' title='bbox 3058 2129 3187 2176; x_wconf 88' lang='lat' dir='ltr'><strong>una,</strong></span> <span class='ocrx_word' id='word_1_198' title='bbox 3233 2120 3286 2166; x_wconf 93' lang='lat' dir='ltr'><strong>et</strong></span> <span class='ocrx_word' id='word_1_199' title='bbox 3332 2111 3607 2179; x_wconf 79' lang='lat' dir='ltr'><strong>baptisma</strong></span> 
     </span>
    </p>
   </div>
   <div class='ocr_carea' id='block_1_38' title="bbox 366 2203 1948 2282">
    <p class='ocr_par' dir='ltr' id='par_1_38' title="bbox 366 2209 1941 2282">
     <span class='ocr_line' id='line_1_38' title="bbox 366 2209 1941 2282; baseline 0.004 -20"><span class='ocrx_word' id='word_1_200' title='bbox 366 2227 602 2280; x_wconf 77' lang='grc' dir='ltr'>πτισμα·</span> <span class='ocrx_word' id='word_1_201' title='bbox 635 2211 729 2262; x_wconf 80' lang='grc' dir='ltr'>καὶ</span> <span class='ocrx_word' id='word_1_202' title='bbox 751 2211 866 2272; x_wconf 81' lang='grc' dir='ltr'><strong>πῶς</strong></span> <span class='ocrx_word' id='word_1_203' title='bbox 889 2209 1112 2264; x_wconf 86' lang='grc' dir='ltr'>δύναταί</span> <span class='ocrx_word' id='word_1_204' title='bbox 1138 2229 1221 2274; x_wconf 82' lang='grc' dir='ltr'><strong>τις</strong></span> <span class='ocrx_word' id='word_1_205' title='bbox 1241 2213 1607 2282; x_wconf 79' lang='grc' dir='ltr'><strong>βαπτισθῆναι</strong></span> <span class='ocrx_word' id='word_1_206' title='bbox 1639 2216 1776 2280; x_wconf 74' lang='grc' dir='ltr'>ἐκεῖ,</span> <span class='ocrx_word' id='word_1_207' title='bbox 1809 2216 1941 2276; x_wconf 74' lang='grc' dir='ltr'>ὅπου</span> 
     </span>
    </p>
   </div>
   <div class='ocr_carea' id='block_1_39' title="bbox 2080 2203 3611 2282">
    <p class='ocr_par' dir='ltr' id='par_1_39' title="bbox 2085 2203 3611 2279">
     <span class='ocr_line' id='line_1_39' title="bbox 2085 2203 3611 2279; baseline -0.007 -13"><span class='ocrx_word' id='word_1_208' title='bbox 2085 2225 2248 2273; x_wconf 85' lang='lat' dir='ltr'><strong>num;</strong></span> <span class='ocrx_word' id='word_1_209' title='bbox 2279 2209 2555 2279; x_wconf 87' lang='lat' dir='ltr'><strong>quomodo</strong></span> <span class='ocrx_word' id='word_1_210' title='bbox 2585 2223 2715 2277; x_wconf 67' lang='lat' dir='ltr'><strong>ergo</strong></span> <span class='ocrx_word' id='word_1_211' title='bbox 2743 2208 2855 2262; x_wconf 91' lang='lat' dir='ltr'><strong>illic</strong></span> <span class='ocrx_word' id='word_1_212' title='bbox 2890 2207 3149 2274; x_wconf 82' lang='lat' dir='ltr'><strong>baptizari</strong></span> <span class='ocrx_word' id='word_1_213' title='bbox 3197 2203 3394 2273; x_wconf 85' lang='lat' dir='ltr'><strong>aliquis</strong></span> <span class='ocrx_word' id='word_1_214' title='bbox 3430 2211 3611 2273; x_wconf 88' lang='lat' dir='ltr'><strong>potest</strong></span> 
     </span>
    </p>
   </div>
   <div class='ocr_carea' id='block_1_40' title="bbox 367 2304 1770 2376">
    <p class='ocr_par' dir='ltr' id='par_1_40' title="bbox 367 2304 1770 2376">
     <span class='ocr_line' id='line_1_40' title="bbox 367 2304 1770 2376; baseline 0.003 -19"><span class='ocrx_word' id='word_1_215' title='bbox 367 2304 491 2358; x_wconf 70' lang='grc' dir='ltr'>οὔτε</span> <span class='ocrx_word' id='word_1_216' title='bbox 522 2305 652 2368; x_wconf 83' lang='grc' dir='ltr'>Θεὸς</span> <span class='ocrx_word' id='word_1_217' title='bbox 695 2305 816 2358; x_wconf 77' lang='grc' dir='ltr'>οὕτε</span> <span class='ocrx_word' id='word_1_218' title='bbox 847 2306 1082 2375; x_wconf 83' lang='grc' dir='ltr'>Χριστὸς</span> <span class='ocrx_word' id='word_1_219' title='bbox 1114 2305 1254 2362; x_wconf 76' lang='grc' dir='ltr'>οὔτε.</span> <span class='ocrx_word' id='word_1_220' title='bbox 1275 2307 1573 2376; x_wconf 78' lang='grc' dir='ltr'><strong>Ἐκκλησία</strong></span> <span class='ocrx_word' id='word_1_221' title='bbox 1605 2309 1722 2361; x_wconf 82' lang='grc' dir='ltr'>ὲστί</span> <span class='ocrx_word' id='word_1_222' title='bbox 1754 2326 1770 2376; x_wconf 77' lang='grc' dir='ltr'><strong>ς</strong></span> 
     </span>
    </p>
   </div>
   <div class='ocr_carea' id='block_1_41' title="bbox 582 2396 1729 2468">
    <p class='ocr_par' dir='ltr' id='par_1_41' title="bbox 582 2396 1729 2468">
     <span class='ocr_line' id='line_1_41' title="bbox 582 2396 1729 2468; baseline 0.004 -18"><span class='ocrx_word' id='word_1_223' title='bbox 582 2396 912 2464; x_wconf 79' lang='grc' dir='ltr'>Ἰουλιανὸς</span> <span class='ocrx_word' id='word_1_224' title='bbox 929 2399 1048 2456; x_wconf 81' lang='grc' dir='ltr'><strong>ἀπὸ</strong></span> <span class='ocrx_word' id='word_1_225' title='bbox 1062 2398 1519 2468; x_wconf 74' lang='grc' dir='ltr'>Μαρκελλιανῆς</span> <span class='ocrx_word' id='word_1_226' title='bbox 1537 2400 1729 2464; x_wconf 76' lang='grc' dir='ltr'>εἶπεν.</span> 
     </span>
    </p>
   </div>
   <div class='ocr_carea' id='block_1_42' title="bbox 443 2479 1944 2563">
    <p class='ocr_par' dir='ltr' id='par_1_42' title="bbox 443 2479 1944 2563">
     <span class='ocr_line' id='line_1_42' title="bbox 443 2479 1944 2563; baseline 0.003 -22"><span class='ocrx_word' id='word_1_227' title='bbox 443 2490 507 2541; x_wconf 87' lang='lat' dir='ltr'><strong>El</strong></span> <span class='ocrx_word' id='word_1_228' title='bbox 531 2488 754 2544; x_wconf 88' lang='grc' dir='ltr'>δύναται</span> <span class='ocrx_word' id='word_1_229' title='bbox 787 2479 1224 2562; x_wconf 51' lang='grc' dir='ltr'>,ἄνθρωπος’δυσὶ</span> <span class='ocrx_word' id='word_1_230' title='bbox 1260 2493 1473 2560; x_wconf 76' lang='grc' dir='ltr'>κυρίοις</span> <span class='ocrx_word' id='word_1_231' title='bbox 1496 2492 1792 2558; x_wconf 84' lang='grc' dir='ltr'>δουλεύειν,</span> <span class='ocrx_word' id='word_1_232' title='bbox 1822 2493 1944 2563; x_wconf 81' lang='grc' dir='ltr'><strong>Θεῷ</strong></span> 
     </span>
    </p>
   </div>
   <div class='ocr_carea' id='block_1_43' title="bbox 372 2579 1944 2654">
    <p class='ocr_par' dir='ltr' id='par_1_43' title="bbox 372 2579 1944 2654">
     <span class='ocr_line' id='line_1_43' title="bbox 372 2579 1944 2654; baseline 0.001 -22"><span class='ocrx_word' id='word_1_233' title='bbox 372 2580 465 2632; x_wconf 71' lang='grc' dir='ltr'>καὶ</span> <span class='ocrx_word' id='word_1_234' title='bbox 498 2581 800 2652; x_wconf 79' lang='grc' dir='ltr'>μαμμωνᾷ,</span> <span class='ocrx_word' id='word_1_235' title='bbox 835 2580 1057 2639; x_wconf 85' lang='grc' dir='ltr'>δύναται</span> <span class='ocrx_word' id='word_1_236' title='bbox 1088 2580 1270 2635; x_wconf 75' lang='grc' dir='ltr'>καὶτὸ</span> <span class='ocrx_word' id='word_1_237' title='bbox 1303 2579 1593 2654; x_wconf 74' lang='grc' dir='ltr'><strong>βάπτισμα</strong></span> <span class='ocrx_word' id='word_1_238' title='bbox 1616 2580 1767 2638; x_wconf 72' lang='grc' dir='ltr'>δυσὶν</span> <span class='ocrx_word' id='word_1_239' title='bbox 1799 2583 1944 2652; x_wconf 75' lang='grc' dir='ltr'>ὑπηο</span> 
     </span>
    </p>
   </div>
   <div class='ocr_carea' id='block_1_44' title="bbox 372 2673 570 2741">
    <p class='ocr_par' dir='ltr' id='par_1_44' title="bbox 372 2673 570 2741">
     <span class='ocr_line' id='line_1_44' title="bbox 372 2673 570 2741; baseline 0.015 -18"><span class='ocrx_word' id='word_1_240' title='bbox 372 2673 570 2741; x_wconf 83' lang='grc' dir='ltr'>ρετείν.</span> 
     </span>
    </p>
   </div>
   <div class='ocr_carea' id='block_1_45' title="bbox 616 2747 1700 2831">
    <p class='ocr_par' dir='ltr' id='par_1_45' title="bbox 616 2747 1700 2831">
     <span class='ocr_line' id='line_1_45' title="bbox 616 2747 1700 2831; baseline 0 -14"><span class='ocrx_word' id='word_1_241' title='bbox 616 2761 807 2828; x_wconf 79' lang='grc' dir='ltr'><strong>Τέναξ</strong></span> <span class='ocrx_word' id='word_1_242' title='bbox 832 2762 954 2817; x_wconf 81' lang='grc' dir='ltr'><strong>ἀπὸ</strong></span> <span class='ocrx_word' id='word_1_243' title='bbox 990 2763 1199 2831; x_wconf 67' lang='grc' dir='ltr'>Ὄρίων</span> <span class='ocrx_word' id='word_1_244' title='bbox 1228 2747 1496 2817; x_wconf 80' lang='grc' dir='ltr'>Κελλίων</span> <span class='ocrx_word' id='word_1_245' title='bbox 1544 2760 1700 2818; x_wconf 80' lang='grc' dir='ltr'>εἶπε.</span> 
     </span>
    </p>
   </div>
   <div class='ocr_carea' id='block_1_46' title="bbox 442 2851 1949 2926">
    <p class='ocr_par' dir='ltr' id='par_1_46' title="bbox 442 2851 1949 2926">
     <span class='ocr_line' id='line_1_46' title="bbox 442 2851 1949 2926; baseline -0.001 -19"><span class='ocrx_word' id='word_1_246' title='bbox 442 2855 731 2925; x_wconf 79' lang='grc' dir='ltr'>Βάπτισμα</span> <span class='ocrx_word' id='word_1_247' title='bbox 766 2855 825 2910; x_wconf 72' lang='grc' dir='ltr'>ἐν</span> <span class='ocrx_word' id='word_1_248' title='bbox 853 2858 1021 2922; x_wconf 81' lang='grc' dir='ltr'>ἐστιν,</span> <span class='ocrx_word' id='word_1_249' title='bbox 1051 2853 1186 2916; x_wconf 69' lang='grc' dir='ltr'>ἀλλὰ</span> <span class='ocrx_word' id='word_1_250' title='bbox 1227 2856 1326 2926; x_wconf 82' lang='grc' dir='ltr'>τῆς</span> <span class='ocrx_word' id='word_1_251' title='bbox 1375 2855 1726 2926; x_wconf 77' lang='grc' dir='ltr'>Ἐκκλησίας,</span> <span class='ocrx_word' id='word_1_252' title='bbox 1768 2851 1834 2926; x_wconf 83' lang='grc' dir='ltr'>ἦς</span> <span class='ocrx_word' id='word_1_253' title='bbox 1885 2854 1949 2907; x_wconf 84' lang='grc' dir='ltr'><strong>τὸ</strong></span> 
     </span>
    </p>
   </div>
   <div class='ocr_carea' id='block_1_47' title="bbox 374 2944 899 3016">
    <p class='ocr_par' dir='ltr' id='par_1_47' title="bbox 374 2944 899 3016">
     <span class='ocr_line' id='line_1_47' title="bbox 374 2944 899 3016; baseline 0.006 -19"><span class='ocrx_word' id='word_1_254' title='bbox 374 2944 658 3016; x_wconf 83' lang='grc' dir='ltr'>βάπτισμα</span> <span class='ocrx_word' id='word_1_255' title='bbox 680 2947 899 3016; x_wconf 76' lang='grc' dir='ltr'><strong>ἀληθές.</strong></span> 
     </span>
    </p>
   </div>
   <div class='ocr_carea' id='block_1_48' title="bbox 553 3022 1743 3108">
    <p class='ocr_par' dir='ltr' id='par_1_48' title="bbox 553 3022 1743 3108">
     <span class='ocr_line' id='line_1_48' title="bbox 553 3022 1743 3108; baseline 0.003 -18"><span class='ocrx_word' id='word_1_256' title='bbox 553 3040 765 3104; x_wconf 81' lang='grc' dir='ltr'>Ἄλλος</span> <span class='ocrx_word' id='word_1_257' title='bbox 807 3041 1066 3107; x_wconf 66' lang='grc' dir='ltr'><strong>Οὐϊιιτωρ</strong></span> <span class='ocrx_word' id='word_1_258' title='bbox 1097 3038 1216 3093; x_wconf 82' lang='grc' dir='ltr'><strong>ἀπὸ</strong></span> <span class='ocrx_word' id='word_1_259' title='bbox 1245 3038 1544 3108; x_wconf 80' lang='grc' dir='ltr'>Ἀσούρας</span> <span class='ocrx_word' id='word_1_260' title='bbox 1570 3022 1743 3100; x_wconf 69' lang='grc' dir='ltr'>εἶπεν</span> 
     </span>
    </p>
   </div>
   <div class='ocr_carea' id='block_1_49' title="bbox 458 3129 711 3199">
    <p class='ocr_par' dir='ltr' id='par_1_49' title="bbox 458 3129 711 3199">
     <span class='ocr_line' id='line_1_49' title="bbox 458 3129 711 3199; baseline 0 -16"><span class='ocrx_word' id='word_1_261' title='bbox 458 3129 661 3199; x_wconf 86' lang='grc' dir='ltr'>Ὅμοίω</span> <span class='ocrx_word' id='word_1_262' title='bbox 671 3149 711 3192; x_wconf 79' lang='grc' dir='ltr'>ς.</span> 
     </span>
    </p>
   </div>
   <div class='ocr_carea' id='block_1_50' title="bbox 580 3221 1732 3292">
    <p class='ocr_par' dir='ltr' id='par_1_50' title="bbox 580 3221 1732 3292">
     <span class='ocr_line' id='line_1_50' title="bbox 580 3221 1732 3292; baseline 0 -12"><span class='ocrx_word' id='word_1_263' title='bbox 580 3223 997 3292; x_wconf 74' lang='grc' dir='ltr'>Δουνατοῦλος</span> <span class='ocrx_word' id='word_1_264' title='bbox 1052 3223 1171 3278; x_wconf 80' lang='grc' dir='ltr'><strong>ἀπὸ</strong></span> <span class='ocrx_word' id='word_1_265' title='bbox 1225 3223 1478 3292; x_wconf 74' lang='grc' dir='ltr'>Κοίμψιης</span> <span class='ocrx_word' id='word_1_266' title='bbox 1540 3221 1732 3280; x_wconf 74' lang='grc' dir='ltr'>εἶπεν·</span> 
     </span>
    </p>
   </div>
   <div class='ocr_carea' id='block_1_51' title="bbox 464 3313 1944 3386">
    <p class='ocr_par' dir='ltr' id='par_1_51' title="bbox 464 3313 1944 3386">
     <span class='ocr_line' id='line_1_51' title="bbox 464 3313 1944 3386; baseline 0 -20"><span class='ocrx_word' id='word_1_267' title='bbox 464 3315 574 3368; x_wconf 68' lang='grc' dir='ltr'><strong>Ἀεὶ</strong></span> <span class='ocrx_word' id='word_1_268' title='bbox 601 3314 762 3371; x_wconf 84' lang='grc' dir='ltr'>τοῦτο</span> <span class='ocrx_word' id='word_1_269' title='bbox 794 3313 903 3384; x_wconf 77' lang='grc' dir='ltr'><strong>ἐγὼ</strong></span> <span class='ocrx_word' id='word_1_270' title='bbox 931 3313 1335 3383; x_wconf 81' lang='grc' dir='ltr'>ὲφρόνησα,’ίνα</span> <span class='ocrx_word' id='word_1_271' title='bbox 1370 3317 1419 3368; x_wconf 74' lang='lat' dir='ltr'><strong>oi</strong></span> <span class='ocrx_word' id='word_1_272' title='bbox 1447 3316 1741 3384; x_wconf 69' lang='lat' dir='ltr'><strong>uipertxol,</strong></span> <span class='ocrx_word' id='word_1_273' title='bbox 1777 3314 1944 3386; x_wconf 78' lang='grc' dir='ltr'>μηδὲν</span> 
     </span>
    </p>
   </div>
   <div class='ocr_carea' id='block_1_52' title="bbox 2043 2295 3332 2360">
    <p class='ocr_par' dir='ltr' id='par_1_52' title="bbox 2043 2295 3332 2360">
     <span class='ocr_line' id='line_1_52' title="bbox 2043 2295 3332 2360; baseline -0.006 -3"><span class='ocrx_word' id='word_1_274' title='bbox 2043 2302 2136 2358; x_wconf 85' lang='lat' dir='ltr'><strong>ubi</strong></span> <span class='ocrx_word' id='word_1_275' title='bbox 2176 2301 2318 2360; x_wconf 78' lang='lat' dir='ltr'><strong>Deus</strong></span> <span class='ocrx_word' id='word_1_276' title='bbox 2351 2300 2671 2357; x_wconf 87' lang='lat' dir='ltr'><strong>etChristus</strong></span> <span class='ocrx_word' id='word_1_277' title='bbox 2698 2308 2752 2352; x_wconf 87' lang='lat' dir='ltr'><strong>et</strong></span> <span class='ocrx_word' id='word_1_278' title='bbox 2789 2297 3030 2353; x_wconf 76' lang='lat' dir='ltr'><strong>Ecclesia</strong></span> <span class='ocrx_word' id='word_1_279' title='bbox 3067 2311 3170 2350; x_wconf 92' lang='lat' dir='ltr'><strong>non</strong></span> <span class='ocrx_word' id='word_1_280' title='bbox 3205 2295 3332 2350; x_wconf 80' lang='lat' dir='ltr'><strong>est?</strong></span> 
     </span>
    </p>
   </div>
   <div class='ocr_carea' id='block_1_53' title="bbox 2383 2388 3267 2447">
    <p class='ocr_par' dir='ltr' id='par_1_53' title="bbox 2383 2388 3267 2447">
     <span class='ocr_line' id='line_1_53' title="bbox 2383 2388 3267 2447; baseline -0.008 1"><span class='ocrx_word' id='word_1_281' title='bbox 2383 2392 2635 2447; x_wconf 69' lang='lat' dir='ltr'><strong>Julianus</strong></span> <span class='ocrx_word' id='word_1_282' title='bbox 2669 2409 2700 2444; x_wconf 94' lang='lat' dir='ltr'><strong><em>a</em></strong></span> <span class='ocrx_word' id='word_1_283' title='bbox 2734 2390 3083 2444; x_wconf 73' lang='lat' dir='ltr'><strong>Marcelliana</strong></span> <span class='ocrx_word' id='word_1_284' title='bbox 3107 2388 3267 2441; x_wconf 87' lang='lat' dir='ltr'><strong>dixit.</strong></span> 
     </span>
    </p>
   </div>
   <div class='ocr_carea' id='block_1_54' title="bbox 2117 2476 3613 2553">
    <p class='ocr_par' dir='ltr' id='par_1_54' title="bbox 2117 2476 3613 2553">
     <span class='ocr_line' id='line_1_54' title="bbox 2117 2476 3613 2553; baseline -0.008 -13"><span class='ocrx_word' id='word_1_285' title='bbox 2117 2485 2174 2540; x_wconf 89' lang='lat' dir='ltr'><strong>Si</strong></span> <span class='ocrx_word' id='word_1_286' title='bbox 2207 2491 2388 2553; x_wconf 81' lang='lat' dir='ltr'><strong>potest</strong></span> <span class='ocrx_word' id='word_1_287' title='bbox 2418 2486 2581 2538; x_wconf 88' lang='lat' dir='ltr'><strong>homo</strong></span> <span class='ocrx_word' id='word_1_288' title='bbox 2611 2482 2824 2537; x_wconf 85' lang='lat' dir='ltr'><strong>duobus</strong></span> <span class='ocrx_word' id='word_1_289' title='bbox 2847 2481 3088 2535; x_wconf 86' lang='lat' dir='ltr'><strong>dominis</strong></span> <span class='ocrx_word' id='word_1_290' title='bbox 3135 2478 3367 2541; x_wconf 83' lang='lat' dir='ltr'><strong>servire,</strong></span> <span class='ocrx_word' id='word_1_291' title='bbox 3405 2476 3516 2529; x_wconf 87' lang='lat' dir='ltr'><strong>Deo</strong></span> <span class='ocrx_word' id='word_1_292' title='bbox 3556 2484 3613 2528; x_wconf 90' lang='lat' dir='ltr'><strong>et</strong></span> 
     </span>
    </p>
   </div>
   <div class='ocr_carea' id='block_1_55' title="bbox 2047 2567 3577 2644">
    <p class='ocr_par' dir='ltr' id='par_1_55' title="bbox 2047 2567 3577 2644">
     <span class='ocr_line' id='line_1_55' title="bbox 2047 2567 3577 2644; baseline -0.007 -14"><span class='ocrx_word' id='word_1_293' title='bbox 2047 2591 2394 2638; x_wconf 83' lang='lat' dir='ltr'><strong>mammonae,</strong></span> <span class='ocrx_word' id='word_1_294' title='bbox 2442 2580 2621 2644; x_wconf 86' lang='lat' dir='ltr'><strong>potest</strong></span> <span class='ocrx_word' id='word_1_295' title='bbox 2655 2582 2709 2627; x_wconf 90' lang='lat' dir='ltr'><strong>et</strong></span> <span class='ocrx_word' id='word_1_296' title='bbox 2736 2573 3006 2642; x_wconf 83' lang='lat' dir='ltr'><strong>haptisma</strong></span> <span class='ocrx_word' id='word_1_297' title='bbox 3046 2569 3264 2624; x_wconf 85' lang='lat' dir='ltr'><strong>duobus</strong></span> <span class='ocrx_word' id='word_1_298' title='bbox 3291 2567 3577 2622; x_wconf 79' lang='lat' dir='ltr'><strong>inservire.</strong></span> 
     </span>
    </p>
   </div>
   <div class='ocr_carea' id='block_1_56' title="bbox 2420 2749 3246 2808">
    <p class='ocr_par' dir='ltr' id='par_1_56' title="bbox 2420 2749 3246 2808">
     <span class='ocr_line' id='line_1_56' title="bbox 2420 2749 3246 2808; baseline -0.006 0"><span class='ocrx_word' id='word_1_299' title='bbox 2420 2754 2600 2808; x_wconf 83' lang='lat' dir='ltr'><strong>Tennx</strong></span> <span class='ocrx_word' id='word_1_300' title='bbox 2635 2753 2698 2806; x_wconf 89' lang='lat' dir='ltr'><strong>ab</strong></span> <span class='ocrx_word' id='word_1_301' title='bbox 2731 2751 3060 2807; x_wconf 78' lang='lat' dir='ltr'><strong>Orii-Celliis</strong></span> <span class='ocrx_word' id='word_1_302' title='bbox 3087 2749 3246 2803; x_wconf 83' lang='lat' dir='ltr'><strong>dixit.</strong></span> 
     </span>
    </p>
   </div>
   <div class='ocr_carea' id='block_1_57' title="bbox 2117 2833 3621 2914">
    <p class='ocr_par' dir='ltr' id='par_1_57' title="bbox 2117 2833 3621 2914">
     <span class='ocr_line' id='line_1_57' title="bbox 2117 2833 3621 2914; baseline -0.011 -14"><span class='ocrx_word' id='word_1_303' title='bbox 2117 2844 2394 2914; x_wconf 84' lang='lat' dir='ltr'><strong>Baptisma</strong></span> <span class='ocrx_word' id='word_1_304' title='bbox 2419 2859 2594 2900; x_wconf 78' lang='lat' dir='ltr'><strong>unum</strong></span> <span class='ocrx_word' id='word_1_305' title='bbox 2619 2851 2732 2904; x_wconf 86' lang='lat' dir='ltr'><strong>est,</strong></span> <span class='ocrx_word' id='word_1_306' title='bbox 2765 2841 2862 2894; x_wconf 81' lang='lat' dir='ltr'><strong>sed</strong></span> <span class='ocrx_word' id='word_1_307' title='bbox 2891 2836 3172 2899; x_wconf 69' lang='lat' dir='ltr'><strong>Eccleslae,</strong></span> <span class='ocrx_word' id='word_1_308' title='bbox 3205 2833 3368 2900; x_wconf 85' lang='lat' dir='ltr'><strong>cujus</strong></span> <span class='ocrx_word' id='word_1_309' title='bbox 3400 2838 3486 2887; x_wconf 85' lang='lat' dir='ltr'><strong>est</strong></span> <span class='ocrx_word' id='word_1_310' title='bbox 3525 2843 3621 2884; x_wconf 84' lang='lat' dir='ltr'><strong>ve-</strong></span> 
     </span>
    </p>
   </div>
   <div class='ocr_carea' id='block_1_58' title="bbox 2046 2936 2482 3005">
    <p class='ocr_par' dir='ltr' id='par_1_58' title="bbox 2046 2936 2482 3005">
     <span class='ocr_line' id='line_1_58' title="bbox 2046 2936 2482 3005; baseline -0.014 -9"><span class='ocrx_word' id='word_1_311' title='bbox 2046 2953 2170 2996; x_wconf 85' lang='lat' dir='ltr'><strong>rum</strong></span> <span class='ocrx_word' id='word_1_312' title='bbox 2187 2936 2482 3005; x_wconf 66' lang='lat' dir='ltr'><strong>baptisma.</strong></span> 
     </span>
    </p>
   </div>
   <div class='ocr_carea' id='block_1_59' title="bbox 2381 3016 3236 3080">
    <p class='ocr_par' dir='ltr' id='par_1_59' title="bbox 2381 3016 3236 3080">
     <span class='ocr_line' id='line_1_59' title="bbox 2381 3016 3236 3080; baseline -0.014 1"><span class='ocrx_word' id='word_1_313' title='bbox 2381 3024 2551 3080; x_wconf 68' lang='lat' dir='ltr'><strong>Artius</strong></span> <span class='ocrx_word' id='word_1_314' title='bbox 2589 3022 2768 3078; x_wconf 76' lang='lat' dir='ltr'><strong>Victor</strong></span> <span class='ocrx_word' id='word_1_315' title='bbox 2791 3022 2858 3076; x_wconf 76' lang='lat' dir='ltr'><strong><em>ab</em></strong></span> <span class='ocrx_word' id='word_1_316' title='bbox 2891 3022 3066 3074; x_wconf 77' lang='lat' dir='ltr'><strong>Aura</strong></span> <span class='ocrx_word' id='word_1_317' title='bbox 3097 3016 3236 3071; x_wconf 80' lang='lat' dir='ltr'><strong>dixit</strong></span> 
     </span>
    </p>
   </div>
   <div class='ocr_carea' id='block_1_60' title="bbox 2121 3117 2408 3178">
    <p class='ocr_par' dir='ltr' id='par_1_60' title="bbox 2121 3117 2408 3178">
     <span class='ocr_line' id='line_1_60' title="bbox 2121 3117 2408 3178; baseline -0.003 -4"><span class='ocrx_word' id='word_1_318' title='bbox 2121 3117 2408 3178; x_wconf 81' lang='lat' dir='ltr'><strong>Similiter.</strong></span> 
     </span>
    </p>
   </div>
   <div class='ocr_carea' id='block_1_61' title="bbox 2473 3201 3211 3271">
    <p class='ocr_par' dir='ltr' id='par_1_61' title="bbox 2473 3201 3211 3271">
     <span class='ocr_line' id='line_1_61' title="bbox 2473 3201 3211 3271; baseline -0.016 -6"><span class='ocrx_word' id='word_1_319' title='bbox 2473 3206 2772 3265; x_wconf 75' lang='lat' dir='ltr'><strong>Donatulus</strong></span> <span class='ocrx_word' id='word_1_320' title='bbox 2794 3221 2824 3257; x_wconf 90' lang='lat' dir='ltr'><strong><em>a</em></strong></span> <span class='ocrx_word' id='word_1_321' title='bbox 2849 3205 3020 3271; x_wconf 81' lang='lat' dir='ltr'><strong>Caspe</strong></span> <span class='ocrx_word' id='word_1_322' title='bbox 3049 3201 3211 3254; x_wconf 79' lang='lat' dir='ltr'><strong>dixit.</strong></span> 
     </span>
    </p>
   </div>
   <div class='ocr_carea' id='block_1_62' title="bbox 2121 3286 3620 3371">
    <p class='ocr_par' dir='ltr' id='par_1_62' title="bbox 2121 3286 3620 3371">
     <span class='ocr_line' id='line_1_62' title="bbox 2121 3286 3620 3371; baseline -0.015 -12"><span class='ocrx_word' id='word_1_323' title='bbox 2121 3303 2186 3362; x_wconf 84' lang='lat' dir='ltr'><strong>Et</strong></span> <span class='ocrx_word' id='word_1_324' title='bbox 2213 3317 2317 3371; x_wconf 76' lang='lat' dir='ltr'><strong>ego</strong></span> <span class='ocrx_word' id='word_1_325' title='bbox 2345 3314 2558 3368; x_wconf 86' lang='lat' dir='ltr'><strong>semper</strong></span> <span class='ocrx_word' id='word_1_326' title='bbox 2581 3298 2684 3350; x_wconf 91' lang='lat' dir='ltr'><strong>hoc</strong></span> <span class='ocrx_word' id='word_1_327' title='bbox 2723 3293 2894 3357; x_wconf 87' lang='lat' dir='ltr'><strong>sensi,</strong></span> <span class='ocrx_word' id='word_1_328' title='bbox 2949 3301 3009 3344; x_wconf 92' lang='lat' dir='ltr'><strong>ut</strong></span> <span class='ocrx_word' id='word_1_329' title='bbox 3051 3289 3308 3352; x_wconf 59' lang='lat' dir='ltr'><strong>haeretici,</strong></span> <span class='ocrx_word' id='word_1_330' title='bbox 3337 3287 3430 3356; x_wconf 81' lang='lat' dir='ltr'><strong>qui</strong></span> <span class='ocrx_word' id='word_1_331' title='bbox 3482 3286 3620 3339; x_wconf 89' lang='lat' dir='ltr'><strong>nihil</strong></span> 
     </span>
    </p>
   </div>
   <div class='ocr_carea' id='block_1_63' title="bbox 379 3381 1948 3478">
    <p class='ocr_par' dir='ltr' id='par_1_63' title="bbox 379 3381 1946 3478">
     <span class='ocr_line' id='line_1_63' title="bbox 379 3381 1946 3478; baseline 0 -18"><span class='ocrx_word' id='word_1_332' title='bbox 379 3408 484 3472; x_wconf 76' lang='grc' dir='ltr'>ἔξω</span> <span class='ocrx_word' id='word_1_333' title='bbox 536 3406 718 3460; x_wconf 78' lang='grc' dir='ltr'>λαϐεῖν</span> <span class='ocrx_word' id='word_1_334' title='bbox 757 3381 1063 3473; x_wconf 79' lang='grc' dir='ltr'>δυνάμενοι,</span> <span class='ocrx_word' id='word_1_335' title='bbox 1109 3381 1238 3466; x_wconf 65' lang='grc' dir='ltr'>ὅταν</span> <span class='ocrx_word' id='word_1_336' title='bbox 1288 3406 1423 3478; x_wconf 71' lang='grc' dir='ltr'>πρὸς</span> <span class='ocrx_word' id='word_1_337' title='bbox 1467 3381 1568 3476; x_wconf 51' lang='grc' dir='ltr'>τήν</span> <span class='ocrx_word' id='word_1_338' title='bbox 1626 3381 1946 3476; x_wconf 73' lang='grc' dir='ltr'>Ἐκκλησίαν</span> 
     </span>
    </p>
   </div>
   <div class='ocr_carea' id='block_1_64' title="bbox 2080 3381 3614 3478">
    <p class='ocr_par' dir='ltr' id='par_1_64' title="bbox 2080 3381 3614 3461">
     <span class='ocr_line' id='line_1_64' title="bbox 2080 3381 3614 3461; baseline -0.014 -8"><span class='ocrx_word' id='word_1_339' title='bbox 2080 3394 2462 3461; x_wconf 82' lang='lat' dir='ltr'><strong>oriseonsequi</strong></span> <span class='ocrx_word' id='word_1_340' title='bbox 2487 3397 2738 3458; x_wconf 85' lang='lat' dir='ltr'><strong>possunt,</strong></span> <span class='ocrx_word' id='word_1_341' title='bbox 2763 3385 2983 3457; x_wconf 84' lang='lat' dir='ltr'><strong>quando</strong></span> <span class='ocrx_word' id='word_1_342' title='bbox 3042 3383 3109 3437; x_wconf 86' lang='lat' dir='ltr'><strong>ad</strong></span> <span class='ocrx_word' id='word_1_343' title='bbox 3145 3381 3447 3438; x_wconf 76' lang='lat' dir='ltr'><strong>Ecclesiam</strong></span> <span class='ocrx_word' id='word_1_344' title='bbox 3513 3393 3614 3433; x_wconf 77' lang='lat' dir='ltr'><strong>ve-</strong></span> 
     </span>
    </p>
   </div>
   <div class='ocr_carea' id='block_1_65' title="bbox 373 3495 1064 3568">
    <p class='ocr_par' dir='ltr' id='par_1_65' title="bbox 373 3495 1064 3568">
     <span class='ocr_line' id='line_1_65' title="bbox 373 3495 1064 3568; baseline 0.003 -19"><span class='ocrx_word' id='word_1_345' title='bbox 373 3497 597 3561; x_wconf 79' lang='grc' dir='ltr'>’ἔλθωσι,</span> <span class='ocrx_word' id='word_1_346' title='bbox 667 3495 1064 3568; x_wconf 84' lang='grc' dir='ltr'>βαπτισθῶσιν.</span> 
     </span>
    </p>
   </div>
   <div class='ocr_carea' id='block_1_66' title="bbox 562 3588 1760 3656">
    <p class='ocr_par' dir='ltr' id='par_1_66' title="bbox 562 3588 1760 3656">
     <span class='ocr_line' id='line_1_66' title="bbox 562 3588 1760 3656; baseline 0.003 -14"><span class='ocrx_word' id='word_1_347' title='bbox 562 3588 906 3656; x_wconf 70' lang='grc' dir='ltr'>Οὐήρουλος</span> <span class='ocrx_word' id='word_1_348' title='bbox 954 3588 1072 3642; x_wconf 79' lang='grc' dir='ltr'><strong>ἀπὸ</strong></span> <span class='ocrx_word' id='word_1_349' title='bbox 1122 3590 1548 3656; x_wconf 77' lang='grc' dir='ltr'>Ῥουσικκάδος</span> <span class='ocrx_word' id='word_1_350' title='bbox 1566 3592 1760 3648; x_wconf 80' lang='grc' dir='ltr'><strong>εἶπεν.</strong></span> 
     </span>
    </p>
   </div>
   <div class='ocr_carea' id='block_1_67' title="bbox 457 3683 1948 3758">
    <p class='ocr_par' dir='ltr' id='par_1_67' title="bbox 457 3683 1948 3758">
     <span class='ocr_line' id='line_1_67' title="bbox 457 3683 1948 3758; baseline 0.001 -23"><span class='ocrx_word' id='word_1_351' title='bbox 457 3683 780 3752; x_wconf 79' lang='grc' dir='ltr'>Ἀνθρωπος</span> <span class='ocrx_word' id='word_1_352' title='bbox 811 3683 1084 3752; x_wconf 83' lang='grc' dir='ltr'>αίρετικὺς</span> <span class='ocrx_word' id='word_1_353' title='bbox 1143 3683 1368 3736; x_wconf 88' lang='grc' dir='ltr'>δύναται</span> <span class='ocrx_word' id='word_1_354' title='bbox 1434 3685 1616 3738; x_wconf 89' lang='grc' dir='ltr'>δοῦναι</span> <span class='ocrx_word' id='word_1_355' title='bbox 1646 3686 1673 3737; x_wconf 85' lang='grc' dir='ltr'>ὃ</span> <span class='ocrx_word' id='word_1_356' title='bbox 1707 3685 1780 3755; x_wconf 81' lang='grc' dir='ltr'>μὴ</span> <span class='ocrx_word' id='word_1_357' title='bbox 1811 3685 1948 3758; x_wconf 78' lang='grc' dir='ltr'>ἔχει,</span> 
     </span>
    </p>
   </div>
   <div class='ocr_carea' id='block_1_68' title="bbox 384 3771 1835 3850">
    <p class='ocr_par' dir='ltr' id='par_1_68' title="bbox 384 3771 1835 3850">
     <span class='ocr_line' id='line_1_68' title="bbox 384 3771 1835 3850; baseline 0.001 -22"><span class='ocrx_word' id='word_1_358' title='bbox 384 3776 519 3829; x_wconf 79' lang='grc' dir='ltr'>πολὺ</span> <span class='ocrx_word' id='word_1_359' title='bbox 556 3775 757 3846; x_wconf 85' lang='grc' dir='ltr'>μᾶλλον</span> <span class='ocrx_word' id='word_1_360' title='bbox 785 3774 1165 3846; x_wconf 82' lang='grc' dir='ltr'>σχισματικὸς,</span> <span class='ocrx_word' id='word_1_361' title='bbox 1194 3777 1330 3847; x_wconf 89' lang='grc' dir='ltr'>ὅπερ</span> <span class='ocrx_word' id='word_1_362' title='bbox 1365 3771 1509 3850; x_wconf 78' lang='grc' dir='ltr'>εῖχεν</span> <span class='ocrx_word' id='word_1_363' title='bbox 1542 3777 1835 3839; x_wconf 80' lang='grc' dir='ltr'>ἀπολέσας.</span> 
     </span>
    </p>
   </div>
   <div class='ocr_carea' id='block_1_69' title="bbox 559 3954 1776 4028">
    <p class='ocr_par' dir='ltr' id='par_1_69' title="bbox 559 3954 1776 4028">
     <span class='ocr_line' id='line_1_69' title="bbox 559 3954 1776 4028; baseline -0.001 -13"><span class='ocrx_word' id='word_1_364' title='bbox 559 3960 996 4024; x_wconf 79' lang='grc' dir='ltr'>Πουδεντιιινὸς</span> <span class='ocrx_word' id='word_1_365' title='bbox 1025 3959 1145 4014; x_wconf 81' lang='grc' dir='ltr'><strong>ἀπὸ</strong></span> <span class='ocrx_word' id='word_1_366' title='bbox 1168 3961 1540 4028; x_wconf 81' lang='grc' dir='ltr'>Κουινκόλης</span> <span class='ocrx_word' id='word_1_367' title='bbox 1585 3954 1776 4014; x_wconf 78' lang='grc' dir='ltr'>εἶπεν.</span> 
     </span>
    </p>
   </div>
   <div class='ocr_carea' id='block_1_70' title="bbox 468 4048 1955 4124">
    <p class='ocr_par' dir='ltr' id='par_1_70' title="bbox 468 4048 1955 4124">
     <span class='ocr_line' id='line_1_70' title="bbox 468 4048 1955 4124; baseline 0 -18"><span class='ocrx_word' id='word_1_368' title='bbox 468 4052 593 4110; x_wconf 71' lang='grc' dir='ltr'><strong>Ἐάν</strong></span> <span class='ocrx_word' id='word_1_369' title='bbox 629 4069 714 4114; x_wconf 87' lang='grc' dir='ltr'><strong>τις</strong></span> <span class='ocrx_word' id='word_1_370' title='bbox 740 4052 847 4104; x_wconf 83' lang='grc' dir='ltr'>ἀπὸ</span> <span class='ocrx_word' id='word_1_371' title='bbox 878 4049 1144 4124; x_wconf 79' lang='grc' dir='ltr'>αἱρέσεως</span> <span class='ocrx_word' id='word_1_372' title='bbox 1170 4048 1323 4122; x_wconf 72' lang='grc' dir='ltr'><strong>ἔλθῃ,</strong></span> <span class='ocrx_word' id='word_1_373' title='bbox 1373 4050 1740 4122; x_wconf 75' lang='grc' dir='ltr'>βαπτισθῆναι</span> <span class='ocrx_word' id='word_1_374' title='bbox 1797 4051 1955 4111; x_wconf 71' lang='grc' dir='ltr'>αὐτὸν</span> 
     </span>
    </p>
   </div>
   <div class='ocr_carea' id='block_1_71' title="bbox 387 4139 1239 4216">
    <p class='ocr_par' dir='ltr' id='par_1_71' title="bbox 387 4139 1239 4216">
     <span class='ocr_line' id='line_1_71' title="bbox 387 4139 1239 4216; baseline -0.006 -18"><span class='ocrx_word' id='word_1_375' title='bbox 387 4143 560 4216; x_wconf 76' lang='grc' dir='ltr'>ὀρθῶς</span> <span class='ocrx_word' id='word_1_376' title='bbox 595 4144 689 4194; x_wconf 75' lang='grc' dir='ltr'><strong>καὶ</strong></span> <span class='ocrx_word' id='word_1_377' title='bbox 715 4140 938 4205; x_wconf 80' lang='grc' dir='ltr'>δικαίως</span> <span class='ocrx_word' id='word_1_378' title='bbox 971 4139 1239 4210; x_wconf 77' lang='grc' dir='ltr'>κέκριται.</span> 
     </span>
    </p>
   </div>
   <div class='ocr_carea' id='block_1_72' title="bbox 516 4227 1816 4304">
    <p class='ocr_par' dir='ltr' id='par_1_72' title="bbox 516 4227 1816 4304">
     <span class='ocr_line' id='line_1_72' title="bbox 516 4227 1816 4304; baseline -0.002 -16"><span class='ocrx_word' id='word_1_379' title='bbox 516 4233 736 4304; x_wconf 80' lang='grc' dir='ltr'>Πέτρος</span> <span class='ocrx_word' id='word_1_380' title='bbox 767 4233 886 4286; x_wconf 82' lang='grc' dir='ltr'><strong>ἀπὸ</strong></span> <span class='ocrx_word' id='word_1_381' title='bbox 935 4231 1223 4298; x_wconf 77' lang='grc' dir='ltr'>ἰππὼνος</span> <span class='ocrx_word' id='word_1_382' title='bbox 1264 4232 1588 4299; x_wconf 81' lang='grc' dir='ltr'>Διαρῤύτοο</span> <span class='ocrx_word' id='word_1_383' title='bbox 1618 4227 1816 4286; x_wconf 73' lang='grc' dir='ltr'>εἶπενο</span> 
     </span>
    </p>
   </div>
   <div class='ocr_carea' id='block_1_73' title="bbox 470 4323 1955 4394">
    <p class='ocr_par' dir='ltr' id='par_1_73' title="bbox 470 4323 1955 4394">
     <span class='ocr_line' id='line_1_73' title="bbox 470 4323 1955 4394; baseline -0.003 -15"><span class='ocrx_word' id='word_1_384' title='bbox 470 4326 621 4379; x_wconf 76' lang='grc' dir='ltr'>Ἐπεὶ</span> <span class='ocrx_word' id='word_1_385' title='bbox 652 4325 710 4376; x_wconf 78' lang='grc' dir='ltr'>ἓν</span> <span class='ocrx_word' id='word_1_386' title='bbox 742 4323 1028 4394; x_wconf 81' lang='grc' dir='ltr'>βάπτισμά</span> <span class='ocrx_word' id='word_1_387' title='bbox 1058 4326 1203 4376; x_wconf 78' lang='grc' dir='ltr'>ἐστιν</span> <span class='ocrx_word' id='word_1_388' title='bbox 1237 4325 1294 4375; x_wconf 81' lang='grc' dir='ltr'>ὲν</span> <span class='ocrx_word' id='word_1_389' title='bbox 1340 4325 1476 4393; x_wconf 75' lang='grc' dir='ltr'>μόνῃ</span> <span class='ocrx_word' id='word_1_390' title='bbox 1509 4325 1573 4392; x_wconf 82' lang='grc' dir='ltr'>τῇ</span> <span class='ocrx_word' id='word_1_391' title='bbox 1637 4323 1955 4392; x_wconf 65' lang='grc' dir='ltr'>Ἐκκλησία,</span> 
     </span>
    </p>
   </div>
   <div class='ocr_carea' id='block_1_74' title="bbox 2050 3486 2641 3553">
    <p class='ocr_par' dir='ltr' id='par_1_74' title="bbox 2050 3486 2641 3553">
     <span class='ocr_line' id='line_1_74' title="bbox 2050 3486 2641 3553; baseline -0.015 -9"><span class='ocrx_word' id='word_1_392' title='bbox 2050 3491 2230 3552; x_wconf 85' lang='lat' dir='ltr'><strong>uiunt,</strong></span> <span class='ocrx_word' id='word_1_393' title='bbox 2264 3486 2641 3553; x_wconf 73' lang='lat' dir='ltr'><strong>baptizeutur.</strong></span> 
     </span>
    </p>
   </div>
   <div class='ocr_carea' id='block_1_75' title="bbox 2323 3565 3320 3647">
    <p class='ocr_par' dir='ltr' id='par_1_75' title="bbox 2323 3565 3320 3647">
     <span class='ocr_line' id='line_1_75' title="bbox 2323 3565 3320 3647; baseline -0.016 -13"><span class='ocrx_word' id='word_1_394' title='bbox 2323 3577 2484 3647; x_wconf 82' lang='lat'><strong>373</strong></span> <span class='ocrx_word' id='word_1_395' title='bbox 2527 3572 2750 3627; x_wconf 79' lang='lat' dir='ltr'><strong>Verulus</strong></span> <span class='ocrx_word' id='word_1_396' title='bbox 2778 3588 2809 3623; x_wconf 92' lang='lat' dir='ltr'><strong><em>a</em></strong></span> <span class='ocrx_word' id='word_1_397' title='bbox 2839 3568 3130 3623; x_wconf 83' lang='lat' dir='ltr'><strong>Rusiccade</strong></span> <span class='ocrx_word' id='word_1_398' title='bbox 3159 3565 3320 3618; x_wconf 81' lang='lat' dir='ltr'><strong>dixit.</strong></span> 
     </span>
    </p>
   </div>
   <div class='ocr_carea' id='block_1_76' title="bbox 2122 3652 3618 3729">
    <p class='ocr_par' dir='ltr' id='par_1_76' title="bbox 2122 3652 3618 3729">
     <span class='ocr_line' id='line_1_76' title="bbox 2122 3652 3618 3729; baseline -0.014 -5"><span class='ocrx_word' id='word_1_399' title='bbox 2122 3672 2294 3725; x_wconf 83' lang='lat' dir='ltr'><strong>Homo</strong></span> <span class='ocrx_word' id='word_1_400' title='bbox 2361 3669 2648 3722; x_wconf 65' lang='lat' dir='ltr'><strong>haereticus</strong></span> <span class='ocrx_word' id='word_1_401' title='bbox 2695 3665 2826 3718; x_wconf 83' lang='lat' dir='ltr'><strong>dare</strong></span> <span class='ocrx_word' id='word_1_402' title='bbox 2880 3667 3094 3729; x_wconf 88' lang='lat' dir='ltr'><strong>potest,</strong></span> <span class='ocrx_word' id='word_1_403' title='bbox 3166 3656 3311 3726; x_wconf 85' lang='lat' dir='ltr'><strong>quod</strong></span> <span class='ocrx_word' id='word_1_404' title='bbox 3360 3669 3466 3706; x_wconf 90' lang='lat' dir='ltr'><strong>non</strong></span> <span class='ocrx_word' id='word_1_405' title='bbox 3523 3652 3618 3704; x_wconf 79' lang='lat' dir='ltr'><strong>lia~</strong></span> 
     </span>
    </p>
   </div>
   <div class='ocr_carea' id='block_1_77' title="bbox 2053 3745 3627 3830">
    <p class='ocr_par' dir='ltr' id='par_1_77' title="bbox 2053 3745 3627 3830">
     <span class='ocr_line' id='line_1_77' title="bbox 2053 3745 3627 3830; baseline -0.017 -10"><span class='ocrx_word' id='word_1_406' title='bbox 2053 3767 2174 3830; x_wconf 79' lang='lat' dir='ltr'><strong>bet;</strong></span> <span class='ocrx_word' id='word_1_407' title='bbox 2225 3763 2397 3816; x_wconf 88' lang='lat' dir='ltr'><strong>multo</strong></span> <span class='ocrx_word' id='word_1_408' title='bbox 2455 3759 2625 3830; x_wconf 76' lang='lat' dir='ltr'><strong>magis</strong></span> <span class='ocrx_word' id='word_1_409' title='bbox 2671 3755 3080 3818; x_wconf 74' lang='lat' dir='ltr'><strong>schismaticus,</strong></span> <span class='ocrx_word' id='word_1_410' title='bbox 3125 3751 3220 3822; x_wconf 85' lang='lat' dir='ltr'><strong>qui</strong></span> <span class='ocrx_word' id='word_1_411' title='bbox 3268 3747 3414 3818; x_wconf 86' lang='lat' dir='ltr'><strong>quod</strong></span> <span class='ocrx_word' id='word_1_412' title='bbox 3461 3745 3627 3800; x_wconf 72' lang='lat' dir='ltr'><strong>habet</strong></span> 
     </span>
    </p>
   </div>
   <div class='ocr_carea' id='block_1_78' title="bbox 2054 3856 2258 3912">
    <p class='ocr_par' dir='ltr' id='par_1_78' title="bbox 2054 3856 2258 3912">
     <span class='ocr_line' id='line_1_78' title="bbox 2054 3856 2258 3912; baseline -0.01 0"><span class='ocrx_word' id='word_1_413' title='bbox 2054 3856 2258 3912; x_wconf 85' lang='lat' dir='ltr'><strong>amisit.</strong></span> 
     </span>
    </p>
   </div>
   <div class='ocr_carea' id='block_1_79' title="bbox 2386 3936 3306 4007">
    <p class='ocr_par' dir='ltr' id='par_1_79' title="bbox 2386 3936 3306 4007">
     <span class='ocr_line' id='line_1_79' title="bbox 2386 3936 3306 4007; baseline -0.011 -9"><span class='ocrx_word' id='word_1_414' title='bbox 2386 3944 2758 4002; x_wconf 76' lang='lat' dir='ltr'><strong>Pudentianus</strong></span> <span class='ocrx_word' id='word_1_415' title='bbox 2787 3959 2819 3995; x_wconf 90' lang='lat' dir='ltr'><strong><em>a</em></strong></span> <span class='ocrx_word' id='word_1_416' title='bbox 2850 3938 3116 4007; x_wconf 80' lang='lat' dir='ltr'><strong>Quincola</strong></span> <span class='ocrx_word' id='word_1_417' title='bbox 3149 3936 3306 3992; x_wconf 74' lang='lat' dir='ltr'><strong>dixit.</strong></span> 
     </span>
    </p>
   </div>
   <div class='ocr_carea' id='block_1_80' title="bbox 2067 4021 3634 4109">
    <p class='ocr_par' dir='ltr' id='par_1_80' title="bbox 2067 4021 3634 4109">
     <span class='ocr_line' id='line_1_80' title="bbox 2067 4021 3634 4109; baseline -0.014 -14"><span class='ocrx_word' id='word_1_418' title='bbox 2067 4021 2069 4024; x_wconf 5' lang='grc' dir='ltr'><strong>ί</strong></span> <span class='ocrx_word' id='word_1_419' title='bbox 2130 4039 2186 4096; x_wconf 89' lang='lat' dir='ltr'><strong>Si</strong></span> <span class='ocrx_word' id='word_1_420' title='bbox 2216 4038 2339 4109; x_wconf 83' lang='lat' dir='ltr'><strong>quis</strong></span> <span class='ocrx_word' id='word_1_421' title='bbox 2368 4053 2434 4096; x_wconf 80' lang='lat' dir='ltr'><strong>ex</strong></span> <span class='ocrx_word' id='word_1_422' title='bbox 2465 4035 2654 4092; x_wconf 79' lang='lat' dir='ltr'><strong>haeresi</strong></span> <span class='ocrx_word' id='word_1_423' title='bbox 2689 4032 2922 4095; x_wconf 81' lang='lat' dir='ltr'><strong>venerit,</strong></span> <span class='ocrx_word' id='word_1_424' title='bbox 2948 4026 3213 4098; x_wconf 77' lang='lat' dir='ltr'><strong>baptizari</strong></span> <span class='ocrx_word' id='word_1_425' title='bbox 3243 4039 3366 4082; x_wconf 84' lang='lat' dir='ltr'><strong>eum</strong></span> <span class='ocrx_word' id='word_1_426' title='bbox 3393 4030 3542 4080; x_wconf 86' lang='lat' dir='ltr'><strong>recte</strong></span> <span class='ocrx_word' id='word_1_427' title='bbox 3569 4035 3634 4074; x_wconf 90' lang='lat' dir='ltr'><strong>ac</strong></span> 
     </span>
    </p>
   </div>
   <div class='ocr_carea' id='block_1_81' title="bbox 2057 4134 2623 4198">
    <p class='ocr_par' dir='ltr' id='par_1_81' title="bbox 2057 4134 2623 4198">
     <span class='ocr_line' id='line_1_81' title="bbox 2057 4134 2623 4198; baseline -0.018 -8"><span class='ocrx_word' id='word_1_428' title='bbox 2057 4134 2204 4198; x_wconf 83' lang='lat' dir='ltr'><strong>iuste</strong></span> <span class='ocrx_word' id='word_1_429' title='bbox 2235 4138 2495 4186; x_wconf 86' lang='lat' dir='ltr'><strong>statutum</strong></span> <span class='ocrx_word' id='word_1_430' title='bbox 2521 4136 2623 4182; x_wconf 86' lang='lat' dir='ltr'><strong>est.</strong></span> 
     </span>
    </p>
   </div>
   <div class='ocr_carea' id='block_1_82' title="bbox 2305 4209 3377 4287">
    <p class='ocr_par' dir='ltr' id='par_1_82' title="bbox 2305 4209 3377 4287">
     <span class='ocr_line' id='line_1_82' title="bbox 2305 4209 3377 4287; baseline -0.017 -7"><span class='ocrx_word' id='word_1_431' title='bbox 2305 4222 2496 4280; x_wconf 78' lang='lat' dir='ltr'><strong>Petrus</strong></span> <span class='ocrx_word' id='word_1_432' title='bbox 2532 4222 2597 4277; x_wconf 87' lang='lat' dir='ltr'><strong>ab</strong></span> <span class='ocrx_word' id='word_1_433' title='bbox 2631 4219 2870 4287; x_wconf 79' lang='lat' dir='ltr'><strong>Hippone</strong></span> <span class='ocrx_word' id='word_1_434' title='bbox 2898 4213 3188 4281; x_wconf 78' lang='lat' dir='ltr'><strong>Diarrhyto</strong></span> <span class='ocrx_word' id='word_1_435' title='bbox 3218 4209 3377 4262; x_wconf 82' lang='lat' dir='ltr'><strong>dixit.</strong></span> 
     </span>
    </p>
   </div>
   <div class='ocr_carea' id='block_1_83' title="bbox 2128 4300 3630 4383">
    <p class='ocr_par' dir='ltr' id='par_1_83' title="bbox 2128 4300 3630 4383">
     <span class='ocr_line' id='line_1_83' title="bbox 2128 4300 3630 4383; baseline -0.015 -11"><span class='ocrx_word' id='word_1_436' title='bbox 2128 4317 2264 4374; x_wconf 85' lang='lat' dir='ltr'><strong>Cum</strong></span> <span class='ocrx_word' id='word_1_437' title='bbox 2294 4315 2560 4383; x_wconf 85' lang='lat' dir='ltr'><strong>baptisma</strong></span> <span class='ocrx_word' id='word_1_438' title='bbox 2593 4327 2760 4368; x_wconf 90' lang='lat' dir='ltr'><strong>unum</strong></span> <span class='ocrx_word' id='word_1_439' title='bbox 2787 4310 2858 4366; x_wconf 87' lang='lat' dir='ltr'><strong>sit</strong></span> <span class='ocrx_word' id='word_1_440' title='bbox 2881 4310 2934 4362; x_wconf 92' lang='lat' dir='ltr'><strong>in</strong></span> <span class='ocrx_word' id='word_1_441' title='bbox 2967 4306 3080 4362; x_wconf 87' lang='lat' dir='ltr'><strong>sola</strong></span> <span class='ocrx_word' id='word_1_442' title='bbox 3107 4302 3350 4358; x_wconf 83' lang='lat' dir='ltr'><strong>Ecclesia</strong></span> <span class='ocrx_word' id='word_1_443' title='bbox 3373 4339 3389 4362; x_wconf 90' lang='lat'><strong>,</strong></span> <span class='ocrx_word' id='word_1_444' title='bbox 3425 4300 3630 4353; x_wconf 78' lang='lat' dir='ltr'><strong>idcirco</strong></span> 
     </span>
    </p>
   </div>
   <div class='ocr_carea' id='block_1_84' title="bbox 389 4393 1948 4484">
    <p class='ocr_par' dir='ltr' id='par_1_84' title="bbox 389 4413 1948 4484">
     <span class='ocr_line' id='line_1_84' title="bbox 389 4413 1948 4484; baseline 0 -14"><span class='ocrx_word' id='word_1_445' title='bbox 389 4417 475 4472; x_wconf 75' lang='grc' dir='ltr'><strong>διὰ</strong></span> <span class='ocrx_word' id='word_1_446' title='bbox 502 4417 657 4469; x_wconf 87' lang='grc' dir='ltr'>τοῦτο</span> <span class='ocrx_word' id='word_1_447' title='bbox 682 4417 808 4480; x_wconf 72' lang='grc' dir='ltr'>τοὺς</span> <span class='ocrx_word' id='word_1_448' title='bbox 839 4415 946 4468; x_wconf 83' lang='grc' dir='ltr'><strong>ἀπὸ</strong></span> <span class='ocrx_word' id='word_1_449' title='bbox 976 4414 1086 4467; x_wconf 82' lang='grc' dir='ltr'><strong>τῶν</strong></span> <span class='ocrx_word' id='word_1_450' title='bbox 1136 4413 1425 4484; x_wconf 83' lang='grc' dir='ltr'>αίρετικῶν</span> <span class='ocrx_word' id='word_1_451' title='bbox 1459 4415 1552 4468; x_wconf 80' lang='grc' dir='ltr'>καὶ</span> <span class='ocrx_word' id='word_1_452' title='bbox 1585 4413 1948 4483; x_wconf 63' lang='grc' dir='ltr'>σχισματικῶι</span> 
     </span>
    </p>
   </div>
   <div class='ocr_carea' id='block_1_85' title="bbox 2080 4393 3636 4484">
    <p class='ocr_par' dir='ltr' id='par_1_85' title="bbox 2080 4393 3636 4475">
     <span class='ocr_line' id='line_1_85' title="bbox 2080 4393 3636 4475; baseline -0.014 -13"><span class='ocrx_word' id='word_1_453' title='bbox 2080 4421 2178 4472; x_wconf 67' lang='lat' dir='ltr'><strong>eos,</strong></span> <span class='ocrx_word' id='word_1_454' title='bbox 2225 4406 2317 4475; x_wconf 81' lang='lat' dir='ltr'><strong>qui</strong></span> <span class='ocrx_word' id='word_1_455' title='bbox 2363 4406 2432 4460; x_wconf 89' lang='lat' dir='ltr'><strong>ab</strong></span> <span class='ocrx_word' id='word_1_456' title='bbox 2465 4404 2734 4460; x_wconf 68' lang='lat' dir='ltr'><strong>haereticis</strong></span> <span class='ocrx_word' id='word_1_457' title='bbox 2775 4411 2829 4456; x_wconf 89' lang='lat' dir='ltr'><strong>et</strong></span> <span class='ocrx_word' id='word_1_458' title='bbox 2858 4397 3224 4456; x_wconf 78' lang='lat' dir='ltr'><strong>schismaticis</strong></span> <span class='ocrx_word' id='word_1_459' title='bbox 3271 4393 3518 4453; x_wconf 76' lang='lat' dir='ltr'><strong>veniunt,</strong></span> <span class='ocrx_word' id='word_1_460' title='bbox 3574 4395 3636 4442; x_wconf 91' lang='lat' dir='ltr'><strong>ut</strong></span> 
     </span>
    </p>
   </div>
   <div class='ocr_carea' id='block_1_86' title="bbox 389 4506 1958 4576">
    <p class='ocr_par' dir='ltr' id='par_1_86' title="bbox 389 4506 1958 4576">
     <span class='ocr_line' id='line_1_86' title="bbox 389 4506 1958 4576; baseline 0 -16"><span class='ocrx_word' id='word_1_461' title='bbox 389 4508 665 4573; x_wconf 79' lang='grc' dir='ltr'>ἐλθόντας,</span> <span class='ocrx_word' id='word_1_462' title='bbox 695 4509 770 4569; x_wconf 80' lang='grc' dir='ltr'>ὡς</span> <span class='ocrx_word' id='word_1_463' title='bbox 803 4507 969 4576; x_wconf 83' lang='grc' dir='ltr'>μηδὲν</span> <span class='ocrx_word' id='word_1_464' title='bbox 1006 4506 1214 4558; x_wconf 76' lang='grc' dir='ltr'>ἐκεῖθεν</span> <span class='ocrx_word' id='word_1_465' title='bbox 1250 4506 1560 4574; x_wconf 75' lang='grc' dir='ltr'>εἰληφότας,</span> <span class='ocrx_word' id='word_1_466' title='bbox 1621 4506 1677 4558; x_wconf 81' lang='grc' dir='ltr'>ὲν</span> <span class='ocrx_word' id='word_1_467' title='bbox 1726 4508 1792 4576; x_wconf 82' lang='grc' dir='ltr'>τῇ</span> <span class='ocrx_word' id='word_1_468' title='bbox 1838 4507 1958 4560; x_wconf 69' lang='grc' dir='ltr'><strong>Ἐκα-</strong></span> 
     </span>
    </p>
   </div>
   <div class='ocr_carea' id='block_1_87' title="bbox 392 4598 1192 4671">
    <p class='ocr_par' dir='ltr' id='par_1_87' title="bbox 392 4598 1192 4671">
     <span class='ocr_line' id='line_1_87' title="bbox 392 4598 1192 4671; baseline -0.004 -19"><span class='ocrx_word' id='word_1_469' title='bbox 392 4601 588 4671; x_wconf 76' lang='grc' dir='ltr'>κλησίᾳ</span> <span class='ocrx_word' id='word_1_470' title='bbox 615 4598 973 4669; x_wconf 81' lang='grc' dir='ltr'>βαπτίζεσθαι</span> <span class='ocrx_word' id='word_1_471' title='bbox 1003 4600 1192 4670; x_wconf 86' lang='grc' dir='ltr'>κρίνω.</span> 
     </span>
    </p>
   </div>
   <div class='ocr_carea' id='block_1_88' title="bbox 568 4682 1767 4757">
    <p class='ocr_par' dir='ltr' id='par_1_88' title="bbox 568 4682 1767 4757">
     <span class='ocr_line' id='line_1_88' title="bbox 568 4682 1767 4757; baseline -0.003 -13"><span class='ocrx_word' id='word_1_472' title='bbox 568 4693 794 4755; x_wconf 83' lang='grc' dir='ltr'>Ἀλλος</span> <span class='ocrx_word' id='word_1_473' title='bbox 827 4690 1080 4754; x_wconf 82' lang='grc' dir='ltr'>Λούκιος</span> <span class='ocrx_word' id='word_1_474' title='bbox 1117 4688 1236 4741; x_wconf 80' lang='grc' dir='ltr'><strong>ἀπὸ</strong></span> <span class='ocrx_word' id='word_1_475' title='bbox 1261 4687 1547 4757; x_wconf 53' lang='lat' dir='ltr'><strong>nomen;</strong></span> <span class='ocrx_word' id='word_1_476' title='bbox 1576 4682 1767 4741; x_wconf 74' lang='grc' dir='ltr'>εἶπεν.</span> 
     </span>
    </p>
   </div>
   <div class='ocr_carea' id='block_1_89' title="bbox 471 4777 1959 4850">
    <p class='ocr_par' dir='ltr' id='par_1_89' title="bbox 471 4777 1959 4850">
     <span class='ocr_line' id='line_1_89' title="bbox 471 4777 1959 4850; baseline -0.005 -14"><span class='ocrx_word' id='word_1_477' title='bbox 471 4784 622 4846; x_wconf 68' lang='grc' dir='ltr'>Ἔνος</span> <span class='ocrx_word' id='word_1_478' title='bbox 654 4783 806 4844; x_wconf 75' lang='grc' dir='ltr'>ὄντος</span> <span class='ocrx_word' id='word_1_479' title='bbox 830 4781 966 4833; x_wconf 85' lang='grc' dir='ltr'>Θεοῦ</span> <span class='ocrx_word' id='word_1_480' title='bbox 1006 4780 1102 4834; x_wconf 73' lang='grc' dir='ltr'><strong>καὶ</strong></span> <span class='ocrx_word' id='word_1_481' title='bbox 1137 4780 1349 4850; x_wconf 75' lang='grc' dir='ltr'>[ἰατρὸς</span> <span class='ocrx_word' id='word_1_482' title='bbox 1381 4779 1476 4832; x_wconf 77' lang='grc' dir='ltr'><strong>καὶ</strong></span> <span class='ocrx_word' id='word_1_483' title='bbox 1521 4779 1650 4832; x_wconf 87' lang='grc' dir='ltr'><strong>Υἱοῦ</strong></span> <span class='ocrx_word' id='word_1_484' title='bbox 1685 4779 1779 4833; x_wconf 66' lang='grc' dir='ltr'><strong>καὶ</strong></span> <span class='ocrx_word' id='word_1_485' title='bbox 1802 4777 1959 4845; x_wconf 82' lang='grc' dir='ltr'>ἁγίου</span> 
     </span>
    </p>
   </div>
   <div class='ocr_carea' id='block_1_90' title="bbox 395 4866 1960 4945">
    <p class='ocr_par' dir='ltr' id='par_1_90' title="bbox 395 4866 1960 4945">
     <span class='ocr_line' id='line_1_90' title="bbox 395 4866 1960 4945; baseline -0.006 -17"><span class='ocrx_word' id='word_1_486' title='bbox 395 4875 733 4945; x_wconf 82' lang='grc' dir='ltr'>Πνεύματος,</span> <span class='ocrx_word' id='word_1_487' title='bbox 761 4875 855 4926; x_wconf 73' lang='grc' dir='ltr'>καὶ</span> <span class='ocrx_word' id='word_1_488' title='bbox 883 4873 1009 4942; x_wconf 84' lang='grc' dir='ltr'>μιᾶς</span> <span class='ocrx_word' id='word_1_489' title='bbox 1035 4871 1273 4936; x_wconf 79' lang='grc' dir='ltr'>ἐλπίδος,</span> <span class='ocrx_word' id='word_1_490' title='bbox 1310 4866 1403 4924; x_wconf 81' lang='grc' dir='ltr'>καὶ</span> <span class='ocrx_word' id='word_1_491' title='bbox 1443 4871 1572 4940; x_wconf 82' lang='grc' dir='ltr'>μιᾶς</span> <span class='ocrx_word' id='word_1_492' title='bbox 1610 4868 1960 4940; x_wconf 79' lang='grc' dir='ltr'>Ἐκκλησίας,</span> 
     </span>
    </p>
   </div>
   <div class='ocr_carea' id='block_1_91' title="bbox 391 4953 1961 5036">
    <p class='ocr_par' dir='ltr' id='par_1_91' title="bbox 391 4953 1961 5036">
     <span class='ocr_line' id='line_1_91' title="bbox 391 4953 1961 5036; baseline -0.004 -17"><span class='ocrx_word' id='word_1_493' title='bbox 391 4966 460 5020; x_wconf 72' lang='grc' dir='ltr'>τὰ</span> <span class='ocrx_word' id='word_1_494' title='bbox 489 4965 638 5036; x_wconf 75' lang='grc' dir='ltr'>παρὰ</span> <span class='ocrx_word' id='word_1_495' title='bbox 671 4966 782 5026; x_wconf 81' lang='grc' dir='ltr'>τοῖς</span> <span class='ocrx_word' id='word_1_496' title='bbox 843 4964 1142 5032; x_wconf 84' lang='grc' dir='ltr'>αίρετικοῖς</span> <span class='ocrx_word' id='word_1_497' title='bbox 1182 4953 1532 5030; x_wconf 80' lang='grc' dir='ltr'>πραττόμενα</span> <span class='ocrx_word' id='word_1_498' title='bbox 1593 4959 1816 5014; x_wconf 85' lang='grc' dir='ltr'>λύεσθαι</span> <span class='ocrx_word' id='word_1_499' title='bbox 1850 4960 1961 5012; x_wconf 82' lang='grc' dir='ltr'>δεῖν</span> 
     </span>
    </p>
   </div>
   <div class='ocr_carea' id='block_1_92' title="bbox 394 5049 1965 5127">
    <p class='ocr_par' dir='ltr' id='par_1_92' title="bbox 394 5049 1965 5127">
     <span class='ocr_line' id='line_1_92' title="bbox 394 5049 1965 5127; baseline -0.006 -16"><span class='ocrx_word' id='word_1_500' title='bbox 394 5077 556 5127; x_wconf 83' lang='grc' dir='ltr'>φημι,</span> <span class='ocrx_word' id='word_1_501' title='bbox 591 5057 827 5118; x_wconf 75' lang='grc' dir='ltr'>καὶτοὺς</span> <span class='ocrx_word' id='word_1_502' title='bbox 867 5054 963 5114; x_wconf 65' lang='grc' dir='ltr'><strong>ᾲπ’</strong></span> <span class='ocrx_word' id='word_1_503' title='bbox 1003 5054 1183 5109; x_wconf 81' lang='grc' dir='ltr'>αὐτῶν</span> <span class='ocrx_word' id='word_1_504' title='bbox 1245 5052 1570 5124; x_wconf 79' lang='grc' dir='ltr'>ἐρχομένους</span> <span class='ocrx_word' id='word_1_505' title='bbox 1613 5053 1669 5104; x_wconf 84' lang='grc' dir='ltr'>ὲν</span> <span class='ocrx_word' id='word_1_506' title='bbox 1718 5053 1784 5122; x_wconf 75' lang='grc' dir='ltr'>τῇ</span> <span class='ocrx_word' id='word_1_507' title='bbox 1846 5049 1965 5108; x_wconf 79' lang='grc' dir='ltr'><strong>Ἐκ-</strong></span> 
     </span>
    </p>
   </div>
   <div class='ocr_carea' id='block_1_93' title="bbox 395 5147 928 5219">
    <p class='ocr_par' dir='ltr' id='par_1_93' title="bbox 395 5147 928 5219">
     <span class='ocr_line' id='line_1_93' title="bbox 395 5147 928 5219; baseline -0.006 -17"><span class='ocrx_word' id='word_1_508' title='bbox 395 5149 594 5219; x_wconf 69' lang='grc' dir='ltr'>κλησίᾳ</span> <span class='ocrx_word' id='word_1_509' title='bbox 623 5147 928 5216; x_wconf 84' lang='grc' dir='ltr'>βαπτίζειν.</span> 
     </span>
    </p>
   </div>
   <div class='ocr_carea' id='block_1_94' title="bbox 609 5229 1738 5305">
    <p class='ocr_par' dir='ltr' id='par_1_94' title="bbox 609 5229 1738 5305">
     <span class='ocr_line' id='line_1_94' title="bbox 609 5229 1738 5305; baseline -0.004 -14"><span class='ocrx_word' id='word_1_510' title='bbox 609 5241 825 5304; x_wconf 79' lang='grc' dir='ltr'>Ἄλλος</span> <span class='ocrx_word' id='word_1_511' title='bbox 854 5238 1046 5305; x_wconf 75' lang='grc' dir='ltr'>Φῆλιξ</span> <span class='ocrx_word' id='word_1_512' title='bbox 1075 5236 1194 5291; x_wconf 81' lang='grc' dir='ltr'><strong>ἀπὸ</strong></span> <span class='ocrx_word' id='word_1_513' title='bbox 1231 5234 1520 5305; x_wconf 84' lang='grc' dir='ltr'><strong>Τουριτῶν</strong></span> <span class='ocrx_word' id='word_1_514' title='bbox 1545 5229 1738 5290; x_wconf 76' lang='grc' dir='ltr'>εἶπεν.</span> 
     </span>
    </p>
   </div>
   <div class='ocr_carea' id='block_1_95' title="bbox 477 5324 1966 5402">
    <p class='ocr_par' dir='ltr' id='par_1_95' title="bbox 477 5324 1966 5402">
     <span class='ocr_line' id='line_1_95' title="bbox 477 5324 1966 5402; baseline -0.009 -16"><span class='ocrx_word' id='word_1_515' title='bbox 477 5332 618 5402; x_wconf 81' lang='grc' dir='ltr'><strong>Ἐγὼ</strong></span> <span class='ocrx_word' id='word_1_516' title='bbox 646 5332 840 5402; x_wconf 83' lang='grc' dir='ltr'>κρίνω,</span> <span class='ocrx_word' id='word_1_517' title='bbox 875 5330 960 5384; x_wconf 83' lang='grc' dir='ltr'><strong>ῐνα</strong></span> <span class='ocrx_word' id='word_1_518' title='bbox 999 5329 1308 5391; x_wconf 83' lang='grc' dir='ltr'>ἀκολούθως</span> <span class='ocrx_word' id='word_1_519' title='bbox 1346 5329 1463 5388; x_wconf 84' lang='grc' dir='ltr'>ταῖς</span> <span class='ocrx_word' id='word_1_520' title='bbox 1512 5325 1687 5387; x_wconf 87' lang='grc' dir='ltr'>θείαις</span> <span class='ocrx_word' id='word_1_521' title='bbox 1719 5324 1966 5393; x_wconf 81' lang='grc' dir='ltr'>Γραφαῖς</span> 
     </span>
    </p>
   </div>
   <div class='ocr_carea' id='block_1_96' title="bbox 394 5414 1966 5498">
    <p class='ocr_par' dir='ltr' id='par_1_96' title="bbox 394 5414 1966 5498">
     <span class='ocr_line' id='line_1_96' title="bbox 394 5414 1966 5498; baseline -0.01 -19"><span class='ocrx_word' id='word_1_522' title='bbox 394 5426 584 5498; x_wconf 79' lang='grc' dir='ltr'>ἄνομοι</span> <span class='ocrx_word' id='word_1_523' title='bbox 608 5423 756 5494; x_wconf 75' lang='grc' dir='ltr'>παρὰ</span> <span class='ocrx_word' id='word_1_524' title='bbox 782 5425 895 5485; x_wconf 82' lang='grc' dir='ltr'>τοῖς</span> <span class='ocrx_word' id='word_1_525' title='bbox 945 5423 1238 5491; x_wconf 84' lang='grc' dir='ltr'>αίρετικοῖς</span> <span class='ocrx_word' id='word_1_526' title='bbox 1291 5419 1695 5488; x_wconf 80' lang='grc' dir='ltr'>βαπτισθέντες,</span> <span class='ocrx_word' id='word_1_527' title='bbox 1729 5415 1793 5466; x_wconf 83' lang='grc' dir='ltr'><strong>ἂν</strong></span> <span class='ocrx_word' id='word_1_528' title='bbox 1831 5414 1966 5482; x_wconf 76' lang='grc' dir='ltr'>πρὸς</span> 
     </span>
    </p>
   </div>
   <div class='ocr_carea' id='block_1_97' title="bbox 394 5505 1966 5585">
    <p class='ocr_par' dir='ltr' id='par_1_97' title="bbox 394 5505 1966 5585">
     <span class='ocr_line' id='line_1_97' title="bbox 394 5505 1966 5585; baseline -0.007 -18"><span class='ocrx_word' id='word_1_529' title='bbox 394 5515 492 5585; x_wconf 82' lang='grc' dir='ltr'>τὴν</span> <span class='ocrx_word' id='word_1_530' title='bbox 534 5514 861 5584; x_wconf 85' lang='grc' dir='ltr'>Ἐκκλησίαν</span> <span class='ocrx_word' id='word_1_531' title='bbox 902 5511 1280 5580; x_wconf 79' lang='grc' dir='ltr'>καταφύγωσι,</span> <span class='ocrx_word' id='word_1_532' title='bbox 1341 5511 1417 5580; x_wconf 81' lang='grc' dir='ltr'>τῷ</span> <span class='ocrx_word' id='word_1_533' title='bbox 1476 5510 1574 5577; x_wconf 81' lang='grc' dir='ltr'>τῆς</span> <span class='ocrx_word' id='word_1_534' title='bbox 1643 5505 1966 5574; x_wconf 76' lang='grc' dir='ltr'>Ἐκκλησίας</span> 
     </span>
    </p>
   </div>
   <div class='ocr_carea' id='block_1_98' title="bbox 398 5591 1965 5676">
    <p class='ocr_par' dir='ltr' id='par_1_98' title="bbox 398 5591 1965 5676">
     <span class='ocr_line' id='line_1_98' title="bbox 398 5591 1965 5676; baseline -0.008 -15"><span class='ocrx_word' id='word_1_535' title='bbox 398 5607 758 5676; x_wconf 80' lang='grc' dir='ltr'>βαπτίσματι,</span> <span class='ocrx_word' id='word_1_536' title='bbox 790 5606 916 5660; x_wconf 74' lang='grc' dir='ltr'>ἔνθα</span> <span class='ocrx_word' id='word_1_537' title='bbox 946 5603 1096 5658; x_wconf 80' lang='grc' dir='ltr'>πᾶσα</span> <span class='ocrx_word' id='word_1_538' title='bbox 1126 5602 1344 5672; x_wconf 75' lang='grc' dir='ltr'>ἐξουσία</span> <span class='ocrx_word' id='word_1_539' title='bbox 1383 5603 1531 5672; x_wconf 76' lang='grc' dir='ltr'>παρὰ</span> <span class='ocrx_word' id='word_1_540' title='bbox 1556 5599 1648 5652; x_wconf 87' lang='grc' dir='ltr'><strong>τοῦ</strong></span> <span class='ocrx_word' id='word_1_541' title='bbox 1701 5591 1835 5650; x_wconf 83' lang='grc' dir='ltr'>Θεοῦ</span> <span class='ocrx_word' id='word_1_542' title='bbox 1873 5596 1965 5651; x_wconf 81' lang='grc' dir='ltr'><strong>δέ·-</strong></span> 
     </span>
    </p>
   </div>
   <div class='ocr_carea' id='block_1_99' title="bbox 395 5699 996 5770">
    <p class='ocr_par' dir='ltr' id='par_1_99' title="bbox 395 5699 996 5770">
     <span class='ocr_line' id='line_1_99' title="bbox 395 5699 996 5770; baseline -0.005 -18"><span class='ocrx_word' id='word_1_543' title='bbox 395 5700 570 5765; x_wconf 81' lang='grc' dir='ltr'>δοται,</span> <span class='ocrx_word' id='word_1_544' title='bbox 600 5699 996 5770; x_wconf 85' lang='grc' dir='ltr'>βαπτισθῶσιν.</span> 
     </span>
    </p>
   </div>
   <div class='ocr_carea' id='block_1_100' title="bbox 639 5784 1716 5855">
    <p class='ocr_par' dir='ltr' id='par_1_100' title="bbox 639 5784 1716 5855">
     <span class='ocr_line' id='line_1_100' title="bbox 639 5784 1716 5855; baseline -0.008 -9"><span class='ocrx_word' id='word_1_545' title='bbox 639 5791 1010 5855; x_wconf 82' lang='grc' dir='ltr'>Πλουτιανός</span> <span class='ocrx_word' id='word_1_546' title='bbox 1044 5788 1165 5844; x_wconf 81' lang='grc' dir='ltr'><strong>ἀπὸ</strong></span> <span class='ocrx_word' id='word_1_547' title='bbox 1213 5785 1491 5853; x_wconf 78' lang='grc' dir='ltr'><strong>Λαϐάνης</strong></span> <span class='ocrx_word' id='word_1_548' title='bbox 1525 5784 1716 5838; x_wconf 77' lang='grc' dir='ltr'>εἶπεν.</span> 
     </span>
    </p>
   </div>
   <div class='ocr_carea' id='block_1_101' title="bbox 478 5869 1961 5952">
    <p class='ocr_par' dir='ltr' id='par_1_101' title="bbox 478 5869 1961 5952">
     <span class='ocr_line' id='line_1_101' title="bbox 478 5869 1961 5952; baseline -0.011 -13"><span class='ocrx_word' id='word_1_549' title='bbox 478 5881 622 5952; x_wconf 83' lang='grc' dir='ltr'><strong>Ἐγὼ</strong></span> <span class='ocrx_word' id='word_1_550' title='bbox 663 5880 902 5935; x_wconf 84' lang='grc' dir='ltr'>πιστεύω</span> <span class='ocrx_word' id='word_1_551' title='bbox 934 5879 1279 5951; x_wconf 82' lang='grc' dir='ltr'>βαπτίσματι</span> <span class='ocrx_word' id='word_1_552' title='bbox 1313 5877 1590 5946; x_wconf 79' lang='grc' dir='ltr'>σωτηρίαν</span> <span class='ocrx_word' id='word_1_553' title='bbox 1622 5874 1697 5944; x_wconf 81' lang='grc' dir='ltr'>μὴ</span> <span class='ocrx_word' id='word_1_554' title='bbox 1728 5869 1887 5936; x_wconf 71' lang='grc' dir='ltr'>εἶναι,</span> <span class='ocrx_word' id='word_1_555' title='bbox 1915 5871 1961 5922; x_wconf 83' lang='grc' dir='ltr'><strong>εί</strong></span> 
     </span>
    </p>
   </div>
   <div class='ocr_carea' id='block_1_102' title="bbox 2063 4482 3638 4569">
    <p class='ocr_par' dir='ltr' id='par_1_102' title="bbox 2063 4482 3638 4569">
     <span class='ocr_line' id='line_1_102' title="bbox 2063 4482 3638 4569; baseline -0.013 -13"><span class='ocrx_word' id='word_1_556' title='bbox 2063 4501 2155 4569; x_wconf 87' lang='lat' dir='ltr'><strong>qui</strong></span> <span class='ocrx_word' id='word_1_557' title='bbox 2187 4500 2323 4555; x_wconf 88' lang='lat' dir='ltr'><strong>nihil</strong></span> <span class='ocrx_word' id='word_1_558' title='bbox 2351 4498 2476 4554; x_wconf 88' lang='lat' dir='ltr'><strong>inde</strong></span> <span class='ocrx_word' id='word_1_559' title='bbox 2501 4497 2832 4567; x_wconf 85' lang='lat' dir='ltr'><strong>acceperint,</strong></span> <span class='ocrx_word' id='word_1_560' title='bbox 2868 4495 2920 4548; x_wconf 88' lang='lat' dir='ltr'><strong>in</strong></span> <span class='ocrx_word' id='word_1_561' title='bbox 2960 4491 3206 4548; x_wconf 82' lang='lat' dir='ltr'><strong>Ecclesia</strong></span> <span class='ocrx_word' id='word_1_562' title='bbox 3235 4502 3434 4546; x_wconf 81' lang='lat' dir='ltr'><strong>censeo</strong></span> <span class='ocrx_word' id='word_1_563' title='bbox 3460 4482 3638 4552; x_wconf 87' lang='lat' dir='ltr'><strong>bapti-</strong></span> 
     </span>
    </p>
   </div>
   <div class='ocr_carea' id='block_1_103' title="bbox 1995 4572 2482 4663">
    <p class='ocr_par' dir='ltr' id='par_1_103' title="bbox 1995 4572 2482 4663">
     <span class='ocr_line' id='line_1_103' title="bbox 1995 4572 2482 4663; baseline -0.008 -14"><span class='ocrx_word' id='word_1_564' title='bbox 1995 4572 2038 4628; x_wconf 66' lang='grc' dir='ltr'>θ</span> <span class='ocrx_word' id='word_1_565' title='bbox 2069 4594 2179 4648; x_wconf 84' lang='lat' dir='ltr'><strong>zari</strong></span> <span class='ocrx_word' id='word_1_566' title='bbox 2209 4600 2482 4663; x_wconf 89' lang='lat' dir='ltr'><strong>oportere.</strong></span> 
     </span>
    </p>
   </div>
   <div class='ocr_carea' id='block_1_104' title="bbox 2404 4671 3295 4742">
    <p class='ocr_par' dir='ltr' id='par_1_104' title="bbox 2404 4671 3295 4742">
     <span class='ocr_line' id='line_1_104' title="bbox 2404 4671 3295 4742; baseline -0.018 -5"><span class='ocrx_word' id='word_1_567' title='bbox 2404 4684 2556 4738; x_wconf 83' lang='lat' dir='ltr'><strong>Alius</strong></span> <span class='ocrx_word' id='word_1_568' title='bbox 2589 4682 2781 4737; x_wconf 80' lang='lat' dir='ltr'><strong>Lucius</strong></span> <span class='ocrx_word' id='word_1_569' title='bbox 2809 4677 2873 4732; x_wconf 87' lang='lat' dir='ltr'><strong>ab</strong></span> <span class='ocrx_word' id='word_1_570' title='bbox 2904 4673 3110 4742; x_wconf 76' lang='lat' dir='ltr'><strong>Ausafa</strong></span> <span class='ocrx_word' id='word_1_571' title='bbox 3138 4671 3295 4726; x_wconf 83' lang='lat' dir='ltr'><strong>dixit.</strong></span> 
     </span>
    </p>
   </div>
   <div class='ocr_carea' id='block_1_105' title="bbox 2141 4755 3640 4838">
    <p class='ocr_par' dir='ltr' id='par_1_105' title="bbox 2141 4755 3640 4838">
     <span class='ocr_line' id='line_1_105' title="bbox 2141 4755 3640 4838; baseline -0.022 0"><span class='ocrx_word' id='word_1_572' title='bbox 2141 4783 2279 4838; x_wconf 89' lang='lat' dir='ltr'><strong>Cum</strong></span> <span class='ocrx_word' id='word_1_573' title='bbox 2336 4779 2411 4836; x_wconf 86' lang='lat' dir='ltr'><strong>sit</strong></span> <span class='ocrx_word' id='word_1_574' title='bbox 2466 4789 2606 4827; x_wconf 90' lang='lat' dir='ltr'><strong>unus</strong></span> <span class='ocrx_word' id='word_1_575' title='bbox 2664 4771 2843 4832; x_wconf 88' lang='lat' dir='ltr'><strong>Deus,</strong></span> <span class='ocrx_word' id='word_1_576' title='bbox 2913 4774 2966 4820; x_wconf 92' lang='lat' dir='ltr'><strong>et</strong></span> <span class='ocrx_word' id='word_1_577' title='bbox 3025 4762 3187 4816; x_wconf 81' lang='lat' dir='ltr'><strong>Pater</strong></span> <span class='ocrx_word' id='word_1_578' title='bbox 3248 4765 3300 4813; x_wconf 89' lang='lat' dir='ltr'><strong>et</strong></span> <span class='ocrx_word' id='word_1_579' title='bbox 3356 4755 3526 4810; x_wconf 85' lang='lat' dir='ltr'><strong>Filius</strong></span> <span class='ocrx_word' id='word_1_580' title='bbox 3583 4761 3640 4807; x_wconf 89' lang='lat' dir='ltr'><strong>et</strong></span> 
     </span>
    </p>
   </div>
   <div class='ocr_carea' id='block_1_106' title="bbox 2070 4844 3648 4946">
    <p class='ocr_par' dir='ltr' id='par_1_106' title="bbox 2070 4844 3648 4946">
     <span class='ocr_line' id='line_1_106' title="bbox 2070 4844 3648 4946; baseline -0.022 -16"><span class='ocrx_word' id='word_1_581' title='bbox 2070 4874 2306 4946; x_wconf 84' lang='lat' dir='ltr'><strong>Spiritus</strong></span> <span class='ocrx_word' id='word_1_582' title='bbox 2336 4878 2576 4940; x_wconf 83' lang='lat' dir='ltr'><strong>sanctus,</strong></span> <span class='ocrx_word' id='word_1_583' title='bbox 2630 4873 2686 4924; x_wconf 85' lang='lat' dir='ltr'><strong>et</strong></span> <span class='ocrx_word' id='word_1_584' title='bbox 2745 4876 2849 4915; x_wconf 85' lang='lat' dir='ltr'><strong>una</strong></span> <span class='ocrx_word' id='word_1_585' title='bbox 2894 4871 3052 4925; x_wconf 85' lang='lat' dir='ltr'><strong>spes,</strong></span> <span class='ocrx_word' id='word_1_586' title='bbox 3105 4861 3158 4907; x_wconf 85' lang='lat' dir='ltr'><strong>et</strong></span> <span class='ocrx_word' id='word_1_587' title='bbox 3207 4865 3312 4906; x_wconf 81' lang='lat' dir='ltr'><strong>una</strong></span> <span class='ocrx_word' id='word_1_588' title='bbox 3362 4844 3648 4946; x_wconf 75' lang='lat' dir='ltr'><strong>Ecclesia;</strong></span> 
     </span>
    </p>
   </div>
   <div class='ocr_carea' id='block_1_107' title="bbox 2071 4937 3649 5035">
    <p class='ocr_par' dir='ltr' id='par_1_107' title="bbox 2071 4937 3649 5035">
     <span class='ocr_line' id='line_1_107' title="bbox 2071 4937 3649 5035; baseline -0.023 -14"><span class='ocrx_word' id='word_1_589' title='bbox 2071 4937 2191 5035; x_wconf 65' lang='lat' dir='ltr'><strong>quae</strong></span> <span class='ocrx_word' id='word_1_590' title='bbox 2215 4937 2665 5032; x_wconf 14' lang='lat' dir='ltr'><strong>apud&#39;hmreticos</strong></span> <span class='ocrx_word' id='word_1_591' title='bbox 2689 4950 2829 5006; x_wconf 75' lang='lat' dir='ltr'><strong>facta</strong></span> <span class='ocrx_word' id='word_1_592' title='bbox 2850 4957 2976 5004; x_wconf 90' lang='lat' dir='ltr'><strong>sunt</strong></span> <span class='ocrx_word' id='word_1_593' title='bbox 3003 4941 3239 5000; x_wconf 85' lang='lat' dir='ltr'><strong>rescindi</strong></span> <span class='ocrx_word' id='word_1_594' title='bbox 3271 4940 3473 5005; x_wconf 79' lang='lat' dir='ltr'><strong>debere</strong></span> <span class='ocrx_word' id='word_1_595' title='bbox 3494 4937 3649 4998; x_wconf 71' lang='lat' dir='ltr'><strong>dico,</strong></span> 
     </span>
    </p>
   </div>
   <div class='ocr_carea' id='block_1_108' title="bbox 2071 5028 3650 5117">
    <p class='ocr_par' dir='ltr' id='par_1_108' title="bbox 2071 5028 3650 5117">
     <span class='ocr_line' id='line_1_108' title="bbox 2071 5028 3650 5117; baseline -0.018 -9"><span class='ocrx_word' id='word_1_596' title='bbox 2071 5028 2126 5107; x_wconf 78' lang='lat' dir='ltr'><strong>et</strong></span> <span class='ocrx_word' id='word_1_597' title='bbox 2176 5028 2293 5116; x_wconf 84' lang='lat' dir='ltr'><strong>eos,</strong></span> <span class='ocrx_word' id='word_1_598' title='bbox 2341 5047 2432 5117; x_wconf 87' lang='lat' dir='ltr'><strong>qui</strong></span> <span class='ocrx_word' id='word_1_599' title='bbox 2465 5044 2592 5098; x_wconf 92' lang='lat' dir='ltr'><strong>inde</strong></span> <span class='ocrx_word' id='word_1_600' title='bbox 2622 5041 2868 5102; x_wconf 83' lang='lat' dir='ltr'><strong>veniunt,</strong></span> <span class='ocrx_word' id='word_1_601' title='bbox 2925 5039 2976 5091; x_wconf 91' lang='lat' dir='ltr'><strong>in</strong></span> <span class='ocrx_word' id='word_1_602' title='bbox 3014 5033 3255 5090; x_wconf 80' lang='lat' dir='ltr'><strong>Ecclesia</strong></span> <span class='ocrx_word' id='word_1_603' title='bbox 3283 5028 3650 5105; x_wconf 62' lang='lat' dir='ltr'><strong>baptizantlos.</strong></span> 
     </span>
    </p>
   </div>
   <div class='ocr_carea' id='block_1_109' title="bbox 2072 5157 2213 5198">
    <p class='ocr_par' dir='ltr' id='par_1_109' title="bbox 2072 5157 2213 5198">
     <span class='ocr_line' id='line_1_109' title="bbox 2072 5157 2213 5198; baseline -0.014 -1"><span class='ocrx_word' id='word_1_604' title='bbox 2072 5157 2213 5198; x_wconf 74' lang='lat' dir='ltr'><strong>CSSC.</strong></span> 
     </span>
    </p>
   </div>
   <div class='ocr_carea' id='block_1_110' title="bbox 2447 5216 3259 5284">
    <p class='ocr_par' dir='ltr' id='par_1_110' title="bbox 2447 5216 3259 5284">
     <span class='ocr_line' id='line_1_110' title="bbox 2447 5216 3259 5284; baseline -0.017 0"><span class='ocrx_word' id='word_1_605' title='bbox 2447 5226 2593 5284; x_wconf 62' lang='lat' dir='ltr'><strong>Alius</strong></span> <span class='ocrx_word' id='word_1_606' title='bbox 2625 5223 2784 5280; x_wconf 55' lang='lat' dir='ltr'><strong>Felix</strong></span> <span class='ocrx_word' id='word_1_607' title='bbox 2811 5237 2841 5276; x_wconf 89' lang='lat' dir='ltr'><strong><em>a</em></strong></span> <span class='ocrx_word' id='word_1_608' title='bbox 2877 5217 3074 5276; x_wconf 81' lang='lat' dir='ltr'><strong>Turitis</strong></span> <span class='ocrx_word' id='word_1_609' title='bbox 3103 5216 3259 5270; x_wconf 85' lang='lat' dir='ltr'><strong>dixit.</strong></span> 
     </span>
    </p>
   </div>
   <div class='ocr_carea' id='block_1_111' title="bbox 2149 5299 3645 5392">
    <p class='ocr_par' dir='ltr' id='par_1_111' title="bbox 2149 5299 3645 5392">
     <span class='ocr_line' id='line_1_111' title="bbox 2149 5299 3645 5392; baseline -0.017 -15"><span class='ocrx_word' id='word_1_610' title='bbox 2149 5323 2263 5392; x_wconf 73' lang='lat' dir='ltr'><strong>Ego.</strong></span> <span class='ocrx_word' id='word_1_611' title='bbox 2315 5330 2550 5380; x_wconf 84' lang='lat' dir='ltr'><strong>censeo,</strong></span> <span class='ocrx_word' id='word_1_612' title='bbox 2651 5321 2709 5365; x_wconf 89' lang='lat' dir='ltr'><strong>ut</strong></span> <span class='ocrx_word' id='word_1_613' title='bbox 2757 5308 3058 5365; x_wconf 80' lang='lat' dir='ltr'><strong>secundum</strong></span> <span class='ocrx_word' id='word_1_614' title='bbox 3115 5312 3427 5360; x_wconf 85' lang='lat' dir='ltr'><strong>sanctarum</strong></span> <span class='ocrx_word' id='word_1_615' title='bbox 3491 5299 3645 5354; x_wconf 85' lang='lat' dir='ltr'><strong>Scri-</strong></span> 
     </span>
    </p>
   </div>
   <div class='ocr_carea' id='block_1_112' title="bbox 2073 5390 3649 5483">
    <p class='ocr_par' dir='ltr' id='par_1_112' title="bbox 2073 5390 3649 5483">
     <span class='ocr_line' id='line_1_112' title="bbox 2073 5390 3649 5483; baseline -0.015 -18"><span class='ocrx_word' id='word_1_616' title='bbox 2073 5390 2352 5483; x_wconf 81' lang='lat' dir='ltr'><strong>pturarum</strong></span> <span class='ocrx_word' id='word_1_617' title='bbox 2416 5412 2682 5474; x_wconf 66' lang='lat' dir='ltr'><strong>praecepta</strong></span> <span class='ocrx_word' id='word_1_618' title='bbox 2707 5401 2875 5472; x_wconf 85' lang='lat' dir='ltr'><strong>iniqui</strong></span> <span class='ocrx_word' id='word_1_619' title='bbox 2927 5398 3069 5466; x_wconf 86' lang='lat' dir='ltr'><strong>apud</strong></span> <span class='ocrx_word' id='word_1_620' title='bbox 3132 5394 3414 5450; x_wconf 66' lang='lat' dir='ltr'><strong>hatrcticos</strong></span> <span class='ocrx_word' id='word_1_621' title='bbox 3471 5390 3649 5458; x_wconf 82' lang='lat' dir='ltr'><strong>bapti-</strong></span> 
     </span>
    </p>
   </div>
   <div class='ocr_carea' id='block_1_113' title="bbox 2073 5480 3649 5568">
    <p class='ocr_par' dir='ltr' id='par_1_113' title="bbox 2073 5480 3649 5568">
     <span class='ocr_line' id='line_1_113' title="bbox 2073 5480 3649 5568; baseline -0.017 -9"><span class='ocrx_word' id='word_1_622' title='bbox 2073 5480 2200 5568; x_wconf 58' lang='lat' dir='ltr'><strong>ian,</strong></span> <span class='ocrx_word' id='word_1_623' title='bbox 2250 5501 2293 5555; x_wconf 93' lang='lat' dir='ltr'><strong>si</strong></span> <span class='ocrx_word' id='word_1_624' title='bbox 2346 5498 2411 5551; x_wconf 85' lang='lat' dir='ltr'><strong>ad</strong></span> <span class='ocrx_word' id='word_1_625' title='bbox 2461 5493 2762 5552; x_wconf 72' lang='lat' dir='ltr'><strong>Ecclesium</strong></span> <span class='ocrx_word' id='word_1_626' title='bbox 2808 5490 3188 5561; x_wconf 77' lang='lat' dir='ltr'><strong>confugerint,</strong></span> <span class='ocrx_word' id='word_1_627' title='bbox 3247 5482 3502 5540; x_wconf 68' lang='lat' dir='ltr'><strong>Ecrlesize</strong></span> <span class='ocrx_word' id='word_1_628' title='bbox 3551 5480 3649 5535; x_wconf 87' lang='lat' dir='ltr'><strong>ba-</strong></span> 
     </span>
    </p>
   </div>
   <div class='ocr_carea' id='block_1_114' title="bbox 2071 5573 3650 5670">
    <p class='ocr_par' dir='ltr' id='par_1_114' title="bbox 2071 5573 3650 5670">
     <span class='ocr_line' id='line_1_114' title="bbox 2071 5573 3650 5670; baseline -0.016 -22"><span class='ocrx_word' id='word_1_629' title='bbox 2071 5595 2373 5670; x_wconf 83' lang='lat' dir='ltr'><strong>ptismate,</strong></span> <span class='ocrx_word' id='word_1_630' title='bbox 2415 5587 2506 5642; x_wconf 89' lang='lat' dir='ltr'><strong>ubi</strong></span> <span class='ocrx_word' id='word_1_631' title='bbox 2561 5593 2804 5657; x_wconf 86' lang='lat' dir='ltr'><strong>potestas</strong></span> <span class='ocrx_word' id='word_1_632' title='bbox 2872 5581 3054 5638; x_wconf 87' lang='lat' dir='ltr'><strong>omnis</strong></span> <span class='ocrx_word' id='word_1_633' title='bbox 3105 5594 3138 5632; x_wconf 82' lang='lat' dir='ltr'><strong>a</strong></span> <span class='ocrx_word' id='word_1_634' title='bbox 3187 5577 3297 5631; x_wconf 88' lang='lat' dir='ltr'><strong>Dco</strong></span> <span class='ocrx_word' id='word_1_635' title='bbox 3359 5573 3479 5628; x_wconf 71' lang='lat' dir='ltr'><strong>(lata</strong></span> <span class='ocrx_word' id='word_1_636' title='bbox 3536 5579 3650 5634; x_wconf 79' lang='lat' dir='ltr'><strong>est,</strong></span> 
     </span>
    </p>
   </div>
   <div class='ocr_carea' id='block_1_115' title="bbox 2073 5685 2436 5757">
    <p class='ocr_par' dir='ltr' id='par_1_115' title="bbox 2073 5685 2436 5757">
     <span class='ocr_line' id='line_1_115' title="bbox 2073 5685 2436 5757; baseline -0.019 -15"><span class='ocrx_word' id='word_1_637' title='bbox 2073 5685 2436 5757; x_wconf 73' lang='lat' dir='ltr'><strong>bziplizcnlur.</strong></span> 
     </span>
    </p>
   </div>
   <div class='ocr_carea' id='block_1_116' title="bbox 2459 5759 3241 5828">
    <p class='ocr_par' dir='ltr' id='par_1_116' title="bbox 2459 5759 3241 5828">
     <span class='ocr_line' id='line_1_116' title="bbox 2459 5759 3241 5828; baseline -0.019 -2"><span class='ocrx_word' id='word_1_638' title='bbox 2459 5770 2744 5828; x_wconf 75' lang='lat' dir='ltr'><strong>Plutianus</strong></span> <span class='ocrx_word' id='word_1_639' title='bbox 2775 5784 2806 5822; x_wconf 86' lang='grc' dir='ltr'><strong>α</strong></span> <span class='ocrx_word' id='word_1_640' title='bbox 2838 5765 3057 5820; x_wconf 82' lang='lat' dir='ltr'><strong>Labana</strong></span> <span class='ocrx_word' id='word_1_641' title='bbox 3087 5759 3241 5814; x_wconf 77' lang='lat' dir='ltr'><strong>dixit.</strong></span> 
     </span>
    </p>
   </div>
   <div class='ocr_carea' id='block_1_117' title="bbox 2147 5843 3650 5938">
    <p class='ocr_par' dir='ltr' id='par_1_117' title="bbox 2147 5843 3650 5938">
     <span class='ocr_line' id='line_1_117' title="bbox 2147 5843 3650 5938; baseline -0.017 -15"><span class='ocrx_word' id='word_1_642' title='bbox 2147 5868 2257 5938; x_wconf 83' lang='lat' dir='ltr'><strong>Ego</strong></span> <span class='ocrx_word' id='word_1_643' title='bbox 2285 5865 2446 5922; x_wconf 88' lang='lat' dir='ltr'><strong>credo</strong></span> <span class='ocrx_word' id='word_1_644' title='bbox 2471 5861 2738 5935; x_wconf 81' lang='lat' dir='ltr'><strong>baptisma</strong></span> <span class='ocrx_word' id='word_1_645' title='bbox 2764 5857 3002 5916; x_wconf 85' lang='lat' dir='ltr'><strong>salutare</strong></span> <span class='ocrx_word' id='word_1_646' title='bbox 3024 5867 3132 5909; x_wconf 89' lang='lat' dir='ltr'><strong>non</strong></span> <span class='ocrx_word' id='word_1_647' title='bbox 3161 5862 3305 5916; x_wconf 88' lang='lat' dir='ltr'><strong>esse,</strong></span> <span class='ocrx_word' id='word_1_648' title='bbox 3332 5844 3438 5903; x_wconf 88' lang='lat' dir='ltr'><strong>nisi</strong></span> <span class='ocrx_word' id='word_1_649' title='bbox 3463 5843 3650 5902; x_wconf 73' lang='lat' dir='ltr'><strong>solum</strong></span> 
     </span>
    </p>
   </div>
  </div>
