3990 6482
464 364 597 430 11:17

1723 360 1996 424 ἸἩΕΟῙ).
2047 358 2444 421 BALSAMON

3567 348 3705 412 1128

461 476 552 533 Dei
590 477 762 549 gratia
797 476 974 532 locum
1017 473 1178 532 hodie
1213 489 1323 530 non
1347 472 1573 538 habere,
1603 475 1734 545 quia
1762 483 2030 546 tyrannus

2160 473 2196 526 ιι
2222 474 2279 527 δέ
2311 489 2395 538 τις
2423 471 2540 544 ipsi
2588 468 2664 542 μὴ
2713 468 2900 540 χώραν
2933 468 3078 540 ελειν
3137 466 3206 522 τά
3252 465 3363 521 τῶν
3409 464 3704 535 παρόντων

463 587 568 625 non
607 577 833 640 praeest;
885 567 1093 631 audiet,
1147 565 1292 637 quod
1329 565 1472 635 apud
1505 566 1782 636 Agarenos
1807 573 1859 620 et
1889 565 2026 620 alios

462 661 710 718 inﬁdeles
745 660 911 715 multa
961 659 1228 730 ejusmodi
1267 659 1441 724 ﬁunt;
1495 666 1550 712 et
1590 671 1831 712 canones
1879 670 2026 710 nunc

461 769 680 825 quoque
721 753 972 807 eﬁ'ectum
1025 761 1171 806 recte
1208 751 1535 806 sortientur.
1595 748 1730 804 Nota
1767 750 1929 806 etiam
1960 763 2027 802 ex

462 849 566 900 hoc
597 844 848 915 praesenti
902 858 1132 902 canone.
1167 845 1308 912 quod
1359 845 1541 900 omnis
1593 845 1786 897 animae
1819 839 2028 895 medela

461 939 726 1008 dependet
752 938 821 992 ab
860 937 1105 1007 episcopi
1133 935 1345 1006 judicio
1370 952 1437 992 ac
1473 936 1790 1008 prudentia.

535 1190 786 1246 ZONAR.
825 1190 956 1256 Quae
996 1190 1266 1262 superiori
1300 1190 1367 1244 de
1393 1192 1800 1258 sacerdotibus,
1838 1189 2030 1247 eadem

462 1284 530 1339 de
558 1285 802 1338 diaeonis
835 1285 940 1337 huc
975 1299 1193 1353 quoque
1227 1299 1441 1338 canone
1475 1285 1868 1338 decernuntur.
1896 1281 2032 1336 Nam

461 1393 557 1432 eos
588 1391 822 1445 quoque,
866 1376 912 1428 si
950 1375 1003 1429 in
1036 1376 1322 1431 tormentis
1375 1391 1470 1446 per
1524 1376 1793 1446 ignaviam
1830 1374 2031 1430 devicti

465 1474 934 1539 saerilicaverint,
1010 1473 1208 1527 deinde
1264 1487 1395 1527 vero
1447 1472 1682 1542 repetito
1735 1471 2035 1525 certamine

464 1583 687 1624 strenue
721 1568 1179 1638 depugnaverint,
1237 1569 1303 1622 ab
1333 1569 1481 1635 omni
1533 1582 1694 1622 sacro
1733 1567 2037 1621 ministerio

465 1676 684 1716 cessare
732 1663 909 1731 jubet.
943 1661 1100 1726 Quod
1154 1660 1198 1716 si
1239 1659 1491 1716 homines
1551 1668 1763 1730 postea,
1813 1660 2038 1729 subjicit

469 1769 668 1818 canon,
726 1753 779 1807 in
813 1763 1065 1823 suscepta
1121 1763 1342 1824 propter
1389 1753 1810 1822 abnegationem
1864 1755 2039 1823 paui-

2128 566 2370 621 κανόνων
2430 563 2567 618 Θεοῦ
2621 563 2805 632 χάριτι
2859 561 3138 632 σήμερον,
3180 561 3262 613 ὅτι
3311 558 3578 629 τύραννος
3637 555 3704 609 ού

2128 659 2474 729 προκάθηται
2500 673 2514 688 ⁸
2541 657 2769 710 ἀκούσει
2813 654 2897 708 ὅτι
2926 653 3076 724 παρά
3099 654 3213 715 τοῖς
3252 652 3579 722 Ἀγαρηνοῖς
3605 649 3703 704 καὶ

2127 752 2240 812 τοῖς
2273 749 2453 812 ἀλλοις
2481 748 2732 812 ἀπίστοις
2785 745 2957 800 πολλά
3004 744 3234 798 τοιαῦτα
3287 744 3529 812 γίνονται
3556 759 3572 774 ο
3605 742 3703 797 καὶ

2130 841 2308 902 καλῶς
2344 841 2412 894 τὰ
2439 840 2549 894 τῶν
2605 842 2848 894 κανόνων
2892 838 2984 890 καὶ
3031 835 3128 888 νῦν
3178 835 3564 906 ἐνεργήσουσι.
3593 834 3702 904 Ση-

2134 933 2367 1004 μείωσαι
2404 933 2500 985 καὶ
2541 931 2650 985 ἀπὸ
2699 931 2792 986 τοῦ
2847 927 3120 1000 παρόντος
3179 926 3405 989 κανόνος
3447 927 3529 980 ὅτι
3556 927 3706 980 πᾶσα

2131 1023 2338 1094 ψυχικὴ
2379 1021 2646 1094 Θεραπεία
2705 1023 2788 1086 εις
2850 1021 2949 1093 τὴν
3009 1019 3377 1090 επισκοπικὴν
3411 1017 3702 1088 ἀνηρτήθη

2131 1118 2435 1188 διάκρισιν.

2205 1209 2445 1264 ΖΩΝΑΡ.
2480 1208 2561 1263 Τά
2583 1205 2724 1262 αύτά
2752 1206 2848 1260 καὶ
2872 1205 2998 1274 περὶ
3018 1205 3283 1259 διακόνων
3299 1203 3328 1257 ό
3350 1203 3532 1257 κανὼν
3555 1197 3709 1265 οὗτος

2135 1303 2503 1363 διατάττεται,
2564 1301 2665 1353 ὅσα
2726 1297 2857 1369 περὶ
2915 1296 3304 1367 πρεσϐυτέρων
3337 1297 3366 1348 ό
3414 1293 3710 1361 ἀνώτερος.

2137 1393 2460 1447 Πεπαῦσθαι
2481 1392 2590 1461 γάρ
2621 1392 2715 1445 καὶ
2735 1391 2957 1454 αὐτοὺς,
2983 1387 3421 1457 ἀνεπιτηδεύτως
3448 1386 3716 1456 ἡττηθέν-

2135 1502 2231 1548 τας
2261 1485 2370 1537 τῶν
2393 1482 2646 1555 βασάνων
2675 1482 2771 1536 καὶ
2829 1480 3218 1546 ιπιθύσαντας,
3255 1474 3379 1533 εἶτα
3407 1479 3718 1533 ἀναπαλαί-

2141 1593 2362 1641 σαντας,
2425 1575 2610 1643 πάσης
2680 1573 2782 1642 τῆς
2838 1573 2988 1642 ίερᾶς
3046 1570 3390 1642 λειτουργίας
3437 1570 3712 1634 θεσπίζει.

2141 1671 2474 1740 Προστίθησι
2512 1667 2558 1722 δ’
2613 1667 2847 1722 ενταῦθα
2927 1668 3032 1733 δτι,
3091 1668 3184 1720 ἐάν
3241 1669 3352 1728 τοῖς
3393 1664 3718 1734 μετανοοῦσι

2139 1763 2354 1825 τούτοις
2383 1761 2648 1815 συνίδοιεν
2678 1762 2726 1814 οἱ
2755 1760 3041 1814 ἐπίσκοποι
3074 1757 3318 1829 κάματόν
3346 1773 3492 1822 τινα,
3558 1771 3714 1808 τουτ-

467 1849 638 1900 tentia
675 1848 894 1918 gravius
949 1847 1216 1910 laborare,
1277 1852 1367 1898 aut
1399 1846 1469 1900 ob
1496 1845 1721 1901 admissi
1779 1845 2042 1901 facinoris

2160 1855 2259 1908 ίστι
2304 1854 2471 1906 κόπον
2503 1855 2561 1906 ὲν
2589 1855 2655 1923 τῇ
2691 1853 2950 1923 μετανοίᾳ
2979 1851 3067 1904 διά
3105 1851 3204 1920 τὴν
3229 1850 3480 1920 ἄρνησιν,
3509 1845 3543 1917 ἥ
3605 1847 3716 1909 ὅτι,

468 1938 687 2004 culpam
740 1934 1086 1997 discruciari,
1131 1932 1654 2004 demissionemque,
1716 1948 1780 1988 ac
1837 1934 1892 1988 in
1951 1934 2038 1998 iis,

469 2029 564 2098 qui
623 2027 1025 2098 prolapsionem
1063 2025 1472 2093 exprobrarim,
1523 2036 1617 2080 aut
1671 2025 1777 2080 alia
1828 2026 2043 2081 ratione

471 2119 812 2180 iusultarint.
874 2125 1066 2188 pacate
1140 2129 1303 2189 atque
1360 2118 1646 2172 lmmiliter
1703 2115 2042 2188 perferendis

469 2211 796 2266 modestiam
827 2210 1085 2274 retinere,
1113 2224 1221 2264 non
1250 2220 1443 2265 contra
1479 2210 1742 2264 audacter
1770 2209 2044 2265 obsistere

468 2312 564 2356 aut
596 2304 794 2371 εει-ωε
827 2315 1183 2366 succensere,
1240 2301 1478 2371 episcopi
1533 2301 2042 2367 animadverterint,

469 2408 538 2449 ac
574 2392 802 2462 proinde
832 2390 1036 2459 aliquid
1088 2391 1346 2461 amplius,
1397 2405 1563 2460 quam
1595 2391 1744 2460 quod
1773 2404 1803 2444 a
1834 2391 2044 2461 synodo

471 2498 797 2539 concessum
829 2493 932 2548 est,
971 2483 1039 2536 iis
1071 2483 1142 2537 ob
1176 2482 1556 2537 vehementius
1590 2483 1888 2552 paenitendi
1924 2490 2046 2538 stu-

471 2573 622 2628 dium
651 2572 903 2642 elargiri,
934 2581 1028 2624 aut
1063 2571 1305 2628 vicissim
1340 2571 1464 2626 ﬁcte
1496 2572 1809 2628 dolentibus
1854 2587 1956 2627 nec
1980 2572 2048 2627 de

472 2663 730 2734 superbia
782 2663 1188 2719 remittentibus
1221 2665 1439 2718 demere
1485 2664 1763 2736 quidpiam
1801 2663 2047 2727 velint,id

473 2770 648 2812 canon
681 2762 852 2808 totum
885 2755 1129 2823 ipsorum
1191 2755 1445 2822 potestati
1478 2753 1795 2824 judicioque
1825 2754 2050 2824 permit.

475 2849 563 2902 tit.
600 2845 735 2902 Vide
787 2847 976 2917 prima!
1021 2861 1240 2917 quoque
1269 2846 1621 2902 mcumenicae
1656 2845 1850 2917 synodi
1881 2860 2050 2901 cano-

477 2954 604 2994 nem
642 2937 1014 2993 undecimum.

472 3026 700 3084 ARIST.
730 3046 748 3078 ι
775 3027 834 3081 lu
856 3041 1064 3081 canone
1093 3029 1270 3095 primo
1294 3036 1352 3083 et
1383 3027 1630 3083 secundo
1657 3026 1964 3098 presbyteri
1993 3033 2050 3081 et

554 3138 573 3171 ε
608 3119 844 3179 diaconi,
868 3120 961 3188 qui
990 3135 1112 3173 curn
1141 3121 1290 3188 prius
1316 3121 1691 3176 sacriﬁcarent
1710 3127 1894 3190 postea
1919 3133 2048 3173 vero

554 3229 574 3263 ε
609 3210 865 3265 reluctati
895 3219 1045 3274 sunt,
1078 3209 1240 3280 377
1275 3212 1546 3267 cathedrae
1581 3212 1753 3267 solius
1779 3218 1834 3266 et
1870 3211 2046 3266 hono-

551 3319 569 3352 ι
607 3302 686 3355 ris
719 3304 828 3355 sint
880 3305 1204 3374 participes,
1243 3303 1378 3359 nihil
1411 3314 1730 3360 sanctorum
1783 3317 2048 3376 peragen-

555 3410 575 3444 r
606 3401 711 3449 tes.
741 3411 761 3446 ι

550 3482 878 3555 Quicunque
907 3485 1212 3556 presbyteri
1270 3486 1354 3542 vel
1385 3487 1599 3543 diaconi
1633 3495 1878 3558 tempore
1927 3503 2052 3558 per-

481 3576 780 3629 secutionis
809 3577 1076 3643 compulsi
1128 3577 1539 3643 sacriﬁcarunt,
1577 3587 1766 3648 postea
1797 3594 1928 3634 vero
1964 3593 2055 3633 ac-

481 3665 686 3718 cedunt
737 3672 1102 3720 retractantes
1150 3667 1415 3735 quidquid
1465 3665 1734 3734 fecerunt,
1782 3667 2055 3724 cathedra:

483 3755 654 3808 solius
686 3762 740 3808 et
771 3756 1000 3810 honoris
1050 3756 1346 3828 participes
1399 3773 1523 3814 esse
1557 3758 1796 3814 debent:
1855 3769 1912 3814 at
1966 3775 2056 3816 sa-

482 3844 763 3900 cerdotale
810 3846 1032 3915 aliquod
1086 3863 1286 3903 munus
1335 3850 1511 3919 obire,
1559 3858 1684 3921 puta
1717 3866 1909 3920 panem
1961 3861 2056 3908 aut

485 3935 739 4002 poculum
790 3933 1013 4002 oﬁ‘erre,
1065 3945 1160 3990 aut
1209 3939 1472 3994 doctrinae
1523 3955 1806 3995 sermones
1856 3941 2056 4012 populo

485 4025 690 4090 facere,
727 4035 824 4080 aut
873 4030 1100 4083 omnino
1151 4044 1376 4086 sacrum
1427 4032 1650 4103 aliquod
1687 4033 2054 4090 ministerium

485 4127 766 4183 peragere,
801 4115 869 4171 iis
907 4132 1014 4171 non
1053 4118 1202 4174 licet.
1363 4168 1369 4173 .

1088 4205 1318 4264 CANON
1360 4209 1452 4266 Ill.

488 4295 665 4359 «Eos,
732 4296 825 4367 qui
883 4297 1155 4368 [rugientes
1216 4305 1638 4372 comprenhensi
1704 4317 1852 4372 sunt,
1905 4306 2057 4362 vela

559 4404 579 4436 ι
611 4385 928 4443 domesticis
961 4390 1164 4456 traditi,
1197 4394 1278 4444 vel
1313 4393 1429 4447 suis
1465 4393 1670 4464 alioqui
1708 4395 2056 4451 laeultatibus

2146 1942 2524 2013 συντριϐέντες
2553 1943 2641 1996 διὰ
2663 1941 2726 1995 τδ
2756 1941 3078 2013 ἁμάρτημα,
3125 1937 3590 2008 ἐταπεινώθησαν,
3623 1934 3719 1989 καὶ

2143 2036 2424 2104 πραότητα
2482 2035 2800 2103 ἐκτήσαντο,
2888 2035 3000 2096 τοῖς
3063 2032 3196 2094 ἴσως
3260 2029 3446 2092 αὐτοῖς
3518 2029 3717 2081 ὀνειδίο

2145 2125 2296 2190 ζουσι
2348 2124 2437 2178 τὸν
2496 2124 2708 2178 ὄλισθον
2748 2122 2938 2194 πράως
2983 2122 3080 2175 καὶ
3135 2122 3272 2192 μετά
3326 2119 3718 2183 ταπεινώσεως

2147 2214 2605 2285 προσφερόμενοι,
2659 2211 2775 2267 ἀλλ’
2805 2212 2866 2264 ού
2899 2209 3296 2280 θρασυνόμενοι
3361 2209 3456 2261 καὶ
3502 2206 3718 2268 τούτοις

2147 2306 2660 2377 ἐμπικραινόμενοι,
2716 2305 2811 2358 καὶ
2863 2303 3094 2356 ἐθέλοιεν
3147 2301 3434 2354 ἐπίσκοποι
3493 2299 3584 2367 ὑφ’
3625 2297 3720 2362 οὓς

2144 2398 2357 2451 τελοῦσι
2382 2397 2540 2452 πλέον
2573 2415 2624 2450 τι
2655 2397 2764 2450 τῶν
2812 2395 2962 2466 παρά
3012 2397 3080 2466 τῇ
3134 2393 3336 2464 συνόδῳ
3365 2391 3717 2463 ώρισθέντων

2147 2491 2326 2552 αὐτοῖς
2351 2490 2674 2558 παρασχεῖν,
2694 2488 2781 2540 διά
2807 2487 2904 2560 τὴν
2933 2487 3034 2556 τῆς
3062 2484 3348 2554 μετανοίας
3380 2483 3715 2553 θερμότητα,

2147 2581 2180 2651 ἢ
2209 2579 2424 2648 ἀφελεῖν
2449 2580 2633 2632 τιτῶν
2664 2577 3016 2650 δρισθέντων,
3049 2578 3124 2640 ὡς
3163 2580 3238 2647 μη
3271 2578 3512 2646 γνησίως
3541 2573 3721 2626 αὐτῶν

2151 2670 2630 2743 μεταμελομένων,
2694 2667 2831 2739 μηδὲ
2884 2667 3363 2738 ταπεινουμένωνο
3428 2664 3605 2718 ταῦτα
3652 2665 3720 2733 τῇ

2149 2761 2368 2830 ἐξουσία
2391 2760 2502 2814 τῶν
2557 2760 2874 2812 ἱπισκόπων
2917 2759 3234 2828 ἀνατίθησιν
3254 2758 3283 2811 δ
3324 2743 3508 2811 κανὼν
3535 2756 3634 2809 καὶ
3654 2757 3720 2825 τῇ

2148 2850 2424 2922 διακρίσει
2450 2849 2652 2904 αὐτῶν.
2689 2849 2989 2917 ’Δνάγνωθι
3022 2851 3116 2904 καὶ
3159 2850 3250 2904 τὸν
3283 2854 3350 2903 ια’
3395 2848 3598 2902 κανόνα
3624 2850 3722 2918 τῆς

2152 2939 2374 3010 πρώτης
2399 2939 2791 3008 οίκουμενικῆς
2825 2939 3067 2994 συνόδου.

2148 3030 2372 3086 ΔΡΙΣΤ.
2412 3049 2430 3082 ι
2479 3032 2616 3084 Καν.
2654 3028 2702 3083 α’
2734 3031 2828 3084 καὶ
2859 3029 2930 3102 β’,
2967 3029 3330 3103 πρεσϐύτεροι
3364 3031 3463 3084 καὶ
3488 3031 3724 3085 διάκονοι

2230 3141 2250 3177 ι
2295 3122 2354 3177 τδ
2373 3125 2502 3194 πρὶν
2523 3124 2899 3190 ἐπιθύσαντες,
2924 3119 3042 3176 εἶτα
3066 3123 3124 3191 ἐξ
3146 3123 3401 3192 ἀληθείας
3430 3123 3726 3177 ἀναπαλαί.

2227 3235 2245 3268 ι
2295 3233 2506 3282 σαντες,
2572 3215 2742 3286 μόνης
2786 3217 2884 3286 τῆς
2936 3213 3199 3285 καθέδρας
3253 3215 3350 3268 καὶ
3406 3214 3508 3282 τῆς
3559 3213 3722 3281 τιμῆς

2218 3325 2236 3360 r
2281 3306 2680 3377 μετεχέτωσαν,
2715 3303 2881 3374 μηδὲν
2905 3303 3013 3357 τῶν
3041 3304 3211 3373 ἀγίων
3239 3302 3639 3365 ἐπιτελοῦντες.
3698 3319 3716 3354 ι

2223 3480 2380 3533 Ὅσοι
2440 3479 2547 3532 τῶν
2601 3476 2986 3548 πρεσϐυτέρων
3034 3475 3131 3530 καὶ
3178 3476 3444 3530 διακόνων
3473 3476 3530 3528 ἑν
3552 3471 3724 3544 καιρῷ

2150 3570 2393 3642 διωγμοῦ
2427 3570 2739 3642 βιασθέντες
2782 3567 3002 3634 ἔθυσαν,
3056 3564 3175 3621 εἶτα
3203 3569 3262 3621 ὲν
3302 3566 3533 3637 ἀληθείᾳ
3562 3581 3725 3636 προσ-

2154 3663 2316 3733 ῆλθον
2343 3660 2765 3721 ἀναπαλαίοντες
2800 3659 2936 3728 ὅπερ
2979 3657 3244 3730 ἔπραξαν,
3280 3656 3452 3728 μόνης
3495 3657 3596 3724 τῆς
3625 3674 3719 3709 κα-

2155 3755 2344 3819 θέδρας
2381 3753 2476 3808 καὶ
2507 3752 2605 3823 τῆς
2633 3751 2801 3821 τιμῆς
2859 3753 3112 3820 μετέχειν
3135 3749 3478 3818 ὀφείλουσιν·
3522 3748 3722 3818 ἱερατι-

2154 3849 2250 3901 κὸν
2279 3848 2335 3900 δέ
2365 3865 2418 3900 τι
2451 3848 2698 3917 ενεργεῖν
2745 3845 2846 3897 ούκ
2909 3841 3128 3908 ἐξέσται
3174 3841 3379 3905 αὐτοίς,
3411 3836 3526 3893 οἷον
3564 3841 3724 3909 ἄρτον

2154 3939 2188 4010 ἢ
2223 3940 2483 4008 ποτήριον
2513 3937 2806 4007 ἀναφέρειν
2835 3935 2869 4007 ἢ
2906 3935 3096 4001 λόγους
3119 3932 3472 3994 διδασκαλίας
3506 3930 3586 4003 τῷ
3616 3931 3728 4002 λαῷ

2157 4029 2461 4096 ποιεῖσθαι,
2489 4029 2679 4101 saxo;
2705 4045 2755 4082 τι
2775 4027 2882 4081 τῶν
2939 4027 3111 4095 ἁγίων
3152 4023 3508 4095 λειτουργιῶν
3547 4027 3730 4077 ἐπιτε-

2154 4123 2291 4178 λεῖν.

2748 4213 2989 4268 ΚΑΝΩΝ
3047 4209 3126 4266 I".

2164 4321 2183 4356 ι
2229 4305 2368 4368 Τοὺς
2388 4306 2685 4374 φεύγοντας
2711 4305 2803 4358 καὶ
2836 4303 3260 4371 συλληφθέντας,
3287 4303 3319 4373 ἢ
3351 4301 3457 4354 ύπδ
3509 4300 3727 4354 οἰκείων

2234 4413 2253 4449 ι
2301 4395 2723 4466 παραδοθέντας,
2758 4395 2792 4464 ἢ
2817 4393 2993 4456 άλλως
3049 4393 3118 4446 τά
3143 4393 3466 4466 ὑπάρχοντα
3500 4395 3728 4462 ἀφαιρε-

559 4493 580 4527 ι
616 4478 835 4546 privati,
874 4480 963 4532 vel
1016 4487 1284 4535 tormenta
1347 4485 1611 4554 perpessi,
1661 4486 1742 4541 vel
1789 4487 1840 4540 in
1877 4501 2045 4542 carce

2234 4485 2510 4553 ι’θέντας,
2545 4485 3008 4557 ἠύπομείναντας
3067 4484 3357 4554 βασάνους,
3421 4483 3454 4554 ἦ
3508 4484 3589 4548 είς
3648 4488 3728 4537 δεο

559 4583 580 4618 ι
615 4583 728 4622 rem
763 4570 995 4638 conjecti
1033 4580 1182 4638 sunt,
1215 4573 1516 4631 clamantes
1542 4593 1600 4632 se
1633 4594 1755 4634 esse
1783 4579 2054 4634 Christia-

557 4675 576 4708 ε
611 4674 730 4724 nos,
778 4670 829 4714 et
882 4659 1076 4714 divulsi
1107 4677 1172 4716 ac
1218 4662 1463 4720 distracti
1515 4677 1662 4734 sunt,
1713 4669 1795 4723 vel
1850 4669 1914 4723 iis
1963 4669 2056 4738 qui

551 4765 571 4798 ι
606 4748 710 4801 vim
766 4748 1070 4804 aﬁ‘erebant
1126 4752 1178 4805 in
1232 4768 1429 4810 manus
1475 4758 1678 4827 aliquid
1717 4759 2057 4811 immittenti-

557 4857 576 4891 ι
611 4841 733 4903 bus,
763 4842 845 4896 vel
870 4843 991 4897 cibo
1015 4845 1196 4912 aliquo
1225 4861 1320 4915 per
1356 4850 1740 4904 necessitatem
1775 4862 2051 4918 sust-epto,

558 4951 576 4983 ε
605 4948 664 4987 se
692 4940 871 4988 tamen
921 4951 1042 4993 esse
1091 4939 1436 4994 Christianos
1495 4949 1755 5011 perpetuo
1803 4940 2054 5007 fatentes,

558 5041 576 5072 ‹
605 5031 658 5076 et
684 5023 802 5092 ejus
833 5027 977 5094 quod
1007 5028 1206 5084 accidit
1236 5030 1476 5084 dolorem
1520 5033 1670 5084 omni
1719 5030 2057 5086 cohibitlone

560 5130 580 5165 ι
611 5123 664 5167 et
698 5115 882 5169 habitu
919 5127 974 5170 et
1005 5121 1127 5174 vita:
1181 5120 1489 5176 humilitate
1539 5137 1650 5192 prae
1701 5136 1761 5178 se
1795 5120 2053 5189 ferentes,

555 5225 574 5257 ι
611 5217 667 5260 ut
698 5205 1006 5279 iuculpatos
1045 5225 1073 5263 a
1107 5213 1492 5269 communione
1547 5229 1655 5268 non
1710 5215 1907 5270 arceri.
1958 5215 2053 5269 Sin

559 5316 579 5350 ι
614 5309 794 5354 autem
831 5305 994 5358 etiam
1032 5307 1100 5360 ab
1130 5309 1317 5376 aliquo
1347 5315 1478 5362 sunt
1515 5305 1798 5377 prohibiti,
1829 5305 2054 5376 majoris

560 5406 579 5440 ι
614 5392 888 5450 cautionis
921 5399 1118 5463 gratia,
1171 5400 1250 5452 vel
1282 5400 1443 5452 etiam
1488 5409 1707 5467 propter
1742 5399 2052 5467 aliquorum

560 5500 579 5533 ι
610 5482 996 5552 ignorantiam,
1049 5489 1234 5542 statim
1287 5489 1672 5543 admittantur.
1727 5488 1840 5542 Hoc
1870 5499 2051 5541 autem

554 5590 575 5623 ι
606 5577 856 5630 similiter
892 5579 945 5630 in
976 5581 1194 5634 clericis
1221 5589 1274 5633 et
1306 5582 1428 5634 aliis
1463 5580 1640 5634 laieis.
1667 5579 1802 5632 Illud
1831 5593 2052 5648 quoque

561 5683 579 5715 ι
610 5673 691 5719 est
721 5673 1115 5738 examinatum,
1158 5689 1223 5725 an
1262 5675 1470 5742 possint
1498 5677 1660 5728 etiam
1698 5673 1840 5738 laici,
1870 5673 1962 5741 qui
1996 5675 2050 5725 in

558 5771 578 5806 ι
609 5758 848 5813 eatudem
908 5764 1286 5818 necessitatem
1335 5765 1665 5828 inciderunt,
1700 5765 1766 5819 ad
1802 5763 2049 5819 ordinem

2231 4597 2252 4634 ι
2298 4579 2610 4649 σμωτήριον
2659 4575 3051 4646 ὲμδληθέντας,
3101 4574 3337 4645 βοῶντάς
3369 4590 3428 4626 τε
3485 4577 3570 4628 ὅτι
3626 4576 3729 4627 εἰσὶ

2233 4689 2252 4722 ι
2293 4668 2608 4740 Χριστιανοὶ
2665 4668 2760 4720 καὶ
2803 4666 3279 4737 περισχισθέντας,
3339 4665 3456 4737 ἦτοι
3520 4668 3606 4729 είς
3633 4665 3724 4728 τάς

2233 4777 2254 4812 ε
2299 4760 2484 4831 χεῖράς
2516 4775 2568 4811 τι
2603 4758 2738 4828 πρὸς
2773 4755 2896 4826 βίαν
2926 4756 3275 4825 ἐμϐαλόντων
3331 4756 3438 4808 τῶν
3473 4756 3729 4825 βιαζομέ-

2234 4869 2252 4904 ι
2295 4867 2424 4916 νων,
2458 4849 2493 4921 ἢ
2536 4849 2737 4920 βρῶμά
2763 4865 2838 4919 ,τι
2891 4851 3026 4917 πρὸς
3079 4849 3330 4919 ἀνάγκην
3370 4849 3727 4916 δεξαμένους,

2239 4961 2257 4995 ι
2297 4941 2691 5011 ὁμολογοῦντας
2723 4939 2778 4992 δὲ
2805 4939 2871 4992 δι’
2901 4940 3024 4993 ὅλου
3089 4939 3171 4992 ὅτι
3218 4943 3325 4992 elei.
3384 4940 3729 5007 Χριστιανοὶ,

2231 5052 2249 5086 ι
2293 5034 2387 5087 καὶ
2415 5033 2476 5086 τὸ
2504 5032 2699 5094 πένθος
2721 5032 2816 5084 τοῦ
2847 5049 2909 5084 συ
2921 5032 3155 5101 μϐάντος
3207 5031 3292 5086 ἀεὶ
3345 5031 3702 5100 ἑπιδεικνυμέ

2237 5143 2255 5177 ι
2297 5141 2422 5187 νους
2455 5126 2522 5195 τῇ
2547 5124 2694 5194 πάσῃ
2751 5123 3059 5194 καταστολῇ
3110 5123 3206 5176 καὶ
3227 5122 3304 5187 τῷ
3358 5124 3604 5192 σχήματι
3636 5123 3730 5176 καὶ

2231 5235 2251 5270 ι
2295 5215 2471 5286 τῇῇοῦ
2499 5215 2614 5285 βίου
2645 5217 3014 5283 ταπεινότητι,
3049 5213 3270 5277 τούτους
3301 5214 3376 5275 ὡς
3405 5213 3515 5277 ἔξω
3544 5215 3729 5284 ἀμαρ-

2229 5326 2248 5360 (
2290 5311 2533 5377 τήματος
2561 5308 2716 5370 ὄντας
2749 5310 2848 5378 τῆς
2875 5305 3161 5369 κοινωνίας
3197 5307 3271 5376 μὴ
3303 5305 3639 5364 κωλύεσθαι.
3666 5307 3726 5359 El

2233 5418 2251 5451 ι
2292 5400 2347 5451 δὲ
2379 5401 2470 5450 καὶ
2502 5399 2563 5450 τὸ
2601 5398 2948 5469 ἐκωλύθησαν
2985 5398 3090 5451 ύπό
3124 5413 3290 5459 τινος,
3324 5399 3724 5468 περισσοτέρας

2231 5507 2249 5540 ι
2297 5488 2584 5558 ἀκριϐείας
2643 5488 2890 5558 ἒνεκενῆ
2933 5487 3028 5540 καί
3085 5504 3251 5540 τινων
3295 5488 3508 5557 ἀγνοίᾳ,
3560 5487 3725 5548 εὐθὺς

2230 5598 2249 5631 r
2298 5579 2809 5650 προσδεχθήτωσαν.
2873 5568 3132 5631 Τούτοδὲ
3164 5578 3369 5646 ὁμοίως
3407 5578 3499 5630 ἐπί
3530 5594 3589 5630 τε
3620 5578 3727 5630 τῶν

2229 5688 2247 5721 ι
2293 5671 2356 5720 ἐκ
2390 5669 2594 5739 κλήρου
2640 5668 2860 5722 καὶτῶν
2901 5669 3077 5721 ἀλλων
3113 5667 3338 5722 λαῖκῶν.
3375 5667 3726 5736 Προσεξητάο

2236 5780 2255 5814 ι
2303 5761 2406 5830 σθη
2434 5761 2488 5814 δὲ
2508 5762 2750 5826 κάκεῖνο,
2774 5763 2822 5814 εί
2847 5759 3107 5812 δύνανται
3148 5760 3241 5813 καὶ
3264 5758 3462 5826 λαῖκοῖ,
3495 5763 3561 5830 τῇ
3584 5761 3721 5830 αὑτῇ
