3990 6482
331 449 459 518 1133

1445 449 1529 511 ΙΝ
1567 445 1735 508 CAN.
1776 446 1855 508 IV
1884 445 2098 508 CONC.
2138 446 2405 508 ANCYR.

3430 439 3568 505 1134

323 579 418 626 τας
441 563 511 615 τὰ
531 560 846 632 ὑπάρχοντα
877 559 1082 627 αὐτοῖς,
1110 560 1143 631 ἢ
1176 557 1575 630 ύπομείναντας
1606 557 1893 628 βασάνους,

2020 555 2083 612 rel
2120 563 2391 612 tormenta
2427 555 2696 628 perpessi,
2748 554 2832 612 vel
2866 556 2922 614 in
2977 570 3258 614 carcerem
3313 558 3570 630 conjecti,

324 657 357 730 ἢ
382 651 798 724 ἑγκλέισθέντας
827 654 1247 725 δεσμωτηρίοις,
1276 652 1448 705 διόλου
1482 651 1539 704 δὲ
1565 651 1895 722 ὁμολογοῦν-

326 767 421 811 τας
468 749 549 802 ὅτι
580 747 902 819 Χριστιανοί
966 747 1094 812 είσι,
1151 747 1247 798 καὶ
1289 743 1740 816 περισχισθέντας
1771 741 1899 803 τοὺς

329 841 578 912 χιτῶνας,
630 840 726 894 καὶ
784 837 1194 908 γυμνωθέντας,
1253 825 1347 890 καὶ
1379 838 1409 906 ἦ
1446 838 1526 900 εἰς
1573 836 1670 898 τὰς
1710 835 1898 904 χεῖρας

330 932 506 986 αὐτῶν
555 934 692 999 πρὸς
746 930 865 1001 βίαν
923 931 1163 983 ἀκόντων
1194 929 1417 983 ἐκείνων
1471 927 1818 998 ἐμϐαλόντων
1847 941 1899 976 τι

328 1025 433 1076 τῶν
465 1023 822 1094 βιαζομένων,
849 1020 957 1076 οἷον
1003 1022 1303 1076 λιϐανωτὸν
1336 1021 1367 1091 ἢ
1396 1019 1582 1090 ἕτερόν
1612 1036 1661 1072 τι
1691 1017 1770 1080 εἰς
1804 1016 1896 1068 θυ-

331 1118 449 1170 σίαν
472 1119 585 1179 τοῖς
619 1116 1038 1186 εἰδωλολάτραις
1063 1112 1514 1186 προσαγομένων,
1547 1112 1580 1181 ἦ
1625 1109 1822 1182 βρῶμά
1849 1125 1901 1163 τι

325 1208 434 1268 τῶν
496 1207 860 1273 εἰδωλοθύτων
893 1208 1223 1274 δεξαμένους
1272 1209 1353 1269 εἰς
1393 1207 1455 1258 τὸ
1514 1205 1711 1274 στόμα,
1764 1202 1902 1274 πρὸς

329 1302 576 1369 ἀνάγκης
609 1301 742 1353 αὐτὸ
769 1300 876 1353 τῶν
916 1299 1153 1372 βιαστῶν
1176 1289 1556 1368 ὲμδαλόντων,⁴
1575 1296 1702 1360 τοὺς
1731 1294 1904 1349 τοιοῦο

329 1393 421 1444 τόν
479 1409 533 1444 τι
590 1391 966 1457 πεπονθότας,
1035 1391 1272 1461 βοῶντας
1330 1389 1386 1442 δὲ
1432 1389 1604 1442 διόλου
1653 1391 1734 1442 ὅτι
1796 1388 1904 1440 εἰσὶ

332 1486 664 1556 Χριστιανοὶ,
722 1487 815 1538 καὶ
847 1485 935 1538 διά
987 1484 1144 1538 τοῦτο
1190 1483 1543 1546 πενθούντας,
1605 1480 1699 1535 καὶ
1728 1483 1794 1552 τῇ
1842 1497 1902 1534 τε

332 1579 639 1648 καταστολῇ
667 1578 764 1630 καὶ
786 1577 863 1647 τῷ
900 1577 1140 1647 σχήματι
1201 1577 1261 1629 τὸ
1308 1576 1506 1638 πένθος
1558 1573 1906 1644 ἐνδεικνυμέ-

331 1687 454 1732 νους
484 1671 818 1740 (καταστολὴ
841 1671 896 1724 δὲ
930 1671 1007 1723 τοι
1041 1672 1262 1742 μέτριον
1316 1672 1410 1724 καὶ
1470 1668 1905 1738 κατεσταλμένον

330 1761 426 1813 τοῦ
456 1762 622 1831 ἤθους
675 1762 930 1842 summ
977 1762 1044 1824 τὰ
1096 1762 1484 1834 περιϐλήματα
1514 1760 1664 1830 καὶὴ
1699 1759 1859 1830 στολή
1885 1776 1902 1793 ο

335 1854 521 1924 σχῆμα
549 1854 627 1920 δὲ,
660 1856 692 1924 ἡ
727 1854 927 1919 ἔξωθεν
958 1855 1260 1925 φαινομένη
1287 1855 1583 1925 κατήφεια,
1612 1853 1710 1924 τὴν
1725 1852 1906 1925 λύπην

332 1945 588 2014 δηλοῦσα,
619 1946 646 1998 ὃ
681 1947 774 1999 καὶ
808 1945 924 2014 βίου
984 1945 1353 2016 ταπεινότητα
1408 1946 1694 2015 ὠνόμασεν
1748 1946 1775 1998 ὁ
1805 1962 1898 1998 καο

334 2035 437 2090 νών
469 2053 484 2067 ⁶
534 2037 758 2102 τούτους
809 2034 901 2100 οὖν
954 2039 1120 2108 μηδὲν
1182 2038 1499 2108 ἁμαρτῆσαι
1545 2039 1593 2092 οἱ
1661 2039 1906 2108 Πατέρςς

334 2131 498 2197 φασίν
523 2146 538 2161 ·
600 2128 727 2185 οὔτε
777 2130 886 2201 γὰρ
915 2131 978 2182 τὸ
1008 2129 1356 2195 εἰδωλόθυτόν
1413 2147 1466 2183 τι
1493 2129 1726 2195 ἄκοντας
1758 2130 1910 2198 δέξας

335 2224 461 2276 σθαι
494 2223 574 2285 είς
607 2221 667 2275 τὸ
730 2223 926 2292 στόμα,
982 2221 1106 2275 οὔτε
1131 2221 1190 2275 τὸ
1219 2225 1278 2275 ὲν
1330 2223 1451 2285 ταῖς
1495 2220 1684 2291 χερσὶν
1733 2221 1910 2283 αὐτῶν

334 2313 667 2384 ἐκϐληθῆναι
705 2313 1001 2368 λιϐανωτὸν
1035 2314 1282 2386 ἁμαρτία
1309 2313 1480 2377 ἐστὶν,
1514 2314 1561 2365 εί
1591 2314 1786 2367 ἐκεῖνοι
1816 2312 1911 2365 καὶ

332 2406 538 2472 ⁴τούτων
558 2408 860 2478 γινομένων
895 2406 1262 2473 ἐπεκαλοῦντο
1291 2406 1352 2460 τὸ
1405 2406 1577 2475 ὅνομα
1634 2406 1729 2459 τοῦ
1775 2407 1911 2476 Χριο

341 2498 491 2565 στοῦ,
534 2500 630 2554 καὶ
671 2501 806 2553 Θεὸν
855 2499 1170 2570 ὡμολόγουν
1219 2498 1416 2552 αὐτόν·
1473 2496 1567 2566 καὶ
1619 2497 1694 2560 ὡς
1745 2499 1912 2567 μηδὲν

345 2592 787 2663 ἁμαρτάνοντας,
822 2594 896 2666 μη
938 2591 1245 2645 κωλύεσθαι
1288 2591 1388 2659 τῆς
1423 2589 1710 2654 κοινωνίας
1763 2607 1912 2661 ’παρη

337 2687 711 2756 εκελεύσαντο.
748 2685 867 2739 Κάν
915 2702 1061 2748 τινες
1096 2684 1226 2747 ἴσως
1260 2683 1632 2753 ἀγνοήσαντες
1655 2682 1714 2735 τί)
1744 2699 1914 2753 προσ-

335 2781 496 2850 ἧκον,
522 2781 554 2852 ἢ
600 2779 762 2832 πλέον
787 2777 882 2831 τοῦ
912 2778 1126 2840 δέοντος
1151 2777 1252 2846 τῆς
1296 2776 1583 2846 ἀκριϐείας
1638 2776 1910 2855 ἐχόμενοι,

338 2870 622 2926 ἐκώλυσάν
683 2887 838 2933 τινας
892 2870 990 2939 τῆς
1065 2869 1371 2940 κοινωνίας,
1444 2869 1606 2931 εὐθὺς
1658 2868 1914 2938 δεχθῆναι

337 2964 562 3026 τούτους
620 2962 1091 3032 ὲγνωμοδότησαν,
1133 2963 1237 3016 κᾶν
1291 2979 1350 3014 τε
1409 2961 1519 3014 τῶν
1567 2958 1662 3013 τοῦ
1706 2960 1913 3030 κλήρου

337 3050 504 3126 ἦσαν,
544 3055 649 3108 κᾶν
669 3072 728 3108 τε
757 3055 862 3108 τῶν
881 3053 975 3107 τοῦ
1010 3054 1162 3108 λαοῦ.
1199 3055 1468 3107 Τοσοῦτον
1514 3052 1593 3115 δὲ,
1625 3054 1814 3122 φασιν,
1849 3052 1912 3109 ού

339 3145 722 3215 λογισθήσεται
751 3146 820 3200 τὰ
849 3146 962 3214 ᾷνω
991 3147 1258 3216 εἰρημένα
1290 3147 1372 3208 είς
1405 3145 1736 3216 ἁμάρτημα,
1772 3145 1912 3204 ὥστε

1999 658 2264 720 perpetuo
2298 657 2503 716 tamen,
2539 650 2788 708 vestibus
2841 666 3063 724 quoque
3110 651 3425 711 dilaceratis
3452 671 3575 712 cor-

2000 741 2234 811 porique
2264 740 2556 808 detractis,
2608 757 2730 800 sese
2765 741 3117 802 Christianos
3159 757 3286 806 esse
3338 747 3572 818 proiessl

2001 839 2166 897 sunt;
2219 832 2435 892 etiamsi
2474 834 2556 889 vel
2589 833 2793 904 aliquid
2837 851 2933 904 per
2989 837 3096 890 vim
3150 841 3572 908 repugnantium

2001 928 2252 983 manibus
2277 929 2350 984 sit
2380 928 2662 999 injectum,
2691 929 2819 984 thus
2844 929 3097 986 videlicet
3126 940 3218 985 aut
3247 931 3394 987 aliud
3421 934 3574 1002 quid-

2003 1020 2148 1090 piam
2192 1036 2407 1086 eorum,
2460 1036 2581 1090 qua:
2606 1021 2659 1075 in
2691 1020 2960 1076 idolorum
2999 1023 3288 1078 sacrificiis
3321 1024 3573 1080 adhiberi

2004 1111 2162 1174 solita
2195 1121 2345 1175 sunt,
2384 1113 2467 1166 vel
2500 1111 2608 1167 cibi
2656 1111 2864 1183 aliquid
2898 1129 2964 1170 ex
2997 1113 3297 1170 immolatis
3332 1131 3429 1192 per
3464 1116 3573 1172 vim

2003 1218 2033 1260 a
2069 1203 2416 1261 coactoribus
2456 1206 2762 1263 immissum
2792 1220 2886 1261 ore
2916 1220 3202 1276 excepere,
3235 1208 3326 1279 qui
3365 1209 3575 1280 aliquid

2003 1300 2271 1370 ejusmodi
2330 1301 2580 1372 perpessi
2635 1300 2866 1368 fuerint,
2924 1300 3265 1372 Christianos
3337 1320 3397 1360 se
3455 1322 3579 1364 esse

2005 1391 2367 1448 nihilominus
2389 1386 2618 1448 interea
2650 1394 3022 1466 clamitantes,
3061 1404 3228 1466 atque
3256 1398 3325 1452 ob
3356 1398 3407 1453 id
3431 1399 3578 1468 quod

2008 1482 2212 1537 factum
2247 1483 2350 1539 fuit
2388 1483 2659 1550 dolentes,
2696 1500 2760 1540 ac
2792 1485 3039 1551 dolorem
3085 1487 3417 1548 demissione
3479 1491 3581 1545 ha-

2006 1575 2234 1646 bituque
2261 1592 2371 1647 prae
2399 1592 2460 1633 se
2488 1576 2728 1642 ferentes
2754 1579 2858 1650 (est
2888 1588 3068 1646 autem
3105 1583 3354 1642 remissio
3393 1581 3582 1640 Graece

2008 1667 2335 1738 καταστολὴ,
2399 1668 2681 1740 aequabilis
2713 1685 2778 1724 ac
2824 1671 3107 1734 moderata
3160 1688 3370 1726 morum
3429 1688 3584 1729 com-

2009 1758 2251 1829 positio;
2305 1760 2557 1828 quamvis
2608 1760 2804 1818 eodem
2858 1763 3022 1817 verbo
3079 1763 3315 1819 amictus
3365 1780 3583 1835 quoque

2009 1861 2348 1922 ornatusque
2403 1853 2654 1922 corporis
2702 1853 3002 1922 signiﬁcari
3075 1863 3245 1925 queat
3297 1873 3310 1908 :
3361 1855 3583 1914 habitus

2010 1960 2161 2010 vero,
2193 1945 2380 2010 Graace
2411 1945 2619 2016 σχῆμα.
2651 1944 2872 2002 tristitia
2907 1946 3252 2010 extrinsecus
3291 1962 3583 2018 apparens.

2009 2037 2232 2091 conditu
2263 2051 2403 2109 rique
2460 2037 2645 2094 animo
2704 2052 2998 2092 maerorem
3064 2037 3358 2103 indicans.
3417 2056 3584 2110 quam

2010 2131 2172 2185 etiam
2213 2130 2341 2184 vita:
2395 2129 2757 2192 humilitatem
2808 2145 2986 2188 canon
3026 2131 3380 2201 appellavit);
3416 2132 3484 2186 ab
3517 2134 3585 2189 iis

2010 2235 2144 2291 ergo
2178 2220 2315 2282 nihil
2350 2229 2636 2288 peccatum
2674 2234 2795 2275 esse
2828 2219 3021 2284 Patres
3076 2231 3355 2278 asserunt.
3402 2221 3590 2294 Neque

2010 2315 2182 2378 enim,
2214 2312 2361 2382 quod
2395 2313 2477 2366 vel
2513 2311 2876 2384 idolothytum
2906 2328 3002 2367 ore
3034 2314 3117 2368 vel
3158 2315 3303 2384 quod
3338 2317 3463 2374 thus
3491 2324 3588 2372 aut

2011 2404 2217 2475 aliquid
2277 2403 2456 2459 simile
2511 2403 2791 2467 manibus,
2842 2407 3096 2468 uolentes
3148 2407 3485 2476 exceperint,
3533 2407 3588 2464 id

2013 2494 2262 2554 Criminis
2329 2493 2449 2553 loco
2497 2495 2628 2573 poni
2669 2495 2868 2562 debet;
2918 2495 2964 2551 si
3020 2503 3198 2552 tamen
3251 2497 3327 2552 ilii
3381 2498 3590 2556 interea

2014 2604 2253 2659 quoque,
2290 2588 2417 2641 dum
2456 2587 2572 2642 haec
2611 2587 2828 2650 iicrent,
2884 2586 3167 2644 Christum
3217 2590 3588 2660 appellabant,

2209 2680 2487 2748 Deumque
2517 2677 2698 2748 ipsum
2735 2694 2859 2736 esse
2885 2679 3326 2748 proﬁtebantur:
3361 2698 3426 2740 ac
3466 2694 3594 2742 tan-

2015 2787 2177 2841 quam
2215 2771 2348 2828 nulli
2380 2771 2555 2842 culpae
2585 2769 2799 2839 aﬂines,
2850 2771 3000 2827 nullo
3049 2774 3213 2832 modo
3261 2789 3292 2828 a
3340 2789 3588 2833 commu.

2017 2865 2182 2920 nione
2207 2864 2478 2919 arcendos
2513 2872 2636 2920 esse
2667 2863 2992 2920 deiinivcre.
3027 2863 3185 2932 Quod
3219 2868 3264 2923 si
3295 2869 3592 2928 nonnullus

2017 2957 2201 3021 etiam,
2235 2955 2513 3028 aequitatis
2542 2955 2683 3011 forte
2728 2939 3100 3026 ignoratione,
3151 2966 3245 3013 aut
3275 2960 3397 3030 plus
3437 2960 3592 3031 justo

2017 3049 2394 3120 diligentiores
2428 3048 2594 3119 aliqui
2628 3049 3013 3104 communione
3047 3050 3449 3121 prohibuerint,
3473 3055 3593 3110 sive

2019 3155 2047 3195 e
2077 3144 2224 3196 clcro
2255 3141 2333 3196 illi
2369 3142 2485 3200 sive
2515 3157 2544 3197 e
2578 3141 2782 3212 populo
2811 3139 3035 3215 iuerint,
3081 3143 3446 3204 admittendos
3469 3161 3594 3208 esse

342 3239 445 3292 κᾶν
472 3239 660 3306 λα’ςκός
687 3236 830 3312 τιςῇ
869 3241 896 3293 ό
949 3239 1121 3292 ταῦτα
1167 3238 1489 3308 ὑπομείνας,
1542 3236 1915 3307 κωλυθήσεται

2022 3235 2165 3300 iliico
2225 3235 2538 3290 decrevere.
2590 3234 2825 3302 Tantum
2893 3249 3058 3305 porro
3114 3237 3290 3310 abest,
3353 3248 3415 3302 ut
3472 3254 3594 3309 qua:

340 3331 430 3393 διὰ
453 3331 626 3386 ταῦτα
677 3334 757 3394 είς
783 3315 1088 3402 ἱερωσύνην
1132 3330 1590 3402 προϐιϐασθῆναι,
1657 3329 1704 3381 εί
1745 3328 1773 3379 ὁ
1805 3327 1917 3398 βίος

346 3421 517 3492 αὑτοῦ
545 3423 573 3474 ὁ
603 3421 708 3494 πρὸ
739 3422 929 3486 τούτου
963 3422 1331 3505 ἀνεπίληπτος
1357 3417 1424 3502 ἦν
1454 3422 1552 3484 καὶ
1592 3419 1769 3492 ὀρθῶς
1816 3435 1915 3487 περ

344 3514 649 3579 πολίτευτο.

345 3782 568 3850 ΑΡΙΣΤ.
624 3798 644 3834 ι
677 3778 738 3834 Οἱ
772 3775 1196 3850 βασανισθέντες
1225 3775 1319 3828 καὶ
1364 3774 1679 3844 βιασθέντες
1702 3772 1922 3842 ἀληθῶς

429 3895 448 3929 ι
488 3876 586 3931 καὶ
637 3874 782 3943 μετά
806 3870 1120 3944 τυραννίδος
1160 3869 1428 3941 βρώματα
1473 3867 1732 3931 λαϐόντες
1764 3866 1918 3933 εἰδώ-

438 3989 457 4028 t
493 3971 610 4032 λου,
662 3969 762 4037 τῆς
820 3963 1106 4028 κοινωνίας
1174 3962 1250 4033 μὴ
1310 3962 1729 4016 κωλυέσθωσαν.
1813 3961 1922 4014 Καὶ

431 4082 453 4118 ι
488 4061 670 4116 λαῖκοὶ
706 4061 763 4114 δὲ
791 4058 954 4112 τοῦτο
989 4056 1275 4122 παθόντες,
1322 4057 1397 4119 ὡς
1422 4055 1575 4108 οὐδὲν
1609 4054 1925 4126 ἡμαρτηκό-

442 4174 462 4217 t
503 4173 616 4221 τες,
651 4156 700 4208 εί
773 4152 1049 4224 βούλοιντο
1079 4149 1419 4221 χειροτονίας
1454 4150 1658 4220 τυχεῖν,
1717 4163 1923 4217 τυγχα-

441 4267 463 4302 ι
498 4247 767 4306 νέτωσαν.
810 4243 986 4306 ἄλλως
1018 4242 1373 4311 ἀνεπίληπτοι
1404 4240 1574 4303 ὅντες.
1619 4259 1637 4295 ι

422 4342 486 4394 0i.
524 4338 660 4410 μετὰ
715 4337 965 4408 βασάνων
1016 4333 1367 4388 εἰδωλόθυτον
1412 4331 1608 4403 βρῶμα
1669 4329 1923 4395 δέξασθαι

353 4435 666 4508 βιασθέντες
701 4433 810 4487 τῶν
863 4429 1158 4500 βιαξόντων
1186 4427 1264 4498 τῷ
1295 4427 1523 4495 στόματι
1555 4425 1734 4479 αὐτῶν
1768 4422 1926 4477 τοῦτο

352 4526 704 4600 ιμδαλόντων
769 4522 909 4592 μετά
951 4522 1218 4590 ἀνάγκης,
1287 4518 1550 4581 ὡσαύτως
1601 4518 1659 4573 δὲ
1720 4518 1814 4570 καὶ
1873 4515 1923 4568 οἱ

353 4617 783 4689 τοιουτοτρόποις
811 4614 1111 4678 λιϐανωτὸν
1141 4615 1224 4675 εἰς
1266 4612 1365 4672 τὰς
1397 4613 1585 4682 χεῖρας
1629 4609 1808 4663 αὐτῶν
1843 4608 1925 4662 δε-

354 4713 603 4783 ξάμενοι,
636 4709 895 4779 καὶπρὸς
939 4708 1061 4776 βίαν
1092 4707 1172 4770 εἰς
1211 4705 1304 4757 τὸν
1351 4703 1582 4773 τρίποδα
1641 4701 1928 4773 ὲπιρῤίψαι

353 4803 517 4857 τοῦτο
561 4799 1141 4869 καταναγκασθέντες·
1203 4795 1594 4867 ὁμολογοῦντες
1633 4795 1690 4853 δὲ
1752 4793 1929 4856 διόλου

355 4898 441 4949 ὅτι
485 4894 593 4948 εἰσὶ
623 4892 960 4964 Χριστιανοὶ,
993 4891 1087 4943 καὶ
1143 4888 1340 4941 τούτου
1373 4882 1682 4957 συμϐάντος
1735 4885 1930 4947 πένθος

355 4989 447 5040 ἀεὶ
469 4984 906 5053 ἐπιδεικνύμενοι
945 4985 1009 5052 τῇ
1058 4981 1204 5051 πάσῃ
1237 4978 1544 5049 καταστολῇ
1580 4976 1778 5045 καὶτῷ
1803 4976 1935 5046 σχή-

360 5095 516 5148 ματι,
548 5078 640 5129 καὶ
678 5079 744 5145 τῇ
775 5074 868 5141 τοῦ
924 5074 1037 5144 βίου
1068 5073 1443 5140 ταπεινότητι,
1504 5062 1654 5122 οὖτοι
1706 5068 1780 5131 ὡς
1829 5068 1934 5136 ἔξω

357 5168 759 5238 ᾀμαρτήματος
782 5165 963 5228 ὄντες,
1009 5164 1110 5233 τῆς
1151 5161 1440 5225 κοινωνίας
1492 5161 1567 5231 μὴ
1612 5158 1935 5213 κωλυέσθω-

358 5277 490 5321 σαν,
521 5255 636 5310 ἀλλ’
659 5257 718 5310 ὲν
749 5257 815 5326 τῇ
846 5255 1024 5324 οἰκείᾳ
1044 5256 1180 5324 τιμῇ
1217 5253 1548 5323 μενέτωσαν.
1578 5252 1640 5304 Εί
1667 5250 1722 5304 δὲ
1755 5249 1933 5304 λαῖκοί

355 5352 502 5415 εἰσιν
530 5349 581 5400 oi
609 5343 866 5417 τοιοῦτοι,
898 5346 993 5399 καὶ
1029 5344 1305 5415 βούλοιντο
1348 5341 1684 5421 χειροτονίας
1731 5342 1932 5410 τυχεῖν,

354 5432 796 5504 τυγχανέτωσαν,
832 5433 980 5492 eave
1027 5430 1319 5502 προλαϐὼν
1374 5431 1490 5500 βίος
1541 5429 1728 5483 αὐτῶν
1784 5431 1933 5484 ἐστιν

355 5525 769 5594 ἀνεπίληπτον
825 5525 891 5577 ὲκ
936 5523 1127 5576 τούτου
1179 5525 1342 5592 μόνου
1400 5522 1462 5575 οὐ
1523 5522 1934 5592 κωλύθήσονται

352 5618 464 5687 τῆς
511 5616 764 5688 τοιαύτης
795 5617 1074 5686 ιπιτυχεῖν
1126 5614 1315 5684 τιμῆς,

975 5707 1210 5764 ΚΔΝΩΝ
1241 5707 1316 5760 Δ’.

367 5821 388 5857 ι
427 5801 568 5871 Περὶ
599 5801 713 5862 τῶν
747 5800 891 5871 πρὸς
925 5800 1046 5871 βίαν
1079 5799 1380 5866 θυσάντων,
1409 5800 1502 5852 ἐπὶ
1523 5798 1582 5851 δὲ
1614 5797 1826 5862 τούτοις
1842 5798 1939 5851 καὶ

439 5910 460 5951 t
501 5891 604 5947 τῶν
620 5892 1026 5962 δειπνησάντων
1048 5894 1128 5958 εἰς
1154 5893 1221 5947 τὰ
1249 5891 1444 5956 είδωλα
1469 5891 1581 5957 ὅσοι
1609 5889 1706 5961 μὲν
1728 5891 1938 5960 ἀπαγότ

2021 3343 2182 3396 supra
2220 3327 2800 3392 commemoravimus,
2827 3326 3044 3381 crimini
3096 3327 3206 3383 sint
3237 3329 3506 3398 ducenda,
3534 3343 3591 3386 ut

2018 3417 2231 3480 etiamsi
2290 3417 2431 3482 laico
2484 3417 2690 3479 homini
2729 3417 2963 3489 cuipiam
2995 3419 3314 3488 perferenda
3364 3421 3592 3495 iuerint,

2021 3509 2156 3565 nihil
2181 3521 2382 3575 tamen,
2411 3507 2571 3563 modo
2596 3509 2764 3562 vitam
2792 3509 2992 3579 alioqui
3026 3511 3343 3580 suapicione
3367 3529 3590 3583 vacuam

2021 3617 2084 3667 ac
2114 3601 2398 3672 probatam
2429 3600 2759 3665 traduxerit,
2801 3601 3098 3672 quominus
3128 3603 3194 3659 ad
3226 3619 3418 3666 sacros
3443 3606 3594 3670 ordi-

2023 3709 2120 3748 nes
2157 3693 2314 3750 evehi
2348 3693 2531 3757 liceat,
2563 3693 2783 3758 obstare
2806 3694 2996 3760 velint.

2023 3783 2250 3849 ARIST.
2292 3803 2309 3846 ι
2347 3784 2448 3852 Qui
2486 3786 2772 3844 tormentis
2802 3785 3031 3855 subjecti
3059 3794 3113 3842 et
3162 3787 3268 3854 vim
3295 3805 3419 3846 vere
3450 3794 3595 3861 passi

2101 3894 2119 3928 ι
2165 3886 2312 3946 sunt,
2345 3886 2398 3930 et
2433 3884 2554 3946 post
2580 3865 2925 3947 tyrannidem
2955 3879 3134 3942 cihum
3169 3879 3328 3934 idolis
3350 3881 3595 3948 oblatum

2103 3988 2120 4024 ι
2167 3979 2412 4030 sumunt,
2465 3983 2495 4022 a
2537 3970 2920 4024 communione
2955 3985 3022 4024 ne
3062 3971 3473 4040 prohibeantur.
3529 3976 3597 4036 Et

2084 4060 2122 4111 ’c
2168 4059 2288 4113 laici
2322 4059 2422 4112 hoc
2453 4057 2620 4127 passi,
2656 4069 2713 4111 ut
2748 4059 2879 4114 nihil
2911 4064 3258 4129 transgressi,
3305 4064 3350 4122 si
3383 4064 3600 4129 ord‘nae

2104 4171 2122 4203 ‹
2167 4153 2365 4206 tionem
2417 4150 2583 4212 velint
2626 4150 2909 4219 consequi,
2962 4164 3390 4223 consequantur,
3437 4160 3598 4219 modo

2103 4265 2121 4302 ι
2169 4245 2219 4307 al
2244 4254 2324 4300 ter
2358 4243 2614 4313 inculpati
2645 4243 2814 4302 sint.»

2098 4334 2200 4402 Qui
2255 4349 2380 4390 cum
2439 4335 2729 4395 tormentis
2801 4335 2982 4390 cibum
3047 4336 3207 4400 idolis
3258 4337 3596 4402 immolatum

2030 4427 2271 4497 recipere
2305 4426 2476 4489 coacti
2507 4437 2654 4491 sunt,
2691 4426 2837 4490 istis,
2885 4427 2977 4498 qui
3012 4443 3107 4488 eos
3154 4438 3376 4499 cogunt,
3428 4431 3484 4486 in
3534 4448 3600 4498 os

2031 4534 2220 4580 eorum
2275 4517 2406 4576 illud
2465 4517 2728 4574 violenter
2778 4517 3172 4590 iujicientibus;
3233 4521 3486 4589 similiter
3543 4536 3600 4580 et

2027 4609 2072 4667 si
2127 4609 2254 4663 thus
2302 4608 2491 4663 eodem
2545 4610 2707 4671 modo
2748 4609 2801 4663 in
2843 4622 3037 4669 manus
3069 4624 3199 4671 suas
3229 4611 3512 4682 recipiant,
3545 4624 3602 4683 et

2032 4699 2165 4754 illud
2207 4715 2300 4769 per
2327 4701 2432 4756 vim
2465 4699 2517 4753 in
2550 4701 2818 4774 tripodem
2865 4701 3088 4771 injicere
3130 4704 3396 4773 compulsi
3449 4706 3603 4781 sint;

2032 4791 2126 4846 scd
2160 4792 2488 4854 conﬁtentur
2518 4793 2743 4848 omnino
2768 4807 2826 4848 se
2858 4808 2978 4851 esse
3003 4792 3366 4861 Christianos,
3397 4808 3450 4852 et
3479 4813 3620 4853 cum

2034 4883 2140 4947 hoc
2195 4882 2502 4952 contigerit,
2560 4883 2760 4945 luctum
2817 4885 2964 4948 omni
3017 4886 3281 4942 modestia
3314 4896 3366 4943 et
3413 4888 3603 4958 habitu

2032 4983 2088 5030 et
2119 4974 2241 5028 vitae
2273 4974 2575 5039 humilitate
2609 4975 2926 5039 ostendunt,
2979 4977 3055 5044 hi,
3083 4985 3142 5031 ut
3171 4979 3264 5048 qui
3295 4989 3422 5034 sunt
3450 4993 3602 5050 extra

2035 5073 2340 5138 peccatum,
2400 5081 2430 5127 a
2480 5066 2861 5127 communione
2909 5081 2982 5122 ne
3029 5081 3339 5137 arceantur,
3400 5071 3495 5134 sed
3546 5072 3605 5144 in

2035 5155 2257 5225 proprio
2311 5156 2516 5220 honore
2582 5165 2856 5223 maneant.
2955 5157 3012 5212 Si
3070 5170 3252 5216 autem
3306 5161 3445 5218 tales
3494 5163 3608 5234 sint

2036 5247 2157 5314 laici
2189 5257 2240 5302 et
2271 5247 2630 5314 ordinationis
2659 5259 2938 5319 compotes
2967 5267 3089 5309 esse
3119 5254 3368 5323 cupiunt,
3413 5268 3609 5318 concea-

2035 5348 2296 5412 quantur,
2325 5341 2373 5396 si
2407 5341 2718 5411 praecedens
2742 5356 2930 5397 eorum
2957 5344 3067 5399 vita
3101 5345 3376 5416 inculpata
3406 5346 3602 5415 fuerit:

2036 5446 2101 5494 ex
2141 5445 2209 5492 eo
2248 5430 2516 5500 ejusmodi
2552 5431 2776 5490 honoris
2829 5433 3118 5506 participes
3152 5451 3277 5495 esse
3321 5453 3387 5492 ne
3414 5436 3605 5510 probi;

2039 5522 2292 5586 beantur.

2634 5700 2866 5757 CANON
2918 5700 3008 5757 IV.

2047 5815 2064 5849 ‹
2104 5795 2176 5860 De
2208 5795 2296 5860 iis,
2326 5794 2418 5866 qui
2455 5795 2504 5848 vi
2541 5795 2943 5861 sacriﬁcarunt,
2992 5802 3052 5850 et
3079 5800 3336 5864 praeterea
3365 5790 3433 5846 ad
3467 5791 3611 5850 idola

2119 5908 2136 5942 ι
2184 5888 2372 5960 pransi
2420 5897 2570 5957 sunt,
2621 5889 2935 5960 quicunque
2981 5887 3201 5943 abducti
3246 5885 3508 5958 quidem,
3556 5893 3614 5956 et
