3990 6482
470 396 607 460 1135

537 526 555 559 ‹
605 505 807 560 lmtiorc
841 501 1021 557 habitu
1051 508 1425 565 accesserunt,
1474 508 1526 557 et
1561 510 1712 555 veste
1757 510 2038 571 snmptno-
2064 501 2112 559 A

531 615 551 650 ε
592 599 735 653 siore
766 598 845 650 usi
885 602 1036 660 sunt,
1089 604 1140 649 et
1175 594 1348 664 parati
1383 592 1616 663 prandii,
1672 608 1775 648 nou
1819 610 1958 661 tegre
1986 593 2038 648 id

532 709 549 743 ι
600 688 854 753 ferentes,
913 687 1204 757 participes
1252 684 1491 746 fuemunt.
1544 686 1719 740 visunt
1756 696 1859 753 est,
1894 703 2039 743 anno

535 799 554 830 ι
602 779 809 842 audire,
842 776 1018 832 tribus
1047 784 1225 830 autem
1256 776 1415 830 annis
1445 776 1744 842 substerni,
1803 780 2037 833 orationi

531 890 549 923 ι
600 886 728 925 vero
759 869 974 923 duobus
1005 868 1166 922 annis
1211 868 1643 933 communicare,
1697 879 1749 923 ct
1806 877 1936 924 tunc
1972 872 2038 925 ad

535 946 567 1017 ι’
601 966 651 1019 id
688 964 831 1035 quod
864 972 948 1018 est
982 962 1284 1032 perfectum
1316 962 1598 1016 accedere.
1624 980 1643 1014 ι

531 1056 730 1111 BALS.
788 1056 923 1111 Cum
957 1054 1239 1126 expositus
1271 1054 1464 1109 tertius
1500 1068 1674 1107 canon
1724 1053 2042 1110 indistincte

456 1152 753 1224 ignovisset
788 1150 875 1214 iis,
921 1149 1013 1221 qui
1047 1150 1092 1201 vi
1128 1147 1422 1218 idolothyta
1455 1149 1859 1217 suscepissent:
1896 1164 2039 1220 qun-

459 1248 603 1301 t‘.iarn
637 1245 889 1300 dicebant
922 1242 1167 1296 nonnulli
1203 1242 1279 1295 eis
1310 1242 1474 1295 etiam
1509 1239 1737 1307 ignosci,
1770 1240 1861 1309 qui
1899 1256 1960 1295 ea
1990 1238 2039 1293 vi

458 1340 846 1404 comedissent,
889 1336 974 1391 vel
1006 1337 1169 1391 etiam
1198 1334 1634 1397 sacriﬁcassent;
1691 1349 1787 1403 per
1815 1334 1959 1387 hunc
1986 1343 2042 1389 et

455 1430 706 1499 quintum
739 1442 1000 1483 cauonem
1032 1432 1340 1480 statuerunt
1374 1423 1578 1487 Patres,
1628 1425 1773 1488 quod
1805 1423 2041 1494 quirun-

446 1537 562 1591 que
590 1520 832 1589 quidem,
867 1518 1090 1573 abducti
1122 1517 1187 1571 ad
1214 1517 1471 1571 idolicum
1509 1516 1821 1586 prandium,
1855 1518 2037 1573 laetum

455 1614 670 1666 vitltnm
706 1613 1088 1675 ostenderunt,
1136 1619 1190 1666 et
1221 1625 1344 1664 cum
1380 1608 1845 1680 splendidiorilms
1876 1611 2041 1665 vesti-

455 1706 560 1760 bus
610 1705 1028 1767 discubuernnt,
1053 1712 1108 1757 et
1143 1718 1351 1766 eorum,
1381 1717 1501 1773 qum
1551 1702 1714 1759 idolis
1758 1702 2038 1757 immolata

452 1806 607 1860 sunt,
628 1797 920 1866 participes
942 1797 1113 1860 luere,
1139 1795 1454 1864 punientur,
1483 1794 1649 1864 utqui
1679 1810 1905 1849 omntno
1939 1794 2038 1847 im-

450 1890 651 1961 pietati
703 1884 992 1945 cesSerint.
1071 1887 1437 1953 Quamobrem
1488 1902 1630 1941 anno
1673 1902 1778 1941 uno
1822 1885 2033 1941 divinas

453 1983 777 2052 Scripturas
807 1980 1031 2036 audient
1069 1980 1121 2035 in
1152 1979 1427 2045 nartheee,
1478 1988 1529 2034 et
1576 1988 1764 2049 postea
1797 1977 2032 2033 triennio

453 2073 897 2141 substernentur,
934 2072 985 2127 id
1037 2080 1140 2136 est,
1198 2072 1251 2125 in
1299 2071 1528 2127 ecclesia
1574 2080 1735 2127 erunt
1763 2080 1883 2142 post
1914 2086 2030 2125 am-

454 2164 652 2218 bonem
689 2171 917 2229 stantes,
957 2178 1130 2233 usque
1156 2162 1222 2218 ad
1254 2165 1773 2219 catcchumenorum
1799 2161 2029 2228 exitum;

452 2263 585 2311 tunc
612 2257 756 2309 enim
793 2256 896 2326 ipsi
925 2271 1142 2326 quoque
1167 2257 1537 2326 egrediantur.
1606 2254 1902 2324 Completis
1938 2269 2036 2308 ευ·

451 2357 559 2405 tem
612 2349 699 2404 his
738 2365 956 2419 quoque
1001 2350 1176 2404 tribus
1224 2350 1405 2413 annis,
1457 2364 1564 2403 una
1614 2363 1737 2403 cum
1785 2346 2034 2402 ﬁdelibus

452 2439 675 2493 biennio
726 2439 1232 2505 communicabunt,
1274 2448 1325 2493 et
1371 2441 1441 2494 ab
1483 2455 1547 2493 eo
1594 2446 1841 2509 tempore
1870 2439 1937 2495 ad
1980 2437 2035 2493 id

452 2532 597 2597 quod
629 2528 935 2598 perfectum
971 2541 1075 2593 est,
1108 2531 1417 2598 devenient,
1462 2530 1565 2586 hoc
1600 2539 1706 2597 est,
1756 2532 1919 2588 etiam
1952 2532 2037 2588 di-

453 2625 705 2676 vinorum
742 2631 1212 2677 sacramentorum
1238 2634 1396 2679 erunt
1417 2624 1730 2696 participes.
1785 2625 2035 2693 Quicunw

452 2729 558 2783 que
586 2722 765 2769 autem
793 2713 842 2768 vi
868 2713 1088 2768 abducti
1118 2716 1297 2770 incesti
1323 2716 1562 2782 fuerunt,
1588 2727 1641 2773 et
1665 2733 1788 2773 cum
1818 2718 2034 2789 lugubri

455 2815 604 2860 veste
636 2806 1011 2863 accubuerunt
1038 2817 1093 2863 et
1124 2809 1501 2875 comederunt,
1553 2820 1675 2881 post
1702 2813 2035 2869 substratio-

455 2899 541 2953 nis
596 2898 900 2953 triennium
965 2900 1019 2953 in
1089 2900 1520 2957 ecclesiasticam
1592 2904 2034 2961 communionem

454 2991 857 3061 suscipientur,
922 2992 1016 3047 sed
1048 3008 1155 3046 non
1188 2994 1351 3048 etiam
1400 2995 1601 3051 divinis
1647 2995 1796 3067 digni
1848 3013 2035 3054 sacra-

456 3085 651 3140 mentis
683 3084 1050 3140 habebuntur.
1123 3084 1177 3139 ld
1209 3088 1351 3141 enim
1380 3096 1462 3143 est
1485 3103 1579 3144 eos
1605 3090 1724 3145 sine
1756 3090 2034 3148 oblatione

1730 384 2005 453 THEOD.
2049 385 2458 451 BALSAMON

2216 518 2233 547 ι
2272 516 2448 567 μενοι,
2499 494 2595 550 καὶ
2651 497 2893 568 σχήματι
2950 491 3293 564 φαιδροτέρῳ
3339 491 3595 563 ανῆλθον,
3632 494 3724 546 καὶ

2224 610 2241 643 ι
2282 590 2469 662 ἐσθῆτι
2504 590 2813 661 ἐχρήσαντο
2837 587 3290 658 πολυτελεστέρα,
3323 588 3419 640 καὶ
3463 588 3723 655 μετέσχον

2221 705 2238 734 ι
2276 684 2371 739 τοῦ
2391 682 2935 756 παρασκευασθέντος
2971 681 3188 734 δείπνου
3236 682 3569 749 ἀδιαφόρως,
3612 681 3726 733 ἕδο-

2223 799 2239 828 ι
2278 777 2364 843 ξεν
2399 777 2639 830 ἐνιαυτὸν
2667 776 2969 846 ἀκροᾶσθαι
3003 774 3136 844 (75;,
3173 773 3470 826 ὑποπεσεῖν
3510 772 3566 825 δὲ
3600 773 3725 842 τρία

2220 889 2236 920 ι
2275 869 2394 937 ἔτη,
2445 869 2607 938 εὐχῆς
2651 868 2709 920 δὲ
2771 870 3098 939 κοινωνῆσαι
3154 867 3250 938 ἐτη
3300 866 3414 932 δύο,
3460 867 3555 919 καὶ
3601 869 3723 918 τότε

2223 982 2238 1013 ι
2281 962 2457 1019 ἐλθεῖν
2491 962 2583 1017 ἐπὶ
2616 961 2676 1014 τὸ
2700 961 2927 1017 τέλειον.
2956 979 2973 1013 ι

2214 1056 2413 1109 ΒᾹΛΣ.
2452 1052 2558 1107 Τοῦ
2590 1053 2982 1124 διαληφθέντος
3006 1052 3193 1126 τρίτου
3230 1053 3455 1117 κανόνος
3480 1069 3728 1119 συγγνω-

2145 1149 2481 1220 μονήσαντος
2509 1147 2877 1211 ἁδιαστίκτως
2909 1149 3021 1210 τοῖς
3068 1146 3213 1200 κατὰ
3239 1147 3363 1217 βίαν
3392 1144 3727 1213 ὑποδεξομὲ·

2141 1259 2250 1302 νοις
2283 1238 2611 1293 εἰδωλόθυτα
2642 1257 2657 1272 ο
2728 1240 2849 1293 ἐπεί
2883 1256 3029 1303 τινες
3065 1238 3260 1310 ἤθελον
3309 1239 3555 1301 καὶτοὺς
3585 1238 3727 1290 κατὰ

2142 1332 2264 1403 βίαν
2319 1334 2596 1401 φαγόντας
2645 1332 2809 1397 αὐτὰ,
2861 1332 2894 1401 ἢ
2941 1332 3039 1385 καὶ
3088 1331 3388 1398 θύσαντας,
3453 1330 3727 1400 συγγινώο

2142 1425 2398 1489 σκεσθαι,
2434 1426 2466 1477 (τ
2483 1442 2642 1495 ρισαν
2674 1426 2722 1478 οἱ
2760 1425 3003 1495 Πατέρες
3031 1424 3118 1477 διὰ
3143 1425 3337 1478 τούτου
3366 1422 3460 1478 τοῦ
3502 1423 3727 1483 κανόνος

2140 1516 2238 1569 καὶ
2273 1515 2364 1568 τοῦ
2395 1516 2681 1585 πέμπτου,
2712 1515 2785 1577 ὡς
2820 1517 2935 1569 ὅσοι
2968 1514 3068 1585 μὲν
3092 1515 3433 1584 ἀπαγόμενοι
3467 1513 3605 1582 πρὸς
3637 1511 3725 1564 τόν

2140 1608 2421 1661 εἰδωλικὸν
2476 1608 2695 1661 δεῖπνον
2743 1608 2929 1676 σχῆμα
2999 1608 3299 1677 χαιρόντων
3360 1606 3723 1669 ἐνεδείξαντο,

2139 1698 2234 1751 καὶ
2268 1699 2409 1770 μετὰ
2440 1694 2841 1769 λαμπροτὲρων
2877 1698 3122 1769 ἐσθήτων
3151 1698 3438 1763 ἀνέπεσον,
3470 1698 3569 1749 καὶ
3596 1713 3727 1759 μετ-

2141 1788 2299 1860 έσχον
2320 1788 2430 1843 τῶν
2472 1791 2864 1853 εἰδωλοθύτων,
2892 1790 3410 1861 ὲπιτιμηθήσονται,
3458 1789 3536 1852 ὡς
3587 1788 3729 1850 ὅλως

2144 1881 2387 1947 ἐνδόντες
2412 1882 2548 1952 πρὸς
2580 1881 2677 1953 τὴν
2707 1883 2987 1936 ἀσέϐειαν.
3017 1883 3114 1935 Διὸ
3159 1883 3253 1935 ἐπὶ
3282 1884 3381 1936 ἕνα
3414 1884 3514 1952 μὲν
3546 1885 3731 1936 ὲνιαυσ

2142 1972 2234 2025 τὸν
2266 1972 2631 2043 ἀκροάσονται
2654 1976 2763 2027 τῶν
2785 1973 2946 2033 θείων
2981 1974 3216 2045 Γραφῶν
3247 1975 3305 2027 ὲν
3353 1972 3430 2044 τῷ
3460 1973 3723 2045 νάρθηκι,

2144 2066 2239 2118 καὶ
2272 2058 2424 2136 μετὰ
2449 2066 2609 2123 τοῦτο
2637 2067 2730 2122 ἐπὶ
2764 2067 3008 2139 τριετίαν
3038 2068 3380 2130 ὑποπέσωσι,
3439 2067 3726 2121 τουτέστιν

2143 2159 2605 2231 ὲκκλησιάσουσιν
2650 2160 2827 2214 ὀπίσω
2857 2161 2952 2215 τοῦ
2983 2159 3240 2231 ἄμϐωνος
3279 2161 3589 2230 ἱστάμενοι,
3628 2161 3726 2228 μέ-

2142 2271 2236 2323 χρι
2268 2254 2369 2324 τῆς
2406 2254 2516 2307 τῶν
2551 2254 2982 2326 κατηχουμένων
3009 2253 3374 2320 ὲξελεύσεωςο
3413 2253 3725 2323 τηνικαῦτα

2143 2346 2253 2417 γὰρ
2301 2346 2397 2400 καὶ
2418 2346 2573 2400 αὐτοὶ
2621 2347 2903 2414 ἐξέλθωσι.
2952 2346 3475 2417 Συμπληρωθέντων
3514 2346 3573 2399 δὲ
3631 2346 3724 2399 καὶ

2141 2440 2352 2495 τούτων
2392 2440 2502 2496 τῶν
2539 2440 2711 2512 τριῶν
2749 2441 3037 2503 ἐνιαυτῶν,
3072 2440 3166 2494 ἐπὶ
3210 2439 3306 2511 ἔτη
3351 2438 3445 2493 δύο
3502 2457 3725 2508 συγκοι-

2143 2536 2447 2605 νωνήσουσι
2483 2536 2597 2598 τοῖς
2625 2535 2858 2599 πιστοῖς,
2890 2534 2984 2587 καὶ
3019 2532 3208 2587 ἔκτοτε
3261 2533 3340 2597 είς
3397 2534 3461 2585 τὸ
3520 2534 3724 2587 τέλειον

2143 2627 2363 2693 ἔλθωσι,
2388 2625 2665 2692 τουτέστι,
2688 2627 2785 2680 καὶ
2809 2628 2921 2681 τῶν
2933 2623 3107 2679 αθείων
3141 2625 3507 2695 ἀγιασμὰτων
3560 2642 3727 2693 μετα.

2142 2717 2408 2773 λάϐωσιν.
2428 2718 2596 2771 Ὅσοι
2629 2717 2687 2771 δὲ
2710 2717 3049 2788 ἀπαγόμενοι
3066 2717 3166 2789 τὴν
3186 2716 3310 2785 βίαν
3339 2717 3724 2781 ἀπεκλαεοντο,

2141 2810 2238 2866 καὶ
2282 2808 2423 2881 μετὰ
2450 2809 2717 2879 πενθικῆς
2752 2809 2982 2880 ἐσθῆτος
3021 2810 3292 2864 ἀνέπεσον
3352 2810 3449 2864 καὶ
3497 2810 3726 2879 ἔφαγον,

2147 2902 2285 2974 μετὰ
2328 2901 2434 2972 τὴν
2464 2902 2713 2973 τριετίαν
2775 2901 2876 2973 τῆς
2911 2901 3284 2965 ὑποπτὼσεως
3317 2902 3399 2966 είς
3432 2901 3726 2955 κοινωνίαν

2143 2996 2612 3068 ὶκκλησιαστικὴν
2639 2996 3025 3068 δεχθήσονται’
3066 2995 3127 3049 οὐ
3164 2996 3351 3066 μέντοι
3393 3012 3459 3059 γε
3520 2994 3577 3047 δὲ
3633 2996 3726 3048 καὶ

2144 3090 2251 3143 τῶν
2280 3090 2441 3143 θείων
2498 3088 2860 3159 ἁγιασμάτων
2892 3086 3335 3157 νὰξιωθήσονται.
3396 3086 3571 3139 Τοῦτο
3618 3087 3725 3155 γάρ

453 3179 677 3249 suscipi.
740 3178 796 3233 Si
821 3186 1002 3232 autem
1028 3179 1670 3252 accubueruntquidem,
1714 3199 1823 3238 non
1849 3195 2032 3240 autem

2150 3184 2259 3239 ἐστι
2297 3184 2357 3237 τὸ
2376 3182 2631 3253 δεχθῆναι
2658 3180 2882 3244 τούτους
2919 3180 3091 3249 χωρὶς
3141 3180 3486 3250 προσφορᾶς.
3552 3180 3613 3231 Et
3668 3179 3725 3232 δὲ

453 3271 830 3333 comederunt,
879 3270 1099 3324 biennio
1136 3272 1576 3340 substernentur,
1605 3283 1658 3329 et
1681 3276 1842 3330 tertio
1892 3290 2038 3332 anno

458 3378 563 3416 una
590 3376 712 3414 cum
756 3360 1006 3416 ﬁdelibus
1041 3362 1093 3415 in
1120 3360 1351 3417 ecclesia
1396 3362 1555 3417 erunt
1580 3366 1700 3420 sine
1729 3366 2036 3423 oblatione:

455 3464 575 3520 post
602 3454 722 3520 ejus
764 3455 908 3507 enim
951 3452 1162 3521 lapsum
1209 3463 1371 3508 erunt
1399 3455 1595 3511 divina:
1632 3459 2039 3516 Communionis

456 3545 766 3612 participes.
832 3543 959 3599 llaec
1016 3553 1197 3598 autem
1247 3547 1429 3599 omnia
1493 3547 1787 3617 episeopali
1827 3550 2039 3619 judicio

457 3637 644 3690 Patres
674 3636 966 3704 reliquere,
1016 3644 1075 3690 ut
1114 3636 1271 3703 juxta
1321 3636 1441 3706 ejus
1472 3638 1563 3707 qui
1597 3640 1841 3709 peccavit
1876 3642 2041 3715 378

454 3726 927 3785 conuersationem
957 3736 1013 3782 et
1040 3728 1369 3792 socordiam,
1400 3731 1483 3783 vel
1514 3742 1817 3805 augeantur
1839 3748 2036 3803 preme,

452 3820 537 3874 ιιι
568 3818 971 3873 diminnautur.
1055 3820 1415 3875 Exaininatur
1463 3831 1643 3877 autem
1679 3825 1844 3879 etiam
1891 3828 2040 3896 prior

454 3921 646 3960 eorum
698 3908 1066 3975 conversatio,
1120 3918 1179 3964 ut
1214 3912 1296 3965 vel
1332 3912 1729 3971 humanitatem
1766 3917 1849 3972 vel
1880 3934 2038 3975 seve-

455 4000 673 4053 ritatem
706 4011 1135 4070 consequantur.
1198 4000 1488 4073 negaverit
1525 4016 1708 4062 autem
1742 4010 2037 4081 quispiam,

456 4093 670 4147 ELcur
712 4092 896 4147 clerici
931 4094 1150 4163 quidem
1184 4096 1264 4149 vel
1300 4096 1422 4152 laici
1462 4101 1625 4155 tertio
1652 4115 1868 4159 canone
1898 4105 2041 4161 indi-

453 4182 583 4245 cati,
617 4182 990 4252 quiovel’thus
1024 4185 1108 4238 vel
1141 4186 1500 4260 idolotbytum
1548 4191 1598 4246 vi
1655 4206 2037 4267 susceperunt,

454 4288 561 4328 non
595 4274 920 4344 puniuntur,
982 4286 1041 4329 ut
1084 4280 1175 4347 qui
1212 4294 1319 4334 non
1351 4283 1680 4352 erraverint,
1731 4288 1827 4342 sed
1876 4290 2037 4346 etiam

453 4366 521 4421 ad
556 4366 1193 4437 gradus-ecclasiasticos
1231 4383 1655 4455 promoventur;
1707 4382 1800 4450 qui
1857 4391 2037 4438 autem

456 4460 510 4511 in
540 4458 721 4525 quinti
743 4458 985 4514 canonis
1010 4459 1115 4514 line
1151 4462 1520 4529 continentur,
1574 4478 1625 4523 et
1667 4469 1718 4523 vi
1768 4473 2037 4528 accubue-

2142 3275 2409 3331 ἀνέπεσον
2446 3272 2568 3341 μὲν,
2598 3272 2697 3325 οὐκ
2728 3270 2930 3341 ἔφαγον
2962 3270 3041 3335 δὲ,
3081 3269 3177 3322 ἐπὶ
3204 3270 3410 3325 διετίαν
3438 3270 3725 3324 ὑποπεπω-

2141 3385 2221 3435 σι,
2249 3368 2344 3422 καὶ
2371 3368 2452 3429 είς
2480 3365 2573 3418 τὸν
2604 3362 2789 3434 τρίτον
2827 3362 3023 3434 χρόνον
3056 3362 3591 3432 συνεκκλησιάσουσι
3612 3364 3721 3425 τοῖς

2143 3461 2358 3522 πιστοῖς
2387 3443 2567 3529 χωρὶς
2609 3458 2963 3527 προσφορᾶςο
2999 3455 3140 3523 μετὰ
3175 3453 3285 3524 γὰρ
3310 3455 3421 3525 ’τὴν
3452 3455 3722 3523 παραδρο-

2144 3553 2252 3622 μὴν
2282 3553 2375 3606 καὶ
2404 3550 2597 3603 τούτου
2628 3548 2724 3619 τῆς
2747 3548 2901 3612 θείας
2925 3546 3283 3618 μεταλήψεως
3305 3545 3699 3615 ἀξιωθήσονται

2140 3646 2328 3700 Ταῦτα
2356 3645 2414 3698 δὲ
2444 3644 2623 3697 πάντα
2653 3643 2733 3705 είς
2774 3642 2876 3711 τὴν
2914 3641 3282 3709 ὲπισκοπικὴν
3313 3639 3591 3709 διάκρισιν
3623 3642 3720 3693 ἀν-

2140 3739 2325 3792 έθεντο
2355 3738 2403 3789 οἱ
2428 3735 2698 3806 Πατέρες,
2737 3734 2812 3797 ὼς
2841 3733 2911 3787 ἂν
2951 3732 3091 3802 πρὸς
3126 3731 3226 3803 τὴν
3254 3733 3597 3802 ἐπιστροφὴν
3630 3731 3721 3784 τοῦ

2140 3828 2523 3901 ἡμαρτηκότος
2554 3828 2647 3879 καὶ
2673 3825 2773 3895 τὴν
2816 3823 3096 3897 ρᾳθυμίαν
3137 3824 3174 3894 Δἢ
3244 3821 3719 3893 προστεθήσονται

2140 3922 2209 3977 τὰ
2230 3920 2506 3989 ἐπιτίμια,
2565 3918 2600 3988 ἢ
2659 3918 3087 3988 ὲκκοπήσονται.
3154 3916 3503 3982 Ἐεετὰζεται
3538 3916 3597 3969 δὲ
3628 3918 3723 3969 καὶ

2139 4016 2172 4085 ἡ
2207 4013 2450 4084 προτέρα
2492 4010 2698 4064 τούτων
2736 4008 3056 4079 ἀναστροφὴ
3091 4008 3177 4061 ἵνα
3233 4008 3267 4079 ἢ
3306 4008 3725 4078 φιλανθρωπίας

2141 4104 2176 4177 ἢ
2205 4103 2512 4174 αὐστηρίας
2532 4102 2791 4173 τύχωσιν.
2844 4102 3144 4173 Ἐρωτήσει
3175 4100 3232 4154 δέ
3262 4117 3369 4168 τις,
3392 4102 3505 4154 Καὶ
3542 4101 3635 4155 διὰ
3674 4101 3723 4152 τί

2139 4199 2189 4252 οί
2220 4198 2319 4269 μὲν
2347 4196 2425 4267 τῷ
2470 4201 2518 4265 γ’
2562 4194 2750 4249 κανόνι
2781 4191 3102 4264 δηλόύμενοι
3141 4192 3399 4264 κληρικοὶ
3446 4194 3480 4263 ἢ
3545 4192 3723 4246 λαῖκοὶ

2142 4290 2286 4345 κατὰ
2322 4289 2447 4361 βίαν
2478 4288 2874 4360 ὑποδεξάμενοι
2925 4285 3202 4359 λίϐανονῆ
3240 4285 3599 4339 εἰδωλόθυτον
3626 4288 3722 4339 οὐκ

2142 4383 2527 4454 ἑπιτιμῶνται,
2559 4381 2635 4446 ὡς
2668 4381 2744 4452 μὴ
2776 4379 3126 4446 ἐπταικότες,
3175 4378 3314 4433 ἀλλὰ
3341 4379 3437 4431 καὶ
3465 4380 3551 4441 είς
3592 4379 3720 4449 βαθ-

2145 4478 2279 4547 μοὺς
2302 4475 2799 4546 ἐκκλησιαστικοὺς
2847 4472 3294 4544 προκόπτουσιν
3345 4473 3396 4525 οἱ
3440 4473 3497 4526 δὲ
3552 4473 3611 4524 ὲν
3647 4472 3723 4543 τῷ

461 4557 607 4615 runt,
653 4552 977 4620 puniuntur,
1035 4563 1095 4607 ut
1131 4554 1221 4623 qui
1255 4558 1555 4625 peccarint,
1594 4560 1754 4631 idque
1781 4579 1905 4619 cum
1958 4568 2037 4622 la—

2150 4569 2285 4624 τέλει
2317 4568 2412 4622 τοῦ
2458 4566 2499 4619 ε’
2538 4566 2765 4628 κανόνος
2807 4565 3214 4636 περιεχόμενοι,
3268 4565 3365 4619 καὶ
3411 4565 3562 4619 κατὰ
3604 4566 3722 4635 βίαν

461 4654 679 4710 trytnas
714 4642 1029 4707 funderent,
1070 4652 1124 4698 et
1154 4659 1252 4699 nec
1284 4645 1581 4721 idolotliyta
1605 4653 1820 4722 quidem
1853 4665 2037 4725 gusta-

461 4732 683 4786 verint?
745 4732 981 4788 Salutio.
1068 4733 1382 4791 Dill‘erentia
1431 4747 1514 4794 est
1564 4756 1775 4810 eorum,
1831 4747 1922 4815 qui
1976 4747 2032 4802 vi

458 4835 820 4893 susceperunt
854 4824 993 4878 dona
1029 4825 1278 4895 profana,
1308 4836 1362 4883 et
1388 4844 1450 4884 ex
1489 4829 1630 4887 laeto
1655 4837 1877 4905 proprio
1896 4838 2035 4893 nihil

2144 4658 2533 4723 ἁναπεσόντες,
2594 4656 2979 4725 ὲπιτιμῶνται,
3031 4655 3107 4718 ὡς
3140 4655 3573 4726 «ἡμαρτηκότες,
3631 4656 3722 4707 καὶ

2142 4752 2315 4809 ταῦτα
2336 4748 2829 4821 δακρυρῤοῦντες,
2889 4749 2985 4802 καὶ
3031 4748 3170 4818 μηδὲ
3222 4748 3556 4817 γευσάμενοι
3616 4748 3722 4800 τῶν

2144 4842 2549 4909 εἰδωλοθύτων;
2587 4842 2799 4909 Λύσις.
2841 4841 3085 4911 Διαφορά
3110 4842 3226 4895 ἐστι
3253 4839 3363 4894 τῶν
3396 4840 3546 4901 κατὰ
3600 4841 3722 4910 βίαν

1684 4949 1872 5011 Guill.
1919 4953 2243 5032 Beveregii
2288 4958 2481 5014 noue.

535 5068 659 5145 (75)_
701 5066 1029 5145 _Ewavror
1054 5068 1417 5145 ἀκροᾶσθαι.
1463 5071 1589 5126 Πειιο
1619 5076 1863 5145 synodus
1907 5092 2039 5131 cou-

461 5136 610 5213 ereta
632 5136 742 5213 [uit
772 5153 963 5213 eorum
994 5153 1185 5213 causa,
1214 5141 1613 5213 quigrassante
1651 5136 2039 5213 persecutione

462 5209 596 5277 lapsi
638 5206 1065 5277 inerant.‘Quod
1099 5206 1262 5262 etiam
1290 5206 1357 5262 ab
1385 5224 1608 5267 auctore
1642 5206 2037 5275 nomocanonis

460 5278 681 5333 Arabici
735 5278 788 5331 in
823 5276 1147 5333 bibliotheca
1197 5279 1490 5333 Bodleiana
1555 5283 1901 5341 observatum
1952 5300 2038 5345 est

460 5349 555 5417 qui
588 5350 655 5404 de
686 5349 1173 5417 puesentisynodo
1200 5352 1311 5403 ait:
1349 5350 1577 5417 Quintus
1598 5362 1681 5408 est
1714 5354 1845 5410 liber
1874 5374 2033 5412 cano-

461 5436 584 5471 num
615 5417 773 5489 primi
811 5419 1041 5483 concilii,
1065 5418 1203 5487 quod
1230 5424 1643 5489 postiapostolos
1694 5440 2032 5481 concacatum

458 5499 537 5542 est
564 5487 622 5542 in
651 5487 775 5540 urbe
802 5490 1013 5557 Ancyra
1042 5490 1106 5540 de
1137 5492 1345 5560 regione
1388 5488 1615 5547 Galatia:
1632 5512 1652 5560 ;
1687 5505 1737 5549 et
1780 5513 2029 5551 numerus

458 5560 572 5627 ejus
612 5569 721 5612 erat
745 5560 1019 5611 duodecim
1045 5559 1297 5628 episcopi,
1332 5562 1425 5629 qui
1468 5559 1648 5616 eorum
1686 5581 1853 5620 causa
1904 5583 2031 5620 con-

460 5631 940 5706 gregati_sunt,qui
967 5640 1195 5698 tempore
1232 5631 1432 5682 timoris
1465 5648 1557 5700 per
1608 5637 1765 5706 uaria
1798 5638 2027 5706 negandi

460 5716 649 5772 genere
671 5701 807 5772 lapsi
840 5704 1091 5772 [‘uemnt;
1123 5707 1172 5752 et
1201 5714 1549 5772 numerantur
1569 5705 1617 5755 ei
1647 5708 1699 5758 in
1734 5701 2025 5772 exeniplart'

461 5767 683 5842 Coptica
709 5770 895 5842 viginti
918 5770 1144 5842 quinque
1171 5784 1419 5842 canones.
1465 5770 1603 5827 lliuc
1639 5774 1806 5842 igitur
1845 5767 2026 5830 evenit

460 5847 521 5891 ut
555 5840 707 5907 juxta
756 5839 936 5893 varios
992 5840 1205 5903 modos,
1241 5840 1441 5911 quibus
1476 5843 1610 5905 lapsi
1663 5839 1812 5916 sunt,
1876 5846 2025 5900 varia

2148 5079 2313 5133 etiam
2341 5075 2714 5132 ecclesiastica
2746 5072 3013 5144 supplicia
3045 5072 3113 5128 ab
3137 5074 3202 5128 iis
3238 5089 3267 5127 a
3338 5074 3597 5142 prtesenti
3634 5090 3723 5145 sy-

2148 5148 2295 5202 nodo
2321 5151 2615 5218 exigantur
2656 5162 2669 5199 :
2702 5156 2794 5218 Aut,
2821 5145 3059 5218 exempli
3100 5146 3298 5218 gratia,
3340 5146 3443 5199 hoc
3508 5162 3723 5199 canone

2145 5228 2368 5272 cautum
2404 5213 2508 5280 est,
2541 5223 2600 5277 ut
2621 5216 2712 5283 qui
2774 5215 2981 5270 laetiore
3035 5213 3222 5283 habitu
3258 5227 3637 5273 accesserunt.
3669 5225 3725 5268 et

2147 5288 2320 5357 parati
2361 5282 2707 5343 ethnicorum
2744 5285 2959 5357 prandii
3006 5282 3383 5357 indiﬂ‘erenter
3413 5287 3720 5354 participes

2147 5355 2388 5423 fuerunt,
2417 5372 2524 5409 uno
2557 5371 2703 5408 atino
2740 5355 2992 5415 audiant,
3033 5355 3212 5407 tribus
3268 5356 3722 5417 substernantur,

2142 5428 2359 5481 duobus
2398 5433 2580 5479 autem
2614 5426 2666 5478 in
2720 5426 2970 5478 oratione
3013 5423 3132 5478 sola
3173 5426 3611 5483 communicent.
3669 5434 3723 5478 et

2136 5498 2217 5551 sic
2246 5505 2432 5564 postea
2461 5498 2601 5549 inter
2626 5494 2897 5564 perfectos
2946 5494 3134 5548 ﬁdeles
3164 5503 3600 5564 recenseantur.
3663 5495 3719 5547 In

2135 5563 2258 5620 aliis
2290 5566 2595 5620 canonibus
2631 5563 2745 5618 haec
2798 5564 3068 5633 supplicia
3122 5563 3282 5619 aliter
3348 5564 3714 5624 deﬁniuntur.

2134 5636 2326 5700 Qualia
2356 5649 2419 5688 ea
2477 5636 2721 5694 fuerunt,
2770 5648 2877 5704 non
2909 5648 3071 5704 “opus
3098 5641 3183 5704 est
3223 5636 3313 5689 hic
3374 5643 3711 5704 repetamus,

2130 5721 2257 5759 eum
2291 5706 2357 5759 de
2392 5705 2460 5758 iis
2495 5706 2548 5758 in
2576 5700 3034 5773 annotationibus
3066 5702 3133 5773 ad
3162 5700 3517 5765 undecimum
3553 5700 3715 5773 primi

2132 5774 2455 5830 (econtenici
2506 5775 2725 5829 concilii
2760 5771 2954 5833 Nicaeae
2978 5772 3237 5830 celebrati
3290 5771 3566 5831 canoueni
3593 5772 3720 5827 fuse

2132 5846 2480 5905 commentati
2507 5845 2797 5901 fuerimus.
