3990 6482
306 369 446 434 1157

1403 375 1483 436 IN
1518 372 1686 436 CAN.
1723 371 1842 432 XII
1879 368 2092 434 CONC.
2121 373 2389 437 ANCYR.

3432 370 3572 437 1158

297 487 395 539 τοῦ
437 484 776 562 Εὖαγγελίου
817 484 894 556 τῷ
930 485 1187 557 τραχήλῳ
1221 485 1423 548 αὐτῶν,
1459 487 1556 539 καὶ
1576 484 1645 539 δι’
1670 483 1900 553 ἐπικλή-

2018 483 2098 553 :pii
2132 485 2350 539 ordinat
2387 485 2786 550 characterem,
2819 501 2939 542 cum
2971 487 3142 562 sancti
3171 485 3405 556 Spiritus
3437 488 3598 542 invo-

301 595 444 641 σεως
463 577 558 630 τοῦ
583 578 742 645 ἀγίου
767 577 1088 648 Πνευματος
1117 572 1388 652 σφραγῖδα
1409 579 1500 632 τοῦ
1531 575 1898 648 χειροτονοῦν-

2018 577 2238 630 ratione.
2290 578 2368 631 Ad
2425 578 2821 634 irrel‘utabilem
2872 590 3052 634 autem
3110 581 3304 633 horum
3349 582 3596 633 omnium

298 689 416 734 τος.
455 672 552 734 Εἰς
593 669 856 725 σῦστασιν
892 671 949 724 δὲ
991 669 1199 724 τούτων
1240 667 1461 725 πάντων
1499 667 1898 741 ἀναντίρρητον

301 766 545 837 χρῶνται
582 765 676 819 καὶ
708 764 788 836 τῷ
821 763 915 818 τοῦ
957 762 1196 834 μεγάλου
1235 761 1536 837 Γρηγορίου
1572 764 1667 818 τοῦ
1703 763 1899 816 Θεολό-

301 875 401 926 γου
446 858 610 928 λόγῳ,
657 853 718 911 οὗ
765 859 797 927 ἡ
850 858 1011 929 ἀρχὴ,
1067 858 1235 911 Πάλιν
1282 858 1371 912 ἐπ’
1402 858 1503 928 ἐμὲ
1553 857 1763 927 χρίσμα
1807 855 1902 909 καὶ

306 951 545 1021 πνεῦμα.
587 950 704 1020 Ἀφ’
727 946 788 1004 οὗ
824 952 1004 1020 μάθῃς
1037 951 1116 1002 ὅτι
1149 951 1298 1004 οὐδὲν
1328 947 1491 1023 ἦττον
1522 951 1765 1015 ἀξιοῦται
1800 949 1901 1018 τῆς

303 1041 399 1093 τοῦ
437 1041 701 1108 παναγίου
738 1041 1053 1109 Πνεῦματος
1091 1043 1308 1112 χάριτος
1339 1037 1367 1093 ό
1401 1039 1635 1104 ἀναξίως
1666 1055 1905 1111 χειροτο-

305 1133 526 1202 νηθεὶς,
563 1136 654 1185 καὶ
689 1134 746 1185 ἐν
779 1131 1116 1204 καθαρότητι
1147 1135 1238 1185 τὸν
1271 1134 1407 1202 μετὰ
1439 1129 1536 1204 τὴν
1568 1133 1902 1203 χειροτονίαν

305 1227 424 1296 βίον
462 1223 696 1289 ἀνύσας,
736 1225 830 1276 τοῦ
874 1225 1039 1288 ἀξίως
1081 1226 1584 1296 χειροτονηθέντα,
1626 1226 1718 1279 καὶ
1766 1224 1905 1297 μετά

303 1323 404 1389 τῆς
445 1319 613 1387 αὐτῆς
655 1318 1031 1388 καθαρότητος
1066 1321 1157 1371 τὸν
1193 1321 1250 1372 ἐν
1285 1321 1416 1390 ἡμῖν
1455 1319 1568 1387 βίον
1603 1318 1903 1372 ἀπολιπόν-

304 1427 418 1468 τος.
461 1409 648 1463 Ταῦτα
692 1410 820 1479 περὶ
869 1411 1203 1480 ἀρχιερέων·
1245 1412 1373 1480 περὶ
1418 1411 1526 1483 γὰρ
1571 1412 1765 1482 ἱερέων
1809 1411 1903 1464 καὶ

305 1502 510 1572 ἐτέρων
544 1502 822 1572 κληρικῶν
859 1504 1011 1572 ζήτει
1050 1503 1270 1556 συνόδου
1303 1504 1540 1565 Νικαίας
1577 1504 1779 1556 κανόνα
1816 1503 1902 1566 t0',

307 1594 527 1648 συνόδου
563 1594 996 1666 Νεοκαιααρείας
1037 1596 1238 1650 κανόνα
1261 1595 1327 1662 θ’,
1366 1603 1454 1662 ια’,
1486 1597 1768 1649 Βααιλείου
1804 1613 1906 1649 κα-

307 1685 435 1736 νόια
471 1683 575 1748 κζ’,
607 1685 702 1737 καὶ
738 1685 1000 1754 Θεοφίλου
1029 1685 1092 1737 ὲκ
1123 1685 1216 1737 τοῦ
1255 1687 1664 1756 ὑπομνηστικοῦ
1703 1690 1906 1741 κανόνα

300 1775 370 1840 δ’,
402 1782 463 1841 ε’,
495 1774 565 1846 η’.
599 1777 710 1830 Καὶ
745 1778 1053 1847 σημείωσαι
1087 1779 1152 1830 ἐκ
1181 1778 1388 1830 τούτων
1416 1782 1496 1831 ὅτι
1530 1781 1562 1850 ἡ
1601 1779 1906 1849 χειροτονία

305 1867 417 1920 τῶν
456 1867 760 1938 ἀρχιερέων
802 1870 899 1921 καὶ
937 1867 998 1920 τὸ
1036 1868 1245 1938 χρίσμα
1284 1868 1392 1921 τῶν
1454 1869 1722 1940 βασιλέων
1767 1871 1907 1923 ἀπα-

307 1959 556 2029 λείφουσι
587 1960 654 2012 τά
691 1959 798 2030 πρὸ
829 1960 930 2029 τῆς
964 1961 1302 2030 χειροτονίας
1341 1963 1435 2013 καὶ
1468 1961 1562 2013 τοῦ
1601 1963 1904 2032 χρίσματος

308 2055 720 2125 ἁμαρτήματα,
745 2048 842 2107 ὀἷα
879 2055 944 2107 ἂν
974 2048 1077 2107 ὦσι
1102 2069 1115 2081 ’
1152 2050 1242 2103 διὰ
1280 2052 1387 2126 γάρ
1415 2053 1573 2106 τοῦτο
1610 2047 1827 2123 ἔχουσιν
1857 2053 1906 2105 oi

309 2145 602 2198 ἐπίσκοποι
639 2145 892 2209 ἐξουσίαν
925 2147 1144 2214 ἀφιέναι
1183 2147 1559 2216 ἁμαρτήματα
1583 2184 1598 2209 ,
1632 2147 1707 2208 ὼς
1743 2144 1906 2198 ἀκού-

320 2254 515 2301 σαντες
539 2238 655 2306 ἅμα
674 2222 748 2308 τῷ
769 2233 1247 2309 χειροτονηθῆναι,
1263 2238 1421 2291 Ὅσα
1442 2236 1660 2305 δήσετε
1679 2232 1779 2288 ἐπὶ
1798 2227 1908 2303 τῆς

310 2330 446 2398 γῆς,
480 2329 651 2383 ἔσται
687 2330 978 2399 δεδεμένα
1011 2332 1082 2384 ἐν
1110 2327 1188 2396 τῷ
1221 2329 1475 2398 οὐρανῷ,
1510 2329 1609 2382 καί
1646 2328 1764 2382 ὅσα
1797 2327 1908 2382 λύ-

306 2437 454 2476 σετε
481 2423 577 2476 ἐπὶ
605 2420 713 2491 τῆς
752 2422 887 2493 τῆς,
916 2423 1088 2477 ἔσται
1114 2423 1422 2492 λελυμένα
1449 2423 1519 2476 ἐν
1543 2420 1624 2486 τῷ
1649 2421 1904 2490 οὐρανῷ.

321 2516 392 2570 ’11
429 2517 488 2570 δὲ
519 2517 628 2570 τῶν
664 2518 857 2588 ἱερέων
888 2519 981 2570 καὶ
1012 2517 1120 2570 τῶν
1150 2517 1351 2570 λοιπῶν
1386 2517 1694 2588 χειροτονία
1735 2513 1909 2585 μικρὰ

315 2611 692 2681 ἁμαρτήματα
728 2610 1056 2678 ἀπαλείφει,
1094 2604 1205 2662 οἷον
1241 2611 1674 2677 συγκατάθεσιν,
1713 2608 1909 2677 ψεῦδος

317 2705 413 2757 καὶ
447 2703 705 2768 τοιαῦτα,
745 2705 820 2775 μὴ
854 2704 1134 2771 ἐπάγοντα
1171 2702 1524 2773 καθαίρεσιν,
1561 2703 1820 2773 πορνείαν
1852 2703 1908 2755 δὲ

317 2795 461 2866 οὐχί.
486 2793 649 2848 Ὅθεν
685 2795 808 2849 οὐδὲ
847 2796 1068 2865 ἀφιέναι
1113 2795 1390 2867 ἁμαρτίας
1427 2798 1477 2848 οἱ
1521 2798 1687 2866 ἱερεῖς
1722 2795 1910 2849 δύναν-

318 2905 433 2941 ται.
479 2889 586 2942 Καὶ
630 2887 943 2957 ἀνάγνωσον
989 2889 1089 2956 τῆς
1134 2889 1193 2942 ὲν
1239 2884 1640 2961 Νεοκαισαρεία
1687 2883 1909 2942 συνόδου

317 2980 526 3034 κανόνα
561 2981 626 3048 θ’,
662 2980 731 3034 τὰ
770 2982 909 3036 αὑτά
951 2979 1078 3055 περῖ
1117 2983 1310 3053 ίερέων
1350 2984 1592 3051 λέγοντα.
1634 2982 1727 3054 Μὴ
1761 2984 1916 3035 ἐναν-

321 3073 494 3143 τιωθῇ
541 3073 597 3126 δέ
649 3090 732 3126 σοι
779 3075 808 3126 ό
858 3073 923 3138 ιζ’
954 3076 1132 3127 κανὼν
1177 3071 1286 3127 τῶν
1337 3074 1510 3143 ἁγίων
1561 3075 1910 3138 ἀποστόλων,

1936 1831 1982 1890 Β

325 3166 501 3234 λέγων
525 3182 539 3195 ·
583 3167 642 3219 '0
678 3166 800 3220 δυσί⁵
836 3167 1036 3238 γάμοις
1075 3168 1417 3238 συμπλακεὶς
1446 3171 1586 3238 μετά
1619 3168 1680 3219 τὸ
1720 3167 1914 3238 eam-
1939 3197 1984 3257 ο

326 3280 469 3330 σμα,
504 3261 537 3333 ἢ
571 3263 853 3333 παλλακὴν
880 3263 1254 3334 κτησάμενος,
1284 3265 1344 3317 οὑ
1375 3265 1597 3319 δύναται
1629 3261 1769 3318 εἶναι
1799 3264 1916 3317 ἐπί-

327 3373 549 3419 σκοπος,
573 3349 945 3427 πρεσϐύτερος
966 3357 998 3427 ἢ
1022 3357 1290 3418 διάκονος,
1311 3355 1343 3428 ἢ
1365 3357 1501 3420 ὅλως
1521 3349 1614 3410 τοῦ
1637 3347 1914 3428 ἱερατικοῦ

325 3446 626 3513 γαταλόγου
646 3489 662 3512 ,
701 3447 836 3518 μηδὲ
866 3450 894 3501 ό
931 3446 998 3518 ιη’
1027 3448 1095 3500 τὰ
1129 3449 1269 3502 αὐτὰ
1304 3449 1488 3519 σχεδὸν
1520 3445 1913 3521 διοριζόμενος.

339 3539 478 3592 Ἀλλ’
500 3540 732 3593 ὲκλαϐοὖ
758 3539 818 3593 τὸ
850 3534 990 3596 εἶναι
1023 3541 1102 3604 είς
1125 3541 1185 3593 τὸ
1215 3540 1483 3606 γίνεσθαι,
1514 3542 1608 3594 καὶ
1639 3540 1784 3606 είπὲ,
1815 3541 1917 3594 06-

325 3635 436 3696 δεὶς
465 3633 638 3698 οὕτως
666 3633 961 3706 όλισθήσας
987 3634 1353 3706 ἀξιωθήσεται
1381 3629 1745 3688 ἐπισκοπικοῦ
1774 3635 1806 3706 ἢ
1841 3635 1916 3687 ἱε-

331 3725 556 3796 ρατικοῦ
580 3727 910 3796 ἀξιώματος.
939 3725 1219 3792 ’Λξιωθεὶς
1241 3728 1298 3782 δὲ
1325 3728 1474 3798 παρά
1502 3725 1568 3781 τὰ
1589 3726 1910 3797 δεδογμένα,

330 3824 377 3873 εἰ
420 3818 518 3889 μέν
551 3821 701 3872 ἐστιν
736 3820 1054 3884 ἐπίσκοπος,
1090 3821 1188 3873 οὐκ
1226 3819 1660 3890 ἀνακριθήσεται
1694 3820 1784 3873 διὰ
1817 3819 1916 3883 τὰς

332 3913 592 3982 ῥηθείσας
621 3915 821 3978 αἰτίας,
851 3913 946 3965 καὶ
979 3913 1028 3966 οἱ
1058 3913 1333 3984 ἀρχιερεῖς
1367 3911 1484 3981 ἅμα
1508 3912 1585 3984 τῷ
1613 3928 1918 3983 χειροτονηο

331 4005 487 4074 θῆναι
528 4006 587 4058 οὐ
631 4005 791 4074 μόνον
826 4002 1186 4059 ἀποστολικοῦ
1227 4005 1564 4075 χαρίσματος
1604 4001 1913 4069 ἀξιοῦνται,

329 4098 469 4150 ὀλλᾶ
501 4098 593 4151 καὶ
629 4093 992 4168 προφητικοῦ.
1029 4096 1184 4150 Οὕτω
1218 4098 1326 4167 γάρ
1361 4097 1451 4148 καὶ
1487 4093 1656 4149 Σαοὺλ
1692 4097 1748 4147 ὲν
1783 4111 1917 4163 προ-

332 4191 560 4259 φὴταις,
603 4191 698 4243 καὶ
739 4189 994 4259 Καϊάφας
1025 4189 1174 4242 ἄκων
1203 4189 1608 4259 προεφήτευσεν
1632 4202 1646 4217 ·
1683 4183 1751 4259 ἦν
1785 4188 1915 4258 γὰρ,

334 4285 534 4352 φησιν,
565 4284 855 4354 ἀρχιερεὺς
882 4283 975 4336 τοῦ
1008 4281 1256 4336 ἐνιαυτοῦ
1289 4283 1497 4334 ἐκείνου
1523 4296 1537 4311 ο
1570 4281 1615 4332 εξ
1648 4279 1702 4332 δὲ
1737 4280 1918 4351 ἱερεύς

336 4379 487 4429 ἐστιν
512 4376 543 4445 ἦ
572 4376 756 4446 ἕτερος
785 4376 1099 4448 ίερωμένος,
1132 4373 1618 4446 καθαιρεθήσεται.
1649 4372 1917 4442 ’Λνάγνωο

338 4489 428 4526 σοι
463 4473 556 4525 καὶ
586 4473 645 4523 τι
680 4475 761 4524 κθ⁹
787 4487 912 4540 κεφ.
943 4469 1038 4523 τοῦ
1073 4470 1118 4524 θ’
1141 4469 1320 4522 τίτλου
1351 4469 1448 4523 τοῦ
1483 4469 1750 4538 παρόντος
1785 4485 1911 4520 συν-

2003 671 2514 734 comprobationem
2540 711 2554 732 ,
2591 673 2772 742 magni
2805 687 3025 744 quoque
3053 670 3300 741 Gregorii
3335 670 3596 744 Theologi

2004 749 2260 818 sermone
2285 772 2538 829 utuntur,
2570 765 2728 834 cujus
2762 765 3006 833 initium,
3063 764 3275 822 Rursus
3309 782 3474 836 super
3503 783 3591 821 me

2009 857 2196 909 unctio
2229 866 2281 910 et
2317 857 2566 926 spiritus.
2612 854 2765 913 Unde
2798 859 3002 923 discas,
3051 859 3198 930 quod
3235 860 3601 916 nihilominus

2006 948 2180 1003 sancti
2224 946 2467 1016 Spiritus
2502 933 2679 1021 gratia
2730 951 2933 1028 dignus
2971 960 3230 1010 censetur
3268 952 3335 1016 is,
3384 953 3473 1021 qui
3518 953 3602 1006 in—

2006 1033 2170 1110 digne
2209 1043 2419 1098 electus
2462 1043 2516 1097 in
2557 1044 2794 1113 puritate
2832 1053 2953 1114 post
2989 1031 3388 1110 ordinationem
3432 1048 3596 1099 vitam

2005 1131 2282 1199 transigit,
2313 1147 2472 1200 quam
2507 1131 2552 1186 is
2586 1133 2676 1203 qui
2723 1134 2884 1204 digne
2912 1135 3141 1200 electus,
3189 1145 3242 1190 et
3287 1145 3406 1206 post
3440 1138 3598 1193 istam

2009 1221 2301 1289 puritatem
2349 1226 2509 1278 vitam
2543 1238 2789 1281 nostram
2827 1229 3069 1298 reliquit.
3091 1215 3233 1284 illanc
3264 1230 3331 1284 de
3365 1230 3597 1283 antisti-

2013 1315 2184 1369 tibus.
2219 1314 2292 1392 De
2321 1317 2698 1371 sacerdotibus
2730 1310 2874 1373 enim
2919 1313 2973 1374 et
3016 1321 3139 1376 aliis
3170 1321 3385 1376 clericis
3417 1331 3600 1391 quaere

2007 1409 2201 1481 synodi
2242 1403 2476 1464 Nic-reme
2507 1427 2771 1467 cauoocm
2810 1413 3082 1467 decimum
3123 1430 3364 1475 nonum.
3401 1416 3597 1486 synodi

2009 1502 2472 1558 Neocazsariensis
2514 1519 2778 1558 canonetn
2841 1504 2871 1559 9
2928 1513 2979 1560 et
3037 1507 3139 1566 Η,
3201 1505 3384 1560 Basilii
3432 1508 3602 1578 386

2008 1611 2278 1652 canonem
2311 1597 2383 1650 27
2411 1609 2464 1652 et
2499 1598 2783 1668 Theophili
2814 1615 2878 1653 ex
2913 1602 3316 1654 commentario
3355 1617 3599 1656 canones

2015 1691 2070 1752 4,
2108 1690 2140 1744 5
2180 1697 2232 1744 et
2279 1689 2332 1746 8.
2381 1690 2446 1743 Et
2483 1698 2609 1744 uota
2644 1705 2707 1744 ex
2743 1691 2831 1754 iis,
2867 1693 3013 1760 quod
3043 1693 3348 1747 antistitum
3379 1693 3598 1762 quidem

2011 1773 2285 1837 ordinatio
2313 1791 2365 1836 et
2403 1763 2590 1851 regum
2635 1783 2842 1847 unctio,
2879 1800 2998 1854 qua:
3032 1794 3158 1838 ante
3194 1785 3595 1839 ordinat'onem

2017 1885 2070 1929 et
2106 1875 2414 1930 unctionem
2462 1876 2704 1940 fuerunt,
2749 1859 2956 1931 delent.
2994 1875 3289 1945 Propterea
3319 1893 3464 1951 enim
3501 1878 3600 1929 ha-

2017 1969 2147 2022 bent
2190 1975 2512 2037 potestatem
2562 1969 2804 2038 cpisc0pi
2857 1969 3168 2044 remittendi
3226 1979 3489 2037 peccata;
3539 1978 3600 2021 ut

2015 2063 2106 2132 qui
2131 2077 2253 2116 cum
2279 2061 2517 2131 primum
2557 2063 2794 2116 ordinati
2822 2070 2952 2118 sunt
2971 2063 3312 2116 audiverint:
3339 2063 3602 2126 Quaeda-

2014 2172 2113 2226 que
2155 2155 2442 2225 ligaveritis
2487 2172 2644 2225 super
2691 2165 2886 2210 terram
2933 2167 3083 2210 erunt
3135 2157 3303 2226 ligata
3339 2157 3390 2209 in
3431 2157 3598 2222 melis,

2015 2237 2064 2303 et
2098 2266 2417 2326 qmccuuque
2444 2250 2704 2304 solveritis
2732 2267 2886 2319 super
2923 2259 3117 2304 terram
3148 2259 3304 2304 erunt
3334 2251 3510 2304 soluta
3545 2252 3601 2303 in

2017 2342 2159 2398 caelis
2196 2343 2262 2396 ".
2310 2341 2672 2398 Sacerdotum
2721 2351 2927 2405 autem,
2975 2351 3028 2396 ct
3063 2343 3294 2397 aliorum
3345 2346 3436 2412 qui
3472 2351 3602 2397 sunt

2019 2419 2070 2488 in
2121 2436 2315 2515 sacris,
2356 2434 2655 2501 ordinatio,
2710 2450 2873 2504 parva
2911 2435 3131 2508 quidem
3181 2446 3401 2505 peet'ata
3435 2437 3601 2500 delet,

2018 2544 2352 2583 consensum
2391 2529 2516 2584 dico
2545 2539 2600 2583 et
2631 2529 3004 2591 mendacium,
3037 2537 3092 2583 et
3120 2529 3319 2584 similia
3354 2547 3476 2600 quae
3509 2530 3605 2584 de-

2020 2623 2351 2694 positionem
2406 2637 2513 2687 non
2556 2620 2864 2686 inducunt;
2909 2610 3018 2676 non
3063 2630 3244 2675 autem
3279 2622 3600 2677 fornicatio-

2020 2697 2168 2768 nem.
2209 2712 2362 2767 Unde
2394 2727 2494 2766 nec
2537 2713 2856 2766 sacerdotes
2887 2723 3119 2782 possunt
3149 2723 3371 2782 peccata
3411 2715 3602 2767 renuit-

2023 2813 2159 2856 tere.
2211 2801 2276 2854 Et
2310 2801 2427 2871 lege
2461 2793 2930 2856 Neoc-zesariensis
2970 2818 3090 2872 syn.
3121 2818 3386 2857 eanoncm
3419 2804 3472 2865 9,
3505 2803 3598 2872 qui

2020 2895 2209 2951 eadem
2239 2893 2372 2950 dicit
2402 2894 2469 2949 de
2500 2895 2902 2952 sacerdotibus.
2951 2893 3006 2948 In
3053 2895 3137 2950 his
3177 2905 3358 2949 autem
3408 2912 3475 2949 ne
3506 2896 3604 2950 tibi

2021 2988 2330 3042 contrarius
2374 2985 2622 3041 videatur
2681 3000 2854 3040 canon
2923 2986 2983 3039 l7
3018 2997 3330 3041 sanctormu
3385 2997 3606 3054 aposto-

2024 3077 2221 3140 lorum,
2259 3062 2474 3138 dicens,
2504 3075 2606 3141 Qui
2634 3075 2850 3130 duobus
2884 3075 3248 3129 matrimoniis
3279 3085 3399 3143 post
3425 3075 3605 3145 bapti-

2021 3185 2201 3225 smum
2241 3168 2341 3222 fuit
2367 3168 2680 3237 colligatus,
2717 3167 2797 3220 vel
2843 3166 3036 3221 habuit
3068 3167 3456 3230 concubinam,
3495 3183 3604 3222 non

2017 3271 2195 3336 potest
2223 3277 2346 3318 esse
2377 3263 2690 3331 cpiscopus,
2725 3268 2822 3315 aut
2851 3261 3160 3331 presbyter,
3195 3269 3288 3314 aut
3311 3261 3602 3327 diaconus,

2015 3356 2097 3412 vel
2119 3356 2344 3410 omnino
2375 3357 2428 3408 in
2464 3355 2717 3424 catalogo
2745 3354 3112 3417 sacerdotali;
3142 3368 3320 3422 neque
3357 3354 3605 3411 decimus

2015 3459 2241 3514 octavus
2288 3448 2480 3502 eadem
2548 3446 2661 3502 fere
2715 3454 2987 3501 statuens.
3049 3445 3157 3500 Sed
3203 3445 3392 3515 accipe
3441 3445 3602 3512 illud,

2016 3559 2157 3607 esse,
2197 3557 2316 3610 pro,
2351 3540 2508 3608 ﬁeri;
2545 3550 2598 3598 ct
2623 3540 2733 3605 die,
2767 3539 2914 3610 quod
2959 3553 3146 3604 nemo,
3183 3539 3274 3610 qui
3307 3539 3386 3595 sic
3417 3540 3606 3610 lapsus

2016 3642 2118 3699 est,
2151 3633 2445 3704 episcopali
2486 3632 2567 3688 vel
2603 3632 2936 3688 sacerdotali
2970 3631 3172 3687 honori
3208 3633 3407 3702 dignus
3432 3633 3605 3688 hahe-

2015 3725 2184 3798 bitur.
2222 3723 2324 3789 Qui
2371 3734 2553 3778 autem
2599 3733 2801 3794 praeter
2837 3721 3060 3777 decreta
3101 3722 3301 3792 dignus
3346 3722 3604 3789 habetur,

2017 3815 2287 3886 siquidem
2336 3822 2420 3869 est
2453 3813 2768 3884 episcopus,
2818 3828 2927 3868 non
2968 3813 3338 3884 postulabitur
3383 3821 3607 3884 propter

2017 3908 2193 3962 dictas
2227 3921 2448 3975 causas,
2480 3906 2706 3978 etquod
2743 3905 3018 3961 antistites
3054 3920 3178 3959 cum
3209 3906 3445 3975 primum
3478 3915 3608 3960 sunt

2017 3999 2278 4062 ordinati,
2315 4011 2424 4051 non
2465 3997 2642 4051 solmn
2695 3998 3004 4066 apostolica
3045 4000 3219 4066 gratia
3265 3998 3414 4068 digiti
3448 4010 3608 4067 sunt,

2019 4090 2114 4159 sed
2151 4088 2315 4142 ctiam
2353 4086 2696 4156 prophetica.
2744 4087 2836 4140 Sic
2877 4087 3023 4141 enim
3057 4097 3111 4141 et
3143 4088 3274 4141 Saul
3305 4089 3446 4142 inter
3477 4105 3610 4158 pro-

2019 4186 2234 4253 phetas,
2297 4192 2354 4236 et
2419 4180 2661 4250 Caiphas
2727 4180 2934 4234 invitus
2994 4181 3420 4250 prophetizavit.
3480 4183 3608 4245 Erat

1978 4266 1994 4279 ’
2017 4276 2186 4336 enim,
2218 4276 2418 4345 inquit,
2450 4271 2691 4343 pontifex
2722 4272 2854 4326 anni
2886 4272 3055 4328 illius.
3095 4270 3191 4326 Siti
3229 4274 3488 4329 sacerdos
3512 4274 3608 4341 sit,

2019 4377 2112 4423 aut
2144 4369 2285 4429 alius
2325 4367 2504 4423 sacris
2541 4366 2818 4429 initiatus,
2854 4365 3185 4435 deponetur.
3223 4364 3366 4435 Lege
3395 4374 3449 4420 et
3482 4380 3604 4436 cap.

2018 4461 2088 4515 ‘29
2123 4462 2204 4516 tit.
2239 4460 2272 4515 9
2314 4459 2604 4530 praesentis
2648 4458 2854 4529 aperis,
2890 4468 2946 4513 et
2988 4457 3238 4532 inyenies
3269 4457 3323 4511 in
3361 4472 3426 4512 eo
3460 4457 3611 4526 leges

333 4567 636 4632 τάγματος,
673 4563 765 4615 καὶ
809 4561 1066 4634 εὑρήσεις
1108 4562 1166 4614 ἐν
1204 4560 1351 4630 αὑτῷ
1393 4555 1593 4628 νόμους
1632 4559 1911 4629 διαφόρους

2026 4556 2294 4619 diversas,
2337 4569 2460 4624 qua:
2500 4555 2669 4606 multa
2714 4551 2781 4606 de
2826 4550 3210 4605 sacerdotibus
3253 4561 3311 4604 et
3359 4550 3482 4604 aliis
3511 4551 3608 4620 qui
3677 4562 3682 4567 '

337 4657 507 4709 πολλὰ
540 4655 666 4725 περὶ
697 4656 887 4725 ἱερέων
917 4655 1012 4709 καὶ
1042 4654 1242 4723 ἑτέρων
1275 4652 1590 4722 ἱερωμένων
1618 4649 1920 4721 διαλαμϐά-

338 4765 527 4809 νοντας
551 4787 565 4812 ,
597 4749 913 4800 ἐπισκόπων
943 4747 998 4798 δὲ
1032 4746 1166 4808 ὅλως
1204 4746 1396 4814 μνείαν
1430 4743 1506 4813 μὴ
1537 4745 1914 4813 ποιουμένους.

410 4841 650 4912 ΖΩΝΑΡ.
689 4841 762 4892 Τὸ
795 4839 1022 4892 παλαιὸν
1054 4839 1114 4892 τὸ
1153 4838 1250 4908 μὲν
1285 4839 1546 4907 κήρυγμα
1581 4836 1827 4907 ἐδέχοντο
1866 4837 1918 4890 oi

340 4934 580 4997 πλείους,
612 4933 703 4986 καὶ
740 4930 1024 4987 ἐπίστευον
1079 4931 1156 5000 τῷ
1190 4930 1430 5001 Χριστῷ,
1465 4917 1823 5000 βαπτίζεσθαι
1857 4921 1915 4982 δὲ

341 5025 744 5096 ὑπερετίθεντο.
784 5026 875 5080 Διὸ
912 5027 1006 5078 καὶ
1045 5027 1072 5078 ὁ
1112 5024 1370 5093 Θεολόγος
1413 5024 1715 5094 Γρηγόριος
1756 5022 1850 5075 καὶ
1887 5023 1918 5076 ὁ

344 5121 513 5191 μέγας
547 5119 821 5181 Βασίλειος
844 5123 968 5181 τοὺς
1000 5120 1078 5181 είς
1105 5117 1163 5170 τὸ
1193 5115 1346 5187 ἅγιον
1375 5105 1658 5188 βάπτισμα
1688 5106 1920 5185 προτρε-

341 5214 570 5274 πτικοὺς
599 5212 1004 5281 συνεγράψαντο
1031 5207 1440 5280 λόγους.Ἷῐσαν
1463 5205 1556 5262 οὖν
1579 5200 1636 5262 ἔν
1659 5210 1771 5271 τοῖς
1799 5225 1922 5261 και·

346 5311 460 5380 ροῐς
496 5306 606 5358 τῶν
642 5305 896 5375 διωγμῶν
934 5303 1166 5358 τοιοῦτοι
1210 5302 1414 5365 πολλοὶ,
1459 5295 1778 5367 Χριστιανοὶ
1819 5299 1921 5370 μὲν

344 5402 497 5463 ὄντες
518 5443 531 5466 ,
571 5401 738 5471 μήπω
770 5401 826 5452 δὲ
864 5398 1273 5469 βαπτισθέντες.
1305 5399 1474 5467 Φησὶν
1510 5390 1602 5450 οὖν
1638 5393 1770 5466 περὶ
1803 5395 1924 5447 τού-

345 5511 454 5546 των
477 5496 505 5546 ὁ
535 5491 711 5545 κανὼν
737 5492 841 5556 ὅτι,
875 5492 967 5546 sev
991 5509 1134 5555 τινες
1164 5491 1366 5545 ἔθυσαν
1392 5487 1819 5558 κατασχεθέντες
1848 5487 1923 5550 ὼς

345 5585 665 5655 Χριατιανοὶ
684 5622 700 5647 ,
731 5585 1027 5652 ἀφώτιστοι
1055 5583 1111 5636 δὲ
1144 5584 1295 5647 ὄντες
1330 5582 1469 5653 μετά
1494 5581 1669 5638 ταῦτα
1698 5578 1925 5633 ἐϐαπτί-

347 5679 575 5749 σθησαν,
605 5676 757 5732 οὐδὲν
784 5677 980 5742 αὐτοὺς
1009 5677 1211 5731 κωλύει
1236 5675 1297 5730 τὸ
1328 5674 1490 5729 θῦσαι
1521 5675 1600 5738 είς
1629 5672 1688 5729 τὸ
1723 5688 1928 5745 προαρ-

419 5866 462 5892 ""
501 5861 690 5915 .‘dattlt.
729 5875 838 5925 xt't,
888 5858 972 5914 l9.

2021 4656 2151 4704 sunt
2201 4648 2254 4701 in
2301 4645 2478 4702 sacris
2529 4652 2806 4710 tractent;
2845 4643 3228 4714 episcoporum
3266 4654 3450 4699 autem
3486 4655 3608 4699 om:

2021 4743 2154 4816 nino
2189 4738 2516 4795 mentionem
2547 4751 2653 4792 non
2685 4735 2917 4792 faciunt.

2095 4830 2347 4887 ZONAR.
2388 4828 2644 4900 Mysteria
2673 4828 2900 4898 quidem
2924 4828 3054 4886 olim
3081 4837 3285 4886 nostra:
3319 4830 3608 4902 religionis

2021 4926 2207 4980 audita
2240 4923 2423 4994 plures
2449 4920 2829 4983 admittebant,
2861 4935 2928 4978 ac
2957 4921 3104 4986 lidei,
3139 4935 3261 4990 quae
3288 4921 3355 4977 de
3383 4923 3609 4981 Christo

2024 5027 2129 5082 est,
2167 5017 2328 5085 plane
2359 5011 2847 5078 assentiebantur;
2884 5010 2980 5066 sed
3020 5012 3275 5082 baptismi
3306 5015 3450 5070 diem
3491 5016 3613 5073 lon-t

2028 5111 2151 5179 gius
2194 5105 2554 5163 nihilominus
2585 5103 2973 5165 extrahebant.
3005 5102 3100 5161 iEx
3134 5119 3244 5173 quo
3278 5116 3330 5159 et
3361 5105 3610 5176 Gregorii

2027 5200 2288 5270 Theologi
2321 5208 2376 5256 et
2400 5197 2583 5267 magni
2615 5194 2802 5256 Basilii
2843 5196 3144 5263 orationes,
3178 5197 3377 5267 quibus
3410 5199 3477 5252 ad
3513 5200 3611 5254 ba-

2029 5297 2288 5368 ptismum
2322 5290 2708 5354 hortabantur,
2745 5289 3029 5344 exstitere.
3064 5289 3239 5346 Erant
3290 5292 3470 5359 itaque
3515 5307 3614 5361 per

2030 5405 2092 5444 ea
2133 5397 2402 5456 tempora,
2437 5383 2639 5452 quibus
2686 5397 2798 5437 rem
2847 5383 3219 5440 Christianam
3270 5384 3488 5454 tyranni
3521 5385 3603 5438 di-

2031 5483 2325 5544 vexabant,
2355 5475 2629 5548 ejusmodi
2664 5475 2916 5531 homines
2957 5476 3096 5530 haud
3131 5477 3315 5546 pauci,
3347 5476 3441 5545 qui
3484 5491 3607 5531 cum

2031 5572 2343 5631 Christiana
2396 5567 2739 5639 professione
2787 5577 3170 5632 censerentur,
3221 5567 3492 5636 baptismo
3526 5578 3610 5621 ta-

2034 5682 2154 5724 men
2210 5677 2555 5735 ncquaquam
2600 5660 2778 5717 adhuc
2830 5660 3031 5732 cxpiati
3089 5657 3348 5716 fuissent.
3401 5657 3476 5716 De
3525 5659 3612 5718 his
