3990 6482
302 325 434 394 1161

1429 318 1511 378 IN
1551 315 1717 380 CAN.
1750 314 1888 378 XIV
1911 311 2122 375 CONC.
2165 311 2423 374 ANCYB.

3414 305 3546 382 1162
3612 300 3619 309 ”

300 446 423 501 κατ’
459 439 764 514 ἐπιτροπὴν
798 437 978 494 αὑτῶν
1003 433 1340 502 ἐπισκόπων,
1363 436 1424 488 οὑ
1457 435 1731 505 συγχωρεῖ
1761 432 1874 495 τοῖς

1991 428 2099 485 sine
2128 428 2275 485 illius
2315 429 2583 498 sententia
2617 428 2688 485 ad
2718 429 3145 489 ecclesiasticum
3178 430 3545 501 ministerium

305 553 450 607 χωρε
466 535 749 596 πισκόποις
774 532 901 586 ἀνευ
928 528 1156 601 γνώμης
1178 528 1344 584 αὑτοῦ
1374 545 1497 581 τινα
1552 528 1634 589 εἰς
1679 525 1875 596 ἐκκλη-

302 625 595 697 σιαστικὴν
632 625 936 695 ὑπηρεσίαν
974 620 1403 693 παραδέχεσθαι·
1459 618 1596 672 ἀλλά
1643 617 1876 699 κατεξε-

300 717 569 783 τάζεσθαι
606 718 705 786 μὲν
737 716 860 778 τοὺς
892 712 1076 778 ἀξίους
1103 713 1254 784 παρὰ
1276 712 1384 766 τῶν
1418 708 1874 781 χωρεπισκόπων,

302 808 398 861 καὶ
454 802 879 877 παραδέχεσθαι.
922 804 999 874 μὴ
1042 801 1400 872 συναριθμεῖν
1436 799 1492 852 δὲ
1551 798 1747 859 αὐτοὺς
1800 795 1878 865 τῷ

302 900 493 972 κλήρῳ
527 899 629 970 πρὸ
657 897 751 951 τοῦ
799 896 1112 963 ἀνενεγκεῖν
1167 893 1315 965 αὑτῷ
1369 892 1438 946 τὰ
1488 893 1616 961 περὶ
1672 888 1874 943 αὐτῶν.

304 988 805 1064 Χωρεπίσκοποιδέ
823 989 964 1040 εἰσιν
980 989 1027 1040 οἰ
1052 986 1295 1058 σήμερον
1314 984 1373 1039 ἐν
1397 1000 1510 1037 τισι
1540 982 1757 1057 κώμαις
1782 982 1879 1035 καὶ⁹

303 1082 512 1157 χώραις
544 1079 981 1155 πρωτοπαπάδες
1010 1078 1314 1147 λεγόμενοι.

907 1171 1147 1229 ΚΑΝΩΝ
1179 1169 1279 1225 ΙΔ’.

306 1284 328 1321 ι
364 1267 579 1337 Τοὺςέν
616 1265 824 1337 κλήρῳ,
858 1264 1269 1335 πρεσϐυτέρους
1300 1263 1334 1334 ἢ
1366 1263 1650 1325 διακόνους
1693 1263 1881 1329 ὄντας,

380 1380 399 1418 ι
436 1358 818 1431 ἀπεχομένους
864 1356 1068 1428 κρεῶν,
1123 1355 1304 1422 ἔδοξεν
1365 1354 1731 1421 ἐφάπτεσθαι,
1786 1354 1884 1417 καὶ

385 1472 402 1504 ι
439 1451 633 1514 οὕτως,
666 1450 715 1502 εί
755 1449 1056 1519 βούλοιντο,
1093 1448 1320 1518 κρατεῖν
1366 1446 1596 1499 ἑαυτῶν·
1632 1447 1680 1499 εἰ
1713 1446 1767 1499 δὲ
1804 1446 1880 1517 μὴ

383 1564 401 1596 ι
442 1543 744 1613 βούλοιντο,
780 1540 856 1604 ὡς
884 1540 1018 1611 μηδὲ
1072 1541 1141 1592 τὰ
1170 1536 1313 1608 μετά
1352 1537 1531 1607 κρεῶν
1574 1536 1881 1608 βαλλόμενα

383 1654 404 1690 ι
443 1635 651 1706 λάχανα
675 1633 899 1698 ἐσθίειν,
938 1632 1030 1693 καὶ
1066 1630 1199 1702 μηδὲ
1258 1630 1537 1694 ὑπείκοιεν
1566 1628 1643 1700 τῷ
1671 1630 1879 1695 κανόνι,

376 1747 395 1779 ι
446 1724 763 1780 πεπαῦσθαι
787 1724 985 1786 αὐτοὺς
1016 1723 1114 1793 τῆς
1146 1723 1374 1787 τάξεως.
1421 1742 1439 1775 ι

1979 522 2293 593 quempiam
2328 523 2660 591 admittere;
2696 524 2790 580 sed
2827 524 3022 594 dignos
3059 524 3281 596 quidem
3317 541 3347 580 a
3385 525 3549 582 cher.—

1978 615 2255 685 episcopis
2291 615 2513 685 inquiri,
2543 624 2596 672 et
2629 616 2867 681 admitti,
2902 635 3011 674 non
3050 628 3231 675 autem
3277 619 3425 677 clero
3453 635 3552 678 eos

1978 722 2396 771 connutnerare,
2423 708 2741 780 priusquam
2767 727 2887 782 quae
2915 713 2983 768 ad
3016 728 3110 768 eos
3138 721 3413 783 spectant,
3448 716 3550 785 ipst

1977 800 2237 870 episcopo
2272 801 2601 857 retulerunt.
2642 801 3036 874 Chorepisc0pi
3073 813 3252 861 autem
3291 817 3422 862 sunt
3453 807 3546 878 qui

1978 907 2121 946 nunc
2145 892 2197 945 in
2228 891 2551 961 quibusdam
2578 894 2712 949 vicis
2728 905 2781 949 et
2813 896 3128 967 regionibus
3152 900 3549 972 protopapades

1978 984 2358 1049 nominantur.

2556 1164 2788 1224 CANON
2829 1168 2970 1230 XIV.

1985 1279 2003 1311 ι
2043 1259 2149 1317 Eos
2176 1260 2268 1331 qui
2302 1262 2353 1315 in
2391 1262 2540 1321 clero
2581 1272 2729 1329 sunt,
2768 1266 3116 1337 presbyteros
3150 1269 3233 1323 vel
3270 1269 3549 1334 diaconos,

2059 1367 2076 1399 ι
2116 1363 2144 1401 a
2188 1351 2450 1407 carnibus
2485 1352 2850 1419 abstinentes,
2882 1355 3087 1424 placuit
3117 1358 3236 1412 illas
3263 1361 3549 1431 attingere,

2060 1461 2078 1494 r
2118 1452 2171 1497 et
2208 1443 2310 1507 sic,
2360 1444 2407 1499 si
2442 1446 2633 1511 velint,
2666 1447 2735 1501 ab
2762 1447 2843 1502 eis
2882 1447 3162 1504 abstinere
3196 1466 3211 1505 :
3249 1452 3333 1506 sin
3371 1464 3551 1511 autem

2060 1553 2079 1586 ι
2120 1535 2319 1599 nolint,
2351 1546 2414 1594 ut
2443 1552 2543 1593 nec
2581 1537 2751 1604 olera,
2780 1555 2900 1610 quae
2935 1555 3057 1595 cum
3088 1542 3349 1599 carnibus
3374 1560 3555 1614 appo—

2059 1647 2075 1679 ι
2114 1640 2341 1694 nuntur,
2380 1635 2691 1693 comedere,
2722 1639 2778 1685 et
2820 1633 3022 1693 cauoni
3069 1648 3179 1690 non
3222 1635 3441 1701 cedant,
3485 1638 3553 1695 ab

2056 1734 2074 1771 ι
2112 1716 2307 1773 ordine
2342 1733 2582 1775 cessare.
2620 1740 2639 1773 ι

380 1818 576 1880 ΒΑΛΣ..
618 1817 700 1869 Τά
744 1814 846 1891 μὲν
878 1783 1249 1886 περιεχόμενα
1284 1783 1360 1882 τῷ
1402 1813 1748 1886 ἀποστολικῷ
1794 1822 1871 1870 να⁹

2053 1806 2248 1867 BALS.
2288 1809 2424 1877 Qua:
2466 1813 2770 1881 apostolico
2816 1830 3031 1870 canone
3076 1816 3137 1872 51
3179 1819 3556 1895 continentur,

307 1910 498 1965 κανόνι
556 1909 716 1983 χάριν
772 1908 883 1961 τῶν
937 1908 1300 1977 ἀπεχομένων
1346 1908 1547 1975 γάμου,
1588 1906 1732 1971 οίνου
1782 1906 1878 1960 καὶ

306 2000 507 2071 κρεῶν,
536 1997 1077 2070 προηρμηνεύθησαν
1107 1999 1309 2055 ἐκεῖσεο
1352 1997 1480 2060 ἐπεὶ
1527 1997 1584 2052 δὲ
1611 1997 1877 2071 διελήφθη

306 2073 365 2145 ὲν
400 2092 475 2161 τῷ
507 2090 734 2163 τοιούτῳ
764 2089 953 2148 κανόνι
979 2088 1059 2167 μὴ
1076 2088 1404 2163 κολάζεσθαι
1434 2090 1563 2154 τοὺς
1600 2089 1685 2144 διά
1704 2091 1879 2162 ἀσκη-

306 2202 390 2239 σιν
431 2184 820 2261 νηστεύοντας,
853 2181 992 2237 ἀλλὰ
1050 2184 1418 2254 τιμωρεῖσθαι
1449 2182 1577 2248 τοὺς
1632 2183 1882 2254 βλασφη-

308 2277 547 2347 μοῦντας
596 2277 740 2339 κατά
797 2274 906 2328 τῶν
974 2274 1303 2344 οἰκονομιῶν
1355 2274 1451 2329 τοῦ
1509 2274 1667 2329 Θεοῦο
1734 2275 1881 2339 εἰκὸς

305 2370 365 2429 δὲ
421 2369 595 2428 εἰπεῖν
628 2383 805 2433 τινας,
854 2367 963 2419 Καὶ
997 2365 1161 2421 πόθεν
1206 2366 1649 2437 ἀναφανήσονται
1695 2367 1745 2420 oi
1792 2364 1881 2420 διὰ

304 2461 513 2530 ἀγαθὸν
542 2460 742 2531 τρόπον
769 2460 865 2514 καί
904 2459 954 2513 οἱ
978 2459 1068 2513 διά
1109 2458 1311 2529 φαῦλον
1372 2459 1762 2528 νηστεύοντεςς
1827 2460 1879 2513 οἰ

305 2551 404 2621 τῆς
436 2551 719 2621 παρούσης
756 2549 974 2604 συνόδου
1008 2549 1251 2621 Πατέρες
1283 2549 1543 2619 εὐμαρῶς
1588 2550 1681 2604 καί⁵
1722 2549 1881 2604 τοῦτο

306 2642 702 2713 διηυ).ήτωσαν.
767 2641 1017 2710 Ἔφασαν
1050 2640 1180 2712 γὰρ,
1204 2641 1278 2704 ὡς
1311 2642 1373 2696 Ei
1402 2641 1686 2712 βούλονται
1715 2644 1765 2707 οἰ
1788 2661 1881 2715 νη‹

307 2729 590 2793 στεύοντες
640 2731 786 2786 ἅπαν
844 2730 1143 2785 σκάνδαλον
1196 2735 1578 2804 περιαιρῆσαι,
1644 2733 1882 2805 ὲφαπτέρ

308 2822 523 2875 σθωσαν
557 2822 717 2893 μόνον
764 2823 871 2876 τῶν
897 2823 1097 2895 κρεῶν,
1135 2824 1227 2878 καὶ
1254 2825 1412 2887 πάλιν
1446 2827 1879 2897 νηστευέτωσαν,

1979 1902 2047 1957 de
2080 1902 2148 1957 iis
2180 1903 2269 1971 qui
2306 1919 2335 1956 a
2368 1904 2574 1973 nuptiis
2616 1911 2672 1959 et
2703 1905 2828 1959 vino
2869 1916 2923 1961 et
2964 1908 3219 1964 carnibus
3257 1911 3555 1976 abstinent,

1980 1993 2091 2049 illic
2126 2004 2254 2050 sunt
2293 1997 2563 2065 exposita.
2616 1997 2890 2063 Quoniam
2933 2009 3115 2055 autem
3153 2002 3207 2056 in
3248 2017 3314 2058 eo
3345 2019 3556 2061 canone

1942 2134 1953 2143 .
1981 2095 2272 2143 tractatum
2302 2098 2405 2154 est,
2430 2105 2523 2144 eos
2555 2106 2661 2145 non
2696 2091 3001 2162 puniendos
3026 2094 3118 2162 qui
3152 2105 3372 2164 propter
3400 2114 3557 2154 excr-

1980 2181 2298 2235 citationem
2339 2179 2583 2251 jejunenl
2613 2201 2627 2249 ;
2666 2183 2763 2237 sed
2799 2199 2891 2239 eos
2922 2199 3041 2240 esse
3079 2189 3434 2254 coercendos,
3463 2193 3553 2262 qui

1981 2273 2245 2328 adversus
2277 2274 2369 2329 Dei
2420 2274 2783 2328 meonomiam
2830 2274 3095 2335 maledice
3130 2277 3559 2350 blasphemeun

1981 2365 2279 2437 loquuntur
2305 2383 2320 2433 ;
2349 2376 2432 2422 est
2462 2374 2642 2427 autem
2678 2357 2974 2427 verisimile
3008 2370 3216 2433 dixisse
3242 2373 3559 2443 nonnullos,

1986 2459 2051 2514 Et
2094 2459 2368 2514 undenam
2407 2473 2436 2513 a
2470 2458 2628 2524 nobis
2657 2469 3062 2529 cognoscentur
3105 2465 3198 2534 qui
3232 2466 3376 2525 bono
3408 2482 3561 2523 more

1980 2562 2035 2609 et
2068 2553 2161 2630 qui
2194 2551 2650 2622 malojejunant?
2689 2555 2973 2622 praesentis
3003 2557 3193 2628 synodi
3234 2556 3421 2615 Patres
3458 2560 3564 2619 hoc

1982 2659 2201 2715 quoque
2247 2642 2407 2699 facile
2453 2644 2840 2709 dissolverttnt.
2895 2646 3090 2701 Dicunt
3119 2649 3288 2715 enim,
3327 2652 3474 2720 quod
3504 2651 3563 2722 Si

1985 2738 2196 2803 volunt,
2249 2736 2341 2805 qui
2395 2735 2673 2806 jejunaut,
2736 2752 2954 2797 omnem
3005 2740 3363 2801 oﬂ‘ensionem
3419 2745 3580 2815 tolli,

1983 2844 2181 2889 carnes
2218 2837 2428 2891 tantum
2473 2829 2765 2899 attingant,
2801 2840 2855 2884 et
2890 2830 3143 2900 jejuneut
3176 2834 3223 2889 si
3261 2835 3429 2893 velint
3464 2853 3481 2891 :
3517 2840 3561 2899 si

306 2917 359 2969 εἰ
395 2914 700 2984 αἱροῦνται.
740 2916 801 2968 Εἰ
858 2915 915 2969 δὲ
946 2916 1107 2975 τοῦτο
1139 2916 1199 2970 οὐ
1242 2918 1582 2988 ποιήσουσιν,
1618 2916 1731 2971 ἀλλ’
1761 2919 1883 2982 οὑδὲ

1991 2932 2173 2979 autem
2211 2921 2315 2976 hoc
2348 2936 2458 2975 non
2494 2920 2715 2985 facient,
2754 2920 2849 2978 sed
2883 2938 3057 2991 neque
3095 2924 3241 2987 olera
3283 2941 3404 2995 quae
3435 2936 3564 2995 sunt

305 3003 377 3059 τὶ
408 3005 615 3077 λάχανα
644 3005 712 3059 τά
744 3005 883 3076 μετά
909 3005 1017 3059 τῶν
1048 3007 1227 3077 κρεῶν
1258 3007 1563 3079 βαλλόμενα
1591 3008 1882 3075 ἐσθίουσιν,

1991 3032 2110 3081 cum
2153 3014 2416 3073 carnibus
2467 3014 2666 3083 injecta
2720 3015 3035 3083 comedunt,
3077 3019 3303 3083 omnino
3356 3020 3427 3079 ab
3456 3026 3561 3091 cpi.-

306 3098 743 3169 ἀναγκαζόμενοι
765 3099 978 3162 πάντως
999 3100 1149 3170 παρά
1168 3097 1588 3170 τοῡρπισκόπου
1610 3103 1673 3156 ὲκ
1708 3118 1886 3175 προσ--

1991 3123 2160 3178 scopo
2196 3108 2374 3171 coacti
2416 3123 2482 3165 ex
2532 3108 2843 3179 aliquorum
2893 3110 3565 3191 denuntiptiouebdepre:

308 3192 576 3262 ἀγγελίας
606 3192 791 3258 τινῶν,
843 3191 1363 3263 καταλαμϐάνονται
1420 3195 1507 3251 διὰ
1553 3195 1754 3265 τρόπον
1784 3196 1885 3250 οὑκ

308 3285 516 3355 ἀγαθὸν
547 3271 852 3354 ἀπέχεσθαι
878 3284 987 3347 τῶν
1018 3285 1219 3356 κρεῶν,
1250 3287 1344 3342 καὶ
1382 3286 1882 3361 καθαιρείσθωσαν,

308 3376 387 3439 ὡς
416 3375 491 3446 μὴ
525 3374 605 3446 τῷ
645 3375 832 3437 κανόνι
867 3375 1317 3447 ὑποτασσόμενοι.
1352 3378 1551 3442 Καλῶς
1609 3379 1665 3434 δὲ
1706 3381 1885 3434 ἐκεῖσε

315 3469 417 3540 μὲν
446 3470 475 3521 ό
505 3467 688 3523 κανὼν
719 3463 876 3525 εἶπεν
913 3469 947 3541 ἢ
983 3468 1317 3542 παύεσθαιῆ
1351 3470 1739 3542 καθαιρεῖσθαι
1761 3473 1887 3526 τού-

310 3577 438 3623 τους
467 3577 483 3593 ο
516 3560 753 3615 ἐνταῦθα
790 3560 847 3623 δὲ
872 3560 1144 3615 παύεσθαι
1197 3562 1298 3634 τῆς
1327 3561 1533 3636 τάξεως
1563 3565 1613 3617 οἰ
1644 3564 1887 3635 Πατέρες

310 3651 664 3723 διωρίσαντο.
701 3652 827 3706 Ἔτι
884 3651 993 3724 γὰρ
1022 3652 1117 3707 τοῦ
1153 3654 1459 3732 ἀμφιϐόλου
1508 3654 1584 3729 μὴ
1613 3655 1887 3729 λυθέντος,

312 3744 519 3814 ὤφειλε
545 3745 761 3810 πάντως
793 3744 822 3797 ὁ
851 3745 1179 3817 αἰτιώμενος
1192 3747 1644 3825 παρεγγυηθῆναι
1674 3764 1890 3818 περιαι-

319 3839 485 3909 ρῆσαι
533 3837 620 3892 διὰ
649 3837 743 3891 τοῦ
777 3839 1180 3911 κρεωφαγῆσαι
1203 3839 1265 3893 τὸ
1290 3839 1718 3907 σκάνδαλον,καὶ
1748 3842 1891 3896 οὑτω

314 3930 752 4001 κατακριθῆναι.
799 3931 1069 3998 Ἐνταῦθα
1096 3932 1156 3986 δὲ
1183 3933 1282 4005 τῆς
1307 3932 1549 4004 ὑποψίας
1572 3952 1892 4006 περιαιρου-

318 4020 494 4093 μένης
524 4018 612 4075 διά
634 4022 736 4093 τῆς
778 4024 1234 4096 ὑποτυπωθείσης
1270 4027 1587 4098 οἰκονομίας
1616 4027 1767 4097 παρά
1781 4028 1892 4082 τῶν

318 4114 602 4183 Πατέρων,
656 4115 715 4181 ἐξ
768 4115 1012 4188 ἀνάγκης
1047 4118 1075 4171 ό
1117 4116 1193 4189 μὴ
1247 4118 1390 4173 κατά
1456 4118 1663 4192 ταύτην
1692 4108 1892 4177 ποιῶν

316 4204 668 4277 καθαιρεῖται
706 4207 1062 4264 ἀπεντεῦθεν.
1116 4211 1267 4264 Ἐπεὶ
1295 4211 1351 4265 δὲ
1381 4213 1769 4289 πρεσϐυτέρων
1800 4216 1892 4273 καὶ

318 4298 587 4353 διακόνων
625 4299 805 4370 μόνων
841 4301 1090 4374 ἐμνήσθη
1121 4305 1149 4357 ὁ
1176 4304 1367 4373 παρὼν
1398 4304 1604 4373 κανὼν⁹
1637 4308 1665 4359 ὁ
1705 4307 1763 4360 δὲ
1796 4311 1894 4381 pq.-

317 4390 433 4454 θείς
484 4394 846 4459 ἀποστολικὸς
919 4394 1099 4451 κανὼν
1149 4396 1367 4451 πάντων
1427 4398 1536 4452 τῶν
1591 4398 1889 4470 ἀνθρώπων

1992 3203 2307 3257 henduntur
2330 3200 2439 3263 non
2476 3201 2619 3259 bono
2645 3217 2797 3257 more
2824 3218 2854 3258 a
2884 3204 3149 3258 carnibus
3186 3206 3481 3271 abstinere,
3510 3218 3567 3274 ct

1990 3299 2353 3367 deponantur,
2406 3304 2463 3349 ut
2507 3296 2600 3366 qui
2643 3295 2842 3351 canoni
2887 3311 2996 3351 non
3055 3297 3348 3354 obediant.
3396 3299 3566 3356 Recto

1990 3395 2172 3445 autem
2223 3386 2361 3442 dixit
2392 3387 2504 3442 illic
2537 3402 2736 3452 canon,
2780 3402 2877 3443 eos
2932 3388 3012 3443 vel
3059 3404 3299 3452 cessare.
3340 3392 3421 3447 vel
3469 3392 3563 3448 dce

1990 3480 2141 3551 poni.
2180 3478 2282 3537 llic
2319 3487 2499 3539 autem
2530 3494 2625 3536 eos
2662 3481 2731 3538 ab
2761 3480 2953 3537 ordine
2994 3495 3211 3538 cessare
3245 3482 3437 3541 Patres
3464 3485 3559 3545 de:

1993 3571 2205 3637 (iniere.
2250 3573 2389 3633 Cum
2422 3572 2568 3637 enim
2609 3572 2838 3631 dubium
2870 3573 3056 3638 adhuc
3088 3591 3197 3629 non
3228 3584 3377 3637 esset
3416 3579 3563 3635 solo»

1992 3673 2136 3730 tum.
2184 3665 2417 3723 debebat
2466 3665 2724 3732 omnino,
2775 3666 2870 3736 qui
2931 3645 3327 3735 accusabatur,
3374 3668 3567 3738 jubere

1994 3758 2266 3815 vescendo
2306 3773 2526 3814 carnem
2572 3758 2766 3815 tollere
2812 3760 3134 3816 scandalum
3164 3801 3180 3827 ,
3219 3767 3273 3814 et
3321 3762 3402 3817 sic
3431 3777 3566 3828 con,-

1994 3852 2264 3908 demnari.
2303 3850 2402 3905 Hic
2427 3859 2608 3906 autem
2650 3851 2831 3906 ablata
2872 3852 3186 3921 suspicione
3218 3868 3313 3922 per
3341 3870 3568 3917 ωεοηοτ

1996 3938 2159 3997 miam
2191 3953 2220 3992 a
2254 3936 2513 3994 Patribus
2546 3937 2903 4008 descriptam,
2945 3947 3284 4014 necessario,
3334 3951 3424 4018 qui
3460 3966 3565 4006 non

1996 4028 2128 4084 facit
2158 4028 2207 4085 ei
2240 4029 2660 4096 convenienter,
2696 4044 2761 4086 eo
2795 4032 2915 4101 ipso
2950 4035 3264 4103 deponitur.
3297 4038 3563 4105 Quoniam

1996 4131 2174 4210 autem
2204 4122 2369 4197 390
2392 4123 2836 4193 presbyterorum
2865 4130 2921 4185 et
2941 4126 3296 4189 diaconorum
3323 4133 3564 4189 solorum

1998 4216 2245 4282 meminit
2282 4232 2527 4288 prtesens
2556 4232 2756 4286 canon,
2812 4218 2996 4274 dictus
3029 4231 3211 4276 autem
3242 4238 3413 4279 canon
3439 4238 3568 4294 apo.

1996 4308 2230 4364 stolicus
2281 4308 2524 4363 omnium
2577 4309 2863 4373 hominum
2915 4312 3163 4367 meminit
3223 4328 3239 4368 :
3292 4313 3458 4369 debes
3510 4324 3568 4371 tu

1994 4415 2237 4471 quoque,
2263 4416 2384 4471 quae
2411 4400 2523 4457 illic
2553 4400 2701 4457 dicta
2730 4411 2891 4467 sunt,
2926 4402 2994 4457 ad
3019 4417 3208 4460 omnes
3250 4404 3565 4462 extendere.

320 4483 619 4555 μέμνηται,
654 4486 891 4556 ὀφείλεις
923 4487 1013 4541 καὶ
1046 4488 1113 4542 σὺ
1152 4488 1222 4545 τά
1254 4486 1493 4547 ἐνταῦθα
1547 4487 1887 4560 διορισθέντα

1993 4489 2067 4547 Ut
2098 4501 2185 4548 est
2213 4505 2344 4562 ergo
2376 4492 2695 4558 verisimile,
2729 4493 2765 4548 ii
2803 4509 3046 4564 quoque,
3083 4494 3176 4564 qui
3224 4494 3568 4566 Besantilica:

317 4577 399 4641 εἰς
423 4577 633 4643 πάντας
675 4577 923 4635 ἑλκύσαι.
972 4578 1062 4645 Ὦς
1110 4578 1286 4641 ἔοικεν
1318 4574 1432 4646 οὖν,
1488 4581 1584 4640 καὶ
1612 4583 1663 4635 οἰ
1708 4582 1897 4639 αἰτιώ-

324 4690 476 4743 μενοι
506 4674 594 4728 διά
633 4673 1022 4747 Βωγομιλικὴν
1071 4675 1288 4749 αἵρεσιν
1320 4674 1634 4742 ἀκολούθως
1665 4677 1738 4750 τῷ
1757 4695 1897 4752 παρα

320 4769 436 4819 ὀντι
469 4766 658 4820 κανόνι
692 4765 1097 4835 ἀναγκάζονται
1147 4758 1548 4839 κρωφαγῆσαι
1582 4768 1617 4839 ἢ
1653 4785 1897 4840 τυροφα·

322 4861 511 4931 γῆσαι,
535 4864 629 4915 καὶ
658 4863 1019 4933 περιαιρῆσαι
1041 4861 1141 4932 τὴν
1172 4860 1413 4932 ὑποψίαν
1444 4865 1543 4935 τῆς
1592 4864 1897 4936 Βωγομιλι-

318 4954 423 5022 κῆς
456 4953 732 5025 νηστείαςο
764 4952 905 5007 ἀλλά
939 4954 1033 5008 καὶ
1062 4955 1113 5007 οἰ
1171 4954 1394 5017 πλείους
1426 4954 1535 5009 τῶν
1582 4956 1898 5010 εὐλαϐεστέ-

324 5061 435 5115 ρων
469 5045 745 5113 μοναχῶν,
804 5044 881 5113 μὴ
922 5043 1171 5107 θέλοντες
1223 5044 1536 5110 καταλῦσαι
1576 5045 1657 5109 εἰς
1707 5044 1897 5115 ἰχθύας

318 5136 409 5189 διά
436 5136 495 5187 τὸ
520 5136 618 5205 τῆς
650 5137 812 5204 ἀγίας
879 5137 1344 5208 Τεσσαρακοστῆς
1390 5136 1695 5208 αἰδέσιμον,
1750 5138 1897 5199 κατά

320 5226 515 5278 τοῦτον
568 5225 728 5295 δῆθεν
757 5226 850 5278 τὸν
903 5226 1105 5281 κανόνα
1157 5224 1368 5280 τούτων
1425 5225 1522 5296 μὲν
1577 5225 1892 5295 ἀπέχονται,

322 5318 566 5371 ἐσθίουσι
590 5317 648 5370 δὲ
679 5318 747 5370 τὰ
769 5317 1174 5388 ἀποϐράσματα
1221 5318 1404 5372 αὐτῶν
1430 5320 1525 5372 καὶ
1556 5316 1623 5370 τὰ
1651 5317 1752 5369 σὺν
1797 5318 1896 5370 αὑ-

322 5410 437 5470 τοῖς
497 5408 734 5477 ἑψόμενα
766 5408 994 5478 λάχανα.
1041 5409 1150 5462 Καὶ
1183 5408 1243 5461 τὸ
1289 5409 1389 5479 μὲν
1434 5408 1575 5463 οὕτω
1613 5410 1897 5479 γινόμενον

321 5501 405 5562 εἰς
438 5502 563 5562 τοὺς
588 5502 1103 5570 κατηγορουμένους
1140 5500 1232 5553 διὰ
1258 5501 1641 5571 Βωγομιλικὴν
1683 5502 1896 5569 αἵρεσιν

326 5590 507 5651 καλῶς
536 5592 683 5643 εἴποι
717 5608 798 5651 τις
831 5590 1080 5657 γίνεσθαι
1114 5606 1127 5621 ·
1186 5592 1378 5661 ὥσπερ
1407 5593 1501 5642 καὶ
1542 5594 1605 5643 τὸ
1659 5591 1899 5659 ἀπογεύ-

329 5682 526 5735 σασθαί
582 5701 699 5737 τινα
736 5685 964 5751 κρέατος
1026 5682 1268 5753 ἥτυροῠ
1330 5686 1408 5746 εἰς
1444 5687 1540 5748 τὰς
1601 5685 1901 5754 ἑϐδομάδας

330 5771 452 5838 καθ’
481 5772 546 5837 ἃς
585 5774 916 5845 Ἀρμένιοιῆ
952 5776 1103 5829 ἄλλοι
1133 5775 1403 5845 αἰρετικοὶ
1428 5775 1768 5841 νηστεύουσι¹
1802 5773 1896 5827 xtl.

656 5873 928 5933 ΡΑτιιοι..
967 5872 1086 5931 Gtt.
1132 5872 1495 5937 CXXXVII.

2000 4584 2224 4642 haeresis
2263 4593 2631 4652 accusantur,
2670 4587 2932 4656 praesenti
2966 4588 3164 4643 canoni
3197 4596 3571 4655 consentanea

1997 4683 2278 4745 coguntur
2321 4675 2579 4731 carnibus
2612 4678 2697 4730 vel
2724 4691 2885 4733 caseo
2930 4678 3103 4743 vesci,
3152 4688 3207 4732 et
3254 4676 3566 4749 Bogmnilici

1993 4767 2186 4840 jejunii
2216 4767 2589 4837 suspicionem
2623 4766 2813 4823 tollere
2848 4785 2860 4821 :
2893 4768 3027 4838 quin
3069 4776 3122 4822 ct
3151 4769 3313 4839 paulo
3352 4769 3571 4840 religio-

1998 4860 2176 4919 siores
2207 4861 2517 4931 complures
2557 4860 2836 4926 monachi,
2870 4860 3117 4915 nolentes
3145 4859 3389 4929 piscibus
3412 4860 3527 4930 jeju
3546 4891 3567 4898 —

2000 4948 2151 5003 nium
2180 4948 2416 5013 solvere,
2449 4957 2672 5025 prepter
2702 4956 2904 5005 sanctae
2932 4946 3373 5018 Quadragesitnte
3402 4935 3574 5003 hono'

2000 5055 2132 5105 rem,
2162 5040 2285 5096 huic
2313 5039 2500 5110 utique
2525 5040 2721 5102 canoni
2746 5042 3136 5095 convenienter
3158 5040 3228 5096 ab
3249 5040 3329 5096 eis
3351 5040 3569 5109 quidem

2004 5134 2323 5198 abstinent;
2355 5148 2544 5188 eorum
2589 5142 2772 5187 autem
2810 5130 2937 5201 jura
2978 5132 3295 5193 comedunt,
3327 5140 3382 5186 et
3421 5131 3571 5191 olera;

2007 5240 2129 5295 qua:
2157 5239 2281 5278 cum
2313 5222 2393 5277 eis
2423 5230 2759 5289 coquuntur.
2792 5222 2855 5291 Et
2885 5221 3031 5293 quod
3062 5222 3144 5283 sic
3177 5220 3400 5292 quidem
3431 5224 3487 5274 lit
3518 5220 3597 5288 iu'

2006 5330 2120 5381 vos,
2170 5315 2265 5384 qui
2320 5306 2665 5383 BogomiliCte
2711 5314 2982 5377 haereseos
3030 5320 3380 5377 accusantur,
3429 5321 3574 5368 recte

2009 5409 2124 5463 lieri
2170 5408 2369 5462 dixerit
2419 5408 2692 5477 quispiam
2739 5424 2753 5462 :
2787 5408 3245 5476 quemadmodum
3274 5415 3328 5460 et
3369 5405 3414 5463 si
3449 5405 3576 5472 qu‘s

2006 5516 2225 5555 curnt-ut
2281 5509 2462 5570 gustet
2507 5500 2587 5554 vel
2643 5514 2864 5554 caseum
2914 5500 2967 5552 in
3019 5499 3469 5559 hebdomadibus,
3521 5495 3575 5569 Ξ)

2007 5590 2209 5658 quibus
2276 5588 2516 5644 Armenii
2578 5589 2661 5643 vel
2725 5590 2814 5644 alii
2877 5589 3118 5645 haeretici
3181 5589 3469 5669 jejunant;
3522 5602 3575 5658 at

2014 5683 2248 5738 maxime
2275 5681 2494 5751 quando
2528 5682 2582 5736 in
2614 5693 2865 5751 suspecta
2902 5681 3121 5749 regione
3156 5674 3429 5734 versatur.
3465 5679 3576 5732 line

2020 5777 2163 5832 enim
2198 5773 2351 5841 facit,
2387 5790 2455 5831 ne
2486 5790 2593 5830 una
2623 5789 2745 5829 cum
2783 5772 3055 5831 ltzreticis
3083 5772 3333 5843 jejunare
3362 5783 3572 5843 repnte,

3190 5868 3258 5935 37
