3990 6482
418 350 547 418 116³7

1668 345 1952 407 THEOD-
2000 346 2397 411 BALSAMON

3520 357 3646 424 “68

406 470 570 517 erunt
607 461 793 516 Patres
843 456 1157 515 necessario
1207 454 1540 512 reddendum
1594 457 1849 526 pretium,
1885 456 1970 509 ad-

2081 456 2375 511 ἀναλαϐεῖν
2422 458 2481 511 τὸ
2537 458 2708 512 δοθέν.
2748 458 2954 525 Λύσις.
2985 459 3059 513 Οὐ
3113 461 3436 534 διωρίσαντο
3470 470 3518 522 οἱ
3548 472 3646 526 lla.

407 570 601 609 Versus
640 556 838 608 dictam
873 554 1041 621 legem
1069 568 1082 616 ;
1118 551 1244 614 imo,
1282 549 1326 603 si
1353 548 1612 601 attentius
1642 547 1786 614 legas
1813 561 1979 599 cano.

410 655 559 702 nem,
598 639 839 693 invenies
874 654 967 693 eos
1002 638 1294 707 negavisse
1330 636 1488 705 pretii
1521 633 1813 689 redditum.
1842 634 1977 688 Cum

354 768 355 771 η
408 733 553 787 enim
611 732 661 785 id
700 731 946 801 episcopi
1000 730 1209 802 judicio
1263 728 1610 798 reliquerint,
1668 727 1976 795 benigniori

405 825 567 877 etiam
602 825 811 879 ratione
856 824 1137 887 dixerunt,
1170 822 1315 891 quod
1361 837 1521 875 verus
1566 822 1795 874 antistes
1826 827 1879 873 et
1909 819 1973 874 ad

407 917 663 971 Ecclesiae
709 917 1118 971 indemnitatem
1160 915 1435 985 respiciet.
1486 923 1539 968 et
1574 914 1641 967 ad
1690 913 1977 983 emptoris,

406 1016 458 1061 ct
496 1009 639 1077 quod
670 1008 718 1062 ei
753 1023 975 1077 aequum
1001 1008 1202 1062 bonum
1252 1005 1543 1069 videbitur,
1576 1005 1831 1076 quodque
1866 1020 1975 1059 non

404 1102 477 1154 sit
514 1101 1015 1163 condemnandum,
1052 1099 1233 1153 faciet.
1278 1097 1434 1165 Quod
1480 1099 1526 1153 si
1565 1098 1616 1151 id
1661 1113 1767 1151 non
1804 1098 1860 1151 lit
1889 1112 1978 1153 ac-

406 1204 595 1248 curate
619 1203 671 1245 ct
700 1202 910 1256 exacte,
943 1193 1040 1248 visi
1075 1201 1201 1246 sunt
1231 1190 1604 1260 pronuntiare,
1641 1204 1748 1244 non
1777 1188 1978 1244 habere

400 1292 702 1352 cuilptorem
735 1282 1007 1338 cﬂicuccm
1034 1282 1324 1344 actionem,
1357 1289 1408 1335 ct
1436 1290 1657 1350 preptcr
1685 1295 1747 1334 ea
1774 1280 1975 1334 debere

402 1376 577 1443 ipsum
633 1376 955 1439 admonere,
1007 1390 1113 1429 non
1175 1383 1354 1429 autem
1408 1387 1587 1443 agerc.
1634 1370 1772 1441 Lege
1814 1370 1977 1424 etiam

403 1477 565 1535 caput
597 1468 626 1521 4
670 1468 917 1536 epistola:
947 1466 1121 1521 sancti
1173 1466 1357 1536 Cyrilli
1399 1466 1465 1519 ad
1508 1466 1809 1529 Domuum;
1848 1462 1981 1517 Car-

406 1559 746 1627 thaginensis
790 1557 983 1629 synodi
1032 1572 1295 1612 canonem
1355 1556 1446 1621 ΞΘ,
1495 1556 1725 1610 Nicmnte
1778 1556 1977 1627 synodi

410 1650 665 1705 secunda:
691 1663 956 1705 canonem
1006 1649 1380 1716 l£;similiter
1408 1656 1673 1705 eteorum
1709 1649 1976 1719 interpre-

406 1743 662 1797 tationes.
938 1767 972 1803 ι

2083 546 2239 616 τέρες
2285 546 2344 611 ἐξ
2383 549 2631 618 ἀνάγκης
2669 549 3119 619 ἀντιστρέφεσθαι
3150 552 3208 605 τὸ
3235 555 3456 625 τίμημα
3495 561 3650 613 ὑπεν-

2085 638 2285 702 αντίως
2358 640 2434 711 τῷ
2476 640 2695 711 ῥηθέντι
2747 642 2932 695 κανόνι
2969 657 2984 672 ⁶
3043 642 3181 698 ἀλλὰ
3233 645 3435 713 μᾶλλον
3475 649 3503 700 ό
3534 653 3650 705 ἑπι-

2087 730 2486 800 στατικώτερον
2560 732 2949 799 ἀναγινώσκων
3009 733 3102 786 τὸν
3165 735 3371 788 κανόνα
3432 737 3649 810 εὑρήσει

2086 822 2310 886 τούτους
2356 824 2771 895 ἀρνησαμένους
2794 826 2892 896 τὴν
2917 828 3281 897 ἀντιστροφὴν
3335 831 3430 882 τοῦ
3488 834 3652 902 τιμή-

2092 932 2282 984 ματος.
2324 917 2479 970 Ἐπεὶ
2508 918 2616 989 γὰρ
2639 919 2790 987 παρά
2814 923 2878 988 τῇ
2921 921 3258 992 ὲπισκοπικῇ
3292 922 3654 992 διακρίσειτά

2086 1006 2216 1077 περὶ
2249 1007 2439 1062 τούτου
2482 1011 2758 1076 ἀνέθεντο,
2797 1011 2940 1064 κατά
2999 1012 3158 1079 λόγον
3206 1017 3653 1087 συμπαθέστερόν

2085 1098 2181 1152 καὶ
2214 1093 2368 1152 εἶπον
2399 1099 2475 1162 ὡς
2533 1100 2741 1170 ἀληθὴς
2797 1102 3087 1173 ἀρχιερεὺς
3123 1106 3217 1156 καὶ
3270 1104 3406 1175 πρὸς
3460 1107 3520 1160 τὸ
3558 1108 3655 1177 τῆς

2098 1191 2425 1261 Ἐκκλησίας
2490 1192 2794 1263 ἀποϐλέψει
2850 1194 3108 1265 ἀζήμιον,
3153 1197 3250 1250 καὶ
3294 1198 3431 1267 πρὸς
3464 1200 3526 1252 τὸ
3564 1201 3655 1254 τοῦ

2086 1284 2477 1354 ἀγοράσαντος,
2517 1286 2610 1337 καὶ
2647 1288 2859 1356 ποιήσει
2890 1287 2950 1339 τὸ
2980 1288 3143 1353 δόξαν
3192 1289 3343 1358 αὐτῷ
3382 1292 3651 1357 ἀγαθοθε-

2087 1371 2177 1435 λὲς
2209 1374 2303 1425 καὶ
2337 1374 2793 1442 ἀκατάγνωστον.
2831 1376 2949 1428 Κᾶν
2977 1376 3052 1446 μὴ
3079 1378 3306 1444 ἀκριϐές
3336 1381 3509 1443 ἐστιν,
3543 1380 3655 1433 £60-

2088 1462 2185 1526 ξαν
2208 1450 2611 1532 ἀποφαίνεσθαι
2646 1465 2720 1534 μὴ
2749 1464 2896 1534 ἔχειν
2931 1465 3233 1535 ἐνδύναμον
3277 1467 3503 1535 ἀγωγὴν
3566 1469 3654 1519 τὸν

2084 1557 2401 1626 ἡγορακότα
2430 1556 2564 1627 (80),
2593 1558 2688 1610 καὶ⁸
2720 1558 2808 1610 δια
2838 1557 2996 1611 τοῦτο
3051 1559 3291 1626 ὀφείλειν
3331 1560 3494 1611 αὑτὸν
3550 1577 3626 1612 πα
3666 1588 3673 1596 ·

2088 1647 2349 1717 ρἀκαλεῑιν
2374 1650 2469 1701 καὶ
2496 1649 2571 1719 μὴ
2594 1650 2834 1717 ὲνάγειν,
2863 1650 3206 1719 ’Δνάγνωσον
3236 1651 3332 1703 καὶ
3358 1650 3659 1718 κεφάλαιον

2085 1735 2126 1791 δ’
2152 1738 2250 1808 τῆς
2293 1740 2432 1809 πρὸς
2469 1743 2673 1811 Δόμνον
2704 1742 2992 1813 ἐπιστολῆς
3022 1743 3116 1796 τοῦ
3155 1743 3310 1810 ἁγίου
3356 1742 3654 1812 Κυρίλλου,

402 1837 503 1904 τῆς
543 1838 600 1889 ὲν
632 1836 963 1908 Καρθαγένῃ
998 1834 1218 1890 συνόδου
1244 1834 1442 1889 κανόνα
1496 1839 1590 1897 κς¹
1621 1833 1713 1885 καὶ
1754 1831 1855 1900 τῆς
1897 1831 1957 1883 ὲν
1986 1830 2190 1903 Νικαίᾳ
2245 1833 2466 1888 συνόδου
2542 1834 2604 1888 τὸ
2655 1834 2909 1905 δεύτερον
2962 1836 3167 1889 κανόνα
3230 1834 3355 1913 ιβ’,
3391 1835 3658 1897 ὡσαύτως

400 1930 493 1982 καὶ
522 1928 617 1991 τάς
649 1929 944 1998 ἑρμηνείας
976 1928 1203 1981 τούτων.

471 2023 722 2080 ZONAR.
760 2022 827 2078 Si
878 2038 986 2094 quo
1012 2032 1275 2093 tempore
1317 2022 1549 2079 ecclesia
1586 2036 1688 2078 suo
1722 2022 1970 2094 episcopo

2152 2018 2400 2073 ZON-AP.
2430 2017 2571 2072 Ἓᾶν
2590 2016 2679 2088 μὴ
2705 2018 2859 2083 ὄντος
2882 2016 3182 2071 ἐπισκόπου
3236 2016 3647 2087 ἑκποιήσωνται

398 2115 663 2170 destituta
715 2123 820 2179 est,
872 2115 1242 2170 necessariam
1297 2112 1439 2169 forte
1489 2113 1559 2172 ob
1610 2127 1857 2179 causam,
1905 2128 1971 2168 ex

400 2204 769 2261 immobilibus
792 2205 912 2274 ejus
938 2205 1092 2260 bonis
1117 2206 1297 2259 clerus
1325 2203 1602 2275 quidpiam
1654 2202 1971 2257 alienaverit

399 2299 629 2367 (olerum
656 2298 924 2368 siquidem
952 2297 1398 2369 presbyterorum
1432 2294 1652 2351 nomine
1680 2309 1857 2350 canon
1883 2296 1969 2350 ln-

401 2390 612 2458 telligit,
656 2390 971 2459 eorumque
994 2392 1337 2460 potissimum
1361 2426 1377 2452 ,
1410 2388 1555 2459 quod
1604 2387 1656 2441 in
1702 2386 1969 2457 superiori

401 2482 596 2535 ordine
650 2480 901 2535 collocati
956 2482 1098 2545 sint,
1157 2479 1449 2551 meminit),
1490 2480 1541 2535 id
1576 2477 1818 2534 Ecclesia
1870 2493 1971 2534 suo

402 2578 526 2644 jure
568 2586 835 2646 repetere,
886 2576 970 2631 vel
1012 2575 1173 2630 etiam
1213 2575 1497 2646 episcopus
1535 2575 1753 2645 poterit.
1799 2573 1968 2644 Cujus

398 2668 618 2738 quidem
677 2669 901 2737 iudicio,
956 2667 1294 2722 reddendum
1360 2667 1432 2722 sit
1487 2681 1659 2721 necne
1712 2666 1966 2734 pretium,

400 2760 638 2828 permitti
689 2760 886 2830 placet.
940 2757 1083 2814 Fieri
1119 2760 1262 2814 enim
1289 2766 1512 2829 potest,
1564 2766 1623 2812 ut
1670 2771 1798 2826 ager
1826 2757 1968 2811 forte

398 2853 693 2907 admodum
749 2850 949 2908 fertilis
996 2867 1189 2921 magno
1223 2853 1396 2921 pretio
1427 2850 1659 2921 emptori
1702 2852 1772 2905 sit
1815 2848 1969 2903 addi-

402 2954 544 2998 ctus.
595 2942 1038 3014 Carttiaginensis
1072 2957 1197 2997 vero
1233 2943 1426 3013 synodi
1472 2956 1647 2995 canon
1691 2939 1761 2994 26
1796 2939 1969 2993 infru-

398 3039 620 3085 ctuosos
641 3030 1042 3101 possessiones,
1075 3031 1120 3087 si
1148 3031 1451 3086 necessitas
1478 3040 1689 3101 urgeat,
1715 3029 1809 3086 sed
1840 3045 1965 3086 cum

397 3122 579 3190 aliquo
612 3121 664 3175 id
697 3136 912 3193 quoque
941 3120 1280 3185 discriminc,
1316 3122 1540 3177 alienari
1572 3122 1721 3176 sinit.

401 3210 625 3268 ARIST.
676 3231 694 3264 ι
754 3210 812 3268 Si
863 3212 1170 3284 presbyteri
1219 3213 1497 3283 quippiam
1547 3212 1615 3267 ad
1668 3211 1967 3268 Erclesiam

459 3322 493 3355 ι
524 3304 799 3373 pertinens
828 3304 1195 3370 vendiderint,
1225 3305 1436 3359 irritum
1465 3304 1558 3369 sit,
1581 3310 1634 3359 et
1661 3317 1825 3374 penes
1852 3305 1968 3373 epi-

476 3414 493 3445 ι
535 3396 682 3464 scopi
721 3395 988 3463 judicium
1017 3406 1253 3451 maneat.
1297 3412 1316 3446 ι

468 3483 594 3538 Vita
629 3483 817 3539 functo
846 3486 1125 3555 episcOpo,
1161 3484 1419 3541 Ecclesia!
1457 3484 1595 3539 bona
1632 3484 1916 3539 imminuta
1940 3496 1969 3537 a

398 3573 612 3627 clericis
640 3573 905 3627 custodiri
932 3572 1153 3628 debent.
1182 3571 1281 3627 Vel
1306 3573 1352 3628 si
1385 3573 1515 3628 nulli
1548 3574 1659 3629 sint
1694 3573 1910 3643 clerici,
1940 3587 1968 3625 a

401 3666 837 3734 metropolitano,
872 3676 943 3720 ,ιιι
985 3665 1167 3719 omnia
1199 3664 1454 3735 episcopo
1480 3666 1570 3736 qui
1608 3678 1795 3735 postea
1823 3664 1972 3719 ordi-

401 3765 564 3811 natus
586 3757 711 3819 erit,
743 3738 1060 3819 reddantur,
1092 3760 1145 3809 et
1167 3769 1344 3824 neque
1370 3770 1400 3809 a
1430 3755 1848 3824 metropolitano
1876 3769 1970 3808 ne-

401 3864 507 3917 que
536 3861 569 3901 a
601 3846 816 3901 clericis
843 3846 898 3901 in
939 3860 1099 3901 suum
1135 3846 1479 3900 commodum
1516 3859 1706 3900 eorum
1759 3844 1967 3915 aliquid

324 4006 327 4009 _
400 3940 646 3995 converti
692 3947 784 3992 aut
816 3938 1044 4002 auferri,
1075 3951 1177 3992 uec
1218 3935 1513 3992 Ecclesiam
1557 3937 1652 3994 diu
1684 3936 1967 3992 vacantem

404 4047 626 4087 manere
668 4038 904 4101 oportet,
937 4030 1031 4085 sed
1081 4031 1222 4084 intra
1259 4037 1369 4084 tres
1410 4044 1623 4085 menses
1652 4033 1966 4100 episc0pum

400 4121 681 4188 ordinari;
718 4121 820 4175 nisi
858 4120 1084 4175 forsitan
1122 4119 1474 4173 inexorabilis
1510 4120 1694 4189 aliqua
1720 4121 1966 4175 accessi.-

404 4224 487 4269 tas
518 4222 730 4283 tempus
752 4211 982 4267 extendi
1003 4211 1172 4281 392
1205 4193 1413 4265 [ἔθει-η.
1434 4210 1501 4265 Si
1532 4211 1663 4280 quid
1695 4211 1877 4282 itaque
1900 4228 1964 4269 ex

403 4306 658 4361 Ecclesiae
685 4305 845 4359 bonis
874 4313 1117 4372 tempore
1144 4305 1469 4359 intermedio
1492 4304 1676 4358 clerici
1707 4306 1966 4371 vendant,

401 4412 512 4468 quo
567 4397 806 4453 Ecclesia
867 4398 1126 4466 episcopo
1179 4402 1358 4457 vacat,
1413 4394 1686 4449 inlirmum
1737 4397 1861 4461 erit,
1916 4404 1971 4451 et

402 4502 569 4556 penes
613 4485 856 4557 episcopi
903 4492 1230 4555 potestatem
1281 4482 1407 4547 erit,
1459 4492 1555 4537 aut
1601 4482 1967 4538 venditionem

399 4588 662 4644 evertere,
708 4579 996 4648 ipsumque
1040 4577 1241 4631 bonum
1293 4576 1557 4643 recipere,
1590 4587 1683 4631 aut
1724 4590 1788 4630 ea
1832 4590 1968 4630 con-

403 4680 611 4723 tcntum
661 4683 807 4732 esse,
860 4674 916 4722 et
950 4668 1198 4737 {pretium
1253 4666 1400 4720 illius
1449 4667 1733 4737 accipere;
1784 4679 1967 4737 quaere

402 4759 598 4830 synodi
631 4758 1098 4815 Chalcedonensis
1134 4772 1398 4815 canonem
1430 4759 1769 4819 tricesimum
1803 4759 1967 4828 quin-

403 4863 541 4908 tum.

974 5121 1203 5177 CANON
1246 5120 1387 5177 XVI.

408 5234 429 5269 ι
475 5214 547 5272 De
592 5216 679 5280 iis,
713 5214 803 5283 qui
852 5216 1078 5272 rationis
1121 5215 1363 5286 expertia
1409 5214 1664 5270 animalia
1711 5213 1966 5282 inierunt,

482 5326 500 5359 ι
536 5306 620 5363 vel
652 5307 861 5372 ineunt,
893 5307 1228 5377 quicunque,
1254 5307 1405 5377 prius
1436 5321 1598 5377 quam
1628 5307 1816 5377 viginti
1844 5308 1967 5378 qui-

2076 2128 2202 2164 τινα
2230 2109 2340 2165 τῶν
2390 2108 2761 2179 διαφερόντων
2822 2109 3094 2181 ἀκινήτων
3149 2110 3215 2179 τῇ
3260 2107 3566 2179 Ἐκκλησία
3608 2110 3654 2162 οἱ

2075 2202 2171 2255 τοῦ
2200 2203 2423 2274 κλήρου,
2476 2201 2564 2255 διά
2592 2212 2718 2256 ⁴τινα
2747 2204 2879 2264 ῐσως
2936 2201 3369 2270 κατεπείγουσαν
3426 2202 3652 2272 χρείαν*

2072 2292 2161 2347 διὰ
2190 2292 2298 2364 γὰρ
2337 2292 2448 2347 τῶν
2512 2292 2900 2364 πρεσϐυτέρων
2948 2293 3043 2347 τὸν
3093 2293 3293 2364 κλῆρον
3350 2292 3578 2364 ᾐνίξατο
3627 2295 3656 2346 δ

2076 2384 2279 2449 κανὼν,
2316 2386 2585 2457 μνησθεὶς
2618 2386 2801 2440 αὐτῶν
2836 2386 2897 2441 τὸ
2933 2384 3205 2457 ὑπερέχον
3249 2384 3343 2438 τοῦ
3392 2385 3611 2456 βαθμοῦ
3635 2400 3651 2417 ’

2074 2478 2463 2531 ἀνακαλεῖσθαι
2518 2478 2691 2531 ταῦτα
2742 2478 2965 2531 δύναται
3023 2478 3055 2547 ἡ
3105 2477 3430 2549 Ἐκκλησία,
3466 2478 3592 2549 ἦτοι
3626 2478 3653 2532 ό

2076 2567 2397 2632 ἐπίσκοπος.
2452 2562 2527 2621 Οὗ
2563 2572 2627 2639 τῇ
2664 2568 2845 2638 κρίσει
2881 2568 3200 2639 ἀνατίθησιν
3232 2570 3259 2623 ὁ
3292 2568 3472 2622 κανὼν
3499 2569 3654 2623 δοκιο

2077 2661 2249 2729 μάσαι
2277 2662 2323 2713 εί
2354 2663 2460 2730 χρὴ
2488 2660 2926 2730 ἀντιστραφῆναι
2952 2661 3015 2713 τὸ
3041 2662 3278 2733 τίμημα,
3302 2661 3335 2731 ἢ
3366 2663 3463 2733 μή.
3489 2657 3654 2726 Ἴσως

2074 2754 2181 2825 γάρ
2213 2754 2537 2825 εὐπρόσοδον
2560 2753 2621 2807 ὂν
2670 2755 2730 2807 τὸ
2772 2754 3027 2824 ἀκίνητον
3081 2756 3515 2826 περιεποιήσατο
3574 2757 3653 2825 τῷ

2074 2847 2353 2916 ἀγοραστῇ
2388 2845 2609 2898 πλείονα
2640 2845 2737 2916 τὴν
2778 2848 2971 2915 τιμήν.
3014 2843 3075 2899 '0
3106 2847 3161 2900 δὲ
3190 2848 3287 2916 τῆς
3314 2849 3370 2900 ὲν
3418 2848 3650 2918 Καρθαο

2073 2939 2205 3009 γένῃ
2239 2938 2457 2991 συνόδου
2490 2938 2732 3002 εἰκοστὸς
2766 2938 2929 3002 ἕκτος
2979 2940 3157 2992 κανὼν
3201 2939 3479 3010 ἀπρόσοδα
3520 2940 3649 2993 ἀκί-

2074 3030 2208 3099 νητα
2274 3028 2493 3083 δίδωσιν
2555 3030 2918 3093 ὲκποιεῖσθαι,
2967 3032 3219 3105 ἀνᾲγκης
3266 3030 3649 3103 ἐπικειμένης,

2071 3121 2210 3174 ἀλλά
2248 3123 2342 3174 καὶ
2374 3121 2444 3175 τά
2472 3122 2700 3177 τοιαῦτα
2742 3122 2879 3193 μετά
2924 3122 3261 3189 διαστίξεως.

2073 3211 2298 3267 ΑΡΙΣΤ.
2377 3232 2397 3265 ι
2446 3198 2573 3268 Ἐἆν
2624 3198 2677 3267 τὶ
2737 3216 2839 3284 τῆς
2888 3212 3219 3284 Ἐκκλησίας
3278 3214 3649 3287 πρεσϐύτεροι

2150 3321 2170 3353 ι
2204 3302 2576 3370 διαπράσοιεν,
2616 3304 2761 3356 ἔστω
2819 3304 3096 3371 ἀϐέϐαιον,
3170 3306 3264 3361 καὶ
3317 3309 3530 3376 μενέτω
3581 3309 3648 3377 τῇ

1994 3381 2040 3442 C
2150 3412 2169 3446 ι
2208 3396 2388 3465 κρίσει
2414 3393 2506 3448 τοῦ
2541 3395 2867 3450 ἐπισκόπου.

2142 3486 2588 3556 Τελευτήσαντος
2646 3486 2951 3540 ἐπισκόπου
3026 3487 3093 3541 τὰ
3142 3485 3244 3556 τῆς
3316 3486 3647 3557 Ἔκκλησίας

2071 3579 2372 3649 πράγματα
2394 3578 2638 3646 ἀμείωτα
2667 3577 2944 3647 ὀφείλουσι
2966 3579 3331 3647 φυλάττεσθαι
3360 3579 3511 3650 παρά
3539 3581 3647 3634 τῶν

2069 3667 2348 3738 κληρικῶν
2369 3684 2382 3700 ⁸
2415 3669 2448 3739 ἢ
2480 3667 2761 3738 κληρικῶν
2804 3669 2880 3740 μὴ
2913 3669 3183 3735 ὑπόντων,
3212 3669 3365 3742 παρά
3401 3671 3497 3724 τοῦ
3539 3689 3646 3742 μη-

2068 3760 2387 3829 τροπολίτου
2406 3776 2421 3791 ⁸
2456 3758 2598 3813 ὥστε
2630 3763 2811 3814 πάντα
2839 3761 3171 3831 ἀποδοθῆναι
3200 3761 3278 3831 τῷ
3304 3744 3647 3834 ’χειροτονηο

2070 3851 2355 3922 Θησομένῳ
2381 3851 2687 3922 ὲπισκόπῳ,
2726 3852 2821 3905 καὶ
2848 3852 2985 3923 μήτε
3020 3852 3172 3920 παρά
3215 3853 3308 3906 τεῦ
3356 3872 3643 3925 μητροπο-

2069 3940 2297 4010 λίτου,ἢ
2324 3942 2433 3993 τῶν
2473 3939 2754 4011 κληρικῶν
2812 3940 3232 4011 σφετερίζεσθαι
3275 3960 3353 4010 τι,
3401 3944 3436 4014 ἢ
3479 3946 3648 4015 ἀφαι-

2072 4032 2288 4104 ρεῖσθαι
2320 4031 2557 4085 τούτων·
2594 4033 2737 4101 μήτε
2768 4032 2877 4102 μὴν
2922 4031 3020 4102 τὴν
3049 4032 3395 4103 χηρεύουσαν
3443 4037 3647 4103 ἔκκλη-

2072 4121 2194 4174 σίαν
2226 4121 2321 4174 ἐπὶ
2344 4120 2480 4174 πολὺ
2515 4120 2885 4174 ἀνεπίσκοπον
2920 4121 3138 4192 μένειν·
3188 4122 3308 4176 ἀλλ’
3351 4123 3503 4189 ἐντὸς
3541 4144 3650 4197 μη-

2069 4211 2177 4266 νῶν
2199 4211 2365 4282 τριῶν
2390 4250 2405 4275 ,
2434 4210 2531 4273 τὰς
2554 4211 2887 4280 χειροτονίας
2918 4210 3021 4264 τῶν
3036 4212 3349 4267 ἐπισκόπων
3374 4214 3642 4281 γίνεσθαιο

2072 4301 2121 4353 εἰ
2158 4300 2232 4370 μή
2264 4300 2370 4355 πού
2400 4317 2484 4363 τις
2513 4300 2892 4369 ἀπαραίτητος
2916 4302 3133 4371 ἀνάγκη
3165 4303 3257 4355 τδν
3290 4303 3483 4374 καιρὸν
3519 4307 3646 4359 ἐπι-

2068 4390 2299 4461 ταθῆναι
2327 4390 2758 4467 παρασκευάσει.
2788 4391 2854 4444 Εἴ
2876 4408 2925 4443 τι
2950 4388 3041 4444 οὖν
3066 4392 3281 4462 τῶντῆς
3316 4392 3648 4465 Ἐκκλησίας

2071 4481 2419 4553 πραγμάτων
2448 4482 2507 4537 ὲν
2534 4480 2612 4551 τῷ
2655 4480 2858 4550 μεταξὺ
2909 4480 3003 4535 τοῦ
3058 4482 3253 4553 καιροῦ
3302 4485 3349 4537 οἱ
3389 4484 3647 4556 κληρικοὶ

2069 4571 2437 4644 διαπράσωσι,
2474 4572 2601 4627 καθ’
2632 4571 2690 4631 ὃν
2711 4571 3014 4627 ἐπισκόπου
3041 4573 3074 4643 ή
3105 4562 3372 4643 ἐκκλησία
3393 4575 3643 4645 χηρεύει·

2072 4661 2224 4714 ἔσται
2255 4660 2531 4727 ἀϐέϐαιον,
2546 4660 2640 4713 καὶ
2676 4660 2828 4729 παρά
2857 4663 2920 4730 τῇ
2943 4658 3130 4732 ξουσίᾳ
3160 4662 3253 4715 τοῦ
3310 4664 3645 4720 Ἑπισκόπου

2074 4754 2316 4811 κείσεται
2344 4751 2378 4822 ἢ
2411 4752 2510 4821 τὴν
2538 4751 2744 4821 πρᾶσιν
2776 4750 3102 4821 ἀνατρέψαι,
3133 4752 3229 4809 καὶ
3276 4755 3647 4809 ἐπαναλαϐεῖν

2071 4844 2134 4898 τὸ
2161 4842 2476 4915 πρᾶγμα,ἢ
2510 4840 2735 4914 στέρξαι
2786 4840 3013 4911 ταύτην,
3063 4842 3156 4896 καὶ
3205 4845 3504 4899 ἀπολαϐεῖν
3542 4847 3641 4916 τὴν

2072 4937 2262 5011 τιμήν.
2313 4937 2473 5011 Ζήτει
2533 4936 2632 5010 τῆς
2688 4934 2747 4987 ἐν
2806 4932 3113 5004 Χαλκηδόνι
3169 4935 3387 4997 συνόδου
3439 4938 3643 4998 κανόνα

2074 5026 2169 5085 λε’.

2667 5129 2910 5184 ΚΑΝΩΝ
2941 5131 3058 5197 IG".

2082 5234 2100 5268 ι
2142 5217 2278 5288 Περὶ
2335 5217 2444 5273 τῶν
2507 5219 2960 5292 ἀλογευσαμένων
2990 5261 3005 5286 ,
3064 5220 3098 5292 ἢ
3149 5218 3245 5273 καὶ
3305 5217 3643 5289 ἀλογευομιο

2158 5327 2176 5362 ι
2218 5325 2323 5363 νων
2354 5308 2494 5381 (81),
2528 5311 2644 5366 ὅσοι
2675 5314 2803 5383 πρὶν
2831 5313 3163 5378 εἰκοσαετεῐς
3184 5313 3441 5383 γενέσθαι
3455 5312 3641 5385 lusap-

1645 5442 1831 5505 Guill.
1858 5441 2178 5521 Beveregii
2211 5450 2398 5504 notaa.

475 5573 586 5643 (80)
648 5571 907 5644 Ἀγωγὴν
954 5572 1061 5626 τεν
1099 5571 1456 5644 ἠγορακότα.
1533 5569 1590 5624 In
1666 5569 1966 5644 Parisiensi

404 5640 741 5698 Balsamonis
788 5640 1043 5709 editione,
1076 5656 1176 5698 nec
1228 5656 1335 5695 non
1395 5642 1446 5695 in
1506 5656 1641 5695 mss.
1696 5640 1965 5694 Amet-ba-

403 5717 601 5767 cttiano
631 5722 686 5766 ct
714 5713 1045 5781 1Etoniensi,
1072 5720 1195 5783 post
1218 5711 1337 5765 bzec
1367 5712 1532 5783 verba
1566 5712 1791 5783 additur
1821 5711 1964 5763 κατὰ

403 5787 498 5857 τῇς
533 5784 823 5855 ἐκκλησίας
854 5781 1099 5840 adversus
1137 5784 1425 5839 ecclesiam.
1454 5781 1611 5847 Quod
1641 5781 1804 5836 etiam
1833 5794 1958 5837 sen-

2076 5570 2159 5625 sui
2191 5570 2569 5625 necessarium
2601 5571 2842 5627 videtur.
3534 5626 3549 5631 _

2145 5640 2424 5715 (δίληερὶ
2450 5639 2568 5715 τῶν
2589 5642 3095 5715 ἀλογε-υσαμένων
3124 5642 3254 5712 ἤτοι
3283 5644 3643 5715 ἀλογευομέν

2072 5708 2227 5784 τίων..
2252 5708 2558 5784 Dionysius,
2586 5708 2829 5784 Exiguus
2861 5708 2977 5768 iniec
3022 5708 3187 5767 verba
3227 5708 3637 5784 interpretatur,

2072 5781 2147 5834 De
2176 5781 2255 5833 his
2286 5780 2374 5848 qui
2406 5782 2846 5836 irrationabiliter
2874 5784 3069 5837 versati
3092 5793 3214 5838 sunt
3236 5826 3251 5848 ,
3284 5780 3389 5839 sive
3433 5800 3642 5840 ceruu-
