3990 6482
366 405 503 471 11Ί3

1470 409 1547 468 ΙΝ
1590 410 1755 471 CAN.
1797 406 1964 468 XVII
2000 404 2210 466 CONC.
2251 405 2519 467 ANCYR.

3479 402 3615 470 ιιτι

366 522 757 576 πεντεκαίδεκα
792 521 885 590 ἔτη
910 521 1162 592 βούλεται
1194 523 1544 587 ὑποπιπτειν,
1582 512 1698 576 εἶτα
1742 524 1799 576 ὲν
1834 522 1932 576 ἄ).-

2059 517 2352 588 |uindecitn
2388 534 2564 575 annos
2592 518 2898 582 substerni,
2926 528 3040 574 tum
3072 517 3196 574 aliis
3224 517 3617 588 quitthE‘tttm

366 626 475 675 Αοις
498 614 662 667 πέντε
687 614 829 667 ἔτεσι
858 617 1135 668 κοινωνεῖν
1163 618 1275 678 τοῖς
1306 618 1518 678 πιστοῖς
1562 615 1671 668 τῶν
1736 614 1937 685 εὐχῶν,

366 709 485 759 ἀντὶ
519 705 613 757 τοῦ
653 706 1007 758 συνίστασθαι
1041 707 1223 769 αὐτοῖς
1277 708 1370 759 καὶ
1406 706 1783 777 συνεύχεσθαι,
1846 706 1941 759 καὶ⁴

372 799 506 865 μετὰ
529 797 597 850 τὰ
632 799 795 849 πέντε
829 797 925 865 ἔτη
988 797 1088 865 τῆς
1145 799 1458 861 συστάσεως
1501 798 1941 867 μεταὶαμὸάνειν

368 891 460 939 καὶ
500 887 606 937 τῶν
634 886 795 937 θείων
836 881 1079 957 δωρεῶν.
1110 887 1337 958 Χρὴβὲ,
1375 886 1530 958 φησὶ,
1566 889 1658 941 καὶ
1687 886 1786 957 τὴν
1826 887 1941 940 διοι-

366 978 549 1047 γωγὴν
576 978 753 1030 αὐτῶν
778 979 1148 1045 ἐξετάζεσθαι,
1181 979 1279 1050 τὴν
1311 982 1369 1032 ὲν
1416 981 1525 1043 τοῖς
1579 980 1793 1051 χρόνοις
1831 978 1939 1033 τῶν

367 1070 678 1140 ἐπιτιμίων,
705 1070 780 1133 ὡς
806 1072 858 1123 ετ
901 1089 965 1139 γε
997 1072 1306 1142 ἀδιαφόρως
1338 1073 1431 1126 καὶ
1457 1075 1514 1125 ὲν
1545 1074 1659 1136 τοῖς
1716 1075 1932 1144 καιροῖς

366 1165 575 1224 τούτοις
606 1162 764 1228 ζῶσι,
804 1164 895 1215 καὶ
919 1165 1018 1217 οὐκ
1044 1164 1409 1217 ἐνδείκνυνται
1437 1164 1749 1233 θερμότητα
1793 1164 1849 1217 ὲν
1872 1166 1937 1235 τῇ

369 1256 645 1325 μετανοίᾳ,
677 1258 776 1307 οὐκ
801 1254 867 1306 ἂν
897 1253 1100 1324 τύχωσι
1136 1254 1571 1326 φιλανθρωπίας.
1602 1257 1663 1310 El
1684 1256 1741 1309 δέ
1772 1273 1937 1323 τινες,

365 1347 549 1412 φησιν,
593 1346 683 1397 ἐπὶ
726 1345 934 1415 μακρδν
964 1347 1155 1415 χρόνον
1185 1346 1454 1415 ἥμαρτον,
1512 1346 1608 1399 xal.
1655 1347 1735 1410 είς
1778 1347 1939 1416 κόρον

364 1437 889 1507 ἑνεψορήθησαντοῦ
925 1437 1122 1501 κακοῦ,
1180 1438 1231 1490 οἱ
1280 1438 1513 1491 τοιοῦτοι
1563 1438 1664 1508 τὴν
1723 1436 1941 1506 μακρὰν

363 1532 1002 1599 ἐχέτιιλσανὺπόπτωσιν,
1047 1532 1167 1601 ἦτοι
1220 1532 1311 1584 τὸν
1365 1532 1653 1599 είκοσαετῆ
1724 1531 1939 1601 χρόνον.

370 1623 477 1676 Καὶ
513 1623 659 1694 παρὰ
692 1626 800 1686 τοῖς
837 1622 1127 1685 πολιτικοῖς
1167 1625 1275 1695 γὰρ
1306 1625 1489 1694 νόμοις
1518 1623 1725 1693 μακρὸς
1754 1625 1942 1694 χρόνος

363 1717 390 1767 ὁ
448 1716 763 1786 εἰκοσαετὴς
816 1716 1053 1781 λέγεται.
1109 1716 1217 1769 Καὶ
1262 1714 1439 1769 ταῦτα
1486 1717 1592 1786 μὴν
1644 1718 1771 1784 περὶ
1804 1715 1943 1768 νέων

366 1810 535 1876 ςησὶν
612 1809 638 1861 ὁ
700 1808 925 1869 κανὼν,
986 1808 1081 1860 καὶ
1134 1808 1271 1877 μηδὲ
1339 1810 1604 1872 γυναῖκας
1671 1806 1939 1877 ἑχόντων·

2046 612 2296 668 ﬁdelibus
2323 614 2379 668 in
2412 616 2729 683 precatione
2753 614 3189 679 communicare,
3225 613 3328 668 hoc
3357 622 3461 676 est,
3491 629 3616 668 cum

2042 705 2123 760 eis
2153 704 2313 759 simul
2348 707 2656 763 consistere
2684 710 3044 778 precibusque
3076 705 3370 763 tondendis
3394 721 3617 770 vacare,

2044 810 2108 850 ac
2156 811 2220 849 eo
2257 797 2629 866 quinquennio
2660 806 2854 854 exacto
2888 798 3095 854 divinis
3124 813 3345 867 quoque
3379 797 3618 853 muneri-

2046 889 2144 942 bus
2186 889 2344 958 potiri
2382 889 2560 959 jubet.
2612 888 2786 943 Vitam
2837 905 3078 959 quoque,
3112 892 3309 960 inquit,
3349 889 3614 959 ipsorum,

2043 980 2250 1036 interea
2298 982 2426 1036 dum
2482 982 2804 1039 criminibus
2859 983 3145 1053 expiandis
3192 982 3414 1039 obnoxii
3466 990 3617 1048 sunt,

2044 1073 2337 1129 observare
2367 1084 2580 1144 oportet
2611 1094 2623 1129 :
2658 1076 2730 1129 ita
2762 1088 2817 1129 ut
2840 1076 2884 1129 si
2917 1074 3011 1129 illo
3032 1089 3251 1145 quoque
3284 1074 3622 1144 poenitentiae

2047 1174 2287 1235 tempore
2320 1166 2585 1221 dissolute
2632 1167 2795 1221 vitam
2834 1178 3027 1236 agant,
3066 1184 3162 1223 nec
3202 1167 3369 1221 ullum
3414 1167 3467 1221 in
3499 1165 3619 1222 elu-

2044 1261 2200 1313 endis
2225 1259 2550 1313 criminibus
2571 1259 2737 1313 animi
2764 1260 3014 1313 ardorem
3043 1259 3440 1320 demonstrent,
3470 1258 3617 1311 nulla

2044 1351 2115 1406 sit
2147 1351 2225 1407 eis
2296 1351 2535 1407 vicissim
2588 1350 2899 1421 benignitas
2948 1351 3327 1420 impertienda.
3378 1350 3533 1427 Quod
3570 1351 3617 1405 si

2045 1445 2160 1514 qui,
2198 1445 2396 1513 inquit,
2447 1446 2608 1516 longo
2651 1452 2897 1514 tempore
2947 1443 3000 1497 in
3055 1443 3354 1498 sceleribus
3391 1443 3618 1497 volutati

2045 1547 2192 1601 sunt,
2216 1552 2382 1606 seque
2418 1532 2766 1606 improbitate
2793 1534 2995 1589 aﬂ'atim
3040 1534 3391 1603 expleverunt
3417 1550 3434 1598 ;
3461 1533 3621 1605 longo

2046 1646 2263 1700 quoque
2297 1640 2558 1699 tempore,
2594 1628 2783 1698 viginti
2825 1629 3037 1683 scilicet
3066 1626 3246 1690 annis,
3282 1628 3333 1680 in
3372 1628 3621 1681 substra-

2046 1724 2193 1776 tione
2218 1722 2437 1793 degant.
2476 1721 2610 1775 Nam
2643 1722 2891 1776 civilium
2920 1734 3140 1790 quoque
3177 1719 3358 1789 legum
3385 1719 3624 1774 aestima-

2050 1813 2217 1877 tione,
2250 1815 2438 1883 viginti
2471 1830 2742 1870 annorum
2774 1814 2951 1883 spatio
2985 1822 3200 1882 tempus
3236 1812 3455 1882 longum
3486 1814 3621 1868 deti.

364 1899 479 1949 ὅσοι
505 1897 581 1959 δὲ,
617 1897 715 1971 τὴν
746 1900 845 1967 τῆς
879 1897 1130 1968 νεότητος
1186 1898 1400 1969 ἠλικίαν
1453 1898 1813 1968 ὑπερϐάντες,
1849 1899 1943 1952 καὶ

2059 1908 2151 1961 uiri
2188 1917 2462 1962 censetur.
2515 1910 2691 1976 Atque
2728 1907 2838 1962 haec
2886 1906 3102 1977 quidem
3151 1904 3218 1957 (le
3257 1906 3571 1976 junioribus
3602 1949 3617 1972 ,

363 1990 437 2042 εί.
473 1988 673 2057 ἄνδρας
696 1990 1086 2055 καταστάντες,
1121 1991 1216 2044 καὶ
1260 1992 1477 2059 γυναιξὶ
1509 1991 1804 2056 συζῶντες,
1839 2007 1941 2045 πε·-

366 2083 618 2151 ριέπεσον
639 2083 716 2152 τῷ
749 2085 1106 2157 ἁμαρτήματι
1137 2086 1332 2157 τούτῳ,
1362 2089 1489 2150 τοὺς
1509 2089 1780 2152 τοιούτους
1809 2088 1941 2143 ὑπο-

364 2174 718 2243 πίπτειννμὲν
749 2175 946 2244 λέγειό
981 2181 1163 2232 κανὼν
1223 2178 1420 2242 εἰκοσι,
1462 2180 1557 2233 καὶ
1610 2179 1771 2233 πέντε
1820 2179 1937 2251 ἔτη,

365 2269 458 2318 καὶ
488 2267 660 2331 οὕτως
686 2266 850 2338 ἔτερα
890 2270 1052 2323 πέντε
1091 2273 1368 2325 κοινωνεῖν
1420 2275 1531 2337 τοῖς
1566 2276 1780 2337 πιστοῖς
1827 2273 1939 2326 τῶν

365 2361 563 2429 εὐχῶν,
601 2365 692 2415 καὶ
722 2366 857 2433 μετὰ
899 2368 965 2419 τὰ
1017 2368 1313 2437 τριάκοντα
1348 2368 1445 2435 ἔτη
1500 2368 1791 2438 τυγχάνειν
1838 2369 1936 2437 τῆς

364 2452 525 2518 ξιγίας
566 2456 956 2525 μεταλήψεως’
992 2458 1118 2522 τοὺς
1143 2459 1198 2511 δὲ
1240 2460 1333 2513 καὶ
1364 2463 1635 2527 γυναῖκας
1688 2460 1936 2530 ἔχοντας,

366 2546 459 2596 καὶ
493 2547 571 2607 είς
618 2548 798 2618 γῆρας
855 2551 953 2621 ἤδη
998 2551 1312 2613 κλίναντας,
1364 2553 1460 2605 καὶ
1511 2551 1591 2604 ἔτι
1646 2551 1722 2621 τῷ
1782 2550 1938 2622 κακῷ

363 2639 540 2709 τούτῳ
575 2643 985 2710 συνεχομένους,
1048 2644 1304 2697 οὐδέποτε
1349 2646 1597 2715 βούλεται
1651 2643 1941 2709 ἀξιοῦσθαι

363 2729 463 2795 τῆς
492 2728 640 2793 θείας
675 2732 1050 2801 μεταλήψεως,
1080 2735 1128 2786 εί
1170 2734 1242 2805 μὴ
1272 2735 1327 2787 ἐν
1349 2738 1413 2805 τῇ
1441 2735 1605 2804 ἐξόδῳ
1632 2733 1724 2787 τοῦ
1761 2734 1899 2804 βίου.

2049 2015 2149 2054 nec
2195 2000 2542 2055 matrimonio
2597 2003 2843 2067 sociatis,
2882 2020 3058 2060 canon
3107 2006 3319 2061 statuit.
3376 2004 3620 2070 Quicun-

2049 2108 2155 2162 que
2179 2107 2306 2147 vero
2336 2093 2509 2148 aetatis
2539 2093 2725 2165 hujus,
2757 2097 3141 2153 adolescentiae
3171 2097 3451 2161 nimirum,
3479 2095 3623 2151 limi-

2050 2192 2130 2240 tes
2163 2188 2513 2256 transgressi,
2552 2197 2712 2258 atque
2754 2190 2807 2245 in
2860 2190 3006 2244 viros
3036 2190 3212 2254 relati,
3248 2189 3623 2257 uxoribusque

2047 2280 2323 2349 conjuncti
2353 2296 2417 2335 eo
2446 2297 2505 2335 se
2536 2280 2740 2351 ﬂagitio
2770 2283 3244 2346 contamiuavere,
3290 2281 3412 2337 illos
3443 2295 3619 2337 canon

2046 2372 2290 2442 quinque
2341 2381 2393 2428 et
2438 2375 2625 2443 viginti
2676 2391 2849 2430 annos
2905 2376 2958 2430 in
3012 2375 3388 2431 substratione
3434 2388 3617 2445 agere,
3680 2430 3683 2435 ,

2047 2472 2159 2519 tum
2193 2463 2388 2520 deinde
2416 2468 2794 2537 quinquennio
2826 2468 3063 2524 ﬁdelium
3095 2470 3348 2539 precibus
3375 2483 3622 2522 commu-

2050 2555 2258 2621 niearc,
2289 2566 2453 2627 atque
2498 2559 2707 2614 exactis
2749 2559 2968 2615 demum
3014 2561 3239 2631 triginta
3281 2561 3433 2616 hisce
3466 2559 3625 2615 annis

2050 2661 2207 2701 sacra
2228 2653 2614 2708 communione
2646 2654 2805 2724 pouri
2837 2654 2991 2726 jubet
3019 2673 3031 2709 :
3057 2655 3153 2724 qui
3188 2670 3317 2710 vero
3359 2654 3623 2709 uxoribus

2050 2739 2314 2808 copulati,
2360 2752 2630 2813 actathue
2663 2744 2775 2814 jam
2827 2745 3039 2821 alfectq,
3082 2744 3392 2814 hujusmodi
3439 2758 3500 2798 se
3540 2742 3627 2797 ni-

364 2826 662 2882 hilominus
695 2830 922 2885 crimine
962 2833 1312 2902 implicuere,
1349 2849 1456 2886 non
1497 2833 1656 2898 alias,
1691 2847 1855 2902 quam
1888 2830 1943 2887 in
1978 2838 2224 2890 extremo
2252 2838 2471 2906 spiritu,
2512 2856 2684 2896 sacra:
2711 2842 3117 2898 communionis
3152 2841 3447 2911 participes
3512 2838 3627 2893 ﬁeri

365 2921 535 2978 licere
570 2925 834 2979 decernit.

364 3015 583 3070 ΔΡΙΣΤ.
626 3035 645 3065 ι
696 3020 754 3071 Ὀ
798 3019 1231 3092 ἀλογευσάμενος
1266 3022 1371 3093 πρὸ
1414 3021 1522 3077 τῶν
1578 3023 1750 3075 εἴκοσι
1807 3020 1941 3092 χρό-

443 3129 459 3161 ι
500 3128 626 3175 νων,
662 3115 1055 3167 πεντεκαίδεκα
1109 3114 1285 3168 ἔτεσιν
1338 3113 1730 3169 ὑποπιπτέτω·
1784 3115 1833 3166 εἰ
1883 3113 1938 3167 δὲ

446 3223 463 3255 ι
504 3207 596 3258 καὶ
628 3208 723 3275 τὴν
751 3207 967 3279 ἡλικίαν
1003 3208 1206 3278 ταύτην
1240 3209 1503 3278 ὑπερϐὰς,
1563 3208 1657 3262 καὶ
1707 3210 1939 3275 γυναῖκα

440 3315 458 3346 ι
499 3296 656 3366 ἔχων,
688 3301 1099 3369 περιπέπτωκε,
1131 3301 1294 3354 πέντε
1361 3301 1451 3353 καὶ
1500 3299 1706 3354 εἴκοσιν
1763 3299 1939 3351 ἔτεσιν
1970 3335 2017 3398 c

448 3408 464 3439 ι
507 3390 886 3445 ὑποπιπτέτω.
929 3393 985 3447 '0
1024 3393 1078 3447 δὲ
1122 3394 1213 3446 καὶ
1241 3397 1476 3461 γυναῖκα
1496 3394 1657 3463 ἔχων,
1683 3394 1776 3446 καὶ
1804 3392 1945 3462 ὑπὲρ

452 3501 469 3532 ι
504 3482 571 3535 τὰ
611 3486 949 3554 πεντήκοντα
976 3485 1145 3540 τελῶν
1166 3486 1282 3557 ἔτη,
1319 3488 1447 3558 ἄχρι
1472 3488 1570 3558 τῆς
1598 3486 1779 3552 ἐξόδου
1812 3486 1943 3539 ὑποο

449 3597 465 3625 ι
506 3577 769 3629 πιπτέτω.
815 3597 832 3628 ›

453 3666 525 3720 Τὸ
560 3668 657 3737 μὲν
686 3668 1048 3740 ὀγδοηκοστὸν
1080 3672 1297 3739 πρῶτον
1322 3670 1621 3740 κεφάλαιον
1653 3670 1748 3725 τοῦ
1781 3688 1942 3739 τρια-

424 3761 567 3815 ιστοῦ
596 3760 824 3830 ἑϐδόμου
872 3765 1054 3817 τίτλου
1098 3762 1191 3817 τοῦ
1227 3763 1523 3833 ἑξηκοστοῦ
1580 3764 1788 3835 statim;
1837 3763 1946 3816 τῶν

372 3854 679 3908 Γασιλικῶν
724 3855 1198 3924 ἅλογευσαμένους
1236 3856 1382 3924 λέγει
1413 3857 1539 3919 τοὺς
1568 3856 1908 3926 κτηνοδάτας
1928 3871 1947 3886 '

372 3946 464 4011 οὓς
488 3949 581 4001 καῖ¹
619 3948 947 4019 προστάττει
974 3948 1435 4002 καυλοκοπεῖσθαι
1460 3964 1473 3981 ο
1504 3949 1600 4002 καὶ
1630 3950 1758 4011 τοὺς
1811 3949 1948 4017 μετὰ

372 4040 621 4110 ᾶῤῥένων
654 4039 752 4110 τὴν
791 4040 1182 4110 ἀσχημοσύνην
1210 4039 1613 4110 ἐργαζομένους
1642 4058 1655 4073 ·
1708 4039 1801 4102 οὓς
1853 4040 1948 4092 καὶ

372 4130 670 4200 διορίζεται
699 4133 727 4184 ό
759 4130 959 4197 κανὼν,
993 4133 1041 4185 εί
1070 4132 1167 4200 μὲν
1196 4132 1426 4201 ἥττονες
1464 4130 1574 4184 τῶν
1618 4132 1789 4184 εἴκοσι
1825 4129 1951 4201 χρό-

372 4224 674 4289 νωνείσὶν,
740 4224 833 4276 ἐπὶ
896 4224 1295 4279 πεντεκαίδεκα
1351 4225 1529 4277 ἐτεσιν
1596 4224 1945 4289 ὑποπίπτειν,

374 4317 467 4367 καὶ
496 4316 580 4381 ἐφ’
612 4315 774 4383 ἕτερα
807 4315 967 4368 πέντε
1002 4316 1355 4368 συνίστασθαι
1411 4317 1546 4386 μετὰ
1577 4316 1685 4367 τῶν
1720 4314 1948 4381 πιστῶν,

376 4411 469 4463 καὶ
503 4409 679 4478 μόνων
710 4408 817 4461 τῶν
859 4408 1037 4477 εὐχῶν
1088 4409 1397 4461 κοινωνεῖνο
1446 4402 1569 4461 εἶτα
1625 4406 1733 4459 τῶν
1791 4406 1950 4459 Θείων

378 4503 737 4570 ἁγιασμάτων
763 4500 1121 4569 ἐφάπτεσθαι.
1145 4499 1286 4562 Τοὺς
1309 4499 1363 4552 δὲ
1386 4501 1510 4562 τοὺς
1544 4500 1751 4552 εἴκοσιν
1782 4499 1953 4570 ὑπερ-

378 4594 580 4656 ϐάντας
641 4592 886 4662 χρόνους,
945 4591 1044 4645 καὶ
1106 4595 1373 4659 γυναῖκας
1427 4591 1653 4661 ἔχοντας
1712 4590 1808 4643 καὶ
1874 4589 1950 4659 τῷ

2048 3022 2279 3078 ARIST.
2333 3042 2351 3075 ι
2391 3021 2495 3089 Qui
2547 3023 2776 3078 rationis
2817 3024 3061 3091 expertia
3106 3021 3364 3077 animalia
3401 3018 3624 3081 iniven't

2126 3134 2144 3167 ι
2181 3126 2306 3170 ante
2333 3131 2506 3171 annos
2538 3116 2751 3187 viginti,
2784 3115 3093 3185 quindecim
3127 3114 3284 3169 annis
3308 3112 3625 3169 substerna-

2124 3226 2141 3260 ι
2181 3218 2289 3263 tur.
2321 3206 2375 3263 Si
2400 3210 2557 3263 istam
2588 3224 2714 3263 vero
2742 3217 2954 3263 aetatem
2977 3206 3296 3267 excesserit,
3326 3213 3379 3259 et
3400 3219 3621 3259 uxorem

2123 3320 2142 3353 r
2182 3300 2454 3365 habuerit,
2485 3302 2539 3357 in
2569 3302 2711 3356 istud
2754 3317 2883 3357 vero
2914 3300 3129 3356 facinus
3162 3298 3439 3358 inciderit.
3464 3298 3626 3366 quin«-

2125 3411 2143 3445 ι
2182 3409 2287 3461 que
2318 3404 2370 3447 et
2405 3393 2590 3463 viginti
2631 3393 2791 3448 annis
2826 3393 3230 3448 substernatur.
3266 3388 3368 3456 Qui
3392 3403 3539 3441 .vero
3571 3395 3625 3441 et

2127 3504 2144 3537 ι
2185 3500 2408 3539 uxorem
2434 3485 2704 3548 habuerit,
2724 3494 2777 3540 et
2811 3484 3205 3555 quinquaginta
3237 3497 3411 3538 annos
3439 3491 3620 3534 trans-

2126 3595 2143 3628 ι
2182 3577 2374 3646 egerit,
2422 3593 2594 3648 usque
2626 3578 2691 3632 ad
2736 3579 2860 3633 vitae
2901 3576 3108 3634 exitum
3149 3575 3558 3631 substernatur.
3597 3592 3615 3624 ι

2119 3669 2531 3740 Oetogesimum
2582 3671 2803 3743 quidem
2857 3670 3094 3740 primum
3143 3677 3306 3738 caput
3353 3666 3623 3723 tricesimi

2050 3763 2266 3832 septimi
2291 3763 2435 3818 tituli
2466 3762 2797 3832 sexagesimi-
2820 3762 2940 3817 libri
2966 3761 3328 3817 Basilicorum
3355 3774 3385 3815 a
3414 3758 3626 3814 ratione

2050 3856 2369 3910 aberrantes
2406 3864 2563 3909 vocat
2588 3868 2706 3917 eos,
2750 3853 2841 3923 qui
2870 3852 3113 3923 jumenta
3162 3852 3372 3914 ineant,
3412 3863 3620 3917 eosque

2050 3949 2207 4003 virile
2246 3948 2517 4003 dissectos
2557 3961 2679 4001 esse
2715 3944 2962 4008 mandat,
3008 3950 3193 4018 et.eos
3220 3944 3312 4013 qui
3349 3958 3470 3996 cum
3508 3955 3627 4005 ma-

2053 4043 2225 4099 sculis
2273 4040 2669 4111 turpitudinem
2720 4036 3107 4092 committunt:
3150 4048 3288 4103 quos
3329 4041 3382 4087 et
3432 4029 3624 4086 statuit

2050 4149 2255 4198 canon,
2290 4132 2336 4188 si
2370 4131 2562 4201 viginti
2594 4129 2754 4185 annis
2788 4127 3025 4182 minores
3056 4135 3265 4189 essent,
3303 4123 3621 4193 quindecim

2052 4240 2225 4280 annos
2252 4223 2557 4283 substerni,
2596 4229 2652 4275 et
2698 4220 2837 4275 alios
2884 4218 3128 4286 quinque
3169 4214 3471 4270 consistere
3499 4228 3623 4267 cum

2056 4317 2323 4378 tidelibus,
2346 4322 2399 4369 et
2427 4327 2652 4384 precum
2686 4311 2926 4366 solarum
2952 4308 3247 4381 participes
3269 4321 3412 4370 esse,
3437 4312 3626 4375 postea

2052 4408 2239 4465 divina
2279 4412 2622 4463 sacramenta
2659 4403 2946 4474 attingere.
2982 4402 3088 4456 Eos
3117 4398 3281 4471 394
3310 4406 3490 4452 autem
3527 4394 3623 4465 qui

2055 4500 2245 4573 viginti
2277 4514 2449 4555 annos
2485 4496 2889 4559 transilierunt,
2918 4500 2973 4549 et
3003 4507 3206 4547 uxores
3239 4490 3463 4550 habent,
3489 4496 3542 4541 et
3570 4487 3623 4541 in

2056 4593 2368 4665 hujusmodi
2395 4593 2701 4662 passionem
2727 4589 2997 4650 incidunt,
3023 4602 3146 4641 cum
3172 4583 3359 4653 viginti
3385 4582 3626 4653 quinque

328 4748 335 4753 θ
373 4687 605 4757 τοιούτῳ
632 4685 1029 4756 περιπεσόντας
1060 4685 1242 4744 πάθει,
1269 4686 1442 4738 εἴκοσι
1490 4686 1584 4737 καὶ
1626 4683 1788 4736 πέντε
1850 4683 1944 4752 ἐτη

2059 4705 2225 4746 annos
2254 4690 2306 4744 in
2329 4671 2700 4743 substratione
2731 4682 3113 4751 transegerint,
3142 4687 3197 4736 et
3227 4678 3365 4733 alios
3387 4677 3629 4747 quinque

376 4785 705 4845 τελέσαντας
736 4786 793 4835 ἐν
819 4784 884 4852 τῇ
916 4780 1253 4842 ὑποπτὼσει,
1288 4777 1381 4829 καὶ
1410 4777 1573 4846 ἕτερα
1602 4776 1765 4828 πέντε
1795 4777 1853 4828 ὲν
1883 4777 1949 4846 τῇ

381 4873 637 4941 κοινωνία
659 4872 769 4924 τῶν
824 4870 1023 4941 εὐχῶν,
1073 4868 1214 4938 μετὰ
1271 4868 1446 4922 ταῦτα
1507 4868 1800 4935 τυγχάνειν
1851 4865 1954 4934 τῆς

382 4964 618 5033 μετοχῆς
649 4964 758 5016 τῶν
788 4962 949 5015 θείων
979 4961 1341 5030 ἁγιασμάτων
1366 4976 1378 4989 ·
1411 4960 1540 5023 τοὺς
1589 4959 1646 5011 δὲ
1683 4959 1773 5011 τὸν
1826 4975 1956 5011 πεν-

378 5057 716 5127 τηκονταετῆ
759 5054 951 5126 χρόνον
986 5052 1453 5122 ὑπερελάσαντας,
1503 5053 1771 5118 γυναῖκας
1806 5050 1957 5120 έχον-

379 5167 500 5212 τας,
546 5150 873 5202 ὑποπίπτειν
898 5147 988 5200 διὰ
1017 5146 1132 5216 βίου
1168 5145 1389 5209 παντὸς,
1424 5146 1519 5199 καί
1555 5146 1613 5198 ὲν
1660 5148 1727 5216 τῇ
1785 5145 1954 5216 ἐξόδῳ

381 5241 477 5294 τοῦ
514 5239 719 5309 ἀγαθοῦ
750 5238 960 5308 ὲφοδίου
1007 5240 1417 5307 ἐπιτυγχάνειν.

986 5331 1222 5384 ΚΑΝΩΝ
1252 5329 1352 5384 IZ'.

394 5444 411 5477 ι
451 5424 593 5485 Τοὺς
642 5423 1119 5493 ἀλογευσαμένους
1177 5425 1272 5479 καὶ
1340 5424 1576 5491 λεπροὺς
1619 5423 1780 5485 ὄντας
1818 5424 1953 5496 (84),

2056 4790 2110 4842 ἱη
2157 4801 2380 4857 precum
2414 4781 2825 4842 communione,
2865 4787 3053 4847 postea
3091 4776 3400 4829 divinorum
3433 4788 3623 4828 sacra-

2055 4889 2365 4936 mentorum
2399 4874 2695 4946 participes
2721 4888 2863 4927 esse.
2889 4871 2996 4926 Eos
3018 4878 3197 4923 autem
3223 4868 3316 4938 qui
3348 4866 3625 4936 quinqua-

2057 4970 2320 5039 gesimum
2366 4981 2570 5022 annum
2610 4970 3033 5032 transegerunt,
3092 4972 3293 5033 uxores
3341 4955 3628 5016 habentes,

2059 5070 2228 5116 totam
2261 5059 2427 5114 vitam
2461 5055 2760 5119 substerni,
2797 5063 2853 5109 et
2895 5050 2951 5106 in
2983 5050 3237 5106 discessu
3272 5048 3401 5104 boni
3440 5044 3625 5100 viatici

2061 5161 2341 5226 compotes
2367 5150 2506 5208 ﬁeri.

2630 5325 2856 5382 CAMN
2898 5325 3056 5380 XVII.

2075 5446 2092 5481 ι
2128 5426 2258 5491 Eos,
2304 5424 2397 5494 qui
2444 5411 2673 5476 rationis
2717 5419 2961 5493 expertia
3014 5417 3309 5472 animantia
3360 5414 3620 5468 inierunt.

1574 5563 1777 5626 Guill.
1812 5560 2148 5640 Beveregii
2194 5567 2387 5622 notua.

458 5662 570 5731 (84)
611 5661 756 5729 Τοὺς
796 5661 1347 5732 ἀλογευσαμένους,
1393 5664 1491 5718 καὶ
1540 5662 1804 5731 λεπροὺς
1849 5665 1951 5717 ὃν·

388 5749 517 5795 τας.
549 5732 885 5788 Scboliastes
924 5734 1317 5801 llarmermpnli
1370 5744 1424 5788 tu
1474 5740 1621 5789 hunc
1682 5750 1949 5789 cauonern

391 5804 506 5874 haec
535 5806 716 5874 habet,
749 5805 963 5869 Λεπρδς
984 5803 1058 5855 ὢν
1085 5804 1257 5873 ἤγουν
1299 5804 1611 5874 ἀκάθαρτος
1654 5808 1747 5858 καὶ
1780 5821 1951 5871 μεμοο

391 5870 658 5938 λυσμένος
693 5890 704 5903 ·
739 5874 1036 5944 ἀκάθαρτοι
1077 5870 1184 5944 γὰρ
1218 5875 1267 5926 οἱ
1302 5870 1496 5947 λεπροϊ
1545 5874 1694 5943 π-τρά
1725 5870 1800 5943 τῷ
1825 5876 1954 5929 Μω-

2060 5658 2233 5725 σαῖκῷ
2272 5659 2424 5725 νόμῳ
2452 5674 2465 5688 ο
2501 5656 2562 5710 τὸ
2598 5658 2654 5709 δὲ
2687 5654 2974 5725 λεπρώσας
3006 5652 3131 5725 άντὶ
3159 5650 3277 5725 ξτοῆ
3310 5649 3526 5725 μιάνα-ς,
3558 5651 3625 5703 τὶ

2059 5731 2174 5794 ζῶα
2206 5720 2447 5796 δηλονότι
2485 5742 2500 5757 ⁶
2534 5720 2966 5796 χειμαζομένους
2998 5724 3054 5776 δὲ
3092 5722 3217 5796 τοὺς
3255 5720 3628 5796 δαιμονῶντας

2062 5743 2174 5794 ςωα
2208 5743 2447 5796 σηιονοτι
2485 5743 2500 5757 ⁸
2534 5743 2765 5796 χειμαςο
2812 5743 2966 5787 ενους
2998 5743 3054 5776 οε
3092 5743 3216 5781 τους
3255 5743 3628 5785 οαιςιονωντας

2062 5800 2232 5867 λέγει,
2263 5798 2338 5860 ῶς
2360 5796 2508 5859 τινές
2534 5813 2724 5871 φασιν.
2765 5743 3052 5871 tantum,
3095 5792 3189 5871 [ioc
3218 5800 3293 5843 est
3326 5792 3628 5871 immundus

2097 5862 2420 5939 (pollutus;
2450 5862 2638 5937 quippe
2678 5866 3043 5936 leproaieraut
3103 5862 3361 5914 imumudi
3416 5862 3466 5914 iu
3515 5862 3625 5917 leue
