3990 6482
356 398 493 469 1177

1405 413 1483 473 IN
1523 411 1687 475 CAN.
1725 412 1919 472 XVIII
1966 415 2173 479 CONC.
2216 410 2464 480 ANCYR

3462 406 3600 476 1178

351 512 577 567 ΔΡΙΣΤ.
630 532 648 566 ι
707 514 765 569 ’0
786 514 986 586 λεπρὸς
1010 517 1466 589 ἀλογέυτάμενος,
1519 522 1667 594 ﬁxa!
1701 521 1912 593 λεπρῶ-

2023 524 2246 582 ARlST.
2291 548 2308 579 ι
2357 527 2631 598 Leprosus
2678 526 2769 595 qui
2831 523 3036 580 bestias
3096 521 3239 587 iniit,
3294 520 3378 577 vel
3428 522 3593 578 etiam

424 624 443 657 ι
490 622 608 671 σας,
644 609 755 670 τοῖς
779 610 1201 681 χειμαζομένοις
1233 613 1571 683 συνεύχοιτο.
1617 634 1635 666 ι

430 783 648 854 Ἐπειδὴ
680 785 993 855 ἀκάθαρτος
1026 784 1142 859 ἦνό
1182 790 1382 861 λεπρὸς
1419 793 1477 844 ὲν
1518 791 1594 861 τῷ
1645 794 1796 864 νόμῳ
1846 795 1925 865 τῷ

349 872 444 926 τοῦ
475 875 739 939 Μωσέως,
764 878 904 930 κατὰ
931 877 1089 933 τοῦτο
1128 882 1225 935 καὶ
1267 884 1294 935 ὀ
1348 883 1528 936 κανὼν
1566 884 1655 936 τὸν
1701 885 1926 953 ἀλογευ-

352 964 585 1032 σάμενον
614 967 690 1029 ὠς
719 958 1031 1041 ἀκάθαρτον
1060 974 1426 1043 κατονομάζει
1470 975 1690 1045 λεπρόν.
1731 978 1924 1031 Βούλε-

347 1074 439 1109 ται
467 1054 559 1112 οὖν
582 1060 707 1122 τοὺς
736 1062 1014 1125 τοιούτους
1040 1066 1166 1129 τοὺς
1198 1067 1255 1120 ἐν
1281 1070 1498 1136 γυναιξὶ
1523 1070 1675 1141 παρὰ
1733 1070 1918 1140 φύσιν,

346 1148 380 1217 ἢ
418 1149 474 1200 ὲν
502 1149 750 1221 ἄρρεσιν,
775 1152 807 1222 ἢ
834 1153 890 1206 ὲν
918 1155 1135 1224 ἀλόγοις
1168 1158 1268 1227 τὴν
1311 1160 1576 1231 αἰσχύνην
1620 1164 1922 1234 ἐργαζομέ-

346 1256 489 1303 νους,
523 1242 617 1293 καὶ
646 1242 1035 1312 λεπρώσαντας
1077 1248 1322 1316 ἑαυτοὺς,
1364 1250 1520 1321 ἢκαὶ
1567 1254 1777 1326 ἑτέροις
1819 1258 1920 1330 τῆς

344 1330 552 1394 οἰκείας
584 1334 912 1401 μεταδόντας
940 1340 1304 1411 ἀκαθαρσίας,
1335 1343 1409 1408 ὡς
1439 1347 1763 1418 κατακόρως
1783 1367 1919 1423 χρηο

346 1425 615 1494 σαμένους
636 1426 714 1497 τῷ
743 1427 927 1495 πάθει,
968 1430 1233 1501 μετὰτῶν
1270 1436 1686 1504 χειμαζομένων
1728 1438 1916 1491 συνεύ-

342 1517 552 1582 χεσθαι.
587 1518 989 1589 Χειμαζόμενοι
1025 1521 1082 1575 δέ
1108 1523 1236 1587 είσι,
1262 1526 1401 1579 κατὰ
1428 1526 1519 1579 τὸν
1577 1526 1751 1596 μέγαν
1804 1529 1918 1581 Διο-

341 1597 543 1673 νύσιον,
601 1611 650 1663 oi
674 1610 778 1664 ὑπὸ
798 1612 1109 1683 πνεύματος
1159 1616 1396 1687 πονηροῦ
1442 1620 1821 1689 κατεχόμενοι,
1862 1621 1912 1674 οἳ

310 1778 313 1781 Ι
342 1697 484 1763 μετά
511 1698 619 1753 τῶν
651 1702 860 1757 πιστῶν
901 1696 971 1757 uti
1000 1705 1403 1777 συνεχωροῦντο
1452 1708 1728 1781 εὔχεσθαι,
1780 1710 1913 1766 ἀλλά

338 1790 545 1855 τόπους
570 1789 718 1864 εἶχον
734 1796 1173 1869 ἀφωρισμένους,
1208 1801 1304 1854 καὶ
1335 1801 1569 1873 ηὔχοντο
1602 1807 1660 1859 ἐν
1701 1807 1907 1871 αὐτοῖς.

2105 640 2124 672 ι
2165 621 2311 689 lepra
2355 619 2585 685 infecit,
2628 634 2754 674 cum
2803 616 3230 673 hibernantibus
3282 628 3582 684 comprece

2108 730 2126 762 ι
2171 723 2275 766 lttr.
2318 730 2335 763 ι
2444 698 2457 709 .

2098 806 2546 877 Quandoquidem
2593 804 2908 861 immundus
2946 813 3065 860 erat
3112 806 3168 859 in
3203 803 3321 874 lege
3353 801 3590 857 Mosaica

2026 901 2297 971 leprosus,
2331 902 2534 957 idcirco
2577 916 2749 956 canon
2789 917 2912 957 eum
2948 901 3038 970 qui
3066 901 3309 969 jumenta
3360 899 3504 963 iniit,
3536 902 3596 952 ut

2025 995 2367 1050 immundum
2390 1003 2546 1049 vocat
2567 995 2862 1063 leprosum.
2887 991 3014 1047 Vult
3034 995 3212 1063 itaque
3236 1009 3329 1048 eos
3354 994 3591 1061 quicum

2025 1085 2347 1142 mulieribds
2370 1094 2565 1154 praeter
2597 1095 2868 1148 naturam,
2902 1094 2997 1139 aut
3026 1101 3148 1140 cum
3185 1084 3464 1148 masculis,
3496 1090 3590 1138 aut

2023 1193 2146 1235 cum
2192 1179 2378 1234 bestiis
2424 1176 2815 1246 turpitudinem
2856 1177 3272 1239 commiserunt,
3294 1190 3464 1245 seque
3506 1174 3590 1230 Ie-

2021 1286 2215 1344 prosos
2271 1270 2644 1335 reddiderunt,
2673 1272 2728 1324 et
2772 1268 2895 1324 aliis
2949 1268 3015 1323 de
3057 1283 3154 1323 sua
3204 1266 3591 1337 impertiuntur

2023 1362 2388 1428 immunditia,
2417 1368 2476 1416 ut
2496 1359 2787 1415 immodice
2803 1367 3015 1414 utentes
3039 1359 3315 1429 passione,
3344 1373 3466 1412 cum
3504 1358 3592 1411 hi-

2018 1455 2373 1511 bernantihus
2434 1452 2796 1524 comprecari.
2836 1450 3198 1505 liibernantes
3231 1458 3411 1504 autem
3456 1456 3588 1505 sunt

2020 1546 2320 1602 secundum
2354 1558 2609 1615 magnum
2665 1541 2982 1613 Dionysium
3013 1541 3103 1610 qui
3137 1555 3166 1593 a
3197 1539 3392 1609 spiritu
3422 1553 3589 1609 pravo

2017 1649 2306 1702 vexantur,
2350 1639 2442 1707 qui
2488 1652 2612 1692 cum
2668 1633 2918 1689 ﬁdelibus
2952 1647 3110 1685 orare
3153 1646 3258 1683 non
3306 1630 3589 1699 permitte-

2017 1731 2234 1794 bantur,
2286 1730 2380 1784 sed
2440 1729 2557 1783 loca
2618 1726 2891 1782 habebant
2946 1726 3255 1794 praescripta
3304 1731 3360 1776 et
3414 1722 3468 1776 in
3520 1722 3587 1778 iis

2018 1837 2209 1892 preces
2241 1820 2610 1876 ell‘undehant.
2657 1818 2849 1885 Quaere
2884 1816 3069 1871 Basilii
3120 1814 3298 1885 magni
3345 1826 3586 1867 canones

338 1884 502 1952 Ζήτει
551 1886 646 1940 τοῦ
705 1890 943 1959 μεγάλου
990 1893 1276 1949 Βασιλείου
1342 1869 1541 1951 κανόνα
1575 1896 1656 1969 ξβ⁸
1698 1901 1790 1953 καὶ
1820 1869 1909 1965 ἐξ·

2023 1869 2207 1892 τ’·*νν-
2246 1869 2609 1876 --η--η---ν---νν
2666 1869 2845 1885 -ι-τννν
2885 1869 2912 1871 —
2968 1869 2981 1871 ~
3039 1869 3066 1870 η
3210 1869 3240 1885 υ

2023 1913 2082 1968 62
2123 1921 2193 1977 et,
2220 1914 2308 1977 65,
2342 1920 2394 1969 et
2423 1911 2492 1967 ob
2522 1910 2767 1966 eamdem
2813 1908 3090 1963 lasciviam
3127 1918 3315 1976 pinnas
3347 1901 3587 1956 minores

336 1977 570 2043 ηκοστδν
612 1980 798 2049 τρίτον
830 1997 846 2012 °
899 1983 993 2037 καὶ
1037 1986 1288 2057 εὑρήσεις
1350 1989 1445 2042 ἐπὶ
1502 1990 1614 2045 τῶν
1647 1992 1909 2047 τοιούτων

337 2068 640 2138 ἁσελγειῶν
665 2075 865 2146 ἥττονα
894 2078 963 2131 τά
996 2080 1272 2150 ἐπιτίμια.

916 2173 1156 2226 ΚΛΝΩΝ
1189 2170 1293 2231 IH’.

345 2270 366 2305 ι
400 2254 467 2307 Εἴ
508 2275 653 2350 τινες
704 2261 993 2320 ἐπίσκοποι
1030 2270 1491 2340 κατασταθέντες,
1532 2277 1625 2329 καὶ
1683 2277 1757 2350 μὴ
1819 2276 1909 2333 δε-

422 2366 441 2400 ι
484 2349 707 2420 χθέντες
737 2355 840 2409 ὑπὸ
867 2356 963 2427 τῆς
990 2363 1280 2431 παροικίας
1320 2366 1530 2437 ἐκείνης
1560 2370 1640 2433 εἰς
1671 2349 1911 2439 ἥνώνο-

415 2458 435 2492 ι
476 2444 786 2514 μάσθησαν,
823 2449 1042 2520 ἑτέραις
1106 2453 1382 2523 βούλοιντο
1453 2461 1769 2529 παροικίαις
1813 2464 1908 2516 ἐπα

417 2553 436 2585 ι
477 2534 638 2601 ιέναι,
667 2538 760 2592 καὶ
793 2538 1077 2610 βιάζεσθαι
1101 2545 1226 2611 τοὺς
1248 2548 1620 2619 καθεστῶτας,
1652 2556 1745 2606 καὶ
1779 2556 1909 2608 στά-

417 2646 437 2679 ι
481 2645 595 2692 σεις
620 2634 789 2685 κινεῖν
844 2636 966 2689 κατ’
993 2637 1208 2706 αὐτῶν,
1240 2641 1475 2707 τούτους
1525 2645 1905 2718 ἀφορίζεσθαι.

419 2740 439 2773 ι
493 2722 616 2775 Ἐὰν
677 2726 861 2795 μέντοι
928 2729 1202 2797 βούλοιντο
1259 2735 1340 2797 εἰς
1406 2734 1467 2788 τὸ
1519 2739 1909 2811 πρεσϐυτέριον

420 2832 438 2865 ι
478 2816 832 2884 καθέζεσθαι,
860 2819 991 2874 ἔνθα
1020 2818 1162 2894 ἦσαν
1195 2826 1466 2897 πρότερον
1514 2829 1904 2903 πρεσϐύτεροι,

421 2924 441 2955 ι
482 2908 554 2978 μὴ
597 2910 1006 2967 ἀποόάλλεσθαι
1066 2916 1266 2980 αὐτοὺς
1320 2920 1419 2987 τῆς
1459 2922 1623 2990 τιμῆς
1653 2939 1667 2954 ·
1719 2923 1815 2976 ἐὰν
1851 2925 1907 2977 δὲ

421 3015 439 3049 ι
479 2999 910 3087 διαστασιάζωσι
973 3008 1113 3078 πρὸς
1184 3010 1312 3073 τοὺς
1386 3013 1741 3078 καθεστῶτας
1792 3018 1909 3071 ἐκεῖ

420 3106 439 3141 ι
486 3091 844 3162 ἐπισκόπους,
886 3097 1243 3169 ἀφαιρεῖσθαι
1272 3102 1457 3167 αὐτοῖς
1502 3106 1597 3159 καὶ
1616 3108 1714 3176 τὴν
1740 3108 1906 3180 τιμὴν

420 3200 439 3233 ι
478 3183 569 3236 τοῦ
607 3187 1031 3260 πρεσϐυτερίου,
1088 3192 1185 3247 καὶ
1218 3194 1468 3262 γίνεσθαι
1499 3197 1696 3261 αὐτοὺς
1735 3200 1902 3270 ἐκκη-
1934 3214 1975 3272 C

417 3288 436 3323 ι
482 3274 732 3343 ρύκτους.
773 3297 792 3329 ι

412 3366 607 3422 ΒΑΛΣ.
656 3370 717 3422 ’0
747 3372 809 3425 ιδ’
844 3372 1031 3427 κανὼν
1071 3376 1179 3429 τῶν
1229 3377 1403 3447 ἁγίων
1435 3381 1752 3438 ἀποστόλων
1809 3388 1908 3441 καὶ

339 3453 368 3511 ὁ
394 3466 453 3511 ιε’
479 3461 572 3513 καὶ
613 3463 640 3515 ὁ
684 3459 793 3529 λς’,
828 3465 963 3518 ἀλλὰ
990 3470 1096 3538 μὴν
1126 3471 1220 3524 καὶ
1257 3472 1285 3523 ὀ
1315 3470 1399 3538 ιζ’,
1443 3476 1536 3528 καὶ
1566 3478 1593 3529 ὁ
1627 3484 1695 3547 ιη’
1726 3478 1905 3533 κανὼν

340 3550 439 3617 τῆς
470 3552 528 3605 ὲν
562 3552 868 3629 Ἀντιοχείᾳ
922 3559 1164 3626 συνόδου,
1217 3564 1391 3617 πολλά
1452 3584 1575 3619 τινα
1607 3566 1910 3637 διαλαμϐά-

339 3660 494 3696 νουσι
542 3648 665 3716 περὶ
733 3650 842 3703 τῶν
895 3658 1390 3728 χειροτονουμένων
1444 3661 1780 3728 ἐπισκόπων,
1814 3666 1908 3718 καὶ

344 3734 418 3806 μὴ
450 3736 760 3807 δεχομένων
823 3743 928 3798 ὑπὸ
980 3747 1091 3800 τῶν
1153 3751 1458 3821 παροικιῶν
1527 3756 1706 3808 αὐτῶν
1741 3771 1754 3785 ’
1813 3760 1908 3812 καὶ

341 3830 617 3923 ἀνάγνωθι
657 3834 907 3898 τούτους.
955 3838 1013 3891 '0
1046 3841 1227 3909 μέντοι
1260 3846 1457 3915 παρὼν
1511 3848 1692 3904 κανὼν
1741 3852 1910 3923 διορί-

340 3918 495 3989 ζεται
526 3927 653 3992 τοὺς
690 3930 765 4001 μὴ
831 3931 1125 4001 δεχθέντας
1159 3938 1515 4004 ἐπισκόπους,
1550 3944 1632 4005 είς
1663 3943 1729 4007 ἃς
1771 3918 1907 3999 ὠνο-

340 4016 632 4088 μάσθησαν
692 4024 1008 4093 παροικίας,
1063 4027 1137 4097 μὴ
1192 4030 1528 4100 ἀπέρχεσθαι
1561 4037 1639 4099 είς
1691 4038 1907 4107 ἑτέρας,

341 4112 439 4165 καὶ
469 4112 831 4181 βιάζειντοὺς
881 4119 1179 4190 προέδρους
1220 4124 1420 4189 αὐτῶν,
1471 4128 1565 4179 καὶ
1626 4132 1762 4196 μήτε
1811 4131 1908 4198 μὲν

338 4202 632 4269 διεγείρειν
670 4207 812 4258 κατὰ
838 4207 1048 4261 τούτων
1081 4213 1208 4272 τοῦς
1258 4212 1350 4263 ὑπ’
1380 4214 1580 4276 αὐτοὺς
1612 4215 1909 4286 κληρικούς

336 4304 396 4350 τε
426 4298 518 4349 καὶ
541 4297 785 4362 λαῖκούς.
812 4300 953 4363 Τοὺς
974 4301 1028 4354 δὲ
1056 4302 1295 4356 τοιοῦτόν
1341 4322 1393 4357 τι
1456 4308 1749 4371 ποιοῦντας
1807 4308 1907 4378 ἀρκ

337 4390 637 4460 ὁρίζεσθαι.
681 4394 769 4455 Ὠς
795 4394 851 4447 δέ
891 4413 1035 4460 τινος
1094 4398 1362 4463 εἰπόντος,
1418 4401 1525 4452 Καὶ
1570 4404 1720 4464 ποῖος
1756 4402 1907 4455 ἔσται

339 4483 502 4544 τόπος
534 4484 817 4547 κατοικίας
850 4488 961 4549 τοῖς
1016 4489 1278 4551 τοιούτοις
1310 4506 1323 4554 ;
1376 4491 1656 4560 ἐπήγαγον
1712 4496 1760 4547 οἱ
1794 4495 1905 4547 Πα-

338 4567 495 4638 τέρες
533 4570 630 4635 ὡς,
661 4574 708 4625 εί
752 4572 1026 4641 βούλοιντο
1080 4577 1129 4629 οἱ
1162 4580 1637 4648 χειροτονηθέντες
1695 4584 1905 4652 διάγειν

340 4660 421 4725 είς
447 4663 642 4734 ἐτέρας
669 4668 983 4736 παροικίας,
1014 4669 1180 4739 ἤγουν
1207 4672 1285 4735 εις
1326 4674 1424 4735 τὰς
1459 4677 1732 4746 προτέρας
1771 4697 1908 4731 κατ-

338 4758 514 4819 οικίας
544 4756 743 4821 αὐτῶν,
787 4758 879 4811 καὶ
908 4761 1189 4830 ἀνέχονται
1232 4766 1311 4828 είς
1343 4769 1716 4836 πρεσϐυτέρου
1742 4769 1908 4824 τόπον

339 4848 634 4917 καθῆσθαι,
669 4849 729 4902 οὐ
762 4849 1165 4921 κωλυθήσονται
1201 4873 1214 4887 ο
1254 4858 1432 4912 τοίνυν
1471 4859 1563 4912 καὶ
1617 4860 1759 4915 οὓτω
1810 4862 1909 4932 μὲν

343 4941 622 5004 ποιοῦντες
685 4943 1027 5014 ἀνενόχλητοι
1101 4946 1611 5021 διατηρηθήσονται,
1693 4954 1909 5024 ἔχοντες

340 5034 439 5103 τὴν
467 5036 722 5105 τοιαύτην
749 5038 936 5107 τιμήν.
986 5039 1109 5092 Ἐὰν
1156 5040 1211 5093 δὲ
1247 5044 1463 5107 στάσεις
1500 5049 1592 5099 καὶ
1646 5049 1909 5118 διαφορὰς

340 5128 508 5198 ἔχωσι
540 5131 677 5198 μετά
708 5130 801 5183 τοῦ
832 5133 1101 5202 ἐγχωρίου
1133 5136 1455 5201 ἐπισκόπου,
1507 5135 1907 5211 ἀφαιρεθήσον-

340 5237 433 5273 ται
469 5223 561 5274 καὶ
587 5222 683 5290 τὴν
705 5222 795 5276 τοῦ
825 5225 1199 5295 πρεσϐυτέρου
1235 5228 1423 5297 τιμὴν,
1459 5232 1554 5283 καὶ
1582 5232 1908 5301 γενήσονται

338 5314 688 5383 ἐκκήρυκτοι.
755 5315 941 5370 Ταῦτα
973 5317 1067 5369 τοῦ
1117 5321 1339 5383 κανόνος
1386 5321 1775 5392 διοριζομένου,
1834 5325 1909 5397 μὴ

336 5406 497 5476 εἴπῃς
531 5408 658 5469 τοὺς
700 5407 774 5478 μὴ
812 5408 1097 5479 δεχθέντας
1150 5413 1481 5476 ἐπισκόπους
1512 5414 1785 5484 καθῆσθῖι
1830 5419 1908 5482 είς

336 5496 463 5557 τοὺς
489 5498 685 5559 τόπους
736 5499 846 5551 τῶν
881 5501 1270 5570 πρεσϐυτέρων
1301 5502 1389 5555 διὰ
1445 5504 1759 5559 ύπόπτωσιν
1811 5508 1909 5575 τῆς

336 5587 503 5656 τιμῆς
532 5589 624 5641 τοῦ
672 5590 1033 5643 ἓπισκοπικοῦ
1091 5591 1420 5661 ἀξιώματος,
1460 5596 1595 5647 ἀλλὰ
1634 5596 1724 5650 διὰ
1750 5598 1809 5649 τὸ
1833 5598 1909 5668 μὴ

337 5672 480 5730 εἶναι
510 5676 696 5744 ἕτερον
746 5677 1023 5731 τόποντοῦ
1068 5680 1467 5751 πρεσϐυτερίου
1523 5683 1768 5752 μείζονα.
1800 5685 1905 5736 Tu-

335 5769 429 5838 χον
459 5769 566 5837 γάρ
600 5785 741 5833 τινος
772 5771 828 5835 ἐξ
854 5771 1032 5823 αὐτῶν
1081 5771 1228 5834 6.1m;
1278 5773 1387 5826 ἀπὸ
1431 5774 1775 5844 Ἡρακλείας,
1816 5782 1911 5833 καὶ

342 5858 784 5930 ὑποστρέψαντος
852 5863 927 5924 είς
981 5862 1205 5932 ταύτην,
1268 5864 1314 5917 οἱ
1361 5863 1461 5934 μὲν
1522 5866 1905 5937 πρεσϐύτερα,

2011 2006 2277 2062 invenies.

2475 2181 2636 2252 395
2668 2179 2894 2235 CANON
2932 2176 3129 2232 XVIII.

2015 2284 2041 2330 ι
2076 2278 2131 2333 Si
2159 2276 2250 2348 qui
2288 2275 2570 2331 constituti
2609 2273 2874 2343 episcopi,
2910 2280 2963 2325 et
3001 2271 3073 2325 ab
3100 2269 3188 2322 illa
3227 2265 3489 2337 paroecia,
3524 2264 3578 2317 in

2085 2390 2104 2421 ι
2144 2384 2305 2438 quam
2355 2367 2618 2423 nominati
2671 2367 2930 2428 fuerunt,
2985 2379 3088 2415 non
3135 2360 3399 2428 suscepti,
3450 2357 3587 2411 alias

2089 2484 2109 2517 ι
2146 2464 2315 2518 velint
2347 2461 2625 2533 parmeias
2651 2458 2930 2517 invadere.
2965 2467 3019 2510 et
3051 2457 3137 2516 iis,
3173 2454 3262 2522 qui
3297 2451 3581 2507 constituti

2083 2577 2100 2608 ι
2147 2566 2298 2620 sunt,
2331 2557 2438 2609 vim
2469 2553 2687 2616 aﬂ‘erre,
2727 2559 2780 2605 et
2820 2548 3122 2604 seditiones
3152 2545 3417 2599 adversus
3460 2543 3610 2631 illos‘

2085 2670 2102 2703 ι
2141 2652 2405 2714 excitare,
2451 2663 2546 2701 eos
2592 2644 2890 2714 segregari.
2936 2639 3031 2694 Sin
3081 2648 3262 2693 autem
3311 2638 3477 2692 vciiut
3528 2636 3585 2688 in

2090 2765 2107 2797 ι
2152 2741 2492 2813 presbyterio
2531 2739 2794 2798 residere,
2829 2735 2881 2788 in
2924 2746 3034 2802 quo
3068 2732 3221 2800 prius
3261 2741 3415 2784 erant
3461 2742 3585 2797 pre-

2087 2856 2105 2889 ι
2146 2836 2374 2906 sbyteri,
2428 2833 2582 2902 ipsos
2637 2830 2846 2883 honore
2895 2840 3001 2878 non
3044 2825 3254 2875 moveri
3296 2838 3308 2873 :
3356 2819 3499 2888 quod
3536 2817 3583 2871 si

2088 2949 2105 2982 ι
2146 2929 2309 2983 etiam
2361 2926 2626 2978 adversus
2658 2936 2772 2983 eos,
2820 2920 2912 2988 qui
2962 2918 3074 2970 illic
3112 2912 3394 2969 COIlSliluli
3433 2919 3584 2971 sunt,

2080 3041 2098 3073 ι
2140 3020 2469 3089 episcopos,
2516 3014 2821 3069 seditiones
2879 3007 3275 3068 excitaverint,
3320 3004 3581 3055 honorem

2081 3133 2101 3165 ‹
2140 3126 2361 3181 quoque
2390 3104 2713 3177 presbyterii
2746 3105 2814 3158 ab
2838 3104 2918 3159 eis
2941 3101 3170 3164 auferri,
3201 3110 3254 3153 et
3284 3098 3405 3152 illos
3430 3095 3586 3149 abdi—

2083 3223 2103 3257 ‹
2139 3216 2291 3260 catos
2324 3200 2483 3256 cmci.
2512 3221 2540 3248 ι

2081 3382 2273 3440 BALS.
2296 3382 2533 3449 Quartus
2553 3380 2796 3434 decimus
2827 3391 3000 3431 canon
3018 3380 3331 3428 sanctorum
3356 3374 3581 3437 apostoo

2012 3478 2186 3534 IOrum
2210 3485 2263 3530 et
2294 3472 2772 3546 quintusdet'itnus
2801 3476 2855 3524 et
2879 3466 3193 3522 tricesimus
3218 3473 3427 3521 sextus,
3448 3458 3580 3527 quin

2011 3572 2174 3624 etiam
2208 3568 2475 3637 septimus
2506 3563 2755 3618 decimus
2787 3569 2841 3614 et
2864 3566 3091 3612 octavus
3114 3556 3361 3611 decimus
3403 3565 3579 3604 canon

2009 3662 2368 3717 Antiochenze
2412 3658 2626 3730 synodi,
2677 3654 2844 3708 multa
2897 3652 3132 3705 tractam
3176 3649 3241 3702 de
3282 3644 3580 3715 episcoriis,

2011 3756 2100 3824 qui
2138 3752 2484 3813 ordinantur,
2522 3758 2575 3802 et
2619 3762 2645 3799 τι
2685 3746 2800 3801 suis
2833 3744 3084 3816 parmciis
3118 3757 3223 3795 non
3268 3737 3582 3803 suscipiun-

2011 3861 2135 3912 tur;
2169 3854 2222 3899 οι
2268 3845 2383 3914 lege
2412 3857 2528 3896 eos.
2564 3840 2813 3893 Praesens
2848 3850 2976 3890 vero
3007 3848 3185 3888 canon
3217 3829 3487 3891 decernit,
3521 3833 3581 3878 ut

2010 3936 2277 4008 episcopi,
2308 3934 2399 4002 qui
2432 3946 2538 3986 non
2564 3938 2691 3985 sunt
2720 3928 2959 3995 Suscepti
2992 3927 3041 3977 in
3068 3922 3338 3993 purmeias
3362 3918 3415 3973 in
3445 3932 3581 3985 quas

2012 4027 2275 4085 naminati
2325 4034 2485 4087 sunt,
2539 4024 2599 4076 in
2625 4022 2761 4076 alias
2808 4034 2912 4072 non
2963 4018 3193 4081 abeant,
3241 4028 3339 4066 nec
3388 4025 3575 4065 earu-tn

2012 4116 2333 4190 prmsnlibus
2370 4114 2476 4167 vim
2509 4113 2775 4175 alteram;
2831 4123 3011 4176 neque
3042 4108 3309 4158 adversus
3345 4116 3441 4155 eos
3472 4100 3581 4150 ric—

2012 4216 2158 4267 ricos
2204 4223 2332 4264 suos
2370 4218 2423 4262 et
2474 4207 2645 4260 laicus
2689 4202 2929 4258 excitent
2986 4214 3000 4251 :
3048 4199 3081 4251 ii
3120 4210 3269 4259 vero,
3325 4193 3418 4263 qui
3474 4192 3581 4244 tale

2011 4304 2140 4375 quid
2177 4302 2406 4367 faciunt,
2450 4304 2828 4369 segregentur.
2879 4291 3166 4361 Tanquam
3202 4300 3332 4340 vero
3379 4282 3581 4335 dixerit

2012 4374 2233 4465 aliquis,
2273 4392 2333 4447 Et
2381 4391 2638 4462 quisnam
2690 4386 2795 4441 erit
2847 4385 2928 4438 eis
2982 4383 3136 4438 locus
3181 4374 3581 4432 habitationis?

2012 4488 2421 4557 subjunaerunt
2460 4481 2670 4544 Patres,
2716 4477 2861 4548 quod
2899 4477 2942 4531 si
2992 4474 3162 4528 velint
3210 4469 3449 4538 quidem,
3483 4467 3577 4535 qui

2010 4580 2242 4636 ordinati
2273 4588 2422 4636 sunt.
2472 4576 2525 4629 in
2571 4574 2695 4629 aliis
2737 4569 2993 4641 parmeiis
3026 4567 3245 4635 degere,
3278 4562 3486 4617 srilicet
3524 4559 3577 4611 in

2011 4678 2125 4730 suis
2158 4671 2435 4739 prioribus
2460 4666 2911 4727 habitationibus,
2943 4672 2995 4717 et
3026 4660 3077 4712 in
3115 4653 3419 4728 presbyteri
3458 4651 3578 4705 loco

2010 4767 2251 4822 residere
2283 4764 2611 4826 sustineant,
2641 4773 2749 4813 non
2787 4755 3228 4825 prohibebuntur
3262 4766 3277 4814 ;
3315 4756 3368 4801 et
3407 4746 3453 4801 si
3495 4744 3579 4798 sic

2011 4868 2196 4931 agant,
2242 4857 2425 4912 OlllnIS
2472 4853 2735 4910 molestiae
2780 4856 3033 4919 expertes
3077 4841 3577 4902 conservahuutur,

2009 4927 2132 5005 eum
2167 4951 2431 5003 honorem
2464 4946 2729 5000 habentes
2759 4956 2775 4996 :
2802 4941 2897 4996 sed
2933 4939 3132 4993 si-cum
3166 4934 3311 4987 illius
3338 4929 3439 4985 loci
3467 4927 3581 4997 epi-

2009 5055 2176 5109 seopo
2206 5038 2498 5094 seditiones
2531 5033 3014 5100 dissensionesque
3048 5024 3425 5091 excitaverint,
3457 5035 3578 5091 prc-

2010 5130 2215 5203 sbyteri
2251 5144 2470 5199 quoque
2519 5127 2600 5181 eis
2642 5125 2818 5178 honor
2849 5121 3194 5180 detrahetur,
3237 5124 3291 5170 et
3341 5109 3577 5166 abdicati
3622 5148 3625 5149 ν

2009 5234 2191 5279 erunt.
2249 5222 2373 5276 Haec
2407 5236 2532 5277 cum
2579 5234 2759 5274 canon
2796 5218 3081 5280 decernat,
3120 5226 3186 5266 ne
3230 5208 3437 5264 dixeris
3466 5203 3583 5273 epi-

2011 5330 2229 5385 seopos.
2264 5315 2355 5383 qui
2380 5313 2623 5382 suscepti
2656 5327 2763 5366 non
2797 5316 2948 5375 sunt,
2978 5308 3032 5361 in
3070 5305 3206 5359 locis
3234 5301 3582 5373 presbytero-

2012 5425 2131 5462 rum
2160 5409 2372 5470 sedere,
2405 5417 2465 5461 ut
2494 5406 2831 5474 deprimatur
2857 5402 3034 5456 honos
3059 5395 3388 5468 episcopalis
3404 5389 3580 5460 digni-

2011 5502 2137 5554 tatis
2168 5542 2181 5565 ,
2215 5500 2306 5553 sed
2346 5498 2486 5565 quod
2534 5514 2639 5553 non
2673 5498 2744 5552 sit
2786 5497 2928 5551 alius
2962 5496 3113 5547 locus
3146 5489 3318 5556 major
3350 5479 3581 5554 presby-

2013 5600 2215 5646 teratu.
2254 5591 2312 5646 Si
2348 5593 2471 5659 quis
2506 5591 2650 5645 enim
2693 5589 2832 5644 forte
2861 5602 3050 5642 eorum
3082 5587 3153 5639 sit
3188 5583 3580 5641 lleraeleanus,

2010 5695 2147 5737 eteo
2173 5682 2417 5746 redierit,
2439 5681 2739 5752 presbyteri
2764 5682 3003 5750 quidem,
3025 5692 3256 5750 quorum
3283 5675 3581 5744 aliquando

2012 5791 2153 5830 unus
2177 5783 2290 5827 erat
2320 5784 2374 5829 et
2406 5775 2519 5843 ipse
2543 5774 2774 5839 electus,
2806 5773 3156 5828 sacerdotum
3190 5769 3339 5823 locos
3363 5768 3580 5821 obtine-

2011 5867 2146 5923 buut
2184 5882 2198 5928 ;
2236 5867 2323 5923 hic
2345 5881 2475 5923 rem
2507 5866 2572 5923 ad
2608 5866 2972 5938 episcopalem
2996 5862 3314 5936 dignitatem
3354 5876 3581 5929 prouin-
