3990 6482
477 405 617 472 1183

1738 404 2017 464 TIIEOD.
2063 400 2298 461 BALSA
2312 402 2465 462 lilth

3581 405 3722 474 1184

472 517 702 575 ARIS'I‘.
740 536 759 570 ι
798 517 898 583 Qui
927 516 1291 588 virginitatem
1324 515 1604 587 professus
1635 526 1742 580 est,
1776 528 1828 571 et
1858 524 2042 569 votum

2171 515 2384 569 ΑΡΙΣΤ.
2426 536 2444 569 ι
2486 518 2543 570 ’0
2586 516 3055 588 ἐπαγγειλάμενος
3111 518 3438 591 παρθενίαν,
3478 522 3575 573 καὶ
3599 521 3723 575 ἀθε-

549 629 569 663 ι
607 610 819 665 irritum
869 608 1023 673 facit,
1058 609 1425 678 quadriennio
1462 617 1802 678 segregetur.
1840 608 1905 662 Et
1936 608 2049 661 vir-

555 722 573 755 ι
612 705 765 773 gines
813 703 879 759 ad
931 703 1145 774 aliquos
1202 711 1462 773 tanquam
1520 702 1721 757 fratres
1771 718 1837 756 ne
1892 716 2049 755 acce-

552 814 570 847 σ
610 795 763 850 dant.
809 813 827 847 ι

548 890 648 942 Hic
676 887 894 958 quidem
918 903 1096 942 canon
1130 888 1183 942 in
1212 887 1498 942 latitudine
1534 902 1628 941 sua
1661 902 1783 942 cum
1820 888 1909 955 qui
1943 888 2054 940 vir-

477 980 758 1047 ginitatem
784 978 1063 1048 professus
1089 984 1195 1043 est,
1220 994 1451 1046 eamque
1475 977 1677 1045 rejicit,
1709 977 2050 1046 digamnrum

477 1069 847 1123 definitionem
872 1070 1094 1138 explere
1117 1069 1293 1139 jubet.
1324 1067 1532 1133 Digami
1559 1078 1741 1121 autem
1778 1083 1959 1137 pmna,
1993 1079 2073 1123 ut.

478 1163 607 1216 dicit
638 1171 862 1231 quartus
900 1160 1087 1216 Basilii
1128 1158 1308 1230 magni
1344 1176 1549 1224 canon,
1588 1159 1693 1213 hoc
1729 1170 1833 1221 est.
1861 1175 2054 1227 nempe

477 1266 624 1307 anno
651 1251 929 1323 segregari
967 1268 980 1305 :
1011 1253 1264 1321 quamvis
1300 1250 1389 1304 alii
1425 1251 1645 1303 Patrum
1676 1267 1799 1305 etnn
1834 1250 2054 1303 biennio

478 1354 784 1414 segregant.
830 1344 935 1398 Sed
970 1341 1111 1397 idem
1142 1341 1382 1396 Basilius
1410 1358 1638 1411 magnus
1668 1346 1720 1395 in
1758 1342 2054 1395 undevice-

480 1440 620 1491 simu
642 1452 743 1491 suo
770 1451 981 1491 canone
1009 1435 1167 1491 docet
1198 1435 1345 1504 quod
1376 1436 1619 1487 virorum
1652 1436 1718 1488 de
1747 1436 2055 1506 virg‘ttitalc

484 1531 853 1600 professiones
918 1545 1026 1583 non
1064 1530 1337 1594 novimus,
1368 1537 1725 1598 praeterquam
1765 1529 1810 1584 si
1843 1529 1934 1598 qui
1971 1545 2056 1583 se-

480 1621 631 1689 ipsos
668 1619 1061 1672 monachorum
1097 1617 1272 1671 ordini
1305 1627 1704 1672 connumerant
1734 1635 1747 1671 :
1779 1619 1873 1673 sed
1904 1629 1956 1673 et
1990 1620 2057 1673 de

482 1710 616 1763 viris
660 1710 780 1764 istis
813 1709 905 1778 qui
940 1708 1259 1762 caelibatum
1306 1708 1543 1777 professi
1589 1719 1719 1764 sunt
1766 1720 2055 1766 conSenta-

482 1819 643 1857 neum
693 1803 932 1865 videtur,
975 1810 1033 1854 ut
1083 1801 1185 1869 ipsi
1238 1801 1670 1868 interrogentur,
1718 1811 1771 1857 et
1828 1804 2055 1859 evidens

482 1894 645 1963 397
698 1909 887 1947 eorum
946 1893 1249 1962 accipiatur
1297 1892 1588 1962 professio,
1653 1904 1712 1948 ut
1763 1907 2054 1966 postquam

485 1985 885 2057 professionem
921 2001 1077 2040 suam
1117 1986 1328 2039 irritam
1374 1986 1632 2053 fecerint,
1666 1997 1719 2042 et
1760 1988 1826 2042 ad
1863 2004 2059 2043 carna-

484 2078 589 2132 lem
633 2087 687 2132 et
738 2078 1101 2147 voluptariam
1160 2077 1328 2130 vitam
1378 2081 1821 2144 retrocesserint,
1871 2096 2058 2136 eorum

484 2171 578 2239 qui
612 2171 953 2225 fornicautur
981 2186 1155 2240 poena:
1196 2170 1589 2237 subjiciuntur.
1625 2174 1727 2239 Qui
1762 2174 1923 2244 hujus
1955 2175 2061 2228 ita-

484 2279 591 2334 que
621 2264 844 2319 canonis
869 2263 1149 2335 synopsim
1186 2262 1315 2317 fecit
1344 2264 1687 2333 digamorum
1719 2266 2055 2337 segregatio-

485 2371 609 2410 nem
648 2356 700 2409 in
748 2355 1041 2409 latitudine
1077 2344 1313 2423 positam
1359 2356 1412 2409 in
1466 2371 1588 2409 eum
1633 2358 1724 2425 qui
1773 2358 2063 2413 omlibatus

488 2446 887 2516 professionem
918 2447 1125 2500 irritam
1158 2446 1286 2501 facit
1315 2449 1611 2503 transtulit.
1643 2450 1800 2515 Quod
1832 2460 2009 2505 autem
2033 2468 2061 2505 a

487 2537 689 2591 Basilio
746 2554 943 2608 magno
994 2538 1250 2605 infertur,
1300 2541 1391 2594 tali
1445 2544 1760 2612 apponitur,
1811 2544 2064 2599 videlicet

488 2630 888 2685 fornicatorum
939 2645 1122 2700 paena.
1158 2629 1399 2685 Tandem
1436 2642 1615 2686 autem
1665 2634 1856 2687 talium
1905 2650 2064 2704 pwna

487 2732 695 2792 septem
731 2732 813 2777 est
850 2738 1141 2788 annorum,
1176 2725 1297 2780 istis
1327 2726 1465 2781 duos
1505 2742 1678 2783 annos
1711 2729 2062 2794 dcllenlibus,

488 2820 626 2867 duos
652 2814 1026 2878 audientibus,
1066 2815 1206 2871 alios
1243 2828 1421 2872 autem
1472 2819 1611 2873 duos
1659 2821 1972 2887 substratis,
2013 2835 2067 2877 et

490 2906 543 2957 in
584 2920 749 2957 unum
786 2920 905 2958 cum
936 2905 1183 2962 fidelibus
1211 2908 1664 2977 consistentibus,
1696 2922 1893 2965 octavo
1939 2929 2067 2968 vero

490 2998 556 3052 ad
617 3008 1091 3053 sacramentorum
1142 3002 1619 3071 participationem
1670 3006 1951 3068 admissis,
2010 3016 2068 3059 ιιι

487 3090 986 3160 quinquagesimus
1017 3090 1262 3161 ejusdem
1295 3094 1480 3149 Basilii
1518 3097 1699 3166 magni
1732 3113 1906 3151 canon
1952 3108 2067 3153 sta-

2232 626 2247 658 ι
2283 608 2413 669 τῶν,
2447 610 2767 678 τετραετίαν
2799 609 3169 680 ἀφοριζὲσθω·
3217 612 3313 665 καὶ
3341 613 3399 665 αἱ
3430 614 3721 684 παρθένοι,

2233 714 2251 749 ι
2285 698 2361 761 ὡς
2393 700 2642 768 ἀδελφοῖς
2681 718 2791 753 τισι
2822 701 2897 771 μὴ
2941 700 3319 771 προσίτωσαν.
3355 723 3377 756 ι

2237 880 2293 932 '0
2325 880 2425 949 μὲν
2469 872 2649 933 κανὼν
2690 875 2869 945 οὗτος,
2926 882 2983 935 ἐν
3037 882 3114 951 τῷ
3166 883 3359 937 πλάτει
3399 884 3491 935 τὸν
3551 885 3729 952 ἐπαγ-

2110 972 2480 1040 ,γειλάμενον
2516 971 2839 1041 παρθενίαν,
2896 972 2991 1025 καὶ
3056 973 3357 1027 ἀθετοῦντα
3396 976 3595 1043 αὐτὴν,
3641 976 3733 1028 τὸν

2156 1064 2265 1116 τῶν
2316 1064 2564 1132 διγάμων
2592 1066 2718 1131 ὅρον
2754 1064 3066 1135 ἐκπληροῦν
3109 1066 3355 1119 άπαιτεϊι
3393 1068 3465 1121 Τὸ
3516 1068 3573 1121 δέ
3610 1071 3735 1121 ἐπι-

2154 1156 2337 1226 τίμιον
2368 1158 2461 1209 τοῦ
2486 1158 2742 1226 διγάμου,
2768 1158 2843 1221 ὡς
2872 1158 2898 1209 ό
2930 1158 3197 1228 τέταρτος
3222 1159 3403 1212 κανὼν
3430 1162 3525 1214 τοῦ
3553 1163 3734 1229 μεγά-

2156 1252 2248 1304 λου
2284 1252 2567 1303 Βασιλείου
2621 1250 2773 1319 λέγει
2824 1252 2982 1305 τοῦτό
3020 1254 3179 1305 ἐστι’
3220 1254 3280 1305 τὸ
3334 1254 3425 1305 ἐπὶ
3480 1257 3735 1308 ἐνιαυτὸν

2156 1340 2513 1412 ἀφορίζεσθαι
2542 1357 2557 1372 ·
2591 1342 2697 1395 κᾶν
2732 1343 2882 1395 ἄλλοι
2922 1342 3029 1394 τῶν
3062 1344 3319 1412 Πατέρων
3354 1345 3446 1396 ἐπὶ
3519 1345 3731 1398 διετίαν

2155 1432 2347 1485 τοῦτον
2378 1430 2687 1501 ἀφώρισαν.
2753 1431 2810 1486 '0
2833 1433 2887 1487 δὲ
2917 1434 3079 1495 αὐτὸς
3110 1436 3283 1502 μέγας
3335 1436 3643 1499 Βασίλειος,
3678 1438 3732 1488 ὲν

2155 1525 2235 1594 τῷ
2297 1525 2761 1596 ἐννεακαιδεκάτῳ
2814 1527 2999 1580 κανόνι
3047 1528 3217 1580 αὑτοῦ
3272 1530 3608 1599 παρίστησιν
3658 1531 3733 1593 ὡς

2170 1616 2499 1686 Ὀμολογίας
2524 1618 2734 1687 ἀνδρῶν
2760 1621 2885 1689 περὶ
2919 1620 3218 1690 παρθενίας
3244 1622 3343 1673 οὐκ
3371 1622 3652 1691 ἔγνωμεν·
3687 1626 3734 1676 εἰ

2162 1711 2371 1779 nim—.06
2408 1727 2553 1772 τινες
2587 1706 2819 1774 ἑαυτοὺς
2850 1712 2927 1781 τῷ
2954 1713 3061 1765 τῶν
3094 1714 3435 1780 μιναζόντων
3490 1717 3739 1783 τάγματι

2162 1800 2612 1874 κατηρίθμησαν·
2675 1804 2813 1873 πλὴν
2848 1806 2943 1856 καὶ
2998 1806 3086 1857 ἐπ’
3135 1806 3315 1858 αὐτῶν
3359 1808 3469 1858 τῶν
3528 1807 3747 1875 ἀνδρῶν

2164 1894 2469 1964 παρθενίαν
2499 1888 3014 1963 ἐπαγγελλομένων,
3050 1895 3228 1947 ἐκεῖνο
3268 1898 3554 1965 προσῆκον
3585 1900 3744 1966 ἡγεῖο

2160 1996 2253 2041 ται
2288 1982 2451 2048 εἶναι,
2476 1982 2535 2038 τὸ
2563 1986 2873 2053 ἐρωτᾶσθαι
2895 1986 3141 2051 Αὐτοὺς,
3186 1987 3277 2038 καὶ
3316 1986 3418 2056 τὴν
3444 1988 3747 2057 ὁμολογίαν

2162 2079 2346 2131 αὐτῶν
2390 2080 2595 2148 ἐναργῆ
2631 2078 2964 2147 λαμϐάνεινο
3006 2078 3175 2143 ὥστε,
3212 2081 3433 2133 ἐπειδὰν
3473 2083 3574 2149 τὴν
3614 2084 3749 2146 ὀμο-

2162 2171 2351 2239 λογίαν
2381 2170 2561 2223 αὐτῶν
2604 2170 2939 2241 ἀθετήσωσι,
2985 2171 3080 2222 καλ⁵
3125 2170 3260 2239 προς
3292 2169 3381 2222 τὸν
3403 2170 3749 2237 φιλόσαρκον

2164 2265 2257 2318 καὶ
2290 2264 2536 2333 ἡδονικὶν
2561 2262 2674 2332 βίον
2711 2262 3079 2332 μετατεθῶσι,
3106 2260 3184 2330 τῷ
3217 2261 3324 2313 τῶν
3360 2262 3749 2332 πορνευόντων

2166 2357 2432 2427 ἐπιτιμίῳ
2477 2358 2672 2419 αὐτοὺς
2704 2355 3143 2421 καθυπάγεσθαι.
3188 2354 3247 2407 Ὀ
3281 2352 3411 2422 γοῦν
3446 2355 3750 2423 συνοψίσας

2164 2450 2255 2502 τὸν
2286 2450 2535 2519 παρόντα
2570 2449 2771 2522 κανόνα
2794 2446 2884 2501 τὸν
2935 2447 3032 2516 μὲν
3065 2448 3121 2499 ὲν
3149 2434 3226 2516 τῷ
3264 2446 3456 2499 πλάτει
3488 2448 3751 2515 κείμενον

2154 2538 2477 2625 ἐφορισμὸν
2522 2539 2631 2593 τῶν
2673 2538 2920 2609 διγάμων
2969 2537 3046 2605 τῷ
3082 2536 3361 2590 ἀθετοῦντι
3401 2538 3502 2603 τὴν
3535 2537 3750 2607 παρθε-

2168 2635 2287 2687 νίαν
2319 2634 2641 2703 παρέδραμε
2666 2649 2681 2663 ’
2720 2632 2781 2684 τὺ
2808 2632 2861 2685 δέ
2892 2632 3039 2700 παρὰ
3064 2630 3155 2683 τοῦ
3186 2630 3427 2700 μεγάλου
3458 2628 3751 2682 Βασιλείου

2168 2726 2515 2793 ἐπαγόμενον
2548 2724 2624 2791 τῷ
2665 2721 2896 2793 τοιούτῳ
2933 2721 3269 2790 προσέθετο’
3313 2721 3481 2791 ἤγουν
3532 2719 3594 2771 τὸ
3638 2720 3753 2772 τῶν

2170 2818 2555 2887 πορνευόντων
2594 2816 2890 2884 ἐπιτίμιον.
2929 2815 3082 2867 Ἐπεὶ
3113 2813 3169 2866 δὲ
3198 2814 3229 2883 ἡ
3262 2813 3589 2881 ἐπιτίμησις
3645 2813 3752 2865 τῶν

2168 2909 2427 2961 τοιούτων
2459 2909 2516 2960 ἐν
2556 2909 2696 2960 ἑπτά
2720 2909 2867 2959 ἐστιν
2895 2907 3077 2959 ἔτεσι·
3107 2905 3201 2959 δύο
3237 2905 3333 2957 μὲν
3368 2904 3751 2972 προσκλαιόν-

2169 3019 2299 3064 των,
2333 3000 2427 3053 δύο
2473 3000 2526 3050 δὲ
2554 3000 2945 3069 ἀκροωμένων,
2981 3000 3067 3068 ἐφ’
3103 3001 3314 3071 ἑτέροις
3341 3000 3395 3053 δὲ
3424 3000 3579 3052 δυσὶν
3609 2998 3752 3050 ὐπο-

2172 3092 2506 3156 πιπτόντων,
2535 3093 2628 3145 καὶ
2659 3092 2717 3144 ἐν
2762 3092 2842 3144 ἐνὶ
2887 3095 3004 3157 τοῖς
3057 3095 3271 3156 πιστοῖς
3308 3092 3751 3160 συνισταμένων,

490 3179 615 3235 tnit.
652 3180 1010 3236 Inveniuntur
1059 3192 1239 3238 autem
1292 3186 1623 3256 quandoque
1675 3190 1920 3243 nonnulli
1974 3192 2068 3259 qui

2171 3186 2246 3257 τῷ
2269 3186 2324 3239 δέ
2366 3185 2535 3253 ὀγδόῳ
2566 3185 3031 3255 παραδεχομένων
3078 3186 3157 3248 είς
3200 3185 3300 3255 τὴν
3344 3184 3583 3254 μετοχὴν
3649 3184 3755 3235 τῶν

489 3271 875 3329 fornicationis
904 3290 1079 3345 preme
1111 3278 1335 3331 obnoxii
1373 3287 1522 3345 sunt,
1557 3289 1610 3333 et
1641 3293 1880 3350 quatuor
1911 3287 2071 3340 annis

488 3371 827 3439 castigantur
862 3389 874 3424 :
910 3387 1020 3426 uno
1051 3374 1271 3441 quidem
1320 3374 1585 3431 deflentes
1632 3387 1786 3431 extra
1827 3382 2072 3436 ecclesia:

489 3464 757 3515 ambitum
814 3475 1047 3529 stantes,
1096 3470 1341 3522 secundo
1389 3479 1569 3521 autem
1621 3470 1687 3521 ad
1737 3472 2071 3525 auditionem

490 3556 757 3621 admissi,
810 3558 971 3611 tertio
1029 3559 1093 3612 ad
1143 3561 1520 3628 pmnitentiam
1585 3578 1721 3615 cum
1778 3564 2073 3621 substratis

492 3646 767 3709 coliocati,
819 3656 1019 3717 quarto
1059 3657 1242 3703 autem
1290 3665 1414 3703 cum
1464 3652 1665 3719 populo
1710 3656 2073 3718 conveniunt,

493 3737 563 3791 ab
596 3738 871 3792 oblatione
906 3740 1251 3795 abstinentes
1280 3759 1294 3806 ;
1337 3751 1390 3797 et
1424 3744 1475 3796 in
1525 3746 1720 3810 qttitttu
1754 3746 1882 3800 boni
1926 3764 2075 3802 como

494 3829 809 3883 munionem
842 3840 1245 3899 consequentes
1272 3850 1286 3886 :
1328 3842 1384 3887 ut
1411 3835 1504 3903 qui
1534 3836 1791 3890 mulieres
1827 3838 1907 3893 vel
1935 3840 2073 3894 clam

497 3920 583 3973 vel
619 3921 667 3973 vi
715 3935 741 3971 a
773 3935 832 3974 se
866 3922 1090 3978 vitiatas
1129 3925 1352 3985 habent,
1383 3927 1844 3994 quetnznlmndnm
1878 3931 2077 3985 vicvsi-

498 4028 621 4066 tnus
644 4015 919 4068 St‘CtllttltIS
942 4014 1187 4083 ejusdem
1215 4019 1387 4072 sancti
1411 4033 1585 4072 canon
1615 4022 1825 4076 statuit.
1853 4022 2065 4078 Secun-

496 4107 626 4159 dum
660 4107 809 4160 illum
842 4123 1132 4174 eanonem,
1164 4119 1220 4177 ut
1252 4110 1490 4175 videtur,
1521 4114 1612 4181 qui
1648 4113 1813 4183 bujus
1848 4117 2078 4171 eanonis

497 4198 776 4267 synOpsim
837 4198 983 4264 fecit,
1041 4202 1310 4254 minorem
1371 4198 1774 4257 fornicatorum
1836 4220 2075 4273 pmnam,

496 4293 625 4347 sive
666 4292 1088 4361 quadriennium
1142 4297 1420 4364 apposuit.
1477 4296 1738 4351 Prohibet
1788 4308 1969 4352 autem
2027 4306 2081 4352 et

500 4385 588 4438 bic
625 4400 800 4440 canon
837 4388 1073 4457 virgines
1105 4403 1231 4443 cum
1272 4388 1406 4443 viris
1442 4389 1547 4444 sub
1581 4405 1913 4459 quocunque
1943 4406 2081 4462 prae-

499 4486 651 4531 textu
683 4482 1019 4535 conversari.

2174 3270 2556 3346 άγιασμάτων,
2592 3274 2773 3338 καθὼς
2814 3277 2840 3327 ὁ
2874 3275 3241 3345 πεντηκοστὸς
3268 3276 3488 3337 ἔννατος
3532 3273 3630 3325 τοῦ
3662 3273 3759 3325 αὑ-

2174 3367 2271 3422 τοῦ
2297 3366 2537 3437 μεγάλου
2582 3366 2863 3420 Βασιλείου
2893 3364 3073 3419 κανὼν
3101 3365 3395 3435 διορίζεται
3428 3376 3446 3394 '
3470 3363 3758 3432 εὑρίσκονο

2175 3479 2267 3515 ται
2310 3463 2363 3513 δέ
2391 3478 2525 3513 ποτε
2578 3461 2671 3514 καί
2724 3478 2869 3523 τινες
2922 3460 2999 3529 τῷ
3030 3461 3126 3529 τῆς
3186 3459 3445 3531 πορνείας
3490 3457 3755 3525 ἐπιτιμίῳ

2177 3556 2475 3609 ὑπεύθυνοι
2507 3556 2682 3619 ὄντες,
2732 3554 2827 3607 καὶ
2869 3557 2925 3607 ἐν
2947 3555 3246 3625 τέσσαρσιν
3282 3554 3427 3605 ἔτεσι
3447 3552 3545 3620 τὴν
3578 3549 3757 3602 ἐπιτί-

2180 3666 2344 3719 μησιν
2380 3648 2629 3718 ἔχοντες·
2674 3651 2732 3701 ἐν
2764 3648 2843 3699 ἐνὶ
2879 3647 2935 3699 δὲ
2987 3646 3441 3717 προσκλαίοντες,

2177 3742 2492 3811 περιϐόλων
2523 3741 2623 3809 τῆς
2659 3739 2958 3811 ἐκκλησίας
2994 3739 3296 3808 ίστάμενει,
3326 3740 3383 3790 ἐν
3414 3736 3467 3789 δέ
3524 3735 3601 3805 τῷ
3636 3736 3756 3787 δευ-

2178 3837 2322 3906 τέρῳ
2349 3836 2426 3899 είς
2468 3835 2735 3906 ἀκρόασιν
2779 3831 3235 3902 παραδεχόμενοι,
3264 3831 3321 3881 ἐν
3350 3827 3427 3899 τῷ
3472 3826 3645 3899 τρίτῳ
3681 3829 3754 3887 εἰς

2183 3930 2475 3997 μετάνοιαν
2508 3928 2646 3997 μετά
2672 3927 2781 3979 τῶν
2808 3925 3244 3977 ὑποπιπτόντων
3296 3920 3623 3987 ταττόμενοι
3650 3934 3665 3945 ·
3702 3922 3755 3969 ἐν

3516 3646 3592 3708 ξω
3652 3644 3756 3695 τῶν

2178 4024 2234 4076 δὲ
2279 4020 2350 4090 τῷ
2386 4020 2631 4089 τετάρτῳ
2678 4021 2762 4082 είς
2829 4018 3092 4071 σύστασιν
3129 4016 3266 4085 μετὰ
3316 4014 3407 4066 τοῦ
3462 4011 3617 4074 λαοῦ,
3660 4011 3755 4079 τῆς

2181 4116 2504 4184 προσφορᾶς
2566 4113 2943 4181 ἀπεχόμενοι·
3004 4110 3094 4161 καὶ
3155 4111 3212 4160 ἐν
3259 4125 3335 4175 τῳ
3390 4106 3632 4175 πέμπτῳ
3665 4105 3755 4171 τῆς

2179 4205 2274 4258 τοῦ
2290 4204 2498 4272 ἀγαθοῦ
2527 4203 2807 4265 κοινωνίας
2826 4201 3286 4269 ἐπιτυγχάνοντες
3309 4214 3321 4225 ·
3343 4196 3416 4259 ὡς
3442 4198 3490 4248 oi
3526 4197 3756 4263 γυναῖκα

2181 4298 2395 4366 ἔχοντες
2443 4298 2506 4349 ἐκ
2541 4296 2805 4364 διαφορᾶς
2859 4294 3147 4364 λαθραίας,
3200 4291 3366 4361 ἣκαὶ
3420 4288 3755 4358 βιαιοτέρας,

2181 4390 2363 4451 καθὼς
2391 4394 2416 4443 ό
2444 4389 2686 4451 εἰκοστὸς
2721 4387 2974 4456 δεύτερος
3027 4385 3209 4439 κανὼν
3259 4384 3353 4435 τοῦ
3387 4380 3558 4436 αὑτοῦ
3606 4380 3756 4447 ἁγίου

2183 4484 2567 4552 διαλαμϐάνει·
2600 4482 2722 4534 κατ’
2776 4479 2940 4531 αὐτὸν
3006 4477 3097 4530 τὸν
3138 4475 3363 4539 κανόνα,
3430 4474 3503 4536 ὡς
3562 4472 3757 4533 ἔοικεν,

499 4574 594 4626 τὸν
624 4575 869 4644 παρόντα
915 4575 1207 4645 συνοψίσας
1238 4579 1461 4643 κανόνα,
1503 4578 1565 4631 τὸ
1594 4573 1757 4648 ἦττον
1797 4578 2075 4647 ἐπιτίμιον
2112 4577 2222 4630 τῶν
2254 4578 2652 4647 πορνευόντων,
2684 4575 2854 4645 ἤγουν
2912 4571 3009 4640 τὴν
3039 4569 3382 4638 τετραετίαν,
3441 4565 3753 4635 προσέθετο.

500 4670 714 4722 κωλύει
747 4670 802 4723 δέ
838 4673 865 4724 ὁ
900 4670 1084 4725 κανὼν
1124 4667 1282 4735 οὗτος
1340 4675 1430 4728 καὶ
1462 4676 1561 4739 τὰς
1636 4675 1945 4745 παρθένους
2018 4678 2161 4747 μετὰ
2202 4674 2416 4745 ἀνδρῶν
2466 4674 2602 4734 ὅλως
2677 4666 3219 4737 συναναστρέφεσθαι
3280 4663 3402 4717 καθ’
3451 4662 3756 4731 οἱανδὴτινα

501 4767 794 4840 πρόφασιν.

1102 4858 1332 4921 CANON
1372 4868 1491 4923 XX.

572 4955 629 5008 5|
662 4954 894 5023 alicujus
934 4970 1073 5010 uxor
1106 4958 1409 5011 adulterata
1443 4958 1625 5021 fuerit,
1682 4961 1762 5014 vel
1795 4961 1918 5031 quis
1957 4975 2076 5014 eam

583 5068 600 5100 ‹
643 5049 1056 5115 :ululteraverit,
1094 5059 1308 5119 oportet
1369 5069 1493 5106 eum
1549 5054 1601 5107 iu
1658 5066 1862 5123 septem
1920 5055 2078 5108 annis

581 5161 598 5192 ι
639 5144 782 5208 quod
816 5140 1109 5208 perfectum
1146 5152 1230 5197 est
1263 5145 1501 5213 assequi,
1542 5161 1635 5214 per
1666 5145 1866 5214 gradus
1900 5146 1990 5214 qui
2015 5159 2078 5199 eo

585 5258 599 5285 ι
646 5236 944 5289 deducunt.
988 5253 1005 5286 ι

585 5326 778 5384 liALS.
819 5327 875 5383 In
910 5329 1146 5399 septimo
1183 5330 1521 5398 octogesimo
1556 5337 1609 5383 et
1638 5329 1689 5382 in
1726 5330 2082 5399 nonagesimo

512 5430 711 5472 0"i‘.t\0
744 5435 957 5473 Canonc
1017 5421 1209 5488 synodi
1272 5420 1323 5472 in
1370 5418 1581 5483 Tt‘ullo,
1638 5419 1705 5473 de
1746 5420 1994 5473 adultero
2034 5429 2086 5472 et

512 5513 763 5565 adultera
811 5511 1148 5566 snﬂieienter
1189 5512 1564 5564 tractavimus.
1622 5508 1871 5565 Pt-a'sens
1905 5518 2085 5563 autem

512 5621 691 5661 canoa
726 5622 821 5660 eos
862 5614 1051 5659 sancta
1091 5603 1477 5658 communione
1507 5603 1703 5672 dignos
1734 5617 1853 5656 esse
1888 5601 2094 5654 baben-

516 5701 620 5753 dos
654 5700 923 5760 decrevit,
956 5706 1079 5768 post
1109 5705 1315 5765 septem
1352 5711 1526 5751 annos
1561 5696 1615 5749 in
1652 5696 1851 5765 gradus
1905 5708 2096 5763 pcena-

517 5805 638 5846 tum
680 5791 1018 5857 dispertitos.
1073 5788 1214 5859 L‘ege
1257 5794 1310 5842 et
1346 5802 1511 5841 unum
1572 5798 1627 5841 et
1681 5784 1999 5840 vicesimum
2045 5797 2099 5839 et

519 5881 841 5940 vicesimum
868 5878 1165 5939 secundum
1197 5892 1465 5934 canonetn
1508 5873 1683 5932 sancti
1714 5872 1920 5931 Basilii.

2797 4857 3037 4913 ΚΛΝΩΝ
3065 4856 3149 4909 ιιι.

2192 4980 2212 5015 c
2271 4960 2399 5014 Ἐάν
2456 4972 2603 5018 τινος
2636 4952 2776 5023 γυνὴ
2839 4949 3123 5021 μοιχευθῇ,
3181 4982 3191 5017 ι
3248 4958 3515 5015 μοιχευσῃ
3550 4959 3649 5001 τις,
3704 4940 3724 4989 ἐ

2269 5072 2287 5105 ‹
2323 5048 2463 5104 ἐπτὰ
2488 5050 2633 5102 ἔτεσι
2654 5048 2735 5099 δεῖ
2752 5044 2914 5098 αὐτὸν
2930 5042 3025 5095 τοῦ
3045 5040 3251 5093 τελείου
3276 5039 3457 5107 τυχεῖν
3479 5035 3622 5088 κατά
3642 5032 3754 5092 τοὶ,

2271 5164 2287 5197 ι
2323 5142 2565 5215 βαθμοὺς
2593 5142 2717 5203 τοὺς
2750 5136 3119 5209 προάγοντας.
3166 5150 3184 5183 ι

2268 5322 2460 5377 ΒΑΛΣ.
2494 5318 2669 5388 Ἐντῷ
2689 5316 2772 5381 πξ⁹
2792 5315 2880 5368 καλ
2897 5312 2983 5382 κη’
3002 5310 3188 5365 κανόνι
3212 5310 3305 5377 τῆς
3326 5308 3382 5359 ἐν
3410 5305 3489 5375 τῷ
3508 5303 3757 5374 Τρούλλῳ

2198 5417 2415 5472 συνόδου
2451 5412 2767 5483 ἀρκούντως
2796 5407 3115 5476 διελάϐομεν
3147 5403 3275 5474 περὶ
3316 5399 3629 5471 μοιχαλίδος
3676 5394 3761 5447 καὶ

2202 5508 2414 5581 μοιχοῦ.
2463 5508 2522 5558 Ὀ
2578 5504 2635 5557 δὲ
2669 5500 2859 5572 παρὼν
2912 5498 3089 5551 κανῦν
3127 5484 3424 5563 δίορίζεται
3486 5485 3765 5553 ἀξιοῦσθαι

2192 5604 2403 5663 τοῖτοις
2432 5599 2534 5667 τῆς
2566 5597 2727 5665 ἁγίας
2761 5590 3115 5663 μεταλήψεως
3167 5586 3303 5655 μετὰ
3353 5582 3493 5635 ἑπτά
3547 5581 3640 5647 ἐτη
3676 5593 3767 5628 και

2196 5692 2605 5762 ταμεριζόμενα
2672 5690 2751 5750 εἰς
2786 5686 2914 5745 τοὺς
2988 5681 3231 5752 βαθμοὺς
3288 5676 3397 5729 τῶν
3456 5670 3766 5762 ἐπιτιμίων.

2209 5757 2511 5849 ’Λνᾶγνωθι
2562 5781 2657 5835 καὶ
2694 5777 2783 5831 τὸν
2814 5772 2893 5829 κα⁹
2950 5771 3150 5828 κανόνα
3202 5769 3295 5821 καὶ
3348 5762 3430 5833 κβ⁸
3468 5761 3565 5815 τοῦ
3619 5757 3770 5829 ἁγίαν

2199 5871 2502 5927 Βασιλείου.
