3990 6482
343 5793 351 5818 l

457 325 586 396 1191

531 456 550 491 ι
601 444 863 506 quunlttt',
888 434 1056 489 vel'ln
1088 445 1218 490 suas
1245 429 1387 486 :edes
1413 428 1624 499 aliquos
1655 427 2028 488 introducunt,
2059 429 2105 486 Α

537 551 555 584 ι
598 531 665 585 ad
703 528 1094 583 medicamenta
1147 537 1264 579 arte
1303 520 1651 586 invenienda,
1703 519 1785 574 vel
1829 520 2030 574 lustra-

533 641 550 673 ι
595 622 814 685 tionem,
881 619 933 674 in
986 615 1350 689 quinquennii
1416 630 1681 669 canonem
1763 613 2028 675 incidant,

529 734 548 767 ι
594 717 896 770 secundum
936 712 1136 782 gradus
1185 711 1477 771 delinitos;
1530 717 1640 762 tres
1687 722 1859 762 annos
1899 707 2031 761 sub-

530 825 548 858 c
597 806 901 871 strationis,
935 814 989 860 et
1021 805 1154 858 duos
1185 817 1361 857 annos
1396 801 1659 857 orationis
1707 802 1850 856 sine"
1879 799 2033 854 obla.

530 919 547 952 ι
595 899 762 952 tione.
808 917 827 950 ι

528 989 722 1052 BALS.
761 989 1046 1052 Nonfsolos
1079 990 1506 1059 pnestigiatorcs
1536 997 1588 1042 et
1620 995 1772 1042 vates
1798 987 2031 1057 puniunt

454 1096 694 1134 canones
727 1120 740 1144 ,
776 1078 868 1133 sed
903 1087 956 1133 et
995 1093 1088 1132 eos
1118 1079 1281 1132 etiam
1325 1078 1416 1147 qui
1466 1077 1572 1132 illis
1612 1085 1855 1130 utuntur.
1883 1074 2032 1141 Quo-

456 1173 599 1224 niam
641 1185 769 1236 ergo
804 1169 1052 1222 nonnulli
1089 1176 1438 1240 aegrotantes,
1473 1177 1525 1222 et
1559 1168 1770 1222 artibus
1803 1167 2025 1236 magicis

456 1277 514 1316 se
560 1264 631 1316 ita
667 1262 804 1315 allici
831 1263 1238 1326 existimantes,
1297 1261 1380 1316 vel
1414 1261 1574 1316 etiam
1606 1276 1728 1314 cum
1765 1259 2027 1330 quasdam

457 1367 543 1405 res
599 1354 663 1404 ad
695 1367 754 1406 se
799 1352 1140 1420 pertinentes
1198 1351 1605 1420 perdidissent,
1663 1351 2030 1406 incantatorcs

456 1441 511 1495 in
553 1443 695 1496 ardes
753 1457 883 1496 suas
950 1441 1324 1508 accersebant,
1382 1443 1474 1511 qui
1536 1442 1936 1511 pollicebantur
1971 1458 2031 1498 se

457 1542 604 1587 artes
641 1537 880 1603 magicas
905 1536 1242 1597 inventuros,
1274 1549 1338 1588 ex
1371 1533 1577 1603 quibus
1621 1534 1830 1588 scilicet
1856 1548 2033 1603 aegro-

459 1637 636 1680 tantes
675 1626 1096 1691 decumbebant,
1129 1635 1181 1680 et
1212 1640 1398 1680 eorum
1446 1623 1906 1679 abominationem
1939 1638 2032 1682 ex-

455 1719 726 1789 piaturos;
770 1719 850 1772 vel
893 1719 944 1772 id
973 1720 1156 1786 etiam,
1192 1717 1338 1790 quod
1387 1719 1650 1773 amissum
1694 1723 1832 1780 erat,
1889 1715 2030 1768 indi-

455 1816 710 1873 caturos;
801 1808 891 1862 alii
961 1823 1091 1862 vero
1162 1807 1458 1879 gentilibus
1541 1805 2032 1861 consuetudinibus

455 1905 693 1952 tuentem
743 1899 1085 1964 adhibentes,
1145 1900 1213 1953 de
1279 1899 1532 1958 felicibus
1597 1907 1650 1953 et
1717 1897 2028 1954 infelicibus

454 1991 663 2043 eventis
697 1989 1104 2066 interrogabant
1137 1991 1443 2058 astrologos
1470 1989 1634 2061 400
1659 1997 1711 2043 et
1741 1991 1898 2050 alios,
1938 1988 2030 2058 qui

454 2079 791 2133 dmmoniaca
829 2096 993 2149 Opera
1037 2088 1313 2143 tractant:
1345 2089 1658 2136 statuerunt
1707 2079 1920 2144 Patres,
1973 2089 2033 2134 ut

457 2171 492 2224 ii
529 2171 905 2240 quinquennio
949 2187 1140 2241 poenas
1197 2171 1423 2238 darent;
1469 2183 1531 2225 ut
1586 2173 1761 2226 tribus
1825 2173 2035 2228 scilicet

454 2267 615 2319 annis
642 2273 828 2318 essent
849 2264 1146 2331 substrati;
1177 2271 1230 2319 et
1259 2276 1444 2333 postea
1477 2263 1658 2322 divina
1691 2271 2031 2320 sacramenta

457 2358 740 2428 percipere
771 2358 919 2427 digni
951 2360 1416 2412 existimarentur.
1449 2355 1587 2427 Lege
1629 2357 1792 2410 etiam
1827 2355 1885 2410 6|
1943 2372 2033 2412 ca-

456 2462 652 2500 nonem
695 2462 818 2517 syu.
879 2447 932 2500 in
974 2447 1180 2512 Trullo,
1243 2457 1297 2503 et
1354 2464 1476 2518 quae
1539 2448 1592 2502 in
1652 2465 1776 2502 eum
1831 2449 2033 2519 scripta

457 2547 623 2604 sunt;
663 2548 716 2592 et
755 2539 826 2594 85
856 2553 1124 2594 canonem
1170 2541 1344 2595 sancti
1379 2539 1585 2605 Basilii,
1633 2553 1726 2594 eos
1771 2540 2034 2595 sexennio

457 2630 794 2700 punientem.
854 2632 1133 2686 Memento
1183 2639 1401 2696 autem,
1465 2647 1561 2688 eos
1629 2633 1792 2686 etiam
1842 2633 2034 2687 iisdem

459 2721 637 2790 poenis
668 2723 1064 2791 subjiciendus,
1097 2724 1188 2794 qui
1222 2723 1680 2779 incantatricibus
1720 2733 1775 2778 et
1804 2724 2032 2791 critriis,

455 2820 511 2864 et
542 2810 629 2871 iis,
659 2813 932 2884 qnze‘cum
980 2812 1182 2868 hordeo
1209 2813 1482 2881 divinant,
1543 2813 1699 2867 tidem
1748 2812 2029 2868 adhibent.

526 2992 783 3048 ZONAR.
827 2993 1115 3051 Vaticiniis
1152 2996 1245 3053 uti
1292 2995 1666 3052 Christianum
1730 2994 2030 3063 hominem,

1727 316 2006 380 THEOD.
2054 313 2451 377 BALSAMON

3563 302 3690 370 1192

2209 441 2228 475 ι
2272 422 2442 475 ἐθνῶν
2471 418 3015 482 κατακολουθοῦντες,
3050 417 3082 491 ἦ
3110 415 3420 486 εἰσάγοντες
3444 432 3590 476 τινας
3621 420 3697 476 ε’ς

2210 534 2228 566 ι
2274 516 2400 576 τοὺς
2431 514 2642 567 ἑαυτῶν
2662 512 2844 574 οἴκους
2870 511 2965 564 ἐπὶ
2995 510 3281 581 ἀνευρέσει
3314 507 3690 579 φαρμακειῶν,

2209 625 2227 662 ι
2276 609 2304 674 ἦ
2342 605 2436 659 καὶ
2483 604 2772 675 καθάρσει,
2815 603 2918 655 ὑπὸ
2959 601 3054 655 τὸν
3107 601 3308 654 κανόνα
3353 599 3693 652 πιπτέτωσαν

2206 718 2226 752 ι
2269 699 2369 767 τῆς
2394 697 2716 760 πενταετίας
2745 696 2889 750 κατὰ
2910 695 3036 756 τοὺς
3075 693 3320 763 βαθμοὺς
3365 689 3695 763 ὡρισμένους

2209 812 2226 845 ι
2271 792 2398 862 τρία
2428 790 2521 861 ἐτη
2553 789 2943 850 ὑποπτῶσεως,
2967 786 3174 840 καὶδύο
3203 785 3296 855 ἔτη
3325 785 3513 854 εὐχῆς,
3535 783 3697 852 χωρὶς

2207 904 2225 938 ι
2271 886 2605 957 προσφορᾶς.
2649 901 2667 935 ι

2203 976 2280 1030 Oti
2317 976 2514 1044 μόνους
2555 974 2682 1038 τοὺς
2720 975 2925 1044 γόητας
2969 970 3214 1034 καὶτοὺς
3272 971 3494 1040 μάντεις
3551 965 3702 1038 κολά-

2134 1069 2317 1132 ζουσιν
2343 1069 2391 1120 οἱ
2422 1067 2669 1128 κανόνες,
2696 1066 2834 1119 ἀλλὰ
2863 1067 2956 1118 καὶ
2986 1064 3113 1126 τοὺς
3145 1061 3464 1134 χρωμένους
3496 1058 3698 1121 αὐτοῖς.

2147 1159 2300 1212 Ἐπεὶ
2326 1156 2417 1211 οὖν
2446 1175 2592 1221 τινες
2626 1155 3067 1227 νοσηλευόμενοι,
3107 1153 3202 1207 καὶ
3233 1150 3555 1224 νομίζοντες
3598 1147 3698 1210 ἀπὸ

2133 1252 2495 1324 φαρμακειῶν
2527 1251 2780 1320 πάσχειν,
2812 1250 2845 1319 ἢ
2881 1250 2978 1303 καὶ
3013 1245 3386 1306 ἀπολέσαντες
3425 1259 3554 1296 τινα
3596 1240 3700 1294 τῶν

2133 1346 2447 1417 προσόντων
2508 1345 2714 1412 αὐτοῖς,
2748 1343 3146 1415 μετεκαλοῦντο
3186 1341 3392 1409 γόητας
3449 1340 3533 1399 είς
3586 1338 3704 1401 τοὺς

2135 1439 2318 1503 οἴκους
2353 1435 2557 1503 αὐτῶν,
2591 1427 2846 1507 ἐφευρεῖν
2875 1433 3385 1504 ἐπαγγελλομένους
3434 1430 3489 1482 ἑν
3529 1429 3705 1491 αὐτοῖς

2131 1529 2230 1593 τὰς
2273 1529 2530 1599 μαγείας,
2564 1527 2622 1595 ιξ
2669 1521 2744 1581 ὧν
2789 1526 2949 1596 δῆθεν
3005 1523 3408 1592 κατεκλίθησαν
3458 1521 3512 1575 οί
3559 1537 3702 1588 νοση-

2131 1623 2435 1693 λευόμενοι,
2467 1623 2562 1676 καὶ
2587 1622 2823 1692 καθᾶραι
2854 1621 2914 1674 τὸ
2943 1620 3049 1674 ἀπὸ
3078 1617 3286 1672 τούτων
3313 1615 3510 1684 μῦσος,
3548 1615 3582 1685 ἢ
3615 1616 3704 1666 καὶ

2131 1715 2191 1769 τὸ
2233 1715 2538 1778 άπολεσθὲν
2594 1712 3018 1784 καταμηνύσαι·
3072 1709 3224 1764 ἄλλοι
3269 1708 3325 1761 δὲ
3395 1705 3705 1776 συνηθείαις

2135 1805 2376 1869 ἐθνικαῖς
2435 1805 2794 1876 προσέχοντες
2845 1803 2977 1873 περὶ
3024 1801 3419 1872 εὐτυχημάτων
3459 1799 3559 1851 καὶ
3587 1798 3705 1852 δυσ-

2131 1899 2469 1970 τυχημάτων
2505 1901 2807 1969 ἐρωτήσεις
2866 1895 3160 1960 ἐποιοῦντο
3205 1894 3313 1957 ἀπο
3347 1892 3701 1962 ἀστρολόγων

2135 1994 2228 2046 καὶ
2276 1993 2476 2059 ἑτέρων
2547 1989 2892 2060 δαιμωνιώιδη
2943 1986 3477 2064 μεταχειριζομένων
3531 1983 3702 2054 ἔργα·

2133 2084 2345 2155 ὥρισαν
2385 2083 2433 2135 οί
2484 2081 2725 2151 Πατέρες
2769 2082 2862 2134 ἐπὶ
2899 2078 3225 2139 πενταετίαν
3259 2076 3488 2140 τούτους
3535 2076 3704 2127 ἐπιτι-

2139 2176 2365 2246 μᾶσθαι,
2395 2175 2562 2246 ἤγουν
2588 2175 2682 2228 ἐπὶ
2715 2173 2815 2242 μὲν
2840 2171 3020 2242 τρισὶν
3047 2172 3224 2224 ἔτεσιν
3265 2170 3622 2229 ὑποπίπτειν.
3650 2169 3703 2220 ὲν

2133 2267 2188 2320 δὲ
2216 2267 2365 2320 δυσὶν
2392 2265 2644 2335 εὓχεσθαι
2680 2264 2819 2336 μετὰ
2851 2265 2958 2318 τῶν
2990 2264 3218 2327 πιστῶν,
3240 2262 3332 2315 καὶ
3365 2262 3508 2332 μετὰ
3535 2261 3705 2315 ταῦτα

2135 2357 2420 2426 ἀξιοῦσθαι
2459 2357 2568 2410 τῶν
2615 2355 2777 2410 θείων
2825 2356 3210 2429 ἁγιασμάτων.
3254 2353 3568 2422 Ἀνάγνωθι
3617 2352 3707 2406 καὶ

2134 2449 2226 2501 τὸν
2263 2446 2345 2522 ξα¹
2373 2448 2572 2501 κανόνα
2596 2447 2695 2518 τῆς
2725 2448 2783 2500 ὲν
2811 2446 2888 2517 τῷ
2918 2445 3177 2517 Τρούλλῳ
3226 2445 3477 2508 συνόδου,
3511 2445 3608 2496 καὶ
3641 2444 3705 2496 τὰ

2137 2543 2196 2594 ὲν
2231 2541 2379 2612 αύτῷ
2413 2541 2720 2611 γραφέντα,
2775 2539 2992 2592 καὶτὸν
3022 2544 3114 2607 πγ¹
3159 2539 3358 2592 κανόνα
3407 2536 3502 2591 τοῦ
3557 2537 3706 2604 ἁγίου

2136 2632 2421 2685 Βασιλείου
2479 2632 2573 2685 ἐπὶ
2625 2631 2877 2698 ἑξαετίαν
2928 2630 3268 2698 ἐπιτιμῶντα
3301 2627 3554 2692 τούτους.
3588 2630 3709 2700 Ἔχε

2137 2723 2194 2778 δὲ
2228 2725 2319 2778 ἐπὶ
2370 2725 2594 2795 μνήμης
2641 2725 2723 2778 ὅτι
2759 2726 2870 2789 τοῖς
2901 2725 3086 2787 αὐτοῖς
3136 2724 3437 2793 ἐπιτιμίοις
3471 2722 3709 2776 ὑποϐάλ-

2133 2813 2322 2869 λονται
2353 2817 2447 2869 καὶ
2477 2817 2526 2868 oi.
2551 2817 2985 2888 προσερχόμενοι
3013 2815 3394 2886 γοητευτρίαις
3441 2815 3541 2867 καὶ
3591 2832 3709 2885 κρι-

2137 2904 2316 2975 τρίαις
2339 2905 2434 2959 καὶ
2459 2907 2578 2967 ταῖς
2602 2906 2740 2977 μετὰ
2771 2905 2977 2975 κριθῶν
3011 2904 3462 2976 μαντευομέναις.

2215 2995 2460 3051 ΖΩΝΑΡ.
2525 2996 2600 3048 Τὸ
2665 2996 2971 3066 κεχρῆσθαι
3034 2993 3377 3066 μαντεύμασι
3441 3012 3539 3048 και
3596 2997 3712 3058 ταῖς

458 3085 802 3140 ethnicorum
858 3096 912 3142 et
958 3087 1278 3146 Graecorum
1335 3087 1760 3144 consuetudines
1809 3088 2030 3155 sectari,

2140 3087 2380 3151 ἐθνικαῖς
2427 3087 2460 3164 ἢ
2503 3088 2595 3140 καὶ
2638 3083 2981 3160 Ἑλληνικαῖς
3023 3087 3337 3148 ἀκολουθεῖν
3391 3087 3708 3158 συνηθείαις

461 3187 621 3245 atque
657 3178 722 3231 ad
755 3180 880 3232 mali
913 3181 1191 3250 pharmaci
1241 3179 1569 3250 cujuspiam,
1614 3179 1718 3241 hoc
1753 3189 1838 3235 est
1874 3196 2036 3238 vene-

466 3269 571 3322 licii
627 3271 996 3326 inventionem
1059 3272 1486 3342 prtestigiatores
1546 3270 1833 3326 admittere
1887 3271 2032 3341 (qui-

466 3362 694 3415 l-usdam
732 3362 868 3417 forte
901 3364 955 3417 in
986 3380 1047 3418 ea
1081 3379 1140 3418 re
1188 3373 1315 3418 tunc
1360 3363 1586 3418 nimium
1635 3362 1912 3433 curiosis),
1951 3363 2034 3418 vel

465 3469 561 3506 eos
595 3453 659 3506 ad
696 3455 933 3509 remedia
966 3457 1244 3512 veneliciis
1293 3457 1580 3525 quaerenda
1626 3455 1885 3511 adbibere
1942 3457 2035 3510 hic

466 3559 638 3599 canon
679 3555 823 3599 vetat
858 3563 870 3600 :
911 3547 1114 3616 quique
1171 3546 1235 3600 iis
1267 3548 1353 3600 usi
1397 3546 1622 3612 fuerint,
1676 3546 2034 3616 quinquennii

467 3653 680 3706 prauam
719 3639 1046 3706 persolvere,
1087 3653 1149 3703 ae
1190 3639 1364 3692 tribus
1408 3639 1624 3707 quidem
1683 3638 1845 3694 annis
1903 3640 2036 3693 sub-

465 3729 660 3788 sterni,
714 3729 925 3783 duobus
974 3729 1028 3781 in
1087 3738 1357 3782 conventu
1425 3727 1662 3784 ﬁdelium
1720 3729 2035 3794 consistere,

471 3819 880 3888 preeatiouique
940 3819 1101 3873 simul
1162 3834 1393 3884 vacare,
1471 3820 1846 3894 quinquennio
1911 3835 2039 3874 vero

465 3911 680 3978 expleto
717 3911 782 3964 ad
842 3911 975 3964 Boni
1022 3920 1278 3980 praeterea
1330 3912 1766 3965 communionem
1826 3911 2039 3967 admitti

459 4001 636 4071 jubet.
700 4000 922 4072 Magnus
1001 4017 1131 4057 vero
1190 4001 1418 4057 Basilius
1491 4001 1820 4072 octogesimo
1882 4003 2040 4058 tertio

464 4110 693 4157 canone,
720 4094 989 4162 ejusmodi
1025 4093 1270 4150 homines
1309 4093 1556 4150 sexennii
1603 4109 1763 4166 poma
1803 4096 2039 4175 punien-

463 4183 563 4238 dos
600 4201 720 4239 esse
755 4186 1016 4240 decernit.

465 4273 693 4329 AlllS’l‘.
731 4296 748 4329 ι
791 4277 894 4341 Qui
925 4276 1202 4332 vaticiniis
1255 4278 1451 4345 utitur,
1502 4289 1554 4334 et
1593 4279 1686 4351 qui
1732 4281 2036 4352 quempiam

545 4387 564 4420 τ
606 4369 658 4425 in
689 4369 910 4426 domum
944 4368 1186 4424 veneﬁcii
1205 4371 1552 4439 exquirendi,
1581 4381 1672 4427 aut
1700 4373 2034 4430 lustrationis

545 4478 564 4510 ι
603 4474 767 4514 causa
801 4459 1120 4528 introducit,
1153 4461 1531 4532 quinquennio
1557 4463 1858 4533 subjaceat.
1903 4483 1922 4516 ι

538 4549 642 4616 Qui
673 4551 887 4606 vatihus
925 4560 1017 4606 aut
1045 4552 1499 4620 incantatoribus,
1548 4562 1642 4616 aut
1673 4555 2038 4614 amuletorum

464 4646 873 4715 praebitoribus,
917 4646 1003 4702 vel
1034 4646 1157 4702 aliis
1202 4645 1514 4704 istiusmodi
1564 4647 1806 4718 seipsum
1853 4647 2036 4710 tradit,

465 4748 526 4792 ut
559 4737 869 4793 revelentur
901 4754 1020 4808 quae
1055 4737 1108 4792 in
1141 4738 1416 4794 desiderio
1444 4737 1630 4802 habet,
1669 4738 1753 4793 vel
1798 4752 1895 4808 per
1924 4752 2040 4793 me-

465 4832 771 4885 dicamenta
803 4831 1004 4885 malum
1051 4831 1191 4886 male
1241 4838 1421 4896 sanat,
1450 4829 1745 4885 triennium
1797 4830 2042 4886 subster-

467 4928 650 4986 netur,
713 4930 767 4976 et
826 4922 1104 4982 biennium
1167 4936 1294 4977 cum
1351 4921 1600 4977 ﬁdelibus
1656 4921 1942 4987 consistet,
1987 4929 2041 4977 et

467 5024 693 5079 precum
730 5013 971 5067 solarum
1005 4996 1282 5083 particeps
1311 5013 1436 5077 erit,
1484 5023 1540 5068 et
1590 5012 1673 5067 sie
1715 5021 1834 5082 post
1879 5011 2040 5081 quin-

470 5103 766 5170 quennium
819 5104 884 5158 de
933 5105 1203 5160 oblatione
1245 5103 1614 5175 participabit.
1653 5104 1722 5168 At
1766 5103 2043 5172 sexagesi-

473 5209 596 5252 mus
629 5198 840 5270 primus
869 5207 1036 5253 sexta:
1070 5198 1262 5269 synodi
1298 5199 1354 5251 in
1389 5195 1574 5253 Trulla
1609 5211 1788 5256 canon
1820 5196 1980 5252 talem
2008 5210 2039 5250 a

469 5292 853 5348 communione
881 5306 970 5346 sex
1001 5305 1175 5346 annos
1206 5289 1503 5345 arcendum
1541 5290 1753 5344 statuit.

2134 3180 2262 3243 τοὺς
2308 3178 2691 3245 Χριστιανοὺς,
2750 3179 2844 3230 καὶ
2905 3178 3107 3250 γόητας
3161 3176 3564 3248 προσδέχεσθαι
3624 3179 3712 3234 ἐπὶ

2137 3270 2419 3342 ἀνευρέσει
2453 3269 2807 3340 φαρκακειῶν
2839 3270 2957 3341 ἤτοι
2989 3269 3237 3340 μαγειῶν
3265 3269 3338 3331 ὡς
3370 3271 3516 3340 τάχα
3559 3270 3710 3341 παρά

2136 3379 2298 3416 τινων
2356 3361 2940 3433 περιεργασθέντας,ἢ
2999 3361 3088 3413 ἐπὶ
3138 3360 3405 3430 καθάρσει
3452 3361 3563 3414 τῶν
3590 3378 3712 3431 γοηφ

2135 3455 2295 3508 τειῶν
2325 3453 2755 3525 προσκαλεῖσθαι
2785 3454 3002 3518 αὐτοὺς,
3026 3455 3424 3525 ἀπηγόρευται,
3459 3455 3558 3508 καὶ
3589 3457 3708 3520 τοὺς

2137 3545 2346 3608 τούτοις
2371 3545 2688 3615 χρωμένους
2729 3547 2756 3598 ό
2790 3545 2970 3598 κανὼν
3003 3545 3109 3598 ὑπὸ
3136 3547 3417 3617 ἐπιτίμιον
3464 3549 3702 3601 ποιεῖται

2138 3641 2486 3705 πενταετίας,
2513 3640 2589 3702 ὡς
2635 3639 2762 3716 τρία
2805 3638 2899 3708 ἔτη
2953 3637 3306 3702 ὑποπίπτειν,
3341 3639 3567 3692 καὶδύο
3618 3639 3706 3712 ἐτη

2140 3727 2498 3800 συνεύχεσθαι
2545 3731 2657 3791 τοῖς
2691 3729 2903 3790 πιστοῖς
2926 3742 2939 3757 ⁸
2975 3728 3118 3796 μετὰ
3147 3726 3203 3779 δὲ
3249 3728 3348 3800 τὴν
3389 3729 3710 3782 πενταετίαν

2138 3805 2419 3885 ἀξιοῦνται
2455 3820 2550 3874 καὶ
2586 3819 2688 3890 τῆς
2733 3819 2825 3872 τοῦ
2871 3819 3100 3888 Ἀγαθοῦ
3146 3819 3526 3892 μεταλήψεως.
3573 3820 3632 3872 ὐ
3659 3819 3710 3874 ἃ

2142 3913 2315 3981 μέγας
2348 3911 2624 3976 Βασίλειος
2671 3913 2727 3965 ὲν
2763 3909 3106 3981 ὀγδοηκοστῷ
3135 3911 3305 3982 τρίτῳ
3337 3911 3708 3978 κανόνιΐξαετ-

2138 4003 2262 4068 τίας
2293 4004 2557 4075 ἐπιτιμίῳ
2588 4003 2714 4067 τοὺς
2744 4002 3021 4068 τοιούτους
3050 4002 3294 4068 κολάζει.

2138 4260 2360 4319 ΔΡΙΣΤ.
2429 4278 2448 4313 ι
2511 4261 2572 4315 '0
2614 4261 3189 4331 καταμαντευόμενος,
3241 4261 3338 4314 καὶ
3384 4260 3415 4313 ό
3475 4261 3709 4330 εἰσάγων

2219 4371 2239 4404 ‹
2284 4352 2406 4406 τινὰ
2436 4353 2494 4406 ὲν
2525 4352 2602 4423 τῷ
2644 4354 2776 4422 οῖκῳ
2811 4353 2904 4406 ἐπὶ
2935 4354 3219 4424 ἀνευρέσει
3251 4353 3640 4422 φαρμακειῶν,
3676 4352 3706 4429 ἢ

2213 4466 2232 4498 ι
2280 4446 2566 4516 καθάρσει,
2603 4444 2926 4498 πενταετίαν
2952 4443 3329 4498 ὑποπιπτέτω.
3372 4462 3393 4496 ι

2233 4536 2293 4592 Ὀ
2338 4535 2682 4612 μάντεσιν,ἢ
2731 4537 3072 4606 γοητευταῖς,
3113 4535 3146 4606 ἢ
3195 4533 3616 4605 φυλακτηρίοις,
3673 4532 3704 4604 ἢ

2139 4632 2352 4701 ἑτέροις
2399 4629 2516 4683 τισὶ
2562 4628 2825 4691 τοιούτοις
2871 4628 3066 4687 ἑαυτὸν
3122 4626 3461 4692 ἐκδεδωκὼς,
3490 4628 3587 4687 ἐπὶ
3633 4626 3708 4696 τῷ

2141 4721 2555 4791 ὲκκαλυφθῆναι
2603 4719 2638 4774 ἃ
2687 4718 2757 4773 δι’
2787 4717 3084 4789 ἐπιθυμίας
3118 4717 3252 4788 εχει,
3287 4719 3320 4790 ἢ
3352 4719 3445 4770 ἐπὶ
3491 4734 3707 4786 φαρμα-

2141 4818 2298 4879 κείας
2329 4813 2488 4885 κακῷ
2535 4812 2594 4865 τὸ
2641 4812 2809 4868 κακὸν
2859 4811 3126 4881 ἰώμενος·
3163 4813 3254 4863 ἐπὶ
3292 4811 3539 4881 τριετίαν
3579 4812 3708 4861 ὐπο-

2142 4909 2412 4971 πεσεῖται,
2446 4906 2540 4960 καὶ
2571 4907 2662 4958 ἐπὶ
2693 4904 2897 4961 διετίαν
2949 4903 3282 4973 συστήσεται
3312 4905 3429 4964 τοῖς
3466 4903 3701 4964 πιστοῖς,

2142 5001 2236 5052 καὶ
2283 4997 2460 5069 μόνων
2497 4997 2606 5050 τῶν
2653 4996 2827 5066 εὐχῶν
2858 4996 3224 5065 κοινωνήσει·
3274 4995 3368 5046 καὶ
3396 4993 3541 5045 οὕτω
3571 4991 3706 5061 μετὰ

2140 5091 2242 5164 τὴν
2281 5089 2604 5143 πενταετίαν
2654 5087 2872 5161 μεθέξει
2914 5086 3014 5164 τῆς
3058 5087 3397 5157 προσφορᾶς.
3442 5084 3502 5135 ’0
3545 5083 3602 5136 δὲ
3631 5079 3706 5146 ξα¹

2141 5182 2321 5237 κανὼν
2389 5180 2488 5252 τῆς
2556 5182 2613 5234 ἐν
2671 5181 2748 5250 τῷ
2805 5179 3058 5250 Τρούλλῳ
3115 5178 3280 5248 ἕκτης
3339 5176 3558 5230 συνόδου
3618 5176 3709 5227 ἐπὶ

2142 5273 2391 5341 ἑξαετίαν
2435 5274 2604 5344 ὁρίζει
2634 5270 2725 5324 τὸν
2758 5271 3000 5324 τοιοῦτον
3028 5271 3129 5340 τῆς
3198 5269 3482 5330 κοινωνίας
3511 5267 3706 5335 incipe

2041 5448 2050 5458 .
2087 5364 2094 5371 ’
2141 5368 2354 5438 γεσθαι.

1027 5465 1260 5523 ΕΑΝΟΝ
1311 5465 1474 5522 XXV.

475 5586 495 5622 ι
543 5567 793 5634 Quidam,
829 5565 917 5618 cui
951 5573 1072 5617 erat
1103 5563 1376 5630 desponsa
1413 5560 1610 5631 puella,
1647 5575 1888 5616 sororem
1921 5561 2039 5631 ejus

545 5680 562 5711 ι
607 5659 839 5722 vitiavit,
875 5657 946 5710 ita
974 5663 1034 5710 ut
1063 5669 1127 5708 ea
1170 5654 1337 5709 etiam
1387 5653 1721 5722 conciperet.
1773 5651 2038 5721 Sponsam

545 5770 563 5808 ι
608 5761 789 5812 autem
843 5757 1031 5821 postea
1079 5761 1304 5803 uxorem
1351 5745 1506 5801 duxit
1551 5763 1565 5802 :
1616 5761 1677 5800 ea
1711 5751 1892 5799 autem
1945 5743 2038 5798 cui

2716 5455 2953 5512 ΚΑΝΩΝ
2985 5451 3112 5506 KE'.

2138 5572 2168 5626 ¹ι
2209 5551 2706 5623 Μνηστευσάμενός
2734 5566 2816 5611 τις
2847 5549 3038 5618 κόρην,
3073 5541 3429 5614 προσεφθάρη
3459 5543 3527 5611 τῇ
3556 5538 3711 5593 ἀδελ-

2222 5665 2240 5698 ι
2287 5648 2360 5714 φῇ
2396 5645 2586 5714 αὐτῆς,
2614 5644 2690 5705 ὡς
2748 5641 2842 5694 καὶ
2901 5637 3239 5707 ἐπιφορήσω
3293 5634 3487 5701 αὐτὴν,
3532 5631 3705 5699 ἔγημε

2218 5757 2236 5790 ι
2280 5736 2335 5796 δὲ
2365 5738 2461 5810 τὴν
2505 5735 2748 5808 μνηστὴν
2795 5732 2933 5802 μετὰ
2983 5731 3195 5787 ταῦτα’
3236 5729 3270 5797 ἠ
3315 5725 3372 5780 δὲ
3426 5723 3700 5794 φθαρεῖσα
