3990 6482
288 348 432 420 1193

355 576 373 608 ι
417 556 609 624 καετία
630 553 883 624 δεχθῆναι
916 553 994 614 είς
1025 550 1151 612 τοὺς
1184 548 1529 613 συνεστῶτας
1558 548 1703 602 κατὰ
1732 547 1858 609 τοὺς

362 668 382 698 ι
425 646 765 718 ὡρισμένους
800 643 1063 716 βαθμούς.
1092 660 1112 695 ι

369 740 568 795 ΒΑΛΣ.
612 738 745 792 Ἀπὸ
768 738 978 805 φάκτου
1014 734 1159 798 τινὸς
1194 736 1244 789 οἱ
1280 734 1525 804 Πατέρες
1554 731 1860 804 παρεκινή-

286 836 463 904 θησαν
490 833 580 885 τὸν
612 831 856 903 παρόντα
905 831 1107 883 κανόνα
1138 829 1419 882 ἐκθέσθαι.
1462 823 1858 898 Προσηγγέλθη

286 916 397 995 γὰρ
429 928 613 988 αὐτοῖς
638 926 722 978 ὅτι
759 924 1048 995 ἄνθρωπός
1098 939 1206 984 τις,
1262 921 1742 990 μνηστευσάμενος
1773 917 1863 969 κό-

286 1039 414 1091 ρην,
457 1018 773 1089 συνεφθάρη
817 1016 957 1087 μετὰ
1008 1015 1109 1084 τῆς
1149 1014 1386 1083 ἀδελφῆς
1421 1012 1616 1079 αὐτῆς,
1656 1011 1731 1073 ὡς
1768 1011 1862 1063 καὶ

285 1113 431 1166 κατά
475 1111 717 1182 γαστέρα
764 1111 971 1180 ταύτην
1012 1111 1077 1161 ὲκ
1109 1106 1299 1161 τούτου
1343 1105 1631 1159 συλλαϐεῖν
1682 1102 1862 1173 (τοῦτο

285 1208 399 1277 γάρ
428 1208 546 1259 ἐστι
578 1207 638 1257 τὸ
662 1200 1040 1273 ὲπιφορῆσαι),
1071 1201 1164 1253 καὶ
1207 1199 1343 1268 μετὰ
1391 1197 1548 1250 τοῦτο
1582 1195 1726 1248 κατὰ
1758 1195 1859 1261 γά·-

290 1317 395 1370 μου
426 1299 715 1351 κοινωνίαν
748 1291 1099 1363 συνηρμόσθη
1121 1293 1188 1360 τῇ
1220 1289 1399 1359 οἰκείᾳ
1435 1289 1669 1358 μνηστῇ.
1704 1286 1768 1336 Ἡ
1807 1284 1862 1336 δὲ

286 1391 599 1459 αὐταδέλφη
650 1387 855 1456 ταύτης
888 1386 988 1439 σὺν
1038 1384 1117 1451 τῷ
1166 1381 1526 1451 ἁμαρτήματι
1558 1380 1657 1449 τῆς
1701 1378 1864 1446 αἱμο-

290 1482 476 1553 μιξίας
503 1480 793 1550 ἐφόνευσεν
821 1477 1043 1545 ἑαυτήν.
1082 1475 1312 1544 Ὤρισαν
1343 1471 1436 1525 οὖν
1468 1471 1593 1533 τοὺς
1624 1470 1863 1523 συνειδό-

287 1593 389 1637 τας
414 1572 586 1627 ταῦτα
628 1573 698 1625 τὰ
726 1568 894 1630 κακὰ,
927 1567 1063 1637 μετά
1092 1564 1377 1619 δεκαετίαν
1418 1563 1738 1630 ὀφείλουσαν
1778 1561 1867 1613 διὰ

287 1667 401 1719 τῶν
434 1664 682 1736 συνήθων
736 1660 965 1732 βαθμῶν
1015 1656 1330 1730 παρελθεῖν,
1363 1655 1621 1725 δεχθῆναι
1654 1655 1734 1716 είς
1765 1651 1865 1722 τὴν

290 1759 435 1831 μετᾶ
464 1758 570 1810 τῶν
602 1755 811 1809 πιστῶν
842 1754 1031 1824 εὐχήν.
1070 1751 1162 1822 Μὴ
1193 1748 1492 1818 ἐναντιωθῇ
1525 1748 1583 1802 δέ
1614 1765 1698 1800 σοι
1723 1749 1862 1816 πρὸς

286 1854 463 1908 ταῦτα
488 1855 515 1906 ό
539 1850 619 1924 οη¹
644 1848 824 1904 κανὼν
850 1848 944 1901 τοῦ
975 1847 1132 1916 ἁγίου
1156 1845 1458 1908 Βασιλείου,
1491 1843 1861 1914 διοριζόμενος

291 1948 435 2019 μετὰ
459 1947 598 2000 ἐπτά
634 1945 859 2016 χρόνους
901 1940 1186 2008 ἀξιοῦσθαι
1236 1940 1346 1992 τῶν
1382 1937 1541 1990 θείων
1584 1934 1860 2004 ἀγιασμά-

285 2057 397 2091 των
444 2037 536 2089 τὸν
585 2030 1037 2105 συναρμοσθέντα
1080 2029 1222 2084 κατὰ
1273 2029 1438 2097 νόμον
1483 2027 1664 2097 γάμου
1710 2025 1863 2077 δυσὶν

285 2131 589 2198 dash-pair.
628 2125 865 2180 ἐνταῦθα
905 2124 1015 2194 γὰρ
1044 2122 1215 2176 πολλὰ
1242 2120 1623 2191 ὲτολμήθησαν
1656 2118 1859 2181 ἄτοπα,

287 2221 538 2293 πορνεία,
566 2216 975 2289 ἀθεμιτογαμία
1018 2216 1113 2269 καὶ
1158 2215 1318 2283 φόνος
1347 2230 1361 2244 ·
1396 2214 1577 2264 ὲκεῖσε
1620 2210 1676 2263 δὲ
1726 2210 1862 2280 μόνη

287 2312 722 2384 ἁθεμιτογαμία.
785 2308 895 2364 Καὶ
946 2308 1035 2362 διὰ
1095 2305 1256 2360 τοῦτο
1298 2303 1597 2373 βαρύτερον
1649 2301 1861 2373 ὡρίσθη

288 2401 397 2461 ὦδε
432 2404 493 2457 τὸ
526 2402 825 2472 ἐπιτίμιον.
867 2400 1168 2471 Ἐρωτήσει
1203 2397 1260 2452 δέ
1285 2414 1389 2459 τις,
1414 2394 1512 2450 Διά
1563 2394 1614 2448 τί
1663 2393 1865 2463 ὁμοίως

288 2498 655 2569 ἐπιτιμῶνται
701 2497 815 2558 τοῖς
865 2494 1191 2561 αὐτουργοῖς
1235 2491 1330 2544 καὶ
1382 2491 1430 2543 οί
1508 2487 1861 2550 συνειδότες;

288 2592 508 2657 Λύσις.
546 2589 673 2642 Ἐπὶ
717 2588 827 2640 τῶν
865 2583 1139 2654 ἀθεμίτων
1183 2582 1378 2652 γάμων
1431 2578 1592 2633 πλέον
1637 2575 1866 2647 ῶςρειλον

290 2680 650 2753 ἐπιτιμᾶσθαι
682 2680 732 2732 οί
761 2677 1067 2738 συνειδότες
1113 2672 1267 2743 παρὰ
1315 2672 1444 2735 τοὺς
1495 2666 1859 2739 αὐτουργούς.

290 2776 531 2839 Τούτους
564 2772 674 2843 γὰρ
723 2770 986 2832 πολλάκις
1035 2765 1305 2822 ἀκολασία
1355 2761 1617 2834 ἐρωτικὴ,
1648 2764 1741 2814 καὶ
1789 2761 1865 2831 μὴ

294 2869 677 2942 βουλομένους,
709 2863 943 2931 κατάγει
971 2860 1109 2933 πρὸς
1133 2859 1195 2912 τὸ
1225 2856 1485 2926 ἀθέμιτον
1514 2873 1527 2887 ο
1576 2856 1775 2907 ἐκεῖνοι
1810 2851 1867 2904 δὲ

294 2960 668 3030 συγγνωστέοι
696 2958 797 3011 οὐκ
843 2955 1011 3017 είσὶν,
1055 2951 1132 3015 ὡς
1162 2951 1254 3004 ἐπὶ
1282 2949 1360 3019 τῷ
1399 2946 1563 3019 κακῷ.
1609 2944 1869 3017 συμπρά-

294 3058 487 3121 ξαντες
506 3051 677 3125 χωρὶς
707 3050 956 3119 ἀνάγκης
995 3045 1163 3109 τινὸς,
1196 3044 1291 3097 καὶ
1341 3039 1862 3112 εύχαριστείτωσαν,

1333 342 1414 404 ΙΝ
1448 341 1613 402 CAN.
1655 341 1845 404 XXIV
1883 337 2095 403 CONC.
2136 339 2396 407 ANCYR.

361 485 380 517 ι
425 461 712 533 ἀπήγξατο
737 473 751 491 ·
791 458 839 511 οἱ
872 456 1175 520 συνειδότες
1220 453 1623 526 ἐκελεύσθησαν
1672 455 1729 507 ἐν
1770 453 1853 507 δε·
1883 456 1926 511 Α

3396 343 3532 410 119i

2037 470 2055 503 ι
2098 462 2347 524 stuprum
2382 463 2500 510 erat
2525 454 2735 509 illatum
2770 469 2831 513 se
2860 454 3168 514 suffucavit.
3193 455 3297 525 Qui
3327 460 3532 517 conscii

2042 564 2059 596 ι
2104 544 2342 610 fuerant,
2389 547 2529 615 jussi
2590 558 2720 603 sunt
2758 548 3024 606 decennio
3078 551 3219 606 inter
3265 565 3385 616 eos,
3439 555 3531 622 qui

2043 655 2060 689 ι
2104 638 2438 704 consistunt,
2474 639 2663 709 recipi,
2692 654 2790 710 per
2818 639 3020 712 gradus
3048 640 3320 696 deﬁnitos.
3364 660 3385 695 ι

2040 729 2229 785 BALS.
2274 730 2348 784 Ex
2402 730 2545 786 facto
2574 732 2809 803 quodam
2864 733 2998 787 moti
3053 744 3181 789 sunt
3226 733 3436 799 Patres,
3475 744 3537 790 ut

1966 832 2290 892 przesentem
2318 838 2583 878 canonem
2615 825 2858 879 ederent.
2890 825 2981 879 Eis
3025 826 3169 879 enim
3210 827 3530 882 nuntiatum

1962 927 2044 970 est
2076 915 2366 986 quemdam
2398 917 2700 985 hominem,
2729 919 2815 971 cui
2850 917 3024 987 puella
3068 928 3186 973 erat
3234 919 3533 989 desponsa,

1963 1023 2206 1062 sororem
2234 1010 2354 1079 ejus
2390 1018 2804 1079 constuprasse,
2850 1021 2908 1065 ut
2938 1012 3027 1067 illa
3081 1014 3246 1067 etiam
3275 1030 3339 1069 ex
3384 1013 3534 1069 eoin

1966 1107 2122 1153 utero
2204 1102 2518 1171 conciperet
2594 1102 2768 1169 (illud
2850 1104 2996 1157 enim
3078 1104 3349 1176 signiﬁcat
3432 1121 3536 1160 vox

1964 1192 2349 1262 ὲπιφορῆσαι),
2375 1200 2427 1247 et
2458 1202 2645 1262 postea
2672 1194 3004 1250 matrimonii
3031 1199 3294 1255 societate
3316 1214 3534 1270 sponsae

1966 1300 2079 1339 sua:
2114 1286 2440 1355 conjuuetus
2468 1296 2569 1340 est.
2604 1285 2735 1355 Ejus
2772 1297 2953 1343 autem
3007 1305 3184 1355 soror,
3216 1306 3340 1346 cum
3390 1293 3537 1349 ince-

1961 1387 2081 1433 stus
2104 1378 2353 1445 crimine,
2380 1378 2482 1433 sibi
2504 1377 2607 1447 ipsi
2632 1386 2860 1434 mortem
2888 1382 3175 1437 conscivit.
3201 1383 3539 1444 Deﬁnierurt

1954 1468 2120 1543 ergo,
2180 1479 2239 1525 ut
2297 1472 2388 1540 qui
2440 1473 2633 1526 borum
2700 1472 2966 1527 malorum
3028 1475 3244 1530 fuerant
3298 1479 3537 1542 conscii,

1964 1573 2089 1634 post
2113 1564 2435 1619 decennium
2462 1564 2605 1634 quod
2634 1566 2864 1620 debebat
2895 1581 2991 1636 per
3012 1567 3215 1636 gradus
3244 1580 3538 1626 consuetos

1967 1656 2285 1723 procedere,
2322 1656 2389 1711 ad
2426 1658 2729 1711 orationem
2766 1674 2871 1711 una
2908 1674 3031 1712 cum
3061 1658 3311 1715 ﬁdelibus
3342 1662 3541 1716 admit-

1968 1754 2234 1801 terentur.
2294 1744 2373 1801 Ne
2420 1746 2516 1799 tibi
2569 1755 2749 1800 autem
2808 1745 2893 1801 his
2945 1748 3255 1801 contrarius
3292 1748 3540 1803 videatur

1965 1853 2143 1893 canon
2183 1839 2251 1893 78
2301 1839 2476 1893 sancti
2526 1838 2733 1904 Basilii,
2784 1837 3105 1903 decernens,
3156 1848 3279 1909 post
3330 1848 3537 1910 septem

1968 1945 2145 1985 annos
2179 1929 2490 1985 divinorum
2538 1939 3004 1985 sacramentorum
3053 1933 3402 2000 perceptione
3453 1936 3539 1987 di-

1968 2040 2132 2095 gnum
2164 2024 2349 2078 haberi
2378 2038 2525 2088 eum,
2562 2024 2652 2093 qui
2684 2022 2930 2094 legitimo
2960 2022 3307 2079 matrimonio
3330 2025 3540 2081 duabus

1968 2114 2249 2170 sororibus
2287 2113 2619 2184 eonjunctus
2657 2121 2760 2167 est.
2797 2110 2899 2167 Hic
2926 2113 3072 2167 enim
3107 2113 3278 2167 multa
3326 2112 3538 2169 nefaria

1967 2211 2262 2263 commissa
2289 2217 2457 2263 sunt:
2489 2206 2806 2271 fornicatio,
2844 2207 3092 2261 illicitum
3123 2191 3534 2261 matrimonium

1968 2310 2021 2357 et
2048 2302 2224 2356 caedes
2254 2318 2269 2367 ;
2322 2301 2437 2355 illic
2462 2310 2664 2362 autem,
2699 2308 2909 2354 tantum
2951 2299 3222 2354 nefarium
3258 2300 3542 2355 matrimo-

1969 2396 2141 2449 nium.
2174 2393 2238 2447 Et
2268 2403 2555 2463 prepterea
2584 2393 2801 2463 gravior
2828 2391 2917 2446 hic
2967 2405 3130 2460 poena
3180 2390 3401 2446 decreta
3431 2400 3535 2446 est.

1969 2485 2392 2557 lnterrogaverit
2421 2492 2604 2539 autem
2639 2482 2951 2554 quispiam:
2984 2482 3094 2538 Cur
3115 2484 3175 2548 ii,
3205 2483 3297 2552 qui
3329 2484 3539 2538 conscii

1969 2587 2119 2643 sunt,
2147 2592 2301 2640 aeque
2334 2577 2655 2647 puniuntur,
2685 2589 2749 2629 ac
2773 2575 2872 2645 ipsi
2909 2574 3165 2630 actores?
3220 2574 3454 2631 Salutio.
3482 2575 3539 2628 in

1970 2669 2176 2725 illicitis
2207 2684 2269 2724 ac
2300 2668 2524 2723 nefariis
2564 2666 2776 2732 nuptiis
2822 2665 2992 2737 magis
3026 2666 3209 2736 puniri
3251 2666 3452 2721 debent
3481 2666 3540 2729 ii,

1968 2763 2060 2833 qui
2093 2769 2221 2817 sunt
2248 2761 2480 2827 conscii,
2511 2773 2674 2830 quant
2704 2759 2793 2828 qui
2820 2768 3011 2826 agunt.
3036 2758 3148 2812 llos
3167 2758 3310 2811 enim
3335 2758 3541 2812 amoris

1972 2852 2311 2922 impotentia,
2348 2866 2492 2921 saepe
2530 2850 2693 2905 etiam
2730 2850 3003 2912 nolentes,
3052 2848 3119 2902 ad
3153 2849 3207 2902 id
3259 2851 3408 2918 quod
3461 2858 3547 2901 est

1971 2945 2220 2999 illicitum
2276 2942 2654 3011 nefariumque
2701 2939 2922 2995 deducit
2973 2957 2988 2993 :
3044 2939 3151 2995 illis
3199 2949 3380 2993 autem
3433 2953 3541 2993 non

1970 3045 2053 3091 est
2082 3035 2261 3090 danda
2294 3034 2473 3098 venia,
2507 3032 2599 3101 qui
2630 3031 2835 3100 absque
2868 3030 2974 3083 ulla
3006 3028 3165 3100 ἀοι
3217 3027 3546 3087 necessitate

292 3151 380 3205 ὅτι
411 3122 613 3218 ὁμοίως
650 3147 765 3209 τοῖς
808 3141 1132 3213 αὐτουργοῖς
1177 3138 1519 3202 κολάζονται.
1556 3134 1867 3198 Συνειδότες

1975 3127 2115 3181 malo
2152 3125 2413 3178 auxilium
2447 3124 2653 3188 tulere;
2683 3129 2735 3176 et
2767 3122 2908 3176 bene
2949 3134 3134 3174 secum
3184 3125 3367 3172 actum
3423 3131 3547 3172 esse

294 3242 355 3296 δέ
382 3243 523 3295 εἰσιν
550 3239 601 3293 oi.
637 3235 1082 3308 συμπράξαντες,
1112 3232 1172 3285 οὐ
1210 3228 1315 3302 μὴν
1343 3229 1393 3283 οἱ
1424 3229 1638 3298 ἔχοντες
1683 3225 1869 3288 ἁπλῶς

297 3336 527 3406 είδησιν,
556 3333 651 3387 καὶ
677 3329 923 3386 κωλύσαι
955 3326 1031 3400 μὴ
1058 3325 1370 3396 δυνάμενοι.

375 3604 619 3663 ΖΩΝΔΡ.
678 3601 995 3673 Μνηστείαν
1054 3615 1139 3662 τις
1194 3596 1564 3665 συνεστήσατο
1619 3594 1711 3647 ἐπί
1764 3611 1868 3646 τινι

300 3701 446 3772 κόρῃ
471 3716 486 3731 ·
523 3698 691 3769 μήπω
720 3695 776 3747 δὲ
801 3693 908 3747 τῶν
934 3693 1220 3763 γαμηλίων
1251 3687 1340 3741 ἐπ’
1370 3687 1557 3750 αὐτοῖς
1587 3684 1872 3739 τελεσθέν-

299 3812 428 3856 των,
460 3794 488 3845 ό
518 3787 765 3861 μνηστὴρ
797 3783 1108 3853 συνεφθάρη
1137 3784 1201 3853 τῇ
1231 3779 1433 3850 ἀδελφῇ
1465 3779 1565 3847 τῆς
1595 3777 1868 3849 μνηστῆς,

300 3885 377 3948 ὡς
424 3882 620 3950 ἔγκυον
656 3878 872 3945 ἐκείνην
930 3873 1207 3942 γενέσθαι.
1260 3869 1433 3924 Τοῦτο
1481 3869 1592 3940 γάρ
1650 3869 1767 3921 ἐστι
1810 3866 1872 3920 τὸ

304 3974 641 4042 ἐπιειορῆσαι
696 3968 888 4035 αὐτήν.
930 3960 1078 4017 Εῐτα
1123 3964 1151 4015 ὁ
1202 3960 1344 4032 ἀνὴρ
1379 3953 1557 4029 ἔγημε
1603 3956 1701 4029 τὴν
1737 3974 1875 4027 μνη-

306 4067 459 4134 στὴν,
487 4064 520 4131 ή
554 4060 824 4129 φθαρεῖσα
854 4057 910 4109 δὲ
939 4054 1247 4124 ἀπήγξατο.
1286 4051 1442 4105 Κατὰ
1489 4050 1600 4104 τῶν
1645 4047 1877 4101 συνειδό-

302 4176 410 4210 των
444 4154 537 4208 οὗν
575 4152 672 4223 τὴν
707 4152 908 4206 ἄτοπον
949 4148 1157 4218 ταύκην
1195 4144 1395 4214 πρᾶξιν
1448 4141 1709 4197 δεκαετία
1743 4137 1877 4211 ὡρί-

305 4248 430 4318 σθη,
461 4246 603 4302 {fore
629 4243 827 4304 αὐτοὺς
856 4240 1058 4309 ταύτης
1092 4235 1472 4308 παρελθούσης
1511 4234 1766 4303 δεχθῆναι
1796 4232 1875 4293 είς

300 4342 431 4402 τοὺς
501 4334 867 4396 συνεστῶτας.
922 4332 983 4384 '0
1032 4329 1091 4382 δὲ
1140 4328 1233 4382 τοῦ
1299 4325 1539 4398 μεγάλου
1589 4322 1872 4377 Βασιλείου

303 4429 709 4500 ἑϐδομηκοστδς
753 4424 941 4493 ὄγδοος
988 4419 1191 4485 κανὼν,
1241 4417 1332 4472 τὶν
1386 4417 1481 4470 δύο
1509 4415 1746 4484 ἀδελφὰς
1794 4415 1874 4475 είς

305 4481 643 4578 abscissam;
680 4481 1024 4588 ἀγαγόμενον
1052 4481 1191 4567 κατά
1213 4511 1374 4565 ἀλλον
1403 4510 1498 4564 καὶ
1545 4481 1706 4563 ἄλλον
1748 4506 1875 4577 χρό·
1909 4481 1953 4538 D

302 4633 415 4681 νον,
440 4612 693 4669 ἐνιαυτὸν
736 4607 1093 4680 προσκλαίειν
1123 4602 1316 4672 ὁρίζει,
1349 4600 1439 4653 δύο
1492 4598 1536 4652 δ’
1599 4599 1875 4669 ἐπακροᾶ-

306 4708 455 4773 σθαι,
488 4706 639 4777 τρεῖς
671 4699 1025 4762 ὑποπίπτειν,
1058 4693 1135 4765 τῷ
1166 4692 1379 4762 ὲόδόμῳ
1409 4690 1734 4745 συνίσταθαι
1766 4690 1877 4753 τοῖς

306 4802 543 4862 πιστοῖς,
569 4797 663 4850 καὶ
692 4793 838 4848 οὔτω
868 4792 966 4860 τῆς
994 4787 1309 4860 προσφορᾶς
1338 4780 1750 4848 καταξιοῦσθαι,
1782 4782 1877 4835 ἐὰν

312 4892 452 4965 μετὰ
473 4888 729 4961 δακρύων
789 4883 1121 4955 μετανοήσῃ.
1155 4877 1316 4929 Εἴποι
1367 4874 1460 4929 οὖν
1508 4872 1574 4926 ἄν
1618 4890 1722 4936 τις,
1758 4872 1879 4935 Πῶς

308 4964 547 5037 ἐνταῦθα
576 4975 880 5049 βαρύτερον
931 4971 1056 5033 τοὺς
1099 4966 1409 5028 συνειδότας
1438 4964 1613 5033 οἱτῆς
1657 4964 1878 5016 συνόδου

310 5076 614 5136 ὲκόλασανς
647 5066 817 5138 Οἶμαι
854 5063 1032 5120 τοίνυν
1058 5063 1155 5115 δτι
1194 5059 1323 5112 ἔνθα
1348 5056 1440 5111 δύο
1468 5054 1700 5125 ἀδελφάς
1733 5057 1761 5107 ὁ
1787 5055 1882 5109 αἱ..

312 5169 403 5231 τὸς
448 5166 527 5228 εἰς
564 5163 743 5232 γάμον
770 5159 984 5227 ἄγεται,
1017 5149 1423 5225 ἀθεμιτογαμία
1456 5148 1592 5220 μόνῃ
1628 5147 1883 5218 πλημμε-

312 5260 489 5312 λεῖται
515 5270 529 5285 ο
573 5254 666 5305 ἐπὶ
706 5250 762 5307 δὲ
802 5249 899 5318 τῆς
934 5244 1218 5316 παρούσης
1256 5240 1565 5303 ὑποθέσεως
1610 5238 1780 5292 πολλὰ
1813 5240 1883 5292 τὶ

313 5343 657 5417 τολμηθέντα
689 5335 853 5409 ἦσαν,
878 5335 1051 5407 φθορά
1078 5335 1177 5406 τῆς
1220 5331 1516 5402 παρθένου,
1549 5327 1882 5397 ἀθεμιτογα-

319 5444 441 5513 μία,
468 5441 540 5503 ὡς
565 5437 659 5491 δύο
677 5432 932 5501 ἀδελφαῖς
961 5430 1054 5482 τοῦ
1082 5426 1245 5481 αὐτοῦ
1274 5424 1582 5495 μιχθέντος,
1602 5423 1695 5476 καὶ
1724 5423 1885 5491 φόνος

318 5538 384 5589 ὲκ
418 5535 516 5604 τῆς
547 5531 726 5591 αἰτίας
755 5524 961 5595 ταύτης
992 5520 1307 5592 γενόμενος,
1344 5518 1441 5571 καὶ
1477 5514 1568 5569 διὰ
1598 5514 1758 5571 τοῦτο
1788 5515 1886 5586 βα-

325 5628 550 5699 ρύτερον
576 5619 786 5692 ὡρίσθη
820 5618 878 5670 τὸ
908 5613 1205 5683 ἐπιτίμιον.

319 5716 541 5781 ΑΡΙΣΤ.
600 5732 619 5766 ι
661 5711 845 5781 Κόρην
872 5708 953 5770 τίς
1010 5722 1149 5768 τινος
1197 5702 1670 5775 μνηστευσάμενος
1720 5718 1890 5781 προσ-

398 5830 421 5867 ι
464 5808 672 5880 εφθάρη
699 5776 766 5875 τῇ
788 5776 989 5870 ἀδελφῇ
1022 5797 1213 5866 αὐτῆ;,
1241 5794 1358 5850 εἶτα
1384 5796 1482 5869 τήν
1505 5776 1750 5868 μνηστήν
1769 5794 1890 5851 ἐλα-

614 5904 885 5963 l‘unoc.
919 5905 1037 5964 Gn.
1059 5891 1420 5961 CXXXVII.

1970 3218 2307 3278 existiment,
2338 3213 2482 3283 qttod
2512 3228 2618 3267 non
2654 3210 2824 3281 magis
2868 3223 3032 3279 quam
3087 3208 3124 3262 ii
3154 3208 3245 3278 qui
3301 3207 3551 3264 fecerunt

1972 3311 2292 3381 puniantur.
2325 3306 2465 3363 Sunt
2498 3316 2678 3361 autem
2709 3303 2917 3359 conscii
2949 3302 3007 3365 ii,
3052 3304 3146 3373 qui
3181 3316 3344 3372 opera
3389 3300 3550 3370 jure-

1974 3412 2135 3469 runt;
2168 3418 2275 3457 non
2302 3410 2478 3457 autem
2507 3400 2567 3464 ii,
2594 3398 2686 3469 qui
2710 3397 2880 3453 solam
2902 3395 3103 3451 habent
3126 3393 3545 3458 conscientiam,

1972 3507 2025 3554 et
2068 3497 2359 3567 prohibere
2387 3503 2685 3564 nequeunt.

2044 3589 2299 3646 ZONAB.
2337 3589 2619 3659 Desponsa
2657 3587 2834 3642 fuerat
2885 3584 3102 3642 cuidam
3157 3583 3357 3653 puella,
3386 3580 3548 3650 cujus

1974 3700 2218 3741 sororem
2251 3681 2456 3753 nuptiis
2484 3680 2723 3735 nondum
2758 3680 2997 3750 peractis
3020 3691 3256 3746 sponsus
3306 3675 3546 3736 vitiavit.

1974 3794 2095 3851 qua:
2120 3777 2287 3833 etiam
2317 3791 2380 3830 ex
2416 3774 2510 3831 illo
2541 3773 2837 3829 concubitu
2887 3771 3109 3842 gravida
3154 3768 3295 3825 facta
3336 3776 3441 3824 est.
3470 3768 3549 3839 (Id

1973 3870 2117 3924 enim
2147 3867 2418 3939 signiﬁcat
2448 3865 2673 3919 verbum
2718 3862 3103 3933 ἐπιφορῆσαι.)
3140 3859 3409 3930 Sponsam
3452 3859 3549 3913 de-

1977 3959 2100 4013 inde
2130 3961 2212 4012 vir
2244 3957 2364 4026 ejus
2397 3954 2672 4019 traduxit;
2707 3969 2829 4024 qum
2859 3967 2986 4008 vero
3021 3954 3200 4006 fuerat
3245 3950 3433 4004 vitiata
3485 3963 3545 4003 se

1978 4049 2287 4108 suffocavit.
2318 4047 2519 4100 Contra
2555 4044 2722 4115 igitur
2748 4042 2952 4114 indigni
3005 4041 3266 4096 facinoris
3295 4038 3551 4094 conscios

1975 4139 2229 4197 decennii
2270 4151 2431 4209 pmna
2458 4136 2791 4199 constituta;
2835 4146 2944 4202 quo
2986 4130 3214 4185 .demum
3255 4129 3442 4197 elapso
3494 4127 3549 4179 in

1978 4234 2219 4290 ﬁdelium
2251 4234 2582 4285 conventum
2613 4223 3007 4294 reciperentur.
3053 4221 3231 4291 Magni
3262 4233 3390 4275 vero
3443 4217 3551 4271 Ba-

1978 4326 2085 4383 silii
2116 4321 2555 4395 septuagesimus
2574 4327 2802 4374 octavus
2826 4330 3028 4382 canon,
3052 4313 3148 4385 qui
3170 4312 3307 4368 duas
3330 4324 3550 4367 sorores

1980 4421 2198 4476 diverso
2228 4427 2471 4486 tempore
2500 4410 2742 4479 duxerit,
2777 4426 2887 4465 uno
2922 4422 3066 4463 anno
3111 4407 3165 4461 in
3211 4405 3360 4461 luctu
3388 4418 3549 4469 esse,

1980 4512 2196 4567 duobus
2246 4509 2389 4563 inter
2445 4505 2766 4569 audientes,
2826 4501 3003 4556 tribus
3070 4499 3126 4553 in
3178 4494 3552 4565 substratione

1980 4607 2203 4678 degere,
2263 4602 2499 4674 septimo
2529 4600 2585 4653 in
2613 4595 2953 4653 consortium
3020 4591 3262 4648 fidelium
3303 4587 3551 4655 admitti,

1979 4712 2032 4756 et
2063 4701 2167 4765 sic,
2200 4698 2244 4753 si
2280 4711 2404 4751 cum
2435 4691 2697 4764 lacrymis
2744 4687 3121 4760 paenitentiam
3171 4678 3365 4755 egerit,
3395 4681 3552 4737 obla-

1982 4791 2130 4847 tione
2186 4788 2408 4856 dignum
2466 4781 2653 4837 haberi
2714 4779 2890 4850 jubet.
2922 4775 3141 4843 Quaeret
3182 4773 3349 4845 igitur
3396 4771 3554 4844 quis-

1983 4883 2177 4953 piam:
2219 4877 2330 4931 Cur
2372 4875 2428 4929 in
2478 4887 2595 4937 eos,
2640 4872 2731 4942 qui
2779 4867 2985 4925 conscii
3042 4866 3277 4929 fuerant,
3329 4863 3554 4935 gravius

1985 4972 2088 5025 hoc
2120 4967 2240 5022 loco
2275 4962 2471 5035 synodi
2507 4962 2695 5016 Patres
2726 4954 3256 5014 animadverterint?
3287 4954 3397 5027 Ego
3422 4967 3555 5009 vero

1983 5070 2271 5131 propterea
2298 5055 2347 5109 id
2382 5053 2583 5108 factum
2610 5051 2884 5115 existimo,
2910 5046 3055 5118 quod
3079 5047 3173 5117 qui
3208 5044 3555 5100 matrimonio

1970 5151 2122 5206 'duas
2154 5149 2256 5205 sibi
2288 5160 2511 5202 sorores
2537 5144 2738 5215 jungit,
2768 5141 2823 5195 in
2853 5155 2920 5198 eo
2968 5148 3203 5203 tantum,
3254 5137 3404 5208 quod
3445 5151 3557 5192 ve-

1987 5244 2102 5298 titis
2162 5255 2222 5296 se
2279 5237 2488 5308 nuptiis
2537 5233 2860 5304 alligaverit,
2916 5239 3106 5302 peccat
3151 5244 3167 5285 :
3217 5228 3271 5283 in
3295 5226 3557 5299 praesenti

1988 5346 2168 5391 autem
2206 5333 2354 5387 facto
2386 5328 2557 5387 multa
2586 5326 2794 5383 scelera
2824 5326 3080 5390 inerant;
3110 5322 3258 5394 virgo
3281 5326 3555 5390 stuprata,

1988 5427 2193 5500 nuptiae
2244 5423 2491 5488 nefariae,
2560 5435 2687 5475 cum
2741 5418 2954 5475 duabus
3010 5417 3223 5474 scilicet
3270 5412 3557 5471 sororibus

1989 5521 2189 5583 coitus,
2230 5526 2344 5571 tum
2372 5513 2570 5571 exinde
2612 5526 2833 5583 quoque
2872 5518 3061 5567 secuta
3092 5511 3306 5572 caedes;
3348 5502 3557 5560 idcirco

1990 5609 2333 5684 gravioribus
2359 5607 2536 5677 pmnis
2557 5605 2685 5671 jure
2714 5604 2956 5660 damnati
2992 5608 3143 5658 sunt.

1990 5684 2219 5758 ARIST.
2253 5718 2272 5752 ι
2313 5698 2545 5765 Quidam
2577 5712 2701 5752 cum
2737 5696 2970 5767 puellam
2996 5694 3408 5763 desponsasset,
3462 5705 3557 5746 εον

2080 5812 2097 5845 ι
2132 5805 2310 5849 rorem
2345 5789 2467 5862 ejus
2505 5789 2746 5858 violavit,
2775 5786 2970 5844 deinde
3010 5798 3269 5855 sponsam
3322 5784 3551 5855 accepit.

3080 5878 3151 5940 38
