3990 6482
390 346 528 412 149)

1637 325 1914 390 THEOD.
1958 327 2363 389 BALSAMON

3498 330 3651 399 1100-

384 457 572 511 divina
602 453 942 506 sacramenta
988 440 1284 514 percipiet?
1316 437 1481 513 503
1532 437 1952 507 subiunxerunt,

2064 437 2463 508 ἀξιωθήσεταις
2492 439 2811 511 Ἐπήγαγον
2856 440 2953 507 ὡς,
2992 438 3154 513 εἴπερ
3186 442 3246 497 ἐν
3275 439 3354 515 τῷ
3382 441 3643 515 τελευτᾷν

378 544 535 612 Quod
568 542 609 595 si
644 536 862 609 quidem
894 538 1034 588 inter
1059 530 1427 594 moriendum,
1448 528 1717 598 ejusmodi
1761 529 1957 583 mulier

379 655 460 701 se,
493 644 782 704 postquam
819 625 1185 689 convaluerit,
1235 625 1594 694 separanslam
1640 637 1765 677 esse
1814 620 1957 675 διητ-

383 740 511 790 met,
569 735 699 779 tunc
759 719 979 792 quidem
1033 716 1441 772 communionis
1503 730 1627 769 esse
1683 714 1957 783 particeps

384 824 614 875 siuetur.
650 818 686 869 S
710 815 752 869 ~d
785 823 1070 882 postquam
1102 827 1129 863 a
1159 810 1352 863 morbo
1392 808 1623 863 liberata
1660 805 1844 871 fuerit,
1902 812 1955 860 et

385 933 412 967 a
449 912 655 967 nefario
682 909 934 978 conjugio
986 913 1256 973 separata,
1315 901 1381 955 ad
1433 901 1807 972 paenitentiam
1862 898 1957 951 ad-

388 1008 651 1058 mittetur.
689 1003 755 1056 Et
782 1001 882 1054 hoc
911 997 1128 1067 quidem
1164 993 1445 1064 procedet,
1492 991 1712 1062 quando
1759 991 1813 1044 in
1845 990 1953 1044 vita

379 1116 565 1152 eorum
609 1096 767 1148 fuerit
803 1091 1123 1145 divortium.
1160 1088 1215 1142 Si
1249 1098 1427 1140 autem
1464 1100 1568 1137 una
1595 1100 1657 1139 ex
1704 1083 1954 1154 personis

380 1192 431 1242 in
470 1188 677 1241 nefario
709 1182 1059 1238 matrimonio
1101 1178 1427 1241 decesserit,
1485 1176 1533 1230 ei
1585 1176 1676 1246 qui
1732 1175 1955 1228 relictus

378 1291 482 1347 est,
518 1288 599 1331 est
633 1276 924 1329 admodum
982 1272 1219 1325 dinicilis
1270 1268 1613 1340 pmttitentia.
1649 1268 1750 1334 Qui
1807 1268 1951 1323 enim

381 1371 491 1437 agit
528 1367 902 1438 poeuiteutiam
936 1378 963 1415 a
991 1369 1214 1432 peccato
1246 1360 1545 1423 desistens,
1602 1358 1650 1413 is
1704 1356 1955 1413 creditur

380 1459 700 1532 pmnitrntia
738 1456 888 1511 duci.
924 1454 1021 1521 Qui
1057 1462 1235 1505 autem
1289 1452 1353 1505 ad
1405 1458 1632 1503 mortem
1680 1462 1853 1518 usque
1887 1446 1954 1500 ab

382 1569 446 1605 eo
482 1568 589 1604 non
636 1548 870 1611 desistit,
927 1542 1166 1598 ostendit
1219 1542 1359 1609 quod
1397 1541 1559 1593 etiam
1614 1538 1658 1594 si
1693 1537 1781 1591 illa
1829 1551 1954 1606 pars

381 1644 560 1696 adhuc
589 1644 901 1708 superesset
934 1650 1053 1704 qua:
1100 1641 1184 1687 est
1242 1640 1478 1687 mortua.
1511 1642 1539 1680 a
1572 1636 1794 1697 peccato
1844 1641 1951 1678 non

384 1734 700 1788 destitiSset.
726 1732 866 1796 Quia
894 1744 1023 1796 ergo
1054 1728 1144 1795 qui
1192 1725 1342 1788 vivit,
1397 1724 1613 1775 videtur
1662 1720 1842 1773 adhuc
1897 1717 1950 1771 in

2060 529 2094 597 ἡ
2144 528 2368 598 τοιαύτη
2443 528 2581 600 γυνὴ
2656 529 2960 601 κατάθηται
3034 531 3422 603 διαζευχθῆναι
3504 534 3644 603 μετά

2060 618 2270 687 ὑγείαν,
2325 620 2447 673 τότε
2498 622 2597 689 μὲν
2665 622 2993 691 μεταλαϐεῖν
3054 624 3638 697 παραχωρηθψεται·

2062 710 2202 781 μετά
2228 712 2283 764 δὲ
2313 712 2373 764 τὸ
2413 713 2805 783 ἀπαλλαγῆναι
2833 714 2934 785 τῆς
2966 715 3147 779 νόσου,
3179 716 3276 769 καὶ
3328 716 3640 784 ἀποστῆναι

2056 805 2157 873 τῆς
2206 805 2669 875 ἀθεμιτογαμίας,
2699 806 3169 879 προσδεχθήσεται
3201 811 3284 873 είς
3318 810 3638 879 μετάνοιαν.

2057 898 2167 949 Καὶ
2197 896 2353 949 τοῦτο
2392 899 2489 966 μὲν
2526 901 2815 968 γενήσεται
2850 901 2982 953 ὅταν
3018 902 3198 971 προϐῇ
3226 902 3283 954 ἐν
3310 900 3423 972 ζωῇ
3451 902 3638 956 αὐτῶν

2056 988 2349 1058 διας-ἅγιον.
2381 990 2506 1043 Ἐἀν
2536 991 2591 1045 δὲ
2624 992 2684 1044 τὸ
2728 991 2785 1045 ἒν
2829 992 2938 1047 τῶν
2984 993 3291 1063 προσώπων
3330 986 3485 1065 ἐν’τῷ
3508 995 3650 1048 ἀθε-

2062 1080 2204 1149 μίτῳ
2262 1082 2425 1150 γάμῳ
2489 1081 2810 1153 τελευτήσῃ,
2851 1082 3121 1155 δυσχερὴς
3175 1084 3208 1154 ἡ
3262 1085 3524 1153 μετάνοια
3567 1085 3650 1154 τῷ

2056 1171 2482 1244 περιλειφθέντι.
2556 1172 2613 1225 Ὀ
2646 1176 2751 1243 γὰρ
2799 1175 3105 1243 μετανοῶν,
3142 1176 3511 1246 ἀφιστάμενος
3542 1179 3648 1248 τῆς

2056 1260 2349 1333 ἁμαρτίας,
2392 1263 2707 1317 πιστεύεται
2738 1268 3016 1333 μετανοεῖν
3037 1280 3053 1297 ο
3084 1268 3110 1319 ό
3136 1266 3189 1319 δέ
3217 1267 3380 1337 μέχρι
3411 1268 3649 1322 θανάτου

2060 1354 2134 1424 μὴ
2159 1353 2405 1416 ἀποστὰς
2429 1354 2601 1423 αὐτῆς
2632 1353 2903 1409 δείκνυσιν
2936 1358 3038 1424 ὅτι,
3069 1359 3119 1410 εί
3148 1359 3241 1410 καὶ
3269 1358 3348 1410 ἔτι
3372 1358 3570 1429 περιῆν
3585 1361 3652 1412 τὸ

2053 1445 2384 1515 τελευτῆσαν
2418 1448 2602 1517 μέρος,
2635 1446 2732 1499 οὐκ
2761 1448 2825 1501 ἂν
2858 1447 3070 1518 ἀπέστη
3087 1452 3186 1518 τῆς
3222 1448 3652 1519 ἁμαρτίας.ὀτ⁸

2054 1533 2151 1591 οὖν
2188 1538 2215 1589 ό
2251 1538 2358 1602 ζῶν
2386 1538 2744 1609 ἀναφχίνεται
2794 1539 2918 1592 ὅσον
2950 1540 3010 1593 τὸ
3058 1540 3145 1593 ἐπ’
3173 1541 3365 1611 ἐκείνῳ
3392 1540 3655 1609 τῷκακῷ

2055 1630 2352 1699 ἐπιμένων,
2377 1630 2698 1701 δυσχέρειαν
2733 1631 2844 1697 ἐξει
2892 1632 3028 1702 πρὸς
3074 1633 3387 1700 μετάνοιαν.
3419 1632 3650 1685 Τούτων

2056 1719 2229 1781 οὓτως
2271 1721 2505 1789 ἑχόντων
2559 1722 2636 1791 μὴ
2686 1721 2847 1791 εἴπῃς
2884 1720 3261 1775 ἐναντιοῦσθαι
3291 1721 3370 1790 τῷ
3413 1720 3655 1792 παρόντι

382 1844 445 1881 r0
478 1827 618 1879 malo
644 1832 907 1893 quantum
938 1820 991 1874 iu
1036 1836 1092 1873 se
1119 1826 1202 1872 est
1266 1830 1634 1886 perseverare,
1689 1811 1954 1867 dillicilem

2064 1812 2251 1865 κανόνι
2304 1814 2395 1865 τὸν
2438 1811 2528 1865 τοῦ
2586 1813 2825 1883 μεγάλου
2862 1813 3149 1866 Βασιλείου
3202 1820 3279 1883 οη⁹
3324 1814 3526 1867 κανόνα
3555 1815 3655 1865 λέ-

384 1920 609 1973 ιιοιιρίιῑι
642 1915 1041 1979 υαὶιιὶιριιιίίιιιι.
1072 1913 1200 1977 Qua‘
1231 1926 1352 1963 cum
1385 1911 1455 1961 ita
1488 1924 1545 1961 se
1602 1906 1857 1967 habeant,
1891 1918 1959 1957 ne

381 2011 583 2065 dixeris
640 2007 893 2079 prrcsenti
951 2006 1147 2057 canoni
1196 2000 1478 2055 adversari
1531 1997 1711 2067 magni
1772 1994 1955 2047 Basilii

382 2118 648 2158 cauonem
673 2098 742 2153 78
768 2098 1068 2157 dicentem,
1106 2112 1229 2149 eum
1267 2098 1359 2165 qui
1389 2092 1527 2146 duas
1562 2104 1760 2143 uxores
1803 2086 1958 2141 duxit

382 2200 433 2251 in
494 2192 861 2255 matrimonio,
911 2201 1032 2256 post
1093 2188 1439 2258 septennium
1488 2184 1711 2252 dignum
1769 2178 1956 2233 haberi

381 2290 471 2355 ulli
531 2287 713 2338 divina
778 2291 1122 2339 sacramenta
1180 2278 1466 2349 percipiat.
1509 2276 1757 2327 Praesens
1812 2272 1957 2325 enim

381 2398 555 2434 canon
591 2378 832 2433 decernit
889 2377 955 2431 de
1006 2374 1232 2427 muliere
1260 2388 1380 2439 qua:
1436 2367 1707 2422 nefarium
1767 2365 1959 2418 matri-

383 2473 624 2527 monium
655 2469 948 2532 contraxit,
1001 2474 1055 2520 οι
1106 2466 1175 2518 ab
1208 2478 1273 2517 co
1305 2470 1414 2514 tota
1455 2461 1560 2511 vita
1609 2474 1715 2510 non
1747 2466 1830 2510 est
1864 2470 1955 2509 se-

380 2570 589 2636 juaeta,
618 2573 668 2618 et
710 2571 998 2632 propterea
1032 2573 1141 2611 nou
1185 2564 1269 2611 est
1319 2554 1386 2607 ad
1445 2552 1820 2622 pmoitentiam
1865 2549 1957 2602 ad-

385 2656 668 2711 mittenda.
735 2655 919 2707 l‘ictus
981 2656 1161 2703 autem
1222 2660 1396 2699 canon
1466 2643 1616 2712 ponit
1672 2655 1817 2705 eum,
1866 2639 1957 2709 qui

382 2754 655 2807 iniurium
687 2770 735 2805 m
761 2747 1096 2803 strimouinm
1128 2742 1423 2804 contraxit,
1456 2757 1484 2793 a
1536 2748 1762 2809 peccato
1793 2736 1962 2790 desti-

380 2850 533 2911 tisse,
565 2855 765 2900 etcum
819 2850 1101 2912 propterea
1136 2838 1200 2890 ad
1264 2832 1645 2906 pmnitentiam
1700 2829 1957 2885 admittit.

382 2940 523 3008 Lege
556 2939 717 2991 etiam
750 2948 1014 2987 rationem
1069 2930 1138 2984 59
1178 2928 1355 2985 sancti
1419 2925 1629 2989 Basilii,
1694 2925 1787 2995 qui
1840 2939 1959 2978 eam

380 3039 538 3083 vorat
584 3028 906 3088 adulteram,
940 3036 1060 3092 qua:
1093 3036 1215 3074 cum
1264 3018 1512 3073 adultero
1560 3015 1741 3069 adhuc
1793 3016 1959 3070 coha-

2060 1923 2225 1974 γοντα
2262 1905 2352 1957 τὸν
2390 1905 2483 1957 δύο
2528 1904 2763 1974 ἀδελφὰς
2798 1907 2877 1968 είς
2926 1907 3265 1960 συνοικέσιον
3293 1907 3653 1975 ἀγαγόμενον

2063 1998 2201 2068 μετὰ
2233 1998 2524 2052 ἑπταετίαν
2571 1998 2857 2065 ἀξιοῦσθαι
2902 2000 3010 2052 τῶν
3064 2000 3224 2053 θείων
3259 2000 3652 2070 ἀγιασμάτων.

2071 2090 2131 2142 Ὀ
2166 2091 2263 2159 μὲν
2318 2091 2425 2161 γάρ
2460 2091 2649 2162 παρὼν
2681 2093 2861 2144 κανὼν
2896 2091 3186 2162 νομοθετεῖ
3213 2097 3347 2162 περὶ
3377 2093 3653 2162 γυναικὸς

2059 2184 2319 2257 ἀθέμιτον
2365 2187 2541 2256 γάμον
2598 2190 2933 2257 ποιησάσης,
2971 2189 3067 2242 καὶ
3120 2188 3196 2260 μὴ
3230 2187 3653 2260 διαζευχθείσης

2061 2278 2119 2343 ἐξ
2145 2278 2308 2330 αὑτοῦ
2364 2278 2430 2330 δι’
2475 2279 2604 2348 ὅλης
2632 2280 2731 2349 τῆς
2789 2280 2937 2350 ζωῆς
2986 2280 3179 2349 αὐτῆς,
3226 2282 3321 2333 καὶ
3362 2281 3451 2334 διὰ
3482 2280 3655 2334 τοῦτο

2060 2369 2225 2439 οὗσης
2273 2368 2657 2440 ἀπαραδέκτου
2708 2373 2786 2431 εἰς
2824 2371 3117 2439 μετάνοιαν
3139 2389 3153 2404 ·
3195 2370 3223 2422 ὁ
3252 2373 3309 2427 δέ
3339 2373 3531 2444 ῥηθεὶς
3557 2373 3656 2427 θες

2066 2460 2280 2531 ματίζει
2305 2461 2394 2512 τὸν
2418 2461 2980 2533 ἀθεμιτογαμήσαντα
3007 2462 3313 2532 ἀποστῆναι
3334 2463 3434 2534 τῆς
3457 2465 3652 2534 ἀμαρ-

2062 2557 2202 2623 τίας,
2247 2559 2341 2611 καὶ
2403 2556 2491 2610 διὰ
2542 2558 2704 2611 τοῦτο
2752 2559 3111 2630 προσδέχεται
3159 2560 3323 2614 αὑτὸν
3353 2561 3434 2623 εἰς
3471 2563 3654 2631 μετά-

2062 2666 2231 2703 νοιαν.
2270 2649 2573 2718 ’Λνάγνωθι
2606 2651 2701 2703 καὶ
2737 2654 2828 2703 τὸν
2863 2651 2945 2703 λθ¹
2972 2652 3173 2704 κανόνα
3206 2650 3302 2704 τοῦ
3332 2651 3491 2721 ἁγίου
3542 2649 3654 2707 Βα-

2063 2738 2285 2803 σιλείου,
2311 2739 2649 2809 ὀνομάζοντα
2707 2741 2996 2811 μοιχαλίδα
3062 2740 3163 2814 τὴν
3196 2741 3277 2797 ἐτι
3326 2742 3405 2814 τῷ
3467 2744 3653 2814 μοιχῷ

2063 2831 2345 2895 συζῶσανσ
2379 2831 2519 2885 ὥστε
2552 2832 2858 2902 σημείωσαι
2890 2834 2970 2887 ὅτι
3012 2833 3091 2903 τῷ
3126 2835 3501 2905 ἁμαρτάνοντι
3548 2838 3653 2889 καὶ

2061 2925 2416 2995 ἀφισταμένῳ
2460 2923 2555 2977 τοῦ
2608 2925 2781 2979 κακοῦ
2825 2925 3077 2995 ἐπιτίμια
3120 2925 3376 2993 δίδονται,
3428 2928 3489 2982 οὐ
3538 2927 3656 2999 μὴν

2061 3015 2138 3085 τῷ
2169 3017 2482 3086 ἐπιμένοντι
2507 3034 2522 3049 ο
2556 3010 2710 3080 οὗτος
2742 3020 2851 3086 γὰρ
2896 3020 3074 3090 πάντη
3128 3018 3437 3088 ἀπόϐλητός
3469 3020 3649 3073 ἐστιν.

381 3126 537 3181 bitat.
567 3121 703 3175 Nota
739 3136 889 3189 ergo,
925 3115 1067 3187 quod
1103 3115 1152 3169 ei
1186 3114 1278 3184 qui
1332 3120 1540 3183 peccat,
1594 3119 1648 3166 et
1700 3126 1729 3164 a
1784 3110 1958 3181 putui-

2075 3107 2373 3178 Ἐρωτήσει
2403 3108 2458 3160 δέ
2483 3126 2587 3174 τις,
2621 3110 2681 3161 Εί
2710 3109 2765 3162 δὲ
2817 3110 2877 3162 οὐ
2909 3108 3132 3180 θελήσει
3165 3111 3198 3181 ὴ
3230 3110 3460 3182 ρηθεῖσα
3495 3110 3646 3181 γυνὴ

383 3220 549 3269 tentia
575 3212 809 3271 desistit,
843 3210 1044 3261 dantur
1095 3218 1291 3281 parum,
1348 3219 1455 3256 non
1514 3211 1695 3256 autem
1752 3201 1799 3255 ei
1863 3200 1957 3271 qui

383 3316 693 3378 perseverat
727 3323 740 3358 :
777 3304 893 3374 ipse
928 3299 1073 3355 enim
1108 3307 1198 3353 est
1242 3295 1473 3350 omnino
1508 3293 1836 3364 ejiciendus.
1876 3292 1962 3345 lu-

385 3400 680 3469 terrogavit
732 3405 911 3449 autem
957 3391 1234 3463 quispiam
1270 3388 1369 3446 :Si
1416 3396 1602 3441 autem
1638 3387 1775 3440 nolit
1816 3386 1961 3439 dicta

386 3495 580 3550 mulier
614 3491 902 3551 aliirmare,
933 3501 1013 3551 se,
1052 3494 1344 3555 postquam
1382 3480 1749 3544 convaluerit,
1801 3493 1831 3532 a
1862 3494 1960 3532 ne-

390 3588 527 3641 fario
559 3586 663 3639 isto
698 3580 958 3650 coniugio
985 3574 1372 3646 separandam,
1399 3588 1599 3627 annon
1627 3571 1734 3626 erit
1758 3581 1962 3625 sanctze

386 3675 789 3733 communionis
827 3668 1137 3741 patticeps?
1172 3665 1403 3721 Salutio.
1447 3664 1695 3717 Praesens
1741 3661 1959 3731 quidem

385 3778 560 3825 canon
598 3769 665 3822 de
698 3781 764 3819 eo
798 3764 932 3817 nihil
960 3762 1107 3815 dicit.
1156 3758 1419 3812 Existimo
1452 3765 1634 3809 autem
1692 3755 1793 3809 hoc
1839 3770 1963 3809 esse

390 3862 615 3915 nimium
649 3874 677 3909 a
712 3853 1088 3910 misericordia
1149 3858 1445 3912 remotum,
1488 3847 1532 3900 si
1590 3861 1676 3910 ea,
1731 3860 1855 3899 cum
1890 3846 1963 3898 sit

390 3952 716 4014 orthodoxa,
773 3964 837 4001 ne
894 3946 947 3998 in
996 3952 1242 3997 extremo
1293 3941 1511 4010 quidem
1562 3938 1782 4008 spiritu,
1819 3937 1961 3989 bono

388 4045 585 4098 viatico
616 4042 779 4112 digna
806 4038 1137 4094 censebitur.
1176 4034 1356 4101 Quare
1391 4034 1434 4087 si
1466 4047 1567 4087 nec
1598 4032 1701 4085 hoc
1727 4030 1951 4099 quidem

390 4134 764 4196 allirmaverit,
817 4129 985 4183 nihilo
1050 4128 1231 4181 secius
1288 4126 1492 4179 sancta:
1545 4121 1649 4177 erit
1703 4138 1953 4176 commu-

388 4227 572 4279 nionis
619 4226 891 4294 particeps

2059 3202 2394 3254 καταθέσθαι
2445 3202 2542 3272 τὴν
2579 3202 2718 3272 μετά
2774 3203 2872 3273 τὴν
2936 3203 3126 3272 ὑγείαν
3183 3204 3488 3257 ἀπόστασιν
3547 3203 3650 3257 τοῦ

2062 3292 2309 3347 τοιούτου
2365 3295 2627 3364 ἀθεμίτου
2678 3296 2883 3365 γάμου,
2911 3295 2973 3347 οὐ
3029 3295 3277 3368 μετάσχῃ
3328 3295 3653 3350 τελευτῶσα

2060 3387 2158 3458 τῆς
2184 3387 2342 3456 ἁγίας
2372 3386 2765 3457 geminatae)“
2794 3388 3010 3453 Λύσις.
3050 3388 3108 3440 Ὀ
3158 3388 3258 3458 μὲν
3306 3386 3501 3458 παρὼν
3549 3407 3653 3443 και

2061 3480 2168 3534 νὼν
2206 3482 2361 3534 οὐδέν
2388 3498 2440 3533 τι
2480 3482 2610 3549 περὶ
2649 3480 2841 3532 τούτου
2872 3480 3038 3551 φησίν
3061 3494 3074 3509 ⁸
3104 3476 3261 3551 οἶμαι
3288 3480 3345 3533 δὲ
3372 3483 3611 3552 ἀσυμπα
3633 3511 3648 3521 ο

2066 3574 2157 3637 θὲς
2182 3569 2323 3627 εἶναι
2352 3574 2411 3627 τὸ
2447 3575 2524 3644 μὴ
2552 3572 2851 3645 ἀξιωθῆναι
2902 3573 3115 3643 ταύτην
3149 3572 3243 3626 τοῦ
3292 3572 3457 3626 καλοῦ
3516 3575 3651 3642 Epo-

2063 3667 2174 3719 δίου
2246 3668 2303 3718 ἐν
2380 3669 2500 3729 ταῖς
2566 3666 2913 3729 τελευταίαις
2979 3667 3302 3731 ἀναπνοαῖς,
3356 3665 3648 3736 όρθόδοξον

2064 3756 2252 3811 οὖσαν.
2280 3758 2369 3809 Διὸ
2401 3759 2502 3809 κᾶν
2539 3759 2613 3828 μὴ
2666 3759 2871 3829 ποιήσῃ
2904 3758 3169 3830 τοιαύτην
3202 3758 3523 3819 κατάθεσιν,
3557 3757 3651 3812 διὰ

2071 3848 2168 3916 τῆς
2201 3847 2349 3909 θείας
2384 3847 2735 3916 μεταλήψεως
2765 3848 3224 3919 ἐροδιασθήσεται
3249 3864 3263 3879 ⁸
3302 3850 3395 3901 xxi
3446 3850 3497 3902 εί
3545 3850 3650 3919 μὲν

2072 3940 2337 4005 ὑγιάνασσι
2362 3937 2496 4010 λύσῃ
2530 3939 2788 4009 ἀθέμιτον
2817 3941 3019 4011 γάμον,
3052 3940 3531 4011 παραδεχθήσεται
3563 3942 3650 4006 είς

2072 4027 2396 4098 μετάνοιαν·
2432 4031 2480 4079 εί
2523 4028 2579 4080 δέ
2628 4017 2726 4097 μὴ,
2776 4029 2871 4099 τῆς
2911 4030 3237 4098 Ἑκκλησίας
3289 4032 3649 4085 παντάπασιν

2067 4121 2641 4193 ἐξοστρακισθήσεται,
2672 4121 2744 4184 ὠ,
2777 4122 2853 4192 τῷ
2884 4123 3036 4193 κακῷ
3068 4124 3429 4193 ἐπιμένουσι.

945 4232 1050 4275 :et
1112 4220 1178 4284 si,
1246 4228 1533 4288 postquam
1596 4217 1964 4279 convaluerit,
2006 4215 2183 4269 solvat
2251 4217 2522 4270 nefarium
2592 4217 2929 4287 coniugium,
2986 4218 3054 4272 ad
3111 4219 3488 4288 pmttitentiam
3550 4218 3651 4276 ad.

386 4320 634 4372 mittetur
670 4334 685 4370 :
714 4317 797 4371 sin
829 4315 1035 4379 minus,
1069 4314 1136 4367 ab
1173 4313 1410 4367 ecclesia
1446 4313 1671 4365 omnino
1700 4308 2178 4373 exterminabitur,
2209 4320 2266 4363 ut
2298 4325 2418 4379 qua:
2442 4311 2496 4365 in
2530 4313 2673 4366 malo
2706 4322 3039 4381 perseveret.

458 4413 711 4470 ZONAR.
775 4410 832 4466 Si
878 4427 985 4481 qua
1038 4411 1234 4464 mulier
1290 4409 1507 4479 nuptias
1559 4422 1684 4461 cum
1744 4407 1962 4461 duobus

2143 4406 2388 4462 ΖΩΝΑΡ.
2440 4407 2569 4460 Ἐὰν
2618 4410 2759 4475 γυνὴ
2812 4408 2955 4461 κατά
3009 4406 3188 4476 γάμον
3242 4406 3337 4462 δύο
3399 4407 3652 4477 ἀδελφοῖς

389 4510 656 4565 fratribus
684 4506 1048 4571 contraxerit,
1105 4519 1203 4558 nec
1240 4512 1299 4557 ut
1330 4518 1425 4556 eas
1458 4501 1720 4555 dissolvat
1767 4500 1959 4555 adduci

2072 4501 2391 4571 συνοικήσῃ,
2412 4501 2733 4565 ,ἐξωθείσθω
2768 4504 2867 4571 τῆς
2888 4500 3185 4572 ἐκκλησίας
3209 4500 3373 4572 μέχρι
3412 4502 3648 4557 θανάτου

387 4604 587 4676 possit,
619 4612 769 4657 extra
802 4598 1118 4661 ecclesiam,
1151 4595 1350 4667 inquit,
1391 4593 1569 4665 quoad
1600 4592 1820 4653 vixerit,
1868 4605 1963 4644 ex-

390 4694 667 4749 trudatur.
701 4689 856 4758 Quod
891 4688 935 4744 si
970 4688 1117 4742 inter
1140 4686 1487 4741 moriendum
1518 4684 1585 4739 de
1616 4680 1966 4738 dissolvendo

389 4786 649 4856 coniugio
700 4784 747 4839 si
800 4779 1143 4837 convaluerit
1188 4779 1533 4849 polliceatur,
1567 4786 1772 4832 sancta:
1812 4789 1968 4831 com-

388 4872 675 4929 munionis
716 4880 850 4925 tunc
884 4871 1110 4939 quidem
1148 4868 1426 4939 particeps
1460 4866 1590 4920 lict:
1633 4880 1821 4919 verum
1866 4864 1966 4919 dc-

394 4967 557 5037 pulso
606 4962 798 5017 morbo
850 4963 1231 5033 paenitentiam
1288 4960 1532 5025 habebit,
1589 4959 1689 5014 hoc
1747 4965 1852 5024 est,
1899 4956 1966 5013 ad

400 5058 779 5131 pmuitentiam
810 5056 1151 5111 admittetur.
1188 5052 1343 5121 Quod
1380 5053 1425 5109 si
1475 5070 1580 5106 uua
1616 5068 1681 5107 ex
1717 5052 1798 5106 his
1844 5066 1969 5119 per-

395 5149 553 5203 sonis
582 5147 875 5200 interdicto
911 5146 1168 5217 coniugio
1198 5144 1404 5215 illigata
1451 5142 1779 5208 decesserit,
1828 5141 1966 5195 difli-

392 5242 516 5297 cilis
562 5241 899 5309 pmnitentia:
951 5240 1093 5294 ratio
1127 5240 1411 5311 superstiti
1449 5240 1811 5308 relinquetur.
1862 5235 1965 5302 Qui

393 5336 541 5390 enim
576 5335 965 5403 ptenitentiam
1018 5333 1149 5400 agit,
1202 5333 1249 5387 is
1293 5334 1337 5387 si
1387 5347 1417 5385 a
1461 5340 1689 5401 peccato
1735 5330 1968 5384 desistat

396 5428 721 5496 pmnitentia
749 5425 875 5479 duci
922 5424 1294 5479 existimatur.
1342 5424 1411 5481 At
1456 5425 1500 5479 si
1541 5424 1596 5479 in
1646 5423 1791 5477 malo
1841 5438 1965 5493 per-

389 5518 561 5582 sistit,
594 5516 719 5586 quis
755 5531 879 5569 equ
908 5516 1230 5587 pmuitentia
1259 5515 1483 5571 admissi
1514 5516 1779 5571 facinoris
1815 5514 1961 5585 ινιιεὶ

390 5607 603 5674 credat,
638 5618 735 5663 aut
770 5624 880 5678 quo
912 5619 1070 5679 pacto
1097 5607 1186 5663 ille
1217 5608 1283 5663 ad
1318 5610 1694 5680 pmuitentiam
1747 5607 1963 5664 admitti

388 5699 577 5767 qut-at?
599 5698 700 5765 Qui
729 5715 855 5756 vero
885 5716 1059 5770 usque
1079 5698 1146 5753 ad
1168 5701 1414 5755 mulieris
1443 5702 1652 5755 obitum
1681 5714 1961 5769 nunquam

388 5808 447 5850 se
498 5793 565 5848 ab
597 5793 895 5864 illegitimis
948 5795 1154 5866 nuptiis
1210 5793 1485 5865 abjunxit,
1537 5794 1583 5849 is
1623 5810 1681 5851 se
1730 5792 1961 5849 muliere

2075 4594 2151 4665 μὴ
2185 4594 2482 4665 πειθομένη
2542 4593 2699 4648 λῦσαι
2730 4596 2820 4647 τὸν
2875 4594 3085 4663 γάμον·
3140 4594 3188 4646 εί
3223 4592 3280 4647 δὲ
3336 4594 3652 4663 θνήσκουσι

2071 4686 2477 4756 ἐπαγγέλληται
2504 4687 2588 4740 ὅτι
2626 4686 2894 4755 ὑγιάνασα
2935 4685 3087 4739 λύσει
3117 4688 3210 4739 τὸν
3235 4684 3435 4755 γάμον,
3466 4684 3651 4750 τεύξε-

2070 4794 2160 4831 ται
2190 4780 2286 4848 τῆς
2314 4777 2477 4846 ἁγίας
2508 4777 2864 4848 μεταλήψεως
2895 4777 3038 4843 τότε,
3073 4777 3170 4832 καὶ
3201 4778 3651 4848 ἀναῤῥωσθείσα,

2070 4867 2181 4935 ἐξει
2211 4871 2522 4940 μετάνοιαν,
2545 4870 2663 4922 ἀντὶ
2699 4867 2813 4933 τοῦ,
2844 4868 3169 4939 δεχθήσεται
3212 4870 3296 4931 είς
3330 4869 3650 4938 μετάνοιαν.

2083 4960 2214 5013 Ἐὰν
2238 4959 2292 5012 δὲ
2325 4958 2385 5013 τὸ
2420 4961 2477 5013 ἓν
2513 4960 2623 5013 τῶν
2664 4960 2972 5031 προσώπων
3000 4958 3208 5013 τούτων
3249 4960 3305 5012 ἐν
3331 4959 3410 5030 τῷ
3452 4960 3650 5031 ἀθεμί-

2068 5071 2145 5123 τῳ
2167 5055 2333 5125 γάμῳ
2365 5053 2690 5127 τελευτήσῃ,
2724 5053 2999 5125 δυσχερὴς
3026 5055 3060 5125 ἡ
3102 5055 3363 5125 μετάνοια
3389 5054 3470 5126 τῷ
3491 5070 3653 5128 περι·

2068 5147 2367 5217 λειφθέντι.
2456 5147 2515 5199 '0
2590 5150 2699 5218 γὰρ
2780 5146 3064 5217 μετανοῶν
3122 5148 3501 5219 ἀφιστάμενος
3547 5147 3649 5215 τῆς

2070 5242 2345 5311 ἁμαρτίας
2376 5240 2695 5292 πιστεύεται
2735 5244 3042 5309 μετανοεῖν.
3082 5239 3143 5293 El
3176 5240 3220 5293 δ’
3258 5241 3337 5293 ἔτι
3371 5242 3432 5293 τὸ
3479 5240 3648 5294 κακὸν

2068 5336 2323 5405 πράττει,
2367 5332 2482 5395 πῶς
2527 5332 2912 5401 λογισθήσεται
2976 5333 3405 5403 μεταμέλεσθαι,
3458 5334 3491 5405 ἢ
3528 5332 3647 5397 πῶς

2066 5426 2393 5497 δεχθὴσεται
2426 5425 2504 5486 είς
2541 5424 2869 5494 μετάνοιαν;
2917 5425 2975 5478 Ὀ
3002 5426 3058 5477 δέ
3090 5426 3255 5497 μέχρι
3288 5426 3523 5480 θανάτου
3547 5427 3647 5496 τῆς

2067 5520 2323 5588 γυναικὸ,
2354 5519 2429 5588 μὴ
2468 5517 2713 5582 ἀποστάς
2764 5519 2865 5589 τῆς
2895 5518 3340 5589 ἀθεμιτογαμίας
3370 5519 3646 5572 δείκνυσιν

2064 5614 2168 5677 ὅτι,
2206 5612 2254 5663 εί
2280 5610 2376 5662 καὶ
2402 5610 2483 5662 ἔτι
2509 5614 2727 5681 περιῆν,
2754 5611 2855 5664 οὐκ
2878 5611 2944 5664 ἂν
2978 5610 3190 5680 ἀπέστη
3220 5604 3320 5681 τῆς
3346 5611 3646 5680 ἁμαρτίας,

2065 5702 2138 5765 ὡς
2170 5699 2303 5768 γοῦν
2348 5699 2473 5752 ὅσον
2530 5698 2589 5751 τὸ
2634 5700 2726 5753 ὑπ’
2767 5702 2962 5771 ἐκείνῳ
3009 5701 3085 5770 τῷ
3132 5701 3287 5772 κακῴ
3344 5701 3643 5770 ἐπιμένων,

2066 5792 2385 5863 δυσχέρειαν
2418 5791 2529 5859 ἔξει
2563 5793 2696 5863 πρὸς
2728 5795 2825 5864 τὴν
2874 5794 3160 5863 μετάνοιαν
3184 5810 3197 5824 ·
3254 5793 3352 5848 καὶ
3398 5792 3589 5864 ὠσπερ
3612 5791 3645 5847 ὁ
