3990 6482
401 414 502 479 2301

1391 417 1471 479 IN
1513 416 1681 480 CAN.
1726 415 1817 476 Ill
1848 415 2062 476 CONC.
2100 416 2534 480 NEOCESAR.

3505 372 3651 475 1202

366 532 540 601 μέγας
567 528 845 593 Βασίλειος
884 531 943 583 ἐν
974 530 1053 585 λθ“
1084 530 1269 586 κανόνι
1334 530 1502 599 φησίν
1526 547 1542 562 ο
1584 530 1649 582 'H
1672 527 1751 598 τῷ
1781 527 1955 597 μοιχῷ

2076 529 2356 597 superstite
2392 544 2672 599 nunquam
2725 525 3013 582 acrimine
3066 533 3413 577 recessurum
3471 519 3642 574 fuisse

366 621 587 683 συζὼσα
616 619 868 690 μοιχαλὶς
904 622 1018 675 ἐστι
1043 622 1225 676 πάντα
1251 620 1345 674 τὸν
1375 618 1570 688 χρόνον
1589 635 1606 652 ο
1645 618 1788 671 οὕτω
1848 620 1946 670 καὶ

367 715 395 765 6
426 714 880 783 ἀθεμιτογαμῶν,
934 714 1041 776 ἓως
1094 714 1163 768 ἂν
1213 713 1288 784 μὴ
1347 711 1491 783 λύσῃ
1533 710 1626 764 τὸν
1685 710 1948 778 ἀθέμιτον

362 819 543 870 ταμον
575 843 590 868 .

363 894 536 952 ἐσται.

676 805 983 876 ἁμαρτάνει
1047 806 1141 857 καὶ
1215 805 1297 866 είς
1368 802 1658 873 μετάνοιαν
1732 800 1955 863 ἄδεκτος

2059 619 2218 688 plane
2272 621 2637 676 demonstrat.
2674 619 2849 691 Igitur
2905 618 3052 672 velut
3105 615 3200 684 qui
3256 620 3524 682 quantum
3583 612 3639 665 in

2061 712 2181 781 ipso
2210 720 2317 778 est,
2354 713 2407 766 in
2443 712 2652 767 nefario
2683 713 2917 768 crimine
2968 718 3311 779 perseveret,
3339 705 3403 759 ad
3455 704 3637 774 ιιωηί-

2062 800 2290 855 tentiam
2327 803 2517 857 multis
2551 802 2964 857 ditlicultatibus
2997 800 3284 867 obseptum
3338 797 3441 851 iter
3488 796 3641 849 inve-

2067 892 2211 957 niet;
2241 901 2293 947 ct
2326 895 2785 963 quemadmodum
2817 910 3048 965 magnus
3082 891 3314 947 Basiiius
3348 892 3401 943 in
3430 902 3640 943 canone

370 988 457 1040 ait
512 1002 729 1057 semper
759 985 1017 1042 adulterii
1066 1000 1213 1039 ream
1259 1002 1384 1041 esse
1436 1000 1556 1037 eam
1606 996 1729 1053 quae
1776 996 1901 1035 cum
1948 981 2201 1037 adultero
2260 984 2487 1050 babital,
2552 988 2626 1041 ita
2682 996 2736 1041 et
2770 987 2861 1055 qui
2898 986 3136 1041 nefarias
3213 985 3436 1052 nuptias
3499 995 3637 1035 con-

366 1079 554 1144 traxit,
613 1082 788 1135 donec
845 1079 1195 1136 interdictum
1252 1078 1569 1149 conjugium
1623 1073 1933 1141 resciderit,
1980 1075 2033 1130 in
2066 1092 2205 1133 noxa
2236 1090 2342 1147 est,
2384 1094 2486 1135 nec
2520 1080 2590 1136 ad
2644 1081 3022 1152 paenitentiam
3094 1079 3363 1133 ullatenus
3425 1076 3633 1129 admitti

362 1183 570 1242 potest.
756 1218 763 1226 .

362 1269 589 1323 ΔΡΙΣΤ.
630 1286 649 1321 ι
703 1268 768 1321 Ἤ
797 1268 1050 1335 ἀδελφοῖς
1078 1265 1377 1337 γημαμένη
1430 1268 1639 1329 δ.σσοῖς
1687 1266 1777 1320 διὰ
1833 1266 1949 1338 βίου

445 1380 464 1412 ς
505 1360 849 1425 ἐξωθείσθω·
884 1360 1014 1413 εἰδὲ
1047 1360 1189 1413 κατὰ
1222 1360 1314 1411 τὸν
1346 1358 1578 1412 θάνατον
1632 1360 1948 1428 ὑπισχνοῖτο

443 1472 462 1506 ι
499 1453 681 1505 λύσειν
711 1453 801 1504 τὸν
844 1452 1043 1521 γάμον,
1083 1451 1148 1504 ἂν
1180 1449 1435 1520 ἐπιϐιῴη,
1481 1451 1593 1514 ἐξει
1634 1452 1945 1520 μετάνοιαν·

449 1565 469 1599 ι
510 1548 559 1599 εἰ
586 1546 641 1599 δὲ
676 1545 1009 1615 τελευτήσει,
1043 1546 1154 1598 τῶν
1194 1545 1458 1598 συνοίκων
1487 1545 1514 1597 6
1539 1540 1640 1610 εἷς,
1673 1545 1947 1617 δυσχερὴς

442 1658 462 1691 ι
496 1638 576 1708 τῷ
614 1637 863 1707 μείναντι
900 1638 1268 1709 ἡμετάνοια.»

453 1817 517 1871 Ἢ
551 1817 701 1871 δυσὶν
751 1818 1001 1888 ἀδελφοῖς
1053 1818 1385 1889 γαμηθεῖσα,
1432 1817 1527 1871 καὶ
1578 1819 1657 1887 τῷ
1719 1817 1948 1889 ἁθέσμῳ

366 1912 531 1983 γάμῳ
553 1913 916 1981 ἐπιμένουσα,
944 1912 1031 1966 διὰ
1061 1911 1177 1982 βίου
1204 1912 1406 1975 παντὸς
1433 1911 1608 1982 αὐτῆς
1637 1910 1948 1975 ἐξωθείσθω

365 1998 467 2067 τῆς
494 1998 815 2069 ἐκκλησίας.
852 2001 1014 2069 Ζήτει
1066 2001 1162 2053 καὶ
1208 2000 1304 2054 τοῦ
1364 2000 1604 2070 μεγάλου
1665 2002 1951 2055 Ῑςασιλείου

366 2091 571 2145 κανόνα
598 2089 704 2159 κγ’.
742 2092 803 2145 Εἰ
844 2092 901 2145 δὲ
935 2093 1073 2163 πρὸς
1106 2093 1337 2147 θάνατον
1390 2093 1620 2147 ἐλθοῦσα
1674 2093 1950 2165 ὑποσχεθῇ

367 2182 553 2236 λύσειν
580 2182 673 2235 τὸν
718 2184 916 2254 γάμον,
965 2184 1061 2237 ἐὰν
1087 2184 1373 2251 ἐπιζήσει·
1408 2186 1626 2257 δέχεται
1653 2186 1735 2249 εις
1782 2185 1953 2255 μετά-

366 2293 537 2330 νοιαν.
586 2277 776 2339 Ὅπως
841 2277 919 2341 δέ,
972 2276 1127 2345 ζήτει
1172 2279 1374 2332 κανόνα
1425 2277 1502 2349 ξβ¹
1562 2280 1656 2333 καί⁵
1714 2278 1791 2348 ξγ¹
1854 2296 1953 2349 με·

367 2369 535 2437 γάλου
562 2369 866 2424 Βασιλείου.
898 2372 987 2435 Ὠς
1016 2372 1071 2423 δέ
1089 2388 1235 2434 τινος
1265 2372 1535 2439 εἰπόντος,
1568 2374 1634 2427 Εἰ
1662 2373 1719 2427 δὲ
1754 2390 1953 2426 καταν-

368 2464 524 2532 τήσει
554 2464 635 2526 είς
666 2463 925 2527 θάνατον,
958 2464 1078 2517 οὐδὲ
1108 2465 1230 2517 τότε
1253 2465 1361 2516 τῶν
1403 2464 1564 2517 θείων
1590 2465 1953 2535 ἁγιασμάτων

368 2555 736 2623 ἀξιωθήσεται
760 2560 785 2621 ;’
812 2558 1122 2625 ἐπήγαγον,
1156 2557 1233 2619 ὡς
1286 2556 1410 2609 Ἐὰν
1438 2556 1494 2609 δὲ
1525 2557 1581 2608 ἐν
1607 2556 1685 2627 τῷ
1713 2558 1954 2626 παρανό-

374 2664 460 2717 μῳ
491 2647 665 2717 τούτῳ
696 2649 860 2718 γάμῳ
893 2646 973 2710 εἷς
1010 2649 1069 2715 ἐξ
1105 2649 1285 2702 αὐτῶν
1323 2648 1647 2721 τελευτήσῃ,
1684 2650 1953 2721 δυσχερὴς

368 2741 447 2808 τῷ
479 2740 699 2812 ζῶντιή
731 2743 1012 2811 μετάνοια,
1065 2742 1153 2796 διὰ
1222 2743 1284 2795 τὸ
1366 2744 1440 2813 μὴ
1513 2742 1845 2811 διακοπῆναι
1891 2742 1955 2794 τὸ

369 2834 612 2903 ἄθεσμον
650 2834 799 2904 παρὰ
826 2834 927 2906 τὴν
951 2832 1118 2888 αὐτοῦ
1157 2835 1384 2906 γνώμην
1417 2852 1475 2889 τε
1548 2835 1643 2889 καὶ
1689 2820 1955 2906 προαίρε-

370 2944 476 2986 σιν.

996 3047 1236 3100 ΚᾹΝΩΝ
1272 3046 1353 3102 Γ’.

381 3171 401 3204 ι
438 3154 574 3225 Περὶ
602 3156 712 3209 τῶν
745 3157 1020 3221 πλείστοις
1053 3156 1258 3227 γάμοις
1304 3157 1754 3228 περιπιπτόντων
1783 3159 1811 3211 6
1854 3159 1955 3230 μὲν

446 3267 464 3300 ι
499 3248 691 3319 χρόνος
723 3250 901 3320 σαφὴς
921 3253 947 3303 6
972 3250 1299 3319 ὡρισμένος,
1333 3253 1365 3319 ἡ
1408 3252 1466 3304 δὲ
1491 3252 1809 3322 ἀναστροφὴ
1862 3253 1956 3306 καὶ¹
1985 3233 2026 3287 C

450 3360 469 3392 ι
507 3344 541 3413 ὴ
576 3341 763 3406 πίστις
796 3343 976 3396 αὐτῶν
1001 3343 1290 3413 συντέμνει
1323 3343 1436 3414 (95)
1460 3343 1551 3399 τὸν
1590 3344 1784 3416 χρόνον
1816 3345 1951 3415 (94).

446 3517 643 3573 ΒΔΛΣ.
682 3520 823 3582 Τοὺς
850 3519 1205 3589 πολυγάμους
1246 3520 1413 3588 φησὶν
1474 3523 1502 3573 6
1545 3520 1727 3574 κανὼν
1782 3523 1958 3576 ἐπιτι-

378 3613 583 3683 μᾶσθαι
614 3613 703 3665 διὰ
744 3612 940 3684 χρόνου
978 3613 1288 3684 ὡρισμένου
1343 3614 1463 3684 ἦτοι
1499 3617 1956 3687 προεγνωσμένου

373 3706 484 3760 ἀπὸ
512 3706 807 3778 συνηθείας
832 3723 847 3737 ·
883 3706 1025 3775 πλὴν
1061 3708 1212 3776 παρὰ
1260 3710 1325 3776 τῇ
1372 3708 1710 3778 ἐπισκοπικῇ
1746 3709 1959 3777 διακρί-

377 3814 462 3850 σει
488 3798 608 3851 ἐστὶ
640 3798 737 3851 καὶ
771 3798 862 3850 τὸν
896 3797 1139 3850 τοιοῦτον
1167 3796 1361 3867 χρόνον
1394 3802 1681 3869 συκλτεμείν
1712 3799 1802 3852 διὰ
1854 3800 1954 3869 τὴν

375 3890 591 3959 ἀγαθὴν
617 3888 712 3943 τοῦ
738 3889 1147 3960 ἁμαρτάνοντος
1176 3892 1539 3959 ἐπιστροφήν.
1582 3892 1735 3943 Ἐπεὶ
1763 3891 1819 3943 δὲ
1850 3891 1959 3944 ἀπὸ

374 3976 569 4029 τούτου
594 3976 655 4029 οὐ
697 3977 1031 4046 παρίσταται
1061 3979 1206 4041 τίνες
1246 3979 1355 4030 εἰσὶ
1383 3982 1431 4031 oi
1473 3979 1923 4047 πολυγαμοῦντες
1942 4021 1957 4046 ,

376 4069 498 4123 οὐδὲ
523 4069 609 4131 τίς
643 4071 795 4121 ἐστιν
818 4069 847 4121 6
871 4069 1179 4140 ὡρισμένος
1214 4048 1426 4139 χρόνος,
1463 4071 1756 4125 κάντεῦθεν
1782 4071 1959 4135 ἄλλως

378 4165 475 4217 καὶ
503 4163 683 4226 ἄλλως
711 4162 781 4219 τὰ
808 4164 939 4235 περὶ
973 4163 1166 4217 τούτου
1199 4162 1576 4233 ἐξελήφθησαν
1595 4180 1610 4196 ο
1643 4165 1763 4217 οὐδὲ
1792 4167 1958 4235 ἡμεῖς

378 4256 726 4327 ἠδυνήθημεν
744 4256 959 4325 γράψαι
1008 4273 1065 4309 τι
1107 4257 1378 4313 ἐνταυθοῖ.
1448 4254 1536 4309 Ἐν
1575 4259 1759 4326 μέντοι
1788 4256 1864 4326 τῷ
1917 4258 1961 4310 δ’

378 4350 564 4402 κανόνι
598 4348 692 4401 τοῦ
725 4349 964 4417 μεγάλου
1011 4349 1321 4412 Βασιλείου,
1354 4348 1451 4401 τοῦ
1495 4348 1632 4401 Θεοῦ
1698 4349 1958 4416 διδόντος,

380 4442 633 4511 εἴποιμεν
662 4440 731 4494 τὰ
769 4441 957 4496 εἰκότα
992 4442 1123 4513 περὶ
1158 4442 1270 4494 τῶν
1311 4443 1598 4511 τριγάμων
1632 4443 1727 4495 καὶ
1791 4445 1960 4495 πολυ-

2050 1262 2285 1320 ARIST.
2326 1282 2344 1315 ι
2380 1264 2572 1320 Mulier
2605 1281 2727 1335 quae
2770 1264 2985 1320 duobus
3023 1266 3283 1319 fratribus
3320 1274 3482 1332 nupta
3529 1274 3631 1329 est,

2130 1373 2149 1407 ι
2186 1372 2282 1426 per
2328 1366 2501 1412 totam
2554 1360 2721 1413 vitam
2769 1359 3096 1429 expellatur.
3164 1358 3221 1411 Si
3286 1375 3413 1409 vero
3470 1358 3631 1407 morti

2131 1464 2151 1499 ι
2188 1448 2438 1518 proxima
2474 1466 2531 1506 se
2582 1452 2802 1520 nuptias
2850 1450 3156 1504 solutnram
3213 1449 3546 1517 pt'Otuiset‘it,
3587 1449 3631 1501 si

2126 1558 2145 1591 ι
2182 1542 2575 1610 supervixerit,
2631 1543 2697 1597 ad
2754 1542 3141 1613 paenitentiam
3192 1542 3534 1595 admittetur.
3575 1539 3632 1591 Si

2132 1652 2151 1685 ι
2194 1646 2373 1688 autem
2410 1651 2553 1691 unus
2589 1652 2619 1690 e
2644 1636 2975 1707 coniugibus
3004 1633 3226 1697 obierit,
3261 1632 3499 1687 diﬂicilis
3549 1643 3633 1686 est

2138 1746 2156 1779 ι
2196 1728 2483 1798 superstiti
2520 1730 2869 1798 pmnitentia.
2904 1748 2922 1780 ι

2133 1819 2267 1886 Quae
2297 1820 2516 1875 duobus
2555 1822 2818 1877 fratribus
2855 1834 3021 1890 nupta
3058 1829 3163 1884 est,
3192 1828 3243 1873 et
3271 1820 3321 1872 in
3352 1818 3636 1888 iilcgitimo

2055 1913 2162 1969 isto
2195 1914 2455 1985 coniugio
2502 1925 2708 1976 manet,
2755 1930 2852 1984 per
2900 1923 3071 1969 totam
3131 1930 3286 1968 suam
3335 1914 3502 1967 vitam
3545 1928 3638 1965 ec-

2055 2007 2223 2060 clcsia
2268 2006 2597 2076 expeilatur.
2642 2007 2835 2071 Qumrc
2894 2017 2946 2059 et
2990 2006 3172 2075 magni
3228 2005 3412 2058 Basilii
3468 2019 3638 2058 cano-

2057 2112 2175 2151 nem
2218 2097 2309 2152 9.3.
2363 2098 2420 2151 Si
2466 2111 2649 2152 autem
2712 2098 2873 2151 morti
2920 2099 3374 2166 appropinquans
3438 2096 3637 2165 conju-

2056 2191 2202 2258 giqu
2281 2191 2495 2244 solvere
2568 2190 2883 2259 prmuittit,
2950 2190 2995 2243 si
3080 2190 3493 2258 supervixerit,
3568 2192 3633 2242 ad

2055 2278 2435 2346 pmnitentiam
2493 2277 2828 2331 admittitur.
2885 2276 3173 2343 Quomodo
3231 2294 3395 2342 vero,
3453 2294 3637 2347 quam:

2057 2369 2245 2425 Basilii
2280 2371 2463 2439 magni
2520 2384 2762 2424 canones
2817 2368 2885 2423 6").
2928 2381 2979 2423 et
3026 2370 3117 2423 (i3.
3148 2368 3313 2441 4,οά
3351 2369 3632 2439 Tanquam

2055 2472 2235 2518 autem
2272 2462 2503 2517 dixisset
2551 2463 2826 2531 quispiam
2859 2480 2871 2516 :
2903 2462 2998 2516 Siti
3054 2472 3234 2517 autem
3284 2463 3349 2516 ad
3403 2474 3634 2516 mortem

2057 2556 2405 2627 pervenerit.
2474 2570 2541 2609 ue
2596 2563 2725 2607 tunc
2778 2554 2999 2623 quidem
3059 2554 3245 2608 divina
3293 2567 3635 2609 sacramenta

2056 2648 2354 2719 percipiet?
2387 2648 2725 2715 adjecerunt,
2767 2645 2822 2699 Si
2880 2640 3057 2697 autem
3111 2646 3161 2698 iu
3203 2645 3482 2713 illegititno
3532 2644 3639 2700 isto

2055 2743 2309 2812 conjugio
2347 2758 2491 2795 unus
2545 2756 2733 2795 eorum
2767 2750 2993 2793 mortem
3024 2738 3239 2805 obicrit,
3267 2738 3499 2795 difﬁcilis
3554 2752 3639 2793 est

2057 2834 2336 2904 superstiti
2408 2832 2745 2902 pmuitcntia,
2779 2834 2905 2901 quia
2932 2848 3037 2884 non
3072 2832 3401 2885 discinditur
3431 2841 3484 2885 et
3515 2847 3638 2885 cor.-

2058 2929 2249 2997 rigitur
2305 2927 2483 2981 scelus
2539 2942 2663 2981 cum
2720 2926 2997 2978 voluntate
3036 2925 3208 2993 ipsius
3248 2924 3631 2994 etpropositu.

2660 3038 2890 3094 CANON
2932 3039 3020 3093 lll.

2064 3181 2083 3213 ι
2122 3160 2197 3213 De
2251 3158 2319 3213 iis
2374 3159 2468 3228 qui
2537 3155 2593 3210 in
2651 3155 2894 3225 piurima.
2944 3153 3295 3206 matrimonia
3347 3152 3632 3216 incidunt,

2137 3270 2155 3303 ι
2197 3259 2415 3320 tempus
2448 3248 2670 3319 quidem
2702 3246 3069 3316 praestitutum
3118 3245 3474 3299 manifestum
3530 3254 3635 3300 cst.

2137 3363 2155 3396 ι
2195 3341 2300 3397 Sed
2349 3340 2637 3397 conversio
2689 3354 2742 3397 et
2793 3338 3115 3410 pmnitentia
3173 3352 3363 3391 eorum
3421 3346 3657 3407 tempus.

2139 3453 2157 3485 ι
2193 3433 2495 3487 contrahit.
2533 3456 2553 3485 ι

2136 3525 2331 3580 BALS.
2372 3525 2480 3579 Eos
2516 3523 2610 3594 qui
2655 3523 2856 3577 multas
2907 3538 3105 3578 uxores
3148 3520 3454 3583 duxerunt,
3505 3518 3642 3575 dicit

2061 3638 2236 3676 canon
2276 3620 2549 3691 praeﬁnito
2581 3634 2673 3673 seu
2710 3619 3016 3685 pl'dﬁSlllulO
3068 3628 3313 3686 tempore
3363 3630 3490 3669 esse
3539 3630 3640 3684 pu-

2060 3714 2291 3769 niendos
2322 3731 2388 3769 ex
2437 3712 2882 3767 consuetudine:
2930 3708 3027 3763 sed
3079 3717 3163 3763 est
3216 3709 3268 3762 in
3312 3707 3640 3777 episcopalis

2054 3809 2251 3879 judicii
2291 3815 2562 3877 potestate
2592 3804 2698 3859 hoc
2735 3812 2953 3871 tempus
3004 3800 3358 3862 contrahere,
3411 3806 3638 3869 propter

2062 3900 2259 3953 bonum
2297 3895 2417 3965 ejus
2448 3895 2542 3963 qui
2573 3894 2822 3964 peccavit
2853 3890 3298 3945 conversionem.
3350 3887 3455 3942 Sed
3510 3889 3639 3954 quia

2060 4010 2123 4046 ex
2181 3992 2283 4045 hoc
2334 4006 2441 4042 non
2494 3987 2832 4047 ostenditur,
2907 3983 3131 4053 quinam
3184 3982 3294 4035 sint
3344 3980 3637 4049 poiygami,

2063 4099 2239 4153 neque
2264 4082 2547 4152 quodnam
2598 4079 2671 4133 sit
2734 4088 2951 4145 tempus
2999 4075 3388 4143 prastitutum,
3438 4083 3490 4127 et
3538 4074 3641 4126 hoc

2062 4178 2219 4230 aliter
2252 4185 2302 4227 et
2331 4174 2489 4226 aliter
2519 4171 2645 4237 hinc
2678 4180 2731 4223 et
2769 4168 2893 4221 inde
2932 4175 3224 4220 tractatum
3256 4171 3361 4229 est,
3414 4178 3514 4216 nec
3541 4179 3640 4217 nos

2064 4271 2153 4324 liic
2209 4266 2415 4336 aliquid
2478 4263 2725 4340 scribere
2786 4262 3094 4329 potuimus.
3161 4258 3266 4311 Sed
3332 4257 3385 4309 in
3445 4266 3643 4326 quarto

2064 4360 2241 4429 magni
2276 4356 2459 4416 Basilii
2494 4370 2741 4421 canone,
2765 4352 2874 4407 Deo
2903 4353 3089 4415 dante,
3108 4352 3352 4404 dicemus
3377 4365 3496 4417 qua:
3514 4358 3644 4401 sunt

2063 4459 2428 4508 consentanea
2484 4452 2550 4502 de
2620 4447 2869 4518 trigamis
2941 4455 2995 4499 et
3054 4444 3398 4514 polygamis,
3466 4448 3520 4495 ct
3577 4440 3643 4494 de

377 4535 575 4604 γάμων
608 4534 704 4587 καὶ
741 4534 870 4604 περὶ
904 4534 999 4586 τοῦ
1052 4534 1246 4605 χρόνου
1277 4534 1384 4587 τῶν
1436 4532 1731 4605 διδομένων
1780 4536 1956 4587 ἐπιτι-

2076 4555 2311 4615 tempore
2374 4557 2663 4614 pinnarum
2744 4557 2865 4610 qua:
2929 4540 3131 4593 dantur
3196 4537 3495 4604 unicuique
3561 4535 3645 4605 ip-

382 4623 521 4695 μίων
554 4622 769 4694 ἑκάστῳ
811 4624 1013 4680 αὐτῶν.

450 4738 701 4794 ΖΩΝΑΡ.
745 4738 834 4791 Ἐν
854 4740 1105 4811 τετάρτῳ
1143 4742 1332 4794 κανόνι
1367 4743 1395 4793 6
1432 4741 1607 4811 μέγας
1657 4742 1959 4804 Βασίλειος,

378 4834 507 4893 τοὺς
537 4831 847 4902 τριγάμους
884 4833 977 4885 ἐπὶ
1028 4834 1350 4885 πενταετίαν
1376 4833 1734 4902 ἀφορίζεσθαι
1786 4835 1959 4901 λέγει,

381 4926 477 4977 καὶ
503 4924 696 4977 τοῦτον
724 4924 816 4977 τὸν
846 4925 1039 4995 χρόνον
1068 4927 1168 4977 οὐκ
1192 4926 1301 4979 άπὸ
1334 4927 1557 4988 κανόνος
1588 4925 1730 4998 εἷναί
1765 4944 1957 4996 φησιν,

383 5017 499 5068 ἀλλ’
541 5018 605 5071 ἐκ
641 5016 933 5089 συνηθείας
981 5020 1075 5071 καὶ
1102 5020 1201 5089 τῆς
1235 5019 1344 5071 τῶν
1383 5018 1795 5089 προειληφότων
1827 5020 1960 5072 ἀκο-

380 5108 627 5172 λουθίας,
674 5111 771 5163 καὶ⁵
847 5111 947 5179 τὴν
1012 5110 1313 5182 τριγαμίαν
1368 5112 1424 5165 δὲ
1484 5113 1564 5175 εἰς
1616 5112 1966 5182 πολυγαμίαν

381 5202 596 5272 ἀνάγει.
626 5202 761 5259 Τίνα
800 5202 858 5257 δὲ
902 5203 1050 5273 λέγει
1104 5205 1297 5276 χρόνον
1332 5205 1641 5275 ὡρισμένον
1688 5208 1716 5258 6
1770 5204 1963 5275 παρὼν

2070 4652 2281 4694 soruuL

2141 4750 2393 4807 ZONAR.
2422 4748 2649 4819 Magnus
2686 4746 2921 4801 Basilius
2952 4751 3150 4814 quarto
3202 4758 3417 4798 canone
3474 4743 3645 4809 triga-

2071 4860 2192 4898 mos
2225 4843 2289 4896 ad
2321 4840 2758 4911 quinquennium
2792 4837 3066 4908 segregari
3119 4836 3314 4903 jubet:
3359 4847 3525 4904 atque
3584 4839 3635 4889 id

2071 4937 2309 5004 Spatium
2346 4942 2454 4989 neu
2508 4949 2537 4987 a
2573 4947 2805 4996 canone,
2866 4929 2961 4985 sed
3009 4928 3207 4982 tradita
3260 4943 3291 4982 a
3342 4928 3644 4998 majoribus

2073 5028 2476 5084 consuetudine
2505 5024 2791 5081 deﬁnitum
2827 5037 2947 5077 esse
2973 5020 3195 5081 asserit.
3243 5036 3308 5073 ac
3334 5020 3644 5090 trigamiam

2073 5121 2140 5174 ad
2174 5120 2534 5191 polygamiam
2567 5131 2789 5187 quoque
2821 5113 3090 5168 extendit.
3135 5112 3291 5179 Quod
3342 5128 3470 5167 vero
3510 5124 3647 5166 tem-

2074 5228 2175 5284 pus
2207 5210 2534 5283 praeﬁnitum
2566 5210 2655 5265 hic
2694 5222 2873 5263 canon
2906 5205 3195 5275 intelligat,
3248 5205 3553 5274 ignoratur.
3592 5204 3641 5259 si

1606 5341 1805 5402 Guill.
1835 5344 2171 5424 Beveregii
2225 5357 2419 5408 notua.

460 5461 569 5533 (9'5)
634 5462 1231 5537 Συντέμκει.νϐυιιοχ
1302 5464 1770 5537 Amcrbaebianus
1826 5466 1957 5537 legit

385 5532 608 5605 τέμνει,
652 5542 860 5605 nostrae
897 5535 1113 5589 lectioni
1166 5552 1268 5588 non
1306 5536 1486 5589 solum
1522 5537 1722 5605 reliqui
1765 5532 1959 5592 omnes

384 5602 624 5677 codices,
649 5604 812 5677 sedet
836 5603 1073 5677 Joannes
1109 5607 1490 5661 Antioclicnus
1522 5602 1874 5677 suffragatur,
1899 5607 1955 5662 in

379 5671 522 5727 Coll.
551 5687 672 5727 can.
708 5674 790 5727 tit.
822 5675 912 5729 45.

459 5740 573 5807 (94)
598 5744 710 5797 Τὸν
734 5743 974 5811 χρόνον.
1003 5744 1127 5799 Post
1154 5748 1264 5800 lucc
1284 5748 1444 5801 verba
1480 5748 1531 5801 in
1555 5746 1745 5803 codice
1772 5747 1936 5801 Anter

388 5812 791 5887 baebianultoc
816 5817 1029 5884 σκόλιον
1060 5816 1308 5887 liabelur.
1359 5816 1561 5869 Τοῦτον
1597 5818 1963 5887 ἐξηγούμενος

388 5884 483 5936 τὸν
538 5885 742 5938 κανόνα
796 5888 823 5940 ὸ
874 5887 1049 5957 μέγας
1076 5885 1358 5950 Βασίλειός
1392 5905 1577 5958 φησιν,
1630 5884 1959 5960 Οὖτυ)’περί

2067 5473 2357 5541 τριγάμων
2388 5468 2482 5541 καί
2507 5469 2862 5541 πολυγάμων,
2894 5466 2991 5521 καὶ
3018 5458 3645 5541 δείκνυσινηὸτινπολυ-

2067 5529 2279 5612 γάμους
2325 5541 2376 5612 οἱ
2441 5529 2680 5612 Πατέρες
2724 5529 2862 5600 ’τοὺς
2918 5537 3245 5603 τριγάμους,
3296 5532 3397 5582 οὐκ
3418 5529 3646 5612 nali-eu;

2072 5599 2274 5681 ᾦασίνί
2313 5610 2465 5663 lluttc
2495 5599 2764 5677 expiictms
2812 5599 3103 5681 renouant"
3139 5617 3359 5671 magnus
3401 5599 3645 5681 petilius

2074 5670 2223 5743 dicit.
2256 5682 2345 5736 Sic
2378 5683 2441 5752 de
2476 5670 2711 5752 trigatttis
2742 5690 2790 5733 et
2819 5676 3131 5752 poiygamis,
3151 5684 3199 5728 et
3229 5671 3479 5752 ostendit,
3506 5670 3647 5738 quod

2080 5742 2332 5822 (rigantes
2392 5742 2606 5816 Patres,
2671 5768 2775 5804 non
2820 5742 2965 5822 ἀινίὃᾷ
3018 5746 3263 5802 dixerunt
3312 5742 3644 5812 potygamas.

2076 5824 2207 5881 Vide
2240 5838 2488 5882 sanctum
2521 5822 2684 5878 Basil.
2711 5836 2831 5878 ean.
2868 5821 2922 5874 4.
