3990 6482
406 291 550 376 1503

1661 302 1936 365 TllEOD.
1978 301 2372 365 BALSAMON

3487 302 3632 370 101

403 411 626 487 quidem
665 414 839 472 multo
871 414 1150 488 antiquior
1184 415 1298 471 haec
1360 417 1604 487 synodus
1645 434 1844 490 magno
1873 420 1974 473 Bac

2088 419 2282 484 κανὼν,
2331 419 2629 489 ἠγνόηται·
2663 419 3066 490 προγενεστέρα
3121 420 3230 491 γάρ
3277 419 3394 476 ἔστι
3465 423 3654 494 πολλῷ

407 510 532 567 silio
559 507 663 564 fuit
699 527 715 566 :
751 523 814 564 ac
849 511 1076 565 omnino
1106 509 1152 565 si
1184 510 1238 564 in
1271 525 1334 567 ea
1364 510 1588 583 aliquod
1621 519 1837 582 tempus
1881 513 1976 567 Iri-

403 614 690 674 gamorum
739 603 1075 673 poenitentiae
1126 603 1448 673 praeﬁnitum
1496 605 1714 670 fuisset,
1767 621 1976 675 nequa-

403 708 567 761 quam
637 692 772 749 illud
840 695 1309 764 sapientissimum
1372 695 1633 752 Basiliam
1704 697 1974 754 latuisset.

401 787 520 844 Nisi
553 787 692 844 forte
722 788 836 843 haec
859 804 1078 860 quoque
1108 790 1350 861 synodus
1373 791 1700 861 praeﬁnitum
1737 799 1974 860 tempus,

403 878 864 933 consuetudinem
899 879 1050 934 dicit.
1101 879 1342 950 Tempus
1389 880 1607 952 quidem
1656 881 1848 952 igitur,
1890 882 1976 936 in-

401 971 522 1042 quit
573 987 775 1040 canon,
832 971 1163 1042 praeﬁnitum
1217 981 1321 1039 est,
1382 973 1476 1030 sed
1529 989 1717 1028 eorum
1773 975 1864 1044 qui
1905 974 1976 1028 ob

402 1062 712 1132 trigaminm
747 1064 1088 1132 pmnitentim
1141 1062 1345 1118 addicti
1377 1071 1506 1118 sunt
1575 1065 1877 1120 conversio
1912 1079 1976 1120 ac

406 1152 598 1208 ﬁducia
635 1169 761 1225 erga
802 1153 968 1210 Deum
1010 1164 1224 1227 tempus
1275 1157 1573 1214 contrahit.
1636 1155 1693 1211 Si
1740 1172 1976 1227 namque

403 1246 496 1314 qui
531 1247 746 1302 illorum
783 1249 1114 1320 ptenitentim
1161 1256 1449 1320 praefectus
1480 1260 1582 1317 est,
1608 1265 1704 1306 eos
1733 1251 1785 1305 in
1819 1251 1974 1305 luen—
2020 1238 2024 1242 ”

402 1341 490 1397 dis
564 1342 740 1411 poenis
803 1344 1045 1398 studium
1119 1344 1478 1414 ardoremque
1540 1357 1651 1414 prae
1705 1360 1764 1400 se
1833 1343 1974 1398 ferre

401 1434 824 1498 animadvertat.
871 1452 969 1491 nec
997 1439 1344 1493 consterna-ri
1395 1445 1599 1505 mente,
1645 1437 1737 1494 sed
1796 1439 1975 1508 praeli-

403 1527 598 1580 dentes
626 1524 828 1582 divinae
863 1527 1092 1582 bonitati
1124 1526 1340 1582 veniam
1367 1527 1470 1581 sibi
1504 1533 1798 1580 contracta:
1823 1538 1978 1580 nox-ae

404 1617 680 1686 polliceri,
721 1619 1010 1688 przrstjtutl
1059 1617 1321 1688 temporis
1359 1617 1702 1674 intervallum
1754 1626 1978 1671 contra-

409 1711 500 1764 lict
530 1724 595 1764 ac
625 1709 908 1779 praecidet.

2077 509 2170 562 τοῦ
2204 511 2439 580 μεγάλου
2469 510 2745 564 Βασιλείου
2773 513 2806 581 ἠ
2841 512 3065 576 σύνοδος
3098 511 3238 584 αὕτη
3259 529 3274 544 ο
3322 515 3415 567 καὶ
3448 531 3657 568 παντε-

2026 665 2031 670 ,
2077 603 2206 668 λῶς,
2237 606 2286 658 εί
2317 603 2520 674 ὥριστο
2559 606 2664 676 πρὸ
2709 604 2915 676 ταύτης
2946 605 3138 676 χρόνος
3189 605 3284 660 ἐπὶ
3320 606 3428 660 τῶν
3456 608 3658 676 τριγά-

2081 714 2217 767 μων,
2248 697 2348 749 ούκ
2375 696 2442 749 ἂν
2478 696 2719 766 ὴγνοήθη
2751 695 2830 766 τῷ
2851 696 2921 748 τὰ
2947 695 3125 749 πάντα
3158 695 3309 765 σοφῷ
3360 697 3655 764 Βασιλείῳ·

2079 793 2126 844 εί
2155 792 2228 861 μή
2253 808 2353 844 που
2383 791 2528 859 λέγει
2562 792 2654 843 καὶ
2670 790 2805 860 αῦτη
2832 790 2865 860 ἡ
2895 789 3108 853 σύνοδος
3133 789 3440 861 ὡρισμένον
3459 791 3660 861 χρόνον

2078 883 2176 954 τὴν
2203 882 2513 955 συνήθειαν.
2564 883 2624 936 ’0
2663 883 2764 954 μὲν
2787 878 2882 937 οῦν
2913 883 3130 955 χρόνος,
3157 884 3343 953 φησὶν,
3399 883 3659 955 ὡρισμέ-

2078 995 2166 1040 νος
2191 976 2368 1030 ὲστίν·
2410 979 2440 1046 ἡ
2469 977 2526 1030 δὲ
2553 975 2664 1030 τῶν
2686 977 2777 1030 ἐπὶ
2803 978 2866 1046 τῇ
2908 976 3181 1047 τριγαμὶᾳ
3239 977 3661 1046 μετανοούντων

2078 1069 2394 1140 ἀναστροφὴ
2464 1069 2556 1122 καὶ
2583 1070 2614 1137 ἡ
2641 1069 2822 1132 πίστις
2863 1071 2895 1140 ἠ
2927 1069 3064 1139 πρὸς
3085 1069 3178 1122 τὸν
3209 1068 3338 1121 Θεὸν
3368 1070 3662 1139 συντέμνει

2078 1163 2168 1216 τὸν
2194 1162 2406 1233 χρόνον.
2437 1162 2499 1216 El
2527 1163 2636 1233 γάρ
2663 1167 2690 1217 ὀ
2721 1161 2941 1226 τούτους
2979 1159 3281 1229 οἰκονομῶν
3312 1159 3414 1232 ὁρᾷ
3446 1160 3658 1225 αὐτοὺς

2081 1256 2314 1326 σπουδὴν
2370 1255 2812 1324 ἐνδεικνυμένους
2863 1255 2958 1308 καὶ
3017 1254 3333 1325 θερμότητα
3376 1254 3508 1324 περὶ
3555 1254 3663 1323 τὴν

2083 1349 2394 1421 μετάνοιαν,
2423 1348 2519 1403 καὶ
2566 1349 2666 1401 ούκ
2690 1347 3198 1418 ἀπογινώσκοντας,
3240 1347 3376 1402 ἀλλὰ
3415 1345 3660 1401 πιστεύ-

2079 1462 2237 1509 οντας
2260 1443 2454 1499 ὅτιδιὰ
2481 1444 2581 1516 τὴν
2617 1445 2820 1514 πολλὴν
2855 1444 3172 1515 άγαθότητα
3207 1443 3302 1498 τοῦ
3340 1443 3478 1498 Θεοῦ
3515 1444 3663 1510 άφε-

2081 1537 2304 1606 ϐήσεται
2329 1536 2514 1600 αὐτοῖς
2547 1536 2608 1589 τὸ
2649 1535 2982 1607 ἁμάρτημα,
3021 1539 3282 1607 συντεμεῖ
3321 1537 3413 1590 τὸν
3461 1536 3666 1608 χρόνον

2081 1629 2175 1682 καὶ
2207 1627 2504 1681 ἐλαττώσει
2529 1627 2715 1680 αὐτόν.

406 1773 642 1857 ARIST:
669 1821 687 1854 ι
743 1801 1162 1874 Polygamorum
1220 1811 1436 1874 tempus
1481 1798 1832 1858 manifestum
1869 1811 1971 1856 est.

2088 1809 2300 1865 ΑΡΙΣΤ.
2375 1829 2392 1862 ι
2431 1811 2551 1865 Τῶν
2584 1808 2920 1879 πολυγάμων
2953 1810 2979 1862 ὀ
3009 1808 3199 1878 χρόνος
3256 1805 3471 1876 σαφής·
3511 1805 3575 1860 τὸ
3606 1806 3665 1860 δὲ

517 1911 539 1946 ι
578 1893 1076 1966 Pcenitentiaevero
1103 1895 1342 1951 studium
1374 1895 1505 1951 illud
1541 1895 1804 1965 praecidit.
1844 1913 1862 1945 ι

483 1986 724 2060 Tempus
758 1988 1118 2058 trigamorum
1153 1997 1207 2044 et
1254 1990 1670 2062 polygamorum
1722 1987 1978 2058 supplicii

407 2080 461 2134 in
498 2089 697 2150 quarto
754 2094 964 2134 canone
999 2081 1180 2151 magni
1225 2080 1410 2135 Basilii
1463 2088 1519 2135 et
1555 2080 1608 2135 in
1640 2079 1980 2148 octogesimo

409 2172 560 2228 illius
588 2187 801 2228 canone
850 2173 1091 2243 ponitur.
1139 2173 1396 2244 Quinque
1441 2173 1587 2228 enim
1642 2187 1839 2236 annos,
1897 2171 1980 2224 in-

407 2262 550 2333 quit,
584 2263 678 2333 qui
708 2275 819 2320 tres
869 2281 1070 2320 uxores
1120 2264 1295 2332 duxit,
1333 2274 1672 2335 segregetur,
1729 2263 1821 2318 sed
1869 2279 1975 2317 non

407 2356 634 2410 omnino
666 2355 734 2408 ab
781 2356 1012 2412 ecclesia
1043 2366 1331 2421 arceatur;
1368 2372 1554 2412 verum
1579 2359 1716 2412 duos
1753 2364 1847 2408 aut
1870 2365 1978 2410 tres

408 2462 584 2502 annos
607 2448 916 2502 divinarum
943 2449 1352 2519 Scripturarum
1383 2448 1661 2504 auditione
1688 2448 1976 2518 dignetur:

409 2547 465 2593 et
498 2547 686 2610 postea
725 2556 901 2610 usque
935 2541 1002 2596 ad
1045 2542 1318 2611 expletum
1365 2541 1801 2611 quinquennium
1855 2554 1977 2594 cum

410 2633 662 2688 fidelibus
713 2630 1015 2700 consistat,
1073 2648 1102 2687 a
1156 2633 1284 2688 boni
1356 2644 1535 2688 autem
1593 2632 1981 2688 communiene

410 2727 727 2793 abstineat;
765 2737 820 2782 et
852 2726 932 2783 sic
965 2728 1182 2782 sincere
1225 2727 1556 2796 resipiscens
1609 2725 1678 2780 ad
1729 2741 1976 2781 commu-

409 2818 628 2874 nionem
679 2819 1024 2874 admittatur.
1064 2822 1134 2875 At
1179 2817 1452 2890 polygami
1504 2833 1599 2874 seu
1652 2818 1745 2889 qui
1794 2818 1982 2888 plures

410 2910 632 2981 nuptias
688 2911 926 2966 inierunt
977 2917 1036 2964 ut
1097 2911 1213 2979 plus
1251 2910 1458 2980 aliquid
1521 2911 1684 2966 etiam
1740 2908 1980 2964 fornica-

410 3005 559 3060 tione
595 3013 908 3075 peccantes,
946 3020 1114 3058 unum
1147 3017 1350 3057 annum
1387 3001 1644 3067 deﬂeant,
1699 3011 1809 3056 tres
1851 3001 1980 3056 sub-

2157 1926 2175 1958 ι
2221 1906 2321 1970 τῆς
2347 1905 2635 1976 μετανοίας
2666 1901 2973 1964 σπουδαῖον,
3009 1901 3172 1955 αὐτὸν
3194 1900 3590 1969 ὑποτέμνεται.
3623 1918 3645 1950 ι

2163 1999 2223 2052 '0
2258 1997 2452 2070 χρόνος
2488 1992 2589 2066 τῆς
2644 1993 2930 2064 ἐπιτιμίας
2971 1994 3083 2047 τῶν
3113 1994 3404 2063 τριγάμων
3431 1993 3526 2046 καὶ
3559 2009 3663 2044 πο-

2077 2092 2338 2162 λυγάμων
2380 2092 2558 2143 κεῖται
2591 2091 2648 2141 ὲν
2682 2086 2759 2157 τῷ
2790 2086 3039 2154 τετάρτῳ
3074 2085 3264 2138 κανόνι
3290 2083 3384 2137 τοῦ
3415 2082 3665 2153 μεγάλου

2080 2182 2361 2238 Βασιλείου
2390 2181 2483 2235 καὶ
2515 2180 2573 2235 ὲν
2595 2179 2675 2250 τῷ
2704 2175 3056 2249 ὀγδοηκοστῷ
3085 2176 3274 2230 κανόνι
3304 2175 3496 2230 αὑτοῦ.
3534 2175 3666 2228 Ἐπὶ

2081 2275 2240 2330 πέντε
2282 2273 2393 2344 γὰρ
2441 2272 2588 2326 ἔτεσί
2632 2287 2769 2341 φησι
2814 2269 2906 2323 τὸν
2958 2266 3229 2340 τρίγαμον
3265 2266 3663 2336 ἀφορίζεσθαι,

2081 2366 2218 2438 πλὴν
2251 2365 2325 2437 μὴ
2364 2365 2541 2434 πάντη
2587 2365 2879 2432 ἀπείργειν
2933 2361 3097 2416 αὐτὸν
3135 2361 3235 2428 τῆς
3314 2357 3618 2426 ἐκκλησίας
3642 2373 3657 2389 ο

2079 2460 2278 2513 άλλ“ὲν
2313 2455 2528 2526 δυσὶνῆ
2590 2456 2682 2510 καὶ
2741 2457 2920 2526 τρισὶν
2965 2453 3115 2506 ἔτεσι
3165 2451 3265 2521 τῆς
3321 2450 3433 2503 τῶν
3487 2451 3655 2504 Θείων

2080 2547 2315 2618 Γραφῶν
2345 2548 2661 2618 ἀκροάσεως
2690 2545 2851 2598 αὐτὸν
2891 2542 3078 2608 ἀξιοῦν
3103 2559 3116 2574 ο
3155 2541 3250 2595 καὶ
3284 2540 3422 2610 μετὰ
3449 2539 3651 2602 ταῦτα,

2083 2639 2245 2710 μέχρι
2309 2636 2404 2690 τοῦ
2477 2635 2832 2706 πληρωθῆναι
2883 2635 2982 2704 τὴν
3051 2632 3397 2694 πενταετίαν,
3455 2631 3664 2701 συστήά

2083 2749 2199 2786 κειν
2236 2729 2376 2801 μετὰ
2414 2727 2522 2781 τῶν
2552 2727 2765 2781 πιστῶν
2791 2743 2805 2759 ⁸
2848 2727 2947 2797 τῆς
2975 2725 3031 2781 δὲ
3064 2724 3158 2779 τοῦ
3200 2723 3411 2802 ἀγαθοῦ
3467 2741 3666 2778 κοινω-

2083 2821 2198 2885 νίας
2225 2819 2528 2890 ἀπέχεσθαι
2554 2835 2568 2848 ο
2606 2818 2700 2873 καὶ
2766 2817 2908 2872 οὕτω
2957 2817 3201 2886 γνησίως
3263 2815 3663 2884 μετα-νοοῦντα,

2081 2914 2162 2976 είς
2196 2911 2486 2966 κοινωνίαν
2540 2910 2984 2982 παραδεχθῆναι·
3024 2909 3150 2973 τοὺς
3183 2907 3240 2960 δὲ
3280 2907 3664 2976 πολυγάμους,

2081 3003 2156 3067 ὡς
2185 3002 2350 3056 πλέον
2375 3020 2428 3056 τι
2462 3003 2558 3054 καὶ
2610 3001 2869 3072 πορνείας
2903 3000 3346 3072 ἁμαρτάνοντας,
3401 2997 3659 3051 ἐνιαυτὸν

409 3106 771 3162 sternantur,
844 3104 900 3152 et
964 3098 1045 3154 sic
1102 3095 1462 3152 admittuntur
1517 3111 1640 3152 cum
1709 3095 1978 3150 ﬁdelibus.

2088 3095 2466 3169 προσκλαίειν,
2502 3097 2653 3166 τρεῖς
2689 3094 3045 3155 ὑποπίπτειν,
3095 3092 3188 3146 καὶ
3220 3091 3362 3145 οὕτω
3409 3089 3666 3160 δέχεσθαι

410 3193 466 3248 In
521 3192 764 3264 episcopi
817 3200 999 3247 autem
1055 3199 1343 3261 potestate,
1388 3191 1452 3246 ad
1506 3191 1977 3246 conversationem

413 3287 684 3356 ﬁdemque
754 3286 965 3354 agentis
1027 3285 1402 3354 paenitentiam
1469 3285 1861 3355 respicientis,
1921 3291 1981 3338 ut

408 3377 541 3433 dicit
595 3379 682 3433 hic
726 3393 925 3443 canon,
965 3379 1306 3449 poenitentiae
1361 3389 1578 3448 tempus
1628 3379 1974 3445 contrahere,

413 3473 660 3541 ponitur.

986 3563 1216 3622 CANON
1256 3564 1349 3620 Π.

417 3679 434 3708 ι
476 3657 532 3714 Si
563 3657 687 3728 quis
718 3658 1001 3713 mulierem
1029 3659 1450 3728 concupiscens,
1485 3658 1834 3729 proposuerit
1858 3675 1980 3714 cum

489 3772 508 3805 ι
543 3765 608 3808 ea
659 3753 1059 3818 concumbere,
1107 3752 1227 3823 ejus
1279 3761 1462 3807 autetn
1527 3754 1860 3810 desiderium
1915 3755 1980 3808 ad

487 3863 507 3897 ι
541 3860 680 3916 opus
736 3860 845 3900 non
895 3845 1130 3912 venerit,
1187 3835 1540 3902 manifestum
1609 3857 1693 3903 est
1747 3847 1892 3918 quod
1951 3863 1979 3901 a

487 3955 507 3990 ι
546 3939 718 4007 gratia
752 3944 1021 3993 servatur.
1057 3956 1076 3991 ι

487 4028 677 4084 BALS.
712 4029 770 4085 In
805 4031 1044 4101 peccatis
1077 4046 1200 4086 esse
1245 4043 1480 4102 quatuor
1531 4033 1737 4104 gradus
1792 4035 1983 4091 dicunt

415 4123 590 4178 sancti
620 4123 833 4188 Patres,
868 4122 1288 4194 impressionem
1321 4141 1414 4180 seu
1470 4127 1706 4197 primum
1751 4137 1982 4196 motum,

415 4215 798 4281 luctationem,
823 4217 1226 4281 assensionem,
1257 4227 1310 4272 et
1337 4227 1517 4273 actum
1556 4237 1569 4274 :
1613 4235 1845 4290 quorum
1874 4221 1984 4276 duo

413 4308 632 4378 quidem
663 4307 840 4377 prima
886 4323 995 4364 non
1044 4324 1164 4365 esse
1213 4323 1388 4380 paena:
1447 4311 1716 4380 obnoxia;
1774 4313 1824 4367 in
1876 4313 1986 4368 duo

410 4408 593 4456 autem
642 4399 808 4471 405
870 4416 991 4471 quae
1075 4410 1416 4471 sequuntur,
1488 4417 1704 4470 poenam
1769 4403 1980 4458 cadere.

2092 3188 2361 3260 μετὰτῶν
2392 3187 2621 3242 πιστῶν.
2663 3187 2820 3259 Παρὰ
2851 3191 2918 3258 τῇ
2957 3185 3176 3257 ἐξουσία
3227 3185 3283 3238 δὲ
3347 3186 3531 3236 κεῖται
3569 3181 3665 3236 τοῦ

2089 3281 2423 3346 ἐπισκόπου,
2450 3279 2526 3344 ὡς
2555 3280 2583 3333 ὀ
2618 3278 2809 3347 παρὼν
2840 3277 3020 3331 κανὼν
3051 3277 3222 3346 λέγει,
3253 3274 3555 3330 ἐλαττῶσαι
3575 3272 3668 3326 τὸν

2089 3376 2282 3446 χρόνον
2315 3375 2417 3444 τῆς
2457 3374 2771 3445 μετανοίας,
2805 3373 2944 3443 πρὸς
2981 3372 3083 3440 τὴν
3119 3370 3398 3440 διαγωγὴν
3424 3369 3521 3422 καὶ
3567 3365 3667 3437 τὴν

2090 3470 2271 3524 πίστιν
2305 3467 2542 3540 ὁρῶντος
2605 3465 2701 3519 τοῦ
2749 3464 3164 3536 μετανοοῦντος.

2688 3558 2925 3612 ΚΑΝΩΝ
2968 3554 3044 3611 Δ’.

2097 3672 2115 3705 ι
2163 3653 2289 3706 Ἐὰν
2321 3649 2591 3722 πρόθηται
2621 3667 2726 3714 τις,
2757 3649 3107 3717 ἐπιθυμήσας
3134 3646 3420 3717 γυναικος,
3458 3661 3666 3711 συγκα-

2179 3765 2197 3798 ι
2233 3744 2490 3813 Οευδῆσαι
2522 3743 2681 3813 αὐτῇ,
2732 3743 2806 3812 μὴ
2845 3743 2976 3815 έλοῃ
3004 3742 3061 3795 δὲ
3111 3743 3189 3805 είς
3225 3739 3388 3811 ἔργον
3425 3737 3589 3792 αὑτοῦ
3632 3737 3668 3804 ἡ

2173 3856 2194 3891 ι
2232 3836 2552 3905 ὲνθύμησις,
2589 3836 2841 3904 φαίνεται
2871 3837 2953 3889 ὅτι
2997 3836 3102 3889 ὑπὸ
3161 3835 3263 3906 τῆς
3317 3834 3537 3904 χάριτος
3576 3831 3669 3902 eg.-

2168 3953 2185 3983 ι
2229 3933 2459 4004 ρύσθη.»

2166 4025 2361 4079 ΒΑΛΣ.
2403 4025 2526 4077 Ἐπὶ
2575 4023 2683 4076 τῶν
2740 4017 3158 4091 ἁμαρτημάτων
3211 4014 3486 4084 τέσσαρας
3529 4006 3666 4064 εἶναι

2095 4115 2335 4186 βαθμοὺς
2374 4116 2423 4167 οἱ
2458 4115 2602 4181 ἃγιοι
2633 4113 2871 4181 Πατέρες
2906 4110 3060 4178 φασὶ,
3087 4105 3420 4176 προσῦολὴν,
3453 4103 3660 4172 πάλην,

2095 4209 2512 4280 συγκατάθεσιν,
2544 4208 2637 4261 καὶ
2673 4206 2869 4274 πρᾶξιν
2890 4221 2903 4233 ·
2939 4198 3013 4258 ὧν
3053 4203 3154 4266 τὰς
3187 4201 3283 4255 δύο
3318 4200 3416 4262 τὰς
3445 4197 3669 4273 πρῶτας

2093 4304 2521 4374 άνεπιτιμήτους
2563 4297 2743 4364 εἶναι,
2777 4300 2874 4362 τὰς
2923 4297 2978 4351 δὲ
3037 4295 3154 4367 μετ’
3182 4293 3353 4354 αύτὰς
3411 4291 3507 4344 δύο
3566 4288 3668 4341 ὑπὸ

2094 4395 2391 4464 ἐπιτίμιον.
2440 4390 2579 4446 Οὔτε
2635 4393 2744 4462 γὰρ
2801 4391 2831 4461 ἡ
2880 4387 3157 4460 προσϐολὴ
3211 4387 3485 4458 κρίνεται,
3541 4381 3667 4434 οὔτε

411 4493 600 4563 Neque
628 4494 776 4548 enim
831 4493 1119 4563 impressio
1169 4482 1346 4564 neque
1386 4495 1614 4549 luctatio
1659 4494 1980 4565 judicatur;

2093 4490 2124 4559 ὴ
2156 4488 2322 4558 πάλη,
2351 4489 2446 4541 ἐὰν
2475 4487 2572 4557 τὴν
2606 4485 2913 4557 προσϐολὴν
2951 4481 3399 4554 παραδεξάμενος
3430 4483 3458 4532 ὁ
3523 4478 3667 4546 λογιο

412 4587 459 4642 si
493 4587 636 4640 ratio
668 4585 1085 4656 impressionem
1124 4587 1452 4658 suscipiens,
1488 4596 1694 4642 etcum
1753 4601 1817 4643 ea
1867 4587 1986 4642 col-

411 4680 640 4747 luctata,
691 4679 988 4750 cogitatum
1041 4679 1450 4749 repudiaverit:
1501 4679 1750 4734 assensio
1806 4688 1987 4735 autem

409 4772 694 4843 judicatur
742 4781 797 4827 et
838 4779 1150 4832 accusatur,
1197 4780 1252 4827 et
1306 4773 1450 4826 actio
1482 4772 1727 4841 punitur.
1768 4773 1823 4827 Si
1857 4787 1987 4842 ergo

411 4862 660 4918 mulieris
720 4861 1057 4918 desiderium
1115 4863 1278 4916 alicui
1337 4862 1604 4932 injectum
1663 4872 1767 4930 est,
1838 4871 1892 4918 et
1941 4863 1988 4917 is

327 4993 338 5010 -.
409 4956 614 5021 victus,
645 4962 705 5009 ut
727 4969 852 5009 cum
901 4968 963 5008 ea
999 4968 1112 5007 rem
1147 4953 1390 5018 haberet,
1450 4969 1711 5009 assensus
1757 4961 1866 5020 est,
1917 4953 1983 5007 ad

411 5063 550 5118 opus
578 5057 761 5102 autem
803 5062 911 5102 non
952 5049 1119 5108 venit,
1155 5047 1205 5100 id
1233 5055 1336 5112 est,
1364 5057 1548 5101 actum
1579 5061 1686 5103 non
1719 5046 1988 5117 implevit,

415 5140 769 5196 manifestum
821 5147 926 5204 est,
969 5141 1114 5210 quod
1158 5140 1250 5194 Dei
1303 5143 1478 5211 gratia
1533 5156 1658 5196 eum
1708 5141 1985 5206 servavit;

413 5233 509 5288 sed
549 5249 654 5286 non
690 5233 913 5302 impune
946 5232 1139 5286 abibit.
1195 5231 1362 5288 Ptena
1413 5233 1558 5286 cnim
1611 5233 1662 5286 in
1709 5231 1989 5288 assensio-

414 5339 537 5380 nem
569 5325 734 5379 etiam
763 5325 929 5378 cadit.
965 5323 1077 5377 Hoc
1114 5339 1333 5394 quoque
1392 5323 1740 5379 manifestum
1786 5335 1870 5380 est
1923 5341 1988 5380 cx

412 5430 536 5469 can.
571 5411 638 5470 70
668 5416 845 5472 sancti
875 5415 1084 5479 Basilii,
1117 5417 1209 5486 qui
1263 5417 1395 5470 dicit
1446 5434 1461 5472 :
1493 5416 1769 5474 Diaconus
1817 5418 1988 5474 labris

414 5507 832 5577 pollutushslvc
863 5508 956 5579 qui
988 5524 1162 5579 usque
1196 5509 1262 5564 ad
1303 5511 1553 5564 osculum
1588 5511 1839 5566 mulieris
1864 5527 1989 5581 pero

417 5599 587 5664 venit,
621 5610 676 5654 et
703 5616 764 5656 se
789 5600 1079 5670 hucusque
1115 5616 1375 5670 peccasse
1405 5602 1698 5658 confessus
1735 5612 1839 5667 est,
1884 5602 1989 5655 mi-

417 5690 646 5744 nisterio
688 5691 737 5746 ei
768 5691 1146 5760 interdicetur,
1180 5692 1231 5747 id
1260 5701 1366 5760 est,
1419 5695 1484 5747 ad
1535 5705 1747 5765 tempus
1793 5693 1988 5762 prohi-

419 5775 634 5839 bebitur
690 5802 702 5838 :
767 5784 860 5840 sed
934 5787 1293 5844 sacramentis
1352 5802 1454 5841 una
1533 5801 1654 5842 cum
1737 5784 1986 5840 diaconi:

2095 4581 2230 4652 σμὸς
2264 4582 2356 4633 καὶ
2389 4580 2660 4643 παλαίσας
2691 4576 3058 4647 ἀπεπέμψατο
3091 4575 3150 4629 τὸ
3178 4573 3468 4644 ὲνθύμιονυ
3531 4572 3563 4642 ἡ
3613 4569 3668 4622 δὲ

2093 4671 2499 4739 συγκατάθεσις
2527 4671 2774 4741 κρίνεται
2800 4667 2895 4721 καὶ⁵
2926 4668 3192 4729 αἰτιᾶται,
3239 4664 3335 4718 καὶ
3375 4667 3409 4733 ἡ
3470 4659 3668 4731 πρᾶξις

2091 4764 2406 4829 κολάζεται.
2450 4764 2576 4816 Ἐὰν
2609 4762 2701 4815 οῦν
2759 4761 3027 4832 ἐπιθυμία
3080 4757 3384 4830 προσέϐαλέ
3428 4773 3537 4808 τινι
3576 4771 3669 4821 γυ-

2090 4858 2297 4924 ναικὸς,
2346 4857 2440 4910 καὶ
2486 4855 2731 4925 νικηθεὶς
2785 4853 3157 4922 συγκατέθετο
3220 4851 3446 4920 μιγῆναι
3507 4848 3665 4916 αύτῇ,

2091 4953 2190 5005 ούκ
2216 4948 2346 5024 ἦλθε
2372 4953 2427 5004 δὲ
2461 4949 2732 5020 είςέργον,
2763 4949 2882 5018 ἤτοι
2906 4949 2968 5001 ού
3001 4947 3100 5016 τὴν
3127 4945 3327 5016 πρᾶξιν
3357 4943 3664 5015 ἐπλήρωσε,

2092 5045 2342 5113 φαίνεται
2391 5044 2474 5097 ὅτι
2525 5045 2552 5115 ἡ
2593 5042 2755 5113 χάρις
2795 5041 2888 5095 τοῦ
2967 5039 3103 5093 Θεοῦ
3158 5039 3319 5092 αὐτὸν
3366 5038 3662 5110 ἐρρύσατο·

2093 5138 2233 5208 πλὴν
2256 5137 2354 5190 οὐκ
2383 5136 2776 5205 ἁνεπιτίμητος
2825 5133 2998 5187 ἔσται.
3037 5135 3146 5185 Καὶ
3183 5135 3215 5202 ἠ
3264 5129 3666 5198 συγκατάθεσις

2092 5233 2198 5303 γὰρ
2233 5231 2336 5283 ὑπὸ
2365 5228 2638 5298 ἐπιτίμιον
2665 5229 2898 5296 γίνεται.
2936 5226 3045 5278 Καὶ
3081 5224 3241 5278 τοῦτο
3278 5223 3436 5292 δῆλον
3469 5225 3533 5274 ἐκ
3575 5216 3664 5272 τοῦ

2092 5321 2131 5377 ο⁹
2185 5324 2408 5384 κανόνος
2435 5321 2527 5374 τοῦ
2563 5320 2719 5390 ἁγίου
2766 5320 3076 5384 Βασιλείου,
3137 5318 3426 5386 λέγοντοςο
3472 5315 3663 5368 Διάκο-

2093 5432 2180 5476 νος
2217 5415 2274 5468 ὲν
2304 5415 2505 5485 χείλεσι
2537 5413 2784 5484 μιανθεὶς
2808 5414 2977 5484 ἤγουν
3009 5412 3170 5482 μέχρι
3197 5410 3506 5479 φιλήματος
3535 5406 3667 5476 φθάο

2094 5524 2192 5568 σας
2233 5508 2508 5573 γυναικὸς,
2551 5509 2646 5560 καὶ
2699 5506 2859 5575 μέχρι
2893 5504 3086 5558 τούτου
3123 5502 3514 5573 ἡμαρτηκέναι
3545 5501 3668 5567 apo.

2095 5603 2354 5672 λογήσας,
2383 5603 2480 5674 τῆς
2511 5604 2858 5672 λειτουργίας
2903 5601 3351 5673 ἐπισχεοήσεται,
3415 5598 3662 5651 τουτέστι

2096 5695 2260 5763 μέχρι
2292 5694 2484 5765 καιροῦ
2521 5694 2897 5764 κωλυθήσεται
2928 5711 2942 5725 ’
3001 5692 3096 5746 τοῦ
3153 5692 3210 5746 δὲ
3261 5691 3515 5762 μετέχειν
3564 5687 3666 5740 τῶν

2095 5787 2449 5858 ἁγιασματων
2497 5788 2634 5858 μετὰ
2687 5787 2797 5856 τῷν
2829 5786 3094 5841 διακόνων
3141 5783 3532 5854 ἀξιωθήσεται.
3598 5779 3668 5832 Τὸ
