3990 6482
374 360 375 363 η
464 319 597 384 1307

530 541 551 575 ι
599 539 709 579 non
748 527 984 596 amplius
1037 543 1269 600 peccans
1315 548 1330 586 :
1385 534 1471 589 sin
1514 540 1697 590 autem
1727 534 1890 590 etiam
1937 552 2033 590 au-

533 633 553 667 ι
598 615 757 674 diens
805 619 983 675 adhuc
1023 634 1229 691 peccet,
1258 624 1602 685 extrudatur.
1650 647 1671 680 ι

532 707 725 766 BALS.
762 712 878 768 Duo
901 725 1029 770 sunt
1086 717 1309 774 ordines
1360 721 1896 777 eatechumenorum.
1968 723 2032 779 ili

402 820 407 823 ·
458 802 603 857 enim
652 818 827 873 nuper
884 817 1257 877 accesserunt,
1310 819 1383 875 et,
1460 820 1517 865 ut
1580 812 2030 883 imperfectiores,

459 902 580 963 post
631 894 1040 966 Scripturarum
1112 906 1168 953 et
1236 899 1547 957 divinorum
1611 903 2031 975 Evangellorum

457 985 794 1043 auditionem
857 989 1041 1043 statim
1100 994 1459 1048 exeunt:illi
1517 1009 1648 1050 vero
1701 995 2029 1068 jampridem

461 1089 834 1143 accesserunt,
893 1088 948 1135 et
1019 1084 1381 1151 perfectiores
1445 1085 1571 1142 facti
1600 1097 1761 1155 sunt;
1798 1087 1942 1145 unde
1979 1098 2033 1146 et

456 1172 934 1244 orationem,qua:
999 1176 1055 1229 fit
1104 1193 1268 1247 supra
1321 1180 1764 1247 catechumenos,
1838 1197 2029 1251 exspe-

454 1274 692 1328 ctantes,
724 1266 778 1321 in
808 1283 876 1322 ea
927 1284 1067 1337 genu
1122 1269 1370 1326 flectunt.
1421 1274 1649 1339 Quando
1689 1284 1867 1330 autem
1906 1290 2030 1344 pro-

456 1359 766 1413 nuntiatum
807 1360 1432 1429 fuerit,.Catecbumeni,
1459 1366 1758 1435 procedite,
1802 1375 1931 1421 tunc
1975 1376 2029 1423 et

457 1451 560 1519 ipsi
583 1461 805 1508 exeunt.
860 1453 999 1510 Dicit
1046 1473 1177 1523 ergo
1223 1474 1420 1524 canon,
1480 1461 1625 1530 quod
1689 1463 1732 1516 si
1773 1463 2030 1518 catechu-

456 1557 650 1600 mcnus
668 1544 833 1616 406
858 1555 1067 1615 peccat,
1088 1550 1131 1604 si
1147 1561 1227 1604 est
1254 1551 1470 1615 quidem
1492 1567 1555 1607 ex
1582 1551 2025 1621 perfectioribus,

456 1653 485 1691 a
514 1639 788 1707 peccando
811 1639 1113 1704 abstinens,
1150 1641 1331 1697 veniat
1363 1645 1428 1697 ad
1456 1643 1632 1697 locum
1664 1644 2028 1714 imperfectiu-

458 1744 606 1793 rum,
630 1729 681 1784 id
714 1739 817 1796 est,
852 1740 956 1787 stet
994 1733 1047 1785 in
1073 1734 1271 1803 templo
1304 1750 1475 1801 usque
1516 1735 1583 1787 ad
1620 1733 1974 1806 Evangeliunt
2008 1754 2024 1791 :

455 1821 541 1874 sin
598 1830 781 1878 autem
834 1840 897 1880 cx
964 1826 1495 1895 imperfectioribus,
1549 1828 1640 1894 qui
1694 1831 1810 1883 sola
1857 1830 2024 1885 etiam

458 1912 740 1971 auditione
801 1917 949 1986 digni
1005 1918 1299 1983 habentur,
1339 1928 1387 1975 et
1432 1937 1459 1973 a
1505 1932 1727 1990 peccato
1759 1938 1866 1976 non
1924 1924 2026 1977 ab-

456 2007 1054 2072 stineat.extrudatur,
1100 2011 1153 2065 id
1204 2022 1309 2077 est,
1368 2023 1473 2069 stet
1527 2023 1680 2069 extra
1736 2015 2026 2071 ecclesiam

454 2117 579 2156 eum
602 2102 955 2161 dedentibus.
1010 2106 1150 2174 Quid
1187 2124 1316 2164 vero
1351 2110 1395 2163 si
1458 2111 1873 2182 imperfectiora
1899 2126 2027 2181 pec-

451 2204 575 2249 cato
627 2196 975 2263 abstinuerit,
1040 2217 1147 2255 non
1221 2203 1498 2271 punietur,
1567 2205 2025 2273 quemadmodum

452 2285 827 2353 perfectiores,
880 2290 973 2345 sed
1025 2292 1080 2346 in
1130 2293 1307 2360 primo
1373 2294 1493 2349 loco
1542 2296 1753 2350 stabit?
1797 2296 2023 2351 Salutio.

452 2376 573 2431 Duo
628 2389 761 2435 sunt-
800 2380 901 2437 loci
953 2384 1497 2453 catechumenornm,
1545 2393 1604 2440 ut
1655 2388 1863 2443 dictum
1900 2401 2023 2445 est:

451 2467 540 2521 bic
578 2469 823 2538 quidem,
853 2471 943 2540 qui
977 2481 1057 2527 est
1087 2489 1258 2541 usque
1289 2475 1355 2529 ad
1387 2475 1673 2531 lectionem
1707 2477 2022 2532 divinorum

453 2558 909 2628 Evangeliorum;
944 2564 1031 2618 ille
1060 2581 1189 2619 vero
1220 2582 1393 2636 usque
1423 2566 1491 2620 ad
1529 2568 1735 2622 exitum
1770 2573 2028 2624 catechu-

452 2667 760 2708 menorum.
794 2654 898 2721 Qui
925 2665 1053 2711 sunt
1077 2658 1259 2728 itaque
1287 2660 1667 2727 perfectiores,
1703 2662 1750 2717 si
1796 2672 2029 2731 peccent

448 2755 505 2800 et
530 2747 865 2812 abstineant,
911 2766 1102 2819 parum
1134 2752 1477 2808 dimittentur
1525 2755 1579 2809 in
1614 2755 1795 2809 locum
1824 2756 2029 2824 imper-

452 2836 735 2894 fectiorum
768 2858 781 2896 :
819 2842 904 2897 sin
958 2855 1144 2899 autem
1177 2859 1287 2899 non
1319 2846 1649 2911 abstineant,
1710 2848 1766 2901 in
1828 2848 2029 2902 deﬂen-

455 2929 590 2983 tium
633 2930 754 2986 loco
781 2942 1113 2990 statuantur.
1147 2934 1204 2990 Si
1230 2937 1264 2991 ii
1304 2946 1510 2999 autem,
1543 2941 1635 3007 qui
1662 2947 1793 2993 sunt
1832 2939 2030 3010 imper-

451 3020 724 3086 fectiores,
759 3038 1016 3094 peccent,
1045 3042 1146 3082 nec
1175 3028 1461 3094 desistant,
1504 3030 1559 3085 in
1604 3032 1785 3085 locum
1815 3031 2026 3087 deﬂen-

1714 330 1990 392 TIIEOD.
2027 331 2425 395 BALSAMON

533 451 550 480 ι
596 440 819 502 peccat;
849 432 897 489 si
926 449 1067 504 genu
1125 437 1347 508 quidem
1401 437 1629 498 ﬂectens
1688 443 1782 508 sit,
1819 441 2031 504 audiat.
2059 437 2108 500 Α

3577 330 3708 395 Ῑὲὖθ

2212 464 2231 498 ι
2278 446 2333 501 δὲ
2368 447 2721 521 ἁμαρτάνωνο
2755 447 2850 502 ιὰν
2880 445 2980 518 μὲν
3009 449 3141 514 γόνυ
3165 445 3387 509 κλίνων,
3414 444 3709 516 ἀκροάσθω

2215 556 2235 591 ι
2286 536 2483 610 μηκέτι
2509 541 2863 611 ἁμαρτάνων*
2899 539 2994 593 ὲὰν
3024 538 3082 593 δὲ
3105 537 3200 593 καὶ
3226 535 3593 609 ἀκροώμενος
3631 536 3707 593 ἔτι

2214 652 2233 685 ι
2280 632 2591 708 ἁμαρτάνῃ,
2617 631 2941 698 ἐξωθείσθω.
2976 651 2998 685 ν

2196 727 2397 782 ΒΔΛΣ.
2431 726 2535 781 Δύο
2582 727 2765 791 τάξεις
2792 727 2902 779 τῶν
2935 724 3369 795 κατηχουμένων
3426 721 3589 777 είσίν.
3640 723 3705 777 οι

2140 817 2240 888 μὲν
2265 818 2374 889 γὰρ
2405 818 2533 889 άρτι
2566 817 2990 888 προσέρχονται,
3050 817 3167 877 καὶ,
3221 814 3297 873 ὡς
3327 812 3702 882 ἁτελόστεροι,

2138 912 2277 981 μετὰ
2325 911 2425 979 τὴν
2481 912 2745 981 ἀκρόασιν
2797 908 2908 963 τῶν
2960 908 3195 979 Γραφῶν
3236 906 3335 960 καὶ
3378 906 3490 959 τῶν
3545 905 3706 958 θείων

2134 1004 2484 1073 Εύαγγελίων
2518 1004 2679 1066 εὐθὺς
2700 1003 2927 1068 ἐξίασιν⁸
2961 1002 3009 1055 οί
3030 1001 3086 1054 δὲ
3117 1000 3217 1073 ἤδη
3254 998 3589 1070 προσῆλθον,
3608 998 3705 1050 καὶ

2134 1099 2391 1166 γεγόνασι
2422 1096 2653 1150 τελεὼτε
2665 1113 2745 1167 ροι
2770 1093 2892 1150 ὅθεν
2921 1095 3016 1149 καὶ
3041 1093 3143 1164 τὴν
3167 1092 3263 1147 επὶ
3288 1094 3400 1155 τοῖς
3423 1107 3700 1160 κατηχού-

2138 1188 2322 1259 μένοις
2376 1187 2542 1258 εὐχὴν
2604 1185 2995 1255 ἀναμένοντες,
3030 1184 3092 1237 τὸ
3126 1182 3259 1251 γόνυ
3313 1180 3595 1234 κλίνονσιν
3647 1182 3706 1233 ἐν

2132 1275 2326 1349 ταύτῃ.
2365 1278 2539 1331 Ὅταν
2571 1273 2624 1329 δὲ
2685 1276 2976 1346 ὲκφωνηθῇ
3030 1275 3109 1341 τὸ,
3174 1274 3237 1329 Oi
3297 1270 3704 1341 κατηχούμενοι

2134 1370 2449 1442 προέλθετε,
2478 1370 2600 1424 τότε
2630 1370 2947 1439 ἐξέρχονται
2984 1370 3078 1422 καὶ
3117 1358 3287 1422 οὗτοι.
3325 1368 3498 1437 Φηοὶν
3552 1364 3645 1418 οὖν
3678 1366 3706 1416 ό

2131 1462 2310 1517 κανὼν
2348 1465 2450 1527 ὅτι,
2477 1463 2572 1517 ὲὰν
2603 1463 3011 1533 κατηχούμενος
3039 1461 3356 1532 ἁμαρτάνῃ,
3398 1459 3448 1511 εί
3475 1459 3579 1525 μὲν
3596 1457 3705 1511 τῶν

2129 1554 2478 1627 τελεωτέρων
2514 1556 2686 1619 ἐστὶν,
2719 1553 2817 1607 ὲάν
2856 1553 3169 1622 ἀπόσχηται
3208 1551 3304 1605 τοῦ
3336 1551 3702 1621 ἁμαρτάνειν,

2132 1646 2333 1702 ἐλθέτω
2362 1648 2441 1709 είς
2489 1647 2579 1700 τὸν
2626 1646 2791 1699 τόπον
2838 1645 2952 1698 τῶν
3006 1645 3393 1713 ἀτελεστέρων,
3430 1643 3706 1700 τουτέστι,

2134 1742 2312 1811 στήτω
2344 1741 2505 1810 μέχρι
2541 1737 2636 1791 τοῦ
2672 1738 3011 1806 Εὑαγγελίου
3040 1738 3098 1790 ὲν
3122 1735 3197 1807 τῷ
3231 1735 3367 1805 ναῷ·
3402 1735 3451 1787 εἰ
3491 1734 3550 1786 δὲ
3595 1733 3707 1785 τῶν

2130 1834 2525 1905 ἀτελεστέρων,
2560 1832 2670 1887 τῶν
2707 1832 2805 1885 καὶ
2864 1830 3186 1902 ἀκροάσεως
3223 1828 3391 1899 μόνης
3447 1826 3709 1893 ἀξιουμέ-

2129 1946 2258 1993 νων,
2295 1927 2390 1980 Mal
2415 1927 2515 1978 ούκ
2544 1923 2841 1993 ἀφίσταται
2890 1923 2987 1985 τῆς
3025 1921 3321 1991 ἁμαρτίας,
3367 1917 3705 1983 ἐξωθείσθω,

2127 2020 2248 2073 ἀντὶ
2281 2018 2403 2083 τοῦ,
2434 2016 2538 2081 ἔξω
2567 2016 2667 2085 τῆς
2696 2014 2993 2083 ἐκκλησίας
3025 2012 3209 2081 στήτω
3232 2009 3369 2077 μετὰ
3391 2008 3499 2060 τῶν
3525 2024 3709 2075 προσ-

2129 2111 2451 2166 κλαιόντων.
2486 2109 2551 2162 Τί
2580 2108 2660 2171 δὲ,
2717 2107 2813 2160 ἐὰν
2847 2106 3057 2175 ἀποστῇ
3092 2104 3121 2156 ό
3185 2100 3547 2169 ἀτελέστερος
3604 2100 3706 2169 τῆς

2128 2205 2426 2276 ἁμαρτίας,
2464 2203 2565 2256 οὐκ
2596 2200 3057 2270 ὲπιτιμηθήσεται
3084 2198 3267 2260 καθὼς
3300 2199 3326 2250 ὁ
3348 2194 3703 2262 τελεώτερος,

2128 2299 2243 2354 ἀλλ’
2284 2301 2361 2361 είς
2390 2298 2479 2351 τον
2500 2295 2761 2366 πρότερον
2791 2294 2955 2347 τόπον
3012 2291 3305 2360 στήσεται;
3346 2288 3566 2352 Λύσις.
3603 2283 3709 2336 Δύο

2128 2391 2285 2443 τόποι
2315 2389 2422 2441 είσὶ
2451 2386 2561 2439 τῶν
2591 2382 3039 2453 κατηχουμένων,
3083 2379 3158 2442 ὡς
3205 2378 3445 2448 εἴρηται,
3477 2376 3505 2427 ὁ
3542 2375 3705 2443 μέχρι

2129 2476 2228 2545 τῆς
2261 2472 2617 2542 ἀναγνώσεως
2644 2471 2754 2523 τῶν
2784 2470 2941 2524 θείων
2970 2467 3340 2537 Εὑαγγελίων,
3379 2467 3472 2519 καὶ
3491 2466 3518 2516 ὁ
3536 2464 3704 2531 μέχρι

2130 2571 2229 2638 τῆς
2262 2566 2588 2633 ὲξελεύσεως
2618 2562 2727 2618 τῶν
2753 2563 3202 2633 κατηχουμένων.
3242 2558 3308 2611 Oi
3333 2556 3466 2626 γοῦν
3501 2555 3704 2609 τελεώ-

2129 2678 2305 2731 τεροι,
2340 2658 2755 2730 ἁμαρτάνοντες
2809 2657 2904 2709 καὶ
2946 2650 3307 2722 ἀφιστάμενοι
3339 2650 3414 2711 δὲ,
3482 2650 3565 2711 εἰς
3610 2650 3703 2700 τὸν

2128 2753 2294 2807 τόπον
2328 2752 2437 2805 τῶν
2469 2748 2909 2821 προσκλαιόντων
2959 2749 3266 2817 στήσονται.
3299 2744 3361 2796 Οί
3405 2742 3464 2795 δὲ
3513 2739 3704 2795 ἀτελέ-

2134 2862 2315 2915 στεροι
2342 2843 2767 2914 ἁμαρτάνοντες,
2799 2840 2872 2911 μὴ
2902 2840 3284 2908 ἀφιστάμενοι,
3320 2833 3532 2906 μυκρὸν
3562 2833 3699 2885 ὑπο-

2133 2938 2556 3003 6ι6ασθήσονται
2588 2936 2666 2997 είς
2683 2934 2773 2986 τὸν
2806 2932 2968 2985 τόπον
3001 2933 3109 2985 τῶν
3164 2928 3558 2995 ἀτελεστέρων·

2132 3024 2510 3094 ἀφιστάμενοι,
2543 3025 2660 3095 μὲν,
2704 3025 2779 3076 είς
2804 3024 2896 3076 τὸν
2924 3022 3086 3075 τόπον
3124 3019 3232 3073 τῶν
3264 3015 3705 3089 προσκλαιόντων

451 3114 583 3167 tium
632 3114 970 3173 abducentur
1007 3134 1022 3172 :
1056 3121 1140 3175 sin
1186 3136 1316 3176 vero
1385 3122 1677 3189 desistant,
1707 3140 1813 3180 non
1849 3125 2014 3182 habe-

2128 3119 2543 3190 Ιιπαχθήσονται’
2606 3117 2970 3186 ἀφιστάμενοι
3010 3115 3087 3178 δὲ,
3154 3116 3254 3166 οὐκ
3304 3111 3487 3181 ἔχουσι
3538 3109 3701 3161 τόπον

451 3203 587 3258 bunt
626 3205 827 3273 locum,
881 3209 935 3264 in
992 3226 1150 3280 quem
1197 3214 1558 3270 deducentur.
1608 3214 1663 3270 Si
1717 3217 2015 3276 dixerimus

450 3295 593 3349 enim
622 3313 716 3353 eos
744 3314 868 3354 cum
904 3301 1163 3359 ﬂentibus
1216 3313 1363 3360 stare
1415 3315 1694 3377 oportere,
1750 3310 2016 3380 despera-

449 3387 613 3445 tionis
641 3394 905 3460 gravitate
945 3412 1038 3453 eos
1066 3399 1406 3466 obructnus;
1446 3416 1544 3455 nec
1578 3401 1687 3455 ulla
1714 3404 1819 3459 erit
1868 3406 2020 3461 diffe-

452 3484 623 3538 rentia
678 3501 863 3541 eorum
923 3490 1013 3560 qui
1060 3491 1336 3546 abstinent
1373 3500 1427 3547 et
1482 3508 1589 3547 non
1623 3494 1920 3551 abstinent.
1954 3498 2020 3554 Et

451 3575 597 3639 izleo,
633 3582 891 3647 tanquam
944 3581 1037 3649 qui
1069 3594 1099 3634 a
1129 3581 1271 3637 maio
1302 3582 1634 3648 destiterint,
1674 3600 1866 3643 rursus
1894 3603 2017 3643 cum

450 3667 798 3723 audientibus
822 3671 1067 3726 stabunt.

522 3757 776 3815 ZONAB.
814 3762 929 3816 Duo
961 3766 1476 3825 catecbumenorum
1522 3772 1649 3826 olim
1682 3784 1841 3829 erant
1870 3776 2021 3830 ordi-

450 3865 568 3905 nes.
593 3851 698 3906 Alii
726 3854 945 3924 quidem
972 3859 1204 3927 amplexi
1230 3860 1413 3929 fidem,
1448 3864 1539 3918 sed
1560 3866 1650 3935 qui
1689 3867 2018 3937 baptismum

453 3942 759 4010 tliﬂerrent,
822 3962 944 4002 cum
988 3951 1405 4010 catecliumenis
1454 3959 1728 4022 astabant,
1781 3960 2022 4029 dumque

454 4036 694 4103 precatio
729 4037 781 4092 in
816 4039 1239 4100 catechumenos
1274 4046 1595 4103 recitaretur
1619 4050 1849 4121 genibus
1890 4067 2015 4120 pro-

452 4126 828 4196 volvebantur,
867 4145 929 4184 ac
962 4142 1249 4202 postquam
1280 4136 1433 4203 illud,
1458 4138 1873 4205 Catechumeni,
1900 4159 2024 4213 pro-

448 4216 644 4282 eedite,
680 4220 747 4273 de
786 4236 937 4276 more
966 4227 1374 4292 pronuntiatum
1407 4238 1573 4294 esset,
1610 4240 1738 4286 tunc
1770 4235 2021 4303 egredie—

450 4308 666 4368 bantur.
696 4312 798 4366 Alii
829 4322 1008 4369 autem
1031 4316 1143 4385 jam
1171 4320 1405 4387 primum
1434 4323 1775 4390 accedentes,
1816 4327 2022 4384 minus-

2120 3212 2248 3265 ἔνθα
2307 3209 2833 3279 καταταχθήσονται.
2895 3206 2955 3259 El
3000 3205 3109 3275 γὰρ
3152 3204 3395 3271 εἴπωμεν
3478 3201 3701 3263 τούτους

2125 3303 2262 3373 μετὰ
2292 3300 2399 3354 τῶν
2424 3299 2861 3369 προσκλαιόντων
2896 3298 3106 3367 στῆναι,
3134 3296 3499 3362 ἀπογνώσεως
3524 3292 3698 3362 θλίψει

2118 3392 2619 3461 καταδαπτίσομεν,
2644 3390 2739 3443 καὶ
2766 3390 2990 3459 οὐδεμία
3015 3388 3167 3441 ἔσται
3202 3386 3436 3455 διαφορὰ
3466 3386 3696 3452 ἀφιστα·

2123 3489 2300 3560 μένων
2325 3486 2415 3539 καὶ
2448 3483 2523 3555 μὴ
2552 3481 2955 3551 ἀφισταμένων.
2990 3477 3091 3532 Διά
3122 3495 3205 3531 τοι
3235 3476 3413 3538 τοῦτο,
3450 3476 3528 3537 ὡς
3563 3476 3697 3528 ἀπο-

2123 3584 2345 3644 σ;ἀντες
2397 3578 2490 3632 τοῦ
2549 3574 2742 3641 κακοῦ,
2785 3574 3075 3644 στήσονται
3101 3574 3196 3625 καὶ
3232 3570 3396 3624 πάλιν
3419 3567 3560 3640 μετὰ
3590 3568 3693 3621 τῶν

2122 3673 2513 3743 ἀκροωμένων.

2191 3768 2435 3824 ΖΩΝΑΡ.
2471 3764 2575 3819 Δύο
2611 3762 2795 3829 τάξεις
2840 3756 2983 3831 ἦσαν
3038 3758 3148 3828 (96)
3192 3758 3299 3813 τῶν
3336 3754 3687 3827 κατηχονμέ-

2120 3878 2226 3915 νων
2269 3860 2330 3913 τὸ
2369 3856 2612 3910 παλαιόν.
2652 3854 2716 3907 Οί
2778 3852 2876 3922 μὲν
2939 3852 3046 3921 γὰρ
3096 3850 3281 3903 πιστοὶ
3316 3848 3494 3910 ὄντες,
3519 3848 3685 3916 ὑπερ.

2120 3954 2393 4025 τιθέμενοι
2424 3951 2480 4004 δὲ
2510 3950 2570 4003 τὸ
2603 3949 2910 4019 βάπτισμα,
2947 3945 3090 4015 μετὰ
3117 3944 3227 3998 τῶν
3258 3940 3689 4012 κατηχουμένων

2125 4050 2361 4111 ἵσταντο,
2386 4044 2481 4098 καὶ
2501 4044 2599 4113 τῆς
2620 4042 2711 4094 ἐπὶ
2730 4038 3161 4108 κατηχουμένοις
3188 4036 3355 4106 εὐχῆς
3386 4034 3691 4103 λεγομένης

2123 4140 2333 4195 ἐκλινον
2357 4138 2421 4191 τὸ
2453 4136 2607 4205 γόνυ,
2642 4134 2731 4187 ὅτε
2765 4132 2809 4185 δ’
2855 4130 3171 4200 ἐξεφωνήθη
3201 4128 3283 4192 τὸ,
3329 4128 3393 4180 Ol
3428 4126 3692 4195 κατηχού-

2127 4251 2277 4303 μενοι
2301 4228 2614 4301 προέλθετε,
2644 4226 2764 4278 τότε
2797 4221 3105 4293 ἐξήρχοντο·
3140 4222 3190 4274 oi
3223 4219 3278 4272 δὲ
3311 4219 3434 4289 ἄρτι
3462 4220 3693 4289 προσελι

2126 4326 2309 4386 θόντες
2358 4322 2455 4375 καὶ
2496 4318 2840 4389 ἀτελέστεροι
2875 4315 3031 4375 ὄντες
3073 4312 3180 4366 τῶν
3228 4312 3399 4379 ἁγίων
3460 4310 3692 4381 Γραφῶν

446 4417 553 4469 que
581 4403 828 4472 perfecti,
873 4419 1043 4462 sacrae
1074 4408 1372 4475 Scriptura:
1400 4416 1803 4478 auscultabant,
1841 4412 1990 4472 Evan

2128 4418 2345 4490 ἤκουον,
2381 4413 2477 4468 καὶ
2510 4410 2648 4481 μετὰ
2680 4409 2780 4479 τὴν
2835 4407 3145 4512 ἀνάγνωσιν
3205 4403 3301 4513 τού
3359 4402 3688 4513 Εὐαγγελίου

448 4494 701 4566 gelioque
770 4498 1000 4552 recitato
1065 4499 1504 4558 dimittebantur.
1565 4505 2017 4580 Quandocunque

445 4586 614 4656 igitur
642 4603 674 4644 e
700 4591 1109 4647 catechumenis
1137 4593 1407 4665 quispiam
1441 4601 1770 4667 peccaverit,
1803 4602 1849 4655 si
1879 4603 2006 4669 qui-

2126 4508 2397 4579 ἀπῄεσαν.
2431 4504 2604 4558 Ὅταν
2633 4495 2725 4553 οὖν
2756 4500 2785 4552 ὁ
2808 4495 3221 4567 κατηχούμενος
3270 4493 3588 4564 ἁμαρτάνῃ,
3644 4491 3688 4544 εί

2119 4602 2216 4672 μὲν
2240 4600 2349 4653 τῶν
2379 4594 2724 4664 τελεωτέρων
2764 4592 2875 4647 τῶν
2928 4591 3056 4661 γόνυ
3103 4589 3395 4644 κλινόντων
3445 4586 3687 4659 δηλονότι

1634 4690 1822 4753 Guill.
1870 4693 2192 4770 Beveregii
2243 4696 2435 4751 notaa.

450 4780 645 4861 μενων.
670 4780 774 4861 ἒιξω
787 4783 971 4861 στήτω
987 4782 1417 4861 τῆςρἐκκλη-σῖας.
1440 4788 1549 4840 Καὶ
1580 4792 1627 4843 οἱ
1664 4791 2003 4861 ἀκροώμενοι

2108 4800 2233 4846 ante
2268 4791 2383 4844 haec
2416 4787 2586 4857 prima
2634 4785 2863 4840 Zonara:
2915 4785 2967 4839 in
3001 4784 3146 4857 hunc
3197 4798 3462 4836 canonem
3500 4781 3682 4857 verba,

447 4854 558 4931 γὰρ
592 4852 753 4913 ἐκτὸς
787 4852 1006 4931 ἵσταντο
1039 4853 1139 4931 τῇς
1164 4852 1675 4931 ἐκκλησίας-μέχρι
1727 4852 1827 4927 τῆς
1852 4852 2008 4914 ⁷ἀνοι-

2128 4878 2222 4916 nec
2274 4852 2845 4931 leguntur,_tanqu_am
2898 4855 3232 4931 principium
3269 4852 3685 4931 interpretatio-

340 4960 347 4967 .
447 4919 703 4988 γνώσεως
750 4920 848 4973 τοῦ
877 4922 1034 4988 ἁγίου
1070 4919 2007 4992 ΕὑαγγελίουζΟξιο’ἓ(ιιεεΙιὶιιιιειιο-

446 5007 568 5069 rimi
592 4992 804 5069 ordines
835 5002 1027 5069 erant;
1062 5010 1195 5069 unus
1223 5012 1401 5069 eorum
1434 5000 1525 5069 qui
1553 5017 1681 5068 genu
1703 5002 2004 5069 flectebant,

446 5130 750 5184 audiebant.
791 5130 915 5185 Vult
942 5148 1061 5201 ergo
1093 5137 1284 5199 dicere,
1316 5130 1361 5190 si
1387 5130 1455 5191 sit
1478 5153 1542 5192 ea:
1575 5141 1756 5193 ordine
1800 5130 2002 5195 ‘iectén—

328 5230 371 5241 η
449 5203 581 5253 tium
612 5217 769 5274 genui,
792 5211 841 5274 et
868 5214 1059 5268 peccet,
1087 5207 1223 5273 quod
1252 5223 1467 5274 peccare
1493 5208 1735 5264 desinens
1764 5211 1817 5264 in
1847 5214 1997 5264 ordi-

448 5287 562 5325 nem
600 5272 927 5324 audientium
964 5272 1144 5342 referri
1188 5272 1369 5329 debeat
1399 5294 1418 5331 :
1450 5279 1530 5331 sin
1558 5296 1622 5334 ex
1662 5282 1999 5335 audientibus

446 5342 537 5405 sit,
590 5342 842 5394 consistat
895 5354 1047 5395 extra
1096 5347 1389 5400 ecclesiam.
1446 5347 1589 5403 Nam
1644 5362 1691 5403 et
1728 5351 2006 5407 audientes

446 5421 601 5487 ecetra
640 5411 918 5487 ecclesiam
967 5415 1368 5487 stabantpusque
1399 5419 1467 5471 ad
1522 5420 1795 5474 lectionem
1832 5424 2003 5476 sancti

447 5480 741 5554 Evangelii.
806 5480 1138 5554 Harmenop.
1174 5480 1319 5554 Epii.
1382 5504 1505 5543 can.
1567 5502 1703 5545 sect.
1742 5491 1796 5553 5,
1830 5493 1912 5547 tit.
1946 5494 1999 5546 5.

448 5549 575 5605 Haec
607 5551 956 5628 duo_se_bolia
1000 5549 1155 5628 juita
1184 5549 1241 5609 se
1270 5558 1443 5623 posita
1477 5549 1798 5628 praesentem
1830 5578 2002 5614 cano-

446 5634 595 5699 nem,
630 5623 767 5676 satis
803 5623 855 5676 in
909 5637 969 5678 se
1007 5623 1335 5692 Obscurum,
1384 5623 1732 5699 perspicuum
1770 5631 2007 5686 reddunt

444 5698 500 5744 οι
526 5701 792 5757 apertum.

519 5760 628 5828 (96)
656 5763 770 5817 Δύο
800 5763 992 5832 τάξεις
1016 5761 1195 5835 ἦσαν.
1230 5767 1286 5822 1η
1331 5767 1579 5823 Gallandi
1624 5768 1672 5824 J'.
1702 5770 1759 5824 Ο.
1797 5771 2007 5837 codice,

2105 4932 2297 4997 nis,'H
2328 4922 2385 4981 ἕν
2413 4927 2616 4996 Νικαίᾳ
2651 4922 3098 4997 πρώτησύνοδος
3138 4926 3218 4986 είς
3249 4924 3452 4997 κανόνα
3480 4922 3686 4997 ιδ’-’ὀρί-

340 5040 341 5047 η
446 5007 568 5080 rimi
592 4994 804 5072 ordines
835 5002 1027 5080 etiam;
1062 5010 1195 5080 unus
1223 5012 1401 5049 eorum
1430 5000 1525 5080 qui
1553 5017 1681 5068 genu
1703 5002 2004 5069 flectebant,
2104 4994 2211 5065 ζει’
2244 5000 2438 5080 χρόνον
2493 4994 2927 5080 τού“.ὲπιτιμίου
2950 4998 3024 5080 ’.ἐν
3071 4998 3185 5080 τοῖς
3217 4996 3503 5080 τοιούτοις.

346 5110 347 5117 η
444 5060 729 5128 perfectior
778 5061 1013 5125 scilicet;
1070 5064 1205 5117 alter
1251 5060 1609 5137 imperfectior
1663 5060 1866 5130 eorum,
1918 5060 2008 5139 qui

446 5130 750 5184 audiebant.
791 5130 915 5185 Vult
942 5148 1061 5201 ergo
1093 5137 1284 5199 dicere,
1316 5142 1361 5190 si
1387 5138 1455 5191 sit
1478 5153 1542 5192 ea:
1575 5141 1756 5193 ordine
1800 5142 2002 5195 ‘iecten—

2128 5060 2441 5139 ιγοοίὶένους
2490 5068 2545 5120 δὲ
2575 5067 2722 5134 λέγει
2779 5060 2906 5126 τοὺς
2948 5063 3310 5136 βαπτίζεσθαι
3345 5063 3683 5132 μέλλοντας·

2128 5127 2197 5193 ιύο
2230 5142 2285 5193 δὲ
2321 5140 2431 5203 εἴδη
2468 5137 2678 5191 τούτων
2701 5149 2714 5163 ·
2767 5138 2816 5188 οἱ
2871 5136 2968 5203 μὲν
2999 5136 3123 5203 ἄρτι
3161 5133 3604 5203 προσέρχονται·
3635 5129 3682 5182 oi

2105 5142 2197 5193 δύο
2230 5142 2285 5193 δὲ
2321 5142 2431 5209 εἴδη
2468 5142 2678 5191 τούτων
2701 5149 2714 5163 ·
2767 5142 2816 5188 οἱ
2871 5142 2968 5204 μὲν
2999 5142 3123 5204 ἀρτι
3161 5142 3604 5203 προσέρχονται·
3635 5142 3682 5182 οι

2105 5212 2160 5265 δὲ
2190 5211 2285 5282 ἤδη
2314 5207 2641 5282 προσῆλθον,
2674 5208 2769 5282 χοι)ἒ
2803 5206 3063 5282 γεγόνασι
3093 5204 3211 5282 τῷν.
3245 5204 3345 5282 ἤδη
3379 5218 3682 5272 προσερχο-

2112 5274 2285 5351 μένων
2319 5274 2681 5352 τελειότεροις
2716 5274 2838 5329 ὅθεν
2865 5277 2959 5352 καὶ
3005 5275 3101 5352 τὴν
3131 5276 3221 5352 ἐπὶ
3246 5277 3360 5336 τοῖς
3411 5288 3681 5352 κατηχού-

2110 5344 2293 5421 μένοις
2314 5350 2479 5419 εὐχὴν
2506 5344 2868 5421 ἀναμένοντες
2887 5347 2947 5421 τὸ
2967 5344 3094 5421 γόνυ
3119 5344 3393 5421 κλίνονσιν
3412 5344 3469 5393 ὲν
3491 5344 3681 5421 ταύτῃ.

2119 5409 2245 5474 Περ
2278 5409 2482 5482 autem,
2518 5409 2638 5485 post
2668 5417 2830 5471 verba
2883 5417 2942 5468 ὲν
2965 5409 3102 5492 ι’τοῖς
3128 5413 3438 5492 τοιούτοις,
3494 5409 3681 5492 eadem

2120 5490 2233 5544 fere
2265 5499 2410 5553 sunt,
2448 5481 2571 5556 qua:
2624 5496 2749 5541 ante
2771 5502 2842 5563 ex
2875 5487 3073 5563 codice
3114 5484 3549 5563 Amcrbaeliiano
3576 5481 3674 5533 sub

2117 5559 2310 5614 scliolii
2345 5554 2562 5612 nomine
2604 5558 2973 5633 protulimus:
3009 5556 3145 5610 adeo
3178 5565 3236 5633 ut
3271 5554 3372 5633 alia
3411 5554 3683 5633 interpre-

2115 5629 2322 5684 tatione
2347 5645 2450 5683 non
2479 5625 2617 5697 opus
2650 5629 2742 5683 sit.
2771 5626 2849 5678 Ad
2881 5625 3111 5680 Zonara:
3144 5632 3324 5697 autem
3352 5625 3680 5697 interpreta-

2117 5701 2316 5755 tionem
2380 5690 2719 5767 neqn'aquam
2756 5698 3058 5769 pertinent,
3119 5695 3244 5765 quia
3301 5693 3355 5748 in
3395 5708 3460 5749 ea
3491 5690 3681 5748 eadem

2114 5772 2308 5826 iterum
2348 5770 2617 5841 leguntur.
