3990 6482
287 364 424 433 1209

1337 383 1422 445 IN
1461 382 1626 446 CAN.
1671 383 1750 445 Vl
1787 381 1996 447 CONC.
2037 385 2484 454 NEOCESAR.

3405 387 3540 457 12m

278 487 342 545 ὲν
378 494 444 566 τῇ
476 493 610 563 εύχῇ
664 494 836 562 ἐστιν,
891 496 1207 569 ἀκροάσθω,
1266 500 1708 571 τουτέστι¹μετὰ’
1752 502 1842 555 τῶι

1964 502 2084 557 dem
2116 518 2181 558 ex
2205 505 2840 575 perfectiorumnumero
2877 505 3058 573 fuerit,
3091 519 3281 562 eorum
3306 508 3538 576 scilicet,

288 586 488 656 μέχρις
530 585 851 657 ἀκροάσεως
897 589 1208 660 ἱσταμένων
1255 594 1459 662 στήτω,
1527 595 1577 645 ει
1615 594 1861 662 ἀπόσχη-

280 693 374 730 ται
401 677 494 731 τοῦ
523 679 884 750 ἀμαρτάνειψ
936 684 985 735 εί
1027 679 1084 736 δὲ
1126 685 1236 738 τῶν
1263 686 1628 756 ἀκροωμένων
1688 686 1854 751 ἐστὶν,

282 767 367 824 En
399 773 494 825 καὶ
528 770 856 844 ἁμαρτάνει,
910 775 1238 842 ἐξωθείσθω,
1280 778 1401 832 ἀντὶ
1460 779 1556 832 τοῦ
1615 776 1720 845 ἔξω
1761 780 1861 850 τῆς

283 865 586 936 ἐκκλησίας
619 865 799 939 στήτω
833 868 976 939 μετά
1003 869 1111 924 τῶν
1141 872 1609 943 προσκλαιόντων.

287 1138 518 1192 ΑΡΙΣΤ.
585 1155 605 1189 ι
655 1134 716 1191 Ὀ
752 1139 808 1193 ἐν
843 1134 918 1209 τῷ
943 1138 1301 1210 κατηχεῖσθαι
1363 1138 1711 1208 ἁμαρτάνων,
1764 1141 1858 1195 ἐὰν

369 1250 388 1283 ι
434 1231 564 1298 γόνυ
600 1232 797 1286 κλίνων
837 1233 1034 1303 μηκέτι
1067 1234 1396 1304 ἁμαρτάνοι,
1440 1237 1754 1308 ἀκροάσθω·
1807 1239 1855 1290 εί

367 1342 386 1376 ι
430 1325 485 1379 δὲ
531 1326 626 1379 καὶ
657 1328 1011 1398 ἀκροώμενος
1039 1330 1369 1401 ἁμαρτάνοι,
1404 1328 1589 1384 τέλεον
1620 1329 1858 1384 ἁπωθεί-

358 1435 376 1469 ι
426 1419 559 1474 σθω.
616 1440 634 1472 ι

351 1510 455 1564 Δύο
501 1512 619 1583 είδη
652 1514 762 1568 τῶν
816 1517 1245 1588 κατηχουμένων
1303 1518 1461 1572 είσίν·
1506 1520 1555 1574 οἱ
1607 1519 1707 1589 μὲν
1749 1519 1858 1590 γὰρ

281 1605 412 1673 ἄρτι
449 1607 871 1678 προσέρχονται·
923 1610 1003 1664 διὸ
1039 1611 1133 1664 καὶ⁹
1193 1613 1267 1674 ὡς
1316 1611 1660 1680 ἀτελέστεροι
1719 1613 1858 1682 μετὰ

280 1697 383 1764 τὴν
409 1698 675 1765 ἀκρόασιν
702 1700 811 1753 τῶν
844 1701 1100 1772 Γραφῶν,
1130 1704 1224 1754 καὶ
1267 1704 1376 1755 τῶν
1404 1702 1565 1756 θείων
1607 1704 1857 1770 Εὐάγγε-

278 1782 414 1841 λίων
455 1790 618 1853 εὐθὺς
643 1789 884 1859 ἐξίασινο
917 1795 966 1846 οἱ
995 1794 1049 1847 δὲ
1113 1795 1219 1864 πρὸ
1264 1796 1458 1866 καιροῦ
1522 1795 1851 1864 προσῆλθον,

281 1883 379 1936 καὶ
407 1885 667 1951 γεγόνασι
695 1884 1014 1955 τελεώτεροι
1044 1903 1056 1916 ³
1086 1888 1209 1940 ὅθεν
1237 1889 1330 1940 καὶ
1357 1889 1494 1957 μετά
1524 1890 1582 1940 τὸ
1609 1887 1856 1954 Εὐαγγέ-

279 1978 396 2034 λιον
426 1979 523 2048 τὴν
550 1980 642 2032 ἐπὶ
669 1981 778 2042 τοῖς
823 1981 1256 2050 κατηχουμένοις
1298 1980 1462 2051 εὐχὴν
1497 1983 1850 2052 ἀναμένουσι·

278 2074 378 2127 καὶ
404 2075 462 2126 ἐν
489 2073 567 2143 τῷ
601 2075 1044 2142 προσφωνεῖσθαι
1081 2076 1163 2137 τὸ,
1193 2076 1255 2127 Οἱ
1281 2075 1703 2146 κατηχούμενοι,
1751 2077 1852 2140 τὰς

278 2164 524 2236 κεφαλὰς
557 2167 710 2236 ύμῶν
737 2167 814 2237 τῷ
845 2169 1036 2240 Κυρίῳ
1052 2167 1293 2235 κλίνατε,
1313 2174 1370 2222 τὸ
1394 2173 1520 2239 γόνυ
1552 2172 1847 2229 κλίνουσιν.

279 2263 346 2313 Ol
381 2259 510 2327 γοῦν
548 2257 891 2327 τελεώτεροι,
925 2254 1001 2320 ὡς
1052 2259 1342 2326 γευόμενοι
1378 2260 1544 2314 καλοῦ
1578 2262 1711 2314 Θεοῦ
1751 2264 1848 2334 ῥή-

277 2371 447 2422 ματα,
486 2352 580 2404 καὶ
616 2349 1052 2420 παραπεσόντες,
1105 2350 1533 2420 μετακινοῦνται
1585 2354 1684 2423 τῆς
1714 2356 1844 2409 στά-

275 2461 439 2506 σεως,
485 2446 576 2510 καῖ
610 2444 722 2504 τοῖς
758 2443 1133 2511 ἀκροωμένοις
1164 2444 1577 2496 συντάττονταιο
1611 2446 1657 2496 εί
1680 2443 1735 2497 δὲ
1755 2447 1847 2498 καὶ

269 2538 617 2607 ἀκροώμενοι
669 2535 1068 2606 ἁμαρτάνουσι,
1104 2536 1205 2607 τῆς
1280 2535 1605 2608 Ἐκκλησίας
1662 2537 1846 2592 τέλεον

265 2629 626 2695 ὲξωθοῦνται.

872 2726 1112 2781 ΚΑΝΩΝ
1149 2725 1240 2792 cr.

274 2834 296 2869 ι
336 2818 472 2890 Περὶ
539 2818 942 2890 κυοφορούσης,
997 2820 1078 2872 ὅτι
1136 2818 1217 2873 δεῖ
1278 2819 1632 2889 φωτίζεσθαι,
1683 2821 1845 2875 ὁπότε

343 2929 362 2962 ι
406 2909 676 2979 βούλεται.
749 2911 915 2964 Οὐδὲν
986 2910 1094 2981 γὰρ
1146 2913 1204 2962 ὲν
1265 2911 1439 2980 τούτῳ
1499 2914 1751 2965 κοινωνεῖ
1808 2915 1840 2983 ὴ

348 3017 367 3050 ι
404 2999 772 3076 τίκτουσα,τῷ
797 3003 1130 3071 τικτομένῳ’
1182 3000 1268 3054 διὰ
1302 3000 1362 3054 τὸ
1412 3002 1641 3057 ἑκάστου
1708 3003 1844 3058 ίδίαν

349 3111 369 3145 ι
405 3091 504 3163 τὴν
552 3093 880 3165 προαίρεσιν
924 3092 1026 3165 τὴν
1083 3095 1177 3148 ἐπὶ
1227 3097 1292 3168 τῇ
1326 3095 1589 3168 ὁμολογίᾳ
1628 3096 1843 3150 δείκνυ-

341 3204 363 3239 ι
404 3187 552 3242 σθαι.
600 3205 620 3240 ι

343 3370 540 3424 ΒΑΛΣ.
572 3369 731 3432 Τινὲς
755 3369 944 3437 ἔλεγον
970 3369 1046 3439 μὴ
1078 3371 1318 3437 ὀφείλειν
1359 3368 1718 3441 βαπτίζεσθαι
1746 3373 1846 3437 τὰς

266 3461 328 3528 ἑξ
358 3462 606 3516 ἀπίστων
644 3465 710 3532 τῇ
779 3461 1086 3534 Ἐκκλησία
1136 3464 1585 3534 προσερχομένας
1643 3483 1846 3534 κυοφο-

271 3556 496 3629 ρούσας,
533 3556 647 3609 ἀλλ’
672 3556 966 3626 ἀναμένειν
999 3555 1097 3622 τὴν
1128 3554 1208 3620 εἰς
1235 3557 1295 3610 τὸ
1329 3558 1444 3625 φῶς
1487 3557 1581 3611 τοῦ
1617 3559 1841 3614 τοκετοῦ

263 3650 566 3717 ἐξέλευσιν,
596 3650 681 3703 ἵνα
710 3648 806 3719 μὴ,
843 3648 1047 3720 ταύτης
1080 3651 1506 3722 βαπτιζομένης,
1545 3651 1673 3726 δόξῃ
1707 3673 1844 3725 συμ-

263 3742 631 3807 6απτίζεσθαι
664 3745 760 3796 καὶ
807 3743 869 3795 τὸ
913 3743 1412 3814 ὲγκυμονούμενον,
1445 3746 1521 3808 ὡς
1558 3747 1841 3815 ἡνωμένον

261 3831 439 3886 διόλου
473 3833 631 3902 αὐτῇ·
657 3831 951 3885 κάντεῦθεν
986 3833 1124 3901 μετά
1155 3833 1215 3885 τὸ
1246 3834 1604 3905 γεννηθῆναι,
1634 3836 1666 3905 ἢ
1693 3835 1843 3904 ἀφώ-

264 3940 455 3977 τιστον
504 3921 864 3991 καταλειφθῇ,
918 3921 950 3990 ἢ
1011 3921 1409 3990 βαπτιζόμενον
1473 3923 1696 3994 λογισθῇ
1745 3925 1841 3978 καὶ

263 4013 422 4076 αὖθις
460 4010 842 4082 βαπτίζεσθαι.
876 4012 948 4063 Ὀἱ
978 4010 1111 4078 γοῦν
1146 4012 1413 4082 Πατέρες,
1440 4013 1538 4083 τὴν
1564 4012 1839 4070 ἀντίθεσιν

259 4105 473 4174 ταύτην
518 4104 592 4173 μὴ
612 4101 1076 4171 παραδεξάμενοι,
1107 4102 1321 4171 ὥρισαν
1343 4106 1840 4174 ἀποκριματίστως

263 4196 632 4268 βαπτίζεσθαι
678 4195 779 4259 τὰς
828 4194 1229 4265 κυοφορούσας,
1258 4197 1348 4248 ὅτε
1409 4197 1713 4266 βούλοιντο,
1754 4199 1841 4254 διὰ

259 4288 324 4342 τὺ
360 4286 634 4358 μηδεμίαν
666 4286 959 4341 κοινωνίαν
1008 4287 1229 4340 ὑπεῖναι
1276 4288 1342 4357 τῇ
1403 4288 1667 4360 τικτούσῃ
1704 4291 1842 4360 μετά

263 4378 362 4435 τοῦ
391 4378 743 4448 τικτομένου,
769 4378 892 4430 ὅσον
918 4379 1002 4440 είς
1032 4377 1122 4430 τὸν
1153 4378 1312 4446 λόγον
1337 4380 1432 4432 τοῦ
1449 4368 1839 4452 ⁸φωτίσμασιςος.

273 4473 487 4537 Ἀλλως
517 4489 599 4537 τε,
642 4471 830 4541 φασὶν,
864 4471 1142 4538 ἀναγκαία
1198 4471 1345 4524 ἐστὶν
1379 4474 1409 4541 ἡ
1438 4473 1671 4526 ἑκάστου
1706 4478 1837 4546 ὁμο-

266 4567 429 4635 λογία
460 4567 520 4618 ὲν
549 4565 626 4634 τῷ
677 4563 1062 4634 βαπτίζεσθαιο
1100 4561 1161 4626 τὸ
1206 4562 1262 4614 δὲ
1300 4563 1540 4633 ἕμόρυον
1608 4568 1838 4638 ἐστερη-

258 4659 426 4730 μένον
448 4655 745 4716 διαθέσεως
769 4655 827 4707 ού
853 4653 1078 4706 δύναται
1108 4652 1207 4716 τὰς
1237 4653 1332 4706 ἐπὶ
1380 4654 1458 4722 τῷ
1488 4653 1837 4726 βαπτίσματι

254 4749 556 4820 ὁμολογίας
592 4748 842 4817 ποιῆσαι.
895 4744 1215 4816 Προσετέθη
1271 4745 1327 4797 δὲ
1379 4743 1457 4815 τῷ
1512 4747 1698 4801 κανόνι
1753 4748 1834 4812 τὸ,

255 4840 347 4895 ὅτε
380 4841 681 4911 βούλοιντο,
713 4838 802 4892 διὰ
839 4837 965 4900 τοὺς
988 4837 1253 4906 λέγοντας
1285 4839 1394 4908 πρὸ
1430 4839 1532 4909 μὲν
1566 4839 1661 4892 τοῦ
1694 4840 1836 4894 είδο-

258 4933 556 5003 ποιηθῆναι
624 4931 685 4984 τὺ
751 4929 994 5000 ἔμϐρυον
1055 4933 1135 4993 είς
1183 4928 1473 5002 ἄνθρωπον
1535 4931 1837 4997 ἀκινδύνως

262 5023 628 5094 βαπτίζεσθαι
678 5023 778 5092 τὴν
834 5022 1049 5092 μητέρα
1093 5022 1530 5089 ὲγκυμονοῦσαν,
1580 5024 1720 5094 μετὰ
1779 5024 1835 5077 δὲ

258 5115 422 5170 τοῦτο
451 5114 524 5185 μὴ
569 5114 751 5177 καλῶς
797 5115 970 5183 αὐτὴν
1030 5112 1408 5182 βαπτίζεσθαι’
1446 5115 1533 5170 διὰ
1581 5117 1640 5170 τὸ
1693 5114 1834 5171 εἶναι

259 5206 521 5274 τοιαύτης
574 5205 870 5267 διαθέσεως
905 5204 966 5256 τὸ
1019 5205 1518 5275 ὲγκυμονούμενον,
1551 5208 1668 5270 οἵας
1725 5211 1834 5262 εἰσὶ

259 5297 356 5349 καὶ
389 5295 756 5365 ἀρτιγέννητα
790 5295 981 5363 νήπια,
1018 5295 1086 5348 τὰ
1113 5295 1188 5364 μὴ
1217 5295 1493 5365 δυνάμενα
1523 5299 1831 5368 ὁμολογεῖν.

257 5384 352 5438 Διό
371 5403 454 5438 τοι
500 5385 595 5438 καὶ
628 5382 782 5438 εἷπον
817 5386 866 5437 oi
897 5385 1138 5455 Πατὲρες
1169 5385 1255 5439 ἐπ’
1286 5386 1470 5451 ἀδείας
1531 5388 1676 5458 ἔχειν
1735 5391 1834 5460 τὴν

253 5477 692 5547 ὲγκυμονοῦσαν,
717 5479 804 5532 ὅτε
837 5480 980 5535 θέλει
1019 5481 1406 5551 βαπτίζεσθαι.
1466 5483 1546 5536 Τὰ
1588 5483 1687 5554 μὲν
1719 5483 1828 5554 γάρ

258 5569 504 5642 ἔμϐρυα,
538 5572 688 5634 ὅπως
714 5571 905 5641 ἔχουσι
945 5572 1261 5637 διαθέσεως,
1322 5574 1498 5638 οὐδεὶς
1537 5577 1836 5646 περιεργάο

253 5662 459 5716 σασθαι
492 5663 773 5734 δύναταιῆ
807 5663 1194 5729 ἀναδέξασθαι·
1225 5665 1292 5718 τά
1317 5665 1374 5718 δὲ
1406 5666 1581 5736 νήπια
1613 5666 1704 5721 διὰ
1721 5669 1832 5721 τῶν

248 5755 669 5825 ἀναδεχομένων
700 5754 841 5809 αύτά
862 5757 1266 5824 κατατίθενται,
1302 5757 1396 5810 καὶ
1420 5760 1830 5829 πραγματικῶς

254 5845 608 5919 φωτιζόμενα
635 5847 790 5914 θείας
822 5847 1204 5915 καταξιοῦνται
1243 5847 1584 5922 ἐλὶάμψεως.
1659 5852 1821 5908 Ἀνά-

1872 3175 1919 3235 σ

1964 598 2054 666 qui
2084 598 2134 650 in
2169 601 2483 668 precatione
2528 615 2667 671 genu
2727 600 2976 665 ﬂectunt,
3026 601 3231 665 audiat,
3299 601 3402 656 hoc
3432 613 3540 668 est,

1963 707 2088 747 cum
2124 693 2190 748 iis
2225 694 2318 764 qui
2351 693 2647 750 auscultari
2690 695 3071 751 tantummodo
3125 698 3539 766 permittuntur,

1964 785 2009 839 si
2044 783 2209 838 modo
2236 785 2394 838 finem
2426 787 2687 854 peccandi
2715 787 2925 853 fecerit,
2965 788 3269 854 consistat;
3305 790 3390 842 sin
3410 805 3540 842 vero
3581 853 3586 860 _

1963 875 2106 930 inter
2137 876 2424 932 audientes
2454 893 2620 948 agens
2645 879 2826 931 adhuc
2863 887 3044 932 tamen
3095 879 3404 937 oﬂeuderit.
3443 897 3540 936 ex-

1961 967 2112 1037 pelli,
2143 969 2246 1022 hoc
2269 979 2374 1032 est,
2400 978 2552 1023 extra
2577 969 2863 1025 ecclesiam
2888 986 3011 1026 cum
3041 971 3351 1042 lugentibus
3371 983 3538 1036 stare,

1938 1058 2052 1136 -hic
2084 1074 2260 1114 canon
2283 1061 2460 1129 jubet.

1962 1149 2191 1206 ARIST.
2244 1171 2261 1202 ‹
2303 1151 2744 1209 Cateehumenus
2788 1154 3064 1224 '_peccans,
3107 1156 3174 1220 si,
3212 1157 3340 1211 dum
3396 1172 3536 1227 genu

2041 1266 2060 1299 ‹
2103 1247 2293 1311 ﬂectit,
2321 1249 2558 1318 amplius
2584 1251 2914 1320 peccaverit,
2950 1250 3092 1304 inter
3118 1251 3403 1306 audientes
3430 1251 3538 1316 sit;

2038 1360 2056 1392 ι
2105 1342 2211 1406 sin,
2249 1343 2375 1395 dum
2408 1341 2551 1398 inter
2583 1342 2872 1397 audientes
2919 1349 3022 1408 est,
3071 1350 3282 1413 peccet,
3321 1345 3538 1414 penitus

2043 1451 2062 1485 ι
2109 1433 2385 1501 ejiciatur.
2420 1453 2439 1487 ι

2032 1527 2163 1580 Dum
2211 1537 2338 1581 sunt
2399 1529 2611 1596 species
2672 1527 3192 1582 catechumenorum
3239 1527 3534 1582 :uonnulli

1959 1617 2099 1669 enim
2133 1617 2291 1670 modo
2320 1616 2629 1677 accedunt;
2669 1618 2927 1685 quocirca
2966 1627 3017 1670 et
3054 1627 3113 1672 ut
3159 1618 3538 1686 imperfectio-

1958 1720 2044 1760 res
2073 1716 2192 1776 post
2227 1708 2630 1776 Scripturarum
2657 1717 2710 1762 et
2742 1709 3155 1779 Evangeliorum
3198 1711 3534 1762 auditionem

1959 1799 2138 1853 statim
2168 1800 2514 1853 emittuntur.
2546 1800 2648 1853 Alii
2689 1809 2866 1852 autem
2894 1808 3016 1851 ante
3050 1807 3262 1866 tempus
3298 1798 3526 1866 aliquod

1960 1891 2316 1953 advenerunt,
2362 1900 2414 1943 et
2475 1889 2832 1958 perfeCtiores
2890 1899 3202 1944 evaserunt.
3254 1890 3434 1955 Quare
3484 1899 3537 1944 et

1959 1990 2079 2049 post
2119 1979 2466 2049 Evangelium
2527 1995 2715 2048 preces
2765 1995 2861 2049 pro
2916 1981 3326 2034 catechumenis
3364 1982 3535 2037 factas

1959 2079 2315 2139 exspectant;
2375 2080 2428 2124 et
2495 2087 2619 2124 cum
2681 2072 2807 2126 illud
2855 2073 3073 2134 dicitur,
3123 2073 3534 2138 Catcchunmui,

1958 2162 2133 2230 capita
2171 2171 2349 2215 vestra
2386 2161 2616 2216 Domino
2649 2161 2870 2227 ﬂectite,
2917 2179 3053 2232 genu
3077 2163 3317 2218 ﬂectunt.
3349 2165 3536 2219 Perfe-

1958 2255 2158 2309 ctiores
2181 2255 2364 2324 itaque
2400 2265 2457 2309 ut
2489 2256 2579 2326 qui
2609 2257 2750 2309 bona
2787 2253 2878 2310 Dei
2911 2259 3075 2312 verba
3117 2266 3532 2326 pergustarunt,

1958 2347 2001 2400 si
2029 2345 2165 2412 lapsi
2231 2344 2457 2407 fuerint.
2517 2347 2753 2401 statione
2813 2361 2909 2400 sua
2971 2357 3280 2412 moventur,
3319 2359 3534 2403 etcum

1957 2437 2300 2492 audientibus
2353 2438 2739 2504 collocantur;
2803 2440 2845 2493 si
2907 2447 3113 2503 autem,
3166 2447 3219 2494 et
3263 2455 3387 2493 cum
3439 2455 3538 2492 auo

1955 2532 2172 2585 dientes
2210 2531 2340 2597 sint,
2377 2538 2627 2601 peccant,
2677 2532 2744 2586 ab
2774 2533 3004 2587 ecclesia
3069 2533 3307 2603 perfecte
3345 2533 3536 2603 expel-

1952 2623 2159 2679 luntur.
3335 2641 3338 2644 ’

2539 2718 2769 2775 CANON
2823 2718 2914 2774 Vl.

1959 2825 1978 2859 ι
2024 2809 2098 2863 De
2127 2825 2190 2864 ea
2249 2827 2370 2881 quae
2421 2821 2635 2867 uterum
2671 2814 2828 2882 gerit,
2891 2814 3036 2882 quod
3094 2821 3345 2883 oporteat
3412 2829 3532 2870 eam

2028 2923 2047 2957 ι
2092 2905 2382 2972 baptizari,
2440 2904 2658 2972 quando
2712 2906 2869 2961 velit.
2928 2905 3071 2958 Nihil
3103 2907 3246 2958 enim
3282 2921 3372 2967 ea,
3414 2922 3536 2975 quae

2029 3020 2049 3054 ι
2097 2999 2257 3071 parit,
2292 3015 2415 3054 cum
2447 2999 2593 3063 ‘fetu,
2621 3001 2712 3069 qui
2762 2999 2992 3066 paritur,
3040 2999 3141 3053 hac
3200 3000 3254 3052 in
3291 3015 3346 3054 re
3379 3017 3526 3054 com-

2028 3111 2047 3146 ι
2095 3108 2262 3147 mune
2298 3091 2508 3156 habet;
2571 3091 2715 3161 quod
2761 3091 3040 3160 proprium
3093 3091 3536 3160 uniuscujusque

2027 3205 2046 3238 ι
2092 3185 2403 3240 institutum
2431 3199 2493 3238 ac
2522 3184 2862 3254 propositum
2889 3182 2944 3236 in
2977 3183 3325 3238 confessione
3350 3197 3536 3240 osten-

2027 3295 2046 3328 ι
2094 3275 2275 3330 datur.

2018 3367 2218 3425 BALS.
2255 3365 2483 3434 Quidam
2525 3366 2801 3427 dicebant.
2855 3382 2964 3422 non
3016 3367 3216 3422 debere
3264 3366 3533 3437 baptizari

1946 3460 2217 3530 gravidas,
2255 3475 2375 3529 qua:
2432 3475 2497 3514 ex
2548 3458 2857 3513 inlidelibus
2903 3460 2969 3514 ad
3030 3458 3327 3514 Ecelesiam
3377 3473 3532 3513 acce-

1945 3551 2104 3617 dunt,
2134 3551 2228 3607 sed
2254 3562 2574 3622 exspectare
2634 3551 2779 3607 fetus
2816 3553 2867 3606 in
2929 3552 3103 3607 lucem
3153 3552 3408 3620 exitum;
3464 3566 3533 3604 ne

1945 3644 2074 3699 dum
2103 3660 2164 3699 ea
2200 3643 2532 3712 baptizatur,
2573 3644 2825 3697 videatur
2858 3658 3078 3714 quoque
3113 3658 3217 3696 uua
3266 3643 3534 3710 baptizari

1947 3736 2119 3798 fetus,
2161 3750 2324 3805 quem
2378 3735 2432 3788 in
2490 3732 2649 3790 utero
2696 3737 2860 3805 gerit,
2885 3744 2945 3791 ut
2979 3737 3071 3806 qui
3105 3739 3178 3791 sit
3227 3736 3274 3790 ei
3308 3734 3534 3789 omnino

1944 3828 2173 3882 unitus:
2207 3843 2319 3896 quo
2348 3826 2406 3880 fit
2441 3834 2500 3879 ut
2531 3835 2820 3896 postquam
2875 3836 3040 3882 natus
3074 3827 3261 3891 fuerit,
3293 3826 3375 3881 vel
3420 3842 3531 3881 non

1944 3919 2256 3990 baptizatus
2305 3918 2666 3986 relinquetur,
2718 3918 2802 3972 vel
2855 3920 2899 3974 si
2966 3919 3303 3989 baptizetur,
3343 3935 3533 3974 rursus

1943 4011 2215 4081 baptizari
2249 4019 2554 4080 reputetur.
2599 4009 2790 4065 Patres
2846 4011 3055 4080 itaque,
3091 4013 3191 4066 hac
3241 4012 3530 4065 contradi-

1946 4106 2128 4158 ctioae
2154 4117 2264 4157 non
2292 4102 2552 4166 admissa,
2614 4108 2949 4166 statuerunt,
2985 4109 3041 4156 ut
3080 4103 3198 4156 sine
3248 4101 3357 4155 ullo
3391 4116 3532 4171 pne-

1941 4198 2150 4269 judicio
2178 4196 2526 4264 baptizentur
2562 4201 2908 4263 praegnantes
2974 4193 3254 4257 mulieres,
3308 4192 3532 4260 quando

1946 4289 2251 4353 voluerint;
2284 4302 2348 4340 eo
2373 4286 2518 4354 quod
2551 4285 2685 4338 nihil
2719 4285 2913 4339 habeat
2939 4298 3233 4338 commune
3262 4299 3532 4352 puerpera

1949 4393 2074 4432 cum
2111 4376 2222 4431 fetu
2265 4377 2359 4446 qui
2395 4377 2627 4445 paritur,
2667 4374 2810 4444 quod
2839 4374 2902 4428 ad
2932 4373 3265 4443 baptismum
3305 4372 3527 4427 attinet.

1949 4469 2204 4536 Maxime,
2239 4469 2527 4539 inquiunt,
2557 4484 2683 4524 cum
2722 4469 2793 4523 sit
2844 4466 3146 4535 unicuique
3183 4481 3284 4520 sua
3327 4466 3382 4519 in
3440 4466 3533 4520 ba-

1950 4562 2206 4633 ptismate
2225 4561 2542 4616 necessario
2569 4560 2864 4630 promissio
2910 4578 2921 4613 :
2980 4561 3121 4614 fetus
3169 4569 3375 4625 autem,
3435 4560 3527 4629 qui

1943 4665 2030 4712 est
2068 4657 2120 4709 in
2151 4664 2330 4717 utero,
2365 4669 2489 4710 cum
2551 4654 2622 4709 sit
2674 4653 2966 4708 aﬂ‘ectione
3035 4653 3365 4716 destitutus,
3418 4671 3527 4708 non

1939 4753 2119 4815 potest
2151 4760 2271 4812 qum
2300 4743 2352 4796 in
2383 4742 2711 4811 baptismate
2736 4731 3107 4811 'reqniruntur
3150 4743 3526 4811 professiones

1940 4845 1994 4892 et
2026 4843 2149 4891 vota
2183 4835 2386 4890 facere.
2417 4834 2579 4905 40⁸1
2615 4834 2898 4903 Adjectum
2951 4841 3034 4888 est
3087 4844 3269 4887 autem
3324 4838 3526 4890 canoni

1939 4926 2095 4992 illud,
2128 4927 2359 4993 Quando
2383 4927 2576 4992 velint,
2616 4934 2839 4995 propter
2870 4940 2964 4980 eos
2996 4926 3088 4995 qui
3130 4925 3342 4992 dicunt,
3376 4937 3528 4982 autc-

1939 5038 2101 5093 quam
2131 5023 2274 5077 fetus
2296 5021 2567 5076 formetur
2607 5021 2662 5074 in
2691 5019 2964 5075 hominem
3014 5035 3176 5089 posse
3233 5020 3521 5076 mulierem

1941 5125 2314 5186 praegnantem
2363 5115 2483 5169 sine
2544 5113 2787 5183 periculo
2852 5113 3141 5182 baptizari,
3205 5128 3314 5167 non
3371 5121 3522 5167 recte

1937 5217 2118 5261 autem
2155 5206 2422 5275 baptizari
2460 5213 2650 5275 postea
2697 5222 2710 5258 :
2747 5205 3005 5273 quoniam
3043 5205 3117 5269 id,
3168 5205 3314 5274 quod
3361 5203 3526 5257 habe-

1937 5310 2026 5354 tur
2068 5299 2121 5352 in
2147 5309 2320 5363 utero,
2358 5299 2411 5352 iu
2443 5315 2506 5353 ea
2531 5306 2614 5354 est
2637 5298 3059 5363 constitutione,
3100 5299 3151 5352 iu
3191 5314 3300 5367 qua
3331 5297 3521 5350 infau-

1935 5400 2018 5448 tes
2043 5394 2203 5447 modo
2245 5393 2354 5446 nati
2387 5393 2480 5461 qui
2522 5391 2769 5459 polliceri
2843 5407 2948 5445 nou
3001 5402 3270 5459 possunt;
3300 5398 3356 5444 et
3402 5391 3523 5446 idco

1941 5483 2199 5538 dixerunt
2234 5479 2446 5542 Patres,
2467 5496 2590 5536 esse
2619 5481 2672 5534 in
2699 5482 2950 5536 mulieris
2986 5481 3222 5545 gravida:
3247 5489 3522 5550 potestate

1939 5574 2205 5645 baptizari
2234 5572 2453 5644 quando
2477 5573 2628 5628 velit.
2660 5573 2946 5640 Quomodo
2969 5575 3113 5629 enim
3165 5590 3225 5630 se
3279 5574 3520 5630 habeant

1937 5666 2102 5734 fetus,
2138 5680 2299 5720 nemo
2326 5674 2505 5736 potest
2543 5668 2885 5736 perquirere,
2937 5669 3020 5721 vei
3057 5681 3152 5724 eos
3202 5667 3512 5737 suscipere.

1938 5759 2183 5814 Infantes
2215 5766 2396 5814 autem
2429 5773 2525 5829 per
2553 5769 2915 5829 susceptores
2944 5773 3074 5814 suos
3135 5759 3425 5822 aﬂlrmant.
3457 5769 3510 5816 et.

1940 5860 2062 5910 actu
2097 5852 2356 5925 baptizati
2383 5851 2565 5908 divina
2599 5849 3002 5908 illuminationc
3027 5850 3513 5924 dignicenscntur,
