3990 6482
176 396 316 464 ῙΞὶΒ

1216 396 1298 459 ιΝ
1323 398 1488 463 CAN.
1532 397 1644 457 VII
1685 393 1894 458 CONC.
1928 392 2369 459 NEOCESAR.

3307 392 3442 457 1214

173 522 269 567 καὶ
304 514 363 565 ού
394 513 683 583 δυνήσεται
706 512 1033 581 ἐπιτιμῆσαι
1065 512 1156 566 τον
1207 515 1616 584 διγαμήσαντα.
1648 513 1757 566 Ka-

1879 528 1961 567 iCC
2012 516 2211 583 poterit
2257 531 2412 582 eum,
2456 515 2549 586 qui
2581 514 2718 571 duas
2758 528 2958 570 uxores
3000 511 3175 577 duxit,
3222 510 3436 583 punire.

170 607 283 670 λῶς
317 607 368 658 δὲ
392 605 715 674 διωρίσαντο
783 607 1167 660 συνεστιᾶσθαι
1229 608 1404 674 τούτῳ
1462 607 1554 657 τὸν
1606 604 1755 673 ἱερέα

175 699 320 769 μετά
349 697 439 750 τὸν
481 698 672 765 καιρὸν
703 694 796 750 τοῦ
822 699 1023 767 γάμου.
1057 698 1209 751 Μετά
1239 699 1346 767 γὰρ
1366 696 1456 749 τὸν
1490 695 1667 766 γάμον
1695 696 1754 749 ού

171 789 558 858 κωλυθήσετοιι
598 789 1221 861 συνᾳνακεῖσθαιαύτῷ,
1279 791 1355 851 ὠς
1409 789 1545 857 μηδὲ
1608 790 1760 841 ἀκοι-

177 881 411 946 νωνὴτῳ
442 878 579 931 ὄντι.
618 880 804 931 Εξπὼν
829 879 882 931 δέ
922 881 1002 931 τίς
1037 896 1167 930 ποτε
1214 878 1450 943 ὀφείλειν
1481 877 1571 929 τὸν
1610 877 1756 944 διγα·

180 970 443 1037 μήσαντα
480 969 619 1037 μετά
640 972 740 1039 τὴν
772 970 1072 1024 ἀπόστασιν
1096 970 1192 1038 τῆς
1224 970 1485 1039 διγαμίας
1500 969 1757 1037 δέχεσθαι

172 1059 260 1120 εἰς
298 1061 613 1128 μετάνοιαν,
653 1061 747 1115 καὶ
784 1061 1148 1128 ἐπιτιμᾶσθαι
1213 1060 1318 1130 (ἔτι
1378 1061 1485 1130 γὰρ
1542 1058 1634 1111 τοῦ
1665 1058 1763 1125 γά-

179 1167 289 1219 μου
323 1151 741 1220 συνισταμένου,
770 1153 943 1207 ταῦτα
982 1150 1167 1222 χώραν
1201 1152 1302 1203 ούκ
1364 1150 1570 1221 ἔχουσι,
1613 1150 1756 1203 κατὰ

174 1245 273 1296 τὸν
299 1244 531 1297 καθόλου
564 1246 810 1309 κανόνα),
842 1244 1042 1315 ἤκουσε
1081 1244 1156 1313 μὴ
1198 1240 1338 1297 εἶναι
1410 1243 1589 1312 γάμον
1638 1241 1763 1295 ἀθέ-

183 1352 369 1404 μιτον,
404 1334 544 1388 ὥστε
582 1336 939 1392 διασπᾶσθαι.
1004 1339 1116 1391 Καὶ
1169 1338 1256 1391 διὰ
1296 1336 1456 1390 τοῦτο
1525 1336 1761 1407 ἔρρωται

184 1425 313 1497 μὲν,
342 1428 668 1497 ἐπιτιμᾶται
699 1427 755 1481 δὲ
786 1429 1053 1499 μετρίως,
1091 1428 1169 1494 ὡς
1202 1431 1444 1500 εἴρηται.

653 1690 858 1759 Ἐτέρα
889 1690 1167 1757 ἑρμηνεία
1208 1688 1341 1759 (99).

258 1783 320 1837 ’0
376 1782 569 1855 παρὼν
641 1783 823 1837 κανὼν
888 1781 1087 1836 κωλύει
1158 1784 1286 1844 τοὺς
1362 1780 1765 1851 πρεσόυτέρους

190 1876 480 1931 ἑστιᾶσθαι
536 1877 671 1945 μετὰ
725 1876 996 1945 διγάμων,
1042 1875 1137 1927 καὶ
1185 1875 1424 1944 παριστᾷ
1458 1874 1545 1927 διὰ
1570 1874 1761 1927 τούτου
1798 1869 1839 1928 Β

184 1970 655 2038 ὲπιτετιμημένον
683 1962 824 2020 εἶναι
850 1968 939 2020 τὸν
974 1967 1231 2036 δεύτερον
1292 1968 1492 2034 γάμον.
1519 1967 1591 2019 Τὸ
1634 1966 1765 2019 αὐτὸ

183 2056 243 2111 δὲ
263 2061 513 2126 φαίνεται
544 2061 637 2112 καὶ
672 2059 778 2112 ἀπὸ
799 2058 889 2111 τοῦ
915 2056 961 2127 γ’
992 2077 1118 2111 καν.
1147 2059 1245 2127 τῆς
1269 2060 1325 2111 ὲν
1352 2056 1764 2128 Νεοκαισαρείᾳ

188 2149 418 2202 συνόδου
453 2151 548 2203 καὶ
578 2150 686 2203 ἀπὸ
715 2148 757 2203 δ’
784 2167 906 2203 καν.
936 2150 1028 2202 τοῦ
1067 2149 1222 2217 ἁγίου
1259 2148 1567 2205 Βασιλείου.
1611 2150 1765 2202 Ἐπεὶ

185 2236 246 2294 δὲ
282 2242 559 2313 βλέπομέν
591 2258 745 2307 τινας
768 2242 1287 2312 σκανδαλιζομένους
1344 2245 1408 2296 ὲκ
1474 2243 1567 2296 τοῦ
1632 2242 1765 2313 μηδέ

184 2353 311 2389 τινα
337 2335 893 2408 δευτερογαμήσαντα
933 2335 1340 2405 ἐπιτιμηθῆναί
1418 2353 1571 2399 ποτε,
1629 2336 1765 2405 μήτε

188 2428 292 2499 τὴν
318 2429 577 2499 τοιαύτην
611 2430 915 2500 ἱερολογίαν
960 2428 1375 2499 ἐμποδίζεσθαι,
1419 2428 1623 2498 μᾶλλον
1667 2428 1767 2496 μὲν

185 2517 283 2575 οὖν
310 2522 456 2575 ἔστιν
488 2522 576 2575 ὅτε
608 2523 964 2593 ἐπιτρέπεται
993 2522 1081 2575 διὰ
1137 2520 1423 2574 πιττακίου
1491 2519 1763 2591 χαρτοφύ-

186 2614 357 2677 λακος
398 2631 414 2644 ·
451 2615 667 2684 εἴδομεν
702 2616 758 2670 δὲ
808 2616 1159 2685 πατριάρχας
1190 2615 1284 2666 καὶ
1317 2615 1602 2685 ἀρχιερεῖς
1634 2612 1764 2666 πολ-

188 2706 319 2769 λοὺς
344 2706 728 2769 συνεσθίοντας
762 2706 899 2776 μετὰ
940 2706 1206 2776 βασιλέων
1238 2705 1643 2774 διγαμούντων,
1672 2703 1769 2756 καὶ

206 2799 381 2853 ἇ“.).ων
402 2799 766 2869 μεγιστάνων,
796 2800 978 2870 φαμὲν
1002 2801 1083 2853 ὅτι
1109 2800 1212 2853 κᾶν
1231 2798 1490 2869 ἐπιτιμίῳ
1508 2796 1767 2867 καιρικῆς

190 2892 598 2963 ἀκοινωνησίας
637 2893 701 2945 ὲκ
732 2893 825 2945 τοῦ
863 2892 1124 2963 ῥηθέντος
1160 2892 1385 2952 κανόνος
1431 2892 1480 2943 οἱ
1511 2890 1766 2960 δευτερο-

191 2983 512 3053 γαμοῦντες
544 2984 855 3050 ὑπέκειντο,
881 2984 1050 3037 ἀλλ’ό
1111 2983 1209 3052 τῆς
1260 2981 1508 3045 ὲνώσεως
1578 2983 1763 3052 τόμος,

188 3076 607 3147 καταστρωθεὶς
636 3079 769 3149 παρ’
831 3077 989 3147 ἡμῶν
1028 3078 1108 3139 είς
1179 3075 1273 3128 τὸν
1328 3073 1371 3128 δ’
1435 3074 1634 3128 κανόνα
1672 3073 1765 3126 τοῦ

191 3171 353 3243 ἁγίου
385 3168 690 3236 Βασιλείου,
723 3167 972 3235 ἐξισώσει
999 3168 1077 3239 τῷ
1136 3166 1338 3239 πρώτῳ
1375 3167 1538 3238 γάμῳ
1588 3165 1765 3219 διόλου

188 3266 283 3317 τὸν
309 3260 565 3331 δεύτερον
593 3275 608 3290 ’
635 3258 731 3312 καὶ
772 3257 946 3313 εἰπὼν
977 3258 1109 3311 πότε
1142 3257 1241 3313 καὶ
1304 3249 1455 3311 οὗτοι
1507 3256 1769 3327 ἐπιτιμᾶ-

192 3353 321 3406 σθαι
354 3350 694 3422 ὀφείλουσιν,
725 3349 884 3404 ἔλυσε
912 3350 973 3404 τὸ
1015 3350 1315 3420 ἐπιτίμιον.
1371 3348 1510 3418 Φησὶ
1543 3350 1654 3419 γάρ
1712 3353 1771 3403 ὲν

196 3444 357 3513 μέρει
387 3441 563 3497 ταῦτα
600 3441 700 3515 μὲν
734 3441 982 3513 περὶτοῦ
1009 3442 1197 3512 τρίτου
1257 3442 1438 3511 γάμου
1479 3457 1493 3471 ’
1543 3441 1603 3493 ού
1666 3442 1774 3512 μὴν

195 3536 320 3591 οὐδὲ
348 3536 439 3590 τὸν
484 3535 735 3607 δεύτερον
770 3534 891 3588 οὐδὲ
924 3534 1013 3587 τὸν
1046 3532 1095 3588 α’
1127 3534 1284 3598 ἐκτὸς
1333 3533 1635 3601 ἀσφαλείας
1666 3533 1772 3586 ἐῶ-

198 3646 298 3698 μεν
324 3645 340 3660 ο
377 3627 513 3683 ἀλλά
554 3626 848 3685 κάκείνους
872 3623 1128 3697 ὁρίζομεν
1192 3624 1336 3679 οὕτω
1395 3624 1771 3691 συνίστασθαι,

198 3720 343 3775 ὥστε
412 3720 685 3792 μηδεμίαν
745 3720 893 3790 ἔχειν
933 3720 1179 3790 πονηρὰν
1211 3718 1457 3789 αίτίανῆ
1499 3719 1557 3782 ἐξ
1599 3719 1777 3790 ἁρπα-

200 3816 303 3884 γῆς
329 3813 362 3884 ἢ
388 3811 859 3884 προηγησαμένης
898 3810 1168 3879 λαθραίας
1228 3811 1458 3880 φθορᾶς,
1493 3812 1629 3865 ἀλλά
1688 3830 1776 3866 νο..

199 3907 405 3976 μίμους
486 3905 583 3959 καὶ
658 3901 1069 3974 καθαρεύοντας
1126 3902 1235 3953 τῶν
1303 3900 1566 3955 τοιούτων
1613 3903 1781 3973 μολυ-

204 3998 428 4066 σμάτων
484 3997 579 4050 καὶ
650 3996 897 4065 πονηρᾶς
958 3992 1351 4064 ἀκαθαρσίας·
1426 3994 1523 4046 καὶ
1584 3994 1781 4065 ἐφεξῆς

201 4087 546 4157 ἐπιτιμῶμεν
574 4085 799 4146 τούτους
836 4086 1065 4155 μόνους’
1126 4085 1253 4147 τοὺς
1297 4082 1355 4135 δὲ
1424 4082 1645 4147 λοιποὺς
1685 4086 1780 4138 ἀν-

202 4194 228 4233 ε
242 4181 571 4249 πιτιμήτους
601 4180 876 4248 σνντηρεῖ.

258 4272 501 4327 ΖΩΝΑΡ.
551 4272 614 4325 Ἦ
649 4272 885 4342 διγαμία
916 4271 1020 4324 ὑπὸ
1050 4271 1327 4342 ἐπιτίμιόν
1354 4272 1527 4323 ἐστιν.
1574 4269 1788 4324 Ἐνιαυ-

203 4367 298 4418 τον
332 4365 441 4436 γὰρ
472 4365 573 4431 τῆς
625 4363 787 4432 ἁγίας
848 4363 1210 4434 μεταλήψεως
1264 4363 1533 4436 εἴργεται.
1607 4363 1681 4416 To
1732 4363 1789 4418 δὲ

206 4458 485 4526 ἐπιτίμιον
514 4458 563 4509 οἱ
601 4458 765 4527 ἱερεῖς
800 4457 1124 4524 ὲπάγουσιν,
1163 4456 1243 4518 είς
1290 4457 1579 4524 μετάνοιαν
1635 4455 1792 4525 ἔρχο-

1866 605 2031 661 Recte
2062 610 2243 662 autem
2274 608 2635 672 deﬁnierunt,
2677 623 2745 663 ne
2780 607 3035 663 sacerdos
3070 621 3191 659 cum
3218 618 3283 659 eo
3306 619 3444 656 con-

1866 698 2076 751 vivelur
2105 707 2349 767 tempore
2376 700 2717 769 nuptiarum.
2749 697 2877 754 Post
2910 697 3128 766 nuptias
3154 696 3297 750 enim
3328 710 3439 763 non

1866 786 2247 856 prohibebitur
2296 803 2417 841 cum
2462 803 2527 843 eo
2575 788 2931 850 accumbere,
2977 795 3035 841 ut
3074 786 3167 854 qui
3218 800 3326 839 non
3371 784 3443 839 sit

1865 880 2091 931 omnino
2127 879 2665 933 exeommunicatus.
2697 879 2830 933 Cum
2869 886 3049 933 autem
3082 876 3310 933 dixisset
3340 875 3442 929 ali-

1867 970 2088 1038 quando
2121 970 2390 1039 quispiam
2419 1011 2433 1034 ,
2467 971 2667 1024 debere
2697 986 2818 1025 eum
2852 971 2943 1041 qui
2978 968 3272 1025 secundam
3307 982 3442 1025 uxo-

1868 1078 1981 1116 rem
2014 1063 2190 1127 duxit,
2222 1071 2513 1133 postquam
2550 1078 2578 1115 a
2608 1062 2852 1117 secundo
2881 1060 3230 1117 matrimonio
3256 1060 3443 1114 diver-

1868 1154 2014 1219 terit,
2044 1154 2107 1206 ad
2135 1154 2512 1223 paenitentiam
2544 1152 2711 1221 recipi
2761 1163 2813 1206 et
2838 1152 3018 1221 puniri
3066 1151 3268 1222 (adhuc
3288 1151 3438 1205 enim

1872 1257 2158 1300 constante
2189 1246 2560 1311 matrimonio,
2592 1246 2707 1299 lucc
2738 1245 2919 1299 locum
2958 1260 3065 1299 non
3099 1244 3321 1307 habent,
3354 1259 3445 1299 se-

1868 1342 2104 1395 cundum
2128 1339 2491 1394 universalem
2524 1337 2814 1407 regulam),
2841 1336 3047 1390 audivit
3069 1352 3176 1389 non
3194 1350 3314 1390 esse
3336 1334 3444 1389 illi-

1868 1434 2035 1489 citum
2066 1432 2498 1493 matrimonium,
2524 1440 2581 1485 ut
2610 1428 2850 1499 separari
2877 1427 3091 1483 debeat.
3116 1427 3179 1481 Et
3196 1434 3444 1495 propter-

1869 1539 1929 1577 ea
1966 1532 2051 1579 est
2111 1522 2332 1592 quidem
2368 1522 2773 1587 conﬁrmatum,
2826 1520 3041 1577 modice
3072 1526 3254 1573 autem
3285 1518 3445 1589 puni-

1854 1624 1981 1679 etur,
2017 1623 2079 1670 ut
2104 1614 2313 1677 dictum
2341 1624 2447 1671 est.

2348 1706 2531 1761 Altera
2568 1705 2963 1775 interpretatio.

1945 1800 2193 1855 Prassens
2227 1814 2402 1854 canon
2444 1800 2698 1870 prohibet
2747 1800 3097 1870 presbyteros
3128 1812 3251 1852 cum
3296 1796 3450 1865 (liga-

1871 1897 1975 1951 mis
2008 1895 2286 1951 convivari
2308 1935 2322 1957 ,
2354 1905 2405 1950 et
2438 1910 2532 1964 per
2563 1895 2668 1950 hoc
2706 1894 3006 1949 secundum
3037 1891 3445 1946 matrimonium

1869 1988 2050 2057 puniri
2098 1987 2356 2044 ostendit.
2404 1982 2552 2041 Idem
2588 1994 2771 2041 autem
2816 1994 3041 2056 apparet
3085 1992 3141 2039 et
3185 1999 3249 2037 es
3286 1982 3449 2036 tertio

1868 2096 2077 2136 eanone
2114 2096 2237 2149 syn.
2282 2075 2743 2142 Neocaesarianaa,
2772 2086 2827 2131 et
2865 2092 2931 2131 ex
2974 2089 3185 2130 canone
3210 2073 3246 2127 4
3271 2072 3448 2126 sam-ti

1871 2172 2076 2225 Basilii.
2108 2170 2377 2237 Quoniam
2407 2179 2590 2225 autem
2627 2168 2874 2224 videmus
2902 2166 3193 2225 nonnullos
3220 2164 3448 2229 oli‘endi,

1867 2278 1933 2317 eo
1955 2262 2098 2331 quod
2124 2260 2308 2314 nullus
2332 2274 2545 2322 eorum,
2578 2257 2671 2329 qui
2698 2257 2998 2314 secundum
3032 2257 3447 2311 matrimonium

1854 2353 2159 2413 contraxit.
2187 2368 2429 2421 unquam
2456 2352 2738 2421 puniatur,
2763 2365 2863 2405 nec
2891 2349 2959 2406 iis
2983 2342 3451 2405 sacramentorum

1868 2445 2218 2515 participatio
2242 2444 2601 2515 impediatur,
2633 2443 2727 2497 sed
2756 2441 2941 2511 potius
2965 2442 3129 2496 etiam
3162 2458 3258 2512 per
3288 2442 3452 2497 char-

1868 2535 2171 2606 t0pliylacis
2198 2534 2479 2604 pittacium
2503 2532 2887 2604 permittatur;
2923 2530 3164 2586 vidimus
3186 2540 3374 2586 autem
3394 2541 3453 2585 et

1870 2629 2210 2701 patriarchas
2230 2639 2284 2683 et
2301 2634 2501 2683 multos
2522 2627 2655 2681 alios
2673 2624 2949 2681 antistites
2967 2639 3090 2677 cum
3105 2623 3453 2691 imperatori-

1868 2723 1992 2788 bus,
2038 2721 2130 2791 qui
2164 2719 2437 2777 secundas
2468 2719 2690 2788 nuptias
2722 2716 3020 2777 celebrant,
3051 2723 3104 2769 et
3132 2713 3299 2785 ωε
3328 2730 3455 2769 cum

1862 2815 1989 2869 aliis
2014 2812 2355 2883 magnatibus
2378 2809 2757 2872 comedentes;
2785 2806 3041 2866 dicimus,
3067 2806 3208 2880 Quod
3235 2804 3451 2859 etiamsi

1870 2906 2187 2975 temporalis
2231 2899 2820 2958 excommunicationis
2862 2912 3034 2965 poena
3074 2912 3138 2950 ex
3192 2895 3456 2964 praedicto

1870 3015 1996 3056 can.
2026 2997 2227 3067 digami
2274 2993 2503 3062 subjecti
2548 2992 2695 3057 sint,
2742 2990 2963 3044 uniouis
3002 2998 3182 3041 tamen
3226 2986 3453 3051 decisio,

1869 3104 1990 3159 qua:
2017 3104 2045 3141 a
2082 3086 2239 3142 nobis
2264 3086 2369 3140 sita
2393 3091 2475 3137 est
2504 3083 2556 3136 in
2598 3096 2719 3135 can.
2760 3081 2788 3133 ι
2825 3078 2997 3133 sancti
3030 3077 3241 3135 Basilii.
3275 3075 3456 3145 primo

1872 3177 2222 3234 ntatrimonio
2264 3175 2563 3231 secundum
2614 3170 2841 3226 omnino
2884 3169 3151 3238 aequavit;
3198 3176 3251 3221 et
3287 3166 3452 3227 dixit.

1873 3269 2093 3341 quando
2123 3268 2159 3323 ii
2188 3266 2411 3321 omnino
2440 3263 2761 3334 punientur,
2792 3275 3007 3329 patriam
3037 3258 3307 3314 dissolvit.
3335 3256 3461 3311 llree

1874 3362 2036 3417 etiam
2077 3362 2131 3415 in
2162 3357 2483 3430 particulari
2514 3354 2649 3412 dicit
2684 3355 2749 3409 de
2781 3354 2940 3408 tertio
2973 3349 3324 3411 matrimonio
3351 3365 3363 3401 :
3400 3354 3461 3403 at

1876 3470 1979 3511 nec
2007 3451 2312 3509 secundum
2360 3465 2459 3505 nec
2504 3448 2744 3519 primum
2789 3446 2907 3503 sine
2943 3444 3241 3501 securitate
3286 3441 3459 3495 relin-

1878 3548 2099 3616 quimus
2125 3564 2140 3601 :
2166 3544 2261 3600 sed
2284 3550 2341 3599 et
2368 3543 2459 3596 illa
2487 3541 2568 3597 sic
2595 3538 2983 3595 constituenda
3004 3534 3372 3597 decernimus,
3399 3541 3461 3585 ut

1877 3640 2081 3694 nullam
2127 3636 2428 3701 improbam
2475 3647 2696 3689 causam
2740 3629 3006 3692 habeant,
3042 3626 3125 3681 vel
3162 3641 3229 3680 ex
3270 3631 3457 3693 raptu,

1877 3736 1960 3790 vel
1994 3749 2060 3789 ex
2096 3730 2434 3789 clandestino
2472 3727 2818 3799 prmcedente
2846 3724 3027 3788 coitu;
3063 3721 3157 3777 sed
3189 3720 3299 3777 sint
3333 3718 3467 3788 legi--

1882 3830 2011 3886 tima
2041 3836 2091 3881 et
2116 3826 2186 3881 ab
2211 3823 2480 3895 ejusmodi
2504 3818 2932 3890 inquinamentis
2958 3813 3324 3879 sordibusque
3352 3824 3466 3865 ma-

1882 3918 1948 3973 lis
1979 3919 2188 3984 aliena;
2222 3926 2278 3973 et
2315 3917 2572 3985 deinceps
2611 3924 2733 3983 qua:
2772 3918 2899 3964 sunt
2930 3906 3245 3975 huiusmodi
3286 3903 3462 3959 solum

1883 4012 2175 4082 punimus;
2225 4008 2434 4078 reliqua
2484 4020 2615 4061 vero
2659 4003 2836 4074 ptenis
2888 4016 2997 4058 non
3044 3998 3279 4055 obnoxia
3329 4011 3466 4053 con-

1886 4112 2089 4159 servat.

1960 4278 2213 4337 ZONAR.
2253 4277 2419 4333 Suam
2464 4273 2713 4345 digamia:
2764 4272 2991 4327 multam
3038 4283 3163 4323 ean.
3204 4274 3469 4321 statuere.

1891 4375 2013 4431 Uno
2054 4372 2321 4443 siquidem
2356 4384 2501 4423 anno
2544 4369 2791 4437 digamos
2820 4379 2849 4417 a
2886 4361 3239 4434 perceptione
3286 4372 3471 4411 sacro-

1892 4482 2014 4524 rum
2044 4478 2336 4519 munerum
2368 4462 2541 4515 arceri
2568 4460 2780 4528 iubent.
2817 4458 2948 4511 Eam
2986 4470 3112 4509 vero
3138 4465 3351 4523 pinnam
3383 4449 3471 4502 di-

212 4551 379 4620 μένου
405 4548 500 4602 τοῦ
529 4549 957 4619 διγαμήσαντος.
1015 4546 1075 4601 '0
1107 4547 1238 4614 γοῦν
1274 4546 1364 4600 διά
1422 4547 1523 4617 τῆς
1585 4563 1774 4618 παρου-

1897 4558 2102 4631 gamis,
2149 4556 2252 4610 sibi
2296 4568 2324 4607 a
2368 4551 2690 4623 paenitentia
2726 4548 3028 4604 remedium
3076 4540 3471 4613 quaerentibus,

211 4646 334 4707 σίας
365 4642 527 4697 αὑτοῦ
561 4644 830 4695 συναινεῖν
860 4640 1043 4695 δοκῶν
1073 4640 1153 4708 τῷ
1212 4641 1449 4712 δευτέρῳ
1505 4641 1669 4710 γάμῳ
1721 4640 1795 4692 is-

213 4738 341 4806 ρευς
370 4736 452 4799 τίς
482 4734 657 4802 ἔσται,
722 4736 885 4804 φησίν
912 4736 939 4787 ό
960 4733 1160 4797 κανὼν,
1188 4733 1456 4798 τουτέστι,
1515 4731 1633 4795 πῶς
1700 4732 1799 4785 οὐκ

211 4829 597 4900 αἱδεσθὴσεται
684 4829 956 4897 ἐπιτιμῶν
1035 4826 1116 4896 τῷ
1189 4822 1682 4895 δευτερογαμοῦντι
1770 4824 1800 4876 ὁ

214 4922 305 4974 διὰ
336 4923 436 4989 τῆς
471 4922 779 4991 παρουσίας
816 4920 981 4973 αὑτοῦ
1031 4917 1369 4972 συνευδοκῶν
1424 4919 1489 4986 τῇ
1547 4916 1799 4985 δευτερο-

211 5012 391 5083 γαμία
424 5030 440 5077 ;
477 5010 637 5068 Ἀλλὰ
668 5012 839 5065 ταῦτα
892 5014 949 5063 ὲν
971 5011 1320 5081 γράμμασιν.
1374 5003 1536 5077 Ἡμῖν
1598 5006 1655 5059 δὲ
1706 5006 1800 5059 καὶ

215 5104 565 5175 πατριάρχης
634 5103 810 5173 ὤφθη,
882 5104 979 5155 καὶ
1079 5101 1484 5172 μητροπολῖται
1549 5098 1797 5170 διάφοροι

216 5195 639 5266 συνεστιώμενοι
668 5196 1211 5265 δευτερογαμήσαντι
1247 5192 1479 5264 βασιλεῖ.

1895 4630 2219 4707 sacerdotes
2274 4645 2587 4716 injungunt.
2630 4641 2765 4707 Quis
2799 4652 2929 4709 ergo
2963 4634 3223 4690 sacerdos
3245 4672 3260 4697 ,
3294 4630 3473 4698 inquit

1897 4756 2097 4802 canon,
2130 4738 2392 4794 secundis
2432 4733 2659 4802 nuptiis,
2695 4739 2754 4784 ut
2780 4744 2875 4783 eas
2906 4726 2987 4779 vel
3023 4728 3123 4779 hoc
3159 4726 3302 4794 ipso,
3330 4719 3475 4789 quod

1897 4834 2075 4895 adest,
2114 4831 2346 4901 probare
2375 4826 2645 4887 videatur,
2678 4821 2929 4877 intersit?
2963 4820 3066 4873 hoc
3098 4827 3206 4884 est,
3243 4814 3331 4884 qui
3363 4813 3478 4868 [icti

1901 4931 2086 4996 potest
2119 4934 2175 4977 ut
2208 4935 2425 4991 poenam
2469 4932 2498 4971 a
2530 4916 2742 4986 digamo
2785 4913 3003 4981 exigere
3050 4926 3155 4963 non
3201 4906 3374 4978 pudor
3409 4903 3480 4959 sit

1903 5016 1977 5076 ei,
2028 5012 2120 5084 qui
2170 5011 2370 5082 digami
2416 5008 2620 5063 factum
2670 5022 2697 5059 a
2745 5022 2803 5060 se
2844 5021 2950 5058 non
2990 4998 3308 5071 improbari,
3353 5013 3476 5050 cum

1908 5106 2114 5176 nuptiis
2161 5103 2421 5159 secundis
2457 5101 2575 5170 ipse
2616 5097 2959 5159 interfuerit,
3008 5095 3144 5149 satis
3190 5088 3486 5146 ostendit?

1911 5194 2114 5251 Verum
2155 5195 2267 5250 haec
2296 5195 2349 5249 in
2382 5192 2534 5249 libris
2566 5190 2767 5257 scripta
2803 5185 3170 5255 reperiuntur.
3204 5182 3323 5237 Nos
3384 5194 3481 5263 au-

215 5300 327 5347 tem
374 5299 429 5346 et
475 5293 841 5362 patriarcham
886 5300 940 5347 et
989 5289 1440 5361 metropolitanos
1481 5289 1792 5359 complures
1830 5291 1884 5347 in
1908 5292 2162 5347 convivio
2185 5287 2529 5361 imperatoris
2552 5282 2818 5342 secundas
2877 5280 3101 5351 nuptias
3143 5264 3481 5333 celebrantes

215 5391 552 5457 aspeximus.

1438 5495 1638 5558 Guill.
1672 5495 2007 5575 Beveregii
2030 5499 2219 5555 notua.

292 5602 405 5669 (99)
441 5601 647 5669 Ἑτέρα
675 5601 977 5671 ἑρμηνεία.
1031 5600 1181 5671 lianc
1218 5601 1444 5653 alteram
1492 5599 1656 5667 hujus
1685 5613 1776 5651 ca-

220 5676 383 5728 nonis
425 5670 925 5739 interpretationem
958 5673 1129 5723 codit-i
1164 5670 1458 5723 Bodleiano
1491 5677 1773 5739 aet-cpiam

219 5745 473 5798 ferimus.
539 5737 726 5812 Neque
756 5744 905 5798 enim
954 5742 1143 5812 Gra'ce
1184 5750 1368 5812 exstat
1403 5758 1415 5793 :
1454 5741 1547 5794 sed
1581 5737 1776 5812 lfrat‘ina

215 5813 342 5885 ejus
373 5814 553 5873 versio
585 5808 649 5870 in'
672 5815 1053 5885 supplemento
1084 5810 1149 5866 ad
1183 5810 1551 5867 Parisiensem
1594 5808 1784 5864 Balsa-

1884 5599 2064 5652 tnonis
2110 5594 2406 5650 editionem
2459 5589 2715 5649 habetur.
2767 5600 2797 5641 e
2846 5577 3301 5652 codicefl‘iliano
3358 5582 3468 5652 per

1884 5645 2236 5722 arenti-anum
2280 5660 2570 5715 llervetum
2630 5645 2810 5717 eruta.
2862 5654 2917 5709 lu
2972 5650 3164 5707 codice
3192 5645 3469 5705 Amerba-

1884 5740 2083 5797 chiauo
2111 5733 2476 5792 desideratur.
