3990 6482
556 423 692 490 1315

1833 424 2115 487 'I'HEOD.
2159 423 2559 484 B'\I.SA.\ION

3696 422 3828 487 1216

552 535 767 599 AlllST
830 554 848 587 ι
894 482 1547 610 Prcsbytcrdigamomm
1594 540 1798 611 nuptiis
1830 554 1939 595 non
1980 540 2140 595 debet

2258 538 2469 593 APIST.
2506 557 2523 589 ι
2560 536 2672 608 Οὐχ
2702 538 2946 593 ἐστιᾶται
2979 536 3353 611 πρεσϐύτερος
3383 538 3476 591 ἐπὶ
3528 536 3793 609 διγάμουε
3815 556 3832 571 ⁸

636 647 655 680 ι
691 629 973 685 interesse.
1005 629 1141 686 Cum
1170 630 1424 701 digamus
1450 630 1596 687 enim
1640 634 1852 687 veniam
1877 631 2143 703 implora«

638 739 657 771 σ
692 720 851 788 verit,
876 723 1000 790 quis
1027 737 1151 779 eum
1188 725 1342 779 venia
1371 724 1727 795 dignabitur?
1767 744 1785 777 ι

633 814 906 870 Sacerdos
949 814 1045 886 qui
1074 816 1293 886 digamo
1330 816 1642 883 benedixit,
1688 834 1716 872 a
1761 833 1948 873 mensa
1982 818 2145 874 debet

563 906 814 960 recedere
843 914 897 960 et
940 920 1049 959 non
1094 921 1219 960 cum
1249 921 1315 961 eo
1347 906 1649 962 eonvivari.
1692 906 1750 961 Si
1788 907 1932 961 enim
1971 922 2145 977 ptl‘llin

561 998 836 1067 tubiectus
875 997 1039 1053 luerit
1065 998 1336 1070 digamus,
1367 1015 1616 1070 quamam
1652 1000 1977 1071 presbytero
2012 1015 2145 1052 cou-

556 1084 781 1139 cedatur
821 1087 976 1141 venia
1015 1087 1131 1158 qui,
1175 1102 1241 1142 eo
1265 1087 1411 1157 quod
1439 1088 1763 1145 convivatus
1801 1096 1916 1155 est,
1958 1087 2148 1147 istius-

553 1178 702 1234 modi
731 1179 941 1250 nuptlis
974 1194 1261 1236 assensum
1301 1182 1527 1254 praebuit
1552 1181 1577 1236 2

1144 1317 1375 1374 CANON
1418 1319 1558 1375 VIII.

560 1448 581 1486 ι
622 1430 682 1487 Si
726 1432 966 1503 alicupts
1001 1450 1176 1501 uxor,
1228 1450 1354 1490 cum
1391 1444 1539 1490 esset
1572 1434 1783 1501 laicus,
1838 1433 2142 1490 adulterata

633 1543 653 1577 ι
692 1525 866 1580 fuisse
904 1528 1065 1596 plane
1105 1530 1354 1583 convicta
1400 1530 1597 1589 fixerit,
1633 1528 1680 1583 is
1713 1544 1820 1584 non
1866 1536 2049 1598 potest
2076 1528 2141 1583 ad

636 1636 655 1669 ι
694 1620 1060 1675 ministerium
1108 1621 1394 1677 accedere.
1446 1622 1540 1676 Sin
1584 1633 1766 1678 autem
1806 1622 1971 1677 etiam
2018 1628 2142 1692 post

634 1730 652 1764 ι
695 1713 1102 1769 ordinationem
1139 1716 1446 1769 adulterata
1486 1715 1674 1779 fuerit,
1713 1715 1871 1769 debet
1901 1730 2022 1769 eam
2056 1713 2143 1767 di-

636 1823 656 1856 ι
695 1805 929 1862 mittere.
960 1806 1114 1872 Quod
1141 1808 1184 1861 si
1213 1807 1506 1870 cobabitct,
1534 1822 1641 1861 non
1668 1817 1844 1877 potest
1863 1806 1965 1862 sibi
1991 1821 2144 1862 com-

631 1915 650 1949 ι
690 1899 921 1952 missum
962 1899 1325 1953 ministerium
1354 1901 1600 1969 exsequi.
1649 1919 1667 1953 ι

629 1989 827 2046 BALS.
875 1989 1124 2046 Didicisti
1163 2008 1227 2045 ex
1267 1992 1498 2047 diversis
1545 1993 1785 2062 legibus,
1829 1994 1995 2049 licere
2022 1994 2142 2049 sine

554 2082 803 2152 periculo
843 2096 1070 2136 uxorem
1118 2083 1482 2138 adulteratam
1531 2086 1803 2154 recipere,
1836 2094 1891 2139 et
1934 2087 2139 2156 peccati

552 2176 769 2229 veniam
806 2174 961 2229 dare.
1014 2175 1077 2229 Et
1120 2174 1236 2246 lege
1269 2176 1471 2230 librum
1515 2176 1681 2232 Basil.
1723 2194 1927 2243 xxvtu,
1968 2180 2054 2233 tit.
2085 2179 2137 2242 7,

554 2283 678 2338 cap.
709 2268 760 2331 l,
803 2268 896 2333 qui
929 2266 1101 2332 dicit,
1142 2270 1399 2321 maritum
1443 2284 1601 2337 posse
1643 2268 1783 2323 intra
1832 2271 2138 2337 biennium,

555 2362 676 2415 sine
706 2361 817 2413 ullo
844 2360 1109 2428 periculo,
1148 2375 1302 2414 suam
1336 2376 1560 2415 uxorem
1588 2376 1654 2415 ex
1688 2363 2027 2418 monasterio
2061 2381 2143 2419 re-

552 2449 755 2518 cipere.
786 2467 907 2521 qua:
934 2459 992 2505 ut
1036 2453 1284 2508 adultera
1318 2455 1683 2509 condemnata
1712 2464 1797 2510 est
1820 2464 1875 2509 ct
1903 2456 2137 2512 inclusa:

556 2543 627 2597 ab
670 2558 738 2598 eo
782 2544 929 2598 enim
983 2555 1228 2615 tempore
1279 2546 1556 2601 tondetur.
1618 2548 1757 2602 Dicit
1801 2564 1931 2619 ergo
1977 2549 2139 2603 etiam

555 2652 753 2697 canon,
797 2638 964 2706 quod.
992 2639 1095 2694 etsi
1142 2639 1223 2692 vir
1256 2640 1359 2694 hoc
1402 2640 1584 2695 facere
1627 2649 1827 2710 potest,
1878 2642 2139 2696 nimirum

554 2729 769 2782 veniam
794 2729 1115 2783 adulterata:
1150 2732 1338 2786 uxoris
1368 2742 1594 2802 peccato
1624 2733 1777 2798 dare,
1832 2734 1924 2788 sed
1956 2744 2138 2790 tamen

552 2823 814 2890 quoniam
849 2837 976 2878 can.
1020 2825 1361 2893 apostolicus
1395 2825 1461 2880 18
1506 2841 1614 2879 non
1660 2828 1949 2896 permittit,
1996 2836 2053 2881 ut
2087 2828 2139 2882 in

553 2916 953 2972 sacerdotalem
988 2915 1303 2987 eatalogum
1346 2917 1730 2980 adscribatur,
1768 2920 1861 2988 qui
1907 2936 2137 2974 uxorem

554 3004 964 3063 fornicatriecm
1008 3008 1095 3063 vel
1152 3009 1436 3063 dimissam
1467 3009 1553 3061 vel
1592 3008 1869 3063 scenicam
1903 3010 2139 3079 duxerit,

553 3118 622 3156 ne
670 3103 762 3157 hic
808 3103 1028 3173 quidem
1084 3103 1148 3156 ad
1199 3118 1420 3158 sacrum
1475 3103 1724 3159 ordinem
1782 3105 2138 3173 provehetur.

569 3196 746 3262 Atque
789 3195 840 3249 id
869 3195 1090 3264 quidem
1124 3195 1199 3249 ita
1257 3211 1316 3251 se
1353 3196 1536 3262 habet,
1570 3196 1614 3251 si
1664 3196 1787 3251 laici
1822 3212 1957 3251 uxor
1985 3197 2142 3253 adul-

554 3296 725 3344 terata
782 3262 991 3345 fuerit:
1055 3290 1142 3346 sin
1187 3301 1369 3344 autem
1420 3291 1543 3360 cjus
1592 3291 1684 3361 qui
1733 3302 1818 3347 est
1865 3262 2214 3361 sacratus,C

552 3378 673 3449 ipse
712 3380 931 3450 quidem
957 3421 971 3445 ,
1008 3391 1066 3436 ut
1102 3380 1193 3451 qui
1232 3380 1366 3433 nihil
1404 3380 1718 3449 deliquerit,
1754 3379 1797 3435 si
1840 3380 2037 3435 exinde
2074 3381 2142 3435 ab

552 3487 617 3525 ea
658 3481 977 3541 separetur,
1003 3473 1108 3546 erit
1152 3472 1206 3526 in
1246 3471 1465 3541 proprio
1511 3470 1705 3541 gradu.
1742 3470 1836 3526 Sin
1871 3486 1998 3525 vero
2040 3470 2144 3526 hoc

556 3563 740 3618 facere
781 3563 1047 3627 noluerit,
1108 3563 1203 3618 sed
1238 3578 1344 3617 una
1383 3579 1507 3617 cum
1548 3564 1794 3618 adultera
1838 3564 2141 3629 coliabitat,

558 3660 888 3729 deponetur,
929 3667 989 3712 ut
1031 3658 1127 3728 qui
1172 3659 1245 3712 sit
1280 3657 1679 3728 inquinamenti
1725 3660 2036 3728 particeps;
2079 3674 2144 3713 eo

558 3753 703 3822 quod
748 3766 875 3805 cum
924 3751 1175 3805 adultera
1225 3766 1337 3805 rem
1395 3750 1674 3805 habuerit.
1721 3749 2145 3823 lnterrogaverit

558 3854 742 3900 autem
775 3843 1072 3916 quispiam,
1101 3844 1214 3900 Cur
1240 3858 1363 3899 cum
1395 3843 1587 3900 Patres
1612 3844 1678 3898 de
1712 3845 1959 3901 mulieris
1988 3848 2145 3901 adul-

561 3937 705 3992 terio
738 3936 1047 4001 dixissent,
1092 3951 1202 3991 non
1248 3937 1385 3992 satis
1428 3936 1777 4000 habuerunt,
1822 3936 1927 3992 nisi
1976 3941 2143 3993 etiam

559 4030 828 4087 adderent
858 4030 1186 4084 adulterium
1218 4028 1389 4084 fuisse
1432 4038 1617 4099 aperte
1657 4029 2010 4084 convictum?
2041 4028 2144 4085 So-

557 4123 713 4177 lutio.
766 4123 1004 4177 Diversa:
1050 4122 1198 4192 leges
1236 4121 1436 4191 jubent
1490 4120 1779 4176 mulierem
1830 4136 1939 4176 non
1983 4122 2145 4177 aliter

557 4213 917 4269 condemnari
951 4222 1006 4267 ut
1043 4214 1347 4277 adulteram
1370 4252 1386 4278 ,
1424 4229 1588 4282 quam
1625 4229 1723 4284 per
1756 4224 1977 4284 apertas
2017 4230 2145 4285 pro-

557 4308 832 4372 bationes,
870 4305 921 4359 id
952 4314 1056 4369 est,
1093 4320 1191 4375 per
1220 4306 1468 4375 quinque
1498 4314 1662 4361 testes
1688 4306 1942 4375 jurantes
1971 4321 2031 4363 se
2061 4310 2146 4365 vi-

557 4400 709 4457 disse
737 4401 790 4454 iu
822 4399 943 4468 ipso
971 4410 1099 4453 actu
1129 4398 1247 4453 licri
1276 4397 1630 4454 adulterium.
1665 4397 1778 4454 llac
1808 4401 2018 4457 ratione
2043 4416 2146 4457 nec

554 4509 748 4549 omnes
792 4498 1024 4563 possunt
1070 4491 1281 4545 crimen
1334 4491 1591 4546 adulterii
1654 4491 1942 4548 intendere
1981 4511 1995 4548 :
2048 4495 2143 4550 sed

557 4587 801 4659 quinque
861 4585 1037 4651 solum
1084 4599 1357 4653 personae.
1426 4586 1680 4652 maritus,
1731 4597 1910 4657 pater,
1953 4588 2140 4655 frater,

556 4688 808 4752 patruus,
829 4678 1158 4734 avunculus.
1183 4677 1286 4733 Sed
1307 4692 1407 4733 nec
1441 4678 1557 4748 ipsa
1586 4682 1804 4745 mulier,
1832 4698 1891 4737 sc
1919 4684 2137 4738 adulte-

555 4773 700 4828 rium
760 4770 1108 4826 commisissc
1157 4768 1448 4835 confessa,
1505 4772 1940 4840 condemnatur,
1990 4777 2139 4845 quod

553 4867 721 4920 etiam
763 4873 848 4921 est
892 4879 1121 4921 novum.
1171 4861 1509 4932 Adjecerunt
1550 4880 1681 4936 ergo
1733 4865 1965 4930 Patres,
2018 4885 2137 4924 eam

554 4956 806 5013 damnari
838 4967 895 5012 ut
928 4957 1257 5019 adulteram,
1287 4972 1409 5027 quae
1440 4968 1521 5013 est
1552 4960 1761 5029 apertis
1794 4961 2138 5031 probationi-

2321 651 2339 686 ι
2374 632 2583 686 ἐκείνου
2632 632 2739 703 γὰρ
2772 631 3104 701 συγγνώμης
3151 632 3435 701 δεομένου,
3495 632 3580 695 τίς
3628 632 3837 686 ἐκεῖνον

2324 741 2343 775 ι
2383 723 2609 788 ἀξιώσει
2639 723 2973 793 συγγνώμης
3002 741 3017 788 ;
3069 740 3087 775 ι

2321 816 2382 870 ’0
2432 818 2633 887 ἱερεὺς,
2666 816 2972 887 εὐλογήσας
2999 818 3365 889 τδνδίγαμον,
3396 817 3499 886 τῆς
3557 819 3840 888 τραπέζης

2245 902 2455 973 ὀφείλει
2502 905 2910 974 ὑπαναχωρεῖν,
2966 906 3062 959 καὶ
3090 905 3165 978 μὴ
3201 904 3635 977 συνεστιαθῆναι
3668 907 3836 973 αύτῷ.

2249 998 2311 1051 El
2341 1000 2449 1068 γὰρ
2490 997 2597 1051 ὑπὸ
2629 999 2910 1070 ἐπιτίμιόν
2936 998 3084 1053 ἐστιν
3135 1002 3164 1055 ὁ
3207 999 3457 1070 δίγαμος,
3522 998 3655 1054 ποία
3690 1001 3838 1055 ἔσται

2246 1086 2324 1160 τῷ
2398 1089 2762 1162 πρεσϐυτέρῳ
2792 1090 3118 1164 συγγνώμη,
3149 1092 3225 1164 τῷ
3278 1093 3367 1147 διὰ
3403 1095 3712 1160 ἑστιάσεως
3734 1099 3839 1161 τοῖς

2246 1180 2513 1246 τοιούτοις
2543 1181 3071 1255 συγκατατιθεμένῳ
3110 1184 3315 1257 γάμοις
3349 1204 3366 1254 ς

2842 1318 3083 1373 ΚΑΝΩΝ
3112 1320 3197 1373 II'.

2252 1452 2272 1486 ι
2296 1432 2422 1488 Ἐὰν
2443 1432 2578 1501 γυνή
2599 1448 2747 1498 τινος
2762 1432 2841 1505 (1)
2864 1432 3213 1503 μοιχευθεῖσα
3231 1434 3422 1490 λαῖκοῦ
3442 1436 3599 1499 ὄντος
3618 1436 3666 1487 ἒῖ
3679 1438 3840 1510 εγχθῇ

2322 1545 2342 1575 ι
2383 1526 2710 1596 φανερῶ;,ὁ
2745 1525 2989 1589 τοιοῦτος
3041 1527 3125 1591 είς
3191 1527 3500 1599 ὑπηρεσίαν
3546 1529 3732 1582 ἐλθεῖν
3784 1533 3841 1583 οὗ

2322 1635 2342 1670 ι
2388 1618 2635 1671 δύνατα·.
2675 1616 2805 1671 Ἐὰν
2846 1616 2903 1671 δὲ
2929 1618 3028 1671 καὶ
3057 1618 3196 1689 μετὰ
3219 1618 3316 1689 τὴν
3346 1621 3697 1689 χειροτονίαν
3732 1640 3843 1691 μοι-

2321 1731 2340 1764 r
2384 1711 2575 1783 χευθῇ,
2612 1710 2817 1780 ὀφείλει
2859 1711 3128 1766 ἀπολῦσαι
3174 1712 3366 1784 αὐτὴν.
3421 1713 3551 1766 Ἐὰν
3596 1714 3656 1767 δὲ
3688 1716 3843 1785 συζῇ,

2322 1823 2341 1856 ι
2387 1806 2447 1857 οὐ
2475 1802 2700 1856 δύναται
2735 1804 2811 1874 t9)
2839 1803 3059 1874 ἔχεσθαι
3081 1804 3181 1877 τῆς
3208 1803 3661 1877 ὲγχειρισθείσης
3699 1807 3844 1875 αὐτῷ

2170 1898 2213 1953 Β
2311 1914 2329 1945 ι
2366 1893 2668 1960 διακονίας;

2312 1986 2509 2042 ΒΑΛΣ.
2600 1987 2846 2061 Ἔμαθες
2923 1989 3035 2044 ἀπὸ
3108 1990 3388 2061 διαφόρων
3463 1990 3726 2060 νομίμων
3776 1991 3848 2053 ὡς

2241 2080 2419 2146 ἔξεστι
2447 2082 2525 2153 τῷ
2556 2084 2713 2153 ἀνδρὶ
2752 2084 3059 2149 ἀκινδύνως
3100 2084 3406 2153 λαμϐάνειν
3458 2087 3563 2154 τὴν
3628 2103 3848 2153 μοιχευ-

2243 2174 2431 2228 θεῖσαν
2457 2179 2693 2244 γυναῖκα
2726 2176 2917 2241 αὐτοῦ,
2941 2178 3038 2231 καὶ
3067 2177 3373 2248 συμπαθεῖν
3402 2179 3463 2230 es
3505 2179 3843 2247 ἁμάρτημα.

2242 2266 2405 2334 Ζήτει
2432 2268 2525 2319 καὶ
2559 2268 2763 2337 βιϐλίον
2788 2269 2862 2339 (5)
2885 2269 2993 2321 τῶν
3011 2269 3316 2323 Βασιλικῶν
3335 2268 3443 2341 κη’,
3467 2270 3580 2325 τίτ.
3616 2270 3688 2335 ζ’,
3720 2290 3842 2339 xz;-

2241 2362 2291 2407 α’
2324 2356 2505 2424 λέγον,
2528 2359 2678 2423 ἐντὸς
2709 2360 2915 2424 διετίας
2934 2360 3196 2415 δύνασθαι
3222 2362 3314 2416 τὸν
3332 2363 3506 2432 ἄνδρα
3534 2364 3843 2434 λαμϐάνειν

2242 2447 2541 2515 ἀκινδύνως
2565 2454 2629 2506 ὲκ
2671 2452 2763 2505 τού
2798 2454 3162 2525 μοναστηρίου
3193 2455 3293 2526 τὴν
3325 2456 3537 2509 οἰκείαν
3573 2458 3837 2525 γυναῖκα,

2242 2544 2735 2598 καταδικασθεῖσαν
2787 2546 2864 2610 ώς
2903 2547 3191 2617 μοιχαλίδα
3248 2550 3343 2602 καὶ
3396 2545 3840 2614 ὲγκλεισθεῖσαν.

2246 2638 2473 2689 Ἐκτοτε
2493 2638 2600 2706 γὰρ
2632 2638 2977 2709 κουρεύεται.
3007 2640 3143 2709 Φησὶ
3179 2642 3357 2693 τοίνυν
3382 2641 3408 2693 ὁ
3447 2640 3637 2694 κανὼν
3657 2640 3760 2705 ώς,
3792 2642 3837 2695 εί

2242 2731 2336 2783 καὶ
2364 2729 2587 2783 δύναται
2629 2732 2656 2784 ὸ
2690 2731 2830 2802 ἀνὴρ
2868 2730 3029 2785 τοῦτο
3059 2735 3255 2798 ποιεῖν,
3291 2734 3463 2803 ἡγουν
3516 2734 3580 2787 τὺ
3620 2751 3840 2803 συμπι·

2244 2821 2357 2874 θεῖν
2386 2821 2460 2893 (4)
2494 2824 2554 2874 τὸ
2584 2823 2899 2895 ἁμάρτημα
2943 2825 3042 2893 τῆς
3077 2825 3465 2896 μοιχευθείσης
3551 2830 3839 2895 γυναικὸς,

2242 2912 2358 2966 ἀλλ’
2399 2915 2571 2967 ἐπεὶό
2620 2920 2688 2983 ιη’
2737 2914 3094 2976 ἀποστολικδς
3143 2917 3327 2969 κανὼν
3380 2918 3441 2970 οὐ
3506 2923 3841 2991 παραχωρεῖ

2244 3006 2510 3076 ἱερατικῷ
2580 3006 2867 3079 καταλόγῳ
2914 3008 3393 3080 συναριθμηθῆναι
3457 3011 3551 3063 τὸν
3608 3012 3842 3064 λαϐἆντα

2242 3100 2481 3165 γυναῖκα
2512 3099 2767 3170 πόρνηνῆ
2794 3099 3207 3171 ἐκϐεϐλημένην
3252 3101 3284 3171 ἢ
3362 3102 3661 3173 σκηνικὴν,
3723 3103 3839 3155 οὐδὲ

2244 3183 2401 3253 οὗτος
2442 3191 2523 3254 είς
2556 3190 2766 3262 βαθμὸν
2797 3193 3075 3263 ἱερατικὸν
3125 3193 3517 3265 ἀναχθήσεται.
3547 3196 3664 3249 Καὶ
3689 3195 3843 3248 τοῦτο

2249 3284 2371 3355 μὲν,
2412 3286 2509 3339 ἐὰν
2553 3284 2744 3338 λαῖκοῦ
2774 3304 2920 3349 τινος
2960 3287 3096 3358 γυνὴ
3146 3285 3405 3359 μοιχευθῇ
3433 3304 3447 3317 °
3504 3289 3606 3342 ἐὰν
3642 3289 3703 3341 δὲ
3768 3293 3840 3343 is-

2248 3378 2505 3449 ρομένου,
2550 3379 2715 3443 αὐτὸς
2744 3380 2844 3451 μὲν
2873 3379 2948 3445 ώς
2983 3379 3151 3451 μηδέν
3180 3398 3231 3433 τι
3266 3380 3527 3446 πταίσας,
3587 3384 3688 3434 ἐὰν
3724 3384 3838 3437 δια·

2248 3473 2386 3545 ζυγῇ
2413 3474 2586 3542 αὐτῆς
2626 3472 2981 3539 ἀπεντεῦθεν,
3042 3472 3195 3528 ἔσται
3242 3475 3319 3537 είς
3350 3474 3443 3527 τὸν
3498 3476 3713 3529 οἰκεῖον
3742 3476 3834 3545 βα-

2247 3566 2404 3636 θμάν.
2438 3568 2498 3620 El
2528 3566 2583 3619 δὲ
2612 3566 2672 3619 ού
2706 3565 2925 3637 θελήσει
2983 3564 3144 3619 τοῦτο
3211 3570 3460 3638 ποιῆσαι,
3522 3568 3662 3621 ἀλλὰ
3720 3586 3839 3622 συν-

2246 3658 2425 3727 διάγει
2482 3659 2624 3729 μετὰ
2680 3658 2779 3737 τῆς
2834 3658 3164 3729 μοιχαλίδος,
3240 3660 3737 3729 καθαιρεθήσεται,
3769 3659 3838 3724 ὡς

2252 3752 2540 3825 μετασχὼν
2567 3752 2663 3807 τοῦ
2705 3753 3019 3823 μιάσματος
3040 3752 3127 3805 διὰ
3180 3752 3239 3806 τὸ
3306 3753 3729 3823 συμμίγνυσθαι
3775 3756 3835 3822 τῇ

2250 3847 2626 3918 μοιχευθείσῃ.
2676 3845 2982 3915 Ἐρωτήσει
3014 3844 3070 3897 δέ
3101 3862 3205 3909 τις,
3234 3844 3333 3897 Διὰ
3354 3844 3405 3896 τί
3436 3845 3693 3909 εἰπόντες
3720 3846 3836 3914 περὶ

2252 3938 2501 4009 μοιχείας
2535 3937 2800 4005 γυναικὸς
2862 3938 2913 3992 οἱ
2998 3937 3240 4009 Πατέρες
3309 3936 3409 3989 οὐκ
3462 3935 3835 4007 ἠρκέσθησαν,

2247 4032 2385 4086 ἀλλὰ
2414 4031 2747 4103 προσέθεντο
2774 4033 2873 4101 τὴν
2898 4029 3146 4101 μοιχείαν
3178 4028 3433 4100 φανερῶς
3466 4028 3834 4099 ἐλεγχθῆναις

2248 4128 2460 4193 Λύσις.
2488 4126 2746 4193 Διάφοροι
2787 4124 2943 4194 νόμοι
2997 4121 3473 4192 παρακελεύονται
3514 4122 3593 4191 μὴ
3658 4120 3831 4183 ἄλλως

2246 4219 2347 4289 τὴν
2384 4220 2627 4289 γυναῖκα
2658 4216 2733 4279 ὡς
2763 4214 3149 4287 μοιχευθεῖσαν
3180 4214 3639 4281 κατακρίνεσθαι,
3676 4216 3728 4267 εί
3758 4217 3825 4283 μὴ

2247 4313 2336 4366 διὰ
2359 4310 2608 4383 φανερῶν
2638 4309 2997 4373 ἀποδείξεων,
3024 4307 3170 4361 τοῦτ’
3195 4308 3311 4360 ἔστι
3340 4306 3429 4360 διὰ
3476 4307 3644 4360 πέντε
3704 4323 3835 4377 μαρο

2248 4404 2429 4475 τύρων
2462 4402 2776 4473 ὀμνυόντων
2822 4402 2949 4455 ἰδεῖν
2981 4402 3068 4453 ἐπ’
3102 4399 3409 4472 αὐτοφώρῳ
3433 4400 3535 4469 τὴν
3587 4401 3831 4469 μοιχείαν

2250 4498 2607 4569 τελουμένην.
2645 4496 2801 4550 Κατὰ
2833 4494 2993 4548 τοῦτο
3020 4493 3131 4565 γὰρ
3166 4493 3288 4546 οὐδὲ
3319 4493 3526 4556 πάντες
3578 4493 3829 4546 δύναντιι

2252 4592 2426 4644 κινεῖν
2454 4589 2516 4643 τὸ
2553 4587 2802 4657 μοιχικὸν
2837 4585 3119 4657 ἔγκλημα,
3150 4584 3291 4638 ἀλλὰ
3320 4584 3597 4653 πρόσωπα
3647 4584 3825 4642 etii-.5,

2248 4684 2411 4755 ἀνὴρ,
2452 4681 2660 4752 πατὴρ,
2696 4679 2949 4749 ἁδελφὸς,
2987 4678 3130 4741 θεῖος
3163 4676 3298 4749 πρὸς
3328 4676 3561 4745 πατρὸς,
3583 4678 3678 4730 καὶ
3698 4676 3829 4737 θεῖος

2249 4778 2385 4849 πρὸς
2407 4774 2634 4846 μητρός.
2669 4770 2806 4827 Οὐδὲ
2835 4771 2975 4844 αὑτὴ
3025 4772 3058 4840 ἡ
3106 4770 3245 4841 γυνὴ
3311 4767 3662 4839 ὁμολογοῦσα
3713 4784 3828 4837 μοιο

2249 4870 2445 4941 χεῦσαι
2476 4865 2925 4927 καταδικάζεται,
2964 4862 3241 4933 ὅπερὲστὶ
3282 4863 3380 4915 καί
3412 4862 3626 4914 καινόν.
3670 4863 3831 4929 [lpos-

2248 4962 2435 5017 ἐθεντο
2458 4954 2552 5013 οὖν
2607 4957 2657 5010 οι
2711 4955 2954 5027 Πατέρες
2985 4954 3058 5018 ώς
3091 4953 3378 5025 μοιχαλίδα
3408 4953 3632 5025 ἐκείνην
3666 4967 3828 5004 κατα-

1779 5079 1972 5143 Guill.
2008 5080 2339 5157 Beveregii
2380 5085 2576 5141 nota).

628 5201 705 5272 (l)
748 5200 889 5256 Ἐὰν
920 5203 1075 5272 γυνή
1133 5220 1319 5270 τινος.
1389 5204 1629 5261 Joannes
1665 5205 2045 5260 Antiocltenus
2078 5205 2132 5259 in

551 5268 938 5347 pollect._can.
1224 5268 1352 5347 legit
1376 5314 1390 5338 ,
1426 5275 1567 5347 Γυνή
1597 5293 1746 5347 τινος
1782 5277 2136 5345 μοιχευθεῖσα

554 5342 743 5416 λαῖκοῦ
768 5343 945 5416 limi.
973 5346 1085 5416 sint
1110 5344 1344 5415 ἐλεγχθῇ
1381 5342 1655 5414 φανερῶς.
1680 5342 1964 5400 εἷθ’θιίᾱηι
2005 5348 2135 5416 legit

557 5412 851 5485 Dionysius
888 5413 1163 5481 Exiguus;
1202 5412 1366 5471 vertit
1395 5412 1589 5478 enim,
1638 5416 1827 5471 Mulier
1854 5412 2135 5485 cujusdam

554 5482 864 5537 adulterata
893 5485 1017 5537 laici
1043 5486 1338 5551 constituti,
1372 5487 1419 5540 si
1448 5489 1715 5541 evidenter
1747 5482 2033 5553 arguatur.
2070 5488 2134 5540 Et

549 5563 725 5628 vetus
761 5555 1055 5628 interpres,
1113 5555 1310 5611 Mulier
1345 5557 1598 5628 cujusque
1648 5558 1952 5613 adulterata
1997 5558 2134 5612 laico

552 5626 937 5697 (cnstituto,si
966 5624 1237 5697 doceatur.
1274 5628 1366 5682 Sic
1396 5624 1558 5681 etiam
1620 5629 1816 5697 legitur
1860 5630 1915 5683 in
1966 5628 2135 5682 Pari-

554 5694 730 5749 siensi
787 5695 1135 5751 Balsamonis
1182 5698 1468 5753 editione:
1504 5698 1602 5753 sed
1657 5694 1824 5753 codex
1863 5699 2135 5753 Amerba-

552 5766 947 5839 cluianuscum
992 5764 1209 5822 Tiliano
1256 5779 1456 5823 nostra:
1490 5769 1710 5823 lectioni
1744 5770 2131 5839 adstipulatur.

631 5835 712 5901 (ἑ.)
748 5838 830 5890 οὺ
863 5836 1134 5892 δύναται.
1174 5838 1265 5894 Sic
1295 5854 1485 5893 omnes
1541 5840 1759 5893 codices
1812 5835 1983 5903 ms's.;
2040 5838 2135 5894 sed

560 5900 801 5962 Joannes!
858 5908 1234 5969 Antiochenus
1268 5910 1431 5981 legit,
1464 5910 1538 5966 Οὐ
1594 5910 1663 5963 δι’
1712 5909 1881 5981 αὐτὴν
1908 5900 2136 5966 δύναται

2234 5203 2457 5273 ἔχεσθαι
2510 5203 2610 5273 τῆς
2664 5199 3111 5277 ἐγχειρισθείσης
3144 5196 3293 5267 αὐτῷ
3328 5195 3662 5277 υπηρεσίας.
3712 5195 3824 5276 {Van

2234 5269 2405 5342 potest
2468 5269 2683 5342 propter
2733 5269 2853 5326 eam
2906 5272 3249 5342 commissum
3303 5269 3406 5323 sibi
3468 5269 3823 5321 ministerium

2231 5341 2477 5414 exsequi.
2500 5344 2728 5398 Gollect.
2763 5358 2889 5414 can.
2917 5342 3015 5414 tit.
3050 5341 3149 5414 ΑΙ.

2309 5408 2385 5487 (5)
2412 5413 2589 5487 Ζήτει
2624 5414 2723 5487 καί
2750 5412 3017 5487 βιϐλίον.
3050 5408 3173 5464 llaec
3201 5408 3470 5487 usquead
3503 5408 3824 5487 §Xtots_‘fi_p

2236 5480 2568 5556 κουρεύεται
2623 5484 2913 5546 inclusive,
2972 5496 3173 5556 ex_m_s.
3210 5480 3509 5556 Boilleiauo
3531 5481 3825 5556 suppleri-

2243 5550 2386 5612 mus.
2444 5555 2675 5610 Exstant
2727 5564 2912 5607 autem
2947 5569 3001 5607 tn
3030 5550 3249 5606 Tiliano
3284 5568 3296 5604 :
3327 5550 3464 5604 Nam
3520 5550 3827 5604 Geutianus

2247 5626 2518 5681 Hervetus
2547 5626 2742 5681 Latine
2781 5640 2843 5679 ea
2878 5624 3063 5678 vertit.
3096 5623 3153 5679 In
3198 5622 3322 5677 aliis
3353 5621 3646 5677 codicibus
3682 5622 3825 5674 desi-

2243 5697 2531 5751 derantur.

2315 5767 2391 5837 (4)
2424 5768 2655 5835 Ἦγουν
2676 5764 2742 5818 τὸ
2775 5762 3138 5837 συμπαθεῖν.
3162 5760 3313 5837 Hauc
3339 5763 3507 5815 etiam
3534 5763 3822 5837 pericopcu

2243 5831 2581 5907 ἐξηγητικῆν
2639 5836 2813 5889 codici
2857 5831 3171 5892 Bodleiano
3226 5832 3493 5890 debemus
3528 5849 3540 5886 :
3579 5831 3635 5888 iu
3678 5831 3824 5885 nullo

2244 5910 2390 5967 enim
2420 5908 2528 5964 alio
2569 5908 2790 5981 legitur.
