3990 6482
146 351 309 415 1217-

1217 344 1296 405 IN
1330 339 1495 402 CAN.
1536 339 1619 401 I-X
1660 339 1872 400 CUNC.
1914 327 2350 402 NEOCAESAR.

3276 333 3420 402 1218

144 463 491 529 δικάζεσθαι,
558 480 655 534 την
697 458 1051 531 ὲλεγχθεῖσαν
1133 459 1226 514 διὰ
1288 457 1541 530 φανερῶν
1603 456 1741 509 ἀπο-

1886 468 1950 507 ns
1979 453 2256 517 convicta,
2292 461 2351 507 ut
2385 450 2593 506 dictum
2629 458 2747 517 est;
2782 464 2889 505 non
2921 454 3103 505 autem
3130 462 3276 516 eam,
3305 465 3425 519 mue

145 558 396 622 δείξεων,
429 556 503 618 ὡς
533 554 775 626 εἴρηται,
800 554 863 606 ού
894 552 1004 624 μὴν
1048 552 1149 623 τὴν
1176 550 1621 605 ὑποπτευθεῖσαν
1636 545 1744 601 ἀπὸ

146 651 376 721 ὁμιλίας
408 650 440 720 ἢ
470 650 862 719 συνοικήσεως,
930 646 964 717 ἢ
999 645 1167 717 ἄλλης
1226 644 1372 706 τινος
1406 642 1609 703 αἰτίας.
1677 638 1743 691 Τί

150 746 233 808 δὲ,
269 744 367 797 ἐὰν
397 746 426 798 6
450 741 661 808 λαῖκὸς,
694 740 832 811 μετά
863 739 924 793 τὸ
983 737 1343 810 μοιχευθῆναι
1377 734 1474 806 τὴν
1510 735 1744 803 γυναῖκα

150 838 373 903 τούτου,
429 835 678 907 ἀπολύσῃ
741 834 935 903 αὐτὴν,
992 828 1603 902 προαναὸιόασθήσεται
1665 826 1742 888 εἱς

158 929 394 1000 βαθμὸν,
435 925 706 997 ὥσπερού
757 922 1106 993 καθαιρεῖται
1139 920 1166 972 6
1195 915 1513 988 ἱερωμένης,
1549 915 1576 966 6
1605 913 1747 965 ἁπο-

156 1021 331 1085 λύσας
387 1025 486 1090 τὴν
550 1015 932 1089 μοιχευθεῖσαν
988 1013 1224 1081 γυναῖκα
1272 1006 1472 1071 abso-3;
1535 1005 1744 1069 Λύσις.

174 1114 316 1168 Ἀπὸ
347 1111 442 1165 τοῦ
498 1108 569 1181 ιη’
611 1106 973 1163 ἀποστολικοῦ
1019 1104 1244 1166 κανόνος
1281 1100 1548 1155 κωλύεται
1616 1114 1749 1168 προ-

161 1203 598 1272 αναῦιῦασθῆναι
625 1204 705 1265 είς
750 1198 959 1270 βαθμὸν
985 1198 1014 1251 6
1040 1197 1276 1265 γυναῖκα
1308 1193 1513 1264 πόρνην
1541 1190 1748 1259 ἀγόμε-

160 1312 253 1358 νος
292 1312 307 1325 ’
344 1290 525 1363 πολλῷ
545 1290 676 1360 γοῦν
710 1288 876 1343 πλέον
935 1288 997 1341 ού
1081 1280 1695 1355 προαναὸιϐασθὴσεται
1722 1281 1749 1330 6

166 1387 309 1457 μετὰ
338 1384 646 1457 μοιχαλίδος
678 1380 1050 1452 συμφθαρεὶς,
1102 1377 1207 1431 κᾶν
1242 1378 1300 1430 ὲν
1355 1376 1572 1446 ἀγνοίᾳ.
1651 1374 1751 1427 Διά

165 1482 278 1548 γὰρ
300 1477 460 1531 τοῦτο
496 1476 592 1531 καὶ
623 1477 673 1529 οἱ
702 1474 944 1544 Πατέρες
975 1475 1069 1526 ἐπὶ
1099 1472 1197 1543 μὲν
1225 1470 1321 1524 τοῦ
1385 1470 1577 1523 λαῖκοῦ
1613 1468 1752 1521 διαί-

171 1584 331 1642 ρεσιν
360 1570 421 1622 ού
486 1570 845 1638 πεποιήκασι,
896 1567 1057 1637 χάριν
1110 1563 1204 1617 τοῦ
1261 1561 1595 1630 ἀπολυθῆναι
1651 1560 1750 1628 τὴν

171 1663 481 1733 μοιχαλίδα,
505 1662 600 1714 καὶ
623 1660 697 1731 μὴ
730 1656 1091 1727 ἀπολυθῆναι,
1127 1654 1260 1709 ἀλλὰ
1283 1653 1643 1715 ἀδιαστίκτως
1674 1651 1753 1704 δι-

172 1758 449 1825 ωρίσαντο
480 1753 554 1826 μὴ
593 1751 853 1806 δύνασθαι
897 1752 988 1803 τὸν
1025 1749 1192 1818 ἄνδρα
1250 1747 1419 1818 αὐτῆς
1472 1747 1552 1810 εἰς
1611 1745 1750 1814 ὑπη-

169 1848 363 1919 ρεσίαν
396 1847 567 1901 ἐλθεῖν
600 1862 615 1877 ⁸
650 1845 744 1898 ἐπὶ
793 1843 960 1897 δὲτοῦ
1035 1843 1226 1912 ἱερέως
1295 1839 1592 1909 εἰσήγαγον
1649 1837 1748 1906 τὴν

168 1943 457 2011 διαίρεσιν.
510 1940 666 1993 Ἐστι
726 1937 786 1990 δὲ
858 1936 955 1989 καὶ
1007 1934 1242 2005 διαφορά
1290 1931 1387 1985 τοῦ
1451 1932 1618 2001 μήπω
1685 1930 1758 1981 ἱε-

174 2035 443 2105 ρωθέιτος
521 2034 614 2086 καί
701 2028 796 2083 τοῦ
884 2026 1229 2097 ίερωθέντος,
1315 2024 1410 2078 καὶ
1513 2024 1605 2077 διά
1700 2040 1759 2075 τι

171 2129 429 2196 πταῖσμα
461 2121 859 2193 καθαιρεθῆναι
894 2119 1206 2189 μέλλοντος.
1283 2115 1342 2170 Ὀ
1406 2114 1506 2186 μὲν
1538 2113 1648 2184 γὰρ
1685 2113 1759 2183 μὴ

172 2217 454 2288 ἐπιτυχὼν
483 2213 737 2276 πλείονός
773 2228 919 2275 τινος
961 2211 1020 2263 ού
1049 2208 1306 2263 τοσοῦτον
1341 2205 1756 2278 βαρυθυμήσει,

172 2312 293 2365 ἀλλ’
313 2307 712 2380 εὐχαριστήσει
748 2304 971 2376 μᾶλλον,
1016 2302 1090 2365 ὡς
1122 2300 1200 2373 τῷ
1239 2301 1427 2354 κανόνι
1482 2298 1556 2369 μὴ
1590 2314 1759 2369 προσ-

172 2403 417 2476 κρούσας
445 2421 457 2433 ·
488 2404 514 2454 ὁ
546 2402 602 2456 δὲ
653 2401 742 2454 διά
769 2417 822 2453 τι
855 2400 1105 2467 πταῖσμα
1157 2396 1347 2465 ἐτέρου
1407 2394 1754 2465 ἀφαιρούμε-

174 2516 265 2562 νος
299 2498 360 2550 τὸ
412 2496 614 2567 προσὸν
654 2493 801 2564 αὐτῷ
830 2491 1045 2562 ἀξίωμα
1066 2490 1316 2562 μεγάλως
1350 2490 1753 2560 δεινοπαθήσει.

175 2590 255 2643 Τὸ
305 2589 413 2661 γὰρ
443 2591 520 2653 εἰς
558 2589 751 2658 πεῖραν
779 2603 916 2658 ηκον
945 2582 1171 2654 ἀνιαρὸν
1225 2584 1304 2647 είς
1335 2581 1649 2651 ἀφαίρεσιν.

253 2683 500 2737 ΖΩΝΑΡ.
553 2678 770 2749 Ἀνδρὺς
796 2675 990 2731 λαῖκοῦ
1035 2674 1174 2744 γυνὴ
1247 2672 1620 2744 μοιχευθεῖσα,
1668 2672 1762 2726 καὶ

180 2772 437 2843 φανερῶς
469 2769 815 2839 ἐλεγχθεῖσα,
881 2762 1197 2818 κωλύειτδν
1230 2761 1399 2830 ἄνδρα
1457 2758 1628 2828 αὐτῆς
1684 2759 1765 2821 εἰς

180 2863 492 2936 ὑπηρεσίαν
531 2860 729 2926 ἐλθεῖν,
764 2857 1051 2911 τουτέστιν
1088 2857 1167 2918 είς
1232 2853 1444 2924 βαθμὸν
1490 2850 1765 2920 ἱερατικόν

177 2932 342 3014 τινα·
380 2956 516 3026 πλὴν
545 2955 578 3025 ή
613 2951 862 3022 φανερῶς
891 2947 1236 3018 ἐλεγχθεῖσα,
1272 2947 1372 3015 οὐχ
1398 2947 1431 3015 ἡ
1474 2949 1529 2998 ἐν
1556 2932 1765 3014 ὑπιυψΐᾳ

184 3049 459 3122 γενομένη
506 3045 668 3117 ἧκα).
716 3039 1162 3111 κατηγορηθεῖσα
1251 3036 1405 3105 παρὰ
1461 3048 1608 3094 τινος
1659 3032 1767 3085 τῶν

1848 546 1947 601 fuit
1974 557 2225 617 suspecta
2264 555 2483 616 preptcr
2516 545 2973 608 collocutionem,
3002 545 3084 600 vel
3122 555 3428 601 consuetu-

1846 644 2027 697 dinem
2059 654 2123 693 ac
2151 639 2601 702 familiaritatem,
2632 638 2717 693 vel
2748 638 2981 708 aliquam
3008 637 3168 691 aliam
3195 636 3264 692 ob
3292 652 3426 691 cau-

1846 749 1986 790 sam.
2017 729 2157 797 Quid
2185 738 2393 793 autem,
2419 744 2486 782 an
2511 729 2706 792 laicus,
2734 730 2778 784 si
2810 738 3096 799 postquam
3123 729 3289 802 409
3305 731 3427 800 ejus

1848 844 1986 884 uxor
2009 826 2112 880 fuit
2141 826 2469 889 adulterata,
2501 825 2930 890 dimiseriteam,
2960 826 3027 880 ad
3053 825 3283 896 gradum
3304 842 3429 897 pro-

1849 921 2196 984 movebitur;
2228 918 2376 973 sicut
2402 932 2509 972 non
2538 917 2832 986 deponitur
2856 917 2903 972 is
2934 918 3023 986 qui
3052 927 3138 972 est
3156 928 3425 984 sacratus,

1849 1013 2076 1067 dimissa
2105 1027 2275 1065 uxore
2309 1024 2430 1074 sua,
2458 1024 2580 1079 quae
2609 1008 2883 1062 commisit
2920 1007 3252 1063 adulterium
3277 1010 3301 1063 Ἰ
3328 1008 3431 1064 So-

1852 1104 2005 1158 lulio.
2040 1104 2082 1157 A
2127 1118 2341 1160 canone
2386 1100 2687 1171 apostolico
2735 1100 2801 1153 {8
2844 1098 3163 1168 prohibetur
3193 1100 3261 1154 ad
3304 1115 3432 1170 gra-

1850 1197 1978 1251 dum
2014 1194 2349 1265 promoveri,
2393 1192 2488 1263 qui
2524 1190 2679 1246 duxit
2716 1204 2943 1245 uxorem
2981 1190 3428 1247 fornicatricem:

1852 1290 2023 1343 multo
2045 1303 2174 1358 ergo
2202 1287 2373 1357 magis
2404 1299 2511 1339 non
2542 1284 2971 1355 promovebitur,
2992 1284 3085 1352 qui
3116 1299 3242 1338 cum
3274 1282 3432 1337 adul-

1855 1394 1969 1437 tera
2013 1382 2095 1435 vel
2136 1380 2377 1434 insciens
2411 1393 2524 1433 rem
2562 1377 2773 1431 habuit.
2810 1374 3105 1445 Propterea
3137 1377 3283 1429 enim
3326 1375 3431 1431 f’a-

1856 1484 1966 1529 tres
2012 1475 2216 1527 nullam
2255 1474 2306 1526 in
2347 1471 2486 1527 laico
2525 1470 2851 1524 divisionem
2886 1467 3094 1531 fecere,
3136 1467 3206 1520 de
3244 1467 3437 1520 dimita

1854 1568 2015 1623 tenda
2047 1566 2316 1627 adultera,
2347 1564 2432 1618 vel
2462 1579 2569 1618 non
2596 1561 2918 1617 dimittenda
2946 1576 2961 1614 :
2988 1559 3081 1614 sed
3109 1559 3432 1613 indistincte

1854 1660 2207 1721 definierunt,
2242 1673 2345 1711 non
2381 1671 2542 1726 posse
2576 1654 2697 1724 ejus
2729 1654 2984 1707 maritum
3014 1651 3198 1706 venire
3224 1650 3293 1704 ad
3326 1651 3433 1703 mi-

1855 1753 2171 1807 nisterium.
2215 1751 2273 1804 fu
2326 1749 2623 1804 sacerdote
2667 1756 2849 1801 autem
2896 1745 3216 1799 divisionem
3261 1743 3435 1796 introt

1854 1847 2087 1901 duxere.
2124 1843 2215 1898 Est
2247 1854 2425 1897 autem
2460 1840 2767 1894 diﬂ'erentia
2802 1840 2924 1907 ejus
2951 1837 3042 1908 qui
3076 1835 3317 1890 nondum
3351 1840 3439 1889 est

1858 1946 2130 2000 sacratus,
2167 1946 2219 1989 et
2246 1935 2364 2004 ejus
2400 1935 2490 2002 qui
2524 1942 2607 1987 est
2643 1939 2924 1995 sacratus;
2960 1929 3053 1984 sed
3085 1935 3309 1998 propter
3340 1927 3437 1979 de-

1858 2031 2049 2084 lictum
2091 2028 2309 2097 aliquod
2346 2035 2427 2081 est
2461 2024 2839 2095 deponendus.
2878 2021 2979 2088 Qui
3016 2022 3161 2075 enim
3200 2034 3308 2073 non
3352 2026 3438 2071 est

1860 2124 2038 2190 majus
2072 2120 2289 2190 aliquod
2332 2126 2639 2182 assecutus,
2675 2131 2781 2170 non
2808 2124 2925 2168 tam
2961 2129 3102 2184 aegre
3134 2111 3303 2165 feret:
3340 2109 3435 2163 sed

1859 2231 2015 2286 aequo
2043 2215 2225 2283 potius
2264 2213 2448 2264 animo
2483 2212 2723 2279 patietur
2753 2218 2806 2263 et
2840 2208 3133 2269 lmtabitur,
3168 2204 3311 2274 quod
3344 2217 3438 2256 ca-

1867 2320 2066 2360 nonem
2100 2319 2210 2357 non
2257 2301 2566 2356 offenderit.
2611 2300 2663 2354 ls
2691 2309 2891 2361 autem,
2925 2298 3013 2353 cui
3048 2304 3270 2367 propter
3300 2295 3441 2348 alte.

1866 2399 1985 2454 rius
2010 2397 2270 2451 delictum
2300 2394 2548 2449 aufertur
2576 2406 2638 2447 ea
2670 2406 2832 2459 quam
2861 2391 3023 2445 habet
3048 2389 3311 2459 dignitas,
3342 2387 3444 2440 ad-

1869 2493 2088 2544 modum
2116 2503 2258 2559 a-gre
2288 2489 2447 2541 feret.
2484 2485 2539 2539 Id
2568 2485 2715 2539 enim
2740 2482 2885 2553 quod
2911 2483 3025 2553 jatn
3054 2488 3313 2550 expertus
3337 2488 3446 2543 est,

1867 2582 2155 2657 molestum
2188 2589 2273 2633 est
2313 2579 2357 2633 si
2398 2577 2706 2633 auferatur.

1932 2672 2186 2728 ZONAlt.
2225 2670 2280 2726 Si
2322 2672 2443 2724 laici
2481 2685 2622 2723 uxor
2678 2666 2932 2721 adulterii
2981 2663 3275 2720 manifesto
3310 2678 3449 2719 con-

1860 2764 2003 2819 victa
2032 2764 2122 2827 sit,
2156 2763 2278 2831 ejus
2308 2763 2484 2816 virum
2519 2777 2546 2813 a
2584 2757 2909 2823 minis1erio,
2948 2771 2977 2809 a
3012 2768 3297 2810 sacrorum
3338 2751 3450 2807 sci-

1864 2857 1996 2911 licet
2037 2855 2292 2910 ordinum
2340 2853 2733 2919 susceptione,
2783 2849 2959 2903 arceri
3009 2844 3234 2918 [canon]
3271 2843 3449 2915 jubet;

1864 2947 2029 3004 modo
2078 2956 2258 3001 tamen
2312 2943 2620 2998 manifestis
2671 2941 2888 2994 indiciis
2934 2939 3185 2992 convicta
3234 2936 3452 3001 mulier,

1865 3058 1976 3097 non
2013 3049 2196 3095 autem
2222 3038 2306 3092 vel
2333 3036 2652 3107 suspiciOue
2687 3043 2892 3088 tantum
2920 3040 3129 3097 notata,
3158 3030 3241 3086 vel
3269 3031 3453 3094 abiis,

186 3120 537 3213 κατηγορεῖν,
594 3137 731 3191 ἀλλά
782 3136 965 3208 ῥητοῖς
1014 3127 1345 3202 προσώπων.
1386 3128 1458 3182 Ού
1534 3128 1644 3196 γὰρ
1690 3120 1765 3193 τῷ

1883 3134 2076 3205 quibus
2125 3145 2322 3184 nomen
2372 3128 2515 3182 illius
2564 3124 2841 3180 deferendi
2893 3130 3137 3193 potestas
3189 3134 3301 3174 non
3346 3131 3453 3185 est,

188 3235 502 3307 βουλομένῳ
559 3232 775 3298 ἐφεῖται
834 3226 964 3297 περὶ
1005 3221 1252 3294 μοιχείας
1314 3221 1640 3288 κατηγορεῖν
1704 3218 1764 3271 ού

186 3328 506 3397 δυναμένων
533 3323 700 3393 αὐτῆς
732 3319 1061 3391 προσώπων.
1090 3319 1164 3371 Οὐ
1194 3317 1301 3389 γὰρ
1325 3315 1403 3386 τῷ
1460 3314 1774 3385 βουλομένῳ

189 3422 402 3486 ἰφεῖται
480 3417 607 3485 περὶ
685 3412 927 3483 μοιχείας
1005 3411 1329 3480 κατηγορεῖν
1390 3407 1526 3460 ἀλλὰ
1604 3423 1772 3478 προσ-

189 3515 384 3576 ώποις.
434 3509 561 3562 Ἐὰν
613 3508 670 3561 δὲ
732 3506 827 3560 καὶ
903 3503 1202 3573 ἱερωμένου
1291 3501 1432 3573 γυνὴ
1487 3501 1777 3572 μοιχευθῇ,

192 3602 463 3656 ἀπολῦσαι
489 3599 662 3670 αὐτὴν
680 3597 910 3669 ὀφείλει,
938 3596 1182 3649 τουτέστι
1202 3594 1529 3664 διαζυγῆναι
1558 3594 1731 3663 αὐτῆς
1762 3631 1779 3648 .

194 3698 243 3750 εἰ
273 3695 331 3748 δὲ
367 3692 537 3763 συζῇν
566 3692 705 3762 αὐτῇ
755 3689 1031 3761 βούλεται,
1086 3685 1354 3740 κωλύεται
1385 3688 1485 3753 τῆς
1541 3687 1724 3755 ἐγχειρ
1739 3702 1781 3736 ι-

198 3788 423 3857 σθεὶσης
450 3785 600 3855 αὐτῷ
640 3784 934 3849 διακονίας,
973 3782 1092 3852 ἦτοι
1162 3781 1254 3832 τοῦ
1308 3777 1519 3849 βαθμοῦ
1583 3778 1662 3840 είς
1723 3777 1783 3830 ὃν

194 3881 532 3952 κατετάχθη.
617 3880 685 3931 Ἠ
712 3877 821 3946 γὰρ
896 3874 1250 3945 μοιχευθεῖσα
1294 3871 1591 3941 μεμίανται
1629 3887 1642 3901 ο
1669 3871 1699 3921 6
1725 3869 1782 3922 δὲ

192 3976 373 4047 ταύτῃ
394 3972 727 4043 μιγνύμενος
760 3968 818 4021 ἓν
842 3969 1000 4037 σῶμα
1030 3967 1262 4035 γίνεται,
1297 3963 1389 4017 καὶ
1415 3962 1602 4015 λοιπὸν
1652 3978 1782 4032 μετ-

200 4069 594 4139 έχεικάκεῖνος
630 4063 725 4116 τοῦ
781 4062 1114 4132 μιάσματος.
1176 4058 1238 4111 '0
1288 4056 1345 4111 δὲ
1401 4057 1776 4126 μεμιασμένος

198 4163 317 4223 πῶς
345 4161 669 4229 δεχθήσεται
695 4155 775 4218 είς
800 4171 851 4206 τι
886 4153 1031 4206 θεῖον
1053 4149 1460 4219 λειτούργημα;

1877 3233 2132 3280 accusata
2172 3221 2355 3277 fuerit.
2398 3219 2506 3274 Nec
2540 3219 2685 3273 enim
2723 3218 3038 3285 cuicunque
3074 3214 3275 3268 volenti
3306 3252 3320 3275 ,
3360 3212 3456 3265 sed

1876 3317 2045 3374 certis
2101 3325 2316 3369 tantum
2370 3312 2698 3381 quihusdam
2757 3307 3110 3370 hominibus,
3166 3304 3454 3359 mulierem

1878 3408 2133 3465 adulterii
2174 3422 2323 3461 ream
2351 3420 2512 3476 agere
2539 3416 2863 3459 concessum
2900 3411 3006 3455 est.
3033 3397 3191 3465 Quod
3226 3398 3271 3451 si
3304 3395 3462 3449 adul-

1879 3503 2075 3558 terium
2112 3512 2273 3553 sacro
2303 3496 2497 3550 ordine
2532 3491 2729 3547 initiati
2767 3490 3004 3544 hominis
3039 3486 3240 3557 conjux
3276 3495 3461 3556 patra-

1880 3594 2042 3657 verit,
2077 3605 2194 3645 eam
2236 3589 2319 3642 vir
2353 3584 2629 3649 dimittat,
2670 3584 2775 3637 hoc
2816 3590 2921 3646 est,
2962 3579 3033 3633 ab
3062 3578 3210 3631 illius
3244 3592 3303 3632 se
3331 3590 3464 3631 con-

1879 3680 2172 3738 sttetudine
2202 3675 2665 3746 {commercioque
2721 3672 3018 3742 Sejungat:
3060 3668 3106 3724 si
3151 3682 3283 3725 vero
3336 3680 3464 3720 eum

1880 3773 1973 3827 illa
2007 3772 2128 3823 vitae
2167 3766 2488 3822 societatem
2520 3762 2721 3816 habere
2751 3762 3005 3823 voluerit,
3037 3761 3217 3829 ipsum
3252 3773 3281 3811 a
3311 3770 3466 3812 eom-

1882 3866 2057 3919 misso
2077 3859 2422 3921 ministerio,
2457 3856 2562 3910 hoc
2598 3862 2703 3919 est,
2735 3869 2765 3907 a
2801 3853 2885 3908 sui
2914 3852 3127 3907 ordinis
3160 3851 3356 3921 gradu,
3382 3850 3469 3903 di-

1887 3955 2095 4012 moveri
2147 3952 2427 4006 decretum
2480 3956 2588 4002 est.
2639 3944 2862 3999 Patrato
2914 3956 3152 4012 namque
3194 3941 3469 3996 adulterio

1888 4046 2089 4102 mulier
2129 4043 2339 4113 polluta
2370 4049 2491 4106 est;
2525 4037 2619 4108 qui
2653 4050 2782 4089 vero
2808 4035 3029 4104 polluta;
3062 4034 3469 4097 commiscetur,

1882 4154 2054 4196 unum
2101 4151 2301 4207 corpus
2360 4133 2615 4195 eflicitur,
2661 4130 2962 4199 eademque
3019 4127 3246 4200 proinde
3283 4133 3473 4182 conta-

199 4257 364 4328 gioue
432 4258 610 4325 ipsum
686 4248 949 4306 maculari
1034 4260 1266 4302 necesse
1310 4252 1419 4302 est.
1489 4239 1776 4297 Hominem
1843 4249 1977 4293 vero
2028 4232 2297 4303 pollutum
2354 4229 2409 4284 in
2470 4240 2630 4283 sacro
2702 4226 2890 4296 aliquo
2986 4223 3296 4280 ministerio
3349 4223 3477 4293 quis

218 4359 333 4402 erat

218 4369 247 4402 e
316 4359 333 4402 ι

198 4348 426 4498 λίλεῖτ.
474 4457 492 4491 ι
544 4437 603 4491 '0
636 4433 849 4497 λαῖκδς,
884 4422 945 4485 οὗ
986 4428 1022 4500 ἡ
1056 4425 1198 4498 γυνὴ
1257 4424 1639 4496 μεμοιχευται,
1722 4426 1786 4481 οὐ

1900 4425 2134 4484 ARIST.
2168 4443 2188 4478 ι
2225 4421 2427 4479 Laicus
2456 4419 2616 4492 cujus
2651 4431 2794 4472 uxor
2826 4413 3133 4470 adulterata
3162 4418 3248 4466 est
3280 4424 3387 4465 non
3422 4408 3477 4463 fit

273 4555 292 4588 ι
324 4530 656 4604 κληρῶται·
692 4526 789 4581 καὶ
814 4526 843 4577 6
881 4525 939 4577 ὲν
998 4520 1191 4591 κλήρῳ
1225 4518 1276 4571 εἰ
1300 4516 1524 4588 κατέχει
1564 4534 1761 4590 μοιχευ

1979 4539 1998 4572 c
2038 4517 2297 4580 clericus,
2334 4521 2388 4569 et
2413 4512 2649 4567 clericus
2678 4507 2770 4580 qui
2802 4521 2922 4563 eam
2953 4505 3154 4560 retinet
3186 4511 3477 4574 postquam

286 4647 307 4681 ι
353 4629 540 4681 θεῖσαν
562 4621 754 4693 αὐτὴν,
797 4616 1181 4671 ὲκδιώκεται.»

279 4722 341 4775 Εἰ
377 4723 405 4773 ὁ
441 4711 888 4785 κεκληρωμένος,
903 4710 1001 4778 τὴν
1016 4706 1264 4775 γυναῖκα
1340 4701 1505 4757 αὑτοῦ
1564 4719 1786 4774 μοιχευ-

206 4820 395 4871 θεῖσαν
429 4814 505 4885 μὴ
528 4810 807 4872 ἀπολύων,
837 4807 939 4875 τῆς
968 4802 1131 4885 ἀξίας
1193 4800 1575 4871 μετακινεῖται
1604 4813 1620 4830 ’
1672 4796 1790 4861 πῶς

1974 4631 1993 4665 ι
2039 4609 2371 4666 adulterium
2411 4603 2712 4666 commisit,
2749 4600 3063 4671 expellitur.
3105 4615 3125 4649 ι

1968 4703 2027 4759 Si
2062 4703 2153 4759 ille
2178 4701 2271 4773 qui
2298 4701 2353 4756 in
2381 4699 2586 4754 clerum
2614 4702 2903 4766 cooptatus
2933 4705 3039 4756 est,
3069 4704 3294 4746 morem
3320 4700 3476 4746 suam

1894 4796 2256 4851 adulteratam
2313 4805 2424 4846 non
2481 4786 2810 4851 dimittens,
2869 4784 3136 4856 dignitate
3185 4791 3478 4839 movetur:

205 4912 233 4963 6
264 4875 561 4969 λαῖκὸξίοῦ
590 4902 624 4972 ἡ
653 4897 796 4969 γυνὴ
826 4880 1208 4967 μεμοιχευται,
1242 4889 1324 4952 εἰς
1375 4888 1579 4958 κλῆρον
1614 4904 1765 4961 παρα

1893 4886 2175 4957 quomodo
2208 4883 2384 4938 laicus
2426 4880 2585 4951 cujus
2630 4893 2772 4935 uxor
2816 4877 3125 4933 adulterata
3152 4884 3235 4933 est
3272 4876 3328 4931 in
3368 4875 3481 4931 elc-

203 4994 566 5066 δεχθήσεται;
1232 5040 1237 5043 Α

831 5079 1071 5136 ΚΑΝΩΝ
1107 5078 1187 5132 Θθ.

213 5202 234 5239 ι
276 5178 679 5253 Πρεσϐύτερος,
721 5177 818 5231 ἐὰν
856 5168 1306 5246 προημαρτηκὼς
1360 5166 1602 5239 σώματι,
1646 5183 1786 5239 προ-

261 5293 280 5327 σ
312 5273 478 5345 αχθῇ,
499 5273 596 5327 καὶ
617 5269 929 5341 ὁμολογήσῃ
953 5269 1037 5320 ὅτι
1056 5265 1272 5336 ἥμαρτε
1291 5261 1399 5333 πρὸ
1421 5260 1781 5331 χειροτονίας,

275 5387 294 5422 ι
340 5369 417 5438 μὴ
440 5364 805 5439 προσφερέτω
837 5377 852 5391 ⁸
893 5361 1073 5431 μένων
1100 5361 1159 5412 έν
1190 5358 1305 5419 τοῖς
1335 5355 1545 5417 λοιποῖς
1572 5352 1662 5406 διὰ
1687 5351 1787 5424 τὴν

272 5481 292 5515 ι
325 5460 495 5532 ἀλλην
524 5457 785 5528 σπουδήν.
815 5455 898 5508 Τά
929 5454 1038 5524 γὰρ
1054 5451 1219 5506 λοιπὰ
1241 5450 1621 5521 ἁμαρτήματα
1647 5445 1784 5515 ἔφα-

279 5574 300 5609 (
342 5572 443 5609 σαν
464 5553 516 5608 οἱ
548 5551 734 5607 πολλοὶ
772 5549 869 5603 καὶ
896 5548 995 5619 τὴν
1022 5543 1366 5617 χειροθεσίαν
1397 5540 1637 5611 ἀφιέναι.
1658 5538 1784 5591 Ἐἀν

282 5667 303 5701 ι
334 5647 391 5701 δὲ
414 5646 572 5708 αὐτὸς
597 5646 672 5715 μὴ
694 5641 957 5712 ὁμολογῇ,
989 5635 1315 5706 ἐλεγχθῆναι
1341 5632 1398 5686 δὲ
1429 5629 1680 5703 φανερῶς
1706 5628 1783 5702 μὴ

269 5757 292 5794 ι
324 5738 552 5810 δυνηθῇ,
567 5736 653 5792 ἐπ’
677 5734 826 5804 αὑτῴ
842 5731 1038 5800 ἐκείνῳ
1060 5726 1333 5782 ποιεῖσθαι
1357 5721 1774 5797 τὴνὲξουσίαν.»

278 5833 477 5887 ΒΔΛΣ.
532 5829 758 5902 Ἰερεὺς,
795 5824 1101 5898 πορνεύσας
1132 5819 1239 5892 πρδ
1268 5820 1369 5890 τῆς
1415 5815 1777 5890 χειροτονὶαῖ,

1890 4993 2015 5033 rum
2053 4973 2417 5031 admittatur?

2495 5061 2728 5123 CANON
2780 5061 2877 5119 1X.

1895 5185 1914 5221 c
1956 5164 2013 5221 Si
2035 5162 2344 5235 presbyter,
2362 5159 2455 5231 qui
2476 5171 2709 5227 corpore
2724 5156 2879 5225 prius
2898 5159 3237 5225 peccaverat,
3258 5166 3481 5225 promo-

1966 5272 1984 5307 ι
2027 5265 2114 5308 tus
2135 5252 2318 5316 fuerit,
2350 5261 2404 5305 et
2433 5250 2477 5305 si
2498 5258 2625 5302 ante
2642 5246 3042 5301 ordinationem
3074 5258 3330 5315 peccasse
3348 5258 3483 5298 con-

1962 5366 1980 5399 ι
2027 5346 2207 5402 fessus
2241 5342 2523 5407 fuerit,ne
2558 5338 2754 5395 offerat
2784 5358 2798 5393 :
2836 5336 3141 5393 manensin
3164 5337 3311 5402 aliis,
3336 5351 3477 5406 pro-

1965 5457 1984 5491 ι
2011 5448 2129 5511 pter
2148 5435 2297 5492 aliud
2318 5435 2435 5504 ejus
2465 5436 2621 5489 home
2646 5431 2770 5486 vita-
2789 5431 3054 5485 studium.
3080 5427 3309 5499 Reliqua
3328 5426 3475 5482 enim

1966 5552 1984 5586 ι
2025 5539 2251 5603 peccata
2275 5529 2465 5584 dicunt
2484 5526 2636 5580 tnulti
2667 5538 2925 5579 manuum
2955 5520 3305 5594 impositione
3336 5518 3477 5574 tolli.

1965 5643 1983 5678 ι
2014 5623 2169 5692 Quod
2189 5623 2233 5679 si
2250 5621 2368 5692 ipse
2381 5635 2489 5675 non
2503 5615 2849 5682 confiteatur,
2868 5625 3051 5686 aperte
3067 5621 3245 5668 autem
3264 5609 3482 5665 convin.

1965 5735 1984 5768 r
2024 5718 2071 5770 ci
2112 5729 2220 5771 non
2254 5712 2516 5785 potuerit,
2560 5710 2709 5768 illius
2753 5723 2976 5780 quoque
3004 5706 3053 5761 ei
3081 5705 3175 5760 fiat
3205 5711 3477 5775 potestas.

1960 5807 2160 5866 BALS.
2198 5803 2489 5869 Sacerdos,
2517 5802 2610 5873 qui
2642 5808 2769 5859 ante
2803 5796 3209 5856 ordinationem
3240 5791 3481 5849 fornica-
