3990 6482
586 364 719 431 1219

1838 368 2111 431 THECD.
2149 370 2552 435 BALSAMON

3703 383 3831 453 1220

598 476 685 510 ius
724 462 875 520 erat,
917 467 1205 525 peccatum
1237 469 1333 511 sua
1374 464 1570 524 sponte
1613 468 1732 524 post
1769 460 2146 515 ordiuationen

2275 466 2629 536 ὡμολόγησεν
2661 468 2804 523 ἑκὼν
2831 469 2969 540 μετὰ
3017 472 3115 543 τὴν
3155 476 3501 546 χειροτονίαν
3527 477 3630 547 τὴν
3658 481 3833 552 ἁμερ-

584 539 769 602 fasStis
815 553 922 602 est.
963 546 1158 600 Dicunt
1199 562 1329 616 ergo
1376 547 1587 612 Patres,
1634 564 1757 603 eum
1783 590 1798 616 ,
1844 560 1901 603 ut
1933 553 2024 622 qui
2060 568 2157 606 sua

584 647 783 707 Sponte
821 637 1004 693 fassus
1040 638 1137 703 sit,
1174 652 1203 690 a
1240 639 1497 693 sacrificii
1535 641 1753 709 quidem
1789 642 2160 697 celebratione

585 744 829 792 cessare,
865 730 1069 784 habere
1110 740 1291 784 autem
1326 732 1428 785 alia
1463 734 1808 787 sacerdotum
1850 735 2158 805 privilegia,

584 822 796 876 scilicet
828 837 949 876 cum
994 823 1379 877 sacerdotibus
1418 825 1761 890 cathedram,
1793 840 2165 881 sacramentoo‘

581 930 702 968 rum
741 917 795 968 in
825 914 984 967 altari
1022 915 1524 985 participationem,
1556 926 1610 972 et
1638 919 1743 971 alia
1775 920 2023 987 quaedam
2061 935 2075 974 :
2109 929 2165 973 et

584 1007 823 1060 maxime
853 1008 898 1061 si
936 1008 1008 1061 sit
1038 1006 1264 1061 virtutis
1295 1007 1600 1063 studiosus.
1626 1009 1859 1065 Perinde
1885 1020 2066 1064 autem
2099 1026 2164 1067 ac

582 1094 629 1146 si
659 1092 887 1148 dixisset
912 1095 1210 1164 quispiam,
1236 1094 1341 1148 alia
1369 1110 1597 1166 quoque
1625 1105 1844 1166 peccata
1872 1099 2025 1168 sequi
2058 1101 2166 1152 for-

583 1186 878 1242 nicationis
914 1187 1129 1249 vitium,
1164 1201 1519 1250 consensum,
1552 1203 1747 1245 manus
1777 1191 2165 1245 contrectatio-

584 1292 734 1338 nem,
770 1278 982 1340 oscula,
1018 1286 1073 1331 et
1106 1279 1417 1346 lmjusmodi
1451 1280 1591 1343 alia;
1624 1289 1678 1335 et
1705 1281 1774 1336 ab
1811 1281 1880 1337 iis
1909 1283 2161 1353 impediri

582 1383 708 1423 eum
738 1369 829 1436 qui
868 1368 1051 1422 fassus
1080 1379 1186 1431 est,
1217 1385 1284 1424 ne
1314 1370 1510 1423 habeat
1540 1372 1844 1427 sacerdmis
1875 1375 2159 1429 honorem:

581 1460 984 1527 subjunxerunt
1014 1457 1229 1524 Patres,
1263 1462 1417 1530 quod
1454 1462 1710 1529 quoniam
1743 1464 1811 1518 ab
1842 1466 2161 1534 hujusmodi

584 1550 800 1602 delictis
839 1564 945 1602 non
984 1550 1284 1618 impeditur
1312 1552 1607 1621 quispiam,
1646 1555 1939 1623 quominus
1973 1560 2039 1611 ad
2072 1574 2161 1615 sa-

583 1636 891 1687 cerdotium
947 1642 1308 1704 provehatur,
1347 1642 1477 1707 quia
1529 1641 1644 1696 haec
1689 1641 1757 1696 ab
1813 1646 2161 1703 ordinatione

586 1725 874 1779 solvuntur
896 1769 911 1790 ,
962 1741 1069 1780 non
1116 1730 1442 1798 itupedietur
1480 1733 1548 1785 ab
1580 1733 1683 1799 iis,
1725 1736 2022 1802 quominus
2053 1742 2158 1795 alia

585 1815 785 1870 habeat
810 1818 1113 1886 privilegia.
1146 1818 1210 1871 Et
1235 1820 1350 1875 haec
1379 1821 1621 1890 quidem,
1650 1827 1869 1893 quando
1900 1830 2158 1888 sacerdos
2192 1802 2231 1861 Β

584 1920 744 1958 suum
798 1916 1078 1973 peccatum
1127 1911 1420 1966 confessus
1460 1912 1643 1968 fuerit.
1691 1914 1784 1969 Sin
1827 1929 2008 1973 autem
2053 1937 2155 1976 nec

581 1996 867 2052 confessus
901 2013 1001 2051 nec
1041 2004 1551 2068 aperte'couvictus
1586 2006 1772 2072 fuerit,
1810 2010 1959 2064 nullo
1994 2013 2155 2068 modo

575 2085 1003 2142 labefactabitur
1023 2132 1037 2155 ,
1073 2091 1167 2145 sed
1186 2093 1251 2147 εἰη
1288 2093 1407 2161 ejus
1442 2104 1710 2163 potestate
1740 2100 1844 2154 erit
1874 2116 2034 2156 sacra
2066 2119 2158 2159 ce-

576 2178 796 2235 lebrare
826 2182 907 2235 vel
938 2198 1177 2249 cessare,
1219 2195 1379 2259 prout
1413 2189 1461 2242 ei
1495 2205 1594 2243 sua
1623 2191 1846 2246 dictarit
1873 2198 2157 2251 conscien-

575 2272 695 2338 tia;
750 2276 1209 2341 quemadmodum
1265 2280 1312 2335 si
1370 2283 1659 2340 convictus
1712 2286 1910 2354 fuerit,
1961 2290 2158 2346 exinde

573 2363 903 2432 deponetur,
934 2376 987 2421 et
1018 2384 1118 2423 nec
1143 2371 1352 2427 honore
1379 2388 1481 2428 nec
1510 2376 1618 2430 alio
1650 2379 1936 2451 privilegio
1959 2381 2156 2454 dignus

576 2455 890 2511 habebitur.
918 2457 1088 2529 410
1114 2460 1446 2530 Adjecerunt
1477 2478 1657 2522 autem
1692 2468 1881 2527 Patres
1911 2486 2152 2541 apertam

575 2543 998 2614 probationem,
1037 2564 1103 2602 eo
1142 2551 1289 2619 quod
1333 2568 1495 2610 nemo
1535 2557 1876 2626 deponatur,
1918 2564 2021 2617 nisi
2060 2580 2159 2634 per

573 2644 790 2703 apertas
806 2640 1176 2708 probationes,
1202 2644 1415 2699 scilicet
1438 2662 1540 2717 per
1559 2648 1971 2708 aﬂirmationem
1999 2658 2158 2725 quin-

573 2739 680 2792 que
717 2728 939 2783 testium
963 2730 1294 2799 jurantium.
1325 2736 1467 2790 Dicit
1499 2750 1677 2793 autem
1714 2744 1878 2798 etiam
1908 2746 1991 2801 lex
2025 2750 2157 2801 civi-

574 2817 675 2883 lis;
724 2818 917 2875 Melius
964 2833 1050 2877 est
1094 2838 1317 2893 peccata
1360 2830 1596 2899 relinqui
1633 2833 1934 2903 impunita,
1989 2854 2152 2906 quam

568 2906 792 2975 aliquos
824 2911 944 2965 sine
974 2928 1142 2967 causa
1177 2917 1383 2984 puniri.
1422 2918 1565 2991 Lege
1598 2932 1652 2975 et
1683 2940 1947 2980 canonem
1981 2932 2152 2985 sancti

572 2996 785 3064 Basilii,
821 3003 888 3055 27
923 3013 978 3059 et
1012 3009 1284 3063 novellam
1316 3011 1387 3066 29
1427 3014 1633 3068 domini
1668 3014 1869 3073 Leonis
1903 3019 2155 3077 Philoso-

571 3090 690 3159 phi,
720 3102 776 3147 et
808 3110 873 3148 ex
910 3096 1433 3171 interrogationibus
1467 3105 1630 3162 iactis
1663 3111 1714 3162 in
1751 3115 1963 3181 synodo
2001 3116 2147 3169 Con-

567 3188 1051 3255 stantinOpolitana
1074 3192 1577 3263 interpretationem
1622 3209 1895 3272 responsi,
1915 3208 2146 3265 dicentis

566 3274 832 3332 laicorum
874 3282 993 3337 loco
1023 3287 1236 3341 censeri
1265 3302 1392 3355 eos,
1422 3291 1516 3360 qui
1547 3292 1779 3362 depositi
1815 3298 2019 3353 fuerint
2045 3318 2060 3355 :
2094 3310 2148 3355 et

567 3368 657 3423 dic
701 3373 927 3439 paucis,
975 3376 1117 3443 quod
1152 3388 1236 3432 est
1274 3380 1578 3437 ditlerentia
1609 3386 1730 3455 ejus
1764 3390 1855 3459 qui
1901 3395 2147 3460 peccavit

567 3468 695 3515 ante
718 3463 1119 3522 ordinationem
1145 3478 1200 3526 et
1227 3474 1518 3530 confessus
1547 3486 1633 3533 est
1660 3487 1716 3534 et
1748 3480 1866 3546 ejus
1894 3485 1985 3553 qui
2017 3499 2145 3554 pro-

566 3556 688 3616 pter
734 3554 945 3611 crimen
978 3557 1380 3617 condemnatus
1423 3576 1505 3619 est
1551 3578 1676 3637 post
1716 3572 2142 3630 ordinationem.

566 3639 831 3700 Similiter
867 3653 924 3700 et
959 3648 1084 3718 ejus
1118 3652 1209 3719 qui
1246 3653 1350 3708 fuit
1397 3654 1651 3727 digamus
1685 3670 1810 3730 post
1840 3664 2142 3722 ordinatio-

563 3745 711 3799 nem,
756 3743 811 3789 et
861 3737 987 3805 ejus
1032 3742 1122 3795 cui
1173 3746 1541 3803 sacerdotium
1587 3751 1829 3808 ablatum
1881 3767 1985 3811 est.
2036 3757 2142 3827 Qui

562 3823 746 3890 enim,
784 3830 929 3896 quod
963 3840 1090 3886 ante
1130 3836 1528 3893 ordinationem
1597 3845 1907 3912 commisit,
1945 3863 2139 3918 pecca-

566 3922 682 3969 tum
716 3920 1006 3979 confessus
1032 3932 1140 3990 est,
1175 3927 1247 3981 ab
1284 3930 1563 3988 oﬂerendo
1594 3943 1803 3991 tantum
1836 3943 2142 3998 removebi-

566 4015 681 4074 tur,
713 4012 810 4066 sed
844 4015 1177 4073 sacerdotali
1209 4022 1472 4079 cathedra
1505 4026 1705 4096 dignus
1736 4030 2051 4100 habebitur,
2082 4043 2139 4091 et

561 4102 792 4172 reliquis
820 4106 1113 4177 ejusmodi,
1171 4124 1230 4167 ut
1262 4115 1382 4169 vult
1411 4131 1582 4173 canon
1619 4120 1687 4176 89
1720 4126 1893 4179 sancti
1929 4125 2132 4182 Basilii»

560 4193 665 4260 Qui
693 4204 874 4252 autem
906 4204 1200 4258 secundam
1233 4220 1461 4262 uxorem
1498 4208 1677 4277 duxit,
1710 4224 1762 4270 et
1788 4230 1847 4271 se
1874 4230 1941 4271 eo
1970 4219 2135 4275 modo

560 4288 869 4342 sacerdotio
899 4294 1068 4346 movit
1098 4334 1114 4360 ,
1151 4296 1495 4365 ministeriis,
1541 4318 1662 4371 quae
1691 4314 1819 4359 sunt
1859 4316 2014 4362 extra
2044 4323 2133 4364 sa-

556 4390 718 4431 crum
752 4381 1014 4451 tribunal,
1042 4383 1240 4456 dignus
1269 4389 1581 4448 habebitur.
1611 4395 1715 4449 Sed
1746 4398 1837 4467 qui
1872 4406 1955 4454 est
1995 4415 2132 4456 con-
2170 4415 2173 4418 '

553 4466 873 4539 demnatus,
914 4490 983 4529 ne
1012 4477 1128 4530 haec
1156 4480 1377 4549 quidem
1410 4486 1704 4553 exercebit,
1738 4466 1830 4543 sed
1866 4490 1920 4544 in
1960 4491 2130 4546 laico-

555 4573 677 4613 rum
712 4561 891 4617 locum
938 4565 1231 4635 rejicietur.
1268 4568 1412 4642 Lege
1451 4590 1575 4645 syn.
1626 4577 1681 4631 in
1732 4578 1921 4634 Trullo
1956 4596 2128 4637 cano-

553 4666 680 4706 ttem
709 4650 773 4707 21
806 4662 864 4708 et
888 4654 978 4721 9-6,
1010 4667 1063 4712 et
1092 4674 1212 4729 qua:
1241 4672 1369 4717 sunt
1400 4665 1453 4719 in
1486 4669 1642 4736 ipsis.
1674 4669 1745 4724 79
1778 4682 1958 4727 autem
1991 4676 2123 4747 imp.

553 4744 763 4799 domini
795 4744 998 4803 Leonis
1038 4748 1316 4820 Sapientis
1348 4758 1596 4824 novella,
1642 4760 1723 4813 sic
1767 4776 1826 4817 se
1856 4763 2022 4820 habet
2056 4744 2126 4821 ad

555 4831 820 4889 verbum:
853 4834 985 4903 Quae
1014 4837 1125 4895 Deo
1152 4844 1320 4899 semei
1361 4855 1489 4901 sunt
1518 4859 1869 4921 consecrata,
1914 4869 1976 4909 ea
2015 4871 2125 4914 non

550 4934 675 4975 esse
701 4925 996 4981 auferenda
1032 4932 1293 4986 constitui
1325 4943 1572 5003 oportet;
1609 4937 1773 5007 idque
1806 4955 1912 4995 non
1944 4944 2122 4999 solum

554 5009 610 5064 in
656 5012 823 5067 rebus
872 5017 1129 5085 pretiosis
1174 5026 1544 5090 consecratis,
1592 5027 1690 5081 sed
1744 5030 1914 5084 multo
1957 5036 2122 5089 etiam

552 5103 729 5173 magis
774 5106 828 5159 in
882 5107 1236 5177 hominibus,
1283 5115 1478 5184 quibus
1510 5132 1605 5185 per
1650 5119 1970 5176 clericatum
2013 5121 2122 5177 Deo

524 5190 827 5267 _dedicatio
863 5202 1125 5271 accessit;
1157 5206 1398 5271 etiamsi,
1446 5209 1751 5277 cujusmodi
1796 5213 1965 5268 multa
1996 5226 2123 5269 sunt

551 5279 793 5338 humana
813 5287 1031 5358 delicta,
1057 5295 1126 5348 ab
1150 5311 1214 5350 eo
1240 5297 1451 5365 ordine,
1484 5298 1536 5353 in
1568 5317 1696 5371 quo,
1728 5314 1784 5357 ut
1809 5321 1868 5360 se
1892 5306 2120 5364 honeste

544 5380 915 5452 prwclareque
938 5400 1209 5457 gererent,
1235 5390 1391 5445 electi
1420 5403 1571 5457 sunt,
1595 5398 1936 5465 tyrannidem
1965 5417 2119 5456 exer-

546 5484 679 5524 cens
727 5488 821 5528 eos
870 5491 1155 5547 precatum
1200 5484 1522 5540 detruserit.
1556 5485 1769 5546 Veteris
1812 5493 1996 5562 itaque
2044 5494 2120 5548 le-

543 5563 818 5632 gislatoris
846 5570 1151 5629 institutum
1189 5592 1297 5631 non
1331 5580 1695 5649 admittimus,
1731 5584 1823 5653 qui
1856 5586 1969 5640 vult
1994 5603 2118 5657 pre-

546 5656 818 5724 sbyterum
845 5665 927 5718 vel
957 5666 1247 5722 diaconum
1281 5671 1361 5723 vel
1389 5673 1810 5743 subdiaconum,
1835 5680 1929 5748 qui
1962 5690 2116 5748 post-

546 5760 707 5813 quam
736 5752 785 5807 ei
816 5769 1013 5813 manus
1040 5770 1119 5816 est
1143 5760 1416 5831 imposita,
1435 5780 1560 5821 cum
1584 5769 1808 5825 muliere
1833 5770 2117 5843 conjungi-

2267 559 2412 614 τίαν.
2444 560 2616 613 Φασὶν
2648 560 2743 614 οὖν
2761 564 2809 615 οξ
2838 564 3082 633 Πατέρες
3118 568 3210 618 τὸν
3248 567 3494 621 τοιοῦτον
3548 570 3626 631 ὡς
3684 572 3837 624 αὑτο-

2264 650 2433 709 θελῶε
2483 653 3029 725 ὲξομολογησὰμενον
3060 656 3161 725 τῆς
3192 658 3292 727 μὲν
3357 660 3676 731 ἱερουργίας
3710 681 3839 717 παυ-

2266 744 2448 813 θῆναι,
2480 744 2629 815 ἔχειν
2649 746 2705 799 δὲ
2730 745 2895 800 τᾶλλα
2912 749 3187 817 προνόμια
3219 750 3328 804 τῶν
3360 751 3574 821 ἱερέων,
3600 753 3840 823 δηλονότι

2263 837 2362 907 τὴν
2394 840 2533 907 μετὰ
2578 837 2688 890 τῶν
2720 840 2913 909 ἱερέων
2949 840 3246 913 καθέδραν,
3301 844 3403 913 τὴν
3456 844 3516 898 ἐν
3554 846 3632 916 τῷ
3658 845 3841 900 θυσια-

2267 932 2476 1002 στηρίῳ
2527 932 2637 985 τῶν
2705 933 3067 1005 ἁγιασμάτων
3132 936 3461 1007 μετάληψιν,
3528 939 3627 991 καὶ
3684 938 3841 1011 ἕτερά

2262 1039 2409 1087 τινα,
2445 1024 2537 1077 καὶ
2608 1025 2846 1095 μάλιστα
2900 1028 2996 1080 ἐὰν
3082 1028 3221 1099 πρὸς
3268 1029 3472 1102 ἀρετὴν
3555 1032 3839 1097 σπουδαῖός

2266 1116 2433 1171 ἐστιν.
2468 1118 2562 1182 Ὣς
2611 1137 2756 1181 τινος
2787 1118 2845 1172 δὲ
2891 1119 3137 1183 εἰπόντος
3202 1122 3597 1176 ἐπακολουθεῖν
3629 1123 3709 1194 τῷ
3741 1126 3836 1178 πά-

2268 1208 2349 1262 θει
2377 1209 2483 1278 τῆς
2518 1211 2777 1282 πορνείας
2804 1213 2897 1265 καὶ
2948 1212 3084 1266 ἄλλα
3110 1216 3231 1266 τινὰ
3271 1215 3677 1285 ἁμαρτήματα,
3711 1234 3832 1285 συγο

2263 1300 2580 1365 κατάθεσιν,
2634 1304 2779 1372 ἁφὴν
2834 1304 3040 1374 χειρὸς,
3077 1304 3383 1375 φιλήματα,
3443 1306 3540 1358 καὶ
3589 1307 3832 1373 τοιαῦτα,

2266 1394 2359 1446 καὶ
2388 1395 2498 1447 ἀπὸ
2517 1395 2721 1449 τούτων
2745 1396 3138 1466 ἐμποδίζεσθαι
3171 1401 3265 1452 τὸν
3311 1400 3643 1470 ἑξομολογού
3654 1417 3837 1469 μενον,

2262 1483 2403 1538 ὥστε
2445 1486 2589 1555 ἔχειν
2610 1488 2777 1559 τιμὴν
2804 1491 3013 1560 ἱερέως,
3047 1492 3328 1558 ἐπήγαγον
3354 1494 3402 1546 οἱ
3478 1494 3727 1563 Πατὲρες
3745 1495 3834 1557 ὥς,

2261 1578 2384 1629 ἐπεὶ
2408 1579 2515 1629 ἀπὸ
2539 1581 2801 1632 τοιούτων
2861 1581 3284 1650 ἁμαρτημάτων
3333 1584 3432 1637 οὐκ
3484 1585 3838 1654 ἐμποδίζεταί

2260 1685 2343 1730 τις
2376 1670 2455 1734 είς
2480 1672 2781 1742 ἱερωσύνην
2816 1673 3380 1744 προαναὸιδασθῆναι,
3411 1676 3497 1730 διὰ
3532 1679 3593 1730 τὸ
3617 1678 3838 1733 λύεσθαι

2260 1761 2435 1814 ταῦτα
2476 1764 2581 1815 ὑπὸ
2606 1763 2708 1831 τῆς
2740 1766 3096 1834 χειροτονίας,
3125 1768 3186 1818 οὐ
3243 1768 3623 1838 κωλυθήσεται
3658 1772 3721 1838 ἐξ
3749 1778 3838 1825 αὐο

2260 1853 2368 1907 τῶν
2394 1854 2539 1924 ἔχειν
2565 1860 2633 1907 τὰ
2662 1856 2795 1908 ἄλλα
2832 1861 3134 1926 προνόμια.
3162 1859 3271 1911 Καὶ
3297 1844 3476 1915 ταῦτα
3546 1865 3671 1932 μὲν,
3714 1867 3839 1918 ὅταν

2264 1944 2498 2013 δίερεὺς
2581 1948 3048 2021 ἐξομολογήσηται
3126 1953 3185 2004 τὸ
3227 1953 3566 2027 ἁμάρτημα’
3633 1956 3737 2008 ἐὰν
3787 1958 3837 2008 ἃ

2261 2036 2402 2105 μήτε
2428 2038 2745 2113 ὁμολογήσῃ
2771 2044 2907 2120 μήτε
2930 2045 3161 2118 ἐλεγχθῇ
3196 2049 3464 2120 φανερῶς,
3488 2048 3838 2104 οὗδεπωσοῦν

2261 2133 2818 2204 παρασαλευθήσεται
2846 2155 2858 2167 ο
2884 2118 3020 2192 ἆ).λά
3054 2141 3188 2204 παρ’
3209 2118 3380 2213 ἀετῷ
3409 2142 3662 2194 κείσεται
3694 2141 3837 2205 ἐξου-

2260 2223 2349 2273 σία
2386 2224 2479 2277 τοῦ
2506 2228 2879 2301 ἱερουργεῖνῆ
2930 2231 3243 2286 παύσασθαι
3312 2234 3451 2303 πρὸς
3498 2233 3561 2286 τὸ
3636 2235 3838 2286 οἰκεῖον

2260 2316 2500 2381 συνειδὸς
2525 2334 2540 2348 ’
2576 2318 2769 2390 ὥσπερ
2801 2323 2895 2375 ἐὰν
2928 2325 3186 2395 ἐλεγχθῇ,
3233 2326 3575 2380 ἀπεντεῦθεν
3638 2326 3835 2381 καθαιο

2260 2406 2690 2480 ρεθήσερται,καὶ
2714 2413 2834 2465 οὐδὲ
2852 2416 3064 2489 τι.μῆςῆ
3110 2418 3271 2471 ἄλλου
3325 2420 3634 2491 προνομίου
3677 2420 3835 2485 ἀξιω-

2260 2498 2509 2568 θήσεται.
2554 2503 2886 2572 Προσέθεντο
2939 2504 3085 2561 δὲοὶ
3137 2508 3378 2578 Πατέρες
3426 2509 3520 2562 τὸν
3599 2510 3832 2579 φανερὸν

2258 2590 2503 2662 ἔλεγχον,
2537 2594 2625 2647 διὰ
2652 2596 2712 2648 τὸ
2747 2597 2956 2667 μηδένα
2982 2602 3369 2665 καθαιρεῖσθαι
3401 2602 3451 2656 εί
3500 2601 3580 2675 μὴ
3618 2602 3711 2657 διὰ
3738 2619 3831 2671 φα-

2256 2683 2431 2751 νερῶν
2458 2685 2813 2752 ἀποδείξεων,
2880 2692 3002 2760 ἦτοι
3056 2693 3145 2748 διὰ
3197 2696 3554 2761 καταθέσεως
3628 2700 3829 2767 μαρτύ-

2260 2790 2370 2843 ρων
2435 2777 2598 2830 πέντε
2662 2780 2999 2850 ὀμνυόντων.
3077 2787 3215 2856 Φησὶ
3278 2789 3334 2841 δὲ
3386 2790 3481 2842 καὶ
3540 2790 3571 2843 ὁ
3627 2791 3828 2859 νόμοςο

2261 2868 2530 2939 Κρεῖττόν
2560 2873 2677 2925 ἐστι
2709 2874 2779 2925 τὰ
2804 2875 3179 2949 ἁμαρτήματα
3193 2882 3526 2952 ἁνεκδίκητα
3561 2885 3829 2951 καταλιμ·

2258 2960 2548 3025 πάνεσθαι,
2583 2965 2800 3035 ῆτινας
2823 2970 3099 3033 ἀναιτίους
3136 2973 3482 3037 κολάζεσθαι.
3528 2976 3825 3043 Ἀνὰγνωθι

2256 3052 2467 3106 καὶτὸν
2525 3058 2605 3121 κζ’
2637 3060 2837 3113 κανόνα
2870 3063 2963 3115 τοῦ
3004 3064 3164 3131 ἁγίου
3245 3064 3531 3121 Βασιλείου
3581 3069 3680 3121 καὶ
3732 3071 3824 3138 τὴν

2175 3158 2216 3216 ο
2254 3139 2327 3195 οθ’
2348 3148 2545 3215 νεαρὰν
2572 3148 2666 3200 τοῦ
2702 3149 2965 3219 βασιλέως
2992 3155 3184 3225 κυρίου
3234 3158 3461 3222 Λέοντος
3526 3160 3626 3214 τοῦ
3679 3162 3823 3214 Φιλο-

2257 3235 2443 3302 σόφου,
2471 3237 2568 3290 καὶ
2602 3240 2708 3292 ἀπὸ
2752 3241 2860 3295 τῶν
2900 3247 3204 3313 γεγονυιῶν
3273 3250 3604 3320 ἐρωτήσεων
3625 3254 3705 3315 είς
3730 3255 3820 3321 τὴν

2250 3324 2550 3396 ἑρμηνείαν
2576 3330 2671 3400 τῆς
2713 3333 3086 3404 ἀποκρίσεως,
3116 3338 3217 3408 τῆς
3266 3339 3535 3413 λεγούσης
3594 3345 3677 3407 είς
3734 3348 3819 3397 τὶν

2248 3422 2413 3472 τόπον
2436 3422 2726 3477 τάττεσθαι
2778 3427 2884 3480 τῶν
2930 3428 3136 3483 λαῖκῶν
3182 3431 3311 3496 τοὺς
3344 3435 3773 3506 καθαιρεθέντας
3800 3452 3816 3471 ⁸

2250 3512 2347 3562 καὶ
2388 3516 2718 3584 συναγαγὼν
2758 3520 2880 3572 είπὲ
2905 3521 2984 3573 ὅτι
3018 3522 3256 3594 διαφορά
3289 3526 3408 3579 ἐστι
3452 3527 3552 3580 τοῦ
3589 3530 3696 3600 πρὸ
3724 3531 3817 3599 τῆς

2250 3605 2592 3669 χειροτονίας
2659 3607 3044 3679 ἡμαρτηκότος
3107 3614 3202 3667 καὶ
3248 3613 3809 3689 ὲξομολογησαμένου.

2244 3694 2338 3744 καὶ
2377 3693 2469 3747 τοῦ
2496 3699 2993 3766 καταδικασθέντος
3072 3704 3163 3760 διὰ
3211 3706 3468 3780 ἔγκλημα
3529 3714 3672 3783 μετὰ
3717 3716 3812 3780 τὴν

2240 3787 2578 3854 χειροτονίαν
2607 3802 2624 3818 '
2674 3789 2933 3856 ὡσαύτως
2964 3796 3057 3848 καὶ
3098 3797 3193 3850 τοῦ
3228 3800 3633 3872 διγαμήσαντος
3678 3807 3809 3870 μετὰ

2240 3874 2344 3944 τὴν
2378 3880 2741 3948 χειροτονίαν,
2776 3887 2869 3937 καὶ
2900 3888 3293 3959 ἀφαιρεθέντος
3321 3894 3420 3962 τὴν
3489 3896 3804 3967 ἱερωσύνην.

2250 3967 2309 4021 Ὀ
2339 3971 2437 4037 μὲν
2471 3972 2580 4042 γὰρ
2614 3975 3152 4050 ἐξομολογησάμενος
3188 3983 3287 4054 τὴν
3332 3987 3437 4055 πρὸ
3466 3987 3571 4057 τῆς
3629 4007 3805 4058 χείρω

2235 4062 2420 4125 τονίας
2445 4064 2725 4135 ἁμαρτίαν
2771 4070 2937 4137 μόνου
2968 4072 3072 4125 τοῦ
3101 4078 3434 4146 προσφέρειν
3480 4082 3805 4149 στερηθήσεσ

2235 4168 2325 4204 ται
2355 4168 2371 4184 ο
2397 4154 2671 4227 καθέδρας
2687 4158 2745 4211 δὲ
2788 4161 3072 4234 ἱερατικῆς
3090 4165 3459 4236 ἀξιωθήσεται
3484 4172 3580 4223 καὶ
3601 4172 3803 4225 λοιπῶν

2233 4243 2516 4311 τοιούτων,
2561 4252 2700 4301 κατὰ
2727 4253 2819 4303 τὸν
2850 4251 2938 4306 πθ¹
2956 4256 3154 4309 κανόνα
3179 4259 3273 4311 τοῦ
3306 4260 3465 4328 ἁγίου
3502 4262 3799 4320 Βασιλείαν.

2242 4329 2304 4384 Ὅ
2343 4335 2400 4386 δὲ
2479 4337 2811 4410 διγαμήσας,
2862 4346 2957 4399 καὶ
3021 4349 3212 4401 ἑαυτὸν
3275 4358 3709 4423 τοιουτοτρόπως
3743 4361 3800 4412 ἐκ

2233 4423 2336 4493 τῆς
2367 4426 2669 4499 ἱερωσύνης
2707 4438 3107 4507 μετακινήσας,
3145 4443 3251 4493 τῶν
3290 4442 3394 4509 ἔξω
3431 4446 3527 4499 τοῦ
3561 4448 3801 4520 gntum;

2161 4530 2204 4587 ι)
2231 4514 2515 4571 διακονιῶν
2541 4521 2927 4595 ἀξιωθήσεται.
2991 4529 3049 4583 Ὀ
3108 4532 3171 4585 δὲ
3201 4514 3649 4603 καταδικασθεὶς-
3682 4544 3797 4595 οῦδὲ

2229 4607 2401 4658 ταῦτα
2425 4610 2731 4681 ἐνεργήσει,
2768 4615 2885 4669 ἀλλ’
2932 4619 3015 4682 είς
3072 4623 3163 4674 τὸν
3210 4624 3374 4679 τόπον
3420 4629 3529 4681 τῶν
3598 4630 3795 4687 λαῐκῶν

2232 4696 2551 4767 ῥιφήσεται,
2593 4704 2896 4773 ’Λνάγνωθι
2923 4718 3018 4764 καὶ
3050 4714 3151 4783 τῆς
3177 4716 3235 4768 ἐν
3257 4717 3332 4787 τῷ
3355 4719 3620 4791 Τρούλλῳ
3676 4743 3794 4777 συνο

2236 4785 2361 4839 όδου
2388 4790 2592 4844 κανόνα
2620 4794 2708 4847 κα¹
2728 4799 2823 4850 καὶ
2862 4800 2929 4852 τὰ
2957 4802 3014 4855 ὲν
3042 4805 3246 4868 αὐτοῖς.
3304 4785 3375 4859 »Ἡ
3404 4785 3463 4862 δὲ
3510 4785 3601 4864 00"
3635 4817 3794 4883 νεσρέι

2228 4877 2323 4930 τοῦ
2352 4879 2623 4949 βασιλέως
2646 4891 2817 4958 κυροῦ
2851 4892 3082 4959 Λέοντος
3120 4898 3212 4949 τοῦ
3242 4899 3416 4968 Σοφοῦ
3474 4903 3592 4973 ἔχει
3659 4877 3791 4959 κατὰ

2229 4965 2383 5035 ῥῆμα
2418 4969 2591 5036 οὕτως
2626 4990 2641 5005 ο
2680 4975 2759 5029 Τὰ
2790 4978 2939 5045 ἅπαξ
2965 4965 3366 5057 ἀνατεθειμένά
3388 4991 3466 5060 τῷ
3666 4998 3791 5049 ἀνι-

2230 5059 2465 5128 φαίρετα
2496 5063 2604 5117 δεῖν
2637 5064 2781 5122 εἶναι
2811 5072 3199 5142 καθίστασθαι,
3228 5082 3503 5136 καὶτοῦτο
3540 5088 3601 5138 οὐ
3637 5089 3791 5156 μόνον

2222 5149 2316 5202 ἐπὶ
2341 5156 2642 5224 κειμηλίων
2669 5162 3080 5233 ἀνιερωμένων,
3103 5170 3241 5225 ἀλλὰ
3271 5173 3406 5228 πολὺ
3449 5149 3658 5244 μᾶλλον
3706 5181 3789 5231 ἐπ’

2224 5244 2556 5316 ἀνθρώπων,
2581 5247 2661 5317 οἷς
2690 5255 2778 5307 διὰ
2801 5258 2900 5310 τοῦ
2932 5260 3138 5332 κλήρου
3193 5268 3565 5337 προσγένηται
3598 5272 3632 5341 ἡ
3663 5274 3788 5340 πρὶς

2220 5335 2282 5389 τὸ
2353 5337 2497 5392 θεῖον
2531 5344 2808 5411 ἀνάθεσις.
2851 5350 3086 5417 κᾶν,οἷα
3142 5358 3307 5410 πολλὰ
3352 5360 3421 5412 τὰ
3480 5361 3789 5432 ἀνθρώπεια

2222 5431 2562 5502 πταίσματα,
2591 5437 2693 5504 τῆς
2724 5441 2934 5506 τάξεως
2960 5448 3019 5498 ὲν
3144 5450 3473 5519 διαπρέπειν
3526 5431 3789 5522 κατεκληο

2221 5520 2501 5591 ρὼθησαν,
2540 5528 2571 5596 ἡ
2607 5530 2871 5599 τύραννος
2926 5538 3125 5597 αὐτοὺς
3160 5542 3491 5612 ἑξωθήσειεν
3523 5520 3780 5617 ἁμαρτία.

2224 5614 2338 5665 Οὐκ
2364 5617 2758 5689 ἀποδεχόμενοι
2782 5624 2875 5678 οὖν
2902 5629 3001 5696 τῆς
3032 5633 3410 5702 προαιρέσεως
3428 5636 3522 5690 τὸν
3560 5614 3783 5690 παλαιὸν

2218 5705 2610 5777 νομοθέτην,ὃς
2660 5713 2913 5782 βούλεται
2958 5723 3328 5793 πρεσϐύτερον
3394 5726 3426 5795 ἢ
3484 5728 3782 5798 διάκονονῆ

2221 5795 2596 5869 ὑποδιάκονον,
2638 5807 2778 5873 μετὰ
2811 5810 2909 5880 τὴν
2942 5812 3028 5865 ἐπ’
3067 5816 3217 5887 αὐτῷ
3253 5818 3605 5889 χειροθεσίαν
3632 5838 3786 5875 συναο
