3990 6482
291 304 421 369 1ἕῖ21

1356 308 1436 368 ΙΝ
1477 306 1640 369 CAN.
1676 307 1727 367 Χ
1763 304 1976 368 CONC.
2014 305 2449 369 NEOCIESAR.

3412 290 3549 373 12429;

282 424 561 494 πτόμενον
604 425 847 494 γαμετῇ,
874 422 1156 487 παντελῶς
1179 424 1423 476 τοιούτου
1479 414 1849 489 ὑπεξίστασθαι

1978 435 2087 490 tur,
2125 425 2192 478 ab
2239 440 2301 479 co
2352 425 2538 480 habitu
2586 423 2829 479 omnino‘
2850 423 3122 488 excidere.
3167 431 3221 478 et
3263 424 3330 479 ad
3380 425 3544 479 vitam

283 516 592 587 σχήματος,
620 517 712 567 καὶ
758 514 897 585 πρὸς
927 515 1017 568 τὸν
1058 515 1248 568 λαῖκὸν
1311 514 1428 588 βίον
1519 518 1862 586 ἐπαναστρέ-

285 609 515 674 φεσθαι,
551 607 873 678 ἀκυροῦμεν
921 611 979 662 τι
1003 610 1201 679 δόγμα.
1240 610 1591 680 Θεσπίζομεν
1631 609 1685 661 δὲ
1711 611 1868 679 μόνον

280 702 350 769 τῇ
385 699 735 769 ὑποχωρήσει
772 700 870 768 τῆς
900 699 1105 764 τάξεως
1139 699 1223 766 ἐφ’
1283 692 1316 772 ᾖ
1375 699 1479 769 πρὸ
1533 696 1628 750 τοῦ
1686 701 1866 767 γάμου

280 792 671 859 ἐγνωρίζοντο,
706 791 995 861 ἀρκεῖσθαι
1026 792 1123 861 τὴν
1150 791 1306 861 δίκην
1370 792 1553 853 αὐτοῖς
1595 807 1608 820 ο
1661 788 1753 842 τοῦ
1812 788 1869 843 δὲ

283 883 553 954 κληρικοῦ
588 884 878 953 σχήματος
929 884 1021 936 καὶ
1068 884 1169 953 τῆς
1205 886 1371 955 ἄλλης
1403 887 1458 938 ἐν
1483 887 1603 946 ταῖς
1669 884 1869 954 ἐκκλη-

284 975 432 1038 σίαις
468 975 795 1045 ὑπηρεσίας,
828 969 893 1045 ἦς
930 976 1273 1043 ἐφάπτεσθαι
1306 981 1404 1029 οὐκ
1467 968 1746 1045 ἀθέμιτον,
1790 978 1865 1048 μὴ

284 1067 611 1119 παντάπασι
648 1066 745 1136 τὴν
778 1066 1136 1139 ἀλλοτρίωσιν
1174 1068 1656 1133 καταδικάζεσθαι.

351 1160 600 1214 ΖΩΝΑΡ.
654 1160 783 1213 Ἐάν
817 1177 901 1222 τις
931 1161 1038 1231 πρὸ
1066 1162 1164 1231 τῆς
1192 1163 1276 1224 είς
1330 1163 1635 1234 ἱερωσύνην
1683 1182 1864 1236 χειρο-

285 1253 471 1314 τονίσς
499 1252 722 1324 ἁμάρτῃ
751 1253 989 1322 σώματι,
1018 1255 1190 1325 ῆγουν
1219 1255 1383 1326 μέχρι
1416 1257 1618 1326 μίξεως
1677 1274 1866 1328 σπιρκι⁴

282 1345 389 1414 κῆς
420 1344 573 1416 ἔλθῃ.
630 1340 749 1398 εἶτα
799 1347 1070 1419 προαχθῇ,
1140 1349 1268 1403 ἀντὶ
1322 1348 1436 1416 τοῦ,
1498 1351 1866 1422 πρεσϐύτερος

282 1435 671 1505 χειροτονηθῇ,
702 1436 796 1489 καὶ
830 1437 975 1508 μετά
1016 1439 1113 1509 τὴν
1168 1443 1511 1511 χειροτονίαν
1554 1442 1867 1514 ὁμολογήσῃ

281 1526 385 1596 τὴν
418 1527 729 1597 ἁμαρτίαν,
762 1530 1101 1603 προσφέρειν
1178 1531 1277 1602 μὲν
1341 1533 1399 1585 ού
1474 1536 1861 1604 συγχωρεῖται,

283 1620 566 1674 τουτέστιν
630 1621 940 1692 ἱερουργεῖν
979 1637 992 1651 ⁸
1062 1627 1214 1693 μενεῖ
1243 1624 1299 1678 δὲ
1336 1626 1393 1677 ἐν
1466 1627 1580 1689 τοῖς
1662 1626 1862 1692 ἄλλοις,

279 1714 568 1766 τουτέστιν
606 1716 664 1767 ἐν
691 1717 755 1784 τῇ
789 1717 921 1785 τιμῇ
950 1714 1064 1768 τῶν
1101 1716 1314 1786 ἱερέων,
1358 1718 1418 1770 ἐν
1465 1721 1534 1789 τῇ
1594 1718 1866 1789 καθέδρᾳ,

281 1805 381 1860 καὶ
422 1806 479 1858 ἐν
505 1806 584 1876 τῷ
619 1805 998 1879 θυσιαστηρίῳ
1059 1808 1167 1861 τῶν
1216 1809 1578 1880 ἀγιασμάτων
1630 1812 1868 1884 μεταλή-

280 1898 469 1966 ψεται,
501 1896 596 1951 καὶ
626 1898 762 1952 ἄλλα
799 1898 913 1965 ἕξει
939 1900 1210 1971 προνόμια
1254 1900 1340 1955 διὰ
1374 1902 1471 1974 τὴν
1503 1890 1668 1975 ἄλλην
1697 1922 1867 1960 σπου-

278 1990 381 2060 δὴν
406 1991 723 2054 σπουδαῖος.
774 1978 1178 2062 Ἀμαρτήματα
1215 1993 1322 2064 γὰρ
1376 1995 1444 2049 τὰ
1523 1996 1752 2063 ἐλάττω,
1798 1998 1866 2053 τὰ

281 2082 424 2153 πρὸς
483 2083 582 2151 τῆς
613 2084 812 2153 μίξεως
858 2084 1081 2155 δηλαδὴ,
1112 2082 1228 2139 οἷον
1250 2085 1349 2158 τὴν
1436 2088 1863 2157 συγκατάθεσιν,

278 2176 342 2227 τὸ
375 2174 616 2243 ἅψασθαι
650 2178 796 2246 χειρὶ
845 2177 1130 2244 γυναικὸς,
1198 2179 1259 2231 τὸ
1316 2177 1483 2250 μέχρι
1556 2179 1865 2250 φιλήματος

279 2264 597 2333 προελθεῖν,
629 2267 661 2334 ἡ
694 2265 1009 2335 χειροθεσίά
1042 2265 1179 2333 λύει,
1207 2266 1367 2335 φησί.
1401 2267 1513 2320 Καὶ
1557 2267 1678 2321 οὐδὲ
1708 2268 1865 2320 τοῦτο

278 2355 360 2419 ὠς
386 2356 815 2427 ὁμολογούμενον
834 2354 981 2421 εἶπε,
1008 2358 1146 2411 ἀλλά
1171 2357 1615 2427 κεκολασμένως,
1634 2359 1861 2427 ἔφασαν,

276 2444 471 2509 εἰπὼν,
504 2449 550 2501 οἱ
583 2448 791 2511 πολλοὶ,
817 2449 939 2502 ἀντὶ
972 2448 1091 2513 τοῦ,
1119 2448 1192 2512 ὡς
1220 2449 1370 2519 πχρά
1408 2466 1567 2502 τινων
1616 2448 1861 2517 λέγεται.

277 2537 348 2590 El
386 2539 485 2608 μὲν
511 2538 609 2592 οὖν
659 2540 822 2604 αὐτὸς
872 2541 1126 2609 ὁμολογεῖ
1160 2541 1218 2592 τὸ
1246 2543 1572 2611 ἁμάρτημα,
1598 2542 1667 2593 τὰ
1704 2543 1861 2611 εἰρη-

278 2630 420 2699 μένα
449 2632 740 2703 γενήσεται
778 2649 789 2660 ·
813 2632 862 2685 εἱ
894 2631 949 2684 δὲ
978 2631 1077 2703 οὐχ
1114 2632 1370 2703 ὁμολογεῖ
1398 2632 1521 2685 οὔτε
1567 2632 1863 2703 προφανῶς

277 2724 583 2794 ἐλέγχοιτο,
665 2725 786 2779 τότε
821 2724 929 2795 χρὴ
960 2726 1057 2796 τὴν
1093 2725 1344 2791 ἐξουσίαν
1366 2726 1456 2777 τοῦ
1494 2727 1799 2793 ἱερουργεῖν
1832 2723 1864 2794 ἢ

278 2816 603 2873 παύσασθαι
661 2821 870 2872 ἐκεῖνον
899 2819 1065 2889 ἔχειν,
1093 2819 1206 2879 ἵνα,
1240 2819 1287 2869 εἱ
1321 2817 1562 2869 σύνοιδεν
1592 2817 1771 2887 ἐαυτῷ
1802 2819 1862 2871 τὸ

278 2912 609 2982 ἁμάρτημα,
643 2911 935 2981 παύσηται
991 2910 1089 2979 τῆς
1140 2910 1485 2979 λειτουργίας
1530 2927 1543 2941 ·
1606 2913 1861 2980 κρεῖσσον

275 3003 409 3069 γὰρ,
458 3002 589 3071 φησί
626 3019 729 3055 που
761 3003 995 3072 ὁνόμος,
1051 3001 1117 3054 τά
1166 3002 1541 3071 ἁμαρτήματα
1590 3002 1859 3073 καταλιμ-

278 3095 546 3148 πάνεσθαι
575 3094 919 3165 ἀνεκδίκητα,
954 3094 987 3165 ἦ
1024 3110 1176 3156 τινας
1228 3093 1481 3154 ἀναιτίως
1515 3091 1869 3157 καλάζεσθαι.

1971 520 2166 573 laicam
2212 519 2392 572 redire
2432 535 2445 572 :
2492 526 2541 572 et
2575 518 2852 573 decretum
2892 517 3254 572 infirniainus.
3294 517 3551 572 Decerni-

1972 630 2096 668 mus
2132 620 2312 665 autem
2350 611 2526 667 solum
2563 622 2615 665 ιιι
2646 612 2856 666 ordinis
2889 614 3163 677 ccssione,
3199 610 3253 665 in
3282 626 3390 680 quo
3421 620 3549 667 ante

1970 702 2381 758 matrimonium
2431 697 2899 771 cogno'Srehatur,
2952 704 3202 773 Supplicii
3257 704 3391 756 satis
3434 703 3544 758 sit:

1969 796 2157 851 clerici
2191 803 2372 847 autem
2422 791 2676 858 habitus,
2727 804 2778 848 et
2815 796 2961 849 alius
3005 797 3058 849 in
3099 796 3346 850 ecclesiis
3384 795 3547 849 ruini-

1970 887 2153 951 Sicrii,
2204 886 2346 953 quod
2397 886 2548 939 nefas
2595 888 2699 940 non
2750 897 2834 940 cst
2876 889 3172 959 attingere,
3218 890 3546 946 alienatione

1968 995 2078 1033 non
2106 977 2328 1031 omnino
2359 978 2773 1033 corulernnetur.

2042 1161 2298 1220 ZONAR.
2326 1162 2404 1228 Si,
2440 1178 2761 1234 priusquam
2795 1164 2966 1217 sacris
2994 1163 3277 1230 ordinibus
3304 1165 3547 1218 initiare-

1971 1266 2078 1323 tur,
2113 1271 2347 1326 corpore
2380 1256 2652 1326 quispiam
2689 1259 3015 1325 peccaverit,
3050 1258 3151 1310 hoc
3182 1265 3284 1321 est,
3318 1258 3384 1310 ad
3421 1256 3545 1312 libi-

1967 1349 2219 1403 dinosam
2254 1363 2425 1418 usque
2471 1363 2758 1417 corporum
2801 1349 3236 1404 commistionem
3290 1364 3544 1421 progres-

1970 1458 2064 1497 sus
2107 1442 2274 1495 fuerit
2299 1482 2312 1507 ,
2348 1440 2546 1495 deinde
2585 1456 2716 1495 vero
2753 1440 3054 1496 admissum
3085 1441 3292 1495 crimen
3324 1456 3545 1511 promo-

1971 1548 2080 1600 tus,
2118 1536 2220 1590 hoc
2254 1544 2356 1599 est,
2390 1535 2478 1588 ubi
2521 1535 2781 1589 Sacerdos
2805 1546 3020 1589 creatus
3055 1533 3251 1598 fuerit,
3283 1532 3544 1588 conti'tea.

1970 1640 2092 1694 tur,
2154 1627 2387 1693 oﬂ‘erre,
2453 1628 2555 1683 hoc
2613 1637 2729 1692 est,
2779 1642 2933 1683 sacra
2997 1627 3275 1681 celebrare
3335 1624 3540 1678 homini

1972 1734 2317 1789 nequaquam
2360 1719 2587 1775 licebit:
2636 1731 2889 1773 cancrum
2927 1718 3066 1785 alia,
3109 1718 3317 1772 scilicet
3357 1731 3543 1770 sacer—

1970 1812 2156 1871 dotum
2196 1812 2457 1866 honorem
2486 1852 2501 1877 ,
2550 1810 2825 1865 eathcdrm
2862 1811 3310 1881 praerogativam,
3343 1809 3544 1880 jusque

1969 1912 2228 1977 praeterea
2280 1904 2331 1955 in
2376 1902 2534 1956 altari
2581 1901 3042 1963 connnunicandi,
3077 1900 3350 1963 retinebit,
3393 1899 3545 1952 aliis-

1969 2010 2073 2064 que
2125 1994 2196 2050 οὶ)
2244 1993 2379 2047 alias
2426 1994 2690 2060 virtutes,
2720 1994 2763 2047 si
2798 1993 3055 2047 nimirum
3084 1992 3205 2045 vitae
3239 1990 3448 2061 integer
3478 2004 3542 2045 ac

1966 2086 2185 2141 virtutis
2224 2084 2544 2141 exercendae
2589 2086 2866 2140 studiosus
2899 2086 2998 2147 sit,
3034 2083 3328 2154 privilegiis
3373 2083 3543 2137 coho-

1967 2179 2299 2234 nestabitur.
2364 2177 2499 2231 Nam
2558 2179 2766 2248 reliqua
2827 2179 3041 2232 minora
3094 2166 3367 2240 erimina,
3420 2190 3545 2245 qme

1966 2268 2683 2347 videlicet.eonjunctioncm
2706 2283 2995 2339 corporum
3017 2266 3543 2335 comit:mtur,quale

1965 2374 2050 2417 est
2082 2361 2314 2416 facinori
2350 2359 2639 2427 assentiri,
2676 2368 3016 2416 contrectare
3057 2376 3219 2415 manu
3260 2360 3539 2425 feminam,

1964 2453 2214 2508 osculum
2272 2468 2491 2521 quoque
2550 2452 2723 2506 eidem
2784 2450 3078 2521 impertiri,
3149 2450 3292 2513 hare,
3342 2449 3543 2519 inquit,

1968 2561 2229 2600 manuum
2276 2544 2624 2614 impositioue
2668 2543 2955 2597 tolluntur.
2988 2541 3187 2597 Verum
3226 2558 3294 2597 ne
3328 2542 3378 2596 id
3420 2544 3546 2611 qui-

1966 2634 2086 2688 dem
2119 2643 2376 2701 tanquam
2404 2634 2629 2685 omnino
2666 2641 2896 2696 certum,
2931 2632 3021 2685 sed
3058 2647 3177 2684 cum
3206 2647 3265 2683 ea
3297 2632 3544 2685 modera-

1967 2727 2115 2779 tione
2144 2726 2335 2779 dixere
2375 2724 2566 2788 multi,
2608 2725 2708 2778 hoc
2734 2733 2853 2789 est,
2888 2733 2945 2777 ut
2982 2739 3009 2776 a
3040 2723 3369 2792 quibusdam
3407 2723 3542 2777 dici-

1965 2827 2074 2882 tur,
2109 2821 2467 2872 asseveravit.
2497 2819 2674 2885 Atque
2710 2817 2821 2870 hzet-
2852 2818 3090 2886 quidem,
3123 2832 3187 2871 eo
3220 2818 3399 2871 scelus
3431 2831 3542 2870 non

1966 2909 2277 2975 inliciente,
2327 2911 2557 2962 tenenda
2593 2917 2740 2964 sunt.
2788 2907 2940 2975 Quod
2979 2910 3021 2963 si
3071 2924 3171 2963 nec
3214 2908 3304 2963 ille
3332 2909 3541 2962 crimen

1965 3003 2123 3058 fateri
2154 3002 2306 3066 velit,
2340 3018 2520 3071 neque
2552 3002 2845 3057 manifesto
2876 3003 3127 3057 convinci
3164 3011 3377 3072 potest;
3414 3010 3543 3054 tunc

1983 3110 2138 3149 sacra
2196 3094 2501 3157 ministeria
2562 3094 2836 3158 obeundi,
2894 3095 2980 3148 vel
3039 3097 3105 3147 ah
3158 3094 3236 3149 eis
3290 3093 3542 3148 cessandi

278 3198 527 3259 potestas
553 3192 701 3246 illius
730 3190 958 3245 arbitrio
988 3189 1230 3261 permitti
1258 3188 1445 3255 debet;
1475 3198 1536 3243 ut
1595 3188 1640 3245 si
1706 3190 1921 3261 quidem
1949 3176 2284 3247 conscientia
2308 3188 2495 3255 ﬂagitii
2522 3192 2807 3259 premitur,
2833 3205 2932 3245 sua
2959 3199 3155 3260 sponte
3197 3202 3227 3242 a
3255 3202 3540 3242 sacrorum

282 3299 574 3340 munerum
662 3284 944 3339 iunctione
1010 3284 1260 3339 desistat.
1319 3283 1581 3338 Malelieia
1660 3300 1917 3355 namque,
1984 3285 2186 3341 alicubi
2244 3285 2330 3341 lex
2389 3286 2495 3352 ita,
2551 3286 2732 3357 potius
2781 3285 3049 3355 impunita
3098 3281 3336 3345 dimitti,
3379 3293 3542 3350 quam

280 3376 673 3434 innocentibus
698 3376 1119 3446 quihuscunque
1150 3390 1366 3444 poenam
1397 3367 1652 3445 irrogari,
1678 3373 1853 3429 decet.

278 3468 506 3523 ΔΡΙΣΤ.
522 3485 540 3519 ι
593 3468 718 3521 Ἐὰν
737 3466 1047 3537 ὁμολογήσῃ
1072 3464 1443 3537 πρεσϐύτερος
1466 3465 1545 3517 ὅτι
1567 3466 1857 3537 προήμαρ-

1973 3461 2194 3516 Μίῐδτ.
2233 3480 2252 3514 ‹
2295 3459 2349 3517 Si
2384 3462 2676 3534 presbyter
2701 3461 2990 3516 confessus
3020 3458 3183 3514 fuerit
3208 3471 3268 3514 se
3294 3469 3540 3527 pecasse,

357 3579 377 3612 ι
422 3578 504 3625 τε,
563 3559 638 3630 μὴ
691 3558 1070 3627 προσφερέτω,
1134 3557 1225 3610 καὶ
1257 3557 1437 3623 μόνον.
1464 3558 1597 3611 Τινά
1614 3558 1723 3629 γὰρ
1753 3558 1862 3611 τῶν

362 3668 381 3702 ι
421 3651 833 3722 ἁμαρτημᾶιτων
885 3651 941 3702 αἱ
1015 3648 1346 3720 χειροτονίαν
1402 3648 1645 3715 ἀφιᾶσιν.
1692 3648 1755 3701 Ei
1805 3648 1861 3701 δὲ

355 3760 375 3794 ι
421 3742 551 3813 μήθ’
590 3742 904 3813 ὁμολογοίη,
944 3740 1069 3813 μήτ’
1135 3740 1435 3810 ἐλέγχοιτο,
1480 3738 1639 3804 αὐτὸς
1689 3739 1860 3811 ἐχέτω

356 3853 373 3886 t
421 3834 518 3904 τὴν
538 3835 808 3899 ἐξουσίαν.
838 3853 856 3887 ι

353 3927 435 3981 Τά
468 3927 569 3995 μὲν
628 3928 761 3982 ἀλλα
806 3927 985 3981 πάντα
1052 3927 1419 3997 ἁμαρτήματα
1468 3926 1501 3996 ή
1547 3920 1886 3998 χειροθεσία’

276 4018 435 4072 λύει*
467 4020 634 4090 μόνης
662 4020 718 4073 δὲ
759 4019 859 4089 τῆς
891 4020 1215 4089 σωματικῆς
1260 4017 1540 4090 ἁμαρτίας
1596 4019 1849 4088 ἡττᾶται.

291 4108 418 4162 Ἐὰν
447 4102 541 4162 οὖν
569 4127 674 4173 τις,
700 4108 956 4178 πορνείαν
988 4106 1459 4178 προημαρτηκὼς,
1495 4108 1573 4168 εἰς
1603 4109 1735 4177 ίερω
1757 4105 1854 4158 σύν

275 4216 376 4270 νην
415 4200 754 4272 παραδεχθῆ,
820 4202 916 4253 καὶ⁸
942 4201 1079 4271 μετά
1106 4199 1204 4269 τὴν
1270 4199 1605 4269 χειροτονίαν
1639 4197 1851 4269 ὡμολό-

275 4306 413 4363 γησε
458 4291 525 4344 τά
555 4292 927 4361 ἁμαρτήματα
959 4304 974 4320 ⁶
1004 4290 1102 4359 τῆς
1137 4288 1235 4358 μὲν
1263 4289 1530 4360 καθέδρας
1560 4289 1655 4342 καὶ
1684 4289 1852 4359 τιμῆς

273 4383 385 4436 τῶν
414 4383 802 4454 πρεσϐυτέρων
866 4381 1083 4454 μεθέξει
1125 4397 1139 4411 ο
1210 4382 1484 4453 ἱερατικὸν
1540 4381 1598 4434 δέ
1656 4398 1709 4435 τι
1749 4382 1850 4435 οὐκ

274 4475 583 4547 ἐνεργήσει.
610 4475 673 4528 Εἰ
697 4475 753 4528 δὲ
777 4476 916 4547 μήτε
946 4474 1109 4537 αὐτὸς
1165 4473 1481 4544 ὁμολογοίη,
1542 4477 1679 4543 μήτε
1717 4472 1850 4541 παρ’

273 4566 434 4620 ἄλλου
462 4566 741 4638 ἐλέγχοιτο
772 4567 1047 4637 φανερῶς,
1085 4567 1242 4636 παρὰ
1267 4568 1336 4638 τῇ
1398 4564 1564 4619 αὑτοῦ
1622 4564 1845 4636 ἐξουσίᾳ

273 4656 524 4711 κείσεται
547 4657 647 4727 τῆς
682 4656 984 4728 ἱερωσύνης
1018 4656 1314 4724 παυθῆναι,
1368 4655 1481 4707 εἴτε
1518 4656 1612 4708 καὶ
1669 4654 1771 4725 μή.

899 4746 1139 4803 ΚΑΝΩΝ
1197 4747 1257 4801 l'.

2044 3566 2065 3605 ι
2102 3552 2170 3607 ab
2205 3552 2484 3608 oblatione
2515 3553 2809 3617 abstineat,
2840 3559 2893 3607 et
2926 3553 2994 3606 ab
3020 3566 3084 3606 ea
3118 3557 3353 3604 tantum.
3384 3549 3545 3615 Qua:-

2043 3662 2062 3696 ι
2106 3645 2227 3700 dam
2262 3643 2407 3699 enim
2447 3655 2672 3715 peccata
2713 3645 2937 3700 ordines
2968 3644 3275 3698 remittunt.
3319 3642 3375 3697 Si
3414 3656 3543 3697 vero

2041 3756 2060 3790 ι
2101 3752 2201 3791 nec
2249 3737 2575 3791 conﬁteatur
2605 3753 2705 3794 nec
2746 3738 3125 3802 convincatur,
3171 3736 3287 3806 ipse
3332 3736 3414 3790 sui
3447 3750 3543 3806 po-

2038 3849 2055 3882 ι
2097 3837 2347 3886 testatem
2386 3828 2604 3885 habeat.
2646 3849 2665 3883 ι

2030 3923 2224 3978 Omnia
2274 3924 2491 3993 quidem
2537 3922 2640 3977 alia
2692 3931 2916 3994 peccata
2961 3939 3225 3979 manuum
3261 3922 3540 3992 impositio

1960 4016 2120 4082 tollit,
2152 4016 2273 4070 solo
2305 4023 2485 4069 autem
2514 4018 2784 4086 cei-porali
2815 4024 3039 4085 peccato
3073 4017 3303 4070 inferior
3333 4023 3441 4069 est.
3480 4015 3539 4070 Si

1956 4109 2076 4178 quis
2099 4108 2279 4176 itaque
2302 4106 2461 4179 41],
2490 4108 2581 4176 qui
2605 4106 3021 4161 fornicationem
3056 4116 3214 4161 antea
3237 4108 3536 4172 commisit,

1954 4202 2009 4258 in
2040 4199 2410 4257 sacerdotium
2446 4200 2726 4270 recipitur,
2759 4210 2813 4255 et
2846 4208 2967 4270 post
2992 4200 3389 4254 ordinationem
3408 4214 3538 4268 pec-
3609 4209 3617 4216 '

1954 4304 2076 4350 cata
2109 4307 2208 4348 sua
2226 4290 2510 4350 confessus
2531 4304 2613 4347 est
2633 4335 2647 4359 ,
2672 4291 2947 4347 cathedrze
2983 4292 3200 4361 quidem
3226 4301 3279 4345 et
3311 4290 3537 4345 honoris

1952 4391 2399 4461 presbyterorum
2433 4386 2708 4458 particeps
2738 4386 2881 4452 erit;
2911 4392 2966 4438 at
3021 4384 3362 4439 sacerdotale
3423 4382 3529 4436 ali~

1948 4482 2090 4550 quod
2117 4497 2315 4535 munus
2349 4495 2453 4533 non
2482 4478 2661 4533 obeat.
2690 4476 2745 4531 Si
2775 4488 2953 4531 autem
2977 4492 3075 4531 nec
3109 4475 3225 4546 ipse
3243 4475 3530 4529 confessus

1950 4554 2136 4635 tuerit.
2165 4573 2345 4627 necab
2364 4572 2470 4625 alio
2505 4568 2791 4624 manifeste
2824 4572 3203 4633 convincatur,
3234 4570 3287 4620 in
3313 4582 3408 4622 sua
3438 4583 3529 4621 re-

1948 4665 2220 4735 linquitur
2244 4672 2511 4735 potestate
2567 4678 2632 4715 an
2668 4678 2695 4714 a
2732 4660 3049 4716 sacerdotio
3068 4660 3307 4716 cessabit
3341 4674 3531 4716 mene.

2570 4753 2796 4809 CANON
2831 4750 2898 4809 Χ.

277 4860 297 4894 ι
352 4842 587 4912 Ὁμοίως
641 4842 734 4895 καὶ
755 4840 1025 4903 διάκονος,
1070 4838 1165 4891 ἐὰν
1200 4841 1257 4891 ἐν
1287 4837 1364 4907 τῷ
1393 4837 1543 4908 αὐτῷ
1584 4835 1842 4907 ἁμαρτήσ-

1973 4866 1989 4898 ι
2033 4846 2298 4902 Similiter
2324 4856 2377 4904 et
2409 4847 2696 4911 diaconus,
2731 4846 2775 4900 si
2824 4845 2879 4900 in
2936 4844 3079 4900 idem
3130 4854 3411 4915 peccatum
3449 4844 3534 4899 in-

350 4950 367 4983 ι
392 4950 522 5003 ματι
552 4932 845 5005 περιπέσῃ,
873 4932 973 5001 τὴν
998 4930 1093 4982 τοῦ
1126 4930 1399 5001 ὑπηρέτου
1425 4927 1576 4994 τάξιν
1610 4928 1833 4996 ἐχέτω.»

344 5024 542 5083 ΒΛΑΣ.
592 5027 682 5078 Ἐν
713 5025 791 5096 τῷ
842 5022 888 5077 θ’
923 5023 1108 5076 κανόνι
1167 5023 1233 5075 τά
1266 5022 1395 5093 περὶ
1455 5019 1842 5092 πρεσϐυτέρων

272 5119 680 5190 ἡμαρτηκότων
710 5117 1089 5187 διελέχθησαν
1132 5119 1189 5169 ἐν
1238 5116 1294 5169 δὲ
1322 5114 1397 5187 τῷ
1430 5114 1658 5182 παρόντι
1718 5113 1850 5185 περὶ

269 5212 559 5264 διακόνων.
600 5211 710 5263 Καὶ
740 5205 885 5263 οὗτοι
924 5213 1051 5281 γὰρ,
1089 5209 1599 5279 ἐξομολογούμενοι,
1634 5208 1725 5261 τοῦ
1749 5209 1848 5279 μὲν

272 5303 592 5358 διακονικοῦ
632 5303 947 5373 ἀξιώματος
978 5301 1365 5367 ἐκπεσοῦνται,
1393 5305 1471 5364 εἱς
1497 5301 1772 5370 ὑπηρέτου
1792 5300 1848 5353 δὲ

269 5398 428 5464 τάξιν
458 5396 1054 5465 καταῦιϐασθὴσονται,
1102 5398 1222 5468 ἦτοι
1256 5397 1677 5468 ἁχειροτονήτου
1719 5395 1851 5447 ύπο-

264 5487 521 5543 διακόνου
556 5489 588 5559 ἢ
622 5488 995 5555 ἀναγνώστου.

346 5584 593 5638 ZtiNAl’.
645 5584 989 5637 Ἐκπεσεῖται
1021 5584 1129 5652 γὰρ
1155 5583 1255 5653 τῆς
1290 5583 1591 5649 διακονίας,
1632 5581 1727 5635 καὶ
1757 5582 1837 5644 είς

270 5674 553 5745 ὑπηρέτου
580 5674 741 5727 τόπον
760 5674 1316 5747 καταϐιϐασθήσεται.
1346 5676 1408 5729 Οἱ
1437 5674 1546 5745 γὰρ
1572 5671 1844 5747 ὑπηρέται

270 5768 330 5817 οι
365 5768 789 5836 προσφέρουσιν.

2165 4960 2182 4991 ι
2231 4941 2450 5005 eiderit,
2482 4932 2725 4993 ministri
2755 4938 3002 4992 ordinem
3040 4938 3257 4993 habeat.
3303 4956 3321 4990 ι

2028 5029 2227 5085 BALS.
2273 5030 2328 5084 ln
2387 5045 2596 5085 canone
2630 5029 2661 5084 9
2701 5031 2767 5084 de
2810 5029 3145 5100 presbyteris
3183 5030 3273 5099 qui
3326 5042 3517 5100 pecca-

1951 5133 2079 5175 runt
2131 5131 2423 5177 tractatum
2478 5128 2561 5175 est
2595 5136 2608 5172 :
2649 5122 2700 5174 in
2739 5121 2993 5190 prasenti
3020 5130 3199 5175 autem
3240 5120 3306 5174 de
3345 5120 3533 5175 diaco-

1954 5214 2039 5268 nis
2071 5230 2081 5264 :
2116 5230 2240 5268 nam
2282 5223 2336 5267 et
2382 5213 2416 5266 ii
2467 5212 2708 5268 confessi
2755 5229 2784 5266 a
2826 5213 3041 5267 diaconi
3078 5213 3345 5283 dignitate
3383 5213 3531 5267 exci-

1951 5304 2131 5360 dent:
2187 5304 2239 5357 in
2308 5303 2545 5358 ministri
2577 5314 2758 5358 autem
2825 5304 3070 5359 ordi‘uem
3132 5303 3526 5373 deprimentur,

1954 5397 2320 5468 hypodiaconi
2372 5395 2602 5461 scilicet,
2669 5394 2763 5466 qui
2810 5412 2918 5451 non
2968 5406 3049 5451 est
3082 5395 3396 5461 ordinatus,
3440 5393 3527 5448 vel

1940 5476 2195 5541 lectoris.

2024 5576 2276 5632 ΖΟΝΛΒ.
2342 5575 2565 5633 Excidet
2599 5577 2744 5633 enim
2789 5593 2818 5631 a
2846 5575 3165 5642 diaconatu,
3209 5583 3262 5630 et
3303 5573 3357 5629 in
3421 5574 3525 5628 mi-

1950 5670 2108 5724 nistri
2170 5669 2350 5725 locum
2428 5670 2735 5741 dejicietur.
2817 5670 3054 5727 Ministri
3126 5681 3363 5736 namque
3413 5682 3523 5724 non

1948 5761 2203 5817 oilerunt.
