3990 6482
532 312 674 381 1223

1789 310 2069 372 THEOD.
2112 310 2521 373 BALSAMON

3643 310 3771 380 1925:

530 427 768 485 AttlST.
808 446 826 482 ι
877 425 1150 484 Diaconos
1192 428 1355 483 etiam
1385 425 1574 483 eodem
1635 425 1866 481 crimine
1900 425 2087 480 obstri-

2208 424 2433 479 ΑΡΙΣΤ.
2503 441 2523 476 ι
2565 424 2721 478 Καὶό
2751 422 3022 491 διάκονος,
3075 425 3155 497 τῷ
3209 424 3359 497 αύτῳ
3416 426 3774 499 ἁμαρτήματι

906 541 924 573 ι
973 531 1117 584 ctus,
1153 522 1401 576 minister
1426 529 1661 574 maneat.
1708 537 1726 570 ι

595 617 661 673 Et
687 618 953 672 diaconus
990 616 1033 670 si
1071 615 1123 668 in
1175 614 1315 668 idem
1356 612 1613 667 inciderit
1673 620 1954 682 peccatum
2006 623 2101 678 pa-

527 726 649 767 nem
680 718 733 763 et
775 707 1029 777 poculum
1058 704 1277 767 aﬂ‘errc,
1303 712 1398 758 aut
1454 703 1717 773 populum
1753 701 1968 763 docere,
2006 706 2099 751 aut

524 801 750 856 Omnino
777 796 985 866 aliquid
1028 798 1364 853 sacerdotale
1408 810 1669 865 peragere
1705 793 1963 850 cessabit.
1994 790 2099 844 Sed

524 900 733 950 tantum
774 888 1016 944 ecclesia:
1056 888 1307 942 minister
1330 887 1458 941 erit.

1126 1062 1358 1119 CANON
1390 1063 1494 1130 .Xl.

527 1177 549 1212 ι
598 1159 888 1231 Presbyter
934 1166 1061 1214 ante
1102 1159 1324 1228 triginta
1382 1172 1556 1213 annos
1622 1170 1727 1212 non
1786 1155 2097 1221 ordinetur,

601 1272 619 1303 ι
665 1251 880 1306 etiamsi
920 1251 1086 1304 fixerit
1123 1254 1285 1303 homo
1318 1250 1476 1304 valde
1504 1250 1742 1316 dignus;
1776 1250 1881 1303 sed
1929 1264 2099 1304 reser-

602 1363 619 1395 ι
666 1353 846 1397 vctnr.
871 1342 1134 1397 Dominus
1166 1343 1310 1395 enim
1341 1341 1502 1396 .lesus
1527 1341 1784 1396 Christus
1838 1343 1891 1394 in
1939 1341 2099 1397 trice—

597 1454 614 1487 ι
662 1435 801 1489 simu
832 1450 980 1488 anno
1027 1433 1338 1503 baptizatus
1364 1444 1445 1489 cst
1479 1442 1532 1489 et
1556 1433 1719 1504 coapit
1748 1432 1965 1489 docere.
2013 1452 2032 1487 ι

590 1606 785 1661 BALS.
822 1608 1071 1662 Praesens
1125 1623 1299 1663 canon
1355 1612 1477 1664 sine
1532 1610 1640 1664 ulla
1698 1611 2005 1665 mutatione
2040 1612 2093 1666 in

2522 516 2827 588 συσχεθεὶς,
2859 517 3139 587 ὑπηρέτης
3171 517 3403 587 μενέτω.
3440 536 3461 568 ι

2280 600 2389 662 Keil.
2414 609 2686 674 διάκονος,
2727 609 2805 680 τῷ
2836 610 2985 679 αὐτῷ
3033 609 3351 678 περιπεσὼν
3398 611 3777 682 ἁμαρτήματι,

2209 703 2557 773 παυθήσεται
2604 701 2698 756 τοῦ
2750 703 2914 772 ἄρτον
2972 702 3005 773 ἢ
3064 704 3325 773 ποτήριον
3382 704 3697 774 ἀναφέρειν,
3743 704 3776 775 ἦ

2206 796 2299 851 τὸν
2356 794 2486 847 λαὸν
2552 794 2849 859 διδάσκειν,
2908 794 2939 864 ἢ
3001 794 3137 859 ὅλως
3198 813 3250 848 τι
3313 796 3423 849 τῶν
3490 797 3779 866 ίερατικῶν

2206 886 2565 957 λειτουργεῖν.
2622 884 2938 958 Ὑπηρέτης
2963 886 3020 939 δὲ
3070 889 3231 956 μόνον
3260 886 3415 940 ἔσται
3448 885 3551 956 τῆς
3578 887 3778 957 ἐκκλή-

2208 977 2350 1042 σίας.

2800 1072 3043 1126 ΚΑΝΩΝ
3072 1072 3176 1129 1Α⁹.

2213 1180 2230 1211 ι
2273 1162 2653 1234 Πρεσϐύτερος
2676 1163 2784 1234 πρὸ
2813 1164 2920 1216 τῶν
2950 1165 3250 1234 τριάκοντα
3275 1164 3415 1216 ἐτῶν
3479 1162 3558 1233 μὴ
3603 1179 3779 1233 χειρο-

2285 1273 2304 1307 ι
2337 1256 2618 1320 τονείσθω,
2659 1258 2754 1309 ἐὰν
2812 1258 2904 1311 καὶ
2942 1254 3146 1331 πάνυῇ
3191 1260 3219 1311 6
3270 1257 3561 1329 ἄνθρωπος
3599 1258 3775 1321 ἀξιοςο

2283 1364 2302 1397 ι
2342 1347 2481 1401 ἀλλά
2505 1348 2910 1419 άποτηρείσθω.
2942 1350 3001 1402 '0
3025 1351 3133 1420 γάρ
3165 1350 3370 1421 Κύριος
3413 1348 3625 1419 Ἰησοῦς
3647 1350 3780 1420 Χριο

2281 1457 2301 1491 ι
2341 1439 2465 1493 oro:
2487 1441 2544 1493 ὲν
2563 1439 2640 1510 τῷ
2659 1442 2965 1513 τριακοστῷ
2980 1444 3087 1499 ἔτει
3108 1443 3430 1514 ἐϐαπτίσθη.
3461 1446 3555 1496 καὶ
3574 1442 3779 1516 ἤρξατο

2280 1550 2298 1583 ι
2334 1532 2629 1588 διδάσκειν.
2676 1554 2694 1587 ι

2274 1623 2470 1679 ΒᾹΛΣ.
2512 1627 2570 1678 Ὀ
2603 1628 2796 1698 παρὼν
2823 1631 3003 1683 κανὼν
3038 1631 3486 1699 ἀπαραλλάκτως
3510 1643 3691 1695 κεῖται
3724 1643 3779 1695 ἐν
3860 1630 3863 1631 ν

527 1714 740 1754 canone
796 1698 862 1751 M
907 1700 1095 1771 synodi
1151 1701 1204 1755 in
1256 1700 1446 1754 Trullo
1471 1700 1613 1757 situs
1636 1711 1817 1766 eSt,et
1862 1702 1973 1757 illic
2012 1711 2087 1757 est

2208 1716 2280 1786 τῷ
2328 1715 2387 1770 ιδ’
2414 1719 2598 1774 κανόνι
2628 1721 2726 1792 τῆς
2753 1724 2810 1774 ἐν
2839 1721 2916 1794 τῷ
2948 1722 3204 1797 Τρούλλῳ
3245 1728 3492 1797 συνόδου,
3522 1734 3619 1786 καὶ
3650 1735 3780 1807 ἑξη-

521 1794 826 1847 cxnositns.

630 1809 826 1847 OSItttS.

594 1809 844 1939 gONAIt.
903 1885 993 1940 Est
1038 1885 1126 1942 hic
1159 1901 1332 1940 canon
1399 1895 1563 1940 sexta:
1609 1886 1805 1957 synodi
1855 1887 2100 1944 decimus

519 1985 774 2045 quartus,
810 1978 993 2048 ibique
1023 1978 1145 2047 ejus
1171 1979 1469 2049 explicatio
1502 1979 1687 2034 allata.

515 2149 741 2206 AttlS'l‘.
787 2169 806 2203 ι
858 2153 974 2209 Nisi
1010 2155 1233 2224 triginta
1257 2170 1429 2209 annos
1460 2165 1621 2211 natus
1652 2172 1719 2212 ne
1753 2159 1842 2212 ﬁat
1873 2159 2101 2230 presby-

596 2261 613 2293 ι
663 2253 764 2309 ter,
802 2246 1020 2300 etiamsi
1067 2246 1263 2314 dignus
1319 2246 1611 2314 habeatur,
1658 2251 1971 2319 exemplum
2002 2252 2099 2306 ba-

595 2350 611 2382 ι
661 2335 792 2388 heus
818 2334 1127 2391 Servatoris
1161 2337 1449 2407 baptisma.
1499 2357 1517 2389 ι
1836 2388 1839 2391 .

590 2423 664 2479 De
701 2442 766 2478 eo
790 2428 933 2495 quod
977 2444 1159 2489 nemo.
1215 2431 1309 2500 qui
1354 2446 1464 2485 non
1510 2441 1596 2487 est
1644 2431 1864 2503 triginta
1919 2449 2097 2490 annos

516 2527 703 2582 natus,
734 2520 826 2572 tiat
877 2522 1193 2591 presbyter,
1251 2522 1466 2577 etiamsi
1504 2523 1652 2577 omni
1697 2524 1857 2579 modo
1899 2524 2098 2595 dignus

517 2612 589 2661 sit
641 2610 824 2674 homo,
877 2623 934 2666 et
991 2628 1234 2682 praasens
1295 2629 1471 2667 canon
1528 2615 1685 2681 dicit,
1732 2625 1788 2670 et
1843 2614 2097 2674 decimus

517 2714 747 2771 quartus
776 2712 944 2759 sexta:
976 2704 1032 2759 in
1073 2703 1262 2759 Trullo
1281 2706 1499 2777 synodi.

1108 2796 1189 2852 CA
1204 2797 1337 2851 NON
1378 2797 1494 2855 ΧΙΙ.

522 2924 541 2956 ι
590 2905 644 2959 Si
675 2907 799 2977 quis
831 2921 1105 2976 aegrotans
1150 2912 1312 2966 fuerit
1370 2911 1704 2981 baptizatus,
1765 2929 1874 2970 non
1917 2920 2096 2985 potest

595 3017 611 3049 ι
661 2999 712 3051 in
748 3000 1123 3073 presbyterum
1150 3002 1306 3056 evehi
1338 3017 1358 3055 :
1398 3001 1533 3057 ﬁdes
1549 3003 1697 3057 enim
1725 3003 1846 3073 ejus
1878 3018 1987 3059 non
2012 3010 2095 3059 est

591 3110 609 3143 ι
659 3108 725 3146 ex
778 3092 1047 3158 instituto,
1095 3093 1191 3148 sed
1242 3108 1307 3148 ex
1361 3096 1690 3151 necessitate
1735 3096 1887 3153 :uisi
1946 3096 2091 3152 forte

592 3202 611 3235 ι
660 3193 881 3252 propter
941 3200 1295 3253 consequens
1360 3187 1482 3256 ejus
1535 3187 1783 3242 studium
1830 3197 1887 3244 et
1930 3189 2091 3245 ﬁdem

588 3288 606 3319 ι
656 3273 1042 3339 hominumque
1078 3271 1377 3325 raritatem.
1424 3291 1443 3323 ι

586 3363 785 3418 ωιδ.
820 3364 1057 3419 Intidelis
1097 3364 1343 3434 quidam,
1398 3381 1521 3421 cum
1579 3376 1727 3423 esset
1767 3383 1958 3433 sanus,
1994 3370 2091 3424 ba-

516 3458 782 3528 ptismum
828 3474 935 3511 non
985 3458 1298 3528 postulabat
1334 3472 1346 3509 :
1382 3474 1507 3513 eum
1559 3471 1741 3516 autem
1777 3471 2088 3533 aegrotaret,

519 3552 829 3620 baptizatus
879 3560 985 3606 est.
1042 3552 1243 3606 Dicunt
1292 3568 1424 3620 ergo
1460 3556 1634 3609 sancti
1684 3555 1898 3620 Patres,
1947 3560 2087 3628 quod

512 3646 773 3711 quoniam
805 3646 906 3699 iste
939 3660 1051 3699 non
1081 3660 1147 3697 ex
1178 3645 1323 3698 bono
1349 3645 1601 3702 instituto
1638 3649 1953 3718 baptizatus
1981 3661 2087 3719 est,

514 3736 613 3791 sed
654 3738 813 3804 quasi
840 3752 867 3789 a
891 3737 1066 3790 morbi
1117 3739 1454 3793 necessitate
1489 3739 1834 3806 stimulatus,
1866 3749 1927 3796 ut
1952 3744 2086 3798 lide-

515 3826 583 3879 lis
639 3825 891 3894 quidem,
973 3838 1261 3896 postquam
1333 3830 1697 3897 convaluerit,
1748 3833 2084 3903 recipietur,

511 3916 607 3971 sed
636 3916 701 3970 ad
727 3917 1014 3972 sacerdotii
1049 3921 1276 3990 gradum
1327 3936 1435 3977 non
1475 3925 1889 3991 proniovebitur
1921 3966 1935 3992 ,
1981 3927 2084 3980 nisi

514 4009 654 4065 forte
714 4020 767 4063 et
820 4012 1043 4065 virtutis
1091 4013 1372 4070 studiosus
1439 4025 1494 4069 et
1546 4016 1639 4070 Dei
1695 4018 2084 4076 mandatorum

511 4100 761 4169 egregius
800 4100 1122 4157 observator
1162 4103 1346 4170 fuerit,
1396 4117 1449 4160 ct
1488 4106 1771 4162 hominum
1830 4121 2083 4181 aptorqu

513 4190 827 4244 sacerdotio
914 4209 1108 4263 magna
1182 4196 1350 4250 fuerit
1426 4201 1690 4267 penuria;
1750 4209 1884 4257 tunc
1935 4205 2083 4257 enim

511 4283 767 4337 sacerdos
820 4283 1105 4340 elﬁcictur.
1158 4286 1293 4341 Nota
1351 4304 1480 4358 ergo
1515 4328 1530 4353 ,
1577 4292 1721 4362 quod
1792 4304 2085 4363 utrumque

509 4375 672 4429 debet
716 4390 1068 4442 concurrere,
1140 4380 1357 4436 virtutis
1423 4384 1637 4440 scilicet
1694 4386 1961 4450 studium,
2027 4395 2082 4440 et

2131 1796 2174 1852 Β
2202 1809 2347 1879 γήθη
2371 1810 2574 1867 ἐκεῖσε.

2276 1902 2521 1957 ΖΩΝΔΡ.
2578 1904 2779 1959 Τοῦτον
2845 1907 2939 1962 τὸν
3001 1910 3205 1965 κανόνα
3264 1912 3295 1983 ή
3355 1912 3489 1984 ἕκτη
3559 1914 3780 1983 σύνοδο,

2198 1990 2344 2047 οὕτω
2394 1994 2600 2063 τίθησι,
2651 1998 2745 2051 καὶ
2794 1999 3037 2072 ὲξηγήθη
3086 2003 3203 2057 ἐκεῖ
3244 2008 3781 2077 τεσσαρεσκαιδέκαο

2196 2107 2289 2153 τος
2321 2089 2420 2144 ὧν.

2206 2182 2432 2238 ΑΡΙΣΤ.
2495 2201 2513 2235 ι
2555 2184 2617 2237 Et
2657 2184 2731 2254 μὴ
2758 2186 3209 2259 τριακονταέτης,
3250 2189 3324 2261 μὴ
3365 2192 3605 2261 γινέσθω
3639 2212 3777 2265 πρεο

2278 2294 2297 2327 ι
2333 2276 2621 2346 σϐύτερος,
2655 2276 2762 2330 κᾶν
2810 2273 2843 2355 ᾖ
2877 2278 3178 2350 ἀξιόλογος,
3228 2281 3370 2353 ἔχων
3418 2286 3777 2358 παράδειγμα

2273 2385 2292 2419 ι
2330 2366 2425 2424 τοῦ
2458 2368 2713 2439 Σωτῆρος
2742 2370 3084 2441 βάπτισμα.»

2273 2460 2410 2531 Περὶ
2435 2460 2527 2513 τοῦ
2569 2461 2646 2531 μὴ
2682 2462 2934 2530 γίνεσθαι
2965 2462 3058 2515 τὸν
3088 2464 3291 2534 ἥττονα
3320 2465 3431 2519 τῶν
3470 2467 3775 2537 τριάκοντα

2195 2550 2401 2621 χρόνων
2454 2552 2846 2623 πρεσϐύτερον,
2906 2555 3017 2607 κᾶν
3053 2558 3195 2609 πάνυ
3242 2554 3393 2622 ἄξιος
3432 2553 3527 2631 ᾗδ
3558 2558 3775 2634 ἄνθρωο

2197 2660 2318 2708 πος,
2378 2643 2472 2696 καὶ
2502 2646 2530 2698 6
2557 2644 2748 2717 παρὼν
2779 2645 3090 2717 διαγορεύει
3111 2648 3291 2703 κανὼν
3314 2650 3409 2703 καὶ
3434 2653 3463 2704 6
3497 2668 3775 2725 τεσσαραο

2197 2734 2516 2799 καιδέκατος
2565 2736 2668 2807 τῆς
2700 2738 2758 2792 ἐν
2788 2738 2867 2807 τῷ
2897 2738 3154 2810 Τρούλλῳ
3186 2739 3350 2813 ἕκτης
3376 2743 3630 2800 συνόδου.

2793 2829 3031 2882 ΚΑΝΩΝ
3064 2830 3165 2884 IB'.

2201 2934 2220 2968 ι
2278 2916 2406 2971 Ἐὰν
2428 2918 2601 2972 νοσῶν
2620 2936 2707 2983 τις
2731 2922 2998 2993 φωτισθῇ,
3032 2925 3115 2987 είς
3155 2925 3529 2999 πρεσϐύτερον
3543 2928 3771 2998 ἄγεσθαι

2272 3027 2290 3060 ι
2329 3010 2389 3061 οὐ
2424 3009 2665 3065 δύναται.
2700 3014 2813 3067 Οὐκ
2867 3016 2931 3068 ὲκ
2977 3018 3352 3089 προαιρέσεως
3384 3020 3498 3090 γὰρ
3537 3022 3770 3091 ήπίστις

2275 3119 2293 3152 ι
2334 3102 2501 3155 αὑτοῦ
2532 3103 2648 3157 ἁλλ’
2668 3105 2726 3171 ἐξ
2748 3106 2995 3177 ἀνάγκης
3016 3124 3029 3138 ·
3056 3110 3104 3161 εί
3136 3108 3211 3180 μὴ
3235 3112 3376 3182 τάχα
3404 3111 3494 3164 διὰ
3513 3112 3615 3181 τήν
3633 3115 3770 3182 μετὰ

2273 3212 2290 3245 ι
2325 3197 2501 3249 ταῦτα
2532 3197 2698 3250 αύτοῦ
2730 3197 2967 3272 σπουδήν
3000 3201 3094 3255 καὶ
3123 3202 3328 3269 πίστιν,
3350 3206 3443 3257 καὶ
3463 3205 3556 3258 διά
3572 3207 3769 3261 σπάνιν

2272 3306 2290 3339 ι
2328 3288 2426 3341 ἀνθ
2436 3289 2652 3358 ρώπων.
2699 3310 2719 3345 ι

2266 3381 2465 3434 ΒΛΛΣ.
2493 3384 2759 3448 Ἀπιστός
2783 3403 2885 3451 τις,
2902 3387 3160 3454 ὑγιαίνων
3187 3388 3308 3459 μὲν,
3334 3390 3436 3444 οὐκ
3461 3391 3765 3447 ὲπέσπευδε

2191 3469 2253 3523 τὸ
2285 3470 2596 3543 βάπτισμα,
2651 3478 2889 3546 νοσήσας
2925 3478 2981 3531 δὲ
3035 3479 3333 3551 ἐφωτίσθη.
3374 3483 3544 3537 Φασὶν
3575 3478 3669 3537 οὖν
3718 3485 3764 3536 οί

2193 3558 2338 3627 ἅγιοι
2365 3563 2611 3635 Πατέρες
2668 3566 2765 3633 ὡς,
2808 3568 2929 3621 ἐπεὶ
2965 3571 3066 3624 οὐκ
3116 3573 3326 3645 ἀγαθῆς
3382 3578 3765 3646 προαιρέσεως

2191 3646 2348 3717 οὗτος
2380 3655 2704 3728 ἐϐαπτίσθη,
2739 3659 2855 3712 ἀλλ’
2906 3656 3019 3715 οἷον
3060 3664 3165 3717 ὑπὸ
3196 3665 3295 3735 τῆς
3353 3666 3613 3737 ἀνάγκης
3666 3668 3763 3737 τῆς

2188 3745 2346 3799 νόσου
2387 3749 2727 3819 νυττόμενος,
2759 3751 2841 3817 ὡς
2899 3755 3000 3822 μὲν
3031 3758 3225 3822 πιστὸς
3260 3760 3400 3831 μετὰ
3437 3761 3541 3831 τὴν
3573 3763 3761 3831 ὑγείαν

2189 3838 2534 3909 δεχθήσεταν
2564 3842 2643 3905 είς
2674 3844 2973 3917 ἱερωσύνης
3003 3848 3060 3901 δὲ
3112 3848 3319 3919 βαθμὸν
3362 3852 3423 3904 ού
3458 3854 3762 3923 προαναῶ-

2191 3930 2547 4003 ὁρισθήσεται·
2572 3936 2621 3987 εί
2651 3937 2816 4006 μήπω
2835 3939 3122 4002 σπουδαῖός
3142 3942 3259 3995 ἔστι
3281 3942 3413 4015 περὶ
3442 3943 3541 4015 τὴν
3558 3946 3761 4016 ἀρετὴν

2190 4024 2285 4076 καὶ
2324 4025 2423 4093 τὴν
2454 4027 2702 4098 φυλακὴν
2738 4030 2844 4082 τῶν
2869 4032 3101 4085 ἐντολῶν
3131 4033 3227 4086 τοῦ
3247 4034 3405 4103 Θεοῦ,
3445 4037 3544 4091 καὶ
3564 4039 3759 4103 σπάνις

2191 4116 2278 4185 εἴη
2341 4118 2645 4187 ἀνθρώπων
2706 4123 2843 4192 πρὸς
2888 4124 3187 4197 ἱερωσύνην
3246 4128 3589 4199 ἐπιτηδείων
3636 4132 3755 4189 τότε

2189 4210 2299 4279 γάρ
2336 4212 2719 4283 ἱερωθήσεται.
2759 4216 3078 4287 Σημείωσαι
3112 4219 3205 4276 οὖν
3228 4222 3312 4275 ὅτι
3344 4222 3441 4277 καὶ
3467 4223 3756 4296 ἀμφότερα

2189 4298 2469 4367 ὀφείλουσι
2502 4302 2850 4374 συνδραμεῖν,
2898 4308 2926 4377 ή
2958 4311 3095 4378 περὶ
3133 4312 3233 4378 τὴν
3285 4312 3491 4383 ἀρετήν
3518 4317 3751 4385 σπουδή.

2190 4392 2284 4444 καὶ
2325 4392 2356 4466 ὴ
2400 4394 2595 4458 σπάνις
2626 4394 2734 4448 τῶν
2773 4398 3101 4467 ἀνθρώπων.
3149 4402 3300 4467 Ἐνδς
3334 4406 3444 4475 γὰρ
3476 4407 3756 4473 λείποντος

509 4465 707 4521 raritas
767 4468 1073 4523 hominum.
1126 4470 1183 4523 Si
1234 4472 1379 4528 enim
1444 4490 1612 4529 unum
1675 4492 1865 4530 eorum
1918 4477 2081 4544 desit,

2208 4481 2249 4545 ιξ
2277 4483 2476 4547 αὐτῶν,
2507 4486 2566 4537 οὐ
2592 4465 3049 4561 παραδαθήσεται
3081 4495 3108 4546 6
3127 4465 3483 4553 xavdiy."l‘itt
3518 4465 3757 4571 aquator;

508 4572 685 4611 canon
721 4560 1129 4617 observabitur.
1171 4561 1445 4619 Praeterea
1510 4577 1636 4621 nota
1690 4584 1753 4627 ex
1797 4569 1901 4624 hoc
1934 4586 2080 4640 prae-

416 4668 419 4669 '
506 4646 643 4701 senti
670 4663 900 4714 canone,
938 4653 1104 4721 quod,
1136 4654 1279 4709 sicut
1310 4657 1363 4708 in
1398 4656 1747 4726 baptismate,
1787 4661 1861 4715 ita
1905 4664 2071 4715 etiam

511 4740 566 4793 in
616 4748 871 4807 tonsura,
907 4744 998 4812 qui
1023 4743 1079 4798 in
1109 4756 1359 4803 extremo
1408 4751 1606 4820 spiritu
1642 4758 1839 4808 tonsus
1875 4760 1981 4817 est,
2024 4753 2079 4807 in

509 4830 695 4901 aliquo
717 4834 934 4905 quidem
967 4845 1026 4889 ιιι
1058 4837 1358 4893 monachus
1391 4842 1731 4908 reputabitur
1769 4859 1784 4897 :
1818 4843 1873 4899 in
1895 4844 2080 4915 aliquo

508 4933 693 4980 autem
755 4936 1012 4997 tanquam
1081 4932 1385 4988 monachus
1409 4950 1550 4997 .non
1619 4936 1973 5005 admittetur;
2013 4952 2081 4993 eo

508 5018 653 5089 quod
688 5009 912 5077 tonsura
944 5023 1222 5078 secundus
1254 5023 1572 5095 baptismus
1612 5028 1981 5084 existimatur.
2019 5030 2080 5085 Si

507 5109 654 5163 enim
678 5112 1039 5180 supervixerit
1061 5114 1129 5176 is,
1154 5116 1317 5183 quiin
1344 5116 1493 5169 hunc
1515 5132 1727 5171 morem
1757 5128 1952 5175 tonsus
1970 5130 2076 5187 est,

509 5208 565 5253 et
599 5210 824 5255 toasura
866 5203 1085 5272 dignam
1122 5206 1502 5276 paenitentiam
1528 5208 1692 5282 412
1732 5213 2080 5269 servitutem-

508 5305 616 5361 que
680 5290 1010 5358 ostenderit,
1053 5309 1151 5364 pro
1207 5311 1314 5350 non
1384 5310 1583 5368 sponte
1642 5311 1804 5358 tonso
1854 5305 2079 5362 minime

510 5382 871 5451 reputabitur.
902 5383 958 5438 Si
982 5394 1165 5441 autem
1194 5403 1319 5443 cum
1361 5391 1599 5460 primum
1653 5402 1849 5452 tonsus
1888 5398 2076 5465 tuerit,

508 5489 800 5529 commune
831 5478 1024 5534 mortis
1072 5480 1326 5550 poculum
1392 5483 1661 5551 hauSerit,
1705 5491 1846 5558 apud
1906 5492 2075 5550 Deum

508 5566 725 5635 quidem
744 5576 914 5632 certe,
932 5579 990 5623 ut
1009 5586 1110 5640 ego
1130 5573 1411 5637 existimo,
1437 5587 1493 5628 ut
1516 5579 1609 5649 qui
1630 5579 1685 5633 in
1708 5583 1942 5638 sanitate
1962 5600 2079 5638 mo—

505 5657 716 5711 nachus
734 5657 912 5714 factus
932 5671 1015 5716 est
1038 5662 1349 5733 recipietur.
1367 5666 1553 5723 Sancti
1576 5671 1722 5725 enim
1736 5674 1925 5740 etiam,
1953 5692 2077 5745 quae

504 5759 638 5803 casu
669 5749 752 5804 vet
781 5765 848 5806 ex
878 5752 1063 5823 aliqua
1102 5756 1517 5813 circumstantia
1552 5759 1774 5828 dantur,
1815 5772 2074 5819 tonsuras

2188 4588 2278 4625 σαι
2311 4574 2420 4626 ἀπὸ
2453 4575 2544 4628 τοῦ
2596 4578 2861 4648 παρόντος
2915 4585 3162 4651 κανόνος,
3203 4586 3284 4641 ὅτι
3316 4588 3510 4661 ὥσπερ
3542 4593 3636 4645 ἐπὶ
3664 4594 3752 4651 τοῦ

2186 4663 2589 4734 βαπτίσματος,
2617 4670 2760 4725 οὕτω
2790 4673 2886 4727 καὶ
2930 4676 3024 4729 ἐπὶ
3072 4680 3173 4748 τῆς
3218 4681 3605 4755 ἀποκάρσεως,
3638 4688 3665 4740 ό
3696 4687 3753 4740 ὲν

2183 4757 2305 4819 ταῖς
2350 4756 2691 4825 τελευταίαις
2740 4763 3037 4831 ἀναπνοαῖς
3070 4769 3393 4840 άποκαρεὶς,
3436 4775 3522 4839 εἷς
3566 4794 3622 4831 τι
3654 4778 3752 4847 μὲν

2181 4844 2259 4912 ὡς
2290 4849 2522 4921 μοναχὸς
2552 4850 2956 4927 λογισθήσεται,
2985 4859 3064 4922 είς
3111 4878 3167 4914 τι
3200 4862 3257 4915 δὲ
3298 4864 3358 4917 ού
3388 4844 3751 4943 παραδεχθή-

2187 4954 2341 4994 σεται
2375 4943 2517 4996 κατά
2553 4946 2920 5013 μονάσανταςσ
2948 4951 3028 5003 ὅτι
3062 4953 3153 5004 καὶ
3186 4955 3217 5024 ή
3270 4955 3580 5033 ἀπόκαρσις
3636 4961 3752 5016 δεύο

2182 5045 2341 5102 τερον
2364 5029 2638 5101 λογίζεται
2666 5034 2970 5107 βάπτισμα.
3000 5041 3063 5095 Εί
3120 5042 3221 5112 μὲν
3254 5044 3363 5116 γάρ
3410 5029 3669 5121 ἐπιζήσει
3721 5053 3750 5105 6

2182 5118 2359 5183 οὕτως
2395 5122 2723 5193 ἀποκαρεὶς,
2765 5128 2860 5181 καὶ
2903 5129 3063 5196 ἀξίαν
3093 5133 3419 5200 ἐπιδείξεται
3457 5118 3749 5208 μετάνοιαν

2184 5214 2279 5265 καὶ
2314 5214 2564 5269 δουλείαν
2594 5217 2693 5287 τῆς
2723 5218 3108 5290 ἀποκάρσεως,
3157 5225 3219 5278 οὐ
3260 5226 3650 5300 λογισθήσεται
3676 5232 3750 5300 ὡς

2183 5304 2459 5371 ἀκουσίως
2523 5308 2845 5380 ἀποκαρείς.
2878 5312 2940 5365 El
2996 5313 3040 5366 δ’
3072 5314 3191 5386 ἀμα
3226 5320 3291 5391 τῇ
3347 5320 3656 5393 ἀποκάρσει
3690 5328 3750 5378 τι

2182 5397 2367 5451 κοινὸν
2422 5399 2517 5452 τοῦ
2576 5400 2805 5455 θανάτου
2858 5405 2958 5477 πίῃ
3004 5409 3285 5482 ποτήριον,
3332 5413 3481 5483 παρὰ
3520 5415 3623 5486 μὲν
3672 5417 3748 5491 τῷ

2180 5491 2323 5561 Θεῷ,
2352 5492 2425 5555 ὡς
2455 5491 2568 5560 ἐγὼ
2602 5494 2744 5557 τέως
2777 5498 3004 5565 νομίζω,
3030 5488 3105 5562 ὡς
3140 5502 3169 5554 6
3205 5503 3264 5556 ὲν
3288 5502 3468 5576 ὑγιείᾳ
3502 5488 3743 5578 μονάσας

2176 5581 2522 5654 δεχθήσεται.
2600 5586 2969 5657 Ἀσπάζονται
3018 5591 3127 5662 γάρ
3184 5594 3236 5648 οἱ
3283 5595 3431 5670 ἅγιοι
3498 5604 3593 5654 καὶ
3654 5604 3744 5665 τὰς

2179 5678 2576 5747 περιστατικάς
2605 5679 2966 5763 ἀποκάρσειςο
3000 5686 3094 5739 καὶ
3127 5686 3204 5750 ὡς
3230 5689 3296 5743 ἐκ
3344 5690 3495 5755 θείας
3539 5695 3741 5763 φωνῆς,

2180 5768 2371 5833 φασὶν.
2411 5769 2499 5820 Ἐν
2535 5763 2579 5838 ᾧ
2613 5758 2671 5823 σε
2722 5771 2890 5844 εὕρω,
2916 5775 3090 5845 κρινῶ
3118 5794 3180 5832 σε
3202 5793 3220 5811 ο
3243 5779 3399 5852 παρὰ
3440 5781 3500 5838 δὲ
3530 5758 3743 5857 direpti"
