3990 6482
286 418 426 483 1⁵225

1246 421 1325 478 IN
1359 420 1525 480 CAN.
1571 419 1715 478 XIII
1747 420 1950 479 CUNC.
1988 416 2416 479 NEOCESAR.

3380 412 3516 476 1296

282 555 407 600 ποις
438 536 560 590 οὑδὲ
612 537 756 602 δόξει
781 538 1145 608 ἀποκαρῆναι.
1207 536 1392 600 Ὥστε,
1442 537 1535 588 ἐὰν
1568 536 1672 587 ὑπὸ
1695 536 1849 605 αἴρεο

1957 535 2360 603 amplcctuntur
2389 550 2401 586 :
2430 541 2483 587 et
2502 532 2665 589 veluti
2692 546 2819 585 voce
2842 532 3021 585 divina
3049 533 3284 591 incitati,
3310 534 3517 593 dicunt,

283 646 371 681 σιν
408 628 772 699 ἀποκάρσεως
802 627 1134 697 κατελείφθη
1165 627 1317 696 αὑτῷ
1352 628 1472 680 τόδε
1521 644 1597 690 τι,
1640 627 1732 680 καὶ
1791 628 1847 678 ὲν

281 721 396 789 ζωῇ
435 720 509 772 ὣν
534 723 632 773 οὐκ
668 722 947 791 ἀπεκάρη,
974 721 1088 773 ἀλλ’
1123 723 1180 773 ἐν
1213 722 1336 783 ταῖς
1364 720 1704 781 τελευταίαις
1722 719 1852 771 ἀνα-

282 817 480 875 πνοαῖς
518 816 611 866 τὸν
654 816 862 885 μονήρη
901 812 1017 883 βίον
1068 813 1265 878 εἵλετο,
1299 811 1391 865 καὶ
1425 811 1590 874 εὐθὺς
1640 810 1851 864 ἀπέθα-

282 921 396 964 νεν,
448 905 507 957 οὑ
535 904 771 973 λήψεται
814 908 841 957 ό
886 905 1215 973 κληρονόμος
1253 903 1417 956 αὑτοῦ
1475 904 1543 956 τὰ
1598 902 1851 954 καταλει-

284 993 473 1058 θέντα,
506 997 595 1048 διὰ
643 996 701 1046 τὸ
732 994 1089 1063 πληρωθῆναι
1137 996 1278 1064 τάχσ.
1302 995 1402 1064 τὴν
1433 994 1661 1064 αἵρεσιν·
1716 994 1852 1046 ἀλλὰ

283 1089 824 1157 καταδικασθήσεται
883 1088 956 1151 ὡς
1021 1088 1154 1157 μηδὲ
1206 1087 1456 1153 δόξαντος
1508 1087 1851 1165 ἀποκαρῆναι

280 1180 378 1232 τοῦ
419 1180 871 1250 τελευτήσαντος,
914 1181 1213 1233 κάντεῦθεν
1247 1179 1589 1250 ἀτονησάσης
1621 1183 1716 1231 καὶ
1751 1177 1852 1246 τῆς

285 1273 577 1339 αἱρέσεως.
617 1271 916 1338 Ἀνάγνωθι
943 1271 1038 1324 καὶ
1068 1271 1164 1323 τοῦ
1190 1270 1239 1324 α’
1263 1271 1442 1323 τίτλον
1470 1271 1565 1323 τοῦ
1584 1268 1850 1340 δ’βιϐλίου

281 1381 410 1430 κεφ.
445 1361 484 1414 ε’
506 1363 641 1432 ὅπερ
673 1362 985 1431 συνωψίσθη
1028 1362 1156 1430 περὶ
1208 1362 1275 1414 τὰ
1310 1362 1450 1431 μέσα
1495 1362 1588 1415 τοῦ
1623 1368 1671 1415 α’
1722 1378 1851 1428 κεφ.

282 1456 379 1509 τοῦ
413 1462 480 1508 ια’
511 1457 692 1508 τίτλοο
749 1457 842 1508 τοῦ
896 1456 1165 1522 παρόντος
1211 1457 1603 1525 συντάγματος,
1658 1457 1753 1509 καὶ
1786 1456 1851 1508 τὰ

283 1551 417 1618 περὶ
442 1550 503 1601 ea
525 1550 677 1613 τέλος
700 1549 793 1601 τοῦ
824 1555 871 1602 α’
904 1567 1028 1613 κεφ.
1070 1550 1164 1601 τοῦ
1216 1549 1258 1619 β’
1279 1549 1457 1601 τίτλου
1490 1548 1582 1601 τοῦ
1649 1550 1848 1619 παρόν-

282 1659 373 1702 τος
411 1643 815 1712 συντάγματος,
836 1642 932 1695 καὶ
963 1642 1105 1696 κατὰ
1131 1642 1230 1706 τὴν
1256 1640 1536 1710 παροῦσαν
1556 1642 1849 1711 ἑρμηνείαν

280 1736 630 1805 ὲρμήνευσον
662 1735 756 1787 καὶ
781 1736 958 1786 ἐκεῖνο
992 1736 1054 1787 τὸ
1079 1733 1398 1800 κεφάλαιον,
1450 1735 1544 1786 καὶ
1589 1733 1709 1786 εἰπὲ
1745 1735 1848 1797 ὅτι,

280 1828 331 1878 εί
396 1826 495 1893 μὲν
554 1829 583 1879 ὁ
615 1827 706 1880 ἐπὶ
758 1827 969 1892 αἱρέσει
1002 1826 1348 1889 παιδοποιίας
1399 1824 1577 1878 λαϐὼν
1609 1827 1840 1894 πρᾶγμα

282 1916 657 1986 βεϐαρημένον
677 1917 735 1969 ὲν
757 1917 917 1986 ὑγεία
943 1918 1198 1987 ἀποκτιρῇ
1227 1917 1407 1987 ἀγαθῇ
1436 1919 1639 1985 χάριτι,
1663 1917 1840 1980 καλῶς

283 2005 373 2059 ἵνα
427 2007 731 2077 καταλείψῃ
791 2006 926 2058 αὑτὸ
978 2008 1058 2067 είς
1124 2007 1368 2066 εὐσεϐεῖς
1425 2007 1639 2066 αἰτίας,
1674 2007 1764 2059 κού⁸
1814 2009 1847 2077 ἡ

281 2093 732 2156 ύποκατάστασις
794 2095 1169 2165 ἀπρακτήσει·
1224 2096 1273 2147 εί
1325 2095 1381 2147 δὲ
1430 2097 1488 2147 ἐν
1542 2097 1621 2162 τῷ
1672 2097 1849 2167 καιρῷ

278 2186 381 2253 τῆς
428 2185 751 2248 τελευταίας
796 2186 1079 2255 ἀναπνοῆς
1146 2186 1316 2241 αὑτοῦ
1370 2188 1431 2240 οὑ
1487 2187 1850 2258 παραπέμψει

279 2275 439 2327 τοῦτο
497 2278 575 2338 είς
631 2276 873 2340 εὐσεϐεῖς
935 2279 1134 2341 αἰτίας,
1185 2278 1273 2330 διά
1320 2280 1383 2330 τὸ
1439 2279 1704 2345 ἁτονῆσαι
1750 2278 1850 2349 τὴν

280 2369 522 2438 αἵρεσιν,
574 2370 667 2422 καὶ
728 2370 914 2435 ἕξουσι
963 2370 1149 2441 χώραν
1202 2372 1268 2424 τὰ
1307 2374 1407 2442 τῆς
1467 2372 1854 2427 ὑποκαταστά·

284 2479 445 2526 astes.

354 2558 598 2610 ΖΩΝΑΡ.
640 2559 736 2620 Ὃς
791 2558 1053 2627 ὑγιαίνων
1091 2560 1189 2627 μὲν
1249 2560 1601 2630 ὑπερετίθετο
1653 2561 1852 2631 βαπτι-

285 2649 502 2719 σθῆναι.
559 2652 793 2719 νοσήσας
826 2650 883 2703 δὲ
923 2654 1020 2705 καὶ
1071 2652 1323 2705 κίνδυνον
1382 2653 1512 2723 περὶ
1555 2656 1654 2722 τὴν
1704 2652 1852 2724 ζωὴν

285 2740 645 2810 ὑφορώμενος
703 2743 1034 2813 ἐϐαπτίσθη,
1090 2739 1244 2805 οὗτος
1297 2746 1375 2807 είς
1421 2744 1727 2815 ἱερωσύνην
1789 2747 1850 2798 οὑ

286 2830 719 2899 προαχθήσεται.
751 2833 912 2884 Δοκεῖ
935 2832 1041 2904 γὰρ
1071 2833 1473 2887 ἀναϐάλλεσθαι
1503 2835 1564 2887 τὸ
1595 2835 1853 2904 φώτισμα

282 2918 374 2971 διά
427 2919 487 2971 τὸ
537 2919 816 2990 φιλήδονον
866 2923 958 2975 καὶ
1003 2923 1351 2992 φιλόσαρκον,
1411 2926 1509 2979 καὶ
1563 2927 1625 2977 τὸ
1676 2926 1852 2981 θέλειν

283 3012 487 3074 avt-5m;
521 3011 642 3082 ζῇν,
673 3015 765 3066 καὶ
793 3014 1098 3085 ὑπαχθῆναι
1140 3015 1218 3083 τῷ
1270 3017 1421 3087 ζυγῷ
1467 3017 1560 3069 τοῦ
1613 3018 1851 3085 Εὑαγγε-

283 3102 400 3154 λίου
436 3103 532 3171 (5),
574 3108 668 3157 καὶ
701 3106 757 3170 ἐξ
786 3106 1087 3176 ἀνάγκηςὴ
1125 3108 1313 3168 πίστις
1366 3108 1551 3171 αὐτοῦ,
1598 3108 1715 3161 ἀλλ’
1752 3112 1851 3163 οὑκ

1956 624 2054 679 Ubi
2082 634 2134 680 te
2154 626 2434 689 invenero,
2486 626 2595 678 illic
2636 637 2688 679 te
2728 626 3005 693 judicaho.
3071 627 3227 693 Apud
3275 625 3521 679 homines

1953 724 2133 770 autem
2185 731 2291 771 nou
2346 717 2616 771 videbitur
2672 732 2793 771 csse
2844 722 3055 771 tonsus.
3122 716 3302 782 Quare
3366 717 3414 769 si
3469 717 3518 769 ci

1953 809 2153 878 aliquid
2248 808 2493 863 relictum
2570 818 2758 867 esset.
2824 810 2927 863 sub
2987 811 3091 862 hac
3173 809 3517 869 conditione,

1954 901 1997 953 si
2026 909 2215 953 tonsus
2256 909 2423 962 esset,
2460 908 2659 952 etcum
2714 901 2767 953 iu
2818 899 2928 953 vita
2955 910 3122 962 esset,
3180 909 3371 955 tonsus
3410 917 3517 955 non

1952 1002 2054 1052 est,
2091 993 2185 1046 sed
2226 993 2278 1045 in
2311 1004 2553 1046 extremo
2583 992 2774 1061 spiritu
2807 993 2973 1046 vitam
3009 994 3368 1048 monasticam
3402 994 3516 1047 ele-

1954 1086 2050 1154 git,
2080 1096 2131 1137 et
2168 1085 2247 1139 sic
2283 1095 2531 1137 mortuus
2566 1093 2686 1149 est;
2736 1099 2842 1137 non
2898 1084 3133 1153 accipiet
3173 1084 3290 1151 ejus
3347 1083 3521 1138 luercs

1952 1192 2074 1246 quae
2104 1177 2152 1230 ei
2186 1177 2368 1230 relicta
2397 1186 2545 1239 sunt,
2579 1186 2836 1244 tanquam
2867 1176 3087 1243 impleta
3136 1174 3297 1229 fuerit
3331 1175 3520 1231 condi-

1956 1270 2032 1321 tio
2071 1266 2717 1352 :sedlcondemnahitur,
2767 1273 2952 1333 utpote
3010 1265 3155 1333 quod
3228 1265 3521 1320 defunctus

1954 1375 2062 1414 nou
2093 1370 2283 1413 tonsus
2310 1360 2478 1413 fuisse
2502 1359 2652 1411 visus
2682 1358 2775 1421 sit,
2813 1369 2869 1412 et
2906 1358 3029 1412 ideo
3065 1357 3309 1412 conditio
3342 1358 3522 1411 nullas

1951 1451 2099 1515 vires
2154 1450 2427 1505 habuerit.
2493 1447 2635 1518 Lege
2687 1459 2741 1502 et
2800 1449 2884 1501 tit.
2917 1449 2939 1500 1
3000 1449 3096 1503 lib.
3124 1465 3196 1510 tv,
3236 1464 3359 1517 cap.
3385 1448 3438 1511 5,
3466 1448 3521 1502 in
3558 1464 3561 1469 '

1954 1545 2138 1600 medio
2168 1544 2329 1614 primi
2367 1558 2487 1608 cap.
2530 1544 2588 1596 ll
2622 1544 2705 1596 tit.
2752 1543 3035 1611 przesentis
3076 1542 3262 1609 operis
3291 1543 3344 1595 in
3373 1557 3523 1597 com-

1952 1638 2208 1705 pendium
2281 1635 2606 1700 redaetum;
2662 1642 2717 1688 et
2779 1632 2903 1702 quas
2948 1643 3078 1687 sunt
3139 1634 3283 1691 circa
3362 1633 3521 1689 linem

1956 1730 2114 1800 primi
2172 1730 2370 1799 capitis
2421 1728 2650 1784 secundi
2721 1729 2862 1782 tituli
2930 1728 3213 1795 praesentis
3251 1728 3434 1795 Operis
3468 1734 3525 1779 et:

1953 1822 2254 1875 secundum
2306 1829 2621 1888 praesentem
2685 1819 3190 1887 interpretationem
3248 1816 3377 1871 illud
3432 1832 3526 1869 ca-

1954 1928 2049 1986 put
2085 1931 2331 1984 expone:
2364 1925 2418 1970 et
2442 1916 2549 1977 dic,
2584 1915 2725 1983 quod
2752 1915 2794 1968 si
2826 1915 2895 1974 is.
2944 1916 3036 1982 qui
3078 1914 3181 1967 sub
3218 1913 3521 1969 liberorum

1951 2008 2270 2063 conditione
2319 2023 2432 2060 rem
2492 2008 2729 2074 aliquam
2776 2016 3053 2075 gravatam
3126 2005 3425 2074 acceperit.
3465 2004 3523 2059 in

1951 2102 2186 2155 sanitate
2240 2108 2435 2153 tonsus
2509 2097 2677 2151 fuerit
2734 2099 2871 2150 bona
2904 2098 3099 2166 gratia,
3135 2106 3283 2151 recte
3304 2111 3421 2151 eam
3453 2098 3523 2149 ad

1952 2191 2067 2263 pias
2108 2206 2303 2245 causas
2359 2191 2649 2258 relinquat,
2679 2199 2731 2243 ot
2783 2189 3054 2242 restitutio
3118 2188 3357 2243 cessabit
3393 2187 3519 2240 :sin

1953 2295 2132 2339 autem
2168 2286 2221 2338 in
2262 2284 2492 2338 extremi
2544 2284 2776 2352 spiritus
2838 2293 3106 2349 tempore,
3143 2297 3261 2335 eam
3290 2280 3355 2333 ad
3408 2282 3524 2346 pias

1952 2391 2151 2431 causas
2180 2376 2658 2437 nontransmittet,
2697 2375 2839 2444 quod
2920 2372 3153 2428 invalida
3190 2371 3349 2426 fuerit
3387 2387 3524 2426 con-

1953 2467 2109 2527 ditio.
2141 2479 2193 2520 et
2225 2468 2405 2522 locum
2445 2467 2661 2521 habebit
2691 2467 2986 2521 restitutio.
3404 2478 3417 2485 ‘
3524 2480 3527 2481 '

2024 2558 2275 2613 ZONAR.
2335 2558 2662 2627 Quicunque
2721 2559 3013 2613 incolumis
3064 2559 3321 2628 baptismi
3378 2559 3523 2614 diem

1954 2652 2177 2723 longius
2225 2654 2485 2713 extraxit.
2546 2652 2745 2705 deinde
2805 2668 2938 2706 vero
3006 2631 3197 2706 morbo
3234 2662 3527 2721 grassante

1953 2746 2225 2813 salutique
2259 2755 2509 2800 metuens
2534 2744 2762 2799 salutari
2808 2744 3030 2798 lavacro
3060 2744 3281 2798 ablutus
3313 2754 3418 2807 est,
3456 2748 3524 2799 ad

1952 2836 2243 2890 sacerdotii
2308 2836 2535 2905 gradum
2599 2851 2706 2889 non
2766 2836 3200 2905 promovebitur.
3286 2835 3524 2890 Utenim

1954 2927 2218 2995 voluptati
2255 2941 2318 2980 ac
2361 2927 2685 2983 libidinibus
2722 2927 3051 2997 indulgeret,
3100 2928 3381 2997 vitamque
3411 2929 3527 2984 dis-

1955 3017 2133 3072 solute
2187 3030 2392 3088 ageret,
2456 3030 2622 3087 atque
2687 3036 2716 3073 a
2751 3020 2885 3090 jugo
2936 3022 3213 3093 Evangelii
3265 3024 3525 3081 immunis

1952 3119 2118 3174 esset,
2148 3111 2354 3166 idcirco
2401 3113 2673 3182 baptismo
2713 3129 2922 3167 moram
2967 3116 3363 3185 interposuisse
3397 3130 3526 3168 cen-

287 3197 352 3247 ὲκ
387 3197 763 3265 προαιρέσεως
787 3197 1043 3265 γενέσθαι
1072 3201 1341 3267 φαίνεται.
1370 3201 1431 3252 Ei
1464 3201 1520 3253 δὲ
1558 3201 1850 3264 σπουδαῖος

1957 3202 2161 3257 sendus
2193 3213 2278 3257 est
2307 3220 2323 3268 ;
2356 3204 2697 3274 proindeque
2728 3207 2794 3258 ab
2840 3205 2931 3258 illo
2987 3206 3138 3267 lidcs,
3190 3207 3526 3260 necessitate

290 3289 427 3355 μετά
472 3287 533 3340 τὸ
567 3287 855 3357 βάπτισμα
886 3294 1028 3360 φανῇ
1059 3294 1188 3361 περὶ
1220 3294 1318 3362 τὴν
1361 3292 1472 3345 τῶν
1506 3294 1666 3351 θείων
1701 3295 1853 3346 ἐντο-

285 3377 395 3433 λῶν
422 3377 689 3446 φυλακὴν.
725 3379 818 3431 καὶ
838 3380 965 3449 περὶ
994 3379 1091 3449 τὴν
1126 3380 1307 3433 πίστιν
1338 3380 1576 3450 βέϐαιος,
1604 3381 1700 3436 καὶ
1717 3385 1855 3436 σπά-

283 3483 367 3525 νις
402 3466 487 3535 εἴη
517 3466 825 3536 ἀνθρώπων
855 3469 991 3538 πρὸς
1014 3469 1315 3541 ἱερωσύνην
1354 3470 1700 3539 ἐπιτηδείων,
1730 3472 1853 3526 τότε

284 3577 597 3627 γενησιεται.

294 3826 515 3885 ῘΡΙΣΤ.
592 3850 611 3881 ι
654 3834 711 3884 ὐ
762 3831 850 3883 διὰ
912 3830 1066 3883 νόσον
1117 3831 1431 3900 βαπτισθεὶς
1489 3834 1563 3903 μὴ
1622 3837 1854 3903 γινέσθω

365 3942 384 3970 ι
429 3923 825 3992 πρεσϐύτερος,
860 3924 907 3977 εί
959 3922 1035 3993 μὴ
1080 3923 1170 3976 διὰ
1218 3925 1309 3976 τὸν
1347 3924 1531 3991 ἀγῶνα
1559 3927 1651 3981 τὸν
1702 3929 1850 3997 ἑξῆς,

365 4033 384 4065 ι
426 4015 521 4066 καὶ
549 4016 748 4068 σπάνιν
781 4015 1111 4085 ἀνθρώπων.
1145 4034 1165 4068 ι

371 4106 429 4159 '0
456 4106 554 4176 μὲν
586 4110 658 4177 μή
710 4124 853 4170 τινος
880 4109 1129 4179 ἀνάγκης
1175 4110 1607 4182 κατεπειγούσης
1657 4113 1852 4181 ὲπιζηυ

288 4199 463 4266 τήσας
493 4199 553 4250 τὺ
584 4198 892 4269 βάπτισμα,
926 4201 1115 4271 ἐπειδὴ
1174 4202 1350 4256 πάντα
1401 4205 1573 4271 ῥύπον
1624 4202 1854 4273 ψυχικὸν

294 4290 480 4341 ἱκανόν
517 4291 668 4343 ἐστιν
705 4291 1019 4345 ἀποπλῦναι
1043 4294 1198 4355 αὑτὸ,
1222 4294 1318 4346 καὶ
1347 4295 1425 4357 εἰς
1458 4295 1851 4365 πρεσϐύτερον,

288 4384 386 4437 καὶ
420 4385 501 4445 είς
539 4385 857 4437 ’ἐπίσκοπον
955 4387 1383 4456 προαχθήσεται,
1451 4387 1635 4451 καθὼς
1665 4389 1855 4457 ὀγδοη-

287 4476 483 4537 κοστὸς
526 4478 706 4533 κανὼν
770 4477 876 4530 τῶν
931 4477 1103 4544 ἁγίων
1154 4479 1489 4542 ἀποστόλων,
1522 4483 1550 4533 ό
1596 4481 1850 4551 δεύτερος

1953 3296 2211 3357 quadam,
2268 3310 2376 3349 non
2440 3295 2608 3350 libera
2663 3297 2858 3350 animae
2905 3297 3209 3362 voluntate,
3260 3307 3523 3367 suscepta

1952 3388 2123 3440 videri
2157 3396 2355 3455 potest.
2388 3387 2544 3453 Quod
2577 3389 2621 3443 si
2668 3400 2853 3459 pOStea
2891 3390 3165 3461 baptismo
3188 3392 3441 3446 initiatus
3467 3393 3523 3445 in

1953 3481 2344 3536 exhauriendis
2384 3490 2609 3537 strenue
2643 3480 2738 3537 Dei
2792 3483 3063 3549 mandatis
3093 3498 3315 3552 operam
3368 3499 3523 3538 suam

1956 3573 2192 3642 ﬁdeique
2257 3574 2624 3628 constantiam
2693 3576 3029 3643 probaverit,
3068 3589 3122 3629 et
3152 3592 3284 3631 vero
3314 3576 3396 3632 sic
3432 3592 3527 3632 eo-

1956 3682 2097 3727 rum,
2167 3666 2257 3734 qui
2324 3668 2388 3719 ad
2444 3667 2781 3722 sacerdotale
2846 3684 3047 3723 munus
3126 3669 3304 3724 idonei
3370 3680 3522 3735 sunt,

1952 3761 2199 3827 paucitas
2226 3761 2474 3823 suadeat,
2503 3769 2630 3814 tunc
2661 3761 2995 3817 admittatur.

1954 3853 2184 3908 ABIST.
2252 3874 2271 3906 ι
2322 3855 2550 3925 Propter
2615 3858 2865 3910 morbum
2939 3859 3254 3929 baptizatus
3304 3877 3372 3915 ne
3433 3860 3527 3914 ﬁat

2030 3964 2047 3997 ι
2100 3948 2408 4018 presbyter,
2477 3949 2582 4003 nisi
2642 3950 2712 4003 ob
2743 3959 3020 4005 certamen
3048 3952 3191 4021 quod
3224 3963 3410 4021 postea
3433 3967 3526 4007 su-

2032 4056 2050 4088 ι
2101 4038 2283 4099 hierit,
2318 4046 2412 4091 aut
2437 4039 2727 4092 hominum
2761 4041 3062 4096 raritatem.
3112 4061 3131 4093 ι
3171 4028 3178 4035 ’

2025 4126 2127 4192 Qui
2164 4127 2384 4195 quidem
2423 4127 2569 4180 nulla
2601 4138 2827 4188 urgente
2872 4132 3201 4186 necessitate
3254 4116 3525 4203 laptisma

1954 4220 2225 4287 quecsivit,
2253 4221 2697 4289 quandoquidem
2732 4222 2870 4277 istud
2901 4222 2968 4277 ad
3009 4239 3225 4280 omnem
3270 4227 3526 4294 spiritua-

1955 4312 2057 4365 lem
2090 4311 2405 4366 diluendam
2436 4314 2655 4367 sordem
2693 4314 2969 4370 sulliciens
3003 4316 3097 4379 sit,
3135 4327 3190 4370 et
3222 4317 3273 4370 in
3300 4319 3528 4389 presby-

1956 4412 2133 4458 terum
2167 4414 2222 4459 et
2258 4406 2311 4459 in
2336 4407 2654 4475 episcopum
2695 4409 3207 4477 promovebitur,nt
3254 4413 3527 4480 octogesi-

1956 4511 2081 4549 mus
2140 4507 2459 4551 sanctorum
2542 4500 2917 4567 apostolorum
2986 4516 3191 4563 canon,
3244 4501 3524 4558 secundus

284 4567 384 4636 τῆς
416 4568 477 4620 ὲν
510 4568 717 4638 Νικαὶᾳ
744 4568 989 4631 συνόδου,
1019 4571 1047 4622 ὁ
1080 4570 1263 4638 τρίτος
1297 4571 1394 4638 τῆς
1441 4572 1499 4623 ὲν
1538 4572 1850 4643 Λαοδικείᾳ,

1961 4589 2153 4654 synodi
2189 4589 2472 4652 Nicaenae,-
2514 4593 2710 4645 tertius
2750 4578 3141 4655 ‘Laodicensis.
3177 4606 3230 4648 et
3278 4595 3525 4649 decimus

288 4659 383 4709 καὶ
416 4658 691 4721 όδὲκατος
743 4659 839 4727 τῆς
874 4660 929 4709 ἐν
986 4660 1317 4732 Καρθαγένῃ
1369 4661 1700 4733 διαγορεύειο
1733 4666 1761 4716 ὀ
1796 4666 1853 4717 δὲ

290 4750 381 4802 διὰ
404 4752 556 4802 νόσον
580 4751 929 4820 βαπτισθεὶς,
977 4752 1051 4815 ὡς
1093 4753 1166 4823 μὴ
1206 4754 1270 4804 ὲκ
1308 4757 1709 4824 προαιρέσεως,
1735 4758 1850 4809 ἀλλ’

287 4844 347 4907 ἐξ
380 4844 627 4910 ἀνάγκης
658 4843 972 4912 προσελθὼν
1005 4843 1081 4913 τῷ
1152 4845 1485 4915 φωτίσματι,
1518 4848 1618 4899 οὐκ
1678 4848 1851 4909 ἄλλως

289 4936 372 4996 εἰς
395 4935 694 5003 ἱερωσύνην
732 4937 1231 5006 παραδεχθήσετειι,
1277 4942 1326 4991 εί
1388 4941 1462 5007 μὴ
1503 4941 1852 5011 συνδράμωσι

289 5031 383 5079 καὶ
414 5029 720 5098 ἀμφότερα,
759 5029 821 5080 τὸ
862 5031 1061 5081 σπάνιν
1100 5047 1158 5083 τε
1218 5031 1519 5098 ἀξιολόγων
1549 5035 1853 5104 ἀνθρώπων

286 5116 459 5183 εἶναι,
504 5120 594 5172 καὶ
624 5120 685 5172 τὸ
736 5120 1111 5188 ἀγωνίσασθαι
1146 5122 1309 5175 αὑτὸν
1362 5124 1500 5193 μετά
1533 5126 1595 5178 τὸ
1653 5127 1854 5196 βάπτι-

291 5228 428 5275 σμα.

888 5304 1124 5356 ΚᾹΝΩΝ
1148 5306 1245 5358 1Γ’.

296 5414 313 5447 ι
356 5395 675 5463 Ἐπιχώριοι
706 5394 760 5445 δὲ
793 5394 1160 5465 πρεσϐύτεροι
1191 5396 1265 5468 (6)
1297 5398 1353 5449 ὲν
1383 5398 1459 5469 τῷ
1486 5402 1733 5474 κυριακῴ
1753 5403 1850 5473 τῆς

1960 4680 2414 4752 Carthaginensis
2474 4686 2848 4745 pronuntiant.
2905 4684 3009 4751 Qui
3063 4699 3241 4742 autem
3304 4697 3525 4758 propter

1961 4772 2212 4827 morbum
2248 4775 2558 4844 baptizatus
2616 4786 2720 4840 est,
2754 4785 2812 4830 ut
2844 4793 2951 4830 non
2984 4793 3049 4831 ex
3096 4779 3376 4846 proposito
3427 4778 3523 4833 sed

1963 4867 2295 4921 necessitate
2334 4868 2400 4920 ad
2441 4867 2891 4923 illuminationem
2945 4870 3193 4935 veniens,
3228 4887 3337 4925 non
3368 4870 3525 4924 aliter

1957 4958 2021 5011 ad
2049 4960 2412 5013 sacerdotium
2475 4961 2821 5025 admittetur,
2865 4962 2974 5016 nisi
3038 4964 3198 5017 amho
3229 4963 3345 5020 haec
3382 4979 3524 5017 con-

1954 5060 2200 5117 currant,
2243 5061 2294 5105 et
2320 5068 2525 5120 paucos
2575 5070 2697 5108 esse
2729 5056 2923 5124 dignus
2959 5056 3226 5112 homines.
3258 5058 3519 5129 etipsum

1954 5151 2077 5211 post
2102 5142 2368 5212 baptisma
2403 5142 2630 5197 multum
2663 5153 2923 5198 certasse.

2284 5386 2303 5403 ο
2522 5322 2753 5379 CANON
2801 5324 2938 5379 qu

1966 5428 1985 5461 ι
2035 5408 2227 5465 Vicani
2267 5422 2448 5467 autem
2509 5417 2808 5487 presbyteri
2843 5420 2895 5472 in
2938 5419 3090 5474 urbis
3121 5422 3402 5475 dominico
3433 5423 3518 5475 of-

1507 5520 1694 5583 Guill.
1733 5524 2057 5603 Beveregii
2103 5533 2291 5588 notas.

361 5617 437 5683 (Si)
472 5617 557 5692 Tui
592 5611 743 5692 Cuer
771 5612 878 5691 τοῦ
905 5614 1296 5692 Etiamsi/ou.
1353 5621 1660 5689 Lf'gl'ildlllll
1689 5625 1845 5692 juxta

292 5706 429 5743 mss.
460 5684 953 5761 .\t_iu-t_|iacltia_uutu
986 5695 1038 5761 c_t
1073 5686 1342 5761 (iallandi,
1382 5684 1539 5761 Ζῦγῴ
1595 5684 1705 5746 τοῦ⁷
1740 5698 1849 5747 Κυ-

293 5762 433 5831 ρίου,
466 5754 542 5821 τῷ
564 5756 733 5831 vitae),
763 5752 925 5831 λέγει),
959 5755 1037 5821 τῷ
1064 5757 1425 5830 εὑαγγελικῷ,

361 5828 438 5897 (ti)
475 5822 808 5888 Ἐπιχώριοι
853 5822 920 5873 δὲ
971 5822 1386 5895 πρεσϐύῒεροιί
1434 5830 1544 5885 Iloc
1579 5844 1682 5895 est,
1718 5835 1847 5889 Pre-

575 5918 839 5974 l’n'auL.
872 5921 985 5976 (iu.
1017 5919 1369 5979 CXXXVII.

1955 5629 2340 5710 sbylerifuris,
2366 5644 2421 5685 ιιι
2455 5633 2743 5710 Dionysius
2788 5639 3032 5705 Exiguus
3060 5650 3206 5694 recte
3236 5643 3413 5695 vertit.
3460 5644 3516 5695 lu

1958 5700 2062 5778 hoc
2088 5700 2234 5780 enim
2271 5713 2331 5780 _et
2381 5700 2627 5780 sequenti
2666 5700 3009 5780 canettetvcl
3040 5710 3219 5777 potius
3244 5710 3347 5764 hoc
3375 5712 3516 5775 solo,

1958 5770 2229 5853 siquidem
2269 5772 2323 5825 in
2347 5843 2357 5853 _
2378 5770 2652 5853 plerisque
2680 5778 3014 5853 editionihus
3041 5770 3095 5833 "is
3121 5782 3245 5835 huic
3284 5770 3519 5852 conjuu;

1962 5840 2129 5908 gitur)
2171 5840 2238 5894 de
2274 5840 2577 5912 episconis'
2605 5857 2659 5901 et
2710 5851 3045 5921 presbyteris
3104 5853 3248 5909 ruris
3311 5840 3516 5927 agi-tur,

3042 5945 3115 6004 39
