3990 6482
196 426 334 490 1229

1159 426 1242 487 ΙΝ
1285 425 1451 488 CAN.
1494 426 1627 485 XlV
1652 424 1859 486 CONC.
1903 424 2343 489 NEOC/ESAR.

3296 430 3433 493 1‘23)

192 544 596 616 προσκομίζειν
634 545 726 599 ἐπὶ
762 544 1099 615 λειτουργίᾳ,
1124 541 1248 595 οὔτε
1287 543 1451 611 ἄρτον
1508 541 1539 611 ἢ
1594 544 1755 610 ποτή-

1864 540 2091 607 olTerre,
2158 558 2222 596 eo
2286 545 2388 597 line
2449 544 2719 611 videlicet,
2778 552 2835 597 ut
2892 546 3064 599 sacris
3120 554 3439 614 cpercntur,

190 653 308 704 ριον
345 635 543 688 διδόναι
596 638 654 688 ὲν
716 640 869 706 εὐχῇ,
922 637 1201 687 τουτέστιν
1246 634 1367 688 οὐδὲ
1419 634 1530 686 τῶν
1589 634 1761 701 ἁγίων

186 727 382 797 δώρων
414 728 829 792 ἔξεστιν,αὐτοῖς
875 727 1213 796 μεταδιδόναι
1248 725 1326 796 τῷ
1375 725 1489 796 λαῷ
1515 726 1572 776 ὲν
1602 726 1759 795 εὐχῇ,

188 819 312 887 ἦτοι
349 820 406 871 ὲν
442 820 755 890 ἱερουργίας
783 820 980 891 καιρῷ.
1048 822 1110 873 Οἱ
1168 820 1279 889 γὰρ
1328 818 1659 889 προσφέρειν
1700 818 1759 871 οὐ

187 909 485 978 δυνάμενοι
514 911 634 963 οὐδὲ
660 914 726 963 τὰ
750 912 884 965 ἄλλα
909 913 975 965 τὰ
1018 915 1129 972 τοῖς
1163 911 1569 982 προσφέρουσιν
1626 912 1760 980 ἀνή-

190 1016 358 1053 κοντα
404 1001 724 1069 πράξουσιν.
774 1003 896 1054 Ἐὰν
953 1003 1009 1055 δὲ
1070 1004 1282 1055 ἀπῷσιν
1327 1005 1355 1056 ό
1398 1003 1495 1072 τῆς
1548 1002 1759 1064 πόλεως

191 1093 493 1155 ἐπίσκοπος
524 1095 617 1145 καὶ
659 1096 706 1146 οἱ
733 1097 789 1146 ὲν
821 1096 958 1164 αὐτῇ
1008 1096 1194 1165 ἱερεῖς,
1226 1097 1323 1148 καὶ
1351 1094 1524 1164 κληθῇ
1558 1094 1757 1164 χωρίου

191 1184 223 1252 ἢ
262 1184 457 1254 κώμης
492 1187 671 1257 ἱερεὺς
703 1189 781 1248 εἱς
812 1187 1001 1256 εὐχὴν,
1024 1187 1144 1239 τότε
1180 1189 1271 1239 καὶ
1299 1186 1406 1239 τῶν
1472 1184 1757 1267 ἀγιασίαά-

188 1294 300 1327 των
352 1278 728 1345 μεταδίδωσιν.

1867 634 2142 703 quidpiam
2197 634 2425 700 aﬂ'crre,
2478 651 2652 706 neque
2702 653 2894 707 panem
2960 650 3055 692 aut
3103 640 3328 692 calicem
3383 639 3437 691 in

1865 728 2179 794 precatione
2231 728 2464 793 tradere,
2505 728 2609 784 hoc
2636 741 2738 796 est,
2775 732 2971 801 populo
2999 741 3182 785 sancta
3214 747 3440 788 munera

1866 817 1920 868 in
1980 816 2327 884 precatione,
2419 819 2623 873 interea
2679 821 2889 874 scilicet
2934 819 3063 873 dum
3117 835 3270 875 sacra
3317 837 3442 890 per-

1867 916 2124 975 aguntur,
2156 906 2425 974 imprrtiri
2457 922 2777 963 concessum
2811 918 2916 965 est.
2969 909 3180 975 Quibus
3208 926 3443 979 namque

1869 999 2053 1065 aliquo
2101 1000 2153 1051 in
2207 1000 2325 1051 loco
2374 999 2633 1053 oll‘erendi
2684 1002 2914 1056 facultas
2946 1018 3052 1055 non
3088 1010 3190 1065 est,
3245 1011 3437 1054 ca'tera

1869 1105 2088 1158 quoque
2114 1090 2456 1144 offerentium
2502 1095 2720 1162 propria
2761 1109 2987 1147 munera
3023 1094 3126 1147 illis
3160 1093 3352 1148 eodem
3387 1096 3442 1146 in

1869 1182 1987 1236 loco
2018 1183 2169 1235 obire
2198 1198 2540 1252 nequaquam
2569 1185 2771 1240 licebit.
2823 1186 3155 1242 Abscntibus
3180 1201 3307 1240 vero
3328 1196 3440 1239 tum

1869 1277 2080 1330 urbano
2111 1279 2369 1347 episcopo
2409 1285 2525 1330 tum
2563 1279 2811 1347 ejusdem
2846 1280 2999 1333 urbis
3035 1279 3440 1340 sacerdotibus,

190 1372 238 1425 si
294 1388 357 1425 ex
421 1372 538 1424 vico
585 1386 678 1424 aut
721 1371 918 1441 oppido
964 1373 1028 1427 ad
1080 1375 1444 1440 precationem
1484 1371 1764 1440 presbyter
1803 1369 2137 1435 advocctur;
2169 1373 2216 1424 ei
2256 1380 2387 1425 tmte
2422 1375 2682 1441 temporis
2710 1390 2863 1425 saera
2930 1392 3148 1443 quoque
3216 1390 3443 1428 munera

130 1489 151 1505 ο
191 1464 460 1535 impertiri
497 1466 658 1517 licere
684 1464 965 1519 decretum
994 1475 1098 1519 est.

791 1605 1026 1656 ΚᾹΝΩΝ
1078 1607 1172 1657 ΙΔ’.

194 1735 213 1768 ι
252 1717 320 1768 Οἱ
355 1717 410 1769 δὲ
441 1718 847 1787 χωρεπὶσκοποι
875 1717 982 1767 εἱσι
1019 1718 1116 1783 μὲν
1142 1718 1219 1778 εἰς
1270 1717 1438 1768 τύπον
1472 1715 1577 1768 τῷν
1609 1714 1751 1769 ἐϐδο-

271 1829 289 1860 ι
336 1810 610 1879 μήκοντα·
641 1808 715 1867 ὡς
757 1808 812 1858 δὲ
845 1808 1270 1877 συλλειτουργοὶ,
1325 1808 1414 1861 διὰ
1456 1809 1552 1877 τὴν
1598 1826 1761 1859 σπου-

273 1924 290 1954 ι
328 1904 421 1972 δὴν
451 1902 551 1971 τὴν
582 1900 661 1962 εἰς
687 1901 811 1961 τοὺς
867 1902 1139 1969 πτωχοὺς,
1170 1901 1544 1970 προσφέρουσι
1580 1900 1750 1969 τιμώο

268 2018 284 2047 ο
330 2014 499 2066 μενοι.
554 2014 571 2045 ι

262 2111 456 2163 ΒΑΛΣ.
509 2112 599 2172 Εἰς
653 2109 819 2177 τύπον
892 2108 1000 2158 τῷν
1068 2106 1328 2176 μαθητῶν
1372 2106 1466 2157 τοῦ
1526 2107 1755 2169 Κυρίου.

185 2202 299 2255 τῶν
328 2201 534 2254 δώδεκα
570 2203 770 2271 δηλαδὴ
817 2201 1149 2261 ἀποστόλων,
1195 2198 1302 2250 τῷν
1347 2200 1441 2250 καὶ
1480 2197 1757 2249 λαὸόντων

184 2291 289 2360 τὴν
320 2292 480 2361 χάριν
526 2290 619 2343 τοῦ
654 2292 809 2359 ἁγίου
846 2290 1185 2359 Πνεύματος,
1213 2287 1353 2341 ὥστε
1388 2290 1613 2355 δεσμεῖν
1660 2286 1755 2339 καὶ

184 2381 359 2442 λύειν,
394 2381 813 2451 προεϐλήθησαν
841 2382 890 2432 οἱ
924 2382 1162 2449 ἑκάστης
1192 2379 1374 2448 χώρας
1437 2378 1754 2429 ἐπίσκοποι.

200 2474 357 2528 Ἐπεὶ
392 2476 445 2527 δὲ
479 2477 618 2526 κατὰ
659 2476 749 2525 τὸν
777 2476 970 2543 καιρὸν
1005 2473 1097 2525 τοῦ
1160 2470 1542 2541 σωτηριὼδους
1587 2468 1757 2537 κηρύσ

184 2584 396 2637 γματος
441 2569 512 2637 μὴ
543 2566 913 2635 ἐξαρκούντων
948 2568 1052 2616 τῶν
1082 2564 1287 2617 δώδεκα
1335 2561 1648 2614 ἀποστόλων
1680 2561 1757 2623 εἰς

186 2677 247 2712 τε
268 2661 369 2728 τὴν
398 2659 747 2711 διδασκαλίαν
806 2658 899 2732 τοο
945 2656 1305 2724 Εὐαγγελίου,
1376 2655 1467 2706 καὶ
1531 2655 1609 2714 εἰς
1660 2654 1757 2713 τὰς

186 2752 385 2815 λοιπὰς
415 2752 692 2814 διακονίας
724 2770 830 2803 των
868 2750 1319 2821 προσερχομένων
1342 2748 1417 2816 τῷ
1442 2746 1580 2815 Θεῷ,
1615 2761 1756 2813 παρ-

185 2847 501 2916 ελήφθησαν
548 2846 640 2896 καί
675 2845 725 2895 οἱ
791 2843 1164 2912 ἑϐδομήκοντα
1195 2840 1387 2910 ἄνδρες
1418 2840 1609 2899 οἵτινες
1638 2839 1755 2889 δια,

186 2941 418 3006 κονητα“ι
468 2936 564 3005 μὲν
627 2938 874 3001 ἐλέγοντο
925 2934 1017 2987 καὶ
1071 2933 1309 3002 μαθηταὶ
1363 2930 1456 2982 τοῦ
1512 2930 1752 3000 Κυρίου,

185 3033 436 3095 ἐξουσίαν
460 3033 514 3083 δὲ
552 3033 651 3081 οὐκ
704 3026 847 3099 εἶχον
898 3028 1113 3089 ἀφιέναι
1159 3026 1456 3094 ἁμαρτίας,
1489 3023 1564 3083 ὡς
1622 3020 1755 3089 μηδὲ

182 3127 442 3187 λαϐόντες
464 3130 559 3194 τὴν
588 3124 745 3193 χάριν
774 3122 866 3174 τοῦ
913 3120 1226 3189 [Ινεύματος
1255 3135 1267 3149 ⁶
1306 3117 1450 3179 ἔδοξε
1475 3118 1587 3176 τοῖς
1645 3116 1756 3165 [ια-

184 3221 353 3290 τρὰσι
379 3222 458 3281 εἰς
494 3217 663 3269 τύπον
693 3217 800 3269 τιῖιν
832 3214 1092 3267 τοιούτων
1140 3212 1517 3279 ἑϐδομήκοντα
1572 3208 1751 3277 μαθη-

183 3313 296 3365 τῶν
328 3310 780 3381 χωρεπισκόπους
805 3308 957 3376 παρὰ
984 3306 1092 3357 τῶν
1143 3304 1463 3355 ἐπισκόπων
1517 3301 1753 3370 προΰὰλ-
1782 3321 1823 3377 C

185 3404 378 3457 ἒεσθαι
410 3404 493 3473 ἐφ’
538 3398 581 3471 ᾧ
612 3403 703 3455 διὰ
734 3401 936 3455 τούτων
964 3398 1210 3466 γίνεσθαι
1240 3396 1337 3464 τὴν
1354 3398 1433 3456 εἱς
1459 3396 1584 3456 τοὺς
1619 3412 1758 3446 πτω-

180 3498 314 3566 χοὺς
346 3496 610 3560 διανομὴν
653 3493 745 3545 καὶ
776 3492 1021 3562 δαπάνην
1075 3490 1184 3542 τῶν
1216 3488 1510 3560 Κυριακῶν
1538 3490 1754 3559 χρημά-

180 3608 296 3642 των
326 3592 421 3640 καὶ
463 3586 756 3655 πτωχικῶν
790 3586 1123 3654 λεγομένων.
1162 3585 1252 3654 Τῷ
1274 3602 1357 3635 τοι
1382 3584 1505 3635 οὐδὲ
1535 3583 1755 3636 δύναται

185 3680 598 3749 πρεσϐυτέρους
648 3678 680 3745 ἦ
737 3676 1017 3738 διακόνους
1069 3677 1431 3745 χειροτονεῖν·
1474 3674 1589 3727 ἀλλ’
1636 3675 1755 3726 οὐδὲ

181 3770 408 3838 ἀφιέναι
441 3768 739 3837 ἁμαρτίας,
776 3764 963 3835 ὥσπερ
995 3765 1114 3817 οὐδὲ
1152 3766 1200 3817 οἱ
1240 3764 1614 3833 ἑϐδομήκοντα
1649 3780 1752 3831 μα-

180 3860 370 3930 θηταί.
409 3860 532 3912 Ὀτι
567 3857 621 3909 δὲ
662 3855 838 3927 χρεὼν
866 3852 932 3925 ἦν
964 3855 1188 3916 τούτους
1229 3855 1491 3923 τιμᾶσθαι
1521 3854 1606 3907 διὰ
1631 3856 1756 3917 τοὺς

183 3952 391 4014 κόπους
423 3949 621 4009 αὐτῶν,
676 3948 881 4017 ὥρισαν
952 3946 1273 4015 οἱΠατέρες
1336 3947 1500 4016 μηδὲν
1565 3947 1755 4017 ἕτερον

180 4044 410 4103 τούτους
453 4044 650 4101 ποιεῖν,
682 4039 799 4091 ἀλλ’
856 4038 887 4108 ἦ
944 4037 1019 4100 ὡς
1083 4036 1534 4107 συλλειτουργοὺς
1594 4039 1755 4107 μόνον

180 4136 516 4205 ἱερουργεῖν.
563 4134 650 4183 ‘liv
684 4131 737 4182 δὲ
763 4129 839 4198 τῷ
876 4130 1086 4200 δεκάτῳ
1127 4130 1315 4182 κανόνι
1368 4131 1466 4199 τῆς
1505 4131 1562 4181 ὲν
1632 4131 1749 4182 Ἀν-

181 4225 398 4295 τιοχείᾳ
442 4222 659 4275 συνόδου
699 4221 1103 4285 κεκανόνισται,
1135 4220 1262 4281 τοὺς
1303 4220 1755 4289 χωρεπισκόπους

184 4319 367 4369 ποιεῖν
390 4314 741 4381 ἀναγνώστας
758 4313 850 4364 καὶ
886 4310 1270 4373 ὑποδιακόνους
1293 4314 1385 4363 καὶ
1414 4310 1753 4381 ἑξορκιστάς.

182 4408 505 4478 Σημείωσαι
543 4402 635 4457 οὖν
673 4408 765 4456 καὶ
798 4402 906 4455 ἀπὸ
953 4402 1047 4453 τοῦ
1096 4402 1363 4470 παρόντος
1394 4403 1638 4465 κανόνος,
1674 4402 1755 4453 ὃτι

181 4502 284 4555 καὶ
314 4502 365 4554 οἱ
396 4502 559 4571 ἱερεῖς
593 4499 652 4551 οὐ
684 4498 937 4550 δύνανται
990 4494 1247 4564 δέχεσθαι
1305 4494 1603 4563 λογισμοὺς
1662 4496 1756 4546 καὶ

185 4588 742 4661 αφιέναυὰμαρτὶας,
777 4587 825 4638 εἱ
872 4587 947 4655 μὴ
1001 4583 1363 4654 ἑκχωρηοῶσι
1397 4584 1570 4637 ταῦτα
1605 4584 1757 4653 παρὰ

2402 1601 2505 1653 (ἰΛ
2535 1605 2577 1659 Ν,
2607 1599 2715 1655 ΟΝ
2774 1600 2909 1653 XIV.

1874 1733 1891 1764 ι
1921 1715 2308 1786 Cborcpiseopi
2330 1729 2507 1772 autem
2530 1727 2655 1771 sunt
2674 1718 2888 1784 quidem
2913 1714 3211 1768 imitatione
3227 1721 3443 1781 septua-

1948 1828 1966 1858 r
2005 1810 2172 1877 ginta.
2238 1809 2497 1863 Utautem
2548 1809 2931 1870 counuinistri,
2964 1807 3440 1875 proptersludium

1945 1921 1961 1951 ι
2008 1900 2059 1953 ἱη
2099 1918 2386 1970 pauperes,
2424 1902 2655 1955 offerunt
2691 1902 2960 1954 honorati.
2990 1919 3005 1948 ι

1933 2101 2127 2157 BALS.
2184 2106 2238 2157 lu
2271 2106 2444 2158 locum
2468 2107 2861 2175 discipulorum
2892 2105 3436 2167 Domini,‘”duodecim

1862 2195 2071 2248 scilicet
2120 2200 2530 2264 apostolorum,
2587 2200 2679 2267 qui
2738 2200 2899 2253 etiam
2963 2198 3203 2264 Spiritus
3262 2199 3435 2253 sancti

1860 2285 2086 2353 gratiam
2126 2297 2477 2353 acceperunt,
2533 2296 2588 2341 ut
2620 2289 2852 2358 ligarent
2884 2300 2937 2343 et
2970 2293 3265 2348 solverent.
3318 2306 3440 2357 pro-

1862 2376 1993 2427 moti
2029 2388 2153 2430 sunt
2187 2379 2623 2448 uniuscujusque
2676 2383 2915 2450 regionis
2948 2382 3209 2451 episcopi.
3302 2382 3438 2447 Quia

1861 2476 2042 2520 autem
2092 2470 2349 2524 salutaris
2396 2473 2797 2539 praedicationis
2850 2482 3093 2540 tempore
3134 2490 3238 2527 non
3288 2477 3441 2529 suifr-
3516 2516 3527 2519 ν

1860 2561 2073 2612 ciebant
2133 2561 2200 2614 12
2272 2565 2502 2631 apostoli
2551 2566 2617 2618 ad
2670 2566 2974 2619 doctrinam
3038 2566 3333 2637 Evangelii,
3384 2577 3439 2622 ct

1863 2651 2068 2718 reliqua
2090 2654 2388 2708 ministeria
2421 2671 2630 2718 eorum,
2669 2658 2757 2727 qui
2785 2657 2850 2710 ad
2881 2657 3046 2712 Deum
3068 2660 3399 2715 accrdebaut
3418 2701 3434 2719 .

1859 2746 2121 2813 assumpti
2168 2758 2295 2799 sunt
2328 2749 2490 2801 etiam
2526 2752 2865 2829 septuaginta
2900 2753 3022 2815 viri,
3059 2755 3149 2818 qui
3184 2754 3438 2806 dicebau-

1860 2849 1949 2891 tur
1995 2839 2213 2905 quidem
2249 2840 2483 2894 ministri
2517 2854 2570 2895 et
2602 2843 2854 2911 discipuli
2905 2844 3146 2907 Domini,
3197 2863 3299 2899 non
3338 2847 3437 2898 ha-

1859 2928 2059 2981 bebant
2112 2939 2295 2983 autem
2346 2930 2660 2986 facultatem
2714 2935 3021 2989 dimittendi
3083 2947 3326 3004 peccata,
3379 2948 3437 2991 ut

1859 3022 1947 3089 qui
1978 3038 2154 3090 neque
2190 3024 2428 3091 Spiritus
2462 3026 2688 3093 gratiam
2721 3028 3091 3095 accepissent:
3147 3030 3318 3082 visum
3349 3040 3436 3083 est

1860 3110 2130 3176 l’atribus,
2182 3115 2245 3165 ad
2296 3116 2601 3182 cxeutplum
2652 3132 2839 3169 eorum
2889 3121 3229 3188 septuaginta
3267 3122 3435 3175 disci-

1860 3206 2131 3274 pulorum,
2184 3207 2608 3277 chorepiscopos
2664 3210 2730 3263 ab
2779 3212 3048 3280 episropis
3084 3216 3429 3282 promoveri:

1860 3307 1917 3349 ut
1948 3314 2043 3365 per
2069 3314 2163 3353 cos
2193 3299 2344 3353 ﬁeret
2380 3304 2707 3369 pauperibus
2758 3303 3071 3358 distributio
3111 3318 3163 3360 et
3193 3322 3432 3375 expensa

1860 3390 2262 3444 Doniinicarum
2323 3396 2700 3463 pecuniarum,
2769 3404 2821 3447 ct
2872 3412 3062 3450 eorum
3123 3416 3244 3466 qua:
3295 3418 3434 3453 πτω-

1856 3486 2005 3555 χικὰ,
2046 3501 2138 3539 seu
2173 3503 2470 3555 pauperum
2508 3488 2669 3550 bona,
2705 3490 2981 3543 dicuntur.
3070 3492 3432 3557 Quamobrem

1858 3592 1957 3630 nec
1995 3586 2224 3643 possunt
2255 3579 2471 3645 quidem
2499 3581 2847 3648 presbyteros
2878 3582 2971 3657 vel
2995 3584 3254 3639 diaconos
3280 3586 3433 3638 ordi-

1857 3686 2025 3734 nare;
2078 3671 2171 3724 sed
2210 3686 2309 3723 nec
2362 3682 2584 3741 peccata
2620 3672 2920 3737 dimittere,
2971 3678 3430 3747 quemadmodum

1858 3776 1956 3815 nec
2007 3763 2349 3830 septuaginta
2404 3763 2683 3832 discipuli.
2793 3765 2929 3830 Quia
2987 3777 3165 3822 autem
3216 3786 3430 3839 aequum

1855 3862 1995 3916 erat,
2026 3866 2081 3907 ut
2109 3855 2143 3907 ii
2174 3863 2394 3924 propter
2423 3871 2552 3911 suos
2584 3857 2800 3912 labores
2839 3859 3265 3925 honorarentur,
3316 3873 3433 3920 sta-

1858 3955 2081 3999 tuerunt
2129 3946 2317 3999 l’atres
2365 3956 2423 4000 ut
2458 3948 2490 3999 ii
2528 3949 2660 4000 nihil
2690 3950 2835 4003 aliud
2870 3951 3137 4018 facerent,
3176 3973 3336 4024 quam
3375 3971 3433 4011 ut

1857 4049 2112 4107 tauquam
2151 4040 2513 4094 comministri
2548 4056 2704 4094 sacra
2741 4044 2919 4097 solum
2948 4046 3307 4102 celebrarent.
3373 4050 3431 4104 In

1857 4132 2065 4184 decimo
2093 4142 2271 4185 autem
2314 4148 2524 4187 canone
2576 4135 2769 4203 synodi
2820 4136 3174 4191 Antiocheam
3208 4149 3429 4194 cautum

1856 4232 1959 4288 est,
1998 4234 2055 4276 ut
2086 4224 2463 4295 ehorepiscopi
2499 4228 2701 4280 faciant
2725 4228 2959 4283 lectores
2983 4240 3034 4283 et
3063 4233 3431 4287 subdiaconos

1856 4324 1909 4370 ct
1943 4317 2267 4371 exorcistas.
2328 4318 2468 4372 Nota
2490 4335 2621 4389 ergo
2648 4330 2701 4374 et
2725 4336 2789 4374 ex
2815 4321 2915 4374 hoc
2941 4325 3193 4389 prrescnti
3221 4338 3431 4378 canone

1856 4408 1999 4476 quod
2058 4409 2220 4462 etiam
2274 4410 2588 4465 sacerdotes
2647 4427 2754 4465 non
2804 4422 3033 4481 possunt
3081 4425 3427 4483 peccatormn

1858 4500 2235 4554 confessiones
2271 4502 2541 4569 excipere,
2598 4511 2651 4557 et
2682 4516 2900 4574 peccata
2952 4506 3267 4571 remittere,
3324 4508 3426 4562 nisi

1857 4605 1919 4643 ca
1952 4592 2021 4643 ab
2052 4591 2309 4659 episcopo
2342 4591 2450 4645 illis
2483 4607 2745 4647 concessa
2788 4594 3025 4648 fuerint:
3082 4600 3432 4666 quandoqui-

182 4686 283 4740 τοῦ
318 4682 651 4737 ἐπισκόπουο
694 4682 819 4733 ἐπεὶ
868 4678 988 4730 οὐδὲ
1050 4679 1097 4729 οἱ
1151 4678 1563 4747 χωρεπίσκοποι
1598 4677 1755 4729 τοῦτο

1862 4682 1979 4736 dem
2031 4698 2132 4737 nec
2184 4683 2285 4737 hoc
2340 4695 2572 4753 possunt
2624 4686 3037 4755 chorepiscopi;
3099 4691 3191 4757 qui
3249 4699 3425 4743 tamen

177 4780 465 4839 δύνανται,
507 4774 727 4826 πλείονα
776 4770 1075 4823 καὶταῦτα
1107 4772 1382 4839 προνόμια
1434 4769 1584 4838 παρὰ
1629 4770 1753 4831 τοὺς

182 4873 354 4940 ἱερεῖς
391 4869 624 4937 ἔχοντες.
653 4866 777 4916 Ὅτι
806 4863 863 4915 δὲ
901 4864 953 4913 οἱ
982 4862 1357 4930 ἐϐδομήκοντα
1388 4861 1631 4930 μαθηταὶ
1659 4860 1753 4913 τοῦ

182 4966 394 5034 Κυρίου
430 4964 527 5014 οὐκ
559 4959 703 5030 εἶχον
732 4958 979 5023 ἐξουσίαν
1013 4957 1233 5025 ἀφιέναι
1275 4957 1571 5025 ἁμαρτίας,
1594 4955 1751 5024 δῆλόν

180 5062 336 5111 ἐστιν
368 5057 429 5107 ὲκ
458 5054 558 5121 τῆς
595 5053 776 5122 βὶὅλου
812 5051 921 5103 τῶν
963 5048 1339 5102 ἀποστολικῶν
1370 5048 1630 5118 Πρᾶξεων
1652 5064 1666 5078 ο
1697 5050 1754 5100 ὲν

178 5147 215 5224 ᾖ
249 5149 529 5217 ἱστόρηται
554 5148 581 5197 ὁ
614 5144 902 5205 Φίλιππος,
952 5145 978 5194 ό
1027 5143 1137 5195 τῶν
1170 5141 1311 5194 ἑπτα
1351 5141 1616 5193 διακόνων
1669 5134 1749 5202 εἷς

177 5218 429 5299 καταϐὰς
479 5238 558 5295 εἰς
614 5234 951 5304 Σαμάρειαν,
992 5234 1087 5285 καὶ
1138 5232 1407 5302 βαπτίσας
1476 5231 1702 5294 πολλούς
1734 5248 1750 5264 ·

175 5335 270 5401 ἐφ’
301 5330 393 5391 οὓς
424 5330 828 5383 ἁπεστάλκασιν
856 5328 904 5378 οἱ
938 5326 1225 5379 ἀπόστολοι
1267 5325 1472 5394 Πέτρον
1509 5326 1603 5377 καὶ
1640 5324 1752 5377 Ὶω·

177 5430 375 5494 ἁννην,
431 5423 627 5482 οἵτινες
666 5418 995 5481 ἀπελθόντες
1050 5417 1341 5471 ὲπετίθουν
1402 5418 1501 5481 τὰς
1558 5420 1748 5487 χεῖρας

171 5524 295 5582 τοῖς
328 5514 691 5587 βαπτισοεῖσι,
739 5512 831 5565 καὶ
859 5510 1164 5581 ἐλάμϐανον
1192 5513 1416 5582 Πνεῦμα
1442 5513 1615 5580 ἆγιον.
1649 5512 1754 5565 Οὕ-

174 5629 270 5663 πω
295 5613 402 5679 γὰρ
436 5605 500 5679 ἦν
535 5608 620 5659 ἐπ’
646 5605 824 5658 οὐδενὶ
854 5604 1035 5657 αὐτῶν
1064 5606 1467 5669 ἐπιπεπτωκός.

256 5701 500 5755 ΖΩΝΑΡ.
542 5702 605 5752 Οἱ
658 5700 757 5768 μὲν
810 5698 1097 5750 ἐπίσκοποι
1145 5700 1224 5760 εἱς
1278 5697 1451 5751 τύπον
1514 5700 1622 5751 τῶν
1684 5698 1755 5769 ιβ’

172 5794 496 5848 ἀποστόλων
558 5794 719 5855 εἰσὶν,
766 5786 848 5851 οἷς
887 5790 1212 5859 ἑμφυσήσας
1244 5791 1271 5841 ό
1305 5790 1506 5860 Κύριος
1555 5793 1747 5861 ἔφησε,

174 5887 403 5943 Λάϐετε
469 5886 707 5951 Πνεῦμα
770 5884 980 5951 ἅγιονα
1029 5880 1104 5933 ἄν
1156 5899 1334 5935 τινων
1400 5883 1591 5952 ἀφῆτε
1643 5885 1750 5950 τὰς

1853 4777 2003 4843 plura
2062 4776 2257 4829 habent
2311 4779 2591 4846 privilegia
2640 4793 2803 4847 quam
2853 4782 3191 4835 sacerdotes.
3268 4780 3425 4846 Quod

1853 4878 2035 4921 autem
2090 4869 2431 4935 septuaginta
2471 4869 2725 4936 discipuli
2762 4869 2973 4922 Domini
3010 4886 3118 4923 non
3154 4872 3425 4925 habebant

1856 4958 2164 5013 facultatem
2205 4960 2509 5014 remittendi
2544 4968 2785 5027 peccata,
2819 4960 3028 5014 clarum
3055 4970 3138 5015 est
3185 4978 3250 5014 ex
3290 4962 3426 5015 libro

1850 5052 2107 5104 Actorum
2139 5053 2547 5119 apostolorum:
2609 5054 2661 5103 in
2693 5066 2803 5119 quo
2834 5051 3088 5105 scribitur
3119 5051 3425 5122 Philippum
3494 5040 3501 5049 ’

1859 5156 1921 5195 ex
1944 5150 2148 5210 septem
2174 5144 2419 5194 diaconis
2452 5158 2639 5205 unmu,
2668 5142 3018 5197 descendisse
3052 5144 3103 5195 in
3124 5143 3425 5197 Samariam

1858 5240 1911 5286 et
1941 5234 2243 5301 haptizasse
2278 5232 2511 5299 multos;
2547 5233 2613 5287 ad
2645 5250 2783 5302 quos
2812 5238 3077 5289 miserunt
3105 5235 3270 5307 414
3299 5254 3428 5305 ιψυι

1858 5325 1980 5379 stoli
2009 5325 2227 5379 Petrum
2260 5337 2311 5379 et
2339 5325 2635 5391 Joannem;
2691 5327 2783 5397 qui
2831 5328 3047 5397 quidem
3079 5345 3144 5383 eo
3177 5329 3425 5398 profecti,

1858 5417 2235 5485 imposuerunt
2288 5435 2481 5474 manus
2526 5421 2592 5472 iis
2646 5422 2733 5488 qui
2768 5420 3027 5490 baptizati
3086 5421 3321 5487 fuerant,
3371 5434 3426 5475 ct

1856 5520 2186 5580 acceperunt
2239 5512 2497 5580 Spiritum
2548 5523 2820 5569 sanctum.
2909 5517 2968 5568 In
3016 5516 3223 5568 nullum
3277 5515 3420 5568 enim

1854 5620 2042 5657 eorum
2074 5604 2249 5658 adhuc
2286 5606 2666 5660 descenderat.

1926 5694 2175 5748 ZONAR.
2242 5696 2491 5765 Episcopi
2523 5700 2739 5767 quidem
2771 5700 2823 5753 in
2874 5702 3155 5755 duodecim
3207 5710 3426 5767 aposzo-

1854 5786 2026 5840 lorum
2075 5788 2247 5840 locum
2297 5788 2505 5843 sullecti
2556 5800 2701 5856 sunt,
2752 5794 2946 5861 quibus
2996 5807 3119 5845 eum
3156 5790 3423 5844 sulllassct

1855 5878 2135 5945 Dominus,
2188 5880 2439 5950 Accipite,
2470 5883 2663 5953 inquit,
2694 5885 2950 5951 Spiritum
3002 5896 3264 5949 sanctum,
3294 5898 3427 5936 auo-
