3990 6482
634 429 774 494 1231

579 501 597 529 \

595 630 599 674 ζ
629 627 822 695 quibus
855 631 1108 692 praetcrea
1143 619 1377 688 Spiritus
1409 619 1583 670 sancti
1636 619 1864 682 gratiam
1916 615 2038 670 aliis
2067 632 2202 685 qao-

627 735 732 788 que
790 714 1192 786 communicare
1244 725 1564 766 concessum
1614 718 1716 764 est.
1814 707 2202 775 Chai-episcopi

629 827 756 866 vero
793 809 859 863 70
891 806 1262 876 apostolorum
1300 804 1602 857 imitatione
1636 803 1917 857 constituti
1946 819 1961 867 ;
2005 803 2206 870 quibus

627 904 861 973 Spiritus
905 900 1079 954 sancti
1119 897 1345 965 gratiam
1378 897 1499 950 aliis
1531 897 1807 965 impertire
1859 909 2204 963 nequaquam

627 997 981 1070 permissum.
1057 992 1213 1059 Quod
1240 991 1460 1060 quidem
1491 1006 1552 1044 ex
1586 988 1846 1044 Actorum
1882 989 2018 1041 libro
2048 988 2207 1041 facile

629 1097 876 1160 apparet,
928 1088 981 1140 iu
1033 1101 1140 1154 quo
1167 1091 1627 1138 commemoratur
1657 1079 1939 1150 Philippus
1971 1095 2111 1133 unus
2139 1095 2204 1133 ex

627 1193 836 1253 septem
860 1180 1103 1234 diaconis
1132 1175 1482 1231 descendisse
1514 1176 1566 1228 in
1595 1173 1920 1239 Samariam,
1947 1184 1998 1228 et
2033 1174 2208 1242 bapti-

628 1289 783 1329 zasse
819 1272 1038 1332 multos,
1089 1269 1154 1323 ad
1188 1283 1325 1338 quos
1375 1268 1598 1320 mittunt
1626 1267 1854 1335 apostoli
1893 1266 2110 1320 Petrum
2152 1274 2205 1318 et

627 1369 912 1428 Joannem,
961 1364 1051 1434 qui
1107 1361 1386 1415 venientes
1418 1359 1703 1429 baptizatis
1740 1373 1931 1414 manus
1960 1358 2206 1426 impone-

625 1461 776 1518 liant,
811 1454 1259 1524 ac-eipiebantque
1293 1452 1554 1520 Spiritum
1589 1463 1859 1503 sanctum.
1953 1447 2203 1503 Nondum

623 1553 772 1607 enim
823 1554 879 1606 in
934 1565 1261 1620 quemquam
1325 1547 1541 1600 illorum
1598 1545 1977 1598 descenderat.

627 1660 756 1715 ergo
795 1643 849 1696 in
900 1642 966 1693 70
1011 1640 1188 1694 locmn
1225 1637 1600 1706 rhorepiscopi
1639 1637 2024 1699 successerint,
2083 1651 2205 1706 pro-

630 1737 754 1788 inde
799 1735 908 1788 illis
960 1749 1133 1801 neque
1189 1731 1536 1800 presbyteros
1583 1723 1754 1797 neque
1783 1729 2046 1781 diaconos
2081 1742 2202 1781 cre—

629 1823 776 1886 andi,
829 1823 1026 1892 quippe
1079 1821 1170 1889 qui
1228 1821 1400 1874 sancti
1453 1816 1691 1887 Spiritus
1743 1818 1970 1888 gratiam
2020 1818 2205 1890 largiti

1849 418 2136 478 TIIEOD.
2209 417 2296 476 BA
2308 418 2608 478 [ΞΛΜοΝ

589 527 597 597 ᾇ
630 556 749 593 rum
778 534 1080 591 remiseritis
1109 539 1322 599 peccata
1349 527 1851 587 remittuntur-eis“,
1887 538 1939 580 ct
1970 538 2163 580 caetera
2188 546 2201 578 :

2308 529 2618 596 ἁμαρτίας,
2649 530 3166 597 ἀρίενταιαίιτοῖς,
3202 533 3296 584 καὶ
3325 533 3390 588 τὰ
3419 535 3541 604 ἑξῆς
3563 553 3577 566 ο
3604 536 3673 599 οἷς
3700 544 3817 617 metu]

2065 1543 2209 1598 Cum

3714 431 3816 498 1232

2311 622 2404 673 καὶ
2431 623 2464 692 ἡ
2495 623 2593 690 τῆς
2619 624 2843 692 χάριτος
2871 623 2967 675 τοῦ
3000 625 3155 692 ἀτὶου
3183 627 3493 696 Πνεύματος
3523 631 3650 699 πρὸς
3671 634 3818 700 ἄλλους

2307 715 2557 784 διανομή.
2611 715 2674 769 0i
2720 716 2775 768 δὲ
2800 717 3208 787 χωρεπίσκοποι
3241 721 3319 780 εἰς
3345 721 3511 773 τύπον
3541 723 3640 773 τῶν
3669 730 3823 779 θ’ἁπο.

2311 805 2519 859 στόλων
2553 807 2722 859 εἰσιν·
2757 803 2992 861 οἷστισιν
3021 811 3122 863 οὐκ
3155 812 3311 881 ἐδόθη
3339 817 3369 880 ἡ
3395 813 3494 880 τῆς
3535 817 3730 884 χάριτος
3750 820 3820 872 τιῦ

2311 898 2468 962 ἁγίου
2500 898 2822 968 Πνεύματος
2847 899 3194 972 διανέμησις.
3259 906 3369 957 Καὶ
3429 905 3587 958 τοῦτο
3619 907 3750 976 δῆλον
3776 913 3820 965 ἐκ

2307 994 2406 1060 τῆς
2429 990 2614 1060 βίϐλου
2648 991 2750 1044 τῶν
2783 992 3066 1064 Πράξεων,
3103 997 3160 1046 ἐν
3259 997 3539 1067 ἱστόρηται
3565 1000 3591 1051 6
3612 1001 3819 1065 Φίλιππος

2308 1083 2337 1132 6
2376 1081 2486 1132 τῶν
2524 1081 2666 1134 ἑπτὰ
2699 1083 2971 1136 διακόνων
3000 1081 3106 1147 εἷς,
3155 1087 3402 1149 καταϐὰς
3430 1090 3509 1144 εἰς
3543 1090 3816 1158 Σαμάρειαν,

2309 1175 2404 1224 καὶ
2461 1172 2736 1244 βαπτίσας
2799 1177 3052 1242 πολλοὺς,
3096 1178 3182 1247 ἐφ’
3233 1178 3327 1237 οὓς
3372 1184 3752 1240 ἀπεστάλκασιν
3784 1194 3818 1243 οἱ

2308 1266 2599 1320 ἀπόστολοι
2648 1269 2854 1339 Πέτρον
2878 1270 2972 1322 καὶ
3014 1271 3292 1342 Ἰωάννην,
3325 1273 3521 1336 οἵτινες
3553 1278 3817 1345 ἀπελθόντες

2309 1358 2597 1412 ἐπετίϐουν
2627 1362 2725 1424 τὰς
2781 1364 2974 1432 χεῖρας
3016 1365 3129 1425 τοῖς
3161 1361 3529 1431 βαπτισθεὼι,
3585 1371 3666 1421 καὶ
3693 1372 3816 1440 ἐλὰμ·

2309 1450 2472 1503 ϐανον
2527 1453 2752 1523 Πνεῦμα
2800 1453 2979 1522 ἆγιον.
3043 1456 3210 1509 Οὔπω
3248 1457 3359 1525 γὰρ
3418 1453 3487 1529 ἦν
3553 1461 3636 1513 ἐπ’
3688 1465 3819 1518 οΜενὶ

2312 1543 2491 1597 αὐτῶν
2527 1546 2938 1611 ἐπιπεπτωκός.
2977 1549 3065 1610 Εἰς
3096 1550 3268 1602 τύπον
3307 1547 3399 1604 οὖν
3438 1551 3547 1605 τῶν
3578 1551 3618 1606 ο¹
3647 1555 3767 1619 ὄντες
3786 1560 3823 1610 οἱ

2308 1640 2741 1708 χωρεπισκοποι,
2779 1640 2866 1694 διὰ
2913 1640 3074 1694 τοῦτο
3109 1643 3230 1695 οὐδὲ
3262 1645 3659 1715 πρεσϐυτέρους
3736 1649 3822 1702 δια-

2309 1732 2500 1794 κόνους
2565 1733 2996 1803 χειροτονοῦσιν,
3066 1729 3156 1788 οἷα
3227 1737 3361 1806 μηδὲ
3409 1738 3509 1808 τὴν
3568 1741 3712 1809 χάριν
3755 1744 3824 1794 τοῦ
3873 1799 3878 1804 _

2310 1823 2627 1894 Πνεύματος
2659 1826 2924 1897 παρέχειν
2968 1828 3259 1898 δυνάμενοι
3288 1847 3303 1860 ·
3367 1833 3688 1904 προσφέρειν
3713 1833 3759 1888 δὲ
3781 1837 3823 1888 οὐ

623 1931 734 1967 non
779 1925 1039 1984 possent,
1095 1913 1323 1966 facultas
1366 1912 1538 1964 data:
1597 1909 1791 1964 olferre
1851 1922 2070 1970 autem.
2131 1914 2201 1964 oh

2309 1916 2611 1968 κωλύονται
2641 1917 2728 1971 διὰ
2758 1921 2857 1990 τὴν
2889 1921 3128 1991 σπουδὴν
3159 1923 3256 1992 τὴν
3313 1924 3396 1986 εἰς
3451 1926 3576 1988 τοὺς
3625 1930 3825 1997 πτωχοὺς

625 2024 744 2062 eam
779 2021 986 2064 curam,
1027 2009 1202 2073 ‘quam
1257 2003 1310 2054 in
1368 2017 1632 2072 pauperes
1657 2001 1925 2070 juvandos
1954 2001 2206 2056 confere-

630 2102 778 2161 bant,
827 2097 880 2150 in
920 2098 1126 2149 honore
1182 2092 1347 2147 habiti
1381 2092 1523 2146 haud
1557 2091 1935 2159 prohibentur.
1994 2091 2204 2161 Quippe

626 2191 873 2246 redditus
919 2187 1298 2248 ecclesiarum,
1326 2185 1524 2253 quibus
1558 2189 1841 2248 praeerant,
1875 2183 2202 2252 pauperibus

621 2284 865 2356 elargiri,
927 2294 1225 2347 eorumque
1283 2275 1589 2331 commodis
1647 2275 1982 2344 prospicere,
2037 2274 2200 2328 chor-

619 2375 862 2447 episcopi
894 2373 1198 2433 debebant;
1255 2387 1318 2425 ac
1349 2371 1402 2423 in
1443 2369 1668 2432 honore,
1718 2373 1810 2438 qui
1847 2367 1899 2422 id
1937 2368 2196 2432 facerent,

623 2468 982 2524 habebantur.
1037 2465 1191 2530 Quod
1221 2464 1266 2517 si
1301 2462 1586 2531 pecuniam
1610 2461 1945 2516 Dominicam
1979 2463 2032 2514 iu
2065 2478 2197 2530 pau-

2307 2006 2633 2078 τιμώμενοι.
2685 2008 2793 2074 Τὰς
2839 2013 2949 2082 γὰρ
3005 2013 3114 2066 τῶν
3170 2016 3503 2085 ἐκκλησιῶν,
3571 2013 3639 2070 ὧν
3705 2025 3824 2090 προῖ-

2307 2116 2525 2162 σταντο,
2551 2104 2849 2171 προσόδους
2875 2108 2955 2167 εις
2999 2110 3248 2178 πτωχοὺς
3287 2111 3599 2164 ἀναλίσκειν
3624 2112 3824 2179 ὤφειλον,

2306 2194 2400 2245 καὶ
2427 2196 2780 2262 προνοεῖσθαι
2811 2198 3017 2260 αὐτῶν,
3070 2201 3166 2254 καὶ
3231 2202 3393 2256 τοῦτο
3447 2205 3708 2267 ποιοῦντες
3743 2208 3825 2260 ἐτι-

2309 2283 2514 2352 μῶντο.
2567 2288 2625 2340 Εἰ
2658 2287 2713 2341 δὲ
2741 2292 2857 2352 τοῖς
2888 2294 3332 2362 χωρεπισκόποις
3393 2295 3658 2365 ὀφείλημα
3691 2294 3744 2368 ἦν
3775 2301 3824 2351 τὰ

2307 2381 2545 2446 κυριακὰ
2611 2381 2876 2451 χρήματα
2956 2383 3060 2448 εἰς’
3122 2378 3374 2458 πτυᾶοὺς
3424 2389 3673 2461 δαπανᾷν,
3709 2389 3822 2460 πόσῳ

2306 2469 2506 2536 μᾶλλον
2536 2473 2692 2526 τοῦτο
2721 2478 2834 2538 τοῖς
2862 2477 3182 2542 ἐπισκόποις
3215 2479 3520 2547 destiterat;

623 2579 779 2636 peros
818 2560 1054 2617 conferri
1087 2576 1114 2612 a
1146 2558 1555 2628 chorepiscOpis
1585 2558 1825 2626 oportuit
1857 2555 1882 2612 ἐ
1913 2566 2131 2626 quanto,
2165 2559 2217 2614 id
2273 2565 2466 2634 magis,
2513 2577 2770 2640 tanquam
2803 2572 3044 2628 debitum
3085 2583 3137 2628 et
3185 2577 3418 2653 justum,
3505 2581 3568 2632 ab
3612 2581 3821 2648 episcopis

620 2657 765 2725 exigi
807 2651 1240 2709 arbitrabimur?

622 2746 852 2804 ARIST.
894 2764 912 2796 ι
951 2744 1240 2815 Presbyter
1282 2745 1394 2798 ruri
1429 2747 1630 2818 degens
1652 2747 1707 2801 in
1735 2748 1970 2806 civitatis
2009 2748 2207 2822 t'emplo

699 2860 716 2890 ι
764 2856 830 2893 ne
885 2836 1102 2904 oderat,
1164 2839 1267 2892 nisi
1323 2839 1617 2910 cpiscopus
1669 2851 1725 2895 et
1779 2852 1926 2896 totus
1980 2845 2206 2916 presby-

699 2957 714 2982 ι
763 2944 1003 2987 terorum
1078 2947 1255 2988 canus
1329 2933 1584 2988 abfuerit.
1698 2935 1756 2990 Si
1837 2952 1967 2990 vero
2006 2938 2203 2994 ablue.

693 3044 717 3072 4
768 3025 930 3089 rint,
985 3035 1038 3078 et
1079 3026 1195 3092 ipse
1252 3035 1500 3088 vocetur,
1558 3024 1735 3081 offert.
1817 3027 2200 3098 Chorepiscopi

697 3138 714 3164 4
763 3126 943 3171 autem
999 3127 1057 3169 ut
1114 3117 1478 3172 comministri
1534 3119 1804 3183 offerunt,
1859 3124 2199 3193 septuaginta

699 3227 718 3256 ι
770 3209 946 3261 locum
980 3208 1306 3262 obtinentes.
1349 3226 1366 3258 ι

693 3299 798 3366 QQ
830 3301 883 3353 in
913 3301 1173 3370 parmciis
1202 3301 1271 3355 ab
1303 3301 1577 3371 episcopis
1623 3302 1948 3358 ordinantur
1975 3307 2203 3377 presby-

621 3393 722 3448 teri
756 3393 809 3447 in
839 3393 1080 3448 civitatis
1111 3393 1313 3461 templo
1343 3409 1497 3449 sacra
1532 3395 1710 3458 facere
1740 3410 1846 3452 non
1879 3399 2205 3467 permittun-

623 3498 734 3551 tur,
792 3487 834 3540 si
891 3486 1204 3556 episcopus
1233 3493 1328 3540 aut
1379 3487 1684 3558 presbyteri
1721 3491 1962 3548 Civitatis
1999 3493 2200 3547 adsint.

625 3580 721 3632 Sin
754 3593 944 3632 omnes
978 3577 1181 3637 absint.
1235 3585 1288 3631 et
1324 3578 1522 3648 aliquis
1555 3580 1873 3636 vicanorum
1924 3586 2202 3654 presbyte-

627 3686 812 3725 rorum
846 3672 910 3723 ad
944 3671 1310 3738 precationem
1343 3681 1588 3738 vocetur,
1636 3680 1691 3726 et
1723 3675 1919 3731 oﬂerre
1951 3686 2004 3733 et
2045 3695 2201 3734 sacra

625 3766 805 3819 facere
840 3779 946 3816 non
981 3753 1326 3832 prohibetur.
1410 3763 1802 3838 Chorepiscopi
1851 3777 2028 3825 autem
2075 3781 2200 3826 tan-

617 3849 788 3927 'quau'.
863 3854 1225 3909 comministri
1293 3856 1714 3928 episcoporum,
1790 3870 1843 3915 et
1926 3863 2202 3929 honorati,

621 3949 752 4017 quia
806 3948 972 4001 etiam
1033 3946 1378 4016 septuaginta
1434 3957 1618 4020 typum
1673 3950 1894 4018 ferunt,
1950 3955 2202 4023 quamvis

623 4039 864 4094 civitatis
939 4038 1229 4108 cpisCOpns
1305 4049 1358 4094 ct
1430 4043 1733 4114 presbyteri
1814 4045 2037 4109 adsint,
2117 4045 2201 4100 vel

625 4145 732 4185 non
787 4129 994 4193 adsint,
1052 4131 1107 4184 in
1159 4130 1399 4186 civitatis
1455 4136 1655 4203 templo
1681 4137 1800 4190 sine
1834 4137 2202 4205 prohibitione

623 4222 1036 4277 ministrabant.

1189 4336 1503 4393 CANON
1555 4339 1665 4394 XV.

631 4444 649 4477 ‹
681 4425 898 4482 Diaconi
928 4436 1131 4496 septem
1163 4443 1283 4481 esse
1312 4429 1512 4482 debent
1543 4446 1609 4484 ex
1633 4446 1859 4496 canone,
1879 4431 2039 4484 etiam
2059 4431 2102 4484 si
2133 4433 2203 4486 sit

705 4539 722 4569 ι
763 4535 954 4589 magna
982 4521 1191 4573 civitas.
1222 4518 1394 4590 Hujus
1409 4532 1586 4575 autem
1608 4524 1682 4577 rei
1710 4523 1864 4576 fidem
1890 4523 2044 4578 faciet
2069 4523 2203 4577 liber

708 4627 726 4658 ι
770 4613 1051 4663 Actorum.
1098 4627 1115 4657 ι

699 4699 888 4755 BALS.
957 4701 1204 4756 Praesens
1255 4719 1424 4757 canon
1455 4713 1536 4758 cst
1566 4705 1845 4774 expositus
1900 4706 1950 4759 in
1994 4721 2202 4763 canone

628 4794 696 4845 te
751 4804 917 4847 sextae
953 4795 1144 4864 synodi
1178 4807 1232 4850 et
1262 4810 1364 4848 non
1401 4806 1615 4866 oportet
1643 4796 1710 4852 de
1737 4799 1928 4852 eodem
1967 4799 2202 4870 amplius

626 4885 898 4940 incassum
926 4888 1193 4943 laborare.

703 4978 954 5035 ZONAR.
1007 4981 1080 5035 De
1118 4983 1221 5036 hoc
1253 4997 1460 5036 canone
1502 4996 1690 5036 sextus
1741 4983 1986 5038 decimus
2037 4995 2200 5039 sexta:

627 5073 818 5142 synodi
869 5089 1041 5127 canon
1085 5075 1322 5130 disserit.
1397 5076 1471 5129 Eo
1521 5078 1662 5131 enim
1715 5079 1814 5131 loci
1847 5078 2201 5133 diaconorum

622 5181 856 5229 nomen,
912 5168 1060 5234 quod
1108 5169 1159 5221 in
1213 5171 1366 5225 Actis
1417 5171 1666 5236 habetur,
1718 5174 1784 5226 ab
1815 5171 1976 5241 hujus
2011 5175 2201 5243 synodi

623 5257 877 5314 Palribus
913 5259 1056 5312 haud
1111 5263 1184 5314 ita
1235 5263 1642 5319 accommodate
1694 5267 2023 5335 explicatum
2078 5283 2198 5322 esse

621 5351 880 5405 diximus.
971 5353 1170 5408 lterum
1213 5357 1401 5411 eadetn
1459 5357 1547 5411 hic
1601 5358 1784 5413 dicere
1817 5371 1910 5413 aut
1959 5361 2199 5416 scribeie

621 5457 850 5500 necesse
881 5460 986 5498 llOlI
1020 5457 1122 5500 ρει.

727 5580 772 5610 ’³
806 5579 995 5634 Matth.
1031 5598 1120 5644 xx,
1160 5583 1249 5638 ‘25.

2319 2749 2543 2800 ΑΡΙΣΤ.
2593 2767 2612 2800 ι
2683 2749 3017 2823 Ἐπιχὼριος
3049 2755 3424 2826 πρεσϐύτερος
3466 2757 3546 2820 εἰς
3603 2758 3711 2811 ναὸν
3757 2758 3823 2811 1:6-

2393 2859 2411 2891 ι
2449 2840 2586 2905 λεως
2614 2843 2675 2895 οὺ
2709 2845 3034 2916 προσφέρει,
3061 2850 3110 2899 εἰ
3141 2847 3216 2917 μὴ
3247 2848 3483 2902 ἄπεστιν
3508 2853 3534 2903 ὁ
3565 2851 3824 2911 ἐπίσκοπος,

2385 2953 2404 2983 ‹
2445 2938 2540 2986 καὶ
2595 2936 2655 2988 τὸ
2687 2937 3088 3007 πρεσϐυτέριον
3123 2942 3265 2996 ὅλον.
3307 2943 3438 2995 Ἐὰν
3473 2943 3530 2996 δὲ
3561 2944 3733 3009 ἀπῶσι,
3758 2947 3824 2996 καὶ

2390 3046 2406 3078 ι
2448 3028 2690 3087 καλοῖτο.
2724 3033 3016 3100 προσάγει.
3065 3035 3130 3087 Ol
3193 3036 3382 3104 μέντοι
3453 3037 3818 3108 χωρεπίσκοποι,

2386 3138 2404 3170 ι
2442 3121 2520 3184 ὡς
2559 3119 2972 3194 συλλειτουργοὶ
3035 3129 3432 3197 προσφέρουσι,
3491 3130 3596 3182 τῶν
3641 3131 3820 3202 ἐϐδομή-

2387 3232 2406 3264 ι
2447 3231 2612 3267 κοντα
2643 3215 2735 3269 τὸν
2765 3218 2932 3270 τόπον
2971 3221 3283 3289 ἐπέχοντες.
3320 3242 3339 3273 ι

2382 3306 2446 3358 ΟΞ
2497 3308 2967 3380 χειροτονούμενοι
3016 3312 3381 3386 πρεσϐύτεροι
3448 3319 3508 3370 ἐν
3568 3318 3820 3389 παροικίας

2311 3396 2462 3466 παρὰ
2492 3396 2600 3450 τῶν
2634 3399 2950 3452 ἐπισκόπων
2982 3400 3319 3471 λειτουργεῖν
3369 3407 3436 3457 οὐ
3471 3408 3813 3477 συγχωροῦνται

2306 3493 2386 3554 εἰς
2437 3493 2563 3546 ναὸν
2625 3495 2856 3561 πόλεως,
2915 3497 3182 3567 παρόντος
3245 3501 3551 3554 ἐπισκόπου
3608 3501 3689 3554 καὶ
3742 3499 3819 3551 τῶν

2306 3605 2696 3676 πρεσϐυτέρων
2727 3608 2822 3676 τῆς,
2858 3608 3088 3673 πόλεως.
3140 3610 3267 3663 Ἐὰν
3323 3611 3379 3664 δὲ
3448 3613 3639 3678 πάντες
3684 3612 3817 3666 enim

2306 3701 2399 3750 καὶ
2428 3701 2643 3753 καλοίτό
2667 3719 2753 3765 τις
2781 3705 2890 3757 τῶν
2919 3705 3232 3776 ἐπιχωρίων
3263 3710 3645 3780 πρεσϐυτέρων
3668 3711 3731 3772 εἰς
3751 3707 3814 3758 εὖ·

2305 3791 2425 3860 χὴν,
2465 3795 2798 3864 προσφέρειν
2826 3796 2946 3849 τότε
2976 3799 3072 3850 καὶ
3099 3799 3440 3870 λειτουργεῖν
3463 3805 3523 3856 οὐ
3555 3801 3813 3855 κεκώλυται.

2305 3884 2369 3934 0i
2429 3886 2624 3954 μέντοι
2689 3889 3123 3959 χωρεπίσκοποι,
3190 3895 3267 3956 ὡς
3324 3895 3707 3968 συλλειτουργοὶ
3741 3893 3816 3944 τῶν

2305 3975 2633 4036 ἐπισκόπων.
2687 3979 2782 4030 καὶ
2827 3977 3124 4050 τιμώμενοι
3182 3981 3269 4036 διὰ
3299 3984 3360 4035 τὸ
3415 3984 3627 4054 ἐπέχειν
3661 3975 3817 4034 καὶτὸν

2304 4066 2472 4119 τύπον
2544 4068 2652 4120 τῶν
2712 4069 3103 4143 ἐϐδομήκοντα,
3158 4075 3260 4146 κᾷν
3319 4075 3524 4148 ἐνδημῇ
3576 4077 3602 4129 6
3649 4075 3817 4128 ἐπισκο-

2308 4175 2407 4220 πος
2431 4157 2529 4228 τῆς
2561 4161 2790 4227 πόλεως,
2825 4164 2920 4216 καὶ
2953 4165 3003 4216 οἱ
3061 4165 3448 4239 πρεσϐύτεροι,
3487 4169 3586 4222 κᾶν
3615 4168 3696 4238 μὴ,
3739 4167 3814 4218 λει-

2303 4251 2701 4321 τουργήσουσιν
2733 4255 3030 4320 ἀκωλύτως
3075 4259 3133 4311 ἐν
3164 4260 3242 4330 τῷ
3273 4261 3386 4332 ναῷ
3417 4265 3517 4332 τῆς
3546 4263 3742 4323 πόλεως.

2877 4350 3116 4402 ΚΑΝΩΝ
3170 4352 3274 4409 ιε’.

2310 4453 2330 4484 ι
2367 4435 2617 4490 Διάκονοι
2648 4439 2788 4492 ἐπτὰ
2817 4440 3127 4510 ὀφείλουσιν
3162 4438 3306 4499 εἶναι
3361 4447 3505 4500 κατὰ
3529 4447 3614 4500 τὸν
3648 4444 3813 4503 κανόνα.

2386 4550 2403 4581 ι
2445 4531 2546 4584 κᾶν
2578 4533 2720 4585 πάνυ
2775 4533 3052 4609 μεγάληῇ
3093 4538 3268 4604 πόλις.
3332 4541 3620 4614 Πεισθείσῃ
3663 4541 3710 4593 δὲ
3739 4539 3814 4593 ἀπὸ

2383 4642 2400 4673 ι
2436 4625 2533 4692 τῆς
2566 4623 2752 4695 βίϐλου
2785 4627 2892 4681 τῶν
2921 4630 3196 4700 Πράξεων.
3238 4651 3256 4683 ι

2381 4714 2574 4770 ΒΑΛΣ.
2624 4718 2682 4770 Ὀ
2707 4717 2900 4790 παρὼν
2927 4721 3107 4775 κανὼν
3133 4724 3210 4793 (8)
3246 4726 3567 4797 ἡρμηνεύοη
3592 4727 3644 4778 ἐν
3665 4725 3726 4794 τῷ
3761 4728 3812 4785 ις’

2308 4806 2495 4858 κανόνι
2523 4807 2620 4876 τῆς
2649 4810 2816 4880 ἕκτης
2849 4812 3092 4876 συνόδου,
3127 4816 3222 4868 καὶ
3247 4817 3306 4868 οὑ
3333 4817 3439 4889 χρὴ
3469 4819 3595 4888 περὶ
3633 4817 3723 4869 τῶν
3744 4814 3812 4865 αὖ-

2305 4906 2414 4955 των
2447 4917 2593 4967 ματα
2603 4906 2856 4958 ιοπονεῖν.

2377 4993 2625 5046 ΖΩΝΛΡ.
2668 4995 2727 5047 Ὀ
2765 4997 3150 5064 ἐξκαιδέκατος
3183 5002 3364 5055 κανὼν
3394 5004 3494 5072 τῆς
3523 5004 3675 5071 ἕκτης
3701 4998 3813 5052 συνό-

2303 5086 2394 5138 δου
2425 5088 2554 5156 περὶ
2578 5087 2769 5140 τούτου
2797 5089 2892 5142 τοῦ
2921 5093 3145 5156 κανόνος
3195 5095 3572 5165 διαλαμϐάνει.
3603 5085 3809 5161 κἘἴρηται

2300 5176 2394 5232 οὖν
2419 5182 2535 5231 ἐκεῖ
2561 5182 2709 5245 ὅπως
2752 5184 2854 5236 οὐκ
2883 5187 3157 5256 εὐστόχως
3184 5189 3233 5241 οἰ
3282 5189 3384 5258 τῆς
3418 5191 3631 5244 συνόδου
3654 5185 3811 5252 ταύτης

2299 5271 2358 5323 τὸ
2389 5274 2447 5323 ἐν
2479 5274 2598 5335 ταῖς
2645 5273 2882 5344 Πράξεσι
2915 5277 3021 5330 τῶν
3051 5279 3314 5335 διακόνων
3344 5285 3513 5355 ὄνομα
3529 5282 3809 5352 ἐξειλήφασιι

2299 5367 2378 5418 Τὰ
2408 5367 2547 5419 αὐτὰ
2577 5363 2668 5419 οὖν
2698 5373 2791 5420 καὶ
2821 5371 2980 5422 πάλιν
3018 5371 3197 5438 λέγειν
3227 5373 3261 5443 ἦ
3309 5378 3546 5446 γράφειν
3574 5377 3665 5428 οὑκ
3689 5374 3811 5434 sva;-

2299 5481 2470 5516 καιον.

1857 5705 2042 5770 Guill.
2081 5707 2409 5786 Beveregii
2443 5723 2631 5776 noue.

687 5801 762 5868 (8)
792 5798 858 5878 _'0
887 5801 1090 5879 παρὼν
1119 5802 1333 5879 κανών.
1378 5802 1502 5879 llaec
1534 5805 1874 5863 Balsamonis
1905 5811 2177 5879 interpreo

617 5879 750 5923 talio
792 5871 846 5923 in
881 5875 1070 5927 codice
1120 5874 1552 5930 Amerbachiano
1617 5886 1727 5933 tota
1787 5871 2178 5950 desideratur;

2289 5811 2468 5936 sedtii:
2495 5818 2617 5875 aliis
2641 5823 2893 5879 omnibus
2915 5824 3195 5881 codicibus
3221 5808 3374 5896 teque
3399 5844 3458 5884 ac
3483 5829 3533 5882 in
3565 5824 3804 5880 Bodleiano

2290 5898 2386 5936 exs
2416 5903 2443 5936 ιι
2475 5926 2490 5936 .

2256 5935 2262 5946 ,
2290 5898 2490 5941 exstat.
