3990 6482
459 372 597 436 Hi3

1020 499 1332 557 CANON
1395 506 1458 559 ll.

463 601 481 633 ι
522 581 576 636 Si
607 585 730 654 quis
767 601 916 651 eum,
968 591 1056 659 qni
1089 608 1306 646 carnem
1343 596 1461 650 sine
1493 595 1758 667 sanguine
1805 610 1858 652 et
1912 599 2033 652 ido-

529 693 549 726 ι
591 678 800 748 lothyto
851 692 904 735 et
960 683 1226 738 sull‘ocato
1270 702 1393 738 cum
1449 687 1646 756 pietate
1693 699 1746 742 et
1792 690 1895 744 ﬁde
1937 705 2034 744 eo-

531 787 550 820 ι
577 766 811 836 'medit,.
843 782 1100 842 tanquam
1131 818 1146 838 ,
1205 789 1426 848 propter
1491 781 1805 848 hujusmodi
1843 798 2034 851 perce-

528 881 548 913 ι
588 865 853 933 ptionem,
907 884 1058 936 spem
1086 886 1193 923 non
1229 872 1518 927 habentem
1555 875 1906 935 condemnat.
1963 875 2037 930 sil.

532 973 553 1005 ε
588 959 894 1012 anathema.
941 979 959 1012 ι

527 1049 725 1102 BALS.
813 1053 1088 1122 Scriptum
1138 1066 1221 1109 est
1270 1059 1323 1111 in
1377 1060 1515 1111 libro
1567 1059 1843 1125 Actuum,
1891 1062 2035 1130 quod

453 1155 579 1194 cum
637 1151 756 1196 orta
795 1157 944 1200 esset
999 1152 1373 1204 controversia
1421 1150 1488 1205 de
1533 1152 1955 1206 circumcisione
1983 1162 2038 1208 et

454 1235 838 1291 observatione
870 1238 1031 1308 legis,
1081 1257 1147 1292 an
1179 1243 1429 1297 tidelibus
1461 1255 1646 1298 essent
1679 1246 2034 1311 necessariae;

451 1323 648 1381 Petrus
710 1329 928 1397 quidem
1006 1335 1382 1401 apostolorum
1455 1353 1704 1393 summus
1758 1356 1818 1392 ea
1876 1340 2036 1403 dixit,

454 1431 575 1485 qua!
606 1421 712 1474 illie
743 1421 961 1478 divinus
992 1425 1209 1494 scripsit
1249 1426 1459 1482 Lucas:
1511 1428 1603 1484 Dei
1643 1440 1822 1485 autem
1875 1429 2043 1485 frater

452 1509 689 1566 Jacobus
733 1513 872 1569 dixit
927 1532 1032 1569 non
1081 1532 1204 1572 esse
1254 1519 1502 1574 molestia
1557 1519 1868 1576 alliciendos
1925 1538 2039 1586 eos,

453 1601 547 1671 qni
603 1613 761 1658 erant
819 1623 884 1660 ex
934 1608 1211 1676 gentibus,
1271 1609 1366 1664 sed
1415 1621 1671 1678 oportere
1717 1628 1814 1667 eos
1868 1613 2041 1668 absti-

455 1708 586 1746 nere
645 1695 714 1748 ab
779 1696 1104 1766 idolothytis
1176 1709 1228 1755 et
1307 1702 1666 1760 fornicatione
1737 1716 1791 1759 et
1873 1707 2043 1761 sull‘o-

456 1795 583 1838 cato
625 1795 679 1840 et
726 1791 1013 1859 sanguine.
1085 1792 1498 1863 Consequenter
1545 1812 1716 1867 ergo,
1771 1800 1858 1868 qni
1910 1816 2043 1855 con-

454 1877 716 1935 demnant
762 1896 856 1937 eos
894 1923 908 1946 ,
958 1885 1050 1953 qui
1100 1900 1296 1941 carnes
1343 1890 1461 1942 sine
1510 1891 1730 1944 condito
1775 1895 2042 1961 sanguine

455 1968 758 2042 idolothyto
791 1974 875 2028 vel
916 1977 1190 2032 sull‘ocato
1237 1981 1554 2043 comedunt,
1613 1998 1855 2052 prtcsens
1903 2002 2040 2054 quo-

453 2075 562 2128 que
608 2076 783 2118 canon
839 2067 1288 2123 anathematizat.
1365 2070 1508 2142 Lege
1567 2083 1622 2126 et
1656 2089 1922 2129 canonem
1974 2079 2044 2131 63

453 2165 768 2208 sanctorum
841 2161 1211 2227 apostolorum
1279 2170 1334 2218 et
1395 2174 1565 2219 sext-.2
1625 2168 1814 2238 synodi
1877 2184 2046 2223 cano-

451 2260 576 2300 nem
606 2247 694 2301 67.

524 2335 776 2395 ZONAR.
840 2343 1118 2414 Scriptum
1151 2356 1330 2401 exstat
1363 2347 1415 2402 in
1448 2349 1602 2403 Actis
1650 2353 2044 2422 apostolorum,

452 2446 577 2484 cum
623 2433 690 2487 de
735 2435 1120 2492 cirumcisione
1186 2441 1577 2508 ambigeretur,
1629 2457 1696 2494 an
1726 2457 1754 2494 a
1793 2441 2044 2500 ﬁdelibus

455 2523 793 2579 admittenda
818 2570 833 2588 ,
887 2537 1052 2599 atque
1089 2533 1159 2585 ab
1187 2533 1376 2585 iisdem
1412 2538 1677 2588 servanda
1731 2536 1815 2591 lex
1849 2547 1994 2592 esset
2025 2576 2040 2600 ,

453 2614 673 2669 Petrum
707 2619 928 2686 quidem
967 2625 1341 2691 apostolorum
1381 2628 1678 2696 principem
1738 2645 1856 2683 eam
1912 2645 2042 2685 con-

453 2705 668 2761 cionem
727 2711 1021 2777 habuisse,
1088 2732 1251 2786 quam
1311 2717 1534 2774 divinus
1594 2719 1771 2775 Lucas
1837 2722 2040 2778 ibidem

453 2811 713 2856 enarrat:
752 2801 842 2858 Dei
876 2821 1004 2860 Vero
1032 2808 1254 2862 fratrem
1285 2809 1548 2866 Jacobnm
1583 2817 1886 2879 censuisse,
1927 2833 2033 2872 non

451 2905 575 2944 esse
619 2894 862 2948 molesda
904 2898 1220 2955 alliciendos
1269 2917 1384 2964 eos,
1438 2905 1531 2971 qui
1584 2914 1742 2962 erant
1795 2923 1861 2961 ex
1915 2925 2044 2975 gen-

452 2984 620 3046 tibus.
671 2985 839 3058 418
893 2992 985 3043 sed
1037 2987 1267 3060 tantum,
1320 3006 1377 3050 ut
1427 2999 1496 3051 ab
1541 2999 1878 3070 idolothytis,
1932 3003 2043 3055 for—

453 3075 751 3142 nicatione,
803 3081 1071 3137 sull‘ocato
1113 3095 1164 3139 et
1194 3088 1461 3156 sanguine
1493 3091 1852 3157 abstinerent,
1907 3110 2042 3163 pra:-

453 3169 786 3237 cipiendum.

454 3272 740 3319 servantes
774 3266 938 3336 hujus
971 3287 1190 3341 quoque
1214 3276 1407 3345 synodi
1438 3276 1646 3342 Patres,
1701 3281 1742 3334 si
1777 3282 1900 3349 quis
1926 3291 2040 3338 tan-

453 3360 568 3405 tum
605 3371 800 3415 carnes
835 3364 1157 3430 comederit,
1211 3383 1316 3420 non
1376 3379 1556 3422 autem
1609 3375 1934 3440 sanguinem
1971 3377 2039 3430 de

453 3441 722 3500 industria
782 3450 1062 3506 decoctum
1118 3467 1171 3508 et
1201 3459 1545 3527 coagulatum
1577 3501 1591 3523 ,
1644 3480 1820 3532 neque
1874 3465 2028 3518 idolo-

453 3539 692 3604 tbytum,
737 3558 914 3610 neque
949 3546 1300 3613 sulIoeatum,
1354 3566 1476 3604 eum
1527 3569 1628 3607 nec
1671 3555 1798 3609 odio
1839 3557 2044 3623 haben:

1731 388 2008 450 THEOD.
2047 389 2136 448 BA
2148 389 2275 447 LSA
2288 389 2442 449 MON

2064 513 2106 566 Λ

3538 405 3660 468 ηιι

2722 508 2959 562 ΚΑΝΩΝ
2989 511 3064 563 B'.

2144 615 2161 646 ι
2203 598 2268 650 Εῖ
2290 616 2370 661 τις
2401 598 2647 653 ἐσθίοντα
2681 600 2816 668 κρέα
2848 601 3015 669 χωρὶς
3041 599 3273 668 αἵματος
3304 601 3396 656 καὶ
3427 603 3688 656 εἰδωλοθύ-

2216 711 2233 741 ι
2274 709 2367 744 του
2394 694 2488 744 καὶ
2516 693 2742 746 πνικτοῦ
2771 695 2909 758 μετὰ
2934 691 3222 754 εὐλαϐείας
3245 694 3336 746 καὶ
3363 695 3586 758 πίστεως
3609 717 3689 750 κα-

2218 785 2537 856 κτακρίνοι,
2583 787 2658 847 ὡς
2697 786 2762 838 ἂν
2801 785 2888 838 διὰ
2931 786 2992 838 τὸ
3043 786 3482 855 μεταλαμϐάνειν
3518 791 3688 844 ἐλπίδα

2217 899 2235 928 ι
2273 878 2348 950 μὴ
2382 879 2602 949 ἔχοντα,
2635 880 2881 949 ἀνάθεμα
2909 878 3066 930 ἔστω.
3105 897 3122 928 ι

2212 1053 2403 1108 ΒΛΛΣ.
2437 1055 2752 1123 Γέγραπται
2786 1057 2843 1108 ὲν
2869 1060 2934 1124 τῇ
2965 1055 3134 1126 βίϐλῳ
3160 1054 3268 1108 τῶν
3299 1053 3553 1125 Πράξεων
3580 1055 3685 1119 ὅτι,

2139 1146 2470 1214 ἀμφιϐολίας
2495 1147 2792 1215 γενομένης
2822 1149 2868 1200 εί
2905 1147 2986 1200 δεῖ
3014 1147 3140 1210 τοὺς
3171 1148 3525 1210 πιστεύοντας
3553 1165 3691 1216 περι-

2139 1236 2435 1304 τέμνεσθαι
2468 1238 2560 1290 καὶ
2597 1241 2784 1307 τηρεῖν
2809 1239 2902 1290 τὸν
2935 1239 3120 1308 νόμον,
3148 1239 3177 1290 ὁ
3209 1241 3305 1308 μὲν
3334 1241 3444 1292 τῶν
3476 1240 3692 1293 ἀποστό-

2138 1328 2246 1382 λων
2277 1331 2699 1399 κορυφαιότατος
2727 1331 2930 1398 Πέτρος
2956 1331 3389 1402 ἐδημηγόρησεν,
3415 1333 3515 1384 ὅσα
3543 1334 3648 1384 ἐκεῖ
3670 1335 3694 1383 6

2143 1421 2283 1482 θεῖος
2327 1424 2540 1483 Λουκᾶς
2574 1424 2860 1494 ἱστόρησεν
2883 1439 2895 1453 ·
2928 1426 2956 1477 6
2985 1424 3040 1476 δὲ
3085 1423 3412 1491 ἁδελφόθεος
3460 1424 3692 1486 Ἰάκωϐος

2141 1517 2244 1587 ἔφη
2280 1515 2352 1585 μὴ
2385 1516 2496 1568 δεῖν
2529 1517 2880 1586 παρενοχλεῖν
2925 1521 3035 1580 τοῖς
3069 1517 3176 1570 ἀπὸ
3203 1519 3312 1570 τῶν
3357 1518 3546 1577 ἐθνῶν.
3594 1519 3692 1568 ἀλλ’

2141 1610 2441 1679 ἀπέχεσθαι
2472 1610 2668 1672 αὐτοὺς
2693 1610 2798 1662 τῶν
2820 1609 3184 1664 εἰδωλοθύτων
3214 1611 3306 1664 καὶ
3332 1614 3429 1680 τῆς
3463 1611 3696 1679 πορνείας

2143 1699 2240 1754 καὶ
2283 1699 2376 1753 τοῦ
2408 1699 2630 1754 πνικτοῦ
2678 1703 2775 1754 καὶ
2821 1702 2914 1756 τοῦ
2958 1703 3213 1773 αἵματος.
3248 1702 3578 1764 Ἀκολούθως
3615 1701 3695 1756 οὖν

2144 1793 2242 1846 καὶ
2268 1794 2296 1843 6
2327 1793 2518 1866 παρὼν
2552 1795 2731 1848 κανὼν
2759 1796 3148 1866 ἀναθεματίζει
3186 1798 3310 1859 τοὺς
3353 1797 3695 1866 καταγρίνον-

2076 1872 2116 1927 li
2143 1903 2241 1947 τας
2266 1885 2357 1937 τὸν
2386 1887 2632 1941 ἐσθίοντα
2656 1887 2791 1956 κρέα
2820 1889 2983 1956 γωρὶς
3013 1889 3368 1957 ἐπιτηδευτυῦ
3418 1890 3638 1957 αἵματος
3665 1891 3693 1954 ἦ

2146 1979 2566 2051 είδωλοθύτουῆ
2611 1984 2859 2036 πνικτοῦ.
2909 1983 3211 2051 ’Λνάγνωθι
3253 1985 3347 2036 καὶ
3393 1983 3500 2034 τῶν
3548 1983 3696 2049 ἁγίων

2145 2071 2458 2124 ἀποστόλων
2515 2073 2718 2126 κανόνα
2782 2076 2862 2143 ξγ¹
2919 2076 3012 2129 καὶ⁵
3068 2075 3166 2145 τῆς
3229 2075 3282 2141 ς’
3340 2076 3557 2128 συνόδου
3609 2093 3696 2128 κα-

2145 2163 2271 2217 νόνα
2308 2164 2404 2230 ξς.

2216 2345 2458 2400 ΖΩΝΛΡ.
2499 2345 2814 2415 Γέγραπται
2859 2349 2914 2401 ὲν
2963 2350 3026 2417 τῇ
3082 2346 3243 2417 βίϐλῳ
3282 2346 3395 2400 τῶν
3443 2347 3700 2417 Πράξεων,

2144 2436 2225 2489 ὅτι
2247 2477 2262 2500 ,
2300 2439 2633 2506 ἁμφιῦολὲας
2661 2442 2960 2510 γενομένης
3010 2445 3058 2494 εί
3098 2443 3179 2494 δεῖ
3207 2442 3333 2498 τοὺς
3364 2443 3701 2502 πιστεύοντας

2146 2529 2568 2596 περιτέμνεσθαι
2621 2532 2713 2583 καὶ
2763 2535 2950 2601 τηρεῖν
2997 2533 3086 2584 τὸν
3139 2533 3335 2602 νόμον,
3393 2535 3420 2584 6
3476 2536 3568 2599 μὲν
3611 2533 3701 2583 τῶν

2144 2622 2457 2674 ἀποστόλων
2485 2626 2903 2693 κορυφαιότατος
2933 2627 3130 2695 Πέτρος
3157 2626 3590 2694 ἐδημηγόρησεν,
3619 2625 3701 2676 ὅσα

3201 2722 3228 2772 ὁ
3287 2719 3343 2771 δὲ
3410 2719 3700 2785 αδελςρόθεος

2158 2813 2410 2875 Ἰάκωϐος
2444 2813 2547 2882 ἔφη
2611 2811 2684 2882 μὴ
2728 2813 2837 2864 δεῖν
2881 2813 3237 2882 παρενοχλεῖν
3297 2816 3417 2874 τοῖς
3463 2811 3567 2863 ἀπὸ
3611 2811 3702 2862 τῶν

2145 2905 2336 2967 ἐθνῶν,
2369 2905 2488 2958 ἀλλ’
2513 2904 2814 2974 ἀπέχεσθαι
2845 2905 3043 2965 αὐτοὺς
3073 2906 3180 2956 τῶν
3206 2903 3594 2963 εἰδωλοθύτων,
3623 2902 3704 2952 καὶ

2145 2719 2258 2768 ἐκεῖ
2294 2718 2321 2768 ὁ
2361 2717 2499 2779 θεῖος
2551 2721 2764 2780 Λουκᾶς
2825 2721 3144 2788 ἱστόρησεν·

2142 3002 2243 3067 τῆς
2295 2998 2574 3068 πορνείας,
2621 2997 2715 3051 καὶ
2757 2997 2850 3050 τοῦ
2897 2998 3143 3061 πνικτοῦ,
3187 3002 3278 3050 καὶ
3326 2997 3424 3049 τοῦ
3476 2997 3703 3065 αἵματος.

2143 3093 2358 3162 Ταύτην
2386 3091 2486 3162 τὴν
2521 3091 2886 3162 ἀποστολικὴν
2926 3091 3190 3161 διαταγὴν
3215 3089 3518 3160 τηροῦντες
3557 3092 3642 3141 καὶ
3663 3090 3704 3139 οἱ

912 3175 1064 3231 Hanc
1138 3183 1497 3250 apostolicam
1585 3187 2036 3244 constitutionem

2149 3187 2242 3254 τῆς
2299 3185 2586 3256 παρούσης
2617 3186 2856 3247 συνόδου,
2892 3185 2980 3238 τὸν
3010 3184 3254 3239 ἐσθίοντα
3288 3185 3453 3252 κρέα,
3503 3181 3594 3233 καὶ
3625 3183 3705 3248 οὐχ

2143 3276 2285 3350 αἷμα
2339 3278 2399 3344 ἐξ
2450 3281 2850 3348 ἐπιτηδεύσεως
2895 3279 3156 3348 ἑψόμενον
3214 3281 3304 3329 καὶ
3352 3275 3703 3346 πηγνύμενον,

2145 3371 2207 3425 οὗ
2219 3389 2271 3424 τε
2297 3371 2401 3442 μὴν
2420 3371 2790 3436 εἰδωλόθυτον,
2816 3370 2938 3423 οὕτε
2961 3369 3204 3432 πνικτὸν,
3231 3369 3304 3437 μὴ
3325 3366 3705 3437 βδελύττεσθαι,

2152 3467 2288 3536 μηδὲ
2320 3467 2742 3534 κατακρίνεσθαι
2773 3465 2971 3534 ὥρισε·
3003 3464 3094 3516 τὸν
3117 3463 3171 3516 δὲ
3201 3462 3599 3530 κατακρίνοντα
3627 3460 3708 3510 azi-

2149 3561 2240 3612 τὸν
2273 3559 2376 3612 ὑπὸ
2406 3560 2655 3627 ἀνάθεμα
2685 3560 2996 3630 ἐποιήσατο.

453 3628 607 3686 dum.
649 3649 822 3701 neque
850 3637 1217 3694 datnnamlum
1249 3658 1371 3696 esse
1405 3642 1728 3714 decrevere;
1763 3665 1824 3702 ac
1847 3652 1890 3704 si
1919 3651 2042 3718 quis
2082 3652 2356 3708 hominem
2387 3669 2509 3710 eum
2545 3654 2836 3717 damnarit,
2891 3651 3254 3706 anathematis
3323 3663 3488 3719 paena
3554 3650 3700 3704 teneri

452 3739 688 3790 jllSSCt‘e.

455 3819 682 3874 ARlST.
753 3839 772 3872 ι
809 3819 874 3874 Ει
922 3824 1306 3879 condemnanti
1347 3843 1540 3882 carnes
1588 3831 2034 3899 manducantem,

585 3923 813 3980 excepto
859 3913 1164 3980 suﬂocmo,
1215 3926 1269 3969 et
1313 3918 1471 3973 idolis
1523 3922 1848 3991 immolato],
1903 3944 2038 3981 ana-

536 4026 552 4054 ‹
591 4005 795 4061 thema.
831 4027 848 4058 ›

1024 4104 1328 4164 CANON
1381 4113 1470 4167 ΙΙΙ.

2185 3840 2408 3892 ΔΡΙΣΤ.
2444 3859 2460 3889 ι
2508 3839 2616 3891 Καὶ
2651 3836 2726 3907 τῷ
2753 3837 3132 3905 κατακρίνοντι
3172 3835 3261 3888 τὸν
3297 3835 3708 3907 κρεωφαγοῦντα

2333 3955 2349 3984 ι
2386 3934 2507 4003 δίχα
2531 3933 2755 3984 πνικτοῦ
2780 3933 2875 3985 καὶ
2911 3931 3256 3984 εἰδωλοθύτου
3282 3931 3557 4000 ἀνάθεμα.
3598 3954 3611 3980 ι

2764 4112 3001 4167 ΚΑΝΩΝ
3034 4111 3088 4163 l"

465 4211 483 4243 ι
520 4193 573 4247 Si
607 4195 728 4262 quis
760 4195 951 4252 doceat
983 4213 1198 4252 servum
1234 4204 1451 4271 pietatis
1479 4215 1737 4274 prastextn
1760 4207 2042 4260 dominmn

537 4304 554 4332 ι
591 4294 966 4350 contemnere,
1016 4303 1068 4344 et
1116 4308 1145 4346 a
1197 4281 1504 4350 ministerio
1536 4302 1812 4363 recedere,
1845 4310 1896 4354 et
1927 4318 2036 4354 tum

537 4398 553 4426 ι
599 4394 724 4431 cum
761 4382 1137 4437 benevolentia
1167 4397 1219 4440 et
1255 4389 1400 4441 omni
1447 4389 1654 4444 honore
1686 4393 1907 4446 domino
1935 4408 2038 4448 suo

539 4489 558 4520 ‹
599 4471 885 4534 inservire.
921 4476 990 4530 sit
1021 4479 1330 4532 anathema.
1372 4499 1390 4531 ι

532 4563 724 4618 BALS.
777 4565 1001 4633 Magiins
1029 4569 1226 4623 Paulus
1259 4575 1510 4629 scribens
1542 4577 1607 4630 ad
1661 4578 2032 4642 Timotheum,

460 4655 635 4721 inquit
685 4657 1034 4729 :Quicunque
1083 4673 1205 4715 sunt
1257 4666 1351 4717 sub
1393 4665 1525 4735 jugo
1564 4671 1735 4728 servi.
1796 4671 2038 4723 dominos

460 4765 584 4802 suos
622 4752 762 4802 omni
787 4754 983 4806 honore
1013 4753 1195 4823 dignos
1237 4769 1439 4824 putent.
1519 4760 1623 4824 Qui
1659 4774 1830 4814 auten:
1867 4763 2044 4830 fideles

462 4840 650 4894 habent
691 4842 950 4911 dominos,
1001 4864 1062 4900 ne
1097 4858 1457 4912 Contemnunt,
1509 4855 1644 4921 quod
1676 4857 1869 4917 fratres
1903 4857 2042 4923 sint;

461 4932 551 4986 sed
595 4939 760 5004 magis
800 4941 1054 5003 serviant,
1105 4944 1356 5010 quoniam
1391 4957 1512 4996 sunt
1553 4946 1755 5011 ﬁdeles.
1793 4951 1882 5016 qui
1910 4949 2045 5003 bono

462 5045 642 5081 eorum
673 5048 821 5094 opere
852 5034 1103 5101 fruuntur
1123 5037 1159 5089 ¹.
1225 5037 1285 5089 Ει
1314 5037 1378 5090 ad
1409 5035 1590 5090 Titum
1613 5055 1822 5100 rursus,
1858 5042 2048 5108 praeci-

464 5120 624 5190 piens
655 5122 784 5190 quid
816 5125 1012 5179 docere
1034 5137 1307 5195 oporteat,
1337 5138 1534 5198 praeter
1564 5131 1666 5184 alia
1696 5131 1799 5184 hoc
1820 5149 2038 5200 quoque

465 5212 642 5268 dicit:
695 5212 882 5269 Servos
921 5219 1030 5272 suis
1080 5220 1308 5274 dominis
1356 5221 1568 5290 subjici,
1615 5234 1664 5277 et
1709 5225 1762 5276 in
1799 5226 2041 5280 omnibus

467 5301 592 5358 bene
621 5305 885 5372 placentes
963 5327 1063 5363 non
1093 5315 1532 5379 contradicentes,
1573 5334 1676 5370 non
1703 5329 2041 5388 arrogantes,

2160 4231 2177 4262 ι
2219 4211 2283 4263 Εἴ
2306 4229 2388 4272 τις
2416 4210 2602 4265 δοῦλον
2640 4209 2910 4279 προφάσει
2946 4206 3253 4268 θεοσεϐείας
3282 4205 3525 4259 διδάσκει
3557 4220 3707 4258 κατα·

2227 4324 2242 4354 ι
2285 4305 2499 4372 φρονεῖν
2522 4302 2805 4366 δεσπότου,
2834 4300 2930 4354 καὶ
2954 4302 3258 4368 ἀναχωρεῖν
3286 4302 3385 4362 τῆς
3424 4297 3710 4365 ὑπηρεσίας

2225 4416 2241 4448 ι
2285 4399 2376 4450 καὶ
2409 4395 2485 4466 μὴ
2535 4396 2652 4464 μετ’
2686 4395 2899 4458 εὐνοίας
2939 4393 3035 4446 καὶ
3074 4393 3252 4461 πάσης
3289 4393 3461 4461 τιμῆς
3499 4392 3574 4460 τις,
3603 4392 3710 4442 ἑαυ·
3740 4425 3759 4452 ,

2221 4505 2239 4538 ι
2280 4485 2374 4539 τοῦ
2406 4485 2641 4557 δεσπότῃ
2672 4485 3150 4555 ὲξυπηρετεῖσθαι,
3196 4483 3449 4552 ἀνάθεμα
3505 4483 3652 4536 ἔστω.
3692 4501 3706 4532 ο

2212 4579 2409 4633 ΒΑΛΣ.
2479 4581 2538 4632 Ὃ
2566 4578 2736 4647 μέγας
2787 4577 2996 4639 Παῦλος
3029 4578 3162 4640 (‘20),
3198 4577 3535 4629 ἐπιστέλλων
3562 4576 3711 4642 Τιμο-

2143 4677 2252 4745 θέῳ
2271 4715 2286 4740 ,
2311 4673 2476 4744 φησίν
2501 4689 2514 4702 °
2549 4673 2724 4724 Ὅσοι
2763 4669 2924 4724 εἰσιν
2955 4669 3073 4724 ὑπὸ
3105 4668 3282 4738 ζυγὸν
3310 4668 3524 4720 δοῦλοι
3545 4708 3559 4731 ,
3588 4663 3711 4725 τοὺς

2147 4767 2337 4832 ἰδίους
2361 4765 2662 4828 δεσπότας
2684 4761 2888 4828 πάσης
2907 4760 3078 4828 τιμῆς
3096 4760 3304 4824 ἀξίους
3325 4759 3710 4827 ἡγείσθωσαν.

2151 4866 2213 4916 Οἱ
2244 4859 2313 4914 δὲ
2341 4858 2600 4922 πιστοὺς
2627 4858 2872 4924 ἔχοντες
2903 4855 3202 4917 δεσπότας
3229 4853 3314 4920 μὴ
3348 4846 3714 4919 καταφρονεὶ-

2151 4966 2373 5014 τωσαν,
2429 4949 2517 5002 ὅτι
2568 4948 2818 5015 ἀδελφοί
2861 4948 3052 4998 εἰσίν-ο
3099 4945 3260 4997 ἀλ.Ιά
3293 4943 3538 5011 μᾶλλον
3585 4940 3710 4991 δου-

2150 5045 2519 5104 λευέτωσαν,
2566 5043 2653 5095 ὅτι
2702 5041 2908 5094 πιστοί
2946 5041 3106 5092 εἰσιν
3151 5041 3205 5091 ol
3234 5036 3344 5104 τῆς
3383 5033 3712 5102 εὐεργεσίας

2147 5135 2742 5204 ὰντιλαμζανόμενοι.
2782 5135 2890 5187 Καὶ
2919 5132 2997 5199 τῷ
3045 5131 3188 5199 Τίτῳ
3213 5129 3269 5181 δὲ
3304 5125 3460 5188 αὖθις
3497 5122 3715 5222 ἐντελλόῑ

2153 5243 2312 5296 μενος
2359 5226 2480 5278 τίνα
2522 5225 2795 5278 δινῖἀσκειν
2835 5221 3032 5293 χρεὼν,
3073 5222 3206 5281 πρὸς
3256 5221 3369 5279 τοῖς
3413 5216 3592 5271 ἄλλοις
3630 5216 3712 5262 καὶ

2149 5316 2325 5370 ταῦτά
2359 5333 2523 5385 φησι’
2567 5317 2834 5380 Δούλους
2879 5314 3054 5380 ἰδίοις
3106 5311 3426 5375 δεσπόταις
3473 5311 3715 5362 ὑποτάτ-

2065 4623 2115 4681 ι)

585 5466 646 5522 11
680 5469 922 5522 Tinmth.
957 5484 1030 5528 ut.
1061 5471 1106 5524 l.
1131 5471 1186 5525 2.
1241 5501 1255 5515 .

1658 5567 1848 5628 Guill.
1890 5567 2212 5644 Beveregii
2258 5575 2447 5628 notae.

2155 5692 2451 5748 Bodleiano
2484 5692 2884 5761 supplevimus;
2927 5690 3012 5745 cui
3047 5690 3211 5745 etiam
3242 5685 3621 5742 Antiocho-nus
3657 5681 3702 5730 in

2151 5765 2415 5819 omnibus
2444 5765 2737 5819 consentit.

542 5686 652 5748 (9.0)
697 5685 756 5739 Ὀ
774 5687 960 5756 μέγας
997 5689 1255 5754 Παῦλος.
1294 5690 1416 5744 llzec
1449 5689 1782 5744 Balsamonis
1810 5694 1861 5742 in
1898 5693 2043 5745 hunc

471 5772 744 5812 canonem
777 5761 984 5813 scholia
1013 5761 1068 5814 in
1104 5761 1399 5814 l‘arisiensi
1459 5762 1702 5814 editione
1746 5767 2043 5829 .qnampln-

475 5828 629 5883 rimis
677 5829 887 5884 lacunis
935 5841 1164 5896 scatent,
1200 5847 1338 5901 quas
1369 5846 1560 5886 omnes
1609 5847 1675 5886 ex
1705 5828 1805 5885 ms.
1851 5828 2042 5887 noStt'o
