3990 6482
385 425 519 488 1245

344 674 348 677 .
369 631 679 697 λέγοντας,
706 629 789 697 μὴ
814 630 1301 699 νοσφιζομένους,
1328 632 1487 686 ἀλλὰ
1509 634 1716 687 πίστιν
1733 634 1939 687 πᾶσαν

370 722 865 792 ἐνδεικνυμένους
900 726 1151 794 ἀγαθήν.
1199 728 1335 791 Τοὺς
1366 727 1495 794 γοῦν
1523 726 1783 779 τάναντία
1817 724 1940 778 τού-

370 834 484 879 τοις
511 817 862 879 ύποτιθέντας
889 820 1000 880 τοῖς
1027 818 1231 881 δούλοις
1255 822 1395 886 τάχα
1422 818 1509 871 διά
1533 818 1785 887 ἄσκησιν,
1807 819 1940 869 ἁνα-

371 894 650 973 θεματπει
672 908 699 957 ό
730 907 928 962 κανών.
970 909 1034 961 Ἡ
1063 909 1243 977 μέντοι
1281 907 1364 973 ξς⁹
1386 908 1551 976 νεαρὰ
1569 906 1658 960 τοῦ
1679 906 1943 974 βασιλέως

371 995 557 1066 κυρίου
607 998 833 1061 Λέοντος
881 998 973 1051 τοῦ
1023 999 1314 1066 φιλοσόφου
1366 998 1798 1067 παρακελεύεται
1850 997 1941 1049 τὸν

373 1090 800 1159 ἀνδραποδιστὴν
843 1092 916 1161 μὴ
966 1092 1266 1160 κεφαλικὴν
1308 1093 1577 1162 τιμωρίαν
1616 1090 1942 1158 ὑφίστασθαι

373 1181 512 1233 κατὰ
543 1182 634 1234 τὸν
656 1184 883 1235 παλαιὸν
911 1184 1095 1251 νόμον,
1132 1184 1265 1236 ἀλλὰ
1295 1185 1391 1236 σὺν
1413 1186 1477 1253 τῇ
1502 1183 1814 1252 ἀναστροφῇ
1847 1179 1941 1234 τοῦ

372 1270 555 1323 δούλου
603 1273 800 1327 διδόναι
854 1274 1015 1344 χάριν
1058 1277 1247 1343 ποινῆς
1294 1277 1372 1335 είς
1412 1275 1471 1327 τὸ
1515 1275 1798 1327 διπλάσιον
1844 1274 1942 1342 τὴν

371 1361 687 1433 διατίμησιν
732 1366 840 1417 τῶν
895 1366 1207 1419 κλαπέντων
1256 1368 1543 1437 παράτοῦ
1593 1366 1777 1419 δούλου
1818 1366 1943 1427 ἴσως

377 1457 467 1508 καὶ
514 1459 713 1520 παντὸς
741 1458 1086 1529 διαφέροντος
1122 1461 1199 1530 τῷ
1233 1460 1467 1532 δεσπότῃ
1496 1480 1505 1490 ·
1538 1460 1672 1513 ἀλλὰ
1708 1460 1812 1529 μὴν
1849 1460 1944 1510 καὶ

373 1550 471 1615 τὴν
494 1549 916 1619 ἀποδιατίμησιν
946 1551 1135 1606 αὐτοῦ.
1171 1552 1277 1605 Καί
1312 1555 1338 1604 ὁ
1365 1551 1461 1621 μὲν
1483 1552 1660 1603 κανὼν
1689 1550 1830 1603 οὓτω
1854 1566 1945 1601 κο·-

374 1640 525 1704 λάξει
564 1643 689 1704 τοὺς
728 1642 1149 1715 ὕποτιθεμένους
1179 1646 1397 1709 δούλους
1436 1650 1509 1717 μὴ
1548 1648 1794 1700 ὑπείκειν
1831 1648 1945 1708 τοῖς

374 1732 680 1799 δεσπόταις,
715 1736 819 1789 κᾶν
844 1741 960 1791 κατ’
990 1740 1273 1802 εὐλαϐείας
1302 1742 1573 1811 πρόφασιν
1602 1739 1755 1793 τοῦτο
1790 1740 1945 1807 γίνη-

375 1837 464 1873 ται
492 1837 505 1850 ·
539 1824 572 1892 ἡ
599 1823 653 1875 δὲ
686 1826 827 1879 κατά
857 1827 950 1879 τὸν
988 1828 1202 1881 Ἰούλιον
1233 1831 1376 1900 μῆνα
1407 1831 1503 1898 τῆς
1539 1820 1594 1880 Θ¹¹
1620 1828 1945 1889 ίνδικτιὼνος

373 1912 468 1965 τοῦ
508 1916 661 1981 ςφλδ¹
695 1916 849 1980 ἔτους
879 1922 1143 1990 γενομένη
1174 1922 1343 1989 νεαρὰ
1378 1922 1529 1992 παρὰ
1553 1921 1646 1974 τοῦ
1681 1920 1945 1987 βασιλέως

378 2006 543 2073 κνροῦ
563 2008 968 2061 Κωνσταντίνου
998 2012 1090 2062 τοῦ
1124 2013 1661 2082 Πορφυρογεννήτου,
1689 2011 1944 2080 συμπρά-

378 2095 567 2160 ξαντος
605 2102 699 2152 καὶ
746 2100 839 2152 τοῦ
878 2102 995 2154 τότε
1032 2104 1334 2171 ἀγιωτάτου
1369 2107 1707 2173 πατριάρχου
1749 2103 1942 2172 κυρίου

392 2188 663 2254 Ἀλεξίου,
695 2193 788 2244 καὶ
820 2193 919 2260 τῆς
956 2195 1171 2247 συνίδου
1197 2239 1208 2257 ,
1244 2197 1275 2264 ἡ
1310 2198 1403 2247 καί
1433 2196 1585 2262 τάξιν
1617 2196 1707 2263 τό..
1722 2213 1782 2247 ου
1817 2197 1946 2247 ἐπέ-

379 2298 551 2349 χουσα
572 2323 588 2349 ,
617 2284 691 2346 ὡς
723 2284 1103 2354 ύπογραφεῐσα
1135 2289 1286 2357 παρὰ
1314 2288 1406 2339 τοῦ
1440 2288 1702 2357 βασιλέως
1735 2288 1946 2355 καὶτῆς

382 2374 633 2436 συνόδου,
690 2377 784 2427 καὶ
842 2375 1216 2445 διοριζομένης
1272 2377 1765 2445 άναθεματίζεσθαι
1822 2379 1947 2439 τοὺς

381 2467 794 2536 ἐπιχειροῦντας
823 2469 1160 2523 ἀποστασίαν
1193 2473 1332 2523 κατὰ
1366 2470 1627 2540 βασιλέως
1665 2472 1879 2538 ποιῆσαι
1911 2471 1944 2540 ἢ

381 2560 703 2629 τυραννίδα,
741 2561 1035 2614 κάντεῦθεν
1067 2565 1191 2626 τοὺς
1229 2564 1503 2630 ὑπηκόους
1546 2565 1681 2617 κατὰ
1716 2564 1822 2616 τῶν
1851 2565 1951 2615 αύ-

383 2649 581 2702 θεντῶν
623 2652 801 2704 αὐτῶν
850 2654 1302 2714 ἁναστατοῦντας,
1353 2655 1641 2725 διορίζεται
1676 2656 1812 2722 μετὰ
1844 2654 1950 2706 τῶν

382 2741 556 2794 ἄλλων
587 2761 650 2794 πε
663 2746 712 2811 ρί
742 2744 803 2796 τὸ
830 2745 977 2805 τέλος
1010 2748 1100 2797 καὶ
1128 2748 1297 2798 ταῦτα
1330 2748 1505 2817 ῥητῶς
1536 2767 1548 2779 ·
1578 2749 1701 2809 Τοῖς
1732 2748 1952 2815 μέλλου-

386 2850 470 2885 σιν
520 2833 841 2906 ἢὲπιὸουλῇ
885 2837 992 2889 ἀπό
1019 2855 1081 2901 γε
1127 2838 1219 2909 τοῦ
1272 2838 1363 2891 νῦν
1408 2838 1787 2909 ὲπιχειρεῖν,ἢ
1832 2856 1950 2890 του-

390 2925 627 2994 μούλτῳ,
656 2927 905 2998 ἀνάθεμα
930 2946 943 2959 ο
976 2933 1085 2992 τοῖς
1135 2918 1578 2999 συμπράττουσιν
1635 2932 1816 2992 αὐτοῖς
1860 2934 1952 2983 καὶ

388 3019 842 3082 ευγκοινωνοῦσιν
904 3022 961 3072 ἐν
1022 3024 1088 3090 τῇ
1145 3024 1454 3090 ἀποστασία
1511 3023 1777 3089 ἀνάθεμα.
1829 3025 1952 3085 Τοῖς

385 3106 845 3173 συμϐουλεύουσιν
878 3111 910 3180 ἢ
947 3111 1305 3181 παρορμῶσιν
1351 3115 1430 3175 εἰς
1460 3114 1524 3164 τὰ
1566 3112 1789 3165 τοιαῦτα
1820 3112 1954 3164 ἀνά-

388 3196 550 3265 θεμα.
581 3200 705 3263 Τοῖς
733 3203 1253 3271 συνεκστρατεύουσι
1283 3204 1492 3266 τούτοις
1526 3204 1794 3272 ἀνάθεμα.
1830 3205 1955 3266 Τοῖς

1518 428 1595 487 ΙΝ
1638 426 1802 488 CAN.
1848 425 1938 484 III
1967 425 2175 485 CONC.
2208 426 2498 487 GANGR.

368 540 573 591 τεσθαι
594 576 608 598 ,
636 537 731 591 καὶ
764 540 832 590 ἐν
861 539 1050 593 πᾶσιν
1082 542 1447 610 εὐαρέστους
1473 537 1622 595 εἶναι
1647 542 1731 611 μὴ
1772 544 1933 597 ἀντι.

2053 544 2128 597 sed
2158 542 2312 602 ﬁdem
2346 556 2546 595 omnem
2582 540 2771 592 bonam
2818 534 3138 591 ostendentes
3167 534 3209 585 ¹.

3472 407 3611 474 195.6

3305 529 3406 583 Eos
3456 543 3609 597 ergo,

2040 635 2132 704 qui
2174 635 2348 689 servis
2381 630 2653 686 contraria
2689 637 3011 700 suggerunt.
3061 625 3131 678 ob
3162 620 3609 676 exercitationem

2042 724 2182 779 forte
2212 724 2577 793 spiritualem,
2609 735 2781 774 canon
2810 714 3254 771 anathematizat.
3338 709 3457 764 Jam
3485 723 3612 760 vero

2042 816 2396 886 imperatoris
2447 814 2650 868 domini
2681 812 2879 867 Leonis
2929 806 3237 880 philosoribi
3278 804 3486 859 novella
3523 799 3613 856 66.

2036 906 2282 974 jubeant
2317 904 2615 975 plagiarius
2659 919 2767 957 non
2802 902 2995 956 subeat
3034 912 3249 968 pmnam
3292 894 3512 963 Capitis,
3558 900 3611 944 ut

2040 1000 2257 1054 volebat
2306 999 2390 1051 lex
2442 997 2700 1067 antiqua:
2751 995 2843 1050 sed
2897 1008 3019 1047 cum
3071 990 3213 1045 servi
3265 985 3614 1042 restitutione

2043 1092 2132 1145 det
2180 1091 2301 1144 loco
2349 1104 2521 1158 poena:
2577 1091 2628 1142 in
2679 1088 2897 1155 duplum
2946 1085 3177 1154 pretium
3212 1096 3402 1136 eorum
3436 1093 3554 1147 quae
3586 1092 3613 1128 a

2043 1199 2199 1239 servo
2230 1183 2370 1238 forte
2403 1182 2550 1236 furto
2580 1178 2825 1249 surrepta
2859 1190 3010 1243 sunt,
3060 1187 3112 1232 et
3148 1176 3327 1232 omnis
3359 1174 3479 1241 ejus
3516 1170 3616 1232 rei,

2044 1292 2166 1345 quae
2196 1276 2403 1331 domini
2440 1277 2702 1339 interest;
2756 1274 3053 1343 quinetiam
3105 1280 3157 1325 et
3207 1269 3328 1338 ejus
3358 1267 3616 1335 pretium.

2045 1369 2109 1422 Et
2143 1384 2319 1422 canon
2349 1368 2565 1438 quidem
2598 1382 2691 1421 eos
2723 1366 2801 1421 sic
2834 1365 3007 1433 punit,
3060 1363 3151 1430 qui
3207 1360 3379 1415 servis
3425 1371 3620 1424 sugge—

2045 1470 2213 1525 runt,
2270 1477 2377 1515 non
2411 1477 2533 1516 esse
2573 1459 2873 1528 parendum
2923 1456 3192 1510 dominis:
3248 1451 3461 1507 etiamsi
3518 1448 3620 1500 hoc

2046 1551 2137 1605 ﬁat
2172 1560 2432 1621 pra-textu
2464 1548 2766 1619 religionis.
2844 1547 2974 1612 Quae
3001 1554 3179 1598 autem
3228 1556 3413 1595 mense
3454 1538 3618 1596 Julio.

2046 1645 2235 1698 indict.
2271 1643 2325 1709 9,
2354 1659 2498 1697 anno
2530 1642 2692 1708 6534,
2745 1641 2813 1695 ab
2857 1641 3181 1708 imperatore
3226 1633 3445 1686 domino
3479 1632 3622 1684 Con-

2046 1736 2288 1791 stantino
2306 1734 2817 1804 Porphyrogenneta
2841 1732 2983 1785 facta
3005 1737 3089 1784 est
3113 1725 3344 1788 novella,
3394 1720 3624 1777 sant-tis—

2048 1829 2187 1883 simo
2216 1842 2436 1896 quoque
2469 1823 2780 1895 patriarcha
2810 1821 3032 1876 domino
3066 1818 3277 1882 Alexio,
3328 1824 3383 1869 et
3413 1813 3623 1884 synodo

2050 1920 2399 1982 assentiente,
2454 1933 2575 1987 quae
2608 1916 2904 1971 decisionis
2938 1914 3116 1967 locum
3151 1910 3378 1968 obtinet,
3419 1916 3473 1959 ut
3502 1921 3624 1973 qua!

2052 2013 2118 2067 ab
2155 2013 2481 2081 imperatore
2527 2018 2580 2063 et
2631 2008 2836 2080 synodo
2887 2003 3193 2071 subscripta
3243 2009 3356 2060 est,
3407 2004 3460 2050 et
3506 2010 3628 2065 quae

2052 2104 2296 2159 decernit
2346 2118 2439 2157 eos
2488 2096 2962 2161 anathematizari,
3015 2095 3107 2165 qui
3151 2092 3511 2148 defectionem
3558 2086 3625 2139 ab

2054 2197 2381 2265 imperatore
2412 2194 2729 2255 moliuntur,
2763 2190 2843 2244 vel
2877 2186 3221 2259 tyrannidem
3255 2182 3534 2239 invadere,
3573 2189 3626 2233 ct

2053 2310 2114 2348 ea
2173 2293 2379 2345 ratione
2426 2289 2703 2351 subjectos
2755 2286 3021 2340 adversus
3049 2297 3238 2336 eorum
3276 2278 3625 2347 magistratus

2054 2388 2281 2440 incitant
2312 2392 2365 2438 et
2394 2383 2457 2436 ad
2499 2379 2891 2449 insurgendum
2936 2382 3271 2447 provocant;
3325 2372 3468 2424 inter
3520 2368 3625 2420 alia

2058 2478 2158 2529 hoc
2191 2489 2402 2543 quoque
2430 2474 2574 2526 circa
2619 2471 2777 2524 ﬁnem
2810 2484 3066 2538 expresse
3107 2464 3297 2520 deﬁnit
3338 2482 3350 2517 :
3398 2462 3488 2523 lis,
3535 2460 3628 2527 qui

2056 2570 2122 2619 ab
2170 2566 2272 2620 hoc
2324 2564 2581 2631 deinceps
2616 2572 2857 2630 tempore
2894 2558 3123 2613 insidias
3168 2562 3297 2608 sunt
3348 2551 3628 2604 machina-

2058 2661 2163 2714 turi
2201 2660 2285 2713 vel
2323 2643 2612 2710 tumultuu‘i
2639 2652 2954 2715 excitaturi,
2988 2649 3298 2703 anathema.
3386 2643 3477 2704 lis,
3532 2636 3622 2707 qui

2056 2766 2214 2819 Opem
2274 2750 2377 2801 illis
2434 2746 2654 2808 ferunt,
2709 2744 2872 2798 ct.in
2920 2740 3228 2795 defectione
3286 2742 3415 2790 sunt
3468 2731 3628 2793 socii.

2058 2842 2365 2897 anathema.
2451 2838 2541 2901 lis,
2595 2837 2688 2907 qui
2741 2835 3033 2889 consulunt
3078 2831 3161 2885 vel
3200 2830 3263 2882 ad
3318 2824 3626 2894 hujusmodi

2058 2934 2306 2995 incitant,
2361 2930 2673 2983 anathema.
2764 2926 2874 2990 lis,
2934 2924 3029 2993 qui
3080 2921 3454 2989 expeditiones
3505 2930 3628 2967 cum

2062 3025 2143 3077 his
2172 3024 2495 3090 suscipiunt,
2525 3020 2837 3073 anathema.
2910 3017 3003 3075 lis,
3041 3014 3131 3082 qui
3167 3014 3316 3080 ipsos
3357 3009 3421 3061 ad
3454 3009 3631 3077 ρωπί-

2063 3114 2284 3169 tentiam
2332 3112 2683 3177 suscipiunt,
2739 3123 2862 3161 cum
2899 3123 2926 3160 a
2963 3104 3267 3158 defectione
3301 3115 3405 3152 non
3437 3096 3633 3164 resipi-

2064 3212 2219 3259 scant
2253 3220 2352 3258 nec
2382 3219 2498 3257 eam
2534 3204 2866 3270 relinquant,
2903 3199 3210 3251 anathema.
3262 3186 3295 3197 ”

387 3290 693 3358 δεχομένοις
729 3294 922 3357 αὐτοὺς
959 3298 1016 3346 ἐν
1053 3298 1329 3368 μετανοίᾳ.
1366 3300 1441 3367 μὴ
1480 3297 1954 3367 μεταμελομένους
1993 3296 2101 3348 ἀπὸ
2132 3296 2232 3363 τῆς
2274 3293 2639 3355 ἁποστασίας,
2674 3292 2770 3345 καὶ
2841 3286 3348 3356 καταλιμπάνοντας
3428 3277 3592 3343 αὐτὴν
3616 3320 3629 3341 ,

384 3384 653 3448 ἀνάθεμα.

455 3479 701 3534 ΖΩΝΑΡ.
735 3481 795 3533 Ὀ
822 3484 995 3550 μέγας
1032 3486 1241 3549 Παῦλος
1309 3486 1637 3541 ἐπιστέλλων
1665 3482 1911 3557 Τιμοθέῳ
1933 3526 1946 3546 ι

2125 3477 2373 3534 ZONAR.
2396 3475 2721 3541 Quicunque,
2750 3471 2920 3539 inquit
2952 3480 3182 3537 magnus
3214 3463 3412 3515 Paulus
3443 3460 3505 3513 ad
3540 3455 3634 3510 Ti-

384 3570 547 3637 φησίν
567 3589 579 3603 θ
614 3574 783 3627 Ὅσοι
804 3578 964 3629 εἰσίν
1000 3580 1119 3632 ὑπὸ
1140 3577 1316 3647 ζυγὸν
1344 3580 1570 3639 δοῦλοι,
1595 3580 1735 3645 τοὺς
1765 3580 1952 3645 ἰδίους

383 3662 685 3729 δεσπότας·
730 3667 935 3733 πάσης
976 3669 1151 3736 τιμῆς
1184 3670 1395 3736 ἀξίους
1446 3672 1846 3739 ἡγείσθωσαν.
1889 3673 1953 3723 Οἱ

385 3754 456 3807 δὲ
486 3759 739 3822 πιστοὺς
773 3760 1018 3826 ἔχοντες
1040 3760 1340 3828 δεσπότας
1367 3763 1450 3831 μὴ
1482 3764 1953 3831 καταφρονείτω-

386 3860 530 3910 σαν,
560 3845 646 3898 ὅτι
673 3847 924 3915 ἀδελφοί
946 3852 1124 3914 εἰσιν,
1151 3851 1312 3904 ἀλλὰ
1336 3853 1575 3920 μᾶλλον
1596 3853 1957 3907 δουλευέτω-

386 3951 527 4000 σαν,
560 3937 647 3991 ὅτι
671 3941 875 3993 πιστοί
900 3944 1061 3995 εἰσιν
1088 3946 1139 3996 οι
1170 3943 1279 4011 τῆς
1303 3948 1650 4013 εὐεργεσίας
1674 3948 1958 4014 ἀντιλαμ-

389 4031 727 4099 ϐανόμενοι.
768 4034 875 4085 Καὶ
911 4036 988 4102 τῷ
1021 4036 1161 4106 Τίτῳ
1197 4039 1251 4088 δὲ
1286 4034 1439 4099 αὖθις
1470 4040 1774 4091 ἐντέλλεται
1810 4041 1954 4110 (‘21),

387 4124 509 4173 τίνα
533 4123 801 4177 διδάσκειν
828 4126 1021 4195 χρεὼν,
1053 4129 1145 4180 καί
1178 4147 1310 4198 φησι
1333 4146 1347 4161 ο
1382 4132 1645 4196 Δούλους
1678 4132 1846 4196 ἰδίοις
1868 4131 1960 4183 δε-

389 4212 642 4278 σπόταις
664 4215 1142 4280 ὑποτάσσεσθαι,
1171 4222 1262 4286 καὶ
1284 4221 1353 4271 ἐν
1379 4221 1570 4274 πᾶσιν
1589 4223 1959 4288 εὐαρέστους

389 4301 563 4367 εἶναι,
592 4309 683 4359 καὶ
703 4310 769 4359 τὰ
793 4310 915 4378 ἑξῆς
936 4311 1067 4379 (22).
1107 4312 1244 4363 Ἀλλ’
1269 4313 1295 4363 ὁ
1323 4312 1611 4374 Εὑστάθιος
1639 4314 1734 4364 κιιί
1757 4315 1805 4365 οἱ
1832 4315 1959 4383 περὶ

391 4401 596 4450 ἐκεῖνον
620 4401 935 4454 τούναντίον
969 4404 1113 4456 ἅπαν
1140 4404 1419 4457 ἐδίδασκον
1443 4446 1456 4467 ,
1494 4406 1587 4457 καὶ
1616 4409 1725 4468 τοῖς
1755 4406 1961 4469 δούλοις

392 4489 669 4559 παρῄνουν
726 4494 1152 4561 καταλιμπάνειν
1202 4497 1325 4559 τους
1371 4497 1661 4559 δεσπῦτας,
1720 4500 1813 4551 καὶ
1866 4499 1962 4567 τῆς

393 4581 599 4634 τούτων
644 4585 943 4653 ὑπηρεσίας
994 4591 1354 4657 καταφρονεῖν
1401 4591 1541 4659 τάχα
1586 4590 1652 4641 δι’
1706 4590 1960 4657 ἄσκησιν.

397 4671 501 4735 Οὓς
529 4676 561 4743 ἡ
587 4674 801 4738 σύνοδος
829 4678 915 4729 διὰ
947 4679 1044 4746 τὴν
1069 4679 1306 4749 διδαχὴν,
1333 4681 1618 4753 στοιχοῦσα
1645 4686 1711 4753 τῇ
1740 4684 1966 4738 ἀποστο-

395 4766 519 4836 λικῇ
554 4767 905 4839 διδασκαλίᾳ,
943 4772 1359 4841 ἀνεθεμάτισεν.

395 5036 616 5090 ΑΡΙΣΤ.
681 5056 699 5087 ι
738 5037 827 5107 Τῷ
858 5040 1099 5092 πείθοντι
1149 5040 1334 5093 δοῦλον
1384 5041 1691 5111 ἀναχωρεῖν
1745 5042 1837 5095 τοῦ
1881 5045 1966 5096 δε⁴

607 5128 805 5182 σπότου
835 5130 1116 5195 εὐσεϐείας
1150 5134 1420 5203 προφάσει
1449 5133 1714 5204 ἀνάθεμα.
1746 5153 1763 5184 ι

504 5296 523 5325 ²
550 5292 658 5346 Tit.
695 5307 755 5353 ιι,
779 5291 833 5357 9,
872 5292 962 5345 10.

2057 3574 2335 3625 motheum
2382 3568 2651 3627 scribens,
2704 3572 2824 3616 sunt
2872 3561 2964 3613 sub
3002 3560 3133 3627 jugo
3181 3557 3336 3614 servi.
3395 3551 3635 3604 dominos

2055 3682 2175 3719 suos
2212 3664 2354 3717 omni
2383 3662 2577 3713 Itonore
2610 3658 2795 3727 dignos
2820 3663 3022 3723 putent.
3108 3649 3207 3713 Qui
3248 3660 3419 3700 autem
3454 3642 3634 3712 ﬁdeles

2055 3757 2293 3810 dominos
2348 3753 2536 3805 habent
2583 3767 2644 3802 ne
2685 3755 3043 3807 contemnant,
3090 3740 3224 3811 quod
3266 3740 3457 3806 fratres
3492 3736 3636 3801 sint;

2058 3851 2146 3903 sed
2184 3849 2351 3918 magis
2378 3845 2627 3906 serviant,
2682 3842 2932 3909 quoniam
2975 3846 3097 3893 sunt
3144 3835 3322 3903 ﬁdeles
3374 3831 3463 3900 qui
3504 3829 3637 3881 bona

2057 3958 2234 3995 eorum
2267 3955 2415 4008 opere
2446 3938 2718 4005 fruuntur.
2808 3933 2873 3985 Et
2914 3936 2981 3984 ad
3012 3929 3192 3982 Titum
3240 3939 3453 3985 rursus,
3508 3919 3635 3970 dum

2059 4050 2121 4088 ea
2169 4048 2287 4099 quae
2335 4032 2532 4083 docere
2589 4033 2837 4094 Oporteat
2884 4019 3221 4088 exsequitur,
3276 4021 3474 4083 prmter
3505 4009 3632 4061 alia.

2059 4123 2175 4176 haec
2211 4135 2429 4190 quoque
2459 4119 2640 4177 habet,
2695 4115 2883 4169 Servos
2914 4113 3021 4165 suis
3053 4107 3282 4162 dominis
3313 4104 3529 4170 subjici,
3583 4101 3638 4152 in

2062 4215 2300 4269 omnibus
2339 4213 2459 4264 bene
2488 4210 2775 4276 placentes,
2825 4214 2877 4259 et
2906 4220 3023 4273 quae
3051 4206 3379 4269 sequuntur.
3437 4196 3503 4246 At
3534 4192 3639 4243 Eu-

2062 4305 2298 4360 stathius
2331 4305 2558 4371 ejusque
2603 4300 2825 4354 asseclae
2872 4295 3148 4350 contraria
3198 4304 3425 4360 prorsus
3460 4287 3635 4337 disse—

2063 4398 2384 4459 minabant,
2432 4409 2496 4447 ac
2545 4392 2741 4452 servis,
2796 4398 2853 4442 ut
2902 4403 2959 4441 se
3010 4385 3356 4439 dominorum
3409 4374 3637 4444 imperio

2064 4490 2490 4549 subtraherent,
2546 4485 2839 4552 muniaquc
2884 4479 3050 4551 419
3102 4478 3168 4530 ab
3221 4476 3328 4527 illis
3381 4469 3635 4539 imposita

2065 4582 2422 4648 negligerent,
2492 4577 2630 4631 forte
2687 4572 2988 4643 spiritualis
3039 4562 3444 4621 exercitationis
3502 4559 3635 4612 obc-

2067 4673 2197 4726 undi
2253 4686 2459 4734 causa,
2506 4666 2828 4723 suadebant.
2913 4661 3060 4728 Quos
3112 4658 3328 4728 quidem
3384 4654 3498 4705 haec
3548 4665 3639 4719 sy-

2068 4765 2244 4817 nodus
2290 4763 2360 4815 ob
2411 4758 2677 4830 ejusmodi
2727 4756 3052 4818 doctrinam,
3103 4746 3416 4818 apostolicae.
3469 4743 3638 4798 disci-

1990 4833 2042 4892 D
2072 4860 2227 4929 plina:
2262 4856 2503 4924 vestigiis
2536 4852 2813 4909 insistens,
2843 4847 3187 4900 anathemate
3235 4839 3476 4893 irrctitos
3510 4849 3633 4889 esse

2069 4949 2338 5003 det-eruit.

2075 5038 2295 5095 ABIST.
2334 5056 2352 5087 (
2397 5037 2450 5089 Ei
2480 5036 2569 5106 qui
2602 5048 2762 5088 servo
2795 5030 3133 5100 persuadeta
3167 5026 3388 5081 domino
3422 5021 3640 5090 religio-

2300 5151 2317 5182 ι
2354 5132 2436 5185 nis
2464 5137 2723 5199 praetextu
2750 5125 2997 5180 recedere
3049 5125 3355 5178 anathema.
3394 5141 3410 5171 ι

1621 5384 1811 5446 Guill.
1847 5385 2163 5463 Beveregii
2210 5391 2398 5446 notae.

472 5490 580 5557 (ει)
602 5483 783 5553 Αὖθις
813 5486 1479 5556 ἐντέλλεταιλλςοιιιιιιε
1513 5494 1594 5539 est
1627 5485 1961 5557 hic_Zonarte

398 5553 574 5623 locus,
606 5561 758 5627 juxta
803 5562 1044 5611 coJicem
1095 5553 1613 5616 Amerbachianum,
1664 5553 1827 5613 Αὖθις
1877 5559 1961 5607 ὲν-

402 5626 725 5699 τελλόμενος
755 5628 875 5679 τίνα
906 5628 1179 5680 διδάσκειν
1223 5627 1423 5698 χρεὼν,
1479 5629 1613 5696 πρὸς
1639 5629 1750 5689 τοῖς
1782 5626 1960 5689 ἄλλοις

405 5704 499 5752 καὶ
522 5699 697 5752 ταύτά
722 5716 909 5767 φησιν.

477 5770 588 5837 (22)
612 5769 723 5821 Καὶ
752 5765 821 5821 τὰ
840 5767 1006 5833 ἑξῆς.
1032 5765 1133 5819 Pro
1166 5767 1250 5819 bis
1276 5766 1455 5820 verbis
1480 5768 1531 5819 in
1563 5767 1753 5819 codice
1772 5768 1959 5817 Anter-

409 5840 682 5894 bachiano
717 5839 869 5893 locus
918 5853 1087 5893 sacrae
1116 5837 1412 5906 Scriptura:
1443 5838 1529 5892 hic
1560 5839 1759 5893 citatus
1802 5838 1962 5907 plene

2068 5489 2143 5540 sic
2196 5488 2409 5553 legitur,
2474 5486 2564 5555 Μὴ
2614 5486 3017 5552 ἀντιλέγοντας,
3070 5485 3144 5552 μὴ
3194 5479 3635 5555 νοσφιζομένους,

2066 5558 2202 5611 ἀλλὰ
2231 5558 2410 5608 πίστιν
2436 5547 2615 5609 πᾶσαν
2639 5547 3081 5625 ἐνδεικνυμένους
3108 5547 3336 5619 ἀγαθήν,
3356 5547 3477 5602 Non
3505 5564 3637 5625 con-

2068 5628 2400 5690 tradicentes,
2443 5643 2543 5678 non
2568 5617 2898 5695 fraudant“,
2931 5626 3015 5678 sed
3045 5617 3245 5695 omnem
3266 5617 3451 5695 bonum
3481 5617 3637 5695 ﬁdem

2068 5687 2577 5822 remeantem
2599 5699 2761 5753 etiam
2820 5687 2983 5752 verba
3033 5697 3084 5746 in
3153 5690 3403 5747 Call-andi
3444 5687 3636 5743 codice

2088 5778 2345 5822 eauntur.

2088 5778 2345 5839 eguntur.
