3990 6482
399 444 535 507 1249

1564 440 1642 501 IN
1683 440 1851 501 CAN.
1894 438 1977 498 1X
2010 436 2214 499 CONC.
2249 438 2531 498 GANGR.

3492 434 3624 497 133’)

395 556 487 610 τοῦ
522 555 770 620 συνάξεις
807 558 975 608 ποιεῖν
1007 556 1039 625 ἦ
1071 556 1268 624 μᾶλλον
1299 557 1725 624 παρασυνάξεις,
1746 554 1957 624 ἤθελον,

2080 560 2230 614 κιιιι,
2291 554 2339 603 id
2395 561 2499 614 est,
2530 561 2826 605 conventus
2874 560 2968 605 aut
3016 549 3386 605 conventicula
3443 550 3628 618 potius

399 648 664 716 πράττειν
695 664 754 700 τε
779 647 848 699 τά
879 648 977 715 τῆς
1013 648 1362 719 Ἐκκλησίας,
1394 648 1704 717 ἱερουργίας
1731 645 1952 715 δηλαδὴ,

399 738 473 809 μὴ
513 740 762 802 συνόντος
814 737 909 791 τοῦ
973 738 1343 808 πρεσϐυτέρου
1399 738 1540 790 κατά
1590 736 1814 804 γνώμην
1862 735 1954 787 τοῦ

395 830 716 884 ἐπισκόπου.
764 830 851 881 Ἐν
879 828 1153 900 εὐκτηρίῳ
1180 829 1287 899 γὰρ
1317 829 1468 891 ἐντὸς
1509 828 1685 890 οἰκίας
1714 827 1827 880 ὄντι
1857 829 1955 879 οὐκ

395 922 720 989 ἐκχωρείται
792 921 1166 991 πρεσϐύτερος
1220 923 1545 990 ἱερουργεῖν,
1617 922 1665 971 εί
1732 919 1806 989 μὴ
1861 918 1954 971 τοῦ

397 1012 695 1064 ἐπισκόπου
725 1013 824 1082 τῆς
854 1014 1060 1075 πόλεως
1101 1013 1505 1083 ἐπιτρέποντος.
1538 1012 1626 1065 Διὸ
1678 1012 1775 1065 καὶ
1822 1012 1953 1063 ἀνα-

397 1104 593 1172 θέματι
621 1105 1106 1174 κατεδικάσθησαν.

489 1283 709 1338 ΛΡΙΣΤ.
750 1302 768 1334 ι
820 1285 877 1335 '0
912 1283 1289 1354 ἐκκλησιάζων
1315 1283 1417 1354 ἰδίει
1441 1284 1525 1353 εἴη
1556 1283 1822 1353 ἀνάθεμα.
1864 1301 1882 1333 ι

988 1484 1226 1536 ΚΑΝΩΝ
1258 1482 1336 1538 Ζ’.

399 1614 416 1646 ι
458 1596 521 1648 Εἴ
549 1614 632 1660 τις
664 1599 1041 1669 καρποφορίας
1076 1599 1539 1670 ἐκκλησιαστικάς
1588 1599 1760 1653 ἐθέλει
1815 1599 1956 1669 λαμ-

472 1707 490 1740 ι
527 1690 735 1751 ϐάνειν,
791 1691 822 1761 ἥ
874 1670 1075 1746 διδόναί
1130 1691 1237 1756 ἔξω
1264 1694 1363 1762 τῆς
1423 1691 1748 1761 Ἐκκλησίας
1806 1692 1956 1761 παρὰ

472 1800 489 1832 ι
526 1782 749 1851 γνώμην
776 1782 869 1835 τοῦ
931 1784 1234 1838 ἐπισκόπου
1263 1784 1295 1852 ἢ
1324 1783 1418 1837 τοῦ
1475 1784 1954 1854 ὲγκεχειρισμένου

472 1895 489 1926 ι
524 1878 591 1928 τά
616 1878 861 1941 τοιαῦτα,
900 1878 995 1930 καὶ
1035 1879 1109 1948 μὴ
1141 1878 1279 1947 μετά
1301 1878 1523 1949 γνώμης
1557 1878 1722 1932 αὐτοῦ
1782 1879 1953 1931 ἐθέλει

465 1986 485 2020 ι
524 1969 804 2037 πράττειν,
840 1971 1089 2041 ἀνάθεμα
1120 1971 1318 2025 ἔστω.»

464 2082 755 2137 ΒΑΛΣ.Λί
798 2088 1208 2155 προσαγόμεναι
1262 2089 1640 2158 καρποφορίαι
1691 2090 1813 2151 ταῖς
1865 2090 1960 2142 ὲκ-

394 2172 644 2244 κλησίαις
671 2175 759 2230 διὰ
786 2176 896 2229 τῶν
925 2178 1235 2231 ἐπισκόπων
1296 2181 1633 2249 μερίζονται.
1679 2179 1830 2235 Ἐπεὶ
1866 2177 1961 2235 οὖν

393 2267 471 2327 εἰς
528 2268 934 2338 καταφρόνησιν
991 2269 1199 2323 τούτων
1259 2272 1406 2334 τινὲς
1453 2271 1706 2344 ἐμέριζον
1758 2272 1963 2335 ταύτας

393 2360 622 2422 ἑαυτοῖς,
681 2360 1027 2430 διορίζεταιὸ
1061 2361 1242 2416 κανὼν
1300 2363 1784 2434 άναθεματίζεσθαι
1838 2367 1961 2429 τοὺς

395 2444 562 2514 χωρίς
615 2452 982 2519 ὲπισκοπικῆς
1043 2452 1305 2521 εἰδήσεως
1353 2453 1596 2506 τοιοῦτόν
1643 2470 1697 2506 τι
1751 2454 1965 2507 ποιοῦν-

392 2552 514 2597 τας.

470 2629 716 2685 ΖΩΝΑΡ.
748 2632 904 2684 Μετὰ
927 2634 1035 2685 τῶν
1084 2634 1280 2701 ἄλλων,
1317 2630 1391 2689 ὧν
1432 2637 1674 2703 ἐτόλμων
1731 2641 1779 2693 οἱ
1833 2643 1963 2711 περὶ

394 2721 485 2772 τὸν
517 2723 837 2790 Εὑστάθιον,
877 2728 972 2780 καὶ
1012 2712 1388 2797 καρποφορίας
1415 2731 1512 2793 τὰς
1542 2732 1789 2803 συνήθως
1845 2737 1962 2795 ταῖς

395 2815 718 2885 ἐκκλησίαις
788 2822 1210 2890 προσαγομένας
1268 2822 1635 2891 λαμϐάνοντες
1714 2825 1960 2895 διένεμον

400 2907 673 2975 ἀλλήλοις.
707 2910 878 2962 Τοῦτο
911 2909 1002 2963 οὖν
1056 2914 1083 2963 ό
1135 2912 1309 2967 κανὼν
1351 2915 1593 2982 κωλύων,
1636 2923 1807 2986 χωρὶς
1864 2916 1958 2969 τοῦ

393 2998 698 3051 ἐπισκόπου
730 3001 762 3071 ἢ
796 3000 894 3052 τοῦ
929 3003 1573 3079 ἐμπεπιστευμέκουίτὴν
1617 3007 1713 3076 τῆς
1762 3008 1961 3077 ἐκκλη-

398 3090 520 3151 σίας
547 3090 863 3159 οἰκονομίαν
893 3091 1065 3162 ὁρίζει
1099 3091 1174 3162 μὴ
1204 3093 1402 3159 ἐξεῖναί
1448 3112 1555 3148 τινι
1596 3096 1893 3166 λαμϐάνειν
1924 3099 1957 3170 ἦ

391 3182 591 3233 διδόναι
628 3185 1027 3255 καρποφορίαν.
1056 3186 1176 3238 Τῶν
1217 3186 1275 3238 δὲ
1335 3189 1426 3240 τὸν
1456 3190 1655 3242 κανόνα
1685 3190 1960 3260 παραϐαι-

396 3275 594 3326 νόντων
643 3277 891 3346 ἀνάθεμα
931 3278 1362 3348 κατεψηφίσατο.

396 3366 620 3419 ΔΡΙΣΤ.
666 3383 683 3416 ι
730 3365 788 3418 '0
816 3368 967 3439 παρὰ
1023 3369 1250 3441 γνώμην
1308 3373 1608 3425 ἐπισκόπου
1654 3374 1961 3445 ἢπρεσϐυο

430 3457 590 3528 τέρου
620 3458 690 3510 τὰ
724 3460 821 3529 τῆς
862 3461 1188 3532 Ἐκκλησίας
1228 3465 1394 3516 τελῶν
1454 3467 1539 3536 εἴη
1586 3466 1854 3537 ἀνάθεμα.
1899 3486 1919 3519 ι

999 3667 1237 3720 ΚΑΝΩΝ
1271 3668 1355 3723 ll’.

403 3797 422 3829 ι
466 3781 529 3833 Εἰ
564 3798 645 3844 τις
681 3782 872 3853 διδοῖῆ
924 3782 1189 3854 λαμϐάνοι
1255 3789 1635 3858 καρποφορίαν
1694 3794 1963 3863 παρεκτὸς

477 3893 494 3924 ι
532 3873 625 3926 τοῦ
658 3877 958 3949 ἐπισκόπου
996 3876 1028 3947 ἢ
1061 3878 1155 3929 τοῦ
1208 3880 1639 3950 ἑπιτεταγμένου
1700 3886 1780 3948 εἰς
1822 3889 1965 3939 οἱκο-

477 3985 494 4017 ι
539 3966 731 4036 νομίαν
761 3970 1029 4031 εὐποιίας,
1063 3969 1157 4023 καὶ
1200 3970 1228 4022 ὁ
1266 3970 1441 4036 διδοὺς
1470 3976 1563 4027 καὶ
1594 3978 1621 4029 6
1648 3976 1962 4046 λαμϐάνων,

476 4078 492 4107 ι
537 4059 782 4129 ἀνάθεμα
813 4061 970 4114 ἔστω.
1021 4080 1039 4111 ι

473 4150 669 4205 ΒΑΛΣ.
700 4153 795 4204 καὶ
822 4154 1067 4207 ΖΩΝΑΡ.
1114 4155 1442 4229 ’ἰσοδυναμεί
1480 4162 1574 4212 καὶ
1622 4155 1777 4225 οὗτος
1808 4165 1833 4217 6
1862 4180 1965 4216 κα-

402 4242 509 4295 νὼν
552 4244 628 4314 τῷ
662 4246 769 4316 πρὸ
809 4247 995 4302 αὐτοῦ.

404 4337 628 4391 ΛΡΙΣΤ.
702 4356 720 4388 ι
763 4338 945 4402 Διδούς
999 4356 1081 4402 τις
1141 4341 1173 4411 ἢ
1231 4341 1521 4411 λαμϐάνων
1588 4347 1966 4417 καρποφορὶαν

484 4448 501 4477 ι
540 4429 695 4490 ἐκτὸς
753 4428 847 4481 τοῦ
893 4430 1192 4485 ἐπισκόπου
1242 4432 1336 4485 καὶ¹
1371 4434 1806 4506 τοῦ.οίκονομεῖν
1865 4456 1969 4493 τα-

480 4540 497 4571 ι
537 4524 753 4590 χθέντος
782 4524 861 4583 εἰς
887 4523 1132 4575 εὐποιίαν
1152 4539 1166 4554 ο
1199 4523 1293 4576 καὶ
1316 4525 1344 4576 6
1372 4525 1564 4589 διδοὺς,
1589 4530 1689 4580 καὶ
1707 4532 1733 4581 6
1756 4520 1968 4598 λαμϐά-

482 4633 499 4664 ι
538 4630 665 4676 νων,
686 4613 826 4665 ἔστω
865 4614 1130 4680 ἀνάθεμα.
1175 4632 1193 4664 ι

1027 4728 1262 4780 ΚΑΝΩΝ
1294 4727 1369 4781 Θ’.

410 4861 429 4891 ι
468 4842 533 4895 Εἴ
556 4859 640 4903 τις
670 4840 997 4909 παρθενεὺοι
1037 4841 1068 4912 ἢ
1112 4843 1519 4913 ὲγκρατεύοιτο,
1556 4844 1632 4907 ὼς
1665 4845 1731 4898 ἂν
1755 4845 1970 4916 βδελύτ-

481 4955 499 4986 ι
536 4952 643 4987 των
677 4937 785 4987 τῶν
834 4934 1027 5004 γάμων
1069 4936 1385 5007 ἀναχωρῶν,
1418 4939 1511 4989 καὶ
1541 4937 1617 5009 μὴ
1648 4939 1716 4992 δι’
1748 4939 1878 4993 αὐτὸ
1909 4944 1968 4994 τὸ

481 5047 498 5077 ι
537 5027 698 5128 καλὸν
772 5030 866 5080 καὶ
921 5029 1076 5094 ἅγιον
1146 5033 1244 5101 τῆς
1304 5031 1646 5099 παρθενίας,
1720 5033 1968 5101 ἀνάθεμα

484 5119 501 5149 1
534 5115 693 5152 εστω.
721 5116 741 5149 ι

476 5218 674 5275 ΒΑΛΣ.
711 5218 849 5288 Περὶ
887 5217 995 5268 τῶν
1057 5217 1550 5289 ἀποστρεφομένων
1592 5217 1682 5270 τὸν
1738 5220 1970 5291 νόμιμον

403 5318 579 5386 γάμον
621 5316 693 5383 μὴ
725 5314 813 5366 διὰ
836 5312 1039 5383 ἀρετὴν
1084 5314 1179 5365 καὶ⁹
1218 5310 1507 5364 εὐλάϐειαν
1544 5312 1864 5382 ἐγράψαμεν
1912 5317 1970 5366 ὲν

404 5410 483 5480 τῷ
513 5407 717 5478 πρώτῳ
740 5408 955 5460 κανόνι’
988 5407 1083 5459 καὶ
1118 5406 1392 5473 ἀνάγνωθι
1421 5405 1612 5458 ταῦτα.

475 5500 724 5552 ΖΩΝΛΡ.
752 5498 1050 5551 Κάλλιστον
1091 5499 1190 5567 μὲν
1221 5499 1254 5569 ἡ
1288 5497 1574 5569 παρθενία,
1602 5498 1764 5550 καλὸν
1798 5497 1851 5551 δὲ
1878 5500 1971 5550 καὶ

405 5595 440 5663 ἡ
476 5590 833 5662 σωφροσύνη·
868 5590 983 5643 ἀλλ’
1011 5592 1058 5643 εξ
1093 5590 1160 5643 δι’
1216 5592 1347 5644 αὐτὸ
1397 5593 1457 5644 τὸ
1503 5595 1666 5648 καλὸν
1713 5597 1966 5662 γίνοιντο,

410 5687 508 5739 καὶ
539 5687 624 5739 διὰ
657 5688 749 5739 τὸν
777 5686 835 5751 ἐξ
865 5685 1045 5738 αὐτῶν
1080 5686 1370 5756 ἁγιασμόν.
1412 5686 1474 5739 Εἰ
1523 5686 1577 5738 δέ
1628 5704 1711 5749 τις
1768 5688 1972 5757 παρθε-

414 5778 579 5843 νεύει,
614 5779 706 5831 τὸν
740 5779 917 5846 γάμον
948 5775 1022 5839 ὡς
1061 5776 1370 5849 ἀκάθαρτον
1403 5776 1840 5847 βδελυττόμενος,
1877 5779 1971 5833 καὶ

417 5874 682 5936 σωφρονεῖ
728 5875 819 5924 καὶ
854 5871 1242 5940 ἐγκρατεύεται
1278 5871 1473 5941 μίξεως
1517 5873 1851 5942 ἀπεχόμενος
1873 5872 1965 5925 τοῦ

2062 643 2416 709 peragebant,
2466 641 2628 712 420
2678 642 2855 711 ibique
2882 658 2997 710 quae
3032 644 3083 695 in
3119 641 3350 695 ecclesia
3383 639 3496 692 tleri
3531 638 3631 691 tle-

2064 733 2313 792 buerant,
2348 747 2500 786 sacra
2533 734 2778 787 videlicet
2803 736 3079 805 mysteria,
3113 736 3258 786 nullo
3286 749 3347 788 ex
3382 729 3625 799 episcopi

2063 824 2329 878 sententia
2356 825 2564 878 delecto
2588 828 2870 880 sacerdote
2898 827 3262 881 celebrabant.
3310 825 3363 877 lu
3384 826 3628 877 oratorio

2060 915 2203 969 enim
2253 915 2393 985 quod
2422 925 2507 970 est
2546 919 2683 970 intra
2715 918 2937 971 domum
2987 919 3267 987 presbyter
3301 932 3457 971 sacra
3491 916 3630 969 cele-

2062 1007 2219 1061 brare
2248 1024 2355 1062 non
2394 1010 2741 1078 permittitur,
2774 1012 2874 1066 nisi
2904 1012 3058 1065 venia
3091 1011 3241 1080 prius
3275 1013 3341 1063 ab
3374 1010 3629 1079 episcopo

2061 1100 2295 1154 civitatis
2359 1102 2659 1170 impetrata.
2701 1102 2954 1166 Proinde,
3002 1113 3055 1157 et
3108 1104 3158 1156 in
3211 1118 3306 1157 eos
3352 1103 3632 1155 damnatio

2061 1194 2416 1247 anathematis
2440 1196 2761 1251 constituta.

2060 1280 2285 1335 ARIST.
2350 1302 2369 1334 ι
2405 1284 2503 1350 Qui
2540 1286 2792 1355 privatim
2828 1287 3207 1340 conventicula
3244 1287 3505 1350 celebrat,
3561 1286 3634 1340 sit

2614 1395 2632 1428 ι
2665 1378 2972 1431 anathema.
3011 1398 3028 1428 ι

2601 1490 2917 1546 CANON
2976 1493 3085 1546 Vll.

2066 1624 2086 1657 ‹
2122 1604 2175 1659 Si
2208 1607 2332 1675 quis
2361 1608 2470 1661 vult
2506 1608 2715 1661 fructus
2751 1608 2997 1663 ecclesiae
3025 1608 3235 1663 oblatos
3262 1609 3527 1677 accipere,
3552 1608 3635 1661 vel

2136 1714 2158 1748 ι
2193 1698 2323 1752 dare
2374 1707 2526 1752 extra
2577 1701 2906 1762 ecclesiam,
2967 1708 3163 1767 przeter
3212 1699 3449 1767 episcOpi
3509 1714 3636 1753 seu-

2140 1788 2442 1852 «tentiam,
2492 1791 2575 1843 vel
2621 1791 2742 1858 ejus
2793 1792 2880 1844 cui
2916 1806 3046 1844 cura
3098 1806 3285 1844 eorum
3338 1791 3634 1844 commissa

2137 1896 2157 1930 ο
2197 1890 2298 1942 est,
2330 1891 2383 1934 et
2413 1896 2518 1934 non
2546 1897 2667 1935 cum
2689 1883 2808 1952 ejus
2840 1883 3106 1937 sententia
3135 1897 3197 1937 ea
3226 1882 3336 1937 vult
3359 1884 3541 1953 agere,
3565 1884 3638 1938 sit

2137 1993 2156 2026 ι
2193 1975 2497 2028 anathema.
2548 1999 2567 2027 ο

2063 2124 2077 2146 ,
2135 2086 2330 2143 BALS.
2390 2087 2648 2152 Fructus,
2704 2088 2797 2158 qui
2846 2090 3093 2144 ecclesiis
3156 2087 3483 2150 olferuntur,
3538 2103 3637 2157 per

2061 2177 2347 2249 episcopos
2370 2179 2712 2234 dividuntur.
2763 2178 3028 2245 Quoniam
3052 2198 3181 2251 ergo
3209 2184 3261 2234 in
3284 2196 3475 2235 eorum
3502 2195 3637 2235 cott-

2064 2279 2322 2340 temptum
2354 2272 2574 2340 quidam
2608 2273 2729 2328 illos
2780 2272 2885 2328 sibi
2935 2272 3256 2337 diviserunt,
3312 2288 3485 2326 canon
3536 2287 3634 2327 eos

2061 2362 2509 2418 anathematizari
2564 2364 2778 2433 statuit,
2826 2365 2918 2434 qui
2963 2365 3083 2420 sine
3132 2365 3360 2420 scientia
3391 2364 3633 2434 episcopi

2062 2454 2165 2507 tale
2191 2453 2320 2522 quid
2353 2454 2578 2510 faciunt.

2131 2629 2385 2686 ZONAR.
2440 2631 2646 2685 Praeter
2691 2631 2797 2685 alia
2852 2632 3081 2686 erimina
3131 2632 3470 2689 Eustatbiani
3524 2634 3637 2689 t‘ru-

2061 2733 2183 2777 ctus
2238 2739 2480 2791 quoque,
2534 2726 2625 2793 qui
2680 2725 2927 2779 ecclesia:
2977 2725 3158 2779 oﬂ‘erri
3212 2738 3633 2789 consueverant,

2061 2816 2383 2872 invadentes
2415 2818 2554 2871 inter
2575 2834 2633 2872 se
2666 2818 2899 2871 invicem
2924 2819 3324 2887 partiebantur.
3386 2820 3440 2873 Id
3472 2823 3638 2888 igitur
3702 2815 3717 2836 ‘

2062 2921 2235 2961 canon
2286 2908 2558 2976 prohibet,
2611 2924 2674 2961 ac
2723 2924 2790 2962 ne
2847 2910 3100 2976 cuiquam
3152 2896 3365 2978 absque
3390 2911 3635 2980 episcopi

2062 2999 2407 3062 auctoritate,
2439 3000 2521 3053 vel
2540 3000 2659 3069 ejus
2677 2999 2765 3054 cui
2792 2999 3035 3055 ecclesiae
3059 2999 3463 3054 administratio
3483 3015 3639 3057 man-

2062 3094 2183 3146 data
2232 3100 2335 3157 est,
2391 3092 2601 3147 fruetus
2632 3092 2724 3162 qui
2771 3091 3071 3147 offeruntur
3106 3092 3236 3145 dare
3267 3099 3360 3145 aut
3388 3091 3639 3162 accipere

2061 3185 2243 3252 liceat,
2298 3188 2560 3243 decernit.
2655 3183 2759 3252 Qui
2804 3200 2962 3242 secus
3014 3183 3235 3250 fecerit,
3293 3184 3638 3240 anathemate

1984 3289 2030 3356 ο
2062 3280 2220 3348 plecti
2250 3279 2421 3349 jubet.

2065 3365 2291 3423 ARIST.
2391 3388 2409 3419 ι
2457 3369 2556 3437 Qui
2618 3379 2813 3439 praeter
2877 3369 3118 3440 episcopi
3182 3371 3267 3425 vel
3335 3371 3636 3440 presbyteri

2138 3478 2157 3509 ι
2213 3464 2538 3517 sententiam
2604 3464 2982 3518 ecclesiastica
3047 3465 3300 3537 peragit,
3366 3465 3439 3520 sit
3503 3479 3637 3519 ana-

2227 3555 2428 3610 thema.
2472 3575 2490 3609 ι

2586 3669 2895 3727 CANON
2971 3669 3109 3728 Vlll.

2071 3804 2089 3835 ι
2120 3784 2174 3839 Si
2204 3788 2327 3856 quis
2375 3786 2465 3840 det
2519 3786 2600 3841 vel
2650 3787 2879 3856 accipiat
2929 3787 3137 3842 fructus
3188 3787 3642 3857 oblatos,pr:eter

2141 3897 2159 3929 ι
2197 3880 2551 3949 episcopum,
2612 3881 2693 3933 vel
2740 3894 2863 3933 eum
2916 3881 3006 3949 qui
3056 3890 3140 3933 est
3193 3881 3522 3935 cmistitutus
3571 3881 3637 3933 ad

2144 3988 2162 4019 ι
2200 3970 2569 4024 beneﬁcentiae
2591 3970 3092 4038 dispensationem:
3125 3978 3179 4023 et
3203 3972 3294 4040 qui
3320 3970 3432 4037 dat,
3458 3982 3512 4025 et
3542 3971 3653 4041 qui‘

2142 4081 2159 4111 ι
2197 4062 2413 4130 accipit,
2447 4063 2518 4115 sit
2544 4062 2853 4115 anathema.
2891 4080 2907 4112 ι

2130 4151 2322 4207 BALS.
2355 4162 2408 4208 et
2437 4150 2688 4208 ZONAR.
2741 4151 2841 4208 llic
2888 4168 3062 4208 canon
3105 4154 3432 4223 praecedenti
3460 4154 3638 4225 aequi-

2065 4243 2232 4298 valet.

2065 4334 2294 4391 ARIST.
2353 4354 2371 4389 (
2409 4336 2669 4406 Quisquis
2698 4339 2809 4401 dat,
2844 4340 2925 4392 vel
2945 4339 3142 4407 accipit
3162 4339 3371 4392 fructus
3398 4337 3633 4399 oblatos,

2142 4444 2163 4479 ι
2198 4436 2394 4496 praeter
2439 4430 2757 4498 episcopum
2814 4439 2868 4483 et
2917 4444 3040 4482 eum
3068 4429 3160 4497 qui
3195 4429 3261 4482 ad
3298 4428 3440 4481 bona
3469 4440 3633 4497 opera

2146 4538 2165 4569 ‹
2201 4520 2517 4589 dispensare
2532 4519 2905 4583 constituitur,
2943 4528 2993 4573 et
3015 4519 3106 4588 qui
3142 4519 3252 4583 dat,
3285 4526 3340 4572 et
3370 4518 3461 4588 qui
3494 4518 3637 4580 acci-

2148 4630 2167 4662 σ
2205 4612 2303 4682 pit,
2340 4612 2411 4666 sit
2440 4612 2751 4667 anathema.
2792 4629 2810 4663 ι

2625 4720 2800 4777 CAN
2831 4722 2937 4776 ΟΝ
2985 4721 3076 4777 1X.

2074 4856 2092 4889 ι
2133 4835 2187 4891 Si
2206 4837 2327 4908 quis
2358 4837 2721 4908 virginitatem
2748 4838 3020 4894 custodiat
3040 4839 3119 4892 vel
3151 4837 3499 4895 continentiae
3524 4846 3641 4894 stu-

2148 4948 2165 4980 ‹
2201 4930 2347 4993 deat,
2378 4944 2407 4981 a
2438 4929 2788 4982 matrimonio
2813 4941 3065 4999 tanquam
3100 4929 3464 4984 abominando
3491 4944 3641 4983 rece-

2147 5041 2164 5073 ι
2204 5022 2361 5089 deus,
2389 5032 2443 5076 et
2473 5037 2576 5075 non
2610 5032 2832 5091 propter
2866 5024 3039 5090 ipsam
3060 5022 3383 5091 virginitatis
3401 5014 3642 5091 pulchri-

2147 5132 2165 5163 ι
2208 5114 2445 5166 tudinem
2475 5122 2527 5165 et
2558 5115 2921 5175 sanctitatem,
2958 5116 3029 5168 sit
3058 5116 3368 5168 anathema.
3402 5133 3421 5165 ι

2140 5226 2335 5283 BALS.
2417 5229 2489 5281 De
2523 5229 2590 5282 iis
2625 5228 2715 5297 qui
2751 5229 3017 5296 legitimas
3053 5231 3270 5297 nuptias
3315 5236 3637 5280 aversantur

2074 5337 2182 5376 non
2220 5328 2441 5390 propter
2475 5319 2730 5390 pietatem
2782 5328 2837 5373 et
2893 5321 3171 5387 virtutem,
3226 5317 3549 5386 scripsimus
3582 5318 3637 5369 in

2075 5417 2252 5485 primo
2282 5430 2524 5477 canone;
2553 5422 2607 5469 et
2637 5414 2749 5483 lege
2781 5428 2864 5467 ea.
2926 5412 2927 5415 “

2180 5506 2427 5563 ZONAR.
2513 5505 2884 5561 Pulcherrima
2922 5504 3137 5573 quidem
3170 5517 3255 5557 res
3281 5509 3364 5556 est
3405 5498 3639 5567 virgini-

2074 5610 2178 5665 tas,
2241 5601 2465 5653 honesta
2513 5612 2643 5651 vero
2693 5607 2745 5651 et
2794 5596 3161 5654 continentia,
3225 5594 3266 5645 si
3323 5602 3501 5645 tamen
3545 5606 3639 5644 eas

2073 5697 2143 5745 oh
2193 5694 2527 5746 honestatem
2583 5691 2792 5759 ipsam,
2859 5702 3084 5760 qmeque
3148 5686 3266 5739 illas
3322 5686 3636 5745 coiiiitatur,

2075 5784 2800 5852 sanctitatemsequamur.
2910 5779 3061 5846 Quod
3129 5782 3173 5831 si
3239 5778 3359 5846 quis
3432 5776 3638 5832 idcirco

2075 5875 2436 5944 virginitatem
2493 5874 2881 5945 amplectitur.
2942 5872 3066 5936 quia
3132 5871 3351 5937 nuptias
3407 5880 3465 5923 ut
3532 5869 3635 5922 im-
