3990 6482
436 392 567 460 12.31

1689 387 1968 450 ΤΙΙΕΟΙ).
2013 388 2409 502 BALSAIIl-ION

3536 392 3663 455 1352

431 531 595 587 puras
640 515 962 579 detestetur,
1016 522 1072 571 et
1121 521 1333 571 castum
1373 527 1433 569 se
1485 511 1606 564 idm
1647 521 1867 574 servat,
1925 520 2006 564 at-

2125 511 2319 582 γὰμου,
2348 512 2422 575 ὣς
2450 530 2598 578 τινος
2625 513 2765 586 τάχα
2799 513 3128 585 μιάσματος,
3161 508 3316 577 οἶτος
3342 512 3665 581 ἅναθὲματος

439 625 544 678 que
613 624 642 662 a
715 623 1012 677 congressu
1082 605 1405 660 feminarum
1461 613 1514 658 et
1576 604 1779 673 nuptiis
1834 604 2007 657 absti-

2114 605 2189 674 τῷ
2222 607 2406 660 κανόνι
2446 609 2696 675 κέκριται
2729 608 2897 673 ἄξιος.

429 713 555 766 net,
614 704 754 773 quod
807 703 862 756 in
909 699 975 755 iis
1019 698 1225 768 aliquid
1277 697 1454 752 inesse
1498 695 1721 751 sceleris
1773 695 2109 764 arbitretur;
2145 699 2513 754 anatliematis
2551 714 2766 769 νωιιιιιιι
2839 716 2903 755 ex
2954 699 3121 771 hujus
3184 700 3408 755 canonis
3463 701 3666 757 decreto

433 798 602 852 subit.

435 908 659 963 AltlST.
718 929 736 960 ι
774 907 900 963 ltetn
927 908 1019 979 qui
1049 905 1412 975 virginitatem
1453 906 1584 960 colit
1635 919 1739 958 non
1789 903 2010 958 virtutis

513 1021 528 1049 ι
566 1016 752 1062 causa,
787 1002 878 1054 sed
912 1001 1055 1070 quod
1087 1001 1495 1055 matrimonium
1527 998 1900 1060 ahominatur,
1936 997 2009 1051 sit

519 1112 534 1140 ι
578 1093 884 1145 anathema.
919 1111 937 1143 ι

993 1206 1305 1260 (ιΑΝΟΝ
1369 1206 1435 1260 Χ.

439 1320 456 1351 ι
488 1299 542 1353 Si
576 1303 698 1367 quis
725 1315 938 1361 eorum,
995 1301 1085 1369 qui
1142 1301 1507 1364 virginitatem
1543 1307 1761 1353 servant
1789 1304 2007 1365 propter

509 1413 527 1444 ι
567 1393 876 1454 Dominum,
940 1391 994 1445 in
1055 1391 1380 1461 conjugatos
1425 1391 1691 1451 insultet,
1744 1389 1816 1443 sit
1871 1401 2006 1441 ana-

505 1503 522 1533 ‹
568 1484 774 1536 thema.
823 1501 842 1534 ι

508 1595 699 1650 BALS.
775 1597 843 1650 Et
892 1611 1070 1649 nonus
1115 1604 1169 1647 et
1204 1610 1444 1663 prtesens
1497 1608 1672 1648 canon
1719 1589 2006 1646 continen-

435 1691 600 1753 tiam,
651 1705 773 1758 qua:
819 1696 902 1743 est
952 1697 1170 1758 propter
1213 1687 1462 1739 virtutem
1513 1695 1567 1740 et
1614 1683 1999 1752 virginitatem,

434 1785 793 1852 Suscipiunt:
847 1791 1222 1835 verumtamen
1257 1781 1554 1848 legitimum
1595 1777 2001 1832 matrimonium

433 1893 542 1930 non
569 1883 909 1930 aversantur.
998 1871 1149 1927 Unde
1196 1882 1251 1926 et
1294 1888 1417 1932 eos.
1459 1872 1550 1939 qui
1599 1879 1816 1939 propter
1857 1868 2009 1921 inso-

433 1971 657 2024 lentiam
721 1970 774 2021 in
842 1966 1165 2035 coajugatos
1243 1967 1598 2028 invehuntur,
1669 1965 2008 2019 anathemati

433 2053 755 2129 subjiciunt.

431 2193 589 2264 421
633 2190 857 2246 ARIST.
894 2189 1038 2256 «Qui
1085 2191 1137 2243 in
1172 2189 1520 2242 matrimonio
1562 2187 1783 2257 junctus
1835 2189 2008 2242 insul-

901 2299 917 2331 ι
948 2291 1065 2342 tat,
1097 2281 1499 2334 sitanathema.
1527 2298 1545 2331 ι

1031 2391 1257 2446 CANON
1294 2392 1381 2446 ΧΙ.

444 2504 462 2538 ι
495 2487 550 2540 Si
586 2487 707 2556 quis
733 2495 1177 2548 contemnateos,
1210 2487 1300 2554 qui
1324 2500 1526 2554 agapas
1555 2503 1618 2539 ex
1646 2487 1750 2541 lide
1784 2487 2009 2555 faciunt,

514 2599 532 2630 ‹
571 2592 623 2634 et
653 2589 876 2649 propter
921 2579 1012 2633 Dei
1069 2580 1324 2632 honorem
1369 2577 1563 2632 fratres
1594 2591 1929 2646 convocant,
1959 2591 2014 2636 et

510 2693 527 2725 ι
568 2673 705 2726 nolit
753 2672 1134 2726 vocationibus
1179 2672 1624 2736 communicare,
1668 2673 1719 2726 id
1765 2673 1906 2743 quod
1958 2675 2013 2730 fit

515 2784 533 2815 ι
574 2763 933 2832 vilipeudens,
966 2764 1037 2818 sit
1068 2764 1382 2817 anathema.
1425 2782 1444 2813 ι

513 2939 714 2996 BALS.
742 2939 880 2996 Aliis
926 2941 1232 2995 nationibus
1263 2943 1487 2994 vetitum
1523 2951 1605 2996 est
1637 2939 1754 2996 ﬁeri
1789 2953 2011 3010 agapas,

439 3035 494 3090 id
511 3043 614 3098 est,
635 3033 1003 3087 fraternitates
1017 3042 1069 3085 et
1087 3033 1354 3086 convivia.
1381 3033 1517 3097 Quia
1537 3042 1716 3085 autem
1744 3031 2012 3095 nonnulli,

438 3138 497 3183 ut
531 3137 613 3183 est
647 3127 940 3180 verisimile
963 3167 978 3187 .
1021 3142 1114 3179 eos
1160 3127 1324 3179 etiam
1376 3127 1884 3194 reprehendebant,
1919 3123 2013 3193 qui

436 3220 582 3275 bono
614 3219 902 3281 instituto,
938 3227 990 3271 et
1026 3228 1247 3287 propter
1279 3217 1372 3272 Dei
1410 3220 1694 3280 honorem,
1740 3217 2014 3271 faciebant

2109 898 2334 953 ΑΡΙΣΤ.
2405 915 2424 948 ι
2460 897 2627 950 Καὶὸ
2677 896 2751 969 μή
2809 897 2898 952 διὰ
2956 897 3018 952 τὺ
3080 897 3244 952 καλὸν
3302 900 3663 971 παρθενεύων.

2192 1012 2210 1045 r
2248 991 2384 1046 ἀλλὰ
2408 992 2496 1066 διὰ
2519 992 2580 1045 τὸ
2609 993 2698 1046 τὸν
2725 992 2902 1070 γάμον
2943 993 3346 1064 βδελύττεσθαι,
3415 996 3500 1066 εἴη
3550 998 3669 1049 ἀνά-

2189 1105 2207 1138 ι
2247 1086 2412 1158 θεμα.
2460 1107 2478 1140 ι

2730 1203 2971 1256 ΚΛΝΩΝ
3002 1202 3054 1256 l'.

2120 1315 2135 1344 ι
2178 1293 2245 1346 Εἴ
2300 1312 2382 1356 τις
2437 1294 2544 1346 τῶν
2601 1294 3045 1363 παρθενευόντων
3072 1295 3158 1347 διὰ
3186 1293 3278 1346 τὸν
3321 1295 3524 1365 Κύριον
3568 1296 3672 1364 (‘25)

2194 1388 2641 1457 (υκατεπαίροιτο
2732 1386 2841 1438 τῶν
2924 1388 3346 1455 γεγαμηκότων,
3433 1389 3674 1458 ἀνάθεμα

2193 1500 2210 1529 ι
2248 1480 2407 1534 ἔστω.
2445 1499 2462 1530 ι

2184 1595 2382 1648 ΒΑΛΣ.
2417 1595 2525 1648 Καὶ
2557 1598 2583 1648 ό
2620 1597 2838 1657 ἐννατος
2892 1595 3074 1650 κανὼν
3107 1595 3217 1665 (26)
3277 1596 3375 1648 καὶ
3413 1598 3440 1648 ὁ
3496 1596 3675 1666 παρὼν

2113 1686 2210 1755 τὴν
2233 1687 2304 1738 δι’
2331 1688 2530 1756 ἀρετὴν
2563 1688 2921 1758 σωφροσύνην
2954 1688 3048 1741 καὶ
3079 1689 3178 1758 τὴν
3214 1687 3514 1758 παρθενίαν
3547 1688 3668 1740 ἀπο·

2113 1779 2357 1850 δέχονται
2386 1780 2497 1849 (27)
2524 1795 2538 1808 ⁸
2571 1779 2709 1852 πλὴν
2733 1782 2853 1834 οὐδὲ
2885 1782 2974 1833 τὸν
3014 1781 3246 1850 νόμιμον
3263 1782 3440 1850 γάμον
3478 1783 3676 1851 μυσάτ-

2117 1891 2325 1926 τονται.
2361 1873 2522 1926 Ὅθεν
2546 1875 2640 1927 καὶ
2672 1876 2799 1936 τοὺς
2826 1875 3328 1943 κατεπαιρομένους
3375 1875 3489 1941 (28)
3547 1874 3677 1926 κατᾶ

2110 1967 2218 2018 τῶν
2246 1966 2480 2035 ἑχόντων
2505 1965 2809 2036 ὀμοζύγους
2847 1966 2936 2018 διὰ
2965 1967 3348 2036 ὑπερηφανίαν
3377 1964 3676 2032 ἀναθέματι

2112 2058 2642 2113 καθυποὸἀλλουσιν.
3689 2052 3691 2055 ’

2112 2174 2337 2228 ΑΡΙΣΤ.
2392 2199 2408 2225 ι
2470 2174 2530 2228 '0
2566 2177 3040 2245 κατεπαιρόμενος
3074 2177 3180 2228 τῶν
3229 2175 3554 2244 γαμούντων
3600 2177 3678 2243 εἴη

2705 2286 2724 2316 ι
2773 2269 3037 2336 ἀνάθεμα.
3078 2289 3097 2319 ι

2699 2388 2937 2440 KANQN
2975 2389 3043 2440 ΙΑ
3066 2427 3078 2436 .

2186 2482 2254 2535 Εἴ
2271 2499 2352 2544 τις
2371 2478 2739 2550 καταφρονοίη
2763 2480 2869 2533 τῶν
2894 2482 2956 2531 ἐκ
2980 2479 3217 2540 πίστεως
3242 2478 3460 2545 ἁγάπας
3486 2476 3683 2530 ποιούν-

2192 2598 2209 2630 ‹
2256 2595 2385 2640 των,
2437 2576 2532 2627 καὶ
2562 2575 2651 2626 διὰ
2685 2574 2852 2643 τιμὴν
2880 2573 2975 2625 τοῦ
3011 2573 3216 2642 Κυρίου
3271 2570 3680 2639 συγκαλούντων

2190 2691 2207 2724 ι
2254 2671 2380 2730 τοὺς
2433 2666 2714 2733 ἀδελῳοὺς,
2768 2667 2968 2734 καὶμὴ
3017 2665 3190 2717 ἐθέλοι
3244 2667 3527 2716 κοινωνεῖν
3575 2663 3681 2723 ταῖς

2193 2781 2210 2811 ι
2259 2757 2710 2828 κ).ἠσεσι,,ὃιὲι,τὸ
2739 2757 3100 2823 ἐξευτελίζειν
3133 2757 3193 2807 τὸ
3213 2757 3528 2824 γινόμενον,
3561 2755 3681 2808 ἀνά-

2192 2868 2210 2900 ι
2257 2849 2398 2917 Θεμα
2427 2849 2588 2899 ἔστω.
2641 2867 2656 2898 ι

2188 2943 2386 3000 ΒᾹΛΣ.
2429 2943 2564 2994 Ὑπὸ
2590 2943 2791 3010 ἑτέρων
2827 2943 3068 2994 κανόνων
3102 2942 3412 2995 κεκώλυται
3443 2939 3681 3009 γίνεσθαι

2117 3035 2357 3103 ἀγάπαις,
2390 3035 2672 3087 τουτέστιν
2695 3035 3064 3104 ἀδελφοσύνας
3093 3037 3185 3087 καὶ
3211 3035 3516 3103 συμπόσια.
3541 3034 3684 3085 Ἐπεὶ

2116 3128 2173 3179 δέ
2199 3144 2366 3191 τινες,
2418 3127 2492 3188 ὡς
2521 3127 2718 3187 ἔοικεν,
2753 3127 3070 3196 ἐμέμφοντο
3101 3130 3195 3178 καὶ
3221 3127 3346 3188 τοὺς
3385 3125 3530 3195 μετὰ
3558 3127 3685 3191 ἀγα·

2119 3222 2216 3290 θῆς
2248 3221 2626 3289 προαιρέσεως
2660 3223 2750 3272 καὶ
2777 3219 2865 3272 διὰ
2898 3220 3063 3289 τιμὴν
3091 3220 3184 3270 τοῦ
3222 3220 3358 3271 Θεοῦ
3399 3217 3685 3277 ποιοῦντας

438 3327 676 3383 agapas,
726 3322 778 3366 et
835 3311 1109 3380 egentium
1173 3309 1404 3364 fratrum
1480 3311 1913 3374 miserebantur;
1964 3319 2014 3364 et

2125 3315 2365 3381 ἀγάπας,
2403 3315 2496 3364 καὶ
2538 3311 2824 3374 ἐλεοῦντας
2886 3314 3219 3380 πενομένους
3275 3311 3567 3378 ἀδελφοὺς,
3600 3309 3686 3360 καὶ

443 3406 702 3459 nolebant
737 3406 817 3459 eis
849 3404 1261 3458 communicare
1313 3405 1453 3456 bona
1489 3418 1655 3472 opera
1697 3403 2011 3472 agentibus,

439 3499 836 3566 vilipendentes
859 3494 912 3550 id
953 3496 1100 3564 quod
1136 3495 1194 3549 fit
1229 3497 1282 3549 in
1335 3496 1425 3549 Dei
1457 3497 1718 3548 honorrm
1751 3514 1763 3548 :
1807 3504 2016 3550 statue-

442 3604 576 3648 runt
635 3591 824 3646 Patres
882 3607 978 3645 eos
1041 3589 1509 3642 anatltematizari.
1569 3587 1750 3653 Quare
1800 3603 1861 3641 ex
1914 3589 2016 3642 hac

440 3681 804 3751 dispositione
875 3679 1273 3733 condemnatur
1355 3676 1620 3744 quiSpiarn
1705 3678 1800 3746 qui
1889 3675 2021 3728 facit

441 3789 676 3844 agapas,
735 3772 819 3826 vel
864 3786 994 3825 non.
1039 3769 1102 3821 Et
1133 3770 1260 3823 hinc
1292 3769 1371 3831 lit,
1411 3777 1466 3820 ut
1515 3770 1608 3836 qui
1661 3769 1715 3822 in
1773 3769 2021 3822 ecclesiis

445 3866 657 3921 faciunt
719 3863 1110 3926 fraternitates,
1161 3871 1214 3913 et
1283 3861 1556 3914 modicum
1601 3861 1759 3929 panis
1793 3862 1862 3928 {et
1908 3859 2022 3914 fru-

415 3971 630 4016 'ctuum
682 3955 966 4012 recreandi
1022 3953 1190 4009 animi
1229 3953 1399 4023 gratia
1449 3963 1694 4023 gustant,
1753 3969 1861 4006 non
1912 3954 2023 4007 sint

447 4049 731 4122 puniendi.

517 4163 766 4220 ZONAR.
810 4165 1035 4235 Antiqui
1079 4164 1250 4219 moris
1292 4165 1419 4220 olim
1461 4164 1562 4219 fuit
1615 4167 1758 4235 apud
1805 4165 2013 4230 fideles,

447 4266 507 4310 ut
537 4271 820 4312 sacrorqu
874 4256 1260 4325 mysteriorum
1332 4255 1751 4326 participatione
1800 4258 2012 4319 refecti,

443 4345 605 4398 simul
642 4343 707 4396 ad
744 4343 1075 4411 epulandum
1109 4354 1292 4412 postea
1327 4346 1722 4405 convenirent,
1757 4347 1829 4399 ita
1867 4346 2014 4401 scili-

443 4447 551 4500 cet,
615 4444 674 4489 ttt
729 4435 866 4490 cibis
931 4435 1254 4489 editiorutn
1317 4450 1456 4504 penu
1523 4436 1884 4502 ministratis,
1944 4437 2012 4492 ad

2117 3408 2217 3460 οὐκ
2244 3408 2436 3477 ἤθελον
2466 3408 2853 3472 συγκοινωνεῐν
2880 3408 2990 3466 τοῖς
3019 3403 3192 3465 οὕτως
3228 3401 3682 3471 ἀγαθοεργοῦσιν,

2118 3499 2549 3564 ἑξευτελίζοντες

2117 3591 2323 3662 ὥρισαν
2355 3591 2401 3641 οἱ
2436 3589 2678 3660 Πατέρες
2708 3589 2931 3650 τούτους
2965 3588 3483 3654 ἀναθεματίζεσθαι.
3535 3588 3686 3638 Ὥστε

2118 3679 2226 3731 ἀπὸ
2256 3678 2354 3747 τῆς
2405 3677 2700 3740 διαθέσεως
2747 3679 3170 3742 καταδικάζεταί
3215 3697 3296 3739 τις
3337 3677 3435 3740 τὰς
3475 3678 3686 3745 ἁγάπας

2117 3771 2308 3831 ποιῶν,
2335 3771 2445 3822 εἴτε
2473 3771 2568 3823 καὶ
2605 3771 2702 3840 μή.
2735 3769 3043 3822 Κάντεῡθεν
3077 3771 3169 3822 καὶ
3198 3773 3244 3822 oi
3271 3772 3370 3832 τὰς
3399 3771 3664 3840 ἀδελφοσύ

2118 3880 2216 3924 νας
2242 3865 2316 3924 ,ἐν
2357 3865 2476 3926 ταῖς
2533 3862 2855 3931 ἐκκλησίαις
2901 3864 3206 3926 ποιοῦντες,

2606 3498 2664 3550 τὸ
2717 3499 3004 3565 γινόμενον
3057 3499 3138 3557 εἰς
3182 3499 3348 3565 τιμὴν
3391 3495 3491 3547 τοῦ
3535 3493 3682 3556 Θεοῦ,

3259 3867 3354 3916 καὶ
3391 3865 3564 3932 ἄρτου
3598 3880 3685 3933 με-

2119 3957 2272 4025 τρίου
2309 3957 2402 4008 καὶ
2433 3956 2676 4025 ςόπωρῶν
2724 3956 2810 4008 διὰ
2856 3956 3218 4026 ψυχαγωγίαν
3267 3959 3684 4028 ἀπογευόμενοι,

2118 4049 2218 4101 ούκ
2255 4048 2763 4118 ἐπιτιμηθήσονται.

2193 4165 2440 4218 ΖίιΝΛΡ.
2482 4165 2694 4218 Είθιστο
2750 4165 2808 4232 ἐξ
2861 4165 3015 4230 ἔθους
3067 4167 3298 4236 ἀρχαίου
3331 4171 3446 4232 τοῖς
3491 4171 3688 4233 πιστοῖς

2128 4259 2267 4327 μετὰ
2298 4259 2398 4328 τὴν
2432 4258 2540 4310 τῶν
2575 4259 2940 4328 ἁγιασμάτων
2976 4260 3283 4329 μετάληψιν
3332 4261 3689 4332 συνέρχεσθαι

2124 4351 2219 4403 καὶ
2254 4350 2580 4413 συνεσθίειν,
2607 4351 2716 4403 τῶν
2747 4351 3020 4404 πλουσίων
3047 4353 3432 4423 χορηγούντων
3462 4355 3532 4407 τὰ
3557 4356 3691 4426 βρώ-

2131 4461 2300 4513 ματα,
2338 4444 2756 4512 συγκαλούντων
2799 4445 2856 4497 δὲ
2891 4448 2986 4498 καὶ
3041 4448 3169 4510 τοὺς
3199 4447 3441 4519 πένητας
3467 4466 3482 4479 ·
3517 4445 3578 4503 οὗ
3604 4449 3691 4501 καὶ

1677 4598 1811 4657 Guil
1826 4597 1865 4664 Ι.
1913 4600 2235 4678 Beveregii
2271 4608 2436 4663 notae

520 4743 894 4819 (9.3)_El_nc
927 4744 1046 4819 τῷγ
1083 4744 1722 4819 παρθενευόιττων-νδιὰ
1765 4747 1871 4799 τὸν
1912 4746 2014 4799 Κύε

2131 4750 2644 4813 bus,'vcrumeliatn
2675 4767 2716 4819 a,
2746 4750 2957 4805 Joanne
2988 4751 3352 4816 Antioclteno,
3381 4761 3434 4808 et
3477 4753 3690 4806 univer-

442 4813 597 4887 ριόν.
635 4813 938 4887 Gentianus
993 4816 1254 4887 llervetus
1317 4817 1504 4875 vertit,
1558 4813 1763 4887 quis
1815 4832 2014 4881 eorum,

445 4885 535 4951 qui
576 4895 694 4956 sunt
720 4886 939 4952 uirgines
973 4895 1182 4953 propter
1216 4885 1517 4940 Dominum.
1556 4885 1780 4940 Rectius
1818 4887 2018 4956 Diony-

448 4960 562 5009 sius
589 4954 828 5026 Exiguus
855 4995 870 5017 ,
911 4956 970 5008 Si
1008 4959 1120 5023 quis
1161 4972 1362 5026 eorum.
1393 4956 1482 5023 qui
1516 4957 1863 5026 uirginitatem
1894 4954 2022 5026 pro-

449 5038 562 5090 pter
635 5025 912 5077 Dominum
979 5039 1210 5080 servant.
1297 5024 1460 5080 Vetus
1522 5025 1790 5095 interpres
1844 5024 2017 5080 totum

375 5109 378 5114 '
451 5110 714 5150 canonetn
746 5109 823 5146 sre
861 5097 1021 5149 vertit
1048 5114 1061 5150 :
1091 5096 1150 5150 Si
1172 5098 1287 5165 quis
1314 5097 1663 5164 virginitatem
1699 5099 2019 5159 custodiens,

450 5169 648 5218 exaltut
684 5181 737 5214 se
792 5165 853 5216 ab
895 5167 972 5217 his
1005 5169 1092 5235 qui
1140 5168 1362 5232 nubunt,
1393 5167 1460 5218 sit
1513 5169 1791 5220 anathema
1834 5185 1849 5231 ;
1884 5183 1947 5221 ac
1976 5181 2020 5219 ει

451 5237 613 5290 verba
655 5235 744 5288 διὰ
774 5237 864 5288 τὸν
898 5235 1102 5304 Κύριον
1156 5253 1261 5291 non
1310 5238 1550 5304 legisset.
1619 5237 1714 5291 llic
1767 5246 2024 5306 praeterea

453 5315 695 5368 notetur,
722 5306 790 5357 ab
810 5307 922 5361 -Ιιοο
947 5307 1166 5360 demum
1199 5322 1411 5361 ratione
1442 5323 1615 5376 usque
1647 5308 1710 5361 ad
1745 5309 2024 5376 ultimum,

454 5377 698 5429 ordinem
731 5391 920 5429 eorum
951 5378 1004 5429 in
1029 5379 1217 5431 codice
1241 5375 1676 5432 Amerbacbiano
1728 5375 2025 5439 immutari,

450 5447 504 5499 in
536 5448 678 5500 hunc
701 5447 951 5516 modumlz

563 5523 614 5570 ι’.
661 5522 765 5586 ια’.
796 5514 884 5586 ipf.
922 5514 1020 5586 ιγ’.
1062 5517 1148 5572 ιδ’.
1191 5515 1271 5571 ιε’.
1315 5526 1411 5581 ις’.
1456 5519 1542 5582 ιζ’.
1587 5525 1677 5586 ιη’.
1723 5520 1804 5574 ιϐ’.
1848 5518 1918 5574 κ’.

563 5587 646 5641 ιθθ.
691 5585 789 5650 ις’,
820 5585 886 5641 ι’.
931 5596 1019 5642 ια’.
1067 5588 1156 5657 ιβ’.
1202 5594 1289 5654 ιγ’.
1335 5591 1416 5642 ιδ’.
1461 5587 1542 5643 ιε’.
1591 5585 1673 5645 ιζ’.
1721 5590 1811 5658 ιη’.
1851 5597 1922 5644 κ’.

457 5659 592 5713 adeo
639 5665 697 5709 ut
729 5673 965 5726 prwsens
997 5660 1085 5713 hic
1152 5659 1420 5724 decimus,
1488 5661 1543 5714 in
1580 5662 1688 5714 isto
1711 5662 1900 5716 codice
1952 5665 2025 5720 sit

464 5729 901 5783 nudewieesimus
930 5745 1130 5784 canon.
1189 5729 1294 5782 Sed
1328 5732 1464 5783 ordo
1497 5732 1690 5783 horum
1749 5747 2019 5788 canonum

454 5799 608 5867 juxta
672 5798 1018 5853 Bodleiannm
1088 5801 1332 5854 codicem
1387 5801 1475 5854 hic
1534 5803 1833 5868 impressus
1877 5803 2021 5858 idem

457 5879 560 5932 est,
589 5869 681 5937 qui
721 5884 826 5922 non
853 5871 1014 5926 modo
1045 5873 1112 5927 ab
1157 5873 1416 5926 omnibus
1469 5871 1680 5926 Latinis
1710 5875 2023 5942 interpreti-

2127 4822 2205 4876 sis
2265 4821 2604 4892 Balsamonis
2667 4834 2721 4874 et
2792 4821 3016 4877 Zonara:
3079 4822 3409 4888 codicibus,
3473 4834 3691 4892 excepto

2123 4891 2578 4950 Amerbacbiano.
2612 4894 2961 4947 observatur.

2163 4961 2273 5035 (26)
2301 4963 2410 5014 Καὶ
2436 4964 2468 5014 ὀ
2495 4962 2745 5028 Eri-arae
2794 4964 3014 5035 κανὼν.
3081 4963 3203 5035 llaec
3234 4964 3612 5035 interpretatio
3643 4967 3690 5018 in

2126 5034 2316 5086 codice
2375 5035 2811 5087 Amerbaehiano
2864 5034 3085 5103 utrique
3141 5034 3451 5089 Balsamoni
3511 5045 3564 5089 et
3593 5037 3690 5088 Zo-

2126 5116 2296 5174 nat-ae,
2336 5105 2643 5174 communis
2703 5117 2806 5166 est,
2871 5105 3121 5159 neutrius
3179 5107 3402 5160 nomine
3452 5108 3688 5174 praefixo,

2128 5171 2222 5244 sed
2257 5173 2584 5244 simpliciter
2616 5173 2880 5244 ἑρμηνεία
2909 5174 3130 5229 dicitur.

2203 5243 2315 5311 (:27)
2370 5243 2478 5297 Καὶ
2514 5244 2627 5309 τὴν
2669 5243 2995 5311 παρθενίαν
3024 5243 3445 5314 ἀποδέχονται.
3499 5245 3690 5300 Vocon:

2134 5313 2490 5382 ἀποδέχονται
2567 5315 2620 5366 in
2683 5314 2977 5368 l’at‘isiensi
3058 5314 3398 5371 Balsarnonis
3458 5318 3691 5372 editione

2135 5385 2495 5457 desideratam
2547 5400 2610 5457 ex
2645 5401 2746 5457 ms.
2812 5385 3109 5439 Bodleiano
3157 5389 3562 5457 supplevimus;
3603 5389 3692 5440 sed

2139 5456 2334 5524 legitur
2366 5457 2526 5507 etiam
2553 5456 2604 5507 in
2635 5455 3090 5511 Atnerhacltianu.

2210 5526 2325 5594 (‘28)
2357 5525 2633 5596 Καὶ-τοὺς
2659 5528 3223 5596 κατεπαιρομένους.
3244 5527 3372 5582 Post
3395 5530 3506 5582 haec
3534 5529 3690 5581 etiam

2139 5597 2299 5650 verba
2354 5600 2409 5648 in
2463 5594 2755 5650 Parisiensi
2791 5594 3028 5650 editione
3087 5603 3279 5652 lacuna
3343 5601 3529 5653 relirta
3590 5607 3687 5659 est,

2138 5681 2300 5733 quam
2340 5667 2709 5732 Suppleviuius
2750 5683 2812 5718 ex
2845 5682 2947 5720 tus.
3006 5669 3322 5736 Bodleiano,
3363 5686 3517 5722 voces
3557 5670 3690 5720 κατὰ

2123 5737 2230 5788 τῶν
2258 5737 2487 5804 ἐχόντων
2535 5737 2958 5791 interseri-udo:
3002 5755 3123 5808 quae
3188 5744 3351 5795 etiam
3407 5743 3463 5794 in
3510 5739 3689 5794 codice

2123 5808 2563 5861 Amerbachiano
2603 5808 2892 5862 habentur.
