3990 6482
308 367 437 430 19.57

1451 357 1528 420 [Ν
1570 353 1742 417 CAN.
1778 353 1879 418 XV
1920 354 2132 418 CONC.
2172 351 2462 415 GANGR.

3416 352 3554 417 1238

373 479 571 533 ΒΑΛΣ.
595 475 706 540 Τὰς
729 475 918 540 στολὰς
937 471 1186 546 ἀνδρῴας
1213 472 1657 546 άμφιεννυμένας
1680 473 1871 541 γυναῖ-

2051 469 2246 525 BALS.
2278 469 2553 536 Mulieres,
2580 484 2700 542 qute
2732 468 2920 526 viriles
2957 477 3136 525 vestes
3170 468 3311 531 forte
3338 479 3562 542 propter

302 593 404 636 κας
430 572 520 626 διὰ
546 572 780 643 ἄσκησιν
807 572 968 641 τάχα,
1001 571 1096 625 καὶ
1139 566 1589 641 ἀπορῤιπτούσας
1615 565 1714 637 τὴν
1741 580 1876 619 κατ-

302 666 529 739 άλληλον
561 668 625 736 τῇ
686 664 978 734 γυναικείᾳ
1010 663 1171 731 φύσει
1209 661 1424 731 στολὴν,
1478 659 1879 730 ἀναθεματίςει

299 764 327 815 ὁ
358 759 559 814 κανών.
602 758 800 821 Καλῶς
846 755 903 810 δὲ
954 756 1235 824 ἐπήγαγον
1279 755 1326 807 οε
1360 751 1622 822 ,Πατέρες
1665 749 1748 816 τὸ,
1791 748 1880 802 διὰ

301 848 668 921 νομιζομένην
701 848 1025 919 άσκησιν”·ή
1060 846 1167 916 γάρ
1202 845 1277 916 μὴ
1312 843 1400 897 διὰ
1446 843 1740 912 ὑπόκρισιν
1786 840 1880 892 καὶ

301 946 540 1014 ἀπάτην,
584 941 701 997 ἀλλ’
754 944 813 994 ὲν
845 938 1075 1009 ἀληθείᾳ
1129 938 1223 991 καὶ
1270 936 1358 990 διὰ
1411 933 1612 1006 τρόπον
1646 930 1879 1002 ἀληθοῦς

302 1039 593 1108 ἀσκήσεως
639 1035 738 1088 καὶ
788 1033 1036 1104 καθαρᾶς
1084 1029 1326 1084 τοιοῦτόν
1371 1046 1425 1086 τι
1469 1027 1768 1097 ποιήσασα,
1815 1023 1878 1076 οὐ

304 1132 467 1199 μόνον
500 1130 599 1182 οὐκ
637 1126 1236 1198 ἀναθεματνσθήσεται,
1262 1120 1398 1176 ἀλλὰ
1432 1118 1527 1174 καὶ
1557 1118 1882 1190 εὐχαριστη-

303 1223 529 1294 θήσεται
554 1237 569 1252 ·
598 1219 794 1273 πολλαὶ
821 1218 932 1288 γὰρ
961 1217 1222 1286 γυναῖκες
1251 1214 1342 1269 διὰ
1387 1209 1630 1283 ἀνδρῴου
1663 1209 1878 1280 σχῆμα⁸

300 1332 393 1378 τος
433 1314 524 1366 τὸν
576 1312 874 1382 ἀσκητικὸν
917 1311 1122 1382 ἡνυσαν
1156 1308 1383 1380 δρόμον,
1419 1306 1514 1359 καὶ
1546 1305 1626 1366 είς
1673 1302 1735 1355 τὸ
1781 1300 1882 1371 τῆς

304 1407 574 1477 σωτηρίας
621 1406 928 1475 ὑπέρτατον
973 1402 1241 1473 ἔφθασαν,
1283 1401 1360 1466 ὼς
1401 1400 1436 1472 ὴ
1469 1397 1600 1468 ἁγία
1631 1395 1878 1466 Μελάνη,

300 1504 331 1570 ἡ
368 1502 494 1569 ἁγία
529 1499 782 1568 Εὐγενία,
820 1499 914 1552 καὶ
938 1497 1146 1568 ἕτεραι.

374 1684 624 1737 ΖΩΝΑΡ.
659 1682 955 1746 Ἕκαστος
991 1679 1062 1733 ἐν
1088 1670 1130 1751 ᾖ
1161 1675 1392 1748 ἐκλήθη
1424 1674 1591 1742 τάξει
1632 1671 1881 1745 μενέτω,

301 1779 468 1850 φησιν
495 1780 522 1830 ὁ
563 1777 906 1838 Ἀπόστο).ος.
956 1775 1068 1838 Τὰς
1100 1770 1194 1828 οὖν
1227 1773 1491 1842 γυναῖκας
1518 1769 1578 1824 οὐ
1626 1767 1883 1839 βούλεται

301 1875 328 1923 ὀ
363 1868 543 1922 κανὼν
587 1867 977 1939 μεταλλάττειν
1005 1867 1066 1919 τὸ
1103 1865 1315 1936 σχῆμα,
1365 1863 1460 1917 καὶ
1487 1859 1734 1932 ἀνδρῴαν
1764 1876 1883 1913 στο.

300 1965 398 2034 λὴν
433 1961 857 2033 ἀμφιέννυσθαι,
882 1959 949 2013 δι’
971 1961 1201 2028 ἄσκησιν
1227 1957 1389 2028 τάχα,
1421 1954 1522 2026 τὴν
1551 1952 1761 2007 οίκείαν
1790 1951 1885 2005 καὶ

304 2046 641 2125 κατάλληλον
691 2057 758 2124 τῇ
795 2054 955 2122 φύσει
1007 2052 1188 2106 αὐτῶν
1235 2047 1628 2122 έπιρῤιψάσας.
1660 2045 1792 2108 Ταῖς
1828 2043 1885 2098 δὲ

301 2148 464 2202 τοῦτο
495 2147 778 2210 ποιούσαις
813 2145 1066 2217 ἐπιφέρει
1098 2143 1158 2198 τὸ
1191 2141 1465 2213 ἀνάθεμα.

302 2328 530 2385 ΑΡΙΣΤ.
595 2345 614 2381 ι
669 2329 831 2382 Ὀσαι
895 2326 1153 2395 γυναῖκες
1225 2321 1438 2395 ἀνδρῶν
1496 2318 1886 2392 ὑποκρίνονται

769 2434 789 2472 ι
836 2418 1052 2490 ἱμάτια,
1099 2415 1366 2487 ἀνάθεμα.
1403 2430 1424 2467 ι

908 2510 1149 2565 ΚᾹΝΩΝ
1187 2507 1284 2563 ΙΔ’.

313 2623 333 2658 ι
387 2603 452 2658 Εἴ
475 2621 557 2667 τις
593 2602 731 2674 γυνὴ
765 2604 1170 2674 καταλιμπάνοι
1196 2602 1289 2656 τὸν
1319 2599 1515 2670 ἄνδρα,
1555 2599 1651 2656 καὶ
1677 2600 1888 2670 ἀναχω-

392 2719 410 2748 ι
456 2699 569 2768 ρείν
618 2698 814 2762 ἐθέλοι,
857 2695 1252 2767 βδελυττομένη
1286 2695 1379 2750 τὸν
1410 2697 1612 2765 γάμον,
1635 2691 1888 2761 ἀνάθεμα

386 2811 404 2842 ι
450 2791 610 2846 ἔστω.
647 2809 668 2843 ι

385 2886 584 2938 ΒΑΛΣ.
632 2885 689 2938 '0
727 2883 900 2955 μέγας
934 2884 1147 2948 Παῦλός
1178 2899 1311 2952 φησι
1358 2879 1492 2951 πρδ;
1523 2879 1648 2942 τοὺς
1680 2875 1887 2947 ὁμοζύ-

306 2995 463 3047 γους.
487 2976 581 3044 Μὴ
612 2974 984 3045 ἁποστερῆτε
1004 2975 1337 3042 ἀλλήλους,
1373 2975 1426 3026 εί
1446 2971 1530 3041 μή
1559 2989 1614 3024 τι
1643 2969 1712 3024 ἐκ
1735 2983 1888 3040 συμ-

305 3068 532 3141 φώνου·
559 3069 656 3123 ml.
687 3070 874 3122 πάλιν·
906 3069 1076 3136 Ιύνὴ
1108 3071 1218 3123 οὐκ
1240 3063 1573 3131 ἐξουσιάζει
1602 3062 1708 3116 τοῦ
1728 3062 1886 3118 ίδίου

308 3163 604 3232 σώματος,
634 3160 773 3216 ἀλλ’
803 3168 834 3215 d
864 3160 1041 3229 ἀνήρ,
1073 3161 1171 3214 καὶ
1217 3161 1250 3213 ό
1278 3157 1434 3226 ἀνὴρ
1464 3158 1576 3211 οὐκ
1605 3152 1889 3220 ἐξουσιά-

309 3254 392 3318 ζει
449 3257 554 3310 τοῦ
598 3253 756 3309 ἰδίου
807 3255 1101 3324 σώματος,
1146 3253 1286 3308 ἀλλ’
1331 3252 1366 3320 ή
1417 3249 1596 3320 γυνή.
1645 3250 1808 3302 Ὥστε
1855 3247 1890 3320 ἡ

312 3347 697 3402 καταλιποῦσα
729 3348 823 3400 τὸν
849 3347 1037 3417 ἄνδρα,
1079 3343 1154 3407 ὡς
1184 3341 1584 3415 βδελυττομένη
1623 3339 1712 3393 τὸν
1738 3337 1890 3392 ἑννο-

319 3456 422 3510 μον
484 3441 681 3508 γάμον,
730 3438 1211 3507 ἀναθεματίζεται,
1265 3436 1340 3499 ὡς
1392 3431 1779 3502 ὲναντιουμένη
1814 3427 1892 3501 τῷ

307 3534 406 3588 τοῦ
441 3533 574 3587 Θεοῦ
601 3530 1018 3604 παραγγέλματι
1049 3529 1126 3600 τῷ
1151 3527 1415 3582 ένὼσαντι
1443 3528 1568 3590 τοὺς
1603 3523 1892 3588 συνεύνους

310 3629 393 3691 είς
430 3629 608 3698 σάρκα
639 3627 795 3698 μίαν,
838 3625 931 3679 καί
961 3627 1082 3688 ταῖς
1118 3624 1334 3687 λοιπαῖς
1387 3623 1562 3685 θείαις
1619 3619 1887 3690 Γραφαῖς.

311 3721 388 3772 Τὸ
429 3719 560 3773 αὐτὸ
587 3721 679 3772 καὶ
702 3719 798 3770 ἐπὶ
831 3715 1062 3787 ἀνδρῶν.
1102 3717 1212 3768 Καὶ
1247 3715 1422 3768 ταῦτα
1460 3715 1593 3784 μὲν,
1629 3713 1759 3767 ὃταν
1807 3727 1891 3775 τις

311 3815 524 3883 ἀποστῇ
553 3815 654 3884 τῆς
685 3810 919 3879 συζύγου
944 3808 1111 3864 αὐτοῦ
1142 3809 1230 3862 διὰ
1259 3807 1357 3878 τὴν
1388 3805 1645 3873 τοιαύτην
1671 3805 1853 3858 αἰτίαν
1874 3819 1887 3832 ⁸

313 3907 367 3959 εί
401 3907 510 3975 γὰρ
543 3904 608 3958 δι’
636 3904 820 3974 ἔφεσιν
857 3902 951 3956 τοῦ
991 3902 1260 3974 μονήρους
1308 3899 1426 3971 βίου
1456 3898 1618 3952 τοῦτο
1643 3898 1890 3970 ποιήσει,

313 4000 416 4051 οὐκ
446 3999 843 4068 αἰτιαθήσεται.

391 4089 634 4144 ΖΩΝΛΡ.
681 4087 758 4143 Οὐ
791 4087 954 4142 καλὸν
984 4087 1045 4140 τὸ
1093 4085 1280 4149 καλὸν,
1309 4083 1439 4138 ὅταν
1484 4082 1559 4155 μὴ
1589 4080 1768 4145 καλῶς
1811 4079 1893 4148 γίο

317 4201 480 4238 νοιτο.
520 4184 696 4238 Καλὸν
735 4183 833 4254 μὲν
870 4182 976 4254 γὰρ
1010 4182 1044 4253 ἡ
1080 4177 1405 4252 σωφροσύνη
1437 4177 1532 4232 καὶ
1569 4176 1632 4229 τὸ
1687 4177 1894 4244 ἐγκρα-

317 4277 573 4330 τεύεσθαι
620 4278 722 4345 τῆς
754 4279 812 4329 έν
848 4277 1013 4345 γάμῳ
1051 4274 1272 4344 μίξεως·
1313 4271 1428 4326 ἀλλ’
1459 4271 1587 4324 ὅταν
1627 4269 1770 4322 κατὰ
1803 4265 1895 4320 τὸν

322 4369 496 4438 μέγαν
551 4366 760 4421 Παῦλον
805 4367 1029 4435 γίνοιτο,
1075 4364 1306 4432 λέγοντα
1331 4376 1347 4393 ·
1373 4362 1470 4431 Μὴ
1507 4354 1896 4426 ἀποστερεῖτε

316 4460 654 4527 ἀλλήλους,
707 4459 756 4510 εὶ
803 4457 887 4527 μή
928 4473 984 4509 τι
1037 4454 1105 4508 ἐκ
1153 4453 1521 4524 συμφώνου·
1556 4451 1651 4504 καὶ
1683 4447 1846 4501 πάλιν
1877 4461 1892 4477 ·

1982 563 2435 620 exercitationem
2463 564 2680 632 pictatis
2716 563 2971 629 induunt,
3020 571 3075 619 et
3104 563 3362 618 muliebri
3399 564 3557 622 sexui
3606 621 3615 630 _

1980 666 2188 714 vestem
2226 659 2645 710 convenientem
2691 655 2984 725 abjiciunt,
3032 670 3213 712 canon
3238 657 3564 712 anathema-
3591 643 3613 664 ⁴’

1984 750 2136 805 tizat.
2186 748 2422 804 Pulchre
2475 759 2656 802 autem
2714 747 3120 817 subjunxerunt
3171 749 3362 806 Patres
3403 749 3562 814 illud,

1983 847 2206 912 propter
2257 853 2383 894 eam
2445 853 2567 907 qua:
2602 837 2954 892 existimatur
3008 838 3233 909 pietatis
3292 842 3568 895 exercita-

1984 936 2213 990 tionem.
2251 933 2322 987 Ea
2352 934 2497 989 cnim
2523 975 2539 1000 ,
2574 949 2696 1005 quae
2727 949 2835 990 non
2886 944 3110 1005 propter
3149 935 3471 1008 hypocrisin
3506 945 3560 991 et

1985 1027 2257 1093 fraudem,
2319 1025 2416 1083 scd
2472 1041 2624 1089 vere,
2678 1036 2733 1082 et
2791 1035 3011 1098 propter
3040 1043 3190 1096 purae
3239 1044 3304 1084 ac
3331 1031 3562 1085 sincera:

1986 1120 2407 1177 exercitationis
2440 1119 2660 1175 modum
2694 1121 2804 1176 tale
2831 1119 2965 1189 quid
3010 1120 3222 1188 fecerit,
3247 1139 3355 1179 non
3381 1124 3561 1178 solum

1985 1229 2096 1269 non
2161 1211 2741 1275 anathematizabitur,
2814 1212 2911 1267 sed
2957 1213 3124 1269 etiam
3179 1214 3340 1271 laude
3396 1216 3562 1286 digna

1983 1308 2319 1363 censebitur.
2353 1304 2537 1360 Multae
2566 1304 2712 1358 enim
2744 1304 3004 1360 mulieres
3027 1321 3125 1376 per
3158 1308 3370 1363 virilem
3406 1308 3566 1364 babi-

1985 1407 2098 1454 tum
2145 1397 2592 1453 exercitatorium
2633 1398 2968 1452 curriculum
3013 1410 3381 1470 peregerunt,
3416 1410 3465 1456 et
3498 1400 3567 1456 ad

1985 1486 2183 1543 salutis
2227 1485 2507 1555 fastigium
2548 1493 2950 1555 pervenerunt;
2992 1497 3050 1542 ut
3093 1498 3286 1544 sancta
3331 1489 3563 1553 Melane,

1986 1589 2175 1636 sancta
2213 1578 2487 1650 Eugenia,
2517 1588 2572 1634 et
2603 1579 2744 1633 aliae.

2055 1670 2312 1726 ZONAR.
2361 1669 2732 1743 Unusquisque
2782 1672 2838 1726 in
2878 1689 2980 1742 quo
3011 1685 3229 1730 vocatus
3271 1687 3349 1732 est
3383 1678 3569 1734 ordine

1984 1773 2295 1837 permaneat
2329 1764 2371 1828 ⁵,
2403 1765 2479 1819 ait
2513 1764 2837 1835 Apostolus.
2879 1765 3138 1824 Mulieres
3164 1769 3330 1838 igitur
3357 1782 3568 1829 mutato

1989 1862 2178 1918 habitu
2234 1861 2526 1926 incedere,
2598 1859 2924 1927 virilemque
2971 1871 3272 1929 ornatum,
3357 1865 3569 1934 abjeeta

1989 1963 2139 2012 veste
2171 1971 2336 2010 serus
2393 1954 2615 2024 propria
2653 1966 2821 2024 atque
2869 1964 3084 2010 natura:
3137 1957 3386 2025 ipsarum
3431 1976 3569 2015 cort-

1987 2056 2236 2118 gruente.
2272 2047 2455 2103 studio
2480 2047 2619 2102 f0rte
2652 2048 2972 2103 exercendae
3004 2049 3252 2117 virtutis,
3285 2066 3569 2108 assumere

1989 2141 2077 2196 hic
2100 2157 2277 2195 canon
2311 2147 2478 2194 vetat.
2504 2139 2637 2206 Quae
2660 2156 2791 2197 vero
2817 2141 2870 2196 id
2898 2141 3169 2207 fecerunt,
3197 2145 3571 2202 anathetnatis

1987 2248 2147 2305 paena
2175 2234 2344 2289 teneri
2371 2233 2677 2289 constituit.

1988 2319 2218 2380 A-RIST.
2256 2343 2274 2377 ι
2314 2322 2667 2395 Quaecunque
2699 2325 2964 2383 mulieres
2992 2328 3235 2384 virorttm
3267 2331 3575 2387 abutuntur

2350 2437 2368 2471 ι
2408 2419 2768 2482 vestimentis,
2819 2421 3133 2477 anathema.
3176 2440 3196 2474 ι

2570 2508 2803 2566 CANON
2842 2510 2982 2568 XIV.

1995 2623 2015 2660 ι
2058 2603 2112 2660 Si
2144 2618 2251 2676 qua
2288 2602 2488 2658 mulier
2527 2602 2805 2673 relinquat
2851 2603 3112 2660 maritum
3149 2643 3166 2671 ,
3218 2616 3272 2662 et
3317 2609 3573 2666 recedere

2067 2698 2294 2763 «velit,
2381 2698 2793 2751 matrimonium
2863 2697 3208 2766 abhorrens,
3287 2704 3359 2758 sit
3440 2719 3575 2759 ana-

2069 2811 2086 2843 ι
2128 2791 2333 2847 thema.
2377 2808 2395 2840 ι

2062 2882 2258 2938 BALS.
2295 2881 2522 2953 Magnus
2557 2879 2760 2939 Paulus
2778 2881 2915 2939 dicit
2946 2883 3306 2957 coniugibus:
3353 2886 3430 2941 Ne
3463 2890 3576 2954 pri—

1988 2977 2116 3034 aetis
2148 2992 2235 3032 vos
2269 2974 2512 3038 invicem,
2540 2975 2643 3029 nisi
2671 2976 2848 3046 utique
2894 2992 2960 3032 ea:
2989 2995 3249 3033 consensu
3272 2981 3313 3031 ⁵.
3353 2980 3414 3034 Et
3452 2998 3579 3036 rur-

1992 3086 2131 3129 sus:
2163 3068 2358 3123 Mulier
2395 3083 2498 3122 non
2530 3066 2684 3120 habet
2728 3076 3042 3137 potestatem
3082 3072 3282 3139 proprii
3317 3075 3577 3141 corporis.

1916 3180 1957 3241 ε
1992 3163 2081 3220 sed
2120 3163 2234 3226 t'ir;
2261 3171 2311 3214 et
2337 3161 2417 3215 vir
2444 3175 2548 3213 non
2577 3158 2734 3213 habet
2757 3170 3070 3230 potestatem
3094 3164 3297 3231 promii
3318 3167 3578 3231 corporis,

1994 3256 2084 3311 sed
2121 3252 2311 3308 mulier
2341 3252 2386 3305 °.
2423 3249 2815 3318 Quamobrem,
2869 3267 2989 3322 quae
3017 3255 3192 3307 virum
3244 3256 3486 3325 reliquit,
3519 3266 3581 3309 ut

1995 3348 2296 3420 legitimum
2329 3343 2742 3400 matrimonium
2768 3342 3102 3410 abhorrens,
3139 3347 3581 3401 anathematiza-

2001 3452 2125 3505 tur;
2165 3452 2222 3494 ut
2254 3455 2376 3509 qua:
2417 3434 2511 3491 1)ιὶ
2559 3443 2833 3505 pnccepto
2877 3435 3229 3503 adversatur,
3277 3441 3421 3508 quod
3471 3440 3578 3493 tori

1993 3543 2287 3593 consortes
2323 3532 2378 3585 in
2412 3544 2632 3584 carnem
2665 3543 2830 3581 unam
2871 3528 3011 3584 uniit
3035 3569 3051 3596 ,
3100 3540 3154 3586 et
3188 3533 3405 3588 cmteris
3439 3535 3582 3586 divi-

1994 3631 2082 3687 nis
2110 3626 2440 3696 Scripturis.
2484 3623 2627 3676 ldem
2677 3619 2844 3676 etiam
2886 3627 2956 3679 de
2998 3624 3153 3681 viris.
3194 3623 3261 3680 Et
3305 3627 3418 3682 haec
3455 3627 3581 3696 qui-

1993 3724 2139 3789 dem,
2163 3719 2386 3791 quando
2419 3716 2545 3788 quis
2571 3729 2600 3768 a
2628 3729 2729 3770 sua
2759 3717 2995 3788 conjuge
3027 3717 3314 3783 defecerit,
3353 3728 3581 3790 propter

1993 3814 2268 3887 ejusmodi
2325 3824 2551 3866 causam
2588 3824 2603 3864 :
2639 3809 2683 3863 si
2779 3809 2924 3865 enim
2979 3824 3203 3882 propter
3264 3813 3582 3868 monasticae

1995 3910 2122 3962 vita:
2175 3905 2519 3962 desiderium
2591 3903 2697 3959 hoc
2757 3906 2969 3974 fecerit,
3019 3905 3070 3962 ei
3125 3906 3259 3962 vitio
3321 3923 3428 3962 non
3481 3910 3580 3962 da-

1994 4002 2163 4057 bitur.

2064 4094 2320 4152 ZONAR.
2354 4094 2563 4150 Bonum
2592 4109 2700 4151 non
2720 4101 2808 4149 est
2834 4093 3064 4158 bonum,
3092 4090 3140 4148 si
3166 4107 3274 4146 non
3296 4092 3434 4147 bene
3464 4091 3579 4148 ﬁat.

1996 4183 2195 4239 Procul
2233 4186 2402 4240 dubio
2431 4188 2578 4240 cnim
2605 4184 3030 4256 temperantiam
3065 4183 3292 4246 sectari,
3345 4199 3517 4253 seque
3549 4199 3582 4238 a

1997 4277 2225 4348 nuptiali
2266 4293 2573 4349 congressu
2618 4285 2836 4332 castum
2875 4289 3122 4340 servare,
3156 4275 3432 4330 laudabile
3460 4284 3542 4331 est
3566 4293 3600 4342 ;.

1995 4371 2089 4424 sed
2151 4370 2224 4424 ita
2280 4378 2503 4435 tamen,
2551 4380 2610 4423 ttt
2669 4384 2736 4423 ne
2765 4368 2896 4439 quid
2954 4375 3149 4422 contra
3209 4367 3341 4420 illud
3399 4368 3601 4436 magni.

1997 4460 2149 4515 Pauli
2179 4461 2538 4515 admittatur:
2586 4460 2785 4523 Nolite,
2815 4458 3018 4531 inquit,
3059 4458 3314 4528 fraudare
3337 4451 3599 4521 iuviremé

328 4551 400 4605 Ἦ
420 4547 574 4618 γυνὴ
603 4550 715 4602 οὐκ
747 4544 1079 4611 ἐξουσιάζει
1106 4544 1212 4598 τοῦ
1243 4543 1400 4597 ἰδίου
1435 4542 1731 4610 σώματος,
1759 4533 1885 4592 ἀλλ

2003 4553 2104 4605 nisi
2125 4552 2262 4619 [orte
2293 4568 2356 4606 ea:
2386 4568 2667 4616 consensu,
2697 4561 2751 4608 et
2783 4568 3000 4607 rursum
3029 4565 3043 4603 :
3078 4549 3275 4604 Mulier
3300 4567 3401 4604 non
3426 4545 3599 4616 habet;

323 4645 355 4697 ό
376 4643 550 4711 ἀνήρ’
573 4642 670 4699 καὶ
703 4644 736 4695 ό
760 4639 915 4708 ἀνὴρ
936 4641 1045 4693 οὐκ
1073 4634 1411 4702 ἐξουσιάζει
1452 4634 1558 4688 τοῦ
1601 4633 1755 4687 ἰδίου
1784 4629 1885 4684 σώ-

2002 4653 2311 4714 polestatem
2345 4649 2431 4699 sui
2459 4648 2696 4714 corporis
2720 4687 2734 4712 ,
2770 4646 2862 4698 sed
2911 4645 3027 4710 vir;
3078 4654 3126 4700 et
3162 4646 3241 4696 vir
3274 4633 3601 4712 potestatean

315 4751 528 4804 ματος,
559 4735 698 4789 ἀλλ’
729 4733 768 4802 ἡ
801 4730 977 4803 γυνή.
1015 4731 1074 4784 El
1104 4729 1160 4784 δὲ
1193 4729 1418 4799 ἀφίησιν
1447 4729 1480 4799 ή
1517 4726 1653 4796 γυνὴ
1690 4727 1781 4779 τὸν
1808 4725 1885 4779 άν-

2005 4753 2108 4791 non
2139 4737 2292 4791 habet
2315 4738 2400 4791 sui
2426 4740 2687 4806 corporis,
2719 4739 2808 4792 sed
2850 4738 3060 4792 mulier.
3109 4737 3266 4802 Quod
3301 4737 3347 4792 si
3388 4737 3601 4806 mulier.

321 4833 423 4900 δρα
475 4830 551 4902 μὴ
614 4829 938 4900 βουλόμενον
981 4826 1072 4881 τὸν
1122 4825 1182 4892 ἐξ
1230 4824 1403 4894 αὐτῆς
1448 4822 1749 4894 χωρισμὸν,
1809 4821 1885 4892 ῆι

2009 4825 2188 4880 virum
2223 4842 2383 4882 suum
2417 4827 2638 4897 abjungi
2672 4827 3211 4892 nolentemdimittit,
3233 4834 3326 4880 aut
3350 4827 3432 4882 vir
3463 4835 3601 4882 mu-‘
3630 4875 3635 4902 ε

325 4895 593 4996 ἀντέστην
614 4895 871 4993 *γυναίκα
918 4921 993 4991 μὴ
1025 4919 1362 4990 βουλομένην
1388 4919 1451 4996 τὸ
1476 4916 1780 4984 διαζύγιον,
1807 4915 1885 4968 κα¹

2005 4919 2194 4974 lierem
2242 4935 2270 4972 a
2308 4920 3012 4985 divortioabhorreutem,
3062 4927 3229 4990 atque
3275 4920 3415 4975 alter
3450 4895 3637 5006 con-3';

323 5017 474 5070 λύειν
506 5019 597 5069 τὶν
626 5016 806 5085 γάμον
834 5013 1006 5066 ἐθέλει
1036 5011 1094 5064 ἓν
1133 5010 1242 5064 τῶν
1268 5011 1665 5064 συνοικοῦντων
1691 5008 1885 5078 προσώ

2002 5009 2193 5078 jugum
2253 5011 2474 5080 nuptias
2526 5011 2753 5066 dissolvi
2817 5011 2968 5079 velit,
3028 5017 3230 5082 quippe
3292 5010 3587 5082 legitimam

328 5127 466 5175 πων,
511 5109 711 5179 φεῦγον
739 5107 838 5178 τὴν
874 5105 1096 5176 ἔννομον
1149 5102 1441 5158 συνουσίαν
1474 5100 1549 5165 ὡς
1583 5099 1878 5171 aestuum»

2000 5106 2455 5172 ronjunctioncm
2479 5146 2494 5168 ,
2527 5114 2585 5159 ut
2617 5105 2996 5160 detestabilem
3019 5148 3033 5168 ,
3066 5107 3322 5177 fugiens;
3357 5105 3586 5160 anathe-

326 5201 574 5271 ἀνάθεμα
605 5199 838 5269 γίνεται.

2005 5198 2133 5251 mati
2168 5198 2469 5252 obnoxium
2507 5214 2631 5254 esse
2664 5199 2994 5254 decernunt.

331 5293 554 5348 ΔΡΙΣΤ.
639 5312 656 5345 ι
703 5293 815 5346 Καὶ
862 5293 987 5346 ὅσαι
1027 5290 1137 5345 τῶν
1200 5287 1410 5356 ἀνδρῶν
1464 5283 1876 5351 διαζεύγνυνται

2003 5287 2229 5342 AlllS'l‘.
2267 5307 2283 5339 ι
2319 5286 2450 5342 ltent
2488 5305 2609 5361 qua:
2637 5306 2664 5344 a
2700 5293 2835 5347 viris
2862 5293 3126 5347 recedunt
3169 5289 3585 5347 matrimonium

543 5407 560 5440 ι
586 5387 1007 5458 βδελυσσόμεναι
1036 5385 1126 5438 τὸν
1156 5383 1356 5454 γάμον,
1382 5380 1682 5448 ἀνάθεμα.»

2363 5401 2380 5433 ι
2414 5383 2816 5448 abominantes,
2852 5387 3164 5440 anathema.
3210 5404 3226 5435 ι

866 5479 1106 5534 ΚᾹΝΩΝ
1136 5479 1238 5532 ιε’.
2503 5474 2665 5546 423
2710 5476 2935 5531 CANON
2978 5476 3093 5533 xv.

337 5589 361 5625 ς
405 5571 468 5623 Εἴ
499 5588 574 5632 τις
609 5575 1018 5644 καταλιμπάνει
1063 5572 1132 5626 τὰ
1171 5569 1368 5626 ἑαυτοῦ
1429 5572 1620 5634 τέκνα,
1675 5567 1770 5619 καὶ
1828 5565 1885 5635 μὶ

2017 5587 2034 5620 ι
2093 5568 2147 5624 Si
2203 5566 2329 5637 quis
2380 5582 2512 5623 suos
2549 5570 2750 5624 liberos
2794 5572 3072 5640 relinquit,
3109 5586 3206 5624 nec
3241 5585 3336 5624 eos
3371 5568 3487 5636 alit,
3536 5577 3591 5621 et

405 5685 423 5717 ι
469 5666 825 5734 τεκνοτροφεί
857 5671 947 5718 καὶ
979 5667 1041 5720 τὸ
1101 5669 1224 5720 ὅσον
1251 5664 1338 5717 ἐπ’
1383 5661 1534 5733 αὐτῴ
1591 5661 1726 5733 πρδς
1787 5661 1885 5714 θεο⁴

2089 5679 2107 5712 ι
2149 5670 2413 5730 quantum
2455 5663 2507 5715 in
2552 5678 2608 5719 se
2643 5672 2722 5718 est
2758 5665 2820 5718 ad
2861 5667 3276 5719 ctutvenicntetn
3332 5663 3586 5728 pictntmn

440 5853 508 5911 ⁸1
544 5855 667 5912 Cor.
702 5870 789 5920 xv,
823 5856 914 5910 ‘13.
1000 5858 1019 5886 ³
1056 5857 1073 5907 ι
1108 5855 1234 5910 Cor.
1268 5871 1362 5916 vr,
1401 5853 1453 5906 5.
1570 5853 1586 5881 θ
1622 5850 1755 5903 Ibid.
1793 5850 1844 5901 l.

2611 5897 2613 5900 .
2655 5888 2673 5902 ἡ

712 5951 986 6012 ΡΑτιιΟι.
1027 5952 1140 6013 (in.
1191 5947 1540 6013 CXXXV”.

2565 5937 2568 5942 ’
3137 5932 3207 5987 40
