3990 6482
330 362 471 427 Ῑὲξίῗῦ

955 481 1191 536 ΚΑΝΩΝ
1224 481 1329 539 lH'.

333 591 354 624 ι
399 572 467 626 Et
490 590 575 636 τις
611 573 698 627 διὰ
736 575 1102 645 νομιζομένην
1129 576 1366 648 ἄσκησιν
1421 580 1480 633 ὲν
1533 581 1599 649 τῇ
1652 581 1907 653 κυριακῇ

688 690 706 724 ι
737 672 1031 742 νηστεύσῃ,
1062 674 1312 744 ἀνάθεμα
1340 677 1500 729 ἔστω.
1545 693 1562 726 ι

407 761 604 816 ΒΑΛΣ.
637 763 914 832 Πολλαχοῦ
949 766 1334 820 κεκανόνισται
1373 765 1447 837 μὴ
1507 766 1787 836 νηστεύειν
1821 765 1915 821 καὶ

338 841 766 926 σκυθρωπάζειν
794 858 942 926 ἡμᾶς
979 857 1120 911 κατά
1158 858 1259 929 τὴν
1291 860 1636 930 χαρμόσυνον
1701 859 1915 932 ἡμέραν

335 948 434 1016 τῆς
463 947 753 1018 Κυριακῆς
785 948 871 1002 διὰ
895 952 996 1017 τὴν
1047 950 1269 1020 ἔγερσιν
1313 951 1408 1004 τοῦ
1471 952 1700 1022 Κυρίου,
1779 953 1915 1008 ἀλλὰ

336 1041 736 1110 πανηγυρίζειν
761 1045 855 1094 καὶ
894 1043 1238 1114 ε-ιχαριστεῖν
1267 1042 1344 1113 τῷ
1372 1043 1511 1112 Θεῷ,
1536 1044 1611 1108 ὡς
1642 1045 1916 1099 ἀναστάν-

337 1149 437 1194 τας
465 1134 529 1185 ὲκ
563 1131 655 1184 τοῦ
685 1132 981 1202 πτώματος
1002 1136 1098 1202 τῆς
1134 1135 1430 1204 ἁμαρτίας.
1485 1137 1622 1198 Τοὺς
1673 1137 1803 1204 γοῦν
1828 1137 1918 1188 τὸν

339 1224 647 1279 Εύστάθιον
669 1225 1025 1289 διδάσκοντας
1074 1227 1359 1298 νηστεύειν
1417 1231 1475 1284 ὲν
1525 1231 1646 1292 ταῖς
1710 1231 1920 1300 Κυρια-

339 1319 465 1379 καῖς
494 1317 842 1388 διάἀσκησιν
867 1319 1053 1387 δῆθεν,
1095 1321 1486 1390 ἀναθεματίζει
1550 1324 1578 1375 6
1616 1320 1818 1376 κανών.
1859 1320 1918 1375 ’0

340 1410 396 1463 δὲ
427 1409 497 1473 ξδ’
524 1410 886 1474 ἀποστολικὺς
909 1411 1093 1464 κανὼν
1124 1413 1377 1484 ἀφορίζει
1439 1414 1565 1478 τοὺς
1621 1413 1768 1467 οὕτω
1818 1431 1920 1482 νη-

341 1502 630 1564 στεύοντας
661 1501 905 1566 λαῐκοὺς,
933 1503 1120 1570 ὥσπερ
1161 1506 1254 1557 καὶ
1283 1506 1408 1562 τοὺς
1436 1506 1738 1576 κληρικοῦς
1783 1505 1921 1557 καθ-

339 1595 506 1663 αιρεῖ.
564 1594 725 1664 Ζήτει
748 1596 840 1646 καὶ
871 1595 962 1646 τὸν
993 1593 1064 1648 νε⁹
1105 1595 1307 1650 κανόνα
1335 1597 1436 1667 τῆς
1481 1598 1539 1651 ἐν
1565 1599 1641 1666 τῷ
1664 1595 1922 1668 Τρούλλῳ

343 1683 594 1740 συνόδου.

414 1775 655 1829 ΖΩΝΑΡ.
702 1776 810 1828 Καὶ
831 1776 889 1828 ὲν
923 1779 1042 1839 ταῖς
1075 1779 1389 1849 Κυριακαῐς
1412 1781 1668 1854 νηστείαν
1693 1781 1927 1851 ἐκήρυτ-

1399 373 1476 435 IN
1509 372 1676 435 CAN.
1727 374 1868 435 XIX
1901 376 2113 441 CONC.
2147 381 2436 446 GANGR.

1930 497 1979 554 Α

3438 383 3589 450 Ῑὲϐθ

2576 495 2805 551 CANO-N
2839 495 3029 555 XVIII.

2023 602 2041 636 ι
2077 583 2133 639 Si
2167 584 2288 654 quis
2325 593 2543 656 propter
2570 602 2710 653 eam,
2755 605 2876 658 quzn
2911 589 3279 655 existimatur,
3324 599 3584 645 exercita

2091 695 2111 729 ι
2152 679 2348 732 tionem
2381 679 2433 732 in
2469 679 2750 736 Dominico
2775 683 3008 752 jejunet,
3044 684 3113 739 sit
3146 683 3458 738 anathema.
3494 702 3513 729 ι

2091 769 2284 826 BALS.
2336 772 2519 830 Multis
2561 775 2863 830 canonibus
2897 784 3118 830 cautum
3148 784 3254 841 est,
3288 791 3356 830 ne
3380 775 3592 844 jejune-

2021 876 2164 928 mus,
2202 874 2255 918 et
2286 867 2568 922 tristitiam
2611 884 2721 938 pra:
2751 868 2911 924 nobis
2957 867 3217 929 feramus,
3253 868 3308 922 in
3355 867 3494 922 festo
3517 881 3591 933 ac

2021 957 2140 1012 ιιυιο
2208 959 2294 1013 die
2338 959 2641 1023 Dominico.
2701 970 2920 1031 propter
2982 958 3593 1016 Domi-niresurrectio-

2021 1065 2183 1114 nem;
2225 1051 2318 1106 sed
2364 1051 2727 1116 celebremus,
2784 1063 2836 1107 et
2867 1053 2976 1108 Deo
3007 1052 3212 1122 gratias
3254 1065 3501 1122 agamus,
3533 1058 3592 1103 ut

2021 1141 2114 1209 qui
2165 1157 2229 1195 ex
2287 1143 2490 1211 peccati
2519 1143 2672 1212 lapsu
2715 1145 3148 1199 surrexerimus.
3201 1144 3594 1198 Eustathianos

2021 1242 2170 1299 ergo,
2220 1229 2478 1285 docentes
2526 1246 2648 1286 esse
2692 1233 2744 1286 in
2771 1232 2964 1288 diebus
3010 1231 3313 1287 Dominicis
3343 1232 3596 1302 jejunan-

2023 1320 2174 1384 dum,
2222 1332 2446 1391 propter
2493 1324 2938 1380 exercitationem
2971 1323 3202 1388 scilicet,
3246 1339 3423 1379 canon
3464 1339 3596 1378 ana-

2024 1414 2260 1468 themate
2283 1416 2537 1486 percutit.
2561 1415 2945 1488 Sexagesimus
2968 1426 3201 1489 quartus
3223 1429 3400 1473 autem
3421 1431 3598 1472 canon

2024 1508 2359 1577 apostolicus
2377 1518 2627 1580 segregat
2654 1509 2846 1577 Iaicos,
2871 1511 2964 1581 qui
2993 1512 3073 1566 sic
3101 1509 3378 1580 jejunant,
3411 1525 3600 1578 quem-

2025 1600 2316 1654 admodum
2361 1609 2415 1654 et
2461 1601 2692 1658 clericos
2741 1602 2985 1673 deponit.
3041 1601 3236 1669 Quaere
3273 1611 3326 1658 et
3381 1602 3450 1657 55
3505 1615 3598 1656 ca-

2029 1707 2226 1746 nonem
2257 1693 2453 1764 synodi
2487 1694 2542 1748 in
2574 1692 2789 1749 TruIlo.

2102 1783 2355 1838 ZONAR.
2402 1783 2676 1854 Jejunium
2723 1786 3002 1842 Dominica
3034 1801 3252 1858 quoque
3283 1784 3372 1840 die
3414 1784 3603 1838 Eusta-

344 1883 438 1918 τεν
465 1869 491 1919 6
523 1867 842 1931 Εὑστάθιος,
875 1869 962 1921 ὅτε
995 1867 1084 1921 διὰ
1127 1871 1227 1940 τὴν
1271 1870 1491 1942 ἔγερσιν
1543 1873 1640 1926 τού
1693 1875 1923 1943 Κυρίου,

2042 1877 2184 1933 thius
2212 1878 2438 1944 indixit;
2466 1895 2628 1949 quam
2665 1886 2872 1944 tamen,
2903 1880 3047 1950 quod
3077 1896 3172 1950 per
3201 1894 3318 1934 eam
3349 1877 3604 1934 Christus

347 1958 443 2008 xui.
473 1957 574 2026 τὴν
609 1959 707 2026 τῆς
746 1959 993 2031 βροτείας
1024 1962 1240 2031 φύσεως
1269 1964 1334 2015 ὲκ
1365 1963 1458 2016 τοῦ
1491 1963 1786 2035 πτώματοσ
1824 1967 1922 2036 τῆς

347 2052 623 2122 ἁμαρτίας
649 2054 968 2120 ἀνάστασιν,
1019 2059 1362 2129 εὐχαριστεῖν
1395 2059 1540 2128 ἡμᾶς
1561 2059 1642 2112 δεῖ
1671 2058 1747 2131 τῷ
1804 2061 1923 2132 Θεῷ

349 2146 446 2200 καὶ
473 2145 706 2216 χαίρειν.
753 2146 895 2201 Ἡδὲ
955 2151 1180 2220 νηστεία
1239 2151 1535 2222 συντριϐἧς
1593 2152 1688 2206 καὶ
1749 2153 1926 2226 λύπης

350 2237 468 2290 ἐστὶ
509 2238 803 2306 σύμϐολον.
849 2241 940 2293 Διὸ
967 2244 1062 2294 καὶ
1092 2246 1206 2307 τοῖς
1239 2245 1600 2316 νηστεύουσιν
1625 2248 1683 2300 ἐν
1706 2248 1922 2316 Κυρια-

351 2333 476 2394 καίς
527 2334 726 2408 ἐτάχθη
763 2336 1034 2408 ἀνάθεμα.

350 2521 570 2576 ΑΡΙΣΤ.
604 2543 622 2576 ι
665 2523 723 2576 ’0
755 2525 854 2596 τὴν
888 2526 1180 2596 κἀριακήν
1235 2526 1267 2598 ἦ
1308 2526 1367 2578 τὸ
1396 2525 1671 2580 Σάὸὄατον
1702 2527 1926 2594 ἀσιτῶν,

943 2638 962 2671 ι
1002 2621 1264 2687 ἀνάθεμα.
1298 2638 1314 2670 ι

942 2713 1178 2763 ΚΛΝΩΝ
1209 2711 1306 2767 ΙΘ’.

363 2816 380 2849 ι
425 2799 490 2852 Εἴ
515 2817 596 2859 τις
618 2799 726 2854 τῶν
757 2803 1112 2870 ἀσκουμένων
1155 2805 1327 2873 χωρῖς
1375 2805 1700 2874 σωματικῆς
1762 2805 1932 2873 ἀνάγο

441 2911 459 2943 ι
499 2911 599 2961 κης
632 2893 1128 2964 ύπερηφανεύοιτο,
1204 2898 1297 2948 καὶ
1340 2897 1436 2958 τὰς
1487 2897 1932 2967 παραδεδομένας

440 3005 456 3036 ι
495 2986 750 3052 νηστείας
776 2988 855 3049 είς
878 2987 937 3038 τὸ
961 2988 1158 3053 κοινὲν,
1192 2989 1284 3041 καὶ
1338 2989 1758 3058 φυλασσομένα-ς
1827 2989 1934 3041 ὑπὸ

442 3075 588 3141 «τῆς
654 3076 1005 3145 Ἐκκλησίας,
1067 3076 1360 3148 παραλύοι,
1421 3075 1830 3148 ἀποκυροῦντος
1874 3079 1934 3130 ἐν

435 3186 455 3220 ι
499 3168 648 3239 αύτῷ
671 3169 874 3222 τελείου
899 3169 1182 3239 λογισμοῦ,
1225 3171 1471 3240 ἐνάθεμα
1499 3171 1694 3224 ἔστω.»

2032 1969 2099 2022 ab
2141 1969 2328 2024 inferis
2361 1969 2638 2026 redivivus
2669 1970 2968 2036 exstiterit,
3002 1981 3362 2038 naturamque
3411 1969 3604 2022 huma-

2032 2075 2158 2115 nam
2209 2075 2239 2115 a
2288 2061 2496 2130 peccati
2543 2061 2697 2131 lapsu
2725 2061 3443 2130 exscitarit,exsultabundi
3493 2059 3604 2114 Deo

2034 2151 2236 2222 gratias
2289 2164 2509 2224 agentes
2560 2155 2862 2226 transigere
2905 2156 3190 2211 debemus.
3233 2155 3301 2208 At
3328 2152 3605 2224 jejunium

2034 2246 2238 2302 doloris
2261 2247 2786 2318 tristitimquehabet
2809 2257 3213 2318 argumentum.
3238 2246 3605 2314 Quamobrem

2034 2353 2083 2393 et
2113 2338 2168 2392 in
2199 2353 2315 2404 eos,
2345 2339 2736 2410 quiDominica
2770 2340 2859 2396 die
2885 2340 3235 2412 jejunarent,
3273 2352 3433 2410 poma
3480 2351 3606 2391 ana,

2037 2430 2299 2485 thematis
2330 2432 2630 2505 constituta
2672 2431 2794 2486 fuit.

2039 2522 2266 2579 ARIST.
2341 2541 2359 2576 ι
2412 2523 2515 2590 Qui
2568 2523 2713 2579 diem
2765 2523 3106 2579 Dominicam
3161 2523 3246 2579 vel
3305 2522 3607 2580 Sabbatum

2365 2637 2383 2671 ι
2423 2618 2645 2689 jejunus
2664 2619 2895 2690 peragit,
2931 2619 3238 2674 anathema.
3265 2635 3284 2670 ι

2601 2709 2832 2765 CANON
2873 2709 3020 2765 XIX.

2047 2820 2065 2854 ι
2109 2799 2165 2855 Si
2219 2801 2344 2871 quis
2391 2816 2602 2865 eorum,
2636 2805 2727 2875 qui
2761 2813 3110 2870 exercentur,
3146 2805 3359 2875 absque
3405 2818 3608 2874 corpo-

2117 2910 2136 2944 ι
2180 2892 2280 2947 rali
2331 2894 2660 2949 necessitate
2692 2909 2750 2950 se
2783 2894 3082 2950 insolenter
3113 2905 3285 2964 gerat,
3322 2902 3376 2949 et
3417 2895 3613 2949 tradita

2119 3003 2138 3036 ‹
2176 2984 2410 3055 jejunia,
2443 3002 2564 3055 qum
2597 2988 2964 3042 communiter
2998 2995 3293 3041 servantur
3333 2987 3400 3042 ab
3433 2985 3605 3042 Eccle-

2123 3097 2141 3130 ι
2174 3079 2276 3144 sia,
2311 3080 2596 3144 dissolvat,
2633 3080 2871 3150 perfecta
2901 3083 2954 3134 in
2985 3095 3049 3134 eo
3080 3080 3351 3135 residente
3381 3081 3614 3142 ratione,

2121 3189 2139 3221 ι
2181 3170 2250 3224 sit
2281 3171 2593 3226 anathema.
2635 3190 2653 3222 ι

431 3231 631 3316 ΒΑΛΣί
666 3265 888 3335 Αἵρεσις
913 3231 1244 3336 Βοχομιλι-κή
1274 3231 1420 3319 ἐστιν
1445 3266 1536 3319 ἐπί
1601 3282 1754 3328 τινας
1803 3264 1932 3335 χρό-

2115 3262 2306 3318 BALS.
2345 3263 2682 3333 Bogomeliea
2715 3274 2797 3320 est
2833 3263 3077 3327 haeresis,
3112 3263 3178 3316 ad
3223 3261 3444 3333 aliquod
3481 3270 3612 3314 tenr

363 3372 487 3418 νους
515 3357 658 3409 κατὰ
724 3360 906 3427 πᾶσαν
937 3359 1149 3430 ⁴ἡμέραν
1183 3359 1464 3428 νηστεύειν
1503 3361 1595 3411 καὶ
1649 3359 1920 3428 μηδέποτε

361 3447 675 3514 καταλύειν,
704 3449 780 3513 ὡς
813 3452 952 3519 μετά
983 3453 1074 3503 τὸν
1109 3451 1367 3504 τοσοῦτον
1409 3451 1600 3522 καιρὸν
1652 3451 1833 3518 λέγειν
1876 3452 1932 3502 ἐν

359 3541 658 3608 τελείοτητι
682 3544 936 3612 γενέσθαι
961 3545 1087 3605 τοὺς
1110 3543 1492 3614 νηστεύοντας,
1523 3544 1616 3597 καὶ
1644 3541 1934 3597 καταλύειν

361 3633 457 3686 καὶ
499 3635 838 3706 ἁμαρτάνειν
863 3637 1196 3706 ἀδιαφόρως,
1221 3636 1314 3688 καὶ
1347 3637 1527 3688 πᾶσαν
1585 3635 1786 3688 κακίαν
1847 3633 1934 3687 διὰ

362 3729 464 3794 τῆς
535 3727 872 3798 τελειότητος
929 3728 1002 3794 ὡς
1051 3728 1156 3781 ὑπὸ
1255 3728 1427 3798 πυρὸς
1512 3726 1932 3780 κατακαίεσθαι.

364 3818 604 3872 Τοιαῦτα
630 3819 759 3887 γοῦν
789 3821 1088 3879 ἐδίδασκον.
1120 3822 1196 3883 ὡς
1231 3820 1404 3884 ἔοικε,
1475 3818 1569 3873 καὶ
1606 3820 1658 3872 oi
1694 3820 1824 3887 περὶ
1844 3818 1934 3871 τὸν

363 3913 700 3968 Εὑστάθιον·
735 3915 814 3966 διὸ
859 3920 952 3968 καὶ
1020 3912 1548 3982 ἀνεθεματίσθησαν.
1616 3910 1937 3977 Ὀφείλομεν

369 4006 474 4075 γὰρ
505 4007 551 4059 οί
578 4007 761 4059 πιστοὶ
805 4005 1089 4076 νηστεύειν
1141 4005 1277 4059 κατὰ
1337 4005 1434 4065 τὰς
1496 4002 1938 4073 παραδεδομένας

361 4100 634 4166 νηστείας,
670 4101 788 4171 ἦτοι
813 4099 1082 4168 Τετράδα,
1118 4098 1212 4150 καὶ
1243 4099 1342 4168 τὴν
1399 4097 1784 4166 Παρασκευὴν,
1839 4093 1938 4163 τὴν

366 4193 612 4262 μεγάλην
654 4189 1115 4262 Τεσσαρακοστὴν
1141 4190 1365 4250 καὶτὰς
1404 4188 1603 4249 λοιπὰς
1660 4185 1935 4255 νηστείας,

365 4286 460 4339 καὶ
487 4285 644 4346 αὖθις
674 4283 1074 4353 πανηγυρίζειν
1106 4282 1247 4335 κατά
1282 4280 1381 4343 τὰς
1409 4278 1770 4348 ἑορτασίμους
1799 4275 1940 4346 ἠμέ-

369 4395 490 4449 ρας,
519 4379 567 4429 εί
607 4377 772 4447 μήπω
802 4376 889 4427 διὰ
911 4376 1067 4427 νόσον
1119 4373 1426 4426 καταλῦσαι
1479 4369 1936 4438 άναγκασθῷμεν.

365 4471 489 4523 Ὀτι
517 4471 653 4538 φησὶ
677 4471 772 4522 καὶ
807 4471 834 4521 6
866 4467 939 4533 ξθ⁹
969 4467 1326 4528 ἁποστολικδς
1357 4465 1558 4528 κανὼν,
1593 4463 1733 4516 κατὰ
1760 4464 1938 4515 πᾶσαν

365 4561 612 4632 Τετράδα
657 4562 750 4614 καὶ
781 4559 1144 4630 Παρασκευὴν
1173 4559 1265 4611 καὶ
1314 4558 1413 4625 τὴν
1494 4553 1939 4623 τεσσαρακοστὴν

365 4653 460 4706 τοῦ
495 4657 686 4723 Πάσχα
731 4652 804 4724 μὴ
831 4652 1124 4706 καταλύειν
1158 4653 1328 4721 ἡμᾶς,
1359 4651 1410 4702 εἰ
1445 4649 1519 4720 μὴ
1559 4649 1625 4703 δι’
1654 4649 1940 4702 ἀσθένειαν

367 4747 705 4816 σωματικήν.

437 4838 682 4891 ΖΩΝᾹΡ.
727 4837 784 4890 Ὀ
815 4836 1174 4896 ἀποστολικδς
1195 4836 1490 4905 ἐξηκοστδς
1544 4837 1805 4908 τέταρτος
1839 4858 1945 4893 κα-

369 4929 478 4982 νὼν
505 4927 663 4981 τοῦτο
701 4929 883 4997 ῥητῶς
927 4943 1092 4996 φησιν
1121 4943 1136 4959 ·
1172 4926 1238 4979 Et
1267 4943 1350 4988 τις
1391 4927 1652 4996 κληρικδς
1695 4929 1946 5001 εὑρεθείη

369 5024 468 5092 τὴν
489 5022 776 5091 Κυριακὴν
813 5021 1025 5091 ἡμέραν
1094 5018 1395 5090 νηστεύων,
1441 5019 1473 5089 ἢ
1525 5019 1585 5072 τὸ
1637 5021 1944 5087 Σάϐϐατον,

371 5115 511 5184 πλὴν
537 5114 629 5167 τοῦ
665 5115 781 5177 ἐνὸς
843 5113 1028 5182 μόνου,
1075 5111 1448 5184 καθαιρείσθω
1474 5128 1488 5143 °
1542 5114 1591 5166 εί
1641 5113 1698 5166 δὲ
1737 5113 1944 5182 λαῖκὶς,

366 5206 733 5277 ἀφοριζέσοω.
771 5205 881 5259 Καὶ
936 5206 964 5256 6
1019 5205 1092 5270 ξο’
1179 5203 1278 5274 τὴν
1358 5206 1805 5276 τεσσαρακοστὴν
1851 5206 1945 5261 τοῦ

369 5299 562 5366 Πάσχα
585 5297 871 5366 νηστεύειν
902 5297 1212 5367 παρεγγυᾷ,
1233 5295 1328 5349 καὶ
1351 5296 1597 5364 Τετράδα
1637 5297 1728 5349 καὶ
1759 5298 1947 5366 Παρα-

372 5390 611 5456 σκευὴν·
666 5389 712 5439 εί
757 5387 830 5457 μὴ
863 5388 929 5440 δι’
964 5389 1249 5441 ἀσθένειάν
1271 5405 1358 5450 τις
1405 5385 1771 5455 ἐμποδίζοιτο.
1827 5389 1948 5442 Τῶν

368 5475 426 5528 δὲ
474 5479 605 5546 περὶ
646 5477 737 5530 τὸν
766 5478 1062 5531 Εὐστὰοιον
1096 5478 1194 5541 τὰς
1215 5478 1654 5546 παραδεδομένας
1694 5480 1949 5546 νηστείας

371 5569 631 5634 λυόντων,
661 5568 733 5630 ὡς
767 5571 910 5639 τάχα
937 5570 1264 5638 φθασάντων
1293 5571 1429 5640 πρδς
1452 5571 1793 5641 τελειότητα,
1854 5573 1949 5626 καὶ

371 5662 562 5715 οὐκέτι
592 5662 862 5730 δεομένων
919 5665 1195 5730 νηστείας,
1251 5663 1343 5715 τὸν
1393 5665 1595 5717 κανόνα
1657 5664 1845 5718 τοῦτον
1915 5666 1947 5736 ἡ

374 5754 590 5816 συνόδος
613 5752 977 5824 ἐξεῖρώνησεν,
995 5755 1246 5826 ἀνέιθεμα
1295 5757 1812 5828 καταψηφιζόμενον
1841 5757 1948 5811 τῶν

373 5844 608 5902 ludam
633 5846 726 5913 τάξ
766 5850 1206 5922 παραδεδομένας
1239 5849 1516 5923 νηστείας,
1565 5851 1659 5905 καὶ
1709 5851 1813 5906 ὑπὸ
1848 5849 1948 5924 τῆς

2047 3375 2145 3429 pus
2205 3362 2352 3415 omni
2415 3360 2806 3430 diejejnnarc,
2869 3375 2970 3415 nec
3039 3375 3278 3429 unquam
3344 3355 3614 3427 jejunium
3677 3357 3680 3360 ’

2045 3451 2280 3515 solvere,
2318 3457 2374 3505 ut
2406 3467 2522 3516 eos,
2559 3452 2650 3522 qui
2687 3459 2811 3522 post
2853 3459 3064 3507 tantum
3101 3459 3316 3521 tempus
3342 3448 3617 3519 jejunant.

2045 3544 2232 3598 dicant
2265 3558 2390 3599 esse
2425 3543 2478 3598 in
2526 3544 2880 3614 perfectione,
2921 3551 2974 3600 et
3013 3542 3283 3614 jejunium
3319 3541 3532 3598 solvere
3565 3547 3619 3593 et

2045 3649 2276 3703 peccare
2333 3633 2814 3690 indiscriminatim
2870 3648 3052 3704 posse,
3116 3640 3170 3686 et
3225 3646 3387 3686 omne
3425 3628 3616 3682 vitium

2046 3732 2306 3796 tanquam
2359 3740 2387 3779 a
2439 3725 2772 3793 perfectione
2821 3727 2888 3780 ab
2921 3725 3046 3794 igne
3081 3723 3257 3778 exuri.
3294 3718 3618 3790 llujusmodi

2047 3833 2198 3889 ergo,
2231 3827 2290 3872 ut
2346 3818 2583 3883 videtur,
2617 3817 2886 3872 docebant
2919 3828 2972 3872 et
3003 3816 3347 3874 Eustathiani
3371 3832 3385 3882 ;
3412 3822 3466 3869 et
3497 3814 3619 3868 ideo

2049 3912 2272 3968 fuerunt
2314 3915 2655 3969 anathemate
2701 3915 2967 3983 percussi.
3005 3914 3276 3969 Debemus
3311 3912 3454 3967 enim
3490 3911 3622 3966 lide-

2048 4006 2127 4061 Ies
2177 4006 2232 4060 in
2283 4005 2499 4062 traditis
2530 4006 2775 4075 jejuniis,
2824 4006 3078 4059 nimirum
3130 4012 3321 4074 quarta
3367 4003 3520 4069 feria,
3565 4009 3619 4058 et

2046 4097 2368 4164 Parasceve,
2429 4106 2482 4153 et
2533 4112 2728 4167 magna
2779 4097 3232 4164 Quadragcsima,
3289 4105 3343 4150 et
3395 4095 3622 4164 reliquis

2042 4190 2266 4261 jejuniis
2313 4191 2585 4260 jejunare,
2621 4200 2674 4244 et
2717 4205 2908 4243 rursus
2953 4189 3126 4243 festos
3162 4190 3277 4242 dies
3313 4188 3616 4251 celebrare,

2048 4285 2152 4339 nisi
2183 4283 2321 4338 forte
2348 4295 2568 4355 propter
2598 4282 2845 4337 morbum
2885 4281 3156 4352 jejunium
3191 4281 3404 4335 solvere
3435 4280 3612 4334 coacti

2050 4377 2243 4432 simus.
2295 4375 2436 4431 Dicit
2478 4377 2620 4431 enim
2658 4376 2724 4431 69
2749 4389 2924 4431 canon
2956 4373 3292 4444 apostolicus
3317 4414 3331 4436 ,
3383 4371 3436 4425 in
3471 4371 3618 4424 omni

2048 4480 2241 4540 quarta
2278 4469 2410 4524 feria
2442 4478 2496 4523 et
2528 4470 2828 4524 Paraseeve
2859 4476 2913 4521 et
2963 4466 3016 4521 in
3048 4465 3271 4519 Pascha:
3310 4463 3620 4534 quadrage-

1977 4595 2018 4649 υ
2049 4562 2184 4617 sima
2236 4577 2337 4618 nos
2378 4562 2642 4630 jejunium
2679 4576 2788 4614 non
2833 4559 3046 4614 solvere
3091 4555 3193 4612 nisi
3239 4566 3458 4626 propter
3494 4570 3621 4611 eor-

2050 4654 2289 4724 poralem
2335 4653 2784 4709 imbecillitatem.

2121 4833 2372 4889 ZONAR.
2407 4833 2792 4904 Sexagesimus
2821 4841 3051 4904 quartus
3082 4848 3256 4888 canon
3285 4833 3623 4906 apostolicus

2051 4929 2163 4984 haec
2183 4929 2406 4984 totidem
2430 4930 2610 4984 verbis
2640 4929 2801 4984 habet
2828 4943 2842 4986 :
2879 4927 2934 4982 Si
2964 4928 3112 4998 quis.
3145 4927 3343 4998 inquit,
3391 4927 3627 4982 clericus

2049 5019 2302 5074 inventus
2357 5019 2522 5075 fuerit
2572 5020 2660 5075 die
2701 5019 2986 5076 Dominieo
3030 5020 3317 5090 jejunare,
3348 5019 3429 5073 vel
3482 5019 3624 5074 Sabo

2049 5112 2195 5178 bato,
2228 5124 2588 5184 praeterquam
2633 5129 2742 5168 uno
2771 5114 2908 5175 solo,
2945 5114 3252 5183 deponatur
3282 5132 3295 5168 :
3327 5114 3409 5168 sin
3439 5121 3620 5167 autem

2050 5205 2255 5272 laicus,
2302 5216 2639 5277 segregetur.
2673 5206 3058 5276 Sexagesimus
3095 5220 3222 5259 vero
3261 5220 3438 5260 nouus
3483 5220 3624 5274 qua--

2050 5299 2413 5368 dragesimam
2471 5297 2712 5362 Pascha‘,
2757 5308 2810 5353 et
2855 5307 3110 5368 quartum
3159 5298 3324 5362 diem,
3369 5305 3423 5351 et
3457 5296 3624 5350 Para-

2051 5402 2268 5448 sceven,
2323 5387 2430 5443 nisi
2482 5387 2730 5454 corporis
2763 5388 2946 5457 aliqua
2983 5387 3274 5441 inlirmitas
3320 5385 3621 5448 obstiterit,

2045 5477 2254 5547 jejunio
2281 5479 2687 5550 transigendam
2722 5495 2843 5535 esse
2867 5481 3133 5535 decernit.
3176 5479 3312 5533 Cum
3350 5492 3478 5531 vero
3512 5476 3620 5530 En-

2050 5572 2333 5637 stathiani,
2367 5571 2520 5641 quasi
2550 5587 2822 5627 sumnuun
2869 5573 3126 5642 perfecta:
3155 5569 3377 5626 virtutis
3409 5568 3620 5638 apicem

2051 5667 2388 5736 attigissent,
2452 5683 2552 5722 nec
2607 5667 2756 5737 ipsos
2806 5666 3020 5737 jejunio
3077 5663 3334 5733 castigari
3388 5662 3624 5732 amplius

2051 5766 2348 5829 oporteret,
2387 5759 2583 5813 tradita
2614 5759 2820 5830 jejunia
2856 5759 3142 5822 violarent,
3176 5758 3321 5809 hunc
3357 5770 3621 5809 canoncm

2053 5851 2292 5924 synodus
2322 5850 2705 5923 promulgavit,
2737 5864 2962 5921 eosque,
2995 5849 3086 5921 qui
3128 5847 3338 5922 jejunia
3385 5861 3416 5903 a
3445 5845 3618 5918 majo-
