3990 6482
438 405 572 479 1271
1704 414 1983 478 TllEOD.
2016 417 2107 476 BA
2123 415 2423 476 LSAMON
3553 413 3690 477 1272

434 545 530 586 eos
562 537 714 585 extra
766 527 1065 585 Ecclesiam
1121 543 1242 584 esse
1287 526 1498 582 statuit.
1548 527 1604 584 Si
1653 527 1778 598 quis
1818 527 2001 599 itaque

2123 526 2336 590 ιανόνας
2370 524 2662 596 έκθεμένη,
2702 526 2856 588 ἐκτὸς
2891 525 3088 588 αὐτοὺς
3123 518 3262 579 εἶναι
3309 526 3406 594 τῆς
3449 525 3684 596 Ἐκκληο

438 623 523 678 vel
562 622 781 691 nuptias
820 620 1094 690 legitimas
1146 619 1455 690 improbat,
1492 619 1575 674 vel
1602 633 1722 674 eum
1767 618 1859 685 qui
1887 634 2010 673 car-

2123 618 2232 682 σίας
2263 618 2617 690 προσέταξεν,
2647 619 2713 672 Et
2739 635 2823 679 τις
2853 618 2982 685 γοῦν
3013 617 3046 688 ἢ
3097 618 3190 669 τὸν
3231 618 3466 687 νόμιμον
3508 617 3684 683 γάμον

441 730 566 770 nem
599 712 837 768 contiedit
872 721 1068 781 prtetcr
1105 711 1427 766 sull'ocatam
1459 723 1512 765 et
1552 709 1715 764 idolis
1752 709 2007 764 immola-

2123 712 2314 775 ἀθετεῖ,
2347 712 2380 784 ἢ
2412 711 2503 766 τὸν
2557 712 2987 782 κρεωφαγοῦντα
3037 711 3356 778 κατακρίνει
3409 712 3533 780 δίχα
3568 728 3689 762 πνι-

441 816 551 860 tam
577 845 592 869 ,
642 804 1008 867 condemnat,
1039 802 1126 858 vel
1157 818 1345 858 servos
1382 801 1412 856 ὲ
1455 802 1692 856 dominis
1726 801 2007 864 recedere,

2123 803 2245 858 κτοῢ
2271 803 2303 875 ἢ
2337 803 2694 858 είδωλοθύτου
2717 820 2730 838 ο
2754 805 2788 874 ἢ
2829 803 3050 867 δούλους
3074 803 3316 856 διδάσκει
3351 803 3462 856 τῶν
3493 805 3691 856 δεσπο-

439 901 659 968 pietatis
688 906 971 969 praetextu,
999 905 1054 953 et
1077 895 1441 952 ministerium
1468 911 1627 950 suum
1656 904 2010 951 contemnere

2123 895 2221 949 τῶν
2299 894 2682 966 ὐπαναχωρεῖν
2751 893 3387 965 προράσειθεοσεϐείας,
3442 893 3540 946 καὶ
3589 894 3688 960 τῆς

440 989 641 1054 docet,
671 997 766 1044 aut
805 990 1024 1045 dubitat
1071 989 1256 1043 divina
1304 988 1554 1059 accipere
1589 995 1932 1043 sacramenta
1981 1003 2012 1042 a

2123 985 2420 1057 ὑπηρεσίας
2477 985 2658 1040 αὐτῶν
2710 987 3074 1056 καταφρονεῖν
3105 1001 3118 1014 ·
3151 985 3184 1056 ἢ
3213 985 3547 1054 διακρίνοιτο
3569 983 3689 1036 ,τῶν

441 1080 782 1153 presbyteris
812 1081 906 1151 qui
948 1096 1150 1138 uxores
1177 1081 1417 1147 habent,
1451 1080 1534 1136 vel
1583 1081 1652 1136 ab
1678 1080 1888 1136 aedibus
1917 1079 2012 1135 Dei

2123 1078 2278 1132 θείων
2330 1078 2688 1148 ἁγιασμάτων
2750 1077 3075 1148 μεταλαϐεῖν
3138 1076 3247 1130 ἀπὸ
3296 1074 3690 1146 πρεσϐυτέρων

441 1182 498 1230 et
545 1172 778 1229 ecclesia
843 1173 1109 1228 recedens
1146 1185 1207 1228 ut
1239 1187 1337 1228 eas
1395 1172 1543 1242 iuste
1588 1173 2015 1228 contemnendas

443 1267 678 1328 ducens.
711 1274 764 1321 et
796 1264 1047 1333 privatim
1098 1266 1424 1320 concionem
1455 1264 1688 1328 habens,
1731 1265 1867 1319 alias
1917 1265 2016 1319 in-

445 1357 782 1414 structiones
828 1355 1056 1427 profert,
1088 1355 1172 1410 vel
1208 1367 1405 1424 pratter
1445 1355 1682 1425 episcopi
1739 1364 1829 1408 aut
1864 1370 2018 1425 pres-

449 1450 626 1521 byteri
648 1451 1001 1513 sententiam,
1031 1457 1090 1504 ut
1115 1463 1211 1504 eos
1237 1454 1616 1510 contemnens,
1643 1446 2016 1503 ecclesiastica

2118 1169 2481 1238 ὐπογυναίων·
2513 1169 2545 1238 ἦ
2576 1168 2684 1222 τῶν
2713 1167 2876 1222 οίκων
2903 1167 2997 1221 τοῦ
3032 1166 3165 1220 Θεοῦ
3200 1167 3293 1220 καὶ
3320 1168 3419 1237 τῆς
3456 1166 3691 1234 Ἐκκλη-

2121 1259 2240 1324 σίας
2274 1261 2595 1331 ἀναχωρεῖν,
2631 1259 2705 1324 ώς
2736 1261 3247 1330 εὐκαταφρονήτους
3275 1258 3474 1320 αὐτοὺς
3503 1257 3693 1326 οἰόμε-

2121 1369 2234 1416 νος,
2287 1353 2381 1407 καὶ
2433 1352 2541 1424 ίδίᾳ
2614 1351 3013 1423 ἐκκλησιάζων,
3092 1349 3445 1412 διδασκαλίας
3495 1349 3692 1417 ἑτέρας

2122 1444 2350 1498 ποιοῖτο’
2381 1443 2415 1515 ἢ
2446 1442 2596 1513 παρά
2637 1441 2864 1512 γνώμην
2892 1441 3194 1495 ἐπισκόπου
3225 1442 3258 1510 ἢ
3293 1440 3690 1510 πρεσϐυτέρου,

2120 1534 2195 1598 ώς
2243 1535 2605 1606 καταφρονῶν
2657 1535 2860 1599 αὐτῶν,
2912 1535 2979 1587 τά
3023 1533 3122 1603 τῆς
3163 1533 3493 1601 Ἐκκλησίας
3546 1530 3694 1583 τελεῖ

2124 1627 2420 1698 μυστήρια,
2481 1626 2573 1680 διά
2623 1625 2686 1679 τὸ
2736 1626 2836 1694 τὴν
2889 1624 3200 1696 προσευχὴν
3256 1622 3422 1676 αὐτοῦ
3481 1622 3695 1691 μεγάλα

444 1542 659 1612 peragit
719 1541 1016 1613 mysteria,
1071 1539 1201 1611 quia
1255 1553 1384 1596 suas
1435 1553 1630 1610 preces
1686 1553 2020 1610 magnopere

445 1632 745 1701 praevalere
767 1631 1048 1702 opinatur,
1084 1639 1178 1686 aut
1211 1632 1371 1686 docet
1415 1631 1688 1686 fructuum
1714 1631 2018 1686 oblationes

449 1723 711 1779 Ecclesia:
735 1724 860 1780 olim
891 1724 1069 1790 datas,
1103 1731 1158 1780 et
1188 1724 1254 1779 ad
1284 1724 1424 1780 bona
1456 1737 1621 1793 opera
1651 1730 1926 1792 erogatas.
1967 1731 2020 1776 et

2126 1713 2332 1786 ίσχύειν
2361 1714 2589 1768 οἴεσθαι·
2640 1715 2672 1785 ἢ
2725 1714 2968 1767 διδάσκει
2994 1714 3091 1776 τὰς
3120 1710 3386 1766 ἀνέκαθεν
3420 1708 3532 1761 τῶν
3564 1708 3663 1777 χρό
3682 1737 3693 1745 -

448 1814 518 1869 ab
543 1814 801 1884 episcopo
828 1822 883 1872 et
903 1814 997 1883 {eis
1023 1814 1116 1884 qui
1154 1814 1221 1868 ad
1261 1828 1451 1869 eorum
1485 1811 2019 1869 administrationem

2123 1824 2228 1861 νων
2257 1806 2540 1877 διδομένας
2582 1804 2964 1877 καρποφορίας
3013 1807 3081 1875 τῇ
3136 1802 3455 1874 Ἐκκλησία,
3487 1801 3583 1854 καὶ
3616 1800 3695 1862 είς

448 1905 518 1961 ab
539 1905 658 1976 ipso
689 1906 1069 1977 designantur,
1101 1904 1363 1962 Ecclesiae
1390 1920 1496 1962 non
1520 1903 1736 1970 oﬂcrre,
1777 1905 1870 1962 sed
1915 1904 2018 1960 sibi

2123 1898 2368 1952 εὐποιῖαν
2396 1897 2872 1967 κατακενουμένας
2893 1897 3044 1966 παρά
3073 1912 3131 1949 τε
3153 1893 3248 1947 τοῦ
3271 1895 3572 1946 ἐπισκόπου
3601 1893 3696 1944 καὶ

449 2005 545 2053 aut
576 1999 687 2054 illis
715 2000 808 2069 qui
843 2014 1032 2055 secum
1069 2007 1200 2054 sunt
1221 2013 1314 2055 eas
1343 1999 1495 2063 dare,
1531 1997 1616 2055 vel
1646 1997 2013 2066 virginitatem

450 2105 559 2145 non
588 2098 812 2162 prepter
837 2090 1010 2162 ipsam
1040 2091 1362 2159 bonitatem,
1407 2090 1755 2146 matrimonio
1773 2088 2015 2160 praefert,

446 2181 543 2239 sed
577 2190 636 2238 ut
669 2182 1081 2239 matrimonium
1122 2199 1456 2249 exsecrans,
1496 2192 1552 2240 et
1586 2184 1853 2240 adversus
1885 2198 2018 2239 con-

443 2276 664 2346 jugatos
689 2277 901 2342 elatus,
927 2278 1011 2334 vel
1043 2293 1151 2334 non
1181 2278 1440 2334 convenit
1483 2277 1551 2334 iis
1579 2277 1671 2348 qui
1705 2277 1772 2332 ad
1808 2292 2016 2348 agapen

447 2377 784 2439 congregant
820 2379 942 2438 post
961 2370 1224 2426 Ecclesiae
1262 2370 1640 2426 dimissionem
1673 2371 1738 2424 ad
1780 2371 1937 2434 panis
1964 2378 2018 2424 et

448 2458 561 2514 vini
615 2461 1088 2531 participationem
1111 2502 1126 2528 ,
1167 2461 1259 2517 sed
1285 2477 1382 2516 eos
1412 2461 1592 2533 rejicit
1617 2501 1632 2526 ,
1673 2470 1728 2516 et
1775 2477 1900 2516 cum
1935 2462 2016 2517 eis

449 2551 858 2607 communicare
903 2560 1130 2608 vocatus
1171 2568 1267 2623 per
1313 2561 1685 2624 contemptum
1725 2565 1778 2607 et
1824 2569 2018 2622 super-

449 2642 593 2698 biam
620 2657 730 2697 non
763 2642 1022 2708 sustinet,
1051 2645 1133 2700 vel
1159 2659 1282 2699 cum
1313 2644 1524 2715 justitia
1569 2653 1624 2700 et
1657 2645 2014 2701 beneﬁcentia

448 2735 803 2790 diteseentem
821 2745 1170 2804 aspernatur,
1192 2737 1274 2793 vel
1299 2745 1353 2792 et
1371 2753 1494 2793 eum
1521 2738 1614 2808 qui
1642 2739 1873 2793 sericam
1923 2753 2016 2792 ve-

451 2837 585 2880 stem
615 2825 811 2892 induit,
872 2825 1028 2882 ﬂocci
1085 2826 1234 2893 facit,
1268 2828 1385 2898 ipse
1418 2829 1710 2899 peregrina
1766 2829 2015 2899 quaedam

449 2920 768 2989 excogitans
828 2919 1184 2985 indumenta,
1226 2927 1284 2981 ιιι
1346 2935 1416 2977 ex
1469 2921 1539 2978 iis
1598 2937 1657 2978 se
1724 2920 2015 2992 iustiﬁcari

455 3019 674 3078 putans,
703 3010 786 3065 vel
822 3011 984 3066 etiam
1033 3012 1291 3068 mulieres
1334 3012 1580 3082 quaedam
1616 3011 1664 3068 si
1691 3012 2017 3067 vestimenta

451 3102 626 3158 virilia
670 3103 898 3160 induere
927 3103 1302 3173 inveniuntur,
1331 3105 1398 3160 ad
1439 3105 1753 3161 communis
1787 3105 2019 3160 femina-

451 3212 571 3250 rum
599 3196 832 3252 chtitus
879 3197 1091 3253 ruinam
1117 3238 1131 3264 ,
1165 3206 1219 3253 et
1252 3206 1512 3269 tanquam
1550 3204 1808 3268 putantes
1844 3212 1904 3253 se
1947 3210 2015 3252 ex

451 3291 518 3342 iis
549 3297 770 3344 sanctas
816 3297 871 3345 et
906 3288 1086 3359 justas
1122 3289 1318 3356 videri,
1373 3301 1468 3346 aut
1521 3305 1551 3345 a
1600 3291 1718 3347 suis
1762 3289 1896 3344 viris
1959 3297 2018 3343 ut

451 3381 669 3450 nuptias
702 3379 1039 3438 detestantes
1091 3391 1440 3453 separantur,
1477 3382 1562 3439 vel
1593 3381 1850 3453 proprios
1880 3381 2020 3437 libe-

451 3485 546 3524 ros
599 3471 919 3543 relinquunt
942 3512 958 3539 ,
1005 3482 1061 3529 ct
1108 3490 1217 3530 non
1252 3483 1312 3530 ut
1347 3475 1555 3532 liberos
1592 3489 1690 3531 eos
1713 3473 1892 3538 alunt,
1919 3486 2020 3528 nec

452 3572 720 3633 quantum
777 3565 831 3620 in
873 3579 933 3620 se
981 3574 1070 3621 est
1098 3565 1165 3620 ad
1218 3566 1542 3638 religionem
1598 3565 2017 3622 convenientem

452 3669 547 3710 eos
602 3654 883 3720 excitant,
950 3653 1048 3710 sed
1111 3657 1522 3714 exercitationis
1599 3666 1861 3728 praztextu
1924 3671 2021 3713 eos

453 3747 758 3817 negligunt,
784 3755 837 3801 et
868 3762 987 3816 qua:
1015 3762 1228 3802 comam
1256 3749 1574 3805 muliebrem
1609 3751 1926 3814 detondent,
1963 3756 2022 3804 ut

455 3837 715 3906 pietatem
771 3836 1131 3905 simulantes,
1170 3837 1252 3893 vel
1301 3839 1422 3894 vice
1476 3856 1654 3908 versa,
1701 3840 1746 3897 si
1803 3840 1956 3895 liberi
1988 3854 2018 3899 a

455 3929 776 3999 parentibus
818 3929 1069 3985 fidelibus
1105 3929 1376 3996 resiliunt,
1404 3931 1665 3987 honorem
1699 3933 2020 4003 parentibus

455 4022 702 4077 debitum
753 4037 859 4078 non
896 4021 1230 4086 tribuentes,
1282 4031 1540 4092 tanquam
1575 4024 1830 4094 pietatem
1864 4023 2022 4077 nimi-

456 4129 576 4168 rum
602 4113 978 4184 praei'erentes,
1007 4112 1093 4168 vel
1131 4112 1177 4168 si
1211 4113 1336 4184 quis
1383 4112 1577 4168 tradita
1615 4113 1775 4168 nobis
1813 4111 2022 4182 jejnnia

455 4206 909 4278 transgrediatur,
943 4214 995 4261 et
1031 4204 1329 4276 profanans
1371 4205 1488 4261 dies
1527 4204 1596 4260 ab
1633 4205 1878 4260 Ecclesia
1905 4219 2023 4260 ser-

455 4299 570 4354 vari
593 4299 861 4362 sancitas,
895 4297 1176 4360 Dominica
1201 4297 1281 4352 vel
1303 4297 1542 4352 Sabbato
1570 4297 2023 4368 eiigatjejunare,

453 4387 539 4442 vel
569 4397 874 4458 martyrum
907 4384 1360 4455 congregationcs
1406 4391 1461 4437 et
1491 4398 1648 4439 sacra
1700 4399 1822 4454 qua:
1874 4384 1924 4438 in
1956 4383 2024 4439 iis

454 4481 595 4536 llnnt
615 4477 894 4551 mysteria,
929 4485 988 4532 ut
1021 4491 1284 4547 arrOgans
1315 4475 1711 4539 calumniatur.
1740 4486 1794 4532 et
1825 4475 2029 4532 abhor-

2119 1990 2230 2044 τῶν
2261 1989 2341 2053 είς
2371 1987 2469 2060 τὴν
2523 1988 2836 2059 οἰκονομίαν
2879 1987 3084 2042 τούτων
3121 1988 3250 2057 παρ’
3279 1985 3443 2040 αὐτοῦ
3489 1984 3698 2054 προϐεο

2121 2080 2431 2152 ϐλημένων,
2470 2081 2547 2151 μὴ
2570 2080 2901 2152 προσφέρειν
2928 2081 2995 2149 τῇ
3036 2078 3358 2149 Ἐκκλησία,
3398 2076 3516 2129 ἀλλ’
3544 2073 3695 2145 αὐτῷ

2119 2193 2180 2230 τε
2213 2175 2307 2228 καὶ
2343 2175 2458 2239 τοῖς
2495 2173 2594 2227 σύν
2648 2172 2820 2244 αὐτῷ,
2867 2173 2942 2237 ώς
2980 2173 3180 2243 ἁγίοις,
3214 2172 3417 2234 ταύτας
3450 2169 3652 2223 διδόναι
3677 2183 3692 2199 ο

2119 2271 2280 2343 ἢτὴν
2317 2268 2618 2343 παρθενίαν
2646 2269 2721 2340 μὴ
2750 2266 2817 2322 δι’
2873 2267 3008 2323 αὐτὸ
3061 2267 3123 2321 τὸ
3179 2266 3342 2321 καλὸν
3379 2264 3472 2318 τοῦ
3509 2264 3694 2333 γάμου

2119 2363 2480 2434 προτιμᾶται,
2527 2360 2642 2416 ἀλλ’
2664 2361 2739 2425 ώς
2767 2359 2858 2416 τὸν
2888 2360 3068 2431 γάμον
3122 2357 3567 2430 βδελυσσόμενος,
3600 2354 3696 2407 καὶ

2117 2455 2227 2508 τῶν
2255 2453 2658 2525 γεγαμηκότων
2684 2452 3159 2522 κατεπαιρόμενος
3184 2467 3198 2481 ⁶
3227 2449 3260 2521 ἢ
3288 2450 3347 2503 οὐ
3380 2448 3697 2516 συνέρχοιτο

2118 2548 2229 2609 τοῖς
2278 2543 2613 2613 συγκαλοῦσι
2652 2545 2718 2598 δι’
2747 2543 2991 2615 ἀγάπην,
3019 2544 3160 2598 κατά
3198 2544 3295 2613 τὴν
3323 2542 3422 2610 τῆς
3467 2539 3703 2608 Ἐκκλη-

2121 2638 2242 2702 σίας
2279 2637 2570 2704 ἀπόλυσιν,
2609 2638 2689 2700 είς
2723 2636 3026 2707 μετάληψιν
3058 2637 3224 2708 ἄρτου
3258 2635 3354 2688 καὶ
3383 2635 3553 2697 οίνου,
3580 2631 3679 2684 ἀλλ

2121 2730 2307 2784 ἀθετεῖ
2363 2728 2606 2794 τούτους,
2657 2728 2752 2782 καλ⁸
2785 2729 3177 2799 συγκοινωνεῖν
3226 2724 3349 2797 μετ’
3381 2724 3566 2778 αὐτῶν
3596 2741 3698 2777 καο

2117 2823 2402 2896 λούμενος,
2452 2825 2552 2881 οὐκ
2585 2826 2833 2898 ἀνέχοιτο
2875 2827 2940 2881 δι’
2972 2825 3300 2897 ὑπεροψίανο
3338 2824 3370 2892 ἢ
3406 2823 3495 2877 τὸν
3529 2821 3696 2876 πλου-

2117 2915 2319 2971 τοῦντα
2355 2918 2495 2988 μετά
2545 2918 2893 2982 δικαιοσύνης
2945 2918 3041 2973 καί⁵
3097 2917 3352 2979 εὐποιίας
3396 2913 3692 2979 ἐξουθενεῖο

2117 3008 2152 3079 ἦ
2183 3008 2278 3061 καὶ
2306 3009 2399 3062 τὸν
2437 3011 2672 3080 σηρικὴν
2702 3011 2905 3079 ἐσθῆτα
2937 3010 3204 3082 φοροῦντα
3254 3007 3532 3076 φαυλίζει,
3570 3005 3694 3070 ξένα

2117 3098 2242 3151 τινά
2270 3097 2433 3162 αὐτδς
2482 3100 2714 3154 ἐπινοῶν
2744 3101 3136 3170 ἀμφιάσματα,
3174 3099 3249 3163 ώς
3288 3100 3354 3152 ὲκ
3386 3097 3596 3151 τούτων
3618 3097 3697 3149 διο

2119 3190 2408 3246 καιοῦσθαι
2467 3192 2714 3262 οἰόμενος
2739 3208 2752 3222 ·
2788 3192 2820 3264 ἢ
2857 3194 2950 3246 καὶ
2993 3192 3250 3261 γυναῖκές
3279 3210 3427 3254 τινες
3463 3191 3512 3243 εἰ
3545 3189 3698 3260 εὑρί-

2122 3301 2337 3339 σκοιντο
2367 3284 2598 3356 ἀνδρικά
2637 3283 2832 3355 ἱμάτια
2883 3285 3343 3356 περιϐαλλόμεναι
3376 3285 3472 3337 ἐπὶ
3525 3300 3697 3337 κατα-

2122 3375 2327 3430 πτώσει
2362 3376 2460 3444 τῆς
2489 3375 2676 3445 κοινῆς
2726 3378 2837 3430 τῶν
2887 3375 3168 3443 γυναικῶν
3221 3377 3572 3445 ἀμφιάσεως,
3603 3373 3696 3427 καὶ

2120 3463 2195 3527 ώς
2224 3465 2288 3518 ὲκ
2317 3463 2523 3520 τούτων
2542 3465 2788 3537 οἰόμεναι
2820 3466 3019 3536 σεμναὶ
3046 3465 3224 3520 δοκεῖν
3255 3482 3316 3518 τε
3348 3465 3445 3518 καὶ¹
3466 3464 3695 3518 δίκαιαι·

2123 3556 2155 3626 ἢ
2185 3555 2293 3610 τῶν
2341 3556 2488 3612 ῑδίων
2517 3556 2751 3628 ἀνδρῶν,
2789 3556 2867 3621 ὡς
2911 3559 3006 3611 τὸν
3037 3556 3215 3628 γάμον
3245 3556 3696 3626 βδελυσσόμεναι,

2121 3647 2555 3718 διαζεύγνυνται,
2584 3649 2618 3721 ἢ
2647 3650 2715 3704 τά
2743 3649 2921 3705 οίκεῖα
2945 3650 3112 3704 τέκνα
3157 3648 3694 3719 καταλιμπάνουσαι,

2125 3740 2218 3794 καὶ
2251 3739 2327 3812 μὴ
2366 3741 2828 3813 τεκνοτροφοῦσαι
2879 3741 3074 3808 ταῦτα,
3107 3742 3204 3796 καὶ
3244 3741 3303 3795 τὸ
3332 3742 3458 3795 ὅσον
3490 3741 3579 3793 ἐπ’
3606 3740 3698 3793 αὐο

2123 3833 2247 3895 ταῖς
2292 3832 2428 3904 πρὸς
2460 3832 2770 3887 θεοσέϐειαν
2806 3834 2905 3905 τὴν
2945 3833 3331 3905 προσήκουσαν
3364 3831 3697 3899 ὑπαλείφον-

2127 3940 2239 3986 σαι,
2284 3923 2419 3978 ἀλλά
2471 3924 2743 3992 προφάσει
2776 3925 3066 3995 ἀσκήσεως
3118 3922 3422 3993 ἀμελοῦσαι
3465 3922 3694 3975 τούτων·

2128 4013 2223 4066 καὶ
2257 4013 2358 4085 τὴν
2400 4014 2580 4086 κόμην
2608 4015 2707 4085 τὴν
2740 4014 3063 4083 γυναικείαν
3102 4013 3578 4084 ἀποκειρόμεναι,
3621 4012 3693 4075 ὡς

2127 4105 2552 4177 ὐποκρινόμεναι
2587 4106 2920 4160 θεοσέϐειανο
2951 4106 2986 4179 ἦ
3021 4105 3183 4160 πάλιν
3209 4107 3258 4158 εί
3295 4107 3463 4158 τέκνα
3489 4105 3697 4158 πιστῶν

2125 4197 2329 4266 γονέων
2367 4199 2762 4269 ἀποσκιρτῶσι,
2806 4197 2904 4270 τὴν
2937 4198 3258 4268 πρέπουσαν
3288 4197 3452 4269 τιμὴν
3481 4198 3697 4265 γονεῦσι

2128 4291 2204 4363 μὴ
2233 4291 2595 4360 ἀπονέμοντα,
2628 4291 2703 4355 ὡς
2737 4291 3132 4363 προτιμώμενα
3169 4291 3333 4361 δῆθεν
3376 4293 3476 4361 τὴν
3507 4291 3700 4360 ,θεοσέο

2127 4383 2303 4437 ϐειοιν⁸
2335 4383 2368 4454 ἢ
2402 4383 2451 4436 εί
2475 4383 2806 4455 παραϐαίνει
2838 4401 2922 4448 τις
2950 4384 3050 4448 τὰς
3085 4383 3539 4452 παραδεδομένας
3566 4384 3700 4451 ἡμῖν

2129 4473 2408 4544 νηστείας,
2442 4474 2536 4528 καὶ
2571 4476 2766 4529 κοινῶν
2795 4474 2901 4530 ὐπὸ
2932 4474 3035 4546 τῆς
3073 4475 3398 4546 Ἑκκλησίας
3436 4474 3702 4542 φυλάττε-

455 4583 559 4630 ret.
602 4571 660 4627 Si
693 4570 816 4642 quis
843 4569 1009 4641 428
1035 4569 1219 4640 itaque
1252 4583 1319 4624 ex
1351 4568 1417 4622 iis
1447 4584 1568 4639 qum
1601 4583 1768 4640 supra
1793 4583 2020 4623 enume-

2133 4565 2256 4620 σθαι
2283 4567 2808 4638 νενομοθετημένας,
2846 4567 2949 4637 τὴν
2986 4567 3276 4638 Κυριακὴν
3337 4567 3368 4637 ἢ
3395 4567 3457 4618 τὸ
3485 4567 3702 4621 Σάϐϐα-

455 4673 673 4730 rantur,
687 4660 985 4733 quidquam
1010 4657 1191 4715 facere
1204 4659 1648 4730 deprehenditur,
1676 4667 1731 4714 ut
1757 4674 1816 4714 se
1832 4665 2024 4713 contra

455 4769 551 4812 eos
590 4754 682 4825 qui
721 4751 1031 4824 simplicius
1079 4751 1310 4814 vivunt,
1354 4750 1612 4816 eﬂ'erens,
1673 4759 1729 4805 et
1757 4749 2026 4805 ecclesia-

459 4847 628 4902 sticas
657 4845 977 4902 transiliens
1021 4843 1168 4914 leges
1214 4851 1267 4899 et
1309 4842 1688 4900 innovationes
1742 4859 1772 4900 e
1801 4839 2024 4914 propria

457 4937 714 5010 superbia
740 4935 1117 5000 introducens,
1149 4937 1224 4992 sit
1250 4937 1560 4991 anathema.
1597 4935 1843 4992 Ecclesia
1877 4936 2025 4991 enim

457 5031 827 5102 virginitatem
882 5045 1005 5086 cum
1040 5029 1228 5086 animo
1289 5030 1526 5085 demisso
1574 5028 1916 5093 admiratur,
1975 5038 2030 5084 et

457 5123 833 5179 secessionem
875 5136 904 5176 a
933 5122 1168 5193 negotiis
1218 5121 1574 5179 saecularibus
1634 5121 1824 5177 eodem
1867 5120 2029 5174 modo

458 5214 662 5270 factam
723 5213 986 5279 admittit,
1038 5223 1092 5268 et
1142 5213 1535 5271 continentiam
1576 5227 1702 5268 cum
1761 5211 2029 5282 gravitate

457 5311 514 5358 et
569 5300 855 5370 religione,
904 5309 960 5358 et
1009 5301 1379 5360 venerabilem
1462 5302 1793 5360 matrimonii
1866 5318 2025 5358 usum

457 5393 671 5449 honore
699 5393 1069 5463 prosequitur.
1107 5403 1161 5447 et
1188 5392 1413 5449 divitem
1462 5408 1584 5448 cum
1613 5393 1827 5464 justitia
1850 5403 1905 5450 et
1938 5393 2029 5449 be-

456 5484 746 5541 neﬁcentia
795 5497 907 5538 non
965 5483 1115 5554 parvi
1155 5485 1394 5554 pendet,
1441 5495 1494 5540 et
1526 5484 1932 5556 simplicitatem
1972 5496 2027 5540 et

459 5576 836 5648 frugalitatem
901 5576 1359 5634 vestimentorum
1409 5593 1519 5633 non
1569 5587 1788 5648 propter
1828 5593 2023 5648 super-

461 5665 628 5730 hiam,
652 5664 746 5722 sed
773 5674 994 5737 prepter
1017 5667 1187 5723 solam
1209 5667 1455 5737 corporis
1486 5682 1672 5721 curam
1707 5669 1823 5723 sine
1846 5670 2030 5722 curio-

465 5757 629 5811 sitate
679 5756 910 5826 factam,
967 5758 1275 5829 approbare
1327 5758 1516 5823 novit;
1566 5759 2026 5828 quemadmodum

461 5862 572 5906 non
604 5847 842 5906 admittit
877 5853 1041 5908 etiam
1073 5867 1168 5910 eos
1191 5853 1282 5925 qui
1313 5851 1639 5920 dissolutas,
1671 5862 1724 5908 et
1762 5852 2027 5911 delicatas

2127 4674 2218 4712 τον
2256 4657 2493 4729 αἱρεῖται
2524 4658 2830 4728 νηστεύειν·
2865 4657 3025 4730 ἢτάς
3073 4658 3182 4712 τῶν
3221 4658 3513 4730 μαρτύρων
3583 4677 3703 4711 συν-

2128 4751 2302 4816 άξεις,
2350 4751 2442 4803 καὶ
2471 4750 2571 4813 τὰς
2613 4751 2672 4803 ὲν
2703 4740 2894 4813 αὐταῖς
2924 4753 3212 4822 γινομένας
3242 4751 3589 4822 λειτουργίας
3628 4753 3702 4815 ώς

2128 4843 2478 4912 ὑπερήφανος
2503 4841 2810 4897 διαϐάλοιτο
2859 4843 2954 4897 καὶ
2989 4843 3324 4913 βδελύττοιτο
3343 4860 3357 4874 ·
3381 4846 3436 4898 ετ
3461 4862 3546 4909 τις
3577 4845 3703 4912 γοῦν

2129 4937 2194 4990 ἐκ
2224 4935 2330 4988 τῶν
2353 4933 2561 4989 ἀνωθεν
2584 4934 2868 5006 ἀπηριθμη
2879 4935 3057 5004 μένων
3082 4935 3388 5004 εὐρίσκοιτό
3413 4954 3467 4990 τι
3506 4937 3700 5001 ποιῶν,

2127 5029 2205 5090 ti);
2233 5028 2706 5100 κατεπαιρόμενος
2734 5027 2845 5081 τῶν
2875 5029 3258 5100 ἀφελεστέρως
3289 5028 3574 5099 βιούντων,
3609 5031 3702 5083 καὶ

2127 5120 2255 5183 τοὺς
2318 5119 2812 5190 ἐκκλησιαστικοὺς
2876 5118 3236 5190 παραϐαίνων
3292 5120 3554 5191 θεσμοὺς,
3609 5120 3705 5175 καὶ

2129 5211 2455 5280 καινισμοὺς
2489 5211 2728 5280 εἰσάγων
2762 5210 2823 5277 ἐξ
2882 5211 3020 5276 ιδίας
3072 5212 3376 5284 ὑπεροψίας
3405 5227 3422 5244 ⁶
3451 5213 3705 5285 ἀνάθεμα

2128 5303 2290 5358 ἔστω.
2330 5303 2397 5357 Ἥ
2426 5302 2535 5372 γάρ
2557 5302 2858 5374 Ἐκκλησία
2886 5301 2982 5356 καὶ
3012 5302 3314 5374 παρθενίαν
3345 5305 3489 5375 μετά
3515 5323 3707 5359 ταπει-

2126 5395 2460 5468 νοφροάύνης
2490 5393 2784 5464 θαυμάζει,
2835 5392 2928 5447 καὶ
2995 5394 3347 5465 ἀναχώρησιν
3389 5395 3500 5448 τῶν
3548 5398 3706 5463 ἐγκοο

2129 5487 2304 5559 σμίων
2344 5486 2686 5558 πραγμάτων
2714 5483 2975 5547 ὡσαύτως
3013 5485 3307 5555 γινομένην
3353 5486 3699 5557 ἀποδέχεται,

2128 5582 2224 5634 καὶ
2275 5579 2601 5650 ἐγκράτειαν
2657 5577 2797 5648 μετά
2847 5578 3179 5648 σεμνότητος
3238 5576 3330 5630 καὶ
3363 5578 3698 5642 θεοσεϐείας,

2129 5673 2221 5725 καὶ
2245 5671 2448 5741 σεμνὴν
2479 5671 2745 5738 διοίκησιν
2772 5671 2953 5739 γάμου
2983 5670 3140 5740 τιμᾷ,
3174 5669 3270 5722 καὶ
3303 5669 3534 5722 πλοῦτον
3565 5670 3699 5740 μετὰ

2128 5763 2476 5832 δικαιοσύνης
2502 5763 2594 5816 καὶ
2615 5762 2862 5826 εὐποιίας
2883 5762 2982 5814 οὐκ
3007 5761 3295 5826 ἐξουθενεῖ,
3322 5763 3415 5814 καὶ
3441 5762 3699 5830 λιτότητα

2131 5855 2223 5911 καὶ
2276 5853 2551 5910 εὐτέλειαν
2581 5855 2985 5935 ἀμφιασμάτων
3041 5853 3100 5908 οὐ
3136 5853 3224 5907 διὰ
3251 5871 3440 5925 τνφον,
3467 5853 3604 5909 ἀλλὰ
3631 5855 3696 5908 δι’
