3990 6482
303 461 434 530 1281

1434 461 1515 522 IN
1552 460 1720 524 CAN.
1763 461 1824 522 ΙΙ
1865 461 2079 525 CONC.
2117 461 2176 521 ΙΙ
2210 461 2562 525 ANTIOCII.

3436 470 3572 536 1.9.32

297 556 456 650 ἀξίαν
489 581 784 654 μετάνοιαν
819 579 958 652 μετὰ
990 579 1438 650 ἐξομολογήσεως
1489 577 1879 644 ἐπιδείξωνται.

1994 579 2212 649 dignam
2243 597 2365 636 cum
2405 581 2750 639 confessmne
2795 587 3173 657 pmuitentiam
3211 586 3576 646 ostenderint.

311 674 468 729 Ἐπεὶ
495 675 552 729 δὲ
599 675 748 737 είκδς
769 671 862 746 ἦν,
886 675 999 737 τοῖς
1029 672 1205 735 οὕτως
1257 673 1602 743 ἀφορισθεῖσι
1661 686 1880 739 συγκοι-

308 768 501 821 νωνείν
541 785 720 832 τινας,
749 767 920 838 ἤγουν
975 765 1356 837 συνεύχεσθαι,
1403 764 1528 835 οὐχὶ
1587 765 1643 817 ἐν
1677 765 1742 834 τῇ
1788 763 1885 816 ἐκ-

299 858 525 930 κλησία,
559 859 651 930 ἀφ’
683 854 749 932 ἧς
775 858 1169 930 ἐξεϐλήθησαν,
1193 857 1307 911 ἁλλ’
1336 860 1392 912 ἐν
1418 856 1695 926 εύκτηρίῳ
1724 854 1885 926 οἴκῳ,

297 953 332 1024 ἢ
383 956 440 1005 ἐν
468 953 634 1022 ἑτέρᾳ⁸
662 951 949 1021 ἐκκλησίᾳ,
990 952 1085 1004 καὶ
1114 951 1297 1019 λέγειν
1333 949 1724 1018 ἀνεπιτίμητον
1747 943 1886 1002 εἶναι

297 1045 478 1112 τοῦτο,
543 1045 619 1108 ὡς
668 1044 762 1098 τού
789 1044 1179 1115 ἀφορισθέντος
1240 1043 1350 1098 ἀπὸ
1406 1044 1538 1114 μιᾶς
1586 1041 1886 1112 ἐκκλησίας

297 1138 460 1208 δῆθεν
487 1137 832 1208 διωχθέντος,
864 1137 962 1204 τῆς
988 1135 1094 1189 ὑπὸ
1115 1136 1183 1190 τὰ
1207 1135 1392 1189 δίκαια
1428 1133 1598 1204 οὕσης
1653 1133 1747 1187 τοῦ
1781 1135 1884 1202 ἀφ-

281 1211 607 1302 ὀρίσαντος,
637 1230 802 1299 φησὶν
836 1230 865 1282 ὁ
902 1229 1084 1282 κανὼν
1115 1228 1245 1298 μίαν
1276 1226 1573 1298 ἐκκλησίαν
1590 1223 1730 1280 εἶναι
1758 1228 1884 1289 τοὺς

295 1321 634 1390 ὁπουδήποτε
664 1320 824 1383 ὄντας
850 1319 1176 1389 εύκτηρίους
1201 1319 1386 1383 οἴκους
1427 1319 1523 1372 καὶ
1546 1318 1732 1381 ναούς.
1770 1320 1882 1372 Καὶ

297 1413 399 1466 οὐκ
427 1412 705 1482 ὀφείλουσι
741 1432 886 1477 τινες
912 1413 1166 1487 κληρικοὶ
1199 1413 1338 1486 μετὰ
1366 1410 1460 1466 τοῦ
1496 1411 1883 1483 ἀφορισθέντος

301 1504 682 1576 συνεύχεσθαι,
743 1506 847 1561 κᾶν
877 1508 986 1562 ἀπὸ
1032 1507 1226 1578 ἐτέρας
1253 1500 1386 1562 ὦσιν
1443 1506 1697 1576 ἐνορίας·
1753 1506 1881 1569 τοὺς

298 1596 355 1651 δὲ
391 1599 543 1669 παρὰ
600 1597 777 1652 ταῦτα
833 1598 1122 1663 ποιοῦντας
1181 1598 1259 1671 τῷ
1281 1597 1432 1668 αὐτῷ
1493 1597 1756 1669 ἐπιτιμίῳ
1780 1596 1882 1666 τῆς

294 1692 694 1763 ἁκοινωνησίας
749 1693 1279 1748 καθυποϐἅλλεσθαι.
1342 1693 1456 1747 Καὶ
1501 1692 1568 1746 τὰ
1631 1691 1732 1762 μὲν
1782 1691 1878 1744 τοῦ

293 1784 519 1847 κανόνος
558 1785 617 1838 ἐν
666 1783 902 1848 τούτοις.
949 1786 1020 1839 Σὺ
1071 1785 1128 1838 δὲ
1183 1784 1461 1854 ἀνάγνωθι
1519 1784 1587 1837 τὰ
1643 1787 1700 1838 ἐν
1759 1786 1875 1846 τοῖς

298 1876 544 1948 ῥηθεῖσιν
605 1877 985 1941 ἁποστολικοίς
1038 1877 1227 1931 κανόσι
1255 1876 1557 1946 γραφέντα,
1615 1875 1712 1928 καὶ
1754 1874 1880 1928 κατ’

301 1969 486 2021 ἐκεῖνα
544 1969 657 2022 νόει
691 1968 785 2022 καὶ
821 1969 931 2035 ,τὸν
999 1971 1243 2040 παρόντα
1299 1968 1524 2031 κανόνα,
1581 1964 1678 2018 καὶ
1753 1964 1875 2018 εἰπὲ

1989 671 2124 738 Quia
2149 680 2326 728 autem
2356 672 2654 732 verisimile
2685 687 2822 743 erat,
2859 679 2948 743 iis,
2983 680 3077 750 qui
3111 680 3188 735 sic
3228 690 3354 736 sunt
3387 697 3578 752 segre-

1991 764 2122 832 gati,
2144 766 2544 821 communicare
2565 770 2850 836 quosdam,
2875 786 2968 826 seu
2993 787 3100 825 una
3123 787 3245 827 cmn
3272 773 3351 828 eis
3375 791 3531 831 orare
3558 792 3575 843 ;

1990 868 2096 908 non
2143 853 2195 908 in
2229 855 2481 922 ecclesia,
2511 873 2574 912 cx
2611 873 2717 927 qua
2762 859 2925 930 ejecti
2957 869 3108 928 sunt,
3149 861 3246 916 sed
3279 861 3332 916 in
3363 865 3576 932 privato

1990 944 2184 1002 domus
2211 946 2456 1002 oratorio
2481 988 2497 1016 ,
2535 947 2617 1003 vel
2652 949 2704 1002 in
2750 951 2854 1004 alia
2897 951 3154 1017 ecclesia,
3190 960 3244 1006 et
3290 953 3471 1009 dicere
3503 955 3575 1009 ob

1990 1034 2095 1090 hoc
2127 1049 2344 1106 poenam
2378 1038 2430 1092 in
2479 1053 2538 1093 se
2583 1054 2688 1093 nou
2724 1042 2940 1106 cadere,
2975 1057 3041 1096 eo
3073 1047 3217 1111 quod
3260 1055 3577 1115 segregatus

1989 1127 2061 1183 sit
2101 1129 2169 1184 ab
2200 1144 2308 1184 una
2343 1130 2573 1186 ecclesia
2603 1131 2828 1201 ejectus,
2866 1134 2922 1189 in
2953 1151 3056 1202 qua
3079 1135 3169 1206 jus
3207 1137 3371 1192 habet
3404 1139 3449 1192 is
3479 1138 3575 1208 qui

1987 1234 2110 1275 eum
2136 1224 2444 1293 segregavit
2486 1242 2500 1279 :
2532 1225 2662 1280 dicit
2694 1241 2869 1281 canon
2911 1243 3072 1281 unam
3106 1243 3229 1285 esse
3258 1229 3572 1296 ecclesiam,

1987 1315 2229 1370 oratoria
2254 1327 2308 1370 et
2337 1316 2558 1387 templa,
2599 1318 2908 1388 ubicunque
2938 1329 3087 1387 sunt,
3122 1337 3222 1377 nec
3248 1322 3447 1379 debent
3476 1323 3571 1378 ulli

1986 1406 2168 1462 clerici
2200 1423 2320 1464 cum
2368 1424 2455 1476 eo,
2497 1410 2589 1481 qui
2628 1424 2708 1467 est
2753 1427 3092 1485 segregatus,
3143 1430 3323 1482 orare,
3353 1417 3571 1473 etiamsi

1985 1498 2097 1552 sint
2131 1512 2196 1553 ex
2228 1498 2334 1554 alia
2368 1500 2633 1570 regione:
2673 1502 2708 1556 ii
2741 1516 2945 1570 autem,
2990 1505 3080 1574 qui
3117 1517 3315 1575 prmter
3347 1507 3460 1562 haec
3488 1507 3572 1562 fa-

1985 1587 2136 1642 ciunt
2158 1587 2332 1644 eidem
2360 1592 2941 1650 excommunicationis
2974 1610 3148 1665 poenae
3173 1596 3563 1664 subjiciuntur.

1986 1680 2054 1735 Et
2097 1680 2209 1736 hanc
2238 1681 2459 1753 quidem
2492 1684 2622 1741 dicit
2651 1700 2849 1742 canon.
2887 1686 2968 1742 Tu
2995 1696 3179 1743 autem
3211 1689 3328 1759 lege
3358 1705 3479 1758 qua}
3513 1689 3566 1746 in

1991 1773 2154 1828 dictis
2194 1775 2511 1844 apostolicis
2541 1779 2840 1833 canonibus
2871 1779 3072 1850 scripta
3107 1789 3253 1847 sunt,
3282 1789 3336 1836 et
3371 1796 3568 1835 secun-

1984 1864 2112 1920 dutn
2163 1866 2251 1921 illa
2290 1877 2614 1936 praesentem
2656 1886 2873 1940 quoque
2898 1887 3164 1929 canonem
3219 1873 3485 1943 intellige,
3515 1884 3569 1929 et

1984 1958 2091 2022 dic,
2127 1959 2273 2027 quod
2317 1960 2352 2014 ii
2390 1977 2495 2016 non
2537 1962 2993 2018 existimabantur
3025 1980 3235 2020 sacram
3270 1967 3570 2037 participa-

295 2062 377 2114 ὅτι
422 2061 482 2114 ού
529 2029 948 2132 λογισθήσονται
1027 2023 1523 2131 ἀποστρεφόμενοι,
1559 2058 1658 2128 τὴν
1711 2053 1874 2124 ἁγίαν

1988 2049 2187 2104 tionem
2218 2053 2483 2118 aversari,
2515 2053 2604 2122 qui
2630 2070 2749 2108 eam
2783 2056 2907 2109 odio
2939 2055 3142 2111 habent
3173 2067 3225 2111 et
3251 2058 3570 2113 abominan-

300 2153 604 2225 μετάληψιν
627 2154 676 2231 οἱ
697 2153 1100 2226 μυσαττόμενοι
1125 2152 1318 2224 αὐτὴν,
1343 2152 1400 2224 ἢ,
1429 2151 1503 2214 ὥς
1533 2168 1675 2213 τινες
1697 2143 1873 2216 εἷπον,

297 2248 352 2301 oi
385 2247 453 2302 δι’
479 2249 771 2302 εὐλάϐειαν
811 2247 905 2302 καὶ
930 2245 1433 2317 ταπεινοφροσύνην
1463 2245 1876 2314 ἀποφεύγοντες

294 2339 502 2410 ταύτην
533 2340 601 2411 (oi
638 2339 738 2411 μὲν
793 2339 901 2411 γὰρ
926 2340 987 2393 ού
1021 2339 1183 2409 μόνον
1214 2337 1705 2410 ἁφορισθήσονται,
1737 2337 1875 2392 ἀλλὰ

296 2434 391 2488 καὶ
423 2431 978 2505 ἁποκηρυχθήσονται
1007 2432 1082 2496 ὡς
1128 2431 1425 2504 αίρετικοίο
1459 2432 1508 2484 oi
1531 2430 1588 2484 δέ
1628 2430 1877 2502 συγγνώ-

299 2545 409 2597 μης
451 2525 847 2597 ἁξιωθήσονται
876 2525 964 2580 διὰ
1006 2525 1104 2596 τὴν
1138 2525 1438 2579 εὐλάϐειαν
1491 2525 1586 2578 καὶ
1638 2524 1738 2596 τὴν
1794 2524 1876 2590 είς

295 2622 364 2672 τὰ
427 2620 560 2688 am
618 2620 776 2688 ἀξίαν
834 2618 1025 2691 φειδὼ)
1059 2618 1178 2672 ἀλλ’
1233 2621 1436 2673 ἐκεῖνοι
1503 2619 1704 2680 οἵτινες
1760 2617 1874 2671 ἁπὸ

296 2713 761 2784 καταφρονήσεως
791 2714 884 2766 καὶ
916 2711 1238 2777 ἀλαζονείας
1268 2710 1376 2766 ἀπὸ
1426 2711 1524 2781 τῆς
1576 2709 1875 2781 ἐκκλησίας

294 2806 608 2878 ἐξέρχονται
638 2805 746 2878 πρὸ
790 2807 890 2878 τῆς
926 2806 1088 2876 ἁγίας
1119 2804 1471 2876 μεταλήψεως
1499 2803 1870 2866 ἀσυντάκτως,

294 2901 390 2952 καὶ
419 2901 480 2952 ού
509 2899 873 2970 καρτεροῦσιν
919 2899 1045 2952 ἰδεῖν
1075 2898 1172 2969 τὴν
1196 2897 1305 2950 τῶν
1332 2895 1506 2965 ἁγίων
1557 2895 1873 2966 μυστηρίων

297 2990 447 3043 Θείαν
492 2991 816 3063 μετάληψιν.
863 2991 1105 3044 Ἀκούων
1130 2990 1186 3043 δὲ
1237 2991 1331 3043 τοῦ
1363 2989 1588 3051 κανόνος
1616 2988 1871 3056 λέγοντος

296 3082 695 3154 ἀκοινωνήτους
742 3079 884 3136 εἶναι
933 3085 1060 3145 τοὺς
1113 3082 1447 3144 ἐπισκόπους
1497 3079 1596 3133 καὶ
1651 3079 1874 3143 λοιποὺς

296 3175 628 3245 ἱερωμένους
652 3176 779 3240 τοὺς
835 3176 1264 3246 συνευχομένους
1307 3175 1422 3237 τοῖς
1458 3174 1870 3244 ἀκοινωνήτοις,

297 3265 374 3336 μὴ
407 3267 566 3338 εἴπῃς
616 3267 675 3334 ἐξ
717 3268 1128 3337 ἁντιδιαστολῆς
1186 3266 1514 3329 ἀνευθύνους
1565 3264 1704 3319 εἶναι
1746 3268 1873 3330 τοὺς

293 3360 514 3424 λαῖκοὺς
545 3359 699 3429 παρὰ
720 3360 809 3414 τὸν
843 3360 1046 3414 κανόνα
1080 3359 1389 3423 ποιοῦντας.
1437 3360 1547 3412 Καὶ
1587 3350 1735 3412 οὗτοι
1761 3359 1872 3431 γὰρ
1904 3386 1947 3445 C

294 3449 760 3521 ἀφορισθήσονται
828 3450 970 3504 κατὰ
1008 3451 1101 3503 τὸν
1160 3447 1190 3501 ι’
1229 3448 1589 3504 ἁποστολικὸν
1646 3451 1872 3516 κανόνα,

291 3545 386 3598 τὸν
415 3543 492 3614 μὴ
518 3543 900 3596 διαστέλλονταί
930 3543 1232 3614 κληρικοὺς
1264 3544 1359 3597 καὶ
1405 3545 1656 3606 λαῖκούς.
1713 3545 1878 3614 Ζήτει

294 3634 392 3687 καὶ
419 3633 508 3686 τὸν
533 3629 576 3683 θ’
634 3633 834 3686 κανόνα
861 3634 958 3702 τῆς
996 3636 1050 3685 ἐν
1085 3632 1413 3705 Καρθαγὲνῃ
1470 3633 1716 3687 συνόδου.
1775 3635 1877 3689 Διὰ

293 3725 392 3796 τὴν
424 3723 674 3796 ἀπειλὴν,
707 3723 779 3788 ὡς
812 3724 979 3786 ἔοικε,
1027 3723 1119 3776 τοῦ
1149 3722 1199 3792 η’
1245 3742 1367 3779 καν.
1390 3726 1482 3778 καὶ
1518 3723 1561 3777 θ’
1579 3726 1686 3779 τῶν
1710 3726 1880 3794 ἁγίων

293 3818 632 3881 ἀποστόλων,
669 3818 751 3870 ἐτι
800 3817 898 3871 καλ⁸
922 3814 1016 3870 τοῦ
1048 3816 1311 3888 παρόντος
1345 3817 1635 3890 ἐπενοήθη,
1666 3818 1738 3882 ὡς
1768 3818 1879 3871 ἔοι·

300 3927 415 3975 κεν,
450 3910 602 3980 ήτοῦ
653 3909 955 3981 ἁντιδὼρου
991 3910 1272 3974 διάδοσιν
1305 3910 1444 3963 ὥστε
1472 3912 1762 3982 καρτερεῖν
1819 3911 1878 3977 ἐξ

298 4004 543 4073 ἀνάγκης
575 4005 671 4058 καὶ
705 4005 907 4068 αὐτοὺς
927 4003 1053 4067 τοὺς
1085 4002 1161 4075 μὴ
1177 4003 1514 4074 δυναμένους
1545 4004 1878 4073 μεταλαϐεῖν

297 4095 403 4149 τῶν
435 4097 720 4167 ἁχρὰντων
756 4094 1078 4166 μυστηρίων
1111 4095 1271 4165 μέχρι
1301 4095 1400 4166 τῆς
1438 4093 1603 4164 εύχῆς
1653 4096 1746 4147 καὶ
1778 4094 1878 4165 τῆς

296 4186 636 4250 ἀπολύσεως’
676 4187 761 4242 ἵνα
809 4186 1046 4242 λάϐωσιν
1081 4190 1143 4240 ἐκ
1164 4187 1274 4240 τῶν
1327 4187 1526 4259 χειρῶν
1593 4186 1684 4240 τοῦ
1733 4189 1882 4258 ἱερα-

295 4275 589 4340 τεύσαντος
643 4277 742 4348 τὴν
786 4277 1036 4346 εὐλογίαν
1095 4276 1188 4330 τοῦ
1235 4275 1572 4346 ἡγιασμένου
1629 4277 1878 4344 κλάσμα-

297 4385 407 4432 τος.
453 4370 581 4424 Ἐπὶ
617 4369 719 4438 τῆς
767 4369 1109 4441 λειτουργίας
1143 4369 1199 4422 δὲ
1247 4371 1341 4422 καὶ
1393 4370 1559 4439 μόνης
1613 4370 1722 4423 νόει
1751 4369 1882 4438 ⁸διο--

304 4461 556 4534 ρίζεσθαι
604 4462 779 4517 ταῦτα
833 4463 963 4525 τοὺς
1010 4461 1278 4533 ῥηθέντας
1326 4461 1590 4524 κανόνας·
1647 4461 1708 4515 ού
1771 4459 1878 4532 μὴν

297 4554 392 4606 ἐπὶ
415 4553 525 4606 τῶν
560 4553 766 4625 ἐτέρων
798 4551 1279 4621 ἐκκλησιαστικῶν
1305 4549 1664 4606 ἁκολουθιῶν.
1721 4551 1880 4603 Ἐπεὶ

297 4643 356 4697 δέ
409 4641 632 4712 λέγουσί
681 4659 846 4708 τινες,
884 4642 995 4694 Καὶ
1017 4641 1102 4694 διὰ
1124 4641 1177 4693 τί
1209 4643 1235 4694 ὁ
1263 4640 1641 4708 οἰκουμενικὺς
1683 4657 1878 4711 πατρι-

1987 2150 2070 2196 tur
2097 2160 2112 2209 ;
2142 2144 2221 2198 vel
2249 2145 2361 2215 qui,
2389 2153 2447 2200 ut
2477 2147 2724 2201 nonnulli
2751 2148 3026 2213 dicebant,
3057 2159 3276 2219 propter
3308 2150 3566 2218 pietatem

1982 2245 2039 2292 et
2091 2237 2452 2294 humilitatem
2515 2255 2634 2294 eam
2685 2239 2895 2310 fugiunt
2931 2242 3029 2312 (illi
3054 2244 3342 2311 {enimnon
3390 2243 3569 2299 solum

1985 2330 2436 2399 scgregabuntur,
2466 2333 2560 2387 sed
2585 2333 2746 2388 etiam
2771 2345 2827 2387 ut
2858 2334 3096 2388 haeretici
3117 2336 3568 2392 exterminabun-

1985 2431 2073 2476 tur
2102 2441 2116 2490 ;
2161 2424 2213 2478 hi
2241 2439 2390 2491 vero,
2426 2437 2650 2498 propter
2679 2428 2931 2498 pietatem
2960 2438 3011 2481 et
3044 2430 3368 2499 condignam
3387 2446 3572 2488 sacra-

1983 2525 2289 2571 mentorum
2345 2520 2706 2574 reverentiam
2740 2520 2894 2574 venia
2943 2522 3088 2590 digni
3131 2522 3500 2593 habebuntur)
3546 2539 3565 2584 :

1983 2606 2076 2660 sed
2107 2606 2204 2672 illi,
2240 2608 2331 2678 qui
2361 2624 2471 2677 prae
2502 2619 2814 2680 contemptu
2848 2621 2902 2667 et
2931 2614 3242 2684 arrogantia
3289 2627 3357 2670 ex
3391 2615 3569 2671 eccle-

1983 2698 2061 2754 sia
2086 2709 2210 2753 ante
2236 2712 2482 2756 Sanctam
2515 2702 2987 2773 participationem
3014 2705 3320 2762 inordinate
3343 2717 3566 2772 exeunt,

1986 2809 2084 2847 nec
2107 2807 2323 2847 Sacram
2348 2794 2654 2850 divinorum
2681 2799 3064 2867 mysteriorum
3093 2801 3566 2870 participationem

1986 2885 2183 2940 intueri
2214 2885 2505 2942 sustinent.
2528 2886 2666 2942 Cum
2694 2898 2871 2943 autem
2901 2890 3057 2944 audis
3088 2907 3352 2946 canonem
3383 2894 3568 2948 dicen-

1985 2985 2128 3042 tem,
2178 2991 2298 3032 esse
2345 2979 2845 3035 excommunicatos
2896 2982 3179 3051 episcopos
3229 2993 3282 3036 et
3328 2983 3566 3053 reliquos

1983 3069 2155 3124 sacris
2188 3069 2453 3134 initiatos,
2483 3071 2572 3140 qui
2604 3086 2708 3126 una
2743 3088 2865 3127 cum
2901 3075 3391 3130 excommunicatis
3435 3091 3560 3146 pre-

1982 3170 2211 3228 cantur;
2245 3176 2311 3216 ne
2351 3162 2580 3228 dixeris,
2610 3175 2930 3234 argumento
2958 3180 2986 3219 a
3011 3169 3289 3224 contrario
3320 3180 3564 3238 sumpto,

1983 3249 2156 3307 laicos
2185 3253 2317 3307 nulli
2350 3269 2469 3309 esse
2499 3271 2673 3325 paena:
2702 3258 2914 3322 attines,
2946 3260 3035 3326 qui
3067 3269 3265 3328 prteter
3293 3275 3564 3316 canonetn

1984 3343 2216 3399 faciunt.
2259 3344 2393 3400 Nam
2429 3356 2483 3402 et
2524 3346 2560 3402 ii
2600 3350 3036 3418 segregabuntur
3064 3351 3361 3406 secundum
3408 3352 3562 3406 deci-

1984 3451 2127 3490 tuum
2162 3451 2421 3493 canouem
2456 3440 2838 3506 apostolicum,
2865 3439 2958 3509 qui
2995 3457 3098 3496 nott
3135 3443 3423 3512 distinguit
3451 3442 3566 3499 tle-

1981 3527 2125 3584 ricos
2164 3538 2219 3584 et
2253 3528 2441 3584 laicos.
2479 3529 2673 3597 Quaere
2709 3540 2764 3585 et
2792 3547 2996 3587 nonum
3035 3549 3300 3589 canonem
3330 3535 3567 3591 Cartha-

1980 3622 2244 3692 giniensis
2276 3624 2491 3693 synodi.
2529 3624 2761 3695 Propter
2790 3627 2998 3692 miuas,
3033 3638 3092 3682 ιιι
3127 3629 3427 3685 verisimile
3453 3641 3563 3697 est,

1980 3728 2247 3771 canonum
2298 3715 2330 3770 8
2379 3726 2432 3771 et
2476 3717 2508 3773 9
2554 3729 2870 3774 sanctorum
2919 3721 3289 3790 apostolorum
3341 3733 3393 3778 et
3429 3739 3567 3793 prae-

1981 3808 2151 3862 sentis
2189 3809 2376 3875 etiam,
2421 3812 2727 3881 excngitata
2780 3819 2884 3876 est,
2936 3823 2995 3866 ut
3031 3813 3266 3881 videtur,
3315 3814 3565 3871 Antidori

1981 3900 2332 3968 distributio;
2382 3913 2440 3958 ut
2493 3919 2715 3961 necesse
2758 3905 3044 3972 haberent,
3096 3909 3258 3964 etiam
3311 3911 3403 3980 qui
3455 3925 3562 3964 non

1981 4007 2208 4064 possunt
2240 3996 2642 4051 incruentorum
2673 4000 3067 4054 sacriﬁciorum
3095 4001 3387 4071 participes
3413 4017 3562 4070 esse,

1983 4103 2152 4156 usque
2177 4089 2243 4141 ad
2275 4102 2464 4157 preces
2493 4099 2548 4144 et
2577 4089 2976 4145 absolutionem
3008 4107 3362 4162 perseverare
3388 4111 3404 4161 ;
3443 4104 3502 4149 ut
3533 4109 3566 4150 e

1984 4176 2235 4231 manibus
2292 4191 2448 4232 sacra
2509 4180 2820 4248 perageutis
2875 4181 3201 4236 sanctilicati
3266 4180 3563 4252 fragmenti

1980 4267 2414 4322 benedictionem
2439 4267 2778 4337 accipereut.
2809 4267 2882 4325 De
2910 4269 3127 4339 liturgia
3160 4279 3359 4338 autem,
3389 4287 3564 4344 eaque

1982 4359 2097 4414 sola
2148 4358 2322 4412 dictos
2367 4371 2607 4413 canones
2642 4359 2759 4414 haec
2788 4359 3100 4416 decrevisse
3140 4362 3416 4434 intellige,
3455 4378 3562 4419 non

1983 4453 2112 4508 item
2149 4453 2214 4507 de
2248 4450 2371 4507 aliis
2405 4451 2797 4508 ecclesiasticis
2831 4451 3048 4509 oﬂiciis.
3081 4453 3349 4521 QttOniam
3377 4466 3560 4510 autem

1983 4547 2168 4601 dicunt
2191 4545 2434 4617 quidam,
2457 4553 2512 4599 et
2534 4545 2885 4615 quamobrem
2913 4545 3218 4616 patriarcha
3247 4546 3410 4620 532
3442 4548 3564 4602 uni-

1986 4637 2214 4694 versalis
2257 4647 2444 4693 sancta
2490 4638 2768 4693 Dominica
2801 4652 2831 4691 a
2879 4636 2996 4693 loco
3021 4637 3139 4708 ejus
3170 4641 3424 4708 prodieus
3454 4654 3562 4696 non

298 4734 478 4805 ἁρχης
513 4734 614 4805 τὴν
653 4735 817 4803 ἁγίαν
881 4733 1172 4804 Κυριακὴν
1228 4734 1560 4803 προκύπτων
1615 4732 1726 4786 ἀπὸ
1778 4733 1872 4787 τοῦ

1983 4740 2295 4802 perseverat
2348 4745 2521 4801 usque
2569 4731 2635 4784 ad
2686 4730 2920 4802 liturgiae
2966 4732 3390 4799 absolutionem,
3466 4735 3562 4790 sed

298 4825 569 4878 στασιδίου
599 4825 763 4879 αὑτοῦ
794 4824 854 4877 οὑ
890 4825 1149 4895 καρτερεῖ
1184 4822 1347 4894 μέχρι
1406 4824 1506 4893 τῆς
1558 4823 1877 4889 ἀπολύσεως

295 4917 395 4988 τῆς
448 4916 808 4989 λειτουργίας,
852 4917 987 4971 ἀλλὰ
1028 4917 1166 4987 μετὰ
1223 4917 1283 4970 τὸ
1351 4917 1683 4986 Εὑαγγέλιον
1739 4919 1875 4972 ὑπο-

297 5010 503 5080 χωρεῖς
539 5010 800 5079 τ-λὲγομεν
856 5009 994 5080 πρὸς
1052 5008 1274 5070 αὐτοὺς,
1337 5008 1420 5061 ὃτι
1451 5007 1657 5078 κυρίως
1689 5009 1721 5076 ὴ
1753 5008 1873 5062 θεία

298 5101 614 5171 λειτουργία
676 5100 814 5171 μετὰ
871 5099 971 5170 τὴν
1006 5097 1100 5152 τοῦ
1159 5099 1318 5166 ἁγίου
1374 5097 1708 5166 Εύαγγελίου
1742 5099 1874 5152 ἁνα-

299 5208 499 5260 γνωσιν
558 5192 787 5260 γίνεται.
857 5191 1010 5244 Ἐπεὶ
1057 5191 1167 5262 γὰρ
1244 5189 1461 5244 ἅπαντα
1515 5189 1584 5243 τὰ
1637 5193 1695 5242 ἐν
1751 5192 1874 5253 ταῖς

304 5288 489 5353 ἁγίαις
522 5285 843 5353 ἐκκλησίαις
883 5284 1161 5354 ψάλλομεν
1197 5284 1276 5346 είς
1306 5281 1464 5348 δόξαν
1491 5284 1586 5335 τοῦ
1629 5282 1787 5348 Θεοῦ,
1845 5283 1879 5352 ἦ

301 5381 412 5434 ἀπὸ
458 5380 568 5433 τῶν
597 5383 695 5450 τῆς
738 5378 977 5442 Παλαιᾶς
1036 5379 1310 5450 Διαθήκης
1349 5379 1486 5432 εἰσὶν
1543 5377 1577 5448 ἢ
1617 5376 1725 5432 ἀπὸ
1785 5377 1884 5447 τῆς

303 5475 449 5536 Νέας
473 5490 487 5505 ⁸
523 5475 663 5545 μετά
703 5474 805 5544 τὴν
841 5473 1068 5542 ἁναρξιν
1099 5471 1207 5542 γὰρ
1231 5473 1426 5525 αὐτίκα
1449 5471 1655 5542 ψαλμοὶ
1707 5488 1885 5540 στιχοο

302 5568 591 5636 λογοῦνται
636 5567 800 5638 μέχρι
855 5566 955 5636 τῆς
996 5566 1088 5619 τοῦ
1144 5565 1468 5619 Ἀποστόλου
1503 5561 1878 5631 ἀναγνώσεως,

303 5664 501 5726 οἵτινες
552 5663 652 5733 τῆς
701 5661 944 5723 Παλαιᾶς
1005 5660 1110 5713 είσι
1144 5659 1442 5730 Διαθήκης.
1505 5658 1663 5712 Μετὰ
1718 5658 1773 5711 δὲ
1821 5656 1881 5710 τὸ

307 5756 642 5826 Εὑαγγέλιον
667 5757 955 5825 ἄρχεταιή
993 5751 1184 5822 τελετὴ
1241 5753 1338 5821 τῆς
1377 5750 1723 5821 λειτουργίας
1783 5749 1882 5819 τῆς

308 5850 726 5920 ύπεραχρὰντου
773 5847 1003 5909 θυσίας’
1069 5845 1250 5907 καλῶς
1315 5846 1342 5896 ὁ
1377 5844 1724 5914 πατριάρχης
1778 5840 1882 5913 πρὸ

306 5942 513 6010 ταύτης
568 5940 665 5993 καὶ
730 5939 868 6007 μετὰ
896 5939 956 5990 τὸ
983 5936 1139 6005 ἅγιον
1200 5935 1533 6003 Εὑαγγέλιον
1584 5935 1882 6003 ὑποχωρεῖ,

314 6035 409 6089 καὶ
467 6035 528 6090 οὐ
591 6030 919 6104 προσκρούει
969 6033 1079 6098 τοῖς
1140 6029 1380 6084 κανόσιν.
1429 6027 1591 6081 Ὥστε
1648 6027 1768 6080 οὐδὲ
1793 6043 1879 6090 τις

1978 4835 2101 4893 post
2131 4822 2479 4893 Evangelium
2521 4821 2760 4876 recedit?
2805 4823 2954 4879 hisce
2993 4822 3243 4889 dicimus,
3287 4825 3430 4894 quod
3478 4824 3562 4878 di-

1982 4918 2104 4970 vina
2130 4916 2340 4985 liturgia
2369 4923 2489 4985 post
2513 4915 2685 4969 sancti
2719 4913 2990 4984 Evangelii
3017 4915 3304 4970 lectionem
3340 4915 3561 4986 pr0prie

1979 5006 2306 5062 celebratur.
2339 5006 2792 5076 Quandoquidem
2817 5008 2959 5060 enim
2994 5007 3047 5061 in
3080 5007 3284 5062 sanctis
3312 5008 3560 5063 ecclesiis

1981 5105 2162 5158 omnia
2196 5103 2439 5158 canimus
2475 5103 2528 5156 in
2568 5101 2659 5156 Dei
2708 5101 2959 5171 gloriam,
3007 5102 3123 5157 sive
3160 5114 3191 5155 e
3239 5100 3414 5157 Veteri
3451 5102 3562 5156 sint

1981 5196 2350 5264 Testamento,
2397 5197 2512 5250 sive
2561 5208 2593 5249 e
2643 5192 2834 5261 Novo;
2883 5201 3008 5264 post
3050 5194 3373 5264 principium
3416 5194 3560 5250 enim

1980 5291 2228 5360 protinus
2261 5286 2454 5343 ordine
2499 5287 2800 5341 recitantur
2845 5285 3061 5352 psalmi,
3099 5300 3270 5354 usque
3305 5286 3371 5339 ad
3414 5284 3561 5353 Apo-

1979 5381 2103 5437 stoli
2149 5380 2463 5443 lectionem,
2503 5377 2598 5448 qui
2626 5377 2841 5447 quidem
2877 5385 3003 5431 sunt
3041 5391 3106 5432 ex
3158 5375 3338 5432 Veteri
3376 5375 3564 5432 Testa-

1982 5481 2186 5533 mento,
2228 5478 2352 5540 post
2384 5467 2732 5535 Evangelium
2769 5475 2946 5520 autem
2997 5466 3189 5537 incipit
3239 5467 3562 5521 cteremonia

1982 5562 2292 5620 celebrandi
2353 5560 2620 5616 incruenti
2680 5558 2936 5614 sacriﬁcii
2999 5574 3015 5612 :
3069 5559 3377 5629 patriarcha
3437 5570 3565 5616 ante

1985 5658 2146 5720 hanc,
2181 5663 2236 5709 et
2278 5661 2400 5724 post
2438 5663 2689 5709 sanctum
2737 5649 3091 5722 Evangelium
3124 5660 3275 5704 recte
3310 5649 3561 5720 discedit,

1982 5759 2034 5803 et
2063 5759 2326 5800 canouem
2353 5759 2459 5799 non
2488 5742 2912 5812 transgreditur.
2935 5738 3004 5794 Ut
3029 5755 3127 5794 nec
3151 5740 3272 5808 quis
3292 5747 3565 5811 transgre-

1983 5842 2149 5905 ditur,
2210 5841 2254 5895 si
2310 5848 2432 5908 post
2483 5836 2836 5905 Evangelium
2900 5833 2983 5885 vel
3041 5843 3165 5886 ante
3214 5830 3561 5906 Evangeliutn

1983 5931 2208 5989 discedit
2240 5947 2257 5998 ;
2305 5945 2491 5984 verum
2525 5928 2594 5982 ob
2634 5923 2998 5982 necessariam
3035 5924 3291 5996 piamque
3317 5941 3563 5994 causam,

1990 6041 2100 6083 non
2141 6025 2209 6082 ob
2237 6021 2674 6095 vituperabilem.
