3990 6482
295 378 436 446 1285

893 491 1161 550 KANQN.
1193 494 1266 553 [ν.

297 602 314 636 ι
356 583 422 638 Εἴ
441 600 527 647 τις
589 580 964 654 πρεσϐύτερος
1012 585 1046 654 ἢ
1075 585 1344 650 διάκονος,
1376 585 1418 658 ἦ
1442 585 1582 649 ὅλως
1627 583 1738 638 τῶν
1769 581 1862 636 τοῦ

355 693 375 728 ι
420 674 688 744 ίερατείου
709 691 815 739 τις,
849 675 1168 730 καταλιπὼν
1188 678 1289 748 τὴν
1320 677 1518 732 ἑαυτοῦ
1546 676 1867 746 παροικίαν,

370 787 388 819 t
428 771 503 830 εἰς
541 769 734 838 ἑτέραν
795 766 1028 841 ἀπέλθῃ.
1059 769 1251 824 ἔπειτα
1280 770 1560 834 παντελῶς
1589 770 1865 839 μεταστάς

370 878 387 908 ι
433 859 729 929 διατρίϐειν
750 859 806 910 ἐν
834 861 971 932 ἄλλῃ
1001 862 1259 933 παροικίᾳ
1289 864 1556 934 πειρᾶται
1569 862 1664 915 ἐπὶ
1684 860 1864 931 πολλῷ

369 969 386 1003 ι
427 951 627 1022 χρόνῳ,
660 953 855 1022 μηκέτι
878 953 1234 1024 λειτουργεῖν,
1267 956 1317 1007 εί
1349 954 1587 1024 μάλιστα
1607 953 1864 1008 καλοῦντι

372 1061 390 1094 ι
425 1044 502 1110 τῷ
538 1047 824 1115 ὲπισκόπῳ
853 1043 929 1113 τῷ
963 1044 1078 1115 ίδίῳ
1126 1045 1444 1099 ἐπανελθεῖν
1489 1046 1571 1108 είς
1592 1045 1690 1116 τὴν
1717 1061 1866 1116 παρ-

374 1153 392 1186 ι
431 1135 610 1189 οικίαν
659 1139 757 1206 τὴν
818 1137 1011 1190 ἑαυτοῦ
1077 1140 1171 1193 καὶ
1218 1137 1572 1210 παραινοῦντι
1631 1137 1707 1208 μὴ
1762 1138 1868 1190 ὺπ-

369 1245 386 1277 t
423 1227 634 1285 ακούει.
676 1230 737 1280 El
766 1229 820 1282 δὲ
847 1231 938 1283 καὶ
959 1230 1208 1298 ἐπιμένοι
1237 1233 1304 1301 τῇ
1335 1231 1551 1296 ἀταξία,
1587 1229 1865 1294 παντελῶς

374 1337 391 1369 ι
439 1322 600 1372 αὐτὸν
655 1321 1038 1391 καθαιρεῖσθαι
1073 1323 1172 1392 τῆς
1203 1321 1570 1393 λειτουργίας,
1620 1322 1694 1386 ὡς
1761 1340 1866 1393 μη-

366 1431 382 1463 ι
427 1414 544 1465 κέτι
569 1411 754 1482 χώραν
788 1414 931 1483 ἔχειν
960 1414 1482 1478 ἀποκαταστάσεως.
1521 1415 1583 1467 El
1639 1413 1695 1467 δὲ
1730 1414 1863 1468 καϐ-

377 1521 397 1554 ι
431 1501 716 1573 αιρεθέντα
743 1504 831 1558 διὰ
853 1504 1058 1576 ταύτην
1083 1507 1183 1574 τὴν
1230 1505 1412 1561 αἰτίαν
1439 1506 1645 1576 δέχοιτο
1675 1506 1860 1577 ἕτερος

370 1615 388 1649 ι
424 1597 748 1664 ἐπίσκοπος,
780 1600 1033 1651 κάκεῖνον
1059 1578 1365 1666 ’ἐπιτιμίας
1421 1596 1710 1668 τυγχάνειν
1761 1597 1866 1650 ὑπὸ

369 1708 387 1742 ι
424 1690 609 1761 κοινῆς
664 1691 907 1753 συνόδου,
960 1691 1034 1754 ὠς
1071 1690 1420 1762 παραλύοντα
1449 1693 1574 1753 τοὺς
1629 1690 1865 1759 θεσμοὺς

377 1799 395 1832 ι
433 1783 557 1844 τοὺς
589 1782 1093 1853 ὲκκλησιαστικούς.
1135 1803 1154 1837 r

369 1875 564 1929 ΒΛΛΣ.
608 1877 749 1946 Περὶ
783 1877 892 1930 τῶν
932 1877 1469 1946 καταλιμπανόντων
1498 1877 1600 1942 τάς
1653 1876 1864 1940 οἶκείας

302 1968 599 2037 παροικίας
639 1971 732 2022 καὶ
758 1970 838 2032 είς
875 1970 1067 2040 ἑτέρας
1101 1972 1502 2042 ἀπερχομένων
1560 1971 1715 2041 ζήτει
1756 1969 1866 2023 τῶν

305 2062 475 2129 ἀγιων
507 2060 825 2117 ἀποστόλων
856 2065 1060 2116 κανόνα
1094 2068 1157 2117 ιε’
1193 2067 1291 2134 τῆς
1339 2061 1387 2117 α’
1422 2064 1643 2118 συνόδου
1663 2064 1869 2118 κανόνα.

313 2160 384 2216 ις’
419 2152 512 2204 καὶ
564 2152 663 2222 τῆς
693 2152 734 2204 δ’
783 2153 987 2208 κανόνα
1023 2161 1092 2218 ε’,
1158 2155 1261 2208 καὶ
1316 2155 1493 2228 μάθῃς
1534 2156 1599 2209 ὲκ
1647 2157 1754 2210 τῶν
1810 2157 1869 2208 ἐν

304 2239 512 2305 τούτοις
543 2238 865 2313 γραφέντων
898 2246 992 2298 καὶ
1023 2245 1090 2299 τά
1127 2243 1204 2316 τῷ
1243 2245 1473 2316 παρόντι
1518 2248 1704 2300 κανόνι
1737 2246 1867 2300 διω-

307 2333 562 2406 ρισμένα.

771 2425 977 2498 Ἑτέρα
1010 2430 1291 2500 ἑρμηνεία
1320 2431 1468 2499 K44).

385 2545 628 2616 Ἐπειδὴ,
671 2545 835 2599 τινῶν
860 2545 1272 2616 πρεσϐυτέρων,
1313 2546 1578 2601 διακόνων
1603 2548 1697 2600 καὶ
1735 2546 1872 2601 ὑπο-

299 2637 566 2689 διακὸνων
596 2637 965 2701 οίκειοθελῶν,
1011 2636 1115 2689 οὐκ
1145 2637 1205 2702 ἐξ
1244 2637 1545 2706 ἐπιτιμίου,
1578 2638 1670 2689 ἐπὶ
1703 2637 1871 2689 πολὺν

300 2730 490 2800 χρόνον
523 2731 597 2799 μὴ
657 2730 1160 2800 ίερουργησάντων,
1205 2731 1370 2783 πάλιν
1418 2731 1475 2784 δὲ
1532 2730 1872 2803 βουλομένων

301 2824 634 2894 ἱερουργεῖν,
685 2826 780 2878 καὶ
851 2824 1240 2894 κωλυομένων,
1300 2826 1641 2898 συνεζητήθη
1703 2826 1872 2888 πόσος

299 2916 627 2985 νοηϐἠσεται
687 2917 877 2987 χρόνος
909 2919 932 2970 ὁ
976 2917 1074 2988 τὴν
1106 2916 1426 2988 ἱερουργίαν
1464 2918 1872 2988 ἀφαιρούμενος

303 3007 412 3061 ἀπὸ
465 3006 558 3061 τοῦ
601 3011 676 3079 μὴ
729 3009 1130 3080 ὲνεργήσαντος
1155 3009 1467 3078 ταύτηνδι’
1499 3009 1619 3062 ὅλου
1670 3009 1867 3064 αὐτοῦ·

307 3101 469 3169 Λέγω
503 3102 584 3154 ὅτι
652 3102 820 3164 πολὺς
868 3103 1061 3172 χρόνος
1088 3101 1195 3154 ἀπὸ
1223 3100 1318 3155 τοῦ
1360 3102 1528 3167 νόμου
1566 3103 1603 3173 ἡ
1665 3103 1874 3173 τριετία

1349 383 1430 445 ΙΝ
1469 382 1635 443 CAN.
1671 382 1763 443 III
1799 380 2010 445 CONC.
2049 383 2110 443 Il
2140 385 2498 447 ANTIOCII.

1899 498 1946 555 Α

3410 389 3548 455 1286

2587 498 2819 555 CANON
2860 498 2952 555 Ill.

1973 604 1991 639 ι
2123 588 2244 657 quis
2277 591 2584 663 presbyter,
2617 593 2706 646 vel
2736 593 3021 658 diaconus,
3051 592 3139 647 rel
3170 593 3288 663 quis
3322 594 3544 649 omnino

2043 699 2063 734 ι
2087 684 2168 736 'ex
2205 684 2528 739 sacerdotali
2565 685 2757 740 ordine
2783 724 2801 750 ,
2834 685 3022 740 relicta
3067 700 3164 740 sua
3199 687 3456 754 paruaeia,
3491 688 3548 743 in

2047 792 2066 828 ι
2107 775 2271 830 aliam
2301 777 2533 844 abierit;
2573 779 2769 834 deinde
2806 779 3028 834 omnino
3073 779 3464 850 commigrans,
3490 782 3544 835 id

2045 885 2070 920 ι
2102 869 2205 922 alia
2241 864 2476 937 parmcia
2506 870 2666 939 longo
2695 877 2938 940 tempore
2969 870 3170 926 versari
3199 879 3452 938 conatur,
3475 885 3543 926 ne

2044 979 2063 1013 ι
2101 961 2331 1028 amplius
2378 961 2662 1028 celebret;
2705 964 2939 1016 maxime
2980 962 3024 1018 si
3067 963 3291 1033 proprio
3331 962 3550 1018 vocanti

2043 1067 2062 1102 ι
2104 1052 2384 1120 episcopo,
2416 1060 2470 1104 ut
2502 1051 2554 1105 in
2588 1067 2743 1107 Suam
2782 1055 3071 1123 parteciam
3107 1057 3310 1121 redeat,
3341 1054 3544 1109 exhor-

2046 1161 2064 1193 ι
2104 1145 2370 1212 tantique,
2421 1160 2525 1197 non
2574 1153 2779 1211 parcat.
2833 1145 2887 1198 Si
2933 1155 3111 1199 autem
3157 1147 3208 1200 iu
3248 1146 3537 1201 insolentia

2047 1253 2064 1286 ι
2103 1246 2432 1304 perseverat,
2467 1238 2511 1291 is
2553 1235 2714 1307 433
2744 1237 2962 1291 omnino
2996 1255 3022 1290 a
3055 1252 3211 1293 sacro
3245 1239 3548 1292 ministerio

2046 1347 2064 1380 ι
2103 1328 2424 1398 deponatur,
2460 1341 2519 1383 ut
2560 1346 2661 1384 nec
2693 1330 2924 1399 amplius
2957 1332 3218 1386 redeundi
3250 1331 3424 1386 locum
3461 1333 3546 1386 in-

2044 1437 2064 1473 t
2105 1422 2303 1476 veniat.
2328 1421 2383 1476 Si
2415 1433 2596 1477 autem
2624 1438 2772 1489 eum,
2796 1423 2888 1487 qui
2917 1431 3139 1493 propter
3162 1424 3300 1479 hanc
3324 1440 3543 1478 causam

2047 1531 2068 1566 ι
2107 1514 2386 1582 depositus
2431 1524 2536 1579 est,
2593 1515 2731 1569 alius
2781 1516 3070 1585 episr-Opns
3111 1516 3418 1584 receperit;
3459 1517 3548 1571 ille

2050 1621 2070 1655 ι
2106 1619 2320 1674 quoque
2366 1620 2394 1658 a
2445 1606 2720 1659 communi
2777 1606 2986 1676 synodo
3025 1607 3302 1674 puniatur,
3350 1615 3406 1660 ut
3451 1607 3546 1677 qui

2046 1711 2065 1745 ι
2107 1695 2242 1750 ritus
2286 1697 2694 1753 ecclesiasticos
2722 1698 3003 1755 dissolvat.
3039 1716 3058 1751 ι

2046 1873 2247 1930 BALS.
2300 1877 2374 1930 De
2417 1877 2504 1939 iis,
2537 1877 2626 1947 qui
2669 1892 2795 1931 suas
2825 1879 3091 1948 parmcias
3133 1880 3465 1949 relinquunt,
3494 1890 3549 1932 et

1978 1969 2030 2022 in
2062 1969 2200 2024 alias
2235 1970 2519 2032 recedunt,
2552 1985 2734 2037 quaere
2779 1986 3041 2026 canonum
3080 1982 3390 2026 sanctorum
3423 1989 3550 2042 apo-

1977 2064 2236 2117 stolorum
2275 2063 2362 2126 15,
2407 2064 2592 2131 primae
2624 2062 2813 2132 synodi
2849 2077 3110 2117 canonem
3147 2064 3212 2118 i6
3256 2074 3310 2118 et
3343 2075 3547 2133 quartae

1977 2171 2245 2214 canonum
2276 2155 2331 2220 5,
2362 2167 2414 2210 et
2446 2158 2623 2212 disces
2658 2172 2722 2210 cx
2756 2157 2822 2209 iis
2850 2171 2968 2225 quae
3000 2156 3109 2212 illic
3153 2157 3356 2226 scripta
3392 2169 3541 2222 sunt,

1976 2249 2142 2303 etiam
2170 2263 2230 2303 ea
2261 2264 2392 2319 quae"
2413 2250 2515 2303 hoc
2543 2263 2751 2304 canone
2778 2249 3065 2303 constituta
3094 2247 3264 2305 fuere.

2458 2431 2639 2488 Altera
2673 2435 3062 2505 interpretatio.

2052 2550 2321 2618 Quoniam
2368 2553 2622 2607 nonnulli
2659 2553 2988 2622 presbyteri,
3029 2552 3241 2629 diaconi
3281 2561 3335 2607 et
3376 2553 3550 2623 hypo-

1980 2642 2212 2709 diat-oni,
2245 2645 2338 2714 qui
2378 2661 2472 2698 sua
2510 2655 2701 2713 Sponte
2725 2687 2738 2707 ,
2773 2655 2826 2698 ct
2859 2661 2962 2697 non
2993 2646 3060 2698 ob
3092 2659 3302 2711 pmnam
3345 2645 3409 2698 iis
3445 2646 3552 2697 im-

1981 2737 2236 2803 positam,
2275 2751 2427 2789 sacra
2479 2734 2794 2802 aliquandiu
2845 2751 2948 2788 non
2998 2737 3312 2802 celebrant,
3363 2750 3553 2790 rursus

1981 2841 2134 2879 sat-ra
2182 2841 2440 2895 peragere
2483 2826 2729 2880 volentes
2775 2826 3028 2894 prohibiti
3078 2836 3233 2892 sunt;
3265 2828 3550 2895 quaesitum

1981 2929 2065 2972 est
2098 2930 2360 2986 quantum
2410 2919 2479 2971 sit
2529 2927 2764 2987 tempus,
2806 2920 2952 2987 quod
2989 2933 3271 2972 sacrorum
3311 2918 3550 2972 celebra-

1985 3011 2181 3065 tionem
2228 3012 2275 3064 ci
2326 3010 2537 3072 adimit,
2568 3010 2660 3079 qui
2705 3025 2823 3063 eam
2863 3025 2966 3064 non
3028 3012 3250 3063 omnino
3286 3013 3550 3065 exercuit.

1987 3107 2112 3160 Dico
2137 3104 2281 3174 quod
2330 3102 2554 3157 multum
2602 3113 2813 3169 tempus
2843 3118 2906 3155 ex
2951 3101 3068 3172 lege
3117 3112 3198 3155 est
3235 3103 3550 3157 triennium.

301 3193 477 3246 ἐστίν.
509 3193 570 3245 Εἰ
601 3193 733 3261 γοῦν
765 3193 1063 3263 ἱερωμένος
1094 3211 1177 3256 τις
1227 3193 1296 3246 δι’
1336 3193 1465 3263 ὅλης
1500 3195 1740 3266 τριετίας
1777 3196 1875 3249 οὐκ

1997 3200 2038 3254 5i
2071 3213 2204 3266 ergo
2237 3196 2497 3250 sacerdos
2530 3196 2800 3264 quispiam
2841 3203 2958 3250 toto
2989 3194 3226 3247 triennio
3274 3211 3378 3247 non
3413 3196 3552 3249 cele-

302 3285 611 3355 ἐνεργήσει,
644 3287 782 3354 μήτε
808 3285 917 3337 ἀπὸ
948 3284 1127 3351 νόσου,
1163 3285 1299 3355 μήτε
1338 3285 1442 3338 ὑπὸ
1472 3287 1874 3355 αἰχμαλωσίας,

307 3378 342 3449 ἦ
374 3378 544 3447 ἄλλης
602 3379 858 3449 τοιαύτης
894 3378 1237 3449 κωλυόμενος
1261 3377 1471 3443 αἰτίας,
1528 3380 1717 3434 οὐκέτι
1767 3380 1876 3434 λειρ

304 3471 612 3539 τουργῆσαι
669 3469 1246 3540 παραχωρηοήσεταιο
1307 3472 1359 3524 εί
1421 3471 1530 3540 γάρ
1590 3471 1730 3526 κατά
1786 3473 1877 3528 τὸν

309 3561 552 3630 παρόντα
585 3561 787 3613 κανόνα
815 3559 1162 3630 καθαιρεῐται
1190 3563 1219 3614 ὁ
1245 3564 1324 3625 είς
1355 3563 1551 3633 ἑτέραν
1582 3566 1876 3635 παροικίαν

304 3652 600 3723 διατρίϐων
635 3652 729 3704 ἐπὶ
761 3652 932 3704 πολὺν
967 3653 1179 3725 χρόνον,
1227 3654 1396 3725 ἤγουν
1427 3655 1696 3726 τριετίαν,
1748 3659 1877 3723 ἴσως

304 3745 364 3799 δὲ
424 3747 515 3798 καὶ
548 3745 790 3815 ἐνεργῶν
839 3747 1048 3799 ἐκεῖσε·
1103 3746 1286 3817 πολλῷ
1321 3747 1486 3801 πλέον
1525 3748 1586 3801 οὐ
1615 3765 1876 3819 παραχω-

312 3839 615 3910 ρηθησεται
643 3840 1000 3910 ἱερουργῆσαι
1034 3839 1062 3890 ὁ
1087 3839 1187 3910 τὴν
1218 3838 1428 3892 οἰκείαν
1465 3839 1747 3894 διακονίαν
1784 3842 1878 3895 ἐπὶ

306 3933 551 4003 τριετίαν
613 3932 987 4002 ἀποστραφεὶς
1043 3932 1077 4001 ἢ
1126 3932 1219 3986 καὶ
1281 3933 1631 4003 ἁναξιότητος
1682 3934 1877 3988 ἑαυτὸν

311 4025 863 4095 καταψηφισάμενος,
900 4025 1150 4078 Συνιστῶ
1178 4024 1234 4076 δὲ
1279 4024 1470 4078 τοῦτον
1515 4027 1610 4080 καὶ
1647 4028 1756 4080 ἀπὸ
1783 4027 1876 4080 τοῦ

312 4119 600 4184 γεγονότος
632 4114 1026 4186 σημειὼματος
1054 4117 1194 4169 κατά
1218 4115 1310 4170 τὸν
1337 4117 1583 4188 Μάρτιον
1614 4118 1762 4190 μῆνα
1782 4121 1880 4191 τῆς

310 4206 359 4276 γ’
387 4211 574 4262 ὶνδικτ.
616 4210 706 4261 ἐπὶ
728 4210 824 4279 τῆς
855 4209 1227 4286 πατριαρχίας
1257 4209 1349 4262 τοῦ
1385 4211 1555 4280 κυροῦ
1579 4212 1876 4280 Νικολάου,

310 4297 566 4364 λέγοντος
601 4300 660 4352 ἐν
715 4300 873 4370 μέρει
909 4299 1090 4370 ῥητῶς
1127 4298 1304 4353 ταῦτα
1344 4299 1484 4371 πλὴν
1520 4302 1716 4366 κοινῶς
1745 4303 1878 4373 ῶρι-

311 4410 437 4445 σται
475 4393 625 4462 παρά
655 4391 872 4444 πάντων
900 4391 1006 4443 τῶν
1041 4391 1100 4444 ὲν
1144 4391 1347 4454 πάσαις
1404 4395 1524 4455 ταῖς
1583 4394 1880 4465 ἑϐδομάσιν

313 4484 780 4555 ὑπηρετουμένων
808 4483 999 4554 ἱερέων
1050 4501 1109 4536 τε
1136 4486 1228 4537 καὶ
1277 4485 1538 4539 διακόνων
1587 4489 1718 4557 περὶ
1780 4490 1879 4559 μὲν

1976 3291 2119 3356 brat,
2151 3305 2263 3343 non
2292 3288 2499 3352 morbo,
2535 3302 2634 3341 nec
2660 3286 2998 3354 captivitate,
3029 3301 3127 3338 nec
3157 3284 3258 3337 alia
3281 3284 3550 3355 ejusmodi

1975 3398 2138 3438 causa
2163 3380 2460 3450 impeditus
2485 3396 2499 3446 ;
2532 3393 2638 3432 non
2677 3377 2909 3447 amplius
2938 3376 3216 3432 celebrare
3241 3379 3465 3430 sinetur.
3495 3375 3552 3430 Si

1976 3475 2141 3538 enim,
2195 3482 2250 3523 ut
2301 3470 2411 3522 vult
2460 3469 2548 3523 hic
2598 3483 2836 3537 prmsens
2891 3482 3088 3532 canon,
3119 3467 3420 3536 deponitur,
3462 3467 3551 3534 qui

1979 3565 2136 3634 longo
2183 3574 2446 3631 tempore,
2479 3560 2714 3613 triennio
2759 3559 2989 3625 scilicet,
3026 3559 3079 3612 in
3105 3559 3278 3612 aliena
3313 3558 3551 3627 partecia

1977 3668 2248 3723 versatur,
2290 3656 2416 3708 licet
2447 3654 2609 3708 etiam
2644 3653 2888 3708 fortassis
2937 3651 3046 3706 illic
3091 3651 3352 3715 celebret,
3382 3651 3553 3703 multo

1980 3749 2150 3818 magis
2181 3747 2274 3816 qui
2311 3760 2468 3800 suum
2505 3744 2863 3798 ministerium
2893 3758 2985 3810 per
3017 3742 3306 3796 triennium
3338 3751 3552 3794 averte-

1981 3844 2074 3908 rit,
2106 3840 2185 3895 vel
2230 3854 2292 3895 se
2321 3837 2486 3893 etiam
2539 3835 2876 3906 indignitatis
2907 3835 3375 3899 condemnaverit,
3413 3836 3555 3889 cele-

1981 3936 2138 3989 brare
2182 3949 2286 3988 non
2329 3932 2558 3986 sinetur.
2589 3930 2704 3984 Hoc
2752 3939 2931 3984 autem
2965 3929 3138 3997 probo
3177 3937 3230 3983 et
3266 3943 3332 3982 ex
3372 3929 3551 3984 edicto

1981 4027 2125 4082 facto
2159 4040 2344 4079 mense
2370 4022 2565 4076 Martio
2593 4022 2786 4076 indict.
2817 4020 2872 4086 ὅ,
2899 4029 3142 4090 tempore
3173 4021 3346 4076 sancti
3379 4021 3553 4090 patri-

1980 4118 2160 4174 archa:
2216 4115 2422 4170 domini
2457 4112 2685 4176 Nicolai,
2717 4114 2857 4182 quod
2882 4112 2961 4166 sic
2987 4113 3209 4180 pra'cise
3234 4113 3408 4180 dicit;
3455 4113 3558 4168 std

1981 4209 2340 4267 communiter
2370 4206 2646 4260 deﬁnitum
2687 4213 2766 4259 est
2790 4205 2854 4258 de
2883 4203 3136 4260 omnibus
3160 4205 3251 4273 qui
3284 4204 3339 4258 in
3370 4206 3549 4258 omni-

1981 4304 2082 4359 bus
2111 4300 2430 4371 septimanis
2457 4299 2792 4362 deserviunt,
2814 4297 3186 4353 sacerdotibus
3208 4309 3258 4352 ct
3287 4297 3547 4364 diaconis,

1983 4392 2049 4444 de
2118 4391 2184 4444 iis
2244 4388 2458 4457 quidem
2533 4387 2624 4457 qui
2693 4396 2820 4442 sunt
2887 4387 2939 4440 in
3010 4387 3223 4457 gradu,
3287 4388 3431 4456 quod
3495 4393 3551 4441 et

1983 4484 2110 4539 olim
2144 4482 2193 4536 de
2214 4481 2420 4536 ﬁnitum
2452 4478 2574 4534 fuit.
2610 4480 2684 4534 De
2725 4478 3008 4549 superﬂuis
3037 4488 3242 4542 autem,
3271 4494 3417 4543 eum,
3454 4480 3548 4549 qui

312 4580 419 4631 τῶν
444 4580 501 4630 ἐν
542 4578 734 4648 βαομῷ
765 4577 792 4629 ὃ
835 4577 926 4630 καὶ
959 4577 1126 4633 πάλαι
1167 4577 1470 4649 διώρισται·
1514 4583 1640 4651 περὶ
1687 4582 1742 4634 δὲ
1773 4584 1875 4636 τῶν

1997 4593 2012 4631 ι
2041 4589 2231 4643 magna
2259 4573 2388 4627 urbe
2412 4587 2635 4642 peregre
2659 4569 2998 4637 profecturus
3026 4581 3129 4633 est,
3155 4571 3387 4638 aliquam
3418 4585 3549 4624 cau-

311 4670 612 4740 περισσῶν,
647 4669 737 4722 τὸν
771 4667 1036 4740 μέλλοντα
1078 4671 1176 4734 τῆς
1205 4671 1410 4734 πόλεως
1433 4672 1696 4742 ἐκδημεῖν
1737 4675 1880 4728 κατὰ

308 4778 435 4813 τινα
468 4759 660 4830 χρείαν
692 4761 1099 4829 συνταξάμενον
1138 4759 1217 4830 τῷ
1249 4761 1617 4833 ἁρχιδιακόνῳ
1650 4764 1879 4828 καὶτοῖς

307 4854 689 4922 πρωτεύουσιν
724 4853 780 4904 ὲν
822 4857 886 4920 τῇ
924 4853 1184 4921 ὲϐδομάδι
1218 4853 1317 4922 τὴν
1364 4852 1676 4923 ἀποδημίαν
1723 4856 1879 4908 στέλο

308 4945 522 5011 λεσθαι,
577 4944 664 5013 ἐφ’
719 4943 779 5008 ἒξ
850 4944 950 5013 μὲν
1018 4944 1215 5012 μῆναςο
1252 4943 1370 4996 οὐδὲ
1434 4944 1699 5016 σούπερον
1763 4945 1880 4999 ἀντ’

310 5036 482 5092 αὑτοῦ
541 5037 860 5101 ὲνιστῶντα,
923 5036 1064 5106 μετά
1119 5036 1178 5088 δὲ
1226 5035 1438 5096 τούτοις
1487 5037 1592 5099 ἕως
1647 5039 1880 5110 πέρατος

307 5129 552 5198 τριετίας
585 5129 771 5198 ἕτερον
801 5129 918 5181 ἀντ’
937 5128 1103 5180 αὑτοῦ
1132 5130 1197 5199 τῇ
1241 5128 1456 5199 δουλεία
1487 5130 1880 5197 ὑποϐάλλοντα,

313 5222 458 5288 ῐναη
497 5221 653 5291 παρά
685 5222 786 5291 τὴν
819 5220 1126 5289 ἐκκλησίαν
1180 5220 1427 5275 διακονία
1462 5222 1609 5292 αὐτῷ
1638 5222 1882 5294 ἀνάπλη-

313 5312 504 5382 ροῦται
534 5312 621 5365 διά
650 5310 745 5364 τοῦ
778 5312 1098 5382 άντισήκου.
1137 5309 1270 5366 Εἶτα
1297 5314 1345 5366 εἰ
1380 5315 1454 5383 μὴ
1486 5312 1553 5367 δι’
1582 5313 1711 5382 ὅλης
1728 5330 1879 5384 τριε-

275 5392 430 5466 ’τίας
468 5403 762 5478 ἐπανέλθῃ,
805 5405 996 5476 πόρῤῳ
1016 5403 1108 5459 τοῦ
1138 5406 1523 5469 καθίστασθαι,
1556 5405 1881 5458 καὶὲκπτώ-

1983 4684 2098 4723 sam
2129 4666 2496 4722 necessariam
2532 4664 2926 4730 signiﬁcantem
2957 4663 3365 4725 archidiacono,
3396 4669 3454 4715 et
3483 4661 3551 4715 iis

1981 4762 2073 4832 qui
2106 4761 2157 4814 in
2190 4757 2521 4814 hebdomade
2551 4757 2752 4826 primas
2783 4764 2993 4827 gerunt,
3023 4770 3246 4825 peregre
3280 4752 3550 4822 proﬁcisci

1986 4854 2051 4908 ad
2093 4867 2188 4907 sex
2236 4864 2484 4916 menses;
2531 4863 2631 4903 nec
2681 4847 2843 4901 alium
2891 4861 3140 4916 superum
3176 4847 3388 4914 quidem
3434 4845 3552 4901 loco

1987 4960 2085 5000 suo
2138 4946 2544 5006 subsistentem,
2599 4954 2781 5010 postea
2835 4947 3012 4994 autem
3065 4939 3132 4992 ad
3179 4939 3338 4993 linem
3386 4952 3554 5008 usque

1990 5038 2228 5101 triennii,
2283 5036 2508 5090 alterum
2559 5047 2658 5104 pro
2705 5048 2764 5088 se
2805 5032 3025 5086 servitio
3057 5030 3454 5102 subjicientem,
3497 5042 3555 5086 ut

1982 5130 2226 5185 ecclesiae
2254 5127 2606 5182 ministerium
2630 5125 2678 5180 ei
2712 5124 3028 5194 suppleatur
3054 5138 3149 5193 per
3171 5123 3553 5179 substitutum.

1986 5224 2187 5277 Deinde
2219 5221 2262 5273 si
2309 5226 2430 5288 post
2475 5219 2748 5285 integrum
2807 5214 3096 5270 triennium
3146 5228 3251 5268 non
3303 5211 3550 5273 redierit,

1982 5313 2167 5386 procul
2199 5309 2580 5373 constituatur,
2617 5317 2670 5361 ct
2700 5308 2768 5361 ab
2798 5305 3128 5362 hebdomade
3155 5305 3375 5360 omnino
3405 5301 3555 5356 exci-

1984 5411 2097 5474 dat,
2136 5405 2267 5461 niltil
2303 5420 2423 5460 eum
2455 5403 2678 5474 iuvante
2710 5400 2983 5457 substituti
3015 5400 3235 5455 datione
3273 5396 3357 5454 vel
3393 5393 3557 5452 resti-

1533 5551 1725 5614 Guill.
1764 5551 2095 5630 Beveregii
2131 5557 2320 5614 notae.

392 5676 504 5747 (Η)
552 5674 760 5746 Ἐτέια
812 5673 1114 5744 ἑρμηνεία.
1154 5673 1302 5728 Hauc
1345 5674 1575 5747 alterum
1606 5673 1886 5747 Balsamo-

314 5743 410 5803 his
441 5743 953 5814 interpretationem
1007 5755 1344 5814 insanostro
1395 5743 1692 5798 Bodleiano
1727 5746 1886 5799 debe-

314 5834 460 5876 mus.
511 5812 710 5872 Verum
766 5817 1069 5871 Genti-unus
1126 5812 1395 5870 Heri-etus
1452 5832 1570 5869 cum
1620 5825 1882 5883 tanquam

1995 5672 2348 5745 appendlccm
2396 5674 2462 5745 ad
2526 5671 2788 5745 priorem
2820 5666 3324 5745 interpretationem
3367 5678 3432 5721 ex
3460 5677 3557 5745 eo-

1995 5737 2114 5799 tiiec
2156 5744 2374 5798 Ttliano
2410 5737 2605 5796 Latine
2658 5743 2862 5799 vertit:
2919 5737 3018 5796 sed
3049 5741 3103 5796 in
3157 5752 3262 5794 ms.
3291 5737 3556 5792 Atherba-

1993 5818 2194 5873 cltiano
2233 5825 2344 5872 tota
2379 5813 2738 5873 desideratur.
