3990 6482
1370 232 1401 255 ο

325 407 465 475 lactt

398 635 420 671 ι
461 615 686 680 σκόπου,
721 613 1046 684 τολμήσειέν
1071 629 1125 666 τι
1169 613 1372 684 πρᾶξαι
1406 614 1506 684 τῆς
1534 612 1902 683 λειτουργίας,

397 730 416 764 ι
463 711 574 764 εἴτε
614 712 641 763 ὁ
671 707 973 772 ἐπίσκοπος
1029 707 1172 762 κατὰ
1221 706 1320 778 τὴν
1358 707 1712 777 προάγουσαν
1788 722 1912 758 συν-

397 819 417 854 ι
464 800 681 872 ήθειαν,
749 800 861 853 εἴτε
907 801 936 851 ό
999 798 1394 870 πρεσϐύτερος,
1426 800 1535 852 εἴτε
1572 797 1600 848 ὁ
1638 796 1905 859 διάκονος,

402 911 422 945 ι
469 893 667 964 μηκέτι
700 891 819 957 ἐξὸν
853 888 996 945 εἶναι
1045 891 1194 961 αύτῷ
1236 891 1361 961 μηδ’
1391 892 1450 943 ἐν
1494 890 1658 960 ἑτέρᾳ
1702 887 1908 958 συνόδῳ

409 1006 428 1038 ι
468 987 658 1041 ἐλπίδα
685 984 1213 1048 ἀποκαταστάσεως,
1239 984 1376 1054 μήτε
1397 980 1700 1048 ἀπολογίας
1720 978 1906 1050 χώραν

395 1103 413 1137 ι
459 1083 626 1153 ἐχειν.
645 1077 807 1132 Ἀλλὰ
833 1077 929 1133 καὶ
951 1077 1077 1140 τοὺς
1104 1074 1502 1137 κοινωνοῦντας
1534 1073 1683 1144 αύτῷ
1701 1073 1909 1136 πάντας

395 1196 416 1230 ι
459 1164 884 1239 ἀποϐάλλεσθαι
913 1170 1014 1241 τῆς
1075 1168 1428 1239 Ἐκκλησίας,
1490 1167 1584 1222 καὶ
1649 1166 1906 1237 μάλιστα,

399 1292 417 1325 ι
457 1273 505 1324 εί
542 1267 808 1339 μαθόντες
833 1266 932 1336 τὴν
959 1266 1238 1334 ἀπόφασιν
1271 1265 1371 1334 τὴν
1412 1263 1553 1318 κατὰ
1585 1265 1693 1314 τῶν
1714 1277 1907 1331 προει-

400 1383 416 1415 ι
463 1361 724 1432 ρημένων
764 1357 1164 1429 ἐξενεχθεῖσαν,
1198 1356 1529 1427 τολμήσειαν
1562 1355 1745 1419 αὐτοῖς
1787 1371 1905 1407 κοι-

308 1512 310 1516 ,
396 1475 415 1508 ι
455 1455 666 1507 νωνεῖν.
700 1468 722 1504 ι

309 1535 315 1606 ξ
391 1547 589 1602 ΒΑΛΣ.
635 1546 696 1598 '0
727 1544 826 1615 μὲν
861 1549 948 1614 κη’
974 1541 1336 1605 ἀποστολικὺς
1370 1539 1552 1595 κανὼν
1579 1539 1906 1612 ἀποκηρύσ-

322 1657 401 1692 σει
431 1638 558 1700 τοὺς
591 1634 1022 1706 καθαιρεθέντας
1054 1633 1302 1697 δικαίως,
1323 1634 1422 1686 καὶ
1450 1621 1736 1703 seems;
1770 1648 1904 1703 προ-

318 1735 484 1804 τέρας
549 1730 836 1802 ἐνεργείας
879 1728 1249 1798 ἁπτομένους·
1300 1730 1329 1781 ό
1380 1727 1438 1780 δὲ
1473 1726 1666 1798 παρὼν
1720 1723 1904 1779 κανών

317 1841 450 1896 φησι
487 1824 562 1894 μὴ
603 1823 751 1894 ἔχειν
790 1821 991 1885 αὐτοὺς
1023 1821 1215 1874 ἐλπίδα
1245 1819 1801 1890 ἀποκαταστάσεωςῆ
1835 1818 1900 1872 δι’

315 1917 654 1988 ἐπικρίσεως
694 1916 890 1986 ἐτέρας
923 1915 1144 1968 συνόδου
1174 1930 1186 1945 δ
1221 1915 1316 1968 καὶ
1351 1915 1478 1976 τοὺς
1509 1911 1902 1976 κοινωνοῦντας

317 2008 531 2072 τούτοις
559 2011 617 2062 ἐν
657 2009 863 2079 είδὴσει
896 2007 1240 2078 ἀποὸλήτους
1278 2001 1419 2061 εἶναι
1449 2007 1514 2060 ἐκ
1534 2005 1634 2076 τῆς
1669 2003 1903 2070 Ἐκκλη-

316 2103 460 2162 σίας.
489 2101 753 2157 Δοκοῦσιν
787 2099 882 2156 οὖν
904 2102 953 2155 oi
991 2104 1215 2164 κανόνες
1253 2101 1330 2172 μὴ
1367 2098 1710 2166 ἐξισοῦσθαι.
1734 2094 1903 2169 Οἶμαι

313 2195 370 2248 δὲ
397 2197 716 2264 συμφωνεῖν
767 2196 827 2248 ἐν
879 2195 1045 2248 πᾶσιν
1109 2192 1330 2257 αὐτούς.
1398 2191 1740 2264 Διορίζονται
1795 2190 1904 2262 γὰρ

315 2286 456 2339 κατὰ
481 2286 575 2339 δύο
607 2289 808 2349 τόπους
843 2285 1174 2350 κολάζεσθαι
1224 2286 1350 2350 τοὺς
1399 2285 1542 2356 μετὰ
1583 2284 1773 2354 ἐντελῆ
1805 2301 1903 2337 καο

313 2380 544 2449 ταδίκην
574 2379 852 2451 ίερατικόν
895 2397 948 2433 τι
983 2378 1368 2450 ἐνεργοῦντας.
1405 2379 1473 2435 Ὀ
1507 2379 1605 2449 μὲν
1637 2373 1732 2431 οῦν
1768 2380 1904 2432 ἀπο-

316 2471 562 2535 στολικὸς
589 2469 771 2525 κανών
812 2487 950 2541 φησι
995 2472 1123 2535 τοὺς
1175 2471 1404 2533 δικαίως
1445 2469 1901 2542 καθαιρεθέντας,

314 2563 484 2633 ἤγουν
517 2563 593 2634 μὴ
636 2564 861 2635 ἔχοντας
899 2563 1156 2634 βοήθειαν
1185 2563 1478 2634 ἐκκλήτου,
1536 2565 1630 2617 καὶ
1675 2564 1905 2634 ἐνεργή..

1413 407 1495 468 1N
1536 404 1699 468 CAN.
1744 403 1821 468 ιν
1861 403 2073 472 CONC.
2114 408 2177 471 ΙΙ
2214 413 2570 484 ANTIOCH.

401 539 421 576 ι
467 521 502 593 ἦ
536 517 978 593 πρεσϐύτεροςῆ
1017 514 1265 583 διάκονος
1300 519 1407 573 ὑπὸ
1454 518 1551 572 τοῦ
1600 517 1734 571 ίδίου
1787 516 1908 570 ἐπι·
1939 528 1984 577 Α

2098 540 2117 574 ι
2150 525 2412 587 diaoonus
2441 547 2472 587 a
2508 533 2727 604 proprio
2759 533 3016 604 episcopo
3055 530 3354 603 depositus,
3389 528 3595 599 aliquid

2091 633 2109 666 ι
2152 616 2219 671 de
2249 619 2552 678 ministerio
2583 637 2744 692 agere
2779 636 2948 677 ausus
2978 619 3185 686 fuerit;
3226 621 3346 675 sive
3382 618 3595 689 episco-

2091 728 2110 760 ι
2152 725 2252 780 pus
2311 716 2608 771 secundum
2666 718 3062 787 praecedentem
3117 713 3592 776 consuetudinem,

2085 823 2104 856 ι
2138 807 2254 862 sive
2283 809 2587 879 presbyter,
2633 812 2748 868 sive
2795 812 3077 875 diaconus,
3099 810 3316 864 -uullam
3361 806 3596 876 amplius

2087 916 2106 951 ι
2142 914 2291 968 spem
2327 899 2691 957 restitutionis
2716 902 2770 956 in
2801 901 2904 958 alia
2939 902 3170 974 synodo,
3200 915 3376 970 neque
3405 899 3591 954 delen~

2083 1008 2103 1043 ι
2139 991 2310 1046 sionis
2337 991 2514 1047 locum
2542 993 2591 1046 ei
2619 993 2816 1050 habere
2839 994 3020 1050 liceat.
3049 993 3157 1050 Sed
3184 1000 3238 1048 et
3263 1007 3470 1052 omnes.
3499 988 3592 1059 qui

2088 1099 2107 1131 ι
2144 1082 2196 1137 ei
2248 1084 2688 1152 communicant,
2736 1101 2802 1141 ex
2864 1086 3108 1142 Ecclesia
3172 1085 3483 1158 ejiciantur,
3537 1094 3594 1138 et

2089 1192 2107 1225 ι
2147 1176 2383 1230 maxime
2416 1175 2461 1229 si
2493 1190 2616 1232 cum
2654 1178 2981 1232 sententiam
3015 1179 3276 1234 adversus
3306 1175 3593 1247 praedictos

2086 1287 2106 1319 ι
2142 1267 2406 1338 prolatam
2437 1270 2748 1338 didicerint,
2781 1271 2861 1326 eis
2886 1270 3290 1326 communicare
3324 1269 3441 1325 ausi
3477 1269 3592 1323 iue-

2086 1379 2104 1411 ι
2142 1371 2267 1415 rtttl.
2311 1379 2330 1412 ι

2079 1547 2278 1603 BALS.
2325 1550 2623 1608 Vicesimus
2649 1553 2866 1622 quidem
2900 1564 3125 1611 octavus
3157 1570 3330 1610 canon
3375 1563 3592 1623 αρυδιυδ

2008 1640 2146 1696 licus
2177 1642 2393 1698 abdicat
2415 1659 2529 1711 eos,
2545 1647 2636 1715 qui
2663 1645 2808 1716 juste
2827 1647 3055 1716 depositi
3078 1647 3298 1713 fuerint,
3327 1656 3382 1702 et
3404 1662 3595 1702 rursus

2008 1735 2156 1804 prius
2190 1737 2551 1792 ministerium
2591 1742 2881 1810 attingunt.
2918 1741 3172 1797 Praesens
3204 1748 3384 1794 autem
3419 1755 3593 1794 canon

2007 1827 2140 1884 dicit
2167 1843 2262 1885 eos
2289 1845 2395 1885 non
2420 1830 2793 1901 habere,spem
2818 1833 3181 1888 restitutionis
3212 1834 3293 1887 vel
3322 1848 3423 1903 per
3447 1833 3594 1901 judi-

2006 1923 2148 1978 cium
2182 1923 2410 1980 alterius
2445 1925 2656 1995 synodi,
2689 1934 2740 1980 et
2775 1940 2890 1990 eos,
2924 1924 3016 1995 qui
3047 1909 3154 1981 illis
3185 1927 3420 1983 scientes
3441 1941 3596 1982 com-

2008 2014 2308 2080 municant,
2341 2031 2408 2071 ex
2442 2014 2688 2071 Ecclesia
2717 2016 2868 2087 cjici.
2897 2019 3161 2074 Videntur
3196 2035 3325 2090 ergo
3357 2035 3597 2076 canones

2013 2121 2120 2163 non
2155 2108 2454 2176 exaequari.
2488 2106 2625 2163 Puto
2667 2122 2848 2164 autem
2891 2125 2984 2167 eos
3014 2110 3068 2166 in
3109 2112 3366 2169 omnibus
3397 2127 3596 2168 conveo

2008 2201 2147 2255 nire.
2203 2198 2480 2255 Deﬁniunt
2521 2201 2688 2267 enim,
2735 2213 2794 2256 ut
2838 2202 3052 2259 duobus
3088 2205 3264 2259 modis
3302 2205 3596 2273 puniantur

2010 2294 2069 2357 ii,
2104 2293 2198 2362 qui
2236 2301 2359 2364 post
2393 2293 2691 2365 perfectam
2735 2296 3245 2353 condemnationem
3279 2297 3484 2366 aliquid
3511 2313 3597 2352 sa-

2006 2384 2282 2441 cerdotale
2311 2396 2594 2443 exercent.
2636 2385 2984 2455 Apostolicus
3029 2388 3214 2458 itaque
3251 2403 3423 2443 canon
3463 2389 3598 2442 dicit

2006 2492 2124 2542 eos,
2159 2475 2250 2547 qui
2283 2475 2429 2544 iuste
2459 2479 2688 2548 depositi
2725 2477 2946 2540 fuerint,
2983 2479 3196 2534 scilicet
3226 2479 3316 2549 qui
3353 2494 3457 2533 non
3492 2477 3591 2531 lia-

2007 2572 2136 2625 bcnt
2183 2571 2565 2642 appellationis
2597 2571 2882 2637 auxilium,
2917 2582 2969 2627 et
3001 2573 3206 2642 aliquid
3255 2575 3597 2629 sacerdotale

317 2672 520 2719 σαντας
580 2656 856 2727 ἱερατικὸν
895 2673 970 2723 τι,
1003 2655 1516 2726 ἁποκηρύσσεσθαι’
1554 2657 1582 2709 ό
1611 2655 1668 2711 δὲ
1711 2654 1904 2726 παρὼν

2029 2675 2282 2732 :xercent,
2314 2666 2575 2721 abdicari.
2607 2665 2856 2722 Praesens
2886 2673 3069 2720 autem
3105 2682 3278 2723 canon
3315 2669 3390 2722 illi
3415 2670 3596 2724 censi-

317 2747 500 2800 κανὼν
531 2747 849 2818 παρομοίως
871 2747 1065 2818 ἐκείνῳ
1095 2747 1313 2819 πρῶτον
1362 2749 1461 2817 μὲν
1501 2748 1799 2820 διορίζεται
1826 2750 1900 2822 μὴ

2029 2757 2244 2824 uiliter,
2297 2759 2537 2827 primum
2583 2759 2799 2829 quidem
2835 2759 3076 2814 decernit
3122 2761 3190 2816 ab
3235 2762 3339 2816 alia
3385 2767 3595 2832 synodo

316 2839 722 2910 προσδέχεσθαι
753 2840 886 2910 παρ’
920 2838 1110 2911 ἐτέρας
1158 2839 1384 2893 συνόδου
1424 2841 1551 2905 τοὺς
1581 2840 1688 2894 ὑπὸ
1745 2842 1902 2896 συνό-

2029 2865 2111 2905 ιοιι
2150 2850 2363 2906 admitti
2399 2866 2512 2916 cus,
2545 2851 2634 2921 qui
2667 2867 2695 2906 a
2733 2853 2975 2921 perfecta
3012 2854 3240 2924 synodo,
3273 2855 3592 2911 Constanti-

313 2932 405 2985 δου
450 2933 663 2997 τελείας
698 2932 1150 3002 καθαιρεθέντας,
1183 2934 1285 3003 τῆς
1345 2936 1404 2986 ἐν
1453 2936 1900 2988 Κωνσταντινουο

2029 2945 2342 3015 lepolitaua,
2374 2945 2525 3000 verbi
2561 2946 2756 3016 gratia,
2791 2947 3022 3014 depositi
3061 2947 3289 3012 fuerint,
3329 2949 3595 3004 adversus

314 3027 467 3079 πόλει
504 3027 691 3095 τυχὸν,
723 3024 849 3078 καθ’
881 3019 948 3096 ἧς
974 3025 1094 3077 οὐδέ
1135 3024 1401 3094 ἐκκλητός
1447 3027 1590 3078 ἐστι·
1620 3025 1716 3078 καὶ
1772 3025 1900 3087 τοὺς

2029 3055 2165 3110 [uani
2220 3055 2327 3094 non
2375 3050 2458 3095 est
2505 3039 2838 3110 appellatio;
2884 3056 2985 3097 nec
3016 3055 3111 3097 eos
3149 3043 3341 3110 etiam,
3377 3043 3466 3111 qui
3511 3043 3594 3098 bis

314 3120 398 3184 δὶς
439 3119 923 3188 ἐκκαλεσαμὲνους
953 3118 1052 3171 καὶ
1103 3117 1440 3188 ἡττηθέντας
1494 3117 1592 3171 καὶ
1635 3118 1774 3188 μετὰ
1837 3119 1900 3172 τὸ

2029 3133 2437 3204 ιρρείιιινοτυηι,
2490 3142 2546 3189 et
2577 3133 2705 3188 victi
2755 3141 2900 3199 sunt,
2936 3141 2991 3189 et
3034 3143 3320 3204 postquam
3357 3133 3596 3202 appella-

314 3211 985 3282 ἀπαγορευθῆναιαύτοῖς
1009 3211 1111 3282 τὴν
1163 3210 1418 3281 βοήθειαν
1480 3210 1577 3281 τῆς
1634 3211 1898 3281 ἐκκλήτου

2033 3226 2174 3281 ionis
2206 3227 2469 3280 auxilium
2510 3226 2588 3281 eis
2614 3226 2939 3296 denegatum
2974 3225 3156 3291 fuerit,
3191 3225 3393 3294 aliquid
3420 3239 3596 3280 sacer-

314 3307 720 3376 ἐνεργήσαντας
747 3304 1027 3374 ίερατικόν
1051 3322 1125 3358 τι.
1158 3300 1292 3359 Εἶτα
1310 3304 1378 3358 δι’
1412 3299 1488 3359 ὧν
1511 3322 1675 3375 φησιν
1706 3305 1903 3360 ἐκϐάλ-

313 3400 505 3454 λεσθαι
542 3400 652 3452 ἀπὸ
697 3397 798 3467 τῆς
847 3397 1177 3468 Ἐκκλησίας
1211 3398 1464 3462 καὶτοὺς
1507 3398 1904 3464 κοινωνοῦντας

316 3495 525 3557 αὐτοῖς,
580 3493 730 3547 δοκεῖ
789 3492 973 3562 λέγειν
1035 3492 1130 3546 καὶ
1188 3491 1614 3563 ἀποκηρύκτους
1663 3492 1905 3561 ὀφείλειν

316 3585 574 3654 γενέσθαι
604 3583 825 3646 αὐτούς.
858 3583 1044 3642 Οὕτως
1087 3583 1430 3654 ὲρμήνευσον
1459 3583 1587 3646 τοὺς
1643 3584 1901 3649 κανόνας,

318 3680 416 3732 καὶ
458 3677 534 3750 μὴ
561 3679 725 3749 εἴπῃς
782 3677 876 3730 τδν
928 3675 1328 3746 καθαιρεθέντα
1391 3675 1496 3730 ὑπὸ
1535 3676 1757 3730 συνόδου
1808 3678 1905 3732 καλΙ

323 3772 518 3841 ἔχοντα
577 3771 830 3842 βοήθειαν
889 3770 1184 3840 ὲκκλήτου,
1255 3768 1588 3842 ἐνεργοῦντα
1627 3769 1906 3841 ἱερατικόν

319 3881 371 3916 τι
409 3863 549 3933 μετὰ
582 3863 683 3933 τὴν
714 3861 1064 3934 καθαίρεσιν,
1095 3861 1488 3933 ἀποκήρυκτόν
1527 3879 1586 3915 τε
1619 3860 1764 3917 εἶναι
1809 3863 1905 3918 καὶ

321 3957 422 4028 τὴν
447 3957 704 4028 βοήθειαν
735 3957 1006 4027 ἐκκλήτου
1034 3956 1315 4022 ἁπόλλειν,
1344 3956 1530 4020 καθώς
1555 3974 1701 4021 τινες
1726 3952 1901 4013 εἷπον.

332 4050 744 4122 Ἐναντιωθήσῃ
785 4053 893 4120 γὰρ
963 4050 1156 4102 κανόσι
1209 4049 1303 4102 καὶ
1352 4051 1542 4119 νόμοις
1598 4050 1902 4120 διαφόροις,

321 4142 720 4214 διοριζομένοις
748 4142 1020 4214 ἀκεραίαν
1051 4138 1199 4212 ἔχειν
1232 4142 1322 4195 τὸν
1364 4143 1776 4212 κατακριθέντα
1805 4141 1904 4215 τὴν

322 4237 536 4290 οίκείαν
573 4236 943 4299 κατάστασιν,
972 4235 1167 4306 μέχρις
1197 4235 1265 4289 ἂν
1298 4235 1393 4290 καὶ
1413 4237 1481 4289 τὰ
1515 4238 1614 4307 τῆς
1634 4235 1903 4306 ἐκκλήτου

320 4329 735 4398 γυμνασθῶσινο
771 4328 1070 4400 ἐξαιρέτως
1111 4328 1169 4381 δέ
1214 4327 1293 4399 τῷ
1346 4328 1389 4381 δ’
1447 4329 1635 4382 κανόνι
1687 4329 1787 4398 τῆς
1849 4331 1907 4383 ἐν

321 4423 563 4492 Σαρδικῇ
595 4421 840 4485 συνόδου,
887 4421 948 4474 ὃν
985 4422 1082 4475 καὶ
1119 4420 1419 4490 ἀνάγνωθι.
1463 4423 1627 4493 Ζήτει
1685 4423 1778 4477 τὸν
1835 4429 1918 4498 ιγ’¹

320 4517 415 4569 καὶ
447 4522 510 4568 ιε’
551 4515 752 4568 κανόνα
791 4516 890 4584 τῆς
945 4514 1234 4587 παρούσης
1277 4515 1523 4583 συνόδου,
1578 4516 1675 4569 καὶ
1714 4518 1811 4588 τῆς
1848 4519 1906 4571 ἐν

321 4609 560 4680 Σαρδικῇ
582 4609 786 4662 κανόνα
820 4607 863 4662 δ’
905 4609 1242 4679 ἀναιροῦντα
1281 4607 1528 4673 τούτους⁶
1564 4612 1657 4663 καὶ
1696 4610 1902 4680 βιϐλίου

318 4699 431 4750 τῶν
496 4697 804 4751 Βασιλικῶν
860 4695 910 4766 γ’
964 4697 1145 4750 τίτλου
1190 4703 1237 4750 α’
1276 4698 1578 4768 κεφάλαιον
1623 4705 1730 4768 με’,
1772 4695 1835 4754 οῦ
1871 4700 1905 4771 ὴ

322 4791 491 4860 ἁρχὴ,
535 4792 605 4846 El.’
634 4809 784 4856 τινες
815 4793 875 4847 δέ
905 4792 1198 4846 ὁσιώτατοι
1247 4793 1563 4847 ἐπίσκοποι·
1595 4795 1689 4849 καὶ
1725 4795 1906 4868 μάθῃς

325 4882 442 4945 πῶς
474 4882 569 4934 καὶ
599 4882 751 4953 παρὰ
793 4883 904 4936 τίσι
937 4883 1252 4949 δικάζονται
1294 4886 1424 4954 περὶ
1477 4886 1906 4957 ἐγκληματικῶν

326 4975 644 5032 ὑποθέσεων
715 4977 1008 5032 ἐπίσκοποι
1087 4981 1182 5033 καὶ
1249 4979 1530 5050 κληρικοὶ,
1605 4986 1699 5038 καὶ
1775 4988 1907 5043 πότε

327 5069 422 5120 καὶ
457 5071 612 5139 παρὰ
657 5070 801 5123 τίσιν
831 5070 1198 5124 ἐκκαλοῦνται
1238 5073 1761 5146 καταδικαζόμενοι.

399 5161 647 5216 ΖΩΝᾹΡ.
687 5164 750 5216 0i
779 5163 882 5232 μὲν
940 5162 1253 5228 ἐπίσκοποι,
1297 5166 1388 5219 ἐπὶ
1435 5168 1748 5241 ἐγκλήμασι
1783 5188 1915 5226 κατ-

333 5253 722 5326 ηγορούμενοι,
758 5256 981 5309 συνόδου
1012 5257 1226 5310 δέονται
1266 5259 1593 5332 δικαζούσης
1649 5268 1742 5319 καὶ
1782 5265 1938 5323 duo:

330 5349 691 5418 φαινομένης⁸
735 5349 784 5401 oi
835 5348 893 5401 δὲ
946 5350 1350 5422 πρεσϐύτεροι,
1397 5355 1493 5405 καὶ
1545 5355 1595 5407 oi
1637 5356 1902 5428 διάκονοι,

333 5441 430 5494 καὶ
473 5443 521 5495 oi
547 5440 783 5512 καθεξῆς
824 5440 1103 5512 κληρικοὶ,
1137 5443 1245 5499 ὑπὸ
1291 5444 1386 5498 τοῦ
1433 5445 1566 5501 ίδίου
1608 5451 1921 5508 ἐπισκόπου

2007 3320 2190 3374 dotale
2217 3327 2495 3373 exercent.
2538 3319 2743 3374 Deinde
2789 3333 2887 3387 per
2922 3317 2976 3372 id
3020 3319 3165 3388 quod
3205 3317 3355 3381 dicit,
3401 3332 3495 3372 eos
3529 3332 3594 3372 ex

2008 3412 2251 3468 Ecclesia
2280 3412 2426 3484 ejici,
2459 3415 2549 3482 qui
2583 3413 2714 3482 ipsis
2743 3427 2864 3467 com
2884 3413 3184 3478 municant,
3220 3410 3420 3466 debere
3449 3412 3596 3481 ipsos

2006 3504 2173 3558 etiam
2208 3503 2487 3558 abdicatos
2535 3503 2651 3556 fieri
2687 3502 2872 3557 dicere
2920 3500 3154 3556 videtur.
3193 3501 3282 3556 Sic
3325 3501 3592 3570 interpr-eo

2010 3607 2130 3653 tare
2164 3611 2441 3662 canones;
2492 3610 2594 3650 nec
2624 3595 2830 3650 dixeris
2872 3609 3019 3660 eum,
3066 3593 3159 3664 qui
3198 3603 3281 3649 est
3318 3608 3349 3648 a
3389 3594 3595 3664 synodo

2008 3691 2307 3761 depositus,
2351 3702 2406 3746 et
2449 3691 2610 3744 habet
2640 3689 2903 3743 auxilium
2952 3686 3351 3758 appellationis,
3397 3688 3440 3741 si
3473 3694 3596 3756 post

2007 3785 2400 3856 depusitionem
2425 3783 2626 3855 aliquid
2653 3783 3006 3848 sacerdotale,
3025 3791 3276 3838 exerceat
3302 3795 3422 3836 esse
3445 3779 3597 3835 abdi-

2008 3889 2214 3946 catum,
2245 3886 2300 3933 et
2347 3877 2730 3948 appellationis
2772 3877 3029 3931 auxilium
3079 3876 3325 3946 perdere,
3371 3882 3429 3930 ut
3462 3889 3597 3928 non-

2008 3973 2137 4029 nulli
2168 3972 2442 4027 dixeruut.
2476 3970 2631 4026 Dices
2659 3970 2803 4024 enim
2831 3970 3185 4039 repugnantia
3214 3979 3268 4023 et
3293 3968 3594 4023 canonibus

2008 4076 2064 4123 et
2114 4065 2346 4120 diversis
2393 4063 2624 4132 legibus,
2677 4077 2798 4132 qua:
2844 4070 3111 4126 statuunt,
3163 4075 3276 4126 eos,
3333 4062 3425 4130 qui
3461 4071 3595 4114 sunt

2009 4156 2357 4213 condemnati
2407 4156 2677 4224 integrum
2719 4163 2773 4207 et
2821 4156 3088 4208 intactum
3127 4162 3331 4208 statum
3369 4152 3591 4218 habere,

2011 4254 2182 4308 donec
2226 4251 2294 4305 de
2346 4248 2708 4319 appellatione
2757 4247 3035 4317 cegnitum
3071 4245 3238 4301 fuerit
3278 4246 3595 4314 :prtecipue

2010 4356 2189 4401 autem
2215 4354 2408 4414 quarto
2432 4357 2640 4398 canone
2665 4340 3007 4397 Sardicensis
3029 4340 3221 4410 synodi
3244 4353 3402 4408 quem
3427 4339 3592 4393 etiam

2010 4441 2149 4510 lege.
2195 4438 2389 4505 Quaere
2421 4440 2585 4492 etiam
2615 4449 2850 4491 canones
2882 4435 2950 4490 l3
2987 4443 3041 4489 et
3087 4433 3156 4487 15
3185 4432 3466 4502 praesentis
3505 4447 3594 4502 sy—

2012 4534 2137 4590 nodi
2161 4545 2214 4590 et
2244 4533 2585 4589 Sardicensis
2611 4530 2799 4601 synodi
2851 4544 3112 4584 canonem
3137 4527 3171 4582 4
3199 4527 3288 4596 qui
3310 4527 3406 4581 bos
3432 4526 3590 4592 tollit;

2012 4639 2066 4684 et
2100 4627 2221 4682 libri
2257 4643 2315 4681 Ill
2351 4624 2708 4682 Basilicorum
2744 4621 2825 4677 tit.
2863 4623 2914 4688 ί,
2951 4635 3069 4690 cap.
3102 4621 3172 4675 Η
3203 4619 3358 4688 Cujus
3388 4618 3592 4689 princi-

2019 4723 2166 4793 pium
2202 4730 2306 4786 est,
2342 4719 2398 4774 Si
2436 4728 2618 4773 autem
2649 4715 2816 4786 aliqui
2853 4713 3182 4768 sanctissimi
3215 4710 3454 4782 episc0pi
3489 4727 3502 4763 :
3543 4721 3598 4763 et

2014 4817 2180 4880 scies,
2210 4815 2481 4885 quomodo
2509 4819 2564 4867 et
2608 4825 2636 4864 a
2667 4810 2864 4880 quibus
2899 4809 2965 4863 de
3005 4805 3188 4863 causis
3221 4802 3598 4860 criminalibus

2009 4913 2326 4982 judicantur
2353 4907 2592 4979 episcopi
2620 4917 2675 4960 et
2698 4904 2916 4968 clerici;
2947 4911 2998 4957 et
3026 4899 3246 4971 quando
3273 4909 3327 4955 et
3350 4915 3378 4955 a
3404 4898 3598 4967 quibus

2011 5004 2348 5076 appellantur
2375 4997 2742 5056 condemnati.

2084 5181 2336 5238 ZUNAB.
2381 5179 2633 5251 Episcopi
2694 5176 2910 5248 quidem
2955 5175 3002 5232 si
3056 5185 3399 5240 accusentur,
3445 5175 3595 5244 ipso-

2013 5291 2133 5332 sum
2158 5289 2378 5330 causam
2409 5288 2439 5326 a
2466 5272 2672 5343 synodo
2693 5267 2996 5326 examinari
3018 5282 3082 5324 ac
3101 5267 3313 5323 deliniri
3340 5273 3552 5335 Oportet
3578 5283 3592 5318 :

2016 5369 2082 5423 de
2121 5365 2453 5439 presbyteris
2485 5379 2636 5429 vero,
2683 5364 2948 5428 diaconis,
2984 5362 3214 5432 aliisque
3247 5357 3595 5416 inferioribus

2015 5461 2230 5516 clericis
2283 5457 2503 5529 proprio
2549 5457 2806 5527 episcopo
2850 5454 3099 5525 judicare
3149 5470 3212 5510 ac
3268 5453 3595 5511 sententiam

1574 5546 1760 5612 Guill.
1791 5553 2117 5636 Beveregii
2145 5561 2340 5618 notes.

330 5641 1112 5730 ptimuspraesentis“synodi
1160 5659 1337 5727 canon
1379 5663 1446 5729 ex
1502 5650 1692 5730 eodem
1731 5655 1926 5714 codice
2025 5667 2351 5730 praesentem
2380 5647 2617 5730 denique
2649 5661 3178 5730 canonem_spec_tat,
3209 5653 3260 5730 is
3293 5667 3319 5705 τι
3362 5656 3594 5710 Concilio

342 5713 620 5787 leguntur,
647 5713 752 5787 sub
811 5716 1035 5787 nomine
1063 5716 1406 5785 nonagesimi
1444 5720 1622 5787 quinti
1661 5733 1715 5778 et
1746 5741 1913 5781 nona-

373 5785 532 5868 csiirii
563 5783 1002 5868 senti-canonis;
1055 5799 1166 5851 quo
1197 5783 1362 5840 etiam
1399 5783 1592 5868 ordine
1622 5794 1685 5868 in_
1719 5811 1917 5868 supra-

377 5855 500 5913 ictis
555 5854 842 5910 codicibus
899 5855 1203 5911 etiamnum
1243 5861 1613 5927 reperiuntur.
1651 5854 1806 5933 Quod
1846 5871 1915 5927 ad

663 5955 904 6018 Parnm
921 5999 935 6018 .
985 5954 1104 6018 GR.
1140 5951 1510 6022 CXXXVII.

2021 5724 2458 5799 Aquisgranensi
2505 5724 2650 5782 anno
2709 5727 2926 5781 Domini
2977 5725 3103 5787 816,
3138 5724 3344 5793 habito,
3379 5740 3444 5782 ex
3473 5741 3596 5782 ver-

2018 5803 2179 5860 sione
2211 5799 2548 5872 Dionysiana
2585 5801 2791 5857 citatur
2825 5807 2880 5855 et
2914 5804 3236 5854 renovatur.

3194 5969 3273 6034 41
