3990 6482
402 400 530 467 1291

1663 386 1941 453 ΤΗΕΟΙ).
1976 384 2375 448 BALSAMON

3511 382 3653 450 H92

403 518 546 571 ferre
573 512 899 584 permissum
938 518 1041 566 est.
1078 506 1233 575 Quod
1280 506 1325 563 si
1371 504 1572 573 injuste
1612 517 1671 560 se
1699 502 1984 559 damnatos

2099 497 2426 567 ςικάζονται,
2476 500 2572 557 καὶ
2619 497 2771 570 αὐτῷ
2819 497 3158 571 ψηφίζεσθαι
3209 499 3442 559 δέδοται.
3504 501 3569 555 Et
3602 500 3660 561 δέ

407 618 727 682 querantur,
774 620 804 659 α
846 603 1267 674 metropolitano
1300 600 1618 675 synodoque
1663 598 1977 669 provincias:

410 718 475 756 ex
509 699 668 769 hujus
697 697 888 769 synodi
921 710 1078 752 sexto
1099 710 1310 751 canone
1330 704 1389 751 et
1421 709 1488 750 ex
1520 692 1861 748 Sardicensis
1893 705 1984 761 sy—

413 793 536 849 nodi
572 806 783 846 canone
806 788 970 845 tertio
997 797 1050 843 et
1079 787 1292 857 quinto,
1323 785 1431 841 lata
1468 788 1537 840 ab
1567 783 1826 853 episcopo
1855 796 1983 835 sen-

409 887 572 941 tentia
628 884 927 943 examinari
971 880 1155 936 debet.
1206 880 1398 934 Exstat
1444 890 1661 947 quoque
1707 877 1774 930 de
1816 889 1879 928 ea
1926 888 1988 928 re

415 970 713 1038 decretum,
740 975 831 1028 lib.
858 988 939 1039 ιιι,
969 972 1122 1026 titulo
1153 973 1203 1037 Ι,
1239 986 1359 1039 cap.
1393 970 1463 1024 22
1494 967 1867 1031 Basilicorum,
1895 980 1986 1020 cu-

402 1067 492 1136 jus
541 1064 807 1128 initium,
855 1062 912 1115 Si
963 1077 1069 1131 qua
1123 1075 1252 1115 vero
1310 1060 1451 1112 inter
1501 1053 1985 1111 revereudissimos

408 1157 649 1224 ejusdem
695 1156 887 1228 synodi
918 1154 1203 1222 epist-opus
1249 1151 1621 1206 controversia
1666 1160 1855 1205 exorta
1891 1148 1985 1204 sit.

410 1248 548 1304 ilinc
594 1250 759 1318 igitur
792 1259 919 1303 sunt
962 1247 1049 1301 illa
1093 1246 1250 1316 hujus
1283 1249 1509 1302 canonis
1547 1244 1751 1297 verba:
1782 1242 1839 1297 Si
1867 1243 1989 1312 quis

411 1343 699 1411 episroiius
732 1358 758 1394 a
786 1342 991 1412 synodo
1019 1340 1315 1408 depositus,
1342 1348 1450 1393 etc.
1485 1337 1720 1406 aliquam
1756 1334 1987 1406 liturgize

413 1442 616 1497 purlettt
654 1431 929 1501 attingere
958 1444 1126 1482 ausus
1160 1428 1321 1481 fuerit
1349 1426 1603 1495 (litnrgia:
1640 1426 1859 1479 nomine
1888 1426 1990 1479 hoc

414 1526 553 1587 loco,
589 1539 695 1577 non
738 1538 1015 1577 sacrorum
1042 1520 1338 1576 celebratio
1373 1519 1745 1587 iucruentique
1776 1515 1989 1571 sacrilio

414 1617 483 1673 cii
511 1616 713 1669 oblatio
737 1615 911 1669 Solum
928 1655 943 1681 ,
973 1613 1066 1668 sed
1091 1626 1283 1667 omnes
1305 1621 1563 1680 pra'terca
1589 1609 1785 1664 summi
1814 1622 1992 1663 sacer-

415 1710 546 1764 dotii
578 1708 885 1763 functiones
912 1707 1303 1775 intelliguntur.
1341 1704 1577 1757 Proinde
1604 1701 1818 1757 etiamsi
1851 1717 1879 1754 a
1907 1715 1995 1756 sa-

344 1785 352 1792 ’
415 1816 507 1853 cro
535 1800 782 1877 faciendo
812 1799 1111 1864 abstineat,
1143 1778 1466 1867 baptismum
1494 1806 1672 1849 tamen
1700 1793 1989 1859 ministret,

415 1896 611 1959 aliave,
639 1872 758 1964 quae
797 1910 863 1949 ex
898 1894 1258 1962 praecedente,
1288 1892 1393 1946 hoc
1424 1900 1529 1954 est,
1559 1889 1853 1943 inveterata
1890 1902 1991 1941 an-
2022 1865 2065 1920 Β

415 1987 562 2056 tiqua
585 1984 749 2058 ωδ
782 1983 1195 2048 consuetudine,
1220 1981 1413 2035 summi
1444 1977 1744 2035 sacerdOtis
1774 1977 1990 2049 propria

416 2079 599 2133 munia
646 2077 795 2149 sunt)
842 2076 926 2131 vel
968 2074 1257 2147 presbyter
1276 2083 1379 2128 aut
1431 2072 1694 2127 diaconus
1742 2069 1992 2141 quamvis

416 2172 617 2242 injuste
640 2187 699 2228 se
722 2172 1035 2226 damnatum
1066 2167 1237 2224 fuisse
1270 2165 1566 2223 contendat
1601 2165 1779 2221 audiri
1815 2164 1993 2218 homi-

414 2281 538 2321 nem
574 2265 631 2320 in
654 2264 826 2319 altera
870 2264 1082 2335 synodo
1127 2270 1185 2317 et
1219 2259 1285 2316 de
1329 2257 1475 2317 illius
1511 2249 1863 2313 damnatione
1895 2256 1997 2310 ite-

418 2374 535 2414 rum
580 2356 697 2427 ipso
726 2356 1041 2424 postulante
1077 2353 1356 2424 cognosci,
1390 2360 1487 2405 aut
1522 2351 1689 2406 alium
1732 2350 1780 2405 ei
1808 2348 1996 2405 defen-

416 2449 589 2505 sionis
619 2448 796 2503 locum
826 2446 1076 2511 concedi,
1103 2461 1172 2500 ne
1207 2446 1392 2500 liceat.
1418 2442 1724 2509 Quinetiam
1758 2439 1996 2511 quicun-

415 2556 547 2612 que,
582 2541 799 2596 illorum
841 2539 1186 2595 damnatione
1208 2538 1443 2606 cognita,
1472 2535 1603 2606 ipsis
1627 2533 1996 2589 communica-

416 2625 615 2698 ve‘rint,
663 2641 1018 2702 segregentur
1052 2637 1107 2682 et
1131 2630 1199 2683 ab
1226 2627 1471 2683 Ecclesia
1511 2626 1875 2696 expelluntur.
1928 2623 1996 2678 Et

416 2740 547 2781 vero
596 2724 863 2795 ejusmodi
902 2722 1176 2777 hominem
1216 2735 1316 2775 suo
1341 2719 1579 2789 seipsum
1617 2717 1825 2774 calculo
1864 2731 1998 2771 con-

416 2820 676 2873 demnare
724 2814 918 2887 synodi
957 2813 1397 2883 Carthaginiensis
1426 2825 1595 2865 canon
1634 2808 1995 2864 undetricesi-

420 2928 541 2967 mus
572 2911 790 2967 asserit.
829 2907 1014 2979 Igitur,
1043 2916 1154 2961 tum
1185 2921 1250 2960 ex
1280 2905 1383 2960 hoc
1406 2918 1649 2970 canone,
1682 2911 1789 2958 tum
1817 2902 1995 2969 exiis,

418 3020 557 3072 quos
581 3018 743 3073 supra
781 3000 1348 3064 conuuemoravimus,
1373 2997 1531 3054 facile
1563 3008 1807 3069 apparet,
1831 2996 1998 3053 licere

417 3097 695 3165 episcopo,
737 3094 828 3163 qui
861 3094 1064 3162 injuste
1122 3107 1181 3147 se
1222 3092 1645 3146 condemnatum
1696 3089 1993 3154 existimet,

2088 611 2258 664 φασιν
2324 593 2631 650 ἀδικεῖσθαι
2697 594 2751 648 oi
2810 594 3341 665 καταψηφισθέντες,
3398 594 3507 650 ὑπὸ
3567 594 3662 648 τοῦ

2087 686 2496 757 μητροπολίτου
2531 686 2629 740 καὶ
2666 687 2765 757 τῆς
2788 687 3013 741 συνόδου
3056 687 3155 758 τῆς
3191 686 3461 758 ἐπαρχίας
3487 688 3523 757 ἡ
3554 686 3664 756 ψῆ-

2087 791 2189 845 φος
2230 781 2541 843 σκοπείται,
2571 779 2716 834 κατά
2748 779 2840 833 τὸν
2875 778 3036 833 ἕκτον
3076 778 3279 833 κανόνα
3317 779 3417 847 τῆς
3439 779 3665 833 συνόδου

2086 869 2316 940 ταύτης,
2354 870 2450 924 καὶ
2505 874 2650 927 κατὰ
2679 872 2771 925 τὸν
2810 873 2995 945 τρίτον
3027 872 3123 927 καὶ
3153 872 3403 941 πέμπτον
3461 872 3668 927 κανόνα

2090 962 2187 1030 τῆς
2228 964 2289 1015 ὲν
2328 963 2570 1035 Σαρδικῇ
2606 965 2851 1020 συνόδου.
2885 965 3026 1036 Περὶ
3064 964 3258 1021 τούτου
3287 965 3346 1019 δὲ
3384 966 3671 1037 νομοθετεῖ

2091 1051 2188 1107 καλ⁸
2218 1050 2430 1122 βιϐλίον
2458 1054 2568 1107 τῶν
2600 1054 2911 1110 Βασιλικῶν
2938 1055 3150 1126 τρίτον,
3206 1057 3312 1111 τίτ.
3364 1062 3435 1123 α’,
3491 1056 3668 1125 κεφά-

2087 1144 2377 1216 λαιον,κβ’,
2401 1139 2464 1200 οὗ
2494 1148 2527 1217 ἡ
2555 1148 2722 1219 ἀρχὴ,
2756 1149 2822 1203 Et
2850 1164 2996 1212 τινες
3034 1149 3092 1203 δὲ
3126 1150 3416 1205 δσιώτατοι
3446 1151 3675 1217 sitione-

2089 1256 2183 1293 ποι
2221 1240 2319 1310 τῆς
2376 1239 2553 1310 αὐτῆς
2612 1241 2859 1307 συνόδου,
2911 1242 3326 1314 ἀμφισδήτησίν
3362 1258 3487 1296 τινα
3530 1244 3673 1312 πρὸς

2088 1330 2358 1402 ἀλλήλους
2391 1333 2589 1402 ἔχοιεν.
2634 1334 2734 1386 Διά
2764 1333 2942 1389 ταῦτα
2976 1334 3163 1389 τοίνυν
3196 1336 3224 1388 ὁ
3270 1334 3463 1405 παρὼν
3487 1332 3675 1387 κανὼν

2092 1418 2271 1477 εἶπενο
2310 1425 2375 1478 Εἴ
2400 1443 2485 1489 τις
2515 1425 2843 1493 ἐπίσκοπος,
2879 1428 2985 1480 ὑπὸ
3030 1428 3248 1480 συνόδου
3293 1427 3673 1498 καθαιρεθεὶς,

2092 1516 2188 1571 καὶ
2235 1518 2303 1571 τὰ
2333 1518 2556 1589 ἑφεξῆς,
2589 1520 2851 1591 τολμήσει
2885 1520 3093 1590 πρᾶξαί
3115 1537 3166 1572 τι
3199 1520 3300 1589 τῆς
3323 1520 3677 1592 λειτουργίας

2093 1610 2466 1682 (λειτουργίαν
2519 1613 2759 1667 ἐνταῦθα
2796 1615 2856 1669 ού
2912 1614 3011 1685 τὴν
3054 1615 3373 1685 ἱερουργίαν
3422 1614 3519 1667 καὶ
3575 1616 3677 1678 τὴν

2092 1702 2318 1773 τελετὴν
2372 1704 2470 1771 τῆς
2511 1704 2862 1774 ἀναιμάκτου
2901 1704 3094 1768 θυσίας
3153 1705 3291 1773 φησί
3328 1706 3524 1774 μόνην,
3560 1703 3677 1756 ἀλλ’

2097 1794 2244 1848 ἅπαν
2273 1796 2670 1866 ἀρχιερατικὺν
2714 1796 2951 1853 δίκαιον.
2987 1798 3107 1851 Κᾶν
3140 1799 3249 1868 γὰρ
3306 1800 3408 1867 οὐχ
3460 1799 3681 1868 ἱερουρ-

2094 1886 2263 1957 Υῆσῖίο
2299 1886 2541 1959 βαπτίσῃ
2565 1889 2643 1955 δὲ,
2682 1889 2930 1960 ῆὲτερον
2964 1890 3167 1961 ποιήσῃ
3199 1890 3455 1961 ἀρχιερεί
3491 1904 3669 1960 προσ-

2094 1977 2252 2045 ἧκον,
2320 1979 2467 2043 κατά¹
2492 1980 2594 2050 τὴν
2622 1982 2978 2051 προάγουσαν
3008 1980 3325 2051 συνήθειαν,
3351 1982 3520 2050 ἤγουν
3535 1979 3682 2033 κατά

2092 2068 2154 2123 τὸ
2186 2071 2470 2141 κρατῆσαν
2510 2071 2739 2128 παλαιὸν
2798 2072 2940 2143 ἔθος)
2992 2074 3025 2144 ἢ
3098 2072 3469 2145 πρεσϐύτερος
3500 2071 3533 2142 ἢ
3564 2072 3682 2124 διά-

2096 2175 2271 2223 κονος,
2308 2159 2387 2232 μὴ
2419 2158 2624 2227 ἐξέστω
2653 2162 2823 2235 αὐτῷ,
2867 2162 2967 2218 κᾶν
2995 2163 3130 2237 λέγῃ
3173 2164 3247 2236 μὴ
3274 2163 3685 2231 καταδικασθῆ-

2096 2269 2207 2318 ναι,
2241 2255 2409 2327 ἑτέρᾳ
2445 2258 2650 2327 συνόδῳ
2681 2259 3117 2330 προσέρχεσθαι,
3147 2260 3247 2312 καὶ
3287 2260 3474 2327 ζητεῖν
3528 2257 3682 2310 δοκι-

2100 2345 2375 2415 μασθῆναι
2403 2346 2501 2418 τὴν
2531 2347 2655 2401 κατ’
2680 2348 2849 2404 αὐτοῦ
2879 2350 3081 2420 ψῆφον,
3114 2350 3253 2421 μηδὲ
3294 2351 3478 2421 χώραν
3512 2347 3684 2402 αὐτοῦ

2096 2437 2399 2507 ἀπολογίας
2435 2442 2804 2513 παρέχεσθαι,
2836 2442 2976 2497 ἀλλὰ
3008 2446 3101 2497 καὶ
3128 2446 3255 2507 τοὺς
3282 2442 3687 2505 κοινωνοῦντας

2096 2530 2303 2597 αὐτοῖς,
2337 2534 2613 2604 μαθόντας
2650 2537 2751 2605 τὴν
2783 2536 2904 2590 κατ’
2944 2538 3130 2591 αὐτῶν
3176 2540 3475 2604 ἀπόφασιν,
3535 2539 3685 2605 ἀφο-

2102 2623 2351 2694 ρίζεσθαι
2382 2628 2474 2679 καὶ⁵
2502 2625 2827 2692 ἐξωθεῖσθαι
2861 2630 2961 2700 τῆς
2987 2628 3344 2698 Ἐκκλησίας.
3376 2630 3483 2682 Καὶ
3532 2630 3560 2679 ὁ
3599 2625 3688 2677 xu‘

2096 2722 2195 2790 τῆς
2226 2723 2284 2774 ὲν
2323 2720 2659 2794 Καρθαγένῃ
2689 2722 2915 2776 συνόδου
2948 2723 3131 2777 κανὼν
3159 2723 3306 2791 λέγει
3341 2723 3689 2776 καθ’ὲαυτοῦ

2097 2814 2189 2868 τὸν
2222 2812 2466 2867 τοιοῦτον
2488 2813 2586 2885 τὴν
2624 2814 2779 2885 δίκην
2822 2819 3185 2886 προαγαγεῖν.
3216 2817 3478 2869 Φαίνεται
3503 2812 3597 2868 οὖν
3622 2818 3692 2867 εκ

2098 2908 2296 2962 τούτου
2327 2907 2421 2963 τοῦ
2454 2911 2683 2972 κανόνος
2730 2912 2825 2963 καὶ
2861 2911 2928 2962 ἐκ
2965 2910 3076 2963 τῶν
3135 2912 3407 2978 ἀνωτέρω
3468 2927 3691 2979 μνημοο

2100 3001 2404 3055 νευθέντων
2462 3003 2547 3056 ὃτι
2608 2998 2791 3066 ἔξεστι
2838 3001 2917 3071 τῷ
2979 3002 3327 3073 δικαζομινῳ
3375 3003 3693 3073 ὲπισκόπῳ,

2099 3093 2407 3149 ἀδικεῖσθαι
2434 3095 2905 3164 ὑπολαμϐάνοντι,
2938 3096 3130 3167 ζητεῖν
3194 3094 3285 3164 ὑφ’
3320 3096 3528 3167 ἑτέρων
3574 3097 3693 3149 δια-

417 3190 557 3244 alios
584 3202 763 3241 causa:
789 3201 898 3241 suae
952 3200 1016 3240 ac
1053 3183 1420 3239 damnationis
1465 3184 1776 3253 c0gnitores
1809 3191 1990 3251 postu-

2102 3188 2522 3259 γνωμονηθῆναι
2552 3188 2650 3259 τὴν
2674 3188 2796 3243 κατ’
2821 3189 2989 3244 αὑτοῦ
3017 3189 3316 3257 ἀπόφασιν.
3356 3191 3465 3241 Καὶ
3486 3189 3516 3240 ό
3542 3194 3599 3241 ιε’
3636 3189 3693 3241 δὲ

418 3280 535 3335 lare
564 3296 579 3334 :
614 3278 867 3349 quamvis
911 3278 1036 3333 huic
1073 3275 1457 3332 constitutioni
1504 3276 1746 3331 decimus
1777 3275 2000 3343 quintus

419 3374 658 3443 ejusdem
693 3370 885 3442 synodi
912 3385 1085 3424 canon
1118 3383 1426 3439 repugnare
1448 3367 1732 3432 videatur,
1769 3366 1826 3419 Si
1858 3366 2001 3435 quis,

422 3466 704 3537 inquiens,
764 3466 1059 3533 episcopus
1105 3464 1409 3531 aliquorum
1477 3461 1761 3514 criminum
1814 3472 1999 3512 coram

418 3557 674 3614 omnibus
722 3558 1019 3627 provincia:
1073 3554 1341 3625 epiSt-opis
1394 3563 1709 3618 accusatus,
1768 3566 2004 3605 consen-

422 3650 792 3718 tientibusque
853 3647 1066 3701 illorum
1127 3644 1397 3711 sullrugiis
1451 3645 1739 3697 damnatus
1797 3642 1998 3708 fuerit,

418 3747 471 3799 is
504 3759 569 3799 ne
603 3743 840 3810 atnplius
866 3741 936 3794 ab
972 3740 1092 3793 aliis
1117 3728 1431 3807 judicetur;
1474 3737 1567 3791 sed
1605 3750 1669 3789 ea
1707 3737 1999 3801 sententia,

424 3848 587 3904 quam
627 3833 1038 3887 consentientes
1070 3829 1365 3896 provinciae
1403 3827 1640 3895 episcopi
1666 3826 1860 3890 tulere,
1888 3838 2000 3879 rata

425 3932 768 3997 permaneat.
801 3921 1069 3978 Videntur
1098 3936 1248 3991 ergo,
1293 3931 1348 3975 ut
1383 3920 1643 3986 diximus,
1686 3920 1737 3972 hi
1764 3933 2001 3975 canones

422 4022 565 4075 inter
591 4034 651 4073 se
678 4018 965 4083 contrarii,
1002 4016 1095 4071 sed
1140 4030 1247 4070 non
1280 4024 1409 4067 sunt
1455 4023 1659 4067 tamen.
1680 4010 1879 4066 Verum
1905 4029 1999 4067 ca-

422 4129 527 4169 non
561 4112 596 4167 4
625 4112 695 4167 de
731 4112 797 4167 iis
825 4112 958 4183 agit,
992 4110 1082 4180 qui
1121 4124 1151 4162 a
1179 4108 1416 4179 synodo,
1457 4108 1559 4162 hoc
1593 4121 1696 4172 est,
1728 4107 1999 4162 sententia

418 4211 490 4263 ab
519 4207 795 4277 aliquibus
813 4205 1105 4275 provincia:
1129 4204 1396 4274 episcopis
1425 4203 1568 4257 inter
1587 4216 1644 4256 se
1668 4205 2000 4257 convenien-

418 4304 565 4358 tibus
596 4302 970 4371 pronuntiata.
1008 4298 1250 4353 damnati
1280 4296 1915 4369 Nerium/quamobrem
1946 4303 2003 4350 et

421 4397 493 4460 ei.
524 4398 616 4464 qui
643 4411 702 4449 se
728 4394 927 4461 injuste
960 4392 1142 4445 laesum
1180 4399 1355 4459 putat,
1388 4391 1454 4444 de
1488 4374 1655 4444 altera
1702 4390 2002 4459 quaestione

2104 3279 2310 3352 ταύτης
2363 3280 2465 3350 τῆς
2499 3281 2719 3335 συνόδου
2782 3281 2962 3335 κανὼν
2988 3280 3374 3335 ἐναντιοῦσθαι
3411 3281 3565 3334 δοκεῖ
3612 3281 3691 3350 τῷ

2105 3374 2340 3443 παρόντι
2364 3374 2573 3438 κανόνι,
2611 3374 2808 3442 λέγων.
2843 3374 2908 3427 Εἴ
2937 3393 3022 3438 τις
3066 3375 3367 3438 ἐπίσκοπος
3394 3377 3489 3429 ἐπί
3514 3392 3689 3445 τισιν

2103 3468 2421 3538 ἐγκλήμασι
2477 3470 2885 3539 κατηγορηθεὶς
2913 3469 3134 3540 κριθείη
3178 3470 3284 3523 ὑπὸ
3324 3470 3547 3524 πάντων
3579 3470 3689 3521 τῶν

2104 3562 2163 3613 ὲν
2205 3563 2270 3631 τῇ
2309 3561 2551 3631 ἐπαρχίᾳ
2611 3562 2952 3629 ἐπισκόπων,
3014 3565 3218 3627 πάντες
3274 3579 3335 3615 τε
3394 3562 3689 3631 σύμφωνον

2106 3651 2240 3721 μίαν
2266 3654 2386 3706 κατ’
2419 3653 2587 3708 αὑτοῦ
2627 3654 2971 3723 ὲξενὲγκοιεν
3001 3656 3206 3726 ψῆφον,
3232 3655 3423 3709 τοῦτον
3486 3658 3631 3725 μηκέ
3644 3674 3687 3708 τι

2104 3742 2237 3812 παρ’
2277 3744 2485 3813 ἑτέροις
2513 3746 2861 3811 δικάζεσθαι,
2896 3748 3036 3801 ἀλλά
3080 3750 3266 3818 μένειν
3301 3748 3531 3818 βεόαίαν
3590 3752 3689 3818 τὴν

2106 3836 2400 3905 σύμφωνον
2434 3838 2544 3892 τὼν
2596 3844 2696 3906 τῆς
2728 3840 3005 3910 ἐπαρχίας
3036 3842 3357 3895 ἐπισκόπων
3382 3843 3685 3911 ἀπόφασιν.

2103 3928 2334 3983 Δοκοῦσι
2361 3931 2461 3999 μὲν
2492 3926 2608 3996 οὗν,
2647 3932 2722 3995 ὡς
2773 3930 3013 4001 εἴρηται,
3051 3935 3290 3987 ἐναντίοι
3331 3935 3588 4006 ἀλλήιοις
3636 3940 3688 3989 oi

2106 4024 2335 4088 κανόνες
2370 4017 2538 4087 οὗτοι,
2586 4024 2688 4077 ούκ
2730 4028 2838 4077 εἰσὶ
2881 4025 2959 4078 δέ.
3009 4024 3149 4079 Ἀλλ’
3177 4030 3205 4079 ό
3276 4029 3377 4097 μὲν
3426 4032 3687 4099 τέταρτος

2106 4116 2289 4171 κανὼν
2340 4117 2474 4187 περὶ
2514 4119 3034 4188 καταψηφισθέντος
3079 4122 3187 4179 ὑπὸ
3230 4123 3458 4175 συνόδου
3492 4141 3685 4192 φησιν,

2104 4211 2274 4279 ἧγουν
2299 4211 2464 4264 τινῶν
2503 4212 2824 4265 ἐπισκόπων
2856 4214 2958 4281 τῆς
2999 4214 3276 4283 ἐπαρχίας
3307 4216 3681 4268 συνελθόντων

2106 4305 2697 4376 καὶάποφψαμένων,
2729 4305 2811 4359 διὸ
2869 4309 2967 4359 καὶ
3020 4307 3205 4361 δίδωσι
3258 4307 3337 4377 τῷ
3404 4312 3685 4377 νομίζοντι

2102 4397 2415 4451 ἀδικεῖσθαι
2445 4398 2630 4470 ζητεῖν
2670 4402 2767 4453 καὶ¹
2800 4400 3064 4467 δευτέραν
3119 4401 3395 4465 ἐξέτασινο
3454 4406 3485 4454 ὁ
3527 4404 3585 4455 οὲ
3626 4410 3687 4454 ιε’

422 4487 752 4540 instituenda
798 4487 1065 4551 integrum
1109 4496 1230 4535 CSse
1266 4480 1510 4535 decernit
1548 4498 1563 4535 :
1606 4489 1659 4531 at
1690 4496 1816 4535 vero
1857 4481 1997 4535 deci-

2109 4488 2240 4558 περὶ
2286 4489 2470 4558 ψήφου
2536 4493 2668 4560 φησι
2734 4492 2890 4562 παρὰ
2951 4493 3176 4546 πάντων
3232 4493 3369 4563 ὁμοῦ
3440 4495 3549 4546 τῶν
3589 4497 3689 4562 τῆς

423 4594 545 4633 mus
572 4578 797 4646 quintus
850 4591 1023 4627 canon
1059 4574 1127 4626 de
1172 4575 1544 4636 damnatione,
1595 4588 1751 4641 quam
1812 4590 1997 4628 omnes

2106 4551 2393 4652 ἐπαρχίας.
2479 4551 2798 4638 ἐπισκόπων

423 4668 907 4740 simulprovincia:
938 4665 1177 4736 episcOpi
1220 4665 1460 4718 unanimi
1492 4680 1762 4719 consensu
1803 4684 1999 4737 appro-

426 4761 644 4824 bavere,
678 4772 763 4814 est
792 4758 1194 4827 intelligendus.
1228 4755 1399 4826 igitur
1433 4754 1865 4825 quntidocuuque
1904 4754 2001 4808 ali-

426 4855 519 4923 qui
543 4868 605 4906 ex
634 4853 902 4922 episcopis
934 4850 1362 4920 provincialibus
1386 4865 1711 4918 queinquam
1745 4848 2004 4901 condem-

427 4943 700 5007 naverint,
729 4944 801 5005 ei,
831 4946 920 5010 qui
946 4944 1234 4995 damnatus
1267 4951 1373 5004 est,
1408 4941 1701 4993 secundum
1740 4941 1804 4994 de
1837 4953 2001 4993 causa

425 5032 784 5101 quaestionem
825 5031 1143 5086 instituendi
1182 5029 1413 5083 facultas
1450 5028 1557 5082 erit
1590 5044 1605 5081 :
1647 5037 1702 5081 at
1742 5029 1785 5080 si
1813 5037 2003 5082 contra

424 5127 662 5193 aliquem
707 5138 896 5178 omnes
930 5122 1169 5190 episcopi
1206 5120 1568 5189 provinciales
1606 5120 2004 5175 consentienti-

427 5223 527 5274 bus
579 5217 778 5273 animis
826 5216 1147 5285 judicarint,
1194 5215 1464 5285 judicium
1525 5214 1651 5269 illud
1707 5215 1753 5269 ei
1813 5223 2006 5267 contra

423 5330 587 5384 quem
637 5312 1043 5383 pronuntiatum
1082 5318 1187 5373 est,
1235 5309 1291 5361 in
1337 5306 1557 5360 dubium
1598 5322 1853 5362 revocare
1890 5322 2009 5359 am-

428 5410 570 5479 plius
620 5423 727 5462 non
783 5404 998 5470 licebit;
1056 5414 1115 5457 ut
1171 5401 1334 5455 facile
1380 5414 1410 5451 a
1458 5400 1737 5452 contrario
1779 5398 2005 5470 intelligi

427 5514 608 5568 queat,
635 5501 679 5554 si
700 5500 879 5553 minus
900 5501 1039 5552 inter
1068 5511 1126 5550 se
1160 5497 1225 5549 de
1258 5494 1606 5548 damnatione
1635 5495 2001 5559 consentiant,

424 5594 671 5664 quamvis
702 5607 892 5649 omnes
921 5591 1083 5646 simul
1113 5585 1499 5652 convenerint,
1526 5596 1655 5642 tunc
1685 5603 1901 5659 quoque
1942 5588 2009 5643 de

426 5687 698 5742 sententia
746 5683 1117 5741 damnationis
1146 5679 1508 5736 examinanda
1540 5683 1610 5737 ab
1648 5694 1735 5749 eo,
1765 5680 1861 5751 qui
1908 5680 2007 5736 da-

416 5881 614 5943 srnodi
644 5878 805 5946 huius
825 5890 1088 5937 canonem
1115 5876 1381 5935 decimum
1411 5880 1683 5944 quartum.

2901 4584 3207 4654 συμφώνως
3254 4576 3684 4657 ’ἐξενεχθείσης.

2108 4679 2273 4730 Ὥστε
2329 4677 2420 4729 ὅτε
2464 4679 2565 4747 μέν
2596 4696 2753 4742 τινες
2814 4681 2925 4734 τῶν
2965 4679 3331 4751 ἐπαρχιωτῶν
3367 4684 3689 4732 ἐπισκτπων

2105 4772 2249 4824 κατά
2300 4787 2446 4832 τινος
2492 4774 2911 4843 ἀποφήνωνται,
2960 4773 3256 4842 δυνήσεται
3316 4776 3361 4826 όν
3391 4774 3687 4826 καταδκα-

2108 4860 2296 4927 σθεὶς,
2342 4860 2436 4913 καὶ
2488 4866 2566 4925 είς
2627 4863 2888 4934 δευτέραν
2938 4865 3167 4933 ζήτησιν
3212 4864 3309 4934 τὴν
3351 4864 3511 4932 δίκην
3561 4880 3689 4913 κατ-

2105 4961 2356 5025 αγαγείνο
2380 4960 2469 5011 ὅτε
2500 4958 2556 5011 δὲ
2591 4960 2639 5012 οἱ
2687 4960 2784 5030 τῆς
2818 4959 3087 5028 ἐπαρχίας
3136 4960 3337 5020 πάντες
3396 4958 3687 5009 ἐπίσκοποι

2106 5050 2251 5103 κατά
2282 5066 2430 5113 τινος
2452 5053 3331 5122 ὁμογνωμονήσαντες-ἁπόεασιν
3389 5051 3686 5119 ποιήσουσι

2112 5144 2432 5213 σύμφωνον,
2511 5145 2699 5197 οὐκέτι
2751 5144 2830 5213 τῷ
2886 5144 3346 5198 καταδικασθέντι
3401 5141 3688 5211 δοθησεται

2106 5238 2263 5291 ἄδεια
2294 5239 2397 5307 τὴν
2426 5235 2606 5307 ψῆφον
2637 5236 2858 5308 ἐκείνην
2896 5238 3282 5291 ἀναπαλαίων
3315 5235 3394 5297 ὡς
3439 5234 3500 5299 ἐξ
3539 5251 3689 5286 αντι-

2107 5327 2395 5400 διαστολῆς
2427 5330 2670 5381 νοεῖσθαι
2706 5331 2790 5383 ὅτι
2812 5327 2917 5382 κᾶν
2954 5332 3161 5393 πάντες
3197 5328 3529 5390 συνέλθοιεν,
3588 5328 3687 5395 οὐχ

2110 5421 2509 5491 όμοφωνήσωσι
2542 5420 2598 5475 δὲ
2638 5420 2890 5491 ἀλλήλοις
2924 5421 3053 5490 περὶ
3080 5422 3182 5490 τὴν
3218 5422 3420 5490 φῆφον,
3464 5418 3686 5484 ἐξέσται

2114 5514 2206 5565 καὶ
2238 5513 2361 5566 τότε
2401 5511 2481 5582 τῷ
2520 5511 3006 5583 καταδικαζομένῳ
3032 5514 3225 5583 ζητεῖν
3271 5517 3370 5583 τὴν
3430 5510 3553 5564 κατ’
3594 5509 3687 5562 αὖ·

2109 5604 2203 5658 τοῦ
2262 5604 2573 5676 τηρηθῆναι
2617 5607 2921 5675 ἀπόφασιν·
2971 5606 3069 5659 καὶ¹
3125 5606 3259 5677 περὶ
3310 5603 3511 5657 τυύτου
3560 5599 3689 5656 ἀνά·

2086 5696 2279 5767 ,γνωθι
2305 5702 2403 5757 καὶ
2430 5701 2524 5756 τὸν
2548 5698 2614 5756 ιδ’
2650 5700 2859 5758 κανόνα
2884 5698 3096 5771 ταύτης
3120 5702 3221 5772 τῆς
3271 5698 3521 5757 συνόδου.

426 5796 642 5840 animus
686 5792 804 5850 ost,
849 5780 1018 5853 quaeri
1038 5781 1241 5836 dicere.
1284 5778 1369 5836 De
1400 5779 1505 5835 hac
1548 5791 1638 5852 re,
1670 5778 1793 5838 vide
1836 5776 1997 5836 etiam
