3990 6482
356 424 491 489 1293

1415 420 1495 481 1N
1536 400 1698 482 CAN;
1735 422 1782 483 ν
1822 418 2032 481 conc.
2074 420 2127 481 II
2161 420 2511 483 ANTIOCH.

3474 422 3611 485 12M

351 541 579 599 ΑΡΙΣΤ.
623 558 641 593 ι
688 539 749 595 Ὀ
779 536 886 592 ὑπὸ
923 538 1144 591 συνόδου
1194 536 1574 609 καθῃρημένος
1607 534 1927 601 ἐπίσκοπος,

2049 535 2262 592 ιιιιδτ.
2310 555 2329 589 ι
2368 537 2665 610 Episcopus
2698 552 2728 594 a
2755 538 2960 610 synodo
2995 538 3307 612 depositus,
3362 540 3408 595 si
3444 554 3606 598 sacra

1137 630 1534 703 λειτουργήσει,
1610 628 1685 699 μὴ
1760 628 1932 699 ἐχέτω

422 655 443 690 ι
482 638 531 690 εί
590 631 1051 703 αὑθαδιαζόμενος

425 745 444 778 ι
482 725 835 779 κατάστασιν.
882 739 903 775 ι

434 819 494 871 ’0
553 817 653 889 μὲν
711 814 894 869 κανὼν
946 808 1101 878 οὗτος
1133 813 1413 884 ὲμφαίνει,
1453 813 1717 878 ὡσαύτως
1761 810 1857 867 καὶ
1904 813 1933 866 6

353 911 654 972 δωδέκατος
688 906 893 975 κανὼν,
928 906 1193 961 δύνασθαι
1224 906 1315 960 τὸν
1349 906 1455 959 ὑπὸ
1482 907 1703 962 συνόδου
1737 906 1931 960 καθαι-

359 1001 587 1072 ρεθέντα
616 999 917 1053 ἐπίσκοπον
949 995 1325 1061 ἐκκαλεῖσθαι,
1358 994 1456 1050 κα)⁸
1484 996 1584 1067 τὴν
1610 997 1731 1050 κατ’
1762 994 1930 1049 αὐτοῦ

353 1093 556 1163 ψῆφον,
590 1093 637 1144 εί
668 1090 853 1152 κακῶς
881 1090 1128 1158 γέγονεν,
1157 1089 1247 1158 ὑφ’
1278 1089 1473 1159 ἑτέρας
1507 1089 1757 1159 μείζονος
1779 1090 1929 1161 διορο

356 1182 579 1237 θοῦσθαι
608 1181 829 1239 συνόδου
852 1196 867 1211 ⁸
898 1183 946 1235 εί
972 1182 1048 1252 μή
1075 1199 1178 1235 που
1204 1183 1231 1235 6
1255 1180 1607 1253 καθαιρεθεὶς
1630 1183 1932 1245 ἐπίσκοπος

354 1274 475 1327 κατ’
510 1272 720 1328 οίκείαν
776 1273 1073 1328 αὐθάδειαν
1129 1273 1237 1345 πρὸ
1279 1274 1623 1346 διορθώσεως
1670 1273 1769 1344 τῆς
1811 1272 1949 1329 κατ’.

353 1365 517 1420 αὐτοῦ
550 1365 881 1434 ἀποφάσεως
903 1365 1194 1436 τολμήσειε
1224 1367 1585 1438 λειτουργεῖν.
1612 1367 1931 1436 Τηνικαῦτα

352 1458 481 1528 γὰρ,
513 1458 634 1511 οὐδὲ
665 1461 715 1511 εί
755 1459 941 1520 κακῶς
979 1457 1130 1525 λέγει
1178 1458 1596 1530 καθαιρεθῆναι,
1649 1454 1930 1513 ἀποκατά-

355 1567 543 1603 στασιν
587 1549 724 1615 ἕξει,
772 1551 805 1620 ἢ
854 1548 1039 1621 χώραν
1091 1551 1388 1620 ἀπολογίας
1420 1551 1704 1623 δευτέρας.
1765 1552 1824 1605 Ὀ
1874 1551 1931 1604 δὲ

354 1638 845 1704 πεντεκα;δέκατος
882 1639 1061 1693 κανὼν
1090 1640 1189 1712 τῆς
1242 1641 1463 1695 συνόδου
1494 1642 1699 1713 ταύτης
1729 1640 1930 1713 φάσκει

351 1730 443 1784 τὸν
466 1731 572 1785 ὑπὸ
596 1730 813 1784 πάντων
833 1732 943 1785 τῶν
965 1733 1023 1785 έν
1043 1735 1108 1804 τῇ
1137 1734 1378 1805 ἐπαρχίᾳ
1398 1736 1716 1788 ἐπισκόπων
1738 1734 1930 1788 καθαι-

355 1823 581 1894 ρεθέντα
609 1824 806 1894 μηκέτι
830 1824 1095 1880 δύνασθαι
1116 1826 1492 1893 ἐκκαλεῖσθαι,
1518 1827 1655 1882 ἀλλά
1679 1827 1777 1899 τὴν
1806 1828 1928 1881 κατ’

2113 647 2131 681 ι
2169 630 2447 684 celebrare
2476 644 2644 689 ausus
2671 630 2854 697 fuerit,
2877 631 3132 688 redeundi
3154 640 3476 703 potestatem
3502 650 3608 691 non

2111 737 2132 770 ι
2164 718 2388 777 habeat.
2414 738 2433 771 ο

2103 810 2205 867 llic
2252 813 2468 881 quidem
2522 827 2740 875 canon,
2797 822 2856 870 ut
2909 824 2964 870 et
3013 830 3190 870 canon
3236 816 3609 883 duodecimus,

2032 904 2273 961 ostendit
2304 905 2620 975 episcopum
2657 920 2685 959 a
2716 908 2923 979 synodo
2948 907 3257 978 depositum
3288 924 3451 978 posse
3487 924 3610 979 pro-

2033 1010 2253 1059 vocare,
2291 1004 2346 1049 et
2376 993 2701 1050 sententiam
2735 1005 2923 1049 contra
2968 1010 3028 1052 se
3063 996 3224 1051 latam
3248 1036 3263 1063 ,
3324 997 3367 1049 si
3412 995 3614 1065 injuste

2034 1085 2172 1140 facta
2210 1084 2334 1151 fuit,
2366 1083 2435 1139 ab
2468 1083 2639 1138 altera
2678 1083 2871 1153 majori
2918 1084 3207 1138 emendare
3237 1084 3469 1155 synodo,
3509 1083 3612 1137 nisi

2034 1176 2256 1232 forsitan
2302 1177 2591 1247 episcopus
2636 1176 2728 1244 qui
2781 1178 3071 1243 deponitur
3108 1192 3203 1247 per
3241 1175 3612 1247 arrogantiam

2034 1284 2188 1325 suam
2224 1280 2351 1324 ante
2394 1268 2680 1325 sententiae
2719 1279 2908 1323 contra
2949 1285 3006 1324 se
3052 1270 3175 1324 latae
3211 1272 3611 1326 correctionem

2033 1348 2188 1417 sacra
2222 1364 2405 1417 facere
2438 1378 2602 1417 ausus
2633 1361 2819 1418 fuerit.
2863 1360 3019 1418 Tunc
3063 1364 3207 1417 enim
3268 1377 3445 1431 neque
3486 1362 3612 1416 licet

2034 1456 2237 1526 injuste
2264 1471 2322 1509 se
2354 1456 2545 1525 deponi
2588 1455 2740 1517 dicit,
2782 1454 3181 1509 restitutionem
3220 1454 3473 1520 habebit,
3513 1469 3612 1509 nec

2032 1549 2286 1611 secundae
2315 1547 2578 1618 apologizn
2598 1546 2800 1602 locum.
2828 1548 2895 1602 At
2921 1549 3163 1603 decimus
3191 1549 3417 1618 quintus
3451 1548 3613 1616 hujus

2033 1640 2223 1712 synodi
2245 1654 2421 1696 canon
2453 1640 2564 1705 ait,
2598 1656 2720 1694 eum
2756 1640 2849 1710 qui
2878 1641 2944 1695 ab
2971 1639 3222 1695 omnibus
3259 1641 3309 1695 in
3335 1640 3610 1707 provincia

2033 1734 2310 1806 episcopis
2359 1734 2651 1805 deponitur
2703 1743 2888 1803 postea
2934 1748 3233 1804 provocare
3278 1748 3384 1788 non
3429 1747 3610 1802 posse,

2032 1828 2126 1882 sed
2154 1827 2475 1883 sententiam
2497 1836 2689 1881 contra
2709 1841 2830 1883 eum
2850 1826 3012 1882 latam
3043 1828 3253 1881 lirmam
3280 1839 3521 1880 manere.
3545 1826 3613 1879 At

351 1915 521 1968 αὐτοῦ
557 1917 836 1984 ἀπόφασιν
865 1917 1051 1987 μένειν
1083 1917 1331 1989 βεϐαίαν.
1384 1919 1442 1972 Ὀ
1468 1919 1524 1973 δὲ
1566 1920 1664 1989 τῆς
1693 1918 1752 1972 ὲν
1784 1920 1927 1991 Σαρ-

2049 1919 2222 1986 synodi
2263 1901 2608 1975 Sardicensis
2651 1927 2883 1988 quartus
2942 1926 2996 1971 et
3040 1917 3267 1987 quintus
3311 1931 3485 1971 canon
3550 1914 3614 1969 li-

349 2005 473 2077 δικῇ
513 2007 734 2060 συνόδου
777 2009 1043 2079 τέταρτος
1091 2010 1186 2062 καὶ
1218 2010 1465 2080 πέμπτος
1526 2011 1709 2063 κανὼν
1743 2011 1928 2065 ἄδειαν

351 2097 536 2151 δίδωσι
576 2099 655 2169 τῷ
689 2098 795 2152 ὑπὸ
837 2099 1060 2155 πάντων
1088 2100 1198 2154 τῶν
1224 2102 1589 2172 ὲπαρχιωτῶν
1613 2104 1928 2158 ἐπισκόπων

352 2187 737 2259 καθαιρεθέντι
798 2192 1089 2262 ἑπισκόπῳ
1121 2191 1500 2258 ἐκκαλεῖσθαι,
1550 2195 1643 2247 καὶ
1696 2193 1801 2247 ὑπὸ
1837 2194 1929 2249 τὸν

354 2279 770 2361 μακαριώτατον
790 2283 885 2355 τῆς
925 2281 1216 2355 Ῥωμαίων
1263 2285 1594 2354 Ἐκκλησίας
1626 2286 1927 2340 ἐπίσκοπον

352 2374 722 2443 καταφεύγειν
789 2377 886 2430 καὶ
941 2378 1079 2448 μηδὲ
1128 2379 1209 2442 είς
1251 2379 1352 2449 τήν
1395 2380 1706 2450 ἐπισκοπὴν
1759 2379 1928 2434 αὑτοῦ

349 2462 685 2536 ψηφίζεσθαι
739 2466 952 2538 ἕτερον,
1012 2468 1209 2540 μέχρις
1260 2468 1327 2524 ἂν
1381 2470 1410 2522 6
1472 2472 1574 2542 τῆς
1638 2469 1928 2540 Ῥωμαίων

353 2556 650 2620 ἐπίσκοπος
695 2557 765 2611 τά
798 2559 897 2629 τῆς
939 2561 1270 2626 ἀποφάσεως
1298 2560 1551 2633 ἐξετάσῃ,
1589 2563 1683 2615 καὶ
1717 2561 1929 2615 τελείαν

353 2649 654 2719 ποιήσηται
693 2650 793 2721 τὴν
826 2651 1119 2721 διάγνωσιν
1138 2667 1151 2682 ·
1181 2652 1276 2706 καὶ
1304 2652 1455 2707 ἐστιν
1502 2654 1537 2724 ὴ
1562 2652 1757 2725 γνώμη
1787 2653 1927 2725 αὔτη

349 2740 667 2815 δικαιοτέρα
697 2742 795 2797 καὶ
829 2742 1342 2816 φιλανθρωποτέρα,
1389 2745 1485 2801 καὶ
1516 2744 1802 2816 κρατοῦσα
1832 2745 1929 2798 καὶ

349 2851 465 2889 νυν.

952 2930 1197 2985 ΚΑΝΩΝ
1249 2932 1326 2987 E'.

356 3038 379 3074 ι
424 3020 490 3074 Et
513 3037 599 3085 τις
642 3021 1018 3094 πρεσϐύτερος
1075 3023 1109 3095 ἢ
1170 3022 1439 3090 διάκονος,
1500 3020 1927 3095 καταφρονήσας

421 3131 441 3165 ι
484 3114 582 3168 τοῦ
615 3116 923 3170 ἐπισκόπου
953 3115 1049 3169 τοῦ
1085 3115 1242 3182 ίδίου,
1280 3114 1560 3187 ἀφώρισεν
1591 3117 1785 3171 ἑαυτὸν
1825 3117 1928 3189 τῆς

423 3224 445 3256 ι
501 3205 854 3277 Ἐκκλησίας,
888 3206 984 3261 καὶ
1020 3206 1125 3278 ἰδίᾳ
1166 3207 1468 3278 συνήγαγε,
1494 3208 1600 3260 καὶ
1631 3207 1928 3283 θυσιαστήρ

423 3313 444 3347 ι
496 3313 609 3366 ριον
662 3294 855 3367 ἔπηξε,
901 3296 993 3349 καὶ
1037 3297 1132 3349 τοῦ
1184 3297 1488 3351 ἐπισκόπου
1542 3298 1925 3368 προσκαλεσα-
1955 3294 1993 3344 ’Ἴ

417 3405 435 3440 ι
486 3390 653 3459 μένου
683 3387 964 3457 ἀπειθοίη,
996 3389 1091 3441 καὶ
1136 3386 1213 3459 μὴ
1265 3386 1511 3459 βούλοιτο
1543 3386 1695 3459 αύτῷ
1738 3389 1927 3443 πείθε-

421 3497 463 3553 ιν
491 3481 635 3545 σθαι,
683 3479 818 3550 μηδὲ
867 3479 1136 3534 ὑπακούοι
1160 3479 1256 3534 καὶ
1284 3480 1503 3552 πρῶτον
1535 3482 1630 3534 καὶ
1674 3480 1929 3552 δεύτερον

425 3592 444 3625 ι
486 3571 766 3639 καλοῦντι,
819 3572 1008 3627 τοῦτον
1058 3572 1449 3645 καθαιρεῖσθαι
1496 3574 1801 3644 παντελῶς,
1831 3575 1929 3630 καὶ

428 3685 445 3718 ι
497 3667 694 3737 μηκέτι
746 3665 1044 3737 θεραπείας
1096 3667 1411 3738 τυγχάνειν,
1475 3667 1615 3738 μήτε
1661 3665 1927 3721 δύνασθαι

425 3778 445 3812 ι
486 3760 786 3830 λαμϐάνειν
826 3761 924 3831 τὴν
976 3759 1171 3813 ἑαυτοῦ
1202 3761 1397 3831 τιμήν.
1430 3759 1496 3813 Ei
1523 3760 1582 3814 δὲ
1612 3760 1927 3831 παραμένοι

418 3870 437 3905 ι
481 3851 729 3923 θορυϐῶν
750 3851 845 3905 καί⁵
864 3850 1184 3905 ἀναστατῶν
1201 3853 1302 3923 τὴν
1345 3850 1698 3922 Ἐκκλησίαν,
1719 3851 1806 3905 διὰ
1829 3851 1927 3920 τῆς

422 3965 440 3997 ι
489 3944 689 4009 ἔξωθεν
739 3944 989 4015 ἐξουσίας
1033 3943 1111 4007 ὠς
1159 3942 1435 4015 στασιώδη
1465 3944 1629 3998 αὐτὸν
1668 3944 1927 4016 ἐπιστρέ-

415 4057 434 4090 ι
480 4037 697 4105 φεσθαι.
734 4054 753 4089 ι

428 4132 629 4184 ΒΔΛΣ.
667 4131 748 4184 Τά
780 4131 920 4185 αὐτὰ
958 4130 1037 4203 τῷ
1068 4130 1418 4203 ἀποστολικῷ
1441 4131 1520 4186 λα’
1554 4132 1738 4185 κανόνι
1764 4132 1859 4186 καὶ
1899 4134 1928 4185 ό

355 4222 546 4294 παρὼν
605 4217 801 4278 κανὼν
831 4223 1165 4295 διορίζεταισ
1201 4225 1297 4277 καὶ
1335 4224 1571 4296 ἀρκοῦσι
1621 4224 1692 4278 τά
1742 4224 1926 4287 ἐκεῖσε

348 4314 657 4384 γραφέντα.
704 4313 1044 4386 Προστίθησι
1077 4313 1134 4367 δὲ
1163 4314 1291 4378 τοὺς
1324 4313 1690 4384 θορυϐοῦντας
1721 4312 1818 4366 καὶ
1850 4313 1926 4384 μὴ

346 4407 689 4476 ὶμμένοντας
742 4410 809 4477 τῇ
845 4407 965 4460 κατ’
1017 4406 1201 4461 αὐτῶν
1226 4407 1527 4475 ἀποφάσει,
1558 4405 1767 4460 ὲντελεῖ
1790 4405 1928 4463 πάν-

345 4517 455 4561 τως
515 4498 674 4571 οὔσῃ,
741 4501 893 4570 ποιρά
951 4500 1049 4569 τῆς
1105 4497 1435 4569 ἀρχοντικῆς
1485 4496 1736 4563 ἐξουσίας
1797 4514 1927 4552 παι-

2030 2010 2265 2067 centiam
2297 2009 2567 2066 dederunt
2591 2009 2846 2080 episcopo
2881 2008 2972 2079 qui
3007 2008 3076 2063 ab
3100 2007 3353 2064 omnibus
3390 2006 3610 2078 provin-

2032 2103 2264 2159 cialibus
2300 2104 2590 2173 deponitur
2616 2103 2892 2174 episc0pis
2940 2115 3262 2172 provocare,
3304 2111 3365 2156 et
3392 2102 3459 2155 ad
3487 2099 3613 2155 bea-

2034 2183 2302 2251 tissimth
2333 2194 2590 2251 Ecclesia:
2630 2194 2893 2251 Romanae
2928 2195 3247 2266 episcopum
3294 2194 3610 2263 confugere,

2035 2304 2134 2344 nec
2161 2294 2214 2343 in
2243 2290 2619 2358 episcopatum
2648 2288 2765 2359 ejus
2796 2289 2965 2344 alium
2994 2289 3131 2359 elegi
3158 2292 3477 2361 priusquam
3502 2286 3614 2341 Ro»

2034 2397 2318 2436 manorum
2373 2382 2659 2452 episcopus
2688 2382 3016 2436 sententiam
3084 2378 3505 2444 examinaverit,
3561 2387 3614 2439 et

2033 2475 2312 2530 decretum
2347 2473 2793 2540 conﬁrmaverit;
2829 2482 2885 2529 et
2924 2473 3041 2529 haec
3082 2471 3302 2543 quidem
3343 2472 3611 2527 sententia

2026 2566 2225 2635 justior
2303 2574 2362 2619 et
2432 2564 2721 2619 humanior
2768 2573 2892 2627 est,
2940 2570 2995 2619 et
3042 2576 3188 2617 nunc
3250 2561 3418 2615 etiam
3474 2560 3614 2621 obti—

2031 2664 2140 2709 net.

2525 2925 2690 3000 ωε
2722 2924 2952 2982 CANON
2998 2924 3061 2979 v.

2036 3036 2060 3069 ι
2092 3018 2147 3074 Si
2173 3017 2294 3089 quis
2316 3029 2615 3090 presnyter,
2642 3020 2722 3073 vel
2742 3019 3027 3085 diaconus,
3057 3016 3279 3088 proprio
3298 3024 3615 3083 contempto

2111 3130 2129 3163 ι
2172 3112 2450 3182 episcopo,
2484 3112 2553 3167 ab
2585 3111 2824 3167 Ecclesia
2854 3111 3095 3182 seipsum
3125 3108 3493 3182 segregaverit
3515 3149 3535 3176 ,
3562 3120 3614 3163 et

2114 3224 2130 3256 ι
2178 3205 2429 3275 privatim
2482 3205 2961 3276 eangregationem
3006 3202 3286 3269 effecerit,
3331 3212 3385 3258 et
3442 3201 3616 3256 altare

2114 3316 2132 3349 ι
2180 3297 2381 3364 ﬁxerit,
2420 3306 2475 3352 et
2506 3299 2764 3368 episcopo
2803 3307 3119 3353 accersente
3160 3312 3266 3351 non
3301 3295 3566 3350 ohedierit
3598 3335 3615 3358 ,

2106 3407 2124 3440 ι
2170 3403 2268 3443 nec
2302 3384 2435 3442 velit
2461 3388 2508 3442 ei
2534 3402 2751 3458 parere,
2798 3403 2896 3444 nec
2929 3402 3133 3443 morem
3161 3386 3397 3459 gesserit
3438 3386 3614 3455 primu

2112 3500 2130 3535 ι
2168 3491 2222 3537 et
2250 3484 2492 3539 secundo
2533 3483 2785 3549 vocanti;
2853 3484 2897 3537 is
2937 3481 3162 3537 omnino
3202 3481 3510 3550 deponitur,
3560 3492 3615 3535 et

2108 3590 2128 3625 ι
2170 3587 2278 3627 non
2324 3574 2559 3642 amplius
2602 3572 2949 3629 curationem
3004 3573 3268 3643 assequi,
3314 3587 3418 3627 nec
3457 3587 3614 3628 suum

2106 3685 2123 3718 ι
2165 3666 2336 3736 possit
2376 3665 2638 3721 honorem
2688 3680 2908 3736 capere.
2965 3665 3023 3722 Si
3072 3677 3255 3722 autem
3301 3676 3619 3736 perseveret

2111 3774 2129 3810 ι
2172 3758 2363 3814 turbas
2401 3765 2456 3811 ct
2495 3757 2818 3814 seditionem
2857 3757 2912 3813 in
2955 3757 3198 3814 Ecclesia
3242 3759 3538 3822 concitare,
3572 3757 3616 3813 is

2108 3869 2126 3904 ι
2166 3864 2261 3921 per
2307 3859 2589 3905 externam
2618 3849 2914 3921 potentiam
2952 3860 3012 3905 ut
3045 3851 3339 3907 seditiosus
3383 3850 3616 3920 castige-

2109 3963 2128 3998 t
2165 3954 2271 4001 lur.

2102 4130 2299 4187 BALS.
2356 4130 2561 4201 Eadem
2614 4144 2738 4186 cum
2796 4144 3007 4185 canone
3066 4131 3367 4198 apestolico
3408 4132 3469 4186 5i
3523 4133 3615 4187 hic
3668 4176 3669 4179 η

2032 4238 2276 4295 praesens
2307 4236 2480 4277 canon
2510 4222 2789 4287 decernit;
2817 4230 2869 4275 et
2904 4218 3177 4275 sull'iciunt
3198 4238 3318 4289 quae
3340 4221 3449 4276 illic
3479 4223 3617 4293 scri-

2028 4327 2121 4386 pta
2152 4326 2301 4370 sunt.
2335 4312 2537 4387 Adjicit
2561 4322 2763 4380 autem,
2797 4323 2855 4369 ut
2887 4323 2942 4368 et
2970 4314 3064 4384 qui
3109 4314 3298 4369 turbas
3344 4314 3612 4382 excitant,

2026 4419 2086 4465 et
2127 4408 2706 4478 sententizejadversus
2745 4422 2841 4464 eos
2873 4406 3031 4473 lake,
3065 4422 3185 4478 quae
3229 4408 3449 4478 quidem
3488 4424 3612 4479 per-

2028 4501 2171 4559 fecta
2228 4510 2337 4568 est,
2394 4515 2503 4555 non
2550 4510 2722 4567 stant,
2756 4515 2852 4571 per
2896 4501 3137 4556 civilium
3192 4502 3609 4571 magistratuum

344 4592 616 4647 δεύεσθαι.
640 4593 801 4645 Ὥστε
818 4591 1122 4663 σημείωσαι
1144 4590 1252 4645 ἀπὸ
1272 4590 1365 4644 τοῦ
1389 4591 1656 4662 παρόντος
1677 4590 1920 4656 κανόνος,

2049 4604 2352 4659 ιοιεειαιοιιι
2401 4593 2764 4664 corrigantur.
2827 4592 3011 4665 Quare
3059 4604 3186 4650 nota
3228 4611 3297 4650 ex
3362 4597 3611 4664 praesenti

344 4682 538 4753 ὥσπερ
586 4686 681 4737 καὶ
722 4683 829 4736 ἀπὸ
859 4684 955 4737 τοῦ
988 4683 1032 4736 θ’
1071 4684 1298 4748 κανόνος
1323 4684 1419 4753 τῆς
1453 4686 1511 4737 ὲν
1542 4682 1621 4753 τῷ
1661 4682 1774 4751 ναῷ
1811 4681 1921 4736 τῶν

358 4773 559 4841 ’Δγίων
595 4775 934 4829 Ἀποστόὶων
959 4774 1232 4845 συστάσης
1258 4774 1503 4838 συνόδου,
1527 4774 1611 4839 ὅτι
1634 4774 1918 4843 ἐπιτιμᾷν,

346 4868 407 4920 ού
462 4867 566 4938 μὴν
624 4866 938 4938 βασανίζειν
992 4867 1041 4920 οἱ
1098 4866 1391 4919 ἐπίσκοποι
1443 4865 1568 4928 τοὺς
1624 4865 1921 4928 πταίοντας

342 4961 643 5030 ὀφείλουσι.
673 4961 769 5032 Μὴ
801 4960 1165 5031 πειθομένους
1217 4959 1325 5029 γάρ
1372 4959 1763 5029 παραδώσουσι
1808 4960 1919 5022 τοῖς

344 5056 597 5133 ἄρχουσι.
619 5055 783 5125 Ζήτει
819 5057 917 5123 τῆς
942 5056 998 5107 ὲν
1036 5052 1372 5126 Καρθαγένῃ
1400 5053 1624 5106 συνόδου
1649 5051 1847 5107 κανόνα
1866 5052 1919 5119 ι’,

345 5147 564 5201 συνόδου
612 5144 665 5211 ς’
721 5148 926 5201 κανόνα.
952 5145 1056 5213 λα’,
1106 5146 1202 5200 καὶ
1246 5143 1466 5197 συνόδου
1518 5150 1567 5200 α’
1599 5144 1697 5198 καὶ
1727 5143 1772 5215 β’
1818 5161 1921 5198 και

343 5241 472 5296 νὸνα
507 5240 598 5310 ιβ’,
635 5238 726 5308 ιγ’,
760 5237 824 5293 ιδ’
854 5238 946 5293 καὶ
978 5243 1059 5294 ιε’.
1094 5238 1378 5309 Σκόπησον
1428 5232 1520 5291 οὖν
1567 5238 1767 5308 μήπως
1810 5237 1921 5303 ἀπὸ

341 5333 438 5393 τοῦ
473 5336 743 5406 παρόντος
775 5334 1000 5396 κανόνος
1042 5334 1138 5393 καὶ
1182 5331 1233 5385 οί
1281 5330 1370 5385 διὰ
1399 5330 1854 5401 πλαστογραφίαν
1886 5330 1919 5400 ἢ

343 5425 676 5481 καθοσίωσιν
732 5425 765 5497 ἢ
802 5423 1172 5496 ἱεροσυλίανῆ
1219 5424 1556 5494 δογματικὴν
1587 5422 1847 5487 ὑπόθεσιν
1885 5423 1919 5494 ἢ

340 5518 511 5589 ἀλλην
540 5517 800 5588 τοιαύτην
823 5515 1009 5570 αἰτίαν
1057 5515 1181 5571 τινά
1222 5516 1677 5587 καθαιρούμενοι,
1715 5517 1810 5571 καὶ
1841 5516 1920 5588 μὴ

342 5609 662 5680 πειθόμενοι
698 5608 990 5680 έξαγορίαν
1018 5605 1291 5678 ’καθαρὰν
1339 5609 1589 5677 ποιῆσαι,
1642 5608 1737 5661 καὶ
1789 5608 1921 5680 περὶ

340 5701 451 5756 τῶν
480 5701 816 5773 συνιστόρων
845 5698 1207 5771 ὁμολογῆσαι,
1255 5700 1644 5768 βασανίζονται
1674 5700 1779 5754 ὑπὸ
1810 5700 1920 5757 τῶν

342 5794 652 5857 πολιτικῶν
699 5792 1002 5867 ἀρχόντων.
1054 5789 1289 5862 Εἴδαμεν
1318 5792 1430 5863 γὰρ
1459 5792 1735 5865 διαφόρως
1759 5791 1918 5862 τοῦτο

340 5895 654 5966 γενόμενον.

2031 4702 2240 4744 eanone
2270 4690 2412 4743 sicut
2439 4687 2604 4743 etiam
2637 4703 2701 4742 ex
2742 4701 2955 4742 canone
2983 4687 3018 4741 9
3045 4687 3237 4758 synodi
3272 4703 3392 4758 qua:
3425 4690 3613 4747 habita

2031 4791 2112 4838 est
2164 4783 2218 4838 in
2280 4782 2397 4837 aede
2455 4779 2875 4851 Apostolorum,
2929 4783 3070 4850 quod
3123 4780 3356 4836 multare
3409 4781 3611 4839 debent

2032 4875 2271 4945 episcopi
2300 4875 2717 4944 delinquentes,
2752 4888 2857 4927 non
2890 4883 3069 4926 autem
3104 4888 3202 4928 eos
3244 4883 3522 4943 torquere.
3557 4875 3646 4952 Si.

2031 4968 2174 5022 enim
2205 4982 2312 5023 non
2348 4974 2597 5035 pareant,
2630 4966 2850 5021 tradent
2888 4965 3142 5021 civilibus
3177 4966 3610 5037 magistratibus.

2035 5057 2178 5125 Lege
2202 5066 2258 5111 et
2280 5055 2732 5126 Cartliaginensis
2763 5057 2950 5127 synodi
2980 5071 3246 5113 canonem
3279 5057 3368 5123 10,
3418 5061 3610 5131 synodi

2032 5158 2201 5206 sexta:
2224 5163 2493 5205 canonem
2531 5148 2593 5202 5|
2622 5156 2678 5204 et
2704 5149 2896 5219 synodi
2928 5152 3119 5221 primae
3146 5159 3202 5206 et
3231 5154 3483 5209 secundae
3516 5168 3612 5209 ca-

2028 5254 2202 5296 nones
2250 5238 2340 5307 12,
2380 5239 2470 5305 15,
2519 5240 2588 5297 11
2617 5248 2673 5295 et
2702 5240 2791 5295 15.
2830 5240 3129 5297 Considera
3157 5257 3309 5314 ergo,
3342 5246 3610 5313 numquid

2030 5334 2198 5391 etiam
2242 5349 2310 5388 ex
2340 5322 2595 5402 prmsenti
2638 5348 2847 5389 canone
2884 5335 2950 5401 2,
2996 5336 3086 5405 qui
3118 5346 3343 5406 propter
3369 5335 3490 5392 falsi
3528 5340 3613 5393 vel

2031 5424 2171 5480 laesa:
2220 5422 2519 5492 maiestatis
2556 5424 2639 5479 vel
2682 5426 2954 5497 sacrilegii
2988 5428 3215 5494 crimen,
3259 5428 3342 5483 vel
3382 5444 3606 5485 causam

2028 5518 2095 5573 ad
2154 5516 2431 5589 religionis
2488 5516 2709 5574 decreta
2762 5522 3171 5589 pertinentem,
3224 5520 3309 5576 vel
3364 5521 3603 5592 aliquam

2027 5610 2295 5680 ejusmodi
2322 5624 2576 5675 causam,
2602 5613 2977 5679 deponuntur,
3010 5628 3108 5668 nec
3141 5628 3275 5682 pure
3318 5614 3502 5687 eloqui
3545 5633 3609 5673 ac

2028 5702 2274 5774 proferre
2302 5711 2356 5757 et
2387 5703 2454 5757 de
2502 5705 2738 5761 consciis
2784 5705 2943 5763 lateri
2971 5706 3392 5777 persuadeatur,
3416 5724 3447 5763 ιι
3478 5711 3611 5767 civi-

2027 5798 2170 5855 libus
2230 5796 2638 5867 magistratibus
2697 5799 2874 5869 pmnis
2933 5796 3323 5870 subjiciuntur.
3391 5800 3608 5859 Scimus

2026 5891 2172 5949 enim
2210 5890 2311 5947 hoc
2335 5892 2484 5948 varie
2515 5891 2655 5951 licri.

2738 6025 2769 6035 σν
