3990 6482
399 418 537 485 P295
1654 416 1925 481 THEOD.
1974 416 2369 479 BALSAMON
3506 412 3645 477 1296

465 535 716 592 ZONAR.
764 537 962 594 Eadem
1028 549 1153 593 cum
1212 546 1528 594 sanctorum
1583 536 1950 606 apostolorum
1988 543 2035 597 Α

2132 532 2368 590 ZONAP.
2397 531 2479 587 Τά
2505 530 2641 589 αὒτά
2679 533 2757 603 τῷ
2785 530 2865 586 λα’
2884 532 3068 585 κανόνι
3099 530 3209 585 τῶν
3242 529 3443 600 ’Λγίων
3485 530 3646 587 Ἀπο-

390 646 601 685 canone
635 632 695 685 5i
732 631 819 687 bic
846 645 1062 700 quoque
1094 645 1268 685 canon
1299 629 1584 697 decernit;
1620 642 1846 700 quaeque
1890 641 1955 681 eo

2071 624 2274 679 στόλων
2306 624 2401 679 καὶ
2436 625 2463 677 ό
2499 622 2683 679 κανὼν
2710 620 2867 686 οὗτος
2909 622 3236 694 ψηφίζεται,
3266 626 3360 676 καὶ
3400 626 3470 678 τά
3494 626 3644 697 είρησ

392 724 492 778 1οοὶ
526 722 784 787 diximus,
832 724 897 776 ad
939 724 1099 790 hujus
1137 721 1293 777 simul
1356 720 1771 791 explicationem
1815 716 1961 774 suﬂi-

2074 716 2215 786 μένα
2239 718 2356 770 ἐκεῖ
2386 718 2478 770 καὶ
2508 717 2645 786 πρὸς
2672 715 2865 769 τοῦτον
2900 715 3224 786 ἀρκέσουσι-
3273 717 3444 769 Πλέον
3489 717 3549 770 δέ
3594 734 3645 771 τι

390 814 562 868 ciunt.
587 812 852 879 Quidtlam
884 826 1009 867 vero
1041 820 1299 879 praeterea
1339 810 1403 865 ad
1437 809 1549 876 illa,
1587 824 1708 880 qua:
1750 822 1961 863 canone

2070 808 2165 862 τοῦ
2193 810 2552 865 ἀποστολικοῦ
2586 809 2811 873 κανόνος
2851 802 3009 871 οὗτος
3050 808 3295 873 διέξεισι,
3322 808 3499 877 λέγων
3520 826 3537 841 ·
3586 811 3646 863 El

396 906 694 973 apostolico
750 904 1133 969 continentur,
1182 903 1274 957 hic
1311 917 1486 957 canon
1538 900 1785 972 adjungit
1814 941 1829 967 ,
1876 898 1961 954 di-

2071 900 2128 953 δὲ
2156 900 2465 971 παραμένει
2502 899 2749 970 θορυϐῶν
2782 899 2877 954 καὶ
2906 900 3228 975 ἀναστατῶν
3264 899 3364 970 τὴν
3417 899 3647 970 Ἐκκλησ

390 1013 558 1053 cens:
602 996 659 1053 Si
692 1011 822 1052 vero
851 996 1113 1052 tumultus
1152 996 1297 1051 ciere
1323 994 1726 1064 Ecclesiamque
1761 994 1964 1048 labefa-

2074 990 2217 1056 σίαν,
2246 990 2334 1044 διά
2385 990 2486 1061 τῆς
2509 988 2707 1057 ἔξωθεν
2757 990 3009 1057 ἐξουσίας
3048 991 3124 1054 ὼς
3174 990 3449 1061 στασιώδη
3481 991 3648 1044 αὐτὸν

392 1098 543 1143 ctare
571 1100 783 1159 pergat,
817 1092 992 1159 ipsum
1027 1088 1096 1142 ab
1124 1096 1345 1141 externa
1374 1094 1640 1155 potestate
1674 1086 1836 1141 veluti
1877 1100 1962 1140 se-

2071 1081 2517 1154 ἐπιστρέφεσθαιο
2549 1083 2608 1136 '0
2630 1082 2719 1135 διὰ
2742 1082 2804 1136 τὸ
2830 1083 3257 1152 παρασυνάγειν,
3278 1084 3434 1153 φησι,
3459 1083 3647 1136 καθαι-

392 1178 646 1235 tlitiosum
673 1180 915 1234 coerceri
942 1178 1135 1249 placet.
1160 1176 1500 1248 Quicunque,
1521 1177 1617 1242 ait,
1636 1177 1704 1231 ob
1728 1191 1963 1232 conven-

2072 1175 2271 1247 ρεθεὶς,
2308 1176 2403 1229 ἐὰν
2440 1176 2540 1246 οὐχ
2571 1174 2861 1244 ἡσυχάζει,
2898 1174 3012 1227 ἀλλ’
3046 1173 3374 1241 ἐπιθορυὸεῐ
3418 1177 3510 1228 καὶ
3548 1191 3648 1226 τας

392 1283 474 1328 tus
510 1273 740 1328 seorsim
783 1272 997 1327 habitos
1045 1271 1389 1340 depositione
1430 1270 1692 1325 multatus
1742 1268 1867 1335 fuit,
1916 1270 1961 1325 si

2075 1265 2267 1333 ράσσει
2296 1265 2396 1336 τὴν
2429 1264 2759 1336 Ἐκκλησίαν
2778 1305 2791 1327 ,
2821 1264 3142 1319 ἀναπατῶν
3176 1265 3369 1334 αὐτὴν,
3398 1265 3649 1317 τουτέστι

392 1380 497 1420 ιιοη
530 1365 798 1433 quiescat,
840 1365 933 1419 sed
968 1364 1021 1418 in
1056 1362 1292 1418 Ecclesia
1336 1364 1599 1417 tumultus
1650 1377 1712 1416 ac
1743 1371 1963 1432 pertur-

2072 1356 2355 1428 διεγείρων
2412 1359 2492 1420 είς
2547 1358 2787 1421 στάσεις,
2829 1357 2919 1411 διὰ
2966 1360 3066 1427 τῆς
3122 1356 3322 1421 ἔξωθεν
3369 1355 3643 1420 ἐξουσίας,

392 1458 632 1513 nationes
666 1458 888 1521 excitet,
919 1470 1035 1512 eam
1067 1454 1421 1519 labefactans,
1452 1455 1555 1510 hoc
1602 1464 1706 1519 est,
1734 1452 1963 1509 seditio-

2077 1449 2171 1519 τῆς
2195 1450 2475 1517 πολιτικῆς
2498 1449 2719 1519 δηλαδὴ,
2738 1449 2812 1511 ὡς
2832 1450 3159 1519 στασιώδης,
3200 1449 3653 1518 παιδευθήσεται,

394 1565 485 1605 nes
535 1551 588 1605 in
634 1565 695 1603 ea
730 1564 1100 1614 commovens,
1138 1557 1376 1602 externae
1418 1546 1742 1616 potestatis,
1788 1545 1963 1600 civilis

2074 1543 2146 1606 ὥς
2177 1545 2243 1597 ἂν
2288 1543 2595 1616 ἐπιστρέψῃ
2636 1545 2773 1615 πρὸς
2826 1543 3143 1613 μετάνοιαν.
3181 1543 3293 1596 Καὶ
3340 1544 3371 1595 ό
3429 1541 3650 1603 ἐννατος

395 1642 666 1707 nimirum,
694 1643 1037 1706 auctoritate,
1065 1651 1121 1696 nt
1143 1656 1199 1696 se
1225 1641 1289 1694 ad
1316 1640 1691 1711 paenitentiam
1713 1640 1958 1706 recipiat,

2074 1636 2129 1689 δέ
2181 1637 2361 1690 κανὼν
2444 1636 2545 1706 τῆς
2599 1638 2656 1689 ἐν
2706 1636 3290 1690 Κωνσταντινουπόλει
3371 1634 3650 1701 συστάσης

394 1731 556 1787 veluti
584 1731 902 1785 seditiosum
933 1730 1181 1784 volumus
1239 1727 1541 1784 emendari.
1572 1726 1962 1781 Constantino.

2074 1728 2294 1781 συνόδου
2350 1728 2408 1781 ἐν
2450 1729 2528 1799 τῷ
2579 1727 2689 1799 ναῷ
2742 1729 2852 1782 τῶν
2893 1726 3097 1796 ’Δγίων
3135 1725 3475 1781 Ἀποστόλων
3524 1726 3650 1795 περὶ

396 1824 645 1893 politanre
704 1831 961 1893 praeterea
1020 1821 1247 1893 synodi,
1292 1821 1344 1873 in
1408 1820 1611 1888 templo
1636 1816 1960 1872 Sanctorum

2074 1824 2179 1878 τῶν
2217 1823 2293 1895 μὴ
2324 1824 2665 1894 πειθομένων
2712 1825 3226 1887 τοίς.ἐπισκόποις,
3264 1823 3402 1893 μηδέ
3424 1822 3495 1875 δι’
3531 1822 3650 1874 ἐπιο

396 1914 770 1982 Apostolorntn
825 1921 1184 1983 congregatae,
1230 1926 1403 1967 nonus
1471 1925 1650 1966 canon
1691 1924 1785 1964 eos
1815 1949 1830 1975 ,
1867 1909 1957 1977 qui

2076 1916 2264 1985 τιμίων
2299 1918 2810 1988 σωφρονιζομένων,
2856 1917 2991 1987 φησὶ
3018 1916 3107 1970 διὰ
3134 1916 3249 1969 τῶν
3292 1916 3434 1968 κατά
3461 1915 3652 1985 χώραν

397 2007 661 2078 episcopis
698 2022 803 2061 non
842 2008 1250 2073 obtemperant,
1297 2016 1472 2074 neque
1520 2003 1685 2057 multa
1753 2001 1956 2055 indicta

2074 2006 2347 2076 ἀρχόντων
2388 2008 2585 2070 αὐτοὺς
2614 2005 3074 2077 σωξρονίζεσθαι.
3110 2006 3276 2058 Ὥστε
3314 2003 3650 2073 σημειωτέον

396 2100 740 2168 resipiscunt,
764 2098 1176 2168 magistratuum
1201 2096 1345 2151 illius
1377 2095 1610 2166 regionis
1632 2108 1795 2178 opera
1818 2107 1972 2147 coer-

2074 2100 2164 2150 καὶ
2195 2099 2260 2150 ἐκ
2299 2098 2393 2150 τοῦ
2440 2104 2480 2151 ε’
2511 2098 2707 2152 τούτου
2750 2099 2975 2161 κανόνος
3006 2097 3090 2152 ὅτι
3129 2096 3511 2168 ἀπηγόρευται
3543 2096 3650 2156 τοῖς

395 2191 589 2246 cendos
606 2206 727 2246 esse
743 2191 1006 2246 decernit.
1035 2190 1111 2244 Ex
1130 2204 1234 2259 quo
1259 2189 1389 2243 illud
1415 2203 1478 2242 ex
1500 2188 1599 2243 hoc
1635 2200 1849 2256 quoque
1870 2200 1967 2239 ca-

2074 2186 2388 2251 ὲπισκόποις
2411 2188 2663 2253 κολάζειν
2685 2191 2822 2253 ὅλως
2840 2190 2995 2254 τινάς
3022 2206 3035 2220 ·
3060 2188 3363 2257 ἐπιτιμίοις
3383 2187 3441 2240 δὲ
3471 2186 3650 2256 μόνοις

397 2298 533 2339 none
568 2284 602 2338 5
630 2285 921 2338 notandum
950 2282 1221 2351 est,fquod
1253 2281 1519 2351 episcOpis
1554 2287 1820 2347 potestate
1858 2279 1973 2333 cui-

2077 2280 2430 2350 σωφρονίζειν
2461 2281 2689 2345 αὐτούς·
2725 2282 2821 2335 καὶ
2856 2282 2911 2334 εί
2963 2280 3039 2351 μὴ
3070 2280 3370 2345 πείθοιντο,
3420 2275 3653 2348 παραδι-

398 2390 553 2444 quam
586 2374 854 2445 supplicia
894 2372 1169 2444 irrogandi
1206 2373 1432 2427 omnino
1465 2373 1813 2427 interdictum
1848 2385 1969 2427 est:

1227 2373 1432 2427 imniuo
1465 2373 1813 2427 interdictum
1848 2385 1969 2427 est:
2071 2371 2221 2424 δόναι
2242 2372 2440 2436 αὐτοὺς
2463 2375 2531 2443 τῇ
2560 2373 2803 2445 ἐξουσίᾳ.

400 2466 489 2525 sed
520 2469 587 2522 ab
616 2468 681 2523 iis
710 2466 894 2523 multm
926 2468 1286 2538 impositioue,
1320 2469 1411 2539 qui
1449 2468 1791 2538 peccaverint
1814 2508 1830 2535 ,
1860 2468 2241 2538 corrigendos;
2286 2483 2349 2524 ac
2382 2470 2637 2539 siminus
2686 2470 2990 2540 paruerint,
3058 2468 3409 2526 saecularibus
3478 2463 3656 2536 magi-

400 2568 660 2622 stratibus
694 2582 818 2623 esse
840 2566 1149 2624 tradendos.

402 2662 623 2719 ARIST.
662 2682 684 2717 ‹
708 2662 898 2719 Omnis
926 2662 1232 2733 presbyter,
1251 2662 1334 2717 vel
1351 2661 1609 2719 diaconus
1640 2635 1972 2733 qui‘episcoo

2076 2657 2295 2715 ΔΡΙΣΤ.
2336 2676 2357 2711 ι
2402 2657 2518 2722 Πᾶς
2548 2658 2577 2712 ό
2614 2658 2921 2713 ἐπισκόπου
2967 2659 3330 2731 καταφρονῶν
3356 2704 3370 2730 ,
3405 2659 3503 2715 καὶ
3552 2662 3652 2730 ἀφν

468 2774 488 2808 ε
521 2770 648 2823 pum
683 2756 1007 2817 contemnit,
1042 2764 1097 2809 et
1148 2754 1219 2809 ab
1260 2769 1325 2809 eo
1364 2753 1590 2821 recedit,
1619 2762 1780 2823 atque
1823 2752 1971 2807 aliud

2145 2770 2163 2805 ι
2210 2752 2501 2820 ιστάμενος
2533 2750 2983 2824 πρεσϐύτερος,ἢ
3019 2752 3288 2820 διάκονος,
3321 2756 3414 2808 καὶ
3440 2754 3651 2809 οἰκοδο-

471 2865 490 2897 ε
533 2846 705 2901 altare
746 2846 997 2909 exstruit,
1049 2845 1093 2899 si
1131 2854 1212 2899 lcr
1249 2845 1316 2898 ab
1351 2845 1606 2915 episcopo
1650 2854 1873 2900 vocatus
1917 2845 1969 2899 itt

2148 2861 2165 2895 ι
2212 2842 2330 2914 μῶν
2380 2842 2508 2897 ἀλλο
2554 2843 2965 2915 θυσιαστήριον,
3031 2845 3104 2912 εί,
3163 2846 3653 2916 προσκαλούμενος

473 2954 494 2987 ε
532 2937 843 3006 arrogantia
873 2937 1141 3006 persistit,
1175 2935 1458 3006 depositus
1478 2939 1587 3007 _sit,
1620 2944 1677 2992 et
1724 2936 1968 2992 curatio—

2146 2952 2165 2985 ι
2204 2935 2327 3005 τρὶς
2359 2938 2513 3005 ποιρά
2539 2934 2632 2988 τοῦ
2666 2934 2993 3000 ἐπισκόπου,
3025 2934 3278 3005 ἐπιμένει
3309 2939 3374 3008 τῇ
3397 2937 3651 3008 ἀπονοία,

475 3047 495 3081 ι
534 3028 617 3083 nis
642 3043 737 3099 spe
759 3028 1068 3083 destitutus.
1095 3046 1114 3079 ι

2151 3042 2171 3077 ε
2217 3025 2657 3097 καθαιρούμενος
2688 3027 2849 3093 ἔστω,
2887 3029 2983 3080 καὶ
3014 3026 3414 3098 ἀθεράπευτος.
3445 3046 3465 3080 ι

469 3118 621 3175 Talis
670 3122 982 3190 episcopum
1033 3121 1327 3192 impietatis
1383 3132 1476 3177 aut
1520 3120 1803 3193 iniustitia:
1853 3137 1960 3177 non

2144 3116 2205 3170 Ὀ
2229 3118 2494 3189 τοιοῦτος,
2554 3120 2721 3188 μηδὲν
2775 3120 3144 3188 κατεγνωκὼς
3198 3120 3293 3174 τοῦ
3342 3122 3652 3175 ἐπισκόπου

404 3214 786 3279 condemnatis,
815 3222 873 3266 ut
903 3214 1210 3268 tricesimus
1245 3214 1453 3285 primus
1492 3225 1806 3269 sanctorum
1838 3230 1972 3285 apo-

2080 3207 2334 3282 εὐσεϐείᾳ
2381 3211 2476 3264 καὶ
2506 3210 2850 3283 δικαιοσύνῃ,
2896 3212 2968 3276 ὡς
2998 3214 3030 3266 ὁ
3053 3214 3380 3284 τριακοστὸς
3434 3216 3652 3285 πρῶτος

404 3304 666 3360 stolorum
696 3320 869 3359 canon
904 3305 1116 3370 statuit,
1146 3309 1238 3360 sed
1270 3306 1521 3376 Superbia
1556 3317 1609 3362 et
1631 3306 1773 3361 fastu
1802 3306 1975 3362 elatus

2081 3301 2264 3355 κανὼν
2317 3302 2428 3355 τῶν
2486 3304 2658 3371 ἁγίων
2713 3304 3031 3358 ἀποστόλων
3081 3306 3471 3375 διαλαμδάνει,
3538 3305 3653 3360 ἀλλ’

404 3409 550 3465 iuxta
587 3396 854 3451 decimum
885 3399 1075 3467 synodi
1107 3398 1553 3471 Carthaginensis
1593 3413 1851 3454 canonetn
1876 3438 1891 3463 ,
1931 3399 1975 3454 si

2081 3393 2433 3465 ὑπερηφανίᾳ
2469 3394 2563 3448 καὶ
2609 3394 2764 3465 τύφῳ
2810 3398 3080 3467 ἐπαρθεὶς
3128 3399 3269 3451 κατὰ
3314 3399 3402 3450 τὸν
3427 3398 3653 3451 δέκατον

405 3488 642 3559 seipsutn
663 3489 729 3543 ab
748 3487 989 3544 Ecclesia
1018 3493 1375 3561 separaverit,
1408 3502 1460 3546 et
1479 3492 1620 3547 aliud
1645 3494 1813 3547 altare
1829 3503 1977 3547 stru-

2079 3485 2278 3538 κανόνα
2304 3485 2402 3552 τῆς
2441 3486 2499 3538 ἐν
2548 3486 2879 3560 Καρθαγένῃ
2913 3488 3155 3553 συνόδου,
3182 3493 3229 3541 εἰ
3276 3490 3652 3560 ἀφώρισεπῆς

405 3579 575 3642 xerit,
618 3587 671 3632 et
718 3579 967 3648 populum
1007 3582 1107 3634 sibi
1143 3582 1430 3635 attraxerit
1475 3583 1684 3651 privata
1717 3597 1979 3652 peragens

2092 3573 2420 3644 Ἑκκλησίας
2453 3575 2670 3637 ἑαυτὸν,
2700 3578 2793 3629 καὶ
2821 3578 3212 3649 θυσιαστήριον
3236 3579 3427 3650 ἕτερον
3459 3580 3652 3650 ἔπηξε,

406 3669 798 3732 conventicula,
842 3682 1025 3738 postea
1075 3681 1156 3723 ter
1183 3671 1251 3723 ab
1284 3672 1539 3741 episcopo
1568 3683 1818 3734 vocatus,
1872 3688 1976 3727 non

2080 3666 2176 3719 καὶ
2205 3664 2334 3719 λαὸν
2364 3666 2454 3736 ὑφ’
2474 3666 2670 3719 ἐαυτὸν
2701 3666 2976 3733 εἵλκυσεν,
3013 3669 3151 3732 ίδίας
3181 3673 3433 3734 συνάξεις
3462 3671 3652 3723 ποιού-

407 3770 610 3810 morem
644 3760 893 3825 gesserit,
920 3759 1013 3813 sed
1046 3760 1100 3812 in
1125 3758 1444 3815 confusione
1472 3762 1752 3825 manserit,
1784 3746 1978 3831 digitus

2084 3773 2265 3829 μενος,
2294 3753 2412 3811 εἶτα
2460 3759 2758 3827 τρισσάκις
2789 3763 2943 3830 παρά
2984 3760 3080 3814 τοῦ
3115 3764 3421 3815 ἐπισκόπου
3452 3765 3650 3816 καὶούο

407 3856 487 3902 est
511 3848 600 3916 qui
630 3848 851 3903 omnino
882 3850 1202 3918 deponatur,
1230 3858 1287 3904 et
1322 3865 1427 3905 non
1460 3851 1691 3921 amplius
1716 3859 1897 3922 speret
1919 3867 1979 3908 se

2083 3866 2265 3920 μενος,
2295 3851 2569 3923 ἀπειθοίη,
2598 3853 2692 3906 καὶ
2725 3854 2976 3922 ἐπιμένοι
3007 3858 3070 3925 τῇ
3092 3856 3289 3925 ἀταξία
3312 3871 3325 3883 ·
3356 3856 3510 3920 ἀξιός
3537 3858 3651 3908 ἐστι

324 3948 333 3956 ·
408 3939 742 3993 curationem
780 3954 1015 4009 unquam
1052 3950 1425 3996 assecuturum
1457 3950 1513 3997 et
1536 3943 1798 3998 honorem
1821 3956 1900 3997 sui

2081 3941 2363 4005 παντελῶς
2397 3943 2797 4014 καθαιρεῖσθαι,
2833 3945 2927 3999 καὶ
2964 3946 3166 4018 μηκέτι
3211 3947 3462 4011 ἐλπίζειν
3491 3948 3651 4016 θερα-

411 4039 836 4099 resuutptut‘um.

2081 4034 2245 4098 πείας
2287 4037 2497 4105 τυχεῖν,
2525 4038 2621 4092 καὶ
2648 4035 2748 4107 τὴν
2788 4038 2987 4092 ἐαυτοῦ
3033 4038 3202 4110 τιμὴν
3253 4040 3649 4095 ἐπαναλαϐεῖν.

914 4120 1075 4195 437
1112 4120 1341 4179 cauos
1382 4121 1469 4178 Vl.

2674 4127 2925 4181 KANQN
2956 4127 3048 4196 ς’.

426 4231 448 4266 ι
487 4213 543 4269 Si
575 4215 698 4285 quis
725 4214 758 4269 it
793 4221 1012 4288 proprio
1040 4218 1292 4288 episcopo
1320 4216 1419 4271 fuit
1444 4217 1975 4285 excommunicatus,

2089 4232 2110 4269 ε
2153 4215 2220 4271 El
2246 4233 2332 4281 τις
2358 4216 2465 4272 ὑπὸ
2488 4217 2585 4273 τοῦ
2614 4220 2747 4275 ίδίου
2803 4222 3106 4275 ἐπισκόπου
3159 4223 3526 4295 ἀκοινώνητος
3559 4226 3650 4292 γέο

477 4323 498 4361 ι
534 4322 601 4361 ue
631 4310 781 4376 prius
810 4312 877 4364 ab
906 4309 1029 4365 aliis
1055 4310 1382 4379 suscipiatur
1403 4309 1529 4378 (nisi
1560 4325 1591 4365 a
1615 4310 1833 4381 proprio
1854 4324 1981 4366 sus-

2160 4326 2180 4361 ε
2224 4324 2374 4377 γονε,
2408 4309 2485 4381 μὴ
2515 4312 2784 4382 πρότερον
2806 4312 2971 4366 αὐτὸν
3000 4313 3131 4383 παρ’
3167 4315 3371 4382 ἐτέρων
3395 4316 3651 4385 δεχθῆναι

468 4419 492 4455 ι
534 4412 722 4472 ceptus
742 4399 912 4456 fuerit
940 4401 1216 4472 episcopo)
1243 4416 1408 4471 quam
1428 4402 1567 4457 facta
1596 4401 1805 4474 synodo
1826 4415 1981 4458 acce-

2161 4420 2181 4454 ι
2228 4401 2301 4473 (εί
2335 4402 2411 4473 μὴ
2442 4402 2535 4457 ὑπ’
2586 4402 2756 4456 αὐτοῦ
2785 4402 3002 4476 δεχθείη
3034 4404 3289 4458 τοῦίδίου
3324 4406 3653 4473 ἐπισκόπου)

480 4512 501 4545 ε
540 4496 672 4549 deus
702 4508 763 4549 se
791 4488 1114 4559 defenderit,
1162 4502 1218 4548 et
1263 4508 1521 4564 persuasa
1551 4496 1778 4565 synodo,
1814 4495 1976 4549 aliam

2158 4514 2177 4547 ι
2226 4493 2261 4564 ἢ
2292 4494 2516 4549 συνόδου
2547 4494 2849 4566 γενομένης
2875 4495 3203 4566 ἀπαντήσας
3219 4496 3650 4567 ἀπολογήσεται,

476 4603 497 4637 ι
532 4585 855 4640 sententiam
885 4583 1153 4640 retulerit.
1186 4584 1335 4640 Idem
1365 4595 1544 4641 autem
1572 4588 1845 4642 decretum
1878 4590 1974 4642 ad-
2002 4594 2052 4656 ι)

2161 4603 2181 4639 ι
2228 4587 2427 4651 πείσας
2485 4603 2547 4640 τε
2601 4586 2700 4658 τὴν
2759 4587 3000 4654 σύνοδον,
3053 4589 3403 4654 καταδέξοιτο
3460 4590 3652 4659 ἑτέραν

468 4692 497 4727 τ
532 4690 722 4731 versus
753 4676 922 4731 laicos
941 4684 995 4731 et
1027 4677 1379 4747 presbyteros
1406 4687 1460 4732 et
1485 4678 1765 4746 diaconos,
1788 4688 1842 4734 et
1870 4694 1982 4734 om-

2163 4696 2182 4730 ι
2224 4679 2521 4748 ἀπόφασιν.
2564 4680 2624 4735 '0
2669 4679 2830 4744 αὐτὸς
2885 4680 2943 4734 δέ
2991 4681 3117 4752 ὅρος
3167 4682 3265 4735 ἐπὶ
3306 4682 3515 4736 λαῖκῶν
3562 4683 3652 4735 καὶ

470 4783 497 4819 λι
531 4781 628 4823 nes
662 4768 752 4836 qui
778 4777 907 4823 sunt
932 4768 987 4823 in
1019 4768 1150 4824 cieri
1173 4769 1809 4841 catalogo,-observetur.
1847 4787 1866 4821 ι

2158 4787 2179 4821 ε
2226 4769 2615 4842 πρεσϐυτέρων
2647 4773 2744 4826 καὶ
2787 4771 3054 4826 διακόνων
3081 4774 3175 4826 καὶ
3207 4772 3430 4827 πάντων
3454 4773 3567 4827 τῶν
3595 4774 3652 4826 ἐν

2160 4880 2179 4914 ε
2226 4862 2306 4934 τῷ
2351 4863 2537 4934 κλήρῳ
2569 4864 3021 4934 καταλεγομένων
3048 4866 3343 4935 κρατείτω.
3381 4884 3401 4919 r

482 4943 679 5001 BALS.
711 4946 783 5001 De
818 4946 906 5013 iis,
932 4960 1052 5016 quae
1074 4949 1178 5002 hoc
1202 4962 1409 5003 canone
1429 4949 1979 5018 comprehenduntur,

2157 4955 2358 5010 ΒΑΛΣ.
2393 4956 2530 5026 Περὶ
2562 4955 2671 5010 τῶν
2698 4958 2758 5009 ἐν
2782 4957 2858 5027 τῷ
2890 4958 3076 5010 κανόνι
3113 4957 3290 5029 τούτῳ
3326 4959 3655 5030 περιεχομέ-

408 5038 549 5093 satis
597 5038 917 5107 scripsimus
955 5040 1007 5092 in
1053 5040 1172 5094 aliis
1204 5041 1436 5096 diversis
1480 5042 1796 5107 canonibus,
1845 5052 1901 5096 et
1928 5042 1981 5095 in

2083 5064 2191 5100 νων
2227 5048 2429 5111 ίκανῶς
2460 5048 2785 5120 ἐγράψαμεν
2811 5049 2870 5101 ἐν
2909 5066 2969 5102 τε
3018 5051 3200 5115 ἀλλοις
3230 5051 3420 5105 κανόσι
3461 5052 3653 5121 διαφό-

410 5128 731 5184 duodecituo
757 5139 809 5183 et
842 5132 999 5185 tertio
1028 5132 1234 5186 decimo
1264 5149 1385 5187 can.
1421 5133 1737 5202 apostolico.

2088 5156 2202 5211 ροις
2237 5140 2331 5193 καὶ
2364 5142 2424 5193 ἐν
2448 5141 2525 5210 τῷ
2562 5140 2630 5210 ιβ’
2662 5142 2758 5194 καὶ
2794 5140 2860 5212 ιγ’
2882 5144 3232 5216 ἀποστολικῷ
3265 5148 3471 5199 κανόνι.

468 5221 735 5277 ΖΟΝΑΒ.
773 5222 927 5278 Multi
961 5226 1025 5278 de
1060 5227 1162 5279 hac
1195 5240 1407 5295 quoque
1459 5241 1517 5281 re
1572 5223 1806 5282 canones
1851 5225 1982 5281 editi

2157 5232 2405 5286 ΖΩΝΔΡ.
2455 5233 2566 5285 Καὶ
2596 5234 2728 5304 περὶ
2759 5233 2965 5304 ταύτης
2992 5236 3092 5305 τῆς
3122 5235 3437 5299 ὑποθέσεως
3465 5236 3653 5290 πολλοὶ

410 5325 565 5379 sunt;
596 5331 659 5369 ac
684 5330 778 5383 per
801 5329 883 5380 ea,
918 5333 1037 5385 qua:
1071 5320 1119 5370 in
1160 5318 1279 5372 illos
1312 5319 1570 5386 diximus,
1602 5320 1760 5389 hujus
1784 5319 1947 5374 etiam

2081 5324 2401 5389 διετάξαντο
2454 5325 2718 5389 κανόνεςο
2749 5326 2846 5379 καὶ
2886 5325 2923 5379 ἀ
2956 5326 3172 5398 εἴρηται
3203 5331 3263 5381 ἐν
3292 5329 3527 5392 ἐκείνοις
3557 5331 3653 5382 καὶ

420 5407 759 5474 explicationi
801 5408 1147 5463 satisfactum
1181 5411 1533 5465 arbitramur.

2084 5418 2165 5479 είς
2192 5416 2291 5487 τὴν
2324 5415 2417 5470 τοῦ
2449 5417 2721 5487 παρόντος
2751 5417 2982 5487 ἀρκοῦσι
3016 5420 3335 5488 σαφήνειαν.

419 5495 640 5552 ARiS'l‘.
679 5515 697 5549 ι
728 5496 1277 5551 Ετεοιιιιυιιηὶευιυω
1292 5500 1378 5553 «ab
1413 5501 1670 5569 episcopo
1716 5501 1981 5558 clericum

2083 5508 2306 5562 ΑΡΙΣΤ.
2356 5526 2375 5560 ι
2422 5508 2528 5561 Τὸν
2556 5503 2921 5579 ἀφορισθέντα
2970 5511 3101 5583 παρ’
3131 5511 3435 5564 ἐπισκόπου
3465 5514 3655 5583 κληρι-

487 5607 507 5642 ι
530 5590 582 5644 si
621 5589 795 5660 major
825 5590 1065 5661 synodus
1096 5591 1419 5659 susceperit,
1468 5594 1555 5646 vel
1586 5595 1985 5652 condemnave-

2165 5619 2185 5653 ι
2228 5600 2344 5666 κὺν,
2383 5602 2480 5654 ἐὰν
2513 5600 2713 5671 μείζων
2744 5600 2964 5662 σύνοδος
2998 5602 3365 5671 προσδέξοιτο,
3392 5606 3427 5674 ἢ
3483 5620 3654 5657 κατα-

482 5699 507 5734 ι
542 5681 633 5747 rit,
664 5684 944 5738 sententia:
974 5683 1308 5752 acquiescat.
1353 5701 1375 5736 ι

2164 5707 2184 5742 ι
2230 5692 2458 5762 κρίνειε,
2494 5695 2769 5762 στεργέτω
2794 5690 2890 5763 τὴν
2918 5692 3240 5761 ἀπόφασιν..
3275 5713 3295 5748 ι

478 5772 587 5839 Qui
616 5773 773 5844 ligat,
800 5784 863 5828 et
894 5774 1106 5835 solvere
1156 5783 1352 5845 potest.
1387 5774 1591 5831 Idcirco
1616 5778 1872 5837 clericum
1915 5782 1983 5841 ab

2171 5782 2228 5837 '0
2256 5783 2426 5853 δήσας
2451 5786 2545 5837 καὶ
2573 5784 2721 5839 λύειν
2761 5784 3007 5838 δύναται.
3059 5786 3161 5840 Διά
3211 5786 3375 5842 τοῦτο
3403 5790 3538 5858 γοῦν
3563 5793 3656 5848 τὸν

421 5866 666 5933 episcOpo
704 5868 889 5935 poenis
933 5869 1279 5941 subjectum,
1327 5875 1382 5927 et
1426 5882 1818 5943 segregatum,
1871 5890 1977 5932 non

2082 5875 2488 5949 ,ἐπιτιμηθέντα
2529 5876 2665 5947 παρ’
2709 5876 3013 5932 ἐπισκόπου
3071 5876 3356 5952 κληρικδν,
3405 5883 3499 5938 καὶ
3549 5888 3653 5949 ἁθ-

2918 5976 2949 5985 ,κ
