  <div class='ocr_page' id='page_1' title='image "/cluster/home/n/w/nwhite01/storage/ocr_20150623/137/hvd.32044020166120/710.png"; bbox 0 0 3990 6482; ppageno 0'>
   <div class='ocr_carea' id='block_1_1' title="bbox 354 400 3608 472">
    <p class='ocr_par' dir='ltr' id='par_1_1' title="bbox 354 400 3608 472">
     <span class='ocr_line' id='line_1_1' title="bbox 354 400 3608 472; baseline 0.002 -12"><span class='ocrx_word' id='word_1_1' title='bbox 354 401 487 464; x_wconf 67' lang='grc'><strong>1997</strong></span> <span class='ocrx_word' id='word_1_2' title='bbox 1363 405 1448 467; x_wconf 82' lang='grc' dir='ltr'>ΙΝ</span> <span class='ocrx_word' id='word_1_3' title='bbox 1486 405 1654 468; x_wconf 80' lang='lat' dir='ltr'><strong>CAN.</strong></span> <span class='ocrx_word' id='word_1_4' title='bbox 1692 405 1841 471; x_wconf 82' lang='lat' dir='ltr'><strong>VIII</strong></span> <span class='ocrx_word' id='word_1_5' title='bbox 1880 406 2087 471; x_wconf 79' lang='lat' dir='ltr'><strong>CONC.</strong></span> <span class='ocrx_word' id='word_1_6' title='bbox 2121 407 2180 470; x_wconf 86' lang='lat' dir='ltr'><strong>II</strong></span> <span class='ocrx_word' id='word_1_7' title='bbox 2203 406 2558 472; x_wconf 73' lang='lat' dir='ltr'><strong>ANfl‘IOCH&#39;.</strong></span> <span class='ocrx_word' id='word_1_8' title='bbox 3468 400 3608 467; x_wconf 68' lang='lat'><strong>1238</strong></span> 
     </span>
    </p>
   </div>
   <div class='ocr_carea' id='block_1_2' title="bbox 354 519 1943 599">
    <p class='ocr_par' dir='ltr' id='par_1_2' title="bbox 354 519 1936 597">
     <span class='ocr_line' id='line_1_2' title="bbox 354 519 1936 597; baseline 0.003 -21"><span class='ocrx_word' id='word_1_9' title='bbox 354 519 661 591; x_wconf 70' lang='grc' dir='ltr'>ορισθέντα,</span> <span class='ocrx_word' id='word_1_10' title='bbox 707 521 768 576; x_wconf 76' lang='grc' dir='ltr'>οὐ</span> <span class='ocrx_word' id='word_1_11' title='bbox 799 521 881 577; x_wconf 80' lang='grc' dir='ltr'><strong>δεῖ</strong></span> <span class='ocrx_word' id='word_1_12' title='bbox 913 522 1046 594; x_wconf 81' lang='grc' dir='ltr'>παρ’</span> <span class='ocrx_word' id='word_1_13' title='bbox 1072 523 1260 596; x_wconf 84' lang='grc' dir='ltr'>ἐτέρου</span> <span class='ocrx_word' id='word_1_14' title='bbox 1287 524 1545 597; x_wconf 76' lang='grc' dir='ltr'><strong>δεχθῆναι</strong></span> <span class='ocrx_word' id='word_1_15' title='bbox 1581 527 1658 590; x_wconf 88' lang='grc' dir='ltr'>ὠς</span> <span class='ocrx_word' id='word_1_16' title='bbox 1689 527 1936 581; x_wconf 80' lang='grc' dir='ltr'>ἀνεπιτί-</span> 
     </span>
    </p>
   </div>
   <div class='ocr_carea' id='block_1_3' title="bbox 2065 519 3610 599">
    <p class='ocr_par' dir='ltr' id='par_1_3' title="bbox 2065 522 3610 599">
     <span class='ocr_line' id='line_1_3' title="bbox 2065 522 3610 599; baseline -0.003 -14"><span class='ocrx_word' id='word_1_17' title='bbox 2065 538 2252 599; x_wconf 73' lang='grc' dir='ltr'>ιροιιει</span> <span class='ocrx_word' id='word_1_18' title='bbox 2277 529 2348 585; x_wconf 88' lang='lat' dir='ltr'><strong>ab</strong></span> <span class='ocrx_word' id='word_1_19' title='bbox 2378 529 2504 584; x_wconf 82' lang='lat' dir='ltr'><strong>alio</strong></span> <span class='ocrx_word' id='word_1_20' title='bbox 2535 534 2596 582; x_wconf 84' lang='lat' dir='ltr'><strong>ut</strong></span> <span class='ocrx_word' id='word_1_21' title='bbox 2640 525 2974 595; x_wconf 90' lang='lat' dir='ltr'><strong>inculpatum</strong></span> <span class='ocrx_word' id='word_1_22' title='bbox 3032 522 3264 588; x_wconf 86' lang='lat' dir='ltr'><strong>admitti.</strong></span> <span class='ocrx_word' id='word_1_23' title='bbox 3301 523 3403 579; x_wconf 93' lang='lat' dir='ltr'><strong>nisi</strong></span> <span class='ocrx_word' id='word_1_24' title='bbox 3449 525 3516 579; x_wconf 88' lang='lat' dir='ltr'><strong>ab</strong></span> <span class='ocrx_word' id='word_1_25' title='bbox 3544 541 3610 580; x_wconf 86' lang='lat' dir='ltr'><strong>eo</strong></span> 
     </span>
    </p>
   </div>
   <div class='ocr_carea' id='block_1_4' title="bbox 357 615 1943 693">
    <p class='ocr_par' dir='ltr' id='par_1_4' title="bbox 357 615 1926 690">
     <span class='ocr_line' id='line_1_4' title="bbox 357 615 1926 690; baseline 0.004 -24"><span class='ocrx_word' id='word_1_26' title='bbox 357 632 553 685; x_wconf 86' lang='grc' dir='ltr'>μητον,</span> <span class='ocrx_word' id='word_1_27' title='bbox 590 617 639 669; x_wconf 88' lang='grc' dir='ltr'><strong>εί</strong></span> <span class='ocrx_word' id='word_1_28' title='bbox 665 615 742 686; x_wconf 80' lang='grc' dir='ltr'>μὴ</span> <span class='ocrx_word' id='word_1_29' title='bbox 773 617 904 688; x_wconf 86' lang='grc' dir='ltr'>παρ’</span> <span class='ocrx_word' id='word_1_30' title='bbox 941 617 1108 671; x_wconf 80' lang='grc' dir='ltr'>αὑτοῦ</span> <span class='ocrx_word' id='word_1_31' title='bbox 1135 617 1269 690; x_wconf 78' lang='grc' dir='ltr'>λυθῇ</span> <span class='ocrx_word' id='word_1_32' title='bbox 1305 618 1400 672; x_wconf 80' lang='grc' dir='ltr'>τοῦ</span> <span class='ocrx_word' id='word_1_33' title='bbox 1425 620 1825 690; x_wconf 84' lang='grc' dir='ltr'>δεσμήσαντος.</span> <span class='ocrx_word' id='word_1_34' title='bbox 1864 621 1926 673; x_wconf 75' lang='lat' dir='ltr'><strong>Ei</strong></span> 
     </span>
    </p>
   </div>
   <div class='ocr_carea' id='block_1_5' title="bbox 2065 615 3610 693">
    <p class='ocr_par' dir='ltr' id='par_1_5' title="bbox 2069 617 3610 693">
     <span class='ocr_line' id='line_1_5' title="bbox 2069 617 3610 693; baseline -0.001 -19"><span class='ocrx_word' id='word_1_35' title='bbox 2069 623 2119 676; x_wconf 89' lang='lat' dir='ltr'><strong>ni</strong></span> <span class='ocrx_word' id='word_1_36' title='bbox 2155 621 2362 693; x_wconf 74' lang='lat' dir='ltr'><strong>ligavit,</strong></span> <span class='ocrx_word' id='word_1_37' title='bbox 2403 622 2474 675; x_wconf 90' lang='lat' dir='ltr'><strong>sit</strong></span> <span class='ocrx_word' id='word_1_38' title='bbox 2519 619 2821 675; x_wconf 90' lang='lat' dir='ltr'><strong>absolutus.</strong></span> <span class='ocrx_word' id='word_1_39' title='bbox 2856 617 2913 672; x_wconf 89' lang='lat' dir='ltr'><strong>Si</strong></span> <span class='ocrx_word' id='word_1_40' title='bbox 2942 618 3180 687; x_wconf 85' lang='lat' dir='ltr'><strong>synodus</strong></span> <span class='ocrx_word' id='word_1_41' title='bbox 3228 625 3408 671; x_wconf 91' lang='lat' dir='ltr'><strong>autem</strong></span> <span class='ocrx_word' id='word_1_42' title='bbox 3441 617 3610 685; x_wconf 88' lang='lat' dir='ltr'><strong>depo-</strong></span> 
     </span>
    </p>
   </div>
   <div class='ocr_carea' id='block_1_6' title="bbox 355 706 1943 784">
    <p class='ocr_par' dir='ltr' id='par_1_6' title="bbox 355 706 1929 784">
     <span class='ocr_line' id='line_1_6' title="bbox 355 706 1929 784; baseline 0.006 -26"><span class='ocrx_word' id='word_1_43' title='bbox 355 707 405 759; x_wconf 58' lang='lat' dir='ltr'><strong>se</strong></span> <span class='ocrx_word' id='word_1_44' title='bbox 432 706 651 770; x_wconf 83' lang='grc' dir='ltr'><strong>σύνοδος</strong></span> <span class='ocrx_word' id='word_1_45' title='bbox 675 707 768 759; x_wconf 70' lang='grc' dir='ltr'><strong>τὸν</strong></span> <span class='ocrx_word' id='word_1_46' title='bbox 795 707 1162 779; x_wconf 79' lang='grc' dir='ltr'><strong>ἀφορισθέντα</strong></span> <span class='ocrx_word' id='word_1_47' title='bbox 1185 710 1453 776; x_wconf 83' lang='grc' dir='ltr'>ἐξετάσοι,</span> <span class='ocrx_word' id='word_1_48' title='bbox 1482 712 1576 766; x_wconf 77' lang='grc' dir='ltr'><strong>καὶ</strong></span> <span class='ocrx_word' id='word_1_49' title='bbox 1600 714 1929 784; x_wconf 80' lang='grc' dir='ltr'><strong>παραλόγως</strong></span> 
     </span>
    </p>
   </div>
   <div class='ocr_carea' id='block_1_7' title="bbox 2065 706 3610 784">
    <p class='ocr_par' dir='ltr' id='par_1_7' title="bbox 2065 707 3610 779">
     <span class='ocr_line' id='line_1_7' title="bbox 2065 707 3610 779; baseline -0.005 -10"><span class='ocrx_word' id='word_1_50' title='bbox 2065 718 2198 770; x_wconf 88' lang='lat' dir='ltr'><strong>itum</strong></span> <span class='ocrx_word' id='word_1_51' title='bbox 2252 712 2667 773; x_wconf 82' lang='lat' dir='ltr'><strong>examinaverit,</strong></span> <span class='ocrx_word' id='word_1_52' title='bbox 2734 720 2788 766; x_wconf 84' lang='lat' dir='ltr'><strong>et</strong></span> <span class='ocrx_word' id='word_1_53' title='bbox 2861 708 3292 779; x_wconf 78' lang='lat' dir='ltr'><strong>segregationem</strong></span> <span class='ocrx_word' id='word_1_54' title='bbox 3345 707 3610 762; x_wconf 83' lang='lat' dir='ltr'><strong>invenerit</strong></span> 
     </span>
    </p>
   </div>
   <div class='ocr_carea' id='block_1_8' title="bbox 360 797 1943 879">
    <p class='ocr_par' dir='ltr' id='par_1_8' title="bbox 360 799 1930 874">
     <span class='ocr_line' id='line_1_8' title="bbox 360 799 1930 874; baseline 0.006 -22"><span class='ocrx_word' id='word_1_55' title='bbox 360 799 512 870; x_wconf 83' lang='grc' dir='ltr'>εὖροι</span> <span class='ocrx_word' id='word_1_56' title='bbox 573 799 666 854; x_wconf 83' lang='grc' dir='ltr'><strong>τὸν</strong></span> <span class='ocrx_word' id='word_1_57' title='bbox 711 800 1018 872; x_wconf 80' lang='grc' dir='ltr'>ἀφορισμὺν</span> <span class='ocrx_word' id='word_1_58' title='bbox 1047 803 1424 874; x_wconf 76' lang='grc' dir='ltr'><strong>ἐπενεχθέντα,</strong></span> <span class='ocrx_word' id='word_1_59' title='bbox 1483 805 1707 860; x_wconf 83' lang='grc' dir='ltr'>δύναται</span> <span class='ocrx_word' id='word_1_60' title='bbox 1735 808 1796 860; x_wconf 86' lang='grc' dir='ltr'><strong>τὸ</strong></span> <span class='ocrx_word' id='word_1_61' title='bbox 1827 826 1930 862; x_wconf 88' lang='grc' dir='ltr'>κα-</span> 
     </span>
    </p>
   </div>
   <div class='ocr_carea' id='block_1_9' title="bbox 2065 797 3613 879">
    <p class='ocr_par' dir='ltr' id='par_1_9' title="bbox 2065 797 3613 868">
     <span class='ocr_line' id='line_1_9' title="bbox 2065 797 3613 868; baseline -0.005 -7"><span class='ocrx_word' id='word_1_62' title='bbox 2065 815 2230 862; x_wconf 66' lang='grc' dir='ltr'>ιτωιει·</span> <span class='ocrx_word' id='word_1_63' title='bbox 2283 804 2551 860; x_wconf 87' lang='lat' dir='ltr'><strong>rationem</strong></span> <span class='ocrx_word' id='word_1_64' title='bbox 2606 801 2844 868; x_wconf 81' lang='lat' dir='ltr'><strong>illatam,</strong></span> <span class='ocrx_word' id='word_1_65' title='bbox 2904 800 3049 868; x_wconf 92' lang='lat' dir='ltr'><strong>quod</strong></span> <span class='ocrx_word' id='word_1_66' title='bbox 3103 799 3247 854; x_wconf 89' lang='lat' dir='ltr'><strong>male</strong></span> <span class='ocrx_word' id='word_1_67' title='bbox 3293 797 3494 852; x_wconf 79' lang='lat' dir='ltr'><strong>factum</strong></span> <span class='ocrx_word' id='word_1_68' title='bbox 3527 807 3613 854; x_wconf 78' lang='lat' dir='ltr'><strong>est</strong></span> 
     </span>
    </p>
   </div>
   <div class='ocr_carea' id='block_1_10' title="bbox 356 891 1943 967">
    <p class='ocr_par' dir='ltr' id='par_1_10' title="bbox 356 893 1931 967">
     <span class='ocr_line' id='line_1_10' title="bbox 356 893 1931 967; baseline 0.005 -21"><span class='ocrx_word' id='word_1_69' title='bbox 356 894 464 956; x_wconf 84' lang='grc' dir='ltr'><strong>κῶς</strong></span> <span class='ocrx_word' id='word_1_70' title='bbox 492 893 790 964; x_wconf 86' lang='grc' dir='ltr'>γενόμενον</span> <span class='ocrx_word' id='word_1_71' title='bbox 846 894 1216 964; x_wconf 81' lang='grc' dir='ltr'><strong>διορθοῦσθαι,</strong></span> <span class='ocrx_word' id='word_1_72' title='bbox 1264 899 1360 951; x_wconf 74' lang='grc' dir='ltr'><strong>καὶ</strong></span> <span class='ocrx_word' id='word_1_73' title='bbox 1417 898 1567 954; x_wconf 82' lang='grc' dir='ltr'>λύειν</span> <span class='ocrx_word' id='word_1_74' title='bbox 1613 899 1799 967; x_wconf 81' lang='grc' dir='ltr'>αὑτὸν,</span> <span class='ocrx_word' id='word_1_75' title='bbox 1835 901 1931 956; x_wconf 70' lang='grc' dir='ltr'>καὶ</span> 
     </span>
    </p>
   </div>
   <div class='ocr_carea' id='block_1_11' title="bbox 2065 891 3612 967">
    <p class='ocr_par' dir='ltr' id='par_1_11' title="bbox 2069 891 3612 966">
     <span class='ocr_line' id='line_1_11' title="bbox 2069 891 3612 966; baseline -0.004 -12"><span class='ocrx_word' id='word_1_76' title='bbox 2069 899 2326 954; x_wconf 90' lang='lat' dir='ltr'><strong>mendare</strong></span> <span class='ocrx_word' id='word_1_77' title='bbox 2355 901 2553 966; x_wconf 90' lang='lat' dir='ltr'><strong>potest,</strong></span> <span class='ocrx_word' id='word_1_78' title='bbox 2583 902 2638 950; x_wconf 85' lang='lat' dir='ltr'><strong>et</strong></span> <span class='ocrx_word' id='word_1_79' title='bbox 2661 908 2786 950; x_wconf 89' lang='lat' dir='ltr'><strong>eum</strong></span> <span class='ocrx_word' id='word_1_80' title='bbox 2816 892 3051 955; x_wconf 85' lang='lat' dir='ltr'><strong>solvere,</strong></span> <span class='ocrx_word' id='word_1_81' title='bbox 3081 899 3136 947; x_wconf 89' lang='lat' dir='ltr'><strong>et</strong></span> <span class='ocrx_word' id='word_1_82' title='bbox 3159 891 3430 947; x_wconf 76' lang='lat' dir='ltr'><strong>sententia</strong></span> <span class='ocrx_word' id='word_1_83' title='bbox 3461 891 3526 948; x_wconf 91' lang='lat' dir='ltr'><strong>de</strong></span> <span class='ocrx_word' id='word_1_84' title='bbox 3546 906 3612 948; x_wconf 85' lang='lat' dir='ltr'><strong>eo</strong></span> 
     </span>
    </p>
   </div>
   <div class='ocr_carea' id='block_1_12' title="bbox 356 985 1531 1061">
    <p class='ocr_par' dir='ltr' id='par_1_12' title="bbox 356 985 1531 1061">
     <span class='ocr_line' id='line_1_12' title="bbox 356 985 1531 1061; baseline 0.009 -24"><span class='ocrx_word' id='word_1_85' title='bbox 356 986 386 1056; x_wconf 74' lang='grc' dir='ltr'>ἡ</span> <span class='ocrx_word' id='word_1_86' title='bbox 416 985 544 1056; x_wconf 76' lang='grc' dir='ltr'>περὶ</span> <span class='ocrx_word' id='word_1_87' title='bbox 569 986 764 1040; x_wconf 83' lang='grc' dir='ltr'>τούτου</span> <span class='ocrx_word' id='word_1_88' title='bbox 796 986 1074 1057; x_wconf 82' lang='grc' dir='ltr'>ἀπόφασις</span> <span class='ocrx_word' id='word_1_89' title='bbox 1128 989 1280 1060; x_wconf 84' lang='grc' dir='ltr'>μένει</span> <span class='ocrx_word' id='word_1_90' title='bbox 1311 989 1531 1061; x_wconf 80' lang='grc' dir='ltr'>βεϐαία.</span> 
     </span>
    </p>
   </div>
   <div class='ocr_carea' id='block_1_13' title="bbox 951 1101 1330 1158">
    <p class='ocr_par' dir='ltr' id='par_1_13' title="bbox 951 1101 1330 1158">
     <span class='ocr_line' id='line_1_13' title="bbox 951 1101 1330 1158; baseline 0.016 -6"><span class='ocrx_word' id='word_1_91' title='bbox 951 1101 1195 1155; x_wconf 82' lang='grc' dir='ltr'><strong>ΚΑΝΩΝ</strong></span> <span class='ocrx_word' id='word_1_92' title='bbox 1255 1104 1330 1158; x_wconf 86' lang='lat' dir='ltr'><strong>Z&#39;.</strong></span> 
     </span>
    </p>
   </div>
   <div class='ocr_carea' id='block_1_14' title="bbox 363 1187 1920 1265">
    <p class='ocr_par' dir='ltr' id='par_1_14' title="bbox 363 1187 1920 1265">
     <span class='ocr_line' id='line_1_14' title="bbox 363 1187 1920 1265; baseline 0.007 -27"><span class='ocrx_word' id='word_1_93' title='bbox 363 1206 380 1238; x_wconf 79' lang='grc' dir='ltr'><strong>ι</strong></span> <span class='ocrx_word' id='word_1_94' title='bbox 426 1187 652 1257; x_wconf 78' lang='grc' dir='ltr'>Μηδένα</span> <span class='ocrx_word' id='word_1_95' title='bbox 701 1189 832 1243; x_wconf 74' lang='grc' dir='ltr'>ἄνευ</span> <span class='ocrx_word' id='word_1_96' title='bbox 891 1191 1185 1262; x_wconf 77' lang='grc' dir='ltr'>εἰρηνικῶν</span> <span class='ocrx_word' id='word_1_97' title='bbox 1223 1194 1476 1265; x_wconf 82' lang='grc' dir='ltr'>δέχεσθαι</span> <span class='ocrx_word' id='word_1_98' title='bbox 1509 1195 1618 1250; x_wconf 81' lang='grc' dir='ltr'><strong>τῶν</strong></span> <span class='ocrx_word' id='word_1_99' title='bbox 1661 1197 1849 1264; x_wconf 80' lang='grc' dir='ltr'>ξένων.</span> <span class='ocrx_word' id='word_1_100' title='bbox 1900 1213 1920 1249; x_wconf 70' lang='grc' dir='ltr'><strong>ι</strong></span> 
     </span>
    </p>
   </div>
   <div class='ocr_carea' id='block_1_15' title="bbox 428 1280 1934 1359">
    <p class='ocr_par' dir='ltr' id='par_1_15' title="bbox 428 1280 1934 1359">
     <span class='ocr_line' id='line_1_15' title="bbox 428 1280 1934 1359; baseline 0.007 -27"><span class='ocrx_word' id='word_1_101' title='bbox 428 1280 626 1334; x_wconf 82' lang='grc' dir='ltr'><strong>ΒΑΛΣ.</strong></span> <span class='ocrx_word' id='word_1_102' title='bbox 668 1282 759 1333; x_wconf 82' lang='grc' dir='ltr'>Ἐν</span> <span class='ocrx_word' id='word_1_103' title='bbox 791 1282 870 1350; x_wconf 88' lang='grc' dir='ltr'>τῷ</span> <span class='ocrx_word' id='word_1_104' title='bbox 894 1282 976 1350; x_wconf 78' lang='grc' dir='ltr'><strong>λγ¹</strong></span> <span class='ocrx_word' id='word_1_105' title='bbox 1007 1284 1357 1356; x_wconf 80' lang='grc' dir='ltr'>ἀποστολικῷ</span> <span class='ocrx_word' id='word_1_106' title='bbox 1383 1288 1570 1342; x_wconf 85' lang='grc' dir='ltr'>κανόνι</span> <span class='ocrx_word' id='word_1_107' title='bbox 1606 1288 1702 1342; x_wconf 76' lang='grc' dir='ltr'>καὶ</span> <span class='ocrx_word' id='word_1_108' title='bbox 1752 1290 1832 1359; x_wconf 78' lang='grc' dir='ltr'><strong>τῷ</strong></span> <span class='ocrx_word' id='word_1_109' title='bbox 1861 1296 1934 1355; x_wconf 82' lang='grc' dir='ltr'>ις’</span> 
     </span>
    </p>
   </div>
   <div class='ocr_carea' id='block_1_16' title="bbox 2035 991 2418 1046">
    <p class='ocr_par' dir='ltr' id='par_1_16' title="bbox 2035 991 2418 1046">
     <span class='ocr_line' id='line_1_16' title="bbox 2035 991 2418 1046; baseline -0.005 0"><span class='ocrx_word' id='word_1_110' title='bbox 2035 991 2188 1046; x_wconf 87' lang='lat' dir='ltr'><strong>ﬁrma</strong></span> <span class='ocrx_word' id='word_1_111' title='bbox 2216 997 2418 1046; x_wconf 85' lang='lat' dir='ltr'><strong>manet.</strong></span> 
     </span>
    </p>
   </div>
   <div class='ocr_carea' id='block_1_17' title="bbox 2623 1100 3019 1159">
    <p class='ocr_par' dir='ltr' id='par_1_17' title="bbox 2623 1100 3019 1159">
     <span class='ocr_line' id='line_1_17' title="bbox 2623 1100 3019 1159; baseline -0.003 0"><span class='ocrx_word' id='word_1_112' title='bbox 2623 1100 2856 1159; x_wconf 79' lang='lat' dir='ltr'><strong>CA’NON</strong></span> <span class='ocrx_word' id='word_1_113' title='bbox 2905 1103 3019 1158; x_wconf 78' lang='lat' dir='ltr'><strong>VII.</strong></span> 
     </span>
    </p>
   </div>
   <div class='ocr_carea' id='block_1_18' title="bbox 2137 1193 3516 1263">
    <p class='ocr_par' dir='ltr' id='par_1_18' title="bbox 2137 1193 3516 1263">
     <span class='ocr_line' id='line_1_18' title="bbox 2137 1193 3516 1263; baseline -0.001 -16"><span class='ocrx_word' id='word_1_114' title='bbox 2137 1213 2158 1247; x_wconf 74' lang='grc' dir='ltr'><strong>ε</strong></span> <span class='ocrx_word' id='word_1_115' title='bbox 2194 1194 2385 1250; x_wconf 82' lang='lat' dir='ltr'><strong>Nullus</strong></span> <span class='ocrx_word' id='word_1_116' title='bbox 2417 1203 2674 1251; x_wconf 81' lang='lat' dir='ltr'><strong>externus</strong></span> <span class='ocrx_word' id='word_1_117' title='bbox 2705 1195 2824 1251; x_wconf 88' lang='lat' dir='ltr'><strong>sine</strong></span> <span class='ocrx_word' id='word_1_118' title='bbox 2856 1194 3092 1263; x_wconf 90' lang='lat' dir='ltr'><strong>paciﬁcis</strong></span> <span class='ocrx_word' id='word_1_119' title='bbox 3119 1193 3462 1263; x_wconf 80' lang='lat' dir='ltr'><strong>suscipiatur.</strong></span> <span class='ocrx_word' id='word_1_120' title='bbox 3495 1211 3516 1245; x_wconf 73' lang='grc' dir='ltr'><strong>ι</strong></span> 
     </span>
    </p>
   </div>
   <div class='ocr_carea' id='block_1_19' title="bbox 2106 1282 3616 1354">
    <p class='ocr_par' dir='ltr' id='par_1_19' title="bbox 2106 1282 3616 1354">
     <span class='ocr_line' id='line_1_19' title="bbox 2106 1282 3616 1354; baseline -0.003 -15"><span class='ocrx_word' id='word_1_121' title='bbox 2106 1284 2305 1340; x_wconf 73' lang='lat' dir='ltr'><strong>BALS.</strong></span> <span class='ocrx_word' id='word_1_122' title='bbox 2339 1284 2396 1339; x_wconf 86' lang='lat' dir='ltr'><strong>in</strong></span> <span class='ocrx_word' id='word_1_123' title='bbox 2456 1285 2733 1340; x_wconf 90' lang='lat' dir='ltr'><strong>tricesimo</strong></span> <span class='ocrx_word' id='word_1_124' title='bbox 2771 1286 2930 1341; x_wconf 89' lang='lat' dir='ltr'><strong>tertio</strong></span> <span class='ocrx_word' id='word_1_125' title='bbox 2959 1300 3169 1342; x_wconf 84' lang='lat' dir='ltr'><strong>canone</strong></span> <span class='ocrx_word' id='word_1_126' title='bbox 3218 1282 3534 1354; x_wconf 85' lang='lat' dir='ltr'><strong>apostolico,</strong></span> <span class='ocrx_word' id='word_1_127' title='bbox 3560 1289 3616 1336; x_wconf 88' lang='lat' dir='ltr'><strong>et</strong></span> 
     </span>
    </p>
   </div>
   <div class='ocr_carea' id='block_1_20' title="bbox 357 1372 1943 1452">
    <p class='ocr_par' dir='ltr' id='par_1_20' title="bbox 357 1372 1935 1452">
     <span class='ocr_line' id='line_1_20' title="bbox 357 1372 1935 1452; baseline 0.007 -27"><span class='ocrx_word' id='word_1_128' title='bbox 357 1372 455 1442; x_wconf 82' lang='grc' dir='ltr'><strong>τῆς</strong></span> <span class='ocrx_word' id='word_1_129' title='bbox 486 1374 544 1425; x_wconf 77' lang='grc' dir='ltr'>ἐν</span> <span class='ocrx_word' id='word_1_130' title='bbox 570 1374 874 1444; x_wconf 83' lang='grc' dir='ltr'><strong>Χαλκηδόνι</strong></span> <span class='ocrx_word' id='word_1_131' title='bbox 907 1375 1127 1430; x_wconf 83' lang='grc' dir='ltr'>συνόδου</span> <span class='ocrx_word' id='word_1_132' title='bbox 1159 1377 1530 1451; x_wconf 85' lang='grc' dir='ltr'>διελήφθησαν</span> <span class='ocrx_word' id='word_1_133' title='bbox 1564 1381 1634 1434; x_wconf 79' lang='grc' dir='ltr'>τὰ</span> <span class='ocrx_word' id='word_1_134' title='bbox 1667 1380 1796 1452; x_wconf 76' lang='grc' dir='ltr'>περὶ</span> <span class='ocrx_word' id='word_1_135' title='bbox 1825 1382 1935 1436; x_wconf 87' lang='grc' dir='ltr'><strong>τῶν</strong></span> 
     </span>
    </p>
   </div>
   <div class='ocr_carea' id='block_1_21' title="bbox 2065 1372 3608 1452">
    <p class='ocr_par' dir='ltr' id='par_1_21' title="bbox 2065 1374 3608 1448">
     <span class='ocr_line' id='line_1_21' title="bbox 2065 1374 3608 1448; baseline -0.004 -15"><span class='ocrx_word' id='word_1_136' title='bbox 2065 1379 2250 1434; x_wconf 87' lang='lat' dir='ltr'><strong>lecimo</strong></span> <span class='ocrx_word' id='word_1_137' title='bbox 2309 1387 2464 1434; x_wconf 80' lang='lat' dir='ltr'><strong>sexto</strong></span> <span class='ocrx_word' id='word_1_138' title='bbox 2516 1377 2980 1433; x_wconf 84' lang='lat' dir='ltr'><strong>Chalcedonensis</strong></span> <span class='ocrx_word' id='word_1_139' title='bbox 3033 1378 3222 1448; x_wconf 86' lang='lat' dir='ltr'><strong>synodi</strong></span> <span class='ocrx_word' id='word_1_140' title='bbox 3267 1377 3332 1430; x_wconf 90' lang='lat' dir='ltr'><strong>de</strong></span> <span class='ocrx_word' id='word_1_141' title='bbox 3364 1374 3608 1445; x_wconf 83' lang='lat' dir='ltr'><strong>paciﬁcis</strong></span> 
     </span>
    </p>
   </div>
   <div class='ocr_carea' id='block_1_22' title="bbox 355 1465 1943 1539">
    <p class='ocr_par' dir='ltr' id='par_1_22' title="bbox 355 1466 1936 1539">
     <span class='ocr_line' id='line_1_22' title="bbox 355 1466 1936 1539; baseline 0.006 -21"><span class='ocrx_word' id='word_1_142' title='bbox 355 1466 654 1536; x_wconf 82' lang='grc' dir='ltr'>εἰρηνικῶν</span> <span class='ocrx_word' id='word_1_143' title='bbox 690 1467 785 1520; x_wconf 77' lang='grc' dir='ltr'>καὶ</span> <span class='ocrx_word' id='word_1_144' title='bbox 819 1467 928 1520; x_wconf 85' lang='grc' dir='ltr'><strong>τῶν</strong></span> <span class='ocrx_word' id='word_1_145' title='bbox 971 1470 1319 1524; x_wconf 85' lang='grc' dir='ltr'>συστατικῶν</span> <span class='ocrx_word' id='word_1_146' title='bbox 1345 1473 1670 1539; x_wconf 78' lang='grc' dir='ltr'>ἐπιστολῶν,</span> <span class='ocrx_word' id='word_1_147' title='bbox 1725 1475 1819 1528; x_wconf 72' lang='grc' dir='ltr'><strong>καὶ</strong></span> <span class='ocrx_word' id='word_1_148' title='bbox 1851 1475 1936 1527; x_wconf 81' lang='grc' dir='ltr'><strong>ὅτι</strong></span> 
     </span>
    </p>
   </div>
   <div class='ocr_carea' id='block_1_23' title="bbox 2065 1465 3617 1539">
    <p class='ocr_par' dir='ltr' id='par_1_23' title="bbox 2065 1465 3617 1538">
     <span class='ocr_line' id='line_1_23' title="bbox 2065 1465 3617 1538; baseline -0.004 -12"><span class='ocrx_word' id='word_1_149' title='bbox 2065 1483 2333 1527; x_wconf 88' lang='lat' dir='ltr'><strong>ractatum</strong></span> <span class='ocrx_word' id='word_1_150' title='bbox 2362 1482 2444 1527; x_wconf 85' lang='lat' dir='ltr'><strong>est</strong></span> <span class='ocrx_word' id='word_1_151' title='bbox 2474 1482 2527 1527; x_wconf 90' lang='lat' dir='ltr'><strong>et</strong></span> <span class='ocrx_word' id='word_1_152' title='bbox 2559 1469 3036 1525; x_wconf 78' lang='lat' dir='ltr'><strong>commendatoriis</strong></span> <span class='ocrx_word' id='word_1_153' title='bbox 3065 1468 3332 1538; x_wconf 79' lang='lat' dir='ltr'><strong>epistolis,</strong></span> <span class='ocrx_word' id='word_1_154' title='bbox 3373 1477 3426 1523; x_wconf 75' lang='lat' dir='ltr'><strong>et</strong></span> <span class='ocrx_word' id='word_1_155' title='bbox 3474 1465 3617 1535; x_wconf 88' lang='lat' dir='ltr'><strong>quod</strong></span> 
     </span>
    </p>
   </div>
   <div class='ocr_carea' id='block_1_24' title="bbox 358 1558 1937 1636">
    <p class='ocr_par' dir='ltr' id='par_1_24' title="bbox 358 1558 1937 1636">
     <span class='ocr_line' id='line_1_24' title="bbox 358 1558 1937 1636; baseline 0.007 -27"><span class='ocrx_word' id='word_1_156' title='bbox 358 1559 500 1623; x_wconf 79' lang='grc' dir='ltr'>ξένοι</span> <span class='ocrx_word' id='word_1_157' title='bbox 528 1558 667 1612; x_wconf 76' lang='grc' dir='ltr'>εἰσὶν</span> <span class='ocrx_word' id='word_1_158' title='bbox 694 1560 744 1612; x_wconf 83' lang='lat' dir='ltr'><strong>oi</strong></span> <span class='ocrx_word' id='word_1_159' title='bbox 776 1560 881 1612; x_wconf 77' lang='grc' dir='ltr'><strong>ἀπὸ</strong></span> <span class='ocrx_word' id='word_1_160' title='bbox 911 1560 1116 1629; x_wconf 83' lang='grc' dir='ltr'>ἐτέρων</span> <span class='ocrx_word' id='word_1_161' title='bbox 1142 1562 1367 1632; x_wconf 89' lang='grc' dir='ltr'>ἐνοριῶν</span> <span class='ocrx_word' id='word_1_162' title='bbox 1396 1563 1736 1636; x_wconf 83' lang='grc' dir='ltr'>ὁρμώμενοι.</span> <span class='ocrx_word' id='word_1_163' title='bbox 1781 1566 1937 1622; x_wconf 79' lang='grc' dir='ltr'>Ἀνόιο</span> 
     </span>
    </p>
   </div>
   <div class='ocr_carea' id='block_1_25' title="bbox 359 1646 1438 1725">
    <p class='ocr_par' dir='ltr' id='par_1_25' title="bbox 359 1646 1438 1725">
     <span class='ocr_line' id='line_1_25' title="bbox 359 1646 1438 1725; baseline 0.008 -24"><span class='ocrx_word' id='word_1_164' title='bbox 359 1651 524 1717; x_wconf 87' lang='grc' dir='ltr'>γνωθι</span> <span class='ocrx_word' id='word_1_165' title='bbox 563 1646 659 1704; x_wconf 79' lang='grc' dir='ltr'><strong>οὖν</strong></span> <span class='ocrx_word' id='word_1_166' title='bbox 686 1651 754 1704; x_wconf 82' lang='grc' dir='ltr'>τὰ</span> <span class='ocrx_word' id='word_1_167' title='bbox 786 1654 842 1705; x_wconf 90' lang='grc' dir='ltr'>ἐν</span> <span class='ocrx_word' id='word_1_168' title='bbox 870 1653 1099 1715; x_wconf 89' lang='grc' dir='ltr'>ἐκείνοις</span> <span class='ocrx_word' id='word_1_169' title='bbox 1133 1655 1438 1725; x_wconf 81' lang='grc' dir='ltr'>γραφέντα.</span> 
     </span>
    </p>
   </div>
   <div class='ocr_carea' id='block_1_26' title="bbox 428 1741 1933 1821">
    <p class='ocr_par' dir='ltr' id='par_1_26' title="bbox 428 1741 1933 1821">
     <span class='ocr_line' id='line_1_26' title="bbox 428 1741 1933 1821; baseline 0.006 -26"><span class='ocrx_word' id='word_1_170' title='bbox 428 1741 675 1798; x_wconf 82' lang='grc' dir='ltr'><strong>ΖΩΝᾹΡ.</strong></span> <span class='ocrx_word' id='word_1_171' title='bbox 704 1743 932 1813; x_wconf 79' lang='grc' dir='ltr'>Εἴρηται</span> <span class='ocrx_word' id='word_1_172' title='bbox 973 1745 1031 1796; x_wconf 87' lang='grc' dir='ltr'><strong>ἐν</strong></span> <span class='ocrx_word' id='word_1_173' title='bbox 1055 1747 1241 1798; x_wconf 87' lang='grc' dir='ltr'>κανόνι</span> <span class='ocrx_word' id='word_1_174' title='bbox 1278 1744 1346 1799; x_wconf 85' lang='grc' dir='ltr'>ια’</span> <span class='ocrx_word' id='word_1_175' title='bbox 1377 1746 1478 1811; x_wconf 79' lang='grc' dir='ltr'>τῆς</span> <span class='ocrx_word' id='word_1_176' title='bbox 1507 1750 1776 1821; x_wconf 74' lang='grc' dir='ltr'>τετάρτης</span> <span class='ocrx_word' id='word_1_177' title='bbox 1803 1767 1933 1804; x_wconf 89' lang='grc' dir='ltr'>συν-</span> 
     </span>
    </p>
   </div>
   <div class='ocr_carea' id='block_1_27' title="bbox 2041 1557 3616 1631">
    <p class='ocr_par' dir='ltr' id='par_1_27' title="bbox 2041 1557 3616 1631">
     <span class='ocr_line' id='line_1_27' title="bbox 2041 1557 3616 1631; baseline -0.005 -11"><span class='ocrx_word' id='word_1_178' title='bbox 2041 1565 2076 1620; x_wconf 91' lang='lat' dir='ltr'><strong>ii</strong></span> <span class='ocrx_word' id='word_1_179' title='bbox 2126 1575 2256 1620; x_wconf 84' lang='lat' dir='ltr'><strong>sunt</strong></span> <span class='ocrx_word' id='word_1_180' title='bbox 2315 1563 2549 1631; x_wconf 79' lang='lat' dir='ltr'><strong>externi,</strong></span> <span class='ocrx_word' id='word_1_181' title='bbox 2601 1563 2693 1631; x_wconf 87' lang='lat' dir='ltr'><strong>qui</strong></span> <span class='ocrx_word' id='word_1_182' title='bbox 2733 1563 2800 1617; x_wconf 87' lang='lat' dir='ltr'><strong>ab</strong></span> <span class='ocrx_word' id='word_1_183' title='bbox 2840 1561 2970 1616; x_wconf 84' lang='lat' dir='ltr'><strong>aliis</strong></span> <span class='ocrx_word' id='word_1_184' title='bbox 2994 1561 3329 1616; x_wconf 71' lang='lat' dir='ltr'><strong>dimcesibus</strong></span> <span class='ocrx_word' id='word_1_185' title='bbox 3371 1557 3616 1614; x_wconf 79' lang='lat' dir='ltr'><strong>veniunt.</strong></span> 
     </span>
    </p>
   </div>
   <div class='ocr_carea' id='block_1_28' title="bbox 2038 1656 3118 1728">
    <p class='ocr_par' dir='ltr' id='par_1_28' title="bbox 2038 1656 3118 1728">
     <span class='ocr_line' id='line_1_28' title="bbox 2038 1656 3118 1728; baseline -0.004 -16"><span class='ocrx_word' id='word_1_186' title='bbox 2038 1658 2180 1722; x_wconf 71' lang='lat' dir='ltr'><strong>Lege</strong></span> <span class='ocrx_word' id='word_1_187' title='bbox 2211 1674 2341 1728; x_wconf 82' lang='lat' dir='ltr'><strong>ergo</strong></span> <span class='ocrx_word' id='word_1_188' title='bbox 2373 1674 2491 1727; x_wconf 71' lang='lat' dir='ltr'><strong>qua:</strong></span> <span class='ocrx_word' id='word_1_189' title='bbox 2527 1658 2582 1712; x_wconf 93' lang='lat' dir='ltr'><strong>in</strong></span> <span class='ocrx_word' id='word_1_190' title='bbox 2613 1657 2716 1712; x_wconf 87' lang='lat' dir='ltr'><strong>illis</strong></span> <span class='ocrx_word' id='word_1_191' title='bbox 2742 1656 2942 1726; x_wconf 89' lang='lat' dir='ltr'><strong>scripta</strong></span> <span class='ocrx_word' id='word_1_192' title='bbox 2971 1665 3118 1708; x_wconf 88' lang='lat' dir='ltr'><strong>sunt.</strong></span> 
     </span>
    </p>
   </div>
   <div class='ocr_carea' id='block_1_29' title="bbox 2111 1746 3623 1816">
    <p class='ocr_par' dir='ltr' id='par_1_29' title="bbox 2111 1746 3623 1816">
     <span class='ocr_line' id='line_1_29' title="bbox 2111 1746 3623 1816; baseline -0.003 -13"><span class='ocrx_word' id='word_1_193' title='bbox 2111 1749 2363 1805; x_wconf 81' lang='lat' dir='ltr'><strong>Z&#39;ONAR.</strong></span> <span class='ocrx_word' id='word_1_194' title='bbox 2400 1749 2660 1816; x_wconf 66' lang='lat' dir='ltr'><strong>Quaenam</strong></span> <span class='ocrx_word' id='word_1_195' title='bbox 2702 1747 2814 1801; x_wconf 89' lang='lat' dir='ltr'><strong>sint</strong></span> <span class='ocrx_word' id='word_1_196' title='bbox 2859 1746 3100 1816; x_wconf 84' lang='lat' dir='ltr'><strong>epistolae</strong></span> <span class='ocrx_word' id='word_1_197' title='bbox 3147 1747 3406 1816; x_wconf 82' lang='lat' dir='ltr'><strong>paciﬁcae,</strong></span> <span class='ocrx_word' id='word_1_198' title='bbox 3437 1759 3623 1816; x_wconf 74' lang='lat' dir='ltr'><strong>quaeve</strong></span> 
     </span>
    </p>
   </div>
   <div class='ocr_carea' id='block_1_30' title="bbox 359 1833 1943 1926">
    <p class='ocr_par' dir='ltr' id='par_1_30' title="bbox 359 1833 1933 1907">
     <span class='ocr_line' id='line_1_30' title="bbox 359 1833 1933 1907; baseline 0.007 -23"><span class='ocrx_word' id='word_1_199' title='bbox 359 1833 485 1886; x_wconf 77' lang='grc' dir='ltr'>όδου</span> <span class='ocrx_word' id='word_1_200' title='bbox 520 1833 662 1896; x_wconf 88' lang='grc' dir='ltr'>τίνες</span> <span class='ocrx_word' id='word_1_201' title='bbox 714 1835 857 1888; x_wconf 83' lang='grc' dir='ltr'>εἰσὶν</span> <span class='ocrx_word' id='word_1_202' title='bbox 897 1837 1176 1907; x_wconf 73' lang='grc' dir='ltr'>είρηνικαὶ</span> <span class='ocrx_word' id='word_1_203' title='bbox 1213 1840 1519 1906; x_wconf 77' lang='grc' dir='ltr'>ἐπιστολαὶ,</span> <span class='ocrx_word' id='word_1_204' title='bbox 1552 1841 1644 1894; x_wconf 77' lang='grc' dir='ltr'>καὶ</span> <span class='ocrx_word' id='word_1_205' title='bbox 1667 1841 1811 1904; x_wconf 82' lang='grc' dir='ltr'>τίνες</span> <span class='ocrx_word' id='word_1_206' title='bbox 1837 1860 1933 1895; x_wconf 83' lang='grc' dir='ltr'>συ-</span> 
     </span>
    </p>
   </div>
   <div class='ocr_carea' id='block_1_31' title="bbox 2065 1833 3622 1926">
    <p class='ocr_par' dir='ltr' id='par_1_31' title="bbox 2065 1841 3622 1911">
     <span class='ocr_line' id='line_1_31' title="bbox 2065 1841 3622 1911; baseline -0.004 -13"><span class='ocrx_word' id='word_1_207' title='bbox 2065 1844 2513 1909; x_wconf 65' lang='grc' dir='ltr'>ιοηιιιιοηᾶοῑίιὶειξ,</span> <span class='ocrx_word' id='word_1_208' title='bbox 2566 1843 2855 1898; x_wconf 91' lang='lat' dir='ltr'><strong>undecimo</strong></span> <span class='ocrx_word' id='word_1_209' title='bbox 2930 1854 3138 1898; x_wconf 86' lang='lat' dir='ltr'><strong>canone</strong></span> <span class='ocrx_word' id='word_1_210' title='bbox 3193 1851 3398 1910; x_wconf 75' lang='lat' dir='ltr'><strong>quarue</strong></span> <span class='ocrx_word' id='word_1_211' title='bbox 3430 1841 3622 1911; x_wconf 83' lang='lat' dir='ltr'><strong>synodi</strong></span> 
     </span>
    </p>
   </div>
   <div class='ocr_carea' id='block_1_32' title="bbox 362 1922 1943 2005">
    <p class='ocr_par' dir='ltr' id='par_1_32' title="bbox 362 1922 1933 2001">
     <span class='ocr_line' id='line_1_32' title="bbox 362 1922 1933 2001; baseline 0.01 -28"><span class='ocrx_word' id='word_1_212' title='bbox 362 1923 635 1976; x_wconf 84' lang='grc' dir='ltr'>στατικαί.</span> <span class='ocrx_word' id='word_1_213' title='bbox 669 1922 871 1988; x_wconf 89' lang='grc' dir='ltr'>Ξένους</span> <span class='ocrx_word' id='word_1_214' title='bbox 914 1922 1010 1978; x_wconf 80' lang='grc' dir='ltr'>οὗν</span> <span class='ocrx_word' id='word_1_215' title='bbox 1059 1928 1295 1982; x_wconf 78' lang='grc' dir='ltr'>ἐνταῦθα</span> <span class='ocrx_word' id='word_1_216' title='bbox 1346 1931 1466 2000; x_wconf 72' lang='grc' dir='ltr'>οὐχὶ</span> <span class='ocrx_word' id='word_1_217' title='bbox 1493 1933 1622 1996; x_wconf 87' lang='grc' dir='ltr'>τοὺς</span> <span class='ocrx_word' id='word_1_218' title='bbox 1670 1933 1933 2001; x_wconf 79' lang='grc' dir='ltr'>τυχόντας</span> 
     </span>
    </p>
   </div>
   <div class='ocr_carea' id='block_1_33' title="bbox 2065 1922 3621 2005">
    <p class='ocr_par' dir='ltr' id='par_1_33' title="bbox 2065 1933 3621 2005">
     <span class='ocr_line' id='line_1_33' title="bbox 2065 1933 3621 2005; baseline -0.001 -19"><span class='ocrx_word' id='word_1_219' title='bbox 2065 1937 2178 1990; x_wconf 48' lang='lat' dir='ltr'><strong>ratis</strong></span> <span class='ocrx_word' id='word_1_220' title='bbox 2223 1936 2629 2005; x_wconf 83' lang='lat' dir='ltr'><strong>explicavimus.</strong></span> <span class='ocrx_word' id='word_1_221' title='bbox 2679 1937 2945 1992; x_wconf 79' lang='lat' dir='ltr'><strong>Externos</strong></span> <span class='ocrx_word' id='word_1_222' title='bbox 2993 1949 3154 2005; x_wconf 89' lang='lat' dir='ltr'><strong>porro</strong></span> <span class='ocrx_word' id='word_1_223' title='bbox 3193 1934 3294 1987; x_wconf 89' lang='lat' dir='ltr'><strong>hoc</strong></span> <span class='ocrx_word' id='word_1_224' title='bbox 3345 1933 3483 1996; x_wconf 91' lang='lat' dir='ltr'><strong>loco,</strong></span> <span class='ocrx_word' id='word_1_225' title='bbox 3519 1946 3621 1985; x_wconf 92' lang='lat' dir='ltr'><strong>non</strong></span> 
     </span>
    </p>
   </div>
   <div class='ocr_carea' id='block_1_34' title="bbox 360 2012 1943 2100">
    <p class='ocr_par' dir='ltr' id='par_1_34' title="bbox 360 2012 1935 2094">
     <span class='ocr_line' id='line_1_34' title="bbox 360 2012 1935 2094; baseline 0.008 -29"><span class='ocrx_word' id='word_1_226' title='bbox 360 2012 530 2082; x_wconf 74' lang='grc' dir='ltr'>λέγει,</span> <span class='ocrx_word' id='word_1_227' title='bbox 563 2015 691 2078; x_wconf 82' lang='grc' dir='ltr'>τοὺς</span> <span class='ocrx_word' id='word_1_228' title='bbox 725 2015 785 2080; x_wconf 81' lang='grc' dir='ltr'>ἐξ</span> <span class='ocrx_word' id='word_1_229' title='bbox 829 2015 998 2086; x_wconf 82' lang='grc' dir='ltr'>ἄλλης</span> <span class='ocrx_word' id='word_1_230' title='bbox 1031 2017 1213 2088; x_wconf 82' lang='grc' dir='ltr'>χώρας</span> <span class='ocrx_word' id='word_1_231' title='bbox 1253 2019 1384 2085; x_wconf 81' lang='grc' dir='ltr'>ἴσως</span> <span class='ocrx_word' id='word_1_232' title='bbox 1415 2023 1496 2085; x_wconf 84' lang='grc' dir='ltr'><strong>είς</strong></span> <span class='ocrx_word' id='word_1_233' title='bbox 1530 2023 1697 2094; x_wconf 74' lang='grc' dir='ltr'>ἄλλην</span> <span class='ocrx_word' id='word_1_234' title='bbox 1745 2025 1935 2093; x_wconf 64' lang='grc' dir='ltr'>ἐπιδην</span> 
     </span>
    </p>
   </div>
   <div class='ocr_carea' id='block_1_35' title="bbox 2065 2012 3623 2100">
    <p class='ocr_par' dir='ltr' id='par_1_35' title="bbox 2065 2024 3623 2100">
     <span class='ocr_line' id='line_1_35' title="bbox 2065 2024 3623 2100; baseline -0.004 -18"><span class='ocrx_word' id='word_1_235' title='bbox 2065 2043 2250 2094; x_wconf 69' lang='lat' dir='ltr'><strong>imnes,</strong></span> <span class='ocrx_word' id='word_1_236' title='bbox 2287 2029 2380 2098; x_wconf 90' lang='lat' dir='ltr'><strong>qui</strong></span> <span class='ocrx_word' id='word_1_237' title='bbox 2418 2044 2482 2084; x_wconf 80' lang='lat' dir='ltr'><strong>ex</strong></span> <span class='ocrx_word' id='word_1_238' title='bbox 2525 2028 2627 2083; x_wconf 89' lang='lat' dir='ltr'><strong>alia</strong></span> <span class='ocrx_word' id='word_1_239' title='bbox 2659 2029 2874 2100; x_wconf 80' lang='lat' dir='ltr'><strong>regione</strong></span> <span class='ocrx_word' id='word_1_240' title='bbox 2907 2027 2958 2082; x_wconf 91' lang='lat' dir='ltr'><strong>in</strong></span> <span class='ocrx_word' id='word_1_241' title='bbox 2989 2027 3147 2080; x_wconf 88' lang='lat' dir='ltr'><strong>aliam</strong></span> <span class='ocrx_word' id='word_1_242' title='bbox 3179 2025 3316 2079; x_wconf 76' lang='lat' dir='ltr'><strong>ferte</strong></span> <span class='ocrx_word' id='word_1_243' title='bbox 3347 2039 3406 2080; x_wconf 89' lang='lat' dir='ltr'><strong>se</strong></span> <span class='ocrx_word' id='word_1_244' title='bbox 3435 2024 3623 2078; x_wconf 73' lang='lat' dir='ltr'><strong>confe-</strong></span> 
     </span>
    </p>
   </div>
   <div class='ocr_carea' id='block_1_36' title="bbox 364 2105 1937 2184">
    <p class='ocr_par' dir='ltr' id='par_1_36' title="bbox 364 2105 1937 2184">
     <span class='ocr_line' id='line_1_36' title="bbox 364 2105 1937 2184; baseline 0.008 -27"><span class='ocrx_word' id='word_1_245' title='bbox 364 2105 620 2175; x_wconf 86' lang='grc' dir='ltr'>μοῠντας,</span> <span class='ocrx_word' id='word_1_246' title='bbox 654 2107 791 2160; x_wconf 80' lang='grc' dir='ltr'>ἀλλὰ</span> <span class='ocrx_word' id='word_1_247' title='bbox 823 2111 951 2172; x_wconf 73' lang='grc' dir='ltr'>τοὺς</span> <span class='ocrx_word' id='word_1_248' title='bbox 983 2110 1279 2181; x_wconf 80' lang='grc' dir='ltr'>κληρικοὺς</span> <span class='ocrx_word' id='word_1_249' title='bbox 1329 2112 1456 2176; x_wconf 82' lang='grc' dir='ltr'>τοὺς</span> <span class='ocrx_word' id='word_1_250' title='bbox 1491 2114 1600 2168; x_wconf 77' lang='grc' dir='ltr'>ἀπὸ</span> <span class='ocrx_word' id='word_1_251' title='bbox 1647 2114 1816 2184; x_wconf 83' lang='grc' dir='ltr'>ἄλλης</span> <span class='ocrx_word' id='word_1_252' title='bbox 1843 2117 1937 2170; x_wconf 87' lang='grc' dir='ltr'>ἐκ·</span> 
     </span>
    </p>
   </div>
   <div class='ocr_carea' id='block_1_37' title="bbox 367 2198 1938 2278">
    <p class='ocr_par' dir='ltr' id='par_1_37' title="bbox 367 2198 1938 2278">
     <span class='ocr_line' id='line_1_37' title="bbox 367 2198 1938 2278; baseline 0.008 -27"><span class='ocrx_word' id='word_1_253' title='bbox 367 2198 594 2268; x_wconf 88' lang='grc' dir='ltr'>κλησίας</span> <span class='ocrx_word' id='word_1_254' title='bbox 651 2201 733 2264; x_wconf 89' lang='grc' dir='ltr'><strong>είς</strong></span> <span class='ocrx_word' id='word_1_255' title='bbox 779 2201 947 2271; x_wconf 79' lang='grc' dir='ltr'>ἄλλην</span> <span class='ocrx_word' id='word_1_256' title='bbox 977 2203 1238 2267; x_wconf 83' lang='grc' dir='ltr'>ἀπιόντας</span> <span class='ocrx_word' id='word_1_257' title='bbox 1261 2218 1276 2236; x_wconf 80' lang='grc' dir='ltr'><strong><em>ο</em></strong></span> <span class='ocrx_word' id='word_1_258' title='bbox 1309 2205 1404 2270; x_wconf 81' lang='grc' dir='ltr'><strong>οὒς</strong></span> <span class='ocrx_word' id='word_1_259' title='bbox 1435 2208 1531 2260; x_wconf 80' lang='grc' dir='ltr'><strong>καὶ</strong></span> <span class='ocrx_word' id='word_1_260' title='bbox 1585 2207 1660 2278; x_wconf 87' lang='grc' dir='ltr'>μὴ</span> <span class='ocrx_word' id='word_1_261' title='bbox 1688 2209 1938 2278; x_wconf 87' lang='grc' dir='ltr'>δέχεσθαι</span> 
     </span>
    </p>
   </div>
   <div class='ocr_carea' id='block_1_38' title="bbox 365 2292 1939 2369">
    <p class='ocr_par' dir='ltr' id='par_1_38' title="bbox 365 2292 1939 2369">
     <span class='ocr_line' id='line_1_38' title="bbox 365 2292 1939 2369; baseline 0.008 -25"><span class='ocrx_word' id='word_1_262' title='bbox 365 2293 514 2363; x_wconf 79' lang='grc' dir='ltr'>παρὰ</span> <span class='ocrx_word' id='word_1_263' title='bbox 538 2292 646 2346; x_wconf 88' lang='grc' dir='ltr'><strong>τῶν</strong></span> <span class='ocrx_word' id='word_1_264' title='bbox 676 2294 1040 2366; x_wconf 81' lang='grc' dir='ltr'>προεστώτων</span> <span class='ocrx_word' id='word_1_265' title='bbox 1067 2297 1176 2349; x_wconf 86' lang='grc' dir='ltr'><strong>τῶν</strong></span> <span class='ocrx_word' id='word_1_266' title='bbox 1209 2298 1543 2369; x_wconf 84' lang='grc' dir='ltr'>ἐκκλησιῶν,</span> <span class='ocrx_word' id='word_1_267' title='bbox 1573 2302 1631 2354; x_wconf 84' lang='grc' dir='ltr'><strong>ἐν</strong></span> <span class='ocrx_word' id='word_1_268' title='bbox 1657 2298 1746 2366; x_wconf 72' lang='grc' dir='ltr'><strong>αἷς</strong></span> <span class='ocrx_word' id='word_1_269' title='bbox 1775 2303 1939 2356; x_wconf 86' lang='grc' dir='ltr'>ἀπία-</span> 
     </span>
    </p>
   </div>
   <div class='ocr_carea' id='block_1_39' title="bbox 367 2387 1940 2464">
    <p class='ocr_par' dir='ltr' id='par_1_39' title="bbox 367 2387 1940 2464">
     <span class='ocr_line' id='line_1_39' title="bbox 367 2387 1940 2464; baseline 0.008 -26"><span class='ocrx_word' id='word_1_270' title='bbox 367 2403 474 2450; x_wconf 88' lang='grc' dir='ltr'>σιν,</span> <span class='ocrx_word' id='word_1_271' title='bbox 510 2387 538 2439; x_wconf 86' lang='grc' dir='ltr'><strong>ὁ</strong></span> <span class='ocrx_word' id='word_1_272' title='bbox 568 2390 751 2439; x_wconf 85' lang='grc' dir='ltr'>κανὼν</span> <span class='ocrx_word' id='word_1_273' title='bbox 786 2388 1165 2458; x_wconf 83' lang='grc' dir='ltr'>ἐγκελεύεται,</span> <span class='ocrx_word' id='word_1_274' title='bbox 1197 2395 1246 2447; x_wconf 86' lang='grc' dir='ltr'><strong>εί</strong></span> <span class='ocrx_word' id='word_1_275' title='bbox 1279 2393 1354 2463; x_wconf 80' lang='grc' dir='ltr'>μὴ</span> <span class='ocrx_word' id='word_1_276' title='bbox 1387 2395 1669 2464; x_wconf 75' lang='grc' dir='ltr'>εἰρηνικὰς</span> <span class='ocrx_word' id='word_1_277' title='bbox 1715 2397 1940 2450; x_wconf 81' lang='grc' dir='ltr'>ἐπιστοο</span> 
     </span>
    </p>
   </div>
   <div class='ocr_carea' id='block_1_40' title="bbox 355 2476 1939 2558">
    <p class='ocr_par' dir='ltr' id='par_1_40' title="bbox 355 2476 1939 2558">
     <span class='ocr_line' id='line_1_40' title="bbox 355 2476 1939 2558; baseline 0.009 -31"><span class='ocrx_word' id='word_1_278' title='bbox 355 2476 460 2538; x_wconf 71' lang='grc' dir='ltr'>’λὰς</span> <span class='ocrx_word' id='word_1_279' title='bbox 487 2478 841 2548; x_wconf 73' lang='grc' dir='ltr'>ἐπιφέρονται</span> <span class='ocrx_word' id='word_1_280' title='bbox 877 2480 986 2534; x_wconf 88' lang='grc' dir='ltr'><strong>τῶν</strong></span> <span class='ocrx_word' id='word_1_281' title='bbox 1034 2484 1396 2548; x_wconf 84' lang='grc' dir='ltr'>προεστώτων</span> <span class='ocrx_word' id='word_1_282' title='bbox 1443 2486 1565 2540; x_wconf 86' lang='grc' dir='ltr'><strong>τῶν</strong></span> <span class='ocrx_word' id='word_1_283' title='bbox 1602 2487 1939 2558; x_wconf 82' lang='grc' dir='ltr'>ἐκκλησιῶν,</span> 
     </span>
    </p>
   </div>
   <div class='ocr_carea' id='block_1_41' title="bbox 364 2565 1940 2644">
    <p class='ocr_par' dir='ltr' id='par_1_41' title="bbox 364 2565 1940 2644">
     <span class='ocr_line' id='line_1_41' title="bbox 364 2565 1940 2644; baseline 0.008 -23"><span class='ocrx_word' id='word_1_284' title='bbox 364 2567 423 2633; x_wconf 81' lang='grc' dir='ltr'><strong>ἐξ</strong></span> <span class='ocrx_word' id='word_1_285' title='bbox 456 2565 531 2622; x_wconf 80' lang='grc' dir='ltr'>ὧν</span> <span class='ocrx_word' id='word_1_286' title='bbox 561 2570 952 2642; x_wconf 86' lang='grc' dir='ltr'>ὑπεχώρησαν.</span> <span class='ocrx_word' id='word_1_287' title='bbox 1004 2572 1061 2627; x_wconf 85' lang='lat'><strong>&#39;0</strong></span> <span class='ocrx_word' id='word_1_288' title='bbox 1091 2575 1146 2628; x_wconf 83' lang='grc' dir='ltr'><strong>δέ</strong></span> <span class='ocrx_word' id='word_1_289' title='bbox 1175 2575 1254 2644; x_wconf 67' lang='grc' dir='ltr'>λγθ</span> <span class='ocrx_word' id='word_1_290' title='bbox 1280 2577 1388 2632; x_wconf 86' lang='grc' dir='ltr'><strong>τῶν</strong></span> <span class='ocrx_word' id='word_1_291' title='bbox 1417 2579 1734 2633; x_wconf 82' lang='grc' dir='ltr'>ἀποστόλων</span> <span class='ocrx_word' id='word_1_292' title='bbox 1761 2581 1940 2634; x_wconf 86' lang='grc' dir='ltr'>κανὼν</span> 
     </span>
    </p>
   </div>
   <div class='ocr_carea' id='block_1_42' title="bbox 367 2661 1942 2742">
    <p class='ocr_par' dir='ltr' id='par_1_42' title="bbox 367 2661 1942 2742">
     <span class='ocr_line' id='line_1_42' title="bbox 367 2661 1942 2742; baseline 0.006 -28"><span class='ocrx_word' id='word_1_293' title='bbox 367 2661 707 2731; x_wconf 81' lang='grc' dir='ltr'>σαφέστερον</span> <span class='ocrx_word' id='word_1_294' title='bbox 737 2663 798 2715; x_wconf 81' lang='grc' dir='ltr'><strong>τὸ</strong></span> <span class='ocrx_word' id='word_1_295' title='bbox 848 2662 959 2718; x_wconf 84' lang='grc' dir='ltr'><strong>τῶν</strong></span> <span class='ocrx_word' id='word_1_296' title='bbox 995 2663 1163 2730; x_wconf 83' lang='grc' dir='ltr'>ξένων</span> <span class='ocrx_word' id='word_1_297' title='bbox 1196 2668 1353 2738; x_wconf 75' lang='grc' dir='ltr'>φησὶ,</span> <span class='ocrx_word' id='word_1_298' title='bbox 1383 2669 1560 2738; x_wconf 87' lang='grc' dir='ltr'>λέγων</span> <span class='ocrx_word' id='word_1_299' title='bbox 1599 2671 1803 2742; x_wconf 84' lang='grc' dir='ltr'>μηδένα</span> <span class='ocrx_word' id='word_1_300' title='bbox 1831 2672 1942 2725; x_wconf 85' lang='grc' dir='ltr'><strong>τῶν</strong></span> 
     </span>
    </p>
   </div>
   <div class='ocr_carea' id='block_1_43' title="bbox 366 2755 1943 2833">
    <p class='ocr_par' dir='ltr' id='par_1_43' title="bbox 366 2755 1943 2833">
     <span class='ocr_line' id='line_1_43' title="bbox 366 2755 1943 2833; baseline 0.007 -26"><span class='ocrx_word' id='word_1_301' title='bbox 366 2755 538 2820; x_wconf 77' lang='grc' dir='ltr'>ξένων</span> <span class='ocrx_word' id='word_1_302' title='bbox 565 2756 952 2826; x_wconf 86' lang='grc' dir='ltr'>πρεσϐυτέρων</span> <span class='ocrx_word' id='word_1_303' title='bbox 993 2761 1089 2814; x_wconf 55' lang='grc' dir='ltr'><strong>κοιλ⁹</strong></span> <span class='ocrx_word' id='word_1_304' title='bbox 1115 2761 1380 2817; x_wconf 86' lang='grc' dir='ltr'>διακόνων</span> <span class='ocrx_word' id='word_1_305' title='bbox 1412 2764 1444 2833; x_wconf 77' lang='grc' dir='ltr'>ἢ</span> <span class='ocrx_word' id='word_1_306' title='bbox 1485 2765 1581 2817; x_wconf 77' lang='grc' dir='ltr'><strong>καὶ</strong></span> <span class='ocrx_word' id='word_1_307' title='bbox 1623 2765 1943 2819; x_wconf 89' lang='grc' dir='ltr'>ἐπισκόπων</span> 
     </span>
    </p>
   </div>
   <div class='ocr_carea' id='block_1_44' title="bbox 369 2846 1945 2924">
    <p class='ocr_par' dir='ltr' id='par_1_44' title="bbox 369 2846 1945 2924">
     <span class='ocr_line' id='line_1_44' title="bbox 369 2846 1945 2924; baseline 0.006 -26"><span class='ocrx_word' id='word_1_308' title='bbox 369 2846 501 2899; x_wconf 78' lang='grc' dir='ltr'>ἄνευ</span> <span class='ocrx_word' id='word_1_309' title='bbox 539 2847 885 2903; x_wconf 83' lang='grc' dir='ltr'>συστατικῶν</span> <span class='ocrx_word' id='word_1_310' title='bbox 915 2851 1219 2906; x_wconf 73' lang='grc' dir='ltr'>ἐπιστολῶν</span> <span class='ocrx_word' id='word_1_311' title='bbox 1250 2852 1666 2924; x_wconf 83' lang='grc' dir='ltr'>προσδέχεσθαι.</span> <span class='ocrx_word' id='word_1_312' title='bbox 1723 2851 1945 2920; x_wconf 79' lang='grc' dir='ltr'>Ξενίζε-</span> 
     </span>
    </p>
   </div>
   <div class='ocr_carea' id='block_1_45' title="bbox 365 2940 1947 3016">
    <p class='ocr_par' dir='ltr' id='par_1_45' title="bbox 365 2940 1947 3016">
     <span class='ocr_line' id='line_1_45' title="bbox 365 2940 1947 3016; baseline 0.004 -23"><span class='ocrx_word' id='word_1_313' title='bbox 365 2940 490 2995; x_wconf 83' lang='grc' dir='ltr'>σθαι</span> <span class='ocrx_word' id='word_1_314' title='bbox 526 2941 625 3010; x_wconf 83' lang='grc' dir='ltr'>μὲν</span> <span class='ocrx_word' id='word_1_315' title='bbox 650 2941 758 3014; x_wconf 77' lang='grc' dir='ltr'><strong>γὰρ</strong></span> <span class='ocrx_word' id='word_1_316' title='bbox 782 2944 982 3008; x_wconf 82' lang='grc' dir='ltr'>αὐτοὺς</span> <span class='ocrx_word' id='word_1_317' title='bbox 1013 2945 1041 2998; x_wconf 90' lang='grc' dir='ltr'><strong>ό</strong></span> <span class='ocrx_word' id='word_1_318' title='bbox 1087 2943 1289 3010; x_wconf 86' lang='grc' dir='ltr'>κανὼν,</span> <span class='ocrx_word' id='word_1_319' title='bbox 1317 2947 1414 3000; x_wconf 81' lang='grc' dir='ltr'><strong>καὶ</strong></span> <span class='ocrx_word' id='word_1_320' title='bbox 1464 2947 1818 3016; x_wconf 79' lang='grc' dir='ltr'>χορηγεῖσθαι</span> <span class='ocrx_word' id='word_1_321' title='bbox 1847 2947 1947 3000; x_wconf 80' lang='grc' dir='ltr'>αὐ-</span> 
     </span>
    </p>
   </div>
   <div class='ocr_carea' id='block_1_46' title="bbox 365 3033 1945 3110">
    <p class='ocr_par' dir='ltr' id='par_1_46' title="bbox 365 3033 1945 3110">
     <span class='ocr_line' id='line_1_46' title="bbox 365 3033 1945 3110; baseline 0.006 -25"><span class='ocrx_word' id='word_1_322' title='bbox 365 3033 492 3096; x_wconf 75' lang='grc' dir='ltr'>τοὺς</span> <span class='ocrx_word' id='word_1_323' title='bbox 519 3034 586 3088; x_wconf 83' lang='grc' dir='ltr'>τὰ</span> <span class='ocrx_word' id='word_1_324' title='bbox 614 3035 752 3104; x_wconf 83' lang='grc' dir='ltr'>πρὸς</span> <span class='ocrx_word' id='word_1_325' title='bbox 776 3037 875 3107; x_wconf 79' lang='grc' dir='ltr'>τὴν</span> <span class='ocrx_word' id='word_1_326' title='bbox 906 3037 1100 3108; x_wconf 81' lang='grc' dir='ltr'>χρείαν</span> <span class='ocrx_word' id='word_1_327' title='bbox 1130 3039 1286 3108; x_wconf 84' lang='grc' dir='ltr'>παρὰ</span> <span class='ocrx_word' id='word_1_328' title='bbox 1320 3037 1453 3104; x_wconf 85' lang='grc' dir='ltr'>τῶν,</span> <span class='ocrx_word' id='word_1_329' title='bbox 1485 3039 1624 3110; x_wconf 82' lang='grc' dir='ltr'>πρὸς</span> <span class='ocrx_word' id='word_1_330' title='bbox 1643 3039 1737 3103; x_wconf 81' lang='grc' dir='ltr'><strong>οὓς</strong></span> <span class='ocrx_word' id='word_1_331' title='bbox 1764 3041 1945 3109; x_wconf 81' lang='grc' dir='ltr'><strong>ἀπῆλ·</strong></span> 
     </span>
    </p>
   </div>
   <div class='ocr_carea' id='block_1_47' title="bbox 367 3126 1946 3202">
    <p class='ocr_par' dir='ltr' id='par_1_47' title="bbox 367 3126 1946 3202">
     <span class='ocr_line' id='line_1_47' title="bbox 367 3126 1946 3202; baseline 0.004 -22"><span class='ocrx_word' id='word_1_332' title='bbox 367 3126 480 3193; x_wconf 81' lang='grc' dir='ltr'>θον,</span> <span class='ocrx_word' id='word_1_333' title='bbox 539 3128 866 3198; x_wconf 80' lang='grc' dir='ltr'>ἐπιτρέπει·</span> <span class='ocrx_word' id='word_1_334' title='bbox 924 3130 1180 3202; x_wconf 86' lang='grc' dir='ltr'>δέχεσθαι</span> <span class='ocrx_word' id='word_1_335' title='bbox 1232 3130 1291 3186; x_wconf 79' lang='grc' dir='ltr'>δὲ</span> <span class='ocrx_word' id='word_1_336' title='bbox 1367 3133 1447 3197; x_wconf 85' lang='grc' dir='ltr'><strong>είς</strong></span> <span class='ocrx_word' id='word_1_337' title='bbox 1483 3132 1783 3194; x_wconf 77' lang='grc' dir='ltr'>,κοινωνίαν</span> <span class='ocrx_word' id='word_1_338' title='bbox 1833 3133 1946 3187; x_wconf 80' lang='grc' dir='ltr'><strong>ἀπ-</strong></span> 
     </span>
    </p>
   </div>
   <div class='ocr_carea' id='block_1_48' title="bbox 365 3220 645 3286">
    <p class='ocr_par' dir='ltr' id='par_1_48' title="bbox 365 3220 645 3286">
     <span class='ocr_line' id='line_1_48' title="bbox 365 3220 645 3286; baseline 0.011 -12"><span class='ocrx_word' id='word_1_339' title='bbox 365 3220 645 3286; x_wconf 83' lang='grc' dir='ltr'>αγορεύει.</span> 
     </span>
    </p>
   </div>
   <div class='ocr_carea' id='block_1_49' title="bbox 367 3311 1949 3393">
    <p class='ocr_par' dir='ltr' id='par_1_49' title="bbox 367 3311 1949 3393">
     <span class='ocr_line' id='line_1_49' title="bbox 367 3311 1949 3393; baseline 0.009 -29"><span class='ocrx_word' id='word_1_340' title='bbox 367 3311 594 3370; x_wconf 80' lang='grc' dir='ltr'><strong>ΑΡΙΣΤ.</strong></span> <span class='ocrx_word' id='word_1_341' title='bbox 655 3332 674 3369; x_wconf 81' lang='lat' dir='ltr'><strong>t</strong></span> <span class='ocrx_word' id='word_1_342' title='bbox 731 3315 793 3372; x_wconf 80' lang='grc' dir='ltr'><strong>Ὀ</strong></span> <span class='ocrx_word' id='word_1_343' title='bbox 827 3316 1000 3384; x_wconf 81' lang='grc' dir='ltr'>ξένος,</span> <span class='ocrx_word' id='word_1_344' title='bbox 1026 3318 1308 3388; x_wconf 79' lang='grc' dir='ltr'>εἰρηνικὰς</span> <span class='ocrx_word' id='word_1_345' title='bbox 1335 3319 1628 3386; x_wconf 79' lang='grc' dir='ltr'>ἐπιστολὰς</span> <span class='ocrx_word' id='word_1_346' title='bbox 1656 3320 1718 3374; x_wconf 82' lang='grc' dir='ltr'>οὐ</span> <span class='ocrx_word' id='word_1_347' title='bbox 1743 3322 1949 3393; x_wconf 81' lang='grc' dir='ltr'>προσά-</span> 
     </span>
    </p>
   </div>
   <div class='ocr_carea' id='block_1_50' title="bbox 761 3410 1513 3481">
    <p class='ocr_par' dir='ltr' id='par_1_50' title="bbox 761 3410 1513 3481">
     <span class='ocr_line' id='line_1_50' title="bbox 761 3410 1513 3481; baseline 0.003 -19"><span class='ocrx_word' id='word_1_348' title='bbox 761 3428 812 3471; x_wconf 83' lang='grc' dir='ltr'><strong>,ι</strong></span> <span class='ocrx_word' id='word_1_349' title='bbox 859 3427 995 3478; x_wconf 88' lang='grc' dir='ltr'>γων,</span> <span class='ocrx_word' id='word_1_350' title='bbox 1057 3410 1452 3481; x_wconf 83' lang='grc' dir='ltr'>ἀπρόσδεκτος.</span> <span class='ocrx_word' id='word_1_351' title='bbox 1495 3430 1513 3464; x_wconf 75' lang='grc' dir='ltr'><strong>ι</strong></span> 
     </span>
    </p>
   </div>
   <div class='ocr_carea' id='block_1_51' title="bbox 447 3498 1946 3579">
    <p class='ocr_par' dir='ltr' id='par_1_51' title="bbox 447 3498 1946 3579">
     <span class='ocr_line' id='line_1_51' title="bbox 447 3498 1946 3579; baseline 0.005 -26"><span class='ocrx_word' id='word_1_352' title='bbox 447 3498 538 3554; x_wconf 85' lang='grc' dir='ltr'>Ἐν</span> <span class='ocrx_word' id='word_1_353' title='bbox 589 3501 808 3563; x_wconf 82' lang='grc' dir='ltr'>πολλοῖς</span> <span class='ocrx_word' id='word_1_354' title='bbox 859 3503 1078 3574; x_wconf 76' lang='grc' dir='ltr'>εἴρηται</span> <span class='ocrx_word' id='word_1_355' title='bbox 1133 3503 1325 3558; x_wconf 86' lang='grc' dir='ltr'>κανόσι</span> <span class='ocrx_word' id='word_1_356' title='bbox 1375 3505 1474 3558; x_wconf 79' lang='grc' dir='ltr'>καὶ</span> <span class='ocrx_word' id='word_1_357' title='bbox 1522 3505 1703 3570; x_wconf 76' lang='grc' dir='ltr'>τοῦτο,</span> <span class='ocrx_word' id='word_1_358' title='bbox 1762 3506 1823 3561; x_wconf 75' lang='grc' dir='ltr'>τὸ</span> <span class='ocrx_word' id='word_1_359' title='bbox 1871 3506 1946 3579; x_wconf 78' lang='grc' dir='ltr'>μὴ</span> 
     </span>
    </p>
   </div>
   <div class='ocr_carea' id='block_1_52' title="bbox 366 3590 1948 3668">
    <p class='ocr_par' dir='ltr' id='par_1_52' title="bbox 366 3590 1948 3668">
     <span class='ocr_line' id='line_1_52' title="bbox 366 3590 1948 3668; baseline 0.004 -24"><span class='ocrx_word' id='word_1_360' title='bbox 366 3590 490 3654; x_wconf 76' lang='grc' dir='ltr'>τοὺς</span> <span class='ocrx_word' id='word_1_361' title='bbox 521 3591 1056 3665; x_wconf 79' lang='grc' dir='ltr'>ξενοχειροτονήτους</span> <span class='ocrx_word' id='word_1_362' title='bbox 1086 3594 1488 3665; x_wconf 83' lang='grc' dir='ltr'>προσδέχεσθαι</span> <span class='ocrx_word' id='word_1_363' title='bbox 1514 3593 1644 3650; x_wconf 65' lang='grc' dir='ltr'>ἄνευ</span> <span class='ocrx_word' id='word_1_364' title='bbox 1675 3597 1948 3668; x_wconf 83' lang='grc' dir='ltr'>γραμμά-</span> 
     </span>
    </p>
   </div>
   <div class='ocr_carea' id='block_1_53' title="bbox 366 3680 1944 3759">
    <p class='ocr_par' dir='ltr' id='par_1_53' title="bbox 366 3680 1944 3759">
     <span class='ocr_line' id='line_1_53' title="bbox 366 3680 1944 3759; baseline 0.004 -24"><span class='ocrx_word' id='word_1_365' title='bbox 366 3701 477 3737; x_wconf 86' lang='grc' dir='ltr'><strong>των</strong></span> <span class='ocrx_word' id='word_1_366' title='bbox 503 3684 600 3739; x_wconf 83' lang='grc' dir='ltr'>τοῦ</span> <span class='ocrx_word' id='word_1_367' title='bbox 631 3686 936 3740; x_wconf 81' lang='grc' dir='ltr'>ἐπισκόπου</span> <span class='ocrx_word' id='word_1_368' title='bbox 971 3688 1103 3759; x_wconf 86' lang='grc' dir='ltr'>παρ’</span> <span class='ocrx_word' id='word_1_369' title='bbox 1144 3680 1206 3742; x_wconf 74' lang='grc' dir='ltr'>οὗ</span> <span class='ocrx_word' id='word_1_370' title='bbox 1235 3686 1332 3757; x_wconf 83' lang='grc' dir='ltr'><strong>τὴν</strong></span> <span class='ocrx_word' id='word_1_371' title='bbox 1365 3687 1712 3759; x_wconf 84' lang='grc' dir='ltr'>χειροτονίαν</span> <span class='ocrx_word' id='word_1_372' title='bbox 1763 3687 1944 3744; x_wconf 55' lang='lat' dir='ltr'><strong>ausas-</strong></span> 
     </span>
    </p>
   </div>
   <div class='ocr_carea' id='block_1_54' title="bbox 369 3775 549 3840">
    <p class='ocr_par' dir='ltr' id='par_1_54' title="bbox 369 3775 549 3840">
     <span class='ocr_line' id='line_1_54' title="bbox 369 3775 549 3840; baseline 0.022 -10"><span class='ocrx_word' id='word_1_373' title='bbox 369 3775 549 3840; x_wconf 81' lang='grc' dir='ltr'>ξαντο.</span> 
     </span>
    </p>
   </div>
   <div class='ocr_carea' id='block_1_55' title="bbox 974 3873 1345 3932">
    <p class='ocr_par' dir='ltr' id='par_1_55' title="bbox 974 3873 1345 3932">
     <span class='ocr_line' id='line_1_55' title="bbox 974 3873 1345 3932; baseline 0.003 -4"><span class='ocrx_word' id='word_1_374' title='bbox 974 3873 1218 3928; x_wconf 78' lang='grc' dir='ltr'>ΚᾹΝΩΝ</span> <span class='ocrx_word' id='word_1_375' title='bbox 1259 3877 1345 3932; x_wconf 84' lang='lat' dir='ltr'><strong>H&#39;.</strong></span> 
     </span>
    </p>
   </div>
   <div class='ocr_carea' id='block_1_56' title="bbox 376 3985 1949 4058">
    <p class='ocr_par' dir='ltr' id='par_1_56' title="bbox 376 3985 1949 4058">
     <span class='ocr_line' id='line_1_56' title="bbox 376 3985 1949 4058; baseline 0.003 -21"><span class='ocrx_word' id='word_1_376' title='bbox 376 4004 394 4037; x_wconf 82' lang='grc' dir='ltr'><strong>ι</strong></span> <span class='ocrx_word' id='word_1_377' title='bbox 439 3985 594 4057; x_wconf 83' lang='grc' dir='ltr'>Μηδέ</span> <span class='ocrx_word' id='word_1_378' title='bbox 631 3986 1044 4057; x_wconf 82' lang='grc' dir='ltr'>πρεσϐυτέρους</span> <span class='ocrx_word' id='word_1_379' title='bbox 1074 3987 1202 4050; x_wconf 75' lang='grc' dir='ltr'>τοὺς</span> <span class='ocrx_word' id='word_1_380' title='bbox 1229 3989 1288 4040; x_wconf 90' lang='grc' dir='ltr'>ἐν</span> <span class='ocrx_word' id='word_1_381' title='bbox 1316 3989 1438 4050; x_wconf 78' lang='grc' dir='ltr'>ταῖς</span> <span class='ocrx_word' id='word_1_382' title='bbox 1468 3988 1678 4058; x_wconf 80' lang='grc' dir='ltr'>χώραις</span> <span class='ocrx_word' id='word_1_383' title='bbox 1727 4003 1949 4041; x_wconf 72' lang='grc' dir='ltr'>κανονισ-</span> 
     </span>
    </p>
   </div>
   <div class='ocr_carea' id='block_1_57' title="bbox 447 4078 1954 4151">
    <p class='ocr_par' dir='ltr' id='par_1_57' title="bbox 447 4078 1954 4151">
     <span class='ocr_line' id='line_1_57' title="bbox 447 4078 1954 4151; baseline 0.001 -21"><span class='ocrx_word' id='word_1_384' title='bbox 447 4095 466 4130; x_wconf 79' lang='grc' dir='ltr'><strong>ι</strong></span> <span class='ocrx_word' id='word_1_385' title='bbox 513 4078 616 4143; x_wconf 69' lang='grc' dir='ltr'>κάς</span> <span class='ocrx_word' id='word_1_386' title='bbox 647 4078 938 4142; x_wconf 84' lang='grc' dir='ltr'>ἐπιστολὰς</span> <span class='ocrx_word' id='word_1_387' title='bbox 970 4079 1196 4143; x_wconf 85' lang='grc' dir='ltr'>διδόναι,</span> <span class='ocrx_word' id='word_1_388' title='bbox 1225 4080 1258 4151; x_wconf 77' lang='grc' dir='ltr'><strong>ἢ</strong></span> <span class='ocrx_word' id='word_1_389' title='bbox 1296 4081 1435 4150; x_wconf 75' lang='grc' dir='ltr'>πρὸς</span> <span class='ocrx_word' id='word_1_390' title='bbox 1466 4079 1660 4149; x_wconf 85' lang='grc' dir='ltr'>μόνους</span> <span class='ocrx_word' id='word_1_391' title='bbox 1691 4079 1815 4144; x_wconf 77' lang='grc' dir='ltr'>τοὺς</span> <span class='ocrx_word' id='word_1_392' title='bbox 1846 4079 1954 4146; x_wconf 85' lang='grc' dir='ltr'>γεί-</span> 
     </span>
    </p>
   </div>
   <div class='ocr_carea' id='block_1_58' title="bbox 453 4169 1951 4240">
    <p class='ocr_par' dir='ltr' id='par_1_58' title="bbox 453 4169 1951 4240">
     <span class='ocr_line' id='line_1_58' title="bbox 453 4169 1951 4240; baseline -0.001 -16"><span class='ocrx_word' id='word_1_393' title='bbox 453 4189 472 4223; x_wconf 79' lang='grc' dir='ltr'><strong>ι</strong></span> <span class='ocrx_word' id='word_1_394' title='bbox 517 4189 677 4233; x_wconf 86' lang='grc' dir='ltr'>τονας</span> <span class='ocrx_word' id='word_1_395' title='bbox 709 4171 1046 4234; x_wconf 84' lang='grc' dir='ltr'>ἐπισκόπους</span> <span class='ocrx_word' id='word_1_396' title='bbox 1092 4171 1385 4234; x_wconf 83' lang='grc' dir='ltr'>ἐπιστολὰς</span> <span class='ocrx_word' id='word_1_397' title='bbox 1418 4171 1730 4240; x_wconf 85' lang='grc' dir='ltr'>ἐκπέμπειν</span> <span class='ocrx_word' id='word_1_398' title='bbox 1756 4183 1772 4201; x_wconf 78' lang='grc'><strong><em>⁸</em></strong></span> <span class='ocrx_word' id='word_1_399' title='bbox 1823 4169 1951 4233; x_wconf 74' lang='grc' dir='ltr'>τοὺς</span> 
     </span>
    </p>
   </div>
   <div class='ocr_carea' id='block_1_59' title="bbox 445 4261 1950 4336">
    <p class='ocr_par' dir='ltr' id='par_1_59' title="bbox 445 4261 1950 4336">
     <span class='ocr_line' id='line_1_59' title="bbox 445 4261 1950 4336; baseline 0 -21"><span class='ocrx_word' id='word_1_400' title='bbox 445 4281 464 4315; x_wconf 81' lang='grc' dir='ltr'><strong>ι</strong></span> <span class='ocrx_word' id='word_1_401' title='bbox 510 4262 566 4316; x_wconf 82' lang='grc' dir='ltr'>δὲ</span> <span class='ocrx_word' id='word_1_402' title='bbox 618 4263 1024 4333; x_wconf 86' lang='grc' dir='ltr'>ἀνεπιλήπτους</span> <span class='ocrx_word' id='word_1_403' title='bbox 1069 4264 1527 4336; x_wconf 88' lang='grc' dir='ltr'>χωρεπισκόπους</span> <span class='ocrx_word' id='word_1_404' title='bbox 1582 4262 1694 4334; x_wconf 74' lang='grc'><strong>(46)</strong></span> <span class='ocrx_word' id='word_1_405' title='bbox 1744 4261 1950 4317; x_wconf 86' lang='grc' dir='ltr'>διδόναι</span> 
     </span>
    </p>
   </div>
   <div class='ocr_carea' id='block_1_60' title="bbox 441 4355 880 4424">
    <p class='ocr_par' dir='ltr' id='par_1_60' title="bbox 441 4355 880 4424">
     <span class='ocr_line' id='line_1_60' title="bbox 441 4355 880 4424; baseline 0.005 -19"><span class='ocrx_word' id='word_1_406' title='bbox 441 4372 459 4405; x_wconf 78' lang='grc' dir='ltr'><strong>ι</strong></span> <span class='ocrx_word' id='word_1_407' title='bbox 506 4355 813 4424; x_wconf 75' lang='grc' dir='ltr'>εἰρηνικάς.</span> <span class='ocrx_word' id='word_1_408' title='bbox 862 4373 880 4407; x_wconf 76' lang='lat' dir='ltr'><strong>i</strong></span> 
     </span>
    </p>
   </div>
   <div class='ocr_carea' id='block_1_61' title="bbox 443 4445 1953 4518">
    <p class='ocr_par' dir='ltr' id='par_1_61' title="bbox 443 4445 1953 4518">
     <span class='ocr_line' id='line_1_61' title="bbox 443 4445 1953 4518; baseline 0.003 -20"><span class='ocrx_word' id='word_1_409' title='bbox 443 4445 641 4500; x_wconf 82' lang='grc' dir='ltr'><strong>ΒΑΛΣ.</strong></span> <span class='ocrx_word' id='word_1_410' title='bbox 675 4447 926 4516; x_wconf 85' lang='grc' dir='ltr'>Ἔμαθες</span> <span class='ocrx_word' id='word_1_411' title='bbox 956 4448 1102 4510; x_wconf 83' lang='grc' dir='ltr'>τίνες</span> <span class='ocrx_word' id='word_1_412' title='bbox 1129 4447 1267 4502; x_wconf 73' lang='grc' dir='ltr'>εἰσὶν</span> <span class='ocrx_word' id='word_1_413' title='bbox 1298 4448 1573 4518; x_wconf 71' lang='grc' dir='ltr'>εἰρηνικαὶ</span> <span class='ocrx_word' id='word_1_414' title='bbox 1599 4447 1716 4518; x_wconf 79' lang='grc' dir='ltr'>ἦτοι</span> <span class='ocrx_word' id='word_1_415' title='bbox 1750 4446 1953 4502; x_wconf 83' lang='grc' dir='ltr'>ἀπολυ-</span> 
     </span>
    </p>
   </div>
   <div class='ocr_carea' id='block_1_62' title="bbox 2045 2115 3622 2190">
    <p class='ocr_par' dir='ltr' id='par_1_62' title="bbox 2045 2115 3622 2190">
     <span class='ocr_line' id='line_1_62' title="bbox 2045 2115 3622 2190; baseline -0.005 -15"><span class='ocrx_word' id='word_1_416' title='bbox 2045 2128 2190 2184; x_wconf 90' lang='lat' dir='ltr'><strong>runt,</strong></span> <span class='ocrx_word' id='word_1_417' title='bbox 2221 2120 2315 2175; x_wconf 90' lang='lat' dir='ltr'><strong>sed</strong></span> <span class='ocrx_word' id='word_1_418' title='bbox 2348 2119 2593 2184; x_wconf 84' lang='lat' dir='ltr'><strong>clericos,</strong></span> <span class='ocrx_word' id='word_1_419' title='bbox 2623 2120 2712 2190; x_wconf 87' lang='lat' dir='ltr'><strong>qui</strong></span> <span class='ocrx_word' id='word_1_420' title='bbox 2744 2134 2809 2174; x_wconf 78' lang='lat' dir='ltr'><strong>ex</strong></span> <span class='ocrx_word' id='word_1_421' title='bbox 2850 2119 2955 2174; x_wconf 81' lang='lat' dir='ltr'><strong>alia</strong></span> <span class='ocrx_word' id='word_1_422' title='bbox 3008 2117 3060 2172; x_wconf 91' lang='lat' dir='ltr'><strong>in</strong></span> <span class='ocrx_word' id='word_1_423' title='bbox 3118 2117 3276 2170; x_wconf 89' lang='lat' dir='ltr'><strong>aliam</strong></span> <span class='ocrx_word' id='word_1_424' title='bbox 3335 2115 3622 2171; x_wconf 83' lang='lat' dir='ltr'><strong>ecclesiam</strong></span> 
     </span>
    </p>
   </div>
   <div class='ocr_carea' id='block_1_63' title="bbox 2044 2207 3624 2281">
    <p class='ocr_par' dir='ltr' id='par_1_63' title="bbox 2044 2207 3624 2281">
     <span class='ocr_line' id='line_1_63' title="bbox 2044 2207 3624 2281; baseline -0.004 -15"><span class='ocrx_word' id='word_1_425' title='bbox 2044 2212 2482 2281; x_wconf 91' lang='lat' dir='ltr'><strong>proﬁciscuntur,</strong></span> <span class='ocrx_word' id='word_1_426' title='bbox 2514 2210 2794 2280; x_wconf 80' lang='lat' dir='ltr'><strong>intelligit;</strong></span> <span class='ocrx_word' id='word_1_427' title='bbox 2833 2225 2969 2280; x_wconf 91' lang='lat' dir='ltr'><strong>quos</strong></span> <span class='ocrx_word' id='word_1_428' title='bbox 2991 2209 3208 2279; x_wconf 87' lang='lat' dir='ltr'><strong>quidem</strong></span> <span class='ocrx_word' id='word_1_429' title='bbox 3240 2223 3269 2262; x_wconf 89' lang='lat' dir='ltr'><strong>a</strong></span> <span class='ocrx_word' id='word_1_430' title='bbox 3298 2207 3624 2278; x_wconf 77' lang='lat' dir='ltr'><strong>praesulibus</strong></span> 
     </span>
    </p>
   </div>
   <div class='ocr_carea' id='block_1_64' title="bbox 2045 2299 3624 2375">
    <p class='ocr_par' dir='ltr' id='par_1_64' title="bbox 2045 2299 3624 2375">
     <span class='ocr_line' id='line_1_64' title="bbox 2045 2299 3624 2375; baseline -0.004 -15"><span class='ocrx_word' id='word_1_431' title='bbox 2045 2306 2421 2369; x_wconf 87' lang='lat' dir='ltr'><strong>ecclesiarum,</strong></span> <span class='ocrx_word' id='word_1_432' title='bbox 2455 2305 2517 2360; x_wconf 89' lang='lat' dir='ltr'><strong>ad</strong></span> <span class='ocrx_word' id='word_1_433' title='bbox 2549 2320 2683 2375; x_wconf 80' lang='lat' dir='ltr'><strong>quas</strong></span> <span class='ocrx_word' id='word_1_434' title='bbox 2716 2319 2773 2358; x_wconf 91' lang='lat' dir='ltr'><strong>se</strong></span> <span class='ocrx_word' id='word_1_435' title='bbox 2800 2303 3107 2365; x_wconf 80' lang='lat' dir='ltr'><strong>conferunt,</strong></span> <span class='ocrx_word' id='word_1_436' title='bbox 3160 2302 3264 2356; x_wconf 88' lang='lat' dir='ltr'><strong>nisi</strong></span> <span class='ocrx_word' id='word_1_437' title='bbox 3298 2315 3327 2354; x_wconf 91' lang='lat' dir='ltr'><strong>a</strong></span> <span class='ocrx_word' id='word_1_438' title='bbox 3353 2299 3624 2369; x_wconf 82' lang='lat' dir='ltr'><strong>praefectis</strong></span> 
     </span>
    </p>
   </div>
   <div class='ocr_carea' id='block_1_65' title="bbox 2047 2392 3627 2466">
    <p class='ocr_par' dir='ltr' id='par_1_65' title="bbox 2047 2392 3627 2466">
     <span class='ocr_line' id='line_1_65' title="bbox 2047 2392 3627 2466; baseline -0.006 -12"><span class='ocrx_word' id='word_1_439' title='bbox 2047 2398 2422 2462; x_wconf 88' lang='lat' dir='ltr'><strong>ecclesiarum,</strong></span> <span class='ocrx_word' id='word_1_440' title='bbox 2472 2413 2501 2452; x_wconf 87' lang='lat' dir='ltr'><strong>a</strong></span> <span class='ocrx_word' id='word_1_441' title='bbox 2534 2397 2727 2466; x_wconf 89' lang='lat' dir='ltr'><strong>quibus</strong></span> <span class='ocrx_word' id='word_1_442' title='bbox 2753 2396 3078 2461; x_wconf 83' lang='lat' dir='ltr'><strong>discessere,</strong></span> <span class='ocrx_word' id='word_1_443' title='bbox 3126 2393 3380 2465; x_wconf 88' lang='lat' dir='ltr'><strong>paciﬁcas</strong></span> <span class='ocrx_word' id='word_1_444' title='bbox 3422 2392 3627 2462; x_wconf 89' lang='lat' dir='ltr'><strong>episto-</strong></span> 
     </span>
    </p>
   </div>
   <div class='ocr_carea' id='block_1_66' title="bbox 2049 2486 3629 2558">
    <p class='ocr_par' dir='ltr' id='par_1_66' title="bbox 2049 2486 3629 2558">
     <span class='ocr_line' id='line_1_66' title="bbox 2049 2486 3629 2558; baseline -0.006 -12"><span class='ocrx_word' id='word_1_445' title='bbox 2049 2492 2130 2547; x_wconf 87' lang='lat' dir='ltr'><strong>las</strong></span> <span class='ocrx_word' id='word_1_446' title='bbox 2165 2491 2412 2558; x_wconf 77' lang='lat' dir='ltr'><strong>aﬁ‘erant,</strong></span> <span class='ocrx_word' id='word_1_447' title='bbox 2443 2491 2530 2546; x_wconf 87' lang='lat' dir='ltr'><strong>hic</strong></span> <span class='ocrx_word' id='word_1_448' title='bbox 2557 2505 2731 2546; x_wconf 89' lang='lat' dir='ltr'><strong>canon</strong></span> <span class='ocrx_word' id='word_1_449' title='bbox 2782 2490 2991 2544; x_wconf 88' lang='lat' dir='ltr'><strong>admitti</strong></span> <span class='ocrx_word' id='word_1_450' title='bbox 3040 2498 3209 2543; x_wconf 82' lang='lat' dir='ltr'><strong>vetat.</strong></span> <span class='ocrx_word' id='word_1_451' title='bbox 3243 2486 3466 2540; x_wconf 83' lang='lat' dir='ltr'><strong>Externi</strong></span> <span class='ocrx_word' id='word_1_452' title='bbox 3498 2499 3629 2538; x_wconf 86' lang='lat' dir='ltr'><strong>vero</strong></span> 
     </span>
    </p>
   </div>
   <div class='ocr_carea' id='block_1_67' title="bbox 2051 2580 3627 2652">
    <p class='ocr_par' dir='ltr' id='par_1_67' title="bbox 2051 2580 3627 2652">
     <span class='ocr_line' id='line_1_67' title="bbox 2051 2580 3627 2652; baseline -0.006 -14"><span class='ocrx_word' id='word_1_453' title='bbox 2051 2584 2143 2652; x_wconf 91' lang='lat' dir='ltr'><strong>qui</strong></span> <span class='ocrx_word' id='word_1_454' title='bbox 2176 2584 2307 2648; x_wconf 83' lang='lat' dir='ltr'><strong>sint,</strong></span> <span class='ocrx_word' id='word_1_455' title='bbox 2333 2583 2604 2638; x_wconf 87' lang='lat' dir='ltr'><strong>tricesimo</strong></span> <span class='ocrx_word' id='word_1_456' title='bbox 2643 2583 2800 2637; x_wconf 89' lang='lat' dir='ltr'><strong>tertio</strong></span> <span class='ocrx_word' id='word_1_457' title='bbox 2823 2580 3201 2650; x_wconf 86' lang='lat' dir='ltr'><strong>Apostolorum</strong></span> <span class='ocrx_word' id='word_1_458' title='bbox 3231 2592 3439 2632; x_wconf 90' lang='lat' dir='ltr'><strong>canone</strong></span> <span class='ocrx_word' id='word_1_459' title='bbox 3469 2591 3627 2644; x_wconf 88' lang='lat' dir='ltr'><strong>aper-</strong></span> 
     </span>
    </p>
   </div>
   <div class='ocr_carea' id='block_1_68' title="bbox 2053 2669 3634 2742">
    <p class='ocr_par' dir='ltr' id='par_1_68' title="bbox 2053 2669 3634 2742">
     <span class='ocr_line' id='line_1_68' title="bbox 2053 2669 3634 2742; baseline -0.008 -11"><span class='ocrx_word' id='word_1_460' title='bbox 2053 2677 2159 2731; x_wconf 91' lang='lat' dir='ltr'><strong>tius</strong></span> <span class='ocrx_word' id='word_1_461' title='bbox 2188 2675 2461 2730; x_wconf 90' lang='lat' dir='ltr'><strong>indicatur</strong></span> <span class='ocrx_word' id='word_1_462' title='bbox 2487 2692 2500 2728; x_wconf 90' lang='lat'>:</span> <span class='ocrx_word' id='word_1_463' title='bbox 2544 2673 2620 2728; x_wconf 83' lang='lat' dir='ltr'><strong>Ne</strong></span> <span class='ocrx_word' id='word_1_464' title='bbox 2648 2689 2834 2742; x_wconf 92' lang='lat' dir='ltr'><strong>quem,</strong></span> <span class='ocrx_word' id='word_1_465' title='bbox 2866 2673 3064 2741; x_wconf 88' lang='lat' dir='ltr'><strong>inquit,</strong></span> <span class='ocrx_word' id='word_1_466' title='bbox 3113 2678 3393 2726; x_wconf 83' lang='lat' dir='ltr'><strong>externum</strong></span> <span class='ocrx_word' id='word_1_467' title='bbox 3421 2669 3634 2735; x_wconf 86' lang='lat' dir='ltr'><strong>episco—</strong></span> 
     </span>
    </p>
   </div>
   <div class='ocr_carea' id='block_1_69' title="bbox 2051 2761 3630 2838">
    <p class='ocr_par' dir='ltr' id='par_1_69' title="bbox 2051 2761 3630 2838">
     <span class='ocr_line' id='line_1_69' title="bbox 2051 2761 3630 2838; baseline -0.007 -16"><span class='ocrx_word' id='word_1_468' title='bbox 2051 2783 2202 2838; x_wconf 88' lang='lat' dir='ltr'><strong>pum,</strong></span> <span class='ocrx_word' id='word_1_469' title='bbox 2226 2776 2319 2819; x_wconf 88' lang='lat' dir='ltr'><strong>aut</strong></span> <span class='ocrx_word' id='word_1_470' title='bbox 2346 2763 2746 2834; x_wconf 84' lang='lat' dir='ltr'><strong>presbyterum,</strong></span> <span class='ocrx_word' id='word_1_471' title='bbox 2776 2773 2868 2817; x_wconf 88' lang='lat' dir='ltr'><strong>aut</strong></span> <span class='ocrx_word' id='word_1_472' title='bbox 2895 2763 3179 2817; x_wconf 89' lang='lat' dir='ltr'><strong>diaconum</strong></span> <span class='ocrx_word' id='word_1_473' title='bbox 3210 2761 3330 2815; x_wconf 90' lang='lat' dir='ltr'><strong>sine</strong></span> <span class='ocrx_word' id='word_1_474' title='bbox 3353 2772 3630 2813; x_wconf 80' lang='lat' dir='ltr'><strong>commen-</strong></span> 
     </span>
    </p>
   </div>
   <div class='ocr_carea' id='block_1_70' title="bbox 2053 2849 3629 2932">
    <p class='ocr_par' dir='ltr' id='par_1_70' title="bbox 2053 2849 3629 2932">
     <span class='ocr_line' id='line_1_70' title="bbox 2053 2849 3629 2932; baseline -0.007 -17"><span class='ocrx_word' id='word_1_475' title='bbox 2053 2859 2260 2916; x_wconf 89' lang='lat' dir='ltr'><strong>datitiis</strong></span> <span class='ocrx_word' id='word_1_476' title='bbox 2290 2857 2486 2913; x_wconf 89' lang='lat' dir='ltr'><strong>litteris</strong></span> <span class='ocrx_word' id='word_1_477' title='bbox 2517 2856 2679 2925; x_wconf 88' lang='lat' dir='ltr'><strong>recipi</strong></span> <span class='ocrx_word' id='word_1_478' title='bbox 2707 2855 2892 2909; x_wconf 82' lang='lat' dir='ltr'><strong>liceat.</strong></span> <span class='ocrx_word' id='word_1_479' title='bbox 2919 2853 3052 2907; x_wconf 86' lang='lat' dir='ltr'><strong>Nam</strong></span> <span class='ocrx_word' id='word_1_480' title='bbox 3078 2852 3373 2922; x_wconf 86' lang='lat' dir='ltr'><strong>quominus</strong></span> <span class='ocrx_word' id='word_1_481' title='bbox 3395 2849 3629 2932; x_wconf 80' lang='lat' dir='ltr'><strong>hospitio</strong></span> 
     </span>
    </p>
   </div>
   <div class='ocr_carea' id='block_1_71' title="bbox 2053 2941 3630 3019">
    <p class='ocr_par' dir='ltr' id='par_1_71' title="bbox 2053 2941 3630 3019">
     <span class='ocr_line' id='line_1_71' title="bbox 2053 2941 3630 3019; baseline -0.01 -11"><span class='ocrx_word' id='word_1_482' title='bbox 2053 2951 2415 3019; x_wconf 80' lang='lat' dir='ltr'><strong>excipiantur,</strong></span> <span class='ocrx_word' id='word_1_483' title='bbox 2446 2949 2862 3016; x_wconf 76' lang='lat' dir='ltr'><strong>necessarioque</strong></span> <span class='ocrx_word' id='word_1_484' title='bbox 2897 2945 2964 2998; x_wconf 89' lang='lat' dir='ltr'><strong>ad</strong></span> <span class='ocrx_word' id='word_1_485' title='bbox 2992 2945 3114 2998; x_wconf 78' lang='lat' dir='ltr'><strong>vitae</strong></span> <span class='ocrx_word' id='word_1_486' title='bbox 3146 2957 3278 2998; x_wconf 86' lang='lat' dir='ltr'><strong>usus</strong></span> <span class='ocrx_word' id='word_1_487' title='bbox 3319 2942 3386 2995; x_wconf 87' lang='lat' dir='ltr'><strong>ab</strong></span> <span class='ocrx_word' id='word_1_488' title='bbox 3427 2941 3516 3005; x_wconf 86' lang='lat' dir='ltr'><strong>iis,</strong></span> <span class='ocrx_word' id='word_1_489' title='bbox 3562 2941 3630 2994; x_wconf 86' lang='lat' dir='ltr'><strong>ad</strong></span> 
     </span>
    </p>
   </div>
   <div class='ocr_carea' id='block_1_72' title="bbox 2054 3035 3631 3116">
    <p class='ocr_par' dir='ltr' id='par_1_72' title="bbox 2054 3035 3631 3116">
     <span class='ocr_line' id='line_1_72' title="bbox 2054 3035 3631 3116; baseline -0.008 -16"><span class='ocrx_word' id='word_1_490' title='bbox 2054 3058 2192 3116; x_wconf 90' lang='lat' dir='ltr'><strong>quos</strong></span> <span class='ocrx_word' id='word_1_491' title='bbox 2219 3058 2278 3099; x_wconf 90' lang='lat' dir='ltr'><strong>se</strong></span> <span class='ocrx_word' id='word_1_492' title='bbox 2308 3041 2612 3105; x_wconf 84' lang='lat' dir='ltr'><strong>contulere,</strong></span> <span class='ocrx_word' id='word_1_493' title='bbox 2669 3039 3106 3110; x_wconf 81' lang='lat' dir='ltr'><strong>suppeditentur,</strong></span> <span class='ocrx_word' id='word_1_494' title='bbox 3140 3036 3282 3091; x_wconf 86' lang='lat' dir='ltr'><strong>haud</strong></span> <span class='ocrx_word' id='word_1_495' title='bbox 3328 3035 3582 3106; x_wconf 85' lang='lat' dir='ltr'><strong>prohibet</strong></span> <span class='ocrx_word' id='word_1_496' title='bbox 3614 3051 3631 3089; x_wconf 90' lang='lat'><strong>:</strong></span> 
     </span>
    </p>
   </div>
   <div class='ocr_carea' id='block_1_73' title="bbox 2057 3128 3635 3203">
    <p class='ocr_par' dir='ltr' id='par_1_73' title="bbox 2057 3128 3635 3203">
     <span class='ocr_line' id='line_1_73' title="bbox 2057 3128 3635 3203; baseline -0.008 -12"><span class='ocrx_word' id='word_1_497' title='bbox 2057 3139 2122 3191; x_wconf 89' lang='lat' dir='ltr'><strong>ad</strong></span> <span class='ocrx_word' id='word_1_498' title='bbox 2153 3134 2589 3193; x_wconf 85' lang='lat' dir='ltr'><strong>communionem</strong></span> <span class='ocrx_word' id='word_1_499' title='bbox 2620 3148 2752 3189; x_wconf 86' lang='lat' dir='ltr'><strong>vero</strong></span> <span class='ocrx_word' id='word_1_500' title='bbox 2781 3133 2930 3203; x_wconf 86' lang='lat' dir='ltr'><strong>ipsos</strong></span> <span class='ocrx_word' id='word_1_501' title='bbox 2951 3129 3162 3186; x_wconf 85' lang='lat' dir='ltr'><strong>admitti</strong></span> <span class='ocrx_word' id='word_1_502' title='bbox 3202 3143 3373 3185; x_wconf 82' lang='lat' dir='ltr'><strong>canon</strong></span> <span class='ocrx_word' id='word_1_503' title='bbox 3411 3128 3635 3184; x_wconf 76' lang='lat' dir='ltr'><strong>omnine</strong></span> 
     </span>
    </p>
   </div>
   <div class='ocr_carea' id='block_1_74' title="bbox 1975 3228 2218 3288">
    <p class='ocr_par' dir='ltr' id='par_1_74' title="bbox 1975 3228 2218 3288">
     <span class='ocr_line' id='line_1_74' title="bbox 1975 3228 2218 3288; baseline 0.021 -10"><span class='ocrx_word' id='word_1_504' title='bbox 1975 3228 2019 3288; x_wconf 85' lang='lat' dir='ltr'><strong><em>C</em></strong></span> <span class='ocrx_word' id='word_1_505' title='bbox 2053 3236 2218 3283; x_wconf 81' lang='lat' dir='ltr'><strong>vetat.</strong></span> 
     </span>
    </p>
   </div>
   <div class='ocr_carea' id='block_1_75' title="bbox 2051 3315 3636 3389">
    <p class='ocr_par' dir='ltr' id='par_1_75' title="bbox 2051 3315 3636 3389">
     <span class='ocr_line' id='line_1_75' title="bbox 2051 3315 3636 3389; baseline -0.004 -15"><span class='ocrx_word' id='word_1_506' title='bbox 2051 3318 2280 3376; x_wconf 77' lang='lat' dir='ltr'><strong>ARIST.</strong></span> <span class='ocrx_word' id='word_1_507' title='bbox 2307 3338 2326 3373; x_wconf 78' lang='grc' dir='ltr'><strong>ι</strong></span> <span class='ocrx_word' id='word_1_508' title='bbox 2361 3317 2686 3389; x_wconf 76' lang='lat' dir='ltr'><strong>Peregrinus</strong></span> <span class='ocrx_word' id='word_1_509' title='bbox 2737 3317 2994 3387; x_wconf 73' lang='lat' dir='ltr'><strong>paciﬁcus</strong></span> <span class='ocrx_word' id='word_1_510' title='bbox 3024 3331 3130 3372; x_wconf 91' lang='lat' dir='ltr'><strong>non</strong></span> <span class='ocrx_word' id='word_1_511' title='bbox 3165 3316 3398 3371; x_wconf 75' lang='lat' dir='ltr'><strong>aﬁ‘erens</strong></span> <span class='ocrx_word' id='word_1_512' title='bbox 3435 3315 3636 3384; x_wconf 87' lang='lat' dir='ltr'><strong>episto-</strong></span> 
     </span>
    </p>
   </div>
   <div class='ocr_carea' id='block_1_76' title="bbox 2407 3409 3287 3480">
    <p class='ocr_par' dir='ltr' id='par_1_76' title="bbox 2407 3409 3287 3480">
     <span class='ocr_line' id='line_1_76' title="bbox 2407 3409 3287 3480; baseline -0.002 -16"><span class='ocrx_word' id='word_1_513' title='bbox 2407 3430 2426 3464; x_wconf 76' lang='grc' dir='ltr'><strong>ι</strong></span> <span class='ocrx_word' id='word_1_514' title='bbox 2452 3411 2555 3474; x_wconf 87' lang='lat' dir='ltr'><strong>las,</strong></span> <span class='ocrx_word' id='word_1_515' title='bbox 2584 3425 2694 3465; x_wconf 89' lang='lat' dir='ltr'><strong>non</strong></span> <span class='ocrx_word' id='word_1_516' title='bbox 2733 3420 2826 3466; x_wconf 72' lang='lat' dir='ltr'><strong>est.</strong></span> <span class='ocrx_word' id='word_1_517' title='bbox 2843 3409 3237 3480; x_wconf 88' lang='lat' dir='ltr'><strong>suscipiendus.</strong></span> <span class='ocrx_word' id='word_1_518' title='bbox 3268 3427 3287 3462; x_wconf 74' lang='grc' dir='ltr'><strong>ι</strong></span> 
     </span>
    </p>
   </div>
   <div class='ocr_carea' id='block_1_77' title="bbox 2119 3500 3636 3572">
    <p class='ocr_par' dir='ltr' id='par_1_77' title="bbox 2119 3500 3636 3572">
     <span class='ocr_line' id='line_1_77' title="bbox 2119 3500 3636 3572; baseline -0.006 -13"><span class='ocrx_word' id='word_1_519' title='bbox 2119 3505 2295 3560; x_wconf 84' lang='lat' dir='ltr'><strong>Etiam</strong></span> <span class='ocrx_word' id='word_1_520' title='bbox 2331 3505 2383 3559; x_wconf 92' lang='lat' dir='ltr'><strong>in</strong></span> <span class='ocrx_word' id='word_1_521' title='bbox 2417 3501 2668 3572; x_wconf 88' lang='lat' dir='ltr'><strong>plurimis</strong></span> <span class='ocrx_word' id='word_1_522' title='bbox 2699 3502 3004 3558; x_wconf 88' lang='lat' dir='ltr'><strong>canonibus</strong></span> <span class='ocrx_word' id='word_1_523' title='bbox 3032 3503 3135 3557; x_wconf 89' lang='lat' dir='ltr'><strong>hoc</strong></span> <span class='ocrx_word' id='word_1_524' title='bbox 3185 3500 3407 3562; x_wconf 89' lang='lat' dir='ltr'><strong>dicitur,</strong></span> <span class='ocrx_word' id='word_1_525' title='bbox 3441 3511 3636 3565; x_wconf 84' lang='lat' dir='ltr'><strong>nempe</strong></span> 
     </span>
    </p>
   </div>
   <div class='ocr_carea' id='block_1_78' title="bbox 2055 3585 3638 3669">
    <p class='ocr_par' dir='ltr' id='par_1_78' title="bbox 2055 3585 3638 3669">
     <span class='ocr_line' id='line_1_78' title="bbox 2055 3585 3638 3669; baseline -0.008 -14"><span class='ocrx_word' id='word_1_526' title='bbox 2055 3613 2152 3655; x_wconf 83' lang='lat' dir='ltr'><strong>eos</strong></span> <span class='ocrx_word' id='word_1_527' title='bbox 2209 3597 2303 3669; x_wconf 89' lang='lat' dir='ltr'><strong>qui</strong></span> <span class='ocrx_word' id='word_1_528' title='bbox 2368 3595 2495 3651; x_wconf 87' lang='lat' dir='ltr'><strong>alibi</strong></span> <span class='ocrx_word' id='word_1_529' title='bbox 2557 3595 2904 3659; x_wconf 87' lang='lat' dir='ltr'><strong>ordinantur,</strong></span> <span class='ocrx_word' id='word_1_530' title='bbox 2955 3609 3062 3648; x_wconf 94' lang='lat' dir='ltr'><strong>non</strong></span> <span class='ocrx_word' id='word_1_531' title='bbox 3115 3593 3481 3648; x_wconf 85' lang='lat' dir='ltr'><strong>admittendos</strong></span> <span class='ocrx_word' id='word_1_532' title='bbox 3514 3585 3638 3645; x_wconf 68' lang='grc' dir='ltr'>ϐεδε</span> 
     </span>
    </p>
   </div>
   <div class='ocr_carea' id='block_1_79' title="bbox 2051 3680 3638 3757">
    <p class='ocr_par' dir='ltr' id='par_1_79' title="bbox 2051 3680 3638 3757">
     <span class='ocr_line' id='line_1_79' title="bbox 2051 3680 3638 3757; baseline -0.006 -14"><span class='ocrx_word' id='word_1_533' title='bbox 2051 3688 2168 3743; x_wconf 87' lang='lat' dir='ltr'><strong>sine</strong></span> <span class='ocrx_word' id='word_1_534' title='bbox 2220 3685 2459 3757; x_wconf 83' lang='lat' dir='ltr'><strong>episcopi</strong></span> <span class='ocrx_word' id='word_1_535' title='bbox 2508 3699 2536 3740; x_wconf 91' lang='lat' dir='ltr'><strong>a</strong></span> <span class='ocrx_word' id='word_1_536' title='bbox 2592 3699 2701 3754; x_wconf 91' lang='lat' dir='ltr'><strong>quo</strong></span> <span class='ocrx_word' id='word_1_537' title='bbox 2732 3685 3130 3742; x_wconf 76' lang='lat' dir='ltr'><strong>ordinationem</strong></span> <span class='ocrx_word' id='word_1_538' title='bbox 3187 3691 3517 3753; x_wconf 86' lang='lat' dir='ltr'><strong>acceperunt</strong></span> <span class='ocrx_word' id='word_1_539' title='bbox 3547 3680 3638 3734; x_wconf 86' lang='lat' dir='ltr'><strong>lit-</strong></span> 
     </span>
    </p>
   </div>
   <div class='ocr_carea' id='block_1_80' title="bbox 2054 3781 2207 3838">
    <p class='ocr_par' dir='ltr' id='par_1_80' title="bbox 2054 3781 2207 3838">
     <span class='ocr_line' id='line_1_80' title="bbox 2054 3781 2207 3838; baseline -0.007 -2"><span class='ocrx_word' id='word_1_540' title='bbox 2054 3781 2207 3838; x_wconf 89' lang='lat' dir='ltr'><strong>teris.</strong></span> 
     </span>
    </p>
   </div>
   <div class='ocr_carea' id='block_1_81' title="bbox 2632 3869 3043 3928">
    <p class='ocr_par' dir='ltr' id='par_1_81' title="bbox 2632 3869 3043 3928">
     <span class='ocr_line' id='line_1_81' title="bbox 2632 3869 3043 3928; baseline -0.015 0"><span class='ocrx_word' id='word_1_541' title='bbox 2632 3869 2865 3928; x_wconf 79' lang='lat' dir='ltr'><strong>CANON</strong></span> <span class='ocrx_word' id='word_1_542' title='bbox 2910 3869 3043 3925; x_wconf 87' lang='lat' dir='ltr'><strong>Vill.</strong></span> 
     </span>
    </p>
   </div>
   <div class='ocr_carea' id='block_1_82' title="bbox 2060 3978 3640 4056">
    <p class='ocr_par' dir='ltr' id='par_1_82' title="bbox 2060 3978 3640 4056">
     <span class='ocr_line' id='line_1_82' title="bbox 2060 3978 3640 4056; baseline -0.006 -16"><span class='ocrx_word' id='word_1_543' title='bbox 2060 4005 2079 4040; x_wconf 74' lang='grc' dir='ltr'><strong>ι</strong></span> <span class='ocrx_word' id='word_1_544' title='bbox 2118 3987 2230 4042; x_wconf 81' lang='lat' dir='ltr'><strong>Nec</strong></span> <span class='ocrx_word' id='word_1_545' title='bbox 2276 3984 2584 4056; x_wconf 79' lang='lat' dir='ltr'><strong>presbyteri</strong></span> <span class='ocrx_word' id='word_1_546' title='bbox 2643 3983 2734 4052; x_wconf 87' lang='lat' dir='ltr'><strong>qui</strong></span> <span class='ocrx_word' id='word_1_547' title='bbox 2767 3991 2892 4037; x_wconf 90' lang='lat' dir='ltr'><strong>sunt</strong></span> <span class='ocrx_word' id='word_1_548' title='bbox 2932 3982 2983 4032; x_wconf 94' lang='lat' dir='ltr'><strong>in</strong></span> <span class='ocrx_word' id='word_1_549' title='bbox 3028 3978 3338 4048; x_wconf 79' lang='lat' dir='ltr'><strong>regionibus</strong></span> <span class='ocrx_word' id='word_1_550' title='bbox 3365 3978 3496 4032; x_wconf 85' lang='lat' dir='ltr'><strong>dent</strong></span> <span class='ocrx_word' id='word_1_551' title='bbox 3553 3994 3640 4032; x_wconf 85' lang='lat' dir='ltr'><strong>ca-</strong></span> 
     </span>
    </p>
   </div>
   <div class='ocr_carea' id='block_1_83' title="bbox 2141 4070 3640 4144">
    <p class='ocr_par' dir='ltr' id='par_1_83' title="bbox 2141 4070 3640 4144">
     <span class='ocr_line' id='line_1_83' title="bbox 2141 4070 3640 4144; baseline -0.005 -14"><span class='ocrx_word' id='word_1_552' title='bbox 2141 4098 2158 4130; x_wconf 79' lang='grc' dir='ltr'><strong>ι</strong></span> <span class='ocrx_word' id='word_1_553' title='bbox 2195 4077 2418 4132; x_wconf 88' lang='lat' dir='ltr'><strong>nonicas</strong></span> <span class='ocrx_word' id='word_1_554' title='bbox 2447 4073 2725 4144; x_wconf 85' lang='lat' dir='ltr'><strong>epistolas,</strong></span> <span class='ocrx_word' id='word_1_555' title='bbox 2756 4073 2838 4126; x_wconf 82' lang='lat' dir='ltr'><strong>vel</strong></span> <span class='ocrx_word' id='word_1_556' title='bbox 2875 4073 2940 4125; x_wconf 88' lang='lat' dir='ltr'><strong>ad</strong></span> <span class='ocrx_word' id='word_1_557' title='bbox 2990 4070 3135 4126; x_wconf 85' lang='lat' dir='ltr'><strong>soios</strong></span> <span class='ocrx_word' id='word_1_558' title='bbox 3182 4070 3390 4124; x_wconf 82' lang='lat' dir='ltr'><strong>vicinos</strong></span> <span class='ocrx_word' id='word_1_559' title='bbox 3417 4070 3640 4138; x_wconf 76' lang='lat' dir='ltr'><strong>episco-</strong></span> 
     </span>
    </p>
   </div>
   <div class='ocr_carea' id='block_1_84' title="bbox 2138 4163 3632 4242">
    <p class='ocr_par' dir='ltr' id='par_1_84' title="bbox 2138 4163 3632 4242">
     <span class='ocr_line' id='line_1_84' title="bbox 2138 4163 3632 4242; baseline -0.006 -18"><span class='ocrx_word' id='word_1_560' title='bbox 2138 4191 2156 4224; x_wconf 79' lang='grc' dir='ltr'><strong>ι</strong></span> <span class='ocrx_word' id='word_1_561' title='bbox 2193 4185 2289 4242; x_wconf 90' lang='lat' dir='ltr'><strong>pos</strong></span> <span class='ocrx_word' id='word_1_562' title='bbox 2334 4169 2592 4239; x_wconf 86' lang='lat' dir='ltr'><strong>epistolas</strong></span> <span class='ocrx_word' id='word_1_563' title='bbox 2644 4168 2892 4222; x_wconf 87' lang='lat' dir='ltr'><strong>emittant</strong></span> <span class='ocrx_word' id='word_1_564' title='bbox 2932 4183 2946 4219; x_wconf 90' lang='lat'><strong>:</strong></span> <span class='ocrx_word' id='word_1_565' title='bbox 2992 4163 3372 4233; x_wconf 83' lang='lat' dir='ltr'><strong>chorepiscopi</strong></span> <span class='ocrx_word' id='word_1_566' title='bbox 3425 4173 3632 4228; x_wconf 87' lang='lat' dir='ltr'><strong>autem,</strong></span> 
     </span>
    </p>
   </div>
   <div class='ocr_carea' id='block_1_85' title="bbox 2132 4258 3504 4334">
    <p class='ocr_par' dir='ltr' id='par_1_85' title="bbox 2132 4258 3504 4334">
     <span class='ocr_line' id='line_1_85' title="bbox 2132 4258 3504 4334; baseline -0.009 -14"><span class='ocrx_word' id='word_1_567' title='bbox 2132 4285 2152 4320; x_wconf 74' lang='grc' dir='ltr'><strong>ι</strong></span> <span class='ocrx_word' id='word_1_568' title='bbox 2196 4265 2325 4321; x_wconf 91' lang='lat' dir='ltr'><strong>nulli</strong></span> <span class='ocrx_word' id='word_1_569' title='bbox 2359 4261 2764 4334; x_wconf 87' lang='lat' dir='ltr'><strong>reprehensioni</strong></span> <span class='ocrx_word' id='word_1_570' title='bbox 2793 4261 2985 4317; x_wconf 83' lang='lat' dir='ltr'><strong>afﬁnes</strong></span> <span class='ocrx_word' id='word_1_571' title='bbox 3015 4260 3150 4313; x_wconf 82' lang='lat' dir='ltr'><strong>dent</strong></span> <span class='ocrx_word' id='word_1_572' title='bbox 3170 4258 3448 4327; x_wconf 84' lang='lat' dir='ltr'><strong>paciﬁcas.</strong></span> <span class='ocrx_word' id='word_1_573' title='bbox 3486 4277 3504 4308; x_wconf 73' lang='grc' dir='ltr'><strong>ι</strong></span> 
     </span>
    </p>
   </div>
   <div class='ocr_carea' id='block_1_86' title="bbox 2125 4439 3638 4514">
    <p class='ocr_par' dir='ltr' id='par_1_86' title="bbox 2125 4439 3638 4514">
     <span class='ocr_line' id='line_1_86' title="bbox 2125 4439 3638 4514; baseline -0.006 -12"><span class='ocrx_word' id='word_1_574' title='bbox 2125 4447 2322 4504; x_wconf 87' lang='lat' dir='ltr'><strong>BALS.</strong></span> <span class='ocrx_word' id='word_1_575' title='bbox 2354 4445 2598 4502; x_wconf 86' lang='lat' dir='ltr'><strong>Didicisti</strong></span> <span class='ocrx_word' id='word_1_576' title='bbox 2629 4458 2876 4514; x_wconf 83' lang='lat' dir='ltr'><strong>quaenam</strong></span> <span class='ocrx_word' id='word_1_577' title='bbox 2899 4451 3026 4498; x_wconf 90' lang='lat' dir='ltr'><strong>sunt</strong></span> <span class='ocrx_word' id='word_1_578' title='bbox 3060 4443 3298 4511; x_wconf 72' lang='lat' dir='ltr'><strong>paciﬁcre</strong></span> <span class='ocrx_word' id='word_1_579' title='bbox 3335 4440 3415 4494; x_wconf 86' lang='lat' dir='ltr'><strong>vel</strong></span> <span class='ocrx_word' id='word_1_580' title='bbox 3445 4439 3638 4494; x_wconf 88' lang='lat' dir='ltr'><strong>dimis-</strong></span> 
     </span>
    </p>
   </div>
   <div class='ocr_carea' id='block_1_87' title="bbox 369 4531 1943 4631">
    <p class='ocr_par' dir='ltr' id='par_1_87' title="bbox 369 4539 1943 4610">
     <span class='ocr_line' id='line_1_87' title="bbox 369 4539 1943 4610; baseline 0.002 -19"><span class='ocrx_word' id='word_1_581' title='bbox 369 4539 526 4592; x_wconf 72' lang='grc' dir='ltr'>τικαὶ</span> <span class='ocrx_word' id='word_1_582' title='bbox 560 4541 873 4606; x_wconf 75' lang='grc' dir='ltr'>ἐπιστολαὶ,</span> <span class='ocrx_word' id='word_1_583' title='bbox 910 4542 1008 4594; x_wconf 71' lang='grc' dir='ltr'>καὶ</span> <span class='ocrx_word' id='word_1_584' title='bbox 1043 4542 1191 4606; x_wconf 87' lang='grc' dir='ltr'>τίνες</span> <span class='ocrx_word' id='word_1_585' title='bbox 1229 4543 1578 4606; x_wconf 70' lang='grc' dir='ltr'>συστατικαὶ,</span> <span class='ocrx_word' id='word_1_586' title='bbox 1631 4542 1688 4596; x_wconf 88' lang='grc' dir='ltr'><strong>αί</strong></span> <span class='ocrx_word' id='word_1_587' title='bbox 1719 4540 1943 4610; x_wconf 84' lang='grc' dir='ltr'>λεγόμε-</span> 
     </span>
    </p>
   </div>
   <div class='ocr_carea' id='block_1_88' title="bbox 2065 4531 3635 4631">
    <p class='ocr_par' dir='ltr' id='par_1_88' title="bbox 2065 4531 3635 4608">
     <span class='ocr_line' id='line_1_88' title="bbox 2065 4531 3635 4608; baseline -0.006 -14"><span class='ocrx_word' id='word_1_588' title='bbox 2065 4539 2216 4594; x_wconf 83' lang='lat' dir='ltr'><strong>soriae</strong></span> <span class='ocrx_word' id='word_1_589' title='bbox 2270 4537 2539 4608; x_wconf 82' lang='lat' dir='ltr'><strong>epistolae,</strong></span> <span class='ocrx_word' id='word_1_590' title='bbox 2587 4545 2641 4590; x_wconf 85' lang='lat' dir='ltr'><strong>et</strong></span> <span class='ocrx_word' id='word_1_591' title='bbox 2694 4549 2940 4604; x_wconf 61' lang='lat' dir='ltr'><strong>quaenam</strong></span> <span class='ocrx_word' id='word_1_592' title='bbox 2982 4541 3124 4588; x_wconf 88' lang='lat' dir='ltr'><strong>sunt</strong></span> <span class='ocrx_word' id='word_1_593' title='bbox 3158 4531 3635 4592; x_wconf 63' lang='lat' dir='ltr'><strong>commendandae,</strong></span> 
     </span>
    </p>
   </div>
   <div class='ocr_carea' id='block_1_89' title="bbox 371 4630 1951 4697">
    <p class='ocr_par' dir='ltr' id='par_1_89' title="bbox 371 4630 1951 4697">
     <span class='ocr_line' id='line_1_89' title="bbox 371 4630 1951 4697; baseline 0.004 -16"><span class='ocrx_word' id='word_1_594' title='bbox 371 4647 460 4682; x_wconf 87' lang='grc' dir='ltr'><strong>ναι</strong></span> <span class='ocrx_word' id='word_1_595' title='bbox 495 4632 589 4684; x_wconf 72' lang='grc' dir='ltr'><strong>καὶ</strong></span> <span class='ocrx_word' id='word_1_596' title='bbox 622 4631 929 4685; x_wconf 90' lang='grc' dir='ltr'>κανονικαί.</span> <span class='ocrx_word' id='word_1_597' title='bbox 974 4633 1129 4685; x_wconf 78' lang='grc' dir='ltr'>Ἐπεὶ</span> <span class='ocrx_word' id='word_1_598' title='bbox 1175 4633 1233 4686; x_wconf 85' lang='grc' dir='ltr'><strong>δέ</strong></span> <span class='ocrx_word' id='word_1_599' title='bbox 1264 4651 1410 4697; x_wconf 85' lang='grc' dir='ltr'>τινες</span> <span class='ocrx_word' id='word_1_600' title='bbox 1434 4635 1758 4688; x_wconf 88' lang='grc' dir='ltr'>διετείνοντο</span> <span class='ocrx_word' id='word_1_601' title='bbox 1788 4630 1951 4687; x_wconf 78' lang='grc' dir='ltr'>δύνα-</span> 
     </span>
    </p>
   </div>
   <div class='ocr_carea' id='block_1_90' title="bbox 372 4719 1947 4799">
    <p class='ocr_par' dir='ltr' id='par_1_90' title="bbox 372 4719 1947 4799">
     <span class='ocr_line' id='line_1_90' title="bbox 372 4719 1947 4799; baseline 0.008 -28"><span class='ocrx_word' id='word_1_602' title='bbox 372 4719 498 4773; x_wconf 86' lang='grc' dir='ltr'>σθαι</span> <span class='ocrx_word' id='word_1_603' title='bbox 541 4725 668 4786; x_wconf 74' lang='grc' dir='ltr'>τοὺς</span> <span class='ocrx_word' id='word_1_604' title='bbox 710 4727 769 4777; x_wconf 91' lang='grc' dir='ltr'><strong>ἐν</strong></span> <span class='ocrx_word' id='word_1_605' title='bbox 801 4728 922 4785; x_wconf 85' lang='grc' dir='ltr'>ταῖς</span> <span class='ocrx_word' id='word_1_606' title='bbox 967 4725 1174 4796; x_wconf 85' lang='grc' dir='ltr'>χώραις</span> <span class='ocrx_word' id='word_1_607' title='bbox 1203 4727 1635 4799; x_wconf 80' lang='grc' dir='ltr'>πρεσϐυτέρους,</span> <span class='ocrx_word' id='word_1_608' title='bbox 1669 4728 1788 4798; x_wconf 77' lang='grc' dir='ltr'>ἦτοι</span> <span class='ocrx_word' id='word_1_609' title='bbox 1819 4730 1947 4794; x_wconf 80' lang='grc' dir='ltr'>τοὺς</span> 
     </span>
    </p>
   </div>
   <div class='ocr_carea' id='block_1_91' title="bbox 2057 4622 3634 4702">
    <p class='ocr_par' dir='ltr' id='par_1_91' title="bbox 2057 4622 3634 4702">
     <span class='ocr_line' id='line_1_91' title="bbox 2057 4622 3634 4702; baseline -0.005 -20"><span class='ocrx_word' id='word_1_610' title='bbox 2057 4647 2178 4702; x_wconf 76' lang='lat' dir='ltr'><strong>qua:</strong></span> <span class='ocrx_word' id='word_1_611' title='bbox 2231 4631 2484 4686; x_wconf 88' lang='lat' dir='ltr'><strong>dicuntur</strong></span> <span class='ocrx_word' id='word_1_612' title='bbox 2529 4637 2584 4682; x_wconf 88' lang='lat' dir='ltr'><strong>et</strong></span> <span class='ocrx_word' id='word_1_613' title='bbox 2633 4626 2932 4681; x_wconf 72' lang='lat' dir='ltr'><strong>canonicae.</strong></span> <span class='ocrx_word' id='word_1_614' title='bbox 2979 4624 3113 4691; x_wconf 82' lang='lat' dir='ltr'><strong>Quia</strong></span> <span class='ocrx_word' id='word_1_615' title='bbox 3157 4632 3336 4677; x_wconf 89' lang='lat' dir='ltr'><strong>autem</strong></span> <span class='ocrx_word' id='word_1_616' title='bbox 3392 4622 3634 4676; x_wconf 91' lang='lat' dir='ltr'><strong>nonnulli</strong></span> 
     </span>
    </p>
   </div>
   <div class='ocr_carea' id='block_1_92' title="bbox 2059 4711 3640 4788">
    <p class='ocr_par' dir='ltr' id='par_1_92' title="bbox 2059 4711 3640 4788">
     <span class='ocr_line' id='line_1_92' title="bbox 2059 4711 3640 4788; baseline -0.007 -11"><span class='ocrx_word' id='word_1_617' title='bbox 2059 4722 2395 4786; x_wconf 85' lang='lat' dir='ltr'><strong>asserebant,</strong></span> <span class='ocrx_word' id='word_1_618' title='bbox 2453 4719 2821 4788; x_wconf 83' lang='lat' dir='ltr'><strong>presbyteros,</strong></span> <span class='ocrx_word' id='word_1_619' title='bbox 2871 4715 2962 4784; x_wconf 90' lang='lat' dir='ltr'><strong>qni</strong></span> <span class='ocrx_word' id='word_1_620' title='bbox 3027 4722 3150 4769; x_wconf 85' lang='lat' dir='ltr'><strong>sunt</strong></span> <span class='ocrx_word' id='word_1_621' title='bbox 3216 4713 3270 4767; x_wconf 91' lang='lat' dir='ltr'><strong>in</strong></span> <span class='ocrx_word' id='word_1_622' title='bbox 3328 4711 3640 4782; x_wconf 77' lang='lat' dir='ltr'><strong>regionibus</strong></span> 
     </span>
    </p>
   </div>
   <div class='ocr_carea' id='block_1_93' title="bbox 371 4805 1943 4888">
    <p class='ocr_par' dir='ltr' id='par_1_93' title="bbox 371 4814 1943 4888">
     <span class='ocr_line' id='line_1_93' title="bbox 371 4814 1943 4888; baseline 0.008 -26"><span class='ocrx_word' id='word_1_623' title='bbox 371 4814 842 4880; x_wconf 80' lang='grc' dir='ltr'>πρωτοπαπάδας,</span> <span class='ocrx_word' id='word_1_624' title='bbox 885 4816 1086 4869; x_wconf 84' lang='grc' dir='ltr'>διδόναι</span> <span class='ocrx_word' id='word_1_625' title='bbox 1134 4817 1420 4888; x_wconf 76' lang='grc' dir='ltr'>είρηνικὰς</span> <span class='ocrx_word' id='word_1_626' title='bbox 1473 4819 1787 4885; x_wconf 80' lang='grc' dir='ltr'>ἐπιστολὰς,</span> <span class='ocrx_word' id='word_1_627' title='bbox 1842 4821 1943 4875; x_wconf 79' lang='grc' dir='ltr'><strong>κᾶν</strong></span> 
     </span>
    </p>
   </div>
   <div class='ocr_carea' id='block_1_94' title="bbox 2065 4805 3638 4888">
    <p class='ocr_par' dir='ltr' id='par_1_94' title="bbox 2065 4805 3638 4883">
     <span class='ocr_line' id='line_1_94' title="bbox 2065 4805 3638 4883; baseline -0.008 -14"><span class='ocrx_word' id='word_1_628' title='bbox 2065 4830 2156 4870; x_wconf 86' lang='lat' dir='ltr'><strong>seu</strong></span> <span class='ocrx_word' id='word_1_629' title='bbox 2183 4823 2530 4883; x_wconf 85' lang='lat' dir='ltr'><strong>protopapas,</strong></span> <span class='ocrx_word' id='word_1_630' title='bbox 2559 4810 2688 4864; x_wconf 88' lang='lat' dir='ltr'><strong>dare</strong></span> <span class='ocrx_word' id='word_1_631' title='bbox 2711 4823 2868 4879; x_wconf 85' lang='lat' dir='ltr'><strong>posse</strong></span> <span class='ocrx_word' id='word_1_632' title='bbox 2891 4807 3146 4876; x_wconf 83' lang='lat' dir='ltr'><strong>epistolas</strong></span> <span class='ocrx_word' id='word_1_633' title='bbox 3177 4805 3454 4874; x_wconf 91' lang='lat' dir='ltr'><strong>paciﬁcas,</strong></span> <span class='ocrx_word' id='word_1_634' title='bbox 3475 4805 3638 4857; x_wconf 87' lang='lat' dir='ltr'><strong>etiam</strong></span> 
     </span>
    </p>
   </div>
   <div class='ocr_carea' id='block_1_95' title="bbox 371 4896 1943 4984">
    <p class='ocr_par' dir='ltr' id='par_1_95' title="bbox 371 4902 1943 4984">
     <span class='ocr_line' id='line_1_95' title="bbox 371 4902 1943 4984; baseline 0.008 -30"><span class='ocrx_word' id='word_1_635' title='bbox 371 4902 510 4971; x_wconf 83' lang='grc' dir='ltr'>πρὸς</span> <span class='ocrx_word' id='word_1_636' title='bbox 540 4908 664 4968; x_wconf 79' lang='grc' dir='ltr'>τοὺς</span> <span class='ocrx_word' id='word_1_637' title='bbox 695 4907 944 4972; x_wconf 89' lang='grc' dir='ltr'>γείτονας</span> <span class='ocrx_word' id='word_1_638' title='bbox 974 4909 1334 4976; x_wconf 84' lang='grc' dir='ltr'>ἐπισκόπους,</span> <span class='ocrx_word' id='word_1_639' title='bbox 1366 4911 1452 4965; x_wconf 75' lang='grc' dir='ltr'><strong>διὰ</strong></span> <span class='ocrx_word' id='word_1_640' title='bbox 1484 4911 1544 4964; x_wconf 84' lang='grc' dir='ltr'><strong>τὸ</strong></span> <span class='ocrx_word' id='word_1_641' title='bbox 1581 4911 1657 4983; x_wconf 83' lang='grc' dir='ltr'>μὴ</span> <span class='ocrx_word' id='word_1_642' title='bbox 1693 4914 1943 4984; x_wconf 86' lang='grc' dir='ltr'>μετέχειν</span> 
     </span>
    </p>
   </div>
   <div class='ocr_carea' id='block_1_96' title="bbox 2065 4896 3644 4984">
    <p class='ocr_par' dir='ltr' id='par_1_96' title="bbox 2065 4896 3644 4972">
     <span class='ocr_line' id='line_1_96' title="bbox 2065 4896 3644 4972; baseline -0.006 -12"><span class='ocrx_word' id='word_1_643' title='bbox 2065 4906 2124 4960; x_wconf 85' lang='lat' dir='ltr'><strong>ad</strong></span> <span class='ocrx_word' id='word_1_644' title='bbox 2149 4906 2358 4960; x_wconf 82' lang='lat' dir='ltr'><strong>vicinos</strong></span> <span class='ocrx_word' id='word_1_645' title='bbox 2404 4904 2721 4972; x_wconf 85' lang='lat' dir='ltr'><strong>episcopos;</strong></span> <span class='ocrx_word' id='word_1_646' title='bbox 2753 4916 2818 4955; x_wconf 92' lang='lat' dir='ltr'><strong>eo</strong></span> <span class='ocrx_word' id='word_1_647' title='bbox 2847 4901 2992 4968; x_wconf 87' lang='lat' dir='ltr'><strong>quod</strong></span> <span class='ocrx_word' id='word_1_648' title='bbox 3049 4898 3148 4968; x_wconf 89' lang='lat' dir='ltr'><strong>ipsi</strong></span> <span class='ocrx_word' id='word_1_649' title='bbox 3213 4913 3318 4950; x_wconf 91' lang='lat' dir='ltr'><strong>non</strong></span> <span class='ocrx_word' id='word_1_650' title='bbox 3381 4896 3644 4950; x_wconf 84' lang='lat' dir='ltr'><strong>haberent</strong></span> 
     </span>
    </p>
   </div>
   <div class='ocr_carea' id='block_1_97' title="bbox 371 4989 1943 5071">
    <p class='ocr_par' dir='ltr' id='par_1_97' title="bbox 371 4993 1943 5071">
     <span class='ocr_line' id='line_1_97' title="bbox 371 4993 1943 5071; baseline 0.008 -27"><span class='ocrx_word' id='word_1_651' title='bbox 371 4993 574 5058; x_wconf 81' lang='grc' dir='ltr'>αὐτοὺς</span> <span class='ocrx_word' id='word_1_652' title='bbox 625 4997 836 5051; x_wconf 84' lang='grc' dir='ltr'>δικαίου</span> <span class='ocrx_word' id='word_1_653' title='bbox 894 4999 1041 5063; x_wconf 81' lang='grc' dir='ltr'>τινὸς</span> <span class='ocrx_word' id='word_1_654' title='bbox 1095 5002 1451 5071; x_wconf 88' lang='grc' dir='ltr'>χειροτονίας,</span> <span class='ocrx_word' id='word_1_655' title='bbox 1488 5001 1604 5055; x_wconf 78' lang='grc' dir='ltr'>ἀλλ’</span> <span class='ocrx_word' id='word_1_656' title='bbox 1662 5003 1943 5068; x_wconf 80' lang='grc' dir='ltr'>εὐσεϐείας</span> 
     </span>
    </p>
   </div>
   <div class='ocr_carea' id='block_1_98' title="bbox 2065 4989 3640 5071">
    <p class='ocr_par' dir='ltr' id='par_1_98' title="bbox 2065 4989 3640 5068">
     <span class='ocr_line' id='line_1_98' title="bbox 2065 4989 3640 5068; baseline -0.006 -17"><span class='ocrx_word' id='word_1_657' title='bbox 2065 5012 2136 5059; x_wconf 51' lang='lat' dir='ltr'><strong>;us</strong></span> <span class='ocrx_word' id='word_1_658' title='bbox 2159 4994 2375 5068; x_wconf 83' lang='lat' dir='ltr'><strong>aliquod</strong></span> <span class='ocrx_word' id='word_1_659' title='bbox 2401 4992 2779 5058; x_wconf 88' lang='lat' dir='ltr'><strong>ordinationis,</strong></span> <span class='ocrx_word' id='word_1_660' title='bbox 2807 4991 2901 5046; x_wconf 89' lang='lat' dir='ltr'><strong>sed</strong></span> <span class='ocrx_word' id='word_1_661' title='bbox 2936 4989 3154 5059; x_wconf 89' lang='lat' dir='ltr'><strong>pietatis</strong></span> <span class='ocrx_word' id='word_1_662' title='bbox 3212 4998 3265 5043; x_wconf 82' lang='lat' dir='ltr'><strong>et</strong></span> <span class='ocrx_word' id='word_1_663' title='bbox 3313 4989 3640 5043; x_wconf 70' lang='lat' dir='ltr'><strong>Christiana)</strong></span> 
     </span>
    </p>
   </div>
   <div class='ocr_carea' id='block_1_99' title="bbox 373 5081 1943 5164">
    <p class='ocr_par' dir='ltr' id='par_1_99' title="bbox 373 5085 1943 5164">
     <span class='ocr_line' id='line_1_99' title="bbox 373 5085 1943 5164; baseline 0.006 -27"><span class='ocrx_word' id='word_1_664' title='bbox 373 5085 467 5138; x_wconf 75' lang='grc' dir='ltr'><strong>καὶ</strong></span> <span class='ocrx_word' id='word_1_665' title='bbox 521 5088 915 5161; x_wconf 81' lang='grc' dir='ltr'>Χριστιανικῆς</span> <span class='ocrx_word' id='word_1_666' title='bbox 968 5093 1292 5155; x_wconf 74' lang='grc' dir='ltr'>κοινωνίαςο</span> <span class='ocrx_word' id='word_1_667' title='bbox 1339 5093 1550 5164; x_wconf 87' lang='grc' dir='ltr'>ὥρισαν</span> <span class='ocrx_word' id='word_1_668' title='bbox 1609 5095 1657 5147; x_wconf 90' lang='grc' dir='ltr'><strong>οί</strong></span> <span class='ocrx_word' id='word_1_669' title='bbox 1706 5094 1943 5164; x_wconf 81' lang='grc' dir='ltr'>Πατέρες</span> 
     </span>
    </p>
   </div>
   <div class='ocr_carea' id='block_1_100' title="bbox 2065 5081 3637 5164">
    <p class='ocr_par' dir='ltr' id='par_1_100' title="bbox 2065 5081 3637 5152">
     <span class='ocr_line' id='line_1_100' title="bbox 2065 5081 3637 5152; baseline -0.006 -8"><span class='ocrx_word' id='word_1_670' title='bbox 2065 5089 2456 5144; x_wconf 71' lang='lat' dir='ltr'><strong>communionis</strong></span> <span class='ocrx_word' id='word_1_671' title='bbox 2483 5094 2820 5143; x_wconf 80' lang='lat' dir='ltr'><strong>:statuerunt</strong></span> <span class='ocrx_word' id='word_1_672' title='bbox 2843 5083 3030 5139; x_wconf 84' lang='lat' dir='ltr'><strong>Patres</strong></span> <span class='ocrx_word' id='word_1_673' title='bbox 3053 5097 3144 5138; x_wconf 86' lang='lat' dir='ltr'><strong>eas</strong></span> <span class='ocrx_word' id='word_1_674' title='bbox 3176 5096 3395 5152; x_wconf 89' lang='lat' dir='ltr'><strong>quoque</strong></span> <span class='ocrx_word' id='word_1_675' title='bbox 3425 5081 3555 5135; x_wconf 90' lang='lat' dir='ltr'><strong>dare</strong></span> <span class='ocrx_word' id='word_1_676' title='bbox 3585 5081 3637 5134; x_wconf 93' lang='lat' dir='ltr'><strong>in</strong></span> 
     </span>
    </p>
   </div>
   <div class='ocr_carea' id='block_1_101' title="bbox 371 5173 1943 5259">
    <p class='ocr_par' dir='ltr' id='par_1_101' title="bbox 371 5179 1943 5259">
     <span class='ocr_line' id='line_1_101' title="bbox 371 5179 1943 5259; baseline 0.006 -30"><span class='ocrx_word' id='word_1_677' title='bbox 371 5179 468 5231; x_wconf 76' lang='grc' dir='ltr'>καὶ</span> <span class='ocrx_word' id='word_1_678' title='bbox 502 5181 708 5247; x_wconf 82' lang='grc' dir='ltr'>ταύτας</span> <span class='ocrx_word' id='word_1_679' title='bbox 743 5185 899 5257; x_wconf 84' lang='grc' dir='ltr'>παρὰ</span> <span class='ocrx_word' id='word_1_680' title='bbox 932 5185 1073 5258; x_wconf 75' lang='grc' dir='ltr'>μόνῃ</span> <span class='ocrx_word' id='word_1_681' title='bbox 1103 5189 1170 5259; x_wconf 80' lang='grc' dir='ltr'>τῇ</span> <span class='ocrx_word' id='word_1_682' title='bbox 1204 5187 1537 5257; x_wconf 83' lang='grc' dir='ltr'>ἐπισκοπικῇ</span> <span class='ocrx_word' id='word_1_683' title='bbox 1568 5185 1786 5258; x_wconf 77' lang='grc' dir='ltr'>ἐξουσίᾳ</span> <span class='ocrx_word' id='word_1_684' title='bbox 1811 5186 1943 5238; x_wconf 81' lang='grc' dir='ltr'>ἀνα--</span> 
     </span>
    </p>
   </div>
   <div class='ocr_carea' id='block_1_102' title="bbox 2065 5173 3642 5259">
    <p class='ocr_par' dir='ltr' id='par_1_102' title="bbox 2065 5173 3642 5251">
     <span class='ocr_line' id='line_1_102' title="bbox 2065 5173 3642 5251; baseline -0.006 -13"><span class='ocrx_word' id='word_1_685' title='bbox 2065 5183 2224 5239; x_wconf 80' lang='lat' dir='ltr'><strong>solius</strong></span> <span class='ocrx_word' id='word_1_686' title='bbox 2264 5179 2502 5251; x_wconf 86' lang='lat' dir='ltr'><strong>episcopi</strong></span> <span class='ocrx_word' id='word_1_687' title='bbox 2539 5187 2808 5249; x_wconf 82' lang='lat' dir='ltr'><strong>potestate</strong></span> <span class='ocrx_word' id='word_1_688' title='bbox 2830 5189 2948 5232; x_wconf 87' lang='lat' dir='ltr'><strong>esse</strong></span> <span class='ocrx_word' id='word_1_689' title='bbox 2986 5175 3356 5249; x_wconf 65' lang='lat' dir='ltr'><strong>situm.438</strong></span> <span class='ocrx_word' id='word_1_690' title='bbox 3382 5173 3642 5244; x_wconf 85' lang='lat' dir='ltr'><strong>Chorepi-</strong></span> 
     </span>
    </p>
   </div>
   <div class='ocr_carea' id='block_1_103' title="bbox 1593 5319 2362 5397">
    <p class='ocr_par' dir='ltr' id='par_1_103' title="bbox 1593 5319 2362 5397">
     <span class='ocr_line' id='line_1_103' title="bbox 1593 5319 2362 5397; baseline -0.008 -13"><span class='ocrx_word' id='word_1_691' title='bbox 1593 5319 1782 5393; x_wconf 80' lang='lat' dir='ltr'><strong>Guill,</strong></span> <span class='ocrx_word' id='word_1_692' title='bbox 1815 5319 2140 5397; x_wconf 82' lang='lat' dir='ltr'><strong>Beveregii</strong></span> <span class='ocrx_word' id='word_1_693' title='bbox 2169 5324 2362 5380; x_wconf 63' lang='lat' dir='ltr'><strong>notas.</strong></span> 
     </span>
    </p>
   </div>
   <div class='ocr_carea' id='block_1_104' title="bbox 449 5433 1943 5519">
    <p class='ocr_par' dir='ltr' id='par_1_104' title="bbox 449 5447 1943 5519">
     <span class='ocr_line' id='line_1_104' title="bbox 449 5447 1943 5519; baseline -0.003 -15"><span class='ocrx_word' id='word_1_694' title='bbox 449 5448 561 5519; x_wconf 64' lang='lat'><strong>(56)</strong></span> <span class='ocrx_word' id='word_1_695' title='bbox 611 5449 761 5515; x_wconf 83' lang='grc' dir='ltr'>Τοὺς</span> <span class='ocrx_word' id='word_1_696' title='bbox 806 5447 875 5501; x_wconf 77' lang='grc' dir='ltr'>δὲ</span> <span class='ocrx_word' id='word_1_697' title='bbox 920 5447 1375 5516; x_wconf 78' lang='grc' dir='ltr'>ἀνεπιλήπτους</span> <span class='ocrx_word' id='word_1_698' title='bbox 1427 5447 1943 5519; x_wconf 33' lang='grc' dir='ltr'>χαψεπι-σκόπρυς.</span> 
     </span>
    </p>
   </div>
   <div class='ocr_carea' id='block_1_105' title="bbox 2065 5433 3637 5519">
    <p class='ocr_par' dir='ltr' id='par_1_105' title="bbox 2065 5433 3637 5519">
     <span class='ocr_line' id='line_1_105' title="bbox 2065 5433 3637 5519; baseline -0.007 -21"><span class='ocrx_word' id='word_1_699' title='bbox 2065 5445 2145 5514; x_wconf 70' lang='lat' dir='ltr'><strong>yui</strong></span> <span class='ocrx_word' id='word_1_700' title='bbox 2180 5460 2330 5519; x_wconf 71' lang='lat' dir='ltr'><strong>nunc</strong></span> <span class='ocrx_word' id='word_1_701' title='bbox 2405 5450 2664 5519; x_wconf 56' lang='lat' dir='ltr'><strong>vacanter</strong></span> <span class='ocrx_word' id='word_1_702' title='bbox 2726 5440 2966 5519; x_wconf 61' lang='lat' dir='ltr'><strong>errare/ri,</strong></span> <span class='ocrx_word' id='word_1_703' title='bbox 3016 5441 3122 5494; x_wconf 81' lang='lat' dir='ltr'><strong>sive</strong></span> <span class='ocrx_word' id='word_1_704' title='bbox 3171 5437 3240 5519; x_wconf 67' lang='grc' dir='ltr'>ᾳιί</span> <span class='ocrx_word' id='word_1_705' title='bbox 3276 5433 3637 5505; x_wconf 68' lang='lat' dir='ltr'><strong>patriam/mm</strong></span> 
     </span>
    </p>
   </div>
   <div class='ocr_carea' id='block_1_106' title="bbox 390 5511 3628 5588">
    <p class='ocr_par' dir='ltr' id='par_1_106' title="bbox 390 5511 3628 5588">
     <span class='ocr_line' id='line_1_106' title="bbox 390 5511 3628 5588; baseline -0.005 -14"><span class='ocrx_word' id='word_1_706' title='bbox 390 5511 1030 5588; x_wconf 45' lang='lat' dir='ltr'><strong>Harlnenopn&#39;lnstoulm</strong></span> <span class='ocrx_word' id='word_1_707' title='bbox 1067 5511 1211 5572; x_wconf 80' lang='lat' dir='ltr'><strong>hunc</strong></span> <span class='ocrx_word' id='word_1_708' title='bbox 1256 5511 1522 5571; x_wconf 61' lang='lat' dir='ltr'><strong>«talionem</strong></span> <span class='ocrx_word' id='word_1_709' title='bbox 1553 5519 1603 5570; x_wconf 89' lang='lat' dir='ltr'><strong>in</strong></span> <span class='ocrx_word' id='word_1_710' title='bbox 1642 5517 1782 5570; x_wconf 86' lang='lat' dir='ltr'><strong>hanc</strong></span> <span class='ocrx_word' id='word_1_711' title='bbox 1820 5517 1950 5588; x_wconf 83' lang='lat' dir='ltr'><strong>Epi-</strong></span> <span class='ocrx_word' id='word_1_712' title='bbox 2054 5511 2376 5588; x_wconf 75' lang='lat' dir='ltr'><strong>pertineant.</strong></span> <span class='ocrx_word' id='word_1_713' title='bbox 2411 5515 2519 5588; x_wconf 66' lang='lat' dir='ltr'><strong>sine</strong></span> <span class='ocrx_word' id='word_1_714' title='bbox 2543 5514 2612 5588; x_wconf 70' lang='lat' dir='ltr'><strong>qd</strong></span> <span class='ocrx_word' id='word_1_715' title='bbox 2636 5511 3130 5588; x_wconf 29' lang='lat' dir='ltr'><strong>mettopg‘l‘itn‘nuni.</strong></span> <span class='ocrx_word' id='word_1_716' title='bbox 3161 5511 3405 5588; x_wconf 66' lang='lat' dir='ltr'><strong>Alterum</strong></span> <span class='ocrx_word' id='word_1_717' title='bbox 3445 5515 3628 5560; x_wconf 84' lang='lat' dir='ltr'><strong>autem</strong></span> 
     </span>
    </p>
   </div>
   <div class='ocr_carea' id='block_1_107' title="bbox 375 5575 1943 5657">
    <p class='ocr_par' dir='ltr' id='par_1_107' title="bbox 375 5575 1943 5657">
     <span class='ocr_line' id='line_1_107' title="bbox 375 5575 1943 5657; baseline -0.004 -14"><span class='ocrx_word' id='word_1_718' title='bbox 375 5599 556 5644; x_wconf 88' lang='lat' dir='ltr'><strong>tomen</strong></span> <span class='ocrx_word' id='word_1_719' title='bbox 584 5575 822 5651; x_wconf 62' lang='lat' dir='ltr'><strong>redegit:</strong></span> <span class='ocrx_word' id='word_1_720' title='bbox 848 5587 1313 5657; x_wconf 81' lang='grc' dir='ltr'>Χωρεπισκόπους</span> <span class='ocrx_word' id='word_1_721' title='bbox 1342 5588 1632 5648; x_wconf 86' lang='grc' dir='ltr'>κανονικὰς</span> <span class='ocrx_word' id='word_1_722' title='bbox 1664 5575 1943 5648; x_wconf 75' lang='grc' dir='ltr'>ἐπιστολὰς</span> 
     </span>
    </p>
   </div>
   <div class='ocr_carea' id='block_1_108' title="bbox 2065 5575 3634 5657">
    <p class='ocr_par' dir='ltr' id='par_1_108' title="bbox 2065 5575 3634 5657">
     <span class='ocr_line' id='line_1_108' title="bbox 2065 5575 3634 5657; baseline -0.008 -16"><span class='ocrx_word' id='word_1_723' title='bbox 2065 5587 2133 5641; x_wconf 74' lang='lat' dir='ltr'><strong>sic</strong></span> <span class='ocrx_word' id='word_1_724' title='bbox 2164 5600 2222 5638; x_wconf 89' lang='lat' dir='ltr'><strong>se</strong></span> <span class='ocrx_word' id='word_1_725' title='bbox 2253 5585 2415 5657; x_wconf 65' lang='lat' dir='ltr'><strong>habet</strong></span> <span class='ocrx_word' id='word_1_726' title='bbox 2435 5601 2448 5637; x_wconf 91' lang='lat'><strong>:</strong></span> <span class='ocrx_word' id='word_1_727' title='bbox 2468 5584 2528 5638; x_wconf 85' lang='lat'><strong>&#39;0</strong></span> <span class='ocrx_word' id='word_1_728' title='bbox 2626 5583 2686 5657; x_wconf 56' lang='grc' dir='ltr'>ιδξ</span> <span class='ocrx_word' id='word_1_729' title='bbox 2719 5575 2818 5651; x_wconf 76' lang='grc' dir='ltr'><strong>τῆς</strong></span> <span class='ocrx_word' id='word_1_730' title='bbox 2838 5579 3021 5657; x_wconf 53' lang='grc' dir='ltr'><strong>ζξιοθδέ</strong></span> <span class='ocrx_word' id='word_1_731' title='bbox 3057 5575 3413 5657; x_wconf 51' lang='grc' dir='ltr'>ἀναγνώστας</span> <span class='ocrx_word' id='word_1_732' title='bbox 3458 5593 3634 5657; x_wconf 80' lang='grc' dir='ltr'>χειρο-</span> 
     </span>
    </p>
   </div>
   <div class='ocr_carea' id='block_1_109' title="bbox 379 5649 1943 5726">
    <p class='ocr_par' dir='ltr' id='par_1_109' title="bbox 379 5649 1943 5726">
     <span class='ocr_line' id='line_1_109' title="bbox 379 5649 1943 5726; baseline -0.003 -14"><span class='ocrx_word' id='word_1_733' title='bbox 379 5660 590 5724; x_wconf 84' lang='grc' dir='ltr'>διδότω,</span> <span class='ocrx_word' id='word_1_734' title='bbox 625 5649 1038 5726; x_wconf 70' lang='grc' dir='ltr'>(ΖΙιονρρὶεεοριιδ</span> <span class='ocrx_word' id='word_1_735' title='bbox 1079 5660 1360 5712; x_wconf 83' lang='lat' dir='ltr'><strong>canonicas</strong></span> <span class='ocrx_word' id='word_1_736' title='bbox 1393 5658 1642 5726; x_wconf 76' lang='lat' dir='ltr'><strong>epistolas</strong></span> <span class='ocrx_word' id='word_1_737' title='bbox 1685 5657 1943 5726; x_wconf 29' lang='lat' dir='ltr'><strong>datotcui</strong></span> 
     </span>
    </p>
   </div>
   <div class='ocr_carea' id='block_1_110' title="bbox 2065 5649 3625 5726">
    <p class='ocr_par' dir='ltr' id='par_1_110' title="bbox 2065 5649 3625 5726">
     <span class='ocr_line' id='line_1_110' title="bbox 2065 5649 3625 5726; baseline -0.004 -20"><span class='ocrx_word' id='word_1_738' title='bbox 2065 5657 2227 5726; x_wconf 76' lang='lat' dir='ltr'><strong>:_ovaiv</strong></span> <span class='ocrx_word' id='word_1_739' title='bbox 2263 5654 2516 5726; x_wconf 63' lang='grc' dir='ltr'>δίδωσιν,</span> <span class='ocrx_word' id='word_1_740' title='bbox 2543 5653 2594 5705; x_wconf 89' lang='grc' dir='ltr'><strong>εί</strong></span> <span class='ocrx_word' id='word_1_741' title='bbox 2631 5653 2731 5726; x_wconf 69' lang='grc' dir='ltr'><strong>μὴΔ</strong></span> <span class='ocrx_word' id='word_1_742' title='bbox 2765 5649 2900 5706; x_wconf 54' lang='lat' dir='ltr'><strong>itas&quot;</strong></span> <span class='ocrx_word' id='word_1_743' title='bbox 2945 5650 3249 5726; x_wconf 79' lang='grc' dir='ltr'>ἐπιτροπὴν</span> <span class='ocrx_word' id='word_1_744' title='bbox 3295 5649 3625 5726; x_wconf 77' lang='grc' dir='ltr'>ἐπισκόπου.</span> 
     </span>
    </p>
   </div>
   <div class='ocr_carea' id='block_1_111' title="bbox 378 5719 3636 5797">
    <p class='ocr_par' dir='ltr' id='par_1_111' title="bbox 378 5719 3636 5797">
     <span class='ocr_line' id='line_1_111' title="bbox 378 5719 3636 5797; baseline -0.004 -14"><span class='ocrx_word' id='word_1_745' title='bbox 378 5719 586 5797; x_wconf 60' lang='grc' dir='ltr'><strong>(ιυβιρί</strong></span> <span class='ocrx_word' id='word_1_746' title='bbox 614 5719 879 5784; x_wconf 78' lang='lat' dir='ltr'><strong>scholiuin</strong></span> <span class='ocrx_word' id='word_1_747' title='bbox 914 5719 1220 5796; x_wconf 77' lang='lat' dir='ltr'><strong>subjicitur.</strong></span> <span class='ocrx_word' id='word_1_748' title='bbox 1259 5719 1499 5780; x_wconf 81' lang='lat' dir='ltr'><strong>Primum</strong></span> <span class='ocrx_word' id='word_1_749' title='bbox 1535 5727 1751 5794; x_wconf 84' lang='lat' dir='ltr'><strong>quidem</strong></span> <span class='ocrx_word' id='word_1_750' title='bbox 1786 5743 1802 5781; x_wconf 87' lang='lat'><strong>:</strong></span> <span class='ocrx_word' id='word_1_751' title='bbox 1833 5725 1956 5780; x_wconf 84' lang='grc' dir='ltr'><strong>Χω-</strong></span> <span class='ocrx_word' id='word_1_752' title='bbox 2057 5724 2244 5797; x_wconf 56' lang='lat' dir='ltr'><strong>Conon</strong></span> <span class='ocrx_word' id='word_1_753' title='bbox 2294 5741 2409 5777; x_wconf 84' lang='lat' dir='ltr'><strong>vero</strong></span> <span class='ocrx_word' id='word_1_754' title='bbox 2460 5724 2527 5797; x_wconf 71' lang='grc' dir='ltr'>ῌ</span> <span class='ocrx_word' id='word_1_755' title='bbox 2562 5719 2814 5797; x_wconf 63' lang='grc' dir='ltr'>ευιιοᾰξβ</span> <span class='ocrx_word' id='word_1_756' title='bbox 2873 5737 3036 5797; x_wconf 67' lang='lat' dir='ltr'><strong>neque</strong></span> <span class='ocrx_word' id='word_1_757' title='bbox 3080 5719 3296 5797; x_wconf 60' lang='lat' dir='ltr'><strong>lectores</strong></span> <span class='ocrx_word' id='word_1_758' title='bbox 3337 5728 3393 5769; x_wconf 81' lang='lat' dir='ltr'><strong>ul</strong></span> <span class='ocrx_word' id='word_1_759' title='bbox 3428 5719 3636 5797; x_wconf 63' lang='lat' dir='ltr'><strong>ordinet</strong></span> 
     </span>
    </p>
   </div>
   <div class='ocr_carea' id='block_1_112' title="bbox 384 5789 1943 5870">
    <p class='ocr_par' dir='ltr' id='par_1_112' title="bbox 384 5789 1943 5870">
     <span class='ocr_line' id='line_1_112' title="bbox 384 5789 1943 5870; baseline -0.003 -18"><span class='ocrx_word' id='word_1_760' title='bbox 384 5789 708 5870; x_wconf 70' lang='grc' dir='ltr'>ρεπίσκοποι</span> <span class='ocrx_word' id='word_1_761' title='bbox 738 5802 785 5854; x_wconf 81' lang='grc' dir='ltr'>οἱ</span> <span class='ocrx_word' id='word_1_762' title='bbox 815 5798 910 5853; x_wconf 82' lang='grc' dir='ltr'><strong>νῦν</strong></span> <span class='ocrx_word' id='word_1_763' title='bbox 945 5789 1228 5870; x_wconf 45' lang='lat' dir='ltr'><strong>lsi/opsum</strong></span> <span class='ocrx_word' id='word_1_764' title='bbox 1251 5797 1490 5870; x_wconf 73' lang='grc' dir='ltr'>ἔξαρχοι,</span> <span class='ocrx_word' id='word_1_765' title='bbox 1524 5789 1633 5870; x_wconf 71' lang='grc' dir='ltr'>εἴτε</span> <span class='ocrx_word' id='word_1_766' title='bbox 1665 5797 1943 5866; x_wconf 77' lang='grc' dir='ltr'>πατριάρ-</span> 
     </span>
    </p>
   </div>
   <div class='ocr_carea' id='block_1_113' title="bbox 2065 5789 3631 5870">
    <p class='ocr_par' dir='ltr' id='par_1_113' title="bbox 2065 5789 3631 5870">
     <span class='ocr_line' id='line_1_113' title="bbox 2065 5789 3631 5870; baseline -0.004 -24"><span class='ocrx_word' id='word_1_767' title='bbox 2065 5793 2532 5870; x_wconf 30' lang='grc' dir='ltr'><strong>[βὴονερίεεορρ-Ῑ-</strong></span> <span class='ocrx_word' id='word_1_768' title='bbox 2566 5789 2804 5848; x_wconf 70' lang='lat' dir='ltr'><strong>concedit</strong></span> <span class='ocrx_word' id='word_1_769' title='bbox 2833 5833 2846 5857; x_wconf 90' lang='lat'><strong>,</strong></span> <span class='ocrx_word' id='word_1_770' title='bbox 2909 5792 3012 5870; x_wconf 61' lang='lat' dir='ltr'><strong>nisi</strong></span> <span class='ocrx_word' id='word_1_771' title='bbox 3051 5789 3332 5870; x_wconf 37' lang='lat' dir='ltr'><strong>.peiznissn</strong></span> <span class='ocrx_word' id='word_1_772' title='bbox 3378 5791 3631 5859; x_wconf 51' lang='lat' dir='ltr'><strong>epis-cepi,</strong></span> 
     </span>
    </p>
   </div>
   <div class='ocr_carea' id='block_1_114' title="bbox 387 5859 1943 5944">
    <p class='ocr_par' dir='ltr' id='par_1_114' title="bbox 387 5859 1943 5944">
     <span class='ocr_line' id='line_1_114' title="bbox 387 5859 1943 5944; baseline -0.002 -21"><span class='ocrx_word' id='word_1_773' title='bbox 387 5859 484 5944; x_wconf 78' lang='grc' dir='ltr'><strong>χου</strong></span> <span class='ocrx_word' id='word_1_774' title='bbox 532 5873 689 5941; x_wconf 63' lang='grc' dir='ltr'>εἰσὶν,</span> <span class='ocrx_word' id='word_1_775' title='bbox 743 5871 852 5925; x_wconf 70' lang='grc' dir='ltr'>εἴτε</span> <span class='ocrx_word' id='word_1_776' title='bbox 892 5859 1320 5941; x_wconf 66' lang='grc' dir='ltr'>μητροπολίτου’⁶</span> <span class='ocrx_word' id='word_1_777' title='bbox 1351 5859 1753 5938; x_wconf 67' lang='grc' dir='ltr'>’δίιὸγευὲδεορι</span> <span class='ocrx_word' id='word_1_778' title='bbox 1781 5859 1943 5936; x_wconf 72' lang='grc' dir='ltr'><strong>’διιὶιι1</strong></span> 
     </span>
    </p>
   </div>
   <div class='ocr_carea' id='block_1_115' title="bbox 2065 5859 3204 5944">
    <p class='ocr_par' dir='ltr' id='par_1_115' title="bbox 2065 5859 3204 5937">
     <span class='ocr_line' id='line_1_115' title="bbox 2065 5859 3204 5937; baseline -0.007 -14"><span class='ocrx_word' id='word_1_779' title='bbox 2065 5859 2413 5936; x_wconf 58' lang='grc' dir='ltr'>Ηιιισηιέηοςιζ</span> <span class='ocrx_word' id='word_1_780' title='bbox 2440 5859 2582 5937; x_wconf 77' lang='lat' dir='ltr'><strong>Epit.</strong></span> <span class='ocrx_word' id='word_1_781' title='bbox 2612 5881 2737 5922; x_wconf 86' lang='lat' dir='ltr'><strong>can.</strong></span> <span class='ocrx_word' id='word_1_782' title='bbox 2780 5873 2916 5921; x_wconf 78' lang='lat' dir='ltr'><strong>sect.</strong></span> <span class='ocrx_word' id='word_1_783' title='bbox 2951 5861 2998 5927; x_wconf 73' lang='grc' dir='ltr'><strong>ί,</strong></span> <span class='ocrx_word' id='word_1_784' title='bbox 3027 5861 3109 5915; x_wconf 88' lang='lat' dir='ltr'><strong>tit.</strong></span> <span class='ocrx_word' id='word_1_785' title='bbox 3151 5859 3204 5915; x_wconf 76' lang='lat'><strong>9.</strong></span> 
     </span>
    </p>
   </div>
  </div>
