3990 6482
362 396 534 495 issi)

1656 424 1938 492 THEOD.
1977 414 2384 492 BALSAMON

3523 431 3658 497 ιτιηο

393 546 576 613 scopis
606 552 788 599 autem
814 542 1062 598 ab‘nmni
1109 541 1532 614 reprehensione
1582 538 1800 604 alienis,
1836 556 1971 612 quo-

2122 542 2320 598 εῐσθαι.
2352 542 2479 605 Τοῖς
2502 540 2560 596 δὲ
2592 540 2984 611 ἀνεπιλήπτοις
3028 543 3497 613 χωρεπισκόποις,
3535 548 3658 617 ἤτοι

397 655 515 694 rem
565 638 771 694 scilicet
825 635 1159 691 existimatio
1219 633 1362 689 nulla
1422 634 1804 699 accusatione,
1853 649 1972 703 qua:

395 737 569 791 labem
605 732 815 798 aﬂ'erat,
872 740 1077 785 tentata
1129 736 1235 792 est,
1295 740 1613 781 concessum
1654 735 1821 780 estet
1845 727 1973 780 dare

392 830 605 883 litteras
643 824 937 896 paciﬁcos;
987 821 1115 893 quia
1141 822 1222 878 eis
1267 819 1373 875 alia
1423 820 1641 890 quoque
1687 814 1970 886 privilegia

392 924 514 978 data
549 931 695 976 sunt.

463 1012 716 1069 ZONAR.
747 1010 1145 1068 Canonicarum
1196 1007 1545 1078 epistolarum
1578 1004 1793 1062 nomine
1824 1017 1971 1058 com-

393 1104 723 1163 mendatitiae
754 1102 1097 1171 paciﬁcteque
1129 1099 1229 1154 hoc
1276 1100 1395 1155 loco
1424 1098 1815 1167 intelliguntur.
1844 1093 1974 1160 Quae

392 1218 519 1263 vero
540 1202 648 1256 sint
659 1197 893 1269 pacilicac
913 1193 1365 1265 epistola»,qu:eve
1381 1186 1848 1248 commendatitiae,
1862 1184 1969 1251 iam

390 1295 645 1347 diximus.
681 1288 772 1343 llae
811 1300 939 1341 vero
964 1301 995 1339 a
1028 1282 1301 1353 praefectis
1330 1279 1705 1344 ecclesiarum,
1737 1292 1841 1332 non
1868 1290 1965 1330 au-

394 1400 500 1442 tem
533 1402 562 1440 a
590 1381 947 1455 presbyteris,
973 1392 1072 1435 nec
1094 1376 1162 1433 ab
1186 1377 1271 1443 iis,
1294 1375 1386 1445 qui
1415 1384 1536 1429 Sunt
1562 1373 1616 1427 in
1638 1370 1969 1442 regionibus,

390 1497 419 1533 a
451 1479 653 1549 quibus
675 1488 733 1531 ut
766 1474 1056 1545 plurimum
1109 1471 1297 1525 abesse
1326 1467 1504 1522 solent
1555 1463 1816 1534 episcOpi,
1848 1459 1965 1515 dari

389 1582 742 1624 consuevere.
773 1551 1196 1631 Cltorepiscopis
1248 1565 1425 1612 autem
1473 1555 1543 1609 ab
1582 1553 1727 1607 omni
1791 1549 1972 1618 suspi-

389 1664 548 1716 cione
602 1660 821 1722 alienis,
880 1668 1117 1725 quorum
1174 1650 1385 1706 scilicet
1438 1642 1776 1701 existimatio
1823 1641 1969 1696 nulla

389 1752 637 1809 criminis
692 1750 810 1804 labe
869 1746 1138 1801 maculata
1191 1750 1306 1806 est,
1376 1737 1628 1809 paciﬁcas
1695 1732 1973 1789 tribuendi

2078 638 2192 699 τοῖς
2229 636 2305 707 μὴ
2336 637 2444 690 ὑπὸ
2472 638 2713 691 αίτίασιν
2746 636 3083 707 σπιλωτικὴν
3116 637 3447 709 ὑπολήψεως
3478 640 3660 692 αὐτῶν

2078 732 2418 799 γενομένοις,
2462 714 2678 801 ἐνεδόθη
2730 730 3015 800 εἰρηνικάς
3053 729 3261 784 διδόναι
3318 730 3657 796 ἐπιστολάς’

2077 821 2162 874 ὅτι
2200 822 2295 877 καὶ
2325 822 2463 877 ἄλλα
2492 823 2763 895 προνόμια
2792 822 3004 887 τούτοις
3040 822 3535 895 ἐφιλοτιμήθησαν.

2150 1004 2396 1059 ΖΩΝΑΡ.
2424 1004 2734 1068 Κανονικὰς
2762 1005 3053 1067 ἐπιστολάς
3075 1004 3177 1068 τὰς
3203 1004 3537 1066 συστατικὰς
3564 1003 3663 1057 καὶ

2079 1097 2359 1167 εἰρηνικάς
2383 1096 2660 1166 ὀνομάζει.
2691 1097 2851 1161 Τίνες
2881 1098 2937 1151 δέ
2958 1100 3097 1151 είσιν
3130 1099 3433 1169 εἰρηνικαὶ,
3459 1099 3560 1150 καὶ
3583 1099 3665 1149 τί-

2080 1206 2167 1252 νες
2204 1189 2527 1242 συστατικαὶ
2550 1190 2644 1242 καὶ
2679 1189 2779 1260 ἤδη
2814 1189 3054 1259 εἴρηται.
3088 1188 3308 1250 Ταύτας
3334 1189 3391 1242 δὲ
3419 1190 3469 1242 oi
3493 1205 3665 1251 προε-

2080 1279 2283 1343 στῶτες
2316 1279 2425 1332 τῶν
2449 1279 2757 1350 ἐκκλησιῶν
2796 1281 3056 1344 διδόασιν,
3114 1280 3175 1335 οὐ
3204 1281 3388 1351 μέντοι
3415 1282 3664 1351 πρεσϐύ-

2079 1388 2249 1442 τεροι,
2274 1373 2395 1427 οὐδὲ
2423 1375 2472 1426 οἱ
2503 1374 2560 1427 ἐν
2578 1377 2697 1436 ταῖς
2719 1373 2925 1443 χώραις
2949 1374 3078 1427 ἔνθα
3103 1376 3176 1443 μὴ
3204 1372 3463 1443 συχνάζει
3488 1372 3517 1426 ό
3542 1375 3666 1426 ἐπί-

2080 1484 2302 1531 σκοπος.
2324 1470 2386 1521 Οί
2406 1468 2464 1522 δὲ
2483 1469 2913 1539 χωρεπίσκοποι,
2935 1469 2983 1520 εί
3006 1468 3234 1538 ἀνεπίλη
3246 1468 3365 1521 πτοί
3387 1470 3513 1531 τίσι,
3538 1485 3665 1520 του-

2077 1559 2258 1612 τέστιν
2284 1560 2535 1625 ἀναίτιοι,
2582 1562 2654 1630 μή
2694 1577 2838 1622 τινος
2873 1560 3055 1624 αἰτίας
3100 1561 3222 1612 κατ’
3266 1560 3450 1611 αὐτῶν
3491 1558 3663 1627 οὔσης

2080 1651 2378 1723 σπιλούσης
2399 1653 2529 1717 ίσως
2554 1652 2653 1723 τὴν
2685 1652 2891 1706 τούτων
2910 1653 3205 1721 ὑπόληψιν,
3231 1652 3487 1705 δύνανται
3519 1652 3661 1705 διδό-

2078 1762 2165 1800 ναι
2196 1744 2516 1815 εἰρηνικάς·
2557 1745 2681 1798 ἐιιτελ⁸
2732 1748 2846 1809 τοῖς
2897 1746 3340 1816 χωρεπισκόποις
3378 1744 3476 1797 καὶ
3524 1740 3662 1799 ἄλλα

390 1853 538 1917 (nam
598 1843 700 1898 alia
741 1854 957 1912 quoque
1001 1833 1407 1905 cborepiscopis
1460 1828 1741 1900 privilegia
1774 1840 1972 1881 conce-

2126 1837 2353 1907 ρονόμια
2413 1836 2691 1892 δέδονται⁸
2744 1837 2882 1908 πρὸς
2917 1837 3118 1908 μόνους
3157 1837 3216 1890 δὲ
3246 1838 3374 1898 τοὺς
3406 1837 3661 1903 γείτονας

390 1938 616 2008 duntur)
666 1937 731 1990 ad
785 1934 931 1990 solos
992 1942 1169 1986 tamen
1198 1928 1405 1984 vicinos
1460 1922 1746 1992 episcopos
1790 1925 1845 1972 et
1878 1915 1971 1985 qui

2122 1929 2413 1992 τισκόπους
2449 1929 2692 1997 πέμπειν
2739 1929 3024 1999 εἰρηνικάς
3083 1928 3377 1990 ἐπιστολὰς
3422 1928 3660 1990 δέδοται,

390 2041 521 2087 sunt
543 2032 596 2085 in
621 2028 772 2099 pagis
790 2025 1161 2097 presbyteros,
1186 2036 1289 2075 non
1316 2017 1386 2072 ad
1410 2030 1504 2071 eos
1520 2014 1611 2084 qui
1636 2009 1973 2080 longioribus

392 2122 695 2179 intervallis
749 2116 1006 2186 disiuncti
1070 2124 1229 2178 sunt,
1279 2125 1452 2168 canon
1498 2105 1811 2164 facultatem
1854 2114 1976 2157 esse
2020 2164 2027 2171 ,

390 2218 662 2274 decernit.

387 2307 621 2365 ARIST.
680 2326 705 2360 ι
730 2305 1020 2376 Presbyter
1059 2300 1171 2357 ruri
1223 2298 1425 2367 degens
1450 2305 1745 2349 canomcas
1788 2304 1855 2344 ne
1886 2288 1977 2343 det

455 2422 475 2457 ι
514 2399 795 2474 epistolas,
837 2398 918 2452 vel
944 2395 1135 2451 saltem
1170 2390 1236 2446 ad
1266 2388 1505 2444 vicinum
1529 2393 1742 2440 tantum
1768 2380 1977 2453 episco-

454 2514 474 2548 ι
509 2507 666 2565 pum.
696 2509 719 2543 ι

462 2608 607 2663 Solis
640 2594 916 2676 episcopis
956 2610 1012 2656 et
1064 2594 1474 2667 chorepiscopis
1508 2589 1806 2662 lncuipatis
1844 2603 1972 2659 per-

388 2702 626 2758 mittitur
664 2699 880 2755 clericis
910 2694 1161 2767 parmcia:
1188 2707 1301 2748 suae
1322 2702 1546 2760 peregre
1575 2683 1843 2757 prolicisci
1878 2694 1971 2736 vo-

391 2793 633 2849 lentibus
676 2789 969 2844 canonica:
1009 2786 1142 2840 dare
1191 2779 1490 2851 epistolas:
1525 2785 1582 2830 at
1618 2772 1973 2843 presbyteris,

389 2886 597 2956 primas
630 2884 685 2937 in
740 2881 963 2952 regione
997 2874 1229 2933 forsitan
1265 2880 1449 2943 partes
1506 2866 1840 2930 tenentibus,
1872 2864 1976 2918 hoc

390 2996 500 3037 non
534 2980 710 3035 decet.
741 2975 821 3030 Ad
858 2971 1099 3027 vicinum
1132 2975 1312 3023 autem
1336 2964 1652 3035 episcopum
1685 2958 1752 3015 de
1777 2956 1975 3013 talibus

388 3073 607 3130 clericis
645 3064 911 3132 scribere,
964 3074 1021 3122 et
1067 3059 1492 3122 ordinationem,
1551 3068 1618 3109 ac
1677 3051 1861 3115 ﬁdem,
1910 3060 1974 3102 ac

389 3167 702 3238 opinionem
756 3174 945 3218 eorum
980 3165 1168 3214 notam
1209 3152 1391 3209 facere
1432 3148 1598 3206 etiam
1628 3142 1736 3201 illis
1774 3151 1972 3197 conce-

391 3263 557 3318 ditur.

1006 3472 1239 3535 CANON
1272 3470 1363 3528 IX.

398 3624 417 3656 ι
456 3601 775 3673 Episcopos,
798 3596 891 3667 qui
916 3603 1046 3650 sunt
1075 3593 1127 3647 in
1156 3598 1482 3659 unaquaque
1509 3581 1811 3653 provincia,
1838 3576 1981 3633 scire

469 3672 748 3762 reportet
804 3688 1117 3759 episcopum
1170 3686 1262 3753 qui
1313 3687 1512 3750 praeest
1576 3672 1886 3744 metropoli,
1926 3679 1983 3725 et

474 3808 492 3841 ι
531 3801 719 3843 curam
754 3784 1036 3850 suscipere
1088 3778 1257 3833 totius
1285 3770 1580 3846 provinciae
1609 3786 1623 3823 :
1658 3784 1725 3824 eo
1756 3766 1898 3837 quod
1926 3764 1979 3818 in

477 3901 493 3933 ι
538 3875 886 3946 metropolim
948 3871 1309 3940 undeqnaque
1357 3868 1697 3921 concurrunt
1761 3870 1979 3917 omnes,

476 3994 500 4027 ο
538 3972 629 4045 qui
664 3970 868 4025 habent
895 3964 1134 4037 negotia.
1168 3959 1323 4017 Unde
1353 3958 1529 4012 visum
1561 3962 1668 4018 est,
1700 3966 1821 4006 eum
1846 3962 1981 4017 quo-

480 4083 498 4119 ς
531 4042 858 4136 queﬂwnore
882 4056 1222 4129 praecedere;
1247 4050 1484 4119 reliquos
1500 4056 1682 4102 autem
1700 4042 1982 4111 episcopos

484 4179 505 4211 ι
543 4129 682 4213 nihil
710 4152 893 4225 magni
921 4146 1183 4206 momenti
1206 4138 1421 4215 aggredi
1456 4139 1578 4194 sine
1610 4135 1751 4206 ipso,
1786 4139 1845 4184 ut
1868 4129 1983 4183 vult

469 4273 486 4303 ι
524 4223 828 4319 antiquior,
882 4242 977 4314 qui
1045 4230 1283 4297 obtinuit
1344 4250 1375 4290 e
1434 4230 1689 4287 Patribus
1756 4223 1978 4288 nostris,

470 4364 487 4396 ι
524 4318 746 4398 canon:
799 4337 885 4394 vel
942 4352 1005 4392 ea
1055 4334 1190 4398 sola,
1249 4344 1369 4400 quae
1418 4327 1485 4381 ad
1551 4318 1983 4387 uniuscujusque

472 4453 491 4485 ι
528 4432 822 4504 parteciam
847 4426 1158 4485 conferunt,
1179 4419 1497 4487 et'regiones
1519 4427 1638 4483 quae
1659 4410 1709 4466 ei
1731 4408 1982 4464 subsunt.

474 4547 491 4579 ι
537 4524 989 4594 Unutnquemque
1040 4516 1185 4573 enim
1248 4512 1565 4584 episcopum
1622 4506 1827 4562 habere
1870 4516 1982 4557 suae

2078 2021 2310 2083 καὶτοῖς
2346 2021 2405 2074 ὲν
2438 2022 2564 2082 ταῖς
2598 2020 2809 2092 χώραις
2836 2018 3254 2091 πρεσϐυτέροις,
3294 2020 3355 2073 οὐ
3390 2018 3498 2089 μὴν
3520 2017 3663 2090 πρὸς

2077 2112 2205 2176 τοὺς
2240 2111 2578 2183 περαιτέρω.

2076 2292 2303 2349 ΑΡΙΣΤ.
2344 2312 2362 2345 ι
2418 2291 2479 2346 '0
2533 2290 2627 2345 hri.
2664 2288 2849 2363 χώρας
2910 2290 3287 2362 πρεσϐύτερος
3342 2288 3416 2357 μὴ
3466 2285 3663 2338 διδότω

2155 2406 2173 2440 ι
2222 2388 2519 2450 κανονικάς
2578 2384 2869 2450 ἐπιστολὰς
2898 2385 2932 2455 ἢ
2968 2384 3106 2456 πρὸς
3142 2383 3309 2454 μόνον
3357 2380 3665 2434 ἐπίσκοπον

2151 2499 2171 2535 ι
2218 2478 2458 2549 γείτονα.
2511 2499 2529 2533 ο
3650 2480 3659 2491 ⁴

2148 2592 2351 2656 Μόνοις
2398 2594 2514 2656 τοῖς
2570 2588 2897 2654 ἐπισκόποις
2949 2588 3044 2642 καὶ
3094 2588 3213 2649 τοῖς
3263 2583 3665 2653 άνεπιλήπτοις

2078 2684 2521 2757 χωρεπισκόποις
2556 2683 2769 2751 ἐφεῖται
2819 2679 3116 2741 κανονικὰς
3177 2676 3380 2729 διδόναι
3434 2674 3665 2726 ἐπιστο-

2078 2777 2179 2841 λὰς
2212 2778 2325 2839 τοῖς
2380 2774 2604 2847 μακρὰν
2652 2768 3010 2843 ἀποδημῆσαι
3046 2770 3262 2824 θέλουσι
3307 2768 3408 2837 τῆς
3445 2764 3665 2817 ἐαυτῶν

2077 2864 2380 2940 παροικίας
2402 2862 2722 2935 κληρικοῙςο
2754 2861 3152 2934 πρεσϐυτέροις
3182 2858 3261 2922 δέ,
3294 2859 3409 2918 τοῖς
3441 2856 3533 2908 ἐπὶ
3558 2852 3669 2923 χώ-

2081 2978 2180 3033 ρας
2214 2961 2347 3023 ίσως
2381 2957 2753 3027 πρωτεύουσι,
2787 2955 2850 3009 τδ
2881 2952 3181 3023 προνόμιον
3204 2949 3365 3002 τοῦτο
3391 2947 3493 3000 οὐκ
3526 2946 3665 3013 ἁνή-

2077 3070 2187 3106 κει.
2224 3049 2373 3119 Πρδς
2418 3049 2479 3104 δὲ
2528 3048 2828 3102 ἐπίσκοπον
2867 3045 3087 3115 γείτονα
3119 3043 3356 3112 γράφειν
3390 3038 3668 3109 περὶτῶν

2077 3141 2341 3196 τοιούτων
2384 3137 2666 3211 κληρικῶν
2696 3138 2794 3193 καὶ
2843 3136 3101 3206 συνιστᾷν
3144 3133 3244 3202 τὴν
3294 3129 3663 3202 χειροτονίαν,

2002 3250 2047 3327 c
2082 3235 2180 3289 καὶ
2204 3236 2310 3327 τὴν
2340 3236 2547 3299 πίστιν,
2580 3235 2676 3289 καὶ
2706 3232 2809 3304 τὴν
2837 3229 3111 3301 ὑπόληψιν
3152 3226 3358 3292 αὐτῶν,
3404 3224 3504 3279 καὶ
3535 3236 3670 3292 συγ-

2080 3325 2398 3398 κσνώρηται
2428 3325 2526 3381 καὶ
2557 3325 2769 3388 αὐτοῖς.

2686 3464 2930 3520 ΚΑΝΩΝ
2976 3463 3057 3517 9'.

2087 3601 2106 3635 ι
2155 3580 2294 3646 Τοὺς
2320 3580 2448 3636 καθ’
2479 3581 2720 3651 ἑκάστην
2758 3577 3036 3650 ἐπαρχίαν
3066 3574 3409 3636 ἐπισκόπους
3463 3570 3666 3624 ειδέναι

2159 3694 2177 3728 σ
2224 3674 2332 3745 χρὴ
2362 3674 2456 3728 τὸν
2480 3674 2538 3727 ἐν
2581 3674 2648 3745 τῇ
2688 3672 3027 3743 μητροπόλει
3060 3667 3386 3741 προεστῶτα
3434 3665 3666 3720 inimco-

2163 3787 2182 3821 ι
2230 3784 2352 3832 πον,
2386 3768 2481 3821 καὶ
2514 3767 2616 3837 τὴν
2647 3765 2908 3838 φροντίδα
2952 3761 3310 3832 ἀναδέχεσθαι
3343 3758 3530 3827 πάσης
3560 3755 3665 3824 τῆς

2160 3880 2179 3913 ι
2227 3860 2502 3934 ἐπαρχίας
2522 3874 2537 3890 ⁸
2567 3858 2657 3912 διὰ
2685 3857 2747 3911 τὸ
2777 3859 2835 3911 ἐν
2857 3857 2924 3926 τῇ
2957 3852 3292 3927 μητροπόλει
3317 3846 3666 3917 πανταχόθεν

2162 3970 2181 4004 ι
2229 3953 2545 4024 συντρέχειν
2582 3950 2793 4013 πάντας
2822 3949 2951 4012 τοὺς
2972 3948 3043 4001 τὰ
3075 3945 3380 4015 πράγματα
3414 3941 3666 4011 ἔχοντας.

2161 4065 2181 4098 ι
2230 4044 2394 4098 Ὅθεν
2437 4042 2584 4111 ἔδοξε
2618 4043 2713 4097 καὶ
2760 4044 2828 4113 τῇ
2873 4042 3009 4111 τιμῇ
3066 4037 3437 4109 προηγεῖσθαι
3478 4034 3665 4095 αὐτὸν,

2162 4152 2182 4187 ι
2229 4136 2399 4207 μηδέν
2423 4152 2484 4188 τε
2518 4134 2786 4206 πράττειν
2816 4132 3080 4203 περιττὸν
3111 4131 3241 4193 τοὺς
3269 4128 3498 4189 λοιποὺς
3546 4126 3667 4178 ἐπι-

2165 4243 2186 4279 σ
2234 4228 2473 4290 σκόπους
2522 4226 2656 4281 ἄνευ
2708 4224 2899 4289 αὐτοῦ,
2967 4224 3111 4278 κατὰ
3158 4223 3253 4275 τὸν
3305 4216 3668 4289 ἀρχαιότερον

2162 4335 2182 4368 ι
2229 4318 2585 4387 κρατήσαντα
2637 4313 2708 4369 ἐκ
2755 4312 2868 4368 τῶν
2905 4311 3169 4381 Πατέρων
3218 4308 3378 4379 ἡμῶν
3424 4305 3665 4359 κανόνα·

2161 4427 2179 4462 ι
2226 4407 2460 4480 ἢταῦτα
2498 4407 2635 4475 μόνα
2666 4407 2769 4461 ὅσα
2797 4408 2865 4477 τῇ
2904 4404 3135 4457 ἑκάστου
3181 4398 3466 4454 ἐπιϐάλλει
3510 4414 3665 4467 παρ-

2161 4521 2179 4553 ι
2220 4500 2385 4573 οικίᾳ,
2421 4497 2517 4553 καὶ
2575 4500 2696 4561 ταῖς
2750 4497 2842 4549 ὑπ’
2895 4494 3065 4565 αὐτὴν
3129 4493 3358 4562 χώραις.
3394 4490 3671 4541 Ἐκαστον

475 4640 492 4673 ι
532 4618 786 4691 partecize
839 4619 1188 4686 potestatem,
1218 4615 1273 4662 et
1299 4601 1685 4659 administrare
1732 4610 1832 4668 pro
1865 4592 1978 4649 uni-

2167 4612 2187 4647 ι
2233 4593 2343 4663 γάρ
2372 4591 2676 4646 ἐπίσκοπον
2711 4587 2963 4655 ἐξουσίαν
2999 4586 3146 4656 ἔχειν
3174 4583 3276 4652 τῆς
3309 4580 3509 4635 ἑαυτοῦ
3562 4598 3669 4632 παο

469 4734 489 4766 e
514 4715 711 4784 cuique
747 4708 1112 4767 conveniente
1156 4699 1435 4771 religione,
1463 4705 1519 4751 et
1550 4693 1712 4749 totius
1750 4686 1985 4758 regionis

476 4824 496 4857 ι
534 4780 652 4874 qua:
679 4817 790 4858 sua:
827 4799 948 4854 urbi
981 4797 1188 4859 subest,
1225 4805 1412 4845 curam
1453 4798 1662 4858 gerere.
1696 4781 1770 4838 Ut
1818 4780 1982 4835 etiam

474 4917 489 4944 ι
528 4894 746 4949 ordinet
771 4887 1120 4961 presbyteros
1145 4892 1201 4938 et
1242 4880 1530 4941 diaconos,
1567 4881 1622 4929 et
1645 4880 1982 4940 unaquchue

476 5007 496 5040 ι
535 5000 659 5042 cum
687 4981 888 5053 iudicio
913 4985 1139 5041 tractet;
1176 4983 1229 5030 et
1258 4968 1391 5026 nihil
1417 4963 1764 5035 ultra'facere
1794 4976 1982 5032 aggre-

481 5099 502 5134 ι
536 5052 738 5139 diatur,
770 5074 889 5128 sine
916 5068 1338 5141 metropolitano
1360 5061 1639 5135 episc0po,
1666 5069 1840 5127 neque
1868 5052 1985 5124 ipse

483 5192 503 5225 ι
541 5171 659 5226 sine
689 5166 1026 5237 reliquorum
1054 5160 1345 5218 sententia.
1378 5175 1399 5210 ι

477 5437 674 5497 BALS.
732 5434 863 5502 Quae
916 5448 969 5486 tn
1030 5428 1284 5500 praesenti
1340 5436 1547 5480 canone
1609 5420 1983 5484 continentur,

2168 4702 2187 4737 ι
2234 4682 2445 4756 ροικίας
2498 4682 2722 4736 διοικεῖν
2754 4697 2814 4733 τε
2846 4673 2991 4732 κατὰ
3022 4674 3121 4744 τὴν
3171 4671 3389 4741 ἑκάστῳ
3446 4668 3672 4722 ἐπιϐάλ-

2166 4796 2186 4830 r
2233 4776 2438 4830 λουσαν
2466 4773 2782 4839 εὐλάϐειαν,
2828 4769 2924 4825 καὶ
2959 4768 3221 4839 πρόνοιαν
3255 4762 3535 4815 ποιεῖσθαι
3570 4759 3671 4811 πά-

2167 4888 2185 4921 ι
2235 4884 2334 4939 σης
2364 4866 2465 4936 τῆς
2494 4864 2676 4937 χώρας
2703 4865 2803 4933 τῆς
2838 4863 2943 4915 ὑπὸ
2971 4860 3069 4931 τὴν
3104 4850 3304 4912 ἐαυτοῦ
3356 4852 3534 4906 πόλιψ
3594 4852 3670 4913 ὼς

2159 4982 2178 5015 ι
2227 4961 2324 5014 καὶ
2366 4958 2696 5031 χειροτονεῖν
2763 4952 3172 5025 πρεσϐυτέρους
3224 4948 3318 5002 καὶ
3364 4945 3668 5008 διακόνους,

2166 5074 2185 5108 ι
2225 5054 2322 5109 καὶ
2376 5052 2516 5122 μετὰ
2564 5049 2801 5121 κρίσεως
2834 5047 3043 5100 ἕκαστα
3099 5039 3533 5110 διαλαμϐάνειν·
3568 5054 3670 5089 πε-

2169 5164 2188 5198 t
2238 5144 2478 5216 ραιτέρω
2507 5143 2563 5196 δέ
2596 5141 2761 5212 μηδὲν
2789 5140 3054 5210 πράττειν
3089 5134 3392 5204 ἐπιχειρεῖν
3418 5129 3545 5198 δίχα
3577 5124 3671 5179 τοῦ

2173 5258 2193 5292 ι
2237 5240 2339 5307 τῆς
2365 5234 2754 5307 μητροπόλεως
2777 5231 3107 5294 ἐπισκόπου,
3162 5224 3302 5299 μηδὲ
3331 5220 3497 5277 αὐτὸν
3534 5220 3667 5275 ἄνευ

2168 5349 2189 5384 ι
2231 5331 2334 5400 τῆς
2363 5328 2474 5383 τῶν
2505 5326 2709 5380 λοιπῶν
2738 5326 2988 5395 γνώμης.
3028 5342 3048 5376 ι

2163 5424 2361 5481 ΒΑΛΣ.
2396 5422 2478 5475 Τὰ
2506 5419 2604 5474 τοῦ
2653 5418 2923 5489 παρόντος
2970 5415 3196 5479 κανόνος
3234 5410 3671 5484 ἡρμηνεύθησαν

402 5530 648 5602 exposita
697 5535 825 5583 sunt
878 5523 934 5579 in
990 5532 1200 5577 canone
1254 5513 1550 5587 apostolico
1599 5510 1712 5577 34,
1763 5516 1820 5564 et
1868 5507 1978 5578 lege

2124 5536 2152 5572 ν
2184 5517 2262 5588 τῷ
2296 5514 2369 5570 λδ¹
2397 5509 2744 5581 ἀποστολικῷ
2779 5510 2986 5574 κανόνι,
3016 5509 3112 5561 καὶ
3144 5505 3422 5575 ἀνάγνωθι
3456 5502 3668 5557 τοῦτον.

403 5641 549 5681 cum.

477 5714 731 5772 ΖΟΝΑΒ.
758 5710 1020 5780 Quamvis
1056 5721 1160 5761 non
1205 5701 1397 5759 iisdem
1433 5697 1655 5754 omnino
1678 5695 1862 5752 verbis
1895 5693 1990 5749 hic

406 5824 580 5883 canon
612 5814 848 5869 constet,
901 5803 945 5857 si
984 5811 1164 5855 tamen
1215 5791 1541 5851 sententiam
1590 5799 1831 5859 spectes,
1861 5801 1985 5841 cum

2168 5693 2409 5748 ZQNAP.
2448 5692 2512 5745 El
2542 5689 2638 5743 καὶ
2678 5686 2753 5759 μὴ
2802 5688 2915 5769 τοῖς
2951 5686 3165 5757 ῥήμασι
3195 5682 3371 5736 διόλου
3424 5683 3453 5733 ὁ
3486 5676 3669 5732 κανὼν

2093 5777 2248 5845 οὗτος
2283 5779 2723 5851 ἀπαραλλάκτως
2755 5764 3047 5847 ἔχει’πρὸς
3077 5775 3170 5829 τὸν
3204 5771 3277 5827 λδ⁰
3328 5769 3533 5824 κανόνα
3563 5764 3672 5820 τῶν

410 5874 705 5972 apostolico
766 5909 974 5953 canone
1031 5889 1309 5950 tricesimo
1369 5891 1563 5957 quarto
1625 5882 1679 5939 in
1732 5879 1978 5939 omnibus

2122 5874 2268 5948 ιγίων
2303 5871 2642 5940 ἀποστόλων,
2700 5869 2837 5924 ἀλλὰ
2872 5866 3158 5938 κατάητὴν
3209 5866 3425 5922 ἔννοιαν
3478 5858 3674 5930 ὲκείνῳ
