3990 6482
342 374 519 475 "13m

1454 425 1539 487 IN
1581 428 1747 491 CAN.
1792 428 1845 489 Χ
1881 428 2093 495 CONC.
2141 436 2200 497 II
2250 437 2605 501 ANTIOCH.

3506 428 3642 506 1302

371 524 431 574 ἐν
462 523 635 577 ἀπασι
670 510 972 596 συμφωνεῖ.
1010 530 1176 586 Ὥστε
1203 531 1238 589 ἀ
1270 534 1327 588 ἐν
1378 532 1573 612 ἐκείνῳ
1604 544 1822 616 εἴρηται
1853 544 1946 599 καὶ

2074 553 2331 620 :ongruit.
2386 554 2462 609 Ex
2506 557 2574 611 iis
2604 571 2732 625 ergo
2770 568 2890 626 quae
2948 555 3022 612 ibi
3076 556 3219 614 dicta
3270 564 3417 628 sunt,
3465 557 3631 626 huius

369 614 465 669 τὸν
491 616 684 672 τούτου
721 620 848 674 νοῦν
880 626 1191 695 παριστῶσι
1231 628 1308 700 τῷ
1345 614 1682 705 βουλομένῳ,

369 790 585 890 ΑΡΙΣΤ.
640 816 660 851 ι
709 798 816 855 Τοῦ
867 807 1265 873 μητροπολίτου
1307 813 1409 882 τῆς
1440 810 1670 885 γνώμης
1706 818 1951 890 ἀναρτᾶ-

446 908 466 942 ι
512 888 638 945 σθαι
686 894 815 958 τοὺς
862 895 1221 967 ἐπισκόπους,
1255 903 1350 956 καὶ
1406 904 1562 974 μήτι
1615 912 1717 979 τῆς
1770 888 1951 967 αὑτῶν

451 1000 471 1035 ι
513 986 776 1058 προνοίας
810 990 1122 1061 οἰκονομεῖν
1156 994 1305 1065 δίχα,
1353 996 1385 1067 ἢ
1444 998 1607 1067 μόνον
1642 1002 1712 1057 τὰ
1739 1006 1803 1075 τῇ
1840 1006 1951 1079 ἰδία

445 1092 464 1127 ι
509 1078 697 1153 ἐνορία
730 1085 1147 1152 προσπίπτοντα
1178 1089 1275 1142 καὶ
1300 1095 1648 1160 χειροθεσίας
1686 1078 1951 1171 ἀνεπιλήέ

442 1186 462 1221 ι
504 1187 658 1235 πτοις
686 1174 946 1248 ἀνδράσιν
978 1178 1273 1243 ἐπιτελεῖν.
1320 1207 1339 1241 ι

438 1264 522 1317 Τὰ
556 1266 697 1320 αὑτά
721 1268 797 1339 τῷ
820 1275 1133 1347 τριακοστῷ
1156 1280 1409 1352 τετάρτῳ
1427 1283 1615 1339 κανόνι
1636 1285 1748 1340 τῶν
1778 1286 1952 1356 ἁγίων

367 1356 685 1415 ἀποστόλων
720 1364 817 1418 καὶ
852 1368 879 1418 ό
922 1369 1103 1423 κανὼν
1135 1364 1292 1438 οὗτος
1322 1375 1593 1446 διδάσκει,
1651 1380 1712 1434 τὸ
1764 1382 1950 1453 ἐπιγι-

366 1451 596 1507 νώσκειν
651 1457 777 1522 τοὺς
830 1460 1165 1530 ἐπισκόπους
1233 1468 1473 1541 ἑκάστης
1532 1474 1805 1546 ἐπαρχίας
1859 1451 1955 1530 τὸν

366 1541 557 1597 ἐαυτοῦ
590 1548 825 1619 πρῶτον,
877 1555 968 1607 καὶ
1000 1556 1127 1610 ἄνευ
1157 1560 1383 1633 γνώμης
1440 1564 1606 1619 αὑτοῦ
1645 1568 1782 1639 μήτε
1833 1567 1955 1621 ἐπι-

366 1637 604 1731 σκόπους
676 1641 1035 1714 ψηφίζεσθαι,
1095 1652 1356 1723 μήτείτι
1424 1655 1611 1729 ἕτερον
1693 1637 1955 1731 περιττὸν

364 1728 627 1798 πράττειν
670 1734 778 1786 τῶν
829 1737 1008 1792 ἐκεῖσε
1087 1743 1222 1813 παρ’
1263 1743 1422 1813 ἡμῶν
1486 1728 1819 1821 είρημένων,
1904 1749 1953 1804 εἱ

367 1821 502 1891 μόνα
550 1822 612 1876 τὰ
643 1824 1005 1884 ἐπιϐάλλοντα
1066 1835 1134 1905 τῇ
1190 1836 1424 1892 ἑκάστου
1482 1840 1787 1912 παροικίᾳ·
1855 1844 1953 1897 καὶ

362 1918 691 1985 χειροτονεῖν
762 1920 1157 1995 πρεσϐύτερον,
1203 1928 1299 1982 καὶ
1365 1929 1639 1998 διάκονον,
1698 1933 1794 1987 καὶ
1852 1936 1953 1991 ὅσα

361 2005 571 2072 τούτοις
599 2009 890 2070 ἀκόλουθα.

974 2109 1223 2167 ΚΑΝΩΝ
1270 2115 1328 2172 l'.

369 2205 389 2239 ι
436 2188 577 2255 Τοὺς
606 2193 663 2246 ἐν
692 2197 817 2261 ταῖς
866 2195 1084 2269 κώμαις
1120 2201 1153 2273 ἦ
1188 2206 1312 2269 ταῖς
1359 2203 1589 2280 χώραις,
1622 2210 1655 2281 ἦ
1685 2214 1812 2278 τοὺς
1843 2232 1949 2269 κα-

372 2346 375 2347 ,
439 2299 459 2335 ι
500 2283 795 2356 λουμένους
839 2294 1317 2366 χωρεπισκόπους,
1348 2299 1397 2352 εί
1440 2302 1533 2355 καὶ
1582 2304 1936 2374 χειροθεσίαν

443 2394 463 2429 ι
504 2374 614 2432 εἷεν
649 2381 950 2439 ἐπισκόπου
1000 2386 1305 2459 εἰληφότες,
1336 2391 1483 2461 ἔδοξε
1527 2398 1596 2469 τῇ
1644 2398 1775 2471 ἁγίᾳ
1820 2417 1948 2454 συν·

438 2489 458 2523 ι
503 2471 606 2543 όδῳ
657 2472 856 2529 είδέναι
906 2477 977 2531 τὰ
1047 2480 1259 2535 ἐαυτῶν
1318 2484 1536 2558 μέτρα,
1574 2490 1669 2542 καὶ
1717 2492 1947 2547 διοικεῖν

439 2580 458 2614 ι
500 2562 597 2627 τὰς
642 2565 1008 2638 ὑποκειμένας
1074 2572 1260 2637 αὐτοῖς
1326 2576 1660 2650 ἐκκλησίας,
1725 2584 1822 2638 καὶ
1881 2587 1947 2657 τῇ

439 2672 460 2707 ι
499 2654 704 2711 τούτων
731 2660 1017 2731 ἀρκεῖσθαι
1050 2666 1290 2736 φροντίδι
1321 2672 1417 2724 καὶ
1454 2672 1772 2748 κηδεμονίᾳ,
1810 2654 1943 2733 καθξ

440 2764 460 2798 ι
502 2748 656 2819 ιστᾷν
704 2750 762 2804 δὲ
812 2754 1170 2822 ἀναγνώστας
1234 2760 1330 2812 καὶ⁹
1403 2761 1796 2832 ὑποδιακόνους
1853 2770 1949 2822 καὶ

441 2856 461 2891 ι
507 2839 859 2912 ἐφορκιστάς.
889 2846 983 2899 καὶ
1010 2849 1315 2919 τῇτούτων
1350 2854 1642 2923 ἀρκεῖσθαι
1689 2876 1944 2931 προαγω-

438 2949 457 2985 t
504 2936 598 3007 γῇ,
638 2936 777 3005 μήτε
823 2936 883 2991 δὲ
934 2940 1315 3013 πρεσϐύτερον
1353 2946 1494 3017 μήτε
1536 2947 1787 3005 διάκονον
1829 2969 1946 3022 χει-

440 3042 460 3077 ι
499 3026 741 3096 ροτονεῖν
768 3029 977 3102 τολμᾷν
1016 3031 1141 3106 δίχα
1182 3033 1280 3089 τοῦ
1330 3039 1389 3091 ἐν
1418 3040 1485 3110 τῇ
1534 3041 1688 3095 πόλει
1719 3044 1949 3100 ἐπισκό-

439 3135 458 3169 ι
506 3136 635 3186 που,
733 3122 1053 3179 ὑπόκεινται
1080 3126 1245 3193 αὑτός
1284 3147 1342 3183 τε
1380 3132 1475 3186 καὶ
1503 3134 1535 3205 ἡ
1566 3134 1743 3208 χώρα.
1790 3138 1855 3192 El
1883 3139 1943 3194 δέ

441 3227 461 3263 ι
504 3212 913 3316 rotatione-ct;
957 3220 1274 3316 παραδῆναι
1302 3224 1370 3279 τά
1399 3226 1712 3297 ὁρισθέντα,
1743 3231 1942 3287 καθαι-
1967 3250 2014 3316 C

440 3320 462 3354 ι
506 3305 719 3374 ρεῖσθαι
766 3307 931 3362 αὐτὸν
980 3311 1075 3364 καὶ
1107 3306 1175 3385 ἦς
1209 3315 1427 3387 μετέχει
1453 3318 1623 3389 τιμῆς
1645 3337 1659 3353 ο
1695 3322 1943 3394 χωρεπί·

441 3411 462 3446 ι
508 3412 712 3452 σκοπον
759 3398 818 3452 δὲ
873 3399 1123 3469 γίνεσθαι
1174 3404 1281 3459 ὑπὸ
1330 3406 1426 3461 τοῦ
1449 3409 1552 3480 τῆς
1606 3411 1848 3481 πόλεως,

440 3503 462 3537 ι
510 3486 815 3553 ὑπόκειται,
843 3493 1168 3551 ἐπισκόπου.
1210 3514 1229 3549 t

439 3579 637 3634 ΒΑΛΣ.
695 3583 1097 3657 Κεκωλυμὲνον
1153 3588 1261 3644 ὑπὸ
1317 3590 1429 3646 τῶν
1486 3594 1735 3650 κανόνων
1795 3598 1944 3653 ἐστὶν

361 3668 702 3738 ἐπισκόπους
736 3676 986 3745 γίνεσθαι
1015 3678 1096 3744 είς
1152 3679 1417 3754 βραχείας
1456 3686 1644 3753 πόλεις
1692 3689 1787 3744 καὶ
1831 3691 1943 3746 κώ-

364 3779 471 3832 μας
494 3779 511 3795 ο
544 3765 637 3817 καὶ
661 3765 750 3819 διὰ
771 3767 932 3822 τοῦτο
964 3770 1331 3841 ἐχειροτόνουν
1356 3776 1436 3840 είς
1467 3777 1673 3843 ταύτας
1700 3784 1944 3855 πρεσϐυ-

256 3850 261 3857 ’
359 3853 576 3927 τέρους,
620 3858 790 3930 ἤγουν
840 3864 1287 3931 πρωοπαπάδας
1334 3869 1431 3922 καὶ
1465 3850 1943 3943 χωρεπισκόπους.

373 3944 525 4000 Ἐπεὶ
561 3946 616 4001 δέ
645 3965 789 4013 τινες
810 3951 919 4004 τῶν
952 3956 1393 4025 χωρεπισκόπων
1422 3959 1747 4034 ἐπεχείρουν
1779 3968 1946 4038 ἱερεῖς

358 4043 711 4111 χειροτονεῖν,
765 4042 862 4096 καί
929 4044 1098 4115 ἕτερά
1171 4063 1294 4103 τινα
1360 4050 1699 4109 ἐπισκοπικά
1753 4055 1940 4114 δίκαια

360 4129 629 4199 ἐνεργεῖν,
689 4133 786 4187 καὶ
858 4134 1202 4205 αἰτιώμενοι,
1267 4139 1458 4210 ελεγον
1531 4145 1714 4210 καλῶς
1781 4147 1942 4204 τοῦτο

362 4226 562 4291 ποιεῖν,
605 4225 696 4280 διὰ
764 4227 826 4281 τὸ
894 4229 1151 4294 δέξασθαι
1202 4234 1546 4303 χειροθεσίαν
1598 4239 1939 4297 ἐπισκόπου·

359 4312 569 4384 ὥρισαν
600 4316 649 4368 οἱ
680 4317 926 4388 Πατέρες
957 4321 1065 4374 ἀπὸ
1094 4321 1284 4375 τούτου
1338 4325 1413 4397 μὴ
1465 4326 1799 4398 ὠφελεῖσθαι
1846 4335 1944 4388 αὑ-

359 4405 485 4467 τοὺς
511 4407 591 4470 είς
618 4407 678 4461 τὸ
712 4409 1032 4480 παρεξιέναι
1076 4411 1149 4466 τὰ
1181 4413 1290 4467 ἀπὸ
1320 4414 1431 4470 τῶν
1476 4419 1719 4476 κανόνων
1747 4424 1943 4495 ἐπιφι-

359 4496 724 4567 λοτιμηθέντα
774 4501 987 4565 τούτοις
1031 4502 1350 4574 προνόμια,
1414 4508 1550 4579 μηδέ
1612 4520 1941 4585 χειροτονεῖν

2054 661 2269 718 quoque
2317 648 2727 720 intelligentiam
2757 653 2935 723 facile,
2968 655 3061 735 qui
3088 653 3340 719 voluerit,
3372 668 3629 725 asseque-

2058 747 2167 795 tur.

2058 831 2288 889 AlllS'l‘.
2324 854 2343 889 ι
2389 834 2430 890 Δ
2460 838 2816 909 metropolita:
2848 841 3114 895 sententia
3142 842 3379 912 pendere
3424 849 3639 914 oportet

2133 944 2153 979 ι
2187 927 2496 1001 episcopos,
2530 939 2585 985 et
2620 932 2755 987 nihil
2793 933 2930 988 citra
2962 933 3109 990 illius
3145 936 3431 991 consilium
3484 937 3637 991 iusti-

2130 1037 2148 1071 ι
2196 1028 2367 1087 tuere,
2402 1022 2505 1077 nisi
2530 1037 2591 1078 ea
2636 1024 2748 1080 sola
2778 1041 2898 1096 quae
2934 1028 3000 1081 ad
3046 1044 3199 1083 suam
3248 1030 3510 1100 cujusque
3540 1046 3637 1098 pa-

2127 1128 2146 1161 ι
2186 1112 2409 1166 nnciam
2468 1125 2736 1184 spectant,
2784 1126 2840 1171 et
2897 1118 3029 1172 viris
3084 1117 3495 1189 reprehensioni
3531 1138 3635 1176 non

2126 1222 2145 1256 ι
2181 1205 2433 1261 obnoxiis
2462 1210 2971 1280 mannsimponcre.
3010 1232 3028 1264 ι

2128 1292 2329 1350 Eadem
2374 1311 2438 1353 ac
2480 1297 2789 1355 tricesimus
2819 1312 3049 1373 quartus
3080 1313 3393 1361 sanctorum
3426 1309 3637 1369 aposto-

2054 1383 2233 1442 lorum
2270 1402 2445 1443 canon
2490 1390 2655 1445 etiam
2707 1393 2796 1448 hic
2845 1393 3026 1460 docet,
3057 1396 3346 1467 episcopos
3378 1394 3636 1448 nimirum

2057 1477 2486 1550 uniuscuiusque
2517 1483 2814 1551 provinciae
2850 1486 3087 1555 primum
3123 1501 3281 1543 suum
3310 1502 3638 1556 cognoscere

2057 1576 2111 1624 et
2158 1569 2277 1625 sine
2306 1572 2422 1637 eius
2453 1576 2726 1630 sententia
2779 1591 2877 1632 nec
2923 1578 3210 1649 episcopos
3242 1568 3483 1653 eligere,
3540 1597 3640 1637 nec

2058 1660 2261 1732 aliquid
2297 1664 2463 1729 aliud,
2500 1679 2564 1721 ex
2597 1666 2664 1721 iis
2692 1682 2811 1736 quze
2847 1669 2918 1723 ibi
2949 1669 3226 1734 dicuntur,
3287 1672 3467 1742 magni
3522 1687 3638 1725 mo-

2058 1755 2228 1808 menti
2257 1753 2461 1822 lacere,
2498 1759 2593 1813 sed
2625 1773 2689 1814 ea
2722 1760 2837 1815 sola
2882 1777 3003 1833 qua;
3035 1761 3101 1816 ad
3133 1761 3393 1832 cujusque
3419 1765 3642 1831 provin-

2059 1845 2199 1901 ciam
2224 1856 2491 1917 spectant,
2515 1859 2568 1906 et
2585 1851 2957 1923 presbyterum
2977 1867 3040 1906 ac
3057 1852 3347 1910 diaconum
3365 1856 3641 1920 ordinare,

2055 1947 2108 1994 et
2136 1953 2472 2013 quacunque
2502 1942 2657 2000 hisce
2677 1929 2804 2000 sunt
2836 1946 3060 2003 similia.

2582 2119 2749 2194 439
2770 2121 2998 2179 CANOt;
3034 2122 3103 2180 Χ.

2060 2228 2079 2262 ι
2113 2206 2150 2262 li
2175 2208 2268 2280 qui
2292 2211 2495 2266 suntin
2519 2213 2654 2268 vicis
2677 2214 2761 2269 vel
2785 2215 3125 2286 regionibus.
3149 2216 3231 2271 vel
3253 2216 3345 2288 qui
3371 2217 3632 2272 dicuntur

2130 2319 2149 2353 ι
2182 2301 2582 2375 cborepiscopi,
2604 2305 2765 2361 etiam
2786 2305 2830 2362 si
2854 2306 3094 2377 episc0pi
3122 2323 3381 2363 manuum
3409 2309 3638 2379 imposi—

2133 2411 2153 2445 ι
2190 2395 2393 2451 tionem
2429 2400 2762 2467 acceperint,
2797 2398 2975 2453 visum
3018 2414 3048 2454 e
3079 2406 3099 2452 t
3149 2409 3356 2455 sancta:
3407 2400 3638 2473 synodo,

2127 2504 2148 2539 ι
2185 2494 2242 2542 ut
2267 2504 2426 2545 suum
2453 2491 2675 2545 modum
2701 2491 2901 2555 sciant,
2929 2497 2985 2546 et
3017 2490 3121 2546 sibi
3150 2483 3431 2560 subiectas
3458 2493 3636 2548 eccle-

2134 2597 2153 2632 ι
2194 2579 2307 2637 sias
2335 2581 2747 2647 administrent,
2781 2597 3084 2651 earumque
3112 2598 3249 2640 cura
3279 2594 3333 2641 et
3364 2586 3629 2642 sollicitu-

2134 2690 2154 2725 ι
2194 2672 2318 2729 dine
2347 2674 2586 2744 gerenda
2610 2680 2854 2731 contenti
2890 2677 3000 2733 sint
3034 2695 3048 2731 :
3085 2679 3425 2734 constituant
3456 2684 3638 2735 autem

2131 2780 2152 2816 ι
2192 2764 2443 2832 lectores,
2478 2766 2884 2839 hypodiaconos
2914 2776 2970 2823 et
2992 2771 3323 2837 exorcistas,
3354 2780 3409 2826 et
3447 2787 3639 2827 eorum

2140 2871 2160 2906 ι
2199 2856 2528 2923 promotioni
2574 2857 2821 2914 sulIicere
2852 2860 3208 2927 existiment;
3252 2864 3639 2935 presbyterum

2133 2964 2153 2999 ι
2219 2963 2351 3005 vero
2404 2959 2499 3004 aut
2549 2948 2842 3006 diaconum
2897 2952 3157 3009 ordinare
3212 2970 3319 3010 non
3377 2955 3637 3018 audeant.

2135 3060 2155 3094 ι
2191 3041 2403 3112 absque
2436 3040 2591 3099 urbis
2621 3043 2900 3115 episcopo,
2952 3046 3041 3101 cui
3092 3032 3386 3117 subjicitur
3427 3048 3543 3119 ipse
3578 3054 3635 3105 e‘t

2140 3152 2162 3189 ι
2207 3134 2378 3208 regio.
2417 3133 2473 3192 Si
2515 3136 2641 3207 quis
2691 3148 2873 3193 autem
2898 3138 2996 3203 'ea,
3047 3154 3168 3211 qua:
3210 3139 3431 3196 deﬁnita
3482 3151 3632 3207 sunt,

2129 3244 2149 3279 ι
2184 3228 2492 3299 transgredi
2528 3228 2745 3296 audeat,
2795 3229 2913 3301 ipse
2941 3246 3161 3302 quoque
3207 3232 3438 3299 honore,
3469 3249 3630 3304 quem

2133 3338 2154 3374 ι
2194 3320 2381 3387 liabet,
2413 3322 2659 3393 privetur
2694 3324 2833 3393 :'.liat
2860 3332 3043 3379 autem
3087 3324 3527 3399 cborepiscopus
3564 3312 3633 3382 ab
3712 3382 3726 3399 ,

2135 3429 2155 3465 ι
2187 3413 2451 3485 episcopo
2480 3413 2743 3483 civitatis,
2783 3416 2871 3470 cui
2900 3415 3216 3486 subjicitur.
3250 3434 3271 3470 ι
3597 3419 3603 3431 ‘

2114 3592 2308 3649 BALS.
2344 3593 2691 3652 Prohibitum
2724 3606 2811 3653 est
2844 3612 2872 3650 a
2897 3596 3220 3663 cauonibus,
3257 3613 3324 3653 ne
3363 3598 3415 3677 in
3448 3600 3635 3669 parv’s

2047 3688 2275 3744 urbibus
2300 3698 2353 3744 et
2386 3689 2520 3745 vicis
2545 3690 2675 3745 ﬁant
2719 3691 2962 3763 episc0pi
3001 3708 3018 3759 ;
3055 3699 3109 3745 et
3162 3701 3452 3769 propterea
3509 3704 3640 3763 pre-

2047 3779 2300 3852 sbyteros
2330 3782 2385 3837 in
2417 3782 2498 3838 eis
2537 3782 2891 3848 ordinabant,
2927 3798 3022 3838 seu
3054 3779 3387 3854 protopapas
3413 3793 3466 3838 et
3500 3785 3637 3838 cbo-

2047 3871 2399 3944 repiscopos.
2459 3874 2599 3941 Quia
2664 3883 2845 3930 autem
2914 3876 3165 3930 nonnulli
3237 3877 3622 3947 cborepiscopi

2044 3965 2393 4019 conabantur
2437 3965 2695 4020 ordinare
2740 3966 3080 4033 sacerdotes,
3116 3977 3170 4023 et
3224 3968 3328 4023 alia
3385 3970 3636 4039 quaedam

2039 4058 2167 4128 jura
2197 4057 2530 4128 episcopalia
2563 4072 2858 4121 exercere;
2892 4068 2944 4112 et
2991 4062 3243 4115 accusati
3287 4060 3544 4114 dicebant
3575 4078 3635 4117 sc

2046 4149 2151 4204 hoc
2181 4156 2329 4204 recte
2360 4148 2559 4213 facere,
2589 4148 2733 4218 quod
2760 4150 3001 4220 episCOpi
3037 4166 3297 4204 manuum
3330 4151 3640 4221 impositio-

2044 4254 2170 4294 nem
2199 4239 2547 4310 accepissent
2582 4257 2595 4294 :
2632 4249 2947 4295 statuerunt
2980 4242 3169 4297 Patres
3197 4257 3294 4297 eos
3327 4257 3433 4296 non
3470 4259 3537 4297 cx
3569 4259 3633 4298 eo

2044 4330 2318 4402 adjuvari,
2348 4340 2410 4387 ut
2449 4332 2764 4404 privilegia,
2797 4347 2920 4403 qua:
2952 4333 3059 4390 illis
3100 4348 3132 4388 a
3168 4335 3477 4390 canonibus
3507 4351 3637 4391 con-

2044 4437 2200 4480 cessa
2222 4433 2370 4493 sunt,
2393 4425 2890 4497 transgrediantur,
2917 4442 3021 4483 nec
3041 4428 3300 4483 ordinent
3341 4428 3634 4482 diaconum

2047 4513 2131 4568 vel
2154 4513 2533 4585 presbyterum
2574 4514 2694 4571 sine
2726 4515 3011 4586 episcopo,
3042 4516 3137 4572 sed
3176 4517 3326 4572 StthS
3368 4516 3633 4579 lectores.

358 4588 668 4659 διάκονονῆ
705 4592 1079 4664 πρεσὸύτερον
1128 4595 1249 4666 δίχα
1285 4597 1380 4653 τοῦ
1438 4599 1766 4673 ἐπισκόπου,
1799 4608 1936 4667 ἀλλά

2075 4605 2415 4664 ubdiaconos
2439 4615 2494 4662 et
2521 4606 2851 4673 exorcistas,
2892 4610 3009 4664 slve
3043 4609 3399 4673 catechistas,
3446 4618 3501 4664 et
3540 4611 3631 4662 ad.

364 4679 557 4747 μόνους
590 4683 970 4751 ἀναγνώστας,
1002 4687 1397 4754 ὑποδιακόνους
1438 4692 1534 4746 καὶ
1578 4695 1937 4775 ἐφορκιστάς,

357 4772 479 4841 ἤτοι
509 4777 848 4846 κατηχητὰς,
883 4778 1108 4834 διοικεῖν
1139 4798 1197 4834 τε
1226 4784 1321 4836 καὶ
1346 4784 1416 4838 τὰ
1447 4786 1783 4848 ἀνατεθέντα
1812 4772 1945 4850 τούξ-

358 4882 474 4929 τοις
506 4866 941 4939 ἐκκλησιαστικά
976 4872 1304 4943 πράγματα,
1337 4874 1371 4947 ἢ
1429 4876 1538 4950 μὴν
1568 4881 1635 4934 ἐκ
1682 4886 1939 4957 παραδα-

335 4960 482 5023 ·σίας
502 4959 612 5014 τῶν
648 4961 1027 5033 διορισθέντων
1048 4964 1372 5022 ὑποκεῖσθαι
1403 4971 1727 5044 καθαιρέσει
1752 4983 1847 5032 καὶ
1870 4976 1944 5054 ἦς

363 5054 630 5124 μετέσχον
661 5056 847 5126 τιμῆς.
879 5055 1047 5110 Ἐπεὶ
1072 5058 1130 5112 δέ
1160 5076 1310 5123 τινες
1337 5060 1672 5128 ἐσπούδαζον
1698 5067 1759 5135 ἐξ
1800 5071 1941 5125 ἀλα-

359 5144 572 5208 ζονείας
621 5148 967 5217 χειροθεσίαν
998 5152 1426 5221 χωρεπισκόπου
1462 5154 1650 5211 λαϐεῖν
1697 5159 1807 5213 ἀπὸ
1837 5179 1944 5233 μη-

359 5236 684 5305 τροπολίτου
730 5239 1159 5313 ἢπατριάρχου,
1197 5244 1272 5316 μὴ
1325 5246 1788 5317 ἐπιστρεφόμενοι
1834 5253 1944 5309 τῶν

359 5328 646 5409 ἐγχωρίων
719 5332 1074 5401 ἐπισκόπων,
1130 5336 1379 5409 ἐκωλύθη
1441 5340 1539 5391 καὶ
1588 5340 1789 5395 τοῦτο·
1848 5346 1944 5398 καὶ

360 5404 578 5490 ὡρίσθη
604 5422 737 5494 παρ’
767 5425 935 5505 αὑτοῦ
984 5428 1290 5482 ἐπισκόπου
1323 5404 1423 5502 της
1451 5431 1664 5494 πόλεως
1688 5433 1940 5500 γίνεσθαι

356 5514 449 5566 τὸν
479 5516 917 5586 χωρεπίσκοπον,
941 5518 1029 5573 ἵνα
1059 5520 1349 5576 ὑπόκειται
1374 5522 1547 5593 αύτῷ,
1577 5526 1673 5578 καὶ
1706 5526 1782 5596 μὴ
1830 5544 1934 5581 κα-

359 5610 605 5678 ταφρονῇ
635 5612 848 5675 τούτου,
876 5611 952 5674 ὼς
1002 5612 1078 5682 μὴ
1120 5612 1415 5677 δεδωκότος
1448 5616 1599 5688 αύτῷ
1628 5616 1726 5686 τὴν
1757 5633 1942 5688 χειρο-

360 5697 546 5753 θεσίαν
572 5703 667 5755 τοῦ
686 5702 1014 5774 ἀξιώματος.
1036 5705 1231 5768 Καλῶς
1255 5707 1313 5760 δέ
1344 5710 1474 5777 περὶ
1502 5711 1941 5780 χωρεπισκόπων

364 5792 526 5859 μόνον
556 5795 896 5865 πεποιήκασι
926 5795 1019 5850 τδν
1050 5796 1265 5851 ᾶπαντα
1312 5798 1471 5869 λόγον
1502 5801 1550 5853 οἱ
1582 5800 1846 5870 Πατέρες,
1877 5800 1937 5854 ού

364 5882 471 5952 μὴν
503 5883 597 5939 καὶ
629 5887 754 5957 περὶ
787 5886 1198 5963 πρεσϐυτέρων.
1235 5889 1373 5944 Οὐδὲ
1405 5891 1513 5962 γὰρ
1539 5885 1609 5962 ἦν
1637 5890 1936 5963 ἀμφιϐολία

2048 4699 2364 4757 ministrent
2408 4714 2497 4755 res
2527 4700 2955 4769 ecclesiasticas,
3005 4718 3126 4772 qua:
3154 4711 3285 4757 sunt
3318 4703 3431 4759 illis
3474 4706 3633 4757 altri-

2046 4791 2223 4858 butaa;
2254 4792 2459 4863 alioqui
2505 4801 2728 4865 propter
2764 4809 2979 4860 eorum,
3032 4812 3157 4867 quae
3204 4797 3429 4852 deﬁnita
3482 4807 3631 4858 sunt,

2048 4883 2541 4954 transgressionem
2581 4882 2907 4953 depositioni
2943 4883 3333 4954 subjiciantur,
3363 4893 3418 4939 et
3457 4897 3486 4936 a
3532 4901 3631 4939 sun

2046 4968 2258 5025 honore
2286 4970 2563 5025 excidant.
2606 4969 2744 5037 Quia
2793 4981 2974 5027 autem
3027 4973 3280 5027 nonnulli
3330 4977 3626 5029 contende-

2046 5062 2204 5126 bant,
2258 5070 2484 5132 propter
2534 5065 2930 5132 arrogantiam,
2981 5080 3011 5118 a
3064 5067 3491 5135 metrOpolitano
3548 5069 3629 5122 vel

2045 5154 2209 5211 etiam
2243 5156 2568 5225 ipatriarcba
2617 5156 2994 5227 chorepiscopi
3037 5160 3438 5215 ordinationem
3482 5161 3626 5213 acci-

2045 5262 2196 5319 pere,
2224 5248 2609 5318 episc0porum
2640 5249 2879 5320 regionis
2905 5252 3110 5305 nullam
3134 5266 3321 5306 curam
3342 5260 3625 5321 gerentes;

2046 5338 2151 5393 hoc
2184 5351 2403 5409 quoque
2449 5339 2788 5409 prohibitqu
2825 5348 2911 5396 est
2945 5357 2960 5396 :
2992 5352 3046 5398 et
3076 5343 3391 5398 ordinatum
3427 5341 3495 5395 ab
3535 5357 3623 5395 nr-

2046 5430 2412 5500 bis_episcopo
2434 5430 2550 5485 ﬁeri
2586 5431 3068 5505 cborepiscOpum,
3099 5446 3157 5491 ut
3186 5436 3235 5491 ei
3263 5434 3623 5504 subjiciatur;

2044 5538 2145 5579 nec
2179 5537 2302 5577 eum
2338 5534 2675 5589 contemnat,
2713 5536 2774 5580 ut
2818 5528 2912 5598 qui
2953 5528 3004 5584 ei
3049 5528 3329 5598 dignitatis
3373 5527 3620 5584 ordinem

2044 5630 2153 5672 non
2200 5615 2430 5672 dederit.
2477 5615 2645 5675 Recte
2688 5629 2869 5676 autem
2917 5622 2984 5676 de
3037 5622 3172 5677 solis
3213 5620 3620 5693 chorepiscopis

2043 5709 2209 5763 verba
2234 5723 2450 5777 semper
2482 5710 2727 5767 fecerunt
2765 5712 2978 5777 Patres,
3024 5704 3132 5767 non
3179 5713 3343 5767 etiam
3382 5714 3449 5770 de
3500 5729 3617 5784 pre-

2042 5800 2299 5873 sbyteris.
2329 5801 2517 5876 Neque
2557 5808 2703 5861 enim
2749 5817 2866 5862 erat
2908 5806 2977 5862 de
3023 5807 3092 5862 iis
3127 5807 3376 5873 dubium,
3422 5817 3484 5864 ut
3529 5812 3617 5880 qui

2045 5894 2250 5952 nullum
2285 5895 2490 5954 aditum
2528 5897 2869 5969 accepissent
2901 5897 2965 5953 ad
2997 5899 3400 5957 ordinationem
3454 5902 3623 5957 ullam
