3990 6482
260 379 395 444 1305

331 608 351 642 ι
395 589 634 660 ἐπαρχίᾳ
659 590 998 656 ἐπισκόπων,
1032 592 1129 647 καὶ
1158 594 1397 663 μάλιστα
1427 596 1536 649 τῶν
1563 599 1707 652 κατά
1734 598 1836 668 τὴν

328 700 346 733 ι
399 681 758 752 μητρόπολιν,
784 683 1048 756 ὁρμήσειε
1097 686 1232 758 πρὸς
1276 687 1504 756 βασιλέα
1552 691 1836 760 ἀπελθεῖν,

327 792 346 826 ι
395 774 582 828 τοῦτον
631 776 1146 850 ἀποκηρύττεσθαι,
1198 782 1294 835 καὶ
1336 783 1648 855 ἀπόϐλητον
1693 784 1840 852 γίνε-

326 889 344 919 ι
392 867 515 920 σθαι
573 868 634 922 ού
683 870 847 938 μόνον
893 871 993 941 τῆς
1040 874 1362 941 κοινωνίας,
1416 876 1554 931 ἀλλά
1600 878 1697 932 καὶ
1737 878 1841 948 τῆς

333 982 354 1015 ι
398 962 578 1028 ἀξίας,
605 958 672 1036 ἦς
725 965 971 1036 μετέχων
1021 969 1301 1038 τυγχάνει,
1357 970 1434 1034 ὡς
1479 972 1839 1044 παρενοχλεῖν

337 1075 356 1108 ι
399 1056 690 1124 τολμῶντα
749 1057 847 1121 τάς
925 1059 1021 1112 τοῦ
1087 1061 1503 1131 θεοφιλεστάτου
1574 1065 1843 1136 βασιλέως

340 1170 358 1203 ι
406 1150 562 1220 ἡμῶν
591 1150 762 1214 ἀκοὰς
802 1152 953 1222 παρά
986 1154 1080 1206 τὸν
1110 1153 1312 1225 θεσμὸν
1351 1156 1453 1226 τῆς
1486 1157 1840 1228 Ἐκκλησίας.

335 1259 356 1294 ι
403 1241 464 1294 Ei
509 1241 566 1295 δὲ
625 1242 903 1311 ἀναγκαία
953 1244 1148 1316 καλοίη
1199 1248 1360 1316 χρεία
1423 1248 1563 1318 πρὸς
1614 1249 1844 1319 βασιλέα

337 1353 356 1388 ι
398 1333 600 1405 ὀρμᾷν,
627 1335 788 1388 τοῦτο
820 1337 1084 1406 πράττειν
1113 1339 1255 1408 μετά
1286 1341 1531 1411 σκέψεως
1571 1342 1668 1396 καὶ¹
1702 1343 1844 1410 γνώ-

340 1445 357 1477 ι
406 1445 514 1498 μης
565 1428 658 1481 τοῦ
709 1431 852 1483 κατά
899 1430 1001 1500 τὴν
1058 1433 1400 1504 μητρόπολιν
1442 1436 1540 1506 τῆς
1571 1437 1846 1507 ἐπαρχίας

333 1540 353 1574 ι
395 1522 693 1576 ἐπισκόπου
750 1525 845 1579 καὶ
888 1526 998 1579 τῶν
1039 1529 1098 1581 ἐν
1156 1529 1331 1600 αὐτῇ,
1378 1531 1492 1593 τοῖς
1538 1547 1596 1584 τε
1637 1529 1847 1584 τούτων

338 1633 358 1667 ι
396 1615 724 1687 γράμμασιν
755 1617 1162 1687 ἐφοδιάζεσθαι.
1207 1640 1226 1674 ι

338 1709 534 1765 ΒΑΛΣ.
575 1710 635 1764 Ὀ
669 1711 861 1782 παρὼν
889 1713 1071 1768 κανὼν
1092 1715 1386 1787 διορίζεται
1413 1717 1487 1790 μὴ
1551 1719 1713 1790 μόνον
1741 1720 1851 1788 ἀει).⁹

1331 385 1410 444 IN'
1447 382 1613 445 CAN.
1657 382 1740 443 XI
1772 378 1994 444 CONC.
2026 384 2086 445 II
2118 385 2472 453 ANTIOCH.

331 519 349 551 ι
394 498 563 564 νόνος,
595 499 726 554 ἄνευ
776 498 1004 571 γνώμης
1034 500 1128 557 καλ⁸
1157 504 1504 573 γραμμάτων
1536 504 1646 559 τῶν
1674 506 1732 560 ἐν
1760 508 1826 576 τῇ
1859 503 1906 560 Δ

3389 391 3526 458 1306

2027 525 2047 560 ι
2078 509 2470 566 ecclesiasticae
2521 509 2722 581 regulae
2765 509 3071 581 subjectus,
3122 510 3259 565 citra
3293 523 3521 567 senten—

2021 621 2041 655 ι
2079 604 2210 657 tiam
2245 612 2300 657 et
2323 603 2533 658 litteras
2567 606 2958 674 episcoporum
2994 604 3291 674 provinciae
3322 613 3375 658 et
3410 621 3525 659 ma-

2022 714 2042 748 ι
2072 711 2218 751 ιιιῐιθ
2252 698 2822 766 metropolitanorum,
2850 696 2916 750 ad
2941 696 3326 763 imperatorem
3355 698 3524 767 proli-

2017 803 2036 837 ι
2068 785 2202 840 cisci
2236 801 2530 857 aggressus
2553 786 2716 842 fuerit
2748 805 2761 842 :
2794 789 2838 842 is
2869 787 3158 842 abdicetur
3184 798 3238 843 et
3269 789 3527 858 ejiciatur

2029 894 2048 928 ι
2085 892 2192 931 non
2228 877 2406 932 solum
2439 893 2469 932 a
2502 879 2913 944 communione,
2946 879 3041 935 sed
3081 879 3247 934 etiam
3284 895 3312 932 a
3346 879 3526 950 digni-

2025 987 2044 1021 ι
2090 977 2221 1032 tate,
2246 970 2404 1039 cujus
2435 977 2519 1026 est
2551 972 2863 1042 particeps;
2905 980 2962 1024 ut
2992 971 3085 1040 qui
3119 970 3525 1042 religiosissimi

2027 1081 2046 1115 ι
2095 1062 2443 1133 imperatoris
2487 1065 2659 1118 nosui
2712 1064 2938 1119 auribus
2983 1063 3288 1118 molestiam
3335 1062 3531 1118 aﬂ‘crre

2029 1175 2046 1208 ι
2080 1156 2278 1211 audeat
2310 1165 2508 1226 praeter
2541 1156 2706 1210 ritum
2733 1155 3010 1211 Ecclesiae.
3045 1155 3104 1210 Si
3132 1164 3313 1210 autem
3345 1171 3535 1211 neces.

2026 1271 2044 1303 ι
2079 1251 2259 1307 sarius
2287 1267 2418 1306 usus
2453 1252 2653 1319 exigat,
2696 1258 2756 1304 ut
2781 1248 2848 1302 ad
2879 1251 3268 1318 imperatorem
3297 1264 3356 1302 se
3396 1263 3532 1302 con-

1999 1363 2052 1398 χι
2094 1347 2254 1410 lerat,
2304 1345 2358 1399 id
2409 1352 2532 1413 agat
2574 1359 2700 1399 cum
2731 1343 3126 1397 deliberatione
3169 1351 3223 1396 et
3253 1342 3531 1397 sententia

2041 1459 2060 1493 ι
2105 1439 2507 1507 metropolitani
2560 1437 2878 1508 provincia},
2911 1446 2965 1490 et
3009 1435 3392 1505 episcoporum
3439 1433 3533 1501 qui

2022 1552 2041 1586 ι
2073 1541 2202 1588 sunt
2241 1532 2296 1585 in
2327 1547 2427 1598 ea;
2476 1545 2781 1599 eorumque
2809 1529 3010 1584 litteris
3040 1529 3288 1582 munitus
3314 1524 3537 1596 proﬁci-

2035 1649 2054 1683 t
2097 1637 2302 1686 scatur.
2346 1646 2365 1680 ι

2028 1701 2492 1775 BiLS.Prazsens
2553 1731 2728 1773 canon
2762 1714 3030 1778 decernit,
3078 1727 3182 1767 non
3213 1710 3390 1765 solum
3442 1721 3537 1761 se-

264 1800 572 1908 ορίζεσθαι,
602 1804 738 1858 ἀλλά
770 1805 862 1858 καί
910 1808 1290 1879 καθαιρεῖσθαι
1333 1811 1458 1876 τοὺς
1500 1813 1582 1875 είς
1626 1811 1850 1883 βασιλέα

1991 1816 2194 1884 regari,
2215 1813 2308 1868 sed
2326 1813 2486 1869 etiam
2508 1812 2706 1881 deponi
2734 1809 3021 1879 episcopos
3052 1807 3136 1860 vel
3159 1803 3417 1866 clericos,
3443 1800 3537 1871 qui

265 1896 680 1967 ἀπερχομένους
709 1902 1045 1968 ἐπισκόπους
1074 1904 1105 1973 ἢ
1136 1905 1437 1974 κληρικοὺς
1480 1905 1611 1959 ἀνευ
1659 1921 1850 1975 γραμ-

1988 1905 2026 1959 ,ιι
2063 1904 2451 1974 imperatorem
2495 1901 2947 1972 proﬁciscuntur,
2996 1897 3116 1952 sine
3167 1894 3366 1950 litteris
3422 1893 3542 1962 epi-

272 1989 458 2058 μάτων
483 1991 579 2045 τοῦ
609 1994 750 2048 κατά
785 1995 970 2067 χώραν
1001 1998 1329 2063 ἐπισκόπου,
1364 1999 1460 2052 καὶ
1493 2000 1732 2070 μάλιστα
1753 1999 1848 2053 τοῦ

273 2083 715 2152 μητροπολίτου,
758 2087 834 2149 ὡς
897 2089 1371 2160 παρενοχλοῦντας
1418 2091 1517 2156 τάς
1564 2092 1853 2161 βασιλικάς

269 2175 440 2237 ἀκοὰς
470 2178 623 2247 παρά
653 2178 722 2232 τὰ
753 2179 1052 2250 δεδογμένα
1073 2185 1138 2253 τῇ
1173 2183 1472 2256 Ἐκκλησία
1493 2200 1504 2213 ·
1539 2185 1850 2253 ἀναγκαίας

270 2267 328 2320 δὲ
375 2269 750 2340 προκειμένης
798 2273 1014 2337 αἰτίας,
1066 2279 1395 2346 παραχωρεῖ
1444 2277 1581 2348 πρὸς
1629 2277 1854 2348 βασιλέα

271 2362 462 2432 ὀρμᾷν
481 2365 621 2432 μετά
650 2365 929 2435 ἐγγράφου
961 2370 1326 2441 ἐκχωρήσεως
1353 2372 1658 2436 συνοδικῆς.
1693 2372 1856 2426 Ἀνά-

272 2456 443 2520 γνωθι
480 2456 580 2525 τῆς
624 2459 683 2512 ἐν
731 2460 969 2532 Σαρδικῇ
1017 2463 1236 2517 συνόδου
1281 2467 1517 2529 κανόνας
1566 2466 1635 2532 ζ’,
1684 2465 1757 2535 η’,
1787 2465 1854 2529 θ’,

274 2554 383 2614 καθ,
411 2549 508 2603 καὶ
553 2553 655 2622 τῆς
696 2554 756 2608 ἐν
803 2556 1135 2629 Καρθαγένῃ
1180 2559 1380 2612 κανόνα
1430 2559 1540 2630 ρς’.
1594 2559 1749 2613 Ἐπεὶ
1799 2559 1858 2614 δέ

273 2650 419 2696 τινες
450 2637 562 2709 (47)
588 2639 698 2694 τῶν
727 2644 994 2714 ῥημάτων
1034 2647 1129 2700 τοῦ
1173 2648 1441 2718 παρόντος
1509 2650 1734 2713 κανόνος
1767 2650 1857 2716 ἐξ·

274 2727 532 2798 εχόμενοι
581 2733 702 2802 (τῆς
751 2736 860 2807 γὰρ
910 2738 1118 2802 ἐννοίας
1170 2740 1602 2812 ἀποδιίστανται)
1643 2743 1859 2797 θέλουσι

276 2820 407 2884 τοὺς
460 2821 835 2894 ἐνδημοῦντας
879 2830 1163 2899 ἀρχιερεῖς
1209 2833 1290 2896 είς
1337 2833 1437 2904 τὴν
1487 2834 1597 2886 τῶν
1646 2835 1859 2888 πόλεων

281 2910 674 2981 βασιλεύουσαν
723 2922 864 2990 μετά
915 2923 1172 2994 είδήσεως
1217 2926 1313 2979 καὶ
1369 2926 1693 2997 προτροπῆς
1748 2945 1856 2982 πα-

278 3008 632 3078 τριαρχικῆς,
659 3013 753 3065 καὶ
787 3013 862 3084 μὴ
895 3015 1092 3081 ἄλλως,
1129 3019 1208 3080 είς
1248 3018 1515 3088 βασιλέως
1543 3021 1863 3091 προσκύνηο

283 3116 368 3152 σιν
398 3102 753 3173 ἀπέρχεσθαι,
772 3109 954 3177 φαμὲν
984 3110 1067 3165 ὅτι
1097 3111 1162 3165 τὰ
1189 3111 1284 3166 τοῦ
1313 3112 1582 3184 παρόντος
1613 3114 1860 3179 κανόνος,

1959 1996 2113 2066 scopi
2164 1995 2424 2065 regionis,
2470 2001 2521 2048 ct
2572 1993 2810 2046 maxime
2848 1987 3281 2058 metropolitani,
3325 1996 3382 2040 ut
3445 1983 3539 2053 qui

1960 2089 2309 2159 imperatoris
2328 2087 2554 2142 auribus
2588 2085 2888 2140 molestiam
2909 2081 3222 2144 exhibeant,
3241 2087 3436 2148 prmtcr
3456 2093 3542 2142 ea,

1963 2201 2086 2257 qua:
2113 2194 2240 2240 sunt
2271 2185 2338 2239 ah
2364 2182 2606 2237 Ecclesia
2633 2180 2851 2234 decreta
2886 2194 2900 2230 :
2929 2179 2971 2231 si
3008 2182 3194 2228 autem
3231 2170 3543 2225 necessaria

1964 2282 2036 2337 sit
2074 2295 2239 2336 causa
2285 2277 2598 2348 preposita,
2645 2274 2895 2330 concedit
2937 2279 2993 2324 ut
3043 2268 3110 2322 ad
3158 2267 3541 2334 imperatorem

1965 2373 2386 2445 proficiscantur
2433 2385 2558 2424 cum
2599 2367 2814 2438 litteris
2873 2363 3128 2418 mandata
3175 2356 3547 2428 permissione

1965 2469 2236 2542 synodali.
2256 2467 2396 2538 Lege
2422 2461 2771 2520 Sardicensis
2798 2458 2993 2531 synodi
3032 2469 3275 2509 canones
3314 2451 3366 2515 7,
3401 2449 3458 2514 8,
3491 2448 3548 2508 9,

1967 2564 2057 2628 12,
2088 2572 2140 2617 et
2167 2557 2616 2627 Cartltaginensis
2632 2567 2896 2610 canonem
2924 2547 3042 2603 106.
3069 2545 3338 2613 Quoniam
3367 2548 3548 2594 autem

1966 2653 2216 2714 nonnulli
2267 2652 2448 2707 verbis
2480 2631 2786 2718 .praesentis
2829 2643 3060 2699 canonis
3112 2639 3460 2692 adhaerentes
3499 2631 3552 2703 (ει

1967 2750 2237 2808 sententia
2269 2747 2413 2802 enim
2445 2746 2608 2814 longe
2641 2739 2866 2808 absunt)
2903 2737 3181 2791 antistites
3213 2732 3428 2790 volunt,
3459 2726 3555 2796 qui

1968 2845 2022 2900 in
2053 2843 2240 2911 regina
2282 2838 2497 2893 urbium
2541 2840 2856 2894 versantur,
2887 2843 3013 2882 cum
3064 2823 3294 2880 scientia
3338 2827 3391 2873 et
3419 2832 3560 2887 ,ρει--

1969 2933 2233 2990 missione
2258 2926 2604 2999 patriarchaa,
2625 2933 2678 2977 et
2707 2935 2814 2975 non
2843 2918 3029 2980 aliter,
3066 2915 3131 2967 ad
3162 2913 3553 2981 imperatorem

1959 3026 2317 3085 salutandum
2381 3018 2652 3094 proﬁcisci
2708 3029 2722 3068 :
2772 3014 3032 3075 dicimus,
3075 3007 3222 3079 quod
3274 3020 3395 3075 qua:
3457 3003 3561 3058 hoc

1971 3136 2183 3179 canone
2237 3117 2612 3178 continentur,
2671 3121 2727 3165 et
2775 3108 2986 3176 reliqua
3054 3115 3292 3173 quorum
3353 3099 3446 3152 hic
3502 3095 3561 3149 lit

283 3195 378 3248 καὶ
411 3196 520 3251 τῶν
547 3197 751 3253 λοιπῶν
801 3202 910 3256 τῶν
959 3204 1195 3259 ἐνταῦθα
1230 3206 1727 3276 μνημονευομένων
1756 3208 1858 3278 χώ-

1988 3215 2176 3273 nentio
2209 3213 2387 3266 locum
2426 3208 2651 3269 habent,
2702 3200 2922 3272 quando
2980 3197 3212 3250 antistes
3250 3207 3280 3245 a
3314 3205 3413 3247 sua
3476 3202 3564 3242 re-

287 3305 388 3357 ραν
415 3289 649 3361 ἔχουσιν,
693 3296 743 3347 εἰ
774 3297 801 3348 ὁ
833 3295 1130 3366 ἀρχιερεὺς
1178 3299 1290 3353 ἀπὸ
1327 3301 1427 3370 τῆς
1455 3299 1731 3372 λαχούσης
1762 3302 1868 3355 αὐ-

283 3379 381 3433 τοῦ
448 3383 795 3456 αὐθόρμητος
849 3391 930 3452 είς
1000 3389 1226 3461 βασιλέα
1275 3392 1522 3464 ἀπέλθῃ·
1573 3394 1704 3448 ὅταν
1759 3393 1871 3466 γὰρ

289 3473 497 3546 ἐνδημῇ
551 3478 610 3529 ἐν
657 3481 726 3550 τῇ
788 3479 1174 3556 βασιλευούσῃ,
1233 3485 1330 3538 καὶ
1387 3483 1531 3538 κατὰ
1589 3485 1872 3554 βασιλικὸν

285 3564 517 3634 ὁρισμὸν
541 3567 572 3638 ἦ
597 3569 742 3623 κατὰ
791 3573 1202 3645 πατριαρχικὴν
1237 3577 1545 3647 ἐπιτροπὴν
1573 3576 1874 3642 ἀκωλύτως

291 3662 667 3732 προσκυνήσει
718 3665 811 3717 τὸν
855 3664 1079 3735 βασιλέα
1133 3669 1228 3722 καὶ
1264 3668 1577 3740 ὑπομνήσει
1628 3672 1760 3741 περὶ⁵
1797 3665 1874 3726 ὧν

292 3749 570 3819 βούλεται.
599 3755 672 3807 Τὸ
701 3755 758 3811 δέ
796 3758 937 3828 μετὰ
967 3759 1248 3829 βασιλικὸν
1271 3762 1502 3834 ὁρισμὸν
1526 3763 1873 3835 ἀπέρχεσθαι

289 3842 420 3906 τοὺς
470 3847 787 3918 ἀρχιερεῖς,
839 3849 970 3904 ἔνθα
1025 3851 1094 3905 ἂν
1152 3854 1551 3924 προσταχθεῖεν
1601 3857 1694 3910 καὶ
1752 3856 1877 3927 δίχα

297 3937 585 4009 συνοδικῆς
636 3943 919 4013 είδήσεως,
956 3944 1016 3999 ἐν
1063 3946 1346 4016 διαφόροις
1397 3949 1648 4002 κανόνων
1696 3949 1876 4021 ἐρμη-

302 4029 464 4095 θείαις
497 4033 763 4107 ἐδηλώθη,
797 4039 891 4092 καὶ
920 4040 982 4092 οὐ
1010 4041 1118 4113 χρὴ
1143 4043 1292 4112 ἡμᾶς
1323 4042 1696 4112 ταυτολογεῖν.

375 4122 624 4181 ΖΩΝΔΡ.
649 4127 712 4180 Εἰ
737 4129 812 4198 μὴ
840 4132 923 4183 ὅτι
951 4134 1104 4187 πᾶσα
1139 4134 1380 4206 ἀνάγκη,
1412 4135 1476 4188 οὐ
1506 4133 1794 4204 βούλονται
1827 4137 1878 4190 oi

295 4217 522 4282 κανόνες
554 4221 684 4284 τοὺς
710 4223 1046 4288 ἐπισκόπους
1075 4226 1488 4298 προσέρχεσθαι
1524 4227 1756 4298 βασιλεῖ,
1782 4229 1881 4282 καὶ

295 4310 533 4380 ἐνοχλεῖν
559 4313 708 4384 αὐτῷ
736 4315 879 4386 ὑπὲρ
911 4318 1127 4372 οἰκείων
1168 4320 1434 4391 δεήσεων.
1476 4322 1640 4376 Ἀλλά
1669 4324 1764 4377 καὶ
1791 4325 1880 4378 ὅτε

1973 3312 2131 3382 gione
2150 3315 2347 3375 sponte
2371 3317 2470 3357 sua
2495 3300 2560 3355 ad
2586 3299 2969 3368 imperatorem
2990 3288 3272 3362 profectus
3293 3295 3397 3341 est.
3422 3283 3560 3382 Cnum

1972 3374 2118 3458 enim
2144 3401 2197 3455 in
2221 3398 2443 3454 urbium
2459 3393 2646 3462 regina
2666 3397 2934 3448 versetur,
2958 3384 3044 3438 vel
3089 3374 3561 3450 imperatorisjus-

1974 3515 2060 3563 su,
2092 3497 2174 3551 vel
2200 3485 2547 3564 patriarchali
2569 3481 2955 3553 permissione,
2975 3476 3113 3531 citra
3133 3474 3303 3528 ullum
3328 3469 3563 3540 impedi-

1974 3599 2217 3647 mentum
2259 3587 2639 3655 imperatorem
2674 3573 2996 3634 conveniet,
3035 3580 3089 3625 et
3138 3583 3288 3632 eum,
3340 3566 3562 3620 illorum

1975 3698 2099 3758 quae
2132 3678 2386 3740 voluerit,
2421 3669 2758 3727 admonebit.
2797 3661 3152 3734 Imperatoris
3179 3669 3361 3715 autem
3406 3658 3566 3728 jussu

1977 3752 2251 3848 proficisci
2282 3766 2582 3830 antistites,
2604 3775 2712 3832 quo
2730 3758 2868 3829 jussi
2893 3754 3118 3819 iuerint,
3142 3754 3306 3808 etiam
3331 3752 3449 3808 sine
3479 3764 3571 3820 sy-

1978 3847 2164 3925 nodali
2212 3875 2511 3923 consensu,
2563 3855 2614 3908 in
2647 3849 2884 3906 diversis
2927 3863 3200 3904 canonum
3240 3847 3572 3914 interpreta-

1977 3960 2225 4016 tionibus
2267 3956 2601 4011 declaratum
2635 3959 2754 4014 est;
2803 3960 2906 4002 nec
2949 3951 3078 3999 sunt
3109 3954 3173 3995 ea
3218 3953 3246 3992 a
3282 3936 3444 3992 nobis
3477 3949 3568 3987 re-

1980 4051 2234 4127 petenda.

2054 4139 2638 4211 ZONAR.Episcopos
2680 4135 3070 4204 imperatorem
3117 4124 3294 4187 adire,
3337 4122 3572 4191 ejusque

1985 4256 2146 4297 aures
2190 4236 2413 4309 privatae
2452 4231 2531 4287 rei
2577 4241 2743 4284 causa
2784 4219 3118 4294 importunis
3162 4215 3426 4288 precibus
3472 4211 3576 4264 ob-

1985 4303 2236 4395 tundere,
2265 4327 2368 4383 nisi
2397 4339 2520 4380 cum
2556 4321 2607 4375 id
2643 4332 2869 4390 prorsus
2903 4310 3218 4369 necessario
3255 4303 3571 4360 iaciendum

301 4400 487 4472 μέλλοι
540 4420 627 4467 τις
672 4406 972 4475 ἀναγκαῖόν
1023 4428 1076 4463 τι
1129 4390 1448 4482 ἀνενεγκεῖν
1500 4415 1744 4485 βασιλεῖ,
1806 4419 1858 4489 μὶ

1988 4425 2078 4489 sit,
2110 4433 2347 4478 canones
2369 4414 2511 4469 haud
2549 4410 2761 4468 sinunt.
2805 4407 3008 4462 Verum
3041 4410 3097 4458 et
3127 4400 3173 4456 si
3219 4394 3440 4467 quando
3474 4390 3575 4445 ali-

299 4493 639 4590 ἀπέρχεσθαι
664 4497 791 4552 ἀνευ
818 4499 1046 4571 γνώμης
1079 4501 1186 4555 τῶν
1234 4504 1334 4575 τῆς
1362 4506 1630 4577 ἐπαρχίας
1658 4508 1858 4562 ἐπισκό

1989 4518 2120 4590 quid
2170 4513 2238 4568 ad
2290 4512 2674 4579 imperatorem
2729 4500 2946 4556 deferre
3002 4495 3274 4567 quispiam
3345 4499 3576 4587 necesse

300 4603 442 4654 πων,
475 4588 571 4658 ἀφ’
597 4586 668 4661 ἦς
700 4593 795 4644 καὶ
837 4594 865 4646 ὁ
913 4593 1176 4649 ἀπελθεῖν
1224 4596 1438 4667 μέλλων
1466 4599 1604 4666 ἐστὶ,
1642 4600 1858 4670 μάλιστα

1995 4585 2270 4672 habuerit,
2302 4603 2405 4657 nisi
2439 4600 2557 4668 ejus
2584 4594 2903 4666 provinciae,
2934 4605 3000 4646 ex
3030 4602 3134 4658 qua
3170 4585 3423 4672 ipseiest,
3457 4585 3580 4646 epi-

304 4680 357 4734 δέ
389 4680 484 4735 τοῦ
520 4685 923 4754 μητροπολίτου
965 4688 1064 4756 τῆς
1096 4688 1367 4760 ἐπαρχίας
1393 4690 1632 4762 ἐκείνης.
1685 4695 1788 4748 Τὸν
1827 4694 1858 4748 δ

1995 4700 2204 4770 scopis,
2239 4671 2302 4752 ac
2343 4691 2764 4760 metropolitano
2800 4681 3106 4754 praesertim
3148 4671 3396 4770 ejusdﬁem
3445 4681 3577 4738 pro-

296 4773 624 4843 ὁρμήσαντα
654 4776 826 4847 χωρὶς
854 4777 1082 4850 γνώμης
1117 4779 1227 4850 (48)
1253 4781 1349 4834 καὶ
1389 4761 1741 4854 γραμμάτων
1787 4786 1858 4838 τοὶ

1994 4761 2200 4846 νῐιιοὶαέ
2234 4781 2634 4840 consentiente,
2689 4771 2961 4846 proficisci
3015 4774 3228 4824 vetant.
3287 4761 3390 4828 Qui
3447 4773 3579 4812 vero

307 4867 714 4935 μητροπολὶτου
747 4869 1006 4923 ἀπελθεῖν
1037 4872 1175 4941 πρὸς
1208 4872 1434 4942 βασιλέα
1465 4875 1850 4948 καθαιρεῖσθαι

1997 4881 2207 4951 absque
2243 4870 2647 4944 metropolitani
2675 4880 2948 4923 consensu
2986 4877 3048 4915 ac
3079 4857 3274 4914 litteris
3303 4855 3368 4910 ad
3410 4855 3580 4922 impe.

319 4957 375 5011 Ὀ
424 4959 482 5011 δέ
528 4960 629 5030 τῆς
673 4963 732 5014 ἐν
778 4962 1014 5033 Σαρδικῇ
1060 4963 1281 5016 συνόδου
1320 4962 1573 5028 ζ’.κανὼν
1606 4947 1700 5020 καὶ
1731 4973 1806 5039 η’,
1839 4984 1858 5020 ε

1990 4947 2231 5031 τοιοι·επι
2284 4968 2436 5022 adire
2481 4964 2538 5019 in
2590 4962 2834 5016 animum
2889 4953 3189 5016 induxerit,
3234 4947 3581 5020 depositione

306 5051 396 5106 διὰ
422 5052 681 5125 βοήθειαν
711 5057 898 5128 χηρῶν
929 5058 1024 5110 καὶ
1051 5057 1309 5128 ὀρφανῶν
1358 5060 1453 5112 καὶ
1483 5062 1755 5130 πενήτων,
1795 5079 1858 5115 κα

1992 5065 2211 5123 multari
2247 5062 2463 5134 jubent.
2503 5053 2844 5112 Sardicensis
2899 5063 3032 5106 vero
3081 5045 3275 5115 synodi
3335 5055 3579 5097 canones

308 5146 518 5199 λαῖκῶν
551 5150 1014 5218 προσφευγὸντων
1040 5153 1104 5221 τῇ
1138 5149 1410 5222 ἐκκλησίᾳ
1439 5152 1819 5224 ἀδικουμένων
1849 5160 1858 5208 i

1995 5160 2026 5213 7
2083 5164 2136 5211 et
2167 5154 2200 5209 8
2261 5152 2544 5223 episcopo,
2595 5157 2653 5203 ut
2695 5146 2985 5200 viduarum
3033 5138 3477 5210 pupillorumqne
3529 5139 3584 5227 et

309 5239 937 5312 καταδυναστευομένων
980 5243 1014 5314 ἢ
1057 5242 1555 5314 ἀποστερουμένων
1596 5246 1707 5299 τῶν
1760 5247 1858 5320 ἁνη

2001 5259 2305 5321 pauperum
2337 5255 2559 5296 causam
2591 5245 2735 5308 agat,
2769 5249 2833 5289 ac
2867 5232 3027 5287 laicis
3061 5229 3463 5301 patrocinctur,
3488 5222 3582 5293 qui

1575 5383 1765 5449 Guill.
1799 5387 2127 5470 Beveregii
2159 5393 2353 5450 notes.

382 5535 497 5659 Si?)
535 5533 703 5588 Ἐπεὶ
737 5535 803 5588 δέ
832 5551 1015 5601 τινες.
1059 5533 1184 5588 113ξο
1214 5550 1388 5604 ttsque
1433 5535 1496 5587 ad
1537 5535 1695 5591 linem
1720 5537 1856 5605 huju

382 5627 388 5658 ι
417 5607 663 5659 samonis
688 5606 1159 5659 interpretationis
1192 5619 1256 5656 ex
1293 5621 1396 5659 ms.
1433 5605 1730 5659 Bodleiano
1758 5624 1858 5659 sun

1989 5539 2271 5608 sequentia
2306 5537 2536 5590 Zonarze
2563 5530 2726 5585 verba
2753 5529 2925 5583 codex
2955 5518 3430 5602 Amcrbachianus
3458 5511 3581 5580 ple-

1988 5611 2116 5659 nius
2151 5611 2232 5659 sic
2266 5609 2418 5659 lenit.
2446 5604 2626 5658 τὸν.δέ
2655 5602 2979 5659 ὁρμήσαντα
3015 5592 3244 5659 γνώμης
3282 5601 3458 5659 χωρις
3488 5582 3581 5633 καὶ

312 5582 663 5682 Baisainonis
688 5582 1159 5682 interpretationis
1192 5619 1256 5656 ex
1287 5582 1858 5682 _.‘ns._nmtté'i§{{d'§tift

1988 5582 2540 5679 ῗιῖὶῖζέἒῖιεξίιῖἕδῦ
2558 5582 2626 5658 δὲ
2655 5582 2983 5682 ὁρξμήσαντὲ
3015 5582 3588 5682 γνάὶμηςιζίΐλέίῖἓέῗέ

315 5677 585 5753 plevimus
619 5693 632 5730 :
663 5654 1019 5753 sedet'tsmnt
1061 5677 1226 5753 etiam
1286 5676 1340 5753 in
1397 5654 1858 5753 Αῑῐιειςῦιις-ίιῖιιιιινοΓ

1988 5654 2367 5753 γριιιμμάτωξΔ
2403 5654 2858 5753 ’μητρρπολίέτο⁸υ.
2901 5668 2996 5721 καὶ
3073 5661 3183 5753 τών
3217 5654 3588 5753 λ

315 5728 530 5818 necnon
568 5747 620 5800 in
654 5745 932 5818 rTiliano;
985 5728 1122 5800 nam
1177 5728 1858 5804 Gcntianusillerve'tus-e;

1988 5728 2692 5818 étipEfo'EEUprg'péa'tua,
2728 5740 3019 5798 ἐκπίπτειν
3054 5732 3155 5803 τῆς
3213 5728 3370 5794 ἀξίας
3409 5728 3607 5806 αὑτοῦ,

315 5817 488 5894 latins.
523 5817 801 5894 lenita-
905 5887 918 5894 -
1277 5887 1286 5894 .
1455 5887 1468 5894 -

1989 5823 2107 5894 ἤτοι
2144 5817 2554 5891 καθαιρεῖσθαι.

387 5888 497 5959 (48)
527 5887 638 5944 Τὸν
672 5887 738 5943 δὲ
771 5887 1122 5959 ὁρμήσαντα
1149 5887 1326 5958 χωρὶς
1363 5887 1615 5959 γνώμης.
1675 5889 1798 5947 ΙΙωο
1830 5900 1881 5947 ct
