3990 6482
387 393 592 460 ιιαη
1598 457 1603 463 ,
1698 394 2448 462 .THEOD.BALSAMON
2640 392 2647 399 '
3592 378 3736 470 tae

455 530 513 565 se
545 526 642 584 per
667 511 923 583 iujuriam
970 525 1001 567 α
1052 511 1455 582 potentioribus
1500 511 1758 583 Opprimi,
1825 528 2034 584 suaque

2181 514 2353 569 όντων
2385 519 2592 583 αὐτοῖς,
2626 518 2659 591 ἢ
2694 516 2790 572 καὶ
2819 517 3240 591 περιορισθῆναι
3265 517 3354 573 διὰ
3405 520 3739 591 πταῖσματα

455 607 558 662 sibi
578 606 774 673 injuste
791 604 922 674 eripi
941 613 1267 674 queruntur,
1291 612 1691 677 proptereaque
1708 606 1776 662 ab
1795 606 2041 664 Ecclesia

2180 611 2697 677 ιαταδικασθέντων,
2748 611 3067 684 προσελθεῖν
3136 612 3313 667 ἐθέλοι
3363 613 3442 685 τῷ
3496 614 3737 683 βασιλεῖ,

456 698 560 752 εἱοὶ
605 695 765 768 441
818 696 1081 753 auxilium
1128 705 1455 766 exposcunt,
1501 698 1791 754 autetiam
1838 698 2041 769 quibus

2180 700 2455 773 κχωροῦσι
2480 702 2557 775 τῷ
2588 704 2815 774 τοιούτῳ
2847 704 3069 759 ἀπιέναι
3096 719 3110 734 ·
3143 703 3347 772 μᾶλλον
3384 703 3439 756 δὲ
3481 704 3738 758 διάκονον

455 792 526 863 ob
568 790 781 861 aliquas
809 789 989 845 delicti
1028 788 1363 853 offensiones
1388 791 1572 847 exsilii
1606 806 1764 861 pteua
1800 791 2039 861 irrogata

2180 793 2389 848 ’τίλλειν
2418 798 2622 850 οἰκεῖον
2642 797 2781 867 πρδς
2813 796 2905 849 τὸν
2935 796 3163 866 βασιλέα
3202 796 3341 866 μετὰ
3375 798 3737 867 γραμμάτων

1598 457 1603 463 .
1698 394 2445 491 .ΤΗΕοο.ΒΑιεΑΜοΝ

455 892 563 947 est,
602 883 988 953 imperatorem
1030 882 1266 939 adeundi
1301 882 1617 941 facultatem
1674 896 1800 939 esse
1844 883 2035 939 deuer-

2145 886 2229 949 είς
2261 888 2588 957 ἐπικουρίαν
2611 888 2719 943 τῶν
2749 888 3205 959 προσφευγόντων
3230 890 3298 958 τῇ
3337 887 3665 959 Ἐκκλησία.

458 985 592 1032 nunt
630 976 965 1034 :diaconum
991 984 1174 1035 tamen
1231 980 1416 1051 potius
1456 995 1580 1037 cum
1624 980 1822 1035 litteris
1858 992 2028 1036 suum
2069 980 2135 1036 ad
2182 982 2569 1053 imperatorem
2602 984 2766 1050 mitti,
2797 998 2971 1052 coque
3012 989 3176 1051 pacto
3254 980 3516 1036 Ecclesia:
3607 1000 3741 1053 sup-

460 1070 692 1138 plicibus
713 1071 970 1142 opitulari
1004 1072 1203 1142 placet.

456 1166 683 1223 ARIST.
723 1188 742 1219 ι
784 1168 1091 1239 Episcopus
1122 1170 1205 1225 vel
1238 1170 1541 1241 presbyter,
1570 1170 1665 1241 qui
1695 1184 1791 1225 sua
1822 1170 2043 1241 spon'te,

535 1278 553 1310 ι
586 1268 641 1315 et
679 1275 784 1314 non
819 1260 1116 1329 provinciae
1144 1262 1553 1331 metropolitani
1583 1262 1743 1332 jussu
1809 1263 2047 1333 impera-

544 1369 563 1402 ι
614 1360 788 1407 torem
836 1351 973 1418 adit,
1002 1353 1389 1409 communione
1430 1355 1635 1423 pariter
1676 1367 1739 1409 ac
1772 1354 2044 1425 dignitate

540 1459 559 1496 ι
595 1444 836 1498 excidat.
878 1463 896 1497 ι

534 1531 968 1589 luobedientiam
1018 1537 1070 1589 in
1123 1539 1381 1594 omnibus
1428 1539 1683 1595 tollentes
1736 1540 1944 1605 Patres,
1988 1546 2043 1594 et

459 1627 1094 1684 constitutum'ordiuem
1118 1641 1527 1698 conservantes,
1548 1632 1836 1702 prohibent
1858 1641 1911 1687 et
1930 1634 2044 1702 epi-

2144 1166 2369 1221 ΔΡΙΣΤ.
2441 1185 2459 1217 ι
2517 1168 2576 1221 Ὀ
2609 1166 2850 1239 προσιὼν
2882 1167 3209 1238 αὐτομάτως
3236 1167 3314 1238 τῷ
3351 1167 3567 1236 βασιλεῖ
3608 1167 3739 1221 aut-

2224 1277 2245 1311 ι
2291 1274 2515 1323 σκοπος,
2563 1260 2596 1330 ἢ
2646 1260 3038 1331 πρεσϐύτερος,
3096 1260 3191 1313 καὶ
3240 1260 3363 1330 οὐχὶ
3415 1259 3742 1322 κελευσθεὶς

2220 1371 2240 1403 ⁸
2287 1352 2442 1421 παρὰ
2474 1351 2568 1404 τοῦ
2612 1352 2711 1421 τῆς
2759 1353 2947 1423 χώρας
2992 1352 3419 1424 μητροπολίτου,
3456 1356 3600 1423 μετὰ
3638 1352 3742 1421 τῆς

2225 1464 2243 1497 ι
2285 1444 2573 1508 κοινωνίας
2598 1446 2912 1499 ὲκπιπτέτω
2944 1447 3037 1500 καὶ
3065 1446 3167 1515 τῆς
3196 1444 3376 1510 ἀξίας.
3422 1466 3441 1498 ι
3746 1446 3761 1546 ί

2222 1535 2295 1589 Τὸ
2320 1536 2696 1590 ἀνυπότακτον
2724 1539 2783 1590 ὲν
2814 1540 2982 1592 πᾶσιν
3016 1541 3064 1591 οἱ
3098 1537 3349 1609 Πατέρες
3375 1535 3743 1606 περιαιροῦν-

2148 1646 2261 1692 τες,
2293 1629 2386 1681 καὶ
2433 1628 2492 1683 τὸ
2543 1629 2809 1683 εῦτακτον
2863 1629 3285 1700 συντηροῦντες,
3314 1629 3592 1683 κωλύουσι
3645 1629 3746 1681 καὶ

460 1733 680 1786 scopos,
708 1726 761 1772 et
786 1720 1134 1790 presbyteros
1167 1731 1219 1776 et
1250 1722 1387 1778 alios
1410 1723 1645 1793 eatalogi
1681 1724 2041 1779 sacerdotalis

2181 1720 2273 1784 οὺς
2300 1721 2661 1785 ἐπισκόπους,
2690 1723 2784 1775 καὶ
2824 1721 2954 1785 τοὺς
3009 1718 3447 1792 πρεσϐυτέρους,
3479 1723 3574 1774 καὶ
3610 1722 3745 1783 τοὺς

460 1808 579 1863 sine
612 1809 863 1878 primatis
898 1810 981 1866 sui
1016 1811 1215 1868 litteris
1244 1829 1424 1883 regem
1461 1813 1615 1869 adire
1654 1823 1709 1870 et
1733 1830 1897 1870 aures
1922 1814 2042 1881 ejus

2180 1810 2343 1873 ιλλους
2374 1810 2469 1865 τοῦ
2505 1812 2782 1881 ἱερατικοῦ
2829 1814 3141 1882 καταλόγου
3189 1814 3322 1867 ἄνευ
3377 1813 3743 1883 γραμμάτων

458 1900 773 1971 obturbare,
800 1910 851 1957 et
883 1903 1183 1974 quidquam
1215 1904 1282 1958 de
1307 1906 1582 1976 aliquibus
1611 1906 1837 1963 referre.
1871 1907 1936 1962 Et
1962 1906 2044 1961 id-

460 1992 608 2047 circo
636 2009 762 2047 eum
789 1994 883 2064 qui
906 1996 1025 2051 sine
1060 1997 1230 2061 illius,
1253 1999 1346 2067 qui
1383 1999 1681 2066 provinciae
1715 2001 2039 2070 metropolis

460 2092 542 2139 est
587 2085 902 2157 episcopus,
943 2090 1221 2144 sententia
1264 2106 1447 2161 regem
1494 2092 1626 2155 adit,
1676 2102 1732 2147 et
1778 2092 2044 2165 dignitate

460 2178 657 2247 deponi
684 2179 901 2249 jubent,
937 2191 991 2237 et
1018 2196 1047 2236 a
1082 2183 1474 2239 communione
1510 2184 1706 2241 arceri.

1070 2446 1299 2505 CANON
1329 2448 1449 2506 XII.

468 2552 487 2586 ι
518 2532 572 2589 Si
596 2537 721 2607 quis
754 2537 1038 2609 presbyter
1061 2540 1144 2595 vel
1165 2540 1430 2599 diaconus
1454 2557 1484 2597 a
1515 2541 1739 2613 proprio
1761 2540 2040 2612 episcopo,

540 2650 560 2683 ε
596 2632 678 2685 vel
713 2633 1009 2701 episcOpus
1043 2648 1073 2687 a
1112 2635 1321 2704 synodo
1355 2634 1665 2707 depositus,
1707 2648 1878 2690 ausus
1928 2632 2045 2689 fue-

547 2743 565 2776 ι
606 2724 677 2779 rit
728 2724 1073 2794 imperatoris
1130 2727 1355 2782 auribus
1407 2727 1716 2783 molestiam
1759 2726 2040 2791 exhibere,

544 2838 563 2872 ι
606 2834 731 2873 cum
766 2826 1014 2888 oporteat
1043 2819 1111 2874 ad
1144 2822 1407 2891 majorem
1443 2820 1718 2893 synodum
1762 2820 2035 2886 converti,

540 2926 561 2959 τ
597 2908 788 2978 etjus,
839 2910 983 2977 quod
1024 2923 1085 2965 se
1141 2911 1341 2966 habere
1381 2922 1558 2983 putat,
1602 2912 1669 2967 ad
1709 2912 1897 2981 plures~
1928 2911 2044 2982 epi-

541 3015 560 3053 l
605 3015 803 3069 senpos
843 3002 1076 3068 referre,
1121 3018 1425 3074 eorumque
1466 3004 1929 3061 examinationem
1985 3012 2040 3058 et

543 3109 561 3143 ι
592 3091 860 3162 judicium
914 3093 1200 3163 suscipere
1232 3110 1249 3149 :
1285 3094 1331 3150 si
1367 3095 1550 3167 itaque
1590 3094 1676 3151 his
1710 3094 2041 3165 contemptis

546 3201 564 3235 ι
612 3184 929 3255 imperatori
961 3187 1228 3243 molestus
1268 3186 1454 3255 fuerit,
1486 3189 1532 3246 is
1566 3189 1716 3245 nulla
1764 3188 1922 3245 venia
1963 3188 2047 3242 di-

545 3293 565 3327 ι
604 3291 766 3346 guus,
799 3292 977 3347 neque
1001 3275 1087 3333 eui
1116 3277 1440 3334 defendendi
1474 3281 1654 3335 locum
1687 3279 1906 3345 habeat,
1946 3292 2047 3333 nec

536 3388 564 3447 ἐ
606 3372 967 3429 restitutionis
1001 3373 1196 3428 futurae
1221 3388 1373 3441 spem
1411 3382 1710 3444 exspectet.
1748 3392 1768 3426 ι

541 3462 739 3521 BALS.
772 3466 963 3523 Cuivis
996 3466 1387 3531 condemnato,
1420 3468 1515 3538 qui
1569 3484 1628 3524 se
1669 3468 1872 3540 injuria
1914 3472 2052 3527 affe-

466 3570 617 3612 ctum
646 3570 813 3627 putet,
842 3542 1225 3631 appellationis
1250 3560 1514 3615 auxilium
1538 3561 1725 3617 datum
1765 3572 1871 3619 est.
1911 3564 2055 3620 Dicit

473 3664 604 3719 ergo
629 3665 824 3714 canon,
853 3650 997 3719 quod
1017 3650 1119 3705 etsi
1155 3651 1257 3704 hoc
1273 3652 1549 3721 episc0pis
1570 3652 1887 3722 datumest.
1905 3655 2057 3709 simi-

471 3738 598 3794 liter
657 3749 712 3796 et
763 3742 1015 3808 clericis;
1054 3756 1165 3797 non
1214 3751 1393 3796 tamen
1447 3745 1529 3800 eis
1572 3745 1898 3814 permissum
1929 3751 2053 3815 (est,

476 3849 641 3888 aures
672 3833 849 3903 regias
876 3831 944 3888 de
972 3849 1035 3890 ea
1062 3849 1120 3889 re
1147 3834 1471 3891 obtundere.
1508 3834 1565 3890 Si
1588 3838 1712 3906 quis
1741 3852 1896 3907 ergo,
1921 3840 2054 3894 reli-

468 3934 568 3995 cto
601 3926 668 3980 ad
713 3924 978 3996 majorem
1021 3926 1294 3999 synodum
1335 3927 1512 3993 aditu,
1556 3932 2055 4005 praetermissisque

472 4018 619 4088 jurzs
640 4019 724 4073 sui
742 4033 926 4074 coram
948 4035 1010 4074 ea
1037 4020 1461 4088 allegationibus
1483 4038 1582 4088 per
1602 4023 2051 4093 appellationem,

475 4111 547 4167 de
571 4127 631 4164 ea
665 4127 724 4167 re
745 4114 1060 4183 imperatori
1086 4115 1350 4170 molestus
1377 4114 1565 4182 fuerit,
1600 4131 1708 4171 uon
1739 4117 1916 4173 solum
1945 4133 2053 4172 non

477 4204 784 4275 juvabitur,
822 4204 916 4260 sed
949 4205 1174 4276 perinde
1204 4208 1433 4262 ac‘uullo
1464 4209 1617 4263 venia
1664 4209 1882 4279 dignus,
1936 4224 2057 4264 om-

480 4315 603 4353 nem
627 4300 711 4355 sui
742 4300 886 4370 juris
925 4301 1262 4372 pr0ponendi
1290 4300 1515 4370 januam
1551 4303 1655 4359 sibi
1689 4304 1963 4368 occludet,
2003 4312 2058 4358 et

480 4407 583 4447 nec
616 4409 767 4463 spem
799 4394 1015 4463 quidem
1042 4396 1404 4450 restitutionis
1430 4396 1673 4452 habebit.
1723 4395 1931 4451 Dixerit
1962 4411 2059 4450 au-

2150 1903 2245 1957 τοῦ
2279 1902 2502 1974 πρώτου
2558 1904 2739 1957 αὐτῶν
2785 1905 2925 1977 πρὸς
2970 1904 3197 1975 βασιλέα
3241 1906 3611 1976 ἀπέρχεσθαι,
3645 1904 3745 1959 καὶ

2149 1998 2247 2059 τὰς
2275 1996 2450 2059 ἀκοὰς
2487 1995 2657 2051 αὐτοῦ
2700 1998 3081 2068 παρενοχλεῖν,
3110 1998 3208 2052 καὶ
3256 1999 3557 2068 ἀναφέρειν
3608 1997 3745 2068 περί

2148 2104 2336 2142 τινων.
2380 2088 2490 2140 Καὶ
2518 2087 2608 2141 διὰ
2647 2088 2808 2141 τοῦτο
2855 2089 2948 2141 τὸν
3002 2089 3131 2144 ἄνευ
3178 2087 3411 2157 γνώμης
3455 2086 3551 2140 τοῦ
3590 2090 3742 2141 κατὰ

2148 2178 2246 2250 τὴν
2279 2180 2615 2250 μητρόπολιν
2652 2182 2753 2250 τῆς
2779 2180 3051 2253 ἐπαρχίας
3084 2180 3387 2233 ἐπισκόπου
3418 2178 3499 2249 τῷ
3516 2180 3748 2249 ’βασιλεῖ

2150 2272 2444 2340 προσιόντα
2468 2276 2563 2326 καὶ
2593 2272 2691 2341 τῆς
2713 2272 2872 2339 ἀξίας
2897 2272 3284 2343 καθαιρεῖσθαι
3307 2273 3743 2341 προστάττουσι,

2150 2365 2249 2420 καὶ
2276 2365 2379 2436 τῆς
2404 2366 2693 2429 κοινωνίας
2722 2365 3111 2435 ἀπείργεσθαι.

2756 2458 2995 2512 ΚΑΝΩΝ
3021 2456 3121 2511 ΙΒ’.
3544 2486 3557 2497 ι

2161 2568 2182 2604 ι
2221 2551 2289 2605 Et
2327 2568 2413 2614 τις
2461 2550 2571 2605 ὑπὸ
2596 2550 2689 2606 τοῦ
2722 2550 2853 2605 ἰδίου
2880 2550 3181 2605 ἐπισκόπου
3223 2548 3570 2624 καθαιρεθεὶς
3609 2568 3748 2619 πρε-

2219 2660 2240 2696 (
2287 2641 2552 2713 σϐύτερος
2610 2643 2951 2713 ῆδιάκονος,
3002 2643 3033 2713 ἢ
3091 2645 3188 2696 καὶ
3249 2642 3563 2707 ἐπίσκοπος
3635 2645 3745 2698 ὑπὸ

2228 2756 2248 2791 ι
2294 2738 2550 2801 συνόδου,
2614 2736 2848 2808 ὀχλῆσαι
2906 2735 3202 2808 τολμήσειε
3274 2736 3375 2801 τὰς
3445 2737 3745 2807 βασιλικὰς

2222 2849 2242 2883 ι
2284 2830 2479 2894 ἀκοὰς,
2521 2830 2646 2883 δέον
2693 2829 2788 2883 ἐπὶ
2855 2829 3081 2899 μείζονα
3106 2843 3116 2854 '
3146 2829 3465 2882 ἐπισκόπων
3519 2830 3743 2884 σύνοδον

2227 2941 2246 2975 ι
2287 2921 2607 2991 τρέπεσθαι,
2643 2921 2741 2976 καὶ
2772 2920 2828 2975 νᾶ
2877 2920 3087 2993 νομίζει
3134 2919 3319 2975 δίκαια
3359 2919 3508 2989 ἔχειν
3563 2936 3743 2990 προσ·

2222 3032 2243 3069 ι
2286 3013 2580 3083 αναφέρειν
2625 3013 2871 3067 πλείοσιν
2920 3011 3260 3076 ἐπισκόποις,
3315 3013 3411 3066 καὶ.
3449 3012 3554 3084 τὴν
3605 3010 3745 3079 παρ’

2224 3127 2245 3161 ι
2289 3108 2474 3164 αὐτῶν
2516 3107 2769 3173 ἐξέτασίν
2809 3124 2872 3160 τε
2925 3108 3024 3160 καὶ
3064 3106 3348 3175 ἐπίκρισιν
3390 3103 3743 3174 ὲκδέχεσθαιο

2223 3220 2242 3255 ι
2284 3204 2333 3255 si
2362 3202 2419 3256 δὲ
2457 3202 2665 3256 τούτων
2703 3201 3051 3271 ὀλιγωρήσας
3095 3198 3406 3270 ἐνοχλήσειε
3467 3196 3553 3266 τῷ
3586 3194 3745 3265 βασι-

2220 3312 2240 3346 ι
2281 3292 2527 3359 λεί,νκαῑ
2580 3292 2771 3347 τοῦτον
2819 3291 2958 3364 μηδὲ
3005 3291 3136 3363 μιᾶς
3181 3288 3521 3358 συγγνώμης
3545 3286 3739 3353 ἀξιοῦ-

2232 3405 2252 3440 ι
2296 3386 2443 3455 σθαι,
2478 3388 2614 3458 μηδὲ
2665 3386 2851 3458 χώραν
2892 3384 3191 3452 ἀπολογίας
3241 3383 3411 3453 ἔχειν,
3455 3382 3597 3451 μηδὲ
3645 3382 3748 3433 ιλ-

2230 3499 2249 3534 (
2292 3480 2422 3534 πίδα
2452 3479 2757 3550 μελλούσης
2784 3474 3288 3537 ἀποκαταστάσεως
3334 3472 3676 3543 προσδοκᾷ-ι.
3720 3490 3742 3523 ι

2235 3573 2434 3629 ΒΔΛΣ.
2488 3572 2661 3627 Παντὶ
2728 3569 3216 3638 καταδικαζομένῳ
3272 3566 3369 3621 καὶ
3427 3564 3744 3619 ἀδικεῖσθαι

2155 3664 2393 3735 οἰομένῳ
2434 3665 2465 3733 ἡ
2515 3664 2613 3733 τῆς
2648 3663 2917 3732 ὲκκλήτου
2950 3661 3108 3729 ἐδόθη
3145 3646 3391 3730 βοήθεια.
3423 3660 3569 3729 Φησὶ
3612 3657 3747 3726 γοῦν

2156 3759 2187 3812 δ
2216 3757 2400 3813 κανὼν
2430 3757 2527 3822 ὡς,
2559 3757 2609 3810 εί
2645 3757 2741 3810 καὶ
2782 3754 3000 3824 ἐνεδόθη
3032 3752 3190 3807 τοῦτο
3234 3753 3348 3815 τοῖς
3391 3752 3744 3815 ἐπισκόποις,

2158 3852 2424 3915 ὡσαύτως
2470 3852 2566 3905 καὶ
2602 3852 2718 3913 τοῖς
2757 3850 3069 3920 κληρικοῖς,
3116 3847 3231 3901 ἀλλ’
3275 3847 3375 3901 οὒκ
3422 3846 3744 3918 ἔξεχωρήθη

2160 3946 2258 3999 καὶ
2285 3944 2385 4008 τὰς
2405 3943 2692 4013 βασιλικὰς
2716 3943 2886 4006 ἀκοάς
2906 3940 3074 4011 χάριν
3099 3940 3294 3995 τούτου
3326 3940 3529 4009 όχλείν.
3562 3939 3631 3990 Et
3657 3955 3744 4001 τις

2158 4037 2252 4091 οὖν
2290 4033 2610 4090 καταλιπὼν
2649 4034 2712 4087 τὸ
2764 4032 3084 4103 προσελθεῖν
3130 4032 3342 4103 μείζονι
3398 4032 3613 4102 συνόδῳ
3654 4032 3750 4084 καὶ

2160 4128 2448 4198 γυμνάσαι
2482 4127 2582 4190 τὰς
2608 4124 2827 4187 δικαίας
2871 4124 3244 4192 δικαιολογίας
3272 4128 3417 4178 κατὰ
3448 4123 3618 4191 λόγον
3650 4125 3748 4176 ἑκ-

2161 4219 2390 4288 κλήτου,
2415 4217 2638 4289 όχλήσει
2671 4216 2900 4287 βασιλέα
2928 4217 3060 4288 περὶ
3089 4216 3309 4283 τούτου,
3344 4217 3407 4271 οὐ
3444 4217 3609 4286 μόνον
3640 4218 3745 4268 οὐκ

2160 4312 2598 4383 ὠφεληθήσεται,
2634 4310 2751 4365 ἀλλ’
2778 4312 2855 4374 ὡς
2892 4310 3167 4381 μηδεμιᾶς
3200 4307 3535 4378 συγγνώμης
3561 4306 3753 4371 ἀξιού-

2163 4422 2363 4475 μενος,
2417 4405 2600 4458 πᾶσαν
2646 4402 2821 4475 θύραν
2871 4402 3080 4463 οίκείας
3140 4400 3510 4467 δικαιολογίας
3570 4398 3751 4465 ἑαυτῷ

484 4494 590 4538 tem
659 4486 970 4554 quispiam;
1007 4484 1142 4540 Cum
1190 4501 1369 4541 canon
1417 4487 1563 4542 dicat
1609 4486 1890 4553 depositos
1944 4502 2051 4541 non

2180 4494 2514 4565 ιπιζυγώσει,
2548 4497 2638 4551 καὶ
2667 4495 2791 4549 οὐδὲ
2828 4494 3016 4548 ἐλπίδα
3072 4494 3183 4558 ἕξει
3219 4492 3746 4552 ἀποκαταστάσεως.

483 4574 680 4629 debere
717 4576 781 4630 ad
818 4575 1200 4645 imperatorem
1226 4577 1508 4645 accedere,
1544 4579 1638 4633 sed
1684 4578 1751 4633 ad
1795 4580 2057 4649 majorem

481 4669 777 4739 synodum,
810 4678 869 4723 ut
908 4670 977 4733 is,
1007 4671 1097 4738 qui
1123 4669 1260 4729 forte
1294 4671 1362 4725 ab
1400 4670 1678 4741 Ephesiuo
1708 4672 1790 4727 vel
1829 4671 2056 4728 Thessa-

482 4762 748 4818 lonicensi
770 4764 1053 4832 depositus
1087 4772 1193 4827 est,
1229 4764 1295 4818 ad
1341 4766 1711 4834 patriarciiam
1763 4767 2056 4823 universa-

480 4856 648 4912 snlem
674 4865 820 4911 recte
839 4859 1095 4915 accedere
1114 4867 1377 4929 cogetur:
1406 4861 1499 4931 qui
1523 4877 1650 4917 vero
1676 4876 1704 4916 a
1747 4862 2060 4932 patriarcha

482 4948 882 5005 condemnatus
928 4958 1034 5012 est,
1075 4965 1200 5004 cum
1248 4965 1357 5005 non
1391 4951 1587 5008 habeat
1623 4968 1732 5021 quo
1754 4938 2059 5022 confugiat,

487 5039 551 5092 ad
577 5039 959 5109 imperatorem
992 5044 1282 5109 accedens,
1317 5045 1595 5114 punietur,
1621 5060 1690 5099 an
1726 5046 1874 5100 non?
1904 5044 2059 5101 Solu-

482 5133 579 5189 ιῐο.
614 5130 869 5187 Nonnulli
907 5133 1186 5200 dicebant,
1228 5138 1282 5188 in
1313 5150 1501 5190 eorum
1528 5151 1742 5207 quoque
1763 5138 2063 5193 sententias

482 5225 665 5280 locum
702 5225 903 5280 habere
935 5241 1021 5291 ea,
1062 5243 1185 5295 quae
1220 5243 1249 5282 a
1277 5243 1488 5283 canone
1522 5229 1805 5293 dicuntur,
1833 5241 2065 5300 excepto

489 5319 806 5381 universali,
853 5321 1110 5389 quoniam
1159 5320 1639 5393 llierosolymitani
1688 5323 1956 5378 sententia
1996 5322 2063 5378 ab

487 5410 829 5465 Αηιίοι·Ιιρηο
864 5413 1217 5481 dijudicetur,
1248 5423 1302 5468 et
1358 5414 1683 5470 Antiocheui
1724 5417 1795 5470 ab
1830 5416 2067 5471 Alexan-

485 5500 667 5567 drino,
700 5510 753 5555 et
780 5503 861 5556 sic
888 5502 1146 5569 deinceps
1176 5504 1478 5560 secundum
1510 5508 1768 5578 majorem
1795 5511 2060 5564 uniuscu-

483 5592 684 5664 jusque
730 5594 1001 5649 Ordincm.
1051 5593 1178 5649 Mihi
1222 5606 1403 5652 autem
1453 5599 1665 5655 videtur
1713 5616 1888 5657 canon
1942 5616 2065 5660 esse

486 5687 670 5740 editus
724 5695 950 5756 propter
988 5686 1288 5743 sententias
1325 5688 1557 5745 aliorum
1590 5693 1971 5761 episc0porom
2011 5702 2066 5749 et

495 5775 1051 5846 metropolitanorum,
1070 5766 1182 5832 non
1202 5780 1364 5835 etiam
1386 5782 1843 5851 patriarcharum.
1864 5782 2065 5845 Eorum

493 5867 639 5922 enim
683 5868 965 5926 sententiae
1002 5872 1349 5942 appellationi
1395 5888 1507 5929 non
1566 5874 2063 5949 subjiciuntur._Et

2169 4590 2329 4643 Είποι
2377 4588 2434 4643 δέ
2475 4606 2561 4651 τις
2595 4588 2691 4655 ὡς,
2728 4587 2822 4641 τοῦ
2854 4588 3077 4649 κανόνος
3108 4585 3363 4654 λέγοντος
3400 4584 3474 4654 μὴ
3510 4583 3751 4651 τιροσέρ⁸

2165 4679 2357 4752 χεσθαι
2388 4680 2480 4732 τὸν
2514 4678 2913 4749 καθαιρεθέντα
2956 4678 3191 4746 βασιλεῖ,
3238 4676 3377 4729 ἀλλὰ
3416 4674 3634 4745 μείζονι
3664 4691 3752 4725 συο

2164 4772 2320 4841 νόδῳ,
2354 4772 2383 4825 ό
2429 4771 2528 4841 μὲν
2575 4770 2925 4837 καθαιρεθεὶς
2968 4770 3075 4822 sua
3107 4769 3201 4822 τοῦ
3243 4768 3475 4835 Ἐφέσου
3527 4765 3747 4835 τυχὸνῆ

2166 4866 2260 4917 τοῦ
2290 4863 2692 4931 Θεσσαλονίκης
2708 4863 2785 4932 τῷ
2811 4861 3204 4931 οίκουμενικῷ,
3243 4860 3565 4930 πατριάρχῃ
3595 4859 3749 4911 silo-

2163 4970 2279 5023 γως
2313 4952 2633 5026 προσελθεῖν
2659 4952 3163 5023 ἁναγκασθήσεταισ
3193 4952 3221 5004 ό
3249 4951 3306 5004 δὲ
3334 4949 3441 5003 ὑπὸ
3469 4949 3749 5019 πατριάρ-

2166 5065 2262 5118 χου
2320 5047 2741 5110 καταδικασθεὶς
2794 5046 2872 5117 μὴ
2913 5044 3058 5116 ἔχων
3108 5044 3249 5098 ὅπου
3302 5042 3627 5113 προσερύγῃ,
3672 5038 3750 5110 τῷ

2167 5138 2378 5210 βασιλεί
2418 5139 2854 5209 προσερχόμενος
2876 5137 3296 5207 κολασθήσεται,
3330 5135 3362 5206 ἦ
3392 5134 3489 5198 οὓς
3534 5134 3746 5196 Λῦσις.

2168 5232 2325 5293 Τινὲς
2354 5230 2451 5301 μὲν
2475 5231 2627 5285 εἶπον
2653 5232 2745 5284 καὶ
2771 5230 2849 5292 είς
2871 5228 2971 5293 τὰς
2996 5228 3304 5296 ἀποφάσεις
3331 5226 3540 5281 τούτων
3563 5225 3750 5294 χώραν

2172 5320 2316 5392 ἔχειν
2345 5322 2412 5374 τὰ
2438 5322 2533 5375 τοῦ
2569 5322 2799 5385 κανόνος
2826 5323 2954 5375 ἄνευ
3000 5320 3094 5373 τοῦ
3127 5318 3540 5389 οίκουμενικοῦ,
3568 5318 3661 5370 διὰ
3690 5318 3751 5368 τὺ

2169 5413 2268 5484 τὴν
2290 5412 2392 5467 τοῦ
2435 5412 2826 5485 Ἱεροσολύμων
2858 5411 3133 5481 ἀπόφασιν
3164 5410 3559 5481 ἁνακρίνεσθαι
3600 5408 3750 5475 παρὰ

2168 5504 2263 5558 τοῦ
2305 5502 2660 5576 Ἀντιοχείας,
2698 5506 2789 5558 καὶ
2822 5504 2922 5574 τὴν
2948 5503 3043 5556 τοῦ
3100 5503 3417 5574 Αντιοχείας
3464 5501 3621 5571 παρὰ
3654 5499 3745 5553 τοῦ

2182 5595 2615 5667 Ἀλεξανδρείας,
2644 5596 2740 5649 καὶ
2771 5594 2970 5664 ἑφεξῆς
3016 5595 3161 5648 κατὰ
3193 5594 3295 5663 τὴν
3336 5593 3566 5662 μείζονα
3595 5591 3749 5655 τάξιν

2169 5688 2401 5742 ἑκάστου
2435 5687 2645 5741 αὐτῶν*
2683 5687 2808 5757 ἐμοὶ
2852 5686 2910 5739 δὲ
2944 5685 3095 5739 δοκεῖ
3131 5686 3224 5739 τὸν
3257 5686 3461 5739 κανόνα
3502 5686 3744 5753 ἐκφωνη-

2172 5780 2335 5851 θῆναι
2361 5780 2450 5834 διὰ
2482 5779 2582 5845 τὰς
2612 5777 2924 5850 ἀποφάσεις
2956 5778 3066 5832 τῶν
3096 5777 3272 5832 ἄλλων
3302 5777 3623 5831 ἐπισκόπων
3654 5776 3743 5828 καὶ

2172 5874 2281 5929 τῶν
2336 5872 2772 5947 μηψοπολιτῶν,
2802 5870 2864 5927 ού
2918 5869 3024 5944 μὴν
3071 5869 3165 5927 καὶ
3210 5867 3320 5925 τῶν
3361 5868 3740 5941 πατριαρχῶν.
