3990 6482
420 322 551 384 1311

1679 318 1955 382 ἸἮΕΟΙ).
2002 320 2091 379 ΒΑ
2104 320 2399 381 LSAMON

3539 318 3681 387 1312

415 434 497 488 eis
526 433 740 503 penitus
771 432 1168 489 occludendum
1195 451 1215 489 ιη
1248 432 1317 489 ab
1343 448 1411 490 eo
1432 444 1616 489 autem
1649 433 1717 490 de
1744 434 1834 498 iis.
1866 447 1986 504 quae
2017 437 2036 490 Δ

2128 435 2254 491 ,ίνου
2291 435 2672 506 μεγαλειότητι
2719 433 3135 506 ἀνακρίνεσθαι.
3167 429 3301 489 Εἶτα
3326 433 3384 490 δὲ
3421 439 3521 492 καί⁸
3571 438 3675 510 τὴν

419 527 488 583 ab
526 529 619 582 illo
653 528 807 582 facta:
840 535 970 582 sunt
998 528 1496 599 supernumerariis
1528 528 1989 596 ordinationibus,

2095 523 2571 595 καταστρωθεῖσαν
2596 524 2817 595 Νεαρὰν
2861 525 2956 579 τοῦ
3004 525 3386 581 Ἰουστινιανοῦ
3440 530 3524 592 εἰς
3572 528 3677 599 τὴν

421 620 691 675 rationem
730 619 896 690 exigi,
922 634 1031 674 non
1074 620 1371 675 introducit
1407 621 1529 691 ejus
1555 620 1893 689 judiciorum
1925 620 1995 677 de

2128 612 2189 667 οὗ
2236 614 2504 685 παρόντος
2547 615 2771 678 κανόνος
2820 615 3145 686 ἑρμηνείαν,
3172 616 3269 670 καὶ
3290 617 3680 688 διοριζομένην

421 711 633 784 integro
660 713 1149 768 examinationem.
1173 712 1313 768 Illud
1355 713 1504 769 enim
1532 720 1617 770 est
1644 713 1849 768 factum
1878 728 1999 782 pro-

425 806 605 877 prium
635 822 649 860 :
677 807 782 861 hoc
821 820 974 870 vero,
1004 804 1153 860 sedis
1183 803 1555 875 privilegium.
1591 803 1862 872 Quoniam
1893 801 1996 873 igi-

425 908 517 954 tur
541 906 806 953 statutum
849 906 952 963 est,
982 895 1193 951 nullum
1222 911 1320 969 per
1339 896 1504 951 alium
1536 895 1738 966 injuria
1763 893 2002 951 adicien-

423 989 579 1056 dum,
654 988 769 1056 ipse
832 987 1051 1056 quidem
1104 986 1172 1041 ab
1224 985 1551 1056 imperatore
1595 984 1690 1055 qui
1744 981 2001 1069 Ecclesia:

424 1080 591 1134 habet
640 1078 928 1147 potestatis
976 1076 1285 1141 scientiam,
1345 1074 1711 1147 judicabitur,
1763 1072 1905 1130 forte
1944 1081 2001 1128 ut

425 1168 727 1233 sacrilegus
768 1167 849 1221 vel
882 1166 1024 1222 male
1071 1166 1137 1221 de
1171 1164 1276 1222 ﬁde
1324 1168 1603 1233 sentiens,
1639 1164 1727 1220 vel
1762 1164 2000 1236 alicujus

426 1260 565 1313 alius
588 1260 835 1314 criminis
856 1274 1004 1315 reus.
1040 1256 1154 1314 Hoc
1172 1257 1317 1313 enim
1342 1257 1792 1329 nosjudicialiter
1818 1268 1999 1312 actum

426 1366 550 1405 esse
589 1351 830 1405 vidimus
856 1351 1089 1407 diversis
1117 1351 1481 1421 temporibus,
1508 1351 1631 1420 ejus
1652 1357 1834 1405 autem
1853 1349 2007 1420 judi-

429 1444 569 1496 cium
623 1442 677 1496 in
723 1443 1180 1514 disceptationem
1223 1460 1331 1499 non
1374 1444 1645 1511 revocari,
1681 1459 1782 1500 nec
1831 1442 1898 1499 de
1938 1459 2006 1500 eo

430 1534 571 1590 ratio
621 1535 886 1606 postulari
931 1536 1091 1592 debet
1120 1545 1343 1607 propter
1394 1538 1542 1594 sedis
1599 1538 2006 1594 excellentiam.

431 1626 568 1692 Quia
593 1643 722 1683 vero
751 1628 1013 1684 adversus
1044 1628 1189 1684 hanc
1214 1629 1497 1685 Novellam
1529 1630 1748 1701 quidam
1786 1646 2009 1702 perver-

439 1734 559 1773 sam
628 1719 873 1790 linguam
914 1720 1293 1792 immitemque
1342 1732 1639 1788 exacuunt,
1693 1731 1747 1778 et
1791 1722 2005 1786 dicunt,

2100 706 2306 777 μηδένα
2352 705 2655 775 ἀντιλέγειν
2706 705 2849 763 κατά
2875 708 2975 777 τῆς
3013 709 3422 779 πατριαρχικῆς
3468 708 3677 777 ψήφου,

2097 799 2290 871 ἀρκεῖν
2336 800 2417 863 εἰς
2468 798 2708 869 παντελῆ
2768 799 2972 855 τούτων
3019 801 3460 871 εειτισετομιετμόν⁸
3510 800 3573 854 τδ
3614 800 3680 853 δὲ

2097 888 2560 961 λογοπραγεῐσθαι
2600 888 2791 944 τοῦτον
2821 890 2984 960 χάριν
3011 889 3122 944 τῶν
3168 891 3301 961 παρ’
3328 890 3497 943 αὐτοῦ
3525 908 3681 959 τινος

2103 983 2283 1055 μένων
2325 981 2741 1054 ύπεραριθμίων
2778 983 3129 1054 χειροτονιῶν
3178 984 3279 1036 οῦκ
3326 983 3545 1049 εἰσάγει
3583 984 3681 1036 καὶ

2100 1074 2210 1129 τῶν
2234 1074 2472 1147 κρίσεων
2499 1072 2690 1129 τούτου
2723 1074 3032 1145 ἀνάκρισιν.
3064 1074 3138 1127 Τδ
3187 1074 3285 1145 μὲν
3313 1076 3424 1144 γάρ
3470 1073 3683 1141 φάκτον

2101 1165 2301 1221 οἰκεῖόν
2334 1167 2471 1233 ἐστι,
2519 1166 2580 1220 τὸ
2606 1166 2665 1220 δὲ
2711 1166 2807 1221 τοῦ
2835 1168 3029 1237 θρόνου
3062 1168 3386 1239 προνόμιον.
3419 1168 3548 1220 Ὅτι
3586 1163 3687 1220 οὖν

2102 1257 2415 1327 νενόμισται
2442 1257 2647 1329 μηδένα
2680 1258 2749 1312 δι’
2794 1258 2983 1330 ἑτέρου
3013 1259 3342 1325 ἀδικεῖσθαι,
3376 1260 3541 1322 αὐτὸς
3577 1261 3683 1329 μὲν

2105 1349 2257 1419 ποιρά
2288 1350 2363 1422 τῷ
2391 1351 2843 1425 ἐπιστημονάρχῃ
2865 1355 2965 1424 τῆς
3001 1352 3329 1421 Ἑκκλησίας
3356 1354 3436 1422 τῷ
3466 1353 3687 1423 βασιλεῖ

2107 1442 2449 1515 κριθήσεται,
2476 1444 2561 1509 ὡς
2598 1443 2874 1515 ἱερόσυλος
2915 1445 3077 1515 τυχὸν
3109 1445 3143 1516 ἢ
3179 1445 3510 1515 ἑτερόδοξος,
3538 1444 3573 1516 ἢ
3609 1447 3691 1508 ὡς

2106 1536 2295 1608 ἕτερόν
2317 1554 2372 1590 τι
2400 1535 2762 1608 ἠμαρτηκώς.
2797 1536 3026 1605 Ετδομεν
3070 1537 3181 1608 γάρ
3229 1538 3391 1592 τοῦτο
3416 1540 3511 1592 καὶ
3542 1556 3688 1609 πρα-

2108 1628 2395 1698 γματικῶς
2442 1627 2667 1697 γεγονὸς
2710 1626 2850 1697 μετά
2900 1628 3191 1700 διαφόρους
3243 1628 3492 1700 καιρούς.
3520 1630 3597 1683 Τὸ
3628 1630 3692 1682 δὲ

2109 1721 2458 1793 δικαστήριον
2481 1720 2647 1776 αὐτοῦ
2677 1721 3091 1792 ἀλογόπρακτον
3131 1721 3285 1777 ἔσται
3329 1723 3417 1776 διὰ
3454 1724 3560 1791 τὴν
3585 1722 3687 1776 τοῦ

435 1818 569 1864 tunc
617 1826 726 1865 non
786 1826 950 1880 posse
1011 1813 1336 1882 patriarchas
1396 1813 1610 1883 judicio
1670 1814 2003 1879 contradici,

2128 1791 2651 1884 ἰρόνουνύπεροχήν.
2707 1814 2862 1868 Ἐπεὶ
2893 1791 2978 1868 δέ
3030 1830 3179 1875 τινες
3234 1816 3330 1868 καὶ
3386 1816 3532 1869 κατά
3583 1815 3693 1883 τῆς

434 1900 657 1971 quando
682 1903 991 1972 patriarcha
1020 1903 1172 1958 audit
1202 1921 1299 1975 per
1330 1905 1748 1975 appellationem
1774 1907 1994 1963 antisti-

440 1994 510 2047 tis
558 1995 911 2059 sententiam,
947 2010 1012 2051 eo
1043 1997 1186 2066 quod
1233 1997 1369 2051 nolit
1420 1997 1641 2052 Novella
1686 2012 1908 2053 causam
1952 1998 2006 2054 in

438 2083 654 2139 duobus
681 2085 906 2155 judiciis
950 2088 1211 2159 agitatam
1254 2088 1318 2144 ad
1346 2090 1566 2144 tertium
1616 2090 1844 2157 deduci;
1902 2106 2011 2146 non

438 2185 617 2230 autem
665 2178 880 2247 quando
946 2181 1125 2248 primo
1182 2180 1300 2235 loco
1362 2180 1607 2251 judicat,
1661 2189 1721 2238 et
1779 2183 2013 2237 maxime

439 2267 611 2322 laicos
648 2284 660 2321 :
685 2268 831 2332 dico,
860 2284 945 2324 me
976 2287 1135 2340 posse
1154 2271 1371 2341 quidem
1396 2273 1562 2328 multa
1587 2274 1650 2328 ad
1675 2274 1789 2330 haec
1808 2275 2011 2345 dicere,

440 2369 493 2412 ct
533 2359 822 2415 ostendere
875 2361 1026 2431 ipsos
1077 2378 1185 2418 non
1224 2372 1371 2419 recte
1399 2364 1601 2421 dicere.
1636 2364 1776 2432 Quia
1831 2378 2012 2421 autem

444 2465 618 2504 (anon
650 2451 683 2504 4
737 2451 1084 2509 Sardicensis
1114 2455 1306 2527 synodi
1335 2456 1583 2511 decernit
1625 2458 1788 2512 licere
1815 2458 1887 2523 ei,
1919 2459 2011 2530 qui

441 2548 528 2595 est
553 2542 976 2606 condemnatus,
1010 2544 1095 2598 bis
1136 2546 1434 2616 appellare,
1471 2557 1534 2602 ut
1584 2548 1839 2604 ultimum
1866 2549 2017 2620 judi-

442 2633 587 2686 cium
624 2632 739 2688 iieri
770 2650 796 2688 a
824 2650 956 2705 papa
981 2635 1232 2692 Romano
1269 2655 1285 2694 :
1329 2654 1436 2694 non
1474 2642 1607 2695 sinit
1652 2641 1755 2697 hoc
1780 2643 1860 2699 eis
1894 2658 2017 2712 pro-

443 2720 660 2777 cedere.
692 2724 809 2779 Alia
835 2726 1053 2797 quidem
1088 2730 1478 2800 praetermitto;
1506 2731 1611 2787 hoc
1651 2741 1829 2787 autem
1868 2732 2011 2800 dico,

444 2815 590 2883 quod
622 2817 881 2885 quoniam
920 2819 1094 2873 sancti
1123 2818 1469 2877 Constantini
1508 2822 1785 2878 decretum
1825 2826 1891 2878 ad
1917 2840 2016 2895 pa-

443 2919 567 2975 pam
604 2904 932 2962 Silvestrum
982 2908 1208 2979 factum,
1251 2927 1278 2965 a
1323 2914 1481 2969 nobis
1512 2914 1565 2969 in
1595 2930 1715 2985 cap.
1768 2916 1822 2982 1,
1868 2917 1954 2971 tit.
1985 2914 2019 2971 8

444 2999 734 3067 prmsentis
760 3001 944 3069 operis
976 3002 1435 3072 interpretatione
1474 3004 1639 3060 situm
1674 3007 1887 3068 statuit,
1918 3021 2019 3079 pa-

448 3104 571 3159 pam
591 3088 793 3146 habere
819 3094 1002 3147 omnia
1025 3092 1152 3163 jura
1207 3094 1509 3166 imperialia
1562 3096 1801 3150 secunda
1837 3106 2016 3151 autem

451 3182 776 3238 universalis
809 3184 1049 3255 synodus
1082 3198 1135 3241 et
1166 3195 1361 3257 quarta
1394 3187 1663 3244 dederunt
1698 3190 2023 3261 ptariarcha:

451 3269 1069 3347 Constantinopolitano
1100 3281 1383 3351 privilegia
1418 3295 1569 3352 papae
1609 3291 1663 3336 et
1693 3290 2024 3349 statuerunt,

453 3375 532 3431 ut,
565 3370 1028 3435 quemadmodum
1066 3381 1118 3426 et
1146 3372 1259 3438 ille,
1295 3374 1348 3427 in
1385 3374 1642 3430 omnibus
1682 3374 2025 3449 honoretur:

454 3461 769 3516 necessario
797 3463 850 3517 in
890 3464 1012 3534 ejus
1040 3468 1365 3521 sententiam
1398 3468 1690 3538 appellatio
1720 3485 1829 3523 non
1858 3472 2023 3537 cadit;

454 3554 915 3622 quemadmodum
966 3555 1128 3629 M3
1179 3573 1276 3613 nec
1319 3557 1385 3613 de
1419 3558 1685 3629 imperiali
1763 3562 2029 3617 sententia

458 3644 746 3712 quaeritur.
780 3644 1075 3718 Propterea
1120 3649 1286 3717 enim,
1313 3657 1371 3704 ut
1410 3660 1492 3705 est
1516 3660 2033 3717 consentaneum,et

459 3736 742 3806 synodalia
775 3739 951 3794 edicta
989 3744 1162 3796 instar
1207 3742 1614 3817 privilegiornm
1644 3744 1903 3815 regalium
1921 3744 2034 3801 edi-

460 3838 677 3883 ctorum
707 3830 1051 3887 emittuntur.
1091 3832 1226 3891 Cum
1256 3834 1359 3890 hoc
1394 3844 1576 3891 autem
1605 3836 1679 3890 ita
1718 3851 1777 3892 se
1812 3836 2031 3905 habeat,

466 3922 689 3990 reliquae
726 3938 943 3993 quoque
984 3939 1175 3982 eorum
1218 3936 1439 3983 cessant
1480 3928 1859 3999 allegationes.
1894 3928 2030 3984 Nam

465 4012 581 4066 sive
610 4015 843 4070 clericos
881 4018 995 4072 sive
1020 4008 1187 4074 laicos
1211 4017 1540 4090 judicaverit
1570 4020 1900 4091 patriarcha,
1924 4022 2037 4078 sive

468 4104 662 4159 laicnm
697 4123 819 4162 cum
851 4109 1075 4174 clerico,
1116 4112 1231 4167 sive
1274 4112 1432 4183 jussu
1491 4112 1870 4182 imperatorio,
1921 4113 2038 4169 sive

460 4197 587 4266 jure
623 4203 865 4270 proprio,
911 4204 1025 4260 sive
1058 4220 1181 4260 cum
1216 4205 1531 4276 conjudice,
1564 4205 1678 4262 sive
1727 4209 1903 4272 solus,
1934 4207 2041 4262 erit

469 4310 797 4363 quacunque
826 4296 1237 4353 examinatione
1262 4308 1317 4352 et
1355 4298 1698 4367 judicatione
1733 4299 1985 4368 superior
2018 4316 2035 4365 ;

467 4395 520 4440 et
549 4386 638 4456 qui
673 4401 841 4443 ausus
860 4386 1022 4443 fuerit
1052 4389 1119 4443 ad
1155 4391 1542 4460 imperatorem
1570 4391 1867 4462 appellare,
1894 4402 1954 4447 ut
1978 4393 2042 4448 de

2113 1903 2372 1977 τοιαύτης
2403 1905 2624 1977 Νεαρᾶς
2664 1904 2950 1970 δπλίζουσι
3015 1905 3263 1974 γλῶτταν
3317 1906 3541 1961 σκολιὰν
3596 1907 3698 1960 καὶ

2115 1998 2425 2066 ἀτίθασσον,
2462 2000 2556 2053 καὶ
2587 1998 2805 2066 λέγουσι
2847 2000 2968 2054 τότε
3000 2000 3077 2070 μὴ
3112 1999 3371 2054 δύνασθαι
3402 2001 3497 2053 τὸν
3530 1999 3693 2070 παρὰ

2115 2090 2431 2161 πατριάρχῃ
2459 2088 2823 2159 δικασάμενον
2846 2088 3171 2158 ἀντιλέγειν,
3199 2091 3287 2144 ὅτε
3329 2091 3453 2145 κατ’
3480 2090 3695 2161 ἔκκλη-

2116 2199 2208 2235 τον
2251 2183 2278 2235 6
2303 2180 2648 2251 πατριάρχης
2698 2181 2965 2247 ἀκροᾶται
3006 2180 3106 2249 τῆς
3147 2181 3429 2250 ἱερατικῆς
3467 2181 3695 2249 ἀποφάσ-

2121 2290 2279 2339 σεως,
2309 2272 2397 2325 διά
2425 2272 2487 2325 τὸ
2538 2271 2614 2342 μὴ
2657 2270 2863 2326 ἐθέλειν
2917 2271 3018 2341 τὴν
3055 2271 3273 2341 Νεαρὰν
3325 2271 3421 2342 τὴν
3476 2272 3559 2333 εἰς
3604 2270 3701 2324 δύο

2118 2366 2450 2437 δικαστήρια
2506 2364 2837 2435 ζτπηθείσαν
2893 2363 3186 2429 ὑπόθεσιν,
3239 2364 3335 2417 καὶ
3375 2366 3455 2426 εἰς
3508 2361 3703 2432 τρίτον

2119 2460 2464 2529 εἰσάγεσθαι,
2498 2458 2561 2513 ού
2608 2458 2714 2529 μὴν
2767 2459 2896 2512 ὅταν
2944 2459 3319 2529 πρωτοτύπως
3369 2455 3571 2529 δικάζῃ
3606 2456 3702 2508 καὶ

2124 2552 2360 2623 μάλιστα
2402 2549 2652 2615 λαῖκούς·
2704 2549 2848 2617 λέγω
2898 2551 2982 2605 ὅτι
3032 2546 3177 2621 εἶχον
3222 2549 3323 2618 μὲν
3360 2547 3499 2616 πρὸς
3536 2546 3703 2600 τοῦτο

2123 2642 2294 2699 πολλὰ
2344 2643 2536 2708 εἰπεῖν,
2574 2641 2670 2696 καὶ
2723 2643 3072 2714 παραστῆσαι
3128 2641 3330 2704 αὐτοὺς
3382 2638 3459 2710 μὴ
3516 2638 3704 2700 καλῶς

2121 2736 2337 2806 λέγειν’
2373 2739 2455 2792 ὅτι
2491 2737 2549 2791 δὲ
2572 2738 2601 2791 6
2639 2738 2681 2791 δ’
2721 2734 2903 2791 κανὼν
2945 2735 3046 2803 τῆς
3092 2733 3151 2787 ἑν
3183 2732 3418 2803 Σαρδικῇ
3474 2729 3701 2783 συνόδου

2122 2830 2417 2904 διορίζεται
2443 2830 2592 2902 ἔχειν
2635 2832 2726 2885 ἄπ’
2762 2830 2948 2892 ἀδείας
2977 2827 3070 2883 τὸν
3102 2823 3585 2881 καταδικασθέντα
3618 2822 3703 2885 δὶς

2123 2925 2495 2990 ἐκκαλεῖσθαι,
2538 2925 2635 2979 καὶ
2685 2923 2785 2995 τὴν
2841 2920 3156 2977 τελευταίαν
3212 2919 3395 2990 κρίσιν
3442 2915 3702 2985 γίνεσθαι

2125 3020 2279 3091 παρά
2305 3020 2400 3075 τοῦ
2442 3018 2646 3073 πάππα
2693 3017 2791 3087 τῆς
2835 3014 3077 3085 Ῥώμης,
3108 3015 3169 3068 ού
3219 3012 3548 3083 παραχωρεῖ
3576 3013 3705 3063 τού-

2047 3145 2091 3204 c
2126 3129 2239 3176 τοις
2273 3111 2499 3165 τοιαῦτα
2553 3110 2886 3204 προτιθέναι.
2938 3107 3020 3204 Τά
3239 3104 3377 3204 ἄλλα
3433 3103 3707 3204 παρίημι,

2121 3205 2269 3275 λέγω
2304 3204 2362 3259 δὲ
2412 3204 2515 3270 ὅτι,
2543 3203 2665 3256 ἐπεὶ
2693 3201 2753 3255 τὸ
2795 3200 2895 3270 μὲν
2928 3198 3022 3253 τοῦ
3069 3198 3230 3267 άγίου
3281 3194 3703 3251 Κωνσταντίνου

2124 3296 2404 3366 θέσπισμα
2449 3295 2511 3348 τὸ
2564 3293 2702 3363 πρὸς
2750 3293 2841 3347 τὸν
2889 3292 3044 3361 ἆγιον
3091 3289 3415 3361 Σίλὸεστρον
3446 3286 3700 3355 γεγονὸς,

2128 3386 2524 3461 καταστρωθὶν
2575 3385 2707 3457 παρ’
2750 3384 2911 3455 ἡμῶν
2964 3385 3045 3446 εἰς
3095 3382 3195 3453 τὴν
3247 3378 3551 3452 ἑρμηνείαν
3610 3378 3708 3433 τοῦ

2128 3482 2348 3554 πρώτου
2377 3497 2504 3550 κεφ.
2535 3478 2631 3534 τοῦ
2653 3486 2702 3550 η’
2733 3478 2915 3533 τίτλου
2941 3476 3036 3531 τοῦ
3068 3476 3339 3546 παρόντος
3378 3472 3700 3541 συντάγμα-

2128 3591 2242 3641 τος,
2272 3573 2564 3644 διορίζεται
2598 3571 2742 3642 εχειν
2765 3570 2856 3625 τὸν
2884 3571 3120 3624 πάππαν
3146 3566 3323 3622 πάντα
3346 3567 3413 3621 τά
3441 3564 3703 3635 βασιλικά

2131 3667 2353 3721 δίκαια·
2386 3666 2419 3737 ἡ
2448 3665 2505 3719 δὲ
2552 3664 2783 3735 δευτίρα
2837 3661 3190 3733 οἰκουμενικὴ
3247 3659 3467 3721 σύνοδος
3522 3657 3622 3711 καὶ
3672 3658 3706 3727 ἡ

2132 3758 2364 3828 τετάρτη
2414 3754 2677 3810 δεδώκασι
2718 3754 2795 3825 τῷ
2840 3754 3152 3825 πατριάρχῃ
3186 3750 3711 3807 Κωνσταντινουπό-

2134 3847 2269 3910 λεως
2319 3846 2392 3900 τά
2436 3844 2708 3915 προνόμια
2757 3843 2853 3898 τοῦ
2911 3843 3132 3907 πάππα,
3179 3841 3272 3895 καὶ
3324 3840 3537 3910 ὥρισαν
3590 3837 3714 3891 κατ’

2135 3934 2346 3995 ἐκεῖνον
2394 3937 2486 3990 tut
2533 3936 2702 3990 πᾶσιν
2748 3933 3044 4006 τιμᾶσθαιο
3087 3932 3148 3999 ἐξ
3180 3931 3432 3999 ἀνάγκης
3462 3929 3716 3998 ἐκκλήτῳ

2138 4032 2234 4101 ούχ
2253 4030 2505 4101 ὑποπέσῃ
2547 4029 2580 4099 ἡ
2631 4026 2822 4082 τούτου
2864 4026 3160 4094 ἀπόφασις,
3189 4024 3379 4093 ὥσπερ
3404 4021 3527 4074 οὐδὲ
3552 4022 3586 4091 ἡ
3619 4019 3721 4090 βαο

2142 4119 2327 4191 σιλικὴ
2374 4119 2651 4188 ἀπόφασις
2700 4115 3073 4187 ἀνακρίνεται.
3118 4114 3216 4168 Διά
3259 4112 3371 4183 γάρ
3419 4110 3601 4191 τοῇο,
3643 4108 3721 4173 ὡς

2142 4213 2312 4277 ἔοικε,
2337 4212 2433 4267 καὶ
2452 4212 2521 4265 τά
2574 4210 2826 4265 συνοδικά
2872 4207 3240 4280 σημειώματα
3273 4207 3417 4260 κατὰ
3474 4205 3543 4258 τά
3582 4219 3725 4273 προ·

2143 4305 2307 4375 νόμια
2370 4303 2478 4356 τῶν
2533 4300 2826 4373 βασιλικῶν
2891 4300 3297 4370 σημειωμάτων
3359 4295 3717 4350 ἀπολύονται.

2146 4397 2350 4450 Τούτου
2382 4394 2441 4450 δὲ
2476 4393 2652 4457 οὕτως
2703 4394 2942 4464 εχοντος,
2976 4392 3193 4454 πάντως
3239 4387 3591 4459 ἀπρακτοῦῇ
3626 4386 3722 4439 καὶ

474 4481 805 4550 patriarchae
827 4483 1099 4537 sententia
1122 4498 1312 4539 rursus
1330 4482 1624 4551 iudicetur.
1650 4485 1753 4538 erit
1784 4484 2036 4553 prmsenti

2147 4488 2216 4543 τά
2244 4487 2409 4543 λοιπά
2444 4485 2932 4555 δικαιολογήματα.
2976 4483 3095 4537 Κᾶν
3140 4481 3251 4549 γὰρ
3296 4477 3607 4550 ἰερατικούς
3643 4494 3727 4530 τι⁸

474 4573 671 4627 canoni
700 4574 994 4630 obnoxius.
1035 4575 1091 4629 Si
1122 4574 1264 4631 enim
1298 4591 1406 4630 non
1440 4577 1781 4648 permittitur
1810 4578 2045 4648 impera-

476 4675 647 4720 torem
696 4669 943 4723 molestia
985 4667 1223 4735 afﬁcere,
1273 4684 1372 4739 pro
1402 4686 1598 4727 rursus
1636 4671 1943 4726 revocanda
1988 4671 2042 4725 in

472 4758 739 4829 judicium
792 4762 1020 4832 alicujus
1062 4763 1473 4832 metropolitani
1517 4763 1781 4821 sententia
1812 4804 1827 4828 ,
1873 4763 2047 4818 multo

484 4852 658 4922 magis
709 4869 816 4909 non
845 4855 1191 4926 permittetur
1257 4856 1676 4927 patriarchalem
1718 4856 2050 4912 sententiam

479 4943 547 4997 ad
602 4941 984 5015 imperatorem
1009 4948 1300 5003 introduci.

2150 4599 2246 4643 νας
2275 4581 2473 4651 δικάσῃ
2496 4581 2523 4631 6
2564 4579 2931 4650 πατριάρχης,
2964 4575 3068 4630 κάν
3115 4572 3362 4636 λαῖκοὶις,
3390 4572 3493 4625 κᾶν
3537 4569 3728 4623 λαῖιιδν

2156 4674 2294 4745 μετά
2348 4673 2671 4743 ἱερωμένου,
2723 4671 2827 4726 κᾶν
2867 4670 2955 4725 διὰ
3010 4666 3301 4738 βασιλικῆς
3352 4662 3727 4734 προστάξεως,

2156 4766 2257 4821 κᾶν
2282 4764 2470 4833 οἰκείῳ
2501 4762 2718 4833 δικαίῳ,
2754 4760 2858 4815 κᾶν
2882 4760 3023 4831 μετά
3060 4753 3444 4818 συνδικαστοῦ,
3487 4755 3597 4807 κᾶν
3635 4756 3729 4821 μό.

2156 4874 2268 4923 νος,
2294 4855 2477 4924 πάσης
2505 4853 2849 4925 ἀνακρίσεως
2880 4850 3034 4905 ἔσται
3063 4848 3329 4904 ἐπέκεινα
3350 4862 3367 4878 ο
3410 4846 3509 4900 καὶ
3558 4855 3580 4892 θ
3613 4847 3727 4895 τοὶ.-

2163 4948 2345 5019 μήσας
2374 4944 2776 5001 ἐκκαλέσασθαι
2807 4945 2888 5008 εἰς
2914 4941 3145 5011 βασιλέα
3184 4939 3348 5012 χάριν
3373 4937 3469 4990 τοῦ
3500 4939 3735 5006 ἀνακρι-

478 5039 635 5109 Οῆναι
691 5039 789 5107 τὴν
852 5040 1127 5111 ἀπόφασιν
1181 5044 1279 5113 τὴν
1340 5040 1773 5112 πατριαρχικὴν,
1861 5038 2117 5104 ὑπόδικος
2155 5039 2309 5094 ἔσται
2336 5038 2415 5111 τῷ
2448 5037 2682 5110 παρόντι
2713 5036 2920 5092 κανόνι.
2948 5037 3010 5089 Εἰ
3060 5035 3170 5106 γὰρ
3193 5033 3295 5087 οὐκ
3326 5030 3541 5098 ἐφεῖται
3576 5026 3735 5096 βασι-

476 5134 560 5187 λεῖ
596 5132 773 5203 ὀχλείν
813 5135 974 5205 χάριν
1024 5134 1117 5189 τοῦ
1171 5135 1537 5207 ἀνακριθῆναι
1587 5133 1685 5204 τὴν
1734 5130 1828 5186 τοῦ
1877 5132 2049 5196 δεῖνος
2092 5133 2504 5203 μητροπολίτου
2531 5131 2844 5200 ἀπόφασιν·
2887 5128 3071 5198 πολλῷ
3134 5127 3296 5181 πλέον
3333 5126 3435 5179 οὐκ
3484 5121 3739 5191 ὲκχωρη-

479 5228 507 5284 θ
520 5230 703 5298 ἠσεται
771 5229 1180 5301 πατριαρχικὴν

554 5321 805 5380 ZONAR.
848 5323 1138 5392 Episc0po,
1174 5338 1334 5392 quem
1368 5320 1629 5394 synodus,
1689 5319 1774 5375 vel
1831 5319 2053 5383 clerico.

483 5432 639 5485 quem
675 5416 962 5485 episc0pus
993 5415 1324 5483 deposuerit.
1352 5429 1458 5483 quo
1493 5420 1650 5483 pacto
1676 5412 1740 5465 de
1785 5409 2056 5466 sententia

484 5524 592 5561 suae
636 5504 1022 5569 damnationis,
1055 5506 1098 5560 si
1137 5506 1387 5577 injustam
1433 5518 1550 5559 esse
1589 5510 1816 5566 asserat,
1847 5500 2055 5556 exarui-

1258 5228 1554 5296 διάγνωσιν
1623 5226 1778 5297 παρά
1828 5224 2043 5296 βασιλεί
2082 5226 2336 5293 γενέσθαι
2369 5222 2759 5293 εἰσαγώγιμον.

2236 5320 2480 5377 ΖΩΝΑΡ.
2532 5320 2762 5390 Εἴρηται
2794 5316 3054 5386 ἀνωτέρω
3081 5314 3203 5377 πῶς
3233 5314 3271 5383 ἢ
3300 5314 3601 5375 ἐπίσκοπος
3633 5309 3738 5364 ὑπὸ

2174 5410 2397 5464 συνόδου
2452 5405 2820 5479 καθαιρεθεὶς,
2873 5404 2905 5474 ἢ
2962 5402 3224 5473 κληρικὺς
3285 5402 3390 5453 ὑπὸ
3439 5399 3534 5452 τοῦ
3602 5398 3736 5449 ἰδίου

2166 5502 2493 5565 ἐπισκόπου,
2519 5499 2741 5554 δύναται
2770 5496 2957 5564 ζητεῖν
2992 5490 3401 5563 δοκιμασθῆναι
3426 5490 3527 5551 τὴν
3553 5488 3735 5557 ψῆφον

490 5599 663 5649 nanda
714 5610 873 5666 agere
925 5596 1103 5665 liceat,
1132 5576 1245 5667 jam
1294 5606 1453 5651 antea
1492 5595 1920 5665 explicavimus:
1958 5593 2036 5647 1ιο‹

2168 5593 2269 5657 τὴν
2323 5592 2444 5644 κατ’
2474 5590 2694 5651 αὐτοὺς,
2732 5589 2780 5641 εἰ
2822 5587 2971 5639 δοκεῖ
3018 5582 3321 5638 ἀδικεῖσθαι
3346 5596 3360 5610 ·
3416 5578 3655 5632 ἐνταῦθα
3687 5576 3741 5628 δὲ

492 5707 620 5746 vero
662 5693 777 5745 loco
805 5706 919 5755 eos,
954 5693 1043 5764 qui
1102 5692 1440 5763 depositione
1474 5687 1682 5742 multati
1728 5693 1854 5741 sunt
1886 5685 2060 5756 impe-

2170 5677 2505 5749 ἀπαγορεύει
2546 5680 2656 5740 τοῖς
2700 5675 3155 5748 καθαιρουμένοις
3185 5674 3212 5725 6
3240 5668 3423 5725 κανὼν
3456 5666 3743 5738 προσιέναι

501 5792 738 5838 τ.ιτοι·οιιι
793 5784 962 5851 adire,
1027 5787 1179 5857 eique
1239 5784 1497 5840 molestos
1542 5795 1680 5848 esse,
1743 5794 1805 5835 ac
1838 5780 1904 5834 ad
1938 5792 2036 5834 eun

2173 5770 2409 5842 βασιλεῖ,
2460 5772 2552 5825 καὶ
2594 5769 2833 5841 ἐνοχλεῖν
2888 5767 3057 5840 αὐτῷ,
3110 5767 3203 5821 καὶ
3240 5764 3426 5836 ζητεῖν
3471 5762 3571 5833 τὴν
3623 5759 3754 5839 κατ’,
