3990 6482
299 409 434 475 l3i3

1316 412 1394 471 IN
1427 412 1593 473 CAN.
1639 413 1788 475 Xlil
1826 415 2038 482 CONC.
2075 418 2136 481 II
2165 422 2524 489 ANTIOCH.

3430 432 3566 499 i314

293 525 459 580 αὐτοῦ
490 526 846 597 ἐξετασθῆναι
876 526 1174 595 ἀπόφασιν,
1229 529 1326 582 καὶ
1355 527 1433 599 τῷ
1480 530 1643 584 τοῦτο
1697 534 1859 604 md)-

1996 537 2348 596 lamnationis
2378 557 2488 598 sum
2515 542 2881 612 cognitionem
2909 543 3141 612 deferre,
3178 565 3354 606 canon
3379 561 3558 620 vetat;

295 636 446 673 σαντι
483 620 619 690 μήτε
644 619 830 690 χώραν
859 621 1155 690 ἀπολογίας
1186 621 1432 676 δίδοσθαι
1459 623 1698 688 κελεύει,
1726 629 1869 697 μήτε

291 713 556 777 ἐλπίζειν,
589 713 665 776 ὡς
709 715 1246 785 ἀποκαταστήσεται.

295 805 521 858 ΑΡΙΣΤ.
586 823 604 854 ι
659 806 718 858 '0
748 805 1153 878 καθῃρημένος,
1208 808 1255 860 εί
1311 808 1550 880 ἐνοχλοίη
1583 808 1664 880 τῷ
1723 808 1874 881 βασιο

366 916 386 948 ι
433 896 784 961 λεῖ,αίτείτω
842 898 1062 951 σύνοδον
1123 900 1374 970 μείζονα,
1424 902 1518 954 καὶ
1569 906 1630 956 τὸ
1661 904 1873 956 ἐκεῖ-λεν

367 1007 385 1039 ι
427 986 583 1052 δόξαν
613 986 889 1058 στεργέτω
917 1005 930 1018 ·
982 989 1031 1041 εί
1065 988 1122 1041 δέ
1177 990 1272 1042 καὶ
1333 989 1492 1052 αὖθις
1552 991 1870 1044 ἀποδυσπε-

369 1098 387 1131 ι
428 1078 571 1148 τοίη,
603 1079 677 1148 μὴ
709 1080 882 1149 ἐχέτω
911 1081 1378 1137 ἀποκατάστασιν.
1421 1101 1438 1134 ι

361 1168 466 1222 Τὸν
491 1169 890 1242 καθαιρεθέντα
922 1170 1027 1223 ὑπὸ
1059 1170 1306 1234 συνόδου,
1342 1173 1438 1226 καὶ
1466 1174 1714 1243 οἰόμενον
1748 1175 1871 1229 ἀδι-

289 1261 527 1326 κεῖσθαι,
563 1264 591 1316 ό
623 1262 806 1316 κανὼν
841 1264 902 1317 οὐ
934 1264 1135 1318 κωλύει
1169 1265 1398 1335 μείζονα
1425 1265 1644 1320 σύνοδον
1679 1271 1874 1320 ἐπικα-

287 1353 524 1419 λεῖσθαι,
555 1355 654 1409 καὶ⁵
682 1355 816 1427 παρ’
847 1357 984 1428 αὐτῇ
1018 1358 1321 1428 γυμνάζειν
1348 1359 1383 1412 ἀ
1416 1359 1628 1430 νομίζει
1677 1360 1872 1415 δίκαια

286 1447 456 1518 ἔχειν,
489 1449 570 1512 είς
605 1451 924 1522 ἀνατροπὴν
951 1450 1052 1520 τῆς
1083 1453 1203 1505 κατ’
1245 1453 1412 1507 αὑτοῦ
1483 1455 1868 1524 ἐξενεχθείσης

283 1540 494 1610 ψήφου.
537 1541 700 1597 Ἀλλὰ
736 1542 938 1612 μᾶλλον
979 1543 1077 1598 καὶ
1143 1545 1432 1615 ἐπιτρέπει
1491 1545 1640 1614 αύτῷ
1700 1550 1870 1600 ποιεῖν

283 1635 440 1687 αὑτό.
506 1633 610 1688 Τὸν
651 1635 706 1689 δέ
762 1634 838 1705 μὴ
870 1634 1094 1689 θέλοντα
1152 1636 1476 1706 προσελθεῖν
1512 1638 1736 1708 συνόδῳ,
1772 1639 1869 1690 καὶ

283 1728 417 1796 παρ’
452 1728 592 1799 αύτῇ
628 1728 696 1782 τὰ
721 1729 900 1782 οίκεῖα
931 1727 1214 1798 προθεῖναι
1240 1727 1449 1793 δίκαια,
1477 1729 1616 1784 ἀλλὰ
1645 1734 1744 1793 τὰς
1777 1730 1872 1798 βα-

284 1821 500 1885 σιλικὰς
530 1823 701 1884 ἀκοὰς
751 1823 1109 1892 παρενοχλεῖν
1141 1822 1489 1892 πειρώμενον
1533 1823 1613 1885 είς
1644 1822 1866 1893 ἐκδίκη-

283 1931 392 1979 σιν,
417 1914 752 1985 συγγνώμης
807 1888 1084 1977 τ-ινὸςνούκ
1134 1888 1297 1981 ἀξιοῖ,
1327 1888 1448 1967 οὐδὲ
1498 1915 1686 1984 χώραν
1730 1888 1868 1969 ἀπο·-
1896 1888 1943 1948 Β

281 2007 476 2075 λογίας
506 2007 660 2072 αὐτῷ
694 2006 902 2072 δίδωσι,
933 2007 1029 2062 καὶ
1059 2006 1250 2060 ἐλπίδα
1285 2007 1596 2080 προσδοκᾷν
1631 2007 1862 2079 μελλού-

281 2114 384 2168 σης
413 2096 936 2161 ἀποκαταστάσεως.

876 2192 1118 2245 ΚΑΝΩΝ
1163 2192 1263 2247 ll".

285 2303 306 2338 ι
347 2284 571 2357 Μηδένα
608 2285 911 2340 ἐπίσκοπον
961 2286 1168 2358 τολμᾷν
1222 2286 1318 2355 ἀφ’
1357 2287 1556 2357 ἐτέρας
1590 2287 1863 2358 ἐπαρχίας

359 2397 378 2430 ι
421 2380 504 2442 είς
531 2378 728 2450 ἑτέραν
756 2377 1130 2449 μεταϐαίνειν,
1170 2380 1261 2432 καὶ
1305 2383 1637 2450 χειροτονεῖν
1667 2382 1724 2434 ἐν
1766 2383 1860 2434 ἐκ·

354 2488 374 2522 ι
419 2471 675 2541 κλησίαις
745 2470 899 2535 τινὰς
958 2472 1040 2535 είς
1090 2473 1431 2543 προαγωγὴν
1486 2473 1856 2540 λειτουργίας,

355 2580 375 2615 ι
426 2564 558 2634 μηδὲ
589 2566 638 2618 εί
668 2564 1029 2634 συνεπάγοιτο
1055 2564 1236 2635 ἐαυτῷ
1274 2565 1515 2636 ἐτέρους,
1548 2566 1595 2619 εί
1645 2565 1721 2635 μὴ
1755 2582 1860 2619 παη

354 2675 374 2709 ι
421 2657 716 2727 ρακληθεὶς
747 2657 1004 2727 ἀφίκοιτο
1026 2657 1116 2712 διὰ
1143 2657 1490 2728 γραμμάτων
1515 2658 1611 2712 τοῦ
1644 2675 1704 2710 τε
1756 2674 1861 2727 μη-

348 2767 368 2801 ι
415 2749 737 2819 τροπολίτου
787 2749 885 2803 καὶ
929 2749 1040 2803 τῶν
1074 2751 1171 2803 σὺν
1210 2749 1360 2820 αὑτῴ
1407 2750 1749 2816 ἐπισκόπων,
1781 2743 1859 2804 ὧν

355 2859 375 2893 ι
418 2842 498 2903 είς
537 2841 642 2910 τὴν
671 2844 861 2912 χώραν
892 2841 1252 2911 παρέρχεται.
1290 2841 1352 2893 Ei.
1393 2840 1450 2893 δέ
1486 2841 1716 2910 manu;
1759 2858 1861 2893 κα-

357 2950 379 2984 ι
418 2931 637 2994 λοῦντος
665 2932 892 2985 ἁπέλθοι
920 2933 1174 2995 ἀτάκτως
1205 2931 1300 2984 ἐπὶ
1325 2931 1641 3004 χειροθεσίᾳ
1667 2933 1855 2998 τινῶν,

356 3041 377 3076 ι
423 3025 520 3077 καὶ
552 3025 892 3077 καταστάσει
918 3025 1025 3077 τῶν
1065 3023 1548 3097 ἐκκλησιαστικῶν
1595 3026 1857 3096 πραγμά-

354 3130 375 3166 ι
415 3130 526 3166 των
556 3113 631 3185 μὴ
681 3114 1074 3184 προσηκόντων
1108 3114 1280 3183 αὐτῷ,
1327 3112 1514 3185 ἄκυρα
1544 3114 1644 3185 μέν
1671 3115 1740 3167 τά
1763 3115 1856 3167 ὑπ’

349 3223 374 3260 ο
416 3205 584 3260 αὐτοῦ
642 3206 1020 3277 πεπραγμένα.
1068 3207 1397 3276 τυγχάνειν·
1453 3209 1548 3259 καὶ
1582 3205 1748 3261 αὑτὸν
1797 3207 1854 3258 δέ

354 3318 373 3352 ι
418 3300 641 3369 ὑπέχειν
671 3298 771 3368 τῆς
797 3298 1028 3364 ἀταξίας
1057 3299 1226 3351 αὐτοῦ
1259 3299 1356 3352 κα).
1405 3297 1506 3369 τῆς
1539 3298 1853 3368 παραλόγου

363 3412 383 3446 ι
430 3395 831 3466 ἐπιχειρήσεως
861 3396 960 3464 τὴν
987 3395 1372 3465 προσήκουσαν
1400 3391 1576 3462 δίκην,
1609 3391 1860 3462 καθῃρη-

353 3505 374 3540 ι
420 3489 580 3557 μένον
633 3485 884 3540 ἐντεῦθεν
929 3486 1030 3556 ἤδη
1064 3485 1170 3538 ὑπὸ
1215 3485 1312 3555 τῆς
1360 3485 1522 3553 ἁγίας
1556 3483 1800 3536 συνόδου.
1831 3499 1851 3533 ι

351 3581 551 3634 ΒΑΛΣ.
571 3581 706 3649 Περὶ
727 3579 836 3632 τῶν
861 3580 917 3630 ἐν
943 3578 1022 3648 τῷ
1053 3579 1281 3648 παρόντι
1313 3578 1499 3630 κανόνι
1541 3575 1861 3644 διειλημμέ-

273 3690 383 3726 νων
414 3673 615 3733 ίκανῶς
646 3671 969 3741 διελάὸομεν
995 3672 1052 3723 ἐν
1083 3669 1163 3740 τῷ
1189 3667 1263 3720 λε’
1288 3667 1637 3735 ἀποστολικῷ
1667 3665 1859 3718 κανόνι

276 3769 376 3820 καὶ
405 3768 465 3820 ἐν
496 3767 727 3836 ἑτέροις.
764 3766 874 3818 Καὶ
907 3762 1187 3832 ἀνάγνωθι
1235 3763 1305 3814 τά
1353 3763 1411 3813 ἐν
1456 3759 1689 3822 ἐκείνοις
1722 3775 1860 3829 γρα-

275 3859 469 3928 φέντα.
503 3859 666 3929 Ζήτει
696 3859 791 3910 καὶ
834 3858 935 3926 τῆς
983 3855 1274 3925 παρούσης
1332 3852 1557 3906 συνόδου
1590 3869 1714 3904 καν.
1749 3848 1856 3920 κβ’.

347 3951 594 4008 ΖΩΝΑΡ,
626 3951 949 4003 Σκανδὰλων
995 3951 1092 4002 καὶ
1119 3945 1375 4017 ταραχῶν
1403 3946 1580 3997 αἰτιον
1607 3943 1669 3996 τὸ
1703 3942 1861 3996 ἀπιέ-

273 4059 364 4098 ναι
396 4043 700 4096 ἐπίσκοπον
729 4042 810 4105 είς
845 4041 1116 4112 ἐπαρχίαν
1147 4041 1364 4111 ἑτέραν,
1393 4040 1485 4091 καὶ
1517 4037 1860 4118 χειροτονίας

273 4137 454 4188 ποιεῖν
501 4135 630 4189 ἄνευ
681 4133 909 4204 γνώμης
959 4133 1055 4186 τοῦ
1088 4131 1396 4185 ἐπισκόπου
1450 4131 1552 4199 τῆς
1586 4129 1859 4200 ἐπαρχίας

275 4226 513 4298 ἐκείνης.
550 4227 641 4279 Διὸ
682 4227 779 4279 καὶ
830 4224 1032 4279 κωλύει
1078 4225 1238 4278 τοῦτο
1287 4223 1316 4275 ὁ
1359 4219 1565 4285 κανὼν,
1619 4222 1716 4274 καὶ
1768 4222 1859 4274 τὸν

273 4317 437 4370 τοῦτο
478 4319 785 4389 ποιήσαντα
815 4315 1136 4386 καθαιρέσει
1165 4313 1537 4376 καταδικάζει.
1568 4310 1754 4364 Ταῦτα
1797 4310 1856 4364 δέ

276 4408 664 4462 κεκανόνισται
725 4410 822 4462 καὶ
855 4411 970 4471 τοῖς
1002 4407 1182 4476 ἁγίοις
1221 4405 1544 4467 ἀποστόλοις
1570 4404 1628 4455 ἐν
1662 4400 1736 4454 λε’
1761 4419 1862 4456 κα-

273 4503 390 4554 νόνι
413 4517 428 4532 ο
464 4501 536 4553 τὰ
567 4501 710 4555 αύτά
739 4501 796 4554 δέ
825 4499 998 4572 ὁρίζει
1037 4500 1133 4553 καὶ
1164 4499 1193 4551 ὁ
1229 4494 1314 4568 κβ⁹
1346 4493 1530 4550 κανὼν
1583 4495 1684 4565 τῆς
1727 4511 1854 4548 συν-

269 4593 395 4646 όδου
419 4595 647 4664 ταύτης.

271 4689 499 4744 ΑΡΙΣΤ.
562 4707 582 4741 ι
644 4691 709 4743 Ei
787 4688 1013 4760 μηδενὸς
1067 4688 1351 4756 ἀξιοῦντος
1417 4690 1718 4757 ἐπίσκοπος
1779 4692 1858 4755 είς

353 4801 372 4834 ι
415 4783 587 4852 ἀλλην
640 4782 915 4853 ἐπαρχίαν
967 4782 1144 4849 ἀπίοι,
1199 4783 1294 4835 καὶ
1342 4783 1703 4854 χειροτονοίη,
1762 4784 1858 4836 καὶ

345 4896 365 4930 ι
411 4877 640 4946 διοικοίη
672 4877 998 4947 πράγματα,
1027 4877 1169 4930 αὑτά
1201 4891 1261 4928 τε
1289 4875 1473 4946 ἄκυρα
1508 4878 1741 4947 μενέτω,
1759 4877 1859 4930 κά-

347 4987 364 5021 ι
409 4972 587 5032 κεῖνος
617 4967 1004 5039 καθαιρείσθω.
1049 4985 1069 5020 ι

346 5059 581 5120 Πολλοὺς
633 5058 866 5121 κανόνας
924 5057 1185 5128 εὑρήσεις
1213 5058 1374 5112 τούτο
1421 5059 1761 5127 κωλύοντας,
1793 5061 1855 5115 τὸ

274 5150 638 5224 μεταϐαίνειν
670 5151 970 5204 ἐπίσκοπον
997 5151 1104 5203 ἀπὸ
1135 5154 1236 5216 τῆς
1290 5151 1427 5214 ιδίας
1467 5155 1742 5223 ἐπαρχίας
1775 5157 1856 5218 εἰς

272 5244 587 5313 ἀλλοτρίαν,
645 5245 742 5298 καὶ
791 5246 1126 5316 χειροτονεῖν
1179 5245 1236 5298 ἐν
1289 5245 1449 5317 αὐτῇ,
1496 5247 1756 5318 ἢέτερόν
1803 5267 1854 5302 τι

271 5337 638 5392 ἐπισκοπικδν
666 5339 947 5406 ἐνεργεῖν·
1000 5339 1048 5391 εί
1099 5340 1173 5409 μή
1219 5356 1322 5392 που
1374 5340 1694 5412 προσκληθῇ
1744 5357 1850 5411 τις,

273 5434 371 5486 καὶ
411 5431 622 5501 ἀξιωθῇ
653 5432 805 5500 παρὰ
829 5429 921 5482 τοῦ
952 5430 1093 5484 κατά
1125 5432 1310 5504 χώραν
1343 5433 1645 5488 ἐπισκόπου
1674 5434 1850 5486 τοιοῦ-
1888 5465 1890 5468 -

271 5524 368 5577 τόν
400 5540 454 5575 τι
483 5523 734 5591 ποιῆσαι.
768 5521 872 5573 Τὸν
901 5521 946 5574 δ’
994 5523 1208 5576 οἴκοθεν
1236 5526 1316 5587 είς
1351 5524 1625 5595 ἐπαρχίαν
1655 5526 1854 5596 ἑτέραν

273 5615 750 5686 παραγενόμενον,
797 5613 892 5667 καὶ
934 5613 967 5683 ἢ
1021 5615 1369 5684 χειροθεσίας
1420 5616 1768 5687 ποιούμενον,
1818 5617 1852 5688 ἢ

271 5708 642 5769 καταστάσεις
678 5705 1151 5776 ἐκκλησιαστικῶν
1179 5710 1544 5779 πραγμάτων,
1587 5711 1662 5782 μὴ
1692 5728 1859 5782 προσ-

269 5801 521 5872 ηκόντων
554 5798 725 5868 αὐτῷ,
778 5799 875 5852 σὺν
920 5797 998 5868 τῷ
1029 5798 1207 5870 ἄκυρα
1249 5801 1434 5869 μένειν
1462 5803 1529 5856 τὰ
1565 5804 1656 5857 ὑπ’
1686 5804 1854 5860 αὐτοῦ

244 5955 254 5966 π
271 5891 650 5964 πραττόμενα,
682 5892 776 5946 καὶ
804 5889 1192 5961 καθαιρεῖσθαι
1225 5893 1646 5962 προστάττουσι.

1977 634 2180 701 quique
2225 633 2276 688 id
2311 633 2518 702 fecerit,
2549 653 2648 692 nec
2682 639 2859 694 audiri
2908 643 3137 710 amplius
3170 643 3222 697 in
3245 645 3478 712 judicio,
3507 659 3564 703 et

1977 729 2123 783 omni
2164 727 2218 781 in
2253 739 2531 797 posterum
2566 733 2929 789 restitutionis
2961 751 3055 805 spe
3079 753 3267 793 carere
3291 738 3463 808 jubet.

1982 818 2217 875 ABIST.
2267 839 2284 872 ι
2323 820 2626 891 Depositus,
2652 827 2695 881 si
2733 827 3045 896 imperatori
3079 831 3381 886 molestiam
3412 834 3566 889 exbi-

2063 933 2082 966 ι
2118 913 2318 981 buerit,
2345 919 2601 986 majorem
2629 929 2770 990 petat
2797 923 3080 992 synodum,
3104 925 3328 993 ejusque
3347 929 3564 982 decreto

2058 1025 2079 1061 ι
2123 1010 2453 1078 acquiescat.
2488 1010 2543 1066 Si
2571 1029 2702 1068 vero
2735 1009 2950 1070 rursum
2981 1033 3123 1088 a'gre
3150 1019 3356 1085 tulerit,
3398 1022 3557 1078 resti-

2058 1116 2082 1153 ι
2118 1102 2381 1156 tationem
2415 1119 2482 1157 ne
2511 1115 2854 1174 assequatur.
2892 1125 2912 1159 ι

2048 1192 2182 1247 Eum
2219 1194 2310 1263 qui
2362 1208 2388 1246 a
2450 1195 2657 1265 synodo
2705 1197 3014 1266 deponitur,
3078 1199 3288 1269 sibique
3351 1201 3564 1257 videtur

1977 1283 2178 1350 injuria
2216 1284 2463 1352 affectus,
2500 1302 2670 1340 canon
2725 1289 2812 1341 hic
2849 1289 3110 1358 majorem
3153 1308 3450 1360 provocare
3471 1309 3563 1362 sy-

1975 1375 2174 1428 nodum
2227 1390 2332 1428 non
2395 1375 2666 1445 prohibet,
2723 1385 2776 1430 et
2830 1380 2970 1446 apud
3005 1395 3122 1433 eam
3169 1381 3416 1449 proferre
3442 1398 3562 1452 qna:

1969 1466 2115 1536 justa
2151 1483 2269 1524 esse
2306 1469 2625 1533 arbitratur,
2661 1471 2725 1522 ad
2790 1472 3074 1526 sententiae
3116 1483 3303 1529 contra
3349 1491 3406 1529 se
3441 1476 3562 1528 lata:

1975 1561 2340 1616 eversionem.
2395 1560 2510 1614 lmo
2562 1561 2740 1630 potius
2784 1564 2831 1616 ei
2889 1565 2988 1618 hoc
3037 1568 3299 1635 permittit
3355 1567 3553 1622 facere.

1972 1651 2106 1706 Eum
2143 1661 2320 1708 autem
2351 1653 2443 1722 qui
2480 1668 2583 1709 non
2639 1655 2756 1709 vult
2811 1658 3078 1726 synodum
3137 1659 3307 1721 adire.
3341 1668 3394 1714 et
3422 1661 3560 1729 apud

1971 1758 2091 1798 eam
2125 1743 2250 1813 jura
2305 1759 2403 1799 sua
2435 1759 2761 1816 proponere,
2804 1751 2898 1803 sed
2959 1749 3341 1818 imperatorias
3374 1753 3561 1807 obtur-

1972 1837 2103 1892 bare
2139 1838 2366 1893 auresin
2393 1838 2656 1893 ultionem
2691 1841 2930 1905 molitur,
2955 1843 3101 1898 nulla
3136 1844 3386 1915 dignatur
3409 1847 3561 1900 venia

1977 1944 2077 1983 nec
2118 1931 2383 2002 apologite
2415 1931 2592 1985 locum
2627 1931 2675 1985 ei
2731 1933 3006 1998 concedit,
3037 1950 3134 1989 nec
3176 1936 3369 1991 futurae
3400 1937 3560 1992 resti-

1977 2023 2199 2078 tutionis
2219 2039 2371 2093 spem
2398 2033 2739 2096 exspectare.

2561 2210 2791 2266 CANON
2829 2210 2970 2266 X1".

1979 2321 1995 2353 ι
2036 2301 2228 2356 Nullus
2277 2301 2566 2372 episcopus
2611 2305 2806 2357 audeat
2863 2303 2930 2357 ab
2990 2318 3091 2356 una
3149 2302 3432 2372 provincia
3502 2305 3557 2358 in

2053 2413 2071 2446 ι
2107 2395 2265 2449 aliam
2309 2397 2564 2460 transire,
2599 2404 2652 2449 et
2688 2400 2752 2450 ad
2811 2396 3100 2451 ministerii
3156 2400 3553 2467 promotionem

2059 2505 2078 2538 ι
2121 2487 2330 2556 aliquos
2402 2489 2649 2544 ccclesiis
2699 2489 2977 2551 ordinare,
3025 2503 3126 2543 nec
3181 2489 3226 2545 si
3285 2489 3421 2544 alios
3453 2507 3555 2543 una

2049 2595 2067 2629 ι
2109 2592 2288 2631 secum
2337 2577 2577 2643 inducat,
2615 2578 2718 2632 nisi
2769 2579 2974 2632 venerit
3013 2578 3222 2633 litteris
3257 2580 3558 2634 accersitus

2044 2687 2062 2721 ι
2099 2671 2525 2740 metropolitani,
2559 2680 2613 2726 et
2642 2673 3019 2741 episcoporum
3054 2673 3144 2741 qui
3182 2682 3454 2727 suntcum
3485 2672 3562 2741 lp-

2040 2780 2058 2815 ι
2095 2776 2175 2826 so,
2197 2762 2250 2816 in
2285 2777 2512 2831 quorum
2541 2763 2811 2831 regionem
2845 2763 3076 2817 accedit.
3113 2762 3167 2816 Si
3201 2773 3380 2817 autem
3413 2763 3558 2816 nullo

2045 2872 2064 2906 ι
2103 2864 2358 2920 vocante,
2392 2855 2457 2910 ad
2489 2855 2791 2924 aliquorum
2852 2856 3245 2910 ordinationem
3299 2867 3350 2910 et
3385 2858 3560 2910 eccle-

2050 2963 2070 2998 ι
2108 2946 2452 3001 siasticarum
2487 2962 2665 3001 rerum
2696 2949 2762 3002 ad
2789 2963 2847 3002 sc
2881 2963 2981 3001 non
3010 2949 3393 3016 pertinentium
3427 2964 3558 3002 con-

2041 3056 2060 3091 ι
2097 3037 2461 3106 stitutionem,
2505 3039 2811 3094 inordinate
2841 3041 3245 3109 insolenterque
3278 3055 3557 3108 processeo

2049 3146 2068 3182 ι
2107 3129 2196 3192 rit,
2240 3129 2348 3185 sint
2409 3130 2622 3200 quidem
2662 3131 2817 3185 irrita
2852 3147 2970 3202 qua:
3001 3131 3066 3185 ab
3105 3131 3219 3198 ipso
3247 3141 3549 3201 geruntur:

2050 3240 2068 3273 ι
2111 3221 2226 3290 ipse
2256 3231 2436 3275 autem
2465 3237 2575 3278 suae
2621 3223 2922 3278 insolentiae
2968 3233 3021 3277 et
3051 3235 3247 3292 prmter
3287 3225 3547 3278 rationem

2047 3331 2066 3366 ι
2103 3314 2261 3368 factae
2291 3315 2662 3386 aggressionis
2694 3316 2904 3369 debitas
2931 3317 3019 3369 det
3052 3332 3266 3386 pmnas,
3305 3332 3335 3370 a
3365 3326 3552 3370 sancta

2037 3423 2055 3456 ι
2097 3406 2305 3462 scilicet
2326 3408 2530 3478 synodo
2557 3408 2754 3462 exinde
2782 3410 3083 3478 depositus.
3117 3428 3134 3459 ι

2033 3582 2235 3641 BALS.
2278 3584 2352 3638 De
2403 3585 2490 3649 iis,
2527 3599 2647 3652 qua:
2698 3583 2750 3637 in
2797 3584 3052 3650 przcsenti
3081 3597 3289 3636 canone
3316 3589 3546 3635 tractata

1961 3687 2108 3740 sunt,
2142 3679 2192 3730 in
2242 3691 2447 3732 canone
2495 3675 2792 3745 apostolico
2850 3675 2920 3728 55
2967 3674 3103 3730 satis
3168 3675 3542 3736 tractavimus.

1960 3779 2012 3823 et
2037 3769 2184 3822 alibi.
2225 3768 2291 3822 Et
2337 3768 2453 3837 lege
2498 3783 2585 3832 ea,
2633 3783 2751 3837 quae
2786 3767 2890 3820 illic
2925 3766 3130 3836 scripta
3161 3776 3306 3820 sunt.
3348 3766 3542 3833 Quare

1960 3870 2014 3916 et
2064 3860 2345 3929 praesentis
2371 3861 2559 3931 synodi
2592 3874 2852 3913 canoneut
2889 3859 2982 3923 22,

2027 3952 2280 4009 ZONAR.
2318 3953 2373 4008 Si
2434 3953 2559 4022 quis
2593 3954 2883 4022 episcopus
2938 3951 3163 4008 alterius
3208 3953 3536 4024 provinciam

1959 4047 2316 4117 ingrediatur,
2350 4046 2536 4115 ibique
2564 4060 2630 4100 eo
2667 4047 2973 4100 inconsulto
3023 4047 3243 4102 ordines
3274 4048 3539 4111 conferat,

1961 4137 2286 4193 offensiones
2324 4152 2388 4192 ac
2445 4137 2712 4192 tumultus
2741 4153 2806 4191 ex
2842 4154 2901 4192 ea
2941 4152 3000 4192 re
3051 4149 3318 4192 exsrstere
3380 4138 3541 4192 facile

1957 4240 2060 4286 est.
2095 4229 2408 4300 QuareJum
2444 4230 2493 4283 id
2519 4229 2633 4282 fieri
2657 4245 2830 4284 canon
2863 4237 3030 4294 vetat,
3069 4241 3178 4283 tum
3210 4230 3297 4297 qui
3325 4228 3537 4292 fecerit,

1959 4322 2301 4393 depositione
2335 4324 2649 4376 damnatum
2686 4337 2811 4377 esse
2841 4322 3108 4377 decernit.
3153 4323 3353 4376 Eadem
3388 4337 3539 4385 vero,

1959 4425 2015 4471 et
2072 4415 2443 4486 apostolorum
2489 4417 2772 4471 tricesimo
2794 4416 2984 4486 quinto
3035 4425 3087 4470 et
3136 4415 3294 4485 hujus
3327 4429 3541 4484 quoque

1961 4507 2152 4578 synodi
2186 4507 2448 4563 vicesimo
2484 4513 2722 4564 secundo
2762 4523 2989 4576 canone,
3023 4509 3323 4564 constituta
3358 4519 3506 4562 sunt.

1962 4685 2189 4743 ARIST.
2228 4705 2246 4740 ι
2278 4686 2357 4753 Si,
2407 4687 2623 4742 nemine
2672 4698 2914 4758 rogante,
2971 4687 3255 4756 episcopus
3289 4685 3343 4740 in
3379 4684 3538 4739 aliam

2036 4801 2057 4834 ι
2093 4796 2153 4837 se
2179 4781 2475 4835 contulerit
2496 4783 2850 4850 provinciam,
2875 4790 2929 4835 et
2957 4779 3308 4844 ordinaverit,
3341 4793 3538 4847 resque

2032 4893 2050 4925 ι
2085 4874 2574 4937 administraverit,
2609 4883 2661 4926 et
2710 4873 2878 4927 irrita:
2911 4880 3187 4936 maneant,
3222 4881 3276 4927 et
3319 4871 3420 4927 iste
3448 4874 3540 4926 tle-

2028 4984 2047 5018 ι
2080 4976 2330 5036 ponatur.
2371 4983 2388 5016 ι

2030 5055 2225 5113 Multos
2261 5072 2499 5112 canones
2535 5057 2774 5110 invenies
2831 5056 2932 5109 hoc
2973 5057 3342 5125 prohibentes,
3371 5059 3535 5110 nimi-

1958 5169 2076 5208 rum
2108 5153 2423 5222 episcopum
2457 5167 2486 5203 e
2533 5165 2626 5204 sua
2657 5150 2933 5217 prmiueia
2968 5151 3032 5201 ad
3063 5149 3295 5203 alienam
3340 5153 3536 5205 transi-

1956 5245 2078 5309 lire,
2110 5255 2164 5300 et
2206 5246 2261 5299 in
2305 5259 2367 5298 ea
2405 5243 2684 5306 ordinare,
2727 5253 2820 5297 aut
2873 5242 3018 5297 aliud
3073 5244 3291 5313 aliquod
3340 5262 3538 5298 munus

1959 5340 2266 5410 episcopale
2302 5339 2474 5392 obire.
2513 5336 2627 5392 Nisi
2668 5337 2897 5392 forsitan
2931 5348 3151 5393 vocetur
3194 5339 3389 5408 aliquis
3418 5349 3472 5392 et
3505 5357 3533 5391 a

1959 5432 2198 5502 regionis
2232 5431 2487 5500 episcopo
2518 5431 2710 5500 dignus
2751 5431 3036 5493 habeatur,
3067 5432 3156 5500 qui
3196 5432 3301 5485 tale
3331 5430 3533 5500 aliquid

1958 5525 2143 5578 faciat.
2167 5523 2238 5578 At
2259 5524 2348 5592 qui
2369 5538 2463 5578 sua
2488 5535 2678 5592 sponte
2704 5523 2756 5576 in
2774 5522 2995 5578 alteram
3017 5523 3182 5596 444
3204 5523 3534 5594 provinciam

1958 5617 2339 5689 proficiscitur,
2372 5626 2426 5669 et
2459 5616 2542 5670 vel
2577 5630 2831 5670 manuum
2862 5619 3235 5686 impositiones
3265 5615 3412 5678 facit,
3452 5615 3537 5667 Vel

1958 5709 2296 5780 negotiorum
2322 5708 2811 5764 ecclesiasticarum
2833 5710 3247 5765 constitutiones
3271 5713 3336 5764 ad
3356 5710 3531 5780 ipsum

1959 5817 2064 5856 non
2097 5799 2504 5871 pertinentium,
2539 5811 2591 5856 et
2618 5802 2773 5856 irrita
2805 5817 3024 5857 manere
3056 5819 3172 5872 qua:
3227 5804 3293 5860 ab
3320 5804 3420 5860 isto
3452 5803 3539 5858 fa-

1959 5901 2045 5950 cta
2072 5900 2220 5962 sunt,
2255 5901 2308 5947 et
2335 5891 2509 5963 ipsum
2541 5893 2733 5963 deponi
2763 5893 2974 5964 jubent.
