3990 6482
439 402 578 470 1319

1694 395 1971 460 ΤΠΕΟῙ).
2010 395 2406 457 BALSAMON

3582 393 3721 459 1132‘)

437 537 622 583 autem
648 522 1160 597 reprehenderetur,
1182 527 1237 576 et
1258 518 1719 590 interrogaretur.
1744 516 2020 587 quomodo

2143 516 2271 579 ἱπως
2297 514 2458 568 τοῦτο
2490 512 2850 587 τετόλμηκεν,
2886 512 3335 585 ἐδικαιολογεῖτο,
3372 515 3449 588 μὴ
3476 515 3544 570 δι’
3581 516 3717 569 ἄλλο

438 622 546 678 hoc
596 628 745 677 esset
800 631 990 681 ausus,
1028 615 1132 670 hoc
1171 628 1230 670 se
1283 612 1447 668 modo
1489 610 1841 667 defendebat.
1884 607 2004 666 Non

442 722 669 785 propter
732 709 942 779 aliquid
996 707 1147 762 aliud
1200 704 1377 761 fuisse
1434 704 1769 775 prohibitam
1818 702 1873 757 in
1917 701 2021 756 alia

439 807 667 877 regione
700 818 795 859 seu
840 800 1071 857 ditecesi
1113 797 1489 869 operationem
1538 810 1636 851 seu
1671 794 2020 857 exercitium,

440 914 604 969 quam
638 913 703 950 ne
736 893 937 965 injuria
967 890 1280 946 afficeretur
1310 898 1365 944 et
1387 894 1834 943 contemneretur
1862 885 2023 955 hujus

441 991 691 1061 regionis
725 986 1053 1046 dioecesisve
1084 982 1331 1055 praesul:
1372 997 1494 1037 cum
1543 988 1727 1035 autem
1783 993 1891 1034 non
1953 979 2024 1033 sit

446 1084 678 1135 antistes
708 1081 761 1133 in
795 1088 1022 1132 vacante
1050 1074 1307 1140 ecclesia,
1342 1083 1394 1128 et
1423 1086 1549 1126 cum
1581 1072 1697 1141 ipse
1722 1085 1870 1134 eam,
1901 1082 2025 1140 quae

443 1172 521 1227 illi
553 1171 853 1240 obtigerat,
888 1182 996 1224 non
1039 1167 1225 1232 habet,
1261 1173 1321 1217 ut
1352 1176 1477 1233 quae
1510 1177 1538 1215 a
1587 1159 1845 1231 gentibus
1892 1160 2028 1215 deti-

442 1262 715 1328 nebatur,
772 1274 876 1315 nec
930 1274 1049 1329 quae
1108 1257 1177 1312 de
1222 1255 1427 1325 injuria
1482 1254 1629 1309 dicta
1682 1261 1811 1309 sunt
1842 1254 2022 1307 locum

445 1354 750 1419 habebunt,
809 1366 912 1406 nec
964 1351 1139 1405 ullum
1190 1348 1242 1402 ei
1311 1345 1695 1418 praeiudicium
1744 1344 2025 1410 alIcretnr,

447 1458 708 1517 tanquam
763 1443 881 1515 qui,
947 1444 1091 1497 ultra
1147 1455 1212 1496 ea
1273 1454 1397 1510 quae
1444 1440 1629 1502 habet,
1681 1438 1858 1493 aliena
1920 1436 2025 1492 sibi

445 1551 700 1611 usurpet.
747 1539 887 1593 Dicit
914 1551 1046 1607 ergo
1075 1550 1281 1599 canon,
1319 1549 1470 1597 eum,
1504 1532 1597 1602 qui
1654 1539 1766 1586 tam
1819 1536 2029 1586 temere

446 1652 477 1692 a
509 1636 753 1706 Spiritus
788 1631 968 1687 sancti
1003 1629 1183 1701 gratia
1236 1643 1347 1682 non
1400 1626 1509 1681 sibi
1542 1625 1729 1680 datum
1768 1623 2027 1678 thronum

448 1726 668 1797 arripit,
712 1724 927 1779 etiamsi
991 1731 1046 1777 et
1102 1722 1221 1790 ipse
1274 1726 1329 1774 et
1389 1716 1622 1773 ecclesia
1676 1725 1855 1781 vacet,
1906 1728 2030 1770 esse

449 1817 806 1890 ejiciendum.
833 1814 1063 1871 Perinde
1093 1821 1277 1867 autem
1303 1826 1367 1865 ac
1388 1810 1435 1865 si
1467 1809 1697 1864 dixisset
1730 1807 2025 1878 quispiam,

449 1927 515 1967 ea
548 1910 731 1966 locum
769 1909 992 1971 habere,
1029 1904 1252 1976 quando
1283 1904 1350 1963 is.
1383 1901 1474 1971 qui
1522 1908 1707 1964 vacat,
1755 1899 2031 1969 praedonis

451 2019 606 2061 more
640 2012 925 2058 vacantem
973 1997 1263 2054 ecclesiam
1306 1994 1634 2059 invasisset;
1680 2004 1785 2046 non
1844 2000 2027 2045 autem

449 2095 675 2167 quando
708 2093 830 2164 ejus
868 2092 1108 2163 populus
1139 2104 1289 2155 eum,
1328 2086 1425 2159 qui
1456 2093 1635 2149 vacat,
1670 2084 1755 2139 vel
1794 2083 2026 2138 invitum

453 2185 524 2241 ad
552 2201 674 2239 eam
740 2182 1145 2238 transtulerit:
1186 2180 1375 2249 adjicit
1404 2192 1581 2232 canon
1627 2190 1699 2231 ne
1742 2183 2053 2246 propterea“

450 2274 675 2346 quidem
712 2288 834 2328 esse
888 2272 964 2325 illi
1020 2266 1443 2341 ignoscendum,
1490 2264 1586 2335 qui
1639 2263 1693 2318 iu
1747 2269 2030 2317 vacantem

450 2366 718 2423 dimcesiu
768 2364 979 2434 aliquid
1032 2361 1347 2431 episcopale
1391 2357 1641 2414 exercuit
1676 2355 1883 2426 absque
1936 2370 2033 2426 sy-

450 2461 582 2516 nodi
619 2458 1005 2531 permissione.
1050 2455 1188 2511 Cum
1228 2463 1435 2519 autem,
1472 2459 1531 2506 ut
1594 2459 1681 2507 est
1714 2448 2033 2515 verisimile,

456 2566 488 2605 a
520 2548 941 2620 provincialium
965 2546 1353 2616 episcoporum
1378 2540 1793 2613 dispensatione
1820 2537 2034 2594 vacanti

454 2644 701 2712 cuipiam
730 2640 1058 2711 permissum
1090 2648 1237 2693 esset
1270 2637 1323 2691 iu
1356 2644 1590 2690 vacante
1634 2631 1869 2689 ecclesia
1894 2630 2038 2686 cele-

456 2735 642 2800 brare,
672 2742 728 2789 et
753 2733 857 2788 hoc
878 2732 1258 2796 damnaretur,
1290 2743 1357 2784 eo
1385 2726 1531 2799 quod
1559 2740 1669 2782 non
1700 2735 1849 2781 esset
1867 2725 2033 2781 etiam

456 2840 721 2882 assensus
756 2822 1248 2895 metropolitanus,
1298 2820 1557 2876 dicebant
1608 2818 1855 2890 quidam,
1911 2833 2038 2873 esse

454 2930 511 2975 et
558 2918 747 2973 vocari
817 2916 1086 2987 synodum
1153 2910 1579 2985 provincialium
1644 2909 2035 2981 episcoporum

456 3018 811 3073 conventum,
839 3016 895 3062 et
924 3006 1047 3062 ideo
1081 3003 1296 3059 firmum
1333 3016 1457 3059 esse
1516 3000 1665 3073 quod
1717 3000 1785 3056 ab
1835 3001 1917 3057 eis
1978 3000 2038 3055 tit

457 3103 577 3158 siue
614 3101 1065 3172 metropolitano,
1097 3096 1357 3168 quoniam
1393 3094 1778 3167 episcoporum
1813 3100 2039 3149 senten-

460 3195 593 3260 tiis,
650 3194 818 3249 etiam
878 3193 999 3248 sine
1055 3190 1519 3262 metropolitano,
1577 3187 1884 3245 contradici
1928 3200 2038 3241 non

460 3288 639 3353 potest
676 3281 978 3336 :dixerunt
1007 3278 1223 3345 Patres,
1251 3281 1307 3334 in
1362 3280 1465 3335 hac
1516 3294 1684 3335 causa
1742 3293 1862 3334 eam
1914 3290 2039 3332 esse

467 3372 771 3443 perfectam
807 3372 1102 3445 synodum,
1140 3388 1265 3442 qua:
1318 3372 1486 3428 habet
1517 3373 1684 3428 etiam
1726 3369 2045 3441 metropoli-

462 3473 650 3519 tunum
697 3472 1056 3533 prasentem;
1096 3471 1177 3517 est
1198 3470 1377 3517 autem
1413 3463 1688 3518 sententia
1713 3462 2043 3533 singularis;

414 3620 417 3623 η
467 3566 523 3612 et
546 3557 843 3627 singularia
872 3572 978 3611 non
1009 3556 1304 3611 trahuntur
1321 3555 1387 3610 ad
1402 3556 1730 3626 exemplum.
1752 3555 1892 3612 Nota
1916 3571 2046 3627 ergo

463 3663 528 3701 ex
549 3650 802 3717 praesenti
822 3660 1052 3712 canone,
1082 3643 1228 3715 quod
1250 3658 1374 3699 cum
1401 3644 1649 3715 synodali
1674 3645 1895 3701 decreto
1921 3661 2047 3716 per-

466 3739 702 3791 mittitur
740 3737 956 3791 vacanti
1010 3738 1272 3806 episcopo
1312 3738 1366 3790 in
1392 3744 1619 3792 vacante
1643 3737 1876 3792 ecclesia
1899 3738 2047 3794 cele-

467 3829 627 3881 brare
647 3845 662 3894 ;
685 3830 817 3898 quin
840 3838 893 3881 et
914 3829 966 3883 in
990 3828 1111 3899 ipso
1134 3828 1253 3897 ejus
1271 3830 1466 3884 throno
1492 3829 1703 3884 sedere.
1727 3828 1883 3899 Saepe
1901 3830 2044 3885 enim

466 3918 676 3980 audivi,
709 3920 856 3987 quod
912 3919 1273 3991 imperatorio
1309 3934 1530 3991 quoque
1566 3920 1829 3975 mandato
1877 3920 1945 3975 ad
1992 3921 2046 3977 id

467 4025 612 4081 Opus
651 4021 757 4065 est.
790 4011 1212 4082 lnterrogaverit
1241 4022 1422 4068 autem
1448 4013 1741 4083 quispiam,
1763 4012 2049 4079 Quomodo

470 4099 701 4171 intelligi
772 4100 933 4155 debet
999 4102 1173 4168 illud,
1222 4116 1346 4157 esse
1400 4102 1737 4173 ejiciendum
1783 4120 1905 4161 eum
1952 4106 2048 4174 qui

472 4194 617 4247 illam
671 4194 750 4259 sic
787 4194 986 4250 invasit
1029 4194 1359 4250 ecclesiam?
1407 4205 1462 4250 et
1514 4195 1772 4251 dicebant
1824 4197 2047 4267 quidem

469 4284 718 4339 nonnulli
751 4284 855 4339 boc
894 4285 962 4341 de
996 4288 1376 4358 segregatione
1428 4287 1627 4356 accipi.
1683 4287 1816 4344 Mihi
1866 4303 2049 4347 autem

467 4376 686 4431 videtur
703 4390 827 4431 esse
852 4378 1231 4446 accipiendum
1255 4379 1323 4436 de
1344 4381 1713 4453 depositione,
1740 4384 2045 4441 secundum

469 4483 713 4524 canones
737 4469 830 4540 qui
863 4470 1057 4525 dicunt
1078 4486 1173 4527 eos
1210 4487 1332 4529 esse
1366 4474 1723 4545 deponendos
1769 4478 1864 4547 qui
1899 4476 2049 4533 ordi-

2121 623 2176 661 τι
2217 608 2537 678 κωλυθῆναι
2581 609 2683 678 τὴν
2716 608 2848 679 παρ’
2895 608 3119 679 ὲνορίαν
3162 609 3469 678 ἐνέργειαν,
3513 608 3631 661 ἀλλ’
3679 608 3717 680 ἢ

2123 700 2212 754 διά
2236 700 2295 753 τὸ
2328 700 2403 771 μὴ
2435 699 2756 771 ὑϐρίζεσθαι
2785 700 2818 771 ἢ
2849 702 3310 772 καταφρονεῖσθαι
3337 700 3428 754 τὸν
3468 700 3571 770 τῆς
3602 703 3727 755 ενο-

2126 795 2249 869 ρίας
2277 796 2481 863 ταύτης
2514 796 2779 867 πρόεδρον
2806 813 2822 829 ο
2867 794 3172 869 ἀρχιερέως
3217 797 3276 850 δὲ
3331 797 3407 867 μὴ
3458 797 3619 859 ὄντος
3659 800 3725 850 ἑν

2124 893 2191 961 τῇ
2225 889 2562 962 σχολαζούσῃ
2608 889 2900 961 ἐκκλησίᾳ,
2928 890 3051 943 ἐπεὶ
3077 890 3171 943 καὶ
3194 890 3355 953 αὐτὸς
3384 888 3485 958 τὴν
3510 887 3716 958 λαχοῦο

2127 999 2227 1039 σαν
2258 981 2447 1037 τοῦτον
2477 984 2577 1037 οὐκ
2618 984 2754 1053 ἔχει,
2790 981 2895 1035 ὕπὸ
2937 982 3048 1037 τῶν
3093 982 3264 1039 ἐθνῶν
3310 984 3719 1053 κατεχομένην,

2127 1076 2251 1131 οϐτε
2282 1076 2350 1131 τά
2373 1076 2472 1145 τῆς
2504 1073 2765 1148 ῥηθείσης
2806 1073 3020 1145 ὕϐρεως
3045 1074 3230 1145 χώραν
3265 1074 3402 1146 ἔχει,
3447 1075 3576 1129 οὐδὲ
3618 1077 3725 1127 αὑ-

2126 1172 2219 1232 τὸς
2252 1167 2854 1239 προκριματισθήσεται
2902 1167 3155 1222 ἐπέκεινα
3182 1162 3256 1223 ὧν
3276 1168 3385 1240 ἔχει
3414 1167 3727 1237 ίδιούμενος

2129 1260 2197 1313 τά
2224 1260 2510 1330 ἀλλότρια.
2534 1259 2673 1330 Φησὶ
2696 1258 2876 1312 τοίνυν
2898 1258 2925 1311 ὁ
2952 1256 3134 1312 κανὼν
3165 1258 3257 1312 τὸν
3294 1259 3439 1313 οὕτω
3470 1258 3728 1331 ῥιψοκιν-

2127 1354 2301 1419 δύνως
2335 1353 2654 1424 ἁρπάζοντα
2682 1354 2775 1405 τὸν
2814 1350 2890 1421 μὴ
2922 1352 3144 1406 δοθέντα
3187 1353 3336 1423 αὐτῷ
3364 1352 3565 1423 θρόνον
3621 1350 3730 1405 ὑπὸ

2128 1448 2227 1517 τῆς
2260 1447 2482 1519 χάριτος
2504 1446 2598 1501 τοῦ
2630 1444 2899 1516 παναγίου
2932 1446 3275 1517 Πνεύματος,
3306 1446 3408 1498 κᾶν
3431 1444 3724 1515 σχολάζων

2129 1539 2268 1603 ἐστὶ,
2297 1539 2392 1592 καὶ
2419 1539 2453 1610 ὴ
2496 1536 2721 1609 τοιαύτη
2769 1537 3036 1609 ἐκκλησία
3072 1536 3439 1607 σχολάζουσα,
3471 1533 3728 1602 ἀπόϐλη-

2129 1646 2222 1683 τον
2269 1628 2544 1698 γίνεσθαι.
2601 1629 2690 1691 Ὠς
2727 1627 2786 1682 δέ
2827 1645 2976 1691 τινος
3027 1628 3280 1690 εἰπόντος
3329 1626 3511 1680 ταῦτα
3538 1624 3735 1693 χώραν

2131 1723 2277 1793 ἔχειν
2300 1722 2430 1775 ἔνθα
2457 1721 2768 1795 λῃστρικῶς
2811 1723 2840 1775 ὁ
2875 1720 3155 1792 σχολάζων
3187 1720 3589 1790 ἐσφετερίσατο
3622 1718 3730 1787 τὴν

2134 1813 2527 1885 σχολάζουσαν,
2558 1813 2617 1866 ού
2656 1814 2764 1885 μὴν
2788 1815 2875 1868 ὅτε
2905 1814 2935 1867 ὁ
2972 1812 3179 1884 ταύτης
3207 1811 3332 1875 λαὸς
3365 1809 3464 1865 καὶ
3514 1809 3730 1863 ἄκοντα

2136 1907 2228 1961 τὸν
2263 1906 2598 1978 σχολάζοντα
2645 1908 2963 1978 μετήγαγεν
2993 1907 3075 1969 είς
3107 1906 3279 1976 αὐτήν
3305 1919 3323 1935 ⁸
3357 1902 3734 1974 προστίθησιν

2136 2001 2165 2055 ὁ
2194 2000 2376 2055 κανὼν
2407 2000 2546 2071 μηδὲ
2584 2000 2692 2055 ἀπὸ
2722 2000 2915 2054 τούτου
2967 1996 3441 2066 συγγινώσκεσθαι
3493 1996 3593 2049 τὸν
3644 1998 3732 2058 είς

2142 2091 2515 2165 σχολάζουσαν
2533 2090 2752 2161 ἱνορίαν
2780 2089 3170 2162 άρχιερατικόν
3196 2105 3249 2143 τι
3281 2088 3571 2159 πράξαντα
3603 2086 3734 2156 δίχα

2142 2185 2430 2256 συνοδικῆς
2459 2184 2789 2257 ἐπιτροπῆς.
2832 2183 2985 2237 Ἐπεὶ
3026 2183 3106 2248 δὲ,
3151 2183 3230 2247 ὡς
3273 2182 3469 2248 ἔοικεν,
3500 2180 3613 2236 ἀπὸ
3652 2184 3736 2234 οξ-

2140 2280 2403 2349 κονομίας
2453 2276 2820 2348 ἑπαρχιωτῶν
2860 2276 3183 2331 ἐπισκόπων
3229 2274 3614 2347 παρεχωρήθη
3644 2288 3733 2337 τις

2144 2372 2421 2444 σχολάζων
2440 2373 2748 2441 ἱερουργεῖν
2782 2371 2863 2435 είς
2886 2368 3281 2441 σχολάζουσαν,
3305 2370 3402 2423 καὶ
3434 2367 3533 2421 τοῦ
3567 2383 3736 2435 γεγο-

2142 2466 2292 2529 νότος
2329 2463 2831 2535 κατακρινομὲνου,
2882 2462 2972 2516 διὰ
3019 2462 3088 2514 τὸ
3140 2460 3217 2532 μὴ
3265 2458 3734 2530 συμψηφίσασθαι

2142 2559 2238 2613 καὶ
2281 2557 2373 2611 τὸν
2426 2555 2859 2628 μητροπολίτην,
2898 2553 3086 2623 ἔλεγόν
3116 2570 3265 2614 τινες
3318 2552 3537 2607 σύνοδον
3589 2546 3738 2605 εἶναι

2144 2650 2240 2705 καλ⁵
2265 2649 2634 2719 ὀνομάζεσθαι
2681 2648 2781 2715 τὴν
2813 2646 3129 2702 συνέλευσιν
3172 2647 3285 2701 τῶν
3334 2645 3733 2719 ἐπαρχιωτῶν,

2144 2740 2443 2795 κάντεῦθεν
2473 2737 2617 2794 εἶναι
2650 2738 2869 2809 βέϐαιον
2914 2740 2977 2792 τὸ
3024 2739 3175 2809 παρὰ
3204 2740 3410 2793 τούτων
3438 2740 3738 2810 γινόμενον

2144 2832 2268 2903 δίχα
2289 2832 2386 2887 τοῦ
2420 2831 2846 2903 μητροπολίτου,
2878 2832 2961 2887 ὅτι
2994 2832 3087 2886 καὶ
3132 2834 3187 2886 αί
3228 2830 3403 2905 ψῆφοι
3448 2831 3561 2885 τῶν
3607 2833 3737 2886 ἑπι-

2148 2926 2368 2979 σκόπων
2397 2924 2786 2997 ἀναντίρρητοί
2818 2927 2946 2988 εἱσι,
2969 2924 3253 2994 γινόμεναι
3283 2926 3378 2978 καὶ
3406 2924 3581 2978 ταῦτα
3611 2924 3739 2993 δίχα

2144 3015 2241 3071 τοῦ
2276 3016 2686 3087 μητροπολίτου
2710 3030 2726 3045 ⁸
2760 3011 2916 3069 εἶπον
2948 3017 2996 3068 oi
3026 3014 3276 3089 Πατέρες
3318 3015 3411 3069 ἐπὶ
3437 3015 3618 3087 ταύτῃ
3663 3018 3736 3086 τῇ

2148 3107 2403 3162 ὑποθέσει
2433 3106 2652 3177 εκείνην
2680 3102 2821 3160 εἶναι
2843 3106 3059 3161 τελείαν
3085 3094 3332 3173 σύνοδον,
3363 3107 3467 3178 τὴν
3490 3106 3735 3177 ἔχουσαν

2149 3197 2588 3267 παρουσιάζοντα
2638 3197 2733 3251 καὶ
2778 3196 2872 3251 τὸν
2927 3197 3371 3268 μητροπολίτην·
3419 3198 3480 3252 τὸ
3522 3199 3582 3252 δὲ
3632 3200 3738 3269 τῆς

2143 3291 2327 3363 ψήφου
2374 3291 2542 3345 ίδικόν
2590 3292 2734 3356 ἔστι,
2770 3290 2867 3344 καὶ
2919 3291 2990 3344 τὰ
3035 3290 3181 3343 ἰδικά
3213 3290 3311 3362 οὐχ
3350 3290 3609 3345 ἕλκονται
3656 3294 3740 3354 εἰς

2146 3384 2478 3452 ὑπόδειγμα.
2511 3382 2678 3434 Ὥστε
2713 3382 3026 3451 σημείωσαι
3061 3383 3171 3436 ἀπὸ
3195 3382 3288 3436 τοῦ
3319 3383 3589 3453 παρόντος
3622 3399 3730 3437 κα-

2145 3474 2293 3538 νόνος
2323 3474 2404 3527 ὅτι
2432 3474 2646 3542 ἐφεῖται
2698 3472 2837 3542 μετὰ
2888 3472 3176 3545 συνοδικῆς
3228 3472 3580 3543 διαγνώσεως
3628 3492 3737 3529 πα-

2150 3566 2420 3637 ραχωρεῖν
2466 3562 2544 3633 τῷ
2599 3563 2923 3634 σχολάζοντι
2974 3564 3259 3637 ὲπισκόπῳ
3302 3566 3615 3636 ἱερουργεῖν
3655 3569 3741 3631 είς

2149 3657 2525 3729 σχολάζουσαν
2546 3658 2867 3729 ἐκκλησίαν,
2902 3658 3181 3730 καθῆσθαι
3208 3659 3266 3713 δι
3303 3662 3395 3713 καὶ
3445 3663 3530 3725 εἰς
3570 3663 3741 3715 αὐτὸν

2147 3751 2239 3804 τὸν
2266 3749 2458 3823 θρόνον
2490 3749 2682 3821 αὐτῆς.
2720 3750 2971 3804 Ἤκουσα
3001 3750 3113 3820 γάρ
3162 3750 3427 3814 πολλάκις
3451 3752 3536 3804 ὃτι
3568 3752 3736 3821 χρεία

2149 3842 2265 3896 ἐστὶ
2288 3841 2426 3914 πρὸς
2470 3843 2630 3896 τοῦτο
2662 3843 2757 3896 καὶ
2804 3842 3094 3913 βασιλικῆς
3142 3843 3525 3914 προστάξεως.
3560 3845 3736 3914 Ἐρω-

2146 3936 2301 4006 τήσει
2335 3936 2390 3988 δέ
2418 3952 2526 4001 τις,
2550 3933 2667 3997 πῶς
2688 3934 2897 4002 ὀφείλει
2923 3935 3186 4006 νοηθῆναι
3210 3935 3272 3988 τὸ
3300 3932 3444 3989 εῖναι
3481 3936 3742 4006 ἀπόϐλη-

2148 4043 2242 4081 τον
2278 4026 2372 4081 τὸν
2397 4025 2571 4089 οὕτως
2597 4026 2931 4095 ἁρπάσαντα
2951 4025 3277 4096 ἑκκλησίανς
3309 4026 3418 4081 Καί
3444 4044 3592 4091 τινες
3629 4029 3732 4099 μὲν

2150 4116 2305 4174 εἷπον
2333 4118 2780 4188 ὲκλαμϐάνεσθαι
2807 4116 2967 4174 τοῦτο
3011 4118 3095 4182 είς
3138 4120 3450 4190 ὰφορισμόν
3475 4136 3492 4151 ·
3525 4122 3655 4191 ἐμοὶ
3679 4120 3743 4175 δὲ

2149 4209 2299 4265 δοκεῖ
2345 4209 2426 4273 είς
2473 4208 2815 4278 καθαίρεσιν,
2845 4208 2992 4262 κατὰ
3028 4212 3159 4271 τοὺς
3209 4210 3445 4273 κανόνας
3473 4213 3608 4274 τοὺς
3640 4212 3737 4265 λέ-

2150 4317 2351 4371 γοντας
2397 4299 2781 4369 καθαιρεῖσθαι
2848 4301 2977 4363 τοὺς
3039 4301 3174 4373 παρ’
3223 4303 3442 4373 ἐνορίαν
3486 4320 3743 4374 χειροτο⁴

2152 4392 2400 4457 νοῦντας.
2456 4392 2521 4447 Ei
2571 4392 2682 4463 γὰρ
2728 4394 2756 4447 ὁ
2798 4392 2887 4463 ιφ’
2939 4392 3096 4465 ὕϐρει
3153 4395 3248 4447 τοῦ
3305 4395 3574 4465 ἐγχωρίου
3617 4396 3742 4458 ἑνὸς

2152 4484 2455 4557 ἀρχιερέως
2498 4484 2803 4555 ἕνεργήσας
2843 4484 3234 4555 άρχιερατικὸν
3263 4501 3317 4537 τι
3348 4484 3697 4555 καθαιρεὶται
3721 4504 3737 4517 ·

469 4567 605 4613 nant
633 4559 777 4614 ultra
809 4576 938 4616 suas
964 4561 1254 4619 dimceses.
1286 4563 1344 4621 Si
1371 4566 1539 4634 enim,
1570 4569 1664 4639 qui
1698 4569 1764 4626 ad
1790 4571 2038 4639 injuriam

2158 4575 2336 4646 πολλῷ
2366 4574 2527 4629 πλέον
2556 4574 2956 4647 κολασθήσεται
2984 4576 3011 4629 ὁ
3045 4575 3140 4628 ἐπὶ
3188 4574 3341 4647 ὕϐρει
3387 4576 3606 4640 τελείας
3645 4594 3743 4630 συ-

470 4652 635 4708 unius
692 4652 981 4719 antistitis,
1039 4654 1136 4724 qui
1182 4665 1269 4713 est
1319 4658 1376 4713 in
1432 4661 1681 4731 regione,
1735 4664 2048 4735 episcopale

467 4745 752 4815 quidpiam
784 4747 1053 4809 exercuit,
1099 4747 1439 4819 deponitur:
1498 4751 1674 4806 multo
1730 4754 1907 4823 magis
1950 4768 2049 4823 pu-

471 4838 676 4902 nietur,
708 4838 805 4909 qui
846 4837 913 4894 ad
955 4838 1213 4909 perfectae
1260 4841 1453 4911 synodi
1493 4840 1749 4914 injuriam
1780 4845 1887 4899 tale
1914 4846 2044 4915 quid

471 4932 621 4987 fecit.
655 4932 823 5005 M6
869 4933 1023 5004 Saepe
1058 4936 1349 5004 quaesitum
1382 4946 1492 5006 est,
1523 4938 1658 5005 Quis
1713 4949 1798 4997 est
1858 4942 1905 4998 is
1954 4941 2052 5014 qui

470 5036 650 5090 vacat,
686 5034 741 5080 et
773 5040 1023 5095 quaenam
1056 5026 1271 5083 dicatur
1301 5044 1493 5087 vacare
1524 5029 1767 5086 Ecclesia
1800 5032 1824 5085 1
1858 5033 1937 5086 Ac
1983 5033 2052 5089 de

469 5128 703 5171 vacante
755 5118 978 5186 quidem
1051 5120 1285 5175 ecclesia
1339 5122 1493 5175 nulla
1560 5120 1662 5177 fuit
1715 5123 1986 5180 dubitatio
2033 5136 2051 5180 :

473 5224 667 5265 omnes
699 5211 845 5265 enim
885 5210 1146 5267 dixerunt
1182 5229 1302 5268 eam
1347 5229 1469 5271 esse
1530 5224 1815 5272 vacantem
1875 5217 2056 5273 eccle-

473 5303 636 5368 siam,
671 5318 795 5374 qua:
846 5304 1095 5359 antistite
1145 5308 1338 5361 orbata
1375 5316 1516 5362 est:
1561 5308 1656 5362 sed
1707 5308 1775 5362 de
1821 5319 2053 5365 vacante

473 5395 724 5450 antistite
747 5396 917 5450 multa
942 5395 1046 5450 fuit
1064 5399 1466 5463 controversia,
1494 5404 1549 5452 et
1569 5396 1777 5471 placuit
1801 5399 2055 5455 omnibus

2151 4668 2307 4723 νόδου
2384 4666 2629 4720 τοιοῦτόν
2700 4684 2755 4721 τι
2816 4668 3072 4738 ποιήσας.
3157 4667 3430 4737 Πολλάκις
3506 4669 3739 4739 συνεζη-

2150 4758 2291 4830 τήθη
2328 4757 2465 4829 (50),
2513 4759 2597 4821 τίς
2642 4758 2791 4812 ἐστιν
2828 4760 2857 4813 6
2904 4759 3203 4830 σχολάζων,
3231 4763 3327 4813 καὶ
3361 4760 3496 4814 ποία
3529 4762 3679 4815 ἐστὶν
3703 4764 3738 4831 ἠ

2154 4850 2515 4924 σχολάζουσα.
2548 4852 2658 4905 Καὶ
2687 4852 2814 4923 περὶ
2848 4850 2948 4923 μὲν
2980 4852 3081 4922 τῆς
3111 4850 3481 4924 σχολαζούσης
3511 4855 3740 4923 οὐδεμία

2158 4945 2384 5013 γᾶτονεν
2413 4942 2715 5014 ἀμφιϐολία
2734 4962 2749 4979 ο
2794 4945 2995 5011 πάντες
3026 4946 3138 5017 γὰρ
3170 4946 3401 5016 διέγνων
3435 4948 3736 5018 σχολάζουο

2163 5051 2260 5088 σαν
2289 5030 2430 5089 εἶναι
2462 5034 2560 5108 τὴν
2593 5035 2942 5106 χηρεύουσαν
2982 5038 3323 5110 ἀρχιερέως*
3374 5039 3507 5110 περὶ
3539 5040 3599 5093 δδ
3644 5039 3740 5093 τοῦ

2163 5126 2513 5198 σχολάζοντος
2544 5127 2711 5199 ηρεσε
2740 5130 2875 5183 πᾶσι
2898 5129 3231 5199 σχολάζοντα
3264 5126 3405 5184 εἶναι
3454 5131 3534 5202 μὴ
3583 5131 3741 5186 δυνά-

2164 5236 2325 5289 μενον
2355 5218 2614 5273 ἀπελθεῖν
2662 5220 2743 5283 είς
2789 5222 2855 5290 ην
2909 5221 3267 5291 ἐπεκηρύχθη
3300 5222 3625 5292 ἐκκλησίαν.
3653 5224 3742 5277 διὰ

2160 5311 2224 5364 τὸ
2253 5311 2359 5364 ὑπὸ
2389 5310 2559 5366 ὲθνῶν
2590 5313 2623 5382 ἢ
2663 5312 2959 5384 αἱρετικῶν
2990 5315 3198 5386 ταύτην
3232 5314 3583 5386 κατέχεσθαι,
3610 5317 3741 5379 ἴσως

2159 5402 2219 5457 δὲ
2249 5403 2581 5475 κοινωθῆναι
2610 5406 2705 5460 καὶ
2731 5407 2809 5479 μὴ
2849 5408 3298 5480 παραχωρεῖσθαι
3330 5408 3422 5462 τὸν
3472 5411 3740 5481 ἀρχιερέα

1715 5514 1905 5577 Guitl.
1942 5518 2265 5601 Beveregii
2296 5532 2487 5587 notae.

545 5612 988 5695 (50)_{Iq.l.1dmg
1018 5614 1419 5695 συνεζητήθη.
1454 5613 1580 5670 Haec
1598 5630 1772 5695 usque
1802 5616 1869 5669 ad
1896 5615 2054 5695 linem

474 5683 646 5752 hujus
672 5683 1012 5741 Balsamonis
1045 5688 1126 5739 in:
1149 5683 1586 5741 bunc'canonem
1628 5683 2043 5756 interpretatio-

477 5756 564 5834 nis
596 5770 697 5834 ms.
725 5762 934 5834 nostro
960 5755 1259 5834 Bodleiano
1292 5764 1517 5825 accepta
1568 5755 1824 5834 referas:
1858 5772 2042 5834 neque

476 5825 624 5880 enim
655 5825 711 5882 in
761 5826 1063 5886 Parisiensi
1092 5827 1333 5887 editione
1358 5834 1614 5895 exstant;
1656 5827 1761 5883 nisi
1798 5825 2033 5897 quod‘in

2161 5627 2546 5697 supplemento
2578 5626 2771 5684 Latina
2804 5644 2994 5685 eorum
3026 5629 3207 5687 versio
3234 5645 3263 5685 a
3297 5631 3571 5687 Gentiano
3602 5632 3734 5687 Iler-

2165 5706 2288 5750 veto
2346 5698 2628 5754 elaborata
2693 5700 2985 5755 habeatur.
3017 5701 3122 5757 Sed
3184 5704 3239 5755 in
3293 5704 3736 5760 Amerbachiano

2158 5766 2370 5837 codice,
2400 5784 2705 5845 uon_secus
2734 5782 2899 5843 atque
2926 5772 2986 5830 in
3024 5781 3236 5842 nostro,
3262 5772 3540 5844 leguntur.
