3990 6482
252 358 388 425 1325

324 497 343 529 ι
380 477 459 537 εἰς
488 473 556 544 ἢν
592 472 977 545 ἐχειροτονήθη
1007 473 1326 537 ἐπίσκοπος,
1346 469 1407 523 οὐ
1447 467 1536 521 διὰ
1561 466 1662 537 τὴν
1693 466 1818 533 ἐαυ-
1849 469 1891 524 Α

323 586 341 619 ι
380 567 474 620 τοῦ
515 565 717 628 αἰτίαν,
742 564 860 617 ἀλλ’
903 563 1133 633 ἧτοιδιὰ
1175 562 1281 633 τὴν
1326 560 1423 613 τοῦ
1465 558 1596 612 λαοῦ
1628 555 1832 627 παραί·

322 676 343 710 ι
378 655 613 727 τησιν,ῆ
645 654 713 706 δι’
743 652 939 723 ἑτέραν
971 651 1155 705 αἰτίαν
1194 653 1295 703 οὐκ
1328 650 1387 714 ἐξ
1414 644 1580 700 αὑτοῦ
1604 643 1834 712 γενομέ-

324 765 344 799 ι
383 762 481 813 νην
512 760 527 775 ο
546 744 733 797 τοῦτον
765 742 1012 811 μετέχειν
1031 741 1131 809 τῆς
1158 739 1325 808 τιμῆς
1346 737 1439 790 καὶ
1471 738 1570 805 τῆς
1594 732 1834 801 λειτουρ-

324 854 345 888 ι
382 835 525 904 γίας,
571 837 731 904 μόνον
756 832 923 903 μηδὲν
946 829 1385 901 παρενοχλοῦντα
1406 829 1516 889 τοῖς
1541 825 1834 895 πράγμασι

322 945 342 979 ι
380 928 477 996 τῆς
510 926 829 997 ἐκκλησίας,
862 923 989 977 ἔνθα
1018 922 1083 977 ἂν
1140 922 1446 989 συνάγοιτο.
1484 915 1834 988 Ἐκδέχεσθαι

323 1036 342 1071 ι
374 1019 432 1073 δὲ
456 1018 666 1082 τοῦτον,
702 1018 730 1071 δ
763 1018 831 1071 ἂν
861 1018 894 1087 ἡ
919 1017 1019 1087 τῆς
1049 1015 1319 1086 ἐπαρχίας
1378 1011 1564 1065 τελεία
1614 1008 1832 1071 σύνοδος

329 1129 348 1162 ι
385 1111 618 1179 κρίνασα
640 1110 703 1163 τὸ
733 1108 1142 1180 παριστάμενον
1173 1106 1390 1177 ὁρίσῃ.)

321 1204 521 1258 ΒᾹΛΣ.
581 1204 663 1255 Ἐν
692 1202 788 1273 μὲν
818 1202 897 1271 τῷ
932 1202 996 1266 ιζ’
1019 1200 1207 1254 κανόνι
1283 1197 1604 1260 κολάζουσιν
1636 1193 1686 1247 οἱ
1718 1194 1833 1246 Πα-

248 1297 403 1365 τέρες
436 1299 528 1349 τὸν
572 1295 1026 1365 χειροτονηθέντα
1059 1296 1153 1347 καὶ
1182 1292 1256 1362 μὴ
1325 1290 1644 1359 πειθόμενον
1668 1286 1835 1339 ἀπελ-

249 1388 364 1442 θεῖν
392 1393 470 1452 είς
500 1390 598 1458 τὴν
629 1387 905 1457 λαχοῦσαν
935 1388 1098 1440 αὐτόν
1131 1403 1144 1418 θ
1170 1388 1230 1438 ἐν
1260 1385 1317 1437 δὲ
1344 1384 1423 1452 τῷ
1452 1383 1675 1452 παρόντι
1700 1396 1831 1447 συγ-

247 1481 473 1552 γνώμης
534 1480 745 1545 ἀξιοῦσι
807 1480 901 1533 τὸν
964 1476 1413 1549 χειροτονηθέντα
1458 1474 1555 1527 καὶ
1612 1473 1835 1525 θέλοντα

252 1576 355 1644 μὲν
387 1574 650 1627 ἀπελθεῖν
672 1576 753 1635 είς
803 1572 872 1643 ἣν
932 1570 1318 1642 ἐχειροτονήθη
1371 1567 1689 1638 παροικίαν,
1757 1564 1832 1633 μὴ

250 1669 761 1739 παραχωρούμενον
794 1665 851 1718 δὲ
881 1666 913 1735 ἦ
949 1664 1039 1717 διὰ
1081 1665 1180 1735 τὴν
1211 1661 1307 1716 τοῦ
1368 1662 1425 1713 ἐν
1462 1661 1648 1731 ἐκείνῃ
1700 1656 1832 1710 λαοῦ

250 1758 667 1829 ἀναισχυντίαν,
696 1760 728 1829 ἢ
763 1758 849 1812 διὰ
882 1758 1184 1828 ἐπιδρομὴν
1232 1754 1435 1807 ἐθνῶν’
1472 1753 1554 1806 διδ
1597 1753 1692 1805 καὶ
1713 1752 1835 1803 ἐπι-

253 1851 537 1922 τρέπουσι,
616 1851 750 1921 παρ’
807 1845 939 1923 ᾖάν
1001 1850 1328 1919 εὑρίσκηται
1400 1845 1605 1916 ἐνορίᾳ,
1663 1843 1831 1912 τιμῆς

251 1942 555 2007 ἀξιοῦσθαι,
585 1942 754 2011 ἤγουν
782 1941 1047 2011 καθέδρας
1103 1940 1198 1993 καὶ
1226 1939 1476 2007 κλήσεως
1535 1939 1628 1991 καὶ
1684 1937 1834 2006 ἐνερ-

255 2034 408 2099 γείας
447 2032 866 2103 ἀρχιερατικῆς,
906 2034 1043 2101 μετὰ
1090 2033 1346 2100 είδὴσεως
1396 2029 1491 2083 καὶ
1528 2028 1833 2098 ἐπιτροπῆς

253 2118 351 2178 τοῦ
400 2127 672 2195 ἐγχωρίου
729 2126 1071 2178 ἐπισκόπου·
1103 2124 1247 2195 πλὴν
1303 2122 1487 2193 μέντοι
1547 2120 1623 2191 μὴ
1685 2120 1832 2189 ἔχειν

253 2218 392 2280 ὅλως
436 2218 730 2285 μετουσίαν
778 2219 972 2279 ἐντοῖς
1026 2217 1320 2286 πράγμασι
1378 2216 1478 2281 τῆς
1538 2210 1834 2283 ἐκκλησίας

254 2309 472 2379 ἐκείνης
507 2308 633 2362 ἔνθα
689 2312 954 2372 κατοικεῖ,
1021 2308 1191 2378 ἤγουν
1263 2310 1338 2378 μὴ
1382 2308 1677 2370 διδάσκειν,
1759 2304 1834 2373 μὴ

254 2404 603 2472 χειροτονεῖν,
638 2402 714 2473 μὴ
774 2401 963 2473 ἐτερόν
1016 2419 1069 2453 τι
1136 2402 1386 2472 ἐνεργεῖν
1446 2396 1834 2467 ἀρχιερατικὺν

255 2496 426 2566 χωρὶς
482 2494 791 2564 ἐπιτροπῆς
850 2492 944 2547 τοῦ
1004 2494 1273 2563 ἐγχωρίου
1328 2491 1656 2554 ἐπισκόπου,
1718 2487 1833 2541 ἀλλ’

255 2584 551 2654 ἡσυχάζειν
584 2587 781 2657 μέχρις
818 2585 883 2638 ἂν
914 2586 977 2637 τὸ
1018 2586 1268 2653 ποιητέον
1298 2582 1445 2653 μάθῃ
1480 2582 1589 2635 ἀπὸ
1626 2582 1835 2634 οἰκονο-

258 2679 385 2747 μίας
425 2677 519 2728 καὶ
543 2678 781 2745 κρίσεως
805 2677 1019 2737 τελείας
1045 2675 1289 2730 συνόδου.

328 2769 575 2821 ΖΩΝΑΡ.
619 2766 676 2820 '0
712 2767 1108 2838 χειροτονηθεὶς
1140 2768 1219 2829 είς
1255 2764 1552 2837 ἐκκλησίαν
1605 2766 1833 2831 πόλεως,

256 2861 355 2912 καὶ
391 2860 465 2929 μὴ
498 2859 745 2929 δυνηθεὶς
764 2861 843 2922 είς
864 2859 1035 2929 αὐτὴν
1052 2859 1327 2923 ἀπελθεῖν,
1352 2860 1483 2922 ἴσως
1513 2859 1616 2912 ὑπὸ
1650 2859 1837 2920 ἔθνους

258 2952 679 3021 κυριευομένην,
718 2952 751 3022 ἢ
780 2952 963 3021 χώρας
982 2952 1047 3003 δι’
1078 2946 1144 3022 ἧς
1174 2950 1389 3004 ὁδεῦσαι
1425 2951 1587 3004 αὐτὸν
1621 2951 1833 3020 ἀνάγκη

260 3044 369 3097 ὑπὸ
406 3043 701 3114 βαρϐάρων
732 3044 1131 3114 κατεχομένης,
1182 3043 1215 3112 ἢ
1284 3043 1379 3095 τοῦ
1432 3043 1562 3095 λαοῦ
1598 3044 1698 3113 τῆς
1734 3045 1834 3095 πό-

255 3135 393 3198 λεως
418 3136 483 3189 δι’
502 3136 729 3199 ἀταξίαν
767 3136 977 3188 οἰκείαν
1032 3136 1105 3205 μὴ
1133 3135 1426 3205 δεχομένου
1507 3134 1690 3199 αὑτὸν,
1735 3134 1836 3204 τὴν

261 3230 360 3296 μὲν
391 3230 555 3298 τιμὴν
586 3230 685 3299 τὴν
717 3231 1102 3297 προσήκουσαν
1135 3228 1424 3297 ἐπισκόπῳ
1450 3227 1562 3294 ἐξει
1596 3226 1694 3280 καὶ
1728 3228 1827 3294 τὴν

261 3321 648 3391 λειτουργίαν*
685 3320 745 3372 οὐ
795 3320 902 3389 γὰρ
967 3320 1139 3382 αἴτιος
1191 3320 1356 3382 αὑτός
1406 3321 1525 3372 ἐστι
1580 3318 1674 3372 τοῦ
1760 3318 1835 3389 μὴ

258 3412 515 3467 ἀπελθεῖν
550 3414 627 3476 είς
659 3413 759 3483 τὴν
784 3410 1060 3482 λαχοῦσαν
1093 3412 1255 3464 αὐτὸν
1316 3410 1612 3482 ἐκκλησίαν
1645 3427 1660 3442 ⁸
1694 3429 1836 3481 παρ-

258 3507 497 3575 ενοχλεῖν
521 3504 577 3557 δὲ
612 3506 724 3567 τοῖς
759 3506 1050 3573 πράγμασι
1106 3504 1203 3572 τῆς
1236 3504 1556 3572 ἐκκλησίας,
1609 3503 1737 3556 ἔνθα
1769 3505 1836 3558 ἄν

262 3599 553 3666 ουνάγοιτο
575 3599 636 3651 οὐ
662 3603 1099 3669 παραχωρεῖται.
1122 3600 1213 3662 Εἰς
1244 3599 1351 3667 γάρ
1376 3616 1497 3651 τινα
1530 3599 1684 3651 πόλιν
1707 3601 1837 3662 ίσως

256 3689 643 3760 Ξαταιαύτῷὴ
681 3690 1081 3756 κατοικία,καῖ
1123 3690 1274 3759 παρὰ
1325 3692 1390 3759 τῇ
1452 3690 1552 3760 τῆς
1631 3690 1839 3753 πόλεως

256 3780 473 3849 ἐκείνης
496 3780 761 3851 ἐκκλησίᾳ
826 3781 1110 3847 συνάγοιτο
1182 3780 1266 3833 ἄν.
1314 3781 1581 3850 Ἐνοχλεῖν
1603 3781 1695 3835 οὖν
1724 3784 1839 3845 τοῖς

264 3871 559 3939 πράγμασι
591 3869 691 3939 τῆς
735 3870 1031 3937 ἐκκλησίας
1057 3870 1275 3939 ἐκείνης
1299 3871 1399 3923 οὐκ
1430 3872 1647 3934 ἐξέσται
1667 3872 1834 3940 αὐτῷ·

257 3960 383 4011 οὔτε
432 3961 539 4028 γὰρ
559 3960 829 4014 διδάσκειν
858 3960 1081 4013 δύναται
1109 3964 1245 4022 ἐκεῖ,
1301 3960 1426 4013 οὔτε
1490 3966 1834 4031 χειροτονεῖν,

256 4050 381 4104 οὔτε
409 4054 726 4123 ἱερουργεῖν,
754 4054 802 4103 εἰ
838 4054 912 4122 μὴ
939 4054 1292 4123 ἐπιτραπείη,
1329 4053 1453 4106 οὔτε
1483 4072 1533 4107 τι
1566 4054 1676 4107 τῶν
1708 4072 1838 4124 προ-

263 4144 432 4194 σόδων
467 4144 880 4213 σφετερίζεσθαι
912 4144 1009 4211 τῆς
1037 4144 1333 4213 ἐκκλησίας
1365 4147 1605 4210 ἐκείνης.
1664 4147 1840 4215 Αναρσ

258 4235 426 4303 τῆσαι
484 4237 540 4289 δὲ
574 4237 636 4288 τὸ
666 4238 772 4289 πᾶν
810 4238 1022 4304 ὀφείλει
1045 4239 1122 4299 είς
1176 4237 1273 4307 τὴν
1304 4239 1487 4304 κρίσιν
1516 4238 1609 4289 καὶ
1631 4240 1840 4291 οἰκονοο

266 4331 399 4399 μίαν
430 4331 530 4400 τῆς
558 4330 770 4392 τελείας
805 4330 1063 4396 συνόδου,
1086 4330 1227 4382 ὥστε
1274 4332 1404 4399 παρ’
1455 4330 1667 4397 ἐκείνης
1690 4330 1841 4399 αὐτῷ

259 4420 518 4487 γενέσθαι
542 4422 822 4492 πρόνοιαν.

1224 356 1302 416 ΙΝ
1342 354 1502 415 CAN.
1538 351 1735 415 XVIII
1773 348 1981 410 CONti.
2026 350 2084 409 ll
2116 349 2474 412 ANTIOCH.

3374 344 3507 409 1326

2037 480 2056 513 ι
2103 479 2263 534 quam
2283 474 2366 520 est
2389 462 2677 518 ordinatus
2702 462 3016 534 epist-Opus,
3036 477 3143 516 non
3171 476 3268 516 sua
3289 461 3509 531 quidem

2012 574 2032 607 ι
2079 557 2262 626 culpa,
2294 555 2391 611 sed
2447 566 2671 626 propter
2710 556 2896 625 populi
2948 555 3373 616 recusationem,
3419 555 3504 609 vel

2014 668 2032 701 ι
2079 649 2315 719 aliquam
2354 649 2516 702 aliam
2558 663 2805 709 causam,
2835 662 2957 717 qua:
2980 662 3008 700 a
3057 662 3115 702 sc
3144 663 3249 700 non
3283 648 3457 701 oritur
3488 663 3504 701 :

2012 767 2032 801 ι
2079 750 2124 804 is
2150 748 2223 802 sit
2251 754 2305 801 et
2335 745 2562 800 honoris
2619 754 2674 798 et
2709 743 2957 798 muneris
3000 744 3297 814 particeps,
3347 744 3504 798 dum-

2011 860 2029 893 ι
2077 839 2240 895 modo
2274 837 2477 892 nullam
2530 836 2693 890 rebus
2743 836 3017 897 ecclesiae,
3052 836 3106 890 in
3158 851 3264 902 qua
3310 852 3509 892 conve-

2012 948 2031 983 ι
2081 931 2182 992 nit,
2218 928 2529 983 molestiam
2560 924 2772 980 afferat.
2810 926 2860 980 ls
2897 933 3078 980 autem
3135 926 3185 979 id
3221 927 3507 996 suscipiat,

2014 1042 2035 1076 ι
2081 1022 2227 1093 quod
2258 1020 2499 1092 perfecta
2546 1019 2838 1088 provincia:
2863 1019 3122 1088 synodus,
3155 1018 3301 1087 quod
3334 1019 3401 1072 ad
3446 1036 3507 1075 se

2011 1134 2031 1168 ι
2080 1116 2302 1170 allatum
2336 1123 2419 1169 est
2446 1112 2767 1183 iudicando,
2800 1114 3076 1165 statuerit.
3123 1129 3142 1163 ι

2010 1206 2203 1262 BALS.
2245 1207 2303 1261 lu
2332 1208 2567 1275 septimo
2590 1204 2804 1259 decimo
2822 1206 3050 1275 ‘quidetn
3086 1220 3296 1259 canone
3322 1205 3509 1260 Patres

1937 1318 2059 1355 eum
2092 1302 2348 1371 puniunt,
2400 1299 2493 1368 qui
2553 1298 2844 1353 ordinatus
2879 1297 3066 1360 fuerit,
3119 1308 3173 1351 et
3227 1314 3334 1353 non
3383 1314 3510 1369 per-

1937 1394 2199 1449 suadetur
2231 1391 2299 1446 ad
2339 1391 2625 1445 ecclesiam
2659 1389 2956 1460 proﬁcisci,
2985 1406 3105 1459 quze
3137 1390 3287 1445 illum
3317 1392 3509 1446 sortita

1935 1494 2038 1539 est.
2073 1482 2131 1538 In
2160 1484 2414 1554 praesenti
2445 1490 2626 1536 autem
2654 1497 2866 1537 czmone
2899 1483 2946 1536 ei
2993 1484 3123 1535 dant
3156 1484 3392 1547 veniam,
3418 1486 3508 1553 qui

1936 1574 2223 1630 ordinatus
2252 1584 2356 1638 est,
2393 1584 2446 1628 et
2474 1576 2586 1626 vult
2634 1573 2855 1642 quidem
2907 1574 2973 1627 ad
3031 1589 3177 1639 eam,
3226 1574 3294 1627 ad
3346 1590 3509 1644 quam

1935 1669 2228 1723 ordinatus
2271 1676 2377 1732 est,
2420 1666 2715 1736 parmciam
2772 1666 3082 1737 proficisci,
3140 1683 3249 1721 non
3309 1668 3511 1721 sinitur

1940 1770 2146 1824 autem,
2182 1761 2265 1814 vel
2302 1769 2525 1829 propter
2558 1761 2743 1829 populi
2793 1760 3209 1829 impudentiam,
3261 1763 3342 1815 vel
3387 1776 3511 1829 pro-

1941 1864 2056 1923 pter
2081 1856 2328 1923 gentium
2363 1853 2735 1905 incursionem
2771 1869 2785 1905 :
2825 1861 2878 1906 et
2911 1852 3033 1906 ideo
3069 1853 3417 1921 permittunt,
3451 1863 3510 1906 ut

1936 1948 1989 1999 in
2017 1960 2125 2016 qua
2156 1945 2434 1999 invenitur
2466 1944 2774 2013 provincia,
2807 1948 3015 1998 honore
3064 1944 3261 2014 dignus
3308 1940 3510 2000 haben--

1936 2046 2060 2103 tur;
2099 2036 2360 2092 cathedra
2389 2037 2603 2089 scilicet
2642 2046 2696 2090 et
2744 2038 3033 2091 vocatione
3078 2050 3132 2092 et
3182 2039 3510 2108 cpisc0palis

1936 2130 2100 2185 ofﬁcii
2136 2130 2421 2193 exercitio,
2448 2143 2569 2180 cum
2622 2128 2850 2182 Scientia
2896 2139 2948 2182 et
2999 2129 3359 2199 permissione
3393 2132 3511 2199 epi-

1936 2221 2086 2291 sc0pi
2127 2221 2274 2274 illius
2306 2221 2580 2290 regionis;
2617 2235 2714 2273 nec
2752 2228 2931 2273 tamen
2967 2235 3027 2284 se
3048 2221 3275 2274 omnino
3301 2221 3513 2291 ingerat

1936 2312 2169 2380 negotiis
2200 2312 2347 2365 illius
2400 2312 2669 2373 ecclesiae,
2710 2312 2761 2364 in
2800 2326 2907 2379 qua
2946 2311 3173 2377 habitat,
3203 2311 3415 2365 scilicet
3442 2328 3509 2364 ne

1937 2406 2151 2470 doceat,
2188 2421 2252 2458 nc
2284 2404 2523 2466 ordinet,
2555 2419 2731 2472 neque
2782 2403 2986 2472 aliquid
3032 2403 3178 2457 aliud
3230 2406 3512 2474 epicopale

1937 2508 2214 2557 exerceat,
2244 2496 2360 2549 sine
2392 2494 2544 2548 illius
2570 2496 2808 2562 regionis
2836 2495 3081 2564 episcopi
3112 2496 3510 2564 permissione;

1936 2589 2030 2642 Sed
2071 2588 2347 2657 quiescat,
2379 2586 2551 2640 donec
2586 2586 2713 2654 quid
2770 2587 2841 2640 sit
2884 2588 3152 2655 agendum
3191 2588 3443 2642 didicerit
3481 2605 3509 2639 a

1938 2681 2193 2749 perfecta:
2222 2681 2413 2750 synodi
2452 2682 2747 2736 sententia.

2011 2772 2264 2827 ZONAR.
2303 2774 2633 2842 Quicunque
2694 2774 2983 2829 ordinatus
3032 2785 3133 2838 est,
3170 2784 3227 2827 ut
3270 2777 3517 2829 ccclcsim

1942 2867 2093 2921 urbis
2124 2865 2360 2933 alicujus
2397 2869 2601 2933 praesit,
2656 2872 2711 2917 et
2758 2865 2824 2917 ad
2882 2880 3001 2918 eam
3044 2867 3124 2917 vel
3186 2868 3312 2935 quia
3379 2868 3517 2920 forte

1940 2959 2285 3013 ethnicorum
2330 2957 2525 3009 ditioni
2579 2954 2821 3025 subjecta
2866 2957 2957 3017 sit,
2986 2958 3067 3009 vel
3117 2958 3263 3024 quod
3320 2959 3515 3011 itinera

1942 3066 1969 3103 a
2004 3050 2258 3103 Barbaris
2288 3048 2666 3112 obsideautur,
2729 3051 2808 3102 vel
2867 3051 3011 3117 quod
3073 3067 3100 3102 a
3145 3052 3346 3120 popqu
3398 3053 3516 3120 ejus

1864 3166 1906 3223 ο
1942 3141 2095 3195 urbis
2127 3140 2454 3194 insolentius
2492 3139 2760 3207 pervicaci
2787 3155 2893 3192 non
2918 3140 3261 3202 a'lmittatur,
3293 3144 3515 3195 minime

1942 3232 2214 3304 proﬁcisci
2245 3234 2501 3302 potuerit,
2548 3231 2865 3299 dignitatem
2888 3232 2976 3284 ille
2994 3232 3210 3298 quidem
3246 3234 3514 3302 episc0pi.

1942 3324 2284 3391 lilurgiacquc
2314 3322 2631 3374 exercendae
2684 3320 3023 3382 facultatem,
3068 3322 3335 3375 obtinebit
3390 3323 3513 3391 (nec

1941 3415 2086 3467 enim
2140 3430 2232 3482 per
2292 3413 2469 3482 ipsum
2515 3412 2718 3464 factum
2774 3421 2879 3475 est,
2915 3423 2972 3463 ut
3023 3414 3094 3465 ab
3121 3414 3390 3477 ecclesiae,
3423 3419 3512 3468 cui

1939 3507 2248 3561 destinatus
2265 3516 2348 3561 est
2375 3507 2610 3559 statione
2632 3505 2835 3558 diutius
2861 3505 3122 3571 abe5sct),
3139 3504 3305 3575 448
3327 3521 3512 3558 verum

1942 3616 2009 3654 ne
2037 3616 2096 3653 sc
2128 3599 2276 3653 illius
2306 3598 2581 3659 Ecclesiae,
2610 3599 2662 3649 in
2694 3612 2799 3666 qua
2850 3596 3013 3665 degit.
3055 3597 3286 3663 negotiis
3329 3597 3510 3649 iouni~

1941 3703 2110 3754 secat,
2163 3690 2538 3744 interdictum.
2599 3688 2693 3739 Est
2740 3688 2885 3741 enim
2942 3686 3017 3739 illi
3080 3684 3219 3739 forte
3274 3687 3325 3738 in
3378 3686 3512 3737 urbe

1942 3786 2120 3852 aliqua
2156 3781 2519 3845 domicilium,
2550 3793 2787 3846 suosque
2817 3778 2871 3830 in
2908 3778 3052 3830 illius
3095 3778 3246 3831 urbis
3278 3778 3511 3830 ecclesia

1941 3884 2246 3930 conventus
2292 3874 2423 3943 agit.
2472 3872 2603 3940 lijus
2662 3871 2822 3939 igitur
2874 3870 3121 3922 ecclesia:
3167 3868 3511 3936 negotiorum

1940 3976 2148 4037 partem
2214 3966 2454 4033 aliquam
2506 3963 2775 4030 attingere
2831 3961 3035 4012 homini
3089 3961 3228 4012 haud
3308 3959 3511 4013 licebit.

1939 4059 2128 4128 Neque
2180 4058 2325 4109 enim
2379 4056 2434 4107 in
2489 4070 2551 4108 ea
2607 4053 2863 4115 docendi,
2904 4067 3082 4120 neque
3121 4053 3331 4106 ordinis
3379 4068 3515 4106 con-

1942 4147 2173 4210 ferendi,
2204 4161 2382 4214 neque
2425 4159 2581 4199 sacra
2634 4142 2894 4205 faciendi,
2941 4144 3045 4195 nisi
3083 4143 3205 4211 ejus
3252 4145 3329 4196 rei
3378 4158 3515 4197 con-

1941 4254 2097 4295 cessa
2140 4238 2425 4303 facultate,
2461 4253 2636 4306 neque
2664 4252 2795 4291 vero
2829 4236 3032 4305 aliquid
3066 4251 3128 4289 ex
3158 4237 3303 4291 illius
3338 4238 3517 4291 eccle-

1942 4331 2037 4388 sia)
2069 4330 2337 4385 reditibus
2389 4330 2443 4383 in
2477 4343 2611 4383 suos
2663 4344 2797 4382 usus
2850 4328 3214 4381 transferendi
3269 4340 3515 4397 potestas

1943 4424 2070 4478 erit.
2115 4421 2382 4475 Universa
2412 4434 2577 4491 perm
2607 4418 2675 4472 ab
2707 4419 2801 4472 illo
2836 4417 3091 4489 perfecte
3134 4418 3323 4488 synodi
3366 4418 3515 4486 judi-

259 4514 350 4567 cio
402 4513 745 4585 consilioque
796 4513 1034 4583 permitti
1098 4514 1277 4578 decet,
1346 4522 1405 4568 ut
1455 4514 1602 4585 quod
1661 4514 1834 4585 ipsius
1875 4515 2185 4571 rationibus
2241 4514 2478 4567 maxime
2544 4519 2917 4581 Opportunum
3010 4510 3128 4565 fore
3220 4511 3513 4565 videbitur.

258 4613 485 4660 statuat.

258 4701 488 4757 ΔΡΙΣΤ.
516 4721 534 4752 ι
568 4702 860 4772 Μετεχέτω
887 4704 985 4771 τῆς
1009 4704 1175 4771 τιμῆς
1192 4702 1487 4766 ἐπίσκοπος
1536 4704 1566 4754 ὁ
1600 4720 1836 4772 χειροτο·

1950 4699 2181 4756 AItlST.
2218 4718 2237 4751 ι
2279 4699 2589 4769 Episcopus
2632 4698 2919 4752 ordinatus
2964 4708 3019 4751 et
3064 4712 3095 4751 a
3133 4697 3357 4752 civitate
3407 4716 3514 4754 non

340 4813 359 4845 ι
396 4791 601 4862 νηθεὶς,
635 4794 726 4846 καὶ
784 4794 1049 4863 μηδαμῶς
1078 4796 1363 4863 δεχόμενος
1391 4793 1539 4862 παρά
1590 4795 1689 4863 τῆς
1744 4793 1839 4847 πό-

339 4904 359 4937 ι
393 4884 531 4948 λεως
574 4886 688 4939 ’καὶ
736 4885 1122 4955 λειτουργείτω
1154 4886 1336 4953 μόνον,
1372 4884 1660 4954 ἀναμένων
1716 4886 1745 4937 ὅ
1785 4902 1838 4937 τι

342 4997 361 5031 ι
403 4978 469 5032 ἂν
501 4979 534 5047 ἡ
564 4980 665 5045 τῆς
698 4979 967 5047 ἐπαρχίας
1000 4978 1358 5045 ἀποφαίνοιτο
1386 4977 1654 5041 σύνοδος.»

351 5071 409 5125 '0
442 5071 518 5141 μὴ
545 5071 675 5141 παρ’
706 5069 884 5123 αἰτίαν
912 5070 1046 5122 ἰδίαν
1083 5070 1235 5139 παρὰ
1264 5070 1364 5138 τῆς
1409 5069 1614 5131 πόλεως
1668 5084 1840 5138 προσ-

263 5164 473 5235 δεχθεὶς
520 5164 577 5216 ἐν
668 5162 1069 5232 ἐχειροτονήθη,
1106 5161 1241 5215 ἀλλὰ
1277 5161 1427 5229 παρὰ
1465 5160 1563 5230 τὴν
1590 5158 1683 5211 τοῦ
1708 5158 1837 5211 λαοῦ

270 5253 579 5325 μοχθηρίαν
609 5266 624 5283 ⁸
662 5254 756 5305 καὶ
784 5253 881 5320 τῆς
905 5252 1075 5321 τιμῆς
1108 5251 1349 5322 μετέχει,
1381 5250 1477 5304 καλ⁸
1503 5250 1837 5318 λειτουργεῖν

264 5345 329 5398 ού
360 5343 687 5397 κεκώλυται.
754 5343 988 5412 Ὀφείλει
1020 5342 1076 5395 δὲ
1111 5343 1563 5413 προσκαρτερεῖν,
1620 5342 1712 5392 καὶ
1760 5339 1836 5408 μή

265 5454 371 5490 τινι
405 5436 772 5507 στρατιωτικῇ
810 5434 1032 5506 βοηθείᾳ
1072 5435 1405 5506 χρήσασθαι,
1455 5434 1489 5488 ii
1550 5432 1840 5501 δυναστεία

2021 4811 2040 4844 ι
2091 4799 2354 4859 acceptus
2395 4790 2605 4843 honore
2657 4786 2889 4849 fruatur,
2944 4795 2996 4840 et
3056 4802 3255 4841 munus
3305 4797 3515 4844 tantum

2023 4902 2041 4935 ι
2089 4882 2286 4946 obeat,
2344 4888 2672 4949 exspectans
2724 4879 2854 4949 quid
2926 4879 3223 4946 provinciae
3274 4883 3516 4950 synodus

2022 4990 2041 5024 ι
2090 4970 2552 5042 pronuntiaverit.
2591 4988 2611 5021 ι

2017 5064 2123 5130 Qui
2153 5078 2263 5118 non
2293 5076 2447 5117 suam
2484 5061 2555 5115 ob
2585 5075 2807 5114 causam
2856 5076 2884 5113 a
2935 5059 3158 5115 civitate
3207 5061 3517 5116 admittitur

1946 5158 2001 5211 in
2037 5170 2201 5224 quam
2236 5154 2523 5207 ordinatus
2550 5151 2675 5213 fuit,
2710 5151 2803 5204 sed
2836 5160 3059 5221 propter
3091 5153 3274 5221 pepuli
3306 5154 3514 5222 impro-

1948 5249 2172 5305 bitatem
2200 5263 2215 5300 :
2242 5255 2295 5300 et
2321 5243 2547 5298 honoris
2582 5242 2855 5312 particeps
2885 5254 2987 5308 est,
3033 5251 3088 5298 et
3137 5258 3295 5297 sacra
3332 5243 3513 5297 facere

1947 5355 2053 5394 non
2083 5337 2425 5407 prohibetur.
2462 5333 2631 5390 Debet
2660 5344 2844 5389 autem
2876 5336 3155 5404 patienter
3184 5350 3426 5397 manere,
3458 5344 3514 5388 et

1946 5446 2057 5486 non
2092 5428 2314 5483 militari
2338 5427 2524 5498 aliquo
2556 5428 2633 5481 uti
2682 5427 2888 5481 auxilio
2932 5435 3027 5482 aut
3060 5426 3165 5482 alia
3217 5434 3511 5497 potestate,

1500 5602 1689 5665 Guill.
1728 5600 2052 5679 Beveregii
2091 5606 2279 5660 note.

269 5752 483 5822 Magna
534 5752 785 5807 Ecclesia:
841 5750 1570 5815 ϐοηειαιιιῐηοροιὶιαηονιιιη,
1602 5752 1663 5802 ob
1716 5751 1833 5802 uni-

270 5839 423 5879 retsa
457 5823 694 5879 Ecclesia
729 5826 1006 5889 qua‘silus,
1052 5832 1099 5877 ct
1157 5823 1221 5875 ab
1261 5834 1580 5892 nnperatore
1621 5822 1834 5875 domino

1940 5746 2151 5800 Joanne
2178 5743 2442 5799 Comneno
2475 5744 2671 5799 electus
2719 5759 2890 5799 mense
2922 5743 3085 5808 Maio,
3114 5741 3396 5795 indictione
3430 5741 3511 5805 f9,

1945 5834 2035 5873 an.
2065 5815 2231 5872 6642.
