3982 6494
334 471 353 533 1
367 468 467 533 ’ἶ29

1288 477 1368 536 1N
1410 474 1576 537 CAN.
1618 475 1724 535 XX
1748 472 1955 534 CONC.
2006 473 2065 533 Ii
2112 477 2475 542 ANTIOCH.

3446 472 3601 549 1330'

326 588 550 645 ΑΡΙΣΤ.
579 607 597 640 ι
638 590 699 644 Et
735 589 811 660 μὴ
844 590 1061 655 σύνοδος
1095 592 1180 661 εἴη
1235 592 1329 647 καὶ
1382 596 1410 646 ὁ
1455 593 1893 669 μητροπολίτηςν

2042 594 2166 666 μήθ
2201 597 2426 652 Αιιιδτ.
2465 618 2484 651 ι
2524 598 2580 654 Si
2641 612 2748 654 non
2780 599 2851 654 sit
2897 599 3138 671 synodus
3169 607 3223 653 et
3260 600 3586 670 inetmpoli-

404 701 424 734 ι
475 681 549 753 μὴ
580 684 817 750 γινέσθω
843 686 1163 748 ἐπίσκοπος.
1202 689 1264 740 Εἰ
1291 686 1349 742 δὲ
1394 688 1481 742 διά
1540 704 1592 741 τι
1616 690 1901 759 δυσχερὲς,

372 793 423 843 ,ι
469 778 786 842 συνάγοιντο
818 778 1079 843 ὃῖπαντες,
1113 782 1252 844 τέως
1309 783 1357 835 οἱ
1396 782 1637 846 πλείους,
1670 784 1703 851 ἢ
1727 783 1908 854 γράμ-

407 884 428 916 σ
470 885 637 936 μασιν
712 871 924 924 ἔσοιντο
998 871 1301 943 σύμψηφοι.
1392 875 1454 927 ΕΞ
1508 876 1555 929 δ’
1607 874 1752 929 οὕτω
1810 876 1904 930 τοῦ

409 975 427 1009 ι
459 959 787 1030 πράγματος
871 964 1199 1034 τελουμένου
1250 967 1608 1035 φιλονεικοῖέν
1666 985 1836 1031 τινες,
1868 969 1903 1038 ἡ

417 1071 435 1103 ι
486 1055 594 1105 τῶν
628 1056 894 1109 πλειόνων
921 1056 1099 1127 ψῆφος
1136 1057 1382 1128 ίσχυέτω.

408 1302 637 1372 Εἴρηται
673 1307 932 1369 πολλάκις
950 1310 1010 1361 τὸ
1035 1313 1174 1381 μήτε
1204 1311 1293 1365 τὸν
1324 1314 1734 1386 μητροπολίτην
1768 1317 1907 1387 μήτε

333 1395 457 1457 τοὺς
490 1398 819 1461 ἐπισκόπους
889 1403 1015 1455 ἄνευ
1079 1405 1330 1473 τῆς“τῶν
1380 1407 1624 1476 ἀδελφῶν
1683 1408 1909 1479 γνώμης

333 1487 670 1554 ψηφίζεσθαι
700 1490 1022 1547 ἐπίσκοπον.
1060 1495 1120 1547 Ei
1153 1496 1209 1548 δὲ
1243 1496 1445 1559 πάντες
1504 1499 1554 1551 οἱ
1586 1499 1684 1569 τῆς
1726 1501 1904 1569 ὲπαρο

335 1578 455 1644 χίας
490 1581 790 1633 ἐπίσκοποι·
817 1585 1093 1639 συνελθεῖν
1129 1591 1195 1656 τῇ
1226 1588 1392 1659 ψήφῳ
1450 1590 1509 1643 ού
1541 1591 1797 1646 δύνανται
1826 1592 1913 1646 διά

334 1683 454 1718 τινα
491 1669 832 1741 δυσχέρειαν,
864 1675 999 1739 τέως
1053 1678 1107 1731 οἱ
1169 1680 1389 1742 πλείους
1439 1686 1909 1754 συνερχέσθωσαν,

334 1758 369 1827 ἢ
420 1758 508 1811 διὰ
533 1764 881 1831 γραμμάτων
915 1768 1267 1830 γενέσθωσαν
1287 1774 1401 1836 τοῖς
1462 1776 1730 1846 παροῦσιν
1783 1780 1912 1847 ὁμό-

333 1852 507 1922 ψηφοι
542 1872 555 1886 ·
586 1857 679 1908 καὶ
704 1856 846 1909 οΰτιιι
879 1859 976 1928 τῆς
1006 1860 1189 1929 ψήφου
1214 1865 1570 1938 τελουμένης,
1624 1870 1718 1923 ἐάν
1744 1888 1909 1937 τινες,

2084 708 2102 739 ι
2155 700 2339 757 ianus,
2382 707 2449 745 ne
2483 692 2575 745 flat
2607 693 2923 762 episcopus.
2959 692 3017 745 Si
3055 706 3184 745 vero
3231 702 3453 761 propter
3480 694 3583 745 ali-

2084 800 2102 832 ι
2149 796 2309 849 quam
2371 783 2745 838 difficultatem
2808 798 3000 837 onmes
3052 798 3158 836 non
3228 783 3578 845 conveniant,

2083 892 2102 925 ι
2149 875 2343 930 saltem
2378 875 2579 943 plures,
2613 875 2698 930 vel
2721 875 2916 930 litteris
2949 876 3335 929 assentiamur.
3384 875 3439 928 Si
3488 891 3585 928 ain»

2086 986 2105 1018 σ
2151 977 2257 1023 tem
2302 970 2449 1022 reita
2480 976 2721 1038 peracta,
2746 968 3082 1023 contendant
3114 968 3304 1038 aliqui,
3347 968 3582 1038 plurium

2085 1079 2105 1112 ι
2150 1058 2469 1130 suffragium
2494 1059 2689 1115 valeat.
2730 1078 2749 1111 ι

2082 1329 2292 1399 Smpius
2308 1328 2548 1385 diximus
2566 1328 3157 1399 necjmetropolitauum
3180 1333 3586 1401 nec'cpiscopos

2010 1423 2129 1478 sine
2162 1423 2387 1479 fratrum
2416 1427 2683 1479 sententia
2708 1425 3019 1492 episcopum
3057 1424 3274 1491 eligere.
3318 1426 3373 1479 Si
3403 1434 3583 1479 autem

2011 1529 2204 1571 o'nnes
2239 1517 2534 1585 provincia:
2556 1517 2805 1587 episcopi
2846 1515 2910 1572 ad
2942 1518 3267 1570 sententiam
3308 1516 3585 1569 ferendam

2011 1608 2308 1661 convenire
2340 1622 2444 1660 non
2474 1615 2725 1675 possunt,
2773 1605 2843 1659 ob
2898 1606 3133 1673 aliquam
3190 1604 3586 1664 difficultatem,

2012 1698 2209 1749 saltem
2242 1696 2430 1763 plures
2470 1698 2823 1757 conveniant,
2858 1706 2948 1748 aut
2984 1712 3077 1763 per
3107 1696 3317 1749 litteras
3353 1709 3589 1763 praesen-

2011 1790 2159 1843 libus
2188 1804 2516 1845 consensum
2541 1805 2699 1844 suum
2731 1798 3082 1844 attes'entur.
3119 1791 3182 1843 Et
3212 1791 3289 1843 sic
3316 1789 3588 1841 sententia

2014 1881 2272 1949 perfecta,
2307 1882 2350 1935 si
2385 1882 2628 1935 nonnulli
2673 1889 2731 1934 ut
2778 1882 3102 1935 contentinsi
3131 1880 3587 1946 contradixerint,

334 1943 409 2006 ὡς
444 1946 733 2013 ἐριστικοὶ,
762 1950 1118 2019 ἀντιλέγοιεν,
1185 1957 1218 2026 ἠ
1276 1957 1387 2011 τῶν
1435 1962 1696 2017 πλειόνων
1776 1983 1910 2035 κρα-

2042 1975 2254 2029 ιΙιιτίιιῐη
2289 1977 2560 2029 sententia
2596 1975 2793 2029 valeat.

333 2036 497 2090 τεὶτω
529 2040 732 2109 ψῆφος.

970 2184 1204 2238 ΚΛΝΩΝ
1241 2186 1325 2241 κ’.

341 2311 359 2343 ι
400 2295 498 2348 Διά
530 2294 629 2358 τὰς
653 2297 1120 2365 ὲκκλησιαστικάς
1150 2306 1339 2376 χρείας
1369 2309 1463 2361 καὶ
1524 2310 1624 2373 τὰς
1679 2311 1787 2366 τῶν
1809 2316 1915 2383 ἀμ-

360 2444 363 2447 ,
411 2407 429 2437 ι
464 2388 921 2458 φεσδητουμένων
949 2394 1223 2462 διαλύσεις
1244 2400 1422 2461 καλῶς
1444 2402 1587 2471 ἔχειν
1619 2405 1766 2470 ἔδοξε
1787 2424 1914 2462 συν-⁸

414 2497 430 2525 ι
475 2478 628 2541 ὁδους
676 2482 795 2535 καθ’
828 2485 1067 2555 ἑκάστην
1099 2491 1369 2558 ἐπαρχίαν
1426 2494 1534 2547 τῶν
1597 2497 1914 2550 ἐπισκόπων

414 2591 429 2618 ι
469 2572 716 2637 γίνεσθαι
765 2577 1019 2647 δεύτερον
1044 2581 1138 2633 τοῦ
1178 2582 1333 2646 ἔτους
1362 2601 1376 2615 ·
1419 2585 1566 2650 ἅπαξ
1624 2589 1721 2656 μὲν
1776 2590 1913 2659 μετὰ

412 2686 426 2707 ι
472 2664 570 2731 τὴν
602 2667 793 2735 τρίτην
858 2671 1126 2740 ἑϐδομαδα
1183 2676 1280 2744 τῆς
1319 2679 1517 2746 ἑορτῆς
1550 2680 1643 2732 τοῦ
1697 2682 1908 2752 Πάσχα,

411 2772 429 2802 ι
470 2754 613 2809 ὥστε
657 2763 723 2829 τῇ
787 2762 1023 2831 τετάρτῃ
1076 2766 1331 2836 ἑϐδομάδι
1374 2772 1473 2839 τῆς
1532 2772 1913 2844 Πεντηκοστῆς

413 2864 429 2894 ι
473 2849 836 2906 ἐπιτελεῖσθαι
858 2855 955 2923 τὴν
980 2856 1223 2916 σύνοδον.
1256 2860 1769 2931 ὑπομιμνήσκοντος
1788 2870 1911 2930 τοὺς

414 2959 432 2988 ι
490 2941 843 3010 ἐπαρχιὼτας
872 2946 967 2998 τοῦ
1008 2951 1065 2999 ἐν
1114 2953 1179 3019 τῇ
1237 2956 1575 3022 μητροπόλει
1607 2974 1621 2985 ·
1710 2958 1808 3028 τὴν
1857 2960 1913 3013 δὲ

388 3051 404 3081 ι
451 3031 710 3103 δευτέραν
736 3037 955 3090 σύνοδον
1014 3041 1262 3107 γίνεσθαι
1322 3045 1485 3109 εἰδοῖς
1558 3048 1909 3117 ὀκτωὸρίαις,

397 3142 417 3173 ι
465 3126 585 3195 ἥτις
616 3130 733 3179 ἐστὶ
766 3130 967 3201 δεκάτη
1016 3133 1501 3204 Ὑπερϐερεταίου,
1531 3140 1672 3193 ὥστε
1724 3143 1782 3194 ὲν
1813 3144 1911 3196 αύ-

398 3237 415 3266 ι
464 3221 582 3283 ταῖς
608 3220 832 3283 ταύταις
885 3226 1005 3286 ταῖς
1058 3228 1299 3290 συνόδοις
1352 3235 1634 3299 προσιέναι
1672 3238 1907 3304 πρεσϐυ-

402 3328 419 3357 ‹
460 3311 649 3379 τὲρους
686 3313 776 3365 καὶ
800 3314 1104 3380 διακόνους,
1135 3321 1228 3373 καὶ
1260 3323 1468 3386 πάντας
1529 3326 1655 3388 τοὺς
1720 3329 1910 3399 nama-

400 3420 415 3448 ι
470 3403 589 3455 σθαι
623 3404 967 3472 νομίζοντας,
1014 3411 1107 3462 καὶ
1164 3415 1316 3480 παρὰ
1370 3418 1466 3484 τῆς
1510 3420 1730 3472 συνόδου
1787 3425 1911 3475 ἐπι-

404 3512 421 3541 ι
467 3498 700 3561 κρίσεως
725 3499 1019 3565 τυγχάνειν
1053 3516 1068 3530 ⁶
1102 3504 1177 3571 μὴ
1229 3506 1429 3571 ἐξεῖναι
1488 3509 1545 3562 δέ
1588 3528 1741 3574 τινας
1789 3514 1911 3566 καθ’

404 3606 421 3636 ι
461 3588 683 3650 ἑαυτοὺς
707 3591 960 3655 συνόδους
985 3595 1282 3657 ποιεῖσθαι,
1313 3596 1438 3649 ἄνευ
1465 3600 1573 3652 τῶν
1614 3618 1914 3658 πεπιστευ-

404 3701 423 3733 ι
470 3683 648 3747 μένων
678 3685 778 3748 τὰς
813 3689 1235 3755 μητροπόλεις.»

402 3774 578 3825 ΒΑΛΣ
635 3778 772 3846 Πίρὶ
802 3780 910 3830 τῶν
967 3780 1303 3849 ὀφειλουσῶν
1369 3788 1600 3855 ὲτησίως
1662 3791 1909 3858 γίνεσθαι

335 3866 570 3918 συνόδων
606 3869 809 3931 ἱκανῶς
842 3870 1108 3944 διελήφθη
1168 3877 1224 3927 ἐν
1280 3877 1362 3945 τῷ
1427 3877 1504 3944 λζ’
1563 3882 1911 3958 ἀποστολικῷ

334 3959 523 4011 κανόνι
562 3960 655 4012 καὶ
689 3962 745 4013 ἐν
770 3963 846 4030 τῷ
878 3971 928 4032 η’
950 3966 1134 4020 κανόνι
1158 3969 1257 4036 τῆς
1283 3971 1340 4022 ὲν
1364 3971 1440 4041 τῷ
1478 3974 1732 4046 Τρούλλῳ
1780 3996 1908 4030 συν-

333 4050 477 4103 ὁδον.
516 4053 622 4105 Καὶ
657 4055 933 4123 ἀνάγνωθι
959 4059 1027 4109 τὰ
1056 4058 1112 4111 ὲν
1154 4062 1338 4126 αὐτοῖς
1390 4068 1690 4135 γραφέντα.
1729 4071 1787 4124 Ὀ
1851 4072 1908 4126 δὲ

336 4143 530 4209 παρὼν
558 4145 736 4198 κανὼν
772 4150 1101 4221 προστίθησι
1135 4153 1208 4224 μὴ
1237 4154 1483 4222 γίνεσθαι
1518 4160 1617 4224 τὰς
1657 4164 1907 4229 συνόδους

332 4236 505 4305 χωρὶς
532 4239 836 4307 παρουσίας
861 4241 957 4293 τοῦ
991 4246 1414 4315 μητροπολίτου.

407 4351 654 4404 ΖΩΝΑΡ.
694 4354 803 4407 Καὶ
869 4357 983 4418 τοῖς
1041 4358 1219 4425 ἁγίοις
1294 4362 1613 4431 ἀποστόλοις
1670 4369 1754 4433 δλς
1811 4373 1906 4426 τοῦ

334 4439 490 4502 ἔτους
523 4444 779 4507 συνόδους
820 4448 903 4513 ἐφ’
934 4449 1143 4520 ἑκάστῃ
1180 4452 1288 4504 τῶν
1316 4454 1597 4526 ἐπαρχιῶν
1658 4464 1906 4529 γίνεσθαι

335 4532 506 4596 ἔδοξε,
530 4537 625 4587 καὶ
641 4539 705 4606 τῇ
743 4540 800 4590 ὲν
841 4538 1041 4611 Νικαῖᾳ
1072 4540 1260 4613 πρώτῃ
1288 4546 1490 4616 συνόδῃ
1565 4551 1624 4601 ὲν
1672 4554 1905 4621 πέμπτῳ

336 4626 526 4679 κανόνι
571 4630 640 4681 τὰ
688 4631 828 4683 αύτὰ
918 4635 1323 4702 γεκανόνισται,
1386 4643 1480 4694 καὶ
1528 4647 1595 4713 τῇ
1656 4650 1908 4722 παρούση

334 4719 538 4788 ὁμοίως
593 4722 826 4793 ὥρισται
859 4727 989 4794 περὶ
1016 4728 1124 4780 τῶν
1184 4732 1437 4787 συνόδων.
1509 4734 1566 4789 Ὀ
1632 4716 1817 4806 δγδοος

335 4809 522 4863 κανὼν
566 4812 664 4881 τῆς
698 4813 753 4877 ς’
787 4815 1006 4869 συνόδου
1034 4818 1318 4885 διετάξατο
1366 4823 1498 4892 μίαν
1565 4828 1800 4897 ὲτησέως
1828 4834 1916 4901 γί-

334 4905 526 4955 νεσθαι
560 4905 799 4961 σύνοδον.
834 4909 998 4975 Λέγει
1030 4911 1088 4963 δὲ
1113 4915 1140 4964 δ
1170 4917 1361 4984 παρὼν
1390 4918 1572 4971 κανὼν
1634 4922 1734 4985 τὰς
1761 4915 1915 4978 συνό-

331 4992 457 5053 δους
482 4995 721 5061 ὀφείλειν
739 4998 987 5065 γίνεσθαι
1004 5002 1091 5054 διά
1111 5004 1209 5067 τᾲς
1228 5007 1690 5077 ὲκκλησιαστικᾶς
1705 5017 1914 5085 χρείας,

332 5085 509 5154 ἤγουν
534 5087 633 5149 τὰς
657 5089 787 5158 περί
824 5108 986 5144 τινων
1015 5092 1147 5157 ἴσως
1176 5104 1564 5154 καταστάσεων
1624 5105 1918 5177 ἐκκλησια-

337 5176 549 5228 στικῶν
580 5178 857 5247 ζητήσεις,
898 5184 992 5235 καὶ
1064 5187 1161 5248 τὰς
1210 5187 1322 5240 τῶν
1382 5192 1916 5267 ἀμφισϐητουμένων

332 5269 633 5334 διαλύσεις,
687 5272 805 5341 ἦτοι
891 5276 993 5337 τὰς
1041 5280 1308 5341 αἰτιάσεις
1366 5285 1464 5347 τὰς
1525 5290 1675 5358 παρά
1756 5311 1918 5346 τινων

336 5362 471 5422 ἴσως
534 5363 677 5414 κατά
739 5365 1056 5422 ἐπισκόπων
1142 5375 1468 5443 φερομένας,
1556 5379 1633 5442 ὼς
1715 5383 1917 5448 ἀδίκως

334 5452 534 5515 αὐτοὺς
647 5457 1029 5527 ἀφορισαντων
1131 5463 1162 5533 ἢ
1244 5468 1600 5536 καθελόντων,
1669 5478 1764 5527 καὶ
1821 5479 1917 5532 ἄ).-

335 5543 435 5604 λας
479 5544 631 5606 τινὰς
648 5546 907 5608 τοιαύτας
926 5549 1284 5618 ἀμφιϐολίας.
1320 5558 1591 5615 Τέτακται
1661 5566 1717 5618 δὲ
1766 5571 1862 5622 καὶ
1888 5569 1915 5622 ὀ

336 5634 530 5701 καιρλις
552 5635 789 5704 ἑκάστης
823 5638 1064 5700 συνόδου.
1087 5645 1189 5711 τῆς
1219 5646 1317 5714 μὲν
1344 5652 1567 5720 πρώτης
1606 5656 1638 5724 ἡ
1677 5660 1912 5731 τετάρτη

335 5722 575 5817 ἑβδομὰς
626 5727 727 5793 τῆς
760 5729 1139 5803 Πεντηκοστῆς
1169 5741 1304 5804 ’τῆς
1351 5741 1408 5793 δὲ
1445 5722 1701 5817 δευτέρας
1744 5722 1913 5804 atrati

351 5816 684 5915 ’ρκτωϐρίου
708 5820 868 5915 είδοῑ.
912 5823 1022 5885 Τὰς
1056 5825 1164 5893 γὰρ
1197 5827 1433 5884 ἑκάστου
1488 5816 1658 5903 μηνδς
1701 5843 1915 5915 ἡμέρας

337 5908 391 5960 οἱ
419 5908 640 5963 παλαιοὶ
673 5912 753 5974 είς
783 5915 931 5982 τρεῖς
986 5918 1347 5989 κατεμέριξον
1416 5926 1617 5997 τάξεις,
1817 5908 1915 6003 τὰς

2601 2199 2831 2256 CANON
2888 2200 3005 2254 XX.

2020 2338 2038 2370 ι
2088 2318 2314 2387 Propter
2360 2333 2493 2371 usus
2556 2315 2985 2378 ecclesiasticos,
3016 2323 3069 2369 et
3104 2329 3202 2384 pro
3268 2314 3592 2370 dirimendis

2095 2428 2114 2461 ι
2159 2408 2571 2469 controversiis,
2605 2416 2751 2461 reete
2786 2406 2987 2459 habere
3032 2406 3208 2458 visum
3259 2413 3362 2468 est,
3402 2413 3462 2455 ut
3502 2419 3592 2472 sy-

2095 2522 2111 2553 ι
2156 2504 2283 2557 nodi
2311 2503 2694 2572 episcoporum
2732 2502 2784 2554 in
2814 2514 3145 2567 unaquaque
3197 2499 3477 2567 provincia
3507 2496 3593 2550 bis

2093 2615 2111 2647 ι
2161 2596 2213 2649 in
2268 2612 2411 2649 anno
2475 2597 2650 2653 fiant:
2707 2596 2874 2648 semel
2927 2594 3144 2661 quidem
3206 2599 3326 2660 post
3375 2591 3591 2642 tertiam

2087 2707 2106 2740 ι
2147 2689 2571 2749 ιιθι)ιιοηιο;1ριιι’ῖ
2608 2687 2732 2742 festi
2789 2686 3031 2746 Pasclire,
3098 2695 3155 2737 ut
3207 2691 3401 2749 quarto
3461 2680 3593 2741 lteb-

2090 2801 2109 2832 ‹
2151 2784 2378 2837 domade
2451 2783 2801 2837 Pentecostes
2897 2780 3215 2847 perficiatur
3289 2776 3579 2845 synodus,

2090 2896 2107 2927 ι
2158 2877 2577 2945 metropolitano
2625 2874 2991 2944 provinciales
3041 2873 3332 2940 episcopos
3393 2868 3590 2919 admo-

2092 2989 2109 3019 ι
2160 2977 2348 3033 nente;
2406 2967 2703 3023 sccnndam
2742 2982 2874 3020 vero
2925 2964 3197 3035 synodum
3259 2963 3440 3017 idibus
3486 2963 3592 3013 0c-

2091 3081 2109 3114 ‹
2156 3063 2328 3117 tobris
2359 3064 2621 3125 futuram,
2654 3059 2743 3129 qui
2773 3067 2856 3114 est
2883 3053 3589 3125 decimuslllyperbcretzei,

2092 3173 2109 3207 ι
2155 3162 2214 3208 ut
2248 3154 2301 3208 in
2343 3154 2426 3209 his
2457 3153 2591 3223 ipsis
2623 3152 2848 3222 synodis
2884 3149 3148 3205 accedant
3181 3144 3484 3216 presbyteri
3536 3153 3592 3197 et

2096 3245 2400 3307 «diaconi,
2465 3255 2519 3297 et
2580 3258 2773 3298 omnes
2817 3241 2908 3310 qui
2969 3255 3028 3294 se
3088 3238 3294 3307 injuria
3367 3235 3592 3289 affectos

2095 3357 2114 3390 ι
2158 3348 2372 3407 putant,
2411 3347 2465 3392 et
2519 3352 2547 3390 a
2610 3336 2818 3406 synodo
2855 3333 3124 3402 judicium
3170 3336 3586 3397 assequamur:

2098 3452 2116 3484 ι
2168 3432 2336 3485 nullis
2402 3439 2582 3485 autem
2629 3428 2792 3481 liccat
2848 3424 3088 3496 synodos
3134 3437 3228 3490 per
3277 3436 3335 3474 se
3387 3417 3590 3481 facere,

2094 3545 2111 3577 ι
2156 3525 2274 3580 sine
2304 3524 2371 3579 iis
2399 3523 2599 3593 quibus
2626 3529 2753 3574 sunt
2778 3518 2999 3573 creditze
3034 3513 3381 3583 metropoles.
3425 3530 3443 3557 ι

2086 3797 2283 3853 BALS.
2338 3797 2405 3851 De
2466 3795 2691 3868 synodis
2725 3810 2848 3864 quae
2891 3792 3095 3847 debent
3145 3788 3259 3842 ﬂeri
3312 3785 3590 3841 annuatim

2012 3872 2149 3946 satis
2183 3892 2390 3943 dictum
2422 3899 2507 3942 cst
2556 3889 2608 3941 in
2669 3888 2954 3941 tricesimo
3007 3883 3243 3951 septimo
3291 3879 3595 3949 apostolico

2011 3998 2242 4045 canone,
2278 3991 2333 4034 ct
2359 3982 2412 4034 in
2449 3990 2644 4034 octavo
2678 3992 2890 4031 canone
2915 3974 3107 4046 synodi
3149 3974 3203 4026 in
3245 3971 3460 4025 Trullo.
3531 3967 3595 4020 Et

2011 4077 2128 4143 lege
2160 4090 2280 4144 qua:
2332 4075 2386 4127 in
2432 4073 2567 4139 ipsis
2608 4072 2815 4139 scripta
2889 4078 3037 4121 sunt.
3106 4065 3355 4117 Praesens
3405 4071 3586 4113 autem

2010 4183 2187 4221 canon
2227 4165 2415 4228 adjicit
2475 4178 2579 4215 non
2642 4161 2756 4216 fieri
2816 4160 3059 4231 synodos
3121 4157 3241 4209 sine
3298 4154 3591 4223 prmsmtia

2003 4259 2452 4326 metropolitani.

2081 4371 2331 4428 ZONAR.
2364 4372 2436 4423 De
2456 4372 2578 4424 bina
2603 4383 2781 4422 annua
2809 4367 3016 4438 synodo
3039 4368 3091 4418 in
3115 4378 3440 4432 unaquaque
3462 4377 3592 4429 pro-

2012 4467 2196 4522 vincia
2224 4462 2574 4527 celebranda,
2622 4473 2675 4515 et
2725 4468 3044 4515 sanctorum
3086 4455 3462 4525 apOstolorum
3496 4454 3593 4506 dc-

2018 4567 2189 4623 crcto,
2238 4566 2291 4610 et
2344 4557 2535 4626 quinto
2604 4553 2838 4608 Nicaeam
2894 4551 3083 4619 prima:
3142 4546 3335 4616 synodi
3384 4561 3593 4600 canone

2019 4652 2375 4707 constitutum
2426 4657 2544 4711 est;
2598 4644 2897 4710 eteadem,
2931 4644 3074 4713 quod
3126 4641 3193 4695 ad
3223 4649 3590 4695 convcntuum

2019 4743 2405 4813 synodieorum
2462 4739 2730 4792 rationem
2790 4736 3007 4795 attinet,
3069 4734 3183 4787 lucc
3236 4746 3451 4802 quoque
3500 4745 3594 4799 sy-

2019 4835 2198 4889 nodus
2256 4832 2522 4889 definix'it.
2560 4829 2735 4885 Unam
2795 4843 2958 4897 porro
3007 4825 3061 4880 in
3116 4825 3364 4895 singulos
3418 4838 3594 4876 annos

2019 4927 2288 4998 synodum
2326 4924 2628 4979 habendam
2660 4937 2783 4979 esse
2804 4930 2996 4975 octavo
3058 4928 3226 4975 sextce
3268 4918 3460 4990 synodi
3500 4932 3595 4968 ea-

2019 5037 2162 5077 nonc
2192 5018 2463 5075 sancitum
2496 5024 2598 5072 est.
2627 5014 2737 5069 Has
2771 5029 2900 5068 vero
2966 5013 3202 5083 synodos
3242 5014 3307 5065 ad
3358 5027 3445 5065 res
3498 5009 3595 5063 Ec-

2016 5113 2203 5166 clesiae
2254 5107 2689 5178 componendas.
2742 5106 2845 5159 hoc
2884 5114 2987 5165 est,
3020 5114 3079 5157 ut
3117 5105 3169 5159 in
3222 5105 3289 5158 iis
3329 5106 3395 5157 dc
3430 5102 3593 5156 rebus

2020 5204 2084 5256 ad
2114 5202 2563 5257 constitutionem
2586 5197 3014 5253 ecclesiasticam
3046 5197 3425 5265 spectantibus
3458 5195 3593 5247 deli-
3636 5222 3644 5229 -

2020 5296 2258 5355 bcretur,
2295 5291 2798 5357 controversireque
2826 5288 3176 5354 dirimantur,
3225 5304 3413 5343 eorum
3446 5286 3593 5339 vide-

2020 5391 2143 5442 licet
2193 5386 2283 5454 qui
2347 5385 2634 5451 episcopos
2685 5382 2825 5435 forte
2875 5389 3158 5445 accusant,
3216 5379 3361 5448 quod
3415 5392 3473 5431 se
3524 5376 3594 5431 ab

2019 5482 2124 5535 illis
2148 5479 2348 5548 injuste
2366 5481 2679 5544 segregatos
2704 5484 2797 5528 aut
2826 5474 3106 5543 depositas
3133 5488 3255 5528 esse
3283 5479 3590 5534 autument,

2021 5571 2513 5636 contentionesque
2548 5566 2667 5618 aliae
2697 5568 2859 5636 hujus
2909 5568 3126 5636 generis
3179 5565 3464 5627 tollantur,
3497 5564 3594 5616 ba-

2018 5666 2132 5722 bcri
2189 5673 2439 5731 oportere
2483 5659 2573 5713 hic
2630 5674 2807 5712 canon
2867 5659 3116 5714 affirmat.
3166 5658 3405 5725 Tempus
3466 5674 3596 5712 vero

2018 5759 2181 5812 etiam
2232 5754 2518 5821 utriusque
2544 5748 2737 5821 synodi
2771 5748 3133 5819 praefinitum;
3178 5764 3239 5803 ac
3273 5749 3438 5819 priori
3470 5753 3596 5819 qui-

2019 5853 2142 5905 dem
2205 5855 2399 5916 quarta
2459 5844 2797 5899 hebdomada
2849 5842 3227 5909 Petitecostes,
3304 5846 3595 5910 posteriori

2035 5955 2165 5995 vero
2190 5939 2526 5995 cclebranoa:
2572 5939 2693 5993 .dus
2738 5936 2989 5991 Octobris
3045 5938 3375 5993 constitutae.
3424 5935 3595 5993 Prisci
