3982 6494
371 331 511 404 1345

1561 334 1636 393 ΙΝ
1664 334 1833 395 CAN.
1879 333 1969 393 ΙΙΙ
2006 335 2219 399 (ΞΟΧΕ.
2255 338 2473 399 LAOD.

3473 340 3605 403 I346

365 447 533 517 νεαρὰ
566 446 794 517 κειμένη
828 448 905 508 είς
938 445 1142 516 βιϐλίον
1173 445 1279 499 τῶν
1312 443 1620 498 Βασιλικῶν
1652 444 1914 515 κη’,τίτλο

2052 461 2266 510 venere,
2304 450 2445 502 nulla
2477 448 2628 517 prius
2657 450 2975 519 conjunctin
3026 451 3168 506 inter
3222 453 3368 520 ipsos
3424 453 3623 505 furtiva

364 539 447 602 ιδ’,
468 540 640 593 πολλὰ
670 541 799 609 περὶ
828 539 978 593 δευτε
991 556 1122 608 ρογα
1132 539 1374 610 μεύντων
1400 541 1495 594 καὶ
1516 538 1726 608 ἀνδρῶν
1744 537 1838 590 καὶ
1863 552 1960 605 γυσ

362 634 563 684 ναικὼν
591 632 953 686 διατάττεται.

2069 536 2455 593 intercesserit.
2480 538 2716 605 Quodsi,
2736 557 2859 595 cum
2884 545 3095 597 occulte
3122 554 3280 598 antea
3305 546 3625 610 coivissent,

2049 628 2115 681 ad
2165 630 2690 706 legitimasudeinde
2746 635 2963 703 nuptias
3017 638 3258 690 animum
3313 638 3610 706 adiecere,

364 738 735 781 scortatorum
774 738 1032 796 praeterea
1068 726 1245 794 pomis
1278 725 1457 793 puniri
1511 724 1730 777 debent.
1774 720 1936 776 Multa
1976 721 2044 776 de
2075 726 2326 778 secundis
2350 728 2588 797 virorum
2627 743 2689 781 ac
2749 727 3072 782 feminarum
3150 732 3358 801 nuptiis
3440 730 3618 786 Justi-

364 820 508 873 niani
536 835 752 889 quoque
801 819 1004 871 novella
1040 820 1127 884 22,
1173 817 1268 873 lib.
1313 832 1505 881 xxviii,
1565 819 1648 870 tit.
1687 814 2133 895 litBasilicorum
2162 817 2263 870 sita
2292 820 2701 888 praecipiuntur.

362 913 583 968 ΔΡΙΣΤ.

442 1191 566 1243 Ἐπὶ
594 1189 841 1242 ἐνιαυτὸν
871 1190 898 1240 ὁ
932 1188 1160 1258 δὶγαμος
1185 1188 1504 1258 ἀφορίζεται
1525 1229 1538 1251 ,
1567 1191 1633 1259 τῇ
1662 1189 1936 1258 προσευχῇ

362 1286 456 1336 καὶ
484 1287 553 1353 τῇ
595 1282 818 1351 νηστείᾳ
870 1282 1146 1352 σχολάζων
1168 1298 1181 1312 ·
1224 1280 1318 1334 καὶ
1347 1282 1488 1334 οὕτω
1522 1283 1620 1350 τῆς
1650 1281 1937 1343 κοινωνίας

359 1375 733 1440 καταξιοῦται.
782 1375 842 1428 Ei
875 1376 930 1428 δέ
983 1374 1056 1444 μὴ
1088 1374 1411 1443 ἐλευθερίως
1452 1376 1544 1427 καὶ
1580 1373 1824 1443 νομίμως
1858 1372 1935 1442 τῷ

355 1470 592 1539 δευτέρῳ
625 1467 871 1540 συνήφθη
903 1466 1088 1539 γάμῳ,
1130 1466 1264 1521 ἀλλά
1299 1468 1563 1537 πρότερον
1599 1468 1932 1536 λα’)ραιογα-
1965 1539 1975 1545 ἢ

359 1561 543 1631 μήσας
566 1600 581 1623 ,
619 1561 755 1629 μετά
790 1559 960 1611 ταῦτα
993 1560 1087 1611 καὶ
1118 1561 1198 1621 είς
1233 1561 1520 1611 κοινωνίαν
1546 1555 1675 1629 ἦλθε
1708 1560 1887 1629 γάμου
1913 1599 1927 1624 ,

352 1656 432 1722 τῷ
458 1653 556 1722 τῆς
585 1651 840 1721 πορνείας
866 1650 1130 1719 ἐπιτιμίῳ
1163 1650 1469 1706 ὑπόκειται.

968 1744 1203 1796 ΚΑΝΩΝ
1241 1742 1315 1796 B'.

355 1855 376 1888 ι
419 1838 553 1908 Περὶ
585 1837 680 1890 τοῦ
736 1837 858 1898 τοὺς
894 1836 1307 1907 ἁμαρτάνοντας
1350 1835 1408 1887 ἐν
1444 1835 1722 1905 διαφόροις
1763 1836 1923 1887 πταί-

427 1949 446 1981 ι
486 1946 679 1998 σμασι,
705 1932 799 1982 καὶ
838 1926 1379 1998 προσκαρτεροῦντας
1409 1930 1473 1997 τῇ
1519 1930 1791 1998 προσευχῇ
1824 1928 1922 1996 τῆς

428 2041 447 2074 ι
481 2022 919 2091 ἐξομολογήσεως
949 2020 1042 2072 καὶ
1076 2019 1385 2088 μετανιίας,
1412 2020 1505 2071 καὶ
1532 2020 1631 2089 τὴν
1653 2020 1923 2089 ἀποστρο-

430 2134 449 2165 ι
488 2116 592 2183 φὴν
630 2115 737 2165 τῶν
772 2115 957 2166 κακῶν
990 2114 1201 2165 τελείαν
1240 2115 1617 2181 ποιουμένους,
1653 2112 1797 2166 κατά
1826 2112 1921 2182 τὴν

428 2226 446 2256 ι
484 2206 772 2274 ἀναλογίαν
804 2206 896 2258 τοῦ
929 2205 1489 2274 πταίσματοτ,καιροῦ
1522 2206 1807 2274 μετανοίας
1835 2206 1921 2258 δτ-

424 2317 442 2349 ι
484 2298 664 2361 θέντος
705 2299 923 2360 αὐτοῖς,
964 2298 1088 2359 τοὺς
1126 2298 1400 2359 τοιούτους
1433 2295 1520 2350 διὰ
1553 2299 1679 2359 τοὺς
1714 2300 1919 2368 οἰκτιρ-

426 2409 444 2441 ι
484 2394 618 2459 μους
652 2394 746 2443 καὶ
775 2391 872 2459 τὴν
904 2391 1215 2458 ἀγαθότητα
1245 2389 1338 2442 τοῦ
1374 2388 1511 2443 Θεοῦ
1544 2390 1918 2460 προσάγεσθαι

426 2501 445 2533 ι
487 2486 549 2552 τῇ
582 2483 860 2551 κοινωνία.
900 2500 917 2531 ι

422 2576 622 2629 ΒΛΛΣ.
673 2574 982 2643 Ἑμάθομεν
1024 2576 1293 2645 μηδεμίαν
1331 2576 1605 2648 ἁμαρτίαν
1635 2578 1789 2647 νικᾷν
1820 2577 1918 2645 τὴν

348 2666 761 2737 φιλανθρωπίαν
788 2667 881 2719 τοῦ
914 2668 1069 2720 Θεοῦ.
1105 2669 1215 2722 Καὶ
1247 2671 1276 2720 ό
1306 2669 1495 2739 παρὼν
1522 2669 1578 2721 δὲ
1607 2671 1781 2722 κανὼν
1812 2670 1919 2722 διο-

348 2760 557 2829 ρίζεται
596 2761 721 2823 τοὺς
752 2761 1159 2830 ἀφισταμένους
1191 2760 1411 2825 τελείως
1443 2764 1540 2815 τοῦ
1575 2762 1744 2815 κακοῦ
1781 2762 1918 2832 μετὰ

347 2852 789 2923 ἐξομολογήσειυς
839 2853 1084 2921 καθαρᾶς
1142 2853 1234 2904 καὶ
1284 2853 1574 2922 μετανοίας
1630 2856 1785 2920 ἀξίας
1840 2852 1916 2924 τῷ

344 2945 650 3013 πταίσματι
682 2943 966 3007 ἀξιοῦσθαι
996 2946 1094 3013 τῆς
1124 2944 1273 3007 θείας
1306 2945 1665 3015 μεταλήψεως
1691 2961 1705 2974 °
1737 2946 1798 2997 οὐ
1830 2944 1915 2997 διὰ

342 3038 440 3096 τὴν
481 3036 715 3107 σπουδὴν
749 3038 975 3103 τούτων,
1011 3036 1147 3090 ἀλλά
1190 3038 1281 3090 διὰ
1309 3039 1435 3100 τοὺς
1457 3022 1774 3106 οίκτιρμοὺς
1822 3036 1915 3089 τοῦ

341 3130 479 3182 Θεοῦ
528 3132 618 3182 καὶ
653 3130 751 3199 τὴν
786 3130 993 3197 ἄφατον
1024 3128 1351 3197 ἀγαθότητα.
1390 3128 1574 3181 Ταῦτα
1611 3130 1666 3182 δὲ
1700 3131 1916 3190 πάντως

339 3224 703 3291 διευκρινήσει
744 3223 779 3293 ἡ
818 3221 1150 3293 ἐπισκοπικὴ
1182 3222 1494 3292 δοκιμασία.

410 3317 655 3369 ΖΩΝΑΡ.
683 3316 802 3367 Κᾶν
826 3317 882 3367 ἐν
904 3314 1181 3384 διαφόροις
1205 3314 1539 3384 πταίσμασιν
1564 3315 1783 3385 ἦμαρτέ
1808 3332 1912 3377 τις,

341 3410 399 3459 ἐξ

338 3684 585 3751 ἐποίησε,
621 3685 714 3736 καὶ
741 3681 913 3746 οὕτως
941 3680 1108 3734 αὑτοῦ
1147 3680 1560 3749 ἐνδεικνυμένου
1597 3682 1911 3751 μετάνοιαν,

338 3775 587 3845 δέχεσθαι
612 3776 772 3828 αὑτὸν
803 3776 896 3828 καὶ
926 3774 1296 3844 προσάγεσθαι
1321 3777 1385 3844 τῇ
1413 3775 1688 3843 κοινωνίᾳ,
1719 3775 1817 3845 οὐχ
1839 3775 1914 3838 ὡς

342 3868 506 3921 αὑτοῦ
546 3869 635 3920 διὰ
667 3868 763 3935 τῆς
794 3867 1004 3928 οἰκείας
1043 3866 1280 3936 σπουδῆς
1318 3866 1645 3935 ἀξιουμένου
1671 3866 1771 3935 τῆς
1805 3867 1915 3918 τῶν

341 3961 499 4013 θείων
525 3961 845 4031 μυστηρίων
868 3960 1248 4031 μεταλήψιως,
1279 3959 1416 4012 ἀλλά
1441 3960 1530 4012 διά
1554 3961 1681 4022 τοὺς
1709 3962 1917 4028 οἰκτιρ-

341 4052 476 4120 μοὺς
504 4049 600 4103 τοῦ
635 4051 769 4104 Θεοῦ
801 4053 895 4105 καὶ
926 4052 1025 4122 τὴν
1056 4050 1261 4121 ἄφατον
1290 4050 1627 4120 ἀγαθότητα.

657 934 676 966 ι
722 914 782 967 ’0
827 913 901 984 μὴ
951 913 1431 984 λαθραιογαμήσας
1473 912 1722 981 δίγαμος,
1770 912 1947 978 ὀλίγον

434 1030 452 1060 ι
493 1011 606 1070 τοῖς
640 1008 939 1077 ἐπιτιμίοις
975 1008 1243 1077 σχολάσας
1267 1048 1281 1071 ,
1334 1006 1519 1059 λοιπὸν
1558 1006 1868 1069 ἀνεύθυνος.
1918 1024 1938 1056 ι

374 3408 737 3477 ξομολογῆται
770 3407 827 3460 δὲ
855 3407 1050 3470 ταῦτα,
1078 3409 1170 3460 καὶ
1195 3408 1607 3491 ἀποστρέφηται
1632 3408 1848 3471 τελείως
1881 3406 1917 3461 ἃ

339 3501 476 3568 ἔφθη
505 3501 731 3569 ποιῆσαι
758 3500 927 3561 κακά,
960 3499 1196 3551 δίδοσθαι
1225 3499 1376 3566 αύτῷ
1405 3500 1593 3568 καιρὸν
1624 3504 1917 3567 μετανοίας

338 3593 634 3661 διορίζεται
668 3596 693 3642 ὀ
733 3590 944 3655 κανὼν,
986 3591 1259 3656 ἀναλόγως
1294 3593 1406 3653 τοῖς
1441 3591 1799 3659 πταίσμασιν,
1834 3586 1917 3653 οἷς

2052 911 2279 967 ARIST.
2313 933 2331 966 ι
2383 914 2635 986 Bigamus
2659 920 2748 988 qui
2809 935 2915 973 non
2949 922 3161 975 occulte
3216 924 3617 979 matrimonium

2124 1022 2142 1053 ι
2174 1005 2333 1060 inivit
2364 1047 2379 1071 ,
2430 1009 2518 1062 ubi
2570 1010 2844 1076 paululum
2901 1028 3089 1080 pinnas
3147 1016 3377 1078 dederit,
3428 1016 3619 1072 insons

2128 1113 2147 1145 ι
2185 1106 2371 1162 pOstea
2400 1100 2686 1154 habeatur.
2722 1120 2739 1153 ι

2110 1183 2363 1254 Bignmus
2389 1190 2439 1241 iu
2470 1208 2667 1246 annum
2706 1207 3023 1266 segregatnr
3052 1200 3289 1253 orationi
3323 1210 3376 1253 et
3402 1201 3617 1270 jejunio

2040 1294 2265 1345 vacans,
2309 1291 2363 1335 et
2417 1285 2496 1337 sic
2551 1289 2953 1343 communionis
3004 1292 3198 1359 dignus
3257 1294 3503 1349 habetur.
3548 1296 3607 1351 Si

2035 1380 2214 1423 autem
2245 1388 2349 1424 non
2383 1373 2553 1428 libere
2577 1385 2629 1429 et
2666 1376 2903 1447 legitime
2928 1382 3183 1437 secundis
3224 1385 3424 1451 nuptiis
3475 1399 3609 1440 con-

2026 1461 2247 1528 junctus
2276 1463 2457 1529 fuerit,
2493 1470 2588 1521 sed
2620 1484 2739 1522 cum
2766 1470 2939 1535 primo
2969 1471 3105 1525 clam
3140 1488 3360 1527 uxoreo:
3414 1476 3592 1529 duxis-

2034 1563 2136 1619 sol,
2170 1567 2355 1624 postea
2416 1557 2479 1609 ad
2541 1561 2870 1613 matrimonii
2936 1564 3375 1617 communionem
3437 1566 3609 1631 venit,

2033 1644 2416 1701 fornicationis
2448 1666 2618 1719 preme
2658 1651 2967 1720 5ιιὶι]ἰιίὶυ1’.

2547 1742 2712 1814 454
2758 1743 2985 1800 (ZANON
3051 1744 3116 1800 ιι.
3246 1808 3250 1812 ,

2033 1848 2061 1875 α
2099 1826 2253 1893 Quod
2289 1830 2388 1891 eis,
2422 1832 2513 1900 qui
2577 1833 2810 1887 diversis
2886 1835 3101 1890 delictis
3148 1846 3394 1905 peccant,
3451 1846 3503 1892 et
3558 1837 3610 1890 iu

2124 1939 2141 1970 ι
2179 1923 2424 1976 oratione
2455 1924 2817 1979 confessionis
2859 1936 2909 1979 el
2966 1929 3302 1996 poenitentiae
3351 1944 3611 1996 perseve-

2113 2029 2130 2061 ι
2169 2024 2310 2078 rant,
2340 2024 2392 2066 et
2424 2030 2481 2067 se
2526 2033 2552 2067 ιι
2613 2016 2772 2070 malis
2830 2017 3069 2085 perfecte
3105 2030 3466 2085 convertunt,
3511 2037 3610 2090 pro

2111 2122 2128 2154 ι
2159 2106 2428 2172 qualitate
2455 2108 2637 2162 delicti
2677 2119 2915 2177 tempore
2962 2111 3299 2179 prenitontize
3351 2113 3431 2165 eis
3484 2114 3611 2164 dato

2109 2213 2126 2246 ι
2165 2206 2387 2264 propter
2427 2199 2812 2251 miserationes
2847 2209 2899 2253 et
2937 2199 3027 2253 Dei
3090 2201 3414 2268 bonitatem,
3457 2218 3609 2256 com-

2113 2303 2133 2338 ι
2178 2289 2365 2342 munio
2405 2290 2753 2344 concedenda
2778 2301 2881 2345 est.
2917 2310 2934 2342 ι

2323 2438 2351 2457 ῃ

2100 2552 2295 2607 BALS.
2326 2554 2640 2609 Decidimus
2671 2555 2875 2609 tmllum
2929 2568 3209 2626 peccatum
3258 2560 3478 2615 vincere
3517 2562 3606 2615 Dei

2027 2643 2480 2698 misericordiam.
2512 2645 2682 2701 Porro
2737 2662 2977 2717 praesens
3003 2664 3218 2721 quoque
3277 2666 3448 2704 canon
3501 2666 3609 2706 Sta-

2031 2738 2150 2799 tuit,
2186 2744 2245 2789 ut
2289 2738 2377 2805 qui
2416 2751 2447 2789 a
2493 2740 2637 2791 malo
2684 2738 2888 2808 perfete
2936 2742 3221 2806 desistunt,
3278 2758 3400 2797 cum
3472 2760 3605 2813 pura

2027 2825 2373 2883 confessione
2435 2841 2487 2883 et
2542 2831 2700 2901 digna
2773 2844 3121 2901 peccatorum
3170 2839 3515 2905 pmnitenlia,
3560 2841 3593 2893 ii

2026 2918 2175 2987 digni
2208 2933 2394 2975 saneta
2422 2924 2839 2992 participatione
2865 2928 3168 2980 habeantur
3197 2946 3211 2992 ;
3244 2946 3347 2981 non
3368 2941 3589 2998 propter

2025 3022 2211 3066 eorum
2238 3014 2453 3066 virtutis
2485 3016 2743 3081 studium,
2801 3018 2893 3070 su]
2944 3026 3164 3086 propter
3208 3020 3297 3071 Dei
3369 3024 3599 3074 misera~

2030 3098 2205 3152 tiones
2258 3111 2312 3153 et
2366 3101 2791 3156 inenarrabilem
2863 3107 3181 3160 bonitatem.
3246 3107 3367 3163 Haec
3417 3124 3596 3163 autem

2026 3194 2247 3244 omnium
2271 3193 2540 3247 disrernet
2571 3195 2901 3263 episcopalis
2922 3190 3277 3254 examinatio.

2092 3282 2342 3337 ZUNAR.
2374 3283 2428 3338 Si
2465 3285 2606 3354 quis,
2638 3288 2819 3340 multis
2873 3288 2996 3341 licet
3032 3290 3366 3345 facinoribus
3411 3292 3593 3347 irreti~

2022 3386 2126 3438 tus,
2160 3388 2341 3428 tamen
2391 3393 2481 3442 ea,
2543 3378 2863 3446 pmuitentia
2897 3381 3114 3444 ductus,
3144 3382 3389 3434 confiteri
3449 3384 3597 3449 velit,

2018 3471 2362 3537 admissaque
2393 3468 2593 3537 ﬂagitia
2622 3471 2837 3537 lieuitus
2897 3484 3221 3539 aversetur;
3260 3490 3358 3544 pro
3406 3476 3599 3527 crimi-

2018 3576 2144 3612 num
2179 3564 2407 3620 ratian.
2481 3562 2679 3629 quibus
2737 3561 3035 3618 obstrictus
3086 3576 3193 3629 est,
3260 3566 3596 3635 ρωιιίιεηιὶιε

2021 3660 2229 3717 tempus
2258 3650 2458 3703 homini
2484 3653 2991 3718 praescribendum:
3050 3654 3231 3721 itaque
3299 3658 3399 3709 sibi
3454 3673 3597 3726 aegre

2015 3756 2130 3793 esse
2150 3756 2267 3808 quin
2294 3744 2525 3810 patravit
2551 3743 2895 3809 indicantem,
2922 3746 3263 3801 admittieum
3294 3758 3345 3800 et
3366 3748 3416 3801 in
3443 3765 3594 3802 com-

2018 3840 2326 3887 munionem
2367 3838 2529 3903 recipi
2573 3851 2741 3889 canon
2809 3838 3087 3892 decernit:
3139 3855 3314 3908 neque
3373 3856 3501 3895 vero
3538 3850 3595 3895 ut

2015 3926 2319 3978 divinorum
2347 3929 2728 3995 mysteriorum
2789 3930 3137 3997 perceptione
3192 3933 3384 4000 dignus
3420 3934 3590 3985 liabe-

2017 4027 2189 4079 t'etur,
2245 4019 2412 4087 ipsius
2470 4020 2801 4086 diligentiae,
2855 4022 2949 4076 Sed
3015 4022 3106 4075 Dei
3146 4024 3481 4077 miserationi
3531 4040 3594 4077 ac

2016 4107 2436 4176 lougemaximm
2469 4090 2696 4163 bonitati
2728 4112 2923 4165 ascribi
2949 4124 3199 4181 oportere
3233 4117 3588 4169 demou5trat.

334 4223 555 4280 ΔΡΙΣΤ.
597 4242 615 4275 ι
654 4226 714 4278 0!
760 4224 1036 4293 διαφόροις
1081 4188 1421 4293 ἀγνοήμασιν
1494 4222 1814 4285 ἐαλωκότες,
1865 4222 1913 4273 εί

2042 4198 2240 4252 ιΙΗδΤ.
2274 4218 2291 4250 ι
2327 4201 2426 4265 Qui
2464 4202 2628 4255 variis
2671 4202 2882 4256 delictis
2924 4203 3170 4258 obstricti
3227 4218 3377 4269 sunt,
3427 4206 3471 4259 si
3527 4208 3591 4259 iis

414 4340 431 4371 ι
473 4319 789 4387 ἐπιγνόντες
824 4318 1262 4386 ἐξομολογοΐντο,
1299 4319 1393 4369 καὶ
1427 4314 1706 4381 ἀναλόγως
1742 4330 1911 4383 μετα-

416 4431 434 4463 ι
470 4414 666 4473 νοοῖεν,
690 4410 1101 4479 εύπρόσδεκτοι.

405 4506 613 4565 Πάντες
658 4502 709 4554 οἱ
754 4502 1196 4574 ἀμαρτήῠσαντες,
1246 4480 1407 4551 ὁποῖα
1452 4498 1517 4552 ἄν
1547 4514 1630 4561 τις
1662 4497 1805 4550 είποι
1846 4497 1912 4548 τά

2092 4306 2109 4339 ι
2156 4293 2388 4359 cngnitis
2452 4293 2840 4355 confiteantur,
2878 4303 2931 4347 et
2992 4311 3089 4364 pro
3146 4311 3334 4351 eorum
3381 4298 3591 4352 ratione

2088 4402 2109 4435 ι
2144 4385 2513 4449 ptnuiteutiam
2548 4393 2729 4454 agant,
2772 4387 2925 4440 facile
2972 4387 3323 4455 recipiantur.
3353 4407 3371 4438 ι

2081 4477 2281 4531 Omnes
2306 4476 2394 4545 qui
2427 4473 2745 4545 peccarunt,
2780 4479 3179 4547 qualiacunque
3211 4482 3354 4533 dicat
3388 4482 3587 4548 aliquis

337 4597 739 4667 ἁμαρτήματα,
775 4568 823 4645 εί
856 4568 1245 4661 μετανοήσουσι
1288 4590 1381 4642 καὶ
1419 4588 1907 4659 ἐξομολογήσονται

2042 4585 2200 4620 ςΟῐῚΙιιι
2230 4579 2471 4637 peccata,
2513 4570 2557 4624 si
2592 4568 2962 4639 pmniteutiam
2995 4572 3224 4643 egerint,
3261 4585 3312 4626 et
3356 4589 3415 4627 ea
3460 4589 3589 4627 eon-

334 4688 527 4753 ταῦτα,
551 4686 647 4739 καὶ
674 4685 771 4756 τὴν
801 4683 1150 4753 ἀποστροφὴν
1176 4682 1281 4734 τῶν
1310 4682 1494 4734 κακῶν
1516 4679 1725 4733 τελείαν
1752 4680 1908 4747 ποιή-

2042 4660 2140 4711 .ssi
2170 4657 2388 4721 fuerint,
2442 4667 2547 4711 eta
2608 4660 2764 4713 malis
2801 4662 3037 4729 perfecte
3090 4678 3148 4715 se
3197 4665 3583 4727 converterint,

336 4794 545 4840 σονται,
580 4776 673 4829 καὶ
699 4776 841 4827 κατά
870 4776 967 4842 τὴν
998 4774 1290 4839 ἀναλογίαν
1321 4772 1413 4824 τοῦ
1444 4771 1783 4839 πταίσματος
1815 4770 1906 4822 τὸν

331 4869 562 4924 δοθέντα
592 4868 777 4929 αὐτοῖς
813 4867 1003 4937 καιρὸν
1050 4868 1126 4927 είς
1157 4866 1449 4932 μετάνοιαν
1476 4868 1532 4916 ἐν
1576 4865 1905 4933 προσευχαῖς

336 4965 429 5015 καὶ
479 4961 741 5030 δάκρυσιν
796 4958 1211 5012 ἐκτελέσουσινο
1266 4956 1773 5025 παραδεχθήσονται
1824 4955 1904 5016 εἰς

332 5054 620 5105 κοινωνίαν
653 5050 742 5105 διά
784 5050 909 5113 τοὺς
952 5048 1271 5117 οἰκτιρμοὺς
1315 5047 1409 5099 καὶ
1450 5044 1549 5115 τὴν
1592 5042 1901 5113 ἀγαθότητα

328 5141 423 5196 τοῦ
450 5140 610 5194 Θεοῦ.

335 5323 355 5357 ι
391 5304 525 5375 Περὶ
553 5302 643 5359 τοῦ
679 5304 753 5373 μὴ
780 5303 888 5358 δεῖν
918 5230 1355 5370 τόῖᾹτῗρὲἓρξτως
1380 5298 1717 5369 φωτισθέντα
1735 5315 1901 5368 προσ-

617 5413 635 5445 ι
682 5396 908 5463 ἀγεσθαι
946 5396 1001 5447 ἐν
1026 5395 1265 5462 τάγματι
1298 5392 1608 5462 ίερατικῷ.»

397 5485 593 5539 ΒΑΛΣ.
651 5484 945 5552 Ἀνάγνωθι
982 5483 1089 5536 τῶν
1135 5484 1306 5550 ἀγίων
1342 5482 1655 5535 ἀποστόλων
1696 5482 1896 5536 κανόνα

324 5582 403 5636 π’.
450 5577 667 5629 συνόδου
702 5577 937 5638 Νικαίας
968 5577 1167 5628 κανόνα
1198 5573 1264 5645 β’,
1297 5575 1363 5627 τά
1395 5574 1533 5628 αύτά
1563 5573 1641 5644 τῷ
1671 5576 1896 5644 παρόντι

324 5664 451 5721 καν.
488 5668 843 5732 θεσπίζοντας
874 5668 1034 5737 χάριν
1062 5666 1171 5719 τῶν
1204 5666 1533 5737 προσφάτως
1564 5666 1893 5736 βαπτισθέν-

324 5775 455 5822 των,
509 5759 604 5812 καὶ
649 5759 956 5830 ζητούντων
1003 5760 1315 5831 ίερωθῆναι.
1372 5762 1431 5816 Ὀ
1480 5764 1664 5832 μέντοι
1717 5766 1890 5836 μέγας

1995 4734 2065 4803 ῗιξι
2097 4762 2307 4818 tempus
2326 4751 2389 4801 ad
2425 4750 2792 4819 ptenitentiam
2853 4753 3115 4819 agendum
3171 4757 3465 4805 secundum
3490 4755 3587 4806 de-

2014 4844 2119 4894 ficti
2149 4843 2546 4910 proportionem
2572 4843 2638 4896 iis
2668 4858 2988 4896 concessum
3027 4845 3278 4913 precibus
3305 4856 3359 4899 et
3405 4845 3586 4917 lacn-y-

2014 4936 2115 4985 mis
2141 4932 2488 4994 absolverint,
2518 4945 2740 5003 propter
2781 4933 2874 4987 Dei
2907 4937 3285 4993 miserationes
3334 4949 3387 4993 et
3422 4938 3579 4993 boni-

2014 5034 2175 5077 tatem
2201 5026 2252 5077 in
2287 5026 2722 5079 communionem
2757 5027 3111 5095 recipientur.

2609 5230 2842 5286 CANON
2883 5234 2973 5290 [ΙΙ.

2018 5333 2035 5366 ι
2060 5316 2211 5383 Quod
2240 5333 2342 5371 non
2371 5332 2581 5391 oportet
2607 5338 2751 5388 eum,
2776 5328 2867 5394 qui
2902 5344 3092 5383 recens
3118 5331 3425 5400 baptizatus
3469 5344 3574 5401 est,

2078 5430 2094 5461 ι
2139 5412 2188 5462 in
2216 5411 2458 5466 ordinem
2494 5416 2879 5471 sacerdotalem
2907 5424 3231 5488 promoveri.
3269 5442 3289 5474 ι

2073 5501 2266 5555 BALS.
2297 5503 2436 5574 Lege
2462 5518 2775 5561 sanctorum
2798 5513 3161 5577 apostolorum
3187 5529 3449 5570 canonem
3478 5518 3569 5582 80,

1998 5592 2188 5663 synodi
2218 5591 2448 5649 Niczenre
2478 5612 2743 5653 eanouem
2776 5599 2835 5664 2,
2869 5602 2959 5670 qui
3021 5605 3209 5655 eadem
3260 5620 3381 5658 cum
3429 5623 3567 5676 pra:-

1999 5685 2141 5739 scnti
2180 5701 2386 5742 canone
2426 5688 2746 5758 decernunt,
2774 5691 2841 5746 de
2877 5694 2941 5747 iis
2985 5694 3075 5762 qui
3135 5710 3255 5750 sunt
3325 5714 3571 5754 ret'cnlet'

2000 5778 2284 5851 baptizati,
2310 5790 2363 5838 et
2390 5795 2576 5853 petunt
2605 5789 2673 5843 ad
2709 5803 2894 5843 sacros
2946 5790 3163 5845 ordines
3194 5793 3420 5848 admitti.
3458 5795 3559 5849 Ma-
3602 5771 3612 5781 ’
