3982 6494
419 295 547 359 ιλιι

1658 282 1932 344 TIIEOD.
1980 276 2383 339 BALSAMON

3521 272 3654 335 13%

416 421 570 475 gnum
598 414 777 457 tamen
834 400 961 456 illud
999 401 1179 453 lumen
1217 398 1520 463 Nectartus,
1558 412 1586 449 a
1629 396 1975 449 catechume-

2117 391 2293 453 κεῖνος
2344 388 2567 460 φωστὴρ
2606 388 2907 458 Νεκτάριος
2949 387 3077 458 ἄρτι
3119 388 3217 457 τῆς
3252 387 3360 440 τῶν
3410 406 3679 457 κατηχού-

416 514 604 553 aOruut
637 513 797 566 grege
835 511 1003 563 unper
1030 503 1343 563 separatus,
1388 507 1509 545 cum
1546 490 1729 543 divino
1772 489 1987 541 lavacro

419 592 539 644 vita:
570 588 759 643 sordes
778 586 1057 649 abluisset,
1091 600 1261 654 purus
1308 584 1417 651 jam
1451 583 1802 652 purissimam
1868 579 1985 646 epi-

418 694 665 749 scepatns
718 680 1033 749 dignitaletn
1092 678 1286 740 induit,
1353 687 1408 730 et
1460 674 1621 730 simul
1670 674 1731 727 lit
1791 674 1989 741 regina:

418 776 563 828 urbis
609 775 914 842 episcopus,
971 780 1026 827 et
1074 780 1276 825 sanctae
1334 767 1585 824 secunda:
1662 762 1990 819 universalis

419 864 602 935 synodi
632 878 849 930 puescs.

485 1039 735 1094 ZONAll.
773 1039 906 1103 llnc,
940 1039 1124 1091 eodem
1164 1037 1344 1100 modo,
1407 1035 1597 1105 prima)
1651 1047 1865 1103 quoque
1897 1029 1991 1083 Ni-

419 1150 577 1189 ca-nze
636 1134 823 1203 synodi
880 1132 1116 1185 secundo
1172 1146 1380 1183 canone
1433 1128 1789 1182 constitutum
1871 1136 1991 1189 est;

420 1239 645 1293 qua:th
674 1223 724 1277 itt
774 1223 913 1275 illius
962 1221 1327 1290 explicatione
1354 1219 1610 1279 diximus,
1644 1218 1729 1272 llic
1779 1230 1996 1288 quoque

420 1319 712 1382 sumetcnl,

422 1410 642 1467 ARIST.
680 1427 697 1459 ι
740 1408 947 1463 Recens
983 1406 1334 1463 illuminatus,
1376 1404 1545 1458 sacris
1579 1402 1860 1459 ordinibus
1890 1416 1995 1455 non

493 1524 511 1556 ι
541 1514 626 1559 est
658 1503 909 1557 idoneus.
943 1518 961 1550 ι

489 1597 590 1663 Qui
621 1610 811 1649 recens
844 1592 1201 1653 illuminatnr,
1236 1610 1339 1650 non
1404 1592 1588 1645 statim
1645 1592 1698 1645 in
1752 1591 1999 1647 ordinem

420 1688 812 1744 sacerdotalem
845 1696 1217 1755 promovetur.

1022 1817 1252 1873 (l.\t\ON
1303 1816 1391 1870 ιν.

428 1951 446 1985 ι
485 1932 634 1999 Quod
670 1948 771 1986 n0n
803 1943 1015 2000 oportet
1050 1933 1361 1985 sacerdotes
1396 1931 1651 1997 fenerari,
1685 1941 1737 1985 el
1782 1947 1982 1986 usuras

496 2041 514 2074 ι
544 2038 662 2090 quae
691 2024 939 2075 dicuntur
965 2021 1232 2075 ltemiolim
1265 2023 1339 2088 (id
1371 2031 1452 2075 est
1491 2022 1655 2075 totius
1701 2023 1863 2077 stirtis
1913 2023 1999 2078 tli-

498 2134 516 2166 ι
556 2116 715 2169 midia
752 2116 901 2184 pars)
937 2118 1205 2185 accipere.
1244 2136 1260 2167 ι

495 2208 690 2264 BALS.
732 2208 1077 2275 Apostolicus
1127 2211 1578 2277 quadragesimus
1639 2219 1867 2280 quartus
1911 2224 2002 2263 ca-

422 2318 551 2365 non,
575 2309 628 2355 et
678 2302 938 2369 septimus
990 2300 1230 2353 decimus
1273 2304 1458 2368 prima!
1513 2301 1706 2369 synodi
1754 2299 2002 2354 diliusius

430 2404 663 2448 tractant
698 2393 766 2448 de
795 2394 967 2447 sacris
1000 2392 1251 2457 initiatis,
1298 2396 1387 2463 qui
1442 2408 1637 2462 usuras
1658 2394 1997 2463 °accipiuut:

423 2500 477 2541 et
508 2488 623 2551 lege
648 2502 763 2541 eos.

492 2574 743 2630 ZONAR.
771 2577 973 2632 Eadem
1000 2578 1189 2645 prima:
1230 2592 1445 2647 quoque
1502 2578 1853 2632 (ecnmeniraa
1903 2593 1991 2648 sy-

424 2672 775 2724 nodicanoue
815 2671 874 2724 i'i
914 2672 1210 2724 constituta
1247 2682 1390 2725 sunt.
1425 2670 1533 2725 Nec
1563 2672 1627 2725 ad
1649 2687 1737 2735 ea,
1771 2687 1891 2741 quae
1924 2671 1998 2725 ibi

426 2761 730 2825 attulimus,
758 2764 1054 2832 quidquam
1115 2764 1217 2819 hoc
1280 2764 1398 2818 loco
1451 2764 1755 2818 addendum
1803 2763 2001 2819 existi-

426 2870 655 2908 luamus.

612 2948 840 3003 ARIST.
886 2968 905 3002 ι
948 2942 1216 3005 Sacerdos
1261 2967 1453 3004 usuras
1492 2954 1574 3005 vel
1602 2952 2000 3022 sesquialteras

984 3062 1002 3095 ι
1050 3060 1159 3097 non
1199 3046 1418 3113 accipit.
1462 3064 1479 3095 ι

2032 1728 2079 1788 Β

2092 481 2270 552 μένων
2304 482 2509 550 ἀγέλης
2546 480 2900 551 ἀφορισθεὶς,
2934 481 3028 533 καὶ
3059 479 3137 549 τῷ
3182 480 3311 550 οείῳ
3342 479 3554 549 λουτρῷ
3586 480 3679 533 τὸν

2089 574 2183 626 τοῦ
2215 573 2332 643 βίου
2371 574 2544 643 ρύπον
2575 573 3054 643 ἀποπλυνάμενος,
3090 571 3331 643 καθαρὸς
3362 572 3464 643 ἤδη
3492 573 3553 625 τὸ
3584 590 3683 624 κα-

2094 666 2418 733 θαρώτατον
2447 668 2542 735 τῆς
2575 664 2987 735 ἀρχιερωσύνης
3021 664 3236 732 ἀξίωμα
3272 662 3681 731 περιϐάλλεται,

2094 761 2187 811 καὶ
2230 758 2347 827 ἅμα
2392 758 2493 828 τῆς
2524 756 2915 827 βασιλευούσης
2966 756 3265 818 ἐπίσκοπος
3307 754 3536 818 γίνεται,
3589 757 3681 806 καὶ

2092 850 2193 919 τῆς
2270 850 2432 918 ἁγίας
2500 849 2595 905 καὶ
2669 848 3062 920 οίκουμενικῆς
3133 847 3392 917 δευτέρας
3460 846 3684 900 συνόδου

2095 941 2346 1003 ἔξαρχος.

2131 959 2190 993 ἀ
2266 959 2346 1003 ος.

2128 959 2411 1087 τΖεὲζΝΑΡ.
2434 1034 2607 1086 Τοῦτο
2631 1034 2727 1087 καὶ
2752 1034 2779 1085 ὁ
2797 1031 3049 1101 δεύτερος
3077 1029 3258 1084 κανὼν
3281 1030 3381 1095 τῆς
3402 1031 3460 1083 ἐν
3482 1026 3690 1097 Nunt;

2098 1129 2324 1198 πρώτης
2358 1129 2579 1180 συνόδου
2605 1126 2915 1193 διετάξατο,
2949 1126 3044 1180 καὶ
3071 1125 3107 1179 ἀ
3137 1126 3195 1179 ἐν
3226 1125 3422 1193 ἐκείνῳ
3448 1123 3687 1192 εἴρηται,

2100 1221 2204 1275 κάν
2233 1220 2409 1290 τούτῳ
2435 1220 2781 1291 ἀρκέσουσιν.

2168 1401 2390 1456 ΑΡΙΣΤ.
2428 1419 2447 1453 ι
2494 1400 2555 1455 'O
2584 1398 2940 1470 νεοφώτιστος
3003 1396 3403 1469 ἀνιεράτευτος.

2185 1584 2247 1637 Ὀ
2278 1582 2639 1653 νεοφώτιστος
2664 1581 2765 1636 οὐκ
2788 1580 2951 1645 εὐθὺς
2979 1581 3038 1633 ἐν
3064 1575 3326 1649 ίερατικῷ
3353 1574 3689 1645 προσάγεται

2107 1676 2369 1748 τάγματμ

2715 1811 2956 1869 ΚΑΝΩΝ
2981 1812 3058 1866 Δ’.

2108 1950 2127 1983 ι
2168 1933 2306 2002 Περὶ
2329 1930 2425 1985 τοῦ
2452 1932 2527 2004 μὴ
2549 1931 2663 1986 δεῖν
2692 1930 3008 2002 ίερατικοὺς
3035 1928 3324 1995 δανείζειν,
3375 1930 3469 1983 καὶ
3496 1928 3690 1989 τόκους

2100 2026 2195 2077 καὶ
2224 2025 2323 2088 τάς
2347 2024 2649 2098 λεγομένας
2667 2023 2921 2095 ἡμιολίας
2946 2023 3265 2092 λαμϐάνειν.
3310 2039 3329 2071 ι

2173 2203 2368 2258 ΒΑΛΣ.
2420 2202 2479 2256 '0
2528 2203 2890 2267 ἀποστολικδς
2944 2203 3026 2273 μδ⁹
3074 2204 3255 2257 κανὼν
3300 2204 3395 2257 καὶ
3437 2205 3464 2256 ό
3495 2204 3562 2267 ιζ’
3592 2203 3690 2273 τῆς

2102 2297 2325 2367 πρώτης
2349 2298 2567 2351 συνόδου
2594 2298 2931 2366 πλατύτερον
2955 2297 3398 2368 διαλαμϐάνουσι
3424 2299 3557 2368 περὶ
3580 2297 3690 2349 τῶν

2104 2392 2420 2460 ἱερωμένων
2484 2390 2877 2461 λαμϐανόντων
2946 2392 3140 2454 τόκους
3166 2381 3189 2422 ί
3248 2391 3344 2444 καὶ
3408 2390 3688 2457 ἀνάγνωθι

2106 2483 2357 2545 τούτους.

2176 2576 2420 2629 ΖΩΝΑΡ.
2475 2576 2645 2631 Τοῦτο
2696 2579 2790 2630 καὶ
2840 2577 3307 2639 ἑπτακαιδέκατος
3359 2572 3544 2628 κανὼν
3597 2576 3693 2642 τῆς

2105 2667 2332 2739 πρώτης
2390 2671 2784 2740 οίκουμενικῆς
2839 2670 3064 2723 συνόδου
3127 2669 3300 2731 οὕτως
3341 2668 3534 2737 ὥρισε,
3599 2666 3692 2719 καὶ

2104 2760 2276 2813 πλείω
2304 2761 2414 2814 τῶν
2447 2763 2757 2833 εἰρημένων
2781 2764 2898 2816 ἐκεῖ
2923 2763 2985 2815 ού
3012 2762 3170 2833 χρεία
3202 2764 3369 2832 ἐρεῖν.

2103 2940 2328 2992 ΑΡΙΣΤ.
2376 2958 2393 2990 ι
2432 2941 2635 3004 Τόκους
2700 2941 2732 3011 ἢ
2780 2941 3035 3013 ἡμιολίας
3100 2938 3376 3011 ίερατικὸς
3427 2938 3490 2991 οὐ
3551 2937 3692 3005 λαμ-

2180 3056 2198 3090 ι
2235 3036 2405 3089 δάνει.
2446 3055 2463 3086 ι

495 3132 615 3188 Non
666 3144 880 3205 oportet
917 3151 1014 3190 eos
1037 3137 1127 3206 qui
1160 3147 1289 3191 sunt
1341 3140 1392 3191 in
1430 3139 1574 3190 clero
1626 3138 1805 3208 turpia
1849 3138 2001 3191 lucra

2179 3133 2251 3183 Οὐ
2272 3132 2352 3184 δεῖ
2375 3130 2501 3191 τοὺς
2535 3130 2589 3181 ἐν
2624 3127 2811 3197 κλήρῳ
2835 3126 3036 3196 αἰσχρά
3069 3125 3235 3196 κέρδη
3283 3125 3540 3183 ἐπινοεῖν,
3600 3135 3693 3173 και

427 3227 760 3297 excogitare,
788 3240 842 3283 et
870 3229 1217 3297 gravissimis
1247 3239 1340 3283 aut
1372 3229 1673 3284 levioribus
1702 3230 1886 3285 usuris
1923 3230 2003 3285 fe-

428 3320 610 3375 nerari
650 3337 663 3373 :
699 3319 806 3373 nisi
838 3336 897 3375 se
929 3320 1034 3375 ltoc
1058 3320 1321 3377 facientes
1366 3331 1417 3375 et
1447 3337 1555 3375 non
1589 3332 1873 3377 cessantes
1909 3322 2007 3377 de-

429 3411 553 3479 poni
585 3410 810 3464 vellent.

1046 3546 1277 3602 CANON
1322 3548 1382 3601 ν.

434 3679 453 3712 ι
483 3658 637 3725 Quod
695 3675 805 3714 non
852 3669 1069 3731 oportet
1110 3661 1410 3713 electiones
1446 3659 1557 3713 fieri
1612 3660 1665 3712 in
1714 3660 2005 3729 pl'u‘SCtilla

990 3770 1007 3800 ι
1050 3750 1404 3802 audientium.
1444 3768 1462 3799 ι

502 3862 696 3917 BALS.
724 3865 941 3933 Xstpc'rt
966 3864 1073 3926 νίας
1113 3878 1287 3916 canon
1325 3864 1411 3917 bic
1432 3864 1729 3919 electiones
1767 3865 2007 3917 nominat

428 3967 483 4007 et
520 3955 676 4019 dicit,
733 3954 880 4024 quod
930 3958 1190 4025 quoniam
1241 3958 1293 4010 itt
1343 3956 1704 4011 elcctionibus
1746 3956 2007 4009 dicnntttr

432 4047 712 4110 nonnulla,
743 4062 887 4115 smpe
911 4049 1076 4101 etiam
1105 4048 1345 4117 indigna,
1372 4050 1438 4103 de
1464 4050 1531 4102 iis
1562 4052 1654 4117 qui
1687 4049 2003 4119 eliguntur:

432 4155 540 4192 non
575 4139 701 4192 licet
738 4139 793 4191 in
821 4141 1098 4193 communi
1126 4140 1419 4210 cujuslibet
1462 4141 1697 4194 volentis
1724 4139 2007 4196 auditione

430 4247 494 4285 ea
561 4230 701 4285 ﬁeri.
758 4231 1053 4300 Propterea
1112 4248 1243 4301 ergo
1293 4233 1454 4286 hodie
1492 4248 1710 4303 quoque
1755 4250 2003 4289 seorsum

431 4324 707 4376 antistites
738 4332 793 4375 et
828 4324 931 4377 soli
988 4326 1381 4379 convenientes
1428 4328 1657 4396 eligunt.
1708 4326 1767 4379 lu
1830 4328 2006 4396 primo

432 4422 614 4468 autem
676 4428 885 4468 canone
968 4416 1270 4484 apostolico
1346 4416 1648 4486 χειροτονία
1720 4432 1821 4486 pro
1892 4434 2006 4472 tua-

434 4524 600 4559 ttttttttt
647 4508 993 4575 itnposilionc
1021 4508 1278 4564 sumitur.

504 4617 758 4671 ZONAll.
821 4617 1168 4687 Χειροτονίας
1238 4620 1460 4673 nomine
1516 4620 1841 4675 electionem
1908 4624 2010 4677 boe

434 4710 557 4762 loco
608 4724 784 4763 canon
840 4711 1125 4765 indicavit.
1162 4711 1298 4764 Cum
1333 4728 1570 4781 namque
1626 4713 1677 4766 in
1728 4714 2013 4767 electioni-

434 4802 562 4863 bus,
598 4801 906 4869 aliquorum
958 4802 1189 4855 crimina
1245 4814 1469 4872 propter
1500 4820 1621 4872 qua:
1671 4804 1744 4857 illi
1781 4806 1921 4859 forte
1979 4823 2009 4859 ιι

434 4906 594 4947 sacro
628 4891 821 4946 ordine
849 4894 1073 4947 arcendi
1107 4893 1215 4948 sint
1244 4934 1259 4958 ,
1295 4910 1322 4946 a
1355 4896 1684 4963 prresulibus
1720 4901 2011 4951 enuntien-

436 4991 544 5047 tur,
583 4988 773 5039 adesse
820 4986 1095 5051 homines,
1124 4988 1225 5055 qni
1256 5002 1317 5042 ea
1348 5004 1471 5057 qua:
1501 4990 1816 5044 dicerentur
1865 4994 2014 5046 exci-

437 5083 652 5144 perent,
719 5078 919 5130 rationi
1010 5080 1234 5131 minime
1307 5093 1741 5136 consentanennt
1820 5083 2010 5139 Patres

436 5163 822 5217 existimavere
855 5180 870 5219 ;
904 5168 1047 5234 quod
1077 5183 1138 5221 ea
1170 5170 1405 5233 scilicet,
1451 5186 1571 5239 qua:
1598 5170 1925 5235 audiebant,
1956 5181 2011 5224 et

388 5252 393 5257 ’
437 5254 504 5311 iis
535 5268 725 5311 contra
759 5274 897 5327 quos
929 5261 1253 5315 dicebantur
1288 5263 1504 5331 pudori,
1535 5274 1586 5317 et
1618 5278 1647 5316 a
1684 5265 1885 5332 quibus
1912 5280 2011 5317 an-

434 5348 726 5403 dit-bantur
780 5351 845 5405 ad
902 5354 1199 5420 nequitiam
1252 5355 1617 5409 incitamento
1668 5363 1887 5421 essent,
1956 5363 2010 5409 et

435 5443 579 5509 aliis,
608 5460 844 5514 quorum
888 5463 996 5500 non
1033 5448 1103 5501 ita
1142 5451 1477 5504 constansin
1510 5450 1613 5504 lide
1658 5450 1829 5513 ratio,
1863 5450 2009 5503 blas-

434 5536 723 5603 pbentandi
779 5538 1034 5595 Numinis
1084 5556 1305 5596 causam
1361 5545 1686 5612 praeberent.
1740 5543 2006 5599 ULenim

433 5633 694 5685 virtutum
737 5634 1043 5689 actionibus
1072 5634 1244 5705 gloria
1289 5634 1539 5691 Numinis
1570 5646 1835 5709 augetur,
1879 5654 2006 5693 con-

368 5736 371 5739 '
431 5731 710 5783 Celebrant
760 5735 1059 5807 siquidem,
1108 5730 1202 5801 qui
1261 5732 1558 5801 prteclaras
1616 5736 1861 5790 actiones
1923 5735 2002 5788 in-

2108 3224 2199 3278 ἐπὶ
2232 3222 2552 3293 βαρυτάτοις
2582 3221 2780 3283 τόκοις,
2815 3219 2847 3288 ἢ
2890 3220 2984 3272 καὶ
3032 3218 3284 3287 ἐλαφροῖς
3327 3213 3689 3277 ἐκδανεῐζειν·

2107 3318 2155 3368 εί
2187 3319 2262 3385 μὴ
2302 3314 2575 3384 βούλοιντο
2600 3312 2759 3365 τοῦτο
2782 3310 3079 3375 ποιοῦντες,
3115 3312 3210 3363 καὶ
3262 3310 3335 3380 μὴ
3370 3310 3692 3375 παυόμενοι,

2107 3405 2510 3477 καθαιρεῖσθαι.

2729 3538 2968 3592 ΚΑΝΩΝ
2992 3538 3066 3592 Ε’.

2117 3674 2135 3707 ι
2184 3656 2317 3724 Περὶ
2353 3654 2447 3706 τοῦ
2490 3652 2566 3723 μὴ
2606 3653 2718 3705 δεῖν
2763 3652 2861 3714 τὰς
2898 3652 3233 3721 χειροτονίας
3291 3652 3383 3703 ἐπὶ
3424 3652 3695 3723 παρουσία

2517 3764 2535 3797 ι
2578 3746 2943 3816 ἀκροωμένων
2978 3744 3244 3813 γίνεσθαι.
3277 3763 3297 3796 ι

2180 3866 2753 3936 ΒΛΛΣάΧειροτονίας
2784 3865 3015 3918 ἐνταῦθα
3043 3866 3141 3929 τὰς
3172 3866 3386 3937 ψήφους
3441 3867 3694 3935 ὀνομάζει

2109 3964 2136 4015 ὁ
2166 3963 2368 4025 κανὼν,
2395 3962 2487 4013 καί
2527 3977 2693 4029 φησιν
2723 3956 2819 4021 ὡς,
2849 3959 2970 4009 ἐπεὶ
2996 3960 3051 4009 ἐν
3069 3961 3189 4020 ταῖς
3223 3958 3424 4028 ψήφοις
3452 3958 3694 4025 λέγονταί

2109 4076 2229 4111 τινα
2262 4056 2521 4116 πολλάκις
2564 4052 2766 4117 ἀνάξια
2814 4052 2973 4122 χάριν
3021 4052 3130 4103 τῶν
3174 4050 3583 4121 ψηφιζομένων,
3636 4052 3693 4103 ού

2113 4151 2219 4221 χρὴ
2262 4149 2353 4202 ἐπὶ
2379 4150 2531 4216 κοινῇ
2562 4146 2829 4215 ἀκροάσει
2854 4144 2948 4197 τοῦ
2987 4144 3312 4213 βουλομένου
3350 4145 3446 4206 τὰς
3480 4144 3693 4212 ψήφους

2109 4241 2373 4311 γίνεσθαι.
2419 4241 2517 4292 Διά
2546 4238 2703 4291 τοῦτο
2744 4233 2838 4290 οὖν
2884 4238 2976 4289 καὶ
3022 4236 3261 4305 σήμερον
3308 4235 3430 4288 κατ’
3481 4236 3613 4287 ἰδίαν
3649 4247 3696 4297 οι

2110 4336 2387 4403 ἀρχιερεῖς
2420 4336 2514 4385 καὶ
2547 4332 2698 4401 μόνοι
2743 4328 3128 4397 συνερχόμενοι
3176 4325 3533 4395 ψηφίζονται.
3606 4327 3698 4377 Ἐν

2120 4425 2303 4494 μέντοι
2352 4422 2427 4491 τῷ
2460 4421 2659 4491 πρώτῳ
2707 4417 3049 4486 ἀποστολικῷ
3085 4417 3268 4469 κανόνι
3316 4417 3348 4486 ἡ
3400 4416 3699 4486 χειροτονία

2036 4488 2091 4549 D
2120 4488 2199 4579 εἰς
2235 4488 2579 4585 χειροίίεσίαν
2602 4511 3030 4580 ἐκλαμὸἀνεται.

2186 4630 2430 4684 ΖΩΝΛΡ.
2456 4626 2805 4698 Χειροτονίας
2828 4624 3061 4677 ἐνταῦθα
3093 4624 3191 4686 τὰς
3232 4624 3445 4693 ψήφους
3485 4622 3699 4692 ὠνόμα·

2118 4740 2208 4774 σεν
2241 4721 2269 4772 ὁ
2310 4718 2510 4771 κανών.
2562 4717 2715 4768 Ἐπεὶ
2737 4716 2846 4784 γὰρ
2869 4714 2926 4765 ἐν
2960 4711 3037 4780 τῷ
3071 4712 3137 4764 τὰ
3176 4710 3504 4780 ψηφίσματα
3548 4712 3696 4776 γίνε-

2117 4812 2239 4865 σθαι
2264 4810 2415 4881 παρά
2436 4810 2543 4863 τῶν
2582 4808 2885 4879 ἀρχιερέων
2919 4806 3164 4872 λέγονται
3208 4803 3353 4856 κατά
3389 4819 3554 4854 τινων
3613 4802 3699 4853 αἱ·

2114 4906 2379 4975 τιάματα,
2410 4904 2478 4955 δι’
2503 4902 2537 4955 ἃ
2574 4899 2875 4953 κωλύονται
2911 4898 3038 4960 ἴσως
3068 4897 3388 4967 ἱερωσύνης,
3423 4897 3523 4947 ούκ
3549 4894 3695 4957 ἔδοξε

2114 4999 2227 5059 τοῖς
2256 4995 2504 5063 Πατράσι
2538 4994 2817 5062 προσῆκον
2848 4988 3103 5061 παρεῖναί
3134 5006 3284 5048 τινας
3312 4988 3696 5057 ἀκροωμένους

2115 5090 2222 5141 τῶν
2248 5087 2576 5156 λεγομένων,
2607 5084 2681 5145 ὡς
2709 5082 2971 5151 αἰσχύνην
3010 5084 3122 5143 τοῖς
3155 5079 3276 5131 καθ’
3330 5072 3406 5131 ὧν
3446 5079 3696 5140 λέγονται

2116 5180 2451 5247 ἐπαγόντων,
2477 5180 2575 5229 καὶ
2605 5178 2715 5236 τοῖς
2744 5173 3114 5243 ἀκροωμένοις
3146 5174 3224 5234 εἰς
3255 5173 3571 5241 προτροπὴν
3618 5189 3695 5237 γι-

2114 5275 2354 5343 νομένων
2386 5272 2608 5335 κακίας,
2631 5272 2725 5323 καὶ
2757 5272 2867 5333 τοῖς
2915 5269 3268 5336 ἀστηρίκτοις
3322 5265 3458 5334 πρὸς
3515 5266 3696 5317 πίστιν

2114 5373 2191 5431 είς
2221 5367 2574 5436 βλασφημίαν
2606 5364 2748 5416 κατά
2776 5361 2934 5414 θεοῦ.
2963 5361 3176 5428 Ὠσπερ
3203 5362 3312 5429 γὰρ
3347 5359 3435 5411 διὰ
3466 5359 3575 5410 τῶν
3614 5360 3696 5409 ἐν-

2110 5459 2325 5528 αρέτων
2348 5456 2629 5522 δοξάζεται
2669 5457 2696 5507 ὁ
2722 5454 2872 5516 Θεὸς,
2909 5451 3017 5504 τῶν
3036 5450 3284 5521 ὁρώντων
3301 5449 3369 5501 τά
3391 5448 3535 5501 καλὰ
3561 5449 3696 5517 ἔργα

2109 5551 2442 5615 δοξαζόντων
2474 5545 2815 5610 αύτὸν,οὖτω
2850 5544 2937 5597 διὰ
2993 5545 3102 5596 τών
3143 5544 3401 5596 ἐναντίων
3455 5541 3698 5610 βλασφη-

2114 5647 2295 5714 μεῖται
2324 5643 2384 5694 τὸ
2416 5642 2567 5692 Θείον
2604 5642 2754 5704 παρά
2783 5638 3026 5691 ἀπίστων
3074 5638 3165 5688 καὶ
3211 5637 3556 5705 ἀστηρίκτων
3600 5639 3692 5685 ἀνι

2112 5736 2373 5807 θρώπων.
2410 5736 2561 5787 Διατί
2589 5734 2646 5785 δὲ
2697 5733 2791 5785 καὶ
2826 5734 2858 5800 ἡ
2886 5730 3087 5799 ψῆφος,
3123 5728 3425 5799 χεροτονία
3456 5726 3694 5802 λέγεται⁸
