3982 6494
483 276 617 345 1351

1765 282 2041 342 TIIEOD.
2096 280 2497 340 BALSAMON

3620 281 3756 344 135?.

539 391 705 462 456
725 388 972 445 ΖΟΝᾹΒ.
1003 390 1270 455 llmrescs.
1301 407 1423 464 qua:
1455 394 1557 448 hoc
1582 394 1699 448 loco
1733 394 2048 458 alTernntnr,

2234 390 2478 444 ΖΩΝΑΡ.
2528 390 2665 462 Περὶ
2689 391 2797 444 τῶν
2859 391 3128 463 αἱρέσεων
3178 391 3385 445 τούτων
3434 390 3533 445 καὶ
3590 394 3763 446 ἄλλων

465 485 698 552 altchne
752 486 1061 551 complures
1125 487 1380 540 Secunda:
1443 487 1797 542 mcumenica:
1860 489 2051 557 synodi

466 591 681 631 catione
723 576 753 630 7
780 579 1158 631 continemur.
1186 578 1446 643 Quantam
1477 580 1640 648 igitur
1687 580 1790 631 illze
1835 581 1965 642 sint,
2002 586 2057 632 et

464 683 591 736 qua!
652 669 791 721 ratio
840 682 955 731 eos,
991 668 1081 735 qni
1143 668 1415 733 ejusmodi
1468 668 1753 723 erroribus
1809 667 2057 735 impliciti

463 765 620 820 sunt,
656 770 777 808 eum
816 754 883 809 ad
927 755 1226 809 Ecclesiain
1260 770 1320 809 se
1358 754 1685 819 conferunt,
1714 755 2055 825 excipiendi,

468 861 577 900 nos
640 846 693 899 in
732 846 880 900 illius
931 847 1162 899 canonis
1216 846 1581 909 explicatione
1634 846 1912 915 persecuti
1959 860 2057 899 su-

468 951 595 991 Inus
639 952 657 990 :
689 952 751 989 ea
788 938 879 1004 qui
922 936 1132 1005 legerit,
1172 936 1331 988 aliam
1358 937 1524 1006 hujus
1552 936 1781 990 canonis
1813 938 2058 1004 explica-

472 1032 674 1081 tionem
714 1028 856 1081 haud
903 1028 1272 1081 desiderabit.

469 1119 702 1173 ΑιιιδΤ.
753 1138 770 1171 ι
804 1118 1121 1185 Novatiani,
1159 1128 1211 1173 et
1257 1118 1597 1183 Photiniani,
1654 1132 1708 1173 et
1753 1120 2059 1185 Quartode-

546 1230 564 1263 ι
604 1212 803 1266 citnani
859 1212 961 1265 nisi
1004 1220 1232 1265 caeteras
1288 1212 1523 1266 haereses
1586 1226 1856 1280 suamque
1896 1212 2057 1281 abiu-

545 1322 563 1353 ι
605 1311 751 1365 rent,
794 1318 902 1356 non
950 1310 1078 1355 sunt
1117 1301 1491 1369 suscipiendi:
1541 1312 1665 1371 post
1688 1316 1869 1359 autem
1903 1305 2057 1373 ahju-

547 1414 564 1445 ι
607 1396 899 1461 rationem,
927 1396 1075 1448 uncti
1106 1395 1534 1449 communicent.
1572 1413 1589 1446 ι

549 1581 611 1634 lli
655 1591 709 1635 et
742 1582 881 1637 alias
920 1584 1161 1637 haereses
1206 1589 1261 1635 et
1305 1596 1459 1635 suam
1502 1579 2055 1642 anathematizantcs,

468 1674 537 1726 ab
570 1674 810 1729 Ecclesia
863 1676 1233 1744 accipiuntur,
1280 1684 1334 1729 et
1372 1674 1492 1729 solo
1536 1675 1835 1728 chrismate
1864 1683 2055 1727 sancto

2162 482 2426 537 πλειόνων
2477 485 2505 535 ό
2551 484 2649 554 τῆς
2688 485 2944 556 δευτέρας
2988 484 3373 554 οἰκουμενικῆς
3436 485 3666 538 συνόδου
3724 472 3763 548 ς’

2160 576 2406 642 περιέχει
2435 572 2637 627 κανών.
2682 575 2771 625 Ἐν
2795 572 2927 641 γοῦν
2972 575 3039 642 τῇ
3064 573 3331 642 ἐξηγήσει
3371 573 3467 626 τοῦ
3519 576 3763 627 τοιούτου

2163 664 2392 726 κανόνος
2424 667 2641 734 εἴρηται
2666 664 2807 727 τίνες
2838 664 2899 717 τέ
2926 667 3065 717 εἰσιν
3092 668 3146 716 αἱ
3176 665 3419 735 αἱρέσεις
3451 659 3638 726 αὗται,
3668 666 3765 718 καὶ

2160 753 2277 817 πῶς
2304 754 2553 823 δέχονται
2573 756 2623 807 οἱ
2642 754 2873 818 ταύταις
2903 755 3291 826 κατεχόμενοι,
3324 757 3765 827 προσερχόμενοι

2159 849 2225 918 τῇ
2274 846 2600 917 Ἐκκλησία.
2644 848 2791 917 ἅπερ
2840 846 3333 916 ἀναγινωσκόμενα
3389 848 3761 918 έρμηνεύουσι

2163 940 2258 992 καὶ
2286 938 2381 992 τὸν
2414 940 2665 1009 παρόντα
2690 939 2915 992 κανόνα.

2160 1117 2384 1172 ΑΡΙΣΤ.
2422 1136 2439 1171 ι
2482 1120 2817 1173 Ναυατιανοὶ
2860 1119 2952 1171 καὶ
2982 1120 3350 1178 Φωτεινιανοὶ,
3404 1124 3498 1171 καὶ
3556 1120 3759 1174 Τεσσα-

2238 1227 2255 1260 ι
2314 1212 2811 1280 ρεσκαιδεκατῖται,
2840 1211 2888 1262 εί
2921 1211 2994 1278 μὴ
3043 1210 3139 1270 τάς
3172 1226 3231 1262 τε
3278 1210 3442 1271 ἄλλας
3500 1212 3750 1280 αἱρέσεις

2232 1319 2250 1351 ι
2298 1300 2771 1369 ἀναθεμαθίζοιεν,
2818 1304 2909 1354 καὶ
2941 1302 3037 1369 τὴν
3082 1301 3313 1365 οἰκείαν,
3349 1304 3717 1372 ἀπρόσδεκτοι
3742 1318 3757 1336 ·

2242 1412 2260 1444 ι
2318 1392 2462 1463 μετά
2491 1394 2673 1462 μέντοι
2703 1395 2763 1447 τὸ
2827 1394 3098 1463 ἀνάθεμα,
3151 1394 3432 1464 χριόμενοι
3484 1396 3761 1448 κοινωνει-

2242 1503 2259 1535 ι
2302 1502 2513 1540 τωσαν.
2556 1503 2574 1535 ι

2229 1572 2418 1642 Οὗτοι,
2459 1578 2558 1637 τάς
2578 1594 2637 1629 τε
2676 1577 2844 1641 ἄλλας
2878 1578 3121 1648 αἱρέσεις
3145 1579 3240 1632 καὶ
3261 1578 3358 1650 τὴν
3378 1579 3591 1633 οἰκείαν
3624 1581 3757 1633 ἀνα-

2159 1668 2571 1739 θεματίζοντες,
2634 1669 3034 1739 προσδέχονται
3068 1671 3222 1741 παρά
3256 1671 3357 1739 τῆς
3404 1672 3758 1738 Ἑκκλησίας,

471 1768 927 1832 nngnntur,-sed
981 1766 1267 1821 Nox-atiaui
1330 1775 1384 1821 et
1429 1766 1938 1833 Quartodccimani,
1999 1777 2048 1817 et

2170 1762 2259 1813 καὶ
2316 1759 2463 1830 μόνῳ
2508 1761 2586 1831 τῷ
2635 1762 2776 1832 ἁγίῳ
2826 1762 2988 1833 μύρῳ
3054 1762 3346 1833 χρίονται·
3404 1763 3524 1816 ἀλλ’
3552 1764 3606 1816 οἱ
3658 1764 3755 1834 μὲν

466 1852 823 1919 Photiniani,
887 1858 1049 1908 etiam
1124 1866 1318 1910 Sancto
1390 1867 1445 1911 et
1502 1855 1732 1910 salutari
1795 1857 2063 1925 baptismo

465 1960 605 2016 npus
682 1947 879 1999 habent
914 1985 926 2009 ,
974 1948 1417 2018 quandoquidem
1479 1948 1587 2001 dux
1631 1963 1822 2001 eorum
1877 1947 2063 2001 Photi-

466 2055 571 2093 nus
627 2040 823 2095 multas
860 2041 1095 2094 haereses
1156 2042 1472 2106 renovavit,
1519 2052 1572 2095 et
1618 2042 1869 2094 haeresim
1923 2042 2064 2094 Pan-

463 2132 501 2185 li
557 2132 928 2195 Samosateni,
968 2145 1018 2186 ct
1080 2134 1301 2188 Saliellii
1342 2134 1481 2198 Afri,
1536 2144 1588 2188 et
1629 2133 1907 2197 Montani,
1966 2134 2063 2195 du_

463 2238 594 2276 ccns
643 2221 875 2277 Verbum
950 2223 1041 2277 Dei
1082 2240 1188 2277 non
1242 2240 1364 2279 esse
1402 2226 1522 2279 sine
1580 2226 1847 2295 principio
1880 2266 1894 2289 ,
1958 2241 2059 2280 nec

464 2316 709 2367 omnium
752 2316 1078 2369 szeenlorum
1131 2316 1431 2381 factorem,
1487 2332 1585 2371 nec
1654 2327 1778 2371 ante
1830 2334 2049 2372 omnem

465 2415 775 2459 creaturam
802 2410 1090 2475 exsistere,
1145 2410 1238 2463 sed
1272 2411 1337 2463 de
1376 2426 1515 2464 novo
1547 2408 1749 2465 esseet
1785 2422 2054 2474 reccnter,

463 2505 517 2549 et
548 2498 880 2568 principium
913 2514 942 2552 a
968 2502 1319 2570 generatione
1347 2498 1465 2569 ejus
1499 2502 1798 2555 secundum
1830 2518 2051 2555 carnem

469 2602 501 2642 e
529 2588 747 2658 Virgine
788 2606 1030 2646 sumere.
1065 2593 1126 2644 At
1165 2593 1789 2658 Quartodecimanorum
1828 2593 2055 2650 hmresis

464 2691 575 2743 est,
602 2682 813 2735 decima
848 2694 1044 2753 quarta
1079 2685 1222 2740 luna:
1241 2685 1327 2739 die
1355 2687 1570 2741 etiamsi
1602 2687 1653 2739 in
1689 2686 1928 2741 secunda
1958 2696 2052 2740 aut

469 2774 630 2825 tertia
658 2786 755 2828 aut
779 2788 970 2845 quarta
1005 2776 1141 2830 feria
1169 2778 1451 2841 inciderit,
1488 2780 1837 2847 sospitatoris
1874 2780 2052 2834 nostri

463 2862 590 2918 Jesu
618 2865 818 2920 Christi
860 2870 1324 2923 resurri-Ctionem
1364 2870 1665 2925 celebrare.
1702 2869 1817 2925 Non
1856 2871 2053 2925 admit-

466 2964 591 3007 tunt
627 2965 810 3010 autem
848 2961 1151 3012 secundum
1178 2960 1517 3015 Novatianos
1553 2963 1721 3015 etiam
1760 2977 2052 3017 converso-

467 3062 584 3099 runt
611 3052 1012 3116 pwnitentiam.
1044 3051 1283 3106 Utuntur
1309 3062 1491 3107 autem
1537 3062 1591 3107 et
1639 3055 1847 3125 spuriis
1871 3055 2045 3119 libris,

463 3149 516 3192 et
550 3142 654 3194 alia
688 3142 955 3197 nonnulla
986 3145 1259 3211 ejusmodi
1298 3156 1507 3201 tenent.

1061 3453 1292 3509 CANON
1328 3454 1466 3521 \'lll_

465 3584 485 3617 ι
520 3563 677 3632 Quod
732 3565 823 3633 qui
886 3565 953 3620 al)
983 3584 1170 3621 eorum
1209 3570 1423 3635 lncresi,
1459 3572 1551 3641 qui
1587 3570 1826 3644 Phryges
1856 3574 2049 3630 dicun-

536 3678 557 3709 ι
602 3668 712 3723 tur,
751 3662 1003 3713 conversi
1032 3669 1186 3725 sunt,
1215 3663 1347 3727 ξεῖνε
1383 3664 1495 3716 sint
1527 3664 1581 3717 in
1615 3666 1761 3719 clero
1788 3671 1878 3737 qui
1906 3670 2049 3738 apud

537 3769 554 3801 ι
593 3752 714 3805 illos
737 3768 860 3806 esse
884 3752 1152 3814 creditur,
1186 3754 1301 3807 sive
1334 3756 1557 3809 maximi
1598 3758 1876 3823 dicantur,
1924 3775 2045 3813 cum

535 3862 554 3895 ι
595 3846 742 3897 omni
774 3844 953 3898 studio
972 3845 1517 3913 catechizandisunt,
1551 3864 1647 3903 seu
1683 3850 1953 3914 initiandi,
1995 3862 2048 3905 et

538 3952 557 3984 ι
598 3935 666 3988 ab
729 3935 991 3990 Ecclesiae
1032 3938 1307 4007 episc0pis
1382 3948 1437 3992 et
1488 3942 1826 4009 presbyteris
1874 3943 2048 4010 bapti-

538 4045 555 4077 ι
597 4027 779 4081 zandi.
812 4045 831 4077 ι

531 4119 728 4177 BALS.
779 4120 910 4185 Qua:
974 4121 1027 4174 in
1074 4138 1285 4177 canone
1318 4123 1348 4173 7
1386 4123 1639 4177 secundae
1675 4125 1865 4195 synodi
1908 4126 2045 4180 scri-

459 4220 549 4281 pta
594 4222 744 4277 sunt,
802 4214 867 4265 ad
922 4214 1211 4280 prwsentis
1252 4214 1482 4269 canonis
1534 4216 2040 4283 interpretationem

459 4302 759 4356 snﬂiciunt.
791 4302 930 4368 Quia
968 4314 1145 4356 autem
1182 4321 1245 4357 ex
1282 4304 1589 4375 Phrygibus
1616 4305 1860 4359 lncrctici
1891 4322 2044 4361 voca-

462 4396 592 4447 hant
623 4393 893 4463 quosdam
926 4395 1167 4469 ipsorum
1194 4394 1450 4449 doctores
1485 4396 1716 4451 clericos
1748 4400 2036 4463 maximos,

2168 1852 2507 1905 Ναυατιανοὶ
2532 1853 2627 1905 καὶ
2648 1856 2696 1906 οἱ
2730 1855 3419 1925 Τεσσαρεσκαιδεκατῑται,
3453 1857 3545 1909 καὶ
3570 1858 3623 1909 οἱ
3645 1858 3757 1909 Φω-

2167 1947 2445 2008 τεινιανοὶ,
2478 1944 2573 1998 τοῦ
2614 1947 2775 2014 ἁγίου
2824 1948 2920 2000 καὶ
2950 1948 3337 2018 σωτηριώδους
3373 1949 3753 2019 βαπτίσματος

2166 2039 2497 2109 χρῄζουσιν
2549 2040 2741 2111 ὅτιπερ
2798 2042 2826 2093 ὀ
2879 2041 3121 2111 ἀρχηγὸς
3172 2042 3201 2094 ό
3253 2041 3433 2094 αὐτῶν
3487 2041 3751 2104 Φωτεινὸς

2165 2130 2367 2192 πολλὰς
2400 2131 2643 2201 αἱρέσεις
2666 2132 3027 2198 ἀνενεώσατο,
3084 2136 3184 2203 τήν
3225 2151 3283 2186 τε
3342 2133 3437 2187 τοῦ
3502 2136 3751 2204 Σαμοσα·

2162 2224 2299 2283 τέως
2332 2223 2566 2283 Παύλου,
2605 2225 2700 2276 καὶ
2730 2224 3022 2276 Σαὸελλίου
3079 2227 3174 2277 τοῦ
3238 2226 3469 2289 Λίϐυος,
3517 2225 3616 2277 καὶ⁵
3658 2224 3748 2277 τοῦ

2162 2316 2466 2380 Μοντανοῦ,
2528 2317 2630 2369 οὐκ
2680 2316 2918 2386 ἄναρχον
2956 2316 3295 2385 δογματίσας
3354 2318 3445 2370 τὸν
3478 2318 3573 2369 τοῦ
3614 2316 3747 2369 Θεοῦ

2162 2408 2360 2475 Λόγον,
2382 2408 2509 2461 οὐδὲ
2542 2409 2773 2479 ποιητὴν
2800 2410 2910 2462 τῶν
2946 2410 3160 2462 αἰώνων
3196 2424 3440 2473 παντων,
3472 2410 3598 2463 οὐδὲ
3645 2412 3749 2462 1rd.-

2163 2515 2260 2566 σης
2317 2500 2417 2569 τῆς
2467 2500 2697 2564 κτίσεως
2750 2502 3214 2573 προϋπάρχοντα,
3288 2503 3425 2555 ἀλλά
3487 2505 3609 2555 νέον
3658 2506 3748 2555 καὶ

2160 2590 2495 2660 πρόσφατον,
2528 2594 2622 2646 καὶ
2647 2594 2823 2663 ἀρχὴν
2859 2593 3094 2646 λαϐόντα
3124 2594 3233 2645 ἀπὸ
3270 2594 3367 2661 τῆς
3396 2594 3537 2645 κατὰ
3570 2594 3748 2662 σάρκα

2157 2685 2465 2753 γεννήσεως
2494 2685 2557 2735 ἑκ
2590 2686 2685 2752 τῆς
2720 2686 3025 2753 Παρθένου.
3064 2686 3186 2738 Τῶν
3231 2686 3287 2738 δὲ
3339 2686 3748 2754 Τεσσαρεσκαι-

2154 2773 2455 2828 δεκατιτῶν
2504 2777 2782 2846 ἡαῖρεσίς
2834 2779 2950 2829 ὲστι
2981 2779 3041 2829 τὸ
3086 2779 3142 2829 ὲν
3181 2781 3246 2847 τῇ
3294 2777 3749 2847 τεσσαρεσκαιδε-

2155 2868 2295 2939 κάτῃ
2326 2870 2425 2937 τῆς
2475 2870 2703 2938 σελήνης
2736 2872 2921 2942 ἡμέρα
2965 2871 3066 2924 κᾶν
3098 2874 3156 2924 ἐν
3195 2871 3445 2941 δευτέρα,
3491 2872 3523 2941 ἢ
3563 2874 3739 2941 τρίτῃ,

2152 2962 2440 3032 ἦτετράδι
2484 2964 2846 3035 ἐμπέσῃ,τὴν
2879 2962 2968 3015 τοῦ
3028 2964 3280 3034 Σωτῆρος
3344 2965 3503 3032 ἡμῶν
3569 2966 3738 3032 Ἰησοῦ

2153 3052 2390 3120 Χριστοῦ
2414 3054 2693 3123 ἑορτάζειν
2727 3056 3045 3108 ἀνάστασιν.
3104 3057 3178 3107 Οὐ
3241 3056 3644 3124 παραδέχονται
3687 3058 3741 3108 δὲ

2163 3144 2303 3197 κατὰ
2331 3146 2453 3207 τοὺς
2479 3146 2877 3209 Ναυατιανοὺς,
2927 3149 3020 3200 καὶ
3049 3146 3146 3217 τὴν
3166 3148 3275 3200 τῶν
3303 3148 3739 3216 ἐπιστρεφόντων

2165 3237 2482 3304 μετάνοιαν.
2522 3238 2838 3308 Κέχρηνται
2876 3238 2933 3291 δὲ
2982 3240 3159 3302 νόθοις
3214 3241 3310 3292 καὶ
3362 3238 3615 3309 βιϐλίοις,
3650 3240 3739 3290 καὶ

2160 3326 2293 3379 ἄλλα
2320 3329 2441 3379 τινα
2459 3329 2689 3383 τοιαῦτα
2716 3330 2995 3399 φρονοῦσι.

2771 3446 3012 3499 ΚΛΝΩΝ
3044 3447 3127 3505 H'.

2163 3571 2183 3608 ι
2233 3556 2368 3626 Περὶ
2426 3558 2520 3610 τοῦ
2575 3558 2701 3620 τοὺς
2752 3559 2859 3611 ἀπὸ
2890 3560 2988 3629 τῆς
3013 3559 3277 3628 αἱρέσεως
3304 3558 3735 3629 τῶνλεγομένων

2235 3668 2255 3702 ι
2296 3650 2527 3721 Φρυγῶν
2560 3652 3019 3724 ἐπιστρέφοντας,
3047 3656 3094 3705 εἰ
3122 3654 3217 3705 καὶ
3247 3655 3305 3705 ὲν
3348 3641 3542 3723 κλήρῳ
3588 3668 3737 3720 νομι-

2236 3762 2256 3795 t
2303 3744 2519 3813 ζομένῳ
2541 3745 2671 3814 παρ’
2700 3745 2884 3808 αὐτοῖς
2913 3745 3256 3814 τυγχάνοιεν,
3284 3748 3332 3797 εἰ
3358 3746 3453 3798 καὶ
3488 3745 3735 3814 μέγιστοι

2238 3852 2257 3886 ι
2304 3834 2566 3902 λέγοιντο,
2587 3838 2707 3898 τοὺς
2738 3836 3014 3899 τοιούτους
3042 3836 3178 3905 μετὰ
3207 3835 3387 3905 πάσης
3413 3836 3733 3903 ἐπιμελείας

2234 3946 2251 3979 ι
2300 3928 2659 3998 κατηχεῖσθαί
2691 3946 2749 3980 τε
2786 3930 2879 3981 καὶ
2909 3927 3267 3998 βαπτίζεσθαι
3317 3927 3424 3979 ὑπὸ
3450 3927 3586 3991 ,τῶν
3637 3932 3729 3995 τῆς

2231 4039 2249 4071 ι
2310 4021 2638 4091 Ἐκκλησίας
2666 4021 2981 4074 ἐπισκόπων
3021 4038 3078 4073 τε
3114 4023 3207 4073 καὶ
3252 4020 3697 4091 πρεσϐυτέρων.»

2221 4115 2417 4170 ΒΑΛΣ.
2455 4117 2536 4169 Τὰ
2558 4118 2613 4167 έν
2643 4116 2721 4183 τῷ
2761 4114 2804 4179 ζ’
2840 4116 3021 4168 κανόνι
3070 4116 3167 4183 τῆς
3197 4115 3457 4183 δευτέρας
3514 4116 3729 4167 συνόδου

2152 4209 2434 4279 γραφέντα
2490 4207 2752 4278 ἀρκοῦσιν
2806 4208 2886 4271 εἱς
2940 4207 3238 4276 ἑρμηνείαν
3290 4208 3385 4259 τοῦ
3462 4207 3730 4277 παρόντος

2150 4298 2389 4356 κανόνος.
2454 4297 2606 4349 Ἐπεὶ
2645 4297 2699 4348 δὲ
2759 4296 2947 4363 ἔλεγον
2999 4297 3047 4347 οἱ
3085 4299 3149 4347 ἐκ
3177 4296 3409 4365 Φρυγῶν
3454 4296 3727 4365 αἱρετικοί

2149 4406 2301 4449 τινας
2334 4388 2690 4449 διδασκάλους
2724 4386 2905 4438 αὐτῶν
2940 4386 3239 4457 κληρικοὺς
3277 4388 3595 4457 μεγίστους,
3642 4389 3729 4441 διὰ

455 4484 602 4553 quod
652 4487 790 4538 alios
822 4486 1057 4539 clericos
1105 4487 1393 4541 luereticos
1442 4489 1798 4556 superabant,
1847 4502 1900 4545 et
1933 4508 2040 4546 non

2170 4481 2219 4551 ςδ,
2252 4482 2544 4552 ὑπερέχειν
2580 4481 2691 4533 τῶν
2726 4480 2899 4534 ἄλλων
2923 4481 3215 4549 αἱρετικῶν
3268 4481 3577 4549 κληρικῶν·
3634 4482 3729 4533 καὶ

456 4579 686 4631 deerant
704 4579 798 4646 qui
826 4580 1172 4642 asserebant,
1194 4596 1302 4634 non
1323 4590 1577 4649 oportere
1600 4598 1696 4637 eos
1738 4586 2028 4654 baptizari,

458 4669 631 4737 utqui
678 4680 868 4725 essent
926 4671 978 4723 in
1032 4673 1238 4725 clerum
1292 4675 1494 4742 recepti
1536 4692 1548 4727 :
1598 4675 1783 4745 adjicit
1832 4692 2034 4745 canon,

457 4778 552 4816 eos
600 4778 819 4832 quoque
849 4772 902 4819 et
929 4765 1281 4829 catecbizari,
1314 4776 1411 4820 Seu
1445 4766 1651 4822 initiari
1684 4786 1747 4823 ac
1775 4770 2038 4841 baptizari

462 4861 739 4919 oportere.
1312 4914 1325 4921 _

532 4940 784 4996 ZONAR.
807 4945 1070 5001 Secundae
1103 4946 1290 5018 synodi
1321 4952 1496 5003 Cauon
1524 4948 1570 5003 is
1596 4949 1754 5019 cujus
1790 4954 2040 5022 proximo

460 5034 745 5102 superiore
776 5052 984 5091 canone
1034 5042 1240 5095 mentio
1276 5043 1419 5095 facta
1468 5052 1570 5108 est,
1617 5043 1685 5098 de
1734 5044 2038 5116 Phrygibus

460 5137 683 5192 quoque
709 5124 962 5189 disserit;
996 5142 1135 5195 quos
1164 5131 1387 5199 quidem
1413 5130 1776 5187 Montanistas
1804 5136 1912 5189 alio
1943 5153 2040 5191 no-

460 5217 607 5268 mine
636 5215 890 5283 appellat.
920 5218 1030 5273 Eos
1062 5235 1219 5288 ergo,
1253 5236 1375 5275 cum
1438 5222 1506 5276 ad
1556 5224 1849 5279 Ecclesium
1879 5242 2037 5281 acce-

457 5310 618 5372 dunt,
664 5309 987 5363 catechismi
1036 5314 1379 5369 institutione
1428 5316 1723 5387 diligenter
1756 5321 2035 5385 eruditos,

462 5411 574 5454 tum
624 5401 736 5463 ille,
786 5411 897 5453 tum
934 5403 1019 5456 hic
1051 5420 1271 5473 quoque
1309 5424 1486 5462 canon
1522 5410 1887 5480 baptizandus
1918 5430 2039 5469 esse

461 5497 724 5549 decernit.
762 5494 928 5565 quue
961 5499 1124 5551 etiam
1159 5500 1204 5551 si
1234 5502 1283 5552 in
1322 5516 1467 5566 cum,
1497 5518 1657 5571 quem
1689 5506 1763 5557 illi
1799 5521 1924 5559 cum
1958 5522 2040 5559 re-

462 5598 586 5637 vera
619 5600 726 5638 nOn
759 5598 946 5652 esset,
1003 5588 1208 5641 clerum
1255 5600 1432 5644 tamen
1486 5582 1912 5659 existimabant,
1958 5614 2041 5651 rc-

462 5677 576 5741 lut',
606 5678 686 5731 \el
720 5681 764 5733 si
798 5682 1020 5733 maximi
1063 5695 1280 5751 quoque
1309 5683 1573 5751 dignitate
1612 5690 1791 5742 ornati
1834 5689 2036 5744 forent.

465 5768 638 5825 Fuere
685 5772 953 5839 siquidem
996 5774 1140 5845 apud
1193 5773 1316 5831 illos
1373 5774 1618 5846 quidam,
1668 5781 1857 5850 prima:
1897 5784 2039 5838 inter

2147 4572 2287 4647 ἦσάν
2318 4593 2463 4639 τινες
2486 4575 2879 4644 διατεινόμεναι
2934 4572 3011 4643 μὴ
3061 4572 3295 4640 ὀφείλειν
3347 4572 3574 4633 τούτους
3626 4572 3724 4641 βα·

2144 4668 2454 4731 σιτίζεσθαι,
2488 4666 2563 4730 ὡς
2596 4666 2755 4738 δῆθεν
2790 4666 3254 4735 κεκληρωμένους
3293 4683 3307 4695 ·
3366 4664 3724 4733 προστίθησιν

2142 4764 2394 4826 όκανὼν,
2438 4761 2531 4814 καὶ
2573 4759 2797 4819 τούτους
2871 4759 3232 4828 κατηχεῖσθαι
3292 4759 3390 4811 καὶ
3462 4757 3723 4827 βαπτίζε-

2144 4854 2294 4907 σθαι.

2217 4944 2466 4997 ΖΩΝΑΡ.
2510 4942 2568 4997 '0
2588 4944 2684 5014 τῆς
2717 4944 2979 5013 δευτέρας
3012 4942 3237 4995 συνόδου
3284 4942 3492 5007 κανὼν,
3534 4936 3597 4995 οὗ
3666 4943 3724 4994 ἐν

2142 5037 2217 5108 τῷ
2246 5038 2510 5106 ἀνωτέρω
2536 5041 2800 5108 προσεχεῖ
2844 5039 3033 5091 κανόνι
3063 5037 3440 5107 ἐμνήσθημεν,
3489 5038 3721 5103 διαλαμ-

2142 5131 2294 5183 ϐάνει
2328 5128 2423 5181 καὶ
2466 5131 2595 5199 περὶ
2640 5130 2747 5181 τῶν
2783 5131 3031 5199 Φρυγῶν,
3069 5130 3163 5191 οὓς
3208 5130 3585 5192 Μιντινιστας
3631 5130 3718 5181 λέ-

2140 5239 2251 5291 γει.
2287 5221 2523 5283 Τούτους
2547 5217 2639 5274 οὗν
2675 5223 2994 5292 προσιόντας
3030 5226 3093 5292 τῇ
3131 5222 3428 5292 Ἐκκλησία
3458 5225 3713 5283 κακεῖνος

2140 5322 2167 5370 ὁ
2197 5315 2375 5370 κανὼν
2410 5318 2504 5367 καὶ
2561 5310 2717 5378 οὗτος
2754 5315 3113 5383 βαπτίζεσθαι
3180 5316 3389 5367 κελεύει
3443 5333 3716 5386 κατηχού-

2144 5410 2339 5480 μένους
2372 5408 2673 5479 ἐπιμελῶς,
2704 5407 2803 5460 κᾶν
2833 5407 3087 5477 κληρικοὶ
3114 5410 3171 5460 ὲν
3203 5408 3389 5484 κλήρῳ
3423 5410 3556 5479 παρ’
3620 5412 3718 5464 αὐ-

2140 5505 2250 5565 τοί,
2282 5502 2549 5569 δοκοῦντι,
2575 5504 2648 5572 μὴ
2665 5502 2779 5553 ὄντι
2796 5500 2853 5554 δὲ
2880 5502 3017 5569 πρὸς
3042 5502 3320 5572 ἀλήθειαν,
3346 5503 3715 5573 ὠνομάζοντο,

2142 5596 2243 5649 κᾶν
2298 5597 2544 5665 μέγιστοι
2610 5596 2879 5663 ἐλέγοντο.
2932 5591 3113 5648 Ἦσαν
3143 5598 3427 5667 γὰρ·παρ’
3484 5599 3719 5663 ἐκείνοις

2140 5688 2285 5751 τινὲς
2344 5691 2451 5743 τῶν
2497 5690 2673 5746 ἄλλων
2729 5692 3076 5762 προέχοντες,
3128 5692 3331 5745 ὡσανεὶ
3378 5692 3717 5748 διδασκάλων

2152 5782 2445 5855 ληροῦντες
2468 5786 2642 5852 τάξιν,
2686 5787 2739 5839 οἳ
2792 5788 2887 5838 καὶ
2926 5786 3174 5856 μέγιστοι
3219 5786 3537 5848 ἐκαλοῦντο.
3580 5789 3717 5853 Τοὺς
