3982 6494
304 417 445 485 1353

1447 416 1530 493 IN
1566 414 1734 474 CAN.
1780 413 1862 473 lX
1912 413 2119 475 conc.
2188 416 2403 476 LAOD.

3399 408 3530 475 1351

302 538 436 605 γοῦν
479 533 757 596 τοιούτους
802 528 1252 602 ἐπιστρέφοντας,
1312 530 1405 581 καὶ
1453 531 1518 597 τῇ
1573 525 1869 595 Ἐκκλησία

1971 537 2197 583 cwteros
2225 528 2668 594 existimationis,
2716 544 2779 584 ac
2840 528 3005 584 veluti
3044 531 3322 584 doctorum
3353 530 3531 585 locum

253 655 257 659 ν
301 628 790 699 προσερχομένους,
838 624 894 689 ἐξ
950 621 1130 674 αὐτῶν
1159 620 1355 682 οἵτινες
1393 619 1457 673 ἂν
1504 615 1636 682 εἷεν,
1697 620 1725 670 ό
1768 635 1867 670 κα-

300 719 407 773 νὼν
437 717 788 786 κατηχεῑσθαι
818 714 911 767 καὶ
936 712 1293 782 βαπτίζεσθαι
1318 709 1587 779 βούλεται.

1970 619 2303 683 obtinentes,
2333 620 2423 689 qui
2461 622 2527 675 ab
2566 620 2672 675 illis
2698 620 2860 674 etiam
2904 620 3258 673 Maximorum
3292 622 3536 690 appella-

1976 710 2126 763 tione
2164 711 2607 777 designabantur.
2646 710 2720 769 Ex
2755 726 2943 766 eorum
2992 712 3160 782 igitur
3192 728 3415 767 numero
3438 726 3529 781 qui

206 828 211 833 ’
302 818 508 865 mutata
540 808 813 862 voluntate
857 807 925 864 ad
964 803 1258 857 Ecclesiam
1289 799 1486 855 reverti
1519 798 1858 862 statuerint,
1897 801 2217 869 quicunque
2266 801 2484 855 demum
2538 802 2611 855 illi
2663 804 2795 866 sint,
2844 817 2939 858 eos
3015 819 3212 869 canon,
3259 813 3313 858 et
3384 815 3537 858 cata-

301 900 453 954 chesi
484 897 704 963 instrui,
735 907 788 952 et
816 895 1041 951 salutari
1071 894 1323 963 baptismi
1361 893 1577 946 lavacro
1606 890 1855 958 perfundi
1894 891 2069 960 jubet.

297 993 525 1048 ΑΡΙΣΤ.
586 1009 608 1044 ι
639 989 851 1059 Φρύγες
910 987 1339 1059 μεταμελόμενοι
1395 984 1874 1048 ἀναϐαπτιζέσθω-

377 1103 397 1136 ι
434 1099 553 1149 σαν,
584 1083 632 1134 εί
656 1083 750 1135 καὶ
774 1080 902 1151 παρ’
926 1079 1153 1140 ἐκείνοις
1175 1078 1567 1147 κεκλήρωνται.
1605 1096 1623 1127 ι

370 1180 483 1232 Καὶ
503 1176 652 1229 οὗτοι
679 1172 1181 1245 μεταμεληθέντες,
1208 1173 1303 1225 καὶ
1322 1172 1429 1225 ἀπὸ
1461 1171 1559 1240 τῆς
1610 1170 1874 1241 αἱρέσεως

301 1269 479 1324 αὐτῶν
535 1268 995 1336 ἐπιστρέφοντες,
1060 1265 1156 1317 καὶ
1208 1266 1275 1334 τῇ
1335 1263 1625 1333 ἀμωμήτῳ
1693 1262 1872 1312 πίστει

300 1359 753 1429 προσερχόμενοι,
799 1358 895 1409 καὶ
946 1356 1045 1418 τὰς
1084 1355 1326 1423 αἱρέσεις
1371 1354 1575 1416 πάσας,
1634 1352 1727 1405 καὶ
1776 1350 1872 1419 τὴν

302 1452 478 1505 αὐτῶν
506 1447 994 1519 ἁναθεματίζοντες
1017 1447 1432 1515 προσδέχονται,
1470 1446 1564 1496 καὶ
1589 1443 1726 1512 μετὰ
1774 1442 1878 1493 πά·-

302 1560 401 1613 σης
445 1544 766 1613 ἐπιμελείας
820 1536 1189 1610 κατηχοῦνταί
1258 1557 1316 1593 τε
1358 1541 1452 1592 καὶ
1495 1538 1873 1609 βαπτίζονται,

300 1641 402 1692 κᾶν
431 1641 490 1691 ἐν
518 1640 704 1708 κλήρῳ
742 1636 1090 1706 νομιζομένῳ
1130 1636 1259 1705 παρ’
1298 1636 1483 1697 αὐτοῖς
1527 1638 1641 1697 τοῖς
1677 1635 1878 1703 Φρυξὶν

300 1725 620 1794 ἐτύγχανον.
680 1719 840 1777 Οὗτοι
869 1723 924 1776 δὲ
960 1725 1018 1775 oi
1038 1724 1245 1794 Φρύγες
1287 1724 1394 1777 ἀπὸ
1430 1724 1736 1777 ’Μοντανοῦ
1780 1724 1878 1780 καὶ

304 1815 637 1886 Πρισκίλλης
672 1816 831 1885 ἔσχον
858 1816 957 1885 τὴν
980 1815 1214 1886 αἵρεσιν..
1257 1816 1317 1867 Ὀ
1359 1815 1414 1868 δὲ
1452 1814 1720 1878 Μοντανὸς
1777 1808 1872 1870 οὗ·

298 1924 391 1968 τος
420 1908 771 1977 παράκλητον
796 1906 987 1962 ἐαυτὸν
1035 1907 1446 1978 προσηγόρευσε
1486 1924 1500 1937 ο
1549 1906 1641 1959 δύο
1686 1910 1872 1975 γυναῖ-

297 2016 403 2061 κας
426 2000 700 2067 πορνικῶς
726 2000 870 2070 ἔσχε,
904 2000 1235 2068 Πρίσκιλλαν
1257 2002 1351 2053 καὶ
1393 2000 1736 2070 Μαξίμιλλαν
1756 2015 1771 2031 ·
1804 1999 1872 2081 ᾲς

301 2094 394 2144 καὶ
420 2093 753 2161 προφήτιδας
780 2093 1006 2147 ἐκάλεσε
1040 2111 1053 2123 ·
1091 2093 1361 2163 πολίχνιόν
1383 2110 1435 2146 τι
1478 2094 1577 2161 τῆς
1608 2093 1871 2163 Φρυγίας,

300 2188 423 2257 τὴν.
448 2188 719 2251 ῐιέζουσαν
761 2189 1119 2260 Ἰερουσαλὴμ
1162 2190 1415 2260 ὠνόμασε
1456 2206 1471 2220 ⁸
1511 2193 1721 2261 γάμους
1776 2193 1873 2243 ἑπ-

299 2280 492 2351 έτρεψε
534 2280 775 2346 λόεσθαι,
839 2284 934 2335 καὶ
965 2281 1267 2354 βρωμάτων
1314 2282 1613 2351 ἀπέχεσθαι
1640 2297 1655 2314 ·
1682 2283 1742 2335 τὺ
1767 2283 1875 2335 Πά-

300 2387 406 2440 σχα
436 2370 719 2442 διέστρεψε
737 2387 754 2403 ·
781 2374 873 2425 καὶ
897 2373 997 2434 τὰς
1028 2374 1178 2439 τρεῖς
1205 2373 1534 2434 ὑποστάσεις
1558 2372 1659 2440 τῆς
1682 2375 1889 2441 ὁμοουε

302 2461 421 2514 σίου
468 2460 734 2532 Θεότητος
786 2466 864 2526 εἰς
935 2462 993 2515 ἓν
1049 2463 1250 2534 συνῆψε
1311 2465 1602 2533 πρόσωπον
1650 2466 1872 2533 συγχεό-

300 2571 486 2622 μενον.
518 2550 668 2625 Αἷμα
691 2556 1048 2623 ἁναμιγνύειν
1073 2556 1308 2625 ἀλεύρῳ,
1330 2558 1426 2609 καὶ
1452 2561 1532 2617 εἰς
1574 2555 1872 2627 μετάληψιν

300 2644 465 2698 τοῦτο
487 2645 688 2698 διδόναι
714 2646 920 2711 ἐδίδαξε
954 2662 968 2674 ·
1001 2647 1102 2717 τὴν
1152 2647 1208 2699 δέ
1244 2646 1459 2714 μέθεξιν
1508 2647 1698 2700 τούτου
1746 2650 1871 2712 τοὺς

304 2732 817 2804 μεταλαμϐάνοντας
847 2734 1191 2806 διἀίσχύνην
1221 2736 1521 2806 ἀρνεῖσθαι.

917 2827 1155 2880 ΚΑΝΩΝ
1181 2826 1258 2880 9’.

304 2938 329 2973 ι
369 2920 503 2990 Περὶ
523 2919 618 2972 τοῦ
650 2919 723 2988 μὴ
758 2921 1062 2989 συγχωρεῖν
1096 2921 1176 2982 εἰς
1196 2922 1261 2972 τὰ
1312 2922 1647 2991 κοιμητήρια
1680 2921 1791 2991 (57)
1832 2923 1866 2991 ἦ

382 3029 401 3061 ι
447 3012 526 3073 εἰς
555 3011 623 3063 τὰ
648 3010 918 3079 λεγόμενα
946 3011 1222 3081 μαρτύρια
1254 3012 1473 3065 πάντων
1501 3013 1611 3064 τῶν
1667 3015 1869 3082 αἱρετι-

382 3121 401 3153 ι
451 3102 561 3155 κῶν
591 3103 812 3155 ἀπιέναι
838 3103 964 3163 τοὺς
998 3101 1098 3171 τῆς
1148 3102 1495 3171 Ἐκκλησίας,
1522 3107 1685 3174 εὐχῆς
1728 3105 1760 3176 ἢ
1786 3105 1872 3158 θε-

381 3214 398 3245 ι
451 3194 681 3263 ραπείας
709 3194 873 3247 ἕνεκα
897 3211 911 3225 ·
943 3195 1076 3246 άλλὰ
1108 3196 1232 3256 τοὺς
1288 3195 1582 3269 τοιοῷτους,
1630 3197 1722 3248 ἐὰν
1768 3190 1866 3250 ὦσι
1895 3214 1936 3271 C

376 3304 399 3336 ι
446 3286 649 3347 πιστοὶ,
713 3288 1113 3355 ἀκοινωνήτους
1168 3286 1411 3353 γίνεσθαι
1485 3288 1646 3357 μέχρι
1699 3292 1865 3352 τινός·

381 3396 402 3430 ι
452 3377 844 3446 μετανοοῦντας
884 3378 939 3429 δὲ
980 3381 1076 3429 καὶ
1114 3378 1634 3449 ἐξομολογουμένους
1678 3383 1871 3450 ἐσφάλ-

382 3490 402 3522 ι
449 3471 562 3533 θαι,
590 3471 1017 3540 παραδέχεσθαι.
1054 3490 1072 3522 ι

372 3564 567 3617 ΒΑΛΣ.
626 3564 836 3632 Ὥσπερ
876 3564 932 3614 ἐν
982 3562 1060 3632 τῷ
1086 3562 1142 3626 ς’
1197 3564 1379 3617 κανόνι
1419 3564 1770 3632 ἐκωλύθησαν
1821 3567 1869 3619 οἱ

300 3655 569 3725 αίρετικοὶ
597 3653 829 3705 είσιέναι
856 3654 936 3714 είς
959 3654 1049 3704 τὸν
1073 3650 1221 3706 οἶκον
1243 3656 1336 3707 τοῦ
1367 3640 1503 3707 Θεοῦ
1531 3694 1546 3719 ,
1586 3656 1728 3709 οὕτω
1777 3657 1872 3709 καὶ

300 3744 535 3796 ἐνταῦθα
587 3744 892 3796 κωλύονται
940 3744 990 3794 oi
1037 3745 1221 3797 πιστοὶ
1271 3745 1499 3799 ἀπιέναι
1544 3748 1624 3809 εἰς
1663 3748 1731 3800 τὰ
1757 3748 1869 3800 τῶν

300 3836 596 3906 αίρετικῶν
649 3836 1001 3905 κοιμητήρια,
1051 3836 1084 3905 ἢ
1142 3838 1223 3899 είς
1268 3838 1337 3889 τὰ
1387 3839 1656 3908 λεγόμενα
1716 3840 1869 3909 παρὰ

301 3930 507 3981 τούτων
585 3928 884 3999 μαρτύρια.
951 3928 1037 3991 Ὠς
1087 3928 1141 3980 δέ
1183 3947 1326 3992 τινος
1371 3931 1635 3993 εἰπόντος,
1695 3932 1757 3984 Et
1812 3932 1867 3984 δὲ

303 4021 530 4073 ἁπέλθοι
592 4021 784 4083 πιστὸς
829 4023 910 4083 είς
972 4020 1192 4085 σύναξιν
1243 4023 1539 4091 αἰρετικῶν
1584 4024 1746 4092 χάριν
1772 4023 1866 4075 τοῦ

305 4110 650 4163 καταπτῦσαι
693 4110 888 4179 αὐτῆς,
922 4112 1008 4163 ἶνα
1051 4112 1104 4162 τί
1146 4112 1577 4183 κολασθήσεται;
1623 4115 1788 4165 Φασὶν
1818 4115 1866 4165 οἰ

306 4202 554 4272 Πατέρες
585 4202 826 4265 ἐκείνους
854 4204 1250 4273 ἀκοινωνήτους
1282 4203 1425 4258 εἶναι
1473 4207 1608 4274 πρὸς
1653 4207 1865 4274 καιρὸν,

304 4296 475 4365 ἤγουν
501 4295 941 4362 ἀφωρισμένως,
969 4294 1098 4358 τοὺς
1126 4297 1289 4364 χάριν
1312 4296 1477 4365 εὐχῆς
1511 4297 1542 4366 ἢ
1567 4295 1867 4364 θεραπείας

304 4387 568 4448 ἀπιόντας
606 4388 687 4448 είς
720 4387 786 4439 τὰ
836 4386 948 4438 τῶν
980 4387 1275 4453 αίρετικῶν
1300 4387 1598 4456 μαρτύρια,
1633 4385 1725 4450 οὒς
1774 4390 1868 4440 καὶ

310 4475 708 4546 μετανοοῦντας
746 4476 838 4528 καὶ
883 4475 1345 4544 ἐπιγινώσκοντας
1392 4480 1454 4528 τὸ
1504 4476 1633 4546 παρ’
1685 4477 1863 4530 αὐτῶν

1974 983 2198 1040 ARIST.
2240 1005 2258 1037 ‹
2296 986 2535 1057 Phryges
2561 987 2942 1056 resipiscentes
2961 987 3141 1042 denuo
3162 988 3533 1057 haptizantur,

2080 1098 2098 1129 ι
2141 1080 2356 1132 etiamsi
2399 1079 2468 1132 ab
2497 1078 2604 1131 illis
2635 1078 2688 1131 in
2722 1080 2928 1133 clerum
2966 1081 3199 1148 cooptati
3223 1092 3368 1145 sunt.
3403 1102 3421 1134 ι

2046 1167 2109 1221 Ει
2139 1168 2193 1221 hi
2218 1170 2586 1238 posuitentiam
2616 1179 2837 1236 agentes
2869 1178 2918 1223 et
2943 1171 3008 1224 ab
3040 1171 3231 1224 liaaresi
3274 1187 3370 1225 sua
3407 1188 3536 1226 con-

1973 1260 2136 1320 versi,
2162 1271 2214 1313 et
2246 1260 2310 1313 ad
2344 1260 2674 1329 inculpatam
2701 1261 2857 1314 [idem
2890 1263 3232 1327 accedentes,
3257 1273 3311 1317 et
3342 1280 3533 1317 omnes

1973 1351 2226 1417 litereses,
2288 1353 2451 1405 etiam
2515 1368 2690 1413 suam,
2742 1354 3291 1420 anathematizantes,
3338 1356 3537 1417 admit-

1972 1453 2183 1508 tuutur,
2235 1455 2290 1499 et
2331 1446 2788 1515 omnidiligentia
2839 1448 3215 1510 instruuntur,
3254 1456 3306 1501 et
3353 1448 3534 1516 bapti-
3570 1496 3571 1499 η

1965 1545 2185 1602 zantur,
2233 1538 2482 1605 quamvis
2533 1538 2585 1590 in
2619 1539 2788 1601 clero,
2839 1546 2895 1591 ut
2922 1540 3063 1607 apud
3123 1539 3243 1593 illos
3297 1522 3534 1611 Phryges

1980 1630 2352 1696 existimatur,
2377 1629 2600 1684 fuerint.
2625 1629 2686 1683 l-li
2720 1641 2897 1684 autem
2930 1630 3171 1701 Phryges
3219 1647 3247 1684 a
3280 1632 3534 1687 Montano

1972 1730 2027 1777 et
2070 1720 2311 1797 Priscilla
2365 1724 2615 1778 haeresim
2651 1723 2974 1778 habuerunt.
3026 1724 3317 1779 Montanus
3346 1726 3447 1780 iste
3474 1742 3534 1779 se

1974 1818 2305 1885 paracletum
2337 1820 2571 1874 vocavit.
2625 1818 2770 1872 Duas
2822 1819 3078 1872 mulieres
3130 1818 3533 1873 utineretrices

1972 1908 2160 1962 habuit
2175 1908 2472 1963 Priscillam
2486 1919 2541 1965 et
2560 1910 2927 1974 Maximillam,
2943 1925 3078 1979 quas
3094 1917 3146 1963 et
3161 1911 3535 1979 prephetissas

1975 2004 2207 2056 vocavit.
2271 2002 2533 2057 Pe‘zusam
2579 2004 2889 2073 oppidulum
2948 2001 3221 2068 quoddam
3291 2002 3536 2073 Phrygiae

1972 2095 2133 2167 557
2164 2095 2619 2165 Hierusolymam'
2646 2098 2968 2150 nominavit.
3014 2096 3243 2163 Nuptias
3287 2096 3535 2164 permisit

1973 2191 2132 2255 solvi,
2184 2198 2238 2241 et
2277 2203 2305 2240 a
2330 2188 2467 2242 cibis
2500 2188 2786 2242 abstinere.
2822 2186 3027 2241 Pascha
3062 2190 3273 2251 evertit,
3304 2198 3358 2241 et
3416 2197 3530 2243 tres

1972 2280 2427 2335 consubtantialis
2475 2281 2697 2334 Deitatis
2737 2281 3065 2333 substantias
3096 2281 3148 2334 in
3215 2295 3376 2333 unam
3402 2297 3534 2335 eon-

1974 2372 2145 2426 fusam
2178 2388 2459 2441 personam
2495 2371 2785 2426 contraxit.
2820 2372 3150 2441 Sanguinem
3182 2371 3354 2426 farina
3378 2388 3533 2427 com-

1973 2466 2233 2527 miscere,
2269 2481 2502 2534 eumque
2548 2466 2615 2520 ad
2646 2467 3117 2536 participationem
3164 2466 3294 2520 dare
3314 2467 3533 2530 docuit;

1964 2558 2129 2611 istius
2159 2566 2337 2608 autem
2376 2557 2849 2625 participationem
2888 2555 3354 2611 communicantes
3393 2570 3537 2626 pro-

1968 2657 2089 2717 pter
2136 2649 2410 2703 infamiam
2434 2650 2719 2719 denegare.

2562 2825 2793 2881 CANON
2847 2827 2943 2883 ΙΧ.

1974 2932 1993 2962 ι
2033 2916 2149 2969 Non
2199 2917 2608 2971 concedendum
2654 2934 2775 2973 esse
2810 2932 2866 2973 ut
2904 2920 2959 2973 in
3018 2931 3329 2975 cmmeterta
3364 2921 3447 2975 vel
3478 2921 3530 2975 in

2048 3024 2065 3055 ι
2109 3021 2169 3060 ea
2203 3022 2323 3074 qua:
2369 3009 2627 3062 dicuntur
2680 3010 2935 3078 martyria
2981 3011 3301 3079 quorumvis
3362 3011 3533 3079 latere-

2051 3113 2069 3146 ι
2112 3096 2365 3160 ticorum,
2401 3098 2598 3151 abeant
2631 3098 2675 3150 ii
2710 3099 2803 3167 qui
2843 3105 2969 3151 sunt
3016 3097 3294 3161 Ecclesiae,
3323 3100 3532 3151 oratio.

2053 3207 2071 3239 ι
2110 3190 2194 3242 nis
2238 3189 2319 3243 vel
2365 3189 2664 3243 curationis
2712 3189 2905 3257 gratia.
2975 3188 3081 3243 Sed
3116 3188 3287 3251 tales,
3320 3188 3367 3242 si
3422 3187 3534 3243 sint

2059 3299 2077 3331 ι
2119 3281 2321 3343 lideles,
2368 3296 2489 3335 esse
2541 3281 2938 3350 aliquantisper
2975 3281 3477 3336 excommunicatos
3511 3298 3527 3336 :

2055 3394 2074 3423 ι
2112 3373 2195 3426 sin
2255 3382 2435 3425 autem
2486 3373 2803 3441 pmnitentia
2848 3372 3137 3436 ducantur,
3188 3382 3242 3427 et
3290 3388 3349 3428 se
3397 3374 3532 3428 deli-

2054 3483 2071 3516 ι
2111 3465 2296 3532 quisse
2328 3466 2713 3531 conliteantur,
2741 3465 2968 3534 suscipi.
3001 3485 3020 3516 ι

2050 3557 2245 3613 BALS.
2295 3556 2763 3623 Quemadmodum
2821 3559 2873 3612 in
2917 3573 3128 3614 canone
3188 3558 3222 3613 6
3270 3558 3530 3628 prohibiti

1970 3660 2099 3705 sunt
2127 3653 2364 3707 haeretici
2407 3654 2460 3705 in
2492 3651 2711 3706 domum
2743 3652 3069 3731 Dei‘ingredi
3096 3694 3111 3717 ,
3163 3653 3235 3707 ita
3265 3634 3351 3708 hic
3388 3670 3522 3722 quo—

1971 3758 2075 3811 que
2117 3744 2474 3812 prohibentur
2519 3743 2705 3798 ﬁdeles
2781 3744 3163 3807 haereticorum
3222 3745 3530 3799 cmmeteria

1971 3833 2054 3886 vel
2110 3850 2231 3902 qua:
2293 3837 2432 3902 apud
2487 3850 2583 3889 eos
2636 3834 2891 3889 dicuntur
2941 3838 3241 3906 martyria,
3300 3836 3529 3906 ingredi.

1970 3925 2249 3997 Tanquam
2310 3936 2489 3981 autem
2526 3927 2752 3981 dixisset
2785 3929 3058 3999 quispiam
3104 3946 3118 3982 :
3155 3930 3259 3984 Sed
3319 3931 3364 3983 si
3400 3945 3532 3999 pro-

1970 4021 2146 4074 lectus
2199 4019 2271 4074 sit
2317 4021 2490 4073 ﬁdelis
2525 4019 2797 4086 quispiam
2845 4021 2912 4073 ad
2972 4021 3352 4075 haereticorum
3395 4036 3532 4075 con-

1967 4113 2365 4182 gregationem,
2416 4126 2515 4177 pro
2568 4113 2647 4165 eis
2675 4111 3028 4164 exsecrandis
3081 4127 3145 4164 ac
3177 4113 3527 4181 despuendis,

1969 4220 2070 4257 cur
2106 4202 2396 4272 punietur?
2446 4200 2642 4255 Dicunt
2683 4201 2890 4264 Patres,
2922 4203 3042 4255 illos
3074 4217 3195 4257 esse
3224 4205 3288 4256 ad
3321 4214 3534 4273 tempus

1972 4302 2307 4363 segregatos,
2334 4293 2425 4362 qui
2472 4308 2571 4361 pro
2600 4294 2849 4347 oratione
2886 4293 2968 4346 vel
3015 4296 3297 4348 curatione
3325 4295 3391 4348 ad
3425 4295 3533 4348 lue—

1971 4387 2263 4440 reticorum
2295 4385 2550 4455 martyria
2582 4384 2994 4453 proliciscuntur
3026 4403 3041 4438 :
3076 4401 3218 4454 quos
3259 4396 3313 4439 et
3357 4388 3527 4454 pinni-

1969 4477 2193 4530 tentiam
2247 4484 2485 4546 agentes,
2538 4483 2590 4529 et
2641 4490 2798 4528 suum
2840 4476 3095 4529 delictum
3150 4488 3529 4548 agnoscentes,

307 4564 649 4634 ἐσφαλμένον
710 4564 1105 4635 προσδέχεσθαι
1160 4565 1507 4635 διορίζονται.
1565 4566 1865 4635 Ἀνάγνωθι

1971 4568 2710 4639 suscipiendos,decernuut.
2756 4567 2897 4637 Lege
2954 4578 3263 4622 sanctorum
3314 4582 3533 4638 aposto-

304 4660 414 4709 τὼν
446 4658 615 4723 ἁγίων
645 4656 956 4709 ἀποστόλων
988 4672 1111 4709 καν.
1141 4654 1212 4721 ξδ’
1262 4657 1353 4709 καὶ
1379 4661 1441 4722 o',
1464 4655 1563 4725 τῆς
1590 4658 1867 4727 παρούσης

310 4748 527 4799 συνόδου
560 4765 678 4801 καν.
715 4745 818 4811 κθ’,
846 4746 946 4815 λβ’,
989 4748 1086 4807 λδ’,
1117 4743 1217 4808 λζ’,
1246 4745 1327 4816 λη’
1376 4746 1472 4798 καὶ
1515 4745 1615 4810 λιιι,
1659 4748 1759 4816 τῆς
1804 4750 1864 4800 ἐν

313 4841 643 4911 Καρθαγένῃ
688 4839 903 4892 συνόδου
954 4838 1154 4890 κανόνα
1184 4836 1248 4901 ξ’,
1281 4838 1376 4890 καὶ
1399 4836 1498 4906 τῆς
1526 4844 1579 4901 ς’
1609 4854 1731 4892 καν.
1766 4848 1858 4894 ια’.

1521 5000 1710 5063 Guill.
1736 5004 2058 5085 Beveregii
2094 5016 2276 5068 notia.

384 5126 497 5206 (57)
522 5125 720 5206 Εἰς
751 5126 1125 5194 κοιμητήρια.
1144 5126 1354 5206 _}Ede_s,
1380 5134 1577 5206 quibus
1605 5138 1872 5206 peregrini

312 5198 547 5275 dormire
574 5197 900 5275 solitisunt,
927 5198 1263 5275 κοιμητήρια
1290 5197 1432 5275 dicta
1466 5197 1702 5268 fuerunt,
1732 5197 1871 5275 apud

318 5268 661 5338 Athenzeum,
690 5266 783 5319 lib.
823 5282 896 5332 tv,
926 5284 1045 5336 cap.
1084 5266 1661 5338 ’5,"quemadtnodum
1690 5266 1871 5332 locus

311 5336 571 5416 coenobii,
600 5337 686 5416 ubi
724 5336 1294 5416 monachidormiunt,
1354 5342 1722 5398 dormitorium
1770 5348 1867 5416 ap-

314 5407 565 5471 pellatur.
608 5404 743 5457 Hinc
777 5408 1093 5468 Christiani,
1123 5410 1267 5462 docti
1312 5423 1539 5465 mortem
1572 5416 1699 5468 nihil
1722 5404 1867 5472 aliud

309 5488 451 5553 esse,
477 5492 635 5542 quam
660 5478 1033 5553 dormitionem
1051 5486 1339 5545 quamdam
1362 5497 1533 5551 usque
1560 5485 1623 5535 ad
1643 5502 1868 5553 genera-

311 5544 413 5597 lem
448 5550 923 5622 resurrecliouem,
964 5544 1081 5622 qua
1105 5564 1307 5622 omnes
1329 5544 1711 5622 expérgeﬁerit,
1744 5560 1859 5611 loca

312 5616 540 5697 mortuis
593 5616 707 5697 suis
763 5616 1087 5697 sepeliendis
1177 5616 1444 5674 destinata
1498 5616 1857 5697 ξιοιμητήρια,

307 5701 461 5757 quasi
483 5687 634 5757 dicas
664 5686 1001 5748 dormitorio,
1039 5703 1444 5757 nuncuparunt.
1481 5692 1562 5746 Ad
1592 5686 1704 5750 haec
1727 5686 1860 5751 "ita;

305 5769 414 5821 que
446 5756 557 5808 loca
591 5755 886 5809 Christiani
914 5758 1041 5809 olim
1085 5755 1374 5814 convenire
1404 5768 1649 5818 consueti
1708 5778 1855 5823 sunt.

311 5824 463 5881 Unde
502 5824 834 5881 Aimilianus
854 5823 1069 5895 [Egypti
1113 5830 1400 5895 praelectus
1436 5833 1543 5887 illis
1573 5835 1676 5890 hoc
1730 5853 1860 5907 pro-

581 5920 851 6009 Pyrno...
886 5923 1001 5981 tiu.
1043 5920 1397 5984 CXXXVII.

1974 4664 2147 4715 lorum
2181 4675 2419 4715 canones
2453 4659 2522 4713 6i
2566 4672 2616 4714 et
2655 4659 2721 4712 70
2750 4662 3030 4729 pra-sentis
3065 4662 3257 4733 synodi
3291 4668 3530 4718 canones

1970 4751 2414 4818 29,32,34,37,38
2426 4760 2477 4803 et
2496 4747 3033 4821 59,Carthagﬂiensis
3047 4753 3236 4822 synodi
3269 4769 3533 4809 canonem

1970 4845 2038 4900 60
2055 4857 2108 4899 et
2129 4856 2292 4900 sextae
2325 4845 2511 4916 synodi
2541 4860 2804 4898 canonem
2848 4845 2935 4902 ll.
2974 4846 3221 4920 Martyria
3246 4859 3422 4903 autem
3452 4850 3536 4904 di-

1972 5142 2166 5205 hibuit,
2199 5140 2455 5208 οὐδαμῶς
2490 5139 2545 5191 δὲ
2569 5139 2804 5210 ἐξέσται,
2836 5141 3027 5207 inquit,
3078 5141 3201 5193 οὔτε
3256 5144 3385 5210 ὑμῖν
3406 5142 3529 5196 οὔτε

1969 5210 2150 5272 ἄλλοις
2172 5213 2338 5272 τισὶν,
2368 5210 2399 5280 ἦ
2440 5209 2690 5270 συνόδους
2717 5210 3009 5275 ποιεῖσθαι,
3038 5211 3069 5280 ἢ
3103 5215 3183 5275 είς
3231 5209 3301 5265 τὰ
3326 5214 3526 5267 καλου..

1974 5297 2107 5349 μενα
2137 5282 2467 5350 κοιμητήρια
2498 5282 2746 5342 εἰσιέναι.
2791 5282 2986 5336 Euseb.
3022 5282 3161 5334 Hist.
3188 5282 3337 5336 Eccl.
3364 5284 3397 5336 Ι.
3434 5299 3529 5346 vn,

1969 5366 2091 5420 cap.
2120 5352 2172 5404 9.
2220 5350 2330 5403 Nec
2358 5359 2561 5403 tantum
2593 5351 2666 5402 ibi
2709 5352 3016 5413 convenire,
3039 5354 3131 5407 sed
3158 5366 3212 5406 et
3244 5369 3393 5406 sacra
3426 5354 3529 5407 ibi-

1970 5422 2088 5473 dein
2118 5421 2412 5481 celebrare,
2442 5430 2495 5472 et
2547 5436 2731 5488 preces
2768 5421 2878 5474 Deo
2938 5421 3161 5477 fundere
3204 5425 3346 5477 soliti
3381 5439 3526 5476 sunt.

1966 5491 2342 5551 Cassiodorus,
2370 5490 2590 5559 populus
2611 5494 2862 5562 jejunans
2889 5506 2962 5545 est
2989 5508 3221 5562 egressus
3250 5493 3317 5544 ad
3347 5509 3531 5547 σωτηρ-

1968 5562 2157 5632 teriam
2189 5562 2446 5613 orationis
2495 5577 2675 5614 causa.
2740 5561 2882 5615 Hist.
2948 5561 3158 5632 tripart.
3210 5563 3247 5616 l.
3284 5580 3331 5624 ν,
3378 5578 3428 5617 c.
3470 5567 3522 5617 5.

1968 5630 2103 5701 lliuc
2138 5633 2333 5699 templa
2364 5632 2417 5684 in
2444 5632 2562 5686 istis
2606 5633 2733 5687 locis
2764 5642 2947 5701 postea
2965 5630 3239 5687 ekstructa
3279 5646 3425 5687 sunt.
3469 5636 3529 5687 Si

1968 5700 2020 5753 in
2047 5702 2353 5773 istiusmodi
2388 5705 2565 5768 itaque
2593 5703 2728 5757 locis
2772 5705 3013 5758 haeretici
3051 5704 3247 5773 sepulti
3283 5706 3413 5768 sint,
3438 5709 3523 5758 Vel

1967 5786 2030 5822 ea
2062 5772 2126 5823 ad
2156 5773 2440 5826 lueretiros
2468 5774 2796 5842 pertineant,
2824 5787 3038 5827 cautum
3063 5789 3144 5826 est
3186 5774 3286 5828 hoc
3316 5791 3525 5830 canone

1966 5858 2032 5894 ne
2060 5843 2183 5912 quis
2216 5846 2479 5897 orationis
2514 5860 2677 5899 causa
2716 5844 2843 5898 illuc
2873 5860 2931 5899 se
2962 5844 3225 5898 conferat.

3141 5938 3213 5996 43
