3982 6494
512 401 647 468 1355

1727 390 2010 454 THEOD.
2051 383 2143 450 ΒΑ
2153 387 2451 451 LSAMON

3584 376 3727 441 1356

506 526 703 572 cuntur
739 517 808 570 ab
843 515 1105 568 haereticis
1133 513 1466 569 emmcteria.
1523 511 1577 564 in
1638 521 1880 580 tempore
1924 509 2066 563 enim

2172 506 2461 575 Μαρτύρια
2491 505 2548 558 δὲ
2595 497 2744 573 παρά
2775 499 3069 570 αἱρετικῶν
3104 499 3356 566 λέγονται
3407 498 3478 550 τὰ
3525 515 3731 569 κοιμη-

508 608 924 680 persecutionis,
954 605 1171 674 quidam
1207 605 1444 658 haeretici
1480 602 1823 657 Christianos
1849 603 2059 670 Seipsos

509 702 874 762 nominantes,
927 697 993 750 ad
1042 705 1270 750 mortem
1329 709 1502 762 usque
1564 694 1828 763 supplicio
1884 691 2060 746 affecti

508 801 634 848 sunt
661 808 675 846 :
705 799 758 844 et
784 791 907 844 ideo
925 789 1020 853 ‘qui
1051 799 1206 842 erant
1241 787 1486 856 ejusdem
1527 785 1801 855 opinionis
1841 786 2059 844 eosdem

513 890 783 954 martyras
800 882 1140 950 appellabant

584 971 835 1026 ZONAR.
885 968 1002 1022 Non
1028 969 1202 1021 solum
1253 965 1534 1020 ecclesiam
1579 965 1814 1020 ﬁdelium
1857 965 2061 1030 ingredi

511 1064 751 1119 haeretici
782 1062 1050 1115 canonico
1077 1059 1296 1111 decreto
1328 1059 1692 1125 prohibentur
1712 1096 1727 1119 ,
1761 1056 1854 1109 sed
1893 1055 2063 1108 iideli-

515 1163 615 1210 lius
655 1168 872 1222 quoque
938 1151 1313 1202 haereticorum
1343 1149 1696 1211 cmmeteria,
1758 1148 1810 1198 in
1865 1146 2062 1214 quibus

514 1250 652 1300 l'orte
677 1245 856 1314 magni
881 1241 1020 1311 apud
1052 1242 1199 1309 ipsos
1229 1241 1466 1293 nominis
1492 1239 1770 1292 hominum
1803 1241 2062 1291 cadavera

511 1347 880 1398 servarentur,
917 1335 1000 1389 vel
1035 1335 1288 1402 martyrio
1321 1345 1441 1398 quae
1490 1331 1756 1384 vocabant
1805 1330 1959 1383 adire
1995 1346 2061 1384 ne

514 1429 694 1491 liceat,
733 1426 1082 1480 interdictum
1105 1431 1210 1477 est.
1280 1419 1554 1474 Credibile
1599 1428 1682 1474 est
1725 1421 1908 1483 enim,
1963 1435 2065 1472 sae-

515 1519 689 1572 viente
724 1517 958 1570 hostium
983 1512 1310 1568 Christianae
1341 1508 1618 1577 religionis
1663 1508 1868 1569 lurore,
1899 1517 2062 1560 etiam

512 1626 580 1664 ex
608 1605 877 1662 haereticis
925 1602 1186 1674 quosdam
1237 1614 1404 1668 usque
1451 1601 1516 1652 ad
1568 1613 1751 1652 necem
1805 1597 2065 1650 inii-actos

516 1699 761 1760 stetisse,
787 1710 925 1764 quos
975 1701 1030 1747 et
1061 1702 1354 1761 martyrum
1411 1689 1774 1758 appellatione
1820 1689 2064 1758 gregales

517 1769 898 1848 honestabant.
947 1793 1001 1839 et
1041 1782 1256 1844 domos,
1298 1781 1354 1834 in
1401 1780 1601 1849 quibus
1656 1780 1902 1847 ipsorum
1952 1793 2066 1833 cor-

2161 605 2347 669 τήρια.
2383 598 2472 651 Ἐν
2509 598 2618 666 γὰρ
2649 597 2727 664 τῷ
2759 594 2936 665 καιρῷ
2967 594 3060 647 τοῦ
3097 589 3340 662 διωγμοῦ
3380 611 3527 654 τινες
3573 596 3726 662 αἱρε-

2163 699 2324 761 τικοὶ,
2385 694 2749 765 Χριστιανοὺς
2823 691 3044 752 ἑαυτοὺς
3113 689 3501 758 ὀνομάζοντες,
3561 691 3728 758 μέχρι

2163 793 2394 845 Θανάτου
2448 786 2874 857 ἐτιμωρήθησαν
2898 799 2911 813 ·
2941 783 3020 836 διὸ
3050 784 3144 836 καὶ
3179 783 3468 852 μάρτυρας
3497 781 3728 842 τούτους

2164 883 2393 935 ἐκάλουν
2419 880 2467 930 οἱ
2497 874 2880 946 ὁμοδοξοῦντες
2907 873 3113 933 αὐτοῖς.

2235 972 2475 1026 ΖΩΝΛΡ.
2525 971 2599 1022 Οὐ
2638 969 2798 1038 μόνον
2856 965 3168 1036 αἱρετικοὺς
3221 962 3448 1016 εἰσιέναι
3503 963 3586 1025 είς
3637 963 3729 1032 ἐκ-

2161 1069 2393 1138 κλησίαν
2451 1063 2658 1118 πιστῶν
2708 1061 3008 1114 κωλύουσιν
3056 1059 3104 1110 οἱ
3159 1058 3403 1122 κανόνες,
3450 1057 3570 1110 ἀλλ’
3604 1057 3726 1108 οὐδὲ

2163 1158 2385 1219 πιστοὺς
2433 1154 2654 1209 ἀπιέναι
2688 1150 3112 1224 παραχωροῦσιν
3160 1151 3240 1212 εἰς
3264 1149 3336 1201 τὰ
3371 1150 3482 1202 τῶν
3511 1150 3725 1216 αἱρετι-

2163 1249 2276 1303 κῶν
2301 1250 2654 1318 κοιμητήρια,
2687 1246 2818 1298 ἔνθα
2845 1243 3008 1312 τυχὸν
3047 1244 3094 1295 oi
3127 1242 3257 1311 παρ’
3289 1241 3475 1302 αὐτοῖς
3522 1239 3730 1309 ὀνομα-

2159 1341 2278 1392 στοὶ
2317 1338 2568 1400 θανόντες
2615 1337 2952 1394 κατέκειντο,
2981 1333 3016 1400 ἢ
3047 1335 3126 1395 εἰς
3171 1331 3242 1385 τὰ
3286 1331 3554 1402 λεγόμενα
3589 1348 3731 1402 μαρ-

2161 1432 2344 1501 τύρια.
2376 1432 2532 1492 Εἰκὸς
2565 1429 2673 1499 γὰρ
2699 1430 2792 1481 καί
2819 1443 2973 1490 τινας
3019 1426 3130 1479 τῶν
3160 1412 3540 1494 ὑποκειμένων
3575 1423 3729 1491 αἱρέο

2155 1536 2312 1572 ,σεσιν
2341 1521 2398 1570 ἐν
2431 1520 2540 1582 τοῖς
2572 1517 2835 1585 διωγμοῖς
2863 1515 3120 1585 ἐνστῆναι
3155 1515 3319 1584 μέχρι
3351 1513 3606 1576 θανάτου,
3634 1510 3730 1576 οὓς

2155 1610 2259 1664 ικαὶ
2291 1612 2571 1680 μάρτυρας
2619 1610 2669 1662 οἱ
2709 1606 3098 1678 ὁμοδοξοῦντες
3125 1607 3312 1669 αὐτοῖς
3341 1606 3599 1668 ἐκάλουν,
3629 1609 3730 1658 καὶ

2163 1705 2288 1764 τοὺς
2320 1701 2526 1764 οἴκους,
2559 1703 2618 1753 ἐν
2666 1695 2748 1762 οἷς
2777 1701 2845 1753 τὰ
2884 1699 3110 1752 ἐκείνων
3162 1698 3431 1751 ἐτέθαπτο
3476 1696 3730 1768 σώματα..

2164 1794 2444 1864 μαρτύρια
2465 1792 2668 1862 ἔλεγον.
2698 1792 2786 1846 Ἐν
2811 1791 3022 1854 τούτοις
3051 1793 3272 1846 ἀπιέναι
3303 1793 3530 1854 πιστοὺς
3558 1791 3730 1860 εὐχῆς

510 1897 646 1950 pora
681 1878 942 1933 tumulata
993 1874 1224 1938 fuerant,
1277 1869 1536 1940 ntartyria
1583 1869 1956 1926 nominabant.
2000 1868 2059 1922 In

2166 1887 2342 1957 χάριν,
2373 1887 2407 1955 ἢ
2440 1885 2734 1956 θεραπείας
2762 1885 2924 1937 ἓνεκα
2959 1885 3360 1955 ἀπηγόρευται.
3393 1885 3722 1954 Θεραπείαν

515 1987 580 2027 ea
632 1971 796 2040 igitur
840 1969 957 2021 loca
1008 1965 1212 2028 ﬁdeles,
1239 1962 1354 2018 sive
1382 1961 1446 2015 ad
1504 1957 2059 2032 I'undendaspre’ces,

514 2079 611 2119 seu
668 2059 1033 2116 venerationis
1086 2066 1179 2110 aut
1221 2053 1445 2110 remedii
1475 2055 1650 2123 gratia
1700 2053 1910 2124 ingredi
1973 2067 2064 2107 ve.

517 2157 672 2208 tituin
700 2162 802 2206 est.
837 2147 1065 2201 Nomine
1096 2147 1239 2200 enim
1268 2145 1369 2213 τῆς
1397 2144 1712 2215 θεραπείας,
1764 2154 1856 2198 aut
1897 2133 2060 2198 vene-

515 2247 807 2303 rationein,
834 2250 923 2294 aut
959 2238 1269 2292 morborum
1301 2238 1600 2290 remedium
1632 2252 1808 2291 canon
1858 2235 2062 2289 intelli-

513 2341 612 2412 git.
644 2336 768 2391 Vult
794 2338 959 2407 igitur
985 2333 1173 2387 ﬁdeles
1252 2330 1399 2384 nullo
1431 2330 1610 2394 modo,
1641 2344 1832 2398 neque
1854 2338 1911 2381 ιιι
1941 2342 2065 2397 pre-

515 2432 966 2489 catiouivacent,
1024 2435 1198 2492 neque
1244 2433 1300 2476 ut
1343 2423 1602 2476 honorem
1649 2421 1741 2484 iis,
1775 2437 1913 2490 quos
1959 2421 2067 2474 ha:-

517 2525 671 2580 retici
698 2530 1045 2583 venerantur,
1072 2519 1390 2581 exhibeant,
1430 2531 1606 2585 neque
1639 2524 1698 2568 ut
1731 2515 1936 2582 morbis
1973 2523 2068 2568 aut

518 2615 878 2671 tentationum
906 2611 1069 2664 variis
1094 2609 1382 2679 generibus
1415 2607 1712 2662 remedium
1743 2614 1964 2676 petant,
2008 2606 2064 2659 in

515 2725 578 2765 ea
614 2723 732 2778 quae
760 2706 990 2759 diximus
1023 2701 1433 2770 loca'prolicisei
1468 2716 1482 2753 :
1541 2700 1634 2754 sed
1681 2702 1772 2767 qui
1807 2698 2064 2752 Ecclesiae

516 2809 666 2864 sunt,
696 2801 741 2854 si
778 2815 843 2853 eo
869 2813 926 2852 se
956 2795 1262 2857 conferant,
1290 2795 1584 2863 segregari,
1615 2792 1716 2845 hoc
1743 2798 1846 2856 est,
1870 2791 1934 2843 ad
1967 2790 2066 2844 aii-

516 2899 658 2965 quod
698 2905 904 2960 tempus
943 2905 971 2943 a
1002 2889 1385 2944 communione
1421 2888 1593 2939 arceri
1638 2886 1850 2955 (eorum
1904 2899 2070 2954 porro

516 2988 733 3042 nomine
753 3027 768 3046 .
798 2982 893 3050 qui
916 2980 1183 3035 Ecclesiae
1211 2989 1359 3039 sunt,
1392 2992 1500 3030 non
1533 2975 1727 3029 initiati
1770 2976 1945 3028 sacris
1974 2990 2066 3028 or-

2155 1980 2215 2032 at
2248 1978 2406 2049 ἢτὴν
2453 1980 2622 2048 τιμὴν
2667 1977 2943 2046 ὀνομάζει,
2988 1975 3024 2046 ἢ
3069 1977 3167 2046 τὴν
3223 1977 3289 2029 ἐκ
3339 1977 3512 2029 νόσων
3559 1977 3729 2031 ἴασιν.

2160 2070 2335 2124 Τοῦτο
2375 2070 2420 2123 δ’
2468 2069 2618 2122 ἐστιν
2649 2068 2677 2119 ὃ
2704 2067 2953 2137 βούλεται
2983 2069 3012 2120 ό
3049 2067 3251 2132 κανὼν,
3287 2069 3350 2121 τὺ
3392 2069 3466 2136 μὴ
3499 2068 3727 2121 ἀπιέναι

2155 2161 2316 2226 τινὰς
2363 2163 2443 2224 εἰς
2476 2163 2542 2214 τὰ
2589 2161 2877 2235 εἰρημένα,
2916 2159 3058 2228 μήτε
3087 2159 3161 2222 ὡς
3192 2159 3540 2227 εὐξαμένους,
3587 2160 3726 2226 μήτε

2161 2254 2238 2316 ὡς
2271 2254 2604 2321 τιμήσοντας
2631 2253 2755 2306 τοὺς
2803 2252 2956 2322 παρὰ
2997 2251 3109 2304 τῶν
3157 2250 3452 2321 αἱρετικῶν
3479 2248 3728 2318 τιμωμέ-

2162 2359 2305 2408 νους,
2335 2345 2472 2411 μήτε
2504 2341 2578 2406 ὡς
2600 2342 2898 2411 θεραπείαν
2959 2343 3129 2395 νόσων
3182 2342 3216 2410 ἢ
3269 2340 3598 2411 πειρασμῶν
3631 2340 3727 2392 ἀλ-

2161 2430 2319 2483 λοίων
2345 2431 2401 2495 ἐξ
2431 2431 2660 2486 ἐκείνων
2681 2433 2806 2502 αἰτή
2818 2430 3178 2494 σοντας,ἀλλά
3207 2429 3332 2492 τοὺς
3361 2431 3460 2498 τῆς
3492 2428 3731 2497 Ἐκκλη-

2162 2523 2282 2586 σίας
2324 2523 2733 2591 ἀπερχομένους
2790 2524 2909 2574 ἐκεῖ
2965 2520 3344 2590 ἀφορίζεσθαι,
3402 2521 3573 2589 ἤγουν
3640 2519 3729 2572 ἐπί

2161 2629 2282 2665 τινα
2311 2611 2498 2680 καιρὸν
2520 2612 2622 2681 τῆς
2651 2612 2935 2675 κοινωνίας
2978 2610 3264 2680 εἴργεσθαι
3289 2624 3306 2640 ο
3351 2610 3447 2676 τῆς
3493 2607 3728 2677 Ἐκκληο

2167 2703 2288 2764 σίας
2330 2700 2386 2753 δὲ
2433 2702 2493 2753 οὐ
2552 2705 2675 2766 τοὺς
2729 2703 3056 2774 ἱερωμένους
3087 2700 3319 2771 λέγει,ἢ
3361 2699 3724 2769 κεκληρωμέ-

2165 2809 2308 2855 νους,
2347 2792 2485 2844 ἀλλὰ
2536 2793 2664 2854 τοὺς
2712 2794 2958 2856 πιστοὺς,
3005 2792 3108 2844 κᾶν
3150 2791 3328 2843 λαῖκοι
3381 2785 3525 2841 ὧσιο
3567 2806 3730 2859 μετα-

2168 2881 2421 2944 νοοῦντας
2463 2881 2522 2932 δέ
2554 2881 2647 2934 καὶ
2676 2883 3139 2950 ἐπιγινώσκοντας
3184 2880 3244 2933 τὸ
3282 2881 3507 2949 σφάλμα
3549 2882 3726 2933 αὐτῶν

2170 2971 2440 3042 δέχεσθαι.

515 3080 758 3140 dinibns,
815 3089 906 3128 aut
955 3074 1100 3129 clero
1151 3070 1414 3140 ascripti,
1475 3069 1568 3122 sed
1624 3067 1829 3129 lideles,
1901 3065 2063 3120 etiam
2104 3064 2249 3131 laici,
2308 3067 2744 3138 intelliguntur);
2783 3068 3010 3125 eosdem
3051 3083 3200 3136 vero,
3243 3069 3293 3126 si
3338 3077 3525 3138 postea
3580 3083 3726 3124 com-

517 3176 667 3224 missi
705 3168 962 3237 poeniteat
987 3207 1002 3230 ,
1034 3168 1357 3235 culpamque
1385 3169 1717 3231 agnoscant,
1748 3159 1960 3213 admitti
1997 3157 2172 3227 jubet.

525 3265 753 3321 ARIST.
794 3282 812 3314 ι
853 3264 954 3326 Qui
1002 3262 1055 3314 in
1089 3257 1506 3314 ccemeteriiset
1546 3254 1820 3324 martyr-iis
1856 3254 2066 3308 haereti-

2176 3254 2398 3310 ΑΡΙΣΤ.
2459 3273 2477 3306 ι
2523 3255 2583 3308 '0
2618 3256 2998 3326 κοιμητηρίοις
3032 3257 3127 3309 καὶ
3157 3258 3484 3327 μαρτυρίοις
3521 3239 3725 3332 cipan

731 3376 748 3408 ι
779 3371 964 3410 eorum
993 3361 1136 3414 orat,
1163 3347 1668 3403 exconununicatus
1697 3355 1803 3401 est.
1833 3365 1852 3397 ι

1128 3439 1352 3497 ΟΑΝΟΝ
1388 3439 1454 3492 Χ.

520 3559 541 3593 ι
575 3538 728 3606 Quod
755 3552 860 3591 non
897 3542 1112 3605 oportet
1141 3548 1260 3596 eos,
1287 3529 1382 3599 qui
1414 3539 1542 3584 sunt
1575 3529 1850 3594 Ecclesiae,
1899 3530 2069 3586 indis-

586 3650 607 3684 ι
653 3630 986 3686 criminatiin
1068 3640 1200 3680 suos
1237 3624 1382 3677 tilios
1410 3623 1684 3677 haereticis
1718 3623 2068 3680 matrimonio
2117 3639 2126 3665 ι

591 3742 612 3773 ι
659 3723 1016 3789 conjungere.
1051 3734 1068 3767 ι

587 3813 775 3867 BALS.
819 3812 955 3879 Lege
985 3821 1244 3862 canoncin
1271 3805 1335 3858 Η
1360 3812 1574 3872 quartae
1605 3805 1832 3874 synodi;
1861 3816 1914 3861 et
1949 3822 2069 3877 quae

516 3909 570 3960 in
606 3906 702 3959 illo
733 3904 936 3970 scripta
963 3909 1090 3954 sunt
1123 3899 1190 3950 ad
1214 3897 1506 3967 praesentis
1532 3895 1759 3952 canonis
1796 3898 2068 3968 interpre-

517 3999 773 4054 tationem
801 3993 1092 4048 suﬂicient.

576 4085 828 4144 ZONAR.
894 4083 1044 4139 Multi
1102 4083 1157 4137 in
1229 4081 1379 4136 hanc
1437 4084 1764 4140 sententiam
1832 4098 2069 4140 canones

512 4183 644 4239 editi
687 4187 868 4235 sunt:
921 4190 1150 4245 quorum
1192 4173 1245 4227 in
1301 4173 1658 4242 explicatione
1718 4176 1942 4232 canonis
2007 4180 2072 4232 M

513 4283 720 4346 quartae
767 4268 1116 4325 occumeniea:
1163 4265 1353 4336 synodi
1393 4266 1779 4332 meminimus;
1834 4285 2063 4339 quaeque

513 4367 588 4420 ibi
633 4365 777 4418 dicta
825 4373 973 4423 sunt,
1002 4359 1069 4411 ad
1109 4356 1274 4443 huius
1308 4371 1527 4426 quoque
1568 4360 1794 4415 canonis
1829 4361 2072 4430 explica-b

515 4466 720 4513 tionem
757 4455 1054 4512 suﬁiciunt.

510 4548 738 4606 AltlST.
810 4567 828 4599 ι
858 4549 992 4602 Cum
1039 4519 1308 4599 haereticis
1362 4545 1771 4601 matrimonium
1815 4564 1883 4604 ne
1937 4563 2067 4605 con-

1128 4651 1149 4687 ι
1190 4634 1399 4688 trahas.
1438 4653 1457 4686 ι

496 4775 498 4777 ,
804 4722 806 4724 ·
1030 4723 1196 4796 458
1220 4722 1448 4779 CANON
1481 4723 1568 4780 XI.

516 4823 535 4857 ι
582 4803 739 4869 Quod
800 4813 907 4853 non
955 4806 1170 4864 oportet
1225 4809 1340 4860 eas,
1395 4812 1515 4864 quae
1576 4797 1836 4851 dicuntur
1881 4818 2071 4856 sento-

588 4912 605 4944 ε
654 4905 740 4945 res
796 4887 971 4941 vidua:
1013 4885 1095 4938 vel
1128 4883 1500 4951 praasidentes,
1545 4886 1600 4938 in
1645 4886 1878 4942 ecclesia
1939 4905 2067 4942 con-

587 5001 606 5035 ι
655 4982 835 5036 stitui.
887 4999 907 5031 ι
1323 4959 1361 4990 ’

577 5072 771 5126 BALS.
821 5073 1136 5143 Antiquitas
1177 5075 1435 5128 mulieres
1483 5073 1726 5142 quaedam
1763 5072 1957 5126 vetula:
2012 5074 2068 5126 in

509 5165 793 5221 catholicis
821 5165 1066 5220 ecclesiis
1089 5166 1358 5224 sedentes.
1407 5166 1644 5233 reliquas
1693 5164 1836 5218 forte
1875 5163 2065 5217 mulie-

509 5275 598 5314 res
650 5257 719 5310 ad
771 5260 971 5310 bonum
1022 5261 1422 5327 honestumque
1453 5259 1702 5312 ordinem
1736 5258 2064 5311 servandum

507 5350 866 5405 deducebant.
893 5349 1027 5414 Quia
1052 5360 1225 5402 autem
1248 5365 1311 5404 ex
1337 5366 1523 5405 earum
1550 5351 1974 5412 consuetudine,
2000 5363 2066 5402 eo

509 5440 646 5508 quod
674 5444 958 5492 honestum
995 5450 1073 5491 est
1105 5454 1208 5490 non
1230 5425 1374 5494 recte
1407 5442 1699 5502 utentium,
1730 5443 1811 5494 vel
1841 5450 2062 5510 prOpter

506 5535 893 5601 arrogantiam,
935 5534 1016 5584 vel
1061 5543 1277 5600 propter
1311 5542 1520 5601 turpem
1568 5543 1860 5601 quaestum,
1908 5551 2067 5604 qua:-

506 5623 631 5676 daun
662 5623 1114 5688 olfendebantur;
1146 5622 1543 5691 prohibuerunt
1579 5624 1789 5689 Patres,
1819 5643 1884 5680 ne
1914 5628 2067 5680 dein-

506 5731 633 5784 ceps
673 5723 860 5768 essent
907 5716 1130 5768 omnino
1189 5712 1242 5765 in
1286 5714 1527 5768 ecclesiis
1573 5717 1898 5789 presbyterae
1951 5723 2064 5773 sive

510 5810 882 5873 praesidentes.
923 5804 998 5861 Ne
1038 5806 1241 5860 dixeris
1292 5814 1497 5870 autem,
1542 5809 1603 5860 Et
1640 5812 1914 5876 quomodo
1960 5812 2064 5875 hoc

2425 3366 2442 3396 ι
2487 3347 2594 3400 κῶν
2620 3349 2988 3418 ἐπευχόμενος
3017 3347 3409 3419 ἀκοινώνητος.
3443 3367 3466 3401 ι

2782 3439 3022 3494 ΚΑΝΩΝ
3065 3439 3120 3494 l'.

2171 3547 2192 3580 ι
2230 3529 2364 3600 Περὶ
2393 3530 2484 3582 τοῦ
2518 3531 2593 3600 μὴ
2621 3532 2731 3584 δεῖν
2768 3534 2894 3594 τοὺς
2925 3534 3024 3603 τῆς
3056 3533 3384 3604 Ἐκκλησεας
3415 3535 3726 3607 ἀδιαφόρως

2242 3640 2260 3674 ι
2301 3622 2436 3692 πρὸς
2473 3623 2652 3691 γάμου
2707 3624 2994 3680 κοινωνίαν
3059 3625 3350 3682 συνάπτειν
3398 3629 3467 3681 τὰ
3518 3630 3729 3685 raucam

2245 3730 2263 3762 t
2304 3712 2486 3766 παιδία
2515 3715 2830 3782 αἱρετικοῖς.
2871 3736 2890 3768 ι

2237 3803 2429 3858 ΒΑΛΣ.
2475 3804 2769 3872 ’Λνάγνωθι
2796 3807 2885 3860 τὸν
2914 3804 2975 3864 ιδῗ
3011 3824 3132 3861 κάν.
3167 3810 3263 3879 τῇς
3294 3812 3335 3863 δ’
3364 3813 3608 3877 συνόδου,
3634 3816 3723 3866 καὶ

2166 3895 2234 3946 τὰ
2265 3896 2321 3946 ἐν
2350 3894 2542 3965 ἐκείνῳ
2587 3897 2865 3965 γραφέντα
2906 3899 3204 3966 ἀρκέσουσι
3235 3901 3371 3970 πρὸς
3419 3904 3720 3973 ἑρμηνείαν

2167 3983 2259 4036 τοῦ
2294 3984 2560 4053 παρόντος
2590 3986 2832 4050 κανόνος.
3055 3992 3059 3998 ’

2235 4076 2478 4131 ΖΩΝΑΡ.
2529 4078 2665 4149 Περὶ
2713 4079 2810 4148 τῆς
2860 4079 3172 4140 ὑποθέσεως
3213 4082 3418 4152 ταύτης
3467 4083 3715 4154 διάφοροι

2169 4168 2392 4230 κανόνες
2422 4167 2582 4221 εἰσίνο
2608 4163 2682 4222 ὧν
2702 4171 2761 4220 ἐν
2789 4172 2853 4240 τῇ
2883 4171 3142 4239 ἐξηγήσει
3168 4171 3263 4225 τοῦ
3291 4169 3350 4225 ιδ’
3381 4173 3606 4236 κανόνος
3627 4173 3719 4242 τῆς

2168 4260 2547 4328 οἰκουμενικῆς
2602 4260 2871 4330 τετάρτης
2935 4262 3155 4315 συνόδου
3209 4264 3592 4334 ἐμνήσθημεν,
3627 4265 3721 4317 καὶ

2170 4349 2330 4400 ἱκανὰ
2380 4351 2446 4402 τὰ
2493 4350 2723 4420 ῥηθέντα
2774 4354 2892 4404 ἐκεῖ
2936 4353 3032 4406 καὶ
3083 4353 3220 4423 πρὸς
3274 4354 3574 4424 ἑρμηνείαν
3621 4355 3712 4408 τοῦ

2170 4440 2432 4509 παρόντος
2459 4445 2700 4504 κανόνος.

2206 4531 2422 4584 ΔΡΙΣΤ.
2460 4551 2477 4582 ι
2519 4533 2823 4602 Αἱρετικοίς
2851 4535 3102 4605 γαμικῶς
3145 4539 3222 4608 μὴ
3254 4537 3609 4594 συνάλλασσε.
3656 4558 3676 4590 ι

2749 4713 2983 4767 ΚΑΝΩΝ
3032 4697 3136 4768 tati.

2173 4818 2188 4847 ι
2231 4800 2362 4867 Περὶ
2394 4799 2484 4850 τοῦ
2534 4801 2608 4870 μὴ
2667 4801 2776 4853 δεῖν
2841 4807 2939 4867 τὰς
2997 4807 3299 4874 λεγομένας
3352 4791 3717 4878 πρεσϐῦτιδας

2244 4910 2260 4941 t
2309 4893 2425 4960 ἤτοι
2494 4897 2917 4964 προκαθημένας
2990 4900 3048 4948 ἐν
3117 4901 3381 4970 ἐκκλησίᾳ
3455 4903 3714 4955 καθίστα-

2243 5000 2259 5030 ι
2305 4985 2448 5035 σθαι.
2496 5002 2512 5033 ι

2243 5074 2436 5128 ΒᾹΛΣ.
2491 5077 2561 5129 Τὸ
2609 5078 2836 5132 παλαιὸν
2873 5081 3129 5148 γυναῖκές
3176 5099 3318 5146 τινες
3371 5086 3719 5155 πρεσϐύτιδες

2153 5170 2500 5251 ’καθήμεναι
2527 5174 2605 5233 εἰς
2635 5172 2734 5234 τάς
2771 5173 3064 5236 καθολικὰς
3091 5177 3404 5244 ἐκκλησίας
3453 5179 3718 5232 καθίστων

2169 5260 2266 5320 τὰς
2291 5261 2477 5321 λοιπὰς
2523 5265 2784 5327 γυναῖκας
2827 5265 2964 5334 τάχα
3002 5269 3079 5328 εὶς
3127 5266 3400 5332 εὐταξίαν.
3436 5268 3590 5318 Ἐπεὶ
3632 5266 3718 5320 οῦν

2174 5350 2235 5400 ἐκ
2266 5353 2360 5418 τῆς
2389 5351 2605 5419 ὁμιλίας
2659 5353 2756 5421 τῆς
2789 5354 2893 5406 ἀπὸ
2935 5355 3134 5408 τούτων
3181 5359 3510 5410 ἐϐλάπτοντο
3554 5376 3716 5422 τινες,

2174 5445 2246 5509 μὴ
2297 5445 2599 5511 χρωμένων
2655 5446 2836 5507 καλῶς
2892 5445 2967 5516 τῷ
3025 5449 3174 5516 καλῷ
3223 5449 3310 5501 διὰ
3344 5449 3712 5519 ὑπεροψίανῆ

2171 5535 2636 5604 αξσχροκέρδειαν,
2664 5537 2944 5590 ἐκώλυσαν
2969 5541 3018 5590 οἱ
3055 5540 3293 5608 Πατέρες
3327 5541 3388 5592 τὸ
3414 5541 3552 5603 ὅλως
3581 5537 3717 5593 εἷναι

2169 5627 2422 5688 τοιαύτας
2451 5631 2711 5695 γυναῖκας
2743 5630 2826 5691 εἰς
2853 5633 3171 5699 ἐκκλησίας,
3207 5633 3549 5701 καλουμένας
3578 5648 3709 5702 πρε-

2173 5713 2422 5780 σϐύτιδας
2456 5720 2571 5788 ἦτοι
2608 5723 3051 5792 προκαθημέναμ
3075 5725 3164 5794 Μὴ
3190 5724 3349 5794 εἴπῃς
3379 5725 3460 5789 δὲ,
3479 5725 3588 5778 Καὶ
3613 5725 3716 5784 πῶς

2171 5811 2328 5865 τοῦτο
2363 5814 2569 5880 γίνεται
2603 5818 2682 5876 εἰς
2712 5818 2778 5866 τὰ
2807 5819 3089 5884 γυναικεῖα
3122 5818 3592 5889 μοναστήρια,καὶ
3625 5819 3714 5888 μία
