3982 6494
319 447 450 511 1357

1516 444 1595 504 IN
1629 443 1793 506 CAN.
1834 444 1947 503 XII
1989 443 2195 507 CONC.
2224 448 2437 508 LAOD.

3384 450 3519 517 1358

311 564 472 635 γυνὴ,
527 564 560 634 ἡ
614 561 895 634 ἡγουμ’ἐνη
952 560 1194 632 δηλαδὴ,
1256 561 1446 613 πασῶν
1501 560 1866 629 «poteras-au;

1979 558 2028 612 lit
2062 560 2114 613 in
2148 559 2468 615 feminarum
2517 560 2882 625 monasteriis,
2923 569 2978 613 et
3010 568 3130 615 una!
3156 560 3369 624 mulier,
3401 579 3521 632 quae

327 659 605 717 ’Λκούσεις
657 658 765 727 γὰρ
825 658 905 709 ὅτι
950 658 982 726 ἡ
1038 658 1179 727 κατὰ
1248 655 1379 708 Θεὸν
1451 655 1700 723 ἁποταγὴ
1778 654 1871 705 καὶ

318 752 623 819 ἀπόκαρσις
687 752 789 816 τὰς
866 750 1061 811 πολλὰς
1128 748 1184 801 ἓν
1243 747 1402 816 σῶμα
1467 749 1611 799 ποιεῖ
1666 746 1870 812 λογίζε-

320 843 462 905 σθαι,
508 842 603 894 καὶ
650 844 826 895 πάντα
879 841 945 894 τὰ
996 840 1173 894 αὐτῶν
1222 841 1359 913 πρὸς
1413 841 1579 907 μόνην
1635 839 1870 907 ψυχικὴν

320 932 596 999 σωτηρίαν
656 930 924 1001 ἀφορῶσι.
957 930 1028 981 Τὸ
1078 930 1133 981 δὲ
1182 930 1455 981 διδάσκειν
1506 929 1740 996 γυναῖκα
1770 930 1869 1001 κείς

318 1022 611 1091 ἐκκλησίαν
636 1021 949 1093 καθολικὴν,
970 1021 1097 1073 ἔνθα
1116 1020 1319 1087 πλῆθος
1343 1019 1552 1083 ἀνδρῶν
1590 1020 1873 1090 συναθροί-

319 1111 491 1174 ζεται,
523 1113 617 1165 καὶ
649 1113 923 1180 διαφόρων
952 1111 1187 1180 γνωμῶν
1218 1109 1872 1180 γύναια,ἁπρεπέστατόν

320 1206 434 1255 ἐστι
464 1203 557 1254 καὶ
582 1202 849 1256 ὀλέθριον.

387 1375 633 1431 ΖΩΝΑΡ.
658 1372 841 1428 *Ησάν
886 1393 1005 1429 τινα
1036 1375 1186 1444 παρὰ
1232 1376 1343 1438 τοῖς
1392 1375 1635 1439 παλαιοῖς
1661 1375 1783 1445 ἔθη,
1814 1379 1872 1429 ἐν

319 1471 437 1529 ταῖς
491 1468 805 1539 ἐκκλησίαις
860 1469 1139 1539 γινόμενα,
1190 1461 1263 1521 ὧν
1317 1469 1386 1522 τὰ
1439 1469 1539 1539 μὲν
1595 1473 1621 1523 ὁ
1681 1472 1873 1541 χρόνος

317 1560 595 1629 ἡλλοίωσε,
627 1562 694 1614 τὰ
723 1562 780 1613 δὲ
811 1566 905 1613 καὶ
934 1562 1115 1613 τέλεον
1140 1560 1365 1625 ἔπαυσε,
1390 1561 1459 1613 τὰ
1498 1561 1555 1613 δὲ
1587 1564 1679 1615 καὶ
1711 1563 1871 1615 κανό-

318 1669 407 1715 νες
462 1653 872 1722 ἀπηγόρευσαν,
925 1646 999 1706 ὧν
1028 1652 1085 1706 ἓν
1127 1649 1196 1723 ἦν
1254 1654 1348 1705 καὶ
1396 1644 1457 1705 τδ
1503 1654 1872 1723 πρεσϐύτιδάς

319 1760 469 1805 τινας
498 1745 736 1814 γηραιὰς
766 1746 1035 1811 γυναῖκας
1071 1746 1129 1796 ἐν
1161 1748 1280 1806 ταῖς
1324 1745 1643 1813 ἐκκλησίαις
1684 1745 1875 1798 τάττε-

320 1832 466 1899 σθαι,
494 1836 588 1888 καὶ
626 1835 1050 1904 προκαθημένας
1097 1837 1374 1903 λέγεσθαι,
1400 1837 1735 1906 ἐξαρχούσας
1762 1838 1870 1892 τῶν

1974 649 2185 704 scilicet
2229 662 2445 720 praeest,
2485 653 2740 707 omnibus
2781 654 3074 722 praesidet?
3101 653 3305 710 Audies
3350 658 3518 717 enim,

1972 742 2116 809 quod
2147 758 2268 811 quae
2300 760 2367 797 ex
2399 742 2507 800 Deo
2547 745 2603 799 lit
2638 748 2992 809 renuntiatio,
3025 756 3080 802 et
3118 755 3364 812 tonsura,
3395 749 3523 801 facit

1974 837 2031 882 ut
2074 833 2257 884 multa:
2291 848 2458 887 unum
2513 850 2711 904 corpus
2755 837 3141 892 existimentur
3185 853 3199 891 :
3244 844 3299 891 et
3341 840 3522 891 omnia

1973 933 2092 985 qua:
2117 934 2244 973 sunt
2268 922 2532 990 ipsarum,
2563 925 2630 978 ad
2653 927 2824 980 solius
2865 926 3060 979 animae
3086 929 3313 981 salutem
3346 928 3523 995 respi-

1972 1011 2145 1064 ciunt.
2180 1011 2385 1067 Docere
2433 1026 2611 1069 autem
2661 1018 2937 1071 mulierem
2980 1019 3034 1072 in
3066 1018 3296 1071 ecclesia
3334 1021 3525 1075 catbo:

1972 1098 2098 1159 lica,
2136 1098 2226 1153 ubi
2256 1100 2496 1154 virorum
2529 1106 2816 1157 multitudo
2849 1116 3227 1176 congregatur,
3258 1114 3313 1160 et
3342 1106 3525 1159 diver-

1972 1205 2155 1243 sarum
2176 1193 2568 1246 sententiarum
2592 1194 2825 1259 feminae,
2848 1192 2933 1251 est
2953 1199 3187 1252 maxime
3207 1197 3524 1268 indecorum

1934 1350 1937 1353 Α
1971 1292 2025 1337 et
2052 1270 2442 1351 perniciosum.

2042 1374 2292 1431 ZONAR.
2332 1358 2583 1444 Quaedam
2617 1382 2855 1450 antiquis
2883 1387 3222 1454 temporibus
3254 1390 3307 1443 in
3340 1391 3528 1447 Eccle-

1974 1466 2052 1519 sia
2081 1471 2505 1524 consuetudines
2533 1470 2683 1524 l'uere
2709 1488 2722 1536 ;
2755 1468 2890 1541 quas
2915 1479 3173 1545 temporis
3196 1480 3528 1537 diuturnitas

1973 1561 2166 1628 partim
2206 1562 2533 1627 imniutavit,
2568 1566 2765 1632 partim
2802 1569 3025 1621 omnino
3052 1573 3300 1637 susmlit,
3334 1576 3529 1644 aliqua:

1971 1653 2132 1708 etiam
2156 1669 2220 1708 ex
2249 1656 2315 1708 iis
2345 1658 2627 1712 canonicis
2650 1658 2883 1715 decretis
2912 1662 3183 1731 abrogata:
3208 1677 3353 1722 sunt.
3378 1668 3528 1725 Talis

1974 1744 2064 1796 illa
2095 1758 2313 1813 quoque
2364 1745 2487 1808 fuit,
2536 1755 2593 1799 ut
2638 1748 2991 1819 presbyterae,
3027 1754 3221 1807 vetulze
3255 1756 3526 1823 mulieres,

1973 1834 2029 1887 in
2052 1836 2297 1889 ecclesiis
2323 1838 2811 1905 constituerentur,
2830 1857 2965 1911 quas
2985 1844 3148 1897 etiam
3175 1847 3530 1913 prtesidentes

321 1903 714 1992 εἰσερχομένων
752 1928 834 1986 είς
1027 1926 1325 1996 ἐκκλησίαν
1353 1903 1653 1993 γυναικῶν,
1679 1927 1869 1999 ὥσπερ

1979 1923 2280 1989 vocabant;
2304 1941 2424 1995 quae
2445 1927 2684 1997 quidem,
2711 1930 3139 2000 ingredientibus
3164 1934 3217 1988 in
3241 1938 3527 1992 ecclesiam

319 2013 671 2077 διδασκάλους
724 2016 815 2068 καὶ
843 2015 1187 2078 καθιστώςας
1237 2017 1404 2079 αὐτὰς
1433 2016 1569 2087 πρὸς
1596 2016 1871 2082 εὐταξίαν,

319 2105 414 2156 καὶ
436 2105 581 2167 ὅπως
621 2106 715 2157 καὶ
737 2107 869 2159 ὅπου
897 2105 1002 2176 χρὴ
1038 2105 1239 2169 ταύτας
1261 2109 1483 2160 ἑστάναι
1511 2108 1875 2172 πὰιδευούσας

1976 2013 2216 2093 feminis,
2250 2017 2413 2069 veluti
2446 2020 2760 2088 magisterio
2784 2023 3020 2090 quodam
3052 2024 3357 2094 fungentes,
3392 2040 3530 2094 praes

1974 2115 2179 2172 essent,
2224 2122 2301 2161 .ac
2357 2123 2459 2164 suo
2501 2126 2774 2179 quamque
2821 2115 3010 2168 ordine
3064 2116 3166 2170 rite
3225 2121 3530 2174 consistere

320 2195 509 2258 αὐτάς.
532 2197 757 2262 ιΤαύτας
788 2196 879 2250 οὖν
905 2197 981 2269 μὴ
1004 2199 1114 2252 δεῖν
1142 2199 1392 2266 γίνεσθαι
1423 2202 1451 2252 ό
1484 2201 1662 2254 κανὼν
1706 2200 1874 2272 διορί-

1979 2196 2243 2263 iuberent,
2276 2210 2329 2253 et
2373 2215 2483 2269 quo
2512 2217 2786 2272 quamque
2822 2205 2961 2268 loco,
2994 2220 3170 2275 quove
3198 2206 3363 2262 modo
3400 2209 3527 2261 uni-

328 2292 507 2355 ζεται,
536 2289 569 2359 ἢ
597 2289 741 2343 οὕτω
774 2290 1079 2345 καλεῖσθαι.
1120 2300 1125 2317 ¹
1294 2292 1301 2305 ’
1536 2290 1545 2317 ¹

324 2564 542 2619 ΑΡΙΣΤ.
612 2581 630 2615 ι
669 2565 732 2616 Ai
784 2564 1074 2633 λεγόμεναι
1131 2566 1546 2635 προκαθήμεναι
1585 2568 1643 2619 ἐν
1670 2568 1870 2639 ἐκκλη-

660 2676 677 2708 ι
718 2658 857 2719 σίαις
891 2657 965 2728 μὴ
993 2656 1465 2711 καθιστάσθωσαν.
1508 2675 1529 2709 ι

397 2748 459 2802 Ei
517 2749 624 2819 γὰρ
677 2748 927 2801 πολιτικὰ
984 2749 1217 2815 όφφίκια
1263 2749 1558 2801 κωλύονται
1609 2750 1876 2819 ἐνεργεῖν,

326 2842 441 2902 πῶς
472 2858 600 2892 ποτε
627 2843 684 2892 ἐν
710 2840 975 2910 ἐκκλησίᾳ
1001 2841 1097 2892 τοῦ
1143 2840 1347 2910 κλήρου
1380 2841 1751 2911 πρωτεύουσι,
1781 2844 1875 2894 καὶ

322 2932 399 2994 ὡς
425 2932 663 2999 κεφαλάς
684 2948 835 2994 τινας
863 2931 1035 2985 ταῦτα
1061 2932 1242 2997 ἕξουσι
1271 2951 1287 2999 ;

919 3067 1157 3119 ΚΑΝΩΝ
1188 3067 1290 3121 lB'.

1973 2290 2174 2359 cuique
2225 2293 2478 2346 standum
2525 2306 2693 2360 esset,
2746 2296 3025 2351 docerent.
3077 2297 3153 2352 Ne
3200 2314 3319 2370 quae
3364 2300 3528 2369 igitur

1975 2380 2288 2449 bujustnodi
2319 2384 2576 2438 mulieres
2616 2388 2913 2454 eligantur,
2947 2403 3083 2442 neve
3114 2388 3183 2444 iis
3211 2390 3527 2445 nominibus

1956 2485 2382 2545 nuncupentur,
2407 2491 2582 2530 canon
2615 2478 2884 2533 decernit.

1973 2564 2205 2620 ARIST.
2244 2584 2262 2617 ι
2303 2564 2490 2621 Viduae
2516 2570 2872 2637 praesidentes
2902 2570 3059 2626 dictae
3090 2572 3146 2626 in
3175 2572 3426 2628 ecclesiis
3460 2588 3531 2627 ne

2479 2681 2497 2712 ι
2536 2664 2967 2719 constituantur.
3010 2684 3029 2717 ι

2051 2748 2108 2801 Si
2150 2748 2293 2802 enim
2329 2751 2548 2819 poiitica
2589 2752 2762 2807 oliicia
2805 2753 2956 2807 obire
2986 2752 3366 2821 prohibentur,
3398 2768 3533 2823 quu—

1979 2832 2141 2914 modo
2176 2858 2413 2911 unquam
2452 2846 2507 2897 in
2552 2846 2783 2899 ecclesia
2832 2846 2982 2899 clero
3030 2847 3297 2915 praesint,
3343 2856 3399 2899 et
3439 2860 3532 2899 eas

1981 2944 2239 3004 tanquam
2278 2938 2460 3005 capita
2486 2937 2735 3006 quadarn
2763 2937 3020 2991 habeant?

2565 3068 2793 3124 CANON
2833 3071 2949 3125 XII.

336 3223 353 3255 ι
396 3205 529 3273 Περὶ
562 3203 654 3256 τοῦ
705 3203 827 3265 τοὺς
861 3204 1197 3275 ἐπισκόπους
1236 3202 1413 3273 κρίσει
1460 3203 1569 3253 τῶν
1605 3218 1877 3271 μητροπο-

1989 3225 2006 3256 ‹
2042 3205 2195 3271 Quod
2236 3208 2482 3276 episcopi
2511 3215 3054 3275 mctropontanorum
3091 3217 3145 3261 et
3176 3208 3529 3263 ﬁnitimorum

402 3317 421 3348 ε
468 3297 630 3350 λιτῶν
671 3296 765 3349 καὶ
807 3297 914 3349 τῶν
949 3296 1107 3365 πέριξ
1153 3296 1468 3347 ἐπισκόπων
1516 3293 1878 3347 καθίστασθαι

404 3408 422 3440 ε
468 3392 545 3452 εἰς
578 3390 675 3460 τὴν
721 3390 1184 3458 ἐκκλησιαστικὴν
1221 3389 1415 3457 ἀρχὴν,
1464 3388 1621 3449 ὄντας
1660 3388 1723 3438 ἐκ
1750 3386 1878 3438 πολ-

404 3502 421 3533 ι
467 3479 559 3541 λοῦ
587 3476 1079 3548 δεδοκιμασμένους
1124 3494 1183 3529 τε
1223 3477 1468 3545 τῷλόγῳ
1499 3477 1597 3546 τῆς
1645 3476 1881 3537 πίστεως

402 3594 421 3627 t
466 3561 655 3646 καίτῇ
678 3574 771 3627 τοῦ
796 3572 976 3635 εὐθέος
1008 3572 1166 3640 λόγου
1198 3571 1459 3642 πολιτείᾳ.
1496 3589 1514 3621 ι

399 3668 594 3721 ΒΑΛΣ.
621 3667 725 3719 Καὶ
754 3666 781 3717 ό
811 3663 1000 3734 παρὼν
1029 3662 1206 3715 κανὼν
1229 3662 1426 3714 κωλύει
1460 3662 1564 3716 ὐπὸ
1604 3662 1698 3714 τοῦ
1726 3661 1882 3732 ὄχλου

328 3761 458 3823 τοὺς
493 3742 824 3820 ἐπισκόπούς
854 3754 1185 3826 ψηφίζεσθαι
1207 3771 1220 3783 ·
1259 3756 1355 3806 καὶ
1399 3753 1695 3822 διορίζεται
1726 3752 1879 3823 παρὰ

336 3836 743 3922 μητροπολιτῶν
771 3848 865 3903 κα)⁵
907 3847 1223 3900 ἐπισκόπων
1250 3845 1472 3909 τούτους
1498 3846 1877 3900 καθίστασθαι.

336 3943 773 4015 ιῖαρακελεύεται
801 3942 860 3995 δέ
888 3942 1147 4011 δοκίμους
1178 3935 1319 3992 εἶναι
1343 3939 1539 4000 αὐτοὺς
1563 3938 1706 3991 κατά
1731 3954 1791 3989 τε
1820 3937 1883 3989 τὸ

330 4041 506 4108 δόγμα
530 4038 624 4091 καὶ
653 4038 743 4090 τὸν
770 4037 901 4107 βίον.

400 4130 643 4186 ΖΩΝΑΡ.
667 4130 739 4182 Τὸ
761 4127 990 4181 παλαιὸν
1011 4127 1060 4179 οἱ
1088 4126 1247 4194 δῆμοι
1275 4122 1385 4176 τῶν
1416 4122 1625 4176 πόλεων
1655 4118 1885 4191 ᾑροῦντο

330 4214 457 4287 τοὺς
485 4223 816 4283 ἐπισκόπους
844 4235 867 4276 ⁸,
892 4220 975 4303 ﬁt
1010 4218 1066 4270 δὲ
1089 4217 1310 4277 στάσεις
1341 4211 1592 4265 ἐντεῦθεν
1624 4211 1877 4282 ἠγείρον-

333 4336 415 4382 το,
444 4317 530 4370 διὰ
564 4314 721 4368 τοῦτο
745 4314 858 4374 τοῖς
888 4302 1209 4369 ἐπισκόποις
1243 4307 1481 4373 ἑκάστης
1523 4304 1791 4375 ἐπαρχίας
1816 4302 1883 4355 τὰ

335 4407 581 4479 περὶτῆς
654 4404 763 4457 τῶν
830 4401 1141 4453 ἐπισκόπων
1201 4397 1593 4457 καταστάσεως
1654 4393 1880 4460 ἀνετέθη

332 4502 677 4572 ψηφίσματα.
704 4495 931 4561 Ἐπάγει
967 4492 1023 4544 δὲ
1049 4494 1075 4543 ὁ
1104 4489 1281 4542 κανὼν
1315 4490 1404 4541 καὶ
1434 4487 1579 4548 οἴους
1620 4486 1702 4537 δεῖ
1729 4479 1881 4554 ,εἶναι

2055 3317 2075 3349 ι
2112 3299 2487 3367 episcoporum
2503 3299 2728 3368 judicio,
2749 3300 2802 3352 in
2823 3299 3192 3355 ecclesiastico
3213 3304 3533 3370 magistratu

2056 3407 2075 3439 ‹
2111 3391 2479 3444 constituendi
2528 3402 2678 3454 sunt,
2727 3390 2818 3444 diu
2867 3391 3076 3460 probati
3123 3401 3177 3445 et
3225 3394 3279 3446 in
3324 3395 3534 3448 ratione

2061 3500 2082 3533 ι
2118 3482 2241 3537 fidei
2272 3492 2326 3538 et
2358 3484 2414 3537 in
2447 3483 2582 3538 recti
2607 3484 2757 3538 verbi
2787 3485 3213 3539 disocnsatione.
3257 3505 3275 3537 ι

2052 3662 2246 3717 BALS.
2289 3661 2537 3719 Praesens
2587 3680 2805 3734 quoque
2839 3679 3017 3719 canon
3048 3666 3298 3734 prohibet
3327 3670 3537 3734 episco-

1983 3768 2083 3825 pos
2113 3768 2143 3806 a
2176 3754 2521 3817 multitudine
2550 3756 2672 3825 eligi
2699 3773 2713 3823 ;
2742 3765 2796 3809 et
2826 3771 2923 3811 eos
2957 3771 2985 3808 a
3023 3757 3538 3825 metropolitanis‘et

1982 3845 2258 3915 episcopis
2286 3847 2548 3901 constitui
2590 3860 2844 3916 oportere
2880 3848 3150 3902 decernit.
3184 3846 3409 3904 Probari
3436 3864 3539 3903 au-

1984 3926 2091 3991 te...
2124 3953 2220 3991 eos
2246 3938 2471 3998 iubetet
2504 3941 2558 3992 in
2589 3940 2861 3994 sententia
2892 3950 2949 3994 et
2973 3941 3026 3994 in
3056 3941 3185 3994 vita.

2057 4110 2305 4165 ZONAR.
2351 4112 2541 4183 Populi
2586 4114 2865 4184 suffragiis
2915 4116 3043 4168 olim
3088 4116 3330 4185 episcopi
3374 4116 3539 4185 elige-

1982 4205 2186 4259 bantur
2204 4221 2219 4262 ι
2237 4205 2331 4259 sed
2350 4220 2473 4259 cum
2502 4206 2685 4259 multa:
2713 4207 2840 4260 inde
2869 4207 3166 4261 seditiones
3187 4212 3536 4272 exsisterent,

1987 4298 2112 4351 hinc
2159 4296 2358 4351 factum
2405 4308 2510 4360 est,
2567 4307 2622 4351 ut
2668 4297 3050 4367 episcoporum
3103 4300 3540 4370 uniuscujusque

1985 4388 2277 4458 provincia:
2334 4388 2663 4442 auctoritate
2718 4391 2842 4459 eligi
2874 4380 3213 4458 'episcopttm
3272 4374 3541 4460 quemque

1986 4491 2235 4550 Oportere
2257 4480 2624 4535 decreverint.
2670 4481 2871 4534 Deinde
2910 4496 3037 4535 vero
3073 4484 3264 4551 quales
3300 4496 3416 4545 eos,
3445 4484 3537 4552 qui

332 4597 458 4657 τοὺς
488 4593 566 4653 εἰς
621 4588 924 4652 ἐπισκοπὴν
978 4581 1520 4653 προχειριζομένους,
1554 4578 1722 4649 ἤγουν
1776 4575 1877 4645 πρὸ

1982 4573 2225 4642 episcopi
2253 4573 2472 4627 creandi
2510 4585 2658 4638 sunt,
2705 4588 2826 4627 esse
2855 4573 3067 4637 deceat,
3100 4587 3275 4627 canon
3309 4575 3539 4643 subiun-

335 4684 528 4739 πολλοῦ
558 4679 1044 4750 δεδοκιμασμένους
1067 4676 1122 4727 ἐν
1145 4692 1203 4726 τε
1232 4672 1308 4742 τῷ
1333 4672 1473 4741 λόγῳ
1494 4671 1590 4740 τῆς
1624 4669 1880 4729 πίστεως,

336 4777 610 4831 τουτέστιν
633 4772 804 4843 ὀρθῶς
830 4771 923 4823 καὶ
953 4768 1122 4836 ὑγιῶς
1150 4767 1372 4836 ἔχοντας
1398 4766 1525 4833 περὶ
1548 4762 1644 4832 τὴν
1677 4764 1880 4825 πίστιν,

335 4870 369 4942 ἢ
395 4870 486 4922 καὶ
519 4867 715 4928 ἄλλως,
744 4864 861 4933 ἦτοι
912 4862 1039 4930 περὶ
1087 4859 1176 4911 τὸν
1212 4859 1368 4925 λόγον
1400 4860 1496 4927 τῆς
1526 4856 1763 4915 πίστεως
1790 4872 1883 4922 γε·

334 4959 747 5027 γυμνασμένους
776 4953 868 5006 καὶ
901 4950 1177 5020 δοκίμους.
1215 4947 1304 5015 Τῷ
1346 4948 1445 5014 μὲν
1490 4946 1596 5013 γὰρ
1637 4943 1883 5012 Τιμοθέῳ

338 5055 561 5122 γράφων
584 5052 611 5102 ό
643 5050 816 5119 μέγας
853 5040 1404 5107 Παῦλος,διδακτικὸν
1428 5035 1566 5090 εἶναι
1596 5037 1708 5089 δεῖν
1738 5035 1883 5102 λέγει

334 5149 425 5201 τὸν
457 5144 759 5211 ἐπισκοπῆς
789 5141 1138 5211 ὀρεγόμενον·
1169 5136 1246 5204 τῷ
1274 5135 1419 5202 Τίτῳ
1450 5132 1493 5184 δ’
1530 5128 1880 5197 ἐπιστέλλων,

336 5238 691 5307 ἀντεχόμενον
736 5233 831 5285 τοῦ
875 5232 1015 5284 κατὰ
1072 5229 1291 5297 διδαχὴν
1345 5223 1539 5277 πιστοῦ
1590 5222 1885 5289 λόγουρῖνα

332 5331 553 5391 δυνατὸς
688 5327 781 5377 καὶ
854 5316 1191 5393 παράκαλείν
1232 5321 1288 5370 ἐν
1330 5320 1395 5387 τῇ
1450 5313 1766 5381 διδασκαλίᾳ
1816 5315 1882 5381 τῇ

336 5420 674 5491 ὑγιαινούσῃ,
727 5418 971 5476 καὶτοὺς
1010 5413 1386 5491 ἀνειλέγοντας
1439 5408 1713 5475 ἐλέγχειν·
1743 5403 1885 5455 οὕτω

338 5494 435 5584 μέν
471 5510 562 5566 οὖν
585 5513 729 5581 ἔχειν
757 5509 847 5560 τὸν
895 5505 1197 5572 ἐπισκοπῆς
1247 5499 1687 5572 προστησόμενον
1721 5496 1778 5546 ἐν
1804 5494 1882 5562 τῷ

333 5612 475 5678 λόγῳ
502 5608 598 5677 τῆς
643 5604 877 5662 πίστεως
929 5602 957 5651 ὁ
998 5596 1181 5650 κανὼν
1231 5596 1612 5647 διατάττεται·
1643 5592 1699 5642 ἐν
1730 5589 1788 5641 δέ
1816 5589 1883 5656 τῇ

334 5700 602 5766 πολιτείᾳ,
643 5697 809 5766 ἧγουν
852 5694 916 5761 τῇ
971 5690 1065 5741 τού
1113 5687 1228 5757 βίου
1275 5687 1542 5753 διαγωγῇ,
1588 5682 1884 5735 εὐθύτατον

335 5792 496 5857 εἶναι,
557 5794 630 5861 μὴ
687 5787 920 5847 σκολιὸν,
986 5783 1059 5854 μὴ
1120 5779 1387 5849 πονηρίας
1446 5778 1678 5848 μεστὸν,
1744 5775 1883 5828 ἀλλὰ

338 5890 497 5943 κάκεῖ
561 5884 1016 5952 δεδοκιμασμένον
1089 5874 1178 5927 καὶ
1223 5870 1536 5941 γνώριμον,
1590 5869 1669 5920 ὃτι
1722 5869 1883 5929 εὐθὺς

1984 4665 2084 4733 git,
2111 4664 2270 4733 longe
2302 4680 2405 4717 usu
2454 4664 2705 4719 videlicet
2750 4666 2804 4716 in
2839 4664 3049 4718 ratione
3083 4664 3206 4719 fidei
3258 4668 3538 4733 probatos,

1982 4758 2088 4812 hoc
2108 4768 2211 4821 est,
2236 4757 2291 4810 in
2321 4757 2423 4811 lide
2450 4772 2582 4810 sana
2606 4766 2859 4826 rectaque
2890 4767 3223 4822 constantes,
3249 4760 3332 4814 vel
3360 4760 3538 4821 aliter,

1983 4853 2038 4904 in
2070 4852 2136 4905 iis
2183 4866 2302 4919 qua:
2347 4853 2412 4903 ad
2449 4850 2571 4905 fidei
2614 4851 2877 4904 rationem
2923 4859 3169 4919 spectant
3214 4856 3541 4909 exercitatos

1982 4953 2038 4997 et
2087 4944 2367 5011 probatos.
2422 4942 2649 5011 Magnus
2690 4958 2927 5011 namque
2982 4941 3182 4998 Paulus
3231 4944 3301 4997 ad
3353 4943 3539 4998 Timo-

1984 5035 2169 5087 theum
2198 5034 2463 5096 scribens,
2496 5034 2588 5101 qui
2616 5034 2985 5103 epiSCOpulutn
3021 5034 3321 5103 desiderat,
3350 5046 3539 5105 aptum

1985 5126 2202 5179 caeteris
2223 5125 2541 5179 erudiendis
2569 5140 2691 5180 esse
2720 5134 2976 5195 Oportere
3006 5132 3342 5196 pronuntiat.
3376 5130 3440 5182 Et
3466 5130 3533 5182 ad

1987 5217 2167 5271 Titum
2208 5218 2480 5279 scribens,
2508 5219 2923 5286 amplectentein
2953 5233 3076 5272 eum
3112 5223 3203 5289 qui
3242 5219 3539 5274 secundum

1984 5310 2288 5371 doctrinam
2332 5320 2417 5363 est
2468 5310 2678 5361 tideletn
2730 5325 3060 5374 sermonem,
3116 5321 3174 5365 ut
3236 5321 3430 5381 potens
3472 5313 3543 5365 sit

1984 5402 2259 5456 exhortari
2297 5402 2350 5452 in
2381 5415 2509 5455 sana
2534 5399 2804 5466 doctrina,
2838 5412 2892 5455 et
2923 5417 3017 5457 eos
3038 5403 3130 5471 qui
3157 5401 3543 5455 contradicunt

1986 5509 2237 5565 arguere.
2264 5494 2341 5546 Ac
2366 5493 2525 5546 talem
2555 5495 2773 5563 quidem
2805 5510 2925 5549 esse
2962 5511 3108 5560 eum,
3138 5495 3229 5563 qui
3253 5495 3542 5564 epise0pus

1984 5584 2254 5639 creundus
2301 5592 2406 5641 est.
2457 5583 2509 5637 in
2548 5585 2758 5638 ratione
2809 5586 2969 5645 lidei,
3019 5599 3193 5638 canon
3224 5585 3382 5651 jubet
3424 5601 3440 5638 :
3482 5587 3542 5641 in

1986 5678 2168 5746 politia
2200 5690 2349 5737 vero,
2374 5675 2477 5729 hoc
2497 5684 2601 5739 est,
2625 5678 2831 5729 ratione
2849 5689 2903 5730 et
2924 5678 3172 5730 instituto
3196 5676 3333 5739 vine,
3357 5677 3542 5730 rectis-

1987 5768 2139 5820 simis
2166 5765 2421 5820 sensibus
2442 5776 2685 5830 euntem,
2722 5784 2827 5821 non
2856 5784 3104 5835 pravum,
3139 5782 3308 5839 neque
3331 5768 3540 5837 impro-

1989 5864 2157 5929 bum;
2191 5861 2283 5915 sed
2314 5862 2400 5916 hic
2428 5877 2644 5931 quoque
2676 5864 2825 5915 bona:
2862 5869 3000 5915 nota:
3025 5874 3085 5915 ac
3127 5869 3378 5929 spectatae
3414 5878 3544 5930 pro-
