3982 6494
338 386 476 451 1365

1476 384 1555 443 ΙΝ
1586 382 1749 444 CAN.
1782 378 1914 442 XVI
1947 380 2154 453 CONC.
2221 385 2440 448 LAOD.

3404 386 3539 452 I366

406 499 601 555 ΒΑΛΣ.
632 498 742 553 Καὶ
774 490 929 563 οὗτος
964 499 993 552 ό
1030 515 1211 552 κανων
1237 499 1588 567 διορθωτικός
1621 500 1739 552 ἐστι
1780 514 1875 551 πα-

2059 502 2255 557 BALS.
2284 504 2379 557 Hic
2400 518 2614 573 quoque
2652 518 2828 559 canon
2874 510 3110 557 veterem
3137 499 3420 572 quemdam
3458 501 3542 555 in-

333 594 485 646 λαιοΰ
508 610 650 654 τινος
672 592 828 652 ἔθους
846 591 1099 648 ἀτάκτου.
1138 592 1391 645 Φαίνεται
1424 594 1529 661 γὰρ
1557 590 1633 652 ὥς
1663 609 1808 654 τινες
1832 591 1889 658 ἐξ

337 685 637 752 ὑπεροψίας
682 684 846 754 εὐχὰς
888 683 1256 753 συντιθέμενοι
1311 685 1391 743 εἰς
1442 680 1539 743 τὰς
1596 683 1889 752 ἐσπερινὰς

338 775 605 843 ὐμνιρδίας
631 776 725 827 καὶ
757 775 1118 843 ἀνεγίνωσκον
1170 775 1371 837 αὑτάς·
1409 774 1503 827 καὶ
1550 774 1887 842 αἰτιώμενοι,

336 864 521 932 ἔλεγον
552 867 718 937 μηδὲν
746 884 798 918 τι
841 847 1061 928 ἀπεικὸς
1095 868 1291 926 ποιεῖν,
1324 865 1457 933 μηδὲ
1487 864 1764 933 παραλύον
1792 864 1889 925 τὰς

336 960 486 1025 παρὰ
525 956 633 1009 τῶν
664 957 924 1025 Πατέρων
956 957 1245 1026 δεδομένας
1277 959 1458 1025 εὐχάς.
1509 958 1743 1010 Ἐκεῖναι
1790 958 1890 1025 μὲν

336 1048 443 1115 γὰρ
474 1047 676 1110 εἰςτὰς
727 1048 952 1109 ἐννάτας
1010 1046 1366 1117 ἐτυπώθησαν
1414 1048 1679 1115 γίνεσθαι,
1735 1050 1790 1100 αί
1831 1048 1891 1100 δὲ

335 1142 466 1208 παρ’
499 1138 679 1192 αὐτῶν
720 1142 995 1208 γεγονυῖαι
1033 1143 1113 1202 εἰς
1150 1140 1248 1203 τὰς
1276 1142 1564 1205 ἐσπερινάς
1616 1140 1888 1210 ὑμνῳδίας

334 1232 723 1299 ὶκφωνοῦνται.
753 1232 922 1284 Φασὶν
949 1232 1041 1285 οὖν
1074 1234 1315 1301 Πατὲρες
1368 1233 1556 1301 ἀρκεῖν
1585 1233 1680 1295 τὰς
1712 1249 1893 1301 παρα-ο

333 1323 624 1391 δεδομένας
650 1325 813 1395 εὐχὰς
841 1326 936 1377 καὶ
963 1327 1019 1377 ὲν
1065 1328 1181 1387 ταῖς
1232 1326 1477 1388 ὲννάταις
1508 1324 1603 1378 καὶ
1646 1328 1704 1378 ὲν
1766 1328 1888 1387 ταῖς

333 1416 597 1485 ἑσπέραις
624 1416 719 1468 καὶ¹
744 1420 802 1470 ὲν
828 1418 1031 1479 πάσαις
1061 1418 1244 1479 ἁπλῶς
1271 1419 1427 1469 τοῦτο
1462 1417 1715 1483 συνάξεσι
1741 1436 1758 1450 ο
1794 1417 1887 1470 καὶ

333 1509 410 1578 μὴ
442 1508 583 1579 ἔχειν
612 1511 798 1564 ἄδειαν
854 1512 946 1563 τὸν
988 1512 1309 1581 βουλόμενον
1360 1513 1526 1582 εὐχὰς
1590 1514 1883 1567 συτιθέναι.

397 1599 639 1655 ΖΩΝΑΡ.
682 1604 743 1654 '0
770 1602 1010 1665 εἰκοστὸς
1038 1604 1215 1673 τρίτος
1234 1605 1333 1667 τῆς
1347 1606 1401 1657 ἐν
1423 1605 1742 1675 Καρθαγένῃ
1764 1623 1886 1657 συν-

330 1690 453 1744 όδου
487 1709 605 1744 καν.
645 1691 1007 1759 διατάττεται,
1045 1696 1103 1747 ὲν
1140 1697 1257 1756 ταῖς
1302 1698 1533 1758 ίκεσίαις
1584 1696 1681 1760 τὰς
1722 1714 1886 1750 κεκυ-

328 1780 581 1849 ρωμένας
613 1783 763 1851 παρά
791 1784 890 1850 τῆς
914 1783 1130 1836 συνόδου
1159 1785 1323 1853 εὐχάς
1363 1785 1508 1854 παρὰ
1556 1789 1772 1841 πάντων
1798 1786 1887 1840 λέ-

325 1873 541 1938 γεσθαι,
577 1874 669 1926 καὶ
702 1875 775 1943 μὴ
805 1876 925 1938 νέας
957 1876 1144 1939 ἄλλας.
1187 1877 1355 1930 Τοῦτο
1378 1878 1469 1930 οὖν
1509 1878 1651 1931 ἔοικε
1699 1882 1795 1932 καὶ
1856 1883 1884 1933 ὁ

323 1965 516 2032 παρὼν
546 1965 727 2017 κανὼν
757 1966 1159 2029 διατάττεσθαι,
1187 1968 1247 2019 τὸ
1296 1968 1369 2036 μὴ
1416 1968 1508 2021 τὸν
1560 1968 1883 2038 βουλόμενον

320 2055 523 2127 δηλαδὴ
565 2057 728 2125 εὐχὰς
754 2057 890 2121 ἰδίας
935 2059 1238 2112 συντιθέναι
1264 2103 1278 2123 ,
1307 2060 1402 2111 καὶ
1452 2061 1652 2123 ταύτας
1700 2062 1880 2129 λέγειν

320 2149 384 2200 ἐν
412 2150 531 2213 ταῖς
568 2151 872 2215 συνάξεσιν,
928 2152 1063 2205 ἀλλά
1106 2151 1207 2216 τάς
1250 2153 1417 2214 αὑτὰς
1472 2155 1659 2223 εὐχὰς,
1710 2156 1880 2224 ἤγουν

319 2240 420 2302 τὰς
452 2240 550 2311 ἤδη
577 2243 1038 2312 παραδεδομένας,
1088 2244 1336 2311 γίνεσθαι
1391 2245 1451 2295 ὲν
1511 2246 1655 2315 πάσῃ
1712 2248 1874 2299 συνά-

320 2329 378 2395 ξε
388 2349 425 2385 ι.

316 2426 541 2480 ΔΡῐΣΤ.
610 2447 628 2479 ι
681 2428 960 2493 Ἐννάταις
997 2432 1089 2482 καὶ
1121 2432 1385 2501 ἑσπέραις
1418 2435 1472 2484 αἰ
1524 2432 1686 2486 αὐταὶ
1716 2434 1876 2503 εὐχαὶ

839 2522 1311 2576 ὲπιτελείσθωσαν.
1328 2544 1343 2573 ι

391 2611 548 2681 Παρά
579 2613 675 2674 τὰς
714 2613 1105 2682 κεκυρωμένας
1136 2614 1299 2683 εὐχὰς
1324 2616 1416 2667 καὶ
1464 2616 1530 2669 τὰ
1598 2635 1873 2672 κεκανονι-

318 2701 494 2768 ρμένα
528 2701 706 2771 βιϐλία
737 2705 797 2756 οὐ
827 2706 905 2756 δεῖ
926 2706 1084 2774 εὐχὰ;
1122 2707 1285 2769 ἄλλας
1312 2708 1343 2777 ἢ
1370 2709 1619 2776 ψαλμοὺς
1676 2713 1875 2766 ἰδιωτι-

316 2792 446 2855 κοὺς
474 2794 797 2863 ἢλὲγεσθαι,
834 2797 864 2864 ἦ
895 2797 1191 2865 ψάλλεσθαι
1216 2817 1228 2829 ο
1258 2799 1391 2850 ἀ).λᾶ
1420 2800 1513 2861 τὰς
1560 2803 1729 2861 αὑτὰς
1786 2805 1873 2855 εὖ·-

314 2884 416 2955 χάς
443 2887 528 2937 ἀεὶ
557 2888 920 2940 ἐπιτελεῖσθαι
954 2893 1045 2941 καὶ
1080 2891 1136 2941 ἐν
1169 2892 1412 2953 ἐννάταις
1468 2870 1563 2945 καὶ
1619 2897 1676 2946 ὲν
1706 2897 1870 2946 ἐσπέ-

317 2991 459 3047 ραις.

910 3058 1145 3125 KANnN
1168 3076 1265 3126 te.

1991 596 2293 649 ordinatum
2328 602 2529 649 m0rem
2565 597 2807 659 corrigit.
2857 594 3081 660 Quidam
3129 593 3271 648 enim
3328 588 3544 662 propter

1992 686 2350 751 arrogantiam
2379 728 2393 747 ,
2434 695 2489 736 ttt
2538 686 2783 747 videtur,
2836 685 2888 737 in
2939 683 3271 751 vespertinus
3323 680 3540 750 hymnos

1992 792 2177 845 preces
2211 784 2589 843 componentes
2646 791 2738 829 eas
2782 776 3026 840 legebant
3054 794 3067 829 :
3100 784 3151 825 et
3192 787 3307 825 cum
3363 784 3540 839 repre-

1992 868 2384 929 bendebantnr,
2413 881 2471 921 se
2495 866 2629 920 nihil
2659 868 2945 919 absurdum
2984 866 3285 919 alienumve
3320 863 3492 917 facere
3524 899 3539 922 .

1991 973 2092 1012 nec
2121 975 2147 1009 a
2178 957 2427 1011 Patribus
2457 957 2609 1013 datas
2637 959 2912 1012 orationes
2942 958 3233 1011 dissolvere
3276 954 3541 1008 dicebant.

1990 1048 2098 1103 Illae
2125 1050 2266 1102 enim
2295 1050 2345 1101 in
2376 1050 2532 1103 nonis
2567 1050 2681 1102 ﬁeri
2709 1049 2870 1117 iussa}
2907 1058 3032 1109 sunt
3061 1064 3077 1101 :
3109 1060 3226 1115 qua:
3257 1055 3435 1098 autem
3475 1045 3541 1095 ah

1993 1142 2124 1207 ipsis
2152 1141 2304 1195 facta:
2324 1151 2469 1205 sunt,
2502 1141 2555 1194 in
2586 1141 2911 1208 vespertinis
2941 1139 3155 1209 hymnis
3180 1136 3542 1205 proferuntur.

1993 1233 2181 1286 Dicunt
2208 1247 2335 1295 ergo
2363 1232 2568 1293 Patres,
2599 1231 2846 1285 sufﬁcere
2871 1246 3077 1298 preces,
3112 1244 3230 1297 quae
3272 1237 3402 1287 sunt
3434 1238 3563 1287 ιτα-η

1988 1326 2132 1386 (litae,
2166 1334 2221 1378 et
2249 1327 2301 1378 in
2339 1324 2489 1377 nonis
2518 1335 2570 1377 et
2604 1325 2654 1375 in
2698 1325 2957 1391 vesperis,
2995 1334 3049 1376 et
3091 1324 3139 1375 in
3167 1321 3439 1384 omnibus,
3487 1328 3542 1375 ut

1987 1416 2152 1469 semel
2182 1418 2377 1477 dicam,
2404 1414 2910 1483 congregationibus
2949 1432 2961 1466 :
3003 1430 3098 1467 nec
3133 1415 3293 1467 licere
3312 1413 3361 1468 ei
3387 1449 3405 1478 ,
3450 1409 3543 1479 qui

1986 1509 2133 1568 velit,
2162 1520 2348 1571 preces
2375 1521 2718 1573 componere.

2058 1600 2307 1656 ZONAB.
2334 1600 2405 1655 Ut
2427 1601 2477 1653 in
2511 1596 2988 1666 supplicationibus
3045 1596 3277 1661 probatrc
3307 1604 3537 1649 tantum-

1987 1694 2144 1745 modo
2168 1708 2265 1758 per
2294 1690 2482 1761 synodi
2516 1690 2871 1756 precationes,
2891 1688 3108 1755 rejectis
3140 1686 3257 1740 aliis
3289 1686 3458 1746 novis,
3475 1685 3542 1737 ab

1985 1784 2234 1837 omnibus
2264 1782 2641 1845 adhibeantur,
2663 1779 3106 1847 Cartltaginensis
3128 1778 3313 1847 synodi
3340 1790 3542 1831 canone

1983 1876 2053 1929 25
2082 1877 2433 1930 c0ttstilutum
2459 1886 2562 1929 est.
2596 1872 2738 1928 Idem
2772 1874 2873 1928 hoc
2893 1886 3107 1941 quoque
3136 1883 3342 1924 canone
3363 1868 3543 1922 decre—

1984 1978 2094 2022 tum
2132 1968 2359 2031 videtur,
2398 1982 2462 2021 ac
2497 1982 2564 2020 ne
2614 1966 2839 2021 cuilibet
2887 1980 3011 2035 pro
3040 1963 3262 2017 arbitrio
3292 1960 3544 2017 formulas

1982 2076 2199 2126 precum
2233 2070 2539 2123 contexere,
2588 2073 2787 2128 easque
2827 2059 2880 2111 in
2937 2056 3166 2126 publicis
3197 2052 3543 2108 conventibus

1982 2153 2212 2205 recitare
2246 2152 2443 2216 liceat;
2476 2151 2567 2205 sed
2599 2152 2839 2213 easdem,
2868 2151 2968 2204 hoc
2997 2158 3102 2209 est,
3134 2148 3382 2201 diuturna
3416 2160 3542 2197 con—

1978 2244 2260 2299 siietndine
2288 2254 2593 2311 usurpatas,
2632 2244 2684 2297 in
2706 2256 3031 2312 quocunque
3058 2248 3323 2295 conventu
3351 2250 3538 2291 omnes

1979 2339 2263 2401 retineant,
2294 2337 2592 2391 deﬁnitum.

1976 2427 2202 2481 ARIST.
2242 2422 2259 2478 ξ
2292 2428 2460 2483 Nonis
2495 2444 2556 2482 ac
2584 2428 2823 2511 vesperis
2884 2426 3084 2479 eadem
3148 2439 3337 2494 preces
3386 2436 3540 2491 pera-

2617 2537 2635 2567 ι
2665 2527 2876 2585 gantttr.
2917 2535 2933 2568 ι
3020 2552 3021 2555 η

2046 2610 2248 2663 Praeter
2276 2624 2464 2679 preces
2492 2610 2815 2664 auctoritate
2843 2608 3242 2673 comprobatas,
3272 2616 3327 2661 et
3371 2605 3538 2659 libros

1976 2703 2236 2756 canonice
2285 2705 2569 2765 sancitos,
2628 2718 2729 2754 non
2778 2710 2986 2769 oportet
3048 2700 3180 2753 alias
3220 2713 3407 2766 preces
3454 2701 3535 2752 vel

1973 2792 2208 2862 psalmos
2239 2793 2499 2861 privatos,
2528 2793 2607 2846 vel
2638 2793 2813 2861 legere
2853 2791 2935 2843 vel
2979 2790 3229 2857 psallere,
3275 2790 3375 2843 sed
3413 2804 3534 2843 eas-

1975 2890 2094 2941 dem
2127 2900 2314 2952 preces
2340 2898 2552 2952 semper
2586 2898 2862 2951 peragere,
2916 2891 2969 2936 et
3002 2882 3052 2934 in
3093 2882 3249 2936 nouis
3283 2891 3338 2934 et
3362 2882 3411 2933 iu
3447 2894 3534 2933 ve-

1975 2979 2167 3047 speris.

2550 3070 2778 3124 CANON
2814 3069 2957 3123 XIX.

321 3159 509 3230 «Περὶ
547 3160 639 3213 τοῦ
670 3162 780 3213 δεῖν
813 3162 916 3234 ἰδίᾳ
949 3165 1163 3229 πρῶτον
1218 3168 1355 3235 μετά
1384 3168 1481 3230 τὰς
1514 3169 1729 3237 ὁμιλίας
1760 3172 1869 3224 τῶν

1980 3183 1999 3217 ι
2035 3165 2185 3232 Quod
2206 3162 2415 3233 oportet
2446 3179 2689 3219 seorsum
2732 3164 2983 3230 primum,
3017 3170 3140 3229 post
3160 3159 3530 3227 episcoporum

392 3267 412 3302 ι
447 3252 761 3305 ἐπισκόπων
792 3254 886 3306 καὶ
922 3253 1031 3307 τῶν
1070 3258 1491 3325 κατηχουμένων
1536 3260 1699 3331 εὐχὴν
1750 3264 1869 3314 ἐπι-

391 3361 411 3393 ο
446 3343 736 3408 τελεῖσθαι,
769 3344 863 3398 καὶ
898 3349 1036 3416 μετά
1065 3346 1150 3399 ’τὸ
1196 3349 1431 3412 ἐξελθεῖν
1459 3391 1471 3415 ,
1515 3354 1641 3416 τοὺς
1695 3371 1870 3424 κατηο

391 3456 412 3488 ι
443 3440 740 3506 χουμένους
770 3438 879 3491 τῶν
914 3441 975 3493 ὲν
1006 3442 1266 3511 μετανοίᾳ
1296 3441 1391 3512 τὴν
1420 3444 1864 3513 εὐχὴνγίνεσθαι,

392 3548 411 3579 ι
446 3530 765 3583 καὶτούτων
797 3531 1205 3602 προσελθόντων
1255 3534 1357 3587 ὑπὸ
1398 3541 1554 3605 χεῖρα
1590 3539 1682 3591 καὶ
1736 3540 1867 3593 ὕπο-

390 3640 410 3672 ‹
446 3624 828 3691 χωρησάντων.
870 3622 1011 3676 οὕτω
1062 3625 1169 3677 τῶν
1232 3627 1440 3680 πιστῶν
1469 3629 1566 3691 τὰς
1598 3631 1761 3699 εὐχὰς
1785 3633 1868 3700 γί-

389 3733 408 3766 ι
451 3716 636 3769 νεσθαι
673 3720 822 3786 τρεῖς
848 3758 862 3780 ,
902 3716 1029 3787 μίαν
1062 3718 1159 3786 μὲν
1192 3720 1290 3788 τὴν
1335 3720 1559 3792 πρώτην
1606 3723 1691 3776 διὰ
1744 3742 1868 3777 σιω-

385 3822 404 3853 ι
445 3804 570 3871 πῆς,
606 3804 704 3874 τὴν
726 3806 781 3857 δὲ
816 3806 1077 3876 δευτέραν
1116 3809 1210 3862 καὶ
1239 3808 1425 3878 τρίτην
1464 3811 1549 3863 διά
1613 3830 1866 3884 προσφω-

382 3914 399 3946 ι
438 3898 645 3963 νήσεως
716 3898 1078 3968 πληροῦσθαιο
1116 3894 1216 3951 εἷθ’
1273 3900 1415 3956 οὕτω
1472 3904 1570 3974 τὴν
1644 3908 1868 3978 εἰρήνην

384 4006 403 4037 ι
438 3987 694 4043 δίδοσθαι.
729 3991 839 4061 Kal.
864 3994 1001 4060 μετὰ
1023 3991 1083 4044 τὸ
1111 3992 1514 4065 πρεσϐυτέρους
1558 3997 1739 4052 δοῦναι
1789 4002 1866 4068 τῷ

382 4093 402 4126 ο
436 4076 721 4149 ὲπισκόπῳ
745 4080 845 4148 τὴν
883 4082 1127 4151 είρήνην,
1173 4083 1292 4134 τότε
1325 4087 1451 4147 τοὺς
1496 4087 1722 4151 λαῖκοὺς
1768 4090 1867 4159 τὴν

387 4187 407 4219 ι
444 4173 667 4241 εἰρήνην
700 4172 921 4236 διδόναι,
955 4177 1047 4229 καὶ
1076 4177 1218 4231 οὓτω
1252 4180 1351 4249 τὴν
1406 4179 1566 4246 ἁγίαν
1623 4196 1867 4249 προσφο-

388 4279 408 4311 ι
445 4264 546 4331 ρὰν
590 4264 974 4321 ἐπιτελεῖσθαι.
1026 4270 1135 4322 Καὶ
1191 4271 1374 4339 μόνοις
1429 4272 1546 4335 ἐξίιν
1578 4269 1716 4325 εἶναι
1756 4274 1873 4336 τοῖξ

386 4354 735 4423 «ἱερατικοῖς
798 4356 1021 4409 εἰσιέναι
1057 4361 1136 4422 εἰς
1193 4361 1252 4413 τὸ
1308 4362 1715 4433 θυσιαστήριον,
1773 4367 1869 4418 καὶ

384 4466 402 4498 ι
436 4450 734 4502 κοινωνεῖν.
770 4467 788 4500 ι

2055 3276 2075 3308 ι
2110 3272 2409 3322 sermones,
2445 3256 2950 3309 catec‘bumenorum
2976 3252 3272 3306 orationem
3309 3247 3530 3317 peragi,

2046 3370 2067 3406 ι
2108 3361 2162 3407 et
2194 3360 2473 3421 postquam
2504 3351 2733 3405 exierint
2764 3345 3160 3406 catechumeni.
3198 3357 3408 3403 eorum,
3439 3339 3529 3408 qui

2046 3464 2065 3498 ι
2100 3444 2467 3513 paenitentiam
2501 3452 2685 3509 agunt,
2725 3442 2838 3494 ﬁeri
2879 3440 3176 3492 orationem
3203 3478 3221 3501 ,
3254 3447 3307 3488 et
3344 3449 3463 3488 cum
3496 3432 3529 3486 ii

2046 3559 2064 3591 ι
2107 3540 2206 3592 sub
2246 3551 2458 3590 manum
2492 3534 2814 3587 accesserint
2842 3544 2896 3586 et
2927 3529 3267 3590 secesserint,
3322 3537 3430 3581 tres
3468 3523 3531 3577 ﬁ-

2047 3648 2065 3680 ι
2098 3630 2293 3682 delium
2324 3641 2514 3695 preces
2543 3626 2622 3678 sic
2654 3624 2768 3677 ﬁeri
2802 3640 2817 3687 ;
2870 3636 3027 3675 unam
3061 3620 3299 3686 quidem,
3322 3616 3530 3669 scilicet

2050 3741 2068 3773 ι
2107 3722 2356 3788 primam.
2390 3718 2635 3781 silentio;
2672 3714 2959 3769 secundam
2994 3722 3171 3764 autem
3216 3719 3268 3763 et
3312 3710 3523 3761 tertiam

2043 3834 2061 3866 ι
2097 3812 2534 3883 pronuntiatione
2572 3808 2814 3877 impleri;
2849 3805 3041 3859 deinde
3060 3805 3139 3857 sic
3174 3817 3354 3870 pacem
3388 3801 3526 3854 dari.

2043 3927 2060 3958 ι
2097 3906 2161 3960 Ει
2187 3916 2535 3976 posteaquam
2565 3899 2861 3970 presbyteri
2890 3898 3141 3965 episcopo
3159 3909 3341 3963 pacem
3370 3893 3529 3946 dede-

2047 4016 2065 4046 ι
2106 3998 2235 4060 rint,
2270 4006 2392 4048 tunc
2420 3994 2587 4047 laicos
2622 3992 2783 4045 etiam
2819 4004 3004 4058 pacem
3040 3987 3191 4048 dare,
3227 3994 3279 4038 et
3303 3983 3379 4037 sic
3407 3998 3530 4035 san-

2043 4104 2062 4137 ι
2098 4099 2237 4141 ctam
2262 4087 2586 4138 oblationem
2619 4081 2820 4149 perﬁci.
2854 4079 2920 4133 Et
2956 4080 3085 4133 solis
3109 4078 3271 4130 licere
3302 4075 3527 4129 sacratis

2045 4196 2064 4229 ι
2107 4180 2170 4231 ad
2194 4178 2363 4230 altare
2392 4175 2653 4229 accedere
2686 4182 2739 4225 et
2765 4171 3185 4226 communicare.
3217 4185 3238 4219 ι

390 4540 586 4593 ΒΑΛΣ.
620 4541 1039 4613 ’Κατηκούμενοι
1093 4544 1192 4614 μὲν
1245 4545 1491 4613 λέγονται
1527 4564 1573 4600 οι
1617 4550 1751 4619 πρὸς
1807 4551 1866 4603 τὸ

2043 4543 2232 4598 BALS.
2267 4543 2953 4607 Catechmneni‘dieuntur,
2980 4541 3072 4611 qui
3098 4542 3164 4595 ad
3203 4541 3525 4608 baptismum

311 4631 591 4702 βάπτισμα
639 4634 1070 4702 ἐτοιμαζὸμενοι.
1119 4636 1207 4688 Ἐν
1269 4639 1527 4709 μετανοίᾳ
1560 4640 1614 4692 δέ
1647 4643 1783 4694 εἰσιν
1815 4643 1863 4694 οἰ

309 4722 397 4776 διά
450 4739 572 4774 τινα
620 4724 994 4792 ἁμαρτήματα
1048 4726 1467 4795 ὲπιτιμηθέντες
1542 4732 1745 4794 πιστοὶ,
1816 4732 1862 4785 οξ

309 4812 618 4882 ἀξιούμενοι
658 4814 875 4881 καὶτῆς
909 4815 1070 4882 ἁγίας
1129 4816 1510 4885 μεταλήψεως.
1567 4822 1867 4889 Καταλαμ-

309 4902 528 4957 ϐάνεται
561 4904 650 4958 οὖν
677 4905 752 4967 ὡς
793 4905 944 4975 ἀλληῖ
969 4923 1052 4968 τις
1107 4907 1397 4960 ἀκολουθία
1454 4910 1671 4978 ἐκράτει
1727 4912 1864 4964 κατά

309 4997 397 5049 τὸν
434 4999 556 5049 τότε
588 4998 778 5067 καιρὸν
820 4999 877 5049 ὲν
920 5001 985 5069 τῇ
1027 4998 1147 5069 θεία
1200 5000 1593 5071 ίεροτελεστίᾳ·
1631 5005 1723 5056 καὶ
1776 5005 1863 5057 διὰ

310 5087 461 5140 τοῦτο
490 5089 537 5141 οἰ
557 5090 795 5157 Πατέρες
831 5091 1036 5161 ὥρισαν
1068 5092 1135 5145 τά
1165 5091 1420 5145 ἐνταυθοί
1447 5095 1861 5150 κανονισθὲντα.

319 5177 471 5228 Ἐπεὶ
500 5178 554 5229 δὲ
593 5181 835 5249 σήμερον
866 5184 944 5243 εἰς
975 5182 1142 5252 ἄλλην
1179 5182 1501 5235 ἀκολουθίαν
1567 5184 1864 5251 μετέπεσον

309 5269 496 5335 ταῦτα,
527 5271 588 5322 ού
616 5273 721 5339 χρὴ
746 5274 869 5341 περὶ
901 5274 1123 5326 ἐκείνων
1179 5274 1525 5343 ἑρμηνεύειν.
1557 5276 1757 5343 Εἰρήνη
1807 5277 1863 5328 δὲ

309 5359 474 5427 μέσον
502 5358 609 5411 τῶν
636 5360 948 5414 ἐπισκόπων
978 5363 1221 5431 γίνεσθαι
1265 5364 1353 5417 διὰ
1377 5364 1491 5416 ιτοῦ
1542 5366 1860 5434 ἀσπασμοῦ.

316 5450 557 5520 Ἀγάπης
589 5452 693 5521 γὰρ
724 5450 995 5519 σύμϐολόν
1028 5455 1175 5507 ἐστιν
1230 5457 1258 5507 ό
1300 5455 1613 5524 ἀσπασμός.
1674 5457 1751 5525 Τῇ
1808 5458 1862 5510 δὲ

304 5538 491 5606 ἀγάπῃ
525 5537 585 5589 τὺ
626 5538 931 5605 εἰρηνεύειν
978 5542 1260 5611 ἑπόμενον.
1329 5545 1641 5613 Σημείωσαι
1693 5546 1750 5598 δὲ
1782 5548 1863 5599 ὅτι

304 5627 401 5679 καὶ
442 5628 551 5681 ἀπὸ
582 5628 675 5680 τοῦ
709 5631 977 5699 παρόντος
1030 5637 1255 5698 κανόνος
1315 5637 1523 5703 μόνοις“
1555 5640 1665 5700 τοῖς
1706 5638 1862 5707 ἱερω-

309 5720 489 5786 μένοις
534 5721 741 5787 ἐφεῖται
802 5724 949 5786 ἐντὸς
991 5724 1085 5775 τοῦ
1127 5726 1510 5797 θυσιαστηρίου
1555 5732 1852 5781 κοινωνεῖν.

307 5809 441 5877 Περὶ
466 5811 520 5863 δὲ
542 5812 636 5864 τοῦ
676 5816 749 5881 μὴ
774 5814 995 5868 εἰσιέναι
1031 5817 1253 5880 λαῖκοὺς
1314 5822 1394 5883 εἰς
1450 5820 1509 5872 τὸ
1559 5820 1858 5889 θυσιαστή-

1972 4650 2362 4705 praeparantur.
2393 4634 2448 4688 In
2482 4636 2796 4704 paenitentia
2836 4644 2962 4688 sunt
3015 4648 3106 4687 seu
3160 4632 3528 4700 paenitentiam

1973 4739 2136 4799 agunt
2172 4728 2375 4792 ﬁdeles,
2411 4731 2603 4797 quibus
2633 4729 2701 4781 ob
2736 4737 2953 4796 peccata
3005 4726 3180 4794 aliqua
3231 4739 3388 4792 pmna
3447 4725 3530 4779 in-

1966 4822 2143 4888 juncta
2198 4834 2303 4881 est,
2355 4823 2445 4890 qui
2499 4824 2660 4874 etiam
2720 4832 2903 4873 sancta
2952 4819 3329 4872 communione
3382 4815 3525 4887 digni

1970 4911 2255 4964 habentur.
2284 4911 2562 4979 Colligitur
2593 4926 2741 4980 ergo,
2774 4911 2915 4977 quod
2969 4910 3075 4963 alia
3125 4908 3367 4976 quaedam
3415 4918 3525 4961 erat

1970 5005 2347 5073 consequentia
2378 5004 2428 5056 in
2461 5017 2614 5056 sacro
2650 5003 2832 5055 divino
2870 5001 3125 5070 mysterio
3171 5015 3237 5053 eo
3265 5011 3523 5068 tempore,

1969 5103 2024 5150 et
2060 5106 2335 5165 propterea
2364 5105 2664 5171 statuerunt
2684 5110 2895 5163 quoque
2926 5094 3110 5148 Patres
3144 5109 3261 5162 quae
3284 5094 3368 5148 hic
3396 5108 3526 5147 con-

1912 5184 1917 5191 ’
1970 5191 2150 5243 stituta
2187 5199 2329 5244 sunt.
2361 5190 2625 5254 Quoniam
2674 5196 2852 5241 autem
2902 5187 3015 5241 haec
3036 5186 3101 5241 ad
3134 5189 3291 5240 aliam
3337 5200 3526 5239 conse-

1969 5276 2244 5344 quentiam
2270 5291 2410 5329 nunc
2431 5276 2635 5329 dierum
2665 5277 3014 5339 devenerunt,
3033 5291 3095 5329 ea
3128 5273 3523 5341 interpretanda

1973 5383 2072 5421 non
2113 5378 2256 5424 sunt.
2288 5366 2396 5420 Pax
2424 5378 2599 5421 autem
2634 5370 2691 5420 tit
2718 5368 2858 5420 inter
2894 5369 3175 5437 episcopos
3202 5382 3297 5435 per
3320 5366 3523 5419 saluta-

1969 5460 2165 5513 tionem
2194 5473 2285 5511 seu
2316 5459 2641 5535 amplexum.
2692 5457 3002 5514 Dilectionis
3041 5459 3185 5513 enim
3213 5456 3422 5525 signum
3447 5466 3529 5509 est

1970 5551 2219 5603 salutatio
2242 5561 2295 5603 et
2329 5551 2652 5618 complexus.
2684 5550 2965 5605 Dilectioni
3017 5560 3192 5604 autem
3248 5548 3523 5616 paciﬁcum

1970 5656 2089 5695 esse
2117 5652 2195 5696 est
2219 5657 2573 5710 consequens.
2606 5642 2737 5695 Nota
2796 5655 2997 5707 autem,
3026 5640 3165 5709 quod
3189 5656 3255 5695 ex
3278 5640 3525 5707 prmsenti
3604 5629 3614 5641 ’

1967 5747 2173 5787 canone
2201 5733 2328 5787 solis
2353 5735 2579 5787 sacratis
2611 5736 2939 5803 permittitur
2964 5732 3029 5783 ad
3072 5731 3241 5784 altare
3281 5744 3524 5784 commu-

1974 5824 2170 5877 nicare.
2204 5822 2356 5889 Quod
2380 5834 2556 5880 autem
2588 5839 2690 5879 non
2720 5824 2948 5877 debeant
2978 5820 3093 5875 laici
3128 5821 3191 5874 ad
3234 5819 3401 5875 altare
3443 5820 3525 5874 in-
