3982 6494
259 402 391 469 i309

267 648 293 681 ι
321 632 442 686 Ὅτι
474 635 534 687 οὖ
564 636 644 689 δεῖ
672 626 953 707 ὑπηρέτας
982 639 1127 709 ἔχειν
1174 638 1358 711 χώραν
1391 642 1449 692 ὲν
1511 640 1586 708 τῷ
1634 640 1819 693 διακο-

410 743 428 774 ι
458 725 611 794 νικῷ,
655 728 748 780 καὶ
772 728 1038 783 ἅπτεσθαι
1058 732 1167 784 τῶν
1196 731 1356 801 ἱερῶν
1388 732 1617 784 σκευῶν.
1653 750 1670 782 ι

336 840 529 892 ΒΛΛΣ.
571 839 879 911 ’Υπηρέται
907 844 1157 910 λέγονται
1193 847 1239 897 οἱ
1270 819 1638 897 ὑποδιάκονοι.
1683 844 1817 898 Τού-

264 948 388 992 τους
419 931 510 984 οὖν
542 932 737 984 κωλύει
774 935 800 986 ὁ
856 936 1035 988 κανὼν
1085 937 1150 989 τά
1187 937 1295 988 τῶν
1342 936 1602 989 διακόνων
1655 954 1818 1004 μετα-

266 1021 622 1090 γειρίζεσθαι,
657 1026 825 1095 ἧγουν
875 1026 1143 1080 ἅπτεσθαι
1198 1028 1306 1079 τῶν
1360 1030 1523 1099 ιερῶν
1587 1029 1817 1093 σκευῶν,

265 1113 510 1165 τουτέστι
542 1114 652 1167 τοῦ
706 1117 957 1182 σώματος
987 1120 1078 1171 καὶ
1133 1121 1363 1187 αἵματος
1418 1120 1512 1173 τοῦ
1559 1121 1816 1190 Χριστοῦ.

266 1205 417 1271 Μηδὲ
442 1205 548 1273 γὰρ
572 1208 729 1278 εἴπῃς
761 1207 834 1276 μὴ
861 1210 1099 1275 ὀφείλειν
1141 1210 1362 1273 τούτους
1395 1211 1661 1265 ἅπτεσθαι
1714 1213 1820 1265 τῶν

268 1296 431 1363 ἱερῶν
463 1299 695 1365 σκευῶν,
744 1301 862 1370 ἦτοι
915 1302 1009 1355 τοῦ
1064 1303 1220 1371 ἁγίου
1268 1305 1527 1376 ποτηρίου
1574 1312 1667 1359 καὶ
1723 1306 1818 1360 τοῦ

267 1393 426 1460 ἁγίου
468 1393 676 1454 δίσκου,
752 1395 924 1448 κενῶν
996 1396 1186 1450 ὄντων.
1246 1399 1440 1462 Αὑτοῖς
1477 1400 1585 1467 γάρ
1621 1400 1820 1468 μᾶλλον

266 1487 445 1539 οἰκεία
503 1488 650 1541 ἐστὶν
698 1491 728 1557 η
768 1489 974 1542 τούτων
1051 1489 1321 1561 ὑπηρεσία
1363 1490 1396 1560 ἢ
1450 1490 1545 1543 καὶ
1591 1489 1823 1559 μετάθε-

268 1596 375 1641 σις.

342 1692 582 1749 ΖΩΝᾹΡ.
621 1694 935 1763 ’Υπηρέτας

1342 494 1347 497 _
1424 409 1519 472 IN‘
1542 411 1706 471 CAN.
1748 412 1916 472 xxn
1945 412 2149 474 CONC.
2182 413 2395 472 LAOD.

826 517 1062 575 ΚᾹΝΩΝ
1090 522 1219 577 KA'.
1841 527 1889 583 A

1011 1697 1139 1761 τοὺς
1219 1699 1603 1762 ὑποδιακόνους
1652 1698 1821 1766 λέγει,
1862 1726 1875 1755 ι

3330 406 3477 471 1370

2488 518 2714 577 CANON
2754 518 2895 575 XXI.

1924 655 1941 685 σ
1975 636 2124 703 Quod
2154 651 2253 689 non
2285 645 2490 704 oportet
2520 636 2793 690 ministros
2827 636 2999 689 locum
3041 635 3237 689 habere
3270 634 3320 689 in
3343 634 3468 690 dia,

2174 747 2192 779 ι
2234 728 2442 793 conico,
2476 737 2527 781 et
2558 743 2709 782 sacra
2751 743 2875 782 vasa
2916 740 3206 797 tangere.-r

1985 837 2175 892 BALS.
2208 839 2429 892 Ministri
2463 840 2713 893 dicuntur
2740 841 3085 895 subdiaconi.
3116 841 3297 894 (ianon
3335 855 3471 908 ergo

1919 946 2009 985 eos
2040 931 2285 999 prohibet
2337 946 2396 984 ea
2427 974 2441 996 ,
2472 947 2589 1000 qnce
2636 933 2700 985 ad
2732 932 2989 987 diaconos
3029 934 3338 1001 pertinent,
3376 948 3473 999 ago-

1918 1022 2086 1090 gredi,
2122 1037 2214 1076 seu
2241 1037 2394 1077 sacra
2426 1039 2551 1075 vasa
2589 1034 2825 1089 tangere,
2859 1024 3077 1078 scilicet
3114 1025 3357 1093 corporis
3417 1034 3472 1076 ct

1921 1117 2195 1186 sanguinis
2221 1115 2659 1184 Christi.‘Neqtte
2684 1117 2825 1170 enim
2870 1117 3092 1183 dixeris,
3128 1132 3234 1170 non
3281 1116 3472 1169 debere

1918 1222 2012 1263 eos
2058 1224 2206 1263 sacra
2265 1223 2394 1262 vasa
2460 1218 2698 1278 tangere,
2763 1223 2857 1261 seu
2918 1222 3132 1262 sacrum
3166 1206 3388 1261 calicem
3420 1214 3485 1258 et

1921 1315 2126 1355 sacram
2162 1300 2418 1368 patinam,
2470 1314 2601 1355 cum
2658 1306 2792 1354 sunt.
2828 1300 3037 1353 inanes.
3087 1298 3284 1352 Eorum
3333 1295 3491 1349 enim.

1922 1391 2277 1446 ministerium
2310 1392 2425 1447 sive
2454 1390 2744 1445 translatio
2776 1391 2857 1445 eis
2884 1390 3056 1452 magis
3089 1388 3367 1444 convenit.

1992 1700 2244 1757 ZONAR.
2280 1698 2553 1754 Ministros
2606 1698 2692 1753 bic
2736 1697 3136 1767 itypodi‘aconos
3202 1699 3497 1763 nominat,.

267 1782 361 1847 οὒς
399 1785 458 1836 οὑ
503 1785 631 1854 χρὴ,
671 1787 834 1853 φησιν
882 1787 910 1839 ὁ
950 1787 1153 1854 κανὼν,
1216 1791 1400 1861 χώραν
1442 1791 1588 1859 ἔχειν
1639 1790 1698 1842 ὲν
1748 1790 1825 1859 τῷ

1961 1810 2057 1849 nos
2111 1794 2324 1863 quidem
2386 1807 2560 1847 canon
2626 1791 2678 1845 in
2745 1790 3024 1845 diaconico
3048 1791 3223 1843 locum
3288 1788 3483 1844 habere

268 1876 583 1945 διακονικῷ,
610 1879 730 1931 ἀντὶ
754 1879 875 1941 τοῦ,
918 1881 1014 1933 οὑκ
1038 1880 1319 1951 ὲκκεχώρη
1330 1899 1418 1934 ται
1464 1881 1645 1943 αὑτοῖς
1668 1882 1821 1948 ἐνερ-

1955 1894 2082 1955 legat
2129 1842 2406 1952 oportere.
2477 1883 2628 1950 Quod
2684 1883 2757 1937 ita
2812 1881 3216 1951 intelligendum
3261 1891 3363 1944 est,
3428 1888 3486 1932 ut

274 1972 387 2035 γεῖν
418 1969 486 2021 τά
526 1970 633 2022 τῶν
687 1971 970 2036 διακόνων,
1020 1975 1114 2027 καὶ
1160 1974 1428 2027 ἅπτεσθαι
1476 1974 1583 2027 τῶν
1643 1973 1821 2041 ἱερῶν,

272 2062 302 2130 ἦ
328 2060 420 2113 τοὺ
459 2060 624 2130 ἄρτου
655 2063 749 2115 καὶ
778 2043 1078 2131 τοιῗοίνου,
1119 2066 1226 2118 τῶν
1256 2065 1335 2127 είς
1367 2065 1555 2117 θυσίαν
1587 2042 1828 2132 προσφεέ

273 2150 540 2221 ρομένων,
589 2152 626 2221 ἤ
654 2152 762 2206 τῶν
804 2146 1109 2223 δεχομένων
1153 2154 1294 2207 αὑτὰ
1349 2154 1584 2217 σκευῶν,
1628 2152 1722 2205 τοῦ
1755 2154 1831 2205 ίε-

271 2245 371 2314 ροῦ
403 2246 588 2299 δίσκου
620 2248 714 2299 καὶ
743 2248 836 2301 τοῦ
889 2250 1147 2319 ποτηρίου
1169 2264 1184 2280 ⁸
1237 2250 1297 2303 αὑ
1339 2249 1447 2318 γὰρ
1503 2251 1711 2315 ἐφεῖται
1740 2247 1833 2300 αὐ-

273 2342 386 2402 τοῖς
423 2341 837 2411 προσκομίζειν.

415 2547 638 2599 ΑΡΙΣΤ.
680 2564 697 2597 ι
737 2547 953 2599 Σκευῶν
999 2544 1279 2615 ὑπηρέτης
1315 2544 1387 2614 μὴ
1415 2543 1693 2597 ἅπτοιτο.»

347 2640 419 2691 Οὖ
479 2639 867 2708 χειραπτοῦσιν
906 2639 953 2691 oi
1030 2638 1296 2705 ὑπηρέται
1350 2638 1450 2706 τῆς
1508 2634 1838 2703 Ἐκκλησάς

278 2731 389 2783 τῶν
418 2732 628 2785 σκευῶν
677 2732 785 2795 τῶν
835 2731 1202 2784 δεσποτικῶν·
1252 2729 1387 2781 ἀλλᾶ
1420 2726 1570 2797 παρὰ
1626 2726 1835 2795 ἱερέων,

278 2824 317 2893 ἢ
351 2824 636 2890 διακόνων,
682 2827 748 2894 τῇ
795 2824 919 2894 ἱερᾷ.
947 2822 1195 2893 τραπέζῃ
1238 2821 1408 2874 ταῦτα
1448 2819 1838 2890 προσάγονται.

845 2956 1084 3011 ΚΑΝΩΝ
1134 2957 1261 3010 KB'.

290 3119 311 3150 σ
355 3095 673 3152 Ὄτιοὺδεί
716 3096 995 3166 ὑπηρέτην
1043 3097 1278 3167 ὠράριον
1328 3099 1535 3167 φορεῖν,
1581 3097 1699 3150 οὐδὲ
1747 3097 1845 3159 τὰς

648 3209 667 3241 ι
710 3190 878 3259 θύρας
903 3191 1425 3258 ἑγκαταλιμπάνειν.
1468 3209 1486 3242 ι
1867 3196 1910 3255 C.

358 3330 550 3385 ΒΑΛΣ.
580 3329 654 3382 Τὸ
694 3329 931 3397 ὠράριον
962 3330 1148 3397 (ξυρεῖν
1175 3328 1349 3397 μόνοιν
1377 3329 1492 3382 ἐστὶ
1527 3329 1637 3382 τῶν
1662 3329 1846 3384 διακό-

285 3439 412 3475 νων.
436 3414 593 3475 Οὗτοι
622 3418 729 3491 γὰρ
757 3418 869 3480 τοῖς
899 3419 1240 3488 ίερουργοῦσι
1278 3419 1698 3489 παριστάμενοι.
1755 3420 1851 3474 καὶ

288 3511 675 3580 ἐπιτηροῦντες
706 3510 807 3574 τὰς’
833 3510 941 3563 τῶν
965 3511 1136 3577 ἁγίων
1172 3510 1345 3581 εὑχῶν
1374 3510 1598 3572 τελετὰς
1626 3512 1721 3565 καὶ
1751 3512 1852 3575 τὰς

288 3603 397 3655 τῶν
441 3603 826 3671 πρεσϐυτέρων
851 3603 1212 3672 ἐκφωνήσεις,
1252 3602 1486 3656 διδόασιν
1532 3604 1738 3673 εἴδησιν
1763 3604 1852 3658 διά

297 3693 392 3746 τοῦ
432 3693 673 3762 ὠραρίου
700 3694 813 3755 τοῖς
838 3695 894 3745 ἐν
926 3691 1002 3760 τῷ
1037 3692 1248 3761 ἄμϐωνι
1276 3692 1552 3755 διακόνοις
1587 3694 1853 3762 τῆςόφει-

293 3784 493 3853 λούσης
514 3785 760 3853 γίνεσθαι
784 3784 1166 3854 ὲκφωνήσεως,
1200 3783 1368 3853 ἤγουν
1394 3780 1492 3836 τοῦ
1532 3784 1725 3853 καιροῦ
1755 3784 1851 3853 τῆς

296 3878 519 3946 ὲκτενῆς
543 3877 651 3928 τῶν
689 3876 960 3940 αἰτήσεων
990 3876 1098 3928 τῶν
1131 3876 1575 3945 κατηχουμένων,
1601 3878 1698 3929 καὶ
1748 3877 1854 3930 τῶν

296 3968 516 4022 λοιπῶν.
543 3968 652 4021 Καὶ
680 3968 881 4037 ἐκλήθη
915 3967 1150 4036 ὠράριον
1186 3967 1292 4021 ἀπὸ
1313 3965 1403 4020 τοῦ
1441 3967 1574 4036 ὁρῶ,
1631 3968 1692 4020 τὸ
1758 3984 1858 4034 φυ-

299 4059 483 4113 λάσσω
518 4061 612 4111 καὶ
643 4058 911 4129 ὲπιτηρῶ.
935 4059 1146 4128 Ὠσπερ
1174 4057 1229 4110 δὲ
1260 4060 1370 4121 τοῖς
1409 4058 1677 4119 διακόνοις
1702 4056 1859 4110 τοῦτο

299 4153 641 4221 ἀπενεμήθη.
665 4152 907 4205 δέδοκται
935 4150 1028 4205 καὶ
1054 4150 1180 4215 τοὺς
1206 4144 1593 4209 ὑποδιακόνους
1632 4148 1736 4202 τὰς
1766 4147 1861 4200 8:3-

304 4262 405 4315 ρας
433 4246 540 4298 τῶν
568 4245 874 4314 ἐκκλησιῶν
899 4244 1168 4313 κατέχειν,
1222 4242 1321 4296 καὶ
1363 4242 1606 4309 εἰσάγειν
1647 4239 1739 4292 καὶ
1778 4240 1862 4304 ὲξ-
1902 4302 1916 4316 .

303 4336 457 4403 άγειν
486 4339 608 4399 τοὺς
632 4336 1066 4405 κατηχουμένους
1096 4333 1189 4389 καὶ
1212 4333 1338 4389 τοὺς
1360 4333 1417 4383 ἐν
1444 4330 1703 4401 μετανοίᾳ
1728 4347 1744 4362 ο
1774 4330 1862 4382 διὰ

228 4492 235 4497 θ
303 4433 412 4496 γὰρ
445 4425 601 4478 τοῦτο
635 4426 728 4501 καὶ
763 4426 1005 4493 σήμερον
1033 4423 1180 4492 παρὰ
1209 4422 1317 4479 τῶν
1355 4420 1721 4475 ὑποδιακόνων
1774 4418 1865 4470 λέ-

1927 1980 2278 2033 diaconorum
2315 1991 2533 2031 munera
2565 1976 2716 2029 obire
2743 2019 2756 2041 ,
2786 1990 2850 2029 ac
2898 1991 2982 2030 res
3030 1989 3212 2028 sacras
3234 2014 3251 2039 ,
3292 1988 3483 2043 panem

1927 2072 2136 2127 scilicet
2164 2085 2226 2125 ac
2255 2072 2459 2133 vinum,
2489 2085 2606 2138 quae
2641 2069 2691 2123 in
2721 2068 2988 2123 sacrificio
3020 2067 3320 2130 oll‘eruntur
3343 2107 3357 2127 ,
3395 2072 3489 2118 aut

1929 2179 2054 2217 vasa
2083 2163 2275 2231 quibus
2299 2163 2411 2216 [nec
2439 2160 2824 2230 excipiuntur,
2868 2158 3119 2228 patellam
3172 2171 3360 2222 nempe
3402 2171 3497 2210 sa-
3552 2228 3555 2231 Α
3632 2190 3635 2191 ν

1931 2271 2074 2309 cram
2102 2266 2154 2310 et
2186 2255 2411 2309 calicem
2436 2253 2774 2321 contingere,
2826 2266 2947 2305 cum
2984 2266 3080 2304 nec
3124 2264 3347 2317 usquam
3375 2249 3490 2302 haec

1932 2344 2125 2401 deferri
2157 2360 2252 2416 per
2279 2358 2375 2399 eos
2398 2344 2563 2399 liceat
2588 2383 2605 2409 ,
2643 2357 2980 2412 nequaquam
3012 2342 3141 2411 ipsis
3172 2354 3487 2396 concessum

1935 2452 2055 2491 esse
2084 2439 2436 2491 demonstret.

1935 2550 2161 2606 ARIST.
2195 2570 2214 2603 ι
2248 2550 2385 2605 Vasa
2418 2550 2664 2603 minister
2698 2564 2763 2604 ne
2800 2557 3004 2616 tangat.
3050 2566 3069 2601 ι

2009 2640 2257 2695 Ecclesia!
2306 2639 2534 2693 ministri
2589 2652 2716 2691 vasa
2779 2636 3053 2692 Dontinica
3107 2635 3350 2689 manilius
3390 2649 3507 2688 non-

1939 2737 2184 2796 tangunt,
2214 2726 2303 2780 sed
2331 2742 2359 2778 a
2386 2726 2760 2780 sacerdotibus
2785 2734 2877 2778 aut
2905 2725 3152 2779 diaconis
3168 2728 3231 2778 ad
3261 2739 3509 2779 mensam

1942 2839 2004 2878 ea
2035 2823 2389 2876 adducuntur.

2392 2960 2551 3031 463
2590 2958 2827 3016 canon
2868 2959 3014 3015 xxn

1953 3112 1975 3147 ι
2007 3092 2156 3161 Quod
2180 3106 2283 3147 non
2307 3101 2516 3160 oportet
2540 3092 2846 3145 ministrum
2876 3090 3019 3145 ferre
3044 3090 3303 3156 orarium,
3331 3105 3513 3161 neque

2166 3204 2169 3205 ν
2410 3203 2427 3236 ι
2468 3184 2601 3238 05tia
2636 3182 2955 3252 relinquere.
2994 3200 3013 3234 ι

2016 3319 2207 3376 BALS.
2244 3318 2489 3373 Orarium
2539 3318 2679 3373 ferre
2728 3326 2811 3372 est
2865 3318 3101 3372 solorum
3133 3318 3515 3374 diaconorum.

1926 3415 2014 3470 «lli
2040 3416 2183 3471 enim
2236 3415 2335 3476 eis,
2361 3411 2452 3480 qui
2495 3412 2789 3473 celebrant,
2845 3410 3182 3475 assistentes,
3214 3420 3267 3465 et
3300 3420 3519 3465 sancta-

1949 3520 2066 3559 rum
2102 3504 2404 3559 orationum
2442 3501 2727 3572 mysteria,
2767 3509 2820 3554 et
2850 3501 3289 3570 presbyterorum
3329 3501 3507 3569 prola-

1952 3597 2125 3650 tiones
2159 3596 2525 3654 observantes,
2561 3592 2641 3646 eis
2670 3594 2758 3659 qui
2797 3604 2921 3645 sunt
2963 3592 3014 3644 in
3046 3601 3297 3662 suggestu
3330 3592 3511 3646 diaco—

1952 3689 2039 3743 nis
2069 3702 2162 3755 per
2190 3686 2427 3739 orarium
2463 3683 2768 3751 signiﬁcant
2797 3683 3010 3751 quando
3035 3684 3219 3737 debeat
3246 3683 3357 3737 ﬁeri
3388 3699 3516 3753 pro-

1954 3779 2218 3834 nnntiatio
2247 3792 2339 3831 seu
2376 3775 2602 3846 prolatio
2633 3776 2951 3842 petitionum
2978 3775 3511 3839 catechumenorum,

1942 3858 2008 3929 ‘ct
2039 3874 2388 3941 reliquorum.
2421 3871 2488 3924 Et
2538 3868 2859 3940 appellatum
2892 3880 2974 3925 est
3001 3870 3238 3925 orarium
3282 3872 3392 3923 ἀπὸ
3421 3870 3522 3923 τοῦ

1956 3967 2091 4039 δρῶ,
2124 3966 2265 4034 quod
2297 3975 2381 4018 est
2419 3950 2671 4017 observo.
2706 3962 3165 4028 Quemadmodum
3212 3974 3387 4017 autem
3420 3963 3521 4019 hoc

1959 4059 2197 4113 diaconis
2242 4066 2326 4111 est
2363 4055 2705 4120 attributum,
2762 4053 2934 4108 visum
2985 4062 3068 4108 est
3125 4055 3521 4124 bypndiacunos

1960 4163 2173 4219 quoque
2205 4148 2554 4213 ecclesiarum
2602 4149 2745 4206 fores
2776 4158 2980 4210 tenere,
3014 4157 3069 4201 et
3099 4149 3516 4201 catecliumenm

1961 4239 2305 4295 introducere
2336 4250 2389 4293 et
2418 4240 2669 4306 educere,
2710 4256 2773 4295 ac
2800 4254 2894 4295 eos
2936 4239 3025 4308 qui
3059 4249 3187 4292 sunt
3243 4240 3295 4291 in
3347 4240 3522 4305 poeni-

1963 4334 2150 4389 tentia.
2185 4331 2477 4403 Propterea
2506 4334 2648 4387 enim
2681 4333 2846 4387 hodie
2875 4346 3090 4401 quoque
3127 4332 3289 4385 etiam
3329 4332 3396 4384 ab
3426 4330 3525 4401 by-

1965 4426 2275 4496 podiaconis
2310 4425 2505 4481 dicitur
2532 4426 2693 4491 illud,
2716 4426 2990 4493 Quotquot
3020 4424 3224 4487 ﬁdeles,
3255 4423 3343 4490 qui
3378 4422 3527 4475 scili-

304 4536 463 4586 γεται
489 4518 568 4582 τὸ,
593 4517 749 4569 Ὅσοι
775 4515 975 4576 πιστοὶ,
998 4513 1238 4581 δηλονότι
1273 4512 1323 4564 οἱ
1350 4513 1424 4580 μὴ
1479 4513 1682 4572 πιστοὶ,
1726 4509 1851 4563 ἀλλὰ

1967 4530 2049 4589 cet
2074 4533 2177 4571 non
2208 4517 2343 4572 eStis
2368 4516 2572 4581 ﬁdeles,
2596 4516 2689 4571 sed
2717 4513 3111 4575 catechumeni.
3155 4512 3474 4582 egredimini
3497 4527 3514 4562 :

303 4608 702 4679 κατηχούμενοι
726 4607 899 4667 ὄντες,
932 4604 1174 4669 ὲξέλθετε
1205 4604 1288 4669 {oi
1313 4604 1367 4656 δὲ
1390 4604 1591 4667 πιστοὶ,
1623 4603 1863 4666 ίστασθε,

304 4703 562 4771 ὀψόμενοι
602 4701 701 4765 τὴν
729 4700 834 4751 τῶν
866 4699 1036 4765 ἁγίων
1075 4697 1390 4767 μυστηρίων
1419 4697 1634 4749 θυσίαν.
1667 4696 1776 4750 Καὶ
1804 4696 1864 4748 οὑ

311 4795 469 4863 μόνον
498 4790 674 4843 ταῦτα
712 4791 779 4843 τὰ
807 4788 1078 4858 προνόμια
1116 4788 1327 4851 τούτοις
1388 4788 1682 4856 ἐδόθησαν·
1735 4787 1868 4843 ἀλλὰ

309 4886 542 4946 καὶτοῖς
586 4884 796 4945 λοιποῖς
842 4882 1107 4950 τάγμασι.
1170 4882 1301 4943 Τοῖς,
1345 4881 1453 4949 γὰρ
1496 4880 1871 4947 ἁναγνώσταις

308 4976 555 5031 διακονία
590 4975 748 5046 ἐδόθη
782 4976 904 5045 οὑχὶ
932 4974 992 5027 τὸ
1018 4973 1260 5043 ψάλλειν,
1298 4974 1433 5025 ἀλλὰ
1490 4976 1549 5025 τὸ
1603 4971 1870 5039 ἅναγινὼ·

318 5084 470 5120 σκειν
495 5067 595 5128 τὰς
619 5066 765 5127 θείας
791 5064 1010 5135 Γραφάς
1032 5064 1123 5115 ἐπὶ
1144 5067 1295 5133 κοινῇ
1319 5046 1619 5131 ἀκροάσει,
1639 5062 1735 5114 καὶ
1761 5064 1871 5124 τοῖς

311 5156 544 5224 ψάλταις
564 5155 880 5220 τὺψάλλειν.
947 5153 1165 5222 Ἐπειδὴ
1217 5152 1308 5204 οὑν
1354 5151 1673 5221 ἐπεχείρουν
1730 5151 1874 5210 τινες

314 5246 654 5300 ὑποδιάκονοι
679 5246 893 5315 ὼρᾶρια
918 5248 1101 5315 φορεῖν
1128 5243 1274 5314 παρὰ
1299 5242 1395 5314 τὴν
1417 5241 1873 5311 ἐκκλησιαστικὴν

318 5338 638 5407 παράδοσιν,
674 5337 958 5391 ἐκώλυσαν
980 5337 1139 5407 τοῦτο
1173 5338 1221 5388 οἱ
1264 5336 1526 5405 Πατέρες,
1551 5328 1646 5385 καί
1691 5334 1874 5401 διωρί-

316 5447 478 5484 σαντο
505 5431 577 5499 μὴ
602 5429 1099 5497 ὲγκαταλιμπάνειν
1134 5428 1334 5488 αὐτοὺς
1363 5426 1462 5497 τὴν
1494 5424 1740 5493 φυλακὴν
1765 5424 1874 5477 τῶν

318 5520 768 5590 ἁπονεμηθεισῶν
808 5521 988 5581 αὐτοῖς
1022 5520 1199 5590 θυρῶν
1242 5519 1350 5573 τῶν
1410 5517 1735 5588 ἐκκλησιῶν,
1788 5516 1875 5571 ἵνα

324 5616 413 5684 μὴ
438 5613 632 5677 ἀταξία
661 5612 884 5679 γένηται
917 5610 1025 5665 τῶν
1048 5611 1207 5681 ἱερῶν
1233 5610 1546 5679 ταγμάτων.

396 5751 638 5803 ΖΩΝΑΡ.
686 5749 931 5819 Ἔκάστῳ
992 5747 1121 5817 ίερῷ
1186 5748 1425 5818 τάγματι
1478 5746 1879 5816 απονενέμηται

323 5844 418 5897 καὶ
472 5840 628 5909 στολὴ
680 5841 852 5895 οἰκεία
907 5838 1074 5909 αὑτῷ,
1134 5840 1224 5892 καὶ
1281 5840 1572 5909 ὑπηρεσία.
1600 5840 1725 5901 Τοῖς
1750 5836 1878 5906 γοῦν

1971 4609 2151 4663 ﬁdeles
2177 4620 2354 4663 autem
2402 4616 2562 4671 state,
2589 4607 2759 4663 visuri
2790 4617 3099 4660 sanctorum
3147 4604 3523 4674 mysteriorum
3570 4637 3575 4644 α

1970 4700 2315 4756 sacrilicium.
2350 4701 2419 4754 Et
2463 4715 2567 4753 non
2605 4699 2776 4753 solum
2810 4698 2889 4752 eis
2937 4699 3051 4752 hac
3085 4694 3359 4765 privilegia
3402 4694 3526 4748 data

1970 4803 2112 4859 sunt,
2145 4794 2236 4848 sed
2272 4791 2493 4860 reliquis
2521 4794 2682 4846 etlam
2707 4790 3011 4846 ordinibus.
3039 4786 3356 4842 Lectoribus
3383 4786 3526 4840 enim

1970 4885 2324 4939 ministerium
2360 4886 2544 4939 datum
2579 4894 2687 4950 est,
2726 4899 2828 4938 non
2860 4883 3146 4953 psallendi,
3182 4868 3276 4937 sed
3307 4880 3525 4950 legendi
3586 4880 3594 4895 '

1972 4972 2178 5031 divinas
2213 4976 2522 5043 Scripturas
2552 4976 2606 5029 in
2638 4975 2909 5030 communi
2948 4974 3221 5028 auditione
3252 4988 3266 5025 :
3319 4982 3372 5026 et
3402 4987 3532 5025 can-

1975 5070 2206 5132 toribus,
2262 5068 2545 5137 psallendi.
2573 5067 2728 5133 ,Quia
2779 5082 2907 5136 ergo
2954 5066 3284 5121 conabantur
3317 5064 3530 5132 quidam

1972 5160 2278 5216 subdiaconi
2332 5159 2471 5213 ferre
2525 5160 2732 5223 oraria,
2778 5167 2963 5214 contra
2997 5157 3330 5211 traditionem
3360 5156 3532 5207 eccle-

1972 5252 2267 5315 siasticam,
2296 5249 2480 5305 Patres
2512 5251 2614 5303 hoc
2649 5251 3057 5318 prohibuerunt,
3108 5256 3163 5302 et
3205 5250 3532 5306 statuerunt,

1976 5354 2032 5395 ut
2079 5344 2113 5394 ii
2158 5356 2264 5394 non
2315 5340 2682 5410 relinquerent
2734 5341 2835 5395 sibi
2889 5340 3196 5394 attributam
3240 5333 3533 5391 custodiam

1976 5444 2253 5505 portarum
2307 5433 2589 5488 ecclesiae:
2652 5448 2719 5486 ne
2782 5433 2854 5488 sit
2918 5440 3228 5487 sanctorum
3288 5425 3535 5481 ordinum

1978 5524 2243 5580 confusio.

2051 5736 2294 5795 ZONAR.
2328 5737 2629 5806 Unicuique
2654 5753 2809 5793 sacro
2829 5736 3025 5800 ordini,
3054 5743 3108 5788 et
3142 5747 3271 5786 suus
3291 5732 3531 5796 habitus,

1985 5843 2038 5891 et
2067 5832 2276 5904 propria
2292 5832 2590 5893 miniSteria
2615 5830 2867 5887 attributa
2893 5826 3063 5884 fuere.
3092 5824 3348 5881 Ministris
3373 5823 3535 5887 igitur

2740 5928 2765 5959 ο
