3982 6494
266 345 397 408 137?

1354 341 1446 405 TN
1477 342 1641 404 CAN.
1669 344 1829 403 XXX
1858 344 2070 407 CONC.
2136 349 2357 412 LAOD.

3349 349 3491 413 i378

262 460 319 510 ἐν
348 456 425 526 τῷ
448 453 721 523 Σαϐϐάτῳ
756 451 994 521 παντελῆ
1024 451 1641 525 ἀπραξίανὲργοχείρου
1694 469 1828 506 παν-

1933 458 2079 510 omni
2108 461 2320 527 penitus
2350 477 2532 534 Opere,
2566 477 2727 536 atque
2756 467 2888 521 adco
2918 468 3079 521 etiam
3130 466 3196 518 ab
3245 464 3372 533 ipsis
3404 466 3488 515 di~

259 551 353 610 τος
400 544 568 618 εἶχον,
610 550 705 599 καὶ
751 545 929 598 αὐτῶν
990 544 1097 597 τῶν
1145 543 1309 597 θείων
1358 545 1828 614 ψαλτῳδημάτων,

261 642 396 712 ὅπερ
432 643 530 706 τῆς
569 638 864 705 Ἰουδαϊκῆς
912 636 1209 706 θρησκείας
1254 638 1414 706 ἔργον
1463 638 1629 698 ἐστὶν,
1675 637 1731 687 ἐν
1775 637 1841 688 δὲκ

261 732 341 798 τῷ
365 732 549 783 κανόνι
597 727 791 797 ἐκείνῳ
843 729 970 797 περὶ
1023 728 1184 798 μόνου
1221 728 1313 780 τοῦ
1364 726 1830 793 ἀναγινώσκεσθαι

259 823 499 889 τὸηᾶγιον
530 820 862 888 Εὐαγγὲλιον
886 820 978 872 καὶ
1011 820 1109 881 τὰς
1164 819 1310 878 θείας
1333 818 1547 888 Γραφὰς
1579 819 1627 868 οἱ
1663 816 1833 869 Πατέ-

264 928 357 980 ρες
419 912 743 984 διωρίσαντο
786 924 799 939 ·
842 911 966 981 ἄρτι
1020 909 1487 979 παρακελεύονται
1534 907 1608 977 μὴ
1641 907 1832 977 σχολά-

261 1005 377 1066 ζειν
404 1006 529 1065 τοὺς
560 1004 787 1062 πιστοὺς
805 1004 948 1056 κατὰ
985 1004 1272 1062 Ἰουδαίους
1308 1001 1414 1052 ἀπὸ
1447 1000 1553 1050 τῶν
1584 999 1830 1067 ἐργοχεί-

264 1114 376 1167 ρων
405 1096 606 1159 αὐτῶν,
639 1095 755 1148 ἀλλ’
780 1097 834 1147 ἐν
866 1095 942 1164 τῷ
990 1094 1252 1163 Σαόϐἀτῳ
1282 1092 1630 1160 ἐργάζεσθαι,
1663 1093 1830 1161 τιμᾷν

261 1191 318 1243 δὲ
376 1188 480 1259 τὴν
530 1190 817 1260 Κυριακὴν
859 1189 945 1242 διά
979 1188 1076 1258 τὴν
1102 1187 1193 1239 τοῦ
1258 1188 1461 1255 Κυρίου
1502 1186 1826 1237 ἀνάστασιν·

230 1279 356 1332 ικαὶ
401 1280 509 1331 τῶν
547 1283 878 1350 ἐργοχείρων
929 1279 1027 1349 μὲν
1080 1279 1402 1347 ἀπέχεσθαι,
1447 1274 1827 1347 τροσεδρεύειν

259 1373 315 1424 δὲ
349 1377 467 1434 ταῖς
505 1374 857 1442 ἐκκλησίαις.
896 1372 1039 1442 Πλὴν
1073 1374 1166 1425 καὶ
1201 1371 1379 1433 τοῦτο,
1415 1370 1616 1438 δηλίδὴ
1662 1370 1720 1419 τὸ
1753 1368 1827 1438 μὴ

261 1456 595 1535 ἐργάζεσθαι
627 1468 762 1535 μετὰ
794 1469 892 1534 τὴν
941 1467 1310 1534 κυριώνυμον,
1354 1464 1452 1515 οὐκ
1494 1466 1827 1529 ἀναγκαστι-

263 1558 373 1620 κῶς
404 1558 736 1626 ἐπέτρεψαν,
759 1556 1275 1627 ἀλλά”προσέθεντο,
1317 1557 1436 1621 εἴγε
1475 1554 1721 1606 δύναιντο
1777 1553 1828 1604 oi

262 1654 464 1708 πιστοί.
495 1655 553 1706 Εἰ
582 1654 691 1722 γὰρ
726 1654 782 1719 ἐξ
829 1654 1061 1723 ἀπορίας
1098 1652 1128 1720 ἢ
1171 1652 1334 1719 ἄλλης
1390 1649 1532 1711 me;
1581 1648 1827 1715 ἀνάγκης

264 1746 356 1795 καὶ
401 1744 546 1794 κατά
581 1744 676 1812 τὴν
703 1741 1043 1811 κυριὼνυμον
1071 1740 1371 1809 ἐργάσεταί
1424 1758 1526 1804 τις,
1584 1741 1644 1792 οὺ
1698 1755 1826 1809 προ·

266 1834 780 1902 κριματισθήσεται.
809 1836 917 1886 Καὶ
948 1837 974 1886 6
1007 1833 1106 1899 μὲν
1161 1832 1354 1901 παρὼν
1407 1830 1587 1883 κανὼν
1635 1830 1823 1883 ταῦτα.

275 1928 337 1981 'H
387 1929 443 1981 δὲ
472 1927 540 1979 νδ¹
583 1928 779 1997 Νεαρά
825 1926 917 1979 τοῦ
961 1926 1220 1996 βασιλέως
1260 1924 1426 1995 κυροῦ
1475 1924 1699 1984 Λέοντος
1732 1921 1828 1997 τοῦ

265 2021 435 2091 Σοφοῦ
469 2024 562 2073 καὶ
594 2021 788 2081 αὐτοὺς
821 2022 947 2079 τοὺς
982 2018 1260 2088 γεωργοὺς
1296 2016 1593 2085 διορίζεται
1637 2015 1827 2084 σχολά-

264 2114 377 2176 ζειν
400 2113 539 2165 κατά
566 2114 663 2183 τὴν
693 2110 1067 2181 κυριώνυμον.
1120 2107 1418 2176 Ἀνάγνωθι
1476 2108 1570 2160 καὶ
1624 2106 1723 2175 τῆς
1774 2104 1829 2172 ς’

267 2202 484 2254 συνόδου
511 2203 711 2254 κανόνα
745 2199 854 2263 Eg".
928 2255 942 2265 ,

326 2295 580 2348 ΖΩΝΑΡ.
613 2293 739 2349 Τοῖς
804 2289 1079 2351 Ἰουδαίοις
1127 2292 1353 2359 τιμᾶται
1410 2289 1470 2341 τὸ
1527 2287 1825 2351 Σάϐϐατον,

262 2387 530 2458 ἀπραξίαν
554 2385 774 2453 ἄγουσιν
808 2388 869 2437 ὲκ
904 2382 1012 2435 τῶν
1064 2383 1241 2452 ἔργων
1301 2381 1501 2446 αὐτῶν,
1567 2381 1660 2433 τοῦ
1712 2399 1824 2433 πα-

259 2481 412 2534 λαιοῦ
443 2481 604 2548 νόμου
635 2478 794 2530 τοῦτο
820 2476 1002 2533 αὐτοῖς
1031 2475 1418 2535 ἐπιτάσσοντος
1446 2489 1460 2503 θ
1487 2476 1597 2534 τοῖς
1640 2473 1695 2525 δὲ
1726 2473 1819 2526 τὸν

261 2572 615 2640 εὐαγγελικον
670 2570 831 2639 νόμον
860 2567 1174 2636 δεξαμένοις
1214 2568 1305 2618 τὸν
1351 2565 1680 2635 τελεώτερον
1727 2572 1827 2632 τηε

265 2665 374 2730 ρείν
401 2661 470 2712 τὰ
499 2659 592 2712 τοῦ
636 2659 862 2720 ἁτελους
906 2657 1338 2726 ἀποτετραπται.
1393 2657 1483 2713 Διὸ
1528 2660 1619 2709 καὶ
1660 2656 1718 2708 τὸ
1770 2658 1828 2708 ὲν

261 2751 526 2820 Σαϐϐάτῳ
551 2750 740 2819 ἀργεῖν
785 2751 895 2809 τοῖς
953 2750 1164 2809 πιστοῖς
1196 2746 1269 2808 ὡς
1295 2748 1584 2799 Ἰουδαϊκὸν
1614 2746 1823 2815 ἀπηγό-

264 2849 474 2914 ρευται,
531 2844 626 2893 καὶ
681 2843 791 2902 τοῖς
848 2837 1229 2900 Ἰουδαῖζουσιν
1268 2838 1520 2906 ἀνάθεμα
1570 2838 1597 2889 6
1641 2836 1825 2891 κανὼν

262 2934 649 3003 ἐπιψηφίζεται
693 2933 751 2983 ἐν
782 2929 1024 3000 Χριστῷ,
1077 2929 1325 2981 τουτέστι
1384 2932 1827 3000 κεχωρισμένους

262 3022 405 3077 εἶναι
434 3024 528 3077 καὶ
552 3025 1024 3096 ἀποδιῃρημένους
1073 3019 1167 3075 τοῦ
1216 3020 1477 3091 Χριστοῦ,
1542 3023 1731 3091 ἀργεῖν
1782 3020 1825 3071 δ’

1933 549 2072 603 vinis
2110 554 2357 617 canticis,
2399 560 2620 613 omnino
2650 563 2953 619 cessabant.
2983 558 3125 627 quod
3155 567 3233 611 est
3255 556 3491 610 .Iudaicaz

1932 646 2332 709 superStitiOnis
2367 664 2522 715 opus,
2550 650 2601 703 in
2634 650 2723 703 illo
2756 658 2933 704 autem
2978 666 3204 713 canone,
3232 649 3404 703 solum
3433 657 3491 701 ut

1932 729 2139 798 legatur
2190 733 2533 803 Evangelium
2586 750 2642 793 et
2694 742 2888 793 diviure
2932 741 3265 809 Scripturaa,
3303 738 3488 794 Patres

1927 823 2323 878 consuluerunt
2346 845 2359 879 :
2393 844 2533 882 nunc
2554 830 2762 897 jubent,
2789 847 2855 885 ne
2875 833 3111 884 otientur
3138 832 3318 884 fideles
3342 847 3499 885 more

1930 908 2237 965 Judaaorum
2269 930 2296 965 a
2328 918 2441 970 suis
2476 920 2748 983 operibus,
2782 922 2873 974 sed
2909 922 2961 973 in
2996 920 3233 975 Sabbato
3269 923 3483 991 quidem

1929 1012 2239 1064 operentur,
2293 1003 2629 1061 Dominicum
2682 1019 2858 1061 autem
2917 1010 3222 1073 honorent,
3274 1019 3491 1078 propter

1928 1090 2092 1173 466
2122 1093 2330 1149 Domini
2367 1100 2856 1165 resurrectionem;
2894 1112 2948 1153 et
2996 1116 3024 1154 a
3073 1116 3326 1154 manuum
3368 1102 3491 1169 qiii~

1929 1186 2050 1235 dem
2085 1187 2336 1250 operibus
2359 1189 2692 1254 abstineant,
2722 1191 2964 1247 ecclesiis
2996 1184 3170 1247 autem
3195 1195 3488 1247 assideant.

1930 1274 2033 1328 Sed
2070 1287 2118 1329 et
2153 1278 2271 1342 boc,
2306 1280 2507 1334 scilicet
2539 1283 2627 1335 die
2668 1284 2967 1347 Dominico,
2996 1302 3098 1338 non
3129 1286 3363 1354 operari,
3385 1300 3487 1338 non

1929 1370 2231 1423 necessario
2268 1373 2626 1437 mandarunt;
2675 1376 2766 1427 sed
2801 1376 3134 1444 adjecerunt,
3167 1378 3211 1429 si
3258 1379 3485 1445 possint,

1932 1456 2131 1514 ﬁdeles.
2168 1460 2223 1515 Si
2252 1462 2397 1515 enim
2424 1476 2641 1532 propter
2677 1466 2931 1534 inopiam,
2967 1468 3044 1520 vel
3068 1469 3299 1535 aliquant
3329 1469 3486 1521 aliam

1929 1552 2331 1618 necessitatem,
2360 1555 2521 1608 etiam
2548 1556 2633 1610 die
2655 1555 2935 1612 Dominico
2960 1557 3120 1613 fuerit
3145 1560 3335 1627 aliquis
3360 1575 3488 1627 ope-

1930 1652 2095 1707 ratus,
2134 1645 2494 1711 prejudicium
2527 1648 2575 1701 ei
2605 1663 2709 1702 non
2741 1647 3015 1703 afferetur.
3040 1649 3103 1702 Et
3133 1651 3242 1704 btec
3273 1651 3485 1719 quidem

1931 1738 2217 1804 prmdictus
2281 1755 2478 1796 canon.
2536 1742 3007 1811 Quinquagesimze
3059 1756 3261 1812 quartae
3304 1753 3480 1797 autem

1933 1828 2272 1896 imperatoris
2318 1833 2523 1887 domini
2556 1836 2748 1889 Leoois
2777 1836 3030 1904 sapientis
3060 1835 3276 1889 Novella
3302 1836 3484 1890 decer-

1933 1918 2024 1981 nit,
2064 1921 2208 1989 ipsos
2252 1938 2468 1993 quoque
2518 1924 2780 1995 agricolas
2830 1925 2915 1979 die
2964 1925 3240 1978 Dominico
3291 1926 3488 1980 debere

1872 2068 1879 2073 .
1929 2016 2110 2108 otiari.
2138 2014 2279 2084 Lege
2309 2028 2363 2071 et
2394 2026 2560 2071 sexta:
2586 2017 2773 2088 synodi
2807 2032 3066 2072 cationem
3097 2016 3186 2073 66.

2001 2288 2248 2345 ZONAR.
2283 2290 2503 2346 Salibati
2542 2291 2682 2345 diem
2730 2289 2899 2347 Judaei
2947 2291 3168 2356 colunt,
3205 2306 3300 2346 nec
3331 2292 3489 2362 quid-

1929 2397 2088 2450 quam
2116 2385 2316 2451 operis,
2346 2383 2421 2437 ita
2457 2383 2690 2453 antiquae
2721 2384 2852 2453 legis
2898 2386 3141 2439 instituto
3182 2387 3355 2443 edocti
3382 2426 3396 2449 ,
3424 2401 3486 2440 ea

1930 2474 2049 2529 luce
2077 2476 2346 2544 attingunt
2379 2491 2394 2527 :
2430 2477 2517 2544 qui
2555 2491 2680 2530 vero
2713 2477 2881 2545 legem
2914 2476 3272 2545 evangelicam
3305 2479 3483 2545 perfes-

1927 2562 2152 2616 ctiorem
2194 2572 2320 2617 sunt
2375 2565 2605 2631 amplexi
2634 2604 2648 2624 .
2686 2566 2771 2628 iis,
2824 2581 2889 2620 ne
2930 2566 3347 2636 irnperl‘ectioris
3396 2569 3489 2623 de-

1928 2663 2072 2710 creta
2118 2665 2371 2723 servent,
2428 2660 2767 2711 interdictum
2823 2668 2924 2712 est.
2975 2658 3206 2714 Proinde
3250 2659 3488 2715 Sabbato

1928 2745 2109 2815 otiari,
2144 2754 2398 2814 tanquam
2456 2750 2677 2815 repetito
2731 2764 2757 2799 a
2804 2747 3005 2803 ludatis
3040 2765 3207 2815 more,
3246 2750 3487 2805 fidelibus

1928 2837 2066 2891 baud
2102 2839 2421 2906 permissuri.
2447 2880 2462 2903 ,
2493 2840 2689 2907 quique
2716 2838 2951 2894 Judaicis
3019 2841 3209 2896 ritibus
3254 2842 3492 2896 adhaere-

1927 2938 2099 2992 scaut,
2135 2928 2198 2981 iis
2235 2943 2408 2982 canon
2438 2929 2719 2982 anathema
2768 2928 2821 2982 in
2867 2927 3085 2985 Christo
3116 2930 3340 2997 indicit,
3388 2931 3489 2987 hoc

1928 3033 2032 3086 εει,
2083 3036 2111 3075 a
2142 3022 2356 3076 Christo
2399 3032 2704 3090 Segregalos
2733 3038 2795 3076 ac
2828 3023 3032 3087 ,divisos
3060 3038 3181 3077 esse
3226 3002 3485 3077 decernit.

263 3118 578 3187 ἐπιτρέπειν
609 3116 750 3169 κατά
779 3114 874 3184 τὴν
904 3110 1193 3184 Κυριακὴν
1223 3112 1311 3165 διὰ
1338 3112 1439 3180 τὴν
1473 3110 1565 3164 τοῦ
1622 3112 1825 3179 Κυρίου

1936 3114 2276 3169 Vacationem
2307 3129 2463 3182 porro
2498 3114 2771 3168 Dominiea
2799 3114 2939 3178 luce,
2977 3115 3027 3167 id
3055 3114 3172 3184 ejus
3199 3116 3299 3169 diei
3332 3129 3491 3169 vene-

265 3211 557 3265 ἀνάστασιν
582 3209 678 3280 τὴν
710 3210 919 3278 ἡμέραν
951 3207 1248 3275 τιμῶντας.
1269 3205 1411 3257 Ἀλλ’
1440 3205 1469 3256 6
1502 3204 1599 3274 μὲν
1627 3203 1829 3269 κανὼν,

266 3304 315 3355 εί
342 3303 610 3366 δύναιντο,
654 3300 953 3372 προσέθετο
982 3316 997 3331 ο
1049 3302 1075 3352 6
1138 3300 1195 3351 δὲ
1227 3298 1328 3367 τῆς
1361 3296 1639 3360 πολιτείας
1669 3297 1830 3366 νόμος

266 3397 641 3465 ἀπαραίτητον
670 3397 768 3465 τὴν
824 3395 1023 3464 ἀργίαν
1072 3394 1129 3444 ὲν
1170 3394 1237 3463 τῇ
1296 3392 1546 3460 κυριακῇ
1608 3389 1829 3441 ἀπαιτεῖ

267 3491 397 3542 ἄνευ
432 3490 539 3541 τῶν
582 3487 868 3557 γεωργῶν.
909 3486 1173 3547 Ἐκείνοις
1205 3484 1311 3551 γὰρ
1339 3484 1434 3535 καὶ
1470 3484 1527 3534 ἐν
1570 3483 1821 3550 κυριακῇ

267 3581 598 3650 ἐργάζεσθαι
624 3581 864 3648 ἐφίησιν,
902 3578 984 3629 ὅτι
1017 3576 1145 3638 ἴσως
1174 3576 1284 3628 τῶν
1330 3573 1508 3643 ἔργων
1563 3589 1824 3626 κατεπει-

268 3670 472 3737 γόντων
493 3671 589 3739 οὐχ
626 3670 951 3739 εὑρήσουσιν
980 3667 1147 3737 ἄλλην
1180 3668 1392 3737 ἡμέραν
1427 3665 1600 3726 οὕτως
1647 3665 1831 3726 αὐτοῖς

270 3765 348 3825 εἰς
378 3765 446 3814 τὰ
479 3761 613 3830 ἔργα
642 3761 821 3814 αὐτῶν
854 3759 1321 3830 συμὸαλλομένην.
1367 3759 1475 3811 Καὶ
1516 3748 1608 3808 6‘6'
1650 3753 1830 3808 κανὼν

269 3854 376 3905 τῶν
433 3853 748 3906 ἀποστόλων
798 3851 922 3904 οὔτε
992 3852 1272 3917 νηστεύειν
1330 3848 1468 3918 μετά
1536 3846 1828 3911 Ἰουδαίων,

270 3943 390 3997 οὔτε
414 3945 692 4014 ἑορτάζειν
725 3946 1061 4019 παραχωρεῖ,
1084 3945 1196 4005 τοῖς
1222 3944 1434 4004 πιστοῖς
1467 3958 1481 3972 ο
1536 3940 1668 3993 ἀλλὰ
1718 3938 1827 3990 τῶν

276 4037 374 4105 μὲν
419 4038 729 4107 ἱερωμένων
762 4036 1084 4107 καθαίρεσιν
1121 4032 1577 4104 καταψηφίζεται,
1606 4030 1732 4092 τοὺς
1773 4027 1829 4080 δὲ

273 4128 493 4192 λαῖκοὺς
523 4130 796 4199 ἀφορίζει.

1940 3207 2154 3270 rationi,
2194 3222 2300 3275 qua
2345 3204 2594 3271 Christus
2647 3221 2677 3260 α
2733 3205 2954 3260 mortuis
2984 3208 3246 3261 redivivus
3277 3209 3486 3262 exstitit

1937 3298 2259 3362 delerentes,
2312 3299 2514 3367 agitare
2559 3299 2898 3367 permissum.
2954 3300 3019 3352 Et
3068 3314 3236 3351 canon
3273 3300 3485 3368 quidem

1935 3393 2101 3457 addit,
2162 3392 2204 3444 si
2258 3401 2527 3458 possunt:
2564 3391 2645 3444 lex
2697 3406 2825 3445 vero
2880 3391 3070 3455 civilis,
3109 3405 3137 3442 a
3175 3382 3489 3444 muneribus

1932 3480 2020 3534 die
2051 3482 2326 3536 Dominico
2348 3478 2677 3535 ’vacatiouem
2704 3496 2843 3548 esse,
2872 3483 2915 3536 si
2949 3480 3301 3564 agricolarum
3324 3493 3486 3548 opera

1930 3575 2187 3641 excipias,
2219 3577 2439 3630 omnino
2492 3575 2662 3645 jubet.
2712 3575 2819 3629 Illis
2867 3589 3128 3643 namque,
3171 3572 3296 3641 quia
3350 3571 3487 3625 forte

1929 3666 2181 3733 operibus
2228 3666 2400 3733 primo
2452 3680 2661 3735 quoque
2723 3675 2963 3734 tempore
3013 3664 3274 3720 obeundis
3321 3663 3485 3716 alium

1930 3758 2068 3812 diem
2098 3758 2297 3827 pariter
2325 3760 2786 3812 accommodatum
2821 3757 3058 3811 nancisci
3091 3772 3194 3811 non
3225 3756 3295 3809 ita
3329 3754 3486 3809 facile

1930 3848 2133 3911 afuerit,
2168 3848 2441 3902 Dominico
2475 3865 2699 3919 quoque
2733 3850 2818 3901 die
2865 3864 3080 3918 operam
3131 3848 3357 3901 navandi
3402 3845 3485 3900 fa-

1926 3939 2099 3993 cultas
2134 3954 2386 3993 concessa
2415 3949 2515 3994 est.
2554 3940 2618 3992 Et
2650 3956 2773 3993 vero
2802 3941 3228 4009 septuagesimus
3277 3952 3489 4008 quoque

1937 4043 2249 4086 sanctorum
2279 4033 2637 4101 apostolorum
2669 4046 2839 4084 canon
2890 4047 3064 4099 neque
3107 4030 3310 4101 jejunia
3361 4044 3484 4083 cum

1936 4121 2134 4176 Judmis
2164 4136 2440 4186 exercere,
2470 4135 2567 4174 nec
2596 4120 2759 4175 lestos
2792 4120 2908 4175 dies
2933 4136 3112 4190 agere,
3132 4114 3314 4174 tideles
3338 4121 3486 4173 sinit:

273 4240 457 4279 verum
492 4227 579 4294 qui
615 4227 663 4279 id
694 4224 935 4292 fecerint,
962 4224 1132 4280 sacris
1164 4222 1379 4293 quidem
1409 4217 1687 4275 ordinibus
1742 4214 1978 4270 initiatos
2035 4216 2384 4279 depositione,
2445 4214 2611 4271 laieos
2674 4229 2797 4268 vero
2872 4212 3260 4284 segregatione,
3320 4210 3486 4266 teneri

276 4319 440 4372 iubet.

297 4336 440 4372 unet.

268 4336 500 4465 LPIXT.
534 4426 553 4462 ι
596 4408 671 4462 Οὐ
725 4406 1002 4462 Σάϐϐατόν
1046 4407 1277 4477 ἀργήσει
1302 4402 1645 4475 Χριστιανὸς,
1698 4398 1833 4453 ἀλλά

818 4520 836 4551 ι
881 4499 1187 4569 Κυριακήν.
1221 4518 1239 4549 ι

1938 4391 2164 4447 ARIST.
2206 4412 2225 4447 ι
2264 4393 2600 4450 Christianus
2626 4408 2727 4446 non
2760 4390 2997 4446 Sabbato
3017 4434 3032 4459 ,
3068 4391 3161 4447 sed
3188 4393 3276 4449 die
3304 4391 3486 4449 Domi-

2466 4504 2485 4537 ι
2513 4486 2630 4540 nica
2661 4484 2904 4540 feriatur.
2939 4504 2958 4535 ι

365 4593 641 4656 Ἰουδαῖζει
676 4592 782 4663 γὰρ
828 4594 883 4643 ὲν
929 4590 1005 4660 τῷ
1045 4590 1305 4661 Σαϐϐάτῳ
1375 4588 1649 4659 σχολάζων
1699 4588 1828 4655 Χρι-

2009 4577 2346 4635 Christianus
2377 4579 2517 4631 enim
2552 4578 2641 4647 qui
2674 4578 2725 4631 in
2763 4576 2997 4631 Sabbato
3024 4588 3199 4640 vacat,
3227 4575 3484 4645 jndaizat.

282 4691 517 4749 στιανός.
552 4686 652 4738 Διά
680 4684 836 4737 τοῦτο
862 4684 940 4735 δεῖ
981 4683 1309 4752 ἐργάζεσθαι
1365 4683 1423 4736 ὲν
1446 4683 1582 4752 αὐτῇ
1628 4681 1832 4750 ἡμέρᾳ,

284 4779 565 4850 σχολάζειν
587 4779 642 4831 δὲ
674 4780 728 4831 ὲν
756 4780 821 4849 τῇ
856 4778 1134 4847 Κυριακῇ.

874 4868 1110 4922 ΚΑΝΩΝ
1149 4863 1223 4920 Λ’.

289 4986 307 5018 ι
357 4965 481 5021 Ὅτι
537 4966 598 5017 οὐ
656 4964 737 5018 δεῖ
781 4963 1058 5031 ἱερατικὸν
1098 4962 1131 5033 ἢ
1168 4957 1474 5032 κληρικδνῆ
1504 4956 1744 5026 ἀσκητὴν
1773 4955 1829 5003 ἐν

365 5077 383 5108 ι
433 5057 699 5125 βαλανείῳ
753 5055 890 5125 μετὰ
943 5053 1214 5121 γυναικῶν
1267 5048 1648 5111 ἀπολούεσθαι,
1704 5044 1835 5116 μηδὲ

364 5169 383 5202 ι
433 5150 609 5201 πάντα
641 5148 985 5214 Χριστιανὸν,
1019 5145 1052 5216 ἢ
1082 5144 1268 5197 λαῖκόν
1293 5159 1310 5176 ·
1350 5140 1490 5211 αὕτη
1510 5141 1616 5210 γὰρ
1648 5139 1834 5209 πριρτη

364 5262 383 5294 ι
434 5244 776 5308 κατάγνωσις
806 5242 918 5301 τοῖς
947 5239 1175 5290 ἔθνεσιν.
1216 5255 1235 5289 ι

360 5336 555 5389 ΒΑΛΣ.
598 5334 685 5386 Ἐν
713 5332 788 5401 τῷ
815 5330 891 5394 οξ¹
923 5331 1107 5407 κανόνι
1130 5329 1228 5398 τῆς
1266 5333 1319 5393 ς’
1348 5324 1585 5387 συνόδου,
1626 5325 1693 5377 τὰ
1736 5324 1836 5404 αύ-

286 5430 353 5484 τά
376 5428 453 5498 τῷ
484 5425 709 5495 παρόντι
744 5426 927 5477 κανόνι
978 5421 1330 5492 διοριζομένῳ
1384 5417 1835 5488 ἀπαραλλάκτως,

288 5522 607 5593 ἐγράψαμεν
638 5517 703 5570 τὰ
727 5518 974 5582 δόξαντα.
1206 5560 1209 5561 ,

362 5612 603 5669 ΖΩΝΑΡ.
648 5611 721 5662 Τὸ
785 5605 1141 5661 συλλούεσθαι
1202 5607 1449 5676 γυναιξὶν
1501 5604 1698 5674 ἄνδρας
1744 5602 1837 5655 καὶ

291 5707 553 5780 βλαϐερόν
584 5707 730 5757 ἐστιν
763 5704 841 5765 εἰς
865 5700 1061 5770 ψυχὴν,
1089 5700 1183 5752 καὶ
1234 5699 1407 5760 ἄλλως
1455 5698 1838 5768 ἀσχημοσύνης

293 5801 507 5872 ἁπάσης
534 5798 806 5853 ἐπέκεινα.
831 5794 905 5848 Τὸ
936 5792 1044 5864 γὰρ
1077 5794 1285 5864 γυμνὰς
1313 5791 1540 5862 ὁρᾶσθαι
1571 5794 1837 5861 γυναῖκας

1939 4672 2275 4740 Quapropter
2316 4669 2419 4724 ista
2466 4668 2553 4723 die
2605 4669 2815 4737 operari
2856 4678 3067 4737 oportet
3120 4678 3176 4722 et
3213 4667 3487 4724 Dominica

1938 4778 2147 4818 \‘nCttl'e.
2276 4794 2287 4805 κ
2732 4816 2733 4819 η

2492 4854 2717 4911 CANON
2762 4852 2930 4908 XXX.

1942 4968 1961 5003 ι
1998 4952 2143 5018 Quod
2180 4967 2284 5007 non
2338 4962 2549 5021 oportet
2599 4958 2889 5012 sacratum,
2939 4944 3018 5001 vel
3074 4946 3344 5012 clericum,
3404 4946 3487 5001 vel

2013 5066 2031 5099 ι
2075 5047 2422 5108 monachum.
2472 5046 2525 5098 in
2567 5045 2754 5098 balneo
2782 5057 2903 5096 cum
2940 5040 3252 5095 mulieribus
3280 5038 3442 5094 lavari
3468 5080 3483 5103 ,

2011 5160 2029 5193 ι
2066 5155 2239 5210 neque
2272 5151 2482 5192 omnem
2517 5137 2728 5204 penitus
2750 5133 3134 5197 Christianum,
3159 5133 3240 5187 vel
3266 5131 3482 5186 laicum.

2008 5250 2027 5283 ι
2064 5231 2187 5285 llaec
2231 5240 2313 5285 εει
2345 5230 2486 5282 enim
2530 5226 2699 5296 prima
2736 5225 2982 5294 gentibus
3021 5223 3414 5279 condemnatio.
3459 5240 3479 5273 ι

2002 5323 2195 5379 BALS.
2229 5322 2286 5376 In
2319 5334 2523 5375 canone
2571 5318 2635 5371 Π
2682 5325 2845 5372 sexta:
2897 5317 3107 5389 synodi,
3159 5314 3257 5385 qui-
3297 5315 3485 5368 eadem

1938 5416 2162 5474 omnino
2210 5429 2330 5468 cum
2378 5411 2624 5482 praesenti
2670 5423 2874 5465 canone
2922 5409 3129 5468 statuit.
3174 5404 3485 5474 scripsimus

1941 5524 2061 5581 quae
2088 5509 2199 5563 visa
2231 5506 2462 5561 fuerunt.

2011 5601 2258 5656 ZONAR.
2282 5598 2437 5654 Viros
2465 5612 2585 5652 cum
2612 5595 2826 5651 feminis
2852 5595 3038 5658 lavari,
3068 5600 3178 5646 tum
3202 5599 3285 5647 est
3310 5588 3488 5642 animo

1941 5694 2322 5769 perniciosum,
2349 5700 2458 5745 tum
2489 5706 2519 5744 a
2552 5690 2743 5746 decore
2772 5697 2826 5742 et
2859 5688 3137 5742 honestate
3160 5683 3302 5738 omni
3338 5694 3491 5751 pror-

1941 5804 2035 5847 sus
2071 5787 2329 5845 alienum.
2362 5781 2569 5841 Etenim
2598 5782 2729 5855 sise
2753 5779 2978 5837 invicem
3009 5776 3179 5833 nudos
3215 5773 3315 5830 viri
3364 5786 3483 5827 tnu-
