3982 6494
458 5743 468 5795 l

521 342 658 405 i379

1736 336 2017 398 THEOD.
2058 334 2456 395 BALSAMON

3500 380 3513 395 η.
3584 338 3734 402 1380

514 459 791 526 lieresque
808 454 1162 525 conspiciant,
1187 453 1452 508 ﬂammam
1487 452 1611 507 inde
1638 451 1948 520 cupiditatis
1973 464 2065 502 ex-

2170 450 2317 519 παρὰ
2344 448 2573 518 ἀνδρῶν,
2602 449 2696 503 καὶ
2725 448 2921 520 ἄνδρας
2943 452 3141 519 όμοὲως
3181 450 3333 515 αυθις
3365 451 3513 522 παρὰ
3538 469 3736 520 γυναι-

516 553 707 604 sistere
733 588 749 612 ,
786 549 1136 616 ardoremque
1183 547 1418 601 libidinis
1459 546 1679 600 excitari
1717 560 1936 599 necesse
1967 554 2069 598 est.

514 645 634 712 Ipsa
656 656 786 696 vero
820 657 914 709 per
943 657 1001 694 se
1050 642 1181 694 satis
1209 640 1276 693 ad
1325 639 1590 692 luxuriem
1638 639 1921 691 ebulliente
1950 626 2070 688 ἠει-

515 743 657 795 tnra,
684 733 810 802 quid
840 733 1013 785 adhuc
1037 731 1211 784 oleum
1243 731 1452 783 camino
1480 728 1911 797 superinfundas?
1934 728 2070 793 Quin

515 825 564 876 id
594 839 762 892 usque
796 823 928 875 adeo
953 837 1073 875 cum
1104 821 1250 874 omni
1283 823 1560 874 honestate
1594 834 1831 888 pugnare
1862 833 2071 887 semper

513 918 873 969 existimatum
927 922 1046 977 est,
1086 921 1144 966 nt
1190 927 1219 966 a
1264 913 1454 978 quibus
1498 913 1923 963 committeretur
1977 925 2070 964 eos

512 1006 939 1073 intemperantiae
971 1006 1194 1059 crimine
1221 1003 1420 1058 ethnici
1447 1015 1659 1070 quoque
1687 1001 1919 1069 graviter
1949 1016 2071 1053 con-

514 1101 846 1155 demnarint.
880 1098 1145 1152 Omnibus
1180 1098 1362 1166 igitur,
1390 1097 1485 1165 qui
1524 1097 1827 1150 Christiana
1860 1094 2067 1165 profes-

515 1194 667 1247 sione
696 1200 1004 1257 censentur,
1038 1192 1264 1245 vetitum
1301 1190 1351 1244 id
1376 1191 1596 1244 omnino
1628 1204 1747 1244 esse
1777 1203 1950 1243 canon
1979 1190 2070 1242 de-

510 1284 709 1338 cernit.

516 1372 741 1428 ARIST.
781 1392 799 1425 ι
834 1374 966 1427 Cum
996 1374 1307 1428 mulieribus
1334 1374 1535 1437 lavare,
1568 1372 1719 1426 nel‘as
1745 1381 1846 1427 est.
1886 1389 1905 1422 ι

591 1465 833 1538 Magnam
881 1481 979 1519 nos
1032 1466 1421 1520 condemnandi
1467 1466 1805 1520 occasionem
1838 1462 2067 1517 ethnicis

514 1562 658 1615 dedit
690 1563 831 1630 quod
866 1561 1039 1614 omnis
1068 1560 1403 1614 Christianus
1455 1548 1557 1613 una
1601 1575 1719 1613 cum
1754 1556 2065 1611 mulieribus

514 1656 741 1710 lavatur.
776 1654 1059 1721 Quocirca,
1100 1663 1155 1706 ut
1187 1653 1543 1721 inegit-imum,
1588 1651 1923 1723 prohibetur.

1068 1745 1294 1800 CANON
1328 1744 1363 1796 Χ
1377 1742 1512 1797 XXI.

510 1851 541 1885 »ι
580 1832 731 1898 Quod
761 1849 870 1888 non
902 1842 1109 1902 Oportet
1138 1851 1258 1886 cum
1305 1836 1445 1885 nimii
1495 1834 1743 1886 haeretica
1791 1832 2065 1884 matrimo-

594 1945 613 1975 ι
658 1927 807 1978 nium
841 1927 1187 1985 contrahere,
1220 1926 1297 1976 vel
1335 1927 1461 1977 dare
1499 1925 1633 1978 tilios
1664 1932 1755 1977 aut
1787 1925 1943 1988 tilias,
1972 1923 2067 1976 sed

592 2038 608 2067 ι
650 2020 819 2084 magis
852 2020 1114 2087 accipere,
1144 2018 1185 2069 si
1218 2032 1275 2071 se
1299 2017 1633 2071 Christianos
1666 2014 1873 2069 futuros
1898 2014 2066 2087 proﬁ-

590 2127 608 2159 ι
650 2118 876 2163 tcanlur.
922 2085 981 2160 ›⁷
1916 2085 1930 2100 ’

1044 2200 1269 2257 CANON
1311 2200 1528 2255 XXXII.

514 2310 541 2345 ι
578 2292 727 2356 Quod
759 2308 861 2345 non
898 2302 1109 2360 oportet
1134 2292 1504 2345 luereticorum
1540 2290 1936 2344 benedictiones
1976 2305 2066 2344 ac-

588 2406 604 2435 ι
648 2388 847 2454 cipere,
887 2400 1005 2453 quae
1060 2395 1187 2437 sunt
1237 2386 1411 2452 potius
1460 2384 1858 2439 maledictiones
1909 2397 2067 2452 quam

587 2495 605 2525 ι
648 2476 1067 2529 benedictiones.
1105 2494 1122 2525 ι

944 2567 1105 2639 467
1140 2565 1365 2619 manu
1396 2565 1638 2620 xxxut.

519 2676 539 2709 ι
573 2656 721 2724 Quod
745 2673 848 2710 non
878 2669 1088 2723 Oportet
1122 2672 1223 2708 una
1254 2673 1375 2709 cum
1400 2658 1652 2711 lireretico
1682 2654 1766 2709 vel
1802 2656 2067 2711 schisma-

1064 2765 1083 2798 ι
1131 2748 1238 2800 tico
1263 2763 1437 2803 orare.
1488 2769 1506 2801 ι

581 2835 775 2891 BALS.
804 2836 1153 2890 Przesentium
1185 2840 1343 2890 trium
1374 2853 1640 2892 canonum
1674 2839 1753 2893 vis
1778 2848 1862 2894 est
1886 2855 2068 2910 xequa-

510 2929 576 2984 Iis
610 2939 662 2983 et
693 2940 927 2996 potestas
947 2929 1153 2982 cadent.
1193 2927 1391 2982 Jubent
1413 2931 1554 2983 enim
1587 2930 1770 2985 ﬁdeles
1823 2949 1919 2987 nec
1944 2947 2067 2986 cum

513 3021 780 3073 haereticis
810 3021 1113 3083 comedere,
1150 3035 1247 3072 nec
1284 3037 1382 3071 una
1416 3036 1591 3085 orare,
1618 3038 1716 3075 nec
1746 3024 2071 3095 benedictio-

2175 538 2303 606 κῶν,
2336 542 2630 609 ἀναφλέγει
2670 542 2793 604 τοὺς
2832 543 3060 610 ἔρωτας,
3100 546 3193 595 καὶ
3243 544 3340 612 τῆς
3377 548 3580 613 σαρκὸς
3634 550 3734 598 ἁν-

2173 633 2333 684 άπτει
2360 634 2461 704 τὴν
2501 634 2773 702 πύρωσιν.
2821 634 3079 703 Ἀρκετὸν
3108 634 3164 685 δὲ
3198 637 3261 705 τῇ
3295 637 3510 704 σαρκὶή
3545 641 3613 689 ἐκ
3634 639 3740 704 τῆς

2172 724 2384 791 φύσεως
2412 726 2622 793 κίνησις
2648 742 2661 753 ·
2694 727 2745 777 τί
2771 726 2825 777 δὲ
2846 726 2927 777 δεῖ
2964 726 3226 778 πλειόνων
3253 725 3394 779 ὑλῶν
3432 732 3496 796 τῇ
3531 730 3693 795 φλογί
3719 744 3740 793 ;

2170 820 2263 868 καὶ
2292 820 2471 870 πᾶσαν
2493 818 2537 870 δ’
2570 817 2887 888 ὑπερϐαίνει
2929 818 3336 889 ἀσχημοσύνην,
3378 820 3453 881 ὡς
3491 825 3587 873 καὶ
3625 838 3737 873 πα-

2173 910 2241 979 ρὰ
2268 908 2372 961 τῶν
2406 909 2571 961 ὲθνῶν
2592 911 2717 971 τοὺς
2744 910 2886 962 οὕτω
2937 910 3229 972 ποιοῦντας
3275 911 3350 973 ὡς
3392 910 3736 973 ἀκολάστους

2171 999 2681 1067 καταγινώσκεσθαι
2714 1017 2728 1032 ·
2756 1003 2924 1053 πᾶσιν
2962 999 3055 1053 οὖν
3094 1002 3206 1063 τοῖς
3246 1002 3596 1071 Χριπιανοίς
3632 1005 3732 1055 ἀπο

2168 1091 2424 1161 αγορεύει
2448 1092 2606 1144 τοῦτο
2637 1095 2667 1146 ό
2691 1093 2895 1149 κανών.

2167 1364 2385 1416 ΑΡΙΣΤ.
2418 1381 2436 1413 ι
2472 1363 2709 1428 Γυναιξὶ,
2730 1364 2839 1415 τῶν
2865 1364 3164 1433 ἀθεμίτων,
3196 1361 3570 1416 συλλούεσθαι.
3597 1379 3619 1412 ι

2237 1458 2513 1525 Μεγίστην
2539 1456 2661 1508 καθ’
2684 1458 2837 1525 ἡμῶν
2863 1458 3209 1524 κατάγνωσιν
3237 1458 3346 1519 τοῖς
3391 1454 3597 1507 ἔθνεσιν
3650 1452 3733 1506 δί-

2165 1548 2316 1609 δωσι,
2350 1549 2410 1600 τό
2443 1548 2581 1616 μετὰ
2626 1549 2898 1615 γυναικῶν
2922 1549 3097 1601 πάντα
3131 1548 3456 1618 Χριστιανὸν
3506 1544 3730 1597 συλλού-

2166 1638 2318 1689 εσθαι
2349 1651 2363 1667 ’
2396 1636 2483 1688 διὰ
2517 1636 2672 1690 τοῦτο
2716 1638 2865 1704 γοῦν,
2908 1638 2983 1700 ὡς
3026 1636 3304 1707 ἀθέμιτον,
3338 1637 3729 1706 ἀπηγόρευται.

2745 1731 2982 1783 ΚΔΝΩΝ
3014 1728 3141 1784 AA'.

2173 1843 2192 1879 ‹
2238 1825 2359 1878 Ὀτι
2386 1826 2447 1877 οὑ
2470 1825 2547 1878 δεῖ
2568 1824 2699 1889 πρὸς
2719 1825 2897 1877 πάντα
2917 1824 3186 1893 αίρετικδν
3207 1822 3503 1892 ἐπιγαμίας
3536 1824 3729 1887 ποιεῖν,

2244 1936 2263 1969 ι
2307 1918 2339 1986 ἢ
2367 1918 2563 1992 διδόναι
2586 1918 2735 1976 υἱοὺς
2764 1916 2795 1986 ἢ
2832 1915 3155 1984 θυγατέρας,
3189 1916 3327 1968 ἀλλὰ
3366 1917 3568 1984 μᾶλλον
3590 1916 3727 1983 λαμ-

2246 2028 2265 2060 r
2310 2008 2528 2073 δάνειν,
2581 2008 2694 2076 εῐγε
2762 2009 3180 2075 ὲπαγγέλλοιντο
3224 2009 3543 2078 Χριστιανοὶ
3586 2009 3727 2077 γίιε-

2244 2120 2263 2153 ι
2314 2101 2461 2154 σθαι.
2499 2119 2519 2152 ι
2972 2112 2981 2117 “

2750 2194 2990 2249 ΚΑΝΩΝ
3026 2195 3151 2249 ΛΒ¹.

2172 2304 2192 2337 σ
2236 2288 2357 2339 Ὅτι
2392 2288 2452 2339 οὐ
2488 2287 2568 2338 δεῖ
2595 2287 2882 2356 αίρετικῶν
2907 2287 3155 2354 εὐλογίας
3183 2286 3499 2357 λαμϐάνειν,
3528 2289 3726 2353 αἵτινές

2409 2400 2428 2432 ι
2473 2382 2611 2433 εἰσιν
2643 2380 2856 2447 ἀλογίαι
2882 2380 3080 2450 μᾶλλον
3109 2382 3142 2447 ἦ
3172 2381 3432 2449 εὐλογίαι.
3471 2403 3491 2433 ι

2769 2560 3008 2613 ΚΑΝΩΝ
3042 2561 3168 2613 Al".

2176 2673 2195 2707 ι
2234 2655 2355 2708 Ὅτι
2410 2654 2469 2705 οὐ
2527 2653 2607 2715 δεῖ
2648 2651 2907 2722 αἱρετικῷ
2960 2651 2992 2720 ἦ
3056 2651 3399 2722 σχισματικῷ
3467 2652 3724 2724 συνεύγι.

2835 2764 2854 2795 (
2892 2744 3032 2798 σθαι.
3074 2762 3093 2794 ι

2238 2839 2433 2893 ΒΑΛΣ.
2466 2839 2529 2890 Οἱ
2560 2838 2822 2908 παρόντες
2871 2839 3020 2906 τρεῖς
3056 2838 3278 2901 κανόνες
3309 2838 3720 2907 ἰσοδυναμοῦσιθ

2170 2932 2630 3004 παρακελεύονται
2659 2931 2766 2998 γὰρ
2803 2932 2915 2993 τοῖς
2972 2934 3181 2992 πιστοῖς
3227 2934 3364 3001 μήτε
3420 2934 3723 2986 συνεσθίειν

2174 3028 2311 3096 μετὰ
2343 3025 2657 3095 αἰρετικῶν,
2713 3025 2851 3093 μήτε
2879 3024 3252 3094 συνεύχεσθαι,
3305 3028 3443 3095 μήτε
3473 3027 3723 3093 εὐλογίας

514 3112 742 3165 ηοω-ιιι)
779 3113 857 3163 eis
881 3111 1146 3177 accipere,
1181 3124 1280 3162 nec
1333 3112 1547 3178 preprio
1580 3112 1795 3165 nomine
1836 3128 1958 3165 cum
1992 3115 2065 3166 eis

2172 3118 2229 3183 ἐξ
2263 3117 2444 3169 αὐτῶν
2479 3115 2795 3184 λαμϐάνειν,
2830 3118 2964 3183 μήτε
3007 3120 3184 3184 γάμον
3224 3117 3607 3170 συναλλάττειν
3645 3120 3722 3170 οἱ·

513 3204 913 3256 matrimonium
973 3202 1335 3264 contrahere;

513 3297 650 3349 lilios
682 3296 925 3363 proprios
958 3296 1085 3347 dare
1115 3310 1128 3347 :
1166 3309 1258 3347 eos
1291 3294 1434 3346 enim
1463 3311 1611 3347 suam
1638 3297 2069 3364 superstitionem

1418 3203 1511 3254 sed
1580 3218 1747 3271 neque
1807 3204 2065 3259 haereticis

2172 3211 2304 3277 κεῐῳ
2348 3207 2593 3275 δνόματι,
2629 3206 2764 3259 ἀλλά
2808 3205 2940 3275 μηδὲ
2990 3207 3185 3259 διδόναι
3226 3209 3362 3277 πρὸς
3420 3210 3723 3277 αἱρετικοίις

2170 3298 2367 3360 παῖδας
2399 3297 2632 3359 οἰκείους
2655 3313 2669 3326 ·
2703 3297 2972 3361 διδάξουσι
3000 3297 3105 3366 γὰρ
3140 3298 3339 3360 αὐτοὺς
3387 3299 3487 3368 τὴν
3516 3299 3724 3351 οἰκείαν

513 3380 797 3448 docebunt,
837 3395 956 3438 etta
985 3394 1130 3438 recta
1172 3385 1268 3438 ﬁde
1296 3393 1560 3439 averterit.
1594 3386 1648 3438 Si
1687 3396 1864 3439 autem
1908 3387 2065 3439 velint

2170 3385 2485 3455 θρησκείαν,
2516 3387 2610 3438 καὶ
2639 3386 3100 3455 μεταστρὲᾁουσιν
3130 3390 3193 3439 ὲκ
3240 3388 3339 3457 τῆς
3395 3388 3566 3458 ὀρθῆς
3631 3390 3722 3443 πί-

517 3477 753 3531 haeretici
787 3476 983 3528 liberos
1000 3491 1123 3528 suos
1146 3476 1391 3529 ﬁdelibus
1410 3478 1538 3529 dare
1566 3480 1616 3528 in
1643 3478 2068 3545 matrimonium,

512 3566 604 3637 qui
636 3581 693 3619 se
722 3566 904 3619 ﬁdeles
928 3566 1132 3619 futurus
1166 3570 1521 3634 proliteantnr
1542 3606 1558 3631 ,
1598 3584 1767 3621 canon
1821 3569 1923 3622 hoc
1951 3585 2069 3638 per-

513 3657 701 3711 mittit.
718 3656 861 3711 'lllud
887 3667 1089 3717 autem,
1113 3671 1234 3710 cum
1258 3661 1404 3710 omni
1438 3660 1687 3712 haeretico
1709 3674 1814 3712 non
1838 3670 2066 3727 oportet,

515 3768 583 3805 ne
622 3752 822 3806 dixeris
853 3752 1062 3818 accipi,
1093 3753 1235 3818 quod
1285 3766 1402 3802 cum
1436 3752 1686 3805 omnibus
1714 3752 1929 3821 quidem
1964 3769 2067 3807 non

517 3851 746 3910 oportet,
779 3857 900 3896 cum
926 3842 1193 3910 aliquibus
1224 3853 1400 3894 autem
1431 3852 1642 3911 oportet
1674 3860 1689 3896 :
1723 3845 1813 3896 sed
1845 3844 1930 3897 dic
1967 3845 2068 3899 hoc

515 3948 634 3987 esse
694 3949 724 3987 a
781 3934 1075 3988 canonibus
1126 3934 1343 3988 omnino
1387 3935 1727 4001 prohibitum.
1778 3934 1871 3989 Est
1924 3937 2066 3991 enim

515 4022 779 4090 ejusmodi
810 4024 1029 4092 etquod
1054 4027 1311 4090 scriptum
1352 4036 1433 4080 est
1467 4043 1479 4079 :
1513 4024 1596 4079 Ne
1646 4036 1813 4081 verere
1859 4030 2066 4097 quando

512 4116 651 4168 diu:
679 4115 836 4185 fuerit
861 4116 1013 4170 homo
1037 4132 1057 4170 :
1089 4118 1213 4186 quia
1246 4133 1349 4170 non
1367 4119 1491 4171 dum
1524 4121 1774 4173 morietur
1822 4122 1931 4189 ipse
1977 4139 2065 4174 ac-

510 4207 662 4275 cipiet
702 4210 876 4261 omnia
910 4210 974 4273 ’⁵,
1011 4212 1261 4277 quoniam
1293 4220 1346 4264 et
1393 4211 1503 4274 hic,
1535 4227 1598 4265 ex
1631 4228 1695 4266 eo
1730 4216 1873 4281 quod
1923 4215 2065 4268 dicat

512 4297 679 4353 David
714 4316 727 4352 :
771 4298 960 4353 Omnia
997 4317 1097 4352 non
1132 4302 1369 4368 accipiet,
1398 4318 1461 4355 ex
1484 4286 1754 4359 contrario
1777 4320 1886 4360 non
1912 4322 2065 4362 acce-

512 4391 653 4458 perit
676 4391 853 4468 aliqua
887 4406 950 4445 ex
983 4392 1097 4445 suis
1122 4392 1343 4446 divitiis.
1382 4392 1523 4462 Lege
1577 4403 1887 4451 sanctorum
1937 4414 2064 4467 apo-

2171 3494 2357 3539 στεως.
2396 3477 2456 3529 Ei
2486 3476 2541 3529 δὲ
2577 3478 2842 3547 αἱρετικοὶ
2866 3476 3135 3546 βούλοιντο
3167 3479 3362 3541 παῖδας
3390 3481 3571 3532 αὐτῶν
3632 3485 3714 3542 είς

2168 3567 2463 3634 ἐπιγαμίαν
2493 3566 2674 3620 δοῦναι
2706 3568 2938 3631 πιστοῖς,
2996 3569 3503 3638 ἐπαγγελλομένους
3570 3573 3721 3637 γενέ-

2169 3657 2295 3711 σθαι
2335 3660 2581 3723 πιστοὺς,
2614 3659 2830 3728 ἐφίησιν
2859 3662 2887 3711 ό
2911 3658 3092 3711 κανὼν
3120 3661 3295 3713 τοῦτο.
3330 3662 3404 3713 Τὸ
3442 3662 3523 3722 δὲ,
3555 3664 3617 3715 οὐ
3646 3665 3721 3716 δεῖ

2168 3750 2304 3819 πρὸς
2327 3749 2507 3801 πάντα
2565 3750 2860 3818 αἱρετικὸν,
2920 3748 2993 3819 μὴ
3040 3752 3200 3821 εἴπῃς
3262 3752 3716 3821 ἐκλαμϐάνεσθαι,

2165 3839 2238 3901 ὼς
2262 3839 2397 3909 πρὸς
2429 3842 2631 3903 πάντας
2674 3840 2773 3911 μὲν
2824 3844 2885 3895 οὐ
2934 3844 3032 3909 δεῖ,
3088 3850 3224 3915 πρός
3276 3864 3430 3911 τινας
3476 3849 3535 3901 δὲ
3596 3850 3714 3901 δεῐ’

2164 3930 2300 3982 ἀλλὰ
2335 3930 2559 3984 καθόλου
2588 3933 2711 3984 είτιὲ
2762 3933 2867 3986 ὑπὸ
2898 3934 3009 3987 τῶν
3062 3938 3297 3990 κανόνων
3326 3938 3484 3991 τοῦτο
3509 3942 3715 4003 ἀπαγοο

2167 4019 2438 4091 ρεύεσθαι.
2474 4020 2725 4073 Τοιοῦτον
2755 4024 2863 4091 γάρ
2905 4025 3025 4075 ἐστι
3062 4026 3158 4076 καὶ
3207 4026 3267 4077 τὸ
3304 4028 3713 4095 γεγραμμένον,

2163 4113 2258 4177 Μὴ
2287 4111 2473 4179 φοϐοῦ
2500 4111 2647 4164 ὅταν
2676 4113 2992 4180 πλουτήσῃ
3018 4112 3349 4180 ἅνθρωπος,
3379 4113 3469 4167 ὅτι
3493 4117 3604 4167 οὐκ
3647 4116 3716 4167 ἐν

2162 4202 2242 4269 τῷ
2268 4204 2680 4271 ἀποθνήσκειν
2714 4205 2897 4259 αὐτόν
2925 4206 3183 4275 λήψεται
3215 4209 3287 4261 τὰ
3306 4206 3524 4261 πάντα.
3568 4206 3715 4261 Ἐπεί

2159 4298 2215 4351 δὲ
2246 4297 2403 4361 οὗτος
2450 4300 2516 4352 ἐκ
2554 4298 2645 4351 τοῦ
2678 4297 2857 4367 λέγειν
2882 4298 2975 4352 τὸν
3030 4298 3213 4363 sums,
3260 4300 3338 4355 Τὰ
3387 4301 3584 4355 πάντα
3639 4303 3713 4354 οὐ

2158 4391 2442 4461 λήψεται,
2474 4390 2532 4456 ἐξ
2563 4390 2966 4461 ἁντιδιαστολῆς
3022 4391 3082 4444 οὐ
3122 4391 3264 4463 λάϐῃ
3293 4392 3417 4445 τινὰ
3454 4396 3517 4446 ἐκ
3548 4391 3713 4445 πλου-

511 4479 768 4535 stolorum
797 4496 1029 4535 canones
1060 4482 1126 4533 10
1145 4521 1161 4545 ,
1194 4484 1262 4535 45
1292 4492 1345 4536 et
1389 4486 1478 4550 46,
1507 4489 1853 4543 Antiochense
1875 4494 2060 4559 synodi

2168 4500 2257 4537 του
2297 4484 2483 4537 αὑτοῦ.
2548 4483 2845 4551 Ἀνάγνωθι
2899 4482 3008 4535 τῶν
3053 4483 3223 4553 ἁγίων
3275 4484 3588 4537 ἀποστόλων
3619 4502 3710 4538 κα-

510 4585 771 4625 canOnem
802 4570 858 4634 2,
888 4570 1338 4630 Chalcedonensis
1371 4592 1627 4631 canonem
1666 4579 1753 4645 14,
1779 4579 2063 4654 Carthagi-

511 4664 694 4717 nensis
725 4678 983 4719 canonem
1020 4665 1109 4731 11,
1146 4677 1313 4721 sexta:
1344 4671 1531 4737 synodi
1586 4686 1845 4727 canonem
1871 4676 1937 4727 7‘2
1963 4718 1977 4740 ,
2008 4686 2063 4731 et

512 4756 789 4822 prazsentis
826 4758 1001 4825 operis
1043 4757 1123 4812 tit.
1172 4759 1239 4812 12
1264 4799 1280 4825 ,
1328 4776 1446 4829 cap.
1501 4763 1563 4816 15
1588 4802 1602 4828 ,
1637 4774 1691 4818 et
1738 4781 1855 4835 qua:
1888 4768 1943 4822 in
1998 4786 2062 4825 eo

512 4853 661 4901 sunt.

584 5021 833 5078 ZONAR.
866 5027 923 5081 Si
955 5042 1131 5097 neque
1159 5046 1280 5087 cum
1307 5033 1576 5093 haereticis
1600 5042 1781 5109 vesci,
1828 5059 1925 5098 nec
1969 5061 2060 5101 eos

511 5116 878 5184 precationum
911 5121 1086 5176 socios
1117 5124 1390 5191 adhibere,
1421 5146 1519 5184 nec
1547 5135 1614 5186 ab
1634 5135 1712 5187 eis
1737 5136 2061 5191 benedictio-

513 5220 611 5261 nes
643 5206 908 5273 accipere,
945 5207 1186 5267 fidelibus
1216 5231 1525 5273 concessum
1546 5230 1629 5276 est
1650 5261 1664 5287 ,
1697 5225 1862 5279 multo
1889 5228 2060 5283 minus

513 5297 782 5351 connubio
814 5312 933 5351 cum
966 5301 1095 5367 ipsis
1117 5302 1285 5373 jnngi,
1312 5316 1403 5360 aut
1442 5325 1560 5363 cum
1598 5313 1664 5366 iis
1698 5314 1895 5371 liberos
1948 5333 2059 5369 ma-

516 5387 769 5442 trimonio
794 5390 1020 5456 sociare,
1082 5393 1309 5449 tidelium
1372 5401 1619 5471 cuiquam
1672 5404 1873 5460 licebit.
1935 5406 2061 5462 Suis

513 5496 744 5550 namque
776 5484 1052 5537 erroribus
1084 5486 1200 5542 illos
1244 5490 1496 5558 imbuent,
1527 5505 1689 5565 atque
1721 5514 1749 5551 a
1784 5508 1928 5553 recta
1956 5502 2059 5556 ﬁde

511 5574 579 5628 ad
615 5588 895 5643 perversas
925 5576 1226 5646 opiniones,
1254 5582 1445 5653 quibus
1488 5586 1589 5657 ipsi
1634 5588 1825 5646 irretiti
1881 5600 2006 5649 sunt
2037 5631 2057 5663 ,

558 5790 561 5791 ν
584 5763 624 5797 ¹⁵
656 5762 796 5820 Psal.
825 5781 1012 5837 nvnt,
1040 5767 1132 5824 17.

2162 4575 2286 4627 νόνα
2319 4582 2374 4640 ι’,
2414 4581 2517 4644 με’,
2545 4575 2638 4627 καὶ
2668 4581 2791 4643 pg’,
2816 4576 2914 4645 τῆς
2938 4577 2993 4628 ὲν
3041 4576 3339 4650 Ἀντιοχείᾳ
3369 4579 3586 4631 συνόδου
3611 4597 3709 4632 κα-

2161 4685 2287 4720 νονα
2315 4666 2379 4737 β’,
2406 4669 2501 4737 τῆς
2533 4669 2590 4720 ὲν
2618 4668 2923 4736 Χαλκηδόνι
2978 4668 3178 4722 κανόνα
3216 4669 3296 4732 ιδ’,
3342 4670 3442 4738 τῆς
3476 4672 3533 4723 ὲν
3565 4672 3710 4739 Καρ-

2165 4759 2366 4831 θαγένῃ
2391 4761 2589 4812 κανόνα
2615 4757 2721 4823 κα’,
2750 4762 2846 4829 τῆς
2880 4765 2933 4823 ς’
2993 4761 3207 4813 συνόδου
3250 4764 3450 4814 κανόνα
3486 4761 3589 4831 οβ’,
3618 4766 3709 4815 καὶ

2161 4853 2255 4905 τοῦ
2323 4853 2586 4920 παρόντος
2646 4854 3038 4922 συντάγματος,
3100 4854 3276 4906 τίτλου
3322 4854 3407 4925 ιβ’,
3459 4872 3583 4924 stega.
3618 4863 3702 4923 ιγ’,

2164 4948 2256 4999 καὶ
2283 4951 2347 4998 τὰ
2372 4950 2430 4999 ἐν
2468 4945 2651 5013 αὐτῷ,

2170 5090 2171 5093 η
2234 5039 2477 5091 ΖΩΝΑΡ.
2516 5039 2575 5089 El
2604 5038 2962 5107 συνεσθίεινῆ
2997 5036 3352 5107 συνεύχεσθαι
3392 5038 3704 5107 αἱρετικοῖς,

2161 5129 2468 5199 ῆεύλογξας
2524 5129 2582 5193 ἐξ
2628 5129 2803 5181 αὐτῶν
2859 5128 3159 5195 λαμϐάνειν
3212 5130 3339 5191 τοὺς
3393 5132 3613 5189 πιστοὺς
3644 5130 3704 5179 οὐ

2161 5222 2258 5284 δεῖ,
2296 5220 2471 5290 πολλῷ
2506 5221 2704 5290 μᾶλλον
2735 5222 2910 5291 γάμον
2936 5222 3341 5287 συναλλάσσειν,
3377 5225 3470 5274 καὶ
3511 5222 3707 5273 διδόναι

2166 5313 2347 5374 αὐτοῖς
2394 5312 2541 5375 υἱοὺς
2564 5312 2596 5383 ἢ
2638 5313 2950 5381 θυγατέρας
2975 5315 3053 5375 εἰς
3077 5314 3396 5382 ἐπιγαμίαν.
3428 5312 3705 5378 Διδάξουσι

2160 5405 2267 5473 γὰρ
2304 5406 2497 5466 αὐτοὺς
2523 5404 2619 5474 τὴν
2668 5404 2875 5457 οἰκείαν
2909 5406 3249 5470 κακοδοξίαν,
3290 5409 3382 5458 καὶ
3409 5407 3707 5476 μεταστρέ-

2160 5498 2350 5566 φουσιν
2386 5498 2449 5549 ὲκ
2495 5497 2592 5567 τῆς
2650 5497 2815 5568 ὀρθῆς
2865 5497 3095 5560 πίστεως
3146 5498 3225 5559 εἰς
3270 5496 3705 5569 τὰς’διεστραμο

2165 5590 2331 5661 μένας
2366 5589 2520 5654 δόξας
2550 5589 2749 5646 αὐτῶν.
2784 5590 2849 5647 Εἰ
2874 5591 2930 5646 δὲ
2978 5591 3244 5663 αἱρετικοὶ
3276 5574 3703 5659 βούλονται-παῖ·
