3982 6494
406 350 539 414 i389

1490 353 1568 411 iN
1602 351 1768 412 CAN.
1803 351 2038 412 XXXVI
2083 349 2292 411 CONC.
2337 350 2558 412 LAOD.

3511 348 3644 413 1390

395 459 788 530 Μαθηματικοὶ
821 458 870 511 oi
903 459 970 511 τά
1005 459 1233 528 οὐράνια
1275 457 1502 528 σώματα
1541 455 1794 524 δόξαντες
1833 457 1970 526 ἔχειν

2080 471 2174 512 nes
2201 458 2267 512 ad
2295 474 2447 514 suam
2504 459 2838 514 voluntatem
2883 459 3183 514 attrahunt.
3238 457 3607 516 Mathematici
3633 501 3650 522 ,

393 555 496 626 τὴν
535 554 631 606 τοῦ
677 552 878 615 παντὸς
921 553 1256 623 κυριότητα,
1298 553 1392 606 καὶ
1439 553 1580 606 κατὰ
1616 553 1716 622 τὴν
1758 553 1972 622 κίνησιν

392 649 598 700 τούτων
625 646 948 700 διοικεῖσθαι
979 646 1046 699 τά
1074 646 1197 700 καθ’
1223 647 1391 716 ἡμᾶς.
1431 643 1778 716 Ἀστρολόγοι
1807 645 1857 698 oi
1886 645 1975 699 διὰ

393 740 501 792 τῶν
543 740 759 809 ἄστρων
799 738 1194 807 μαντευόμενοι
1235 739 1378 790 κατὰ
1419 735 1742 806 δαιμονικὴν
1783 751 1974 806 συνερι-

394 831 538 898 γίαν,
569 831 664 882 καὶ
690 831 902 893 τούτοις
932 829 1302 892 πιστεύοντες.
1337 830 1491 882 Ἐπεὶ
1516 829 1572 882 δὲ
1599 830 1843 899 τέσσαρὰ
1869 829 1975 880 aiat

395 923 461 974 τὰ
495 921 817 991 μαθήματα,
846 922 1208 992 ἀριθμητικὴ,
1242 920 1500 991 μουσικὴ,
1533 920 1849 991 γεωμετρία
1881 920 1976 972 καὶ

389 1013 730 1082 ἀστρονομία
753 1055 767 1077 ,
807 1015 882 1085 μὴ
916 1016 1075 1086 εἴπῃς
1107 1014 1258 1084 παρὰ
1289 1014 1383 1066 τοῦ
1419 1013 1643 1077 κανόνος
1672 1014 1976 1066 κωλύεσθαι

393 1106 488 1158 καὶ
523 1107 590 1158 τὰ
623 1107 866 1174 τέσσαρα
887 1146 903 1170 ,
938 1106 1073 1159 ἀλλὰ
1109 1107 1278 1176 μόνην
1309 1107 1410 1175 τὴν
1441 1105 1832 1178 ἀστρονομίαν.
1868 1105 1979 1158 Καὶ

391 1199 666 1264 ἀνάγνωθι
695 1199 755 1250 τὸ
785 1197 867 1269 κβ’
894 1199 1089 1267 κεφάλ.
1119 1199 1214 1251 τοῦ
1243 1197 1320 1252 λίπ’
1345 1198 1523 1252 τίτλον
1550 1197 1644 1251 τοῦ
1677 1197 1719 1264 ξ’
1748 1197 1975 1268 βιϐλίου,

391 1289 589 1356 λέγονο
625 1291 691 1343 Ἦ
735 1291 833 1359 μὲν
873 1290 1229 1361 γεωμετρικὴ
1269 1291 1508 1362 δημοσίᾳ
1548 1291 1901 1345 διδάσκεται·
1942 1291 1977 1360 ἡ

391 1381 447 1435 δὲ
483 1383 842 1452 μαθηματικὴ
873 1384 1299 1453 κατακρίνεται,
1329 1384 1402 1445 ὡς
1432 1384 1856 1454 ἁπηγορευμένη
1885 1383 1979 1436 καὶ

393 1473 504 1524 τῶν
537 1473 736 1536 ἔξωθεν
768 1473 1026 1528 παλαιόν.
1058 1473 1469 1544 Μαθηματικὴν
1495 1471 1622 1524 εἰπὲ
1653 1473 1751 1541 τὴν
1780 1474 1978 1542 ἀστρο-

395 1568 606 1634 νομίαν.
643 1565 775 1632 Περὶ
805 1565 862 1616 δὲ
893 1564 986 1616 τοῦ
1023 1565 1142 1625 πῶς
1171 1557 1491 1627 κολάζονται
1523 1562 1628 1616 ὑπὸ
1655 1563 1766 1615 τῶν
1794 1562 1977 1632 νόμων

395 1659 444 1708 οἱ
488 1659 650 1725 μάγοι
683 1656 780 1708 καὶ
810 1656 859 1708 oi
893 1656 1134 1708 ὲπαοιδοὶ
1173 1656 1266 1708 καὶ
1297 1653 1552 1720 τοιοῦτοι,
1576 1652 1849 1721 ἀνάγνωθι
1882 1653 1978 1706 τοῦ

396 1747 560 1801 αὑτοῦ
606 1747 683 1799 λθ¹
713 1748 892 1800 τίτλου
936 1749 1028 1802 τοῦ
1077 1744 1118 1814 ξ’
1149 1747 1356 1818 βιϐλίου
1397 1747 1460 1800 τὸ
1503 1745 1588 1814 κγ’
1619 1745 1838 1814 κεφάλ..
1884 1737 1980 1798 καὶ

2080 552 2171 618 qui
2195 552 2491 620 opinantur
2550 567 2782 622 corpora
2847 553 3094 608 caelestia
3151 552 3355 608 habere
3409 554 3651 610 universi

2081 643 2537 710 dominationem,
2573 645 2868 714 omniaque
2896 656 3087 702 nostra
3143 645 3212 700 ah
3259 659 3450 700 eorum
3501 657 3653 701 motu

2079 734 2474 792 administrari.
2514 738 2829 808 Astrologi,
2860 739 2955 808 qui
3007 753 3104 808 per
3160 746 3311 793 astra
3361 737 3606 792 divinant
3635 775 3652 798 .

2079 829 2342 882 auxilium
2372 831 2451 886 eis
2481 829 2694 908 ferente
2726 831 2998 896 daemone,
3031 839 3088 885 et
3111 830 3193 886 eis
3225 829 3474 885 credunt.
3513 827 3652 894 Quia

2081 931 2262 976 autem
2297 933 2424 977 sunt
2446 934 2683 994 quatuor
2715 924 3042 979 mathemata
3067 961 3085 989 ,
3120 923 3465 978 arithmetica
3486 960 3504 987 ,
3532 935 3656 977 mtt-

2083 1011 2217 1075 sica,
2259 1014 2553 1080 geometria
2605 1021 2659 1069 et
2704 1013 3083 1078 astronomia,
3117 1027 3187 1068 ne
3225 1013 3432 1068 dixeris
3483 1013 3650 1067 etiam

2083 1117 2316 1176 quatuor
2345 1124 2377 1162 a
2404 1123 2614 1164 canone
2655 1109 2976 1180 prohiberi;
3037 1109 3134 1165 sed
3187 1109 3359 1164 solam
3397 1115 3653 1163 astrono.

2083 1203 2270 1258 miam.
2309 1201 2372 1255 Et
2402 1201 2516 1271 lege
2541 1217 2664 1271 cap.
2692 1201 2787 1265 22,
2822 1203 2908 1258 tit.
2938 1203 3032 1265 59,
3064 1202 3158 1257 lib.
3189 1217 3254 1256 ιι
3293 1199 3650 1255 Basilicorttm

2083 1293 2227 1363 quod
2264 1294 2396 1347 dicit
2422 1335 2436 1359 ,
2485 1292 2794 1348 Geometria
2841 1295 3063 1364 quidem
3119 1295 3336 1364 publice
3379 1295 3606 1348 docetur
3635 1334 3650 1354 ,

2089 1383 2472 1439 mathematica
2505 1394 2686 1438 autem
2717 1386 3134 1448 condemnatur,
3168 1395 3229 1441 ut
3259 1386 3531 1453 prohibita
3560 1402 3654 1440 ea-

2079 1476 2377 1544 ternaiege
2407 1477 2596 1532 veteri.
2622 1477 2716 1531 Dic
2737 1478 3204 1543 mathematicam,
3230 1478 3648 1534 astronomiam.

2085 1567 2366 1634 Quomodo
2398 1580 2576 1623 autem
2605 1585 2634 1624 a
2669 1570 2876 1641 legibus
2913 1571 3216 1639 puniuntur
3259 1571 3397 1639 magi
3420 1612 3436 1635 ,
3466 1570 3653 1624 incan~

2091 1668 2319 1723 latores,
2361 1669 2414 1713 et
2440 1660 2734 1728 ejusmodi,
2766 1660 2882 1730 lege
2907 1659 3155 1728 ejusdem
3187 1660 3272 1713 tit.
3308 1659 3400 1722 39.
3431 1659 3530 1714 iih.
3558 1673 3650 1722 ιι,

2088 1763 2211 1818 cap.
2243 1749 2313 1804 9.3
2343 1758 2398 1804 et
2423 1750 2682 1819 deinceps
2714 1765 2887 1820 usque
2909 1750 2976 1804 ad
3006 1751 3188 1804 tinem.
3219 1747 3413 1815 Quaere
3439 1758 3493 1806 et
3524 1764 3648 1820 cap.‘

394 1842 593 1909 ἐφεξῆς
627 1842 789 1910 μέχρι
821 1841 1029 1904 τέλους.
1063 1842 1227 1911 Ζήτει
1257 1841 1354 1893 καὶ
1384 1840 1446 1892 τὸ
1473 1836 1524 1908 γ’
1545 1840 1739 1909 κεφάλ.
1775 1838 1872 1892 τοῦ
1910 1831 1970 1908 ιβ¹

2085 1841 2141 1903 5,
2169 1840 2255 1895 tit.
2283 1841 2350 1894 ιε
2387 1843 2670 1910 praemis
2699 1844 2904 1911 operis.

393 1931 577 1998 τίτλου
603 1932 699 1985 τοῦ
733 1933 1000 2001 παρόντος
1031 1933 1430 2002 συντάγματος.

465 2024 711 2078 ΖΩΝΑΡ.
755 2024 1004 2093 Μαγείας
1050 2023 1413 2093 μετέρχεσθαι
1455 2023 1487 2093 ἦ
1531 2005 1813 2087 ὲάταοιδίας
1849 2025 1975 2087 τοὺς

394 2117 847 2186 κεκληρωμένους
877 2117 904 2168 ὁ
937 2115 1115 2168 κανὼν
1143 2116 1362 2169 κωλύει.
1399 2114 1681 2168 Ἑπαοιδαὶ
1708 2115 1765 2169 δὲ
1795 2115 1849 2168 al
1878 2132 1976 2184 γο-

396 2209 572 2278 ητείαί
613 2212 772 2262 εἰσιν.
811 2208 987 2276 Ἀοιδὴ
1025 2211 1131 2277 γὰρ
1166 2208 1198 2277 ἡ
1231 2208 1507 2278 τραγῳδία
1541 2208 1705 2263 ἐστίν.
1741 2207 1804 2260 Οί
1840 2207 1974 2276 γοῦν

395 2302 591 2368 γόητες
624 2300 806 2360 ἀοιδάς
839 2315 990 2362 τινας
1011 2338 1025 2362 ,
1058 2300 1223 2369 {now
1251 2299 1464 2370 ἐπῳδὰς
1494 2300 1744 2367 λέγοντες
1763 2340 1777 2361 ,
1811 2299 1974 2368 ἐφέλ-

391 2405 490 2442 κον
503 2408 582 2442 ται
611 2391 887 2458 δαίμονας,
923 2391 951 2460 ἦ
983 2391 1076 2442 καὶ
1101 2389 1267 2459 θηρία
1298 2387 1718 2459 καταδεσμοῦσι,
1751 2390 1844 2441 καὶ
1873 2389 1969 2458 ἑρο

393 2486 554 2538 vra-ci.
588 2484 706 2537 Εἰσὶ
735 2485 842 2553 γάρ
872 2501 1018 2546 τινες
1047 2482 1118 2545 οἳ,
1150 2483 1381 2552 κτήνους
1413 2483 1517 2549 ἔξω
1545 2498 1647 2534 που
1677 2483 1776 2550 τῆς
1805 2481 1975 2535 ἐπαύ-

394 2574 530 2638 λεως
567 2575 745 2630 αὐτῶν
782 2576 1254 2644 καταλειφθέντος,
1294 2575 1362 2628 δι’
1393 2572 1675 2636 ἐπαοιδίας
1714 2573 1974 2642 δεσμοῦσι

393 2667 518 2727 τοὺς
565 2663 966 2728 λύκους,“ὤστε
1012 2667 1084 2735 μὴ
1130 2665 1387 2719 δύνασθαι
1430 2665 1628 2726 αὐτοὺς
1673 2663 1873 2735 βλάψαι
1913 2666 1976 2718 rb

398 2757 538 2820 ζῶον
570 2759 688 2826 μετ’
709 2756 874 2810 αὑτοῦ
905 2757 1435 2826 ἀναστρεφομένους,
1463 2755 1538 2820 ὡς
1564 2757 1704 2826 τάχα
1732 2757 1974 2827 πληροῦ-

399 2853 522 2905 σθαι
552 2853 610 2904 τὸ
639 2852 738 2920 τῆς
773 2852 991 2922 Γραφῆς
1012 2893 1027 2915 ,
1059 2853 1152 2916 τὸ,
1185 2851 1756 2921 Συμὸοσκηθήσεται
1787 2853 1974 2918 λύκος

395 2945 542 3011 μετὰ
579 2945 796 3012 ἀρνός·
835 2946 928 2998 καὶ
965 2945 1114 3000 ἄλλοι
1153 2946 1303 3015 δφεις
1341 2948 1842 3016 καταγοητεύουσι,
1880 2947 1974 3001 καὶ

395 3037 617 3098 τούτους
654 3037 1155 3106 μεταχειρίζονται,
1191 3039 1284 3090 καὶ
1318 3038 1540 3108 ἀδηκτοι
1573 3039 1631 3104 ἐξ
1663 3039 1840 3092 αὐτῶν
1872 3040 1969 3111 μέ-

2148 2017 2317 2088 470
2349 2016 2600 2072 ΖΟΝΔΒ.
2638 2015 2928 2073 Veneficiis
2968 2028 3133 2088 atque
3185 2019 3652 2086 incantationibus

2077 2123 2300 2178 operam
2353 2123 2553 2165 navare
2600 2109 2788 2170 clerici
2843 2111 2948 2166 hoc
2987 2124 3198 2165 canone
3264 2110 3646 2180 prohibentur.

2077 2198 2218 2254 Sunt
2251 2209 2378 2258 vero
2403 2200 2676 2265 ὲπαοιδαὶ,
2701 2199 2754 2255 id
2778 2187 2884 2261 est;
2913 2197 3317 2256 incantationes
3338 2200 3477 2256 idem
3497 2200 3647 2269 quod

2078 2291 2380 2364 praeﬁgite.
2429 2293 2612 2364 Ἀοιδὴ
2639 2296 2807 2358 enim,
2843 2294 2895 2349 id
2922 2303 3029 2356 est,
3060 2296 3244 2349 cantio
3273 2307 3370 2350 seu
3399 2305 3646 2358 carmen,

2077 2387 2340 2456 tragtedia
2378 2398 2482 2443 est.
2513 2386 2950 2456 Pra-stigiatorea
2982 2401 3113 2458 ergo
3147 2386 3488 2446 carminibus
3528 2387 3650 2456 qui-

2079 2480 2307 2536 husdam
2342 2481 2457 2536 sive
2486 2480 2954 2535 broantationibus
2977 2482 3259 2544 daemones
3291 2480 3358 2534 ad
3411 2495 3476 2536 ae
3524 2480 3649 2534 alli-

2076 2573 2253 2633 ciunt,
2285 2585 2349 2626 ac
2379 2571 2526 2627 feras
2551 2585 2772 2642 quoque
2800 2581 2853 2626 e‘t
2881 2571 3095 2642 reptilia
3137 2572 3483 2628 devinciunt.
3508 2570 3651 2627 Sunt

2075 2665 2264 2728 etiam,
2293 2663 2387 2734 qui
2408 2663 2660 2731 iumento
2685 2679 2786 2719 suo
2816 2671 2970 2718 extra
3008 2665 3196 2720 urbem
3241 2665 3436 2720 relicto
3459 2703 3475 2727 ,
3524 2679 3649 2719 car-

2077 2756 2318 2811 minibus
2345 2757 2418 2809 itn
2447 2758 2603 2826 lupos
2633 2755 3122 2826 obstupefaciunt,
3156 2765 3218 2810 ut
3261 2758 3397 2812 nihil
3445 2757 3514 2812 ab
3565 2759 3647 2826 eis

2073 2862 2255 2911 noue,
2307 2847 2562 2916 quamvis
2610 2863 2712 2902 una
2763 2849 3087 2918 degentibus
3137 2850 3400 2904 auimanti
3457 2848 3647 2905 inferri

2075 2950 2234 3010 queat
2259 2956 2274 3000 ;
2314 2953 2380 2993 ex
2413 2951 2522 3009 quo
2553 2939 2781 3008 proinde
2807 2939 2944 2995 forte
2967 2941 3098 2996 illud
3133 2956 3197 2995 ex
3228 2945 3398 2996 sacris
3425 2939 3647 2997 Litteris

2075 3043 2342 3098 usurpare
2371 3029 2564 3082 liceat:
2600 3026 2859 3082 Pasutur
2885 3029 3040 3097 lupus
3079 3044 3196 3082 cum
3221 3031 3371 3100 agnis
3420 3030 3486 3084 ⁸⁸.
3534 3031 3645 3084 Alii

395 3144 595 3180 νουσιν.
628 3127 764 3180 Ἀλλ’
787 3129 905 3180 οὐδὲ
941 3131 1410 3202 μαθηματικοῦςιῆ
1441 3135 1799 3205 ἀστρολόγους
1825 3130 1965 3188 εἶναι

2077 3133 2362 3189 serpentes
2435 3119 2740 3173 incantatos
2811 3120 2886 3173 ita
2939 3120 3192 3174 manibus
3249 3128 3490 3174 tractant
3509 3158 3530 3183 .,
3586 3133 3645 3176 ut

396 3219 520 3278 τοὺς
550 3219 876 3289 ίερωμένους
905 3221 1173 3290 βούλεται.
1201 3224 1451 3296 Τέσσαρα
1477 3227 1534 3279 δέ
1564 3229 1668 3280 είσι
1691 3227 1758 3280 τὰ
1788 3225 1971 3298 βιϐλία

393 3310 463 3362 τά
484 3311 748 3380 λεγόμενα
773 3313 1154 3382 μαθηματικά,
1175 3317 1531 3389 ἀριθμητικὴ,
1555 3320 1811 3392 μουσικὴ.
1831 3339 1970 3390 γεω-

397 3405 622 3474 μετρία,
661 3406 754 3458 ita".
792 3407 1140 3477 ἀστρονομία.
1179 3410 1250 3461 Οὐ
1286 3411 1456 3464 ταῦτα
1492 3413 1668 3466 τοίνυν
1703 3415 1968 3483 ἀναγινώ-

400 3511 549 3546 σκειν
577 3497 603 3547 ό
636 3493 845 3555 κανὼν,
876 3489 1060 3565 οἶμαι,
1093 3498 1376 3567 ἀπείργει,
1409 3501 1544 3553 ἀλλὰ.
1573 3503 1632 3554 τὸ
1665 3502 1971 3573 περιέργως

395 3586 577 3640 αὐτοῖς
606 3587 934 3657 κεχρῆσθαι·
959 3591 1009 3642 εί
1034 3591 1142 3659 γάρ
1162 3609 1244 3653 τις
1271 3592 1434 3662 είδείη
1460 3595 1595 3664 ὅτιή
1623 3595 1788 3664 μονὰς
1814 3595 1971 3666 ἀριθ-

399 3679 495 3746 μδς
523 3679 620 3730 οὐκ
652 3679 794 3742 ἔστι,
823 3680 997 3733 καίτοι
1024 3685 1316 3754 γεννητικῇ
1343 3684 1478 3739 οὖσα
1508 3687 1704 3748 παντὸς
1733 3687 1967 3758 ἀριθμοῦ

397 3766 648 3837 (ἀριθμὸς
680 3769 790 3840 γὰρ
821 3768 881 3821 τὸ
915 3771 978 3823 ἐκ
1014 3772 1258 3842 μονάδων
1290 3773 1494 3844 πλῆθος
1523 3775 1785 3844 ὁρίζεται,
1819 3778 1886 3833 δι’
1910 3781 1969 3834 ὃν

396 3859 554 3926 λόγον
598 3859 716 3912 οἱδὶ
760 3861 793 3930 ἡ
837 3863 968 3925 δυάς
1011 3862 1234 3930 λέγεται
1279 3866 1540 3938 ἀριθμὸς,
1583 3869 1668 3922 ὅτι
1710 3871 1810 3924 οὐκ
1853 3871 1968 3942 ἔχει

399 3950 600 4019 πλῆθος
641 3952 928 4021 μονάδων),
967 3955 1059 4006 καὶ
1102 3955 1182 4008 ὅτι
1225 3957 1258 4022 ἡ
1298 3957 1430 4021 δυὰς
1471 3959 1565 4012 καὶ
1608 3962 1966 4035 συντιθεμένη

397 4044 492 4093 καὶ
511 4042 1086 4114 πολλαπλασιαζομένη
1104 4045 1209 4098 τῶν
1225 4051 1466 4119 τέσσαρα
1485 4050 1796 4122 συνίστησιν
1812 4054 1970 4124 ἀριθ-

400 4134 528 4204 μὸν,
561 4136 654 4188 καὶ
682 4137 742 4189 οὐ
774 4137 934 4189 πλέον
964 4156 1014 4190 τι
1048 4138 1149 4208 (δὶς
1177 4138 1285 4211 γὰρ
1313 4141 1485 4195 εἰπὼν
1508 4144 1578 4196 τὰ
1604 4142 1698 4198 δύο
1725 4145 1967 4216 τέσσαρα

398 4225 645 4291 συνάξεις
668 4266 680 4287 ,
713 4226 810 4280 καὶ
838 4228 929 4280 δύο
960 4229 1051 4281 καὶ
1082 4228 1173 4280 δύο
1203 4230 1444 4283 ἐπειπὼν
1465 4273 1480 4298 ,
1513 4233 1612 4285 οὐκ
1643 4234 1801 4289 ἄλλον
1829 4239 1967 4290 ἀπο-

394 4316 632 4378 τελέσεις
678 4317 909 4387 ἀριθμὸν
952 4319 1130 4390 ἀλλ’ἢ
1171 4320 1262 4375 τὸν
1305 4321 1489 4393 αὑτὸν)
1541 4325 1636 4385 καὶ
1676 4325 1820 4391 τίνες
1859 4329 1968 4382 τῶν

393 4405 644 4476 ἀριθμῶν
671 4409 938 4478 περιττοὶ,
971 4411 1064 4462 καὶ
1088 4411 1232 4474 τίνες
1261 4412 1459 4482 ἄρτιοι,
1488 4419 1582 4469 δια)⁵
1607 4417 1749 4483 τίνες
1778 4436 1968 4490 περισ-

2074 3228 2260 3268 morsu
2293 3222 2476 3269 tamen
2505 3217 2573 3270 ab
2603 3215 2714 3272 illis
2743 3231 3086 3286 nequaquam
3142 3224 3493 3287 appetantur.
3531 3217 3642 3272 Sed

2073 3309 2586 3364 mathematicorum
2624 3324 2841 3381 quoque
2866 3319 2959 3365 aut
3011 3311 3416 3380 astrologorum
3471 3311 3636 3366 disci-

2071 3401 2253 3471 plinas
2279 3401 2465 3465 abiis,
2497 3402 2588 3471 qui
2623 3416 2784 3456 sacro
2811 3400 2995 3456 ordini
3040 3401 3239 3455 initiati
3275 3409 3443 3466 sunt,
3481 3417 3641 3458 exer.

2074 3495 2184 3550 ‘ceri
2217 3511 2325 3550 non
2357 3497 2509 3551 sinit.
2546 3493 2792 3562 Quatuor
2830 3511 2997 3566 porro
3029 3496 3151 3551 libri
3180 3506 3306 3551 sunt
3335 3496 3642 3552 mathema-

2075 3583 2164 3641 tici
2192 3586 2512 3656 nuncupati,
2545 3588 2749 3657 quibus
2775 3587 3078 3657 disciplina:
3106 3597 3347 3656 quatuor
3388 3589 3645 3644 arithme-

2068 3678 2198 3744 tica,
2219 3679 2448 3743 musica,
2470 3680 2784 3750 geometria,
2805 3679 3249 3749 astronomiaque
3270 3682 3641 3736 continentur.

2072 3769 2189 3825 Non
2233 3765 2400 3841 igitur
2425 3809 2440 3834 ,
2476 3781 2535 3824 ιιι
2565 3777 2693 3840 puto
2729 3809 2742 3834 ,
2775 3783 2872 3824 eos
2906 3769 3077 3825 libros
3104 3769 3330 3824 omnino
3363 3769 3466 3838 legi
3495 3783 3512 3836 ;
3545 3767 3644 3833 sed

2076 3864 2304 3918 nimium
2330 3864 2386 3918 in
2413 3863 2495 3918 eis
2524 3863 2761 3918 studium
2823 3875 3002 3919 canon
3058 3862 3306 3917 adhiberi
3356 3870 3523 3918 vetat.
3584 3861 3645 3918 Si

2071 3957 2194 4025 quis
2221 3957 2424 4012 etenim
2455 3957 2716 4012 unitatem
2751 3972 2858 4012 non
2891 3972 3014 4014 esse
3047 3971 3362 4021 numerum,
3390 3956 3644 4028 quamvis

2071 4049 2240 4105 totius
2274 4050 2490 4104 numeri
2525 4049 2876 4114 eiectricem,
2905 4050 3120 4106 noverit
3155 4051 3442 4120 (numerus
3485 4064 3643 4106 nam-

2070 4155 2178 4210 que
2203 4139 2495 4194 multitudo
2526 4141 2797 4196 unitatum
2834 4155 2956 4196 esse
2979 4139 3243 4195 delinitur
3266 4154 3284 4200 ;
3307 4148 3644 4208 quapropter

2072 4247 2249 4302 neque
2279 4233 2527 4287 hinarius
2561 4249 2821 4288 numerus
2861 4247 2983 4289 esse
3011 4242 3268 4288 censetur
3301 4271 3317 4296 ,
3341 4233 3485 4301 quod
3519 4231 3643 4285 uni-

2071 4333 2246 4379 tatum
2282 4323 2632 4381 multitudine
2650 4328 2895 4396 careat);
2925 4326 2976 4382 si
3005 4326 3134 4382 item
3163 4341 3230 4382 ex
3259 4325 3494 4388 binario,
3523 4326 3641 4380 sive

2073 4418 2398 4487 composito,
2432 4419 2550 4474 sive
2577 4418 2826 4486 repetito,
2857 4418 2990 4472 nihil
3013 4433 3176 4489 supra
3224 4415 3638 4487 quaternarium

397 4499 557 4561 σάκις
591 4501 863 4570 περισσοὶ,
895 4501 990 4552 καὶ
1017 4500 1159 4564 τίνες
1189 4503 1442 4572 ἀρτιάκις
1471 4507 1667 4575 ἄρτιοι,
1699 4513 1792 4564 καὶ
1819 4513 1963 4578 τίνες

2076 4507 2203 4564 eiiici
2243 4509 2379 4564 sciat
2413 4509 2570 4578 (sive
2599 4511 2744 4564 enim
2773 4511 2858 4565 bis
2909 4509 3019 4565 duo
3046 4551 3061 4576 ,
3096 4508 3212 4565 sive
3265 4509 3373 4564 duo
3425 4518 3479 4563 et
3529 4507 3640 4563 duo

393 4590 647 4658 ἀρτιάκις
676 4592 918 4660 περιττοί
943 4609 957 4623 ο
988 4594 1081 4645 καὶ
1111 4596 1254 4645 ποῖοι
1286 4597 1614 4665 περισσάκις
1643 4601 1843 4670 ἄρτιοι,
1870 4607 1966 4659 καὶ

392 4681 537 4741 τίνες
563 4680 670 4732 τῶν
696 4681 948 4751 ἀριθμῶν
977 4683 1172 4737 τέλειοι
1190 4727 1204 4749 ,
1229 4686 1371 4750 τίνες
1395 4688 1450 4740 δὲ
1481 4691 1723 4757 ἀτελεῖς,
1754 4699 1894 4749 ποῖοι
1920 4699 1965 4751 δ’

391 4772 677 4836 ιπίπεδοι,
717 4775 813 4827 καὶ
853 4777 994 4827 ποῖοι
1031 4775 1279 4844 λέγονται
1319 4783 1564 4852 στερεοὶ,
1607 4787 1750 4851 τίνες
1787 4788 1834 4841 δ’
1859 4793 1965 4845 εἰσὶ

390 4865 750 4932 τετράγωνοι,
779 4867 874 4918 καὶ
901 4866 1043 4930 τίνες
1071 4870 1363 4924 καλοῦνται
1394 4874 1584 4942 κύὸοι,
1616 4881 1708 4932 καὶ
1735 4881 1790 4933 τί
1819 4883 1964 4937 ἐστιν

393 4957 672 5024 ἀναλογία,
701 4959 793 5010 καὶ
817 4958 892 5022 ὡς
918 4959 1052 5013 δίκα
1083 4956 1243 5017 αὗται
1286 4965 1378 5017 τὸν
1406 4968 1657 5040 ἀριθμὸν,
1685 4976 1777 5026 καὶ
1803 4976 1835 5044 ἡ
1867 4976 1964 5046 μὲν

391 5046 753 5119 ἀριθμητικὴ,
783 5051 815 5120 ἡ
847 5049 902 5103 δὲ
934 5054 1311 5124 γεωμετρικὴ,
1343 5056 1376 5125 ἡ
1407 5057 1461 5110 δέ
1491 5077 1570 5123 τις
1605 5061 1898 5136 ἁρμονικὴ,
1931 5067 1964 5136 ἠ

390 5137 438 5191 δ’
465 5139 682 5193 ἐναντία
710 5141 913 5214 ταύτῃ,
949 5147 1042 5197 καὶ
1079 5145 1135 5198 ai
1179 5147 1400 5211 λοιπαὶ,
1432 5151 1526 5203 καὶ
1555 5153 1720 5207 τᾶλλα
1761 5157 1858 5211 ὅσα
1886 5158 1963 5229 τῷ

397 5229 680 5297 μαθήματι
706 5233 878 5304 τούτῳ
907 5237 1366 5308 ιμπεριείληπτσι
1386 5255 1401 5271 ⁶
1434 5242 1482 5293 εί
1515 5242 1560 5294 δ’
1583 5244 1674 5297 ἰπὶ
1700 5247 1798 5316 τῆς
1835 5267 1966 5318 μου·

395 5321 553 5388 σικῆς
581 5323 736 5392 γνοίη
764 5341 847 5387 τις
871 5326 925 5378 τί
972 5328 1073 5396 μέν
1113 5331 1227 5382 ἐστι
1257 5329 1518 5400 φθόγγος,
1543 5334 1596 5386 τί
1623 5336 1680 5388 δὲ
1713 5338 1965 5409 φθόγγων

388 5413 686 5483 διάστημα,
724 5417 776 5468 τί
809 5417 867 5470 δὲ
904 5419 1174 5492 σύστημα,
1215 5427 1308 5478 καὶ
1346 5429 1398 5478 τί
1429 5428 1696 5498 θάρμονία,
1736 5434 1828 5486 καὶ
1868 5436 1962 5499 τὰς

389 5508 500 5562 τῶν
533 5509 788 5577 φθόγγων
821 5517 1192 5586 προτηγορίας
1216 5559 1230 5580 ,
1264 5522 1354 5572 καὶ
1388 5523 1440 5573 τί
1487 5524 1585 5592 μὲν
1619 5519 1753 5596 νήτη
1776 5566 1788 5589 ,
1826 5528 1878 5579 τί
1916 5528 1961 5581 δ’

393 5600 597 5670 ὑπάτη,
628 5601 722 5654 καὶ
755 5606 1066 5675 παρυπάτη,
1099 5609 1248 5663 οὐδὲν
1277 5613 1408 5682 πρὸς
1443 5616 1643 5680 πίστιν,
1675 5618 1794 5672 οὐδὲ
1826 5621 1961 5692 πρὸς

467 5781 509 5813 ⁸³
534 5777 633 5836 lsa.
659 5798 782 5848 tu,
814 5786 902 5839 95.

2069 4602 2298 4665 dixeris,
2331 4616 2436 4656 non
2463 4602 2602 4658 alius
2645 4603 2768 4659 inde
2793 4619 2823 4656 a
2848 4603 3202 4674 quaternario
3231 4617 3490 4658 numerus
3539 4617 3638 4658 ex-

2067 4695 2247 4764 sistet)
2271 4711 2285 4760 ;
2305 4709 2659 4749 numerorum
2688 4709 2929 4765 quoque,
2967 4694 3059 4765 qui
3091 4695 3327 4764 impares
3344 4695 3456 4749 sint
3477 4694 3640 4764 Quive

2069 4800 2270 4857 pares;
2326 4788 2548 4856 quinam
2613 4788 2955 4857 inaequaliter
3004 4789 3283 4859 impares,
3349 4792 3441 4861 qui
3507 4805 3639 4845 vero

2067 4880 2352 4952 aqualiter
2379 4879 2537 4951 p‘ares
2563 4898 2577 4935 :
2609 4882 2834 4948 quinam
2874 4882 3160 4952 aequaliter
3205 4883 3442 4953 impares
3472 4922 3487 4947 ,
3517 4888 3638 4952 qui-

2066 4988 2174 5042 que
2202 4975 2543 5043 inaequaliter
2577 4991 2768 5044 pares;
2803 4977 2896 5046 qui
2920 4977 3118 5032 deinde
3163 4991 3229 5032 ex
3283 4977 3364 5032 eis
3413 4979 3639 5048 perl'crti

2068 5069 2272 5138 quique
2312 5068 2649 5138 imper-loeti;
2681 5070 2902 5138 quinam
2945 5066 3128 5138 plani,
3180 5070 3270 5140 qui
3312 5069 3510 5131 solidi,
3545 5069 3636 5137 qui

2065 5161 2340 5230 quadrati,
2377 5162 2574 5216 cuhive
2608 5162 2994 5227 nominentur;
3045 5171 3159 5216 tum
3208 5173 3340 5216 vero
3383 5162 3512 5230 quid
3569 5165 3632 5213 sit

2067 5255 2336 5324 analogia,
2371 5255 2668 5323 decemque
2711 5254 2854 5308 illius
2906 5251 3109 5308 formas
3133 5297 3146 5318 ,
3193 5254 3633 5314 arithmeticam,

2067 5348 2470 5416 geometricam,
2501 5347 2872 5402 harmonicam
2899 5389 2914 5413 ,
2951 5355 3064 5402 tum
3101 5348 3229 5400 huic
3259 5345 3588 5400 contrariam
3619 5383 3636 5408 ,

2068 5438 2308 5508 aliasque
2336 5449 2617 5510 praeterea,
2646 5453 2708 5492 ac
2749 5455 3088 5509 quaecunque
3138 5440 3356 5492 demum
3403 5436 3504 5490 hac
3546 5435 3635 5490 di-

2068 5534 2292 5600 sciplma
2329 5535 2715 5598 continentur;
2753 5533 2950 5589 deinde
2987 5549 3053 5588 ex
3090 5531 3310 5586 musicis
3338 5571 3350 5593 ,
3386 5530 3513 5600 quid
3565 5530 3672 5584 sit.

2070 5641 2239 5679 sonus
2262 5666 2274 5685 ,
2307 5641 2427 5692 qutc
2451 5640 2706 5681 sonorum
2754 5624 3037 5680 intervalla
3081 5624 3327 5689 romplrx
3355 5638 3595 5691 nuesque
3616 5661 3633 5687 ,
