3982 6494
442 463 574 529 l3l3

447 671 742 765 Ἰουδαίοις,
775 679 808 750 ἢ
837 679 984 745 ξένια
1026 685 1243 758 ἑορτῆς,
1276 690 1466 761 ἄζυμα
1495 671 1658 763 τυχὸν
1700 696 1732 765 ἢ
1762 699 2006 753 τοιοῦτόν

432 777 504 822 τι,
561 763 816 835 δέχεσθαι
867 777 996 844 παρ’
1049 777 1249 842 αὐτῶν,
1304 781 1563 852 ἢέλαιον
1620 787 1862 852 ἁπάγειν
1916 794 2002 855 εἰς

433 853 603 954 ἐθνῶν
631 859 796 930 ίερὸν,
829 863 862 934 ἢ
897 867 976 930 είς
1009 874 1335 943 συναγωγὴν
1351 874 1646 942 Ἰουδαίων,
1682 882 1778 934 καὶ
1805 853 2001 954 λύχνον

433 945 659 1001 ἅπτειν·
695 954 821 1015 τοὺς
849 957 904 1009 δὲ
937 963 1177 1016 τοιοῦτόν
1221 982 1274 1018 τι
1309 968 1620 1036 ποιοῦντας,
1656 974 1995 1046 κληρικοὺς,

431 1039 813 1110 καθαιρεῖσθαι
846 1049 1081 1116 κελεύει,
1120 1056 1342 1118 λαῖκοὺς
1378 1060 1435 1114 δὲ
1473 1039 1854 1135 ἀφορίζεσθαι.
1900 1069 2001 1123 Ἐκ

428 1131 636 1186 τούτων
667 1138 759 1190 οὖν
791 1140 897 1194 τῶν
927 1138 1167 1200 κανόνων
1202 1152 1297 1204 καὶ
1335 1155 1383 1206 oi
1410 1155 1511 1226 τῆς
1542 1159 1759 1212 συνόδου
1790 1161 1998 1234 ταύτης

426 1223 742 1294 ὁρμώμενοι
797 1235 923 1300 τοὺς
983 1239 1261 1310 παρόντας
1330 1249 1559 1313 κανόνας
1623 1252 1992 1322 ἐξεφώνησαν.

426 1316 584 1385 Ζητει
612 1325 703 1373 καὶ
735 1327 831 1387 τῆς
862 1329 919 1380 ἐν
946 1332 1277 1408 Καρθαγένῃ
1313 1342 1531 1394 συνόδου
1568 1346 1768 1398 κανόνα
1795 1345 1859 1413 ξ’.

421 1584 642 1643 ΑΡΙΣΤ.
678 1612 694 1642 ι
727 1596 801 1648 Οὐ
836 1604 1220 1671 συνεορτάσεις
1259 1607 1558 1678 Ἰ-ῖὸραίοις,
1593 1613 1624 1682 ἦ
1663 1615 1985 1686 αίρετικοίς.

496 1697 514 1730 ι
558 1683 688 1736 Οὐδὲ
755 1687 879 1760 δέξῃ
945 1695 1011 1746 τὰ
1077 1696 1386 1768 καλούμενα
1449 1705 1578 1776 παρ’
1634 1705 1813 1760 αὐτῶν
1868 1711 1988 1782 ὲορο

493 1791 511 1822 ι
550 1782 803 1835 ταστικά.
842 1803 857 1834 ι

489 1867 731 1939 Οὐδεμία
765 1879 1024 1931 κοινωνία
1071 1886 1210 1949 φωτὶ
1261 1887 1395 1955 πρὸς
1439 1893 1650 1954 σκότος.
1681 1894 1780 1947 Διὰ
1824 1897 1980 1951 τοῦτο

415 1957 547 2021 γοῦν
574 1961 697 2015 οὐδὲ
731 1968 841 2028 τοῖς
866 1970 1164 2040 αἱρετικοῖς
1195 1975 1226 2045 ἧ
1265 1980 1378 2039 τοῖς
1412 1980 1688 2043 Ἰουδαίοις
1717 1987 1987 2055 Χριστια-’

413 2049 503 2112 νὸς
546 2060 920 2125 συνεορτάσει,
959 2064 1078 2116 οὐδὲ
1112 2067 1175 2118 τὰ
1204 2069 1263 2118 ἐν
1287 2073 1407 2133 ταῖς
1439 2073 1656 2141 ἑορταῖς
1687 2078 1867 2132 αὐτῶν
1892 2098 1986 2133 τε-

410 2143 670 2213 λούμενα,
699 2146 810 2203 οἷον
843 2155 1028 2224 ἄζυμα
1064 2159 1095 2226 ἦ
1126 2178 1180 2212 τι
1214 2163 1480 2232 τοιοῦτον,
1504 2167 1856 2242 ὑποδέξηται.

1003 2250 1244 2304 ΚΑΝΩΝ
1291 2253 1380 2307 Μ’.

415 2346 434 2378 ι
475 2329 600 2383 ’Ότι
643 2335 705 2387 οὐ
748 2335 828 2388 δεῖ
857 2339 1194 2406 ἐπισκόπους
1238 2347 1609 2417 καλουμένους
1645 2355 1726 2420 είς
1763 2357 1983 2415 σύνοδον

482 2443 498 2472 ι
541 2433 938 2521 καταφρονεῖν,
983 2433 1100 2488 ἀλλ’
1136 2439 1354 2494 ἀπιέναι
1390 2445 1482 2497 καὶ
1513 2447 1791 2504 διδάσκειν
1833 2453 1864 2521 ἢ
1898 2455 1980 2506 δι-

482 2534 500 2566 ι
536 2505 860 2585 δᾶσκεσθαι,
892 2528 973 2588 είς
1003 2529 1344 2600 κατόρθωσιν
1374 2539 1470 2604 τῆς
1517 2505 1976 2613 Ἐκκλησίαςικαὶ

479 2626 495 2655 ι
538 2610 646 2664 τῶν
674 2611 901 2670 λοιπῶν.
937 2619 996 2671 Ei
1025 2622 1081 2673 δὲ
1116 2631 1590 2698 καταφρονήσειεν
1643 2637 1672 2688 ό
1702 2638 1969 2705 τοιοῦτος,

475 2721 492 2750 ι
535 2704 727 2759 ἑαυτὸν
762 2712 1107 2766 αἰτιάσεται·
1143 2725 1414 2786 παρεκτὸς
1455 2725 1505 2776 εί
1539 2728 1614 2796 μὴ
1644 2729 1711 2780 δι’
1749 2733 1974 2803 ἀνωμα-

476 2815 492 2840 ι
534 2795 655 2848 λίαν
679 2799 1140 2868 ἀπολιμπάνοιτο.
1183 2828 1202 2860 ι

473 2884 666 2940 ΒΑΛΣ.
726 2891 859 2957 Περὶ
907 2895 1017 2946 τῶν
1047 2900 1282 2965 ἐτησίων
1330 2907 1588 2974 συνόδων,
1622 2912 1770 2976 ὅπως
1819 2917 1970 2984 ὀφεί-

395 2974 548 3031 λουσι
606 2980 875 3046 γίνεσθαι,
923 2989 1200 3056 ἀνάγνωθι
1258 2996 1366 3046 τῶν
1412 2999 1587 3066 ἁγίων
1645 3006 1966 3062 ἀποστόλων

397 3069 597 3122 κανόνα
625 3072 724 3138 λζ’,
760 3077 985 3130 συνόδου
1014 3081 1253 3148 Νικαίας
1285 3091 1483 3143 κανόνα
1507 3092 1570 3155 ε’,
1604 3097 1705 3166 τῆς
1737 3101 1794 3151 ὲν
1837 3102 1959 3154 Ἀν-

393 3165 601 3268 τιρχείᾳ
629 3164 698 3229 κ’,
729 3169 826 3236 τῆς
857 3171 912 3222 ἐν
948 3173 1252 3244 Χαλκηδόνι
1285 3181 1369 3245 ιθ’,
1398 3186 1495 3252 τῆς
1521 3188 1580 3239 ὲν
1626 3164 1957 3268 Καρθαγένῃ

397 3252 487 3317 ιζ’,
539 3264 639 3324 ογ’,
673 3267 780 3324 ος·’.
808 3263 908 3329 με’,
957 3267 1055 3335 τῆς
1103 3271 1159 3322 ἐν
1200 3273 1281 3340 τῷ
1326 3277 1585 3350 Τρούλλῳ
1632 3290 1702 3351 η’,
1751 3289 1850 3356 τῆς
1895 3290 1952 3342 ἐν
1992 3291 2036 3350 C

392 3350 597 3421 Νικαία
638 3357 697 3406 το
740 3358 996 3430 δεύτερον
1042 3362 1115 3428 ς’,
1172 3368 1280 3420 Καὶ
1326 3372 1354 3423 6
1398 3372 1593 3441 παρὼν
1641 3350 1698 3428 δὲ
1750 3350 1954 3446 κανὼν,

391 3447 914 3540 καταυλουμένους
941 3457 1023 3517 είς
1056 3456 1158 3527 τὴν
1191 3461 1414 3516 σύνοδον
1448 3467 1574 3528 τοὺς
1602 3467 1960 3540 ἐπισκόπους,

387 3526 680 3632 διορίξεται
710 3537 784 3609 μὴ
813 3526 1202 3614 καταφρονεῖν,
1233 3550 1350 3605 ἀλλ’
1376 3526 1598 3611 ἀπιέναι
1633 3526 1956 3632 ὲξάπαντος,

385 3619 471 3714 ἐφ’
529 3618 572 3691 ᾧ
626 3629 754 3692 τοὺς
807 3634 907 3701 μὲν
957 3641 1302 3709 σοφωτέρους
1360 3618 1844 3714 διδάσκειν,-τοὺς

383 3713 792 3814 άπλουστέρους
820 3728 1118 3792 μανθάνειν
1147 3735 1216 3786 τά
1249 3738 1578 3806 στηρίζοντα
1598 3744 1950 3814 Ἐκκλησίαν,

379 3805 551 3873 ἤγουν
581 3811 674 3864 τὸν
705 3814 834 3868 λαὸν
858 3820 954 3872 τοῦ
985 3823 1141 3885 Θεοῦ.
1165 3830 1260 3882 καὶ
1284 3805 1592 3898 μετάγοντα
1618 3839 1757 3906 πρὸς
1789 3805 1950 3906 όρθοξ

376 3900 560 3964 δοξίαν
607 3908 735 3969 τοὺς
777 3910 1032 3978 λοιποὺς,
1074 3918 1258 3987 ’ἤγουν
1308 3925 1436 3985 τοὺς
1480 3927 1762 3991 ἀπίστους.
1809 3931 1949 3999 Top;

380 3994 562 4061 μέντοι
619 4009 1110 4071 καταφρονητικῶς
1173 4013 1309 4082 πρὸς
1355 4016 1514 4070 τοῦτο
1568 4021 1947 4091 διακειμένους

374 4089 510 4184 φησὶ
542 4091 616 4159 μὴ
648 4095 961 4160 γογγύζειν,
1021 4101 1115 4153 ἐὰν
1159 4107 1300 4158 κατὰ
1355 4109 1454 4177 τὴν
1496 4089 1790 4184 περίληψιν
1837 4089 1945 4173 τῶν

373 4173 574 4245 ἑτέρων
625 4184 866 4236 κανόνων
913 4189 1343 4260 ἐπιτιμηθῶσινο
1389 4173 1509 4252 ἀλλ’
1568 4173 1942 4264 αἰτιάσθωσαν

370 4265 620 4329 ἑαυτοὺς.
654 4274 736 4324 ὅτι
766 4280 1204 4349 κατεφρόνησαν.
1247 4285 1592 4357 Ἀνωμαλίαν
1633 4294 1690 4346 δὲ
1719 4299 1939 4365 νοητέον

368 4357 431 4409 οὐ
471 4361 634 4424 μόνον
661 4362 758 4432 τὴν
785 4371 1105 4440 σωματικὴν
1148 4375 1324 4440 νόσον,
1357 4380 1491 4435 ἀλλὰ
1535 4386 1628 4439 καὶ
1668 4389 1766 4456 τὴν
1801 4357 1936 4460 πρα-

369 4454 648 4543 γνματικὴν
680 4456 960 4524 ἀσχολίαν.
1019 4463 1080 4515 Εἰ
1108 4465 1218 4536 γὰρ
1255 4469 1360 4522 ιδιά
1410 4489 1464 4524 τι
1510 4454 1808 4543 ἀναγκαῖον
1841 4454 1932 4537 καὶ

368 4541 588 4609 εὔλογον
633 4547 660 4598 ό
705 4547 1004 4615 ἐπίσκοπος
1048 4556 1376 4632 ὲμποδισθῇ,
1423 4541 1923 4638 συγ-γνωσθήσεται.

365 4638 472 4690 Τοῦ
496 4639 551 4690 δὲ
585 4643 809 4706 κανόνος
854 4645 1229 4718 διοριζομὲνου
1290 4656 1364 4726 μὴ
1405 4666 1764 4732 καταφρονεῖν
1800 4668 1923 4731 τοὺς

368 4731 877 4802 μετακαλουμένους
920 4739 1252 4808 ἐπισκόπους
1281 4748 1361 4809 είς
1387 4748 1630 4818 σύνοδον,
1684 4757 1804 4810 εἰπὲ
1838 4761 1931 4814 καὶ

363 4824 427 4875 σὺ
487 4825 726 4891 ὀφείλειν
780 4828 839 4893 ἐξ
896 4831 1147 4902 ἀνάγκης
1198 4841 1622 4906 μετακαλεῖσθαι
1681 4851 1926 4914 τούτους.

357 4915 544 5002 Ῐςωρὶς
602 4916 710 4986 γάρ
756 4922 1143 4992 μετακλήσεως
1206 4928 1300 4980 τοῦ
1368 4938 1769 5003 μητροπολίτου
1825 4947 1926 4998 οὐκ

353 4983 630 5070 όφείλουσι
657 4983 1014 5082 συνέρχεσθαι
1053 4983 1194 5070 κατὰ
1224 5019 1316 5073 τὸν
1351 4983 1400 5074 ,ἓν
1811 4983 1921 5089 ’λζ

353 5096 566 5167 τιοχείᾳ
603 5101 824 5155 συνόδου
859 5105 952 5158 καὶ
982 5107 1074 5160 τὸν
1105 5110 1372 5178 παρόντα.
1400 5114 1470 5167 Τὸ
1496 5117 1552 5169 δὲ
1579 5096 1855 5178 διδάσκειν
1885 5127 1918 5198 ἢ

349 5185 698 5243 διδάσκεσθαι
735 5195 1060 5263 πρόσκειται
1122 5200 1382 5267 διὰ-τοὺς
1433 5206 1691 5275 λέγοντας
1723 5185 1916 5283 ἀρκεῖν

348 5277 548 5338 αὐτοὺς
575 5281 788 5346 ἑαυτοῖς
827 5289 909 5350 είς
941 5291 1143 5354 παντὸς
1177 5295 1634 5366 ἐκκλησιαστικοῦ
1667 5277 1916 5376 ζητήμα-

346 5384 438 5430 τος
470 5368 860 5427 διευλύτωσιν·
892 5384 982 5431 καὶ
1016 5382 1090 5451 μὴ
1124 5384 1362 5452 ὀφείλειν
1404 5394 1799 5460 παρουσιάζειν
1831 5401 1911 5463 είς

344 5456 443 5527 τὴν
468 5458 700 5515 σύνοδον.
734 5464 852 5516 Κᾶν
888 5467 996 5536 γὰρ
1051 5471 1382 5540 ἀμφιϐολίαν
1409 5456 1531 5530 τινὰ
1556 5480 1584 5529 ὁ
1610 5456 1908 5548 ἐπίσκοπος

341 5549 443 5600 οὐκ
478 5549 579 5620 ἔχη
625 5555 704 5614 είς
751 5554 850 5625 τὴν
903 5559 1023 5610 κατ’
1051 5561 1213 5615 αὐτὸν
1252 5565 1603 5637 Ἐκκλησίαν,
1666 5575 1759 5626 καὶ
1790 5578 1909 5631 οὐδὲ

340 5637 692 5704 διδασκαλίας
725 5644 936 5715 δέηται,
971 5649 1087 5702 ἀλλ’
1124 5653 1271 5721 ὅμως
1300 5655 1387 5709 διὰ
1417 5660 1477 5710 τὸ
1504 5662 1708 5732 ἐτέρων
1739 5664 1906 5738 ζητήο

341 5745 486 5837 ματα
535 5730 716 5837 λῦσαι,
777 5740 874 5792 καὶ
921 5743 1015 5798 ἐπὶ
1076 5747 1238 5802 πλέον
1290 5757 1543 5826 στηρίξαι
1595 5730 1655 5815 τὸ
1704 5730 1900 5837 δόγμα,

334 5821 543 5889 ὀφείλει
576 5824 636 5890 ἐξ
660 5827 906 5900 ἀνάγκης
932 5841 1348 5906 παρουσιάξειν.

407 5915 651 5973 ΖΩΝΑΡ.
719 5919 780 5974 Ei
832 5925 925 5976 καὶ
977 5926 1073 5980 νῦν
1120 5931 1179 5982 τδ
1225 5934 1332 5985 τῶν
1375 5938 1604 6006 ἐτησίων
1663 5948 1894 6003 συνόδων

1609 489 1688 548 ΙΝ
1725 490 1890 552 CAN.
1936 491 2028 552 XL
2076 489 2286 560 CONC.
2328 501 2541 569 LAOD.

437 578 610 644 ἁγίων
633 584 950 642 αποστόλων
990 589 1190 646 κωλύει
1229 595 1435 661 πάντας
1486 602 1868 672 συνεορτάζειν
1895 605 2009 668 τοῖς
2043 605 2089 662 Δ
2118 627 2252 669 neve

3543 488 3709 586 1395""

2295 618 2454 674 xenia
2505 634 2695 676 eorum
2733 624 3094 692 celebritatis,
3139 640 3324 700 azyma
3374 632 3669 698 forte,vam

2109 704 2229 773 ejus
2259 711 2480 776 generis
2519 714 2799 785 quidpiam
2830 719 2895 771 ab
2926 722 3007 775 eis
3056 722 3326 791 accipere,
3358 734 3451 777 aut
3488 725 3666 780 oleum

2107 800 2163 852 in
2198 802 2401 870 templa
2433 801 2756 873 Gentilium,
2787 806 3171 867 Judaeorumve
3216 829 3549 884 synagong
3583 817 3661 870 in-

2105 892 2291 962 ferre,
2347 896 2680 967 lychnumve
2742 904 3044 958 accendere
3097 906 3296 970 liceat,
3352 918 3666 964 sanctorum

2101 986 2474 1053 apostolorum
2517 991 2823 1047 cauonibus
2854 994 2920 1048 70
2961 1004 3014 1048 et
3044 995 3101 1048 τι
3153 999 3507 1053 constitutum
3543 1011 3665 1065 est;

2101 1079 2308 1147 quique
2347 1080 2553 1149 aliquid
2580 1083 2850 1150 ejusmodi
2887 1090 3282 1151 connniscriut,
3326 1090 3667 1158 depositione

2098 1169 2349 1237 clericos,
2394 1172 2563 1228 laicos
2601 1191 2730 1230 vero
2772 1181 3153 1247 segregatione
3202 1183 3420 1236 multari
3449 1183 3663 1253 iubent.

2097 1263 2192 1317 illa
2253 1264 2422 1332 igitur
2472 1268 2778 1334 apostolica
2831 1272 3050 1326 decreta
3111 1276 3487 1344 respicientes,
3543 1295 3665 1349 quae

2097 1354 2293 1409 borum
2331 1373 2603 1412 canonum
2649 1363 3134 1419 constitutionibus
3170 1372 3518 1425 continentur
3569 1387 3662 1442 sy-

2093 1452 2225 1508 nodi
2254 1463 2508 1509 auctores
2541 1459 2975 1526 promulgavere.
3005 1461 3139 1517 Vide
3169 1465 3355 1518 etiam,
3375 1467 3661 1538 Carthagi-

2093 1548 2280 1601 nensis
2303 1550 2494 1617 synodi
2521 1565 2787 1604 canonem
2815 1551 2904 1606 60.

2089 1640 2325 1695 ARIST.
2377 1659 2398 1693 ι
2436 1641 2592 1696 Festa
2647 1660 2770 1698 cum
2826 1645 3090 1711 Hebraeis,
3134 1661 3188 1702 et
3223 1650 3498 1708 haereticis
3551 1670 3656 1708 non

2153 1751 2172 1784 ι
2202 1733 2528 1790 celebrabis.
2562 1736 2671 1791 Nec
2707 1738 2899 1793 festiva
2929 1740 2998 1796 ab
3019 1741 3085 1796 iis
3113 1742 3257 1798 dicta
3283 1745 3546 1816 accipies.
3569 1767 3589 1800 ι

2165 1915 2322 1970 Nulla
2356 1927 2455 1993 est.
2469 1919 2786 1974 communio
2823 1921 2962 1976 lucis
2988 1937 3112 1978 cum
3149 1926 3411 1982 tenebris.
3445 1926 3656 1986 Idcirco

2091 2026 2190 2063 nec
2219 2025 2342 2064 cum
2391 2011 2690 2075 hzereticis,
2744 2029 2844 2067 nec
2875 2029 3000 2068 cum
3045 2015 3248 2072 .ludaeis
3285 2017 3485 2074 festum
3513 2024 3668 2076 cele-.

2087 2102 2269 2155 brabit
2295 2102 2664 2169 Christianus,
2699 2121 2800 2159 nec
2832 2121 2955 2174 qua:
2983 2107 3036 2160 in
3075 2108 3232 2163 festis
3265 2125 3456 2165 eorum
3495 2129 3653 2168 aera-

2085 2203 2310 2266 guntur,
2342 2205 2402 2250 ut
2431 2212 2644 2268 azyma,
2689 2207 2783 2252 aut
2815 2200 3022 2269 aliquid
3049 2202 3156 2257 tale
3187 2205 3438 2272 accipiet.

2049 2302 2054 2303 ’
2671 2291 2903 2346 CANON
2946 2294 3058 2349 XL.

2089 2395 2108 2428 ι
2142 2376 2299 2442 Quod
2343 2393 2454 2434 non
2481 2390 2697 2450 oportet
2733 2384 3042 2451 episcenos,
3086 2386 3160 2440 ad
3180 2389 3449 2456 synodum
3483 2405 3647 2446 voca-

2167 2488 2186 2522 ι
2223 2479 2332 2534 tos,
2361 2472 2668 2544 negligere;
2698 2475 2792 2529 sed
2818 2476 2993 2539 abire,
3022 2486 3076 2531 et
3099 2477 3295 2534 docere
3328 2481 3407 2534 vel
3437 2482 3643 2545 doceri,

2162 2579 2180 2614 ι
2216 2561 2283 2615 ad
2336 2565 2740 2631 correctionem
2775 2568 3032 2623 Ecclesiae
3088 2579 3142 2624 et
3187 2571 3540 2641 reliquorum.
3585 2573 3642 2628 Si

2164 2673 2184 2705 ι
2223 2657 2349 2724 quis
2375 2665 2568 2711 "autem
2601 2659 2924 2728 neglexerit,
2956 2661 3004 2716 is
3047 2663 3287 2731 seipsum
3325 2665 3640 2728 accusabit;

2159 2761 2177 2793 ι
2212 2755 2570 2815 ρι’ωιοτᾳυειιη
2603 2748 2647 2800 si
2680 2759 2903 2818 prapter
2937 2751 3310 2820 intemperiem
3337 2761 3392 2808 et
3419 2755 3640 2822 aegritu-

2158 2853 2176 2886 ι
2214 2836 2394 2890 dinem
2429 2853 2537 2891 non
2571 2840 2770 2893 veniat.
2809 2861 2825 2892 ι

2148 2926 2341 2982 llALS.
2390 2929 2465 2984 De
2519 2934 2717 2986 annuis
2766 2934 3010 3003 sy‘nodis,
3070 2937 3346 3003 quomodo
3405 2939 3638 2994 debeant

2072 3017 2212 3081 ﬁeri,
2269 3019 2386 3088 lege
2439 3031 2754 3076 sanctorum
2807 3022 3183 3092 apostolorum
3231 3043 3497 3082 canonem
3545 3029 3635 3093 57,

2066 3110 2257 3178 synodi
2276 3110 2508 3167 Nicaeus:
2539 3128 2804 3177 canonem
2821 3116 2875 3180 5,
2899 3117 3253 3174 Antiocheam
3287 3120 3378 3182 20,
3408 3122 3636 3178 Chalce-

2066 3200 2328 3257 donensis
2361 3205 2448 3266 l9,
2487 3206 2937 3277 Cartliaginensis
2961 3211 3052 3278 17,
3088 3212 3173 3276 75,
3205 3213 3292 3274 76,
3321 3214 3410 3279 95,
3441 3219 3630 3284 synodi

2070 3295 2124 3350 in
2172 3293 2360 3350 'l‘rullo
2399 3297 2454 3363 8,
2488 3298 2722 3354 Niczenae
2763 3303 3020 3358 secunda:
3060 3304 3114 3358 6.
3149 3306 3395 3362 Pratsens
3415 3323 3633 3377 quoque

2065 3404 2264 3454 canon,
2306 3392 2617 3462 episcopos,
2671 3395 2764 3462 qui
2807 3396 2874 3448 ad
2934 3399 3204 3467 synodum
3245 3413 3627 3469 accersuntur,

2061 3481 2312 3535 decernit
2351 3497 2466 3537 non.
2506 3494 2764 3552 oportere
2802 3489 3100 3557 negligere,
3155 3493 3249 3545 sed
3280 3492 3504 3547 omnino
3535 3510 3628 3549 ac-

2060 3575 2279 3633 cedere.
2309 3583 2367 3630 ut
2404 3575 2682 3644 sapientes
2711 3577 2931 3648 quidem
2969 3581 3224 3650 doceant,
3269 3582 3629 3653 simpliciores

2059 3679 2192 3718 vero
2232 3664 2451 3720 discant
2503 3684 2588 3732 ea,
2618 3653 2739 3738 quae
2777 3674 3107 3727 continuant
3153 3675 3624 3742 Ecclesiam,.sive

2058 3759 2314 3826 populum
2355 3758 2470 3824 Dei,
2505 3770 2560 3815 et
2617 3765 2866 3833 reliquos-
2903 3764 3116 3819 scilicet
3155 3766 3408 3824 inﬁdeles
3441 3769 3506 3822 ad
3537 3786 3617 3822 re-

2053 3858 2199 3902 ctarn
2253 3852 2322 3904 de
2371 3852 2476 3906 ﬁde
2519 3857 2850 3910 sententiam
2906 3858 3216 3912 traducant.
3275 3859 3385 3913 Eos
3437 3870 3617 3920 autem

2050 3942 2147 4008 qui
2173 3942 2240 4000 ad
2278 3943 2383 3997 hoc
2414 3960 2475 3999 se
2513 3945 2850 4016 negligenter
2876 3951 3169 4018 gesserint,
3205 3949 3341 4004 dicit
3376 3967 3620 4006 murmu-

2051 4049 2175 4094 rare
2210 4051 2318 4088 non
2360 4047 2640 4104 oportere,
2676 4040 2724 4093 si
2758 4048 2816 4093 ut
2845 4041 2969 4096 aliis
3014 4044 3324 4098 canonibus
3371 4062 3621 4114 compre-

2048 4125 2330 4190 henditur,
2376 4129 2681 4196 puniantur
2715 4147 2731 4184 :
2758 4131 2854 4186 sed
2883 4133 3095 4202 seipsos
3141 4144 3424 4199 accusent,
3451 4141 3615 4204 quod

2046 4219 2425 4285 neglexerunt.
2491 4221 2590 4275 Per
2659 4223 3040 4292 intemperiem
3105 4242 3234 4282 vero
3310 4228 3612 4299 intelligere

2041 4320 2275 4377 Oportet,
2310 4327 2419 4364 non
2479 4317 2653 4367 solum
2709 4317 3371 4387 morbum-corporalem,
3400 4323 3604 4386 sedet

2039 4401 2384 4469 negotiorum
2435 4406 2675 4459 turbam.
2721 4405 2776 4460 Si
2814 4409 2958 4466 enim
2991 4419 3215 4478 propter
3265 4412 3471 4481 aliquid
3514 4431 3610 4469 ne-

2037 4494 2340 4548 cessarium
2384 4506 2440 4550 et
2484 4496 2696 4566 justum
2745 4501 3040 4569 episcopus
3079 4501 3242 4557 fuerit
3285 4504 3602 4573 impeditus,

2034 4587 2082 4640 ei
2113 4589 2269 4642 venia
2310 4588 2549 4644 dabitur.
2592 4591 2725 4645 Cum
2754 4601 2933 4647 autem
2961 4594 3206 4650 decernit
3255 4611 3452 4662 canon,
3486 4600 3603 4666 epi-

2034 4694 2231 4747 scopos
2296 4681 2364 4734 ad
2434 4683 2726 4736 concilium
2789 4687 3090 4740 accersitos
3154 4689 3426 4756 negligere
3493 4708 3597 4744 non

1991 4779 2325 4837 Ioportere;
2363 4772 2448 4827 dic
2491 4789 2586 4827 eos
2631 4775 2794 4830 etiam
2842 4777 3068 4830 omnino
3127 4781 3334 4832 accersi
3378 4781 3594 4834 debere.

2029 4861 2252 4936 Absque
2287 4864 2434 4916 enim
2481 4867 2801 4920 evocatione
2831 4867 2994 4937 472
3027 4871 3429 4938 metropolitani
3489 4888 3593 4926 non

2027 4955 2227 5009 debent
2253 4957 2569 5019 convenire,
2607 4966 2670 5023 ut,
2707 4960 2822 5012 vult
2855 4974 3028 5015 canon
3062 4959 3132 5012 20
3165 4963 3358 5030 synodi
3404 4963 3595 5016 Atiliu-

2023 5048 2216 5102 cbenae
2255 5058 2312 5102 et
2356 5050 2446 5103 hic
2491 5064 2731 5118 praesens
2775 5065 2975 5106 canon.
3025 5051 3231 5108 Docere
3278 5065 3458 5109 autem
3509 5059 3589 5107 vol

2021 5139 2204 5194 doceri
2238 5140 2516 5208 adjicitur.
2561 5150 2782 5210 propter
2812 5157 2908 5198 eos
2952 5145 3047 5213 qui
3083 5146 3339 5201 dicebant
3376 5149 3589 5214 seipsos

2013 5231 2126 5286 sibi
2178 5233 2428 5288 sumcere
2475 5233 2542 5287 ad
2593 5234 2774 5289 omnis
2823 5237 3213 5292 ecclesiastica:
3266 5240 3585 5306 quaestionis

2017 5323 2438 5379 dissolutionem
2466 5342 2482 5390 ;
2507 5335 2564 5379 et
2595 5340 2704 5380 non
2737 5326 2936 5382 debere
2966 5329 3160 5385 adesse
3191 5330 3256 5384 ad
3287 5330 3580 5399 synodum.

2017 5413 2130 5468 Etsi
2167 5415 2310 5468 enim
2350 5416 2637 5486 episc0pus
2683 5419 2861 5473 nullas
2898 5420 2952 5474 in
2995 5436 3094 5476 sua
3128 5421 3370 5476 Ecclesia
3411 5423 3578 5478 dubi-

2014 5503 2250 5556 tationes
2288 5503 2505 5562 habeat.
2533 5513 2588 5559 et
2623 5521 2722 5559 nec
2752 5506 3000 5561 doctrina
3038 5515 3230 5574 egeat;
3267 5506 3362 5562 sed
3392 5517 3575 5563 tamen

2014 5604 2070 5645 ut
2102 5595 2332 5648 aliorum
2369 5596 2700 5664 quaestiones
2728 5598 3012 5661 dissolvat,
3052 5608 3104 5652 et
3137 5599 3577 5656 decretorium-

2008 5685 2090 5755 gis
2121 5686 2427 5752 conﬁrmet,
2459 5687 2617 5743 debet
2643 5690 2954 5745 necessario
2990 5704 3229 5760 prmsens
3254 5707 3394 5746 esse.
3501 5686 3505 5690 ’

2078 5955 2326 6012 ZONAR.
2371 5959 2631 6024 Quamvis
2664 5961 2767 6017 hoc
2793 5973 3036 6032 tempore
3067 5971 3346 6021 decretum
3379 5967 3442 6020 de
3472 5983 3574 6022 an-
