3982 6494
436 373 452 434 I
465 375 564 444 397.

1511 383 1591 444 IN
1628 387 1788 452 CAN.
1836 387 2024 450 XLIII
2065 390 2273 453 (ΘΝΕ.
2317 391 2505 452 LAOD

3503 389 3649 454 11398
3713 421 3720 426 -

431 486 676 557 δημοσίῳ
695 501 711 518 '
741 487 1078 558 βεδαιούσθω
1106 491 1163 546 δὲ
1198 491 1293 547 καὶ
1313 494 1746 565 ἐκκλησιαστικὰ
1770 497 1987 552 ἅπαντα

2097 512 2267 556 autem
2299 503 2480 557 omnia
2519 495 2895 557 ecclesiastica
2932 501 3246 573 privilegia;
3275 503 3682 558 “nec-omnino»

432 582 729 651 προνόμια·
767 584 860 635 καὶ
890 584 964 653 μὴ
985 585 1287 655 νομιζέσθω
1316 587 1452 649 ὅλως
1477 589 1788 660 κληρικὸςῆ
1817 607 1984 658 μονα·

431 673 523 742 χὸς
547 674 573 726 ὁ
601 674 881 726 συλλαδὼν
908 675 1038 730 ἄνευ
1086 676 1183 732 τοῦ
1212 681 1422 734 οἰκείου
1454 681 1780 748 ἐπισκόπου,
1812 683 1871 736 τὸ
1893 701 1985 737 κο-

433 765 656 832 μιτᾶτον
701 767 1060 838 κατειληφώς.
1104 769 1376 833 Ὠσαύτως
1395 771 1678 838 ἀνάγνωθι
1705 773 1800 826 καὶ
1831 773 1977 840 θέμα

430 855 739 911 τελευταῖον
791 858 884 912 τοῦ
926 866 965 912 ε’
997 878 1120 928 κεφ.
1152 862 1246 915 τοῦ
1282 861 1365 932 κβ’
1395 863 1574 916 τίτλου
1614 865 1708 918 τοῦ
1757 864 1811 930 ς’
1840 865 1982 935 βιδλ.

430 943 538 998 τῶν
568 945 897 1016 Βασιλικῶν,
931 950 1068 1021 ὅπερ
1101 953 1218 1004 ἐστί
1251 953 1416 1023 μέρος
1441 954 1538 1022 τῆς
1574 961 1628 1018 ς’
1671 956 1988 1010 Ἰουστινια-

431 1037 572 1118 νείου
616 1039 844 1107 νεαρᾶς,
888 1042 982 1094 καὶ
1014 1040 1154 1094 οὕτω
1197 1042 1398 1111 φησίν·
1453 1042 1679 1102 Οὔτε-δὲ
1716 1048 1982 1116 μοναχὸν,

429 1127 576 1193 οὔτε,
607 1131 864 1199 κληρικὸν
897 1131 1021 1185 οὔτε
1053 1134 1352 1190 ἐπίσκοπον
1394 1134 1686 1204 κελεύομεν
1730 1135 1988 1207 ἔρχεσθαι

429 1221 662 1276 ἐνταῦθα
722 1225 852 1277 ἄνευ
909 1227 1252 1296 γραμμάτων
1317 1226 1410 1279 τού
1460 1227 1762 1280 ὁσιωτάτου
1806 1229 1988 1285 αὐτῶν

429 1316 770 1385 πατριάρχου
795 1333 808 1348 °
842 1317 874 1388 ἦ
907 1319 1200 1372 εἰδέτωσαν
1228 1319 1303 1382 ὡς
1337 1318 1588 1382 ἀναξίους
1639 1320 1868 1381 ἑαυτοὺς
1893 1319 1988 1372 τού

429 1399 708 1475 σχήματος
733 1410 1044 1480 ποιήσουσι.

1007 1503 1246 1556 ΚΑΝΩΝ
1276 1503 1412 1557 MB'.

431 1606 450 1639 ι
481 1595 604 1645 Ὀτι
647 1592 708 1645 οὑ
741 1593 823 1646 δεῖ
853 1577 1227 1664 ἰερατικοξσςῆ
1263 1597 1558 1666 κληρικοὺς
1607 1597 1739 1650 ἄνευ
1773 1612 1990 1650 κανονιο

540 1753 546 1760 _
776 1701 797 1734 ,t
821 1683 940 1734 ικῶν
974 1685 1319 1755 γραμμάτων
1347 1686 1574 1738 ὁδεύειν.
1617 1705 1635 1737 ι

496 1774 689 1827 ΒΔΛΣ.
718 1777 828 1828 Καὶ
856 1777 1032 1846 ἕτεροι
1059 1778 1284 1840 κανόνες
1312 1777 1644 1848 διορίζονται
1676 1779 1749 1848 μὴ
1784 1780 1991 1848 ἀποδη-

2085 592 2316 648 clericus
2357 594 2440 648 vel
2481 594 2788 649 monachus
2819 594 3187 656 existimetur.
3233 595 3326 664 qui
3359 595 3480 650 sine
3517 609 3645 663 pro-

2084 684 2206 753 prio
2234 685 2490 758 episcopo
2540 688 2862 742 comitatum
2911 687 3142 755 accepit.
3189 685 3334 755 Lege
3388 685 3646 740 similiter
3674 710 3686 714 ην

2083 765 2139 832 et
2193 777 2446 832 ultimum
2510 794 2837 848 responsum
2893 779 3088 849 quinti'
3126 778 3321 848 capitis
3375 779 3516 833 tituli
3577 777 3647 831 22

2085 868 2179 923 lib.
2230 885 2278 922 vn
2329 867 2692 925 Basilicorum
2742 869 2888 939 quod
2925 869 3268 938 quidemest
3322 883 3452 939 pars
3493 878 3645 922 sexta

2081 957 2379 1014 Iustiniani
2429 961 2676 1025 novellae,
2709 971 2764 1017 et
2802 963 2881 1016 sic
2928 961 3104 1016 dicit:
3150 958 3646 1024 Nee-monachum,

2085 1066 2187 1108 nec
2221 1051 2505 1119 clericum,
2540 1067 2642 1109 nec
2669 1055 2984 1123 episcopum
3020 1052 3126 1108 huc
3157 1053 3344 1108 venire
3366 1053 3649 1122 iubemus,

2087 1143 2206 1200 sine
2266 1143 2460 1200 litteris
2503 1144 2838 1200 sanctissimi
2891 1159 3081 1200 eorum
3139 1143 3469 1213 patriarchae
3517 1161 3534 1196 :
3567 1143 3650 1199 vel

2090 1237 2288 1299 sciant,
2317 1238 2462 1306 quod
2495 1237 2708 1305 seipsos
2740 1237 2928 1292 habitu
2961 1238 3218 1305 indignos
3256 1237 3505 1292 reddent:

2551 1501 2716 1573 473
2748 1501 2974 1557 CANON
3019 1501 3176 1556 XLII.

2095 1610 2113 1644 ι
2153 1591 2306 1658 Quod
2372 1610 2476 1648 non
2539 1602 2758 1664 oportet
2803 1603 3054 1650 sacratos
3103 1596 3188 1650 vel
3245 1597 3481 1651 clericos
3532 1597 3650 1650 sine

2341 1703 2360 1737 ι
2397 1685 2596 1740 litteris
2641 1686 2921 1740 canonicis
2966 1687 3072 1741 iter
3107 1687 3340 1757 ingredi.
3382 1705 3399 1737 ι

2163 1773 2362 1835 BALS.
2405 1775 2511 1832 Alii
2545 1793 2767 1849 quoque
2793 1793 3034 1836 canones
3071 1780 3394 1844 decernunt,
3426 1794 3532 1834 non
3563 1786 3648 1833 ilc-

429 1869 550 1936 μεῖν
602 1868 898 1937 κληρικοὺς
941 1869 1070 1923 ἄνευ
1099 1871 1398 1924 κανονικῶν
1430 1872 1800 1942 γραμμάτων,
1833 1889 1990 1925 τουτ-

2097 1868 2220 1924 bere
2267 1869 2509 1926 clericos
2556 1886 2794 1942 peregre
2858 1871 3132 1942 proﬁcisci
3199 1873 3321 1929 sine
3374 1873 3653 1928 canonicis

428 1959 546 2012 ἐστι
571 1959 912 2012 συστατικῶν
943 1960 1041 2014 καὶ
1059 1963 1415 2016 ’ἀπολυτικῶν
1439 1964 1739 2018 ἐπιστολῶν
1763 1982 1775 1994 ·
1813 1966 1909 2020 καὶ
1937 1966 1989 2018 oi

427 2051 697 2121 παρόντες
724 2053 779 2105 δὲ
812 2054 1035 2118 κανόνες
1067 2053 1138 2106 τὰ
1167 2056 1308 2111 αὐτὰ
1341 2056 1683 2124 διορίζονται.
1704 2059 1992 2128 Ἰερατικοὶ

429 2141 613 2208 μέντοι
641 2141 777 2194 εἰσὶν
799 2143 846 2194 οἰ
871 2145 998 2212 περὶ
1027 2141 1090 2195 τὸ
1115 2143 1266 2213 βῆμα
1287 2164 1299 2176 ·
1335 2146 1588 2216 κληρικοί
1623 2148 1680 2200 δὲ
1704 2149 1757 2214 oi
1786 2148 1988 2200 λοιποί.

439 2230 743 2298 ’Λνάγνωθι
798 2232 890 2284 τὸν
923 2232 956 2285 ι’
983 2235 1184 2288 κανόνα
1212 2235 1312 2305 τῆς
1335 2235 1381 2288 δ’
1411 2236 1651 2300 συνόδου,
1680 2238 1788 2292 τῶν
1819 2237 1992 2305 ἁγίων

375 2323 379 2326 ’
430 2323 750 2376 ἀποστόλων
774 2341 897 2378 καν.
938 2324 1025 2395 ιβ’,
1060 2326 1154 2378 καὶ
1199 2328 1293 2396 τῆς
1329 2330 1386 2380 ἐν
1439 2329 1737 2399 Ἀντιοχείᾳ
1766 2347 1887 2384 καν.
1923 2329 1988 2394 ζ’,

427 2419 477 2483 η’
509 2414 604 2466 καὶ
633 2420 724 2468 ια’.

500 2596 1090 2666 ΖΩΝΑΡ.’1ερατικοὺς
1124 2598 1223 2666 μὲν
1250 2599 1377 2660 τοὺς
1405 2601 1531 2669 περὶ
1563 2599 1622 2651 τὸ
1653 2599 1806 2670 βῆμά
1832 2620 1988 2671 φησι,

430 2688 726 2758 κληρικοὺς
756 2689 812 2742 δὲ
840 2691 964 2752 τοὺς
993 2689 1232 2750 λοιπούς.
1269 2691 1504 2753 Τούτους
1528 2688 1622 2744 οὖν
1654 2694 1876 2746 ἀπιέναι
1901 2712 1992 2748 ποι

433 2779 732 2847 μέλλοντας
757 2822 772 2844 ,
804 2781 896 2834 καὶ
929 2781 1279 2851 ἀποδημῆσαι
1309 2783 1408 2852 τῆς
1435 2784 1490 2836 ἐν
1577 2784 1993 2854 κατετάχθησαν

442 2870 792 2936 Ἐκκλησίας,
831 2873 893 2925 ού
925 2876 1200 2944 συγχωρεί
1224 2876 1252 2927 ὁ
1283 2873 1462 2927 κανὼν
1495 2877 1622 2930 ἄνευ
1649 2876 1871 2947 γνώμης
1899 2876 1992 2931 τοῦ

433 2963 734 3016 ἐπισκόπου
757 2964 982 3018 ὁδεύειν.
1020 2967 1248 3036 Εἴρηται
1279 2968 1334 3020 δέ
1361 2967 1459 3037 ἤδη
1493 2968 1624 3038 περὶ
1646 2969 1993 3038 γραμμάτων

426 3055 720 3124 εἰρηνικῶν
775 3057 869 3110 καὶ
918 3059 1263 3112 συστατικῶν
1308 3061 1366 3113 ἐν
1411 3060 1489 3130 τῷ
1545 3067 1612 3114 ια’
1661 3062 1846 3115 κανόνι
1893 3064 1995 3134 τῆς

426 3144 470 3198 δ’
508 3148 750 3202 συνόδου.
789 3149 1007 3213 Ταύτας
1039 3145 1131 3204 οὖν
1161 3151 1258 3213 τάς
1314 3152 1627 3216 ἐπιστολάς,
1663 3153 1988 3224 τάςείρηνι-

427 3241 530 3300 κάς
559 3240 619 3292 τέ
666 3259 809 3309 φημι
854 3243 949 3296 καὶ
993 3243 1352 3308 συστατικὰς,
1388 3247 1649 3299 κανονικά
1689 3238 2012 3319 γράμματα

427 3333 663 3386 ἐνταῦθα
692 3334 1006 3403 ὠνόμασαν.

425 3509 644 3563 ΑΡΙΣΤ.
686 3529 704 3561 ι
738 3510 1014 3579 Κληρικὸς
1056 3513 1225 3580 χωρὶς
1275 3515 1582 3568 κανονικῶν
1626 3516 1926 3572 ἐπιστολῶν
1960 3517 1993 3586 ἦ

502 3622 520 3652 ι
568 3605 931 3667 ἀνεπίτακτος
958 3604 1017 3657 ού
1045 3610 1283 3674 πρόεισι.
1333 3628 1352 3660 ι

502 3697 576 3748 Ub
640 3697 1050 3767 συγχωροῦνται
1081 3700 1248 3768 παρά
1290 3701 1400 3753 τῶν
1445 3701 1607 3772 ἰερῶν
1660 3703 1900 3757 κανόνων
1943 3705 1994 3758 si

425 3788 920 3859 ξενοχειροτόνητοι
950 3791 1360 3859 παραδέχεσθαι
1378 3833 1392 3854 ,
1426 3795 1733 3848 συστατικὰ
1761 3797 1836 3867 μὴ
1864 3800 1991 3852 ἐπι-

428 3883 717 3951 φερόμενοι
746 3883 1052 3951 γράμματα
1075 3899 1086 3912 ·
1116 3885 1211 3938 καὶ
1234 3885 1323 3938 διὰ
1339 3885 1495 3939 τοῦτο
1518 3887 1816 3954 ἀναγκαῖόν
1847 3889 1996 3942 ἐστιν

425 3975 632 4029 ὁδεύειν
663 3976 863 4038 αὐτοὺς
888 3978 1037 4046 ,μετά
1075 3982 1423 4048 γραμμάτων
1455 3980 1778 4042 κανονικῶν,
1805 3981 1996 4054 ὥσπερ

429 4067 493 4137 δὴ
551 4069 802 4130 καὶτοὺς
857 4070 1315 4140 κεκληρωμένους
1347 4074 1409 4126 ἐν
1455 4073 1659 4144 ἑκάστῃ
1699 4072 1996 4142 Ἐκκλησία

433 4157 568 4224 μετὰ
622 4157 848 4227 γνώμης
902 4159 997 4212 καὶ
1039 4161 1340 4225 κελεύσεως
1369 4161 1465 4216 τοῦ
1499 4163 1637 4216 ἰδίου
1687 4162 1992 4229 ἐπισκόπου

427 4248 506 4309 εἰς
540 4248 735 4315 ἑτέραν
766 4248 920 4303 πόλιν
953 4251 1049 4303 καὶ
1073 4253 1345 4323 ἐπαρχίαν
1368 4254 1596 4308 ὁδεύειν.

1012 4343 1251 4394 ΚΑΝΩΝ
1275 4343 1408 4398 ΜΓ’.

435 4447 452 4480 ι
487 4429 608 4482 Ὅτι
641 4430 699 4482 οὔ
739 4429 820 4483 δεῖ
841 4430 1142 4501 ὑπηρέτας,
1167 4433 1271 4486 κᾶν
1301 4435 1436 4504 πρὸς
1473 4436 1669 4508 βραχὺ,
1699 4440 1792 4502 τὰς
1821 4437 1995 4510 θύρας

576 4539 592 4567 ι
631 4520 1067 4586 ἐγκαταλείπειν,
1100 4522 1195 4574 καὶ
1222 4525 1288 4592 τῇ
1312 4526 1445 4595 εύχῇ
1482 4527 1787 4596 σχολάζειν.
1826 4549 1844 4581 ι

499 4610 687 4664 ΒΑΛΣ.
746 4613 1062 4684 Εἰρήκαμεν
1107 4617 1166 4666 ἐν
1211 4617 1288 4686 τῷ
1333 4618 1416 4684 κβ⁹
1463 4620 1650 4673 κανόνι
1712 4621 1990 4690 ὑπηρέτας

427 4703 552 4764 τοὺς
601 4704 988 4772 ὑποδιακόνους
1012 4747 1026 4770 ,
1073 4714 1166 4765 καὶ
1199 4711 1346 4780 ἔχειν
1378 4713 1576 4776 αὐτοὺς
1606 4715 1786 4766 πᾶσαν
1818 4714 1990 4782 ἀνάγ-

428 4811 531 4861 κην
567 4796 673 4846 τῶν
712 4796 885 4864 ἁγίων
915 4801 1218 4872 ἐκκλησιῶν
1253 4803 1449 4874 θύραις
1487 4805 1813 4872 ἐφίστασθαι
1851 4806 1992 4858 κατὰ

429 4883 517 4935 τὸν
551 4885 647 4949 τῆς
692 4888 1036 4958 λειτουργίας
1070 4891 1283 4964 καιρὸν,
1329 4895 1488 4965 χάριν
1529 4893 1622 4948 τοῦ
1655 4898 1898 4962 εἰσάγειν
1930 4913 1989 4949 τε

431 4976 528 5027 καί
558 4976 778 5045 ἐξάγειν
800 4980 928 5044 τοὺς
958 4985 1422 5053 κατηχουμένους,
1454 4987 1580 5048 τοὺς
1613 4988 1670 5038 ἐν
1705 4988 1985 5058 μετανοίᾳ,

430 5066 525 5116 καὶ
569 5068 697 5132 τοὺς
729 5069 975 5136 λοιπούς.
1024 5074 1179 5126 Ἐπεὶ
1228 5072 1322 5128 οὖν
1363 5093 1507 5137 τινες
1553 5079 1616 5130 ἐκ
1651 5079 1858 5130 τούτων
1893 5080 1991 5144 τὴν

429 5156 860 5230 ἀνατεθειμένην
907 5164 1088 5227 αὐτοῖς
1118 5165 1396 5219 διακονίαν
1452 5168 1856 5231 καταλιπόντες
1885 5170 1994 5240 ἧπ-

429 5262 585 5299 τοντο
630 5250 739 5302 τῶν
773 5251 929 5306 θείων
981 5257 1363 5324 άγιασμάτων,
1411 5257 1619 5326 ὥρισαν
1646 5260 1693 5311 οἱ
1753 5260 1994 5330 Πατέρες

431 5335 584 5405 παρὰ
639 5339 756 5403 ταῖς
813 5341 1005 5411 θύραις
1049 5347 1156 5398 τῶν
1204 5347 1509 5416 ἐκκλησιῶν
1553 5347 1778 5410 τούτους
1823 5364 1996 5416 προσδ

430 5427 692 5496 εδρεύειν,
716 5431 813 5484 καὶ
847 5434 1419 5508 μὴ-μεταχιιρίζεσθαι
1439 5439 1511 5494 τά
1538 5439 1658 5493 θεία
1690 5441 1990 5509 μυστήρια,

430 5520 525 5571 καί
551 5518 804 5592 εὔχεσθαι
840 5525 978 5595 ὑπὲρ
1011 5527 1102 5578 τοῦ
1142 5527 1272 5581 λαοῦ
1316 5529 1457 5583 κατὰ
1489 5533 1673 5601 ἰε-ρείς.
1693 5520 1994 5598 Ἀνάγνωθι

433 5609 527 5662 καί¹
557 5611 646 5662 τὸν
677 5617 759 5663 κα¹
791 5613 887 5664 καί
913 5616 1002 5665 τὸν
1037 5615 1115 5685 κβ¹
1153 5615 1375 5678 κανόνα,
1407 5617 1596 5677 καὶτὰ
1628 5619 1684 5671 ἐν
1717 5617 1923 5678 αὐτοῖς.

503 5703 746 5755 ΖΩΝΑΡ.
768 5704 1073 5772 ’Υπηρέτας
1109 5710 1233 5769 τοὺς
1262 5707 1650 5772 ὑποδιακόνους
1676 5703 1815 5762 εἷναί
1841 5726 1990 5777 φασι.

434 5793 573 5853 Τοὺς
617 5794 672 5845 δὲ
722 5796 1104 5860 ὑποδιακόνους
1153 5801 1268 5860 ταῖς
1318 5798 1509 5867 θύραις
1551 5802 1656 5852 τῶν
1705 5803 1876 5868 ἁγίων
1906 5804 1993 5853 ἐκο

2025 4554 2073 4617 ι)

2092 1959 2326 2025 litteris,
2381 1960 2488 2016 hoc
2539 1970 2661 2028 est,
2705 1963 3176 2019 commendatitiis
3223 1974 3277 2018 et
3321 1962 3654 2018 dimissoriis

2089 2051 2337 2121 epistolis
2367 2069 2381 2106 :
2413 2063 2470 2107 et
2504 2061 2805 2123 praesentes
2851 2054 3016 2108 etiam
3059 2068 3300 2109 canones
3329 2053 3518 2108 eadem
3557 2054 3652 2109 de-

2090 2152 2340 2197 cernunt.
2396 2141 2534 2198 Sunt
2577 2153 2759 2198 autem
2817 2145 3021 2200 sacrati
3071 2144 3134 2210 ii,
3183 2145 3274 2214 qui
3326 2153 3454 2200 sunt
3508 2145 3658 2200 circa

2089 2249 2306 2289 sacrum
2339 2231 2580 2290 tribunal
2629 2253 2644 2289 :
2685 2236 2871 2291 clerici
2925 2252 3052 2313 vero
3101 2238 3318 2309 reliqui.
3366 2237 3510 2308 Lege
3567 2255 3658 2289 ca—

2092 2340 2288 2380 nonem
2318 2326 2385 2381 10
2417 2334 2624 2395 quarta!
2656 2328 2873 2397 synodi,
2920 2336 3236 2383 sanctorum
3279 2330 3656 2398 apostolorum

2091 2431 2359 2473 canonem
2415 2417 2506 2484 12,
2551 2426 2606 2473 et
2664 2419 3024 2477 Antiochenze
3069 2421 3266 2492 synodi
3307 2436 3550 2478 canones
3601 2422 3655 2485 ’1,

2091 2505 2124 2560 8
2162 2515 2216 2559 et
2252 2506 2343 2562 Η.
2934 2561 2938 2565 ,

2162 2597 2412 2654 ZONAR.
2459 2601 2716 2656 SaCratos
2749 2600 2997 2672 quidem.
3041 2616 3136 2658 eos
3164 2601 3258 2672 qui
3286 2601 3435 2657 circa
3478 2617 3660 2658 sacra.

2095 2691 2232 2743 rium
2285 2701 2598 2760 versantur,
2637 2694 2869 2748 clericos
2908 2710 3041 2750 vero
3083 2696 3223 2751 alios
3256 2711 3448 2750 omnes
3476 2697 3658 2766 appet-

2093 2778 2187 2834 lat.
2245 2779 2350 2836 Eos
2409 2781 2596 2851 igitur,
2650 2782 2694 2837 si
2747 2783 2931 2853 aliquo
2978 2782 3274 2853 prolecturi
3323 2785 3460 2848 sint,
3495 2794 3549 2838 et
3592 2787 3659 2837 ali

2091 2870 2326 2925 ecclesia
2394 2872 2481 2925 cui
2550 2872 2810 2942 adscripti
2879 2881 3006 2928 sunt
3047 2874 3379 2943 ntigraturi,
3450 2875 3662 2944 absque

2093 2961 2330 3032 episcopi
2365 2960 2626 3018 facultate
2667 2964 2877 3034 ingredi
2922 2979 3099 3019 canon
3135 2965 3277 3019 haud
3311 2967 3465 3020 sinit.
3509 2964 3659 3018 Dixi-

2094 3066 2215 3106 mus
2246 3065 2374 3106 vero
2413 3043 2525 3122 j'am
2573 3053 2640 3108 de
2671 3053 2938 3124 pacilicis,
2971 3063 3028 3110 et
3068 3054 3539 3109 commendatiliis
3573 3054 3662 3110 lit-

2097 3145 2252 3210 teris,
2283 3155 2492 3215 quarttc
2549 3145 2744 3216 synodi
2794 3161 3006 3201 canone
3030 3137 3114 3201 ll.
3147 3148 3260 3202 Has
3292 3162 3423 3216 ergo
3451 3147 3657 3216 episto-

2097 3235 2200 3298 las,
2235 3238 2517 3307 paciﬁcas,
2560 3239 2810 3308 inquam,
2859 3249 2911 3293 et
2958 3239 3462 3301 commendatitias,
3494 3253 3661 3292 cano-

2097 3328 2252 3384 ni'cas
2287 3329 2503 3386 litteras
2551 3331 2656 3386 hoc
2701 3332 2843 3395 loco,
2879 3331 3024 3401 quod
3067 3347 3133 3386 ex
3166 3332 3390 3386 decreto
3435 3331 3662 3385 canonis

2097 3419 2466 3489 traderentur,
2504 3421 2830 3478 nominavit.
2986 3423 2991 3428 ’

2097 3503 2325 3567 Αιιιετ.
2399 3531 2418 3565 ι
2451 3513 2696 3570 Clericus
2762 3515 2885 3570 sine
2941 3507 3144 3570 litteris
3199 3513 3520 3586 canonicis,
3577 3513 3660 3568 vel

2378 3611 2424 3656 ‘t
2461 3603 2731 3674 injussus,
2764 3605 2867 3660 iter
2897 3621 3007 3660 non
3034 3606 3287 3676 suscipit.
3326 3625 3349 3658 ›

2177 3694 2294 3749 Non
2347 3695 2751 3763 permittuntur
2803 3713 2835 3752 a
2886 3697 3060 3752 sacris
3107 3699 3414 3754 canonilius
3464 3697 3558 3768 qui
3608 3697 3661 3751 iu

2096 3784 2274 3839 aliena
2308 3785 2588 3855 provincia
2621 3786 2857 3842 ordinati
2915 3797 3065 3852 sunt,
3095 3788 3335 3853 admitti,
3383 3794 3666 3844 commeno

2095 3875 2314 3930 datitias
2346 3892 2451 3932 non
2485 3876 2777 3934 alferentes
2815 3880 3048 3936 litteras.
3084 3878 3152 3934 Et
3190 3880 3401 3935 ideirco
3435 3895 3666 3935 necesse

2095 3977 2180 4022 est
2233 3984 2330 4024 eos
2373 3983 2498 4023 cum
2539 3969 2739 4026 litteris
2789 3972 3074 4028 canonicis
3121 3973 3227 4026 iter
3257 3972 3566 4044 facere,‘ut
3610 3979 3666 4026 et

2067 4075 2287 4140 omnes
2339 4061 2572 4116 clericos
2628 4063 2682 4116 in
2739 4079 3065 4132 unaquaque
3111 4064 3345 4119 ecclesia
3396 4080 3518 4118 cum
3575 4065 3662 4120 sui

2094 4151 2340 4221 episcopi
2373 4151 2654 4209 voluntate
2696 4161 2750 4207 et
2796 4155 3055 4209 mandato
3083 4155 3150 4210 ad
3185 4155 3347 4210 aliam
3381 4156 3660 4212 civitatem

2093 4248 2147 4292 et
2171 4240 2510 4308 provinciam
2543 4243 2844 4312 proﬁcisci.

2644 4333 2872 4392 CANON
2916 4335 3104 4392 XLIII.

2099 4445 2117 4478 ι
2153 4426 2306 4492 Quod
2345 4443 2449 4480 non
2496 4438 2712 4496 oportet
2750 4429 3050 4494 ministros,
3083 4429 3163 4484 vel
3196 4429 3347 4484 brevi
3390 4439 3658 4499 tempore,

2263 4540 2280 4570 ‹
2320 4520 2465 4574 [οι-(ις
2499 4522 2826 4591 relinquere,
2866 4531 2920 4576 et
2951 4507 3436 4576 oratioui‘vaeare.
3474 4540 3492 4573 ι

2170 4611 2358 4665 BALS.
2412 4613 2656 4668 Diximus
2706 4613 2760 4666 in
2818 4628 3029 4666 canone
3073 4612 3143 4666 2°.
3198 4613 3478 4667 ministros
3532 4627 3668 4667 esse-

2094 4707 2486 4769 sulidiaconos,
2544 4717 2596 4759 et
2643 4721 2737 4760 eos
2780 4705 3097 4759 necessario
3133 4714 3389 4773 oportere
3439 4714 3658 4759 sancta-

2095 4809 2215 4848 rum
2257 4795 2614 4848 ecclesiarum
2662 4791 2878 4847 foribus
2909 4793 3177 4847 adsistere
3209 4799 3456 4862 tempore
3496 4808 3658 4848 sacra

2095 4887 2349 4956 mysteria
2377 4883 2694 4956 peragendi,
2729 4897 2786 4940 ut
2823 4884 3178 4938 introducant
3223 4890 3276 4936 et
3300 4883 3538 4939 educant
3568 4899 3661 4939 ca-

2097 4977 2474 5041 techumenos,
2501 4987 2556 5032 et
2583 4991 2678 5031 eos
2703 4975 2959 5044 qui‘sunt
2999 4973 3052 5027 in
3097 4973 3444 5042 paenitentia,
3483 4985 3535 5029 et
3576 4991 3658 5030 re-

2099 5067 2298 5136 liquos.
2348 5068 2486 5133 Quia
2544 5081 2676 5136 ergo
2718 5065 2965 5120 nonnulli
3001 5080 3066 5119 ex
3121 5064 3190 5119 iis
3228 5065 3416 5119 relicto
3445 5064 3548 5120 sibi
3582 5076 3662 5119 at-

2097 5159 2300 5212 tribute
2357 5159 2660 5214 ministerio
2716 5166 3060 5211 sacramenta
3119 5157 3659 5226 attingebant,_sta-

2097 5258 2315 5304 tuerunt
2343 5249 2550 5312 Patres,
2590 5257 2648 5304 ut
2669 5249 2705 5302 ii
2744 5247 2994 5302 ecclesize
3023 5247 3234 5302 foribus
3270 5246 3575 5312 assideant.
3607 5260 3661 5304 et

2086 5340 2278 5398 divina
2317 5342 2573 5414 mysteria
2621 5355 2730 5396 non
2765 5347 3132 5402 contrectent.
3183 5356 3283 5394 nec
3317 5355 3413 5411 pro
3459 5341 3664 5409 popqu

2092 5443 2393 5504 precentur
2443 5435 2619 5490 instar
2679 5433 3051 5490 sacerdotum.
3113 5429 3256 5501 Lege
3303 5446 3542 5488 canones
3590 5433 3651 5488 ει

2097 5535 2152 5578 et
2189 5524 2282 5588 22,
2317 5532 2373 5578 et
2397 5539 2522 5594 qua:
2551 5527 2682 5580 sunt
2711 5524 2763 5578 in
2799 5524 2957 5596 ipsis.

2171 5703 2424 5760 ZONAR.
2467 5701 2704 5762 Ministri
2735 5721 2876 5774 quos
2910 5702 3316 5772 liypodiaconos
3351 5715 3472 5757 esse
3513 5717 3664 5758 assc-

2103 5809 2266 5863 runt,
2328 5809 2640 5855 sanctarum
2697 5800 3054 5854 ecclesiarum
3128 5794 3341 5848 toribus
3404 5794 3662 5849 assistere
