3982 6494
372 407 500 496 nox

1519 414 1612 494 IN\
1639 415 1803 478 CAN.
1846 417 2019 477 xm
2056 418 2259 482 conc.
2301 419 2513 483 LAOD.

3449 420 3467 483 i
3479 422 3586 485 409.

367 529 724 598 ἑτοιμασθεὶς.
764 528 1217 600 βαπτισθήσεται.
1263 528 1340 584 Th
1364 530 1496 602 γάρ,
1546 533 1622 588 Οὐ
1651 534 1734 588 δεῖ
1762 535 1914 605 δέχε-

2028 550 2274 606 paratus.
2334 539 2722 609 baptizabitur.
2783 538 2920 594 Illud
2963 541 3152 604 enim,
3197 537 3314 594 Non
3371 551 3590 610 Oportet

370 621 513 682 σθαι,
549 623 646 675 οὐκ
675 622 1042 687 άδιαστίκτως
1076 623 1318 694 νοητέον,
1359 624 1496 681 ἀλλὰ
1521 628 1664 682 κατὰ
1693 627 1753 680 τὸ
1784 627 1926 696 μέγα

365 715 664 768 Σάϐϐατον.

434 809 682 864 ΖΩΝΑΡ.
739 810 828 862 Ἐν
857 809 934 880 τῷ
1001 812 1220 882 μεγάλῳ
1280 811 1543 882 Σαϐϐάτῳ
1595 811 1654 877 ἑξ
1698 811 1918 884 ἑθουςὴ

373 899 670 968 Ἐκκσλησέα
729 903 903 954 ποιεῖν
959 901 1307 973 βαπτίσματι
1354 904 1694 972 παρέλαϐεν·
1745 905 1827 958 ὅτι
1863 905 1922 956 τὸ

369 992 673 1062 βάπτισμα,
708 995 810 1062 τῆς
842 996 1020 1063 ταφῆς
1047 997 1139 1047 καὶ
1179 996 1274 1063 τῆς
1296 997 1649 1060 ἀναστάσεως
1673 996 1768 1050 τοῦ
1805 999 1920 1052 Ku-

367 1084 485 1151 ρίου
516 1083 683 1145 τύπος
717 1086 854 1139 ἑστί.
887 1087 960 1138 Τὸ
998 1088 1053 1139 δὲ
1090 1087 1370 1140 Σάϐϐατον
1400 1089 1576 1140 ἐκεῖνο
1612 1087 1776 1156 μέσον
1807 1089 1923 1140 ἐστὶ

363 1176 461 1246 τῆς
492 1176 668 1244 ταφῆς
699 1179 792 1232 καὶ
819 1182 917 1249 τῆς
941 1179 1313 1242 ἀναστάσεως.
1340 1180 1478 1242 Τοὺς
1505 1173 1597 1232 οὖν
1628 1179 1922 1248 ἑτοιμαζο-

367 1267 563 1336 μένους
591 1272 930 1342 φωτισοῆναι
963 1273 1021 1324 ἑν
1064 1272 1140 1342 τῷ
1168 1271 1388 1343 μεγάλῳ
1420 1273 1682 1344 Σαϐϐάτῳ
1714 1273 1795 1326 δεῖ
1823 1272 1922 1343 τὴν

367 1360 553 1412 πᾶσαν
586 1361 1048 1432 Τεσσαρακοστὴν
1078 1362 1364 1432 νηστεύειν
1391 1381 1449 1416 τε
1484 1364 1578 1416 καὶ
1610 1361 1916 1434 προκαθαί-

368 1451 558 1522 ρεσϐαι
589 1451 658 1507 δι’
684 1453 990 1524 ἀσκήσεως,
1057 1455 1150 1508 καὶ
1186 1454 1328 1508 οὕτω
1369 1455 1656 1525 προσιέναι
1685 1454 1762 1523 τῷ
1807 1472 1921 1522 φω-

371 1546 623 1613 τέσματι.
680 1547 743 1600 El
793 1547 849 1599 δέ
896 1564 981 1610 τις
1035 1548 1172 1618 μετὰ
1217 1547 1314 1617 τὴν
1357 1547 1617 1616 δευτέραν
1658 1547 1925 1617 ἑϐδομάδα

366 1637 637 1709 προσέλθῃ
663 1637 1182 1709 βαπτισθησόμενος,
1229 1639 1291 1693 οὐ
1337 1641 1418 1692 δεῖ
1465 1639 1628 1694 αὑτὸν
1679 1636 1918 1709 προσδέ-

366 1729 560 1799 χεσθαι
609 1731 689 1793 είς
739 1730 799 1783 τὸ
843 1731 1128 1801 βάπτισμα
1174 1732 1317 1786 κατὰ
1362 1732 1423 1784 τὸ
1459 1731 1673 1802 Πάσχα,
1724 1730 1799 1798 ὡς
1846 1730 1923 1802 μὴ

365 1823 494 1893 ὃλην
525 1823 622 1891 τὴν
655 1824 1120 1893 Τετσαρακοστὴν
1152 1822 1547 1894 νηστεύσαντα,
1583 1821 1722 1892 μετὰ
1749 1821 1922 1874 ταῦτα

2031 629 2260 692 admitti,
2296 647 2402 684 non
2433 642 2514 686 est
2549 631 2868 688 indistincte
2896 633 3334 702 intelligendum,
3384 630 3478 686 scd
3533 634 3587 706 in

2029 737 2222 788 magno
2258 723 2522 778 Sabbato.

2091 815 2343 870 ZON.\ll.
2399 817 2593 889 Magno
2647 817 2892 873 Sabbato
2957 821 3226 889 baptisma
3277 819 3584 888 celebrari,

2027 911 2253 978 antiqua
2287 909 2541 963 Ecclesia!
2580 912 2977 966 consuetudine
3005 920 3086 964 est
3137 923 3413 978 l'PCt'pllllll
3455 926 3468 961 :
3502 923 3586 963 est

2026 1018 2260 1072 namque
2291 1004 2554 1072 baptisma
2587 1006 2886 1074 sepultum
2925 1015 2974 1057 et
3018 1004 3440 1058 resurrectionis
3475 1003 3580 1055 Do-

2029 1093 2238 1147 Illiltit‘a:
2269 1101 2453 1164 typus.
2485 1093 2719 1148 Medium
2758 1107 2936 1148 autem
2971 1096 3114 1150 inter
3152 1097 3489 1162 svpulturam
3530 1102 3584 1147 et

2025 1187 2479 1239 resnrrectionem
2513 1185 2722 1242 Domini
2770 1185 3069 1240 Sabbatum
3105 1188 3234 1241 illud
3266 1187 3578 1240 intercedit.

2026 1276 2347 1346 Quicunque
2396 1278 2559 1347 igitur
2617 1294 2676 1332 se
2715 1287 2927 1346 parant,
2985 1288 3044 1333 ut
3091 1294 3286 1349 magno
3340 1277 3580 1332 Sabbatu

2025 1367 2392 1437 baptizentur,
2435 1379 2606 1424 totum
2658 1371 3148 1440 Quadragesimum
3183 1379 3401 1437 tempus
3437 1368 3580 1438 jeju-

2025 1462 2134 1517 niis
2186 1463 2517 1527 transigere.
2581 1462 3172 1531 exercitationibusque
3217 1461 3412 1515 divinis
3454 1475 3583 1529 pur-
3633 1506 3644 1520 ,

2023 1561 2200 1621 gatos,
2230 1552 2296 1607 ad
2344 1553 2726 1622 baptizandum
2765 1553 3026 1607 accedere
3073 1559 3307 1622 oportet.
3355 1550 3412 1603 Si
3458 1549 3581 1618 quis

2024 1655 2205 1699 autem
2276 1647 2510 1700 secunda
2582 1646 2916 1701 bebdomada
2981 1647 3164 1712 elapsa
3220 1641 3584 1714 baptizandus

2024 1735 2269 1799 accedat,
2326 1750 2663 1807 nequaquam
2730 1737 2777 1793 is
2828 1737 3080 1791 l‘ascbali
3123 1744 3418 1804 -tempore,
3481 1733 3582 1786 nisi

2023 1826 2384 1897 quadraginta
2441 1829 2649 1883 dierum
2691 1829 2900 1899 jejunio
2949 1830 3240 1899 expiatus,
3299 1828 3362 1880 ad
3409 1826 3583 1896 bapti.

367 1916 424 1968 δὲ
478 1915 935 1986 βαπτισθήσεται.
991 1916 1064 1968 Τδ
1111 1915 1243 1986 γὰρ,
1285 1915 1361 1967 Οὐ
1404 1913 1484 1968 δεῖ
1523 1912 1796 1984 δέχεσθαι.
1825 1911 1924 1966 οὐκ

2033 1929 2204 1968 summ
2229 1916 2437 1971 admitti
2461 1919 2660 1985 debet;
2691 1934 2800 1988 quo
2824 1920 3042 1974 demum
3074 1928 3288 1979 exacto,
3317 1913 3581 1986 baptizari

368 2008 758 2072 ἀδιαστίκτως,
787 2007 920 2064 ἀλλά
943 2007 1084 2060 κατὰ
1115 2007 1175 2058 τὸ
1204 2005 1346 2075 μέγα
1375 2003 1653 2060 Σάϐϐατον
1679 2003 1922 2072 νοητὲον.

2031 2004 2226 2059 deinde
2276 2006 2550 2063 hominem
2603 2021 2734 2064 tunc
2779 2010 2997 2086 quidem
3052 2011 3256 2064 licebit.
3306 2007 3439 2062 Nam
3493 2005 3583 2060 illa

368 2099 553 2162 verba,
586 2097 702 2153 Non
734 2107 951 2168 oportet
999 2098 1235 2161 admitti,
1273 2114 1381 2152 non
1453 2095 1770 2151 indistincte
1831 2095 2170 2179 accipienda,
2239 2100 2331 2156 sed
2395 2103 2612 2172 proprie
2687 2103 2753 2158 de
2813 2120 3011 2176 magno
3066 2102 3306 2157 Sabbato
3385 2099 3589 2154 intelli--

367 2196 538 2265 gendu
568 2203 712 2249 sunt.

367 2285 592 2340 ΔΡΙΣΤ.
652 2284 773 2338 «Ob
825 2284 906 2338 δεῖ
966 2285 1104 2354 μετὰ
1165 2283 1260 2338 δύο
1318 2285 1412 2354 τῆς
1465 2281 1926 2353 Τεσσαρακοστῆς

447 2398 464 2430 ι
502 2377 804 2446 ἑϐδομάδας
831 2379 912 2439 είς
937 2376 998 2428 τὸ
1023 2371 1280 2446 ⁴φώτισμα
1308 2375 1584 2446 δέχεσθαι.
1621 2373 1926 2444 Ὀφείλονσι

443 2489 462 2521 ι
503 2469 600 2524 καὶ
627 2470 736 2542 γὰρ
763 2469 862 2523 ἀπ’
889 2470 1066 2540 ἀρχῆς
1096 2469 1267 2539 αὐτῆς
1295 2468 1600 2537 νηστεύειν.
1641 2487 1659 2520 ι

448 2560 507 2613 ’0
543 2560 722 2614 κανὼν
769 2553 925 2623 οὗτος
973 2559 1161 2621 διττῶς
1195 2561 1418 2613 δύναται
1456 2559 1713 2630 νοηθῆναι
1735 2573 1749 2589 ο
1781 2557 1815 2627 ἢ
1843 2557 1924 2609 ὅτι

307 2686 314 2692 ς
367 2653 416 2704 ol
449 2651 587 2720 μετὰ
613 2649 973 2720 παραδρομὴν
1008 2647 1101 2701 δύο
1133 2649 1445 2718 ἑϐδομάδων
1497 2650 1596 2718 τῆς
1647 2649 1928 2717 Τεσσαρα-

368 2747 570 2814 κοστῆς
601 2743 1036 2814 προσερχόμενοι
1081 2744 1146 2813 τῇ
1199 2743 1380 2795 πίστει
1409 2781 1424 2806 ,
1483 2743 1578 2796 καὶ
1629 2741 1928 2810 ἀρξάμενοι

365 2835 670 2905 νηστεύειν.
724 2835 823 2887 οὐκ
857 2834 1260 2903 ἀξιωθήσονται
1313 2833 1408 2886 τοῦ
1455 2832 1837 2903 βαπτίσματος
1872 2833 1930 2884 ἑν

365 2925 444 2994 τῷ
473 2924 693 2995 μεγάλῳ
737 2925 1023 2995 Σαϐϐάτῳ.
1072 2924 1148 2987 ὡς
1193 2926 1286 2978 καὶ
1316 2925 1374 2991 ἐξ
1419 2924 1595 2995 ἀρχῆς
1627 2925 1796 2994 αὐτῆς
1826 2924 1926 2992 τῆς

368 3019 832 3090 Τεσσαρακοστῆς
877 3018 974 3088 τὴν
1028 3019 1264 3086 ἄσκησιν
1295 3015 1680 3087 ἑνδειξάμενοι,
1713 3017 1802 3069 καὶ
1828 3018 1928 3086 ἀρ-

364 3112 608 3172 κούντως
639 3109 1075 3181 νηστεύσαντες·
1107 3111 1140 3181 ἢ
1175 3112 1281 3174 ὅτι,
1333 3110 1432 3164 ἑὰν
1464 3110 1570 3181 πρὸ
1595 3113 1694 3182 τῆς
1726 3110 1929 3162 Τεσσα-

365 3204 643 3277 ρακοστῆς
675 3203 982 3274 προσῆλθόν
1009 3221 1155 3266 τινες
1196 3205 1262 3273 τῇ
1314 3203 1513 3268 πίστει,
1566 3203 1661 3256 καὶ
1695 3202 1929 3274 ἧρξαντο

2029 2280 2262 2338 ARIST.
2312 2302 2330 2336 ε
2367 2281 2496 2340 Post
2546 2284 2682 2340 duas
2721 2284 3164 2358 Quadragesimm
3214 2281 3586 2351 hebdomadas

2021 2366 2024 2370 ’
2108 2393 2126 2426 ι
2165 2374 2229 2430 ad
2268 2375 2722 2432 illuminationem
2765 2378 2994 2446 quosvis
3027 2375 3238 2430 admitti
3275 2390 3383 2428 non
3422 2385 3586 2440 οῃοῖ-

2107 2486 2125 2518 ι
2161 2477 2233 2520 tet
2262 2484 2277 2528 ;
2304 2468 2371 2520 ab
2403 2468 2520 2538 ipso
2545 2469 2688 2522 enim
2731 2469 2999 2539 principio
3023 2467 3272 2538 ieiunare
3303 2465 3521 2518 debent.
3563 2481 3581 2513 ι

2099 2557 2197 2615 llic
2219 2560 2708 2630 cauou'dupliciter
2733 2571 2909 2631 potest
2942 2562 3188 2630 intelligi,
3218 2561 3297 2612 vel
3327 2557 3467 2627 quod
3492 2556 3582 2620 qui

2024 2661 2149 2721 post
2201 2652 2336 2708 duas
2388 2651 2831 2724 Quadragesimae
2879 2650 3246 2706 hebdomadas
3301 2646 3586 2718 pra-teria-

2025 2757 2151 2812 psas
2177 2742 2240 2794 ad
2281 2742 2438 2796 ﬁdem
2479 2745 2766 2807 accedunt,
2818 2751 2871 2796 et
2897 2743 3150 2811 ieiunare
3200 2741 3496 2808 incipiunt,
3532 2736 3586 2788 in

2028 2849 2228 2905 magno
2271 2832 2513 2888 Sabbato
2553 2834 2832 2905 baptismo
2874 2833 3022 2902 digni
3061 2849 3168 2886 non
3221 2832 3586 2891 habebuntur,

2035 2937 2096 2982 ut
2129 2926 2208 2982 illi
2240 2927 2332 2998 qui
2379 2928 2449 2982 ab
2494 2928 2648 2982 initio
2697 2926 2856 2980 istius
2889 2922 3335 2990 Quadragesimze
3375 2921 3587 2974 exerci-

2036 3020 2289 3074 tationem
2339 3019 2728 3082 ostcnderunt,
2756 3027 2808 3072 et
2859 3016 3187 3072 sullicienter
3226 3014 3584 3084 ieiunarunt;

2032 3111 2115 3165 vel
2148 3113 2290 3178 quod
2329 3111 2372 3165 si
2430 3120 2552 3165 ante
2585 3109 3072 3178 Quadragcsimam
3106 3107 3172 3160 ad
3218 3105 3376 3158 ﬁdem
3421 3103 3586 3173 quili—

2034 3201 2125 3258 bet
2177 3212 2547 3266 accesserunt,
2607 3209 2663 3256 ct
2718 3200 2969 3270 ieiunare
3026 3207 3336 3270 cmpernnt,
3390 3197 3587 3250 deinde

367 3295 674 3366 νηστεύειν,
692 3291 813 3350 εἷτα
835 3295 943 3366 πρὸ
971 3295 1064 3348 τοῦ
1095 3294 1396 3365 ἀξιωθῆναι
1423 3294 1520 3348 τοῦ
1552 3292 1924 3365 βαπτίσματος

2030 3295 2349 3364 priusquam
2417 3295 2693 3364 baptismo
2764 3303 3094 3347 censeantur
3159 3292 3302 3362 digni
3369 3288 3590 3342 advenit

368 3389 576 3456 ἑπέστη
605 3389 638 3458 ἡ
675 3387 1131 3459 Τεσσαρακοστὴ,
1183 3387 1284 3440 οὐκ
1318 3386 1650 3457 ἁναμενοῦσι
1689 3385 1752 3440 τὸ
1786 3384 1931 3456 μέγα

367 3480 648 3534 Σάϐϐατον
705 3479 798 3532 ἐπὶ
827 3479 906 3549 τῷ
952 3478 1310 3548 φωτισθῆναι,
1382 3477 1564 3540 καθὼς
1616 3478 1712 3532 καὶ
1755 3477 1803 3529 oi
1833 3475 1929 3530 ἀπ’

363 3576 540 3645 ἀρχῆς
567 3575 731 3644 αὐτῆς
760 3575 857 3643 τῆς
899 3573 1364 3643 Τεσσαρακοστῆς
1421 3574 1710 3644 νηστεύειν
1751 3554 1931 3643 ἀρξά-

371 3684 557 3737 μενοι·
610 3665 724 3720 άλλ’
769 3665 898 3736 ἄχρι
952 3667 1054 3736 μὲν
1096 3665 1189 3719 δύο
1243 3665 1577 3736 ἑϐδομάδων,
1623 3666 1673 3719 εί
1729 3663 1930 3726 ἱκανῶς

365 3761 724 3830 ἑνήστευσαν,
769 3758 1171 3830 ἀξιωθήσονται
1212 3759 1306 3813 τοῦ
1337 3757 1736 3832 βαπτίσματος.
1772 3757 1835 3809 Ei
1883 3752 1928 3808 δ’

271 3859 284 3866 ’
363 3853 465 3906 οὐκ
493 3851 676 3916 ἔδοξαν
728 3851 1018 3920 αὐτάρκως
1046 3850 1340 3922 νηστεῦσαι
1378 3851 1519 3921 μετὰ
1569 3845 1930 3920 παραδρομὴν

364 3941 460 3996 δύο
505 3941 815 4010 ἑϐδομάδων
860 3941 959 4009 τῆς
1007 3941 1506 4010 Τεσσαρακοστῆς,
1549 3940 1610 3993 οὐ
1657 3937 1932 4008 mmet;-

368 4050 573 4097 σονται,
619 4032 734 4089 ἀλλ’
785 4032 1118 4102 ἁναμενοῦσι
1146 4035 1240 4086 καὶ
1274 4033 1430 4086 αὐτοὶ
1479 4031 1618 4102 μετὰ
1646 4031 1755 4083 τῶν
1794 4029 1928 4098 μελ-

366 4125 569 4180 λόντων
645 4124 724 4195 τῷ
783 4125 1003 4196 μεγάλῳ
1070 4125 1430 4195 βαπτισθῆναι
1493 4122 1793 4191 Σαϐϐάτῳ⁶
1853 4119 1930 4182 ὡς

366 4218 590 4271 ἐκείνων
651 4217 828 4286 μόνων
856 4217 1027 4270 δντων
1059 4217 1265 4270 δεκτῶν
1299 4216 1406 4269 τῶν
1461 4213 1520 4280 ἑξ
1553 4214 1725 4285 ἀρχῆς
1757 4212 1928 4281 αὐτῆς

365 4309 466 4380 τῆς
521 4309 980 4380 Τεσσαρακοστῆς
1033 4311 1429 4379 νηστευόντων,
1459 4301 1545 4360 οἷα
1594 4307 1693 4377 τῆς
1746 4305 1928 4358 αὐτῶν

368 4402 656 4471 ἀσκήσεως
718 4399 935 4464 τελείας
998 4398 1167 4470 οὔσης
1230 4403 1326 4454 καὶ
1388 4400 1488 4454 οὐκ
1563 4397 1929 4469 ἁπεσχεδιασ-

371 4494 562 4564 μένης.

937 4583 1174 4639 κΑΝοΝ
1210 4583 1360 4652 Man

2029 3388 2482 3458 Quadragesima,
2529 3403 2636 3441 non
2685 3387 3084 3457 exspectabuut
3136 3400 3396 3454 maguum
3450 3383 3591 3436 Sab-

2029 3479 2212 3537 batum
2243 3488 2298 3531 ut
2329 3479 2744 3543 illuminentur;
2786 3475 3252 3546 quemadmodum
3298 3487 3351 3530 et
3382 3474 3474 3541 qui
3520 3472 3588 3525 ab

2029 3571 2189 3640 initio
2220 3572 2381 3628 iStius
2440 3570 2885 3639 Quadragesimte
2938 3567 3189 3636 ieiunare
3241 3569 3586 3634 inceperunt,

2028 3659 2121 3718 sed
2153 3674 2326 3730 usque
2361 3659 2430 3714 ad
2461 3659 2601 3716 duas
2623 3660 2959 3727 septimanas
3000 3658 3053 3715 si
3080 3659 3215 3712 satis
3247 3656 3587 3726 iciuuarunt,

2029 3753 2300 3824 baptismo
2326 3751 2474 3823 digni
2515 3758 2866 3808 censeantur.
2909 3749 2963 3816 Si
2988 3759 3169 3806 autem
3218 3759 3338 3819 post
3368 3750 3587 3818 elapsas

2027 3847 2166 3902 duas
2209 3845 2657 3916 Quadragesimze
2704 3845 3036 3915 septimanas
3081 3842 3416 3898 sullicienlcr
3448 3841 3588 3908 ieiu-

2027 3953 2191 3995 nasse
2220 3955 2327 3992 non
2362 3939 2638 4000 videntur,
2684 3951 2790 3991 non
2830 3935 3230 3997 illuminentur,
3264 3935 3358 3989 sed
3393 3947 3588 4002 exspe-

2027 4031 2254 4086 ctabunt
2283 4029 2446 4102 475
2473 4041 2525 4084 et
2572 4029 2675 4100 ipsi
2711 4043 2835 4082 cum
2870 4028 2936 4081 iis
2976 4027 3066 4098 qui
3113 4041 3307 4096 magno
3350 4024 3590 4080 Sabbato

2027 4123 2290 4193 baptizati
2323 4131 2487 4176 erunt
2523 4139 2536 4175 :
2569 4122 2706 4176 adeo
2735 4129 2794 4174 ut
2835 4120 2913 4174 illi
2960 4120 3064 4174 soli
3113 4120 3226 4174 sint
3259 4116 3584 4188 recipiendi,

2027 4215 2120 4286 qui
2186 4214 2252 4267 ab
2317 4214 2477 4268 initio
2529 4214 2688 4269 istius
2745 4211 3183 4283 Quadragvsima:
3231 4210 3575 4295 ieiunarpnt,

2030 4308 2230 4377 quippe
2262 4306 2407 4370 quod
2444 4321 2634 4360 eorum
2667 4304 2990 4360 exercitatio
3019 4303 3258 4374 perlecta
3286 4309 3447 4357 estet
3482 4316 3586 4355 non

2032 4417 2097 4454 ex
2133 4409 2376 4470 tempore
2410 4398 2572 4454 facta.

2584 4575 3030 4634 CANONEXLVI.

372 4696 392 4730 ι
425 4678 548 4730 Ὀτι
585 4676 664 4730 δεῖ
695 4679 818 4740 τοὺς
857 4676 1258 4746 φωτιζομένους
1427 4677 1611 4729 πίστιν
1648 4677 1924 4747 ἑκμανθά-

2039 4694 2058 4728 ι
2091 4674 2241 4741 Quod
2273 4681 2487 4744 oportet
2510 4687 2604 4726 eos
2629 4671 2720 4741 qui
2748 4670 3054 4740 baptizandi
3092 4680 3241 4731 sunt,
3281 4667 3439 4723 ﬁdem
3467 4667 3586 4721 edi-

448 4787 467 4820 ι
509 4785 620 4822 νειν
654 4768 763 4838 (67)
797 4769 892 4822 καὶ
921 4771 987 4838 τῇ
1027 4768 1258 4839 Πέμπτῃ
1295 4767 1393 4836 τῆς
1425 4768 1712 4838 ἑϐδομάδος
1748 4773 1927 4841 ἀπαγ-

444 4881 462 4914 ι
507 4863 713 4931 γέλλειν
743 4861 819 4931 τῷ
849 4861 1132 4930 ἑπισκὸπῳ
1161 4861 1194 4932 ἢ
1228 4861 1339 4924 τοῖς
1370 4861 1780 4930 πρεσϐυτέροις.
1830 4883 1849 4915 s

2111 4788 2130 4822 ι
2164 4783 2334 4830 scere,
2367 4778 2419 4821 et
2444 4766 2630 4836 quinta
2663 4763 3013 4818 hebdomadis
3040 4763 3168 4817 feria
3209 4764 3464 4832 episcopo
3511 4760 3593 4815 vel

2107 4881 2125 4915 ι
2165 4861 2494 4932 presbyteris
2522 4858 2855 4913 renuntiare.
2901 4876 2919 4909 ι

1598 4954 1785 5017 Guill.
1823 4957 2146 5034 Beveregii
2184 4965 2370 5017 notos.

447 5053 556 5123 (67)
612 5055 739 5108 Ὀτι
783 5053 876 5106 δεῖ
909 5051 1048 5117 τοὺς
1075 5053 1523 5123 κςρωτιζομένους
1559 5055 1673 5123 τὴν
1716 5060 1928 5112 πίστιν

370 5121 781 5190 ἐκμανθάνειν.
811 5124 1044 5178 Isidorus
1072 5121 1334 5178 Mereatur
1365 5121 1625 5178 rationem
1665 5128 1806 5182 hunc
1845 5129 1925 5182 sic

375 5196 790 5258 interpretatur:
816 5193 1169 5265 Baptizandos
1192 5205 1388 5260 oportet
1410 5203 1457 5246 et
1481 5196 1601 5262 ﬁdei
1629 5199 1922 5265 symbolum

373 5266 592 5326 discere,
626 5277 676 5334 et
708 5265 888 5332 quinta
923 5264 1056 5332 feria
1095 5264 1296 5317 ultima:
1324 5265 1639 5334 septimana:
1663 5264 1753 5320 fuel
1782 5274 1922 5334 epis-

372 5349 500 5399 copo
557 5333 634 5387 vel
685 5333 979 5400 presbytero
1025 5335 1258 5388 reddere.
1319 5333 1435 5394 Ubi,
1480 5344 1539 5388 ut
1588 5337 1768 5390 videre
1814 5333 1918 5399 est,

375 5406 558 5474 πίστιν
588 5405 769 5474 γνιιειίι
816 5403 968 5456 Fidei
1017 5403 1333 5474 symbolum,
1383 5414 1528 5459 recte
1569 5407 1808 5474 quidem.
1859 5409 1924 5462 Et

374 5473 481 5529 hoc
513 5473 654 5527 enim
683 5473 1016 5544 recitandqu
1045 5465 1158 5527 aut
1183 5465 1438 5544 episcopo
1469 5483 1562 5528 aut
1589 5465 1920 5544 presbytero,

417 5545 688 5612 riusqnam
720 5544 843 5611 quis
879 5542 1228 5610 baptizetttr.’
1264 5542 1414 5598 Unde
1456 5555 1512 5596 ut
1543 5542 1918 5600 catecbumcui

375 5560 682 5668 Bantizandi
737 5613 862 5666 illud
918 5611 1214 5666 doceantur
1265 5631 1292 5666 a
1329 5614 1558 5668 concilio
1610 5615 1918 5668 Bracarensi

415 5611 682 5680 aptiztandi
737 5613 862 5666 illttd
918 5611 1214 5666 doceantur
1265 5631 1292 5666 a
1329 5614 1558 5668 concilio
1610 5615 1919 5670 Bracarensi

374 5685 537 5735 etiam
589 5684 834 5736 edicitur.
894 5681 1102 5754 Placuit
1159 5684 1395 5754 omnibus
1448 5687 1722 5754 episcopis,
1774 5699 1926 5754 atque

375 5756 630 5814 convenit,
660 5764 714 5805 ut
741 5768 831 5819 per
860 5753 1094 5816 singulas
1126 5753 1368 5806 ecclesias
1394 5753 1626 5819 episcopi
1650 5769 1697 5810 et
1735 5753 1924 5810 dioece-

375 5838 457 5880 us
494 5824 844 5886 ambulantes,
880 5823 1046 5888 primo
1079 5825 1360 5875 discutiant
1395 5827 1628 5885 clericos,
1666 5833 1921 5892 quomodo

377 5893 610 5947 ordinem
641 5895 880 5961 baptismi
912 5904 1134 5958 teneant,
1167 5895 1241 5946 vel
1277 5893 1582 5962 Missurum,
1617 5908 1663 5949 et
1696 5897 1921 5966 qualiter

2035 5074 2350 5128 quotcunque
2391 5056 2570 5124 Ofﬁcia
2609 5053 3226 5128 in_ecclesia_peragant.
3273 5055 3336 5128 Et
3370 5053 3417 5106 si
3461 5065 3595 5108 recte

2031 5124 2236 5196 quidem
2266 5124 2603 5187 invenerunt,
2655 5124 2758 5178 Deo
2805 5125 3006 5192 gratias
3057 5135 3215 5192 agant
3243 5138 3263 5176 :
3292 5126 3374 5196 sin
3423 5136 3591 5177 autem

2033 5200 2262 5258 minime,
2294 5197 2476 5250 docere
2513 5195 2698 5250 debent
2733 5197 2946 5264 ignaros
2966 5236 2980 5253 .
3019 5203 3067 5248 et
3103 5198 3196 5248 hoc
3227 5195 3394 5248 modis
3426 5196 3595 5247 omni-

2029 5268 2122 5322 bus
2152 5269 2447 5334 prtecipere,
2481 5267 2612 5319 sicut
2647 5265 2849 5326 antiqui
2877 5281 3099 5321 canones
3142 5266 3348 5333 jubent,
3383 5275 3436 5315 ut
3469 5277 3591 5317 ante

2025 5339 2136 5391 dies
2171 5338 2346 5408 viginti
2378 5336 2646 5408 baptismi,
2683 5336 2751 5408 ad
2781 5346 3137 5408 purgationem
3165 5334 3443 5408 (σοι’-εἰσηιὶ
3472 5351 3595 5385 con-

2026 5404 2242 5461 currant
2273 5407 2642 5460 catechumeni.
2679 5405 2742 5457 In
2769 5404 2957 5471 quibus
2983 5407 3160 5474 viginti
3195 5406 3373 5457 diebus
3407 5421 3584 5474 omnes

2024 5478 2379 5531 catecltunteni
2425 5475 2734 5545 symbolum,
2769 5475 2905 5542 quod
2951 5473 3050 5538 est,
3094 5475 3259 5528 Credo
3317 5473 3591 5545 in_Deum

2023 5547 2239 5602 Putrem
2268 5543 2691 5616 omnipotentem,
2715 5545 3012 5612 specialiter
3037 5546 3342 5616 doceantur.
3379 5543 3589 5616 Concil.

2024 5618 2180 5672 Brac.
2215 5617 2269 5674 2.
2305 5632 2356 5670 c.
2391 5613 2428 5669 ι.
2479 5616 2620 5668 Idem
2668 5613 2781 5668 fere
2840 5627 2890 5666 et
2931 5631 2958 5665 a
3012 5617 3247 5667 concilio
3297 5613 3586 5678 Agatbensi

2023 5687 2354 5751 decernitur,
2392 5685 2698 5753 Symbolum
2719 5685 2873 5737 etiam
2904 5686 3102 5750 placuit
3133 5687 3197 5736 ab
3225 5683 3463 5736 omnibus
3493 5687 3595 5736 11c-

2021 5759 2196 5810 clesiis
2235 5774 2339 5809 una
2374 5758 2488 5818 die,
2525 5755 2576 5806 id
2617 5765 2725 5816 est,
2754 5764 2874 5806 ante
2901 5765 3014 5806 octo
3043 5755 3153 5806 dies
3189 5753 3473 5807 Dominicre
3502 5771 3593 5806 re-

2019 5828 2358 5881 surrectionis
2388 5827 2590 5894 publice
2624 5827 2680 5880 in
2706 5824 2924 5895 ecciesia
2953 5825 3360 5889 competentibus
3386 5826 3586 5895 ρειτάὲ-

2019 5899 2152 5952 cari.
2183 5892 2395 5954 Concil.
2435 5897 2629 5967 Agatb.
2663 5910 2789 5950 can.
2834 5892 2918 5947 l3.
