3982 6494
417 559 433 590 ι
474 540 627 593 πόλιν
677 541 975 593 ἐσπούδασε
1011 545 1346 610 μεταστῆναι
1370 559 1382 572 ’
1415 542 1537 595 ὅθεν
1574 544 1904 613 συνέστηκεν

415 648 433 679 ι
471 631 719 702 διαπύρῳ
768 630 1081 701 πλεονεξίας
1128 637 1280 705 τόπῳ
1339 636 1741 690 ύπεκκαίεσθαι
1777 638 1923 700 τοὺς

421 738 440 771 ι
476 724 766 787 τοιούτους,
802 725 894 777 καὶ
947 726 1145 794 μᾶλλον
1174 730 1239 796 τῇ
1293 726 1580 797 ἀλαζονείᾳ
1610 727 1902 792 δουλεύειν,

424 815 617 877 «ὅπως
670 817 917 881 ἐξουσίαν
965 819 1170 872 δοκοίεν
1223 821 1441 888 μείζονα
1484 820 1807 889 κεκτῆσθαι.
1840 822 1903 873 Εἰ

419 922 437 955 ι
483 907 614 958 πᾶσι
638 909 816 959 τοίνυν
844 909 1001 961 τοῦτο
1030 912 1277 979 ἀρέσκει,
1311 909 1454 962 ὥστε
1496 911 1595 980 τὴν
1647 911 1903 979 τοιαύτην

422 1014 451 1045 ιι
480 998 771 1066 σκαιότητα
800 1000 1197 1072 αὐστηρότερον
1250 1002 1631 1072 ἐκδικηθῆναις
1663 1004 1902 1073 ἡγοῦμαι

425 1106 443 1139 ι
475 1092 582 1160 γὰρ
616 1093 752 1161 μηδὲ
798 1094 1001 1147 λαῖκῶν
1034 1094 1175 1163 ἔχειν
1203 1094 1327 1155 τοὺς
1385 1095 1657 1159 τοιούτους
1706 1097 1902 1165 χρῆναι

393 1183 771 1237 .ιοκοινωνίαν.
835 1185 1041 1248 Πάντες
1076 1186 1364 1238 ἐπίσκοποι
1420 1184 1605 1240 εἷπον·
1653 1188 1901 1256 Ἀρέσκει

421 1292 439 1323 ι
476 1274 661 1327 πᾶσιν.
690 1294 707 1326 ι

414 1366 611 1421 ΒΑΛΣ.
661 1368 793 1436 Περὶ
824 1368 933 1418 τῶν
966 1369 1396 1438 μεταὸαινόντων
1442 1371 1745 1441 ἀρχιερέων
1795 1371 1901 1423 ἀπὸ

343 1458 549 1522 πόλεως
572 1461 649 1521 είς
666 1461 757 1512 πό)
772 1477 820 1513 ιν
845 1460 1159 1529 ἀλλοτρίαν,
1180 1464 1348 1529 ἤγουν
1375 1463 1656 1532 διοίκησιν,
1682 1463 1916 1532 εἴρηται

343 1552 400 1602 ἐν
423 1552 498 1620 τῷ
526 1556 992 1623 πεντεκαιδεκάτῳ
1026 1555 1122 1618 τῆς
1161 1557 1220 1606 ἐν
1267 1555 1468 1627 Νικαίᾳ
1509 1556 1752 1614 συνόδου,
1804 1557 1899 1608 καὶ

340 1642 401 1694 ἐν
425 1643 501 1711 τῷ
531 1642 589 1695 ιδ’
629 1646 812 1697 κανόνι
846 1645 953 1697 τῶν
997 1646 1167 1713 ἁγίων
1200 1647 1540 1711 ἀποστόλου,
1594 1648 1689 1701 καὶ
1736 1649 1795 1699 ὲν
1824 1648 1903 1717 τῷ

344 1736 428 1788 κα¹
475 1737 565 1789 καὶ
595 1739 651 1788 ἐν
678 1738 752 1805 τῷ
778 1737 860 1806 κβ¹
892 1740 990 1807 τῆς
1018 1742 1075 1791 ὲν
1104 1738 1425 1810 Ἀντιοχείᾳ,
1459 1742 1551 1792 καὶ
1580 1741 1637 1793 ἐν
1667 1740 1897 1809 ἑτέροις.

344 1829 887 1898 Καταφρονουμένων
915 1831 969 1884 δὲ
1013 1832 1121 1884 τῶν
1151 1832 1209 1883 ἐν
1244 1832 1426 1894 αὐτοῖς
1469 1835 1898 1903 περιεχομένων,
1934 1807 1975 1863 Β

340 1922 369 1972 ό
394 1921 688 1983 ἐπίσκοπος
712 1922 917 1984 πόλεως
940 1923 1272 1993 Κορδσύσης,
1300 1927 1327 1975 ὁ
1372 1928 1466 1975 καὶ
1495 1926 1677 1986 Ὄσιος
1712 1925 1908 1994 κεκλη-

347 2014 503 2081 μένος
532 2013 618 2065 διὰ
651 2012 747 2083 τὴν
779 2014 1086 2084 προσοῦσαν
1117 2013 1265 2084 αύτῷ
1298 2014 1517 2086 ἀρετὴν,
1545 2019 1907 2085 προοιμιασά-

345 2122 505 2174 μενος
536 2104 771 2173 ὀφείλειν
799 2108 976 2160 πᾶσαν
998 2107 1206 2175 φαύλην
1231 2109 1515 2179 συνήθειαν
1532 2110 1903 2181 ὲκριξοῦσθαι,

345 2199 524 2266 πολλῷ
558 2199 613 2251 δὲ
650 2200 810 2252 πλέον
840 2200 935 2270 τὴν
966 2202 1259 2271 ἀφορῶσαν
1309 2204 1402 2256 καὶ
1452 2206 1533 2271 είς
1565 2205 1904 2273 πραγμάτων

344 2290 811 2372 ἐκκλησιαστικῶν
857 2291 1181 2360 διαφθορὰν,
1232 2293 1479 2363 ἐπήγαγε
1514 2294 1589 2363 μὴ
1638 2292 1783 2369 ἔχειν
1817 2294 1903 2346 ἐπ’

344 2383 525 2446 ἁδείας
560 2385 854 2437 ἐπίσκοπον
887 2385 1186 2454 οίονδήτινα
1216 2385 1321 2437 ἀπὸ
1374 2384 1579 2445 πόλεως
1630 2387 1711 2447 εἰς
1748 2386 1904 2437 πόλιν

348 2475 727 2542 μεθίστασθαι.
771 2477 855 2536 Ὠς
895 2476 952 2527 δέ
983 2494 1129 2539 τινος
1156 2479 1402 2541 εἰπόντος
1436 2479 1808 2546 συγγνωστέον
1830 2477 1907 2532 εἷ-

342 2568 682 2630 ναιτὸντσως
706 2568 860 2620 τοῦτο
888 2571 1186 2637 ποιήσαντα
1227 2570 1316 2623 διὰ
1349 2571 1549 2637 τρόπον
1575 2573 1906 2638 ἀγαθὸν,κα“ι

342 2657 429 2710 διὰ
456 2658 517 2711 τὸ
552 2658 755 2723 διδάξαι
790 2660 883 2712 καὶ
912 2660 1159 2729 στηρίξαι
1184 2660 1312 2713 λαὸν
1342 2662 1581 2725 πλείονα,
1609 2663 1905 2732 προσέθετο

344 2750 495 2819 παρὰ
540 2751 647 2801 τῶν
682 2753 993 2803 ἐπισκόπων
1024 2752 1181 2805 τοῦτο
1215 2751 1517 2822 τολμᾶσθαι
1551 2752 1625 2823 μὴ
1667 2755 1754 2807 διὰ
1784 2756 1907 2824 τρό-

344 2858 444 2893 πον
476 2840 700 2904 ἀγαθὸν,
733 2841 866 2892 ἀλλά
894 2842 981 2893 διὰ
1006 2841 1336 2905 πλεονεξίαν,
1379 2842 1409 2912 ἢ
1467 2843 1533 2895 δι’
1564 2842 1899 2905 ἀλαζονείαν,

342 2934 436 2984 καὶ
466 2932 606 2985 ὥστε
662 2932 805 3001 ἔχειν
857 2932 1105 2996 ἐξουσίαν
1168 2934 1392 3002 μείζονα
1447 2934 1539 2987 καὶ
1596 2935 1905 3003 κερδαίνειν

343 3025 582 3080 πλείονα.
617 3027 802 3089 Ούδείς
828 3026 956 3096 γὰρ,
1015 3029 1200 3097 φησὶν,
1234 3029 1527 3090 ἐπίσκοπος
1559 3028 1754 3099 εὑρέθη
1796 3027 1905 3082 ἀπὸ

1493 347 1571 405 ΙΝ
1603 348 1773 409 CAN.
1816 349 1845 408 [ῖ
1877 351 2079 414 CONC.
2119 351 2411 413 SARDIC.

421 470 440 500 ι
473 468 581 513 ται,
613 450 671 512 ὃς
704 450 813 505 ἀπὸ
852 452 1096 515 μείζονος
1128 454 1333 515 πόλεως
1365 456 1443 513 εἰς
1491 456 1907 523 ὲ>αχιστοτέραν
1937 473 1982 525 Α

3430 349 3444 404 1
3468 351 3563 412 ι’ῗϐ

2083 475 2101 507 ι
2139 460 2359 513 civitate
2392 461 2441 509 in
2476 459 2733 511 minorem
2790 457 3017 510 transire
3071 456 3335 509 studuerit
3371 474 3387 510 :
3425 461 3567 510 unde

2086 566 2105 600 ι
2142 549 2387 603 constitit
2436 563 2527 602 eos
2569 547 2771 600 ardenti
2808 547 2957 614 plura
3010 546 3240 601 habendi
3272 546 3567 616 cupiditate

2082 659 2101 693 ι
2139 640 2426 704 succendi,
2457 649 2510 693 ct
2539 642 2708 707 magis
2740 632 3063 706 arrogantia:
3096 638 3300 691 servire
3330 677 3345 695 ,
3386 646 3444 692 ut
3489 637 3567 690 vi-

2084 750 2117 783 ιΔ
2141 732 2367 787 deantur
2396 731 2653 799 majorem
2702 730 2897 784 habere
2941 738 3281 797 potestatem.
3315 727 3567 782 Placetne

2083 841 2101 873 ι
2145 824 2244 876 hoc
2266 822 2538 884 omnibus,
2572 832 2629 875 ut
2657 821 2917 887 ejusmodi
2973 820 3285 890 improbitas
3319 821 3567 875 acerbius

2082 933 2101 966 ι
2136 914 2475 968 vindicetur?
2503 914 2749 967 existimo
2769 914 2912 967 enim
2941 927 3035 966 eos
3068 927 3133 965 ne
3163 912 3416 965 laicorum
3441 912 3571 985 qni-p

2083 1028 2100 1059 ι
2139 1011 2255 1062 dem
2291 1009 2484 1062 debere
2512 1008 2707 1061 habere
2742 1006 3194 1061 communionem.
3220 1003 3419 1059 Omnes
3453 1004 3565 1071 cpi-

2006 1108 2009 1119 ‘
2081 1121 2097 1151 ι
2138 1100 2284 1168 scopi
2318 1101 2565 1153 dixerunt
2594 1115 2607 1149 :
2639 1096 2817 1151 Placet
2844 1097 3114 1151 omnibus.
3156 1114 3173 1146 ι

2074 1376 2266 1431 BALS.
2298 1376 2369 1429 De
2404 1374 2700 1443 episcopis,
2728 1375 2818 1443 qui
2865 1389 2905 1428 δ
2933 1374 3154 1428 civitate
3197 1372 3249 1425 in
3287 1371 3559 1425 civitatem

2002 1482 2093 1521 seu
2117 1467 2393 1519 dimeesim
2426 1476 2755 1530 transeunt,
2786 1464 2987 1518 dictum
3012 1474 3096 1518 est
3139 1463 3192 1516 in
3238 1463 3425 1533 synodi
3476 1461 3565 1515 Νι-

2001 1574 2163 1613 ca'ote
2182 1571 2385 1610 canone
2412 1557 2501 1621 i5,
2528 1556 2647 1609 etin
2681 1569 2889 1609 canone
2919 1554 2984 1606 N
3014 1563 3319 1608 sanctorum
3343 1563 3562 1621 aposto.

2002 1651 2194 1711 lormn,
2221 1650 2352 1713 etin
2380 1649 2441 1702 2|
2479 1659 2534 1702 et
2568 1650 2627 1703 in
2653 1648 2721 1701 εε
2774 1647 3123 1702 Antiocheam
3148 1685 3163 1707 ,
3213 1657 3263 1700 et
3318 1646 3370 1698 in
3422 1646 3562 1698 aliis.
3611 1654 3620 1670 ‘

2001 1744 2137 1797 Cum
2162 1754 2337 1796 autem
2364 1742 2625 1810 neglectui
2656 1742 2982 1794 haberentur
3010 1755 3093 1799 ea.
3126 1754 3245 1806 qum
3282 1738 3412 1805 ipsis
3438 1753 3562 1791 conc

2007 1836 2264 1899 tinentur,
2294 1835 2577 1902 episcopus
2608 1832 2990 1896 Cerdubeusis,
3023 1832 3111 1899 qui
3144 1830 3305 1884 Osius
3329 1829 3551 1896 appella-

2006 1935 2092 1981 tus
2135 1936 2216 1980 est
2238 1935 2458 1995 propter
2493 1925 2743 1978 virtutem
2774 1939 2891 1992 qme
2939 1921 3011 1976 illi
3055 1924 3231 1976 inerat
3255 1962 3269 1981 ,
3305 1935 3567 1981 exorsus,

2006 2019 2201 2074 debere
2225 2034 2439 2072 munem
2473 2017 2663 2070 malam
2698 2016 3140 2069 consuctmlinem
3190 2014 3445 2068 radicitus
3471 2028 3569 2065 ex-

2005 2111 2244 2180 stirpari,
2272 2109 2438 2163 multo
2462 2118 2641 2162 autem
2692 2109 2862 2175 magis
2914 2122 3030 2161 eam
3082 2120 3206 2173 quae
3250 2098 3457 2172 spectat
3501 2103 3568 2157 ad

2007 2219 2186 2257 rerum
2237 2202 2721 2258 ecclesiasticarum
2768 2197 3163 2266 corruptelam;
3230 2195 3411 2250 intulit
3461 2207 3568 2249 non
3654 2188 3661 2189 ί

2007 2295 2167 2349 licere
2182 2296 2429 2361 cuiquam
2447 2294 2695 2360 episcopo
2710 2307 2774 2344 ex
2792 2290 3069 2344 civitatein
3094 2289 3366 2343 civitatem
3393 2296 3571 2341 trans-

2006 2386 2105 2440 ire.
2142 2385 2370 2440 Perinde
2412 2398 2587 2437 autem
2615 2398 2677 2437 ac
2706 2382 2748 2437 si
2783 2383 3002 2437 dixisset
3035 2378 3333 2451 quispiam,
3364 2380 3410 2432 ei
3454 2394 3571 2433 esse

2009 2481 2431 2549 ignoscendum,
2471 2481 2561 2549 qui
2612 2482 2834 2534 honesta
2890 2480 3117 2532 fortasse
3167 2478 3231 2530 de
3277 2491 3437 2530 causa
3472 2476 3573 2529 hoc

2010 2573 2252 2628 facturus
2280 2581 2383 2635 est,
2417 2581 2471 2625 et
2493 2582 2549 2624 ut
2576 2572 2833 2639 majorem
2869 2571 3124 2639 p0pu|um
3154 2568 3344 2622 doceat
3363 2575 3415 2620 et
3445 2581 3569 2620 con.

2009 2665 2213 2725 ﬁrmet;
2246 2663 2461 2731 adjecit,
2498 2663 2599 2717 hoc
2646 2662 2843 2716 audere
2883 2663 3179 2729 episcopos,
3216 2674 3321 2713 non
3356 2669 3572 2726 propter

2009 2753 2286 2806 honestam
2317 2752 2548 2820 aliquam
2581 2766 2800 2804 causam
2832 2789 2848 2812 ,
2880 2752 2971 2802 sed
3006 2759 3225 2817 propter
3247 2749 3527 2800 avaritiam
3554 2784 3570 2808 ,

2007 2844 2087 2897 vel
2129 2843 2458 2912 superbiam,
2486 2849 2542 2895 et
2575 2851 2627 2894 ut
2665 2841 2900 2894 habeant
2932 2849 3248 2906 potestatem
3269 2837 3530 2904 majorem
3556 2874 3571 2897 ,

2006 2948 2061 2992 et
2092 2936 2245 3007 plura
2272 2934 2628 2990 lucrifaciant.
2660 2933 2849 2987 Nullus
2883 2934 3047 2993 enim,
3079 2924 3251 3000 inquit
3278 2968 3294 2992 ,
3324 2934 3574 2982 inventus

2007 3043 2089 3087 est
2116 3032 2417 3101 episcopus,
2442 3030 2533 3098 qui
2602 3044 2632 3083 a
2688 3024 2876 3093 majori
2929 3027 3147 3081 civitate
3201 3025 3253 3079 in
3312 3027 3570 3077 minorem

343 3121 546 3181 πόλεως
586 3121 829 3189 μείζονος
860 3121 1098 3189 μεταϐὰς
1152 3123 1230 3182 είς
1261 3120 1678 3190 ἐλαχιστοτέραν
1701 3161 1714 3183 ,
1763 3120 1903 3174 ὥστε

2010 3122 2313 3184 transierit,
2351 3129 2407 3173 ut
2438 3135 2503 3172 ex
2535 3133 2598 3171 eo
2643 3117 2881 3172 avaritia:
2935 3127 2989 3171 et
3035 3115 3342 3185 cupiditatis
3392 3114 3576 3183 gloria'

341 3216 404 3265 ὲκ
435 3214 626 3265 τούτου
680 3213 1097 3283 περιαιρεθῆναι
1142 3216 1241 3283 τὴν
1280 3214 1518 3284 ὑποψίαν
1564 3216 1661 3284 τῆς
1687 3215 1909 3267 πλεονε-

342 3308 460 3381 ξίας
492 3308 585 3360 καὶ
630 3307 729 3377 τῆς
760 3306 1083 3377 φιλοδοξίας.
1139 3307 1333 3358 Τοίνυν
1376 3306 1471 3359 καὶ
1511 3304 1763 3377 ἠρώτησε
1806 3307 1905 3376 τὴν

344 3399 578 3458 σύνοδον,
614 3400 662 3451 εί
700 3401 865 3452 πᾶσιν
886 3399 1110 3467 ἀρέσκει
1138 3398 1537 3467 αὐστηρότερον
1556 3397 1904 3466 ἐκδικηθῆναι

339 3492 438 3561 τὴν
462 3492 717 3562 τοιαύτην
749 3494 973 3561 τόλμαν,
1025 3491 1269 3557 δηλονότι
1312 3493 1385 3560 μὴ
1418 3490 1579 3558 μόνον
1626 3490 1911 3560 καθαιρεῖο

343 3582 469 3635 σθαι
498 3586 587 3635 τὸν
621 3583 861 3635 τοιοῦτόν
888 3599 940 3633 τι
986 3591 1312 3651 ποιήσαντα.
1349 3580 1460 3633 ἀλλ’
1494 3580 1787 3633 ἐκπίπτειν
1813 3582 1906 3631 καὶ

341 3673 438 3741 τῆς
464 3672 571 3725 τῶν
620 3672 827 3725 πιστῶν
873 3671 1236 3741 όμηγύρεως’
1294 3670 1389 3722 καὶ
1445 3670 1568 3739 μηδ’
1598 3669 1672 3731 ὡς
1721 3669 1906 3721 λαῐκδν

345 3763 618 3815 κοινωνεῖν
651 3761 767 3831 μετ’
799 3762 1009 3823 αύτῶνς
1058 3763 1193 3831 πρ“ς
1238 3760 1266 3813 δ
1294 3763 1340 3813 οί
1388 3761 1487 3829 τῆς
1520 3761 1740 3813 συνόδου
1774 3763 1907 3811 ἀπε-

346 3852 599 3920 κρίναντο
628 3850 708 3903 δτι
732 3851 899 3902 πᾶσιν
920 3850 1163 3918 ἀρέσκει.
1195 3849 1414 3902 Τούτων
1440 3848 1612 3910 οὕτως
1651 3850 1902 3917 ἐχόντων,

347 3942 607 4010 ἐρωτήσει
636 3957 719 4001 τις
755 3940 827 4002 ὡς
860 3938 950 3992 τοῦ
987 3946 1045 3992 ιε’
1073 3940 1294 4002 κανόνος
1335 3939 1429 4008 τῆς
1467 3940 1523 3991 ὲν
1554 3938 1758 4009 Νικαίᾳ
1782 3955 1911 3990 συν-

330 4028 460 4083 ’όδου
488 4030 863 4100 διοριζοριένουι
877 4031 967 4083 τίαν
992 4031 1097 4083 ἀπὸ
1117 4030 1323 4094 πόλεως
1354 4033 1430 4093 είς
1463 4031 1615 4100 πόλιν
1646 4031 1909 4098 μεταϐάν-

342 4140 411 4176 τα
444 4096 738 4177 ἐπίσκοπον
773 4127 845 4193 μὴ
877 4124 1253 4189 καθαρεῖσθαι,
1314 4123 1429 4177 ἀλλ’
1473 4096 1907 4187 α’ποκαθίζεσθαι

344 4217 423 4277 είς
455 4215 557 4286 τὴν
585 4216 856 4286 προτέραν
878 4216 1040 4269 αὐτοῦ
1072 4215 1385 4287 ἐκκλησίαν,
1437 4218 1531 4268 καὶ
1578 4216 1669 4267 τοῦ
1700 4214 1905 4284 παρόν-

345 4325 434 4370 τος
463 4307 685 4371 κανόνος
716 4308 949 4376 παντελῆ
1004 4306 1393 4376 ἀκόινωνησίαν
1440 4307 1630 4360 τούτου
1662 4306 1909 4376 καταψη-

346 4398 662 4467 φιζομένου,
710 4399 815 4450 τίνι
848 4400 1134 4466 προσέχειν
1165 4399 1487 4466 όφείλομενς
1554 4399 1765 4462 Λύσις.
1798 4399 1906 4450 Καὶ

2008 3214 2243 3285 suspicio
2298 3212 2533 3266 tollatur.
2588 3210 2935 3277 Interrogavit
2989 3210 3171 3279 itaque
3248 3208 3507 3278 synodum
3556 3225 3571 3261 :

2007 3320 2072 3359 an
2110 3306 2157 3359 ei
2198 3305 2433 3372 placeret
2474 3303 2723 3356 acerbius
2742 3302 2924 3365 ,talem
2960 3300 3241 3353 audaciam
3277 3299 3573 3363 vindieari;

2006 3393 2212 3450 scilicet
2247 3409 2351 3447 non
2387 3392 2557 3446 solum
2582 3392 2771 3460 deponi
2799 3406 2920 3444 eum
2950 3389 3039 3460 qui
3068 3387 3171 3441 tale
3199 3388 3325 3456 quid
3361 3386 3575 3447 fecerit,

2005 3485 2096 3539 sed
2126 3486 2286 3538 etiam
2315 3501 2342 3537 τι
2376 3482 2606 3538 lidelimn
2662 3483 3041 3537 communione
3073 3481 3352 3541 excidere,
3390 3490 3437 3529 ct
3474 3494 3573 3534 ιιι-ο

2006 3586 2063 3629 ιιι
2091 3574 2282 3629 laicum
2312 3573 2524 3644 quidem
2582 3589 2701 3626 cum
2739 3572 2867 3641 ipsis
2915 3572 3314 3626 communicare
3345 3571 3381 3624 ?‘
3412 3569 3577 3642 483

2006 3668 2086 3721 Ad
2116 3667 2254 3732 quod
2296 3666 2483 3737 synodi
2520 3664 2706 3719 Patres
2752 3666 3160 3734 responderunt,
3224 3665 3274 3717 id
3334 3664 3587 3719 omnibus

2008 3760 2236 3830 placere.
2275 3757 2366 3813 llis
2400 3760 2470 3812 ita
2504 3774 2562 3813 se
2598 3758 2922 3811 habentibus
2956 3798 2970 3820 ,
2999 3756 3411 3825 interrogaverit
3439 3757 3580 3826 quis-

2008 3851 2148 3919 piam
2180 3849 2343 3904 :Cum
2375 3864 2549 3903 canon
2579 3848 2643 3902 l5
2675 3847 2862 3918 synodi
2888 3844 3117 3901 Nicaeum:
3148 3846 3355 3910 statuit,
3387 3848 3581 3913 utepi-

2008 3959 2229 4011 scopus,
2268 3942 2356 4009 qui
2388 3958 2414 3994 a
2454 3938 2754 3994 civitatein
2791 3924 3071 3991 civitatein
3099 3938 3335 3999 transiit,
3360 3953 3464 3992 non
3491 3937 3582 3992 de-

2010 4045 2258 4104 ponatur,
2287 4035 2379 4086 sed
2416 4032 2466 4085 in
2499 4032 2733 4100 priorem
2772 4047 2923 4083 suam
2966 4030 3248 4083 ecclesiam
3324 4031 3580 4084 restitua-

2010 4139 2125 4189 tur,
2168 4141 2402 4195 prmscns
2436 4136 2610 4179 autem
2640 4141 2811 4179 canon
2842 4140 2960 4177 etim
2996 4125 3239 4177 absoluta
3268 4106 3603 4177 excommu-O

2010 4218 2650 4303 uicationqcoudemnct;
2684 4227 2861 4269 utrum
2889 4217 2958 4269 sit
3005 4215 3376 4281 sequendum?
3420 4212 3579 4267 Solu-

2008 4314 2102 4366 tio.
2136 4311 2458 4379 Utrumque.
2487 4307 2671 4378 Neque
2698 4310 2843 4363 enim
2891 4307 3090 4362 habent
3120 4306 3409 4377 quidquam
3444 4305 3583 4357 inter

2010 4423 2067 4461 se
2096 4419 2401 4460 commune.
2429 4401 2494 4455 Et
2529 4403 2643 4471 lege
2663 4401 2873 4456 dictum
2910 4415 3168 4454 canonem
3198 4398 3284 4452 i5.
3346 4397 3401 4451 Si
3461 4396 3583 4464 quis

318 4490 693 4559 ἀμφοτέροις.
746 4490 879 4541 Οὐδὲ
943 4490 1050 4560 γὰρ
1107 4490 1552 4543 ἐπικοινωνοῦσιν
1631 4490 1903 4560 ἀλλήλοις.

2015 4492 2409 4553 ιιιιιειιιεοιιιιιι
2472 4494 2664 4548 aderat
2722 4493 3039 4548 vicesimum
3097 4506 3358 4546 canonem
3416 4499 3582 4544 sexta:

358 4584 656 4650 Ἀνάγνωοι
685 4583 772 4635 τόν
806 4582 1037 4654 ρηθέντα
1083 4588 1143 4635 ιε’
1172 4584 1391 4638 κανόνα.
1436 4585 1496 4637 Εἰ
1542 4584 1597 4637 δέ
1627 4602 1710 4647 τις
1744 4585 1908 4637 ἀνθυ-

348 4676 574 4744 ποφέρει
603 4676 692 4726 τὸν
722 4674 779 4727 δι’
813 4676 1013 4728 κανόνα
1045 4676 1144 4745 τῆς
1173 4674 1225 4740 ς’
1259 4676 1476 4729 συνόδου
1506 4676 1733 4743 λέγοντα
1763 4672 1906 4727 οὕτω

348 4769 571 4838 meum
618 4769 707 4838 Μὴ
765 4768 965 4831 ἐξέστω
1012 4769 1295 4839 ἐπισκόπῳ
1339 4769 1418 4831 είς
1449 4767 1642 4837 ἑτέραν
1685 4767 1781 4837 τὴν
1829 4767 1905 4838 μὴ

347 4860 495 4930 αύτῷ
518 4862 901 4932 προσήκουσαν
946 4860 1099 4912 πόλιν
1148 4856 1393 4930 δημοσία
1434 4860 1705 4912 διδάσκειν
1727 4876 1739 4888 ο
1773 4860 1820 4910 εἰ
1850 4859 1911 4911 δέ

346 4969 429 5012 τις
450 4951 729 5021 φωραθείη
764 4950 921 5003 τοῦτο
948 4952 1137 5015 ποιῶν,
1166 4953 1263 5020 τῆς
1294 4950 1598 5019 ἐπισκοπῆς
1626 4950 1903 5001 παυέσθωο

344 5047 414 5097 τὰ
464 5045 519 5098 δὲ
547 5044 641 5097 τοῦ
680 5045 1052 5115 πρεσϐυτέρου
1093 5042 1415 5114 ὲνεργείτω·
1449 5044 1542 5095 καὶ
1578 5042 1725 5109 λέγει
1755 5041 1908 5108 ὀφεί-

347 5138 463 5189 λειν
494 5137 551 5188 τὸ
572 5137 759 5191 λοιπὸν
783 5137 850 5189 τὰ
886 5132 978 5189 τοῦ
1015 5134 1255 5188 τοιούτου
1290 5134 1489 5204 μᾶλλον
1517 5136 1741 5196 κανόνος
1770 5151 1906 5203 κρα-

346 5238 479 5297 τεῖν,
512 5234 587 5297 ὡς
620 5235 1081 5301 μεταγενεστέρου
1114 5234 1256 5285 κατὰ
1299 5232 1432 5285 πολὺ
1463 5232 1558 5284 καὶ
1588 5232 1909 5300 καθαίρεσιν

348 5328 507 5398 μόνον
530 5325 826 5393 ἐπάγοντος
850 5343 862 5357 ·
900 5324 1182 5378 ἀκουσάτω
1225 5323 1470 5393 μεγάλην
1494 5318 1635 5375 εἶναι
1665 5323 1761 5392 τὴν
1793 5323 1910 5374 δια-

349 5419 524 5488 φοράν
570 5416 678 5468 τῶν
710 5415 969 5468 κανόνων.
1019 5415 1283 5467 Ἐνταῦθα
1316 5416 1415 5483 μὲν
1468 5414 1576 5482 γὰρ
1628 5412 1909 5481 ἀλλοτρίου

350 5509 539 5577 θρόνου
573 5507 740 5575 ἐπέϐη
781 5509 809 5557 ὁ
850 5506 1171 5567 ἐπίσκοπος,
1214 5505 1305 5556 καὶ
1330 5505 1579 5573 κατεῖχεν
1626 5502 1784 5553 αὑτὸν
1816 5503 1913 5554 αὐ-

353 5600 625 5661 θεντικὼς
649 5613 664 5629 θ
688 5598 768 5651 διὸ
797 5598 894 5650 σὺν
923 5598 987 5667 τῇ
1019 5598 1335 5666 καθαιρέσει
1363 5597 1455 5649 καὶ
1471 5595 1915 5666 ἀποκηρύσσεται

350 5694 425 5753 ὡς
456 5691 837 5751 ἀναιδέστατος
860 5707 875 5722 ·
903 5693 935 5743 ό
977 5689 1037 5741 δὲ
1070 5691 1126 5740 ἐν
1152 5689 1230 5759 τῷ
1263 5689 1477 5759 ῥηθέντι
1525 5688 1707 5742 κανόνι
1736 5687 1836 5755 τῆς
1860 5685 1915 5749 ς’

355 5786 574 5839 συνόδου
601 5783 926 5856 δηλούμενος
951 5783 1245 5846 ἐπίσκοπος
1282 5782 1436 5835 οὐδέν
1464 5800 1513 5835 τι
1542 5780 1626 5834 ἓτε
1639 5799 1729 5851 ρον
1761 5780 1917 5848 ἐνήρ-

2011 4589 2221 4660 synodi,
2254 4587 2344 4656 qui
2370 4589 2447 4642 sic
2478 4587 2612 4641 dicit
2636 4600 2888 4653 expresse
2916 4602 2929 4637 :
2956 4584 3031 4637 Ne
3065 4584 3224 4637 liceat
3254 4583 3503 4649 episcopo
3527 4582 3581 4633 iu

2007 4682 2134 4743 alia,
2162 4696 2281 4749 qua:
2312 4678 2377 4731 ad
2402 4692 2459 4731 se
2491 4693 2594 4730 non
2625 4676 2840 4736 attinet,
2867 4675 3087 4728 civitate
3112 4672 3324 4743 publice
3348 4672 3579 4738 docere;

2007 4773 2051 4826 si
2078 4770 2200 4840 quis
2232 4780 2411 4823 autem
2448 4772 2545 4822 hoc
2580 4767 2757 4820 facere
2789 4767 3161 4833 deprehensus
3192 4762 3380 4827 fuerit,
3405 4772 3579 4817 cesset

2008 4867 2075 4917 ab
2109 4864 2443 4933 episcopatu,
2476 4875 2595 4928 qua:
2626 4867 2751 4911 sunt
2777 4866 2953 4909 autem
2987 4853 3279 4924 presbyteri
3310 4862 3577 4914 exerceat;

2009 4969 2062 5011 ct
2093 4957 2238 5010 dicat
2268 4956 2409 5008 hunc
2427 4968 2686 5007 canonem
2726 4950 2776 5002 in
2810 4957 3082 5016 posterum
3109 4946 3275 5017 magis
3299 4935 3595 4999 observari

2010 5048 2226 5110 debere,
2267 5057 2324 5100 ut
2353 5045 2441 5115 qui
2470 5044 2541 5098 sit
2573 5046 2739 5095 inulto
2766 5041 3052 5102 recentior,
3084 5048 3137 5091 et
3189 5037 3577 5105 depositioncm

2012 5140 2183 5193 solum
2217 5138 2430 5190 inducat
2468 5153 2481 5189 :
2516 5135 2701 5188 audiat
2748 5146 2868 5186 esse
2898 5146 3145 5199 magnam
3178 5144 3445 5183 canonum
3477 5127 3578 5178 dif-

2015 5231 2315 5285 ferentiam.
2364 5228 2459 5282 llic
2505 5230 2649 5282 enim
2704 5226 2994 5294 cpiscOpus
3041 5223 3277 5275 alienum
3323 5222 3576 5274 thronqu

2016 5323 2232 5385 inva~it,
2270 5330 2320 5375 et
2349 5337 2468 5374 eum
2529 5336 2626 5375 sua
2672 5319 2995 5372 auctoritate
3041 5314 3293 5369 obtinuit.
3343 5312 3406 5365 Et
3460 5312 3578 5364 ideo

2018 5432 2118 5467 una
2149 5430 2269 5468 cum
2295 5406 2634 5481 depositione
2660 5411 2817 5463 etiam
2873 5410 3192 5465 abdicatur,
3249 5414 3307 5457 ut
3363 5403 3454 5472 qui
3509 5403 3580 5455 sit

2016 5504 2537 5577 impudentissimus.
2566 5502 2662 5569 Qui
2688 5512 2865 5554 autem
2902 5501 2961 5552 iir
3005 5498 3255 5567 praedicto
3289 5506 3451 5548 sexta:
3485 5508 3577 5563 sy-

2019 5598 2140 5653 nodi
2169 5611 2373 5651 canone
2398 5596 2703 5649 declaratur
2731 5593 3037 5659 cpiscopus,
3064 5590 3114 5641 in
3161 5587 3263 5638 alia
3302 5584 3577 5653 provincia

2022 5690 2153 5743 nihil
2182 5687 2606 5750 aliudexercuit,
2665 5684 2765 5739 nisi
2797 5686 2939 5752 quod
2993 5680 3167 5733 solum
3222 5680 3431 5745 publice
3485 5679 3569 5729 do-

2022 5784 2130 5836 cuit
2166 5799 2178 5835 :
2211 5792 2267 5835 et
2300 5779 2417 5834 ideo
2448 5779 2619 5835 solum
2648 5778 2955 5847 deponitur.
2997 5773 3147 5838 Quod
3190 5771 3348 5826 ctiam
3395 5772 3582 5824 Antio—
