3982 6494
269 328 405 399 ma
578 388 588 411 .

341 559 361 594 ι
408 543 787 612 ἀκοινώνητος.
836 562 853 596 ι

366 638 407 688 0
447 635 636 705 παρὼν
668 636 848 689 κανὼν
881 637 978 699 τὰς
1020 637 1337 707 μεταθέσεις
1372 638 1479 690 τῶν
1514 638 1830 692 ἐπισκόπων

265 724 400 787 ὅλως
431 725 491 778 οὐ
528 722 797 794 συγχωρεῖ
828 726 1111 794 γίνεσθαι·
1151 728 1287 780 ἀλλὰ
1323 729 1417 779 καὶ
1449 727 1497 779 εἰ
1529 727 1831 795 γένωνται,

266 815 553 883 αὐστηρῶς
579 818 703 877 τοὺς
733 817 1188 885 μετατιθεμένους
1218 818 1455 879 κολάζει.
1488 818 1835 874 Καταλαδὸνο

267 924 356 966 τες
388 907 494 976 γὰρ
522 908 571 958 οἱ
609 909 844 979 Πατέρες
876 909 1126 973 seua-:96
1156 907 1250 962 τοῦ
1283 911 1607 979 πράγματος
1638 910 1710 971 ὡς
1744 909 1837 962 ού-

265 999 376 1059 δεῖς
403 1000 510 1050 τῶν
541 999 855 1052 ἐπισκόπων
884 998 989 1053 ἀπὸ
1024 1001 1228 1062 πόλεως
1266 1001 1510 1069 μείζονος
1544 1002 1622 1063 είς
1654 998 1833 1067 ἐλαχι-

268 1089 533 1156 στοτέραν
578 1088 732 1141 πόλιν
779 1090 1139 1159 μετατεθῆναι
1182 1090 1505 1155 σπουδάζει,
1550 1089 1684 1141 ἀλλὰ
1729 1088 1840 1141 ἀπὸ

272 1182 475 1249 μικρᾶς
514 1182 722 1243 πόλεως
755 1182 849 1233 ἐπὶ
889 1181 1227 1251 ὑψηλοτέραν
1266 1181 1418 1236 πόλιν
1456 1181 1629 1234 ἐθέλει
1669 1196 1836 1251 μεταέ

269 1247 442 1342 reddi:
485 1273 571 1325 διὰ
619 1247 945 1337 ἀλαζονείαν⁷
980 1247 1073 1326 καὶ
1123 1247 1455 1343 πλεονεξίαν,
1500 1247 1707 1343 ὥρισαν
1748 1247 1840 1323 τὸν

268 1363 509 1417 τοιοῦτον
543 1366 676 1433 μηδὲ
711 1366 898 1419 λαῖκοῦ
932 1366 1220 1419 κοινωνίαν
1253 1368 1397 1437 ἔχειν
1418 1406 1433 1431 ,
1467 1365 1602 1419 ἀλλὰ
1635 1364 1733 1416 σὺν
1763 1362 1841 1433 τῷ

269 1457 655 1528 καθαιρεῖσθαι
677 1459 769 1511 καὶ
800 1458 1185 1525 ἀφωρισμένον
1214 1455 1374 1511 εἶναι.

882 1550 1117 1602 ΚΑΝΩΝ
1153 1550 1226 1605 B’.

277 1658 295 1690 ι
344 1640 405 1692 El
439 1640 495 1692 δέ
529 1658 611 1703 τις
644 1641 881 1705 τοιοῦτος
916 1641 1224 1711 εὑρίσκοιτο
1261 1640 1533 1713 μανιώδης
1566 1642 1599 1711 ἢ
1635 1642 1839 1710 τολμηο

346 1752 364 1785 t
413 1733 523 1803 ρὸς,
569 1734 643 1796 ὼς
686 1736 811 1802 περὶ
854 1735 961 1786 τῶν
1001 1734 1263 1787 τοιούτων
1300 1734 1449 1798 δόξαι
1491 1734 1611 1788 τινὰ
1657 1735 1842 1803 φέρειν

347 1843 367 1876 1
414 1826 776 1896 παραίτησιν,
814 1826 1296 1895 διαϐεϐαιούμενος
1333 1828 1440 1880 ἀπὸ
1474 1828 1566 1881 τοῦ
1606 1827 1842 1897 πλήθους
1875 1835 1918 1889 Β

353 1934 371 1966 ι
417 1916 551 1985 πρὸς
580 1917 770 1970 ἑαυτὸν
798 1918 1119 1986 κεκομίσθαι
1148 1919 1484 1988 γράμματα·
1514 1918 1672 1989 δῆλόν
1697 1920 1847 1971 ἐστιν

350 2022 370 2056 ι
414 2006 622 2073 ὀλίγους
661 2009 812 2069 τινὰς
850 2008 1189 2079 δεδυνῆσθαι,
1231 2009 1406 2083 μισθῷ
1446 2010 1540 2064 καὶ
1579 2010 1847 2080 τιμήματι

348 2115 367 2149 t
413 2097 805 2169 διαφθαρέντας
853 2101 910 2153 ὲν
952 2103 1017 2170 τῇ
1066 2101 1331 2172 ἐκκλησίᾳ
1380 2100 1729 2165 στασιάζειν,
1773 2101 1848 2164 ὡς

356 2207 374 2239 ι
420 2188 578 2258 δῆθεν
629 2190 913 2255 ἀξιοῦντας
960 2192 1051 2244 τὸν
1100 2193 1263 2245 αὐτὸν
1314 2192 1461 2263 ἔχειν
1506 2193 1802 2245 ἐπίσκοπον
1832 2209 1847 2222 ·

352 2297 373 2330 ι
420 2280 674 2344 καθάπαξ
705 2278 797 2334 οὗν
828 2283 925 2346 τὰς
962 2284 1313 2354 ῥᾳδιουργίας
1342 2285 1453 2347 τὰς’
1473 2268 1726 2347 τοιαύτας
1758 2287 1851 2338 καὶ

353 2391 371 2423 ι
416 2373 607 2443 τέχνας
649 2375 946 2437 κολαστέας
993 2372 1131 2429 εἶναι
1176 2377 1414 2447 νομίζω,
1462 2377 1601 2431 ὥστε
1649 2378 1851 2449 μηδένα
1938 2384 1947 2403 ‘

355 2485 372 2516 ι
422 2465 660 2519 τοιοῦτον
687 2467 821 2536 μηδὲ
847 2468 903 2519 ἐν
935 2468 1005 2537 τῷ
1030 2469 1171 2520 τέλει
1196 2470 1391 2537 λαῖκῆς
1417 2469 1548 2538 γοῦν
1570 2469 1852 2534 ἀξιοῦσθαι

361 2575 379 2607 ι
426 2559 727 2621 κοινωνίας.
752 2557 810 2611 Εἰ
828 2560 1001 2613 τοίνυν
1020 2560 1241 2638 ἀρέσκει
1265 2560 1297 2630 ἡ
1322 2561 1513 2630 γνώμη
1538 2560 1698 2627 αῦτη,
1720 2562 1853 2614 ἁπαι-

354 2669 373 2701 ‹
420 2650 695 2720 κρίνασθε.
729 2652 1139 2722 ’Λπεκρίναντοσ
1169 2654 1251 2705 Τὰ
1276 2654 1533 2722 λεχθέντα
1562 2654 1779 2725 ἤρεσεν.
1828 2673 1846 2705 ι

348 2744 547 2798 ΒΑΛΣ.
592 2747 701 2798 Καὶ
747 2740 899 2807 οὗτος
945 2749 973 2799 ό
1018 2745 1198 2800 κανὼν
1236 2746 1330 2798 τοῦ
1378 2745 1715 2817 α’ὲξέχεται.
1758 2747 1853 2799 Τι-

278 2834 386 2887 νῶν
423 2837 531 2905 γὰρ
574 2836 887 2889 ἐπισκόπων
921 2838 1259 2908 αἰτιωμένων
1293 2837 1380 2889 διὰ
1413 2838 1511 2905 τὴν
1547 2840 1609 2889 ἐκ
1650 2837 1856 2900 πόλεως

282 2929 360 2989 είς
388 2928 540 2980 πόλιν
568 2930 772 2981 τούτων
801 2932 1152 2999 μετάστασιν,
1170 2934 1261 2984 καὶ
1285 2932 1703 3001 ἐπιχειρούντων
1720 2947 1858 2999 παρ-

282 3020 570 3083 αιτεῖσθαι,
619 3020 785 3091 ῆγουν
837 3022 1233 3086 ἀποσκευάζειν
1263 3022 1322 3087 ἐξ
1352 3023 1529 3075 αὐτῶν
1558 3021 1654 3092 τὴν
1683 3021 1862 3075 αἰτίαι

284 3123 389 3176 σιν,
424 3114 487 3165 ὲκ
521 3112 613 3165 τοῦ
648 3113 827 3181 λέγειν
860 3114 949 3167 διὰ
985 3116 1330 3185 γραμμάτων
1360 3112 1455 3167 τοῦ
1491 3114 1723 3183 πλήθους
1758 3112 1857 3181 τῆς

284 3204 492 3266 πόλεως
530 3208 855 3275 μεταπεσεῖν
885 3208 948 3258 ἐκ
977 3202 1076 3276 τῆς
1106 3206 1377 3277 λαχούσης
1405 3207 1625 3271 αὐτοὺς,
1652 3206 1857 3273 ὥρισαν
1883 3178 1926 3237 C

280 3296 334 3348 οἱ
382 3298 622 3367 Πατέρες
668 3296 804 3368 μηδὲ
846 3298 1003 3351 τοῦτο
1047 3300 1128 3363 είς
1177 3300 1473 3368 ἀπολογίαν
1514 3300 1736 3368 ἀρκεῖν·
1781 3299 1863 3352 δτι

284 3385 394 3437 τῶν
426 3388 651 3439 εἰκότων
681 3389 796 3440 ἐστὶ
830 3390 1015 3459 ρᾳδιου
1028 3388 1293 3459 ργηθῆναι
1323 3389 1549 3443 τοιαῦτα
1583 3391 1671 3443 διά
1699 3406 1863 3442 τινων

282 3477 480 3543 ὀλίγων
508 3478 744 3533 ἐποίκων
769 3480 866 3550 τῆς
894 3480 1100 3545 πόλεως
1129 3481 1536 3550 διαφθαρέντων
1561 3483 1865 3551 νομίσμασι

285 3570 380 3623 καὶ
403 3568 511 3622 οἷον
539 3572 922 3640 μισθωθέντων
940 3588 955 3604 '
980 3574 1101 3626 ὅθεν
1124 3575 1219 3626 καὶ
1245 3573 1525 3625 ἐκώλυσαν
1549 3575 1672 3635 τοὺς
1693 3574 1868 3629 ταῦτα

284 3662 713 3731 τεχναζομένους
754 3664 1086 3726 ἐπισκόπους
1125 3665 1215 3717 διὰ
1254 3665 1550 3728 παντελοῦς
1590 3666 1870 3736 ἀποκηρύ-

290 3753 455 3818 ξεως,
500 3752 640 3807 ὥστε
690 3755 823 3824 μηδὲ
869 3756 1201 3821 θνήσκοντας
1247 3758 1477 3824 αὐτοὺς,
1526 3757 1599 3821 ὡς
1647 3756 1867 3821 λαῖκοῦς

288 3846 570 3912 ἀξιοῦσθαι
606 3847 911 3909 κοινωνίας.
950 3848 1168 3900 Τούτων
1200 3848 1255 3901 δὲ
1292 3846 1464 3911 οὕτως
1500 3850 1753 3918 ἐχόντων,
1795 3850 1867 3920 μὴ

289 3940 448 4009 εἴπῃς
478 3940 607 4000 τοὺς
641 3938 779 4008 μετὰ
809 3938 1072 4006 ἀληθείας
1110 3940 1551 4010 μετακληθέντας
1586 3942 1735 4012 παρὰ
1766 3958 1867 3994 πο-

289 4029 452 4083 λιτῶν
484 4028 975 4096 συγγινώσκεσθαι,
1010 4027 1041 4098 ἦ
1081 4028 1153 4098 μὴ
1190 4022 1752 4099 συγγινωσκομένους,
1786 4047 1869 4082 τι-

297 4120 597 4189 μωρεῖσθαι
626 4122 766 4173 κατὰ
792 4121 917 4181 τοὺς
946 4122 1446 4189 ῥᾳδιουργὴσαντας
1471 4123 1569 4191 τὴν
1599 4122 1871 4190 μετάκλη-

294 4228 407 4265 σιν’
434 4212 547 4264 ἀλλ’
567 4213 686 4264 εἰπὲ
714 4213 909 4274 αὐτοὺς
933 4211 1333 4279 καθαιρεῖσθαι,
1359 4212 1432 4274 ὡς
1460 4212 1533 4281 μὴ
1557 4206 1872 4279 ὀφείλοντας

296 4306 325 4356 ὑ
336 4304 535 4355 πακούε
547 4322 593 4354 ιν
626 4306 655 4355 ἀ
666 4304 906 4371 μετόχων
934 4304 1031 4356 ἀνθ
1042 4297 1263 4371 ρώπων.

368 4397 611 4450 ΖΩΝΛΡ.
649 4397 711 4447 Εἰ
748 4397 800 4445 δὲ
834 4395 1086 4447 τοσοῦτόν
1120 4398 1255 4455 ἐστι,
1295 4396 1447 4463 φησι,
1490 4395 1761 4465 μανιώδης
1792 4414 1875 4459 τις

1421 341 1504 400 ΙΝ
1533 340 1695 403 CAN.
1732 340 1790 399 ΙΙ
1828 340 2032 404 CONC.
2102 343 2391 405 SARDIC.

341 470 360 503 ι
406 452 497 503 καὶ
527 450 854 521 πλεονέκτης
880 451 1334 523 ύποόλεπόμενος,
1362 452 1449 508 διὰ
1481 454 1595 523 βίου
1627 453 1823 515 παντὸς
1854 463 1897 518 Α

3359 332 3491 395 1430

2008 477 2027 508 ι
2065 459 2180 524 ibit,
2235 468 2488 525 tanquam
2535 470 2797 525 arrogans
2848 464 2902 508 et
2950 466 3169 519 avarus,
3201 465 3296 519 per
3323 460 3495 505 totam

1944 582 1953 589 -
2009 569 2027 601 ι
2067 551 2228 604 vitam
2256 550 2826 603 excommunicabitur.
2869 566 2886 595 ι

2002 642 2247 697 Praesens
2292 657 2461 696 canon
2509 642 2881 709 episcoporum
2934 636 3319 691 translationes
3368 633 3485 689 fieri

1934 751 2038 787 non
2073 733 2291 786 omnino
2331 732 2618 801 permittit,
2653 732 2805 784 autsi
2843 730 2993 795 (lant,
3030 744 3220 798 pmuas
3252 744 3278 779 a
3311 736 3494 780 trans-

1936 826 2054 879 latis
2118 840 2304 881 severe
2344 826 2491 893 petit.
2522 823 2994 891 Deprehendentes
3025 820 3164 873 enim
3198 819 3385 873 Patres
3407 815 3493 871 ἐι

1934 935 1997 972 eo
2028 917 2167 986 quod
2216 915 2394 970 nullus
2430 914 2811 983 episcoporum,
2852 928 2879 965 a
2927 911 3143 965 civitate
3193 909 3377 975 majori
3431 908 3509 960 ad.

1937 1008 2196 1061 minorem
2230 1004 2506 1059 transferri
2539 1005 2806 1057 civitatem
2844 1002 3042 1065 studet,
3073 1000 3162 1051 sed
3204 1015 3231 1050 a
3284 998 3499 1051 civitate

1938 1115 2096 1169 parva
2132 1099 2197 1151 ad
2227 1098 2589 1153 sublimiorem
2624 1097 2853 1164 migrare
2892 1095 3037 1159 Cupit
3078 1092 3373 1147 civitatem,
3397 1104 3494 1157 per

1938 1190 2294 1259 arrogantiam
2330 1198 2382 1241 et
2416 1189 2562 1257 plura
2596 1186 2823 1240 habendi
2871 1184 3215 1252 cupiditatem
3249 1181 3501 1234 videlicet

1941 1286 2075 1343 ﬁeri.
2110 1285 2461 1339 decreverunt
2508 1279 2666 1332 talem
2722 1293 2820 1330 nec
2860 1276 2989 1330 laici
3026 1276 3220 1328 habere
3251 1287 3501 1326 Commu-

1941 1378 2176 1438 niooem,
2209 1374 2301 1428 sed
2331 1390 2453 1427 cum
2482 1369 2817 1440 depositione
2847 1368 3009 1422 etiam
3045 1364 3503 1421 excommunica—

1944 1480 2053 1522 tum
2085 1483 2227 1524 esse.

2533 1552 2760 1610 CANON
2808 1552 2873 1606 ll.

1950 1671 1970 1705 ι
2012 1651 2068 1708 Si
2102 1653 2222 1721 quis
2262 1662 2442 1706 autem
2479 1650 2614 1704 adeo
2665 1650 2887 1703 insanus
2918 1646 3001 1700 vel
3054 1645 3223 1697 audax
3263 1642 3507 1696 invenia-

2023 1763 2042 1795 ι
2088 1730 2193 1807 tur,
2225 1754 2281 1797 ut
2312 1743 2380 1799 de
2407 1742 2472 1795 iis
2505 1742 2749 1795 videatur
2784 1738 3016 1807 aliquam
3062 1734 3252 1787 afferre
3281 1748 3509 1786 excusa-

2022 1856 2040 1890 ι
2077 1838 2295 1899 tionem,
2339 1849 2609 1895 asserens,
2659 1832 2759 1885 sibi
2815 1846 2841 1881 a
2900 1828 3096 1896 populo
3159 1827 3350 1877 allatas
3392 1839 3511 1876 eSse

2024 1947 2047 1981 ι
2083 1930 2321 1983 litteras:
2353 1926 2555 1981 clarum
2607 1934 2707 1981 est,
2759 1920 2997 1987 potuisse
3046 1932 3247 1983 paucos
3300 1914 3513 1981 aliquos

2028 2040 2050 2074 ›
2090 2020 2333 2075 mercede
2360 2029 2413 2073 et
2439 2017 2611 2086 pretio
2640 2021 2923 2079 corruptos
2961 2010 3014 2061 iu
3046 2007 3271 2071 ecclesia
3299 2003 3516 2058 seditio-

2028 2133 2046 2166 ι
2084 2128 2203 2168 nem
2239 2125 2473 2171 movere,
2502 2120 2559 2161 ιιι
2603 2107 2848 2160 eumdem
2885 2104 3068 2179 utique
3114 2100 3277 2153 velint
3314 2097 3514 2151 habere

2029 2225 2048 2258 ι
2090 2205 2419 2273 episcopum.
2468 2201 2698 2256 Omnino
2728 2213 2855 2264 ergo
2887 2198 2983 2249 bas
3018 2195 3235 2248 fraudes
3266 2200 3320 2244 et
3366 2200 3512 2242 artes

2033 2316 2051 2348 ι
2086 2294 2382 2367 puniendas
2408 2276 2814 2353 esseexistimo,
2842 2298 2898 2342 ut
2920 2303 3076 2341 nemo
3111 2285 3300 2355 possit,
3319 2282 3407 2350 qui
3436 2292 3518 2331 est

2029 2413 2048 2446 ι
2085 2389 2368 2460 ejusmodi.
2398 2403 2464 2441 ne
2498 2389 2551 2439 in
2592 2387 2695 2439 fine
2738 2385 2949 2452 quidem
2985 2382 3115 2435 la’ca
3144 2377 3519 2441 communione

2031 2504 2049 2537 ι
2090 2484 2282 2553 dignus
2315 2480 2527 2539 haberi.
2563 2478 2639 2531 An
2672 2468 2965 2543 ergo'luec
3015 2472 3185 2539 placet
3228 2469 3517 2530 sententia,

2030 2597 2049 2629 ι
2086 2558 2422 2643 respondete.
2455 2570 2867 2641 Responderunt
2909 2586 2921 2621 :
2958 2567 3170 2619 Placent
3221 2577 3339 2630 qua:
3379 2561 3522 2617 dicta

2036 2690 2055 2722 ι
2100 2677 2244 2722 sunt.
2283 2686 2301 2717 ι
2696 2678 2701 2681 ⁷

2026 2758 2233 2815 BALS.
2256 2756 2352 2811 llic
2386 2769 2595 2823 quoque
2622 2767 2792 2807 canon
2826 2765 2853 2803 a
2892 2749 3064 2816 pgitno
3091 2744 3369 2811 dependet.
3390 2742 3521 2794 Cum

1896 2910 1901 2915 ,
1956 2854 2099 2909 enim
2135 2852 2349 2920 quidam
2379 2845 2613 2913 episcopi
2641 2852 3027 2896 accusarentnr
3057 2845 3273 2907 propter
3311 2850 3462 2888 suam
3495 2849 3523 2885 a

1958 2947 2175 3004 civitate
2207 2944 2273 2998 in.
2294 2942 2564 2995 civitatem
2599 2934 3149 2997 transmigrationetn,
3176 2939 3228 2982 et
3261 2943 3526 2982 conaren-

1960 3049 2050 3096 tur
2087 3053 2145 3094 sc
2171 3048 2451 3097 excusare,
2488 3046 2580 3085 seu
2611 3044 2675 3083 ex
2704 3042 2761 3082 se
2789 3023 3216 3080 criminationem
3272 3018 3481 3073 amoliri
3508 3056 3525 3080 ,

1959 3149 2024 3189 eo
2048 3130 2190 3201 quod
2216 3130 2453 3182 dicerent
2485 3139 2580 3191 per
2605 3120 2784 3191 populi
2817 3106 3051 3170 civitatis
3098 3115 3307 3167 litteras
3334 3126 3391 3165 se
3437 3126 3524 3162 re-

1963 3222 2193 3278 cessisse
2221 3220 2288 3273 ab
2315 3233 2376 3271 ea
2406 3216 2622 3270 civitate
2652 3227 2771 3282 quse
2817 3208 2934 3263 illos
2967 3208 3154 3261 sortita
3189 3215 3268 3258 est
3294 3220 3309 3269 ;
3338 3203 3530 3258 decre-

1964 3321 2160 3368 verunt
2185 3311 2392 3375 Patres,
2420 3323 2490 3362 ne
2521 3307 2619 3359 hoc
2644 3304 2861 3373 quidem
2895 3300 2960 3354 ad
2987 3297 3350 3354 defensionem
3386 3292 3533 3349 sulti-

1964 3420 2110 3465 cere.
2164 3402 2289 3470 quia
2345 3398 2638 3453 verisimile
2669 3404 2754 3449 est
2801 3394 2914 3447 hmc
2948 3388 3141 3443 callide
3190 3386 3327 3441 facta
3368 3384 3534 3440 fuisse

1966 3512 2063 3566 per
2099 3507 2297 3560 paucos
2328 3490 2562 3545 civitatis
2593 3487 2924 3542 habitatores
2953 3478 3193 3550 pecuniis
3222 3486 3532 3545 corruptos,

1965 3565 2019 3642 et
2052 3586 2212 3640 veluti
2242 3583 2485 3637 mercede
2514 3580 2827 3633 conductos.
2863 3573 3016 3645 Unde
3042 3580 3093 3625 et
3114 3570 3415 3638 episcopos,
3441 3565 3533 3635 qui

1967 3679 2081 3733 hate
2107 3676 2506 3736 machinantur,
2538 3686 2631 3739 per
2666 3668 2962 3736 perfectam
2994 3663 3386 3717 abdicationem
3434 3674 3535 3728 pu-

1968 3772 2204 3827 nierunt.
2236 3777 2290 3821 ιιι
2327 3782 2392 3821 ne
2436 3764 2726 3818 morientes
2758 3762 2972 3829 quidem
3031 3767 3089 3811 ut
3129 3755 3251 3808 laici
3290 3768 3531 3805 commu-

1972 3856 2130 3909 nione
2184 3854 2327 3923 digni
2382 3852 2701 3904 habeantur.
2744 3849 2836 3901 llis
2866 3857 3047 3900 autem
3086 3846 3153 3897 ita
3186 3859 3243 3898 se
3285 3840 3537 3896 habenti.

1970 3952 2089 4014 bus,
2162 3964 2225 4001 ne
2310 3946 2513 4001 dixeris
2544 3943 2623 3997 eis
2656 3957 2774 3995 esse
2803 3941 3184 4009 ignorendum,
3220 3937 3307 4000 qui
3340 3952 3366 3987 a
3403 3934 3507 3987 civi
3536 3967 3541 3973 -

1970 4040 2071 4093 lzus
2107 4054 2228 4092 vero
2256 4037 2459 4091 evocati
2495 4043 2657 4098 sunt;
2691 4032 2766 4085 vel
2799 4034 2841 4085 si
2894 4046 3000 4084 non
3056 4029 3387 4098 ignoscatur,
3422 4042 3541 4083 csse

1972 4130 2290 4200 puniendos.
2328 4136 2384 4178 ut
2434 4142 2525 4176 cos
2562 4126 2649 4191 qui
2699 4124 3066 4176 evocationem
3114 4120 3299 4173 fraude
3334 4118 3541 4172 machi-

1976 4229 2172 4273 nantur
2205 4234 2217 4270 :
2247 4220 2335 4269 sed
2386 4217 2469 4268 die
2518 4230 2609 4268 eos
2640 4213 2981 4280 deponendos
3028 4225 3171 4273 eSse,
3224 4219 3282 4262 ut
3313 4210 3401 4275 qui
3438 4223 3540 4261 non

1976 4313 2204 4363 debeant
2241 4309 2427 4361 audire
2465 4300 2710 4360 homines
2745 4305 2810 4357 ad
2842 4304 2985 4371 ipsos
3043 4318 3145 4355 non
3186 4301 3539 4372 pertinentes.

2044 4402 2296 4458 ZONAR.
2330 4400 2481 4466 Quol
2510 4398 2551 4448 si
2582 4397 2722 4463 quis,
2757 4394 2953 4459 inquit,
2990 4395 3122 4445 adco
3154 4394 3379 4446 insanus
3419 4402 3537 4443 tan-

297 4489 329 4557 ἢ
374 4488 679 4556 τολμηρός,
728 4485 865 4538 ὥστε
914 4486 1007 4538 καὶ
1054 4487 1192 4553 μετὰ
1232 4487 1326 4537 τὸν
1369 4488 1565 4538 κανόνα
1607 4488 1868 4556 τολμῆσαι

1986 4508 2142 4564 taque
2161 4494 2482 4549 conlidi-uta
2506 4490 2761 4556 praeditus
2787 4474 3100 4554 reperiatur,
3124 4484 3214 4553 qui
3240 4484 3397 4535 etiam
3426 4493 3546 4549 post

294 4583 628 4648 μεταπεσεῖν
669 4582 730 4630 ἐκ
779 4578 984 4640 πόλεως
1030 4580 1111 4639 εἰς
1159 4568 1331 4639 πόλιν,
1374 4577 1468 4630 καὶ
1516 4582 1640 4644 περὶ
1687 4580 1878 4634 τούτου

296 4672 472 4723 δοκεῖν
510 4671 693 4739 φέρειν
728 4670 1089 4739 παραίτησιν,
1127 4669 1294 4739 ῆγουν
1328 4670 1711 4737 ἀπολογεῖσθαι
1733 4712 1746 4733 ,
1783 4672 1881 4725 καὶ

301 4765 687 4833 παραιτεῖσθαι
716 4766 813 4833 τὴν
847 4762 1079 4832 μέμψιν,
1108 4763 1227 4815 ἀντὶ
1259 4763 1351 4815 τοῦ
1384 4762 1879 4829 ἀποσκευάζεσθαι,

300 4857 777 4926 διαϐεϐαιούμενος
815 4856 933 4925 ῆτοι
969 4856 1318 4924 ἐνιστάμενος
1355 4854 1681 4923 κεκομίσθαι
1720 4857 1882 4908 αὑτὸν

302 4954 607 5021 γράμματα
637 4952 744 5006 ἀπὸ
775 4950 869 5002 τοῦ
905 4951 1141 5019 πλήθους
1170 4950 1267 5017 τῆς
1299 4950 1505 5011 πόλεως
1539 4950 1882 5019 μετακαλού-

309 5060 446 5111 μενα
492 5045 655 5096 αὐτὸν
700 5044 779 5105 είς
824 5044 922 5109 τὴν
968 5044 1306 5110 ἐπισκοπήνο
1345 5034 1503 5110 δῆλον
1546 5042 1625 5093 ὅτι
1671 5041 1883 5107 ὀλίγους

306 5135 457 5195 τινας
499 5135 738 5205 ἠδυνήθη
785 5130 969 5187 πεῖσαι
1023 5133 1333 5197 στασιάζειν
1374 5134 1430 5185 ὲν
1492 5136 1557 5202 τῇ
1616 5134 1884 5203 ἐκκλησίᾳ

307 5226 591 5289 ἀξιοῦντας
636 5226 780 5296 ἔχειν
824 5228 984 5279 αὑτὸν
1030 5226 1349 5278 ἐπίσκοπον.
1398 5225 1507 5277 Καὶ
1550 5225 1789 5287 ἐκείνους
1828 5226 1885 5278 δὲ

314 5318 655 5388 ἐμισθώσατο
684 5322 777 5372 καὶ
804 5322 1044 5390 ἠγόρασε
1070 5321 1129 5373 τὸ
1160 5319 1395 5389 ζητῆσαι
1426 5320 1609 5382 αὑτὸν,
1639 5319 1762 5381 δοὺς
1792 5318 1886 5369 αὑ-

311 5415 424 5474 τοῖς
452 5414 733 5483 χρήματα,
766 5414 922 5465 ἆτινα
955 5414 1047 5465 καὶ
1079 5414 1270 5483 μισθὸν
1302 5414 1395 5465 καὶ
1426 5413 1645 5481 τίμημα
1673 5410 1890 5477 ὠνόμα-

316 5520 406 5558 σεν
436 5508 463 5557 ό
497 5500 696 5558 κανών.
728 5504 999 5566 Καθόλου,
1034 5508 1191 5572 φησι,
1223 5506 1318 5568 τὰς
1348 5502 1603 5564 τοιαύτας
1640 5502 1890 5573 ῥᾳδιουρ-

314 5598 442 5666 γίας
484 5598 601 5668 ἦτοι
646 5597 959 5666 δολιότητας
1006 5599 1101 5649 καὶ
1143 5598 1340 5666 τέχνας
1388 5596 1531 5665 παρὰ
1575 5594 1888 5648 ἐπισκόπων

316 5690 565 5757 γίνεσθαι
594 5689 870 5752 κολάσεώς
898 5691 1042 5741 ἐστιν
1070 5690 1241 5756 ἄξιον.
1271 5690 1334 5741 Ἦ
1364 5688 1421 5743 δὲ
1452 5688 1668 5748 κόλασις
1698 5686 1757 5737 τὸ
1790 5699 1891 5753 μη-

319 5781 445 5835 δένα
475 5784 696 5837 τοιαῦτα
731 5782 985 5835 ποιοῦντα
1009 5821 1023 5847 ,
1062 5780 1198 5851 μηδὲ
1233 5780 1532 5853 θνήσκοντα
1554 5819 1569 5847 ,
1594 5777 1676 5841 ὡς
1705 5777 1892 5831 λαῖκὸν

1984 4593 2123 4643 hunc
2159 4602 2417 4639 cauonem
2450 4584 2649 4637 editum
2681 4580 2951 4633 civitatem
2986 4589 3193 4629 mutare
3222 4590 3384 4627 ausus
3436 4575 3551 4626 fue-

1983 4683 2069 4742 rit.
2099 4694 2269 4745 eoque
2300 4693 2357 4729 se
2386 4688 2666 4737 excursare,
2696 4673 2796 4726 hoc
2827 4680 2938 4733 est,
2990 4669 3124 4721 tueri
3180 4666 3379 4719 factum
3437 4666 3549 4717 cri-

1984 4788 2216 4844 menque
2248 4770 2491 4824 refellere
2535 4768 2667 4821 velle
2692 4765 2959 4823 videatur,
2991 4762 3131 4829 quod
3170 4760 3398 4823 litteras,
3427 4758 3549 4826 qui-

1984 4865 2083 4917 bus
2120 4863 2183 4919 ad
2231 4859 2585 4928 episcopalem
2644 4870 2826 4909 curam
2868 4864 3228 4914 evocaretur,
3276 4864 3304 4901 a
3360 4847 3552 4916 populo

1985 4955 2192 5008 urbano
2237 4969 2294 5006 se
2331 4952 2539 5011 tulisse.
2578 4950 2628 5001 id
2680 4957 2796 5011 est,
2831 4946 3104 5011 accepisse
3135 4951 3341 5005 asserat
3375 4956 3437 4992 ac
3464 4940 3557 4993 de-

1988 5046 2202 5106 fendat;
2253 5044 2412 5097 facile
2456 5049 2699 5109 apparet,
2750 5038 2939 5108 paucis
2997 5034 3330 5099 hominibus,
3391 5042 3449 5085 ut
3501 5032 3552 5085 in

1984 5137 2212 5193 ecclesia
2264 5134 2601 5187 seditionem-
2627 5132 2944 5191 excitarent,
2980 5129 3261 5195 ipsumque
3303 5125 3403 5177 sibi
3436 5125 3555 5190 epi-

1987 5246 2207 5297 scopum
2238 5228 2612 5289 deposcerent,
2642 5223 2711 5276 αὶ)
2735 5237 2798 5274 eo
2828 5220 3137 5288 persuaderi
3164 5218 3419 5286 potuisse.
3447 5214 3556 5267 Sed

1988 5338 2173 5371 eorum
2210 5318 2458 5385 sullragia
2509 5316 2610 5368 sibi
2660 5314 2749 5366 ille
2794 5310 3042 5365 videlicet
3095 5317 3401 5362 emercatus
3450 5313 3555 5365 est,

1991 5412 2294 5482 pecuniam,
2323 5424 2482 5478 quam
2515 5406 2815 5460 mercedem
2866 5419 2928 5456 ac
2979 5404 3211 5472 pretium
3246 5414 3417 5453 canon
3456 5411 3555 5465 ap-

1992 5503 2176 5573 pellat.
2211 5500 2516 5555 hominibus
2542 5497 2845 5562 dilargitus.
2882 5495 3116 5549 Omnino
3152 5493 3333 5558 igitur,
3360 5491 3555 5556 inquit,

1992 5592 2325 5660 episcopum,
2358 5588 2421 5639 ad
2450 5585 2674 5640 callidas
2708 5584 2806 5639 has
2830 5595 2973 5637 artes
3005 5583 3121 5636 sive
3146 5579 3383 5633 fallacias
3411 5579 3558 5632 frau-

1994 5682 2195 5750 desque
2250 5676 2672 5749 confugientem,
2732 5679 2947 5743 impune
2994 5672 3144 5726 abire
3198 5672 3337 5725 haud
3384 5676 3560 5725 decet.

1954 5812 1960 5819 .
1994 5772 2113 5827 Erit
2144 5787 2270 5845 ergo
2306 5772 2420 5829 haec
2450 5768 2866 5833 animadversio,
2894 5775 2949 5819 ut
2978 5765 3068 5836 qui
3101 5764 3304 5833 aliquid
3341 5764 3443 5818 tale
3468 5767 3563 5819 ad-
