3982 6494
354 375 488 444 1433

1482 384 1562 446 ΙΝ
1597 383 1764 449 CAN.
1806 385 1932 448 LVI
1970 385 2178 455 CONC.
2209 388 2426 452 LAOD.

3438 393 3574 462 1414

462 492 619 550 ΑΑΣ.
650 491 738 543 Ἐν
775 490 856 563 τῷ
897 490 973 546 κδ’
1003 494 1095 548 καὶ
1138 498 1218 550 να⁹
1247 493 1429 548 κανόνι
1468 496 1568 566 τῆς
1613 500 1668 560 ς’
1695 496 1898 551 συνόδοι

2083 499 2275 554 BALS.
2324 499 2388 553 in
2446 499 2701 556 vicesimo
2765 512 2961 570 quarto
3011 513 3066 559 et
3120 505 3571 578 quinquagesimo

346 581 664 653 διελάϐομεν
696 585 790 636 καὶ
818 585 946 656 περὶ
976 585 1083 639 τῶν
1116 588 1175 641 ὲν
1205 586 1284 659 τῷ
1315 587 1547 660 παρόντι
1577 588 1762 640 κανόνι
1791 587 1915 642 διει-

346 673 664 744 λημμένων.
691 676 801 736 Καὶ
829 676 1104 746 ἀνάγνωθι
1129 677 1304 733 ταῦτα
1327 696 1344 712 ο
1380 679 1654 751 μέμνηται
1683 678 1791 752 γὰρ
1821 682 1915 734 καλ⁵

343 765 558 822 τούτου.

414 859 657 918 ΖΩΝΑΡ.
699 862 809 918 Καὶ
851 863 880 916 δ
920 863 997 918 κδ’
1029 864 1210 923 κανὼν
1245 867 1344 938 τῆς
1383 868 1550 940 ἕκτης
1592 872 1814 932 συνόδου
1845 874 1914 929 τὰ

343 951 484 1006 αὐτὰ
519 953 887 1013 διατάττεται.
921 957 1136 1012 κωλύει
1173 960 1281 1031 γὰρ
1319 961 1568 1026 κάκεῖνος
1593 964 1719 1028 τοὺς
1757 967 1912 1038 [apto-

234 1115 240 1124 _
345 1043 540 1111 μένους
576 1048 667 1102 καὶ
697 1046 821 1108 τοὺς
858 1050 1127 1118 μοναχοὺς
1161 1052 1219 1104 ὲν
1250 1052 1632 1123 ἱπποδρομίαις
1667 1059 1908 1111 ἀπιέναι.

342 1129 507 1198 Οὗτος
537 1136 592 1188 δὲ
622 1137 980 1208 γενικώτερον
1009 1140 1130 1194 οὐδέ
1163 1159 1314 1204 τινας
1345 1143 1576 1216 θεωρίας
1604 1145 1908 1199 διακελεύε-

340 1245 430 1280 ται
472 1229 729 1300 θεωρεῖν,
769 1230 893 1289 οὔτε
938 1235 996 1288 ὲν
1033 1234 1252 1304 γάμοις,
1278 1234 1401 1290 οὔτε
1445 1240 1502 1291 ἐν
1538 1238 1791 1303 δείπνοις.
1834 1243 1908 1296 Οὐ

338 1324 447 1390 γὰρ
477 1323 533 1373 ἐν
561 1326 756 1393 γάμοις
787 1326 947 1394 μόνον
971 1327 1213 1394 γίνονται
1247 1331 1548 1398 συμπόσια,
1574 1331 1707 1389 ἀλλὰ
1735 1335 1830 1388 καὶ
1853 1337 1909 1386 ὲν

340 1415 572 1484 ἑορταῖς,
606 1419 698 1470 καὶ
725 1420 783 1470 ὲν
809 1419 1121 1486 γενεθλίοις,
1153 1422 1247 1475 καὶ⁵
1274 1422 1454 1483 ἄλλοις
1482 1424 1708 1494 ὁμοίοις,
1742 1425 1776 1482 ἃ
1803 1426 1910 1480 δεί-

339 1522 505 1569 πνους
532 1505 842 1577 ὠνόμασαν.
864 1511 1032 1563 Ὅταν
1055 1507 1166 1575 οὖν,
1199 1513 1351 1583 φησὶ,
1382 1514 1657 1588 κληθῶσιν
1683 1521 1763 1580 είς
1788 1535 1908 1572 τοσ-

338 1587 794 1668 αῦτα’συμπόσια
839 1602 1103 1670 ίερατικοὶ
1148 1607 1241 1660 καὶ
1285 1604 1562 1676 κληρικοὶ,
1594 1609 1688 1666 καὶ
1727 1609 1906 1664 ίδωσιν
1948 1647 1956 1653 -

335 1689 418 1740 ὅτι
467 1688 750 1758 θυμελικοὶ
801 1693 1087 1762 μέλλουσιν
1132 1695 1425 1761 εἰσελθεῖν,
1473 1700 1900 1771 ὲγειρέσθωσαν,
1946 1737 1954 1742 -

337 1778 430 1830 καὶ
467 1780 919 1850 ἀναχωρείτωσαν
954 1786 1059 1854 πρὸ
1091 1785 1184 1837 τοῦ
1225 1787 1474 1854 ἐκείνους·
1497 1789 1605 1848 τῶν
1633 1793 1907 1861 παιγνίων

335 1872 428 1922 καὶ
457 1873 831 1939 γελωτοποιῶν
855 1877 1228 1948 ἀπάρξασθαι,

335 2137 554 2191 ΛΡΙΣΤ.
615 2135 640 2191 ἰ
673 2138 776 2192 Τὸν
805 2139 987 2209 μέντοι
1018 2142 1313 2213 ἱερατικὸν,
1345 2146 1377 2217 ἢ
1408 2147 1672 2220 κληρικον.
1695 2151 1780 2206 δεῖ
1800 2152 1898 2208 καὶ

668 2229 777 2301 πρὸ
803 2231 903 2301 τῆς
934 2234 1173 2304 θυμέλης
1204 2238 1557 2310 ἀπέρχεσθαι.
1605 2261 1624 2304 ι

429 2321 797 2377 Απαιτοῦνται
819 2326 868 2377 oi
893 2326 1212 2396 Χριστιανοὶ
1236 2330 1315 2395 είς
1338 2334 1514 2402 γάμον
1534 2337 1895 2408 ἀπερχόμενοι

333 2413 548 2480 σεμνῶς
568 2414 806 2470 δειπνεῖν
832 2419 889 2470 tv
915 2418 1120 2483 αὐτοῖς,
1148 2421 1243 2474 καὶ
1273 2423 1348 2494 μὴ
1379 2424 1677 2495 ὀρχεῖσθαι,
1706 2430 1738 2501 ἢ
1770 2431 1897 2501 βαλ-

330 2503 528 2571 λίζειν,
556 2506 701 2562 τοῦτ’
727 2508 842 2562 ἐστι
872 2511 971 2576 τὰς
1006 2516 1200 2584 χεῖρας¹
1227 2519 1471 2584 κροτεῖν,
1500 2521 1593 2574 ιιαὶ
1613 2518 1680 2574 δι’
1717 2523 1893 2577 αὐτῶν

329 2599 534 2650 κτύπον
567 2600 883 2654 ἀποτελεῖνο
917 2603 1074 2669 τοῦτο
1109 2606 1219 2677 γὰρ
1252 2606 1469 2673 ἀνάξιον
1503 2611 1893 2687 Χριστιανικῆς

329 2691 710 2755 καταστάσεως
735 2709 749 2723 ·
780 2694 907 2759 τοὺς
939 2696 1125 2766 μέντοι
1155 2699 1463 2770 ίερατικοὺς
1497 2704 1630 2774 μηδὲ
1661 2706 1893 2778 θεωρίας

325 2780 477 2843 τινας
503 2783 561 2834 ὲν
585 2785 782 2852 γάμοις
809 2784 1053 2855 θεωρεῖν,
1076 2788 1211 2844 ἀλλὰ
1236 2791 1343 2862 πρὸ
1366 2792 1468 2853 τοῦ
1486 2795 1744 2856 εισελθεῖν
1769 2801 1893 2866 τοὺς

257 2915 268 2930 κ
328 2871 650 2941 θυμελικοὺς
675 2877 888 2930 ἐκεῖθεν
913 2881 1243 2951 ἀναχωρεῖν.

909 2971 1143 3025 ΚΑΝΩΝ
1181 2973 1310 3031 NE'.

331 3072 350 3108 ι
375 3056 494 3110 Ὀτι
532 3057 599 3110 οὐ.
636 3058 719 3112 δεῖ
756 3060 1066 3130 ίερατικοὺς
1104 3064 1137 3134 ἢ
1180 3067 1476 3141 κληρικοὺς
1515 3072 1579 3128 lx
1617 3076 1892 3153 συμϐολῆς

459 3165 478 3198 ι
518 3151 800 3219 συμπόσια
831 3153 1130 3221 ἐπιτελεῖν,
1161 3156 1277 3211 ἀλλ’
1300 3159 1420 3214 οὐδὲ
1449 3161 1691 3229 λαῖκούς.
1735 3185 1757 3221 ι

395 3235 585 3291 ΒΑΛΣ.
619 3237 692 3289 Τὸ
721 3242 1114 3309 συμποσιὰζειν
1139 3247 1422 3316 παραίτιόν
1450 3252 1571 3308 ἐστι¹
1593 3257 1783 3330 μέθης..
1811 3261 1889 3332 Τῇ

321 3326 378 3384 ὃξ
423 3328 562 3399 μέθῃ
605 3332 949 3402 παρέπονται
989 3335 1208 3402 ἁταξίαι
1250 3344 1342 3396 καὶ
1381 3326 1756 3426 ἀσχημοσύνη,
1795 3326 1890 3408 καί

323 3419 545 3482 ταύταις
586 3420 762 3492 ἔριδες
797 3426 891 3478 καὶ⁹
924 3425 1057 3489 Θεοῦ
1091 3433 1518 3504 καταφρόνησις.
1550 3419 1890 3512 Διορίξονται

323 3506 414 3563 οὖν
451 3515 498 3564 si
539 3514 777 3604 Πατέρες
818 3518 954 3586 μήτε
994 3519 1348 3590 ίερωμένους,
1391 3527 1529 3598 μήτε
1567 3506 1885 3604 κληρικοὺς,

325 3602 461 3669 μήτε
491 3601 709 3666 λαῖκοὺς
735 3603 847 3657 ἀπὸ
879 3606 1156 3672 συνδοσίας
1183 3613 1359 3665 ποιεῖν
1392 3601 1690 3682 συμπόσια.
1721 3601 1888 3675 Τοῦτο

319 3693 426 3761 γάρ
454 3695 600 3754 ἐστιν
633 3696 665 3763 ἡ
695 3697 962 3769 συμϐολὴ,
991 3699 1100 3752 ἀπὸ
1127 3702 1226 3756 τοῦ,
1255 3705 1571 3774 συμϐάλλω,
1600 3709 1719 3781 ἦτοι
1751 3729 1888 3784 συμ-

320 3803 486 3845 πονω.

387 3881 632 3936 ΖΩΝΑΡ.
657 3884 795 3948 Τοὺς
824 3885 1186 3957 ίερωμένους,
1216 3893 1310 3944 καὶ
1336 3895 1512 3952 πάντα
1538 3895 1596 3949 δὲ
1623 3897 1886 3969 Χριστια-

2015 591 2189 662 primo
2218 607 2424 647 canone
2448 602 2614 654 sexta:
2641 594 2832 668 synodi
2860 594 2926 649 de
2955 595 3021 650 iis
3054 612 3266 676 quoque
3309 599 3567 654 tractavi-

2012 700 2152 748 mus,
2182 699 2304 755 qua:
2338 684 2392 738 in
2418 687 2669 754 praesenti
2701 701 2905 742 canone
2927 696 3155 744 tractata
3186 699 3331 744 sunt.
3359 690 3426 744 Et
3453 691 3568 760 lege

2011 790 2071 830 ea
2100 790 2114 827 :
2146 775 2305 843 hujus
2332 778 2474 830 enim
2503 777 2885 833 meminerunt.

2079 865 2328 924 ZONAR.
2359 866 2562 926 Eadem
2584 877 2749 922 sextae
2773 885 2986 942 quoque
3039 870 3226 942 synodi
3281 873 3564 926 vicesimo-

2010 972 2202 1027 quarto
2233 974 2436 1015 canone
2461 961 2859 1030 praecipiuntur.
2896 961 3103 1032 Quippe
3129 964 3297 1018 sacris
3322 965 3565 1018 initiatos

2012 1051 2255 1105 homines
2280 1066 2342 1110 ac
2381 1054 2669 1109 monachos
2701 1056 2751 1108 in
2779 1056 3186 1125 hippodromum
3213 1060 3499 1112 convenire
3520 1059 3562 1112 is

2010 1159 2180 1199 canon
2212 1153 2375 1200 vetat.
2395 1147 2642 1212 Hic,vero
2671 1148 2839 1217 magis
2868 1148 3115 1204 universe
3149 1164 3241 1203 eos
3266 1148 3424 1203 nullis
3447 1167 3559 1203 om-

2009 1236 2134 1291 nino
2162 1237 2506 1312 spectaculis,
2541 1255 2639 1294 nec
2668 1240 2719 1294 in
2764 1240 2964 1310 nuptiis
2998 1256 3098 1296 nec
3131 1242 3183 1294 in
3235 1242 3426 1303 caenis,
3482 1245 3563 1294 in-

2010 1336 2209 1384 teresse
2233 1330 2397 1386 licere
2426 1330 2688 1385 decernit.
2715 1331 2821 1386 Nec
2848 1334 2990 1388 enim
3018 1333 3072 1386 in
3101 1333 3299 1402 nuptiis
3329 1344 3560 1387 tantum-

2007 1421 2193 1488 modo,
2228 1424 2323 1478 sed
2355 1425 2408 1478 in
2441 1424 2596 1480 festis
2626 1440 2835 1494 quoque
2861 1427 3265 1484 celebritatibus
3292 1435 3344 1478 et
3370 1427 3555 1479 natali-

2007 1511 2096 1565 tiis
2129 1522 2181 1567 et
2211 1514 2330 1568 aliis
2359 1514 2686 1585 huiusmodi,
2717 1532 2835 1586 qua:
2875 1532 3044 1571 coenae
3074 1516 3337 1571 vocabulo
3363 1518 3561 1586 signiﬁ-

2005 1617 2196 1657 cavere
2220 1605 2468 1660 convivia
2511 1605 2886 1662 instituuntur.
2929 1608 3010 1662 Ad
3059 1607 3365 1677 hujusmodi
3399 1610 3558 1676 igitur

2006 1696 2270 1761 convivia,
2303 1699 2496 1769 inquit,
2521 1701 2949 1771 quandocunque
2978 1702 3118 1756 sacri
3144 1700 3347 1754 ordinis
3375 1702 3553 1755 homi-

2004 1805 2099 1846 nes
2131 1801 2183 1847 et
2206 1792 2386 1848 clerici
2414 1793 2660 1849 advocati
2690 1794 2914 1858 fuerint,
2947 1795 3033 1850 ubi
3066 1795 3299 1867 primum
3335 1797 3548 1865 thyme-

1997 1881 2131 1940 licos
2180 1885 2517 1952 ingressuros
2551 1887 3044 1954 animadverterint,
3076 1888 3175 1958 ipsi
3203 1899 3554 1958 consurgat".

1996 1984 2162 2038 seque
2211 1973 2378 2042 illico,
2438 1977 2751 2047 priusquam
2811 1975 3015 2031 ludicra
3072 1976 3162 2031 illa
3202 1985 3256 2031 et
3308 1977 3553 2032 scurrilia

1997 2061 2338 2134 inchoentur,
2370 2069 2493 2130 inde
2519 2071 2841 2126 subducant.

1993 2150 2221 2212 ARIST.
2270 2174 2289 2210 ι
2341 2154 2620 2212 Sacratum
2646 2157 2864 2227 quidem
2915 2165 2969 2212 et
3023 2155 3282 2212 clericum
3341 2167 3554 2226 oportet

2061 2259 2089 2324 ,ι
2124 2244 2287 2299 etiam
2317 2257 2444 2303 ante
2473 2263 2691 2304 scenam
2717 2251 2886 2306 exire.
2925 2269 2946 2304 ι

2062 2332 2355 2398 Christiani
2404 2341 2469 2394 ad
2519 2343 2735 2416 nuptias
2781 2347 3054 2403 venientes
3086 2347 3325 2402 modeste
3359 2363 3411 2400 ιη
3447 2346 3552 2401 illis

1993 2437 2208 2482 caenare
2245 2441 2551 2500 monentur,
2586 2443 2768 2489 etnon
2819 2437 3017 2494 saltare
3056 2450 3148 2494 aut
3189 2441 3417 2503 ballare,
3451 2443 3551 2493 hoc

1993 2526 2096 2582 est,
2120 2533 2312 2579 manus
2341 2523 2593 2593 plaudere
2641 2538 2693 2581 et
2740 2544 2835 2600 per
2874 2547 2967 2586 eas
3016 2533 3296 2603 strepitum
3349 2535 3546 2586 facere.

1993 2607 2105 2665 Hoc
2156 2616 2299 2667 enim
2331 2613 2638 2672 Christiana
2693 2622 3076 2679 constitutione
3120 2636 3202 2679 est
3249 2625 3548 2695 indignum.

1993 2701 2062 2755 At
2090 2714 2328 2760 sacratos
2349 2722 2521 2777 neque
2546 2713 2852 2786 spectacula
2880 2715 2985 2776 ulla
3018 2716 3070 2770 in
3104 2717 3306 2786 nuptiis
3328 2718 3540 2783 videre,

1990 2792 2084 2846 sed
2110 2794 2417 2864 priusquam
2453 2784 2822 2870 ingrediantur
2853 2804 3124 2877 thymelici
3145 2845 3161 2872 ,
3182 2784 3357 2862 villinc
3388 2823 3541 2863 rece-

1990 2880 2120 2936 dere
2147 2894 2379 2952 oportet.
2949 2889 2955 2896 ’

2577 2981 2807 3039 CANON
2840 2983 2950 3040 LV.

1994 3063 2176 3132 «Quod
2203 3084 2306 3124 non
2333 3081 2579 3141 oporteat
2599 3088 2838 3140 sacratos
2857 3088 2910 3134 et
2930 3080 3156 3138 clericos
3177 3097 3242 3137 ex
3265 3083 3545 3141 collatione

2067 3177 2084 3211 ι
2120 3162 2365 3220 convivia
2401 3180 2677 3236 peragere,
2704 3169 2800 3224 sed
2833 3187 3004 3244 neque
3026 3173 3210 3230 laicos.
3240 3193 3258 3227 ι

2059 3247 2254 3305 BALS.
2285 3251 2556 3311 Convivar
2614 3261 2890 3317 ebrietatis
2930 3279 3088 3320 causa
3134 3278 3233 3321 est.
3267 3265 3398 3323 Eam
3446 3284 3544 3324 au-

1989 3351 2099 3400 tem
2119 3357 2514 3415 consequuntur
2538 3351 2828 3424 petulantia
2853 3365 2907 3410 et
2925 3358 3209 3413 insolentia
3237 3376 3251 3413 :
3275 3376 3368 3420 eas
3391 3377 3540 3429 vero.

1987 3434 2107 3492 lites
2134 3445 2189 3492 et
2231 3437 2322 3494 Dei
2371 3450 2727 3519 contemptus.
2762 3445 3016 3510 Statuunt
3059 3466 3186 3518 ergo
3229 3451 3434 3521 Patres,
3475 3467 3533 3510 ut

1988 3545 2164 3599 neque
2192 3534 2415 3602 sacrati,
2450 3551 2624 3607 neque
2651 3539 2830 3595 clerici
2858 3557 3048 3612 .neque
3080 3544 3237 3610 laici,
3279 3561 3343 3600 ex
3380 3548 3542 3602 colla-

1987 3622 2132 3679 tione
2155 3626 2396 3680 convivia
2446 3629 2666 3686 faciant.
2699 3629 2949 3704 Συμϐολὴ
2981 3637 3125 3690 enim
3169 3646 3251 3692 est
3295 3640 3531 3707 collatio,

1985 3727 2016 3766 a
2047 3714 2211 3774 verbo
2252 3717 2565 3792 συμϐάλλω,
2592 3723 2732 3798 quod
2759 3723 3028 3795 significat
3055 3727 3294 3785 confero.

2051 3892 2298 3954 ZONAR.
2326 3895 2393 3957 Et
2421 3914 2516 3954 eos
2541 3901 2632 3970 qui
2659 3902 2712 3957 in
2742 3917 2956 3962 Sacrum
3001 3908 3245 3966 ordinem
3298 3917 3536 3986 cooptati

318 3974 406 4026 νὺν
448 3977 660 4043 σεμνῶς
703 3977 808 4049 χρὴ
846 3979 1019 4049 βιοῦν.
1065 3982 1139 4035 Τὸ
1178 3984 1236 4037 δὲ
1281 3988 1347 4044 ὲκ
1391 3989 1665 4063 συμϐολῆς
1710 3995 1889 4050 ποιεῖν-

1996 3996 2129 4052 sunt,
2177 3998 2231 4048 et
2271 3987 2604 4051 Christianos
2651 4009 2858 4061 omnes,
2913 3997 3141 4056 honeste
3194 3974 3537 4076 graviterque

317 4070 625 4137 συμπόσια,
655 4071 822 4141 ἡγουν
853 4078 1061 4132 πολλῶν
1088 4078 1338 4140 διδόντων
1365 4081 1708 4151 νομίσματα,
1739 4086 1879 4140 ὥστε
1980 4080 2143 4138 Vitam
2174 4080 2453 4139 Ῐηδίίίυθτθ
2482 4098 2578 4152 Par
2615 4095 2718 4140 es"
2755 4083 2923 4158 ιείιυτ
2954 4103 3020 4142 εί
3064 4070 3325 4162 εἳπὼοιίθ
3364 4097 3534 4152 θοηθ·

315 4160 386 4211 δι’
410 4162 591 4215 αὐτῶν
613 4164 861 4231 γενέσθαι
885 4171 1161 4239 τραπέζας
1188 4173 1382 4243 ἅϐρας.
1409 4175 1652 4245 κουλύειξό
1678 4177 1898 4242 κανὼν,ι

1996 4169 2146 4234 .ione,
2170 4170 2274 4226 hoc
2295 4181 2397 4237 est,
2421 4190 2448 4227 a
2474 4173 2737 4244 pluribus,
2769 4187 2825 4236 ut
2848 4194 3045 4237 mensae
3071 4160 3348 4252 exquisitis
3364 4190 3536 4262 epulis

313 4251 388 4313 ὡς
427 4254 595 4323 μέθης
637 4257 733 4308 καὶ·
765 4255 1101 4328 ἁδδηφαγίας
1139 4262 1236 4320 καὶ
1275 4264 1459 4319 ἄλλων
1485 4264 1878 4336 ἀσχημοσυνῶν

1999 4271 2334 4330 nstruanlur,
2375 4263 2540 4337 479
2590 4269 2814 4338 pecunia
2863 4269 3056 4326 collata
3095 4278 3335 4331 convivia
3365 4251 3531 4350 appa;

315 4345 503 4395 αἰτιον.
1976 4351 2123 4418 rari;
2160 4356 2302 4422 quod
2332 4370 2394 4411 ea
2428 4371 2516 4412 res
2548 4358 2826 4420 ebrietatis
2859 4365 3278 4440 voracitatisque
3307 4385 3370 4426 ac
3407 4375 3532 4428 alio-

1977 4456 2093 4498 rum
2138 4443 2422 4502 cniminum
2460 4461 2678 4506 causam
2727 4451 2998 4520 praebeat;
3045 4455 3191 4512 nullo
3240 4462 3398 4518 modo
3444 4465 3530 4520 hic

1907 4523 1952 4588 υ
1979 4547 2152 4591 canon
2183 4533 2340 4589 licere
2369 4537 2628 4598 decernit.

312 4610 532 4666 ΔΡΙΣἙ.
599 4631 618 4663 ι
671 4590 926 4685 Ἐράνους
985 4615 1109 4672 οὔτε
1169 4619 1353 4683 λαῖκὸς
1410 4621 1532 4676 οὔτε
1615 4624 1871 4695 κληρικδς

874 4722 890 4756 ι
929 4708 1220 4762 έκτελέσει.
1261 4729 1281 4762 ι

380 4792 555 4860 Χάριν
583 4794 884 4864 συμποσίου
928 4796 1050 4854 οὔτε
1091 4801 1348 4871 κλήρικὸς
1379 4801 1502 4860 οὔτε
1529 4803 1711 4861 λαῖκδς
1754 4824 1872 4862 ποι-

311 4886 531 4953 ήσονται
566 4883 776 4954 ἔρανον.

882 4982 1118 5038 ΚΔΝΩΝ
1148 4984 1292 5050 NQ".

317 5086 338 5116 ι
373 5069 495 5123 Ὀτι
523 5070 583 5123 οὐ
613 5069 695 5124 δεῖ
721 5073 1117 5142 πρεσϐυτέρους
1135 5069 1240 5146 πρδ
1265 5077 1364 5148 τῆς
1393 5078 1597 5134 εἰσόδου
1623 5081 1714 5135 τοῦ
1745 5083 1868 5137 ἑπι-

387 5178 405 5210 ι
442 5162 643 5218 σκόπου
674 5163 898 5216 εἰσιέναι
931 5166 1023 5220 καὶ
1078 5165 1398 5232 καθέζεσθαι
1443 5172 1501 5224 ὲν
1538 5171 1872 5244 τῷβήματι,

384 5267 414 5304 «η
442 5251 574 5306 ἀλλά
599 5255 741 5321 μετὰ
784 5257 876 5308 τοῦ
906 5258 1203 5314 ἐπισκόπου
1256 5261 1513 5318 είαιέναι.’
1559 5266 1697 5337 πλὴν
1719 5270 1766 5321 εἰ
1797 5269 1872 5342 μὴ

387 5362 403 5391 ι
443 5343 809 5414 ἁνωμαλοίηῆ
839 5349 1106 5419 ἁποδημοί
1150 5351 1523 5418 ὀλέπίσκοπος.
1564 5375 1583 5408 ι

381 5435 579 5490 ΒΑΔΣ.
610 5436 715 5488 Καὶ
739 5441 1010 5510 πανταχοῦ
1042 5443 1100 5494 τὸ
1123 5445 1217 5513 τῆς
1241 5445 1490 5512 εὐταξίας
1521 5448 1682 5501 καλδιν
1715 5451 1866 5508 πολι,-

1980 4625 2204 4685 ARIST.
2232 4645 2252 4681 ι
2281 4628 2532 4691 Convivia
2562 4648 2628 4694 ex
2657 4635 2865 4694 collatis
2887 4642 3140 4713 symbolis
3164 4661 3337 4718 neque
3361 4649 3531 4709 laicus

2055 4735 2072 4768 ι
2114 4732 2289 4788 neque
2319 4721 2542 4776 clericus
2578 4725 2886 4788 celebrabit.
2933 4749 2953 4783 ι

2045 4806 2468 4876 Compotationis
2495 4815 2663 4881 gratia
2695 4832 2792 4872 nec
2815 4819 3041 4878 clericus
3081 4840 3180 4882 nec
3219 4827 3388 4888 laicus
3415 4834 3527 4890 col-

1973 4897 2226 4957 lationem
2258 4902 2438 4966 faciat.

2554 4999 2782 5060 CANON
2817 5003 2946 5066 LVI.
3019 5067 3022 5070 .

1980 5083 2189 5150 (Quod
2224 5100 2326 5140 non
2355 5097 2566 5158 oportet
2610 5094 2945 5165 presbyteros
2994 5108 3117 5160 ante
3162 5102 3396 5176 episcopi
3441 5107 3524 5162 ln-

2047 5194 2071 5230 ι
2109 5179 2332 5236 troitum
2354 5179 2556 5249 ingredi
2586 5190 2638 5236 et
2667 5187 2850 5244 sedere
2883 5188 2934 5247 in
2970 5194 3243 5260 sacrario,
3276 5199 3369 5252 sed
3403 5215 3522 5255 cum

2047 5287 2066 5320 ι
2107 5271 2359 5340 episcopo
2409 5273 2650 5342 ingredi;
2715 5277 2816 5336 nisi
2872 5277 3009 5337 forte
3057 5283 3368 5348 inﬁrmitate
3392 5291 3515 5345 deti-

2048 5378 2066 5411 ι
2112 5373 2322 5428 neatur,
2355 5364 2438 5422 vel
2469 5380 2691 5436 peregre
2727 5370 3000 5437 prolectus
3046 5376 3117 5431 sit
3157 5379 3457 5450 episcopus.
3495 5401 3520 5436 ι

2037 5453 2230 5508 BALS.
2262 5454 2464 5510 Bonum
2493 5459 2705 5526 quidem
2734 5463 2974 5518 ordinem
3016 5467 3207 5537 ubique
3236 5485 3354 5530 esse
3406 5475 3508 5543 pul-

306 5526 560 5579 τεύεσθαι
591 5526 740 5592 ἄξιον
761 5544 778 5561 ο
811 5528 988 5602 πολλῷ
1019 5532 1072 5584 δὲ
1117 5535 1278 5589 πλέον
1324 5539 1381 5589 ὲν
1413 5539 1746 5609 ίερωμένοις.
1775 5544 1865 5597 Διὸ

1996 5540 2158 5600 hrum
2183 5550 2265 5596 est
2299 5560 2314 5596 :
2344 5545 2438 5602 sed
2467 5544 2638 5602 multo
2673 5551 2841 5620 magis
2866 5553 2918 5607 in
2945 5555 3012 5610 iis
3033 5559 3120 5625 qui
3147 5569 3267 5614 sunt
3301 5526 3498 5619 sacrati

306 5617 400 5669 καὶ
431 5615 728 5670 κωλύουσιν
759 5620 808 5672 oi
836 5621 1072 5690 Πατέρες
1096 5627 1218 5687 τοὺς
1267 5629 1664 5699 πρεσϐυτέρους
1697 5649 1862 5685 κατα-

307 5708 522 5775 φρονεῖν
543 5706 634 5760 τοῦ
663 5710 982 5777 ἐπισκόπου,
1021 5715 1110 5764 καὶ
1144 5713 1247 5784 πρὸ
1266 5715 1362 5781 τῆς
1392 5717 1596 5770 εἰσόδου
1620 5719 1862 5790 εἰσέρχε-

1973 5629 2039 5684 Ει
2065 5632 2180 5687 ideo
2211 5631 2397 5689 Patres
2423 5637 2709 5705 prohibent
2741 5645 3102 5714 presbyteros,
3132 5663 3197 5701 ne
3216 5651 3514 5724 episcopum

1971 5732 2342 5790 contemnant,
2372 5735 2423 5780 et
2447 5739 2570 5783 ante
2595 5730 2711 5800 ejus
2771 5733 3044 5787 introitum
3101 5743 3394 5798 sacrarium
3442 5747 3528 5801 in-

308 5796 428 5850 σθαι
454 5798 511 5850 ὲν
540 5798 616 5868 τῷ
645 5800 872 5872 βήματι,
902 5806 992 5858 καὶ
1017 5804 1333 5878 καθέζεσθαι
1359 5824 1371 5838 ο
1409 5809 1544 5862 ἀλλὰ
1577 5812 1864 5869 εἰσοδεύειν

1996 5813 2276 5900 :rediantur
2304 5827 2354 5874 et
2399 5822 2662 5889 sedeant;
2696 5825 2787 5879 sed
2844 5843 2946 5880 nna
2983 5843 3100 5883 cum
3153 5834 3398 5906 episcopo
3443 5840 3525 5893 in-
