3982 6494
508 386 640 448 14ιῦ

466 589 732 660 ‘episcOpi
770 587 1249 658 peregrinationem
1289 602 1303 638 :
1338 584 1586 640 dixerunt
1630 584 1895 654 ejusmodi
1924 599 2053 641 cau-

496 698 586 737 sas
611 696 730 736 esse
744 680 940 749 iustas,
966 686 1021 733 et
1070 675 1365 732 sacerdotis
1422 678 1477 731 in
1531 677 1755 733 chorum
1816 676 2050 748 priorem

496 775 784 827 adventum
820 786 923 824 non
961 768 1279 838 impediunt.

565 861 822 917 ZONAR.
862 860 1139 917 Summam
1198 874 1228 913 a
1284 858 1423 913 sacri
1481 857 1688 913 ordinis
1745 858 2054 913 hominibus

498 957 772 1011 modestiae
803 956 1067 1009 rationem
1100 951 1285 1007 haberi
1320 951 1551 1005 maxime
1598 952 1769 1005 decet.
1820 948 2050 1020 Presby-

500 1067 642 1111 teros
675 1068 855 1122 porro,
881 1067 989 1122 quo
1020 1062 1260 1120 tempore
1307 1050 1591 1118 θιιίειξυρηε
1637 1050 1700 1100 ad
1756 1046 1925 1099 altare
1963 1063 2053 1100 ac-

496 1164 745 1203 cessurus
780 1156 860 1201 est
889 1185 903 1205 .
949 1154 1075 1199 ante
1104 1144 1247 1198 illum
1278 1144 1483 1213 ingredi
1522 1142 1700 1211 ibique
1744 1141 1930 1195 sedere
1954 1180 1970 1205 ,
2002 1148 2055 1192 ιιι

499 1245 648 1297 illum
669 1241 841 1295 solum
876 1239 1211 1306 relinquere,
1266 1248 1353 1288 aut
1404 1238 1559 1304 paulo
1611 1244 1729 1301 post
1777 1233 2052 1287 introitum

499 1334 675 1395 facere
702 1372 719 1394 ,
761 1329 1071 1396 petulantiae
1106 1326 1361 1395 quiddam
1415 1325 1721 1393 summique
1770 1321 2049 1377 sacerdotii

500 1432 867 1491 contemptum
899 1418 1157 1475 ostendit.
1197 1418 1251 1471 ld
1277 1432 1404 1487 ergo
1455 1430 1627 1471 canon
1696 1414 1808 1467 ﬁeri
1864 1422 2048 1467 vetat:

498 1532 618 1569 rum
647 1516 897 1585 episcopo
928 1527 1056 1566 vero
1087 1509 1249 1565 simul
1290 1510 1491 1579 ingredi
1546 1508 1852 1562 sacerdotes
1879 1550 1892 1569 ,
1947 1504 2051 1558 nisi

498 1609 617 1679 quis
645 1607 783 1663 forte
817 1604 1133 1674 intemperie
1169 1642 1184 1664 ,
1218 1602 1318 1655 hoc
1375 1611 1479 1663 est,
1516 1599 1829 1670 mgritudine
1876 1597 2051 1665 aliqua

499 1712 770 1762 teneatur,
827 1712 1000 1765 neque
1059 1694 1356 1762 longiorem
1416 1690 1592 1745 standi
1645 1704 1849 1743 moram
1914 1687 2053 1742 ferre

498 1800 678 1862 queat,
716 1792 973 1847 decernit.
1026 1786 1176 1853 Quod
1211 1783 1255 1837 si
1288 1784 1450 1836 etiam
1514 1784 1735 1850 peregre
1783 1779 2051 1849 proiectus

498 1885 659 1940 fuerit
692 1884 937 1945 antistes,
982 1866 1226 1950 quamvis
1253 1876 1338 1929 alii
1396 1874 1528 1928 alios
1554 1913 1571 1937 ,
1609 1870 1734 1926 dum
1776 1872 1841 1924 ad
1889 1868 2055 1924 altare

499 1976 895 2045 ingrediuntur,
931 1979 1289 2030 antevertant,
1322 1964 1466 2020 nulla
1504 1978 1571 2017 ex
1596 1978 1662 2017 eo
1694 1974 1905 2017 suinmo
1964 1974 2053 2014 sa-

502 2069 710 2125 cerdoti
747 2070 980 2135 irrogata
1017 2062 1209 2133 injuria
1236 2054 1653 2113 existimabitur.
1822 2126 1829 2137 ἱ
1992 2040 1999 2049 ’

498 2160 724 2217 ARIST.
764 2178 781 2211 ι
827 2159 1113 2227 Presbyter
1163 2150 1397 2206 tribunal
1450 2156 1577 2203 ante
1630 2145 1936 2216 episcopum
1988 2157 2055 2198 ne

584 2274 602 2306 ε
646 2252 995 2324 ingrediatur,
1028 2232 1203 2314 neque
1226 2242 1434 2297 sedeat.
1473 2258 1491 2292 ι

578 2348 844 2417 Episcopo
873 2350 1140 2412 praesente
1170 2345 1224 2391 et
1254 2336 1592 2390 ministrante
1646 2337 1771 2417 ante
1815 2327 1930 2398 ejus
1973 2325 2058 2380 in-

503 2412 723 2494 troitum
757 2412 1036 2505 presbyter
1065 2429 1303 2485 tribunal
1340 2441 1444 2481 nou
1478 2412 1842 2496 ingredietur,
1868 2428 1923 2473 et
1966 2432 2055 2472 se-

501 2533 667 2588 debit.
704 2529 817 2583 Hoc
866 2528 1009 2605 enim
1057 2532 1141 2578 est
1189 2514 1786 2609 ordinis}eonturbatio
1832 2524 1888 2568 et
1928 2525 2058 2567 con-

502 2626 660 2682 fusio.

1054 2700 1284 2759 CANON
1342 2697 1498 2755 LVII.

416 2829 423 2843 ι
505 2824 525 2858 ε
566 2772 717 2871 Quod
750 2815 855 2855 non
886 2804 1099 2866 oportet
1130 2796 1179 2847 in
1208 2792 1339 2846 vicis
1392 2799 1445 2844 et
1495 2784 1804 2857 regionibus
1834 2770 2058 2855 episco-

577 2915 597 2949 ι
632 2910 726 2966 pos
773 2889 1045 2953 constitui,
1079 2889 1171 2942 sed
1203 2884 1519 2941 circuitores
1553 2901 1565 2935 :
1594 2895 1690 2935 eos
1712 2889 1890 2933 autem
1922 2918 1938 2941 ,
1960 2876 2054 2946 qui

580 3009 599 3042 ‹
641 2987 791 3058 prius
813 2982 1085 3040 constituti
1119 2978 1353 3041 fuerunt,
1383 2970 1513 3029 nihil
1549 2988 1710 3042 agere
1764 2970 1881 3025 sine
1929 2986 2059 3025 cou-

583 3098 601 3131 ι
636 3091 795 3131 sensu
846 3069 1083 3141 episcopi
1143 3066 1401 3124 civitatis.
1458 3062 1720 3118 Similiter
1782 3070 1959 3115 autem
2003 3071 2057 3113 et

1756 387 2032 445 'l‘liltUl).
2066 386 2458 445 BALSAMUN

390 530 399 539 ι
497 508 729 554 troeant.
764 496 917 565 Quod
952 495 997 552 si
1055 495 1176 565 quis
1238 494 1602 551 inﬁrmitatem
1658 496 1916 552 obtendat
1968 495 2048 550 vel

2157 499 2294 567 μετὰ
2319 499 2414 552 τοῦ
2442 500 2763 554 ἐπισκόπου.
2822 498 2913 561 Ὦς
2941 497 2999 552 δέ
3050 514 3193 561 τινος
3224 495 3517 569 ἀρρωστίαν
3556 515 3671 566 upo-

3555 384 3668 451 1416

2153 587 2476 657 6αλλομένου
2520 591 2553 658 ἢ
2602 592 2908 661 ἀποδημίαν
2936 589 3032 643 τοῦ
3074 589 3388 653 ἐπισκόπου,
3435 586 3572 641 εἷπον
3612 591 3672 645 τά

2149 681 2372 735 τοιαῦτα
2389 684 2535 737 αίτια
2578 682 2775 753 εὔλογα
2805 673 2962 747 εἶναι,
2986 681 3099 735 καὶ
3125 684 3227 751 τὴν
3253 679 3473 750 πρόοδον
3494 680 3581 751 τὴν
3604 684 3671 745 εἰς

2151 773 2213 825 τὸ
2237 772 2386 843 βῆμα
2409 774 2504 827 τοῦ
2552 776 2737 845 ἱερέως
2775 776 2875 828 οὐκ
2902 772 3297 844 ἐμποδίζουσιν.

2221 866 2463 923 ΖΩΝΑΡ.
2496 869 2681 922 ηᾱςαν
2724 850 2975 931 εὐταξίαν
3030 868 3093 919 ἐν
3139 867 3247 927 τοῖς
3282 856 3575 933 ιεβωμινοις
3605 865 3673 917 δεῖ

2153 957 2548 1012 πολιτεύεσθαι.
2589 959 2661 1011 Τὸ
2686 959 2765 1018 δέ,
2799 959 2893 1012 τοῦ
2923 956 3223 1043 ἐπισκόπου
3258 956 3526 1025 μέλλοντος
3549 957 3671 1007 eicio-

2152 1050 2325 1103 δεύειν
2388 1052 2467 1113 είς
2510 1051 2570 1102 τό
2632 1050 3054 1120 θυσιαστήριον,
3116 1049 3242 1110 τοὺς
3304 1045 3671 1118 πρεσϐυτέρους

2153 1143 2598 1213 πωεισέρχεσθαι
2653 1142 2747 1195 καὶ
2780 1141 3049 1211 καθῆσθαι
3094 1140 3231 1202 ἐκεί,
3273 1139 3510 1191 κάκεῖνον
3533 1136 3670 1206 μόνον

2150 1236 2321 1307 ἐᾷν,ή
2360 1234 2479 1304 μετ’
2504 1233 2682 1301 ὀλίγον
2710 1232 2807 1299 τὴν
2836 1232 3040 1285 εἴσοδον
3072 1232 3249 1283 ποιεῖν
3269 1269 3284 1290 ,
3312 1226 3525 1291 ἀταξίας
3549 1224 3668 1289 ἐστὶ,

2104 1334 2105 1337 “
2151 1330 2244 1383 καί⁸
2276 1329 2357 1392 είς
2412 1327 2813 1396 καταφρόνησιν
2847 1323 2940 1378 τοῦ
2995 1321 3323 1395 ἀρχιερέως.
3358 1321 3444 1372 Διὸ
3496 1317 3669 1372 κωλύει

2149 1421 2307 1474 τοῦτο
2356 1421 2385 1473 ό
2413 1419 2629 1472 κανών·
2683 1418 3009 1473 πνεισιέναι
3041 1417 3099 1471 δέ
3151 1415 3232 1484 τῷ
3274 1410 3539 1482 ἐπισκύπῳ
3566 1412 3671 1474 τοὺς

2098 1500 2103 1507 ’
2154 1512 2315 1579 ίερείς
2333 1510 2643 1580 διορίζεται,
2666 1510 2713 1562 εί
2745 1510 2819 1581 μή
2844 1508 2946 1563 πού
2967 1526 3049 1573 τις
3074 1506 3369 1577 ἀνωμάλως
3387 1505 3513 1575 εχει,
3531 1505 3672 1581 ﬁxo-iv

2152 1573 2515 1674 νοσηλεύεται,
2542 1573 2635 1655 καί
2657 1602 2717 1654 ού
2744 1573 2966 1654 δύναται
3001 1598 3094 1653 ἐπὶ
3125 1573 3263 1652 πολῦ
3294 1573 3557 1650 ἵστασθαι.
3581 1573 3671 1648 Καὶ

2150 1694 2238 1749 ὅτε
2268 1694 2322 1747 δέ
2358 1694 2624 1765 ἀποδημεῖ
2667 1695 2695 1746 ὁ
2717 1692 3027 1764 ἀρχιερεὺς,
3054 1691 3154 1744 οὐκ
3191 1690 3271 1752 είς
3305 1686 3674 1757 καταφρόνησιν

2150 1784 2314 1840 αὐτοῦ
2352 1786 2559 1855 γίνεται
2587 1784 2647 1838 τό
2676 1799 2828 1848 τινας
2856 1783 2965 1835 τῶν
2999 1781 3301 1854 ἀρχιερέων
3328 1781 3455 1844 toto;
3483 1792 3674 1850 προεισ-

2153 1877 2329 1932 ελθεῖν
2354 1878 2462 1932 τῶν
2484 1876 2659 1932 ἀλλων
2685 1876 2764 1939 είς
2790 1875 2849 1930 τὸ
2876 1874 3289 1944 θυσιαστήριον.

2152 2142 2376 2198 ΑΡΙΣΤ.
2421 2159 2440 2194 ι
2470 2139 2844 2213 Πρεσϐύτερος
2868 2142 2951 2205 είς
2985 2140 3134 2210 βῆμα
3166 2138 3273 2212 πρὸ
3295 2136 3387 2193 τοῦ
3415 2135 3676 2191 ἐπισκόπου

2476 2254 2494 2286 ι
2521 2212 2632 2288 ὀύκ
2660 2234 2908 2296 εἴσεισιν,
2940 2233 3061 2286 ούδέ
3091 2232 3348 2303 κάθηται.
3378 2248 3398 2282 ι
3695 2212 3704 2224 ⁸

2208 2327 2500 2397 -Παρόντος
2528 2324 2623 2379 τού
2656 2325 2955 2379 ἐπισκόπου
2980 2326 3075 2379 καί⁵
3111 2321 3544 2394 λειτουργοῦντος
3586 2319 3674 2389 πρὸ

2153 2422 2251 2492 τῆς
2272 2420 2475 2473 είσόδου
2526 2418 2691 2474 αὐτοῦ
2734 2418 2833 2473 ούκ
2875 2417 3095 2490 εἰσέλθῃ
3138 2416 3500 2487 πρεσϐύτερος
3528 2415 3580 2467 ἐν
3611 2411 3675 2482 τῷ

2156 2514 2379 2586 βήματι,
2423 2512 2517 2567 καὶ
2545 2510 2778 2566 καθίσει.
2818 2510 3000 2565 τοῦτο
3044 2510 3158 2582 γὰρ
3209 2508 3407 2575 ἀταξία
3447 2508 3555 2561 ἐστὶ
3601 2505 3675 2558 καὶ

2157 2606 2440 2679 σύγχυσις.
2832 2634 2835 2635 ν

2730 2696 2970 2751 ΚΔΝΩΝ
3003 2696 3129 2749 NZ'.

2160 2793 2345 2848 ε-Ὅτι
2374 2794 2436 2848 ού
2488 2792 2569 2846 δεῖ
2612 2793 2673 2846 ἐν
2699 2774 2818 2853 ταῖς
2864 2788 3075 2858 κώμαις
3112 2786 3208 2840 καὶ
3258 2785 3316 2837 ἐν
3340 2786 3454 2847 ταῖς
3504 2780 3671 2852 χώραις

2228 2907 2247 2941 ε
2281 2885 2635 2941 καθίστασθαι
2691 2882 3026 2943 ἐπισκόπους
3052 2919 3067 2944 ,
3126 2878 3267 2934 ἀλλὰ
3331 2872 3667 2946 περιοδευτάς’

2230 3000 2248 3034 ε
2281 2982 2404 3045 τοὺς
2436 2982 2615 3052 μέντοι
2648 2979 2747 3051 ἤδη
2772 2976 3322 3049 προκατασταθέντας
3346 2974 3504 3043 μηδὲν
3532 2969 3669 3036 apd:-

2226 3091 2247 3125 ε
2284 3090 2398 3127 τειν
2424 3072 2550 3127 ἀνευ
2586 3071 2809 3142 γνώμης
2840 3069 2931 3123 τοῦ
2978 3069 3281 3121 ἐπισκόπου
3310 3065 3402 3119 τοῦ
3436 3065 3491 3116 ἐν
3519 3065 3573 3130 τῇ
3596 3059 3671 3113 πό·

577 3184 595 3217 ι
638 3161 978 3249 presbyteros
1050 3156 1178 3211 nihil
1230 3169 1389 3225 agere
1460 3151 1575 3205 sine
1630 3164 1889 3204 consensu
1944 3148 2161 3233 ενι-ο,
2228 3182 2248 3215 ι
2281 3163 2382 3217 λει,
2450 3161 2721 3223 Ὡσαύτως
2748 3160 2803 3213 δι
2843 3161 2935 3213 καὶ
2961 3160 3089 3220 τοὺς
3122 3155 3516 3227 πρεσϐυτέρους
3540 3150 3674 3223 μηδὲν

577 3272 595 3304 ι
636 3249 810 3319 scopi.
844 3267 862 3300 ι

574 3343 768 3399 BALS.
795 3341 898 3396 Alii
936 3339 1153 3411 quidem
1187 3351 1423 3392 canones
1475 3336 1526 3391 in
1560 3337 1694 3393 vicis
1742 3346 1797 3391 et
1825 3331 2054 3402 regioni-

505 3443 603 3495 bus
660 3434 1075 3504 cltorepiscopos
1151 3440 1203 3484 et
1253 3429 1593 3501 presbyteros
1648 3424 2055 3485 constituendos

501 3532 825 3586 deﬁnierunt
861 3544 875 3581 :
909 3540 1142 3595 presens
1168 3535 1344 3577 autem
1376 3522 1711 3591 canoujubet
1742 3521 2056 3576 circuitores

504 3619 640 3681 ﬁeri,
662 3627 715 3672 et
748 3630 852 3669 non
883 3613 1203 3683 episcopos;
1233 3628 1300 3665 ne
1333 3611 1562 3681 dignitas
1580 3610 1897 3679 episcopalis
1933 3608 2052 3661 vilis

500 3722 554 3764 et
586 3710 893 3775 contempta
928 3706 1138 3769 evadat,
1174 3711 1355 3771 utpote
1385 3718 1506 3755 cum
1537 3717 1640 3756 non
1676 3702 1868 3757 habeat
1886 3703 2052 3771 regio,

503 3802 554 3856 in
591 3815 691 3867 qua
718 3798 995 3849 ordinatus
1021 3804 1104 3847 est
1149 3794 1451 3862 cpiscopus,
1484 3792 1760 3845 hominum
1816 3790 2055 3845 multitu-

500 3892 682 3945 dinem
712 3892 776 3942 ad
819 3886 908 3941 Dei
934 3886 1350 3956 etepiscOpatus
1378 3885 1656 3938 honorem.
1700 3882 1756 3937 Si
1811 3884 1902 3954 qui
1958 3899 2051 3937 au.

504 3994 631 4046 tem,
666 3980 857 4051 inquit,
890 3989 1013 4032 ante
1045 3992 1304 4031 cntionem
1338 3986 1463 4031 sunt
1493 3977 1543 4030 in
1573 3976 1653 4029 bis
1686 3975 1818 4031 locis
1848 3975 2051 4031 consti-

503 4072 600 4125 tuti
636 4070 899 4140 episcopi,
925 4083 995 4122 ne
1027 4068 1339 4138 ejiciantur;
1397 4067 1491 4121 sed
1537 4068 1715 4122 omnia
1768 4078 2052 4123 exerceant

500 4177 622 4217 rum
656 4160 880 4215 scientia
911 4157 1333 4227 metmpolitani,
1362 4158 1450 4226 qui
1482 4173 1573 4213 eos
1606 4157 1889 4213 ordinavit.
1946 4157 2049 4213 Sed

499 4266 554 4309 et
577 4250 894 4323 presbyteri,
929 4249 1127 4318 inquit,
1155 4248 1286 4303 nihil
1312 4257 1471 4319 agant
1496 4248 1612 4303 sine
1642 4263 1904 4305 consensu
1936 4248 2051 4319 epi-

499 4346 665 4416 scopi.
696 4342 813 4397 llaec
845 4344 1164 4396 decernente
1195 4357 1419 4406 canone,
1453 4340 1649 4396 dixerit
1687 4342 1951 4411 quispiam
1981 4357 2046 4395 ex

498 4438 616 4504 ejus
648 4436 992 4506 intelligentia
1023 4434 1386 4500 conjecturam
1438 4432 1679 4499 faciens,
1727 4433 1866 4502 quod
1918 4448 2050 4499 quo-

2231 3274 2250 3308 ι
2290 3254 2551 3325 πράττειν
2574 3254 2704 3306 ἀνευ
2733 3252 2833 3320 τῆς
2860 3251 3085 3321 γνώμης
3110 3249 3206 3304 τοῦ
3237 3248 3543 3302 ἐπισκόπου.
3580 3262 3596 3295 ι

2222 3347 2415 3400 ΒΑΛΣ.
2455 3344 2636 3399 ’Δλλοι
2665 3343 2763 3415 μὲν
2802 3344 3022 3405 κανόνες
3062 3342 3124 3395 ἐν
3150 3343 3273 3403 ταίς
3298 3339 3502 3403 κώμαις
3531 3333 3610 3389 καὶ
3628 3333 3675 3385 ἐν

2150 3435 2262 3498 τοῖς
2297 3434 2515 3507 χωρίοις
2555 3433 3004 3505 χωρεπισκόπους
3038 3433 3133 3485 καὶ
3187 3430 3574 3501 πρεσϐυτέρους
3596 3442 3676 3476 κα-

2153 3525 2434 3580 θίστασθαι
2482 3520 2837 3596 διωρίσαντο·
2868 3525 2897 3577 ό
2922 3524 2975 3576 δέ
3005 3520 3195 3591 παρὼν
3229 3520 3414 3574 κανὼν
3437 3516 3676 3587 περιοδεύ-

2114 3680 2119 3683 _
2152 3618 2249 3680 τὰς
2274 3618 2717 3686 παρακελεύεται
2736 3614 3005 3682 γίνεσθαι,
3025 3616 3116 3667 καὶ
3152 3612 3227 3683 μὴ
3254 3610 3583 3669 ἐπισκόπους,
3609 3608 3678 3656 ἵνα

2153 3708 2227 3778 μὴ
2254 3709 2475 3778 γένηται
2508 3704 2979 3775 εὐκαταφρόνητος
3009 3705 3042 3776 ἠ
3083 3700 3483 3773 ἀρχιερωσύνη,
3509 3696 3576 3759 ὡς
3618 3690 3676 3763 μὴ

2150 3799 2377 3869 ἐχούσης
2402 3800 2499 3868 τῆς
2533 3802 2717 3869 χώρας
2741 3800 2800 3851 ἐν
2899 3794 3283 3867 ἐχειροτονήθη
3333 3796 3361 3847 ό
3389 3782 3674 3846 ἐπίσκοπος,

2151 3889 2354 3960 πλῆθος
2405 3888 2708 3960 ἀνθρώπιον
2753 3888 2836 3951 είς
2868 3888 3032 3957 τιμὴν
3075 3886 3173 3939 τοῦ
3209 3884 3348 3938 θεοῦ
3380 3882 3573 3948 καὶτῆς
3597 3880 3676 3947 ἀρ·

2150 3976 2503 4050 χιερωσύνης.
2536 3978 2595 4031 El
2618 3978 2675 4031 δέ
2698 3994 2866 4041 τινες,
2902 3974 3036 4049 φησὶ
3054 4018 3071 4041 ,
3123 3975 3231 4045 πρὸ
3256 3974 3352 4028 τοῦ
3383 3974 3583 4033 κανόνος
3600 3986 3677 4021 κα-

2149 4071 2489 4141 τεστάθησαν
2516 4072 2573 4123 ἐν
2620 4074 2732 4134 τοῖς
2762 4070 3026 4133 τοιούτοις
3072 4069 3383 4131 ἐπίσκοποι,
3417 4066 3487 4137 μὴ
3515 4063 3676 4129 ἐκϐλη-

2150 4162 2398 4233 θήτωσαν
2421 4182 2433 4195 ι
2469 4161 2585 4217 ἀλλ’
2623 4162 2865 4215 εστωσαν
2897 4160 3250 4231 ἐνεργοῦντες
3281 4160 3351 4213 τὰ
3377 4160 3543 4213 πάντα
3568 4150 3676 4224 μετά

2150 4255 2405 4323 είδήσεως
2434 4252 2526 4307 τοῦ
2556 4254 3049 4325 χειροτονήσαντος
3073 4251 3273 4315 αὐτοὺς
3300 4246 3675 4323 μητροπολίτου.

2162 4346 2323 4401 Ἀλλά
2367 4350 2462 4400 καὶ
2492 4346 2543 4399 οί
2586 4346 2972 4417 πρεσϐύτεροι,
3006 4348 3177 4415 φησὶ,
3220 4346 3387 4414 μηδέν
3416 4343 3537 4397 ἀνευ
3560 4335 3673 4406 γνὼ-

2156 4454 2263 4508 μης
2292 4435 2386 4490 τοῦ
2428 4438 2729 4489 ἐπισκόπου
2760 4435 3367 4505 πραττέτωσαν.Ταύτα
3386 4432 3474 4485 τοῦ
3493 4430 3676 4488 κανόνος

500 4533 641 4585 niam
677 4530 742 4584 ad
774 4528 865 4582 Dei
893 4537 948 4581 et
973 4527 1311 4595 episcopatus
1344 4524 1511 4594 vergit
1534 4525 1788 4593 dedecus,
1837 4525 1882 4581 si
1932 4526 2049 4595 epi-

2155 4529 2537 4599 διοριζομόνου,
2578 4525 2722 4580 εἴποι
2750 4544 2853 4591 τις,
2876 4530 2975 4594 τῆς
2996 4528 3202 4591 ἐννοίας
3236 4528 3423 4581 τούτου
3453 4536 3677 4579 κατεστο-

498 4639 693 4690 scopns
723 4623 912 4689 exiguo
943 4617 1135 4688 popqu
1160 4618 1359 4685 praesit.
1384 4626 1438 4673 et
1475 4617 1594 4671 ideo
1625 4627 1997 4672 contemnatur
2032 4635 2046 4673 :

501 4715 665 4767 nmlto
716 4712 884 4781 magis
938 4726 1040 4765 non
1078 4716 1161 4763 est
1194 4711 1258 4761 ad
1295 4708 1387 4763 Dei
1422 4709 1697 4772 honorem,
1733 4708 1776 4763 si
1827 4709 2051 4765 antistes

500 4814 712 4874 propter
736 4810 1097 4872 paupertatem
1126 4809 1214 4853 eat
1248 4802 1427 4870 pedes.
1457 4811 1511 4854 et
1538 4802 1775 4869 privetur
1802 4816 2049 4856 necessa-

502 4895 613 4946 riis.
648 4893 902 4958 Quocirca
938 4890 991 4944 in
1036 4889 1289 4944 Ecclesiis
1317 4886 1682 4943 Orientalibus
1706 4928 1722 4952 ,
1775 4890 1827 4943 in
1860 4893 2059 4960 quibus

498 5000 602 5039 non
636 4982 919 5051 admodum
956 4980 1107 5035 multi
1164 4980 1509 5035 inveniuntur
1562 4979 1847 5035 Christiani
1879 5022 1893 5045 ,
1938 4985 2053 5052 epi-

498 5089 689 5144 scopos
721 5073 841 5142 eligi
868 5083 1037 5126 tntum
1069 5088 1171 5125 non
1205 5082 1308 5126 est.
1348 5070 1481 5126 Sunt
1503 5082 1681 5127 autem
1709 5073 2051 5141 circuitores,

496 5167 583 5237 qui
620 5166 780 5220 hodie
817 5167 881 5217 ah
912 5163 1175 5234 episcopis
1203 5175 1587 5234 promoventur
1610 5162 1775 5235 480
1812 5166 2053 5222 exarchi.

497 5256 559 5310 Hi
590 5257 733 5311 enim
758 5255 1281 5321 circumcursant,et
1306 5254 1498 5310 delicta
1521 5260 1713 5311 animm
1746 5258 2054 5326 observant,

377 5349 387 5355 “
493 5362 546 5403 et
562 5349 743 5404 ﬁdeles
764 5348 1064 5418 perﬁciunt.
1082 5346 1217 5416 Lege
1235 5348 1393 5402 etiam
1416 5346 1626 5402 sextum
1650 5364 1907 5406 canonent
1932 5353 2059 5407 Sar-

495 5442 724 5497 dicensil
742 5438 953 5509 synOtli.

2157 4619 2473 4690 χαζόμενος.
2501 4618 2598 4682 ώς,
2629 4619 2749 4671 ἐπεὶ
2780 4621 2971 4686 ἀτιμία
2999 4616 3092 4670 τοῦ
3123 4617 3259 4671 Θεοῦ
3297 4616 3499 4684 καὶτῆς
3528 4612 3679 4682 ἀρχιε-

2159 4711 2403 4782 ρωσύνης
2443 4712 2560 4764 ἐστὶ
2606 4712 2666 4763 τὸ
2700 4709 3059 4779 προΐστασθαι
3120 4710 3210 4762 τὸν
3243 4711 3530 4762 ἐπίσκοπον
3572 4700 3677 4755 λαοῦ

2156 4801 2357 4870 ὀλίγου,
2423 4801 2715 4856 κάντεῦθεν
2776 4797 2916 4853 εἶναι
2963 4801 3474 4870 εὐκαταφρόνητον·
3532 4788 3678 4857 πολλῷ

2153 4893 2317 4946 πλέον
2346 4892 2447 4946 ούκ
2496 4892 2650 4945 ἔσται
2676 4871 2813 4963 πρός
2843 4890 3007 4964 τιμὴν
3033 4892 3127 4945 τοῦ
3154 4892 3289 4944 Θεοῦ
3320 4892 3379 4942 τὸ
3411 4889 3533 4956 πεζῇ
3560 4880 3679 4953 paet-

2151 4983 2265 5049 ζειν
2287 4984 2550 5055 ἀρχιερέα
2592 4982 2681 5037 διά
2712 4985 2903 5036 πενίαν
2936 4985 3029 5036 καί
3061 4983 3372 5050 στερείσθαι
3410 4981 3509 5037 τῶν
3536 4980 3669 5039 ἀνᾶγ’

2152 5078 2341 5131 καίων.
2369 5077 2529 5130 Ὅθεν
2558 5076 2617 5129 τδ
2654 5075 2989 5146 ψηφίζεσθαι
3025 5076 3356 5135 ἐπισκόπους
3406 5072 3481 5132 είς
3507 5064 3674 5132 ἐκκληο

2160 5169 2281 5231 σίας
2308 5170 2650 5232 ἀνπολικάς,
2694 5172 2773 5233 είς
2826 5169 2897 5233 ἃς
2944 5169 3154 5239 μέτριοι
3209 5171 3350 5223 πάνυ
3377 5168 3677 5238 εὑρίσκονται

2161 5260 2501 5335 Χριστιανοὶ,
2544 5262 2644 5315 οὐκ
2675 5260 2934 5330 ἀσφαλές.
2982 5261 3332 5333 Περιοδευταλ⁸
3386 5260 3440 5313 δέ
3482 5258 3602 5309 εἰσιν
3637 5249 3677 5301 at

2166 5356 2402 5427 σήμερον
2428 5353 2856 5424 προσαλλόμενοι
2906 5355 3058 5425 παρά
3087 5355 3193 5407 τῶν
3224 5350 3520 5408 ἐπισκόπων
3548 5345 3677 5412 ἔξαρ⁶

2165 5465 2273 5520 χοι.
2304 5443 2461 5503 Οὗτοι
2490 5450 2598 5518 τάρ
2625 5448 2999 5519 περιοδεύουσι
3034 5450 3129 5503 καὶ
3174 5448 3481 5521 ἐπιτηροῦσι
3506 5446 3566 5498 τὰ
3591 5440 3675 5510 ψυ-

493 5536 624 5605 χικα
674 5533 984 5601 σφάλματα,
1042 5531 1135 5585 καὶ
1185 5536 1566 5607 καταρτίςουσι
1598 5537 1726 5603 τοὺς
1780 5539 2004 5603 πιστούς
2030 5555 2045 5573 ·
2093 5540 2368 5611 ἀνάγνωθι
2422 5543 2633 5595 καὶτὸν
2686 5540 2739 5606 ς’
2785 5544 2986 5597 κανόνα
3039 5546 3139 5615 τῆς
3172 5545 3229 5598 ἐν
3292 5543 3515 5614 Σαρδικῇ
3571 5549 3675 5591 συν’

494 5629 633 5682 ὁδου.

566 5716 814 5775 ZONAR.
847 5718 1054 5775 Eximia
1078 5728 1161 5775 est
1188 5720 1385 5775 summi
1433 5723 1729 5780 sacerdmis
1778 5726 2007 5797 dignitas
2037 5746 2054 5786 :

492 5823 547 5865 at.
578 5813 620 5868 si
648 5812 705 5865 in
739 5810 888 5871 vico.
920 5822 1010 5864 aut
1062 5812 1112 5865 in
1146 5810 1360 5881 regione
1387 5851 1401 5877 ,
1446 5810 1495 5865 itt
1529 5826 1631 5881 qua
1683 5829 1854 5884 neque
1896 5818 2057 5874 urbes

2238 5722 2483 5777 ZONAP.
2519 5722 2592 5775 Τὸ
2618 5722 2999 5794 ἀρχιερατικδν
3050 5726 3265 5797 ἀξίωμα
3316 5726 3517 5795 ἔντιμόν
3545 5726 3672 5776 ἐστι’

2162 5814 2295 5869 τὸδέ
2320 5815 2376 5867 ἐν
2422 5815 2581 5888 κώμῃ
2609 5815 2640 5885 ἢ
2668 5817 2727 5869 ἐν
2756 5815 2930 5887 χώρᾳ,
2972 5815 3099 5871 ἔνθα
3152 5820 3226 5890 μη
3262 5819 3407 5881 πόλις
3436 5817 3537 5869 ἐστὶ
3564 5811 3673 5884 μηδὲ
