3982 6494
312 404 460 483 1417

322 630 411 667 τον
440 612 537 681 τὴν
564 607 973 680 ἀρχιερωσύνην
1009 606 1166 658 ποιεῖ,
1207 603 1293 655 Διὸ
1324 603 1415 653 καὶ
1456 602 1483 652 ό
1514 598 1695 651 κανὼν
1725 593 1880 659 οὗτος

322 704 515 756 κωλύει
546 705 724 761 τοῦτο,
767 700 794 752 δ
824 701 913 752 καὶ
954 699 981 750 ὁ
1012 698 1169 755 ἕκτος
1198 693 1378 747 κανὼν
1428 693 1527 760 τῆς
1560 690 1618 741 ἐν
1640 688 1876 758 Σαρδικῇ

326 795 544 847 συνόδου
576 792 883 855 διετάξατο·
934 788 1178 857 γίνεσθαι
1231 786 1287 840 δέ
1314 781 1666 852 περιοδευτὰς
1696 781 1752 831 ἐν
1776 780 1882 831 κώ-

324 903 455 959 μαις
490 887 582 939 καὶ
627 885 832 954 χώραις
858 860 1249 936 διακελεύεται.
1300 874 1652 945 Περιοδευταὶ
1706 872 1760 925 δὲ
1793 872 1880 925 λέ-

300 974 531 1047 ⁴γοντσιι,
565 976 652 1029 διὰ
680 975 739 1027 τὸ
793 973 1178 1044 περιέρχεσθαι
1231 970 1322 1023 καὶ
1371 966 1723 1037 καταρτίξειν
1755 963 1881 1026 τοὺς

325 1068 566 1129 πιστοὺς,
602 1065 673 1133 μὴ
703 1063 915 1133 ἔχοντες
968 1061 1236 1131 καθέδραν
1263 1059 1489 1112 οἰκείαν.
1537 1056 1600 1109 Εἰ
1630 1054 1687 1109 δέ
1716 1071 1879 1119 τινες,

326 1159 476 1227 φησὶ,
512 1158 621 1227 πρὸ
651 1158 743 1208 τοῦ
777 1155 995 1216 κανόνος
1044 1150 1452 1219 κατεστάθησαν
1480 1149 1535 1199 ἐν
1570 1148 1681 1206 τοῖς
1706 1143 1881 1195 τοιούο

326 1265 438 1310 τοις
494 1249 679 1310 τόποις
737 1246 1048 1308 ἐπίσκοποι,
1107 1242 1271 1312 μηδὲν
1316 1238 1703 1310 πραττέτωσαν
1755 1236 1882 1289 ἄνευ

326 1340 547 1411 γνώμης
578 1339 671 1393 τοῦ
703 1338 998 1392 ἐπισκόπου
1028 1336 1124 1403 τῆς
1148 1334 1372 1395 πόλεως,
1416 1331 1481 1384 δι’
1510 1322 1571 1382 οὗ
1615 1331 1885 1397 ἐχειροτο-

272 1432 280 1494 Ξ
326 1432 588 1503 νήθησαν.
623 1430 730 1482 Καὶ
777 1430 824 1480 οἱ
857 1425 1214 1496 πρεσόύτεροι
1261 1424 1316 1477 δὲ
1356 1423 1508 1490 φησὶ,
1567 1419 1729 1490 μηδὲν
1755 1418 1883 1485 ἄνευ

327 1521 546 1591 γνώμης
572 1520 663 1575 τοῦ
694 1520 990 1573 ἐπισκόπου
1024 1515 1431 1586 πραττέτωσαν.

328 1781 549 1845 ΔΡΙΣΤ.
597 1798 614 1830 ι
639 1780 734 1841 Εἰς
758 1777 1004 1847 κώμηνῆ
1039 1776 1116 1837 είς
1150 1773 1345 1844 χωρίον
1382 1771 1676 1832 ἐπίσκοπος
1705 1770 1764 1821 οὐ
1791 1786 1887 1821 κα·-

406 1895 424 1925 σ
455 1875 724 1937 θίσταται,
757 1872 891 1924 ἀλλὰ
914 1870 1259 1940 περιοδευτής
1282 1885 1296 1899 ’
1327 1868 1378 1951 εί
1404 1865 1459 1918 δέ
1502 1883 1585 1929 τις
1626 1865 1884 1931 κατέστη,
1921 1895 1961 1951 Β

406 1990 424 2018 ι
467 1969 539 2036 μή
579 1983 630 2018 τι
681 1963 948 2017 διοικελίτω
998 1962 1092 2016 τοῦ
1143 1938 1440 2013 ἐπισκόπου
1477 1958 1601 2027 δίχα
1650 1957 1746 2025 τῆς
1796 1955 1891 2007 πό-

400 2077 422 2108 4
458 2058 611 2117 λεως.
633 2075 651 2107 ι

413 2150 502 2202 Ἑν
545 2148 711 2223 κώμῃ
737 2149 841 2201 τινὶ
877 2148 910 2218 ἢ
941 2148 1034 2200 καὶ
1086 2145 1313 2217 βραχείᾳ
1340 2144 1512 2210 πόλει,
1546 2138 1659 2215 ἐνῇ
1689 2142 1781 2196 καὶ
1809 2138 1891 2202 εἷς

332 2242 703 2314 πρεσόύτερος
767 2241 1031 2310 ἐπαρκεῖ,
1080 2239 1177 2290 οὐκ
1238 2238 1534 2304 ἀναγκαῖον
1591 2234 1891 2286 ἐπίσκοπον

333 2332 598 2403 γίνεσθαι,
633 2332 722 2386 ἵνα
768 2330 840 2401 μὴ
876 2330 935 2383 τὸ
963 2329 1059 2382 τοῦ
1099 2328 1396 2383 ἐπισκόπου
1442 2324 1891 2391 κατευτελίζηται

332 2425 519 2493 ὖνομα,
541 2422 677 2476 ἀλλὰ
707 2420 1074 2492 περιοδευτὰς,
1117 2419 1208 2479 οὓς
1238 2421 1332 2472 καὶ
1356 2415 1617 2497 ἐξάρχους
1652 2421 1892 2484 σήμερον

322 2516 712 2585 ὀνομάζουσιν,
760 2516 840 2577 είς
889 2513 1173 2583 διόρθωσιν
1205 2512 1314 2570 τῶν
1339 2512 1585 2581 ψυχικῶν
1642 2509 1893 2578 σφαλμά-

336 2627 442 2663 των
467 2607 782 2660 στέλλεσθαι
838 2607 894 2659 ἐν
916 2606 1125 2667 αὐταῖς.
1166 2602 1225 2656 Εἰ
1257 2603 1312 2656 δέ
1345 2619 1487 2664 τινες
1518 2601 1890 2673 προεγένοντο.

335 2704 436 2772 τῆς
459 2701 625 2771 τιμῆς
668 2700 763 2769 μὲν
800 2696 1314 2768 μετακινείσθωσαν,
1366 2694 1528 2764 μηδὲν
1572 2692 1630 2746 δέ
1676 2710 1728 2744 τι
1775 2693 1897 2743 ἐπι-

250 2802 255 2809 ’
336 2795 598 2848 σκοπικδν
626 2791 996 2844 διοικείτωσαν
1024 2789 1147 2858 δίχα
1195 2772 1427 2857 γνίμης
1452 2785 1544 2837 τοῦ
1593 2784 1894 2838 ἐπισκόπου

336 2887 438 2957 τῆς
472 2885 681 2947 πόλεως
711 2876 746 2955 ᾗ
773 2884 1090 2935 ὑπόκεινται
1121 2874 1307 2935 αὗται.

914 2972 1153 3025 ΚΑΝΩΝ
1188 2971 1321 3024 Nll’.

340 3087 368 3125 ,ο
407 3066 609 3121 Ὅτιού
633 3066 714 3120 δεῖ
743 3066 799 3116 ἐν
826 3067 936 3128 τοῖς
957 3064 1123 3126 οἴκοις
1150 3060 1462 3136 προσφορὰν
1483 3060 1900 3130 γίνεσθαιμπαρὰ

654 3174 673 3207 ι
703 3155 1015 3208 ἐπισκόπων
1046 3153 1079 3223 ἢ
1116 3151 1522 3224 πρεσϐυτέρων.
1562 3169 1584 3205 ι

1464 388 1557 463 ῚΝ
1597 393 1758 453 CAN.
1792 392 1920 459 LIX
1958 392 2165 453 CONC.
2196 393 2407 457 LAOD.

323 521 522 588 πλῆθος
550 514 870 588 ἀνθρώπων,
903 511 1145 582 γίνεσθαι
1189 508 1521 568 ἐπισκόπους
1549 505 1889 574 καταφρόνη-
1914 525 1957 571 Α

2000 519 2171 574 neque
2205 505 2308 559 ulla
2334 503 2607 571 hominum
2626 506 2927 579 frequentia
2954 518 3058 574 est,
3085 509 3318 596 episcopi
3348 513 3549 569 consti-

1986 603 2224 661 tuantur,
2255 613 2318 652 ex
2363 613 2427 653 eo
2467 600 2661 653 summi
2714 603 3000 656 sacerdotii
3053 603 3366 672 dignitatem
3414 602 3547 656 vile-

1984 702 2136 742 scere
2168 703 2385 744 necesse
2409 688 2587 745 fuerit.
2615 689 2843 746 Proinde
2875 694 2925 746 id
2966 709 3030 747 ne
3062 694 3149 747 ﬁat
3180 734 3194 757 ,
3232 704 3340 747 tuttt
3390 694 3551 767 hujus

1984 780 2208 835 canonis
2267 780 2524 845 decreto,
2593 792 2704 835 tum
2750 793 2905 840 sexto
2945 800 3157 861 quoque
3218 785 3553 841 Sardicensis

1985 868 2178 939 synodi
2207 886 2414 924 canone
2437 873 2787 927 constitutum
2836 887 2920 931 εει
2953 894 2967 928 :
3004 877 3319 931 circuitores
3341 893 3469 932 vero
3498 879 3551 941 in

1988 962 2138 1032 pagis
2181 974 2237 1018 et
2288 964 2600 1034 regionibus
2652 966 2916 1035 designari
2964 967 3162 1035 placet.
3222 967 3554 1033 Circuitores

1987 1064 2167 1136 autem
2195 1070 2257 1112 ex
2286 1072 2351 1111 eo
2377 1058 2502 1110 dicti
2535 1096 2551 1125 ,
2582 1059 2719 1126 quod
2754 1060 2935 1114 nullibi
2956 1048 3225 1133 propriam
3255 1064 3436 1119 sedem
3469 1079 3557 1123 ca-

1989 1147 2337 1217 tltedrantque
2356 1147 2635 1210 habentes,
2676 1148 2778 1202 huc
2802 1149 2999 1204 etilluc
3028 1150 3273 1205 ﬁdelibus
3303 1153 3353 1205 in
3380 1153 3555 1211 allicit)

1987 1238 2324 1293 continendis
2354 1250 2630 1307 vagentur.
2662 1239 2812 1304 Quod
2851 1241 2894 1296 si
2928 1250 3052 1296 ante
3086 1242 3227 1296 hunc
3268 1248 3555 1313 canonent,

1990 1328 2203 1396 inquit,
2262 1329 2314 1382 in
2360 1328 2625 1398 ejusmodi
2651 1331 2781 1385 locis
2808 1333 3043 1402 episcopi
3090 1333 3251 1403 aliqui
3278 1335 3555 1404 constituti

1987 1428 2149 1481 sunt,
2183 1418 2315 1473 nihil
2338 1420 2415 1473 eis
2439 1422 2683 1489 exsequi,
2717 1422 2923 1491 absque
2971 1424 3086 1493 ejus
3111 1464 3126 1486 ,
3160 1439 3187 1477 a
3246 1440 3353 1495 quo
3388 1427 3556 1487 creati

1987 1518 2134 1575 sunt,
2160 1510 2345 1563 urbani
2375 1512 2608 1580 episcopi
2639 1514 2895 1571 facultate
2934 1530 3251 1570 concessum
3288 1516 3377 1570 sit.
3402 1516 3558 1581 Quod

1990 1600 2171 1665 idem,
2212 1611 2273 1654 ut
2322 1616 2388 1655 ne
2437 1603 2564 1671 quid
2620 1604 2825 1658 scilicet
2855 1606 3157 1659 inconsulto
3188 1608 3443 1677 episcopo
3478 1606 3561 1661 l‘a-

1990 1692 2157 1754 ciant,
2183 1708 2209 1745 a
2244 1695 2617 1749 sacerdotibus
2655 1711 2866 1766 quoque
2902 1697 3106 1751 servari
3138 1698 3333 1765 placet.

1991 1779 2213 1876 ARIS'II‘.
2244 1803 2263 1836 ι
2302 1785 2354 1839 In
2390 1787 2511 1840 vico
2542 1788 2623 1839 Vel
2661 1804 2793 1855 pago
2826 1791 3112 1859 episcopus
3140 1805 3246 1842 non
3281 1790 3563 1851 constitui-

2072 1893 2089 1925 ι
2131 1886 2217 1931 tur
2243 1918 2258 1943 ,
2286 1880 2377 1933 sed
2420 1880 2696 1933 cit-enitor.
2735 1880 2788 1933 Si
2821 1881 2940 1949 quis
2972 1892 3145 1934 autem
3172 1881 3561 1950 constituitur,

2072 1985 2090 2017 ι
2129 1969 2246 2025 sine
2276 1973 2527 2040 episcopo
2558 1973 2788 2038 civitatis
2821 1972 2952 2041 nihil
2999 1973 3357 2035 adtninistret.
3396 1993 3414 2024 ι

2073 2153 2132 2208 in
2168 2153 2284 2208 vico
2315 2162 2367 2206 ct
2392 2154 2522 2231 urbe
2544 2156 2735 2221 exigua
2780 2157 2827 2207 itt
2861 2170 2961 2225 qua
3012 2166 3065 2207 et
3098 2158 3236 2209 udus
3284 2155 3562 2226 presbyter

1999 2244 2245 2309 suﬂiciat,
2278 2259 2384 2297 non
2412 2258 2631 2297 necesse
2652 2252 2733 2297 est
2774 2244 3078 2313 episc0pttm
3127 2244 3239 2296 lieri
3272 2284 3287 2307 ,
3332 2257 3398 2295 ne
3447 2241 3564 2310 epi-

2001 2328 2149 2406 scopi
2203 2350 2397 2390 nomen
2452 2336 2727 2398 elevetur,
2783 2337 2875 2389 sed
2918 2335 3255 2405 periodeutas
3302 2335 3415 2390 sive
3459 2335 3564 2387 cir-

2000 2431 2253 2492 cuitores,
2291 2442 2425 2496 quos
2448 2436 2501 2481 et
2531 2427 2794 2482 exarcltos
2820 2427 2980 2481 ltodie
3012 2427 3310 2489 nominant,
3344 2426 3407 2479 ad
3453 2425 3565 2496 spi-

2002 2518 2270 2572 ritualium
2303 2526 2649 2585 peccatorum
2680 2516 3071 2569 correctionem
3102 2516 3153 2569 in
3181 2530 3274 2568 eas
3300 2515 3460 2570 mitti.
3491 2503 3563 2567 Si

2002 2612 2090 2681 qui
2125 2620 2302 2663 autem
2332 2618 2488 2660 antea
2525 2606 2649 2659 facti
2679 2605 2911 2675 fuerant,
2941 2610 3143 2659 honore
3170 2606 3383 2674 quidem
3418 2620 3570 2667 amo-

2003 2711 2251 2767 veantur,
2284 2715 2380 2752 nec
2422 2698 2620 2765 aliquid
2666 2698 2973 2767 episcopale
3024 2699 3406 2752 administrent
3453 2698 3571 2757 sine

2004 2795 2262 2862 episcopi,
2290 2791 2379 2860 qui
2413 2790 2614 2843 civitati
2642 2789 2728 2844 cui
2753 2789 2870 2845 ista:
2896 2789 3181 2858 subjacettl
3234 2801 3448 2859 praest,
3481 2806 3572 2855 vo-

2005 2886 2229 2940 lutttate.

2553 2980 2780 3036 CANON
2832 2980 3015 3036 LVIII.
3380 3028 3381 3035 η

2014 3086 2033 3120 ι
2064 3068 2215 3134 Quod
2244 3085 2347 3123 non
2382 3083 2593 3141 oportet
2621 3075 2672 3127 in
2709 3074 2956 3128 domibus
2984 3072 3098 3127 ﬁeri
3147 3073 3472 3134 oblationem
3502 3072 3571 3137 ab

2361 3181 2381 3214 ι
2418 3166 2683 3235 episcopis
2707 3167 2786 3221 vel
2816 3166 3159 3237 presbyteris.
3200 3185 3219 3221 ι

405 3250 600 3303 ΒΔΛΣ.
638 3248 809 3300 Τοῦτο
859 3244 1173 3315 ἐξεχωρήθη
1228 3244 1335 3297 ἀπὸ
1384 3243 1604 3313 Νεαρᾶς
1637 3242 1731 3296 τοῦ
1756 3243 1902 3315 βασι.

2079 3253 2274 3309 BALS.
2307 3254 2419 3310 Hoc
2450 3256 2773 3325 permissum
2809 3268 2892 3312 est
2919 3272 2947 3311 a
2984 3258 3188 3311 novtlla
3232 3259 3573 3327 imperatoris

340 3342 480 3405 λέως
534 3337 702 3409 κυροῦ
732 3338 956 3399 Λέοντος
978 3335 1073 3389 τοῦ
1103 3332 1296 3407 Σοφοῦ.
1339 3333 1637 3402 ’Δνάγνωθι
1663 3334 1755 3386 καὶ
1787 3351 1909 3388 συν-

342 3432 464 3485 όδου
493 3436 547 3493 ς’
569 3429 765 3483 κανόνα
783 3426 863 3481 λα’
893 3427 987 3480 καὶ
1024 3425 1123 3480 νϐ’.
1596 3478 1611 3489 ,

416 3519 655 3576 ΖΩΝΑΡ.
680 3518 948 3589 Εὔχεσθαι
982 3521 1080 3589 μὲν
1109 3519 1386 3590 πανταχοῦ
1417 3520 1543 3583 τοὺς
1588 3522 1811 3585 πιστοὺς
1844 3523 1904 3575 οὐ

340 3613 670 3679 κεκώλυται,
723 3614 815 3666 καὶ
866 3613 923 3664 ἐν
972 3613 1159 3677 οῐκοις,
1206 3613 1301 3667 καὶ
1351 3613 1411 3663 ἐν
1462 3595 1674 3683 ἀγροῖς,
1725 3614 1820 3668 καὶ
1849 3615 1907 3667 ἐν

348 3704 512 3758 παντὶ
541 3703 691 3773 τόπῳ
745 3702 843 3772 τῆς
873 3701 1192 3765 δεσποτείας
1222 3700 1387 3754 αὐτοῦ
1408 3717 1421 3732 ’
1456 3702 1787 3773 προσφέρειν
1819 3703 1899 3768 δέ,

336 3799 512 3867 ἥγσυν
546 3794 911 3865 προσκομιδὴν
946 3797 1138 3861 ποιεῖν,
1168 3795 1218 3848 εί
1268 3795 1343 3866 μὴ
1368 3796 1425 3848 ἐν
1457 3794 1571 3863 ναῷ
1599 3795 1693 3848 καὶ
1724 3797 1909 3849 θυσια-

348 3886 555 3959 στηρίῳ
602 3887 661 3939 οὐ
689 3886 788 3938 δεῖ.
829 3883 965 3940 Οὔτε
995 3883 1088 3945 οὖν
1138 3885 1461 3949 ἐπισκόποις
1503 3884 1630 3939 οὔτε
1662 3886 1908 3955 πρεσϐυ-

344 3980 527 4049 τέροις
560 3978 883 4048 παραχωρεῖ
912 3976 1073 4029 τοῦτο
1100 3978 1297 4030 ποιεῖν.

343 4159 565 4224 ΔΡΙΣΤ.
611 4176 630 4209 ι
686 4156 1008 4221 Ἐπίσκοπος
1056 4158 1089 4225 ἢ
1130 4157 1498 4229 πρεσϐύτερος
1523 4160 1604 4221 είς
1644 4164 1793 4210 οἰκον
1832 4158 1906 4226 μὴ

878 4268 896 4301 ι
938 4250 1314 4319 προσφερέτω.
1352 4269 1370 4301 ι
1834 4234 1837 4235 ν

388 4330 513 4405 ίΕἰς
547 4338 755 4413 οἷκονὴ
802 4342 1141 4410 ἀναίμακτος
1191 4342 1253 4394 οὐ
1301 4341 1538 4397 τελεῖται
1568 4341 1732 4394 θυσία
1782 4340 1909 4394 οὔτε

346 4437 475 4506 παρ’
505 4434 801 4488 ἐπισκόπου
837 4435 869 4503 ἦ
897 4432 1268 4503 πρεσϐυτέρου
1292 4449 1305 4461 ·
1335 4433 1450 4484 ἀλλ’
1477 4435 1533 4485 ἐν
1554 4436 1618 4503 τῇ
1648 4432 1908 4504 καθολικῇ

343 4525 610 4596 ἐκκλησίᾳ
663 4524 992 4593 προσφέρειν
1025 4523 1126 4576 δεῖ.
1163 4522 1305 4593 Πλὴν
1335 4525 1363 4575 ό
1413 4523 1726 4591 τριακοστὸς
1760 4525 1911 4595 πρῶ-

346 4633 437 4679 τος
470 4616 648 4667 κανὼν
672 4615 769 4683 τῆς
818 4615 875 4663 ἐν
925 4611 1002 4683 τῷ
1023 4610 1278 4681 Τρού).λῳ
1329 4611 1493 4681 ἕκτης
1532 4612 1748 4673 συνόδου
1784 4628 1914 4678 συγ-

348 4706 514 4777 χωρεί
566 4704 705 4756 κατὰ
758 4701 983 4770 γνώμην
1033 4700 1126 4752 τοῦ
1165 4701 1466 4753 ἐπισκόπου
1545 4701 1639 4753 καὶ
1688 4703 1745 4753 ἐν
1802 4703 1916 4763 τοῖς

346 4797 657 4868 εὐκτηρίοις
685 4797 854 4857 οἴκοις
883 4798 997 4858 τοῖς
1029 4794 1177 4848 ἔνδον
1226 4796 1407 4859 οἰκίας
1456 4796 1785 4865 τυγχάνουσι
1810 4797 1919 4849 λει-

2012 3348 2210 3423 domini
2239 3348 2443 3404 Leonis
2472 3348 2764 3420 Sapientis.
2788 3348 2929 3419 Lege
2956 3360 3010 3418 et
3032 3351 3217 3421 synodi
3249 3342 3479 3413 canones
3506 3352 3569 3415 5t

2010 3449 2065 3494 et
2097 3440 2188 3496 59.
3094 3450 3101 3455 '

2083 3531 2335 3587 ZONAR.
2366 3532 2473 3586 Deo
2512 3531 2838 3607 supplicare,
2869 3533 3379 3603 precationibusqtte
3403 3535 3577 3595 inten-

2013 3636 2096 3681 tos
2124 3641 2264 3691 esse,
2296 3624 2598 3692 ubicunque
2625 3633 2736 3678 tum
2771 3625 2824 3692 in
2857 3625 3102 3681 domibus
3127 3665 3142 3688 ,
3179 3636 3286 3679 tttttt
3324 3627 3378 3680 itt
3411 3641 3573 3698 agro.

2013 3724 2122 3769 tum
2152 3715 2204 3769 itt
2236 3715 2383 3769 omni
2415 3714 2533 3771 loco
2560 3713 2938 3770 dominationis
2981 3716 3096 3785 ejus
3124 3755 3138 3777 ,
3172 3702 3415 3770 lidelibus
3444 3702 3576 3775 cott-

2010 3822 2223 3861 cessum
2271 3816 2398 3863 est:
2433 3805 2626 3862 offerre
2656 3817 2834 3879 autem
2887 3807 2998 3861 sive
3040 3808 3363 3879 oblationem
3386 3847 3406 3881 ,
3445 3823 3581 3877 prau-

1970 3948 1977 3955 ,
2014 3907 2253 3967 terquam
2290 3902 2340 3952 itt
2371 3899 2566 3967 templo
2593 3908 2646 3967 e_t
2683 3899 2880 3961 altari,
2916 3912 3182 3979 peragere
3239 3913 3577 3967 nequaquattt

2011 3998 2245 4058 oportet.
2279 3988 2511 4043 Proinde
2561 4004 2622 4059 ea
2679 3989 2934 4044 facultate
2985 3990 3188 4057 pariter
3232 3984 3495 4065 episcopis
3527 4002 3581 4051 et

2014 4078 2344 4149 presbyteris
2368 4080 2716 4134 interdictum
2751 4092 2874 4134 esse
2905 4096 3074 4137 canon
3105 4081 3365 4141 decernit.

2014 4170 2237 4226 ARIST.
2267 4191 2285 4222 ι
2326 4173 2621 4241 Episcopus
2649 4172 2725 4225 vel
2746 4176 3031 4251 presbyter
3060 4174 3111 4227 in
3131 4174 3352 4244 privatis
3375 4168 3577 4243 gradibus

2526 4253 2530 4257 ’
2596 4283 2616 4315 ‹
2654 4280 2718 4319 tte
2746 4263 2957 4319 oﬂ‘etat.
2990 4284 3010 4321 ο
3118 4256 3135 4309 Ῐ

2089 4360 2148 4411 ltt
2182 4358 2340 4412 domo
2374 4359 2716 4431 incruentum
2744 4374 2849 4431 non
2883 4360 3160 4429 peragitur
3212 4359 3536 4427 sacriﬁcium
3564 4399 3580 4422 ,

2016 4464 2115 4504 nec
2147 4452 2214 4503 ab
2243 4451 2494 4519 episcopo
2525 4428 2623 4504 nec
2675 4452 2992 4522 presbytero
3019 4489 3036 4513 ,
3073 4453 3165 4505 sed
3219 4453 3271 4504 in
3321 4452 3581 4515 catholica

1944 4584 1987 4638 Β
2015 4541 2232 4598 ecclesi:
2267 4542 2461 4600 oﬁerre
2492 4551 2723 4610 oportet.
2752 4543 2856 4598 Sed
2884 4543 3185 4598 tricesimus
3215 4545 3419 4612 primus
3455 4561 3583 4597 scex-

2020 4644 2084 4697 ta:
2134 4633 2184 4684 in
2229 4630 2412 4698 Trullo
2441 4632 2630 4702 synodi
2661 4645 2834 4686 canon
2870 4633 3163 4702 permittit,
3207 4634 3459 4702 episcopo
3495 4650 3584 4687 vo-

2016 4726 2182 4787 lente,
2215 4732 2267 4775 et
2296 4723 2348 4777 itt
2378 4724 2585 4785 aedibus
2617 4724 2862 4789 oratoriis
2904 4740 3023 4792 quac
3057 4736 3181 4779 sunt
3210 4726 3349 4798 intra
3375 4729 3584 4787 domos,

2015 4833 2169 4873 sacra
2200 4816 2499 4875 ministeria
2532 4833 2815 4887 peragere,
2858 4818 3184 4887 baptismum
3246 4832 3425 4888 aptent
3483 4838 3585 4873 non

346 4891 601 4960 τουργίας
626 4886 897 4940 τελεῖσθαι
921 4899 934 4912 ·
974 4884 1257 4956 βάπτισμα
1280 4885 1338 4951 δέ
1371 4885 1497 4954 μηδ’
1521 4886 1655 4951 ὅλως
1677 4903 1691 4918 ⁸
1716 4887 1831 4939 ἀλλ’
1861 4888 1902 4951 ἐι

2014 4911 2271 4975 omnino;
2306 4910 2398 4967 sed
2426 4925 2519 4964 eos
2548 4910 2638 4979 qui
2670 4913 2973 4979 baptizandi
3024 4922 3148 4966 sunt
3171 4953 3186 4978 ,
3221 4914 3272 4966 in
3306 4915 3587 4969 catholicis

263 5001 275 5011 ·
346 4985 464 5043 ταῖς
497 4980 811 5041 καθολικαῖς
833 4979 927 5031 καὶ⁸
957 4978 1144 5047 μόναις
1178 4977 1497 5047 ἐκκλησίαις
1528 4978 1622 5041 τοῦ
1648 4979 1917 5049 ἀχράντου

349 5050 735 5130 καταξιοῦσθαι
767 5066 1111 5135 φωτίσματος
1130 5066 1254 5128 τοὺς
1293 5066 1582 5136 μέλλοντας
1617 5067 1915 5137 βαπτισθῆ-

349 5174 468 5211 ναι·
502 5158 575 5221 ώς
628 5161 656 5211 ὁ
687 5160 1047 5226 πεντηκοστὸς
1094 5158 1314 5222 ἕννατος
1366 5162 1545 5212 κανών
1578 5161 1692 5235 ’τῆς
1743 5160 1912 5230 αὐτῆς

353 5249 569 5301 συνόδου
595 5248 971 5319 διαλαμϐάνει.
1400 5242 1403 5309 ί
1546 5306 1552 5313 .
1634 5238 1639 5247 ’

920 5341 1159 5405 ΚΑΝῼΝ
1214 5339 1343 5396 ΝΘ’.

357 5452 375 5484 ι
415 5433 535 5486 ’Ότι
589 5431 646 5483 οὐ
680 5430 759 5483 δεῖ
796 5432 1095 5496 ἰδιωτικοὺς
1141 5433 1387 5504 ψαλμοὺς
1423 5436 1538 5507 (74)
1568 5437 1820 5506 λέγεσθαι
1856 5442 1913 5493 ἐν
1982 5454 1985 5457 ·

2016 5010 2072 5054 et
2101 5002 2230 5055 solis
2263 5001 2509 5056 ecclesiis
2542 5002 2816 5071 impolluta
2845 5004 3237 5061 illttntinatione
3275 5005 3465 5075 dignos
3497 5010 3585 5060 [ta-

2017 5091 2171 5154 lteri,
2226 5099 2279 5144 et
2330 5090 2811 5159 quinquagesiutus
2880 5108 3054 5155 nonus
3104 5092 3341 5160 ejusdem
3395 5096 3586 5163 synodi

2017 5183 2225 5241 statuit.

2597 5361 2989 5427 CANONIJX.

2028 5467 2045 5499 ι
2084 5448 2236 5514 Quod
2290 5465 2395 5516 non
2430 5462 2643 5521 Oportet
2683 5454 2922 5521 privatos
2968 5455 3203 5524 psalmos
3251 5456 3304 5510 in
3350 5454 3586 5511 Ecclesia

1565 5574 1753 5636 Guill.
1787 5580 2113 5660 Beveregii
2156 5590 2344 5656 notas.

423 5671 533 5746 (ἰαί)
565 5672 691 5724 Ὀτι
714 5675 784 5746 οὐ
816 5672 907 5737 δεῖ
932 5673 1256 5746 ἰδιωτικοὺς
1285 5679 1581 5746 ψαλμούς.
1618 5676 1902 5737 BalsatnOn

322 5749 407 5803 ,ει
446 5740 684 5796 Zonaras
719 5745 831 5797 haec
868 5746 1024 5814 verba
1066 5745 1131 5795 de
1180 5740 1363 5801 nescio
1401 5740 1597 5814 quibus
1632 5749 1905 5803 Sulotttotti

351 5814 579 5879 piasque
602 5815 850 5880 ascriptis
874 5813 1092 5881 ps.ttntis
1132 5813 1590 5885 interpretantur;
1630 5820 1722 5873 sed
1747 5837 1917 5890 quau.

674 5913 933 5968 l‘arnoe.
970 5912 1086 5970 (in.
1122 5908 1477 5971 CXXXVII.

2010 5684 2295 5759 doqnidcttt
2326 5686 2587 5759 istwuxo‘t
2624 5700 2901 5757 vocentur,
2927 5689 3116 5755 psalmi
3149 5690 3325 5758 potius
3351 5706 3380 5745 a
3410 5691 3589 5759 privv

2015 5755 2086 5806 tis
2121 5755 2402 5828 personis,
2438 5759 2517 5811 vel
2559 5759 2734 5828 ipsius
2766 5755 2981 5828 conetlii
3038 5755 3281 5827 tempore
3318 5755 3585 5815 vel-antea

2026 5826 2335 5893 compositi,
2389 5826 2719 5899 intelligendi
2766 5840 2910 5882 sunt.
2946 5826 3237 5883 Primitivae
3294 5834 3435 5885 enim
3492 5833 3585 5886 lic--

3090 5922 3167 5982 45
