3982 6494
431 500 451 530 σ
484 498 591 543 ται,
623 481 681 541 ὃς
714 481 823 536 ἀπὸ
862 483 1105 546 μείζονος
1138 485 1343 545 πόλεως
1375 487 1453 536 si:

427 588 443 620 ι
484 570 637 623 πόλιν
686 572 985 624 ἐσπούδασε
1022 576 1355 641 μεταστῆναι
1380 590 1392 602 ·
1425 574 1547 626 ὅθεν
1584 575 1913 645 συνέστηκεν

425 678 443 709 ι
481 661 729 733 διαπύρῳ
777 662 1091 731 πλεονεξίας
1139 668 1290 735 τόπῳ
1348 667 1750 721 ύπεκκαίεσθαι
1786 669 1933 731 τοὺς

430 768 450 801 ι
486 754 775 818 τοιούτους,
811 755 903 807 καὶ
956 756 1154 824 μᾶλλον
1184 761 1248 827 τῇ
1302 757 1590 828 ἀλαζονείᾳ
1619 758 1912 823 δουλεύειν,

434 846 627 907 ιηδπως
680 848 927 911 ἐξουσίαν
975 850 1179 903 δοκοῖεν
1232 852 1451 918 μείζονα
1494 850 1816 920 κεκτῆσθαι.
1850 852 1913 904 Εἰ

428 953 447 985 ι
492 937 623 988 πᾶσι
647 939 826 989 τοίνυν
853 940 1011 991 τοῦτο
1039 942 1286 1009 ἀρέσκει.
1320 940 1463 993 ὥστε
1505 942 1605 1011 τὴν
1656 942 1913 1011 τοιαύτην

432 1044 461 1076 ο
490 1028 780 1097 σκαιότητα
810 1031 1206 1102 αὐστηρότερον
1259 1033 1640 1103 exat-meam;
1672 1035 1911 1103 ἡγοῦμαι

435 1136 453 1169 ι
484 1121 591 1190 γὰρ
625 1123 760 1191 μηδὲ
807 1124 1010 1177 λαῖκῶν
1043 1125 1185 1193 ἔχειν
1212 1125 1336 1186 τοὺς
1394 1125 1667 1190 τοιούτους
1716 1128 1911 1197 χρῆναι

402 1213 779 1267 ψκοινωνίαν.
844 1216 1050 1278 Πάντες
1085 1216 1373 1269 ἐπίσκοποι
1429 1215 1615 1271 εἷπον·
1662 1218 1910 1287 Ἀρέσκει

430 1322 449 1353 ι
485 1321 670 1357 πασιν.
698 1324 716 1356 1

422 1396 621 1451 ΒΑΛΣ.
670 1398 801 1466 Περὶ
833 1398 942 1449 τῶν
975 1399 1405 1469 μεταὸαινόντων
1451 1402 1754 1472 ἀρχιερέων
1804 1402 1910 1454 ἀπὸ

352 1488 559 1552 πόλεως
581 1491 657 1551 είς
674 1490 768 1543 πό)
782 1507 829 1543 ιν
854 1491 1167 1561 ἀλλοτρίαν,
1189 1494 1356 1560 ἤγουν
1383 1494 1665 1563 διοίκησιν,
1690 1494 1909 1563 εἴρηται

352 1582 409 1632 ἐν
432 1582 507 1650 τῷ
535 1586 1001 1653 πεντεκαιδεκάτῳ
1035 1585 1131 1648 τῆς
1170 1587 1228 1637 έν
1275 1586 1477 1658 Νικαίᾳ
1518 1586 1761 1645 συνόδου,
1812 1588 1907 1639 καὶ

351 1672 409 1724 ἐν
434 1673 510 1741 τῷ
540 1672 599 1726 ιδ’
638 1676 821 1727 κανόνι
855 1676 962 1727 τῶν
1006 1676 1177 1743 ἁγίων
1209 1678 1549 1741 ἀποστόλω),
1603 1680 1698 1731 καὶ
1745 1679 1804 1729 ἐν
1832 1679 1913 1748 τῷ

352 1766 437 1818 κα¹
484 1768 574 1819 καὶ
604 1768 660 1818 ἐν
686 1768 761 1835 τῷ
787 1768 869 1837 κβ¹
902 1770 999 1837 τῆς
1027 1772 1083 1821 ὲν
1112 1769 1433 1841 Ἀντιοχείᾳ,
1467 1772 1559 1823 καὶ
1588 1772 1646 1823 ὲν
1676 1771 1905 1839 ἑτέροις.

353 1858 896 1929 Καταφρονουμένων
923 1861 977 1914 δὲ
1021 1862 1130 1914 τῶν
1160 1862 1217 1913 ἐν
1253 1863 1435 1924 αὐτοῖς
1477 1866 1906 1933 περιεχομένων,
1943 1838 1984 1894 Β

350 1952 378 2001 ό
403 1951 696 2012 ἐπίσκοπος
721 1953 925 2014 πόλεως
949 1953 1281 2023 Κορδσύδης,
1309 1958 1336 2005 ὁ
1380 1958 1475 2006 καὶ
1503 1957 1685 2017 Ὀσιος
1720 1956 1916 2025 κεκλη-

356 2044 511 2110 μένος
540 2044 626 2095 aii:
659 2042 756 2113 τὴν
787 2044 1095 2114 προσοῦσαν
1126 2044 1274 2115 αύτῴ
1307 2045 1525 2117 ἀρετὴν,
1554 2050 1916 2115 προοιμιασά-

354 2152 514 2203 μενος
544 2134 779 2203 ὀφείλειν
807 2139 985 2191 πᾶσαν
1006 2137 1214 2206 φαύλην
1240 2140 1523 2210 συνήθειαν
1540 2141 1912 2211 ἑκριζοῦσθαι,

353 2229 533 2296 πολλῷ
566 2228 621 2281 δὲ
659 2230 818 2282 πλέον
848 2230 944 2300 τὴν
974 2232 1267 2302 ἀφορῶσαν
1317 2234 1410 2286 καὶ
1460 2237 1541 2301 είς
1573 2236 1913 2304 πραγμάτων

352 2320 819 2403 ἐκκλησιαστικῶν
866 2321 1186 2390 διαφθορὰν,
1240 2324 1488 2393 ἐπήγαγε
1522 2324 1598 2395 μὴ
1646 2325 1791 2399 ἔχειν
1825 2326 1912 2377 ἐπ’

352 2413 533 2476 ἀδείας
569 2415 863 2467 ἐπίσκοπον
896 2415 1194 2484 οἱονδήτινα
1224 2416 1330 2468 ἀπὸ
1383 2415 1587 2476 πόλεως
1638 2418 1720 2477 είς
1756 2417 1912 2469 πόλιν

356 2504 735 2572 μεθίστασθαι.
780 2507 864 2567 Ὠς
904 2506 960 2558 δέ
992 2525 1137 2569 τινος
1165 2509 1410 2571 είπόντος
1444 2510 1816 2577 συγγνωστέον
1838 2507 1915 2564 εἷ-

351 2598 544 2651 ναιτὸν
561 2602 690 2661 ἴσως
715 2598 868 2650 τοῦτο
896 2600 1194 2667 ποιήσαντα
1235 2601 1324 2654 διὰ
1356 2602 1557 2669 τρόπον
1583 2604 1914 2669 ἀγαθὸν,κα“ι

350 2687 437 2740 διὰ
463 2688 525 2741 τὸ
560 2688 763 2754 διδάξαι
798 2690 891 2742 καὶ
920 2690 1167 2759 στηρίξαι
1192 2690 1320 2744 λαὸν
1349 2693 1589 2756 πλείονα,
1617 2694 1913 2762 προσέθετο

352 2780 502 2848 παρὰ
548 2781 655 2831 τῶν
690 2783 1001 2834 ἐπισκόπων
1032 2783 1189 2835 τοῦτο
1224 2782 1525 2853 τολμᾶσθαι
1558 2783 1632 2854 μὴ
1675 2786 1761 2838 διὰ
1792 2787 1915 2855 τρό-

352 2888 452 2923 πον
484 2870 708 2934 ἀγαθὸν,
741 2871 874 2922 ἀλλὰ
902 2872 989 2923 διὰ
1013 2872 1344 2935 πλεονεξίαν,
1386 2873 1417 2943 ἢ
1474 2874 1540 2926 δι’
1571 2873 1907 2937 ἀλαζονείαν,

350 2964 444 3014 καὶ
474 2962 614 3015 ὥστε
670 2962 813 3031 ἔχειν
866 2962 1113 3026 ἐξουσίαν
1175 2964 1400 3032 μείζονα
1455 2965 1547 3017 καὶ
1603 2966 1913 3033 κερδαίνειν

351 3054 590 3110 πλείονα.
625 3057 810 3119 Ούδεῖς
835 3057 964 3126 γὰρ,
1023 3059 1208 3127 φησὶν,
1242 3060 1534 3121 ἐπίσκοπος
1567 3059 1761 3129 εὑρέθη
1803 3059 1913 3113 ἀπὸ

1502 377 1581 436 lN‘
1613 379 1782 439 CAN.
1826 380 1853 438 l'
1887 381 2089 445 CONC.
2129 382 2422 444 SARDIC.

1501 487 1917 554 ἐλαχιστοτέραν
1946 504 1992 556 Α

3438 382 3454 436 l
3478 383 3572 444 ι’ῗϐ

2092 506 2110 538 ι
2149 492 2370 545 civitate
2401 491 2450 541 in
2486 490 2743 543 minorem
2799 489 3027 542 transire
3080 488 3344 541 studuerit
3381 506 3396 542 :
3434 494 3576 542 ttude

2095 597 2115 631 ι
2152 580 2397 633 constitit
2445 594 2536 633 eos
2579 579 2781 631 ardenti
2818 580 2966 645 plura
3019 578 3250 633 habendi
3282 579 3576 648 cupiditate

2092 690 2110 724 ι
2149 672 2436 735 succendi,
2466 680 2519 724 ct
2548 673 2717 739 magis
2749 666 3072 737 arrogantiae
3105 670 3309 723 servire
3338 709 3354 727 .
3395 678 3453 724 ut
3498 669 3576 722 vi-

2094 782 2112 814 ι
2150 763 2377 817 deantnr
2407 762 2661 831 majorem
2712 762 2906 816 habere
2950 770 3290 829 potestatem.
3324 759 3576 814 Placetne

2092 872 2111 904 ι
2154 856 2254 908 hoc
2276 854 2548 915 omnibus,
2581 864 2639 907 ut
2666 853 2926 919 ejusmodi
2983 852 3293 921 improbitas
3328 854 3576 907 acerbius

2091 965 2110 997 ι
2146 945 2484 999 vindicetur?
2512 946 2758 998 existimo
2778 946 2922 999 enim
2950 959 3044 998 eos
3076 959 3142 997 ne
3172 944 3426 997 laicormn
3450 944 3572 1012 qni-

2092 1060 2109 1090 ι
2148 1042 2264 1093 dem
2300 1040 2493 1093 debere
2521 1039 2717 1092 habere
2751 1038 3203 1092 communionem.
3229 1035 3429 1091 Omnes
3461 1036 3574 1103 epi-

2014 1142 2019 1151 ‘
2090 1152 2106 1183 ι
2148 1131 2293 1199 smpi
2327 1132 2574 1184 dixerunt
2603 1146 2616 1181 :
2648 1128 2827 1183 Placet
2854 1128 3123 1183 omnibus.
3165 1146 3181 1179 ι

2082 1408 2275 1462 BALS.
2308 1408 2378 1461 De
2413 1406 2709 1475 episcopis,
2737 1406 2826 1474 qui
2874 1420 2913 1459 δ
2942 1406 3162 1459 civitate
3205 1404 3258 1457 in
3295 1404 3568 1457 civitatem

2012 1514 2102 1553 seu
2126 1498 2402 1551 dimisesim
2435 1508 2721 1552 transeunt
2749 1534 2763 1561 ,
2795 1496 2996 1550 dictum
3021 1506 3105 1549 est
3148 1495 3200 1548 in
3247 1495 3433 1565 synodi
3484 1494 3573 1547 Ni-

2010 1605 2172 1643 caina:
2190 1603 2394 1641 canone
2421 1588 2510 1651 l5,
2538 1588 2655 1641 etin
2690 1600 2897 1640 canone
2929 1586 2993 1638 M
3023 1595 3328 1640 sanctorum
3352 1595 3571 1653 aposto-

2011 1682 2202 1743 lorum,
2230 1682 2360 1743 etin
2389 1681 2450 1733 9.!
2488 1691 2543 1734 et
2576 1679 2730 1734 ἰηνὲι).
2782 1679 3171 1739 Antiocheam,
3222 1689 3272 1732 et
3327 1679 3379 1729 in
3430 1678 3571 1730 aliis.
3619 1688 3629 1701 ‘

2010 1775 2145 1828 Cum
2171 1785 2345 1827 autem
2372 1773 2633 1842 neglectni
2665 1773 2991 1826 haberentur
3018 1786 3101 1831 ea,
3135 1786 3254 1838 qum
3290 1771 3421 1838 ipsis
3446 1784 3570 1822 conv

2016 1867 2273 1930 tinentur,
2303 1867 2585 1933 episcopus
2617 1864 2998 1928 Cerdubensis,
3032 1863 3119 1931 qni
3153 1862 3314 1915 Osius
3337 1861 3559 1928 appella-

2014 1966 2100 2012 tus
2144 1967 2224 2011 est
2247 1966 2467 2025 propter
2502 1957 2751 2009 virtutem
2782 1970 2899 2024 qme
2947 1953 3019 2007 illi
3063 1955 3239 2008 inerat
3264 1994 3277 2013 .
3313 1967 3575 2014 exorsus,

2014 2050 2210 2105 debere
2234 2065 2448 2102 omnem
2481 2049 2672 2101 malam
2706 2048 3148 2101 consm-ttnlinem
3198 2046 3453 2099 radicitus
3479 2060 3577 2097 ex-

2014 2142 2252 2211 stirpari,
2280 2140 2446 2194 multo
2471 2149 2649 2193 autem
2700 2140 2870 2207 magis
2921 2153 3038 2193 eam
3090 2152 3214 2205 qua:
3259 2128 3465 2204 spectat
3509 2136 3577 2189 ad
3712 2168 3715 2173 ‹

2016 2250 2194 2288 rerum
2246 2233 2729 2289 ecclesiasticarum
2776 2229 3171 2298 corruptelam;
3238 2228 3419 2282 intulit
3469 2239 3576 2281 non

2014 2326 2175 2380 licere
2190 2327 2437 2392 cuiquam
2456 2325 2703 2391 episcopo
2718 2338 2781 2375 ex
2800 2321 3077 2376 civitatein
3102 2321 3374 2375 civitatem
3401 2329 3580 2374 trans-

2013 2417 2112 2471 ire.
2150 2417 2378 2471 Perinde
2420 2429 2595 2469 autem
2623 2430 2685 2469 ac
2714 2414 2756 2469 si
2791 2414 3011 2468 dixisset
3042 2410 3341 2483 quispiam.
3372 2411 3419 2464 ci
3462 2426 3580 2465 esse

2017 2511 2439 2579 ignoscendum,
2479 2512 2569 2580 qui
2620 2513 2842 2566 honesta
2898 2511 3125 2564 fortasse
3174 2510 3239 2562 de
3285 2523 3445 2562 causa
3480 2508 3581 2562 hoc

2017 2604 2259 2660 facturus
2288 2612 2391 2666 est,
2425 2612 2479 2657 et
2501 2613 2557 2656 ut
2584 2604 2841 2671 majorem
2877 2602 3131 2670 populum
3162 2600 3351 2655 doceat
3371 2608 3423 2652 ct
3453 2613 3577 2652 cono

2017 2696 2221 2756 ﬁrmet;
2254 2695 2469 2763 adjecit,
2505 2694 2607 2749 hoc
2653 2694 2850 2748 audere
2891 2695 3187 2761 episcopos,
3223 2706 3329 2745 non
3364 2702 3581 2759 propter

2016 2784 2294 2837 h0nestam
2324 2783 2556 2851 aliquam
2589 2797 2808 2836 causam
2840 2821 2856 2843 ,
2887 2784 2978 2834 sed
3014 2791 3233 2849 propter
3255 2782 3535 2832 avaritiam
3562 2816 3578 2840 ,

2014 2876 2095 2929 vel
2137 2874 2466 2943 superbiam,
2494 2880 2549 2927 et
2582 2882 2634 2925 nt
2673 2872 2908 2926 habeant
2940 2880 3256 2938 potestatem
3277 2870 3537 2936 majorem
3564 2907 3578 2929 ,

2014 2979 2069 3023 et
2099 2968 2253 3037 plura
2279 2966 2636 3021 lucrifaciant.
2667 2965 2857 3019 Nullus
2890 2965 3055 3025 enim,
3086 2956 3259 3032 inquit
3286 2999 3302 3024 ,
3331 2966 3583 3015 invenitis

2014 3074 2096 3117 est
2124 3063 2425 3132 episcopus,
2450 3061 2539 3129 qni
2609 3076 2640 3113 ιι
2696 3056 2883 3124 majori
2937 3059 3155 3113 civitate
3209 3058 3261 3111 in
3319 3058 3578 3109 minorem

350 3151 553 3210 πόλεως
594 3151 837 3219 μείζονος
867 3151 1105 3219 μεταϐὰς
1160 3154 1238 3212 είς
1269 3152 1686 3220 ἐλαχιστοτέραν
1708 3191 1721 3214 ,
1771 3151 1910 3205 ὥστε

2018 3153 2320 3216 transierit,
2358 3160 2414 3204 ut
2445 3166 2511 3203 ex
2542 3165 2606 3202 eo
2650 3149 2888 3203 avaritia:
2942 3160 2997 3202 et
3043 3147 3350 3216 cupiditatis
3399 3147 3583 3214 glorim

349 3246 412 3295 ἐκ
443 3243 634 3295 τούτου
688 3244 1105 3313 περιαιρεθῆναι
1150 3246 1249 3313 τὴν
1288 3245 1526 3314 ὑποψίαν
1571 3246 1668 3314 τῆς
1695 3246 1916 3298 πλεονε-

349 3338 468 3411 ξίας
501 3338 593 3390 καὶ
638 3337 736 3406 τῆς
768 3336 1091 3406 φιλοδοξίας.
1146 3337 1340 3388 Τοίνυν
1383 3336 1479 3389 καὶ
1518 3335 1770 3408 ἠρώτησε
1814 3338 1912 3407 τὴν

351 3429 586 3489 σύνοδον,
623 3430 670 3481 εί
708 3430 872 3482 πᾶσιν
895 3428 1117 3497 ἀρέσκει
1145 3428 1544 3498 αὐστηρότερον
1563 3427 1911 3497 ἐκδικηθῆναι

346 3522 445 3591 τὴν
470 3522 725 3591 τοιαύτην
757 3524 981 3591 τόλμαν,
1033 3522 1276 3587 δηλονότι
1319 3523 1392 3590 μὴ
1426 3521 1586 3589 μόνον
1633 3520 1917 3591 καθαιρεί-

351 3612 476 3664 σθαι
505 3615 595 3665 τὸν
629 3612 869 3665 τοιοῦτόν
896 3630 948 3663 τι
994 3621 1319 3682 ποιήσαντα.
1356 3610 1467 3664 ἀλλ’
1501 3611 1794 3663 ἐκπίπτειν
1821 3613 1913 3662 καὶ

348 3703 445 3771 τῆς
472 3702 579 3755 τῶν
628 3702 834 3755 πιστῶν
881 3701 1243 3771 ὁμηγύρεως·
1301 3700 1396 3753 καὶ
1452 3701 1575 3770 μηδ’
1605 3700 1679 3762 ὡς
1728 3700 1913 3752 λαῖκὺν

352 3793 625 3845 κοινωνεῖν
659 3791 775 3861 μετ’
806 3792 1016 3852 αὑτῶν;
1065 3794 1201 3861 np‘;
1245 3791 1273 3844 ὃ
1301 3794 1347 3844 oi
1395 3792 1494 3860 τῆς
1526 3791 1746 3844 συνόδου
1782 3794 1914 3842 ἀπε-

354 3882 606 3950 κρίναντο
636 3880 715 3933 ὅτι
740 3881 906 3932 πᾶσιν
927 3880 1171 3948 ἀρέσκει.
1202 3878 1421 3932 Τούτων
1447 3879 1619 3941 οὕτως
1658 3880 1909 3947 ἐχόντων,

354 3972 615 4040 ἐρωτήσει
644 3986 726 4031 τις
762 3970 834 4032 ῶς
867 3968 957 4022 τοῦ
994 3976 1052 4022 ιε’
1080 3970 1302 4033 κανόνος
1342 3969 1437 4038 τῆς
1474 3971 1530 4021 ἐν
1561 3969 1765 4039 Νικαίᾳ
1788 3987 1919 4021 συν-

336 4057 467 4112 ’όδου
495 4060 869 4129 διοριζοςιένου
885 4061 975 4113 τὶν
998 4061 1103 4112 ἀπὸ
1125 4060 1330 4125 πόλεως
1361 4063 1437 4123 είς
1470 4062 1621 4129 πόλιν
1652 4062 1916 4129 μεταϐάν-

350 4170 419 4205 τα
450 4154 745 4206 ἐπίσκοπον
779 4157 852 4222 μὴ
884 4153 1259 4220 καθαιρεῖσθαι,
1320 4154 1435 4206 ἀλλ’
1479 4125 1914 4218 α’ποκαθίζεσθαι

352 4246 430 4307 είς
462 4244 564 4316 τὴν
592 4246 862 4316 προτέραν
884 4244 1047 4299 αὐτοῦ
1078 4245 1393 4318 ἐκκλησίαν,
1444 4247 1537 4298 καὶ
1584 4247 1676 4297 τοῦ
1706 4245 1912 4315 παρόν-

352 4354 441 4399 τος
470 4336 692 4401 κανόνος
724 4338 956 4407 παντελῆ
1010 4336 1400 4406 ἀκόενωνη-σίαν
1447 4337 1636 4390 τούτου
1669 4337 1915 4407 καταψη-

540 4430 551 4442 1

353 4428 669 4497 φιξομένου,
717 4429 822 4479 τίνι
854 4430 1140 4496 προσέχειν
1170 4429 1494 4496 όφείλομεν;
1561 4429 1771 4493 Λύσις.
1805 4430 1913 4481 Καὶ

2016 3245 2250 3315 suspicio
2305 3244 2540 3298 tollatur.
2595 3241 2942 3309 Interrogavit
2997 3241 3179 3311 itaque
3256 3240 3515 3310 synodum
3564 3257 3579 3293 :

2014 3352 2079 3389 au
2117 3336 2164 3389 ei
2205 3335 2440 3403 placeret
2482 3334 2730 3387 acvrbins
2750 3334 2931 3396 ,talem
2968 3332 3249 3385 audaciam
3285 3332 3580 3396 vindicari;

2014 3424 2219 3481 scilicet
2255 3440 2358 3478 non
2395 3424 2565 3477 solum
2589 3424 2778 3491 deponi
2806 3438 2927 3476 eum
2957 3421 3047 3491 qui
3076 3420 3178 3473 tale
3207 3420 3332 3489 quid
3368 3418 3582 3479 fecerit,

2013 3516 2103 3570 sed
2134 3518 2293 3569 etiam
2323 3532 2349 3567 a
2384 3514 2614 3569 ﬁdelium
2669 3514 3048 3568 communione
3080 3513 3359 3573 excidere,
3397 3522 3445 3561 ιιι
3481 3526 3580 3566 εινο

2014 3617 2070 3660 ut
2098 3605 2289 3660 laicunt
2320 3604 2532 3675 quidem
2589 3620 2709 3657 cum
2746 3604 2874 3672 ipsis
2923 3604 3321 3658 communicare
3353 3604 3389 3657 ?'
3418 3601 3583 3674 483

2012 3700 2093 3752 Ad
2122 3699 2261 3764 quod
2304 3697 2491 3768 synodi
2528 3696 2714 3750 Patres
2760 3698 3168 3766 responderunt,
3231 3697 3281 3749 id
3340 3696 3587 3751 omnibus

2014 3790 2243 3861 placere.
2282 3788 2373 3844 llis
2407 3791 2477 3844 ita
2511 3805 2569 3845 se
2606 3790 2929 3843 habentibus
2963 3829 2977 3851 ,
3006 3788 3418 3857 interrogaveril
3446 3789 3586 3857 quis-

2015 3882 2155 3949 piam
2187 3880 2350 3936 :Cum
2382 3895 2557 3934 canon
2586 3880 2649 3933 15
2682 3878 2869 3949 synodi
2895 3876 3124 3932 Niczena:
3155 3878 3362 3942 statuit,
3394 3887 3450 3931 ut
3474 3880 3588 3946 epi-

2014 3990 2235 4042 scopus,
2275 3973 2363 4040 qui
2395 3990 2421 4025 a
2462 3972 2681 4025 civitate
2708 3970 2761 4023 in
2798 3956 3079 4023 civitatcni
3106 3970 3342 4031 transiit,
3367 3985 3471 4023 non
3498 3970 3589 4024 de-

2016 4076 2265 4135 ponatur,
2294 4066 2386 4117 sed
2423 4063 2473 4117 in
2506 4064 2741 4131 priorem
2779 4078 2931 4115 suam
2973 4062 3255 4115 ecclesiam
3330 4062 3587 4116 restitua-

2017 4169 2131 4220 tur,
2174 4172 2409 4226 prmsens
2443 4167 2617 4210 autem
2647 4172 2818 4209 canon
2848 4172 2967 4209 eum
3002 4156 3245 4209 absoluta
3275 4139 3609 4213 excommn:

2017 4249 2656 4334 nicationqrondemnet;
2691 4259 2867 4300 utrum
2896 4248 2965 4301 sit
3012 4246 3382 4313 sequendum?
3427 4244 3586 4298 Solu-

2015 4345 2108 4397 tio.
2142 4342 2465 4410 Utrumque.
2494 4338 2678 4409 Neque
2704 4342 2849 4395 enim
2897 4339 3097 4394 habent
3127 4338 3416 4409 quidquam
3450 4337 3589 4390 inter

2017 4454 2074 4491 se
2103 4450 2408 4491 commune.
2436 4432 2500 4486 Et
2536 4435 2649 4502 lege
2670 4433 2871 4488 dictum
2916 4447 3174 4485 canonem
3205 4430 3291 4483 15.
3352 4429 3407 4482 Si
3467 4428 3591 4496 qnis

324 4520 700 4589 ¹ἀμξροιεέροις.
753 4520 885 4571 Οὐδὲ
949 4520 1057 4590 γὰρ
1114 4520 1559 4572 ἐπικοινωνοῦσιν
1638 4521 1909 4591 ἀλλήλοις.

2021 4524 2416 4583 autemcontra
2479 4525 2671 4580 alien-at
2728 4525 3046 4580 vicesimum
3103 4538 3364 4578 canouem
3423 4531 3588 4576 sextae

364 4613 663 4679 Ἀνάγνωθι
692 4612 779 4664 τὸν
812 4612 1043 4683 ρηθέντα
1089 4616 1150 4665 ιε’
1178 4614 1397 4668 κανόνα.
1441 4615 1503 4667 El
1549 4614 1603 4667 δέ
1634 4633 1717 4677 τις
1751 4616 1914 4668 ἀνθυ-

355 4705 581 4773 ποφέρει
610 4705 699 4755 τὸν
730 4703 786 4757 χ’
820 4706 1018 4757 κανόνα
1051 4706 1150 4774 τῆς
1179 4703 1232 4770 ς’
1266 4706 1483 4759 συνόδου
1513 4706 1739 4774 λέγοντα
1770 4704 1913 4758 οὕτω

354 4798 569 4867 ῥητῶς·
625 4798 714 4867 Μὴ
772 4798 971 4861 ἐξέστω
1019 4798 1302 4868 ἐπισκόπῳ
1345 4799 1425 4861 είς
1455 4796 1649 4867 ἑτέραν
1692 4797 1788 4867 τὴν
1836 4798 1912 4868 μὴ

353 4890 501 4960 αὐτῷ
525 4880 907 4961 προσήκουσαν
952 4890 1105 4941 πόλιν
1154 4887 1400 4960 δημοσίᾳ’
1440 4890 1711 4942 διδάσκειν
1733 4906 1745 4918 ’
1780 4891 1826 4941 εἰ
1857 4890 1917 4942 δέ

353 4999 435 5041 τις
457 4981 735 5051 φωραθείη
770 4978 927 5032 τοῦτο
954 4980 1143 5044 ποιῶν,
1172 4984 1270 5050 τῆς
1300 4980 1604 5049 ἐπισκοπῆς
1632 4981 1909 5032 παυέσθω*

350 5076 421 5127 τὰ
470 5075 525 5128 δὲ
553 5074 647 5128 τοῦ
686 5074 1059 5145 πρεσϐυτέρου
1099 5072 1421 5144 ὲνεργείτω·
1455 5075 1548 5125 καὶ
1583 5072 1731 5139 λέγει
1761 5072 1915 5139 ὀφεί-

354 5168 469 5218 λειν
500 5167 557 5218 τὸ
578 5167 764 5220 λοιπον
790 5167 856 5219 τὰ
892 5163 983 5219 τοῦ
1021 5164 1261 5218 τοιούτου
1296 5164 1495 5235 μᾶλλον
1523 5166 1746 5227 κανόνος
1776 5182 1913 5234 κρα-

352 5268 486 5327 τεῖν,
518 5264 593 5327 ὡς
625 5265 1087 5332 μεταγενεστέρου
1120 5264 1261 5316 κατὰ
1305 5263 1438 5315 πολὺ
1469 5262 1564 5314 καὶ
1594 5262 1917 5331 καθαίρεσιν

354 5357 513 5427 μόνον
536 5355 832 5422 ἐπάγοντος
856 5372 868 5387 ·
906 5355 1188 5408 ἀκουσάτω
1231 5353 1475 5423 μεγάλην
1500 5349 1641 5405 εἶναι
1671 5353 1767 5422 τὴν
1799 5354 1917 5405 δια-

355 5449 529 5517 φορὰν
576 5446 684 5497 τῶν
716 5445 975 5498 κανόνων.
1025 5445 1289 5497 Ἐνταῦοα
1321 5446 1420 5513 μὲν
1474 5445 1581 5511 γὰρ
1634 5442 1916 5511 ἀλλοτρίου

356 5539 545 5607 θρόνου
578 5537 746 5604 ὲπέση
787 5539 814 5588 ό
856 5535 1177 5597 ἐπίσκοπος,
1219 5535 1311 5586 καὶ
1335 5535 1585 5603 κατεῖχεν
1631 5533 1791 5584 αὐτὸν
1823 5534 1920 5585 αύ-

359 5630 631 5691 οεντικῶς
655 5643 670 5659 ο
693 5628 774 5681 διὸ
803 5628 899 5679 σὺν
928 5628 992 5697 τῇ
1024 5629 1341 5696 καθαιρέσει
1368 5627 1460 5680 καὶ
1476 5625 1921 5697 ἀποκηρύσσεται

355 5724 430 5783 ὡς
460 5720 843 5779 ἀναιδέστατος
866 5736 880 5751 ·
909 5722 940 5772 ό
983 5719 1043 5770 δὲ
1076 5721 1131 5769 ἐν
1158 5720 1235 5789 τῷ
1268 5719 1483 5790 ῥηθέντι
1530 5718 1713 5772 κανόνι
1743 5718 1843 5786 τῆς
1867 5716 1922 5781 ς’

360 5815 580 5868 συνόδου
607 5812 931 5885 δηλούμενος
957 5813 1250 5876 ἐπίσκοπος
1288 5813 1441 5866 οὐδέν
1470 5830 1519 5865 τι
1548 5812 1631 5865 ’ἐτε
1645 5830 1735 5882 ρον
1767 5812 1924 5881 ἑνήρ-

2018 4620 2228 4690 synodi,
2261 4618 2350 4687 qui
2376 4620 2454 4673 sic
2484 4618 2618 4672 dicit
2642 4632 2895 4685 expresse
2923 4634 2935 4669 :
2963 4615 3038 4668 Ne
3071 4615 3230 4669 lit-eat
3260 4614 3510 4681 episcopo
3534 4614 3586 4665 io

2014 4713 2141 4773 alia,
2169 4726 2288 4780 quae
2318 4708 2383 4761 ad
2409 4724 2465 4761 se
2498 4725 2600 4761 non
2632 4708 2846 4767 attinet,
2874 4706 3093 4759 civitate
3118 4704 3331 4773 publice
3354 4704 3585 4769 docere;

2014 4804 2058 4856 si
2085 4800 2207 4871 quis
2239 4811 2417 4854 autem
2455 4803 2552 4853 hoc
2587 4798 2763 4851 facere
2795 4798 3167 4865 deprehensus
3198 4793 3386 4859 fuerit,
3412 4804 3586 4849 cesset

2015 4897 2082 4947 ab
2116 4895 2449 4963 episcopatu,
2483 4907 2601 4959 qua:
2633 4898 2757 4942 sunt
2783 4898 2959 4940 autem
2993 4885 3285 4955 presbyteri
3316 4894 3583 4946 exerceat;

2016 4999 2069 5041 ct
2100 4987 2245 5040 dicat
2275 4987 2416 5038 lnmc
2433 4999 2692 5038 canonem
2732 4982 2782 5034 in
2816 4989 3088 5048 posterum
3115 4978 3281 5048 magis
3305 4968 3603 5031 observari"

2017 5078 2233 5140 debere,
2274 5087 2330 5130 ut
2359 5076 2447 5145 qui
2476 5075 2547 5129 sit
2579 5077 2745 5126 multo
2773 5072 3058 5133 recentior,
3090 5079 3143 5123 ct
3195 5068 3583 5137 depositionem

2019 5170 2189 5224 solum
2223 5168 2437 5220 inducat
2474 5183 2488 5220 :
2523 5166 2707 5218 audiat
2754 5177 2874 5217 esse
2904 5178 3150 5230 magnam
3184 5176 3451 5214 canonum
3483 5159 3584 5210 dif-

2021 5262 2321 5316 lcrcntiam.
2352 5259 2466 5327 llic
2512 5261 2655 5313 enim
2710 5258 3000 5325 episc0pns
3048 5254 3283 5307 alienum
3329 5253 3583 5305 thronum

2022 5354 2238 5416 inva~it,
2276 5361 2327 5406 et
2355 5367 2474 5405 eum
2535 5366 2631 5405 sua
2678 5349 3002 5403 auctoritate
3047 5346 3299 5400 obtinuit.
3349 5344 3412 5397 Et
3466 5344 3584 5396 ideo

2024 5463 2124 5498 una
2155 5461 2275 5499 cum
2301 5438 2640 5513 depositione
2666 5442 2824 5493 etiam
2879 5441 3158 5491 abdicatur
3184 5476 3198 5496 .
3255 5446 3313 5488 ut
3369 5434 3460 5503 qui
3515 5435 3586 5487 sit

2022 5535 2542 5608 impudentissimus.
2571 5532 2668 5599 Qui
2694 5543 2872 5585 autent
2908 5532 2969 5583 iir
3011 5528 3261 5597 praedicto
3294 5537 3456 5579 sesua:
3491 5539 3583 5595 sy-

2026 5629 2146 5685 nodi
2175 5642 2379 5682 canoue
2403 5627 2709 5679 declaratur
2737 5624 3042 5691 cpiscopus.
3069 5620 3120 5671 in
3167 5618 3268 5669 alia
3307 5616 3583 5685 provincia

2028 5721 2158 5774 nihil
2188 5717 2612 5781 alindexercuit,
2671 5716 2771 5770 nisi
2803 5716 2944 5783 quod
2998 5711 3173 5764 solum
3228 5711 3437 5776 publice
3490 5711 3558 5760 do

2028 5815 2135 5867 cuit
2171 5830 2183 5866 :
2216 5823 2273 5866 et
2304 5810 2422 5865 ideo
2454 5810 2624 5866 solum
2654 5809 2961 5878 deponitur.
3002 5804 3153 5869 Quod
3195 5802 3354 5857 etiam
3401 5804 3588 5855 Antio-
