3982 6494
292 327 429 397 Ηὲθ
600 386 610 410 ,

364 557 384 592 t
430 541 810 611 ἀκοινώνητος.
858 560 876 593 ›

388 636 429 686 0
470 633 659 703 παρὼν
691 634 871 687 κανὼν
903 634 1000 697 τὰς
1043 636 1360 705 μεταθέσεις
1394 636 1502 688 τῶν
1536 636 1853 690 ἐπισκόπων

288 722 423 785 ὅλως
453 723 513 775 οὐ
550 720 820 791 συγχωρεῖ
851 724 1134 793 γίνεσθαι·
1174 726 1309 778 ἀλλὰ
1346 727 1439 777 καὶ
1472 725 1519 777 εί
1552 725 1814 793 γένωνται
1837 764 1855 789 ,

289 812 575 881 αὐστηρῶς
602 816 727 875 τοὺς
756 815 1211 882 μετατιθεμένους
1240 816 1478 877 κολάζει.
1510 816 1858 872 Καταλασόνο

290 923 379 963 τες
410 906 516 974 γὰρ
545 906 595 957 oi
632 907 867 977 Πατέρες
898 907 957 972 ἐξ
985 906 1149 961 αὑτοῦ
1178 906 1273 960 τοῦ
1306 909 1630 977 πράγματος
1660 908 1733 969 ὡς
1768 907 1859 960 ού-

288 997 399 1057 δεὶς
426 997 533 1048 τῶν
564 997 878 1051 ἐπισκόπων
907 996 1012 1052 ἀπὸ
1046 999 1250 1060 πόλεως
1288 999 1532 1067 μείζονος
1567 999 1645 1061 είς
1677 996 1856 1065 ἐλαχιο

292 1087 555 1155 στοτέραν
601 1086 754 1139 πόλιν
802 1088 1161 1158 μετατεθῆναι
1204 1089 1528 1153 σπουδάζει,
1572 1087 1706 1139 ἀλλὰ
1752 1086 1862 1139 ἀπὸ

295 1180 498 1247 μικρᾶς
538 1180 745 1241 πόλεως
778 1180 872 1231 ἐπὶ
912 1180 1250 1250 ὑψηλοτέραν
1290 1179 1441 1234 πόλιν
1479 1179 1652 1232 ἐθέλει
1692 1193 1859 1250 μεταέ

293 1269 465 1340 πηδᾷν
508 1271 594 1323 διὰ
642 1272 959 1335 ἀλαζονείαν
1004 1274 1096 1324 καὶ
1146 1272 1476 1341 πλεονεξίαν,
1523 1273 1729 1341 ὥρισαν
1770 1245 1863 1321 τὸν

291 1361 531 1415 τοιοῦτον
566 1364 700 1431 μηδὲ
734 1363 920 1417 λαῖκοῦ
954 1365 1243 1417 κοινωνίαν
1276 1366 1420 1434 ἔχειν
1441 1404 1456 1428 ,
1490 1364 1625 1417 ἀλλά
1658 1362 1756 1414 σὺν
1786 1360 1863 1431 τῷ

292 1455 679 1526 καθαιρεῖσθαι
700 1457 792 1509 καλ⁵
823 1456 1208 1523 ἀφωρισμένον
1237 1452 1397 1510 εἶναι.

906 1548 1141 1600 ΚΑΝΩΝ
1176 1548 1249 1603 Β’.

300 1656 319 1688 ι
366 1638 429 1691 Εἰ
463 1638 518 1691 δέ
552 1656 634 1701 τις
667 1639 904 1703 τοιοῦτος
940 1640 1247 1709 εὑρίσκοιτο
1284 1638 1556 1712 μανιώδης
1589 1640 1621 1709 ἢ
1658 1640 1862 1708 τολμηο

368 1750 387 1783 ι
436 1732 546 1801 ρος,
592 1732 666 1795 ώς
709 1734 835 1800 περὶ
878 1733 984 1784 τῶν
1024 1732 1283 1785 τοιούτων
1323 1732 1472 1796 δόξαι
1513 1733 1634 1786 τινὰ
1680 1733 1865 1801 φέρειν

369 1841 389 1875 ι
437 1825 799 1894 παραίτησιν,
837 1823 1319 1893 διαϐεϐαιούμενος
1357 1826 1463 1878 ἀπὸ
1497 1826 1589 1879 τοῦ
1629 1825 1865 1895 πλήθους
1898 1832 1942 1887 Β

376 1933 394 1965 ι
440 1915 575 1983 πρὸς
603 1915 794 1968 ἐαυτὸν
821 1916 1143 1984 κεκομίσθαι
1171 1917 1477 1985 γράμματα
1495 1935 1507 1947 ·
1536 1916 1695 1987 δῆλόν
1721 1919 1869 1970 ἐστιν

373 2021 393 2054 ι
437 2004 646 2071 ὀλίγους
684 2007 835 2068 τινάς
873 2006 1212 2077 δεδυνῆσθαι,
1254 2006 1429 2080 μισθῷ
1468 2008 1563 2062 καὶ
1602 2008 1870 2078 τιμήματι

371 2114 390 2147 t
436 2095 829 2167 διαφθαρέντας
876 2099 933 2151 ἐν
974 2101 1040 2168 τῇ
1089 2098 1354 2170 ἐκκλησία
1404 2098 1752 2162 στασιάζειν,
1796 2099 1871 2162 ὡς

379 2206 397 2238 ι
442 2187 601 2256 δῆθεν
652 2188 936 2253 ἀξιοῦντας
984 2190 1074 2242 τὸν
1124 2191 1286 2243 αὑτὸν
1337 2190 1485 2263 ἔχειν
1530 2191 1825 2243 ἐπίσκοπον
1855 2206 1870 2220 ⁸

376 2296 396 2328 ι
442 2278 697 2342 καθάπαξ
729 2276 820 2332 οὖν
850 2282 947 2344 τὰς
985 2282 1335 2352 ῥᾳδιουργίας
1365 2283 1477 2345 τὰς’
1497 2266 1748 2345 τοιαύτας
1781 2284 1874 2336 καὶ

376 2389 394 2421 ι
439 2371 630 2442 τέχνας
672 2373 969 2435 κολαστέας
1015 2370 1155 2427 εἶναι
1199 2375 1437 2444 νομίζω,
1486 2375 1625 2429 ὥστε
1672 2375 1874 2447 μηδένα
1960 2382 1969 2401 ‘

378 2483 396 2514 ι
445 2463 683 2517 τοιοῦτον
710 2465 844 2534 μηδέ
871 2466 927 2517 ἐν
958 2465 1028 2535 τῷ
1054 2467 1194 2518 τέλει
1218 2467 1414 2535 λαῖκῆς
1441 2466 1572 2535 γοῦν
1594 2467 1875 2532 ἀξιοῦσθαι

384 2573 401 2605 ι
449 2557 750 2619 κοινωνίας.
774 2555 833 2609 El
852 2558 1024 2610 τοίνυν
1042 2558 1264 2636 ἀρέσκει
1289 2559 1320 2627 ἡ
1346 2558 1537 2627 γνώμη
1562 2557 1721 2625 αῦτη,
1743 2560 1876 2611 ἀπσ-

377 2666 397 2698 ‹
442 2648 719 2718 κρίνασθε.
752 2650 1162 2721 ’Λπεκρίναντοο
1192 2651 1274 2704 Τὰ
1300 2652 1555 2719 λεχθέντα
1585 2652 1803 2722 ῆρεσεν.
1851 2671 1868 2702 ι

372 2742 570 2796 ΒΑΛΣ.
615 2745 725 2796 Καὶ
770 2738 922 2805 οὗτος
969 2746 996 2797 ὀ
1041 2743 1221 2798 κανὼν
1260 2745 1353 2797 τοῦ
1401 2742 1450 2797 α’
1474 2744 1739 2815 ἐξέχεται.
1781 2744 1877 2797 Τι-

301 2832 409 2885 νῶν
447 2835 555 2903 γὰρ
597 2834 910 2887 ἐπισκόπων
944 2836 1282 2905 αἰτιωμένων
1316 2835 1403 2887 διὰ
1437 2835 1534 2903 τὴν
1570 2837 1632 2887 ἐκ
1674 2834 1879 2897 πόλεως

305 2927 384 2986 είς
412 2927 563 2978 πόλιν
591 2928 795 2979 τούτων
824 2930 1175 2997 μετάστασιν,
1194 2931 1284 2982 καὶ
1308 2930 1726 2999 ἐπιχειρούντων
1744 2944 1881 2997 παρ-

304 3018 594 3081 αιτεῖσθαι,
643 3018 809 3090 ἤγουν
861 3020 1257 3084 ἀποσκευάζειν
1286 3020 1346 3084 ἐξ
1375 3020 1553 3073 αὐτῶν
1582 3019 1677 3089 τὴν
1706 3019 1885 3073 αἰτία·

307 3121 412 3175 σιν,
447 3112 510 3163 ἐκ
544 3111 636 3163 τοῦ
671 3111 851 3179 λέγειν
884 3112 973 3165 διὰ
1009 3114 1353 3183 γραμμάτων
1384 3109 1478 3165 τοῦ
1514 3111 1747 3181 πλήθους
1782 3110 1880 3179 τῆς

307 3202 515 3264 πόλεως
553 3206 879 3272 μεταπεσεῖν
909 3206 971 3257 ἐκ
1000 3199 1099 3274 τῆς
1130 3204 1400 3275 λαχούσης
1428 3205 1648 3270 αὐτοὺς,
1676 3204 1879 3270 ὥρισαν
1906 3176 1949 3235 c

302 3295 357 3346 οἱ
405 3296 645 3365 Πατέρες
692 3295 827 3366 μηδὲ
870 3296 1026 3349 τοῦτο
1070 3298 1151 3361 είς
1200 3297 1497 3365 ἀπολογίαν
1537 3298 1759 3366 ἀρκεῖνθ
1804 3296 1886 3350 δτι

307 3383 418 3435 τῶν
449 3386 674 3438 εἰκότων
704 3387 819 3439 ἐστὶ
854 3386 1316 3457 ῥᾳδιουργηθῆναι
1346 3387 1573 3441 τοιαῦτα
1606 3388 1695 3441 διά
1723 3404 1886 3440 τινων

306 3475 503 3541 ὀλίγων
532 3477 767 3530 ἐποίκων
793 3478 890 3548 τῆς
918 3478 1123 3543 πόλεως
1152 3479 1559 3547 διαφθαρέντων
1584 3481 1888 3549 νομίσμασι

308 3568 404 3621 καὶ
427 3566 535 3621 οἷον
562 3570 946 3638 μισθωθέντων
962 3586 979 3601 ·
1003 3572 1125 3624 ὅθεν
1148 3573 1242 3624 καὶ
1268 3571 1548 3623 ἐκώλυσαν
1572 3573 1695 3633 τοὺς
1717 3572 1892 3626 ταῦτα

308 3660 737 3729 τεχναζομένους
777 3662 1109 3724 ἐπισκόπους
1148 3662 1237 3715 διὰ
1279 3663 1573 3726 παντελοῦς
1613 3663 1893 3733 ἀποκηρύ-

314 3751 479 3816 ξεως,
524 3750 663 3805 ὥστε
713 3753 847 3822 μηδὲ
893 3754 1225 3819 θνήσκοντας
1271 3756 1501 3821 αὐτοὺς,
1549 3755 1623 3818 ὼς
1670 3754 1891 3818 λαῖκοῦς

313 3845 594 3910 ἀξιοῦσθαι
630 3845 935 3907 κοινωνίας.
974 3847 1191 3898 Τούτων
1223 3846 1279 3899 δὲ
1315 3844 1487 3909 οὕτως
1523 3848 1777 3916 ἐχόντων,
1818 3848 1891 3917 μὴ

313 3938 471 4007 ετπῃς
502 3938 631 3999 τοὺς
665 3936 802 4006 μετά
833 3936 1096 4004 ἀληθείας
1134 3939 1575 4007 μετακληθέντας
1609 3940 1759 4010 παρὰ
1790 3955 1891 3991 πο-

313 4027 476 4081 λιτῶν
508 4026 999 4094 συγγινώσκεσθαι,
1034 4026 1064 4096 ἥ
1105 4026 1177 4096 μὴ
1214 4030 1775 4097 συγγινωσκομένους,
1809 4044 1893 4079 τι·

321 4118 621 4188 μωρεῖσθαι
651 4120 790 4171 κατά
816 4119 940 4179 τοὺς
970 4120 1469 4187 ῥᾳδιουργήσαντας
1494 4121 1593 4189 τὴν
1623 4120 1895 4187 μετάκλη-

319 4227 431 4263 σιν’
458 4211 571 4263 ἀλλ’
591 4211 710 4263 εἰπὲ
738 4211 932 4272 αὐτοὺς
957 4209 1356 4277 καθαιρεῖσθαι,
1383 4210 1456 4272 ὡς
1484 4210 1557 4279 μὴ
1581 4208 1895 4277 ὀφείλοντας

320 4303 618 4355 ὑπακούειν
650 4302 929 4369 ἀμετύχων
958 4302 1054 4355 ἀνθ
1065 4294 1285 4369 ρώπιιιν.

392 4395 635 4449 ΖΩΝΛΡ.
673 4395 734 4445 Εἰ
772 4395 824 4443 δὲ
858 4394 1109 4445 τοσοῦτόν
1143 4396 1278 4453 ἐστι,
1318 4393 1471 4461 φησὶ,
1513 4393 1784 4462 μανιώδης
1815 4412 1898 4456 τις

321 4487 353 4556 ῆ
398 4486 703 4554 τολμηρὴ,
751 4483 889 4536 ὥστε
938 4484 1031 4535 καὶ
1078 4485 1215 4551 μετά
1255 4485 1349 4535 τὸν
1392 4485 1588 4536 κανόνα
1630 4485 1897 4553 τολμῆσαι

318 4581 651 4646 μεταπεσεῖν
692 4580 754 4629 ἐκ
803 4577 1008 4638 πόλεως
1054 4579 1135 4636 εἰς
1182 4570 1355 4637 πόλιν,
1398 4576 1491 4628 καὶ
1540 4579 1664 4642 περὶ
1712 4577 1901 4632 τούτου

320 4670 497 4721 δοκεῖν
534 4670 717 4736 φέρειν
752 4668 1113 4737 παραίτησιν,
1151 4666 1317 4737 ἤγουν
1352 4668 1734 4735 ἀπολογεῖσθαι
1756 4710 1769 4730 .
1806 4670 1904 4722 καὶ

326 4762 711 4831 παραιτεῖσθαι
740 4764 836 4831 τὴν
871 4760 1103 4829 μέμψιν,
1132 4761 1251 4813 ἀντὶ
1282 4761 1375 4812 τοῦ
1407 4761 1902 4827 ἀποσκευάζεσθαι,

322 4854 801 4923 διαϐεϐαιούμενος
838 4854 957 4923 ἦτοι
993 4854 1342 4921 ἐνιστάμενος
1379 4852 1704 4921 κεκομίσθαι
1743 4854 1905 4906 αὑτὸν

326 4952 631 5019 γράμματα
661 4950 768 5003 ἀπὸ
799 4948 892 5000 τοῦ
929 4949 1165 5016 πλήθους
1193 4947 1291 5014 τῆς
1323 4948 1529 5008 πόλεως
1563 4948 1905 5017 μετακαλού-

333 5058 471 5108 μενα
515 5043 679 5093 αὐτὸν
724 5042 803 5103 είς
848 5042 946 5107 τὴν
992 5042 1330 5107 ἐπισκοπήν·
1369 5034 1527 5108 δῆλον
1569 5039 1648 5091 ὄτι
1695 5039 1906 5104 ὀλίγους

330 5132 481 5193 τινὰς
523 5132 762 5202 ἠδυνήθη
809 5128 993 5184 πεῖσαι
1047 5131 1356 5194 στασιάζειν
1398 5132 1454 5183 ἐν
1516 5134 1581 5199 τῇ
1639 5131 1907 5201 ἐκκλησίᾳ

331 5224 614 5287 ἀξιοῦντας
660 5224 805 5294 ἔχειν
848 5226 1007 5277 αὐτὸν
1054 5224 1373 5275 ἐπίσκοπον.
1421 5223 1531 5275 Καὶ
1574 5222 1813 5285 ἐκείνους
1852 5224 1909 5275 δὲ

338 5316 679 5387 ἐμισθώσατο
708 5320 801 5370 καὶ
828 5320 1068 5388 ὴγόρασε
1094 5318 1153 5370 τὸ
1184 5316 1418 5386 ζητῆσαι
1449 5318 1632 5379 αύτδν,
1662 5316 1786 5379 δοὺς
1816 5316 1910 5367 αὑ-

335 5414 448 5473 τοῖς
476 5412 757 5481 χρήματα,
790 5411 947 5463 ἆτινα
979 5412 1072 5463 καὶ
1103 5412 1295 5480 μισθὸν
1326 5411 1419 5462 καὶ
1450 5410 1669 5477 τίμημα
1696 5408 1914 5475 ὠνόμα-

340 5518 430 5556 σεν
460 5506 487 5555 ὀ
520 5499 720 5556 κανών.
754 5502 1023 5563 Καθόλου,
1058 5505 1215 5569 φησὶ,
1247 5504 1342 5565 τάς
1372 5500 1626 5562 τοιαύτας
1664 5500 1914 5571 ῥᾳδιουρ-

338 5596 466 5664 γίας
508 5597 625 5666 ἦτοι
670 5594 983 5663 δολιότητας
1030 5596 1125 5647 καὶ
1167 5596 1364 5663 τέχνας
1412 5593 1555 5662 παρά
1599 5592 1912 5645 ἐπισκόπων

341 5689 589 5755 γίνεσθαι
618 5687 894 5749 κολάσεώς
922 5689 1066 5739 ἐστιν
1094 5688 1265 5753 ἄξιον.
1295 5687 1358 5739 Ἦ
1388 5686 1445 5740 δέ
1475 5685 1692 5745 κόλασις
1722 5684 1781 5735 τὸ
1814 5698 1915 5749 μη-

343 5780 469 5833 δένα
499 5782 720 5835 τοιαῦτα
755 5780 1010 5833 ποιοῦντα
1033 5819 1047 5845 ,
1086 5778 1223 5849 μηδὲ
1257 5778 1556 5851 θνήσκοντα
1577 5817 1592 5844 ,
1618 5775 1700 5839 ὼς
1729 5774 1916 5829 λαῖκδν

1444 339 1526 398 IN
1555 338 1717 401 CAN.
1754 338 1812 397 Il
1850 338 2054 402 CONC.
2124 341 2413 403 SARDIC.

364 468 383 501 ι
428 451 519 501 καὶ
550 448 876 519 πλεονέκτης
902 448 1357 520 ύποόλεπόμενος,
1385 450 1471 505 διὰ
1503 452 1617 521 βίου
1649 451 1846 513 παντὸς
1876 461 1920 516 Α

3381 314 3523 393 mo

2030 475 2048 507 ι
2087 457 2203 522 ibit,
2257 466 2510 523 tanquam
2557 467 2819 523 arrogans
2870 462 2924 506 et
2973 464 3191 516 avarus,
3224 462 3318 517 per
3346 458 3517 503 totam

1966 579 1975 587 -
2031 567 2049 599 ι
2090 549 2250 602 vitam
2278 547 2849 601 excommunicabitur.
2891 563 2909 594 ι

2024 640 2269 695 Praesens
2314 655 2483 694 canon
2532 640 2904 707 episcoporum
2957 633 3341 689 translationes
3391 631 3507 686 fieri

1956 748 2061 785 non
2095 731 2313 784 omnino
2354 730 2640 799 permittit,
2675 730 2828 782 antsi
2866 728 3015 793 fiant,
3053 742 3242 795 poenas
3274 741 3300 777 a
3333 733 3517 778 trans-

1958 824 2076 877 latis
2140 838 2326 879 severe
2366 823 2513 891 petit.
2545 821 3016 889 Deprehendentes
3047 818 3187 871 enim
3221 812 3515 871 Patres'ex

1956 932 2021 969 eo
2051 915 2189 984 quod
2238 913 2416 968 nullus
2450 910 2833 981 episcoporum
2874 925 2902 963 a
2950 909 3165 963 civitate
3215 907 3399 974 majori
3452 906 3519 957 ad

1960 1006 2219 1059 minorem
2253 1002 2529 1057 transferri
2561 1002 2829 1054 civitatem
2866 999 3064 1062 studet,
3095 997 3184 1049 sed
3226 1012 3253 1047 a
3306 996 3521 1049 civitate

1960 1113 2119 1166 parva
2155 1096 2219 1149 ad
2250 1096 2611 1151 sublimiorem
2646 1094 2875 1162 migrare
2915 1092 3061 1157 enpit
3100 1089 3395 1145 civitatem,
3419 1102 3517 1155 per

1960 1188 2316 1256 arrogantiam
2352 1196 2405 1239 et
2438 1186 2585 1254 plura
2618 1184 2845 1238 habendi
2893 1181 3237 1250 cupiditatem
3272 1179 3523 1232 videlicet

1964 1284 2098 1341 fieri.
2132 1283 2483 1336 decreverunt
2531 1277 2689 1329 talem
2745 1292 2843 1328 nec
2892 1274 3011 1327 laici
3048 1274 3243 1325 habere
3274 1285 3523 1323 commu-

1964 1376 2199 1435 nionem,
2232 1372 2323 1427 sed
2354 1387 2476 1425 cum
2504 1367 2839 1438 depositione
2870 1366 3032 1419 etiam
3067 1363 3525 1418 excommunica-

1967 1478 2017 1519 ιιι
2029 1483 2075 1520 ιιι
2107 1480 2250 1522 esse.

2556 1550 2783 1608 CANON
2830 1549 2895 1603 ll.

1973 1669 1999 1702 ιι
2035 1649 2091 1705 Si
2125 1651 2245 1720 quis
2285 1660 2464 1704 autem
2501 1648 2637 1702 adeo
2688 1648 2910 1700 insanus
2940 1643 3023 1697 vel
3077 1642 3246 1694 audax
3287 1638 3530 1694 iuveniao

2046 1761 2065 1793 ι
2111 1753 2216 1805 tur,
2248 1752 2303 1795 ut
2336 1741 2403 1797 de
2430 1741 2495 1793 iis
2528 1739 2772 1793 videatur
2807 1736 3038 1804 aliquam
3085 1731 3275 1785 afferre
3304 1745 3531 1783 excusa-

2045 1854 2063 1888 t
2100 1836 2318 1897 tionem,
2361 1847 2631 1893 asserens,
2682 1830 2782 1883 sibi
2838 1844 2864 1879 a
2923 1825 3119 1894 populo
3182 1824 3373 1874 allatas
3415 1836 3534 1873 esse

2047 1945 2069 1979 ι
2106 1928 2343 1981 litteras:
2376 1923 2577 1979 clarum
2630 1932 2730 1979 est,
2782 1918 3019 1985 potuisse
3068 1930 3269 1981 paucos
3323 1911 3536 1978 aliquos

2051 2038 2073 2072 ι
2113 2019 2356 2073 mercede
2383 2027 2436 2071 et
2462 2014 2633 2084 pretio
2663 2019 2945 2076 corruptos
2984 2008 3036 2059 in
3068 2005 3294 2069 ecclesia
3322 2001 3539 2055 seditio-

2051 2131 2069 2163 ι
2107 2126 2226 2165 nem
2262 2123 2496 2169 movere,
2525 2118 2582 2159 ιιι
2626 2105 2870 2158 eumdem
2908 2102 3090 2177 utique
3137 2098 3300 2151 velint
3337 2094 3537 2148 habere

2052 2222 2071 2255 ι
2113 2202 2442 2271 episcopum.
2491 2199 2720 2254 Omnino
2750 2210 2878 2261 ergo
2909 2196 3006 2247 bas
3040 2193 3257 2246 fraudes
3289 2198 3343 2241 et
3388 2198 3534 2239 artes

2056 2314 2074 2346 ι
2110 2292 2405 2365 puniendas
2432 2278 2554 2345 esse
2567 2290 2837 2351 existimo,
2864 2295 2921 2339 ut
2944 2300 3099 2339 nemo
3134 2283 3322 2352 possit,
3341 2279 3429 2348 qui
3459 2289 3541 2328 est

2052 2411 2071 2443 ι
2108 2386 2391 2458 ejusmodi,
2422 2400 2487 2439 ne
2521 2387 2574 2436 in
2615 2384 2718 2436 fine
2761 2383 2972 2450 quidem
3008 2379 3138 2432 la‘ca
3167 2374 3542 2431 communione

2054 2502 2072 2534 ι
2112 2481 2305 2550 dignus
2338 2477 2550 2533 haberi.
2586 2476 2662 2528 An
2695 2466 2989 2541 crgo’luec
3038 2470 3208 2537 placet
3251 2466 3539 2527 sententia,

2053 2594 2072 2626 ι
2110 2556 2445 2640 respondete.
2478 2568 2889 2638 Responderunt
2932 2583 2944 2618 :
2982 2564 3192 2616 Placent
3244 2575 3362 2628 qua:
3402 2558 3545 2614 dicta

2059 2687 2079 2719 ι
2123 2674 2267 2720 Sunt.
2306 2684 2324 2715 ι

2050 2756 2255 2813 BALS.
2279 2754 2375 2808 llic
2409 2766 2619 2821 quoque
2646 2764 2815 2805 canon
2849 2762 2877 2800 a
2915 2746 3088 2814 prjmo
3114 2741 3392 2808 dependet.
3413 2739 3544 2791 Cum

1918 2908 1923 2913 ,
1980 2852 2122 2907 enim
2158 2850 2372 2917 quidam
2402 2843 2635 2910 episcopi
2664 2848 3050 2893 accusarentur
3080 2830 3297 2904 prepter
3334 2847 3485 2885 snam
3518 2846 3545 2883 a

1982 2945 2198 3001 civitate
2230 2942 2282 2995 in
2317 2939 2586 2993 civitatem
2622 2931 3172 2994 lransmigralionettt,
3199 2936 3251 2979 et
3284 2940 3549 2979 conaren-

1984 3048 2073 3093 tur
2110 3051 2168 3092 se
2194 3045 2474 3095 excusare,
2510 3043 2602 3082 seu
2634 3041 2697 3080 ex
2727 3040 2785 3079 se
2813 3020 3239 3077 criminationem
3296 3015 3503 3069 amoliri
3530 3053 3548 3077 ,

1982 3147 2047 3187 eo
2072 3128 2213 3199 quod
2239 3127 2476 3180 dicerent
2507 3136 2603 3189 per
2629 3117 2807 3189 populi
2840 3110 3074 3167 civitatis
3121 3112 3330 3164 litteras
3357 3122 3414 3162 se
3460 3123 3546 3159 re-

1986 3220 2216 3275 cessisse
2244 3218 2311 3271 ab
2338 3230 2400 3269 ea
2429 3213 2645 3267 civitate
2675 3224 2795 3280 qum
2840 3206 2958 3261 illos
2990 3206 3177 3259 sortita
3212 3212 3291 3255 est
3317 3217 3332 3266 ;
3361 3200 3553 3255 decre-

1987 3319 2183 3366 verunt
2209 3308 2415 3372 Patres,
2443 3320 2512 3359 ne
2544 3304 2642 3357 bne
2667 3302 2884 3371 quidem
2918 3298 2983 3352 ad
3010 3294 3373 3351 defensionem
3409 3290 3556 3346 solli-

1988 3417 2133 3463 cere.
2187 3400 2312 3468 quia
2368 3395 2661 3451 verisimile
2693 3401 2777 3447 est
2824 3392 2937 3444 bmc
2972 3386 3164 3440 callide
3214 3383 3350 3439 facta
3391 3381 3556 3437 fuisse

1990 3510 2087 3564 per
2122 3505 2320 3558 paucos
2352 3487 2585 3542 civitatis
2616 3484 2947 3539 habitatores
2976 3476 3216 3547 pecuniis
3246 3483 3555 3543 corruptos,

1989 3562 2043 3640 et
2075 3583 2235 3638 veluti
2264 3580 2508 3637 mercede
2537 3577 2850 3631 cenductos.
2886 3570 3039 3643 Unde
3065 3578 3117 3622 et
3138 3567 3438 3635 episcopos,
3464 3562 3556 3633 qui

1990 3677 2103 3731 ita'c
2130 3674 2529 3733 machinantur,
2561 3684 2654 3736 per
2690 3665 2986 3734 perfectam
3018 3660 3410 3714 abdicationem
3457 3671 3559 3725 pll-

1992 3769 2227 3825 nicrunt,
2259 3774 2313 3817 ut
2350 3779 2414 3818 ne
2460 3761 2749 3816 morientes
2782 3759 2995 3827 quidem
3055 3764 3113 3808 ut
3153 3752 3275 3805 laici
3314 3765 3556 3803 commn~

1995 3854 2153 3906 ltitmé
2207 3851 2350 3920 digni
2406 3850 2724 3901 habeantur.
2768 3846 2859 3898 llis
2890 3854 3071 3897 autem
3110 3844 3177 3894 ita
3210 3856 3266 3895 se
3308 3837 3560 3893 babenti-

1994 3948 2112 4011 lms,
2185 3962 2248 3999 ne
2334 3943 2535 3998 dixeris
2568 3940 2646 3993 eis
2680 3954 2797 3993 esse
2827 3938 3208 4007 iguoceudum,
3243 3934 3330 3997 qui
3363 3949 3389 3984 a
3425 3931 3529 3985 civi
3559 3964 3564 3971 -

1993 4038 2094 4089 lzus
2130 4050 2251 4089 vero
2279 4034 2483 4088 evocati
2518 4040 2680 4095 sunt;
2714 4030 2790 4082 vel
2822 4030 2864 4082 si
2918 4043 3023 4081 non
3079 4026 3410 4094 ignoscatur,
3445 4039 3564 4079 esse

1995 4127 2314 4198 puniendos.
2352 4133 2408 4175 ut
2457 4139 2549 4173 eos
2585 4123 2672 4188 qui
2723 4120 3089 4173 evocationem
3137 4117 3322 4170 fraude
3357 4115 3563 4169 machi-

1999 4227 2195 4271 nantnr
2229 4232 2241 4267 :
2270 4217 2359 4266 sed
2409 4214 2492 4265 die
2542 4227 2633 4265 eos
2664 4210 3004 4277 deponendos
3052 4221 3195 4269 esse,
3248 4216 3305 4258 nt
3337 4206 3424 4271 qui
3460 4220 3563 4258 non

2000 4310 2227 4361 debeant
2265 4306 2450 4359 audire
2488 4296 2733 4357 homines
2768 4302 2833 4354 ad
2866 4301 3009 4368 ipsius
3066 4315 3168 4351 non
3209 4298 3562 4369 pertinentes.

2068 4399 2321 4456 ZONAR.
2354 4397 2505 4463 Qnol
2534 4395 2575 4445 si
2606 4394 2746 4461 quis,
2781 4392 2976 4457 inquit,
3013 4392 3145 4441 adeo
3177 4390 3402 4443 insanus
3443 4398 3560 4439 tan-

1932 4510 1979 4569 υ
2010 4506 2166 4561 taque
2185 4492 2505 4547 conlidi-nt‘a
2529 4488 2785 4553 pnedilus
2811 4484 3124 4552 reperiatur,
3147 4481 3236 4550 qui
3263 4481 3420 4533 etiam
3448 4489 3570 4547 post

2008 4590 2147 4640 hunc
2182 4600 2441 4636 cannnem
2474 4582 2673 4634 editum
2705 4578 2974 4631 civitatem
3010 4586 3216 4637 nmtare,
3244 4587 3407 4625 ausus
3458 4571 3574 4623 fne-

2006 4680 2093 4739 rit.
2122 4692 2293 4743 eoque
2324 4690 2381 4727 se
2409 4686 2689 4733 excusare,
2720 4671 2820 4723 hoc
2850 4678 2961 4731 est,
3014 4666 3147 4718 tueri
3203 4663 3401 4717 factum
3459 4662 3572 4714 cri-

2008 4786 2240 4841 menque
2272 4767 2514 4821 refellere
2559 4765 2691 4819 velle
2716 4763 2983 4819 videatur,
3015 4760 3154 4826 quod
3193 4757 3420 4820 litteras,
3450 4755 3572 4823 qui-

2008 4863 2106 4914 bus
2144 4861 2207 4913 ad
2255 4856 2609 4926 episcopalem
2668 4868 2849 4906 curam
2892 4860 3251 4911 evucaretur,
3299 4861 3327 4899 a
3383 4844 3575 4914 populo

2008 4953 2216 5006 urbano
2261 4967 2318 5004 se
2354 4950 2562 5007 tulisse.
2602 4948 2652 4999 id
2704 4955 2820 5009 est,
2854 4943 3127 5007 accepisse
3158 4948 3365 5001 asserat
3398 4954 3460 4989 ac
3486 4938 3579 4990 de-

2012 5044 2226 5104 fendat;
2276 5041 2437 5095 facile
2480 5047 2723 5107 apparet,
2773 5035 2962 5105 paucis
3020 5030 3353 5095 hominibus,
3413 5039 3472 5081 ut
3524 5029 3576 5082 in

2008 5135 2235 5191 ecclesia
2287 5131 2625 5185 seditionem-
2650 5129 2968 5187 excitarent,
3003 5126 3284 5191 ipsumque
3325 5122 3426 5174 sibi
3459 5121 3578 5187 epi-

2011 5244 2231 5294 scopum
2262 5226 2636 5287 deposcerent,
2666 5220 2734 5273 ab
2758 5234 2822 5271 eo
2852 5217 3160 5285 persuaderi
3186 5214 3442 5282 potuisse.
3470 5210 3579 5264 Sed

2011 5335 2197 5369 eortun
2234 5316 2481 5382 sulfragia
2532 5312 2633 5365 sibi
2684 5311 2772 5362 ille
2818 5307 3065 5362 videlicet
3118 5314 3425 5359 emercatus
3473 5309 3578 5362 est,

2015 5408 2317 5479 pecuniam,
2347 5421 2505 5475 quam
2538 5402 2838 5457 mercedem
2889 5416 2952 5453 ac
3003 5400 3233 5469 pretium
3269 5411 3441 5449 canon
3480 5407 3579 5461 ap-

2016 5501 2200 5571 pellat.
2235 5497 2539 5553 hominibus
2566 5494 2869 5559 dilargitus.
2906 5492 3139 5546 Omnino
3175 5490 3356 5555 igitur,
3384 5486 3579 5552 inquit,

2016 5589 2349 5657 episcopum,
2381 5585 2445 5636 ad
2473 5582 2697 5637 callidas
2732 5582 2830 5635 bas
2853 5592 2997 5635 artes
3028 5580 3144 5633 sive
3170 5576 3405 5630 lallacias
3433 5574 3582 5628 frau-

2018 5679 2219 5748 desque
2273 5675 2695 5747 confugientem,
2755 5676 2971 5741 impune
3018 5669 3167 5723 abire
3220 5668 3358 5722 haud
3407 5672 3583 5721 decet.

1978 5810 1984 5816 .
2017 5770 2137 5825 Erit
2167 5784 2294 5842 ergo
2329 5770 2443 5826 haec
2473 5765 2890 5831 animadversio,
2918 5773 2973 5817 ut
3002 5762 3092 5834 qui
3124 5761 3326 5831 aliquid
3363 5760 3465 5815 tale
3491 5763 3586 5815 ad-
