3982 6494
342 400 471 465 143Ἱ

1486 400 1567 461 IN
1601 398 1767 459 CAN.
1795 394 1883 455 ΙΙΙ
1912 393 2119 459 C'JNC.
2161 394 2454 463 SARDIC.

3424 396 3552 459 1H

332 524 412 581 εἰς
441 519 590 572 πόλιν
617 519 719 572 ὑπὸ
752 518 849 588 τὴν
884 519 1053 591 αὐτὴν
1085 518 1351 591 ἐπαρχίαν
1378 507 1542 571 οὖσαν
1570 514 1882 579 πλεονεξίαν

1996 516 2103 569 lem
2156 534 2183 570 a
2232 520 2449 574 civitate
2495 523 2544 575 in
2577 518 2871 586 civitatem,
2925 530 3041 591 quae
3097 520 3176 577 est
3223 519 3321 573 sub
3369 518 3553 566 eadem

331 612 365 682 ἢ
397 600 713 678 ἀλαζονείαν
743 600 837 665 τού
878 612 1176 665 ἐπισκόπου
1228 611 1542 681 κατηγορεῖ,
1592 606 1885 663 κάντεῦθεν

332 705 425 757 καὶ
457 706 791 774 τιμωρητέον
825 704 968 757 ἐστί·
1002 704 1061 758 τὸ
1093 704 1147 757 δὲ
1185 702 1538 773 μεθίστασθαι
1571 701 1689 755 ἀπὸ·
1711 701 1884 769 ἐπαρ-

332 798 455 867 χίας
500 797 578 861 είς
624 798 888 868 ἐπαρχίαν
937 786 1284 867 περιελείφθη
1329 794 1646 854 ἀκόλαστον,
1678 791 1753 855 ὡς
1796 793 1886 845 ἐν·

332 886 522 941 τεῦθεν
551 888 625 957 μὴ
671 888 1100 959 ἀναφαινομένου
1133 888 1337 955 φαύλου
1370 884 1531 951 τινὸς,
1558 880 1648 937 διὰ
1687 884 1747 937 τὸ
1788 885 1887 946 τὰς

336 981 604 1049 ἐπαρχίας
636 982 693 1047 ἐξ
726 981 972 1049 ἀλλήλων
998 976 1186 1053 πόρρω
1216 978 1647 1043 ἀποδιίστασθαι,
1677 979 1770 1031 καὶ
1806 978 1880 1047 μὴ

331 1072 528 1124 διδόναι
556 1072 784 1142 παροδον
807 1075 918 1136 τοῖς
946 1074 1003 1124 ἐν
1028 1073 1219 1134 αὑταῖς
1249 1070 1568 1133 ἐπισκόποις
1590 1070 1883 1138 γινώσκειν

330 1162 427 1221 τὰς
450 1162 558 1213 τῶν
589 1162 861 1231 ἑκατέρων
886 1161 1188 1232 ἐκκλησιῶν
1211 1161 1465 1224 εἰσόδους,
1487 1163 1579 1214 καὶ
1607 1161 1677 1213 τὰ
1706 1158 1885 1229 πλήθη

331 1252 425 1305 τοῦ
459 1254 517 1305 ἐν
543 1252 762 1316 ταύταις
792 1252 943 1307 λαοῦ.
969 1252 1151 1306 Ταῦτα
1191 1252 1321 1322 γοῦν
1352 1252 1433 1323 μὴ
1468 1251 1884 1321 παραδεξαμένη

332 1347 365 1413 ἡ
398 1347 633 1409 σύνοδος,
668 1347 981 1415 παρομοίως
1008 1348 1104 1400 καὶ
1136 1347 1359 1409 τούτους
1393 1345 1716 1410 κολάζεσθαι
1761 1336 1886 1397 διω-

336 1438 543 1505 ρίσατο.
584 1425 821 1490 Ἀκούων
871 1438 929 1491 δέ
962 1437 1055 1490 τοῦ
1110 1437 1337 1503 κανόνος
1388 1428 1757 1509 διοριζομένου
1802 1446 1887 1491 τιν

339 1530 634 1599 μωρεῖσθαι
663 1533 789 1595 τοὺς
836 1531 1259 1601 μεταϐαίνοντας
1306 1531 1502 1601 ἀκλητι
1552 1526 1886 1592 ἐπισκόπους

333 1622 442 1673 ἀπὸ
470 1623 735 1692 ἐπαρχίας
765 1623 845 1685 είς
876 1610 1071 1693 ἐτέραν
1102 1624 1373 1695 ἐπαρχίαν
1398 1614 1630 1695 ἔχουσαν
1660 1623 1888 1677 ἐπίσκο-

332 1720 451 1775 πον,
488 1712 562 1785 μὴ
603 1716 762 1784 sint};
786 1714 1111 1779 ἀνευθύνους
1138 1713 1275 1768 εἶναι
1308 1716 1433 1779 τοὺς
1467 1714 1888 1786 ἱερουργοῦντας

331 1806 411 1867 είς
442 1804 635 1874 ἐτέρας
686 1805 954 1876 ἐπαρχίας
998 1806 1072 1877 μὴ
1121 1806 1346 1877 ἐχούσας
1398 1807 1746 1869 ἐπισκόπους.
1779 1808 1887 1860 Καὶ

330 1889 474 1948 οὗτοι
532 1896 639 1965 γὰρ
697 1896 896 1964 ὁμοίως
953 1897 1056 1950 ὑπὸ
1104 1897 1213 1951 τῶν
1258 1898 1509 1957 κανόνων,
1548 1897 1889 1950 εὐθύνονται.

331 1972 640 2057 Προσετέθη
672 1977 725 2041 δὲ
756 1978 841 2051 τὸ,
875 1990 963 2042 Ἐν
1056 1992 1430 2059 ’τυγχάνουσιν
1467 1993 1778 2051 ἐπίσκοποι,
1804 1990 1892 2044 διὰ

327 2082 455 2143 τοὺς
482 2082 814 2145 ἐπισκόπους
846 2082 971 2146 τοὺς
1005 2084 1225 2152 ἔχοντας
1253 2086 1470 2153 ἐνορίας
1503 2087 1582 2146 εἰς
1605 2084 1698 2137 δύο
1728 2081 1760 2157 ἢ
1796 2086 1891 2137 καὶ

328 2174 477 2242 τρεῖς
526 2174 783 2237 πολλάκις
829 2176 1116 2245 ἐπαρχίας.
1160 2168 1281 2231 Ἔτι
1330 2178 1610 2247 ἐπήγαγεν
1651 2179 1679 2229 ό
1712 2176 1891 2230 κανὼν

329 2268 422 2317 καὶ
467 2266 651 2335 ἕτερον
698 2266 1015 2334 κεφάλαιον,
1060 2272 1152 2323 καὶ
1196 2267 1380 2323 εἷπεν·
1435 2272 1496 2323 Εἰ
1537 2270 1593 2323 δὲ
1631 2266 1889 2339 πρᾶγμα,

327 2354 492 2428 ἤγουν
518 2359 791 2423 ὑπόθεσιν,
814 2361 926 2430 ἔχει
955 2361 1252 2427 ἐπίσκοπος
1300 2363 1438 2432 μετὰ
1486 2363 1888 2418 συνεπισκόπου

328 2447 517 2515 αὐτοῦ,
547 2450 630 2514 τίς
656 2452 860 2520 ὀφείλει
906 2454 1005 2523 τὴν
1056 2454 1313 2507 ὑπόθεσιν
1354 2455 1632 2520 δικάζεινς
1670 2457 1890 2523 ’Ὠρισεν

328 2541 420 2593 οὖν
445 2543 546 2595 ὑπὸ
588 2543 695 2596 τῶν
741 2546 1097 2615 ἐπαρχιωτῶν
1126 2548 1439 2599 ἐπισκόπων
1467 2548 1695 2610 τούτους
1737 2548 1891 2600 δικα-

329 2633 539 2713 ζεσθαι,
588 2639 707 2688 καὶ(
739 2626 811 2706 μή
864 2649 982 2692 τινα
1041 2638 1148 2690 τῶν
1201 2630 1571 2709 δικαζομένων
1616 2641 1673 2705 ἐξ
1722 2640 1889 2710 ἄλλης

328 2729 433 2779 ἐπα
445 2729 600 2798 ρχίας
636 2730 1059 2799 μ.ετακαλεῖσθαι
1096 2731 1533 2799 συνδιαγνώμονα
1556 2728 1883 2785 ἐπίσκοπον·

330 2819 729 2886 καταγινώσκει
767 2822 874 2889 γὰρ
902 2818 1143 2890 ἀμαθίας
1174 2812 1206 2891 ἢ
1234 2820 1447 2882 ἀδικίας
1474 2822 1580 2874 τῶν
1614 2824 1890 2890 ἐπαρχιω-

328 2912 456 2963 τῶν.
500 2912 583 2972 Ὠς
610 2912 664 2963 δέ
697 2929 836 2972 τινος
870 2912 1135 2976 εἰπόντος,
1165 2913 1223 2965 ΕΞ
1270 2905 1325 2965 δέ
1356 2930 1435 2975 τις
1461 2915 1523 2965 ἐκ
1549 2914 1751 2965 τούτων
1796 2922 1893 2966 κα·

328 3004 717 3073 τακρινόμενος
748 3004 960 3069 νομίσει
995 3002 1345 3073 βαρύνεσθαι,
1383 3004 1476 3056 καὶ
1506 3005 1887 3065 ἐκκαλέσεταῑ,

331 3096 410 3156 είς
472 3094 620 3147 οὐδὲν
685 3094 831 3164 αὐτῷ
900 3096 967 3148 τα
1026 3097 1122 3164 τῆς
1192 3096 1456 3166 ἐκκλήτου
1523 3096 1889 3157 συντελοῦσιν,

1991 610 2283 678 provincia,
2314 614 2594 671 avaritiam
2627 617 2704 669 vel
2731 619 2897 671 etiam
2930 616 3290 681 arrogantiam
3318 609 3551 677 episcopi

1989 701 2185 769 arguit,
2220 713 2273 756 et
2317 704 2436 759 ideo
2464 708 2797 776 puniendum
2831 716 2914 761 est
2950 724 2965 762 :
3002 722 3029 759 τι
3066 703 3335 773 provincia
3368 712 3546 754 autem

1990 792 2043 847 in
2089 794 2417 862 provinciam
2474 800 2706 851 transire
2748 797 3068 868 impunitum
3128 794 3373 848 relictum
3429 801 3553 853 Cal;

1991 893 2174 953 utpote
2208 888 2348 954 quod
2381 887 2513 941 nihil
2549 884 2671 942 mali
2699 906 2762 942 ex
2798 905 2861 943 eo
2891 888 3119 947 oriatur,
3163 904 3225 939 eo
3258 888 3396 951 quod
3427 899 3553 951 pro-

1988 976 2178 1032 vincia:
2207 979 2316 1032 sint
2342 978 2498 1048 longe
2528 996 2555 1034 a
2591 997 2650 1035 se
2684 973 2908 1036 invicem
2944 984 3245 1048 tlisjuncue,
3280 996 3377 1035 nec
3424 978 3552 1043 epi-

1989 1070 2186 1139 scopis,
2215 1072 2303 1138 qui
2336 1080 2460 1125 sunt
2496 1072 2545 1123 in
2572 1072 2674 1133 eis,
2719 1073 2921 1127 aditum
2981 1076 3282 1137 prvlteattl,
3329 1082 3385 1124 ut
3425 1085 3553 1138 pos-

1989 1163 2480 1231 sintutrarumqne
2521 1163 2883 1217 Eeclesiarnm
2940 1167 3144 1219 reditus
3206 1178 3555 1231 cognoscere.

1986 1261 2041 1308 et
2074 1252 2467 1307 multitudinem
2519 1255 2731 1321 populi,
2772 1254 2863 1324 qui
2914 1256 2967 1309 in
3012 1256 3091 1310 eis
3123 1265 3223 1309 est.
3263 1256 3384 1308 llzec
3437 1268 3544 1305 non

1988 1344 2280 1400 admittens
2318 1346 2580 1415 synodus,
2627 1362 2720 1401 eos
2762 1362 2974 1417 quoque
3023 1348 3272 1401 similiter
3327 1345 3553 1414 punien-

1988 1433 2085 1489 dos
2124 1449 2244 1491 csse
2279 1435 2537 1491 decrevit.
2574 1437 2703 1491 Cum
2736 1448 2914 1491 autem
2955 1438 3108 1490 audis
3145 1450 3408 1490 canonem
3467 1450 3552 1487 uc-

1991 1527 2264 1584 tlnientem
2317 1531 2494 1597 puniri
2530 1530 2834 1600 episcopos,
2872 1531 2962 1599 qui
2995 1547 3098 1583 non
3134 1530 3307 1582 vocati
3358 1529 3423 1581 ab
3454 1541 3557 1579 una

1986 1621 2260 1689 provincia
2292 1622 2342 1675 iit
2374 1622 2530 1674 aliam
2577 1630 2856 1691 transeunt
2889 1623 3168 1683 habentem
3204 1622 3511 1690 episcopum
3539 1636 3554 1681 ;

1992 1730 2054 1769 ne
2087 1714 2236 1768 dicas
2264 1727 2358 1769 eos
2386 1716 2605 1784 impune
2633 1716 2833 1769 laturos
2855 1758 2869 1777 ,
2898 1715 2985 1784 qui
3020 1717 3070 1767 in
3105 1714 3395 1780 provinciis
3446 1730 3547 1764 non

1996 1805 2314 1861 habentibus
2379 1808 2659 1876 episcopos
2714 1822 2864 1861 sacra
2911 1818 3191 1876 peragunt.
3242 1805 3372 1858 Nam
3426 1814 3476 1856 et
3523 1804 3557 1855 ii

1993 1898 2238 1953 similiter
2264 1915 2292 1953 a
2323 1901 2618 1954 Canonibtts
2650 1900 3013 1969 corriguntur.
3054 1898 3304 1951 Additum
3342 1904 3425 1948 est
3461 1910 3557 1946 an-

1994 1995 2096 2045 tem
2129 1991 2274 2055 illttd,
2302 1991 2359 2046 In
2389 2007 2505 2062 qua'
2526 2000 2654 2047 sunt
2683 1982 2940 2060 episcopi,
2986 2002 3203 2059 propter
3250 1989 3557 2054 episcopos,

1993 2084 2082 2151 qui
2114 2084 2360 2154 regiones
2390 2087 2582 2139 habent
2624 2085 2675 2137 in
2709 2086 2914 2137 duabus
2941 2083 3022 2135 vel
3056 2081 3228 2135 tribus
3256 2094 3396 2149 saepe
3433 2095 3559 2146 pro-

1992 2179 2202 2233 Viuciis.
2237 2178 2500 2234 Praeterea
2532 2176 2808 2246 subiunxit
2848 2191 3015 2230 canon
3057 2175 3199 2228 aliud
3230 2188 3443 2243 quoque
3474 2187 3558 2224 ca-

1994 2274 2107 2331 put,
2138 2274 2191 2319 et
2219 2266 2371 2321 dixit:
2412 2265 2467 2320 Si
2504 2277 2679 2320 autem
2709 2267 2993 2335 episcopus
3025 2267 3183 2320 habet
3212 2264 3433 2331 aliquod
3466 2278 3558 2314 ne-

1996 2356 2222 2425 gotium,
2257 2374 2351 2413 seu
2382 2366 2600 2414 cauSam
2631 2358 2890 2430 aliquam,
2927 2375 3047 2413 cum
3088 2373 3186 2412 suo
3219 2356 3559 2424 coepiscopo.

1995 2452 2116 2522 quis
2175 2453 2335 2509 debet
2383 2469 2601 2510 causam
2646 2456 2925 2525 judicare?
2974 2455 3171 2510 Statuit
3218 2442 3345 2523 ergo
3391 2468 3483 2507 eos
3530 2469 3559 2505 a

1992 2547 2413 2615 provincialibus
2488 2550 2752 2621 episcopis
2808 2550 3155 2616 iudicandos,
3224 2566 3319 2604 nec
3396 2550 3559 2602 nllntu

1992 2641 2205 2709 earum,
2235 2644 2325 2711 qtti
2364 2641 2568 2709 judicio
2617 2645 2966 2709 contendunt,
3015 2661 3079 2699 ex
3130 2645 3231 2697 alia
3289 2640 3559 2710 provincia

1993 2746 2270 2788 accersere
2296 2734 2626 2801 cognitorem
2661 2736 2967 2805 episcOpnm
2998 2754 3011 2791 :
3040 2735 3391 2807 provinciales
3421 2733 3561 2789 cnim

1995 2826 2312 2893 ignorantia:
2343 2828 2421 2880 vel
2457 2826 2736 2895 injustitize
2763 2842 2827 2882 eo
2860 2830 2974 2897 ipso
3018 2831 3363 2884 coodemnat.
3416 2828 3562 2881 Tan-

1993 2930 2153 2982 quam
2187 2924 2362 2970 autem
2397 2916 2621 2971 dixisset
2646 2918 2931 2986 quispiam,
2964 2919 3017 2972 Si
3055 2920 3175 2986 quis
3213 2934 3395 2971 eorum
3429 2933 3560 2970 cou-

1994 3006 2279 3061 detnnatus
2322 3023 2381 3062 se
2429 3009 2640 3077 gravari
2696 3010 2985 3073 existimet,
3048 3020 3101 3064 et
3147 3010 3395 3079 appellet,
3446 3010 3562 3073 ejus

1996 3099 2283 3165 appellatio
2317 3101 2381 3152 ad
2417 3100 2547 3153 nihil
2582 3102 2794 3165 redibit,
2826 3100 2992 3172 486
3036 3117 3155 3154 cum
3206 3117 3307 3154 non
3355 3100 3561 3167 possint

326 3186 406 3248 ὥς
460 3187 533 3255 μὴ
567 3187 880 3257 δυναμένων
918 3188 1120 3258 ἐτέρων
1173 3188 1490 3241 ἐπισκόπων
1534 3190 1890 3259 ἐπαρχιωτῶν

2001 3192 2089 3243 alii
2124 3193 2479 3261 provinciales
2529 3193 2764 3263 episcopi
2819 3196 3177 3263 cognitionem
3224 3209 3472 3250 evocare.
3506 3206 3561 3246 ιιι

329 3280 715 3332 ἀνακαλεῖσθαι
743 3281 1032 3348 διάγνωσιν
1064 3281 1201 3334 κατὰ
1246 3281 1344 3350 τὴν
1398 3281 1656 3353 ῥηθεῖσαν
1685 3282 1895 3335 διὰστιο

331 3372 434 3438 ξιν·
474 3373 768 3444 προσέθετο
800 3372 874 3443 μὴ
911 3370 1053 3426 εἶναι
1094 3358 1474 3444 ἇπαρόιδεκτον
1502 3373 1594 3426 τὸν
1628 3374 1893 3428 ἐκκαλού-

332 3471 493 3535 μενον
548 3468 685 3519 κατὰ
743 3466 841 3534 τῆς
893 3467 1127 3534 κρίσεως
1183 3467 1288 3519 τῶν
1348 3467 1730 3537 ἐπαρχιωτῶν,
1776 3468 1893 3520 ἀλλ’

331 3558 565 3625 ὀφείλειν
592 3559 718 3621 τοὺς
749 3552 1094 3629 ἐπαρχιώτας
1126 3554 1215 3613 διὰ
1258 3561 1425 3630 τιμὴν
1471 3559 1564 3612 τοῦ
1602 3559 1895 3613 ἀποστολι-

329 3649 428 3703 κοῦ
483 3651 675 3719 θρόνου
747 3653 979 3721 γράφειν
1033 3652 1100 3705 τὰ
1162 3652 1498 3721 συναχθέντα
1550 3652 1629 3723 τῷ
1686 3653 1890 3724 πάππα

343 3744 557 3815 Ῥώμης
591 3740 678 3816 (ἦν
701 3744 757 3797 δέ
795 3745 915 3797 τότε
952 3734 1168 3806 ’ἰούλιός
1196 3762 1278 3807 τις
1310 3745 1609 3808 ἐπίσκοπος
1636 3746 1892 3814 ταύτης),

326 3836 425 3888 καὶ
458 3837 604 3905 παρᾶ
648 3840 714 3907 τῇ
762 3837 986 3908 ἐξουσίᾳ
1036 3837 1246 3891 ἐκείνου
1288 3838 1628 3908 ἀνηρτῆσθαι
1678 3837 1749 3892 τὰ
1795 3838 1895 3907 τῆς

331 3930 594 3999 ἐκκλήτου
625 3946 639 3961 ο
673 3930 758 3999 ἐφ’
805 3924 869 3997 ᾧ,
897 3933 946 3983 εἱ
991 3931 1091 4000 μὲν
1134 3931 1381 4000 διαγνοίη
1432 3932 1585 3996 ἄξιον
1637 3929 1779 3988 εἶναι
1833 3933 1895 3986 τὸ

330 4014 564 4093 πρᾶγμα
609 4024 868 4094 δευτέρας
903 4014 1332 4090 κατεξετάσεως,
1362 4023 1543 4095 ὁρίσαι
1577 4026 1732 4093 παρα
1780 4025 1893 4077 τῶν

329 4116 747 4185 γειτνιαζόντων
780 4117 1099 4169 ἐπισκόπων
1130 4116 1509 4186 ἁνανεωθῆναι
1540 4118 1599 4171 τὸ
1638 4114 1897 4187 δικαστῆο

334 4227 467 4279 ριον,
499 4211 590 4262 καὶ
618 4209 957 4280 σκοπηθῆναι
988 4210 1083 4279 τὴν
1134 4209 1544 4279 προγενομένην
1574 4209 1850 4277 ἀπόφασιν
1876 4226 1891 4241 ο

330 4302 379 4352 εἰ
410 4300 465 4353 δὲ
496 4299 772 4369 καταλάϐῃ
806 4300 989 4363 καλῶς
1039 4300 1135 4369 τὴν
1184 4292 1445 4352 ὑπόθεσιν
1492 4300 1768 4369 κριθῆναι,
1802 4301 1897 4353 καὶ

334 4393 409 4464 μὴ
439 4393 646 4445 δεῖσθαι
668 4392 871 4457 ταύτην
901 4393 1157 4464 δευτέρας
1187 4393 1560 4463 συζητήσεως,
1591 4394 1772 4465 ὁρίσαι
1806 4395 1899 4464 μέ-

330 4503 441 4537 νειν
495 4485 561 4539 τε
610 4472 753 4549 ἅπαξ
806 4472 1219 4555 προκεκριμένα
1274 4485 1611 4539 ἀναλλοίωτα
1686 4505 1745 4539 τε
1802 4488 1895 4541 καὶ

334 4577 546 4645 βέϐαια.
575 4575 684 4628 Καὶ
720 4574 787 4626 τα
836 4574 934 4645 μὲν
962 4574 1056 4627 τοῦ
1089 4574 1315 4637 κανόνος
1350 4577 1407 4627 ἐν
1447 4566 1681 4638 τούτοις.
1718 4575 1892 4647 Ἐρω-

331 4671 485 4739 τὴσει
528 4668 584 4721 δέ
633 4685 738 4733 τις,
775 4667 849 4730 ὡς
876 4667 969 4720 τοῦ
1016 4672 1079 4719 ιε’
1122 4667 1345 4730 κανόνος
1376 4656 1476 4737 τῆς
1506 4669 1562 4719 ἐν
1593 4668 1897 4740 Ἀντιοχείᾳ

333 4760 553 4813 συνόδου
605 4758 980 4828 διοριζομένου
1039 4759 1108 4811 τὰ
1154 4760 1457 4827 κεκριμένα
1519 4759 1625 4811 ὑπὸ
1676 4761 1897 4812 πάντων

335 4854 437 4905 τῶν
468 4851 827 4922 ἐπιρχιωτῶν
856 4851 1173 4904 ἐπισκόπων
1206 4851 1788 4922 ὁμογνωμονησαντων
1820 4853 1896 4921 μὴ

330 4942 718 5016 ἀνακρίνεσθαι
751 4942 882 5011 παρ’
909 4942 1110 5011 ἐτέρων
1136 4942 1319 5006 τινῶν,
1355 4942 1449 4994 καὶ
1479 4942 1571 4995 τοῦ
1623 4944 1895 5013 παρόντος

334 5037 553 5099 κανόνος
578 5036 828 5105 ἐκκλήτῳ
861 5033 1183 5087 ὑποκεῖσθαι
1211 5034 1313 5107 τὴν
1336 5033 1598 5103 τοιαύτην
1623 5037 1899 5104 ἀπόφασιν

334 5130 724 5199 διοριζομένου,
785 5127 890 5181 τίνι
959 5126 1247 5195 προσέχειν
1323 5126 1643 5195 ὃφείλομεν;
1680 5127 1895 5190 Λύσις.

334 5213 489 5277 Τινὲς
515 5216 611 5285 μὲν
635 5215 786 5269 εἷπον
820 5216 895 5286 μὴ
923 5216 1277 5284 όμοφωνῆσαι
1309 5215 1543 5269 ἐνταῦθα
1570 5217 1696 5279 τοὺς
1732 5218 1903 5286 ἐπαρ-

336 5310 533 5380 χιώτας
561 5309 913 5371 ἐπισκόπους,
942 5308 1075 5359 ἀλλὰ
1114 5308 1456 5377 διαιρεθῆναι
1488 5310 1569 5370 είς
1605 5309 1897 5377 διαφόρους

337 5404 580 5473 γνώμας,
617 5403 710 5454 καὶ
754 5400 841 5454 διὰ
884 5402 1043 5453 τοῦτο
1073 5403 1217 5471 ἐχειν
1254 5402 1438 5472 χώραν
1467 5402 1532 5454 τα
1563 5394 1664 5471 τῆς
1696 5403 1898 5471 ἐκκλή-

338 5510 431 5547 του
452 5509 466 5525 ·
500 5492 727 5547 ἄλλοιδέ
756 5487 909 5543 εἷπον
945 5492 1041 5553 ώς,
1074 5492 1196 5545 ἐπεὶ
1239 5492 1701 5563 μεταγενέστερός
1752 5494 1900 5545 ἐστιν

339 5585 579 5654 όπαρὼν
625 5581 827 5647 κανὼν,
875 5581 1151 5650 ὀφείλουσι
1199 5585 1267 5636 τὰ
1304 5586 1477 5654 τούτῳ
1534 5585 1902 5655 περιεχόμενα

345 5678 546 5749 μᾶλλον
588 5679 827 5745 κρατεῖν.
869 5674 1121 5743 Ἀρέσκει
1152 5675 1244 5727 οὖν
1273 5677 1432 5728 τοῦτο
1476 5676 1667 5744 καμοι,
1699 5676 1775 5737 ὼς
1808 5675 1904 5727 καὶ

339 5770 573 5839 νομίμου
621 5769 907 5839 ἀκριεείας
955 5767 1237 5835 ἐχόμενον.
1282 5770 1722 5836 Νενομοθὲτηται
1770 5768 1899 5835 γὰρ,

334 5866 414 5921 νὴ
446 5865 612 5927 απαξ,
650 5864 781 5918 ἀλλὰ
813 5861 893 5925 δὶς
926 5859 1297 5929 ἐκκαλεῖσθαι,
1330 5864 1419 5915 τὸν
1451 5862 1741 5929 νομίζοντα
1784 5861 1895 5913 est.

1996 3282 2111 3337 Vttlt
2134 3284 2245 3352 jam
2277 3285 2417 3338 dicta
2451 3285 2722 3338 distinctio
2750 3300 2762 3338 :
2798 3286 2991 3354 adjecit
3021 3303 3122 3340 non
3158 3301 3276 3340 esse
3304 3286 3591 3365 rcpellenx

1996 3378 2142 3437 dum,
2178 3376 2267 3444 qui
2304 3395 2330 3427 ιι
2360 3378 2765 3444 provincialium
2792 3379 2994 3447 judicio
3025 3391 3312 3447 provocat;
3347 3385 3437 3432 sed
3470 3379 3562 3430 de-

1997 3466 2129 3519 bere
2157 3466 2541 3533 provinciales,
2575 3475 2797 3538 propter
2832 3468 3088 3522 honorem
3123 3469 3267 3522 sedis
3298 3468 3561 3536 apostoli-

1996 3567 2094 3616 ca},
2125 3567 2242 3624 ane
2276 3564 2421 3624 gesta
2456 3568 2579 3609 sunt
2612 3572 2761 3625 papa:
2793 3558 3031 3611 Romano
3085 3559 3389 3611 describere
3424 3559 3562 3621 (erat

1998 3654 2173 3699 :nttent
2204 3662 2267 3700 eo
2298 3657 2530 3717 tempore
2558 3649 2771 3718 quidam
2803 3647 2979 3703 Julius
3006 3648 3120 3718 ejns
3149 3649 3477 3716 episcopus),
3507 3659 3562 3700 et

1997 3737 2051 3791 iu
2087 3737 2204 3804 ejus
2269 3750 2544 3817 potestate
2592 3741 2818 3808 positam
2866 3756 2987 3796 esse
3029 3740 3460 3811 appellationem,
3505 3751 3563 3793 ut

1998 3825 2041 3877 si
2076 3840 2185 3879 rem
2208 3828 2423 3894 quidem
2451 3843 2569 3883 esse
2594 3830 2810 3899 dignam
2845 3840 3154 3901 cognoscat,
3181 3842 3300 3901 qua:
3328 3832 3563 3887 secundo

2000 3916 2359 3983 examinetur,
2395 3930 2597 3974 statuat
2647 3938 2675 3975 a
2727 3925 3051 3992 propinquis
3085 3924 3353 3993 episcopis
3394 3940 3553 3977 reno-

2000 4009 2109 4059 vari
2133 4007 2418 4075 judicium,
2443 4021 2497 4065 et
2525 4013 2588 4067 de
2618 4016 2951 4080 praecedente
2974 4018 3241 4070 sententia
3267 4016 3517 4084 cognOsci
3544 4031 3559 4068 :

1999 4102 2082 4153 sin
2116 4111 2290 4154 autem
2323 4092 2588 4159 invenerit
2610 4119 2827 4161 causam
2863 4102 3011 4161 recte
3043 4107 3210 4162 luisse
3238 4108 3561 4177 jndicatam.‘

1998 4199 2053 4244 et
2079 4194 2318 4247 secunda
2349 4195 2692 4263 inquisitione
2722 4214 2859 4268 opus
2888 4214 2990 4253 non
3021 4200 3238 4261 habere,
3286 4201 3562 4267 decernat,

1996 4298 2061 4338 ea
2095 4299 2213 4353 qua:
2248 4286 2393 4353 prius
2417 4285 2653 4352 iudicata
2704 4298 2848 4351 sunt,
2906 4290 3056 4342 llrtna
3108 4298 3162 4343 et
3202 4291 3562 4345 immutabilis

2001 4391 2336 4444 permanere.
2374 4378 2444 4433 Et
2483 4380 2534 4431 in
2589 4379 2671 4433 bis
2706 4378 2922 4448 quidem
2949 4382 3194 4435 consistit
3232 4398 3425 4437 canon.
3477 4382 3565 4436 ln-

2002 4469 2353 4539 terrogaverit
2378 4480 2559 4525 autem
2587 4472 2847 4541 quispiam
2877 4490 2892 4527 :
2930 4472 3063 4527 Cum
3090 4474 3353 4528 canonis
3382 4476 3564 4527 Antio-

2003 4563 2190 4617 chenze
2215 4565 2404 4635 synodi
2439 4560 2660 4629 statuat,
2694 4581 2779 4629 ea,
2819 4582 2937 4635 quze
2965 4572 3034 4620 ob
3064 4567 3314 4621 omnibus
3345 4570 3565 4636 provin-

2005 4654 2235 4710 cialibus
2269 4658 2539 4725 episcopis
2568 4657 3030 4712 consentientibus
3048 4657 3281 4724 iudicata
3319 4669 3460 4723 sunt,
3502 4661 3566 4714 ab

2001 4747 2275 4817 aliquibus
2309 4750 2429 4805 aliis
2464 4750 2656 4803 iterum
2693 4767 2798 4804 non
2830 4751 3083 4815 jttdicari,
3116 4766 3358 4820 prmsens
3387 4765 3565 4805 autem

2001 4854 2173 4895 canon
2199 4841 2385 4910 jnbeat
2415 4842 2572 4895 talem
2607 4842 2930 4895 sententiam
2979 4842 3322 4910 appellationi
3351 4841 3565 4909 subjici,

2002 4934 2257 5002 quidnam
2287 4936 2439 5003 sequi
2469 4937 2760 4989 debemus?
2801 4937 3034 4989 Salutio.
3086 4934 3265 5005 Aliqui
3317 4934 3561 4988 dicebant

2002 5028 2240 5095 quidem,
2271 5043 2375 5081 non
2412 5027 2576 5082 fuisse
2602 5030 2694 5084 hic
2734 5031 3031 5085 concordes
3063 5028 3416 5097 provinciales
3447 5026 3566 5095 cpi-

2004 5132 2216 5185 scopos,
2261 5119 2355 5173 sed
2396 5119 2448 5173 in
2480 5122 2660 5177 varias
2716 5122 3012 5175 sententias
3075 5122 3290 5182 divisos,
3342 5130 3395 5172 et
3447 5119 3565 5172 ideo

2002 5210 2178 5262 locum
2209 5209 2408 5265 habere
2442 5213 2855 5281 appellationem
2902 5231 2914 5265 :
2952 5215 3038 5267 alii
3076 5224 3252 5268 autem
3294 5211 3566 5271 dicebant,

2004 5302 2145 5370 quod
2184 5305 2310 5371 quia
2357 5319 2593 5372 praesens
2637 5318 2809 5359 canon
2856 5316 2940 5360 est
2994 5308 3281 5365 recentior,
3326 5304 3562 5367 debent,

2004 5409 2124 5462 quae
2167 5394 2221 5447 in
2266 5409 2333 5448 eo
2376 5396 2738 5459 continentur,
2797 5399 2963 5468 magis
3006 5398 3231 5452 servari.
3282 5395 3393 5448 lloc
3438 5380 3566 5462 ergo

2008 5487 2139 5539 mihi
2176 5500 2386 5557 quoque
2410 5489 2602 5556 placet,
2633 5498 2691 5542 ut
2719 5494 2861 5560 quod
2889 5493 2958 5544 sit
2983 5492 3065 5544 vel
3097 5491 3152 5543 in
3203 5489 3388 5557 primis
3428 5488 3564 5557 legi-

2007 5578 2221 5630 timum.
2260 5578 2400 5648 Lege
2430 5580 2571 5633 enim
2613 5594 2830 5635 cautum
2861 5592 2962 5641 est.
3005 5591 3062 5633 ut
3105 5596 3207 5633 non
3248 5579 3437 5639 semel,
3468 5578 3563 5632 sed

2009 5669 2089 5720 bis
2122 5681 2379 5736 provocet
2419 5674 2484 5736 is,
2529 5674 2618 5741 qtti
2665 5675 2765 5727 sibi
2800 5674 3047 5741 injuriaut
3084 5672 3196 5725 fieri
3230 5679 3399 5737 putat.
3434 5671 3566 5725 Esse

2008 5773 2182 5811 autem
2214 5760 2265 5812 in
2297 5772 2559 5829 potestate
2596 5780 2743 5833 papze
2770 5804 2784 5828 ,
2820 5776 2875 5815 nt
2902 5772 3145 5815 servetur
3177 5765 3258 5814 vel
3302 5779 3407 5814 non
3443 5776 3564 5815 ser-

2008 5839 2158 5906 vetur
2188 5854 2497 5923 apphllatio,
2527 5866 2608 5912 est
2642 5857 2915 5927 proprium
2950 5856 3002 5909 itt
3034 5854 3430 5911 ecclesiasticis.
3463 5852 3563 5909 Le-
