3982 6494
267 352 395 414 ΗΤΠ

1431 354 1513 421 ΙΝ
1553 364 1716 424 CAN.
1753 361 1828 425 Ν
1865 362 2074 430 CONC.
2119 364 2412 434 SARDIC.

3367 368 3500 432 1438

258 472 478 525 ΛΗΣΤ.
516 492 534 525 ι
577 475 780 542 Μηδεὶς
820 477 1134 531 ἐπισκόπων
1159 480 1391 549 ἄκλητος
1416 484 1499 543 είς
1527 482 1681 533 πόλιν
1708 483 1828 536 δια-

1932 489 2157 541 AlllST.
2232 509 2249 541 ι
2287 489 2473 542 Nullus
2514 490 2915 556 episcoporum,
2978 489 3080 541 nisi
3143 498 3385 550 vocatus,
3441 492 3492 540 in

330 584 355 616 ιη
387 565 640 621 ϐαινέτω.
674 570 782 622 Καὶ
803 572 830 622 ὸ
857 571 1225 641 ἐπαρχιώτης,
1253 578 1299 626 εί
1332 576 1421 626 ἐπί
1451 592 1504 626 τι
1529 575 1823 637 δικάζοιτο,

331 676 348 706 ι
389 660 701 730 ἀλλοτρίους
734 665 1066 728 ἐπισκόπους
1099 667 1198 718 οὑκ
1232 668 1636 722 ἐπικάλέσεται.
1679 668 1738 719 El
1768 669 1835 730 δὲ,

330 766 354 802 ι’
387 754 654 822 ἐπικρίνοι
679 756 706 806 ὁ
745 755 984 825 Ῥώμης,
1020 759 1348 826 παρέσονται
1372 760 1464 811 καὶ
1487 759 1777 828 ἀλλότριοι.
1797 779 1814 809 ι

1373 893 1400 912 \

339 923 426 975 Ἐν
461 926 738 995 διαφόροις
774 933 994 983 κανέσιν
1030 934 1245 1001 εἴρηται
1287 934 1345 986 τὸ
1383 934 1586 1002 μηδένα
1619 936 1826 1007 τολμᾷν

255 1017 364 1068 ἀπὸ
396 1020 494 1086 τῆς
526 1019 718 1070 ἑαυτοῦ
756 1027 1044 1090 παροικίας
1083 1029 1162 1086 εἰς
1187 1025 1380 1094 ἑτέραν
1415 1027 1682 1096 ἐπαρχίαν
1707 1031 1826 1081 ἐπι-

254 1107 481 1162 ϐαίνειν.
519 1110 565 1162 εἰ
608 1109 682 1179 μὴ
722 1114 868 1178 παρὰ
904 1114 994 1164 τοῦ
1038 1116 1433 1184 μητροπολίτου
1460 1119 1687 1171 καὶτῶν
1727 1122 1824 1171 συν

256 1197 402 1265 αὐτῷ
451 1200 767 1253 ἐπισκόπων
801 1205 992 1273 κληθῇ.
1040 1207 1209 1257 Τοῦτο
1258 1208 1362 1276 γὰρ
1407 1212 1560 1279 καὶή
1609 1211 1822 1274 σύνοδος

253 1288 392 1356 αὕτη
442 1293 785 1359 προστάττει.
844 1295 1000 1347 ’Λλλὰ
1038 1296 1131 1347 καὶ
1171 1299 1334 1360 εἴτις
1370 1301 1475 1352 τῶν
1510 1303 1823 1355 ἐπισκόπων

256 1385 394 1450 μετὰ
417 1388 814 1438 συνεπισκόπου
836 1388 959 1454 περί
983 1406 1010 1439 τ
1037 1402 1123 1450 νος
1151 1391 1470 1458 πράγματος
1496 1395 1823 1463 ἀμφιϐολίαν

252 1476 373 1527 τινὰ
425 1478 597 1546 σχοίη,
653 1479 746 1530 καὶ
798 1481 914 1546 μετ’
966 1481 1128 1533 αὑτοῦ
1179 1484 1258 1544 είς
1305 1485 1403 1552 τὴν
1454 1486 1666 1538 σύνοδον
1725 1487 1826 1555 τῆς

253 1571 522 1636 ἐπαρχίας
558 1571 719 1623 αὑτοῦ
755 1572 1044 1636 δικάζοιτο,
1082 1576 1180 1628 οὑκ
1207 1577 1408 1644 ὀφείλει
1443 1581 1532 1631 καὶ
1567 1580 1672 1631 ἀπὸ
1705 1581 1824 1634 ἑτέ-

169 1743 173 1748 ·
257 1675 352 1725 ρας
380 1661 1044 1734 ἐπαρχίαςμδιαγνὼμονάς
1069 1686 1217 1729 τινας
1244 1669 1350 1722 τῶν
1376 1671 1684 1724 ἐπισκόπων
1707 1675 1826 1726 ἐπι-

256 1749 554 1816 καλεῖσθαι,
588 1754 724 1806 ἀλλὰ
762 1758 911 1828 παρὰ
946 1761 1126 1826 μόνοις
1165 1767 1274 1824 τοῖς
1306 1765 1671 1832 ἐπαρχιώταις
1702 1784 1824 1836 κρι·

256 1841 432 1910 θῆναι.
463 1845 571 1899 Καὶ
614 1850 660 1900 εί
693 1849 996 1919 ἀπαρέσκει
1039 1856 1185 1924 αὑτῷ
1235 1858 1266 1926 ἡ
1300 1858 1500 1927 κρίσις,
1530 1859 1620 1910 καὶ
1656 1860 1824 1912 οἴεται

253 1935 605 2007 ἀδικηθῆναι,
657 1944 1040 2007 ἐκκαλεῖσθαι.
1111 1952 1203 2000 καὶ
1245 1948 1320 2017 τῷ
1386 1949 1638 2018 Ῥώμης,
1693 1945 1735 2017 ᾧ
1789 1953 1822 2021 ἡ

251 2027 474 2097 τοιαύτη
501 2031 784 2086 ὑπόκειται
807 2036 1062 2106 ἐπαρχία,
1088 2040 1486 2110 προσέρχεσθαι
1507 2058 1520 2071 ο
1548 2041 1638 2093 καὶ
1663 2041 1824 2106 αὐτὸς

251 2117 286 2186 ἢ
319 2118 384 2170 δι’
411 2121 604 2172 ἐαυτοῦ
636 2125 864 2194 τηρήσει
897 2128 994 2204 τῂν
1028 2129 1324 2198 ἀπόφασιν,
1354 2130 1384 2198 ἢ
1425 2133 1535 2192 τοῖς
1571 2131 1824 2196 γειτνιῶ-

254 2227 340 2264 σιν
364 2214 678 2279 ἐπισκόποις
712 2222 771 2288 τῇ
799 2220 1035 2291 ἐπαρχία
1058 2223 1117 2275 τὸ
1148 2223 1245 2293 τῆς
1278 2226 1540 2294 ἐκκλήτου
1568 2226 1825 2297 δικαστή-

257 2321 370 2373 ριον
398 2307 674 2379 ἀναθήσει.

872 2411 1111 2463 ΚΛΝΩΝ
1151 2412 1224 2467 Δ’.

261 2513 280 2546 ι
327 2498 450 2552 Ἐάν
506 2518 588 2559 τις
644 2502 938 2566 ἐπίσκοπος
993 2505 1290 2575 καθαιρεθῇ
1354 2509 1418 2577 τῇ
1480 2509 1659 2578 κρίσει
1717 2510 1832 2564 τῶν

333 2610 352 2640 ι
392 2593 703 2646 ἐπισκόπων
753 2596 860 2647 τῶν
922 2599 981 2649 ἐν
1032 2602 1240 2669 γειτνία
1286 2603 1680 2670 τυγχανόντων,
1729 2601 1826 2655 καὶ

333 2699 350 2731 ι
389 2684 570 2754 φάσκῃ
607 2687 767 2741 πάλιν
799 2689 975 2760 ἐαυτῷ
1009 2692 1304 2760 ἀπολογίας
1337 2698 1565 2764 πρᾶγμα
1603 2695 1826 2748 ἐπιεάλ-

331 2793 348 2825 ι
387 2778 520 2837 λειν,
550 2779 622 2846 μὴ
649 2783 909 2851 πρότερον
931 2787 1010 2847 εἰς
1030 2788 1126 2849 τὴν
1159 2776 1427 2855 καθέδραν
1452 2789 1612 2842 αὑτοῦ
1640 2789 1830 2855 ἕτερον

333 2888 350 2920 ι
390 2867 850 2942 ὑποκαταστῆναι,
882 2877 977 2928 ἐὰν
1006 2877 1080 2946 μὴ
1107 2880 1133 2929 ό
1165 2882 1260 2946 τῆς
1295 2879 1511 2948 Ῥώμης
1533 2879 1828 2942 ἐπίσκοπος

332 2981 350 3013 ι
389 2964 642 3031 ἐπιγνοὺς
678 2969 806 3037 περὶ
840 2969 1031 3021 τούτου
1065 2970 1187 3039 ὅρον
1226 2969 1534 3042 ἐξενέγκῃ.»

326 3050 522 3110 ΒᾹΛΣ.
563 3058 819 3120 Εἰπόντες
845 3062 891 3112 οί
930 3062 1174 3131 Πατέρες
1200 3063 1298 3130 τὴν
1323 3063 1430 3114 τῶν
1471 3063 1828 3132 ἐπαρχιωτῶν

257 3146 528 3214 ἀπόφασιν
550 3150 796 3220 ἐκκλήτῳ
815 3151 1152 3215 ὑποκείσθαι,
1179 3153 1270 3206 καὶ
1294 3154 1444 3224 παρὰ
1467 3154 1574 3206 τῶν
1593 3162 1828 3221 γειτνια-

257 3238 457 3302 ζόντων
497 3243 812 3294 ἐπισκόπων
850 3244 969 3296 κατ’
1007 3246 1310 3316 ἐπιτροπὴν
1350 3245 1442 3299 τοῦ
1489 3247 1689 3300 πάππα
1729 3266 1826 3319 τη-

261 3331 493 3400 ρεῖσθαι,
517 3333 641 3400 ἄρτι
669 3335 801 3401 φασὶ
831 3334 882 3387 τί
909 3335 1111 3402 ὀφείλει
1143 3337 1419 3404 γενέσθαι,
1447 3339 1542 3390 ἐὰν
1567 3339 1660 3392 καὶ
1681 3338 1831 3407 παρὰ

256 3421 461 3472 τούτων
497 3424 524 3474 ὁ
553 3424 923 3492 ἐκκλητεύσας
957 3426 1350 3494 καταδικασθῇ,
1386 3428 1480 3480 καὶ
1513 3426 1670 3480 πάλιν
1698 3429 1832 3501 λέγῃ

258 3513 605 3583 βαρύνεσθαι.
658 3517 991 3586 Διορίζονται
1022 3515 1116 3571 οὖν
1149 3520 1330 3589 μ’ἐνειν
1384 3521 1444 3572 ἐν
1481 3522 1723 3591 ἁκεραίῳ
1761 3523 1832 3573 τὰ

258 3606 578 3675 πράγματα,
613 3609 705 3660 καὶ
735 3609 808 3677 μὴ
843 3610 1028 3679 ἕτερον
1061 3611 1394 3680 ψηφίζεσθαι
1430 3613 1723 3666 ἐπίσκοπον
1752 3614 1832 3677 εἰς

256 3699 356 3767 τὴν
386 3698 477 3752 τοῦ
511 3701 933 3770 κατακριθέντος
964 3704 1281 3772 ἐκκλησίαν,
1317 3706 1366 3756 εί
1410 3704 1483 3774 μὴ
1521 3705 1613 3757 καὶ
1645 3708 1677 3775 ἡ
1708 3705 1829 3757 δευ-

256 3792 390 3860 τέρα
425 3792 686 3862 ἕκκλητος
723 3795 872 3864 παρὰ
899 3796 992 3848 τοῦ
1023 3797 1224 3850 πάππα
1249 3798 1483 3868 τηρηθῇ.
1519 3799 1679 3851 Ὥστε
1732 3817 1832 3868 ση-

261 3885 490 3952 μείωσαι
529 3887 654 3956 περὶ
689 3886 794 3938 τῶν
837 3887 1347 3957 καταδικαζομένων
1386 3890 1698 3943 ἐπισκόπων
1727 3889 1832 3943 καὶ

262 3978 399 4046 μετὰ
426 3979 526 4048 τὴν
553 3977 871 4045 καθαίρεσιν
898 3980 1202 4048 ζητούντων
1232 3983 1316 4034 ἐτέ
1330 3998 1429 4052 ραν
1459 3981 1638 4052 κρίσιν
1665 3983 1746 4035 ὅτι
1769 3982 1829 4034 οὑ

257 4075 644 4140 χειροτονεῖται
683 4073 891 4143 ἕτερος,
936 4075 982 4125 εί
1029 4073 1102 4144 μὴ
1134 4074 1343 4144 τηρηθῇ
1373 4075 1405 4144 ἡ
1438 4073 1698 4143 ἕκκλητος
1736 4072 1831 4126 τοῦ

257 4165 745 4227 καταδικασθέντος
767 4205 782 4227 ,
815 4166 875 4218 οὑ
921 4167 1077 4235 μόνον
1111 4168 1143 4235 ἡ
1176 4165 1365 4238 πρώτη
1387 4206 1400 4230 ,
1428 4162 1562 4220 ἀλλὰ
1590 4166 1683 4218 καὶ
1713 4165 1834 4217 δευ-

255 4258 428 4325 τέρα·
464 4258 542 4318 δὶς
575 4258 682 4326 γὰρ
728 4260 1077 4312 ἐκκαλεῖσθαι
1110 4259 1486 4329 ἐκκεχώρηται
1512 4275 1526 4290 '
1567 4260 1647 4311 ὅτι
1691 4260 1718 4311 ὁ
1771 4264 1830 4310 ιε’

258 4350 439 4403 κανὼν
471 4351 570 4419 τῆς
610 4353 666 4402 ἐν
713 4351 1012 4422 Ἀντιοχείᾳ
1047 4352 1267 4404 συνόδου
1298 4352 1559 4420 ὲσχόλασε
1579 4390 1594 4413 ,
1627 4351 1718 4404 καὶ
1750 4351 1832 4403 ὅτι

256 4442 436 4504 οὐδεὶς
476 4441 983 4510 καταδικαζόμενος,
1030 4442 1124 4496 καὶ
1155 4441 1330 4509 λέγων
1361 4440 1707 4511 βαρύνεσθαι,
1741 4443 1832 4493 ἐκ-

2014 599 2032 632 ι
2068 581 2229 634 aliam
2261 583 2450 634 urbem
2494 590 2753 634 transeat.
2788 580 3100 646 Quinetiam
3143 581 3497 648 provincialis

2000 675 2351 742 (episcopus,
2384 676 2424 728 si
2457 676 2599 727 litem
2639 674 2870 741 aliquam
2931 673 3146 734 habeat,
3185 673 3249 723 atl
3287 672 3490 724 alienos

2004 786 2022 817 ι
2051 767 2334 834 episcopos
2381 782 2482 817 non
2523 765 2855 831 provocabit.
2902 764 2956 816 Si
3007 773 3187 816 autem
3249 764 3494 816 Romano

2016 878 2034 909 ι
2065 859 2143 914 sic
2175 859 2324 912 visus
2359 856 2542 920 fuerit,
2573 857 2735 911 etiam
2767 856 2924 909 alieni
2951 855 3233 908 aderunt.)

2014 952 2252 1006 Invariis
2278 952 2576 1005 canonibus
2626 952 2852 1010 dicitur,
2897 949 3163 1001 nemiuem
3222 946 3420 999 alltlf‘l‘t‘
3463 958 3493 997 e

1927 1061 2020 1105 sua
2047 1046 2278 1113 paruecia
2311 1043 2361 1096 in
2395 1043 2553 1094 aliam
2585 1043 2816 1108 migrare
2874 1039 3207 1107 provinciam
3230 1079 3243 1096 .
3303 1036 3405 1089 nisi
3459 1050 3489 1087 ιι

1929 1137 2338 1202 metropolitano
2363 1143 2415 1187 et
2443 1135 2710 1204 episcopis
2731 1135 2820 1200 qui
2857 1142 2977 1186 cum
3031 1148 3094 1185 eo
3126 1141 3273 1186 sunt.
3332 1143 3496 1180 voce-

1929 1241 2032 1282 tnr.
2066 1230 2177 1282 lloc
2195 1231 2334 1281 enim
2384 1242 2438 1280 et
2495 1227 2608 1280 haec
2667 1225 2904 1294 synodus
2931 1221 3194 1292 praecipit.
3239 1217 3343 1272 Sed
3374 1215 3494 1270 etsi

1927 1322 2058 1390 quis
2080 1325 2364 1391 episeopus
2385 1331 2508 1374 cum
2534 1319 2865 1386 coepiscopo
2906 1317 2959 1368 in
2991 1316 3172 1382 aliqua
3213 1327 3268 1366 re
3294 1310 3489 1363 ltabneo

1929 1419 1998 1468 rit
2022 1414 2476 1477 controversiam,
2514 1423 2717 1465 etcum
2769 1424 2833 1463 eo
2872 1411 2923 1461 in
2969 1407 3174 1477 synodo
3220 1404 3335 1472 ejus
3369 1418 3495 1470 pro-

1928 1507 2145 1561 vinciali
2176 1506 2325 1560 litem
2362 1513 2562 1566 movet,
2605 1519 2712 1556 non
2769 1503 2923 1556 debet
2961 1516 3027 1554 ex
3055 1500 3155 1551 alia
3216 1497 3492 1565 provincia

1930 1599 2316 1668 dijudicatores
2345 1598 2553 1665 aliquos
2578 1596 2862 1665 episcopos
2902 1594 3210 1653 advocare;
3249 1589 3344 1642 sed
3375 1595 3495 1640 tan-

1931 1693 2207 1746 tummodo
2241 1687 2930 1759 provincialiumjudicittm
2961 1684 3163 1738 subire.
3190 1681 3254 1735 Et
3285 1682 3328 1734 si
3353 1679 3489 1745 judi-

1929 1789 2072 1839 cium
2112 1785 2209 1853 ipsi
2251 1799 2354 1836 non
2391 1782 2656 1842 arriserit,
2681 1794 2845 1846 seque
2873 1777 3066 1845 injuria
3099 1773 3348 1828 alTecttnn
3399 1787 3497 1839 pn.

1932 1876 2148 1939 laverit,
2186 1874 2478 1941 appellare,
2512 1881 2565 1924 et
2605 1872 2902 1922 Romanum
2941 1866 3022 1920 cui
3087 1865 3212 1918 talis
3273 1861 3496 1928 subjici-

1932 1979 2016 2020 tur
2043 1959 2319 2036 provincia
2349 1965 2516 2027 adire,
2549 1971 2602 2016 et
2625 1962 2713 2016 ille
2745 1960 2829 2021 vel
2866 1974 2962 2027 per
3005 1958 3240 2024 seipsum
3274 1963 3496 2007 senten-

1931 2056 2057 2108 tiam
2090 2054 2443 2114 examinabit,
2476 2051 2557 2105 vel
2614 2051 2886 2118 episcopis
2942 2047 3137 2101 vicinis
3198 2042 3493 2114 provincia:

1928 2146 2248 2216 appellantis
2276 2145 2539 2214 judicium
2578 2145 2905 2198 committet.
3036 2129 3038 2131 ἐ

2519 2403 2751 2459 CANON
2806 2402 2897 2459 ιν.

1932 2516 1950 2556 ι
1982 2501 2036 2558 Si
2072 2501 2192 2570 quis
2229 2488 2513 2568 episcopus
2539 2500 2744 2566 judicio
2777 2498 3184 2567 episc0pornm,
3222 2496 3310 2561 qui
3372 2500 3495 2545 sunt

2015 2615 2032 2648 ι
2063 2597 2114 2649 itt
2141 2595 2358 2658 vicinia,
2394 2593 2674 2662 depositus
2711 2591 2896 2654 fuerit,
2937 2599 2990 2642 et
3015 2589 3158 2641 dicat
3191 2600 3375 2639 rursus
3396 2583 3495 2636 sibi

2015 2709 2033 2741 ι
2074 2687 2443 2757 responsionis
2493 2685 2760 2753 negotium
2817 2694 3153 2750 competere:
3209 2694 3310 2731 non
3346 2675 3502 2744 prius'

1960 2811 1965 2815 ~
2010 2802 2028 2835 ι
2062 2782 2113 2835 in
2142 2781 2456 2835 cathedram
2515 2779 2628 2845 ejus
2684 2776 2820 2829 alius
2866 2776 3228 2830 substtituatur
3259 2813 3272 2836 ,
3335 2784 3495 2840 quam

2014 2896 2034 2928 ι
2077 2874 2353 2929 Romanus
2387 2873 2673 2942 episcopus
2707 2884 2869 2923 causa
2903 2868 3117 2935 cognita
3162 2864 3494 2919 sententiam

2012 2986 2030 3018 ι
2064 2968 2267 3020 tulerit.
2299 2984 2316 3015 ι

2016 3059 2208 3114 BALS.
2239 3059 2371 3112 Cum
2400 3054 2865 3111 dixisscntPatres
2919 3049 3325 3122 provincialium
3373 3062 3494 3101 svn-

1932 3156 2155 3213 tentiam
2187 3153 2531 3224 appellationi
2585 3149 2800 3216 subjici,
2858 3158 2908 3201 et
2959 3155 2993 3199 a'
3021 3145 3336 3216 propinquis
3390 3143 3494 3208 cpi-

1933 3251 2111 3320 scopis
2135 3249 2288 3317 jussu
2316 3261 2470 3317 papa:
2502 3243 2835 3308 examinari;
2895 3256 3039 3293 nunc
3093 3239 3303 3300 dicunt,
3361 3237 3492 3304 quid

1934 3344 2048 3398 (ieri
2081 3342 2296 3403 debeat,
2326 3341 2368 3394 si
2407 3338 2474 3392 ab
2508 3339 2574 3391 iis
2601 3338 2765 3391 etiam
2791 3335 2856 3400 is,
2895 3335 2985 3402 qui
3021 3331 3331 3403 appellavit,
3363 3345 3488 3382 con-

1932 3435 2219 3490 demnatus
2270 3432 2454 3497 fuerit,
2484 3440 2612 3486 etse
2648 3444 2836 3482 rursus
2878 3425 3090 3496 gravari
3156 3402 3320 3478 d-icat.
3372 3421 3498 3474 Sta-

1936 3540 2090 3584 tuunt
2118 3543 2268 3596 ergo,
2307 3536 2364 3579 ιιι
2397 3541 2483 3580 res
2512 3524 2562 3577 in
2606 3523 2821 3592 integro
2859 3531 3132 3578 maneant,
3159 3526 3210 3569 et
3265 3516 3315 3596 in
3349 3514 3494 3582 ejus.

1931 3623 2022 3693 qui
2055 3621 2448 3677 condemnatus
2477 3626 2582 3680 est,
2623 3615 2906 3671 ecclesiam
2944 3612 3079 3666 alius
3109 3625 3212 3663 non
3243 3593 3496 3676 eligatur,

1933 3716 2033 3771 nisi
2058 3716 2295 3778 secunda
2349 3709 2637 3782 appellatio
2691 3723 2882 3777 apapa
2940 3704 3271 3780 examinata,
3315 3701 3497 3754 fuerit.

1931 3807 2110 3874 Quare
2163 3815 2288 3861 nota
2318 3807 2382 3860 de
2412 3803 2681 3871 episcopis
2713 3798 3088 3855 condemnatis
3140 3805 3193 3870 et
3228 3802 3350 3864 post
3399 3791 3496 3845 de-

1932 3899 2262 3969 positioncm
2289 3898 2436 3951 aliud
2469 3892 3114 3966 quaerentibd‘sjudicitnn
3139 3906 3152 3953 ;
3192 3888 3331 3954 quod
3360 3884 3497 3938 alius

1934 4007 2043 4046 non
2076 3990 2383 4053 ordinatur,
2410 3988 2511 4040 nisi
2546 3983 2892 4040 condemnati
2935 3980 3228 4052 appellatio
3287 3976 3498 4030 cxaini-

1933 4093 2112 4145 netur,
2141 4098 2246 4136 non
2273 4082 2442 4150 prima
2477 4083 2708 4142 tantum,
2739 4077 2830 4132 sed
2860 4075 3166 4129 etsecunda
3196 4089 3208 4135 ;
3248 4068 3330 4121 bis
3351 4069 3497 4121 enim

1933 4173 2205 4242 appellare
2238 4171 2596 4236 conceditur;
2625 4167 2764 4236 quod
2798 4168 3018 4236 quintus
3055 4164 3297 4216 decimus
3323 4174 3494 4211 canon

1931 4263 2280 4320 Antiochense
2331 4263 2524 4334 synodi
2580 4260 2844 4324 exolevit;
2880 4269 2933 4311 et
2972 4255 3114 4326 quod
3169 4254 3346 4305 nullus
3403 4251 3495 4315 qtti

1932 4359 2348 4421 condemnatur,
2385 4365 2435 4410 et
2466 4355 2597 4409 dicit
2641 4368 2698 4408 se
2734 4351 2945 4422 gravari
2982 4349 3301 4416 cjectioncm
3335 4342 3498 4396 susti-

1934 4461 2042 4517 net,
2075 4451 2246 4504 donec
2268 4449 2334 4503 de
2355 4448 2714 4518 appellatione
2743 4443 3012 4514 COgnitutn
3051 4441 3247 4498 fuerit,
3279 4447 3332 4490 et
3356 4435 3497 4505 quod

258 4535 524 4602 διδασμὸν
552 4534 863 4602 ὑφίσταται,
904 4533 1091 4604 μέχρις
1118 4533 1182 4586 ἂν
1212 4534 1306 4586 καὶ
1336 4532 1400 4584 τὰ
1435 4533 1532 4599 τῆς
1563 4533 1827 4601 ἐκκλήτου

1935 4544 2326 4598 condemnatus
2356 4542 2440 4595 bis
2472 4539 2745 4610 appellare
2767 4547 2962 4606 potest.
3003 4533 3134 4588 Vide
3194 4532 3260 4585 74
3325 4544 3495 4592 cano-

255 4626 569 4696 τηρηθῶσιο
605 4625 696 4677 καὶ
725 4627 805 4677 ὅτι
831 4625 912 4688 δίς
951 4623 1299 4678 ἐκκαλεῖσθαι
1328 4624 1548 4676 δύναται
1593 4625 1621 4676 ὁ
1663 4641 1834 4678 κατα-

257 4719 600 4790 κρινόμενος.
652 4711 946 4784 ’Ᾱνάγνωθι
982 4716 1071 4770 τὸν
1105 4717 1174 4769 οδ’
1203 4713 1558 4769 ἁποστολικὸν
1589 4715 1790 4768 κανόνα
1814 4754 1831 4778 ,

258 4816 356 4880 τῆς
390 4813 447 4864 ἐν
474 4810 776 4880 Χαλκηδόνι
803 4808 866 4871 θ’,
902 4809 991 4861 καὶ
1019 4809 1119 4875 τῆς
1145 4810 1202 4860 ἐν
1235 4807 1564 4878 Καρθαγένῃ
1606 4804 1687 4871 ιε’,
1721 4804 1830 4875 κη’.

262 4908 347 4977 ρκ’
371 4909 461 4959 καὶ
488 4913 626 4976 ρκα’,
650 4908 741 4958 καὶ
766 4905 1102 4974 συμϐίϐασαι
1130 4905 1337 4966 πάντας
1361 4901 1493 4972 πρὸς
1512 4905 1578 4956 τὰ
1601 4903 1832 4956 ἐνταῦθα

261 5001 642 5069 γεγραμμένα.
667 4999 789 5051 Ὀτι
815 4999 908 5050 καὶ
929 5001 1038 5062 τοῖς
1057 4997 1242 5067 νόμοις
1264 4998 1411 5050 δοκεῖ
1432 5001 1610 5052 πᾶσαν
1635 4997 1832 5050 ὑπόθε-

266 5103 349 5146 σιν
392 5097 557 5162 χωρδς
583 5093 692 5145 τῶν
725 5091 798 5163 μὴ
831 5092 1231 5161 ἐπιδεχομένων
1260 5091 1552 5160 ὑπέρθεσιν
1581 5091 1831 5159 ἐκκλήτῳ

263 5184 582 5241 ὑποκεῖσθαι
613 5188 707 5255 οὑχ
738 5187 882 5249 ama
902 5226 916 5249 ,
951 5184 1085 5238 ἀλλὰ
1109 5185 1200 5237 καὶ
1234 5183 1335 5246 δίς.
1374 5185 1518 5253 Πλὴν
1545 5184 1620 5253 μὴ
1652 5199 1833 5252 παρα-

257 5281 445 5350 ’δρὰμῃ
479 5296 533 5330 σε
557 5279 622 5330 τα
651 5279 742 5330 τοῦ
769 5289 815 5346 γ’
847 5279 1065 5340 κανόνος
1099 5278 1190 5329 καὶ
1224 5277 1292 5328 τὰ
1319 5275 1408 5328 τοῦ
1443 5275 1483 5326 ε’
1509 5276 1604 5344 τῆς
1629 5275 1832 5340 παρού-

269 5388 368 5441 σης
399 5370 615 5423 συνόδου
641 5369 800 5438 χάριν
831 5366 922 5420 τοῦ
954 5366 1199 5436 δέχεσθαι
1235 5367 1265 5436 ἢ
1300 5365 1374 5435 μὴ
1401 5365 1650 5435 δέχεσθαι
1682 5365 1831 5434 παρὰ

264 5460 360 5514 τοῦ
396 5457 596 5511 πάππα
620 5458 718 5527 τὴν
759 5457 1042 5523 ἔκκλητον.
1075 5456 1263 5509 Ἶδικὸν
1291 5455 1397 5523 γάρ
1420 5456 1531 5506 ἐστι
1571 5455 1726 5506 τοῦτο
1751 5457 1830 5516 εἰς

266 5553 363 5613 τὰς
402 5550 858 5616 ἐκκλησιαστικὰς
907 5547 1186 5611 ὑποθέσεις
1214 5585 1228 5612 ,
1262 5548 1356 5601 καὶ
1387 5548 1607 5617 κρατεῖν
1631 5547 1830 5616 ὀφείλει

268 5642 395 5695 ἔνθα
436 5643 769 5710 ὲΞεφωνὴθη.
1439 5643 1442 5646 ’

342 5730 584 5781 ΖΩΝΑΡ.
661 5730 787 5782 Ἐὰν
851 5730 1148 5797 αἰτιάματά
1209 5749 1328 5784 τινα
1395 5731 1628 5800 προτεθῇ
1689 5727 1830 5782 κατὰ

263 5821 607 5886 ἐπισκόπου,
659 5820 754 5874 καὶ
809 5821 1019 5893 κριθεὶς
1076 5823 1104 5875 ὁ
1157 5822 1472 5891 αἰτιώμενος
1532 5823 1826 5884 ἐπίσκοπος

1939 4648 2060 4688 nem
2121 4632 2519 4702 apostolicum,
2577 4627 3030 4684 Chalcedonensis
3091 4623 3279 4693 synodi
3319 4621 3391 4682 9.
3446 4629 3500 4672 et

1935 4725 2382 4794 Carthaginensis
2408 4724 2494 4784 15.
2522 4722 2612 4784 28,
2641 4722 2741 4776 HO
2793 4731 2847 4774 et
2878 4719 2997 4782 121,
3061 4727 3113 4772 et
3170 4715 3360 4770 confer
3405 4728 3498 4766 eos

1933 4829 2121 4869 omnes
2159 4831 2281 4868 cum
2323 4815 2410 4881 iis,
2435 4829 2552 4883 qua:
2586 4813 2670 4866 hic
2703 4813 2902 4880 scripta
2941 4817 3087 4862 sunt.
3124 4807 3254 4860 Nam
3290 4805 3499 4874 legibus

1935 4923 2148 4976 quoque
2172 4907 2405 4970 videtur,
2429 4919 2646 4960 onmem
2684 4920 2922 4962 causam,
2963 4900 3204 4969 exceptis
3257 4899 3324 4951 iis
3377 4913 3499 4966 quae

1935 5001 2245 5055 dilationem
2282 5016 2386 5054 non
2426 4999 2713 5066 recipiunt,
2745 4994 3086 5064 appellationi
3127 4992 3345 5061 subjici,
3390 5005 3495 5044 non

1933 5095 2125 5156 semel,
2157 5093 2248 5147 sed
2275 5093 2436 5145 etiam
2470 5093 2571 5144 bis.
2609 5090 2712 5144 Sed
2765 5103 2830 5141 ne
2869 5088 3061 5141 tertius
3109 5100 3282 5139 Cannn
3334 5094 3383 5136 le
3418 5081 3501 5133 fu-

1934 5190 2122 5254 giatet
2176 5189 2401 5258 quintus
2455 5185 2736 5253 prtesentis
2791 5182 3002 5252 synodi,
3041 5183 3104 5233 de
3165 5173 3495 5231 admittenda

1934 5280 2013 5333 vel
2048 5295 2148 5331 non
2186 5276 2516 5330 admittenda
2559 5292 2586 5328 ιι
2617 5289 2749 5342 papa
2814 5271 3194 5340 appellatione.
3256 5267 3367 5320 lloc
3415 5270 3497 5316 est

1933 5374 2075 5425 enim
2126 5371 2364 5440 speciale
2412 5371 2462 5422 in
2509 5369 2688 5423 causis
2739 5365 3145 5430 ecclesiasticis,
3183 5373 3237 5416 ct
3287 5355 3495 5414 servari

1931 5464 2094 5517 debet
2128 5465 2213 5517 ubi
2257 5463 2455 5518 editum
2487 5461 2606 5514 fuit.

2016 5729 2183 5800 488
2217 5726 2466 5782 ΖΟΝΑιι.
2501 5729 2558 5782 Si
2584 5729 2888 5798 aliquorum
2928 5728 3214 5781 criminum
3269 5737 3492 5776 accusa-

1933 5833 2018 5876 tus
2049 5820 2210 5876 {uexit
2239 5822 2547 5892 episcopus,
2572 5839 2634 5876 ac
2655 5838 2868 5887 eorum,
2911 5820 2999 5890 qui
3031 5821 3080 5873 in
3131 5817 3324 5872 vicinia
3345 5827 3492 5875 sunt.
