3982 6494
275 466 310 525 εί
326 462 416 524 ii'l

1442 468 1521 527 ΙΝ
1561 466 1725 525 CAN.
1766 466 1812 523 V
1852 464 2056 526 CONC.
2090 468 2395 530 SARDIC.

3374 479 3512 542 1442

280 578 613 645 κιμασθῆναι
652 575 720 629 τὰ
770 579 1198 648 προκεκριμένα,
1247 581 1321 650 μὴ
1377 578 1777 647 ἀναγκαζέσθω
1820 581 1841 629 ό

1950 577 2100 643 su‘nt,
2133 596 2321 636 rursus
2361 583 2661 639 examinari
2690 603 2704 649 ;
2731 600 2796 639 ne
2820 597 3046 656 regatur
3071 588 3137 648 is.
3168 588 3258 656 qui
3302 588 3510 656 judicio

264 670 645 731 καταδικάσας
669 672 749 733 εἰς
789 670 1006 739 Ῥώμην
1027 671 1300 736 ἀπελθεῖν,
1328 672 1442 725 ἀλλ’
1460 672 1846 726 ἀπελθέτωσαν

280 762 359 824 εἷς
383 763 480 831 τὴν
509 763 774 832 ἐπαρχίαν
809 763 948 815 κατά
984 764 1228 817 κέλευσεν
1265 764 1359 817 τοῦ
1388 765 1585 818 πάππα
1614 762 1850 831 πρεσϐύ-

284 869 426 921 τνεροι
465 854 525 917 ἐξ
555 853 720 906 αὐτοῦ
760 853 996 925 πλευροῦ
1028 856 1218 921 αὑτοῦ,
1250 856 1365 925 ἦτοι
1393 858 1455 908 ἐκ
1483 859 1582 926 τῆς
1624 856 1851 922 Ἐκκλη-

266 947 404 1006 cia;
431 944 642 1015 τούτου,
674 946 767 999 καὶ
809 946 1143 1017 ᾠκειωμένοι
1166 946 1334 1016 αὐτῷ,
1368 945 1670 1023 ὀφείλοντες
1702 948 1849 1015 ἔχειν

282 1039 380 1107 τὴν
407 1037 689 1090 αὐθεντίαν
714 1039 897 1103 αὐτοῦ,
921 1041 1039 1106 ἦτοι
1067 1039 1163 1109 τὴν
1185 1040 1447 1105 ἐξουσίαν,
1481 1039 1564 1106 ἐφ’
1592 1034 1635 1107 ᾧ
1667 1043 1848 1110 κρῖναι

279 1130 379 1196 τὴν
425 1127 681 1180 ὑπόθεσιν
728 1131 863 1198 μετά
897 1131 1005 1183 τῶν
1048 1132 1327 1200 ἐγχωρίων
1371 1131 1703 1193 ἐπισκόπων,
1756 1132 1869 1184 καὶ·

284 1217 637 1270 διευλυτῶσαι
659 1221 846 1288 αὑτήν.
880 1223 939 1274 Ei
963 1222 1018 1273 δέ
1044 1223 1072 1273 ό
1093 1222 1386 1284 ἐπίσκοπος
1412 1223 1508 1289 τῆς
1547 1221 1764 1292 Ῥώμης
1785 1223 1847 1275 οὐ

283 1308 469 1381 συνίδῃ
490 1309 691 1362 δίκαιον
707 1306 845 1365 εἶναι
861 1312 1241 1382 τηρηθῆναιτά
1262 1314 1623 1380 προκριθέντα
1640 1316 1722 1380 (τῇ
1741 1313 1847 1382 γὰρ

265 1403 574 1472 δοκιμασία
596 1404 759 1457 αὑτοῦ
786 1406 814 1455 ὁ
838 1407 1014 1456 κανὼν
1033 1413 1094 1458 το
1118 1406 1227 1457 πᾶν
1246 1406 1603 1476 ἀνατίθησιν),
1632 1409 1847 1472 ποιήσει

274 1495 416 1563 ὅπερ
445 1495 512 1546 ἀν
535 1494 658 1564 δόξῃ
688 1495 835 1564 αὐτῷ
867 1496 1071 1548 δίκαιον
1099 1491 1258 1551 εἶναι.
1287 1496 1470 1550 Ταῦτα
1504 1496 1595 1550 τοῦ
1625 1497 1848 1561 κανόνος

206 1640 213 1655 ,
268 1585 668 1654 ηδιοριζομένου,
706 1586 778 1655 μὴ
808 1587 1102 1656 ἐναντιωθῇ
1131 1605 1212 1640 σοι
1233 1588 1293 1640 τὸ
1320 1590 1567 1655 κεφ.-τοῦ
1593 1587 1640 1641 α’
1665 1590 1845 1641 τίτλου

272 1675 374 1728 τοῦ
421 1674 463 1726 θ’
491 1677 695 1745 βιϐλίου
741 1678 849 1729 τῶν
902 1678 1226 1740 Βασιλικῶν,
1275 1678 1431 1744 λέγον
1467 1682 1539 1747 μὴ
1587 1678 1845 1733 δύνασθαι

282 1767 373 1819 τὸν
398 1768 754 1837 ἐκκλητάριον
778 1769 1167 1838 παραπέμπειν
1185 1769 1321 1837 πρὸς
1344 1768 1433 1837 Erg
1440 1786 1527 1838 ρον
1556 1769 1653 1839 τὴν
1680 1772 1847 1841 τήρη-

282 1877 366 1911 σιν
386 1860 482 1928 τῆς
504 1862 789 1931 ἐκκλήτου,
816 1861 948 1917 ἀλλά
968 1861 1034 1913 δι’
1059 1860 1254 1914 ἑαυτοῦ
1280 1863 1482 1930 ταύτης
1507 1864 1808 1932 ἀκροᾶσθαι
1825 1878 1840 1892 ⁸

280 1954 397 2006 ἀλλ’
430 1954 551 2006 εἱπέ
588 1956 752 2007 ἱδικὸν
778 1951 926 2040 εἶναι
957 1955 1049 2008 τὸν
1084 1956 1330 2025 παρόντα
1366 1958 1586 2019 κανόνα,
1624 1958 1718 2011 καὶ
1747 1957 1840 2010 οῦ-

274 2062 385 2108 τως
413 2046 793 2116 ἐκφωνηθῆναι
816 2045 905 2099 διὰ
934 2046 995 2098 τὸ
1028 2046 1201 2115 μῆκος
1227 2049 1326 2115 τῆς
1355 2046 1498 2107 ὁδοῦ,
1532 2049 1626 2103 καὶ
1652 2047 1743 2100 ἴνα
1767 2047 1840 2118 μὴ

276 2139 621 2192 -νσκύλλωνται
659 2140 708 2191 οἱ
740 2138 1027 2194 ἐπίσκοποι
1057 2139 1150 2191 ἐπὶ
1183 2139 1421 2208 μακρὰν,
1451 2138 1593 2193 οὕτω
1626 2143 1717 2197 καὶ
1751 2141 1844 2192 ἀλ-

282 2232 517 2300 λοδαπὴν
547 2233 731 2300 χώραν
771 2232 1049 2301 γινόμενοι
1076 2230 1332 2300 διάξιμοι.
1366 2232 1438 2283 Τὸ
1465 2232 1520 2284 δέ
1564 2234 1700 2302 μετὰ
1733 2233 1841 2287 τῶν

283 2325 672 2393 πρεσϐυτέρων
702 2325 797 2376 τοῦ
830 2325 1028 2381 πάππα
1056 2325 1296 2386 δικάζειν
1330 2328 1426 2394 τὴν
1457 2326 1715 2396 δευτέραν
1748 2328 1840 2380 ἔκ·

275 2415 477 2485 κλητον
522 2417 647 2470 τοὺς
696 2414 1041 2484 ἐπαρχιώτας
1092 2417 1421 2478 ἐπισκόπους
1456 2418 1580 2480 τοὺς
1624 2418 1842 2471 καταδι-

286 2509 562 2568 κάσαντας
590 2508 679 2559 τὸν
711 2506 1027 2572 ἐπίσκοπον,
1062 2507 1136 2575 μὴ
1166 2508 1326 2575 εἴπῃς
1358 2508 1732 2566 ἐναντιοῦσθαι
1764 2510 1842 2578 τῷ

281 2602 450 2670 νόμῳ,
483 2600 559 2669 τῷ
586 2600 818 2667 λέγοντι⁸
858 2600 915 2651 ὐ
952 2599 1210 2675 δικαστὴς
1241 2599 1387 2663 ἅπαξ
1424 2601 1841 2670 ἀποφηνάμενος

282 2694 576 2756 πέπαυται,
617 2695 710 2745 καὶ
742 2692 802 2744 οὐ
834 2692 1058 2746 δύναται
1097 2695 1282 2762 τηρεῖν
1313 2688 1469 2755 αὖθις
1494 2693 1591 2763 τὴν
1634 2694 1842 2745 οἰκείαν

270 2786 933 2854 ἀπόφασινάέξεφωνὴθη
965 2786 1073 2853 γὰρ
1103 2787 1193 2837 καὶ
1224 2785 1381 2837 τοῦτο
1409 2786 1739 2854 ἰδικώτερον,
1768 2787 1841 2848 ὡς

282 2879 408 2944 ἐμοὶ
448 2852 612 2932 δοκεῖ(
657 2880 752 2929 Διά
782 2880 888 2945 γὰρ
924 2877 1079 2929 τοῦτο
1124 2879 1214 2930 καὶ
1258 2877 1335 2938 είς
1374 2877 1700 2946 δοκιμασίαν
1750 2879 1841 2930 τοῦ

280 2971 479 3022 πάππα
526 2969 750 3039 ἀνετέθη
796 2969 854 3021 τὸ
905 2966 1041 3031 εἶδος
1088 2970 1183 3037 τῆς
1231 2970 1485 3037 κρίσεως.
1537 2970 1699 3027 Ὅσον
1737 2974 1843 3038 γὰρ

284 3064 391 3116 ἀπὸ
417 3063 509 3115 τοῦ
540 3062 703 3129 νόμου
736 3062 785 3113 οἱ
816 3060 962 3126 ἆπαξ
993 3062 1402 3128 ἀποφηνάμενοι
1436 3061 1535 3112 οὐκ
1578 3062 1843 3129 ἠδύναντο

286 3153 623 3216 συνδικάζειν
676 3152 815 3223 μετά
843 3152 949 3204 τῶν
986 3152 1366 3220 πρεσϐυτέρων
1395 3152 1487 3209 τοῦ
1524 3152 1742 3211 πάππα.
1781 3154 1841 3206 Εἰ

1951 671 2160 736 vicerit,
2201 672 2423 727 Romam
2482 678 2697 740 venire;
2742 679 2835 731 sed
2861 679 2913 731 in
2970 681 3303 747 provinciam
3351 681 3509 749 jussu

1922 775 2101 831 “papae
2125 766 2665 837 veniantpresbytcri
2719 783 2784 823 ex
2854 769 2971 837 ejus
3030 771 3220 834 latere,
3279 772 3393 826 sive
3439 772 3509 831 ab

1915 854 2065 921 .ejus
2110 857 2357 919 ecclesia,
2421 869 2473 911 et
2529 859 2892 915 familiaritate
2945 862 3018 915 'lli
3073 862 3370 932 conjuncti,
3416 865 3511 933 qui

1950 949 2323 999 auctoritatem
2359 948 2470 1001 sive
2501 960 2819 1017 potestatem
2873 949 2989 1019 ejus
3048 953 3247 1005 habere
3283 954 3503 1017 debent,

1952 1048 2010 1091 ut
2044 1052 2163 1093 cum
2202 1039 2438 1106 regionis
2483 1040 2624 1092 illius
2668 1038 2935 1108 episcopis
2965 1042 3029 1094 de
3064 1044 3361 1109 quaestione
3414 1044 3505 1109 ju-

1948 1131 2147 1193 dicent,
2178 1131 2428 1199 illatnque
2458 1130 2732 1186 decidant.
2767 1132 2821 1185 Si
2859 1144 3036 1189 autem
3067 1132 3345 1189 Romanus
3397 1140 3510 1205 epi-

1948 1235 2141 1290 scopas
2170 1237 2271 1274 non
2295 1238 2415 1276 esse
2436 1221 2637 1288 justum
2672 1228 3023 1291 perspexerit,
3063 1238 3118 1279 ut
3152 1242 3341 1282 rursus
3375 1243 3507 1282 exa—

1950 1311 2223 1364 minentur
2254 1327 2312 1365 ea
2343 1328 2459 1381 qua:
2496 1314 2644 1379 prius
2686 1315 2921 1380 judiCata
2964 1316 3162 1370 luetint
3199 1318 3335 1387 (ejus
3365 1321 3506 1375 enim

1944 1402 2145 1471 judicio
2168 1419 2340 1456 canon
2371 1408 2551 1458 utnnia
2590 1408 2899 1476 relinquit),
2935 1410 3093 1463 faciet
3120 1413 3259 1478 quod
3284 1413 3382 1464 sibi
3418 1416 3508 1479 ju-

1948 1501 2087 1543 stum
2125 1507 2248 1546 esse
2283 1492 2570 1548 videbitur.
2614 1495 2747 1550 Cum
2791 1499 2903 1552 haec
2934 1516 3106 1553 canon
3154 1504 3394 1567 detiniat,
3442 1518 3509 1558 ne

1951 1582 2043 1634 tibi
2070 1586 2399 1638 contrarium
2449 1600 2569 1640 esse
2603 1589 2849 1642 videatur
2892 1604 3052 1657 caput
3097 1594 3253 1659 primi
3289 1596 3369 1647 tit.
3414 1596 3517 1655 lib.

1949 1687 2005 1737 ix,
2034 1670 2388 1727 Basilicorum
2423 1675 2627 1740 dicens,
2686 1693 2789 1732 non
2858 1695 3013 1747 posse
3073 1681 3309 1749 jmlit-em
3340 1682 3510 1754 439

1948 1764 2269 1833 appellatum
2296 1768 2361 1821 ad
2380 1768 2541 1820 alium
2587 1772 2957 1827 transmittere
3011 1775 3371 1843 cognitionum
3408 1794 3508 1845 ap—

1950 1856 2274 1924 pellationis,
2299 1859 2393 1912 sed
2424 1875 2543 1913 eam
2574 1876 2666 1928 per
2695 1878 2751 1915 se
2773 1864 2963 1916 audire
2993 1866 3187 1920 debere
3213 1884 3226 1919 :
3289 1869 3380 1922 sed
3419 1868 3509 1922 die

1948 1959 2265 2016 przesentern
2300 1966 2564 2010 canonem
2590 1970 2708 2009 esse
2755 1957 3065 2024 specialem,
3111 1970 3166 2014 et
3199 1960 3270 2013 ita
3303 1962 3505 2016 editum

1943 2054 2063 2094 esse
2091 2051 2306 2110 prepter
2334 2044 2430 2096 vice
2452 2043 2871 2112 longitudinem,
2896 2059 2949 2102 et
2993 2065 3060 2104 ne
3090 2064 3350 2106 vexentur
3392 2057 3506 2120 cpi-

1944 2132 2093 2195 sc0pi
2129 2135 2179 2184 in
2218 2134 2350 2187 adeo
2404 2135 2747 2207 longinquam
2804 2140 3033 2194 alienam
3070 2145 3342 2212 regionem
3396 2156 3508 2200 tra-

1946 2223 2124 2276 hendi.
2184 2223 2320 2278 Cum
2382 2227 2713 2296 presbyteris
2768 2243 2943 2284 autem
3006 2249 3153 2301 papa:
3209 2238 3501 2290 Secundam

1943 2316 2358 2384 appellationem
2380 2318 2628 2388 judicare
2659 2324 3016 2390 provinciales
3072 2327 3373 2396 episcopos,
3413 2333 3503 2397 qui

1944 2407 2369 2463 condemnarunt
2405 2413 2740 2480 episcopum,
2780 2430 2843 2467 ne
2901 2420 3052 2469 dicas
3112 2434 3229 2471 esse
3284 2430 3506 2475 contra-

1947 2499 2081 2550 rium
2113 2500 2236 2567 legi,
2271 2518 2387 2568 quae
2413 2503 2563 2565 dicit,
2599 2507 2792 2568 Jll'itix,
2841 2509 2930 2576 qui
2985 2514 3149 2562 semel
3191 2515 3506 2578 pronuntia-

1946 2592 2039 2655 vit,
2070 2592 2245 2647 ollicio
2285 2592 2500 2649 l‘ttnctus
2532 2611 2634 2661 est,
2674 2610 2727 2650 et
2759 2605 2863 2651 no‘u
2927 2610 3103 2667 potett
3145 2619 3331 2658 rursus
3381 2621 3506 2673 pro-

1894 2693 1902 2705 '
1944 2686 2115 2751 priam
2144 2690 2467 2741 seutentiam
2515 2693 2860 2745 examinare:
2925 2710 3045 2746 nam
3079 2702 3132 2747 et
3192 2698 3292 2748 hoc
3344 2700 3504 2751 etiam

1926 2778 2243 2844 ,specialius
2271 2779 2477 2838 editum
2511 2792 2616 2844 est,
2666 2795 2721 2836 ut
2761 2786 2888 2837 mihi
2952 2787 3181 2839 videtur.
3215 2786 3505 2855 Propterea

1943 2868 2085 2920 enim
2106 2879 2159 2922 et
2197 2872 2579 2939 papaijudiciu
2641 2874 2882 2926 relictum
2934 2886 3015 2928 est
3072 2892 3239 2945 genus
3293 2880 3505 2945 judicii.

1944 2957 2098 3024 Quod
2155 2962 2295 3013 enim
2354 2964 2417 3013 ad
2472 2963 2613 3031 leges
2671 2967 2885 3027 attinet,
2940 2984 3044 3019 non
3100 2982 3345 3035 poterant
3403 2987 3504 3025 una

1945 3066 2064 3101 cum
2099 3066 2247 3119 papae
2278 3054 2610 3132 presbyteris
2658 3056 2904 3126 judicare
2943 3060 2998 3123 ii,
3047 3061 3133 3127 qui
3183 3064 3502 3115 Sententiam

1946 3143 2096 3209 prius
2149 3144 2399 3199 tulerant.
2438 3148 2531 3198 Sin
2571 3159 2746 3200 autem
2791 3149 2992 3203 dixeris
3065 3150 3198 3205 alios
3245 3168 3364 3207 esse
3392 3160 3501 3220 epi-

278 3244 337 3295 δὲ
360 3244 517 3312 εἴπης
542 3242 758 3312 ἐτέρους
778 3244 1108 3304 ἐπισκόπους
1133 3239 1271 3296 εἶναι
1301 3243 1521 3305 τούτους
1551 3243 1698 3314 παρά
1718 3244 1841 3307 τοὺς

1948 3250 2179 3303 scopos,
2225 3236 2314 3303 qui
2383 3239 2700 3291 sententiam
2755 3242 3002 3305 tulerint,
3071 3244 3201 3307 nihil
3264 3246 3501 3302 invenio:

280 3336 876 3404 ⁴ιιιροαποφηναμένους,
936 3335 1092 3389 οὐδέν
1151 3352 1202 3389 τι
1264 3336 1515 3404 εὑρήσεις
1573 3336 1840 3404 ἀντίξουν.

294 3427 446 3479 Ἐπεὶ
478 3426 532 3478 δὲ
589 3427 645 3481 ἐν
682 3427 794 3488 τοῖς
841 3408 1173 3492 προλαϐοῦσι
1224 3428 1444 3481 κανόσιν
1491 3430 1715 3498 εἴπομεν
1768 3429 1842 3499 μὴ

277 3514 417 3571 εἶναι
446 3517 512 3569 τά
535 3518 662 3586 περὶ
688 3516 778 3570 τοῦ
812 3516 1011 3569 πάππα
1043 3515 1326 3587 ὁρισθέντα
1361 3518 1500 3573 ἰδικά
1530 3520 1717 3573 τούτου
1749 3520 1843 3572 καὶ

276 3610 441 3676 ,μόνου
502 3610 804 3679 προνόμια,
859 3609 999 3663 ὥστε
1059 3610 1203 3679 ἔχειν
1250 3610 1307 3674 ἐξ
1366 3612 1611 3680 ἀνάγκης
1665 3614 1840 3665 πάντα

283 3702 577 3754 ἐπίσκοπον
605 3700 1102 3769 καταδικαζόμενος)
1141 3702 1218 3770 τῷ
1261 3701 1432 3772 θρόνῳ
1472 3702 1568 3771 τῆς
1626 3703 1839 3772 Ῥώμης

278 3795 695 3865 προσέρχεσθαι,
733 3796 867 3848 ἀλλά
907 3794 1259 3858 ἐξακούεσθαι
1306 3796 1398 3847 καὶ
1436 3799 1516 3857 εἰς
1554 3796 1646 3849 τὸν
1686 3799 1841 3851 Κων-

281 3887 799 3950 σταντινουπόλεως.
842 3888 910 3940 τὰ
946 3887 1083 3940 αὑτά
1116 3889 1207 3940 καὶ
1241 3888 1401 3942 πάλιν
1435 3890 1633 3959 φαμέν.

346 3979 587 4034 ΖΩΝΑΡ.
628 3981 751 4033 Ἐἀν
772 3980 1088 4044 ἐπίσκοπος,
1121 3980 1276 4049 φησκ,
1295 3981 1693 4050 καταγγελθείη
1723 3983 1839 4052 ἤτοι

277 4072 629 4143 κατηγορηθῇ
660 4073 750 4125 ἐπί
776 4089 920 4125 τισιν
943 4072 1275 4142 ἐγκλήμασι.
1303 4071 1398 4124 καὶ
1426 4074 1771 4138 συνελθόντες
1791 4080 1839 4129 οἱ

273 4164 563 4216 ἐπίσκοποι
598 4163 697 4232 τῆς
740 4164 953 4234 ἐνορίας
992 4163 1205 4231 ἐκείνης
1235 4156 1687 4234 ἀποκινήσωσιν,⁶
1721 4168 1840 4219 ἀντὶ

274 4258 367 4310 τοῦ
392 4257 714 4321 ἐκϐάλωσιν,
738 4257 899 4309 αὐτὸν
924 4256 1016 4309 τοῦ
1045 4255 1273 4325 βαθμοῦ,
1300 4256 1469 4324 ἦγουν
1494 4256 1592 4325 τῆς
1620 4258 1842 4310 ἐπισκο-

276 4349 445 4415 πικῆς
474 4347 650 4412 ἀξίας,
681 4349 888 4408 ἐκεῖνος
918 4346 972 4398 δὲ
1003 4345 1267 4414 ἔκκλητον
1297 4347 1539 4416 ζητήσας
1570 4349 1713 4401 κατὰ
1739 4348 1836 4418 τῆς

279 4434 745 4506 καταδικαζούσης
811 4435 973 4491 αὑτὸν
1037 4434 1360 4500 ἀποφάσεως
1400 4435 1696 4507 προσέλθῃ
1761 4436 1838 4507 τῷ

278 4530 518 4599 πάππᾳ,
571 4529 665 4580 καὶ
722 4527 751 4578 ό
811 4526 1042 4587 πάππας
1105 4523 1306 4601 θελήσῃ
1357 4526 1589 4579 ἀκοῦσαι
1645 4527 1833 4591 αὑτοῦ,

272 4622 481 4677 δίκαιον
536 4619 764 4690 νομίσας
822 4617 1233 4674 ἀνανεώσασθαι
1283 4617 1382 4687 τὴν
1440 4617 1686 4681 ἐξέτασιν
1743 4619 1835 4671 τοῦ

277 4712 625 4782 πράγματος,
655 4709 900 4765 τουτέστι
931 4708 1025 4761 καὶ
1059 4709 1216 4763 πάλιν
1242 4708 1497 4778 κριθῆναι
1526 4709 1624 4775 τὴν
1648 4709 1840 4765 ὑπόθε-

275 4823 381 4874 σιν,
408 4804 664 4875 γραφέτω
686 4806 795 4865 τοῖς
822 4801 1139 4864 ἐπισκόποις
1160 4804 1268 4863 τοῖς
1294 4801 1700 4871 ἀγχιστεύουσι,
1728 4806 1840 4864 τοῖς

272 4897 441 4967 ἀγχοῦ
470 4914 568 4950 που
594 4898 688 4949 καὶ
716 4894 941 4964 πλησίον
966 4891 1084 4948 οὖσι
1108 4897 1205 4964 τῆς
1232 4894 1503 4967 ἐπαρχίας
1534 4897 1591 4947 ἐν
1620 4894 1652 4964 ᾖ
1685 4895 1712 4946 ὁ
1743 4912 1840 4947 κα-

275 4987 613 5050 ταδικασθεὶς
654 4986 947 5047 ἐπίσκοπός
986 4987 1134 5037 ἐστιν
1157 5023 1172 5047 ,
1208 4984 1295 5035 ἵνα
1334 4984 1489 5037 αὐτοὶ
1517 4981 1840 5047 ἐξετάσωσιν

272 5080 545 5147 ἐπιμελῶς
584 5078 678 5151 τὴν
710 5079 987 5142 ὑπόθεσιν,
1025 5080 1120 5131 καὶ
1161 5076 1341 5145 ψῆφον
1367 5079 1534 5147 ἡγουν
1564 5075 1840 5147 ἀπόφασιν

275 5171 647 5239 ἐξενέγκωσιν.
699 5169 964 5225 Ἐνταῦθα
993 5171 1242 5237 φαίνεται
1273 5169 1302 5221 ὁ
1332 5169 1510 5221 κανὼν
1542 5162 1693 5228 οὗτος
1723 5168 1835 5218 δευ-

272 5266 437 5332 τέραν
468 5263 727 5333 ἔκκλητον
755 5262 924 5325 διδοὺς
952 5261 1028 5331 τῷ
1060 5260 1508 5317 καταδικασθέντι
1531 5258 1837 5326 ἐπισκόπει).

274 5358 440 5422 Λέγει
485 5355 627 5423 γάρ’
679 5353 741 5404 Εἰ
771 5354 826 5405 δέ
878 5371 960 5416 τις
1007 5348 1316 5416 ἀξιώνκαὶ
1365 5351 1529 5404 πάλιν
1568 5349 1732 5403 αὑτοῦ
1780 5353 1840 5402 τὸ

278 5450 512 5519 πρᾶγμα
543 5444 895 5513 ἀκουσθῆναι,
922 5446 971 5496 εἰ
1010 5444 1117 5513 γὰρ
1140 5445 1235 5497 καὶ
1260 5442 1409 5513 παρά
1436 5442 1542 5494 τῶν
1568 5440 1735 5510 ἀγχοῦ
1774 5443 1836 5509 τῇ

274 5542 515 5612 ἐπαρχίᾳ
558 5538 726 5592 ὄντων
775 5536 1088 5589 ἐπισκόπων
1135 5538 1461 5605 κατακριθῇ,
1513 5538 1668 5604 φησὶ,
1738 5537 1836 5586 καὶ

272 5637 415 5699 ἀξιοῖ
469 5634 631 5689 πάλιν
686 5630 1043 5700 ἀκουσθῆναι,
1100 5633 1194 5685 καὶ
1239 5630 1398 5682 τοῦτο
1440 5628 1566 5697 δόξῃ
1619 5627 1713 5679 καὶ
1761 5626 1838 5694 τῷ

285 5723 570 5791 Ῥωμαίων
617 5720 898 5789 ἐπισκόπῳ
938 5722 1045 5789 (τῇ
1094 5722 1203 5787 γάρ
1245 5719 1543 5787 δοκιμασίᾳ
1581 5716 1744 5771 αὐτοῦ
1776 5716 1837 5769 τὸ

272 5816 381 5868 πᾶν
407 5812 770 5882 ἀνατίθησιν),
805 5811 889 5863 ἵνα
921 5810 1124 5862 στέλλοι
1160 5808 1563 5879 πρεσϐυτέρους
1601 5810 1707 5861 ἀπὸ
1741 5806 1836 5859 τοῦ

277 5908 411 5961 ἰδίου
459 5904 691 5972 πλευροῦ
720 5945 734 5970 ,
774 5907 1059 5958 τουτέστιν
1094 5902 1378 5973 ἐκκρίτους
1415 5901 1642 5969 πλησίον
1682 5902 1845 5956 αὑτοῦ

1947 3338 2269 3392 repugnans.
2293 3327 2425 3395 Quia
2459 3338 2638 3387 autem
2696 3328 2745 3381 in
2791 3332 3059 3398 prioribus
3090 3339 3386 3390 Canonibtzs
3419 3338 3501 3389 di-

1918 3415 2142 3493 .xituus,
2172 3412 2285 3467 non
2314 3431 2435 3470 esse
2471 3434 2587 3485 qua:
2618 3420 2682 3473 tle
2712 3437 2845 3488 papa
2900 3426 3196 3479 constituta
3218 3440 3342 3479 sunt
3373 3444 3498 3495 spe-

1944 3506 2102 3559 cialia
2140 3509 2255 3574 ejus
2282 3521 2334 3562 et
2376 3510 2545 3563 solius
2600 3514 2897 3582 ptivtlegia,
2936 3528 2987 3568 ut
3038 3533 3254 3572 necesse
3306 3520 3503 3574 habeat

1943 3598 2118 3666 quivis
2143 3600 2538 3655 condemnatus
2569 3590 2858 3674 epistolius
2899 3609 2963 3659 ad
2983 3608 3165 3662 sedem
3206 3610 3500 3665 Romanam

1943 3690 2223 3755 accedere,
2257 3693 2348 3746 sed
2371 3697 2535 3746 etiam
2568 3698 2705 3767 apud
2732 3698 2915 3755 sedent
2954 3700 3499 3773 Constantinopolita-

1945 3796 2066 3834 natn
2101 3784 2371 3851 exaudiri;
2401 3789 2589 3840 eadem
2628 3804 2842 3858 quoque
2872 3806 3061 3846 rursus
3112 3794 3358 3848 dicimus.

2015 3964 2262 4019 ZONAR.
2299 3966 2354 4020 Si
2407 3971 2570 4037 quis,
2634 3971 2829 4039 inquit,
2886 3974 3171 4042 episcopus
3227 3976 3295 4032 ob
3323 3977 3498 4046 aliqua

1943 4058 2168 4110 crimina
2204 4060 2430 4127 delatus,
2464 4061 2564 4114 hoc
2596 4073 2697 4128 est,
2727 4078 3012 4120 aet-usatus
3041 4069 3225 4134 fuerit,
3269 4088 3500 4141 emtique

1942 4152 2247 4220 congregati
2282 4152 2406 4233 ejus
2444 4156 2678 4223 regionis
2710 4159 3140 4230 episcopigradu
3208 4167 3498 4233 moverint,

1943 4242 2043 4295 hoc
2075 4253 2178 4307 est,
2216 4223 2502 4310 episcopali
2528 4249 2788 4316 dignitate
2816 4252 3122 4318 spuliarint,
3174 4271 3404 4324 moxque
3434 4261 3499 4311 ab

1942 4336 2319 4409 iisjttdicibus,
2355 4356 2380 4390 a
2429 4340 2624 4409 quibus
2679 4345 2966 4399 damnatus
3000 4347 3119 4411 fuit,
3181 4348 3245 4401 ad
3304 4363 3496 4417 papam

1942 4432 2270 4497 provocarit,
2326 4433 2413 4498 qui
2448 4433 2537 4485 illo
2570 4435 2753 4486 audito
2807 4440 2998 4489 iterum
3045 4442 3336 4493 examinari
3367 4458 3499 4493 cau-

1942 4542 2078 4589 sam,
2115 4540 2417 4593 uovumque
2472 4526 2537 4580 de
2577 4542 2638 4579 ea
2680 4528 2939 4595 judicium
2994 4531 3198 4584 institui
3226 4571 3241 4594 ,
3288 4548 3495 4599 a'quutn

1942 4616 2367 4683 existimaverit;
2423 4616 2629 4671 litteras
2681 4620 2747 4671 ad
2803 4621 3084 4687 episcopos
3108 4620 3155 4673 ei
3206 4624 3496 4689 provinciae

1944 4712 2122 4779 inqua
2159 4711 2448 4768 damnatus
2474 4712 2761 4780 cpiscopus
2789 4714 2952 4779 degit,
3000 4718 3274 4782 proximos
3297 4720 3495 4780 mittat,

1941 4814 1998 4855 ιιι
2035 4803 2158 4871 ipsi,
2189 4804 2477 4870 diligenter
2542 4804 2814 4873 explorata
2858 4812 3255 4869 controversia,
3295 4820 3402 4863 tota
3432 4810 3498 4864 de

1940 4910 1997 4947 re
2022 4903 2201 4962 postea
2228 4893 2489 4959 judicent.
2554 4892 2776 4947 Videtur
2826 4910 2990 4962 porro
3051 4897 3138 4953 ltic
3201 4915 3370 4952 canon
3400 4900 3499 4954 hoc

1941 4984 2061 5037 loco
2119 4984 2408 5047 secundam
2474 5000 2690 5053 quoque
2752 4987 3194 5053 provocationem
3246 4991 3499 5044 damnato

1940 5077 2195 5145 episeopo
2237 5077 2387 5131 dare.
2420 5077 2473 5130 Si
2522 5078 2644 5146 quis
2697 5080 2873 5157 enim,
2915 5079 3027 5145 ait,
3060 5085 3308 5149 quamvis
3358 5100 3386 5137 a
3421 5086 3501 5136 vi-

1940 5171 2076 5223 cinae
2108 5170 2399 5237 provincia:
2430 5170 2698 5237 episc0pis
2730 5173 3143 5237 condemnatus,
3184 5174 3377 5243 iterum
3401 5191 3496 5249 au-

1941 5260 2040 5312 diri
2076 5261 2223 5321 velut,
2279 5276 2375 5313 nec
2425 5260 2472 5312 id
2528 5258 2798 5317 Romanus
2845 5261 3127 5330 episc0pus
3167 5265 3364 5316 abnuat
3420 5266 3493 5332 (id

1942 5366 2171 5419 namque
2216 5358 2382 5405 totum
2416 5350 2481 5401 ad
2534 5348 2677 5401 illius
2714 5349 2995 5402 arbitrium
3041 5351 3230 5403 referri
3277 5348 3495 5419 placet),

1942 5426 2341 5511 preSbyterosa
2396 5455 2495 5494 suo
2548 5441 2715 5493 latere
2765 5440 2999 5510 ipsemet
3048 5442 3244 5502 mittat,
3294 5439 3495 5493 elei-tos

1944 5532 2196 5585 nimirum
2218 5547 2284 5583 ex
2310 5531 2396 5594 iis,
2430 5545 2568 5598 quos
2609 5531 2769 5585 habet
2823 5534 2920 5587 sibi
2960 5536 3161 5586 honore
3221 5528 3496 5601 proximos

1943 5618 2418 5689 latitiliaritateque
2447 5620 2782 5688 conjunetos,
2822 5623 3160 5676 auctoritatis
3186 5624 3496 5690 potestatis-

1941 5729 2053 5780 que
2093 5728 2201 5766 suae
2239 5714 2485 5775 vicarios,
2517 5714 2609 5781 qui
2640 5714 2902 5782 episcopis
2962 5712 3219 5767 adhibitis
3277 5727 3491 5766 eausam

1943 5805 2090 5859 illam
2122 5806 2658 5872 controversiamque
2706 5807 2979 5859 deliniant.
3017 5803 3071 5857 Si
3102 5819 3226 5857 vero
3263 5806 3348 5866 iis,
3376 5820 3495 5873 qtae

1956 5890 2009 5955 in
2039 5896 2323 5973 episcopali
2364 5897 2729 5955 controversia
2781 5897 3078 5951 deﬁnienda
3105 5894 3213 5965 jain
3266 5906 3385 5952 acta
3422 5912 3493 5950 ac
