3982 6494
302 468 435 529 14-ἱῦ

368 604 393 636 4
434 583 651 637 πόλεσιν
690 582 953 654 καθιστᾷν
988 583 1320 645 ἐπισκόπους
1360 581 1692 650 ὀφείλουσιν,
1730 578 1857 631 ἔνθα
1886 582 1934 638 Α

374 695 392 728 ι
430 678 523 729 καὶ
570 677 829 745 πρότερον
874 676 1166 744 ἐτύγχανον
1211 674 1492 742 γεγονότες
1540 673 1853 725 ἐπίσκοποι.

377 786 395 818 ι
436 768 496 819 Ei
520 768 573 819 δὲ
601 768 907 836 εὑρίσκοιτο
938 767 1104 829 οὕτως
1121 765 1464 835 πληθύνουσά
1485 781 1566 831 τις
1588 766 1645 815 ἐν
1677 761 1854 830 πολλῴ

365 878 388 909 ιι
435 860 652 928 ἀριθμῷ
675 859 804 912 λαοῦ
832 859 1005 922 πόλις,
1033 859 1105 920 ὡς
1136 857 1291 920 ἀξίαν
1313 855 1478 925 αὐτὴν
1505 855 1603 925 τῆς
1631 856 1857 907 ἐπισκο-

369 970 388 1001 ι
427 951 534 1018 πῆς
566 951 917 1019 νομίζεσθαι,
950 950 1287 1021 λαμϐανέτω.
1330 946 1391 1000 ΕΞ
1432 948 1595 1002 πᾶσιν
1632 948 1856 1016 ἀρέσκει

364 1061 389 1092 γι
431 1042 587 1093 τοῦτο
604 1060 621 1107 ,;
673 1044 1058 1111 Ἀπεκρὲναντο
1095 1041 1291 1102 πάντες
1318 1054 1331 1068 ⁸
1378 1039 1644 1106 Ἀρέσκει.
1686 1056 1704 1089 ι

366 1134 555 1188 ΒΔᾹΣ.
601 1134 703 1185 Τοῦ
741 1135 805 1200 ιβ’
839 1134 1057 1194 κανόνος
1092 1132 1187 1200 τῆς
1221 1132 1277 1182 ἐν
1308 1130 1592 1200 Λαοδικείᾳ
1639 1129 1853 1183 συνόδου

294 1222 399 1275 καί
435 1224 631 1292 ἐτέρων
674 1222 1065 1292 διορισαμένων
1101 1223 1198 1282 τὰς
1240 1219 1449 1289 ψήφους
1482 1221 1587 1271 τῶν
1632 1219 1853 1271 ἐπισκό-

294 1331 410 1365 πων
460 1313 736 1381 γίνεσθαι,
782 1315 856 1384 μὴ
895 1314 1042 1383 παρὰ
1078 1312 1169 1367 τοῦ
1204 1314 1438 1382 πλήθους
1470 1314 1577 1363 τῶν
1608 1312 1850 1373 πόλεων,

291 1406 426 1459 ἀλλά
455 1407 605 1477 παρὰ
622 1405 942 1475 ἀρχιερέων,
965 1408 992 1458 ό
1019 1403 1206 1473 παρὼν
1233 1404 1408 1458 κανὼν
1427 1404 1719 1473 διορίζεται
1745 1403 1848 1468 ὅτι,

290 1499 387 1552 ἐὰν
418 1515 479 1549 συ
488 1499 594 1568 μϐᾔ
621 1498 728 1550 ἀπὸ
752 1498 854 1550 τῶν
878 1498 1185 1551 ἐπισκόπων
1207 1498 1304 1567 τῆς
1326 1498 1590 1568 ἐπαρχίας
1620 1496 1712 1549 ’ἐνα
1732 1496 1853 1548 τινὰ

290 1594 608 1660 ἀποδημεῖν,
651 1592 741 1646 καὶ
796 1593 869 1662 μὴ
912 1591 1083 1646 θέλειν
1134 1593 1271 1661 μετὰ
1314 1590 1405 1644 τοῦ
1459 1590 1694 1660 πλήθους
1743 1589 1851 1642 τῶν

293 1680 501 1734 πολλῶν
552 1683 841 1745 συνελθεῖν,
889 1684 971 1752 ἐφ’
1014 1676 1056 1748 ᾧ
1089 1683 1183 1752 τὴν
1228 1682 1407 1750 ψῆφον
1452 1681 1703 1750 γενέσθαι
1752 1680 1852 1748 τῆς

289 1777 630 1849 χηρευούσης
660 1776 966 1846 ἐκκλησίας,
1001 1778 1069 1829 τὰ
1098 1779 1150 1829 δὲ
1184 1776 1359 1847 πλήθη
1395 1776 1490 1842 τῆς
1521 1776 1726 1836 πόλεως
1757 1775 1853 1844 ζη-

288 1868 452 1921 τῶσιν
498 1869 776 1940 ἀρχιερέα,
823 1869 1023 1939 ὀφείλει
1074 1872 1100 1921 ὁ
1152 1868 1377 1937 ἔξαρχος
1423 1867 1523 1935 τῆς
1561 1867 1849 1937 ἐπαρχίας,

1399 464 1481 525 ΙΝ
1517 464 1680 526 CAN.
1723 464 1797 525 VI
1829 462 2036 523 CONC.
2092 462 2383 528 S.\RDlC.

3385 470 3521 535 1446

2042 594 2060 626 ι
2095 587 2218 643 patu
2256 580 2411 646 digna
2434 578 2719 648 judicetnr,
2755 581 3005 651 accipiat.
3030 584 3111 636 An
3139 585 3240 638 hoc
3270 587 3519 641 omnibus

2056 687 2071 719 ι
2101 669 2316 737 placet?
2346 669 2761 740 Responderunt
2782 689 2968 729 omnes
2988 716 3003 741 ,
3043 674 3244 730 Placet.
3269 695 3287 727 ι

2029 1125 2219 1183 BALS.
2248 1129 2379 1183 Cum
2416 1147 2587 1186 canon
2615 1133 2681 1186 12
2730 1135 3045 1190 Laodicenaa
3108 1140 3297 1209 synodi
3338 1150 3390 1195 et
3422 1143 3513 1196 alii

1958 1220 2256 1275 decernant
2282 1225 2396 1278 lieri
2424 1226 2793 1294 episcoporum
2826 1231 3137 1297 electiones,
3177 1248 3279 1285 non
3312 1250 3338 1284 a
3383 1234 3518 1285 mul-

1957 1313 2184 1368 titudine
2225 1317 2525 1381 civitatum,
2554 1320 2645 1371 sed
2667 1322 2732 1373 ab
2763 1323 3125 1384 antistitibus,
3162 1302 3522 1389 prmsens’c:i-

1957 1421 2058 1460 non
2088 1408 2293 1471 statuit,
2330 1410 2470 1476 quod
2497 1409 2539 1463 si
2572 1412 2860 1481 contigerit
2888 1430 2951 1467 ex
2985 1416 3254 1485 episcopis
3299 1432 3518 1484 provm-

1956 1495 2051 1548 ciae
2074 1496 2303 1564 aliquem
2356 1515 2518 1551 unum
2574 1502 2787 1566 abesse,
2840 1512 2894 1557 et
2958 1506 3095 1560 nolle
3152 1522 3273 1560 cum
3338 1507 3515 1576 populi

1957 1587 2303 1643 multitudine
2331 1593 2642 1658 convenire,
2676 1605 2730 1646 tit
2765 1595 2853 1648 ﬁat
2883 1596 3073 1675 electio
3129 1600 3371 1652 vacantis
3418 1617 3516 1655 ec~

1956 1678 2131 1734 clesize
2155 1720 2169 1745 ,
2198 1681 2433 1737 civitatis
2461 1696 2637 1737 autem
2674 1687 2899 1754 populus
2937 1700 3141 1750 qumrat
3179 1693 3513 1747 antistitem:

1954 1770 2117 1835 debet
2164 1774 2429 1825 exarcbus
2502 1775 2815 1842 provincize,
2867 1776 2979 1829 sive
3043 1780 3518 1845 metropolitanus.

1955 1862 2115 1914 etiam
2162 1863 2432 1917 absentem
2490 1866 2798 1934 epismpum
2843 1868 3040 1923 litteris
3096 1884 3402 1933 accersere,
3457 1881 3519 1924 ut

286 1960 454 2027 ἡγουν
475 1959 503 2010 ό
534 1922 950 2029 ίιῖλτροπόλιτῆς,
981 1922 1396 2028 μτακαλείέθαι
1417 1922 1619 2008 καὶ-τὸν

1962 1953 2054 2006 liat
2075 1953 2310 2022 episc0pi
2341 1957 2657 2008 constitutio
2688 1957 2754 2010 ab
2777 1961 3023 2011 omnibus
3076 1960 3513 2026 provincialibus,
3576 1962 3581 1973 ’

284 2052 575 2102 ἐπίσκοπον
612 2051 697 2104 διὰ
724 2050 1083 2119 γραμμάτων,
1108 2049 1180 2111 ὠς
1202 2049 1266 2102 ἂν
1288 2049 1502 2117 γίνηται
1525 2049 1557 2117 ἡ
1580 2047 1854 2101 κατάστα-

286 2158 369 2204 σις
423 2143 515 2192 τοῦ
565 2141 861 2193 ἐπισκόπου
897 2140 1046 2209 παρά
1088 2142 1302 2192 πάντων
1337 2141 1445 2192 τῶν
1494 2140 1851 2209 ἐπαρχιωτῶν

280 2235 422 2285 κατὰ
466 2235 555 2285 τὸν
585 2234 625 2285 δ’
660 2233 857 2287 κανόνα
894 2234 989 2301 τῆς
1030 2229 1076 2283 α’
1126 2232 1362 2287 συνόδου.
1400 2233 1459 2285 [Si
1489 2232 1545 2285 δὲ
1593 2227 1747 2295 οὗτος
1788 2230 1848 2284 οὐ

283 2323 500 2390 θελήσει
539 2326 922 2394 παρουσιάσαι,
951 2323 1069 2376 οὐδὲ
1107 2324 1344 2375 συναινεῖ
1374 2322 1439 2377 δι’
1474 2325 1845 2395 ἀντιγραφῆς,

283 2417 527 2483 γίνεσθαι
571 2420 668 2486 τὴν
711 2417 886 2487 ψῆφον
938 2419 1077 2469 κατὰ
1109 2419 1167 2468 τὸ
1212 2402 1368 2478 δόξαν
1398 2416 1474 2487 τῷ
1516 2416 1709 2486 πλήθει
1738 2417 1846 2469 τῶν

284 2509 633 2576 ὲπηαρχιωτὼν
654 2510 982 2562 ἐπισκόπων.
1010 2508 1139 2560 Οὐδὲ
1157 2508 1264 2578 γὰρ
1290 2508 1634 2578 προσαλείται
1659 2508 1688 2562 ὁ
1709 2511 1843 2561 ἀπο-

280 2600 466 2669 δημῶν
511 2601 732 2668 ἄγνοιαν
784 2600 816 2672 ἢ
871 2602 1306 2669 κατάφρονησιν,
1362 2600 1435 2664 ὡς
1486 2599 1845 2671 μετακληθεὶς

283 2692 432 2763 παρὰ
464 2695 561 2762 τῆς
611 2694 826 2747 συνόδου
858 2695 949 2748 καὶ
996 2694 1069 2765 μή
1106 2697 1499 2765 παρουσιάσας.
1534 2694 1718 2749 Ταῦτα
1751 2694 1841 2748 τοῦ

283 2786 501 2847 κανόνος
526 2786 889 2854 διοριζομὲνου
915 2791 1041 2851 περὶ
1064 2786 1240 2855 ψήφου
1260 2785 1600 2855 χηρευούσης
1622 2789 1844 2840 ἐπισκο-ι-

282 2874 413 2943 πῆς,
446 2877 564 2927 ἐπεὶ
584 2878 688 2943 πρὸ
707 2875 794 2927 τοῦ
818 2874 898 2944 κη’
932 2879 1149 2937 κανόνος
1176 2876 1271 2944 τῆς
1298 2878 1356 2925 ὲν
1372 2875 1675 2945 Χαλκηδόνι
1710 2894 1836 2929 συν-

278 2965 403 3017 όδου
434 2968 479 3017 oi
525 2966 913 3036 μητροπολῐται
944 2967 1088 3034 παρα
1125 2964 1437 3019 ἐπισκόπων
1460 2965 1718 3031 ἐγίνοντο,
1746 2970 1839 3020 καὶ

282 3055 401 3123 οὐχ).
436 3056 587 3123 παρά
625 3055 718 3106 τοῦ
752 3055 890 3107 κατὰ
926 3054 1147 3123 καιροὺς
1184 3054 1520 3124 πατριάρχου
1557 3057 1840 3109 Κωνσταν-

281 3146 607 3199 τινουπόλεω
644 3186 658 3210 ,
682 3145 858 3207 καθὼς
888 3146 1092 3212 γίνεται
1120 3147 1375 3216 σήμερον,
1403 3147 1566 3216 φησὶν
1603 3149 1631 3199 ὀ
1662 3147 1839 3203 κανὼν

282 3237 359 3291 ὅτι
381 3276 395 3301 ,
435 3238 528 3290 ἐὰν
564 3236 729 3307 μέλλῃ
765 3233 1033 3307 προϐῆναι
1083 3236 1260 3307 ψῆφος
1291 3238 1690 3308 μητροπολίτου
1713 3278 1727 3305 ,
1776 3241 1835 3292 ού
1861 3261 1907 3323 C

277 3331 561 3398 γενήσεται
594 3330 740 3397 παρά
775 3327 949 3395 μόνων
977 3327 1083 3380 τῶν
1112 3330 1465 3398 ὲπαρχιωτῶν
1493 3331 1836 3389 ἐπισκόπων·

274 3419 412 3473 ἀλλά
467 3421 569 3493 χρὴ
627 3419 1043 3490 μετακαλεῖσθαι
1096 3422 1187 3474 καὶ
1236 3423 1454 3491 ἐτέρους
1507 3424 1837 3486 ἐπισκόπους

278 3517 703 3586 πλησιοχώρους,
737 3516 949 3579 πάντως
980 3516 1065 3568 διὰ
1096 3516 1154 3567 τὸ
1196 3517 1481 3585 μεγαλεῖον
1512 3517 1603 3571 τοῦ
1637 3534 1838 3587 μητρο-

275 3606 511 3669 πολίτου,
558 3607 614 3658 ὂν
657 3609 748 3659 καὶ
793 3605 1017 3677 ἔξαρχον
1061 3607 1323 3676 ἐπαρχίας
1364 3608 1637 3677 ὀνομάζει.
1681 3609 1837 3662 Οὕτω

273 3700 383 3770 γὰρ
428 3700 599 3769 πάντη
640 3699 945 3761 ἀνύποπτος
981 3697 1133 3751 ἕσται
1181 3699 1213 3769 ἢ
1266 3698 1453 3751 τούτου
1501 3700 1696 3769 ψῆφος,
1758 3702 1834 3765 ὡς

274 3792 424 3861 παρὰ
470 3791 729 3844 πλειόνων
766 3790 1380 3861 ἀρχιερέωνγενομένη.
1426 3791 1546 3844 Ὀτι
1576 3792 1632 3844 δὲ
1659 3792 1834 3862 ψηφι-

272 3882 513 3953 ζομένων
550 3884 861 3935 ἐπισκόπων
902 3882 1172 3934 ταπεινῶν
1222 3883 1299 3944 εἰς
1341 3899 1493 3945 τινας
1543 3884 1832 3954 παροικίας

271 3974 524 4038 εὐτελεῖς,
557 3976 612 4025 ἐν
648 3969 733 4035 αἶς
772 3972 1029 4034 πολλάκις
1062 3973 1182 4026 οὐδὲ
1218 3968 1356 4043 ἦσαν
1384 3974 1705 4041 ἐπίσκοποι,
1738 3978 1831 4051 καί

270 4065 408 4133 πεζῇ
443 4063 787 4131 βαδιζόντων,
817 4065 908 4114 καὶ
938 4061 1110 4124 ἄλλως
1136 4062 1303 4115 ὄντων
1335 4065 1828 4133 καταπεφρονημέ-

269 4175 395 4219 νων,
440 4158 500 4209 τὸ
545 4157 639 4223 τῆς
682 4157 1086 4225 ἀρχιερωσύνης
1144 4155 1359 4224 ἀξίωμα
1407 4150 1824 4227 περιυϐρίζετο·

266 4248 471 4318 ὥρισαν
524 4250 570 4298 οἱ
615 4249 851 4316 Πατέρες
908 4246 980 4316 μὴ
1020 4246 1377 4299 καθίστασθαι
1426 4248 1719 4299 ἐπίσκοπον
1770 4250 1828 4302 ἐν

268 4343 430 4410 κώμῃ
473 4339 595 4409 ἢέν
654 4338 834 4407 χωρίῳ
874 4337 997 4407 ἢέν
1051 4338 1204 4390 πόλει
1257 4337 1505 4407 βραχείᾳ,
1564 4332 1684 4410 ἐνῇ
1730 4338 1826 4388 καὶ

266 4426 345 4495 εἷς
395 4432 571 4501 ἱερεὺς
624 4430 874 4499 ἐπαρκεῖ,
938 4428 1025 4480 ἵνα
1082 4427 1156 4498 μὴ
1208 4428 1606 4497 ἐξευτελίζηται
1653 4431 1685 4498 ἡ
1732 4432 1827 4480 αὺ-

265 4525 447 4577 θεντία
481 4525 579 4591 τῆς
618 4521 1053 4592 ἀρχιερωσύνης·
1094 4519 1208 4573 ἀλλ’
1242 4522 1321 4582 είς
1351 4519 1558 4580 ἐκείνας
1593 4521 1691 4585 τὰς
1725 4528 1824 4574 πο.

1957 2053 2014 2097 ut
2047 2046 2159 2096 vult
2182 2045 2624 2113 canon/ipritntc
2648 2048 2867 2116 synodi.
2929 2048 2983 2102 Si
3038 2049 3082 2103 is
3142 2063 3320 2104 autem
3381 2054 3515 2106 nolit

1954 2132 2163 2195 adesse,
2196 2149 2296 2187 nec
2314 2149 2406 2203 per
2432 2137 2754 2203 rescriptum
2783 2139 3134 2203 assentiatur,
3165 2140 3257 2192 liat
3300 2142 3513 2207 electio,

1954 2235 2010 2277 ut
2041 2226 2232 2294 pupqu
2290 2227 2462 2279 visum
2514 2227 2698 2291 fuerit,
2757 2229 3171 2294 provincialimn
3227 2232 3515 2303 episcopo-

1949 2333 2105 2372 rum:
2144 2332 2320 2386 neque
2359 2319 2525 2384 enim,
2569 2321 2657 2388 qui
2696 2322 2870 2385 abest,
2904 2324 3264 2393 ignorantiam
3312 2327 3511 2395 allega-

1949 2407 2027 2462 bit
2061 2409 2141 2462 vel
2168 2411 2248 2462 sui
2300 2418 2696 2478 contemptum,
2753 2416 2892 2481 quod
2922 2434 2925 2437 ·
2955 2417 3165 2469 scilicet
3222 2433 3250 2470 a
3306 2420 3515 2487 synodo

1953 2510 2172 2551 voratus
2229 2515 2331 2552 non
2389 2502 2642 2556 adfuerit.
2697 2503 2830 2557 Cum
2876 2507 2996 2560 bene
3057 2521 3229 2562 canon
3290 2511 3511 2581 statuis-
3566 2572 3569 2581 κ

1945 2602 2027 2646 set
2048 2593 2111 2644 de
2139 2592 2403 2648 electione
2456 2598 2699 2649 vacantis
2726 2596 2988 2665 ecclesiae,
3023 2601 3144 2667 quia
3180 2610 3308 2654 ante
3367 2604 3511 2656 vice—

1944 2682 2137 2735 sitnuut
2203 2691 2446 2735 octavum
2489 2701 2750 2738 canouem
2806 2687 3273 2745 Chalcedonensis
3312 2693 3503 2760 synodi

1945 2772 2344 2838 metropolitani
2380 2774 2585 2827 ﬁebant
2619 2778 2684 2828 ab
2714 2779 2997 2846 episcopis,
3048 2791 3101 2832 et
3158 2798 3261 2834 non
3293 2797 3320 2831 a
3357 2782 3501 2837 Con-

1941 2846 2418 2930 Stantinopolitano
2479 2856 2576 2932 pro
2615 2877 2854 2933 tempore
2886 2870 3217 2938 patriarcha,
3276 2884 3331 2926 ut
3362 2890 3515 2928 nunc.

1944 2953 2000 3006 lit
2028 2971 2042 3019 ;
2076 2955 2200 3008 dicit
2225 2972 2419 3022 canon,
2450 2960 2592 3023 qttod
2627 2960 2669 3011 si
2702 2961 2768 3013 sit
2809 2977 3122 3027 processura
3153 2965 3346 3017 electio
3393 2984 3516 3019 tne-

1940 3048 2277 3116 tropolitani,
2312 3065 2416 3103 non
2452 3053 2543 3102 liat
2576 3066 2603 3101 a
2647 3052 2777 3105 solis
2814 3039 3238 3118 provincialibus
3292 3060 3514 3124 cpi-ro-

1941 3139 2066 3208 pis:
2100 3143 2193 3193 sed
2227 3142 2388 3194 etiam
2431 3141 2656 3196 omnino
2692 3146 2895 3196 accersi
2952 3156 3164 3211 oportet
3219 3149 3504 3216 episcopos

1941 3229 2239 3284 vicinarum
2270 3216 2568 3300 regionum,
2608 3246 2826 3302 propter
2863 3238 3264 3305 metropolitani
3300 3242 3504 3309 inagni~

1944 3321 2201 3385 tudinem,
2234 3336 2390 3391 quem
2420 3323 2582 3377 etiam
2630 3325 2921 3378 exarchum
2976 3329 3266 3396 provincia:
3325 3333 3503 3390 nouii~

1942 3423 2051 3468 nat.
2084 3411 2175 3468 Sic
2206 3416 2352 3468 enim
2380 3416 2447 3468 ab
2473 3418 2617 3469 omni
2647 3417 2783 3468 mala
2816 3421 3123 3487 suspicione
3176 3422 3340 3475 libcra
3399 3425 3503 3485 erit

1938 3503 2154 3567 electio,
2188 3506 2382 3573 utiqum
2405 3521 2432 3557 a
2462 3506 2701 3574 pluribus
2725 3508 3053 3563 antistitibus
3081 3509 3217 3564 facta
3242 3513 3331 3567 sit.
3363 3515 3501 3580 Quia

1939 3603 2119 3647 autem
2158 3597 2349 3649 vilibus
2377 3596 2567 3653 electis
2593 3600 2859 3669 episcopis
2896 3601 2947 3653 iu
2976 3604 3155 3671 parvis
3187 3605 3495 3674 vilibusque

1938 3687 2209 3754 parasciis,
2235 3688 2283 3740 in
2317 3691 2513 3757 quibus
2540 3707 2679 3760 saepe
2710 3708 2778 3747 ne
2812 3705 2968 3748 erant
2995 3696 3207 3764 quidem
3238 3698 3498 3775 episcopi,

1936 3777 2025 3847 qui
2060 3788 2113 3829 et
2136 3779 2359 3845 pedilms
2398 3783 2740 3846 incedebant,
2806 3796 2859 3840 et
2919 3797 3074 3842 erant
3113 3789 3311 3859 alioqui
3360 3807 3494 3845 cou-

1936 3871 2149 3940 templi,
2174 3873 2506 3941 episcoitalis
2573 3876 2827 3944 dignitas
2868 3880 3192 3934 contumelia
3230 3878 3497 3941 alliciebat:

1916 3972 2063 4035 _tur;
2098 3973 2407 4019 sNtuerunt
2434 3964 2642 4031 Patres,
2684 3984 2750 4020 ne
2797 3973 3161 4026 constituatur
3207 3976 3497 4044 episcopus

1937 4056 1988 4107 in
2018 4040 2158 4119 vico,
2182 4059 2297 4110 sive
2328 4058 2379 4109 in
2436 4073 2591 4125 pago,
2631 4061 2710 4111 vel
2764 4061 2815 4113 in
2853 4062 3045 4129 exiguo
3099 4065 3377 4132 Oppidulo,
3438 4069 3491 4121 ii.

1934 4163 2039 4214 quo
2075 4148 2322 4219 velimus
2354 4151 2612 4204 Sacerdos
2644 4151 2869 4217 sndlicit;
2934 4171 2999 4208 ne
3041 4157 3364 4224 episc0palis

1932 4239 2108 4305 gnitas
2136 4239 2530 4307 vilipeudatur:
2565 4244 2656 4295 sed
2687 4244 2737 4296 in
2772 4244 2877 4297 illis
2898 4245 3118 4300 urbibus
3150 4249 3495 4315 00nstituan1

1890 4342 2020 4384 rtur
2050 4333 2309 4401 episcopi,
2371 4349 2488 4402 quae
2551 4336 2858 4389 hominibus
2906 4338 3202 4404 abundant,
3262 4353 3316 4393 et
3369 4356 3495 4417 qua;

1925 4422 2036 4492 jam
2063 4424 2188 4477 olim
2225 4425 2422 4478 habent
2463 4428 2765 4496 episeopos.
2797 4428 3070 4497 Tanquam
3106 4440 3281 4483 autem
3311 4433 3487 4484 dixis-

1930 4516 2575 4587 setquispiam,iniquum
2609 4534 2731 4577 esse
2779 4520 2966 4574 urbem
3014 4523 3210 4589 pooulo
3244 4523 3485 4589 frequen-

264 4615 376 4679 λεις
420 4617 749 4677 ἐπισκόπους
805 4611 1162 4664 καθίστασθαι
1204 4614 1297 4673 τὰς
1341 4611 1818 4682 πολυανθρώπους,

1937 4621 2034 4662 tem
2065 4624 2168 4661 non
2194 4609 2399 4662 habere
2418 4610 2751 4675 antistitem,
2787 4626 2854 4665 eo
2887 4610 3028 4679 quod
3065 4613 3174 4679 jam
3215 4614 3340 4665 olim
3368 4613 3485 4682 epi-
3522 4638 3533 4659 ιι

264 4708 359 4767 τὰς
389 4706 495 4757 ἀπὸ
526 4704 755 4756 παλαιού
785 4703 1013 4773 ἐχούσας
1038 4703 1329 4773 ἀρχιερεῖς.
1370 4703 1457 4764 Ὠς
1486 4702 1541 4755 δέ
1571 4721 1713 4767 τινος
1746 4704 1823 4757 εί-

263 4798 456 4856 πόντος
506 4793 687 4849 ἄδικον
720 4789 855 4844 εἶναι
885 4794 943 4844 τὸ
986 4792 1060 4863 μὴ
1095 4793 1236 4861 ἔχειν
1277 4793 1373 4862 τὴν
1405 4793 1824 4864 πολυάνθρωπον

264 4883 416 4934 πόλιν
452 4880 711 4952 ἀρχιερέα
733 4921 746 4943 ,
780 4880 867 4932 διὰ
901 4880 955 4930 τὸ
992 4885 1064 4949 μὴ
1094 4881 1155 4932 ἐκ
1189 4881 1417 4934 παλαιοῦ
1462 4883 1822 4937 καθίστασθαι

262 4972 555 5028 ἐπίσκοπον
587 4973 644 5023 ἐν
671 4973 832 5040 αὐτῇ,
866 4967 1016 5023 εἷπον
1045 4973 1367 5042 οίΠατέρες
1395 4974 1450 5025 ἐν
1475 4975 1698 5048 τοιαύτῃ
1728 4979 1824 5029 πό-

260 5069 341 5121 λει
385 5070 476 5120 καὶ
529 5066 592 5118 ἐκ
623 5066 741 5116 νέου
786 5063 1141 5117 καθίστασθαι
1168 5064 1484 5118 ἐπίσκοπον.
1516 5064 1616 5139 Καὶ
1651 5067 1821 5119 ταῦτα

262 5160 360 5231 μὲν
404 5159 564 5212 οὕτω.
594 5160 661 5209 Σλ
694 5155 746 5210 δὲ
778 5158 1076 5226 σημείωσαι
1121 5155 1215 5207 καὶ
1252 5156 1357 5206 ἀπὸ
1414 5158 1677 5225 παρόντος
1726 5158 1819 5209 τοῦ

260 5251 424 5304 κανόν
457 5266 504 5312 ς,
539 5250 619 5301 ὅτι
651 5249 849 5317 ἄκυρος
887 5252 1035 5301 ἐστιν
1068 5248 1100 5315 ἡ
1132 5245 1305 5315 ψῆφος
1337 5244 1426 5298 τοῦ
1457 5248 1755 5309 ἐπισκόπου
1785 5250 1817 5318 ἡ

258 5344 520 5412 γινομένη
558 5343 721 5411 χωρὶς
774 5342 1072 5410 παρουσίας
1116 5338 1149 5410 ἢ
1199 5339 1819 5399 συναινέσεως-πάντων

255 5438 364 5504 θεῶν
410 5434 784 5504 ὲπαρχιωτὼν.
834 5435 938 5485 Καὶ
966 5433 1059 5486 ἕνα
1086 5433 1194 5502 γὰρ
1225 5434 1287 5485 ἐκ
1313 5430 1516 5484 τούτων
1542 5431 1819 5501 ἀπόδημον

256 5529 384 5580 ὄντα
422 5525 839 5595 μετακαλεῖσθαι
873 5526 901 5575 ὁ
936 5525 1114 5577 κανὼν
1146 5524 1462 5595 διωρίσατο.
1499 5524 1608 5575 Καὶ
1636 5526 1696 5575 ού
1729 5524 1819 5574 δύ-

256 5619 411 5672 ναταί
445 5636 525 5680 τις
551 5618 726 5684 λέγειν
756 5616 849 5679 ὡς,
876 5619 996 5668 ἐπεὶ
1026 5617 1058 5684 ή
1084 5616 1191 5668 τῶν
1221 5617 1479 5669 πλειόνων
1509 5616 1683 5685 ψῆφος
1719 5617 1817 5681 ἀρ-

257 5712 373 5774 κεῖ,
404 5712 435 5778 ἡ
468 5708 562 5761 τοῦ
596 5710 709 5771 ἐνὸς
740 5707 975 5760 ἀπουσία
1003 5708 1061 5759 ού
1098 5709 1521 5777 προκριματίσει
1542 5748 1556 5771 ,
1591 5706 1693 5759 κᾶν
1725 5708 1819 5759 καὶ

255 5802 467 5852 ἐναντία
512 5800 763 5871 ἠγνώμη
794 5799 986 5850 τούτου
1036 5798 1170 5851 ἐστί.
1220 5799 1317 5850 Διὰ
1370 5799 1476 5865 γὰρ
1518 5797 1695 5861 τοῦτο,
1742 5797 1817 5859 ὡς

256 5894 418 5956 ἔοικε,
465 5890 888 5952 μετακαλοῦνται
943 5890 1137 5951 πάντες
1190 5891 1237 5941 οἱ
1286 5889 1635 5954 ἐνδημοῦντες
1676 5891 1815 5941 κατά

1929 4712 2120 4766 scopus
2147 4700 2197 4750 in
2224 4714 2283 4751 ea
2317 4714 2421 4753 non
2460 4701 2859 4765 constituatur;
2898 4699 3220 4771 adjecerunt
3268 4700 3482 4768 Patres,

1928 4789 1982 4842 in
2015 4788 2317 4858 bujusniodi
2343 4790 2561 4844 civitate
2590 4792 2752 4853 etiam
2776 4790 2849 4861 de
2882 4806 3022 4845 novo
3046 4794 3299 4849 c0u.~titui
3328 4810 3487 4861 posse

1928 4882 2452 4955 episcopuui.‘491
2492 4882 2695 4938 Etliaic
2726 4885 2944 4954 quidem
3002 4884 3100 4939 sic.
3163 4884 3240 4938 Tu
3304 4896 3482 4941 autem

1926 4986 2051 5031 nota
2083 4978 2246 5031 etiam
2296 4960 2360 5032 ex
2425 4981 2523 5032 hoc
2576 4979 2826 5045 pnesenti
2882 4994 3109 5045 canone,
3140 4984 3280 5047 quod
3330 4980 3482 5034 irrita

1923 5078 2003 5125 est
2025 5068 2216 5123 electio
2244 5069 2505 5143 (πρίει-ορὶ,
2538 5085 2655 5138 quae
2684 5069 2739 5123 ﬁt
2769 5070 2888 5124 sine
2918 5072 3202 5140 praesentia
3239 5073 3321 5125 vel
3356 5086 3483 5125 con-

1924 5172 2085 5212 sensu
2115 5158 2351 5210 omnium
2380 5159 2821 5226 provincialium.
2878 5157 3009 5228 Nam
3047 5160 3130 5225 vel
3185 5177 3348 5213 unum
3412 5177 3481 5215 ex

1922 5248 2010 5313 iis,
2041 5248 2362 5316 quiaberat,
2398 5253 2602 5303 accersi
2638 5249 2795 5317 jubet
2824 5266 3018 5305 canon.
3064 5251 3127 5307 Et
3152 5266 3255 5305 non
3299 5261 3476 5320 potest

1921 5340 2186 5408 quiSpiatn
2237 5340 2418 5394 dicere
2463 5342 2627 5409 quod,
2683 5341 2938 5410 quoniam
3000 5343 3232 5415 plurium
3298 5342 3475 5409 valent

1922 5430 2198 5501 suffragia,
2228 5433 2389 5485 unius
2432 5432 2674 5486 absentia
2702 5450 2808 5487 non
2860 5439 3013 5487 atl’ert
3066 5434 3463 5502 praeiudicium,

1920 5522 2130 5576 etiamsi
2188 5523 2462 5576 contraria
2530 5533 2611 5577 est
2670 5526 2784 5591 ejus
2847 5528 3135 5579 sententia.
3184 5524 3474 5591 Propterea

1921 5614 2083 5678 enim,
2141 5621 2199 5666 ut
2247 5621 2331 5666 est
2377 5626 2822 5679 consentaneum,
2885 5627 3233 5670 accersantur
3286 5633 3473 5675 omnes

1920 5707 2010 5775 qui
2052 5706 2104 5757 in
2138 5706 2359 5772 regione
2391 5706 2585 5760 adsunt
2650 5709 2701 5761 in
2765 5710 2903 5762 bane
2958 5705 3174 5760 urbium
3232 5708 3470 5776 reginam

1918 5796 2210 5859 antistites,
2239 5796 2451 5863 quando
2479 5795 2637 5850 debet
2672 5798 2899 5865 alicujus
2940 5798 3179 5851 ecclesiae
3208 5798 3322 5850 ﬁeri
3367 5799 3472 5853 elo.

1920 5889 2048 5950 ctio,
2088 5898 2138 5940 et
2172 5902 2290 5941 eam
2316 5887 2475 5941 unius
2530 5890 2769 5941 absentia
2822 5889 3065 5943 impedit.
3120 5890 3253 5943 Cum
3291 5900 3467 5947 autem
