3982 6494
463 385 598 450 1447

1705 381 1976 443 THEUD,
2022 381 2106 434 UA
2118 379 2410 442 LSAMON

3544 373 3688 428 H48

464 511 636 552 ranon
667 488 831 558 dicat,
862 491 1120 552 constitui
1155 501 1408 560 oportere
1437 490 1720 559 episcopos
1754 490 1841 542 ubi
1870 487 2016 556 prius
2048 511 2059 546 λ

2167 486 2318 555 ιύτην
2347 487 2442 558 τὴν
2470 485 2576 538 τῶν
2607 483 2807 538 πόλεων
2831 481 3213 554 βασιλεύουσαν
3237 480 3533 550 ἀρχιερεῖς,
3558 480 3691 530 ὅταν

467 589 677 644 fuerunt
709 585 994 653 episcopi;
1033 584 1286 637 dicebant
1349 581 1593 650 quidam,
1656 595 1760 633 non
1827 579 2022 631 debere

425 717 442 722 -
465 679 565 732 hoc
592 680 811 730 omnino
845 677 960 728 ﬁeri
1011 677 1060 728 in
1083 675 1281 728 vilibus
1317 674 1469 742 pagis
1526 681 1616 726 aut
1683 668 1926 731 urbibus,
1955 681 2020 720 eo

467 771 606 836 quod
641 771 692 822 in
722 769 787 822 iis
819 768 1090 821 antistites
1109 775 1266 820 antea
1298 765 1652 834 eligerentur,
1686 761 1902 829 quando
1938 776 2026 828 po.

469 853 590 927 pulo
637 858 947 928 frequentes
998 868 1190 922 erant;
1249 857 1342 912 sed
1401 871 1620 911 causam
1675 851 2027 922 promotionis

468 955 728 1008 antistitis
784 969 905 1006 esse
961 951 1192 1019 regionis
1248 950 1430 1018 populi
1476 947 1872 1017 frequentiam.
1923 960 2026 997 non

475 1057 652 1098 autem
680 1047 964 1112 antiquum
1018 1041 1392 1115 privilegium:
1452 1049 1506 1094 et
1556 1040 1890 1108 adjecerunt,
1924 1052 2028 1095 non

470 1149 724 1205 oportere
756 1137 1066 1204 t‘piSt‘Opttm
1125 1134 1250 1202 eligi
1298 1134 1350 1186 in
1411 1133 1564 1194 urbe,
1612 1146 1730 1199 qua:
1775 1147 1803 1184 a
1840 1145 2030 1198 magna

474 1231 649 1300 populi
680 1229 981 1298 frequentia
1016 1229 1079 1280 ad
1105 1230 1238 1281 nihil
1296 1225 1512 1279 redacta
1555 1234 1637 1278 est
1675 1238 1740 1276 ex
1794 1221 2029 1289 gentiam

472 1321 806 1382 incursione,
844 1319 926 1372 vel
971 1320 1146 1390 aliqua
1179 1319 1281 1374 alia
1343 1332 1520 1374 rerum
1593 1315 2028 1383 perturbatione;

475 1413 568 1464 sed
607 1414 655 1463 itt
719 1413 783 1464 iis
811 1428 928 1479 qua:
961 1410 1155 1477 populo
1191 1410 1483 1474 abundant,
1520 1407 1729 1463 etiamsi
1761 1407 2034 1464 antistites

476 1515 631 1556 antea
663 1518 768 1555 non
805 1505 1131 1555 habuerunt.
1165 1503 1209 1554 Α
1234 1501 1337 1554 Deo
1367 1510 1545 1560 autem
1581 1507 1880 1554 coronatus
1907 1511 2034 1550 san-

475 1597 703 1662 ictusque
739 1597 1031 1662 imperator
1071 1604 1256 1648 noster
1306 1607 1445 1662 saepe
1505 1602 1741 1659 regatus,
1766 1605 1832 1646 an
1877 1603 2038 1658 opor-

478 1697 588 1742 teat
615 1686 922 1740 Orientales
971 1685 1237 1740 Erclesias
1280 1692 1332 1737 et
1364 1700 1391 1734 a
1429 1680 1750 1740 Sarracenis
1794 1680 2038 1733 detentas

479 1780 766 1849 episcopos
798 1779 1056 1831 electione
1076 1773 1298 1839 sortiri;
1332 1774 1409 1827 eis
1444 1772 1658 1841 quidem
1682 1770 1802 1840 eligi
1827 1770 2036 1840 episco-

480 1887 576 1940 pos
612 1870 820 1944 annuit,
850 1880 902 1922 et
937 1869 1193 1921 solemnia
1227 1867 1290 1919 iis
1324 1866 1414 1936 qui
1449 1867 1649 1934 eligere
1710 1864 1907 1918 debent
1964 1865 2028 1914 ad

480 1964 659 2022 victus
682 1962 1057 2017 snllicicnttam
1110 1960 1380 2013 conoessit
1425 1973 1519 2028 per
1554 1969 1896 2010 communem
1925 1954 2034 2021 jus-

484 2055 713 2111 siom-m.
746 2066 1026 2122 quousque
1083 2049 1326 2103 ecclesiis
1384 2052 1494 2102 suis
1541 2049 1766 2112 absunt;
1817 2057 1873 2100 ut
1923 2047 2033 2115 jus,

485 2147 626 2215 quod
663 2144 713 2196 in
757 2143 835 2195 eis
865 2151 948 2195 est
981 2139 1246 2201 ccclesiis,
1295 2137 1522 2206 imperio
1546 2152 1757 2208 quoque
1781 2149 2036 2206 perpetuo

486 2245 748 2300 εοννυιιιτ,
788 2243 971 2302 utpote
999 2246 1117 2284 cum
1145 2246 1245 2282 nou
1295 2227 1544 2297 desperet
1601 2227 1718 2281 lore
1765 2236 1824 2286 ut
1868 2227 2034 2282 Chri-

487 2329 648 2382 stiani
679 2328 742 2379 ad
768 2337 859 2379 eas
897 2321 1269 2377 restitumnnr.
1303 2318 1595 2388 Episcopus
1630 2329 1809 2373 autem
1862 2319 1914 2371 in
1950 2335 2042 2388 μοι

488 2423 571 2490 gis
628 2419 822 2472 vilibus
897 2417 1384 2486 quomodocunque
1431 2413 1554 2482 eligi
1612 2428 1714 2464 non
1769 2411 2040 2478 permisit:

492 2511 584 2567 sed
605 2509 783 2578 potius
813 2505 876 2559 iis
907 2503 1241 2565 succensuit,
1292 2501 1380 2570 qui
1433 2501 1506 2557 ita
1552 2501 1795 2570 eligunt;
1854 2516 2044 2574 nentlpe

493 2602 635 2670 quod
672 2597 994 2667 episcopalis
1029 2595 1266 2664 dignitas
1313 2607 1376 2647 ex
1405 2607 1466 2646 ea
1511 2608 1568 2649 re
1622 2593 1945 2650 contumelia
1969 2593 2048 2650 af-

496 2695 728 2746 iiriatur.
757 2690 892 2746 Cum
941 2697 1118 2741 autem
1171 2686 1261 2739 ille
1317 2685 1694 2742 sanctissimus
1739 2683 2044 2738 Thebarum

497 2780 1248 2854 tnetropolitanusCalor-tene
1279 2780 1562 2846 episc0pos
1621 2777 1687 2832 de
1743 2793 1884 2830 novo
1933 2779 2046 2832 ele-

498 2877 679 2944 gisset,
704 2875 962 2942 agitatum
991 2871 1146 2924 estin
1197 2870 1403 2940 synodo
1452 2879 1693 2937 tempore
1725 2870 2048 2928 sanctissimi

501 2968 640 3019 illius
673 2966 994 3036 patriarchae
1031 2961 1236 3016 domini
1260 2959 1532 3021 Michaelis
1577 2961 1774 3013 summi
1807 2960 2052 3030 philoso-

501 3060 613 3126 phi,
649 3068 824 3110 utrum
861 3053 1304 3124 metrOpolitanns
1330 3053 1554 3110 debebat
1578 3052 1679 3106 hoc
1699 3068 1894 3106 novum
1920 3069 2054 3120 Opus

2121 579 2298 650 ψῆφος
2343 578 2532 648 ὀφείλῃ
2575 576 2825 646 γενέσθαι
2859 574 3146 642 ἐκκλησίας
3193 572 3560 642 οἱασδήτινος,
3597 573 3691 624 καὶ

2127 669 2397 738 ἐμποδίζῃ
2451 667 2656 736 ταύτην
2694 669 2726 737 ἠ
2763 665 3038 735 ἀποδημία
3069 663 3158 715 τοῦ
3190 663 3328 725 ἐνός.
3363 663 3467 716 Τοῦ
3505 664 3560 715 δέ
3593 681 3684 714 και

2125 764 2273 826 νόνος
2326 762 2576 830 λέγοντος
2625 757 2983 813 καθίστασθαι
3037 757 3367 818 ἐπισκόπους
3417 757 3544 809 ἔνθα
3601 758 3692 807 καῖ

2127 857 2392 926 πρότερον
2418 853 2711 923 ἐτύγχανον
2740 851 3046 912 ἐπίσκοποι,
3078 843 3231 901 εἷπον
3260 865 3404 910 τινες
3435 848 3509 918 μὴ
3541 848 3699 915 ὀφείτ-

2129 950 2240 1003 λειν
2282 947 2441 1000 τοῦτο
2491 945 2732 1014 γίνεσθαι
2779 943 3141 1012 είςοεὺτελεῖς
3188 939 3363 1008 πάντη
3419 938 3614 1008 κώμας
3664 938 3697 1006 ἦ

2132 1042 2347 1104 πόλεις,
2379 1039 2467 1099 διὰ
2499 1039 2560 1091 τὺ
2589 1034 3025 1108 προψηφίζεσθαι
3053 1037 3134 1096 είς
3162 1033 3361 1095 ταύτας
3395 1033 3696 1100 ἀρχιερεῖς,

2130 1135 2258 1192 ὅταν
2285 1129 2424 1201 ἦσαν
2450 1130 2551 1182 ὑπὸ
2587 1129 2718 1184 λαοῦ
2765 1126 3182 1200 πληθυνόμεναι,
3215 1125 3347 1178 ἀλλὰ
3385 1128 3484 1192 τὴν
3518 1124 3700 1175 αἰτίαν

2130 1227 2226 1295 τῆς
2258 1221 2604 1292 προϐλήσεως
2633 1219 2726 1272 τοῦ
2757 1219 3059 1289 ἀρχιερέως
3090 1212 3230 1269 εἶναι
3259 1215 3320 1268 τὸ
3355 1213 3702 1279 πολυάνθρωο

2134 1333 2232 1369 πον
2253 1316 2348 1386 τῆς
2370 1313 2573 1385 χώρας,
2595 1311 2718 1382 οὐχὶ
2738 1311 2796 1363 τὸ
2821 1309 3044 1369 παλαιὸν
3071 1307 3387 1378 προνόμιον,
3411 1305 3506 1357 καὶ
3531 1319 3703 1372 προσ-

2133 1411 2313 1473 έθεντο
2365 1408 2440 1478 μὴ
2475 1406 2672 1477 χρῆναι
2723 1402 3016 1462 ἐπίσκοπον
3065 1399 3396 1470 ψηφίζεσθαι
3428 1401 3506 1459 εἰς
3547 1396 3704 1448 πόλιν

2136 1501 2548 1571 καταντήσασαν
2571 1497 2679 1552 ἀπὸ
2726 1493 3154 1563 πολυανθρώπου
3186 1494 3264 1556 είς
3293 1491 3352 1542 τὸ
3389 1489 3554 1560 μηδὲν
3584 1503 3708 1557 σχε-

2136 1593 2224 1657 δὸν
2265 1595 2329 1645 ἐκ
2353 1591 2452 1659 τῆς
2484 1589 2590 1642 τῶν
2640 1589 2807 1646 ἐθνῶν
2847 1585 3142 1654 ἐπιδρομῆς
3178 1584 3210 1657 ἢ
3241 1582 3405 1649 ἀλλης
3432 1582 3574 1642 τινὸς
3602 1579 3709 1630 τῶν

2140 1685 2478 1763 πραγμάτων
2515 1683 2705 1752 φορᾶς,
2742 1679 2852 1735 ἀλλ’
2888 1680 2962 1741 εἰς
2985 1680 3077 1736 τὰς
3104 1673 3579 1743 πολυανθρώπους,
3607 1672 3711 1724 κᾶν

2141 1779 2237 1848 οὐχ
2286 1773 2429 1845 εἶχον
2472 1774 2662 1844 πρώην
2707 1775 3001 1843 ἀρχιερεῖς.
3059 1769 3119 1822 '0
3179 1769 3360 1836 μέντοι
3412 1765 3713 1831 θεοστεφὴς

2143 1871 2404 1943 κραταιὸς
2439 1870 2532 1922 καὶ
2578 1867 2734 1936 ἅγιος
2765 1867 2921 1934 ἡμῶν
2961 1863 3247 1934 βασιλεὺς,
3285 1859 3546 1920 πολλάκις
3576 1857 3714 1909 ὑπο-

2147 1962 2403 2034 μνησθεὶς
2433 1961 2480 2014 εί
2511 1959 2616 2033 χρὴ
2647 1959 2743 2020 τὰς
2777 1959 2833 2009 ἐν
2864 1959 2929 2026 τῇ
2959 1954 3189 2024 ἀνατολῇ
3217 1953 3382 2014 οὓσας
3411 1949 3712 2017 ἐκκλησίας

2142 2056 2236 2108 καὶ
2274 2055 2424 2124 παρὰ
2468 2049 2782 2120 Ἀγαρηνῶν
2812 2047 3180 2116 κατεχομένας
3209 2043 3578 2122 ψηφισθῆναι,
3613 2041 3718 2108 ψη·

2148 2149 2402 2218 φίζεσθαι
2446 2147 2542 2218 μὲν
2581 2146 2783 2206 ταύτας
2825 2143 3110 2211 ηὐδόκησε,
3152 2139 3246 2204 καὶ
3297 2137 3553 2204 σολέμνια
3605 2137 3722 2196 τοῖς

2147 2241 2475 2316 ψηφίζεσθαι
2495 2238 2766 2308 ὀφείλουσι
2787 2235 2867 2287 διὰ
2890 2234 2957 2286 τά
2977 2233 3200 2312 ζωαρκῆ
3225 2228 3724 2296 ἐπεφιλοτζμήσατσ

2154 2336 2240 2388 διὰ
2278 2331 2461 2400 κοινῆς
2505 2327 2853 2400 προστάξεως
2876 2366 2888 2386 ,
2916 2324 3042 2376 ὃταν
3079 2324 3214 2384 τέως
3252 2319 3610 2387 ἀποδημῶσιν
3645 2319 3726 2378 εἰς

2153 2427 2249 2488 τάς
2300 2421 2592 2492 ἐκκλησίας
2633 2418 2832 2481 αὐτῶν,
2868 2416 2956 2474 ἴνα
3003 2415 3062 2466 τ’)
3109 2413 3199 2466 ἐπὶ
3246 2410 3473 2468 ταύταις
3523 2409 3725 2478 προσ-ὂν

2153 2520 2360 2576 δίκαιον
2394 2516 2510 2575 ταῖς
2542 2511 2854 2577 ἐκκλησίαις
2881 2509 2973 2562 καὶ
2994 2508 3058 2576 τῇ
3090 2503 3335 2574 βασιλείᾳ
3361 2502 3727 2562 αξω·ιιζόντως

2156 2609 2624 2683 περιφυλὰττηται
2647 2647 2662 2671 ,
2693 2605 2768 2674 ὡς
2811 2601 2945 2672 μηδέ
2968 2597 3326 2668 ἀπαγορεύων
3352 2595 3452 2659 τὴν
3482 2599 3559 2654 είς
3587 2593 3727 2645 ταύ-

2155 2719 2253 2765 τας
2303 2699 2742 2756 ἀποκατάστασιν
2790 2692 2896 2746 τῶν
2941 2688 3302 2762 Χριστιανῶν.
3362 2685 3718 2745 Ἐπισκόπους

2159 2794 2215 2847 δὲ
2253 2793 2606 2859 ὁπωσδήποτε
2653 2789 2732 2849 εἰς
2774 2783 2965 2854 κώμας
3000 2783 3236 2843 εὐτελεῖς
3278 2779 3606 2850 ψηφισθῆναι
3652 2779 3717 2828 οὐ

2164 2857 2517 2944 κατένευσεν’
2569 2880 2704 2933 ἀλλά
2754 2879 2951 2948 μᾶλλον
3003 2877 3096 2930 καὶ
3135 2857 3378 2944 ὼργίςθη
3435 2869 3572 2923 κατά
3617 2867 3728 2920 τῶν

2167 2983 2310 3034 οὓτω
2354 2976 2781 3049 ψηφιζομένων,
2825 2975 2899 3036 ὡς
2939 2969 3184 3025 ἐντεῦθεν
3217 2968 3311 3021 τοῦ
3345 2961 3734 3036 ἀρχιερατικοῦ

2167 3073 2472 3140 ἀξιώματος
2517 3067 2896 3139 ὑϐριζομένου.
2935 3063 3042 3117 Τοῦ
3077 3065 3133 3116 δὲ
3171 3061 3475 3130 ἆγιωτάτου
3522 3057 3738 3112 ἐκείνου

506 3157 684 3204 lacere
709 3167 830 3203 cum
869 3147 1113 3219 synodali
1143 3147 1549 3214 dijudicatione,
1581 3155 1634 3198 et
1673 3159 1864 3200 omnes
1907 3147 2058 3200 dixe-

2167 3165 2563 3237 μητροποὶίτου
2587 3160 2776 3234 Θηὸὦν
2800 3158 2894 3217 τοῦ
2924 3157 3233 3224 Καλοκτένη
3257 3153 3646 3232 ψηφισαμένου
3678 3152 3746 3202 ἐκ

505 3251 652 3304 runt.
680 3243 823 3310 quod
865 3239 1094 3295 debebat
1126 3238 1200 3303 id,
1231 3237 1370 3305 quod
1406 3250 1435 3293 a
1461 3235 1768 3290 Thebarum
1807 3236 2059 3311 episcopo

505 3339 816 3394 innovatum
851 3345 954 3396 est,
991 3348 1018 3384 a
1052 3347 1246 3402 magna
1280 3331 1483 3400 synodo
1509 3329 1757 3382 mandari
1797 3341 1897 3395 ;ut
1945 3331 2056 3388 vult

507 3428 1048 3496 t':tttOllap(tslollCUS,
1102 3424 1193 3494 qui
1256 3423 1470 3488 statuit,
1533 3421 1666 3476 nihil
1718 3423 1896 3492 magni
1959 3439 2064 3476 mo-

509 3523 674 3578 menti
701 3520 896 3575 debere
925 3520 991 3573 ab
1024 3517 1278 3586 episcopo
1303 3515 1442 3581 lieri,
1497 3515 1613 3568 sine
1668 3515 1932 3568 sententia
1969 3531 2061 3593 sy-

513 3613 710 3668 nodaﬁ.

2163 3260 2284 3312 νέου
2317 3256 2665 3318 ἐπισκόπους,
2700 3253 2856 3321 λόγος
2890 3251 3094 3320 ἐγίνετο
3128 3247 3277 3315 παρά
3308 3248 3373 3318 τῇ
3408 3242 3612 3307 συνόδει
3643 3243 3740 3290 ἐπὶ

2165 3354 2273 3406 τῶν
2304 3350 2525 3420 ἡμερῶν
2562 3348 2655 3412 τοῦ
2698 3337 3000 3414 ἁγιωτάτου
3043 3340 3377 3422 πατριάρχου
3411 3336 3583 3406 acopo-3
3636 3334 3748 3388 Ma,

2166 3442 2305 3518 χαὴλ
2326 3440 2420 3495 τοῦ
2446 3440 2726 3513 γεγονότος
2747 3435 2952 3496 ὑπάτου
2971 3433 3079 3485 τῶν
3111 3429 3434 3501 φιλοσόφων,
3462 3427 3513 3478 εἰ
3539 3423 3742 3491 ὤφειλε

2169 3537 2230 3588 τὸ
2279 3532 2557 3588 καινιοθὲν
2599 3530 2753 3592 τοῦτο
2785 3528 2944 3598 ἔργον
2992 3524 3217 3599 ποιῆσαι
3262 3524 3290 3576 ὁ
3339 3517 3746 3592 μητροπολίτης

2175 3627 2311 3699 μετά
2357 3624 2640 3692 συνοδικῆς
2689 3621 3040 3688 ἐπικρίσεως,
3091 3617 3187 3669 καὶ
3230 3615 3433 3675 πάντες
3472 3607 3632 3664 εἷπον
3674 3609 3749 3671 ὡς

508 3728 707 3796 ὦρειλε
737 3731 795 3782 τὸ
824 3728 973 3798 παρά
1000 3725 1091 3780 τοῦ
1122 3722 1312 3791 Θηϐῶν
1345 3721 1619 3776 καινισθέν
1653 3723 1804 3794 παρά
1827 3725 1922 3792 τῆς
1996 3722 2240 3793 μεγάλης
2309 3717 2536 3782 συνόδου
2599 3712 2967 3789 ἐπιτραπῆναι
3013 3712 3151 3780 μετά
3209 3708 3500 3774 διάγνωσιν
3521 3745 3536 3767 ,
3611 3706 3752 3764 κατὰ

515 3836 602 3877 τον
657 3820 1010 3875 ἀποστολικὸν
1065 3820 1267 3881 κανόνα
1315 3819 1406 3870 τὸν
1436 3815 1806 3888 διοριζόμενον
1841 3815 2006 3886 μηδέν
2045 3834 2098 3868 τι
2122 3815 2376 3884 περιττὸν
2413 3809 2660 3880 γίνεσθα,
2687 3808 2835 3878 παρὰ
2859 3806 2951 3859 τοῦ
2973 3801 3274 3856 ἐπισκόπου
3330 3799 3461 3852 ἄνευ
3517 3796 3751 3876 γνώμης

514 3933 812 3985 συνοοικης.

586 4014 833 4074 ZONAR.
873 4011 1154 4066 Multorum
1202 4023 1467 4064 canonum
1501 4009 1717 4063 decreto
1753 4007 1819 4061 ad
1868 4005 2079 4076 episco-

519 4127 613 4178 pos
666 4109 929 4178 cujusque
985 4103 1276 4172 provincia:
1324 4103 1697 4171 episcoporum
1753 4098 2080 4154 renuntiatio

517 4209 746 4266 spectat.
793 4197 930 4266 Ergo
976 4195 1020 4250 si
1070 4196 1122 4250 in
1162 4211 1266 4263 qtta
1319 4194 1588 4260 provincia
1647 4191 1794 4246 multi
1845 4191 2078 4260 episcopi

522 4307 646 4346 esse
695 4290 924 4350 soleant,
959 4287 1012 4340 in
1062 4301 1123 4340 ea
1179 4285 1450 4339 nonnullis
1490 4291 1659 4340 morte
1703 4281 2038 4351 consumptis
2064 4318 2079 4342 ,

524 4396 617 4441 aut
649 4382 972 4452 quibusdam
1007 4379 1143 4434 forte
1175 4378 1516 4448 depositione
1564 4376 1827 4439 multatis,
1853 4374 1930 4426 vel
1964 4372 2082 4426 aliis

524 4485 780 4542 pranerea
816 4483 966 4528 extra
991 4471 1278 4541 provinciae
1308 4468 1443 4524 ﬁnes
1473 4468 1780 4524 necessaria
1812 4467 1881 4521 de
1915 4479 2077 4523 causa

2255 3998 2499 4061 ΖΩΝΑΡ,
2534 3995 2672 4056 Τοὺς
2715 3989 3051 4050 ἐπισκόπους
3093 3983 3242 4055 παρά
3289 3981 3397 4034 τῶν
3431 3979 3534 4049 τῆς
3581 3980 3757 4048 αὐτῆς

2188 4088 2454 4158 ἐπαρχίας
2487 4084 2799 4136 ἐπισκόπων
2829 4076 3194 4131 καθίστασθαι
3219 4075 3470 4142 διάφοροι
3524 4073 3753 4130 κανόνες

2185 4180 2478 4253 ὁρίζουσιν.
2517 4177 2642 4228 Ἐὰν
2682 4172 2772 4226 οὖν
2815 4171 3085 4242 διαφόρων
3133 4166 3448 4225 ἐπισκόπων
3483 4161 3656 4214 ὄντων
3697 4161 3756 4209 ἐν

2189 4272 2449 4344 ἐπαρχίᾳ,
2485 4265 2666 4337 συμεῇ
2695 4266 2791 4318 ἕνα
2843 4257 3262 4332 περιλειφθῆναι
3306 4255 3608 4307 ἐπίσκοπον
3649 4250 3756 4300 τῶν

2191 4340 2365 4424 ἀλλων
2399 4340 2687 4422 θανόντων,
2735 4355 2770 4425 ἦ
2825 4368 2986 4406 τινων
3040 4350 3169 4411 ῑσως
3215 4342 3679 4414 καθαιρεθέντων,
3724 4340 3756 4400 ἦ

2192 4455 2289 4512 καὶ
2315 4452 2515 4524 ἐτέρων
2545 4447 2861 4514 ἀναγκαίως
2892 4439 3336 4511 ἀποδημούντων,
3384 4435 3482 4486 καὶ
3517 4432 3757 4502 ζητῶσιν

528 4567 806 4636 profectis,
850 4579 1016 4618 unum
1057 4562 1301 4616 relictum
1349 4576 1468 4616 esse
1520 4554 1820 4626 contingat,
1876 4556 2059 4625 sibiqua

2191 4547 2241 4600 ol.
2301 4546 2410 4597 τῶν
2477 4541 2704 4594 πόλεων·
2763 4535 2986 4589 ἐκείνων
3058 4529 3506 4602 χειροτονηθῆναι
3577 4527 3760 4584 αὐτοῖς

526 4660 836 4727 episcopum
859 4657 1016 4710 urbes
1039 4653 1273 4708 illx'dari
1303 4651 1588 4720 postulent;
1611 4652 1918 4720 episcopum
1942 4662 2086 4710 eum,

531 4750 624 4818 qni
666 4747 863 4801 mansit
889 4762 916 4798 a
952 4743 1368 4810 metmpolitano
1413 4739 1724 4810 provincim,
1752 4753 1909 4806 quem
1936 4751 2091 4796 exar-

535 4843 694 4893 cltum
732 4852 943 4907 quoque
974 4835 1237 4899 nominat,
1283 4847 1378 4901 per
1411 4833 1611 4886 litteras
1655 4829 1893 4892 evocari,
1921 4828 2094 4895 deque

539 4931 904 4989 tnnltitudinis
953 4937 1222 4996 pastorem
1275 4925 1375 4979 sibi
1435 4923 1784 4993 elllagitantis
1821 4922 2094 4976 voluntate

539 5021 822 5078 certiorem
857 5020 992 5080 tieri,
1025 5033 1086 5071 ac
1113 5017 1360 5072 eumdem
1410 5019 1460 5070 in
1515 5015 1792 5070 consilium
1847 5011 2092 5070 adhiberi

541 5125 792 5182 oportere
811 5127 982 5166 canon
1005 5111 1248 5164 allirmat.
1279 5109 1378 5174 Qui
1404 5110 1445 5162 si
1476 5108 1540 5161 de
1567 5117 1670 5160 tota
1704 5123 1780 5168 re,
1811 5116 1869 5160 ut
1895 5106 2096 5158 dictum

544 5215 650 5270 est,
683 5205 1013 5261 admonitus.
1045 5215 1219 5270 neque
1249 5199 1504 5263 adfuerit,
1536 5212 1713 5264 neque
1741 5193 2098 5262 rescripserit;

552 5298 734 5369 populi
778 5295 1036 5352 voluntati
1073 5307 1275 5346 morem
1304 5292 1615 5363 gerendum,
1657 5301 1720 5340 ac
1755 5287 1858 5340 illis
1888 5288 2100 5355 episco-

553 5407 677 5459 pum
739 5403 766 5442 a
821 5384 1231 5451 metropolitano
1287 5381 1577 5452 provinciae
1635 5379 1855 5433 concedi
1912 5376 2101 5445 placet.

551 5484 748 5536 Verum
780 5479 824 5533 si
862 5477 928 5530 de
958 5473 1366 5542 metropolitano
1409 5469 1698 5539 provinciae
1724 5465 2105 5522 constituendo

549 5584 764 5644 agatur,
792 5567 1067 5624 vicinioris
1089 5577 1300 5633 quoque
1332 5560 1618 5632 provinciae
1633 5558 1911 5638 episcopos
1943 5557 2106 5610 advo-

553 5667 751 5720 candos
777 5677 895 5718 esse
920 5656 1182 5714 decernit.
1211 5655 1362 5720 Quod
1385 5654 1595 5722 quidem
1626 5664 1844 5706 eatenus
1870 5648 2108 5700 valuisse

512 5757 848 5830 .pntandum
898 5762 1001 5818 est,
1051 5747 1306 5820 quamdiu
1344 5739 1783 5812 metropolitanos
1835 5742 1960 5808 ipsae
2008 5737 2107 5792 sibi

558 5828 802 5906 civitates
841 5845 1104 5907 eligebant
1138 5859 1151 5895 :
1194 5855 1316 5893 nam
1359 5837 1459 5891 llOC
1491 5834 1702 5896 quidem
1739 5844 1977 5888 tempore
2011 5828 2109 5881 alia

2195 4639 2490 4691 ἐπίσκοπον
2515 4652 2533 4670 ο
2564 4635 2692 4705 χρὴ,
2725 4632 2889 4700 φησὶν
2917 4633 2944 4682 ὁ
2974 4627 3171 4691 κανὼν,
3198 4627 3289 4683 τὸν
3316 4623 3753 4691 ὲναπομείναντα

2195 4731 2492 4785 ἐπίσκοπον
2538 4723 2958 4796 μετακαλεῑσθαι
2989 4722 3093 4779 ,διὰ
3137 4716 3486 4788 γραμμάτων
3534 4713 3626 4764 τοῦ
3662 4728 3761 4777 μη-

2195 4821 2514 4895 τροπολίτου
2538 4821 2632 4886 τῆς
2664 4815 2958 4886 ἐπαρχίας,
2984 4813 3041 4866 ὂν
3085 4813 3175 4865 καὶ
3216 4812 3446 4886 ἔξαρχον
3472 4805 3760 4873 ὀνομάζει,

2198 4894 2294 4970 καὶ
2323 4908 2841 4982 ὑπομιμνήσκεσθαι
2858 4905 2940 4956 ὅτι
2963 4901 3226 4969 τάππλήθη
3254 4899 3407 4968 ζητεῖ
3429 4894 3764 4960 καταστῆναι

2201 5007 2384 5067 αὐτοῖς
2439 5003 2692 5070 ποιμένα,
2749 4998 2845 5050 καὶ
2911 4993 3224 5064 ἐκδέχεσθαι
3301 4990 3402 5057 τὴν
3465 4987 3766 5053 παρουσίαν

2203 5095 2388 5150 αὑτοῦ.
2442 5094 2506 5155 Et
2557 5093 2614 5144 δὲ
2675 5083 3064 5159 ὑπομνησθεὶς,
3119 5081 3300 5142 καθὼς
3349 5079 3591 5146 εἴρηται,
3646 5075 3768 5127 οὒτε

2205 5182 2611 5256 παραγένηται,
2654 5176 2778 5238 οὔτε
2828 5172 3156 5242 ἁντιγράψῃ,
3207 5172 3314 5239 χρὴ
3359 5171 3416 5218 τὸ
3468 5166 3652 5228 ἱκανὸν
3699 5164 3764 5228 τῇ

2207 5276 2457 5347 βουλήσει
2510 5271 2601 5324 τοῦ
2651 5267 2888 5337 πλήθους
2927 5265 3194 5333 γίνεσθαι,
3222 5260 3490 5321 τουτέστι,
3535 5255 3770 5310 δίδοσθαι

2207 5369 2388 5427 αὐτοῖς
2415 5363 2712 5423 ἐπίσκοπον
2737 5361 2887 5429 παρὰ
2918 5356 3010 5412 τοῦ
3050 5353 3446 5426 μητροπολίτου
3479 5351 3576 5418 τῆς
3602 5350 3774 5414 trap-

2206 5459 2349 5528 χίας.
2395 5457 2455 5517 Εἰ
2488 5455 2542 5506 δὲ
2588 5456 2614 5505 ὁ
2668 5449 3069 5520 μητροπολῖτης
3117 5447 3215 5516 τῆς
3268 5443 3544 5512 ἐπαρχίας
3595 5437 3776 5509 μέλλει

2208 5544 2629 5611 κατασταθῆναι,
2659 5540 2785 5610 χρὴ,
2808 5540 2963 5609 φησὶ,
2998 5538 3089 5589 καὶ
3120 5539 3242 5596 τοὺς
3268 5535 3366 5604 τῆς
3394 5529 3774 5611 πλησιοχώρου

2210 5636 2476 5706 ἐπαρχίας
2504 5631 2835 5693 ἐπισκόπους
2872 5627 3323 5700 μετακαλεῖσθαι.
3353 5625 3526 5676 Τοῦτο
3553 5624 3607 5674 δὲ
3657 5620 3774 5685 ἑτέ-

2210 5747 2350 5793 νετο,
2402 5729 2489 5780 ὅτε
2534 5725 2656 5778 καθ’
2689 5725 2886 5784 ἑαυτὰς
2937 5724 2993 5773 αἱ
3052 5721 3235 5780 πόλεις
3267 5717 3390 5779 τοὺς
3440 5713 3773 5769 ἐπισκόπους

2213 5824 2320 5876 τῶν
2383 5818 2766 5885 μητροπόλεων
2825 5814 3170 5878 ἐψηφίζοντο.
3224 5809 3337 5862 Νῦν
3394 5808 3450 5860 δὲ
3507 5805 3660 5858 τοῦτο
3712 5803 3778 5852 οἴ»
