3982 6494
373 403 510 469 1457

448 635 464 659 ι
507 611 652 664 λοιτο
717 616 844 684 περί
899 634 1064 683 τινος,
1124 621 1262 690 ὅπερ
1324 627 1782 699 πρεπωδέστερον
1825 635 1933 703 εἴη,

456 723 471 750 ι
531 704 784 768 ἀξιῶσαι,
823 708 896 778 μὴ
923 711 1186 767 κωλύοιτο
1216 715 1301 767 διὰ
1329 718 1421 769 τοῦ
1460 722 1654 774 ἑαυτοῦ
1685 725 1934 780 διακόνου
2001 767 2005 771 -

455 811 473 843 ι
531 796 625 846 καὶ
658 797 891 860 ἀξιῶσαι
928 805 1022 855 καὶ
1048 806 1388 862 ἐντείλασθαι
1413 810 1643 878 τούτοις,
1667 816 1805 870 ὥστε
1836 820 1935 890 τὴν

455 911 470 936 ι
514 889 693 943 αὐτῶν
755 894 967 963 ἀγαθὴν
1020 896 1271 966 βοήθειαν
1336 903 1573 970 ἀξιοῦντι
1629 909 1780 980 αὐτῷ
1831 889 1936 964 πα.

445 999 460 1030 ι
519 982 877 1051 ρέχειν..οἱδὲ
909 991 988 1052 εἰς
1029 991 1247 1062 Ῥώμην
1273 1000 1716 1069 παραγινόμενοι,
1747 1005 1932 1070 καθὼς

450 1092 468 1122 ι
526 1076 850 1146 προείρηκα,
869 1080 944 1149 τῷ
963 1083 1232 1155 ἀγαπητῷ
1250 1088 1406 1157 ἡμῶν
1437 1091 1650 1164 ἀδελφῷ
1675 1098 1769 1150 καὶ
1801 1116 1928 1151 συν-

441 1181 460 1211 ι
511 1167 796 1237 επισκόπῳ
829 1169 1035 1242 Ἰουλίῳ
1085 1175 1182 1238 τὰς
1211 1176 1444 1248 δεήσεις,
1478 1181 1546 1244 ἂς
1576 1184 1749 1254 ἔχοιεν
1786 1188 1926 1241 διδό-

442 1275 461 1306 ‹
509 1274 620 1321 ναι,
666 1260 942 1327 ὀφείλουσι
1003 1267 1285 1339 παρέχειν,
1316 1273 1401 1326 ἵνα
1443 1278 1707 1349 πρότερον
1765 1282 1928 1344 αὐτὸς

454 1367 475 1391 ο
524 1348 845 1419 δοκιμάζοιο
894 1355 942 1407 εί
981 1358 1054 1426 μή
1086 1375 1229 1422 τινες
1285 1360 1345 1426 ἐξ
1391 1365 1566 1418 αὐτῶν
1621 1348 1928 1441 ίὰναισχυν-

446 1457 462 1485 ι
518 1440 704 1492 τοῖεν⁸
741 1443 832 1495 καὶ
886 1443 1029 1499 οὕτω
1064 1447 1163 1519 τὴν
1220 1451 1418 1506 ἑαυτοῦ
1471 1459 1806 1526 προστασίαν
1832 1462 1927 1514 καὶ

1483 423 1562 482 1N
1597 428 1758 494 CAN.
1809 433 1886 490 1X
1931 436 2133 499 CONC.
2182 442 2470 504 SARDIC‘.

449 539 464 566 ι
508 515 690 571 κόπων
722 521 904 587 φίλους
930 523 986 576 ἐν
1011 527 1075 596 τῇ
1102 527 1237 598 αὑλῇ
1269 529 1359 581 τοῦ
1393 533 1675 599 παλατίου,
1699 541 1788 590 καὶ
1813 542 1936 610 βοός
1971 568 2011 618 Α

2120 570 2137 600 ι
2174 550 2498 623 impetrare;
2530 574 2594 614 ne
2619 563 3088 640 proliibeaturiper
3114 586 3273 628 suum
3299 578 3607 640 ministrum

2115 658 2132 689 ι
2173 651 2226 694 et
2257 659 2446 714 rogare
2467 658 2520 702 et
2552 650 2617 706 iis
2648 656 2922 722 mandare,
2951 671 3008 712 ut
3041 662 3416 722 bonum'suum
3446 678 3603 729 auxi-

2113 749 2132 781 ι
2173 731 2299 786 lium
2316 737 2364 788 ei
2384 742 3033 812 petentivelintpraeberc.
3051 753 3149 815 Qui
3173 767 3349 812 autem
3371 761 3594 820 Romam

2112 841 2131 874 ι
2164 831 2447 891 accedunt.
2475 837 2926 898 quemadmodum
2954 847 3208 912 superius
3233 851 3434 906 dictum
3499 869 3602 922 est,

2111 934 2131 968 ι
2168 917 2362 972 dilecto
2395 921 2547 977 fratri
2579 938 2765 983 nostro
2790 940 2844 986 et
2867 937 3190 1007 coepiscopo
3216 939 3359 996 Julio
3389 917 3599 1012 preces.

2111 1025 2129 1059 ι
2165 1024 2298 1077 quas
2335 1014 2780 1086 babentdandas,
2837 1027 3079 1092 prabere
3112 1032 3326 1098 debent,
3373 1049 3429 1092 ut
3487 1041 3600 1110 ipse

2107 1117 2126 1150 ι
2156 1103 2305 1168 prius
2335 1109 2639 1176 examinet;
2666 1114 2766 1166 nisi
2801 1115 2995 1186 aliqua:
3045 1137 3226 1178 earum
3280 1127 3388 1182 sint
3424 1130 3601 1199 impne

2106 1211 2124 1242 ι
2156 1191 2345 1249 dentes
2391 1216 2402 1250 :
2445 1207 2497 1251 et
2539 1203 2618 1255 sic
2664 1219 2814 1259 suam
2872 1215 3274 1269 auctoritatem.
3309 1229 3378 1272 et"
3406 1235 3592 1277 curam

2108 1303 2125 1334 ι
2165 1288 2442 1352 praebens,
2475 1306 2570 1347 eos
2616 1297 2683 1348 ad
2741 1295 2916 1353 castra
2965 1305 3161 1360 mittat.
3225 1308 3427 1366 Omnes
3479 1317 3596 1382 epi-

2101 1394 2119 1427 ι
2157 1380 2304 1447 ερομί
2357 1382 2610 1439 dixerunt
2631 1425 2646 1450 ,
2681 1390 2757 1443 eis
2790 1392 3002 1458 placere
3023 1404 3077 1451 et
3107 1412 3226 1455 esse
3268 1406 3596 1461 convenien-

2102 1487 2120 1518 ι
2164 1470 2428 1528 tissimum
2456 1477 2558 1531 hoc
2597 1482 2905 1539 consilium.
2936 1503 2956 1538 ι

449 1549 469 1578 ο
527 1533 784 1602 φροντίδα
817 1538 1072 1608 παρέχων
1116 1542 1196 1605 είς
1225 1543 1285 1595 τὺ
1317 1548 1681 1616 στρατόπεδον
1728 1552 1924 1616 αὐτοὺς
2011 1617 2014 1619 ἓ

456 1645 472 1674 ι
520 1628 863 1684 ἀποστέλλοι.
924 1634 1197 1699 ’Ἅπαντες
1243 1639 1296 1690 οἱ
1343 1640 1633 1695 ἐπίσκοποι
1688 1645 1925 1718 ἀπεκρί-

453 1737 469 1766 ‹
529 1737 688 1772 ναντο
737 1722 998 1790 ἀρέσκειν
1043 1730 1251 1792 αὐτοῖς,
1306 1733 1401 1784 καὶ
1458 1736 1922 1810 πρεπωδεστάτην

445 1827 462 1857 ι
503 1805 640 1863 εἶναι
672 1812 770 1882 τὴν
798 1815 1112 1888 συμϐουλήν
1137 1822 1366 1891 ταύτην.
1408 1843 1426 1874 ι

427 1900 622 1956 ΒΑΛΣ.
652 1904 775 1958 Ὅτι
805 1908 906 1959 οὐκ
935 1910 1174 1982 ἀνῃρέθη
1205 1917 1233 1966 ό
1267 1921 1339 1966 ια’
1363 1918 1543 1970 κανὼν
1574 1915 1674 1990 τῆς
1703 1923 1760 1974 ἐν
1803 1924 1919 1977 ’Λν-

354 1991 558 2060 τιοχεία
591 1995 836 2061 συνόδου,
867 1998 1024 2067 δῆλον
1061 2004 1154 2057 καὶ
1187 2005 1293 2057 ἀπὸ
1326 2006 1418 2060 τοῦ
1452 2010 1723 2075 παρόντος
1754 2016 1917 2067 κανό-

356 2097 466 2136 νος.
505 2083 641 2150 Φησὶ
662 2085 770 2155 γάρ
798 2087 902 2150 ὃτι,
923 2088 1017 2141 ἐὰν
1042 2092 1336 2156 ἐπίσκοπος
1369 2097 1567 2174 θελήσῃ
1599 2103 1918 2188 ἀποστεῖλαι

356 2170 380 2188 ε.
425 2172 437 2188 ,
631 2174 642 2186 .
747 2177 759 2188 .
857 2178 880 2188 η
982 2181 995 2188 -
1025 2182 1035 2188 .
1104 2183 1120 2188 -
1162 2185 1170 2188 -
1362 2187 1369 2188 κ

350 2170 565 2240 δεήσεις
596 2174 676 2236 εἰς
712 2177 803 2227 τὸν
854 2178 1073 2247 βασιλέα
1099 2183 1183 2236 διά
1219 2187 1545 2258 συναδέλφου
1573 2194 1665 2245 καὶ
1690 2170 1919 2250 ὶσυνεπι-

354 2264 558 2317 σκόπου
592 2269 758 2321 αὑτοῦ
800 2273 1283 2344 ἀρχιερατεόοντος
1317 2282 1397 2343 είς
1429 2284 1718 2356 ἐπαρχίαν,
1748 2291 1827 2352 είς
1848 2294 1916 2362 ἢν

348 2357 526 2422 διάγει
560 2362 587 2411 ὀ
621 2360 900 2429 βασιλεὺς,
931 2367 1134 2434 ὀφείλει
1184 2375 1589 2444 προσέρχεσθαι
1635 2382 1712 2451 τῷ
1739 2403 1914 2452 προσο

346 2450 499 2519 φόρῳ
558 2457 970 2531 μητροπολίτῃ,
1028 2462 1122 2513 καὶ
1201 2465 1579 2523 ἀναδιδάσκειν
1631 2450 1792 2528 αὐτὸν
1853 2480 1916 2531 τὸ

343 2542 546 2594 οἰκεῖον
578 2543 847 2616 βούλημα’
879 2551 976 2603 καὶ
1005 2553 1031 2603 ὁ
1065 2557 1471 2627 μητροπολίτης
1497 2564 1634 2631 μετὰ
1664 2565 1914 2623 διακόνου

343 2634 533 2699 αὐτοῦ,
555 2637 861 2703 ὀφείλοντος
893 2641 1257 2716 ἐπιφέρεσθαι
1290 2653 1583 2712 κανονικάς
1603 2657 1912 2725 ἐπιστολὰς,

345 2724 515 2792 ἤγουν
567 2730 855 2799 εἰρηνικὰς
909 2734 1002 2785 καὶ
1070 2741 1421 2806 συστατικὰς,
1465 2747 1781 2812 ἀναδιδὰξαι
1821 2724 1912 2804 τὸν

344 2816 680 2884 ἐνδημοῦντα
719 2823 1037 2891 ἐπίσκοπον,
1071 2827 1146 2891 ὡς
1182 2832 1421 2901 εἴρηται,
1460 2838 1539 2897 εἰς
1569 2839 1658 2890 τὸν
1683 2839 1911 2908 βασιλέα

340 2907 442 2975 τὴν
490 2911 583 2962 τοῦ
642 2913 873 2982 ἀδελφοῦ
938 2919 1032 2968 καὶ
1092 2927 1490 2979 συνεπισκόπου
1537 2932 1905 3003 παράκλησιν.

342 3001 517 3056 Τοῦτο
543 3004 602 3057 δὲ
646 3008 890 3074 γίνεσθαί
935 3011 1110 3077 οὕτως
1143 3017 1375 3098 ῶρίσὶθη,
1411 3021 1497 3074 ἵνα
1541 3024 1568 3076 ὀ
1629 3001 1908 3097 μητροπο-

315 3165 318 3175 1
341 3092 495 3162 λίτης
528 3096 736 3167 ἐπιγνῷ
751 3101 850 3170 τὴν
872 3103 1153 3174 ὑπόθεσιν,
1182 3092 1293 3162 καὶ*
1311 3113 1514 3184 διαγνῷ
1550 3119 1597 3170 εί
1624 3092 1897 3192 ένδέγεται

339 3189 693 3259 ἀνενεχθῆναι
723 3193 929 3264 ταύτην
987 3199 1064 3269 τῷ
1100 3201 1333 3284 βασιλεῖ,
1361 3208 1471 3260 εἴτε
1507 3212 1601 3265 καὶ
1645 3217 1741 3286 μή.

336 3279 394 3332 δέ
435 3298 577 3345 τινος
619 3285 888 3350 εἰπόντος,
920 3291 985 3344 ὲκ
1052 3294 1242 3348 τούτου
1278 3279 1768 3370 ἀναιρεῖσθαι-τόν
1807 3279 1906 3380 τῆς

338 3372 623 3445 παρούσης
658 3378 877 3433 συνόδου
911 3379 959 3451 η’
1000 3386 1225 3452 κανόνα,
1250 3389 1726 3466 τὸνδιοριζόμενον
1767 3372 1906 3468 μετά

333 3464 600 3520 διακόνων
632 3471 853 3526 οἰκείων
904 3477 1031 3539 τοὺς
1070 3469 1435 3547 ἐπισκόπους
1464 3489 1905 3564 ὑπομιμνήσκειν

332 3557 427 3611 τὸν
456 3559 680 3629 βασιλέα
697 3565 766 3617 τά
809 3570 936 3637 περὶ
960 3570 1068 3623 τῶν
1097 3573 1435 3644 ψυχωιρελῶν
1464 3583 1674 3648 αἰτιῶν,
1733 3605 1904 3658 προσ-

329 3650 519 3704 ·ἐθεντο
549 3655 598 3706 οἱ
645 3657 908 3728 Πατέρες,
957 3663 1092 3731 πρὸς
1126 3665 1224 3734 μὲν
1260 3669 1477 3737 βασιλέα
1517 3674 1590 3746 μὴ
1642 3650 1903 3734 ἀποστέλ-

334 3739 524 3796 λεσθαι
552 3746 798 3800 διάκονον
845 3753 998 3822 παρὰ
1051 3756 1352 3814 ἐπισκόπου
1395 3766 1565 3834 χωρὶς
1622 3772 1902 3842 συνοδικῆς

331 3833 657 3907 ἐπιτροπῆς·
693 3843 829 3911 πρὸς
847 3844 904 3896 δέ
927 3862 1079 3909 τινας
1111 3851 1346 3916 οἰκείους
1373 3856 1449 3924 τῷ
1487 3857 1699 3926 βασιλεῖ
1725 3867 1900 3919 ποιεῖν

335 3928 475 3994 μετὰ
513 3929 767 3985 διακόνου
807 3935 1079 4002 ἀξιώσεις.
1114 3943 1260 4012 Πλὴν
1287 3950 1382 4001 καὶ
1421 3953 1599 4018 τοῦτο,
1647 3956 1724 4018 ὡς
1773 3958 1898 4028 ἐμοὶ

329 4019 501 4085 δοκεῖ,
532 4023 674 4091 μετά
723 4027 983 4094 εἰδήσεως
1012 4032 1105 4084 τοῦ
1142 4041 1538 4107 μητροπολίτου
1579 4019 1893 4116 γενήσεται.

329 4112 471 4174 Τοὺς
533 4115 716 4182 μέντοι
749 4126 1226 4197 παραγινομένους
1260 4133 1335 4194 εἰς
1384 4133 1482 4202 τὴν
1527 4137 1744 4210 Ῥώμην
1777 4144 1897 4197 ἐπι-

326 4204 567 4270 σκόπους
607 4210 680 4280 μὴ
717 4211 889 4276 ἄλλως
911 4217 988 4284 τῷ
1038 4220 1251 4286 βασιλεί
1280 4204 1710 4296 ιιτροσέρχεισθσι,⁷
1740 4236 1788 4287 εἰ
1819 4238 1892 4306 μὴ

325 4301 352 4349 ὀ
375 4301 606 4364 πάππας
653 4304 790 4376 λάϐῃ
820 4309 920 4378 τὴν
948 4314 1076 4381 περὶ
1111 4315 1304 4369 τούτου
1337 4320 1568 4389 εἴδησινο
1603 4326 1698 4378 καὶ
1727 4301 1893 4394 αὐτὸς

322 4392 629 4460 δοκιμάσας
668 4397 738 4448 τὰ
762 4399 888 4466 περὶ
930 4401 1036 4453 τῶν
1066 4405 1328 4475 δεήσεων,
1365 4411 1397 4480 ἢ
1451 4414 1736 4487 ἐπιτρέψει
1790 4422 1890 4491 τὴν

323 4484 628 4554 ἀναφορὰν,
661 4490 756 4539 καὶ
807 4491 1106 4565 ἀποστείλῃ
1143 4498 1342 4562 αὐτοὺς
1381 4505 1462 4564 είς
1496 4484 1591 4558 τὸν
1637 4484 1886 4576 βασιλέα,

323 4578 356 4645 ἢ
386 4579 617 4651 ἀπείπῃο
663 4582 737 4644 ὡς
771 4585 864 4635 καὶ
895 4585 1126 4655 ὀφείλων
1157 4592 1480 4662 ἀντέχεσθαι
1515 4599 1620 4652 τῶν
1657 4604 1883 4657 ἐπισκό-
1917 4589 1965 4648 θ

325 4686 463 4730 πων,
491 4670 583 4721 καὶ
625 4674 840 4742 βοηθεῖν
872 4676 965 4728 ἐπὶ
998 4681 1167 4732 πᾶσιν
1209 4684 1415 4746 αὐτοῖς.
1453 4689 1614 4744 Ὥστε
1643 4696 1886 4762 σημείωο

321 4777 412 4812 σαι
448 4760 554 4813 ἀπὸ
591 4763 698 4815 τῶν
721 4759 787 4815 ἐν
820 4766 898 4836 τῷ
946 4771 1129 4823 κανόνι
1163 4773 1334 4845 τούτῳ
1360 4786 1766 4851 περιεχομένων
1804 4787 1885 4841 δτι

318 4851 444 4905 οὕτε
478 4856 882 4925 μητροπολίτης
918 4858 1042 4911 οὔτε
1068 4863 1365 4930 ἐπίσκοπος
1397 4873 1566 4942 χωρὶς
1599 4876 1882 4947 συνοδικῆς

316 4944 662 5013 διαγνώσεως
697 4947 921 5002 δύναται
949 4952 1161 5022 δεήσεις
1195 4957 1507 5026 ἀνενεγκεῖν
1559 4965 1634 5032 τῷ
1672 4967 1885 5036 βασιλεί

318 5036 350 5105 ἢ
402 5036 468 5089 δι’
503 5039 695 5091 ἑαυτοῦ
748 5040 780 5110 ἣ
829 5042 915 5095 διὰ
975 5045 1223 5099 διακόνου
1299 5053 1486 5108 αὑτοῦ.
1539 5057 1780 5111 Ἀκούων
1822 5062 1879 5113 δὲ

319 5123 494 5178 ταῦτα
543 5128 787 5193 γίνεσθαι
840 5134 978 5201 μετὰ
1020 5136 1278 5206 εἰδήσεως
1339 5144 1433 5193 τοῦ
1476 5148 1877 5216 μητροπολίτου

320 5218 534 5270 καὶτοῦ
563 5221 781 5285 πάππα,
844 5229 1126 5297 προστίθει
1175 5235 1271 5286 καὶ
1329 5236 1614 5308 συνοδικὴν
1671 5243 1877 5297 ἐπακο-

317 5308 528 5362 λουθεῖν
586 5312 878 5380 διάγνωσιν
943 5320 1082 5374 κατὰ
1127 5321 1218 5374 τὸν
1293 5325 1362 5378 ια’
1409 5329 1610 5381 κανόνα
1666 5335 1764 5402 τῆς
1821 5337 1880 5389 ἐν

329 5402 629 5474 Ἀντιοχείᾳ
663 5408 905 5463 συνόδου.
925 5413 1006 5462 Τά
1028 5413 1084 5466 δὲ
1114 5419 1240 5486 περὶ
1267 5420 1360 5473 τοῦ
1413 5421 1611 5475 πάππα
1644 5427 1879 5483 ἐνταῦθα

314 5497 676 5565 γεγραμμένα
705 5499 933 5588 ἕλκυσον
960 5507 1053 5556 καὶ
1088 5508 1166 5569 είς
1203 5510 1294 5562 τὸν
1331 5515 1680 5586 πατριάρχην
1725 5520 1878 5572 Κων-

317 5589 834 5654 σταντινουπόλεως,
871 5594 936 5645 δι’
961 5594 1051 5657 οὒς
1087 5599 1279 5665 λόγους
1308 5604 1566 5670 πολλάκις
1624 5611 1872 5679 εἴπομεν.

328 5677 662 5746 Ἀνάγνωσον
682 5687 772 5736 καὶ
804 5687 992 5752 κεφάλ.
1031 5690 1074 5757 β’
1104 5691 1196 5743 τοῦ
1223 5693 1269 5761 η’
1289 5697 1466 5749 τίτλου
1493 5701 1586 5752 τοῦ
1610 5705 1875 5773 παρόντος

319 5771 724 5841 συντάγματος,
766 5780 859 5829 καὶ
895 5779 962 5831 τὰ
997 5782 1055 5832 ἐν
1089 5785 1237 5854 αὑτῴ
1299 5790 1492 5844 πάντα.
1548 5794 1765 5848 Τούτων
1815 5799 1871 5852 δὲ

317 5859 462 5915 οὕτω
495 5865 894 5937 διορισθέντων,
934 5869 1086 5927 εἶπόν
1116 5895 1255 5942 τινες
1294 5884 1366 5951 μὴ
1401 5884 1637 5952 όςείὶειν
1663 5891 1711 5941 οἱ
1749 5894 1869 5956 uas,-

1951 1905 1995 1962 Β
2095 1938 2286 1995 BALS.
2331 1943 2482 2010 Quod
2515 1962 2620 2000 non
2659 1950 2900 2006 sublatus
2935 1955 3004 2007 sit
3047 1970 3217 2011 canon
3261 1957 3581 2012 undecimus

2020 2029 2368 2086 Antioclienze
2421 2037 2633 2105 synodi,
2690 2055 2754 2094 ex
2805 2044 3054 2109 praesenti
3121 2060 3332 2113 quoque
3381 2061 3590 2099 canone

2021 2121 2223 2175 clarum
2263 2133 2366 2179 est.
2405 2127 2540 2183 Dicit
2573 2133 2750 2196 enim,
2783 2136 2923 2201 quod
2966 2136 3008 2190 si
3047 2137 3590 2205 episcopus-voluerit.

2022 2210 2236 2266 tnittere
2273 2230 2465 2282 preces
2518 2220 2582 2272 ad
2631 2220 2987 2288 imperatores
3023 2240 3116 2293 per
3155 2227 3479 2280 contratrcm
3531 2238 3585 2278 et

2019 2305 2391 2378 coepiscopum
2415 2326 2592 2376 suum,
2623 2315 2713 2382 qui
2739 2327 2817 2369 esu
2849 2317 2899 2370 in
2929 2333 2988 2372 ea
3025 2320 3296 2385 provincia
3331 2322 3583 2382 antistes,

2021 2397 2072 2448 in
2105 2413 2206 2464 qua
2238 2399 2530 2468 imperator
2566 2407 2698 2472 agit,
2731 2407 2890 2463 debet
2935 2411 3002 2464 ad
3033 2421 3421 2479 competentem
3471 2429 3583 2464 ine-

2020 2491 2400 2557 tropolitanum
2455 2497 2735 2562 accedere,
2790 2512 2844 2554 et
2887 2516 3038 2556 suam
3084 2504 3410 2558 voluntatem
3458 2521 3578 2559 eum

2017 2580 2252 2636 docere:
2286 2587 2734 2655 metropolitattus
2769 2605 2898 2645 vero
2943 2607 3066 2646 cum
3105 2593 3302 2648 famulo
3334 2611 3452 2656 suo,
3485 2597 3576 2664 qui

2016 2672 2173 2727 debet
2206 2675 2460 2744 epistolas
2491 2681 2784 2734 canonicas
2836 2682 3048 2747 atIerre,
3085 2684 3292 2738 scilicet
3327 2686 3582 2751 pacificas

2015 2773 2068 2816 et
2123 2768 2618 2833 commendatitias,
2667 2772 2881 2827 docebit
2926 2777 3259 2845 episcopum,
3303 2780 3392 2845 qui
3441 2781 3578 2846 apud

2016 2859 2420 2924 imperatorem,
2467 2873 2521 2915 ut
2553 2864 2753 2918 dictum
2798 2876 2903 2930 est,
2959 2877 3229 2931 versatur,
3283 2869 3464 2924 fratris
3520 2881 3574 2924 et

2013 2948 2314 3016 coepiscopi
2351 2953 2790 3020 postulationem.
2841 2955 2952 3011 lloc
2987 2969 3164 3012 autem
3196 2959 3278 3012 sic
3306 2959 3416 3014 ﬁeri
3470 2972 3581 3014 Sla-

2013 3049 2185 3094 tutum
2219 3053 2301 3095 est
2324 3081 2340 3106 ,
2373 3053 2429 3096 ut
2459 3047 2906 3114 metrOpolitanns
2939 3063 3154 3104 causam
3193 3064 3479 3120 cognoscat
3524 3064 3579 3107 et

2013 3133 2304 3197 discernat,
2334 3151 2400 3188 an
2429 3150 2548 3190 eam
2568 3148 2812 3206 oporteat
2842 3141 2907 3192 ad
2933 3138 3313 3208 imperatorem
3342 3141 3572 3198 referre.

1818 3218 1905 3282 Ὡς
1933 3242 1976 3297 C
2009 3241 2075 3278 an
2109 3241 2237 3280 non.
2273 3226 2555 3296 Tanquam
2580 3239 2759 3284 autem
2790 3231 3013 3286 dixisset
3036 3234 3323 3302 quispiam,
3357 3252 3448 3302 per
3472 3237 3573 3288 bne

2013 3317 2121 3371 tolli
2171 3321 2450 3387 prsesentis
2491 3322 2682 3390 synodi
2735 3339 2992 3378 canonem
3028 3325 3061 3379 8
3111 3327 3200 3395 qui
3248 3329 3470 3391 statuit,
3521 3340 3580 3382 ut

2009 3409 2246 3480 episcopi
2279 3428 2400 3466 cum
2430 3415 2662 3483 propriis
2689 3403 2949 3472 ministris
2972 3418 3350 3487 imperatorem
3384 3423 3569 3474 admo-

2009 3514 2173 3556 neant
2203 3505 2270 3558 de
2299 3509 2482 3561 causis
2517 3507 2712 3562 animae
2739 3510 3175 3567 conducibilibus
3205 3527 3220 3577 ;
3262 3514 3575 3582 adjecerunt

2007 3593 2236 3658 Patres,
2292 3599 2358 3650 ad
2408 3599 3059 3670 imperatorem'qnidem
3108 3619 3212 3656 non
3257 3607 3572 3660 mittendum

2007 3687 2313 3742 ministrum
2347 3691 2413 3744 ab
2444 3691 2695 3761 episcopo
2718 3694 2833 3746 sine
2858 3695 3102 3763 synodali
3141 3696 3392 3748 mandato
3422 3714 3436 3749 :
3479 3699 3570 3750 sed

2003 3780 2275 3849 aliquibus
2301 3783 2643 3851 imperatoris
2678 3785 3035 3840 familiaribus
3083 3804 3272 3856 preces
3317 3807 3436 3844 cum
3472 3791 3571 3842 mi-

2004 3874 2178 3928 nistro
2207 3891 2328 3928 esse
2370 3877 2726 3932 exhibendas.
2768 3881 2872 3935 Sed
2906 3882 3006 3936 hoc
3042 3898 3277 3952 quoque,
3331 3893 3390 3936 ut
3437 3885 3566 3937 mihi

2001 3964 2232 4030 videtur,
2271 3967 2362 4020 lie't
2389 3985 2509 4022 cum
2542 3971 2766 4025 scientia
2815 3976 3235 4042 metropolitani.
3277 3976 3571 4046 Episcopus

2000 4069 2152 4119 Vero,
2185 4058 2274 4126 qui
2329 4058 2553 4118 Romam
2583 4064 2866 4129 accedunt,
2911 4081 3014 4120 non
3046 4067 3205 4120 aliter
3243 4069 3307 4119 ad
3338 4069 3571 4136 impera-

2003 4158 2172 4204 torem
2202 4154 2486 4216 accedere,
2521 4153 2619 4206 nisi
2648 4170 2782 4222 papa
2805 4155 2922 4223 ejus
2955 4158 3028 4210 rei
3060 4159 3340 4212 scientiam
3367 4159 3566 4212 habue-

2000 4230 2112 4295 rit:
2153 4253 2206 4297 et
2233 4244 2371 4310 ipse,
2419 4244 2668 4313 precibus
2718 4249 3040 4302 exatninatis
3065 4286 3080 4311 ,
3132 4251 3213 4303 vel
3250 4252 3560 4305 relati0nem

1996 4336 2324 4404 permiserit,
2379 4345 2433 4391 et
2475 4338 2619 4407 ipsos
2669 4340 2736 4393 ad
2784 4341 3164 4409 imperatorem
3211 4344 3438 4407 miserit,
3479 4346 3560 4398 vel

1995 4431 2341 4500 denegaverit
2383 4441 2484 4496 ;ut
2524 4432 2615 4499 qui
2661 4435 2822 4488 etiam
2861 4435 3053 4490 debeat
3094 4437 3372 4505 episcopos
3405 4454 3560 4505 com-

1993 4519 2172 4585 plecti,
2216 4527 2270 4572 et
2315 4519 2379 4574 iis
2418 4521 2468 4572 in
2527 4523 2777 4575 omnibus
2815 4523 2956 4577 ferre
3000 4539 3176 4591 opem.
3226 4525 3401 4590 Quare
3434 4542 3561 4581 nova

1992 4625 2055 4665 ex
2090 4611 2155 4664 iis
2200 4625 2319 4677 qnze
2360 4611 2413 4664 in
2446 4613 2546 4666 hoc
2571 4628 2775 4668 canone
2807 4616 3175 4680 continentur,
3210 4619 3350 4686 quod
3388 4635 3562 4688 nepte

1994 4704 2443 4770 metropolitanns
2492 4721 2668 4769 neque
2712 4707 2999 4775 episcopus
3035 4711 3152 4765 sine
3183 4714 3420 4780 synoilai.
3467 4732 3559 4768 co-

1991 4796 2231 4865 gnitione
2267 4807 2439 4862 potest
2479 4798 2544 4851 ad
2582 4799 2964 4865 imperatorem
3013 4802 3093 4856 vel
3129 4820 3223 4871 per
3248 4820 3306 4859 se
3339 4806 3418 4859 Vel
3463 4824 3556 4876 per

1989 4903 2145 4941 suum
2176 4891 2484 4944 ministrmn
2553 4892 2971 4960 supplicationes
3035 4894 3261 4950 referre.
3321 4900 3558 4954 Audiens

1989 4992 2166 5033 autem
2199 4981 2312 5034 bzec
2345 4981 2458 5036 ﬁeri
2484 4997 2602 5035 cum
2633 4985 2856 5039 scientia
2881 4989 3270 5057 metropolitani
3301 5002 3353 5045 et
3387 5010 3552 5062 papa»,

1987 5073 2160 5140 adjice
2201 5075 2362 5128 etiam
2392 5077 2704 5144 synodalem
2740 5081 3000 5148 consequi
3034 5083 3416 5151 cognitionem,
3468 5103 3556 5139 sc-

1986 5167 2218 5219 cundum
2260 5183 2516 5222 canonem
2553 5170 2610 5222 H
2651 5171 3001 5226 Antiochenae
3041 5176 3260 5244 synodi.
3298 5176 3424 5242 Qua:
3457 5194 3555 5230 au-

1985 5267 2090 5312 tem
2145 5260 2210 5313 de
2271 5276 2403 5328 papa
2463 5261 2547 5314 bic
2602 5264 2798 5330 scripta
2853 5275 3016 5327 sunt.
3075 5268 3141 5321 ad
3188 5271 3550 5337 patriarcbam

1983 5350 2143 5403 etiam
2176 5351 2828 5419 Constantinopolitanum
2866 5357 3181 5423 applicanda
3213 5368 3431 5425 propter
3461 5377 3551 5412 ra-

1986 5436 2158 5490 tiones
2199 5453 2332 5505 qnas
2367 5454 2507 5507 saepe
2537 5439 2794 5494 diximus.
2845 5439 2984 5512 Lege
3015 5453 3068 5496 et
3112 5455 3273 5512 caput
3302 5447 3335 5498 2
3378 5449 3464 5499 tit.
3513 5449 3545 5502 8

1982 5532 2265 5597 prmsentis
2296 5532 2494 5599 operis,
2527 5543 2580 5585 et
2609 5535 2785 5588 ottttiia
2817 5551 2935 5604 quae
2969 5538 3018 5589 in
3043 5553 3106 5590 eo
3139 5547 3282 5591 sunt.
3327 5537 3422 5590 His
3449 5555 3544 5598 au-

1982 5631 2086 5673 tem
2113 5622 2193 5674 sic
2215 5622 2472 5686 definitis,
2506 5624 2756 5679 dixerunt
2793 5627 2981 5692 aliqui,
3017 5643 3118 5680 non
3152 5628 3349 5684 debere
3375 5631 3542 5684 ullum

1981 5713 2448 5780 metropolitanum
2488 5716 2605 5768 sine
2638 5717 2982 5785 patriarcbali
3017 5722 3273 5774 mandato
3304 5721 3384 5772 vel
3425 5738 3532 5790 per-

1981 5805 2144 5858 missu
2176 5806 2240 5854 ad
2273 5806 2656 5874 imperatorem
2694 5812 3245 5878 unquamprolicisci.
3282 5813 3410 5865 Mihi
3449 5830 3516 5866 an

1981 5903 2087 5948 tem
2117 5894 2345 5958 videtur,
2381 5899 2523 5964 quod
2553 5900 2770 5965 quando
2818 5899 3048 5967 primum
3088 5901 3543 5971 metropolitano:
