3982 6494
550 295 689 361 1463

546 414 615 467 iis
668 412 871 468 dictum
916 420 1000 468 est
1049 430 1063 466 :

542 605 760 650 vacant.
808 593 963 661 Quod
1011 610 1142 667 ergo
1191 596 1301 651 illic
1336 597 1696 665 quaesivimus
1737 599 1802 652 de
1849 596 2114 667 praeﬁnito

542 695 791 757 tempore
820 702 1031 745 canone
1058 689 1334 745 declarato
1355 730 1369 753 ,
1406 689 1508 744 hoc
1532 691 1582 744 in
1610 694 1861 761 praesenti
1900 704 2116 761 quoque

481 824 488 834 .
541 794 749 834 canone
793 780 1145 851 quaerendum
1195 792 1299 837 est.
1354 780 1665 853 Neophytus
1716 792 1919 851 autem,
1975 784 2114 853 apud

540 871 857 942 Apostolum
879 874 1118 943 quidem,
1135 882 1217 930 est
1238 876 1304 941 is,
1326 874 1417 944 qui
1436 889 1623 930 recens
1640 874 1976 930 illuminatus
1997 884 2114 942 est;

543 964 686 1033 apud
742 978 1001 1021 canonem
1049 976 1265 1034 autem,
1338 966 1428 1037 qui
1501 983 1568 1023 ex
1621 968 1786 1025 divite
1837 968 1921 1023 vel
1955 968 2117 1023 scho-

474 1054 482 1065 '
543 1055 735 1112 lastico
813 1058 880 1113 ad
950 1059 1309 1128 episcOpalem
1390 1060 1703 1132 dignitatem
1775 1060 2113 1131 provehitur.

471 1132 477 1145 ’
537 1149 737 1216 Quare
757 1160 812 1205 et
844 1149 1109 1209 'canonem
1140 1150 1176 1207 2
1205 1151 1435 1207 Nicmnae
1476 1152 1661 1221 primas
1692 1151 1935 1223 synodi;

388 1276 393 1285 ’
474 1260 491 1325 ὁ

616 1333 779 1404 497
809 1332 1062 1389 ZONAR.
1095 1333 1375 1397 Neminem
1398 1347 1427 1386 e
1453 1332 1590 1399 foro,
1629 1331 1730 1387 hoc
1757 1340 1857 1393 est,
1884 1346 1914 1386 e
1939 1330 2118 1400 populi

544 1426 726 1488 turba,
768 1427 1015 1496 quamvis
1053 1424 1257 1480 divitiis
1297 1423 1498 1488 allluat,
1534 1423 1785 1493 quamvis
1830 1421 2117 1481 scholasti-

544 1531 642 1572 cus
675 1518 767 1583 sit,
816 1516 921 1572 hoc
952 1526 1059 1581 est,
1106 1516 1315 1572 dicendi
1349 1515 1528 1571 studio
1578 1530 1795 1585 operam
1824 1514 2115 1584 impendat,

546 1611 882 1679 episcopum,
922 1610 968 1666 si
1000 1626 1064 1665 eo
1096 1626 1316 1665 munere
1362 1610 1558 1681 dignus
1595 1608 1897 1676 iudicetur,
1934 1609 2117 1664 subito

546 1704 755 1768 creari,
818 1702 911 1757 sed
955 1718 1051 1759 eos
1090 1703 1335 1759 homines
1381 1717 1480 1773 per
1527 1717 1813 1758 sacrorum
1859 1700 2110 1756 ordinum

1799 304 1900 365 ΤΠ
1912 305 2076 369 EOD.
2116 306 2519 372 BALSAMON

3623 313 3722 378 Ῑίϐί

436 491 463 503 _
546 414 615 467 iis
668 412 871 468 dictum
916 420 1000 468 est
1049 430 1063 466 :
1117 412 1203 468 hic
1228 422 1405 469 autem
1467 414 1534 470 de
1581 412 1714 470 solis
1761 414 2017 469 divitibus
2060 421 2115 467 et

2236 418 2283 471 :3:
2316 420 2448 491 περὶ
2499 421 2705 477 τούτων
2753 420 3197 493 ἐξεφωνήθησαψ
3260 417 3482 472 ἐνταῦθα
3534 416 3587 470 δι
3630 433 3721 493 περῖ

542 504 903 572 scholasticis,
924 504 974 559 id
994 514 1097 569 est,
1121 504 1188 560 de
1205 504 1269 559 iis
1293 507 1382 576 qui
1408 506 1688 563 rhetoricas
1704 515 1757 563 et
1774 505 1873 561 arti
1901 505 2117 561 dicendi

2227 509 2404 579 μόνων
2438 510 2709 567 πλουσίων
2747 512 2849 567 καὶ
2909 509 3307 581 σχολαστικᾶηρ,
3362 508 3590 567 τουτέστι
3631 522 3722 585 περὶ

2224 602 2419 669 λόγους
2461 602 2855 672 σχολαζόντων.
2920 604 2986 656 '0
3037 602 3171 672 γοῦν
3202 604 3381 656 ἐκεῖσε
3444 604 3726 675 ἐζητήσαμεν

2225 690 2387 760 χάριν
2410 690 2507 745 τοῦ
2533 691 2871 764 δηλούμενον
2919 692 2999 763 τῷ
3022 692 3211 746 κανόνι
3243 693 3607 763 νενομισμένου
3638 715 3716 751 xui

2226 781 2345 853 ροῦ,
2384 783 2543 837 τοῦτο
2574 783 2672 838 καὶ
2704 786 2785 848 εἰς
2837 785 2927 838 τὸν
2972 785 3221 854 παρόντα
3260 785 3460 838 κανόνα
3496 786 3727 856 ζητητέον.

2223 875 2500 944 Νεόφυτος
2524 877 2601 941 δὲ,
2626 877 2777 947 παρὰ
2808 877 2909 947 μὲν
2935 876 3015 947 τῷ
3038 876 3350 947 ’Λποστόλῳ
3374 878 3402 930 ὁ
3432 878 3728 947 νεοφώτιστος

2224 967 2467 1036 λέγεταιο
2505 969 2655 1039 παρὰ
2685 968 2742 1023 δὲ
2777 969 2855 1040 τῷ
2887 970 3077 1024 κανόνι
3100 970 3131 1022 ό
3161 969 3274 1023 άπὸ
3299 969 3542 1024 πλουσίου
3571 971 3599 1042 ἢ
3632 948 3727 1044 σχο-

2224 1060 2485 1124 λάζοντος
2520 1062 2599 1118 είς
2642 1062 3003 1115 ἔπισκοπικὸν
3036 1060 3257 1128 ἀξίωμα
3306 1060 3725 1132 προϐιϐαζόμενος.

2216 1154 2385 1221 Ζήτει
2418 1155 2512 1206 καὶ
2538 1152 2625 1207 τὸν
2656 1150 2698 1223 β’
2733 1152 2935 1208 κανόνα
2973 1155 3074 1224 τῆς
3098 1155 3160 1209 ὲν
3178 1152 3389 1223 Νικαία
3416 1154 3615 1225 πρώτης
3634 1172 3727 1210 συνο

2230 1244 2374 1297 όδου.

2297 1336 2543 1393 ΖΩΝΔΡ.
2584 1337 2785 1393 Οὐδένα
2831 1336 2939 1390 τῶν
2984 1336 3044 1402 ἐξ
3088 1338 3302 1407 ἀγορᾶς
3328 1336 3492 1391 ὄντων
3534 1340 3635 1409 ἦτοι
3661 1342 3729 1409 τῆς

2226 1428 2510 1501 δημώδους
2529 1429 2865 1500 συγχύσεως,
2884 1429 2987 1484 κᾶν
3010 1428 3289 1493 πλούσιος,
3308 1429 3409 1484 κᾶν
3426 1432 3730 1501 σχολαστικὸς,

2226 1500 2475 1577 τούτέστι
2510 1525 2640 1593 περὶ
2684 1522 2877 1589 λόγους
2907 1519 3215 1592 σχολάζων,
3249 1500 3493 1588 βούλεται
3516 1523 3543 1575 ὁ
3581 1523 3731 1589 κανὼν,

2230 1613 2278 1666 εί
2314 1612 2461 1678 ἄξιος
2487 1613 2725 1684 κρίνοιτο
2749 1613 3081 1684 ἐπισκοπῆς,
3126 1612 3329 1683 ἀθρόον
3381 1614 3731 1684 χειροτονεῖσθαι

2229 1705 2551 1770 ἐπίσκοπον,
2579 1705 2716 1760 ἀλλὰ
2747 1706 3043 1783 διορίζεται
3080 1707 3210 1769 τοὺς
3235 1706 3509 1769 τοιούτους
3535 1708 3605 1770 είς
3639 1707 3732 1760 lxa-

546 1796 746 1867 gradus
795 1795 1071 1865 sigillatim
1108 1794 1445 1864 promoveri,
1485 1808 1551 1848 ac
1596 1794 1652 1847 in
1695 1792 1925 1861 singulis
1975 1791 2119 1847 haud

2237 1814 2362 1851 στον
2402 1797 2610 1869 βαθμὸν
2643 1774 2918 1869 ἱερατικδν
2953 1796 3411 1867 προϐιϐάζεσθαι,
3446 1798 3530 1851 καὶ
3548 1799 3622 1867 ἐφ’
3643 1799 3731 1853 ἐκά-

499 1944 515 1958 ,
548 1888 774 1941 minimo
815 1888 1073 1955 temporis
1116 1887 1291 1956 spatio
1331 1885 1666 1952 ministrare,
1712 1883 1804 1939 hic
1837 1897 2011 1939 canon
2038 1880 2127 1950 ju-

498 2056 503 2057 γ
548 1982 641 2036 bet
671 1998 685 2035 ε
718 1989 775 2033 ιιι
805 1993 871 2034 eo
904 1979 1114 2033 scilicet
1146 1978 1405 2047 temporis
1445 1972 1729 2032 intervallo
1774 1984 1828 2031 et
1867 1974 2035 2046 ipsius
2065 1975 2131 2031 tl-

551 2073 697 2137 dem,
752 2083 973 2127 rectene
1019 2073 1110 2135 sit,
1161 2080 1216 2126 et
1269 2085 1476 2125 morum
1508 2070 1807 2125 bonitatem
1853 2068 2127 2137 animique

549 2166 953 2230 constantiam,
1000 2179 1064 2219 ac
1106 2163 1531 2219 moderationem
1587 2161 1751 2216 liceat
1804 2161 2121 2229 explorari;

549 2256 735 2326 itaque
778 2258 999 2312 demum
1046 2256 1113 2311 ad
1162 2256 1507 2326 episcopatus
1548 2253 1841 2321 fastigium,
1876 2253 1979 2309 hoc
2022 2262 2126 2320 est,

551 2349 751 2403 summi
789 2347 1083 2404 sacerdotii
1114 2346 1324 2402 culmen
1354 2361 1449 2416 per
1492 2346 1901 2416 progressiones
1941 2354 2126 2401 trans-

551 2450 660 2497 eat.
728 2439 913 2509 Neque
958 2440 1137 2503 enim,
1183 2438 1379 2508 inquit,
1452 2437 1652 2492 rationi
1704 2445 2126 2493 consentaneum

551 2540 658 2595 est,
682 2546 861 2601 neque
897 2530 948 2585 id
980 2540 1072 2584 aut
1102 2530 1349 2594 scientia,
1380 2530 1480 2583 hoc
1500 2540 1605 2595 est,
1633 2529 1935 2584 divinarum
1962 2527 2131 2583 Litte-

431 2634 435 2638 '
542 2639 738 2679 rarum
772 2624 1029 2694 cognitio,
1070 2632 1165 2677 aut
1204 2631 1351 2678 recta
1390 2621 1603 2678 vivendi
1631 2636 1844 2688 norma,
1890 2622 1995 2677 hoc
2022 2629 2125 2688 est,

482 2736 495 2793 ρ
540 2716 817 2784 temporis
846 2717 1205 2771 diuturnitate
1255 2714 1462 2770 ﬁrmata
1516 2729 1581 2770 ac
1621 2715 1845 2785 probata
1895 2728 2145 2769 consue-‘

556 2810 687 2863 tudo
723 2809 948 2876 patitur,
1001 2816 1061 2864 ut
1088 2819 1294 2865 temere
1338 2823 1402 2864 ac
1434 2807 1645 2876 leviter,
1692 2810 1796 2864 hoc
1843 2817 1947 2874 est,
1983 2806 2129 2861 nullo

554 2900 790 2968 delectu,
833 2901 1160 2971 episcopus,
1193 2912 1287 2955 aut
1335 2895 1640 2981 presbyter,
1692 2910 1786 2953 aut
1847 2899 2127 2963 diaconus,

557 2994 649 3049 ubi
700 2994 931 3062 primum
982 3009 1042 3049 se
1092 2993 1321 3063 quisque
1370 2993 1690 3058 ostenderit,
1741 2992 2128 3047 constituatur.

555 3087 812 3157 Quisquis
835 3086 981 3142 enim
1007 3087 1072 3141 ad
1094 3088 1437 3158 episcOpatus
1457 3087 1766 3155 dignitatem
1797 3088 1895 3141 hac
1916 3084 2129 3140 ratione
2158 3119 2205 3178 α

557 3179 922 3249 progreditur,
950 3179 1270 3250 neopbytus,
1306 3179 1501 3248 inquit,
1539 3179 1609 3233 ab
1634 3176 1915 3248 Apostolo,
1947 3178 2135 3246 praeci-

524 3290 527 3295 ‘
558 3272 699 3342 pites
746 3270 1014 3339 ejusmodi
1046 3269 1353 3325 creationes
1389 3269 1750 3339 improbante,
1792 3269 2133 3324 existimatus

557 3374 663 3418 est.
700 3363 780 3418 Ac
826 3362 1078 3435 neophyti
1109 3361 1326 3431 quidem
1365 3376 1551 3417 vocem
1604 3346 1889 3429 ita‘hujus
1940 3360 2134 3432 synodi

559 3455 749 3510 Patres
800 3454 1142 3524 interpretati
1177 3462 1305 3509 sunt
1343 3472 1358 3508 :
1396 3453 1673 3524 aposwlus
1723 3468 1855 3507 vero
1900 3452 2135 3523 inclytus

560 3546 759 3602 Paulus
782 3563 928 3611 eum,
958 3550 1050 3619 qui
1078 3563 1250 3616 nuper
1287 3562 1354 3602 ex
1386 3548 1645 3610 oleastro,
1684 3546 2025 3601 inﬁdelitatis
2052 3538 2159 3598 vi-'

560 3640 780 3702 delieet,
814 3641 1044 3705 recisus,
1090 3650 1254 3710 atque
1293 3640 1346 3693 in
1390 3638 1692 3708 speciosam
1726 3637 1898 3691 oleam
1926 3676 1941 3697 ,
1974 3635 2133 3690 iidem

503 3727 511 3739 ’
562 3734 773 3787 scilicet
813 3733 1196 3795 orthodoxam,
1238 3732 1589 3800 implantatus
1620 3730 1714 3794 sit,
1743 3730 2000 3800 neophyti
2037 3745 2138 3799 ap-

560 3825 853 3894 pellatione
883 3822 1229 3893 signiﬁcavit.
1259 3820 1325 3875 Et
1352 3822 1539 3875 eodem
1583 3822 1744 3876 modo
1777 3818 1990 3875 Nicmna
2025 3822 2139 3892 pri-

567 3932 651 3968 ma
700 3916 976 3985 synodus,
1028 3922 1088 3968 ut
1138 3914 1192 3968 in
1224 3914 1383 3969 illius
1430 3914 1666 3969 secundo
1708 3928 1920 3968 canone
1954 3913 2138 3969 videre

566 4015 687 4069 est,
723 4008 1049 4077 neopliytum
1095 4006 1400 4065 intellexit:
1445 4014 1500 4061 et
1528 4004 2139 4074 Constantinopolitana:

565 4086 755 4168 prima).
797 4108 851 4153 et
893 4098 1143 4152 secundm
1193 4098 1383 4168 synodi
1410 4097 1619 4151 decimo
1655 4098 1886 4167 septimo
1933 4110 2140 4152 canone

565 4191 755 4247 eadem
784 4191 1073 4245 constituta
1104 4191 1362 4259 reperias.

488 4356 501 4367 ς
567 4282 799 4340 ARIST.
858 4302 881 4336 ι
916 4283 1199 4349 Forensis,
1245 4282 1606 4338 scholasticus
1652 4295 1745 4337 ant
1794 4283 1982 4346 dives,
2040 4282 2144 4337 nisi

650 4395 669 4429 ι
714 4390 811 4444 per
863 4388 1050 4429 sacros
1108 4374 1384 4451 transierit
1423 4372 1647 4441 gradus,
1699 4373 1987 4443 episcopus
2037 4388 2142 4428 non

645 4488 667 4520 ι
712 4478 957 4522 creatur.
992 4465 1269 4521 Graduum
1302 4448 1481 4519 autem
1537 4464 1894 4520 interstitium
1944 4479 2012 4520 ne
2052 4465 2134 4519 ad-

2326 4484 2347 4518 t
2387 4443 2732 4520 καθίσταται.
2781 4462 2855 4515 Τὸ
2898 4461 2955 4515 δὲ
3007 4459 3118 4512 τῶν
3160 4458 3387 4530 βαθμῶν
3432 4455 3670 4521 διάστημα
3706 4443 3747 4496 οὐ
3840 4466 3841 4469 η

647 4580 667 4611 σ
711 4558 929 4614 modum
977 4557 1143 4613 breve
1185 4556 1277 4622 sit,
1338 4570 1446 4626 quo
1493 4556 1665 4626 major
1713 4556 1833 4612 ﬁdei
1884 4557 2145 4625 bonaeque

651 4672 671 4705 ι
708 4650 1142 4708 conversationis
1182 4648 1434 4718 probatio
1487 4648 1770 4703 habeatur.
1818 4648 1920 4716 Qui
1987 4648 2147 4705 aliter

648 4762 667 4794 ι
707 4743 853 4799 enim
879 4739 1249 4802 constituitur,
1293 4737 1592 4809 necphytus
1618 4748 1721 4794 est.
1749 4757 1767 4790 ι

646 4835 746 4890 llic
777 4849 951 4889 canon
991 4832 1156 4887 laicos
1185 4829 1400 4905 quidem
1444 4831 1496 4883 in
1530 4830 1647 4884 foro
1683 4830 1965 4899 degentes,
2005 4839 2058 4886 et
2093 4831 2145 4885 in

571 4945 639 4986 eo
664 4943 885 4999 cperam
912 4926 1125 4989 dantes,
1148 4924 1234 4979 vel
1268 4932 1323 4978 et
1354 4923 1564 4992 aliquos
1593 4923 1786 4977 divites
1815 4932 1870 4978 et
1904 4922 2147 4978 forenses

573 5010 929 5084 intercalares,
954 5018 1022 5072 ad
1062 5014 1756 5087 episeopatus‘dignitatem
1796 5014 2019 5083 provehi
2054 5030 2149 5068 vo-

572 5116 772 5173 lentes,
828 5124 934 5164 non
977 5109 1137 5164 aliter
1169 5107 1426 5165 constitui
1468 5107 1642 5175 jubet,
1682 5107 1783 5162 nisi
1827 5107 2044 5187 lectoris
2095 5118 2151 5162 et

574 5202 882 5278 presbyteri
911 5212 966 5257 et
998 5202 1211 5257 diaconi
1246 5202 1610 5256 ministerium
1641 5210 1984 5269 peregerunt.
2015 5200 2154 5271 Spa-

577 5299 711 5353 tium
767 5305 947 5350 autem
993 5294 1255 5363 cujusque
1289 5295 1490 5360 gradus
1531 5309 1654 5348 esse
1696 5295 2035 5348 diuturnum.
2080 5293 2154 5350 Ut

575 5393 687 5445 vita
715 5404 902 5445 eorum
948 5397 1005 5442 et
1049 5386 1180 5441 lides
1212 5386 1264 5439 in
1296 5401 1361 5440 eo
1391 5387 1749 5440 examinetnr.
1802 5386 1869 5441 At
1909 5387 2153 5441 decimus

578 5483 841 5553 septimus
882 5482 1070 5551 primae
1113 5462 1167 5533 et
1203 5480 1453 5533 secundae
1505 5480 1693 5551 synodi
1737 5480 1786 5533 in
1822 5478 2147 5535 Sanctorum

577 5576 959 5647 Apostolorum
993 5571 1191 5643 templo
1221 5585 1423 5626 coaetaa
1449 5587 1641 5637 canon,
1679 5572 1946 5626 neminem
1985 5572 2151 5627 laico-

540 5682 543 5685 ‘
587 5658 736 5733 rnni,
787 5668 910 5722 licet
951 5665 1108 5721 malae
1169 5665 1599 5736 conversationis
1646 5681 1749 5717 non
1805 5662 1874 5716 sit
1937 5674 1993 5716 ut
2052 5679 2154 5719 nec

585 5761 976 5817 tnuuacltorutn
1014 5758 1329 5829 quempiam
1372 5756 1437 5813 ad
1470 5755 1808 5827 episc0patus
1844 5754 2149 5811 sublimita-

2236 1906 2346 1959 στῳ
2385 1889 2480 1941 ἐπὶ
2508 1888 2699 1959 καιρὸν
2731 1889 3035 1961 ὑπηρετεῖν
3073 1889 3177 1943 οὐκ
3224 1888 3520 1959 ἐλάχιστον,
3572 1891 3646 1944 ῐνα
3676 1893 3733 1945 διὸ

2231 1980 2329 2034 τοῦ
2360 1981 2560 2055 καιροῦ
2590 1982 2805 2037 ἐκείνου
2834 1981 3106 2051 γνωσθείη
3149 1982 3188 2053 ἦ
3220 1998 3282 2035 τε
3332 1980 3517 2045 πίστις
3533 1981 3684 2045 αὐτοῦ,
3705 1985 3735 2034 si

2230 2072 2365 2144 ὀρθή
2398 2075 2537 2138 ἐστι,
2568 2074 2663 2128 καὶ
2694 2075 2726 2145 ἡ
2762 2072 3041 2144 άγαθότης
3066 2073 3179 2126 τῶν
3199 2071 3441 2141 τρόπων,
3463 2072 3596 2141 καὶὴ
3622 2074 3734 2143 στερο

2235 2167 2402 2239 ῥότης
2435 2167 2530 2221 τοῦ
2554 2168 2928 2239 φρονήματος,
2964 2167 3061 2220 καὶ
3088 2167 3122 2235 ἠ
3185 2164 3477 2227 ἐπιείκεια,
3510 2164 3592 2217 καί
3612 2163 3734 2222 οὕτως

2232 2261 2314 2324 είς
2346 2258 2445 2328 τὴν
2467 2259 2631 2330 άψίδα
2662 2260 2765 2331 τῆς
2796 2258 3126 2329 ἐπισκοπῆς,
3184 2259 3356 2331 ἦγουν
3386 2257 3480 2325 τὴν
3526 2257 3733 2325 ἀκρότητα

2232 2350 2328 2405 eo;
2361 2351 2530 2420 ὕψους
2564 2353 2664 2421 τῆς
2685 2350 3106 2423 ἀρχιερωσύνης
3135 2349 3307 2420 διαϐῇ
3335 2348 3472 2403 κατὰ
3498 2347 3734 2417 προκοπήν.

2234 2442 2368 2496 Οὐδὲ
2404 2442 2512 2514 γάρ
2544 2443 2775 2514 πρέπει,
2807 2443 2998 2514 φησὶν,
3039 2441 3164 2496 οὔτε
3204 2443 3233 2511 ἡ
3291 2440 3575 2509 ἐπιστήμη,
3600 2438 3732 2492 τουτέ-

2234 2550 2351 2587 στιν
2412 2533 2447 2602 ἠ
2480 2532 2588 2585 τῶν
2648 2532 2809 2586 θείων
2854 2532 3045 2605 Λόγων
3099 2530 3333 2599 γνῶσις,
3379 2528 3494 2582 οὔτε
3541 2527 3733 2598 ήδάγαθῆ

2231 2624 2572 2695 ἀναστροφὴ,
2596 2622 2768 2694 ἤγουν
2804 2627 2837 2696 ἡ
2880 2625 3140 2694 συνήθεια
3194 2625 3229 2694 ἡ
3280 2620 3632 2692 δοκιμασθεῖσα
3672 2618 3730 2687 τῷ

2234 2718 2439 2789 Χρόνῳν
2488 2717 2801 2787 ὲπιδέχετνοι
2860 2717 3141 2787 τολμερῶς
3204 2714 3303 2769 καὶ
3355 2713 3568 2780 κούφως,
3605 2711 3731 2778 ἤγουν

2233 2808 2495 2875 εὐκόλως,
2524 2808 2896 2880 πρεσϐύτερον
2937 2808 3251 2879 ἧδιάκονον
3285 2807 3319 2878 ἢ
3352 2805 3618 2859 ἐπίσκοπον
3635 2819 3730 2873 προσ

2233 2903 2438 2974 χείρως
2474 2902 2931 2974 χειροτονεῖσθαι.
2985 2901 3044 2955 Ὀ
3076 2899 3255 2963 οὕτως
3312 2898 3444 2969 γὰρ,
3491 2896 3641 2965 φησὶν,
3678 2894 3737 2954 είς

2233 2995 2548 3064 ἐπισκοπῆς
2603 2982 2761 3060 ἀξίαν
2829 2992 3139 3064 προϐαίνων
3215 2990 3470 3058 νεόφυτος
3537 2983 3735 3053 ἐνομίσθη

2234 3084 2313 3155 τῷ
2376 3083 2709 3155 Ἀποστόλῳ,
2768 3084 3077 3138 κωλύσαντι
3132 3081 3361 3152 ταχείας
3410 3077 3625 3148 γίνεσθαι
3666 3074 3736 3133 τὰς

2238 3179 2626 3242 καταστάσεις.
2644 3178 2710 3233 Ol
2730 3178 2832 3249 μὲν
2847 3173 2941 3232 οὖν
2958 3178 3055 3246 τῆς
3085 3176 3310 3230 συνόδου
3336 3173 3529 3241 ταύτης
3553 3171 3736 3239 Πατέρις

2238 3270 2413 3336 οὕτως
2440 3270 2761 3336 ἑξελάϐοντο
2809 3269 2902 3322 τδν
2951 3267 3298 3336 νεόφυτοψό
3346 3266 3401 3318 δὲ
3433 3261 3615 3323 κλεινὸς
3638 3258 3738 3312 ἁπό-

2240 3365 2427 3439 στολος
2481 3362 2692 3437 ῌαῦλος
2725 3361 2988 3431 νεόφυτον
3032 3359 3126 3413 τὸν
3163 3358 3295 3430 ἄρτι
3356 3357 3414 3439 εξ
3468 3351 3736 3425 ἀγριελαίου.

2235 3458 2339 3526 τῆς
2364 3456 2627 3519 ἀπιστίας
2664 3454 2829 3526 φημὶ,
2864 3451 3001 3522 πρὸς
3032 3450 3388 3505 καλλιέλαιον
3419 3459 3739 3517 μετεγκεντριο

2240 3549 2459 3613 σθέντα,
2488 3549 2591 3619 τὴν
2622 3547 2803 3600 πίστιν
2823 3544 3026 3616 δηλαδὴ
3053 3543 3152 3614 τὴν
3177 3542 3477 3613 όρθόδοξον,
3503 3537 3645 3601 λέγει.
3662 3534 3739 3586 Καὶ

2238 3642 2271 3711 ἡ
2330 3642 2388 3694 ὲν
2443 3626 2649 3710 Νικαίᾳ
2704 3637 2897 3708 πρώτη
2958 3635 3176 3698 σύνοδος
3242 3635 3415 3697 οὕτως
3462 3631 3626 3700 ἐνόησε
3678 3627 3741 3677 τὸν

2239 3735 2523 3800 νεόφυτον,
2558 3733 2634 3795 ὡς
2701 3731 2848 3784 ἔστιν
2896 3730 3082 3799 εὑρεῖν
3133 3728 3192 3780 ὲν
3225 3728 3305 3798 τῷ
3351 3724 3571 3793 δευτέρῳ
3605 3718 3741 3773 κανόνι

2240 3827 2434 3897 αὐτῆς⁹
2456 3826 2555 3880 καὶ
2585 3826 2613 3878 ὁ
2638 3823 2702 3889 ιζ’
2734 3822 2793 3877 δὲ
2845 3822 3025 3877 κανὼν
3056 3821 3153 3890 τῆς
3208 3822 3267 3873 ὲν
3303 3811 3743 3874 Κωνσταντινουπό-

2241 3919 2328 3972 λει
2367 3916 2643 3984 συστάσης
2684 3910 2906 3985 πρώτης
2955 3912 3051 3967 καὶ
3093 3912 3355 3982 δευτέρας
3387 3908 3587 3965 συνόδου
3619 3900 3744 3971 διορί-

2244 4010 2416 4074 ζεται.
3092 4008 3103 4021 “

2246 4282 2469 4338 ΑΡΙΣΤ.
2512 4301 2531 4334 ι
2561 4283 2874 4353 Ἀγοραῖος,
2909 4278 3261 4349 σχολαστικὸς
3288 4316 3304 4341 ,
3362 4276 3396 4347 ἧ
3442 4270 3680 4331 πλούσιος,
3712 4262 3745 4314 εἶ

2327 4394 2348 4426 ί
2384 4374 2460 4445 μὴ
2507 4374 2633 4436 τοὺς
2669 4372 2851 4443 ἱεροὺς
2887 4370 3089 4423 διέλθοι
3124 4367 3393 4439 βαθμοὺς,
3419 4362 3677 4418 ἐπίσκοπος

2328 4576 2349 4610 ι
2382 4556 2503 4610 λίαν
2526 4554 2830 4623 ὀλιγοστὸν,
2845 4553 2914 4605 δι’
2937 4544 2998 4607 οὗ
3018 4551 3079 4605 τὸ
3091 4550 3333 4621 δοκίμιον
3350 4549 3445 4618 τῆς
3467 4546 3670 4599 πίστεως
3680 4539 3748 4591 καὶ

2328 4677 2347 4704 ο
2382 4646 2792 4715 καλοκαγαθίας
2810 4644 2979 4700 αὐτοῦ
3004 4642 3375 4714 δοκιμάζοιτο.
3388 4638 3447 4692 '0
3463 4638 3562 4707 γάρ
3575 4633 3744 4699 ἑτέρως.

2330 4765 2349 4797 ‹
2380 4744 2657 4811 νεόφυτος.
2706 4758 2724 4792 ι

2366 4831 2492 4899 ὗτος
2524 4835 2552 4887 ὁ
2570 4830 2759 4888 ’κανὼν
2785 4831 2911 4894 τοὺς
2948 4830 3047 4900 μὲν
3069 4829 3293 4891 λαῖκοὺς
3325 4827 3450 4887 τοὺς
3472 4825 3526 4876 ὲν
3548 4821 3604 4888 τῇ
3616 4811 3747 4882 ἀγθρᾷ

2248 4928 2646 5001 διατρίϐοντας,
2681 4926 2775 4978 καὶ
2806 4922 3182 4993 σχολάζοντας
3216 4923 3273 4973 ὲν
3299 4920 3457 4990 αὐτῇ,
3488 4916 3518 4986 ἢ
3543 4914 3748 4967 xulem;

2253 5020 2546 5082 πλουσίους
2594 5018 2689 5071 καὶ
2741 5014 3035 5087 ἀγοραίους
3088 5010 3528 5086 πραγματευτάς,
3558 5005 3625 5066 είς
3664 5002 3749 5050 ἐπι·

2255 5114 2468 5183 σκοπῆς
2520 5110 2739 5180 ἀξίωμα
2814 5107 3183 5179 βουληθέντας
3250 5100 3607 5172 ἀνενεχθῆναι,
3677 5091 3749 5142 οὐκ

2254 5204 2432 5266 ἄλλως
2460 5201 2795 5272 προστάττει
2822 5195 3216 5261 καθίστασθαι,
3250 5196 3299 5247 εί
3338 5193 3410 5264 μὴ
3436 5184 3747 5257 ἀναγνώστου.

2254 5296 2351 5350 καὶ⁵
2399 5278 2805 5365 πρεσϐυτέρου,
2840 5290 2936 5343 καὶ
2963 5289 3216 5343 διακόνου
3246 5284 3536 5358 ὑπηρεσίαν
3582 5274 3747 5365 ἐκτελέ-

2256 5364 2529 5439 σουσιῗτδ
2575 5382 2633 5436 δὲ
2675 5381 2952 5449 διάστημα
3008 5378 3241 5431 ἑκάστου
3290 5371 3490 5447 βαθμοῦ
3536 5364 3749 5442 χρονιαῖον

2255 5474 2418 5532 εἶναι’
2481 5476 2550 5530 ἶν’
2586 5474 2615 5525 ὁ
2670 5473 2785 5544 βίος
2831 5472 3014 5526 αὐτῶν
3066 5472 3213 5541 καὶὴ
3251 5471 3426 5531 πίστις
3470 5466 3524 5518 ἐν
3562 5453 3750 5521 τοσούτῳ

2254 5567 2584 5639 δοκιμασθῇ.
2615 5565 2676 5620 Ὀ
2703 5565 2759 5618 δὲ
2790 5564 3255 5627 ἑπτακαιδέκατος
3276 5559 3447 5616 κανὼν
3465 5557 3554 5625 τῆς
3578 5547 3751 5639 πρώτης

2256 5665 2351 5718 καὶ
2381 5661 2640 5731 δευτέρας
2681 5658 2928 5723 συνόδου,
2965 5659 3063 5728 τῆς
3088 5656 3244 5727 ἐντῷ
3298 5652 3405 5721 ναῷ
3441 5648 3540 5701 τῶν
3597 5636 3749 5731 ’Ᾱῖίωγ

2271 5750 2612 5808 ’Λποστόλων
2646 5752 2947 5821 συστάσης,
2988 5748 3180 5804 οὐδένα
3223 5747 3330 5803 τῶν
3346 5738 3558 5802 λαῖκῶνν
3584 5730 3670 5788 κᾶν
3695 5724 3749 5796 μὴ
