3982 6494
377 382 513 445 1465

1499 403 1580 461 ΙΝ
1620 405 1781 467 CAN.
1823 405 1905 466 ΧΙ
1941 405 2147 467 CUNC.
2191 409 2483 472 SARDIC.

3460 423 3593 488 1466

373 497 436 549 ἐκ
461 501 673 572 φαύλης
705 503 822 556 ἐστὶ
850 506 1148 580 διαγωγῆς,
1202 517 1317 569 ἀλλ’
1355 519 1476 572 οὺδέ
1503 521 1612 574 τῶν
1661 527 1910 595 μοναχῶν

2041 530 2144 572 tem
2203 524 2481 578 confestim
2530 530 2833 594 promoveri
2878 527 3164 600 permittit.
3231 535 3336 592 Sed
3396 539 3594 607 gradus

323 587 328 607 ¹
373 595 456 658 είς
484 596 546 649 τὸ
575 598 672 666 τῆς
697 600 1004 674 ἐπισκοπῆς
1033 605 1165 675 ὕψος
1196 609 1408 680 ἀθρόως
1461 587 1759 682 ἀνάγεσθαι
1797 587 1933 687 συγλ

375 691 564 756 χωρεῖο
624 691 761 744 ἀλλά
812 695 942 758 τοὺς
999 699 1306 768 ίερατικοῦς
1360 706 1624 776 πρότερον
1691 709 1932 780 βαθμοὺς

374 782 680 848 προελθεῖν,
718 789 776 838 ἐν
833 788 1050 860 ἐκάστῳ
1109 793 1351 863 τάγματι
1407 797 1498 850 τὸν
1544 804 1935 871 νενομισμένον

374 874 688 956 πληροῦντα
715 881 925 950 χρόνον,
958 884 1054 937 καὶ
1082 887 1204 938 τότε
1227 887 1327 958 τῆς
1344 889 1651 961 ἐπισκοπῆς
1682 895 1780 959 τὴν
1815 912 1932 965 χει-
1971 917 1973 928 ι

376 972 623 1038 ροτονίαν
656 973 928 1042 δέχεσθαι.

930 1070 1170 1125 ΚΑΝΩΝ
1199 1075 1268 1128 ῙᾹ
1286 1115 1302 1130 .

378 1175 397 1208 ι
436 1155 793 1229 Ἐπίσκοπος,
823 1166 952 1220 ὅταν
983 1168 1040 1234 ἐξ
1064 1169 1261 1239 ἐτέρας
1291 1173 1500 1238 πόλεως
1553 1177 1925 1249 παραγίνηταί

440 1271 460 1303 t
498 1253 578 1314 είς
608 1255 804 1326 ἑτέραν
853 1260 1030 1328 πόλιν,
1063 1262 1095 1333 ἢ
1129 1263 1236 1316 ἀπὸ
1295 1267 1493 1338 ἐτέρας
1541 1269 1810 1342 ἐπαρχίας
1844 1274 1925 1334 είς

420 1362 464 1394 ιι
507 1347 702 1417 ἑτέραν
755 1351 1048 1423 ἐπαρχίαν,
1116 1356 1331 1427 κόμπου
1393 1360 1551 1431 χάριν
1629 1365 1926 1435 ἐγκωμίοις

443 1455 462 1488 ι
497 1438 722 1503 οἰκείοις
749 1443 1214 1516 ὑπηρετοῦμενος,
1247 1450 1278 1516 ἢ
1319 1452 1616 1522 θρησκείας
1647 1457 1924 1510 καθοσιώ-

447 1547 466 1580 ι
509 1546 613 1593 σει,
644 1534 739 1586 καὶ
773 1535 996 1589 πλείονα
1023 1538 1216 1607 χρόνον
1249 1540 1490 1611 βούλοιτο
1541 1545 1770 1614 διάγειν,
1830 1550 1925 1603 καὶ

446 1641 465 1673 ι
508 1623 584 1692 μὴ
609 1627 636 1677 ὁ
663 1625 761 1694 τῆς
794 1629 1000 1693 πόλεως
1035 1631 1252 1702 ἐκείνης
1296 1636 1597 1703 ἐπίσκοπος
1660 1641 1923 1711 ἔμπειρος

445 1734 464 1768 ι
505 1712 936 1791 ᾗδιδασκαλίας,
995 1725 1069 1794 μὴ
1138 1734 1454 1802 καταφρονῇ
1519 1733 1752 1797 ἐκείνου,
1827 1738 1924 1790 καὶ

442 1824 460 1858 ι
495 1810 881 1884 συνεχέστερον
913 1816 1100 1888 ὁμιλῇ,
1155 1822 1545 1892 καταισχύνειν
1592 1828 1688 1879 καὶ
1719 1827 1922 1881 εὐτελί-
1949 1861 1998 1921 Β

445 1917 465 1950 ι
499 1899 614 1964 ζειν
653 1904 714 1956 τὸ
747 1905 1039 1974 πρόσωπον
1066 1910 1158 1963 τοῦ
1191 1913 1379 1967 αὐτόθι
1408 1917 1708 1972 ἐπισκόπου
1753 1937 1921 1975 σπου-

445 2009 464 2042 ι
495 1992 697 2056 δάξων.
732 1998 883 2069 Αὕτη
916 2003 1024 2071 γάρ
1054 2004 1086 2072 ἡ
1135 2006 1410 2074 πρόφασις
1453 2009 1613 2063 εἴωθε
1651 2013 1927 2084 ταράχους

451 2106 470 2139 ι
513 2091 710 2150 ποιεῖν,
742 2093 837 2144 καὶ
885 2092 949 2144 ἐκ
974 2094 1075 2162 τῆς
1122 2097 1376 2168 τοιαύτης
1432 2104 1767 2172 πανουργίας
1823 2107 1923 2176 τὴν

441 2198 460 2231 ι
499 2179 788 2251 ἀλλοτρίαν
841 2184 1110 2254 καθέδραν
1176 2188 1352 2258 ἐαυτῷ
1413 2196 1922 2262 προμνηστεύεσθαι

438 2291 458 2325 ι
499 2274 593 2327 καὶ
622 2277 1015 2345 παρασπᾶσθαι
1051 2281 1364 2346 σπουδάζει,
1392 2283 1466 2355 μὴ
1507 2267 1786 2350 διστάζων.
1820 2291 1921 2362 τὴν

437 2384 456 2418 ι
494 2367 646 2438 αὐτῷ
671 2369 1074 2439 παραδοθεῖσαν
1109 2374 1412 2443 ἐκκλησίαν
1459 2379 1922 2450 καταλιμπάνειν,

443 2475 462 2508 t
501 2459 598 2510 καὶ
622 2460 701 2524 είς
737 2461 932 2532 ἑτέραν
962 2464 1341 2532 μεθίστασθαι.
1391 2469 1670 2538 Ὀριστέον
1697 2471 1790 2525 οῦν
1827 2475 1922 2528 ἐπὶ

438 2567 457 2600 ι
493 2549 668 2620 τούτῳ
701 2552 914 2623 χρόνονο
967 2556 1152 2627 ἐπειδὴ
1207 2556 1302 2611 καί
1335 2560 1396 2612 τὸ
1441 2563 1516 2631 μὴ
1566 2563 1924 2635 ὑποδέχεσθαι

441 2658 461 2690 ι
498 2641 798 2696 ἐπίσκοπον
828 2644 937 2698 τῶν
962 2645 1346 2714 ἀπανθρώπων
1382 2650 1476 2704 καὶ
1525 2655 1731 2707 σκαιῶν
1782 2651 1922 2710 εἶναι

441 2752 459 2782 ι
492 2734 828 2802 νενόμισται.
887 2737 1181 2808 Μέμνησθε
1232 2741 1288 2794 δὲ
1362 2743 1420 2794 ἐν
1491 2745 1570 2813 τῷ
1627 2750 1923 2817 προάγοντι

441 2842 460 2876 ι
500 2826 678 2894 χρόνῳ
714 2829 840 2890 τοὺς
865 2829 1114 2899 Πατέρας
1160 2833 1320 2902 ἡμῶν
1367 2838 1705 2906 κεκρικέναι.
1738 2841 1842 2902 ἵνα,
1875 2843 1929 2895 εῖ

439 2932 458 2965 ι
491 2933 576 2978 τις
637 2916 820 2982 λαῖκὺς
870 2923 927 2973 ἐν
986 2922 1138 2976 πόλει
1193 2925 1396 2993 διάγων
1449 2932 1598 2998 τρεῖς
1654 2932 1925 3001 κυριακὰς

437 3024 457 3058 t
493 3007 708 3078 ἡμέρας
755 3011 814 3063 ἐν
860 3013 1040 3082 τρισὶν
1094 3014 1354 3085 ἑϐδομάσι
1426 3020 1502 3090 μὴ
1584 3023 1922 3094 συνέρχοιτο,

442 3117 460 3148 t
507 3101 818 3155 ἁποκινοῖτο
857 3104 955 3173 τῆς
988 3108 1294 3171 κοινωνίας.
1346 3112 1410 3163 Εί
1435 3114 1612 3166 τοίνυν
1639 3117 1766 3186 περὶ
1811 3118 1922 3172 τῶν

437 3209 455 3240 ι
496 3191 700 3246 λαῖκῶν
720 3194 878 3248 τοῦτο
896 3196 1268 3266 τεθέσπισται,
1297 3203 1357 3254 οὐ
1387 3204 1514 3274 χρὴ,
1541 3206 1660 3260 οὐδὲ
1694 3209 1917 3277 πρέπει,
1945 3224 1989 3281 c

346 3312 349 3316 ι
439 3300 458 3332 ι
502 3282 616 3335 ἀλλ’
655 3285 775 3337 οὐδέ
810 3288 1103 3359 συμφέρει,
1160 3294 1481 3358 ἐπίσκοπον,
1538 3299 1585 3350 εί
1644 3301 1916 3371 μηδεμίαν

436 3392 455 3424 ι
497 3373 800 3444 βαρυτέραν
833 3381 1078 3450 ἀνάγκην
1115 3384 1248 3452 ἐχοι,
1281 3387 1312 3457 ἢ
1355 3376 1588 3458 πρᾶγμα
1627 3391 1914 3461 δυσχερὲς,

435 3485 452 3516 ι
488 3468 830 3524 ἐπιπλείστον
889 3475 1282 3532 ἀπολείπεσθαι
1314 3482 1413 3548 τῆς
1463 3483 1656 3536 ἐαυτοῦ
1716 3487 1918 3557 ἐκκλη-

435 3579 454 3614 ι
492 3565 634 3630 σίας,
671 3567 783 3619 ’καὶ
826 3569 1029 3622 θλίϐειν
1067 3571 1159 3623 τὸν
1199 3575 1706 3646 ἐμπεπιστευμένον
1768 3580 1920 3650 αὐτῷ

435 3679 452 3711 ι
491 3661 642 3716 λαόν.
703 3664 978 3727 Ἅπαντες
1034 3669 1082 3720 οἱ
1133 3669 1422 3724 ἐπίσκοποι
1498 3674 1754 3743 εἰρήκασι
1814 3677 1912 3729 καὶ

428 3771 446 3802 ι
483 3754 688 3824 ταύτην
744 3756 841 3827 τὴν
890 3757 1116 3831 γνώμην
1177 3761 1388 3831 σφόδρα
1431 3760 1575 3818 εἶναι
1624 3767 1912 3836 πρεπωδε-

429 3862 448 3896 ι
488 3847 712 3915 στάτην.
753 3867 770 3897 ι

422 3937 616 3992 ΒΑΛΣ.
644 3941 832 3993 Πᾶσαν
862 3942 1158 3997 σκανδάλου
1195 3947 1470 4015 πρόφασιν
1499 3950 1939 4020 περιαιροῦντες·

349 4028 398 4078 oi
443 4027 706 4098 Πατέρες,
736 4030 1060 4101 διωρίσαντο
1112 4035 1186 4105 μὴ
1232 4038 1579 4105 μεταϐαίνειν
1612 4041 1910 4095 ἐπίσκοπον

351 4117 462 4170 ἀπὸ
490 4118 698 4182 πόλεως
730 4122 808 4184 είς
837 4123 991 4175 πόλιν
1017 4124 1048 4193 ἢ
1095 4127 1203 4199 sup
1232 4128 1496 4198 ἐπαρχίας
1537 4131 1617 4191 είς
1638 4132 1914 4201 ἐπαρχίαν

351 4210 496 4262 κατά
529 4211 732 4280 τρόπον
771 4213 1145 4287 ἀλαζονείαςῆ
1190 4217 1522 4283 πλεονεξίας.
1556 4222 1617 4273 Ei
1666 4222 1721 4274 δέ
1751 4224 1911 4277 τοῦτο

346 4301 408 4352 οὑ
441 4301 666 4371 γένηται
695 4304 782 4358 διὰ
817 4308 1074 4376 τοιαύτην
1095 4311 1296 4374 αἰτίαν,
1328 4311 1466 4364 ἀλλά
1518 4312 1606 4366 διὰ
1638 4315 1909 4383 πρόσκαι-

347 4409 442 4463 ρον
471 4393 794 4459 ἀνάπαυσιν,
820 4397 850 4465 ἢ
886 4399 1080 4467 ἑτέραν
1110 4400 1331 4467 εῦλογον
1357 4403 1631 4472 ἀφορμὴν,
1669 4409 1742 4475 μὴ
1771 4424 1906 4460 κατ-

344 4484 672 4554 επαίρεσθαι
702 4487 884 4550 αὐτὸν,
911 4488 1093 4554 λόγιον
1119 4491 1280 4560 τυχὸν
1322 4492 1476 4554 ὄντα,
1514 4494 1608 4546 τοῦ
1635 4496 1902 4568 ἐγχωρίου

2035 614 2182 682 prius
2246 619 2536 683 pervadere
2586 624 2964 688 sacerdotales,
3024 627 3076 681 in
3131 644 3343 698 quoque
3401 631 3590 687 ordine

2035 708 2244 776 legibus
2275 711 2538 766 sancitum
2576 723 2784 784 tempus
2821 720 3152 788 explentem,
3198 732 3252 778 et
3305 733 3430 779 tunc
3476 727 3591 794 epi-

2029 809 2284 868 seopatus
2311 801 2709 861 ordinationem
2739 811 3006 879 accipere.

2619 1105 2847 1164 CANON
2901 1110 2990 1169 XI.

2035 1210 2054 1244 ι
2081 1195 2304 1259 Quando
2333 1197 2616 1266 episcopus
2643 1216 2706 1255 ex
2731 1203 2833 1254 alia
2865 1203 3081 1259 civitate
3113 1207 3165 1260 in
3198 1206 3357 1262 aliam
3391 1211 3586 1265 civita-

2104 1304 2122 1336 ι
2161 1295 2292 1353 tem,
2317 1290 2398 1342 vel
2433 1305 2499 1344 ex
2529 1291 2630 1345 alia
2675 1294 2948 1361 provincia
2983 1297 3033 1348 in
3063 1297 3221 1351 aliam
3257 1303 3586 1367 provinciam

2103 1397 2123 1431 ι
2159 1371 2473 1445 accesserit,
2513 1384 2825 1448 iactationis
2859 1389 3030 1456 gratia
3075 1392 3306 1459 propriis
3340 1394 3589 1448 laudibus

2107 1492 2124 1522 ι
2163 1475 2425 1537 serviens,
2452 1477 2532 1531 vel
2566 1479 2841 1546 religionis
2869 1483 3324 1550 sanetificationi;
3369 1497 3421 1540 et
3461 1489 3590 1544 velit

2102 1581 2120 1614 ι
2160 1564 2386 1637 longiori
2417 1577 2660 1638 tempore
2691 1570 2801 1625 illic
2828 1587 2987 1639 agere
3014 1613 3030 1636 ,
3067 1575 3210 1629 illius
3241 1589 3421 1633 autem
3451 1582 3586 1635 civi-

2102 1672 2120 1705 ι
2160 1656 2283 1711 tatis
2316 1657 2599 1728 episcopus
2635 1662 2892 1718 doctrina:
2915 1681 3018 1719 non
3063 1667 3222 1722 fuerit
3253 1672 3486 1738 peritus:
3525 1690 3590 1729 ne

2100 1765 2118 1798 ι
2164 1748 2313 1811 illum
2372 1751 2656 1820 despiciat,
2705 1763 2759 1810 et
2821 1757 3154 1838 frequentius
3217 1765 3585 1831 concionetur,

2099 1860 2116 1890 ι
2156 1841 2374 1897 studens
2409 1846 2671 1903 dedecore
2715 1848 2935 1905 allicere“
2964 1862 3016 1906 et
3040 1854 3374 1922 vilipendere
3411 1873 3591 1924 perso-

2104 1950 2122 1982 ι
2157 1947 2280 1986 nam
2315 1936 2590 2005 episcopi,
2619 1940 2708 2008 qui
2741 1939 2811 1994 ibi
2847 1952 2950 1997 est.
2984 1943 3080 1997 Hic
3107 1946 3251 1997 enim
3297 1957 3588 2014 praetextus

2101 2043 2119 2076 ι
2159 2025 2292 2080 solet
2338 2029 2524 2084 turbas
2573 2031 2846 2097 excitare,
2893 2044 2943 2088 et
2987 2036 3252 2101 ejusmodi
3297 2040 3588 2093 calliditate

2099 2137 2117 2169 ι
2153 2119 2381 2175 alienam
2443 2123 2622 2178 sedem
2681 2125 2781 2180 sibi
2844 2127 3132 2182 conciliare
3195 2139 3248 2184 et
3318 2132 3592 2187 attrahere

2103 2229 2123 2262 ‹
2159 2212 2357 2274 studet,
2389 2216 2656 2271 cum'non
2706 2218 3046 2274 dubitetsibi
3107 2223 3350 2276 traditam
3411 2225 3592 2279 Eccle-

2103 2321 2121 2352 ι
2159 2304 2295 2359 siam
2329 2307 2654 2378 relinquere.
2700 2320 2754 2364 et
2797 2311 2848 2365 in
2890 2313 3046 2367 aliam
3077 2316 3327 2369 transire.
3380 2317 3457 2369 Ad
3491 2319 3589 2372 huc

2103 2415 2122 2448 ι
2154 2411 2283 2467 ergo
2314 2409 2524 2470 tempus
2556 2402 2917 2459 definiendum
2962 2415 3041 2460 est
3070 2426 3084 2460 :
3126 2425 3245 2460 nam
3279 2410 3586 2476 episcopum

2102 2508 2122 2542 ι
2155 2505 2259 2545 non
2297 2483 2482 2560 recipi,
2517 2493 2866 2550 inhumanum
2891 2509 2942 2552 et
2977 2498 3190 2554 incivile
3225 2503 3586 2555 existimatum

2041 2655 2043 2657 _
2101 2601 2120 2634 ι
2161 2590 2265 2638 εει.
2311 2581 2685 2640 Recordemini
2753 2598 2930 2642 autem
2990 2590 3176 2643 Patres
3239 2603 3448 2645 nostros
3525 2593 3579 2646 in

2102 2695 2120 2726 ι
2163 2686 2401 2745 tempore
2435 2680 2705 2747 praeterito
2760 2682 3042 2743 statuisse,
3073 2691 3130 2735 ut
3182 2683 3224 2734 si
3259 2683 3381 2751 quis
3419 2683 3588 2738 laicus

2099 2785 2115 2813 ι
2156 2769 2206 2820 in
2236 2770 2370 2822 urbe
2397 2785 2560 2838 agens
2592 2772 2762 2825 tribus
2795 2772 2983 2826 diebus
3014 2774 3306 2829 Dominicis
3333 2777 3382 2828 in
3415 2776 3584 2831 tribus

2092 2877 2108 2907 ι
2152 2855 2576 2913 hebdomadibus
2619 2876 2722 2913 nou
2772 2863 3094 2928 conveniat,
3132 2865 3176 2918 is
3206 2869 3587 2920 communione

2101 2969 2119 2999 ε
2160 2959 2455 3004 moveatur.
2498 2950 2664 3022 498
2707 2952 2760 3006 Si
2805 2954 2903 3006 hoc
2945 2968 3072 3020 ergo
3119 2956 3180 3006 de
3211 2956 3364 3010 laicis
3410 2965 3584 3010 statu-

2102 3061 2120 3092 ι
2159 3050 2268 3096 tum
2310 3053 2411 3108 est,
2456 3061 2559 3097 non
2591 3053 2819 3112 oportet,
2856 3062 2951 3100 nec
2981 3048 3249 3111 convenit,
3277 3050 3368 3102 sed
3411 3065 3584 3118 neque

2099 3155 2116 3186 t
2154 3147 2236 3206 est
2276 3138 2428 3200 utile,
2473 3138 2805 3207 episc0pum,
2847 3140 2889 3192 si
2928 3140 3123 3194 nullam
3164 3143 3326 3194 habet
3368 3145 3583 3211 gravio-

2101 3248 2119 3279 ι
2160 3245 2268 3284 rem
2310 3232 2685 3287 necessitatem
2721 3234 2801 3286 vel
2838 3235 3105 3302 negotium
3136 3236 3431 3301 difficilius,
3469 3240 3584 3315 lonT

2092 3339 2111 3372 ι
2149 3321 2266 3388 gius
2314 3338 2341 3375 a
2374 3338 2469 3376 sua
2502 3323 2690 3379 abesse
2719 3325 2984 3391 (ecclesia,
3027 3337 3080 3380 et
3103 3328 3200 3380 sibi
3233 3329 3579 3383 commissum

2095 3431 2112 3462 ι
2151 3414 2404 3482 populum
2439 3415 2625 3471 dolore
2665 3415 2899 3470 allicere.
2932 3416 3130 3488 Omnes
3167 3420 3397 3488 episcopi
3433 3421 3581 3473 dixe-

2088 3522 2114 3554 ι
2152 3515 2306 3570 runt,
2353 3505 2491 3561 hanc
2519 3523 2736 3578 quoque
2762 3510 3081 3564 sententiam
3112 3526 3232 3566 esse
3255 3515 3581 3570 convenien-

2097 3616 2116 3647 ι
2157 3597 2440 3652 tissitnam.
2474 3615 2497 3651 ι

2085 3951 2275 4009 BALS.
2313 3950 2540 4007 Omnem
2583 3953 2820 4009 scandali
2864 3957 3204 4011 occasionem
3268 3956 3574 4012 auferentes

2013 4045 2187 4097 sancti
2223 4044 2435 4108 Patres,
2472 4055 2822 4110 statuerunt,
2871 4062 2938 4101 ne
2981 4048 3265 4116 episcopus
3293 4063 3319 4099 a
3356 4049 3580 4102 civitate

2015 4136 2066 4189 in
2091 4135 2387 4200 civitatem,
2418 4137 2552 4189 vela
2588 4137 2860 4204 provincia
2893 4138 2944 4190 in
2978 4140 3332 4205 provinciam,
3372 4155 3466 4207 per
3490 4156 3578 4190 ur-

2013 4227 2310 4294 rogantiam
2375 4228 2454 4280 vel
2509 4227 2789 4280 avaritiam
2819 4237 3073 4283 transeat.
3123 4229 3178 4282 Si
3238 4239 3418 4283 autem
3465 4246 3573 4283 non

2011 4315 2107 4368 ttat
2135 4325 2354 4383 propter
2381 4331 2498 4370 eam
2531 4331 2778 4380 causam,
2827 4317 2920 4370 sed
2954 4325 3170 4385 propter
3213 4317 3415 4386 aliquot
3458 4318 3572 4371 die-

2011 4423 2128 4460 rum
2159 4409 2417 4478 quietem,
2449 4409 2530 4462 vel
2558 4408 2789 4478 aliquam
2814 4410 2969 4464 aliam
2998 4410 3193 4480 justam
3224 4425 3437 4464 causam
3463 4427 3476 4474 ;
3505 4423 3572 4463 ne

2011 4499 2144 4568 ipse,
2192 4514 2310 4553 cum
2367 4501 2436 4554 sit
2496 4501 2705 4566 doctus,
2737 4502 2960 4556 insultet
3032 4503 3266 4572 regionis
3316 4503 3572 4570 episcopo

345 4578 676 4639 ἐπισκόπου,
707 4578 952 4649 ἀμαθοῦς
987 4581 1115 4645 ἴσως
1145 4585 1523 4653 τυγχάνοντοςο
1569 4588 1704 4658 μηδέ
1739 4591 1906 4646 αὐτὸν

2019 4590 2099 4656 qui
2142 4590 2276 4643 forte
2316 4592 2399 4644 est
2428 4591 2675 4646 indoctus
2701 4633 2716 4655 ,
2763 4608 2860 4646 nec
2891 4593 3003 4662 ipse
3050 4593 3260 4647 laudem
3298 4594 3569 4646 desideret

344 4667 448 4736 μέν
499 4669 756 4737 ἐφίεσθαι
793 4672 1085 4742 ἐγκωμίων
1133 4675 1223 4728 διὰ
1255 4676 1604 4745 δογματικῶν
1650 4679 1903 4736 διδασκα-

339 4759 471 4814 λιῶν
534 4762 712 4831 (τοῦτο
770 4764 879 4832 γάρ
919 4767 1067 4818 ἐστιν
1111 4767 1145 4835 ἡ
1193 4768 1475 4837 θρησκεία,
1542 4772 1818 4825 τουτέστιν
1867 4778 1900 4846 ὴ

341 4851 568 4922 λατρεία
599 4855 755 4925 καὶὴ
799 4855 1029 4925 πίστις),
1067 4855 1161 4909 τοῦ
1206 4858 1262 4910 δὲ
1293 4858 1559 4928 ἐγχωρίου
1598 4862 1900 4917 ἐπισκόπου

340 4947 727 5012 καταφρονεῖν,
762 4946 836 5008 ὡς
863 4948 1162 5017 ἐμπειρίαν
1189 4948 1530 5019 δογματικῆς
1551 4950 1903 5019 διδασκαλίας

345 5033 420 5100 μὴ
458 5034 695 5104 ἔχοντος,
732 5035 866 5089 ἀλλά
890 5038 1185 5106 ἡσυχάζειν
1216 5039 1310 5091 καὶ
1340 5039 1484 5108 ἔχειν
1513 5039 1613 5110 τὴν
1639 5041 1903 5108 ἀνάλογον

337 5125 503 5194 τιμὴν
534 5127 673 5195 πρὸς
709 5127 799 5180 τὸν
831 5125 1094 5197 ἐγχώριον
1122 5130 1445 5184 ἐπίσκοπον.
1482 5131 1557 5185 Τὸ
1600 5133 1713 5202 γὰρ
1743 5133 1896 5203 παρά

336 5217 512 5270 ταῦτα
543 5220 848 5286 γινόμενον,
904 5226 1087 5288 φασιν,
1136 5224 1426 5292 παραίτιόν
1486 5225 1601 5277 ἐστι
1654 5226 1901 5295 ταραχῆς

340 5309 541 5378 πολλῆς
591 5312 686 5362 καὶ
731 5314 936 5382 ὑποψία
989 5315 1084 5368 τοῦ
1134 5316 1458 5381 σπουδάζειν
1515 5317 1606 5369 τὸν
1661 5317 1900 5372 τοιοῦτον

337 5401 661 5454 καταλιπεῖν
683 5403 781 5470 τὴν
818 5403 1092 5472 λαχοῦσαν
1126 5407 1310 5470 αὐτὸν,
1341 5407 1434 5459 καὶ
1473 5406 1896 5476 σφετερίσασθαι

335 5494 436 5561 τὴν
467 5493 644 5562 ἑτέρῳ
679 5495 988 5563 ἀνήκουσαν
1019 5499 1336 5567 ἐκκλησίαν.
1368 5500 1467 5553 Διά
1495 5516 1576 5551 τοι
1605 5499 1783 5562 τοῦτο,
1821 5498 1896 5568 μὴ

335 5583 566 5635 ἀνεκτὸν
606 5584 939 5654 ἡγησάμενοι
971 5587 1063 5637 ἐπὶ
1091 5589 1258 5641 πολὺν
1286 5590 1476 5659 χρόνον
1518 5589 1726 5655 διάγειν
1775 5588 1898 5641 ἐπί-

337 5688 536 5725 σκοπον
587 5675 671 5736 είς
722 5675 1009 5746 ἀλλοτρίαν
1045 5679 1276 5745 ἐνορίαν,
1309 5681 1592 5751 ἐπήγαγον
1638 5682 1732 5743 ὡς,
1774 5681 1894 5733 ἐπεὶ

334 5761 396 5814 τὺ
424 5762 499 5833 μὴ
525 5764 888 5836 ὑποδέχεσθαι
913 5770 1036 5833 τοὺς
1080 5772 1376 5841 ἐγχωρίους
1425 5774 1756 5836 ἐπισκόπους
1795 5774 1893 5845 ἀρ.

337 5856 540 5924 χιερεῖς
563 5856 769 5927 ἐτέρων
793 5861 1016 5929 ἐνοριῶν
1038 5863 1399 5932 ἀφιλάδελφόν
1445 5866 1556 5919 ἐστι
1586 5866 1678 5919 καὶ
1717 5865 1892 5920 ἀπάν-

2010 4692 2106 4745 per
2148 4679 2479 4746 dogmaticas
2520 4681 2787 4736 doctrinas
2821 4682 2894 4748 (id
2945 4683 3086 4736 enim
3136 4691 3217 4736 est
3260 4683 3466 4749 religio,
3509 4682 3561 4735 id

2006 4775 2111 4826 est,
2143 4768 2316 4821 cultus
2339 4780 2392 4822 et
2417 4769 2592 4837 fides),
2621 4770 2858 4838 regionis
2881 4778 3056 4824 autem
3093 4771 3400 4838 episcopum
3432 4786 3567 4824 con-

2009 4866 2232 4920 temnat,
2256 4868 2318 4912 ut
2366 4859 2456 4929 qui
2514 4861 2827 4928 dogmaticze
2868 4861 3125 4914 doctrinae
3173 4862 3560 4930 experientiam

2006 4966 2111 5004 non
2136 4949 2373 5006 habeat:
2420 4953 2512 5007 sed
2569 4953 2855 5022 quiescat,
2915 4964 2969 5007 et
3023 4955 3260 5022 regionis
3310 4955 3564 5022 episcopo

2004 5044 2408 5098 convenientem
2455 5045 2712 5098 honorem
2779 5044 2992 5099 habeat.
3046 5044 3198 5110 Quod
3261 5048 3425 5107 enim,
3484 5048 3565 5098 iu-

2004 5136 2218 5205 quiunt,
2271 5146 2464 5203 praeter
2500 5138 2603 5189 hoc
2651 5137 2739 5199 fit,
2795 5137 2977 5190 multa:
3018 5146 3097 5191 est
3137 5139 3559 5207 perturbationis

2002 5243 2186 5289 causa,
2233 5237 2286 5281 et
2340 5227 2596 5294 suspicio,
2631 5227 2770 5296 quod
2799 5228 2844 5282 is
2875 5228 3086 5282 studeat
3130 5229 3438 5297 relinquere
3467 5245 3561 5282 ec-

2003 5319 2219 5373 clesiam
2250 5334 2368 5387 quae
2396 5319 2543 5373 illum
2570 5319 2757 5372 sortita
2792 5328 2893 5383 est,
2925 5329 2979 5374 et
3011 5336 3152 5383 eam,
3187 5336 3303 5387 (ιιιιε
3328 5321 3392 5372 ad
3424 5321 3559 5372 alte-

2001 5424 2120 5462 rum
2164 5410 2414 5476 pertinet.
2456 5409 2557 5462 sibi
2594 5410 2888 5464 vindicare.
2928 5411 2990 5463 Et
3025 5423 3303 5479 propterea
3340 5427 3442 5463 non
3481 5421 3560 5464 to-

2001 5498 2278 5553 lerandum
2323 5514 2442 5554 esse
2482 5500 2625 5562 rati,
2675 5508 2734 5554 ut
2779 5501 3062 5568 episcopus
3105 5503 3261 5569 longo
3317 5512 3557 5569 tempore

1998 5600 2250 5645 versetur,
2301 5591 2354 5645 in
2404 5592 2578 5646 aliena
2635 5593 2854 5648 dioecesi
2883 5635 2897 5657 ,
2942 5594 3366 5659 subiunxerunt,
3411 5594 3550 5657 quod

1997 5681 2120 5748 quia
2176 5693 2320 5736 esset
2375 5683 2721 5737 inhumanum
2781 5695 2834 5738 et
2886 5701 2913 5736 a
2966 5682 3203 5736 fraterna
3270 5685 3554 5740 dilectione

1995 5773 2252 5838 alienum,
2277 5774 2320 5828 si
2353 5776 2586 5842 regiOnis
2618 5776 2850 5843 episcopi
2883 5775 3107 5828 aliarum
3132 5776 3435 5831 dia-ceseon
3458 5793 3553 5830 an—

1999 5866 2194 5923 tistites
2215 5883 2317 5923 non
2352 5869 2691 5925 admitterent
2721 5888 2734 5923 :
2769 5883 2972 5924 canone
2993 5875 3169 5934 autem
3192 5877 3410 5926 cautum
3445 5883 3548 5938 est,
