3982 6494
288 422 420 490 1469

1399 434 1479 493 1N
1517 431 1680 502 CAN.
1724 429 1842 498 XII
1885 438 2090 507 CONC.
2135 437 2428 508 SARDIC.

3375 456 3511 522 1470

311 557 322 564 ·
365 555 386 589 ι
423 553 551 602 που,
584 537 678 592 τοῦ
709 537 1228 610 προσκαλεσαμένου
1270 542 1479 601 ἰδιώτου
1530 546 1833 614 τυγχάνον-

2024 571 2043 603 (
2074 557 2304 609 accersit
2357 557 2429 611 sit
2487 558 2783 627 imperitus,
2820 576 2884 617 ne
2910 562 3069 617 nimis
3099 563 3314 622 assidue
3370 585 3503 623 con-

351 646 378 682 ν
413 646 525 693 τος,
564 630 640 700 μὴ
670 631 1060 703 συνεχέστερον
1088 633 1460 705 δημηγοροίηο
1498 639 1690 705 μῶμος
1735 638 1842 707 γὰρ

353 740 378 776 τ
429 722 587 776 τοῦτο
616 722 709 776 τοῦ
738 724 973 788 ἰδιώτου,
1005 728 1100 779 καὶ
1154 728 1420 796 μνηστεία
1459 729 1560 796 τῆς
1610 729 1839 783 ἐπισκο-

285 833 292 840 ε
331 829 380 863 ἰ
417 813 526 882 πῆς
557 813 811 867 ἐκείνου·
852 819 945 868 καὶ
988 817 1276 887 ἀμφότερα
1318 819 1420 871 οὐκ
1478 806 1775 890 ἀμώμητα.
1817 839 1834 871 ν

280 902 498 956 ΔΡΙΣΤ.
565 922 588 954 ι
661 903 934 974 Ἀνάγκης
983 906 1106 976 δίχα
1161 907 1421 977 βραχείας
1471 901 1730 979 δυσχερὲς
1780 910 1841 963 τὸ

359 1007 381 1046 ι
423 995 516 1046 ἐπὶ
544 995 798 1050 πλεῖστον
824 997 914 1051 τὸν
940 1000 1242 1053 ἐπίσκοπον
1263 1003 1367 1073 τῆς
1392 1003 1604 1062 οίκείας
1644 1003 1841 1074 ἐκκληέ
1900 992 1916 1059 ί

273 1136 280 1142 ,
359 1106 376 1138 ι
423 1087 548 1148 σίας
578 1088 1082 1157 ἀπολιμπάνεσθαι.
1127 1103 1146 1144 9

350 1179 415 1231 Εἴ
444 1195 530 1241 τις
552 1179 662 1233 τῶν
709 1183 1022 1236 ἐπισκόπων
1090 1184 1170 1246 είς
1226 1185 1419 1254 ἑτέραν
1457 1185 1838 1254 παραγένηται

278 1268 449 1334 πόλιν,
471 1271 623 1340 παρά
645 1271 738 1324 τοῦ
761 1275 902 1326 κατὰ
919 1275 1102 1344 χώραν
1125 1275 1493 1344 προσκληθεὶς
1512 1271 1835 1342 ἐπισκόπου,

277 1362 372 1413 καὶ
395 1362 423 1414 ό
455 1365 976 1432 προσκαλεσάμενος
1000 1364 1166 1416 αὑτὸν
1187 1364 1287 1417 οὐκ
1324 1365 1440 1417 ἐστι
1473 1365 1836 1427 διδασκαλίας

277 1453 538 1524 ἔμπειρος
566 1473 582 1487 ·
641 1456 715 1525 μὴ
763 1457 1064 1510 διδασκέτω
1126 1458 1515 1527 συνεχέστερον
1561 1459 1653 1511 τὸν
1685 1458 1834 1522 λαὸν,

277 1544 369 1593 καὶ
405 1541 750 1612 δημηγορίας
775 1545 1020 1599 ποιείτω.
1053 1544 1224 1600 Τοῦτο
1253 1546 1364 1615 γάρ
1393 1545 1640 1617 ταραχάς
1673 1546 1834 1600 εἴωθε

275 1633 586 1702 προξενεῖν,
621 1634 714 1688 καὶ
750 1637 1154 1707 καταφρόνησιν
1193 1641 1444 1707 ἐμποιεῖν
1480 1637 1559 1709 τῷ
1586 1654 1834 1711 προσκα-

273 1723 492 1780 λέσαντι
527 1726 691 1779 αὐτὸν
726 1727 1033 1797 ἐπισκόπφ.
1066 1729 1306 1782 Δοκεῖδέ
1333 1729 1429 1783 καὶ
1457 1730 1545 1783 διὰ
1591 1731 1688 1797 τῆς
1718 1727 1837 1784 ἐπι-

273 1817 491 1881 δείξεως
521 1817 726 1888 ταύτης
753 1820 853 1889 τὴν
887 1820 1172 1892 ἀλλοτρίαν
1201 1823 1714 1894 προμνηστεύεσθαι
1741 1827 1834 1878 ἐκ·

273 1909 527 1972 κλησίαν,
563 1912 656 1964 καὶ
681 1913 769 1963 τὸν
801 1911 927 1964 λαὸν
956 1913 1036 1975 είς
1059 1912 1252 1967 ἐαυτὸν
1279 1913 1482 1976 ἕλκειν,
1525 1916 1618 1968 καὶ
1667 1929 1835 1969 σπουι

270 1999 450 2062 δάζειν
470 1993 1151 2072 τὴνιιὶύτῷ-παραδοθεῖσαν
1169 2005 1468 2075 ἐκκλησίαν
1486 2008 1830 2074 καταλιπεῖν,

274 2091 367 2144 καὶ
402 2093 483 2154 εἰς
504 2095 708 2163 ταύτην
743 2095 1131 2164 μετατεθῆναι,
1155 2096 1346 2167 Ὠρισε
1377 2097 1510 2165 γοῦν
1543 2099 1628 2152 διὰ
1657 2099 1828 2152 ταῦτα

272 2186 303 2252 ἡ
343 2184 475 2251 ἁγία.
539 2185 757 2250 σύνοδος
822 2189 1107 2258 μὴ-π).έον
1155 2189 1322 2259 τριῶν
1373 2189 1711 2260 ἑϐδομάδων·
1743 2192 1835 2245 τὸν

273 2275 676 2346 προσδεχθέντα
703 2279 1003 2333 ἐπίσκοπον
1031 2281 1128 2350 τῆς
1150 2281 1347 2334 ἑαυτοῦ
1375 2283 1670 2350 ἐκκλησίας
1694 2283 1834 2336 ἀπο-

269 2364 674 2432 λιμπάνεσθαιο
703 2368 820 2420 ἀλλ’
873 2372 953 2434 είς
982 2369 1074 2423 τὸν
1121 2372 1634 2443 ἐμπεπιστευμένον
1680 2374 1833 2444 αὐτῷ

2025 660 2044 692 ι
2083 644 2346 710 cionetur,
2380 649 2479 701 hoc
2505 651 2646 703 enim
2690 653 2942 722 imperito
2975 654 3217 709 dedecori
3243 657 3352 710 erit
3379 697 3394 722 ,
3449 669 3502 711 et

2025 751 2042 782 ι
2083 735 2219 789 alter
2273 738 2640 808 episcopatum
2697 743 2811 810 ejus
2846 745 3053 798 ambire
3114 747 3402 802 videbitur.
3437 748 3502 803 Et

2024 839 2044 872 ι
2078 826 2361 892 utrumque
2408 829 2962 896 reprehendeudnnm

1939 903 2166 970 ARIST.
2213 936 2231 968 ι
2265 915 2392 973 Sine
2418 923 2568 984 gravi
2601 928 2916 980 necessitate
2967 929 3275 997 episcOpum
3329 945 3358 982 a
3403 945 3498 982 sua

2117 1024 2135 1056 ι
2170 997 2367 1062 diutius
2409 1011 2600 1066 abesse
2643 1013 2876 1069 Ecclesia
2908 1020 3130 1073 arduum
3166 1030 3268 1074 est.
3298 1037 3317 1069 ι

2013 1169 2070 1234 Si
2103 1183 2223 1250 quis
2248 1185 2534 1255 cpiscopus
2587 1178 2652 1243 ad
2709 1192 2866 1246 aliam
2932 1197 3154 1250 accedat
3203 1197 3498 1256 civitatem.

1938 1271 2006 1327 ab
2033 1275 2151 1344 ipso
2187 1277 2418 1345 regionis
2441 1282 2693 1350 episcopo
2722 1300 2964 1351 vocatus,
2982 1301 3029 1340 et
3050 1291 3137 1356 qui
3159 1307 3275 1343 eum
3297 1292 3499 1343 vocavit

1938 1383 2044 1422 non
2074 1378 2156 1422 est
2181 1371 2421 1425 doctrina
2454 1374 2774 1444 instructus,
2845 1398 2908 1434 ne
2967 1382 3280 1449 frequenter
3331 1399 3500 1451 popu-

1934 1459 2043 1514 lum
2075 1461 2284 1530 doccat,
2316 1475 2368 1518 et
2401 1470 2688 1522 conciones
2721 1472 2898 1525 faciat.
2959 1474 3070 1528 Hoc
3099 1463 3241 1530 cnim
3296 1476 3498 1528 tumul-

1936 1559 2022 1607 tus
2062 1553 2306 1608 excitare
2335 1555 2493 1622 solet,
2547 1569 2602 1612 et
2652 1562 2905 1630 epismpu
2945 1566 3036 1632 qui
3084 1583 3203 1618 eum
3267 1567 3496 1628 meavit,

1936 1653 2312 1714 contemptum
2345 1647 2560 1704 afferre.
2595 1639 2820 1706 Videtur
2855 1662 3055 1707 ‘autem
3090 1666 3143 1708 et
3195 1673 3288 1722 per
3315 1668 3499 1710 osten-

1935 1735 2193 1790 tationem
2221 1738 2376 1792 istam
2402 1739 2630 1796 alienam
2674 1745 2881 1798 ambire
2916 1745 3214 1800 Ecclesiam
3247 1758 3301 1800 et
3330 1763 3495 1813 popu-

1934 1824 2043 1879 lum
2066 1827 2134 1882 ad
2160 1841 2218 1883 se
2248 1832 2540 1899 attrahere,
2572 1845 2624 1888 et
2672 1839 2891 1891 studere
2955 1839 3054 1892 sibi
3111 1840 3361 1891 traditam
3402 1838 3501 1890 Er-

1940 1917 2157 1974 clcsiam
2181 1925 2506 1994 relinquere,
2534 1939 2586 1983 et
2618 1930 2669 1982 in
2703 1946 2824 1985 eam
2849 1931 3158 1984 transferri.
3199 1931 3489 1998 Propterea

1943 2011 2380 2082 ltaqucidecrevit
2411 2033 2594 2074 sancta
2628 2024 2862 2091 synodus
2881 2023 3185 2092 episcopum
3206 2024 3494 2076 admissum

1939 2116 2045 2153 non
2063 2098 2342 2172 plusquam
2361 2117 2471 2162 tres
2488 2111 2812 2178 septimanos
2830 2129 2980 2165 suam
3005 2114 3307 2180 relinquere
3325 2114 3498 2166 cccle-

1933 2196 2096 2262 siam,
2127 2200 2217 2253 sed
2253 2201 2318 2254 ad
2347 2205 2595 2270 pupulum
2627 2207 2725 2258 sibi
2761 2208 3126 2261 concreditum
3161 2209 3354 2266 redire.
3396 2208 3493 2260 nisi

1933 2288 2164 2345 fortasse
2187 2296 2502 2361 gravissima
2533 2299 2713 2366 aliqua
2766 2302 3078 2362 necessitas,
3106 2311 3196 2352 aut
3224 2301 3493 2368 negotium

1933 2379 2148 2448 aliquod
2175 2384 2387 2440 difﬁcile
2418 2403 2538 2442 eum
2573 2389 2784 2457 longius
2813 2392 2997 2444 abesse
3040 2403 3217 2455 cogat.

269 2457 398 2511 λαδν
437 2460 822 2530 ὑποστρέφειν,
871 2465 920 2517 εί
953 2465 1027 2535 μή
1079 2464 1181 2518 πού
1220 2475 1306 2528 τις
1335 2465 1496 2520 αὐτὸν
1531 2467 1808 2538 βαρυτάτη
1844 2469 2063 2543 ἀνάγκη
2093 2474 2126 2545 ἢ
2161 2478 2392 2549 πρᾶγμά
2423 2498 2474 2532 τι
2543 2480 2802 2552 δυσχερὲς
2859 2484 2950 2534 καὶ
3003 2483 3092 2534 ἐπὶ
3142 2483 3305 2534 πλέον
3366 2485 3496 2536 ἀπο-

268 2553 635 2623 λιμπάνεσθαι
657 2559 919 2614 ἐκὸιάσοι.

859 2654 1098 2707 ΚΛΝΩΝ
1144 2653 1244 2711 1Β’.

277 2757 299 2792 ι
350 2741 505 2806 Τινὲς
529 2743 637 2796 τῶν
661 2744 906 2812 ἀδελφῶν
932 2747 1025 2798 καὶ
1062 2746 1480 2800 συνεπισκόπων
1509 2748 1566 2800 ἐν
1595 2749 1713 2812 ταῖς
1735 2746 1833 2800 πόα·

351 2852 370 2884 ι
413 2834 582 2898 λεσιν,
616 2837 673 2887 ἐν
728 2832 818 2898 αἷς
871 2838 1162 2891 ἐπίσκοποι
1203 2839 1577 2902 καθίστανται,
1613 2838 1831 2892 δοκοῦσι

352 2941 371 2974 ι
419 2925 717 2995 κεκτῆσθαι
774 2927 979 2998 σφόδρα
1035 2928 1193 2995 ὀλίγα
1243 2928 1562 2998 ὑπάρχοντα
1613 2927 1740 2994 ἴδια,
1770 2930 1828 2983 ἐν

351 3033 369 3066 ι
416 3015 626 3086 ἐτέροις
657 3018 715 3070 δὲ
747 3021 936 3082 τόποις
966 3021 1192 3089 κτήσεις
1226 3021 1486 3088 μεγάλας,
1535 3021 1596 3085 ἐξ
1625 3017 1701 3075 ὧν
1734 3023 1828 3076 καὶ

359 3125 378 3156 ι
418 3106 737 3178 ἐπικουρεῖν
768 3109 984 3162 δυνατοί
1009 3111 1116 3163 είσι
1140 3115 1252 3172 τοῖς
1277 3112 1473 3180 πένησι
1493 3129 1507 3144 ο
1531 3112 1706 3175 οὕτως
1730 3115 1827 3167 a23-

349 3221 368 3254 ι
413 3203 524 3265 τοῖς
561 3203 946 3274 συγχωρητέον
975 3198 1114 3256 εῖναι
1146 3203 1338 3273 κρίνω,
1369 3177 1474 3268 ἵνα,
1502 3205 1552 3257 εί
1589 3204 1830 3274 μέλλοιεν
1859 3177 1904 3236 c

360 3312 377 3345 ι
421 3296 502 3354 εἰς
527 3293 626 3356 τὰς
651 3294 859 3347 ἑαυτῶν
906 3293 1302 3364 παραγίνεσθαι
1338 3297 1580 3363 κτήσεις,
1615 3298 1710 3349 καὶ
1737 3295 1832 3368 τὴν

351 3408 369 3439 ι
426 3388 762 3457 συγκομιδὴν
806 3388 914 3442 τῶν
943 3390 1176 3458 καρπῶν
1209 3390 1484 3452 ποεῖσθαι,
1519 3392 1668 3458 τρεῖς
1717 3391 1833 3443 Κυ-

348 3504 366 3534 ι
392 3465 608 3550 ’ριακάς
642 3484 880 3554 ἡμέρας,
913 3483 1059 3537 τοῦτ’
1100 3483 1216 3536 ἐστι
1247 3485 1398 3554 τρεῖς
1424 3483 1746 3555 ἑϐδομάδας,
1774 3483 1835 3538 ἐν

347 3593 366 3624 ι
415 3578 527 3638 τοῖς
555 3575 764 3628 ἑαυτῶν
785 3575 1060 3644 κτήμασιν
1085 3576 1281 3637 αὐτοὺς
1306 3576 1533 3644 διάγειν,
1568 3579 1662 3629 καὶ
1687 3576 1744 3628 ἐν
1764 3575 1831 3647 τῇ

363 3686 380 3716 ι
429 3665 828 3737 ἀγχιστευούσῃ
860 3666 1147 3737 ἐκκλησίᾳ,
1167 3668 1223 3719 ἐν
1299 3666 1670 3738 πρεσϐύτερος
1702 3684 1832 3720 συν-

281 3765 292 3780 "
356 3776 373 3806 ι
428 3769 573 3824 αγει,
615 3757 753 3826 ὑπὲρ
781 3756 873 3810 τοῦ
908 3758 982 3826 μὴ
1025 3757 1196 3826 χωρὶς
1231 3754 1604 3818 συνελεύσεως
1668 3755 1832 3808 αὐτὴν

355 3871 371 3899 ι
427 3849 608 3901 δοκεῖν
635 3848 797 3906 εἶναι,
831 3847 1191 3917 συνέρχεσθαι
1223 3849 1320 3900 καὶ
1370 3848 1706 3916 λειτουργεῖν
1738 3847 1833 3899 καὶ

344 3957 363 3990 ι
425 3939 498 4007 μὴ
535 3938 920 4007 συνεχέστερον
951 3939 1030 4000 είς
1057 3937 1155 4007 τὴν
1184 3939 1361 4002 πόλιν,
1395 3939 1451 3990 ἐν
1542 3940 1688 3992 ἐστιν
1715 3938 1833 3991 ἐπί-

349 4052 367 4082 ι
417 4048 642 4093 σκοπος,
673 4032 1084 4098 παραγίγνοιτο.
1140 4030 1340 4084 Τοῦτον
1371 4031 1482 4101 γὰρ
1515 4032 1604 4084 τὸν
1634 4033 1832 4102 τρόπον

352 4143 368 4173 ι
422 4124 516 4176 καὶ
545 4124 612 4175 τὰ
639 4124 814 4175 οἰκεῖα
841 4122 1006 4175 αὐτοῦ
1033 4121 1518 4202 πράγματαιπαρὰ
1538 4123 1636 4191 τὴν
1669 4123 1830 4176 αὐτοῦ

353 4235 368 4265 ι
426 4215 694 4268 ἀπουσίαν
752 4214 1006 4283 οὐδεμίαν
1058 4215 1319 4283 ὑπομένει
1352 4214 1580 4283 ζημίαν,
1622 4215 1717 4266 καὶ
1771 4214 1833 4266 τὸ

347 4328 363 4355 ι
425 4308 524 4376 τῆς
557 4305 877 4368 ἀλαζονείας
905 4307 1000 4358 καὶ
1029 4307 1124 4359 τοῦ
1161 4306 1332 4374 τύφου
1384 4305 1655 4358 ἐκκλίνειν
1683 4305 1825 4370 δόξει

346 4419 365 4450 ι
405 4398 677 4466 ἔγκλημα.
718 4381 992 4457 Ἅπαντες
1021 4398 1070 4448 οἰ
1104 4397 1389 4449 ἐπίσκοποι
1426 4383 1579 4450 εἷπον
1605 4412 1617 4425 ⁸
1681 4395 1833 4466 Ἀρέ-

351 4507 368 4539 ι
422 4503 540 4540 σκει
571 4487 666 4538 καὶ
695 4481 834 4555 αὓτη
871 4487 902 4555 ἠ
939 4482 1292 4547 διατύπωσις.
1334 4503 1354 4537 ι

350 4579 545 4633 ΒΑΛΣ.
591 4578 649 4629 ’ὓ
677 4577 776 4646 μὲν
813 4584 884 4629 ια’
915 4573 1094 4630 κανὼν
1122 4577 1363 4630 διδάσκει
1406 4578 1536 4646 περὶ
1561 4576 1668 4630 τῶν
1697 4578 1834 4629 ἀπο-

273 4672 635 4741 δημησάντων
711 4671 1026 4724 ἐπισκόπων
1075 4670 1183 4722 ἀπὸ
1219 4669 1428 4732 ’πόλεως
1464 4672 1542 4732 είς
1597 4669 1833 4739 πόλιν,ἢ

277 4765 382 4816 ἀπὸ
415 4763 681 4833 ἐπαρχίας
713 4763 790 4825 είς
821 4761 1087 4832 ἐπαρχίαν
1111 4776 1125 4790 ⁶
1149 4763 1176 4815 ό
1205 4761 1262 4814 δὲ
1295 4762 1483 4833 παρὼν
1512 4763 1694 4815 κανὼν
1725 4761 1834 4814 διο-

283 4855 493 4926 ρίζεται
525 4856 651 4917 τοὺς
692 4856 1046 4918 ἐπισκόπους,
1094 4857 1220 4916 τοὺς
1270 4854 1495 4924 ἔχοντας
1545 4857 1835 4924 ἀκινήτους

282 4947 518 5015 μεγάλας
546 4949 768 5015 κτήσεις
804 4949 884 5010 εἰς
923 4947 1209 5016 ἀλλοτρίας
1239 4948 1474 5016 ἐνορίας,
1508 4949 1833 5018 άπαρεμπο-

211 5043 220 5052 ’
277 5039 472 5102 δίστως
502 5041 581 5102 εἰς
603 5039 807 5101 ταύτας
844 5040 1181 5109 ἀπέρχεσθαι
1215 5038 1303 5092 διά
1349 5039 1449 5110 τὴν
1495 5039 1834 5108 συγκομιδὴν

275 5130 387 5182 τῶν
420 5132 666 5200 καρπῶν,
704 5133 796 5184 καὶ
821 5131 963 5183 οὕτω
1013 5133 1378 5202 χειραγωγεῖν
1413 5132 1540 5195 τοὺς
1573 5131 1831 5201 πένητας.

279 5224 446 5292 Πλὴν,
485 5225 640 5294 φησὶ,
676 5227 768 5278 ἐπὶ
806 5226 903 5296 μὲν
932 5225 1080 5296 τρισὶΙ
1108 5221 1418 5294 Κυριακαῖς
1441 5224 1642 5292 ὀφείλει
1665 5225 1693 5276 ὁ
1721 5224 1836 5277 ἐπίο

278 5333 479 5377 σκοπος
507 5314 712 5381 διάγειν
741 5316 818 5376 είς
841 5316 907 5368 τά
937 5318 1113 5369 οἰκεῖα
1140 5316 1413 5383 κτήματα,
1447 5315 1539 5366 καὶ
1565 5315 1701 5384 μετὰ
1728 5315 1835 5367 τῶν

285 5407 565 5477 ἐγχωρίων
591 5405 803 5457 πιστῶν
827 5407 1210 5476 ἐκκλησιάζειν
1240 5408 1334 5457 καὶ
1379 5405 1832 5475 συλλειτουργεῖν,

286 5499 408 5568 Ιἢτοι
441 5494 794 5566 συνεύχεσθαι
839 5497 977 5566 μετὰ
1010 5497 1104 5548 τοῦ
1141 5497 1320 5550 ἐκεῖσε
1350 5494 1499 5559 ὄντος
1526 5495 1834 5565 πρεσϐυτέο

283 5610 399 5662 ρου,
422 5592 512 5644 ἵνα
547 5590 622 5660 μὴ
642 5590 768 5659 δοκῇ
799 5589 967 5657 χωρίς
998 5587 1360 5649 συνελεύσεως
1377 5585 1834 5657 ἐκκλησιαστικῆς

280 5683 439 5747 εἶναι,
469 5683 561 5736 καὶ
595 5680 960 5753 προσκρούειν
997 5680 1134 5749 πρὸς
1166 5681 1258 5733 τὸν
1309 5682 1567 5750 ἀνωτέρω
1611 5677 1836 5748 εἰρημέ-

280 5765 600 5829 νον³κανόνα
630 5775 721 5827 τὸν
747 5772 1071 5843 ἀφορίζοντα
1093 5772 1219 5836 τοὺς
1247 5772 1340 5826 ἐπὶ
1367 5775 1513 5842 τρεῖς
1539 5771 1835 5842 ἑϐδομάδας

281 5866 356 5937 μὴ
409 5868 683 5930 συνιόντας
735 5868 811 5929 εἰς
854 5863 1167 5935 ἐκκλησίαν,
1213 5860 1370 5918 Μετὰ
1416 5865 1471 5918 δέ
1515 5863 1612 5927 τὰς
1672 5863 1820 5934 τρεῖς

2522 2663 2751 2718 CANON
2820 2664 2934 2718 ΧΗ.

1941 2768 1960 2802 ‹
1997 2745 2222 2818 Quidam
2257 2752 2455 2808 fratres
2476 2760 2533 2808 ‘et
2591 2757 2890 2823 coepiscopi
2948 2756 2997 2808 in
3049 2756 3382 2815 civitatibus.
3441 2756 3491 2807 in

2011 2860 2031 2895 ι
2073 2843 2262 2910 quibus
2316 2845 2550 2913 episc0pi
2604 2847 3022 2910 constituuntur,
3059 2847 3306 2898 videntur
3343 2847 3494 2899 valde

2011 2950 2030 2983 ι
2065 2929 2239 3003 pauca
2265 2975 2280 2996 .
2313 2950 2433 3004 quae
2464 2935 2561 2989 sibi
2611 2935 2719 2988 siut
2774 2936 3015 3002 propria,
3073 2936 3384 3003 possidere;
3439 2936 3491 2986 in

2013 3044 2033 3078 ι
2063 3026 2181 3080 aliis
2222 3034 2400 3081 autem
2436 3026 2566 3080 locis
2593 3042 2813 3094 magnas
2838 3028 3228 3093 poSSessioues,
3259 3041 3322 3078 ex
3369 3025 3491 3093 qui-

2012 3140 2031 3174 ι
2073 3121 2172 3176 bus
2235 3121 2394 3175 etiam
2446 3128 2674 3189 possunt
2723 3135 2876 3186 opem
2937 3118 3075 3172 ferre
3133 3118 3489 3184 pauperibus;

2014 3232 2032 3266 ι
2065 3214 2130 3268 iis
2171 3214 2240 3267 ita
2270 3226 2389 3266 esse
2412 3212 2813 3265 concedendum
2847 3211 3052 3280 judico,
3080 3211 3200 3262 utsi
3257 3210 3308 3260 in
3367 3224 3491 3260 suas

2011 3325 2031 3360 ι
2066 3308 2437 3377 possessiones
2482 3304 2693 3358 venturi
2727 3304 2854 3366 sint,
2888 3315 2939 3355 et
2964 3303 3169 3354 fructus
3204 3316 3331 3354 suos
3380 3299 3494 3351 col-

2009 3419 2029 3452 ι
2063 3399 2282 3461 lecturi,
2331 3399 2502 3452 tribus
2531 3396 2722 3450 diebus
2760 3393 3071 3456 Dominicis,
3109 3394 3159 3447 id
3191 3404 3295 3454 est,
3325 3394 3500 3445 tribus

2009 3510 2028 3544 ι
2073 3491 2423 3560 septimanis,
2479 3489 2530 3542 in
2592 3488 2704 3542 suis
2767 3485 3194 3557 possessionibus
3259 3485 3491 3550 degant;

2009 3605 2027 3637 ι
2070 3593 2124 3638 et
2151 3584 2202 3637 in
2240 3583 2470 3637 ecclesia
2515 3596 2632 3649 quae
2677 3595 2841 3648 prope
2862 3579 3040 3642 est,iu
3077 3593 3179 3645 qua
3216 3578 3496 3644 presbyter

2011 3697 2029 3732 ι
2061 3677 2310 3745 papulum
2364 3683 2673 3744 congregat,
2707 3689 2772 3726 ne
2806 3688 2832 3724 ει
2870 3672 3246 3726 communione
3278 3669 3491 3721 alienus

2017 3786 2034 3819 ι
2072 3766 2319 3820 videatur
2372 3760 2698 3834 (episcopus)
2731 3761 3038 3822 conveniat,
3067 3770 3119 3813 et
3169 3757 3509 3812 sacrificium

2009 3878 2026 3910 ι
2063 3857 2298 3929 celebret
2323 3896 2340 3920 ,
2367 3864 2502 3910 etne
2528 3855 2861 3924 frequentius
2901 3854 2950 3905 in
2984 3854 3226 3914 civitate,
3278 3851 3330 3904 in
3380 3865 3484 3915 qua

2009 3971 2040 4001 ι-
2078 3959 2156 4003 est
2180 3949 2485 4016 episcopus,
2518 3947 2679 4001 adsit.
2715 3946 2791 3998 Eo
2813 3945 2953 3998 enim
2985 3945 3158 4005 modo,
3190 3951 3246 3995 et
3277 3957 3360 3993 res
3379 3941 3496 4005 ejus

2009 4051 2271 4110 «propter
2299 4041 2464 4108 ipsius
2509 4039 2804 4092 absentiam
2856 4037 2985 4089 nihil
3051 4034 3351 4087 detrimenti
3404 4049 3504 4098 pa-

2009 4151 2028 4184 ι
2062 4132 2278 4194 lieulur,
2306 4139 2356 4184 et
2408 4128 2724 4195 arrogantia:
2760 4141 2821 4180 ac
2845 4124 3109 4192 superbiae
3145 4123 3346 4176 crimen
3366 4121 3513 4173 effu-
3577 4183 3596 4194 ο

2009 4241 2026 4274 ι
2058 4237 2184 4292 gere
2226 4220 2515 4275 videbitur.
2547 4217 2744 4273 Omnes
2773 4216 3008 4284 episcopi
3039 4215 3290 4267 dixerunt
3336 4211 3508 4265 τρια--

2011 4334 2031 4368 ι
2055 4325 2140 4371 cet
2169 4315 2280 4369 haec
2307 4326 2520 4382 quoque
2549 4308 2879 4366 constitutio.
2910 4327 2930 4358 ›

1928 4604 1931 4609 ε
2015 4574 2209 4634 BALS.
2277 4570 2600 4628 Undecimus
2642 4587 2812 4628 canon
2873 4571 3027 4624 docet
3079 4568 3144 4624 de
3194 4567 3488 4637 episcopis,

1907 4673 2026 4742 ‘qui
2054 4687 2084 4726 a
2134 4662 2352 4726 civitate.
2393 4668 2446 4720 in
2493 4667 2766 4720 civitatem
2799 4675 3020 4731 peregre
3047 4661 3495 4729 proficiscuntur,

1935 4765 2018 4819 vel
2045 4780 2071 4815 a
2101 4759 2375 4832 provincia
2405 4755 2458 4811 in
2491 4753 2825 4826 provinciam
2854 4772 2866 4807 :
2906 4766 3142 4821 praesens
3192 4759 3368 4803 autem
3405 4764 3496 4801 ca-

1936 4873 2042 4912 non
2076 4853 2281 4915 statuit,
2309 4847 2652 4919 ut‘episcopi,
2687 4849 2774 4916 qui
2811 4861 3032 4913 magnas
3065 4844 3263 4897 habent
3300 4843 3494 4894 immo-

1934 4947 2072 5004 biles
2099 4943 2465 5014 possessiones
2485 4941 2535 4992 in
2572 4939 2773 4991 alienis
2805 4936 3137 5006 regionibus,
3173 4935 3226 4987 iu
3255 4949 3348 4988 eas
3382 4934 3502 4986 sine

1936 5033 2044 5098 ullo
2073 5034 2460 5104 impedimento
2513 5031 2927 5099 proﬁciscantur
2969 5029 3036 5082 ad
3077 5023 3286 5078 fructus
3342 5025 3494 5078 colli-

1934 5127 2156 5198 gendos,
2192 5135 2246 5180 et
2286 5125 2363 5177 sic
2407 5137 2668 5192 pauperes
2693 5127 3023 5173 sustenteut.
3074 5119 3340 5169 ueterum
3397 5116 3494 5166 tri-

1935 5221 2058 5300 pus,
2091 5218 2285 5286 inquit,
2315 5214 2607 5269 Dominicis
2645 5215 2801 5265 debet
2823 5216 3109 5280 episcopus
3132 5211 3182 5261 in
3210 5210 3323 5262 suis
3365 5222 3498 5275 pos-

1937 5294 2271 5368 sessionibus
2306 5321 2482 5374 agere.
2523 5315 2576 5357 et
2621 5319 2743 5359 cum
2772 5294 2915 5356 illius
2967 5301 3202 5369 regionis
3243 5299 3501 5351 ﬁdelibus.

1937 5404 1990 5457 in
2018 5401 2299 5456 ecclesiam
2329 5397 2637 5460 convenire,
2665 5405 2718 5449 et
2762 5411 2863 5448 una
2907 5394 3202 5456 celebrare,
3255 5405 3344 5443 seu
3387 5399 3495 5441 una

1937 5508 2094 5547 orare
2119 5506 2241 5545 cum
2292 5489 2602 5558 presbytero
2656 5488 2743 5552 qui
2804 5486 2910 5538 illic
2971 5495 3088 5549 est;
3152 5497 3216 5534 nc
3241 5481 3494 5532 videatur

1937 5583 2156 5639 esseab
2190 5581 2553 5635 ecclesiastica
2606 5580 2982 5632 communione
3034 5575 3265 5632 alienus,
3327 5583 3380 5625 et
3439 5572 3490 5623 in

1938 5691 2196 5732 canoncm
2218 5683 2379 5740 Supra
2425 5671 2663 5739 pusitum
2702 5667 2994 5730 oil‘endere,
3028 5667 3115 5734 qui
3148 5665 3362 5733 quidem
3396 5677 3494 5716 eos

1937 5777 2200 5839 segregat,
2258 5767 2347 5836 qui
2379 5765 2553 5818 tribus
2595 5763 2888 5818 Dominicis
2937 5761 2989 5813 in
3039 5759 3326 5813 ecclesiam
3383 5771 3488 5810 nou

1939 5861 2282 5928 conveniunt,
2313 5858 2576 5914 Caeterum
2602 5867 2717 5927 post
2740 5867 2848 5910 tres
2882 5847 3194 5908 Dominicos
3230 5865 3332 5908 non
3383 5849 3492 5904 frc-
