3982 6494
530 329 667 394 14η

529 446 1105 523 quentiusincivitate
1155 446 1381 510 versari,
1412 450 1466 501 in
1511 462 1615 518 qua
1654 456 1739 502 est
1775 450 2084 516 episcopus.

533 535 590 590 Si
646 540 811 603 enim,
848 537 1115 605 inquiunt,
1150 538 1251 592 hoc
1296 536 1382 590 ita
1448 536 1559 597 fiat.
1593 552 1691 592 nec
1749 536 1862 603 ipse
1912 538 1962 590 in
2001 537 2097 591 da-

530 644 715 683 mnum
750 629 1115 696 pecuniarium
1176 627 1393 691 incidet,
1441 644 1503 682 eo
1542 618 1681 698 qtiod
1728 629 1778 681 in
1812 628 1928 696 ejus
1962 644 2097 699 pra:-

531 721 701 773 sentia
736 719 941 773 fructus
967 718 1331 787 colligantur:
1365 734 1464 773 nec
1495 718 1730 789 regionis
1764 718 1925 789 500
1975 720 2092 788 epi-

530 825 726 878 sc0pus
754 825 876 863 eum
904 811 1224 878 arrogantiae
1252 810 1607 865 insimulabit.
1669 810 1792 864 ltec
1847 826 1968 864 cum
2016 811 2087 865 ita

530 915 589 955 se
614 902 865 968 habeant,
894 917 961 956 ne
1000 902 1204 955 dixeris
1234 918 1356 956 esse
1386 903 1751 957 necessarium
1821 904 2084 971 episcopo

531 992 622 1061 qui
674 1004 920 1047 versatur
976 994 1029 1048 in
1089 995 1520 1061 possessionibus
1583 1011 1701 1063 qum
1763 1005 1888 1049 sunt
1943 1005 2096 1050 extra

530 1098 686 1137 suam
710 1084 1020 1149 ecclesiam,
1058 1086 1168 1141 illic
1190 1088 1369 1143 tribus
1420 1086 1714 1142 Dominicis
1775 1088 1985 1150 sedere,
2043 1097 2098 1142 et

530 1192 637 1231 non
670 1177 927 1231 accedere
964 1177 1017 1231 in
1054 1179 1237 1231 urbem
1288 1179 1343 1234 in
1400 1195 1505 1249 qua
1569 1188 1651 1234 est
1701 1180 1817 1249 ejus
1855 1174 2093 1261 regionis

529 1269 845 1336 episcopus;
894 1268 989 1323 sed
1045 1271 1327 1325 consilium
1389 1282 1590 1326 tantum
1616 1272 1750 1333 dari,
1805 1283 1859 1325 ut
1897 1273 2096 1326 vitetur

531 1359 867 1411 scandalum.
896 1358 952 1413 Si
983 1364 1124 1412 enim
1148 1361 1281 1415 velit
1314 1354 1501 1428 postca
1537 1362 1590 1414 in
1643 1360 1913 1414 civitatem
1976 1377 2098 1429 pro—

530 1448 720 1513 ﬂCiSCi,
750 1460 803 1503 et
827 1465 948 1503 cum
1006 1451 1148 1506 illius
1183 1451 1418 1518 regionis
1466 1452 1720 1521 episcopo
1753 1451 2097 1505 familiariter

530 1541 789 1610 colloqui,
833 1551 885 1596 et
917 1542 970 1594 in
1006 1557 1133 1595 snas
1156 1542 1551 1596 ecclesiasticas
1612 1542 1980 1611 possessiones
2012 1558 2097 1597 re-

532 1631 671 1695 dire,
705 1648 810 1685 non
856 1616 1143 1686 vetabitur.
1186 1632 1279 1685 Est
1309 1632 1453 1685 enim
1508 1648 1702 1700 scopus
1736 1636 1988 1699 canonis,
2030 1649 2097 1688 ne

540 1722 685 1776 illius
719 1723 960 1793 regionis
992 1723 1278 1791 episcopus
1308 1724 1551 1778 turbetur
1582 1725 1648 1777 ab
1701 1725 1974 1792 episcopo,
2004 1725 2096 1795 qui

532 1814 673 1866 ultra
703 1831 810 1868 sum
839 1817 1086 1869 ditecesis
1124 1819 1255 1870 fines
1285 1818 1515 1879 accedit,
1547 1828 1599 1870 et
1624 1818 1691 1870 ab
1717 1818 1831 1885 ipso
1868 1820 2097 1873 fortasse

421 1964 427 1970 ,
534 1905 734 1974 injuria
765 1905 1044 1965 afﬁciatur.
1089 1906 1231 1976 Lege
1261 1918 1455 1975 etquae
1510 1908 1560 1961 in
1597 1924 1805 1963 canone
1866 1911 1929 1963 lii
1990 1912 2097 1977 pri-

535 2012 635 2050 tua:
664 2008 717 2049 et
750 1998 997 2051 secundae
1029 2000 1215 2067 synodi
1268 2016 1296 2052 a
1366 2000 1523 2053 nobis
1589 2002 1791 2069 scripta
1853 2011 1995 2055 sunt.
2031 2001 2097 2056 Et

534 2096 655 2139 uota
679 2089 819 2156 quod
856 2090 907 2142 iu
942 2092 1308 2143 immobilibus
1371 2092 1666 2144 alienarum
1744 2094 2095 2166 ecclesiarum

533 2179 968 2245 possessionibus
1002 2180 1145 2233 illius
1176 2182 1407 2249 regionis
1469 2184 1757 2252 episcopus
1808 2185 2096 2253 episcopa-

532 2269 603 2322 lia
652 2271 773 2339 jura
839 2281 1074 2325 exercet.
1143 2272 1216 2326 Ex
1267 2274 1418 2341 longa
1470 2284 1645 2329 autem
1710 2278 2097 2331 consuetudine

533 2378 672 2431 saepe
694 2365 1024 2432 synodaliter
1048 2368 1387 2429 confirmata,
1423 2368 1650 2421 thronus
1705 2368 2096 2422 Constantino-

536 2454 880 2522 politanusiu
918 2456 1158 2508 onmium
1212 2455 1564 2510 ecclesiarum
1634 2460 1946 2525 regionibus
2001 2461 2095 2512 dat

531 2545 620 2614 jus
641 2546 834 2613 figendi
880 2562 1119 2609 crucem,
1150 2558 1202 2600 et
1230 2563 1332 2600 non
1389 2548 1563 2602 solum
1608 2549 1659 2601 in
1690 2550 1754 2604 iis
1783 2550 2095 2605 relationem

538 2638 722 2695 habet,
754 2638 930 2691 sed'et
968 2639 1020 2692 iu
1056 2641 1487 2708 pOSSessionibus
1519 2656 1653 2709 quas
1684 2641 1842 2696 habet
1870 2644 2096 2699 ubicun-

534 2745 662 2798 que.
690 2728 915 2795 Quidam
950 2740 1124 2783 autem
1173 2731 1375 2793 dicunt,
1433 2734 1571 2785 lianc
1618 2744 1861 2787 sanctam
1916 2732 2094 2787 sedem

536 2821 639 2874 hoc
670 2820 759 2889 jus
792 2821 1011 2885 habere,
1048 2838 1152 2875 non
1184 2822 1357 2876 solum
1392 2821 1445 2874 in
1476 2822 1932 2888 possessionibus,
1958 2838 2097 2901 guas

532 2912 756 2966 dominii
805 2912 926 2981 jure
959 2913 1185 2978 obtinet,
1237 2916 1330 2969 sed
1384 2913 1549 2966 etiam
1608 2916 1660 2967 in
1728 2914 2098 2969 immobilibus

538 3006 1011 3071 monasteriorum,
1035 3022 1154 3074 quae
1207 3007 1256 3060 ei
1312 3005 1551 3073 subjecta
1595 3016 1743 3068 sunt,
1792 3007 2098 3092 ubicpttqtte

534 3112 599 3151 ea
634 3098 733 3150 sita
769 3098 897 3153 sint.
938 3096 1102 3152 Recte
1138 3110 1314 3152 autem
1338 3102 1646 3165 accepimus
1677 3097 1949 3168 liturgiam
1983 3100 2097 3155 sive

536 3202 814 3242 sacrorum
848 3189 1264 3243 celebrationem
1293 3190 1390 3253 pro
1421 3194 1688 3244 oratione.
1731 3191 1897 3244 Sacra
1945 3190 2092 3246 enim

538 3280 837 3344 celebrare,
870 3298 962 3347 seu
1012 3283 1346 3348 sacrificare,
1384 3283 1499 3338 sine
1560 3283 1797 3353 episcopi
1863 3282 2094 3353 regionis

538 3370 913 3440 permissione,
940 3385 1047 3425 non
1074 3380 1271 3442 potest.

614 3726 866 3782 ZONAR.
908 3727 1154 3796 EpiscOpi
1187 3729 1427 3803 quidam,
1471 3730 1647 3800 inquit
1673 3736 1867 3796 canon,
1903 3732 1953 3786 in
1982 3734 2101 3805 ejus

543 3822 717 3882 urbis,
754 3822 838 3874 cui
869 3831 1125 3885 pnesuut,
1161 3820 1471 3889 regionibus
1520 3823 1771 3891 proprias
1809 3824 2101 3895 .(ecclesia-

547 3930 663 3967 rum
695 3914 963 3975 videlicet,
999 3930 1101 3965 non
1130 3925 1307 3966 autem
1346 3930 1482 3982 quas
1515 3915 1568 3967 in
1607 3916 1831 3984 privatis
1861 3918 2100 3987 ipsorum

544 4006 896 4060 facultatibus
948 4006 1273 4073 numerent),
1310 4007 1599 4061 admodum
1654 4011 1903 4077 exiguas;
1940 4009 2101 4073 iidem

546 4101 598 4154 in
641 4100 1120 4177 aliisregionibus
1157 4103 1362 4169 amplas
1409 4118 1541 4157 sane
1601 4104 1967 4173 possessiones
2008 4107 2103 4159 Ita-

546 4184 693 4259 benl,
736 4208 800 4247 ex
834 4209 1062 4261 quarunt
1092 4192 1669 4267 fructibuspaupernm
1697 4194 1936 4265 inopiam
1972 4198 2103 4250 sub-

542 4285 748 4349 levare,
793 4284 1099 4339 necessaria
1151 4286 1384 4354 ipsorum
1440 4287 1631 4343 usibus
1674 4290 2100 4357 suppeditantes,

542 4390 763 4449 queant.
799 4362 1195 4447 Ouusproinde
1228 4379 1457 4442 fructus,
1517 4389 1575 4434 ut
1603 4382 1884 4449 colligant,
1922 4381 1973 4436 in
2010 4368 2103 4437 eas

544 4474 791 4541 regiones
819 4471 1108 4533 aliquando
1160 4472 1289 4540 ipsis
1352 4472 1658 4527 necessario
1693 4476 1763 4527 sit
1796 4490 2104 4529 commean-

544 4565 690 4617 dum.
728 4563 991 4633 Episcopo
1016 4563 1198 4634 igitur,
1224 4550 1414 4634 inquit,
1448 4568 1501 4617 in
1525 4580 1651 4618 suos
1677 4579 1833 4635 agros
1862 4566 2102 4643 profecto

546 4657 740 4726 degere
786 4656 836 4709 in
868 4655 1040 4708 aliena
1075 4654 1282 4708 ditione
1310 4655 1381 4726 ita
1424 4656 1600 4722 liceat,
1631 4665 1690 4709 ut
1741 4671 1807 4711 ue
1850 4657 1916 4710 ad
1947 4660 2106 4713 urba-

546 4720 674 4803 ηυῖι.
730 4749 1039 4818 episcopum
1091 4748 1251 4800 trium
1300 4720 1762 4802 hebdomadarum
1818 4748 2100 4804 intervallo

545 4857 605 4893 se.
633 4838 909 4905 couferat;
946 4840 1040 4895 sed
1082 4838 1135 4893 in
1183 4840 1297 4893 suis
1347 4854 1467 4894 sese
1511 4840 1941 4909 possessionibus
1975 4857 2107 4896 con-

550 4935 738 4997 tineat,
767 4948 831 4986 ac
858 4934 908 4986 in
935 4930 1288 5002 propinquam
1326 4935 1417 4987 eis
1462 4932 1747 4988 ecclesiam
1797 4936 2103 4999 conveniat,

546 5025 600 5080 iu
634 5040 791 5093 quam
819 5027 1041 5092 populus
1068 5043 1095 5078 a
1131 5028 1448 5096 presbytero
1479 5026 1772 5079 convocari
1809 5028 1968 5089 solet,
2000 5026 2107 5080 ibi-

545 5133 650 5188 que
682 5117 905 5187 litnrgia:
933 5129 1104 5175 vacet.
1132 5119 1385 5187 Liturgiae
1416 5134 1576 5188 porro
1601 5120 1817 5173 nomine
1845 5120 1946 5173 hoc
1965 5120 2102 5185 loco,

546 5227 652 5266 non
682 5225 963 5263 sacrorum
1011 5210 1454 5276 celebrationem,
1511 5212 1889 5281 incruentique
1937 5212 2108 5265 sacri-

547 5306 653 5361 ﬁcii
683 5305 1049 5363 oblationem,
1104 5305 1195 5358 sed
1249 5315 1422 5359 statas
1492 5321 1701 5374 preces,
1756 5321 1819 5359 ac
1853 5306 2101 5375 hymnos,

546 5399 640 5467 qui
672 5398 900 5453 solemni
941 5411 1089 5450 more
1115 5397 1220 5450 Deo
1250 5399 1635 5458 concinuntur,
1667 5398 1891 5465 intelligi
1946 5412 2108 5466 opor.

547 5500 645 5547 tet.
672 5491 808 5544 Nam
841 5505 992 5546 saera
1020 5488 1218 5549 facere,
1279 5499 1369 5543 aut
1400 5491 1543 5544 aliud
1603 5489 1879 5559 quidpiam
1910 5489 2105 5544 summi

549 5583 834 5637 sacerdotii
882 5598 1078 5637 munus
1104 5583 1153 5634 in
1177 5580 1346 5635 aliena
1402 5584 1618 5651 regione
1670 5583 1843 5645 obire,
1898 5583 2104 5650 absque

551 5674 687 5741 ejus,
714 5674 801 5746 qui
828 5686 1041 5742 prmi-st,
1064 5674 1299 5743 episcopi
1331 5672 1606 5735 facultate,
1643 5675 1731 5741 qui
1760 5674 1969 5743 possit?
2003 5676 2106 5728 De-

556 5767 821 5836 positione
869 5768 1092 5832 etenim,
1148 5767 1238 5838 qui
1294 5766 1345 5822 id
1399 5766 1609 5832 fecerit,
1666 5767 1923 5823 tricesimi
1975 5767 2107 5823 sexti

1784 326 2063 399 'J'U‘EQJD.
2112 338 2519 433 BALSAMON

3178 414 3181 415 ν
3584 377 3689 442 Ῑίῖῗ

2118 452 2160 509 Δ
2192 459 2476 551 Κυριακάς
2508 463 2582 533 μὴ
2611 466 2979 537 παραϐάλλειν
3023 472 3340 541 συχνότερον
3365 475 3419 529 ἐν
3452 484 3510 551 τῇ
3558 489 3681 545 πόλει

2198 553 2256 605 ἐν
2346 558 2373 608 ό
2402 556 2541 652 κατά
2592 557 2769 652 τόπονΔ
2795 560 2944 613 ἐστὶν
2992 562 3287 628 ἐπίσκοπος
3307 582 3321 595 ·
3371 548 3541 626 τούτου
3582 581 3685 652 γὰρ,

2198 646 2385 714 φασιν,
2415 648 2554 701 οὕτω
2582 650 2888 719 γινομένου,
2921 652 3044 706 οὔτε
3073 656 3231 720 αὐτὸς
3261 660 3491 736 ὑποπέσῃ
3512 646 3687 739 mm}.

2195 745 2323 812 τικῇ
2349 740 2541 815 ζημίᾳ,
2567 744 2655 798 διὰ
2682 746 2742 799 τὸ
2780 749 2920 801 κατά
2959 750 3258 819 παρουσίαν
3301 755 3455 809 αὑτοῦ
3483 763 3685 825 γενέσθαι

2198 830 2298 903 τὴν
2326 838 2660 913 συγκομιδὴν
2684 840 2792 892 τῶν
2815 842 3067 909 καρπῶν,
3098 842 3220 897 οὔτε
3272 848 3299 899 ό
3327 849 3564 918 ἐγχώριος
3596 859 3687 910 ἐπί.

2200 944 2403 993 σκοπος
2426 929 2748 994 ἀλαζονείαν
2790 934 2966 1004 τούτῳ
2992 936 3380 1007 ἐπιγράφηται.
3414 943 3604 1000 Τούτων
3622 951 3690 1003 οὒ-

2197 1036 2305 1082 τως
2341 1020 2592 1090 ἐχόντων,
2629 1024 2701 1094 μὴ
2730 1025 2890 1095 εἴπῃς
2919 1026 3315 1094 ἀναγκαστικὸν
3348 1029 3566 1105 εἶναιτῷ
3594 1040 3685 1093 ἐπι.

2196 1109 2503 1181 δημήσαντι
2530 1116 2810 1185 ἐπισκόπῳ
2833 1120 2913 1182 εἰς
2969 1120 3038 1173 τά
3076 1123 3208 1188 παρ’
3246 1124 3448 1193 ἐνορίαν
3488 1132 3690 1201 κτήματα

2196 1209 2296 1273 τῆς
2330 1207 2627 1275 ἐκκλησίας
2676 1210 2841 1263 αὑτοῦ
2888 1212 2981 1263 ἐπὶ
3020 1214 3172 1284 τρισὶ
3230 1216 3516 1285 Rapuit-ai:
3549 1224 3689 1279 ἐκεῖσε

2199 1298 2499 1365 καθῆσθαι,
2532 1304 2628 1371 καὶ
2659 1304 2734 1371 μὴ
2782 1306 3159 1375 παραϐάλλειν
3208 1311 3265 1360 ἐν
3292 1313 3354 1379 τῇ
3404 1311 3688 1388 πόλειένῇδ

2199 1389 2467 1460 ἐγχώριός
2492 1393 2641 1447 ἐστιν
2670 1394 2977 1466 ἀρχιερεὺς,
3012 1398 3150 1451 ἀλλά
3179 1402 3603 1469 συμϐουλευτικὸν
3626 1409 3690 1463 διέ

2198 1482 2259 1535 τὸ
2292 1483 2736 1545 ἀσκανδάλιστον.
2770 1489 2831 1540 Εἰ
2862 1489 2971 1559 γὰρ
2998 1489 3491 1549 ϐέλειτὶπεντιῦθεν
3520 1500 3586 1561 εἰς
3617 1500 3693 1571 τήν

2199 1575 2355 1629 πόλιν
2378 1577 2635 1630 ἀπελθεῖν
2661 1582 2757 1634 καὶ
2778 1581 3135 1651 συνομιλῆσαι
3162 1586 3444 1653 είρηνικῶς
3468 1588 3534 1656 τῷ
3559 1591 3693 1659 ἐγχω-

2204 1667 2303 1737 ρίῳ
2331 1668 2601 1740 ἀρχιερεῖ,
2635 1672 2728 1724 καὶ
2752 1672 3110 1743 ὑποχωρῆσαι
3129 1675 3300 1739 είςτά
3327 1677 3694 1748 ἐκκλησιαστιή

2199 1762 2365 1816 αὐτοῦ
2398 1763 2675 1831 κτήματα,
2706 1765 2769 1818 οὐ
2795 1766 3193 1837 κωλυθήσεται.
3232 1769 3289 1822 '0
3310 1772 3413 1840 γὰρ
3440 1776 3694 1837 σκοπὸςτοῦ

2199 1856 2424 1917 κανόνος
2448 1856 2601 1910 οὐδέν
2629 1875 2683 1911 τι
2714 1858 2901 1930 ἕτερόν
2933 1862 3082 1915 ἐστιν
3103 1864 3221 1916 ἀλλ’
3252 1866 3284 1935 ἢ
3310 1865 3368 1917 τὸ
3386 1869 3453 1935 μὴ
3476 1869 3695 1938 ὀχλεῖσθαι

2199 1946 2291 1999 τὸν
2322 1948 2586 2017 ἐγχώριον
2607 1952 2906 2005 ἐπίσκοπον
2934 1955 3037 2007 ὑπὸ
3056 1957 3150 2009 τοῦ
3180 1960 3308 2031 παρ’
3338 1956 3537 2029 ἐνορίαν
3560 1966 3696 2018 ἐκεῖσε

2199 2036 2603 2108 ἀφικνουμένου
2632 2042 2962 2109 ἐπισκόπου,
3002 2046 3094 2097 καὶ
3131 2050 3265 2118 παρ’
3296 2051 3453 2103 αὑτοῦ
3482 2056 3591 2117 ἴσως
3627 2075 3696 2109 πε-

2205 2128 2603 2198 ριυϐρίζεσθαι.
2624 2134 2961 2201 Ἀνάγνωσον
2991 2141 3085 2189 καὶ
3111 2140 3181 2190 τὰ
3200 2143 3256 2190 ἐν
3279 2138 3353 2203 ις’
3376 2144 3537 2195 κανόνι
3563 2146 3639 2212 τῆς
3660 2155 3694 2199 α’

2201 2225 2295 2274 καὶ
2320 2221 2363 2291 β’
2396 2224 2615 2277 συνόδου
2641 2228 2919 2303 γραφέντα
2954 2230 3084 2300 παρ’
3116 2232 3294 2299 ἡμῶν.
3321 2235 3419 2285 Καὶ
3450 2236 3695 2304 σημείωσαι

2200 2315 2281 2369 ὄτι
2316 2318 2397 2379 είς
2436 2318 2534 2380 τάς
2558 2320 2845 2389 ἀκινήτους
2868 2322 3088 2391 κτήσεις
3113 2323 3226 2376 τῶν
3245 2324 3520 2395 ἀλλοτρίων
3545 2330 3697 2397 ἐκκλη-

2199 2408 2330 2461 σιῶν
2352 2411 2381 2462 ό
2407 2408 2670 2480 ἐγχώριος
2700 2413 2998 2476 ἐπίσκοπος
3044 2416 3262 2486 ἐνεργεῖ
3308 2418 3375 2471 τά
3401 2421 3692 2490 ἀρχιερατικὰ

2197 2501 2401 2579 δίκαια.
2421 2503 2553 2557 Ἀπὸ
2587 2508 2806 2577 μακρᾶς
2832 2507 2888 2560 δὲ
2914 2510 3201 2579 συνηθείας
3225 2511 3580 2583 βεϐαιωθείσης
3599 2516 3694 2568 πολ-

2197 2594 2356 2656 λάκις
2386 2596 2680 2662 συνοδικῶς
2714 2601 2741 2652 ό
2770 2601 2959 2670 θρόνος
3016 2607 3111 2674 τῆς
3147 2606 3693 2670 Κωνσταντινονπόλεως

2201 2694 2576 2762 σταυροπήγιά
2598 2714 2657 2749 τε
2679 2695 2893 2750 δίδωσιν
2924 2700 3004 2760 είς
3021 2700 3202 2765 πάσας
3220 2702 3319 2765 τάς
3340 2694 3443 2755 τῶν
3461 2703 3689 2770 ἐκκλησιῶν

2200 2786 2447 2857 ἐνορίας,
2482 2790 2574 2842 καὶ
2610 2790 2889 2861 ἀναφοράν
2924 2793 3037 2863 ἔχει
3084 2795 3143 2846 οὺ
3220 2776 3383 2864 μόνον
3412 2798 3465 2849 ἐν
3516 2798 3690 2858 τούτοις,

2203 2875 2345 2930 ἀλλά
2373 2880 2469 2931 καὶ
2495 2879 2584 2949 ἐφ’
2629 2876 2719 2944 αἷς
2752 2883 2866 2953 ἔχει
2908 2886 3189 2956 ἀκινήτοις
3239 2890 3491 2957 κτήσεσιν
3521 2890 3697 2956 ὁπουδή-

2202 2987 2354 3029 ποτε.
2386 2975 2543 3035 Τινὲς
2577 2974 2634 3028 δέ
2665 2975 2882 3045 λέγουσι
2938 2980 3000 3032 τὸ
3056 2981 3189 3034 αὐτὸ
3231 2982 3439 3036 δίκαιον
3473 2984 3594 3051 ἐχειν
3630 2985 3698 3035 τὸν

2204 3063 2366 3131 αὐτὸν
2398 3065 2557 3132 ἅγιον
2589 3068 2803 3138 θρόνον⁹
2823 3069 2884 3123 οὐ
2918 3071 3079 3139 μόνον
3133 3073 3218 3136 είς
3263 3074 3361 3136 τὰς
3399 3074 3697 3145 διαφερούσας

2201 3157 2378 3228 τούτῳ
2408 3162 2750 3232 κυριαρχικῷ
2777 3162 2975 3233 δικαίῳ
3001 3165 3248 3235 κτήσεις,
3276 3166 3408 3221 ἀλλά
3442 3173 3523 3221 καὶ
3562 3169 3626 3228 είς
3649 3168 3699 3218 τὰ

2200 3248 2433 3321 ἀκίνητα
2455 3253 2566 3305 τῶν
2592 3253 2964 3324 ὑποκειμένων
2989 3257 3164 3327 τούτῳ
3194 3258 3556 3328 μοναστηρίων
3576 3260 3699 3314 ὅπου·

2198 3342 2397 3412 δήποτε
2425 3343 2770 3416 διακείμενα.
2795 3348 2992 3411 Καλῶς
3024 3349 3081 3401 δέ
3110 3351 3478 3418 ἐξελαὸόμεθα
3507 3352 3592 3421 τήν
3621 3353 3700 3403 λει·

2199 3434 2463 3506 τουργίαν
2503 3438 2624 3491 ἀντὶ
2657 3439 2844 3509 εὐχῆς.
2878 3442 3231 3512 Λειτουργεῖν
3255 3446 3363 3515 γάρ
3393 3447 3503 3517 ήτοι
3531 3448 3697 3513 ἱερουρ.

2200 3532 2317 3599 γεῖν
2350 3533 2517 3603 χωρὶς
2576 3534 2883 3606 ἐπιτροπῆς
2926 3537 3023 3591 τοῦ
3052 3539 3193 3593 κατά
3220 3540 3407 3610 χώραν
3458 3541 3703 3594 ἐπισκόπου

2211 3624 2475 3681 ἀδύνατόν
2498 3632 2668 3683 ἐστιν.

2273 3720 2515 3775 ZONAP.
2544 3723 2665 3775 Τῶν
2686 3725 2998 3779 ἐπισκόπων
3028 3727 3197 3789 τινὲς,
3236 3730 3399 3799 φησὶν
3427 3728 3453 3780 ὁ
3475 3714 3644 3786 κάνὼν.
3666 3726 3708 3776 ἐν

2201 3812 2321 3873 ταῖς
2342 3811 2549 3881 χώραις
2573 3815 2684 3868 τῶν
2730 3817 2938 3870 πόλεων
2961 3822 3019 3871 ἐν
3048 3815 3137 3881 αἷς
3166 3819 3567 3883 ἐπισκοποῦσιν,
3590 3818 3709 3884 ὀλίγα

2202 3911 2497 3981 κέκτηνται
2528 3914 2637 3969 ἴδια
2666 3917 2773 3969 τῶν
2806 3919 3114 3988 ἐκκλησιῶν
3137 3924 3347 3986 αὐτῶν(
3373 3923 3482 3977 ἀλλ’
3503 3922 3607 3989 οὐχὶ
3629 3923 3711 3972 ἴδια

2201 4003 2302 4072 τῆς
2319 4004 2525 4068 οίκείας
2559 4008 2879 4077 περιουσίας
2899 4027 2913 4041 ο
2942 4013 3000 4064 ἐν
3029 4012 3084 4066 δὲ
3112 4013 3331 4082 ἑτέραις
3355 4016 3548 4084 χώραις
3571 4013 3709 4083 ἔχουσι

2203 4094 2424 4163 κτήσεις
2457 4094 2722 4162 μεγάλας,
2759 4097 2817 4164 ἐξ
2854 4092 2929 4152 ὧν
2962 4101 3218 4157 δύνανται
3252 4106 3464 4174 βοηθεῖν
3510 4108 3607 4167 τοῖς
3635 4102 3708 4156 πέ-

2202 4203 2350 4257 νησι,
2382 4187 2616 4251 διδόντες
2644 4192 2830 4255 αὐτοῖς
2854 4194 2922 4246 τὰ
2953 4195 3090 4264 πρὸς
3147 4196 3361 4265 χρείαν,
3421 4198 3549 4250 ῶστε
3579 4199 3708 4261 ἀναγ-

2203 4281 2355 4332 καῖον
2390 4277 2529 4333 εἶναι
2556 4282 2737 4347 αὐτοῖς
2762 4285 3099 4356 ἀπέρχεσθαι
3138 4291 3257 4343 ἐκεῖ
3286 4290 3372 4344 διὰ
3424 4292 3517 4360 τὴν
3564 4290 3709 4342 συλλο-

2204 4373 2306 4442 γὴν
2328 4374 2436 4425 τῶν
2470 4377 2720 4447 καρπῶν.
2770 4378 2959 4441 Οὕτως
3009 4380 3120 4443 οὖν,
3172 4386 3330 4451 φησὶ,
3375 4382 3711 4453 συγχωρεῖσθω

2133 4468 2179 4524 D
2206 4467 2286 4527 εἰς
2316 4466 2507 4537 ἐτέραν
2538 4469 2757 4537 ἐνορίαν
2784 4470 2996 4537 διάγειν
3023 4473 3344 4537 ἐπίσκοπος,
3378 4477 3462 4528 ἵνα
3494 4475 3573 4526 ἐπί
3596 4474 3712 4541 τρεῖς

2208 4559 2611 4631 ἑϐδομάδαςμὴ
2639 4563 2955 4633 συνέρχοιτο
2977 4567 3055 4633 τῷ
3083 4567 3372 4637 ἐπισκόπῳ
3404 4569 3498 4637 τῆς
3526 4568 3711 4627 πόλεως,

2205 4650 2323 4703 ἀλλ’
2347 4652 2405 4703 ἐν
2430 4654 2539 4712 τοῖς
2568 4652 2753 4720 ἀγροῖς
2786 4653 2953 4706 αὐτοῦ
2982 4654 3165 4729 διάγῃ,
3203 4659 3300 4711 καὶ
3342 4661 3398 4712 ἐν
3430 4662 3490 4727 τῇ
3523 4658 3712 4725 πλησια·

2207 4742 2373 4812 ζούσῃ
2431 4744 2549 4794 ἐκεῖ
2580 4742 2843 4814 ἐκκλησίᾳ
2877 4745 2935 4795 ἐν
3028 4746 3393 4817 πρεσϐύτερος
3415 4749 3507 4819 τήν
3534 4746 3711 4806 σύναξιν

2207 4832 2297 4885 τοῦ
2324 4832 2454 4886 λαοῦ
2490 4834 2746 4900 ποιεῖται,
2800 4835 3150 4906 συνέρχηται,
3206 4841 3300 4891 καὶ
3358 4834 3712 4908 λειτουργῇ.Τὸ

2208 4925 2263 4977 δέ
2293 4924 2627 4993 λειτουργεῖν
2650 4925 2884 4979 ἐνταῦθα
2910 4928 3029 4997 οὐχὶ
3058 4929 3115 4981 τὸ
3149 4929 3447 4999 ἱερουργεῖν
3476 4928 3560 4981 καὶ
3584 4941 3715 4995 προσ-

2210 5020 2396 5088 φέρειν
2425 5018 2523 5088 τὴν
2548 5017 2886 5087 ἀναίμακτον
2919 5019 3112 5073 θυσίαν
3152 5024 3395 5091 νοητέον,
3427 5021 3552 5074 ἀλλά
3579 5016 3715 5077 10:5-

2206 5112 2420 5183 χεσθαι,
2452 5112 2544 5163 καὶ
2573 5110 2699 5174 τοὺς
2730 5110 2981 5175 συνήθεις
3011 5111 3212 5182 ὕμνους
3241 5113 3319 5183 τῷ
3350 5114 3467 5183 Θεῷ
3499 5110 3712 5177 ἀναπέμ-

2208 5220 2355 5257 πειν,
2392 5201 2514 5266 Πῶς
2572 5202 2680 5273 γὰρ
2731 5203 3085 5274 ίερουργῆσαι
3132 5205 3382 5275 ἠδύνατο,
3441 5207 3471 5276 ἢ
3525 5205 3633 5259 ἄλλο
3675 5217 3714 5250 τι

2200 5295 2433 5364 ,ποιῆσαι
2455 5295 2841 5365 ἀρχιερατικὸν
2869 5296 3075 5350 δίκαιον
3108 5300 3187 5359 είς
3212 5298 3492 5368 ἀλλοτρίαν
3520 5294 3714 5363 ἐνορίαν,

2122 3128 2170 3192 C

2214 5397 2289 5467 μὴ
2321 5396 2472 5467 παρὰ
2505 5395 2598 5449 τοῦ
2643 5397 2941 5450 ἐπισκόπου
2977 5397 3077 5467 τῆς
3102 5394 3285 5468 χώρας
3328 5399 3476 5452 τοῦτο
3531 5398 3715 5461 ἐπιτρα-

2211 5492 2369 5556 πείςς
2405 5489 2559 5543 Κατά
2586 5489 2695 5557 γάρ
2725 5489 2815 5545 τὸν
2854 5488 2945 5554 λς’
2964 5494 3163 5544 κανόνα
3196 5491 3301 5544 τῶν
3323 5488 3613 5543 ἀποστόλων
3637 5499 3715 5535 κα-

2212 5580 2481 5651 θαιρεῖται
2508 5580 2536 5631 ὁ
2567 5579 2725 5639 τοῦτο
2785 5580 3043 5649 ποιήσας.
3094 5581 3203 5634 Καὶ
3234 5580 3293 5631 τὸ
3320 5572 3647 5647 συνέρχεσθαι
3674 5565 3719 5617 δέ

2214 5674 2295 5734 εἰς
2326 5672 2643 5743 ἐκκλησίαν,
2671 5672 2765 5725 καὶ
2798 5672 3151 5740 συνεύχεσθαι
3171 5673 3283 5733 τοῖς
3324 5669 3497 5721 ἐκεῖσε
3522 5660 3715 5718 πιστοῖς,

2214 5766 2302 5820 διά
2340 5765 2514 5833 τοῦτο,
2549 5766 2731 5837 φασὶν,
2768 5766 3153 5837 ἐπιτρέπομεν,
3188 5765 3269 5818 ἵνα
3310 5761 3387 5847 ,μὴ
3440 5758 3558 5826 δοκῇ
3581 5753 3717 5823 χωρὶς
