3982 6494
296 321 420 384 1473

1370 317 1452 377 IN
1492 316 1654 377 CAN.
1695 314 1825 374 XIV
1864 313 2069 375 CONC.
2114 316 2399 377 SARDIC.

3369 318 3503 381 14Ἷὶ

292 434 651 504 συνελεύσεως
693 431 856 496 εἶναι,
890 435 979 486 καὶ
1020 432 1336 504 προσκρούῃ
1389 431 1523 500 πρὸς
1580 432 1670 482 τδν
1702 430 1842 482 ἀνω-

1955 429 2221 495 ipostolici
2270 427 2493 483 canonis
2516 429 2733 483 decreto
2763 428 2979 483 multari
3004 430 3182 483 debet.
3245 430 3313 486 Ut
3372 450 3503 492 vero

289 530 425 595 τέρω
451 498 738 599 εἰρημένον
796 527 1020 590 κανόνα,
1067 498 1162 578 τὸν
1204 498 1532 595 ἀφο-ρίζοντα
1574 523 1697 583 τοὺς
1747 518 1840 573 ἐπὶ

290 622 429 690 τρεῖς
460 620 759 688 ἑϐδομάδας
792 619 866 690 μὴ
922 619 1201 681 συνιόντας
1252 618 1332 679 εἰς
1391 614 1684 683 ἐκκλησίαν
1715 629 1728 642 ο
1762 611 1840 683 μὴ

295 712 492 779 μέντοι,
527 710 680 778 φασὶ,
706 710 1089 781 συνεχέστερον
1122 710 1199 772 είς
1221 711 1319 779 τὴν
1350 706 1500 760 πόλιν
1524 705 1624 774 τῆς
1656 704 1840 774 χώρας

293 801 503 871 ἐκείνης
541 803 916 872 παραγίνοιτο,
951 803 1035 855 ἶνα
1091 800 1232 854 οὕτω
1270 802 1406 870 μήτε
1462 797 1668 867 ζημίαν
1718 797 1840 849 τινά

294 896 493 966 ὑποστῇ
523 896 584 949 ἐκ
616 895 709 948 τοῦ
749 896 822 964 μὴ
852 897 1130 964 ἐπιτηρεῖν
1179 892 1245 945 τὰ
1273 893 1465 955 οἰκεῖα,
1495 888 1589 943 καὶ
1645 888 1703 940 τὸ
1730 887 1839 955 τῆς

291 986 601 1050 ἀλαζονείας
637 986 859 1059 ἐκκλίνῃ
892 987 1142 1049 αἰτίαμα,
1179 983 1257 1055 μὴ
1285 982 1371 1035 διὰ
1415 983 1573 1046 δόξαν
1625 977 1842 1049 νομιζό-

291 1092 446 1147 μενος
476 1079 698 1130 ἀπιέναι
724 1081 800 1141 είς
845 1074 1037 1148 ἑτέραν
1067 1077 1218 1129 πόλιν
1249 1076 1282 1146 ἦ
1333 1074 1546 1144 χώραν,
1594 1070 1734 1125 ὥστε
1763 1070 1841 1123 δι-

289 1168 524 1232 δάσκειν,
550 1173 643 1223 καὶ
671 1169 1054 1239 καταισχύνειν
1078 1166 1169 1219 τὸν
1197 1169 1254 1217 ἐν
1300 1167 1483 1235 ἐκείνῃ
1519 1162 1834 1215 ἐπίσκοπον.

1948 521 2003 576 in
2038 521 2323 575 ecclesiam
2354 521 2657 584 cont'enial,
2692 520 2875 589 ibique
2903 535 3023 575 cum
3082 520 3329 577 fidelibus
3377 542 3505 596 pre-

1944 612 2144 668 cationi
2168 619 2341 677 vacet,
2370 611 2594 672 idcirco,
2626 610 2896 681 inquiunt,
2955 614 3339 680 permittimus,
3373 632 3438 672 ne
3469 634 3501 672 a

1944 703 2323 762 communione
2351 704 2557 758 alienus
2577 718 2696 758 esse
2744 704 3014 769 videatur,
3036 720 3170 789 neve
3223 709 3275 762 in
3328 725 3493 767 cano—
3566 730 3569 739 λ

1946 814 2065 853 nem
2098 814 2256 868 supra
2284 801 2619 867 propositum
2649 796 2902 861 offendat,
2964 814 3058 868 per
3102 816 3261 869 quem
3302 806 3373 867 ei,
3409 807 3501 871 qui

1947 890 2119 945 tribus
2154 890 2502 944 hebdomadis
2527 890 2578 943 in
2602 888 2888 944 ecclesiam
2912 904 3015 943 non
3049 897 3380 961 convenerit,
3414 915 3503 954 se-
3555 960 3560 969 _

1946 980 2187 1049 gregatio
2228 968 2426 1034 indicta
2455 990 2576 1046 est,
2612 994 2715 1035 non
2743 990 2919 1035 tamen
2954 984 3007 1034 in
3035 985 3218 1039 urbem
3241 990 3359 1059 ejus
3417 1009 3502 1047 re.

1945 1072 2116 1141 gionis
2146 1072 2476 1142 frequentius
2516 1085 2812 1141 commeet;
2846 1088 2902 1131 ut
2933 1079 3036 1134 hoc
3102 1091 3259 1151 pacto
3327 1099 3502 1154 neque

1947 1156 2233 1213 facultates
2294 1160 2562 1229 neglcclas
2640 1161 2948 1218 detrimenti
3014 1167 3215 1237 aliquid
3273 1174 3504 1239 subeat,

292 1278 458 1330 neque
506 1276 823 1333 arrogantia:
857 1263 1327 1331 reprehensionem
1371 1260 1630 1319 incurrat,
1673 1254 1826 1323 quasi
1862 1251 2099 1321 gloriolae
2122 1257 2447 1320 auenpamlm
2500 1253 2676 1308 studio
2711 1254 2762 1307 in
2792 1254 3016 1312 alienam
3069 1262 3250 1316 urbem
3304 1275 3396 1319 attt
3421 1282 3542 1333 re-,

286 1354 518 1424 gionem,
551 1344 771 1408 docendi
800 1368 984 1419 causa,
1041 1370 1103 1423 ac
1139 1354 1271 1420 ejus,
1316 1353 1407 1421 qui
1456 1349 1508 1403 in
1544 1364 1604 1402 ea
1682 1347 1848 1413 degit,
1880 1338 2112 1414 episcopi
2152 1345 2434 1413 sugillantli
2464 1346 2843 1415 sit;profectus.

291 1450 505 1503 ΛΡΙΣΤ.
552 1469 571 1501 ‹
622 1450 949 1512 Ἐπίσκοπος
1004 1453 1224 1520 κτήσεις
1259 1447 1593 1519 κεκτημένος
1646 1445 1842 1514 ὑπερο-

324 1542 378 1591 “‹
438 1541 607 1609 ρίους,
643 1542 691 1592 εἰ
727 1540 906 1610 μέλλει
954 1542 1010 1592 ἐν
1039 1539 1265 1601 ταύταις
1327 1530 1483 1598 ἰέναι,
1549 1534 1624 1603 μὴ
1679 1533 1840 1584 πλέον

364 1652 383 1685 ι
429 1636 610 1687 ἐκεῖσε
648 1635 854 1704 μενέτω
899 1630 1194 1703 Κυριακῶν
1248 1628 1412 1700 τριῶν
1447 1625 1838 1695 δαστήματος.
1873 1668 1916 1727 Β

367 1743 389 1777 ι
440 1727 593 1779 Οὕτω
619 1728 725 1796 γὰρ
757 1726 984 1795 ήοὶκεία
1017 1725 1207 1777 τοῦτον
1236 1723 1433 1793 ποίμνη
1462 1717 1841 1786 καταπλουτή-

360 1836 380 1868 ι
428 1835 534 1881 σει,
569 1820 662 1870 καὶ
696 1817 858 1880 αὐτὸς
889 1817 1089 1883 ἄτυερος
1115 1814 1381 1883 διαμένοι.
1422 1831 1440 1862 ι

364 1911 478 1979 Κτή
490 1911 634 1979 ματά
661 1927 807 1973 τινες
834 1908 943 1961 τῶν
973 1908 1288 1960 ἐπισκόπων
1319 1906 1368 1957 εί
1394 1903 1566 1974 ἔχοιεν
1599 1902 1656 1955 ἐν
1687 1897 1842 1952 ἀλλο-

292 2000 469 2071 τρίαις
503 2003 832 2063 ἐπισκοπαῖς
876 2001 1126 2070 κείμενα,
1173 2000 1233 2050 οὐ
1264 1994 1558 2051 κωλύονται
1606 1991 1843 2063 ἀπέρχε-

295 2088 413 2141 σθαι
451 2090 532 2152 είς
567 2090 894 2158 ἐπιτηρησιν
924 2086 1149 2152 τούτων,
1186 2086 1280 2137 καὶ
1307 2084 1404 2155 τὴν
1436 2083 1701 2151 συλλογὴν
1733 2080 1843 2133 τῶν

291 2180 517 2249 καρπῶν
544 2180 832 2234 ποιεῖσθαι.
854 2178 997 2249 Πλὴν
1020 2178 1113 2230 καὶ
1136 2172 1280 2231 οὗτοι
1313 2175 1471 2230 πλέον
1494 2174 1660 2246 τριῶν
1691 2173 1838 2226 ἐϐδο-

292 2272 473 2344 μάδων
501 2274 556 2325 ἐν
581 2272 886 2343 ἀλλοτρίαις
915 2271 1249 2342 ἐγχρονίζειν
1267 2268 1327 2322 οὐ
1356 2267 1804 2338 συγκεχώρηνται
1825 2279 1841 2295 ⁸

292 2361 374 2413 ἵνα
408 2363 545 2432 μήτε
595 2363 665 2414 τὰ
707 2362 804 2432 τῆς
854 2360 1147 2432 ἐκκλησίας
1190 2359 1368 2414 αὐτῶν
1395 2359 1712 2429 ’πράγματα
1759 2354 1846 2407 διὰ

292 2456 385 2523 τὴν
415 2454 680 2506 ἀπουσίαν
707 2454 886 2507 αὐτῶν
914 2453 1248 2516 ἀπόλωνται,
1283 2452 1423 2521 μήτε
1458 2449 1709 2519 ἔγκλημα
1752 2446 1847 2500 τύη

252 2544 253 2547 “
297 2561 392 2612 (pou
424 2542 521 2598 καὶ
545 2543 863 2608 ἀλαζονείας
893 2545 1075 2607 αὐτοῖς
1109 2542 1483 2614 προσάψωσιν,
1506 2542 1599 2594 ἐπὶ
1639 2536 1846 2611 μακρόο

276 2653 449 2708 ιτερον
473 2638 532 2690 ἐν
562 2635 819 2707 ἀλλοτρίᾳ
856 2637 1007 2689 πόλει
1044 2635 1461 2706 ἐνδιατρίϐουσι.

870 2728 1111 2782 ΚΑΝΩΝ
1157 2725 1254 2781 iF’.

300 2840 319 2871 ι
360 2824 543 2883 Ὀσιος
573 2821 876 2883 ἐπίσκοπος
927 2818 1083 2873 εἴπεο
1125 2821 1249 2873 Ἐάν
1284 2838 1364 2881 τις
1414 2817 1682 2879 διάκονος,
1728 2815 1849 2886 ἦτοι

368 2930 387 2964 ι
426 2913 870 2983 πρεσϐύτερος,ἢ
902 2912 995 2964 καί
1020 2929 1104 2972 τις
1134 2910 1241 2963 τῶν
1296 2909 1578 2980 κληρικῶν
1615 2905 1850 2960 ἀκοινω-

367 3023 385 3055 ι
424 3021 585 3069 νητος
610 3005 864 3073 γένηται,
893 3006 989 3056 καὶ
1028 3002 1164 3074 πρὸς
1205 3001 1398 3071 ’ἕτερον
1427 3001 1728 3052 ἐπίσκοπον
1758 2996 1849 3047 τὸν
1876 3025 1919 3083 c

364 3116 384 3148 ε
417 3096 597 3149 εἰδότα
636 3094 802 3148 αὑτὸν
832 3094 1148 3166 καταφύγῃ,
1200 3092 1538 3162 γινώσκοντα
1589 3091 1853 3143 ἀποκεκι·

363 3209 384 3242 ι
424 3189 623 3259 νῆσθαι
686 3174 849 3241 αὑτὸν
905 3190 1003 3256 τῆς
1048 3186 1336 3248 κοινωνίας
1387 3172 1537 3254 παρά
1573 3181 1668 3234 τοῦ
1719 3179 1851 3233 ίδίου

370 3301 389 3333 ι
425 3281 753 3346 ἐπισκόπου,
780 3279 854 3350 μὴ
878 3279 1082 3350 χρῆναι
1104 3279 1181 3349 τῷ
1210 3278 1492 3346 ἐπισκόπῳ
1519 3274 1612 3327 καὶ
1639 3270 1853 3343 ἀδελφῷ

372 3392 391 3424 ι
429 3373 593 3427 αὑτοῦ
630 3372 785 3444 ὓϐριν
807 3356 1065 3425 mime
1090 3370 1351 3440 παρέχειν
1368 3366 1515 3434 αὐτῷ
1544 3361 1852 3418 κοινωνίαν.

362 3483 384 3518 ‹
423 3466 483 3520 Ei
511 3465 568 3518 δὲ
601 3464 866 3534 τολμήσοι
895 3462 1056 3516 τοῦτο
1106 3463 1350 3533 ποιῆσαι,
1380 3452 1698 3528 γινωσκέτω
1728 3470 1855 3508 συν-

363 3577 381 3610 ι
420 3556 685 3610 ἐλθόντων
710 3556 1025 3609 ἐπισκόπων
1053 3552 1317 3624 ἀπολογία
1338 3551 1530 3605 ἑαυτὸν
1549 3546 1853 3602 ὑπεύθυνον

364 3668 384 3701 ι
421 3645 758 3701 καθεστάναι.
802 3665 822 3698 ι

359 3740 557 3793 ΒΑΛΣ.
591 3718 892 3807 ’Λνάγνωθι
922 3736 1013 3789 τὸν
1058 3735 1147 3806 ιβ’,
1201 3733 1263 3788 ιδ’
1270 3774 1284 3796 ,
1318 3731 1397 3804 λβ¹
1422 3732 1516 3786 καὶ
1540 3732 1623 3800 λγ¹
1653 3724 1854 3785 κανόνα

289 3833 401 3885 τῶν
425 3832 597 3898 ἀγίων
616 3830 950 3893 ἀποστόλων,
984 3828 1080 3880 καὶ
1118 3830 1216 3896 τῆς
1253 3828 1311 3879 ἐν
1364 3822 1669 3895 Ἀντιοχείᾳ
1698 3824 1855 3876 συνό-

287 3925 378 3978 δου
403 3920 701 3987 κανόνα-ς’,
726 3921 793 3975 τά
814 3920 956 3973 αῦτά
978 3920 1257 3989 λέγοντας.

361 4017 605 4069 ΖΩΝΑΡ.
664 4012 833 4068 Τοῦτο
908 4014 1002 4066 καὶ⁵
1058 4009 1416 4066 ἀποστολικοὶ
1474 4009 1697 4071 κανόνες
1759 4006 1854 4061 καὶ⁵

293 4110 562 4162 συνοδικο“ι
592 4106 781 4159 πολλοὶ
813 4104 1153 4170 διετάξαντο.
1191 4103 1322 4160 Ὅτε
1368 4101 1478 4172 γὰρ
1505 4098 1587 4170 λβ¹
1610 4098 1749 4151 καὶὸ
1772 4097 1853 4164 λγ¹

289 4202 401 4253 τῶν
441 4201 614 4267 ἁγίων
640 4197 957 4252 ἀποστόλων
986 4196 1186 4261 κανὼν,
1213 4197 1310 4249 καὶ
1332 4197 1361 4248 ό
1417 4199 1486 4262 ιγ’
1518 4191 1619 4261 τῆς
1639 4193 1697 4243 ἐν
1733 4189 1856 4242 Ἀν-

287 4292 496 4362 τ.οχείᾳ
538 4291 754 4343 συνόδου
776 4292 845 4342 τά
863 4290 1002 4343 αὐτά
1024 4287 1432 4353 τεθεσπίκασιν.

1946 1438 2173 1494 Αιιιδτ.
2211 1457 2229 1490 ι
2272 1439 2564 1510 Episcopus
2596 1443 2685 1509 qui
2736 1446 3104 1512 possessiones
3138 1449 3295 1505 habet
3340 1460 3495 1505 extra

2025 1532 2304 1587 rdimcesis
2347 1548 2455 1586 sua?
2481 1532 2747 1597 limites,si
2776 1551 2868 1591 eas
2896 1537 2967 1591 sit
2993 1537 3362 1606 invisurus,ne
3388 1545 3507 1611 plus

2024 1643 2043 1675 ι
2075 1639 2237 1692 quam
2270 1626 2430 1679 trinm
2457 1624 2852 1681 Dominicarum
2909 1632 3085 1699 spatio
3145 1632 3214 1686 ibi
3268 1644 3505 1688 maneat.

2024 1735 2041 1769 ι
2081 1718 2170 1771 Sic
2196 1716 2339 1771 enim
2375 1717 2540 1786 ipsius
2563 1734 2692 1789 grex
2730 1736 2793 1776 eo
2817 1721 3045 1789 fruetur,
3078 1724 3299 1795 ipseque
3332 1725 3505 1783 fastus

2024 1825 2043 1856 ι
2075 1808 2377 1877 suspicimie
2401 1811 2622 1864 carebit.
2660 1830 2679 1862 ι

2019 1896 2188 1968 Siqui
2214 1899 2592 1970 episcoporum
2646 1906 3017 1973 possessiones
3053 1908 3104 1960 in
3161 1908 3349 1964 alienis
3389 1911 3504 1979 epi-

1945 1986 2253 2059 scopatibus
2281 1994 2482 2059 positas
2519 1995 2775 2061 habeant,
2799 1998 2921 2051 illuc
2964 2000 3131 2065 adire,
3168 2012 3224 2053 ut
3264 2004 3356 2055 ea‘s
3407 2004 3505 2056 ob-

1944 2089 2160 2133 servent
2188 2089 2240 2133 et
2280 2080 2487 2147 fructus
2517 2085 2791 2154 colligant,
2838 2104 2943 2141 non
2973 2089 3355 2157 prohibentur.
3393 2072 3500 2146 Sed

1946 2180 2001 2223 et
2031 2170 2082 2223 hi
2112 2171 2392 2242 plusquam
2427 2185 2536 2228 tres
2574 2177 2937 2233 hebdomades
2970 2179 3023 2233 lu
3046 2181 3241 2236 alienis
3291 2185 3506 2252 cpisco-

1948 2264 2162 2331 patibus
2210 2252 2488 2320 immorari
2549 2284 2653 2321 non
2708 2271 3112 2339 permittuntur.
3142 2271 3209 2327 Ut
3260 2291 3359 2329 nec
3393 2262 3502 2330 sua:

1946 2356 2187 2410 ecclesia
2213 2360 2425 2427 negotia
2455 2375 2550 2429 per
2601 2361 2900 2415 absentiam
2932 2362 3086 2433 501
3121 2378 3306 2419 eorum
3354 2370 3509 2420 dam-

1951 2463 2074 2501 tuuu
2112 2449 2404 2518 patiantur,
2465 2466 2563 2504 nec
2606 2452 2874 2522 superbiae
2913 2465 2970 2508 et
3018 2456 3390 2512 ostentationis
3419 2476 3511 2513 ac-

1947 2541 2287 2594 cusationem
2323 2542 2424 2596 sibi
2447 2542 2687 2611 alligant,
2719 2558 2787 2598 eo
2814 2546 2955 2613 quod
2979 2545 3100 2616 plus
3147 2550 3403 2618 temporis
3448 2550 3501 2603 in

1948 2631 2123 2686 aliena
2153 2633 2368 2687 civitate
2390 2644 2727 2689 consumant.

2502 2725 2739 2799 canon,
2807 2728 2949 2783 xm.

1956 2834 1976 2868 ι
2019 2814 2176 2871 Osius
2208 2816 2493 2887 episcOpus
2521 2818 2657 2872 dixit
2682 2839 2695 2875 :
2735 2821 2789 2875 Si
2818 2825 2938 2890 quis
2968 2824 3239 2888 diaconus,
3272 2826 3355 2880 vel
3384 2842 3506 2895 pre-

2026 2925 2046 2960 ι
2078 2909 2277 2978 sbyter,
2316 2909 2397 2962 vel
2427 2910 2655 2964 clericus
2691 2913 2764 2966 sit
2793 2904 3406 2980 excommunicatns,’ct
3441 2919 3505 2971 ad

2027 3019 2049 3055 ‹
2078 3002 2242 3055 alium
2276 3004 2609 3073 episcopum,
2639 3005 2722 3058 cui
2752 3015 2910 3058 notus
2940 3008 3030 3072 sit,
3063 3006 3387 3077 confugerit,
3417 3010 3507 3078 qni

2030 3111 2049 3146 ι
2079 3094 2182 3148 scit
2212 3107 2336 3147 eum
2370 3109 2399 3149 a
2438 3096 2656 3164 proprio
2684 3096 2933 3166 episcopo
2982 3112 3102 3153 esse
3134 3100 3511 3153 communione

2026 3203 2047 3238 ι
2080 3198 2319 3252 metum;
2377 3201 2480 3240 non
2534 3198 2781 3255 oportere
2826 3190 3078 3258 episcopo
3114 3201 3167 3243 et
3218 3190 3369 3245 fratri
3414 3208 3513 3245 suo

2029 3295 2048 3329 ι
2078 3278 2333 3348 iniuriam
2368 3278 2565 3346 facere,
2605 3290 2659 3334 et
2687 3281 2736 3334 ei
2760 3270 3199 3337 communionem
3248 3285 3511 3353 praebere.

2030 3389 2049 3423 ι
2078 3370 2171 3425 Sin
2204 3366 2383 3426 autem
2420 3372 2520 3425 hoc
2566 3372 2745 3427 facere
2777 3389 2943 3429 ausus
2982 3376 3163 3439 fuerit,
3200 3377 3358 3440 sciat,
3385 3392 3505 3431 cum

2026 3481 2045 3515 ι
2078 3465 2427 3519 convenerint
2453 3464 2716 3534 episCOpi,
2748 3467 2980 3534 seipsum
3013 3482 3231 3523 causam
3286 3482 3406 3525 esse
3435 3470 3519 3525 di-

2034 3573 2052 3607 t
2081 3565 2312 3610 cturum.
2351 3574 2369 3607 ι

2024 3731 2215 3788 BALS.
2261 3734 2400 3803 Lege
2429 3748 2688 3791 canonem
2726 3737 2813 3802 12.
2852 3738 2939 3804 14,
2994 3738 3063 3793 52
3094 3714 3149 3795 et
3176 3738 3246 3794 35
3292 3749 3513 3796 sancto-

1954 3810 2071 3878 rum
2102 3826 2484 3893 apostolorum,
2516 3837 2569 3882 et
2599 3828 2944 3885 Antiochenre
2965 3831 3151 3901 synodi
3174 3846 3433 3886 canonem
3457 3832 3512 3896 6,

1953 3918 2043 3986 qui
2075 3916 2262 3971 dicunt
2291 3920 2497 3972 eadem.
2958 3926 2965 3935 ‘

2025 4006 2280 4063 ZONAB.
2322 4009 2505 4065 Plures
2559 4011 2829 4066 bocidem
2887 4020 3000 4066 tum
3060 4015 3337 4083 apostolici
3394 4029 3504 4071 tum

1955 4102 2200 4172 synodici
2232 4117 2462 4156 canones
2496 4103 2799 4158 decrevere.
2829 4102 3024 4157 Eadem
3078 4121 3307 4175 namque
3334 4120 3387 4161 et
3418 4111 3513 4162 tri-

1955 4191 2157 4261 cesimo
2186 4190 2422 4245 secundo
2452 4200 2503 4244 et
2532 4191 2814 4247 trecesimo
2848 4192 3007 4246 tertio
3040 4202 3343 4248 sanctorum
3380 4213 3512 4266 apo-

1955 4282 2210 4337 Stolorum
2242 4297 2471 4346 canone,
2496 4293 2549 4367 et
2580 4283 2924 4339 Antiocheam
2950 4286 3134 4354 synodi
3161 4287 3370 4343 decimo
3401 4299 3511 4343 ter-

1818 4358 1827 4359 i
1883 4371 1928 4427 D
1961 4374 2033 4427 tio
2061 4382 2256 4427 statuta
2285 4358 2545 4443 reperias.

278 4468 513 4529 ΔΡΙΣΤ.
551 4487 568 4518 r
612 4466 671 4519 ’0
716 4466 810 4534 τὸν
872 4463 1025 4533 παρά
1070 4462 1164 4515 τοῦ
1216 4462 1347 4516 ίδίου
1385 4461 1684 4515 ἐπισκόπου
1714 4460 1847 4529 ἀφο-

368 4582 386 4613 ι
429 4560 682 4632 ρισθέντα
723 4558 1010 4621 κοινωνίας
1071 4558 1208 4628 μετά
1266 4555 1471 4626 γνῶσιν
1524 4553 1690 4620 ἀξιῶν
1747 4554 1850 4607 οὐκ

365 4672 383 4704 ι
423 4651 734 4712 ἀνεύθυνος.
764 4667 782 4700 ι

370 4745 427 4797 '0
465 4746 522 4796 ἐν
563 4742 768 4813 είδήσει
797 4722 1090 4811 δεξάμενος
1113 4738 1202 4792 τὸν
1233 4738 1383 4805 παρά
1414 4736 1511 4791 τοῦ
1541 4737 1673 4791 ίδίου
1729 4739 1849 4790 ἐπι-

284 4838 495 4891 σκόπου
535 4834 903 4907 ἀφορισθέντα
924 4831 1316 4902 πρεσϐύτερον,
1350 4830 1383 4900 ἢ
1417 4829 1848 4898 διάκονον,ἢκαί

280 4944 409 4981 τινα
431 4926 540 4979 τῶν
573 4924 871 4996 κληρικῶν,
900 4923 993 4976 καὶ
1013 4923 1477 4992 συγκοινωνήσας,
1500 4922 1621 4991 ἢτοι
1643 4921 1851 4973 συλλει-

280 5037 383 5072 του
394 5021 602 5089 ργήσας
633 5016 806 5087 αὐτῷ,
829 5015 929 5068 οὐκ
951 5013 1266 5081 ἀνεύθυνος,
1285 5012 1399 5067 ἀλλ’
1422 5012 1848 5083 ἀφορισθήσεται

284 5115 383 5165 καί
420 5112 605 5173 αὐτὸς,
640 5112 784 5162 κατά
825 5108 919 5162 τὸν
962 5106 1265 5162 δωδέκατον
1295 5103 1494 5158 κανόνα
1526 5105 1636 5158 τῶν
1679 5104 1849 5173 ἀγίων

283 5201 632 5257 ἀποστόλων.

856 5292 1091 5347 ΚΑΝΩΝ
1121 5294 1218 5345 ιΔν.
1498 5358 1503 5363 _

291 5406 314 5441 ο
356 5386 426 5441 Εἰ
445 5403 531 5451 τις
560 5384 865 5446 ἐπίσκοπος
906 5384 1018 5455 (79)
1047 5382 1302 5453 ὀξύχολος
1349 5380 1678 5452 εὑρίσκοιτο,
1708 5382 1844 5453 ὅπερ

1951 4463 2178 4518 ARIST.
2227 4481 2247 4516 ι
2286 4464 2386 4531 Qui
2417 4482 2443 4517 a
2473 4465 2691 4537 proprio
2710 4467 2962 4538 episcopo
2987 4471 3510 4525 excommunicatum

2024 4569 2045 4604 ι
2077 4554 2453 4609 communione
2501 4557 2675 4612 sciens
2729 4559 3001 4628 dignatur,
3062 4574 3165 4614 non
3226 4570 3309 4615 est
3360 4562 3517 4617 inno-

2023 4665 2043 4699 1
2073 4659 2211 4700 ιιυε.
2243 4665 2262 4697 ο

2020 4739 2120 4806 Qui
2156 4743 2550 4810 presbyterum,
2604 4742 2686 4797 vel
2735 4742 3022 4800 diaconum
3057 4746 3141 4800 vel
3172 4756 3228 4801 et
3275 4746 3508 4817 aliquem

1953 4831 2271 4886 clericorum
2326 4846 2356 4886 a
2410 4833 2627 4903 proprio
2682 4836 2938 4906 episcopo
2986 4841 3512 4896 excommunicatum

1954 4922 2133 4978 sciens
2159 4923 2453 4992 acceperit,
2486 4934 2541 4978 et
2595 4928 3097 4994 connnunicaverit,
3151 4937 3244 4983 aut
3288 4946 3409 4985 cum
3448 4945 3515 4986 eo

1954 5030 2107 5070 sacra
2164 5016 2448 5085 peregerit,
2507 5016 2732 5071 crimine
2785 5033 2888 5072 non
2948 5030 3125 5089 vacat,
3181 5025 3273 5077 sed
3321 5033 3375 5078 et
3404 5027 3517 5093 ipse

1956 5109 2345 5178 segregabitur,
2421 5109 2717 5163 secundum
2785 5118 3095 5167 sanctorum
3144 5116 3515 5185 apostolorum

1955 5213 2215 5254 canonem
2249 5200 2336 5254 12.

2508 5293 2739 5351 ΕΑΝΟΝ
2816 5295 2957 5352 XIV.

1947 5399 1969 5433 ι
2016 5382 2071 5436 Si
2102 5381 2409 5440 inveniatur
2438 5385 2561 5455 quis
2586 5389 2868 5459 episcopus
2893 5390 2961 5446 ad
3011 5390 3142 5446 iram
3199 5406 3515 5461 propensus,

1455 5474 1658 5536 Guill.
1705 5477 2036 5556 Beveregii
2071 5484 2263 5539 notae.

360 5580 471 5650 (79)
514 5581 580 5634 El
623 5595 714 5645 τις
756 5578 1112 5644 ἐπίσκοπος.
1152 5576 1289 5650 Huic
1331 5577 1494 5632 etiam
1548 5580 1743 5633 cationi
1798 5582 1851 5633 in

276 5647 475 5707 codice
495 5650 923 5716 Amerbacbiano
939 5651 1081 5703 aliud
1105 5647 1314 5716 σκόλιον
1331 5662 1599 5701 annexum
1627 5650 1853 5704 habetur

283 5722 375 5779 sic
419 5736 478 5777 te
522 5720 750 5788 habens,
800 5714 1025 5785 061096
1060 5714 1238 5773 κανὼν
1288 5716 1550 5781 ἐναντίοις
1593 5721 1704 5782 τοῖς
1750 5719 1856 5791 πρὸ

1959 5580 2124 5652 ἀίδτοῦ
2150 5581 2268 5652 ἐστι
2298 5580 2394 5652 καὶ
2425 5581 2736 5652 συγχύσεων
2761 5589 2854 5638 καὶ
2882 5582 3189 5638 σκανδάλων
3213 5586 3381 5648 αἴτιος
3410 5604 3424 5617 θ
3455 5587 3516 5641 τὸ

1964 5650 2063 5719 μὲν
2110 5651 2218 5719 γὰρ
2266 5649 2356 5702 τὸν
2408 5649 2872 5715 καταδικασθέντα
2917 5655 3021 5707 ὑπὸ
3071 5656 3166 5708 τοῦ
3218 5657 3514 5711 ἐπισκόπου

1963 5718 2220 5790 κληρικὸν
2269 5721 2361 5773 ἐπὶ
2403 5720 2494 5775 τὸν
2540 5724 2713 5779 κοινὸν
2763 5724 3067 5796 ἐπιτρέχειν
3120 5728 3519 5797 μητροπολίτην
