3982 6494
497 276 636 344 14⁸19

1754 276 2028 339 ΤΗΕΟΙ).
2072 274 2477 337 BALSAMON

3549 292 3649 357 1480

568 392 820 451 ZONAR.
859 394 915 449 Si
967 395 1087 465 quis
1138 394 1443 465 cpiscopus,
1477 393 1727 465 inquiunt
1760 392 1968 459 Patres,
2002 391 2073 445 sit

2238 391 2480 445 ZDNAP.
2523 387 2652 444 Ἐὰν
2692 388 3017 453 ἐπίσκοπος,
3052 389 3211 459 φασὶν
3242 393 3288 444 οἱ
3312 366 3651 469 Πατέρες,ὸξύ.

491 492 560 541 ad
589 486 922 542 iracundiam
952 486 1263 555 proclivior,
1297 486 1588 558 (quamvis
1619 487 1754 542 tales
1785 486 2070 555 episcorios

494 593 617 634 esse
647 578 1056 648 haudquaquam
1086 579 1269 633 deceat
1297 579 1337 649 ),
1376 579 1531 649 isque
1563 580 1847 635 diaconum
1879 594 2072 648 quem-

495 672 666 739 piam,
695 680 790 725 aut
840 671 1235 741 presbyterum,
1285 670 1339 724 in
1373 685 1468 726 eos
1502 670 1877 725 vehementius
1923 684 2071 723 com-

497 771 699 827 motus,
726 771 874 814 extra
905 762 1190 815 ecclesiam
1221 761 1421 831 eiiciat,
1443 762 1545 817 hoc
1573 769 1677 825 est,
1703 762 2073 830 segregatione

498 853 687 922 puniat
715 869 729 906 :
762 868 828 907 nc
858 853 945 906 ille
972 835 1214 921 repente,
1268 854 1369 907 hoc
1420 863 1522 915 est,
1558 854 1739 908 subito
1777 861 1830 907 et
1864 851 2073 920 absque

416 956 419 959 ‘
498 959 661 999 causa
694 944 1071 1000 communione
1117 945 1396 1013 privetur,
1425 946 1811 1016 providendum
1868 944 2074 998 scilicet

495 1046 553 1090 et
579 1039 878 1105 curandum
912 1046 1017 1092 est.
1078 1036 1371 1108 Confugiat
1426 1053 1557 1092 vero
1616 1038 1685 1103 is,
1738 1036 1831 1107 qui
1863 1037 2070 1106 ejectus

494 1132 700 1193 est,rad
733 1129 1206 1198 metropolitanum
1264 1130 1586 1200 provinciae,
1618 1144 1740 1183 eum
1791 1128 2068 1193 videlicet,

500 1210 590 1275 cui
624 1220 909 1292 episcopus
940 1235 1155 1291 quoque
1190 1220 1279 1276 ille
1306 1231 1494 1277 auctor
1523 1219 1912 1290 segregationis
1941 1219 2071 1271 sub-

494 1314 672 1381 iectus
701 1325 816 1381 est;
851 1314 1111 1382 illumque
1145 1324 1295 1385 roget
1328 1323 1384 1367 ut
1434 1316 1727 1384 negotium,
1779 1312 1830 1366 id
1864 1310 2071 1366 scilicet

399 1438 405 1446 -
497 1404 642 1473 quod
671 1418 859 1459 contra
892 1406 1064 1475 ipsum
1102 1406 1168 1459 ab
1198 1407 1452 1474 episcopo
1483 1417 1662 1459 actum
1702 1413 1807 1471 est,
1840 1402 2069 1473 diligen-

500 1509 582 1551 ter
611 1497 905 1550 examinet.
954 1496 1139 1566 Neque
1167 1511 1294 1551 vero
1344 1506 1436 1550 aut
1481 1496 1748 1565 supplices
1802 1495 2073 1565 negligere

496 1584 581 1638 las
604 1593 706 1651 est,
736 1594 828 1639 aut
873 1586 1181 1655 episcopus,
1237 1602 1265 1639 ιι
1302 1601 1408 1655 quo
1463 1585 1702 1655 irrogata
1766 1586 2070 1655 segregatio

496 1686 602 1741 est,
632 1691 695 1731 ea
721 1677 1077 1747 inquisitione
1122 1677 1321 1733 offendi
1354 1719 1368 1742 ,
1409 1676 1540 1746 quin
1584 1678 1635 1731 id
1667 1674 1853 1746 potius
1877 1691 2071 1746 magno

2173 482 2327 551 χολος
2352 478 2407 554 ᾖ,
2442 482 2561 554 ἦτοι
2616 482 2860 553 ὀργίλος,
2893 482 2941 534 εί
2973 482 3065 534 καὶ
3107 482 3204 536 οὑκ
3233 486 3477 556 ἐνδέχεται
3514 498 3649 549 τοιού-

2173 590 2297 636 τους
2327 570 2618 638 εἶναιτοὺς
2654 577 3009 636 ἐπισκόπους,
3040 577 3134 628 καὶ
3164 578 3387 646 κινηθεὶς
3419 585 3488 645 είς
3520 584 3653 657 θυμὸν

2173 665 2316 718 κατά
2349 665 2661 739 διακόνουῆ
2706 665 3084 736 πρεσϐυτέρου
3134 667 3331 742 ἐκϐάλῃ
3372 673 3461 744 τῆς
3500 677 3654 752 ἐκκλη.

2174 755 2298 819 σίας
2328 758 2471 822 τινὰ,
2517 757 2691 829 ᾕγουν
2736 757 2995 831 ἀφορίσῃ,
3032 761 3343 832 προνοητέον
3394 758 3496 835 ἦτοι
3534 787 3659 843 φρον-

2171 847 2404 909 τιστέον,
2468 849 2544 919 μὴ
2597 848 2815 920 ἀθρόον,
2881 849 3053 919 ἤγουν
3104 851 3371 919 αίφνιδίως
3419 860 3501 910 καὶ
3532 864 3660 932 χωρὶς

2175 940 2403 1005 σκοποῦ,
2430 940 2525 994 τὸν
2547 942 2789 997 τοιοῦτον
2818 943 2916 1014 τῆς
2946 944 3227 1008 κοινωνίας
3252 945 3658 1019 ἀποστρεφείσθαι.

2175 1034 2589 1103 Καταφευγέτω
2614 1034 2671 1088 δὲ
2695 1036 2725 1087 6
2755 1036 3051 1106 ἐγκληθεὶς
3076 1035 3211 1107 πρὸς
3226 1038 3312 1091 τὸν
3328 1043 3659 1117 μητροπολίτην

2173 1124 2273 1193 τῆς
2334 1126 2628 1196 ἐπαρχίας,
2677 1118 2721 1195 ᾧ
2752 1127 2997 1198 δηλονότι
3064 1129 3341 1183 ὑπόκειται
3382 1132 3409 1182 6
3458 1133 3662 1203 ἀφορίσας

2174 1215 2496 1283 ἐπίσκοπος,
2530 1218 2647 1285 καὶ,
2688 1218 2943 1285 ἀξιούτω,
2978 1219 3067 1273 ίνα
3124 1221 3252 1289 παρ’
3288 1222 3437 1276 αὑτοῦ
3475 1226 3665 1296 ἀκριϐῶς

2179 1307 2442 1379 ἑξετασθῇ
2496 1308 2557 1362 τὸ
2584 1311 2837 1381 πρᾶγμα,
2870 1312 2992 1382 ἦτοι
3024 1313 3057 1383 ἡ
3109 1313 3197 1367 ἐπ’
3244 1314 3381 1385 αὐτῷ
3403 1318 3572 1388 πρᾶξις
3595 1321 3665 1374 τοῦ

2174 1401 2501 1455 ἐπισκόπου.
2547 1402 2623 1454 Οὑ
2655 1403 2762 1473 χρὴ
2816 1403 2926 1474 γάρ
2955 1404 3302 1476 παρορᾶσθαι
3328 1408 3444 1472 τοὺς
3468 1411 3669 1480 αἰτουμέ-

2175 1508 2324 1557 νους,
2352 1492 2449 1547 καὶ
2476 1493 2613 1564 μηδὲ
2632 1495 2660 1547 6
2689 1495 2961 1567 ἀφορίσας
2996 1497 3297 1561 ἐπίσκοπος
3325 1500 3666 1567 ἀγανακτείτω·
3744 1484 3753 1499 ’

2174 1582 2310 1637 ἀλλὰ
2332 1584 2550 1657 φερέτω
2578 1586 2850 1653 γενναίως
2880 1589 2983 1658 τὴν
3016 1587 3284 1655 ἐξέτασιν,
3330 1590 3412 1645 ἵνα
3439 1592 3468 1662 ἢ
3496 1596 3668 1665 κυρωθῇ

2174 1677 2210 1746 ή
2239 1676 2519 1746 ἀπόφασις
2545 1677 2710 1731 αὑτοῦ
2738 1677 2924 1733 δικαία
2948 1679 3107 1744 οὖσα,
3156 1682 3189 1751 ἢ
3244 1681 3511 1755 διορθωθῇ.
3544 1685 3593 1739 '0
3628 1688 3670 1740 δὲ

498 1770 684 1824 animo
712 1767 856 1824 ferre
889 1770 1072 1835 debcl;
1118 1777 1177 1824 ut
1206 1770 1286 1826 vel
1320 1769 1667 1840 pronuntiata
1703 1770 1993 1833 sententia,
2019 1768 2065 1821 si

2172 1770 2553 1841 ἀφωρισμένος
2583 1769 2684 1823 οὑκ
2716 1770 2923 1838 ὀφείλει
2948 1773 3056 1843 πρὸ
3078 1773 3179 1843 τῆς
3208 1773 3528 1842 διαγνώσεως
3553 1777 3669 1829 ἀναι-

491 1864 640 1933 jnsta
674 1862 859 1927 fuerit,
891 1866 1281 1920 conﬁrmetur:
1321 1852 1426 1927 vel,
1462 1864 1504 1916 si
1537 1864 1605 1917 ab
1656 1862 1919 1931 aequitate
1957 1862 2069 1916 dis-

412 1974 415 1977 π
498 1953 823 2025 crepaverit,
874 1955 1200 2023 corrigatur.
1226 1953 1328 2021 Qui
1354 1953 1512 2025 503
1538 1968 1665 2009 vero
1693 1955 2069 2025 segregatione

497 2044 787 2101 damnatus
820 2056 923 2112 est,
971 2052 1103 2121 ante
1136 2061 1313 2101 causa:
1367 2047 1730 2116 cognitionem
1783 2063 1851 2102 ne
1897 2061 1956 2101 se
2010 2046 2067 2100 in

496 2136 933 2191 communionem
967 2135 1206 2191 ﬁdelium
1239 2138 1581 2207 impudenter
1610 2138 1869 2193 insinuet.
1914 2138 2068 2204 Qn‘od

499 2224 550 2279 si
583 2225 678 2296 qui
708 2240 773 2281 ex
799 2228 1016 2283 clericis
1068 2228 1208 2285 illius
1255 2229 1518 2299 episcopi,
1550 2244 1579 2283 a
1610 2244 1719 2299 quo
1754 2238 2069 2301 segregatus

495 2325 601 2379 est,
632 2317 898 2383 adversus
954 2320 1134 2390 ipsum
1185 2320 1502 2376 insolentius
1547 2302 1727 2377 ἔθ’εηὶ
1761 2322 1912 2376 illum
1958 2324 2070 2377 ani-

498 2408 908 2475 madverterint,
942 2410 1121 2489 verbis
1145 2425 1267 2466 cum
1286 2411 1678 2477 acerbioribus,
1706 2413 2066 2483 gravioribus,

495 2501 952 2556 vehementiorem
973 2502 1187 2557 scilicet
1197 2492 1624 2574 objurgationem
1646 2506 2068 2572 continentibus,

500 2588 826 2654 detcrquere
852 2602 917 2643 ac
948 2587 1184 2655 ﬂectere,
1214 2590 1318 2643 hoc
1339 2602 1446 2655 est,
1474 2593 1541 2646 ad
1576 2593 1742 2648 animi
1794 2595 2071 2651 remissio-

500 2690 624 2730 nem
680 2678 1097 2750 mudestamque
1148 2681 1541 2751 subiectionem
1575 2699 1832 2742 revocare
1864 2694 2069 2742 conen-

500 2778 590 2822 tur
616 2785 630 2823 :
658 2771 805 2838 quod
832 2772 1052 2842 quidem
1082 2788 1196 2838 eos,
1228 2784 1484 2845 tanquam
1517 2779 1773 2847 episcopo
1802 2791 1904 2834 suo
1933 2778 2069 2834 sub-

498 2860 799 2917 servientes
858 2877 922 2918 ac
989 2864 1308 2934 morigeros,
1356 2878 1615 2937 praestare
1673 2872 1848 2928 decet.
1909 2872 2069 2929 Sicut

495 2951 669 3017 enim,
707 2953 904 3023 inquit,
934 2956 1176 3026 episcopi
1199 2973 1327 3029 erga
1363 2959 1638 3016 ministros
1655 2977 1811 3028 suos,
1840 2965 2070 3023 clericos

495 3043 770 3111 videlicet,
796 3049 1068 3103 sinceram
1097 3050 1262 3105 animi
1288 3050 1627 3108 affectionem
1660 3070 1771 3126 prae
1800 3072 1859 3112 se
1889 3058 2067 3125 ferre,

496 3134 580 3189 sic
612 3134 688 3192 illi
721 3137 955 3193 vicissim
986 3140 1255 3209 episcopis
1279 3141 1644 3197 ministerium
1695 3146 1837 3200 nulla
1885 3156 2073 3203 conta-

493 3227 657 3298 gione
710 3229 818 3283 doli
874 3232 1303 3287 contaminatum
1361 3243 1619 3304 praestare
1663 3237 1882 3293 debent.
1918 3238 2069 3306 Quod

494 3332 675 3377 autem
709 3324 786 3378 ait
831 3339 1006 3381 canon
1060 3327 1245 3391 licere,
1277 3328 1504 3384 absente
1550 3332 1986 3400 metmpolitano,
2019 3335 2070 3390 ei

491 3411 587 3480 qui
617 3425 933 3484 segregatus
954 3423 1059 3484 est,
1093 3417 1159 3471 ad
1186 3417 1500 3474 viciniorein
1532 3420 1839 3492 episcopum
1864 3439 2063 3494 provo-

494 3519 643 3573 care,
696 3523 971 3578 nunquam
1009 3520 1324 3579 usurpatum
1359 3511 1526 3568 fuisse
1574 3515 1863 3584 existimo;
1897 3521 2068 3575 nostri

493 3608 643 3653 certe
693 3602 951 3670 temporis
978 3603 1317 3658 consuetudo
1348 3620 1455 3659 non
1486 3606 1743 3665 admittit.
1780 3608 2066 3676 Quomodo

2172 1862 2278 1926 δῶς
2305 1862 2590 1933 προσιέναι
2621 1864 2685 1934 τῇ
2748 1864 3028 1936 κοινωνίᾳ.
3068 1865 3198 1918 Ἐὰν
3246 1866 3302 1920 δὲ
3333 1866 3500 1921 ἴδωσιν
3548 1870 3671 1923 αὑτόν

2170 1969 2322 2016 τινες
2365 1953 2477 2006 τῶν
2507 1953 2789 2023 κληρικῶν
2821 1956 2915 2008 τοῦ
2947 1956 3311 2028 ἀφορίσαντος
3333 1958 3483 2012 αὑτὸν
3501 1960 3674 2021 ἐπισκό-

2173 2060 2280 2095 που
2320 2044 2687 2115 ὲπαιρόμενόν
2715 2061 2777 2099 τε
2803 2047 2896 2100 καὶ
2947 2046 3407 2117 ἀλαζονευόμενον
3452 2048 3573 2101 κατά
3602 2050 3671 2103 τοῦ

2170 2134 2538 2206 ἀφορίσαντος
2564 2136 2749 2201 αὑτὸν,
2781 2137 3093 2207 ὀφείλουσιν
3142 2138 3482 2211 ὲπιστράφειν
3528 2142 3669 2205 αὑτὸν,

2167 2228 2445 2283 τουτέστιν
2468 2229 2549 2293 είς
2568 2230 2897 2285 ταπείνωσιν
2956 2232 3113 2301 ἄγειν
3150 2233 3249 2287 καὶ
3299 2233 3570 2305 ὑποταγὴν,
3604 2253 3671 2287 πι-

2175 2320 2458 2392 κροτέροις
2510 2322 2607 2376 καὶ
2657 2322 2983 2396 βαρυτέροις
3042 2326 3309 2397 ῥήμασιν,
3370 2325 3675 2403 ὀνειδιστικοῖς

2174 2411 2379 2485 δηλαδὴ
2406 2414 2503 2470 καὶ
2534 2414 3026 2481 ἑπεξελευστικοῖςο
3055 2417 3217 2473 τοῦτο
3262 2419 3317 2472 δὲ
3365 2420 3522 2472 ποιεῖν
3564 2419 3675 2484 ὀφεί-

2170 2504 2371 2571 λουσιν,
2396 2505 2474 2569 ὠς
2498 2505 2911 2577 ὑπηρετοῦντες
2939 2510 3036 2564 καὶ
3067 2510 3436 2575 ὑπακούοντες
3457 2511 3537 2565 τοῦ
3584 2512 3673 2563 ἐπι·

2175 2597 2384 2651 σκόπου
2442 2597 2644 2655 αὐτῶν.
2697 2601 2911 2673 Ὠσπερ
2962 2601 3093 2674 γὰρ,
3124 2600 3286 2675 φησι,
3344 2604 3488 2674 χρέος
3527 2605 3611 2671 εχει
3654 2604 3676 2655 ὁ

2170 2689 2469 2754 ἀπίσκοπος
2494 2690 2873 2747 ἐνδείκνυσθαι
2904 2692 3155 2766 καθαρὰν
3173 2695 3418 2750 διάθεσιν
3441 2694 3551 2766 πρὸς
3577 2695 3672 2756 τοὺς

2172 2780 2471 2863 ὑπηρέτας,
2498 2785 2617 2854 ἢτοι
2650 2783 2776 2848 τοὺς
2801 2784 3099 2857 κληρικοὺς
3127 2788 3324 2853 αὑτοῦ,
3359 2786 3517 2849 οὕτως
3535 2785 3675 2856 ἀρίδη-

2172 2871 2265 2925 λόν
2317 2874 2436 2927 ἔστι
2479 2873 2771 2940 κάκείνους
2826 2874 3066 2945 ὀφείλειν
3120 2878 3224 2943 τὴν
3275 2877 3555 2948 ὑπηρεσίαν
3596 2876 3679 2937 τοῖς

2172 2966 2499 3030 ἐπισκόποις
2528 2964 2714 3021 ἄδολον
2740 2967 3003 3025 ἐκτελεῖν.
3042 2968 3118 3022 T6
3134 2970 3199 3023 δὲ
3226 2969 3405 3040 λέγειν
3428 2968 3676 3023 τὸνηκανόνα

2098 3098 2145 3159 c
2178 3059 2255 3131 μὴ
2308 3059 2670 3129 ὲνδημοῦντος
2717 3060 2812 3114 τοῦ
2864 3059 3270 3133 μητροπολίτου
3314 3062 3412 3125 τῆς
3468 3057 3679 3130 ἐπαρχίας

2175 3151 2548 3221 καταφεύγειν
2568 3151 2664 3204 τὸν
2698 3151 3065 3222 ἀφορισθέντα
3105 3154 3200 3206 ἐπὶ
3230 3153 3323 3207 τὸν
3343 3152 3678 3223 πλησιόχωρον,

2173 3237 2330 3311 οἶμαι
2355 3240 2626 3312 μηδέποτε
2650 3241 2967 3314 ἐνεργῆσαι,
3021 3243 3163 3307 τέως
3197 3243 3257 3297 δὲ
3299 3244 3392 3297 νῦν
3421 3244 3477 3297 οὑ
3498 3244 3683 3312 γίνεται.

2175 3334 2298 3397 Πῶς
2321 3334 2434 3403 γὰρ
2455 3336 2585 3405 παρ’
2608 3334 2797 3406 ἑτέρου
2828 3336 3255 3407 μητροπολίτου,
3283 3332 3331 3408 ᾧ
3341 3337 3434 3407 οὑχ
3455 3336 3685 3388 ὑπόκειται

2174 3429 2206 3481 6
2236 3427 2506 3498 ἀφορίσας
2530 3430 2855 3494 ἐπίσκοπος,
2907 3429 3279 3499 πεισθήσεται
3328 3428 3688 3500 δοκιμασθῆναι,

2175 3522 2226 3575 εί
2253 3520 2477 3585 δικαίως
2501 3521 2780 3593 ἀφώρισεν
2831 3523 2865 3594 ἢ
2910 3523 2983 3594 μή
3008 3538 3025 3590 ς
3064 3524 3229 3596 Ζήτει
3258 3526 3354 3578 καὶ
3380 3525 3472 3594 τῆς
3496 3525 3547 3576 ἐν
3573 3522 3687 3588 Καρ·-

2176 3612 2382 3685 θαγένη
2408 3616 2608 3669 κανόνα
2633 3613 2737 3672 κθ’.

492 3687 639 3741 enim
673 3689 743 3743 ab
790 3692 959 3746 altero
1012 3695 1446 3763 metropolitano,
1499 3699 1587 3751 cui
1631 3699 1910 3770 subjectus
1940 3719 2044 3759 non
2105 3715 2190 3763 est
2242 3709 2533 3779 episcopus
2566 3708 2960 3781 segregationis
3006 3719 3223 3779 auctor,
3259 3712 3326 3766 de
3367 3723 3427 3765 ea
3486 3718 3691 3775 κεκεα-

497 3780 660 3847 tione,
689 3782 882 3851 jurene
925 3800 993 3839 an
1026 3785 1281 3856 injuriam
1328 3791 1541 3847 decreta
1614 3792 1798 3861 fuerit,
1852 3800 2207 3867 qua-stionem
2276 3804 2462 3861 haberi
2522 3806 2851 3876 permittat?
2886 3803 3021 3861 Vide
3066 3805 3264 3876 synodi
3307 3796 3694 3873 (Iartbaginensis

490 3889 751 3930 canonem
787 3876 1260 3935 undetricesimure

490 3983 718 4044 KRIST.
762 4009 781 4042 ι
824 3992 906 4046 Ab
933 3992 1190 4048 iracundo
1223 3996 1632 4064 condemnatus,
1655 3999 1700 4055 si
1737 4001 1940 4057 auxilio
1974 4004 2057 4058 in—

569 4098 591 4133 ι
630 4084 828 4153 digeat,
862 4084 1158 4139 audiendus
1190 4103 1204 4139 :
1234 4090 1405 4142 donec
1436 4104 1573 4145 «vero
1602 4093 1861 4147 auxilium
1893 4095 2064 4165 impe-

569 4191 591 4227 ι
628 4178 867 4240 traverit,
898 4180 1393 4236 cxcommnnicatus
1428 4196 1659 4240 maneat.
1689 4203 1707 4236 ι

564 4265 666 4332 Qui
699 4267 767 4320 ab
791 4267 1041 4335 episcopo
1074 4266 1142 4321 ad
1178 4272 1311 4322 iram
1339 4270 1564 4326 forsitan
1594 4284 1862 4329 commoto
1887 4292 2067 4347 segre-

492 4369 650 4428 gatur
685 4358 916 4413 clericus
936 4398 952 4423 ,
982 4360 1029 4414 si
1061 4359 1127 4412 ad
1160 4362 1557 4430 inetropolitam
1581 4405 1595 4429 ,
1632 4367 1719 4419 cui
1772 4367 2062 4436 subjicitur

490 4451 800 4523 episcopus,
827 4451 1057 4519 accedit,
1093 4461 1151 4505 ut
1187 4456 1578 4524 segregationis
1600 4472 1819 4513 causam
1856 4442 2060 4517 exami-

492 4556 620 4610 net;
681 4546 796 4600 sive
823 4558 887 4600 ea
908 4545 1053 4615 justa
1103 4545 1213 4612 sit,
1246 4546 1360 4602 sive
1410 4564 1517 4602 non
1560 4551 1670 4616 sit,
1721 4553 2123 4616 admittetur.-;

490 4638 788 4707 Antequam
824 4649 999 4693 autem
1029 4640 1396 4709 examinetur,
1425 4652 1480 4696 et
1513 4653 1696 4698 uotum
1721 4648 1792 4702 sit
1827 4663 1894 4702 an
1920 4651 2064 4719 juste

2164 3984 2389 4041 ΑΡΙΣΤ.
2453 4002 2474 4036 ι
2525 3983 2585 4038 '0
2646 3986 2779 4055 παρ’
2820 3985 3076 4058 όξυχόλου
3106 3986 3463 4053 κακάκριτος,
3512 3983 3693 4035 ἐπικου-

2244 4096 2263 4130 ι
2315 4077 2432 4148 ρίας
2456 4077 2731 4148 δεόμενος,
2780 4078 2883 4131 οὑκ
2910 4079 3163 4149 ἀνήκοος.
3200 4081 3367 4149 Ἄχρι
3397 4078 3452 4131 δὲ
3478 4076 3567 4145 τῆς
3597 4075 3692 4125 ἑπι-

2244 4192 2263 4226 ι
2312 4172 2538 4244 κουρίας
2568 4174 2768 4246 δηλαδὴ
2800 4174 3187 4244 ἀκοινώνητος.
3224 4192 3245 4227 s

2246 4268 2307 4323 Ὀ
2338 4268 2469 4336 παρ’
2502 4269 2795 4321 ἐπισκόπου
2828 4270 2907 4332 είς
2934 4268 3107 4339 θυμὸν
3127 4269 3204 4333 ὼς
3231 4268 3392 4339 ἔτυχε
3423 4263 3698 4335 κινουμένου

2169 4361 2496 4432 ἁφορισθεὶς
2527 4362 2809 4433 κληρικδς,
2832 4364 2879 4414 εί
2900 4361 3175 4434 προσέλθῃ
3206 4361 3286 4430 τῷ
3307 4347 3700 4432 μητροπολίτῃῷ

2164 4452 2193 4505 6
2224 4453 2521 4517 ἐπίσκοπος
2550 4453 2855 4519 ὑπόκειται,
2883 4453 2983 4505 ἐπὶν
3003 4454 3064 4507 τδ
3091 4454 3354 4519 ἐξετάσαι
3412 4452 3506 4523 τὴν
3556 4448 3700 4503 αἰτίαν

2163 4545 2259 4598 τοῦ
2305 4546 2634 4616 ἀφορισμοῦ,
2681 4546 2795 4597 εἴτε
2847 4536 3091 4615 εὑλογόςξ
3123 4548 3297 4609 ἐστιν,
3346 4547 3455 4599 είτε
3501 4538 3700 4610 καὶμὴν

2170 4635 2646 4711 παραδεχθήσεται
2671 4651 2688 4667 ο
2724 4634 2832 4706 πρὸ
2853 4634 2910 4688 δὲ
2940 4635 3034 4689 τοῦ
3082 4626 3447 4707 ἐξετασθῆναι
3479 4637 3566 4688 καὶ
3611 4632 3701 4684 δια-

490 4739 801 4799 segregatus
850 4730 1010 4785 fuerit
1057 4745 1270 4798 necne,
1322 4735 1389 4786 ad
1446 4738 2061 4811 coniiiiunioneminou

2169 4728 2503 4799 γνωσθῆναι,
2537 4728 2648 4783 εἴτε
2679 4727 2859 4792 καλῶς
2882 4728 3192 4800 ἀφωρίσθη,
3241 4730 3358 4784 εἴτε
3404 4729 3498 4782 καὶ
3532 4727 3618 4798 μὴ,
3655 4721 3700 4775 οὔ

448 4848 461 4867 ί
490 4822 825 4892 admittetur,
851 4827 944 4881 sed
971 4826 1024 4881 in
1052 4841 1211 4896 poena
1239 4828 1498 4886 manebit.

2169 4819 2745 4893 παραδεχθήσεταιείς
2765 4822 3073 4890 κοινωνίαν,
3107 4821 3228 4876 ἀλλ’
3276 4823 3341 4877 ὲν
3369 4821 3450 4893 τῷ
3485 4816 3703 4886 ἐπιτιμίῳ

696 4910 697 4913 “
2161 4914 2336 4972 ἔσται.

1086 4986 1312 5063 CANON
1354 5007 1472 5065 xv.
2028 5072 2029 5075 γ

499 5117 521 5152 ι
559 5094 617 5153 Si
646 5096 770 5169 quis
790 5095 1072 5169 episcopus
1114 5116 1180 5157 ex
1238 5102 1342 5156 alia
1387 5102 1626 5174 parmcia
1670 5104 1797 5160 velit
1834 5106 2067 5164 alienum

573 5208 594 5244 ι
631 5189 960 5254 ministrum,
994 5191 1108 5246 sine
1150 5207 1412 5249 consensu
1462 5195 1662 5265 proprii
1699 5199 1970 5269 episcopi,
2015 5199 2069 5254 in

574 5302 593 5336 ι
627 5285 807 5354 aliquo
836 5283 1000 5354 gradu
1029 5288 1393 5353 constituere;
1426 5287 1583 5342 irrita
1605 5298 1658 5344 et
1692 5290 1901 5345 inﬁrma
1932 5293 2068 5361 ejus-

569 5393 589 5426 ι
624 5376 766 5432 modi
791 5374 1110 5430 constitutio
1136 5377 1495 5433 existimetur.
1538 5378 1595 5433 Si
1642 5380 1732 5449 qui
1759 5391 1934 5436 autem
1965 5385 2067 5437 hoc

566 5486 586 5520 ι
620 5467 721 5523 sibi
753 5467 884 5538 ipsis
908 5466 1271 5539 permiserint,
1301 5486 1331 5525 a
1378 5470 1640 5528 fratribus
1660 5482 1710 5527 et
1738 5475 2067 5545 coepiscopis

562 5578 581 5611 ι
615 5566 670 5613 et
697 5559 975 5616 admoneri
1007 5570 1062 5616 et
1094 5559 1293 5629 corrigi
1322 5560 1534 5619 debent.
1555 5563 1752 5619 Omnes
1773 5565 2022 5621 dixerunt
2046 5584 2062 5621 :

570 5668 590 5702 ι
626 5650 737 5705 Hoc
785 5667 994 5725 quoque
1045 5654 1487 5729 decretumustet
1532 5654 1745 5713 ﬁrmum
1775 5666 1829 5716 et
1865 5658 2061 5714 immeo

568 5760 588 5795 ι
623 5740 746 5800 bile.
785 5760 806 5796 ι

2771 5008 3013 5064 ΚΔΝΩΝ
3042 5008 3144 5066 ΙΕ’.

2182 5120 2202 5155 ι
2239 5102 2307 5156 Et
2326 5088 2410 5167 τις
2446 5102 2744 5165 ἐπίσκοπος
2786 5101 2843 5168 ἐξ
2897 5101 3088 5173 ἑτέρας
3148 5103 3450 5174 παροικίας
3506 5095 3704 5172 βουληθῇ

2252 5212 2272 5243 ι
2304 5190 2583 5262 ἀλλότριον
2617 5192 2896 5264 ὑπηρέτην
2929 5195 3097 5265 χωρὶς
3133 5194 3236 5263 τῆς
3286 5186 3705 5264 συγκαταθέσεως

2248 5304 2267 5337 ι
2300 5285 2396 5339 τοῦ
2425 5284 2555 5339 ἰδίου
2585 5284 2881 5338 ἐπισκόπου
2910 5286 2989 5348 εἷς
3005 5303 3125 5338 τινα
3146 5286 3359 5356 βαθμὸν
3380 5283 3708 5351 καταστῆσατι

2250 5393 2270 5426 ι
2308 5375 2513 5447 ἄκυρος
2542 5374 2635 5430 καὶ
2665 5373 2920 5436 ἀσέῦαιος
2961 5378 2995 5444 ἡ
3045 5375 3268 5445 τοιαύτη
3323 5378 3358 5446 ὴ
3407 5375 3710 5428 καοάστασις

2250 5483 2269 5518 ι
2310 5465 2605 5537 νομίζοιτο.
2643 5465 2709 5519 Et
2738 5482 2881 5529 τινες
2907 5465 2951 5518 δ’
2982 5467 3050 5521 ἂν
3082 5466 3239 5519 τοῦτο
3262 5467 3475 5528 ἑαυτοῖς,
3525 5457 3706 5529 ἐπιτρέ-

2242 5578 2262 5611 ι
2299 5559 2499 5630 ψειαν,
2537 5559 2690 5630 παρά
2726 5558 2835 5611 τῶν
2880 5558 3126 5628 ἀδελφῶν
3173 5557 3272 5610 καὶ
3321 5552 3712 5611 συνεπισκόπων

2248 5673 2268 5706 ι
2301 5654 2395 5706 καὶ
2420 5653 2932 5724 ὑπομιμνήσκεσθαι
2970 5652 3067 5706 καὶ
3100 5649 3451 5719 διορθοῦσθαι
3492 5644 3713 5716 ὀφείλου-

2244 5765 2262 5798 ι
2301 5762 2410 5799 σιν.
2443 5745 2719 5811 Ἅπαντες
2751 5747 3005 5818 εἰρήκασι
3031 5763 3043 5777 ·
3064 5746 3172 5800 Καὶ
3193 5738 3355 5807 οὗτος
3372 5744 3402 5796 6
3418 5744 3542 5814 ὅρος
3561 5736 3714 5803 στήτω

2248 5854 2272 5892 ι
2301 5837 2620 5901 ἀσάλευτος.
2655 5852 2675 5892 ι
