3982 6494
526 334 662 428 ttat

1788 354 2063 417 THEOD.
2107 354 2512 420 BALSAMON

3638 347 3774 415 “Si

584 466 814 525 ARIST.
840 487 860 521 ι
889 466 1017 535 Quae
1048 463 1115 523 de
1144 462 1375 537 longiori
1404 462 1779 535 episcoporum
1805 476 1959 518 mora
1989 463 2085 518 de-

2213 462 2411 518 lPIET.
2450 480 2471 514 ε
2528 462 2591 519 οι
2650 460 2743 517 ἐπὶ
2779 463 2879 536 τῆς
2928 462 3039 518 τῶν
3080 462 3395 518 ἐπισκόπων
3444 462 3774 534 βραδύτητος

591 582 609 615 ι
648 562 793 619 ﬁnita
824 570 968 625 sunt,
1002 561 1066 615 de
1120 555 1453 629 presbyteris
1512 555 1671 613 etiam
1712 567 1797 610 ἰο
1852 553 2091 610 diaconis

588 671 607 705 ι
645 651 750 707 vim
783 651 1005 706 habent.
1050 666 1070 702 ι

584 746 867 799 Decretum
900 749 982 797 est
1014 739 1322 810 episcopum
1365 751 1525 795 suum
1574 754 1789 811 gregem
1838 753 1943 795 non
1999 737 2094 792 de-

511 848 713 899 serere,
745 843 800 889 et
831 832 884 887 in
920 832 1092 887 aliena
1118 831 1341 885 civitate
1371 830 1657 898 plusquam
1693 840 1807 886 tres
1834 830 2093 902 septima-

512 941 609 981 nas
641 938 817 995 agere.
846 922 989 979 idem
1023 924 1205 993 itaque
1240 929 1292 975 et
1314 922 1379 977 de
1410 921 1741 993 presbyteris
1764 928 1819 977 et
1840 918 2093 976 diaconis

514 1030 753 1087 praesens
778 1030 950 1071 canon
985 1015 1264 1080 decernit;
1302 1022 1355 1069 et
1386 1026 1481 1067 eos
1508 1011 1764 1066 nimirum
1809 1010 2093 1080 plusquam

515 1119 624 1165 tres
662 1108 990 1181 septimanae
1048 1106 1304 1163 ecclesias
1352 1118 1478 1159 suas
1533 1118 1642 1159 non
1700 1104 2092 1175 derelinquere.

1099 1280 1323 1337 CANON
1352 1280 1519 1336 XV".

518 1394 536 1430 ι
576 1376 687 1433 lloc
714 1390 925 1447 quoque
950 1374 1173 1443 placuit,
1205 1383 1261 1427 ιιι
1292 1374 1335 1426 si
1359 1374 1480 1443 quis
1508 1373 1793 1443 episcopus
1828 1371 1933 1424 vim
1956 1385 2087 1440 pas-

588 1487 607 1521 ‹
646 1468 965 1535 susinjnste
997 1466 1202 1534 ejectus
1230 1467 1318 1531 sit,
1359 1466 1441 1521 vel
1491 1473 1714 1535 propter
1759 1464 2043 1519 scientiam
2068 1499 2085 1527 ,

586 1577 604 1613 ι
644 1560 724 1615 vel
758 1567 978 1630 propter
999 1557 1279 1613 catholica:
1322 1557 1579 1613 Ecclesiae
1641 1555 2039 1612 confessionem
2071 1596 2086 1621 ,

588 1669 606 1704 ι
641 1651 724 1705 vel
755 1659 976 1719 propter
1016 1648 1263 1702 veritatis
1318 1646 1684 1702 defensionem
1715 1684 1732 1711 ,
1790 1654 1843 1701 et
1886 1646 2097 1717 fugiens

588 1762 607 1795 ε
651 1741 973 1813 periculum,
1003 1740 1266 1796 innocens
1308 1750 1362 1793 et
1416 1737 1785 1794 exsecrationi
1823 1739 2095 1809 subjectus

587 1854 607 1888 ι
643 1812 697 1890 in
730 1834 892 1889 aliam
933 1830 1121 1887 urbem
1166 1833 1421 1897 venerit,
1466 1846 1540 1886 ne
1585 1830 1934 1902 prohibeatur
1976 1830 2091 1885 illic
2118 1812 2167 1873 Β

590 1942 609 1977 ι
643 1923 823 1980 tandiu
852 1938 1031 1993 agere,
1064 1923 1233 1978 donec
1270 1930 1597 1986 revertatur,
1634 1921 1715 1977 vel
1742 1936 1770 1974 s
1805 1921 1951 1977 facta
1982 1923 2083 1977 sibi

588 2016 833 2083 «injuria
886 2011 1056 2083 possit
1107 2010 1482 2067 liberationem
1537 2012 1719 2068 inveni
1747 2026 1827 2067 re.
1885 2012 2091 2067 Durum

588 2126 605 2159 ι
642 2107 784 2161 enim
814 2112 930 2171 est,
968 2112 1131 2174 atque
1160 2104 1297 2160 adeo
1332 2102 1714 2174 gravissimum
1744 2142 1761 2171 ,
1796 2118 1920 2158 eum
1949 2142 1965 2171 ,
1996 2104 2091 2173 qui

586 2214 607 2252 ι
638 2197 891 2267 injustam
940 2195 1260 2266 eiectionem
1288 2208 1482 2264 passus
1511 2202 1633 2260 est,
1692 2209 1721 2247 a
1771 2195 1927 2251 nobis
1976 2208 2086 2251 non

586 2309 605 2345 ι
640 2290 861 2360 suscipi.
892 2288 941 2346 Is
962 2289 1105 2346 enim
1136 2290 1294 2345 debet
1349 2306 1378 2343 a
1432 2291 1589 2345 nobis
1643 2289 1877 2358 plurima
1937 2290 2093 2345 beni-

587 2399 605 2433 ε
645 2380 849 2450 gnitatc
875 2389 932 2437 et
968 2381 1304 2436 humanitate
1334 2380 1533 2449 excipi.
1572 2398 1591 2432 ι

580 2468 777 2525 BALS.
832 2470 967 2525 Cum
1017 2471 1232 2541 plurimi
1282 2485 1521 2526 canones
1579 2481 1824 2527 statuant
1864 2489 1966 2528 non
1994 2474 2088 2529 de-

512 2564 640 2617 bere
693 2562 1003 2633 episcOpum
1057 2565 1110 2617 in
1166 2562 1341 2617 aliena
1389 2563 1605 2632 regione
1658 2564 1798 2618 ultra
1861 2574 2078 2637 tempus

516 2654 838 2723 przellnltum
866 2654 1111 2719 versari,
1150 2668 1297 2708 nunc
1348 2654 1533 2709 dicunt
1574 2654 1761 2711 Patres
1801 2657 1902 2711 hoc
1968 2673 2076 2713 non

516 2744 717 2799 habere
749 2745 924 2799 locum
965 2745 1017 2799 in
1052 2745 1320 2814 episcopis
1348 2758 1415 2799 ex
1455 2745 1706 2800 ecclesiis
1733 2747 1846 2801 suis
1868 2746 2085 2815 ejectis,

514 2831 597 2886 Vel
628 2842 850 2904 propter
883 2832 1191 2900 scientiam,
1211 2834 1262 2887 id
1298 2843 1403 2899 est,
1433 2835 1741 2891 divinorum
1771 2838 2081 2908 dogtnatum

515 2924 709 2977 bonam
741 2923 1061 2989 doctrinam,
1091 2925 1171 2979 vel
1190 2927 1333 2996 quod
1364 2927 1723 2983 orthodoxam
1760 2928 1920 2985 [idem
1953 2944 2086 2986 cono

513 3017 788 3081 ﬁtcanltrr,
844 3016 926 3071 vel
968 3017 1109 3085 quod
1138 3031 1232 3072 eos
1262 3017 1555 3073 defetiilant
1582 3058 1598 3084 ,
1635 3020 1726 3089 qui
1782 3020 1979 3091 injuria
2009 3021 2091 3076 af-

511 3107 636 3161 fecti
670 3115 837 3175 sunt;
873 3110 928 3163 et
981 3108 1100 3163 ideo
1141 3117 1363 3178 propter
1414 3124 1664 3179 magnam
1711 3125 1930 3166 causam
1960 3152 1978 3178 ,
2027 3125 2083 3168 et

516 3212 770 3270 tanquam
804 3198 1099 3269 periculum
1131 3200 1429 3269 fugientes,
1464 3209 1531 3254 -ιιι
1555 3200 1646 3270 qui
1670 3202 1738 3256 ab
1764 3203 1843 3258 eis
1865 3242 1883 3268 ,
1919 3218 1948 3257 a
1974 3203 2092 3274 qni-

515 3294 617 3348 bus
650 3291 861 3360 expulsi
888 3299 1038 3356 sunt,
1063 3306 1159 3360 pro
1180 3292 1476 3345 exsecratis
1504 3292 1828 3358 habeantur,
1861 3294 1969 3349 sint
1999 3310 2095 3348 au-

516 3391 624 3436 tem
656 3398 839 3437 revera
861 3382 1101 3436 insontes
1129 3397 1144 3435 :
1178 3381 1272 3436 sed
1301 3381 1414 3437 sint
1443 3383 1497 3437 in
1543 3380 1667 3437 aliis
1701 3398 1915 3453 quoque
1958 3384 2095 3438 civi-

516 3457 716 3528 tatibus
738 3473 856 3528 sine
894 3472 1311 3543 impedimento,
1328 3474 1499 3528 donec
1530 3475 1694 3528 mina:
1719 3475 1943 3542 periculi
1970 3489 2094 3530 ces-

514 3564 707 3627 sarint,
764 3572 819 3615 et
879 3562 1119 3631 potuerit
1179 3562 1469 3633 episcopus
1514 3563 1567 3617 in
1616 3565 1905 3619 ecclesiam
1963 3579 2085 3634 qum

512 3653 664 3707 illum
686 3653 873 3707 sortita
905 3661 1013 3715 est,
1041 3651 1282 3717 reverti,
1310 3652 1391 3706 vel
1434 3654 1488 3707 ei
1536 3654 1678 3709 facta
1732 3656 1786 3709 in
1829 3655 2093 3723 ejectione

516 3742 715 3811 injuria
741 3740 1017 3797 vindicata
1051 3741 1233 3796 fuerit.
1261 3741 1462 3796 Durum
1507 3751 1590 3798 est
1634 3742 1778 3799 enim
1817 3753 1874 3799 et
1934 3745 2093 3800 inhu-

515 3847 759 3899 manum,
791 3847 913 3887 eum
944 3846 1050 3886 non
1084 3847 1209 3887 cum
1234 3832 1381 3887 omni
1433 3833 1767 3903 benignitate
1823 3849 1854 3889 a
1912 3834 2093 3890 fratri-

514 3925 615 3979 bus
641 3925 753 3979 suis
782 3922 977 3994 excipi.
1004 3922 1188 3989 Quare
1212 3932 1363 3987 nota,
1387 3924 1532 3993 quod
1565 3926 1635 3980 ah
1660 3926 1873 3981 urbium
1909 3926 2093 3997 regina

512 4015 708 4085 expelli
741 4030 848 4070 non
906 4014 1104 4070 debent
1150 4014 1453 4070 Orientales
1510 4016 1747 4087 episcopi
1792 4017 1884 4085 qui
1940 4018 2095 4073 sedes

512 4120 621 4162 non
654 4105 875 4171 habent,
912 4120 1105 4176 nempe
1142 4120 1264 4160 cum
1297 4106 1543 4162 ecclesia
1588 4123 1620 4161 α
1650 4107 1905 4177 gentibus
1953 4106 2095 4163 deti-

514 4208 749 4253 neantur
787 4200 887 4254 :e‘t
920 4198 1015 4267 qui
1057 4198 1125 4253 ab
1174 4198 1376 4267 iniquis
1415 4198 1762 4253 exactoribus
1808 4197 2093 4267 expellun-

513 4299 620 4357 tur,
649 4303 715 4345 eo
744 4289 885 4360 quod
910 4304 1009 4360 pro
1038 4290 1122 4345 eis
1147 4290 1351 4355 dicant,
1378 4288 1471 4359 qui
1512 4288 1710 4358 injuria
1763 4288 2090 4346 aliieiuntur.

588 4554 835 4613 ZONAB.
877 4556 1013 4612 Cum
1040 4555 1310 4626 episcopis
1360 4555 1415 4611 iu
1465 4556 1626 4612 aliam
1671 4557 1860 4613 urbem
1908 4572 2013 4629 pro

508 4650 636 4715 etis,
671 4648 724 4703 in
757 4662 862 4717 qua
887 4646 1027 4707 alter
1052 4646 1343 4717 episcopus
1366 4646 1470 4713 sit,
1498 4648 1637 4709 ultra
1665 4656 1778 4704 tres
1800 4648 2096 4704 hebdoma-

500 4744 609 4795 das
656 4741 708 4794 in
752 4753 820 4795 ea
871 4737 1197 4794 commorari
1242 4737 1468 4793 vetitum
1526 4752 1647 4817 esse
1702 4737 1862 4807 hujus
1899 4738 2092 4811 synodi

504 4832 703 4887 IPatres
739 4831 790 4885 itt
821 4829 1192 4900 superioribus
1222 4828 1600 4895 dellniverint;
1626 4828 1731 4885 hoc
1791 4830 1910 4885 loco
1954 4844 2091 4885 non-

500 4922 677 4979 nullis
698 4922 1091 4980 diuturniorem
1134 4921 1191 4976 in
1220 4919 1395 4975 alicula
1440 4919 1666 4995 civitate
1720 4935 1930 4977 moram
1974 4930 2093 4976 tra-

516 5013 679 5068 hendi
706 5011 1021 5071 facultatem
1050 5025 1173 5068 esse
1198 5011 1519 5069 decernunt.
1574 5010 1736 5081 505
1786 5010 1926 5068 Sunt
1962 5026 2091 5068 vero

512 5102 574 5165 ii,
601 5101 692 5171 qui
726 5100 1101 5171 perisjuriant
1125 5098 1470 5157 aii-ecclesiis
1507 5100 1626 5154 suis
1673 5099 1877 5169 depulsi
1925 5108 2087 5166 sunt;

512 5193 630 5248 sive
653 5205 839 5246 casum
876 5192 1020 5246 hunc
1052 5191 1156 5246 illis
1185 5190 1414 5246 scientia
1453 5189 1790 5256 conciliarit,
1834 5190 1959 5259 quia
2004 5190 2090 5243 ni-

509 5285 731 5351 mirum,
774 5290 1025 5351 tanquam
1106 5282 1229 5337 iidei
1278 5282 1525 5351 dogmata
1572 5281 1787 5352 egregie
1831 5281 2087 5336 callerent

508 5388 837 5448 operamque
862 5372 1050 5429 iisdem
1088 5373 1363 5429 tradendis
1406 5372 1799 5442 impenderent,
1861 5372 2079 5427 haereti-

490 5481 695 5523 corum
719 5463 1123 5534 conspiratione
1163 5463 1323 5533 ejecti
1378 5462 1579 5518 fuerint
1620 5461 1822 5531 :cujus
1873 5463 2086 5533 generis

507 5557 677 5612 multa
729 5556 1148 5628 huperatorihus
1208 5553 1525 5610 Constantio
1582 5563 1639 5610 et
1706 5550 1934 5608 Valente
2002 5554 2085 5609 ab

506 5648 726 5704 Arianis
756 5657 966 5719 patrata
1002 5652 1163 5714 sntit;
1218 5644 1333 5700 sive
1377 5647 1448 5700 ob
1498 5644 1756 5700 Ecclesia:
1804 5643 2083 5700 catholicae

509 5737 942 5804 confessionem,
982 5738 1108 5808 quia
1159 5736 1368 5794 scilicet
1418 5750 1750 5807 quaecunque
1804 5734 2073 5791 catholica

500 5826 751 5889 Ecclesia
794 5830 981 5901 tradit,
1003 5829 1066 5888 dc
1096 5826 1486 5891 incarnationis
1511 5828 1760 5886 videlicet
1797 5825 2074 5897 mysterio,

2270 570 2287 606 ι
2327 555 2443 626 ὅροι
2470 556 2566 608 καὶ
2597 555 2689 610 ἐπὶ
2720 554 3113 629 πρεσϐυτέρων
3146 556 3242 611 καὶ
3296 554 3562 611 διακόνων
3588 557 3775 628 ἑχουσι

2270 666 2287 698 ι
2329 647 2576 718 δύναμιν.
2606 666 2625 702 ι

2263 739 2517 810 Ὦρισται
2546 740 2640 796 τὸν
2675 740 2977 796 ἐπίσκοπον
3024 742 3100 815 μὴ
3146 741 3244 813 τὴν
3276 741 3487 797 οίκείαν
3535 740 3776 812 ποίμνην

2195 832 2652 902 καταλιμπάνειν,
2694 835 2789 888 καὶ
2815 836 2872 889 ἐν
2904 835 3069 907 ἑτέρᾳ
3106 838 3259 889 πόλει
3286 835 3449 889 πλέον
3478 835 3644 907 τριῶν
3678 835 3773 888 ἑδ-

2194 922 2444 993 δομάδων
2470 925 2853 997 ἐνδιατρίϐειν.
2887 926 3062 981 Τοῦτο
3081 928 3214 999 γοῦν
3241 928 3336 982 καὶ
3372 928 3467 982 ἐπὶ
3531 928 3774 999 πρεσσυο

2195 1012 2372 1083 τέρων
2403 1016 2496 1069 καὶ
2528 1018 2794 1074 διακόνων
2822 1022 2851 1075 ὁ
2882 1018 3074 1091 παρὼν
3109 1020 3282 1091 ὁρίζει
3335 1019 3542 1083 κανὼν,
3588 1021 3648 1073 τὸ
3697 1021 3771 1089 μὴ

2199 1103 2364 1158 πλέον
2393 1104 2563 1180 ⁴ι’ριῶν
2588 1110 2903 1183 ἑὸδομάδων
2927 1110 3025 1168 καὶ
3048 1112 3247 1178 αὐτοὺς
3278 1108 3378 1177 τάς
3410 1112 3620 1165 ἑαυτῶν
3682 1114 3775 1166 ἐκ·

2195 1196 2425 1268 κλησίας
2472 1203 2976 1274 ἀπολιμπάνεσθαι.

2807 1297 3046 1352 ΚΑΝΩΝ
3086 1295 3189 1352 η’.

2201 1434 2221 1468 ι
2258 1416 2369 1469 Καὶ
2392 1412 2549 1468 τοῦτο
2584 1413 2803 1483 ήρεσεν,
2839 1411 2945 1476 ἵνα,
2981 1410 3036 1464 εῖ
3066 1428 3151 1476 τις
3182 1412 3480 1475 ἐπίσκοπος
3504 1413 3625 1483 βίαν
3650 1415 3775 1469 ὕπο-

2265 1524 2283 1557 ι
2322 1506 2510 1575 μείνας
2558 1504 2758 1561 ἀδίκως
2788 1502 3025 1572 ἐκϐληθῇ
3061 1500 3208 1571 ἢδιά
3248 1503 3347 1573 τὴν
3379 1504 3770 1577 ἐπιστήμη-ἦῆ

2272 1615 2291 1649 ι
2327 1596 2416 1651 διὰ
2435 1595 2533 1667 τὴν
2560 1593 2859 1665 ὁμολογίαν
2896 1595 2995 1661 τῆς
3032 1591 3325 1662 καθολικῆς
3362 1593 3708 1665 Ἐκκλησίας,
3738 1595 3773 1666 ἧ

2272 1709 2291 1743 ι
2331 1690 2419 1743 διὰ
2453 1690 2551 1759 τὴν
2608 1688 2707 1756 τῆς
2739 1686 2999 1757 ἀληθείας
3030 1686 3294 1752 ἐκδικίαν,
3324 1686 3418 1739 καὶ
3445 1685 3661 1755 φεύγων
3686 1688 3775 1741 τὶν

2274 1801 2291 1833 ι
2328 1780 2595 1843 κίνδυνον,
2620 1777 2792 1842 eoeo;
2813 1778 2906 1831 καὶ
2926 1776 3351 1846 καθωσιωμένος
3377 1777 3454 1830 ῶν
3481 1779 3559 1841 είς
3586 1778 3773 1848 ἑτέραν

2274 1892 2293 1929 ε
2339 1872 2471 1944 ἔλθη
2507 1872 2685 1936 πόλιν,
2724 1870 2800 1941 μὴ
2821 1870 3098 1939 κωλύηται
3124 1870 3305 1922 ἐκεῖσε
3370 1870 3465 1922 ἐπὶ
3522 1868 3775 1925 τοσοῦτον

2274 1982 2293 2017 ι
2332 1965 2561 2035 διάγειν,
2609 1965 2716 2028 ἑως
2746 1964 2815 2017 ἂν
2859 1962 3159 2036 ἐπανέλθῃ,
3196 1962 3229 2033 ἢ
3276 1963 3373 2035 τῆς
3404 1963 3618 2035 ὕϐρεως
3677 1966 3774 2037 τῆς

2280 2077 2298 2109 ι
2334 2060 2635 2129 γενομένης
2671 2057 2823 2129 αὑτῷ
2865 2057 3194 2128 ἀπαλλαγὴν
3244 2054 3505 2129 εὑρέσθαι
3551 2059 3772 2131 δυνηθῇ.

2212 2204 2215 2207 ,
2285 2168 2303 2202 ι
2344 2148 2585 2221 Σκληρδν
2610 2148 2717 2220 γάρ
2735 2149 2831 2203 καὶ
2857 2148 3161 2219 βαρύτατον
3191 2147 3412 2203 ἐλασίαν
3428 2149 3617 2205 ἄδικον
3640 2152 3771 2206 ὑπο-

2276 2261 2293 2293 ι
2333 2242 2685 2312 μεμενηκότα
2713 2240 2788 2312 μὴ
2815 2241 3178 2311 ὑποδέχεσθαι
3208 2240 3300 2310 ὑφ’
3328 2243 3508 2312 ἡμῶν.
3536 2241 3771 2314 Πλείστῃ

2279 2349 2297 2383 ι
2338 2332 2446 2401 γὰρ
2477 2332 2858 2404 καλοκαγαθίᾳ
2889 2332 2979 2386 καὶ
3013 2333 3386 2406 φιλοφροσύνῃ
3418 2335 3628 2405 ὀφείλει
3670 2353 3776 2392 πα·

2273 2442 2292 2476 ι
2329 2423 2643 2497 ραδέχεσθαι
2665 2427 2692 2479 ὁ
2713 2423 2970 2489 τοιοῦτος.
3005 2444 3023 2478 ι

2267 2517 2466 2571 ΒΔΔΣ.
2494 2517 2776 2588 Διαφόρων
2810 2518 3051 2571 κανόνων
3090 2516 3481 2588 διοριζομένων
3540 2518 3616 2590 μὴ
3661 2519 3776 2574 διά-

2194 2624 2313 2677 γειν
2348 2608 2648 2663 ἐπίσκοπον
2678 2610 2755 2672 είς
2787 2609 2981 2679 ἑτέραν
3007 2608 3226 2679 ἐνορίαν
3252 2610 3515 2663 ἐπέκεινα
3560 2610 3654 2664 τοῦ
3687 2628 3773 2667 νε-

2195 2701 2527 2771 νομισμένου
2581 2703 2798 2771 καιροῦ,
2841 2701 2965 2770 ἄρτι
3019 2702 3185 2770 φασὶν
3224 2702 3271 2754 oi
3322 2702 3564 2773 Πατέρες
3614 2702 3774 2756 τοῦτο

2196 2792 2273 2864 μὴ
2302 2796 2523 2865 κρατεῖν
2554 2796 2636 2858 είς
2660 2794 2787 2857 τοὺς
2819 2794 3158 2856 ἐπισκόπους
3187 2795 3314 2857 τοῦς
3332 2794 3773 2864 ἐκϐαλλομένους

2191 2884 2298 2937 ἀπὸ
2326 2882 2434 2937 τῶν
2464 2883 2768 2952 ἐκκλησιῶν
2802 2882 3021 2949 αὐτῶν,
3058 2882 3092 2953 ἢ
3143 2882 3233 2937 διά
3284 2883 3384 2955 τὴν
3439 2886 3772 2956 ἐπιστήμην,

2191 2974 2443 3033 τουτέστι
2474 2977 2572 3045 τὴν
2607 2974 2837 3045 περὶτὰ
2878 2975 2997 3028 θεῖα
3054 2974 3304 3045 δόγματα
3344 2976 3641 3031 σπουδαίαν
3698 2978 3774 3030 δι-

2189 3068 2510 3133 δασκαλίαν,
2531 3070 2564 3139 ἢ
2589 3069 2673 3122 διὰ
2702 3070 2762 3122 τὸ
2791 3068 3072 3139 ὁμολογεῖν
3092 3069 3190 3139 τὴν
3236 3068 3518 3139 ὀρθόδοξον
3560 3072 3789 3133 aia-nmo

2196 3161 2341 3233 ἢδιά
2362 3162 2423 3216 τὸ
2447 3163 2692 3215 ἐκδικεῖν
2727 3160 2855 3223 τοὺς
2901 3159 3288 3230 ἠδικημένους,
3338 3162 3634 3214 κάντεῦθεν
3687 3161 3775 3216 διὰ

2205 3253 2450 3325 μεγάλην
2480 3254 2657 3305 αἰτίαν
2694 3252 2787 3305 καὶ
2813 3251 2889 3314 ὡς
2921 3250 3226 3321 φεύγοντας
3255 3251 3349 3303 τὸν
3379 3251 3652 3317 κίνδυνον,
3676 3250 3771 3321 λἰο

2201 3343 2525 3414 γιζομένους
2557 3344 2656 3414 μὲν
2696 3342 3154 3412 καθωσιωμένους
3179 3342 3331 3413 παρά
3358 3343 3467 3395 τῶν
3490 3342 3775 3395 exeam»-

2199 3454 2307 3491 των
2336 3436 2558 3501 αὐτοὺς,
2582 3436 2742 3500 ὄντας
2759 3435 2818 3489 δέ
2845 3437 2912 3506 τῇ
2939 3434 3169 3507 ἀληθείᾳ
3191 3435 3399 3498 ἀθὼους
3420 3449 3437 3465 ·
3472 3435 3589 3488 ἀλλ’
3607 3435 3774 3489 ἔστω-

2202 3545 2300 3583 σαν
2334 3527 2431 3581 καὶ
2488 3529 2569 3592 είς
2610 3528 2806 3599 ἑτέρας
2858 3527 3046 3591 πόλεις
3102 3527 3421 3590 ἀκωλύτως,
3477 3527 3591 3580 ἐστ’
3635 3528 3772 3597 ἃ.νή

2198 3621 2401 3692 ἀπειλὴ
2434 3621 2528 3675 τοῦ
2559 3620 2815 3676 κινδύνου
2837 3621 3042 3691 παυθῇ,
3070 3621 3167 3674 καὶ⁵
3188 3619 3389 3691 δυνηθῇ
3413 3623 3440 3674 ό
3468 3621 3771 3683 ἐπίσκοπος

2200 3716 2282 3776 είς
2310 3713 2410 3784 τὴν
2434 3714 2707 3784 λαχοῦσαν
2745 3713 2907 3767 αὑτὸν
2937 3713 3212 3779 ἀπελθεῖν,
3242 3712 3273 3784 ἢ
3308 3714 3572 3784 ἐκδικηθῇ
3627 3716 3663 3785 ἠ
3712 3717 3773 3766 ἐκ

2200 3804 2299 3875 τῆς
2330 3806 2648 3870 ἀπελάσεως
2670 3806 3034 3876 ἐπιγενομένη
3075 3804 3255 3877 τούτῳ
3302 3805 3493 3879 ὕϐρις..
3526 3806 3771 3877 Σκληρὲν

2200 3897 2310 3967 γάρ
2333 3897 2427 3950 καὶ
2459 3897 2881 3968 ἀφιλάνθρωπόν
2912 3898 3028 3950 ἐστι
3058 3896 3135 3969 μὴ
3162 3896 3607 3968 φι).ο;ορονείσοαι
3634 3898 3771 3967 μετά

2200 3987 2381 4061 πάσης
2414 3988 2751 4059 ἀγαθότητος
2782 3990 2875 4043 τδν
2901 3988 3144 4043 τοιοῦτον
3174 3990 3327 4061 παρά
3356 3988 3465 4042 τῶν
3518 3991 3771 4044 συναδέλ-

2199 4096 2316 4150 φων
2346 4079 2534 4136 αὐτοῦ.
2590 4081 2752 4133 Ὥστε
2808 4080 3115 4151 σημείωσαι
3166 4082 3250 4135 ὅτι
3312 4082 3412 4135 οὐκ
3462 4082 3771 4152 ὀφείλουσιν

2198 4172 2310 4228 ἀπὸ
2341 4173 2441 4243 τῆς
2466 4172 2857 4243 βασιλευούσης
2881 4173 2992 4226 τῶν
3052 4174 3263 4228 πόλεων
3312 4172 3677 4228 ἐκϐάλλεσθαι
3721 4175 3771 4226 ci

2198 4264 2506 4322 ἀνατολικοὶ
2538 4265 2850 4330 ἐπίσκοποι,
2882 4264 2930 4319 οί
2965 4264 3044 4335 μὴ
3070 4265 3288 4335 ἔχοντες
3324 4264 3668 4334 καθίσματα,
3696 4264 3769 4328 ὡς

2196 4358 2308 4411 τῶν
2338 4355 2644 4427 ἐκκλησιῶν
2675 4356 2857 4411 αὐτῶν
2885 4356 3271 4427 κατεχομένων
3322 4356 3479 4429 παρὰ
3527 4356 3639 4409 τῶν
3680 4358 3768 4408 ἐθ-

2199 4448 2340 4503 νῶνο
2366 4450 2462 4503 καὶ
2492 4448 2543 4501 οί
2574 4447 2727 4517 παρά
2754 4447 2863 4500 τῶν
2902 4448 3105 4501 ἀδίκων
3137 4448 3466 4518 πρακτόρων
3510 4447 3769 4517 διωκόμεο

2018 4557 2093 4614 τε,
2118 4516 2171 4577 υ
2197 4556 2299 4607 νοι,
2334 4538 2424 4593 διά
2449 4538 2512 4592 τὸ
2537 4516 2720 4607 λέγειν
2746 4539 2887 4609 ὑπὲρ
2925 4537 3034 4593 τῶν
3062 4516 3456 4610 ἀδικουμένων.

2266 4630 2513 4685 ZQNAP.
2556 4630 2839 4701 Ἀνωτέρω
2880 4629 3271 4699 διαταξάμενοι
3320 4631 3372 4683 οῖ
3409 4630 3509 4701 τῆς
3551 4630 3763 4683 συνόδου

2193 4722 2398 4792 ταύτης
2427 4722 2669 4792 Πατέρες
2703 4723 2828 4786 τοὺς
2866 4720 3133 4783 ἀπιόντας
3161 4721 3499 4784 ἐπισκόπους
3527 4724 3607 4784 είς
3651 4723 3764 4774 ἑτέο

2194 4829 2297 4883 ραν
2330 4813 2481 4866 πόλιν
2513 4811 2745 4883 ἔχουσαν
2776 4813 3080 4866 ἐπίσκοπον
3113 4811 3188 4882 μὴ
3228 4812 3392 4865 πλέον
3424 4813 3547 4879 ¹τῶν
3601 4813 3762 4883 τριῶν

2186 4903 2504 4974 ἑὸδομάδων
2543 4906 2658 4957 ἐκεῖ
2691 4903 3015 4977 διατρίσειν,
3054 4903 3301 4958 ἐνταῦθα
3350 4920 3466 4957 τισι
3526 4906 3623 4955 καὶ
3673 4906 3763 4956 ἐπὶ

2193 4996 2328 5051 πολὺ
2362 4996 2695 5068 προσμένειν
2747 4994 3151 5067 συγχωροῦσιν.
3201 4988 3364 5049 Οὗτοι
3421 4994 3468 5048 δ’
3523 4996 3666 5047 εἰσὶν
3716 4994 3761 5045 οῖ

2189 5088 2389 5154 ἀδίκως
2412 5088 2802 5160 ἐκϐαλλόμενοι
2834 5086 2944 5142 τῶν
2995 5087 3308 5156 ἐκκλησιῶν
3350 5086 3531 5139 αὐτῶν
3586 5085 3619 5156 η
3678 5084 3762 5137 6ιᾶ
3854 5080 3857 5081 ⁷

2189 5182 2289 5254 τὴν
2339 5183 2677 5252 ἐπιστήμην,
2732 5181 2902 5251 ἧγουν
2960 5179 3039 5243 ὡς
3089 5179 3449 5249 ἐπιστάμενοι
3514 5177 3614 5247 τὴν
3655 5176 3762 5229 τῶν

2188 5271 2475 5342 δογμάτων
2501 5271 2601 5341 τῆς
2634 5269 2872 5333 πίστεως
2894 5268 3205 5338 ἀκρίϐειαν,
3235 5268 3332 5320 καὶ
3363 5269 3571 5337 ταύτην
3616 5264 3761 5319 διδά-

2196 5360 2439 5431 σκοντες,
2468 5363 2564 5418 καὶ
2587 5362 2738 5435 παρά
2764 5359 3058 5431 αἱρετικῶν
3089 5360 3461 5429 ἐλαυνόμενοι,
3488 5353 3576 5411 οἷα
3605 5358 3763 5428 γεγό-

2188 5472 2313 5509 νασι
2353 5458 2506 5525 παρά
2525 5455 2634 5511 τῶν
2668 5451 2963 5525 ’Δρειανῶν
2987 5451 3079 5505 ἐπὶ
3123 5448 3219 5504 τοῦ
3256 5449 3641 5504 Κωνσταντίου
3671 5449 3763 5502 καὶ

2186 5546 2281 5600 τοῦ
2310 5546 2634 5612 Οὐάλεντος,
2663 5544 2697 5618 ἢ
2721 5542 2811 5599 διά
2838 5543 2939 5617 τὴν
2963 5541 3259 5615 ὁμολογίαν
3314 5540 3415 5610 τῆς
3464 5539 3763 5610 καθολικῇ

2199 5638 2549 5709 Ἐκκλησίας,
2583 5638 2659 5701 ὡς
2694 5634 3109 5707 ὁμολογοῦντες,
3141 5636 3244 5689 ὅσα
3271 5634 3304 5704 ἠ
3331 5631 3606 5702 καθολικὴ
3638 5631 3764 5685 Ἐκ-

2186 5732 2410 5800 κλησία,
2453 5731 2626 5802 ἤγουν
2675 5728 2778 5799 τὴν
2817 5726 3089 5798 ἑνσαρκον
3134 5722 3470 5795 οῖκονομίαν,
3525 5723 3626 5775 καὶ
3680 5722 3763 5774 ὅτι

2188 5824 2317 5889 Θεὸς
2339 5820 2592 5895 ἀληθινός
2613 5808 2824 5879 ἐστινό
2850 5816 3109 5889 Χριστὸς,
3140 5816 3231 5873 καὶ
3252 5813 3574 5891 διωκόμενοι
3596 5809 3765 5867 πάλαι
