3982 6494
291 332 429 398 MSS

1381 339 1459 398 IN
1489 337 1657 401 CAN.
1694 337 1832 397 XIX
1863 333 2074 395 CONC.
2104 335 2401 402 SARDIC.

3403 337 3535 407 ιιεῦ

297 445 393 514 μὲν
427 443 577 514 παρὰ
620 443 731 497 τῶν
771 443 1152 514 παλαιοτέρων
1199 446 1482 515 βασιλέων,
1527 447 1753 519 ὕστερον
1817 448 1873 502 δὲ

2035 468 2150 520 tque
2177 468 2301 508 vera
2329 454 2529 512 Christi
2560 456 2856 520 divinitate,
2886 456 3055 512 teneri
3101 468 3130 512 a
3184 468 3242 512 se
3298 459 3550 512 univcrs-t

296 537 390 587 καὶ
425 536 576 608 παρὰ
606 536 698 590 τοῦ
741 537 1117 608 ’ῐουλιανοῦ,ἣ
1159 538 1233 600 ὡς
1280 540 1418 609 ὑπὲρ
1456 541 1554 610 τῆς
1610 540 1867 611 ἀληθείας

294 629 564 695 λέγοντες,
604 631 699 680 καὶ
759 629 1134 696 ἀδικουμένων
1186 631 1281 683 καὶ
1329 632 1865 699 καταδυναστευομέ-

295 737 400 770 νων
431 717 903 788 ὑπερμαχοῦντες,
942 714 1030 771 οἷα
1062 719 1138 790 τῷ
1172 721 1392 790 μεγάλῳ
1451 721 1720 793 Βασιλείῳ
1772 741 1867 790 γε*

296 812 485 878 γόνασι
519 813 613 864 καὶ
641 812 718 880 τῷ
749 813 1140 882 Χρυσοστόμῳ,
1170 815 1261 866 καὶ
1292 814 1474 876 ἄλλοις
1497 816 1729 878 πολλοῖς.
1765 818 1870 870 Τὸν

297 905 428 970 γοῦν
458 905 598 958 οὕτω
635 906 963 973 διωκόμενον
997 907 1060 958 ἐκ
1089 908 1187 974 τῆς
1229 907 1526 977 ἐκκλησίας
1557 909 1722 962 αὑτοῦ
1753 907 1868 962 ἀδί-

299 1015 410 1058 κως
437 998 650 1065 ἀνάγκη
684 999 765 1059 είς
790 997 980 1068 ἑτέραν
1021 998 1180 1050 πόλιν
1211 998 1436 1053 ἀπιέναι
1479 1001 1748 1068 φεύγοντα
1781 1001 1871 1054 τὸν

299 1088 562 1153 κίνδυνον,
592 1087 767 1139 ἀθῶον
814 1087 911 1156 μὲν
960 1091 1091 1142 ὄντα
1155 1089 1298 1142 κατὰ
1330 1090 1392 1142 τὸ
1457 1090 1616 1154 εὑθές
1676 1109 1736 1144 τε
1776 1092 1873 1144 καὶ

298 1181 526 1239 δίκαιον,
557 1179 979 1250 καθωσιωμένον
1006 1181 1062 1234 δὲ
1089 1181 1179 1236 διὰ
1221 1181 1322 1248 τὴν
1380 1182 1703 1237 δυναστείαν
1762 1184 1874 1236 τῶν

299 1271 603 1323 διωκόντων
651 1271 837 1324 αὑτόν.
895 1271 1332 1340 Καθωσιωμένος
1387 1272 1433 1326 δ’
1486 1273 1632 1326 ἐστὶν
1688 1274 1717 1326 ὁ
1770 1275 1876 1342 ἀφ’

299 1397 472 1446 ωρισμ
485 1378 600 1440 ένος
633 1377 712 1441 είς
747 1378 985 1432 κόλασιν.
1006 1377 1110 1431 Τὸν
1151 1379 1409 1446 τοιοῦτον,
1431 1380 1596 1450 φησιν
1621 1381 1649 1431 ὁ
1673 1381 1874 1447 κανὼν,

305 1469 378 1538 μὴ
418 1469 729 1523 κωλύεσθαι
758 1469 1059 1537 διατρίϐειν
1091 1471 1147 1523 ἐν
1175 1471 1340 1542 ἑτέρᾳ
1403 1473 1580 1536 πόλει,
1641 1474 1746 1536 ἓως
1797 1476 1877 1538 είς

301 1561 400 1630 τὴν
431 1561 640 1615 οἰκείαν
673 1562 946 1632 ἐπανέλθῃ
980 1562 1157 1625 πόλιν,
1190 1563 1281 1617 τὸν
1309 1564 1474 1633 φόϐον
1499 1565 1595 1618 τοῦ
1628 1566 1876 1621 κινδύνου

303 1654 580 1721 ἐκφυγὼν.
619 1653 650 1724 ἥ
703 1654 801 1724 τῆς
844 1654 1057 1724 ’ὑϐρεως
1091 1656 1190 1724 τῆς
1226 1657 1517 1726 γινομένης
1541 1655 1686 1727 αὑτῷ
1713 1658 1883 1712 ἀπαλε-

303 1745 510 1815 λαγείς.
543 1746 738 1816 Ὕϐριν
768 1746 822 1799 δὲ
866 1740 1021 1814 οἶμαι
1065 1745 1164 1814 τὴν
1212 1748 1476 1801 ἀπέλασιν
1509 1748 1609 1818 τὴν
1663 1750 1729 1802 ἐκ
1787 1751 1880 1804 τοῦ

307 1836 498 1906 θρόνου
531 1834 700 1889 αὑτοῦ
727 1835 1006 1905 ὀνομάζει.
1043 1837 1287 1906 Σκληρὸν
1318 1841 1446 1907 γὰρ,
1483 1840 1636 1908 φησὶ,
1667 1842 1762 1891 καὶ
1798 1839 1884 1910 βα·

308 1931 558 1999 ρύτατον,
594 1929 686 1982 τὸν
717 1929 914 1990 ἀδίκως
937 1928 1037 1997 τῆς
1075 1929 1285 1990 πόλεως
1331 1929 1495 1984 αὑτοῦ
1544 1931 1886 1986 ἀπελαθέντα

311 2021 386 2090 μὴ
454 2019 809 2090 ὑποδέχεσθαι
859 2020 1009 2089 παρὰ
1090 2020 1198 2073 τῶν
1271 2023 1687 2077 συνεπισκόπων
1749 2027 1887 2093 μετὰ

307 2112 512 2181 πολλῆς
544 2111 951 2182 φιλοφροσύνης
983 2113 1077 2166 καὶ
1108 2113 1464 2184 ἁγαθότητος,
1493 2116 1660 2185 ἤγουν
1689 2116 1890 2186 προθύ-

312 2223 426 2273 μως
451 2208 540 2260 καὶ
572 2205 788 2274 ἱλαρῶς.

1976 545 2353 615 profiterentur
2386 565 2398 599 :
2434 560 2538 616 qua
2583 563 2646 602 ex
2698 549 3142 618 causa'primum
3184 549 3433 618 quaedam
3483 548 3551 601 ab

1975 639 2210 708 antiquis
2246 638 2681 710 imperatoribus,
2737 650 2921 710 postea
2964 655 2992 693 a
3042 639 3260 695 Iuliano
3313 642 3554 695 adversre

1979 743 2323 805 tempestates
2346 734 2634 802 exstitere;
2661 736 2773 791 sive
2799 735 2868 790 ob
2891 734 3133 789 veritatis
3161 735 3550 802 patrocinium,

1979 844 2183 900 proque
2212 830 2277 884 iis
2304 828 2391 899 qui
2425 828 2783 897 potentiorum
2822 827 3100 881 dominatu
3146 826 3347 896 injuste
3372 826 3556 894 oppri-

1979 935 2256 977 merentur
2285 931 2588 988 susceptam
2618 920 3017 974 dimicationem
3047 959 3061 982 ,
3088 919 3227 987 quod
3273 919 3325 972 in
3364 932 3559 986 magno

1981 1011 2196 1076 Basilio,
2229 1010 2633 1082 Chrysostomo,
2672 1010 2898 1079 aliisque
2940 1009 3120 1062 multis
3156 1007 3411 1077 contigit,
3439 1006 3561 1061 fue-

1982 1106 2089 1161 rint
2119 1105 2412 1160 exturbati.
2462 1103 2779 1172 Quicunque
2832 1102 2999 1172 Igitur
3061 1101 3161 1156 hac
3219 1101 3429 1154 ratione
3489 1097 3560 1152 ab

1983 1197 2210 1255 ecclesia
2241 1213 2334 1253 sua
2369 1212 2462 1268 per
2492 1197 2744 1266 injuriam
2777 1187 3068 1262 depellitur
3102 1234 3116 1257 ,
3153 1192 3207 1246 in
3267 1190 3428 1245 aliam
3469 1204 3563 1243 ur-

1984 1293 2103 1346 bem
2150 1289 2353 1344 vitandi
2405 1288 2630 1359 periculi
2678 1297 2836 1342 causa
2897 1284 3116 1342 secedat
3161 1299 3383 1339 necesse
3433 1291 3560 1345 est;

1985 1383 2237 1437 innoxius
2265 1383 2311 1435 is
2331 1381 2565 1450 quidem,
2595 1378 2638 1432 si
2677 1394 2762 1433 res
2793 1393 2940 1448 :equa
2976 1378 3130 1432 lance
3162 1375 3392 1430 libretur
3425 1415 3439 1440 ,
3471 1375 3565 1428 sed

1985 1478 2053 1528 ob
2081 1489 2266 1528 eorum
2310 1473 2644 1542 potentiam,
2691 1469 2784 1540 qtti
2841 1471 3113 1523 hominem
3187 1468 3563 1530 insectantur,

1979 1565 2346 1622 exsecrationi
2395 1565 2688 1633 subjectus.
2743 1561 3108 1616 Exsecrationi
3168 1570 3348 1614 autem
3391 1557 3570 1626 subje-

1993 1671 2110 1715 ctus
2140 1666 2223 1715 est
2250 1660 2533 1727 quisquam
2564 1655 2828 1726 supplicio
2857 1655 3179 1709 destinatus.
3225 1651 3362 1706 llnic
3403 1651 3569 1721 igitur

1990 1752 2214 1817 homini,
2247 1755 2372 1805 dum
2405 1751 2456 1803 in
2485 1764 2634 1804 suam
2662 1745 2872 1813 urbem,
2893 1732 3102 1801 evitato
3140 1741 3365 1812 periculi
3397 1753 3568 1806 metu,

1988 1857 2082 1901 aut
2115 1843 2420 1916 ignominia:
2447 1849 2566 1896 nota
2597 1839 2825 1895 liberato
2854 1877 2868 1902 ,
2901 1838 3096 1893 reverti
3149 1834 3308 1890 liceat
3345 1835 3571 1904 (notam

1990 1951 2150 2007 porro
2176 1935 2483 2006 ignominia:
2508 1974 2521 1999 ,
2558 1933 2697 2002 quod
2736 1947 2764 1984 a
2797 1945 2891 1984 sua
2927 1930 3055 1985 sede
3090 1927 3346 1998 depulsus
3380 1934 3568 1988 esset,

1995 2030 2095 2082 hoc
2130 2027 2246 2081 loco
2271 2025 2461 2093 opinor
2487 2024 2761 2092 intelligi),
2797 2023 2851 2076 in
2924 2021 3098 2076 aliena
3158 2010 3291 2073 urbe
3350 2011 3572 2085 degendi

1997 2119 2302 2173 facultatem
2341 2131 2460 2171 esse
2495 2129 2668 2170 canon
2705 2113 2968 2168 decernit.
3008 2112 3208 2166 Durum
3259 2109 3404 2165 enim
3433 2148 3447 2170 ,
3484 2106 3571 2162 in-

1997 2213 2134 2282 quit,
2165 2219 2218 2264 et
2250 2224 2411 2276 grave
2442 2207 2726 2262 admodum
2761 2207 2941 2270 fuerit,
2973 2204 3016 2259 si
3049 2202 3326 2257 hominem
3389 2217 3416 2254 a
3475 2215 3573 2255 sua

309 2299 526 2354 civitate
557 2300 925 2368 periniurium
961 2299 1262 2365 exclusum,
1305 2302 1468 2355 multa
1509 2316 1629 2355 cum
1679 2303 2015 2360 humanitate
2045 2319 2106 2359 ac
2134 2305 2398 2366 bonitate,
2452 2303 2552 2356 hoc
2603 2308 2705 2365 est,
2761 2306 3008 2368 prompto
3056 2294 3331 2364 alacriqtte
3375 2291 3577 2349 animo.

311 2394 610 2460 coepiscopi
645 2409 747 2446 non
781 2395 1071 2464 excipiant.

312 2484 538 2540 ΑΡΙΣΤ.
575 2504 592 2536 t
643 2482 870 2546 Ἀδίκως
932 2487 1231 2550 ἐπίσκοπος
1260 2488 1641 2557 ἐλαυνόμενος,
1693 2493 1738 2543 εἰ
1795 2494 1887 2545 ἐπὶ

397 2594 415 2625 ο
449 2577 548 2644 τῆς
577 2576 866 2646 ἀλλοτρίας
899 2576 1100 2646 διάγοι,
1151 2579 1390 2646 δεκτέος,
1422 2582 1526 2647 ἕως
1577 2583 1673 2654 τὴν
1732 2582 1890 2656 ὓϐριν

390 2687 410 2720 ‹
445 2669 872 2723 ἐπανασὼσαιτο.
907 2688 925 2721 ι

393 2779 412 2811 «
450 2761 554 2813 Τὸν
580 2761 746 2830 τῦφον
774 2761 867 2815 καὶ
897 2763 996 2831 τὴν
1043 2762 1367 2825 ἀλαζονείαν
1396 2765 1447 2818 οἱ
1485 2764 1727 2835 Πατέρες
1780 2783 1894 2818 κω-

318 2851 537 2917 λύοντες
568 2853 910 2938 προσέταξαν
945 2853 1020 2924 μὴ
1045 2852 1133 2921 ἐφ’
1160 2855 1346 2908 ἰκανὸν
1374 2857 1566 2928 καιρὸν
1597 2857 1896 2911 ἐπίσκοπον

321 2947 380 2996 ὲν
406 2944 666 3014 ἀλλοτρίᾳ
696 2946 973 3016 ἐπισκοπῇ
1022 2945 1356 3017 διατρίϐειν·
1417 2948 1466 3000 εί
1504 2948 1560 3001 δέ
1601 2965 1689 3012 τις
1740 2949 1772 3019 ἢ
1810 2949 1900 3002 διὰ

321 3038 422 3104 τὴν
443 3035 731 3104 ὁμολογίαν
763 3037 859 3105 τῆς
887 3037 1164 3107 ἡμετέρας
1203 3037 1462 3103 πίστεως,
1503 3039 1536 3111 ἢ
1569 3039 1654 3092 διὰ
1677 3040 1775 3110 τὴν
1806 3041 1900 3110 τῆς

323 3127 584 3198 ἀληθείας
611 3127 915 3197 ἐκδίκησιν,
963 3129 1062 3199 τῆς
1122 3129 1256 3192 ἰδίας
1308 3129 1519 3190 πόλεως
1583 3129 1900 3204 ἐκϐληθείη,

1992 2489 2218 2548 ARIST.
2266 2508 2283 2540 ι
2320 2485 2613 2554 Episcopus
2657 2481 2851 2550 injuste
2887 2482 3160 2550 expulsus,
3203 2479 3246 2531 si
3299 2479 3352 2532 in
3405 2476 3576 2529 aliena

2075 2606 2092 2638 ι
2128 2581 2404 2652 provincia
2437 2579 2619 2650 degat,
2657 2574 3054 2645 suscipiendus,
3094 2572 3265 2626 donec
3288 2567 3353 2622 ab
3385 2563 3583 2635 injuria

2077 2700 2093 2731 t
2135 2679 2418 2732 liberetur.
2460 2696 2477 2726 ι

2075 2773 2299 2829 Fastum
2337 2779 2392 2825 et
2424 2767 2837 2823 ostentationem
2894 2759 3241 2832 prohibentes
3269 2753 3457 2811 Patres
3483 2797 3497 2820 ,
3531 2755 3583 2807 in

2005 2863 2271 2920 mandatis
2308 2861 2572 2917 dederunt
2613 2858 2926 2926 episc0pnm
2965 2853 3016 2906 in
3071 2851 3247 2904 alieno
3275 2849 3584 2916 episcopatu

2006 2957 2230 3011 multum
2263 2952 2520 3023 temporis
2547 2967 2654 3006 non
2690 2952 2992 3003 absumere.
3026 2944 3084 2998 Si
3117 2941 3240 3011 quis
3291 2949 3468 2994 autem
3502 2937 3587 2990 vel

2005 3060 2224 3123 propter
2251 3047 2367 3103 ﬁdei
2398 3053 2597 3100 nostra:
2637 3040 3054 3101 confessionem,
3099 3032 3182 3088 vel
3234 3037 3453 3101 propter
3494 3041 3590 3083 ve-

2011 3120 2186 3198 ritatis
2208 3137 2660 3199 vindicationem,
2688 3149 2781 3190 sua
2812 3131 3030 3186 civitate
3057 3126 3326 3196 ejiciatur,
3354 3130 3407 3179 et
3431 3120 3588 3176 aliam

326 3223 419 3275 καὶ
442 3223 522 3285 είς
561 3220 753 3290 ἑτέραν
787 3222 995 3291 ἀπέλθῃ
1033 3223 1206 3288 πόλιν,
1241 3225 1301 3278 οὐ
1337 3223 1710 3294 κωλυθήσεται
1788 3227 1902 3280 ἐκεῖ

2042 3233 2163 3286 deat
2196 3230 2489 3288 civitatem,
2527 3226 2600 3279 ibi
2637 3224 2834 3293 degere
2865 3234 2968 3273 non
2994 3213 3397 3287 prohibebitur,
3420 3222 3594 3279 usque

325 3315 551 3381 διάγειν,
585 3312 780 3385 μέχρις
827 3314 895 3368 ἂν
942 3315 1270 3388 ἀπαλλαγὴν
1321 3317 1504 3386 εὑρεῖν
1552 3319 1754 3388 δυνηθῇ
1807 3321 1904 3389 τῆς

328 3406 467 3474 πρὸς
487 3403 649 3460 αὑτὸν
677 3405 982 3476 γενομένης
1028 3405 1266 3477 ὕϐρεως.

924 3497 1163 3551 ΚΛΝΩΝ
1195 3494 1304 3552 IH'.
1825 3533 1836 3541 .

339 3605 356 3637 ι
392 3586 712 3652 Γαυδέντιος
745 3587 1046 3652 ἐπίσκοπος
1072 3583 1226 3641 εἶπεν
1248 3603 1260 3616 ·
1297 3585 1479 3655 υῒδας,
1529 3589 1724 3661 ἀδελφὲ
1789 3591 1910 3644 ’Λέ-

409 3697 427 3729 t
463 3696 567 3743 τιε,
597 3678 671 3742 ὡς
699 3678 759 3733 τὸ
789 3679 1096 3748 τηνικαῦτά
1150 3697 1279 3733 ποτε
1336 3683 1774 3748 κατασταθέντος
1817 3683 1910 3736 σοῦ

411 3786 430 3820 t
469 3769 775 3822 ἐπισκόπου
833 3771 867 3839 ἠ
933 3770 1124 3840 εἰρήνη
1176 3771 1362 3824 λοιπὸν
1406 3773 1778 3843 ἐϐράϐευσενο
1825 3776 1912 3829 ἵνα

411 3880 428 3911 ι
472 3860 546 3930 μή
582 3879 703 3914 τινα
733 3860 962 3930 λείψανα
995 3861 1260 3931 διχονοίας
1287 3863 1412 3935 περὶ
1437 3865 1545 3917 τῶν
1606 3866 1914 3937 ἐκκλησιῶν

419 3969 436 4000 ι
475 3950 834 4021 ἐναπομείνῃ,
894 3947 1040 4014 ἔδοξε
1097 3951 1195 4004 καὶ
1251 3954 1377 4016 τοὺς
1428 3957 1580 4025 παρὰ
1630 3956 1912 4010 Μουσαίου

417 4059 434 4090 ι
471 4041 907 4105 κατασταθέντας
926 4042 1020 4094 καὶ
1048 4044 1173 4107 τοὺς
1196 4042 1345 4114 παρᾶ
1373 4042 1732 4115 Εὑτυχιανοῦ,
1765 4048 1916 4100 ἐπει.

418 4153 435 4184 t
474 4132 538 4204 δὴ
571 4134 752 4188 αὑτῶν
778 4134 1005 4205 οὐδεμία
1021 4136 1310 4208 εὑρίσκετο
1341 4139 1511 4204 αἰτία,
1548 4138 1756 4202 πάντας
1786 4139 1918 4192 ὑπο-

409 4242 426 4274 ‹
467 4226 738 4296 δεχθῆναι.
793 4247 811 4280 ι

949 4319 1186 4374 ΚᾹΝΩΝ
1220 4320 1321 4375 16⁸.

351 4428 369 4462 t
413 4412 598 4474 Ὅσιος
625 4409 924 4473 ἐπίσκοπος
949 4410 1105 4464 εἴπεο
1143 4413 1255 4481 Τῆς
1282 4414 1422 4482 ἐμῆς
1479 4413 1838 4485 μετριότητος
1885 4414 1917 4482 ἡ

419 4522 437 4554 ι
474 4503 747 4572 ἀπόφασίς
779 4504 895 4556 ἐστι
951 4502 1126 4572 αὓτηο
1182 4502 1372 4573 ἐπειδὴ
1394 4504 1590 4574 ἥσυχοι
1645 4503 1738 4557 καὶ
1782 4505 1917 4557 ὑπο·-
1955 4517 1997 4573 [)

425 4615 443 4647 t
484 4595 764 4664 μονητικολ.
794 4594 1084 4665 ὀφείλομεν
1115 4589 1279 4656 εῖναι,
1323 4595 1420 4647 καὶ
1445 4595 1642 4667 διαρκῆ
1671 4597 1761 4651 τὸν
1789 4596 1925 4666 πρὸς

433 4705 452 4737 t
490 4686 696 4749 πάντας
721 4684 865 4756 ἔχειν
905 4681 1106 4752 οἶκτον,
1153 4685 1300 4751 ἅπαξ
1335 4687 1461 4750 τοὺς
1503 4692 1584 4750 εἰς
1613 4688 1813 4759 κλῆρον
1843 4689 1929 4742 ἐκ·

430 4796 449 4828 ‹
487 4776 876 4848 κλησιαστικδν
900 4777 1284 4847 προαχθέντας
1331 4777 1436 4832 ὑπό
1466 4795 1630 4832 τινων
1685 4780 1930 4847 ἀδελφῶν

434 4887 451 4919 t
487 4866 664 4938 ἡμῶν,
696 4867 744 4919 εί
800 4867 874 4939 μὴ
904 4865 1175 4938 βούλοιντο
1215 4867 1606 4937 ἐπανέρχεσθαι
1638 4869 1716 4931 είς
1741 4867 1804 4932 ἃς
1832 4885 1931 4922 κα-

430 4981 448 5010 (
479 4959 906 5032 τωνομάσθησαν
963 4960 1277 5032 ἐκκλησίαις,
1310 4958 1403 5013 τοῦ
1456 4960 1647 5015 λοιποῦ
1688 4961 1762 5031 μὴ
1798 4962 1932 5015 ὑπο-

439 5074 458 5106 α
497 5053 774 5124 δέχεσθαι·
812 5052 1229 5124 Εὑτυχιανὸννδὲ
1276 5053 1416 5123 μήτε
1449 5053 1755 5106 ἐπισκόπου
1801 5055 1930 5107 ἐαυο

444 5168 461 5200 ι
496 5149 569 5218 τῷ
593 5149 879 5202 διεκδικεϊν
933 5149 1104 5218 δνομα
1132 5163 1146 5178 ·
1190 5147 1303 5201 ἀλλ’
1347 5147 1469 5202 οὑδὲ
1527 5148 1803 5202 Μουσαῖον
1860 5145 1933 5210 ὡς

441 5260 458 5292 t
493 5241 790 5296 ἐπίσκοπον
821 5240 1162 5312 νομίζεσθαι.
1206 5241 1269 5294 Εἰ
1310 5240 1368 5293 δὲ
1404 5240 1598 5306 λαῑκὴν
1645 5245 1935 5294 κοινωνίαν

435 5353 452 5385 t
493 5335 799 5399 ἀπαιτοῖεν,
836 5333 910 5403 μὴ
937 5336 1136 5409 χρῆναι
1170 5331 1354 5396 αὑτοῖς
1385 5331 1690 5399 ἀρνεῖσθαι.
1722 5330 1930 5394 Πάντες

438 5446 456 5478 ‹
497 5421 693 5480 εἶπαν·
737 5425 1013 5495 Ἀρέσκει.

441 5518 640 5570 ΒΑΛΣ.
679 5514 744 5570 '0
775 5516 1052 5578 Μουσαῖος
1078 5517 1172 5572 καὶ
1196 5518 1224 5569 ὁ
1271 5514 1626 5587 Εὑτυχιανὸς,
1657 5514 1938 5585 ἀχειροτό-

363 5629 514 5681 νητοι
539 5611 714 5675 ὄντες,
742 5609 817 5673 ὡς
846 5609 1141 5663 ἐπίσκοποι
1181 5610 1482 5682 κληρικούς
1536 5625 1690 5672 τινας
1724 5610 1938 5679 ἐχειρο-

365 5700 621 5770 τόνησαν.
652 5699 761 5754 Τοῦ
802 5697 934 5767 γοῦν
977 5698 1304 5754 Γαυδεντίου
1355 5697 1695 5771 ζητήσαντος
1719 5697 1808 5752 διὰ
1841 5696 1941 5768 τὴν

371 5791 511 5847 κατὰ
547 5791 678 5849 Θεὸν
738 5791 964 5866 εἰρήνην
1018 5787 1275 5863 δεχθῆναι
1313 5791 1450 5876 τοὺς
1494 5789 1662 5867 ¹παρὰ
1727 5788 1936 5875 τοὺτων

2014 3324 2140 3378 dum
2171 3321 2236 3375 ab
2263 3319 2454 3389 injuria
2484 3317 2584 3372 sibi
2617 3316 2756 3369 facta
2790 3310 3004 3366 liberari
3035 3315 3230 3378 potest.

2581 3489 2810 3548 CANON
2843 3482 3028 3542 XVIII.

2027 3610 2045 3642 ‹
2088 3587 2422 3645 Gaudentius
2451 3586 2740 3656 episcopus
2769 3582 2906 3636 dixit
2940 3596 2953 3634 :
2992 3579 3112 3633 Scia
3139 3619 3152 3640 ,
3200 3575 3370 3630 frater
3399 3570 3553 3627 Aetia
3579 3613 3594 3634 ,

2097 3703 2114 3735 ε
2151 3681 2292 3752 quod
2325 3689 2448 3734 tunc
2473 3719 2487 3743 ,
2515 3693 2640 3733 cum
2694 3676 2978 3745 cpisc0pus
3011 3669 3336 3725 constitutus
3363 3679 3423 3721 es
3446 3704 3461 3732 ,
3495 3676 3596 3732 pax

2099 3793 2117 3825 ι
2153 3773 2405 3841 deinceps
2447 3769 2652 3839 viguit;
2687 3780 2752 3822 ne
2789 3763 2980 3834 aliqua:
3011 3760 3403 3818 discordiarum
3466 3755 3600 3810 reli-

2101 3884 2118 3915 ι
2156 3864 2292 3932 quia:
2317 3862 2381 3916 de
2402 3861 2644 3916 ecclesiis
2677 3863 3009 3920 remaneant,
3034 3853 3210 3908 visum
3266 3856 3370 3916 est,
3413 3857 3472 3902 ut
3509 3847 3600 3916 qui

2103 3976 2119 4007 ι
2159 3969 2187 4008 a
2219 3955 2417 4008 Musaeo
2452 3959 2504 4004 et
2537 3947 2876 4020 Eutychiano
2924 3943 3202 3999 constituti
3255 3947 3381 3995 sunt
3415 3979 3431 4004 ,
3477 3936 3601 4008 quia

2082 4067 2123 4116 ,ι
2163 4044 2309 4100 nulla
2343 4056 2528 4097 eorum
2561 4039 2715 4107 culpa
2745 4035 3158 4104 inveniebatur,
3206 4044 3397 4086 omnes
3433 4028 3604 4084 suscic

2111 4159 2128 4191 ι
2167 4142 2445 4208 perentnr.
2488 4151 2505 4182 ι

2625 4307 2854 4370 ΕΑΝΟΝ
2878 4305 3023 4362 XIX.

2041 4434 2058 4466 ι
2097 4411 2258 4468 Osius
2289 4409 2575 4480 cpiscopus
2595 4404 2732 4459 dixit
2766 4417 2778 4454 :
2819 4401 2948 4456 Mea:
2972 4395 3360 4454 mediocritatis
3384 4392 3496 4449 haec
3525 4403 3607 4448 est

2103 4526 2120 4558 ‹
2160 4503 2446 4560 sententia.
2478 4498 2612 4565 Quia
2645 4495 2808 4565 quieti
2865 4501 2918 4547 et
2963 4491 3227 4560 patientes
3275 4501 3396 4541 esse
3445 4485 3607 4540 debe-

2110 4617 2127 4651 t
2169 4612 2307 4657 mus.
2343 4603 2395 4648 et
2423 4590 2775 4647 suliicientem
2809 4599 2934 4652 erga
2973 4596 3162 4637 omnes
3196 4578 3398 4633 habere
3445 4575 3608 4630 mise-

2110 4710 2128 4741 ι
2169 4685 2460 4743 ricordiam
2491 4697 2605 4747 eos,
2645 4679 2736 4750 qui
2764 4675 2928 4732 semel
2953 4678 3005 4729 in
3042 4668 3608 4728 clerum'ecclesiasti-

2112 4801 2131 4834 ι
2171 4794 2291 4835 cum
2359 4777 2426 4830 ab
2483 4772 2750 4842 aliquibus
2804 4765 3064 4822 fratribus
3121 4763 3319 4818 nostris
3377 4761 3608 4830 promoti

2116 4891 2133 4924 ‹
2172 4880 2320 4934 sunt,
2359 4868 2402 4923 si
2437 4863 2690 4920 nolintad
2719 4860 2974 4916 ecclesias
3004 4897 3021 4923 ,
3068 4857 3122 4911 in
3155 4870 3290 4926 quas
3347 4853 3608 4908 nominati

2115 4983 2133 5016 ι
2177 4972 2304 5017 sunt
2334 4959 2529 5020 redire,
2561 4957 2814 5023 deinceps
2871 4967 2975 5008 nott
3026 4948 3278 5005 admitti:
3315 4946 3610 5017 Eutychia-

2113 5074 2132 5107 σ
2167 5069 2292 5108 num
2344 5059 2522 5106 autem
2580 5064 2649 5104 ne
2696 5044 2932 5115 episcopi
2987 5042 3201 5111 quidem
3253 5039 3356 5096 sibi
3415 5052 3608 5094 nomen

2116 5155 2464 5211 «usurpare;
2516 5139 2606 5193 sed
2668 5151 2840 5206 neque
2900 5133 3155 5186 Mnszettm
3206 5139 3261 5186 et
3287 5129 3604 5199 episcopum

2118 5255 2135 5288 ι
2175 5233 2495 5290 existimari.
2553 5231 2608 5285 Si
2682 5239 2860 5283 autem
2924 5228 3114 5283 laicam
3176 5221 3611 5280 communionem

2118 5345 2134 5377 ι
2173 5325 2484 5395 petiverint,
2515 5337 2624 5376 non
2679 5328 2928 5389 oportere
2960 5318 3041 5372 eis
3090 5312 3366 5382 denegari.
3414 5308 3614 5364 Omnes

2124 5435 2141 5468 ι
2183 5417 2435 5472 dixerunt
2467 5432 2481 5468 :
2511 5413 2715 5466 Placet.
2749 5429 2766 5461 ι

2113 5509 2308 5564 BALS.
2340 5507 2572 5562 Musaeus
2605 5515 2657 5560 et
2693 5504 3060 5573 Eutychianus
3092 5539 3106 5564 ,
3135 5513 3256 5553 cum
3292 5512 3398 5551 non
3434 5506 3615 5552 essent

2042 5601 2297 5664 ordinati,
2321 5609 2576 5668 tanquam
2616 5597 2854 5666 episcopi
2886 5595 3114 5650 clericos
3156 5591 3364 5660 aliquos
3397 5591 3614 5646 ordina-

2043 5702 2188 5750 runt.
2226 5693 2361 5748 Cum
2391 5692 2573 5762 itaque
2604 5688 2939 5746 Gaudentius
2965 5684 3268 5756 petivisset,
3303 5693 3361 5736 ut
3395 5691 3615 5753 propter

2045 5802 2257 5860 pacem,
2315 5785 2569 5843 omnibus
2633 5781 2806 5838 modis
2862 5779 3167 5835 divinorum
3225 5782 3616 5844 praeceptorum
