3982 6494
462 395 597 461 1493

1555 400 1638 461 ΙΝ
1673 399 1839 461 CAN.
1880 397 2022 459 XXI
2060 395 2272 458 CONC.
2316 396 2619 462 SARDIC.

3572 405 3710 471 1m

453 513 605 575 νόνα,
641 511 734 566 καὶ
770 510 1004 566 ἐκλαϐοὗ
1034 512 1112 577 τὸ,
1137 512 1264 575 Καὶ,
1292 512 1357 565 τὸ
1391 512 1690 583 προστεθὲν
1743 512 1864 566 ἀντὶ
1915 511 2030 575 τοῦ,

2151 508 2283 575 Seu;
2314 520 2366 564 et
2397 512 2484 566 dic
2525 522 2928 585 contemptores
2977 515 3226 575 amittere
3287 520 3546 577 bonorezn
3612 537 3710 579 seu

460 604 616 657 Ἤτοι
639 620 654 635 ο
703 603 799 658 καὶ
829 603 952 672 λέγε
985 605 1312 660 ἀποϐάλλειν
1340 605 1468 668 τοὺς
1500 604 1766 676 ἀθετητάς
1817 605 1917 676 τὴν
1948 622 2032 657 τι.

459 697 566 766 μὴν
593 697 711 768 ἦτοι
748 696 811 750 τὸ
837 697 1055 767 ἀξίωμα
1078 699 1174 770 τῆς
1210 698 1544 766 ἐπισκοπῆς.

529 787 781 842 ΖΩΝΑΡ.
823 787 1034 853 Ταῦτα,
1094 789 1262 858 φησὶν
1313 792 1340 842 ό
1386 788 1586 854 κανὼν,
1635 789 1728 842 ἐπὶ
1781 789 2031 860 σωτηρία

465 876 771 946 ὁρισθέντα,
798 877 894 930 καὶ
921 878 1062 931 κατὰ
1091 879 1150 931 τὸ
1176 879 1386 949 πρέπον
1413 882 1478 950 τῇ
1507 880 1657 945 τάξει
1675 880 1767 934 καὶ
1792 882 1860 951 τῇ
1894 881 2028 949 τιμῇ

461 972 526 1039 τῇ
585 970 861 1040 ἱερατικῇ,
922 971 1018 1023 καὶ
1066 970 1335 1042 θεάρεστα
1382 972 1512 1024 ὄντα
1567 973 1662 1025 καὶ
1720 972 2032 1042 ἀνθρώποις

469 1062 764 1129 ἁποδεκτά,
793 1064 895 1116 οὐκ
928 1064 1261 1134 ἰσχύσουσιν,
1293 1064 1416 1118 οὐδὲ
1451 1067 1838 1134 κρατήσουσιν,
1872 1067 1920 1118 εί
1952 1065 2031 1135 μὴ

463 1158 556 1208 καὶ
588 1155 753 1222 φόϐος
783 1155 1059 1210 κολάσεων
1088 1160 1181 1210 καὶ
1206 1157 1500 1228 ἐπιτιμίων
1535 1161 1657 1222 ταῖς
1689 1157 2030 1227 ἀποφάσεσιν

462 1248 911 1318 ἐπακολουθήσει,
939 1251 1077 1304 ὥστε
1109 1250 1393 1320 φοϐεῖσθαι
1423 1252 1546 1314 τοὺς
1570 1251 2027 1322 παραϐαίνοντας,

460 1342 548 1396 ὅτε
576 1341 1090 1413 ἐπιτιμηθήσονται.
1121 1342 1469 1414 Γινώσκομεν
1506 1343 1616 1414 γάρ
1643 1345 1725 1398 ὅτι
1769 1342 2030 1405 πολλάκις

459 1435 620 1487 τινῶν
641 1434 840 1503 ὀλίγων
871 1435 930 1501 ἐξ
967 1436 1353 1513 ἀναισχυντίας
1401 1437 1851 1508 παραϐαινόντων
1903 1438 2031 1499 τοὺς

461 1529 694 1590 κανόνας
729 1530 1207 1598 καταγινώσκεται
1251 1529 1313 1583 τὸ
1343 1529 1486 1583 θεῖον
1518 1530 1690 1600 ὄνομα
1742 1529 1845 1599 τῆς
1874 1529 2031 1599 ἱερω-

460 1618 648 1692 σύνης,
679 1622 740 1674 ού
771 1622 880 1675 τῶν
910 1621 1340 1693 ἁμαρτανόντων
1363 1623 1558 1693 ἱερέων
1591 1621 1751 1692 μόνον
1783 1618 2032 1690 βλασφη-

464 1716 776 1784 μουμένων,
811 1714 927 1768 ἀλλ’
960 1714 1097 1784 ὁμοῦ
1124 1713 1374 1784 πάντων·
1429 1714 1517 1768 διὰ
1539 1714 1647 1783 γὰρ
1677 1714 1775 1784 τῆς
1803 1712 2032 1783 ίερωσύ-

463 1826 560 1879 νης
596 1810 803 1870 πάντας
829 1810 956 1870 τοὺς
1000 1808 1169 1877 ἱερεῖς
1224 1807 1501 1877 ἐνέφηνεν.
1535 1807 1597 1858 Et
1623 1800 1718 1859 οὖν
1767 1804 2029 1876 τολμήσει

460 1919 544 1965 τις
576 1902 704 1956 ἄλλο
731 1919 780 1955 τι
804 1900 1208 1970 διαπράξασθαι
1261 1900 1414 1972 παρὰ
1465 1897 1533 1953 τά
1574 1898 1802 1966 δόξαντα
1863 1901 2032 1953 πᾶσιν

460 1993 927 2062 ἀλαζονευόμενος
974 1993 1070 2046 καὶ
1106 1992 1490 2063 ἐπαιρόμενος,
1526 1993 1622 2045 καὶ
1649 1990 1724 2063 μὴ
1785 1991 2032 2046 σπεύδων

460 2084 537 2151 τῷ
560 2084 678 2154 Θεῷ
716 2084 936 2155 ἀρέσαι,
985 2086 1304 2153 γινωσκέτω
1368 2083 1451 2135 δτι
1497 2081 1797 2134 ὑπεύθυνον
1841 2082 2032 2135 ἑαυτὸν

464 2179 801 2248 καταστήσει
863 2176 1169 2246 ἐγκλήματι
1237 2175 1558 2244 ἀπολογίας,
1620 2174 1900 2227 τουτέστιν
1969 2173 2030 2226 οὒ

465 2267 782 2339 μονομερῶς
810 2267 1298 2337 κατακριθήσεται,
1324 2266 1460 2319 ἀλλά
1491 2268 1585 2320 καὶ
1629 2266 2028 2336 ἐλκυσθήσεται

460 2357 539 2420 είς
561 2357 936 2428 δικαστήριον,
972 2359 1067 2411 καὶ
1098 2358 1170 2420 ὡς
1193 2357 1444 2428 ἔγκλημα
1491 2361 1727 2427 ποιήσας
1757 2359 2034 2428 ἀπολογή-

464 2449 659 2504 σασθαι
693 2451 1155 2520 ἀπαιτηθήσεται,
1181 2451 1277 2503 καὶ
1297 2450 1567 2504 ἀποϐαλεῖ
1588 2450 1827 2519 ἀξίωμα,
1864 2451 2033 2520 ήγουν

465 2541 862 2613 στερηθήσεται
887 2542 987 2611 τῆς
1017 2543 1182 2612 τιμῆς
1217 2543 1310 2596 τοῦ
1341 2542 1655 2613 ἀξιώματος
1675 2543 1778 2614 τῆς
1805 2544 2031 2596 ἐπισκο-

462 2635 594 2704 πῆς,
623 2636 792 2705 ήγουν
819 2634 1310 2706 καθαιρεθήσεται.

1054 2810 1293 2864 ΚΛΝΩΝ
1339 2807 1470 2863 ΚΔ’.

468 2920 486 2951 ι
529 2901 640 2954 Καὶ
665 2901 826 2954 τοῦτο
855 2899 912 2953 δέ
935 2899 1144 2954 ἐκεῖθεν
1171 2900 1409 2969 μάλιστα
1426 2897 1703 2970 γνώριμον
1720 2899 2029 2969 γενήσεται,

540 3013 559 3047 ι
602 2999 696 3048 καὶ
733 2995 1180 3065 πληρωθήσεται,
1211 2993 1308 3047 ἐὰν
1339 2992 1572 3054 ἕκαστος
1606 2992 1788 3062 ἡμῶν,
1812 2993 1924 3046 τῶν
1975 2995 2034 3045 ἐν

539 3106 557 3136 σ
594 3091 712 3148 ταῖς
773 3087 1049 3157 παρόδοις,
1118 3086 1285 3155 ήγουν
1354 3084 1615 3154 καναλίῳ,
1674 3082 2034 3139 καθεστώτων

538 3198 558 3232 ι
596 3179 934 3244 ἐπισκόπων,
997 3178 1334 3247 θεασάμενος
1373 3175 1697 3242 ἐπίσκοπον,
1743 3176 2028 3247 ἐπιζητοίη
2058 3199 2102 3259 c

533 3290 552 3324 ι
593 3272 691 3343 τὴν
724 3271 904 3324 αἰτίαν
937 3271 1034 3341 τῆς
1059 3270 1316 3339 παρόδου,
1365 3274 1457 3324 καὶ
1491 3268 1594 3322 ποῦ
1634 3270 1749 3338 »τήν
1801 3267 2031 3337 πορείαν

539 3384 560 3419 ι
603 3366 870 3418 ποιεῖται·
906 3365 1002 3416 καὶ
1035 3364 1130 3416 ἐὰν
1165 3363 1265 3431 μὲν
1297 3362 1432 3432 εὕρῃ
1464 3362 1628 3415 αὑτὸν
1669 3360 1766 3414 ἐπὶ
1798 3358 2030 3430 στρατό-

537 3475 557 3508 t
596 3457 755 3510 πεδον
812 3456 1060 3518 ἀπιόντα,
1112 3453 1436 3525 ἐπιζητήσει
1487 3452 1586 3515 τὰς
1642 3453 1886 3522 αἱρέσεις
1931 3449 2030 3513 τὰς

537 3568 556 3600 ι
600 3550 788 3603 ἐπάνω
847 3546 1242 3616 προκειμένας.
1281 3545 1398 3599 Κᾶν
1425 3545 1764 3615 κεκλημένος
1795 3543 2030 3612 ἀφικνῆ-

537 3659 554 3690 ι
599 3656 711 3704 ται,
738 3640 952 3693 ἀπιόντι
979 3638 1129 3708 αὺτῷ
1162 3637 1328 3706 μηδὲν
1362 3637 1623 3706 ἐμπόδιον
1677 3637 1920 3705 γίγνοιτο
1940 3650 1954 3666 ·
1980 3634 2030 3686 εἱ

537 3753 555 3784 ι
593 3734 650 3787 δὲ
714 3732 1032 3796 ἐπιδείξεως
1091 3732 1272 3802 χάριν,
1349 3732 1530 3794 καθὼς
1587 3730 1909 3802 προείρηται
1961 3729 2028 3797 τῇ

535 3846 554 3878 ι
595 3826 838 3897 ὑμετέρᾳ
865 3826 1078 3896 ἀγάπῃ,
1105 3825 1136 3896 ἢ
1167 3825 1257 3878 διά
1300 3841 1465 3878 τινων
1507 3825 1760 3890 ἀξιώσεις
1797 3821 2032 3876 σπουδάς

535 3939 553 3970 ι
592 3918 674 3983 ζει
702 3919 796 3971 ἐπὶ
827 3919 888 3970 τὸ
916 3917 1299 3988 στρατόπεδον,
1355 3918 1492 3989 μήτε
1519 3918 1635 3980 τοῖς
1691 3916 2017 3986 γράμμασιν

539 4029 557 4063 ι
604 4011 771 4066 αὐτοῦ
801 4009 1162 4081 ὑπογράφειν,
1203 4010 1339 4079 μήτε
1369 4011 1648 4063 κοινωνεῖν
1677 4009 1754 4078 τῷ
1776 4007 2025 4075 τοιούτῳ.

524 4126 542 4158 ι
593 4103 866 4169 Ἅπαντες
893 4099 1075 4156 εἶπαν·
1111 4101 1414 4173 Ὀριζέσθω
1445 4104 1540 4156 καὶ
1572 4102 1754 4155 τοῦτο.
1788 4120 1808 4153 ι

529 4197 725 4251 ΒΑΛΣ.
775 4197 881 4248 Καὶ
930 4194 1090 4250 τοῦτο
1139 4195 1415 4267 γνώριμον
1473 4199 1785 4266 γενήσεται.
1836 4196 2028 4264 Τοῦτο,

457 4293 647 4355 ποῙον;
691 4289 764 4340 Τὸ
795 4289 869 4358 μή
903 4288 1419 4356 καταγινώσκεσθαι
1454 4287 1555 4355 τὴν
1602 4288 1906 4359 ἱερωσύνην
1939 4290 2032 4343 διὰ

457 4382 556 4452 τὴν
585 4380 693 4433 τῶν
724 4379 924 4446 ὀλίγων
953 4379 1364 4448 ἀναισχυντίαν.
1423 4381 1535 4432 Καὶ
1574 4380 2022 4451 πληρωθήσεται.

454 4473 622 4538 Hdie;
665 4472 792 4526 Ἐἀν
822 4472 1058 4534 ἕκαστος
1113 4473 1273 4542 ήμῶν
1319 4473 1428 4525 τῶν
1468 4475 1529 4525 έν
1586 4476 1707 4537 ταῖς
1768 4472 2028 4542 παρόδοις

2137 601 2462 670 dignitatem
2485 605 2848 674 epise0patus.

2205 778 2458 834 ZONAR.
2502 779 2776 837 Salutaria
2830 784 2944 841 hac
2985 770 3226 856 decreta,
3280 791 3456 860 inquit
3505 809 3705 858 canon.

2135 871 2277 928 Sacri
2327 872 2534 927 ordinis
2585 875 2784 930 decoro
2846 877 3205 950 dignitatique
3275 887 3707 953 accommodata,

2137 963 2354 1033 Dcoque
2382 971 2558 1033 grata,
2591 977 2646 1020 et
2675 967 2987 1024 hominibus
3015 980 3264 1041 accepta,
3313 989 3588 1044 nunquam
3615 991 3710 1034 ro-

2135 1055 2236 1109 bur
2290 1070 2444 1110 suum
2500 1071 2564 1112 ac
2597 1061 2741 1113 vires
2790 1060 3150 1127 obtinebunt,
3203 1066 3305 1119 nisi
3367 1069 3710 1126 decretorum

2133 1147 2558 1219 promulgationi
2591 1168 2873 1222 plenarum
2911 1166 3086 1213 metus
3137 1159 3385 1225 accedat,
3417 1175 3555 1228 quas
3585 1163 3708 1232 sibi,

2134 1242 2227 1310 qui
2259 1243 2374 1298 haec
2407 1243 2752 1310 violaverim,
2792 1260 3009 1320 paratas
3031 1252 3357 1320 intelligant.
3389 1254 3520 1308 Illud
3555 1271 3711 1310 nam-

2133 1349 2240 1404 que
2271 1336 2525 1392 novimus
2556 1341 2797 1404 evenire,
2833 1352 2891 1396 ut
2922 1344 3110 1413 paucis
3139 1345 3463 1414 quibusdam
3491 1348 3712 1404 decreta

2134 1438 2404 1480 canonum
2466 1442 2563 1496 per
2615 1426 3004 1498 impudentiam
3056 1433 3420 1504 violantibus,
3468 1436 3711 1492 divinum

2132 1517 2422 1573 sacerdotii
2453 1533 2648 1575 nomen
2679 1523 2994 1592 damnetur;
3028 1541 3126 1580 nec
3154 1526 3188 1580 ii
3220 1528 3420 1595 solum,
3461 1530 3551 1598 qui
3587 1543 3714 1598 pec-

2132 1620 2350 1675 carunt,
2387 1613 2480 1666 sed
2517 1627 2708 1669 omnes
2737 1617 2897 1669 simul
2946 1619 3261 1673 sacerdotes
3306 1618 3614 1691 (universos
3640 1620 3715 1675 si-

2133 1703 2352 1774 quidem
2389 1705 2680 1762 sacerdotii
2738 1708 2956 1764 nomine
2989 1709 3288 1779 signiiicari
3320 1709 3509 1781 voluit.)
3547 1711 3716 1763 male-

2136 1795 2272 1851 dicis
2335 1796 2768 1852 obtrectatorum
2836 1801 3308 1855 criminationibus
3383 1803 3713 1856 lacerentur.

2134 1887 2190 1944 Si
2230 1888 2354 1958 quis
2383 1890 2547 1959 igitur
2597 1893 2860 1947 adversus
2905 1905 2994 1956 ea,
3048 1907 3168 1962 qua:
3197 1894 3436 1947 unanimi
3469 1894 3714 1948 omnium

2135 1995 2400 2034 consensu
2437 1983 2651 2038 decreta
2683 1994 2804 2037 sunt
2829 2022 2843 2045 ,
2877 1986 3186 2054 arrogantia
3221 2001 3283 2041 ac
3317 1987 3570 2054 superbia
3598 1987 3714 2041 ela-

2137 2079 2245 2138 tus,
2280 2087 2456 2143 neque
2513 2077 2756 2130 numinis
2785 2075 3044 2145 obsequio
3071 2077 3380 2132 demerendi
3434 2079 3715 2132 studiosus

2133 2167 2425 2237 quidquam
2451 2168 2735 2222 admittere
2789 2167 2988 2222 audeat
3017 2187 3033 2223 :
3089 2169 3437 2237 semetipsum
3469 2170 3714 2225 criminis

2135 2255 2434 2312 defensioni
2466 2257 2762 2313 obnoxium
2795 2257 3151 2322 constituere,
3209 2259 3314 2313 hoc
3345 2269 3452 2322 est,
3509 2274 3613 2313 non
3649 2275 3712 2315 se

2134 2362 2457 2418 quacunque
2484 2349 2694 2404 ratione
2720 2350 3215 2415 condemnandum,
3245 2351 3340 2406 sed
3372 2354 3426 2404 in
3451 2349 3714 2419 judicium

2136 2439 2482 2507 trahendum,
2537 2442 2698 2510 eique
2729 2442 2876 2496 velut
2911 2451 3128 2511 patrato
3205 2441 3448 2496 facinore
3495 2455 3714 2496 causam

2134 2544 2258 2586 esse
2310 2531 2615 2599 dicendam,
2672 2534 3098 2604 dignitatemque
3158 2533 3546 2600 abjiciendam,
3614 2536 3719 2586 hoc

2133 2631 2241 2687 est,
2278 2623 2573 2694 episcopali
2627 2640 2686 2681 se
2719 2626 2926 2680 honore
2954 2639 3018 2679 ac
3055 2625 3320 2695 dignitate
3368 2624 3715 2694 privandum,

2134 2712 2249 2768 sive
2283 2711 2621 2781 depositione
2657 2714 2992 2768 multandum
3023 2729 3144 2769 esse
3181 2714 3467 2783 intelligat.

2709 2804 2940 2861 CANON
3006 2805 3151 2862 XXI.

2141 2914 2158 2948 ι
2192 2894 2363 2952 Porro
2388 2905 2569 2952 autem
2601 2895 2706 2952 hoc
2745 2909 2966 2967 quoque
3001 2895 3153 2952 illinc
3198 2905 3306 2951 erit
3352 2897 3591 2952 maxime
3621 2911 3720 2950 no-

2215 3007 2236 3041 ι
2267 2998 2379 3043 tum
2415 2997 2467 3044 et
2501 2989 2934 3060 comprobatum,
2967 2989 3010 3044 si
3048 2991 3428 3059 unusquisque
3456 3001 3704 3045 nostrum

2211 3098 2231 3133 ι
2261 3081 2354 3152 qui
2382 3083 2436 3136 in
2477 3083 2708 3137 transitu
2738 3097 2832 3137 seu
2864 3082 3039 3138 canali
3067 3083 3348 3138 constituti
3379 3097 3566 3138 sumus
3598 3085 3718 3151 epi-

2211 3188 2232 3225 c
2263 3173 2440 3240 scopi,
2489 3164 2612 3227 cum
2646 3173 2844 3228 viderit
2873 3174 3208 3245 episcOpum,
3260 3182 3468 3244 quaerat
3496 3191 3717 3232 causam

2213 3283 2231 3318 ι
2266 3266 2556 3333 adventus,
2586 3275 2640 3320 et
2667 3281 2774 3336 quo
2803 3267 2977 3338 pergit
3007 3286 3023 3324 :
3081 3276 3136 3322 et
3173 3267 3218 3321 si
3256 3284 3376 3322 eum
3415 3269 3630 3335 quidem
3663 3266 3716 3320 in

2215 3381 2234 3414 ι
2263 3374 2442 3418 castra
2477 3362 2913 3433 proﬁciscentem
2952 3360 3240 3423 invenerit,
3289 3369 3498 3429 quaeret
3527 3361 3718 3414 condi-

2213 3473 2232 3507 ι
2264 3457 2438 3511 tiones
2457 3471 2580 3523 qua:
2596 3454 2848 3522 superius
2872 3453 3163 3522 propositae
3193 3461 3340 3506 sunt.
3370 3451 3496 3506 Etsi
3526 3467 3721 3506 evoca-

2210 3565 2228 3599 ι
2262 3557 2349 3602 tus
2379 3547 2578 3610 veniat,
2599 3546 2647 3601 ei
2671 3544 2890 3599 abeunti
2914 3543 3047 3597 nihil
3076 3543 3443 3613 impedimenti
3471 3544 3603 3597 liat:
3633 3544 3716 3597 sin

2213 3655 2234 3690 ι
2268 3647 2450 3692 autem
2481 3634 2862 3691 ostentationis
2910 3634 3100 3703 gratia,
3138 3631 3590 3703 quemadmodum
3629 3645 3718 3683 re-

2218 3751 2235 3783 ι
2272 3743 2399 3788 stne
2428 3729 2704 3784 dilectioni
2738 3727 2988 3796 superius
3007 3726 3206 3781 dictum
3232 3733 3336 3788 est,
3377 3723 3462 3777 Vel
3497 3731 3719 3793 propter

2216 3845 2235 3878 ι
2269 3823 2576 3892 aliquorum
2612 3834 2803 3890 preces
2831 3818 2887 3872 in
2913 3829 3096 3873 castra
3138 3817 3404 3881 festinat;
3442 3830 3542 3870 nec
3573 3815 3716 3870 litte-

2217 3937 2235 3970 ι
2273 3917 2350 3970 ris
2383 3915 2501 3983 ejus
2533 3911 2866 3980 subscribat,
2903 3925 3002 3965 nec
3036 3925 3160 3964 cum
3208 3926 3272 3965 eo
3319 3910 3712 3964 communicet.

2207 4028 2236 4061 -ι
2267 4008 2466 4062 Omnes
2493 4005 2782 4060 dixerunt:
2817 4003 2932 4057 Hoc
2955 4015 3170 4071 quoque
3200 4003 3547 4056 decernatur.
3584 4021 3606 4054 ι

2208 4206 2406 4263 BALS.
2443 4208 2617 4261 Porro
2651 4205 2753 4259 hoc
2782 4218 2994 4273 quoque
3032 4213 3216 4257 notum
3249 4204 3372 4259 erit.
3410 4203 3548 4269 Quid
3569 4204 3716 4260 hoc?

2136 4297 2251 4353 Non
2292 4297 2537 4353 damnari
2567 4295 3182 4364 sacerdotiumlproptcr
3212 4309 3504 4364 paucorum
3537 4296 3715 4366 impu-

2137 4392 2393 4448 dentiam.
2419 4389 2484 4443 Et
2504 4387 2963 4459 comprobabitur.
2987 4387 3313 4452 Quomodo?
3348 4385 3402 4440 Si
3425 4389 3716 4455 unusquis-

2136 4497 2242 4553 que
2301 4489 2575 4544 nostrum,
2659 4478 2837 4547 quiin
2891 4478 3127 4532 aditibus
3189 4477 3468 4531 constituti
3524 4494 3714 4539 sumus

454 4564 818 4620 καθεστώτων
855 4565 1196 4629 ἐπισκόπων,
1219 4563 1326 4617 τῶν
1375 4566 1434 4618 ἐν
1465 4567 1584 4628 ταῖς
1614 4565 1834 4618 πόλεσιν
1857 4565 2027 4618 δντων

2151 4571 2393 4640 :piscopi,
2455 4569 2548 4640 qui
2606 4583 2796 4623 sumus
2843 4567 3050 4622 scilicet
3111 4567 3165 4620 in
3199 4566 3446 4630 urbibus,
3506 4583 3624 4635 qtue
3658 4569 3718 4628 in

450 4659 653 4729 δηλαδὴ
677 4660 800 4720 ταῖς
827 4657 888 4709 ἐν
912 4658 1034 4719 ταῖς
1063 4657 1356 4727 δημοσίαις
1383 4659 1673 4728 κειμέναις
1702 4659 1862 4722 ὁδοῖς,
1905 4659 2025 4726 ήτοι

452 4749 714 4818 καναλίῳ,
735 4746 800 4800 δι’
819 4743 896 4802 ὧν
923 4748 1231 4818 διέρχονται
1257 4750 1304 4800 οἱ
1331 4748 1662 4811 διοδεύοντες
1687 4747 2024 4814 άδιακόπως,

451 4839 526 4902 ὡς
551 4837 811 4902 διέξεισιν
864 4838 923 4891 ἐν
972 4837 1304 4907 ὑδραγωγὶῳ
1337 4838 1398 4890 τὸ
1455 4836 1600 4906 ὕδωρ
1634 4836 1883 4905 (κανά).ις
1917 4836 2026 4906 γὰρ

452 4933 666 5000 ἀγωγὸς
709 4930 902 4994 ὓδατος
926 4930 1147 4998 λέγεται
1172 4943 1188 4958 ο
1222 4931 1254 4999 ή
1281 4930 1340 4982 δὲ
1370 4929 1515 4993 λέξις
1556 4927 1866 4998 Ῥωμαϊκή)
1899 4928 2026 4980 θεα-

455 5026 688 5093 σάμενος
707 5024 1005 5078 ἐπίσκοπον
1029 5023 1261 5076 ἀπιόντα
1285 5039 1414 5085 που,
1437 5021 1695 5092 ὲκζητοίη
1723 5023 1823 5090 τὴν
1844 5021 2026 5077 αἰτίαν

452 5118 550 5186 τῆς
586 5117 848 5187 παρόδου,
901 5119 996 5170 καὶ⁸
1055 5114 1150 5169 τοῦ
1200 5117 1301 5185 τὴν
1335 5117 1562 5185 πορείαν
1621 5117 1878 5178 ποιεῖται,
1930 5112 2026 5167 καὶ

453 5213 539 5266 διὰ
573 5212 626 5264 τί
647 5228 660 5242 ·
690 5214 783 5263 καὶ
800 5213 834 5281 ή
863 5210 1016 5264 αἱτία
1043 5209 1142 5279 τῆς
1160 5207 1562 5276 καταγνώσεως
1583 5205 1691 5258 τῶν
1707 5203 2025 5257 ἐπισκόπων

455 5304 855 5373 κωλυθήσεται.
894 5303 1003 5354 Καὶ
1038 5301 1134 5355 ἐὰν
1165 5301 1266 5371 μὲν
1301 5297 1416 5369 γνῷ
1450 5299 1614 5351 αὑτὸν
1642 5298 1737 5348 ἐπὶ
1767 5297 1828 5348 τὸ
1855 5311 2024 5364 στρα-

455 5395 679 5449 τόπεδον
711 5394 965 5455 ἀπιόντα,
990 5392 1293 5462 ἐκζητείτω
1315 5392 1415 5453 τὰς
1440 5389 1683 5460 αἱρέσεις
1705 5390 1806 5449 τὰς
1837 5387 2024 5440 ἐπάνω

456 5489 733 5555 κειμένας,
792 5485 963 5555 ήγουν
1000 5484 1100 5545 τὰς
1151 5483 1252 5553 ήδη
1310 5482 1568 5553 ῥηθείσας
1615 5480 1909 5543 διαστίξεις
1965 5479 2024 5530 ἐν

458 5580 534 5651 τῷ
570 5579 782 5648 ἑϐδόμῳ
800 5580 894 5630 καὶ
937 5576 1112 5645 ὀγδόῳ
1147 5576 1242 5629 καὶ
1265 5576 1472 5646 ἐννάτῳ
1508 5573 1693 5627 κανόνι
1733 5573 1833 5642 τῆς
1869 5572 2021 5624 συνόοι

454 5674 546 5725 imo
568 5672 794 5739 ταύτης.
831 5670 940 5722 Καὶ
973 5671 1021 5721 εἱ
1056 5669 1155 5739 μὲν
1179 5667 1516 5738 καλούμενος
1547 5669 1635 5737 εἴη
1670 5666 1822 5735 παρά
1869 5664 2024 5733 βασι-

453 5765 611 5826 λέας,
645 5762 721 5832 μή
745 5760 1088 5831 ἐμποδίζοιτο
1113 5761 1334 5814 ἀπιέναι
1363 5775 1376 5789 ο
1410 5762 1458 5814 εἱ
1498 5760 1555 5812 δέ
1585 5777 1688 5813 που
1724 5760 2022 5829 ἀπέρχεται

455 5856 767 5922 ἐπιδείξεως
822 5856 996 5929 χάριν,
1051 5855 1194 5910 ὥστε
1243 5854 1616 5920 ἐπιδείξασθαι
1678 5855 1771 5909 καὶ
1806 5853 2016 5921 διδάξαι

2133 4664 2237 4717 viis
2273 4672 2396 4717 sunt
2429 4659 2684 4731 publicis,
2722 4660 2837 4714 sive
2881 4659 3079 4724 canali,
3130 4674 3228 4729 per
3259 4673 3377 4727 qua:
3408 4659 3497 4728 qui
3533 4668 3718 4714 traus-.

2126 4766 2256 4809 eunt
2309 4753 2425 4808 sine
2480 4752 2662 4806 labore
2721 4760 3021 4820 permeant,
3077 4760 3134 4804 ut
3197 4765 3334 4820 aqua
3402 4752 3596 4804 transit
3655 4753 3720 4810 in.

2128 4844 2471 4915 aquaeductu.
2505 4841 2755 4913 (Canalis
2791 4845 2935 4896 enim
2971 4841 3322 4911 aquaeductus
3352 4842 3586 4897 dicitur:
3622 4852 3715 4898 est.

2126 4945 2306 4991 autem
2325 4933 2626 4988 Romanum
2650 4932 2994 5002 vocabulum)
3022 4948 3144 4987 cum
3175 4933 3372 4987 viderit
3392 4933 3717 5003 episcopum

2128 5029 2313 5098 aliquo
2344 5027 2802 5098 proﬁciscentem,
2836 5039 3043 5095 quaerat
3075 5041 3296 5081 causam
3332 5028 3620 5090 adventus,
3653 5035 3708 5083 et

2127 5135 2233 5188 quo
2251 5119 2446 5189 pergit,
2475 5129 2527 5174 et
2559 5135 2657 5173 cur
2683 5136 2697 5184 ;
2723 5127 2777 5172 et
2810 5133 2973 5173 causa
3001 5118 3466 5174 condemnatiouis
3498 5119 3714 5186 cpiscoq

2130 5226 2318 5281 porum
2355 5210 2745 5278 prohibebitur.
2771 5211 2836 5265 Et
2858 5211 2904 5265 si
2935 5213 3245 5281 Cognoverit
3265 5212 3479 5280 quidem
3504 5227 3628 5264 eum
3651 5211 3714 5273 in.

2127 5314 2301 5358 castra
2335 5304 2624 5374 prolicisci,
2659 5306 2909 5376 exquirat
2961 5307 3299 5361 conditiones
3331 5307 3579 5376 superius
3613 5321 3718 5375 pos.

2127 5399 2280 5462 sitas,
2313 5413 2405 5451 seu
2427 5397 2538 5468 jam
2571 5397 2746 5453 dictas
2777 5397 3156 5452 distinctiones
3181 5398 3236 5451 in
3266 5397 3567 5452 canonibus
3594 5398 3648 5461 7,
3672 5399 3714 5457 ἃ

2127 5496 2180 5541 ct
2201 5487 2233 5542 9
2259 5487 2417 5556 hujus
2437 5488 2651 5555 synodi.
2687 5486 2753 5541 Et
2778 5487 2821 5541 si
2856 5487 3017 5541 fuerit
3045 5489 3262 5556 quidem
3294 5488 3359 5539 ab
3384 5489 3718 5556 imperatore

2127 5578 2442 5643 accersitus,
2483 5595 2548 5633 ne
2579 5581 2902 5650 impediatur
2931 5581 3082 5632 abire
3118 5595 3133 5633 ι
3187 5579 3272 5634 sin
3307 5590 3484 5634 autem
3520 5591 3715 5635 osten-t

2128 5673 2345 5726 tationis
2372 5676 2547 5742 gratia
2599 5673 2778 5742 aliquo
2814 5671 3199 5743 proficiscitur,
3254 5681 3312 5725 ut
3370 5685 3429 5726 se
3467 5681 3709 5729 ostentet

2125 5773 2179 5816 ct
2222 5764 2416 5819 doceat
2445 5763 2498 5819 in
2533 5764 2706 5819 aiiena
2739 5766 2982 5833 civitate,
3023 5773 3075 5820 et
3104 5765 3439 5836 episcopum,
3475 5765 3565 5834 qui
3594 5765 3716 5820 illio

2127 5858 2452 5915 constitutus
2479 5865 2562 5916 est
2590 5858 2856 5918 dedecore
2888 5859 3122 5928 alliciat;
3174 5868 3267 5916 aut
3302 5859 3354 5915 in
3388 5867 3564 5917 castra
3591 5858 3718 5920 sive.-
