3982 6494
316 396 450 464 1495

1564 389 1843 454 ἸῚΙΕΟΙ).
1889 385 2291 448 BALSAMON

3421 375 3558 438 1496

307 513 375 568 ad
412 513 794 581 imperatorem
825 509 1208 581 proﬁciscitur,
1245 519 1434 578 preces
1463 521 1560 564 seu
1599 505 1888 577 petitiones

2022 520 2049 554 ν
2079 500 2218 572 ἄλλῃ
2246 499 2425 561 πῦλει,
2457 498 2547 548 καὶ
2584 493 2944 564 καταισχῦναι
2974 492 3064 546 τὸν
3099 491 3213 544 ἐκεῖ
3240 490 3564 544 καθεστῶτα

307 607 628 673 oblaturus;
691 620 788 660 nec
819 605 1014 660 litteris
1069 603 1192 673 ejus
1247 603 1580 669 subscribat,
1642 599 1884 672 pacificis

308 697 516 754 scilicet
545 697 767 763 litteris,
795 711 892 751 nec
915 712 1035 752 cum
1063 711 1128 751 eo
1153 695 1548 761 communicet,
1576 702 1633 748 ut
1658 691 1749 762 qui
1774 689 1886 761 jam

307 790 380 852 sit
408 803 438 843 a
465 803 673 844 canone
706 789 1002 860 depositus.
1040 788 1254 843 Dictum
1286 795 1373 843 est
1410 784 1556 841 enim
1585 784 1638 839 in
1672 781 1882 838 decimo

311 895 518 940 canone
547 879 900 936 Antiochense
939 881 1168 950 synodi,
1221 893 1328 933 non
1361 891 1522 948 posse
1547 875 1780 945 aliquem
1817 871 1888 928 ad

312 972 692 1042 imperatorem
723 971 1014 1038 proﬁcisci,
1049 970 1213 1041 508
1239 970 1342 1025 nisi
1378 969 1588 1024 litteras
1618 976 1890 1035 metropo-

313 1063 468 1120 litani
501 1064 814 1134 provincia,
861 1072 914 1118 et
946 1063 1066 1134 ejus
1095 1063 1497 1132 episcoporum,
1549 1059 1778 1114 afferat:
1845 1057 1892 1112 is

319 1163 500 1211 autem
527 1155 620 1226 qui
650 1170 754 1210 non
780 1154 853 1209 ita
883 1152 1036 1222 facit,
1065 1170 1094 1208 a
1131 1155 1398 1226 dignitate
1445 1151 1682 1208 excidat.
1716 1149 1782 1202 Et
1831 1148 1890 1202 in

320 1247 406 1302 bis
435 1246 652 1317 quidem
681 1245 931 1300 consistit
963 1260 1161 1301 canon.
1191 1246 1454 1300 Existimo
1495 1251 1676 1298 autem
1699 1280 1715 1306 ,
1745 1240 1890 1311 quod

317 1338 424 1393 illis
448 1337 716 1408 episcopis
746 1351 1069 1392 concessum
1118 1345 1201 1392 est
1234 1334 1628 1398 transeuntium
1684 1331 1896 1400 episeo-

319 1443 510 1498 porum
545 1443 744 1484 causas
777 1425 993 1484 curiose
1025 1427 1307 1496 indagare,
1357 1425 1449 1494 qui
1491 1425 1692 1478 habent
1720 1422 1811 1494 ius
1841 1421 1895 1476 in

321 1520 461 1585 illos,
491 1521 925 1588 metrOpolitanis
953 1519 1162 1575 scilicet
1189 1527 1244 1573 et
1286 1516 1632 1588 patriarchis.
1665 1514 1721 1570 Si
1749 1513 1896 1570 enim

323 1620 550 1668 nonest
596 1613 818 1668 omnino
867 1612 1165 1682 subjectus,
1215 1609 1307 1680 qui
1359 1608 1554 1663 transit
1589 1607 1895 1676 episcopus,

321 1705 552 1760 antistiti
579 1704 667 1772 qui
716 1704 887 1769 estin
922 1702 1180 1765 transitu,
1229 1715 1337 1755 non
1375 1699 1780 1755 examinabitnr
1829 1697 1897 1752 de

1989 592 2313 655 ἐπίσκοπον,
2351 588 2509 661 ἥέπὶ
2555 587 2614 640 τὸ
2671 585 3034 657 στρατόπεδον
3078 581 3406 652 πορεύεται,
3439 580 3562 649 ἦτοι

1991 685 2129 756 πρὸς
2165 682 2394 754 βασιλέα
2417 683 2658 744 ἄπεισιν,
2688 677 2963 743 ἀξιώσεις,
2984 675 3263 730 τουτέστιν
3290 674 3558 742 αἰτήσεις,

1991 775 2337 845 ποιούμενος,
2376 773 2511 844 μήτε
2547 774 2656 833 τοῖς
2721 770 3044 842 γράμμασιν
3115 764 3283 819 αὑτοῦ
3319 764 3564 831 ὑπογρα-

1992 867 2164 937 φέτω,
2226 867 2349 926 ταῖς
2395 865 2704 934 εἰρηνικαῖς
2747 861 2991 932 δηλονότι
3035 858 3366 921 ἐπιστολαῖς,
3426 857 3561 924 μήτε

1993 959 2325 1015 κοινωνείτω
2356 955 2434 1027 τῷ
2463 957 2714 1025 τοιούτῳ,
2742 955 2818 1018 ὡς
2847 957 2911 1006 ἐκ
2933 952 3027 1005 τοῦ
3067 951 3294 1008 κανόνος
3320 948 3566 1019 καθῃρη-

1997 1050 2166 1120 μένῳ.
2201 1050 2431 1119 Εῖρηται
2480 1051 2586 1117 γὰρ
2618 1048 2677 1100 ἐν
2729 1047 2807 1116 τῷ
2863 1045 3075 1115 δεκάτῳ
3118 1042 3301 1095 κανόνι
3358 1039 3457 1104 τῆς
3509 1040 3566 1088 ἐν

2008 1139 2561 1215 Ἀντιοχείᾳισυνόδου
2597 1137 2674 1208 μὴ
2703 1135 2965 1190 δύνασθαί
2995 1151 3117 1188 τινα
3168 1133 3305 1202 πρὸς
3343 1128 3567 1201 βασιλέα

1997 1233 2240 1298 ἀπιέναι,
2270 1234 2318 1285 εἰ
2358 1231 2436 1304 μὴ
2478 1232 2787 1302 γράμματα
2834 1230 3120 1300 κομίζεται
3167 1226 3261 1280 τοῦ
3294 1238 3568 1293 μητροπο-

1998 1325 2146 1380 λίτου
2172 1325 2273 1396 τῆς
2303 1326 2594 1396 ἐπαρχίας,
2626 1325 2720 1378 καὶ
2751 1324 2860 1376 τῶν
2901 1322 3222 1376 ἐπισκόπων
3260 1317 3449 1386 αὐτῆς*
3477 1315 3571 1366 τὸν

1998 1416 2056 1470 δὲ
2109 1417 2182 1486 μὴ
2213 1413 2358 1468 οὕτω
2401 1415 2654 1468 ποιοῦντα
2710 1415 2998 1467 ἐκπίπτειν
3049 1413 3149 1482 τῆς
3192 1411 3348 1476 ἀξίας
3381 1405 3570 1461 αὑτοῦ.

2001 1507 2113 1560 Ka‘t
2145 1507 2212 1559 τὰ
2249 1506 2349 1576 μὲν
2376 1506 2469 1560 τοῦ
2500 1508 2723 1569 κανόνος
2753 1509 2811 1560 ἐν
2833 1505 3063 1569 τούτοις.
3124 1505 3348 1571 Νομίζω
3401 1501 3455 1552 δὲ
3490 1503 3574 1554 ὅτι

2004 1599 2237 1662 ἐκείνοις
2284 1603 2395 1664 τοῖς
2444 1600 2765 1662 ἐπισκόποις
2824 1598 3038 1668 ἐνεδόθη
3093 1597 3576 1666 πολυπραγμονεῖν

2004 1692 2106 1752 τὰς
2156 1692 2335 1756 αἰτίας
2396 1694 2505 1745 τῶν
2573 1691 2980 1760 παροδευὼτων
3054 1690 3392 1751 ἐπισκόπων,
3463 1688 3576 1747 τοῖς

320 1797 494 1851 aditu.
543 1795 610 1850 Ut
662 1795 707 1848 si
743 1794 1030 1863 episcopus
1082 1789 1332 1845 Exainilii
1378 1789 1462 1843 vel
1515 1786 1774 1852 Raedesti,
1806 1800 1900 1853 per

2018 1782 2185 1854 ἔχουσι
2215 1785 2424 1838 δίκαιον
2461 1784 2604 1837 κατά
2637 1782 2865 1845 τούτων,
2923 1781 3348 1852 μητροπολίταις
3383 1778 3577 1846 δηλον-

322 1884 636 1941 lleracleam
668 1850 946 1948 Thraciae:
964 1883 1031 1934 ad
1063 1879 1282 1934 urbium
1328 1878 1569 1949 reginam
1609 1850 1893 1946 pervadat,

2018 1850 2083 1928 Βτι
2119 1878 2212 1928 καὶ
2246 1877 2633 1947 πατριάρχαις.
2671 1875 2734 1928 Εἰ
2771 1877 2878 1945 γὰρ
2926 1850 3341 1943 οὺχ-ὑπόκειται
3379 1869 3517 1930 ὅλως
3551 1869 3580 1920 δ

324 1985 470 2032 recte
503 1990 532 2029 ιι
563 1990 664 2030 suo
695 1972 1136 2043 metropolitano,
1167 1970 1379 2026 scilicet
1412 1967 1684 2023 Heracleas
1714 1966 1898 2022 archi-

321 2067 598 2138 episcopo,
629 2075 853 2135 cogetur
881 2067 1061 2120 dicere
1088 2078 1305 2127 causas,
1340 2070 1560 2131 propter
1585 2075 1719 2129 quas
1749 2057 1895 2114 Con-

324 2158 733 2228 stantinopolim
761 2157 895 2226 petit
921 2173 936 2212 :
969 2157 1014 2212 si
1042 2156 1163 2225 quis
1188 2164 1363 2209 autem
1395 2153 1700 2224 cpiscopus,
1734 2151 1894 2206 Thes-

323 2251 650 2307 salonicensi
685 2247 970 2319 metmpoli
1000 2246 1307 2316 subjectus,
1362 2259 1457 2314 per
1505 2245 1676 2314 ipsam
1732 2241 1904 2298 Hera-

324 2343 498 2396 cleam
531 2342 598 2397 ad
629 2341 842 2396 urblum
873 2338 1115 2408 reginam
1146 2337 1300 2392 vadat
1325 2375 1340 2400 ,
1367 2348 1396 2388 a
1430 2332 1900 2389 Thcssalonicensi

327 2433 543 2502 quidem
570 2430 1002 2495 oxaminabitur;
1032 2426 1364 2484 Heraclcano
1393 2439 1520 2482 vero
1553 2439 1769 2488 causam
1795 2439 1904 2478 non

329 2525 495 2577 dicet.
555 2520 860 2590 Episcopus
893 2519 1066 2582 enim,
1110 2515 1200 2585 qui
1245 2523 1548 2578 transeunt,
1583 2513 1666 2568 sul
1700 2513 1907 2567 itineris

329 2613 596 2668 rationem
630 2611 857 2666 reddere
885 2608 1034 2663 omni
1068 2607 1341 2678 episcopo,
1369 2606 1461 2675 qui
1491 2613 1575 2660 est
1609 2603 1662 2658 in
1694 2604 1908 2666 itinere,

341 2713 400 2756 ut
431 2701 562 2756 inibi
599 2699 820 2770 quidem
852 2697 1083 2763 videtur,
1109 2706 1190 2751 est
1235 2695 1567 2750 contrarium
1591 2693 1912 2759 canonibus,

331 2793 747 2851 decernentibus
771 2792 1194 2860 incompetentes
1221 2788 1494 2843 antisﬁtes
1518 2802 1623 2841 non
1640 2787 1836 2841 debere
1857 2801 1916 2841 se

332 2893 386 2946 in
415 2903 613 2947 causas
643 2888 942 2944 alienorum
975 2885 1355 2954 episcoporum
1385 2882 1656 2950 ingerere.

2003 1967 2351 2038 διερχόμενος
2386 1970 2685 2033 ἐπίσκοπος
2705 1969 2785 2038 τῷ
2811 1969 2951 2023 κατά
2979 1967 3214 2038 πάροδον
3251 1966 3366 2019 δντι
3390 1966 3583 2034 ἀρχιε-

2007 2061 2112 2124 ρεῖ,
2134 2060 2235 2114 οὐκ
2257 2059 2689 2130 ἀνακριθήσεται
2720 2061 2850 2130 περί
2875 2060 2970 2129 τῆς
2986 2058 3244 2128 παρόδου.
3262 2055 3580 2117 Τουτέστιν,

2005 2151 2100 2203 ἐάν
2131 2149 2429 2213 ἐπίσκοπος
2467 2149 2782 2220 Ἐξαμιλίου
2837 2152 2868 2222 ἢ
2939 2147 3250 2203 Ῥαιδεστοῦ
3303 2147 3582 2216 ἀνατρέχῃ

2010 2240 2096 2294 διὰ
2121 2241 2221 2310 τῆς
2268 2240 2553 2312 Θρᾳκικῆς
2593 2242 2924 2318 Ἡρακλείας
2955 2243 3034 2306 είς
3087 2244 3188 2310 τὴν
3229 2241 3338 2293 τῶν
3374 2241 3584 2293 πόλεων

2011 2331 2621 2402 βασιλεύουσαν,καλῶς
2650 2335 2802 2405 παρά
2840 2333 2935 2387 τοῦ
2971 2333 3365 2404 μητροπολίτου
3389 2331 3582 2398 αὑτοῦ,

2011 2427 2176 2495 ἤγουν
2211 2427 2306 2478 τοῦ
2349 2426 2699 2498 ⁹Ηρακλιιίας,
2733 2427 3222 2496 ἀναγκασθήσεται
3270 2428 3443 2478 εἰπεῖν
3481 2427 3584 2488 τὰς

2013 2516 2188 2581 αἰτίας
2221 2517 2288 2570 δι’
2318 2517 2384 2581 ἃς
2418 2520 2496 2579 εἰς
2529 2516 3099 2580 Κωνσταντινούπολιν
3157 2517 3478 2588 ἀπέρχεται.
3520 2516 3583 2569 Εἰ

2015 2605 2072 2659 δέ
2101 2623 2183 2670 τις
2209 2608 2515 2672 ἐπίσκοπος
2538 2609 2906 2676 ὑποκείμενος
2935 2608 3013 2678 τῷ
3044 2608 3419 2680 μητροπολίτῃ
3444 2607 3584 2658 Θεσ-

2015 2699 2304 2770 σαλονίκης
2336 2701 2424 2756 διὰ
2466 2702 2566 2772 τῆς
2597 2702 2771 2771 αὐτῆς
2809 2701 3134 2772 Ἡρακλείας
3164 2703 3239 2764 εἰς
3268 2701 3365 2771 τὴν
3425 2700 3582 2770 βασι-

2013 2790 2277 2846 λεύουσαν
2314 2793 2636 2863 ἀπέρχεται,
2692 2795 2844 2865 παρά
2888 2794 2988 2863 μὲν
3039 2792 3133 2846 τοῦ
3181 2793 3584 2860 Θεσσαλονίκης

2021 2881 2479 2954 ἀνακριθήσεται,
2515 2885 2667 2953 παρὰ
2703 2885 2759 2936 δὲ
2797 2884 2892 2936 τοῦ
2953 2883 3280 2953 Ἡρακλείας
3330 2883 3388 2934 οὖ
3432 2881 3589 2947 λογο-

333 2984 776 3058 πραγηθήσεται.
800 2982 877 3036 Τὸ
905 2979 1015 3050 γάρ
1043 2979 1245 3033 διδόναι
1273 2978 1469 3046 λόγους
1519 2977 1644 3040 τοὺς
1682 2973 1979 3047 παροδίτας
2006 2977 2346 3042 ἐπισκόπους
2382 2979 2484 3048 τῆς
2553 2979 2767 3032 ἐαυτῶν
2829 2979 3143 3048 ὁδοιπορίας
3211 2975 3348 3047 πρὸς
3407 2979 3586 3028 πάντα

337 3082 596 3154 παρόδιον
631 3079 957 3144 ἐπίσκοπον,
989 3075 1066 3140 ὡς
1124 3075 1250 3146 ἐμοὶ
1299 3074 1469 3137 δοκεῖ,
1499 3072 1742 3126 ἐναντίον
1797 3072 1916 3126 ἐστὶ
1939 3075 2052 3135 τοῖς
2100 3076 2309 3140 κανόσι,
2374 3077 2489 3140 τοῖς
2539 3075 2932 3147 διοριζομένοις
3012 3077 3138 3137 τοὺς
3197 3073 3584 3142 ἀπροσφόρους

336 3175 614 3247 ἀρχιερεῖς
649 3171 724 3242 μὴ
760 3169 1172 3240 παρεμϐάλλειν
1215 3169 1445 3231 ἑαυτοὺς
1496 3168 1578 3230 εἰς
1625 3166 1911 3229 ὑποθέσεις
1943 3167 2240 3238 ἀλλοτρίων
2268 3171 2601 3226 ἐπισκόπων.

410 3265 662 3322 ZONAR.
706 3265 875 3320 Porro
917 3274 1101 3319 autem
1153 3265 1256 3320 hoc
1301 3278 1516 3334 qucque
1559 3272 1742 3317 notum
1780 3261 1909 3316 erit.

2089 3266 2332 3320 ΖΩΝΑΡ.
2384 3268 2495 3320 Καὶ
2527 3265 2686 3320 τοῦτο
2713 3267 2990 3337 γνώριμον
3046 3267 3355 3334 γενήσεται.
3391 3262 3589 3328 Τοῦτο,

339 3360 481 3426 Quid
515 3359 662 3414 hoc?
693 3357 811 3412 Non
850 3358 1098 3411 damnari
1130 3357 1493 3412 sacerdotium
1526 3365 1745 3426 propter
1776 3370 1914 3424 pau-

338 3468 528 3506 corum
563 3451 976 3518 impudentiam.
1005 3448 1070 3504 Et
1095 3449 1562 3519 comprobabitur.
1592 3446 1920 3514 Quomodo?

343 3543 400 3598 Si
438 3543 810 3611 unusquisque
843 3551 1085 3596 nostrum
1127 3540 1218 3609 qui
1270 3541 1324 3594 in
1379 3540 1614 3594 aditibus
1645 3538 1919 3594 constituti

342 3649 530 3690 sumus
553 3633 820 3702 cpiscOpi,
851 3632 943 3700 qui
979 3647 1165 3687 sumus
1193 3630 1404 3686 scilicet
1435 3632 1488 3686 in
1525 3631 1770 3695 urbibus,
1799 3643 1919 3701 quae

346 3728 401 3782 iu
463 3726 566 3780 viis
603 3733 732 3780 sunt
792 3723 1044 3793 publicis,
1107 3723 1224 3776 sive
1253 3724 1450 3783 canali,
1506 3736 1600 3790 per
1630 3735 1774 3790 quae,
1829 3721 1919 3789 qui

350 3823 658 3879 transeunt,
687 3814 810 3869 sine
833 3813 1027 3868 labore
1055 3820 1358 3883 permeant,
1411 3817 1470 3866 ut
1522 3826 1664 3881 aqua
1725 3811 1924 3867 transit

346 3912 400 3966 in
431 3908 755 3979 aquaeductu
818 3905 1047 3976 (canalis
1078 3904 1224 3959 enim
1273 3904 1627 3973 aqueductus
1681 3904 1920 3958 dicitur:

348 4010 435 4056 est
465 4007 647 4054 autem
683 3998 986 4052 Romanum
1023 3993 1370 4065 vocabulum)
1401 4008 1526 4049 cum
1569 3993 1766 4049 viderit
1809 3994 1928 4064 epi-

352 4103 576 4159 scopum
601 4088 784 4158 aliquo
813 4086 1270 4157 proﬁciscentem,
1318 4093 1526 4154 quserat
1559 4100 1776 4141 causam
1829 4083 1926 4138 ad-

352 4190 571 4245 ventus,
600 4189 655 4236 et
683 4194 793 4251 quo
821 4179 1014 4250 pergit,
1049 4188 1105 4234 et
1136 4193 1273 4245 cur;
1305 4187 1360 4234 et
1389 4192 1555 4232 causa
1588 4179 1925 4236 condemna-

360 4274 523 4330 tiouis
552 4274 930 4343 episcoporum
966 4270 1380 4340 prohibebitur:
1431 4278 1487 4325 et
1539 4270 1584 4324 si
1615 4271 1930 4341 cognoverit

355 4367 573 4438 quidem
615 4379 738 4420 eum
771 4363 824 4417 in
853 4373 1032 4418 castra
1061 4360 1352 4432 proﬁcisci,
1381 4363 1628 4431 exquirat
1658 4361 1928 4416 conditio-

359 4472 456 4514 nes
484 4455 733 4526 superius
754 4453 976 4525 positas,
1001 4465 1096 4508 seu
1126 4452 1238 4524 jam
1269 4451 1447 4506 dictas
1474 4451 1848 4506 distinctiones
1875 4451 1928 4504 in

2021 3360 2206 3423 ποῖον;
2256 3357 2329 3410 To
2364 3359 2440 3429 μὴ
2461 3358 2972 3429 καταγινώσκεσθαι
3016 3360 3115 3428 τὴν
3172 3358 3469 3428 ἱερωσύνην
3497 3356 3592 3409 διά

2019 3449 2117 3520 τὴν
2149 3449 2346 3518 ὀλίγων
2377 3452 2786 3521 ἀναισχυντίαν.
2824 3455 2936 3506 Καὶ
2969 3451 3407 3521 πληρωθήσεται,
3434 3451 3590 3514 min;

2035 3542 2161 3594 Ἐὰν
2186 3543 2415 3606 ἕκαστος
2442 3545 2598 3613 ἡμῶν
2627 3544 2734 3598 τῶν
2762 3546 2822 3597 ἐν
2853 3547 2968 3603 ταῖς
3003 3543 3260 3613 παρόδοις
3303 3543 3592 3594 καθεστώ-

2021 3648 2130 3685 των
2165 3633 2502 3698 ἐπισκόπων,
2527 3634 2636 3687 τῶν
2669 3636 2727 3688 ἐν
2759 3637 2878 3697 ταῖς
2921 3634 3140 3688 πόλεσιν
3193 3635 3360 3686 όντων
3388 3633 3595 3704 δηλαδὴ

2023 3724 2133 3776 τῶν
2159 3726 2218 3776 ἐν
2261 3727 2382 3788 ταῖς
2413 3726 2701 3795 δημοσίαις
2745 3726 3018 3796 κειμένων
3041 3727 3200 3790 ὁδοῖς,
3233 3726 3352 3794 ἤτοι
3418 3742 3596 3777 κανα-

2023 3813 2142 3884 λίῳ,
2169 3815 2244 3867 δι’
2276 3809 2352 3868 ὧν
2380 3816 2684 3886 διέρχονται
2709 3817 2759 3869 oi
2803 3817 3131 3879 διοδεύοντες
3164 3817 3491 3877 ἀδιακόπως,
3517 3815 3600 3877 ὡς

2024 3905 2221 3960 δίεισιν
2245 3906 2303 3958 ἐν
2327 3907 2656 3978 ὑδραγωγίῳ
2681 3907 2743 3960 τὸ
2775 3907 2919 3972 ὕδωρ
2958 3908 3205 3977 (κανάλις
3251 3909 3356 3976 γὰρ
3381 3908 3600 3974 ἀγωγὸς

2027 3996 2217 4058 ὕδατος
2243 3997 2486 4065 λέγεται,
2517 4001 2549 4068 ή
2580 3998 2638 4050 δὲ
2681 3998 2826 4063 λέξις
2873 3999 3209 4069 Ῥωμαῖκὴ),
3246 4003 3292 4050 εί
3321 3997 3412 4049 οὖν
3461 3998 3599 4049 ἔκα-

2029 4107 2152 4154 στος
2205 4090 2385 4161 ἡμῶν,
2415 4091 2568 4159 φασὶ,
2605 4091 2940 4161 θεασάμενος
2995 4094 3313 4156 ἐπίσκοπον,
3366 4093 3602 4144 ἀπιόιτα

2028 4200 2154 4245 που,
2182 4182 2439 4252 ἐκζητοίη
2481 4184 2580 4252 τὴν
2606 4183 2786 4237 αἰτίαν
2818 4186 2916 4252 τῆς
2956 4184 3215 4252 παρόδου,
3251 4185 3345 4238 καὶ
3369 4183 3472 4236 ποῦ
3500 4185 3602 4252 τὴν

2030 4278 2260 4348 πορείαν
2291 4277 2525 4330 ποιεῖται
2548 4277 2643 4329 καὶ
2675 4275 2764 4329 διὰ
2801 4276 2878 4338 τί,
2914 4275 3010 4328 καὶ
3039 4277 3070 4346 ἠ
3128 4275 3273 4329 αἰτία
3305 4277 3400 4346 τῆς
3431 4293 3604 4329 κατα-

2029 4367 2284 4438 γνώσεως
2312 4365 2422 4420 τῶν
2450 4369 2762 4421 ἐπισκόπων
2802 4367 3178 4438 κωλυθήσεται
3202 4383 3217 4398 ’
3247 4369 3342 4420 καί
3373 4369 3470 4420 ἐὰν
3500 4369 3605 4436 μὲν

2031 4460 2145 4531 γνῷ
2179 4461 2341 4514 αὑτὸν
2371 4461 2463 4512 ἐπὶ
2507 4460 2568 4512 τὸ
2600 4459 2964 4526 στρατόπεδον
3006 4461 3264 4526 ἀπιόντα,
3298 4460 3605 4530 ἐκζητείτω

358 4549 613 4620 septimo,
641 4554 839 4601 octavo
867 4553 928 4599 et
953 4557 1099 4598 nono
1134 4557 1348 4598 canone
1379 4542 1539 4611 bujus
1590 4540 1800 4614 synodi.
1864 4539 1912 4593 Ει

2033 4551 2128 4613 τὰς
2159 4549 2404 4619 αἱρέσεις
2424 4549 2521 4611 τὰς
2551 4550 2742 4603 ἐπάνω
2791 4549 3052 4616 κειμένας
3074 4589 3090 4614 ,
3141 4550 3310 4617 ἧγουν
3340 4551 3437 4611 τὰς
3499 4550 3601 4619 ἤδη

359 4642 405 4696 si
441 4639 606 4696 fuerit
639 4638 855 4708 quidem
891 4636 960 4691 ab
996 4637 1323 4705 imperatore
1369 4633 1686 4699 accersitus,
1719 4646 1784 4687 ne
1827 4633 1912 4687 imi

2036 4641 2297 4712 ῥηθείσας
2323 4641 2618 4705 διαστίξεις
2641 4642 2698 4694 ἐν
2723 4639 2800 4710 τῷ
2837 4639 2880 4705 ζ’
2905 4640 3002 4694 καὶ
3027 4639 3078 4710 η’
3107 4641 3202 4692 καὶ
3221 4641 3262 4692 θ’
3293 4641 3479 4693 κανόνι
3505 4641 3606 4709 τῆς

359 4731 609 4802 pediatut'
664 4729 855 4783 abire:
927 4725 1012 4784 sin
1068 4734 1246 4780 autem
1325 4723 1706 4780 ostentationis
1761 4723 1934 4794 gratia

362 4824 546 4893 aliquo
567 4819 948 4890 proﬁciscitur,
981 4826 1040 4873 ut
1067 4831 1126 4872 se
1151 4824 1388 4872 ostentet
1414 4824 1469 4870 et
1501 4816 1692 4871 doceat
1713 4815 1766 4870 in
1799 4813 1936 4869 alie-

361 4930 435 4972 na
498 4913 754 4976 civitate,
785 4921 839 4966 et
879 4911 1131 4974 disserat,
1164 4923 1230 4963 ac
1283 4907 1622 4978 episcopum,
1674 4906 1766 4976 qui
1829 4906 1939 4962 illic

360 5006 692 5061 constitutus
717 5012 821 5068 est,
854 5001 1115 5057 dedecore
1142 4998 1374 5064 alliciat,
1399 5006 1493 5052 aut
1523 4999 1575 5052 in
1609 5007 1789 5053 castra
1823 4999 1938 5053 sive

361 5098 429 5156 ad
456 5098 838 5165 imperatorem
872 5092 1256 5160 proﬁciscitur,
1288 5105 1476 5162 preces
1508 5106 1601 5145 seu
1649 5091 1934 5161 petitiones

365 5187 684 5252 oblaturus;
739 5197 841 5238 nec
886 5183 1082 5238 litteris
1120 5183 1241 5253 ejus
1303 5182 1635 5248 subscribat,
1695 5181 1935 5253 paciﬁcis

364 5280 574 5335 scilicet
606 5277 826 5342 litteris,
859 5291 960 5330 nec
1015 5290 1135 5330 cum
1165 5290 1229 5330 eo
1286 5275 1671 5340 communicet,
1733 5283 1794 5328 ut
1841 5274 1934 5342 qui

359 5372 469 5440 jam
503 5372 633 5426 sita
692 5382 900 5424 canone
957 5367 1248 5436 depositus.
1308 5366 1518 5421 Dictum
1573 5374 1658 5420 est
1706 5366 1848 5420 enim
1881 5366 1934 5420 in

366 5465 579 5520 decimo
609 5477 814 5518 canone
859 5458 1210 5516 Antiochenze
1242 5459 1454 5530 synodi,
1508 5472 1612 5512 non
1650 5471 1806 5526 posse
1834 5457 1937 5511 ali-

367 5572 528 5628 quem
560 5555 625 5610 ad
655 5555 1036 5624 imperatorem
1089 5549 1380 5619 proﬁcisci,
1417 5549 1522 5604 nisi
1572 5549 1783 5604 litteras
1819 5564 1931 5603 me-

367 5645 680 5718 tropolitani
728 5645 1021 5714 provincia:
1051 5651 1106 5696 et
1138 5640 1258 5710 ejus
1291 5641 1664 5709 episcoporum
1697 5638 1886 5694 atterat
1918 5658 1933 5697 :

367 5741 412 5795 is
448 5749 650 5803 autem,
680 5736 772 5806 qui
807 5749 910 5789 non
942 5735 1018 5788 ita
1055 5732 1204 5799 facit,
1237 5746 1266 5785 a
1299 5731 1560 5800 dignitate
1589 5730 1827 5788 excidat.

2039 4735 2257 4788 συνόδου
2288 4734 2516 4805 ταύτης.
2565 4735 2676 4788 Καὶ
2708 4737 2757 4788 εἰ
2790 4736 2891 4803 μὲν
2933 4735 3270 4803 καλούμενος
3325 4737 3410 4805 εῖη
3452 4735 3606 4803 παρά

2037 4824 2324 4894 βασιλέως,
2349 4825 2426 4896 μὴ
2460 4825 2807 4894 ἐμποδίζοιτο
2837 4825 3058 4880 ἀπιέναι
3085 4841 3100 4855 ο
3130 4827 3178 4878 εί
3206 4825 3264 4879 δέ
3293 4843 3394 4878 που
3433 4827 3609 4893 ἀπέρ-

2037 4933 2195 4987 χεται
2225 4917 2538 4981 ἐπιδείξεως
2561 4918 2745 4986 χάριν,
2776 4917 2914 4970 ὥστε
2941 4916 3318 4980 ἐπιδείξασθαι
3345 4919 3438 4970 καὶ
3463 4918 3606 4972 διδά-

2039 5009 2126 5075 Εαι
2161 5010 2220 5062 ἐν
2250 5009 2388 5082 ἄλλῃ
2412 5011 2584 5073 πόλει,
2619 5009 2966 5073 διαλέξασθαί
3001 5027 3058 5061 τε
3104 5012 3196 5061 καὶ
3245 5011 3610 5080 καταισχῦναι

2041 5101 2134 5154 τὸν
2161 5104 2277 5154 ἐκεῖ
2328 5101 2645 5154 καθεστῶτα
2677 5101 2996 5166 ἐπίσκοπον,
3022 5102 3053 5171 ἥ
3085 5103 3178 5153 ἐπὶ
3210 5102 3269 5154 τὸ
3311 5105 3612 5171 στρατόπε.

2040 5191 2130 5245 δον
2176 5193 2540 5260 πεπόρευται,
2575 5193 2694 5262 ἢτοι
2726 5191 2862 5261 πρὸς
2891 5192 3116 5261 βασιλέα
3166 5193 3406 5256 ἄπεισιν,
3443 5195 3609 5258 ἀξιώ-

2043 5300 2178 5346 σεις,
2249 5283 2533 5335 τουτέστιν
2583 5281 2850 5350 αἰτήσεις,
2915 5283 3256 5349 ποιούμενος,
3309 5282 3446 5349 μήτε
3497 5283 3607 5344 τοῖς

2044 5374 2372 5444 γράμμασιν
2399 5371 2564 5426 αὑτοῦ
2595 5373 2984 5442 ὑπογραφέτω,
3013 5373 3132 5432 ταῖς
3159 5372 3462 5440 εἰρηνικαῖς
3511 5371 3610 5439 δη-

2044 5464 2222 5518 λονότι
2245 5465 2579 5531 ἐπιστολαῖς,
2613 5465 2752 5534 μήτε
2780 5466 3106 5517 κοινωνείτω
3135 5464 3212 5532 τῷ
3247 5462 3496 5533 τοιούτῳ,
3533 5462 3610 5523 ὡς

2045 5557 2109 5609 ἐκ
2139 5557 2234 5609 τοῦ
2285 5557 2512 5620 κανόνος
2568 5557 2963 5628 καθῃρημένῳ.
3024 5557 3253 5627 Εἴρηται
3306 5556 3502 5623 γὰρέν
3533 5553 3609 5622 τῷ

2042 5647 2255 5718 δεκάτῳ
2282 5649 2470 5702 κανόνι
2508 5647 2608 5716 τῆς
2645 5651 2702 5701 ἐν
2740 5647 3042 5717 ’Δντιοχείᾳ
3071 5647 3292 5700 συνόδου
3339 5647 3413 5716 μὴ
3443 5645 3611 5700 δύνα-

2044 5740 2172 5794 σθαί
2192 5758 2317 5794 τινα
2355 5741 2490 5810 πρὸς
2518 5740 2748 5811 βασιλέα
2776 5740 3021 5806 ἀπιέναι,
3069 5741 3120 5792 εί
3172 5741 3246 5810 μὴ
3300 5741 3610 5808 γράμματα.

367 5831 652 5903 κομίζεται
679 5844 770 5887 τυυ
797 5843 1195 5907 μητροπολιτου
1222 5830 1319 5898 τῆς
1349 5826 1617 5897 ἐπαρχίας
1669 5829 1764 5883 καὶ
1809 5831 1917 5889 τῶν
1947 5835 2261 5892 ἐπισκόπων
2317 5834 2485 5905 αὐτῆς
2519 5851 2533 5867 ο
2569 5837 2662 5890 τὸν
2695 5834 2752 5890 δὲ
2813 5833 2893 5905 μὴ
2945 5833 3088 5888 οὕτω
3150 5833 3406 5889 ποιοῦντα
3451 5829 3613 5886 ἐκπί-

368 5949 518 5989 πτειν
543 5930 638 6002 τῆς
668 5927 822 5997 ἀξίας
854 5925 1040 5984 αὐτοῦ.
