3982 6494
412 355 546 419 1497

1527 359 1600 420 ΙΝ
1642 359 1808 420 CAN.
1853 359 1987 419 XXI
2031 356 2577 418 CONC.SARDIC.

3517 353 3652 418 1495

401 475 625 530 ΑΡΙΣΤ.
664 492 683 526 t
734 473 789 527 '0
818 475 883 527 τά
919 475 1097 540 καὶ-ὦς
1146 477 1246 532 καὶ
1272 475 1584 548 θεαρέστως
1635 477 1963 547 ἐνηνεγμενα

2090 473 2296 530 ιιιιετ.
2344 491 2363 525 ι
2395 474 2494 541 Qui
2547 488 2612 529 ea
2660 487 2780 543 qua:
2832 470 3052 542 pulchre
3081 483 3135 526 et
3167 471 3275 527 Deo
3308 479 3459 543 grate
3507 473 3648 526 edita

479 588 496 620 ι
530 567 684 638 τύφῳ
718 569 1134 638 παρασαλεῦσαι
1159 570 1498 642 πειρώμενος
1526 573 1627 624 οὐκ
1649 571 1969 634 ἐπίσκοπος.

479 680 498 713 ι
541 660 886 729 Τεθεαμένος
914 661 1216 725 ἐπίσκοπος
1249 664 1551 718 ἐπίσκοπον
1575 666 1867 736 ἐρχόμενον
1893 665 1973 729 είς

480 770 497 803 t
535 751 920 821 στρατόπεδον,
940 753 1187 822 ἐμποδὼν
1213 755 1288 826 μὴ
1314 755 1566 823 γινέσθω,
1597 757 1645 808 εί
1662 756 1813 824 γνοίη
1833 755 1972 809 κατά

483 862 500 894 t
535 861 586 896 τι
624 845 732 897 τῶν
761 845 1177 916 προειρημένων
1231 848 1527 916 ἐρχόμενον
1551 862 1562 875 ·
1593 849 1640 902 εί
1695 849 1741 902 δ’
1773 848 1968 914 ἄλλως,

487 954 506 988 t
535 937 956 1008 προαγγελλέτω
984 938 1043 990 τὸ
1070 938 1458 1010 ἀκοινώνητον.
1499 958 1518 993 ι

484 1115 542 1168 '0
577 1116 652 1187 μὴ
680 1117 966 1184 φυλάττων
991 1119 1061 1172 τὰ
1104 1118 1285 1182 καλῶς
1315 1119 1410 1172 καὶ
1456 1118 1766 1189 θεαρέστως
1795 1139 1968 1176 καινι-

405 1210 621 1273 σθέντα,
649 1211 784 1265 ἀλλά
812 1212 969 1282 τύφῳ
996 1214 1087 1266 καὶ
1106 1212 1398 1284 ἀλαζονείᾳ
1428 1214 1508 1276 είς
1533 1213 1716 1282 ἔτερόν
1756 1231 1810 1266 τι
1857 1232 1967 1284 χω-

403 1307 519 1375 ρεῖν
541 1305 757 1375 τολμῶν
806 1309 940 1377 παρ’
968 1306 1129 1369 αὐτὰ,
1165 1306 1263 1378 τὴν
1311 1308 1479 1378 τιμὴν
1512 1307 1605 1362 καὶ
1653 1308 1714 1360 τὸ
1750 1308 1967 1378 ἀξὶωμα

399 1396 495 1464 τῆς
532 1398 841 1466 ἐπισκοπῆς
870 1399 1331 1470 ἀφαιρεθήσεται.
1378 1398 1537 1452 Ἐπεὶ
1565 1399 1622 1451 δὲ
1797 1417 1966 1452 κεκα-

399 1490 638 1542 νόνισται
677 1491 750 1558 μὴ
779 1490 952 1551 ἄλλως
977 1489 1318 1560 ἀπέρχεσθαι
1355 1489 1656 1544 ἐπίσκοπον
1686 1492 1766 1554 είς
1796 1509 1966 1561 στραο

397 1581 646 1643 τόπεδον,
682 1583 730 1634 εί
767 1580 842 1652 μὴ
890 1581 1194 1651 βασιλικοῖς
1222 1583 1517 1652 γράμμασι
1560 1584 1919 1654 μετακαλοῐτο
1945 1600 1961 1615 ο

397 1672 476 1725 δεῖ
509 1673 598 1726 τὸν
623 1674 973 1744 διερχόμενον
1002 1674 1308 1728 ἐπίσκοπον
1359 1676 1459 1745 τὴν
1496 1676 1684 1729 αίτίαν
1740 1677 1968 1731 ἀπαιτεῖ

402 1766 526 1819 σθαι
556 1766 655 1836 τῆς
692 1768 932 1836 παρόδου
964 1769 1114 1837 παρὰ
1136 1770 1229 1820 τοῦ
1258 1771 1579 1832 ἐπισκόπου,
1620 1787 1678 1823 εν
1709 1767 1751 1839 ᾧ
1799 1789 1967 1824 κατα-

399 1857 587 1911 λύσει·
624 1861 718 1913 καὶ
738 1863 784 1912 εί
817 1863 915 1928 μὲν
940 1860 1166 1930 εὑρήσει
1218 1861 1380 1913 αὑτὸν
1423 1865 1850 1933 τοιουτοτρόπως
1884 1867 1965 1929 είς

396 1951 454 2002 τὸ
507 1951 873 2022 στρατόπεδον
924 1952 1320 2022 ἀπερχόμενον,
1394 1954 1536 2006 κατὰ
1594 1955 1762 2024 μηδὲν
1816 1956 1963 2026 αὑτῷ

395 2044 650 2112 ἐμποδὼν
680 2044 952 2112 γίνεσθαι,
979 2044 1115 2097 ἀλλά
1147 2045 1240 2098 καὶ
1275 2047 1413 2115 μετά
1435 2045 1600 2116 τιμῆς
1652 2048 1961 2118 ἐκπέμπειν

395 2136 577 2200 αὑτὸν,
609 2137 705 2186 καὶ
728 2137 962 2203 γράφειν
995 2138 1104 2198 τοῖς
1136 2137 1192 2187 ὲν
1235 2137 1471 2206 ἐπαρχίᾳ
1523 2137 1614 2189 καὶ
1653 2141 1762 2202 τοῖς
1801 2156 1964 2193 συνα-

395 2225 608 2291 δέλφοις
637 2224 802 2276 αὑτοῦ
836 2226 999 2277 πᾶσιν
1032 2225 1389 2295 ὑποδέχεσθαι
1414 2226 1577 2278 αὑτὸν
1606 2227 1958 2308 ἀδιακρίτως,

397 2317 468 2376 ὡς
493 2318 591 2385 τὴν
612 2317 839 2387 πορείαν
871 2317 1196 2386 ποιούμενον
1229 2318 1527 2382 κανονικῶς
1556 2336 1614 2370 τε
1646 2323 1738 2372 καὶ
1761 2322 1962 2374 ἀσκαν-

393 2411 644 2462 δαλιστον
668 2427 682 2441 ο
712 2412 758 2461 εί
793 2410 838 2463 δ’
869 2409 1043 2472 ἄλλως
1094 2410 1318 2480 εὑρήσει
1351 2409 1538 2462 τοῦτον
1582 2412 1661 2473 είς
1688 2412 1749 2463 τὸ
1796 2429 1963 2482 στρα-

393 2502 619 2554 τόπεδον
677 2501 1097 2570 ἀφικνούμενον,
1150 2502 1255 2571 ἢδί
1284 2503 1569 2567 ἐπίδειξιν,
1605 2504 1636 2572 ἢ
1683 2504 1771 2558 διά
1799 2522 1963 2557 τινων

395 2593 673 2659 ἀξιώσεις,
739 2593 812 2664 μὴ
856 2596 1167 2664 ἁνηκουσας
1227 2593 1398 2662 αὐτῷ,
1452 2592 1525 2655 ὡς
1580 2595 1848 2664 ἀρχιερεῖ,
1885 2595 1960 2666 μὴ

397 2686 672 2739 κοινωνεῖν
691 2683 910 2757 αὐτῷ,ἢ
942 2689 1054 2747 τοῖς
1087 2685 1413 2755 γράμμασιν
1435 2684 1598 2738 αὐτοῦ
1619 2687 1957 2756 ὑπογράφειν

393 2791 424 2855 ἢ
456 2779 708 2847 προνοίας
742 2779 885 2840 τινὲς
915 2778 1049 2840 ὅλως
1074 2779 1235 2832 αὑτὸν
1255 2777 1462 2844 ἀξιοῦν.

2153 586 2172 619 ι
2206 573 2352 631 sunt,
2381 581 2488 634 prae
2521 566 2661 619 fastu
2692 564 3025 621 labefactare
3053 573 3305 628 conatur,
3337 564 3648 632 episcopatu

2151 677 2170 710 ι
2204 659 2427 716 excidit.
2487 657 2780 734 Episcopus
2811 657 2902 725 qui
2961 656 3274 725 episcopum
3336 654 3533 708 viderit
3583 654 3651 707 ad

2150 771 2168 805 ι
2202 762 2378 808 castra
2407 750 2865 820 proﬁciscentem,
2913 747 2956 800 si
3013 745 3232 801 sciverit
3263 759 3386 800 eum
3437 753 3652 813 propter

2151 862 2170 896 ι
2201 846 2443 912 aliquam
2471 860 2534 898 ex
2572 842 2748 897 causis
2779 840 3050 910 praedictis
3080 840 3412 904 venientem,
3447 851 3515 891 ne
3546 837 3650 891 im-

2151 955 2169 989 ι
2203 937 2509 1006 petliiuento
2538 935 2586 988 ei
2620 935 2729 1001 sit;
2784 934 2869 988 sin
2924 931 3100 998 aliter,
3132 927 3649 986 excommunicatio-

2149 1044 2169 1078 ε
2205 1041 2324 1081 nem
2354 1025 2402 1080 ei
2433 1023 2732 1082 denuntiet.
2764 1041 2783 1075 ι

2143 1158 2244 1226 Qui
2273 1173 2334 1212 ea
2363 1169 2482 1226 qum
2513 1157 2739 1228 pulchre
2786 1165 2841 1212 et
2896 1155 3004 1211 Deo
3038 1165 3191 1226 grate
3237 1155 3445 1209 sancita
3499 1165 3647 1220 sunt,

2069 1266 2174 1306 non
2207 1250 2478 1314 observat,
2511 1249 2604 1304 sed
2651 1264 2762 1318 pra:
2789 1248 2930 1304 fastu
2965 1259 3014 1302 et
3053 1249 3365 1317 arrOgantia
3401 1247 3465 1301 ad
3496 1248 3645 1303 aliud

2071 1355 2268 1415 praeter
2299 1357 2362 1396 ea
2411 1341 2691 1398 discedere
2731 1356 2896 1395 ausus
2937 1340 3117 1406 fuerit,
3171 1340 3434 1395 honorem
3463 1349 3518 1393 et
3568 1340 3648 1394 di-

2069 1434 2326 1505 gnitatem
2409 1432 2774 1503 episcopalem
2833 1431 3064 1486 amittet.
3139 1430 3403 1496 Quoniam
3464 1437 3642 1484 autem

2068 1528 2337 1581 sancitum
2368 1533 2472 1589 est,
2508 1525 2820 1594 episcOpum
2852 1539 2957 1576 non
2993 1523 3150 1578 aliter
3193 1522 3260 1576 ad
3309 1535 3482 1576 castra
3511 1539 3642 1592 pro-

2069 1620 2367 1686 ﬁcisci,nisi
2395 1618 2586 1673 litteris
2609 1617 2970 1688 imperatoriis
2989 1626 3318 1682 accersatur,
3338 1616 3642 1685 episcopus,

2068 1715 2208 1782 apud
2238 1725 2394 1779 quem
2430 1709 2665 1774 dirertit,
2698 1709 2764 1762 ab
2791 1710 3048 1778 episcopo
3080 1717 3387 1762 transeunte
3423 1722 3640 1761 causam

2001 1804 2266 1879 Bitiueris
2311 1815 2552 1870 quaerere
2584 1800 2779 1866 debet;
2815 1809 2866 1853 et
2892 1801 2935 1854 si
2971 1815 3090 1854 eum
3120 1799 3385 1852 invenerit
3410 1812 3473 1851 eo
3496 1810 3647 1851 more

2070 1895 2136 1949 ad
2168 1905 2343 1949 castra
2375 1893 2825 1963 proliciscentem,
2876 1891 3009 1946 nihil
3036 1890 3083 1946 ci
3117 1891 3482 1959 impedimenti
3519 1890 3634 1954 ﬁat,

2069 1987 2164 2040 sed
2191 2001 2314 2039 cum
2347 1985 2551 2039 lmiiore
2579 1998 2699 2038 eum
2727 1982 3145 2044 transmittat,et
3179 1981 3243 2034 ad
3280 1996 3371 2035 eos
3405 1979 3494 2049 qui
3520 1987 3646 2032 sunt

2071 2077 2125 2130 in
2165 2075 2440 2146 provincia
2471 2089 2763 2144 omnesque
2793 2074 2988 2128 fratres
3020 2087 3147 2126 suos
3177 2072 3395 2134 scribat,
3432 2077 3489 2123 ut
3518 2083 3642 2123 eum

2069 2169 2279 2223 sincere
2303 2168 2593 2238 excipiant,
2629 2176 2688 2220 ut
2719 2169 2808 2236 qui
2837 2167 2940 2220 iter
2971 2164 3134 2220 faciat
3159 2163 3413 2218 canonice
3448 2170 3500 2215 et
3526 2163 3644 2217 sine

2079 2262 2357 2316 seandalo.
2394 2261 2544 2326 Quod
2596 2261 2641 2316 si
2673 2277 2795 2314 eum
2832 2260 3095 2314 invenerit
3141 2258 3296 2312 aliter
3348 2256 3414 2311 ad
3466 2265 3642 2310 castra

2076 2356 2392 2417 abeuntem,
2428 2351 2508 2405 vel
2539 2351 2922 2406 ostentationis
2955 2351 3150 2417 gratia,
3187 2349 3265 2402 vel
3298 2358 3516 2418 propter
3546 2346 3644 2399 ali-

2071 2459 2301 2513 quorum
2338 2458 2553 2513 preces,
2587 2458 2707 2512 quae
2756 2443 2822 2495 ad
2857 2443 3030 2509 ipsum
3061 2451 3115 2493 ut
3165 2440 3498 2493 sacerdotem
3528 2453 3638 2492 non

2073 2537 2368 2608 pertinent,
2401 2535 2449 2587 ei
2479 2549 2546 2589 ne
2594 2533 2977 2596 communicet,
3017 2539 3111 2585 aut
3147 2531 3340 2585 iittcris
3371 2531 3488 2600 ejus
3511 2530 3639 2584 sub-

2071 2629 2300 2693 scribat,
2336 2634 2427 2680 aut
2455 2625 2769 2696 provisione
2807 2624 2982 2694 aliqua
3018 2625 3190 2695 ipsum
3225 2625 3491 2694 dignetur.
