  <div class='ocr_page' id='page_1' title='image "/cluster/home/n/w/nwhite01/storage/ocr_20150623/137/pst.000005714537/015.png"; bbox 0 0 4030 6340; ppageno 0'>
   <div class='ocr_carea' id='block_1_1' title="bbox 867 403 3988 477">
    <p class='ocr_par' dir='ltr' id='par_1_1' title="bbox 867 403 3988 477">
     <span class='ocr_line' id='line_1_1' title="bbox 867 403 3988 477; baseline 0.004 -12"><span class='ocrx_word' id='word_1_1' title='bbox 867 403 929 465; x_wconf 81' lang='grc'><strong>15</strong></span> <span class='ocrx_word' id='word_1_2' title='bbox 2289 407 2620 469; x_wconf 78' lang='grc' dir='ltr'><strong>ΝΟΤΙΤΙΑ·</strong></span> <span class='ocrx_word' id='word_1_3' title='bbox 3959 417 3988 477; x_wconf 68' lang='lat' dir='ltr'><strong>lt</strong></span> 
     </span>
    </p>
   </div>
   <div class='ocr_carea' id='block_1_2' title="bbox 863 514 3993 590">
    <p class='ocr_par' dir='ltr' id='par_1_2' title="bbox 863 514 3993 590">
     <span class='ocr_line' id='line_1_2' title="bbox 863 514 3993 590; baseline 0.001 -18"><span class='ocrx_word' id='word_1_4' title='bbox 863 517 1030 581; x_wconf 81' lang='lat' dir='ltr'><strong>libris,</strong></span> <span class='ocrx_word' id='word_1_5' title='bbox 1058 514 1341 585; x_wconf 86' lang='lat' dir='ltr'><strong>Carolique</strong></span> <span class='ocrx_word' id='word_1_6' title='bbox 1370 515 1645 570; x_wconf 78' lang='lat' dir='ltr'><strong>Annibalis</strong></span> <span class='ocrx_word' id='word_1_7' title='bbox 1672 515 1932 578; x_wconf 80' lang='lat' dir='ltr'><strong>Fabrotti,</strong></span> <span class='ocrx_word' id='word_1_8' title='bbox 1963 516 2051 584; x_wconf 89' lang='lat' dir='ltr'><strong>qui</strong></span> <span class='ocrx_word' id='word_1_9' title='bbox 2087 517 2381 571; x_wconf 75' lang='lat' dir='ltr'><strong>versionem</strong></span> <span class='ocrx_word' id='word_1_10' title='bbox 2417 536 2536 574; x_wconf 91' lang='lat' dir='ltr'><strong>cum</strong></span> <span class='ocrx_word' id='word_1_11' title='bbox 2567 520 2766 575; x_wconf 73' lang='lat' dir='ltr'><strong>Grmcis</strong></span> <span class='ocrx_word' id='word_1_12' title='bbox 2795 536 2923 574; x_wconf 87' lang='lat' dir='ltr'><strong>mss.</strong></span> <span class='ocrx_word' id='word_1_13' title='bbox 2963 521 3202 586; x_wconf 66' lang='lat' dir='ltr'><strong>contulit,</strong></span> <span class='ocrx_word' id='word_1_14' title='bbox 3239 521 3378 575; x_wconf 84' lang='lat' dir='ltr'><strong>nOtis</strong></span> <span class='ocrx_word' id='word_1_15' title='bbox 3406 521 3711 590; x_wconf 79' lang='lat' dir='ltr'><strong>prodierunt</strong></span> <span class='ocrx_word' id='word_1_16' title='bbox 3740 524 3791 577; x_wconf 91' lang='lat' dir='ltr'><strong>in</strong></span> <span class='ocrx_word' id='word_1_17' title='bbox 3833 525 3894 577; x_wconf 93' lang='lat' dir='ltr'><strong>ll.</strong></span> <span class='ocrx_word' id='word_1_18' title='bbox 3929 527 3993 577; x_wconf 85' lang='lat' dir='ltr'><strong>Ju-</strong></span> 
     </span>
    </p>
   </div>
   <div class='ocr_carea' id='block_1_3' title="bbox 859 600 3986 668">
    <p class='ocr_par' dir='ltr' id='par_1_3' title="bbox 859 600 3986 668">
     <span class='ocr_line' id='line_1_3' title="bbox 859 600 3986 668; baseline 0.002 -11"><span class='ocrx_word' id='word_1_19' title='bbox 859 603 993 657; x_wconf 82' lang='lat' dir='ltr'><strong>Stelli</strong></span> <span class='ocrx_word' id='word_1_20' title='bbox 1023 601 1162 655; x_wconf 84' lang='lat' dir='ltr'><strong>Bibl.</strong></span> <span class='ocrx_word' id='word_1_21' title='bbox 1188 600 1452 655; x_wconf 80' lang='lat' dir='ltr'><strong>Canonica</strong></span> <span class='ocrx_word' id='word_1_22' title='bbox 1490 609 1619 653; x_wconf 90' lang='lat' dir='ltr'><strong>tom.</strong></span> <span class='ocrx_word' id='word_1_23' title='bbox 1657 601 1722 666; x_wconf 92' lang='grc'><strong>11,</strong></span> <span class='ocrx_word' id='word_1_24' title='bbox 1754 617 1873 668; x_wconf 87' lang='lat' dir='ltr'><strong>pag.</strong></span> <span class='ocrx_word' id='word_1_25' title='bbox 1903 602 2059 657; x_wconf 87' lang='grc'><strong>1225.</strong></span> <span class='ocrx_word' id='word_1_26' title='bbox 2088 601 2259 657; x_wconf 79' lang='lat' dir='ltr'><strong>Paris.</strong></span> <span class='ocrx_word' id='word_1_27' title='bbox 2292 603 2447 668; x_wconf 86' lang='lat'><strong>1661,</strong></span> <span class='ocrx_word' id='word_1_28' title='bbox 2483 606 2575 658; x_wconf 76' lang='lat' dir='ltr'><strong>fol.</strong></span> <span class='ocrx_word' id='word_1_29' title='bbox 2609 604 2736 658; x_wconf 82' lang='lat' dir='ltr'><strong>Vide</strong></span> <span class='ocrx_word' id='word_1_30' title='bbox 2764 613 2816 658; x_wconf 87' lang='lat' dir='ltr'><strong>et</strong></span> <span class='ocrx_word' id='word_1_31' title='bbox 2843 605 3147 660; x_wconf 88' lang='lat' dir='ltr'><strong>Fabrottmn</strong></span> <span class='ocrx_word' id='word_1_32' title='bbox 3177 607 3243 660; x_wconf 86' lang='lat' dir='ltr'><strong>ad</strong></span> <span class='ocrx_word' id='word_1_33' title='bbox 3271 607 3673 661; x_wconf 82' lang='lat' dir='ltr'><strong>Constantinum</strong></span> <span class='ocrx_word' id='word_1_34' title='bbox 3703 607 3986 662; x_wconf 75' lang='lat' dir='ltr'><strong>Manassczn</strong></span> 
     </span>
    </p>
   </div>
   <div class='ocr_carea' id='block_1_4' title="bbox 859 685 3969 758">
    <p class='ocr_par' dir='ltr' id='par_1_4' title="bbox 859 685 3969 758">
     <span class='ocr_line' id='line_1_4' title="bbox 859 685 3969 758; baseline 0.002 -18"><span class='ocrx_word' id='word_1_35' title='bbox 859 704 974 758; x_wconf 90' lang='lat' dir='ltr'><strong>pag.</strong></span> <span class='ocrx_word' id='word_1_36' title='bbox 1013 688 1132 750; x_wconf 83' lang='lat'><strong>195,</strong></span> <span class='ocrx_word' id='word_1_37' title='bbox 1165 688 1250 739; x_wconf 90' lang='lat' dir='ltr'><strong>ubi</strong></span> <span class='ocrx_word' id='word_1_38' title='bbox 1281 693 1348 740; x_wconf 88' lang='lat' dir='ltr'><strong>de</strong></span> <span class='ocrx_word' id='word_1_39' title='bbox 1376 686 1558 740; x_wconf 89' lang='lat' dir='ltr'><strong>codice</strong></span> <span class='ocrx_word' id='word_1_40' title='bbox 1593 702 1690 740; x_wconf 88' lang='lat' dir='ltr'><strong>ms.</strong></span> <span class='ocrx_word' id='word_1_41' title='bbox 1731 685 1937 753; x_wconf 62' lang='lat' dir='ltr'><strong>(Fam)</strong></span> <span class='ocrx_word' id='word_1_42' title='bbox 1969 686 2120 740; x_wconf 79' lang='lat' dir='ltr'><strong>Conf.</strong></span> <span class='ocrx_word' id='word_1_43' title='bbox 2151 686 2304 752; x_wconf 77' lang='lat' dir='ltr'><strong>infra,</strong></span> <span class='ocrx_word' id='word_1_44' title='bbox 2334 690 2440 742; x_wconf 84' lang='lat' dir='ltr'><strong>vol.</strong></span> <span class='ocrx_word' id='word_1_45' title='bbox 2475 691 2602 756; x_wconf 82' lang='lat' dir='ltr'><strong>X11;</strong></span> <span class='ocrx_word' id='word_1_46' title='bbox 2634 706 2685 758; x_wconf 92' lang='lat' dir='ltr'><strong>p.</strong></span> <span class='ocrx_word' id='word_1_47' title='bbox 2712 690 2834 756; x_wconf 72' lang='grc'><strong>105,</strong></span> <span class='ocrx_word' id='word_1_48' title='bbox 2859 689 2969 745; x_wconf 75' lang='lat' dir='ltr'><strong>los.</strong></span> <span class='ocrx_word' id='word_1_49' title='bbox 2995 691 3126 744; x_wconf 77' lang='lat' dir='ltr'><strong>Mar.</strong></span> <span class='ocrx_word' id='word_1_50' title='bbox 3158 691 3391 745; x_wconf 87' lang='lat' dir='ltr'><strong>Suaresii</strong></span> <span class='ocrx_word' id='word_1_51' title='bbox 3420 690 3588 745; x_wconf 87' lang='lat' dir='ltr'><strong>Notit.</strong></span> <span class='ocrx_word' id='word_1_52' title='bbox 3625 692 3969 748; x_wconf 78' lang='lat' dir='ltr'><strong>Basilicarum</strong></span> 
     </span>
    </p>
   </div>
   <div class='ocr_carea' id='block_1_5' title="bbox 863 770 3988 842">
    <p class='ocr_par' dir='ltr' id='par_1_5' title="bbox 863 770 3988 842">
     <span class='ocr_line' id='line_1_5' title="bbox 863 770 3988 842; baseline -0 -14"><span class='ocrx_word' id='word_1_53' title='bbox 863 775 947 828; x_wconf 87' lang='lat' dir='ltr'><strong>ed.</strong></span> <span class='ocrx_word' id='word_1_54' title='bbox 986 774 1044 826; x_wconf 91' lang='lat' dir='ltr'><strong>D.</strong></span> <span class='ocrx_word' id='word_1_55' title='bbox 1078 773 1272 827; x_wconf 86' lang='lat' dir='ltr'><strong>Christi</strong></span> <span class='ocrx_word' id='word_1_56' title='bbox 1305 771 1450 826; x_wconf 79' lang='lat' dir='ltr'><strong>Frid.</strong></span> <span class='ocrx_word' id='word_1_57' title='bbox 1484 770 1672 836; x_wconf 84' lang='lat' dir='ltr'><strong>Pohlii,</strong></span> <span class='ocrx_word' id='word_1_58' title='bbox 1706 771 1848 840; x_wconf 88' lang='lat' dir='ltr'><strong>Lips.</strong></span> <span class='ocrx_word' id='word_1_59' title='bbox 1881 771 2049 834; x_wconf 69' lang='grc'><strong>1801,</strong></span> <span class='ocrx_word' id='word_1_60' title='bbox 2084 772 2136 834; x_wconf 92' lang='lat'><strong>8,</strong></span> <span class='ocrx_word' id='word_1_61' title='bbox 2173 772 2200 842; x_wconf 61' lang='grc' dir='ltr'>ᾗ</span> <span class='ocrx_word' id='word_1_62' title='bbox 2234 773 2285 834; x_wconf 88' lang='lat'><strong>9,</strong></span> <span class='ocrx_word' id='word_1_63' title='bbox 2315 789 2433 842; x_wconf 87' lang='lat' dir='ltr'><strong>pag.</strong></span> <span class='ocrx_word' id='word_1_64' title='bbox 2481 775 2568 829; x_wconf 95' lang='lat'><strong>28.</strong></span> <span class='ocrx_word' id='word_1_65' title='bbox 2620 804 2683 816; x_wconf 86' lang='lat'><strong>-—</strong></span> <span class='ocrx_word' id='word_1_66' title='bbox 2709 775 2898 829; x_wconf 83' lang='lat' dir='ltr'><strong>Exstat</strong></span> <span class='ocrx_word' id='word_1_67' title='bbox 2935 775 3260 829; x_wconf 86' lang='lat' dir='ltr'><strong>Balsamonis</strong></span> <span class='ocrx_word' id='word_1_68' title='bbox 3289 776 3540 829; x_wconf 87' lang='lat' dir='ltr'><strong>Collectio</strong></span> <span class='ocrx_word' id='word_1_69' title='bbox 3573 778 3988 830; x_wconf 74' lang='lat' dir='ltr'><strong>constitutiouuu</strong></span> 
     </span>
    </p>
   </div>
   <div class='ocr_carea' id='block_1_6' title="bbox 860 856 3993 926">
    <p class='ocr_par' dir='ltr' id='par_1_6' title="bbox 860 856 3993 926">
     <span class='ocr_line' id='line_1_6' title="bbox 860 856 3993 926; baseline 0.001 -16"><span class='ocrx_word' id='word_1_70' title='bbox 860 861 1019 912; x_wconf 81' lang='lat' dir='ltr'><strong>variis</strong></span> <span class='ocrx_word' id='word_1_71' title='bbox 1051 860 1101 912; x_wconf 86' lang='lat' dir='ltr'><strong>in</strong></span> <span class='ocrx_word' id='word_1_72' title='bbox 1133 857 1284 912; x_wconf 84' lang='lat' dir='ltr'><strong>codd.</strong></span> <span class='ocrx_word' id='word_1_73' title='bbox 1321 874 1350 911; x_wconf 91' lang='lat' dir='ltr'><strong>e</strong></span> <span class='ocrx_word' id='word_1_74' title='bbox 1376 857 1472 910; x_wconf 88' lang='lat' dir='ltr'><strong>Gr.</strong></span> <span class='ocrx_word' id='word_1_75' title='bbox 1507 856 1801 911; x_wconf 76' lang='lat' dir='ltr'><strong>Viudobon.</strong></span> <span class='ocrx_word' id='word_1_76' title='bbox 1837 857 1926 920; x_wconf 89' lang='lat'><strong>16,</strong></span> <span class='ocrx_word' id='word_1_77' title='bbox 1956 875 2011 914; x_wconf 91' lang='lat' dir='ltr'><strong>n.</strong></span> <span class='ocrx_word' id='word_1_78' title='bbox 2048 859 2081 912; x_wconf 84' lang='lat'><strong>5</strong></span> <span class='ocrx_word' id='word_1_79' title='bbox 2106 859 2441 912; x_wconf 76' lang='lat' dir='ltr'><strong>Novellarum</strong></span> <span class='ocrx_word' id='word_1_80' title='bbox 2475 860 2925 915; x_wconf 87' lang='lat' dir='ltr'><strong>Constitutionutn</strong></span> <span class='ocrx_word' id='word_1_81' title='bbox 2959 861 3087 920; x_wconf 79' lang='lat' dir='ltr'><strong>imp.</strong></span> <span class='ocrx_word' id='word_1_82' title='bbox 3116 860 3399 913; x_wconf 83' lang='lat' dir='ltr'><strong>Justiniani</strong></span> <span class='ocrx_word' id='word_1_83' title='bbox 3435 859 3453 911; x_wconf 93' lang='grc' dir='ltr'><strong>Ι</strong></span> <span class='ocrx_word' id='word_1_84' title='bbox 3487 861 3726 926; x_wconf 84' lang='lat' dir='ltr'><strong>Epitome</strong></span> <span class='ocrx_word' id='word_1_85' title='bbox 3767 863 3993 914; x_wconf 86' lang='lat' dir='ltr'><strong>ecclesia-</strong></span> 
     </span>
    </p>
   </div>
   <div class='ocr_carea' id='block_1_7' title="bbox 859 942 3986 1015">
    <p class='ocr_par' dir='ltr' id='par_1_7' title="bbox 859 942 3986 1015">
     <span class='ocr_line' id='line_1_7' title="bbox 859 942 3986 1015; baseline -0 -17"><span class='ocrx_word' id='word_1_86' title='bbox 859 947 1010 1004; x_wconf 85' lang='lat' dir='ltr'><strong>stica.</strong></span> <span class='ocrx_word' id='word_1_87' title='bbox 1047 961 1074 997; x_wconf 90' lang='lat' dir='ltr'><strong>a</strong></span> <span class='ocrx_word' id='word_1_88' title='bbox 1103 942 1382 996; x_wconf 85' lang='lat' dir='ltr'><strong>Theodoro</strong></span> <span class='ocrx_word' id='word_1_89' title='bbox 1415 942 1638 1008; x_wconf 71' lang='lat' dir='ltr'><strong>Balsam,</strong></span> <span class='ocrx_word' id='word_1_90' title='bbox 1665 944 1976 1009; x_wconf 87' lang='lat' dir='ltr'><strong>composita,</strong></span> <span class='ocrx_word' id='word_1_91' title='bbox 2006 952 2059 995; x_wconf 90' lang='lat' dir='ltr'><strong>et</strong></span> <span class='ocrx_word' id='word_1_92' title='bbox 2088 943 2139 996; x_wconf 89' lang='lat' dir='ltr'><strong>in</strong></span> <span class='ocrx_word' id='word_1_93' title='bbox 2185 959 2342 1012; x_wconf 86' lang='lat' dir='ltr'><strong>capp.</strong></span> <span class='ocrx_word' id='word_1_94' title='bbox 2387 946 2656 1014; x_wconf 84' lang='lat' dir='ltr'><strong>octoginta</strong></span> <span class='ocrx_word' id='word_1_95' title='bbox 2684 956 2882 1015; x_wconf 83' lang='lat' dir='ltr'><strong>septem</strong></span> <span class='ocrx_word' id='word_1_96' title='bbox 2913 949 3099 1001; x_wconf 88' lang='lat' dir='ltr'><strong>divisa.</strong></span> <span class='ocrx_word' id='word_1_97' title='bbox 3140 947 3200 1001; x_wconf 87' lang='lat' dir='ltr'><strong>V.</strong></span> <span class='ocrx_word' id='word_1_98' title='bbox 3231 946 3477 1000; x_wconf 87' lang='lat' dir='ltr'><strong>Latnbec.</strong></span> <span class='ocrx_word' id='word_1_99' title='bbox 3517 947 3578 1000; x_wconf 73' lang='grc' dir='ltr'><strong>γι</strong></span> <span class='ocrx_word' id='word_1_100' title='bbox 3605 987 3620 1008; x_wconf 90' lang='grc'><strong>,</strong></span> <span class='ocrx_word' id='word_1_101' title='bbox 3652 958 3790 1015; x_wconf 84' lang='lat' dir='ltr'><strong>part.</strong></span> <span class='ocrx_word' id='word_1_102' title='bbox 3828 949 3867 1010; x_wconf 92' lang='grc' dir='ltr'><strong>Ι,</strong></span> <span class='ocrx_word' id='word_1_103' title='bbox 3901 965 3986 1014; x_wconf 74' lang='lat' dir='ltr'><strong>pag</strong></span> 
     </span>
    </p>
   </div>
   <div class='ocr_carea' id='block_1_8' title="bbox 861 1026 3993 1100">
    <p class='ocr_par' dir='ltr' id='par_1_8' title="bbox 861 1026 3993 1100">
     <span class='ocr_line' id='line_1_8' title="bbox 861 1026 3993 1100; baseline 0 -16"><span class='ocrx_word' id='word_1_104' title='bbox 861 1031 960 1084; x_wconf 89' lang='lat'><strong>118</strong></span> <span class='ocrx_word' id='word_1_105' title='bbox 987 1046 1102 1097; x_wconf 89' lang='lat' dir='ltr'><strong>sqq.</strong></span> <span class='ocrx_word' id='word_1_106' title='bbox 1141 1031 1223 1082; x_wconf 90' lang='lat' dir='ltr'><strong>ed.</strong></span> <span class='ocrx_word' id='word_1_107' title='bbox 1258 1028 1455 1082; x_wconf 82' lang='lat' dir='ltr'><strong>Kollar.</strong></span> <span class='ocrx_word' id='word_1_108' title='bbox 1485 1029 1657 1096; x_wconf 81' lang='lat' dir='ltr'><strong>Atque</strong></span> <span class='ocrx_word' id='word_1_109' title='bbox 1683 1026 1930 1082; x_wconf 86' lang='lat' dir='ltr'><strong>Lainhec.</strong></span> <span class='ocrx_word' id='word_1_110' title='bbox 1958 1030 2248 1094; x_wconf 79' lang='lat' dir='ltr'><strong>adnotavit,</strong></span> <span class='ocrx_word' id='word_1_111' title='bbox 2279 1040 2491 1084; x_wconf 85' lang='lat' dir='ltr'><strong>exstare</strong></span> <span class='ocrx_word' id='word_1_112' title='bbox 2529 1034 2740 1099; x_wconf 84' lang='lat' dir='ltr'><strong>quidem</strong></span> <span class='ocrx_word' id='word_1_113' title='bbox 2780 1033 2830 1085; x_wconf 89' lang='lat' dir='ltr'><strong>id</strong></span> <span class='ocrx_word' id='word_1_114' title='bbox 2858 1034 3165 1100; x_wconf 79' lang='lat' dir='ltr'><strong>opusculum</strong></span> <span class='ocrx_word' id='word_1_115' title='bbox 3215 1034 3267 1084; x_wconf 92' lang='lat' dir='ltr'><strong>in</strong></span> <span class='ocrx_word' id='word_1_116' title='bbox 3307 1031 3468 1086; x_wconf 87' lang='lat' dir='ltr'><strong>Voelli</strong></span> <span class='ocrx_word' id='word_1_117' title='bbox 3516 1043 3571 1084; x_wconf 90' lang='lat' dir='ltr'><strong>et</strong></span> <span class='ocrx_word' id='word_1_118' title='bbox 3613 1032 3822 1086; x_wconf 86' lang='lat' dir='ltr'><strong>Justclli</strong></span> <span class='ocrx_word' id='word_1_119' title='bbox 3883 1033 3993 1085; x_wconf 81' lang='lat' dir='ltr'><strong>Bibl</strong></span> 
     </span>
    </p>
   </div>
   <div class='ocr_carea' id='block_1_9' title="bbox 859 1113 3984 1182">
    <p class='ocr_par' dir='ltr' id='par_1_9' title="bbox 859 1113 3984 1182">
     <span class='ocr_line' id='line_1_9' title="bbox 859 1113 3984 1182; baseline -0.002 -13"><span class='ocrx_word' id='word_1_120' title='bbox 859 1117 951 1172; x_wconf 89' lang='lat' dir='ltr'><strong>Gr.</strong></span> <span class='ocrx_word' id='word_1_121' title='bbox 992 1116 1104 1168; x_wconf 90' lang='lat' dir='ltr'><strong>Lat.</strong></span> <span class='ocrx_word' id='word_1_122' title='bbox 1132 1113 1275 1168; x_wconf 81' lang='lat' dir='ltr'><strong>Juris</strong></span> <span class='ocrx_word' id='word_1_123' title='bbox 1301 1113 1542 1167; x_wconf 87' lang='lat' dir='ltr'><strong>canonici</strong></span> <span class='ocrx_word' id='word_1_124' title='bbox 1578 1122 1682 1166; x_wconf 89' lang='lat' dir='ltr'><strong>vet.</strong></span> <span class='ocrx_word' id='word_1_125' title='bbox 1717 1122 1842 1166; x_wconf 89' lang='lat' dir='ltr'><strong>tom.</strong></span> <span class='ocrx_word' id='word_1_126' title='bbox 1877 1113 1938 1178; x_wconf 91' lang='lat' dir='ltr'><strong>ll,</strong></span> <span class='ocrx_word' id='word_1_127' title='bbox 1971 1130 2022 1182; x_wconf 93' lang='lat' dir='ltr'><strong>p.</strong></span> <span class='ocrx_word' id='word_1_128' title='bbox 2050 1114 2376 1181; x_wconf 84' lang='lat'><strong>1512-1501,</strong></span> <span class='ocrx_word' id='word_1_129' title='bbox 2400 1113 2490 1166; x_wconf 88' lang='lat' dir='ltr'><strong>sed</strong></span> <span class='ocrx_word' id='word_1_130' title='bbox 2523 1114 2671 1181; x_wconf 86' lang='lat' dir='ltr'><strong>longe</strong></span> <span class='ocrx_word' id='word_1_131' title='bbox 2696 1114 2871 1176; x_wconf 86' lang='lat' dir='ltr'><strong>aliter,</strong></span> <span class='ocrx_word' id='word_1_132' title='bbox 2901 1129 3056 1182; x_wconf 81' lang='lat' dir='ltr'><strong>quam</strong></span> <span class='ocrx_word' id='word_1_133' title='bbox 3088 1115 3138 1165; x_wconf 93' lang='lat' dir='ltr'><strong>in</strong></span> <span class='ocrx_word' id='word_1_134' title='bbox 3168 1115 3266 1172; x_wconf 87' lang='lat' dir='ltr'><strong>hoc</strong></span> <span class='ocrx_word' id='word_1_135' title='bbox 3299 1115 3481 1166; x_wconf 88' lang='lat' dir='ltr'><strong>codice</strong></span> <span class='ocrx_word' id='word_1_136' title='bbox 3503 1115 3701 1168; x_wconf 71' lang='lat' dir='ltr'><strong>Gazsar.</strong></span> <span class='ocrx_word' id='word_1_137' title='bbox 3736 1116 3880 1176; x_wconf 86' lang='lat' dir='ltr'><strong>(sed.</strong></span> <span class='ocrx_word' id='word_1_138' title='bbox 3914 1116 3984 1166; x_wconf 32' lang='lat' dir='ltr'><strong>\‘i&#39;l</strong></span> 
     </span>
    </p>
   </div>
   <div class='ocr_carea' id='block_1_10' title="bbox 860 1197 3986 1271">
    <p class='ocr_par' dir='ltr' id='par_1_10' title="bbox 860 1197 3986 1271">
     <span class='ocr_line' id='line_1_10' title="bbox 860 1197 3986 1271; baseline -0.001 -18"><span class='ocrx_word' id='word_1_139' title='bbox 860 1203 1019 1271; x_wconf 90' lang='lat' dir='ltr'><strong>paulo</strong></span> <span class='ocrx_word' id='word_1_140' title='bbox 1053 1213 1167 1269; x_wconf 87' lang='lat' dir='ltr'><strong>post</strong></span> <span class='ocrx_word' id='word_1_141' title='bbox 1193 1201 1258 1255; x_wconf 91' lang='lat' dir='ltr'><strong>de</strong></span> <span class='ocrx_word' id='word_1_142' title='bbox 1295 1200 1450 1252; x_wconf 87' lang='lat' dir='ltr'><strong>codd.</strong></span> <span class='ocrx_word' id='word_1_143' title='bbox 1479 1197 1698 1256; x_wconf 83' lang='lat' dir='ltr'><strong>Taurin.</strong></span> <span class='ocrx_word' id='word_1_144' title='bbox 1733 1209 1784 1253; x_wconf 88' lang='lat' dir='ltr'><strong>et</strong></span> <span class='ocrx_word' id='word_1_145' title='bbox 1811 1197 2101 1269; x_wconf 78' lang='lat' dir='ltr'><strong>Marciano)</strong></span> <span class='ocrx_word' id='word_1_146' title='bbox 2132 1200 2367 1253; x_wconf 86' lang='lat' dir='ltr'><strong>Fabrott.</strong></span> <span class='ocrx_word' id='word_1_147' title='bbox 2400 1206 2574 1250; x_wconf 89' lang='lat' dir='ltr'><strong>autem</strong></span> <span class='ocrx_word' id='word_1_148' title='bbox 2610 1198 2663 1248; x_wconf 88' lang='lat' dir='ltr'><strong>in</strong></span> <span class='ocrx_word' id='word_1_149' title='bbox 2711 1197 2882 1249; x_wconf 76' lang='lat' dir='ltr'><strong>fronte</strong></span> <span class='ocrx_word' id='word_1_150' title='bbox 2913 1206 3110 1250; x_wconf 87' lang='lat' dir='ltr'><strong>monet.</strong></span> <span class='ocrx_word' id='word_1_151' title='bbox 3141 1207 3352 1250; x_wconf 78' lang='lat' dir='ltr'><strong>exstare</strong></span> <span class='ocrx_word' id='word_1_152' title='bbox 3386 1199 3438 1250; x_wconf 90' lang='lat' dir='ltr'><strong>in</strong></span> <span class='ocrx_word' id='word_1_153' title='bbox 3481 1198 3650 1252; x_wconf 79' lang='lat' dir='ltr'><strong>Vatic.</strong></span> <span class='ocrx_word' id='word_1_154' title='bbox 3682 1202 3802 1252; x_wconf 80' lang='lat' dir='ltr'><strong>cod.</strong></span> <span class='ocrx_word' id='word_1_155' title='bbox 3838 1201 3938 1253; x_wconf 82' lang='lat'><strong>856</strong></span> <span class='ocrx_word' id='word_1_156' title='bbox 3965 1221 3986 1248; x_wconf 67' lang='grc' dir='ltr'><strong>οι</strong></span> 
     </span>
    </p>
   </div>
   <div class='ocr_carea' id='block_1_11' title="bbox 859 1281 3993 1350">
    <p class='ocr_par' dir='ltr' id='par_1_11' title="bbox 859 1281 3993 1350">
     <span class='ocr_line' id='line_1_11' title="bbox 859 1281 3993 1350; baseline -0.001 -9"><span class='ocrx_word' id='word_1_157' title='bbox 859 1287 1080 1341; x_wconf 83' lang='lat' dir='ltr'><strong>Palatin.</strong></span> <span class='ocrx_word' id='word_1_158' title='bbox 1111 1287 1227 1339; x_wconf 86' lang='lat' dir='ltr'><strong>cod.</strong></span> <span class='ocrx_word' id='word_1_159' title='bbox 1258 1284 1362 1337; x_wconf 83' lang='lat'><strong>226</strong></span> <span class='ocrx_word' id='word_1_160' title='bbox 1390 1283 1485 1338; x_wconf 88' lang='lat' dir='ltr'><strong>Gr.</strong></span> <span class='ocrx_word' id='word_1_161' title='bbox 1512 1283 1780 1336; x_wconf 87' lang='lat' dir='ltr'><strong>simillima</strong></span> <span class='ocrx_word' id='word_1_162' title='bbox 1807 1283 2081 1337; x_wconf 78' lang='lat' dir='ltr'><strong>Paratitla.</strong></span> <span class='ocrx_word' id='word_1_163' title='bbox 2110 1282 2416 1338; x_wconf 87' lang='lat' dir='ltr'><strong>——Florent.</strong></span> <span class='ocrx_word' id='word_1_164' title='bbox 2447 1283 2501 1336; x_wconf 89' lang='lat' dir='ltr'><strong>in</strong></span> <span class='ocrx_word' id='word_1_165' title='bbox 2530 1284 2651 1336; x_wconf 90' lang='lat' dir='ltr'><strong>cod.</strong></span> <span class='ocrx_word' id='word_1_166' title='bbox 2684 1281 2934 1336; x_wconf 82' lang='lat' dir='ltr'><strong>Laurent.</strong></span> <span class='ocrx_word' id='word_1_167' title='bbox 2963 1284 3015 1346; x_wconf 91' lang='lat'><strong>8,</strong></span> <span class='ocrx_word' id='word_1_168' title='bbox 3051 1299 3102 1335; x_wconf 91' lang='lat' dir='ltr'><strong>n.</strong></span> <span class='ocrx_word' id='word_1_169' title='bbox 3135 1283 3221 1346; x_wconf 83' lang='lat'><strong>50,</strong></span> <span class='ocrx_word' id='word_1_170' title='bbox 3253 1284 3382 1350; x_wconf 91' lang='lat' dir='ltr'><strong>plut.</strong></span> <span class='ocrx_word' id='word_1_171' title='bbox 3410 1284 3463 1346; x_wconf 90' lang='lat'><strong>9,</strong></span> <span class='ocrx_word' id='word_1_172' title='bbox 3499 1293 3552 1336; x_wconf 89' lang='lat' dir='ltr'><strong>et</strong></span> <span class='ocrx_word' id='word_1_173' title='bbox 3584 1285 3702 1337; x_wconf 90' lang='lat' dir='ltr'><strong>cod.</strong></span> <span class='ocrx_word' id='word_1_174' title='bbox 3743 1285 3832 1346; x_wconf 90' lang='lat'><strong>15,</strong></span> <span class='ocrx_word' id='word_1_175' title='bbox 3867 1303 3916 1338; x_wconf 93' lang='lat' dir='ltr'><strong>n.</strong></span> <span class='ocrx_word' id='word_1_176' title='bbox 3948 1287 3993 1338; x_wconf 72' lang='lat'><strong>15</strong></span> 
     </span>
    </p>
   </div>
   <div class='ocr_carea' id='block_1_12' title="bbox 857 1369 3993 1444">
    <p class='ocr_par' dir='ltr' id='par_1_12' title="bbox 857 1369 3993 1444">
     <span class='ocr_line' id='line_1_12' title="bbox 857 1369 3993 1444; baseline -0.002 -13"><span class='ocrx_word' id='word_1_177' title='bbox 857 1391 972 1444; x_wconf 82' lang='lat' dir='ltr'><strong>Sqq.</strong></span> <span class='ocrx_word' id='word_1_178' title='bbox 1009 1376 1135 1443; x_wconf 87' lang='lat' dir='ltr'><strong>plut.</strong></span> <span class='ocrx_word' id='word_1_179' title='bbox 1164 1373 1256 1436; x_wconf 85' lang='lat'><strong>56,</strong></span> <span class='ocrx_word' id='word_1_180' title='bbox 1282 1374 1347 1425; x_wconf 91' lang='lat' dir='ltr'><strong>de</strong></span> <span class='ocrx_word' id='word_1_181' title='bbox 1372 1372 1563 1440; x_wconf 83' lang='lat' dir='ltr'><strong>quibus</strong></span> <span class='ocrx_word' id='word_1_182' title='bbox 1602 1369 1662 1423; x_wconf 83' lang='lat' dir='ltr'><strong>V.</strong></span> <span class='ocrx_word' id='word_1_183' title='bbox 1702 1371 1922 1424; x_wconf 82' lang='lat' dir='ltr'><strong>Bandin.</strong></span> <span class='ocrx_word' id='word_1_184' title='bbox 1951 1374 2001 1424; x_wconf 91' lang='lat' dir='ltr'><strong>in</strong></span> <span class='ocrx_word' id='word_1_185' title='bbox 2029 1371 2148 1425; x_wconf 89' lang='lat' dir='ltr'><strong>Cat.</strong></span> <span class='ocrx_word' id='word_1_186' title='bbox 2185 1372 2338 1426; x_wconf 86' lang='lat' dir='ltr'><strong>codd.</strong></span> <span class='ocrx_word' id='word_1_187' title='bbox 2371 1369 2460 1424; x_wconf 88' lang='lat' dir='ltr'><strong>Gr.</strong></span> <span class='ocrx_word' id='word_1_188' title='bbox 2500 1370 2661 1425; x_wconf 88' lang='lat' dir='ltr'><strong>Laur.</strong></span> <span class='ocrx_word' id='word_1_189' title='bbox 2691 1370 2732 1432; x_wconf 91' lang='grc' dir='ltr'><strong>Ι,</strong></span> <span class='ocrx_word' id='word_1_190' title='bbox 2765 1385 2883 1438; x_wconf 87' lang='lat' dir='ltr'><strong>pag.</strong></span> <span class='ocrx_word' id='word_1_191' title='bbox 2919 1370 3041 1433; x_wconf 75' lang='grc'>402,</span> <span class='ocrx_word' id='word_1_192' title='bbox 3077 1381 3130 1424; x_wconf 87' lang='lat' dir='ltr'><strong>et</strong></span> <span class='ocrx_word' id='word_1_193' title='bbox 3167 1379 3293 1425; x_wconf 92' lang='lat' dir='ltr'><strong>tom.</strong></span> <span class='ocrx_word' id='word_1_194' title='bbox 3324 1370 3387 1434; x_wconf 89' lang='lat' dir='ltr'><strong>ll,</strong></span> <span class='ocrx_word' id='word_1_195' title='bbox 3421 1387 3474 1439; x_wconf 94' lang='lat' dir='ltr'><strong>p.</strong></span> <span class='ocrx_word' id='word_1_196' title='bbox 3501 1371 3621 1423; x_wconf 87' lang='grc'><strong>510.</strong></span> <span class='ocrx_word' id='word_1_197' title='bbox 3641 1371 3934 1426; x_wconf 88' lang='lat' dir='ltr'><strong>——Taurini</strong></span> <span class='ocrx_word' id='word_1_198' title='bbox 3962 1375 3993 1426; x_wconf 88' lang='lat' dir='ltr'><strong>ir</strong></span> 
     </span>
    </p>
   </div>
   <div class='ocr_carea' id='block_1_13' title="bbox 855 1454 3987 1527">
    <p class='ocr_par' dir='ltr' id='par_1_13' title="bbox 855 1454 3987 1527">
     <span class='ocr_line' id='line_1_13' title="bbox 855 1454 3987 1527; baseline -0.001 -13"><span class='ocrx_word' id='word_1_199' title='bbox 855 1466 972 1522; x_wconf 86' lang='lat' dir='ltr'><strong>cod,</strong></span> <span class='ocrx_word' id='word_1_200' title='bbox 1006 1477 1109 1527; x_wconf 77' lang='lat' dir='ltr'><strong>reg.</strong></span> <span class='ocrx_word' id='word_1_201' title='bbox 1143 1458 1211 1511; x_wconf 90' lang='grc'>26</span> <span class='ocrx_word' id='word_1_202' title='bbox 1249 1457 1337 1524; x_wconf 90' lang='lat' dir='ltr'><strong>qui</strong></span> <span class='ocrx_word' id='word_1_203' title='bbox 1363 1455 1598 1510; x_wconf 85' lang='lat' dir='ltr'><strong>continet</strong></span> <span class='ocrx_word' id='word_1_204' title='bbox 1644 1457 1787 1508; x_wconf 85' lang='lat' dir='ltr'><strong>varia</strong></span> <span class='ocrx_word' id='word_1_205' title='bbox 1819 1454 2084 1510; x_wconf 81' lang='lat' dir='ltr'><strong>Theodor.</strong></span> <span class='ocrx_word' id='word_1_206' title='bbox 2118 1457 2344 1510; x_wconf 82' lang='lat' dir='ltr'><strong>Balsam.</strong></span> <span class='ocrx_word' id='word_1_207' title='bbox 2381 1456 2578 1524; x_wconf 86' lang='lat' dir='ltr'><strong>Opusc.</strong></span> <span class='ocrx_word' id='word_1_208' title='bbox 2618 1456 3152 1524; x_wconf 88' lang='lat' dir='ltr'><strong>juridico-canoniea,</strong></span> <span class='ocrx_word' id='word_1_209' title='bbox 3189 1472 3344 1523; x_wconf 80' lang='lat' dir='ltr'><strong>quem</strong></span> <span class='ocrx_word' id='word_1_210' title='bbox 3387 1456 3659 1511; x_wconf 78' lang='lat' dir='ltr'><strong>coniector</strong></span> <span class='ocrx_word' id='word_1_211' title='bbox 3705 1469 3813 1512; x_wconf 78' lang='lat' dir='ltr'><strong>(at.</strong></span> <span class='ocrx_word' id='word_1_212' title='bbox 3866 1463 3987 1512; x_wconf 91' lang='lat' dir='ltr'><strong>codl</strong></span> 
     </span>
    </p>
   </div>
   <div class='ocr_carea' id='block_1_14' title="bbox 857 1538 3988 1615">
    <p class='ocr_par' dir='ltr' id='par_1_14' title="bbox 857 1538 3988 1615">
     <span class='ocr_line' id='line_1_14' title="bbox 857 1538 3988 1615; baseline -0.001 -15"><span class='ocrx_word' id='word_1_213' title='bbox 857 1565 935 1615; x_wconf 88' lang='lat' dir='ltr'><strong>gr.</strong></span> <span class='ocrx_word' id='word_1_214' title='bbox 963 1547 1117 1609; x_wconf 88' lang='lat' dir='ltr'><strong>Taur,</strong></span> <span class='ocrx_word' id='word_1_215' title='bbox 1147 1561 1198 1614; x_wconf 88' lang='lat' dir='ltr'><strong>p.</strong></span> <span class='ocrx_word' id='word_1_216' title='bbox 1231 1538 1296 1597; x_wconf 81' lang='grc'><strong>06</strong></span> <span class='ocrx_word' id='word_1_217' title='bbox 1326 1558 1442 1611; x_wconf 84' lang='lat' dir='ltr'><strong>sqq.</strong></span> <span class='ocrx_word' id='word_1_218' title='bbox 1474 1549 1657 1596; x_wconf 84' lang='lat' dir='ltr'><strong>curate</strong></span> <span class='ocrx_word' id='word_1_219' title='bbox 1684 1543 2000 1611; x_wconf 75' lang='lat' dir='ltr'><strong>copioseque</strong></span> <span class='ocrx_word' id='word_1_220' title='bbox 2032 1553 2292 1596; x_wconf 77' lang='lat' dir='ltr'><strong>recenset.</strong></span> <span class='ocrx_word' id='word_1_221' title='bbox 2326 1542 2562 1595; x_wconf 87' lang='lat' dir='ltr'><strong>Primum</strong></span> <span class='ocrx_word' id='word_1_222' title='bbox 2609 1551 2786 1595; x_wconf 90' lang='lat' dir='ltr'><strong>monet</strong></span> <span class='ocrx_word' id='word_1_223' title='bbox 2818 1550 2999 1594; x_wconf 86' lang='lat' dir='ltr'><strong>contra</strong></span> <span class='ocrx_word' id='word_1_224' title='bbox 3045 1541 3359 1606; x_wconf 78' lang='lat' dir='ltr'><strong>Nesselium,</strong></span> <span class='ocrx_word' id='word_1_225' title='bbox 3389 1541 3440 1594; x_wconf 93' lang='lat' dir='ltr'><strong>in</strong></span> <span class='ocrx_word' id='word_1_226' title='bbox 3476 1543 3594 1594; x_wconf 85' lang='lat' dir='ltr'><strong>Cat.</strong></span> <span class='ocrx_word' id='word_1_227' title='bbox 3628 1544 3751 1610; x_wconf 80' lang='lat' dir='ltr'><strong>bibl.</strong></span> <span class='ocrx_word' id='word_1_228' title='bbox 3787 1539 3988 1598; x_wconf 74' lang='lat' dir='ltr'><strong>Vindob</strong></span> 
     </span>
    </p>
   </div>
   <div class='ocr_carea' id='block_1_15' title="bbox 856 1624 3993 1701">
    <p class='ocr_par' dir='ltr' id='par_1_15' title="bbox 856 1624 3993 1701">
     <span class='ocr_line' id='line_1_15' title="bbox 856 1624 3993 1701; baseline -0 -17"><span class='ocrx_word' id='word_1_229' title='bbox 856 1641 986 1701; x_wconf 85' lang='lat' dir='ltr'><strong>part.</strong></span> <span class='ocrx_word' id='word_1_230' title='bbox 1021 1647 1078 1691; x_wconf 83' lang='lat' dir='ltr'><strong>tt,</strong></span> <span class='ocrx_word' id='word_1_231' title='bbox 1111 1646 1161 1696; x_wconf 92' lang='lat' dir='ltr'><strong>p.</strong></span> <span class='ocrx_word' id='word_1_232' title='bbox 1197 1629 1285 1692; x_wconf 85' lang='grc'><strong>22,</strong></span> <span class='ocrx_word' id='word_1_233' title='bbox 1317 1645 1371 1693; x_wconf 79' lang='grc' dir='ltr'><strong>ῃ,</strong></span> <span class='ocrx_word' id='word_1_234' title='bbox 1403 1628 1456 1682; x_wconf 85' lang='grc'><strong>5,</strong></span> <span class='ocrx_word' id='word_1_235' title='bbox 1491 1629 1598 1692; x_wconf 88' lang='lat' dir='ltr'><strong>(cui</strong></span> <span class='ocrx_word' id='word_1_236' title='bbox 1651 1637 1824 1682; x_wconf 84' lang='lat' dir='ltr'><strong>tamen</strong></span> <span class='ocrx_word' id='word_1_237' title='bbox 1855 1628 1986 1696; x_wconf 83' lang='lat' dir='ltr'><strong>jam,</strong></span> <span class='ocrx_word' id='word_1_238' title='bbox 2034 1638 2090 1681; x_wconf 91' lang='lat' dir='ltr'><strong>ut</strong></span> <span class='ocrx_word' id='word_1_239' title='bbox 2126 1630 2370 1692; x_wconf 75' lang='lat' dir='ltr'><strong>vidimus,</strong></span> <span class='ocrx_word' id='word_1_240' title='bbox 2405 1627 2609 1696; x_wconf 63' lang='lat' dir='ltr'><strong>praeivit</strong></span> <span class='ocrx_word' id='word_1_241' title='bbox 2639 1624 2912 1694; x_wconf 85' lang='lat' dir='ltr'><strong>Lanibec.)</strong></span> <span class='ocrx_word' id='word_1_242' title='bbox 2947 1624 3314 1690; x_wconf 79' lang='lat' dir='ltr'><strong>aﬂirmantem,</strong></span> <span class='ocrx_word' id='word_1_243' title='bbox 3353 1627 3477 1680; x_wconf 90' lang='lat' dir='ltr'><strong>illud</strong></span> <span class='ocrx_word' id='word_1_244' title='bbox 3525 1627 3860 1684; x_wconf 82' lang='lat' dir='ltr'><strong>Balsamonis</strong></span> <span class='ocrx_word' id='word_1_245' title='bbox 3891 1645 3993 1697; x_wconf 79' lang='lat' dir='ltr'><strong>opu:</strong></span> 
     </span>
    </p>
   </div>
   <div class='ocr_carea' id='block_1_16' title="bbox 857 1711 3993 1788">
    <p class='ocr_par' dir='ltr' id='par_1_16' title="bbox 857 1711 3993 1788">
     <span class='ocr_line' id='line_1_16' title="bbox 857 1711 3993 1788; baseline -0.001 -17"><span class='ocrx_word' id='word_1_246' title='bbox 857 1721 909 1771; x_wconf 90' lang='lat' dir='ltr'><strong>in</strong></span> <span class='ocrx_word' id='word_1_247' title='bbox 943 1721 1056 1772; x_wconf 89' lang='lat' dir='ltr'><strong>cod.</strong></span> <span class='ocrx_word' id='word_1_248' title='bbox 1092 1717 1312 1770; x_wconf 86' lang='lat' dir='ltr'><strong>Vindob.</strong></span> <span class='ocrx_word' id='word_1_249' title='bbox 1343 1723 1551 1767; x_wconf 89' lang='lat' dir='ltr'><strong>exstare</strong></span> <span class='ocrx_word' id='word_1_250' title='bbox 1582 1715 1632 1766; x_wconf 93' lang='lat' dir='ltr'><strong>in</strong></span> <span class='ocrx_word' id='word_1_251' title='bbox 1665 1713 1830 1768; x_wconf 73' lang='lat' dir='ltr'><strong>Voelli</strong></span> <span class='ocrx_word' id='word_1_252' title='bbox 1863 1725 1916 1767; x_wconf 91' lang='lat' dir='ltr'><strong>et</strong></span> <span class='ocrx_word' id='word_1_253' title='bbox 1944 1713 2146 1768; x_wconf 81' lang='lat' dir='ltr'><strong>Justelli</strong></span> <span class='ocrx_word' id='word_1_254' title='bbox 2180 1713 2504 1766; x_wconf 86' lang='lat' dir='ltr'><strong>Bibliotheca</strong></span> <span class='ocrx_word' id='word_1_255' title='bbox 2531 1751 2547 1774; x_wconf 93' lang='lat'><strong>,</strong></span> <span class='ocrx_word' id='word_1_256' title='bbox 2582 1721 2710 1766; x_wconf 89' lang='lat' dir='ltr'><strong>tom.</strong></span> <span class='ocrx_word' id='word_1_257' title='bbox 2752 1712 2816 1764; x_wconf 88' lang='lat' dir='ltr'><strong>ll.</strong></span> <span class='ocrx_word' id='word_1_258' title='bbox 2857 1711 3037 1780; x_wconf 82' lang='lat' dir='ltr'><strong>Longe</strong></span> <span class='ocrx_word' id='word_1_259' title='bbox 3087 1713 3237 1766; x_wconf 80' lang='lat' dir='ltr'><strong>aliter</strong></span> <span class='ocrx_word' id='word_1_260' title='bbox 3283 1723 3455 1766; x_wconf 87' lang='lat' dir='ltr'><strong>tamen</strong></span> <span class='ocrx_word' id='word_1_261' title='bbox 3503 1715 3808 1788; x_wconf 82' lang='lat' dir='ltr'><strong>expositum</strong></span> <span class='ocrx_word' id='word_1_262' title='bbox 3861 1725 3993 1782; x_wconf 74' lang='lat' dir='ltr'><strong>atqu&lt;</strong></span> 
     </span>
    </p>
   </div>
   <div class='ocr_carea' id='block_1_17' title="bbox 855 1797 3993 1868">
    <p class='ocr_par' dir='ltr' id='par_1_17' title="bbox 855 1797 3993 1868">
     <span class='ocr_line' id='line_1_17' title="bbox 855 1797 3993 1868; baseline -0.001 -12"><span class='ocrx_word' id='word_1_263' title='bbox 855 1809 1140 1864; x_wconf 81' lang='lat' dir='ltr'><strong>diversum,</strong></span> <span class='ocrx_word' id='word_1_264' title='bbox 1161 1803 1309 1854; x_wconf 87' lang='lat' dir='ltr'><strong>valde</strong></span> <span class='ocrx_word' id='word_1_265' title='bbox 1339 1815 1555 1864; x_wconf 90' lang='lat' dir='ltr'><strong>errare;</strong></span> <span class='ocrx_word' id='word_1_266' title='bbox 1590 1810 1642 1853; x_wconf 91' lang='lat' dir='ltr'><strong>et</strong></span> <span class='ocrx_word' id='word_1_267' title='bbox 1675 1809 1953 1864; x_wconf 90' lang='lat' dir='ltr'><strong>tractatus,</strong></span> <span class='ocrx_word' id='word_1_268' title='bbox 1985 1800 2071 1867; x_wconf 86' lang='lat' dir='ltr'><strong>qui</strong></span> <span class='ocrx_word' id='word_1_269' title='bbox 2098 1799 2225 1852; x_wconf 90' lang='lat' dir='ltr'><strong>editi</strong></span> <span class='ocrx_word' id='word_1_270' title='bbox 2255 1797 2467 1851; x_wconf 84' lang='lat' dir='ltr'><strong>luerunt</strong></span> <span class='ocrx_word' id='word_1_271' title='bbox 2487 1813 2515 1852; x_wconf 89' lang='lat' dir='ltr'><strong>a</strong></span> <span class='ocrx_word' id='word_1_272' title='bbox 2545 1799 2724 1853; x_wconf 82' lang='lat' dir='ltr'><strong>Voello</strong></span> <span class='ocrx_word' id='word_1_273' title='bbox 2751 1807 2802 1851; x_wconf 90' lang='lat' dir='ltr'><strong>et</strong></span> <span class='ocrx_word' id='word_1_274' title='bbox 2828 1797 3068 1862; x_wconf 87' lang='lat' dir='ltr'><strong>Justello,</strong></span> <span class='ocrx_word' id='word_1_275' title='bbox 3099 1799 3230 1851; x_wconf 90' lang='lat' dir='ltr'><strong>alios</strong></span> <span class='ocrx_word' id='word_1_276' title='bbox 3257 1800 3471 1868; x_wconf 89' lang='lat' dir='ltr'><strong>prorsus</strong></span> <span class='ocrx_word' id='word_1_277' title='bbox 3492 1815 3608 1854; x_wconf 90' lang='lat' dir='ltr'><strong>esse</strong></span> <span class='ocrx_word' id='word_1_278' title='bbox 3637 1810 3690 1854; x_wconf 86' lang='lat' dir='ltr'><strong>et</strong></span> <span class='ocrx_word' id='word_1_279' title='bbox 3719 1801 3993 1855; x_wconf 81' lang='lat' dir='ltr'><strong>distinctos</strong></span> 
     </span>
    </p>
   </div>
   <div class='ocr_carea' id='block_1_18' title="bbox 853 1885 3993 1959">
    <p class='ocr_par' dir='ltr' id='par_1_18' title="bbox 853 1885 3993 1959">
     <span class='ocr_line' id='line_1_18' title="bbox 853 1885 3993 1959; baseline -0.001 -16"><span class='ocrx_word' id='word_1_280' title='bbox 853 1894 918 1946; x_wconf 85' lang='lat' dir='ltr'><strong>ab</strong></span> <span class='ocrx_word' id='word_1_281' title='bbox 949 1906 1104 1959; x_wconf 84' lang='lat' dir='ltr'><strong>opere</strong></span> <span class='ocrx_word' id='word_1_282' title='bbox 1142 1892 1189 1941; x_wconf 92' lang='lat' dir='ltr'><strong>in</strong></span> <span class='ocrx_word' id='word_1_283' title='bbox 1218 1890 1335 1941; x_wconf 88' lang='lat' dir='ltr'><strong>cod.</strong></span> <span class='ocrx_word' id='word_1_284' title='bbox 1370 1887 1592 1940; x_wconf 80' lang='lat' dir='ltr'><strong>Taurin.</strong></span> <span class='ocrx_word' id='word_1_285' title='bbox 1626 1887 1876 1955; x_wconf 88' lang='lat' dir='ltr'><strong>(quocum</strong></span> <span class='ocrx_word' id='word_1_286' title='bbox 1905 1888 2023 1939; x_wconf 89' lang='lat' dir='ltr'><strong>cod.</strong></span> <span class='ocrx_word' id='word_1_287' title='bbox 2056 1885 2306 1939; x_wconf 81' lang='lat' dir='ltr'><strong>Laurent.</strong></span> <span class='ocrx_word' id='word_1_288' title='bbox 2354 1892 2696 1946; x_wconf 88' lang='lat' dir='ltr'><strong>memoratus,</strong></span> <span class='ocrx_word' id='word_1_289' title='bbox 2731 1885 2912 1951; x_wconf 87' lang='lat' dir='ltr'><strong>paucis</strong></span> <span class='ocrx_word' id='word_1_290' title='bbox 2945 1885 3093 1938; x_wconf 90' lang='lat' dir='ltr'><strong>initio</strong></span> <span class='ocrx_word' id='word_1_291' title='bbox 3123 1888 3364 1952; x_wconf 80' lang='lat' dir='ltr'><strong>exceptis</strong></span> <span class='ocrx_word' id='word_1_292' title='bbox 3390 1926 3404 1951; x_wconf 92' lang='lat'><strong>,</strong></span> <span class='ocrx_word' id='word_1_293' title='bbox 3436 1887 3742 1950; x_wconf 89' lang='lat' dir='ltr'><strong>concordat,</strong></span> <span class='ocrx_word' id='word_1_294' title='bbox 3771 1889 3993 1940; x_wconf 76' lang='lat' dir='ltr'><strong>animati</strong></span> 
     </span>
    </p>
   </div>
   <div class='ocr_carea' id='block_1_19' title="bbox 851 1969 3993 2040">
    <p class='ocr_par' dir='ltr' id='par_1_19' title="bbox 851 1969 3993 2040">
     <span class='ocr_line' id='line_1_19' title="bbox 851 1969 3993 2040; baseline -0.002 -10"><span class='ocrx_word' id='word_1_295' title='bbox 851 1986 1088 2030; x_wconf 77' lang='lat' dir='ltr'><strong>\‘Cl‘lt&#39;lllc</strong></span> <span class='ocrx_word' id='word_1_296' title='bbox 1115 1975 1333 2027; x_wconf 84' lang='lat' dir='ltr'><strong>Bandin.</strong></span> <span class='ocrx_word' id='word_1_297' title='bbox 1366 1974 1401 2025; x_wconf 94' lang='lat' dir='ltr'><strong>l.</strong></span> <span class='ocrx_word' id='word_1_298' title='bbox 1433 1972 1505 2039; x_wconf 91' lang='lat' dir='ltr'><strong>e.)</strong></span> <span class='ocrx_word' id='word_1_299' title='bbox 1541 1970 1693 2036; x_wconf 89' lang='lat' dir='ltr'><strong>llinc,</strong></span> <span class='ocrx_word' id='word_1_300' title='bbox 1726 1971 1866 2037; x_wconf 84' lang='lat' dir='ltr'><strong>quod</strong></span> <span class='ocrx_word' id='word_1_301' title='bbox 1927 1973 1977 2024; x_wconf 88' lang='lat' dir='ltr'><strong>id</strong></span> <span class='ocrx_word' id='word_1_302' title='bbox 2031 1972 2260 2039; x_wconf 89' lang='lat' dir='ltr'><strong>primum</strong></span> <span class='ocrx_word' id='word_1_303' title='bbox 2322 1969 2631 2037; x_wconf 88' lang='lat' dir='ltr'><strong>opusculum</strong></span> <span class='ocrx_word' id='word_1_304' title='bbox 2665 1970 2935 2036; x_wconf 88' lang='lat' dir='ltr'><strong>(nimirum</strong></span> <span class='ocrx_word' id='word_1_305' title='bbox 2973 1970 3060 2034; x_wconf 83' lang='lat'><strong>87,</strong></span> <span class='ocrx_word' id='word_1_306' title='bbox 3097 1973 3270 2038; x_wconf 81' lang='lat' dir='ltr'><strong>priora</strong></span> <span class='ocrx_word' id='word_1_307' title='bbox 3311 1972 3557 2040; x_wconf 81' lang='lat' dir='ltr'><strong>capitula)</strong></span> <span class='ocrx_word' id='word_1_308' title='bbox 3597 1974 3993 2040; x_wconf 68' lang='lat' dir='ltr'><strong>praetermissun</strong></span> 
     </span>
    </p>
   </div>
   <div class='ocr_carea' id='block_1_20' title="bbox 851 2044 3985 2124">
    <p class='ocr_par' dir='ltr' id='par_1_20' title="bbox 851 2044 3985 2124">
     <span class='ocr_line' id='line_1_20' title="bbox 851 2044 3985 2124; baseline -0.002 -9"><span class='ocrx_word' id='word_1_309' title='bbox 851 2064 947 2116; x_wconf 84' lang='lat' dir='ltr'><strong>luit</strong></span> <span class='ocrx_word' id='word_1_310' title='bbox 977 2065 1027 2115; x_wconf 91' lang='lat' dir='ltr'><strong>in</strong></span> <span class='ocrx_word' id='word_1_311' title='bbox 1050 2044 1214 2114; x_wconf 73' lang='lat' dir='ltr'><strong>Voelli</strong></span> <span class='ocrx_word' id='word_1_312' title='bbox 1236 2069 1285 2111; x_wconf 88' lang='lat' dir='ltr'><strong>et</strong></span> <span class='ocrx_word' id='word_1_313' title='bbox 1311 2057 1513 2112; x_wconf 84' lang='lat' dir='ltr'><strong>Justelli</strong></span> <span class='ocrx_word' id='word_1_314' title='bbox 1544 2056 1688 2108; x_wconf 61' lang='lat' dir='ltr'><strong>Bibl.</strong></span> <span class='ocrx_word' id='word_1_315' title='bbox 1709 2059 1937 2123; x_wconf 67' lang='lat' dir='ltr'><strong>(natatu</strong></span> <span class='ocrx_word' id='word_1_316' title='bbox 1957 2056 2055 2109; x_wconf 86' lang='lat' dir='ltr'><strong>hac</strong></span> <span class='ocrx_word' id='word_1_317' title='bbox 2083 2056 2302 2123; x_wconf 87' lang='lat' dir='ltr'><strong>reliqua,</strong></span> <span class='ocrx_word' id='word_1_318' title='bbox 2337 2069 2453 2124; x_wconf 79' lang='lat' dir='ltr'><strong>qua:</strong></span> <span class='ocrx_word' id='word_1_319' title='bbox 2473 2068 2502 2106; x_wconf 88' lang='lat' dir='ltr'><strong>a</strong></span> <span class='ocrx_word' id='word_1_320' title='bbox 2535 2052 2663 2107; x_wconf 87' lang='lat' dir='ltr'><strong>lolio</strong></span> <span class='ocrx_word' id='word_1_321' title='bbox 2697 2055 2798 2107; x_wconf 90' lang='lat'><strong>100</strong></span> <span class='ocrx_word' id='word_1_322' title='bbox 2831 2055 3080 2124; x_wconf 88' lang='lat' dir='ltr'><strong>deinceps</strong></span> <span class='ocrx_word' id='word_1_323' title='bbox 3107 2065 3397 2123; x_wconf 88' lang='lat' dir='ltr'><strong>sequuntur</strong></span> <span class='ocrx_word' id='word_1_324' title='bbox 3427 2056 3478 2108; x_wconf 92' lang='lat' dir='ltr'><strong>in</strong></span> <span class='ocrx_word' id='word_1_325' title='bbox 3509 2058 3710 2118; x_wconf 85' lang='lat' dir='ltr'><strong>codice,</strong></span> <span class='ocrx_word' id='word_1_326' title='bbox 3744 2068 3875 2110; x_wconf 87' lang='lat' dir='ltr'><strong>sunt</strong></span> <span class='ocrx_word' id='word_1_327' title='bbox 3908 2059 3985 2108; x_wconf 92' lang='lat' dir='ltr'><strong>vul</strong></span> 
     </span>
    </p>
   </div>
   <div class='ocr_carea' id='block_1_21' title="bbox 850 2139 3993 2216">
    <p class='ocr_par' dir='ltr' id='par_1_21' title="bbox 850 2139 3993 2216">
     <span class='ocr_line' id='line_1_21' title="bbox 850 2139 3993 2216; baseline -0.002 -17"><span class='ocrx_word' id='word_1_328' title='bbox 850 2147 1010 2216; x_wconf 82' lang='lat' dir='ltr'><strong>gata),</strong></span> <span class='ocrx_word' id='word_1_329' title='bbox 1043 2145 1310 2200; x_wconf 75' lang='lat' dir='ltr'><strong>confector</strong></span> <span class='ocrx_word' id='word_1_330' title='bbox 1360 2144 1476 2197; x_wconf 88' lang='lat' dir='ltr'><strong>Cat.</strong></span> <span class='ocrx_word' id='word_1_331' title='bbox 1515 2143 1694 2195; x_wconf 87' lang='lat' dir='ltr'><strong>titulos</strong></span> <span class='ocrx_word' id='word_1_332' title='bbox 1739 2141 2062 2208; x_wconf 88' lang='lat' dir='ltr'><strong>singulorum</strong></span> <span class='ocrx_word' id='word_1_333' title='bbox 2106 2143 2334 2209; x_wconf 84' lang='lat' dir='ltr'><strong>capitum</strong></span> <span class='ocrx_word' id='word_1_334' title='bbox 2369 2155 2431 2193; x_wconf 88' lang='lat' dir='ltr'><strong>ex</strong></span> <span class='ocrx_word' id='word_1_335' title='bbox 2477 2141 2595 2193; x_wconf 88' lang='lat' dir='ltr'><strong>cod.</strong></span> <span class='ocrx_word' id='word_1_336' title='bbox 2633 2139 2852 2206; x_wconf 88' lang='lat' dir='ltr'><strong>protulit</strong></span> <span class='ocrx_word' id='word_1_337' title='bbox 2883 2155 3000 2208; x_wconf 84' lang='lat' dir='ltr'><strong>pag.</strong></span> <span class='ocrx_word' id='word_1_338' title='bbox 3036 2141 3254 2194; x_wconf 83' lang='lat'><strong>96-107.</strong></span> <span class='ocrx_word' id='word_1_339' title='bbox 3290 2169 3360 2180; x_wconf 89' lang='lat'><strong>—-</strong></span> <span class='ocrx_word' id='word_1_340' title='bbox 3404 2142 3461 2193; x_wconf 86' lang='lat' dir='ltr'><strong>1n</strong></span> <span class='ocrx_word' id='word_1_341' title='bbox 3492 2143 3671 2195; x_wconf 86' lang='lat' dir='ltr'><strong>codice</strong></span> <span class='ocrx_word' id='word_1_342' title='bbox 3702 2142 3794 2206; x_wconf 88' lang='lat'><strong>26,</strong></span> <span class='ocrx_word' id='word_1_343' title='bbox 3836 2157 3865 2193; x_wconf 88' lang='lat' dir='ltr'><strong>a</strong></span> <span class='ocrx_word' id='word_1_344' title='bbox 3895 2143 3993 2195; x_wconf 70' lang='lat' dir='ltr'><strong>lolii</strong></span> 
     </span>
    </p>
   </div>
   <div class='ocr_carea' id='block_1_22' title="bbox 847 2224 3993 2296">
    <p class='ocr_par' dir='ltr' id='par_1_22' title="bbox 847 2224 3993 2296">
     <span class='ocr_line' id='line_1_22' title="bbox 847 2224 3993 2296; baseline -0.003 -8"><span class='ocrx_word' id='word_1_345' title='bbox 847 2236 967 2296; x_wconf 81' lang='grc'>262,</span> <span class='ocrx_word' id='word_1_346' title='bbox 997 2233 1047 2286; x_wconf 84' lang='grc'>2.</span> <span class='ocrx_word' id='word_1_347' title='bbox 1082 2231 1145 2285; x_wconf 75' lang='grc' dir='ltr'><strong>γ.</strong></span> <span class='ocrx_word' id='word_1_348' title='bbox 1181 2229 1335 2286; x_wconf 86' lang='lat' dir='ltr'><strong>catal.</strong></span> <span class='ocrx_word' id='word_1_349' title='bbox 1365 2230 1455 2282; x_wconf 91' lang='lat' dir='ltr'><strong>cil.</strong></span> <span class='ocrx_word' id='word_1_350' title='bbox 1491 2242 1542 2296; x_wconf 88' lang='lat' dir='ltr'><strong>p.</strong></span> <span class='ocrx_word' id='word_1_351' title='bbox 1575 2227 1694 2280; x_wconf 90' lang='lat'><strong>198.</strong></span> <span class='ocrx_word' id='word_1_352' title='bbox 1725 2255 1792 2266; x_wconf 89' lang='lat'><em>—</em></span> <span class='ocrx_word' id='word_1_353' title='bbox 1824 2225 2055 2279; x_wconf 85' lang='lat' dir='ltr'><strong>Venetiis</strong></span> <span class='ocrx_word' id='word_1_354' title='bbox 2089 2229 2137 2279; x_wconf 87' lang='lat' dir='ltr'><strong>in</strong></span> <span class='ocrx_word' id='word_1_355' title='bbox 2165 2228 2283 2280; x_wconf 90' lang='lat' dir='ltr'><strong>cod.</strong></span> <span class='ocrx_word' id='word_1_356' title='bbox 2318 2226 2586 2279; x_wconf 81' lang='lat' dir='ltr'><strong>Marciano</strong></span> <span class='ocrx_word' id='word_1_357' title='bbox 2617 2224 2742 2278; x_wconf 83' lang='lat'><strong>269.</strong></span> <span class='ocrx_word' id='word_1_358' title='bbox 2782 2224 2842 2282; x_wconf 81' lang='grc' dir='ltr'><strong>γ.</strong></span> <span class='ocrx_word' id='word_1_359' title='bbox 2866 2227 2982 2280; x_wconf 87' lang='lat' dir='ltr'><strong>Cat.</strong></span> <span class='ocrx_word' id='word_1_360' title='bbox 3017 2228 3171 2282; x_wconf 89' lang='lat' dir='ltr'><strong>codd.</strong></span> <span class='ocrx_word' id='word_1_361' title='bbox 3201 2226 3291 2280; x_wconf 90' lang='lat' dir='ltr'><strong>Gr.</strong></span> <span class='ocrx_word' id='word_1_362' title='bbox 3317 2228 3477 2281; x_wconf 83' lang='lat' dir='ltr'><strong>Mare.</strong></span> <span class='ocrx_word' id='word_1_363' title='bbox 3512 2244 3562 2295; x_wconf 90' lang='lat' dir='ltr'><strong>p.</strong></span> <span class='ocrx_word' id='word_1_364' title='bbox 3589 2229 3678 2283; x_wconf 86' lang='lat'><strong>98.</strong></span> <span class='ocrx_word' id='word_1_365' title='bbox 3717 2229 3828 2282; x_wconf 88' lang='lat' dir='ltr'><strong>Sed</strong></span> <span class='ocrx_word' id='word_1_366' title='bbox 3859 2229 3993 2280; x_wconf 76' lang='lat' dir='ltr'><strong>multi</strong></span> 
     </span>
    </p>
   </div>
   <div class='ocr_carea' id='block_1_23' title="bbox 849 2309 3993 2381">
    <p class='ocr_par' dir='ltr' id='par_1_23' title="bbox 849 2309 3993 2381">
     <span class='ocr_line' id='line_1_23' title="bbox 849 2309 3993 2381; baseline -0.002 -9"><span class='ocrx_word' id='word_1_367' title='bbox 849 2320 1150 2374; x_wconf 77' lang='lat' dir='ltr'><strong>distinctius</strong></span> <span class='ocrx_word' id='word_1_368' title='bbox 1195 2317 1458 2369; x_wconf 87' lang='lat' dir='ltr'><strong>recensuit</strong></span> <span class='ocrx_word' id='word_1_369' title='bbox 1486 2330 1604 2368; x_wconf 87' lang='lat' dir='ltr'><strong>eum</strong></span> <span class='ocrx_word' id='word_1_370' title='bbox 1638 2313 1741 2366; x_wconf 84' lang='lat' dir='ltr'><strong>cel.</strong></span> <span class='ocrx_word' id='word_1_371' title='bbox 1770 2311 1989 2375; x_wconf 80' lang='lat' dir='ltr'><strong>Morelli,</strong></span> <span class='ocrx_word' id='word_1_372' title='bbox 2025 2311 2077 2365; x_wconf 90' lang='lat' dir='ltr'><strong>in</strong></span> <span class='ocrx_word' id='word_1_373' title='bbox 2111 2310 2239 2366; x_wconf 84' lang='lat' dir='ltr'><strong>bibl.</strong></span> <span class='ocrx_word' id='word_1_374' title='bbox 2270 2326 2395 2366; x_wconf 89' lang='lat' dir='ltr'><strong>mss.</strong></span> <span class='ocrx_word' id='word_1_375' title='bbox 2429 2309 2521 2363; x_wconf 89' lang='lat' dir='ltr'><strong>Gr.</strong></span> <span class='ocrx_word' id='word_1_376' title='bbox 2554 2321 2606 2364; x_wconf 89' lang='lat' dir='ltr'><strong>et</strong></span> <span class='ocrx_word' id='word_1_377' title='bbox 2647 2309 2760 2363; x_wconf 86' lang='lat' dir='ltr'><strong>Lat.</strong></span> <span class='ocrx_word' id='word_1_378' title='bbox 2796 2313 2838 2374; x_wconf 94' lang='grc'><strong>1,</strong></span> <span class='ocrx_word' id='word_1_379' title='bbox 2887 2327 3005 2380; x_wconf 89' lang='lat' dir='ltr'><strong>pag.</strong></span> <span class='ocrx_word' id='word_1_380' title='bbox 3037 2313 3127 2377; x_wconf 87' lang='lat'><strong>97,</strong></span> <span class='ocrx_word' id='word_1_381' title='bbox 3161 2328 3350 2381; x_wconf 88' lang='lat' dir='ltr'><strong>nempe</strong></span> <span class='ocrx_word' id='word_1_382' title='bbox 3380 2314 3561 2367; x_wconf 80' lang='lat' dir='ltr'><strong>insunt</strong></span> <span class='ocrx_word' id='word_1_383' title='bbox 3594 2330 3608 2366; x_wconf 89' lang='lat'><strong>:</strong></span> <span class='ocrx_word' id='word_1_384' title='bbox 3647 2315 3700 2366; x_wconf 89' lang='lat'><strong>1°</strong></span> <span class='ocrx_word' id='word_1_385' title='bbox 3741 2314 3993 2367; x_wconf 83' lang='lat' dir='ltr'><strong>Constitu-</strong></span> 
     </span>
    </p>
   </div>
   <div class='ocr_carea' id='block_1_24' title="bbox 851 2392 3993 2474">
    <p class='ocr_par' dir='ltr' id='par_1_24' title="bbox 851 2392 3993 2474">
     <span class='ocr_line' id='line_1_24' title="bbox 851 2392 3993 2474; baseline -0.002 -16"><span class='ocrx_word' id='word_1_386' title='bbox 851 2408 1039 2467; x_wconf 87' lang='lat' dir='ltr'><strong>tiones,</strong></span> <span class='ocrx_word' id='word_1_387' title='bbox 1067 2419 1130 2457; x_wconf 88' lang='lat' dir='ltr'><strong>ex</strong></span> <span class='ocrx_word' id='word_1_388' title='bbox 1161 2405 1226 2456; x_wconf 88' lang='lat' dir='ltr'><strong>iis</strong></span> <span class='ocrx_word' id='word_1_389' title='bbox 1258 2404 1486 2464; x_wconf 73' lang='lat' dir='ltr'><strong>selectae,</strong></span> <span class='ocrx_word' id='word_1_390' title='bbox 1522 2415 1657 2466; x_wconf 86' lang='lat' dir='ltr'><strong>quas</strong></span> <span class='ocrx_word' id='word_1_391' title='bbox 1691 2408 1812 2466; x_wconf 87' lang='lat' dir='ltr'><strong>post</strong></span> <span class='ocrx_word' id='word_1_392' title='bbox 1840 2392 2172 2451; x_wconf 85' lang='lat' dir='ltr'><strong>Novellarum</strong></span> <span class='ocrx_word' id='word_1_393' title='bbox 2201 2398 2436 2452; x_wconf 85' lang='lat' dir='ltr'><strong>codicem</strong></span> <span class='ocrx_word' id='word_1_394' title='bbox 2459 2395 2795 2474; x_wconf 36' lang='lat' dir='ltr'><strong>J’ustinianus</strong></span> <span class='ocrx_word' id='word_1_395' title='bbox 2827 2397 3008 2461; x_wconf 83' lang='lat' dir='ltr'><strong>edidit,</strong></span> <span class='ocrx_word' id='word_1_396' title='bbox 3039 2393 3138 2450; x_wconf 84' lang='lat' dir='ltr'><strong>sub</strong></span> <span class='ocrx_word' id='word_1_397' title='bbox 3175 2413 3323 2466; x_wconf 90' lang='lat' dir='ltr'><strong>capp.</strong></span> <span class='ocrx_word' id='word_1_398' title='bbox 3348 2398 3438 2461; x_wconf 84' lang='lat'><strong>87,</strong></span> <span class='ocrx_word' id='word_1_399' title='bbox 3473 2400 3706 2469; x_wconf 83' lang='lat' dir='ltr'><strong>syllogeh</strong></span> <span class='ocrx_word' id='word_1_400' title='bbox 3733 2441 3746 2463; x_wconf 92' lang='lat'><strong>,</strong></span> <span class='ocrx_word' id='word_1_401' title='bbox 3783 2417 3812 2452; x_wconf 87' lang='lat' dir='ltr'><strong>a</strong></span> <span class='ocrx_word' id='word_1_402' title='bbox 3845 2400 3993 2454; x_wconf 84' lang='lat' dir='ltr'><strong>Theo-</strong></span> 
     </span>
    </p>
   </div>
   <div class='ocr_carea' id='block_1_25' title="bbox 848 2481 3993 2555">
    <p class='ocr_par' dir='ltr' id='par_1_25' title="bbox 848 2481 3993 2555">
     <span class='ocr_line' id='line_1_25' title="bbox 848 2481 3993 2555; baseline -0.002 -13"><span class='ocrx_word' id='word_1_403' title='bbox 848 2495 975 2544; x_wconf 84' lang='lat' dir='ltr'><strong>doro</strong></span> <span class='ocrx_word' id='word_1_404' title='bbox 1009 2489 1232 2541; x_wconf 73' lang='lat' dir='ltr'><strong>Balsam.</strong></span> <span class='ocrx_word' id='word_1_405' title='bbox 1265 2489 1598 2548; x_wconf 86' lang='lat' dir='ltr'><strong>adornatam,</strong></span> <span class='ocrx_word' id='word_1_406' title='bbox 1635 2483 1886 2548; x_wconf 83' lang='lat' dir='ltr'><strong>clhciunt,</strong></span> <span class='ocrx_word' id='word_1_407' title='bbox 1915 2483 2120 2551; x_wconf 83' lang='lat' dir='ltr'><strong>qualem</strong></span> <span class='ocrx_word' id='word_1_408' title='bbox 2152 2485 2366 2538; x_wconf 80' lang='lat' dir='ltr'><strong>exhibet</strong></span> <span class='ocrx_word' id='word_1_409' title='bbox 2397 2483 2514 2537; x_wconf 89' lang='lat' dir='ltr'><strong>cod.</strong></span> <span class='ocrx_word' id='word_1_410' title='bbox 2549 2481 2920 2546; x_wconf 83' lang='lat' dir='ltr'><strong>Tattrincnsis,</strong></span> <span class='ocrx_word' id='word_1_411' title='bbox 2952 2492 3004 2535; x_wconf 90' lang='lat' dir='ltr'><strong>et</strong></span> <span class='ocrx_word' id='word_1_412' title='bbox 3035 2498 3151 2549; x_wconf 68' lang='lat' dir='ltr'><strong>qua:</strong></span> <span class='ocrx_word' id='word_1_413' title='bbox 3183 2484 3378 2555; x_wconf 83' lang='lat' dir='ltr'><strong>sylloge</strong></span> <span class='ocrx_word' id='word_1_414' title='bbox 3408 2498 3437 2535; x_wconf 88' lang='lat' dir='ltr'><strong>a</strong></span> <span class='ocrx_word' id='word_1_415' title='bbox 3477 2484 3762 2542; x_wconf 88' lang='lat' dir='ltr'><strong>Lambecio</strong></span> <span class='ocrx_word' id='word_1_416' title='bbox 3803 2488 3855 2539; x_wconf 91' lang='lat' dir='ltr'><strong>in</strong></span> <span class='ocrx_word' id='word_1_417' title='bbox 3896 2489 3993 2538; x_wconf 68' lang='lat' dir='ltr'><strong>coll.</strong></span> 
     </span>
    </p>
   </div>
   <div class='ocr_carea' id='block_1_26' title="bbox 848 2567 3983 2637">
    <p class='ocr_par' dir='ltr' id='par_1_26' title="bbox 848 2567 3983 2637">
     <span class='ocr_line' id='line_1_26' title="bbox 848 2567 3983 2637; baseline -0.002 -9"><span class='ocrx_word' id='word_1_418' title='bbox 848 2576 1143 2630; x_wconf 73' lang='lat' dir='ltr'><strong>Vindobon.</strong></span> <span class='ocrx_word' id='word_1_419' title='bbox 1175 2587 1394 2625; x_wconf 88' lang='lat' dir='ltr'><strong>memor.</strong></span> <span class='ocrx_word' id='word_1_420' title='bbox 1428 2586 1522 2637; x_wconf 92' lang='lat' dir='ltr'><strong>pro</strong></span> <span class='ocrx_word' id='word_1_421' title='bbox 1553 2569 1793 2637; x_wconf 86' lang='lat' dir='ltr'><strong>sequenti</strong></span> <span class='ocrx_word' id='word_1_422' title='bbox 1830 2568 2154 2623; x_wconf 80' lang='lat' dir='ltr'><strong>Balsamonis</strong></span> <span class='ocrx_word' id='word_1_423' title='bbox 2179 2585 2336 2637; x_wconf 83' lang='lat' dir='ltr'><strong>Opere</strong></span> <span class='ocrx_word' id='word_1_424' title='bbox 2364 2584 2640 2637; x_wconf 81' lang='lat' dir='ltr'><strong>perperam</strong></span> <span class='ocrx_word' id='word_1_425' title='bbox 2674 2567 2851 2623; x_wconf 75' lang='lat' dir='ltr'><strong>habita</strong></span> <span class='ocrx_word' id='word_1_426' title='bbox 2887 2577 2986 2622; x_wconf 89' lang='lat' dir='ltr'><strong>est.</strong></span> <span class='ocrx_word' id='word_1_427' title='bbox 3036 2567 3224 2621; x_wconf 78' lang='lat' dir='ltr'><strong>Exstat</strong></span> <span class='ocrx_word' id='word_1_428' title='bbox 3267 2583 3474 2637; x_wconf 89' lang='lat' dir='ltr'><strong>quoque</strong></span> <span class='ocrx_word' id='word_1_429' title='bbox 3525 2570 3578 2622; x_wconf 93' lang='lat' dir='ltr'><strong>in</strong></span> <span class='ocrx_word' id='word_1_430' title='bbox 3622 2572 3739 2624; x_wconf 85' lang='lat' dir='ltr'><strong>cod.</strong></span> <span class='ocrx_word' id='word_1_431' title='bbox 3790 2571 3983 2624; x_wconf 82' lang='lat' dir='ltr'><strong>Coislin</strong></span> 
     </span>
    </p>
   </div>
   <div class='ocr_carea' id='block_1_27' title="bbox 848 2653 3993 2730">
    <p class='ocr_par' dir='ltr' id='par_1_27' title="bbox 848 2653 3993 2730">
     <span class='ocr_line' id='line_1_27' title="bbox 848 2653 3993 2730; baseline -0.002 -16"><span class='ocrx_word' id='word_1_432' title='bbox 848 2677 964 2730; x_wconf 85' lang='lat' dir='ltr'><strong>pag.</strong></span> <span class='ocrx_word' id='word_1_433' title='bbox 994 2661 1077 2722; x_wconf 85' lang='lat'><strong>87,</strong></span> <span class='ocrx_word' id='word_1_434' title='bbox 1112 2658 1245 2712; x_wconf 86' lang='lat' dir='ltr'><strong>Bibl.</strong></span> <span class='ocrx_word' id='word_1_435' title='bbox 1273 2655 1627 2718; x_wconf 68' lang='lat' dir='ltr'><strong>Coislinianas.</strong></span> <span class='ocrx_word' id='word_1_436' title='bbox 1681 2655 1738 2706; x_wconf 82' lang='lat'><strong>2°</strong></span> <span class='ocrx_word' id='word_1_437' title='bbox 1768 2653 1907 2708; x_wconf 75' lang='lat' dir='ltr'><strong>XXV</strong></span> <span class='ocrx_word' id='word_1_438' title='bbox 1937 2655 2348 2709; x_wconf 75' lang='lat' dir='ltr'><strong>Constitutioues</strong></span> <span class='ocrx_word' id='word_1_439' title='bbox 2377 2657 2551 2724; x_wconf 87' lang='lat' dir='ltr'><strong>legum</strong></span> <span class='ocrx_word' id='word_1_440' title='bbox 2582 2655 2818 2706; x_wconf 86' lang='lat' dir='ltr'><strong>civilium</strong></span> <span class='ocrx_word' id='word_1_441' title='bbox 2847 2671 2910 2707; x_wconf 87' lang='lat' dir='ltr'><strong>ex</strong></span> <span class='ocrx_word' id='word_1_442' title='bbox 2943 2653 3176 2707; x_wconf 77' lang='lat' dir='ltr'><strong>Novellis</strong></span> <span class='ocrx_word' id='word_1_443' title='bbox 3204 2655 3486 2709; x_wconf 75' lang='lat' dir='ltr'><strong>Justiniani</strong></span> <span class='ocrx_word' id='word_1_444' title='bbox 3509 2693 3523 2718; x_wconf 92' lang='lat'><strong>,</strong></span> <span class='ocrx_word' id='word_1_445' title='bbox 3556 2665 3612 2707; x_wconf 93' lang='lat' dir='ltr'><strong>ut</strong></span> <span class='ocrx_word' id='word_1_446' title='bbox 3641 2658 3691 2709; x_wconf 91' lang='lat' dir='ltr'><strong>in</strong></span> <span class='ocrx_word' id='word_1_447' title='bbox 3716 2659 3838 2710; x_wconf 92' lang='lat' dir='ltr'><strong>cod.</strong></span> <span class='ocrx_word' id='word_1_448' title='bbox 3871 2656 3993 2708; x_wconf 84' lang='lat' dir='ltr'><strong>Tau-</strong></span> 
     </span>
    </p>
   </div>
   <div class='ocr_carea' id='block_1_28' title="bbox 849 2737 3993 2812">
    <p class='ocr_par' dir='ltr' id='par_1_28' title="bbox 849 2737 3993 2812">
     <span class='ocr_line' id='line_1_28' title="bbox 849 2737 3993 2812; baseline -0.001 -13"><span class='ocrx_word' id='word_1_449' title='bbox 849 2749 947 2799; x_wconf 85' lang='lat' dir='ltr'><strong>rin.</strong></span> <span class='ocrx_word' id='word_1_450' title='bbox 984 2761 1035 2812; x_wconf 88' lang='lat' dir='ltr'><strong>p.</strong></span> <span class='ocrx_word' id='word_1_451' title='bbox 1073 2743 1190 2796; x_wconf 70' lang='grc'><strong>101.</strong></span> <span class='ocrx_word' id='word_1_452' title='bbox 1223 2744 1378 2795; x_wconf 91' lang='lat' dir='ltr'><strong>catal.</strong></span> <span class='ocrx_word' id='word_1_453' title='bbox 1412 2749 1465 2791; x_wconf 90' lang='lat' dir='ltr'><strong>et</strong></span> <span class='ocrx_word' id='word_1_454' title='bbox 1495 2739 1749 2791; x_wconf 89' lang='lat' dir='ltr'><strong>Laurent.</strong></span> <span class='ocrx_word' id='word_1_455' title='bbox 1779 2754 1864 2805; x_wconf 91' lang='lat' dir='ltr'><strong>ap.</strong></span> <span class='ocrx_word' id='word_1_456' title='bbox 1896 2737 2115 2792; x_wconf 84' lang='lat' dir='ltr'><strong>Bandin.</strong></span> <span class='ocrx_word' id='word_1_457' title='bbox 2153 2739 2192 2802; x_wconf 90' lang='grc' dir='ltr'><strong>Ι,</strong></span> <span class='ocrx_word' id='word_1_458' title='bbox 2222 2754 2275 2806; x_wconf 91' lang='lat' dir='ltr'><strong>p.</strong></span> <span class='ocrx_word' id='word_1_459' title='bbox 2307 2738 2428 2803; x_wconf 76' lang='grc'>478,</span> <span class='ocrx_word' id='word_1_460' title='bbox 2465 2756 2520 2792; x_wconf 91' lang='lat' dir='ltr'><strong>n.</strong></span> <span class='ocrx_word' id='word_1_461' title='bbox 2556 2739 2711 2804; x_wconf 81' lang='lat'><strong>7-25)</strong></span> <span class='ocrx_word' id='word_1_462' title='bbox 2743 2742 2858 2792; x_wconf 71' lang='lat' dir='ltr'><strong>dua:</strong></span> <span class='ocrx_word' id='word_1_463' title='bbox 2891 2740 3226 2794; x_wconf 71' lang='lat' dir='ltr'><strong>collectione:</strong></span> <span class='ocrx_word' id='word_1_464' title='bbox 3272 2757 3390 2793; x_wconf 88' lang='lat' dir='ltr'><strong>cum</strong></span> <span class='ocrx_word' id='word_1_465' title='bbox 3443 2743 3612 2795; x_wconf 86' lang='lat' dir='ltr'><strong>titulis</strong></span> <span class='ocrx_word' id='word_1_466' title='bbox 3663 2745 3860 2808; x_wconf 85' lang='lat' dir='ltr'><strong>tribus,</strong></span> <span class='ocrx_word' id='word_1_467' title='bbox 3896 2758 3993 2811; x_wconf 74' lang='lat' dir='ltr'><strong>tht</strong></span> 
     </span>
    </p>
   </div>
   <div class='ocr_carea' id='block_1_29' title="bbox 849 2821 3993 2897">
    <p class='ocr_par' dir='ltr' id='par_1_29' title="bbox 849 2821 3993 2897">
     <span class='ocr_line' id='line_1_29' title="bbox 849 2821 3993 2897; baseline -0.001 -13"><span class='ocrx_word' id='word_1_468' title='bbox 849 2833 1119 2884; x_wconf 86' lang='lat' dir='ltr'><strong>continent</strong></span> <span class='ocrx_word' id='word_1_469' title='bbox 1147 2827 1474 2879; x_wconf 80' lang='lat' dir='ltr'><strong>Balsamonis</strong></span> <span class='ocrx_word' id='word_1_470' title='bbox 1517 2823 1890 2876; x_wconf 82' lang='lat' dir='ltr'><strong>Collectionem</strong></span> <span class='ocrx_word' id='word_1_471' title='bbox 1919 2821 2222 2875; x_wconf 86' lang='lat' dir='ltr'><strong>Constitutt.</strong></span> <span class='ocrx_word' id='word_1_472' title='bbox 2253 2824 2754 2888; x_wconf 86' lang='lat' dir='ltr'><strong>ecclesiasticarum,</strong></span> <span class='ocrx_word' id='word_1_473' title='bbox 2780 2827 2948 2879; x_wconf 88' lang='lat' dir='ltr'><strong>tribus</strong></span> <span class='ocrx_word' id='word_1_474' title='bbox 2972 2827 3118 2893; x_wconf 86' lang='lat' dir='ltr'><strong>libris</strong></span> <span class='ocrx_word' id='word_1_475' title='bbox 3151 2827 3478 2891; x_wconf 86' lang='lat' dir='ltr'><strong>distinctam,</strong></span> <span class='ocrx_word' id='word_1_476' title='bbox 3513 2831 3727 2897; x_wconf 88' lang='lat' dir='ltr'><strong>qualem</strong></span> <span class='ocrx_word' id='word_1_477' title='bbox 3758 2831 3888 2883; x_wconf 90' lang='lat' dir='ltr'><strong>bibl.</strong></span> <span class='ocrx_word' id='word_1_478' title='bbox 3918 2830 3993 2882; x_wconf 30' lang='lat' dir='ltr'><strong>Jul</strong></span> 
     </span>
    </p>
   </div>
   <div class='ocr_carea' id='block_1_30' title="bbox 851 2908 3993 2982">
    <p class='ocr_par' dir='ltr' id='par_1_30' title="bbox 851 2908 3993 2982">
     <span class='ocr_line' id='line_1_30' title="bbox 851 2908 3993 2982; baseline -0.002 -11"><span class='ocrx_word' id='word_1_479' title='bbox 851 2918 984 2971; x_wconf 81' lang='lat' dir='ltr'><strong>stclli</strong></span> <span class='ocrx_word' id='word_1_480' title='bbox 1014 2913 1396 2982; x_wconf 85' lang='lat' dir='ltr'><strong>complectitur.</strong></span> <span class='ocrx_word' id='word_1_481' title='bbox 1427 2938 1498 2948; x_wconf 87' lang='lat'><strong>--</strong></span> <span class='ocrx_word' id='word_1_482' title='bbox 1524 2910 1693 2962; x_wconf 83' lang='lat' dir='ltr'><strong>Paris.</strong></span> <span class='ocrx_word' id='word_1_483' title='bbox 1729 2910 1780 2960; x_wconf 90' lang='lat' dir='ltr'><strong>in</strong></span> <span class='ocrx_word' id='word_1_484' title='bbox 1812 2910 1928 2961; x_wconf 86' lang='lat' dir='ltr'><strong>cod.</strong></span> <span class='ocrx_word' id='word_1_485' title='bbox 1962 2908 2113 2970; x_wconf 80' lang='lat'><strong>1555,</strong></span> <span class='ocrx_word' id='word_1_486' title='bbox 2149 2919 2313 2976; x_wconf 85' lang='lat' dir='ltr'><strong>atque</strong></span> <span class='ocrx_word' id='word_1_487' title='bbox 2342 2925 2458 2978; x_wconf 89' lang='lat' dir='ltr'><strong>cap.</strong></span> <span class='ocrx_word' id='word_1_488' title='bbox 2494 2911 2552 2964; x_wconf 93' lang='grc'><strong>11</strong></span> <span class='ocrx_word' id='word_1_489' title='bbox 2588 2922 2638 2965; x_wconf 91' lang='lat' dir='ltr'><strong>et</strong></span> <span class='ocrx_word' id='word_1_490' title='bbox 2673 2912 2737 2963; x_wconf 91' lang='lat'><strong>12</strong></span> <span class='ocrx_word' id='word_1_491' title='bbox 2769 2912 2821 2964; x_wconf 92' lang='lat' dir='ltr'><strong>in</strong></span> <span class='ocrx_word' id='word_1_492' title='bbox 2869 2911 2987 2964; x_wconf 87' lang='lat' dir='ltr'><strong>cod.</strong></span> <span class='ocrx_word' id='word_1_493' title='bbox 3033 2911 3187 2975; x_wconf 75' lang='grc'><strong>1552,</strong></span> <span class='ocrx_word' id='word_1_494' title='bbox 3227 2927 3280 2964; x_wconf 94' lang='lat' dir='ltr'><strong>n.</strong></span> <span class='ocrx_word' id='word_1_495' title='bbox 3331 2913 3420 2976; x_wconf 86' lang='lat'><strong>51,</strong></span> <span class='ocrx_word' id='word_1_496' title='bbox 3473 2915 3600 2967; x_wconf 88' lang='lat' dir='ltr'><strong>bibl.</strong></span> <span class='ocrx_word' id='word_1_497' title='bbox 3646 2916 3794 2982; x_wconf 89' lang='lat' dir='ltr'><strong>publ.</strong></span> <span class='ocrx_word' id='word_1_498' title='bbox 3854 2917 3993 2967; x_wconf 75' lang='lat' dir='ltr'><strong>Conl</strong></span> 
     </span>
    </p>
   </div>
   <div class='ocr_carea' id='block_1_31' title="bbox 850 2991 3988 3067">
    <p class='ocr_par' dir='ltr' id='par_1_31' title="bbox 850 2991 3988 3067">
     <span class='ocr_line' id='line_1_31' title="bbox 850 2991 3988 3067; baseline -0.001 -11"><span class='ocrx_word' id='word_1_499' title='bbox 850 3005 1006 3056; x_wconf 84' lang='lat' dir='ltr'><strong>etiam</strong></span> <span class='ocrx_word' id='word_1_500' title='bbox 1045 3001 1102 3053; x_wconf 90' lang='lat' dir='ltr'><strong>D.</strong></span> <span class='ocrx_word' id='word_1_501' title='bbox 1131 3001 1282 3064; x_wconf 73' lang='lat' dir='ltr'><strong>tiasp.</strong></span> <span class='ocrx_word' id='word_1_502' title='bbox 1319 2997 1506 3049; x_wconf 82' lang='lat' dir='ltr'><strong>Achal.</strong></span> <span class='ocrx_word' id='word_1_503' title='bbox 1537 2994 1696 3058; x_wconf 77' lang='lat' dir='ltr'><strong>Beck,</strong></span> <span class='ocrx_word' id='word_1_504' title='bbox 1731 2995 1802 3048; x_wconf 87' lang='lat' dir='ltr'><strong>De</strong></span> <span class='ocrx_word' id='word_1_505' title='bbox 1832 2991 2060 3047; x_wconf 77' lang='lat' dir='ltr'><strong>Novellis</strong></span> <span class='ocrx_word' id='word_1_506' title='bbox 2087 2993 2274 3048; x_wconf 88' lang='lat' dir='ltr'><strong>Leonis</strong></span> <span class='ocrx_word' id='word_1_507' title='bbox 2300 2995 2458 3063; x_wconf 84' lang='lat' dir='ltr'><strong>Aug.,</strong></span> <span class='ocrx_word' id='word_1_508' title='bbox 2494 3007 2596 3051; x_wconf 91' lang='lat' dir='ltr'><strong>etc.</strong></span> <span class='ocrx_word' id='word_1_509' title='bbox 2635 3000 2721 3051; x_wconf 89' lang='lat' dir='ltr'><strong>ed.</strong></span> <span class='ocrx_word' id='word_1_510' title='bbox 2768 2999 2830 3051; x_wconf 89' lang='lat' dir='ltr'><strong>D.</strong></span> <span class='ocrx_word' id='word_1_511' title='bbox 2879 2997 3002 3052; x_wconf 83' lang='lat' dir='ltr'><strong>Car.</strong></span> <span class='ocrx_word' id='word_1_512' title='bbox 3054 2997 3196 3053; x_wconf 80' lang='lat' dir='ltr'><strong>Frid.</strong></span> <span class='ocrx_word' id='word_1_513' title='bbox 3226 2998 3511 3067; x_wconf 68' lang='lat' dir='ltr'><strong>Zepernick</strong></span> <span class='ocrx_word' id='word_1_514' title='bbox 3538 3039 3552 3065; x_wconf 94' lang='lat'><strong>,</strong></span> <span class='ocrx_word' id='word_1_515' title='bbox 3593 3001 3734 3056; x_wconf 78' lang='lat' dir='ltr'><strong>llala:</strong></span> <span class='ocrx_word' id='word_1_516' title='bbox 3769 3003 3931 3066; x_wconf 87' lang='lat'><strong>1779,</strong></span> <span class='ocrx_word' id='word_1_517' title='bbox 3961 3005 3988 3053; x_wconf 85' lang='lat'><strong>8</strong></span> 
     </span>
    </p>
   </div>
   <div class='ocr_carea' id='block_1_32' title="bbox 851 3078 2496 3158">
    <p class='ocr_par' dir='ltr' id='par_1_32' title="bbox 851 3078 2496 3158">
     <span class='ocr_line' id='line_1_32' title="bbox 851 3078 2496 3158; baseline -0.004 -17"><span class='ocrx_word' id='word_1_518' title='bbox 851 3107 902 3158; x_wconf 89' lang='lat' dir='ltr'><strong>p.</strong></span> <span class='ocrx_word' id='word_1_519' title='bbox 927 3089 1021 3152; x_wconf 79' lang='lat'><strong>27;</strong></span> <span class='ocrx_word' id='word_1_520' title='bbox 1055 3087 1228 3151; x_wconf 86' lang='lat' dir='ltr'><strong>ibique</strong></span> <span class='ocrx_word' id='word_1_521' title='bbox 1259 3093 1368 3136; x_wconf 91' lang='lat' dir='ltr'><strong>not.</strong></span> <span class='ocrx_word' id='word_1_522' title='bbox 1397 3079 1752 3149; x_wconf 80' lang='lat' dir='ltr'><strong>Zepernickii,</strong></span> <span class='ocrx_word' id='word_1_523' title='bbox 1783 3089 1835 3131; x_wconf 90' lang='lat' dir='ltr'><strong>et</strong></span> <span class='ocrx_word' id='word_1_524' title='bbox 1867 3080 2083 3147; x_wconf 76' lang='lat' dir='ltr'><strong>huncp.</strong></span> <span class='ocrx_word' id='word_1_525' title='bbox 2116 3078 2496 3152; x_wconf 71' lang='lat' dir='ltr'><strong>562.‘(Hitttt..)</strong></span> 
     </span>
    </p>
   </div>
   <div class='ocr_carea' id='block_1_33' title="bbox 919 3165 3991 3238">
    <p class='ocr_par' dir='ltr' id='par_1_33' title="bbox 919 3165 3991 3238">
     <span class='ocr_line' id='line_1_33' title="bbox 919 3165 3991 3238; baseline -0 -13"><span class='ocrx_word' id='word_1_526' title='bbox 919 3174 1000 3226; x_wconf 93' lang='grc'><strong>111.</strong></span> <span class='ocrx_word' id='word_1_527' title='bbox 1045 3175 1310 3237; x_wconf 79' lang='lat' dir='ltr'><strong>Ilesponsa</strong></span> <span class='ocrx_word' id='word_1_528' title='bbox 1343 3168 1485 3219; x_wconf 78' lang='lat' dir='ltr'><strong>varia</strong></span> <span class='ocrx_word' id='word_1_529' title='bbox 1514 3176 1566 3218; x_wconf 89' lang='lat' dir='ltr'><strong>et</strong></span> <span class='ocrx_word' id='word_1_530' title='bbox 1593 3165 1931 3232; x_wconf 86' lang='lat' dir='ltr'><strong>imperatoria</strong></span> <span class='ocrx_word' id='word_1_531' title='bbox 1961 3165 2130 3223; x_wconf 86' lang='lat' dir='ltr'><strong>edicta</strong></span> <span class='ocrx_word' id='word_1_532' title='bbox 2158 3181 2348 3221; x_wconf 86' lang='lat' dir='ltr'><strong>causas</strong></span> <span class='ocrx_word' id='word_1_533' title='bbox 2372 3169 2765 3224; x_wconf 86' lang='lat' dir='ltr'><strong>ecclesiasticas</strong></span> <span class='ocrx_word' id='word_1_534' title='bbox 2793 3168 3105 3236; x_wconf 85' lang='lat' dir='ltr'><strong>spectantia,</strong></span> <span class='ocrx_word' id='word_1_535' title='bbox 3132 3183 3247 3238; x_wconf 67' lang='lat' dir='ltr'><strong>quae</strong></span> <span class='ocrx_word' id='word_1_536' title='bbox 3276 3179 3486 3224; x_wconf 86' lang='lat' dir='ltr'><strong>exstant</strong></span> <span class='ocrx_word' id='word_1_537' title='bbox 3513 3172 3564 3224; x_wconf 91' lang='lat' dir='ltr'><strong>in</strong></span> <span class='ocrx_word' id='word_1_538' title='bbox 3598 3171 3732 3225; x_wconf 90' lang='lat' dir='ltr'><strong>libro</strong></span> <span class='ocrx_word' id='word_1_539' title='bbox 3761 3173 3991 3226; x_wconf 77' lang='lat' dir='ltr'><strong>secundc</strong></span> 
     </span>
    </p>
   </div>
   <div class='ocr_carea' id='block_1_34' title="bbox 849 3252 3986 3321">
    <p class='ocr_par' dir='ltr' id='par_1_34' title="bbox 849 3252 3986 3321">
     <span class='ocr_line' id='line_1_34' title="bbox 849 3252 3986 3321; baseline -0.002 -5"><span class='ocrx_word' id='word_1_540' title='bbox 849 3263 990 3316; x_wconf 82' lang='lat' dir='ltr'><strong>Juris</strong></span> <span class='ocrx_word' id='word_1_541' title='bbox 1021 3255 1458 3314; x_wconf 71' lang='lat' dir='ltr'><strong>Grreco-Bomani</strong></span> <span class='ocrx_word' id='word_1_542' title='bbox 1510 3268 1538 3306; x_wconf 89' lang='lat' dir='ltr'><strong>a</strong></span> <span class='ocrx_word' id='word_1_543' title='bbox 1582 3252 1784 3321; x_wconf 73' lang='lat' dir='ltr'><strong>Marqu.</strong></span> <span class='ocrx_word' id='word_1_544' title='bbox 1819 3252 2049 3307; x_wconf 78' lang='lat' dir='ltr'><strong>Frchero</strong></span> <span class='ocrx_word' id='word_1_545' title='bbox 2095 3252 2279 3309; x_wconf 79' lang='lat' dir='ltr'><strong>Graece</strong></span> <span class='ocrx_word' id='word_1_546' title='bbox 2322 3265 2374 3310; x_wconf 90' lang='lat' dir='ltr'><strong>et</strong></span> <span class='ocrx_word' id='word_1_547' title='bbox 2408 3255 2518 3308; x_wconf 87' lang='lat' dir='ltr'><strong>Lat.</strong></span> <span class='ocrx_word' id='word_1_548' title='bbox 2555 3254 2679 3309; x_wconf 89' lang='lat' dir='ltr'><strong>editi</strong></span> <span class='ocrx_word' id='word_1_549' title='bbox 2734 3252 2979 3306; x_wconf 73' lang='lat' dir='ltr'><strong>Francol‘.</strong></span> <span class='ocrx_word' id='word_1_550' title='bbox 3011 3254 3168 3318; x_wconf 83' lang='lat'><strong>1596,</strong></span> <span class='ocrx_word' id='word_1_551' title='bbox 3211 3256 3300 3309; x_wconf 89' lang='lat' dir='ltr'><strong>ubi</strong></span> <span class='ocrx_word' id='word_1_552' title='bbox 3333 3256 3660 3312; x_wconf 80' lang='lat' dir='ltr'><strong>Balsamonis</strong></span> <span class='ocrx_word' id='word_1_553' title='bbox 3688 3273 3884 3311; x_wconf 87' lang='lat' dir='ltr'><strong>nomen</strong></span> <span class='ocrx_word' id='word_1_554' title='bbox 3922 3274 3986 3311; x_wconf 86' lang='lat' dir='ltr'><strong>oc</strong></span> 
     </span>
    </p>
   </div>
   <div class='ocr_carea' id='block_1_35' title="bbox 851 3347 1064 3402">
    <p class='ocr_par' dir='ltr' id='par_1_35' title="bbox 851 3347 1064 3402">
     <span class='ocr_line' id='line_1_35' title="bbox 851 3347 1064 3402; baseline -0.019 -1"><span class='ocrx_word' id='word_1_555' title='bbox 851 3347 1018 3402; x_wconf 83' lang='lat' dir='ltr'><strong>currit</strong></span> <span class='ocrx_word' id='word_1_556' title='bbox 1051 3359 1064 3397; x_wconf 73' lang='grc' dir='ltr'><strong>τ</strong></span> 
     </span>
    </p>
   </div>
   <div class='ocr_carea' id='block_1_36' title="bbox 922 3424 2513 3501">
    <p class='ocr_par' dir='ltr' id='par_1_36' title="bbox 922 3424 2505 3501">
     <span class='ocr_line' id='line_1_36' title="bbox 922 3424 2505 3501; baseline -0.005 -15"><span class='ocrx_word' id='word_1_557' title='bbox 922 3435 972 3487; x_wconf 89' lang='grc'><strong>1.</strong></span> <span class='ocrx_word' id='word_1_558' title='bbox 1005 3432 1137 3501; x_wconf 75' lang='grc' dir='ltr'>Περὶ</span> <span class='ocrx_word' id='word_1_559' title='bbox 1166 3429 1259 3484; x_wconf 79' lang='grc' dir='ltr'>τοῦ</span> <span class='ocrx_word' id='word_1_560' title='bbox 1288 3429 1568 3497; x_wconf 75' lang='grc' dir='ltr'><strong>ἐφειμένον</strong></span> <span class='ocrx_word' id='word_1_561' title='bbox 1597 3424 1732 3480; x_wconf 73' lang='grc' dir='ltr'>εἶναι</span> <span class='ocrx_word' id='word_1_562' title='bbox 1782 3426 1857 3494; x_wconf 81' lang='grc' dir='ltr'>τῷ</span> <span class='ocrx_word' id='word_1_563' title='bbox 1907 3426 2131 3496; x_wconf 80' lang='grc' dir='ltr'><strong>βασιλεῖ,</strong></span> <span class='ocrx_word' id='word_1_564' title='bbox 2163 3428 2382 3493; x_wconf 80' lang='grc' dir='ltr'>ἀνάγειν</span> <span class='ocrx_word' id='word_1_565' title='bbox 2411 3430 2505 3489; x_wconf 80' lang='grc' dir='ltr'>τὰς</span> 
     </span>
    </p>
   </div>
   <div class='ocr_carea' id='block_1_37' title="bbox 2396 3424 3987 3501">
    <p class='ocr_par' dir='ltr' id='par_1_37' title="bbox 2411 3427 3987 3496">
     <span class='ocr_line' id='line_1_37' title="bbox 2411 3427 3987 3496; baseline 0.001 -18"><span class='ocrx_word' id='word_1_566' title='bbox 2411 3430 2505 3489; x_wconf 80' lang='grc' dir='ltr'>τὰς</span> <span class='ocrx_word' id='word_1_567' title='bbox 2535 3427 2835 3487; x_wconf 71' lang='grc' dir='ltr'><strong>ὲπισκοπὰς</strong></span> <span class='ocrx_word' id='word_1_568' title='bbox 2868 3428 2945 3487; x_wconf 72' lang='grc' dir='ltr'><strong>εἰς</strong></span> <span class='ocrx_word' id='word_1_569' title='bbox 2981 3427 3333 3495; x_wconf 70' lang='grc' dir='ltr'><strong>μητροπόλεις</strong></span> <span class='ocrx_word' id='word_1_570' title='bbox 3367 3429 3455 3496; x_wconf 82' lang='lat' dir='ltr'><strong>(s).</strong></span> <span class='ocrx_word' id='word_1_571' title='bbox 3500 3427 3650 3492; x_wconf 78' lang='lat' dir='ltr'><strong>Quod</strong></span> <span class='ocrx_word' id='word_1_572' title='bbox 3696 3429 3987 3496; x_wconf 81' lang='lat' dir='ltr'><strong>imperator</strong></span> 
     </span>
    </p>
   </div>
   <div class='ocr_carea' id='block_1_38' title="bbox 851 3513 2506 3588">
    <p class='ocr_par' dir='ltr' id='par_1_38' title="bbox 851 3513 2506 3588">
     <span class='ocr_line' id='line_1_38' title="bbox 851 3513 2506 3588; baseline -0.002 -20"><span class='ocrx_word' id='word_1_573' title='bbox 851 3521 1150 3588; x_wconf 74' lang='lat' dir='ltr'><strong>permissum</strong></span> <span class='ocrx_word' id='word_1_574' title='bbox 1180 3517 1246 3569; x_wconf 89' lang='lat' dir='ltr'><strong>sit</strong></span> <span class='ocrx_word' id='word_1_575' title='bbox 1286 3517 1600 3583; x_wconf 80' lang='lat' dir='ltr'><strong>episcopatus</strong></span> <span class='ocrx_word' id='word_1_576' title='bbox 1633 3516 1686 3567; x_wconf 81' lang='lat' dir='ltr'><strong>in</strong></span> <span class='ocrx_word' id='word_1_577' title='bbox 1717 3513 2018 3578; x_wconf 79' lang='lat' dir='ltr'><strong>metropoles</strong></span> <span class='ocrx_word' id='word_1_578' title='bbox 2047 3514 2258 3579; x_wconf 79' lang='lat' dir='ltr'><strong>erigere,</strong></span> <span class='ocrx_word' id='word_1_579' title='bbox 2295 3529 2346 3579; x_wconf 90' lang='lat' dir='ltr'><strong>p.</strong></span> <span class='ocrx_word' id='word_1_580' title='bbox 2385 3513 2506 3565; x_wconf 88' lang='grc'><strong>150.</strong></span> 
     </span>
    </p>
   </div>
   <div class='ocr_carea' id='block_1_39' title="bbox 919 3597 2510 3672">
    <p class='ocr_par' dir='ltr' id='par_1_39' title="bbox 919 3599 2510 3672">
     <span class='ocr_line' id='line_1_39' title="bbox 919 3599 2510 3672; baseline -0.004 -15"><span class='ocrx_word' id='word_1_581' title='bbox 919 3606 974 3657; x_wconf 70' lang='grc'>2.</span> <span class='ocrx_word' id='word_1_582' title='bbox 1001 3603 1130 3672; x_wconf 75' lang='grc' dir='ltr'>Περὶ</span> <span class='ocrx_word' id='word_1_583' title='bbox 1157 3603 1331 3670; x_wconf 75' lang='grc' dir='ltr'>γάμου</span> <span class='ocrx_word' id='word_1_584' title='bbox 1369 3600 1513 3660; x_wconf 74' lang='grc' dir='ltr'>Θείας</span> <span class='ocrx_word' id='word_1_585' title='bbox 1546 3601 1637 3652; x_wconf 67' lang='grc' dir='ltr'>καὶ</span> <span class='ocrx_word' id='word_1_586' title='bbox 1667 3600 1888 3667; x_wconf 71' lang='grc' dir='ltr'><strong>ἀνεψιᾶς</strong></span> <span class='ocrx_word' id='word_1_587' title='bbox 1920 3600 2054 3667; x_wconf 76' lang='grc' dir='ltr'>μετὰ</span> <span class='ocrx_word' id='word_1_588' title='bbox 2082 3599 2225 3650; x_wconf 75' lang='grc' dir='ltr'>θείου</span> <span class='ocrx_word' id='word_1_589' title='bbox 2251 3599 2343 3649; x_wconf 74' lang='grc' dir='ltr'><strong>καὶ</strong></span> <span class='ocrx_word' id='word_1_590' title='bbox 2365 3599 2510 3667; x_wconf 69' lang='grc' dir='ltr'><strong>ἀνεψε</strong></span> 
     </span>
    </p>
   </div>
   <div class='ocr_carea' id='block_1_40' title="bbox 2392 3597 3983 3672">
    <p class='ocr_par' dir='ltr' id='par_1_40' title="bbox 2392 3597 3983 3669">
     <span class='ocr_line' id='line_1_40' title="bbox 2392 3597 3983 3669; baseline 0.001 -21"><span class='ocrx_word' id='word_1_591' title='bbox 2392 3597 2582 3667; x_wconf 69' lang='grc' dir='ltr'>ινεψιοῦ</span> <span class='ocrx_word' id='word_1_592' title='bbox 2612 3599 2674 3668; x_wconf 84' lang='grc'><strong>(1)</strong></span> <span class='ocrx_word' id='word_1_593' title='bbox 2722 3616 2735 3650; x_wconf 89' lang='lat'><strong><em>:</em></strong></span> <span class='ocrx_word' id='word_1_594' title='bbox 2793 3597 2865 3667; x_wconf 73' lang='lat' dir='ltr'><strong>De</strong></span> <span class='ocrx_word' id='word_1_595' title='bbox 2895 3599 3085 3663; x_wconf 71' lang='lat' dir='ltr'><strong>Nuptiis</strong></span> <span class='ocrx_word' id='word_1_596' title='bbox 3115 3600 3289 3651; x_wconf 66' lang='lat' dir='ltr'><strong>amitte</strong></span> <span class='ocrx_word' id='word_1_597' title='bbox 3315 3608 3360 3652; x_wconf 81' lang='lat' dir='ltr'><strong>et</strong></span> <span class='ocrx_word' id='word_1_598' title='bbox 3391 3599 3573 3663; x_wconf 75' lang='lat' dir='ltr'><strong>fratris</strong></span> <span class='ocrx_word' id='word_1_599' title='bbox 3618 3600 3743 3665; x_wconf 76' lang='lat' dir='ltr'><strong>ﬁlia:</strong></span> <span class='ocrx_word' id='word_1_600' title='bbox 3788 3600 3983 3669; x_wconf 81' lang='lat' dir='ltr'><strong>legitim</strong></span> 
     </span>
    </p>
   </div>
   <div class='ocr_carea' id='block_1_41' title="bbox 854 3683 3989 3756">
    <p class='ocr_par' dir='ltr' id='par_1_41' title="bbox 854 3683 3989 3756">
     <span class='ocr_line' id='line_1_41' title="bbox 854 3683 3989 3756; baseline -0.002 -14"><span class='ocrx_word' id='word_1_601' title='bbox 854 3707 967 3742; x_wconf 81' lang='lat' dir='ltr'><strong>eum</strong></span> <span class='ocrx_word' id='word_1_602' title='bbox 999 3689 1104 3756; x_wconf 68' lang='lat' dir='ltr'><strong>ﬁlio</strong></span> <span class='ocrx_word' id='word_1_603' title='bbox 1136 3688 1314 3755; x_wconf 79' lang='lat' dir='ltr'><strong>fratris</strong></span> <span class='ocrx_word' id='word_1_604' title='bbox 1353 3696 1397 3737; x_wconf 88' lang='lat' dir='ltr'><strong>et</strong></span> <span class='ocrx_word' id='word_1_605' title='bbox 1418 3699 1611 3756; x_wconf 73' lang='lat' dir='ltr'><strong>patruo</strong></span> <span class='ocrx_word' id='word_1_606' title='bbox 1649 3685 1908 3750; x_wconf 76' lang='lat' dir='ltr'><strong>ineundis,</strong></span> <span class='ocrx_word' id='word_1_607' title='bbox 1959 3699 2056 3752; x_wconf 84' lang='lat' dir='ltr'><strong>pag</strong></span> <span class='ocrx_word' id='word_1_608' title='bbox 2091 3684 2210 3738; x_wconf 77' lang='lat'><strong>158.</strong></span> <span class='ocrx_word' id='word_1_609' title='bbox 2240 3684 2418 3750; x_wconf 69' lang='lat' dir='ltr'><strong>(Fusa.</strong></span> <span class='ocrx_word' id='word_1_610' title='bbox 2455 3686 2651 3753; x_wconf 81' lang='lat' dir='ltr'><strong>(Conf.</strong></span> <span class='ocrx_word' id='word_1_611' title='bbox 2705 3687 2820 3740; x_wconf 88' lang='lat' dir='ltr'><strong>cod.</strong></span> <span class='ocrx_word' id='word_1_612' title='bbox 2871 3683 3095 3736; x_wconf 81' lang='lat' dir='ltr'><strong>Nanian.</strong></span> <span class='ocrx_word' id='word_1_613' title='bbox 3124 3685 3246 3749; x_wconf 72' lang='grc'>229,</span> <span class='ocrx_word' id='word_1_614' title='bbox 3287 3702 3337 3736; x_wconf 93' lang='lat' dir='ltr'><strong>n.</strong></span> <span class='ocrx_word' id='word_1_615' title='bbox 3371 3685 3419 3748; x_wconf 92' lang='lat'><strong>1,</strong></span> <span class='ocrx_word' id='word_1_616' title='bbox 3446 3694 3499 3739; x_wconf 88' lang='lat' dir='ltr'><strong>et</strong></span> <span class='ocrx_word' id='word_1_617' title='bbox 3541 3685 3659 3737; x_wconf 81' lang='lat' dir='ltr'><strong>Cat.</strong></span> <span class='ocrx_word' id='word_1_618' title='bbox 3707 3687 3862 3739; x_wconf 84' lang='lat' dir='ltr'><strong>codd.</strong></span> <span class='ocrx_word' id='word_1_619' title='bbox 3910 3685 3989 3738; x_wconf 81' lang='lat' dir='ltr'><strong>Gr</strong></span> 
     </span>
    </p>
   </div>
   <div class='ocr_carea' id='block_1_42' title="bbox 857 3771 2448 3840">
    <p class='ocr_par' dir='ltr' id='par_1_42' title="bbox 857 3771 1482 3840">
     <span class='ocr_line' id='line_1_42' title="bbox 857 3771 1482 3840; baseline -0.01 -13"><span class='ocrx_word' id='word_1_620' title='bbox 857 3777 988 3827; x_wconf 64' lang='lat' dir='ltr'><strong>Nan.</strong></span> <span class='ocrx_word' id='word_1_621' title='bbox 1023 3791 1071 3840; x_wconf 86' lang='lat' dir='ltr'><strong>p.</strong></span> <span class='ocrx_word' id='word_1_622' title='bbox 1110 3773 1231 3825; x_wconf 75' lang='grc'><strong>425.</strong></span> <span class='ocrx_word' id='word_1_623' title='bbox 1266 3771 1482 3837; x_wconf 62' lang='grc'><strong>11111111..)</strong></span> 
     </span>
    </p>
   </div>
   <div class='ocr_carea' id='block_1_43' title="bbox 1460 3771 3051 3840">
    <p class='ocr_par' dir='ltr' id='par_1_43' title="bbox 1466 3775 3051 3837">
     <span class='ocr_line' id='line_1_43' title="bbox 1466 3775 3051 3837; baseline 0 -49"><span class='ocrx_word' id='word_1_624' title='bbox 1466 3775 1482 3837; x_wconf 68' lang='grc'><strong>)</strong></span> <span class='ocrx_word' id='word_1_625' title='bbox 3049 3785 3051 3788; x_wconf 79' lang='lat'>.</span> 
     </span>
    </p>
   </div>
   <div class='ocr_carea' id='block_1_44' title="bbox 922 3841 2513 3930">
    <p class='ocr_par' dir='ltr' id='par_1_44' title="bbox 922 3853 2513 3927">
     <span class='ocr_line' id='line_1_44' title="bbox 922 3853 2513 3927; baseline -0.006 -14"><span class='ocrx_word' id='word_1_626' title='bbox 922 3862 974 3913; x_wconf 74' lang='grc' dir='ltr'><strong>ὅ.</strong></span> <span class='ocrx_word' id='word_1_627' title='bbox 1008 3860 1138 3927; x_wconf 78' lang='grc' dir='ltr'><strong>Περὶ</strong></span> <span class='ocrx_word' id='word_1_628' title='bbox 1179 3857 1284 3909; x_wconf 80' lang='grc' dir='ltr'>τῶν</span> <span class='ocrx_word' id='word_1_629' title='bbox 1327 3855 1698 3924; x_wconf 66' lang='grc' dir='ltr'><strong>ψηφισθέντων</strong></span> <span class='ocrx_word' id='word_1_630' title='bbox 1732 3856 1805 3916; x_wconf 75' lang='grc' dir='ltr'><strong>εἰς</strong></span> <span class='ocrx_word' id='word_1_631' title='bbox 1847 3856 1942 3915; x_wconf 67' lang='grc' dir='ltr'><strong>τὰς</strong></span> <span class='ocrx_word' id='word_1_632' title='bbox 1979 3853 2312 3914; x_wconf 73' lang='grc' dir='ltr'><strong>’Λνατολικὰς</strong></span> <span class='ocrx_word' id='word_1_633' title='bbox 2379 3853 2513 3904; x_wconf 79' lang='grc' dir='ltr'><strong>Ἐκκῖ</strong></span> 
     </span>
    </p>
   </div>
   <div class='ocr_carea' id='block_1_45' title="bbox 2394 3841 3985 3930">
    <p class='ocr_par' dir='ltr' id='par_1_45' title="bbox 2397 3841 3985 3930">
     <span class='ocr_line' id='line_1_45' title="bbox 2397 3841 3985 3930; baseline 0.003 -27"><span class='ocrx_word' id='word_1_634' title='bbox 2397 3841 2692 3921; x_wconf 72' lang='grc' dir='ltr'><strong>Εκκλησίαίς</strong></span> <span class='ocrx_word' id='word_1_635' title='bbox 2742 3855 2816 3930; x_wconf 75' lang='grc' dir='ltr'><strong>(ιι)</strong></span> <span class='ocrx_word' id='word_1_636' title='bbox 2875 3869 2892 3912; x_wconf 90' lang='lat'><strong>:</strong></span> <span class='ocrx_word' id='word_1_637' title='bbox 2949 3857 3012 3914; x_wconf 88' lang='lat' dir='ltr'><strong>De</strong></span> <span class='ocrx_word' id='word_1_638' title='bbox 3065 3856 3232 3908; x_wconf 77' lang='lat' dir='ltr'><strong>electis</strong></span> <span class='ocrx_word' id='word_1_639' title='bbox 3263 3859 3327 3906; x_wconf 77' lang='lat' dir='ltr'><strong>ad</strong></span> <span class='ocrx_word' id='word_1_640' title='bbox 3383 3855 3674 3910; x_wconf 74' lang='lat' dir='ltr'><strong>Orientales</strong></span> <span class='ocrx_word' id='word_1_641' title='bbox 3725 3854 3985 3911; x_wconf 71' lang='lat' dir='ltr'><strong>Ecclesias</strong></span> 
     </span>
    </p>
   </div>
   <div class='ocr_carea' id='block_1_46' title="bbox 857 3945 1898 4013">
    <p class='ocr_par' dir='ltr' id='par_1_46' title="bbox 857 3945 1898 4013">
     <span class='ocr_line' id='line_1_46' title="bbox 857 3945 1898 4013; baseline -0.001 -17"><span class='ocrx_word' id='word_1_642' title='bbox 857 3961 975 4013; x_wconf 84' lang='lat' dir='ltr'><strong>pag.</strong></span> <span class='ocrx_word' id='word_1_643' title='bbox 1023 3945 1141 3998; x_wconf 79' lang='grc'><strong>158.</strong></span> <span class='ocrx_word' id='word_1_644' title='bbox 1895 3959 1898 3962; x_wconf 88' lang='grc'><strong>·</strong></span> 
     </span>
    </p>
   </div>
   <div class='ocr_carea' id='block_1_47' title="bbox 923 3961 2514 4099">
    <p class='ocr_par' dir='ltr' id='par_1_47' title="bbox 923 3961 2514 4099">
     <span class='ocr_line' id='line_1_47' title="bbox 923 3961 2514 4099; baseline -0.004 -16"><span class='ocrx_word' id='word_1_645' title='bbox 1011 3961 1141 4099; x_wconf 56' lang='lat'><strong>[11:21</strong></span> <span class='ocrx_word' id='word_1_646' title='bbox 1163 4029 1511 4098; x_wconf 76' lang='grc' dir='ltr'><strong>δικαστηρίου</strong></span> <span class='ocrx_word' id='word_1_647' title='bbox 1543 4029 1648 4078; x_wconf 83' lang='grc' dir='ltr'><strong>τῶν</strong></span> <span class='ocrx_word' id='word_1_648' title='bbox 1681 4027 1954 4095; x_wconf 69' lang='grc' dir='ltr'><strong>κληρικῶν</strong></span> <span class='ocrx_word' id='word_1_649' title='bbox 2003 4027 2071 4094; x_wconf 81' lang='lat' dir='ltr'><strong>(r)</strong></span> <span class='ocrx_word' id='word_1_650' title='bbox 2109 4042 2120 4078; x_wconf 93' lang='lat'>:</span> <span class='ocrx_word' id='word_1_651' title='bbox 2154 4026 2225 4079; x_wconf 88' lang='lat' dir='ltr'><strong>De</strong></span> <span class='ocrx_word' id='word_1_652' title='bbox 2253 4027 2364 4092; x_wconf 76' lang='lat' dir='ltr'><strong>[ora</strong></span> <span class='ocrx_word' id='word_1_653' title='bbox 2399 4027 2514 4079; x_wconf 82' lang='lat' dir='ltr'><strong>clcri</strong></span> 
     </span>
    </p>
   </div>
   <div class='ocr_carea' id='block_1_48' title="bbox 1379 3961 2970 4099">
    <p class='ocr_par' dir='ltr' id='par_1_48' title="bbox 1379 4026 2970 4098">
     <span class='ocr_line' id='line_1_48' title="bbox 1379 4026 2970 4098; baseline 0.002 -19"><span class='ocrx_word' id='word_1_654' title='bbox 1379 4029 1511 4098; x_wconf 56' lang='grc' dir='ltr'>λρίου</span> <span class='ocrx_word' id='word_1_655' title='bbox 1543 4029 1648 4078; x_wconf 83' lang='grc' dir='ltr'><strong>τῶν</strong></span> <span class='ocrx_word' id='word_1_656' title='bbox 1681 4027 1954 4095; x_wconf 69' lang='grc' dir='ltr'>κληρικῶν</span> <span class='ocrx_word' id='word_1_657' title='bbox 2003 4027 2071 4094; x_wconf 84' lang='lat' dir='ltr'><strong>(r)</strong></span> <span class='ocrx_word' id='word_1_658' title='bbox 2109 4042 2120 4078; x_wconf 93' lang='lat'>:</span> <span class='ocrx_word' id='word_1_659' title='bbox 2154 4026 2225 4079; x_wconf 88' lang='lat' dir='ltr'><strong>De</strong></span> <span class='ocrx_word' id='word_1_660' title='bbox 2253 4027 2364 4092; x_wconf 76' lang='lat' dir='ltr'><strong>[ora</strong></span> <span class='ocrx_word' id='word_1_661' title='bbox 2399 4027 2724 4087; x_wconf 84' lang='lat' dir='ltr'><strong>clericorum,</strong></span> <span class='ocrx_word' id='word_1_662' title='bbox 2760 4041 2811 4092; x_wconf 91' lang='lat' dir='ltr'><strong>p.</strong></span> <span class='ocrx_word' id='word_1_663' title='bbox 2852 4027 2970 4081; x_wconf 84' lang='lat'><strong>159.</strong></span> 
     </span>
    </p>
   </div>
   <div class='ocr_carea' id='block_1_49' title="bbox 926 4111 2517 4184">
    <p class='ocr_par' dir='ltr' id='par_1_49' title="bbox 926 4111 2517 4184">
     <span class='ocr_line' id='line_1_49' title="bbox 926 4111 2517 4184; baseline -0.003 -17"><span class='ocrx_word' id='word_1_664' title='bbox 926 4117 977 4169; x_wconf 81' lang='grc'><strong>5.</strong></span> <span class='ocrx_word' id='word_1_665' title='bbox 1018 4117 1150 4184; x_wconf 70' lang='grc' dir='ltr'>Περὶ</span> <span class='ocrx_word' id='word_1_666' title='bbox 1173 4115 1264 4166; x_wconf 75' lang='grc' dir='ltr'>τοῦ</span> <span class='ocrx_word' id='word_1_667' title='bbox 1298 4111 1693 4182; x_wconf 80' lang='grc' dir='ltr'>πατριαρχικοῦ</span> <span class='ocrx_word' id='word_1_668' title='bbox 1729 4113 1934 4164; x_wconf 78' lang='grc' dir='ltr'>δικαίου</span> <span class='ocrx_word' id='word_1_669' title='bbox 1967 4113 2058 4163; x_wconf 76' lang='grc' dir='ltr'>ἐπὶ</span> <span class='ocrx_word' id='word_1_670' title='bbox 2088 4113 2152 4164; x_wconf 69' lang='grc' dir='ltr'><strong>τὰ</strong></span> <span class='ocrx_word' id='word_1_671' title='bbox 2187 4113 2517 4180; x_wconf 69' lang='grc' dir='ltr'>μοναστήρια</span> 
     </span>
    </p>
   </div>
   <div class='ocr_carea' id='block_1_50' title="bbox 2393 4111 3984 4184">
    <p class='ocr_par' dir='ltr' id='par_1_50' title="bbox 2393 4111 3984 4183">
     <span class='ocr_line' id='line_1_50' title="bbox 2393 4111 3984 4183; baseline 0.004 -24"><span class='ocrx_word' id='word_1_672' title='bbox 2393 4113 2517 4180; x_wconf 55' lang='lat' dir='ltr'><strong>ﬁgite</strong></span> <span class='ocrx_word' id='word_1_673' title='bbox 2548 4112 2624 4177; x_wconf 79' lang='lat' dir='ltr'><strong>(:r)</strong></span> <span class='ocrx_word' id='word_1_674' title='bbox 2655 4127 2673 4163; x_wconf 92' lang='lat'><strong><em>:</em></strong></span> <span class='ocrx_word' id='word_1_675' title='bbox 2707 4111 2777 4163; x_wconf 84' lang='lat' dir='ltr'><strong>De</strong></span> <span class='ocrx_word' id='word_1_676' title='bbox 2799 4113 2920 4177; x_wconf 84' lang='lat' dir='ltr'><strong>jure</strong></span> <span class='ocrx_word' id='word_1_677' title='bbox 2965 4115 3304 4179; x_wconf 72' lang='lat' dir='ltr'><strong>patriarcliico</strong></span> <span class='ocrx_word' id='word_1_678' title='bbox 3344 4116 3396 4166; x_wconf 86' lang='lat' dir='ltr'><strong>in</strong></span> <span class='ocrx_word' id='word_1_679' title='bbox 3431 4115 3760 4178; x_wconf 77' lang='lat' dir='ltr'><strong>nronasteria,</strong></span> <span class='ocrx_word' id='word_1_680' title='bbox 3791 4130 3842 4183; x_wconf 90' lang='lat' dir='ltr'><strong>p.</strong></span> <span class='ocrx_word' id='word_1_681' title='bbox 3887 4113 3984 4168; x_wconf 79' lang='lat'><strong>1-10</strong></span> 
     </span>
    </p>
   </div>
   <div class='ocr_carea' id='block_1_51' title="bbox 858 4196 1696 4268">
    <p class='ocr_par' dir='ltr' id='par_1_51' title="bbox 858 4196 1696 4268">
     <span class='ocr_line' id='line_1_51' title="bbox 858 4196 1696 4268; baseline -0.005 -14"><span class='ocrx_word' id='word_1_682' title='bbox 858 4203 1045 4255; x_wconf 27' lang='lat' dir='ltr'><strong>.i&#39;aris.</strong></span> <span class='ocrx_word' id='word_1_683' title='bbox 1081 4202 1129 4254; x_wconf 85' lang='lat' dir='ltr'><strong>in</strong></span> <span class='ocrx_word' id='word_1_684' title='bbox 1163 4203 1279 4254; x_wconf 85' lang='lat' dir='ltr'><strong>Cod.</strong></span> <span class='ocrx_word' id='word_1_685' title='bbox 1311 4203 1462 4263; x_wconf 66' lang='grc'><strong>1552,</strong></span> <span class='ocrx_word' id='word_1_686' title='bbox 1500 4217 1549 4252; x_wconf 90' lang='lat' dir='ltr'><strong>n.</strong></span> <span class='ocrx_word' id='word_1_687' title='bbox 1584 4196 1696 4268; x_wconf 68' lang='lat'><strong>4-5.]</strong></span> 
     </span>
    </p>
   </div>
   <div class='ocr_carea' id='block_1_52' title="bbox 922 4284 2332 4354">
    <p class='ocr_par' dir='ltr' id='par_1_52' title="bbox 922 4284 2332 4354">
     <span class='ocr_line' id='line_1_52' title="bbox 922 4284 2332 4354; baseline -0.001 -16"><span class='ocrx_word' id='word_1_688' title='bbox 922 4287 973 4338; x_wconf 85' lang='lat'><strong>6.</strong></span> <span class='ocrx_word' id='word_1_689' title='bbox 1008 4287 1141 4352; x_wconf 75' lang='grc' dir='ltr'><strong>Περὶ</strong></span> <span class='ocrx_word' id='word_1_690' title='bbox 1165 4286 1496 4337; x_wconf 78' lang='grc' dir='ltr'><strong>διδασκάλων</strong></span> <span class='ocrx_word' id='word_1_691' title='bbox 1529 4287 1600 4354; x_wconf 83' lang='lat' dir='ltr'><strong>(y)</strong></span> <span class='ocrx_word' id='word_1_692' title='bbox 1634 4299 1648 4334; x_wconf 92' lang='lat'><em>:</em></span> <span class='ocrx_word' id='word_1_693' title='bbox 1687 4285 1756 4337; x_wconf 86' lang='lat' dir='ltr'><strong>De</strong></span> <span class='ocrx_word' id='word_1_694' title='bbox 1783 4285 2093 4346; x_wconf 79' lang='lat' dir='ltr'><strong>doctoribus,</strong></span> <span class='ocrx_word' id='word_1_695' title='bbox 2127 4299 2177 4350; x_wconf 86' lang='lat' dir='ltr'><strong>p.</strong></span> <span class='ocrx_word' id='word_1_696' title='bbox 2214 4284 2332 4337; x_wconf 71' lang='grc'><strong>145.</strong></span> 
     </span>
    </p>
   </div>
   <div class='ocr_carea' id='block_1_53' title="bbox 925 4368 3983 4440">
    <p class='ocr_par' dir='ltr' id='par_1_53' title="bbox 925 4368 3983 4440">
     <span class='ocr_line' id='line_1_53' title="bbox 925 4368 3983 4440; baseline 0.001 -18"><span class='ocrx_word' id='word_1_697' title='bbox 925 4372 979 4428; x_wconf 84' lang='grc'>’7,</span> <span class='ocrx_word' id='word_1_698' title='bbox 1011 4371 1546 4440; x_wconf 64' lang='grc' dir='ltr'><strong>Ιῐερὶδικαιωμὰτων</strong></span> <span class='ocrx_word' id='word_1_699' title='bbox 1601 4372 1706 4421; x_wconf 82' lang='grc' dir='ltr'>τῶν</span> <span class='ocrx_word' id='word_1_700' title='bbox 1753 4369 2058 4438; x_wconf 76' lang='grc' dir='ltr'><strong>ἁπανταχοῦ</strong></span> <span class='ocrx_word' id='word_1_701' title='bbox 2115 4369 2416 4439; x_wconf 72' lang='grc' dir='ltr'><strong>ἐκκλησιῶν</strong></span> <span class='ocrx_word' id='word_1_702' title='bbox 2451 4368 2542 4419; x_wconf 77' lang='grc' dir='ltr'><strong>ἐπὶ</strong></span> <span class='ocrx_word' id='word_1_703' title='bbox 2584 4371 2648 4439; x_wconf 83' lang='grc' dir='ltr'>τῇ</span> <span class='ocrx_word' id='word_1_704' title='bbox 2685 4373 2883 4438; x_wconf 81' lang='grc' dir='ltr'>κατοχῇ</span> <span class='ocrx_word' id='word_1_705' title='bbox 2911 4371 3013 4423; x_wconf 81' lang='grc' dir='ltr'>τῶν</span> <span class='ocrx_word' id='word_1_706' title='bbox 3043 4373 3309 4439; x_wconf 78' lang='grc' dir='ltr'><strong>ἀκινήτων</strong></span> <span class='ocrx_word' id='word_1_707' title='bbox 3356 4370 3482 4440; x_wconf 70' lang='grc' dir='ltr'><strong>(ι)‹</strong></span> <span class='ocrx_word' id='word_1_708' title='bbox 3524 4372 3601 4425; x_wconf 82' lang='lat' dir='ltr'><strong>De</strong></span> <span class='ocrx_word' id='word_1_709' title='bbox 3640 4375 3983 4426; x_wconf 58' lang='lat' dir='ltr'><strong>instrumenti;</strong></span> 
     </span>
    </p>
   </div>
   <div class='ocr_carea' id='block_1_54' title="bbox 855 4449 2955 4524">
    <p class='ocr_par' dir='ltr' id='par_1_54' title="bbox 855 4449 2955 4524">
     <span class='ocr_line' id='line_1_54' title="bbox 855 4449 2955 4524; baseline 0.003 -20"><span class='ocrx_word' id='word_1_710' title='bbox 855 4451 1100 4514; x_wconf 83' lang='lat' dir='ltr'><strong>omnium,</strong></span> <span class='ocrx_word' id='word_1_711' title='bbox 1133 4467 1246 4517; x_wconf 81' lang='lat' dir='ltr'><strong>qua:</strong></span> <span class='ocrx_word' id='word_1_712' title='bbox 1281 4453 1479 4518; x_wconf 79' lang='lat' dir='ltr'><strong>ubique,</strong></span> <span class='ocrx_word' id='word_1_713' title='bbox 1505 4451 1832 4502; x_wconf 79' lang='lat' dir='ltr'><strong>ecclesiarum</strong></span> <span class='ocrx_word' id='word_1_714' title='bbox 1873 4449 1932 4498; x_wconf 89' lang='lat' dir='ltr'><strong>ob</strong></span> <span class='ocrx_word' id='word_1_715' title='bbox 1964 4453 2324 4513; x_wconf 81' lang='lat' dir='ltr'><strong>possessionem</strong></span> <span class='ocrx_word' id='word_1_716' title='bbox 2360 4453 2715 4515; x_wconf 82' lang='lat' dir='ltr'><strong>immobilium.</strong></span> <span class='ocrx_word' id='word_1_717' title='bbox 2749 4449 2808 4524; x_wconf 76' lang='grc' dir='ltr'><strong>μ.</strong></span> <span class='ocrx_word' id='word_1_718' title='bbox 2835 4457 2955 4510; x_wconf 73' lang='grc'><strong>119.</strong></span> 
     </span>
    </p>
   </div>
   <div class='ocr_carea' id='block_1_55' title="bbox 925 4532 2516 4618">
    <p class='ocr_par' dir='ltr' id='par_1_55' title="bbox 925 4532 2500 4604">
     <span class='ocr_line' id='line_1_55' title="bbox 925 4532 2500 4604; baseline 0.001 -15"><span class='ocrx_word' id='word_1_719' title='bbox 925 4538 974 4589; x_wconf 89' lang='grc'><strong>8.</strong></span> <span class='ocrx_word' id='word_1_720' title='bbox 1014 4537 1142 4604; x_wconf 73' lang='grc' dir='ltr'>Περὶ</span> <span class='ocrx_word' id='word_1_721' title='bbox 1178 4537 1393 4602; x_wconf 75' lang='grc' dir='ltr'>ἡμερῶν</span> <span class='ocrx_word' id='word_1_722' title='bbox 1427 4536 1718 4601; x_wconf 80' lang='grc' dir='ltr'><strong>ἀπράκτων</strong></span> <span class='ocrx_word' id='word_1_723' title='bbox 1757 4533 1828 4601; x_wconf 89' lang='lat' dir='ltr'><strong>(a)</strong></span> <span class='ocrx_word' id='word_1_724' title='bbox 1863 4549 1875 4586; x_wconf 93' lang='lat'>:</span> <span class='ocrx_word' id='word_1_725' title='bbox 1915 4532 1987 4585; x_wconf 88' lang='lat' dir='ltr'><strong>De</strong></span> <span class='ocrx_word' id='word_1_726' title='bbox 2015 4533 2175 4600; x_wconf 80' lang='lat' dir='ltr'><strong>feriis,</strong></span> <span class='ocrx_word' id='word_1_727' title='bbox 2228 4550 2346 4604; x_wconf 89' lang='lat' dir='ltr'><strong>pag.</strong></span> <span class='ocrx_word' id='word_1_728' title='bbox 2379 4538 2500 4590; x_wconf 88' lang='grc'><strong>160.</strong></span> 
     </span>
    </p>
   </div>
   <div class='ocr_carea' id='block_1_56' title="bbox 2391 4532 3982 4618">
    <p class='ocr_par' dir='ltr' id='par_1_56' title="bbox 2391 4538 3982 4605">
     <span class='ocr_line' id='line_1_56' title="bbox 2391 4538 3982 4605; baseline 0.006 -16"><span class='ocrx_word' id='word_1_729' title='bbox 2391 4538 2500 4590; x_wconf 87' lang='grc'><strong>160.</strong></span> <span class='ocrx_word' id='word_1_730' title='bbox 2550 4540 2757 4605; x_wconf 63' lang='lat' dir='ltr'><strong>(Fam)</strong></span> <span class='ocrx_word' id='word_1_731' title='bbox 2811 4541 3199 4596; x_wconf 81' lang='lat' dir='ltr'><strong>Eruditissimis</strong></span> <span class='ocrx_word' id='word_1_732' title='bbox 3243 4544 3458 4598; x_wconf 84' lang='lat' dir='ltr'><strong>scholiis</strong></span> <span class='ocrx_word' id='word_1_733' title='bbox 3506 4558 3533 4594; x_wconf 86' lang='lat' dir='ltr'><strong>a</strong></span> <span class='ocrx_word' id='word_1_734' title='bbox 3586 4541 3902 4596; x_wconf 81' lang='lat' dir='ltr'><strong>Balsamone</strong></span> <span class='ocrx_word' id='word_1_735' title='bbox 3953 4543 3982 4599; x_wconf 87' lang='lat' dir='ltr'><strong>it</strong></span> 
     </span>
    </p>
   </div>
   <div class='ocr_carea' id='block_1_57' title="bbox 857 4617 3983 4690">
    <p class='ocr_par' dir='ltr' id='par_1_57' title="bbox 857 4617 3983 4690">
     <span class='ocr_line' id='line_1_57' title="bbox 857 4617 3983 4690; baseline 0.002 -16"><span class='ocrx_word' id='word_1_736' title='bbox 857 4623 1152 4674; x_wconf 77' lang='lat' dir='ltr'><strong>Summario</strong></span> <span class='ocrx_word' id='word_1_737' title='bbox 1187 4624 1248 4671; x_wconf 72' lang='lat' dir='ltr'><strong>ait</strong></span> <span class='ocrx_word' id='word_1_738' title='bbox 1289 4619 1529 4672; x_wconf 77' lang='lat' dir='ltr'><strong>Novellus</strong></span> <span class='ocrx_word' id='word_1_739' title='bbox 1551 4618 1805 4670; x_wconf 81' lang='lat' dir='ltr'><strong>illustrari</strong></span> <span class='ocrx_word' id='word_1_740' title='bbox 1837 4633 1866 4670; x_wconf 86' lang='lat' dir='ltr'><strong>a</strong></span> <span class='ocrx_word' id='word_1_741' title='bbox 1894 4617 2029 4671; x_wconf 81' lang='lat' dir='ltr'><strong>Man.</strong></span> <span class='ocrx_word' id='word_1_742' title='bbox 2059 4618 2326 4675; x_wconf 88' lang='lat' dir='ltr'><strong>Comneno</strong></span> <span class='ocrx_word' id='word_1_743' title='bbox 2357 4625 2782 4681; x_wconf 84' lang='lat' dir='ltr'><strong>constitutionem</strong></span> <span class='ocrx_word' id='word_1_744' title='bbox 2821 4627 2885 4681; x_wconf 89' lang='lat' dir='ltr'><strong>de</strong></span> <span class='ocrx_word' id='word_1_745' title='bbox 2919 4626 3088 4690; x_wconf 80' lang='lat' dir='ltr'><strong>feriis,</strong></span> <span class='ocrx_word' id='word_1_746' title='bbox 3116 4643 3218 4680; x_wconf 91' lang='lat' dir='ltr'><strong>non</strong></span> <span class='ocrx_word' id='word_1_747' title='bbox 3251 4630 3500 4682; x_wconf 82' lang='lat' dir='ltr'><strong>dillitetur</strong></span> <span class='ocrx_word' id='word_1_748' title='bbox 3526 4627 3641 4680; x_wconf 85' lang='lat' dir='ltr'><strong>Nic.</strong></span> <span class='ocrx_word' id='word_1_749' title='bbox 3673 4627 3983 4690; x_wconf 60' lang='lat' dir='ltr'><strong>Coinnenusi</strong></span> 
     </span>
    </p>
   </div>
   <div class='ocr_carea' id='block_1_58' title="bbox 857 4702 1840 4774">
    <p class='ocr_par' dir='ltr' id='par_1_58' title="bbox 857 4702 1840 4774">
     <span class='ocr_line' id='line_1_58' title="bbox 857 4702 1840 4774; baseline 0 -19"><span class='ocrx_word' id='word_1_750' title='bbox 857 4722 907 4774; x_wconf 90' lang='lat' dir='ltr'><strong>p.</strong></span> <span class='ocrx_word' id='word_1_751' title='bbox 941 4705 1061 4764; x_wconf 80' lang='lat'><strong>588,</strong></span> <span class='ocrx_word' id='word_1_752' title='bbox 1097 4704 1389 4756; x_wconf 82' lang='lat' dir='ltr'><strong>Balsamoni</strong></span> <span class='ocrx_word' id='word_1_753' title='bbox 1427 4704 1559 4754; x_wconf 87' lang='lat' dir='ltr'><strong>alias</strong></span> <span class='ocrx_word' id='word_1_754' title='bbox 1593 4702 1840 4768; x_wconf 88' lang='lat' dir='ltr'><strong>iniquior.</strong></span> 
     </span>
    </p>
   </div>
   <div class='ocr_carea' id='block_1_59' title="bbox 923 4787 3981 4866">
    <p class='ocr_par' dir='ltr' id='par_1_59' title="bbox 923 4787 3981 4866">
     <span class='ocr_line' id='line_1_59' title="bbox 923 4787 3981 4866; baseline 0.003 -25"><span class='ocrx_word' id='word_1_755' title='bbox 923 4790 1010 4842; x_wconf 71' lang='grc' dir='ltr'><strong>ιν.</strong></span> <span class='ocrx_word' id='word_1_756' title='bbox 1051 4789 1306 4855; x_wconf 81' lang='lat' dir='ltr'><strong>Responsa</strong></span> <span class='ocrx_word' id='word_1_757' title='bbox 1337 4790 1401 4839; x_wconf 86' lang='lat' dir='ltr'><strong>ad</strong></span> <span class='ocrx_word' id='word_1_758' title='bbox 1431 4790 1731 4857; x_wconf 73' lang='lat' dir='ltr'><strong>qumsliones</strong></span> <span class='ocrx_word' id='word_1_759' title='bbox 1763 4787 1940 4840; x_wconf 77' lang='lat' dir='ltr'><strong><em>LXIV</em></strong></span> <span class='ocrx_word' id='word_1_760' title='bbox 1965 4793 2257 4852; x_wconf 80' lang='lat' dir='ltr'><strong>canonicos,</strong></span> <span class='ocrx_word' id='word_1_761' title='bbox 2301 4795 2411 4848; x_wconf 78' lang='lat' dir='ltr'><strong>sive</strong></span> <span class='ocrx_word' id='word_1_762' title='bbox 2445 4793 2514 4845; x_wconf 86' lang='lat' dir='ltr'><strong>De</strong></span> <span class='ocrx_word' id='word_1_763' title='bbox 2566 4796 2684 4863; x_wconf 88' lang='lat' dir='ltr'><strong>jure</strong></span> <span class='ocrx_word' id='word_1_764' title='bbox 2733 4798 3109 4862; x_wconf 84' lang='lat' dir='ltr'><strong>ecclesiastico,</strong></span> <span class='ocrx_word' id='word_1_765' title='bbox 3145 4799 3440 4866; x_wconf 82' lang='lat' dir='ltr'><strong>propositas</strong></span> <span class='ocrx_word' id='word_1_766' title='bbox 3488 4814 3514 4851; x_wconf 88' lang='lat' dir='ltr'><strong>a</strong></span> <span class='ocrx_word' id='word_1_767' title='bbox 3565 4799 3741 4851; x_wconf 75' lang='lat' dir='ltr'><strong>Marco</strong></span> <span class='ocrx_word' id='word_1_768' title='bbox 3773 4799 3981 4853; x_wconf 55' lang='lat' dir='ltr'><strong>Alexanl</strong></span> 
     </span>
    </p>
   </div>
   <div class='ocr_carea' id='block_1_60' title="bbox 858 4873 3981 4979">
    <p class='ocr_par' dir='ltr' id='par_1_60' title="bbox 858 4873 3981 4979">
     <span class='ocr_line' id='line_1_60' title="bbox 858 4873 3981 4979; baseline 0.004 -55"><span class='ocrx_word' id='word_1_769' title='bbox 858 4877 1006 4928; x_wconf 87' lang='lat' dir='ltr'><strong>drino</strong></span> <span class='ocrx_word' id='word_1_770' title='bbox 1036 4875 1359 4943; x_wconf 83' lang='lat' dir='ltr'><strong>patriarcha.</strong></span> <span class='ocrx_word' id='word_1_771' title='bbox 1388 4873 1703 4925; x_wconf 74' lang='lat' dir='ltr'><strong>I’rotlicrunt</strong></span> <span class='ocrx_word' id='word_1_772' title='bbox 1733 4875 1781 4926; x_wconf 92' lang='lat' dir='ltr'><strong>in</strong></span> <span class='ocrx_word' id='word_1_773' title='bbox 1811 4874 1928 4939; x_wconf 82' lang='lat' dir='ltr'><strong>jure</strong></span> <span class='ocrx_word' id='word_1_774' title='bbox 1957 4876 2206 4926; x_wconf 85' lang='lat' dir='ltr'><strong>Orientali</strong></span> <span class='ocrx_word' id='word_1_775' title='bbox 2256 4890 2375 4929; x_wconf 88' lang='lat' dir='ltr'><strong>cum</strong></span> <span class='ocrx_word' id='word_1_776' title='bbox 2409 4881 2650 4935; x_wconf 76' lang='lat' dir='ltr'><strong>versione</strong></span> <span class='ocrx_word' id='word_1_777' title='bbox 2696 4883 2972 4938; x_wconf 77' lang='lat' dir='ltr'><strong>Enimundi</strong></span> <span class='ocrx_word' id='word_1_778' title='bbox 3008 4884 3258 4938; x_wconf 87' lang='lat' dir='ltr'><strong>Bonelidii</strong></span> <span class='ocrx_word' id='word_1_779' title='bbox 3296 4886 3438 4938; x_wconf 83' lang='lat' dir='ltr'><strong>edito</strong></span> <span class='ocrx_word' id='word_1_780' title='bbox 3475 4901 3564 4938; x_wconf 89' lang='lat' dir='ltr'><strong>an.</strong></span> <span class='ocrx_word' id='word_1_781' title='bbox 3595 4885 3751 4951; x_wconf 86' lang='lat'><strong>1575,</strong></span> <span class='ocrx_word' id='word_1_782' title='bbox 3777 4886 3832 4947; x_wconf 88' lang='lat'><strong>8,</strong></span> <span class='ocrx_word' id='word_1_783' title='bbox 3869 4885 3981 4979; x_wconf 32' lang='lat' dir='ltr'><strong>apta</strong></span> 
     </span>
     <span class='ocr_line' id='line_1_61' title="bbox 860 4957 3801 4979; baseline 0.004 -4"><span class='ocrx_word' id='word_1_784' title='bbox 860 4960 896 4979; x_wconf 82' lang='grc' dir='ltr'><strong>,ι</strong></span> <span class='ocrx_word' id='word_1_785' title='bbox 939 4961 1133 4979; x_wconf 31' lang='grc' dir='ltr'><strong>--μεμημ</strong></span> <span class='ocrx_word' id='word_1_786' title='bbox 1717 4959 1863 4979; x_wconf 65' lang='grc' dir='ltr'><strong>,,,,,ε,</strong></span> <span class='ocrx_word' id='word_1_787' title='bbox 1921 4957 2093 4979; x_wconf 54' lang='grc' dir='ltr'><strong>οη---</strong></span> <span class='ocrx_word' id='word_1_788' title='bbox 2129 4975 2152 4979; x_wconf 59' lang='lat'><strong>_,</strong></span> <span class='ocrx_word' id='word_1_789' title='bbox 2204 4961 2303 4979; x_wconf 53' lang='grc' dir='ltr'><strong>ο...</strong></span> <span class='ocrx_word' id='word_1_790' title='bbox 2339 4961 2438 4979; x_wconf 72' lang='grc' dir='ltr'><strong>...ιη</strong></span> <span class='ocrx_word' id='word_1_791' title='bbox 2501 4961 2590 4979; x_wconf 76' lang='grc'><strong>-.1</strong></span> <span class='ocrx_word' id='word_1_792' title='bbox 2651 4967 2681 4979; x_wconf 83' lang='lat'><strong>.-</strong></span> <span class='ocrx_word' id='word_1_793' title='bbox 2933 4969 3033 4979; x_wconf 72' lang='grc' dir='ltr'><strong>ηη-</strong></span> <span class='ocrx_word' id='word_1_794' title='bbox 3068 4969 3164 4979; x_wconf 67' lang='grc' dir='ltr'><strong>-η</strong></span> <span class='ocrx_word' id='word_1_795' title='bbox 3222 4967 3260 4979; x_wconf 67' lang='grc' dir='ltr'><strong>-η</strong></span> <span class='ocrx_word' id='word_1_796' title='bbox 3319 4972 3328 4979; x_wconf 90' lang='grc'><strong><em>-</em></strong></span> <span class='ocrx_word' id='word_1_797' title='bbox 3408 4968 3424 4979; x_wconf 89' lang='grc'><strong><em>-</em></strong></span> <span class='ocrx_word' id='word_1_798' title='bbox 3554 4969 3585 4979; x_wconf 73' lang='grc' dir='ltr'><strong>ι-</strong></span> <span class='ocrx_word' id='word_1_799' title='bbox 3768 4970 3801 4979; x_wconf 63' lang='grc' dir='ltr'>η</span> 
     </span>
    </p>
   </div>
   <div class='ocr_carea' id='block_1_61' title="bbox 858 4957 3979 5035">
    <p class='ocr_par' dir='ltr' id='par_1_61' title="bbox 858 4957 3979 5035">
     <span class='ocr_line' id='line_1_62' title="bbox 858 4957 3979 5035; baseline 0.002 -25"><span class='ocrx_word' id='word_1_800' title='bbox 858 4960 1137 5010; x_wconf 75' lang='lat' dir='ltr'><strong>lletiricum</strong></span> <span class='ocrx_word' id='word_1_801' title='bbox 1172 4959 1513 5024; x_wconf 74' lang='lat' dir='ltr'><strong>Stephanum,</strong></span> <span class='ocrx_word' id='word_1_802' title='bbox 1551 4961 1684 5010; x_wconf 89' lang='lat' dir='ltr'><strong>libro</strong></span> <span class='ocrx_word' id='word_1_803' title='bbox 1717 4959 1889 5018; x_wconf 89' lang='lat' dir='ltr'><strong>tertio,</strong></span> <span class='ocrx_word' id='word_1_804' title='bbox 1920 4957 2098 5011; x_wconf 70' lang='lat' dir='ltr'><strong>Graece</strong></span> <span class='ocrx_word' id='word_1_805' title='bbox 2129 4975 2177 5024; x_wconf 90' lang='lat' dir='ltr'><strong>p.</strong></span> <span class='ocrx_word' id='word_1_806' title='bbox 2204 4961 2461 5022; x_wconf 83' lang='lat'><strong>257-500,</strong></span> <span class='ocrx_word' id='word_1_807' title='bbox 2494 4971 2544 5016; x_wconf 85' lang='lat' dir='ltr'><strong>et</strong></span> <span class='ocrx_word' id='word_1_808' title='bbox 2570 4961 2752 5019; x_wconf 87' lang='lat' dir='ltr'><strong>Latine</strong></span> <span class='ocrx_word' id='word_1_809' title='bbox 2785 4983 2902 5035; x_wconf 86' lang='lat' dir='ltr'><strong>pag.</strong></span> <span class='ocrx_word' id='word_1_810' title='bbox 2932 4969 3188 5024; x_wconf 83' lang='lat'><strong>265-509.</strong></span> <span class='ocrx_word' id='word_1_811' title='bbox 3221 4967 3285 5022; x_wconf 85' lang='lat' dir='ltr'><strong>Et</strong></span> <span class='ocrx_word' id='word_1_812' title='bbox 3318 4972 3368 5022; x_wconf 90' lang='lat' dir='ltr'><strong>in</strong></span> <span class='ocrx_word' id='word_1_813' title='bbox 3399 4968 3524 5024; x_wconf 86' lang='lat' dir='ltr'><strong>Jure</strong></span> <span class='ocrx_word' id='word_1_814' title='bbox 3548 4969 3979 5025; x_wconf 62' lang='lat' dir='ltr'><strong>Graec-Romani</strong></span> 
     </span>
    </p>
   </div>
   <div class='ocr_carea' id='block_1_62' title="bbox 857 5043 3979 5121">
    <p class='ocr_par' dir='ltr' id='par_1_62' title="bbox 857 5043 3979 5121">
     <span class='ocr_line' id='line_1_63' title="bbox 857 5043 3979 5121; baseline 0.003 -27"><span class='ocrx_word' id='word_1_815' title='bbox 857 5044 1152 5109; x_wconf 78' lang='lat' dir='ltr'><strong>Marquardi</strong></span> <span class='ocrx_word' id='word_1_816' title='bbox 1186 5043 1421 5104; x_wconf 85' lang='lat' dir='ltr'><strong>Freheri,</strong></span> <span class='ocrx_word' id='word_1_817' title='bbox 1451 5044 1582 5095; x_wconf 89' lang='lat' dir='ltr'><strong>libro</strong></span> <span class='ocrx_word' id='word_1_818' title='bbox 1616 5044 1816 5116; x_wconf 83' lang='lat' dir='ltr'><strong>quinto,</strong></span> <span class='ocrx_word' id='word_1_819' title='bbox 1855 5058 1969 5109; x_wconf 84' lang='lat' dir='ltr'><strong>pag.</strong></span> <span class='ocrx_word' id='word_1_820' title='bbox 2001 5043 2231 5097; x_wconf 73' lang='lat'><strong>562-594</strong></span> <span class='ocrx_word' id='word_1_821' title='bbox 2262 5047 2526 5112; x_wconf 84' lang='lat' dir='ltr'><strong>(Francol&#39;.</strong></span> <span class='ocrx_word' id='word_1_822' title='bbox 2590 5047 2742 5110; x_wconf 81' lang='grc'><strong>1596,</strong></span> <span class='ocrx_word' id='word_1_823' title='bbox 2778 5050 2908 5120; x_wconf 85' lang='lat' dir='ltr'><strong>l&#39;ol.).</strong></span> <span class='ocrx_word' id='word_1_824' title='bbox 2943 5053 3028 5105; x_wconf 88' lang='lat' dir='ltr'><strong>ubi</strong></span> <span class='ocrx_word' id='word_1_825' title='bbox 3059 5069 3109 5119; x_wconf 88' lang='lat' dir='ltr'><strong>p.</strong></span> <span class='ocrx_word' id='word_1_826' title='bbox 3132 5053 3274 5120; x_wconf 48' lang='lat'><strong>.588,</strong></span> <span class='ocrx_word' id='word_1_827' title='bbox 3300 5054 3480 5107; x_wconf 85' lang='lat' dir='ltr'><strong>lacuna</strong></span> <span class='ocrx_word' id='word_1_828' title='bbox 3503 5055 3786 5121; x_wconf 86' lang='lat' dir='ltr'><strong>supplenda</strong></span> <span class='ocrx_word' id='word_1_829' title='bbox 3815 5054 3979 5121; x_wconf 72' lang='grc' dir='ltr'>κυρίοι</span> 
     </span>
    </p>
   </div>
   <div class='ocr_carea' id='block_1_63' title="bbox 858 5125 3979 5207">
    <p class='ocr_par' dir='ltr' id='par_1_63' title="bbox 858 5125 3979 5207">
     <span class='ocr_line' id='line_1_64' title="bbox 858 5125 3979 5207; baseline 0.004 -28"><span class='ocrx_word' id='word_1_830' title='bbox 858 5129 1141 5191; x_wconf 77' lang='grc' dir='ltr'>Νικολάου,</span> <span class='ocrx_word' id='word_1_831' title='bbox 1172 5138 1228 5179; x_wconf 90' lang='lat' dir='ltr'><strong>ut</strong></span> <span class='ocrx_word' id='word_1_832' title='bbox 1255 5144 1317 5179; x_wconf 85' lang='lat' dir='ltr'><strong>ex</strong></span> <span class='ocrx_word' id='word_1_833' title='bbox 1346 5125 1671 5179; x_wconf 81' lang='lat' dir='ltr'><strong>Balsamonis</strong></span> <span class='ocrx_word' id='word_1_834' title='bbox 1698 5142 1956 5180; x_wconf 86' lang='lat' dir='ltr'><strong>canonum</strong></span> <span class='ocrx_word' id='word_1_835' title='bbox 1990 5128 2306 5181; x_wconf 80' lang='lat' dir='ltr'><strong>Colleetionc</strong></span> <span class='ocrx_word' id='word_1_836' title='bbox 2332 5134 2630 5188; x_wconf 70' lang='lat' dir='ltr'><strong>observavit</strong></span> <span class='ocrx_word' id='word_1_837' title='bbox 2651 5137 2965 5203; x_wconf 83' lang='lat' dir='ltr'><strong>Cotclerius,</strong></span> <span class='ocrx_word' id='word_1_838' title='bbox 2990 5149 3118 5193; x_wconf 91' lang='lat' dir='ltr'><strong>tom.</strong></span> <span class='ocrx_word' id='word_1_839' title='bbox 3150 5140 3187 5200; x_wconf 88' lang='grc'><strong>1,</strong></span> <span class='ocrx_word' id='word_1_840' title='bbox 3222 5140 3283 5193; x_wconf 87' lang='lat' dir='ltr'><strong>ad</strong></span> <span class='ocrx_word' id='word_1_841' title='bbox 3305 5140 3488 5195; x_wconf 86' lang='lat' dir='ltr'><strong>Patres</strong></span> <span class='ocrx_word' id='word_1_842' title='bbox 3522 5141 3861 5207; x_wconf 79' lang='lat' dir='ltr'><strong>apostolicos,</strong></span> <span class='ocrx_word' id='word_1_843' title='bbox 3886 5151 3979 5206; x_wconf 70' lang='lat' dir='ltr'><strong>pag</strong></span> 
     </span>
    </p>
   </div>
   <div class='ocr_carea' id='block_1_64' title="bbox 858 5211 3979 5292">
    <p class='ocr_par' dir='ltr' id='par_1_64' title="bbox 858 5211 3979 5292">
     <span class='ocr_line' id='line_1_65' title="bbox 858 5211 3979 5292; baseline 0.004 -27"><span class='ocrx_word' id='word_1_844' title='bbox 858 5214 977 5268; x_wconf 73' lang='lat'><strong>5:28.</strong></span> <span class='ocrx_word' id='word_1_845' title='bbox 1008 5213 1081 5266; x_wconf 82' lang='lat' dir='ltr'><strong>Ex</strong></span> <span class='ocrx_word' id='word_1_846' title='bbox 1107 5217 1363 5282; x_wconf 77' lang='lat' dir='ltr'><strong>protentio</strong></span> <span class='ocrx_word' id='word_1_847' title='bbox 1393 5214 1632 5282; x_wconf 87' lang='lat' dir='ltr'><strong>colligas,</strong></span> <span class='ocrx_word' id='word_1_848' title='bbox 1664 5230 1715 5267; x_wconf 88' lang='lat' dir='ltr'><strong>a.</strong></span> <span class='ocrx_word' id='word_1_849' title='bbox 1746 5214 1804 5265; x_wconf 79' lang='grc' dir='ltr'><strong>Ο.</strong></span> <span class='ocrx_word' id='word_1_850' title='bbox 1840 5213 1972 5267; x_wconf 87' lang='grc'><strong>1205</strong></span> <span class='ocrx_word' id='word_1_851' title='bbox 1997 5215 2190 5280; x_wconf 80' lang='lat' dir='ltr'><strong>scripta</strong></span> <span class='ocrx_word' id='word_1_852' title='bbox 2224 5216 2388 5269; x_wconf 86' lang='lat' dir='ltr'><strong>luisse</strong></span> <span class='ocrx_word' id='word_1_853' title='bbox 2413 5215 2719 5287; x_wconf 79' lang='lat' dir='ltr'><strong>Responsa;</strong></span> <span class='ocrx_word' id='word_1_854' title='bbox 2751 5223 2840 5276; x_wconf 85' lang='lat' dir='ltr'><strong>sed</strong></span> <span class='ocrx_word' id='word_1_855' title='bbox 2871 5239 3144 5277; x_wconf 86' lang='lat' dir='ltr'><strong>numerum</strong></span> <span class='ocrx_word' id='word_1_856' title='bbox 3167 5235 3468 5292; x_wconf 85' lang='lat' dir='ltr'><strong>corruptum</strong></span> <span class='ocrx_word' id='word_1_857' title='bbox 3498 5239 3632 5291; x_wconf 81' lang='lat' dir='ltr'><strong>esse,</strong></span> <span class='ocrx_word' id='word_1_858' title='bbox 3663 5242 3763 5280; x_wconf 93' lang='lat' dir='ltr'><strong>non</strong></span> <span class='ocrx_word' id='word_1_859' title='bbox 3791 5211 3979 5282; x_wconf 78' lang='lat' dir='ltr'><strong>dubital</strong></span> 
     </span>
    </p>
   </div>
   <div class='ocr_carea' id='block_1_65' title="bbox 930 5431 3380 5511">
    <p class='ocr_par' dir='ltr' id='par_1_65' title="bbox 930 5431 3380 5511">
     <span class='ocr_line' id='line_1_66' title="bbox 930 5431 3380 5511; baseline 0.002 -25"><span class='ocrx_word' id='word_1_860' title='bbox 930 5439 997 5511; x_wconf 73' lang='lat' dir='ltr'><strong>(s)</strong></span> <span class='ocrx_word' id='word_1_861' title='bbox 1024 5435 1153 5511; x_wconf 79' lang='lat' dir='ltr'><strong>Cum</strong></span> <span class='ocrx_word' id='word_1_862' title='bbox 1196 5432 1435 5511; x_wconf 75' lang='lat' dir='ltr'><strong>versione</strong></span> <span class='ocrx_word' id='word_1_863' title='bbox 1470 5431 1957 5511; x_wconf 61' lang='lat' dir='ltr'><strong>Latina__1§iiiitmiidi</strong></span> <span class='ocrx_word' id='word_1_864' title='bbox 1990 5433 2237 5511; x_wconf 69' lang='lat' dir='ltr'><strong>Bonelidii</strong></span> <span class='ocrx_word' id='word_1_865' title='bbox 2280 5448 2370 5486; x_wconf 85' lang='lat' dir='ltr'><strong>cx-</strong></span> <span class='ocrx_word' id='word_1_866' title='bbox 2549 5436 2616 5503; x_wconf 88' lang='grc' dir='ltr'><strong>(υ)</strong></span> <span class='ocrx_word' id='word_1_867' title='bbox 2649 5437 2725 5511; x_wconf 87' lang='lat' dir='ltr'><strong>l_d_.</strong></span> <span class='ocrx_word' id='word_1_868' title='bbox 2755 5439 2843 5511; x_wconf 64' lang='grc' dir='ltr'><strong>(ξπ.</strong></span> <span class='ocrx_word' id='word_1_869' title='bbox 2873 5453 2920 5505; x_wconf 90' lang='lat' dir='ltr'><strong>p.</strong></span> <span class='ocrx_word' id='word_1_870' title='bbox 2954 5439 3172 5511; x_wconf 34' lang='lat' dir='ltr'><strong>75;.Lat.</strong></span> <span class='ocrx_word' id='word_1_871' title='bbox 3209 5458 3259 5511; x_wconf 92' lang='lat' dir='ltr'><strong>p.</strong></span> <span class='ocrx_word' id='word_1_872' title='bbox 3293 5442 3380 5496; x_wconf 75' lang='grc'><strong>54.</strong></span> 
     </span>
    </p>
   </div>
   <div class='ocr_carea' id='block_1_66' title="bbox 858 5501 3395 5576">
    <p class='ocr_par' dir='ltr' id='par_1_66' title="bbox 858 5501 3395 5576">
     <span class='ocr_line' id='line_1_67' title="bbox 858 5501 3395 5576; baseline 0.004 -22"><span class='ocrx_word' id='word_1_873' title='bbox 858 5516 961 5576; x_wconf 58' lang='lat' dir='ltr'><strong>Stat</strong></span> <span class='ocrx_word' id='word_1_874' title='bbox 990 5506 1038 5576; x_wconf 76' lang='lat' dir='ltr'><strong>in</strong></span> <span class='ocrx_word' id='word_1_875' title='bbox 1074 5503 1186 5570; x_wconf 86' lang='lat' dir='ltr'><strong>ejus</strong></span> <span class='ocrx_word' id='word_1_876' title='bbox 1205 5501 1334 5576; x_wconf 45' lang='grc' dir='ltr'><strong>λαὶ-ε</strong></span> <span class='ocrx_word' id='word_1_877' title='bbox 1361 5503 1616 5576; x_wconf 74' lang='lat' dir='ltr'><strong>orientali.</strong></span> <span class='ocrx_word' id='word_1_878' title='bbox 1647 5501 1736 5576; x_wconf 62' lang='lat' dir='ltr'><strong>lib.</strong></span> <span class='ocrx_word' id='word_1_879' title='bbox 1775 5515 1786 5552; x_wconf 97' lang='lat' dir='ltr'><strong>I</strong></span> <span class='ocrx_word' id='word_1_880' title='bbox 1821 5503 1935 5576; x_wconf 69' lang='lat' dir='ltr'><strong>GL,</strong></span> <span class='ocrx_word' id='word_1_881' title='bbox 1964 5501 2136 5576; x_wconf 46' lang='lat' dir='ltr'><strong>p.61;</strong></span> <span class='ocrx_word' id='word_1_882' title='bbox 2175 5502 2287 5553; x_wconf 90' lang='lat' dir='ltr'><strong>Lat.</strong></span> <span class='ocrx_word' id='word_1_883' title='bbox 2321 5517 2371 5568; x_wconf 87' lang='lat' dir='ltr'><strong>p.</strong></span> <span class='ocrx_word' id='word_1_884' title='bbox 2549 5501 2622 5571; x_wconf 51' lang='grc' dir='ltr'><strong>(τ)</strong></span> <span class='ocrx_word' id='word_1_885' title='bbox 2657 5508 2726 5576; x_wconf 84' lang='lat' dir='ltr'><strong>ld.</strong></span> <span class='ocrx_word' id='word_1_886' title='bbox 2760 5509 2848 5559; x_wconf 85' lang='lat' dir='ltr'><strong>Gr.</strong></span> <span class='ocrx_word' id='word_1_887' title='bbox 2874 5501 2929 5569; x_wconf 52' lang='lat' dir='ltr'><strong>&#39;p.</strong></span> <span class='ocrx_word' id='word_1_888' title='bbox 2961 5501 3276 5576; x_wconf 59' lang='grc' dir='ltr'><strong>71;’1.δι.ἰι.</strong></span> <span class='ocrx_word' id='word_1_889' title='bbox 3311 5514 3395 5564; x_wconf 76' lang='lat'><strong>5|.</strong></span> 
     </span>
    </p>
   </div>
   <div class='ocr_carea' id='block_1_67' title="bbox 863 5569 3386 5644">
    <p class='ocr_par' dir='ltr' id='par_1_67' title="bbox 863 5569 3386 5644">
     <span class='ocr_line' id='line_1_68' title="bbox 863 5569 3386 5644; baseline 0.004 -24"><span class='ocrx_word' id='word_1_890' title='bbox 863 5573 949 5632; x_wconf 79' lang='grc'><strong>46,</strong></span> <span class='ocrx_word' id='word_1_891' title='bbox 991 5569 1153 5644; x_wconf 63' lang='lat' dir='ltr'><strong>Paris.</strong></span> <span class='ocrx_word' id='word_1_892' title='bbox 1198 5569 1472 5644; x_wconf 36' lang='lat' dir='ltr'><strong>1575,‘ap_.</strong></span> <span class='ocrx_word' id='word_1_893' title='bbox 1511 5569 2049 5644; x_wconf 28' lang='lat' dir='ltr'><strong>llenru§tcphanutn,</strong></span> <span class='ocrx_word' id='word_1_894' title='bbox 2081 5571 2131 5622; x_wconf 82' lang='grc'><strong>8.</strong></span> <span class='ocrx_word' id='word_1_895' title='bbox 2551 5569 2624 5639; x_wconf 82' lang='lat' dir='ltr'><strong>ty)</strong></span> <span class='ocrx_word' id='word_1_896' title='bbox 2657 5575 2729 5644; x_wconf 87' lang='lat' dir='ltr'><strong>l_d.</strong></span> <span class='ocrx_word' id='word_1_897' title='bbox 2762 5576 2852 5644; x_wconf 80' lang='lat' dir='ltr'><strong>Gr.</strong></span> <span class='ocrx_word' id='word_1_898' title='bbox 2881 5590 2933 5640; x_wconf 92' lang='lat' dir='ltr'><strong>p.</strong></span> <span class='ocrx_word' id='word_1_899' title='bbox 2961 5569 3053 5636; x_wconf 57' lang='grc'><strong>61⁷,</strong></span> <span class='ocrx_word' id='word_1_900' title='bbox 3085 5576 3194 5630; x_wconf 87' lang='lat' dir='ltr'><strong>Lat.</strong></span> <span class='ocrx_word' id='word_1_901' title='bbox 3301 5581 3386 5630; x_wconf 71' lang='grc'><strong>44.</strong></span> 
     </span>
    </p>
   </div>
   <div class='ocr_carea' id='block_1_68' title="bbox 927 5636 2518 5714">
    <p class='ocr_par' dir='ltr' id='par_1_68' title="bbox 927 5636 2024 5714">
     <span class='ocr_line' id='line_1_69' title="bbox 927 5636 2024 5714; baseline 0.022 -38"><span class='ocrx_word' id='word_1_902' title='bbox 927 5645 993 5714; x_wconf 4' lang='grc' dir='ltr'><strong>(ι),</strong></span> <span class='ocrx_word' id='word_1_903' title='bbox 1103 5639 1192 5714; x_wconf 54' lang='lat' dir='ltr'><strong>Gr:</strong></span> <span class='ocrx_word' id='word_1_904' title='bbox 1227 5654 1275 5704; x_wconf 83' lang='lat' dir='ltr'><strong>p.</strong></span> <span class='ocrx_word' id='word_1_905' title='bbox 1445 5636 1559 5688; x_wconf 69' lang='lat' dir='ltr'><strong>Lat.</strong></span> <span class='ocrx_word' id='word_1_906' title='bbox 1674 5637 1758 5714; x_wconf 52' lang='lat'><strong>29&#39;-</strong></span> <span class='ocrx_word' id='word_1_907' title='bbox 1805 5636 1810 5637; x_wconf 20' lang='grc'><strong><em>⁷</em></strong></span> 
     </span>
    </p>
   </div>
   <div class='ocr_carea' id='block_1_69' title="bbox 1852 5636 3443 5714">
    <p class='ocr_par' dir='ltr' id='par_1_69' title="bbox 1973 5636 3443 5714">
     <span class='ocr_line' id='line_1_70' title="bbox 1973 5636 3443 5714; baseline -0.01 0"><span class='ocrx_word' id='word_1_908' title='bbox 2552 5636 2623 5707; x_wconf 50' lang='grc' dir='ltr'><strong>(ά)</strong></span> <span class='ocrx_word' id='word_1_909' title='bbox 2879 5636 2930 5708; x_wconf 59' lang='lat' dir='ltr'><strong>llo</strong></span> <span class='ocrx_word' id='word_1_910' title='bbox 2963 5646 3090 5714; x_wconf 67' lang='lat'><strong>109;</strong></span> <span class='ocrx_word' id='word_1_911' title='bbox 3124 5636 3238 5700; x_wconf 52' lang='lat' dir='ltr'><strong>Lat&#39;.</strong></span> <span class='ocrx_word' id='word_1_912' title='bbox 3267 5665 3314 5714; x_wconf 91' lang='lat' dir='ltr'><strong>p.</strong></span> <span class='ocrx_word' id='word_1_913' title='bbox 3352 5648 3443 5700; x_wconf 86' lang='lat'><strong>79.</strong></span> 
     </span>
    </p>
   </div>
   <div class='ocr_carea' id='block_1_70' title="bbox 925 5705 2516 5783">
    <p class='ocr_par' dir='ltr' id='par_1_70' title="bbox 925 5705 2045 5775">
     <span class='ocr_line' id='line_1_71' title="bbox 925 5705 2045 5775; baseline -0.003 -15"><span class='ocrx_word' id='word_1_914' title='bbox 925 5713 999 5775; x_wconf 72' lang='lat' dir='ltr'><strong>(tt)</strong></span> <span class='ocrx_word' id='word_1_915' title='bbox 1032 5709 1122 5760; x_wconf 78' lang='lat' dir='ltr'><strong>Gr.</strong></span> <span class='ocrx_word' id='word_1_916' title='bbox 1159 5707 1475 5770; x_wconf 77' lang='lat' dir='ltr'><strong>Boncﬁdius,</strong></span> <span class='ocrx_word' id='word_1_917' title='bbox 1507 5721 1558 5772; x_wconf 73' lang='grc' dir='ltr'><strong>ι».</strong></span> <span class='ocrx_word' id='word_1_918' title='bbox 1592 5705 1688 5773; x_wconf 54' lang='lat' dir='ltr'><strong>Ui;</strong></span> <span class='ocrx_word' id='word_1_919' title='bbox 1731 5705 1843 5759; x_wconf 82' lang='lat' dir='ltr'><strong>Lat.</strong></span> <span class='ocrx_word' id='word_1_920' title='bbox 1875 5721 1926 5774; x_wconf 78' lang='grc' dir='ltr'><strong>ρ.</strong></span> <span class='ocrx_word' id='word_1_921' title='bbox 1962 5706 2045 5757; x_wconf 70' lang='grc'><strong>45.</strong></span> 
     </span>
    </p>
   </div>
   <div class='ocr_carea' id='block_1_71' title="bbox 1824 5705 3415 5783">
    <p class='ocr_par' dir='ltr' id='par_1_71' title="bbox 1833 5705 3415 5783">
     <span class='ocr_line' id='line_1_72' title="bbox 1833 5705 3415 5783; baseline 0.006 -26"><span class='ocrx_word' id='word_1_922' title='bbox 1833 5743 1843 5757; x_wconf 96' lang='grc'><strong>.</strong></span> <span class='ocrx_word' id='word_1_923' title='bbox 1875 5721 1926 5774; x_wconf 79' lang='grc' dir='ltr'><strong>ρ.</strong></span> <span class='ocrx_word' id='word_1_924' title='bbox 1962 5706 2045 5757; x_wconf 68' lang='lat'><strong>45.</strong></span> <span class='ocrx_word' id='word_1_925' title='bbox 2551 5705 2624 5776; x_wconf 87' lang='lat' dir='ltr'><strong>(a)</strong></span> <span class='ocrx_word' id='word_1_926' title='bbox 2655 5710 2729 5763; x_wconf 78' lang='grc' dir='ltr'><strong>ω.</strong></span> <span class='ocrx_word' id='word_1_927' title='bbox 2757 5712 2846 5767; x_wconf 86' lang='lat' dir='ltr'><strong>Gr.</strong></span> <span class='ocrx_word' id='word_1_928' title='bbox 2877 5705 2924 5779; x_wconf 65' lang='lat' dir='ltr'><strong>ii.</strong></span> <span class='ocrx_word' id='word_1_929' title='bbox 2960 5713 3054 5778; x_wconf 78' lang='lat' dir='ltr'><strong>so;</strong></span> <span class='ocrx_word' id='word_1_930' title='bbox 3080 5705 3206 5766; x_wconf 73' lang='lat'><strong>1.31.</strong></span> <span class='ocrx_word' id='word_1_931' title='bbox 3244 5705 3291 5783; x_wconf 74' lang='grc' dir='ltr'><strong>ιέ.</strong></span> <span class='ocrx_word' id='word_1_932' title='bbox 3330 5716 3415 5767; x_wconf 74' lang='lat' dir='ltr'><strong>5s.</strong></span> 
     </span>
    </p>
   </div>
  </div>
