4030 6340
72 400 120 466 Π
1417 395 1748 455 ΝΟΤΙΤΙᾹ.
1867 433 1870 435 λ
3114 389 3176 452 18

62 510 262 571 Allatius,
299 521 352 577 p.
384 507 508 570 705,
542 507 610 563 de
639 522 922 572 consensu,
954 515 1005 562 et
1033 520 1212 561 verum
1239 520 1330 560 an.
1364 507 1520 569 1195,
1549 507 1960 562 restituendum.
1996 507 2204 577 (Fiam)
2232 536 2300 549 -—
2327 507 2500 566 Paris.
2541 508 2594 562 in
2624 517 2821 577 septem
2854 506 3010 563 codd.
3041 505 3174 561 bibl.

63 596 235 661 pan.-
265 592 546 661 Sexaginta
572 607 666 647 sex
715 593 1057 660 qumstiones,
1083 601 1186 645 etc.
1222 592 1446 646 Vindob.
1479 591 1533 643 in
1558 593 1675 646 cod.
1707 593 1794 655 15,
1835 593 1925 646 11.
1969 591 2029 647 V.
2065 593 2306 647 Lambec.
2343 595 2411 655 VI
2439 633 2455 658 ,
2495 602 2635 662 part.
2678 609 2696 646 ι
2721 635 2736 659 ,
2785 608 2903 661 pag.
2943 591 3062 646 106.
3106 619 3179 633 -

64 665 225 734 Mariae.
256 678 303 731 in
327 680 447 734 cod.
477 677 664 732 Bavar.
695 677 785 731 85.
833 677 894 731 γ.
925 678 1110 731 Hardt.
1149 672 1201 730 in
1230 676 1431 731 Aretini
1463 675 1655 747 Beytra

1585 690 1789 746 :raegen,
1820 688 1947 742 etc.,
1978 678 2134 743 1804,
2163 688 2295 746 part.
2321 701 2381 747 ν,
2410 697 2524 749 pag.
2556 679 2621 732 17
2654 688 2707 734 et
2731 679 2887 733 18.--
2911 678 3097 730 Venet.
3125 677 3176 729 in

61 766 150 818 carl.
177 763 390 816 Nanian.
417 762 524 816 228
553 763 640 825 15,
669 762 734 817 V.
762 763 878 817 Cat.
914 763 1068 818 codd.
1091 761 1187 819 Gr.
1215 761 1353 816 Nan.
1379 777 1501 831 pag.
1531 761 1655 830 420.
1679 793 1752 804 -
1790 763 2025 817 l-‘lorent.
2053 763 2106 817 in
2133 763 2253 819 cod.
2278 763 2532 818 Laurent.
2565 765 2620 828 2,
2653 781 2705 817 η.
2737 764 2831 824 96,
2862 765 2995 832 plut.
3034 762 3086 824 5,
3123 769 3177 814 et

61 848 152 900 md.
177 847 251 908 40,
283 863 336 899 ιι.
367 847 430 899 61
475 847 533 898 ν.
568 847 792 901 Bandin.
821 855 928 900 cat.
960 848 1052 901 cit.
1082 846 1120 909 l,
1148 846 1366 915 pag.’t0
1392 857 1444 900 et
1476 845 1566 901 78.
1603 850 1693 903 ubi
1723 851 1961 904 adnotat.
1991 852 2042 903 in
2068 850 2334 916 versione,
2365 865 2482 920 qua:
2509 868 2536 905 a
2572 851 2890 904 Leunclavio
2921 849 3009 902 lib.
3041 863 3094 910 ν,
3122 860 3177 913 p.

66 934 164 997 562,
199 929 428 997 affertur,
464 933 630 985 multa
663 932 975 1000 reprehendi
1009 949 1037 985 ιι
1064 932 1179 986 Jac.
1213 931 1486 999 Gretsero,
1517 931 1654 1002 Opp.
1683 931 2008 1002 tom.’XV|l,
2037 951 2088 1004 p.
2117 936 2206 1001 16,
2235 924 2324 991 ed.
2350 936 2797 992 Ratisbon.-—Lx
2826 935 3175 1001 Quaestiones,

61 1031 156 1081 etc.,
197 1018 484 1086 liosquensi
537 1019 626 1080 52,
677 1035 729 1073 n.
774 1019 862 1073 45.
896 1018 955 1073 γ.
1008 1019 1236 1073 Matthxi
1289 1016 1455 1072 Notit:
1507 1035 1561 1088 p.
1620 1020 1835 1086 54,101.
1887 1023 2041 1092 paulo
2102 1023 2252 1077 aliter
2301 1025 2351 1079 in
2410 1025 2496 1080 ed.
2523 1025 2575 1079 in
2606 1025 2657 1092 8,
2682 1039 2734 1093 p.
2752 1024 2850 1087 .47,
2879 1021 3004 1075 ibid.
3031 1036 3084 1074 ιι.
3113 1019 3180 1072 55

62 1109 355 1171 Bals'amonis,
386 1109 602 1178 εἰσῆλθε
629 1110 691 1162 τὺ
715 1109 928 1180 aetatu
963 1125 1077 1164 σου·
1107 1120 1161 1164 et
1183 1110 1418 1178 ejusdem
1443 1111 1564 1168 alia.
1592 1113 1689 1176 (Hs
1711 1120 1808 1184 ιι..)

115 1195 164 1246 ν.
193 1194 413 1246 Μελὲται
459 1196 579 1264 ἦτοι
631 1196 970 1266 ἀποκρίσεις·
1016 1195 1382 1250 Heditationes
1427 1198 1530 1250 sive
1580 1199 1862 1270 Responsa.
1917 1202 1969 1255 1ο
2017 1203 2188 1270 Χάριν
2234 1203 2342 1255 τῶν
2388 1196 2797 1270 πατριαρχεκῶν
2847 1197 3180 1266 προνομιῶνο

64 1281 119 1332 οι
138 1280 529 1344 patriarcharum
558 1282 858 1351 priuilegiis,
886 1294 1015 1338 tom.
1039 1282 1130 1337 γη
1156 1282 1305 1337 luris
1331 1283 1655 1337 Graeco-Rari

1590 1300 1691 1337 om.
1719 1301 1771 1353 p.
1799 1285 1922 1339 442.
1953 1283 2157 1355 (Fam)
2183 1284 2236 1338 In
2262 1285 2381 1338 cod.
2413 1284 2712 1351 Hosqueusi
2759 1282 2846 1344 52,
2879 1298 2932 1336 ιι.
2969 1280 3036 1334 59
3061 1293 3178 1347 sqq.

180 1364 396 1418 Hatthaai
426 1365 590 1421 Notit.
630 1382 684 1435 p.
720 1369 788 1422 55
814 1369 896 1423 ed.
935 1371 987 1422 in
1022 1369 1109 1423 fol.
1136 1379 1260 1423 sunt
1297 1370 1551 1435 Μελέται,
1575 1376 1656 1423 etc

1588 1376 1702 1431 etc.,
1741 1370 1793 1434 1,
1833 1371 1887 1434 4,
1918 1370 1950 1423 5
1972 1379 2022 1422 et
2048 1371 2101 1424 6.
2128 1400 2197 1410 —
2216 1370 2444 1425 Vindob.
2481 1369 2533 1422 in
2565 1369 2682 1422 cod.
2709 1368 2909 1421 Caesar.
2937 1366 3023 1427 15,
3047 1380 3100 1416 ιι.
3126 1364 3179 1426 4,

75 1459 159 1502 sunt
180 1450 396 1504 Balsam.
427 1452 679 1507 meditata
711 1454 822 1508 sive
850 1469 1101 1524 responsa
1127 1455 1492 1510 ecclesiastica
1518 1465 1660 1519 octo,
1686 1470 1717 1509 e
1741 1457 1940 1525 quibus
1957 1457 2194 1526 quinque
2215 1464 2426 1510 exstant
2452 1457 2504 1509 in
2524 1455 2736 1508 Freheri
2756 1454 2789 1507 J
2797 1469 2885 1506 ure
2907 1451 3184 1506 (ὲκ-κυνῆ.

76 1553 153 1607 pag.
179 1537 432 1604 H2478;
467 1542 668 1611 reliqua
705 1543 804 1598 tria
840 1543 909 1597 ibi
942 1543 1155 1605 desunt.
1195 1545 1420 1600 docente
1452 1543 1701 1598 Lambec.
1739 1543 1851 1596 vola
1872 1541 1961 1604 Vl,
1993 1550 2129 1610 part.
2159 1557 2198 1607 ι,
2231 1532 2355 1610 ι)εεῖ
2384 1541 2503 1603 115,
2545 1541 2631 1593 ubi
2664 1554 2877 1608 quoque
2905 1553 2956 1589 ν.
2982 1536 3184 1589 Kollar.

81 1633 151 1675 not.
174 1624 297 1678 Inter
325 1641 388 1680 ea
418 1642 538 1695 qua:
575 1643 680 1682 non
703 1628 842 1682 edita
870 1638 1012 1693 sunt,
1047 1639 1130 1684 est
1157 1629 1392 1697 Epistola
1419 1630 1483 1682 de
1523 1630 1655 1682 libro
1707 1629 2065 1682 matltemalico
2095 1643 2195 1680 non
2242 1627 2477 1697 legendo,
2507 1631 2644 1694 {quas
2693 1635 2869 1679 tamen
2914 1621 3180 1690 reperitur

74 1725 231 1778 quoque
253 1712 304 1765 in
331 1715 457 1767 cod.
486 1713 657 1770 Paris.
692 1713 850 1780 1552,
877 1731 933 1769 ιι.
963 1716 1030 1771 48
1077 1717 1206 1770 bibl.
1236 1716 1378 1786 publ.
1411 1716 1487 1784 (in
1520 1730 1626 1784 quo
1657 1715 1815 1770 etiam
1844 1723 2055 1767 exstant
2101 1721 2300 1781 septem
2349 1712 2621 1780 Responsa
2674 1710 2893 1763 secund.
2939 1707 3184 1762 ordinem

75 1793 233 1851 Fabric.
277 1806 327 1851 et
378 1798 569 1852 Venet.
605 1800 657 1854 in
700 1802 820 1854 cod.
853 1799 1128 1854 Marciano
1159 1801 1282 1863 168,
1327 1801 1379 1854 in
1420 1815 1528 1869 quo
1557 1801 1666 1854 cod.

1593 1801 1677 1854 od.
1714 1808 1838 1854 sunt
1881 1807 2133 1866 praeterea
2178 1797 2432 1861 Μελέται,
2467 1813 2520 1850 n.
2550 1796 2604 1861 2,
2639 1795 2694 1864 4,
2733 1795 2766 1848 5
2799 1803 2852 1850 et
2881 1793 2934 1858 7,
2962 1807 2988 1845 a
3025 1791 3184 1844 Fabr.

70 1882 255 1946 signate.
285 1881 400 1936 Vid.
440 1893 545 1936 cat.
571 1886 724 1939 codd.
752 1885 848 1938 Gr.
883 1886 1046 1940 Marc.
1079 1900 1131 1952 p.
1164 1887 1251 1948 96,
1285 1895 1338 1939 et
1373 1885 1513 1938 conf.
1547 1884 1710 1948 infra,
1745 1885 1848 1938 vol.
1880 1883 1994 1949 ΧΠ,
2024 1898 2077 1951 p.
2110 1883 2235 1938 494.
2270 1883 2489 1950 ("uti")

114 1970 169 2022 2³.
211 1971 375 2041 Χάριν
405 1972 516 2024 τῶν
539 1973 633 2026 δύο
653 1974 948 2049 ,ὀφφικξωῃ
987 1975 1079 2027 τοῦ
1106 1992 1163 2026 τε
1194 1975 1600 2043 χαρτοφὺλακος
1629 1992 1700 2028 κα

1592 1992 1600 2036 ;
1629 1992 1724 2028 και
1755 1973 1847 2027 τοῦ
1881 1973 2280 2044 πρωτεκδίκουο
2311 1973 2388 2028 De
2413 1974 2611 2028 duobus
2638 1973 2838 2042 ofﬁciis,
2871 1972 3183 2026 chartularii

69 2071 109 2104 ac
132 2058 255 2116 primi
289 2057 602 2124 defensoris,
631 2076 686 2128 ρ.
710 2060 834 2114 455.
1007 2105 1009 2108 ‹
1416 2052 1422 2053 7

482 2060 602 2123 aris,
631 2076 686 2128 p.
710 2060 834 2114 455.
1007 2105 1009 2108 ι
1416 2052 1422 2053 ί

117 2141 167 2193 3P.
208 2142 374 2211 Χάριν
399 2143 499 2224 τοᾷ
524 2144 848 2214 λαληθέντος
880 2147 1184 2209 noxiosam}:
1214 2146 1546 2216 ζητήματος,
1577 2146 1706 2217 περὶ
1729 2148 1844 2210 τοῦ,
1879 2148 1926 2200 εἰ
1949 2146 2052 2217 χρὴ
2082 2146 2172 2199 τὸν
2199 2145 2361 2199 αὑτὸν
2395 2146 2482 2197 καὶ
2513 2142 2758 2197 ἓναγδυσὶ
2782 2141 3187 2208 δισεξαδέλφαις

81 2228 378 2282 συνάπτεσθαι
404 2246 422 2260 ·
454 2229 528 2284 De
552 2232 834 2300 disceptata
862 2235 914 2284 in
942 2234 1138 2301 synodo
1161 2235 1462 2302 quaestione,
1498 2249 1620 2286 num
1644 2250 1776 2285 unus
1801 2243 1849 2286 et
1880 2235 2015 2286 idem
2064 2232 2266 2285 duabus
2294 2233 2516 2286 sobrinis
2544 2230 2698 2300 jungi
2727 2230 2934 2290 debeat,
2984 2244 3034 2295 p.
3061 2227 3185 2280 465.

76 2309 224 2378 (11η.)
257 2314 314 2367 In
348 2315 477 2368 cod.
503 2315 725 2370 Barocc.
754 2317 1129 2372 μέλ-1⁵³118.
1163 2319 1215 2370 in
1249 2319 1405 2372 codd.
1434 2318 1590 2385 1527,
1627 2335 1658 2371 ιι

1627 2335 1681 2371 n.
1714 2319 1800 2380 15,
1828 2329 1882 2372 et
1908 2318 2037 2372 1551
2070 2359 2084 2382 ,
2121 2335 2180 2374 n.
2205 2318 2312 2382 49;
2352 2317 2654 2371 Vindobon.
2688 2315 2740 2367 in
2776 2314 2894 2368 cod.
2932 2314 3017 2375 15,
3043 2329 3100 2367 ιι.
3130 2313 3183 2375 9,

69 2412 112 2449 ex
135 2414 218 2465 quo
242 2399 604 2469 Responsum,
643 2401 694 2454 in
731 2401 949 2457 Freheri
974 2402 1104 2457 lure
1130 2402 1225 2457 Gr.
1261 2402 1408 2458 Rom.
1440 2412 1574 2458 tum.
1605 2403 1648 2469 l,
1669 2420 1724 2474 p.
1750 2405 1853 2460 465
1884 2406 2105 2468 editum,
2153 2417 2311 2473 posse
2351 2402 2622 2458 emendari
2652 2417 2715 2454 ac
2745 2401 3002 2469 suppleri,
3030 2399 3189 2452 Lam-

68 2488 151 2540 hec.
181 2487 251 2552 Vl,
277 2497 416 2556 part.
449 2505 491 2549 t.
518 2504 572 2554 p.
609 2489 732 2553 105,
769 2497 1019 2556 testatur,
1069 2498 1123 2546 et
1184 2490 1239 2544 in
1288 2493 1410 2546 coal.
1464 2490 1592 2556 270,
1621 2509 1678 2546 ιι.
1713 2491 1768 2556 8,
1804 2491 2067 2560 Excerpta
2100 2505 2130 2543 a
2188 2489 2442 2544 Simeone
2474 2488 2792 2544 'l‘bessalon.
2845 2487 3021 2553 facta,
3052 2494 3186 2538 teste

61 2569 258 2627 'lambec.
291 2572 353 2637 ν,
388 2589 445 2642 ιι.
481 2573 608 2629 ιεδ.
645 2573 872 2645 ("ut")
948 2567 956 2583 ‘
1191 2565 1193 2567 ’

111 2658 166 2710 4’.
219 2659 504 2730 Ἐπιστολὴ
535 2661 698 2730 χάριν
725 2661 833 2713 τῶν
857 2660 1147 2730 διδομένων
1177 2660 1534 2732 θυμιαμάτων
1566 2661 1715 2733 παρὰ
1746 2661 1840 2715 τοῦ
1879 2662 2219 2734 πατριάρχου
2277 2661 2418 2715 κατὰ
2458 2659 2552 2731 τὴν
2588 2658 2800 2728 ἡμέραν
2828 2658 2924 2728 τῆς
2950 2657 3190 2726 κατηχή-

70 2760 197 2806 estur
227 2745 461 2812 Epistola
485 2748 550 2801 de
577 2749 816 2814 incensis,
846 2765 960 2818 qua
988 2765 1020 2801 a
1045 2751 1347 2815 patriarcha
1377 2751 1497 2802 dari
1523 2749 1682 2802 solent
1715 2763 1772 2800 eo
1792 2749 1877 2803 die
1902 2766 2000 2819 quo
2030 2749 2304 2802 catechesis
2345 2749 2584 2810 habetur,
2615 2761 2666 2814 p.
2699 2743 2819 2798 470.

113 2828 172 2880 5'.
221 2823 428 2899 Μειλέτή
459 2832 622 2900 χάριν
647 2832 744 2900 τῆς
773 2832 853 2894 τις
883 2831 1008 2893 τοὺς
1037 2831 1215 2892 θείους
1240 2833 1401 2895 ναοὺς
1432 2831 1542 2884 τῶν
1572 2835 1946 2904 μοναστηρίων
1971 2834 2262 2903 γινομένης
2285 2832 2666 2903 μετακλήσεως
2695 2829 2783 2887 διὰ
2805 2828 3188 2899 σημαντηρίων

67 2914 214 2980 τριῶν·
247 2913 557 2968 Ηεᾱὶιαιιίηι
589 2917 654 2968 de
685 2919 1059 2979 conrocatione,
1083 2933 1200 2986 qua:
1219 2918 1281 2984 ﬁt
1317 2920 1386 2971 ad
1416 2934 1596 2972 sacras
1628 2922 2053 2982 monasteriorum
2091 2920 2225 2974 ades
2266 2936 2356 2986 per
2395 2921 2498 2971 tria
2538 2919 2706 2987 signa,
2738 2933 2792 2986 p.
2819 2916 2938 2971 476.
2975 2915 3186 2982 (hum)

70 2999 104 3050 ιιι
124 3002 222 3073 εοιΙτ
249 2999 492 3055 Naniano
515 3001 644 3064 228,
673 3019 728 3058 ιι.
753 3003 807 3056 5.
834 3002 900 3057 V.
929 3001 1047 3057 Cat.
1078 3003 1230 3056 codd.
1263 3003 1357 3057 Gr.
1385 3003 1614 3058 Nanian.
1647 3021 1661 3074 ι

515 3001 644 3064 228,
673 3019 728 3058 ιι.
753 3003 807 3056 5.
834 3002 900 3057 V.
929 3001 1047 3057 Cat.
1078 3003 1230 3056 codd.
1263 3003 1357 3057 Gr.
1385 3003 1614 3058 Nanian.
1647 3021 1704 3074 p.
1732 3006 1854 3063 H9.
1883 3005 2102 3077 (Ηιιιι.)

114 3085 173 3139 6°.
222 3087 507 3160 Ἐπιστολὴ
531 3089 696 3159 ’χάριν
733 3089 842 3142 τῶν
887 3088 1214 3158 ὁφειλουσῶν
1260 3088 1529 3143 τελεῖσθαι
1565 3093 1831 3160 νηστειῶν
1876 3093 2105 3147 ἑκάστου
2145 3093 2334 3157 ἔτους,
2380 3091 2688 3161 πεμφθεΐσα
2717 3089 2851 3158 πρὸς
2894 3091 3017 3152 τοὺς
3069 3090 3187 3141 Ἀνο

70 3175 246 3241 τισχεῐςη·
282 3174 524 3243 Epistota
556 3178 621 3230 de
645 3177 888 3247 jejuniis,
919 3193 1035 3248 quae
1083 3178 1263 3247 peragi
1301 3177 1481 3231 debent
1521 3194 1611 3247 per
1648 3179 1878 3247 singulos
1925 3196 2112 3244 annos,
2161 3181 2319 3234 missa
2358 3181 2425 3232 ad
2456 3177 2845 3236 Antiocherrses,
2874 3185 2926 3228 et
2957 3176 3183 3241 primum

70 3253 203 3313 Grece
227 3273 285 3313 ac
316 3259 514 3316 Latine
536 3265 676 3317 edita
704 3279 732 3316 a
758 3263 916 3316 Joan.
950 3262 1188 3329 Baptista
1215 3263 1491 3329 Cotelerio,
1528 3273 1657 3318 tom.
1689 3264 1734 3317 ll
1765 3265 2085 3319 Monument.
2139 3264 2384 3319 Ecclesiae
2425 3266 2590 3317 Gra’c.
2630 3279 2679 3332 p.
2723 3261 2981 3324 492ο514,
3011 3260 3183 3314 Paris.

71 3343 250 3404 1681,4.
277 3346 494 3415 (Eum)
526 3347 616 3418 [ν.
652 3347 878 3401 Bandiui
905 3348 1025 3402 Cat.
1052 3348 1208 3402 codd.
1249 3349 1343 3401 Gr.
1378 3347 1662 3404 Laurent.l

1592 3348 1698 3414 ι.1,
1742 3366 1796 3419 p.
1821 3351 1908 3414 11,
1939 3367 1991 3404 ιι.
2014 3351 2119 3415 99;
2157 3362 2294 3418 etp.
2329 3352 2416 3414 78,
2454 3367 2510 3404 ιι.
2546 3349 2643 3414 60;
2675 3357 2728 3403 et
2753 3347 2940 3402 Lamb.
2974 3347 3080 3400 vol.
3121 3348 3182 3410 ν,

30 3453 34 3494 ε
72 3430 204 3490 1558
228 3447 305 3501 sq.
329 3450 384 3487 ιι.
424 3434 514 3494 12,
549 3433 725 3501 ibique
754 3432 952 3487 Kullar.
986 3433 1040 3488 lu
1066 3435 1181 3489 eod.
1217 3433 1386 3487 Parls.
1428 3435 1583 3494 1528,

1622 3433 2077 3506 ιι.41.(ΗΑιιι,.)]
2125 3433 2339 3490 Tamum
2390 3437 2692 3505 synodicum
2742 3432 2967 3501 appellat
2996 3432 3180 3485 Balsa-

30 3547 34 3580 ζ
76 3529 155 3566 non
176 3517 232 3569 ad
263 3518 594 3586 interrogata
625 3517 790 3570 Marci
819 3520 975 3573 Alex.
1011 3528 1202 3587 quaest.
1237 3519 1325 3581 55,
1353 3529 1407 3574 et
1447 3521 1634 3588 paucis
1665 3524 1882 3575 mutatis
1903 3524 2064 3576 etiam
2106 3526 2171 3574 ad
2207 3520 2565 3575 Theodosium
2615 3520 2970 3586 Sarpeiotem,
3000 3533 3186 3569 mona-

74 3601 182 3654 rium
209 3602 256 3658 in
286 3605 417 3662 valle
454 3605 514 3660 S.
545 3605 794 3660 Ausentii
829 3607 1049 3660 missum
1079 3622 1108 3660 a
1141 3621 1199 3661 se
1233 3613 1467 3661 testatur
1521 3607 1574 3659 in
1605 3605 1864 3672 Responso
1902 3607 2086 3677 synodi
2145 3605 2306 3661 CPol.
2358 3606 2450 3658 sub
2496 3604 2720 3657 Nicolao
2758 3603 3059 3671 patriarcha
3108 3601 3176 3652 ad

76 3691 341 3748 mitiorum
396 3693 606 3745 tertiam
639 3693 1005 3745 monachorum
1048 3695 1409 3761 quorumdam.
1444 3692 1595 3759 cuius
1637 3706 1861 3761 partem,
1896 3696 2079 3750 Latine
2126 3705 2325 3748 tantum
2355 3695 2422 3747 ab
2465 3692 2693 3748 Herveto
2742 3692 2962 3753 editam,
2991 3689 3177 3744 Grzece

77 3785 166 3826 mss.
190 3777 318 3841 regis
348 3777 728 3830 Cbristianiss.
749 3779 896 3832 dedit
917 3779 1056 3833 idem
1081 3777 1386 3833 COtelerius
1405 3780 1456 3832 in
1491 3779 1642 3833 Notis
1667 3781 1730 3832 ad
1759 3779 2181 3834 Constitutiones
2208 3780 2434 3848 apostol.
2463 3780 2555 3833 lib.
2584 3795 2637 3845 ν,
2663 3794 2779 3847 cap.
2817 3779 2907 3834 20.
3221 3775 3223 3778 ⁴

121 3857 174 3912 7’.
230 3861 518 3932 Ἐπιστολὴ
547 3864 704 3933 χάριν
731 3863 840 3916 τῶν
878 3866 1197 3934 ῥασοφόρων
1220 3884 1234 3898 ’
1258 3865 1492 3934 Epistola
1515 3867 1577 3918 de
1602 3883 1712 3920 rasa

1602 3868 1894 3934 rasophoris
1917 3868 2012 3936 (ὁ),
2041 3869 2152 3922 sive
2179 3861 2452 3921 monachis
2497 3867 2563 3921 ad
2606 3866 2966 3921 Theodosium
3000 3879 3188 3917 mona-

77 3941 184 3997 chum
202 3947 516 4019 καθηγητὴν
547 3948 654 4001 τῶν
677 3948 818 4001 κατὰ
847 3949 1119 4003 Παπξκιον
1160 3951 1532 4021 μοναστηρίων
1563 3967 1668 4020 pra:

1599 3954 1900 4019 rmpositum
1933 3953 2649 4022 Papiciimrrrnasteriorum.
2699 3952 2848 4005 Edita
2889 3951 2957 4003 ab
3000 3951 3189 4002 eodem

77 4029 295 4102 Cotelerio,
327 4046 463 4091 tom.
499 4036 568 4089 Ill
597 4035 920 4094 lonumeut.
949 4052 1073 4108 pag.
1106 4040 1233 4105 475,
1265 4040 1386 4104 494,
1419 4027 1589 4095 Paris.
1620 4040 1668 4094 11

1620 4040 1775 4104 1686,
1805 4040 1858 4093 4.
1890 4040 2101 4110 (Fam)
2147 4040 2444 4095 Vindobon.
2480 4040 2538 4093 in
2567 4039 2686 4093 cod.
2718 4038 2783 4091 15
2815 4035 3014 4090 Czesar.
3047 4051 3099 4087 ιι.
3130 4037 3185 4087 4.

78 4114 119 4170 1.
140 4117 356 4176 Lamhee.
390 4122 479 4188 Vl,
514 4133 654 4193 part.
685 4142 724 4186 ι,
749 4140 872 4196 pag.
907 4127 1030 4190 115,
1058 4127 1145 4181 ubi
1175 4127 1375 4182 Kollar.
1407 4127 1461 4181 ln
1488 4137 1600 4180 not.
1639 4139 1705 4178 ex
1737 4124 1988 4180 Cotelcrii
2023 4127 2163 4191 loco,
2219 4140 2250 4178 a
2284 4126 2535 4179 Fabricio
2561 4125 2674 4193 jam
2705 4123 2893 4187 citato,
2924 4123 3184 4176 adnotatt.

77 4199 120 4255 de
137 4202 314 4274 Prpicio
339 4217 395 4262 et
429 4207 743 4277 rasopborls
769 4220 1049 4282 excerptas
1073 4213 1323 4267 reddidit.
1353 4211 1575 4282 (Hnt..)

122 4287 327 4347 Nicolaus
351 4293 662 4348 Comnenus
682 4291 1009 4364 Papadopoli
1041 4296 1091 4349 in
1117 4297 1537 4354 Prwnotionibus
1567 4299 1950 4368 mystagogicis,
1973 4313 2094 4368 pag:
2121 4298 2176 4364 5,
2205 4299 2332 4352 citat
2358 4296 2712 4365 Athenagora
2741 4295 3098 4348 testimonium
3122 4309 3187 4349 ex

77 4371 339 4434 Balnmonis
371 4379 625 4445 Rupons.
653 4380 720 4434 ad
749 4383 907 4448 epist.
935 4381 1109 4451 Cypri.
1141 4397 1250 4452 quo
1277 4393 1474 4448 monet,
1503 4383 1852 4440 ordinationis
1883 4385 2148 4452 negotium
2183 4386 2511 4453 negotiorum
2542 4383 2780 4438 omnium
2822 4382 2878 4434 in
2938 4379 3174 4434 Ecclesia

78 4462 298 4546 uastum
323 4482 387 4522 ac
415 4466 811 4523 divinissimnm
839 4468 907 4522 ab
929 4466 1068 4534 ipsls
1093 4467 1256 4522 fuisse
1287 4468 1537 4546 habitum
1555 4470 1829 4537 apostolis.
1859 4471 2076 4540 (FABR.)

120 4544 162 4599 11
181 4551 287 4604 eod.
311 4553 492 4609 Paris.
523 4553 658 4631 bibl.
695 4554 841 4623 publ.
877 4553 1034 4623 1528,
1065 4572 1120 4610 ιι.
1144 4555 1206 4610 21
1243 4571 1362 4626 sqq.
1409 4544 1738 4611 Balsamonis
1771 4558 1972 4613 scholia
2021 4559 2084 4612 ad
2130 4559 2387 4629 quasdam
2418 4554 2663 4626 Gregorii
2711 4551 3183 4616 Neocasariensis,

81 4627 310 4700 Athanasii,
339 4627 551 4707 Basilii,
584 4640 826 4712 Gregorii
855 4639 1262 4712 Nysseui,,etc.,
1296 4643 1581 4709 Epistolas.
1609 4672 1680 4682 —
1707 4642 1840 4698 Tres
1882 4627 2512 4711 Balsamonis‘Epistolae,
2553 4643 2604 4696 in
2642 4641 2762 4695 cod.
2794 4639 3031 4693 Naniano
3057 4639 3184 4703 281,

83 4730 116 4765 η.
135 4718 223 4773 ﬁt.
247 4720 360 4779 Viti.
381 4725 506 4782 Cal.
533 4725 685 4782 codd.
715 4727 810 4782 Gr.
847 4728 981 4782 Nan.
1009 4745 1063 4798 p.
1085 4729 1192 4782 470
1243 4728 1381 4782 Add.
1411 4741 1593 4794 supra,
1625 4729 1730 4782 vol.
1759 4729 1864 4790 Vll,
1897 4745 1948 4796 p.
1981 4729 2105 4792 655,
2133 4729 2234 4782 sub
2268 4729 2365 4780 tiu.

127 4801 416 4864 Balssmouis
433 4809 709 4868 Carmina.
742 4814 932 4869 Venet.
967 4814 1020 4866 in
1051 4815 1185 4868 cod;
1209 4813 1322 4866 bib.
1367 4811 1652 4870 Marciana
1697 4814 1818 4872 521.
1855 4814 1914 4868 V.
1950 4814 2068 4869 Cat.
2116 4815 2272 4869 codd.
2304 4803 2402 4867 Gr.
2441 4813 2605 4866 Marc.
2635 4825 2687 4879 p.
2721 4810 2846 4864 285.
2885 4839 2951 4850 --
2980 4809 3181 4864 Versus

82 4893 398 4963 Quinquaginta
439 4886 657 4954 iambicl
711 4901 766 4953 in
814 4897 1067 4968 Lapidem
1091 4898 1395 4968 quemdam,
1451 4907 1553 4952 etc.
1585 4898 1819 4955 Florent.
1853 4900 1904 4954 iu
1936 4900 2054 4956 eod.
2086 4898 2340 4953 Laurent.
2401 4897 2470 4962 ν,
2495 4913 2549 4951 n.
2575 4898 2665 4950 27.
2690 4896 2757 4950 ν.
2803 4897 3029 4951 Bandin.
3065 4896 3184 4948 Cat.

85 4977 191 5032 ωόιί.
211 4978 294 5036 Gr.
321 4981 490 5038 Laur.
513 4980 578 5046 11,
599 4997 655 5052 p.
684 4982 806 5037 665.

690 4982 806 5037 665.
2279 5021 2281 5024 ι

125 5061 394 5138 lsrtyrinrn
421 5069 715 5134 Theodori,
746 5069 1044 5133 orientalis,
1080 5077 1134 5124 et
1166 5067 1396 5135 Claudii,
1424 5079 1646 5134 auctore
1675 5067 1984 5138 Theodoro,
2008 5071 2313 5143 patriarcha
2342 5072 2701 5141 Antiocheno,
2721 5074 2775 5128 in
2806 5073 2926 5129 cod.
2962 5072 3180 5127 Selden.

82 5143 143 5209 εὶ.
170 5166 208 5206 s.
224 5169 272 5211 ιι.
305 5155 465 5220 5274,
501 5157 554 5208 in
577 5153 696 5210 Cat.
722 5154 874 5210 codd.
909 5156 1132 5224 Anglia,
1159 5163 1291 5220 etc.,
1320 5164 1455 5212 tom.
1481 5155 1528 5212 ι.

130 5234 351 5311 Dionysii,
372 5242 616 5310 arebiep.
640 5239 1005 5306 Alexandrini,
1035 5242 1272 5309 Epistola
1323 5241 1392 5297 de
1434 5243 1562 5298 hora
1590 5243 1780 5310 lejanli
1809 5240 2065 5306 Pascha,
2121 5243 2682 5299 cumvComnientario
2742 5245 3092 5310 Balsamonis,
3129 5246 3184 5299 in

90 5317 180 5382 Bibl.
207 5325 345 5383 Patr.
374 5330 557 5387 Paris.
585 5331 743 5397 1575,
772 5330 882 5386 vol.
909 5328 930 5384 1
947 5345 965 5396 ;
999 5329 1130 5386 ibid.
1164 5329 1321 5397 1589;
1348 5329 1456 5386 vel.
1487 5329 1572 5398 111,
1606 5331 1681 5386 Gr

1350 5329 1456 5386 vel.
1487 5329 1572 5398 111,
1606 5331 1703 5386 Gr.
1728 5345 1792 5388 ac
1822 5330 1978 5395 Lat.;
2011 5329 2143 5385 ibidt
2165 5330 2272 5386 vol.
2302 5328 2344 5396 l,
2365 5346 2418 5401 p.
2443 5330 2570 5395 275,
2597 5331 2691 5386 [οι.
2723 5331 2941 5404 (Ηλιιι.)

110 5504 186 5590 ,1⁵)
559 5506 720 5569 etiam
771 5513 1106 5590 ῥαοβχξύται,
1157 5512 1432 5572 rasosivo
1462 5514 1701 5584 viliore»;

1592 5513 2080 5584 repanno-iuduti.
2144 5513 2275 5572 Vide
2305 5513 2492 5587 Cangii
2557 5513 2794 5570 Glossar.
2853 5519 2908 5567 et
2968 5508 3181 5565 Catela-

91 5577 201 5641 nam,
226 5577 305 5636 lib.
333 5577 388 5638 ui
416 5577 741 5639 ιοιιιιιιιιιιι.
771 5577 830 5655 ἰλ
857 5584 981 5642 659.
