4030 6340
154 428 220 489 25
1191 430 1393 490 GUIL.
1438 429 1839 489 BEVEREGII
1875 425 2283 487 PILEFATIO.
3218 407 3307 474 ,26

157 558 266 595 rere
299 541 552 594 inveniens
580 542 635 595 in
667 544 926 599 nonnullis
970 544 1225 599 codicibus
1254 563 1481 599 errorem
1512 547 1782 611 scriptura:
1828 548 1966 597 circa
1995 544 2237 597 Celestini
2275 556 2456 593 nomen
2499 536 2741 606 (namque
2773 550 2865 601 pro
2896 531 3117 587 Calcstio
3152 528 3306 581 Cele-

153 630 318 682 stinus
347 630 567 697 insertus
599 635 695 697 est)
721 632 870 683 dictis
902 634 1106 696 scriptis
1134 650 1194 685 ne
1217 634 1446 684 animum
1473 633 1730 684 advertas.
1763 630 1899 682 Nam
1936 631 2219 684 Celestinus
2259 644 2391 694 papa
2412 638 2519 680 erat
2555 624 2839 685 Rontanus,
2874 618 3211 678 orthodoxus,
3246 622 3301 664 ut

152 732 306 783 supra
332 718 523 768 dictum
553 725 631 769 est
666 732 685 770 :
714 717 966 771 Cslestius
990 735 1105 771 vero
1139 736 1252 771 cum
1290 717 1531 783 Nestorio
1567 718 1834 779 sentiebat,
1863 720 1963 769 sive
2012 717 2287 769 Ita'reticns
2315 724 2445 766 erat.
2482 711 2606 776 ουκ
2639 712 2745 776 ipsa
2778 704 3109 759 Balsamonis
3144 703 3302 753 verba

152 810 365 855 exstant
391 803 444 854 in
474 802 689 855 scholiis
716 804 830 869 ejus
857 806 921 855 ad
956 804 1178 869 primum
1230 805 1415 872 synodi
1445 804 1725 871 Ephesinte
1761 818 2043 856 canonum.
2089 801 2364 854 Matthzeus
2395 798 2659 851 Blastares
2688 794 2849 848 etiam
2894 792 2945 844 in
2972 788 3305 856 alphabetico

152 888 310 953 ipsius
338 897 683 957 syntagmate,
713 889 823 942 haec
855 889 1181 943 Balsamonis
1235 890 1432 942 scholia
1462 905 1562 941 non
1595 888 1722 941 citat
1746 893 1920 950 modo,
1954 891 2045 940 sed
2072 898 2124 941 et
2154 886 2377 939 subinde
2409 882 2736 937 transcribit.
2774 878 2909 943 Quin
2937 876 3104 968 etiam.
3134 874 3303 968 Isido—

153 987 241 1026 rus
271 972 560 1034 Mercator,
592 975 658 1025 ad
696 974 935 1027 Latinam
964 990 1113 1032 suam
1145 990 1407 1028 canonum
1440 975 1739 1028 versionem
1781 976 2167 1043 exornandam,
2200 972 2351 1025 hisce
2379 967 2777 1023 commentariis
2808 978 2935 1017 usus
2953 969 3055 1015 est.
3087 962 3137 1013 is
3161 962 3301 1011 enim

151 1073 255 1111 sua
282 1058 581 1110 duodecimi
605 1061 822 1112 canonis
854 1061 1036 1129 synodi
1080 1060 1401 1129 Gangrensis
1427 1061 1655 1112 versioni
1690 1060 1799 1112 hcce
1834 1059 2129 1123 interserit,
2158 1058 2313 1125 Beros
2342 1058 2549 1109 videtur
2573 1051 2855 1106 Balsamon
2898 1050 3160 1113 episcopus
3196 1044 3301 1095 An'

150 1142 411 1195 tisthenes
445 1143 580 1195 hunc
616 1144 781 1195 locum
832 1146 1204 1210 interpretans,
1233 1160 1412 1197 uocare
1436 1154 1594 1197 uestes
1622 1161 1687 1198 ex
1716 1148 1877 1197 serico
1918 1155 2203 1197 contextus.
2258 1144 2317 1195 Et
2356 1145 2425 1194 ita
2479 1139 2689 1194 ouidem
2727 1136 3093 1189 Balsamonetn
3119 1143 3301 1183 vocem

149 1225 356 1293 Βήρους
389 1229 794 1296 interpretatum
846 1243 967 1294 esse,
997 1242 1061 1283 ex
1100 1229 1211 1283 schr
1234 1229 1317 1282 liis
1345 1229 1459 1298 ejus
1493 1230 1541 1280 ‘n
1573 1229 1773 1283 dictum
1802 1247 2057 1283 canoncm
2093 1232 2365 1284 elucescit.

220 1315 260 1363 Δ
295 1323 534 1379 tempore
562 1324 736 1365 autem
759 1328 867 1381 qu)
902 1324 1267 1367 consummata
1308 1324 1426 1367 sunt
1455 1313 1760 1367 doctissima
1809 1318 1918 1367 hac
1952 1316 2277 1369 Balsamonis
2309 1318 2359 1367 in
2402 1315 2832 1367 Nomocanonem
2870 1305 3063 1365 Photii,
3088 1314 3142 1357 et
3173 1316 3297 1355 cono

148 1398 388 1450 ciliornm
430 1397 754 1467 Patrumque
783 1414 828 1451 c.
852 1414 1017 1453 nones
1048 1414 1195 1453 c0mr
1226 1400 1455 1463 entaria,
1486 1401 1902 1468 quadringentos
1938 1402 2317 1469 propemodum
2371 1414 2537 1454 annos
2591 1397 2729 1449 inter
2766 1392 2979 1446 Graecos
3009 1390 3303 1448 latuerunt,

146 1485 343 1538 Latinis
374 1485 641 1552 plerisque
676 1486 944 1551 incognita
975 1506 987 1540 :
1017 1487 1184 1541 donec
1224 1486 1516 1541 Gentianus
1540 1485 1819 1549 llervetus,
1849 1486 2112 1550 Tridenti,
2144 1502 2262 1541 cum
2297 1484 2582 1540 concilium
2617 1482 2685 1535 ibi
2722 1481 3026 1537 haberetur.
3064 1489 3302 1529 commo-

145 1587 281 1633 rans,
314 1581 371 1623 et
394 1583 699 1627 accttratum
724 1589 818 1627 eor
862 1592 909 1627 m
946 1585 1133 1631 nactus
1160 1592 1209 1630 e.
1230 1574 1433 1642 emplar
1463 1590 1488 1626 a
1519 1572 1727 1626 Joanne
1780 1574 1934 1635 Tilio,
1959 1574 2209 1641 episcopo
2250 1556 2543 1633 Briocensi,
2578 1568 2702 1620 illud
2735 1565 2929 1618 Latine
2964 1563 3140 1615 vertit.
3176 1561 3304 1624 Quze

146 1656 249 1720 eius
279 1661 460 1709 versio
507 1660 625 1711 sine
662 1659 823 1714 Cruci
909 1662 1144 1725 textu,‘a
1198 1661 1479 1714 tinilielmo
1525 1659 1748 1713 Iorelio
1797 1659 2013 1712 Lutetize
2045 1657 2368 1712 Parisiorum
2400 1657 2537 1727 typis
2582 1654 2829 1706 mandata
2874 1649 2974 1703 luit
3019 1662 3160 1701 anno
3201 1646 3301 1697 Do-

146 1742 260 1793 mini
286 1741 448 1794 1561.
481 1742 610 1797 Post
650 1746 848 1799 multo.
880 1758 1056 1799 autem
1108 1760 1275 1800 annos
1321 1744 1615 1812 bibliopola:
1645 1743 1972 1798 Parisienses
1999 1743 2240 1796 Graecum
2290 1742 2558 1809 quoddam
2605 1737 2875 1792 consecuti
2917 1733 3309 1801 apographum,

145 1824 267 1880 illud
301 1843 409 1879 una
443 1842 565 1880 cum
606 1830 857 1896 pradlcta
887 1829 1099 1883 Herveti
1126 1831 1371 1884 versione
1412 1831 1463 1882 in
1512 1830 1778 1897 publicam
1836 1830 2007 1882 lucem
2056 1830 2375 1891 emiserunt,
2404 1824 2625 1878 Lutetiae
2673 1822 2999 1875 Parisiorum
3033 1831 3171 1869 anno
3203 1816 3305 1867 Do-

147 1912 267 1965 mini
301 1912 463 1967 1630.
501 1915 569 1967 Et
597 1916 707 1968 hac
733 1917 951 1985 quidem
979 1916 1164 1980 editio,
1195 1931 1363 1985 eaque
1391 1915 1529 1975 sola.
1572 1916 1637 1967 ab
1662 1929 1727 1967 eo
1750 1928 1919 1979 usque
1948 1923 2183 1979 tempore
2221 1915 2498 1969 doctorum
2527 1911 2769 1963 manibus
2801 1907 2922 1958 trita
2956 1904 3071 1956 fuit.
3108 1901 3303 1954 Verum

144 1998 410 2053 enimvero
457 2002 583 2054 licet
634 2003 699 2055 ad
733 2003 887 2056 istam
936 2004 1301 2057 exornandam
1350 2004 1640 2055 editionem
1678 2001 2057 2058 Parisiensem,
2088 2001 2251 2051 multa
2278 2013 2343 2051 ex
2379 2012 2503 2049 mss.
2546 1994 2838 2054 Vaticanis,
2870 2001 2920 2043 et
2953 1988 3203 2042 nonnulla
3234 2000 3300 2039 es

142 2086 324 2138 codice
370 2085 641 2140 heredum
662 2088 880 2142 Achillis
910 2087 1122 2153 Harizi,
1155 2089 1306 2157 primi
1341 2090 1391 2141 in
1417 2102 1665 2149 suprema
1699 2090 1847 2140 curia
1882 2074 2170 2141 Parisiensi
2200 2085 2473 2152 praesidis,
2509 2082 2727 2134 collecta
2758 2079 2986 2138 fuerint;
3022 2073 3303 2141 quamplu-

148 2171 271 2223 rima
301 2178 484 2224 tamen
520 2171 577 2225 in
626 2188 685 2226 ea
713 2168 885 2228 dbctis
926 2177 1099 2231 adhuc
1147 2179 1445 2232 desiderata
1478 2186 1618 2232 sunt.
1653 2177 1826 2229 Multas
1868 2175 2010 2226 enim
2044 2172 2243 2227 lacuna:
2274 2173 2324 2222 in
2376 2172 2490 2235 ipso
2520 2168 2707 2221 Grteco
2739 2173 2883 2216 textu
2932 2164 3127 2216 relicua
3152 2168 3302 2219 sunt,

150 2271 255 2321 qua
276 2273 305 2309 a
342 2259 488 2309 nullo
513 2260 800 2325 exemplari
822 2260 1009 2315 Graeco
1040 2264 1271 2331 suppleri
1302 2274 1549 2329 poterant
1576 2282 1589 2315 :
1620 2274 1673 2315 et
1703 2262 1799 2328 ipsi
1830 2260 2067 2311 editores
2098 2257 2324 2324 ingenue
2368 2257 2624 2312 fatentur.
2652 2267 2708 2305 se
2735 2253 2787 2303 in
2821 2250 3022 2302 nullum
3052 2245 3303 2301 incidisse

144 2341 430 2407 perlectum
463 2353 514 2396 et
558 2345 825 2409 expletum
859 2348 1096 2399 codicem
1144 2348 1407 2406 Gracum.
1440 2347 1530 2414 qui
1571 2346 1810 2399 Latinam
1848 2344 2057 2396 Herveti
2098 2347 2394 2394 versionem
2428 2348 2688 2405 aequaret,
2715 2352 2875 2404 quam
2930 2334 3096 2388 nihilo
3127 2332 3302 2385 εθοὶιιε

144 2427 510 2481 adhibuerunt.
538 2430 655 2492 Quo
695 2429 891 2483 factum
940 2441 1043 2495 est,
1091 2442 1147 2486 ut
1188 2434 1323 2486 inter
1350 2433 1592 2485 Graecum
1639 2441 1840 2484 textum
1879 2440 1932 2482 et
1979 2428 2218 2481 Latinam
2256 2429 2575 2485 tersioneni,
2604 2421 3015 2490 quatnplurim'ls
3062 2419 3114 2471 in
3169 2418 3301 2468 IOCiS

146 2512 353 2565 minime
372 2515 685 2577 conveniat,
721 2528 838 2568 eum
864 2518 1139 2585 exemplar
1167 2534 1270 2587 quo
1308 2533 1434 2571 usus
1461 2526 1542 2570 est
1570 2516 1863 2576 Gentianus
1902 2515 2160 2571 llervetus
2192 2528 2333 2567 nunc
2365 2514 2538 2580 plura,
2570 2525 2709 2564 nunc
2741 2508 2989 2575 pauciora
3024 2505 3296 2565 habuerit,

142 2598 295 2661 quam
320 2597 453 2651 illud
482 2601 622 2666 quod
653 2601 766 2668 ejus
790 2603 1017 2655 versioni
1048 2605 1421 2671 adiunxerant.
1446 2603 1512 2657 Et
1554 2602 1640 2655 ubi
1687 2606 1903 2659 totidem
1936 2604 2213 2672 utrobique
2251 2611 2375 2655 sunt
2428 2597 2726 2655 sententiae.
2755 2609 2945 2649 sensus
2975 2603 3155 2645 tamen
3198 2589 3285 2641 hic

142 2699 289 2759 atque
317 2692 389 2744 ibi
416 2691 555 2745 alius
586 2708 725 2760 sape
758 2696 1191 2761 deprehenditur.

202 2776 333 2828 Cum
360 2776 542 2842 itaque
594 2774 915 2832 Pariaiensls
966 2780 1155 2832 horum
1209 2780 1541 2836 Balsamonis
1575 2783 1627 2836 in
1658 2799 1887 2839 canones
1916 2786 2421 2842 commentariorum
2468 2781 2633 2834 editio
2686 2779 2823 2832 adeo
2880 2774 3063 2828 mutila
3116 2771 3300 2831 fuerit.

143 2868 291 2927 atque
325 2860 661 2927 imperfecta,
692 2878 904 2916 summo
935 2867 1005 2917 rei
1032 2868 1300 2921 canonica:
1328 2869 1685 2921 emolumento
1719 2872 1931 2933 accidit,
1967 2882 2027 2924 ut
2056 2880 2205 2923 vetus
2243 2870 2524 2921 admodum
2544 2876 2595 2916 et
2635 2863 2956 2930 completum
2994 2859 3299 2911 eorntndem

143 2946 410 3014 exemplar
444 2947 496 2999 in
532 2948 947 3015 locupletissima
977 2962 1157 3005 nostra
1193 2953 1517 3008 bibliotheca
1567 2954 1847 3008 Bodleiana
1893 2954 2110 3009 Oxonia:
2140 2941 2473 3011 haberemus,
2502 2951 2641 3019 quod
2670 2946 3067 3016 quadringentis
3090 2945 3304 2997 circiter

144 3032 331 3086 abhinc
370 3033 546 3093 annis.
577 3044 632 3085 ut
662 3049 725 3087 ex
760 3036 973 3100 charta,
1009 3038 1429 3103 characteribus,
1462 3041 1728 3108 ligaturis,
1763 3043 1985 3110 aliisque
2024 3040 2325 3093 istiusmodi
2355 3034 2927 3102 antiquitatiyindiciis
2956 3031 3296 3097 conjicimns,

143 3121 365 3187 eleganti
408 3136 567 3174 manu
603 3133 882 3176 exaratum
924 3126 1069 3191 prelo
1121 3129 1329 3179 tandem
1367 3129 1652 3193 aliquando
1707 3128 2052 3195 subiecimus.
2081 3136 2133 3178 et
2186 3124 2380 3192 publici
2432 3123 2529 3176 hoc
2571 3123 2623 3173 in
2665 3134 2824 3187 opere
2868 3117 3004 3182 juris
3057 3117 3299 3170 iecimus.

144 3206 320 3274 Neque
354 3209 497 3261 enim
535 3209 613 3262 fas
640 3220 772 3273 erat,
813 3220 869 3265 ut
898 3222 1003 3264 tam
1046 3215 1339 3279 pretiosum
1377 3216 1512 3281 juris
1544 3215 1783 3268 canonici
1813 3213 2093 3280 κειμή).ιον
2126 3214 2175 3264 in
2208 3226 2304 3263 una
2348 3212 2665 3264 bibliotheca
2696 3207 2895 3259 diutius
2932 3206 3122 3257 lateret
3151 3223 3165 3256 :
3197 3219 3302 3270 quo

144 3304 237 3343 non
266 3291 429 3345 modo
462 3308 665 3360 omnes,
700 3310 819 3364 quae
848 3297 899 3350 in
934 3300 1099 3365 priori
1134 3299 1347 3352 luerunt
1384 3302 1639 3361 editione.
1681 3303 1883 3353 lacunae
1914 3299 2165 3365 suppletae
2198 3308 2353 3360 sunt;
2386 3312 2566 3347 verum
2603 3296 2761 3345 etiam
2784 3293 2885 3345 alia
2915 3292 3301 3358 quamplurima

145 3376 210 3428 ibi
234 3378 559 3442 desiderata,
598 3382 682 3434 hic
730 3383 1138 3445 intersernntur,
1171 3394 1223 3436 et
1254 3388 1429 3437 onmia
1455 3386 1564 3438 l‘ere
1599 3401 1763 3455 usque
1804 3386 1937 3437 adeo
1972 3386 2345 3445 emendantur,
2374 3390 2428 3432 nt
2462 3394 2585 3432 vera
2623 3378 2958 3431 Balsamonis
2982 3375 3304 3429 Antiocheni

146 3460 193 3512 in
228 3476 466 3516 canones
486 3467 871 3518 commentaria
901 3480 1039 3519 nunc
1068 3468 1296 3532 primum
1329 3467 1380 3519 in
1406 3468 1573 3521 lucem
1598 3472 1793 3526 emissa
1818 3470 2140 3539 videantur.

205 3569 284 3623 Ad
333 3569 592 3636 majorem
640 3582 812 3627 tamen
843 3575 1023 3644 operis
1068 3585 1314 3629 ornatum
1356 3577 1560 3632 duobus
1590 3578 1709 3632 aliis
1733 3581 2037 3632 eorumdem
2094 3580 2429 3633 scholiormn
2480 3578 2756 3632 codicibus
2800 3590 2932 3629 mss.
2964 3574 3043 3627 usi
3091 3588 3293 3632 sumus.

146 3652 468 3718 ltoniensi,
502 3667 558 3711 et
589 3660 1015 3714 Amerbachiano
1042 3677 1056 3725 ;
1092 3675 1315 3728 quorum
1345 3662 1471 3716 illud
1506 3665 1837 3732 amplissimo
1858 3666 1973 3719 viro
2002 3664 2269 3719 liii-hardo
2298 3666 2543 3734 Allcstry,
2573 3664 2677 3718 SS;
2710 3662 2985 3730 theologia:
3015 3658 3300 3729 professorl

149 3740 284 3807 regio
319 3740 377 3794 in
410 3741 698 3797 Academia
722 3743 1039 3809 Osoniensi,
1070 3755 1126 3799 et
1157 3748 1352 3817 regalis
1386 3750 1588 3818 collegii
1623 3748 1851 3804 Etenim
1886 3755 2161 3807 constituti
2223 3752 2474 3821 praelecto
2510 3761 2780 3819 acceptum
2814 3748 3033 3801 ferimus
3068 3765 3081 3799 :
3118 3742 3299 3811 utpote

149 3825 229 3888 qui
261 3840 450 3879 curam
497 3827 753 3882 adhibere
790 3831 1039 3897 dignatus
1082 3841 1185 3895 est,
1216 3846 1271 3886 ut
1305 3836 1576 3889 variantes
1617 3851 1679 3889 ex
1725 3838 1910 3890 codice
1961 3855 2059 3892 ms.
2093 3841 2144 3891 in
2194 3840 2509 3893 bibliotheca
2552 3838 2785 3903 ejusdem
2826 3833 3034 3901 collegii
3072 3831 3302 3897 reposito

149 3907 399 3963 lectiones
434 3902 831 3979 colligerentur.
883 3915 1031 3967 Alter
1063 3917 1231 3968 codex
1290 3932 1391 3970 ms.
1444 3933 1548 3985 quo
1577 3919 1740 3985 atljuti
1800 3936 2005 3986 sumus,
2035 3934 2119 3977 est
2155 3934 2389 3977 vetustus
2422 3924 2507 3974 ille
2533 3902 2591 3974 et
2616 3920 2853 3988 insignis,
2886 3920 2973 3985 qui
3010 3918 3061 3970 in
3094 3916 3303 3985 publica

152 3990 447 4048 Academia:
488 3994 808 4050 Basileensis
847 3998 1167 4052 bibliotheca
1198 4010 1395 4062 exstat.
1437 4004 1521 4057 cui
1576 4019 1697 4056 eum
1728 4004 2060 4059 clarissimus
2088 4010 2167 4059 vir
2219 4007 2443 4060 Basilius
2502 4005 2885 4059 Amet-bachius
2920 4009 2969 4072 (a
3025 4002 3173 4065 cujus
3204 4017 3305 4053 no-

154 4080 291 4133 mine
320 4080 791 4135 Amrbachianstrts
820 4085 1165 4155 appellamus)
1199 4086 1371 4155 legato
1396 4089 1537 4142 dedit
1569 4104 1707 4141 anno
1745 4089 1948 4143 Domini
2001 4093 2157 4145 1593.
2186 4094 2299 4158 Qno
2344 4094 2479 4145 inter
2512 4092 2636 4152 alia,
2679 4089 3010 4142 Balsamonis
3064 4087 3219 4141 simul
3255 4098 3306 4139 et

153 4158 365 4217 Zonarz
397 4164 453 4219 in
488 4180 721 4220 canones
768 4171 1175 4233 commentaria,
1222 4172 1390 4225 nitido
1422 4182 1474 4227 et
1522 4183 1733 4228 vetusto
1774 4178 2084 4229 charactere
2111 4179 2398 4243 descripta,
2427 4179 2799 4239 continentur;
2836 4176 2925 4227 sed
2956 4174 3159 4226 Zonara
3190 4188 3309 4240 per-

152 4255 303 4315 petuo
332 4246 637 4305 Balsamoni
662 4253 956 4315 premisso.
989 4252 1155 4318 liuius
1188 4255 1447 4323 elegantis
1491 4259 1687 4312 codicis
1714 4276 1867 4314 usum
1903 4260 2131 4313 l‘ructnm
2167 4263 2567 4314 honoratissimi
2609 4262 2751 4313 illius
2778 4261 3075 4319 Academiae
3110 4275 3298 4325 proce-

153 4345 230 4388 m
256 4332 327 4387 ad
358 4334 500 4388 hanc
518 4336 809 4390 editionem
833 4338 1191 4393 adornandam
1217 4344 1575 4409 permiserunt
1607 4344 1761 4400 nobis
1798 4348 2154 4400 exhibendum
2194 4364 2287 4415 per
2327 4364 2537 4400 manum
2569 4357 2621 4400 et
2656 4334 2971 4399 indusiriam
2996 4346 3291 4399 doctissimi

152 4419 242 4504 viri
268 4420 473 4475 domini
500 4418 724 4477 Joznnis
754 4421 1015 4491 Rodolphi
1054 4424 1361 4492 Wetstenii,
1404 4426 1522 4495 ﬁlii,
1566 4429 1655 4498 qui
1707 4441 1852 4487 tanta
1906 4435 2026 4497 “de,
2058 4445 2199 4487 tanta
2234 4436 2503 4504 diligentia
2542 4451 2642 4487 ms.
2696 4437 2853 4487 inllllll
2905 4423 3146 4487 codicem
3180 4449 3304 4485 cum

150 4502 541 4562 Parisiensibus
562 4506 889 4564 Balsamonis
924 4520 995 4565 et.
1018 4509 1239 4567 lunam
1275 4513 1594 4570 editionibus
1622 4520 1873 4579 contulit.
1911 4530 1966 4571 ut
1997 4536 2150 4587 pares
2204 4522 2251 4574 ei
2281 4502 2474 4589 gratias
2520 4520 2731 4575 referre
2760 4534 3095 4586 nequaquam
3132 4518 3333 4584 possic'

154 4604 295 4678 rtus,
323 4603 501 4661 neque
536 4606 635 4649 nos
677 4594 841 4659 solos,
867 4609 1052 4650 verum
1078 4602 1133 4652 et
1163 4612 1352 4653 omnes
1381 4601 1597 4655 omnino
1616 4601 1759 4678 juris
1782 4606 2027 4661 canonici
2055 4607 2323 4661 studiosos
2357 4608 2459 4662 hoc
2502 4608 2762 4674 singulari
2802 4607 2967 4673 ipsius
3001 4604 3181 4657 ot‘llcio
3204 4606 3301 4658 sibi

153 4673 199 4726 in
234 4684 496 4731 aeternum
545 4681 820 4737 devinctos
875 4681 1108 4737 habebit.
1149 4682 1347 4739 Omnes
1388 4687 1527 4740 enim
1591 4673 1772 4744 varias
1804 4691 2059 4747 lectiones
2097 4694 2514 4760 exquisitissime
2538 4673 2747 4762 collegit
2773 4709 2788 4754 ;
2818 4703 2871 4744 et
2904 4695 3064 4743 multa
3090 4692 3306 4760 insuper

157 4764 360 4830 antiqua
414 4765 467 4818 in
498 4780 727 4821 canones
750 4768 952 4822 scholia
990 4785 1020 4824 e
1053 4770 1233 4824 codice
1262 4771 1367 4823 isto
1387 4772 1695 4840 exscripsit,
1728 4789 1845 4842 quae
1879 4790 1975 4828 nec
2009 4776 2060 4828 in
2103 4775 2453 4841 Balsamonis,
2478 4793 2578 4832 nec
2621 4776 2841 4830 Zonara
2881 4768 3305 4839 commentariis,

157 4867 243 4909 nec
267 4855 400 4918 alio,
433 4869 689 4924 quantum
728 4860 949 4926 scimus,
980 4864 1163 4917 codice
1195 4864 1474 4917 habentur.
1500 4862 1609 4919 Hoc
1631 4880 1763 4922 sane
1795 4869 2076 4923 dolendum
2100 4880 2201 4933 est,
2240 4870 2379 4939 quod
2408 4870 2587 4923 nescio
2610 4883 2716 4937 quo
2752 4868 2859 4921 lato
2889 4878 3151 4921 accurata:
3180 4860 3297 4922 isti

158 4940 510 5005 collectiones,
546 4956 644 5011 per
672 4943 942 4999 biennium
982 4944 1099 5001 fere
1139 4948 1189 5000 in
1225 4950 1411 5001 itinere
1444 4951 1928 5017 harenles,,serius
1965 4956 2031 5008 ad
2065 4970 2257 5009 manus
2286 4966 2495 5008 nostras
2527 4964 2906 5023 pervenerunt,
2938 4969 3095 5021 quam
3134 4964 3187 5005 ut
3222 4952 3305 5005 di-

154 5036 230 5080 cta
254 5030 462 5086 scholia
498 5030 595 5098 ipsi
636 5032 815 5099 operis
864 5032 1018 5100 hujus
1061 5036 1269 5102 corpori
1304 5040 1413 5090 suis
1466 5038 1518 5092 in
1554 5039 1686 5094 locis
1729 5042 1973 5096 interseri
2019 5051 2286 5109 poterant.
2315 5040 2394 5093 Ne
2417 5040 2537 5108 quis
2565 5050 2739 5093 tamen
2788 5042 2853 5092 de
2882 5040 2948 5091 iis
2978 5040 3194 5093 omnino
3218 5040 3304 5094 hic

157 5112 466 5171 desideratis
493 5130 933 5187 conquereretur,
969 5135 1029 5174 ea
1051 5123 1250 5186 omnia,
1284 5121 1469 5176 Latine
1500 5127 1657 5179 etiam
1684 5142 1711 5179 a
1745 5128 1898 5181 nobis
1918 5142 2092 5190 versa.
2125 5127 2553 5181 annotationibus
2603 5127 2947 5188 inseruimus,
2982 5126 3048 5179 ad
3085 5128 3301 5179 eosdem

158 5201 315 5256 relata
340 5217 604 5266 eamea,
636 5205 830 5273 quibus
856 5207 907 5259 in
934 5208 1116 5261 codice
1145 5209 1567 5265 Amerbacbiano
1602 5214 1833 5279 ascripta
1867 5222 2009 5267 sunt.
2049 5212 2123 5265 Ex
2147 5212 2317 5267 variis
2341 5219 2517 5264 autem
2555 5211 2871 5265 lectionibus
2906 5224 3004 5277 pro
3030 5219 3303 5278 comperto

162 5283 428 5352 habemus.
462 5289 696 5346 codicem
728 5290 890 5344 istum
922 5292 1402 5347 Amerbachianum
1435 5309 1553 5349 cum
1587 5296 1875 5351 Bodleiano
1905 5308 2091 5352 nostro
2124 5298 2435 5365 plerumque
2478 5296 2795 5357 convenire,
2824 5295 2987 5349 etiam
3029 5295 3118 5348 ubi
3155 5294 3305 5346 l'ari-

158 5370 336 5426 siensis
370 5371 542 5427 editio
583 5375 651 5429 ab
678 5382 903 5445 utroque
930 5376 1241 5445 discrepat:
1280 5381 1415 5433 adeo
1465 5389 1523 5435 ut
1552 5384 1692 5437 inter
1714 5386 2018 5437 innumeras
2049 5384 2191 5446 illas,
2227 5398 2361 5452 quas
2414 5383 2745 5437 clarissimus
2776 5382 2876 5447 vir,
2912 5386 3012 5435 ms.
3040 5382 3300 5435 Atherba-

159 5453 540 5521 chiaaumqusn
568 5458 967 5521 Parisiensibus
988 5462 1269 5533 codicibus
1312 5466 1616 5532 conferens,
1665 5471 1842 5523 varias
1891 5470 2107 5538 collegit
2158 5470 2439 5531 lectiones,
2469 5483 2590 5521 raro
2620 5468 2904 5521 admodum
2960 5469 3088 5529 ulla,
3115 5476 3297 5517 notatu

159 5541 329 5596 saltem
358 5544 541 5614 digna.
569 5558 837 5611 occurrat,
859 5564 978 5619 qua
1005 5563 1035 5603 a
1079 5552 1263 5605 codice
1298 5564 1479 5607 nostro
1511 5556 1597 5609 hic
1641 5556 1901 5624 impresso
1947 5554 2193 5611 dissidet.
2226 5554 2379 5621 Quod
2415 5554 2553 5608 idem
2591 5562 2648 5609 st
2683 5557 2754 5608 ds
2784 5552 2967 5608 codice
2991 5550 3293 5605 Atheniensi

161 5626 431 5711 dicendum
460 5639 561 5683 est.
594 5630 832 5702 Namque
859 5633 1000 5689 inter
1022 5645 1133 5690 tres
1163 5637 1325 5692 hosce
1360 5640 1573 5696 codices
1604 5642 1801 5711 Optime
1824 5644 2103 5707 convenit;
2136 5638 2580 5710 quemadmodum
2633 5638 2688 5694 in
2710 5636 3143 5694 annotationibus
3164 5635 3300 5689 niui-

166 5709 305 5768 toties
332 5714 621 5773 observare
642 5716 788 5785 licet,
818 5719 906 5777 ubi
931 5728 1039 5777 tres
1072 5722 1234 5780 hosce
1261 5723 1470 5781 codices
1512 5740 1567 5783 se
1598 5709 1821 5791 invicem
1849 5709 2227 5786 conﬁrmantes
2257 5740 2397 5794 sape
2432 5724 2799 5794 producimus.
2826 5725 2965 5783 Inter
2986 5738 3080 5781 eos
3118 5731 3295 5780 autem
