4030 6340
611 417 669 480 3i
1662 421 1868 483 GUIL.
1913 423 2321 482 BEVEREGII
2357 412 2755 483 Perusino.
3524 392 3527 393 ί
3726 418 3800 481 32

616 533 913 601 perierunt.
973 532 1037 586 Et
1082 548 1181 590 nos
1230 536 1373 590 enim
1425 535 1668 593 Aristenl
1705 554 1896 594 nomen
1927 541 1993 594 ad
2018 540 2283 609 epitomen
2317 554 2382 596 eo
2415 548 2618 593 tantum
2658 537 2871 594 nomine
2923 538 3267 608 praediximus,
3320 536 3489 609 quod
3528 533 3621 589 ille
3670 548 3791 590 eam

614 620 995 685 interpretatus
1026 628 1129 673 est.
2598 640 2602 643 ·

692 706 850 758 istam
882 718 1054 759 autem
1082 707 1355 777 antiquam
1383 724 1646 764 canonum
1679 711 2133 768 abbreviationem
2164 712 2342 784 magni
2372 711 2495 766 olim
2525 708 2720 763 iactam
2756 710 2941 773 fuisse,
2972 726 3037 765 ex
3062 726 3126 765 eo
3156 718 3385 773 constat,
3412 709 3553 779 quod
3576 705 3798 761 Alexius

616 791 896 844 Aristonus
928 802 1136 844 tantum
1172 808 1349 860 opem
1374 806 1424 849 et
1453 796 1654 851 laboris
1681 796 1733 849 in
1760 812 1820 852 ea
1853 800 2245 867 interpretanda
2271 798 2683 863 consumpserit.
2714 797 2894 865 Neque
2925 798 3067 851 enim
3097 798 3149 850 in
3185 813 3241 851 re
3270 796 3422 851 nihili
3474 810 3533 849 se
3565 804 3672 848 tam
3705 792 3796 845 diu

620 877 929 930 exercuisse
956 883 1255 934 censendus
1281 888 1387 937 est.
1434 881 1544 936 Nec
1566 898 1755 950 parum
1800 886 1925 937 huic
1958 899 2055 951 pro
2088 885 2306 953 antiqua
2352 884 2511 951 huius
2554 884 2819 949 epitomcs
2870 885 3187 936 auctoritate
3237 893 3551 951 argumento
3601 879 3798 935 exinde

618 963 897 1021 accrescit.
931 965 1072 1030 quod
1107 966 1385 1022 Aristenus
1417 981 1536 1023 eam
1566 969 1787 1025 scholiis
1813 970 2079 1025 illustrare
2108 973 2351 1039 dignatus
2385 980 2488 1031 est,
2518 970 2681 1022 etiam
2715 980 2832 1036 post
2882 970 3148 1036 divulgata
3188 972 3397 1024 erudita
3442 970 3530 1023 illa
3574 967 3799 1023 Joannis

621 1046 851 1103 Zonaras
880 1052 930 1103 iu
965 1052 1201 1120 integros
1230 1068 1465 1109 canones
1487 1058 1894 1121 commentaria,
1926 1059 2210 1113 Aristenus
2236 1058 2377 1110 enim
2410 1055 2615 1109 Zonara
2645 1056 2911 1124 posterior
2938 1054 3150 1117 claruit,
3200 1056 3291 1110 sed
3324 1055 3561 1109 anterior
3604 1053 3795 1107 Balsa-

622 1146 803 1193 mone,
836 1134 913 1185 vel
946 1134 1133 1187 saltem
1166 1136 1350 1191 eadem
1391 1148 1566 1190 aetate.
1614 1140 1896 1194 Balsamon
1947 1141 2087 1195 enim
2136 1154 2255 1195 eum
2299 1143 2735 1195 commemoravit
2784 1142 2835 1194 in
2898 1156 2992 1195 sua
3040 1142 3175 1195 sexti
3238 1142 3455 1195 canonis
3517 1134 3794 1208 apostolici

617 1217 1093 1283 interpretatione,
1155 1222 1240 1273 ubi
1300 1222 1374 1276 ait
1403 1263 1419 1284 ,
1473 1225 1593 1277 Ὀτι
1657 1227 1750 1277 καὶ
1800 1226 1890 1278 τὸν
1936 1227 2231 1295 ὑπέρτιμον
2290 1229 2494 1279 ικεῖνον
2544 1226 2637 1279 καὶ
2670 1226 2840 1296 μέγαν
2870 1226 3171 1295 οἰκονόμον.
3214 1225 3308 1277 τὸν
3350 1214 3664 1293 Ἀριστήνδν
3708 1222 3797 1275 διὰ

618 1304 1103 1371 ⁸ῑλρισ.κονθημ.έριι.ιν
1163 1306 1597 1376 ἑπιςρωνημάτων
1649 1310 1815 1379 τριῶν
1846 1314 2229 1381 ιπιφωνήσατο
2286 1315 2319 1383 ἠ
2379 1314 2509 1380 ἁγία
2563 1312 2775 1375 σύνοδος
2841 1311 3181 1380 ἀποσχέσθαι
3243 1313 3339 1366 τοῦ
3397 1310 3796 1365 δικαιοδοτικοῦ

619 1390 897 1454 ὸᾳφικίου.
932 1388 1069 1442 Nam
1110 1402 1158 1443 et
1190 1393 1641 1457 incomparabilem
1671 1396 1845 1461 illam,
1883 1408 1929 1451 et
1965 1415 2205 1465 magnum
2235 1414 2551 1453 aconomum
2593 1398 2909 1462 Aristenum,
2962 1400 3127 1452 tribus
3172 1400 3390 1465 publicis
3440 1412 3545 1451 xxx
3595 1398 3797 1449 dierum

624 1475 807 1526 edictis
841 1494 869 1527 a
896 1476 1035 1542 juris
1064 1478 1268 1530 dicendi
1296 1479 1461 1546 oﬁicio
1489 1496 1689 1533 cessare
1716 1482 1875 1549 jussit
1906 1495 2086 1537 sancta
2137 1487 2386 1555 synodus.
2436 1484 2535 1537 Ubi
2589 1486 2750 1537 etiam
2805 1485 3080 1546 observes.
3142 1496 3357 1553 quanto,
3394 1484 3480 1537 hic
3527 1482 3703 1537 oﬂicio
3744 1484 3798 1535 in

624 1560 861 1613 Ecclesia
917 1562 1503 1630 Cotistaminopoiitana
1554 1565 1765 1621 iunctus
1812 1577 1915 1631 est,
1964 1584 2084 1623 cum
2136 1586 2356 1641 niagnus
2419 1571 2468 1623 in
2519 1584 2580 1623 ea
2635 1584 2942 1624 inconcinna
2992 1570 3186 1636 fuerit;
3242 1572 3367 1623 item
3420 1578 3622 1638 quanto
3674 1583 3797 1622 eum

621 1648 796 1715 elogio
835 1648 1109 1701 Balsamon
1142 1659 1316 1712 ornat,
1342 1652 1643 1722 ὑπέρτιμον
1677 1657 1948 1724 appellans
1980 1676 1994 1710 :
2032 1672 2192 1723 quam
2222 1656 2568 1712 honorificam
2602 1655 2715 1723 eius
2750 1658 3069 1711 mentionem
3122 1656 3257 1710 idem
3306 1655 3586 1710 Balsamon
3633 1655 3798 1709 etiam

624 1733 675 1783 in
729 1734 947 1786 sclmliis
992 1737 1107 1791 suis
1136 1738 1199 1789 ad
1234 1741 1417 1805 synodi
1450 1736 1717 1795 Trullanse
1752 1758 2008 1798 canonem
2040 1746 2105 1798 37
2138 1745 2215 1800 fac

2208 1748 2284 1810 :it,
2318 1748 2401 1800 bis
2433 1748 2625 1809 verbis,
2657 1745 2991 1809 Προεῦάλετο
3020 1745 3123 1812 γὰρ
3166 1744 3255 1795 τὸν
3288 1741 3527 1795 τοιοῦτον
3596 1739 3799 1794 κανόνα

620 1821 647 1869 δ
683 1819 978 1887 ὑπέρτιμος
1008 1824 1209 1885 ἐκεῖνος
1263 1824 1426 1893 κῦρος
1460 1828 1693 1893 Ἀλέξιος
1718 1830 1746 1879 ὁ
1794 1832 2105 1899 Ἀριστηνδς
2158 1834 2295 1885 κατὰ
2322 1834 2415 1886 τοῦ
2462 1833 2761 1899 ἀγιωτάτου
2795 1832 2999 1884 ἑκείνου
3042 1830 3376 1899 πατριάρχου
3411 1827 3803 1898 Ἰεροσολύμων

621 1908 793 1973 κυροῦ
835 1908 1165 1975 Νικηφόρον.
1192 1911 1341 1963 Hunc
1363 1914 1497 1964 enim
1532 1930 1775 1969 canonem
1811 1918 2231 1983 incomparabilis
2260 1920 2346 1971 ille
2376 1920 2614 1972 dominus
2644 1920 2854 1972 Alexim
2884 1918 3153 1970 Aristentts
3188 1925 3372 1968 contra
3411 1915 3799 1967 sanctissimum

622 1994 768 2044 illum
796 1998 1152 2060 patriarcham
1188 1997 1727 2066 Hicrosolymilanttm
1762 2001 2114 2068 Nicephorum
2149 2007 2391 2072 protulit.
2425 2006 2524 2061 Ubi
2555 2007 2726 2061 obiter
2771 2006 2931 2057 etiam
2960 2004 3299 2057 observatum
3334 2002 3512 2065 velim,
3539 2008 3798 2068 quantum

622 2083 674 2133 iu
708 2082 825 2148 jure
857 2086 1118 2138 canonico
1155 2087 1558 2153 interpretando
1583 2104 1776 2143 nomen
1809 2092 2029 2146 Alexius
2071 2095 2349 2148 Aristenns
2397 2102 2523 2147 tunc
2550 2094 2757 2146 dierum
2790 2087 3042 2151 habebat,
3073 2104 3193 2143 cum
3225 2087 3503 2142 consultus
3532 2095 3698 2147 esset,
3745 2090 3801 2137 et

624 2168 674 2220 in
711 2170 810 2222 isto
837 2171 957 2236 jure
995 2182 1179 2224 contra
1226 2175 1583 2240 patriarcliam
1626 2179 1999 2243 responderet.
2033 2180 2109 2233 Ex
2143 2180 2258 2234 istis
2313 2180 2532 2246 insuper
2574 2178 2752 2231 verbis
2788 2176 3036 2244 colligere
3079 2182 3183 2239 est,
3228 2174 3422 2242 quibus
3474 2171 3803 2238 temperihus

624 2255 711 2308 ille
745 2256 940 2309 ﬂoruit.
993 2258 1229 2324 Namque
1263 2258 1601 2327 Nicephorus
1653 2264 1739 2316 ille
1776 2263 2314 2335 Hierosolymitauns.
2344 2275 2528 2319 contra
2559 2279 2720 2343 quem
2742 2265 3024 2317 Aristenns
3061 2262 3224 2315 istum
3256 2273 3514 2314 canonem
3556 2256 3800 2326 protulit.

624 2346 828 2409 synodo
858 2344 1100 2396 interfuit
1129 2346 1593 2416 Cnnsmntinopoli
1628 2349 1911 2404 celebratas
1946 2352 2297 2405 annovmundi
2330 2352 2489 2415 εδδ-ιι,
2524 2353 2639 2404 sive
2661 2350 2883 2410 Christi,
2921 2347 3080 2410 “66,
3114 2357 3171 2401 ut
3203 2363 3267 2401 ex
3316 2343 3802 2413 subscriptionlbos

624 2437 785 2495 patet.
819 2444 952 2496 quas
978 2428 1084 2482 Leo
1109 2432 1336 2485 Allatius
1363 2431 1550 2496 edidit,
1586 2433 1657 2486 De
1697 2444 1945 2501 perpetua
1987 2452 2218 2490 consens.
2257 2436 2457 2489 Eccles.
2492 2436 2842 2490 Occidentalt's
2884 2443 2932 2487 et
2967 2434 3250 2486 Orientalis
3287 2432 3377 2485 lib.
3423 2432 3514 2494 Η,
3548 2444 3667 2496 cap.
3709 2428 3798 2481 13.

624 2512 671 2563 is
701 2522 815 2565 erat
844 2530 1013 2567 annus
1043 2512 1302 2571 Munuelis
1326 2518 1585 2573 Comneni
1615 2536 1766 2583 xxm,
1797 2521 1948 2589 cujus
1977 2522 2315 2589 imperatoris
2345 2522 2492 2588 jussu
2548 2520 2831 2573 Balsamon
2887 2534 2982 2571 sua
3034 2518 3084 2570 in
3134 2532 3367 2571 canones
3419 2514 3802 2569 commentaria

628 2615 910 2668 aggressus
941 2610 1042 2661 est.
1079 2612 1135 2654 ut
1182 2616 1213 2656 e
1245 2605 1564 2671 supradictis
1595 2607 1780 2675 liquet.
1832 2606 1943 2661 Sub
1976 2608 2160 2661 eodem
2196 2608 2354 2677 igitur
2382 2608 2704 2675 imperatore
2737 2605 3039 2658 Aristenum
3086 2604 3247 2656 etiam
3287 2602 3545 2655 claruisse
3593 2608 3801 2651 certum

622 2689 979 2742 estzetiainsi
1015 2688 1123 2741 Leo
1152 2690 1379 2743 Allatius
1435 2700 1665 2745 tractatu
1719 2694 1783 2745 de
1826 2703 1980 2747 etate
2028 2704 2075 2746 et
2129 2696 2441 2755 interstitiis.
2480 2694 2531 2745 in
2582 2692 2869 2746 collatione
2913 2690 3160 2744 ordinum
3192 2689 3355 2742 etiam
3402 2686 3538 2754 apud
3588 2682 3804 2740 Graecos

624 2773 920 2836 servandis,
955 2790 1074 2827 eum
1104 2776 1252 2841 jussu
1285 2776 1503 2832 Joannis
1543 2777 1823 2846 Comueni,
1856 2780 1945 2850 qui
1976 2780 2274 2835 Manuelem
2326 2779 2601 2847 proximus
2646 2779 2700 2832 in
2752 2776 2977 2846 imperio
3028 2774 3323 2844 precessit,
3370 2771 3803 2827 Nomocanonens

625 2875 779 2912 suum
810 2861 1042 2914 edidisse
1074 2865 1389 2918 asse-ruerit.

697 2969 861 3021 Porro
897 2971 1007 3023 ᾔτεε
1040 2970 1206 3024 Alexii
1240 2971 1472 3025 Aristoni
1502 2973 1553 3025 in
1583 2974 1778 3028 dictam
1810 2988 2079 3030 canonum
2107 2974 2356 3046 synopsin
2393 2973 2801 3035 commentaria,
2848 2974 2900 3025 in
2952 2971 3135 3027 codice
3194 2984 3296 3023 ms.
3359 2983 3515 3035 quem
3565 2966 3806 3025 edimus,

627 3056 706 3109 sic
766 3055 1018 3121 inscripta
1073 3066 1233 3116 sunt.
1266 3058 1640 3125 Νομοκάνονον
1672 3062 1767 3113 σὺν
1826 3061 1943 3129 Θεῷ
1987 3062 2218 3130 spumet.

2213 3062 2318 3113 ›θὲν
2372 3060 2522 3130 παρὰ
2572 3060 2665 3111 τοῦ
2714 3060 3125 3126 θεοφιλεστάτου
3178 3056 3552 3123 νομοφύλακος
3610 3052 3804 3121 κυρίου

643 3140 880 3204 Ἀλεξίου
942 3143 1035 3193 τοῦ
1078 3143 1414 3211 Ἀριστηνοῠ,
1474 3145 1921 3212 Nomocanonum,
1953 3146 2060 3201 Deo
2107 3148 2234 3201 assis

2216 3156 2397 3209 stente,
2460 3148 2854 3211 interpretatum
2895 3160 2986 3211 per
3034 3143 3143 3197 Deo
3205 3141 3574 3194 charissimam
3620 3154 3805 3191 nomo-

630 3229 899 3296 phylacem
920 3228 1186 3281 dominum
1213 3230 1453 3283 Alexium
1484 3230 1805 3284 Arisletmm.
1837 3233 1934 3287 Ubi
1967 3234 2137 3302 primo
2165 3236 2451 3288 observare
2477 3231 2621 3292 licet,
2649 3231 2787 3283 hanc
2816 3230 2987 3295 ipsam
3009 3243 3268 3283 canonum
3301 3228 3354 3281 in
3386 3227 3647 3295 epitomen
3675 3238 3806 3277 con-

632 3325 919 3368 tractorum
975 3315 1339 3369 collectionem
1369 3318 1727 3385 νομοκάνονον
1765 3318 1939 3372 vocari
1981 3336 1993 3373 :
2042 3332 2148 3385 quo
2199 3318 2415 3373 nomine
2464 3318 2625 3371 etiam
2674 3316 3001 3386 integrorum
3058 3330 3319 3371 canonum
3375 3313 3615 3368 collectio
3665 3323 3811 3378 sape

631 3411 996 3469 nuncupatur.
1061 3398 1267 3466 Nemo,
1325 3401 1538 3467 lateor,
1597 3404 1803 3457 iulicias
1860 3414 1988 3469 eat,
2050 3405 2177 3473 quin
2227 3413 2435 3459 veteres
2488 3404 2787 3459 istiusmodi
2841 3404 2985 3458 solos
3016 3402 3220 3467 libros,
3255 3400 3449 3469 quibus
3504 3399 3655 3465 νόμοι
3709 3395 3805 3447 καὶ

637 3487 859 3548 κανένες
908 3487 1049 3554 leges
1078 3486 1262 3541 civiles
1291 3495 1345 3541 et
1391 3494 1626 3544 canones
1677 3490 2029 3546 ecclesiastici
2080 3491 2228 3545 simul

2213 3491 2237 3544 ιι
2288 3492 2497 3546 collecti
2552 3502 2698 3555 sunt,
2733 3492 3093 3561 νομοκανόνας
3142 3490 3492 3559 appellarint;
3544 3485 3804 3555 quemad-

638 3576 849 3626 modum
884 3572 1117 3626 Joannes
1150 3573 1519 3628 Antioclienus
1552 3576 1742 3631 librum
1773 3578 1960 3641 istum,
1994 3592 2096 3646 quo
2124 3592 2357 3633 canones
2383 3578 2528 3632 solos
2562 3579 2614 3631 in
2645 3580 3029 3649 quinquaginta
3079 3577 3258 3631 titulos
3299 3574 3547 3641 digessit,
3600 3569 3808 3638 simpli-

633 3660 767 3711 citer
798 3661 1122 3727 συναγωγὴν
1156 3662 1259 3713 τῶν
1313 3660 1554 3713 κανόνων
1586 3660 1831 3725 vocavit;
1862 3662 2019 3716 istum
2051 3671 2223 3715 autem

2210 3680 2248 3726 ι,
2278 3678 2385 3732 quo
2412 3665 2706 3720 canonihus
2731 3662 3110 3717 ecclesiasticis
3146 3662 3286 3729 leges
3326 3657 3695 3726 imperatorias
3746 3665 3800 3710 et

635 3745 821 3798 civiles
874 3747 1137 3810 adjnnxit,
1186 3749 1515 3817 vapoxavdva
1572 3748 1919 3816 nuncupavit.
1982 3748 2045 3802 Et
2093 3751 2161 3802 ob
2217 3750 2457 3803 eamdem
2508 3750 2668 3803 etiam
2704 3750 2959 3802 rationem
3014 3746 3187 3801 Photii
3228 3746 3572 3800 Nomocanou
3608 3757 3814 3796 nomen

634 3828 772 3881 istud
826 3828 1043 3883 sortitus
1097 3841 1177 3884 est
1215 3850 1227 3885 :
1272 3848 1427 3901 quem
1480 3834 1760 3889 Balsamon
1820 3836 1886 3890 in
1930 3834 2242 3904 przlatione
2287 3839 2354 3890 ad
2421 3840 2686 3901 eumdem,
2720 3837 2877 3891 etiam
2912 3836 3276 3904 ,νομοκάνονον
3334 3835 3582 3901 appellat.
3609 3830 3805 3887 Verum

634 3916 908 3970 enimvero
942 3918 1141 3985 qumvis
1168 3918 1491 3985 integrorum
1522 3937 1784 3977 canonum
1810 3924 2053 3980 collectio
2080 3925 2440 3993 νομοκάνονον
2472 3926 2634 3981 etiam
2685 3939 3059 3989 nonnunquam
3110 3924 3254 3979 audit
3282 3938 3298 3976 :
3344 3922 3485 3989 quod
3533 3920 3699 3974 miror
3740 3922 3811 3971 ab

636 4001 743 4053 ullo
782 4017 1009 4068 unquam
1045 4005 1363 4072 denegatum
1391 4004 1577 4072 fuisse,
1609 4022 1730 4061 cum
1766 4009 1880 4063 haec
1908 4025 2010 4064 vos
2061 4012 2113 4065 in
2145 4013 2251 4067 isto
2276 4027 2435 4069 sensu
2468 4013 2537 4070 ab
2583 4018 2696 4081 ipso
2726 4012 3040 4065 Balsamone
3084 4023 3225 4075 ιτεΡο
3279 4016 3594 4073 ιιιυτροωτς
3644 4011 3705 4056 ιιι
3747 4002 3806 4056 in

636 4087 937 4142 Nomm-an.
974 4088 1127 4145 Phot.
1164 4095 1243 4144 tit.
1283 4092 1333 4153 l.
1370 4107 1486 4159 cap.
1512 4095 1545 4148 9
1576 4094 1671 4158 ait,
1706 4094 1880 4158 Αὐτὸς
1914 4097 2167 4165 ἐπέμεινι
2213 4098 2227 4148 i

2216 4098 2407 4164 λέγων,
2455 4097 2531 4166 μὴ
2570 4097 2777 4149 δίκαιον
2805 4092 2942 4148 εἶναι
2985 4093 3211 4163 κιραίαν
3235 4090 3561 4158 ἀθιτηθῆναι
3609 4090 3673 4141 ἐκ
3699 4087 3807 4143 τῶν

636 4176 694 4227 ὲν
717 4174 793 4242 τῷ
842 4175 1203 4246 Νομοκανόνῳ
1238 4180 1657 4247 γεγραμμένων,
1686 4178 1764 4247 τῷ
1784 4182 1855 4243 ὡς
1881 4181 2213 4252 θεογράφους
2244 4184 2450 4246 πλάκας
2478 4182 2626 4253 παρὰ
2656 4185 2718 4252 τῇ
2746 4181 3037 4251 Ἐκχλησίᾳ
3065 4178 3409 4247 λογιζομένῳ.
3435 4176 3553 4245 Ipsa
3583 4178 3806 4244 perstitit

634 4260 831 4320 dicens.
861 4277 959 4313 non
990 4279 1192 4329 (tantum
1220 4280 1327 4318 esse
1362 4275 1416 4317 ut
1447 4265 1521 4317 vel
1549 4282 1681 4334 apex
1714 4268 2006 4323 aboleretur
2032 4284 2095 4322 ea:
2125 4270 2209 4335 iis,
2237 4288 2353 4341 qua:
2385 4272 2438 4325 in
2475 4270 2844 4327 Namocanone
2871 4270 3065 4337 scripta
3096 4277 3239 4332 sunt,
3285 4266 3419 4335 quod
3450 4267 3619 4322 instar
3666 4264 3805 4318 divi-

637 4363 825 4400 narum
892 4350 1189 4402 tabularum
1239 4354 1303 4403 ab
1351 4349 1587 4405 Ecclesia
1641 4363 1931 4421 reputatur.
1990 4353 2089 4408 Ubi
2124 4358 2497 4427 Νομοκάνονον
2526 4372 2719 4427 corpus
2768 4371 3028 4411 canonum
3079 4352 3570 4407 ecclesiasticornm
3622 4358 3808 4418 aperto

636 4434 920 4499 signiﬁcat,
943 4438 1388 4504 quemadmodum
1417 4448 1470 4490 et
1494 4438 1545 4491 in
1569 4438 1809 4506 ejusdem
1838 4440 2171 4495 Balsamonis
2195 4445 2413 4500 sclioliis
2426 4445 2493 4501 ad
2509 4445 2697 4518 synodi
2717 4443 2983 4499 Trullana
3006 4454 3261 4495 canonem
3341 4436 3586 4518 dicentis,
3609 4433 3689 4518 τᾲ
3706 4433 3805 4502 μὲν

635 4520 908 4590 νιόγραφα
926 4521 1389 4591 Νομοκάνονι,ὡς
1422 4524 1495 4592 μὴ
1516 4524 1708 4594 ιχοντα
1736 4525 1832 4578 καὶ
1856 4528 2172 4594 ὑπογραφὰς
2198 4525 2304 4579 τῶν
2355 4515 2657 4595 lasesva
2707 4526 2805 4588 τὰς
2851 4522 3097 4584 συνόδους
3125 4517 3382 4591 βασιλέων
3406 4515 3499 4569 καὶ
3553 4516 3809 4585 πατέρων

637 4608 983 4677 παρέδραμον
1010 4625 1024 4639 ο
1082 4607 1409 4677 ἑψηλάφησι
1462 4608 1519 4660 δὲ
1556 4610 1943 4679 παλαιὸγραφι
1974 4611 2228 4678 Νομοιιάν

2222 4628 2345 4663 rosa.
2401 4610 2470 4663 Et
2525 4612 2605 4664 sic
2658 4609 2859 4676 passim
2914 4605 3076 4671 alibi;
3123 4614 3180 4658 ut
3225 4601 3361 4657 nihil
3436 4600 3636 4681 certius
3688 4615 3813 4655 esse

638 4696 826 4761 possit,
862 4710 1018 4762 quam
1071 4695 1218 4762 ipsas
1282 4711 1548 4749 canonum
1579 4696 1923 4752 collectiones
1950 4700 2285 4767 νομοκάνονα
2315 4696 2559 4752 vocitari.
2594 4694 2702 4751 Hoc
2738 4705 2913 4748 autem
2966 4705 3159 4747 nomen
3206 4689 3365 4747 etiam
3398 4688 3611 4759 synopsi
3641 4702 3809 4744 cano-

641 4798 767 4834 num
816 4784 881 4833 ab
931 4783 1117 4837 Alexio
1148 4783 1393 4838 Aristeno
1436 4784 1800 4852 interpretata:
1844 4787 2157 4855 inscriptum
2213 4796 2319 4850 est,
2349 4792 2421 4842 .ut
2460 4798 2525 4839 ex
2560 4780 2713 4836 titulo
2758 4780 2999 4847 superius
3023 4777 3187 4831 citato
3225 4783 3457 4837 constat,
3487 4776 3629 4845 quod
3658 4775 3811 4842 prius

638 4872 933 4942 expositam
990 4879 1228 4925 nostram
1284 4872 1349 4925 de
1402 4871 1501 4924 bac
1535 4886 1801 4927 «nouum
1850 4873 2425 4953 epitomelseutentiam
2469 4870 2681 4941 egregie
2707 4867 2991 4953 conﬁrmat
3014 4878 3179 4953 ;_c|tm
3209 4864 3320 4919 hac
3350 4863 3538 4953 eodem
3570 4862 3807 4953 ηοωίιξο.

641 4973 749 5027 quo
782 4959 892 5025 ipsa
938 4957 1263 5024 integrorum
1317 4971 1592 5013 canonum
1638 4942 1908 5021 collectio,
1949 4942 2304 5025 vopoadvovov
2352 4957 2578 5018 scilicet,
2629 4952 2965 5023 appelletur:
3002 4948 3257 5006 nimirum
3311 4948 3452 5016 quod
3484 4955 3674 5003 ..ιοιυιιι
3722 4942 3812 5013 jus

640 5044 963 5098 canonicum
997 5044 1047 5094 in
1092 5057 1157 5096 ea
1189 5058 1294 5097 non
1329 5057 1485 5099 secus
1512 5037 1682 5113 atque
1717 5043 1770 5098 in
1814 5044 1943 5112 ipsis
1980 5046 2275 5100 canonihus
2316 5042 2552 5097 exhiberi
2603 5052 2916 5109 persuasum
2962 5045 3123 5091 esset.
3171 5034 3281 5091 [loc
3324 5037 3508 5101 itaque
3549 5029 3811 5109 Nemees-

642 5144 841 5185 nonum
895 5128 1114 5181 Alexius
1167 5127 1450 5183 Aristenus
1496 5128 1880 5199 interpretatus
1927 5137 2027 5193 est,
2076 5130 2168 5198 qui
2218 5130 2232 5183 i

2218 5130 2269 5183 iu
2309 5128 2653 5197 inscriptione
2685 5124 3095 5194 θεοφιλέστατος
3128 5118 3436 5190 νομοφύλαξ
3481 5116 3808 5181 nominatur,

642 5230 801 5285 quem
860 5213 1021 5269 etiam
1083 5228 1331 5284 magnum
1381 5228 1718 5272 economum
1779 5216 2064 5286 aliquando
2115 5202 2303 5282 fuisse,
2358 5212 2691 5269 Balsamonis
2747 5210 2908 5267 verba
2950 5208 3194 5280 superius
3246 5203 3458 5262 laudata
3510 5204 3666 5260 fidem
3718 5202 3811 5257 la-

646 5304 813 5359 ciunt.
1268 5328 1269 5331 η

720 5408 847 5464 llaec
889 5406 1121 5460 Aristeni
1171 5406 1223 5460 in
1275 5404 1710 5463 Nomocanonum
1760 5409 2122 5466 abbreviatnm
2175 5406 2375 5463 scholia
2406 5421 2528 5461 .non
2579 5405 2795 5461 memini
2822 5406 2891 5460 ab
2922 5400 3211 5473 autiquiori
3254 5399 3503 5469 quopiam
3554 5397 3813 5467 scriptore

644 5503 1063 5551 commemorata
1095 5506 1215 5547 esse
1244 5492 1328 5546 vel
1356 5492 1597 5559 laudata;
1629 5493 1729 5570 nisi
1767 5496 1908 5563 quod
1938 5495 2251 5551 scholiastes
2279 5493 2333 5550 in
2364 5494 2547 5549 codice
2573 5492 3001 5547 Amerbachiano
3028 5486 3281 5543 nonnulla
3312 5501 3376 5540 es
3432 5485 3499 5539 iis
3539 5495 3813 5540 mutuatus

644 5597 787 5649 esse,
811 5591 865 5639 es
910 5579 1189 5633 Balsamon
1229 5592 1294 5635 ea
1332 5592 1713 5650 nonnunquam
1761 5580 1956 5636 citasse
1998 5582 2264 5645 videatur,
2295 5590 2351 5634 ut
2384 5580 2439 5635 in
2468 5579 2903 5635 annotationibus
2944 5574 3168 5631 subinde
3211 5572 3549 5627 observaturus
3601 5579 3703 5629 est.
3735 5572 3813 5627 Ex

650 5669 1055 5731 recentioribus,
1084 5664 1359 5721 Gilbertus
1385 5664 1767 5723 Genebrardus
1808 5666 1946 5723 libro
2003 5665 2077 5720 De
2122 5666 2384 5721 Triaitate
2432 5665 2674 5720 Alexium
2721 5664 3026 5717 Aristenusn
3068 5659 3219 5724 citat,
3263 5672 3492 5727 eumque
3533 5657 3813 5713 diaconum

649 5754 902 5813 Ecclesia
931 5751 1534 5826 Constantinopolin“
1577 5753 1742 5815 fuisse
1788 5753 2036 5812 alﬁrmat.
2076 5750 2182 5809 Leo
2234 5751 2459 5810 Atlatius
2508 5754 2621 5809 huc
2668 5748 2871 5821 scholia
2924 5760 3065 5815 sape
3109 5744 3315 5812 laudat,
3370 5744 3462 5802 sed
3504 5757 3570 5802 ex
3617 5742 3810 5821 biblio-
