4030 6340
234 410 293 468 33
1232 410 1434 470 GUIL
1469 410 1825 472 BEVEREG]

1799 410 1873 468 ιιι
1911 408 2318 468 ιτιιριῖιτιιτιο.
3324 412 3390 472 3r,

241 528 374 578 theca
409 521 702 576 Vaticana:
739 537 1008 589 nunquam
1060 524 1199 576 enim
1255 528 1483 578 antehac
1535 527 1676 580 edita
1719 525 1952 579 luertmt.
1995 527 2073 577 Ad
2129 527 2266 586 hanc
2320 534 2495 578 autem
2564 537 2800 580 nostram
2858 542 3043 582 eormn
3099 529 3389 584 editionem

244 608 627 675 perpoliendam,
666 620 893 675 quatuor
950 609 1025 660 usi
1080 623 1260 661 smnus
1304 613 1578 664 ροιιιρίιηιι.
1624 627 1749 663 mss.
1800 628 2021 676 quorum
2072 629 2230 664 unum
2283 613 2556 663 nobiscum
2605 617 3020 667 comnmnicavit
3065 617 3394 671 clarissimos

242 695 307 744 vir
343 691 569 745 Joannes
599 694 855 755 Pearsun,
901 695 996 746 SS.
1033 695 1306 762 theologia:
1342 698 1611 764 professor
1646 697 2030 763 Margareticus
2084 697 2134 747 in
2169 699 2516 749 universitate
2565 698 3016 768 Canlalirigicnsi,
3066 702 3155 767 qtti
3207 703 3256 752 in
3314 705 3395 753 hi-

241 779 477 831 bliotheca
513 779 722 844 collegii
759 780 861 834 SS.
904 779 1206 843 Trinitatis,
1247 784 1328 833 cui
1381 783 1489 848 ipse
1535 782 1814 850 prtcfectus
1865 793 1945 835 est
1997 785 2044 835 in
2091 785 2276 834 cadem
2327 783 2695 848 universitate,
2744 787 2985 839 codicem
3025 787 3181 839 istum
3229 788 3398 839 nitide

239 872 489 918 exaratum
542 865 842 930 inveniens,
897 871 1138 919 eumdem
1187 869 1337 921 nobis
1389 868 1571 920 Latine
1606 870 1918 920 vertendum
1967 876 2260 920 concedere
2310 870 2560 936 dignatus
2612 879 2714 932 est,
2767 878 2820 923 et
2866 873 2941 923 sic
2995 873 3216 938 primam
3273 873 3396 924 lmie

245 951 424 1002 edendo
455 951 602 1016 operi
636 954 970 1004 occasionem
1008 954 1247 1018 praebuit.
1291 955 1388 1006 Iste
1421 962 1594 1026 autem
1622 956 1788 1006 codex
1820 970 1848 1005 e
1879 955 2033 1022 longe
2068 955 2342 1006 vetustiori
2377 955 2427 1007 in
2462 957 2784 1010 bibliotheca
2837 958 3125 1009 Bodleiana
3173 957 3395 1008 Oxmtizc

241 1037 515 1102 exscriptus
548 1035 740 1100 fuerat,
769 1052 926 1104 quem
962 1049 1238 1104 propterea
1271 1055 1407 1102 saepe
1436 1040 1715 1092 considere
1749 1055 2026 1092 necessum
2078 1041 2378 1092 habuimus.
2415 1040 2550 1103 Quin
2596 1051 2648 1094 et
2682 1042 2840 1093 alium
2877 1043 3232 1109 suppeditavit
3263 1044 3395 1093 insi-

243 1123 504 1186 guissimus
534 1123 615 1174 \ir
645 1121 880 1175 Thomas
932 1123 1141 1182 Browu,
1191 1124 1288 1175 SS.
1336 1125 1615 1192 theologia:
1658 1125 1952 1192 professor,
2003 1135 2055 1177 et
2106 1128 2322 1194 capella-
2363 1129 2516 1193 regia:
2571 1126 2920 1180 Windcsorizc
2970 1129 3392 1194 prmbcmlarim.

241 1208 350 1259 Cum
397 1224 525 1276 opus
580 1222 760 1262 autem
813 1225 944 1277 pene
998 1213 1060 1264 ad
1114 1213 1422 1263 umbilicum
1479 1212 1788 1279 perductum
1837 1210 2017 1272 fuerit,
2065 1214 2199 1263 alius
2249 1215 2298 1263 in
2356 1213 2662 1278 supradicta
2726 1213 3046 1264 bibliotheca
3109 1211 3394 1263 llodlciana

239 1293 459 1348 lIsVentus
488 1303 569 1346 est
601 1295 768 1349 codex
822 1310 921 1348 ms.
972 1298 1202 1364 eleganti
1234 1307 1286 1349 et
1313 1308 1519 1350 vetusto
1548 1299 1859 1350 charactere
1891 1309 2143 1350 cxaratus
2175 1316 2186 1350 :
2226 1315 2254 1350 e
2288 1314 2394 1366 quo
2424 1300 2675 1351 nonnulla
2709 1309 2958 1364 excerpta
2989 1307 3135 1358 suot,
3173 1313 3290 1364 qua:
3342 1299 3393 1348 in

240 1381 338 1432 aliis
363 1381 631 1433 codicibus
660 1371 1056 1444 desiderantur,
1105 1399 1165 1435 ac
1195 1383 1415 1451 proinde
1463 1394 1583 1450 post
1629 1386 1914 1437 canonieas
1956 1385 2225 1452 epistolas,
2275 1384 2338 1434 ad
2369 1399 2502 1449 quas
2532 1386 2821 1450 pertinent,
2879 1385 2927 1434 in
2965 1386 3200 1435 secundo
3229 1393 3375 1434 tonio

236 1468 458 1518 eduntur.
491 1467 682 1518 Eorum
713 1481 887 1520 autetn
915 1469 1280 1521 collectionem
1313 1471 1512 1534 pariter
1543 1479 1700 1537 atque
1734 1471 2030 1520 versionem
2062 1473 2175 1520 viro
2206 1469 2389 1520 multis
2423 1470 2726 1521 numinibus
2754 1469 3066 1520 honorando
3099 1466 3157 1518 D.
3193 1466 3389 1520 Joanni

239 1552 346 1614 Fell,
384 1552 436 1606 S.
464 1554 522 1604 '1'.
562 1553 644 1615 P.,
679 1554 927 1608 Ecclesia:
961 1555 1277 1608 cathedralis
1307 1557 1502 1607 Christi
1564 1557 1761 1608 decano
1792 1558 1842 1607 in
1874 1554 2228 1606 Universitate
2253 1554 2543 1607 Oxoniensi
2575 1555 2844 1617 debemus,
2873 1555 2960 1622 qui
2989 1553 3054 1606 ad
3087 1555 3387 1605 uberiorem

240 1637 371 1704 hujus
402 1640 577 1706 operis
605 1652 852 1692 ornatum
885 1641 1111 1703 curavit,
1145 1652 1200 1694 ut
1239 1642 1361 1693 illud
1400 1657 1531 1709 opus
1567 1657 1593 1693 a
1637 1644 1793 1694 dot-to
1823 1642 2051 1708 quodam
2101 1643 2214 1692 viro
2247 1641 2518 1692 in‘cadem
2555 1641 2841 1694 Academia
2889 1641 3253 1706 perﬁceretur.
3285 1641 3388 1691 Sed

237 1734 278 1776 et
304 1725 462 1775 eidem
490 1727 650 1778 etiam
686 1730 944 1793 pra-clara
979 1729 1278 1780 eruditione
1313 1737 1366 1779 et
1414 1728 1603 1795 insigni
1640 1731 1835 1794 pietate
1884 1731 1997 1780 viro
2051 1738 2357 1780 accuratam
2408 1731 2568 1779 totius
2620 1728 2838 1795 hujusce
2880 1728 3054 1792 Operis
3109 1726 3391 1779 editionem

235 1811 508 1876 respublica
563 1812 822 1865 canonica
877 1824 1152 1879 acceptam
1213 1814 1428 1877 referat,
1483 1816 1675 1883 quippe
1723 1813 1873 1881 cujus
1901 1814 2068 1867 solius
2102 1829 2230 1866 cura
2273 1824 2431 1880 atque
2467 1813 2689 1866 consilio
2739 1813 2790 1864 in
2826 1813 3075 1864 omnibus
3130 1811 3392 1872 adhibito,

235 1909 458 1949 accurate
490 1900 620 1952 adeo
652 1909 702 1952 et
737 1900 897 1968 polite
930 1901 1123 1967 prodit.

292 2005 361 2057 Ad
415 2006 626 2059 ealcem.
666 2006 829 2057 totius
880 2007 1056 2069 operis
1107 2006 1480 2060 annotationes
1536 2005 1900 2073 snlijunximus
1934 2008 2045 2075 (a):
2105 2008 2152 2059 in
2216 2007 2409 2072 quibus
2475 2007 2600 2072 quid
2660 2007 3022 2073 prmstitimns,
3068 2005 3144 2056 vel
3208 2005 3395 2055 saltent

238 2101 465 2156 praestare
512 2092 683 2142 conati
743 2106 946 2151 sumus,
999 2094 1178 2156 paucis
1234 2093 1596 2156 expediemus.
1638 2090 1814 2144 Primo
1864 2097 2004 2146 enim
2045 2094 2196 2146 nobis
2248 2094 2467 2145 minime
2507 2096 2836 2159 propositum
2882 2093 3000 2152 fuit,
3067 2095 3115 2144 in
3159 2093 3398 2158 singulos

238 2191 446 2228 canones
495 2190 794 2242 eorumque
825 2177 1020 2228 scholia
1063 2179 1473 2229 commentarios
1511 2178 1687 2240 edere,
1718 2179 1853 2244 quod
1883 2195 2057 2244 opera:
2095 2180 2244 2232 nobis
2273 2180 2500 2246 pretium
2536 2179 2672 2230 haud
2720 2179 2885 2230 visum
2923 2187 3025 2231 est.
3071 2178 3143 2228 Ac
3177 2177 3397 2244 proinde

238 2261 511 2314 istiusmodi
543 2265 909 2313 tantummodo
942 2262 1091 2325 locis,
1142 2280 1258 2329 quae
1303 2265 1607 2316 obscuriora
1652 2266 1761 2316 visa
1797 2277 1933 2324 sunt,
1977 2280 2092 2330 qua:
2134 2278 2410 2331 perperam
2463 2265 2529 2316 ab
2577 2265 2695 2315 aliis
2725 2264 3007 2322 intellecta,
3060 2272 3148 2312 aut
3185 2260 3394 2325 majoris

237 2347 486 2410 momenti,
519 2357 570 2398 et
601 2345 983 2412 frequentioris
1017 2350 1064 2398 in
1106 2348 1481 2399 ecclesiasticis
1508 2350 1847 2401 discntiendis
1876 2347 2256 2401 Controversiis
2289 2363 2440 2409 usus,
2475 2349 2853 2408 dilucidandis,
2884 2345 3217 2398 vindicandis
3253 2355 3304 2396 rt
3333 2347 3396 2396 ad

237 2433 498 2499 genuinum
564 2433 800 2497 ipsorum
851 2446 1063 2482 Sensum
1121 2433 1485 2492 restituendis,
1538 2442 1735 2494 totam,
1785 2437 1955 2498 qualis
2002 2433 2178 2501 qualis
2224 2431 2359 2493 fuit,
2409 2449 2624 2499 operam
2678 2433 2989 2484 locavimus.
3045 2429 3177 2482 llinc
3232 2431 3394 2482 etiam

238 2519 478 2568 variantes
533 2517 733 2582 passim
791 2517 1046 2567 lectiones
1093 2531 1156 2567 ex
1200 2517 1470 2567 codicibus
1503 2527 1609 2567 tam
1664 2533 1788 2568 mss.
1836 2535 1990 2586 quam
2040 2518 2315 2586 impressis
2360 2557 2372 2581 ,
2422 2517 2820 2579 adnotavimus;
2863 2516 2962 2567 alia
3013 2517 3168 2567 etiam
3207 2529 3392 2580 quam-

238 2603 440 2670 plurima
471 2603 694 2663 scholia,
736 2618 852 2668 qua:
883 2613 936 2652 ut
970 2616 1136 2668 neque
1170 2604 1233 2652 ad
1279 2601 1632 2664 Balaamonis,
1669 2619 1761 2653 nec
1795 2602 2034 2664 Zonarae,
2069 2617 2166 2655 nec
2194 2603 2428 2653 Aristeni
2478 2603 2775 2670 ἑρμηνείας
2809 2602 3147 2665 pertinentia,
3189 2601 3237 2649 in
3283 2600 3394 2662 ipso

235 2689 390 2754 aperis
438 2704 656 2755 corpore
707 2689 949 2742 consulto
1004 2690 1358 2755 ιιι-ωιριίιιίδδει
1406 2698 1556 2750 sunt,
1610 2702 1672 2739 ex
1726 2704 1850 2740 mss.
1907 2687 2201 2739 Bodleianis
2241 2697 2292 2739 et
2345 2688 2809 2740 Amerhachiano.
2870 2687 2932 2736 ad
2999 2699 3121 2736 suos
3176 2698 3394 2750 (piaeque

245 2790 455 2828 canones
485 2776 621 2828 inter
655 2777 1027 2828 atriiotatioues
1060 2778 1418 2843 appoSnimus.
1444 2775 1708 2842 Quidquid
1733 2777 1890 2827 etiam
1922 2773 2235 2826 scholiastes
2268 2778 2315 2823 in
2351 2773 2685 2824 Constantini
2720 2771 3092 2834 llarnu-mqmli
3125 2770 3394 2834 (‘pllUlllt'n

237 2863 962 2927 canonum~conscripserunt,
995 2865 1056 2914 ad
1099 2863 1266 2914 loctnn
1296 2861 1468 2913 itidem
1500 2862 1743 2929 quodque
1769 2877 1918 2913 suum
1950 2859 2330 2926 Congessimus.
2362 2859 2503 2909 Adeo
2536 2867 2591 2907 ut
2619 2857 2746 2907 oilnl
2793 2871 2819 2905 a
2847 2855 3045 2906 Graecis
3072 2856 3394 2920 quibuslibet

237 2951 280 3001 in
317 2949 410 3002 hoc
444 2946 685 3001 canonici
721 2949 952 3015 ipsorum
981 2948 1119 3013 juris
1148 2963 1338 3015 corpus
1370 2947 1728 3014 conscriptum
1756 2946 1821 2998 ad
1856 2945 2098 2997 notitiam
2134 2951 2369 2996 nostram
2412 2942 2675 3008 pervenit,
2704 2941 2842 3007 quod
2875 2943 3069 3024 nun-in
3106 2942 3201 2991 hoc
3231 2936 3391 2990 unico

234 3023 376 3103 opere
403 3034 678 3088 collectum
713 3035 1003 3088 exhibetur.

291 3204 354 3263 ia)
378 3205 520 3257 Notas
546 3207 711 3259 textui
741 3207 1050 3270 subjecimus,
1088 3211 1171 3260 sed
1200 3208 1394 3256 delectu
1420 3207 1597 3255 habito.
1628 3207 1758 3255 EDIT.
1785 3206 1934 3256 Pun.
