4030 6340
759 487 823 548 79
1975 491 2244 557 TllEOD.
2268 495 2278 551 l

2376 494 2492 551 [ΒΑ
2501 495 2648 553 ΜοΝ
3834 487 3900 546 80

762 597 929 650 nullos
957 596 1245 660 adducunt,
1279 598 1366 663 qui
1397 598 1528 650 bona
1561 611 1652 650 sua
1678 607 1890 666 propter
1909 613 2000 653 eos
2026 603 2278 668 oppigne-

2378 602 2636 666 ἐοίκασιν,
2669 604 3032 672 ἀπηγόρευται
3060 605 3166 664 τοῖς
3206 602 3512 670 κληρικοίςο
3547 601 3632 652 ἵνα
3661 599 3735 667 μὴ
3773 601 3905 651 ἐαυ-

757 700 891 742 ι·;ιηι.
919 687 1031 740 lloc-
1053 687 1230 756 igitur,
1250 698 1304 740 et
1329 703 1442 754 qua?
1462 700 1577 740 sunt
1597 689 1719 741 huic
1733 689 1942 753 similia,
1969 691 2278 755 prohibetur

754 779 973 836 clericis.
1006 794 1070 830 ne
1103 794 1158 831 se
1186 779 1506 845 negotiorum
1551 778 1806 830 molestiis
1832 817 1847 842 ,
1887 787 1939 830 et
1984 780 2276 832 actionibus

755 869 1087 932 interponant
1113 859 1470 933 iudicialibus.
1495 865 1739 933 Suspicio
1770 872 1994 932 namque
2018 874 2115 929 est,
2139 868 2276 932 quod
2321 878 2336 904 κ

755 957 851 1006 ista
885 966 1095 1021 propter
1129 954 1329 1005 lucrum
1367 951 1569 1016 ferant,
1597 953 1818 1005 clericos
1854 963 2028 1005 autem
2063 954 2278 1005 dedecet

754 1057 869 1092 csse
901 1041 1064 1106 turpis
1097 1040 1224 1091 lucri
1287 1038 1523 1105 cupidos.
1581 1038 1862 1104 Propterea
1933 1039 2275 1105 depositionis

755 1142 906 1192 pu-na
952 1127 1139 1180 talibus
1173 1123 1442 1191 inﬂigitur.
1475 1125 1620 1189 Quod
1660 1126 1703 1178 si
1750 1126 1901 1178 {orte
1953 1126 2176 1178 clericus
2212 1127 2276 1178 ab

753 1218 926 1281 aliquo
972 1225 1170 1265 tractus
1224 1215 1286 1264 ad
1313 1213 1568 1280 .judicium
1597 1252 1611 1274 ,
1646 1213 1904 1266 satisdare
1960 1213 2159 1279 judicio
2205 1215 2276 1265 si-

753 1306 917 1356 stcndi
954 1318 1108 1355 causa
1132 1304 1366 1369 cogatur,
1397 1303 1692 1354 iStiusmodi
1724 1303 2096 1356 satisdationes
2144 1315 2278 1367 pne-

754 1405 896 1447 s:ans
919 1403 1054 1444 statu
1083 1407 1180 1443 suo
1214 1407 1314 1443 non
1337 1391 1534 1443 idcirco
1577 1391 1909 1443 multabitur.
1935 1387 2277 1458 Quandoqui-

753 1485 864 1534 dem
894 1482 1145 1546 comperti
1186 1480 1309 1530 sunt
1357 1480 1407 1530 in
1455 1481 1775 1532 (ecumenica
1837 1480 2034 1546 synodo
2089 1489 2275 1545 quarta

751 1570 1050 1638 congregati
1087 1570 1245 1619 divini
1285 1568 1500 1631 Patres,
1549 1578 1601 1620 et
1643 1568 1731 1635 qui
1780 1577 2133 1638 convenerant
2173 1582 2272 1619 nna

751 1672 1018 1713 senatores
1047 1659 1112 1710 ab
1141 1657 1399 1724 A‘lgyptiis
1418 1657 1678 1723 episcopis
1713 1659 1952 1723 exegisse
1981 1657 2274 1724 ﬁdejussio-

752 1763 846 1799 nes
871 1747 1065 1813 judicio
1099 1746 1314 1796 sistendi
1349 1761 1362 1794 :
1405 1743 1483 1795 vel
1522 1744 1610 1811 qui
1645 1743 2075 1795 satisdationibus
2109 1743 2271 1795 desti-

753 1838 1049 1897 tuebantur,
1084 1835 1163 1885 his
1210 1833 1576 1898 jusjurandum
1613 1833 1901 1898 imperasse
1929 1870 1941 1892 ,
1978 1833 2101 1885 dum
2141 1843 2274 1884 tein-

748 1941 844 1992 pus
882 1932 1121 1996 quaerunt
1147 1925 1209 1972 ad
1241 1922 1564 1973 dilationem.
1597 1920 1744 1984 Quod
1779 1922 1822 1972 si
1854 1921 2076 1972 clericus
2107 1919 2168 1971 ad
2191 1920 2274 1986 ju-
2300 1902 2346 1959 Β

748 2014 938 2065 ilicium
969 2011 1300 2079 comperiens
1332 2011 1558 2076 aliquem
1589 2018 1906 2076 protractum
1948 2010 2014 2061 ob
2050 2009 2271 2061 dandam

741 2090 965 2156 sistendi
992 2115 1048 2153 se
1071 2099 1270 2165 ludicio
1306 2098 1620 2161 cautionem,
1654 2097 1733 2150 vel
1760 2097 1862 2151 alio
1878 2112 2088 2166 quoquo
2121 2100 2275 2150 modo

751 2191 1016 2258 petitionis
1045 2190 1338 2256 cujuspiam
1366 2187 1628 2254 judicialis
1663 2202 1806 2239 reum
1837 2223 1853 2249 ,
1898 2187 1986 2253 qui
2024 2188 2274 2239 custodiae

749 2282 990 2340 traditur,
1022 2279 1146 2346 quia
1180 2279 1437 2331 satisdare
1461 2286 1685 2344 nequeat
1715 2293 1728 2329 :
1767 2277 2050 2328 miseratus
2097 2287 2272 2329 autem

747 2372 892 2423 illum
924 2383 1017 2435 pro
1046 2366 1133 2419 illo
1159 2367 1270 2434 ipse
1309 2365 1576 2432 lidejubet,
1627 2367 1791 2432 ipsius
1819 2360 2123 2416 calamitate
2158 2377 2272 2416 nio-

748 2472 852 2522 tus,
883 2461 1022 2512 hunc
1053 2471 1155 2509 non
1185 2443 1408 2508 arbitror
1429 2453 1615 2506 ordine
1653 2467 1749 2506 suo
1778 2453 2087 2506 movendum
2127 2472 2139 2504 :
2183 2453 2274 2506 sed

748 2551 883 2617 apud
921 2548 1080 2599 Deum
1133 2547 1398 2611 bonosque
1436 2544 1576 2595 viros
1626 2531 1894 2610 acceptum
1943 2541 2086 2604 fore,
2138 2543 2277 2594 velut

746 2637 1029 2705 evangelici
1061 2637 1451 2687 observatorem
1478 2630 1729 2683 mandati.
1754 2629 1815 2681 Et
1836 2629 2005 2682 civilis
2024 2638 2274 2695 prxterea

747 2726 825 2777 lex
858 2724 1077 2776 clericos
1117 2723 1169 2774 in
1216 2721 1310 2786 jus
1359 2725 1570 2772 vomitus
1619 2716 1875 2770 satisdare
1915 2714 2082 2784 jubet.
2141 2715 2272 2766 Nota

748 2816 887 2882 quod
915 2813 1205 2880 segregatio
1239 2819 1320 2863 est
1353 2810 1510 2862 etiam
1544 2822 1723 2875 poenas
1764 2807 1891 2858 dare
1936 2819 2054 2872 qua:
2083 2818 2113 2856 e
2140 2804 2276 2857 divi-

748 2903 829 2954 nis
862 2903 1078 2968 ejiciuat
1113 2899 1368 2960 terminis,
1401 2905 1453 2949 et
1485 2897 1536 2949 in
1590 2894 1952 2964 posuitentium
2004 2893 2118 2946 loco
2150 2908 2274 2948 con-

747 2995 984 3042 stituunt.

747 3079 965 3132 AitlS'l‘.
996 3078 1221 3131 Clericus
1265 3076 1614 3144 ﬁdejussiones
1653 3090 1751 3126 non
1776 3075 1899 3138 dat,
1937 3075 2065 3124 dam
2103 3081 2274 3124 autem

1362 3167 1650 3230 deponitur.
2081 3165 2089 3172 ’

814 3268 925 3321 Non
961 3271 1164 3333 oportet
1187 3260 1434 3313 clericum
1467 3258 1518 3310 in
1565 3256 1776 3324 negotia
1829 3270 1884 3308 sc
1933 3255 2148 3321 injicere
2171 3293 2186 3319 ,
2222 3263 2274 3306 et

749 3361 842 3414 fori
872 3355 1130 3426 iudicialis
1161 3351 1430 3405 molestias
1476 3355 1685 3414 propter
1733 3345 1941 3412 aliquod
1979 3353 2131 3409 turpe
2162 3346 2266 3396 -lu-

747 3463 916 3502 crum.
947 3445 999 3496 Si
1025 3442 1183 3497 Paulo
1210 3440 1352 3493 enim
1375 3437 1595 3506 fortasse
1621 3448 1736 3486 cum
1781 3432 1990 3498 publico
2042 3433 2119 3483 vel
2168 3431 2273 3498 pri-

749 3549 866 3590 vato
893 3537 1070 3601 aliquo
1103 3531 1372 3599 pactiones
1405 3527 1764 3587 contrahente,
1797 3523 1920 3576 etei
1966 3539 2067 3574 non
2099 3520 2272 3573 credi-

752 3643 855 3691 tttr,
890 3627 978 3678 scd
1007 3621 1370 3688 ﬁdejussiones
1418 3617 1714 3681 exiguntur,
1751 3612 1988 3665 clericus
2041 3625 2134 3694 pro
2188 3611 2274 3663 illo

753 3715 1084 3780 tid-jusserit,
1123 3703 1666 3786 eL‘semetubnoxinm
1715 3702 2017 3764 reddiderit,
2074 3701 2190 3752 talis
2221 3707 2274 3751 ut

751 3828 766 3857 ι
784 3811 1070 3870 ontetnplot
1103 3795 1297 3866 proprii
1323 3802 1490 3848 status
1507 3800 1564 3843 el.
1589 3791 1800 3843 honoris
1836 3803 2050 3857 propter
2068 3789 2272 3840 lucrum

752 3895 1009 3960 quoddam
1049 3889 1244 3948 factus,
1278 3884 1585 3949 deponetur.
1626 3879 1680 3932 Si
1707 3879 1929 3930 clericus
1967 3885 2138 3931 autem
2195 3879 2276 3929 in-

754 3977 1252 4035 teniensho-ninem
1285 3985 1590 4038 oppressum
1638 3977 1691 4020 et
1737 3967 1787 4020 in
1834 3970 2067 4020 custodia
2097 3973 2280 4019 deten-

754 4084 882 4131 tutu,
919 4081 966 4120 et
990 4067 1140 4117 aliter
1178 4063 1316 4115 illinc
1346 4077 1448 4114 non
1495 4059 1754 4112 exiturum
1804 4056 1902 4109 nisi
1943 4056 2166 4122 aliquem
2199 4060 2283 4107 dc-

752 4158 885 4211 derit
911 4132 1271 4222 lidejubentem
1304 4165 1420 4202 eum
1471 4163 1571 4200 non
1622 4145 2005 4213 conl'ugiturum
2032 4183 2046 4205 ,
2076 4156 2126 4196 ct
2157 4160 2279 4212 pro-

755 4263 868 4314 pter
903 4232 1248 4315 sympathiam
1277 4247 1325 4291 et
1358 4237 1736 4288 humanitatem
1762 4234 1917 4286 talem
1946 4233 1996 4285 in
2037 4248 2095 4286 se
2140 4249 2284 4287 rece-

757 4336 911 4402 perit,
946 4341 996 4382 cl.
1036 4327 1347 4394 lidejusserit
1375 4339 1494 4378 eum
1550 4338 1606 4376 se
1650 4321 1846 4389 judicio
1880 4322 2068 4376 sistere
2115 4337 2283 4391 quan-

761 4426 1032 4485 docunque
1066 4415 1346 4483 requisitos
1372 4413 1548 4475 fuerit,
1602 4425 1702 4464 non
1747 4418 1948 4463 tantum
2008 4427 2110 4463 non
2150 4411 2276 4478 abji-

2379 694 2505 753 τοὺς
2539 691 2680 759 ὄχλῳ
2706 695 3038 760 πραγμάτων
3057 693 3148 743 καὶ
3173 692 3458 758 ἐλκυσμοίς
3485 689 3899 756 παρεμϐάλωσι,

2379 781 2475 831 καὶ
2499 781 2776 848 ἐπηρείιις
2811 784 3179 849 σεκρετικαίς’
3215 780 3601 832 ύποπτεύονται
3650 778 3759 846 γὰρ
3813 776 3906 829 διὰ

2375 871 2564 939 κέρδος
2601 871 2802 922 τούτων
2849 872 3166 938 ἀνέχεσθαιο
3215 870 3614 939 αἱσχροκερδεῖς
3670 869 3726 920 δὲ
3773 867 3903 926 τοὺς

2377 959 2667 1028 κληρικοὺς
2695 956 2827 1012 εἶναι
2856 961 2912 1010 ού
2939 959 3054 1023 δεῖ]
3098 960 3166 1011 δι’
3197 960 3225 1009 δ
3254 962 3343 1010 καὶ
3369 961 3401 1027 ἠ
3432 959 3748 1027 καθαίρεσις
3774 957 3905 1007 τού-

2375 1066 2485 1110 τοις
2537 1050 2813 1114 ἐπάγεται.
2870 1051 2930 1100 El
2971 1050 3026 1100 δὲ
3072 1049 3219 1116 παρά
3269 1066 3408 1109 τινος
3462 1049 3589 1109 ἴσως
3639 1046 3905 1112 κλήρικὶς

2376 1139 2698 1204 ἐναγόμενος
2723 1139 2818 1203 τῆς
2845 1137 2924 1198 είς
2950 1138 3008 1188 τὸ
3031 1137 3378 1205 δικαστήριον
3400 1136 3720 1204 προσεδρίας
3742 1135 3905 1204 χάριν

2385 1229 2583 1292 ἐγγύας
2635 1229 2962 1285 άπαιτεῖται.
3017 1228 3188 1288 διδοὺς
3237 1226 3437 1287 ταύτας
3478 1228 3536 1278 ού
3571 1225 3904 1294 βλαϐήσεται

2374 1318 2523 1383 παρὰ
2551 1317 2644 1384 τὴν
2673 1317 2880 1369 οἰκείαν
2919 1320 3212 1384 ἐπιτιμίαν.
3255 1318 3406 1369 Ἐπεί⁵
3434 1317 3688 1386 εὕρηνται
3719 1318 3813 1369 καὶ
3845 1318 3904 1366 ἐν

2375 1411 2436 1474 τῇ
2471 1409 2702 1476 τετάρτῃ
2733 1409 3078 1476 οίκουμενικῇ
3111 1409 3309 1476 συνόδῳ
3339 1410 3387 1459 oi
3431 1409 3488 1459 ἐν
3519 1410 3693 1476 ταύτῃ
3715 1409 3907 1475 ἁθροι-

2377 1492 2589 1551 σθέντες
2613 1494 2740 1544 θεῖοι
2771 1495 3028 1561 Πατέρες,
3061 1495 3151 1546 καὶ
3175 1498 3221 1545 oi
3270 1497 3514 1556 συνόντες
3562 1496 3739 1556 αὐτοῖς
3767 1512 3904 1561 συγ-

2341 1578 2636 1646 ’κλητικοζ
2671 1583 2792 1642 τοὺς
2822 1581 3146 1648 Αἰγυπτίους
3176 1584 3505 1645 ἐπισκόπους
3556 1585 3759 1648 ἐγγύας
3795 1587 3910 1634 ἁπ-

2753 1658 3116 1738 προσεδρίαςδ
3186 1671 3218 1736 ἦ
3276 1671 3475 1722 τούτων
3539 1672 3904 1740 ἀποροῦντας,

2375 1753 2722 1818 κελεύσαντες
2748 1757 3045 1824 ἐξωμοσίαν
3083 1760 3427 1822 ποιήσασθαι,
3461 1760 3908 1828 ζητοῦντας’και-

2375 1844 2464 1912 ρον
2512 1847 2588 1905 εἰς
2637 1844 2942 1912 ὑπέρθεσιν,
2977 1845 3037 1895 Ei
3067 1846 3124 1896 δέ
3157 1847 3414 1915 κληρικὸς
3449 1849 3739 1911 ἑλκόμενόν
3778 1866 3906 1899 τινα

2373 1930 2635 1999 εὑρηκὼς,
2667 1931 2759 1981 καὶ
2802 1931 3001 1997 ἐγγύας
3033 1933 3184 2000 ὑπὲρ
3206 1936 3623 2002 παραστάσεως,
3663 1938 3693 2004 ἦ
3726 1938 3907 1996 ἄλλως

2373 2037 2488 2079 πως
2519 2021 2916 2088 ἀπαιτούμενον
2949 2023 3042 2074 καὶ
3071 2025 3257 2091 εἱρκτῇ
3283 2027 3809 2093 παραπεμπόμενον,
3830 2028 3908 2086 ti);

2374 2109 2447 2175 μὴ
2470 2108 2759 2176 δυνάμενον
2792 2113 3084 2178 παρασχεῖν
3109 2115 3206 2171 τὰς
3233 2114 3456 2178 ἐγγύας,
3487 2116 3711 2180 ἐλεήσας
3738 2116 3907 2166 αὑτὸν

2373 2196 2509 2262 ὑπὲρ
2544 2197 2744 2248 ἐκείνου
2774 2197 2965 2248 ἐαυτὸν
2997 2198 3304 2251 ὑποτίθεται
3354 2205 3418 2269 τῇ
3452 2204 3645 2272 ἐγγύῃ,
3673 2205 3907 2256 ἐπικλα-

2375 2285 2519 2345 σθεὶς
2553 2288 2616 2354 τῇ
2641 2285 2731 2337 τοῦ
2773 2288 3067 2355 πάσχοντος
3099 2291 3366 2358 συμφορᾷ,
3402 2291 3499 2342 ούκ
3537 2288 3689 2358 οῐμαι
3712 2294 3908 2346 τοῦτον

2371 2373 2883 2441 καθαιρεθήσεσθαι,
2940 2374 3074 2425 ἀλλὰ
3107 2376 3199 2425 καὶ
3256 2377 3716 2445 άποδεχθήσεσοαι
3751 2384 3909 2447 παρὰ

2371 2459 2502 2511 Θεοῦ
2551 2477 2610 2511 τε
2659 2461 2752 2512 καὶ
2785 2461 3135 2527 εὐγνωμόνων
3171 2462 3395 2531 ἀνδρῶν,
3437 2465 3508 2525 ὡς
3543 2466 3909 2535 εύαγγελικὴν

2372 2548 2728 2616 πληρώσαντα
2759 2551 2998 2617 ἐντολὴν.
3027 2551 3139 2602 Καὶ
3162 2553 3188 2601 ό
3221 2551 3485 2614 πολιτικὸς
3506 2553 3559 2606 δὲ
3593 2535 3751 2624 νόμος
3775 2560 3907 2620 τοὺς

2373 2636 2667 2703 κληρικοίις
2717 2637 3098 2704 δικαζομένους
3155 2639 3351 2690 διδόναι
3405 2643 3604 2707 ἐγγύας
3656 2662 3909 2712 παρακε-

2373 2724 2607 2776 λεύεται.
2652 2726 2959 2792 Σημείωσαι
2986 2728 3071 2777 ὅτι
3105 2727 3402 2794 ἀφόρισμός
3447 2732 3560 2780 ἐστι
3601 2735 3693 2783 καὶ
3741 2735 3799 2785 τι
3847 2738 3908 2785 ἐν

2372 2811 2662 2879 ἐπιτιμίοις
2713 2813 2960 2879 γενέσθαι
3009 2817 3119 2876 τοῖς
3191 2815 3505 2868 ἐκϐάλλουσι
3574 2820 3683 2871 τῶν
3742 2821 3907 2873 θείων

2372 2903 2688 2971 περιϐόλων,
2744 2905 2836 2956 καὶ
2891 2905 3020 2973 apo;
3043 2906 3268 2974 τὴντῶν
3317 2909 3718 2976 μετανοούντων
3769 2913 3910 2965 καθ-

2377 2991 2563 3044 ιστῶσι
2595 2993 2793 3060 χώραν.

2372 3079 2588 3132 ΔΡΙΣΤ.
2646 3077 2933 3146 Κληρικὸς
2991 3081 3205 3149 ἐγγύας
3259 3083 3331 3134 οὺ
3363 3080 3605 3136 δίδωσι·
3655 3083 3798 3149 δοὺς
3836 3086 3910 3138 δὲ

2943 3170 3312 3235 καθαιρεῖται.
3397 3202 3402 3206 ι

2443 3259 2621 3311 Ούδεῖ
2649 3259 2734 3310 τὸν
2783 3259 3034 3327 κληρικὸν
3081 3261 3268 3311 ἐαυτὸν
3303 3259 3380 3321 εις
3413 3262 3707 3329 πράγματα
3759 3281 3912 3334 παρ-

2378 3348 2685 3414 εμϐάλλειν,
2720 3349 2810 3398 καὶ
2841 3347 3202 3416 δικαστηρίων
3227 3348 3474 3417 ὀχλήσεις
3530 3351 3616 3403 διά
3650 3369 3768 3404 τινα
3815 3358 3908 3406 αἱ-

2381 3437 2757 3505 σχροκέρδειαν
2782 3452 2796 3465 ·
2831 3438 2878 3487 εί
2907 3439 3011 3505 γὰρ
3048 3437 3138 3489 τοῦ
3183 3424 3390 3490 Παύλου
3426 3439 3584 3508 τυχὸν
3627 3443 3766 3508 μετὰ
3806 3445 3906 3497 τοῦ

2379 3527 2638 3595 δημοσίου
2673 3528 2704 3594 ἥ
2744 3527 2838 3578 καὶ
2891 3527 3095 3578 ἰδιώτου
3127 3529 3266 3588 τινὲς
3297 3528 3768 3596 συναλλάσσοντος,
3808 3534 3911 3586 καὶ

2378 3620 2453 3686 μὴ
2507 3619 2988 3685 ἐμπιστευομένου,
3043 3619 3154 3668 ἀλλ’
3211 3618 3608 3686 ἀπαιτουμένου
3670 3621 3906 3685 ἐγγύας,

2377 3706 2626 3774 κληρικδς
2654 3708 2978 3774 ἐγγυήσεται
3005 3707 3214 3767 τοῦτον,
3245 3709 3336 3758 καὶ
3361 3709 3691 3775 καταστήσει
3718 3710 3909 3776 ἔνοχον

2377 3795 2596 3846 ἐαυτόν·
2628 3798 2656 3846 ὁ
2683 3795 2935 3856 τοιοῦτος,
2989 3796 3062 3857 ὡς
3096 3798 3505 3863 καταφρονητὴς
3546 3800 3642 3864 τῆς
3691 3799 3907 3862 οἰκείας

2375 3884 2647 3950 ἐπιτιμίας
2672 3884 2756 3935 διά
2788 3900 2836 3934 τι
2870 3883 3052 3952 κέρδος
3077 3884 3380 3952 γενόμενος,
3415 3885 3901 3956 καθαιρεθήσεται.

2377 3973 2440 4024 Εἰ
2469 3974 2525 4024 δὲ
2550 3975 2685 4024 κατὰ
2715 3973 2876 4024 πόνου
2924 3971 3092 4039 εὑρὼν
3121 3975 3145 4025 ὁ
3174 3973 3427 4041 κλήρικδς
3469 3974 3773 4042 ἄνθρωπον,
3809 3985 3910 4030 καί

2379 4065 2436 4115 ἐν
2493 4063 2701 4131 φυλακῇ
2754 4064 3129 4130 κατεχόμενον,
3185 4063 3759 4126 καὶάλλωςλκεῐθεν
3827 4067 3911 4138 μὴ

2381 4154 2724 4220 ἐξαγόμενον,
2747 4154 2793 4201 εἰ
2819 4153 2892 4218 μή
2913 4167 3030 4202 τινα
3058 4151 3171 4218 δοίη
3196 4151 3283 4203 τὸν
3313 4152 3717 4221 ἐγγυησάμενον
3739 4154 3909 4206 αὑτὸν

2384 4241 2458 4309 μὴ
2485 4241 2775 4309 ἀποδρᾶναι
2796 4255 2808 4267 '
2861 4242 2952 4292 καὶ
2982 4240 3070 4291 διὰ
3103 4241 3442 4309 συμπάθειαν
3473 4244 3566 4294 καὶ
3600 4241 3909 4313 φιλανθρω-

2380 4330 2508 4384 πίαν
2537 4329 2835 4393 ἁναδέξεται
2866 4331 2954 4382 τὸν
2982 4331 3219 4383 τοιοῦτον
3259 4332 3351 4383 καὶ
3383 4336 3652 4403 παριστᾷν
3701 4335 3909 4405 ἐγγυή-

2383 4419 2550 4484 σεται,
2578 4420 2773 4480 ὁπόταν
2805 4419 2867 4472 ἂν
2894 4419 3096 4488 ζητηθῇ
3121 4458 3136 4482 ,
3166 4420 3224 4470 οὐ
3271 4421 3428 4488 μόνον
3469 4423 3567 4475 οὐκ
3594 4422 3909 4492 ἀπόϐλητος

2374 1669 2691 1734 αιτήσαντες

760 4509 976 4565 ciendus
1001 4508 1118 4567 erit,
1150 4506 1238 4557 sed
1269 4502 1554 4554 laudandus
1591 4499 1908 4567 iudicabitur
1930 4539 1943 4563 ,
1979 4508 2035 4552 ut
2082 4515 2278 4572 ponens

2379 4507 2552 4568 ἔσται,
2607 4506 2737 4558 ἀλλά
2793 4507 2885 4559 καὶ
2924 4506 3229 4568 ὲπαινετέος
3275 4509 3613 4578 κριθήσεται,
3681 4511 3754 4572 ὡς
3802 4513 3907 4582 τὴν

761 4601 988 4652 :uiimam
1021 4609 1168 4649 suam
1205 4608 1299 4660 pro
1339 4599 1582 4659 cognato.
1618 4588 1834 4641 Clericis
1884 4598 2057 4640 autem
2111 4591 2162 4641 in
2196 4590 2281 4656 jus

758 4685 959 4738 vocalis
991 4683 1123 4749 exigi
1162 4678 1528 4746 lidejussiones
1548 4675 1743 4742 judicio
1784 4689 1842 4729 se
1877 4674 2092 4727 sistendi
2118 4715 2130 4737 ,
2183 4677 2283 4728 hoc

768 4790 869 4828 non
899 4773 1064 4825 reddit
1089 4785 1178 4821 eos
1206 4766 1522 4833 depositiuni
1545 4764 1815 4816 obnoxios.
1850 4761 1904 4814 ln
1934 4777 2117 4829 quarta
2141 4763 2282 4815 enim

765 4865 968 4916 aetione
1003 4860 1053 4910 in
1089 4856 1420 4910 Chalcedozie
1454 4863 1708 4915 actorum,
1735 4862 1920 4904 sancta
1967 4854 2194 4920 synodus
2234 4861 2285 4904 ct

763 4952 1091 5005 considentes
1122 4951 1174 5001 in
1204 4962 1262 5000 ea
1312 4942 1639 4998 celeberrimi
1689 4941 1939 5008 prrel'ecti,
1984 4949 2280 4995 statuerunt

766 5039 1040 5106 Ajgyptios
1077 5036 1344 5101 episcopos
1375 5029 1735 5096 ﬁdejussiones
1773 5042 1830 5079 se
1859 5028 2076 5089 sistendi
2114 5030 2279 5093 _dare,

766 5140 818 5181 et
842 5127 947 5180 illis
970 5124 1246 5178 destitutos
1271 5118 1614 5188 jurejurando
1648 5115 1922 5183 obstringi.

1335 5385 1552 5440 CANON
1583 5385 1716 5439 XXI.

775 5485 1073 5543 Eunuchus,
1108 5482 1148 5533 si
1181 5495 1239 5532 cx
1270 5479 1526 5531 hominum
1552 5477 1753 5543 quidem
1775 5475 1964 5544 injuria
1994 5479 2163 5545 factus
2192 5481 2281 5546 sit,

2377 4595 2566 4648 ἐαυτοῦ
2594 4596 2770 4664 ψυχὴν
2802 4595 2939 4663 ὑπὲρ
2970 4595 3257 4663 ὁμογενοῦς
3311 4598 3552 4662 θέμενος.
3587 4593 3660 4649 Τδ
3691 4599 3747 4652 δὲ
3778 4604 3910 4664 τοὺς

2380 4687 2672 4755 κληρικοὺς
2705 4687 3084 4755 δικαζομένους
3121 4686 3461 4739 ἀπαιτεῖσθαι
3496 4688 3701 4756 ἐγγύας
3729 4707 3911 4759 παρα-

2381 4778 2620 4838 στάσεως
2680 4775 2929 4828 τοσοῦτον
2978 4777 3036 4826 ού
3093 4776 3403 4850 καθαιρέσει
3455 4778 3650 4840 αὐτοὺς
3688 4779 3909 4848 ἐνόχους

2381 4865 2714 4932 καθίστησιν,
2746 4863 2824 4914 ὅτι
2858 4865 2950 4916 καὶ
2997 4865 3052 4915 ἐν
3088 4867 3151 4932 τῇ
3185 4869 3417 4934 τετάρτῃ
3485 4867 3675 4935 πράξει
3703 4870 3812 4921 τῶν
3846 4874 3909 4923 ἐν

2380 4953 2674 5022 Χαλκηδόνι
2732 4952 3072 5020 πραχθέντων
3132 4955 3162 5021 ἡ
3221 4955 3348 5020 ἁγία
3403 4955 3609 5018 σύνοδος
3654 4960 3744 5011 καὶ
3776 4977 3907 5012 συν-

2383 5043 2687 5109 εδρεύοντες
2716 5044 2847 5110 αὐτῇ
2872 5042 3195 5103 ἐνδοξότατοι
3228 5046 3480 5113 ἄρχοντες
3511 5047 3750 5101 διέλαϐον
3775 5054 3908 5114 τοὺς

2382 5134 2709 5199 Αἰγυπτίους
2758 5134 3079 5193 ἐπισκόπους
3130 5135 3328 5203 ἐγγύας
3363 5139 3682 5206 προσεδρίας
3734 5159 3910 5211 παρα.

2385 5225 2548 5289 σχεῖν,
2585 5223 2677 5273 καὶ
2723 5222 2923 5273 τούτων
2977 5223 3307 5292 ἀποροῦντας
3364 5227 3630 5300 ἐξωμοσία
3664 5246 3907 5287 καταπι.

2387 5309 2685 5377 στευθῆναι.
2890 5377 2900 5386 ἰ
3481 5313 3483 5316 ⁴
3808 5329 3810 5332 '

2949 5399 3178 5450 ΚΛΝΩΝ
3211 5401 3332 5452 KA'.

2390 5487 2688 5552 Εὐνοῦχος
2726 5486 2854 5556 (36),
2903 5488 2950 5538 εί
3001 5487 3113 5554 μὲν
3161 5488 3228 5552 ἐξ
3271 5490 3545 5558 ἐπηρείας
3582 5493 3908 5562 ἀνθρώπων

1938 5590 2120 5650 Guill.
2154 5594 2465 5671 Beveregii
2508 5601 2689 5654 notio.

845 5694 953 5762 (35)
1006 5692 1323 5760 Εὑνοῦχυς.
1383 5690 1622 5762 Secundo
1677 5704 1703 5762 a_
1773 5686 1967 5762 Christi
2027 5694 2281 5748 natalitiis

793 5757 965 5820 luentc
996 5765 1204 5822 saeculo,
1249 5757 1362 5811 o‘rta
1403 5769 1484 5811 est
1534 5757 1854 5815 Vales‘iorum
1906 5759 2142 5825 haeresis,
2193 5765 2281 5827 qni

2380 5697 2522 5747 varia
2569 5698 2852 5773 Scriptura:
2901 5698 3032 5773 loca,
3082 5701 3378 5773 prwsertim
3427 5703 3611 5757 Matth.
3646 5721 3756 5770 xu,
3812 5709 3904 5773 £2,

2379 5778 2651 5832 perperam
2687 5770 3033 5833 interpretati,
3076 5771 3301 5823 exsectis
3336 5772 3591 5838 virilibus,
3628 5770 3904 5834 eunuchos
