4030 6340
809 363 906 421 147

2019 378 2287 437 THEOD.
2326 382 2417 439 BA
2433 384 2717 444 LSAMON

3852 395 3939 456 148

808 484 961 528 tenus
986 474 1112 542 ipsis
1149 477 1387 548 ieiunet:
1416 490 1505 534 aut
1553 493 1609 535 ut
1649 498 1835 537 carnes
1887 489 2231 553 abeminans,
2278 503 2328 545 et

2435 501 2548 551 καθ’
2575 501 2710 552 αὐτὰ
2741 503 2806 555 τά
2832 504 3074 556 Σάϐϐατα
3119 508 3385 572 νηστεύει,
3430 512 3458 578 ἢ
3492 508 3564 571 ὡς
3607 510 3939 578 βδελυσσόμεο

803 564 1005 630 vinum,
1035 567 1117 621 his
1147 569 1403 623 abstineat
1438 584 1467 623 .'
1491 588 1589 625 nec
1635 575 1814 641 etiam;
1843 575 1995 630 festis
2038 580 2220 633 diebus
2263 598 2324 635 ea

808 666 981 708 sumat
1012 673 1027 708 :
1064 659 1460 728 haudquaquam
1490 663 1758 717 abstinens
1789 667 2194 735 existimabitur,
2220 673 2327 725 imo

806 753 860 794 et
889 744 1074 812 dignus
1118 747 1441 816 depositione
1491 751 1810 817 iudicabitur
1840 773 1852 807 :
1884 767 1938 808 ut
1991 760 2078 825 qui
2149 762 2327 815 multis

806 835 1066 899 cogitandi
1108 839 1341 903 praebeat
1380 842 1747 903 occasionem,
1802 847 1941 911 quod
2003 847 2158 899 noxia
2196 849 2329 902 .sint

805 935 960 986 opera
994 923 1083 976 Dei
1119 944 1131 978 :
1169 943 1391 995 quorum
1436 938 1606 984 tamen
1643 933 1836 985 nullum
1865 935 2058 987 malum
2091 946 2190 999 est,
2233 952 2328 991 nec

790 1009 1244 1068 abominandum.
1296 1017 1537 1072 Decimus
1570 1021 1726 1073 etiam
1769 1034 1987 1090 quartus
2039 1026 2329 1093 Ancyrame

803 1101 984 1166 synodi
1015 1117 1181 1156 canon
1218 1109 1454 1177 praecipit
1481 1125 1592 1175 eos,
1619 1112 1705 1178 qui
1735 1121 1856 1165 sunt
1899 1114 1946 1165 in
1981 1114 2125 1168 clero
2152 1116 2330 1168 carui-

801 1186 899 1239 bus
931 1190 1271 1257 abstinentes,
1303 1205 1358 1249 ut
1387 1211 1476 1250 eas
1503 1208 1737 1266 tangant,
1777 1202 1872 1255 hoc
1895 1213 2011 1266 est,
2047 1214 2101 1255 ut
2126 1243 2134 1253 .
2158 1204 2321 1271 degu-

811 1287 976 1340 Stent,
1007 1279 1294 1347 dcindcque
1332 1287 1409 1336 sic.
1443 1303 1625 1340 rursus
1648 1291 1966 1357 abstincant;
1993 1295 2130 1361 quod
2154 1295 2193 1347 si
2230 1295 2328 1350 hoc

806 1378 914 1414 non
952 1364 1160 1430 faciant,
1198 1377 1254 1421 ut
1284 1371 1378 1436 ipsi
1409 1372 1763 1440 deponantur.

803 1559 1018 1619 ARIST.
1051 1562 1302 1619 Sacerdos
1335 1569 1422 1634 qui
1464 1569 1633 1623 vinum
1683 1583 1729 1625 et
1758 1591 1959 1628 carnem
2000 1594 2097 1630 non
2149 1583 2328 1648 sumit,

1062 1657 1162 1707 nisi
1183 1660 1565 1712 exercitationis
1593 1678 1775 1726 causa,
1805 1668 2086 1734 deponitur.

1311 1747 1415 1816 36
1440 1749 1663 1804 CANON
1690 1752 1821 1808 LIV.

808 1827 870 1880 Si
906 1833 1017 1897 quis
1077 1834 1288 1887 clericus
1309 1837 1363 1887 in
1415 1855 1645 1905 caupona
1683 1845 1947 1897 comedens
1995 1848 2328 1914 deprehensus

877 1921 1064 1986 fuerit,
1123 1941 1449 1992 segregezur,
1503 1942 1842 2000 prazterquam
1891 1936 1935 1986 si
1982 1936 2034 1987 in
2076 1939 2330 2003 publicum

875 2013 1210 2066 diversorium
1266 2018 1318 2068 in
1377 2019 1457 2070 via
1505 2033 1708 2088 propter
1764 2026 2107 2080 necessitatem
2167 2029 2334 2084 diver-

879 2102 1015 2153 terit.
1115 2096 1124 2107 “

877 2188 1069 2242 DALS.
1106 2192 1276 2248 Divini
1303 2205 1354 2249 et
1387 2200 1551 2251 sancti
1579 2203 1802 2266 apostoli
1838 2217 1957 2255 cum
1995 2205 2186 2260 vellent
2228 2208 2334 2261 cle-

809 2279 945 2333 ricos
974 2295 1132 2349 agere
1155 2283 1312 2337 vitam
1345 2285 1409 2338 ab
1434 2288 1574 2339 omni
1625 2291 2032 2356 reprehensione
2062 2295 2284 2348 alienam
2316 2335 2331 2360 ,

813 2384 910 2422 nec
935 2369 1117 2437 vulgus
1145 2371 1425 2436 otl‘endere,
1459 2378 1548 2428 sed
1576 2380 1751 2445 potius
1769 2379 1830 2431 ad
1854 2381 2044 2434 bonum
2077 2386 2333 2451 excitare,

811 2458 1122 2522 decernunt,
1151 2469 1206 2513 ut
1233 2477 1333 2514 nou
1384 2463 1550 2515 solum
1587 2466 1651 2517 ab
1679 2468 1822 2517 omni
1861 2470 1995 2535 turpi
2039 2485 2333 2528 mercatura

813 2548 1109 2599 abstineant
1139 2557 1194 2600 ut
1235 2550 1284 2601 in
1338 2550 1455 2603 aliis
1502 2555 1796 2607 canonibus
1847 2559 2038 2611 dictum
2082 2571 2197 2623 est;
2245 2564 2334 2614 sed

810 2638 965 2688 etiam
995 2649 1048 2688 ut
1073 2654 1133 2691 ne
1161 2641 1212 2691 in
1258 2654 1547 2705 cauponam
1580 2642 1941 2709 ingrediantur
1964 2648 2063 2700 cibi
2118 2659 2338 2716 potusve

809 2725 1050 2776 sumendi
1079 2739 1238 2777 causa
1273 2743 1286 2775 :
1316 2726 1738 2794 quandoquidem
1793 2730 1971 2782 vilium
1998 2741 2048 2785 et
2082 2737 2334 2789 obscuro-

811 2820 925 2857 rum
961 2808 1226 2859 hominum
1264 2811 1371 2862 haec
1398 2819 1544 2869 sunt.
1569 2821 1622 2866 et
1663 2829 1865 2881 magna:
1905 2822 2335 2876 condemnationi

815 2895 1062 2949 obnoxia.
1094 2898 1260 2967 Quam
1289 2899 1354 2951 ob
1379 2915 1590 2953 causam
1615 2917 1732 2954 eum
1760 2907 1847 2970 qui
1881 2908 1984 2961 tale
2011 2910 2135 2975 quid
2172 2911 2337 2975 egerit

817 2983 1068 3035 clericum
1100 2985 1362 3052 segregari
1404 2990 1619 3042 mandat
1655 3005 1864 3046 canon:
1896 3010 2015 3047 cum
2044 3007 2216 3049 autem
2247 2999 2336 3066 qui

815 3074 867 3124 in
901 3072 1085 3126 itinere
1111 3084 1324 3142 propter
1355 3080 1720 3132 necessitatem
1758 3083 1807 3133 in
1829 3099 2063 3150 caupona
2094 3087 2332 3140 diversa-

814 3169 898 3212 tns
951 3169 1054 3221 est,
1116 3177 1217 3218 non
1270 3165 1419 3228 punit
1458 3173 1673 3231 propter
1717 3169 2189 3224 circumstantiam.
2236 3173 2333 3237 Qui

813 3261 938 3313 ergo
964 3247 1148 3301 dicunt
1172 3249 1391 3305 clericos
1425 3267 1580 3321 posse
1608 3256 1713 3308 vini
1757 3267 2107 3311 mercaturam
2141 3261 2337 3326 facere,

815 3338 894 3389 vel
919 3339 1130 3392 lavacra
1153 3342 1448 3396 conducere
1475 3383 1489 3405 ,
1529 3347 1609 3397 vel
1663 3346 1891 3413 aliquam
1939 3348 2089 3402 aliam
2134 3360 2337 3420 turpem

817 3438 1164 3481 mercaturam
1193 3444 1464 3496 exercere,
1495 3436 1632 3486 male
1651 3436 1850 3488 dicunt.
1872 3436 1926 3488 Si
1949 3441 2084 3491 enim
2105 3442 2342 3498 absolute

819 3518 1140 3582 prohibitum
1171 3530 1274 3580 est,
1305 3535 1369 3572 ne
1395 3522 1617 3574 clericus
1667 3538 1957 3592 cauponam
1997 3533 2339 3597 ingrediatur,

737 3657 744 3661 _
818 3605 981 3658 multo
1007 3608 1173 3673 magis
1203 3609 1561 3672 prohibebitur
1584 3611 1837 3676 ejusmodi
1892 3622 2098 3684 turpem
2139 3636 2344 3673 nerea-

820 3703 988 3744 turam
1018 3710 1285 3759 exercere,
1316 3697 1398 3749 vel
1429 3713 1521 3764 per
1573 3714 1628 3751 se
1657 3738 1672 3761 ,
1722 3700 1802 3751 vel
1843 3716 1934 3769 per
1981 3705 2341 3772 interpositam

821 3795 1116 3846 personam.
1166 3782 1303 3852 Lege
1354 3787 1508 3837 etiam
1555 3800 1673 3854 syn.
1721 3787 1935 3843 Laodic.
1990 3808 2107 3846 can.
2173 3796 2242 3847 24
2287 3806 2342 3848 et

817 3870 998 3924 Carth.
1027 3870 1112 3922 40.
1140 3871 1269 3936 Quia
1305 3884 1477 3926 autem
1525 3875 1594 3928 42
1643 3892 1809 3931 canon
1861 3883 2175 3947 apostolicus
2227 3886 2340 3952 epi-

820 3974 1033 4026 scopum
1066 3962 1298 4026 quidem,
1323 3974 1376 4016 et
1407 3968 1786 4034 presbyterum,
1826 3983 1878 4023 et
1910 3971 2185 4025 diaconum
2217 3976 2344 4030 aleis

821 4049 898 4102 vel
923 4050 1263 4105 ebrietatibus
1283 4067 1529 4108 vacantes
1552 4056 1736 4122 deponi
1765 4060 1936 4126 jubet,
1978 4063 2022 4113 si
2081 4079 2181 4114 non
2225 4079 2343 4118 ces—

815 4140 1095 4191 saverint:
1138 4141 1554 4208 hypodiaconum
1616 4157 1828 4212 autem,
1885 4159 1935 4201 ct
1988 4164 2235 4212 omnem,
2286 4163 2345 4205 ut

817 4230 978 4282 semel
1009 4230 1201 4293 dicam,
1233 4233 1482 4287 clericum
1512 4237 1612 4289 tale
1636 4239 1759 4304 quid
1797 4238 2072 4291 facientem
2105 4241 2346 4293 similiter

814 4330 867 4380 et
899 4319 1060 4373 laicus
1096 4322 1376 4388 segregari,
1412 4324 1508 4375 nisi
1549 4327 1878 4392 corrigantur
1908 4337 2027 4394 post
2059 4329 2338 4380 denuntia-

2430 610 2515 650 νος
2539 593 2605 645 τὰ
2649 596 2783 662 κρέα
2833 595 2922 646 καὶ
2965 595 3050 645 τὸν
3106 593 3264 658 οἶνον,
3306 601 3508 652 τούτων
3544 601 3815 668 ἀπέχεται,
3852 605 3937 655 καὶ

2427 683 2546 734 οὐδὲ
2575 686 2632 736 ἐν
2663 689 2780 747 ταῖς
2807 688 3014 753 ἑορταῖς
3043 690 3438 757 μεταλαμϐάνει
3488 692 3686 754 αὐτῶν,
3731 693 3832 743 οὔτ’
3860 696 3940 758 ἐτι

2428 777 2629 843 κρατὴς
2653 776 3051 846 λογισθήσεται,
3080 780 3212 829 ἀλὶά
3247 781 3341 833 καὶ
3366 783 3733 848 καθαιρέσεως
3761 784 3939 850 κριθή-

2429 884 2578 919 σεται
2610 868 2774 932 ἄξιος,
2807 871 2880 932 ὡς
2911 873 3120 933 πολλοῖς
3151 872 3435 942 λογισμοὺς
3481 874 3790 927 ὑποϐάλλων
3823 875 3941 940 βλα-

2428 958 2563 1027 ϐερά
2593 959 2659 1012 τὰ
2688 961 2778 1013 τοῦ
2822 963 2955 1014 Θεοῦ
3010 964 3295 1031 τυγχάνειν
3357 967 3648 1033 ποιήματα,
3681 959 3754 1016 ὧν
3802 964 3940 1014 ούὸὲν

2431 1050 2595 1101 κακόν
2623 1053 2766 1102 ἐστιν
2788 1053 2907 1104 οὐδὲ
2939 1055 3317 1122 ἀποτρόπαιον.
3377 1057 3482 1107 Καὶ
3515 1057 3542 1107 ό
3572 1071 3942 1122 τεσσαρεσκαι-

2427 1141 2649 1204 δέκατος
2689 1143 2785 1211 τῆς
2836 1146 2892 1194 ὲν
2953 1145 3189 1214 Ἀγκύρα
3235 1146 3451 1197 συνόδου
3513 1144 3690 1197 κανὼν
3738 1146 3857 1206 τοὺς
3889 1147 3941 1195 ἐν

2429 1236 2612 1304 κλήρῳ
2681 1235 2923 1299 θεσπίζει
2975 1240 3339 1307 ἀπεχομένους
3403 1240 3576 1304 κρεῶν
3623 1238 3946 1305 ἐφάπτεσθαι

2429 1326 2626 1390 αὐτῶν,
2679 1329 2796 1397 ἤτοι
2853 1328 3234 1392 ἀπογεύεσθαι,
3294 1333 3384 1382 καὶ
3432 1330 3604 1388 οὕτως
3654 1326 3805 1390 αὖθις
3866 1333 3947 1395 ἑγ-

2431 1417 2809 1483 κρατεύεσθαι·
2837 1420 2884 1470 εί
2939 1420 2992 1471 δὲ
3022 1421 3096 1488 μὴ
3127 1418 3265 1471 οὕτω
3311 1422 3539 1486 ποιοῦσι,
3587 1422 3946 1491 καθαιρεῖσθαι

2430 1510 2638 1571 αὐτούς.

2429 1601 2643 1653 ΑΡΙΣΤ.
2719 1601 2815 1667 Μὴ
2877 1603 3334 1671 μεταλαμϐάνων
3383 1606 3572 1670 ἱερεὺς
3643 1603 3810 1655 οἶν-ου
3864 1601 3951 1652 καὶ

2584 1700 2789 1767 κρεῶν,
2820 1697 2871 1751 εί
2893 1697 2977 1764 μὴ
3011 1697 3082 1747 δι’
3121 1695 3404 1760 ἄσκησιν,
3449 1694 3820 1760 καθαιρεῒται.

2987 1789 3220 1841 ΚΑΝΩΝ
3290 1786 3411 1839 ΝΔ’.

2433 1880 2503 1933 El
2563 1893 2649 1940 τις
2689 1878 2798 1945 (78)
2839 1877 3118 1941 κληρικὸς
3165 1875 3233 1927 ἐν
3304 1874 3606 1938 καπηλείῳ
3668 1877 3951 1938 φωραθείη

2500 1967 2732 2029 ἐσθίων,
2751 1963 3120 2031 ἁφοριζέσθω,
3137 1963 3322 2028 παρὲξ
3342 1963 3444 2016 τοῦ
3467 1961 3536 2014 ἐν
3550 1959 3877 2026 πανδοκείῳ
3897 1958 3955 2008 ἐν

2501 2059 2616 2123 ὀδῷ
2638 2060 2709 2113 δι’
2736 2058 3008 2126 ἀνάγκην
3028 2057 3499 2118 καταλύσαντος.

2505 2239 2696 2292 ΒΑΔΣ.
2725 2238 2787 2290 Oi
2843 2237 2973 2289 θεῖοι
3015 2235 3109 2287 καὶ
3158 2235 3305 2299 ἅγιοι
3364 2232 3678 2293 ἀπόστολοι,
3722 2230 3956 2290 θέλοντες

2433 2329 2555 2390 τοὺς
2584 2326 3030 2396 κεκληρωμένους
3056 2325 3425 2393 άνεπιλήπτου
3450 2324 3566 2390 βίου
3592 2318 3752 2383 εἶναι,
3773 2321 3867 2371 καὶ
3893 2319 3958 2384 μὴ

2435 2414 2806 2476 σκανδαλίζειν
2833 2411 2960 2474 τοὺς
2990 2410 3237 2472 πολλοὺς,
3287 2408 3421 2461 ἀλλὰ
3450 2407 3647 2474 μᾶλλον
3685 2407 3961 2472 διεγείρειν

2435 2507 2509 2563 εἰς
2541 2502 2600 2552 τὺ
2624 2501 2845 2567 ἀγαθὸν,
2869 2499 3191 2568 διορίζονται
3219 2497 3292 2565 μὴ
3326 2496 3485 2563 μόνον
3512 2494 3814 2561 ἀπέχεσθαι
3844 2493 3959 2541 τού-

2433 2610 2557 2653 τους
2587 2593 2761 2658 πάσης
2790 2588 3050 2655 ἐμπορίας
3073 2583 3503 2653 αἱσχροκερδοῦς,
3534 2583 3608 2645 ὡς
3657 2584 3865 2650 εἴρηται
3911 2583 3960 2632 ὲν

2437 2683 2604 2749 ἑτέρῳ
2627 2681 2832 2740 κανόνι,
2861 2678 2992 2730 ἀλλά
3020 2677 3149 2744 μηδὲ
3179 2679 3259 2736 εἰς
3299 2674 3590 2741 καπηλεῖον
3617 2673 3846 2725 εἰσιέναι
3873 2673 3955 2738 χά-

2440 2790 2521 2841 ριν
2546 2771 2798 2841 βρώσεως
2827 2771 2859 2840 ἢ
2884 2769 3115 2828 πόσεως
3148 2769 3397 2832 άσέμνων
3428 2765 3536 2833 γὰρ
3565 2762 3774 2859 ἀνδρων
3799 2762 3961 2859 ταῦτα

2437 2861 2532 2914 καὶ
2565 2861 2801 2929 μεγάλης
2833 2857 3206 2924 κατακρίσεως
3242 2855 3389 2916 ἀξια.
3434 2854 3522 2904 Διὸ
3548 2853 3641 2904 καὶ
3671 2851 3758 2902 τὸν
3797 2851 3960 2901 τοιοῦ-

2437 2955 2528 3006 τόν
2546 2971 2597 3004 τι
2621 2951 2877 3004 ποιοῦντα
2900 2950 3151 3017 κληρικδν
3179 2949 3206 2999 ό
3233 2947 3412 2998 κανὼν
3459 2943 3815 3011 ἀφορίζεσθαι
3863 2944 3961 2993 διο-

2446 3043 2670 3112 ρίζεταιο
2701 3042 2787 3093 τὸν
2817 3041 2872 3093 δὲ
2911 3038 3285 3092 καταλύσαντα
3329 3039 3407 3097 είς
3454 3034 3763 3101 πανδοχεῖον
3794 3033 3851 3084 ἐν
3871 3030 3964 3094 ὁδῷ

2362 3100 2404 3157 C
2580 3134 2824 3200 ἀνάγκην
2860 3133 2916 3183 οὑ
2949 3128 3163 3191 κολάζει
3205 3128 3293 3178 διὰ
3335 3127 3394 3177 τὸ
3439 3100 3848 3192 περιστατικόν.
3908 3123 3962 3173 Ol

2439 3226 2566 3292 γοῦν
2593 3225 2840 3290 λέγοντες
2867 3224 2951 3272 ὅτι
2985 3222 3200 3272 δύναται
3252 3216 3508 3286 κληρικὺς
3555 3217 3770 3283 οἰνάρια
3805 3217 3964 3281 ἐμπο-

2442 3317 2709 3388 ρεύεσθαι,
2747 3318 2778 3385 ἢ
2817 3313 3103 3367 πακτεύειν
3155 3313 3394 3377 λουτρὸν,
3449 3311 3699 3380 ἢὲτέραν
3755 3312 3964 3376 αἰσχρο-

2439 3409 2602 3476 κερδῆ
2632 3407 2869 3476 μετιέναι
2917 3406 3201 3473 ἐμπτρίαν,
3234 3405 3416 3463 κακῶς
3463 3401 3728 3467 λέγουσιν.
3782 3401 3845 3451 Ei
3872 3399 3966 3464 γὰρ

2438 3499 2498 3551 τὸ
2528 3498 2710 3559 ἁπλῶς
2740 3498 2964 3548 εἰσιέναι
2997 3494 3252 3560 κληρικὺν
3288 3493 3367 3553 είς
3401 3494 3694 3560 καπηλεῖον
3738 3489 3965 3543 κεκώλυ-

2439 3611 2551 3654 ται,
2586 3589 2763 3656 πολλῷ
2815 3590 3016 3657 μᾶλλον
3073 3587 3459 3651 κολασθήσεται
3485 3585 3545 3636 τὸ
3576 3584 3964 3652 ἐμπορεύεσθαι

2442 3684 2601 3737 αὑτὸν
2623 3683 2878 3748 τοιαύτην
2905 3680 3135 3747 αἰσχράν
3158 3677 3422 3745 ἐμπορίαν
3442 3676 3474 3744 ἢ
3497 3676 3561 3726 δι’
3588 3673 3781 3725 ἑαυτοῦ
3813 3675 3845 3741 ἢ
3890 3673 3962 3722 διὰ

2442 3772 2773 3840 παρενθέτου
2830 3767 3140 3835 προσώπου.
3184 3765 3475 3831 Ἀνάγνωθι
3511 3765 3602 3816 καὶ
3631 3765 3733 3830 τῆς
3755 3764 3813 3813 ἐν
3848 3767 3967 3817 Λαο-

2447 3861 2621 3929 δικείᾳ
2665 3860 2881 3911 συνόδου
2937 3858 3136 3910 κανόνα
3175 3855 3249 3907 κδ’
3283 3858 3371 3908 καὶ
3411 3857 3508 3923 τῆς
3567 3857 3622 3908 ὲν
3650 3855 3965 3922 Καρθαγένῃ

2443 3951 2641 4004 κανόνα
2692 3956 2762 4019 μ’.
2797 3949 2949 4000 Ἐπεὶ
2980 3948 3033 3999 δὲ
3065 3949 3092 3998 ὁ
3132 3947 3483 4006 ἀποστολικὸς
3541 3945 3624 4012 μβ¹
3657 3944 3840 3996 κανὼν
3887 3942 3965 3993 τὸν

2448 4042 2543 4109 μὲν
2579 4040 2891 4101 ἐπίσκοπον,
2920 4037 3010 4089 τὸν
3043 4034 3430 4101 πρεσϐύτερον.
3465 4036 3558 4084 καὶ
3605 4035 3694 4084 τὸν
3733 4034 3965 4086 διάκονον

2443 4129 2628 4187 κύϐοις
2655 4128 2682 4196 ἢ
2721 4127 2909 4195 μέθαις
2941 4126 3260 4204 σχολάζοντα
3313 4123 3685 4192 καθαιρεῖσθαί
3714 4141 3894 4189 φησιν,
3924 4123 3964 4173 εἰ

2446 4221 2521 4287 μὴ
2550 4220 2862 4270 παύσονται·
2891 4220 2979 4270 τὸν
3001 4219 3056 4269 δὲ
3103 4217 3445 4268 ὑποδιάκονον
3481 4219 3571 4267 καὶ
3597 4216 3772 4267 πάντα
3791 4214 3964 4274 ἁπλῶς

2445 4307 2704 4375 κληρικδν
2725 4307 2959 4374 τοιοῦτόν
2994 4324 3047 4358 τι
3092 4305 3366 4368 ποιοῦντα,
3416 4303 3677 4363 ὡσαύτως
3728 4305 3962 4363 καὶτοὺς

816 4411 1007 4461 tionem
1051 4410 1341 4462 :existimo
1377 4426 1472 4480 ego
1493 4413 1630 4480 quod
1683 4415 1771 4467 hic
1817 4429 2023 4482 quoque
2065 4426 2181 4483 post
2231 4418 2335 4484 pri-

2445 4399 2657 4461 λαῖκοὺς
2682 4399 3048 4467 ἀφορίζεσθαι,
3069 4399 3115 4448 εἰ
3149 4397 3221 4465 μὴ
3239 4396 3563 4464 διορθωθῶσι
3589 4395 3725 4462 μετὰ
3756 4411 3961 4463 παραγ-

818 4511 952 4547 mam
989 4506 1042 4549 et
1065 4499 1346 4552 secundam
1376 4503 1808 4566 admonitionem,
1843 4503 2203 4571 segregabitur
2225 4508 2337 4559 cle-

817 4587 956 4639 ricus
985 4587 1082 4651 qui
1104 4602 1391 4653 cauponam
1422 4590 1733 4658 ingreditur,
1760 4600 1813 4645 et
1841 4607 1867 4642 a
1911 4593 2050 4645 malo
2093 4608 2194 4646 non
2220 4595 2340 4648 abs-

815 4673 964 4727 tinet.
1007 4675 1265 4729 Probatur
1327 4687 1499 4731 autem
1526 4679 1623 4732 hoc
1658 4696 1861 4751 quoque
1893 4697 1955 4734 ex
1991 4697 2050 4734 eo
2079 4685 2217 4751 quod
2262 4684 2341 4751 di-

817 4763 1075 4819 citcanon
1107 4779 1120 4814 :
1153 4765 1207 4817 Si
1235 4766 1351 4831 quis
1386 4768 1614 4821 clericus
1668 4769 1718 4819 in
1766 4783 2001 4834 caupona
2059 4771 2343 4850 conLedeus

819 4851 1174 4916 deprehensus
1206 4852 1384 4918 fuerit,
1411 4869 1547 4922 saepe
1573 4855 1772 4909 scilicet
1812 4855 1948 4908 malo
1989 4871 2135 4909 rsus.

889 5103 1130 5159 ZONAR.
1155 5107 1212 5162 ln
1247 5119 1442 5163 sortem
1471 5109 1558 5161 Dei
1588 5118 1801 5162 vocatos
1846 5119 2052 5178 oportet
2103 5113 2341 5177 exemplo

820 5196 963 5248 laieis
992 5212 1108 5250 esse
1131 5197 1252 5249 vitae
1279 5199 1606 5263 veneranda',
1640 5207 1692 5250 et
1738 5199 2081 5266 undequaquc
2108 5201 2341 5266 im-ulpa-

2444 4491 2644 4557 γελίαν,
2680 4490 2881 4557 νομίζω
2916 4489 2995 4539 ὅτι
3023 4489 3111 4539 καὶ
3162 4487 3391 4539 ἐνταῦθα
3445 4485 3582 4552 μετὰ
3618 4485 3842 4554 πρώτην
3885 4485 3962 4535 καὶ

2441 4555 2698 4643 δευτέραν
2747 4555 3022 4630 νουθεσίαν
3075 4578 3497 4645 ἀφορισθήσεται
3527 4577 3554 4626 ό
3595 4577 3652 4626 ὲν
3691 4575 3962 4644 καπηλείῳ

2443 4667 2814 4736 εἰσερχόμενος
2847 4667 3121 4736 κληρικὸς,
3147 4668 3241 4718 καὶ
3278 4666 3350 4735 μὴ
3380 4665 3716 4734 ἀπεχόμενος
3747 4666 3845 4717 τοῦ
3877 4680 3962 4714 κα-

2443 4758 2560 4810 κοῦ.
2616 4757 2946 4824 Παρίσταται
2982 4757 3037 4807 δὲ
3071 4756 3225 4806 τοῦτο
3286 4771 3371 4806 κα”
3427 4773 3485 4806 εκ
3535 4754 3627 4806 τοῦ
3660 4755 3842 4821 λέγειν
3886 4753 3961 4803 τὸν

2441 4847 2656 4899 κανόνα¹
2710 4845 2776 4896 Εἴ
2821 4863 2901 4906 τις
2953 4845 3206 4912 κληρικὸς
3254 4846 3312 4894 ὲν
3364 4843 3642 4912 καπηλείῳ
3692 4841 3958 4909 φωραθείη

2442 4933 2668 4993 ἐσθίων,
2699 4965 2702 4967 ›
2731 4931 2970 4999 δηλονότι
3021 4929 3098 4998 τῷ
3153 4930 3305 4998 κακῷ
3366 4930 3706 4999 χρησάμενος
3772 4929 3959 4981 πολλά-

2441 5039 2543 5082 κις.
3897 5083 3904 5089 .

2513 5112 2746 5164 ΖΩΝΑΡ.
2808 5112 2944 5174 Τοὺς
2977 5113 3050 5179 τῷ
3081 5111 3196 5176 Θεῷ
3255 5111 3702 5178 κεκληρωμένους
3749 5107 3844 5189 δεῖῇ
3881 5107 3957 5158 καὶ

2445 5202 2553 5260 τοῖς
2583 5202 2785 5260 λαῐκοῖς
2835 5201 3134 5267 ὑπόδειγμα
3169 5196 3305 5250 εἷναι
3333 5200 3447 5266 βίου
3476 5199 3670 5266 σεμνοῦ
3710 5199 3802 5249 καὶ
3837 5200 3958 5250 πάν·

2002 5333 2185 5394 Guill.
2227 5335 2545 5412 Bevcregii
2589 5343 2772 5396 nota).

888 5425 996 5495 (78)
1042 5427 1109 5479 ΕΖ
1132 5446 1217 5491 τις
1240 5428 1517 5492 animum);
1559 5427 1626 5478 ἐν
1665 5433 1962 5494 amends/go.
2025 5431 2131 5481 lloc
2173 5433 2329 5484 ctitm

2432 5438 2564 5503 μήτε
2615 5436 2821 5505 θεάτρῳ
2863 5435 3243 5500 παραϐάλλειν,
3302 5435 3432 5505 μήτε
3472 5433 3844 5505 (ἒν-καπηλείῳ
3883 5432 3956 5484 πί-

819 5496 1061 5549 Julianus
1113 5497 1433 5574 sacrificans
1480 5496 1695 5574 suisiin
1753 5499 2334 5574 gentilium.‘i‘Cliginle
2430 5496 2806 5574 ssimululia'n:
2868 5496 3005 5574 apud
3068 5496 3478 5557 Sozomfllist.
3541 5496 3744 5556 Eccles.
3799 5496 3837 5556 l'.
3898 5519 3955 5559 ν,

825 5563 1110 5628 prohibuit,
1144 5563 1193 5613 in
1243 5563 1468 5625 Epistula
1503 5566 1565 5614 ad
1598 5563 1866 5614 A‘rsicium
1901 5568 2196 5628 ponlilicem
2228 5568 2267 5618 (ἱ
2290 5586 2324 5617 t-

763 5635 766 5638 ’
824 5633 960 5686 latim:
998 5633 1214 5687 scribta.
1273 5631 1358 5682 ubi
1407 5632 1540 5684 inter
1574 5633 1670 5684 alia
1715 5633 1806 5687 ait.
1837 5634 2158 5690 παραίνεσον
2190 5636 2332 5685 ἰεοέα

2439 5586 2485 5623 c.
2525 5571 2607 5626 15.
