4018 6338
754 386 848 484 187

752 630 864 670 cem
890 619 1192 685 episcopum
1218 624 1529 689 depositioni
1580 628 1858 695 subjicere.
1895 628 2149 682 Divcrunt
2189 645 2285 681 att-

755 717 856 758 tem
881 707 1062 774 aliqui,
1093 726 1119 760 a
1157 698 1517 766 misericordia
1546 717 1704 768 nimis
1744 718 1969 769 alienum
2024 732 2166 778 esse,
2230 727 2287 769 ut

753 794 821 846 ob
879 796 1285 853 inobedientiam
1339 804 1452 856 sive
1532 808 1914 859 contumaciam
1994 807 2289 873 deponatur

753 883 1068 950 episcopus:
1103 890 1193 940 sed
1227 890 1382 943 aliter
1412 892 1602 944 debere
1633 894 1773 946 illum
1817 896 2011 961 puniri.
2048 896 2101 946 Si
2147 898 2287 967 enim

756 985 815 1021 ea
846 981 1004 1034 esset,
1042 974 1307 1041 inquiunt,
1339 982 1693 1044 apostolorum
1720 986 2005 1047 sententia,
2050 995 2105 1038 ut
2131 988 2290 1051 depo-

758 1071 969 1113 neretur
1037 1065 1340 1131 episcopus,
1410 1070 1752 1136 depositionis
1820 1074 1871 1125 in
1930 1074 2027 1127 hoc
2088 1091 2290 1129 canone

754 1152 1254 1206 meminissent.Alii
1284 1165 1457 1210 autem
1493 1160 1755 1221 dixerunt,
1776 1164 1914 1229 quod
1944 1179 2008 1217 ex
2043 1167 2282 1233 proxime

754 1237 893 1289 edita
925 1255 952 1289 a
987 1240 1092 1293 Deo
1130 1246 1364 1297 coronati
1408 1255 1462 1298 et
1508 1251 1675 1300 sancti
1727 1250 2061 1317 imperatoris
2112 1256 2281 1307 nostri

754 1330 1051 1381 veneranda
1081 1329 1317 1398 Novella,
1352 1335 1656 1404 quicunque
1685 1338 1729 1391 is
1749 1340 1818 1392 sit
1846 1342 2105 1396 adversus
2134 1358 2287 1408 quem

751 1419 892 1469 actio
917 1418 1227 1486 intenditur,
1252 1424 1294 1475 si
1328 1424 1660 1498 injndicium
1692 1441 1930 1494 vocetur,
1960 1441 2011 1485 et
2039 1444 2155 1500 post
2179 1443 2287 1487 tres

753 1507 1175 1563 denuntiationes
1229 1527 1324 1579 per
1363 1524 1468 1568 tres
1515 1520 1739 1585 scriptas
1785 1522 2063 1575 citationes
2112 1538 2293 1576 accer-

750 1596 904 1656 situs,
938 1606 989 1647 et
1020 1613 1122 1650 non
1153 1590 1387 1666 veniens,
1412 1606 1792 1659 condemnatur
1822 1611 1901 1662 vel
1949 1626 2049 1685 una
2089 1621 2290 1665 tantum

752 1694 902 1751 parte
929 1699 1207 1753 prtesentc.
1241 1691 1295 1743 Si
1326 1708 1450 1761 ergo
1485 1698 1645 1749 etiam
1687 1699 1967 1765 episcopus
2016 1717 2133 1755 cum
2198 1704 2291 1755 da-

754 1774 897 1825 tione
932 1775 1089 1829 libelli
1116 1795 1177 1832 ac
1208 1781 1424 1847 scriptis
1476 1784 1724 1853 legitimis
1772 1802 2056 1845 accusatus
2109 1791 2289 1855 fuerit,

654 1896 668 1937 ι
751 1869 803 1913 et
834 1862 995 1925 iuius
1034 1877 1269 1931 voratus,
1314 1871 1545 1936 primum
1592 1876 1801 1940 quidem
1850 1893 1943 1943 per
2018 1880 2297 1931 denuntia-
2328 1867 2366 1919 Β

752 1952 947 2016 tiones,
1008 1954 1200 2009 deinde
1262 1962 1421 2013 etiam
1466 1977 1559 2028 per
1619 1965 1715 2016 tria
1770 1969 1986 2034 scriptis
2048 1971 2293 2023 mandata

753 2040 950 2102 edicta,
987 2052 1039 2095 et
1069 2059 1125 2115 se
1154 2046 1356 2108 judicio
1390 2064 1491 2101 non
1521 2050 1789 2111 obtulerit,
1830 2055 2169 2107 damnabitur
2214 2060 2296 2111 vel

756 2141 862 2182 una
885 2137 1088 2183 tantum
1124 2142 1272 2198 parte
1305 2146 1589 2201 przesente.
1619 2136 1715 2191 llic
1738 2154 1863 2207 ergo
1914 2145 2112 2208 vocari,
2167 2148 2298 2214 legi-

755 2215 1245 2284 timeintelligitur,
1291 2222 1497 2276 scilicet
1541 2239 1633 2291 per
1663 2225 1731 2277 50
1775 2226 1976 2280 dierum
2020 2230 2211 2297 edicta,
2248 2242 2301 2285 et

757 2322 860 2360 non
910 2318 967 2361 ιιι
1024 2312 1263 2364 nonnulli
1322 2313 1568 2368 dixerunt
1610 2331 1702 2384 per
1746 2332 2034 2384 paucorum
2094 2322 2297 2376 dierum

763 2398 972 2464 scriptis
1019 2404 1291 2456 mandatas
1345 2406 1793 2462 denuntiationes.
1832 2409 1943 2464 Hoc
1977 2420 2152 2465 autem
2195 2414 2300 2467 alio

764 2490 921 2542 modo
952 2491 1143 2544 dictum
1173 2501 1254 2545 est
1303 2494 1353 2546 in
1391 2497 1638 2550 tribunali
1688 2498 1970 2565 imperiali,
2022 2512 2076 2555 et
2132 2504 2302 2567 magis

760 2580 811 2630 in
843 2593 999 2632 causa
1031 2582 1262 2649 episcOpi
1305 2584 1555 2650 Besaenae,
1612 2597 1664 2641 et
1706 2587 1997 2652 indicatum
2048 2602 2151 2653 est.
2209 2608 2303 2661 per

762 2668 860 2719 tria
890 2668 1121 2737 legitima
1150 2673 1323 2726 edicta
1352 2674 1547 2728 debere
1568 2679 1743 2728 vorari
1767 2678 2091 2747 episcopum,
2117 2682 2304 2735 adver-

761 2772 853 2810 sus
882 2774 1037 2825 quem
1077 2762 1216 2814 actio
1241 2761 1558 2828 intenditur,
1591 2774 1643 2818 et
1670 2767 1738 2817 ita
1765 2776 1991 2835 propter
2022 2781 2301 2823 contuma-

761 2848 894 2900 ciam
932 2849 1297 2905 condemnari.
1328 2852 1679 2915 Condemnari
1724 2858 1941 2923 quidem
1995 2860 2298 2930 episcopum

761 2947 1127 2993 contumacem
1192 2941 1345 3006 juxta
1410 2944 1627 2996 illustris
1683 2946 2020 3012 imperatoris
2097 2950 2296 3004 domini

762 3024 1019 3079 Manuelis
1054 3028 1309 3081 Contneni
1345 3028 1806 3095 Novellam,extra
1830 3047 2041 3087 omnem
2072 3045 2151 3087 est
2175 3051 2304 3089 con-

767 3113 1100 3164 troversiam.
1154 3113 1245 3166 Sic
1308 3115 1469 3179 enim
1500 3129 1556 3169 ut
1616 3120 1813 3172 dictum
1864 3132 1965 3183 est,
2010 3122 2303 3188 iudicatum

763 3198 864 3249 fuit
891 3201 1027 3264 apud
1057 3202 1257 3268 regium
1290 3213 1342 3254 et
1372 3204 1605 3257 divinum
1636 3208 1936 3261 tribunal.A
1962 3210 2167 3263 duobus
2210 3226 2307 3264 au—

766 3292 868 3336 tem
891 3286 1215 3341 antistitibus
1243 3297 1297 3341 et
1347 3304 1449 3342 non
1486 3291 1638 3344 aliter
1667 3294 1988 3348 vocationem
2024 3298 2138 3362 ejus
2171 3299 2305 3376 ﬁeri,

766 3383 822 3424 ut
850 3374 1085 3425 nonnulli
1121 3375 1390 3441 dixerunt,
1426 3388 1636 3433 nonest
1665 3380 1954 3454 secundum
1992 3386 2160 3452 legem
2208 3374 2303 3439 nec

766 3474 797 3512 e
820 3463 1076 3514 sententia
1096 3466 1369 3529 praesentis
1390 3461 1624 3524 canonis)
1654 3465 1782 3525 Cum
1807 3471 1892 3528 hic
1911 3475 2050 3529 enim
2077 3476 2308 3547 scriptus

768 3550 863 3605 fuit
898 3565 997 3605 nee
1018 3552 1285 3621 jndicib‘us
1319 3565 1370 3609 et
1396 3560 1613 3613 notariis
1642 3564 2088 3626 patriarcltalibus
2120 3583 2216 3634 per
2247 3584 2305 3621 se

767 3642 920 3695 ﬁdem
950 3643 1129 3697 haberi
1158 3645 1209 3697 in
1252 3660 1346 3698 usu
1381 3646 1498 3710 fuit,
1522 3660 1575 3701 et
1600 3650 1715 3702 ideo
1746 3651 2152 3706 detertninatum
2182 3654 2301 3721 fuit,

766 3731 1057 3784 antistitum
1090 3736 1394 3788 vocationes
1418 3752 1444 3786 a
1487 3738 1691 3792 duobus
1724 3738 1836 3791 ﬁeri
1872 3742 2151 3810 episc0pis.
2199 3743 2303 3801 llo-.

767 3821 849 3874 die
873 3834 1046 3874 autem
1082 3839 1199 3876 cum
1226 3824 1495 3889 iudicibus
1520 3836 1572 3880 et
1603 3828 1827 3881 notariis
1858 3831 2305 3895 patriarchalibus

768 3927 861 3976 per
892 3927 949 3965 se
980 3912 1235 3968 habeatur
1278 3914 1428 3977 ﬁdes,
1489 3918 1792 3971 necessario
1847 3930 1900 3971 et
1951 3934 2069 3986 quae
2119 3911 2182 3972 ab
2226 3923 2303 3975 cis

770 3999 900 4052 ﬁunt
930 4002 1121 4065 edicta,
1160 4003 1432 4069 reprobari
1470 4018 1572 4056 non
1618 4014 1860 4069 possunt.
1915 4005 2079 4059 Recte
2130 4010 2307 4077 itaque

770 4089 1206 4142 condemtntbitnr
1231 4092 1320 4158 qui
1356 4107 1446 4157 per
1475 4106 1535 4145 ea
1565 4100 1815 4145 evocatus
1850 4093 2003 4147 fuerit
2049 4106 2099 4148 et
2147 4099 2196 4148 in
2225 4098 2306 4164 ju-

769 4177 909 4229 dicio
944 4194 1045 4230 non
1082 4179 1299 4245 stiterit,
1350 4182 1773 4249 quandoquidem
1820 4183 1988 4235 edicta
2038 4199 2136 4236 non
2186 4197 2308 4239 sunt

770 4280 833 4317 ex
913 4280 975 4318 co
1062 4266 1372 4322 labefactata
1449 4271 1573 4339 quia
1653 4269 1718 4322 ab
1758 4271 2116 4340 ;anti51itibns
2204 4290 2304 4326 non

774 4357 923 4410 ﬁunt.

841 4620 1090 4674 ZONAR.
1132 4620 1195 4673 Et
1228 4621 1277 4673 in
1303 4622 1635 4689 sexagesimo
1659 4624 1831 4690 primo
1861 4637 2065 4676 canone
2104 4623 2305 4680 dictum

774 4710 921 4762 fuita
954 4709 1126 4771 nobis,
1151 4709 1291 4776 quod
1333 4709 1637 4777 episcopum
1688 4725 1791 4763 non
1834 4712 2008 4780 quivis
2056 4727 2308 4766 accusare

776 4808 968 4865 potest,
1000 4801 1089 4851 sed
1115 4799 1386 4865 int'ltlpall,
1409 4808 1460 4852 et
1506 4800 1784 4852 orthodoxi
1844 4802 2083 4855 homines
2120 4820 2131 4853 :
2168 4804 2307 4869 quod

774 4898 828 4939 et
853 4887 1112 4952 signiﬁcat
1143 4885 1251 4955 49
1280 4886 1365 4939 hic
1396 4902 1587 4950 canon,
1626 4886 1748 4939 dum
1777 4886 1925 4951 dicit,
1972 4891 2034 4941 ab
2088 4888 2309 4943 homini-

777 4978 866 5028 bus
906 4977 1006 5044 ﬁde
1037 4978 1228 5045 dignis.
1274 4976 1319 5027 Α
1365 4978 1553 5028 talibus
1587 4978 1748 5045 igitur
1782 4977 1825 5030 si
1869 4989 2142 5031 accusetur
2196 4983 2308 5047 epi-

778 5076 987 5133 scopus,
1018 5066 1067 5118 in
1096 5068 1366 5121 absentem
1402 5080 1506 5144 non
1537 5076 1743 5133 oportet
1794 5068 2108 5121 sententiam
2147 5071 2304 5136 ferre,
2357 5136 2364 5142 _

757 5141 1207 5207 scd-eumcitare
1240 5141 1502 5222 :Clllltqué
1536 5156 1759 5215 venerit,
1795 5170 1877 5220 ea,
1913 5170 2031 5224 qua:
2059 5156 2305 5209 dicuntur

760 5244 830 5295 .in
863 5242 1053 5308 ipsum,
1084 5243 1283 5294 audire.
1312 5243 1594 5310 Postquam
1623 5243 1847 5294 audierit
1876 5255 2048 5297 autem
2099 5246 2178 5298 vel
2208 5246 2305 5298 ob-

778 5332 917 5398 ieeta
957 5332 1053 5383 sibi
1088 5332 1308 5383 crimina
1338 5326 1605 5394 fatebitur,
1642 5332 1721 5385 vel
1747 5333 1987 5385 inliciatis
2029 5336 2307 5389 convince-

1992 436 2269 494 TllEOD.
2314 432 2711 494 BALSAMON

752 528 947 593 synodo
984 532 1302 593 permissum
1336 534 1436 594 sit,.
1475 536 1860 590 inobedientem
1906 555 1969 593 ac
2012 550 2285 591 contmna-

2398 540 2600 611 ἑνεδὸοη
2658 544 2742 594 διὰ
2796 545 2886 595 τοῦ
2940 550 3178 599 τοιούτου
3220 550 3440 614 κανόνος
3492 556 3554 622 τῇ
3600 558 3803 626 συνόδῳ
3831 562 3914 611 καὶ

3825 450 3915 514 188

2388 631 2699 701 καθαιρέσει
2744 635 3167 690 καθυποϐπὶἓλειν
3208 642 3297 692 τὸν
3354 644 3553 713 ἀπειθῆ
3604 646 3913 702 ἐπίσκοπον.

2387 722 2494 772 Καὶ
2528 716 2680 774 εἶπόν
2716 741 2859 786 τινες
2890 727 2964 787 ὡς
2992 730 3315 796 ἀσυμπαθές
3366 734 3513 785 ἐστιν
3546 736 3604 799 ἐξ
3647 739 3916 799 ἀπειθείας

2388 812 2763 878 καθαιρεῖσθαι
2810 816 3142 869 ἐπίσκοπον·
3193 821 3367 898 ἄλλως
3417 824 3473 876 δέ
3529 842 3647 889 πως
3690 830 3919 895 ὀφείλειν

2390 904 2745 970 ἐπιτιμᾶσθαι
2794 906 2975 958 αὐτόν.
3008 909 3067 958 Εἰ
3109 910 3219 978 γὰρ
3259 907 3326 979 ἦν
3372 914 3613 981 θεὶητὸν,
3643 919 3798 984 φασὶ,
3840 923 3919 971 καὶ

2387 995 2497 1052 τοῖς
2548 994 2862 1057 ἀποστόλοις
2888 997 3265 1067 καθαιρεῖσθαι
3304 1002 3396 1054 τὸν
3422 1006 3735 1071 ἐπίσκοπον,
3766 1011 3923 1079 ἐμνή-

2392 1083 2597 1150 σθησαν
2631 1083 2696 1137 ἂν
2746 1089 2804 1137 ἐν
2849 1088 2925 1156 τῷ
2969 1091 3149 1142 κανόνι
3180 1094 3273 1144 καὶ
3322 1096 3712 1164 καθαιρέσεως.
3746 1102 3920 1155 Ἄλλοι

2390 1174 2443 1226 δὲ
2492 1171 2646 1227 εἶπον
2690 1178 2767 1239 ὡς
2802 1180 2893 1230 καὶ
2954 1181 3062 1232 ἀπὸ
3114 1185 3211 1250 τῆς
3260 1186 3496 1253 συνεχῶς
3560 1188 3921 1261 ἐξενεχθείσης

2392 1269 2775 1335 προσκυνητῆς
2832 1272 3028 1338 νεαρᾶς
3096 1272 3190 1323 τοῦ
3260 1275 3583 1343 θεοστεφοῦς
3634 1281 3921 1345 κρατίστου

2392 1358 2483 1406 καὶ
2511 1357 2667 1423 ἀγίου
2729 1360 2884 1427 ἡμῶν
2933 1362 3348 1431 αὐτοκράτορος,
3408 1368 3550 1429 ἄπας
3608 1371 3923 1440 ἐναγόμενος

2396 1448 2868 1516 μετακαλούμενος
2915 1454 2994 1515 είς
3037 1453 3097 1504 τὸ
3134 1454 3498 1526 δικαστήριον,
3530 1461 3621 1513 καὶ⁵
3658 1463 3796 1530 μετὰ
3839 1465 3924 1530 μέ-

2392 1553 2514 1606 τρια
2546 1539 2834 1608 μηνύματα
2861 1542 2948 1594 διὰ
2986 1545 3152 1612 τριῶν
3178 1546 3613 1616 ἐπιφωνημάτων
3640 1551 3925 1619 ἐγγράφων

2395 1628 2567 1679 ἐλθεῖν
2612 1631 3091 1697 παρεγγυώμενος,
3128 1636 3222 1686 καὶ
3254 1636 3324 1703 μὴ
3370 1638 3677 1705 ἐργόμενος,
3716 1644 3923 1693 καταδι-

2395 1718 2615 1780 κάζεται
2663 1720 2758 1771 καὶ
2816 1724 3150 1791 μονομερῶς.
3188 1726 3249 1777 Et
3298 1726 3428 1794 γοῦν
3482 1728 3579 1779 καὶ
3637 1731 3924 1792 ἐπίσκοπος

2400 1809 2535 1876 μετὰ
2587 1810 2787 1873 δόσεως
2839 1813 3096 1865 λιὸἑλ).ων
3158 1816 3251 1868 καὶ⁵
3320 1818 3566 1886 νομίμων
3643 1822 3927 1889 ἐγγράφων

2396 1903 2762 1973 κατηγορηθῇ,
2799 1906 2892 1955 καὶ
2925 1906 3258 1976 μετακληθῇ,
3289 1908 3503 1978 πρῶτον
3537 1912 3633 1979 μὲν
3655 1912 3743 1965 διὰ
3770 1931 3928 1983 μηνυο

2401 1995 2605 2060 μάτων,
2644 1991 2760 2045 εἶτα
2808 1997 2899 2046 καὶ
2932 1997 3021 2049 διὰ
3065 2000 3228 2065 τριῶν
3264 2000 3552 2069 ἐγγράερων
3591 2003 3932 2071 ἐπιφωνημά-

2396 2100 2521 2145 των,
2562 2086 2653 2137 καὶ
2693 2086 2795 2138 οὐκ
2839 2087 3139 2158 ἀπαντήσει
3189 2092 3267 2152 είς
3315 2092 3376 2142 τὸ
3435 2091 3807 2161 δικαστήριον,
3840 2094 3930 2148 κᾶν

2402 2175 2716 2242 μονομερῶς
2760 2178 3309 2247 καταδικασθήσεται.
3363 2182 3436 2233 Τὸ
3488 2185 3597 2251 γὰρ
3651 2186 3931 2236 καλεῖσθαι

2399 2262 2628 2314 ἐνταῦθα
2679 2264 2816 2331 μετά
2854 2266 3052 2333 νόμους
3093 2269 3314 2329 νοεῖται,
3346 2267 3511 2338 ἤγουν
3556 2272 3624 2322 δι’
3663 2276 3903 2339 ἐπι-ρωνη

2402 2355 2583 2421 μάτων
2609 2348 3103 2425 τριακονθημέρων,
3133 2360 3227 2410 καὶ
3256 2360 3350 2428 μὴ,
3386 2360 3460 2421 ὣς
3486 2379 3628 2423 τινες
3658 2360 3833 2423 εἷπον,
3859 2365 3932 2415 διὰ

2404 2445 2731 2510 μηνυμάτων
2758 2447 3048 2515 ἐγγράφων
3094 2449 3489 2520 ὀλιγοημέρων.
3532 2454 3702 2506 Τοῦτο
3729 2455 3788 2505 δὲ
3820 2456 3931 2505 ἐλα·

2401 2533 2537 2604 λήθη
2560 2535 2829 2605 διαφόρως
2859 2540 2952 2590 ἐπὶ
2996 2540 3237 2608 βήματος
3270 2542 3567 2610 βασιλικοῦ,
3604 2545 3696 2595 καὶ
3749 2546 3935 2611 pium

2401 2625 2457 2673 ἐν
2481 2627 2546 2692 τῇ
2571 2625 2823 2677 ὑποθέσει
2854 2627 2947 2679 τοῦ
2970 2630 3261 2682 ἐπισκόπου
3292 2631 3551 2700 Βεσιίνης
3576 2649 3588 2661 ·
3625 2633 3720 2685 καὶ
3756 2634 3935 2700 ἐκρίθη

2402 2714 2490 2767 διὰ
2523 2717 2686 2783 τριῶν
2731 2720 2975 2786 νομίμων
3014 2723 3471 2790 ἐπιφωημάτων,
3500 2724 3741 2789 ὀξείλειν
3789 2742 3938 2797 μετα-

2403 2804 2681 2881 καλεῖσθαι
2713 2808 2807 2859 τὸν
2849 2811 3174 2876 ἐναγόμενον
3208 2813 3527 2878 ἐπίσκοπον,
3557 2813 3653 2866 καὶ
3684 2814 3859 2877 οὕτως
3886 2816 3937 2879 ἐξ

2404 2896 2682 2954 ἀπειθείας
2750 2898 3224 2962 καταδικάζεσθαι.
3286 2901 3360 2953 Τὸ
3433 2903 3533 2970 μὲν
3588 2906 3938 2968 καταδικάζε-

2406 2987 2527 3040 σθαι
2572 2988 2683 3059 (15)
2729 2992 2819 3043 τὸν
2865 2994 3063 3063 ἀπειθῆ
3097 2996 3392 3049 ἐπίσκοπον
3431 2999 3573 3050 κατὰ
3623 2997 3937 3065 τὴννεαράν

2405 3078 2497 3130 τοῦ
2533 3079 2778 3148 ἀοιδίμου
2811 3080 3072 3150 βασιὶέως
3110 3087 3275 3154 κυροῦ
3314 3087 3567 3156 Μανουὴλ
3605 3087 3697 3138 τοῦ
3724 3090 3935 3155 Κομνη-

2333 3164 2373 3221 C
2405 3168 2494 3219 νοῦ
2523 3170 2731 3238 ἄμαχόν
2755 3173 3167 3242 ὲστι.Κέκριται
3189 3176 3293 3245 γάρ
3317 3177 3477 3240 οὕτω,
3497 3178 3677 3240 καθὼς
3710 3180 3936 3247 εἴρηται..

2410 3259 2556 3327 παρά
2602 3260 2678 3328 τῷ
2725 3260 2985 3329 βασιλικῷ
3032 3266 3120 3315 καὶ
3162 3264 3290 3335 θείῳ
3340 3266 3562 3336 βήματι.
3606 3270 3679 3320 Τὸ
3717 3270 3776 3322 δὲ
3813 3268 3940 3338 μετά

2406 3347 2497 3399 δύο
2539 3349 2835 3418 ἀρχιερέων
2882 3354 2975 3405 καὶ
3022 3352 3095 3423 μὴ
3128 3354 3299 3417 ἄλλως
3344 3375 3460 3418 πως
3496 3359 3593 3426 τὴν
3622 3360 3816 3412 τούτου
3849 3377 3938 3428 με-

2404 3442 2664 3511 τάκλησιν
2686 3445 2947 3511 γίνεσθαι,
2970 3446 3042 3508 ὥς
3065 3464 3204 3510 τινες
3243 3446 3413 3514 εἷπον,
3444 3452 3541 3503 οὐκ
3568 3451 3683 3503 ἐστι
3709 3453 3938 3519 νόμιμον

2404 3534 2522 3584 οὐδὲ
2566 3535 2664 3600 τῆς
2702 3537 2905 3597 ἐννοίας
2947 3537 3041 3589 τοῦ
3083 3541 3346 3607 παρόντος
3386 3544 3627 3604 κανόνος.
3660 3550 3794 3600 Ὅτε
3839 3546 3937 3613 γὰρ

2403 3621 2556 3689 οὗτος
2603 3628 2812 3697 ἐγράφη
2867 3627 2990 3680 οὗτε
3041 3628 3307 3682 δικαστῶν
3361 3631 3483 3684 οὗτε
3526 3645 3937 3708 πατριαρχικῶν

2404 3720 2660 3787 νοταρίων
2700 3721 2913 3787 ἐνήργει
2955 3720 3291 3782 αὑτοπιστία,
3332 3726 3423 3773 καὶ
3472 3725 3556 3775 διὰ
3606 3728 3763 3782 τοῦτο
3813 3752 3938 3800 προ-

2405 3810 2605 3860 ϐαίνειν
2634 3809 2839 3877 ὡρίσθη
2862 3810 2958 3863 τὰς
2992 3809 3099 3860 τῶν
3128 3812 3421 3881 ἀρχιερέων
3459 3819 3824 3887 μετακλήσεις
3852 3826 3936 3876 ἐπὶ

2404 3900 2711 3967 ἐπισκόπων
2737 3897 2847 3951 δύο.
2888 3898 3129 3967 Σήμερον
3172 3900 3225 3951 δὲ
3274 3901 3372 3968 τῆς
3398 3903 3507 3953 τῶν
3529 3906 3801 3961 δικαστῶν
3846 3914 3932 3965 καὶ

2403 3989 2509 4039 τῶν
2562 3987 2970 4055 πατριαρχικῶν
3010 3986 3265 4054 νοταρίων
3304 3988 3652 4057 αὑτοπιστίας
3689 3996 3934 4065 ἐνεργού-

2406 4094 2522 4144 σης,
2553 4076 2612 4140 ὲξ
2641 4076 2880 4143 ἀνάγκης
2909 4076 3001 4126 καὶ
3030 4076 3097 4125 τὰ
3126 4076 3191 4126 δι’
3221 4076 3399 4129 αὐτῶν
3431 4083 3685 4149 γινόμενα
3730 4088 3931 4153 ἐπιφω-

2404 4170 2618 4235 νήματα
2681 4167 2860 4230 ἕξουσι
2920 4168 2977 4220 τὸ
3038 4170 3523 4239 ἀπαρεγχείρητον.
3596 4174 3792 4235 Καλῶς
3850 4173 3933 4229 οὗν

2404 4258 2928 4326 καταδικασθήσεται
2957 4260 2983 4310 ὁ
3024 4259 3089 4311 δι’
3137 4262 3315 4315 αὐτῶν
3342 4263 3703 4332 ὲπιφονῖνηθεὶς
3734 4267 3829 4315 καὶ
3868 4267 3933 4331 μὴ

2403 4350 2712 4418 ἀπαντήσας
2743 4350 2820 4409 εἰς
2849 4350 2907 4400 τὸ
2936 4350 3299 4420 δικαστήριον,
3331 4354 3404 4415 ὡς
3433 4354 3542 4405 τῶν
3575 4356 3930 4424 ἐπιφωνημά-

2334 4477 2384 4534 D
2410 4457 2514 4490 των
2563 4440 2636 4507 μὴ
2677 4440 3107 4506 κατασειομένων
3147 4443 3210 4493 ἐκ
3259 4443 3353 4495 τοῦ
3389 4443 3465 4511 μὴ
3516 4445 3764 4510 γενέσθαι
3792 4446 3935 4514 παρὰ

2408 4528 2722 4595 ἀρχιερέων.

2473 4617 2711 4671 ΖΩΝΑΡ.
2750 4618 2857 4671 Καὶ
2886 4621 2943 4670 ἐν
2972 4619 3048 4688 τῷ
3078 4620 3155 4683 ξα¹
3203 4621 3386 4675 κανόνι
3436 4623 3648 4691 εἴρηται
3694 4626 3828 4691 ἡμῖν
3866 4624 3933 4687 ὡς

2402 4710 2463 4761 οὐ
2518 4710 2623 4769 πᾶς
2669 4726 2750 4769 τις
2806 4712 3126 4779 κατηγορεῖν
3182 4712 3477 4763 ἐπισκόπου
3537 4712 3781 4777 δύναται,
3828 4716 3935 4767 ἀλλ’

2404 4800 2751 4867 ἀνεπίληπτοι
2781 4800 3053 4866 ἄνθρωποι
3086 4800 3177 4851 καὶ
3207 4800 3503 4869 ὀρθόδοξοιο
3530 4803 3690 4855 τοῦτο
3722 4803 3813 4858 οὖν
3848 4805 3930 4858 καὶ

2405 4890 2432 4938 ὁ
2465 4887 2638 4941 κανὼν
2681 4882 2831 4949 οὗτος
2858 4888 3007 4957 δηλοῖ
3035 4889 3121 4943 διὰ
3149 4891 3242 4943 τοῦ
3286 4891 3480 4957 λέγειν,
3517 4894 3672 4959 παρὰ
3701 4896 3928 4957 ἀξιοπί-

2407 4992 2565 5029 στων
2588 4979 2925 5045 ἀνθρώπων.
2958 4980 3075 5032 Κάν
3105 4980 3195 5032 οὖν
3231 4982 3375 5049 παρά
3410 4985 3663 5034 τοιούτων
3698 5001 3929 5049 κατηγο-

2408 5070 2579 5138 ρεῖται
2626 5069 2936 5134 ἐπίσκοπος,
2964 5071 3024 5121 οὐ
3072 5070 3176 5139 χρὴ
3208 5072 3371 5123 αὐτοῦ
3418 5073 3645 5133 ἀπόντος
3696 5074 3931 5141 καταψη-

2410 5154 2675 5223 φίζεσθαι·
2708 5156 2839 5207 ἀλλὰ
2868 5158 3282 5224 μετακαλεῖσθαι
3310 5157 3601 5219 aermna
3622 5158 3926 5226 ἐρχόμενον,

2407 5240 2514 5295 ⁸ἑῶν
2544 5246 2663 5296 κατ’
2694 5246 2855 5298 αὐτοῦ
2904 5246 3203 5311 λεγομένων
3238 5247 3472 5298 ἀκούειν.
3512 5247 3769 5309 Ἀκούσας
3801 5248 3873 5306 δὲ,
3899 5248 3928 5315 ἦ

2409 5332 2724 5401 ὁμολογήσει
2772 5334 2835 5384 τὰ
2885 5333 3195 5397 ἐπαγόμενα
3242 5335 3385 5401 αὐτῷ
3432 5334 3814 5415 αίτιάμαηταλῆ
3846 5337 3932 5402 ἀρὴ

1937 5465 2165 5554 'Guill.
2194 5467 2517 5541 Beveregii
2554 5476 2716 5527 nota:

859 5585 962 5662 (15)
995 5584 1060 5661 Τὸ
1086 5584 1194 5662 (ter
1222 5583 1720 5662 xutadmdé‘so’dfu_.
1760 5582 1880 5635 "me
1903 5598 2084 5662 usque
2123 5584 2184 5662 ad
2214 5585 2302 5662 ab-

791 5651 959 5701 soluta
1012 5651 1061 5702 itt
1120 5655 1259 5703 hunc
1303 5665 1557 5702 canoncm
1624 5651 1947 5703 lialsantouis
2004 5652 2200 5708 scholia
2250 5653 2298 5703 in

792 5716 1058 5775 impressis
1082 5720 1354 5774 codicibus
1382 5720 1579 5773 Grmcis
1613 5720 2001 5771 desiderantur.
2030 5720 2129 5770 Sed
2154 5718 2297 5771 Οςιις

2414 5584 2584 5635 tianus
2621 5582 2878 5635 llcrvetus
2903 5583 3043 5643 legit.
3066 5594 3115 5634 et
3141 5582 3324 5634 Latine
3352 5583 3531 5633 vertit.
3572 5580 3671 5632 Nos
3694 5582 3927 5634 Cra‘rnm

2416 5660 2610 5702 teatum
2656 5666 2717 5701 ex
2769 5666 2869 5703 nis.
2918 5650 3200 5703 Bodleiano
3226 5667 3361 5702 nunc
3385 5651 3607 5718 primum
3659 5652 3709 5703 in
3768 5651 3928 5701 lttt‘CttI

2408 5720 2744 5773 tttolcr'ttntts.
