4018 6338
756 380 850 477 137

1994 429 2271 488 TllEOD.
2315 427 2713 488 BALSAMON
3602 472 3615 499 η

3825 443 3921 507 188

754 522 949 587 synodo
987 525 1304 587 permissum
1338 527 1437 588 sit,.
1477 529 1862 583 inohcdientem
1908 548 1970 587 ac
2014 543 2287 585 centuma-

2392 534 2601 605 ἐνεδόθη
2659 538 2744 588 διὰ
2797 539 2887 589 τοῦ
2942 544 3179 593 τοιούτου
3222 544 3440 608 κανόνος
3492 550 3555 615 τῇ
3601 552 3802 621 συνόδῳ
3832 555 3919 605 καὶ
3999 554 4001 565 ⁴

754 624 865 663 cem
892 613 1194 678 episcopum
1220 617 1531 682 depositioni
1583 621 1860 688 subjicere.
1896 621 2150 676 Dixerunt
2190 638 2287 674 au-

758 710 858 752 tem
883 700 1064 767 aliqui,
1096 720 1122 754 a
1159 692 1519 760 misericordia
1548 710 1706 761 nimis
1746 712 1971 763 alienum
2026 726 2169 771 esse,
2232 720 2289 763 ut

754 788 824 839 ob
882 789 1287 846 inoliedientiam
1341 797 1454 850 sive
1534 802 1917 853 contumaciam
1996 801 2291 867 deponatur

755 877 1070 944 episcopus:
1105 884 1196 933 sed
1229 883 1384 937 aliter
1414 886 1604 937 debere
1635 888 1774 939 illum
1820 889 2013 954 puniri.
2050 891 2103 941 Si
2149 892 2288 965 enim

757 978 817 1014 ea
848 975 1005 1028 esset,
1044 967 1308 1035 inquiunt,
1340 975 1696 1037 apostolorum
1722 980 2007 1040 sententia,
2051 988 2107 1032 ut
2133 982 2292 1045 depo-

760 1065 971 1107 neretur
1039 1058 1341 1125 episcopus,
1413 1064 1753 1129 depositionis
1822 1068 1873 1119 in
1931 1068 2029 1120 hoc
2090 1085 2292 1123 canone

756 1145 1256 1199 meminissent.Alii
1286 1159 1458 1204 autem
1495 1154 1758 1215 dixerunt,
1779 1157 1915 1223 quod
1947 1173 2010 1211 ex
2045 1161 2284 1226 proxime

756 1231 895 1283 edita
927 1248 955 1283 a
988 1234 1094 1285 Deo
1132 1237 1367 1291 coronati
1411 1249 1464 1292 et
1511 1245 1677 1294 sancti
1728 1244 2063 1310 imperatoris
2113 1250 2282 1301 nostri

756 1324 1053 1374 veneranda
1083 1322 1319 1392 Novella,
1354 1329 1658 1398 quicunque
1688 1333 1730 1385 is
1751 1334 1819 1386 sit
1848 1335 2107 1389 adversus
2135 1352 2289 1402 quem

754 1412 893 1463 actio
918 1410 1229 1481 intenditur‘,
1254 1417 1297 1468 si
1330 1418 1662 1491 injudicium
1694 1434 1931 1488 vocetur,
1962 1435 2012 1478 et
2040 1437 2157 1493 post
2180 1436 2288 1481 tres

755 1500 1177 1557 denuntiationes
1210 1502 1327 1573 per
1365 1518 1470 1561 tres
1517 1514 1741 1579 scriptas
1787 1516 2064 1569 citationes
2114 1531 2295 1569 accer—

752 1589 906 1650 situs,
939 1600 990 1641 et
1022 1606 1124 1643 non
1156 1584 1389 1659 veniens,
1414 1600 1795 1652 condemnatur
1824 1604 1904 1655 vel
1951 1620 2051 1677 una
2090 1615 2292 1659 tantum

754 1686 903 1744 parte
931 1693 1209 1747 przeseute.
1243 1685 1297 1737 Si
1328 1702 1452 1755 ergo
1487 1692 1647 1742 etiam
1688 1693 1969 1759 episcopus
2017 1711 2134 1748 cum
2200 1699 2293 1748 da-

756 1767 899 1819 tione
934 1768 1091 1823 libelli
1118 1788 1179 1826 ac
1211 1775 1426 1841 scriptis
1478 1779 1725 1847 legitimis
1773 1796 2057 1838 accusatus
2110 1785 2290 1849 fuerit,

656 1890 670 1929 ι
753 1862 805 1906 et
836 1856 884 1907 in
911 1857 996 1919 jus
1036 1871 1273 1924 voratus,
1317 1864 1547 1930 primum
1594 1868 1803 1933 quidem
1852 1887 1944 1937 per
2019 1874 2298 1924 denuntia-
2330 1861 2367 1913 Β

754 1945 948 2010 tiones,
1010 1948 1203 2003 deinde
1264 1955 1423 2006 etiam
1468 1971 1561 2021 per
1620 1959 1717 2010 tria
1772 1962 1988 2027 scriptis
2051 1965 2294 2016 mandata

755 2034 952 2097 edicta,
990 2046 1041 2089 et
1071 2052 1128 2109 se
1157 2039 1359 2102 judicio
1392 2057 1493 2094 non
1523 2043 1791 2105 obtulerit,
1832 2049 2170 2101 deputabitur
2216 2053 2297 2104 vel

757 2135 864 2175 una
887 2130 1091 2176 tantum
1126 2135 1275 2191 parte
1307 2140 1591 2195 praesente.
1621 2130 1716 2185 llic
1740 2147 1865 2200 ergo
1916 2138 2113 2201 vocari,
2169 2141 2299 2207 legi-

757 2208 1247 2277 timeintelligitur,
1294 2214 1499 2269 scilicet
1542 2232 1635 2284 per
1665 2219 1733 2270 '50
1777 2220 1978 2273 dierum
2021 2224 2213 2290 edicta,
2249 2235 2303 2279 et

760 2315 861 2353 non
912 2311 968 2353 ut
1026 2305 1265 2358 nonnulli
1325 2306 1569 2361 dixerunt
1612 2324 1705 2377 per
1749 2325 2036 2377 paucorum
2095 2315 2298 2370 dierum

764 2392 975 2458 scriptis
1021 2396 1293 2448 mandatas
1348 2398 1795 2455 denuntiationes.
1834 2403 1946 2457 lloc
1979 2414 2154 2459 autem
2197 2407 2301 2461 alio

766 2484 923 2535 modo
954 2484 1145 2537 dictum
1175 2494 1257 2539 est
1305 2487 1355 2539 in
1394 2490 1639 2543 tribunali
1690 2492 1972 2559 imperiali,
2024 2505 2078 2549 et
2134 2498 2303 2561 magis

762 2574 813 2624 in
845 2586 1001 2625 causa
1033 2576 1265 2643 episcopi
1306 2578 1557 2643 Besaenze,
1614 2590 1667 2635 et
1708 2581 1999 2646 iudicatum
2050 2596 2153 2647 est.
2210 2602 2305 2655 per

764 2663 861 2713 tria
892 2662 1122 2730 legitima
1152 2666 1325 2719 edicta
1355 2667 1549 2721 debere
1570 2672 1747 2722 vocari
1769 2672 2093 2740 episcopum,
2119 2675 2306 2729 adver-

763 2766 855 2803 sus
884 2767 1039 2818 quem
1079 2755 1218 2807 actio
1242 2755 1559 2820 intenditur,
1593 2767 1645 2811 et
1672 2759 1740 2811 ita
1767 2770 1993 2828 propter»
2024 2774 2303 2816 contuma-

763 2842 897 2892 ciam
934 2842 1299 2898 condemnari.
1330 2845 1681 2907 Condemnari
1724 2852 1943 2916 quidem
1996 2854 2299 2923 episcopum

763 2940 1130 2985 contumacem
1194 2934 1346 2999 juxta
1412 2936 1629 2989 illustris
1685 2939 2022 3005 imperatoris
2099 2943 2298 2997 domini

763 3017 1020 3072 Manuelis
1056 3021 1310 3074 Comoeni
1346 3021 1808 3088 Novellanyextra
1832 3040 2043 3080 omnem
2074 3038 2153 3081 est
2176 3044 2306 3081 cou—

769 3106 1102 3157 troversiam.
1156 3106 1246 3159 Sic
1310 3108 1450 3162 enim
1502 3123 1558 3162 ut
1619 3113 1814 3165 dictum
1867 3125 1967 3177 est,
2012 3115 2305 3181 judicatum

758 3190 867 3243 fuit
893 3194 1029 3257 apud
1060 3195 1259 3261 regium
1292 3206 1344 3247 et
1374 3197 1607 3250 divinum
1638 3201 1938 3254 trilmualA
1964 3203 2169 3257 duobus
2212 3219 2308 3257 au—

768 3285 870 3329 tem
893 3279 1216 3334 antistitibus
1245 3290 1299 3334 et
1349 3298 1450 3335 non
1488 3284 1640 3337 aliter
1669 3287 1991 3341 vocationem
2026 3290 2140 3355 ejus
2174 3293 2307 3369 ﬁeri,

767 3376 824 3417 ut
852 3367 1087 3419 nonnulli
1123 3368 1392 3433 dixerunt,
1428 3385 1529 3423 non
1558 3381 1638 3425 est
1667 3374 1956 3448 secundum
1994 3378 2161 3445 legem
2210 3367 2305 3432 nec

767 3468 799 3505 c
823 3457 1079 3506 sententia
1098 3459 1371 3521 prmseutis
1392 3454 1627 3517 canonis.
1656 3457 1784 3533 Cum
1809 3464 1895 3521 hic
1913 3467 2052 3522 enim
2079 3470 2310 3540 scriptus

770 3543 866 3597 fuit
900 3544 1286 3614 necjudicib‘us
1320 3558 1373 3602 et
1398 3553 1615 3606 notariis
1645 3557 2089 3619 patriarehalibus
2122 3576 2218 3627 per
2249 3577 2307 3614 se

769 3635 922 3687 ﬁdem
952 3636 1131 3689 haberi
1162 3638 1211 3690 in
1253 3653 1348 3691 usu
1383 3638 1500 3703 fuit,
1525 3653 1577 3693 et
1602 3643 1717 3695 ideo
1748 3644 2154 3699 dcterminatum
2184 3648 2303 3714 fuit,

768 3724 1059 3777 antistitum
1092 3729 1397 3781 vocationes
1420 3744 1447 3779 ει
1489 3730 1693 3784 duobus
1726 3730 1837 3784 fieri
1874 3736 2153 3803 epiSCOpis.
2201 3736 2305 3794 llo-.

768 3815 851 3866 die
875 3826 1048 3867 autem
1085 3832 1201 3869 cum
1228 3817 1497 3882 iudicibus
1522 3828 1575 3873 et
1606 3822 1829 3874 notariis
1860 3824 2307 3887 patriarehalibus

770 3920 863 3969 per
894 3905 1237 3979 serhabeatur
1280 3907 1430 3969 lides,
1492 3911 1794 3964 necessario
1849 3922 1902 3963 et
1954 3927 2072 3979 quae
2121 3904 2184 3964 ab
2228 3916 2305 3985 eis

772 3992 901 4044 liunt
932 3978 1123 4057 edicta,
1162 3995 1435 4062 reprobari
1472 4011 1573 4049 non
1620 4007 1862 4062 possunt.
1917 3998 2081 4052 Recte
2131 4004 2308 4069 itaque

772 4082 1208 4135 condemuahitur
1233 4085 1321 4151 qui
1358 4099 1448 4150 per
1477 4098 1537 4138 ea
1568 4094 1817 4137 evocatus
1852 4086 2005 4140 fuerit
2050 4099 2101 4140 et
2149 4092 2198 4141 in
2227 4091 2309 4157 ju-

772 4169 911 4222 dicio
945 4186 1047 4222 non
1084 4172 1301 4238 etitcrit,
1352 4175 1775 4242 quandoquidem
1823 4175 1990 4228 edicta
2040 4192 2138 4229 non
2188 4190 2310 4232 sunt

771 4272 835 4310 ex
915 4273 977 4311 eo
1064 4258 1375 4315 labefactata
1451 4264 1575 4331 quia
1655 4261 1721 4315 ab
1760 4264 2118 4333 ;anlistitibus
2206 4282 2306 4320 non

775 4350 926 4402 ﬁunt.

842 4612 1092 4667 ZONAR.
1134 4613 1197 4666 Et
1230 4614 1279 4666 in
1305 4614 1637 4681 sexagesimo
1660 4616 1833 4683 primo
1864 4631 2066 4670 canone
2106 4616 2307 4673 dictum

775 4701 869 4754 fuit
895 4718 923 4753 a
955 4702 1127 4763 nobis,
1153 4702 1293 4769 quod
1334 4702 1639 4769 episc0pum
1690 4718 1793 4755 non
1836 4705 2010 4773 quivis
2058 4720 2311 4760 accusare

777 4802 969 4857 potest,
1002 4794 1090 4844 sed
1117 4792 1462 4858 inrulpati,et
1508 4793 1786 4845 orthodoxi
1845 4796 2085 4848 homines
2122 4813 2133 4846 :
2170 4797 2310 4862 quod

776 4890 830 4932 ct
856 4880 1114 4945 signiﬁcat
1145 4878 1253 4948 49
1282 4880 1366 4932 hic
1397 4895 1587 4943 canon,
1627 4879 1749 4931 dum
1779 4880 1927 4945 dicit,
1974 4884 2036 4934 ab
2090 4881 2311 4936 homini-

778 4971 868 5021 bus
908 4970 1007 5037 ﬁde
1039 4971 1228 5038 dignis.
1275 4970 1320 5020 Α
1367 4970 1555 5021 talibus
1588 4971 1750 5038 igitur
1784 4970 1826 5023 si
1871 4982 2144 5024 accusetur
2198 4976 2310 5040 cpi-

780 5070 988 5126 scopus,
1019 5060 1069 5111 in
1097 5062 1367 5114 absentem
1405 5074 1508 5137 non
1539 5068 1745 5126 Oportet
1795 5062 2110 5114 sententiam
2149 5064 2305 5129 ferre,

758 5149 868 5200 sed
889 5134 1208 5201 'enm'citarc
1241 5134 1504 5215 :cuutque
1537 5149 1761 5208 venerit,
1797 5164 1878 5213 ea,
1915 5164 2033 5217 qua:
2061 5150 2307 5203 dicuntur

783 5236 832 5287 in
864 5235 1054 5302 ipsum,
1085 5237 1284 5288 audire.
1314 5236 1596 5303 Postquam
1624 5236 1849 5287 audierit
1878 5248 2049 5291 autem
2101 5240 2180 5292 vel
2210 5239 2307 5292 ob-

779 5325 918 5391 jecta
958 5325 1054 5377 sibi
1088 5326 1309 5377 crimina
1336 5320 1606 5387 fatebitur,
1645 5325 1723 5379 vel
1748 5326 1988 5379 inliciatis
2031 5330 2309 5382 convince-

2389 625 2701 695 καθαιρέσει
2745 629 3168 684 καθυποϐὶῖ·λειν
3210 636 3298 686 τὸν
3355 638 3554 707 ἀπειθῆ
3605 640 3919 695 ἐπίσκοπον.

2390 716 2496 765 Καὶ
2530 710 2682 768 εἶπόν
2718 734 2860 780 τινες
2891 721 2964 781 ὡς
2994 723 3315 790 ἀσυμπαθές
3366 728 3514 780 ἐστιν
3546 729 3605 793 ἐξ
3648 732 3923 791 ἀπειθείας

2390 806 2765 872 καθαιρεῖσθαι
2812 809 3103 863 ἐπίσκοπον
3131 830 3143 842 ·
3194 815 3367 892 ἄλλως
3418 818 3473 870 δέ
3530 836 3647 882 πως
3690 824 3925 888 ὀφείλειν

2390 898 2747 964 ἐπιτιμᾶσθαι
2796 900 2976 952 αὐτόν.
3010 902 3069 952 Εἰ
3110 903 3219 971 γὰρ
3260 900 3327 973 ἦν
3374 907 3613 975 θελητὸν,
3645 912 3796 977 φασὶ,
3842 916 3926 965 καὶ

2388 989 2498 1046 τοῖς
2550 988 2863 1051 ἀποστόλοις
2890 990 3267 1060 καθαιρεῖσθαι
3305 996 3397 1048 τὸν
3423 1000 3736 1066 ἐπίσκοπον,
3766 1005 3930 1072 ἐμνή-

2394 1077 2599 1143 σθησαν
2633 1076 2698 1131 ἂν
2748 1082 2805 1131 ἐν
2850 1082 2927 1151 τῷ
2970 1084 3150 1136 κανόνι
3181 1088 3274 1137 καὶ
3323 1089 3713 1158 καθαιρέσεως.
3746 1095 3928 1148 Ἀλλοι

2391 1168 2445 1220 δὲ
2494 1164 2647 1221 εἶπον
2691 1172 2768 1233 ὡς
2804 1174 2894 1224 καὶ
2955 1174 3063 1226 ἀπὸ
3115 1179 3212 1243 τῆς
3260 1180 3498 1246 συνεχῶς
3562 1182 3929 1254 ἐξενεχθείσης

2393 1263 2776 1329 προσκυνητῆς
2833 1266 3030 1332 νεαρᾶς
3097 1265 3191 1317 τοῦ
3262 1269 3584 1336 θεοστεφοῦς
3635 1275 3929 1338 κρατίστου

2393 1351 2485 1400 καὶ
2514 1351 2669 1416 ἁγίου
2731 1354 2886 1420 ἡμῶν
2934 1355 3349 1425 αὐτοκράτορος,
3408 1361 3551 1422 ἆπας
3608 1364 3931 1433 ἐναγόμενος

2398 1442 2869 1510 μετακαλούμενος
2916 1447 2996 1509 είς
3038 1447 3099 1498 τὸ
3135 1448 3499 1519 δικαστήριον,
3531 1455 3621 1506 καὶ
3659 1456 3797 1524 μετὰ
3842 1458 3933 1524 μὲ-

2393 1548 2516 1600 τρια
2547 1533 2836 1602 μηνύματα
2862 1536 2949 1588 διὰ
2986 1538 3153 1606 τριῶν
3179 1540 3613 1610 ἐπιφωνημά-των
3641 1544 3932 1613 ἐγγράφων

2397 1621 2568 1673 ἐλθεῖν
2613 1625 3092 1691 παρεγγυιῦμενος,
3130 1630 3223 1679 καὶ
3255 1629 3326 1696 μὴ
3371 1630 3678 1699 ἐργόμενος,
3717 1636 3930 1686 καταδι-

2396 1712 2616 1774 κάζεται
2666 1714 2759 1765 καὶ
2818 1717 3151 1785 μονομερῶς.
3189 1720 3251 1770 Ei
3300 1719 3429 1787 γοῦν
3483 1722 3579 1773 καὶ
3638 1724 3931 1785 ἐπίσκοπος

2402 1802 2536 1869 μετὰ
2589 1803 2789 1866 δόσεως
2840 1807 3097 1860 λιϐἑλλων
3158 1810 3253 1862 καὶ
3321 1811 3567 1880 νομίμων
3644 1816 3935 1882 ἐγγράφων

2399 1898 2765 1968 κατηγορηθῇ,
2800 1899 2894 1949 καὶ
2926 1900 3259 1969 μετακληθῇ,
3291 1902 3505 1971 πρῶτον
3538 1905 3634 1972 μὲν
3656 1905 3743 1957 διὰ
3770 1925 3937 1976 μηνυ-

2402 1989 2606 2054 μάτων,
2645 1985 2762 2040 εἶτα
2810 1991 2901 2041 καὶ
2934 1991 3023 2043 διὰ
3067 1993 3229 2058 τριῶν
3266 1994 3553 2063 ἐγγράφων
3592 1997 3941 2065 ἐπιφωνημάο

2398 2094 2522 2139 των,
2563 2080 2655 2130 καὶ
2695 2080 2797 2132 οὐκ
2840 2080 3141 2151 ἀπαντήσει
3190 2085 3268 2145 είς
3316 2085 3377 2135 τὸ
3436 2085 3810 2154 δικαστήριον,
3845 2088 3939 2141 κᾶν

2404 2168 2717 2235 μονομερῶς
2762 2172 3310 2241 καταδικασθήσεται.
3364 2176 3437 2226 Τὸ
3489 2179 3598 2245 γὰρ
3652 2179 3939 2230 καλεῖσθαι

2401 2255 2629 2307 ἐνταῦθα
2681 2258 2817 2325 μετὰ
2855 2260 3052 2326 νόμους
3095 2263 3315 2323 νοεῖται,
3347 2260 3512 2330 ήγουν
3559 2265 3626 2316 δι’
3664 2270 3911 2333 ἐπιφωνη

2403 2348 2584 2415 μάτων
2611 2346 3104 2419 τριακονθημέρων,
3134 2354 3228 2404 καὶ
3257 2354 3351 2421 μὴ,
3387 2354 3461 2414 ὦς
3487 2372 3629 2415 τινες
3659 2353 3837 2415 εἷπον,
3864 2358 3941 2408 διὰ

2406 2438 2732 2504 μηνυμάτων
2761 2441 3049 2509 ἐγγράφων
3095 2442 3489 2513 ὀλιγοημέρων.
3533 2447 3703 2499 Τοῦτο
3730 2448 3789 2499 δὲ
3822 2449 3940 2499 ἐλα-

2402 2527 2539 2597 λήθη
2562 2529 2831 2599 διαφόρως
2860 2533 2953 2584 ἐπὶ
2998 2533 3238 2602 βήματος
3272 2535 3570 2603 βασιλικοῦ,
3605 2538 3697 2588 καὶ
3750 2540 3943 2604 uilio»!

2403 2618 2459 2666 ἐν
2483 2621 2548 2687 τῇ
2572 2619 2824 2671 ὑποθέσει
2856 2621 2948 2672 τοῦ
2972 2624 3263 2675 ἐπισκόπου
3293 2624 3552 2693 Βεσαίνης
3578 2643 3589 2654 ·
3627 2626 3721 2679 καὶ
3756 2628 3945 2693 ἐκρίθη

2403 2708 2492 2761 διὰ
2524 2711 2687 2777 τριῶν
2733 2713 2976 2779 νομίμων
3016 2716 3473 2784 ἐπιφωνημάτων,
3502 2718 3741 2782 ὀξείλειν
3790 2736 3947 2791 μετα-

2404 2798 2682 2874 ψλεῖσθαι
2715 2802 2808 2853 τὸν
2850 2804 3175 2869 ἐναγόμενον
3209 2806 3527 2872 ἐπίσκοπον,
3558 2807 3655 2859 καὶ
3685 2808 3865 2871 οὕτως
3893 2810 3945 2873 ἐξ

2406 2890 2684 2948 ἀπειθείας
2752 2893 3225 2956 καταδικάζεσθαι.
3288 2895 3361 2946 Τὸ
3434 2897 3535 2964 μὲν
3588 2899 3947 2962 καταδικάζε-

2408 2981 2529 3033 σθαι
2574 2982 2685 3051 (l5)
2730 2985 2820 3036 τὸν
2866 2988 3064 3057 ἀπειθῆ
3098 2989 3394 3042 ἐπίσκοπον
3432 2991 3574 3043 κατά
3623 2990 3724 3059 τὴν
3746 2992 3946 3059 νεαρὰν

2407 3071 2499 3123 τοῦ
2535 3072 2779 3141 ἀοιδίμου
2813 3074 3073 3143 βασιλέως
3111 3080 3277 3148 κυροῦ
3316 3080 3567 3149 Μανόυὴλ
3606 3081 3697 3131 τοῦ
3724 3082 3943 3149 Κομνη-

2335 3158 2375 3213 C
2407 3161 2495 3213 νοῦ
2525 3163 2732 3230 ἄμαχόν
2756 3167 3169 3235 ἐστι.Κέκριται
3191 3170 3293 3238 γὰρ
3318 3170 3478 3234 οὕτω,
3498 3170 3677 3234 καθὼς
3711 3173 3945 3240 εἴρηται,

2411 3253 2557 3321 παρά
2603 3252 2679 3321 τῷ
2726 3252 2986 3323 βασιλικῷ
3033 3258 3121 3309 καὶ
3164 3258 3292 3329 θείῳ
3341 3260 3563 3329 βήματι.
3607 3263 3681 3314 Τὸ
3718 3263 3777 3315 δὲ
3816 3262 3948 3332 μετᾶ

2408 3340 2499 3392 δύο
2541 3342 2837 3412 ἀρχιερέων
2884 3347 2976 3399 καὶ
3023 3346 3096 3417 μὴ
3130 3348 3300 3411 ἄλλως
3346 3368 3461 3411 πως
3497 3352 3595 3419 τὴν
3624 3352 3820 3406 τούτου
3855 3372 3947 3422 με·

2406 3435 2666 3505 τάκλησιν
2687 3438 2948 3504 γίνεσθαι,
2971 3440 3043 3502 ὥς
3067 3458 3205 3503 τινες
3244 3438 3415 3508 εἶπον,
3445 3445 3543 3496 οὒκ
3570 3445 3685 3497 ἐστι
3711 3447 3947 3513 νόμιμον

2406 3527 2524 3577 οὑδέ
2568 3528 2666 3594 τῆς
2703 3530 2907 3591 ἐννοίας
2948 3531 3042 3583 τοῦ
3085 3534 3347 3599 παρόντος
3387 3538 3628 3599 κανόνος.
3662 3543 3795 3593 Ὅτε
3845 3541 3945 3607 γὰο

2405 3614 2558 3681 οὗτος
2605 3621 2814 3690 ἐγράφη
2868 3620 2992 3673 οὔτε
3042 3622 3309 3684 δικαστῶν
3362 3625 3485 3677 οὗτε
3528 3639 3946 3703 πατριαρχικῶν

2405 3714 2662 3780 νοταρίων
2701 3714 2916 3781 ἐνήργει
2957 3714 3293 3775 αὑτοπιστία,
3334 3719 3425 3767 καὶ⁹
3473 3718 3558 3769 διὰ
3607 3720 3763 3775 τοῦτο
3817 3745 3946 3794 προ-

2406 3802 2606 3853 ϐαίνειν
2635 3802 2840 3870 ὡρίσθη
2862 3803 2960 3856 τὰς
2994 3803 3101 3853 τῶν
3128 3805 3423 3876 ἀρχιερέων
3460 3813 3828 3880 μετακλήσεις
3856 3821 3944 3870 ἐπὶ

2406 3893 2713 3961 ἐπισκόπων
2738 3891 2849 3945 δύο.
2889 3892 3132 3960 Σήμερον
3173 3894 3226 3945 δὲ
3276 3894 3373 3961 τῆς
3401 3896 3508 3947 τῶν
3531 3900 3805 3955 δικαστῶν
3850 3909 3939 3959 καὶ

2405 3982 2510 4032 τῶν
2564 3980 2972 4049 πατριαρχικῶν
3011 3979 3267 4048 νοταρίων
3306 3983 3653 4050 αὑτοπιστίας
3689 3990 3942 4059 ἐνεργού-

2408 4088 2524 4137 σης,
2555 4070 2613 4132 ἐξ
2642 4070 2883 4136 ἀνάγκης
2911 4070 3003 4119 καὶ
3032 4070 3098 4119 τὰ
3128 4070 3193 4120 δι’
3223 4070 3400 4122 αὐτῶν
3432 4076 3686 4142 γινόμενα
3731 4082 3937 4147 ἐπιφω-

2405 4163 2620 4227 νήματα
2683 4160 2862 4223 ἕξουσι
2922 4161 2979 4213 τὺ
3039 4163 3525 4233 ἀπαρεγχείρητον.
3597 4167 3795 4229 Καλῶς
3855 4167 3942 4222 οὖν

2405 4251 2929 4319 καταδικασθήσεται
2958 4253 2985 4303 ό
3026 4253 3091 4305 δι’
3138 4255 3316 4307 αὐτῶν
3344 4256 3704 4325 ἐπιφωνηθεὶς
3736 4261 3833 4310 καὶ⁵
3873 4261 3941 4326 μὴ

2404 4343 2714 4410 ἀπαντήσας
2744 4343 2822 4402 είς
2851 4344 2908 4393 τό
2938 4344 3301 4413 δικαστήριον,
3333 4347 3406 4408 ὠς
3436 4347 3544 4398 τῶν
3577 4349 3939 4419 ἐπιφωνημάο

2336 4471 2385 4527 D
2412 4449 2516 4483 των
2564 4433 2638 4500 μὴ
2679 4433 3109 4499 κατασειομένων
3150 4436 3211 4486 ἐκ
3262 4436 3354 4488 τοῦ
3392 4437 3467 4504 μὴ
3517 4438 3766 4503 γενέσθαι
3796 4440 3943 4509 παρὰ

2410 4536 2723 4588 αρχιερεων.

2475 4611 2713 4664 ΖΩΝΑΡ.
2752 4611 2858 4664 Καὶ
2888 4613 2944 4663 ἐν
2975 4612 3049 4682 τῷ
3079 4613 3157 4677 Ea’
3204 4615 3388 4667 κανόνι
3439 4616 3650 4685 εἴρηται
3696 4619 3833 4684 ἡμῖν
3873 4619 3942 4681 ὡς

2404 4703 2465 4754 οὐ
2519 4704 2624 4763 πᾶς
2671 4719 2752 4762 τις
2808 4705 3128 4773 κατηγορεῖν
3184 4705 3480 4757 ἐπισκόπου
3539 4706 3784 4770 δύναται,
3834 4712 3941 4762 ἀλλ’

2405 4792 2753 4859 ἀνεπίληπτοι
2783 4793 3055 4859 ἄνθρωποι
3087 4793 3179 4844 καὶ
3208 4794 3505 4863 ὀρθόδοξοισ
3532 4796 3691 4848 τοῦτο
3724 4796 3819 4852 οὖν
3854 4800 3939 4853 καὶ

2407 4883 2433 4931 ὁ
2467 4881 2640 4933 κανὼν
2682 4876 2833 4943 οὗτος
2860 4882 3008 4949 δηλοῖ
3037 4882 3123 4935 διὰ
3152 4883 3244 4935 τοῦ
3288 4884 3483 4950 λέγειν,
3519 4887 3673 4953 παρὰ
3703 4888 3936 4950 ἀξιοπί-

2409 4986 2566 5022 στων
2590 4972 2927 5037 ἀνθρώπων.
2961 4973 3077 5025 Κάν
3107 4973 3196 5025 οὖν
3232 4976 3377 5042 παρά
3412 4978 3665 5028 τοιούτων
3700 4994 3937 5045 κατηγο-

2410 5062 2581 5131 ρεῖται
2629 5062 2938 5126 ἐπίσκοπος,
2967 5064 3026 5113 οὐ
3074 5063 3178 5133 χρὴ
3209 5064 3373 5116 αὐτοῦ
3420 5066 3647 5125 ἀπόντος
3697 5067 3939 5135 iurauim-

2412 5147 2677 5215 φίζεσθαι·
2709 5149 2841 5200 ἀλλά
2870 5151 3283 5217 μετακαλεῖσθαι
3313 5150 3601 5211 αὐτὸν,καὶ
3623 5151 3934 5219 ἐρχόμενον,

2409 5234 2516 5289 ιξῶν
2546 5240 2665 5290 κατ’
2696 5238 2857 5291 αὑτοῦ
2907 5238 3204 5303 λεγομένων
3240 5240 3473 5291 ἀκούειν.
3513 5239 3771 5301 ’Ᾱκούσας
3807 5242 3935 5309 δέ,ἢ

2411 5325 2726 5394 ὁμολογήσει
2774 5326 2837 5377 τὰ
2887 5326 3197 5390 ἐπαγόμενα
3243 5328 3386 5394 αὐτῷ
3434 5327 3821 5401 αίτιάματαλῆ
3854 5332 3940 5396 dp:

1939 5458 2166 5547 .Guill.
2196 5460 2519 5535 Bevercgii
2557 5469 2718 5519 nota:

860 5578 964 5645 (l3)
996 5578 1061 5629 Τὸ
1088 5578 1196 5643 μὲν
1222 5577 1722 5655 καταδικιὶζεσιξςιι..
1762 5576 1882 5628 llmc
1904 5592 2085 5655 ‘usque
2124 5577 2186 5655 ad
2216 5578 2304 5655 ah-

792 5645 959 5696 soluta
1014 5646 1062 5696 in
1122 5650 1260 5697 hunc
1304 5660 1559 5696 cauonctn
1626 5645 1949 5697 Balsamouis
2006 5645 2201 5695 scholia
2252 5647 2301 5697 in

793 5710 1060 5769 impressis
1084 5714 1354 5769 codicibus
1383 5713 1581 5767 Graecis
1614 5714 2003 5765 desiderantur.
2032 5713 2131 5765 Sed
2155 5712 2267 5764 Gen
2286 5742 2299 5751 -

2416 5577 2586 5629 tianus
2623 5576 2880 5627 llcrvctus
2905 5576 3044 5636 legit.
3068 5586 3117 5627 et
3143 5574 3326 5626 Latino
3354 5575 3534 5626 Vertit.
3573 5574 3672 5625 Νος
3695 5575 3936 5627 (ιιλιιηίιιιι

2418 5652 2613 5695 textum
2658 5660 2721 5695 ex
2771 5658 2871 5695 nis.
2920 5643 3202 5695 Bodleiano
3228 5660 3362 5695 nunc
3386 5645 3609 5711 primum
3661 5645 3711 5696 in
3770 5646 3936 5697 lnrem

2410 5728 2458 5767 Dl
2474 5712 2722 5765 ol‘erinnts
2735 5750 2747 5763 .
