3988 6342
717 345 822 413 339

715 461 811 514 τοῦ
861 465 1254 533 μητροπολίτου
1310 465 1611 535 καταδοχῆς
1659 467 1744 519 διὰ
1800 466 1888 518 τὸν
1935 467 2095 536 νόμον
2149 467 2238 519 τὸν
2294 467 2558 534 λέγονταο

716 548 1035 622 ὠφελοῦσιν,
1069 556 1189 609 οὐδὲ
1221 555 1570 625 βλάπτουσιν.

1961 355 2237 416 ΤΗΕΟΙ).
2265 357 2664 416 BALSAMON

3816 355 3904 414 320

2617 469 2698 522 Τά
2773 469 2898 538 παρ’
2951 470 3151 540 ἐτέρων
3212 467 3468 539 γινόμενα
3538 466 3751 536 ἐτέρους
3799 467 3903 517 οὐδὲ

789 650 1038 706 ZONAR.
1081 651 1286 717 Quibus
1329 652 1636 707 hominibus
1683 653 2059 721 episcoporum
2117 652 2258 705 cleris

2448 651 2691 704 ΖΩΝΛΡ.
2740 647 3001 701 Ἐνταῦθα
3038 647 3399 699 διατάττονται
3431 647 3482 698 οἱ
3519 648 3652 697 θεῖοι
3686 645 3905 713 Πατὲρες

714 756 966 797 eorumve
994 745 1266 800 accusatio
1289 744 1668 812 permittenda,
1700 745 2001 814 quibusque
2026 746 2271 813 neganda

715 832 807 899 sit,
864 834 1033 886 sancti
1087 832 1270 888 Patres
1326 835 1426 888 hoc
1481 835 1602 890 loco
1651 837 1962 898 decernunt,
2006 835 2267 899 dicentes,

713 923 861 988 Quod
907 923 949 974 si
987 923 1108 990 quis
1143 922 1400 991 privatam
1446 926 1660 992 quidem
1709 925 1854 978 litem
1879 925 2130 1002 .intendat
2161 924 2271 991 cp?-

712 1027 908 1081 scopo;
947 1013 1129 1073 veluti,
1169 1014 1234 1067 de
1266 1013 1460 1081 injuria
1496 1015 1640 1067 illum
1675 1015 1972 1082 postulans,
2012 1015 2085 1069 rei
2118 1015 2268 1070 scili-

710 1113 813 1167 cet,
846 1106 957 1156 sive
992 1105 1225 1168 mobilis,
1263 1106 1376 1161 sive
1407 1106 1720 1170 immobilis,
1755 1109 2048 1171 ablatione,
2083 1117 2174 1161 aut
2203 1108 2267 1162 de

711 1196 1030 1248 contumelia
1084 1195 1249 1262 illata,
1295 1207 1387 1251 aut
1434 1198 1497 1250 de
1546 1197 1850 1266 lmjusmodi
1901 1199 2080 1267 aliquo
2123 1199 2265 1267 alio;

713 1291 1098 1361 qualiscunque
1131 1294 1344 1347 tandem
1378 1295 1449 1346 sit
1477 1303 1649 1358 actor,
1684 1293 1912 1350 inﬁdelis
1945 1311 2154 1362 nempe,
2182 1297 2265 1350 vel

712 1383 1016 1444 haereticus,
1059 1384 1142 1437 vel
1181 1385 1696 1449 excommunicatus,
1739 1394 1830 1439 aut
1861 1387 2022 1440 etiam
2058 1387 2124 1441 ab
2165 1382 2266 1440 Ec-

708 1473 865 1527 clesia
904 1475 1169 1530 catholica
1215 1477 1427 1544 penitus
1473 1477 1700 1545 ejectus,
1746 1479 2083 1532 admittetur.
2135 1477 2264 1534 Uni-

710 1565 875 1618 versis
923 1567 1119 1620 etenim
1180 1567 1542 1637 cujuscunque
1587 1566 1804 1622 demum
1847 1569 2119 1639 religionis
2181 1569 2263 1623 vel

708 1665 882 1710 status
923 1657 1053 1722 sint,
1103 1657 1146 1709 si
1193 1658 1442 1726 injuriam
1492 1659 1592 1714 sibi
1633 1660 1814 1728 aliquo
1863 1661 2020 1715 modo
2047 1661 2262 1717 .iactam

709 1754 913 1811 putent,
950 1745 1004 1798 in
1041 1744 1301 1814 judicium
1334 1747 1538 1814 venire,
1575 1762 1638 1802 ac
1677 1747 1765 1814 jus
1795 1764 1950 1803 suum
1992 1749 2261 1813 obtinere,

707 1845 762 1888 ut
807 1835 986 1900 liceat,
1031 1851 1130 1905 par
1158 1847 1260 1892 est.
1293 1838 1565 1893 Privatam
1599 1840 1783 1895 dixere
1813 1841 2258 1905 controversiam,

690 1925 823 1980 eam
859 1943 887 1980 a
915 1928 1284 1983 criminalibus
1314 1930 1729 1999 distinguentes.
1763 1930 2111 2010 Sunt—autem
2153 1935 2258 2002 pri-

707 2027 860 2082 vota},
914 2034 1032 2086 qua:
1084 2020 1390 2090 pecuniaria
1450 2021 1670 2077 demum.
1725 2023 2082 2079 mstimatione
2138 2024 2262 2080 lites

706 2109 1090 2178 absolvuntur;
1133 2113 1444 2169 eriminales
1496 2129 1658 2179 vero,
1705 2116 1846 2170 unde
1891 2116 2013 2170 vitae
2061 2127 2261 2172 statum

705 2201 984 2255 damnatus
1019 2203 1236 2256 amittit.
1266 2203 1557 2272 Propterea
1588 2203 1825 2258 addunt:
1861 2206 1903 2259 si
1937 2221 2065 2260 vero
2089 2207 2262 2262 eccle-

705 2289 979 2344 siasdcum
1020 2290 1090 2346 sit
1117 2293 1340 2356 crimen,
1379 2294 1519 2360 quod
1551 2294 1807 2365 episcopo
1841 2294 2114 2364 objicitur,
2159 2297 2263 2351 tale

706 2379 904 2445 forsan,
930 2384 1067 2449 quod
1097 2382 1164 2436 ab
1185 2381 1358 2437 oﬂicio
1379 2385 1694 2440 sacerdotali
1721 2387 2053 2456 depositione
2079 2388 2263 2444 multe-

705 2476 810 2536 tur,
856 2473 1193 2543 sacrilegium
1239 2476 1505 2542 videlicet,
1547 2488 1640 2533 aut
1677 2480 1886 2536 ordinis
1928 2483 2260 2536 mercenaria

704 2562 933 2627 collatio,
960 2575 1046 2619 aut
1082 2565 1134 2620 in
1167 2567 1338 2621 aliena
1373 2569 1615 2634 dimcesi,
1644 2588 1748 2625 non
1786 2572 2068 2640 impetrata
2111 2573 2262 2654 prius

703 2655 770 2710 ab
805 2655 946 2712 illius
990 2657 1089 2711 loci
1139 2659 1388 2728 episcopo
1420 2660 1699 2726 facultate,
1733 2663 2025 2720 {unctionis
2048 2667 2258 2735 episco-

704 2749 839 2816 palis
874 2749 1287 2816 administratio,
1319 2762 1372 2807 et
1409 2769 1528 2824 qua:
1565 2755 1647 2811 bis
1687 2756 1885 2811 similia
1927 2769 2050 2812 sunt
2083 2777 2094 2812 :
2136 2768 2261 2814 tunc

703 2854 1071 2898 accusatorem
1097 2844 1380 2913 diligenter
1411 2847 1731 2910 examinari,
1765 2857 1840 2911 et,
1868 2849 1914 2902 si
1943 2849 2013 2902 sit
2046 2850 2260 2902 hmreti-

704 2946 821 2995 cus,
853 2946 954 2984 non
992 2934 1294 2990 admittere.
1335 2935 1628 2992 llazreticos
1653 2948 1830 2992 autem
1860 2953 2047 2994 omnes
2080 2953 2258 3007 vocat,

704 3022 794 3090 qui
825 3022 892 3076 ab
919 3025 1216 3078 orthodoxa
1252 3026 1355 3081 ﬁde
1387 3028 1732 3096 dissentiunt,
1760 3031 1873 3085 sive
1893 3031 2004 3097 jam
2039 3032 2166 3086 olim
2192 3035 2259 3089 ab

704 3114 963 3178 Ecclesia,
1000 3116 1112 3168 sive
1143 3132 1312 3185 nuper
1349 3119 1505 3186 ejecti
1540 3123 1671 3184 sint,
1705 3123 1817 3176 sive
1849 3125 2081 3191 antiquis
2108 3142 2261 3182 erro-

702 3206 875 3269 ribus,
898 3205 1010 3259 sive
1053 3205 1206 3260 novis
1235 3207 1578 3263 adlueserint.
1618 3209 1727 3263 Nec
1768 3220 1996 3274 tantum,
2028 3229 2256 3282 quorum

2293 1990 2336 2048 Β

2373 745 2520 806 τίνας
2543 744 2622 795 δεῖ
2644 741 3028 810 προσδέχεσθαι
3059 740 3368 791 ἐπισκόπων
3392 738 3423 807 ἢ
3449 736 3726 804 κληρικῶν
3755 753 3905 801 καττι-

2372 834 2689 904 γοροῦντας,
2722 833 2816 886 καί
2847 833 2998 893 τίνας
3025 831 3422 902 ἀπροσδὲκτους
3448 823 3610 888 εἶναι,
3641 828 3731 878 καί
3761 843 3904 893 φασιν

2371 927 2451 978 ὅτι
2482 927 2528 978 εί
2561 925 2657 994 μὲν
2692 922 2963 990 ἰδιωτικὴν
2989 924 3142 992 δίκην
3177 921 3414 989 ἐνίστησί
3436 938 3519 982 τις
3542 921 3680 972 κατά
3707 920 3906 970 ἐπισκέ-

2371 1035 2500 1080 που,
2532 1012 2642 1068 οἷον
2667 1015 2878 1068 ἀδικίαν
2910 1014 3227 1080 ὲπεγκαλῶν
3258 1011 3424 1079 αὐτῷ,
3455 1011 3741 1080 ἀφαίρεσιν
3764 1009 3904 1074 δῆθεν

2371 1110 2693 1180 πράγματος
2713 1108 2991 1177 ἀκινήτου,
3021 1106 3052 1175 ἢ
3078 1104 3321 1174 κινητοῦ,
3352 1103 3383 1172 ἦ
3411 1103 3589 1172 ὕϐριν,
3615 1103 3648 1170 η
3671 1119 3718 1153 τι
3743 1099 3903 1152 τοιοῦ-

2368 1217 2480 1262 τον,
2522 1193 2630 1262 οἶος
2687 1197 2752 1252 ἂν
2802 1198 2886 1268 εἴη
2927 1186 2956 1247 ὅ
3007 1197 3234 1262 ἐνὰγων,
3286 1193 3769 1265 προσδεχθήσεται,
3817 1191 3904 1241 κᾶν

2370 1289 2596 1351 ἄπιστος
2629 1287 2862 1357 δηλαδὴ,
2893 1286 2995 1340 xiv
3026 1285 3298 1355 αἱρετικδς
3320 1324 3336 1348 ,
3373 1285 3473 1336 κᾶν
3507 1282 3904 1350 ἀφωρισμένος,

2368 1379 2401 1449 ἢ
2435 1377 2526 1430 καὶ
2553 1377 2729 1430 τέλεον
2764 1363 3183 1448 τῆςκαθολικῆς
3228 1374 3550 1444 Ἑκκλησίας
3582 1371 3907 1439 ἐκκεκομμέ-

2369 1487 2476 1532 νος.
2535 1470 2626 1522 Δεῖ
2669 1470 2776 1539 γὰρ
2829 1471 3057 1535 πάντας,
3115 1470 3302 1531 ὁποίας
3356 1469 3422 1522 ἂν
3473 1463 3582 1520 εἷεν
3631 1465 3907 1534 θρησκείας

2367 1563 2400 1631 ἢ
2454 1564 2883 1627 καταστάσεως,
2953 1562 3297 1627 ἀδικεῖσθαι,
3371 1561 3644 1630 λέγοντας,
3711 1558 3909 1628 προσίε-

2368 1657 2491 1710 σθαι
2537 1658 2628 1709 καὶ
2674 1657 2766 1710 τοῦ
2814 1657 3021 1710 δικαίου
3063 1656 3369 1728 τυγχάνειν.
3427 1653 3722 1719 ’ἰδιωτικὴν
3765 1650 3818 1701 δὲ
3846 1650 3904 1701 δὶ-

2365 1765 2468 1819 κην
2516 1744 2688 1810 εἷπον,
2740 1749 3139 1810 διαστέλλοντες
3181 1746 3388 1814 ταύτην
3433 1745 3538 1798 ἀπὸ
3574 1741 3682 1793 τῶν
3722 1739 3909 1806 ἐγκλη-

2368 1841 2634 1908 ματικῶν.
2681 1841 2969 1894 ’ἰδιωτικαὶ
3005 1841 3102 1909 μὲν
3152 1841 3259 1909 γὰρ
3293 1831 3538 1907 λέγονται
3577 1834 3633 1887 αἱ
3680 1834 3756 1894 εἰς
3789 1832 3911 1900 χρή·

2370 1949 2516 2002 ματα
2552 1933 2650 2003 τὴν
2691 1934 2895 2003 ζημίαν
2927 1933 3259 1998 ὲπάγουσαιο
3305 1927 3710 1999 ἐγκληματικαὶ
3758 1925 3833 1988 δὲ,
3865 1926 3912 1974 αἱ

2367 2028 2443 2082 είς
2499 2025 2598 2095 τὴν
2654 2024 2858 2077 οἰκείαν
2919 2025 3253 2076 κατάστασιν
3307 2023 3396 2074 τδν
3456 2018 3915 2090 κατηγορούμενον

2366 2120 2676 2189 ζημιοῧσαι.
2727 2118 2816 2170 Διὸ
2861 2119 2953 2171 καὶ
2995 2118 3301 2186 ἐπήγαγον·
3342 2114 3400 2166 Εἰ
3443 2114 3498 2166 δὲ
3549 2112 3916 2180 ἐκκλησῖαστι-

2366 2212 2460 2264 κὸν
2509 2211 2592 2279 εἴη
2647 2210 2706 2263 τὸ
2754 2211 3144 2280 ἐπιφερόμενον
3196 2206 3445 2277 ἔγκλημα
3495 2204 3573 2274 τῷ
3625 2205 3913 2269 ὲπισκόπῳ,

2363 2303 2606 2358 τοιοῦτον
2634 2304 2796 2372 τυχίιν
2819 2344 2833 2367 ,
2865 2298 2976 2354 οἷον
3007 2302 3278 2354 ἔκπτωσιν
3320 2299 3468 2368 αὑτῷ
3501 2298 3597 2365 τῆς
3632 2295 3915 2365 ἱερωσύνης

2366 2399 2610 2465 ἐπάγειν,
2651 2395 2925 2463 ἱεροσυλία
2966 2393 3188 2464 δηλαδὴ,
3236 2393 3267 2463 ἦ
3311 2393 3403 2444 ἐπὶ
3440 2390 3586 2444 δόσει
3631 2387 3917 2458 χρημάτων

2365 2490 2686 2560 χειροτονία.
2725 2485 2757 2558 ἢ
2790 2487 3179 2555 ἀρχιερατικοῦ
3212 2482 3420 2537 δικαίου
3450 2482 3593 2542 τινὸς
3624 2478 3918 2543 τελεσιουρ·

2365 2581 2459 2649 γία
2491 2582 2548 2633 ὲν
2575 2577 2832 2647 ἀλλοτρίᾳ
2855 2575 3039 2646 ἐνορίᾳ
3064 2575 3228 2644 χωρὶς
3251 2571 3473 2641 γνώμης
3499 2569 3594 2622 τοῦ
3623 2569 3804 2621 ἐκεῖσε
3832 2566 3919 2632 ἀρ·

2368 2669 2614 2740 χιερὲως,
2644 2667 2737 2720 καὶ
2764 2667 2861 2720 ὅσα
2891 2665 3096 2726 τούτοις
3121 2663 3258 2715 εἰσὶν
3285 2663 3468 2731 ὃμοια,
3500 2659 3620 2713 τότε
3641 2658 3734 2711 τὸν
3766 2657 3919 2724 κατή-

2363 2776 2526 2829 γορον
2558 2756 2799 2828 ἀκριϐῶς
2829 2747 3202 2820 ἐξετάζεσθαι,
3243 2751 3336 2803 καὶ
3365 2747 3642 2819 αίρετικδν
3669 2746 3820 2806 ὄντα,
3852 2742 3917 2809 μὴ

2366 2851 2759 2921 προσδέχεσθαι
2774 2865 2789 2879 ⁶
2817 2846 3122 2917 αἱρετικοὺς
3146 2845 3202 2898 δὲ
3223 2844 3431 2904 πάντας
3453 2840 3606 2894 καλεῖ
3627 2839 3751 2898 τοὺς
3781 2833 3919 2903 παρὰ

2364 2944 2462 3013 τὴν
2489 2941 2768 3012 ὸρθόδοξον
2800 2940 2978 2994 πίστιν
3011 2938 3352 3003 δοξάζοντας,
3381 2937 3482 2990 κᾶν
3515 2933 3687 2986 πάλαι
3719 2934 3917 2994 ἀπεκη-

2368 3038 2666 3108 ρύχθησαν,
2709 3034 2810 3089 κᾶν
2856 3034 3204 3104 προσφάτως,
3249 3031 3352 3082 κᾶν
3391 3026 3647 3086 παλαιαῖς
3682 3024 3918 3092 αἱρέσεσι

2363 3131 2701 3190 κοινωνῶσι,
2735 3128 2839 3180 κᾶν
2869 3127 3015 3186 νέαις
3036 3142 3052 3155 ·
3086 3123 3177 3175 καὶ
3207 3122 3266 3172 οὐ
3301 3119 3462 3189 μόνον
3493 3118 3618 3178 τοὺς
3662 3115 3793 3184 περὶ
3830 3112 3918 3180 τὴν

2364 3223 2491 3290 ὑγιῆ
2514 3221 2693 3273 πίστιν
2711 3216 3109 3287 σφαλλομένους
3133 3212 3522 3281 ἀποπέμπεται
3545 3208 3775 3289 ὁ-κανὼν
3799 3206 3918 3272 πρδς

705 3301 838 3353 mala
868 3314 996 3353 sana
1019 3313 1101 3354 est
1135 3302 1263 3356 lich
1293 3340 1309 3366 ,
1341 3303 1432 3357 scd
1473 3303 1843 3360 schisntaticos
1874 3321 2109 3375 quoque,
2143 3310 2254 3376 qui,

2367 3286 2679 3367 ἐπισκόπων
2707 3286 3116 3380 ἐγκληματικὴν
3143 3304 3495 3375 κατηγορίαν,
3524 3286 3657 3355 ἀλλὰ
3681 3301 3776 3352 καὶ
3803 3298 3916 3354 tab;

702 3393 980 3461 repudiata
1037 3394 1272 3462 episcopi
1329 3395 1410 3449 sui
1473 3397 1828 3462 auctoritate,
1891 3401 2262 3456 conventicula

702 3487 923 3539 seorsitn
955 3486 1318 3550 celebravere,
1351 3488 1563 3543 etiamsi
1597 3490 1736 3545 inter
1767 3493 2097 3548 ortbodoxos
2132 3494 2263 3549 alio-

700 3577 785 3642 qui
809 3576 980 3630 locum
1001 3577 1246 3632 obtinere
1265 3593 1419 3647 posse
1441 3579 1740 3644 videantur,
1761 3585 2023 3636 arcendos
2045 3587 2264 3637 omnino

699 3681 870 3719 canon
913 3669 978 3722 ab
1007 3670 1380 3738 episcoporum
1411 3672 1789 3726 criminatione
1823 3675 2082 3728 decernit.
2126 3674 2261 3727 Sunt

699 3773 857 3825 porro
889 3758 1240 3826 scliismatici,
1275 3763 1565 3818 deliniente
1593 3779 1785 3833 magno
1817 3764 2034 3832 Basilio,
2067 3768 2157 3837 qui
2192 3767 2260 3822 ob

699 3849 822 3902 lites
867 3849 1074 3916 aliquas
1122 3853 1517 3911 ecclesiasticas
1567 3865 1623 3910 et
1669 3859 2088 3922 controversias,
2141 3873 2262 3928 quin

697 3942 876 3996 dirimi
931 3941 1108 4009 aliqua
1166 3945 1375 3999 ratione
1433 3948 1663 4013 possint,
1717 3964 1933 4002 causam
1998 3955 2137 4004 inter
2199 3966 2257 4006 se

696 4034 902 4088 dissidii
941 4035 1082 4088 nacti
1126 4033 1293 4090 fuere.
1342 4035 1621 4103 Similiter,
1654 4047 1708 4091 et
1748 4038 1838 4105 qui
1885 4038 1952 4092 ab
1994 4040 2254 4105 Ecclesia,

697 4141 1016 4196 quacunque
1042 4129 1258 4182 demunt
1296 4128 1358 4184 de
1401 4145 1585 4195 causa,
1617 4132 1773 4200 ejecti
1811 4145 1936 4186 sunt
1963 4141 2014 4185 et
2040 4147 2261 4187 excom-

699 4217 993 4282 municati;
1043 4233 1137 4286 per
1158 4218 1357 4286 ejectos
1391 4230 1592 4282 autem,
1629 4223 1717 4292 qui
1760 4223 1825 4275 ab
1861 4223 2111 4276 Ecclesiae
2140 4237 2261 4276 cor-

698 4320 825 4375 pore
870 4309 1082 4374 penitus
1105 4311 1282 4363 ὶιείδί
1326 4321 1449 4364 sunt
1496 4312 1869 4380 intelligendi;
1908 4329 2002 4378 per
2035 4328 2255 4365 excom-

696 4395 997 4452 municatos
1047 4415 1204 4462 vero,
1256 4400 1323 4453 ad
1371 4412 1580 4455 certum
1629 4412 1839 4470 tempus
1885 4403 2254 4456 tantummodo

695 4498 1001 4558 segregatos
1048 4494 1218 4544 sancti
1271 4490 1458 4545 Patres
1498 4493 1865 4560 indigitarunt,
1915 4493 2026 4549 sive
2067 4496 2249 4550 clerici

693 4583 824 4646 sint,
852 4583 967 4635 sive
1000 4582 1143 4636 laici.
1177 4584 1351 4653 Atque
1386 4584 1480 4637 bos
1506 4584 1748 4653 judicant
1778 4587 1841 4638 ad
1871 4587 2248 4655 episcoporum

694 4671 1081 4725 clericorumve
1129 4680 1523 4729 accusationem
1564 4689 1668 4729 non
1707 4690 1826 4730 esse
1861 4677 2245 4743 admittendos,

634 4809 640 4816 .
696 4767 869 4819 donec
907 4765 1177 4834 prpprium
1209 4768 1409 4821 crimen
1443 4769 1715 4835 diluerint,
1741 4786 1905 4839 seque
1937 4771 2252 4829 innocentes

695 4872 816 4911 esse
871 4856 1236 4924 probaverim.
1289 4857 1391 4911 Sed
1440 4868 1492 4912 et
1523 4877 1749 4928 quorum
1801 4866 1872 4916 ita
1901 4864 2075 4920 delata
2125 4875 2251 4921 sunt

695 4950 934 5015 nomina,
960 4960 1015 5004 ut
1044 4950 1107 5003 de
1131 4950 1253 5001 vita:
1283 4964 1392 5003 sua:
1419 4959 1562 5004 statu
1585 4953 1790 5020 judicio
1817 4969 2026 5011 certare
2053 4975 2252 5028 cogano

696 5044 802 5099 tur,
855 5040 957 5094 nisi
993 5054 1052 5094 se
1083 5039 1234 5106 prius
1283 5055 1311 5091 a
1361 5039 1532 5109 culpis
1582 5043 1684 5097 sibi
1718 5044 1943 5111 objectis
1987 5049 2252 5104 immunes

697 5142 816 5183 esse
838 5133 1273 5194 demonstrarint,
1307 5134 1372 5186 ad
1412 5134 1780 5204 episcoporum
1809 5147 1897 5190 aut
1929 5139 2251 5195 clericorum

697 5220 1091 5275 accusationem
1123 5226 1330 5279 admitti
1368 5235 1512 5280 vetat
1555 5231 1776 5281 omnino
1811 5244 2005 5284 canon.
2039 5233 2096 5285 Si
2129 5248 2253 5288 vero

698 5310 857 5363 nullis
902 5309 1204 5366 istiusmodi
1251 5318 1426 5370 causis
1466 5317 1681 5372 obnoxii
1733 5319 1838 5374 sint
1886 5331 2252 5386 accusatores,

695 5403 787 5457 sed
837 5400 1092 5468 inculpali
1129 5417 1344 5469 prorsus
1391 5409 1772 5477 inveniantur;
1810 5421 1955 5477 tunc,
1987 5412 2248 5483 siquidem

696 5493 1095 5562 episcopus'sit,
1129 5493 1217 5560 qui
1264 5495 1315 5548 in
1355 5498 1612 5563 judicium
1650 5513 1898 5566 vocatur,
1943 5506 2086 5558 illius
2124 5522 2251 5575 pro-

699 5587 886 5638 vincia:
913 5585 1283 5654 episcoporum
1313 5602 1601 5643 conventus
1633 5608 1846 5647 causam
1874 5607 2182 5663 cognoscat,
2202 5606 2254 5650 et

700 5676 780 5725 vel
821 5678 1167 5743 qumstionem
1211 5676 1457 5742 deﬁniat,
1491 5681 1571 5732 vel
1609 5684 1652 5734 si
1709 5684 1757 5736 id
1791 5686 1963 5738 minus
1998 5689 2251 5752 potuerit,

702 5764 765 5824 nd
800 5768 1051 5830 majorem
1083 5771 1341 5835 synodum
1371 5769 1631 5828 deferant.
1659 5772 1758 5830 Per
1791 5776 2046 5844 majorem
2076 5788 2251 5833 autent

2366 3407 2769 3477 ἀποσχίσαντας
2795 3406 2858 3458 ἐκ
2887 3403 2994 3456 τῶν
3027 3403 3172 3455 ίδίων
3202 3400 3543 3459 ἐπισκόπων,
3575 3387 3915 3451 καὶέκείνοις

2365 3498 2840 3562 ἀντισυνάγοντας,
2881 3493 2982 3547 κᾶν
3016 3493 3243 3546 δοκῶσιν
3275 3489 3592 3560 ὀρθοδοξεῖν.
3630 3487 3916 3554 Σχισματι-

2366 3579 2453 3641 xci.
2486 3587 2542 3638 δέ
2594 3586 2698 3637 είσι
2734 3588 2871 3638 κατὰ
2909 3585 3000 3635 τὸν
3039 3585 3211 3652 μέγαν
3244 3581 3519 3636 Βασίλειον
3559 3579 3609 3630 οἰ
3653 3578 3718 3630 δι’
3750 3576 3917 3636 αἰτίας

2363 3677 2514 3738 τινὰς
2564 3673 3018 3746 ἐκκλησιαστικὰς
3069 3673 3158 3725 καὶ
3205 3671 3493 3740 ζητήματα
3544 3669 3736 3739 ἰάσιμα
3793 3667 3915 3736 πρὸς

2363 3769 2625 3839 ἀλλήλους
2658 3766 3035 3836 διενεχθέντες.
3081 3763 3309 3833 Ὁμοίως
3347 3761 3400 3815 δέ
3429 3763 3524 3815 καὶ
3553 3762 3678 3824 τοὺς
3715 3760 3809 3830 ἐπὶ
3839 3760 3916 3811 ai-

2363 3860 2504 3922 τίαις
2532 3859 2890 3932 ὀίαισδήτισιν
2923 3853 3399 3925 ἀποδεδλημένους
3432 3854 3532 3920 τῆς
3573 3850 3913 3919 Ἐκκλησίας,

2362 3953 2394 4022 ἢ
2418 3951 2810 4020 ἀκοινωνήτους
2833 3965 2848 3980 ·
2877 3947 3148 4014 ἁποδεδλη
3159 3947 3350 4014 μένους
3373 3945 3429 3997 δὲ
3452 3946 3574 4004 τοὺς
3597 3943 3817 4002 τελείως
3840 3942 3918 3990 ἐκ·

2363 4040 2730 4108 κεκομμένους
2770 4039 2863 4105 τῆς
2905 4031 3224 4104 Ἐκκλησίας
3254 4033 3486 4102 νοητέον.
3527 4033 3664 4090 Τοὺς
3704 4033 3760 4084 δὲ
3796 4030 3918 4098 πρὶς

2365 4131 2550 4201 καιρὸν
2583 4128 2974 4200 άφορισθέντας
3009 4127 3283 4196 ἐδήλωσαν
3309 4127 3358 4177 οἰ
3405 4124 3535 4176 θεῖοι
3570 4123 3812 4192 Πατέρες
3840 4124 3917 4174 an

2362 4223 2456 4276 τοῦ
2514 4225 2685 4276 εἰπεῖν
2747 4222 3176 4290 ἀκοινωνήτοος·
3240 4219 3346 4273 κᾶν
3407 4218 3660 4287 κληρικοὶ
3718 4216 3828 4271 εἷεν
3875 4215 3916 4267 oi

2360 4315 2628 4376 τοιοῦτοι,
2658 4315 2760 4368 κᾶν
2795 4313 2986 4370 λαῖκοί.
3031 4315 3138 4367 Καὶ
3176 4305 3319 4364 οὗτοι
3345 4307 3452 4377 γάρ
3477 4310 3538 4360 οὐ
3579 4307 3914 4379 προσδεκτίοι

2362 4409 2498 4480 πρὸς
2530 4409 2863 4479 κατηγορίαν
2897 4403 3262 4470 ἐπισκόπωνῆ
3290 4400 3562 4470 κληρικῶν
3595 4401 3910 4470 λογίσονται,

2365 4501 2552 4571 μέχρις
2587 4501 2654 4553 ἂν
2693 4501 2751 4553 τὸ
2782 4502 2978 4553 οἰκεῖον
3008 4496 3237 4561 αἰτίαμα
3269 4493 3751 4547 ἀποσκευάσωνται
3776 4535 3789 4555 ,
3826 4489 3910 4541 καὶ

2361 4592 2727 4662 ἀνεγκλήτους
2765 4591 3176 4658 καταστήσωσιν
3206 4583 3451 4647 ἑαυτούς.
3498 4585 3658 4637 Ἀλλὰ
3692 4586 3800 4654 μὴν
3832 4581 3912 4631 καὶ

2363 4686 2486 4747 τοὺς
2521 4684 2625 4736 ὑπὸ
2668 4680 3001 4751 κατηγορίαν
3029 4679 3184 4738 ὄντας
3218 4677 3338 4729 τινὰ
3377 4677 3796 4746 καθαπτομένην
3826 4672 3910 4736 τῆς

2363 4775 2543 4830 αὐτῶν
2606 4773 2989 4830 καταστάσεως
3049 4765 3124 4836 μὴ
3183 4767 3497 4836 προσίεσθαι
3549 4765 3910 4819 διακελεύεται

2362 4868 2390 4920 ὀ
2424 4865 2603 4919 κανὼν
2651 4858 3086 4928 κατηγοροῦντας
3121 4858 3433 4911 ἐπισκόπων
3463 4855 3495 4928 ἢ
3529 4854 3833 4924 κληρικῶν.
3867 4851 3908 4901 εἰ

2364 4958 2438 5027 μὴ
2499 4956 2693 5015 αὐτοὺς
2745 4953 2854 5004 τῶν
2904 4951 3296 5021 ἐπενεχθέντων
3341 4952 3523 5009 αὐτοῖς
3563 4945 3910 5015 ἐγκλημάτων

2359 5047 2724 5102 ἁθωώσουσιν.
2775 5046 2835 5098 Εἰ
2879 5045 2934 5096 δὲ
2970 5046 3192 5115 οὐδεμιᾷ
3215 5045 3326 5096 τῶν
3373 5039 3679 5109 εἰρημένων
3733 5038 3908 5090 αἰτιῶν

2360 5139 2532 5208 ἐ.οχοί
2578 5140 2713 5190 εἰσιν
2747 5140 2794 5192 oi
2831 5138 3281 5207 κατηγοροῦντες,
3328 5133 3442 5186 ἀλλ’
3473 5130 3792 5200 ἀνέγκλητοί
3835 5130 3906 5180 εὖ·

2363 5233 2630 5302 ρίσκοιντο
2671 5231 2949 5292 πάντοθεν,
2983 5231 3124 5288 τότε.
3154 5229 3201 5278 εἰ
3235 5228 3330 5295 μὲν
3361 5223 3654 5284 ἐπίσκοπος
3687 5224 3715 5275 ὁ
3751 5239 3904 5289 κατη-

2360 5324 2687 5394 γορούμενος
2722 5325 2838 5392 εἴη,
2872 5325 2918 5375 oi
2953 5323 3047 5391 τῆς
3083 5317 3347 5388 ἐπαρχίας
3379 5315 3592 5387 ἐκείνης
3628 5317 3905 5368 ἐπίσκοποι

2359 5416 2625 5476 συνιόντες
2666 5417 3019 5484 άκροάσονται
3067 5412 3162 5479 τῆς
3213 5408 3563 5477 κατηγορίας,
3618 5410 3715 5462 καὶ
3758 5409 3787 5478 ἦ
3832 5403 3903 5457 λύε

2361 5525 2514 5561 σουσι
2547 5510 2643 5578 τὴν
2674 5508 2927 5562 ὑπόθεσιν
2951 5547 2964 5568 ,
2996 5507 3028 5574 ἢ
3060 5505 3109 5558 εί
3146 5503 3218 5574 μὴ
3247 5501 3496 5554 δύνανται
3530 5501 3686 5555 λῦσαι
3713 5502 3903 5569 αὐτὴν.

2365 5600 2570 5667 μείζονι
2607 5599 2805 5666 συνόδῳ
2844 5595 3306 5667 προσελεύσονται.
3345 5593 3582 5658 Μείζονα
3613 5594 3668 5645 δὲ
3703 5591 3903 5645 σύνοδον

2360 5691 2506 5758 λέγει
2541 5690 2661 5751 τοὺς
2695 5690 2792 5757 τῆς
2826 5689 3138 5757 διοικήσεως
3169 5686 3294 5754 ὅλης
3328 5685 3675 5745 ἐπισκόπους.
3719 5684 3899 5747 Ἐπαρ-

2358 5783 2479 5850 χίαν
2517 5782 2614 5849 μὲν
2655 5782 2759 5851 γὰρ
2791 5781 3006 5851 νοητέον
3035 5782 3190 5847 τυχὸν
3223 5779 3319 5849 τὴν
3359 5776 3835 5849 Ἀδριανούπολιν,
3874 5771 3900 5840 ἦ
