3988 6342
732 391 837 468 399

1960 398 2230 460 THEOD.
2272 399 2661 459 BALSAMON
2727 467 2731 473 ,

3774 395 3864 454 400

780 497 997 584 ‘catum,
1020 536 1082 574 ne
1100 536 1279 573 nomen
1318 518 1409 586 Dei
1437 517 1809 582 blasphematur
1836 530 1851 567 :
1895 517 2117 569 civitatis
2171 531 2264 567 au-

2424 504 2560 566 ‘tov.
2598 514 2706 565 Τὸν
2743 512 2810 565 δὲ
2844 513 3280 580 παραϐαίνοντα
3335 510 3549 563 τοῦτον
3584 509 3736 576 ἡμῶν·
3777 515 3866 561 τίν

800 627 899 668 tem
930 617 1212 680 episcoyum
1253 622 1446 678 oportet
1467 627 1578 664 eam
1600 626 1752 679 quam
1770 626 1863 676 par
1885 620 1956 661 est
2012 621 2268 662 monaste-

799 710 992 759 riorum
1033 722 1209 759 curam
1227 720 1431 772 gerere.

807 985 992 1039 BALS.
1040 984 1174 1038 Nota
1225 984 1461 1051 permitti
1516 985 1804 1052 episcopis,
1868 992 1925 1036 ut
1989 985 2267 1036 monachis

735 1078 967 1131 civilium
1001 1077 1332 1146 negotiorum
1361 1077 1882 1130 administrationem
1935 1078 2264 1131 concedant:

736 1171 876 1239 quod
904 1171 944 1223 si
977 1169 1242 1238 episcopis
1303 1169 1403 1221 hoc
1439 1168 1699 1223 indultum
1745 1177 1850 1231 est,
1879 1169 2048 1220 multo
2101 1167 2268 1234 magis

737 1263 1144 1330 imperatoribus
1179 1261 1526 1329 permittitur.
1581 1261 1689 1330 Eos
1720 1261 1809 1325 qui
1839 1324 1841 1326 _
1871 1275 2017 1327 pure,
2061 1259 2158 1312 hoc
2186 1268 2268 1312 est

737 1367 859 1405 vere
891 1362 942 1404 et
965 1367 1066 1404 non
1099 1351 1344 1403 simulate
1367 1360 1491 1402 sunt
1541 1349 1811 1411 monachi,
1871 1349 2119 1401 honorari
2179 1352 2269 1400 de—
2301 1405 2303 1408 ,

737 1440 861 1492 bere
904 1441 1030 1491 dicit
1059 1453 1227 1492 canon
1255 1455 1270 1490 :
1307 1452 1400 1492 eos
1430 1452 1557 1492 vero
1608 1439 1696 1506 qui
1728 1437 2021 1491 monachali
2073 1439 2266 1490 amictu

741 1540 983 1597 tanquam
1014 1538 1267 1596 praetextu
1301 1538 1542 1590 utuntur,
1577 1539 1626 1580 et
1663 1530 1903 1582 homines
1974 1529 2264 1596 decipiunt,

739 1620 1098 1686 reprimendas
1123 1628 1177 1672 et
1206 1619 1258 1672 in
1289 1633 1399 1672 suae
1441 1628 1672 1672 tonsurae
1713 1619 1888 1671 locum
1920 1619 2266 1671 remittemlds

738 1718 852 1759 eSSe
876 1707 1042 1759 visum
1074 1718 1173 1766 est,
1227 1715 1284 1759 ut
1311 1709 1398 1773 qui
1428 1721 1556 1760 cum
1582 1707 1838 1761 ecclesias
1892 1718 2000 1759 tum
2059 1707 2266 1771 negotia

739 1798 912 1850 civilia
938 1801 1268 1866 perturbent.
1327 1797 1428 1851 Per
1471 1798 1700 1850 medium
1756 1799 1897 1850 enim
1933 1799 2105 1850 forum
2147 1815 2269 1865 pro-

739 1889 1060 1955 gredientes,
1095 1899 1148 1938 et
1182 1903 1238 1942 se
1264 1889 1612 1941 saecularibus
1663 1887 1892 1954 negotiis
1948 1887 2266 1955 ingerentes,

741 1977 961 2031 fortasse
1006 1977 1162 2029 etiam
1208 1977 1483 2040 docentes,
1533 1978 1864 2044 perturbant,
1902 1976 2002 2030 hoc
2039 1985 2120 2029 est
2165 1979 2267 2029 huc

741 2085 894 2122 mana
919 2077 971 2121 et
1000 2067 1172 2121 divina
1205 2066 1447 2120 dividunt
1478 2082 1539 2119 ac
1560 2067 1908 2129 confundunt,
1938 2082 2034 2120 nec
2064 2067 2267 2130 sinunt,

740 2169 792 2211 ut
828 2175 889 2211 ea
940 2173 999 2210 ex
1049 2161 1258 2224 propria
1299 2172 1393 2209 sua
1426 2166 1609 2209 natura
1659 2167 2048 2210 exerceantur:
2103 2172 2269 2228 saecu-

743 2252 872 2302 larla
901 2248 1100 2301 scilicet
1128 2247 1333 2314 negotia
1355 2261 1384 2297 a
1420 2245 1601 2298 laicis:
1659 2246 1968 2298 monachica
2025 2239 2271 2298 autemet

733 2338 1090 2392 ecclesiastica
1146 2337 1295 2389 abiis
1324 2339 1409 2403 qui
1445 2345 1567 2388 sunt
1596 2335 1700 2386 Deo
1731 2335 1977 2386 dedicati.
2012 2335 2267 2400 QuOniam

747 2438 941 2492 autem,
1001 2429 1190 2494 inquit,
1250 2427 1405 2478 iidem
1463 2436 1680 2494 propter
1717 2425 2057 2478 ambitionem
2107 2413 2268 2478 etiam

744 2519 1059 2571 monasteria
1093 2521 1156 2570 de
1183 2519 1384 2584 integro
1438 2521 1674 2570 excitare
1722 2528 2004 2578 conantur,
2037 2531 2100 2568 ne
2162 2519 2270 2584 cpi-

739 2622 895 2673 scopo
923 2607 1297 2674 subjiciantur,
1327 2607 1603 2658 delinitum
1627 2618 1712 2658 est
1737 2609 1935 2658 nemini
1981 2609 2142 2660 lit-ere
2189 2610 2269 2660 vel

738 2697 1112 2749 monasterium
1181 2697 1259 2748 vel
1287 2696 1576 2748 oratorium
1631 2707 1823 2763 praeter
1854 2698 2092 2765 episcopi
2121 2714 2267 2751 men-

741 2800 844 2840 tem
882 2803 1044 2855 usque
1074 2787 1342 2841 excitare:
1374 2788 1565 2855 subjici
1617 2798 1792 2842 autem
1845 2791 2132 2842 monachos
2157 2807 2270 2842 om-

737 2893 831 2930 nes
861 2879 1084 2946 rcgionis
1107 2878 1376 2945 episcopo,
1406 2887 1459 2936 et
1498 2878 1710 2930 fortiter
1741 2893 2083 2945 perseverare
2110 2880 2161 2930 in
2199 2896 2261 2931 ea

741 2968 1012 3020 mansione
1037 2968 1086 3019 in
1105 2981 1207 3035 qua
1233 2967 1366 3020 tonsi
1393 2977 1537 3019 sunt.
1564 2967 1757 3032 Adjicit
1786 2978 1960 3019 autem
1989 2983 2079 3020 eos
2109 2971 2268 3021 etiam

741 3072 914 3109 rerum
951 3057 1428 3111 ecclesiasticarum
1483 3060 1877 3110 communionis
1941 3070 1991 3110 et
2041 3056 2270 3110 admini-

2436 607 2578 672 ὅρον
2603 606 2899 673 ὡρίσαμεν
2933 605 3331 670 ἀκοινώνητον
3368 603 3549 659 εἶναι.
3577 604 3670 654 ἶνα
3691 602 3766 668 μὴ
3809 607 3864 652 τό

2435 698 2620 763 ὄνομα
2668 694 2773 747 τοῦ
2831 694 2979 748 Θεοῦ
3035 691 3464 762 ,ϐλασφημῆται
3495 708 3509 722 ⁸
3548 694 3650 744 τὸν
3689 692 3864 760 μέντοι

2432 789 2761 842 ἐπίσκοπον
2781 785 2890 854 τῆς
2912 788 3138 850 πόλεως
3167 785 3280 853 χρὴ
3316 786 3432 851 τὴν
3458 783 3715 836 δέουσαν
3743 787 3869 851 πρό-

2435 881 2926 940 νοιανποιεῖσθαι
2951 879 3069 933 τῶν
3092 880 3532 947 μοναστηριων.
3618 901 3620 903 ν

2435 975 2632 1027 ΒΑΛΣ.
2672 974 2980 1044 Σημείωσαι
3014 975 3094 1024 ὃτι
3127 974 3332 1039 ἐφεῖται
3370 972 3480 1031 τοῖς
3499 968 3795 1028 ἐπισκόποις
3818 967 3868 1016 τὸ

2366 1068 2679 1135 ἐπιτρέπειν
2715 1068 2965 1134 μοναχοῖς
3004 1066 3267 1131 διοίκησιν
3301 1061 3595 1114 πολιτικῶν
3641 1060 3868 1129 πραγμὰ-

2363 1176 2470 1211 των
2497 1175 2513 1192 ⁸
2540 1160 2633 1212 καὶ
2666 1158 2759 1210 ἐὰν
2781 1160 2893 1220 τοῖς
2919 1158 3236 1224 ἐπισκόποις
3265 1155 3422 1207 τοῦτο
3453 1151 3689 1218 ἐνεδόθη,
3717 1149 3869 1214 πολλῷ

2367 1250 2533 1301 πλέον
2556 1252 2665 1310 τοῖς
2689 1240 3008 1318 βασιλεῦσιν
3034 1247 3432 1316 ἐγκεχώρηται.
3465 1244 3599 1304 Τοὺς
3624 1239 3870 1307 καθαρῶς,

2365 1341 2641 1393 τουτέστιν
2701 1339 2914 1407 ἀληθῶς
2949 1338 3038 1390 καὶ
3071 1338 3142 1406 μὴ
3169 1337 3284 1389 καθ’
3307 1336 3610 1403 ὑπόκρισιν,
3644 1332 3875 1400 μονάζον-

2367 1449 2464 1494 τας
2517 1430 2774 1499 τιμᾶσθαί
2811 1448 2973 1499 φησιν
3003 1432 3030 1482 ὁ
3060 1430 3232 1481 κανών
3253 1443 3266 1455 ·
3298 1428 3422 1489 τοὺς
3451 1426 3505 1477 δὲ
3530 1425 3605 1494 τῷ
3630 1421 3876 1492 μοναχεκῴ

2370 1523 2609 1592 σχήματι
2639 1521 3008 1590 κεχρημένους
3055 1520 3128 1581 ὡς
3181 1519 3236 1570 ὲν
3260 1519 3626 1586 προσχήματι,
3653 1520 3739 1564 καὶ
3759 1515 3876 1562 πλα-

2369 1614 2573 1676 νῶντας
2618 1613 2745 1674 τοὺς
2807 1611 3142 1680 ἀνθρώπους,
3182 1607 3633 1678 σωφρονίζεσθαι,
3688 1605 3775 1657 καὶ
3814 1605 3880 1661 εἰς

2369 1708 2468 1770 τὰς
2498 1705 2833 1775 ἀποκὰρσεις
2859 1697 3035 1756 αὖτῶν
3068 1703 3382 1771 πέμπεσθαι
3411 1701 3677 1762 δέδοκται,
3706 1699 3774 1761 ὠς
3802 1713 3879 1747 τα-

2373 1801 2662 1869 ράττοντας
2695 1800 2793 1860 τάς
2810 1809 2875 1848 *τε
2905 1797 3194 1865 ἐκκλησίας
3227 1796 3320 1848 καὶ
3359 1796 3429 1846 τὰ
3484 1794 3730 1863 πολιτικὰ
3763 1790 3883 1859 πρά·

2370 1910 2575 1962 γματα.
2611 1893 2896 1959 Προῖόντες
2946 1891 3051 1960 γὰρ
3098 1891 3184 1942 διὰ
3221 1891 3387 1958 μέσης
3407 1889 3501 1956 τῆς
3536 1887 3749 1956 ἀγορᾶς,
3806 1883 3884 1934 καὶ

2373 1983 2843 2052 παρεμϐάλλοντες
2877 1983 3095 2043 ἑαυτοὺς
3125 1980 3407 2048 κοσμικοῖς
3439 1978 3740 2045 πράγμασι,
3773 1975 3883 2032 ἴσως

2371 2075 2427 2126 δὲ
2453 2073 2544 2124 καὶ
2571 2071 2937 2132 διδάσκοντες,
2969 2073 3318 2138 ταράττουσι,
3352 2068 3596 2120 τουτέστι
3624 2062 3883 2134 μερίζουσι

2373 2165 2465 2216 uel.
2498 2164 2779 2230 συγχέουσι
2817 2164 2882 2214 τὰ
2904 2162 3020 2213 θεῖα
3046 2162 3228 2212 καὶτὰ
3257 2160 3589 2227 ἀνθρώπινα,
3619 2159 3689 2226 μὴ
3714 2156 3887 2211 ἐῶντες

2370 2257 2539 2309 ταῦτα
2570 2258 2708 2308 κατὰ
2742 2255 2838 2324 τὴν
2887 2256 3092 2306 οἰκείαν
3142 2253 3302 2320 φύσιν
3356 2251 3712 2317 ἐνεργεῖσθαι,
3743 2250 3888 2318 ἤγουν

2371 2348 2438 2398 τὰ
2466 2346 2562 2414 μὲν
2584 2344 2943 2414 πραγ-ματικά
2970 2346 3072 2395 ὑπὸ
3099 2344 3204 2395 τῶν
3232 2343 3450 2405 λαῖκῶν,
3477 2342 3544 2392 τά
3567 2341 3621 2392 δὲ
3653 2340 3892 2408 μοναχικὲι

2373 2438 2465 2488 καὶ
2493 2435 2918 2502 ἐκκλησιαστικὰ
2949 2437 3052 2486 ὑπὸ
3082 2435 3189 2486 τῶν
3217 2434 3647 2503 ἁνατεθειμένων
3678 2431 3750 2499 τῷ
3774 2430 3891 2497 θεῷ.

2385 2530 2533 2579 Ἐπεὶ
2563 2529 2638 2589 δὲ,
2699 2530 2884 2596 φησὶν,
2915 2531 2961 2578 οἱ
2995 2530 3146 2580 αὐτοὶ
3176 2527 3261 2579 διὰ
3310 2527 3599 2594 φιλαρχίαν
3627 2526 3719 2576 xui.
3752 2542 3894 2592 μονα-

2375 2621 2572 2685 στήρια
2611 2618 2902 2686 πειρῶνται
2964 2620 3025 2669 ἐκ
3056 2619 3243 2685 καινῆς
3283 2618 3561 2684 ἀνεγεῖραι
3614 2616 3697 2682 ἐφ’
3831 2619 3892 2681 μὴ

2376 2710 2690 2761 ὑποκεῖσθαι
2750 2709 2823 2776 τῷ
2877 2711 3179 2778 ὲπισκόπῳ,
3241 2708 3449 2775 ὡρίσθη
3503 2707 3575 2776 μὴ
3622 2707 3764 2775 ἔχειν
3817 2703 3891 2756 ἐπ’

2375 2801 2553 2862 ἁδείας
2586 2804 2704 2853 τινὰ
2735 2803 3071 2871 ὁπουδήποτε
3109 2804 3478 2871 μοναστήριον
3549 2798 3838 2868 ἀνεγείρειν
3866 2798 3891 2862 ἦ

2375 2893 2664 2960 εὐκτήριον
2693 2893 2843 2960 παρὰ
2869 2894 3094 2962 γνώμην
3121 2893 3215 2944 τοῦ
3245 2893 3567 2954 ἐπισκόπου,
3594 2889 3892 2944 ὑποκεῖσθαι

2375 2979 2429 3031 δὲ
2458 2980 2662 3041 πάντας
2689 2981 2809 3041 τοὺς
2843 2982 3106 3050 μοναχοὺς
3133 2981 3209 3049 τῷ
3236 2980 3376 3032 κατὰ
3403 2980 3586 3050 χώραν
3617 2980 3894 3044 ὲπισκόπῳ,

2376 3070 2468 3121 καὶ
2497 3076 2924 3140 προσκαρτερεῖν
2958 3076 3014 3124 ἐν
3120 3072 3474 3142 ἀπεκάρησαν
3508 3054 3660 3141 μονῇ.
3693 3070 3894 3139 Προστί-

740 3149 1011 3198 strationis
1043 3162 1145 3199 non
1193 3160 1309 3201 esse
1361 3148 1672 3214 participes,
1727 3163 1823 3199 nec
1870 3149 2029 3199 etiam
2084 3165 2266 3202 earum

2378 3157 2498 3223 θησι
2532 3157 2588 3207 δὲ
2611 3155 2753 3209 εῖναι
2779 3160 2998 3221 τούτους
3029 3161 3122 3212 καὶ
3151 3160 3486 3228 ἁμεθέκτους
3506 3161 3604 3226 τῆς
3635 3161 3896 3214 κοινωνίας

742 3251 856 3300 quae
886 3234 948 3286 ad
978 3235 1134 3286 vitam
1180 3235 1471 3302 pertinent,
1508 3250 1600 3286 seu
1651 3234 1909 3297 civilium,
1973 3235 2073 3286 nisi
2136 3239 2273 3288 forte

744 3327 973 3379 Clt'ltalis
1019 3327 1297 3395 cpiscopus
1349 3326 1424 3380 eis
1469 3337 1682 3394 promer
1713 3342 1860 3378 usum
1916 3329 2272 3379 necessarium

746 3421 842 3471 hoc
871 3416 1191 3485 permiserit.
1225 3416 1420 3470 Servos
1473 3427 1649 3467 autem
1694 3429 1884 3483 praeter
1929 3419 2268 3471 dominorum

742 3509 1063 3558 voluntatem
1095 3519 1200 3556 non
1239 3517 1356 3557 esse
1379 3503 1675 3556 tondendos
1731 3505 2000 3555 decretum
2033 3515 2142 3557 est:
2195 3506 2273 3557 vel

742 3614 858 3649 eum
887 3607 1051 3659 certe,
1077 3594 1168 3663 qui
1199 3595 1297 3646 hoc
1320 3595 1588 3646 decretum
1610 3595 2012 3660 transgreditur,
2041 3611 2157 3649 esse
2184 3612 2274 3650 ex-

747 3686 1216 3738 communicatum.
1241 3681 1356 3734 Jam
1385 3697 1507 3735 vero
1528 3683 1679 3750 117
1705 3685 1938 3737 civitatis
1967 3688 2272 3752 episcopum

745 3786 972 3842 Oportet,
998 3778 1187 3844 inquit,
1217 3773 1662 3825 monasteriorum
1699 3786 1886 3824 curam
1910 3788 2115 3842 gerere.
2139 3774 2273 3826 Nota

745 3879 870 3931 ergo
898 3867 1034 3932 quod
1068 3864 1311 3917 monachi
1348 3862 1454 3915 illic
1501 3877 1838 3931 perseverare
1859 3874 1911 3915 et
1964 3876 2275 3930 permanere

749 3955 954 4017 debent,
991 3953 1075 4005 ubi
1103 3952 1303 4004 saeculo
1340 3952 1720 4004 renuntiarunt
1754 3966 1845 4002 seu
1868 3952 2003 4019 ton‘si
2032 3951 2269 4004 fuerunt:

749 4053 799 4094 et
843 4042 980 4109 quod
1012 4057 1074 4095 ex
1102 4041 1448 4108 permissione
1495 4031 1730 4106 episcopi
1787 4026 2006 4104 poésunt
2030 4043 2273 4093 monachi

752 4147 861 4192 non
881 4131 1045 4184 solum
1079 4129 1443 4184 ecclesiastica
1504 4132 1710 4197 negotia
1759 4128 2151 4193 administrare,
2186 4133 2278 4183 sed

751 4239 810 4275 ea
839 4224 996 4276 etiam
1024 4237 1140 4290 quae
1169 4223 1232 4272 ad
1269 4222 1426 4272 vitam
1461 4221 1752 4288 pertinent,
1817 4220 1916 4273 hoc
1948 4231 2030 4272 est
2075 4224 2274 4273 civilia.

754 4314 808 4366 Si
841 4325 1013 4366 autem
1043 4316 1142 4367 hoc
1177 4320 1352 4379 potest
1381 4309 1557 4365 facere
1605 4313 1921 4379 episcopalis
1973 4315 2276 4380 permissio,

754 4410 802 4459 id
853 4405 1014 4458 multo
1061 4406 1227 4468 magis
1289 4401 1448 4455 faciet
1493 4411 1724 4468 potestas
1776 4404 2108 4469 imperialis,
2164 4422 2279 4472 quae

2379 3250 2472 3299 καὶ
2503 3249 2821 3314 διοικήσεως
2869 3249 2977 3301 τῶν
3005 3251 3468 3319 ὲκκλησιαστικῶν
3501 3253 3844 3320 πραγμάτων,
3870 3252 3896 3317 ἢ

2375 3339 2480 3389 τῶν
2511 3339 2801 3406 βιωτικῶν.
2838 3340 2953 3406 ἦτοι
2999 3342 3308 3406 πολιτικῶν,
3336 3345 3384 3394 εί
3409 3344 3481 3411 μή
3507 3360 3621 3405 πως
3649 3343 3675 3394 ὁ
3703 3345 3792 3410 τῆς
3823 3343 3900 3390 πό-

2376 3428 2506 3490 λεως
2526 3429 2814 3491 ἐπίσκοπος
2826 3431 2911 3482 διὰ
2925 3433 3113 3501 ιχρείαν
3129 3434 3424 3498 ἀναγκαίαν
3447 3434 3723 3502 ἔπιτρέψει
3744 3433 3896 3484 τοῦτο.

2375 3519 2511 3580 τοὺς
2527 3521 2738 3580 δούλους
2750 3521 2806 3572 δὲ
2818 3523 2965 3590 παρὰ
2977 3523 3195 3592 γνώμην
3214 3524 3320 3575 τῶν
3334 3524 3604 3577 δεσποτῶν
3624 3527 3694 3594 μὴ
3707 3522 3900 3578 ἀποκεί-

2381 3627 2489 3675 ρειν
2508 3610 2731 3676 ὥρισται
2755 3612 2784 3681 ἢ
2811 3611 2914 3681 μὴν
2947 3613 3037 3664 τὸν
3072 3614 3469 3682 παραϐαίνοντα
3506 3617 3700 3678 ταῦτα,
3736 3615 3898 3668 τοῦτον

2375 3700 2462 3750 τὸν
2491 3701 2636 3766 ὅρον,
2658 3689 3010 3770 ἀκοινώνητον
3022 3698 3176 3756 εἷναι.
3201 3704 3301 3754 Τὸν
3318 3705 3497 3772 μέντοι
3514 3705 3800 3756 ἐπίσκοπον
3817 3703 3897 3768 τῆς

2378 3790 2583 3850 πόλεως
2631 3790 2757 3857 χρὴ,
2809 3793 2961 3856 φησὶ,
3013 3791 3354 3859 προνοεῖσθαι
3382 3793 3489 3846 τῶν
3525 3795 3895 3863 μοναστηρίων.

2381 3880 2689 3948 Σημείωσαι
2717 3876 2806 3932 οὖν
2836 3881 2916 3932 ὃτι
2946 3883 3121 3933 ἐκεῖσε
3156 3885 3204 3934 οἱ
3243 3885 3465 3954 μοναχοὶ
3496 3887 3899 3954 προσκαρτερεῖν

2378 3973 2468 4020 καὶ
2507 3970 2759 4035 μονάζειν
2791 3970 3113 4036 ὀφείλουσιν,
3159 3971 3288 4024 ἔνθα
3316 3972 3380 4043 δὴ
3411 3974 3506 4026 καὶ
3563 3976 3895 4038 ἀπετάξαντο.

2379 4061 2543 4126 ἤγουν
2587 4057 2982 4125 ἁπεκάρησαν·
3038 4061 3133 4112 καὶ
3184 4063 3266 4113 ὅτι
3317 4064 3437 4114 κατ’
3485 4064 3777 4133 ιπιτροπὴν
3823 4063 3898 4113 τοῦ

2380 4147 2674 4197 ἐπισκόπου
2709 4145 2960 4200 δύνανται
3015 4150 3234 4218 μοναχοὶ
3269 4152 3488 4205 διοικεῖν
3539 4153 3599 4204 οὐ
3647 4153 3799 4222 μόνον
3828 4153 3900 4201 ὲκ-

2381 4238 2740 4305 κλησιαστικᾶ
2771 4243 3086 4310 πράγματα,
3117 4243 3251 4295 ἀλλὰ
3278 4245 3373 4297 καὶ
3404 4243 3654 4312 βιωτικὰ,
3683 4244 3898 4297 τουτέστι

2381 4330 2652 4380 πολιτικά.
2681 4329 2746 4401 Εἰ
2773 4329 2826 4380 δὲ
2851 4330 3074 4383 δύναται
3109 4332 3265 4385 τοῦτο
3300 4335 3471 4386 ποιεῖν
3520 4335 3552 4405 ἡ
3595 4335 3898 4398 ἐπισκοποίη

2381 4418 2679 4487 anteponi};
2705 4419 2883 4487 πολλῷ
2910 4421 3069 4472 πλέον
3108 4426 3318 4494 ποιήσει
3346 4427 3379 4494 ή
3406 4425 3656 4494 βασιλικὴ
3708 4420 3898 4490 ἐξουσία

753 4499 910 4551 etiam
946 4496 1224 4564 episcopos
1243 4501 1533 4561 promovet.
1575 4489 1857 4559 Pr0pterea
1889 4497 2051 4558 enim,
2094 4506 2148 4546 ut
2199 4507 2274 4547 cst

2386 4507 2862 4578 ὴηπροϐαλλομένη
2906 4513 3000 4563 καὶ.
3041 4489 3536 4574 ἐπισκοπουςξ-Διὰ
3590 4489 3696 4585 γάρ
3741 4489 3897 4573 τοῦτο.

756 4595 1193 4650 consentaneum,
1254 4584 1339 4636 ille
1390 4586 1548 4636 etiam
1619 4584 2056 4651 metropolitanus
2129 4587 2282 4640 Sides

757 4683 956 4744 absque
985 4675 1089 4727 ullo
1118 4674 1490 4742 impedimento
1543 4674 1747 4742 imperii
1797 4676 2002 4742 negotia
2053 4678 2304 4731 admitti-.-

760 4769 984 4828 strabat,
1020 4766 1070 4817 in
1122 4777 1345 4832 persona
1407 4763 1744 4827 imperatoris
1808 4763 2006 4816 demitti
2057 4763 2280 4819 Michael

763 4860 938 4912 Ducie.
1007 4856 1140 4918 Quin
1203 4863 1255 4907 et
1316 4852 1404 4907 ille
1454 4851 1806 4906 Neoctetareae
1853 4855 2287 4921 metropolitanus

767 4948 1032 5000 maritima
1063 4943 1297 4997 civitatis
1325 4945 1444 5008 jura
1470 4943 1823 5009 conscripsit:
1882 4953 1934 4996 et
1981 4943 2067 4996 alii
2124 4945 2284 4996 etiam

767 5039 1027 5090 antistites
1054 5049 1116 5086 ac
1146 5033 1389 5085 monachi
1428 5034 1554 5099 imp.
1613 5039 1666 5084 et
1718 5032 1928 5098 publica
1990 5036 2287 5094 ministerio

769 5134 1141 5179 exercuerunt.
1171 5123 1306 5190 Lege
1328 5133 1378 5174 et
1404 5124 1627 5188 primum
1655 5132 1812 5190 caput
1843 5127 2028 5190 synodi
2069 5141 2284 5195 emigre-

769 5228 902 5284 gata:
953 5217 1001 5266 in
1057 5215 1252 5281 templo
1306 5221 1608 5266 salictorutn
1665 5213 2041 5280 apostolorum.
2101 5217 2287 5279 Quaere

768 5305 1015 5360 etiantde
1053 5308 1246 5367 servis,
1291 5303 1378 5371 qui
1439 5311 1627 5368 praeter
1663 5305 1995 5358 dominorum
2047 5306 2288 5358 volunta-

773 5409 874 5448 tem
904 5401 1032 5444 sunt
1084 5394 1348 5455 monachi,
1407 5391 1473 5444 26
1520 5406 1638 5458 cap.
1689 5395 1836 5458 primi
1884 5397 1965 5446 tit.
2015 5397 2290 5462 prtesentis

770 5489 961 5554 operis.

847 5657 1088 5710 ZUNAR.
1130 5656 1226 5721 Qui
1255 5670 1371 5709 vcrc
1393 5671 1454 5709 ac
1474 5657 1701 5720 sincere,
1722 5659 1820 5710 hoc
1842 5667 1920 5710 est
1941 5654 2117 5714 animo
2137 5677 2293 5730 puro,

737 5776 740 5778 -
781 5766 875 5802 nec
911 5749 1009 5801 ulla
1056 5745 1405 5802 sitnuiutionis
1436 5757 1526 5800 aut
1557 5750 1829 5819 pravitatis
1871 5748 1987 5804 labe
2015 5751 2290 5820 infuscata,

2388 4595 2460 4655 ὼς
2493 4596 2652 4660 ἔοικε,
2675 4602 2762 4650 καὶ
2791 4602 2818 4651 ὁ
2855 4604 3246 4670 μητροπολίτης
3275 4607 3479 4667 ἐκεῖνος
3503 4608 3531 4659 ὁ
3560 4607 3716 4678 Σίδης
3745 4611 3899 4674 ἀπαρ-

2389 4689 2720 4754 εμποδίστως
2766 4693 2835 4744 τὰ
2868 4692 2971 4762 ’τῆς
3017 4695 3291 4761 βασιλείας
3336 4696 3598 4765 ᾠκονόμει
3649 4698 3899 4767 προσώπῳ

2389 4779 2480 4828 τοῦ
2511 4781 2774 4846 βασιλέως
2824 4786 2988 4852 κυροῦ
3017 4787 3233 4855 Μιχαὴλ
3267 4787 3358 4838 τοῦ
3384 4789 3730 4851 Δουκός.’Καὶ
3759 4794 3784 4843 ὁ
3811 4808 3897 4859 μη-

2390 4872 2704 4938 τροπολίτης
2750 4875 2948 4932 ὲκεῖνος
2999 4873 3424 4946 Νεοκαισαρείας
3464 4880 3804 4949 ἀνεγράψατο
3844 4881 3897 4928 τὰ

2391 4960 2488 5024 τῆς
2520 4961 2720 5024 πόλεως
2749 4963 3010 5017 θαλάσσια
3034 4967 3232 5032 δίκαια,
3272 4971 3362 5021 καὶ
3392 4971 3540 5023 ἄλλοι
3591 4972 3773 5024 πολλοὶ
3820 4971 3900 5036 ἁρ-

2393 5053 2589 5117 χιερεῖς
2624 5055 2712 5104 καὶ
2745 5059 2966 5124 μοναχοὶ
2999 5060 3310 5127 παρομοίως
3338 5061 3651 5130 ἐνηργησαν
3683 5061 3900 5117 δουλείας

2397 5141 2670 5206 βασιλικὰς
2724 5147 2813 5196 καὶ
2879 5147 3230 5213 δημοσιακάς,
3303 5150 3636 5216 Ἀνάγνωσον
3685 5153 3776 5202 καὶ
3826 5151 3898 5202 τὸν

2395 5237 2440 5278 α’
2475 5231 2670 5281 κανόνα.
2718 5233 2813 5298 τῆς
2861 5236 2916 5284 ἐν
2969 5235 3043 5302 τῷ
3100 5235 3209 5303 ναῷ
3255 5237 3362 5287 τῶν
3424 5238 3613 5303 ’Δγίων
3673 5239 3897 5290 Ἀποστά-

2395 5319 2498 5370 λων
2531 5323 2981 5392 συγκροτηθείσης
3027 5326 3260 5381 συνόδου.
3299 5329 3453 5398 Ζήτει
3486 5329 3579 5380 καὶ
3629 5332 3756 5400 περὶ
3802 5328 3899 5381 δού-

2396 5411 2499 5460 λων
2538 5411 2870 5478 μοναζόντων
2916 5415 3063 5482 παρὰ
3116 5418 3340 5486 γνώμην
3393 5419 3484 5470 τοῦ
3534 5419 3785 5474 δεσπότου
3822 5416 3900 5470 τοῦ

2394 5497 2484 5560 λς’
2530 5500 2716 5566 κεφαλ.
2774 5503 2865 5554 τοῦ
2917 5510 2961 5554 α’
3013 5505 3189 5558 τίτλου
3246 5506 3339 5558 τοῦ
3410 5511 3670 5579 παρόντος
3739 5510 3899 5565 συντά-

2400 5605 2432 5653 γ
2441 5607 2622 5655 ματος.

2469 5678 2703 5733 ΖΩΝΑΡ.
2734 5681 2907 5766 Τιμῆς
2941 5685 3121 5748 ἀξίους
3152 5686 3274 5746 τοὺς
3325 5687 3536 5758 ἀληθῶς
3599 5693 3898 5759 μονάζοντας

2403 5766 2491 5818 καὶ
2540 5767 2859 5844 εἰλικρινῶς,
2894 5771 3013 5824 ἀντὶ
3057 5771 3144 5824 τοῦ
3175 5773 3444 5845 καθαρῶς,
3473 5779 3565 5830 καὶ
3593 5780 3689 5846 οὐχ
3731 5781 3895 5832 ὑποκε-
