3974 6342
96 511 187 575 5M

1128 514 1206 572 ΙΝ
1240 517 1410 578 C.\N.
1447 518 1554 577 Yll
1595 520 1798 585 CONC.
1839 523 1921 585 IN
1950 525 2265 586 TRUIJD.

3189 531 3295 599 542

94 622 208 681 τοὺς
243 617 515 686 τέσσαρας
549 616 892 686 πατριάρχας
919 617 1011 671 καί
1039 635 1190 681 τινας
1221 621 1634 690 μητροπολίτας.

1747 629 2104 696 patriarchas;
2151 632 2287 683 sicut
2329 639 2380 684 et
2408 632 2584 684 exteri
2617 622 2801 705 legati,
2827 635 3033 692 scilicet
3063 637 3293 693 Thessa-

106 705 236 760 Ἀλλ’
263 706 337 766 ὡς
368 704 513 756 ἔοικε
545 706 635 756 καὶ
657 706 813 767 αὐτὸς
842 706 1063 773 λεγάτος
1085 702 1260 774 ἦντοῧ
1279 707 1486 760 πάππα
1505 725 1519 739 ’
1551 710 1642 761 καὶ

96 798 178 850 διὰ
210 797 370 848 τοῦτο
402 797 540 865 μετὰ
564 798 687 859 τοὺς
715 798 1056 865 πατριάρχας
1085 798 1420 868 ὑπέγραψεν,
1451 798 1639 871 ὥσπερ

93 890 174 939 καὶ
203 891 250 938 οἱ
279 889 457 940 λοιποὶ
488 889 726 956 λεγὰτοι,
767 888 884 956 ἢτοι
916 893 941 940 ὁ
971 889 1386 956 Θεσσαλονίκης,
1411 892 1439 941 ὁ
1477 887 1641 959 Ἥρα-

94 978 264 1035 uls-3:1;
292 981 390 1028 καὶ
419 977 617 1044 ἕτεροι.
652 979 708 1028 Ὀ
734 978 788 1029 δὲ
814 979 1154 1046 χαρτοφύλαξ
1181 979 1271 1046 τῆ;
1304 983 1642 1033 Κωνσταντι-

92 1067 406 1129 νουπόλεως,
427 1069 572 1129 ὅπως
588 1069 923 1136 προκάθηται
945 1068 1049 1120 τῶν
1069 1071 1388 1140 ἀρχιερέων,
1403 1072 1641 1134 διάκονος

90 1157 177 1219 (τιν,
204 1155 418 1223 εἴρηται
453 1158 510 1206 ἐν
552 1157 629 1223 τῷ
673 1163 738 1224 ιη’
788 1157 972 1221 κανὸν,
1007 1159 1101 1224 τῆς
1142 1159 1361 1226 πρώτης
1404 1161 1638 1214 συνόδου.

91 1244 394 1311 Σημείωσαι
435 1246 490 1297 δὲ
517 1247 605 1297 τὸν
633 1244 828 1296 κανόνα
855 1246 1077 1311 λέγοντα
1108 1248 1389 1314 κρείττονα
1413 1246 1551 1300 εἶναι
1574 1250 1644 1302 τὰ

90 1338 427 1403 πνευματικά
453 1338 734 1405 ἀξιώματα
760 1338 867 1389 τῶν
891 1339 1028 1390 κατα
1053 1339 1253 1406 κόσμον
1283 1339 1602 1406 ἀξιωμάτων
1622 1355 1639 1371 °

87 1425 216 1493 πλὴν
250 1427 326 1494 μὴ
377 1428 606 1496 ἑλκύσῃς
643 1428 835 1491 τοῦτο,
875 1429 948 1490 ὥς
976 1439 1115 1505 τρες
1145 1425 1324 1488 εἷπον,
1359 1431 1518 1497 χάριν
1546 1431 1640 1482 τοῦ

91 1522 450 1587 προτιμᾱσ’“αι
485 1520 552 1570 τὰ
583 1518 1008 1587 ἐκκλησιαστικὰ
1037 1520 1322 1588 ἀξιώματα
1347 1523 1453 1571 τῶν
1484 1523 1641 1590 βασι-

87 1607 260 1659 )ικῶν.
308 1608 675 1676 Ἐίιμήνευσον
699 1608 853 1660 τοῦτο
877 1614 953 1669 είς
991 1610 1116 1671 τοὺς
1147 1611 1641 1678 καταυθαδιαζομέ-

88 1711 196 1757 you;
216 1701 381 1767 τυχὸν
412 1700 796 1761 ὑποδιακόνους
826 1701 966 1752 κατὰ
991 1701 1269 1766 διακόνων,
1306 1703 1336 1769 ἦ
1365 1704 1641 1766 διακόνους

91 1789 219 1840 κατὰ
253 1791 640 1859 πρεσϐυτέρων
659 1805 676 1820 ⁹
705 1791 796 1843 καὶ
833 1790 954 1842 εἰπὲ
986 1791 1068 1843 ὅτι
1089 1829 1102 1854 ,
1132 1794 1180 1844 εί
1218 1793 1273 1844 ἐν
1303 1796 1414 1854 τοῖς
1443 1812 1638 1860 κοσμιο

87 1881 186 1941 κοῖς
221 1878 530 1947 ἀξιώμασιν
559 1881 659 1933 οὐκ
692 1881 868 1944 ἔξεστι
896 1881 974 1951 τῷ
1002 1883 1184 1951 ἥττονι
1211 1880 1336 1950 ἀξίᾳ
1364 1883 1475 1932 δντι
1507 1900 1639 1950 προ-

1743 718 2034 788 loniceusis
2085 722 2368 790 episcopus
2414 732 2468 776 ct
2512 723 2875 781 lleracleanus
2909 739 2962 782 et
2995 730 3107 782 alii.
3155 730 3295 782 Con-

1743 812 2262 880 stantinopolitanus
2313 823 2489 867 autem
2543 815 2962 885 chartopbylax,
3029 822 3295 888 quomodo

1743 915 1866 953 cum
1897 902 1966 954 sit
1995 901 2272 964 diaconus,
2317 913 2438 955 ante
2471 905 2734 958 antistites
2783 909 2950 971 sedet,
2993 907 3046 960 in
3098 909 3284 975 prim-12

1745 990 1933 1058 synodi
1966 990 2031 1041 18
2058 1005 2177 1042 can.
2221 991 2420 1042 dictum
2449 1001 2545 1044 est.
2587 991 2716 1043 Nota
2749 1001 2920 1044 autem
2953 1003 3007 1047 et
3033 1010 3292 1048 canoncm

1741 1081 1833 1148 qui
1861 1080 2014 1139 dicit,
2042 1081 2344 1148 spirituales
2385 1082 2674 1148 dignitates
2717 1098 2836 1137 esse
2888 1087 3288 1149 prestautiorcs

1741 1174 2088 1228 smcnlaribus
2116 1174 2481 1241 dignitatibus.
2514 1174 2616 1226 Sed
2647 1190 2711 1226 ue
2739 1176 2840 1226 hoc
2867 1190 2930 1228 eo
2951 1178 3204 1239 traxeris,
3232 1188 3293 1230 ut

1744 1263 1989 1315 nonnulli
2028 1262 2297 1323 dicebam,
2328 1263 2393 1314 ad
2427 1263 2819 1316 ecclesiasticas
2861 1265 3144 1331 dignitates
3195 1268 3264 1318 im

1741 1355 2025 1421 peratoriis
2062 1354 2446 1421 praeferendas.
2472 1353 2829 1421 Interpretare
2856 1364 3033 1407 autem
3069 1357 3170 1409 hoc
3199 1358 3288 1409 ad-

1744 1456 1929 1494 versus
1955 1441 2381 1510 liypodiaconos,
2414 1442 2500 1509 qui
2539 1443 2771 1495 fortasre
2801 1445 3028 1509 superbe
3051 1457 3104 1497 et
3142 1446 3289 1498 inso-

1742 1531 1911 1584 lenter
1935 1547 1993 1585 se
2034 1542 2227 1599 gerunt
2264 1533 2522 1586 adversus
2578 1534 2856 1598 diaconos,
2903 1535 2984 1586 vel
3035 1537 3292 1591 diaconos

1740 1622 1830 1689 qui
1875 1622 2131 1674 adversus
2177 1622 2512 1691 presbyteros
2544 1639 2558 1675 :
2596 1631 2650 1674 et
2678 1623 2766 1674 die
2791 1662 2807 1683 ,
2843 1624 2981 1687 quod
3015 1625 3058 1676 si
3095 1625 3147 1677 iu
3180 1642 3284 1679 sm-

1741 1708 2011 1763 cularibus
2046 1710 2390 1777 dignitatibus
2418 1727 2523 1761 non
2556 1710 2678 1762 licet
2709 1710 2779 1771 ei,
2807 1712 2900 1778 qui
2948 1721 3028 1764 cst
3065 1714 3286 1766 minoris

1742 1799 2033 1865 dignitatis,
2069 1800 2356 1868 prmsidere
2388 1800 2465 1852 vel
2497 1799 2737 1868 praeferri
2767 1799 2839 1859 ei,
2875 1801 2963 1866 qui
2987 1813 3068 1855 est
3092 1804 3289 1868 majore

1741 1889 2003 1954 dignitate
2032 1885 2355 1950 honoratus,
2391 1889 2556 1941 multo
2586 1888 2755 1955 magis
2791 1904 2892 1940 non
2925 1889 3044 1941 licet
3072 1891 3171 1942 hoc
3207 1891 3285 1942 [ιι-

87 1968 340 2038 καθῆσθαι
390 1973 423 2039 ἢ
467 1972 835 2040 προτιμᾶσθαι
884 1972 977 2023 τοῦ
1022 1971 1228 2042 μείζονι
1271 1975 1631 2041 τετιμημένου

1734 1993 1855 2031 cere
1877 1977 1942 2029 iis
1971 1976 2062 2043 qui
2086 1985 2209 2030 sunt
2230 1976 2606 2030 ecclesiasticis
2626 1977 2976 2044 dignitatibus
3006 1979 3160 2049 165
3190 1981 3284 2031 lto-

87 2061 360 2130 ἀξιώματι,
395 2062 575 2132 πολλῷ
604 2063 762 2115 πλέον
795 2064 893 2115 οὐκ
924 2062 1099 2126 ἔξεστι
1130 2061 1286 2113 τοῦτο
1313 2066 1484 2114 ποιεῖν
1514 2067 1631 2125 ταῖς

89 2153 546 2218 ἐκκλησιαστικαῖς
565 2151 743 2216 ἀξίαις
767 2155 1162 2221 τετιμημένοις,
1189 2151 1254 2213 ἃς
1276 2153 1366 2201 καὶ¹
1394 2168 1636 2218 πνευμα-

87 2241 227 2299 τικὰς
275 2243 528 2306 ἐκάλεσε,
559 2245 648 2294 καὶ
691 2242 1022 2310 χρεωστοῦσι
1072 2241 1249 2292 πᾶσαν
1281 2241 1535 2305 εὐταξίαν
1570 2244 1633 2292 ὲκ

88 2329 168 2381 τοῦ
195 2333 607 2398 ὲπαγγέλματο;
637 2332 832 2386 αὐτῶν.
862 2331 1172 2400 Σημείωσαι
1199 2325 1291 2382 οὖν
1317 2331 1406 2382 τὸν
1437 2331 1633 2384 κανόνα

88 2420 403 2490 ὀνομάζοντα
433 2424 560 2490 περὶ
584 2425 643 2473 τὺ
671 2421 819 2482 τέλος
845 2423 968 2483 τους
993 2421 1473 2488 ἐκκλησιαστικοὺς
1503 2421 1632 2490 βαοο

93 2512 211 2580 μους
258 2514 565 2580 ἀξιώματα.
609 2514 869 2572 Πολλάκις
917 2513 1022 2580 γὰρ
1057 2516 1135 2574 εἰς
1183 2519 1243 2567 τὸ
1285 2517 1631 2585 δικαστήριον

90 2601 226 2656 εἶπόν
272 2621 418 2666 τινες
467 2605 602 2672 μήτε
653 2603 780 2665 τοὺς
837 2603 1322 2672 ἐκκλησιαστικοὺς
1367 2605 1631 2674 ἄρχοντας

93 2697 210 2763 μήτε
244 2697 368 2758 τοὺς
403 2696 802 2765 μητροπολίτας
832 2696 889 2745 ὲν
918 2695 1284 2762 ἀξιωματικοῦ
1316 2701 1479 2766 μοίρᾳ
1507 2714 1630 2749 συν-

88 2787 378 2850 τάττεσθαι,
441 2791 535 2840 καὶ
584 2789 672 2840 δια
720 2788 877 2842 τοῦτο
929 2789 1060 2857 μηδὲ
1099 2789 1316 2840 δυνατὸν
1361 2784 1500 2841 εἶναι
1542 2789 1631 2840 τὸν

93 2879 254 2946 στίχον
300 2879 397 2929 τοῦ
433 2881 885 2947 ἐκκλησιαστικοῦ
931 2880 1362 2932 κουδουκλεισῖου
1392 2881 1507 2948 ἢτοι
1537 2880 1630 2930 τοῦ

91 2973 406 3036 ἐπισκόπου,
438 2972 574 3024 ἀλλὰ
606 2971 880 3025 ταπεινόν.
925 2971 1076 3038 Ἐμοὶ
1103 2970 1157 3022 δὲ
1190 2970 1344 3021 τοῦτο
1371 2970 1430 3021 οὐ
1462 2971 1628 3024 δοκεῖ.

89 3061 184 3114 Καὶ
207 3064 476 3130 ἀνάγνωθι
498 3064 558 3114 τὸ
591 3070 636 3117 α’
670 3063 960 3131 κεφάλαιον
988 3061 1079 3113 τοῦ
1095 3068 1145 3129 η’
1172 3062 1348 3113 τίτλου
1374 3059 1464 3111 τοῦ
1491 3077 1628 3127 παρ-

91 3156 224 3215 όντος
279 3158 686 3224 συντάγματος.
762 3156 856 3207 καὶ
901 3154 962 3205 τὸ
1021 3155 1196 3204 ἐκεῖσε
1251 3151 1632 3218 καταστρωθὲν

1730 2068 1923 2133 norati,
1944 2082 2076 2135 quas
2103 2069 2262 2120 etiam
2284 2068 2586 2135 spiritualcs
2614 2068 2928 2137 appellavit;
2959 2072 3047 2136 qui
3075 2069 3286 2136 quidem

1729 2173 1796 2210 ex
1827 2173 1920 2228 sua
1944 2157 2273 2223 professione
2306 2159 2498 2210 debent
2529 2172 2746 2208 omnem
2795 2157 2992 2208 bonurn
3045 2161 3286 2212 ordinent

1730 2249 2038 2300 observare.
2071 2244 2203 2297 Nola
2234 2260 2360 2312 ergo
2389 2261 2674 2309 canor-em,
2706 2252 2794 2315 qui
2822 2251 2966 2304 circa
2997 2249 3154 2302 linem
3190 2266 3288 2302 no-

1733 2339 1902 2390 minat
1959 2337 2356 2392 ecclesiasticos
2409 2339 2608 2406 gradus
2651 2343 2956 2412 dignitates.
3020 2343 3276 2395 Nonnulli

1730 2429 1870 2480 enim
1904 2437 2042 2495 saepe
2071 2428 2122 2480 in
2151 2428 2355 2495 judicio
2381 2432 2579 2497 dixere,
2609 2449 2708 2486 nec
2737 2436 3128 2488 ecclesiasticos
3155 2451 3284 2503 prce-

1729 2519 1918 2580 fectus,
1954 2533 2057 2570 nec
2088 2520 2526 2585 metropolitanos
2549 2523 2687 2573 inter
2709 2525 2994 2591 dignitates
3015 2526 3285 2589 collocari,

1728 2615 1782 2658 ct
1811 2614 2091 2673 propterea
2151 2620 2250 2658 nec
2295 2616 2562 2676 potentem
2611 2612 2824 2679 quidem
2865 2629 2985 2666 esse
3020 2615 3285 2666 ecclesia-

1730 2698 1851 2751 stici
1898 2697 2210 2751 cubicularii
2259 2699 2340 2753 vel
2384 2702 2616 2769 episcopi
2665 2705 2929 2769 ordinem,
2968 2706 3059 2758 sed
3097 2707 3276 2757 vilem.

1731 2788 1845 2842 Hoc
1873 2798 2047 2870 autem
2084 2790 2214 2842 mihi
2251 2793 2319 2843 ita
2351 2807 2469 2845 esse
2500 2810 2605 2847 non
2655 2796 2883 2848 videtur.
2918 2798 2981 2849 Et
3029 2797 3143 2863 lege
3177 2797 3256 2861 pri

1733 2894 1877 2931 mum
1915 2894 2036 2948 cap.
2061 2878 2094 2931 8
2149 2880 2228 2932 tit.
2277 2884 2555 2948 praesentis
2598 2887 2797 2952 operis,
2824 2895 2879 2938 et
2913 2887 3018 2938 illic
3057 2887 3282 2953 positunt

1732 2970 2053 3036 scriptisque
2090 2969 2399 3024 mandatum
2446 2973 2630 3037 sancti?
2674 2974 3010 3027 Constantini
3065 2976 3238 3044 Magni

1733 3060 1825 3126 qui
1860 3065 1943 3112 est
1978 3056 2232 3124 apostolis
2259 3059 2503 3126 mqualis,
2533 3062 2835 3123 decretum,
2862 3071 2918 3116 et
2950 3075 3282 3116 commenta-

1736 3151 1873 3202 rium
1907 3148 1976 3201 '56
2005 3161 2123 3214 cap.
2155 3147 2309 3211 primi
2345 3149 2424 3200 tit.
2460 3151 2738 3215 praesentis
2765 3151 2962 3218 aperis.

92 3244 341 3309 ἔγγραφον
366 3244 641 3313 θὲτπισμα
673 3243 766 3295 τοῦ
816 3242 1161 3296 ίσαποστόλου
1191 3241 1346 3309 ἁγίου
1389 3242 1620 3309 μεγάλου
1660 3238 2091 3303 Κωνσταντίνου,
2119 3238 2212 3289 καὶ
2236 3238 2296 3288 τὸ
2323 3238 2528 3307 σχόλιον
2553 3239 2644 3290 τοῦ
2695 3239 2784 3301 λς’
2842 3239 3130 3306 κεφαλαίου
3189 3243 3289 3295 τοῦ

92 3339 132 3385 α’
151 3335 319 3387 τίτλου
349 3335 443 3387 τοῦ
477 3336 739 3403 παρόντος
769 3336 1168 3404 συντάγματος.

149 3429 382 3479 ΖΩΝΑΡ.
426 3427 486 3477 Ὀ
517 3426 980 3485 ὀκτωκαιδέκατος
1014 3423 1189 3474 κανὼν
1218 3424 1315 3490 τῆς
1344 3425 1400 3474 ὲν
1427 3419 1627 3486 Num-fg.

1802 3413 2055 3470 ZONAR.
2085 3412 2164 3467 Ne
2207 3414 2442 3467 medium
2473 3415 2524 3464 in
2566 3422 2998 3483 presbyterorum
3030 3431 3283 3470 consessu

93 3517 294 3586 πρώτης
345 3514 564 3566 συνόδου
611 3513 683 3581 μὴ
729 3513 788 3562 ὲν
835 3512 982 3578 μέσῳ
1033 3508 1416 3577 πρεσϐυτέρων
1467 3505 1632 3571 καθῆ-

95 3611 200 3662 σθαι
239 3610 365 3672 τοὺς
405 3604 686 3666 διακόνους
733 3601 981 3666 κελεύει,
1029 3601 1154 3660 τοὺς
1208 3598 1263 3650 δὲ
1306 3598 1378 3667 μὴ
1410 3597 1634 3664 πειθαρ-

96 3701 297 3768 χοῦντις
333 3697 605 3750 παύεσθαι
648 3696 748 3763 τῆς
794 3693 1086 3752 διακονίας.
1145 3690 1203 3742 Ὀ
1230 3691 1284 3741 δὲ
1318 3688 1507 3759 παρὼν
1537 3703 1635 3738 κα-

96 3789 186 3839 νὼν
216 3793 325 3848 τοῖς
377 3788 621 3848 αὐθαδῶς
661 3786 767 3855 πρὸ
799 3784 906 3836 τῶν
949 3782 1332 3853 πρεσϐυτέρων
1364 3777 1634 3846 καθῆσθαι

97 3876 512 3946 ἀναιδευομένοις
543 3878 644 3927 οὐκ
675 3877 949 3927 ἔκπτωσιν
976 3874 1086 3939 τῆς
1125 3872 1397 3932 διακονίας
1438 3871 1512 3929 εἰς
1547 3868 1636 3919 κό-

97 3968 232 4020 λασιν
272 3968 370 4034 τῆς
417 3964 705 4024 αὐθαδείας
737 3963 954 4028 ἐπάγει,
992 3962 1126 4012 ἀλλὰ
1156 3958 1529 4023 ὑποϐιόασμὸν
1570 3958 1634 4007 ἐκ

96 4058 176 4112 τοῦ
205 4060 406 4112 οἰκείου
450 4054 680 4126 βαθμοῦ.
707 4055 770 4106 El
811 4053 908 4121 γὰρ
939 4051 1097 4119 τυχὸν
1124 4051 1230 4102 τῶν
1258 4050 1430 4102 ἄλλων
1455 4047 1633 4099 διακό-

99 4168 188 4202 νων
217 4149 695 4220 προδαθμιώτερος
727 4141 796 4216 ἦν
831 4147 858 4196 ὁ
884 4141 1328 4211 ἁναιδευσάμενος
1348 4181 1361 4202 ,
1395 4141 1488 4190 καὶ
1529 4138 1634 4207 πρὸ

97 4241 191 4293 τῶν
229 4242 613 4311 πρεσῦυτὲρων
659 4239 911 4301 καθίσας,
945 4233 1398 4303 κατενεχθήσεται
1432 4233 1508 4292 εἰς
1535 4229 1634 4282 τὸν

99 4329 299 4400 ἔσχατον
323 4331 510 4388 τόπον,
541 4328 637 4378 καὶ
669 4326 822 4377 ἔσται
852 4326 1066 4377 πάντων
1101 4322 1454 4390 ὺποϐάθμιος.
1485 4321 1545 4371 El
1578 4319 1634 4370 δὲ

99 4422 189 4474 ὗπὺ
207 4423 294 4474 τοῦ
322 4421 528 4473 οἰκείου
565 4416 902 4482 πατριάρχου
935 4413 965 4480 ἦ
1011 4413 1409 4480 μητροπολίτου
1440 4410 1497 4461 ἐν
1527 4425 1633 4459 τινι

101 4510 231 4562 πόλει
272 4513 461 4580 σταλῇ,
503 4511 576 4571 ὼς
606 4509 696 4561 τὸν
739 4504 901 4556 τόπον
952 4501 1158 4554 ἐκείνου
1207 4497 1630 4568 ἀναπληρώσων,

100 4601 201 4649 τότε
229 4600 303 4662 ὡς
333 4603 495 4662 αὐτὸς
525 4605 552 4652 δ
582 4597 794 4657 στείλας
831 4594 996 4646 αὑτὸν
1021 4593 1402 4659 λογισθήσεται
1432 4592 1525 4641 καὶ
1556 4606 1636 4640 τι-

105 4689 401 4759 μηθήσεται.
437 4692 568 4752 Ιιῶς
598 4689 690 4742 οὖν
719 4691 747 4740 ὁ
772 4688 865 4757 μὲν
893 4685 1000 4736 τῶν
1029 4685 1264 4735 κανόνων
1286 4682 1379 4777 τὸν¹
1401 4684 1457 4732 ἐν
1486 4682 1634 4748 μέσῳ

104 4780 462 4850 πρεσϐυτέρων
506 4781 805 4833 καθίσαντα
842 4775 1136 4847 βαρύτερον
1169 4773 1410 4837 κολάζει,
1443 4775 1633 4825 παύων

103 4873 242 4924 αὑτὸν
280 4872 376 4939 τῆς
429 4870 726 4932 διακονίας,
775 4863 930 4928 οὗτος
965 4865 1021 4918 δὲ
1073 4862 1408 4931 κουφοτέραν
1442 4861 1635 4928 ἐπάγει

101 4963 184 5030 τὴν
207 4962 474 5032 τιμωρίαν
504 4960 577 5027 τῷ
618 4959 1004 5027 προκαθίσαντι
1037 4954 1433 5024 πρεσϐυτέρου,
1466 4966 1635 5003 κατα-

103 5052 316 5119 ειδάζων
361 5052 521 5105 αὐτὴν
568 5051 646 5109 είς
689 5049 778 5099 τὸν
830 5050 1054 5116 ἔσχατον
1091 5047 1252 5113 τόπον
1290 5043 1382 5094 τοῦ
1433 5042 1632 5092 όίκείου

106 5143 319 5214 Saepe-3;
357 5145 523 5197 Φασὶν
562 5138 652 5194 οὖν
695 5141 777 5191 ὅτι
807 5142 835 5190 ὁ
870 5137 975 5206 μὲν
1020 5137 1114 5202 τῆς
1157 5133 1380 5201 πρώτης
1417 5129 1632 5182 συνόδου

107 5240 258 5288 κανὼν
289 5233 542 5305 περὶτῶν
577 5235 634 5283 ὲν
666 5230 866 5299 βήματι
896 5227 953 5275 ὲν
983 5223 1292 5292 ἱερουργίας
1325 5219 1501 5286 καιρῷ
1532 5234 1631 5270 κα-

108 5324 382 5394 θεζομένων
429 5328 486 5377 ὲν
517 5325 662 5393 μέσῳ
699 5318 1085 5389 πρεσδυτέρων
1114 5316 1294 5382 φησὶν,
1336 5313 1421 5364 ὅτε
1449 5313 1631 5362 διακο-

109 5418 196 5463 νεῖν
227 5417 422 5479 μᾶλλον
469 5413 564 5464 καὶ
615 5409 906 5477 ὑπηρετεῖν
945 5406 1055 5464 τοῖς
1095 5401 1327 5471 ἱερεῦσιν
1363 5401 1628 5467 ὀφείλουσι

110 5502 186 5552 καὶ
210 5504 542 5570 παρεστάναι
591 5501 807 5561 αὐτοῖς’
852 5501 877 5548 ὁ
910 5497 967 5548 δὲ
1017 5495 1114 5563 τῆς
1160 5495 1374 5546 συνόδου
1428 5493 1630 5557 ταύτης

108 5590 213 5654 περὶ
236 5592 336 5642 τῶν
370 5592 527 5650 ἐκτὸς
559 5589 799 5656 βήματος
829 5588 886 5637 ὲν
911 5586 1141 5653 τυλοᾶσῃ
1167 5584 1400 5651 καθέδρᾳ.
1425 5598 1629 5650 προκα-

111 5681 341 5734 θισάντων
404 5678 815 5746 πρεσϐυτέρων.
878 5676 1156 5742 Πανταχοῦ
1220 5675 1316 5743 μὲν
1360 5675 1466 5739 γὰρ
1522 5675 1628 5731 τοῖς

113 5769 316 5837 ἱερεῦσιν
341 5774 391 5823 οἱ
429 5769 666 5820 διάκονοι
707 5765 1034 5833 χρεωστοῦσι
1078 5765 1261 5830 τιμὴν,
1313 5763 1543 5830 μάλιστα
1573 5761 1625 5810 δὲ

113 5858 159 5909 ἐν
185 5860 469 5934 ἱερουργίᾳ.
502 5855 762 5926 Ὀιρφίκια
788 5854 842 5906 δὲ
879 5851 1304 5920 ἐκκλησιαστικὰ
1337 5851 1402 5903 τά
1430 5853 1623 5918 ἁρχονο

1732 3521 1906 3559 iocum
1939 3505 2150 3558 diaconi
2176 3513 2462 3572 occupent,
2500 3503 2564 3556 18
2595 3506 2784 3571 prima:
2814 3507 2866 3556 in
2895 3504 3068 3560 Nicma
3094 3508 3280 3574 synodi

1732 3609 1937 3649 canone
1961 3595 2302 3647 interdictum
2331 3605 2431 3657 est,
2454 3605 2901 3662 contnmacesque
2927 3611 2956 3646 a
2985 3598 3282 3648 ministerio

1736 3685 1907 3738 arceri
1964 3686 2148 3738 eadem
2212 3684 2600 3737 constitutione
2651 3684 2949 3736 decretum.
3009 3684 3102 3736 llic
3160 3701 3286 3737 vero

1733 3792 1929 3837 canon,
1957 3776 2049 3842 qui
2087 3773 2454 3839 benestioreni
2500 3772 2719 3824 sedendi
2773 3773 2942 3826 locum
2992 3778 3282 3842 impudenti

1735 3866 2038 3919 temeritate
2070 3863 2445 3917 sacerdotibus
2479 3863 2840 3930 przcripucrit,
2877 3881 2998 3916 eum
3045 3867 3096 3917 in
3129 3881 3283 3919 arro-

1733 3955 1927 4026 gaulia:
1950 3971 2058 4008 sua:
2088 3970 2296 4023 pinnam
2325 3969 2429 4008 non
2460 3971 2487 4007 a
2513 3955 2807 4009 ministerio
2830 3957 3045 4021 quidem
3081 3959 3283 4024 repelli,

1735 4046 1826 4098 sed
1860 4045 1925 4097 de
1954 4059 2051 4098 suo
2077 4044 2242 4112 gradu
2285 4043 2562 4097 deturbari
2589 4043 2762 4112 jubet.
2814 4041 3044 4094 Proinde
3090 4044 3134 4095 si
3174 4042 3285 4109 pri-

1734 4149 1881 4188 mum
1931 4133 2072 4189 forte
2124 4137 2298 4189 locum
2349 4136 2489 4187 inter
2529 4133 2784 4186 diaconos
2825 4132 3148 4194 obtinuerat,
3194 4132 3284 4199 qui

1735 4229 1871 4281 adeo
1895 4228 2228 4294 impudenier
2250 4239 2309 4277 se
2336 4225 2474 4291 gerit
2496 4231 2551 4275 et
2577 4230 2703 4273 ante
2727 4221 3071 4288 presbyteros
3107 4223 3282 4284 sedet,

1737 4319 1788 4370 in
1829 4327 2160 4382 postremum
2212 4314 2544 4373 detrudetur,
2581 4311 2896 4375 honoreque
2927 4311 3140 4365 carteris
3167 4329 3287 4364 out-

1736 4405 1888 4456 nibus
1920 4401 2142 4455 iuferior
2175 4401 2478 4455 habebitur.
2507 4401 2563 4454 Si
2591 4417 2749 4470 quem
2778 4411 2951 4451 tamen
2977 4399 3281 4463 diaconum,

1734 4494 1973 4547 muneris
2004 4490 2086 4546 sui
2117 4493 2400 4555 vicarium,
2430 4492 2481 4544 in
2507 4494 2690 4546 urbem
2720 4491 2951 4556 aliquam
2983 4492 3282 4557 patriarcha

1732 4584 1813 4639 vel
1836 4585 2278 4652 tuetropolitanus
2298 4583 2807 4644 destinarit,debitos
2831 4581 2955 4648 ipsis
2978 4581 3290 4649 prmsulibus

1737 4677 1966 4728 honores
2000 4677 2177 4740 legato
2203 4670 2424 4735 deferri,
2455 4670 2750 4738 eodemque
2775 4685 2879 4738 quo
2913 4671 3001 4722 illo
3044 4672 3160 4722 loco
3196 4671 3288 4720 ha-

1669 4740 1709 4793 θ
1738 4767 1852 4820 beri
1905 4765 2098 4832 placet.
2150 4762 2257 4815 Sed
2310 4776 2430 4813 cum
2475 4760 2647 4815 altero
2696 4777 2921 4822 canone,
2961 4763 3050 4828 qui
3083 4759 3289 4812 medius

1737 4857 1878 4908 inter
1899 4853 2246 4922 presbyteros
2269 4853 2591 4916 consederit,
2621 4851 2692 4904 illi
2725 4851 3043 4905 cessationis
3068 4863 3095 4897 a
3126 4848 3287 4900 mini-

1737 4942 1902 4994 sterio
1929 4956 2083 5008 paena
2108 4943 2327 5009 gravior
2356 4941 2553 4994 inﬂicta
2583 4943 2678 5003 sit,
2709 4956 2811 5007 qua
2843 4942 3049 4990 ratione
3083 4937 3284 4989 factum

1736 5033 2082 5097 arbitremur,
2123 5043 2182 5085 ιιι
2223 5034 2312 5102 qui
2368 5032 2729 5086 honestiorem
2786 5031 2958 5080 locmu
3009 5032 3287 5081 sacerdote

1734 5121 2005 5175 assidente
2036 5124 2334 5190 occuparit,
2382 5138 2499 5174 cum
2549 5135 2612 5172 eo
2662 5120 2745 5170 hic
2773 5130 2942 5168 canon
2998 5117 3282 5168 remissius

1736 5225 1881 5282 agat.
1911 5215 2216 5281 lcvioreque
2243 5209 2724 5265 animadversionis
2754 5221 2949 5274 genere
2975 5208 3102 5259 nihil
3136 5208 3278 5258 aliud

1736 5321 1893 5374 quam
1928 5317 2253 5373 postremum
2287 5306 2424 5355 inter
2452 5301 2532 5352 sui
2563 5297 2766 5351 ordinis
2798 5298 3040 5349 homines
3060 5298 3281 5364 gradum

1735 5396 2227 5461 obtinerejubcat?
2274 5395 2329 5446 Id
2363 5393 2525 5462 igitur
2572 5392 2644 5442 ita
2691 5390 2930 5443 nonnulli
2991 5389 3282 5455 explicant,

1734 5498 1793 5540 ut
1820 5490 1885 5540 de
1909 5489 2172 5549 diaconis,
2209 5486 2297 5553 qui
2327 5486 2447 5535 dttm
2478 5463 2626 5536 sacra
2656 5467 2908 5551 mysteria
2937 5487 3282 5546 peraguntur,

1739 5582 1788 5630 in
1823 5578 2056 5629 sat-rario
2092 5577 2251 5628 medii
2281 5577 2420 5627 inter
2459 5575 2803 5644 presbyteros
2836 5571 3147 5630 consedere,
3177 5583 3283 5635 quo

1737 5667 1949 5734 quidem
1981 5676 2215 5733 tempore
2245 5679 2337 5715 eos
2369 5666 2596 5715 maxime
2621 5661 2985 5716 sacerdotibus
3018 5658 3278 5711 inservire-

1736 5765 1897 5824 atque
1950 5763 2128 5807 astare
2181 5763 2510 5820 oportuerat,
2570 5753 2751 5818 primm
2798 5748 2981 5815 synodi
3018 5762 3276 5799 canonum

1735 5849 1901 5917 accipi
1923 5847 2084 5900 velint
2107 5867 2118 5900 :
2144 5849 2285 5901 hunc
2311 5862 2436 5899 vero
2469 5847 2532 5896 de
2557 5845 2638 5913 iis,
2666 5841 2755 5908 qui
2788 5850 2938 5894 extra
2962 5838 3273 5900 sacrarium,
