3974 6342
683 414 780 480 551
845 448 851 455 -

1923 401 2192 460 THEOD.
2226 397 2452 457 BALSA
2465 395 2616 453 ΜοΝ
3760 395 3836 454 5δῖ

681 528 780 580 hoc
810 535 986 577 autem
1017 523 1194 577 facere
1219 535 1376 575 ausus
1405 518 1578 574 fuerit.
1608 523 1659 568 et
1701 528 1909 568 cessare
1961 527 2063 566 non
2109 523 2227 580 per-

2359 506 2610 574 τρὰττειν,
2665 504 2753 554 καὶ
2798 502 2870 570 μὴ
2896 503 3179 555 ὑπακούων
3225 501 3518 572 παυθῆναι,
3563 501 3843 571 καθαιρεθὴ-

679 624 955 678 ευοιιυιυτ,
990 615 1302 683 deponetur.

1293 698 1517 755 CANON
1559 698 1623 751 Χ.
1653 702 1677 708 ”

687 811 706 843 ι
751 791 1068 862 Episcopus,
1102 791 1183 845 vel
1217 791 1518 860 presbyter,
1555 786 1635 840 vel
1679 783 1954 848 diaconus,
1987 780 2076 849 qui
2111 793 2238 833 usu-

760 904 777 934 ι
815 900 924 946 ras,
958 885 1036 936 vel
1077 897 1196 950 qua:
1246 881 1495 933 dicnntnr
1520 874 1845 959 centesimas,
1876 871 2092 940 accipit,
2154 867 2237 931 vel

759 993 777 1024 ι
817 983 1009 1033 cesset.
1041 973 1120 1026 vel
1150 971 1463 1038 deponatur.
1503 985 1523 1018 ι

759 1063 951 1116 BALS.
1014 1061 1068 1112 In
1119 1033 1330 1114 decimo
1377 1033 1624 1126 septimo‘
1647 1068 1850 1109 canone
1890 1052 2075 1119 primae
2119 1063 2238 1118 ayu.

688 1157 818 1206 satis
845 1153 1159 1219 scripsimus
1188 1152 1253 1202 de
1274 1147 1520 1201 omnibus
1543 1143 1929 1202 sacerdotibus,
1957 1154 2049 1193 seu
2077 1140 2242 1192 sacris

694 1245 918 1296 initiatis
973 1243 1061 1307 qui
1109 1255 1299 1293 usuras
1355 1238 1644 1304 accipiunt,
1697 1233 1778 1285 vel
1835 1230 2046 1299 aliquod
2100 1229 2240 1282 aliud

693 1346 841 1400 turpe
877 1333 1082 1383 lucrum
1114 1332 1215 1384 sibi
1244 1329 1567 1396 excogitant.
1608 1327 1672 1380 Et
1721 1327 1835 1391 lege
1883 1338 1999 1392 qua:
2049 1321 2099 1373 in
2156 1319 2243 1372 illo

691 1427 892 1491 scripta
925 1432 1084 1484 sunt;
1125 1431 1177 1474 et
1231 1421 1472 1472 invenies
1510 1416 1831 1471 solutionem
1879 1410 2244 1479 repugnantia:

689 1531 804 1582 qua:
831 1528 948 1564 esse
978 1509 1338 1563 videtnrillius
1357 1509 1575 1562 canonis
1594 1519 1644 1560 et
1675 1507 1970 1573 praesentis.
2002 1504 2244 1556 Praesens

691 1605 831 1656 enim
888 1616 1084 1665 canon,
1120 1608 1175 1652 et
1230 1599 1561 1668 apostolicus
1619 1598 1686 1650 Η
1730 1596 1809 1648 vel
1868 1608 2100 1654 cessare,
2163 1593 2242 1643 vel

695 1692 883 1761 deponi
943 1691 1129 1757 jubent
1179 1705 1301 1744 eum
1344 1692 1434 1759 qni
1489 1689 1590 1743 tale
1641 1687 1762 1756 quid
1795 1685 1940 1738 facit.
2001 1684 2247 1737 Decimus

692 1783 949 1848 septimus
979 1795 1157 1833 autem
1192 1795 1363 1832 canon
1402 1781 1584 1846 prim-.e
1635 1777 1826 1846 synodi
1878 1790 1998 1828 eum
2053 1775 2241 1843 deponi

691 1872 859 1940 jubet.
893 1871 1033 1940 Lege
1061 1883 1115 1925 ct
1141 1871 1209 1924 27
1240 1886 1360 1940 cap.
1407 1871 1439 1924 9
1465 1872 1546 1922 tit.
1580 1874 1851 1938 praesentis
1871 1869 2070 1936 operis.

764 2042 1016 2098 ZONAR.
1054 2038 1256 2098 Usnras
1303 2045 1543 2112 exigere,
1600 2060 1701 2097 non
1758 2041 1993 2111 episcopi
2051 2039 2248 2104 solum,

693 2135 1015 2203 presbyteri,
1043 2143 1097 2187 et
1121 2133 1354 2196 diaconi,
1381 2136 1471 2186 sed
1505 2142 1561 2186 et
1613 2147 1800 2186 omnes
1830 2136 1878 2184 in
1923 2145 2128 2185 canone
2164 2144 2250 2183 re-

695 2225 911 2287 censiti,
945 2227 1125 2292 primre
1154 2223 1342 2294 synodi
1372 2224 1578 2274 decimo
1606 2225 1829 2288 septimo
1853 2235 2054 2274 canone
2073 2221 2252 2290 prohi-

699 2319 910 2370 Iicntnr.
946 2317 1019 2368 “li
1053 2332 1168 2377 nos,
1193 2316 1394 2384 etquid
1424 2317 1713 2368 centesima
1738 2316 1805 2366 sit
1845 2314 2248 2382 explicavimus,

697 2419 753 2460 ct
784 2409 977 2471 fusius,
1014 2423 1133 2474 qua:
1153 2410 1218 2461 ad
1249 2408 1417 2474 ipsius
1446 2407 1668 2460 canonis
1694 2407 2102 2470 explicationem
2134 2419 2250 2473 per-

706 2504 896 2561 tinent,
929 2501 1165 2555 exsecuti
1201 2514 1406 2552 sumus.
1439 2499 1516 2551 Ad
1567 2514 1627 2551 ea
1663 2501 1822 2566 igitur
1871 2498 2122 2550 lectorem
2173 2511 2254 2548 re-

701 2592 982 2642 mittimus.
1013 2590 1115 2642 Sed
1149 2603 1200 2644 et
1229 2591 1436 2653 eadem,
1475 2606 1591 2656 qua:
1624 2593 1720 2643 line
1768 2591 1902 2651 loco,
1946 2589 2255 2641 Laodicena:

699 2696 911 2748 quoque
938 2682 1123 2748 synodi
1160 2691 1354 2747 quarto
1395 2695 1597 2733 canone
1639 2679 2042 2748 pl‘iBCiliiUllltll'.

699 2767 927 2821 AlllST.
997 2770 1377 2837 «Episcopus,
1416 2772 1694 2837 presbyter
1748 2779 1801 2819 et
1853 2767 2111 2821 diaconus
2162 2769 2254 2835 qui

775 2875 797 2904 ι
837 2872 1026 2910 usuras
1077 2857 1292 2927 accipit,
1325 2858 1427 2910 nisi
1476 2867 1669 2921 cesset,
1695 2859 2012 2925 deponatur.
2064 2875 2081 2907 ι
2121 2854 2253 2909 Pcr-

772 2952 1009 3018 spicum.

1285 3034 1511 3090 CANON
1554 3036 1644 3088 Xl.

2340 611 2511 646 σεται.

2936 683 3172 736 KANQN
3213 682 3267 737 l'.

2345 795 2364 828 ι
2401 777 2743 842 Ἐπίσκοπος,
2775 777 2807 845 ἢ
2839 777 3227 844 πρεσὸύτερος,
3264 776 3588 844 ῆδιάκονος,
3623 774 3794 835 τόκους
3833 777 3859 842 ἢ

2417 885 2437 918 ι
2474 866 2571 927 τὰς
2593 866 2885 934 λεγομένας
2917 849 3211 927 ἐκατοστὰς
3267 865 3577 934 λαμίάνων,
3612 864 3641 913 ἦ
3684 865 3862 916 παυσα-

2417 976 2435 1008 ι
2467 961 2596 1021 σθω,
2625 957 2657 1025 ἦ
2691 956 3081 1025 καθαιρείσθω.
3112 975 3129 1007 ι

2413 1052 2604 1104 ΒΑΔΣ.
2657 1051 2742 1102 Ἐν
2769 1051 2845 1119 τῷ
2897 1051 2960 1112 ιζ’
3016 1051 3198 1102 κανόνι
3227 1051 3322 1117 τῆς
3369 1049 3415 1102 α’
3451 1049 3666 1100 συνωου
3701 1048 3866 1107 ἱκανῶς

2343 1142 2660 1211 ἐγράψαμεν
2687 1144 2811 1208 περὶ
2836 1142 3045 1192 πάντων
3074 1140 3179 1191 τῶν
3210 1140 3535 1210 ἱερωμένων,
3561 1138 3668 1189 τῶν
3689 1137 3865 1204 λαμϐα-

2345 1234 2539 1284 νόντων
2569 1232 2774 1293 τόκους,
2810 1233 2842 1300 ἢ
2879 1234 2968 1283 καὶ
2996 1231 3179 1298 ἕτερόν
3208 1247 3257 1282 τι
3289 1231 3508 1298 αἰσχρὸν
3554 1230 3740 1297 κέρδος
3773 1229 3867 1279 ἐαυ-

2346 1327 2453 1385 τοῖς
2486 1323 2900 1391 ἐπινοουμένων.
2929 1323 3033 1374 Καὶ
3059 1321 3326 1387 ἀνάγνωθι
3367 1322 3432 1370 τι
3465 1323 3518 1370 ἐν
3550 1320 3740 1384 ἐκείνῳ
3767 1335 3869 1383 γρα-

2348 1415 2513 1480 φέντα
2535 1431 2547 1444 ·
2584 1417 2673 1466 καὶ
2691 1415 2935 1483 εὑρήσεις
2960 1412 3054 1482 τὴν
3080 1412 3229 1464 λύσιν
3260 1411 3357 1476 τῆς
3391 1410 3650 1477 δοκούσης
3670 1411 3865 1460 ἐναντιο-

2348 1507 2567 1572 φανείας
2589 1505 2793 1556 ἐκείνου
2827 1501 2885 1554 τε
2918 1503 3007 1555 τοῦ
3027 1504 3240 1563 κανόνος
3271 1505 3360 1554 καί⁶
3397 1500 3486 1551 τοῦ
3525 1501 3795 1568 παρόντος.
3829 1502 3869 1548 Ἰ)

2353 1602 2449 1664 μὲν
2477 1599 2582 1665 γὰρ
2616 1594 2803 1664 παρὼν
2824 1595 3000 1647 κανὼν
3033 1596 3122 1646 καὶ
3151 1597 3176 1645 ό
3200 1591 3551 1652 ἀποστολικδς
3592 1591 3670 1658 μδ⁹
3702 1591 3730 1657 ἢ
3761 1593 3872 1642 1:20-

2354 1690 2545 1742 σασθαι
2578 1690 2608 1758 ἦ
2643 1689 3020 1756 καθαιρεῖσθαί
3057 1706 3188 1756 φησι
3219 1689 3307 1740 τὸν
3335 1687 3571 1739 τοιοῦτόν
3599 1703 3648 1736 τι
3689 1684 3873 1736 ποιοῦνο

2350 1795 2418 1831 τα
2447 1791 2460 1804 ⁸
2498 1780 2524 1828 ό
2554 1777 2610 1830 δέ
2665 1778 2729 1841 ιζ’
2779 1779 2954 1830 κανὼν
3013 1779 3107 1845 τῆς
3149 1779 3197 1830 α’
3252 1779 3467 1830 συνόδου
3521 1775 3870 1841 καθαιρεῖσθαι

2274 1841 2318 1898 Β
2351 1868 2535 1921 τοῦτόν
2562 1886 2745 1936 φησιν.
2792 1841 3086 1936 ’Δνὰγνωθι
3117 1870 3209 1920 καὶ
3249 1871 3306 1919 τὸ
3351 1868 3430 1929 κζ’
3474 1865 3761 1931 κεφάλαιον
3799 1863 3874 1915 τοῦ

2350 1957 2394 2013 θ’
2416 1959 2592 2011 τίτλου
2624 1959 2714 2010 τοῦ
2744 1960 3010 2028 παρόντος
3037 1962 3435 2027 συντάγματος.

2419 2048 2662 2101 ΖΩΝΑΡ.
2711 2049 2768 2099 ’0
2798 2049 2851 2099 δὲ
2881 2049 2980 2116 τῆς
3011 2048 3229 2119 πρώτης
3264 2050 3482 2102 συνόδου
3508 2048 3874 2101 ἑπτακαιδέκα-

2351 2157 2440 2202 τος
2468 2138 2642 2193 κανὼν
2680 2141 2738 2191 ού
2767 2140 2887 2202 τοὺς
2911 2141 3234 2203 ἐπισκόπους
3265 2142 3356 2194 καὶ
3380 2142 3777 2211 πρεσϐυτέρους
3802 2140 3881 2190 καὶ

2352 2233 2626 2292 διακόνους
2653 2232 2813 2298 μόνον
2845 2231 3040 2283 κωλύει
3075 2232 3367 2299 λαμδάνειν
3401 2233 3612 2296 τόκους,
3647 2231 3771 2284 ἀλλὰ
3803 2229 3880 2280 καὶ

2353 2324 2476 2384 τοὺς
2506 2325 2561 2374 ἐν
2588 2324 2662 2391 τῷ
2687 2323 2865 2374 κανόνι
2890 2321 3326 2388 ἐξεταζομένους.
3367 2323 3534 2374 Ἔνθα
3563 2322 3657 2372 καὶ
3679 2320 3729 2371 τί
3754 2321 3879 2370 ἐστιν

2355 2416 2617 2478 ἐκατοστὴ
2647 2414 3007 2481 ἡρμήνευται,
3039 2415 3130 2466 καὶ
3185 2410 3515 2478 πλατύτερον
3543 2412 3612 2461 τι
3642 2410 3759 2478 περὶ
3800 2407 3880 2458 τοῦ

2356 2507 2574 2565 κανόνος
2599 2503 2876 2571 ἐξηγηταί.
2908 2504 3014 2554 Καὶ
3045 2503 3302 2570 ζητητέον
3331 2502 3531 2552 ἐκεῖνα.
3562 2500 3641 2552 Τὰ
3668 2500 3793 2550 αὐτὰ
3834 2499 3881 2548 δὲ

2358 2597 2450 2648 καὶ
2479 2598 2504 2646 ό
2534 2595 2787 2663 τέταρτος
2838 2593 3014 2645 κανὼν
3051 2594 3147 2661 τῆς
3179 2595 3235 2645 ἐν
3262 2591 3550 2659 Λαοδικείᾳ
3575 2592 3782 2642 συνόδου
3802 2605 3882 2638 κι-

2361 2687 2527 2738 λεύει.

2356 2775 2574 2827 ΛΡΙΣΤ.
2628 2791 2645 2823 ι
2701 2772 3045 2835 Ἐπίσκοπος,
3079 2771 3464 2840 πρεσϐύτερος,
3526 2773 3618 2823 καὶ
3670 2770 3883 2827 διάκονος

2433 2885 2448 2915 ι
2483 2866 2669 2926 τόκους
2707 2862 3017 2932 λαμϐάνων,
3049 2864 3097 2916 ει
3138 2863 3211 2933 μὴ
3239 2863 3881 2932 παύοιτο,καοαιρείσθω.ι

2429 2953 2646 3020 Σαφής.

2947 3044 3180 3095 ΚΛΝΩΝ
3224 3041 3324 3094 1Α’.

713 3148 728 3180 ι
767 3129 931 3184 Nemo
961 3145 1144 3183 eorum
1187 3129 1278 3197 qui
1329 3129 1380 3181 in
1429 3126 1744 3182 sacerdotali
1795 3127 1983 3179 ordine
2032 3140 2252 3181 enume-

2366 3151 2381 3182 ι
2419 3133 2621 3203 Μηδεὶς
2656 3133 2760 3184 τῶν
2794 3133 2850 3184 ἐν
2902 3132 3156 3203 ἱερατικῷ
3189 3132 3638 3198 καταλεγομένων
3666 3130 3884 3197 τάγματι

779 3240 795 3272 ι
835 3231 1040 3284 rantur,
1075 3220 1154 3272 vel
1203 3220 1393 3282 laicus,
1426 3217 1732 3272 Iudaeorum
1770 3231 1955 3287 azyma
1986 3217 2253 3282 comedat,

779 3333 795 3362 ι
840 3313 919 3364 vel
959 3312 1118 3364 ullam
1153 3325 1274 3363 cum
1333 3311 1412 3362 eis
1445 3309 1856 3360 familiaritatem
1902 3311 2066 3373 ineat,
2096 3309 2174 3361 vel
2204 3311 2256 3361 in

779 3423 798 3454 ι
836 3405 1038 3458 morbis
1063 3409 1326 3463 accersat,
1354 3400 1433 3455 vel
1463 3400 1529 3452 ab
1556 3399 1633 3452 eis
1660 3399 1950 3452 medicinas
2009 3399 2258 3467 accipiat,

785 3516 797 3544 ι
844 3496 925 3547 vel
952 3510 1054 3546 una
1086 3508 1207 3546 cum
1233 3494 1312 3547 eis
1344 3493 1394 3544 in
1423 3492 1626 3545 balneis
1657 3493 1874 3544 omnino
1921 3491 2149 3543 lavetur.
2202 3491 2258 3544 Si

782 3609 796 3635 ι
839 3587 957 3655 quis
987 3594 1164 3637 autem
1197 3585 1296 3636 hoc
1339 3582 1516 3636 facere
1547 3595 1826 3647 aggressus
1875 3581 2052 3646 fuerit,
2097 3583 2139 3635 si
2192 3585 2262 3635 sit

781 3698 795 3726 ι
825 3676 1048 3744 quidem
1083 3673 1331 3736 clericus,
1381 3674 1717 3739 deponatur:
1766 3670 1810 3724 si
1854 3683 2028 3723 autem
2071 3671 2259 3733 laicus,

780 3787 796 3817 ι
835 3770 1165 3835 segregetur.
1206 3783 1224 3814 i

777 3857 968 3908 BALS.
1037 3854 1219 3906 Sancti
1254 3849 1439 3905 Patres
1497 3865 1594 3904 nos
1641 3866 1762 3903 cum
1816 3847 2011 3902 Jndmis
2064 3851 2258 3902 nullam

707 3951 1138 4001 communionem
1174 3949 1369 3999 habere
1402 3948 1664 4009 volentes,
1719 3954 1960 3998 statuunt
2010 3960 2105 3997 nos
2156 3961 2258 3998 non

706 4038 900 4091 debere
928 4052 1046 4089 enm
1077 4037 1154 4088 eis
1184 4034 1318 4088 festa
1371 4037 1662 4100 celebrare,
1714 4052 1809 4088 nec
1856 4037 2119 4104 accipere,
2164 4052 2260 4090 nec

709 4127 1008 4181 comedere.
1039 4136 1158 4190 quae
1193 4137 1334 4174 nunc
1364 4122 1430 4172 ab
1477 4122 1583 4175 illis
1635 4124 1764 4174 tiunt
1806 4138 2014 4191 azyma,
2060 4139 2156 4177 nec
2197 4126 2261 4178 ab

712 4215 778 4268 iis
819 4212 1143 4266 medicinam
1189 4213 1452 4280 accipere,
1488 4226 1586 4267 nec
1636 4226 1754 4264 cum
1808 4213 1887 4264 eis
1935 4214 2120 4266 lavari.
2159 4215 2261 4266 Eos

712 4313 885 4358 antem
923 4307 1012 4371 qni
1046 4313 1237 4372 printer
1285 4306 1395 4356 inec
1426 4303 1650 4366 faciunt,
1688 4304 1728 4356 si
1783 4304 1997 4372 quidem
2057 4304 2261 4368 clerici,

715 4394 900 4458 deponi
922 4394 1145 4461 jubent:
1172 4393 1214 4443 si
1242 4407 1369 4444 vero
1394 4392 1537 4458 laici,
1564 4396 1851 4463 segregari.
1881 4394 2068 4460 Quaere
2094 4394 2258 4448 Laod.

2434 3244 2451 3274 ι
2488 3225 2519 3295 ἢ
2570 3223 2751 3287 λα’ίκδς
2777 3225 2842 3277 τὰ
2870 3225 3017 3293 παρὰ
3039 3224 3145 3275 τῶν
3163 3222 3430 3275 Ἰουδαίων
3454 3221 3638 3287 ἄζυμα
3667 3221 3887 3278 ἐσθιέτω,

2435 3333 2451 3362 ‹
2493 3315 2524 3383 ἢ
2557 3315 2764 3376 τούτοις
2807 3312 3283 3383 προσοικειούσθω,
3314 3313 3346 3381 ἢ
3385 3314 3440 3362 ἐν
3473 3313 3648 3374 νόσοις
3677 3328 3880 3380 προσκα-

2430 3425 2446 3455 ι
2485 3404 2698 3468 λείσθω,
2735 3407 2825 3458 καὶ
2859 3406 3096 3474 ἰατρείας
3132 3404 3258 3474 παρ’
3289 3403 3468 3455 αὐτῶν
3511 3401 3888 3469 λαμϐανέτω,ἢ

2438 3515 2454 3546 ι
2495 3500 2550 3548 ὲν
2576 3495 2874 3564 βαλανείοις
2899 3495 3105 3556 τούτοις
3129 3493 3402 3556 παντελῶς
3425 3493 3756 3544 συλλουέσθω
3776 3489 3890 3558 (69).

2435 3609 2450 3635 ι
2491 3586 2553 3638 Et
2583 3587 2638 3638 δέ
2671 3602 2756 3648 τις
2783 3585 2938 3637 τοῦτο
2984 3584 3186 3651 πρᾶξαι
3219 3583 3548 3649 ἐπιχειροίη,
3579 3583 3626 3632 εί
3658 3583 3749 3648 μὲν
3773 3577 3887 3644 κλη-

2434 3698 2450 3726 ι
2494 3678 2642 3743 ρικὸς
2671 3677 2779 3742 τίη,
2815 3673 3209 3740 καθαιρείσθω·
3242 3674 3288 3722 εί
3316 3672 3370 3723 δὲ
3400 3671 3609 3733 λαῖκὸς,
3658 3669 3889 3739 ἀφοριζό-

2434 3785 2449 3816 ι
2490 3766 2618 3818 σθω.
2663 3786 2680 3816 ι

2432 3857 2622 3908 ΒᾹΛΣ.
2655 3855 2936 3924 Μηδεμίαν
2977 3853 3255 3906 κοινωνίαν
3282 3851 3425 3922 ἔχειν
3475 3852 3622 3919 ἡμᾶς
3655 3848 3894 3919 μετὰτῶν

2373 3949 2632 4002 Ἰουδαίων
2667 3948 2712 3998 oi
2744 3948 2873 3998 θεῖοι
2913 3946 3146 4014 Πατέρες
3195 3944 3455 4007 θέλοντες,
3490 3943 3806 4011 διορίζονται
3830 3939 3890 4006 μὴ

2367 4040 2738 4110 συνεορτὰζειν
2789 4038 2993 4100 τούτοις
3057 4038 3223 4106 ἡμᾶς,
3281 4036 3413 4104 μηδὲ
3463 4033 3763 4103 λαμϐάνειν
3812 4031 3893 4084 καὶ

2363 4131 2561 4183 ἐσθίειν
2595 4132 2660 4182 τὰ
2697 4130 2823 4196 παρ’
2851 4129 3028 4180 αὐτῶν
3053 4126 3353 4196 τηνικαῦτα
3399 4127 3663 4192 γινόμενα
3712 4126 3892 4189 ἄζυμα.

2368 4222 2498 4288 μηδὲ
2534 4218 2877 4285 ἰατρεύεσθαι
2908 4218 3058 4284 παρὰ
3083 4216 3300 4279 τούτων,
3332 4213 3753 4283 ἢσυλλούεσθαι.
3781 4211 3895 4269 Τοὺς

2363 4310 2419 4363 δέ
2451 4309 2730 4366 ποιοῦντας
2765 4306 2911 4376 παρὰ
2937 4305 3128 4367 ταῦτα,
3159 4302 3455 4372 κληρικοὺς
3482 4303 3579 4372 μὲν
3608 4302 3783 4364 ὄντας,
3814 4315 3896 4350 πα-

2369 4397 2714 4470 ρακελεύεται
2745 4396 3140 4463 καθαιρεῖσθαι,
3174 4393 3390 4455 λαῖκοὺς
3425 4393 3501 4454 δὲ,
3535 4387 3892 4459 ἀφορίζεσθαι.

713 4500 829 4553 syn.
857 4500 976 4537 ean.
1009 4484 1097 4546 3|,
1132 4481 1221 4546 ³52,
1255 4481 1344 4538 57.
1369 4483 1436 4536 38
1481 4493 1534 4538 et
1567 4494 1875 4538 sanctorum
1901 4487 2255 4551 aposmlorunl

2367 4493 2525 4557 Ζήτει
2557 4490 2652 4557 τῆς
2694 4488 2750 4540 ἐν
2771 4486 3059 4556 Λαοδικείᾳ
3089 4485 3304 4537 συνόδου
3334 4483 3535 4537 κανόνα
3587 4482 3692 4545 λα’,
3719 4478 3807 4547 λβ’,
3835 4472 3896 4538 λζ’

711 4589 973 4628 cntionem
1014 4574 1102 4639 70,
1147 4583 1200 4627 et
1243 4573 1360 4642 ejus
1404 4574 1918 4642 interpretationem.
1952 4574 2082 4626 'Nec
2125 4577 2264 4628 dicat

714 4665 1006 4733 quispiam,
1033 4664 1170 4729 quod
1225 4663 1311 4716 illa
1359 4676 1543 4731 azyma
1596 4662 1746 4714 vetiti
1807 4671 1928 4712 sunt
1982 4661 2264 4713 comedere

712 4770 829 4823 quae
873 4753 1070 4805 dantur
1118 4755 1183 4804 ab
1235 4753 1522 4815 hareticis,
1560 4766 1664 4806 non
1713 4763 1891 4804 autem
1941 4751 2263 4804 sacriﬁcium

716 4846 893 4899 facere
925 4857 1018 4911 per
1057 4857 1266 4910 azyma,
1298 4843 1378 4896 vel
1425 4843 1665 4896 absolute
1715 4844 1996 4897 comedere
2043 4855 2263 4909 azyma;

715 4936 968 5006 qn0niam
1006 4947 1101 4984 nos
1130 4946 1341 5000 quoque
1386 4932 1598 4988 diverso
1648 4933 1803 4984 modo
1859 4947 2046 5002 azyma
2087 4945 2267 4985 come-

716 5028 912 5089 dimus,
966 5037 1085 5090 qua:
1138 5022 1384 5073 dicuntur
1429 5021 1814 5075 λιιπανάσατα.
1879 5023 2073 5074 Audiet
2125 5022 2263 5074 enim

719 5118 858 5182 quod
903 5131 1002 5167 non
1037 5128 1222 5182 azyma
1257 5111 1538 5165 comedere
1570 5112 1638 5163 Sit
1667 5112 2011 5178 prohibitum,
2052 5112 2143 5165 sed
2173 5126 2266 5180 per

719 5219 905 5273 azyma
958 5219 1106 5256 more
1152 5201 1375 5257 Judaico
1434 5200 1563 5252 festa
1635 5199 1923 5251 celebrare.
1981 5199 2132 5262 Quod
2185 5210 2267 5254 est

722 5310 898 5349 autem
959 5299 1128 5360 majus
1183 5297 1376 5350 festum
1441 5296 1717 5346 incruento
1780 5291 2066 5350 S'J‘Cl'iliCiO,
2124 5293 2266 5356 quod

2372 4582 2463 4631 καὶ
2485 4579 2567 4645 λη’
2601 4618 2613 4641 ,
2650 4581 2740 4630 καὶ
2773 4578 2879 4630 τῶν
2916 4577 3082 4645 ἁγίων
3127 4575 3437 4629 ἀποστόλων
3482 4571 3682 4624 κανόνα
3724 4569 3780 4634 o',
3820 4569 3898 4619 καὶ

2370 4669 2466 4735 τὴν
2495 4669 2786 4734 ἑρμηνείαν
2818 4668 3000 4721 αὑτοῦ.
3035 4666 3141 4720 Καὶ
3183 4666 3255 4735 μή
3291 4679 3371 4722 τις
3410 4660 3612 4726 λεγέτω
3643 4662 3715 4725 ὡς
3743 4661 3896 4712 ἐκεῖνα

2374 4759 2437 4811 τὰ
2471 4757 2650 4823 ἄζυμα
2678 4757 3024 4825 ἐκωλύθησαν
3061 4754 3336 4808 ἐσθίεσθαι
3360 4753 3426 4804 τὰ
3463 4754 3611 4822 παρὰ
3636 4754 3741 4805 τῶν
3770 4752 3894 4816 αἰρε-

2373 4849 2539 4900 τικὼν
2560 4849 2828 4919 διδόμενα,
2856 4852 2911 4902 οὐ
2944 4851 3048 4918 μὴν
3084 4849 3140 4900 τὸ
3167 4847 3413 4915 γίνεσθαι
3461 4846 3650 4900 θυσίαν
3679 4845 3758 4897 διὰ
3789 4837 3893 4898 ἀμ’

2377 4954 2507 5005 μων,
2540 4936 2571 5003 ἢ
2608 4938 2788 4997 ἁπλῶς
2835 4938 2892 4987 τὸ
2925 4937 3122 4987 ἐσθίειν
3148 4934 3360 5002 ἄζυμαο
3393 4937 3474 4988 ὅτι
3517 4936 3609 4986 καὶ
3638 4933 3787 5002 ἡμεῖς
3804 4926 3894 4975 δια·

2375 5029 2547 5095 φόρως
2569 5029 2813 5096 ἐσθίομεν
2835 5027 3013 5095 ἄζυμα
3034 5029 3097 5080 τὰ
3118 5027 3378 5096 λεγόμενα
3401 5025 3764 5078 λειπανάδατα
3782 5017 3891 5087 iw?“

2386 5119 2625 5170 ’Λκούσει
2675 5121 2780 5187 γὰρ
2808 5119 2876 5181 ὡς
2912 5120 2971 5171 ού
3023 5120 3079 5172 τὸ
3132 5120 3327 5195 ἐσθίειν
3383 5119 3566 5184 ἄζυμα
3598 5112 3892 5169 κεκώλυται,

2375 5209 2505 5260 ἀλλὰ
2534 5209 2588 5259 τὸ
2619 5210 2702 5261 διὰ
2733 5209 2954 5279 ἀζύμων
2987 5211 3120 5262 κατὰ
3150 5211 3273 5272 τοὺς
3322 5207 3606 5266 Ἰουδαίους
3627 5200 3892 5271 ἑορτάζειν.

2379 5298 2510 5347 Ποία
2537 5299 2593 5349 δὲ
2633 5299 2831 5363 μείζων
2864 5298 3020 5367 ἑορτὴ
3058 5299 3151 5365 τῆς
3172 5297 3506 5364 ἀναιμάκτου
3534 5292 3722 5354 θυσίας
3755 5289 3891 5348 ἐστὶν,

1932 5379 2118 5439 Guill.
2157 5383 2480 5460 Beveregii
2519 5399 2707 5450 notas.

794 5489 900 5552 (09)
948 5486 1045 5537 Ἐν
1074 5487 1425 5551 βαλανειοις
1479 5490 1705 5551 τούτοις
1764 5482 2069 5546 παντελῶς
2126 5487 2277 5535 cul-

724 5560 1016 5612 .Ioua"0't)w.
1061 5555 1161 5607 Ms.
1215 5558 1681 5610 Anicrbaciiianus
1734 5558 1855 5622 legit
1886 5559 1939 5606 ἓν
1980 5554 2273 5620 summa;

725 5630 995 5685 παντελῶς
1029 5626 1249 5683 τούτους
1295 5625 1633 5690 λαμδανέτω.
1669 5626 1772 5676 Sed
1833 5640 2018 5677 omnes
2078 5623 2269 5689 reliqui

726 5698 1077 5773 ('titllCt‘S:|llla
1119 5710 1239 5747 tum
1281 5693 1667 5761 interpretibus
1708 5695 1758 5746 in
1807 5705 1992 5748 nostra
2039 5693 2271 5747 lectione

725 5772 1086 5816 comentinnt.

2455 5487 2564 5554 (70)
2622 5489 3053 5543 Λειπανὰὔιιτα.
3092 5489 3224 5550 line,
3275 5491 3327 5540 ni
3380 5487 3557 5547 fallor,
3607 5484 3892 5541 vocabnlnm

2384 5555 2505 5607 alibi
2537 5574 2637 5608 ncti
2661 5562 2917 5610 occurrit.
2955 5559 3027 5609 Ex
3060 5561 3159 5610 Imc
3198 5568 3376 5610 autem
3432 5557 3762 5610 Balsamunis
3798 5555 3894 5604 lm‘"

2382 5634 2591 5700 constat
2628 5630 2844 5700 aliquod
2883 5630 2995 5700 cibi
3026 5627 3703 5700 sineterritentoconfecti
3750 5631 3892 5695 genus

2384 5697 2454 5745 ita
2499 5697 2699 5749 dictum
2734 5698 2922 5761 fuisse,
2961 5697 3162 5751 Grmcis
3191 5698 3348 5767 vulgo
3371 5699 3655 5752 usitatum.
