3974 6342
740 439 840 499 667

1279 544 1503 600 CANON
1546 546 1731 600 XLIII.

1969 437 2240 494 TIIEOD.
2290 434 2676 495 BALSMIUN

2291 541 2343 595 A

3778 444 3850 505 668

2936 551 3167 602 ΚΑΝΩΝ
3201 549 3330 604 ΜΓ.

742 653 765 687 ι
804 636 952 689 Licet
972 634 1277 689 Cbris:iano
1301 637 1462 688 vitam
1486 637 1736 691 ascetiam
1762 636 1979 704 eligere.
2006 647 2061 689 et
2091 651 2267 690 rerum

2390 653 2394 685 l
2453 636 2600 699 ‘EE’N
2631 637 2860 704 ὑπάρχει
2892 638 3193 707 Χριστιανῷ
3226 640 3314 690 τὸν
3350 639 3643 708 ἀσκητικὸν
3677 640 3850 696 ἑλέσθαι

815 744 836 777 ι
871 726 936 777 ad
993 727 1149 779 vitam
1203 729 1589 794 pertinentium
1644 729 1887 795 deposita
1930 737 2266 795 tempestate,

815 833 834 865 ι
872 818 1250 870 monasterium
1304 818 1542 884 ingredi,
1600 826 1760 887 atque
1816 820 1986 873 instar
2024 822 2268 874 monachi

817 923 835 952 ι
875 905 1103 964 tonderi,
1167 907 1219 958 in
1275 921 1596 973 quocunque
1654 907 1849 960 delicto
1907 909 2269 976 deprehensus

815 1011 833 1042 ι
873 994 1052 1048 fuerit.
1106 995 1360 1047 Servatur
1411 1004 1553 1049 enirn
1611 1005 1795 1051 noster
1843 997 1987 1050 Deus
2033 998 2204 1065 inquit
2251 1017 2264 1051 :

814 1102 831 1133 ι
869 1083 1001 1136 Eum
1033 1087 1122 1151 qui
1173 1087 1314 1138 venit
1369 1087 1434 1139 ad
1482 1103 1564 1141 tne
1618 1104 1722 1141 non
1766 1088 1974 1156 ejiciam
2021 1088 2160 1141 foras
2201 1090 2271 1144 ".

813 1195 833 1227 ι
869 1177 1139 1240 Tanquam
1172 1191 1299 1246 ergo
1324 1181 1622 1234 monacbali
1651 1180 1770 1232 vita:
1796 1181 2270 1248 agendzcinstituto

811 1285 832 1318 ι
871 1269 922 1320 in
947 1269 1247 1334 gmnitentia
1277 1272 1429 1324 nobis
1454 1255 1613 1323 vitam
1638 1271 2183 1338 describente.ei,qui
2202 1269 2269 1327 ad

791 1370 832 1410 ἰ
873 1359 995 1410 illud
1013 1361 1222 1414 sincere
1251 1362 1476 1424 accedit,
1501 1362 1892 1432 acquiescimus
1929 1379 1988 1417 ac
2008 1364 2268 1429 favemus;

815 1468 834 1500 ι
876 1465 971 1503 nec
1041 1450 1136 1503 ulli
1186 1451 1233 1503 ei
1285 1465 1460 1505 mores
1520 1451 1950 1520 impedimentum
2023 1455 2268 1520 aﬂerent,

812 1561 829 1590 ι
869 1542 1156 1608 quominus
1220 1544 1490 1609 proprin-n
1523 1559 1739 1611 scopum
1769 1543 2074 1614 adiinpleat.
2115 1564 2134 1595 ι

807 1633 996 1685 IMLS.
1035 1631 1108 1685 Iit
1147 1644 1228 1684 est
1254 1634 1560 1696 verisimile,
1595 1636 2019 1705 prohibebantur
2053 1635 2267 1702 quidam

2443 746 2462 777 ι
2514 728 2639 796 βίον,
2675 729 2767 779 καὶ
2795 727 2891 797 τὴν
2925 715 3289 799 πολυτάραχον
3316 731 3422 782 τῶν
3453 732 3717 798 βιωτικῶν
3743 749 3850 802 πρα-

2442 837 2461 870 ι
2505 821 2722 885 γμάτων
2749 819 2913 886 ζάλην
2945 820 3268 887 ἀποθέμενον
3296 822 3351 872 ἐν
3380 825 3714 892 μοναστηρὶῳ
3738 826 3855 876 εἰσιέ-

2443 927 2462 960 t
2507 929 2611 973 ναι,
2640 912 2730 963 καὶ
2760 913 2970 963 κατὰτὸ
3008 913 3287 980 μοναχικὺν
3319 903 3499 981 σχῆμα
3532 915 3851 983 ἀποκαρῆναι,

2443 1019 2463 1051 ι
2507 1002 2604 1054 κᾶν
2625 1004 2680 1054 ἐν
2697 1003 2987 1070 οίῳδήποτε
3028 1004 3312 1070 πταίσματι
3348 1003 3485 1070 άλῷ·
3516 1006 3545 1056 ό
3572 1006 3679 1073 γάρ
3707 1007 3852 1074 Σωτὴρ
3942 991 3943 1056 Ῑ

2445 1111 2464 1144 ι
2505 1093 2657 1160 ήμῶν
2693 1092 2820 1153 Θεὸς
2854 1092 2977 1160 ἔφη·
3007 1094 3107 1144 Τὸν
3129 1093 3412 1161 ἐρχόμενον
3455 1094 3587 1163 πρός
3632 1110 3700 1162 με
3727 1095 3777 1146 οὗ

2445 1200 2463 1233 ι
2509 1183 2716 1236 ἐκϐάλω
2739 1184 2858 1246 ἔξω.
2892 1183 2976 1245 Ὠς
3001 1179 3094 1235 οὖν
3119 1185 3215 1251 τῆς
3264 1185 3556 1252 μοναχικῆς
3608 1184 3858 1247 πολιτείας,
3942 1223 3943 1252 3

2445 1289 2464 1323 ι
2514 1274 2608 1342 τῆς
2633 1273 2690 1324 ἐν
2722 1273 2968 1343 μετανοίᾳ
2998 1273 3464 1343 στηλογραφούσης
3489 1260 3627 1344 ζωὴν
3647 1277 3787 1345 ἡμῖν,
3804 1275 3859 1341 τῷ

2445 1383 2464 1415 ι
2509 1366 2742 1438 γνησίως
2775 1364 2944 1434 ταύτῃ
3001 1364 3401 1432 προστιθεμένῳ
3461 1365 3862 1434 συνευδοκοῦμεν,
3942 1349 3943 1412 ξ

2444 1473 2465 1507 ι
2505 1456 2599 1508 καὶ
2648 1455 2816 1517 οὐδεὶς
2867 1454 3025 1507 αὑτὸν
3071 1456 3458 1522 παρεμποδίσει
3519 1456 3719 1524 τρόπος
3756 1457 3859 1525 πρδς
3942 1453 3943 1492 3

2443 1566 2460 1596 r
2503 1545 2602 1614 τὴν
2629 1545 2720 1596 τοῦ
2748 1545 2946 1596 οἰκείου
2977 1544 3173 1595 σκοποῦ
3212 1546 3614 1614 ἀποπλήρωσιν.
3660 1564 3680 1596 ι

2437 1636 2629 1688 ΒΛΛΣ.
2675 1634 2758 1695 Ὠς
2791 1635 2981 1696 ἔοικεν,
3020 1634 3309 1686 ἐκωλύοντό
3335 1652 3473 1695 τινες
3503 1636 3600 1702 τὴν
3659 1638 3866 1705 ἀπόκαμ-

737 1725 825 1787 qui
863 1724 1073 1775 tonderi
1111 1724 1381 1789 volebant,
1424 1726 1488 1779 ad
1523 1727 1624 1779 hoc
1663 1727 1890 1789 inducti,
1928 1727 2006 1779 vel
2051 1737 2271 1795 propter

2390 1744 2456 1778 rw
2485 1725 2894 1798 τροαιρούμενοι
2925 1725 2955 1792 ἢ
2989 1725 3074 1777 διά
3121 1724 3180 1776 τὸ
3202 1725 3291 1777 τοῦ
3335 1726 3444 1793 βίου
3469 1727 3643 1778 αὐτῶν
3671 1729 3858 1797 αἰσχρόν

738 1831 888 1867 suam
911 1816 1032 1867 vita:
1053 1816 1437 1882 turpitudinem
1462 1815 1755 1884 sordesque
1786 1835 1846 1871 ac
1879 1826 2263 1886 contemptum,

2390 1836 2432 1870 re
2463 1819 2554 1869 καὶ
2591 1818 2898 1885 άδιάσορον,
2931 1817 2962 1886 ἢ
3003 1818 3090 1869 διά
3134 1834 3186 1868 τι
3217 1819 3478 1887 πταῖσμα.
3533 1818 3702 1884 Φησὶν
3730 1819 3808 1870 οὖν
3846 1822 3867 1871 ὁ

738 1907 819 1957 vel
871 1916 1085 1973 propter
1123 1909 1338 1974 aliquod
1381 1908 1659 1962 delictum.
1718 1909 1857 1962 Dicit
1899 1926 2267 1977 ergo-canon,

739 1999 882 2062 quod
911 2001 1112 2051 nullum
1148 2009 1422 2067 peccatum
1453 2001 1691 2068 prohibet
1723 2000 2085 2054 Christianum
2111 2003 2272 2057 vitam

740 2091 1024 2144 sset-ticam
1067 2093 1285 2161 eligere.
1319 2103 1373 2144 et
1420 2108 1512 2159 per
1545 2092 1909 2158 pamitenﬁam
1956 2091 2123 2144 Deum
2156 2096 2272 2160 pla-

741 2198 880 2233 care.
921 2171 1102 2247 Neque
1140 2182 1281 2235 enim
1335 2183 1500 2234 nllum
1533 2189 1615 2233 est
1649 2190 1947 2249 peccatum,
1993 2181 2134 2248 quod
2183 2182 2273 2235 Dei

742 2274 1078 2326 clementiam
1110 2282 1349 2341 soperet.
1383 2274 1548 2327 Porro
1593 2274 1751 2327 etiam
1800 2270 2056 2326 Servatur
2089 2281 2275 2327 uoster

741 2365 912 2415 dixit:
947 2383 966 2414 ι
994 2362 1120 2416 Eum
1148 2363 1239 2431 qui
1279 2364 1441 2429 venit,
1475 2364 1540 2418 ad
1572 2380 1654 2418 me
1688 2377 1791 2416 non
1828 2364 2046 2428 eiiciam
2071 2364 2266 2418 foras.)

745 2453 807 2505 Et
839 2455 925 2506 alii
957 2455 1118 2506 etiam
1163 2470 1397 2507 canones
1434 2453 1623 2507 dicunt
1667 2453 2090 2508 Novatienorum
2131 2469 2273 2516 esse,

740 2561 926 2596 eurum
963 2546 1055 2612 qui
1092 2544 1360 2597 accedunt
1408 2546 1775 2609 paenitentiam
1819 2560 1927 2598 non
1973 2545 2272 2607 suscipere,

741 2634 831 2686 s--d
865 2634 1042 2686 sinere
1074 2647 1168 2684 eos
1198 2633 1289 2699 qui
1321 2631 1680 2692 offenderunt,
1713 2632 1755 2684 si
1798 2647 2046 2697 magnum
2075 2633 2147 2684 sit
2177 2633 2269 2684 ali-

742 2723 886 2788 quod
951 2723 1240 2786 delictum,
1310 2707 1579 2789 profundo
1644 2721 2037 2788 desperationis
2096 2721 2272 2777 obrui.

748 2821 935 2872 I‘atres
960 2826 1134 2869 autem
1163 2816 1212 2868 id
1238 2816 1377 2883 quod
1407 2834 1432 2866 ξι
1463 2830 1521 2868 sc
1544 2815 1818 2869 decretum
1846 2823 1929 2870 est
1955 2816 2280 2869 confirman-

746 2927 848 2975 ιρις,
893 2911 1096 2970 dicunt,
1147 2906 1290 2976 quod
1325 2907 1464 2959 sicut
1509 2907 1758 2960 columna
1809 2907 1880 2968 id,
1927 2907 2071 2975 quod
2118 2908 2170 2960 in
2211 2923 2274 2963 ca

745 3009 1090 3071 describitur,
1136 3010 1412 3077 evprimit,
1448 3011 1518 3062 ita
1563 3019 1614 3062 et
1658 3010 1970 3062 monachica
2013 3010 2277 3080 professio

747 3100 994 3150 monachi
1027 3100 1398 3164 pteuitentiam
1426 3100 1707 3153 describit.
1743 3100 1855 3153 Hoc
1902 3109 2082 3154 autem
2119 3101 2276 3154 intel-

2374 1910 2556 1962 κανὼν
2580 1910 2665 1960 ὅτι
2696 1909 2846 1960 οὐδὲν
2887 1909 3184 1977 ἁμάρτημα
3216 1909 3412 1960 κωλύει
3463 1909 3552 1961 τὸν
3586 1910 3867 1978 Χριστιανὲν

2371 2000 2461 2052 τδν
2495 1999 2788 2067 ἀσκητικὸν
2823 1998 3034 2049 ἑλέσθαι
3066 1998 3204 2064 βίον,
3239 2001 3330 2050 καὶ
3366 1998 3452 2050 διὰ
3489 1999 3764 2064 μετανοίας
3798 2000 3866 2049 τὴν

2376 2092 2505 2142 Θεὸν
2534 2089 2931 2154 ἐξιλεὼσασθαι.
2971 2089 3090 2141 Ὀτι
3120 2089 3238 2140 οῦδὲ
3286 2091 3434 2140 ἐστιν
3475 2090 3768 2156 ἁμάρτημα
3791 2089 3866 2153 τήν

2372 2177 2464 2230 τοῦ
2498 2178 2632 2230 Θεοῦ
2663 2177 2896 2230 νικῶσαν
2940 2176 3365 2243 φιλανθρωπίαν.
3420 2180 3523 2229 Καὶ
3553 2181 3580 2228 ό
3616 2178 3794 2244 Σωτὴρ
3827 2176 3869 2226 δὲ

2373 2268 2493 2336 ἔφη’
2524 2285 2542 2317 ι
2584 2268 2685 2320 Τὸν
2717 2266 3001 2335 ἐρχόμενον
3033 2266 3164 2336 πρός
3197 2284 3260 2333 με
3297 2267 3358 2318 ού
3395 2265 3467 2333 μὴ
3494 2267 3705 2319 ἐκϐάλω
3726 2268 3829 2330 ἔξω.
3855 2283 3868 2314 ι

2373 2361 2479 2414 Καὶ
2515 2361 2690 2427 ἕτεροι
2736 2360 2791 2411 δὲ
2857 2360 3072 2419 κανόνες
3135 2357 3488 2409 Ναυατιανῶν
3519 2356 3653 2409 εἶναι
3687 2359 3869 2424 λέγουσι

2373 2452 2432 2503 τὸ
2461 2454 2534 2518 μὴ
2563 2451 2808 2518 δέχεσθαι
2834 2451 2931 2518 τὴν
2971 2451 3258 2516 μετάνοιαν
3284 2451 3393 2500 τῶν
3440 2452 3874 2518 προσερχομένων.

2374 2541 2509 2593 ἀλλὰ
2542 2543 2636 2609 ἐᾷν
2665 2542 2789 2601 τοὺς
2824 2541 3155 2602 πταίσαντάς
3197 2557 3271 2602 τι,
3310 2540 3412 2592 κᾶν
3445 2539 3731 2606 ὑπερμέγα
3752 2539 3879 2590 τοῦτό

2375 2630 2493 2681 ἐστι
2521 2629 2598 2696 τῷ
2630 2631 2725 2696 τῆς
2759 2629 3111 2695 ἀπογνώσεως
3140 2629 3506 2682 καλύπτεσθαι
3535 2630 3697 2699 βυθῷ.
3729 2631 3878 2682 Keu-

2380 2718 2739 2782 σκευάζοντες
2761 2718 2816 2770 δέ
2841 2722 2886 2770 οἱ
2914 2719 3151 2788 Πατὲρες
3181 2718 3279 2787 τὴν
3311 2717 3518 2770 οἰκείαν
3567 2722 3881 2787 νομοθεσίαν,

2375 2808 2619 2875 λέγουσιν
2641 2810 2743 2872 ὅτι,
2769 2809 2954 2875 ὥσπερ
2992 2809 3024 2877 ἡ
3057 2809 3218 2879 στήλη
3265 2810 3324 2860 τὸ
3373 2810 3883 2878 στηλογραφούμινον

2376 2898 2668 2966 ζωγραφεῖ,
2693 2898 2829 2951 οὕτω
2853 2901 2942 2951 καὶ
2969 2898 3026 2949 τὸ
3047 2900 3332 2968 μοναχικδν
3353 2900 3669 2966 ἐπάγγελμα
3698 2901 3786 2966 τὴν
3808 2915 3885 2964 με·

2375 2992 2591 3043 τάνοιαν
2615 2991 2915 3060 ὑπογράφει
2933 2991 3022 3042 τοῦ
3044 2990 3294 3060 μονοχοῦ.
3318 2990 3498 3043 Ταῦτα
3512 2991 3566 3042 δὲ
3587 2991 3767 3057 νόησον
3782 2990 3887 3041 ὅταν

2375 3085 2475 3153 τὴν
2500 3085 2801 3153 ἀπόκαρσιν
2820 3084 2917 3136 οὐκ
2943 3083 3205 3154 ἐμποδίζῃ
3233 3084 3265 3151 ἡ
3295 3083 3487 3148 ἀτελὴς
3515 3083 3695 3149 ἡλικία
3722 3082 3753 3149 ἢ
3781 3079 3890 3133 άὶὶο

749 3191 870 3255 lige.
915 3191 1129 3255 quando
1160 3201 1449 3260 tonsuram
1472 3206 1576 3242 non
1611 3191 1830 3256 impedit
1858 3201 1986 3244 aetas
2018 3191 2276 3257 imperfe-

2390 3192 2426 3226 τι
2453 3173 2688 3238 εὔλογον.
2739 3172 3046 3242 Τηνικαῦτα
3075 3173 3182 3239 γάρ
3206 3175 3238 3238 η
3272 3173 3598 3241 ἐπισκοπικὴ
3624 3170 3889 3239 δοκιμασία

746 3293 854 3342 cta,
890 3284 969 3333 vel
1006 3281 1206 3348 aliquid
1244 3281 1384 3333 aliud
1421 3282 1760 3336 rationabile.
1795 3282 1948 3336 Tunc
1986 3283 2127 3337 enim
2164 3285 2279 3351 epi-

749 3372 982 3435 scopalis
1005 3373 1334 3424 examinatio
1361 3372 1410 3423 id
1440 3373 1582 3438 quod
1613 3376 1716 3425 erit
1738 3376 2000 3440 agendum
2024 3376 2279 3439 excutiet,

2380 3263 2657 3333 ἐπιτρέψει
2710 3263 2770 3315 τὸ
2820 3262 3086 3330 ποιητέον,
3143 3262 3282 3312 κατὰ
3320 3262 3412 3312 τὶν
3469 3259 3518 3330 μ’
3577 3264 3768 3315 κανόνα
3808 3262 3889 3326 τῆς

2379 3353 2660 3424 παρούσης
2690 3352 2928 3405 συνόδου.
2971 3353 3028 3404 ΕΞ
3063 3351 3118 3402 δὲ
3178 3352 3348 3413 θέλεις
3404 3352 3595 3420 μαθεῖν
3621 3351 3694 3412 ὡς
3724 3350 3891 3403 πολλαὶ

749 3475 807 3514 ιιι
845 3462 954 3512 vult
1002 3461 1070 3513 40
1099 3476 1272 3514 canon
1307 3464 1586 3529 praesentis
1642 3464 1852 3533 synodi.
1892 3464 1947 3517 Si
1989 3465 2070 3517 vis
2098 3474 2278 3517 autem

2390 3447 2545 3500 ιίτίαι
2596 3445 2702 3496 εἰσὶ
2748 3444 3046 3496 κωλύουσαι
3076 3443 3173 3511 τὴν
3227 3441 3551 3494 άπεντεῦθεν
3584 3442 3890 3510 άπόκαρσιν,

749 3552 887 3603 scire
930 3567 1090 3619 quam
1146 3553 1330 3605 ιιιιιιιίέ
1379 3555 1482 3604 sint
1523 3568 1720 3614 causa,
1775 3567 1894 3617 quae
1932 3554 2018 3606 hic
2068 3555 2280 3610 tonderi

752 3641 1103 3708 prohibeant,
1147 3640 1262 3709 lege
1309 3656 1428 3707 cap.
1473 3643 1507 3694 5
1563 3642 1646 3694 tit.
1693 3643 1716 3694 I
1778 3644 1868 3697 lib.
1919 3659 1970 3696 tv
2013 3643 2220 3698 Basilic.
2253 3661 2284 3698 a

754 3725 1058 3797 patriarcha
1094 3732 1146 3785 in
1195 3734 1447 3801 synopsin
1491 3734 1765 3787 redactum
1808 3734 1950 3787 circa
1990 3736 2220 3787 medium
2251 3735 2284 3787 5

753 3838 870 3889 cap.
901 3823 1165 3876 undecimi
1201 3824 1283 3876 tit.
1319 3823 1598 3889 praesentis
1641 3825 1841 3890 operis,
1880 3833 1934 3878 et
1968 3826 2198 3893 positum
2230 3827 2281 3880 in

754 3913 1137 3998 commentario
1162 3913 1231 3968 52
1258 3928 1376 3982 cap.
1411 3914 1443 3966 9
1469 3916 1550 3967 tit.
1579 3916 1859 3983 praesentis
1900 3919 2097 3986 cperis.

826 4086 1071 4141 ZONAR.
1116 4087 1460 4144 Peccatorum
1511 4087 1822 4152 magnitudo
1865 4099 1956 4142 aut
2000 4093 2285 4144 multitudo

756 4179 960 4232 efﬁcere
1000 4192 1106 4229 non
1149 4175 1308 4228 debet
1363 4184 1420 4226 ut
1451 4176 1482 4226 ii
1511 4176 1600 4240 qui
1631 4176 1694 4228 ad
1731 4175 1820 4228 Dei
1863 4178 2283 4232 misericordiam

729 4271 1054 4329 .intncntur,
1093 4282 1239 4334 spem
1272 4266 1593 4334 propitiandi
1624 4267 1725 4320 sibi
1761 4267 2071 4333 paenitentia
2108 4270 2284 4321 numi-

760 4360 844 4412 nis
871 4360 1146 4428 abjiciant.
1197 4356 1337 4409 Idem
1389 4358 1717 4432 Itic'qttuque
1765 4371 1934 4409 canon
1969 4359 2186 4419 asserit,
2223 4373 2287 4412 ac

761 4451 1048 4516 unicuique
1086 4450 1354 4514 integrum
1399 4462 1518 4500 esse
1553 4446 1796 4509 ailirmat,
1831 4448 1984 4500 valde
2022 4451 2285 4504 scelerato

763 4542 1006 4611 quamvis
1032 4548 1085 4593 et
1123 4537 1354 4598 nefario,
1391 4536 1552 4588 vitam
1588 4540 1872 4589 asceticam
1906 4538 2121 4606 eligere,
2146 4551 2198 4596 et
2230 4541 2282 4593 in

763 4631 1087 4687 monasterio
1138 4628 1388 4690 tonderi,
1439 4627 1894 4695 monasticamque
1949 4628 2284 4696 disciplinam

763 4724 1034 4792 amplecti,
1065 4737 1183 4789 qum
1214 4722 1367 4774 nobis
1397 4720 1450 4773 in
1479 4719 1794 4788 pmnitentia
1820 4721 1978 4772 vitam
2012 4721 2285 4785 describit,

768 4817 834 4870 Ut
856 4815 1000 4868 enim
1037 4813 1287 4866 columna
1315 4813 1455 4881 quod
1482 4813 1535 4865 in
1563 4826 1625 4864 ea
1659 4811 1986 4865 describitur
2011 4813 2167 4866 nobis
2195 4829 2288 4866 ex-

763 4903 949 4974 primit
975 4941 991 4965 ,
1027 4902 1106 4955 sic
1137 4901 1431 4954 monastica
1461 4900 1725 4967 professio
1753 4887 2077 4968 ptenitentlze
2103 4901 2292 4970 imagi-

757 5011 887 5049 nem
919 4995 991 5046 ita
1015 4990 1214 5058 efﬁngit
1242 5005 1304 5042 ac
1336 4991 1605 5056 exprimit,
1636 4999 1694 5042 ut
1722 5005 1839 5044 eam
1870 5005 1935 5045 ex
1975 4979 2166 5045 animis
2192 5008 2290 5045 no-

767 5091 892 5140 stris
919 5084 1060 5137 elabi
1098 5091 1206 5147 aut
1231 5079 1446 5135 effluere
1480 5095 1749 5146 nunquam
1782 5083 2001 5133 omnino
2033 5081 2286 5148 patiatur.

772 5179 931 5248 210
969 5172 1190 5230 ARIST.
1227 5191 1248 5223 ι
1292 5171 1527 5236 Quilibet
1566 5171 1688 5221 vita:
1735 5170 2018 5236 procellam
2057 5170 2286 5236 fugiens,

843 5288 861 5319 ι
899 5277 951 5319 et
974 5266 1355 5318 monasterium
1387 5259 1590 5330 ingredi
1619 5259 1866 5327 cupiens,
1887 5261 2004 5326 ejus
2027 5262 2100 5315 rei
2127 5263 2290 5317 licen-

845 5374 864 5406 ι
901 5357 1028 5407 tiam
1066 5357 1276 5408 habeat.
1429 5415 1437 5423 η
1965 5402 1972 5410 .

841 5445 949 5497 Deo
970 5443 1322 5498 etServatore
1343 5451 1526 5497 nostro
1553 5442 1764 5496 dicente
1787 5456 1799 5490 :
1828 5440 1994 5493 «Eum
2026 5442 2116 5508 qui
2146 5443 2290 5510 venit

775 5536 842 5590 ad
875 5549 959 5588 me
988 5534 1135 5586 nullo
1161 5535 1315 5587 modo
1337 5535 1542 5603 eiiciam
1567 5537 1710 5590 foras
1737 5554 1784 5600 ς»
1815 5537 1937 5589 licet
1964 5534 2106 5587 omni
2136 5532 2288 5585 Chri-

764 5629 950 5696 stiano
978 5623 1338 5676 turbulentam
1365 5626 1488 5679 vita:
1525 5626 1704 5695 fugere
1736 5635 2116 5694 tempestatem,
2146 5632 2198 5676 et
2227 5621 2292 5676 ad

777 5715 1160 5775 monasterium
1185 5729 1242 5768 se
1263 5715 1518 5785 recipere,
1537 5726 1589 5779 et
1609 5716 1837 5783 tonderi,
1853 5715 2058 5774 etiamsi
2080 5729 2290 5772 omnem

851 5827 893 5911 ε’
928 5825 1082 5884 Joan.
1125 5841 1200 5883 vt.
1233 5825 1319 5882 '57.

2380 3534 2651 3601 ἀνάγνωθι
2711 3550 2836 3598 κεφ.
2888 3530 2934 3597 γ’
2983 3531 3075 3583 τοῦ
3123 3538 3170 3582 α’
3221 3532 3396 3584 τίτλον
3442 3532 3533 3582 τοῦ
3594 3531 3635 3583 δ’
3705 3529 3891 3598 βιϐλίου

2383 3624 2489 3676 τῶν
2523 3620 2846 3683 Βασιλικῶν,
2885 3619 3203 3682 συνοψισθέν
3255 3621 3401 3688 παρὰ
3433 3619 3526 3672 τοῦ
3574 3621 3894 3688 πατριάρχον

2383 3731 2450 3766 πε
2461 3717 2512 3784 pl
2539 3714 2605 3766 τὰ
2635 3714 2770 3782 μέσα
2794 3711 2887 3764 τοῦ
2911 3719 2956 3780 γ’
3003 3729 3129 3781 Δκειρ.
3153 3710 3244 3763 τοῦ
3272 3709 3339 3763 ια’
3373 3709 3547 3763 τίτλον
3579 3710 3673 3763 τοῦ
3712 3711 3897 3780 παρόν·

2383 3821 2472 3865 τος
2504 3804 2898 3871 συντάγματος,
2932 3802 3021 3852 καὶ
3055 3799 3433 3870 καταστρωθέν
3464 3802 3542 3861 είς
3597 3801 3658 3852 τὸ
3701 3801 3894 3869 σχόλιον

2381 3896 2474 3947 τού
2513 3894 2588 3962 λβ⁹
2639 3909 2763 3958 κεφ.
2816 3890 2908 3942 τοῦ
2960 3888 3228 3943 θἰτίτλου
3274 3888 3366 3943 τοῦ
3419 3891 3682 3960 παρόντος
3729 3888 3898 3941 συντά-

2383 4005 2418 4049 γ
2426 4003 2608 4056 ματος.

2453 4080 2691 4131 ΖΩΝΑΡ.
2727 4077 3084 4145 [Ιταισμάτων
3114 4075 3333 4144 μέγεθος
3360 4073 3392 4143 ᾖ
3431 4073 3636 4140 πληθὺν
3667 4073 3900 4139 ἀπόγνω-

2387 4185 2470 4220 σιν
2503 4168 2786 4236 μετανοίας
2813 4156 2931 4230 τοτξ
2953 4169 3030 4226 είς
3055 4167 3152 4235 τὴν
3180 4165 3326 4216 Θείαν
3343 4162 3592 4231 ἀφορῶσι
3618 4162 3901 4230 φιλανθρω-

2384 4259 2512 4310 πίαν
2540 4259 2599 4309 ού
2638 4258 2716 4308 δεῖ
2743 4260 2982 4324 ἐμποεῖν.
3024 4255 3193 4307 Τοῦτο
3233 4256 3322 4306 καὶ
3355 4253 3384 4303 ὁ
3417 4253 3594 4304 κανὼν
3625 4246 3775 4311 οὗτός
3809 4268 3899 4314 φη-

2389 4366 2492 4414 σιν,
2532 4349 2768 4412 Ἔξεστι,
2807 4349 2994 4414 λέγων,
3029 4347 3209 4408 παντὶ,
3238 4345 3340 4398 κᾶν
3374 4335 3578 4414 μεγάλα
3613 4345 3900 4411 ἡμάρτηκε,

2385 4443 2475 4492 τὸν
2509 4438 2801 4506 ἀσκητικὸν
2861 4438 3074 4490 ἑλέσθαι
3118 4436 3251 4504 βίον,
3310 4435 3404 4488 καὶ
3451 4436 3510 4486 ἐν
3568 4432 3900 4500 μοναστηρὶῳ

2319 4503 2359 4557 D
2387 4503 2748 4600 άποκαρῆναι,
2799 4532 2893 4583 καὶ
2939 4529 3032 4604 τὴν
3082 4527 3375 4600 μοναχικὴν
3427 4525 3708 4593 μετελθεῖν
3757 4524 3902 4584 πολι⁹

2385 4623 2551 4686 τείαν,
2579 4623 2698 4691 ἥτις
2728 4623 2858 4689 ημῖν
2887 4619 2988 4688 τὴν
3028 4621 3085 4670 ἐν
3137 4616 3389 4686 μετανοίᾳ
3435 4615 3579 4683 ζωὴν
3616 4614 3904 4682 στηλογρα-

2385 4718 2493 4785 φεῖ.
2539 4716 2623 4776 Ὠς
2651 4715 2812 4782 γάρὴ
2845 4712 3013 4778 στήλη
3041 4709 3313 4762 δείκνυσιν
3347 4709 3477 4787 ημῖν
3511 4707 3608 4756 καὶ
3635 4706 3696 4757 τὸ
3731 4706 3905 4774 σχῆμα

2384 4809 2475 4859 τοῦ
2534 4803 3069 4874 στηλογραφουμένου
3100 4838 3115 4862 ,
3173 4797 3315 4851 οὕτω
3374 4798 3470 4848 καὶ
3518 4796 3579 4848 τὸ
3626 4792 3904 4866 μοναχικδν

2386 4899 2704 4968 ἐπάγγελμα
2742 4897 2836 4965 τὴν
2868 4895 3153 4974 μετάνοιαν
3185 4895 3316 4961 ἡμῖν
3338 4890 3647 4959 ὑπογράφει
3679 4890 3767 4942 καὶ
3791 4903 3906 4953 σχη-

2390 4988 2625 5054 ματίζει,
2658 4987 2752 5039 καὶ
2802 4985 3005 5054 ταύτης
3034 4981 3336 5053 μεμνῆσθαι
3367 4978 3771 5047 παρασκευάζει
3793 4976 3903 5044 διη-

2387 5078 2569 5141 νεκῶς.

2385 5170 2600 5224 ΑΡιΣΤ.
2641 5186 2661 5220 ι
2707 5166 2918 5219 Ἀδειαν
2944 5162 3086 5225 ἅπας
3112 5165 3142 5216 ὁ
3167 5161 3264 5232 τὴν
3294 5160 3460 5229 ζάλην
3523 5157 3622 5211 τοῦ
3649 5157 3760 5237 βίον
3781 5156 3908 5224 φεύ-

2463 5277 2480 5310 ι
2518 5275 2650 5325 γων,
2675 5258 2767 5309 καὶ
2799 5256 2878 5318 είς
2911 5254 3268 5324 μθναστήριον
3304 5249 3533 5302 εἰσιέναι
3567 5247 3902 5317 βουλόμενος.

2463 5369 2481 5399 ι
2527 5349 2900 5414 άπενέγκοιτο.
2935 5365 2953 5396 ι

2457 5441 2562 5493 Τοῦ
2588 5439 2719 5491 Θεοῦ
2747 5439 2838 5491 καὶ
2861 5437 3104 5503 Σωτῆρος
3123 5431 3276 5501 ἡμῶν
3297 5431 3560 5494 εἰπόντος,
3580 5449 3597 5481 ι
3631 5431 3729 5482 Τὸν
3757 5428 3905 5495 ἐρχόι

2393 5549 2550 5602 μενον
2587 5530 2720 5599 πρός
2755 5545 2820 5594 με
2846 5528 2905 5578 οὐ
2965 5524 3039 5593 μὴ
3067 5522 3278 5575 ἐκϐάλω
3310 5521 3436 5586 ἔξω,
3477 5539 3496 5571 ι
3539 5521 3704 5584 ἔξεστι
3753 5516 3906 5569 παντὶ

2391 5618 2695 5690 Χριστιανῷ
2728 5618 2822 5688 τὴν
2872 5614 3238 5682 πολυτάραχον
3291 5610 3457 5679 ζάλην
3489 5608 3583 5664 τοῦ
3613 5607 3724 5677 βίου
3779 5605 3904 5675 φεύ-

2398 5731 2539 5783 γειν,
2572 5713 2665 5766 καὶ⁵
2704 5711 2782 5774 εις
2812 5705 3166 5778 μοναστήριον
3195 5702 3552 5774 ἀπέρχεσθαι,
3583 5701 3671 5754 καὶ
3691 5695 3907 5752 timui-
