  <div class='ocr_page' id='page_1' title='image "/cluster/home/n/w/nwhite01/storage/ocr_20150623/137/pst.000005714537/414.png"; bbox 0 0 3968 6346; ppageno 0'>
   <div class='ocr_carea' id='block_1_1' title="bbox 107 463 203 522">
    <p class='ocr_par' dir='ltr' id='par_1_1' title="bbox 107 463 203 522">
     <span class='ocr_line' id='line_1_1' title="bbox 107 463 203 522; baseline 0.021 -2"><span class='ocrx_word' id='word_1_1' title='bbox 107 463 203 522; x_wconf 70' lang='grc'><strong>’111</strong></span> 
     </span>
    </p>
   </div>
   <div class='ocr_carea' id='block_1_2' title="bbox 1110 465 2320 526">
    <p class='ocr_par' dir='ltr' id='par_1_2' title="bbox 1110 465 2320 526">
     <span class='ocr_line' id='line_1_2' title="bbox 1110 465 2320 526; baseline 0 -2"><span class='ocrx_word' id='word_1_2' title='bbox 1110 467 1184 524; x_wconf 83' lang='grc' dir='ltr'><strong>ΙΝ</strong></span> <span class='ocrx_word' id='word_1_3' title='bbox 1225 467 1386 526; x_wconf 70' lang='lat' dir='ltr'><strong>CAN.</strong></span> <span class='ocrx_word' id='word_1_4' title='bbox 1454 466 1595 524; x_wconf 71' lang='lat' dir='ltr'><strong>LXV</strong></span> <span class='ocrx_word' id='word_1_5' title='bbox 1636 465 1845 524; x_wconf 70' lang='lat' dir='ltr'><strong>CONC.</strong></span> <span class='ocrx_word' id='word_1_6' title='bbox 1890 466 1962 521; x_wconf 83' lang='lat' dir='ltr'><strong>IN</strong></span> <span class='ocrx_word' id='word_1_7' title='bbox 2000 466 2320 524; x_wconf 72' lang='lat' dir='ltr'><strong>TliULlD.</strong></span> 
     </span>
    </p>
   </div>
   <div class='ocr_carea' id='block_1_3' title="bbox 3177 467 3280 527">
    <p class='ocr_par' dir='ltr' id='par_1_3' title="bbox 3177 467 3280 527">
     <span class='ocr_line' id='line_1_3' title="bbox 3177 467 3280 527; baseline -0.019 0"><span class='ocrx_word' id='word_1_8' title='bbox 3177 467 3280 527; x_wconf 77' lang='grc'><strong>742</strong></span> 
     </span>
    </p>
   </div>
   <div class='ocr_carea' id='block_1_4' title="bbox 106 577 1642 649">
    <p class='ocr_par' dir='ltr' id='par_1_4' title="bbox 106 577 1642 649">
     <span class='ocr_line' id='line_1_4' title="bbox 106 577 1642 649; baseline -0.002 -18"><span class='ocrx_word' id='word_1_9' title='bbox 106 585 132 646; x_wconf 77' lang='grc' dir='ltr'>ἦ</span> <span class='ocrx_word' id='word_1_10' title='bbox 190 581 438 649; x_wconf 77' lang='grc' dir='ltr'><strong>πτήσεως</strong></span> <span class='ocrx_word' id='word_1_11' title='bbox 491 582 717 644; x_wconf 83' lang='grc' dir='ltr'>οἰωνῶν,</span> <span class='ocrx_word' id='word_1_12' title='bbox 775 580 1051 634; x_wconf 77' lang='grc' dir='ltr'><strong>τουτέστιν</strong></span> <span class='ocrx_word' id='word_1_13' title='bbox 1105 581 1310 648; x_wconf 83' lang='grc' dir='ltr'><strong>ἀγρίων</strong></span> <span class='ocrx_word' id='word_1_14' title='bbox 1360 577 1642 648; x_wconf 60' lang='grc' dir='ltr'><strong>πἐερωτῶκ¹</strong></span> 
     </span>
    </p>
   </div>
   <div class='ocr_carea' id='block_1_5' title="bbox 1741 577 3280 649">
    <p class='ocr_par' dir='ltr' id='par_1_5' title="bbox 1752 579 3280 649">
     <span class='ocr_line' id='line_1_5' title="bbox 1752 579 3280 649; baseline 0.003 -19"><span class='ocrx_word' id='word_1_15' title='bbox 1752 579 1958 647; x_wconf 73' lang='lat' dir='ltr'><strong>gnitio,</strong></span> <span class='ocrx_word' id='word_1_16' title='bbox 2003 579 2142 632; x_wconf 90' lang='lat' dir='ltr'><strong>unde</strong></span> <span class='ocrx_word' id='word_1_17' title='bbox 2191 591 2244 633; x_wconf 89' lang='lat' dir='ltr'><strong>et</strong></span> <span class='ocrx_word' id='word_1_18' title='bbox 2297 579 2543 648; x_wconf 86' lang='lat' dir='ltr'><strong>a‘uspices</strong></span> <span class='ocrx_word' id='word_1_19' title='bbox 2575 594 2667 632; x_wconf 79' lang='lat' dir='ltr'><strong>Seu</strong></span> <span class='ocrx_word' id='word_1_20' title='bbox 2721 579 2898 632; x_wconf 88' lang='lat' dir='ltr'><strong>avium</strong></span> <span class='ocrx_word' id='word_1_21' title='bbox 2945 579 3280 649; x_wconf 75' lang='lat' dir='ltr'><strong>inspectores</strong></span> 
     </span>
    </p>
   </div>
   <div class='ocr_carea' id='block_1_6' title="bbox 104 665 1646 742">
    <p class='ocr_par' dir='ltr' id='par_1_6' title="bbox 104 665 1646 742">
     <span class='ocr_line' id='line_1_6' title="bbox 104 665 1646 742; baseline 0.003 -22"><span class='ocrx_word' id='word_1_22' title='bbox 104 672 270 734; x_wconf 78' lang='grc' dir='ltr'>ζώων,</span> <span class='ocrx_word' id='word_1_23' title='bbox 301 672 432 742; x_wconf 72' lang='grc' dir='ltr'>περὶ</span> <span class='ocrx_word' id='word_1_24' title='bbox 456 665 529 725; x_wconf 81' lang='grc' dir='ltr'><strong>ὧν</strong></span> <span class='ocrx_word' id='word_1_25' title='bbox 556 673 793 742; x_wconf 82' lang='grc' dir='ltr'>αίρεῖταί</span> <span class='ocrx_word' id='word_1_26' title='bbox 817 689 900 735; x_wconf 88' lang='grc' dir='ltr'><strong>τις</strong></span> <span class='ocrx_word' id='word_1_27' title='bbox 933 671 1166 740; x_wconf 84' lang='grc' dir='ltr'>μάθησις</span> <span class='ocrx_word' id='word_1_28' title='bbox 1190 687 1204 699; x_wconf 82' lang='grc'>⁶</span> <span class='ocrx_word' id='word_1_29' title='bbox 1241 667 1382 737; x_wconf 30' lang='grc' dir='ltr'><strong>ἑξεοὺ</strong></span> <span class='ocrx_word' id='word_1_30' title='bbox 1405 671 1500 724; x_wconf 84' lang='grc' dir='ltr'>καὶ</span> <span class='ocrx_word' id='word_1_31' title='bbox 1523 675 1646 724; x_wconf 83' lang='grc' dir='ltr'>οἰω-</span> 
     </span>
    </p>
   </div>
   <div class='ocr_carea' id='block_1_7' title="bbox 103 762 1641 833">
    <p class='ocr_par' dir='ltr' id='par_1_7' title="bbox 103 762 1641 833">
     <span class='ocr_line' id='line_1_7' title="bbox 103 762 1641 833; baseline 0.004 -22"><span class='ocrx_word' id='word_1_32' title='bbox 103 763 354 814; x_wconf 83' lang='grc' dir='ltr'>νοσκόποι</span> <span class='ocrx_word' id='word_1_33' title='bbox 387 762 657 827; x_wconf 83' lang='grc' dir='ltr'>λέγονται.</span> <span class='ocrx_word' id='word_1_34' title='bbox 699 764 1154 833; x_wconf 78' lang='grc' dir='ltr'>Ἐγγαστρίμυθοι</span> <span class='ocrx_word' id='word_1_35' title='bbox 1195 764 1250 816; x_wconf 85' lang='grc' dir='ltr'>δὲ</span> <span class='ocrx_word' id='word_1_36' title='bbox 1285 765 1375 817; x_wconf 72' lang='grc' dir='ltr'>καὶ</span> <span class='ocrx_word' id='word_1_37' title='bbox 1403 764 1641 830; x_wconf 82' lang='grc' dir='ltr'>γνῶσται</span> 
     </span>
    </p>
   </div>
   <div class='ocr_carea' id='block_1_8' title="bbox 101 834 1643 919">
    <p class='ocr_par' dir='ltr' id='par_1_8' title="bbox 101 855 1643 919">
     <span class='ocr_line' id='line_1_8' title="bbox 101 855 1643 919; baseline 0.002 -16"><span class='ocrx_word' id='word_1_38' title='bbox 101 855 346 919; x_wconf 77' lang='grc' dir='ltr'>λέγονται</span> <span class='ocrx_word' id='word_1_39' title='bbox 408 855 610 917; x_wconf 78' lang='grc' dir='ltr'>πάντες</span> <span class='ocrx_word' id='word_1_40' title='bbox 652 857 699 908; x_wconf 88' lang='grc' dir='ltr'>οἱ</span> <span class='ocrx_word' id='word_1_41' title='bbox 760 855 1060 916; x_wconf 85' lang='grc' dir='ltr'>σατανικῶς</span> <span class='ocrx_word' id='word_1_42' title='bbox 1112 855 1514 917; x_wconf 77' lang='grc' dir='ltr'><strong>ἐνθουσιῶντες,</strong></span> <span class='ocrx_word' id='word_1_43' title='bbox 1551 859 1643 908; x_wconf 74' lang='grc' dir='ltr'><strong>καὶ</strong></span> 
     </span>
    </p>
   </div>
   <div class='ocr_carea' id='block_1_9' title="bbox 105 942 1643 1013">
    <p class='ocr_par' dir='ltr' id='par_1_9' title="bbox 105 942 1643 1013">
     <span class='ocr_line' id='line_1_9' title="bbox 105 942 1643 1013; baseline 0 -19"><span class='ocrx_word' id='word_1_44' title='bbox 105 943 450 1013; x_wconf 67' lang='grc' dir='ltr'><strong>προλέγοντες</strong></span> <span class='ocrx_word' id='word_1_45' title='bbox 494 942 654 1011; x_wconf 77' lang='grc' dir='ltr'>δῆθεν</span> <span class='ocrx_word' id='word_1_46' title='bbox 679 944 744 996; x_wconf 80' lang='grc' dir='ltr'>τὰ</span> <span class='ocrx_word' id='word_1_47' title='bbox 784 944 1068 1011; x_wconf 74' lang='grc' dir='ltr'>ἄγνωστα*</span> <span class='ocrx_word' id='word_1_48' title='bbox 1100 944 1170 1006; x_wconf 83' lang='grc' dir='ltr'>ὡς</span> <span class='ocrx_word' id='word_1_49' title='bbox 1207 946 1256 995; x_wconf 77' lang='lat' dir='ltr'><strong>oi</strong></span> <span class='ocrx_word' id='word_1_50' title='bbox 1303 947 1560 1012; x_wconf 85' lang='grc' dir='ltr'>κριτρίαι,</span> <span class='ocrx_word' id='word_1_51' title='bbox 1594 946 1643 995; x_wconf 87' lang='grc' dir='ltr'>οἱ</span> 
     </span>
    </p>
   </div>
   <div class='ocr_carea' id='block_1_10' title="bbox 104 1035 1640 1105">
    <p class='ocr_par' dir='ltr' id='par_1_10' title="bbox 104 1035 1640 1105">
     <span class='ocr_line' id='line_1_10' title="bbox 104 1035 1640 1105; baseline 0.001 -18"><span class='ocrx_word' id='word_1_52' title='bbox 104 1037 404 1101; x_wconf 74' lang='grc' dir='ltr'>ὰοιγγανοι,</span> <span class='ocrx_word' id='word_1_53' title='bbox 443 1035 494 1088; x_wconf 78' lang='grc' dir='ltr'>οἱ</span> <span class='ocrx_word' id='word_1_54' title='bbox 518 1036 984 1103; x_wconf 73' lang='grc' dir='ltr'><strong>ψευδοπροφῆται,</strong></span> <span class='ocrx_word' id='word_1_55' title='bbox 1015 1037 1296 1105; x_wconf 81' lang='grc' dir='ltr'>ὲρημῖται,</span> <span class='ocrx_word' id='word_1_56' title='bbox 1326 1038 1417 1088; x_wconf 66' lang='grc' dir='ltr'><strong>καὶ</strong></span> <span class='ocrx_word' id='word_1_57' title='bbox 1446 1037 1640 1105; x_wconf 73' lang='grc' dir='ltr'>ἕτεροι.</span> 
     </span>
    </p>
   </div>
   <div class='ocr_carea' id='block_1_11' title="bbox 103 1125 1644 1197">
    <p class='ocr_par' dir='ltr' id='par_1_11' title="bbox 103 1125 1644 1197">
     <span class='ocr_line' id='line_1_11' title="bbox 103 1125 1644 1197; baseline 0.002 -21"><span class='ocrx_word' id='word_1_58' title='bbox 103 1125 279 1176; x_wconf 83' lang='grc' dir='ltr'>Ταῦτα</span> <span class='ocrx_word' id='word_1_59' title='bbox 321 1125 414 1178; x_wconf 90' lang='grc' dir='ltr'><strong>τοῦ</strong></span> <span class='ocrx_word' id='word_1_60' title='bbox 446 1130 664 1189; x_wconf 89' lang='grc' dir='ltr'>κανόνος</span> <span class='ocrx_word' id='word_1_61' title='bbox 705 1128 1095 1197; x_wconf 80' lang='grc' dir='ltr'>διοριζομένου,</span> <span class='ocrx_word' id='word_1_62' title='bbox 1121 1130 1154 1196; x_wconf 80' lang='grc' dir='ltr'><strong>ἡ</strong></span> <span class='ocrx_word' id='word_1_63' title='bbox 1190 1128 1285 1194; x_wconf 76' lang='grc' dir='ltr'><strong>μὲν</strong></span> <span class='ocrx_word' id='word_1_64' title='bbox 1321 1129 1415 1196; x_wconf 79' lang='grc' dir='ltr'>τῆς</span> <span class='ocrx_word' id='word_1_65' title='bbox 1445 1145 1644 1195; x_wconf 73' lang='grc' dir='ltr'>νουμηο</span> 
     </span>
    </p>
   </div>
   <div class='ocr_carea' id='block_1_12' title="bbox 102 1221 1642 1292">
    <p class='ocr_par' dir='ltr' id='par_1_12' title="bbox 102 1221 1642 1292">
     <span class='ocr_line' id='line_1_12' title="bbox 102 1221 1642 1292; baseline 0.002 -23"><span class='ocrx_word' id='word_1_66' title='bbox 102 1221 208 1281; x_wconf 61' lang='grc' dir='ltr'><strong>νἀς</strong></span> <span class='ocrx_word' id='word_1_67' title='bbox 233 1221 400 1290; x_wconf 82' lang='grc' dir='ltr'>ἑορτὴ</span> <span class='ocrx_word' id='word_1_68' title='bbox 433 1223 536 1288; x_wconf 86' lang='grc' dir='ltr'><strong>πρὸ</strong></span> <span class='ocrx_word' id='word_1_69' title='bbox 555 1223 978 1291; x_wconf 78' lang='grc' dir='ltr'>ἀμνημονεύτων</span> <span class='ocrx_word' id='word_1_70' title='bbox 1011 1223 1212 1292; x_wconf 87' lang='grc' dir='ltr'>χρόνων</span> <span class='ocrx_word' id='word_1_71' title='bbox 1233 1223 1511 1291; x_wconf 74' lang='grc' dir='ltr'>ἐσχόλασε,</span> <span class='ocrx_word' id='word_1_72' title='bbox 1549 1224 1642 1274; x_wconf 78' lang='grc' dir='ltr'><strong>καὶ</strong></span> 
     </span>
    </p>
   </div>
   <div class='ocr_carea' id='block_1_13' title="bbox 100 1313 1665 1384">
    <p class='ocr_par' dir='ltr' id='par_1_13' title="bbox 100 1313 1665 1384">
     <span class='ocr_line' id='line_1_13' title="bbox 100 1313 1665 1384; baseline 0.001 -22"><span class='ocrx_word' id='word_1_73' title='bbox 100 1313 208 1363; x_wconf 69' lang='grc' dir='ltr'>ἀντὶ</span> <span class='ocrx_word' id='word_1_74' title='bbox 237 1315 442 1381; x_wconf 81' lang='grc' dir='ltr'>ταύτης</span> <span class='ocrx_word' id='word_1_75' title='bbox 470 1314 606 1365; x_wconf 78' lang='grc' dir='ltr'>Θεοῦ</span> <span class='ocrx_word' id='word_1_76' title='bbox 637 1316 815 1383; x_wconf 85' lang='grc' dir='ltr'>χάριτι</span> <span class='ocrx_word' id='word_1_77' title='bbox 847 1314 1142 1384; x_wconf 75' lang='grc' dir='ltr'>ἱλαστήριοι</span> <span class='ocrx_word' id='word_1_78' title='bbox 1174 1315 1484 1383; x_wconf 62' lang='grc' dir='ltr'>εύχάῖπρὸς</span> <span class='ocrx_word' id='word_1_79' title='bbox 1512 1315 1665 1366; x_wconf 84' lang='grc' dir='ltr'>Θεὺν¹</span> 
     </span>
    </p>
   </div>
   <div class='ocr_carea' id='block_1_14' title="bbox 101 1405 1640 1476">
    <p class='ocr_par' dir='ltr' id='par_1_14' title="bbox 101 1405 1640 1476">
     <span class='ocr_line' id='line_1_14' title="bbox 101 1405 1640 1476; baseline 0.003 -22"><span class='ocrx_word' id='word_1_80' title='bbox 101 1405 184 1454; x_wconf 79' lang='grc' dir='ltr'><strong>καὶ</strong></span> <span class='ocrx_word' id='word_1_81' title='bbox 215 1405 484 1473; x_wconf 79' lang='grc' dir='ltr'>ἀγιασμοὶ</span> <span class='ocrx_word' id='word_1_82' title='bbox 511 1407 596 1459; x_wconf 78' lang='grc' dir='ltr'><strong>ἐπ’</strong></span> <span class='ocrx_word' id='word_1_83' title='bbox 645 1409 941 1476; x_wconf 71' lang='grc' dir='ltr'><strong>ἐκκλησίας</strong></span> <span class='ocrx_word' id='word_1_84' title='bbox 969 1407 1115 1472; x_wconf 75' lang='grc' dir='ltr'>παρὰ</span> <span class='ocrx_word' id='word_1_85' title='bbox 1146 1405 1239 1457; x_wconf 86' lang='grc' dir='ltr'><strong>τοῦ</strong></span> <span class='ocrx_word' id='word_1_86' title='bbox 1274 1406 1466 1459; x_wconf 82' lang='grc' dir='ltr'>πιστοῦ</span> <span class='ocrx_word' id='word_1_87' title='bbox 1511 1406 1640 1459; x_wconf 82' lang='grc' dir='ltr'>λαοῦ</span> 
     </span>
    </p>
   </div>
   <div class='ocr_carea' id='block_1_15' title="bbox 102 1490 1642 1564">
    <p class='ocr_par' dir='ltr' id='par_1_15' title="bbox 102 1490 1642 1564">
     <span class='ocr_line' id='line_1_15' title="bbox 102 1490 1642 1564; baseline 0.001 -22"><span class='ocrx_word' id='word_1_88' title='bbox 102 1493 330 1558; x_wconf 80' lang='grc' dir='ltr'>γίνονται</span> <span class='ocrx_word' id='word_1_89' title='bbox 357 1494 488 1545; x_wconf 80' lang='grc' dir='ltr'>καθ’</span> <span class='ocrx_word' id='word_1_90' title='bbox 516 1490 752 1564; x_wconf 74' lang='grc' dir='ltr'>ἑκάστην</span> <span class='ocrx_word' id='word_1_91' title='bbox 781 1495 1133 1564; x_wconf 78' lang='grc' dir='ltr'>ἀρχιμηνίαν,</span> <span class='ocrx_word' id='word_1_92' title='bbox 1165 1495 1256 1544; x_wconf 73' lang='grc' dir='ltr'>καὶ</span> <span class='ocrx_word' id='word_1_93' title='bbox 1283 1493 1469 1545; x_wconf 76' lang='grc' dir='ltr'>ὕδασιν</span> <span class='ocrx_word' id='word_1_94' title='bbox 1491 1492 1642 1543; x_wconf 76' lang='grc' dir='ltr'>εὔλο-</span> 
     </span>
    </p>
   </div>
   <div class='ocr_carea' id='block_1_16' title="bbox 99 1585 1642 1656">
    <p class='ocr_par' dir='ltr' id='par_1_16' title="bbox 99 1585 1642 1656">
     <span class='ocr_line' id='line_1_16' title="bbox 99 1585 1642 1656; baseline -0.001 -22"><span class='ocrx_word' id='word_1_95' title='bbox 99 1585 236 1649; x_wconf 80' lang='grc' dir='ltr'>γίας,</span> <span class='ocrx_word' id='word_1_96' title='bbox 256 1586 356 1636; x_wconf 74' lang='grc' dir='ltr'><strong>οὐκ</strong></span> <span class='ocrx_word' id='word_1_97' title='bbox 379 1585 717 1652; x_wconf 81' lang='grc' dir='ltr'>ἀντιλογίας,</span> <span class='ocrx_word' id='word_1_98' title='bbox 749 1585 1032 1656; x_wconf 79' lang='grc' dir='ltr'>χριόμεθα.</span> <span class='ocrx_word' id='word_1_99' title='bbox 1064 1585 1126 1637; x_wconf 81' lang='grc' dir='ltr'><em>Ἢ</em></span> <span class='ocrx_word' id='word_1_100' title='bbox 1158 1585 1211 1636; x_wconf 79' lang='grc' dir='ltr'><strong>δὲ</strong></span> <span class='ocrx_word' id='word_1_101' title='bbox 1225 1585 1332 1636; x_wconf 80' lang='grc' dir='ltr'><strong>τῶν</strong></span> <span class='ocrx_word' id='word_1_102' title='bbox 1363 1585 1642 1652; x_wconf 73' lang='grc' dir='ltr'>πυρκαῖῶν</span> 
     </span>
    </p>
   </div>
   <div class='ocr_carea' id='block_1_17' title="bbox 100 1667 1638 1746">
    <p class='ocr_par' dir='ltr' id='par_1_17' title="bbox 100 1667 1638 1746">
     <span class='ocr_line' id='line_1_17' title="bbox 100 1667 1638 1746; baseline 0.001 -22"><span class='ocrx_word' id='word_1_103' title='bbox 100 1667 448 1743; x_wconf 75' lang='grc' dir='ltr'><strong>δαιμονιώδης</strong></span> <span class='ocrx_word' id='word_1_104' title='bbox 481 1676 671 1744; x_wconf 85' lang='grc' dir='ltr'>τελετή</span> <span class='ocrx_word' id='word_1_105' title='bbox 711 1678 804 1729; x_wconf 77' lang='grc' dir='ltr'><strong>καὶ</strong></span> <span class='ocrx_word' id='word_1_106' title='bbox 829 1678 882 1728; x_wconf 83' lang='grc' dir='ltr'>αι</span> <span class='ocrx_word' id='word_1_107' title='bbox 927 1675 1178 1746; x_wconf 76' lang='grc' dir='ltr'><strong>κληδόνες</strong></span> <span class='ocrx_word' id='word_1_108' title='bbox 1209 1676 1443 1741; x_wconf 77' lang='grc' dir='ltr'>ἐγίνοντο</span> <span class='ocrx_word' id='word_1_109' title='bbox 1478 1675 1638 1743; x_wconf 83' lang='grc' dir='ltr'>μέχρι</span> 
     </span>
    </p>
   </div>
   <div class='ocr_carea' id='block_1_18' title="bbox 102 1765 1639 1836">
    <p class='ocr_par' dir='ltr' id='par_1_18' title="bbox 102 1765 1639 1836">
     <span class='ocr_line' id='line_1_18' title="bbox 102 1765 1639 1836; baseline 0.001 -20"><span class='ocrx_word' id='word_1_110' title='bbox 102 1765 190 1831; x_wconf 78' lang='grc' dir='ltr'>τῆς</span> <span class='ocrx_word' id='word_1_111' title='bbox 241 1766 545 1835; x_wconf 77' lang='grc' dir='ltr'><strong>ἐφημερίας</strong></span> <span class='ocrx_word' id='word_1_112' title='bbox 596 1766 694 1820; x_wconf 88' lang='grc' dir='ltr'><strong>τοῦ</strong></span> <span class='ocrx_word' id='word_1_113' title='bbox 735 1767 1038 1833; x_wconf 83' lang='grc' dir='ltr'>ἁγιωτάτου</span> <span class='ocrx_word' id='word_1_114' title='bbox 1080 1767 1417 1836; x_wconf 76' lang='grc' dir='ltr'>πατριάρχου</span> <span class='ocrx_word' id='word_1_115' title='bbox 1473 1765 1639 1834; x_wconf 83' lang='grc' dir='ltr'>κυροῦ</span> 
     </span>
    </p>
   </div>
   <div class='ocr_carea' id='block_1_19' title="bbox 102 1844 1639 1930">
    <p class='ocr_par' dir='ltr' id='par_1_19' title="bbox 102 1844 1639 1930">
     <span class='ocr_line' id='line_1_19' title="bbox 102 1844 1639 1930; baseline 0.003 -25"><span class='ocrx_word' id='word_1_116' title='bbox 102 1855 304 1923; x_wconf 78' lang='grc' dir='ltr'>Μιχαὴλ</span> <span class='ocrx_word' id='word_1_117' title='bbox 340 1855 432 1930; x_wconf 79' lang='grc' dir='ltr'><strong>τοῦ</strong></span> <span class='ocrx_word' id='word_1_118' title='bbox 481 1859 765 1924; x_wconf 76' lang='grc' dir='ltr'>γεγονότος</span> <span class='ocrx_word' id='word_1_119' title='bbox 795 1857 1036 1913; x_wconf 82' lang='grc' dir='ltr'>ὑπάτου</span> <span class='ocrx_word' id='word_1_120' title='bbox 1084 1857 1190 1909; x_wconf 85' lang='grc' dir='ltr'>τῶν</span> <span class='ocrx_word' id='word_1_121' title='bbox 1224 1844 1527 1924; x_wconf 57' lang='grc' dir='ltr'>φιλοσόφων</span> <span class='ocrx_word' id='word_1_122' title='bbox 1558 1859 1639 1917; x_wconf 82' lang='grc' dir='ltr'>εἰς</span> 
     </span>
    </p>
   </div>
   <div class='ocr_carea' id='block_1_20' title="bbox 102 1949 1634 2019">
    <p class='ocr_par' dir='ltr' id='par_1_20' title="bbox 102 1949 1634 2019">
     <span class='ocr_line' id='line_1_20' title="bbox 102 1949 1634 2019; baseline 0.002 -20"><span class='ocrx_word' id='word_1_123' title='bbox 102 1951 294 2017; x_wconf 84' lang='grc' dir='ltr'>ταύτην</span> <span class='ocrx_word' id='word_1_124' title='bbox 331 1950 473 2011; x_wconf 75' lang='grc' dir='ltr'>τέως</span> <span class='ocrx_word' id='word_1_125' title='bbox 499 1950 598 2017; x_wconf 81' lang='grc' dir='ltr'>τὴν</span> <span class='ocrx_word' id='word_1_126' title='bbox 639 1951 748 2003; x_wconf 83' lang='grc' dir='ltr'><strong>τῶν</strong></span> <span class='ocrx_word' id='word_1_127' title='bbox 786 1953 992 2008; x_wconf 87' lang='grc' dir='ltr'>πόλεων</span> <span class='ocrx_word' id='word_1_128' title='bbox 1025 1949 1408 2019; x_wconf 75' lang='grc' dir='ltr'>βασιλεύουσαν</span> <span class='ocrx_word' id='word_1_129' title='bbox 1444 1949 1634 2009; x_wconf 77' lang='grc' dir='ltr'>οὕτως.</span> 
     </span>
    </p>
   </div>
   <div class='ocr_carea' id='block_1_21' title="bbox 103 2040 1641 2111">
    <p class='ocr_par' dir='ltr' id='par_1_21' title="bbox 103 2040 1641 2111">
     <span class='ocr_line' id='line_1_21' title="bbox 103 2040 1641 2111; baseline 0.001 -21"><span class='ocrx_word' id='word_1_130' title='bbox 103 2040 244 2092; x_wconf 75' lang='grc' dir='ltr'>Κατά</span> <span class='ocrx_word' id='word_1_131' title='bbox 289 2040 387 2109; x_wconf 86' lang='grc' dir='ltr'><strong>τὴν</strong></span> <span class='ocrx_word' id='word_1_132' title='bbox 434 2041 674 2110; x_wconf 77' lang='grc' dir='ltr'>ἑσπέραν</span> <span class='ocrx_word' id='word_1_133' title='bbox 730 2041 829 2110; x_wconf 83' lang='grc' dir='ltr'>τῆς</span> <span class='ocrx_word' id='word_1_134' title='bbox 883 2049 968 2107; x_wconf 85' lang='grc' dir='ltr'>κγ’</span> <span class='ocrx_word' id='word_1_135' title='bbox 1059 2042 1152 2094; x_wconf 85' lang='grc' dir='ltr'><strong>τοῦ</strong></span> <span class='ocrx_word' id='word_1_136' title='bbox 1196 2041 1412 2093; x_wconf 82' lang='grc' dir='ltr'>Ἰουνίου</span> <span class='ocrx_word' id='word_1_137' title='bbox 1478 2044 1641 2111; x_wconf 71' lang='grc' dir='ltr'>μηνὶς</span> 
     </span>
    </p>
   </div>
   <div class='ocr_carea' id='block_1_22' title="bbox 102 2130 1643 2201">
    <p class='ocr_par' dir='ltr' id='par_1_22' title="bbox 102 2130 1643 2201">
     <span class='ocr_line' id='line_1_22' title="bbox 102 2130 1643 2201; baseline 0.002 -21"><span class='ocrx_word' id='word_1_138' title='bbox 102 2130 398 2197; x_wconf 74' lang='grc' dir='ltr'>ἠθροίζοντο</span> <span class='ocrx_word' id='word_1_139' title='bbox 424 2134 482 2183; x_wconf 79' lang='grc' dir='ltr'>ὲν</span> <span class='ocrx_word' id='word_1_140' title='bbox 505 2134 622 2196; x_wconf 86' lang='grc' dir='ltr'>ταῖς</span> <span class='ocrx_word' id='word_1_141' title='bbox 648 2133 877 2201; x_wconf 79' lang='grc' dir='ltr'>ῥηγμῖσι</span> <span class='ocrx_word' id='word_1_142' title='bbox 901 2132 993 2183; x_wconf 79' lang='grc' dir='ltr'><strong>καὶ</strong></span> <span class='ocrx_word' id='word_1_143' title='bbox 1024 2132 1080 2183; x_wconf 76' lang='grc' dir='ltr'><strong>ἓν</strong></span> <span class='ocrx_word' id='word_1_144' title='bbox 1101 2149 1240 2184; x_wconf 84' lang='grc' dir='ltr'>τισιν</span> <span class='ocrx_word' id='word_1_145' title='bbox 1267 2133 1434 2186; x_wconf 77' lang='grc' dir='ltr'>οἴκοις</span> <span class='ocrx_word' id='word_1_146' title='bbox 1454 2131 1643 2200; x_wconf 83' lang='grc' dir='ltr'>ἄνδρες</span> 
     </span>
    </p>
   </div>
   <div class='ocr_carea' id='block_1_23' title="bbox 104 2221 1642 2290">
    <p class='ocr_par' dir='ltr' id='par_1_23' title="bbox 104 2221 1642 2290">
     <span class='ocr_line' id='line_1_23' title="bbox 104 2221 1642 2290; baseline 0.001 -20"><span class='ocrx_word' id='word_1_147' title='bbox 104 2222 187 2272; x_wconf 72' lang='grc' dir='ltr'>καὶ</span> <span class='ocrx_word' id='word_1_148' title='bbox 216 2223 497 2287; x_wconf 88' lang='grc' dir='ltr'>γυναῖκες,</span> <span class='ocrx_word' id='word_1_149' title='bbox 529 2223 624 2278; x_wconf 70' lang='grc' dir='ltr'><strong>καὶ</strong></span> <span class='ocrx_word' id='word_1_150' title='bbox 670 2221 1013 2290; x_wconf 83' lang='grc' dir='ltr'>πρωτότοκον</span> <span class='ocrx_word' id='word_1_151' title='bbox 1049 2221 1304 2286; x_wconf 81' lang='grc' dir='ltr'>κοράσιον</span> <span class='ocrx_word' id='word_1_152' title='bbox 1342 2222 1642 2289; x_wconf 79' lang='grc' dir='ltr'>’νυμφικῶς</span> 
     </span>
    </p>
   </div>
   <div class='ocr_carea' id='block_1_24' title="bbox 105 2297 1648 2386">
    <p class='ocr_par' dir='ltr' id='par_1_24' title="bbox 105 2297 1648 2386">
     <span class='ocr_line' id='line_1_24' title="bbox 105 2297 1648 2386; baseline 0.001 -28"><span class='ocrx_word' id='word_1_153' title='bbox 105 2309 386 2372; x_wconf 73' lang='grc' dir='ltr'>ἐστόλιζον.</span> <span class='ocrx_word' id='word_1_154' title='bbox 417 2311 570 2363; x_wconf 81' lang='grc' dir='ltr'>Μετά</span> <span class='ocrx_word' id='word_1_155' title='bbox 600 2309 729 2376; x_wconf 88' lang='grc' dir='ltr'>γοῦν</span> <span class='ocrx_word' id='word_1_156' title='bbox 746 2311 814 2362; x_wconf 77' lang='grc' dir='ltr'><strong>τὸ</strong></span> <span class='ocrx_word' id='word_1_157' title='bbox 839 2309 1212 2377; x_wconf 85' lang='grc' dir='ltr'>συμποσιάσαι</span> <span class='ocrx_word' id='word_1_158' title='bbox 1245 2310 1336 2360; x_wconf 77' lang='grc' dir='ltr'><strong>καὶ</strong></span> <span class='ocrx_word' id='word_1_159' title='bbox 1372 2297 1648 2386; x_wconf 53' lang='lat' dir='ltr'><strong>pulmo;</strong></span> 
     </span>
    </p>
   </div>
   <div class='ocr_carea' id='block_1_25' title="bbox 106 2400 1645 2470">
    <p class='ocr_par' dir='ltr' id='par_1_25' title="bbox 106 2400 1645 2470">
     <span class='ocr_line' id='line_1_25' title="bbox 106 2400 1645 2470; baseline 0.001 -20"><span class='ocrx_word' id='word_1_160' title='bbox 106 2415 252 2468; x_wconf 70' lang='grc' dir='ltr'>τερον</span> <span class='ocrx_word' id='word_1_161' title='bbox 281 2400 642 2470; x_wconf 80' lang='grc' dir='ltr'>ὀρχήσασθαι,</span> <span class='ocrx_word' id='word_1_162' title='bbox 663 2402 757 2453; x_wconf 79' lang='grc' dir='ltr'>καὶ</span> <span class='ocrx_word' id='word_1_163' title='bbox 792 2402 1048 2469; x_wconf 80' lang='grc' dir='ltr'>χορεῦσαι</span> <span class='ocrx_word' id='word_1_164' title='bbox 1083 2404 1177 2453; x_wconf 72' lang='grc' dir='ltr'><strong>καὶ</strong></span> <span class='ocrx_word' id='word_1_165' title='bbox 1208 2401 1492 2465; x_wconf 81' lang='grc' dir='ltr'>ἀλαλάξαι,</span> <span class='ocrx_word' id='word_1_166' title='bbox 1521 2401 1645 2452; x_wconf 74' lang='grc' dir='ltr'><strong>ἐσα-</strong></span> 
     </span>
    </p>
   </div>
   <div class='ocr_carea' id='block_1_26' title="bbox 108 2489 1672 2570">
    <p class='ocr_par' dir='ltr' id='par_1_26' title="bbox 108 2489 1672 2570">
     <span class='ocr_line' id='line_1_26' title="bbox 108 2489 1672 2570; baseline 0.002 -32"><span class='ocrx_word' id='word_1_167' title='bbox 108 2490 189 2541; x_wconf 75' lang='grc' dir='ltr'><strong>λον</strong></span> <span class='ocrx_word' id='word_1_168' title='bbox 223 2491 278 2540; x_wconf 84' lang='grc' dir='ltr'>ὲν</span> <span class='ocrx_word' id='word_1_169' title='bbox 309 2492 518 2558; x_wconf 77' lang='grc' dir='ltr'>ἀγγείῳ</span> <span class='ocrx_word' id='word_1_170' title='bbox 546 2491 796 2570; x_wconf 78' lang='grc' dir='ltr'>συστόμῳ</span> <span class='ocrx_word' id='word_1_171' title='bbox 822 2489 1005 2559; x_wconf 81' lang='grc' dir='ltr'>χαλκῷ</span> <span class='ocrx_word' id='word_1_172' title='bbox 1040 2490 1325 2542; x_wconf 79' lang='grc' dir='ltr'>θαλάττιον</span> <span class='ocrx_word' id='word_1_173' title='bbox 1360 2489 1523 2558; x_wconf 76' lang='grc' dir='ltr'>ὕδωρ,</span> <span class='ocrx_word' id='word_1_174' title='bbox 1553 2490 1672 2541; x_wconf 74' lang='grc' dir='ltr'>καὶ·</span> 
     </span>
    </p>
   </div>
   <div class='ocr_carea' id='block_1_27' title="bbox 106 2580 1642 2650">
    <p class='ocr_par' dir='ltr' id='par_1_27' title="bbox 106 2580 1642 2650">
     <span class='ocr_line' id='line_1_27' title="bbox 106 2580 1642 2650; baseline 0 -18"><span class='ocrx_word' id='word_1_175' title='bbox 106 2580 208 2648; x_wconf 72' lang='grc' dir='ltr'>εἴδη</span> <span class='ocrx_word' id='word_1_176' title='bbox 237 2581 356 2634; x_wconf 78' lang='grc' dir='ltr'>τινὰ</span> <span class='ocrx_word' id='word_1_177' title='bbox 390 2583 604 2650; x_wconf 80' lang='grc' dir='ltr'>ἑκάστῳ</span> <span class='ocrx_word' id='word_1_178' title='bbox 633 2583 836 2634; x_wconf 85' lang='grc' dir='ltr'>τούτων</span> <span class='ocrx_word' id='word_1_179' title='bbox 863 2584 1131 2648; x_wconf 81' lang='grc' dir='ltr'>ἀνήκοντα</span> <span class='ocrx_word' id='word_1_180' title='bbox 1157 2597 1168 2609; x_wconf 90' lang='grc'><strong>·</strong></span> <span class='ocrx_word' id='word_1_181' title='bbox 1200 2583 1291 2639; x_wconf 83' lang='grc' dir='ltr'><strong>καί</strong></span> <span class='ocrx_word' id='word_1_182' title='bbox 1335 2581 1522 2649; x_wconf 82' lang='grc' dir='ltr'>ὥσπερ</span> <span class='ocrx_word' id='word_1_183' title='bbox 1547 2583 1642 2649; x_wconf 80' lang='grc' dir='ltr'>τῆς</span> 
     </span>
    </p>
   </div>
   <div class='ocr_carea' id='block_1_28' title="bbox 108 2673 1645 2744">
    <p class='ocr_par' dir='ltr' id='par_1_28' title="bbox 108 2673 1645 2744">
     <span class='ocr_line' id='line_1_28' title="bbox 108 2673 1645 2744; baseline -0.001 -20"><span class='ocrx_word' id='word_1_184' title='bbox 108 2673 280 2735; x_wconf 78' lang='grc' dir='ltr'>παιδὸς</span> <span class='ocrx_word' id='word_1_185' title='bbox 315 2673 526 2744; x_wconf 78' lang='grc' dir='ltr'>ἐκείνης</span> <span class='ocrx_word' id='word_1_186' title='bbox 568 2673 836 2742; x_wconf 79' lang='grc' dir='ltr'>λαϐούσης</span> <span class='ocrx_word' id='word_1_187' title='bbox 869 2673 1022 2742; x_wconf 74' lang='grc' dir='ltr'>ἰσχὺν</span> <span class='ocrx_word' id='word_1_188' title='bbox 1048 2674 1110 2724; x_wconf 88' lang='grc' dir='ltr'>ὲκ</span> <span class='ocrx_word' id='word_1_189' title='bbox 1138 2673 1228 2725; x_wconf 90' lang='grc' dir='ltr'><strong>τοῦ</strong></span> <span class='ocrx_word' id='word_1_190' title='bbox 1265 2673 1478 2725; x_wconf 82' lang='grc' dir='ltr'>Σατανᾶ</span> <span class='ocrx_word' id='word_1_191' title='bbox 1509 2688 1645 2744; x_wconf 82' lang='grc' dir='ltr'>προ-</span> 
     </span>
    </p>
   </div>
   <div class='ocr_carea' id='block_1_29' title="bbox 109 2742 1644 2833">
    <p class='ocr_par' dir='ltr' id='par_1_29' title="bbox 109 2742 1644 2833">
     <span class='ocr_line' id='line_1_29' title="bbox 109 2742 1644 2833; baseline 0.001 -20"><span class='ocrx_word' id='word_1_192' title='bbox 109 2763 319 2829; x_wconf 75' lang='grc' dir='ltr'>μηνύειν</span> <span class='ocrx_word' id='word_1_193' title='bbox 344 2742 788 2833; x_wconf 64' lang='grc' dir='ltr'>τείὲρωτώμενα,</span> <span class='ocrx_word' id='word_1_194' title='bbox 819 2765 972 2828; x_wconf 76' lang='grc' dir='ltr'>αὑτοὶ</span> <span class='ocrx_word' id='word_1_195' title='bbox 1005 2764 1103 2831; x_wconf 83' lang='grc' dir='ltr'><strong>μὲν</strong></span> <span class='ocrx_word' id='word_1_196' title='bbox 1134 2763 1262 2831; x_wconf 76' lang='grc' dir='ltr'>περὶ</span> <span class='ocrx_word' id='word_1_197' title='bbox 1307 2761 1456 2814; x_wconf 84' lang='grc' dir='ltr'>τοῦδέ</span> <span class='ocrx_word' id='word_1_198' title='bbox 1499 2779 1644 2824; x_wconf 77' lang='grc' dir='ltr'>τινος</span> 
     </span>
    </p>
   </div>
   <div class='ocr_carea' id='block_1_30' title="bbox 110 2855 1639 2926">
    <p class='ocr_par' dir='ltr' id='par_1_30' title="bbox 110 2855 1639 2926">
     <span class='ocr_line' id='line_1_30' title="bbox 110 2855 1639 2926; baseline 0.001 -21"><span class='ocrx_word' id='word_1_199' title='bbox 110 2855 302 2922; x_wconf 73' lang='grc' dir='ltr'>ἀγαθοῦ</span> <span class='ocrx_word' id='word_1_200' title='bbox 333 2858 364 2924; x_wconf 78' lang='grc' dir='ltr'>ἦ</span> <span class='ocrx_word' id='word_1_201' title='bbox 399 2857 492 2908; x_wconf 78' lang='grc' dir='ltr'>καὶ</span> <span class='ocrx_word' id='word_1_202' title='bbox 529 2856 899 2926; x_wconf 77' lang='grc' dir='ltr'>ἀποτροπαίου</span> <span class='ocrx_word' id='word_1_203' title='bbox 934 2857 1168 2908; x_wconf 73' lang='grc' dir='ltr'>ἀνεϐόων</span> <span class='ocrx_word' id='word_1_204' title='bbox 1193 2855 1639 2924; x_wconf 65' lang='grc' dir='ltr'>ἐρωτηματίκῶς.</span> 
     </span>
    </p>
   </div>
   <div class='ocr_carea' id='block_1_31' title="bbox 109 2945 1642 3015">
    <p class='ocr_par' dir='ltr' id='par_1_31' title="bbox 109 2945 1642 3015">
     <span class='ocr_line' id='line_1_31' title="bbox 109 2945 1642 3015; baseline -0.003 -16"><span class='ocrx_word' id='word_1_205' title='bbox 109 2949 177 2999; x_wconf 77' lang='lat' dir='ltr'><strong>T‘o-</strong></span> <span class='ocrx_word' id='word_1_206' title='bbox 196 2948 250 2999; x_wconf 78' lang='grc' dir='ltr'>δὲ</span> <span class='ocrx_word' id='word_1_207' title='bbox 275 2948 552 3015; x_wconf 84' lang='grc' dir='ltr'>κοράσιον,</span> <span class='ocrx_word' id='word_1_208' title='bbox 583 2948 690 2998; x_wconf 80' lang='grc' dir='ltr'><strong>ἀπὸ</strong></span> <span class='ocrx_word' id='word_1_209' title='bbox 720 2949 829 2998; x_wconf 83' lang='grc' dir='ltr'><strong>τῶν</strong></span> <span class='ocrx_word' id='word_1_210' title='bbox 859 2951 915 3000; x_wconf 80' lang='grc' dir='ltr'>ἐν</span> <span class='ocrx_word' id='word_1_211' title='bbox 941 2948 1015 3014; x_wconf 82' lang='grc' dir='ltr'>τῷ</span> <span class='ocrx_word' id='word_1_212' title='bbox 1036 2949 1237 3014; x_wconf 79' lang='grc' dir='ltr'>ἀγγείῳ</span> <span class='ocrx_word' id='word_1_213' title='bbox 1268 2945 1642 3013; x_wconf 80' lang='grc' dir='ltr'>ὲμόληθὲντων</span> 
     </span>
    </p>
   </div>
   <div class='ocr_carea' id='block_1_32' title="bbox 109 3035 1643 3106">
    <p class='ocr_par' dir='ltr' id='par_1_32' title="bbox 109 3035 1643 3106">
     <span class='ocr_line' id='line_1_32' title="bbox 109 3035 1643 3106; baseline 0 -20"><span class='ocrx_word' id='word_1_214' title='bbox 109 3037 249 3090; x_wconf 76' lang='grc' dir='ltr'>εἰδῶν</span> <span class='ocrx_word' id='word_1_215' title='bbox 285 3038 343 3089; x_wconf 83' lang='grc' dir='ltr'>τὸ</span> <span class='ocrx_word' id='word_1_216' title='bbox 374 3035 689 3106; x_wconf 78' lang='grc' dir='ltr'>παρατυχὺν</span> <span class='ocrx_word' id='word_1_217' title='bbox 721 3036 1029 3103; x_wconf 74' lang='grc' dir='ltr'>ἐξαγαγὼν,</span> <span class='ocrx_word' id='word_1_218' title='bbox 1065 3035 1416 3089; x_wconf 78' lang='grc' dir='ltr'>ὑπεδείκνυεν</span> <span class='ocrx_word' id='word_1_219' title='bbox 1438 3052 1452 3065; x_wconf 76' lang='grc'><strong><em>⁸</em></strong></span> <span class='ocrx_word' id='word_1_220' title='bbox 1488 3035 1516 3086; x_wconf 78' lang='grc' dir='ltr'><strong>ὃ</strong></span> <span class='ocrx_word' id='word_1_221' title='bbox 1549 3037 1643 3086; x_wconf 58' lang='grc' dir='ltr'><strong>καὶ¹</strong></span> 
     </span>
    </p>
   </div>
   <div class='ocr_carea' id='block_1_33' title="bbox 109 3127 1644 3197">
    <p class='ocr_par' dir='ltr' id='par_1_33' title="bbox 109 3127 1644 3197">
     <span class='ocr_line' id='line_1_33' title="bbox 109 3127 1644 3197; baseline -0.001 -19"><span class='ocrx_word' id='word_1_222' title='bbox 109 3127 382 3196; x_wconf 76' lang='grc' dir='ltr'>λαμϐάνων</span> <span class='ocrx_word' id='word_1_223' title='bbox 405 3131 432 3181; x_wconf 81' lang='grc' dir='ltr'>ὁ</span> <span class='ocrx_word' id='word_1_224' title='bbox 451 3130 691 3197; x_wconf 75' lang='grc' dir='ltr'>ἀνόητος</span> <span class='ocrx_word' id='word_1_225' title='bbox 707 3127 891 3180; x_wconf 84' lang='grc' dir='ltr'>τούτου</span> <span class='ocrx_word' id='word_1_226' title='bbox 911 3129 1197 3194; x_wconf 81' lang='grc' dir='ltr'>δεσπότης,</span> <span class='ocrx_word' id='word_1_227' title='bbox 1223 3128 1644 3196; x_wconf 79' lang='grc' dir='ltr'>ἐπληροφορεῐτο</span> 
     </span>
    </p>
   </div>
   <div class='ocr_carea' id='block_1_34' title="bbox 1746 670 3368 739">
    <p class='ocr_par' dir='ltr' id='par_1_34' title="bbox 1746 670 3368 739">
     <span class='ocr_line' id='line_1_34' title="bbox 1746 670 3368 739; baseline 0.002 -17"><span class='ocrx_word' id='word_1_228' title='bbox 1746 686 2082 739; x_wconf 77' lang='lat' dir='ltr'><strong>auguresque</strong></span> <span class='ocrx_word' id='word_1_229' title='bbox 2115 671 2387 724; x_wconf 89' lang='lat' dir='ltr'><strong>dicuntur.</strong></span> <span class='ocrx_word' id='word_1_230' title='bbox 2416 670 2743 737; x_wconf 81' lang='lat' dir='ltr'><strong>Ventriluqui</strong></span> <span class='ocrx_word' id='word_1_231' title='bbox 2774 681 2949 723; x_wconf 87' lang='lat' dir='ltr'><strong>autem</strong></span> <span class='ocrx_word' id='word_1_232' title='bbox 2973 673 3280 739; x_wconf 87' lang='lat' dir='ltr'><strong>aruspices-</strong></span> <span class='ocrx_word' id='word_1_233' title='bbox 3364 708 3368 709; x_wconf 48' lang='grc' dir='ltr'><strong>κ</strong></span> 
     </span>
    </p>
   </div>
   <div class='ocr_carea' id='block_1_35' title="bbox 1743 764 3275 832">
    <p class='ocr_par' dir='ltr' id='par_1_35' title="bbox 1743 764 3275 832">
     <span class='ocr_line' id='line_1_35' title="bbox 1743 764 3275 832; baseline 0.001 -18"><span class='ocrx_word' id='word_1_234' title='bbox 1743 778 1845 830; x_wconf 91' lang='lat' dir='ltr'><strong>que</strong></span> <span class='ocrx_word' id='word_1_235' title='bbox 1903 764 2159 827; x_wconf 85' lang='lat' dir='ltr'><strong>dicuntur</strong></span> <span class='ocrx_word' id='word_1_236' title='bbox 2215 780 2426 826; x_wconf 88' lang='lat' dir='ltr'><strong>omnes,</strong></span> <span class='ocrx_word' id='word_1_237' title='bbox 2485 765 2575 832; x_wconf 88' lang='lat' dir='ltr'><strong>qui</strong></span> <span class='ocrx_word' id='word_1_238' title='bbox 2639 764 2888 818; x_wconf 86' lang='lat' dir='ltr'><strong>Satanica</strong></span> <span class='ocrx_word' id='word_1_239' title='bbox 2962 765 3275 817; x_wconf 86' lang='lat' dir='ltr'><strong>incitatione</strong></span> 
     </span>
    </p>
   </div>
   <div class='ocr_carea' id='block_1_36' title="bbox 1745 855 3278 924">
    <p class='ocr_par' dir='ltr' id='par_1_36' title="bbox 1745 855 3278 924">
     <span class='ocr_line' id='line_1_36' title="bbox 1745 855 3278 924; baseline 0.001 -19"><span class='ocrx_word' id='word_1_240' title='bbox 1745 855 1926 919; x_wconf 80' lang='lat' dir='ltr'><strong>amati,</strong></span> <span class='ocrx_word' id='word_1_241' title='bbox 1974 856 2162 908; x_wconf 84' lang='lat' dir='ltr'><strong>dicunt</strong></span> <span class='ocrx_word' id='word_1_242' title='bbox 2219 873 2280 910; x_wconf 86' lang='lat' dir='ltr'><strong>ea</strong></span> <span class='ocrx_word' id='word_1_243' title='bbox 2319 872 2436 924; x_wconf 79' lang='lat' dir='ltr'><strong>quae</strong></span> <span class='ocrx_word' id='word_1_244' title='bbox 2473 857 2715 924; x_wconf 80' lang='lat' dir='ltr'><strong>cognosci</strong></span> <span class='ocrx_word' id='word_1_245' title='bbox 2777 871 2882 909; x_wconf 89' lang='lat' dir='ltr'><strong>non</strong></span> <span class='ocrx_word' id='word_1_246' title='bbox 2927 867 3175 924; x_wconf 81' lang='lat' dir='ltr'><strong>possunt,</strong></span> <span class='ocrx_word' id='word_1_247' title='bbox 3220 865 3278 907; x_wconf 91' lang='lat' dir='ltr'><strong>ut</strong></span> 
     </span>
    </p>
   </div>
   <div class='ocr_carea' id='block_1_37' title="bbox 1743 944 3280 1016">
    <p class='ocr_par' dir='ltr' id='par_1_37' title="bbox 1743 944 3280 1016">
     <span class='ocr_line' id='line_1_37' title="bbox 1743 944 3280 1016; baseline 0.003 -22"><span class='ocrx_word' id='word_1_248' title='bbox 1743 944 1958 1007; x_wconf 74' lang='lat' dir='ltr'><strong>critrize,</strong></span> <span class='ocrx_word' id='word_1_249' title='bbox 2007 947 2306 1013; x_wconf 77' lang='lat' dir='ltr'><strong>athingaui,</strong></span> <span class='ocrx_word' id='word_1_250' title='bbox 2368 947 2883 1016; x_wconf 71' lang='lat' dir='ltr'><strong>pseudoprophetze,</strong></span> <span class='ocrx_word' id='word_1_251' title='bbox 2938 949 3175 1000; x_wconf 66' lang='lat' dir='ltr'><strong>eremitze</strong></span> <span class='ocrx_word' id='word_1_252' title='bbox 3225 955 3280 998; x_wconf 86' lang='lat' dir='ltr'><strong>et</strong></span> 
     </span>
    </p>
   </div>
   <div class='ocr_carea' id='block_1_38' title="bbox 1744 1034 3278 1111">
    <p class='ocr_par' dir='ltr' id='par_1_38' title="bbox 1744 1034 3278 1111">
     <span class='ocr_line' id='line_1_38' title="bbox 1744 1034 3278 1111; baseline 0.004 -27"><span class='ocrx_word' id='word_1_253' title='bbox 1744 1034 1852 1087; x_wconf 93' lang='lat' dir='ltr'><strong>alii.</strong></span> <span class='ocrx_word' id='word_1_254' title='bbox 1893 1034 2012 1111; x_wconf 68' lang='lat' dir='ltr'><strong>llaec</strong></span> <span class='ocrx_word' id='word_1_255' title='bbox 2044 1047 2312 1092; x_wconf 82' lang='lat' dir='ltr'><strong>statuente</strong></span> <span class='ocrx_word' id='word_1_256' title='bbox 2353 1052 2588 1103; x_wconf 79' lang='lat' dir='ltr'><strong>canone,</strong></span> <span class='ocrx_word' id='word_1_257' title='bbox 2626 1038 2890 1090; x_wconf 77' lang='lat' dir='ltr'><strong>Norilunii</strong></span> <span class='ocrx_word' id='word_1_258' title='bbox 2931 1036 3144 1104; x_wconf 84' lang='lat' dir='ltr'><strong>quidem</strong></span> <span class='ocrx_word' id='word_1_259' title='bbox 3205 1037 3278 1090; x_wconf 78' lang='lat' dir='ltr'><strong>fe-</strong></span> 
     </span>
    </p>
   </div>
   <div class='ocr_carea' id='block_1_39' title="bbox 1742 1127 3278 1194">
    <p class='ocr_par' dir='ltr' id='par_1_39' title="bbox 1742 1127 3278 1194">
     <span class='ocr_line' id='line_1_39' title="bbox 1742 1127 3278 1194; baseline 0.002 -16"><span class='ocrx_word' id='word_1_260' title='bbox 1742 1135 1882 1178; x_wconf 76' lang='lat' dir='ltr'><strong>Sllllll</strong></span> <span class='ocrx_word' id='word_1_261' title='bbox 1920 1139 2042 1179; x_wconf 83' lang='lat' dir='ltr'><strong>ante</strong></span> <span class='ocrx_word' id='word_1_262' title='bbox 2095 1143 2263 1180; x_wconf 73' lang='lat' dir='ltr'><strong>ﬂllﬂOS</strong></span> <span class='ocrx_word' id='word_1_263' title='bbox 2321 1145 2531 1181; x_wconf 84' lang='lat' dir='ltr'><strong>onmem</strong></span> <span class='ocrx_word' id='word_1_264' title='bbox 2603 1127 2910 1183; x_wconf 86' lang='lat' dir='ltr'><strong>memoriam</strong></span> <span class='ocrx_word' id='word_1_265' title='bbox 2963 1136 3278 1194; x_wconf 86' lang='lat' dir='ltr'><strong>snperantes</strong></span> 
     </span>
    </p>
   </div>
   <div class='ocr_carea' id='block_1_40' title="bbox 1741 1220 3282 1289">
    <p class='ocr_par' dir='ltr' id='par_1_40' title="bbox 1741 1220 3282 1289">
     <span class='ocr_line' id='line_1_40' title="bbox 1741 1220 3282 1289; baseline 0.003 -21"><span class='ocrx_word' id='word_1_266' title='bbox 1741 1221 1993 1279; x_wconf 80' lang='lat' dir='ltr'><strong>cessavit,</strong></span> <span class='ocrx_word' id='word_1_267' title='bbox 2024 1227 2077 1270; x_wconf 91' lang='lat' dir='ltr'><strong>et</strong></span> <span class='ocrx_word' id='word_1_268' title='bbox 2108 1220 2221 1288; x_wconf 77' lang='lat' dir='ltr'><strong>ejus</strong></span> <span class='ocrx_word' id='word_1_269' title='bbox 2249 1222 2367 1272; x_wconf 90' lang='lat' dir='ltr'><strong>loco</strong></span> <span class='ocrx_word' id='word_1_270' title='bbox 2404 1220 2494 1272; x_wconf 85' lang='lat' dir='ltr'><strong>Dei</strong></span> <span class='ocrx_word' id='word_1_271' title='bbox 2529 1222 2697 1289; x_wconf 80' lang='lat' dir='ltr'><strong>gratia</strong></span> <span class='ocrx_word' id='word_1_272' title='bbox 2730 1221 3114 1289; x_wconf 73' lang='lat' dir='ltr'><strong>propitiatorize</strong></span> <span class='ocrx_word' id='word_1_273' title='bbox 3159 1235 3282 1286; x_wconf 84' lang='lat' dir='ltr'><strong>pre—</strong></span> 
     </span>
    </p>
   </div>
   <div class='ocr_carea' id='block_1_41' title="bbox 1742 1309 3281 1369">
    <p class='ocr_par' dir='ltr' id='par_1_41' title="bbox 1742 1309 3281 1369">
     <span class='ocr_line' id='line_1_41' title="bbox 1742 1309 3281 1369; baseline 0.005 -10"><span class='ocrx_word' id='word_1_274' title='bbox 1742 1311 1832 1360; x_wconf 79' lang='lat' dir='ltr'><strong>ces</strong></span> <span class='ocrx_word' id='word_1_275' title='bbox 1861 1309 1922 1360; x_wconf 85' lang='lat' dir='ltr'><strong>ad</strong></span> <span class='ocrx_word' id='word_1_276' title='bbox 1953 1310 2116 1360; x_wconf 84' lang='lat' dir='ltr'><strong>Deum</strong></span> <span class='ocrx_word' id='word_1_277' title='bbox 2153 1326 2213 1362; x_wconf 89' lang='lat' dir='ltr'><strong>ac</strong></span> <span class='ocrx_word' id='word_1_278' title='bbox 2242 1312 2698 1364; x_wconf 85' lang='lat' dir='ltr'><strong>sanctilicationes</strong></span> <span class='ocrx_word' id='word_1_279' title='bbox 2724 1312 2775 1364; x_wconf 86' lang='lat' dir='ltr'><strong>in</strong></span> <span class='ocrx_word' id='word_1_280' title='bbox 2803 1311 3040 1365; x_wconf 85' lang='lat' dir='ltr'><strong>Ecclesia</strong></span> <span class='ocrx_word' id='word_1_281' title='bbox 3077 1331 3105 1366; x_wconf 85' lang='lat' dir='ltr'><strong>a</strong></span> <span class='ocrx_word' id='word_1_282' title='bbox 3137 1316 3281 1369; x_wconf 11' lang='lat' dir='ltr'><strong>ﬁdelis</strong></span> 
     </span>
    </p>
   </div>
   <div class='ocr_carea' id='block_1_42' title="bbox 1742 1401 3286 1473">
    <p class='ocr_par' dir='ltr' id='par_1_42' title="bbox 1742 1401 3286 1473">
     <span class='ocr_line' id='line_1_42' title="bbox 1742 1401 3286 1473; baseline 0.006 -24"><span class='ocrx_word' id='word_1_283' title='bbox 1742 1401 1938 1469; x_wconf 80' lang='lat' dir='ltr'><strong>populo</strong></span> <span class='ocrx_word' id='word_1_284' title='bbox 1975 1402 2128 1467; x_wconf 85' lang='lat' dir='ltr'><strong>ﬁunt,</strong></span> <span class='ocrx_word' id='word_1_285' title='bbox 2173 1403 2225 1455; x_wconf 92' lang='lat' dir='ltr'><strong>in</strong></span> <span class='ocrx_word' id='word_1_286' title='bbox 2274 1405 2703 1472; x_wconf 85' lang='lat' dir='ltr'><strong>uniuscujusque</strong></span> <span class='ocrx_word' id='word_1_287' title='bbox 2745 1405 2950 1458; x_wconf 87' lang='lat' dir='ltr'><strong>mensis</strong></span> <span class='ocrx_word' id='word_1_288' title='bbox 2993 1406 3286 1473; x_wconf 76' lang='lat' dir='ltr'><strong>principio,</strong></span> 
     </span>
    </p>
   </div>
   <div class='ocr_carea' id='block_1_43' title="bbox 1741 1494 3301 1562">
    <p class='ocr_par' dir='ltr' id='par_1_43' title="bbox 1741 1494 3301 1562">
     <span class='ocr_line' id='line_1_43' title="bbox 1741 1494 3301 1562; baseline 0.002 -16"><span class='ocrx_word' id='word_1_289' title='bbox 1741 1503 1793 1546; x_wconf 92' lang='lat' dir='ltr'><strong>et</strong></span> <span class='ocrx_word' id='word_1_290' title='bbox 1821 1509 1956 1562; x_wconf 88' lang='lat' dir='ltr'><strong>aqua</strong></span> <span class='ocrx_word' id='word_1_291' title='bbox 1995 1494 2408 1562; x_wconf 85' lang='lat' dir='ltr'><strong>benedictionis,</strong></span> <span class='ocrx_word' id='word_1_292' title='bbox 2461 1513 2567 1551; x_wconf 90' lang='lat' dir='ltr'><strong>non</strong></span> <span class='ocrx_word' id='word_1_293' title='bbox 2615 1497 3086 1562; x_wconf 85' lang='lat' dir='ltr'><strong>eontradictiouis,</strong></span> <span class='ocrx_word' id='word_1_294' title='bbox 3122 1499 3301 1562; x_wconf 34' lang='lat' dir='ltr'><strong>inu‘ug</strong></span> 
     </span>
    </p>
   </div>
   <div class='ocr_carea' id='block_1_44' title="bbox 1741 1587 3281 1656">
    <p class='ocr_par' dir='ltr' id='par_1_44' title="bbox 1741 1587 3281 1656">
     <span class='ocr_line' id='line_1_44' title="bbox 1741 1587 3281 1656; baseline 0.004 -23"><span class='ocrx_word' id='word_1_295' title='bbox 1741 1588 1934 1655; x_wconf 74' lang='lat' dir='ltr'><strong>gimur.</strong></span> <span class='ocrx_word' id='word_1_296' title='bbox 1967 1587 2239 1651; x_wconf 75' lang='lat' dir='ltr'><strong>Rogorum</strong></span> <span class='ocrx_word' id='word_1_297' title='bbox 2292 1600 2470 1642; x_wconf 89' lang='lat' dir='ltr'><strong>autem</strong></span> <span class='ocrx_word' id='word_1_298' title='bbox 2520 1589 2909 1643; x_wconf 67' lang='lat' dir='ltr'><strong>daemoniacum</strong></span> <span class='ocrx_word' id='word_1_299' title='bbox 2967 1589 3281 1656; x_wconf 84' lang='lat' dir='ltr'><strong>mysterium</strong></span> 
     </span>
    </p>
   </div>
   <div class='ocr_carea' id='block_1_45' title="bbox 1742 1677 3282 1746">
    <p class='ocr_par' dir='ltr' id='par_1_45' title="bbox 1742 1677 3282 1746">
     <span class='ocr_line' id='line_1_45' title="bbox 1742 1677 3282 1746; baseline -0.001 -17"><span class='ocrx_word' id='word_1_300' title='bbox 1742 1685 2026 1744; x_wconf 80' lang='lat' dir='ltr'><strong>sortesque</strong></span> <span class='ocrx_word' id='word_1_301' title='bbox 2084 1678 2301 1740; x_wconf 81' lang='lat' dir='ltr'><strong>ﬁebant,</strong></span> <span class='ocrx_word' id='word_1_302' title='bbox 2359 1693 2529 1746; x_wconf 84' lang='lat' dir='ltr'><strong>usque</strong></span> <span class='ocrx_word' id='word_1_303' title='bbox 2574 1680 2637 1730; x_wconf 91' lang='lat' dir='ltr'><strong>ad</strong></span> <span class='ocrx_word' id='word_1_304' title='bbox 2695 1689 2906 1744; x_wconf 86' lang='lat' dir='ltr'><strong>tempus</strong></span> <span class='ocrx_word' id='word_1_305' title='bbox 2961 1677 3282 1730; x_wconf 82' lang='lat' dir='ltr'><strong>sanetissimi</strong></span> 
     </span>
    </p>
   </div>
   <div class='ocr_carea' id='block_1_46' title="bbox 1739 1767 3281 1836">
    <p class='ocr_par' dir='ltr' id='par_1_46' title="bbox 1739 1767 3281 1836">
     <span class='ocr_line' id='line_1_46' title="bbox 1739 1767 3281 1836; baseline -0.002 -17"><span class='ocrx_word' id='word_1_306' title='bbox 1739 1770 2061 1836; x_wconf 67' lang='lat' dir='ltr'><strong>patriarchae</strong></span> <span class='ocrx_word' id='word_1_307' title='bbox 2099 1769 2303 1822; x_wconf 86' lang='lat' dir='ltr'><strong>domini</strong></span> <span class='ocrx_word' id='word_1_308' title='bbox 2354 1769 2652 1831; x_wconf 78' lang='lat' dir='ltr'><strong>Michaelis,</strong></span> <span class='ocrx_word' id='word_1_309' title='bbox 2686 1770 2776 1836; x_wconf 88' lang='lat' dir='ltr'><strong>qui</strong></span> <span class='ocrx_word' id='word_1_310' title='bbox 2805 1768 2904 1820; x_wconf 83' lang='lat' dir='ltr'><strong>luit</strong></span> <span class='ocrx_word' id='word_1_311' title='bbox 2934 1767 3281 1834; x_wconf 83' lang='lat' dir='ltr'><strong>philosopho-</strong></span> 
     </span>
    </p>
   </div>
   <div class='ocr_carea' id='block_1_47' title="bbox 1742 1856 3284 1936">
    <p class='ocr_par' dir='ltr' id='par_1_47' title="bbox 1742 1856 3284 1936">
     <span class='ocr_line' id='line_1_47' title="bbox 1742 1856 3284 1936; baseline -0.001 -25"><span class='ocrx_word' id='word_1_312' title='bbox 1742 1873 1859 1911; x_wconf 85' lang='lat' dir='ltr'><strong>rum</strong></span> <span class='ocrx_word' id='word_1_313' title='bbox 1892 1861 2139 1936; x_wconf 77' lang='lat' dir='ltr'><strong>princeps</strong></span> <span class='ocrx_word' id='word_1_314' title='bbox 2164 1860 2215 1911; x_wconf 93' lang='lat' dir='ltr'><strong>in</strong></span> <span class='ocrx_word' id='word_1_315' title='bbox 2246 1861 2346 1912; x_wconf 89' lang='lat' dir='ltr'><strong>hac</strong></span> <span class='ocrx_word' id='word_1_316' title='bbox 2379 1862 2586 1913; x_wconf 88' lang='lat' dir='ltr'><strong>urbium</strong></span> <span class='ocrx_word' id='word_1_317' title='bbox 2639 1861 2846 1926; x_wconf 75' lang='lat' dir='ltr'><strong>regina.</strong></span> <span class='ocrx_word' id='word_1_318' title='bbox 2877 1856 3005 1910; x_wconf 87' lang='lat' dir='ltr'><strong>&#39;lloe</strong></span> <span class='ocrx_word' id='word_1_319' title='bbox 3033 1859 3187 1908; x_wconf 89' lang='lat' dir='ltr'><strong>modo</strong></span> <span class='ocrx_word' id='word_1_320' title='bbox 3213 1856 3284 1909; x_wconf 73' lang='lat'><strong>‘23</strong></span> 
     </span>
    </p>
   </div>
   <div class='ocr_carea' id='block_1_48' title="bbox 1743 1950 3283 2019">
    <p class='ocr_par' dir='ltr' id='par_1_48' title="bbox 1743 1950 3283 2019">
     <span class='ocr_line' id='line_1_48' title="bbox 1743 1950 3283 2019; baseline -0.003 -16"><span class='ocrx_word' id='word_1_321' title='bbox 1743 1952 1944 2005; x_wconf 80' lang='lat' dir='ltr'><strong>mensis</strong></span> <span class='ocrx_word' id='word_1_322' title='bbox 1980 1950 2123 2004; x_wconf 83' lang='lat' dir='ltr'><strong>Junii</strong></span> <span class='ocrx_word' id='word_1_323' title='bbox 2170 1966 2392 2017; x_wconf 84' lang='lat' dir='ltr'><strong>vespere</strong></span> <span class='ocrx_word' id='word_1_324' title='bbox 2445 1956 2775 2019; x_wconf 80' lang='lat' dir='ltr'><strong>cogebantur</strong></span> <span class='ocrx_word' id='word_1_325' title='bbox 2827 1951 2882 2006; x_wconf 87' lang='lat' dir='ltr'><strong>in</strong></span> <span class='ocrx_word' id='word_1_326' title='bbox 2926 1950 3192 2002; x_wconf 86' lang='lat' dir='ltr'><strong>littoribus</strong></span> <span class='ocrx_word' id='word_1_327' title='bbox 3229 1958 3283 1998; x_wconf 88' lang='lat' dir='ltr'><strong>et</strong></span> 
     </span>
    </p>
   </div>
   <div class='ocr_carea' id='block_1_49' title="bbox 1741 2025 3280 2110">
    <p class='ocr_par' dir='ltr' id='par_1_49' title="bbox 1741 2025 3280 2110">
     <span class='ocr_line' id='line_1_49' title="bbox 1741 2025 3280 2110; baseline -0.003 -16"><span class='ocrx_word' id='word_1_328' title='bbox 1741 2042 2065 2110; x_wconf 86' lang='lat' dir='ltr'><strong>quibusdam</strong></span> <span class='ocrx_word' id='word_1_329' title='bbox 2093 2041 2300 2096; x_wconf 73' lang='lat' dir='ltr'><strong>azdibus</strong></span> <span class='ocrx_word' id='word_1_330' title='bbox 2340 2043 2441 2095; x_wconf 87' lang='lat' dir='ltr'><strong>viri</strong></span> <span class='ocrx_word' id='word_1_331' title='bbox 2478 2055 2528 2095; x_wconf 88' lang='lat' dir='ltr'><strong>et</strong></span> <span class='ocrx_word' id='word_1_332' title='bbox 2560 2044 2836 2100; x_wconf 86' lang='lat' dir='ltr'><strong>mulieres,</strong></span> <span class='ocrx_word' id='word_1_333' title='bbox 2861 2025 2922 2094; x_wconf 28' lang='lat' dir='ltr'><strong>‘et</strong></span> <span class='ocrx_word' id='word_1_334' title='bbox 2954 2040 3280 2108; x_wconf 76' lang='lat' dir='ltr'><strong>primogeni-</strong></span> 
     </span>
    </p>
   </div>
   <div class='ocr_carea' id='block_1_50' title="bbox 1743 2112 3280 2201">
    <p class='ocr_par' dir='ltr' id='par_1_50' title="bbox 1743 2112 3280 2201">
     <span class='ocr_line' id='line_1_50' title="bbox 1743 2112 3280 2201; baseline -0.001 -17"><span class='ocrx_word' id='word_1_335' title='bbox 1743 2142 1848 2185; x_wconf 82' lang='lat' dir='ltr'><strong>tam</strong></span> <span class='ocrx_word' id='word_1_336' title='bbox 1888 2112 2118 2201; x_wconf 87' lang='lat' dir='ltr'><strong>puellam</strong></span> <span class='ocrx_word' id='word_1_337' title='bbox 2176 2135 2349 2186; x_wconf 88' lang='lat' dir='ltr'><strong>instar</strong></span> <span class='ocrx_word' id='word_1_338' title='bbox 2392 2149 2605 2200; x_wconf 71' lang='lat' dir='ltr'><strong>sponsa:</strong></span> <span class='ocrx_word' id='word_1_339' title='bbox 2655 2134 2944 2185; x_wconf 77' lang='lat' dir='ltr'><strong>ornabant.</strong></span> <span class='ocrx_word' id='word_1_340' title='bbox 2994 2131 3280 2199; x_wconf 83' lang='lat' dir='ltr'><strong>Postquam</strong></span> 
     </span>
    </p>
   </div>
   <div class='ocr_carea' id='block_1_51' title="bbox 1739 2207 3283 2293">
    <p class='ocr_par' dir='ltr' id='par_1_51' title="bbox 1739 2207 3283 2293">
     <span class='ocr_line' id='line_1_51' title="bbox 1739 2207 3283 2293; baseline -0.005 -13"><span class='ocrx_word' id='word_1_341' title='bbox 1739 2240 1870 2293; x_wconf 76' lang='lat' dir='ltr'><strong>ergo</strong></span> <span class='ocrx_word' id='word_1_342' title='bbox 1924 2207 2187 2283; x_wconf 77' lang='lat' dir='ltr'><strong>convivali</strong></span> <span class='ocrx_word' id='word_1_343' title='bbox 2244 2234 2447 2288; x_wconf 87' lang='lat' dir='ltr'><strong>essent,</strong></span> <span class='ocrx_word' id='word_1_344' title='bbox 2506 2235 2553 2277; x_wconf 91' lang='lat' dir='ltr'><strong>et</strong></span> <span class='ocrx_word' id='word_1_345' title='bbox 2615 2226 2972 2276; x_wconf 88' lang='lat' dir='ltr'><strong>bacchantum</strong></span> <span class='ocrx_word' id='word_1_346' title='bbox 3030 2224 3133 2275; x_wconf 88' lang='lat' dir='ltr'><strong>ritu</strong></span> <span class='ocrx_word' id='word_1_347' title='bbox 3178 2207 3283 2276; x_wconf 77' lang='lat' dir='ltr'><strong>sal-</strong></span> 
     </span>
    </p>
   </div>
   <div class='ocr_carea' id='block_1_52' title="bbox 1743 2300 3281 2380">
    <p class='ocr_par' dir='ltr' id='par_1_52' title="bbox 1743 2300 3281 2380">
     <span class='ocr_line' id='line_1_52' title="bbox 1743 2300 3281 2380; baseline 0 -15"><span class='ocrx_word' id='word_1_348' title='bbox 1743 2322 1947 2367; x_wconf 78' lang='lat' dir='ltr'><strong>lassent</strong></span> <span class='ocrx_word' id='word_1_349' title='bbox 1971 2322 2026 2367; x_wconf 87' lang='lat' dir='ltr'><strong>et</strong></span> <span class='ocrx_word' id='word_1_350' title='bbox 2064 2313 2291 2367; x_wconf 86' lang='lat' dir='ltr'><strong>choreas</strong></span> <span class='ocrx_word' id='word_1_351' title='bbox 2318 2314 2624 2374; x_wconf 75' lang='lat' dir='ltr'><strong>duxissent,</strong></span> <span class='ocrx_word' id='word_1_352' title='bbox 2664 2314 2716 2366; x_wconf 90' lang='lat' dir='ltr'><strong>in</strong></span> <span class='ocrx_word' id='word_1_353' title='bbox 2754 2300 3019 2380; x_wconf 78' lang='lat' dir='ltr'><strong>festisque</strong></span> <span class='ocrx_word' id='word_1_354' title='bbox 3050 2328 3281 2367; x_wconf 75' lang='lat' dir='ltr'><strong>COﬂSIlC-</strong></span> 
     </span>
    </p>
   </div>
   <div class='ocr_carea' id='block_1_53' title="bbox 1743 2404 3286 2473">
    <p class='ocr_par' dir='ltr' id='par_1_53' title="bbox 1743 2404 3286 2473">
     <span class='ocr_line' id='line_1_53' title="bbox 1743 2404 3286 2473; baseline -0.002 -17"><span class='ocrx_word' id='word_1_355' title='bbox 1743 2411 1824 2456; x_wconf 80' lang='lat' dir='ltr'><strong>tas</strong></span> <span class='ocrx_word' id='word_1_356' title='bbox 1880 2405 2304 2458; x_wconf 80' lang='lat' dir='ltr'><strong>exclamationes</strong></span> <span class='ocrx_word' id='word_1_357' title='bbox 2349 2412 2724 2473; x_wconf 87' lang='lat' dir='ltr'><strong>usurpassent,</strong></span> <span class='ocrx_word' id='word_1_358' title='bbox 2778 2405 2831 2456; x_wconf 91' lang='lat' dir='ltr'><strong>in</strong></span> <span class='ocrx_word' id='word_1_359' title='bbox 2869 2421 2964 2457; x_wconf 84' lang='lat' dir='ltr'><strong>vas</strong></span> <span class='ocrx_word' id='word_1_360' title='bbox 2998 2404 3108 2456; x_wconf 89' lang='lat' dir='ltr'><strong>oris</strong></span> <span class='ocrx_word' id='word_1_361' title='bbox 3153 2416 3286 2456; x_wconf 91' lang='lat' dir='ltr'><strong>con-</strong></span> 
     </span>
    </p>
   </div>
   <div class='ocr_carea' id='block_1_54' title="bbox 1744 2491 3282 2562">
    <p class='ocr_par' dir='ltr' id='par_1_54' title="bbox 1744 2491 3282 2562">
     <span class='ocr_line' id='line_1_54' title="bbox 1744 2491 3282 2562; baseline -0.001 -16"><span class='ocrx_word' id='word_1_362' title='bbox 1744 2491 2018 2547; x_wconf 87' lang='lat' dir='ltr'><strong>tractioris</strong></span> <span class='ocrx_word' id='word_1_363' title='bbox 2077 2496 2338 2547; x_wconf 84' lang='lat' dir='ltr'><strong>marinam</strong></span> <span class='ocrx_word' id='word_1_364' title='bbox 2396 2508 2588 2562; x_wconf 87' lang='lat' dir='ltr'><strong>aquam</strong></span> <span class='ocrx_word' id='word_1_365' title='bbox 2671 2493 3025 2561; x_wconf 87' lang='lat' dir='ltr'><strong>injiciebant,</strong></span> <span class='ocrx_word' id='word_1_366' title='bbox 3076 2501 3129 2545; x_wconf 88' lang='lat' dir='ltr'><strong>ot</strong></span> <span class='ocrx_word' id='word_1_367' title='bbox 3193 2507 3282 2546; x_wconf 85' lang='lat' dir='ltr'><strong>res</strong></span> 
     </span>
    </p>
   </div>
   <div class='ocr_carea' id='block_1_55' title="bbox 1742 2585 3279 2654">
    <p class='ocr_par' dir='ltr' id='par_1_55' title="bbox 1742 2585 3279 2654">
     <span class='ocr_line' id='line_1_55' title="bbox 1742 2585 3279 2654; baseline -0.001 -16"><span class='ocrx_word' id='word_1_368' title='bbox 1742 2586 2002 2654; x_wconf 85' lang='lat' dir='ltr'><strong>quasdam</strong></span> <span class='ocrx_word' id='word_1_369' title='bbox 2028 2587 2092 2638; x_wconf 89' lang='lat' dir='ltr'><strong>ad</strong></span> <span class='ocrx_word' id='word_1_370' title='bbox 2127 2598 2602 2654; x_wconf 88' lang='lat' dir='ltr'><strong>_unumquemque</strong></span> <span class='ocrx_word' id='word_1_371' title='bbox 2661 2598 2847 2651; x_wconf 84' lang='lat' dir='ltr'><strong>eorum</strong></span> <span class='ocrx_word' id='word_1_372' title='bbox 2909 2585 3237 2654; x_wconf 85' lang='lat' dir='ltr'><strong>pertinentes</strong></span> <span class='ocrx_word' id='word_1_373' title='bbox 3267 2601 3279 2636; x_wconf 91' lang='lat'>:</span> 
     </span>
    </p>
   </div>
   <div class='ocr_carea' id='block_1_56' title="bbox 1741 2675 3286 2748">
    <p class='ocr_par' dir='ltr' id='par_1_56' title="bbox 1741 2675 3286 2748">
     <span class='ocr_line' id='line_1_56' title="bbox 1741 2675 3286 2748; baseline -0.002 -17"><span class='ocrx_word' id='word_1_374' title='bbox 1741 2685 1797 2731; x_wconf 76' lang='lat' dir='ltr'><strong>et</strong></span> <span class='ocrx_word' id='word_1_375' title='bbox 1825 2687 2074 2745; x_wconf 83' lang='lat' dir='ltr'><strong>tauquam</strong></span> <span class='ocrx_word' id='word_1_376' title='bbox 2107 2677 2414 2748; x_wconf 75' lang='lat' dir='ltr'><strong>puella&#39;illa</strong></span> <span class='ocrx_word' id='word_1_377' title='bbox 2444 2690 2473 2727; x_wconf 89' lang='lat' dir='ltr'><strong>a</strong></span> <span class='ocrx_word' id='word_1_378' title='bbox 2522 2676 2722 2729; x_wconf 84' lang='lat' dir='ltr'><strong>Satana</strong></span> <span class='ocrx_word' id='word_1_379' title='bbox 2771 2675 3076 2729; x_wconf 87' lang='lat' dir='ltr'><strong>lacultatem</strong></span> <span class='ocrx_word' id='word_1_380' title='bbox 3131 2691 3286 2730; x_wconf 79' lang='lat' dir='ltr'><strong>acce-</strong></span> 
     </span>
    </p>
   </div>
   <div class='ocr_carea' id='block_1_57' title="bbox 1744 2756 3283 2838">
    <p class='ocr_par' dir='ltr' id='par_1_57' title="bbox 1744 2756 3283 2838">
     <span class='ocr_line' id='line_1_57' title="bbox 1744 2756 3283 2838; baseline -0.001 -18"><span class='ocrx_word' id='word_1_381' title='bbox 1744 2770 1914 2838; x_wconf 89' lang='lat' dir='ltr'><strong>pisset</strong></span> <span class='ocrx_word' id='word_1_382' title='bbox 1966 2769 2145 2821; x_wconf 78' lang='lat' dir='ltr'><strong>futura</strong></span> <span class='ocrx_word' id='word_1_383' title='bbox 2200 2768 2541 2837; x_wconf 76' lang='lat' dir='ltr'><strong>praedicendi,</strong></span> <span class='ocrx_word' id='word_1_384' title='bbox 2599 2768 2700 2835; x_wconf 87' lang='lat' dir='ltr'><strong>ipsi</strong></span> <span class='ocrx_word' id='word_1_385' title='bbox 2751 2767 2968 2834; x_wconf 75' lang='lat' dir='ltr'><strong>Quidem</strong></span> <span class='ocrx_word' id='word_1_386' title='bbox 3012 2769 3078 2819; x_wconf 86' lang='lat' dir='ltr'><strong>de</strong></span> <span class='ocrx_word' id='word_1_387' title='bbox 3140 2756 3283 2820; x_wconf 87' lang='lat' dir='ltr'><strong>bono</strong></span> 
     </span>
    </p>
   </div>
   <div class='ocr_carea' id='block_1_58' title="bbox 1742 2856 3277 2931">
    <p class='ocr_par' dir='ltr' id='par_1_58' title="bbox 1742 2856 3277 2931">
     <span class='ocr_line' id='line_1_58' title="bbox 1742 2856 3277 2931; baseline -0.003 -20"><span class='ocrx_word' id='word_1_388' title='bbox 1742 2861 1944 2926; x_wconf 88' lang='lat' dir='ltr'><strong>aliquo,</strong></span> <span class='ocrx_word' id='word_1_389' title='bbox 1977 2860 2058 2911; x_wconf 85' lang='lat' dir='ltr'><strong>vel</strong></span> <span class='ocrx_word' id='word_1_390' title='bbox 2095 2860 2256 2911; x_wconf 86' lang='lat' dir='ltr'><strong>etiam</strong></span> <span class='ocrx_word' id='word_1_391' title='bbox 2294 2857 2689 2931; x_wconf 80' lang='lat' dir='ltr'><strong>aversandoac</strong></span> <span class='ocrx_word' id='word_1_392' title='bbox 2720 2856 2976 2926; x_wconf 70' lang='lat' dir='ltr'><strong>fugiendo</strong></span> <span class='ocrx_word' id='word_1_393' title='bbox 3001 2857 3277 2924; x_wconf 85' lang='lat' dir='ltr'><strong>quopiam,</strong></span> 
     </span>
    </p>
   </div>
   <div class='ocr_carea' id='block_1_59' title="bbox 1743 2946 3286 3019">
    <p class='ocr_par' dir='ltr' id='par_1_59' title="bbox 1743 2946 3286 3019">
     <span class='ocr_line' id='line_1_59' title="bbox 1743 2946 3286 3019; baseline -0.001 -17"><span class='ocrx_word' id='word_1_394' title='bbox 1743 2950 2125 3019; x_wconf 75' lang='lat' dir='ltr'><strong>interrogando</strong></span> <span class='ocrx_word' id='word_1_395' title='bbox 2157 2948 2555 3002; x_wconf 74' lang='lat' dir='ltr'><strong>exclamabant.</strong></span> <span class='ocrx_word' id='word_1_396' title='bbox 2586 2946 2785 3000; x_wconf 83' lang='lat' dir='ltr'><strong>Puella‘</strong></span> <span class='ocrx_word' id='word_1_397' title='bbox 2810 2957 2986 3002; x_wconf 88' lang='lat' dir='ltr'><strong>autem</strong></span> <span class='ocrx_word' id='word_1_398' title='bbox 3025 2963 3086 3000; x_wconf 83' lang='lat' dir='ltr'><strong>ex</strong></span> <span class='ocrx_word' id='word_1_399' title='bbox 3119 2949 3286 3002; x_wconf 80' lang='lat' dir='ltr'><strong>rebus</strong></span> 
     </span>
    </p>
   </div>
   <div class='ocr_carea' id='block_1_60' title="bbox 1745 3038 3278 3110">
    <p class='ocr_par' dir='ltr' id='par_1_60' title="bbox 1745 3038 3278 3110">
     <span class='ocr_line' id='line_1_60' title="bbox 1745 3038 3278 3110; baseline -0.003 -14"><span class='ocrx_word' id='word_1_400' title='bbox 1745 3042 1796 3096; x_wconf 90' lang='lat' dir='ltr'><strong>in</strong></span> <span class='ocrx_word' id='word_1_401' title='bbox 1853 3057 1945 3104; x_wconf 75' lang='lat' dir='ltr'><strong>vas</strong></span> <span class='ocrx_word' id='word_1_402' title='bbox 2013 3041 2227 3110; x_wconf 75' lang='lat' dir='ltr'><strong>injectis</strong></span> <span class='ocrx_word' id='word_1_403' title='bbox 2296 3056 2437 3104; x_wconf 89' lang='lat' dir='ltr'><strong>eam,</strong></span> <span class='ocrx_word' id='word_1_404' title='bbox 2509 3055 2628 3109; x_wconf 72' lang='lat' dir='ltr'><strong>qua:</strong></span> <span class='ocrx_word' id='word_1_405' title='bbox 2683 3039 2978 3099; x_wconf 86' lang='lat' dir='ltr'><strong>incidisset,</strong></span> <span class='ocrx_word' id='word_1_406' title='bbox 3029 3038 3278 3092; x_wconf 87' lang='lat' dir='ltr'><strong>eductam</strong></span> 
     </span>
    </p>
   </div>
   <div class='ocr_carea' id='block_1_61' title="bbox 1745 3130 3282 3202">
    <p class='ocr_par' dir='ltr' id='par_1_61' title="bbox 1745 3130 3282 3202">
     <span class='ocr_line' id='line_1_61' title="bbox 1745 3130 3282 3202; baseline 0 -16"><span class='ocrx_word' id='word_1_407' title='bbox 1745 3134 2093 3196; x_wconf 83' lang='lat' dir='ltr'><strong>ostendebat;</strong></span> <span class='ocrx_word' id='word_1_408' title='bbox 2149 3147 2307 3200; x_wconf 84' lang='lat' dir='ltr'><strong>quam</strong></span> <span class='ocrx_word' id='word_1_409' title='bbox 2362 3131 2523 3184; x_wconf 89' lang='lat' dir='ltr'><strong>etiam</strong></span> <span class='ocrx_word' id='word_1_410' title='bbox 2577 3131 2847 3198; x_wconf 89' lang='lat' dir='ltr'><strong>accipiens</strong></span> <span class='ocrx_word' id='word_1_411' title='bbox 2907 3130 3106 3184; x_wconf 90' lang='lat' dir='ltr'><strong>stultus</strong></span> <span class='ocrx_word' id='word_1_412' title='bbox 3164 3132 3282 3202; x_wconf 84' lang='lat' dir='ltr'><strong>ejus</strong></span> 
     </span>
    </p>
   </div>
   <div class='ocr_carea' id='block_1_62' title="bbox 110 3218 1642 3307">
    <p class='ocr_par' dir='ltr' id='par_1_62' title="bbox 110 3218 1639 3288">
     <span class='ocr_line' id='line_1_62' title="bbox 110 3218 1639 3288; baseline -0.003 -18"><span class='ocrx_word' id='word_1_413' title='bbox 110 3221 232 3286; x_wconf 73' lang='grc' dir='ltr'>τάχα</span> <span class='ocrx_word' id='word_1_414' title='bbox 262 3220 324 3272; x_wconf 81' lang='grc' dir='ltr'>τὰ</span> <span class='ocrx_word' id='word_1_415' title='bbox 350 3221 436 3272; x_wconf 84' lang='grc' dir='ltr'>ἐπ’</span> <span class='ocrx_word' id='word_1_416' title='bbox 470 3219 621 3288; x_wconf 86' lang='grc' dir='ltr'>αῦτῷ</span> <span class='ocrx_word' id='word_1_417' title='bbox 657 3218 984 3288; x_wconf 79' lang='grc' dir='ltr'>συνεχθῆναι</span> <span class='ocrx_word' id='word_1_418' title='bbox 1023 3218 1309 3287; x_wconf 76' lang='grc' dir='ltr'>μέλλοντα,</span> <span class='ocrx_word' id='word_1_419' title='bbox 1347 3218 1545 3283; x_wconf 81' lang='grc' dir='ltr'>εὐτυχῆ</span> <span class='ocrx_word' id='word_1_420' title='bbox 1584 3233 1639 3266; x_wconf 86' lang='grc' dir='ltr'><strong>τε</strong></span> 
     </span>
    </p>
   </div>
   <div class='ocr_carea' id='block_1_63' title="bbox 1741 3218 3283 3307">
    <p class='ocr_par' dir='ltr' id='par_1_63' title="bbox 1747 3219 3283 3291">
     <span class='ocr_line' id='line_1_63' title="bbox 1747 3219 3283 3291; baseline -0.001 -17"><span class='ocrx_word' id='word_1_421' title='bbox 1747 3224 2016 3287; x_wconf 78' lang='lat' dir='ltr'><strong>thlltit-llts,</strong></span> <span class='ocrx_word' id='word_1_422' title='bbox 2069 3224 2266 3278; x_wconf 74' lang='lat' dir='ltr'><strong>certior</strong></span> <span class='ocrx_word' id='word_1_423' title='bbox 2312 3219 2492 3275; x_wconf 81' lang='lat' dir='ltr'><strong>forsan</strong></span> <span class='ocrx_word' id='word_1_424' title='bbox 2546 3220 2704 3274; x_wconf 80' lang='lat' dir='ltr'><strong>ﬁebat</strong></span> <span class='ocrx_word' id='word_1_425' title='bbox 2755 3219 2821 3275; x_wconf 90' lang='lat' dir='ltr'><strong>de</strong></span> <span class='ocrx_word' id='word_1_426' title='bbox 2880 3223 3153 3291; x_wconf 82' lang='lat' dir='ltr'><strong>prosperis</strong></span> <span class='ocrx_word' id='word_1_427' title='bbox 3201 3223 3283 3274; x_wconf 89' lang='lat' dir='ltr'><strong>vel</strong></span> 
     </span>
    </p>
   </div>
   <div class='ocr_carea' id='block_1_64' title="bbox 111 3307 1644 3380">
    <p class='ocr_par' dir='ltr' id='par_1_64' title="bbox 111 3307 1644 3380">
     <span class='ocr_line' id='line_1_64' title="bbox 111 3307 1644 3380; baseline -0.003 -20"><span class='ocrx_word' id='word_1_428' title='bbox 111 3312 198 3360; x_wconf 78' lang='grc' dir='ltr'><strong>καί</strong></span> <span class='ocrx_word' id='word_1_429' title='bbox 232 3309 488 3380; x_wconf 76' lang='grc' dir='ltr'>δυστυχῆ.</span> <span class='ocrx_word' id='word_1_430' title='bbox 527 3308 913 3380; x_wconf 52' lang='grc' dir='ltr'>Τῇμέπαύριον</span> <span class='ocrx_word' id='word_1_431' title='bbox 950 3307 1005 3359; x_wconf 85' lang='grc' dir='ltr'>δὲ</span> <span class='ocrx_word' id='word_1_432' title='bbox 1051 3307 1187 3376; x_wconf 81' lang='grc' dir='ltr'><strong>μετά</strong></span> <span class='ocrx_word' id='word_1_433' title='bbox 1221 3308 1512 3374; x_wconf 80' lang='grc' dir='ltr'>τυμπάνων</span> <span class='ocrx_word' id='word_1_434' title='bbox 1553 3324 1644 3359; x_wconf 81' lang='grc' dir='ltr'><strong>και</strong></span> 
     </span>
    </p>
   </div>
   <div class='ocr_carea' id='block_1_65' title="bbox 112 3398 1643 3470">
    <p class='ocr_par' dir='ltr' id='par_1_65' title="bbox 112 3398 1643 3470">
     <span class='ocr_line' id='line_1_65' title="bbox 112 3398 1643 3470; baseline 0.001 -20"><span class='ocrx_word' id='word_1_435' title='bbox 112 3398 271 3468; x_wconf 76' lang='grc' dir='ltr'>χορῶν</span> <span class='ocrx_word' id='word_1_436' title='bbox 305 3402 400 3453; x_wconf 84' lang='grc' dir='ltr'><strong>σὺν</strong></span> <span class='ocrx_word' id='word_1_437' title='bbox 423 3402 501 3470; x_wconf 80' lang='grc' dir='ltr'>τῷ</span> <span class='ocrx_word' id='word_1_438' title='bbox 537 3403 775 3469; x_wconf 86' lang='grc' dir='ltr'>κορασίῳ</span> <span class='ocrx_word' id='word_1_439' title='bbox 812 3404 890 3463; x_wconf 89' lang='grc' dir='ltr'>εἰς</span> <span class='ocrx_word' id='word_1_440' title='bbox 929 3402 1051 3462; x_wconf 73' lang='grc' dir='ltr'>τοὺς</span> <span class='ocrx_word' id='word_1_441' title='bbox 1087 3400 1366 3469; x_wconf 68' lang='grc' dir='ltr'>αἰγιαλοὺς</span> <span class='ocrx_word' id='word_1_442' title='bbox 1397 3403 1643 3469; x_wconf 80' lang='grc' dir='ltr'>ἀπερχό-</span> 
     </span>
    </p>
   </div>
   <div class='ocr_carea' id='block_1_66' title="bbox 116 3487 1645 3558">
    <p class='ocr_par' dir='ltr' id='par_1_66' title="bbox 116 3487 1645 3558">
     <span class='ocr_line' id='line_1_66' title="bbox 116 3487 1645 3558; baseline 0 -18"><span class='ocrx_word' id='word_1_443' title='bbox 116 3506 270 3556; x_wconf 85' lang='grc' dir='ltr'>μενοι,</span> <span class='ocrx_word' id='word_1_444' title='bbox 298 3489 390 3540; x_wconf 79' lang='grc' dir='ltr'>καὶ</span> <span class='ocrx_word' id='word_1_445' title='bbox 419 3487 560 3558; x_wconf 76' lang='grc' dir='ltr'>ὕδωρ</span> <span class='ocrx_word' id='word_1_446' title='bbox 589 3488 873 3541; x_wconf 85' lang='grc' dir='ltr'>θαλάττιον</span> <span class='ocrx_word' id='word_1_447' title='bbox 925 3487 1169 3554; x_wconf 79' lang='grc' dir='ltr'>ἀφθόνως</span> <span class='ocrx_word' id='word_1_448' title='bbox 1196 3489 1645 3557; x_wconf 67' lang='grc' dir='ltr'>ἀναλαμϐάνομε-</span> 
     </span>
    </p>
   </div>
   <div class='ocr_carea' id='block_1_67' title="bbox 117 3579 1644 3656">
    <p class='ocr_par' dir='ltr' id='par_1_67' title="bbox 117 3579 1644 3656">
     <span class='ocr_line' id='line_1_67' title="bbox 117 3579 1644 3656; baseline 0.001 -27"><span class='ocrx_word' id='word_1_449' title='bbox 117 3597 208 3644; x_wconf 78' lang='lat' dir='ltr'><strong>vat,</strong></span> <span class='ocrx_word' id='word_1_450' title='bbox 249 3584 337 3632; x_wconf 68' lang='grc' dir='ltr'>τὰς</span> <span class='ocrx_word' id='word_1_451' title='bbox 372 3581 659 3642; x_wconf 84' lang='grc' dir='ltr'>κατοικίας</span> <span class='ocrx_word' id='word_1_452' title='bbox 708 3579 1201 3656; x_wconf 60' lang='grc' dir='ltr'>αὑτῶνξῤῥαινον·</span> <span class='ocrx_word' id='word_1_453' title='bbox 1239 3580 1329 3629; x_wconf 87' lang='grc' dir='ltr'><strong>καὶ</strong></span> <span class='ocrx_word' id='word_1_454' title='bbox 1377 3579 1438 3630; x_wconf 85' lang='grc' dir='ltr'><strong>οὑ</strong></span> <span class='ocrx_word' id='word_1_455' title='bbox 1485 3583 1644 3649; x_wconf 85' lang='grc' dir='ltr'>μόνον</span> 
     </span>
    </p>
   </div>
   <div class='ocr_carea' id='block_1_68' title="bbox 117 3672 1646 3751">
    <p class='ocr_par' dir='ltr' id='par_1_68' title="bbox 117 3672 1646 3751">
     <span class='ocr_line' id='line_1_68' title="bbox 117 3672 1646 3751; baseline 0.001 -29"><span class='ocrx_word' id='word_1_456' title='bbox 117 3674 272 3727; x_wconf 86' lang='grc' dir='ltr'>ταῦτα</span> <span class='ocrx_word' id='word_1_457' title='bbox 322 3674 608 3751; x_wconf 78' lang='grc' dir='ltr'>ἐτελοῦντο</span> <span class='ocrx_word' id='word_1_458' title='bbox 638 3675 788 3744; x_wconf 83' lang='grc' dir='ltr'>παρὰ</span> <span class='ocrx_word' id='word_1_459' title='bbox 835 3672 944 3724; x_wconf 82' lang='grc' dir='ltr'>τῶν</span> <span class='ocrx_word' id='word_1_460' title='bbox 989 3673 1456 3740; x_wconf 82' lang='grc' dir='ltr'>εὐσυνετωτέρων,</span> <span class='ocrx_word' id='word_1_461' title='bbox 1512 3673 1646 3724; x_wconf 85' lang='grc' dir='ltr'><strong>ἁλλά</strong></span> 
     </span>
    </p>
   </div>
   <div class='ocr_carea' id='block_1_69' title="bbox 114 3765 1648 3836">
    <p class='ocr_par' dir='ltr' id='par_1_69' title="bbox 114 3765 1648 3836">
     <span class='ocr_line' id='line_1_69' title="bbox 114 3765 1648 3836; baseline 0.005 -24"><span class='ocrx_word' id='word_1_462' title='bbox 114 3767 197 3814; x_wconf 68' lang='grc' dir='ltr'>καὶ</span> <span class='ocrx_word' id='word_1_463' title='bbox 215 3766 280 3834; x_wconf 77' lang='grc' dir='ltr'>δι’</span> <span class='ocrx_word' id='word_1_464' title='bbox 303 3767 431 3836; x_wconf 87' lang='grc' dir='ltr'>ὅλης</span> <span class='ocrx_word' id='word_1_465' title='bbox 461 3769 557 3834; x_wconf 87' lang='grc' dir='ltr'><strong>τῆς</strong></span> <span class='ocrx_word' id='word_1_466' title='bbox 592 3768 783 3829; x_wconf 84' lang='grc' dir='ltr'>νυκτὸς</span> <span class='ocrx_word' id='word_1_467' title='bbox 820 3767 926 3818; x_wconf 77' lang='grc' dir='ltr'>ἀπὸ</span> <span class='ocrx_word' id='word_1_468' title='bbox 970 3765 1164 3834; x_wconf 83' lang='grc' dir='ltr'>χόρτου</span> <span class='ocrx_word' id='word_1_469' title='bbox 1200 3766 1473 3836; x_wconf 79' lang='grc' dir='ltr'>πυρκαϊὰς</span> <span class='ocrx_word' id='word_1_470' title='bbox 1520 3768 1648 3819; x_wconf 83' lang='grc' dir='ltr'>ἀνά-</span> 
     </span>
    </p>
   </div>
   <div class='ocr_carea' id='block_1_70' title="bbox 115 3854 1646 3926">
    <p class='ocr_par' dir='ltr' id='par_1_70' title="bbox 115 3854 1646 3926">
     <span class='ocr_line' id='line_1_70' title="bbox 115 3854 1646 3926; baseline 0.002 -25"><span class='ocrx_word' id='word_1_471' title='bbox 115 3867 340 3916; x_wconf 80' lang='grc' dir='ltr'>πτοντες,</span> <span class='ocrx_word' id='word_1_472' title='bbox 375 3857 594 3926; x_wconf 71' lang='grc' dir='ltr'>ἐπήδων</span> <span class='ocrx_word' id='word_1_473' title='bbox 621 3857 874 3924; x_wconf 82' lang='grc' dir='ltr'>ὑπεράνω</span> <span class='ocrx_word' id='word_1_474' title='bbox 896 3854 1097 3917; x_wconf 78' lang='grc' dir='ltr'>αὐτῶν,</span> <span class='ocrx_word' id='word_1_475' title='bbox 1125 3857 1218 3908; x_wconf 82' lang='grc' dir='ltr'><strong>καὶ</strong></span> <span class='ocrx_word' id='word_1_476' title='bbox 1247 3855 1646 3922; x_wconf 79' lang='grc' dir='ltr'>ἐκλῃδονίζοντο</span> 
     </span>
    </p>
   </div>
   <div class='ocr_carea' id='block_1_71' title="bbox 117 3943 1644 4015">
    <p class='ocr_par' dir='ltr' id='par_1_71' title="bbox 117 3943 1644 4015">
     <span class='ocr_line' id='line_1_71' title="bbox 117 3943 1644 4015; baseline -0.001 -19"><span class='ocrx_word' id='word_1_477' title='bbox 117 3946 219 4012; x_wconf 78' lang='grc' dir='ltr'>ἢτοι</span> <span class='ocrx_word' id='word_1_478' title='bbox 249 3947 604 4015; x_wconf 76' lang='grc' dir='ltr'>ἐμαντεύοντο</span> <span class='ocrx_word' id='word_1_479' title='bbox 638 3947 768 4014; x_wconf 74' lang='grc' dir='ltr'><strong>περὶ</strong></span> <span class='ocrx_word' id='word_1_480' title='bbox 814 3947 1064 4012; x_wconf 75' lang='grc' dir='ltr'>εὐτυχίας</span> <span class='ocrx_word' id='word_1_481' title='bbox 1103 3946 1195 3996; x_wconf 81' lang='grc' dir='ltr'>καὶ</span> <span class='ocrx_word' id='word_1_482' title='bbox 1237 3943 1525 4010; x_wconf 83' lang='grc' dir='ltr'>δυστυχίας</span> <span class='ocrx_word' id='word_1_483' title='bbox 1551 3946 1644 3995; x_wconf 77' lang='grc' dir='ltr'><strong>καὶ</strong></span> 
     </span>
    </p>
   </div>
   <div class='ocr_carea' id='block_1_72' title="bbox 115 4021 1640 4107">
    <p class='ocr_par' dir='ltr' id='par_1_72' title="bbox 115 4021 1640 4107">
     <span class='ocr_line' id='line_1_72' title="bbox 115 4021 1640 4107; baseline -0.004 -21"><span class='ocrx_word' id='word_1_484' title='bbox 115 4033 268 4086; x_wconf 71' lang='grc' dir='ltr'>ἄλλων</span> <span class='ocrx_word' id='word_1_485' title='bbox 311 4033 473 4086; x_wconf 84' lang='grc' dir='ltr'>τινῶν</span> <span class='ocrx_word' id='word_1_486' title='bbox 523 4031 912 4103; x_wconf 83' lang='grc' dir='ltr'>δαιμονιωδῶς.</span> <span class='ocrx_word' id='word_1_487' title='bbox 946 4032 1054 4107; x_wconf 86' lang='grc' dir='ltr'><strong>ἀς</strong></span> <span class='ocrx_word' id='word_1_488' title='bbox 1087 4031 1143 4083; x_wconf 83' lang='grc' dir='ltr'>δὲ</span> <span class='ocrx_word' id='word_1_489' title='bbox 1195 4031 1343 4082; x_wconf 80' lang='grc' dir='ltr'>ἔνθεν</span> <span class='ocrx_word' id='word_1_490' title='bbox 1385 4021 1640 4083; x_wconf 78' lang='grc' dir='ltr'>κάκεῖθεν</span> 
     </span>
    </p>
   </div>
   <div class='ocr_carea' id='block_1_73' title="bbox 117 4117 1643 4201">
    <p class='ocr_par' dir='ltr' id='par_1_73' title="bbox 117 4117 1643 4201">
     <span class='ocr_line' id='line_1_73' title="bbox 117 4117 1643 4201; baseline 0 -27"><span class='ocrx_word' id='word_1_491' title='bbox 117 4127 330 4190; x_wconf 68' lang='grc' dir='ltr'>εἰσόδους</span> <span class='ocrx_word' id='word_1_492' title='bbox 359 4127 540 4180; x_wconf 81' lang='grc' dir='ltr'>αὑτῶν</span> <span class='ocrx_word' id='word_1_493' title='bbox 599 4127 693 4201; x_wconf 63' lang='grc' dir='ltr'><strong>καὶ</strong></span> <span class='ocrx_word' id='word_1_494' title='bbox 748 4125 808 4178; x_wconf 83' lang='grc' dir='ltr'>τὸ</span> <span class='ocrx_word' id='word_1_495' title='bbox 853 4125 1123 4192; x_wconf 83' lang='grc' dir='ltr'>δωμάτιον</span> <span class='ocrx_word' id='word_1_496' title='bbox 1171 4126 1229 4176; x_wconf 80' lang='grc' dir='ltr'>ὲν</span> <span class='ocrx_word' id='word_1_497' title='bbox 1276 4117 1319 4190; x_wconf 84' lang='grc' dir='ltr'>ᾧ</span> <span class='ocrx_word' id='word_1_498' title='bbox 1351 4124 1643 4192; x_wconf 78' lang='grc' dir='ltr'>ἐτελεῖτο-ἡ</span> 
     </span>
    </p>
   </div>
   <div class='ocr_carea' id='block_1_74' title="bbox 119 4212 1648 4293">
    <p class='ocr_par' dir='ltr' id='par_1_74' title="bbox 119 4212 1648 4293">
     <span class='ocr_line' id='line_1_74' title="bbox 119 4212 1648 4293; baseline -0.003 -23"><span class='ocrx_word' id='word_1_499' title='bbox 119 4221 301 4290; x_wconf 74' lang='grc' dir='ltr'>κληδὼν</span> <span class='ocrx_word' id='word_1_500' title='bbox 344 4222 444 4272; x_wconf 81' lang='grc' dir='ltr'><strong>σὺν</strong></span> <span class='ocrx_word' id='word_1_501' title='bbox 483 4212 608 4293; x_wconf 53' lang='grc' dir='ltr'><strong>τοίςξ</strong></span> <span class='ocrx_word' id='word_1_502' title='bbox 629 4219 1058 4288; x_wconf 85' lang='grc' dir='ltr'>παρακειμένοις</span> <span class='ocrx_word' id='word_1_503' title='bbox 1107 4215 1414 4284; x_wconf 85' lang='grc' dir='ltr'>ὑπαίθροις,</span> <span class='ocrx_word' id='word_1_504' title='bbox 1461 4216 1648 4285; x_wconf 81' lang='grc' dir='ltr'>χρυσί-</span> 
     </span>
    </p>
   </div>
   <div class='ocr_carea' id='block_1_75' title="bbox 119 4309 1646 4377">
    <p class='ocr_par' dir='ltr' id='par_1_75' title="bbox 119 4309 1646 4377">
     <span class='ocr_line' id='line_1_75' title="bbox 119 4309 1646 4377; baseline -0.001 -15"><span class='ocrx_word' id='word_1_505' title='bbox 119 4312 248 4372; x_wconf 59' lang='lat' dir='ltr'><strong>{ovat</strong></span> <span class='ocrx_word' id='word_1_506' title='bbox 296 4312 521 4372; x_wconf 71' lang='grc' dir='ltr'>πέπλοις</span> <span class='ocrx_word' id='word_1_507' title='bbox 561 4312 656 4362; x_wconf 66' lang='grc' dir='ltr'><strong>καὶ¹</strong></span> <span class='ocrx_word' id='word_1_508' title='bbox 692 4311 936 4376; x_wconf 81' lang='grc' dir='ltr'>σηρικοῖς</span> <span class='ocrx_word' id='word_1_509' title='bbox 971 4309 1343 4376; x_wconf 85' lang='grc' dir='ltr'>κατεκόσμουν</span> <span class='ocrx_word' id='word_1_510' title='bbox 1394 4310 1646 4377; x_wconf 77' lang='grc' dir='ltr'>ὑφάσμα-</span> 
     </span>
    </p>
   </div>
   <div class='ocr_carea' id='block_1_76' title="bbox 119 4397 1643 4472">
    <p class='ocr_par' dir='ltr' id='par_1_76' title="bbox 119 4397 1643 4472">
     <span class='ocr_line' id='line_1_76' title="bbox 119 4397 1643 4472; baseline 0.002 -25"><span class='ocrx_word' id='word_1_511' title='bbox 119 4416 209 4452; x_wconf 77' lang='grc' dir='ltr'>σιν.</span> <span class='ocrx_word' id='word_1_512' title='bbox 251 4402 406 4472; x_wconf 74' lang='grc' dir='ltr'>’ᾼλλὰ</span> <span class='ocrx_word' id='word_1_513' title='bbox 470 4401 576 4468; x_wconf 76' lang='grc' dir='ltr'>μὴν</span> <span class='ocrx_word' id='word_1_514' title='bbox 607 4399 700 4449; x_wconf 79' lang='grc' dir='ltr'><strong>καὶ</strong></span> <span class='ocrx_word' id='word_1_515' title='bbox 757 4397 985 4465; x_wconf 77' lang='grc' dir='ltr'>φυλλάσι</span> <span class='ocrx_word' id='word_1_516' title='bbox 1039 4397 1269 4464; x_wconf 76' lang='grc' dir='ltr'>δένδρων</span> <span class='ocrx_word' id='word_1_517' title='bbox 1309 4402 1643 4464; x_wconf 76' lang='grc' dir='ltr'>κατεστεφα-</span> 
     </span>
    </p>
   </div>
   <div class='ocr_carea' id='block_1_77' title="bbox 117 4480 1638 4562">
    <p class='ocr_par' dir='ltr' id='par_1_77' title="bbox 117 4480 1638 4562">
     <span class='ocr_line' id='line_1_77' title="bbox 117 4480 1638 4562; baseline -0.005 -17"><span class='ocrx_word' id='word_1_518' title='bbox 117 4507 240 4555; x_wconf 68' lang='grc' dir='ltr'>ννυν,</span> <span class='ocrx_word' id='word_1_519' title='bbox 270 4497 345 4556; x_wconf 79' lang='grc' dir='ltr'><strong>είς</strong></span> <span class='ocrx_word' id='word_1_520' title='bbox 367 4494 538 4562; x_wconf 79' lang='grc' dir='ltr'>τιμὴν</span> <span class='ocrx_word' id='word_1_521' title='bbox 573 4490 666 4540; x_wconf 73' lang='grc' dir='ltr'><strong>καὶ</strong></span> <span class='ocrx_word' id='word_1_522' title='bbox 701 4480 986 4556; x_wconf 79' lang='grc' dir='ltr'>ὑποδοχὴν,</span> <span class='ocrx_word' id='word_1_523' title='bbox 1013 4487 1085 4547; x_wconf 84' lang='grc' dir='ltr'>ὡς</span> <span class='ocrx_word' id='word_1_524' title='bbox 1111 4487 1277 4546; x_wconf 76' lang='grc' dir='ltr'>ἔοικε,</span> <span class='ocrx_word' id='word_1_525' title='bbox 1309 4487 1402 4536; x_wconf 87' lang='grc' dir='ltr'><strong>τοῦ</strong></span> <span class='ocrx_word' id='word_1_526' title='bbox 1429 4489 1638 4538; x_wconf 71' lang='grc' dir='ltr'>οἰκειω-</span> 
     </span>
    </p>
   </div>
   <div class='ocr_carea' id='block_1_78' title="bbox 122 4571 2012 4647">
    <p class='ocr_par' dir='ltr' id='par_1_78' title="bbox 122 4571 2012 4647">
     <span class='ocr_line' id='line_1_78' title="bbox 122 4571 2012 4647; baseline 0 -18"><span class='ocrx_word' id='word_1_527' title='bbox 122 4583 330 4646; x_wconf 70' lang='grc' dir='ltr'>σαμένου</span> <span class='ocrx_word' id='word_1_528' title='bbox 357 4585 546 4644; x_wconf 78' lang='grc' dir='ltr'>αὐτοῖς</span> <span class='ocrx_word' id='word_1_529' title='bbox 572 4581 825 4643; x_wconf 47' lang='grc' dir='ltr'>Σατανᾶο,</span> <span class='ocrx_word' id='word_1_530' title='bbox 851 4579 886 4634; x_wconf 78' lang='grc' dir='ltr'><strong>ὃ.</strong></span> <span class='ocrx_word' id='word_1_531' title='bbox 913 4579 976 4647; x_wconf 79' lang='grc' dir='ltr'>δὴ</span> <span class='ocrx_word' id='word_1_532' title='bbox 1004 4579 1178 4630; x_wconf 79' lang='grc' dir='ltr'>πάντα</span> <span class='ocrx_word' id='word_1_533' title='bbox 1207 4580 1234 4628; x_wconf 85' lang='grc' dir='ltr'>ὁ</span> <span class='ocrx_word' id='word_1_534' title='bbox 1268 4577 1449 4647; x_wconf 77' lang='grc' dir='ltr'>ῥηθεὶς</span> <span class='ocrx_word' id='word_1_535' title='bbox 1478 4572 1644 4643; x_wconf 81' lang='grc' dir='ltr'>ἀγιώ-</span> <span class='ocrx_word' id='word_1_536' title='bbox 1671 4571 1722 4634; x_wconf 83' lang='lat' dir='ltr'><strong><em>D</em></strong></span> <span class='ocrx_word' id='word_1_537' title='bbox 1747 4593 2012 4644; x_wconf 60' lang='grc' dir='ltr'><strong>ρίτνρεει-ει,</strong></span> 
     </span>
    </p>
   </div>
   <div class='ocr_carea' id='block_1_79' title="bbox 120 4665 1642 4746">
    <p class='ocr_par' dir='ltr' id='par_1_79' title="bbox 120 4665 1642 4746">
     <span class='ocr_line' id='line_1_79' title="bbox 120 4665 1642 4746; baseline -0.001 -23"><span class='ocrx_word' id='word_1_538' title='bbox 120 4690 252 4734; x_wconf 84' lang='grc' dir='ltr'>τατος</span> <span class='ocrx_word' id='word_1_539' title='bbox 291 4677 637 4746; x_wconf 76' lang='grc' dir='ltr'>πατριάρχης</span> <span class='ocrx_word' id='word_1_540' title='bbox 675 4673 809 4742; x_wconf 85' lang='grc' dir='ltr'><strong>μετὰ</strong></span> <span class='ocrx_word' id='word_1_541' title='bbox 838 4672 1014 4740; x_wconf 79' lang='grc' dir='ltr'>πάσης</span> <span class='ocrx_word' id='word_1_542' title='bbox 1069 4665 1383 4739; x_wconf 79' lang='grc' dir='ltr'>ἐπιμελείας</span> <span class='ocrx_word' id='word_1_543' title='bbox 1435 4687 1642 4739; x_wconf 87' lang='grc' dir='ltr'>καταρ-</span> 
     </span>
    </p>
   </div>
   <div class='ocr_carea' id='block_1_80' title="bbox 122 4761 1643 4835">
    <p class='ocr_par' dir='ltr' id='par_1_80' title="bbox 122 4761 1643 4835">
     <span class='ocr_line' id='line_1_80' title="bbox 122 4761 1643 4835; baseline -0.002 -20"><span class='ocrx_word' id='word_1_544' title='bbox 122 4767 329 4835; x_wconf 47' lang='grc' dir='ltr'>γτιθῆναι</span> <span class='ocrx_word' id='word_1_545' title='bbox 381 4767 678 4833; x_wconf 75' lang='grc' dir='ltr'>ἐπέτρεψεν</span> <span class='ocrx_word' id='word_1_546' title='bbox 702 4781 715 4793; x_wconf 89' lang='grc'><strong>·</strong></span> <span class='ocrx_word' id='word_1_547' title='bbox 746 4765 774 4816; x_wconf 83' lang='grc' dir='ltr'><strong>ὃ</strong></span> <span class='ocrx_word' id='word_1_548' title='bbox 823 4764 915 4815; x_wconf 78' lang='grc' dir='ltr'><strong>καὶ</strong></span> <span class='ocrx_word' id='word_1_549' title='bbox 953 4762 1164 4828; x_wconf 78' lang='grc' dir='ltr'>γέγονε.</span> <span class='ocrx_word' id='word_1_550' title='bbox 1206 4763 1313 4814; x_wconf 74' lang='grc' dir='ltr'><strong>Καὶ</strong></span> <span class='ocrx_word' id='word_1_551' title='bbox 1367 4761 1463 4816; x_wconf 81' lang='grc' dir='ltr'><strong>νῦν</strong></span> <span class='ocrx_word' id='word_1_552' title='bbox 1498 4763 1643 4813; x_wconf 78' lang='grc' dir='ltr'>εὐδο-</span> 
     </span>
    </p>
   </div>
   <div class='ocr_carea' id='block_1_81' title="bbox 123 4852 1641 4922">
    <p class='ocr_par' dir='ltr' id='par_1_81' title="bbox 123 4852 1641 4922">
     <span class='ocr_line' id='line_1_81' title="bbox 123 4852 1641 4922; baseline -0.003 -14"><span class='ocrx_word' id='word_1_553' title='bbox 123 4859 315 4920; x_wconf 73' lang='grc' dir='ltr'>κοῦντος</span> <span class='ocrx_word' id='word_1_554' title='bbox 357 4855 491 4909; x_wconf 83' lang='grc' dir='ltr'>Θεοῦ</span> <span class='ocrx_word' id='word_1_555' title='bbox 526 4858 592 4908; x_wconf 89' lang='grc' dir='ltr'><strong>τά</strong></span> <span class='ocrx_word' id='word_1_556' title='bbox 629 4857 858 4912; x_wconf 81' lang='grc' dir='ltr'>τοιαῦτα</span> <span class='ocrx_word' id='word_1_557' title='bbox 895 4853 1160 4921; x_wconf 80' lang='grc' dir='ltr'>θεοστυγῆ</span> <span class='ocrx_word' id='word_1_558' title='bbox 1206 4852 1342 4922; x_wconf 78' lang='grc' dir='ltr'>ἔργα</span> <span class='ocrx_word' id='word_1_559' title='bbox 1366 4854 1641 4919; x_wconf 66' lang='grc' dir='ltr'>παντελῶς</span> 
     </span>
    </p>
   </div>
   <div class='ocr_carea' id='block_1_82' title="bbox 123 4943 1637 5018">
    <p class='ocr_par' dir='ltr' id='par_1_82' title="bbox 123 4943 1637 5018">
     <span class='ocr_line' id='line_1_82' title="bbox 123 4943 1637 5018; baseline -0.001 -21"><span class='ocrx_word' id='word_1_560' title='bbox 123 4951 456 5018; x_wconf 68' lang='grc' dir='ltr'>ᾑπρὰκτησαν</span> <span class='ocrx_word' id='word_1_561' title='bbox 478 4963 493 4976; x_wconf 86' lang='lat'><strong><em>°</em></strong></span> <span class='ocrx_word' id='word_1_562' title='bbox 529 4946 603 5008; x_wconf 83' lang='grc' dir='ltr'><strong>ὡς</strong></span> <span class='ocrx_word' id='word_1_563' title='bbox 643 4947 752 4997; x_wconf 85' lang='grc' dir='ltr'><strong>τῶν</strong></span> <span class='ocrx_word' id='word_1_564' title='bbox 773 4950 829 4999; x_wconf 77' lang='grc' dir='ltr'><strong>ὲν</strong></span> <span class='ocrx_word' id='word_1_565' title='bbox 859 4950 974 5008; x_wconf 86' lang='grc' dir='ltr'>ταῖς</span> <span class='ocrx_word' id='word_1_566' title='bbox 1003 4944 1294 5012; x_wconf 81' lang='grc' dir='ltr'>γειτονίαις</span> <span class='ocrx_word' id='word_1_567' title='bbox 1319 4943 1486 4994; x_wconf 74' lang='grc' dir='ltr'>όντων</span> <span class='ocrx_word' id='word_1_568' title='bbox 1516 4961 1637 5012; x_wconf 83' lang='grc' dir='ltr'>προ-</span> 
     </span>
    </p>
   </div>
   <div class='ocr_carea' id='block_1_83' title="bbox 125 5025 1643 5112">
    <p class='ocr_par' dir='ltr' id='par_1_83' title="bbox 125 5025 1643 5112">
     <span class='ocr_line' id='line_1_83' title="bbox 125 5025 1643 5112; baseline -0.001 -23"><span class='ocrx_word' id='word_1_569' title='bbox 125 5043 446 5112; x_wconf 78' lang='grc' dir='ltr'>κριτωτέρων</span> <span class='ocrx_word' id='word_1_570' title='bbox 500 5025 738 5090; x_wconf 80' lang='grc' dir='ltr'>καὶτῶν</span> <span class='ocrx_word' id='word_1_571' title='bbox 787 5037 977 5107; x_wconf 79' lang='grc' dir='ltr'>ἱερέων</span> <span class='ocrx_word' id='word_1_572' title='bbox 1017 5033 1451 5104; x_wconf 77' lang='grc' dir='ltr'>ἐπιτιμηθέντων</span> <span class='ocrx_word' id='word_1_573' title='bbox 1509 5051 1643 5087; x_wconf 78' lang='grc' dir='ltr'>παν-</span> 
     </span>
    </p>
   </div>
   <div class='ocr_carea' id='block_1_84' title="bbox 125 5125 1640 5211">
    <p class='ocr_par' dir='ltr' id='par_1_84' title="bbox 125 5125 1640 5211">
     <span class='ocr_line' id='line_1_84' title="bbox 125 5125 1640 5211; baseline -0.001 -31"><span class='ocrx_word' id='word_1_574' title='bbox 125 5133 260 5196; x_wconf 80' lang='grc' dir='ltr'>τοίως</span> <span class='ocrx_word' id='word_1_575' title='bbox 302 5133 610 5204; x_wconf 72' lang='grc' dir='ltr'>φροντίζειν</span> <span class='ocrx_word' id='word_1_576' title='bbox 641 5130 734 5182; x_wconf 73' lang='grc' dir='ltr'><strong>καὶ</strong></span> <span class='ocrx_word' id='word_1_577' title='bbox 782 5129 1240 5211; x_wconf 30' lang='grc' dir='ltr'>ωλι-παραχωρεῖν</span> <span class='ocrx_word' id='word_1_578' title='bbox 1295 5125 1534 5180; x_wconf 84' lang='grc' dir='ltr'>τοιοῦτόν</span> <span class='ocrx_word' id='word_1_579' title='bbox 1591 5144 1640 5178; x_wconf 88' lang='grc' dir='ltr'><strong>τι</strong></span> 
     </span>
    </p>
   </div>
   <div class='ocr_carea' id='block_1_85' title="bbox 127 5217 1641 5286">
    <p class='ocr_par' dir='ltr' id='par_1_85' title="bbox 127 5217 1641 5286">
     <span class='ocr_line' id='line_1_85' title="bbox 127 5217 1641 5286; baseline -0.007 -10"><span class='ocrx_word' id='word_1_580' title='bbox 127 5223 364 5286; x_wconf 69' lang='grc' dir='ltr'>γίνεσθαι.</span> <span class='ocrx_word' id='word_1_581' title='bbox 399 5226 609 5278; x_wconf 86' lang='grc' dir='ltr'>Γένοιτο</span> <span class='ocrx_word' id='word_1_582' title='bbox 653 5224 708 5275; x_wconf 82' lang='grc' dir='ltr'>δὲ</span> <span class='ocrx_word' id='word_1_583' title='bbox 742 5223 833 5272; x_wconf 74' lang='grc' dir='ltr'>καὶ</span> <span class='ocrx_word' id='word_1_584' title='bbox 865 5220 961 5282; x_wconf 81' lang='grc' dir='ltr'>τὰς</span> <span class='ocrx_word' id='word_1_585' title='bbox 991 5220 1098 5272; x_wconf 83' lang='grc' dir='ltr'><strong>ἀπὸ</strong></span> <span class='ocrx_word' id='word_1_586' title='bbox 1122 5219 1228 5270; x_wconf 82' lang='grc' dir='ltr'>τῶν</span> <span class='ocrx_word' id='word_1_587' title='bbox 1271 5217 1521 5286; x_wconf 70' lang='grc' dir='ltr'>κορωνιῖΝ</span> <span class='ocrx_word' id='word_1_588' title='bbox 1548 5218 1641 5267; x_wconf 77' lang='grc' dir='ltr'>καὶ</span> 
     </span>
    </p>
   </div>
   <div class='ocr_carea' id='block_1_86' title="bbox 129 5307 1641 5388">
    <p class='ocr_par' dir='ltr' id='par_1_86' title="bbox 129 5307 1641 5388">
     <span class='ocr_line' id='line_1_86' title="bbox 129 5307 1641 5388; baseline -0.005 -27"><span class='ocrx_word' id='word_1_589' title='bbox 129 5313 217 5363; x_wconf 76' lang='grc' dir='ltr'><strong>τῶν</strong></span> <span class='ocrx_word' id='word_1_590' title='bbox 242 5321 486 5388; x_wconf 78' lang='grc' dir='ltr'>κοράκων</span> <span class='ocrx_word' id='word_1_591' title='bbox 517 5310 608 5369; x_wconf 70' lang='grc' dir='ltr'><strong>καὶ</strong></span> <span class='ocrx_word' id='word_1_592' title='bbox 636 5316 742 5368; x_wconf 85' lang='grc' dir='ltr'><strong>τῶν</strong></span> <span class='ocrx_word' id='word_1_593' title='bbox 780 5311 976 5364; x_wconf 82' lang='grc' dir='ltr'>λοιπῶν</span> <span class='ocrx_word' id='word_1_594' title='bbox 1007 5311 1210 5376; x_wconf 80' lang='grc' dir='ltr'>ἀγρίων</span> <span class='ocrx_word' id='word_1_595' title='bbox 1257 5308 1406 5370; x_wconf 81' lang='grc' dir='ltr'>ζώων</span> <span class='ocrx_word' id='word_1_596' title='bbox 1460 5307 1641 5356; x_wconf 84' lang='grc' dir='ltr'>οἰωνο-</span> 
     </span>
    </p>
   </div>
   <div class='ocr_carea' id='block_1_87' title="bbox 134 5396 1638 5477">
    <p class='ocr_par' dir='ltr' id='par_1_87' title="bbox 134 5396 1638 5477">
     <span class='ocr_line' id='line_1_87' title="bbox 134 5396 1638 5477; baseline -0.005 -23"><span class='ocrx_word' id='word_1_597' title='bbox 134 5407 332 5470; x_wconf 83' lang='grc' dir='ltr'>σκοπίας</span> <span class='ocrx_word' id='word_1_598' title='bbox 371 5408 806 5477; x_wconf 80' lang='grc' dir='ltr'>καταργηθῆναι,</span> <span class='ocrx_word' id='word_1_599' title='bbox 858 5401 1229 5462; x_wconf 59' lang='grc' dir='ltr'>ὡσαύτωςςκαὶ</span> <span class='ocrx_word' id='word_1_600' title='bbox 1256 5400 1348 5459; x_wconf 89' lang='grc' dir='ltr'><strong>τάς</strong></span> <span class='ocrx_word' id='word_1_601' title='bbox 1377 5396 1638 5466; x_wconf 83' lang='grc' dir='ltr'>φλυαρίας</span> 
     </span>
    </p>
   </div>
   <div class='ocr_carea' id='block_1_88' title="bbox 133 5489 1635 5569">
    <p class='ocr_par' dir='ltr' id='par_1_88' title="bbox 133 5489 1635 5569">
     <span class='ocr_line' id='line_1_88' title="bbox 133 5489 1635 5569; baseline -0.005 -22"><span class='ocrx_word' id='word_1_602' title='bbox 133 5499 219 5548; x_wconf 81' lang='grc' dir='ltr'><strong>τῶν</strong></span> <span class='ocrx_word' id='word_1_603' title='bbox 239 5503 492 5569; x_wconf 74' lang='grc' dir='ltr'>κριτριῶν</span> <span class='ocrx_word' id='word_1_604' title='bbox 522 5505 616 5554; x_wconf 71' lang='grc' dir='ltr'>καὶ</span> <span class='ocrx_word' id='word_1_605' title='bbox 637 5505 741 5553; x_wconf 76' lang='grc' dir='ltr'>τῶν</span> <span class='ocrx_word' id='word_1_606' title='bbox 761 5501 844 5551; x_wconf 79' lang='grc' dir='ltr'>ἑτέ</span> <span class='ocrx_word' id='word_1_607' title='bbox 853 5517 958 5568; x_wconf 90' lang='grc' dir='ltr'><strong>ρων</strong></span> <span class='ocrx_word' id='word_1_608' title='bbox 980 5494 1309 5550; x_wconf 76' lang='grc' dir='ltr'>λαοπλάνων.</span> <span class='ocrx_word' id='word_1_609' title='bbox 1335 5490 1406 5541; x_wconf 87' lang='grc' dir='ltr'><strong>Τὸ</strong></span> <span class='ocrx_word' id='word_1_610' title='bbox 1437 5489 1635 5557; x_wconf 83' lang='grc' dir='ltr'>μέντοι,</span> 
     </span>
    </p>
   </div>
   <div class='ocr_carea' id='block_1_89' title="bbox 135 5585 1637 5664">
    <p class='ocr_par' dir='ltr' id='par_1_89' title="bbox 135 5585 1637 5664">
     <span class='ocr_line' id='line_1_89' title="bbox 135 5585 1637 5664; baseline 0.001 -18"><span class='ocrx_word' id='word_1_611' title='bbox 135 5599 338 5664; x_wconf 67' lang='grc' dir='ltr'>Διῄγαγε</span> <span class='ocrx_word' id='word_1_612' title='bbox 372 5599 439 5651; x_wconf 84' lang='grc' dir='ltr'><strong>τά</strong></span> <span class='ocrx_word' id='word_1_613' title='bbox 474 5597 643 5650; x_wconf 83' lang='grc' dir='ltr'>τέκνα</span> <span class='ocrx_word' id='word_1_614' title='bbox 674 5598 838 5651; x_wconf 86' lang='grc' dir='ltr'>αὑτοῦ</span> <span class='ocrx_word' id='word_1_615' title='bbox 873 5598 929 5648; x_wconf 83' lang='grc' dir='ltr'>ὲν</span> <span class='ocrx_word' id='word_1_616' title='bbox 959 5593 1112 5662; x_wconf 69' lang='grc' dir='ltr'>πυρὶ,</span> <span class='ocrx_word' id='word_1_617' title='bbox 1142 5591 1168 5640; x_wconf 85' lang='grc' dir='ltr'>ὁ</span> <span class='ocrx_word' id='word_1_618' title='bbox 1221 5589 1388 5658; x_wconf 79' lang='grc' dir='ltr'>μέγας</span> <span class='ocrx_word' id='word_1_619' title='bbox 1434 5585 1637 5655; x_wconf 79' lang='grc' dir='ltr'>Κύριλ-</span> 
     </span>
    </p>
   </div>
   <div class='ocr_carea' id='block_1_90' title="bbox 137 5677 1637 5758">
    <p class='ocr_par' dir='ltr' id='par_1_90' title="bbox 137 5677 1637 5758">
     <span class='ocr_line' id='line_1_90' title="bbox 137 5677 1637 5758; baseline -0.015 -8"><span class='ocrx_word' id='word_1_620' title='bbox 137 5687 227 5750; x_wconf 63' lang='grc' dir='ltr'>λος.</span> <span class='ocrx_word' id='word_1_621' title='bbox 252 5689 601 5758; x_wconf 70' lang='grc' dir='ltr'>ἐξηγούμενος</span> <span class='ocrx_word' id='word_1_622' title='bbox 651 5691 740 5741; x_wconf 64' lang='grc' dir='ltr'>τὸν</span> <span class='ocrx_word' id='word_1_623' title='bbox 791 5685 1335 5756; x_wconf 75' lang='grc' dir='ltr'>προφήτηνἨσαῖαν,</span> <span class='ocrx_word' id='word_1_624' title='bbox 1366 5680 1485 5732; x_wconf 78' lang='grc' dir='ltr'>ἀντὶ</span> <span class='ocrx_word' id='word_1_625' title='bbox 1546 5677 1637 5730; x_wconf 84' lang='grc' dir='ltr'><strong>τοῦ</strong></span> 
     </span>
    </p>
   </div>
   <div class='ocr_carea' id='block_1_91' title="bbox 145 5765 1633 5849">
    <p class='ocr_par' dir='ltr' id='par_1_91' title="bbox 145 5771 1633 5849">
     <span class='ocr_line' id='line_1_91' title="bbox 145 5771 1633 5849; baseline -0.005 -21"><span class='ocrx_word' id='word_1_626' title='bbox 145 5779 500 5844; x_wconf 57' lang='lat' dir='ltr'><strong>Diom-mnos,</strong></span> <span class='ocrx_word' id='word_1_627' title='bbox 531 5782 883 5849; x_wconf 76' lang='grc' dir='ltr'>ἡρμήνευσεν,</span> <span class='ocrx_word' id='word_1_628' title='bbox 919 5781 1080 5846; x_wconf 66' lang='grc' dir='ltr'>ἦγουν</span> <span class='ocrx_word' id='word_1_629' title='bbox 1105 5777 1287 5827; x_wconf 83' lang='grc' dir='ltr'>θυσίαν</span> <span class='ocrx_word' id='word_1_630' title='bbox 1319 5771 1633 5844; x_wconf 75' lang='grc' dir='ltr'>προσήγαγε</span> 
     </span>
    </p>
   </div>
   <div class='ocr_carea' id='block_1_92' title="bbox 138 5873 508 5942">
    <p class='ocr_par' dir='ltr' id='par_1_92' title="bbox 138 5873 508 5942">
     <span class='ocr_line' id='line_1_92' title="bbox 138 5873 508 5942; baseline 0.003 -20"><span class='ocrx_word' id='word_1_631' title='bbox 138 5874 226 5932; x_wconf 69' lang='grc' dir='ltr'>τοῖς</span> <span class='ocrx_word' id='word_1_632' title='bbox 255 5873 508 5942; x_wconf 71' lang='grc' dir='ltr'>δαίμοσιν.</span> 
     </span>
    </p>
   </div>
   <div class='ocr_carea' id='block_1_93' title="bbox 1748 3311 3276 3371">
    <p class='ocr_par' dir='ltr' id='par_1_93' title="bbox 1748 3311 3276 3371">
     <span class='ocr_line' id='line_1_93' title="bbox 1748 3311 3276 3371; baseline -0.003 -3"><span class='ocrx_word' id='word_1_633' title='bbox 1748 3318 1984 3371; x_wconf 83' lang='lat' dir='ltr'><strong>adversis</strong></span> <span class='ocrx_word' id='word_1_634' title='bbox 2034 3333 2097 3370; x_wconf 79' lang='lat' dir='ltr'><strong>ex</strong></span> <span class='ocrx_word' id='word_1_635' title='bbox 2149 3330 2214 3370; x_wconf 90' lang='lat' dir='ltr'><strong>eo</strong></span> <span class='ocrx_word' id='word_1_636' title='bbox 2267 3311 2560 3370; x_wconf 83' lang='lat' dir='ltr'><strong>eventuris.</strong></span> <span class='ocrx_word' id='word_1_637' title='bbox 2617 3314 2885 3368; x_wconf 88' lang='lat' dir='ltr'><strong>Postridie</strong></span> <span class='ocrx_word' id='word_1_638' title='bbox 2923 3323 3098 3366; x_wconf 82' lang='lat' dir='ltr'><strong>autem</strong></span> <span class='ocrx_word' id='word_1_639' title='bbox 3155 3328 3276 3366; x_wconf 87' lang='lat' dir='ltr'><strong>cum</strong></span> 
     </span>
    </p>
   </div>
   <div class='ocr_carea' id='block_1_94' title="bbox 1747 3403 3282 3478">
    <p class='ocr_par' dir='ltr' id='par_1_94' title="bbox 1747 3403 3282 3478">
     <span class='ocr_line' id='line_1_94' title="bbox 1747 3403 3282 3478; baseline -0.004 -17"><span class='ocrx_word' id='word_1_640' title='bbox 1747 3409 2014 3478; x_wconf 83' lang='lat' dir='ltr'><strong>tympanis</strong></span> <span class='ocrx_word' id='word_1_641' title='bbox 2037 3413 2094 3459; x_wconf 80' lang='lat' dir='ltr'><strong>&#39;et</strong></span> <span class='ocrx_word' id='word_1_642' title='bbox 2127 3407 2307 3460; x_wconf 85' lang='lat' dir='ltr'><strong>choris</strong></span> <span class='ocrx_word' id='word_1_643' title='bbox 2340 3417 2444 3458; x_wconf 87' lang='lat' dir='ltr'><strong>Ima</strong></span> <span class='ocrx_word' id='word_1_644' title='bbox 2476 3420 2596 3458; x_wconf 85' lang='lat' dir='ltr'><strong>cum</strong></span> <span class='ocrx_word' id='word_1_645' title='bbox 2631 3405 2804 3472; x_wconf 86' lang='lat' dir='ltr'><strong>puella</strong></span> <span class='ocrx_word' id='word_1_646' title='bbox 2841 3405 2906 3458; x_wconf 88' lang='lat' dir='ltr'><strong>ad</strong></span> <span class='ocrx_word' id='word_1_647' title='bbox 2958 3403 3134 3455; x_wconf 88' lang='lat' dir='ltr'><strong>littora</strong></span> <span class='ocrx_word' id='word_1_648' title='bbox 3166 3418 3282 3459; x_wconf 70' lang='grc' dir='ltr'>,νε-</span> 
     </span>
    </p>
   </div>
   <div class='ocr_carea' id='block_1_95' title="bbox 1747 3495 3280 3565">
    <p class='ocr_par' dir='ltr' id='par_1_95' title="bbox 1747 3495 3280 3565">
     <span class='ocr_line' id='line_1_95' title="bbox 1747 3495 3280 3565; baseline -0.001 -15"><span class='ocrx_word' id='word_1_649' title='bbox 1747 3501 1976 3556; x_wconf 87' lang='lat' dir='ltr'><strong>nicntes.</strong></span> <span class='ocrx_word' id='word_1_650' title='bbox 2010 3507 2062 3550; x_wconf 88' lang='lat' dir='ltr'><strong>et</strong></span> <span class='ocrx_word' id='word_1_651' title='bbox 2105 3512 2298 3565; x_wconf 77' lang='lat' dir='ltr'><strong>aquam</strong></span> <span class='ocrx_word' id='word_1_652' title='bbox 2355 3495 2617 3548; x_wconf 83' lang='lat' dir='ltr'><strong>marinam</strong></span> <span class='ocrx_word' id='word_1_653' title='bbox 2665 3495 2881 3564; x_wconf 84' lang='lat' dir='ltr'><strong>cupiose</strong></span> <span class='ocrx_word' id='word_1_654' title='bbox 2928 3497 3280 3565; x_wconf 88' lang='lat' dir='ltr'><strong>accipientes,</strong></span> 
     </span>
    </p>
   </div>
   <div class='ocr_carea' id='block_1_96' title="bbox 1745 3587 3283 3657">
    <p class='ocr_par' dir='ltr' id='par_1_96' title="bbox 1745 3587 3283 3657">
     <span class='ocr_line' id='line_1_96' title="bbox 1745 3587 3283 3657; baseline -0.003 -14"><span class='ocrx_word' id='word_1_655' title='bbox 1745 3589 1886 3643; x_wconf 60' lang='lat' dir='ltr'><strong>aedes</strong></span> <span class='ocrx_word' id='word_1_656' title='bbox 1920 3604 2046 3642; x_wconf 89' lang='lat' dir='ltr'><strong>suas</strong></span> <span class='ocrx_word' id='word_1_657' title='bbox 2079 3587 2433 3657; x_wconf 81' lang='lat' dir='ltr'><strong>aspergebant</strong></span> <span class='ocrx_word' id='word_1_658' title='bbox 2471 3602 2484 3638; x_wconf 92' lang='lat'>:</span> <span class='ocrx_word' id='word_1_659' title='bbox 2521 3595 2572 3639; x_wconf 88' lang='lat' dir='ltr'><strong>et</strong></span> <span class='ocrx_word' id='word_1_660' title='bbox 2611 3601 2638 3637; x_wconf 88' lang='lat' dir='ltr'><strong>a</strong></span> <span class='ocrx_word' id='word_1_661' title='bbox 2673 3588 2832 3654; x_wconf 86' lang='lat' dir='ltr'><strong>paulo</strong></span> <span class='ocrx_word' id='word_1_662' title='bbox 2868 3587 3283 3654; x_wconf 84' lang='lat' dir='ltr'><strong>sapientioribus</strong></span> 
     </span>
    </p>
   </div>
   <div class='ocr_carea' id='block_1_97' title="bbox 1744 3679 3276 3746">
    <p class='ocr_par' dir='ltr' id='par_1_97' title="bbox 1744 3679 3276 3746">
     <span class='ocr_line' id='line_1_97' title="bbox 1744 3679 3276 3746; baseline -0.005 -11"><span class='ocrx_word' id='word_1_663' title='bbox 1744 3682 1858 3736; x_wconf 66' lang='lat' dir='ltr'><strong>haec</strong></span> <span class='ocrx_word' id='word_1_664' title='bbox 1891 3697 1996 3735; x_wconf 87' lang='lat' dir='ltr'><strong>non</strong></span> <span class='ocrx_word' id='word_1_665' title='bbox 2041 3681 2212 3735; x_wconf 90' lang='lat' dir='ltr'><strong>solum</strong></span> <span class='ocrx_word' id='word_1_666' title='bbox 2247 3679 2470 3739; x_wconf 80' lang='lat' dir='ltr'><strong>fiebant,</strong></span> <span class='ocrx_word' id='word_1_667' title='bbox 2499 3679 2590 3732; x_wconf 87' lang='lat' dir='ltr'><strong>sed</strong></span> <span class='ocrx_word' id='word_1_668' title='bbox 2624 3688 2675 3732; x_wconf 89' lang='lat' dir='ltr'><strong>et</strong></span> <span class='ocrx_word' id='word_1_669' title='bbox 2710 3693 2805 3746; x_wconf 89' lang='lat' dir='ltr'><strong>per</strong></span> <span class='ocrx_word' id='word_1_670' title='bbox 2843 3687 3005 3730; x_wconf 86' lang='lat' dir='ltr'><strong>totam</strong></span> <span class='ocrx_word' id='word_1_671' title='bbox 3065 3685 3276 3730; x_wconf 88' lang='lat' dir='ltr'><strong>noctem</strong></span> 
     </span>
    </p>
   </div>
   <div class='ocr_carea' id='block_1_98' title="bbox 1748 3757 3281 3845">
    <p class='ocr_par' dir='ltr' id='par_1_98' title="bbox 1748 3757 3281 3845">
     <span class='ocr_line' id='line_1_98' title="bbox 1748 3757 3281 3845; baseline -0.005 -19"><span class='ocrx_word' id='word_1_672' title='bbox 1748 3791 1906 3845; x_wconf 76' lang='lat' dir='ltr'><strong>rogos</strong></span> <span class='ocrx_word' id='word_1_673' title='bbox 1940 3789 2000 3827; x_wconf 79' lang='lat' dir='ltr'><strong>ex</strong></span> <span class='ocrx_word' id='word_1_674' title='bbox 2040 3773 2185 3827; x_wconf 72' lang='lat' dir='ltr'><strong>freno</strong></span> <span class='ocrx_word' id='word_1_675' title='bbox 2216 3757 2590 3830; x_wconf 86' lang='lat' dir='ltr'><strong>accendentes,</strong></span> <span class='ocrx_word' id='word_1_676' title='bbox 2626 3784 2786 3836; x_wconf 81' lang='lat' dir='ltr'><strong>supra</strong></span> <span class='ocrx_word' id='word_1_677' title='bbox 2841 3784 2934 3822; x_wconf 89' lang='lat' dir='ltr'><strong>eos</strong></span> <span class='ocrx_word' id='word_1_678' title='bbox 2984 3770 3281 3828; x_wconf 81' lang='lat' dir='ltr'><strong>saliebant,</strong></span> 
     </span>
    </p>
   </div>
   <div class='ocr_carea' id='block_1_99' title="bbox 1740 3859 3302 3931">
    <p class='ocr_par' dir='ltr' id='par_1_99' title="bbox 1740 3859 3302 3931">
     <span class='ocr_line' id='line_1_99' title="bbox 1740 3859 3302 3931; baseline -0.006 -10"><span class='ocrx_word' id='word_1_679' title='bbox 1740 3877 1792 3921; x_wconf 83' lang='lat' dir='ltr'><strong>et</strong></span> <span class='ocrx_word' id='word_1_680' title='bbox 1837 3864 2203 3920; x_wconf 69' lang='lat' dir='ltr'><strong>sortiebantur</strong></span> <span class='ocrx_word' id='word_1_681' title='bbox 2235 3877 2326 3915; x_wconf 86' lang='lat' dir='ltr'><strong>seu</strong></span> <span class='ocrx_word' id='word_1_682' title='bbox 2366 3859 2676 3931; x_wconf 82' lang='lat' dir='ltr'><strong>divinabam</strong></span> <span class='ocrx_word' id='word_1_683' title='bbox 2710 3861 2774 3913; x_wconf 89' lang='lat' dir='ltr'><strong>de</strong></span> <span class='ocrx_word' id='word_1_684' title='bbox 2812 3859 3067 3916; x_wconf 74' lang='lat' dir='ltr'><strong>felicitate</strong></span> <span class='ocrx_word' id='word_1_685' title='bbox 3112 3873 3160 3914; x_wconf 89' lang='lat' dir='ltr'><strong>et</strong></span> <span class='ocrx_word' id='word_1_686' title='bbox 3200 3860 3302 3912; x_wconf 74' lang='lat' dir='ltr'><strong>in-&#39;</strong></span> 
     </span>
    </p>
   </div>
   <div class='ocr_carea' id='block_1_100' title="bbox 1746 3951 3274 4022">
    <p class='ocr_par' dir='ltr' id='par_1_100' title="bbox 1746 3951 3274 4022">
     <span class='ocr_line' id='line_1_100' title="bbox 1746 3951 3274 4022; baseline -0.005 -12"><span class='ocrx_word' id='word_1_687' title='bbox 1746 3957 2021 4018; x_wconf 68' lang='lat' dir='ltr'><strong>felicitate,</strong></span> <span class='ocrx_word' id='word_1_688' title='bbox 2056 3962 2108 4008; x_wconf 89' lang='lat' dir='ltr'><strong>et</strong></span> <span class='ocrx_word' id='word_1_689' title='bbox 2140 3954 2205 4006; x_wconf 85' lang='lat' dir='ltr'><strong>de</strong></span> <span class='ocrx_word' id='word_1_690' title='bbox 2238 3951 2565 4022; x_wconf 87' lang='lat' dir='ltr'><strong>quibusdam</strong></span> <span class='ocrx_word' id='word_1_691' title='bbox 2599 3951 2720 4005; x_wconf 77' lang='lat' dir='ltr'><strong>aliis</strong></span> <span class='ocrx_word' id='word_1_692' title='bbox 2751 3953 2910 4020; x_wconf 83' lang='lat' dir='ltr'><strong>plane</strong></span> <span class='ocrx_word' id='word_1_693' title='bbox 2932 3952 3274 4004; x_wconf 65' lang='lat' dir='ltr'><strong>daemoniace.</strong></span> 
     </span>
    </p>
   </div>
   <div class='ocr_carea' id='block_1_101' title="bbox 1744 4043 3275 4106">
    <p class='ocr_par' dir='ltr' id='par_1_101' title="bbox 1744 4043 3275 4106">
     <span class='ocr_line' id='line_1_101' title="bbox 1744 4043 3275 4106; baseline -0.005 -3"><span class='ocrx_word' id='word_1_694' title='bbox 1744 4050 1944 4103; x_wconf 88' lang='lat' dir='ltr'><strong>Eorum</strong></span> <span class='ocrx_word' id='word_1_695' title='bbox 1976 4058 2150 4100; x_wconf 87' lang='lat' dir='ltr'><strong>autem</strong></span> <span class='ocrx_word' id='word_1_696' title='bbox 2184 4044 2306 4098; x_wconf 91' lang='lat' dir='ltr'><strong>hinc</strong></span> <span class='ocrx_word' id='word_1_697' title='bbox 2329 4055 2378 4098; x_wconf 90' lang='lat' dir='ltr'><strong>et</strong></span> <span class='ocrx_word' id='word_1_698' title='bbox 2399 4043 2543 4097; x_wconf 91' lang='lat' dir='ltr'><strong>illinc</strong></span> <span class='ocrx_word' id='word_1_699' title='bbox 2568 4043 2767 4106; x_wconf 88' lang='lat' dir='ltr'><strong>aditus,</strong></span> <span class='ocrx_word' id='word_1_700' title='bbox 2791 4056 2842 4097; x_wconf 91' lang='lat' dir='ltr'><strong>et</strong></span> <span class='ocrx_word' id='word_1_701' title='bbox 2872 4043 3275 4106; x_wconf 88' lang='lat' dir='ltr'><strong>domunculam,</strong></span> 
     </span>
    </p>
   </div>
   <div class='ocr_carea' id='block_1_102' title="bbox 1745 4136 3280 4208">
    <p class='ocr_par' dir='ltr' id='par_1_102' title="bbox 1745 4136 3280 4208">
     <span class='ocr_line' id='line_1_102' title="bbox 1745 4136 3280 4208; baseline -0.003 -14"><span class='ocrx_word' id='word_1_702' title='bbox 1745 4144 1798 4194; x_wconf 86' lang='lat' dir='ltr'><strong>in</strong></span> <span class='ocrx_word' id='word_1_703' title='bbox 1835 4155 1938 4208; x_wconf 83' lang='lat' dir='ltr'><strong>qua</strong></span> <span class='ocrx_word' id='word_1_704' title='bbox 1975 4153 2092 4193; x_wconf 86' lang='lat' dir='ltr'><strong>sors</strong></span> <span class='ocrx_word' id='word_1_705' title='bbox 2134 4137 2222 4190; x_wconf 90' lang='lat' dir='ltr'><strong>illa</strong></span> <span class='ocrx_word' id='word_1_706' title='bbox 2264 4136 2444 4199; x_wconf 81' lang='lat' dir='ltr'><strong>ﬁebat,</strong></span> <span class='ocrx_word' id='word_1_707' title='bbox 2478 4150 2584 4188; x_wconf 84' lang='lat' dir='ltr'><strong>una</strong></span> <span class='ocrx_word' id='word_1_708' title='bbox 2615 4151 2736 4189; x_wconf 91' lang='lat' dir='ltr'><strong>cum</strong></span> <span class='ocrx_word' id='word_1_709' title='bbox 2777 4136 2843 4187; x_wconf 88' lang='lat' dir='ltr'><strong>iis</strong></span> <span class='ocrx_word' id='word_1_710' title='bbox 2893 4138 2991 4187; x_wconf 89' lang='lat' dir='ltr'><strong>sub</strong></span> <span class='ocrx_word' id='word_1_711' title='bbox 3027 4136 3114 4188; x_wconf 92' lang='lat' dir='ltr'><strong>dio</strong></span> <span class='ocrx_word' id='word_1_712' title='bbox 3145 4136 3280 4189; x_wconf 84' lang='lat' dir='ltr'><strong>locis</strong></span> 
     </span>
    </p>
   </div>
   <div class='ocr_carea' id='block_1_103' title="bbox 1747 4225 3277 4308">
    <p class='ocr_par' dir='ltr' id='par_1_103' title="bbox 1747 4225 3277 4308">
     <span class='ocr_line' id='line_1_103' title="bbox 1747 4225 3277 4308; baseline -0.003 -28"><span class='ocrx_word' id='word_1_713' title='bbox 1747 4245 1868 4300; x_wconf 60' lang='lat' dir='ltr'><strong>quin</strong></span> <span class='ocrx_word' id='word_1_714' title='bbox 1909 4246 2069 4301; x_wconf 88' lang='lat' dir='ltr'><strong>prope</strong></span> <span class='ocrx_word' id='word_1_715' title='bbox 2099 4241 2269 4290; x_wconf 88' lang='lat' dir='ltr'><strong>erant,</strong></span> <span class='ocrx_word' id='word_1_716' title='bbox 2308 4227 2485 4308; x_wconf 79' lang='lat' dir='ltr'><strong>aureis</strong></span> <span class='ocrx_word' id='word_1_717' title='bbox 2516 4225 2756 4278; x_wconf 79' lang='lat' dir='ltr'><strong>vestibus</strong></span> <span class='ocrx_word' id='word_1_718' title='bbox 2802 4231 2854 4276; x_wconf 91' lang='lat' dir='ltr'><strong>et</strong></span> <span class='ocrx_word' id='word_1_719' title='bbox 2900 4226 3121 4279; x_wconf 75' lang='lat' dir='ltr'><strong>sericeis</strong></span> <span class='ocrx_word' id='word_1_720' title='bbox 3168 4238 3277 4290; x_wconf 83' lang='lat' dir='ltr'><strong>tex-</strong></span> 
     </span>
    </p>
   </div>
   <div class='ocr_carea' id='block_1_104' title="bbox 1747 4314 3278 4382">
    <p class='ocr_par' dir='ltr' id='par_1_104' title="bbox 1747 4314 3278 4382">
     <span class='ocr_line' id='line_1_104' title="bbox 1747 4314 3278 4382; baseline -0.006 -5"><span class='ocrx_word' id='word_1_721' title='bbox 1747 4325 1890 4378; x_wconf 80' lang='lat' dir='ltr'><strong>tihUs</strong></span> <span class='ocrx_word' id='word_1_722' title='bbox 1924 4321 2274 4376; x_wconf 76' lang='lat' dir='ltr'><strong>exornabant.</strong></span> <span class='ocrx_word' id='word_1_723' title='bbox 2322 4317 2626 4382; x_wconf 79' lang='lat' dir='ltr'><strong>Quinetiam</strong></span> <span class='ocrx_word' id='word_1_724' title='bbox 2683 4314 2935 4369; x_wconf 86' lang='lat' dir='ltr'><strong>arborum</strong></span> <span class='ocrx_word' id='word_1_725' title='bbox 3009 4316 3150 4368; x_wconf 80' lang='lat' dir='ltr'><strong>foliis</strong></span> <span class='ocrx_word' id='word_1_726' title='bbox 3183 4331 3278 4369; x_wconf 92' lang='lat' dir='ltr'><strong>co-</strong></span> 
     </span>
    </p>
   </div>
   <div class='ocr_carea' id='block_1_105' title="bbox 1746 4407 3279 4472">
    <p class='ocr_par' dir='ltr' id='par_1_105' title="bbox 1746 4407 3279 4472">
     <span class='ocr_line' id='line_1_105' title="bbox 1746 4407 3279 4472; baseline -0.003 -8"><span class='ocrx_word' id='word_1_727' title='bbox 1746 4415 2032 4472; x_wconf 78' lang='lat' dir='ltr'><strong>ronabant,</strong></span> <span class='ocrx_word' id='word_1_728' title='bbox 2093 4410 2156 4462; x_wconf 86' lang='lat' dir='ltr'><strong>ad</strong></span> <span class='ocrx_word' id='word_1_729' title='bbox 2210 4407 2607 4472; x_wconf 85' lang='lat' dir='ltr'><strong>honorandum,</strong></span> <span class='ocrx_word' id='word_1_730' title='bbox 2641 4417 2698 4461; x_wconf 92' lang='lat' dir='ltr'><strong>ut</strong></span> <span class='ocrx_word' id='word_1_731' title='bbox 2734 4409 3024 4463; x_wconf 82' lang='lat' dir='ltr'><strong>verisimile</strong></span> <span class='ocrx_word' id='word_1_732' title='bbox 3073 4415 3175 4467; x_wconf 87' lang='lat' dir='ltr'><strong>est.</strong></span> <span class='ocrx_word' id='word_1_733' title='bbox 3226 4422 3279 4461; x_wconf 90' lang='lat' dir='ltr'><strong>et</strong></span> 
     </span>
    </p>
   </div>
   <div class='ocr_carea' id='block_1_106' title="bbox 1746 4484 3283 4571">
    <p class='ocr_par' dir='ltr' id='par_1_106' title="bbox 1746 4484 3283 4571">
     <span class='ocr_line' id='line_1_106' title="bbox 1746 4484 3283 4571; baseline -0.001 -15"><span class='ocrx_word' id='word_1_734' title='bbox 1746 4503 2117 4571; x_wconf 77' lang='lat' dir='ltr'><strong>excipiendum</strong></span> <span class='ocrx_word' id='word_1_735' title='bbox 2179 4484 2453 4565; x_wconf 79' lang='lat' dir='ltr'><strong>Satanam,</strong></span> <span class='ocrx_word' id='word_1_736' title='bbox 2508 4502 2597 4569; x_wconf 92' lang='lat' dir='ltr'><strong>qui</strong></span> <span class='ocrx_word' id='word_1_737' title='bbox 2654 4501 2773 4555; x_wconf 88' lang='lat' dir='ltr'><strong>illos</strong></span> <span class='ocrx_word' id='word_1_738' title='bbox 2832 4501 2932 4554; x_wconf 86' lang='lat' dir='ltr'><strong>sibi</strong></span> <span class='ocrx_word' id='word_1_739' title='bbox 2986 4500 3283 4555; x_wconf 70' lang='lat' dir='ltr'><strong>familiares</strong></span> 
     </span>
    </p>
   </div>
   <div class='ocr_carea' id='block_1_107' title="bbox 2093 4591 3281 4659">
    <p class='ocr_par' dir='ltr' id='par_1_107' title="bbox 2093 4591 3281 4659">
     <span class='ocr_line' id='line_1_107' title="bbox 2093 4591 3281 4659; baseline 0.001 -16"><span class='ocrx_word' id='word_1_740' title='bbox 2093 4592 2221 4656; x_wconf 75' lang='lat' dir='ltr'><strong>Qua:</strong></span> <span class='ocrx_word' id='word_1_741' title='bbox 2276 4592 2486 4659; x_wconf 87' lang='lat' dir='ltr'><strong>quidem</strong></span> <span class='ocrx_word' id='word_1_742' title='bbox 2547 4591 2724 4643; x_wconf 83' lang='lat' dir='ltr'><strong>omnia</strong></span> <span class='ocrx_word' id='word_1_743' title='bbox 2798 4592 3078 4658; x_wconf 63' lang='lat' dir='ltr'><strong>praedictus</strong></span> <span class='ocrx_word' id='word_1_744' title='bbox 3151 4607 3281 4645; x_wconf 79' lang='lat' dir='ltr'><strong>san-</strong></span> 
     </span>
    </p>
   </div>
   <div class='ocr_carea' id='block_1_108' title="bbox 1741 4675 3278 4750">
    <p class='ocr_par' dir='ltr' id='par_1_108' title="bbox 1741 4675 3278 4750">
     <span class='ocr_line' id='line_1_108' title="bbox 1741 4675 3278 4750; baseline 0.003 -17"><span class='ocrx_word' id='word_1_745' title='bbox 1741 4683 2018 4739; x_wconf 81' lang='lat' dir='ltr'><strong>rtissimus</strong></span> <span class='ocrx_word' id='word_1_746' title='bbox 2055 4675 2355 4750; x_wconf 72' lang='lat' dir='ltr'><strong>patriarcha</strong></span> <span class='ocrx_word' id='word_1_747' title='bbox 2396 4683 2519 4733; x_wconf 85' lang='lat' dir='ltr'><strong>cuin</strong></span> <span class='ocrx_word' id='word_1_748' title='bbox 2551 4681 2694 4732; x_wconf 86' lang='lat' dir='ltr'><strong>omni</strong></span> <span class='ocrx_word' id='word_1_749' title='bbox 2753 4681 3024 4750; x_wconf 80' lang='lat' dir='ltr'><strong>diligentia</strong></span> <span class='ocrx_word' id='word_1_750' title='bbox 3094 4687 3278 4750; x_wconf 74' lang='lat' dir='ltr'><strong>prohi—</strong></span> 
     </span>
    </p>
   </div>
   <div class='ocr_carea' id='block_1_109' title="bbox 1740 4770 3274 4841">
    <p class='ocr_par' dir='ltr' id='par_1_109' title="bbox 1740 4770 3274 4841">
     <span class='ocr_line' id='line_1_109' title="bbox 1740 4770 3274 4841; baseline 0 -14"><span class='ocrx_word' id='word_1_751' title='bbox 1740 4771 1854 4827; x_wconf 84' lang='lat' dir='ltr'><strong>beri</strong></span> <span class='ocrx_word' id='word_1_752' title='bbox 1885 4785 1936 4827; x_wconf 88' lang='lat' dir='ltr'><strong>et</strong></span> <span class='ocrx_word' id='word_1_753' title='bbox 1972 4774 2187 4840; x_wconf 82' lang='lat' dir='ltr'><strong>penitus</strong></span> <span class='ocrx_word' id='word_1_754' title='bbox 2231 4770 2428 4822; x_wconf 80' lang='lat' dir='ltr'><strong>aboleri</strong></span> <span class='ocrx_word' id='word_1_755' title='bbox 2479 4772 2724 4836; x_wconf 86' lang='lat' dir='ltr'><strong>curavit;</strong></span> <span class='ocrx_word' id='word_1_756' title='bbox 2773 4772 2913 4841; x_wconf 89' lang='lat' dir='ltr'><strong>quod</strong></span> <span class='ocrx_word' id='word_1_757' title='bbox 2948 4781 3000 4823; x_wconf 91' lang='lat' dir='ltr'><strong>et</strong></span> <span class='ocrx_word' id='word_1_758' title='bbox 3048 4772 3274 4828; x_wconf 76' lang='lat' dir='ltr'><strong>factum.</strong></span> 
     </span>
    </p>
   </div>
   <div class='ocr_carea' id='block_1_110' title="bbox 1741 4859 3276 4929">
    <p class='ocr_par' dir='ltr' id='par_1_110' title="bbox 1741 4859 3276 4929">
     <span class='ocr_line' id='line_1_110' title="bbox 1741 4859 3276 4929; baseline -0.001 -11"><span class='ocrx_word' id='word_1_759' title='bbox 1741 4864 1804 4918; x_wconf 83' lang='lat' dir='ltr'><strong>Et</strong></span> <span class='ocrx_word' id='word_1_760' title='bbox 1833 4880 1997 4926; x_wconf 80' lang='lat' dir='ltr'><strong>nunc,</strong></span> <span class='ocrx_word' id='word_1_761' title='bbox 2045 4871 2099 4912; x_wconf 91' lang='lat' dir='ltr'><strong>ut</strong></span> <span class='ocrx_word' id='word_1_762' title='bbox 2137 4859 2246 4912; x_wconf 85' lang='lat' dir='ltr'><strong>Deo</strong></span> <span class='ocrx_word' id='word_1_763' title='bbox 2293 4861 2522 4926; x_wconf 86' lang='lat' dir='ltr'><strong>placuit.</strong></span> <span class='ocrx_word' id='word_1_764' title='bbox 2574 4861 2686 4916; x_wconf 70' lang='lat' dir='ltr'><strong>hazc</strong></span> <span class='ocrx_word' id='word_1_765' title='bbox 2728 4877 2882 4929; x_wconf 81' lang='lat' dir='ltr'><strong>opera</strong></span> <span class='ocrx_word' id='word_1_766' title='bbox 2943 4863 3057 4919; x_wconf 84' lang='lat' dir='ltr'><strong>Deo</strong></span> <span class='ocrx_word' id='word_1_767' title='bbox 3102 4867 3276 4918; x_wconf 75' lang='lat' dir='ltr'><strong>invisa</strong></span> 
     </span>
    </p>
   </div>
   <div class='ocr_carea' id='block_1_111' title="bbox 1739 4951 3273 5022">
    <p class='ocr_par' dir='ltr' id='par_1_111' title="bbox 1739 4951 3273 5022">
     <span class='ocr_line' id='line_1_111' title="bbox 1739 4951 3273 5022; baseline -0.003 -10"><span class='ocrx_word' id='word_1_768' title='bbox 1739 4958 1964 5012; x_wconf 86' lang='lat' dir='ltr'><strong>omnino</strong></span> <span class='ocrx_word' id='word_1_769' title='bbox 2000 4951 2374 5016; x_wconf 76' lang='lat' dir='ltr'><strong>exoleverunt;</strong></span> <span class='ocrx_word' id='word_1_770' title='bbox 2433 4951 2556 5005; x_wconf 89' lang='lat' dir='ltr'><strong>ideo</strong></span> <span class='ocrx_word' id='word_1_771' title='bbox 2588 4953 2726 5020; x_wconf 88' lang='lat' dir='ltr'><strong>quod</strong></span> <span class='ocrx_word' id='word_1_772' title='bbox 2775 4952 2865 5020; x_wconf 90' lang='lat' dir='ltr'><strong>qui</strong></span> <span class='ocrx_word' id='word_1_773' title='bbox 2910 4969 3072 5022; x_wconf 85' lang='lat' dir='ltr'><strong>prepe</strong></span> <span class='ocrx_word' id='word_1_774' title='bbox 3119 4955 3273 5008; x_wconf 83' lang='lat' dir='ltr'><strong>habi—</strong></span> 
     </span>
    </p>
   </div>
   <div class='ocr_carea' id='block_1_112' title="bbox 1742 5042 3271 5114">
    <p class='ocr_par' dir='ltr' id='par_1_112' title="bbox 1742 5042 3271 5114">
     <span class='ocr_line' id='line_1_112' title="bbox 1742 5042 3271 5114; baseline -0.003 -12"><span class='ocrx_word' id='word_1_775' title='bbox 1742 5049 1946 5109; x_wconf 86' lang='lat' dir='ltr'><strong>tabant,</strong></span> <span class='ocrx_word' id='word_1_776' title='bbox 1977 5053 2030 5098; x_wconf 86' lang='lat' dir='ltr'><strong>et</strong></span> <span class='ocrx_word' id='word_1_777' title='bbox 2060 5042 2272 5111; x_wconf 82' lang='lat' dir='ltr'><strong>judices</strong></span> <span class='ocrx_word' id='word_1_778' title='bbox 2322 5051 2376 5097; x_wconf 88' lang='lat' dir='ltr'><strong>et</strong></span> <span class='ocrx_word' id='word_1_779' title='bbox 2404 5045 2712 5098; x_wconf 87' lang='lat' dir='ltr'><strong>sacerdotes</strong></span> <span class='ocrx_word' id='word_1_780' title='bbox 2748 5059 2887 5114; x_wconf 65' lang='lat' dir='ltr'><strong>saepe</strong></span> <span class='ocrx_word' id='word_1_781' title='bbox 2925 5055 3048 5099; x_wconf 85' lang='lat' dir='ltr'><strong>sunt</strong></span> <span class='ocrx_word' id='word_1_782' title='bbox 3093 5047 3271 5113; x_wconf 85' lang='lat' dir='ltr'><strong>repre-</strong></span> 
     </span>
    </p>
   </div>
   <div class='ocr_carea' id='block_1_113' title="bbox 1742 5133 3267 5200">
    <p class='ocr_par' dir='ltr' id='par_1_113' title="bbox 1742 5133 3267 5200">
     <span class='ocr_line' id='line_1_113' title="bbox 1742 5133 3267 5200; baseline 0 -9"><span class='ocrx_word' id='word_1_783' title='bbox 1742 5135 1917 5197; x_wconf 83' lang='lat' dir='ltr'><strong>hcnsi,</strong></span> <span class='ocrx_word' id='word_1_784' title='bbox 1957 5144 2008 5188; x_wconf 92' lang='lat' dir='ltr'><strong>et</strong></span> <span class='ocrx_word' id='word_1_785' title='bbox 2039 5133 2322 5200; x_wconf 81' lang='lat' dir='ltr'><strong>admoniti,</strong></span> <span class='ocrx_word' id='word_1_786' title='bbox 2361 5145 2429 5190; x_wconf 81' lang='lat' dir='ltr'><strong>ut.</strong></span> <span class='ocrx_word' id='word_1_787' title='bbox 2459 5134 2680 5187; x_wconf 90' lang='lat' dir='ltr'><strong>omnino</strong></span> <span class='ocrx_word' id='word_1_788' title='bbox 2715 5144 2974 5194; x_wconf 81' lang='lat' dir='ltr'><strong>cur-arent</strong></span> <span class='ocrx_word' id='word_1_789' title='bbox 3017 5150 3079 5187; x_wconf 85' lang='lat' dir='ltr'><strong>ac</strong></span> <span class='ocrx_word' id='word_1_790' title='bbox 3119 5137 3267 5191; x_wconf 87' lang='lat' dir='ltr'><strong>vide-</strong></span> 
     </span>
    </p>
   </div>
   <div class='ocr_carea' id='block_1_114' title="bbox 1739 5224 3276 5294">
    <p class='ocr_par' dir='ltr' id='par_1_114' title="bbox 1739 5224 3276 5294">
     <span class='ocr_line' id='line_1_114' title="bbox 1739 5224 3276 5294; baseline -0.001 -13"><span class='ocrx_word' id='word_1_791' title='bbox 1739 5236 1878 5292; x_wconf 83' lang='lat' dir='ltr'><strong>rent,</strong></span> <span class='ocrx_word' id='word_1_792' title='bbox 1917 5243 1982 5281; x_wconf 88' lang='lat' dir='ltr'><strong>ne</strong></span> <span class='ocrx_word' id='word_1_793' title='bbox 2017 5227 2145 5294; x_wconf 82' lang='lat' dir='ltr'><strong>quid</strong></span> <span class='ocrx_word' id='word_1_794' title='bbox 2187 5229 2290 5279; x_wconf 85' lang='lat' dir='ltr'><strong>tale</strong></span> <span class='ocrx_word' id='word_1_795' title='bbox 2326 5228 2490 5280; x_wconf 85' lang='lat' dir='ltr'><strong>lieret.</strong></span> <span class='ocrx_word' id='word_1_796' title='bbox 2521 5224 2594 5275; x_wconf 78' lang='lat' dir='ltr'><strong>Ae</strong></span> <span class='ocrx_word' id='word_1_797' title='bbox 2641 5228 2844 5279; x_wconf 90' lang='lat' dir='ltr'><strong>utinam</strong></span> <span class='ocrx_word' id='word_1_798' title='bbox 2882 5241 3166 5279; x_wconf 80' lang='lat' dir='ltr'><strong>corvorum</strong></span> <span class='ocrx_word' id='word_1_799' title='bbox 3219 5239 3276 5283; x_wconf 87' lang='lat' dir='ltr'><strong>et</strong></span> 
     </span>
    </p>
   </div>
   <div class='ocr_carea' id='block_1_115' title="bbox 1739 5315 3272 5388">
    <p class='ocr_par' dir='ltr' id='par_1_115' title="bbox 1739 5315 3272 5388">
     <span class='ocr_line' id='line_1_115' title="bbox 1739 5315 3272 5388; baseline 0.001 -16"><span class='ocrx_word' id='word_1_800' title='bbox 1739 5320 2010 5374; x_wconf 85' lang='lat' dir='ltr'><strong>cornicum</strong></span> <span class='ocrx_word' id='word_1_801' title='bbox 2037 5327 2089 5372; x_wconf 89' lang='lat' dir='ltr'><strong>et</strong></span> <span class='ocrx_word' id='word_1_802' title='bbox 2122 5318 2439 5382; x_wconf 86' lang='lat' dir='ltr'><strong>reliquarum</strong></span> <span class='ocrx_word' id='word_1_803' title='bbox 2476 5315 2708 5369; x_wconf 79' lang='lat' dir='ltr'><strong>ferarum</strong></span> <span class='ocrx_word' id='word_1_804' title='bbox 2760 5316 2934 5368; x_wconf 84' lang='lat' dir='ltr'><strong>avium</strong></span> <span class='ocrx_word' id='word_1_805' title='bbox 2985 5319 3272 5388; x_wconf 80' lang='lat' dir='ltr'><strong>inspectio-</strong></span> 
     </span>
    </p>
   </div>
   <div class='ocr_carea' id='block_1_116' title="bbox 1739 5406 3265 5477">
    <p class='ocr_par' dir='ltr' id='par_1_116' title="bbox 1739 5406 3265 5477">
     <span class='ocr_line' id='line_1_116' title="bbox 1739 5406 3265 5477; baseline -0.003 -14"><span class='ocrx_word' id='word_1_806' title='bbox 1739 5425 1836 5465; x_wconf 87' lang='lat' dir='ltr'><strong>ncs</strong></span> <span class='ocrx_word' id='word_1_807' title='bbox 1867 5410 2078 5476; x_wconf 64' lang='lat' dir='ltr'><strong>abolitae</strong></span> <span class='ocrx_word' id='word_1_808' title='bbox 2111 5413 2292 5458; x_wconf 82' lang='lat' dir='ltr'><strong>essent</strong></span> <span class='ocrx_word' id='word_1_809' title='bbox 2320 5420 2334 5457; x_wconf 91' lang='lat'><strong>:</strong></span> <span class='ocrx_word' id='word_1_810' title='bbox 2365 5406 2613 5460; x_wconf 89' lang='lat' dir='ltr'><strong>similiter</strong></span> <span class='ocrx_word' id='word_1_811' title='bbox 2661 5414 2837 5457; x_wconf 91' lang='lat' dir='ltr'><strong>autem</strong></span> <span class='ocrx_word' id='word_1_812' title='bbox 2867 5416 2920 5458; x_wconf 89' lang='lat' dir='ltr'><strong>et</strong></span> <span class='ocrx_word' id='word_1_813' title='bbox 2961 5411 3265 5477; x_wconf 82' lang='lat' dir='ltr'><strong>critriarum</strong></span> 
     </span>
    </p>
   </div>
   <div class='ocr_carea' id='block_1_117' title="bbox 1685 5497 3270 5570">
    <p class='ocr_par' dir='ltr' id='par_1_117' title="bbox 1685 5497 3270 5570">
     <span class='ocr_line' id='line_1_117' title="bbox 1685 5497 3270 5570; baseline -0.004 -17"><span class='ocrx_word' id='word_1_814' title='bbox 1685 5535 1706 5541; x_wconf 86' lang='lat'><strong>--</strong></span> <span class='ocrx_word' id='word_1_815' title='bbox 1741 5517 1893 5570; x_wconf 69' lang='lat' dir='ltr'><strong>puga:</strong></span> <span class='ocrx_word' id='word_1_816' title='bbox 1925 5511 1974 5552; x_wconf 88' lang='lat' dir='ltr'><strong>et</strong></span> <span class='ocrx_word' id='word_1_817' title='bbox 2003 5498 2227 5550; x_wconf 88' lang='lat' dir='ltr'><strong>aliorum</strong></span> <span class='ocrx_word' id='word_1_818' title='bbox 2269 5498 2447 5566; x_wconf 84' lang='lat' dir='ltr'><strong>populi</strong></span> <span class='ocrx_word' id='word_1_819' title='bbox 2486 5497 2852 5552; x_wconf 78' lang='lat' dir='ltr'><strong>seductor&#39;uui.</strong></span> <span class='ocrx_word' id='word_1_820' title='bbox 2894 5498 3024 5554; x_wconf 82' lang='lat' dir='ltr'><strong>illud</strong></span> <span class='ocrx_word' id='word_1_821' title='bbox 3063 5511 3270 5561; x_wconf 79' lang='lat' dir='ltr'><strong>autem,</strong></span> 
     </span>
    </p>
   </div>
   <div class='ocr_carea' id='block_1_118' title="bbox 1740 5589 3268 5659">
    <p class='ocr_par' dir='ltr' id='par_1_118' title="bbox 1740 5589 3268 5659">
     <span class='ocr_line' id='line_1_118' title="bbox 1740 5589 3268 5659; baseline -0.001 -14"><span class='ocrx_word' id='word_1_822' title='bbox 1740 5593 1998 5645; x_wconf 75' lang='lat' dir='ltr'><strong>Traduxit</strong></span> <span class='ocrx_word' id='word_1_823' title='bbox 2026 5589 2160 5641; x_wconf 84' lang='lat' dir='ltr'><strong>lilios</strong></span> <span class='ocrx_word' id='word_1_824' title='bbox 2197 5605 2326 5643; x_wconf 80' lang='lat' dir='ltr'><strong>suos</strong></span> <span class='ocrx_word' id='word_1_825' title='bbox 2373 5606 2462 5657; x_wconf 88' lang='lat' dir='ltr'><strong>per</strong></span> <span class='ocrx_word' id='word_1_826' title='bbox 2487 5591 2684 5656; x_wconf 81' lang='lat' dir='ltr'><strong>ignem,</strong></span> <span class='ocrx_word' id='word_1_827' title='bbox 2730 5605 2954 5657; x_wconf 77' lang='lat' dir='ltr'><strong>magnus</strong></span> <span class='ocrx_word' id='word_1_828' title='bbox 3008 5592 3268 5659; x_wconf 80' lang='lat' dir='ltr'><strong>Cyrillns,</strong></span> 
     </span>
    </p>
   </div>
   <div class='ocr_carea' id='block_1_119' title="bbox 1741 5679 3261 5759">
    <p class='ocr_par' dir='ltr' id='par_1_119' title="bbox 1741 5679 3261 5759">
     <span class='ocr_line' id='line_1_119' title="bbox 1741 5679 3261 5759; baseline -0.001 -25"><span class='ocrx_word' id='word_1_829' title='bbox 1741 5683 2052 5759; x_wconf 79' lang='lat' dir='ltr'><strong>prophetam</strong></span> <span class='ocrx_word' id='word_1_830' title='bbox 2081 5679 2272 5733; x_wconf 85' lang='lat' dir='ltr'><strong>lsaiam</strong></span> <span class='ocrx_word' id='word_1_831' title='bbox 2309 5679 2599 5746; x_wconf 83' lang='lat' dir='ltr'><strong>explicans.</strong></span> <span class='ocrx_word' id='word_1_832' title='bbox 2641 5679 3028 5748; x_wconf 85' lang='lat' dir='ltr'><strong>interpretatus</strong></span> <span class='ocrx_word' id='word_1_833' title='bbox 3074 5693 3175 5743; x_wconf 85' lang='lat' dir='ltr'><strong>est,</strong></span> <span class='ocrx_word' id='word_1_834' title='bbox 3211 5682 3261 5732; x_wconf 89' lang='lat' dir='ltr'><strong>in</strong></span> 
     </span>
    </p>
   </div>
   <div class='ocr_carea' id='block_1_120' title="bbox 1743 5771 3150 5842">
    <p class='ocr_par' dir='ltr' id='par_1_120' title="bbox 1743 5771 3150 5842">
     <span class='ocr_line' id='line_1_120' title="bbox 1743 5771 3150 5842; baseline -0.004 -14"><span class='ocrx_word' id='word_1_835' title='bbox 1743 5777 2052 5828; x_wconf 65' lang='lat' dir='ltr'><strong>bolocausto</strong></span> <span class='ocrx_word' id='word_1_836' title='bbox 2079 5773 2265 5825; x_wconf 88' lang='lat' dir='ltr'><strong>obtulit</strong></span> <span class='ocrx_word' id='word_1_837' title='bbox 2299 5786 2389 5823; x_wconf 85' lang='lat' dir='ltr'><strong>seu</strong></span> <span class='ocrx_word' id='word_1_838' title='bbox 2429 5771 2764 5842; x_wconf 77' lang='lat' dir='ltr'><strong>sacriﬁcabat</strong></span> <span class='ocrx_word' id='word_1_839' title='bbox 2794 5772 3150 5826; x_wconf 64' lang='lat' dir='ltr'><strong>daemonibus.</strong></span> 
     </span>
    </p>
   </div>
  </div>
