3968 6346
114 472 210 536 805

1065 473 1145 532 1N
1181 445 1666 536 (:ANfoxer
1705 470 1914 529 CONC.
1955 464 2388 529 manuue.

3188 467 3293 527 806

113 588 381 649 ωθοῧντας
402 590 478 649 εἰς
505 587 740 654 ψυχικὴν
768 585 1041 639 ἀπώλειαν
1060 588 1184 644 τοὺς
1211 585 1454 645 πολλοὺς,
1477 586 1567 635 καὶ
1598 584 1655 633 οὺ

1761 582 2201 644 animmcxitium
2251 581 2408 631 veluti
2461 578 2823 648 protrudunt;
2873 587 2927 634 et
2975 592 3079 631 non
3117 581 3290 632 εηΙιιηι

115 682 264 745 μόνον
290 680 735 745 ἐπισυνάγοντας,
765 677 897 728 ἀλλὰ
945 679 1038 729 καὶ
1072 677 1456 746 ἐκτρέφοντας,
1486 677 1650 743 ἤγουν

113 771 174 821 τὰ
207 770 477 835 ἀναγκαῖα
504 769 694 829 αὐταῖς
757 766 1218 836 ἑπιχορηγοῦντας
1277 766 1374 834 (τῷ
1401 768 1507 833 γὰρ
1538 765 1651 816 ws.

116 869 238 926 ματι
263 851 356 926 τῆς
393 859 598 926 τροφῆς
647 858 738 910 καὶ
771 858 1100 924 ὲνδυμενίαι,
1133 858 1225 908 καὶ
1261 857 1327 910 τὰ
1371 856 1550 916 λοιπὰ,
1587 858 1652 908 τὰ

113 953 242 1019 πρὸς
273 951 566 1002 ἀκολασίαν
598 951 723 1011 τοὺς
754 950 1133 1018 ἁπαλωτέρους
1187 948 1434 1010 ἕλκοντα,
1467 947 1650 1015 περιέ-

110 1040 332 1106 χονται).
366 1040 658 1109 κληρικοὺς
682 1040 778 1108 μὲν
801 1040 979 1102 ὄντας,
1013 1037 1409 1107 καθαιρεῖσθαι,
1437 1037 1654 1096 λαῖκοὺς

109 1129 179 1186 δὲ.
209 1128 580 1196 ἀφορίζεσθαι.
620 1128 695 1181 Οὐ
729 1129 878 1197 παρά
906 1129 1060 1180 τοῦτο
1086 1128 1140 1179 δὲ
1166 1129 1215 1179 οί
1251 1129 1409 1195 μόνον
1439 1129 1655 1178 ἐπισυν-

113 1216 333 1281 ἀγοντις
389 1217 482 1269 καὶ
518 1217 594 1285 μὴ
629 1218 981 1286 ὲκτρέφοντες
1015 1211 1182 1278 αὑτάς
1218 1219 1276 1268 οὑ
1330 1216 1647 1286 τιμωρηθή-

113 1322 317 1359 σονται·
350 1307 489 1360 ἀλλὰ
520 1309 758 1360 κάκεῖνοι
800 1308 1000 1377 ὁμοίως
1045 1309 1486 1376 κολασθήσονται.
1522 1303 1653 1356 [Sina

108 1394 159 1445 δὲ
188 1399 215 1446 ὁ
247 1397 421 1448 κανὼν
452 1399 511 1448 τὸ
535 1396 949 1463 ἐκφέροντες,
980 1398 1058 1449 ὃτι
1081 1397 1137 1460 ἐξ
1162 1397 1399 1464 ἀνάγκης
1452 1400 1517 1467 τῇ
1546 1415 1659 1447 συνο

109 1488 290 1553 αγωγῇ
323 1487 678 1539 ἐπακολουθεῖ
707 1486 800 1536 καὶ
828 1486 1041 1555 λοιπὴ
1071 1487 1287 1555 φροντὶς
1311 1488 1413 1537 τῶν
1443 1487 1658 1538 ἐπισυν-

112 1575 411 1642 αγομένων.
453 1579 528 1629 Οὐ
563 1579 668 1645 γὰρ
698 1578 758 1629 τὸ
821 1579 1142 1643 συναγαγεῖν
1176 1584 1336 1639 μόνον
1367 1575 1513 1638 ἄξιόν
1545 1579 1658 1626 ἐστι

110 1665 379 1727 κολάσεως
401 1683 415 1696 ·
450 1667 581 1718 διότι
611 1668 830 1733 συνάγει
860 1684 939 1725 τις
981 1666 1237 1727 πολλάκις
1267 1666 1467 1734 πόρνας
1497 1667 1653 1733 χάριν

111 1752 198 1802 τοῦ
236 1753 528 1806 ὑποθέσθαι
558 1755 749 1816 αὑταῖς
778 1755 844 1805 τὰ
874 1753 1264 1822 σωτηριώδη,ἢ
1295 1758 1659 1821 χειραγωγίας

115 1841 332 1902 αξιὼσαι
362 1845 703 1912 σωματικῆς,
752 1844 783 1913 ῆ
821 1842 1156 1911 παραδοῦναι
1187 1843 1263 1910 τῷ
1308 1843 1528 1911 ἄρχοντι
1562 1845 1657 1911 χά-

1753 691 1845 728 eos
1878 677 1966 742 qui
1993 684 2212 742 cogunt,
2246 677 2335 728 sed
2363 685 2415 727 et
2441 674 2529 742 qui
2567 675 2716 727 alunt
2743 675 2857 727 sive
2885 675 2965 728 eis
2989 679 3291 730 necessaria

1756 765 2103 832 suppeditant
2137 767 2394 832 (alimenti
2448 766 2589 816 cnim
2637 766 2854 818 nomine
2889 777 2942 819 et
2986 770 3294 827 indumenta

1754 865 1804 909 et
1845 859 2067 924 reliqua,
2099 872 2216 924 quae
2243 858 2511 910 molliores
2535 859 2600 910 ad
2635 859 3099 925 intemperantiam
3129 872 3294 914 attra-

1755 951 1907 1009 hunt,
1941 949 2510 1015 comprehenduntur),
2537 951 2578 1004 si
2611 951 2944 1017 sintquidcm
2973 953 3172 1014 clerici,
3200 956 3295 1007 dc-

1755 1041 2026 1106 pnnendos
2063 1055 2073 1088 :
2112 1040 2193 1092 sin
2232 1056 2356 1092 vero
2389 1042 2530 1102 laici,
2560 1043 2941 1109 segregaudos.
2969 1043 3080 1096 Non
3115 1059 3293 1099 autem

1756 1131 1958 1183 idcirco
2001 1131 2090 1198 qui
2128 1131 2298 1183 solum
2333 1132 2546 1196 quidem
2592 1142 2808 1201 Cogunt,
2839 1145 2894 1186 et
2920 1150 3009 1188 eas
3058 1153 3157 1187 non
3195 1155 3298 1189 nu-

1752 1220 1943 1285 triunt,
1974 1235 2076 1270 non
2115 1221 2406 1287 punientur
2433 1234 2445 1268 :
2483 1219 2575 1271 sed
2605 1223 2656 1273 in
2687 1237 2779 1275 eos
2809 1237 3022 1289 quoque
3051 1225 3298 1277 similiter

1759 1310 2235 1361 animadvertetur.
2269 1309 2410 1360 Dixit
2431 1318 2604 1361 autem
2635 1327 2807 1362 canon
2838 1311 2962 1364 illud
2995 1331 3008 1366 :
3051 1316 3296 1377 Etgalnnt,

1755 1401 2006 1468 quoniam
2035 1401 2122 1452 ubi
2147 1398 2440 1468 coegerint,
2467 1416 2772 1454 necessario
2795 1418 3007 1471 quoque.
3032 1408 3296 1470 sequitur,

1725 1485 1727 1487 ’
1757 1498 1815 1543 ut
1845 1500 2149 1542 coactarum
2183 1507 2310 1545 cura
2355 1493 2606 1559 deinceps
2645 1492 2710 1543 ah
2741 1491 2806 1544 iis
2842 1504 3079 1560 geratur.
3118 1492 3298 1560 Neque

1757 1582 1896 1634 enim
1953 1584 2126 1634 solum
2175 1598 2366 1650 cogere
2421 1584 2742 1651 supplicium
2800 1592 3034 1634 meretur
3087 1598 3302 1635 :mere-

1758 1675 1930 1726 trices
1963 1672 2100 1724 enini
2134 1689 2272 1740 sa‘pe
2303 1673 2442 1740 cogit
2470 1675 2768 1742 quispiam,
2793 1683 2850 1724 ut
2890 1674 2968 1724 eis
2999 1675 3108 1732 illa,
3143 1672 3304 1740 258

1759 1781 1874 1834 quae
1909 1775 2037 1818 sunt
2069 1766 2345 1826 salutaria,
2393 1771 2668 1831 suggerat,
2706 1763 2789 1814 vel
2839 1772 2895 1813 ut
2929 1779 3111 1815 earum
3145 1777 3303 1825 nycra

1760 1855 1824 1906 ad
1869 1857 2211 1907 tractandum
2265 1857 2476 1922 aliquod
2513 1854 2868 1907 ministerium
2909 1847 3109 1914 tt'tatur,
3137 1853 3214 1904 ν‹·1
3245 1860 3303 1903 ιιι

110 1949 187 1998 ριν
230 1934 629 2002 σωφρονισμοῦ.
659 1935 828 2002 Ζήτει
883 1934 1085 2002 βιϐλίον
1123 1935 1161 1997 ξ’
1195 1934 1301 1984 τῶν
1327 1931 1651 1998 Βασιλικών,

1761 1943 1844 1994 det
1875 1956 1966 2008 cas
2004 1942 2338 2006 magistratui
2372 1940 2734 2005 (-astigandas.
2770 1939 2960 2003 Quaere
2996 1940 3189 1989 librum
3239 1953 3304 1988 LI

107 2023 264 2092 τίτλῳ
287 2022 389 2092 λη’,
421 2042 544 2092 κεφ.
569 2031 635 2080 α’.
680 2025 802 2077 Ἐάν
832 2025 1014 2094 πατὴρ
1038 2026 1305 2093 θυγατέρα
1333 2025 1362 2093 ἢ
1393 2025 1654 2093 δεσπότης
1690 2060 1694 2064 ~

109 2112 294 2182 δούλην
342 2116 705 2183 πορνοὸοσκῇ,
751 2108 1137 2166 ἀπολλῦτωσαν
1189 2115 1285 2184 τὴν
1321 2116 1406 2166 ἐπ’
1458 2117 1649 2178 αὐταῖς

111 2204 372 2266 ἐξουσίαν.
401 2204 730 2275 Προστίθησι
756 2205 811 2255 δὲ
841 2207 899 2276 τό
937 2205 1230 2270 κεφάλαιον
1264 2205 1349 2256 διὰ
1375 2205 1468 2257 τοῦ
1531 2208 1653 2256 ἐπι-

109 2295 304 2346 σκόπου
346 2296 439 2346 καὶ
471 2293 563 2346 τοῦ
580 2293 832 2363 ἄρχοντος
866 2294 1028 2354 αὑτὰς
1061 2294 1400 2362 βοηθεῖσθαι·
1431 2295 1525 2346 καὶ
1551 2290 1652 2358 ὅτι,

111 2384 198 2434 ἐὰν
233 2385 550 2438 ἀνθίσταται
602 2389 735 2454 πρὸς
769 2386 926 2438 τοῦτο
954 2389 981 2438 ό
1014 2394 1190 2457 πατὴρ
1222 2389 1254 2457 ἢ
1300 2389 1328 2438 ὁ
1357 2371 1648 2454 δεσπότης,

109 2475 430 2541 δημεύονται
467 2477 558 2528 καὶ
589 2477 944 2545 ἑξορίζονται.
976 2480 1085 2531 Καὶ
1113 2483 1172 2532 τὸ
1212 2481 1465 2548 δεύτερον
1494 2480 1658 2544 κεφά-

112 2561 252 2616 λαιον
278 2567 404 2628 τοὺς
442 2567 540 2634 μὲν
568 2568 802 2629 εὐτελεῖς
837 2569 1226 2637 πορνοϐοσκοὺς
1252 2571 1455 2639 ὁμοίως
1485 2587 1653 2636 τιμω-

116 2659 212 2723 ρεῖ,
239 2657 364 2719 τοὺς
399 2657 455 2709 δὲ
480 2659 764 2727 στρατείαν
796 2657 1012 2726 ἔχοντας
1035 2658 1368 2727 δημεύεσθαί
1394 2675 1547 2727 φησι.
1581 2657 1674 2708 Τὸν

113 2747 290 2811 μέντοι
327 2746 375 2814 γ’
420 2767 545 2817 κεφ.
581 2748 674 2802 τοῦ
720 2750 882 2802 αὐτοῦ
917 2749 1120 2818 βιϐλίου
1154 2753 1248 2803 καὶ
1281 2742 1481 2813 τίτλου,
1518 2754 1654 2818 ὅπερ

114 2837 220 2888 ἐστὶ
264 2838 453 2908 Νεαρὰ
493 2840 930 2902 ἰουστινιάνειος,
977 2844 1222 2910 μεγάλως
1271 2842 1486 2904 κολάζει
1530 2842 1656 2903 τοὺς

116 2930 205 2980 σὺν
239 2932 420 3003 τέχνῃ,
453 2934 546 2985 καὶ
570 2932 725 3003 δόλῳ,
768 2934 862 2984 καὶ
890 2933 1100 3003 ἀνάγκη
1150 2937 1228 2992 εἰς
1256 2937 1354 3002 τὴν
1402 2935 1656 3003 τοιαὺῖην

114 3015 391 3087 ἀσέλγειαν
443 3022 714 3090 ἄγοντας,
766 3024 857 3074 καὶ
925 3022 1401 3091 ἑμπορευομένους
1460 3024 1651 3078 ταῦτα.

126 3100 420 3177 1Ἀνάγνωθι
445 3114 536 3165 οὖν
556 3115 617 3166 τὸ
640 3114 879 3166 τοιοῦτον
906 3117 1202 3183 κεφάλαιον
1231 3117 1655 3167 ἐπιστατικώτεο

120 3218 223 3268 ρον.
265 3204 496 3270 Λέγουσι
546 3205 652 3274 γάρ
701 3223 844 3267 τινες
869 3208 943 3269 ὡς
975 3208 1212 3267 ἐκείνους
1248 3207 1402 3258 τοῦτο
1437 3204 1654 3268 κολάζει

115 3294 232 3356 τοὺς
255 3294 591 3358 πλανῶντας,
620 3297 713 3364 καὶ
751 3297 886 3364 μετά
918 3313 1061 3357 τινος
1105 3297 1330 3362 μεθόδου
1345 3286 1386 3366 ’ἢ
1417 3297 1656 3364 ἀνάγκης

120 3383 470 3446 μείέλκοντας
509 3386 589 3447 εἰς
622 3386 871 3455 πορνείαν
916 3387 1179 3454 γυναῖκάς
1212 3402 1362 3447 τινας
1387 3399 1401 3415 °
1436 3386 1496 3437 οὐ
1556 3386 1659 3454 μὴν

117 3475 232 3533 τοῦς
287 3476 754 3544 προσδεχομένους
808 3476 906 3538 τὰς
971 3477 1202 3545 ἑκουσίῳ
1264 3475 1516 3545 βουλήσει
1565 3476 1662 3544 τὴν

122 3563 367 3631 πορνείαν
419 3564 683 3633 ἑλομένας
728 3565 818 3617 διὰ
850 3567 1062 3632 φύσεως
1087 3565 1335 3633 ἀνάγκην
1363 3568 1394 3638 ἦ
1438 3565 1532 3625 καὶ
1560 3581 1662 3615 πι-

121 3656 251 3710 νέαν.
306 3654 557 3722 Χρῶνται
595 3655 650 3706 δὲ
695 3651 789 3706 καὶ
813 3657 947 3724 πρὸς
983 3656 1336 3708 ἐπισύστασιν
1373 3655 1467 3708 τοῦ
1501 3656 1660 3722 λόγου

128 3742 298 3799 αὐτῶν
349 3750 443 3800 καὶ
476 3746 688 3818 ῥήμασί
730 3763 842 3799 τισι
864 3746 964 3816 τῆς
996 3748 1163 3816 αὐτῆς
1190 3747 1427 3817 Νεαρᾶς,
1461 3747 1553 3802 καὶ
1586 3747 1661 3821 τῷ

130 3837 354 3904 παρόντι
377 3840 560 3890 κανόνι
602 3838 676 3908 μὴ
720 3838 882 3905 μόνον
919 3839 1043 3902 τοὺς
1072 3841 1499 3907 ὲπισυνάγοντας
1530 3841 1664 3908 πόρ-

125 3943 212 3988 νας
243 3927 542 3990 κολάζονττ,
577 3926 712 3980 ἀλλὰ
736 3929 977 3990 καὶτοὺς
1001 3927 1385 3998 ἐκτρέφοντας.
1416 3932 1664 3983 τουτέστι

125 4016 206 4069 διὰ
237 4016 442 4087 πλάνης
471 4017 564 4069 καὶ
594 4018 880 4078 κολακείας
900 4017 1274 4080 συνωθοῦντας
1302 4014 1470 4082 αὗτὰς
1497 4022 1575 4082 εἰς
1604 4021 1663 4072 τὸ

132 4108 311 4170 κακόν.
332 4112 440 4162 Καὶ
461 4109 522 4161 τδ
545 4111 610 4176 σή
621 4125 683 4178 με
693 4125 781 4178 ρον
802 4107 858 4161 δὲ
869 4109 1144 4176 γινόμενον
1164 4111 1554 4178 πραγματικῶς
1581 4111 1660 4172 είς

129 4208 190 4254 τὰ
220 4194 610 4272 προνοὼσκεῖα
635 4200 992 4254 διενίστανται
1023 4202 1330 4269 συντρέχειν
1352 4205 1460 4262 τοῖς
1483 4202 1663 4270 λόγοις

129 4288 317 4345 αὐτῶν.
361 4292 516 4361 Ἐμοὶ
552 4294 607 4346 δὲ
641 4293 789 4345 δοκεῖ
841 4288 922 4346 ὅτι
979 4294 1155 4346 πάντα
1203 4293 1563 4363 πορνοὸοσκὸν
1615 4297 1662 4346 οἱ

134 4382 279 4450 νόμοι
327 4385 419 4434 καὶ
479 4378 529 4434 oi
558 4376 1185 4446 κανόνεςαᾶδιαστίκτως
1228 4383 1531 4447 κολάζουσι,
1572 4388 1666 4440 καὶ

132 4474 301 4525 πᾶσαν
333 4476 533 4544 πόρνην
563 4477 643 4541 είς
684 4472 1039 4543 σωφροσύνην
1071 4469 1442 4542 μεθέλκουσιν.
1515 4475 1667 4530 Ἀνά-

1760 2033 1967 2085 Basilic.
2002 2033 2080 2082 tit.
2114 2032 2201 2089 58,
2228 2046 2343 2096 cap.
2373 2030 2393 2080 l
2433 2045 2447 2080 :
2481 2029 2533 2081 Si
2559 2040 2707 2094 pater
2735 2029 2918 2090 ﬁliam,
2949 2031 3026 2079 vel
3057 2029 3304 2082 dominus

1761 2137 1968 2177 servam
2003 2123 2198 2174 nutriat
2245 2122 2307 2174 ad
2355 2108 3042 2189 quaestum'nacrctricium,
3085 2123 3307 2187 perdant

1758 2231 1917 2284 quam
1944 2214 2143 2265 habent
2174 2215 2224 2263 in
2259 2227 2350 2265 eas
2381 2221 2727 2278 potestatem.
2759 2212 2954 2279 Adjicit
2979 2224 3150 2264 autem
3183 2225 3308 2262 cou-

1759 2290 1988 2364 Stitutio,
2015 2303 2116 2356 Per
2145 2307 2459 2372 episcopum
2494 2313 2544 2357 et
2572 2305 2947 2373 magiStratum
2982 2305 3060 2355 eis
3090 2317 3306 2370 quoque

1762 2397 1888 2450 ferri
1930 2396 2125 2449 debere
2158 2397 2418 2448 auxilium
2454 2412 2468 2448 ι
2511 2395 2732 2462 etquod
2768 2396 2813 2446 si
2841 2393 2905 2447 ad
2949 2394 3048 2445 hoc
3090 2393 3307 2444 resistat

1762 2498 1912 2557 pater
1941 2489 2025 2540 vel
2052 2486 2325 2547 dominus,
2374 2487 2718 2554 publicantur
2758 2494 2812 2537 et
2857 2487 3306 2537 exlerminantur.

1760 2576 1835 2629 Ac
1869 2576 2166 2630 secundum
2201 2576 2414 2641 quidem
2446 2582 2604 2640 caput
2637 2575 2768 2625 viles
2800 2573 3023 2626 lenones
3054 2573 3308 2625 similiter

1763 2665 1916 2736 punit
1952 2680 1965 2717 :
1997 2681 2089 2719 eus
2125 2674 2325 2723 autem.
2372 2663 2462 2731 qui
2498 2674 2624 2716 sunt
2657 2662 2910 2715 militaris
2952 2663 3176 2722 ordinis,
3206 2677 3309 2730 pu-

1762 2759 2041 2812 blicandas
2071 2758 2222 2810 dicit.
2262 2756 2510 2827 Ejusdem
2550 2765 2726 2807 autem
2780 2754 2900 2807 libri
2935 2765 2986 2806 et
3019 2754 3154 2806 tituli
3187 2768 3306 2820 cap.

1762 2847 1814 2910 ὅ,
1851 2847 1991 2916 quod
2024 2857 2106 2900 est
2129 2841 2416 2898 Iustiniani
2451 2846 2689 2908 Novella,
2725 2845 2877 2897 valde
2906 2845 3057 2912 punit
3080 2859 3193 2906 eos,
3217 2847 3309 2911 qui

1762 2950 1876 2994 arte
1905 2949 1957 2992 et
1985 2939 2116 3000 dolo,
2153 2945 2205 2990 et
2242 2939 2561 2990 necessitate
2591 2938 2806 3004 aliquas
2850 2937 2902 2989 in
2941 2937 3080 2989 hanc
3114 2937 3310 2989 intem-

1764 3029 2060 3097 perantiam
2092 3029 2390 3089 attrahunt,
2424 3035 2476 3080 et
2522 3027 2588 3077 iis
2628 3034 2986 3087 mercaturam
3032 3033 3307 3077 exercent.

1763 3118 1902 3189 Lege
1937 3135 2063 3188 ergo
2088 3121 2184 3170 hoc
2208 3119 2370 3185 caput
2400 3105 2732 3185 diligentius.
2773 3115 2969 3167 Dicunt
3001 3116 3142 3167 enim
3176 3129 3310 3168 n0n-

1764 3201 1921 3271 nulli,
1954 3209 2096 3275 quod
2139 3208 2189 3260 id
2237 3210 2358 3260 illos
2401 3208 2552 3275 punit
2585 3207 2674 3272 qui
2708 3205 3002 3268 seducunt,
3037 3216 3088 3259 et
3127 3207 3306 3273 aliquo

1759 3301 1986 3356 artilicio
2024 3301 2105 3354 vel
2157 3300 2475 3354 necessitate
2505 3299 2758 3349 mulieres
2793 3297 3000 3365 aliquas
3038 3298 3106 3347 ad
3144 3295 3312 3349 {orni-

1761 3395 2028 3447 cationem
2060 3395 2339 3447 attrahunt
2375 3409 2386 3442 :
2426 3407 2530 3442 non
2575 3399 2755 3443 autem
2796 3403 2891 3443 eos
2924 3388 3015 3452 qui
3063 3389 3180 3440 illas
3215 3403 3310 3441 su-

1761 3485 2022 3551 scipiunt.
2071 3498 2190 3549 qum
2239 3485 2532 3544 spontanea
2583 3478 2860 3538 voluntate
2894 3474 3302 3528 fornicationem

1757 3573 1965 3641 eligunt
1994 3580 2210 3639 propter
2242 3576 2448 3621 natura:
2475 3566 2850 3626 necessitatem
2883 3566 2963 3618 vel
2997 3569 3153 3619 etiam
3177 3578 3313 3634 pau-‘

1762 3661 2169 3736 pertatemaAd
2210 3662 2308 3715 hnc
2359 3670 2538 3714 autem
2590 3659 2926 3726 probandum
2978 3665 3203 3709 utuntur
3255 3665 3308 3707 et

1765 3758 2048 3826 nonnullis
2073 3757 2244 3824 ipsius
2271 3752 2506 3808 Novella:
2536 3752 2732 3814 verbis,
2757 3757 2810 3804 et
2835 3748 3081 3818 praesenti
3106 3759 3312 3800 canone

1762 3853 2040 3922 puniente,
2077 3865 2182 3902 non
2231 3862 2324 3900 eos
2371 3847 2545 3900 solum
2594 3846 2685 3917 qui
2732 3842 3042 3894 meretrices
3087 3848 3308 3905 cogunt,

1761 3918 1857 3996 sed
1882 3941 2044 3993 etiam
2082 3937 2172 4005 qui
2205 3949 2298 3988 eas
2333 3935 2603 4005 nutriunt,
2641 3945 2735 3997 per
2764 3927 3004 3980 fraudem
3033 3934 3085 3978 et
3119 3925 3309 3978 adula-
3363 3935 3367 3940 ‘

1761 4032 1959 4085 tionem
1993 4042 2088 4082 eas
2121 4026 2174 4086 in
2215 4026 2413 4078 malum
2447 4021 2809 4090 i-mpellentes.
2850 4017 3019 4072 Porro
3047 4023 3222 4071 autem
3257 4024 3310 4066 ct

1760 4123 1905 4193 quod
1950 4121 2111 4176 hodie
2156 4127 2277 4173 actu
2320 4119 2390 4171 sit
2442 4118 2494 4170 in
2530 4118 2788 4172 lenonum
2828 4113 3058 4167 officinis
3099 4109 3310 4163 videtur

1765 4230 1889 4269 eum
1921 4228 2110 4269 eorum
2145 4213 2291 4266 dicto
2324 4223 2669 4279 concurrere.
2709 4204 2832 4258 Mihi
2864 4214 3037 4255 antem
3078 4202 3306 4261 videtur,

1764 4307 1909 4376 quod
1943 4307 2086 4375 leges
2115 4313 2167 4358 et
2198 4315 2435 4358 canones
2469 4309 2848 4366 quemcunque
2881 4294 3130 4346 lenonem
3168 4291 3312 4344 indi-

1765 4399 1962 4451 stincte
1994 4395 2246 4462 puniunt,
2277 4398 2338 4442 et
2371 4404 2581 4440 omnem
2630 4387 2959 4440 meretricem
3015 4382 3078 4435 ad
3113 4394 3312 4450 tempe-

1765 4487 1996 4539 rantiam
2043 4483 2350 4536 retrahunt.
2400 4479 2536 4549 Lege
2578 4489 2632 4531 et
2660 4477 2716 4532 91
2763 4475 3031 4529 Novellain
3077 4471 3312 4541 impera-

127 4564 407 4630 vaOtzat
439 4566 533 4636 τὴν
557 4556 650 4630 ιιαί
672 4559 891 4632 Νεαρὰν
925 4554 1016 4614 to;
1039 4561 1296 4632 βασιλέως
1328 4559 1493 4634 κυροῦ
1514 4566 1660 4619 Λέον-

1772 4576 1907 4629 toris
1938 4573 2140 4628 domini
2181 4573 2378 4628 Leonis
2411 4569 2737 4638 Philosophi,
2769 4581 2886 4634 quae
2916 4577 3023 4616 non
3051 4565 3310 4631 permittit

130 4671 211 4712 τος
257 4656 348 4706 τοῦ
389 4656 717 4720 φιλοσόφου.
776 4655 850 4723 μὴ
898 4653 1333 4724 παραχωροῦσαν
1403 4656 1546 4707 κατὰ
1578 4655 1668 4707 τὸν

137 4747 352 4798 παλαιὸν
383 4748 547 4815 νόμον
577 4742 783 4812 διάγειν
811 4747 931 4796 τινὰ
967 4749 1103 4814 μετὰ
1139 4745 1440 4798 παλλακῶν.

207 4920 439 4982 ΖΩΝΑΡ.
498 4921 570 4974 Τὸ
621 4915 998 4993 πορνοὸοσκεῖν
1058 4920 1152 4972 καῖ
1209 4924 1318 4984 τοῖς
1374 4921 1667 4987 πολιτικοῖς

142 5020 503 5090 ἀπηγόρευται
538 5014 742 5083 νόμοις.
780 5009 1164 5082 Πορνοϐοσκεῖν
1191 5009 1237 5083 ξ’
1272 5016 1386 5065 ἐστὶ
1438 5018 1494 5067 τὸ
1547 5014 1670 5085 τρέ..

144 5129 256 5177 φειν
287 5111 478 5179 πόρνας
513 5105 601 5159 διὰ
634 5099 823 5172 κέρδος
862 5103 956 5159 τοῦ
997 5098 1345 5174 μισθώματος
1376 5101 1669 5177 επὶβλάθῃ

143 5196 334 5270 ψυχῶν.
362 5196 424 5254 Et
453 5198 509 5252 δὲ
538 5199 648 5258 τοῖς
670 5197 767 5263 τῆς
794 5195 1065 5256 πολιτείας
1097 5192 1253 5246 τοῦτο
1313 5187 1533 5260 θεσμοῖς
1569 5195 1673 5246 ἀπ-

145 5293 445 5359 ηγόρευται,
478 5285 655 5356 πολλῷ
686 5287 761 5353 τῷ
801 5287 950 5354 μέσῳ
980 5289 1065 5356 είη
1095 5286 1158 5339 ἂν
1198 5283 1673 5352 ἀποτετραμμένον

145 5374 248 5438 τοῖς
271 5375 733 5448 ὲκκλησιαστικοῖς
759 5376 851 5430 καὶ
896 5379 1300 5443 πνευματικοῖς.
1335 5375 1422 5426 Διὸ
1463 5375 1554 5426 καὶ
1585 5375 1674 5441 βα-

153 5466 342 5534 ρύτατα
369 5471 526 5522 τοῦτο
550 5469 762 5530 κολάζει
791 5467 816 5518 ὃ
863 5462 1037 5517 κανὼν
1084 5465 1175 5516 ἐπὶ
1202 5465 1495 5533 κληρικῶν.
1532 5461 1676 5513 Καθ-

150 5559 405 5628 αιρεϊσθαι
439 5561 547 5629 γὰρ
597 5561 790 5620 αὐτοὺς
824 5560 879 5608 ἐν
944 5554 1122 5620 ταὺτῷ
1175 5559 1266 5605 καὶ
1317 5555 1671 5622 ἀφορίζεσθαι

151 5648 493 5712 διατάττεται,
522 5651 656 5720 ὅπερ
687 5650 974 5710 σπανιάκις
1021 5647 1348 5716 εὑρίσκεται.
1394 5645 1536 5694 Ἀντὶ
1565 5645 1672 5712 γὰρ

157 5744 321 5811 πάσης
344 5742 539 5810 ἑτέρας
564 5743 828 5809 τιμωρίας
868 5742 940 5801 ὡς
973 5742 1063 5792 ἐπὶ
1093 5739 1151 5790 τὸ
1184 5738 1316 5790 πολὺ
1348 5738 1457 5797 τοῖς
1479 5736 1672 5802 κεκληο

160 5835 405 5905 ῳμένοις
430 5831 617 5901 ἀρκεῖν
643 5831 1054 5899 νενομοθέτηται
1105 5833 1138 5899 η
1174 5829 1503 5898 καθαίρεσις.
1531 5825 1669 5888 Τοὺς

1770 4675 1828 4719 ut
1854 4666 2020 4722 veteri
2053 4667 2168 4736 lege
2196 4664 2395 4734 aliquis
2427 4662 2581 4728 degat
2614 4671 2736 4729 eum
2765 4653 3112 4709 concubinis.

2576 4819 2606 4843 Ι

1840 4926 2090 4987 ΖΟΝΔΒ.
2130 4922 2440 4976 Meretrices
2464 4921 2609 4973 alere
2632 4920 2870 4974 civilium
2899 4930 3109 4986 quoque
3132 4924 3305 4981 legum

1775 5022 2076 5078 sanctiones
2118 5023 2318 5068 vetant.
2354 5013 2511 5065 Alere
2552 5027 2680 5066 vero
2729 5000 3043 5064 meretrices
3090 5013 3193 5076 est,
3229 5005 3311 5058 eis

1771 5114 1838 5168 ob
1887 5110 2095 5162 lucrum
2150 5120 2213 5158 ex
2265 5103 2572 5157 meretricio
2619 5112 2824 5172 quaestu
2875 5095 3308 5165 percipiendum,

1768 5216 1890 5254 cum
1953 5199 2257 5273 animarum
2324 5195 2562 5264 pernicie
2621 5193 2877 5245 alimenta
2940 5184 3305 5254 suppeditare.

1769 5293 1938 5360 Quam
1989 5307 2121 5355 rem,
2177 5293 2220 5344 si
2282 5289 2470 5341 civiles
2512 5297 2727 5351 quoque
2774 5281 2919 5348 leges
2971 5277 3306 5347 prohibeant,

1773 5385 1940 5437 multo
1969 5383 2112 5434 illam
2143 5388 2286 5433 certe
2312 5377 2477 5442 magis
2503 5373 2882 5428 ecclesiasticae
2911 5384 2972 5422 ac
2997 5367 3306 5436 spirituales

1774 5472 1969 5525 debent
2017 5469 2276 5521 aversari.
2333 5463 2559 5515 Proinde
2610 5461 2886 5529 graviores
2928 5461 3088 5513 etiam
3139 5467 3310 5522 poena:

1773 5563 1982 5616 clericis
2008 5561 2059 5610 in
2089 5558 2187 5608 hoc
2216 5540 2408 5623 genere
2437 5552 2872 5619 delinquentibus
2896 5551 3156 5615 lrrogatae.
3181 5544 3308 5596 Illos

1773 5651 2035 5717 siquidem
2085 5647 2245 5716 (quod
2294 5661 2396 5697 non
2447 5645 2518 5696 ita
2567 5647 2756 5697 crebro
2809 5643 3065 5710 reperias)
3111 5637 3306 5702 deponi

1771 5740 1929 5793 simul
1963 5747 2014 5791 et
2037 5737 2300 5806 segregari
2328 5736 2506 5803 jubet.
2531 5733 2632 5788 Pro
2659 5733 2850 5803 quovis
2879 5732 3019 5784 enim
3051 5727 3156 5778 alio
3179 5741 3308 5794 sup-

1772 5830 1932 5898 plicio
1957 5830 2008 5882 in
2036 5844 2149 5888 cos,
2173 5829 2262 5896 qui
2296 5828 2437 5882 clero
2467 5827 2686 5894 ascripti
2721 5821 2950 5885 fuerant,
2993 5819 3306 5888 plerumque
