3968 6346
662 478 767 538 8‘21
1903 482 2004 540 ΤΗ
2019 482 2176 540 EOD.
2205 482 2237 537 Ε

2343 482 2602 540 sane}:
3767 473 3855 534 833

661 597 888 656 tionem,
926 594 1198 662 homicidii
1229 597 1529 665 tenebitur;
1569 599 1731 669 266
1762 615 1824 661 an
1857 614 1991 667 opus
2047 599 2117 651 sit
2169 604 2224 648 ut

2343 601 2576 658 τοεσεῐται
2607 597 2684 667 τῷ
2712 598 2817 649 τῶν
2841 597 3043 664 φονέων
3071 595 3402 664 ὲγκλήματι’
3450 593 3482 661 ἢ
3539 593 3703 661 χρεία
3755 591 3856 638 ἐστὶ

663 693 930 751 sequatur
959 687 1122 738 etiam
1155 683 1380 740 eventus
1408 689 1488 741 vel
1525 673 1737 741 caules?
1783 687 2012 743 Salutio.
2059 686 2210 751 Quod

2343 688 2412 741 ὀὗ
2445 689 2692 756 γενέσθαι
2730 691 2823 742 καὶ
2853 689 3213 753 ἀποτέλεσμα,
3241 684 3405 756 ἦγουν
3437 685 3634 753 φόνονς
3664 687 3858 751 Λύσις.

666 777 918 843 superius
953 777 1186 844 positum
1213 785 1295 830 est
1321 787 1484 845 caput
1510 780 1566 841 '5,
1599 779 1668 831 59
1735 779 1820 830 tit.
1852 795 1918 831 ιχ
1956 777 2047 831 lib.
2077 792 2211 830 cnn-

2343 778 2396 830 Γὺ
2459 779 2834 846 καταστρωθὲν
2888 779 3093 832 ἄνωθεν
3144 775 3192 844 γ’
3244 794 3370 844 κεφ.
3410 775 3502 830 τοῦ
3559 777 3633 827 λθ¹
3700 776 3857 826 τίτλον

2322 870 2414 922 τοῦ
2450 868 2492 934 ξ’
2548 871 2749 940 βιϐλίου
2776 871 3070 936 διορίζεται
3111 869 3186 939 μὴ
3209 869 3298 921 τὸν
3325 870 3480 921 δόντα
3515 871 3673 938 μόνον
3711 869 3858 935 δηλη-

2323 960 2510 1026 τήριον
2561 959 2846 1027 φάρμακον
2880 958 2952 1020 ὡς
2985 959 3149 1025 φονέα
3180 957 3564 1025 τιμωρεῖσθαι,
3612 957 3743 1009 ἀλλά
3785 959 3863 1008 x21

2326 1049 2415 1099 τὸν
2450 1048 2638 1115 ἔχοντά
2673 1066 2725 1100 τι
2751 1049 2984 1100 τοιοῦτον
3007 1066 3019 1078 °
3047 1050 3139 1100 καὶ
3187 1048 3249 1100 τδ
3311 1047 3354 1116 β’
3393 1049 3536 1116 οέμα
3560 1048 3648 1100 τοῦ
3679 1048 3729 1102 α’
3753 1067 3862 1117 xeo.

671 868 867 929 stituit,
902 883 1008 920 non
1047 883 1166 921 eum
1210 869 1387 922 solum
1439 868 1530 937 qui
1573 868 1666 922 dat
1713 885 1979 923 venenum
2035 868 2214 935 puniri

671 966 731 1010 ut
765 957 1112 1021 homicidam,
1147 959 1241 1012 sed
1273 974 1397 1011 eum
1433 961 1595 1013 ctiam
1622 962 1712 1025 qui
1744 963 1849 1014 tale
1876 961 2005 1028 quid
2034 963 2213 1015 habet:

667 1057 721 1100 et
750 1047 784 1098 2
821 1049 1000 1100 thema
1039 1048 1199 1117 primi
1243 1051 1436 1116 capitis
1475 1049 1717 1116 ejusdem
1751 1053 1836 1104 tit.
1890 1062 1941 1103 ct
1990 1052 2086 1106 lib.
2133 1051 2215 1103 tli-

668 1139 772 1188 cit:
795 1137 894 1201 Qui
933 1153 999 1190 eo
1029 1138 1126 1189 fuit
1154 1140 1333 1191 animo
1367 1149 1424 1192 ut
1456 1140 1609 1194 vellet
1658 1141 1980 1208 interﬁcere,
2009 1141 2218 1195 etiamsi

673 1243 783 1280 non
816 1227 1172 1291 interfecerit,
1223 1229 1316 1283 sed
1369 1232 1720 1295 sauciaverit,
1777 1241 1862 1287 est
1909 1235 2219 1287 homicida:

669 1326 720 1368 ct
753 1318 845 1382 qui
881 1318 1054 1372 noluit
1101 1319 1428 1385 interﬁcere,
1457 1322 1670 1375 etiamsi
1705 1322 2060 1388 interfecerit,
2107 1340 2217 1378 non

670 1413 746 1457 est
783 1394 1067 1457 homicida.
1103 1405 1334 1461 Adcctio
1365 1417 1542 1460 autem
1586 1402 1670 1461 ἐχ
1703 1409 2067 1464 instrumento
2093 1412 2214 1476 ejus

672 1493 766 1560 qui
805 1496 1111 1561 percussit,
1166 1507 1393 1564 apparet
1447 1506 1500 1551 et
1549 1499 1832 1566 probatur.
1889 1501 1994 1554 Sed
2045 1503 2225 1578 magni

676 1583 856 1638 Basilii
902 1588 1146 1640 canones
1172 1588 1329 1640 etiam
1356 1603 1478 1641 eum
1515 1590 1607 1657 qui
1655 1607 1760 1643 non
1796 1605 1991 1660 sponte
2055 1593 2224 1647 inter-

677 1673 828 1738 fecit,
875 1667 1374 1746 quomodocunque
1425 1679 1606 1745 fuerit,
1661 1683 1897 1750 puniunt
1949 1693 2004 1737 ut
2051 1683 2226 1737 homi-

676 1765 851 1816 cidam
885 1806 900 1830 ,
964 1776 1148 1818 contra
1210 1783 1272 1821 ac
1330 1773 1811 1837 comprehenditur
1868 1778 1967 1827 hac
2005 1774 2144 1842 lege,
2173 1786 2228 1828 et

683 1853 842 1907 aliter
895 1870 1054 1924 quam
1090 1857 1336 1911 decernit
1377 1858 1409 1910 6
1442 1862 1618 1913 thema
1655 1861 1687 1914 5
1737 1878 1850 1928 cap.
1893 1865 1960 1918 59
2014 1866 2098 1918 tit.
2149 1881 2217 1920 ιχ

681 1945 779 1997 lib.
817 1947 959 2011 quod
993 1949 1075 2002 sic
1106 1947 1244 2002 dicit
1288 1968 1301 2002 :
1354 1950 1459 2002 Lex
1490 1951 1555 2003 de
1604 1952 1892 2007 homicidis
1926 1955 2110 2008 dolum
2146 1971 2233 2010 re-

682 2035 872 2099 quirit,
927 2047 978 2088 et
1031 2053 1136 2090 non
1195 2054 1442 2108 magnam
1501 2043 1902 2109 negligentiam.
1958 2043 2137 2106 Quare
2193 2046 2236 2099 si

681 2127 827 2190 quis,
878 2126 1060 2194 seipso
1102 2143 1185 2200 ἐξ
1237 2131 1348 2182 alto
1402 2129 1630 2196 dejecto,
1685 2132 1767 2183 vel
1821 2147 1971 2185 ramo
2025 2137 2238 2189 arboris

685 2217 972 2269 deorsum‘
1017 2197 1208 2283 missd,
1267 2207 1572 2289 quempiam
1628 2222 1931 2288 occiderit,
1983 2229 2234 2294 prmsenti

688 2307 802 2373 lege
832 2323 935 2360 non
973 2317 1211 2367 tenetur.
1241 2310 1358 2365 Jam
1387 2329 1517 2366 vero
1547 2314 1605 2365 3|
1644 2314 1776 2380 imp.
1809 2315 2010 2366 domini
2045 2317 2239 2372 Leonis

685 2396 1002 2464 Philosophi
1041 2403 1252 2456 novella
1289 2404 1381 2456 dat
1434 2404 1552 2457 viro
1587 2413 1907 2472 potestatem
1948 2409 2235 2461 matrimo-

689 2486 839 2539 nium
877 2489 1209 2544 dissolvendi
1271 2509 1393 2546 cum
1451 2511 1641 2561 uxore,
1678 2512 1795 2564 qua:
1851 2497 1994 2555 illius
2051 2515 2232 2556 semen

683 2577 965 2632 abortione
998 2581 1178 2636 sciens
1208 2582 1374 2650 ejicit.
1752 2565 1765 2576 ς

754 2665 1002 2744 ΖΟΝΑΠ.
1046 2668 1320 2732 Mulieres.
1354 2683 1640 2741 postquam
1681 2690 1745 2729 ex
1784 2677 1981 2731 furtivo
2032 2696 2233 2735 concu-

695 2755 810 2809 bitu
843 2773 1163 2827 concepere,
1199 2765 1401 2831 prolem
1433 2780 1572 2823 eam.
1611 2782 1675 2819 ne
1701 2769 2020 2835 prodantur,
2057 2772 2232 2827 medie

685 2848 952 2902 eamentis
1025 2850 1353 2919 qttibttsdam
1415 2856 1592 2922 epotis
1659 2857 1710 2909 in
1776 2867 1933 2913 utero
2003 2850 2268 2927 necant:

689 2935 927 3004 indeque
957 2938 1065 2993 vita
1099 2942 1419 2997 destitutam
1453 2945 1702 3014 ejiciunt.
1741 2948 1843 3004 Eas
1899 2949 2066 3019 igitur
2121 2968 2241 3021 quae

686 3026 950 3090 ejusmodi
987 3042 1281 3098 pharmaca
1336 3034 1459 3088 aliis
1509 3039 1773 3105 praebent.
1820 3045 1932 3093 tum
1985 3056 2079 3096 eas
2124 3058 2243 3110 quae

687 3119 983 3187 am-ipiunt,
1016 3123 1410 3178 homicidarum
1446 3128 1622 3194 poenis
1651 3143 1824 3184 canon
1860 3133 2029 3186 teneri
2065 3134 2242 3201 jubet,

2325 1137 2419 1190 τοῦ
2475 1139 2637 1191 αὑτοῦ
2667 1140 2842 1190 τίτλου
2883 1141 2974 1191 καὶ
3031 1138 3235 1206 βιϐλίου
3298 1139 3459 1205 φησίν
3493 1154 3507 1168 °

3565 1138 3623 1191 ’0
3683 1141 3867 1192 σκοπὸν

2328 1227 2574 1297 ἐσχηκὼς
2595 1229 2686 1281 τοῦ
2716 1227 2996 1298 φονεῦσαι,
3025 1227 3128 1281 κᾷν
3152 1228 3226 1298 μὴ
3258 1227 3516 1296 φονεύσῃ,
3542 1227 3673 1281 ἀλλὰ
3709 1244 3864 1297 τριυ·

2333 1321 2550 1388 ματίσῃ,
2587 1320 2777 1388 φονεύς
2820 1321 2976 1372 ἐστι-⁸
3007 1319 3100 1372 καὶ
3124 1320 3151 1370 ό
3207 1320 3280 1387 μὴ
3320 1318 3563 1386 θελήσας
3601 1318 3868 1385 φονεῦσαι,

2330 1410 2425 1461 ἐὰν
2456 1409 2708 1480 φονεύσῃ,
2753 1409 2852 1460 οὐκ
2905 1409 3024 1460 ἔστι
3073 1409 3294 1475 φονεύς.
3335 1407 3402 1461 Ἥ
3443 1407 3501 1460 δὲ
3531 1408 3772 1469 διάθεσις
3819 1410 3871 1459 ἐι

2328 1498 2421 1550 τοῦ
2441 1499 2739 1567 πλήξαντος
2757 1499 2993 1568 ὀργάνου
3025 1497 3321 1567 ἐλέγχεται.
3354 1499 3418 1550 Οί
3456 1498 3642 1566 μέντοι
3667 1499 3872 1558 κανόνες

2338 1588 2432 1641 τοῦ
2468 1589 2703 1656 μεγάλου
2726 1588 3007 1641 Βασιλείου
3040 1588 3136 1640 καὶ
3151 1589 3242 1640 τδν
3272 1588 3543 1649 ἀκουσίως
3573 1589 3873 1654 φονεύοντα,

2333 1678 2406 1738 ὡς
2439 1679 2504 1732 ἂν
2528 1679 2649 1750 ἔχῃ,
2702 1679 2776 1742 ὡς
2802 1680 2965 1746 φονέα
3000 1678 3284 1741 κολάζουσι
3307 1679 3456 1749 παρὰ
3480 1681 3577 1749 τὴν
3602 1680 3872 1748 περίληψιν

2331 1771 2426 1823 τοῦ
2456 1771 2695 1824 τοιούτου
2736 1771 2898 1838 νόμον
2952 1772 3044 1824 καὶ
3073 1769 3224 1840 παρὰ
3271 1770 3332 1822 τὸ
3400 1775 3456 1832 ς’
3508 1769 3651 1836 θέμα
3699 1769 3793 1822 τοῦ
3836 1769 3876 1834 γ’

2335 1879 2459 1931 κεφ.
2486 1862 2582 1915 τοῦ
2624 1863 2699 1914 λθ¹
2726 1864 2903 1915 τίτλου
2941 1861 3034 1915 τοῦ
3066 1859 3106 1926 ξ’
3138 1860 3361 1929 βιϐλίου,
3391 1860 3452 1913 τὸ
3482 1859 3637 1923 λέγον
3677 1859 3840 1922 οὕτως
3866 1877 3875 1889 ·

2353 1950 2413 2005 Ὀ
2445 1952 2572 2022 περὶ
2601 1951 2940 2020 ἀνδροφόνων
2991 1952 3152 2018 νόμος
3192 1950 3344 2004 δόλον
3378 1949 3651 2017 ἐπιζητεῖ,
3702 1952 3800 2001 καὶ
3831 1951 3879 2000 ού

2341 2043 2580 2110 μεγάλην
2609 2041 2889 2110 ἀμέλειαν.
2926 2039 3091 2093 Ὅθεν
3121 2041 3218 2094 ἐάν
3273 2057 3356 2102 τις
3382 2039 3570 2091 ἑαυτὸν
3613 2039 3672 2104 ἐξ
3730 2039 3883 2108 ὕψους

2341 2131 2587 2200 ῥίψας,ῆ
2634 2132 2825 2185 κλάδον
2871 2131 2979 2184 ἀπὸ
3017 2131 3254 2200 δένδρου,
3317 2131 3568 2197 φονεύσει
3626 2117 3773 2194 τινὰ,
3802 2132 3884 2196 οὐχ

2340 2223 2622 2276 ὑπόκειται
2658 2222 2735 2290 τῷ
2768 2223 2996 2292 παρόντι
3017 2222 3183 2291 νόμῳ.
3251 2223 3320 2273 Ἦ
3355 2223 3539 2289 μέντοι
3593 2216 3676 2270 λα’
3732 2222 3887 2289 νεαρὰ

2343 2309 2437 2361 τοῦ
2467 2310 2724 2376 βασιλέως
2748 2308 2917 2376 κυροῦ
2961 2308 3186 2372 Λέοντος
3214 2308 3306 2360 τοῦ
3351 2306 3651 2371 Φιλοσόφου
3686 2306 3886 2378 δίδωσιν

2342 2400 2525 2453 ἄδειαν
2573 2400 2650 2467 τῷ
2702 2400 2853 2468 ἀνδρὶ
2899 2399 3134 2470 διασπᾷν
3172 2398 3262 2451 τὸν
3308 2399 3444 2468 μετὰ
3486 2399 3586 2468 τῆς
3641 2400 3888 2466 γυναικὸς

2343 2490 2508 2543 αὑτοῦ
2539 2491 2736 2560 γάμον,
2765 2490 3016 2559 ἐπίτηδες
3068 2488 3504 2559 ἀμϐλωσκούσης
3549 2488 3649 2560 τὴν
3688 2491 3888 2544 ἐκείνου

2342 2584 2570 2653 σποράν.

2414 2677 2655 2730 ΖΩΝΔΡ.
2715 2675 2977 2736 Γυναῖκες
3012 2673 3187 2743 λάθρα
3247 2673 3360 2725 τισὶ
3428 2672 3765 2743 μιγνύμεναι
3810 2674 3893 2724 καὶ.

2343 2764 2843 2834 συλλαμϐάνουσαι,
2892 2761 2976 2815 ἴνα
3003 2761 3079 2829 μὴ
3105 2761 3418 2828 γνωσθεῖεν,
3459 2761 3736 2828 φάρμακά
3785 2777 3892 2812 τινα

2343 2857 2579 2917 πίνουσι,
2601 2853 2670 2906 δι’
2698 2847 2771 2905 ὧν
2798 2851 2865 2904 τὰ
2895 2850 3112 2921 ἔμϐρυα
3163 2851 3562 2926 διαφθείρουσι,
3598 2851 3693 2902 καὶ
3732 2849 3893 2910 οὕτως

2344 2946 2484 2998 αὐτὰ
2537 2945 2707 3012 νεκρά
2754 2940 3168 2994 ἁποϐάλλονται.
3222 2940 3333 3002 Τὰς
3389 2939 3484 2996 οὖν
3528 2941 3781 3003 διδούσας
3839 2940 3895 2991 τὰ

2341 3038 2561 3090 τοιαῦτα
2591 3035 2875 3104 φάρμακα,
2938 3035 3030 3084 καὶ
3085 3031 3184 3092 τὰς
3235 3029 3620 3099 λαμϐανούσας
3672 3031 3753 3099 τῷ
3800 3032 3895 3082 τῶν

2345 3128 2547 3197 φονέων
2602 3124 2864 3193 ἐπιτιμίῳ
2935 3120 3304 3184 καταδικάζει,
3367 3122 3464 3197 καὶ
3529 3121 3775 3184 εἰκότως.
3830 3122 3893 3173 Οὐ

689 3223 752 3260 ac
787 3211 980 3263 merito
1012 3211 1273 3275 quidem:
1312 3217 1510 3285 quippe
1569 3235 1691 3285 qua:
1737 3236 1844 3274 non
1899 3227 2056 3277 modo
2113 3242 2237 3279 con-

2348 3219 2504 3288 μόνον
2532 3217 2640 3285 γὰρ
2677 3216 2744 3267 τὰ
2778 3213 2994 3283 ἔμϐρυα
3029 3212 3330 3265 κτείνουσιν
3376 3213 3430 3264 αί
3485 3211 3761 3276 τοιαῦται,
3789 3211 3893 3262 ἀλλ’

691 3307 902 3365 Ceptam
937 3304 1173 3369 prolem,
1203 3305 1296 3358 sed
1345 3307 1494 3374 ipsas
1525 3310 1686 3361 etiam
1733 3314 2061 3380 quandoque
2106 3331 2241 3382 pra:-

692 3392 1242 3458 guantesmulieres,
1293 3397 1439 3463 quod
1473 3413 1701 3466 magnus
1749 3412 1973 3470 quoque!
2009 3403 2242 3459 Basilius

693 3491 900 3531 canone
933 3482 1172 3538 secundo
1204 3492 1459 3550 testatur,
1493 3503 1523 3542 e
1578 3491 1754 3544 medio
1800 3491 2017 3546 tollunt.
2067 3495 2243 3565 Ancy-

695 3583 838 3622 ranae
869 3585 1000 3625 vero
1026 3575 1221 3643 synodi
1253 3591 1460 3631 canone
1488 3580 1742 3635 vicesimo
1782 3582 1957 3650 primo
1987 3585 2241 3642 mulieres

691 3660 958 3722 eiusmodi
997 3664 1246 3718 decennii
1280 3671 1656 3739 segregatione
1687 3673 2004 3739 puniuntur.

692 3747 916 3830 AlilST.
951 3768 969 3799 ι
999 3752 1060 3805 Ει
1089 3755 1183 3821 qui
1219 3756 1334 3820 dat,
1372 3769 1425 3812 et
1457 3776 1579 3830 qua:
1608 3763 1807 3829 accipit
1843 3763 2245 3820 medicamenta

769 3829 780 3845 ⁸
871 3859 892 3892 α
931 3842 1264 3899 abortionem
1291 3851 1512 3915 cientia,
1565 3861 1647 3906 est
1682 3853 1979 3908 homicida.
2017 3874 2034 3905 ι

702 3952 704 3954 τ
765 3928 1140 3995 Suhjiciuntur
1168 3935 1455 3994 homicidae
1484 3944 1660 4008 pmnis
1687 3951 1741 3996 et
1771 3945 1893 4008 illae,
1927 3960 2048 4014 qua:
2078 3946 2246 4005 foetus

701 4022 954 4076 uecantia
1007 4027 1283 4095 accipiunt
1326 4032 1746 4098 medicamenta,
1781 4045 1836 4089 et
1868 4036 1962 4104 qui
2019 4050 2080 4088 ea
2129 4039 2249 4094 istis

695 4112 972 4167 exhibent.

1252 4208 1478 4264 CANON
1519 4212 1680 4269 XCII.

611 4298 613 4300 '
707 4305 725 4338 ι
775 4291 879 4344 Eos
906 4291 997 4357 qui
1065 4298 1282 4350 nomine
1327 4301 1654 4355 matrimonii
1701 4305 1951 4360 mulieres
2002 4312 2236 4374 rapiunt,

778 4401 796 4431 ι
834 4383 912 4433 vel
941 4384 1031 4450 qui
1069 4402 1234 4454 opera
1264 4403 1474 4457 opeque
1517 4408 1611 4446 sua
1667 4406 1912 4464 raptores
1960 4398 2244 4468 adjuvmt,

777 4491 795 4522 ι
835 4474 1026 4526 statuit
1058 4487 1244 4531 sancta
1277 4481 1538 4548 synodus,
1566 4484 1612 4536 si
1644 4486 1754 4538 sint
1781 4487 2000 4552 quidem
2029 4490 2242 4554 clerici,

776 4580 794 4611 ι
833 4565 1050 4631 proprio
1079 4569 1248 4634 gradu
1278 4568 1527 4623 excidere
1558 4588 1572 4624 :
1602 4572 1686 4628 sin
1740 4590 1867 4629 vero
1923 4579 2069 4646 laici,
2108 4596 2242 4635 ana-

781 4672 799 4701 σ
834 4655 1070 4707 themate
1099 4659 1326 4723 perculi.
1362 4677 1379 4709 ι

781 4742 968 4797 BALS.
1003 4743 1247 4798 Praesens
1280 4765 1455 4802 canon
1488 4751 1626 4805 idem
1659 4762 1741 4807 est
1766 4755 1987 4809 omnino
2022 4773 2146 4812 cum
2172 4760 2244 4813 27

706 4846 911 4886 canone
949 4836 1279 4890 Chalcedon.
1332 4843 1544 4910 synodi.
1594 4844 1652 4895 Et
1705 4860 1886 4913 quaere
1925 4862 2046 4915 quae
2082 4850 2133 4901 in
2182 4867 2247 4904 eo

709 4925 914 4988 scripta
947 4933 1090 4988 sunt,
1119 4933 1173 4979 et
1200 4927 1232 4980 9
1264 4929 1345 4981 tit.
1380 4933 1663 4997 praesentis
1693 4934 1895 5001 operis,
1926 4950 2047 5003 cap.
2083 4937 2151 4989 '50
2197 4946 2249 4991 et

708 5029 828 5080 qme
881 5013 935 5066 in
982 5028 1099 5068 eum
1137 5011 1354 5087 'scripta
1408 5029 1552 5075 sunt.
1599 5023 1859 5078 Similiter
1903 5035 1956 5079 et
2002 5025 2068 5080 67
2123 5043 2243 5082 can.

711 5111 887 5168 apost.
917 5101 1054 5166 Quid
1091 5116 1294 5170 autem,
1333 5106 1378 5162 si
1411 5109 1534 5176 quis
1558 5112 1840 5166 mulierem
1873 5129 1980 5169 non
2011 5118 2250 5182 rapuerit

709 5193 925 5246 nnmiae
955 5193 1310 5281 matrimonii,
1343 5199 1439 5254 sed
1489 5199 1864 5256 fornicationis
1889 5207 2084 5273 gratia,
2128 5223 2234 5260 non

715 5279 968 5343 punietur
995 5279 1099 5333 una
1129 5295 1254 5336 cum
1286 5284 1372 5347 iis,
1405 5288 1498 5355 qui
1547 5289 1694 5342 illum
1738 5304 1900 5358 opera
1932 5302 1984 5345 et
2019 5310 2120 5362 ope
2152 5311 2248 5348 sua

712 5367 1003 5430 adjuvant?
1057 5368 1294 5425 Salutio.
1337 5373 1590 5432 Maxime.
1647 5377 1761 5432 Hoc
1796 5388 1878 5432 est
1944 5381 2084 5433 enim
2137 5385 2252 5437 sine

711 5460 1084 5513 controversia
1114 5479 1131 5515 :
1167 5464 1221 5517 id
1249 5474 1454 5528 autem,
1487 5467 1632 5534 quod
1678 5469 2066 5522 dubitationem
2122 5471 2255 5525 alic-

715 5547 894 5608 rebat,
927 5556 1043 5601 erat
1073 5560 1366 5617 pretextus
1406 5555 1763 5608 matrimonii.
1808 5542 2069 5610 Dicebant
2111 5562 2253 5612 enim

717 5639 987 5704 nonnulli,
1021 5654 1144 5694 eum
1181 5642 1316 5697 nihil
1345 5646 1468 5699 mali
1507 5645 1724 5708 fecisse,
1765 5647 1858 5713 qui
1904 5649 2082 5714 rapuit
2133 5666 2252 5703 mu-

719 5731 926 5797 lierem,
964 5739 1024 5785 ut
1053 5731 1104 5785 ei
1133 5732 1368 5800 legitime
1397 5737 1834 5807 conjungeretur,
1864 5751 1982 5804 qua:
2024 5737 2257 5813 fortasse

725 5820 893 5884 etiam
919 5819 1140 5892 indigna
1167 5828 1250 5876 cst
1282 5820 1403 5890 ejus
1429 5838 1643 5892 genere,
1678 5832 1732 5879 ct
1760 5841 1823 5878 ex
1853 5836 1918 5877 eo
1950 5825 2178 5880 maxime
2207 5827 2256 5878 vi

2347 3308 2523 3358 ἐνίοτε
2552 3314 2647 3364 καὶ
2685 3306 2850 3366 αὑτάς
2883 3305 2980 3363 τὰς
3014 3302 3264 3368 ἐγκύους,
3296 3301 3322 3352 δ
3348 3302 3444 3353 καὶ
3471 3303 3497 3353 ό
3534 3301 3713 3370 μέγας
3737 3301 3892 3353 Βασί-

2344 3397 2487 3457 λειος
2513 3397 2568 3447 ὲν
2585 3395 2821 3463 δευτέρῳ
2849 3392 3040 3447 κανόνι
3059 3393 3243 3460 φησιν.
3268 3391 3326 3443 Ὀ
3349 3390 3405 3441 δὲ
3425 3391 3524 3456 τῆς
3551 3391 3608 3442 ἐν
3663 3392 3896 3459 Ἀγκύρᾳ

2349 3487 2568 3539 συνόδου
2601 3484 2777 3538 κανὼν
2807 3482 2900 3538 καὶ
2947 3483 3042 3544 τὰς
3060 3481 3314 3544 τοιαύτας
3327 3483 3590 3549 γυναῖκας
3617 3481 3896 3534 δεκαετίαν

2346 3578 2618 3650 ἀφορίζει.

2347 3757 2562 3810 ΔΡΙΣΤ.
2632 3775 2650 3807 ι
2686 3753 2795 3807 Καὶ
2819 3755 2848 3806 ό
2877 3751 3052 3817 διδοὺς
3091 3752 3184 3807 καὶ
3239 3753 3274 3823 ἦ
3298 3749 3654 3821 λαμϐάνουσα
3685 3751 3898 3809 ἀμϐλω-

2804 3846 2978 3912 ορίδια
3003 3843 3339 3915 ἀνδροφόνοι.
3386 3861 3407 3896 ι

2427 3941 2776 3995 ’Υπόκεινται
2824 3939 2899 4008 τῷ
2932 3937 3024 3992 τοῦ
3076 3936 3282 4005 φονέως
3317 3934 3581 4005 ἐπιτιμίῳ
3619 3934 3719 3986 καὶ
3745 3935 3815 3999 Δαἱ
3840 3934 3897 3985 τὰ

2351 4032 2722 4101 ἑμϐρυοκτόνα
2743 4031 3010 4098 φάρμακα
3029 4025 3309 4096 λαμϐάνον
3319 4042 3428 4089 σαι,
3457 4026 3550 4078 καὶ
3568 4026 3614 4077 oi
3637 4026 3897 4096 παρέχον-

2350 4139 2440 4186 τες
2468 4123 2637 4176 ταῦτα
2685 4123 2892 4183 αὑταῖς.
3217 4183 3222 4186 _

2939 4209 3180 4264 ΚΔΝΩΝ
3231 4208 3336 4274 ῌῖ.

2358 4320 2376 4353 ι
2417 4303 2551 4362 Τοὺς
2585 4301 2926 4371 ἁρπάζοντας
2953 4299 3217 4364 γυναῖκας
3249 4296 3343 4350 ἐπὶ
3387 4295 3612 4366 ὀνόματι
3668 4312 3897 4349 συνοικει

2429 4410 2448 4443 ι
2484 4391 2624 4448 σίου,
2663 4390 2696 4460 ἢ
2730 4377 3175 4458 συμπράττοντας
3295 4387 3756 4458 συναιρουμένους
3798 4390 3894 4446 τοὶς

2429 4499 2448 4531 ι
2483 4466 2818 4552 ἁρπάζουσιν
2847 4478 3105 4546 ὥρισενὴ
3133 4475 3264 4543 ἁγία
3296 4472 3535 4536 σύνοδος,
3568 4475 3613 4524 εἱ
3647 4474 3752 4542 μὲν
3777 4474 3895 4542 πλη·

2424 4590 2443 4622 ι
2485 4569 2626 4640 ρικοὶ
2649 4565 2777 4632 εἷεν,
2807 4567 3091 4618 Exit-{metu
3121 4563 3216 4616 τοῦ
3255 4562 3456 4616 οίκείου
3487 4561 3724 4632 βαθμοῦ,
3752 4564 3802 4614 εἰ
3847 4562 3896 4613 δὲ

2423 4681 2442 4713 ι
2481 4662 2679 4722 λαῖκοδ,
2713 4655 3225 4724 ἀναθεματίζεσθαι.
3279 4672 3298 4705 ι

2417 4751 2614 4804 ΒΑΛΣ.
2653 4749 2709 4817 Ὀ
2725 4745 2912 4815 παρὼν
2933 4745 3110 4798 κανὼν
3139 4744 3562 4814 ἀπαράλλακτός
3592 4743 3712 4798 ἐστι
3727 4744 3892 4799 κανὼν

2350 4841 2431 4904 κζ’
2487 4841 2587 4908 τῆς
2627 4844 2685 4892 ἐν
2738 4839 3040 4906 Χαλκηδόνι
3079 4835 3317 4892 συνόδου.
3371 4837 3482 4904 Καὶ
3530 4835 3681 4904 ζήτει
3733 4839 3801 4888 τά
3839 4837 3889 4886 ἐν

2349 4932 2493 5001 αύτῷ
2536 4929 2987 4999 παραγραφέντα,
3027 4927 3121 4980 καὶ
3166 4927 3341 4980 τίτλον
3390 4927 3435 4979 θ’
3496 4926 3591 4979 τοῦ
3631 4927 3890 4996 παρόντος

2352 5022 2723 5090 συντάγματος
2752 5035 2876 5087 κεφ.
2912 5018 2955 5070 λ’
2987 5017 3082 5070 καὶ
3115 5018 3183 5069 τὰ
3211 5022 3267 5069 ὲν
3287 5014 3444 5085 αὐτῷ
3477 5055 3495 5083 ,
3522 5015 3785 5076 ὡσαύτως
3807 5017 3888 5066 καὶ

2351 5113 2438 5166 τὸν
2471 5110 2547 5176 ξς*
2571 5109 2924 5162 ἁποστολικδν
2955 5107 3172 5163 κανόνα.
3206 5107 3272 5160 Τί
3304 5106 3383 5170 δὲ,
3418 5107 3526 5160 ἐὰν
3550 5107 3627 5176 μὴ
3674 5106 3888 5174 ὀνόματι

2354 5201 2688 5254 συνοικεσίου
2721 5201 2943 5270 ἁρπάσῃ
2982 5214 3063 5258 τις
3080 5198 3328 5266 γυναῖκα,
3356 5195 3492 5251 ἀλλά
3515 5194 3605 5248 διά
3621 5197 3884 5264 πορνείαν,

2351 5294 2412 5343 οὐ
2453 5289 2848 5360 κολασθήσεται
2877 5289 2972 5342 σὺν
2996 5291 3111 5351 τοῖς
3147 5285 3502 5357 συμπράξασι
3543 5286 3639 5338 καὶ
3669 5287 3884 5355 συναρα-

2358 5378 2535 5445 μένοις
2561 5377 2708 5446 αύτῷ
2730 5396 2744 5442 ;
2779 5377 2989 5439 Λύσις.
3015 5375 3126 5430 Καὶ
3141 5375 3390 5444 μάλιστα.
3416 5372 3588 5427 Τοῦτο
3615 5375 3720 5445 γάρ
3758 5372 3880 5444 ἀζή-

2353 5468 2518 5534 τητόν
2563 5469 2700 5518 ἐστι.
2750 5467 2823 5518 To
2851 5466 2906 5518 δὲ
2933 5465 3120 5519 ποιοῦν
3153 5465 3250 5533 τὴν
3285 5461 3518 5534 ζήτησιν
3575 5465 3814 5535 ὑπῆρχεν
3855 5467 3881 5531 ἡ

2357 5561 2625 5625 πρόφασις
2673 5555 2763 5608 τοῦ
2801 5554 3151 5608 συνοικεσίου.
3175 5553 3398 5622 Ἔλεγον
3430 5553 3539 5624 γάρ
3560 5571 3703 5616 τινες
3733 5554 3881 5630 μηδὲν

2357 5663 2408 5698 τι
2439 5647 2608 5698 κακον
2653 5645 2877 5713 ποιῆσαι
2930 5643 3022 5696 τὸν
3059 5642 3382 5711 ἁρπάσαντα
3433 5644 3668 5710 γυναῖκα
3713 5642 3794 5693 διά
3828 5639 3879 5692 τό

2359 5736 2602 5801 νομίμως
2641 5731 2979 5801 συναφθῆναι
3009 5733 3169 5800 αὐτῇ,
3201 5730 3331 5793 ἴσως
3353 5731 3448 5808 καὶ
3485 5728 3711 5794 ἀναξίαν
3728 5725 3879 5782 οὖσαν

2359 5823 2434 5892 τῷ
2483 5823 2631 5891 τίνει
2661 5822 2873 5889 τούτου,
2901 5819 3194 5877 κάντεῦθεν
3223 5810 3476 5890 μεγάλως
3524 5829 3873 5890 χειραγωγου·
