3968 6346
114 443 214 510 833

1132 441 1214 502 IN
1253 441 1420 502 CAN.
1463 442 1650 505 XCIII
1697 443 1908 506 CONC.
1950 444 2033 506 ΙΝ·
2070 442 2390 504 TRUI.I.O.

3214 419 3320 512 est

122 518 388 611 B'JGLKEIOO
457 557 898 628 θεσμοθετοῦςιν.
966 556 1042 607 ἰιι
1109 554 1242 623 ἄλλη
1291 553 1346 606 δὲ
1403 553 1554 606 οὐδέν
1614 571 1666 605 τι

1789 553 2037 621 ejusmodi
2096 555 2352 624 allegare.
2413 554 2586 608 Simul
2621 558 2763 610 cnim
2812 571 2876 611 ac
2920 571 2951 612 e
3006 557 3170 613 domo
3221 580 3318 616 sua

121 649 345 701 τοιοῦτον
395 648 798 718 προϐάλλεσθαι
826 645 1072 700 δύναται.
1128 644 1278 713 Ἀμα
1335 643 1441 712 γὰρ
1491 646 1556 714 τῇ
1600 645 1664 697 ἐκ

122 738 210 807 τῆς
227 738 404 801 οίκίας
436 738 606 808 αὐτῆς
625 739 973 809 ἀναχωρήσει
1017 735 1112 788 τοῦ
1165 735 1359 802 ἀνδρὸς
1400 735 1664 803 ἐγίνωσκε

118 829 209 899 τὴν
233 830 417 899 ἀφανῆ
443 827 636 882 τούτου
665 828 978 898 ἀποδημίαν
1016 841 1032 858 ⁶
1070 828 1162 880 καὶ
1186 819 1274 879 διὰ
1330 825 1491 878 τοῦτο
1542 825 1664 879 οὐδὲ

121 921 436 989 συγγνώμης
469 921 740 988 ἀξιοῦται.
780 920 920 989 Πρὸς
941 919 1151 982 τούτοις
1197 919 1340 971 είποι
1371 936 1457 977 τις
1482 919 1556 980 ὼς
1571 917 1666 970 τοῦ

119 1008 286 1076 γάμου
315 1009 410 1061 τοῦ
434 1011 727 1079 γενομένου
766 1011 906 1080 μετὰ
933 1010 1024 1062 τοῦ
1039 1009 1489 1078 καταλειφθέντος
1517 1009 1668 1080 παρὰ

120 1101 214 1168 τῆς
233 1101 444 1164 οἰκείας
505 1103 741 1176 συζύγου
784 1101 879 1154 καὶ
924 1104 1019 1170 τῆς
1061 1099 1348 1170 ἐλευθέρας
1389 1100 1664 1166 γυναικὸς,

119 1190 483 1245 άνυποστὰτου
506 1194 680 1257 ὄντος,
713 1195 861 1254 ποῖος
882 1192 1038 1260 λόγος
1069 1191 1359 1243 ὑπελίπετο
1388 1191 1545 1259 χάριν
1575 1189 1669 1243 τοῦ

124 1282 193 1350 μὴ
218 1283 555 1352 συναφθῆναι
585 1285 757 1353 αὐτὴν
783 1283 953 1352 ἑτέρῳ
980 1284 1154 1352 ἀνδρὶ,
1203 1281 1548 1350 ἁγνοήσασαν
1579 1282 1673 1334 καὶ

121 1372 288 1424 ταῦτα
329 1375 420 1426 τὸν
467 1375 684 1445 πρῶτον
717 1375 891 1443 γάμον
923 1373 1016 1425 τοῦ
1077 1372 1530 1440 καταλειφθέντος
1575 1375 1675 1426 ἁν-

124 1463 242 1531 δρός
270 1481 286 1530 ;
321 1465 533 1530 Λύσις.
568 1466 743 1519 Τινῶν
777 1465 1040 1532 λεγόντων
1063 1465 1164 1528 ὅτι,
1197 1463 1301 1516 κᾶν
1356 1464 1569 1533 μοιχεία
1611 1463 1672 1515 οὐ

121 1555 306 1622 γέγονε
337 1557 488 1627 παρὰ
511 1558 609 1624 τῆς
631 1557 892 1625 γυναικὸς
940 1556 1028 1610 διὰ
1076 1557 1174 1626 τὴν
1231 1556 1478 1623 ἄγνοιαν,
1539 1555 1676 1609 ἀλλὰ

120 1649 338 1716 πορνεία
362 1646 644 1716 ἐτελέσθη,
677 1648 773 1700 καὶ
824 1648 1087 1718 όιρείλειή
1137 1647 1481 1717 πορνεύσασα
1539 1647 1677 1701 κατὰ

121 1739 239 1800 τοὺς
271 1738 400 1808 περὶ
427 1738 527 1807 τῆς
549 1737 810 1806 πορνείας
844 1738 1074 1801 κανόνας
1130 1738 1548 1807 ὲπιτιμηθῆναι,
1583 1739 1678 1794 καὶ

1768 642 1998 699 maritus
2029 647 2288 711 excessit,
2320 649 2584 701 incertam
2633 664 2848 717 quoque
2894 647 3014 717 ejus
3062 666 3184 706 csse
3229 655 3324 705 ab-

1770 737 2008 790 sentiam
2036 739 2289 807 cognovit
2317 755 2330 790 :
2361 746 2411 790 ct
2446 749 2729 807 propterea
2766 756 2834 795 ne
2863 739 3072 796 veniam
3099 744 3320 812 quidem

1681 885 1728 893 __,
1767 837 2026 879 meretur.
2049 827 2129 880 Ad
2169 829 2281 882 haec
2303 828 2502 883 dixt'rit
2531 832 2828 899 quispiam,
2855 831 3017 899 Quod
3043 850 3166 888 cum
3199 847 3321 890 m‘a-

1767 916 2105 978 trimonium,
2132 933 2253 970 cum
2304 933 2367 975 eo
2416 921 2570 988 quia
2607 925 2827 992 propria
2879 940 3050 980 uxore
3094 926 3324 984 relictus

1768 1015 1935 1061 estet
1969 1009 2136 1062 libera
2168 1026 2265 1074 seu
2300 1013 2476 1067 εηιιιιτι
2515 1017 2760 1081 muliere,
2802 1033 2910 1072 non
2961 1021 3135 1089 possit
3186 1037 3325 1074 cou-

1769 1099 1985 1163 sistere,
2023 1117 2270 1168 quaenam
2295 1105 2486 1157 relicta
2519 1115 2604 1160 est
2636 1109 2781 1161 ratio
2811 1110 2878 1164 de
2910 1125 2973 1164 ea
3007 1112 3160 1166 alteri
3206 1113 3324 1165 viro

1770 1204 1880 1243 non
1912 1193 2316 1260 cunjungcnda,
2349 1197 2583 1249 maxime
2608 1213 2729 1250 cum
2762 1200 3092 1268 ignoraverit
3133 1202 3326 1255 matri-

1775 1284 2014 1336 monium
2069 1285 2165 1337 ι·ὴὶ
2199 1285 2289 1353 qui
2325 1287 2546 1341 relictus
2584 1290 2696 1342 est?
2740 1290 2971 1345 Salutio.
3023 1292 3157 1346 Cum
3204 1295 3328 1362 qui-

1773 1371 1896 1425 dam
1927 1374 2194 1439 dicerent,
2228 1375 2370 1444 quod
2401 1377 2614 1431 etiamsi
2645 1395 2750 1433 non
2787 1381 2888 1434 luit
2917 1383 3247 1436 adulterium
3294 1399 3322 1434 a

1774 1462 2000 1517 muliere
2019 1465 2367 1518 counuis‘sum
2406 1480 2625 1535 propter
2657 1470 3041 1538 ignorantiam,
3081 1471 3320 1525 admissa

1775 1562 1858 1606 est
1892 1561 2072 1607 tamen
2104 1553 2414 1621 foruicatio,
2471 1570 2527 1613 et
2578 1575 2700 1614 cum
2744 1565 2812 1616 sit
2846 1563 3130 1625 fornicata,
3166 1562 3328 1616 debet

1777 1660 1842 1698 ex
1875 1641 2281 1717 eanonibusde
2317 1641 2888 1721 iumicatione'pnoiri,
2948 1662 3002 1707 ct
3055 1655 3176 1708 ideo
3227 1669 3327 1708 nec

1779 1740 1872 1793 alii
1901 1741 2124 1810 quidem
2153 1743 2283 1799 τὶτο
2309 1743 2569 1813 conjungi,
2608 1753 2668 1798 ut
2693 1760 2814 1817 qua:
2851 1746 2923 1800 sit
2970 1755 3123 1800 extra
3157 1747 3331 1800 ambi-

120 1827 201 1881 διὰ
219 1829 376 1882 τοῦτο
401 1829 538 1898 μηδὲ
558 1829 860 1898 συζυγῆναι
887 1829 1063 1900 ἀνδρὶ,
1107 1828 1184 1892 ὡς
1224 1827 1331 1891 ἔξω
1381 1826 1514 1880 οὖσα
1569 1828 1677 1880 τῶν

1789 1838 1872 1884 tus
1923 1831 2372 1895 ecclesiasticos:
2405 1832 2598 1889 Patres
2646 1835 2749 1888 hoc
2795 1834 2958 1888 etiam
3011 1835 3328 1900 solventes,

123 1918 585 1989 ἐκκλησιαπικῶν
614 1919 916 1990 περιϐόλων
943 1935 958 1950 °
1011 1922 1058 1973 οἱ
1110 1919 1354 1990 Πατέρες
1399 1920 1491 1971 καὶ
1524 1919 1680 1972 τοῦτο

123 2010 327 2074 λύοντες
360 2011 568 2084 ἔφησαν
596 2013 680 2066 δτι
709 2012 938 2083 πορνεία
962 2013 1062 2083 μὲν
1090 2013 1314 2082 γέγονεν
1350 2028 1365 2043 ⁸
1432 2011 1555 2065 ἐπεὶ
1623 2011 1678 2064 δὲ

124 2103 153 2170 ἡ
180 2102 315 2173 γυνὴ
339 2103 400 2154 οὐ
441 2103 683 2174 πορνικῷ
720 2107 930 2174 τρόπῳ,
953 2103 1090 2158 ἀλλὰ
1109 2105 1357 2175 νομίμως
1410 2103 1683 2172 συνεζύγη

124 2190 194 2261 τῷ
245 2191 682 2260 καταλειφθέντι,
745 2194 1122 2264 πορνευόντων
1193 2195 1491 2263 ἐπιτιμίοις
1583 2197 1682 2247 οὐκ

126 2281 490 2358 ὑποπεσείται,
520 2280 658 2334 ἀλλὰ
723 2282 824 2351 τῆς
889 2283 1347 2353 ἐκκλησιαστικῆς
1399 2283 1684 2345 κοινωνίας

127 2355 500 2449 ἀξιωθήσεται.
558 2374 678 2428 Ἵνα
731 2373 787 2427 δὲ
838 2375 912 2444 μὴ
969 2374 1161 2440 δόξωσι
1203 2376 1534 2445 προτρέπειν
1587 2376 1684 2438 τὰς

128 2466 384 2528 γυναῖκας
407 2464 564 2534 πρὸς·
582 2463 645 2516 τὺ
695 2463 1178 2532 ὰνευλαϐέστερον,
1239 2461 1393 2516 εἶπον
1469 2463 1685 2516 κάλλιον

129 2549 266 2608 εἶναι
309 2555 602 2626 ἡσυχάζειν
626 2557 814 2618 αὑτάς.
843 2555 964 2610 Κᾶν
1011 2557 1120 2626 γὰρ
1191 2556 1249 2609 ὲν
1285 2555 1474 2626 ἀγνοίᾳ.
1503 2556 1685 2625 ἦμαρ-

131 2661 245 2698 τον⁹
283 2646 398 2717 ἀλλ’
416 2647 539 2700 ὅσον
560 2647 622 2698 τὸ
646 2649 726 2710 είς
755 2647 928 2709 αὑτὰς
963 2647 1185 2717 πρῶτος
1207 2647 1382 2716 γάμος
1416 2644 1687 2712 λογίζεται

133 2736 300 2790 ὲκείνο
328 2714 388 2789 τὸ
419 2738 809 2801 ἀνυπόστατον,
838 2738 929 2790 καὶ
969 2739 1068 2791 οὒκ
1119 2736 1394 2806 ὀφείλουσι
1438 2736 1691 2804 δευτερο-

135 2831 396 2901 γαμῆσαι,
425 2831 476 2883 εί
505 2829 581 2901 μὴ
613 2829 895 2900 βούλονται
926 2831 1039 2890 τοῖς
1094 2828 1204 2880 τῶν
1233 2824 1691 2898 δευτερογαμούν-

136 2938 237 2976 των
266 2923 557 2994 ἐπιτιμίοις
578 2924 896 2977 ὑποπεσεῖν.
920 2921 1041 2974 Ἔτι
1070 2921 1341 2989 ἐρωτήσει
1387 2935 1490 2981 τις,
1543 2914 1688 2986 Ἀρα

138 3015 227 3071 καὶ
248 3014 280 3066 ό
306 3015 404 3084 τὴν
433 3016 527 3068 τοῦ
585 3013 924 3084 στρατιώτου
957 3013 1192 3080 γυναῖκα
1223 3011 1281 3063 ιν
1311 3011 1506 3076 ἀγνοίᾳ
1544 3009 1680 3074 ἀγα-

139 3104 359 3175 γόμενος
382 3105 866 3175 συγγνωσθήσεται
897 3103 1146 3170 ;Λύσις.
1173 3101 1284 3157 Καὶ
1344 3099 1596 3172 μάλιστα.
1630 3097 1691 3149 Εἰ

1782 1921 2059 1986 dixerunt,
2093 1923 2239 1992 quod
2275 1923 2563 1977 fornicatio
2603 1924 2822 1993 quidem
2873 1927 3165 1982 commissa
3201 1934 3330 1990 est;

1782 2013 1877 2067 sed
1915 2015 2169 2081 quoniam
2194 2016 2414 2078 mulier,
2466 2032 2573 2070 non
2613 2031 2766 2071 more
2809 2016 3181 2081 l'ornicatorio,
3236 2019 3328 2070 sed

1784 2104 2023 2174 legitime
2090 2105 2316 2174 ei,'qui
2381 2106 2606 2161 relictus
2671 2117 2807 2169 erat,
2865 2107 3151 2176 conjuncta
3209 2107 3333 2169 fuit,

1741 2242 1754 2254 ι
1785 2206 2145 2251 scortatorum
2187 2187 2483 2268 pmna'non
2523 2199 2811 2267 punietur;
2841 2199 2932 2252 sed
2972 2198 3131 2268 digna
3158 2199 3329 2252 eccle-

1785 2289 2004 2344 siastica
2040 2290 2428 2366 communione
2463 2289 2797 2359 censebitur,
2829 2304 2928 2342 nec
2964 2290 3056 2343 alii
3079 2290 3338 2362 conjungi

1757 2377 2187 2447 prohibebitur.
2217 2375 2294 2430 Ne
2325 2386 2506 2431 autem
2549 2377 2864 2432 viderentur
2894 2376 3086 2434 Patres
3137 2380 3339 2434 adhor-

1789 2469 1895 2521 tari
1928 2469 2188 2525 mulieres
2224 2468 2290 2523 ad
2325 2469 2379 2522 id
2419 2469 2566 2538 quod
2611 2476 2696 2524 est
2745 2472 2925 2524 minus
2973 2471 3150 2540 pium,
3183 2471 3340 2526 dixe-

1787 2564 1920 2610 runt
1981 2571 2107 2612 esse
2170 2557 2367 2611 melius
2421 2565 2482 2611 ut
2537 2557 2839 2627 quiescant.
2889 2557 3001 2611 Etsi
3049 2559 3192 2613 enim
3247 2575 3342 2629 per

1790 2648 2153 2718 ignorantiam
2203 2656 2497 2718 peccarunt
2527 2666 2542 2704 :
2579 2649 2672 2705 sed
2698 2651 2842 2719 quod
2879 2648 2945 2704 ad
2987 2664 3080 2704 eas
3125 2652 3340 2718 quidem

1791 2741 2032 2807 attinet,
2090 2739 2326 2810 primum
2397 2741 2804 2796 matrimonium
2869 2752 3150 2808 reputatur
3209 2741 3341 2797 illud

1794 2830 1942 2898 quod
1982 2844 2089 2883 non
2125 2841 2302 2898 potest
2349 2832 2676 2897 consistere,
2731 2844 2832 2885 nec
2876 2833 3072 2885 debent
3100 2834 3344 2887 secundo

1791 2923 2018 2987 tzubere,
2069 2921 2177 2975 nisi
2228 2921 2396 2974 velint
2448 2921 2629 2990 pinnis
2661 2936 2874 2985 earum,
2933 2936 3052 2990 quae
3105 2925 3345 2985 secundo

1794 3013 2023 3076 nubunt,
2060 3013 2281 3083 subjici.
2317 3015 2589 3067 Praeterea
2642 3013 2997 3083 interrogabit
3049 3014 3341 3082 quispiam,

1795 3103 2067 3173 Numquid
2095 3105 2273 3174 etqui
2325 3105 2514 3159 militis
2562 3120 2784 3157 uxorem
2843 3120 2937 3171 per
2991 3106 3344 3172 ignorantiam

141 3197 240 3266 γὰρ
258 3195 458 3266 ὠφελεῖ
495 3196 594 3266 τὴν
621 3197 862 3263 γυναῖκα
881 3196 916 3265 ὴ
933 3195 1148 3261 ἄγνοια,
1173 3191 1352 3260 πολλῷ
1375 3190 1576 3259 μᾶλλον
1601 3189 1689 3240 τὸν

1795 3193 1971 3257 duxit,
2000 3191 2049 3246 ei
2084 3192 2237 3245 venia
2275 3189 2533 3245 dabitur?
2567 3191 2797 3246 Salutio.
2831 3191 3081 3246 Maxime.
3122 3195 3178 3247 Si
3202 3196 3344 3249 enim

139 3289 303 3360 ἄνδρα
343 3289 434 3342 τὸν
494 3288 700 3357 ταύτην
772 3285 1114 3355 ἀγαγόμενον
1187 3279 1700 3350 ἁπροκριμάτιστον·

145 3384 483 3453 συντηρήσει,
524 3381 600 3444 ὡς
641 3379 778 3452 μηδὲ
816 3378 1012 3432 εἰδέναι
1049 3373 1352 3445 ὀφείλοντα.
1396 3371 1459 3423 Τί
1489 3370 1566 3434 δὲ,
1597 3368 1688 3423 τοῦ

146 3476 469 3543 στρατιώτου
491 3471 914 3540 αἱρετισαμένου
944 3469 1044 3537 μὲν
1073 3463 1442 3518 ἀναλαϐέσθαι
1469 3461 1569 3532 τὴν
1609 3462 1689 3512 οί-

146 3565 295 3616 κείαν
323 3562 612 3633 όμόζυγον,
637 3561 928 3629 γενήσεται
956 3557 1025 3608 τὰ
1052 3555 1131 3624 τῷ
1181 3552 1368 3605 κανόνι
1442 3549 1691 3618 περιεχό-

148 3669 318 3725 pen;
357 3651 795 3720 άπαναινομινου
827 3649 902 3711 δὲ,
924 3645 1176 3714 οὐδαμῶς
1196 3660 1208 3673 ·
1244 3639 1524 3695 atram;
1553 3638 1691 3705 αὑτὴ

137 3749 282 3816 ’μετὰ
313 3746 402 3799 τοῦ
434 3746 624 3814 ἐτέρου
659 3740 1123 3812 συμϐιοτεύουσα;
1157 3737 1365 3799 Λύσις.
1415 3731 1568 3786 Μετὰ
1597 3729 1692 3798 τὴν

149 3841 489 3911 ὑποστροφὴν
518 3837 614 3890 τοῦ
645 3835 1008 3907 στρατιώτου,
1040 3827 1371 3884 άπεντεῡθεν
1403 3824 1696 3891 ὁδεύτερος

149 3937 316 4004 γάμος
352 3930 647 3983 διασπᾶται
681 3944 696 3957 ο
731 3936 823 3978 και
845 3927 893 3977 εί
927 3925 1028 3993 μὲν
1072 3922 1214 4004 θέλει
1279 3922 1307 3971 ὁ
1356 3913 1695 4004 οτρατιῴτης

152 4002 327 4076 λαϐεῖν
347 4022 541 4089 αὐτὴν,
564 4019 676 4088 ἕχει
700 4017 786 4066 ἐπ’
811 4013 992 4074 ἁδείας
1050 4002 1210 4062 τοῦτο
1241 4007 1417 4059 ποιεῖν
1456 4018 1470 4032 ⁸
1534 4003 1585 4054 εί
1637 4002 1694 4052 δὲ

157 4112 250 4181 μὴ,
297 4111 414 4162 οὐδὲ
454 4109 594 4178 μετὰ
671 4095 764 4156 τοῦ
818 4104 1067 4171 δευτέρου
1135 4096 1325 4167 ἀνδρὸς
1366 4094 1693 4162 συνοικήσει.

155 4201 361 4254 Μᾶλλον
388 4200 489 4269 μὲν
512 4192 605 4249 οὖν
627 4197 722 4248 καὶ
756 4195 802 4245 ει
836 4190 1094 4260 ὲπιμείνῃ
1135 4185 1269 4255 μετὰ
1305 4185 1497 4236 τούτου
1553 4197 1694 4248 συμ-

156 4291 491 4355 6ιοτείιουσα,
528 4286 857 4356 συγγνώμης
894 4284 992 4335 οὑκ
1037 4279 1419 4347 ἀξιωθήσεται,
1446 4274 1576 4327 ἀλλὰ
1609 4273 1699 4323 καὶ

157 4387 224 4446 ὡς
256 4381 496 4454 μοιχαλὶ,
534 4378 1003 4447 τιμωρηθήσεται.
1049 4373 1291 4431 Ἐκεῖ-βας
1326 4370 1432 4438 γάρ
1455 4382 1700 4452 σμγγνωο

164 4457 619 4547 μονείσθαίιρασιν
655 4472 706 4522 ot
749 4463 1124 4534 Πατέρες,τὰς
1193 4460 1422 4528 ἑτοίμως
1469 4458 1701 4547 άφιστα-

166 4545 316 4637 μένας
335 4567 431 4620 τοῦ
465 4563 719 4631 δευτέρου
757 4553 1111 4614 συνοικεσίου,
1167 4551 1260 4602 καὶ
1316 4545 1701 4612 συντιθεμένας

161 4659 235 4726 τῷ
263 4659 314 4722 ἐξ
337 4656 559 4722 ἀγνοίας
598 4641 957 4725 ἁμαρτήματι
1002 4659 1013 4671 ·
1049 4647 1106 4695 οὺ
1137 4643 1240 4711 μὴν
1270 4640 1366 4701 τὰς
1441 4637 1697 4726 ἀνθιστα-

168 4725 320 4817 μὲνας
347 4747 442 4799 καὶ
475 4744 572 4812 τὴν
609 4742 850 4811 μοιχείαν
874 4735 1258 4806 προελομένας.
1287 4731 1393 4783 Καὶ
1407 4727 1577 4780 ταῦτα
1603 4725 1703 4794 μὲν

165 4843 190 4890 ό
220 4840 410 4892 κανών.
462 4834 521 4887 ’0
544 4833 602 4884 δὲ
632 4829 906 4892 πολιτικὸς
933 4828 1118 4893 νόμος,
1145 4825 1264 4893 ἢτοι
1296 4821 1356 4873 τὸ
1396 4825 1426 4871 ι’
1452 4836 1578 4888 κεφ,
1608 4818 1702 4869 τοῦ

169 4930 212 4991 ιζ’
243 4929 411 4982 τίτλου
437 4924 533 4976 τοῦ
565 4929 648 4990 κη’
673 4921 835 4990 βιὸλ.,
859 4921 995 4987 ὅπερ
1024 4917 1138 4966 ἐστὶ
1169 4913 1337 4981 νεαρᾶ
1398 4904 1708 4962 Ἰουστινιά-

169 5033 296 5080 vero;
326 5014 450 5087 ρις,
490 5013 627 5083 φησι
645 5014 733 5071 τὰς
765 5012 1027 5074 γυναῖκας
1056 5003 1163 5054 τῶν
1200 5003 1256 5052 ὲν
1293 4999 1582 5063 ταξατιὼνι
1615 4999 1707 5049 δν-

169 5125 268 5159 των
304 5112 397 5160 καὶ
430 5100 718 5173 στρατείας
749 5095 1198 5165 καταλεγομένων
1236 5091 1587 5161 στρατιωτῶν
1612 5088 1706 5140 καὶ

169 5202 366 5256 λοιπῶν
395 5197 713 5271 περιμένειν
743 5195 838 5262 τὴν
871 5190 1163 5260 ἐπιδημίαν
1188 5187 1294 5238 τῶν
1321 5185 1554 5254 ἀνδρῶν,
1585 5183 1691 5234 κᾶν

172 5296 280 5358 ὅσος
305 5292 552 5364 παρέλθῃ
577 5288 763 5360 χρόνος
783 5301 797 5314 ο
834 5286 926 5335 καὶ
959 5284 1058 5335 κᾶν
1090 5281 1347 5343 δέξωλται
1403 5276 1706 5344 γράμματα

175 5383 611 5453 πληροφορητικα
637 5378 732 5430 τοῦ
760 5374 988 5428 θανάτου
1042 5373 1239 5435 αὐτῶν,
1289 5368 1582 5435 ἀναμένειν
1614 5365 1709 5416 καὶ

175 5476 346 5545 ἒτιρον
381 5477 652 5539 ἐνιαυτὸν,
685 5472 779 5525 καὶ
813 5470 950 5539 μετὰ
973 5465 1129 5517 τοῦτο
1159 5463 1534 5532 συγγνωστέον
1566 5456 1710 5512 εἶναι

175 5569 258 5618 τὸν
287 5567 423 5639 μετὰ
454 5566 645 5634 ἑτέρου
671 5562 863 5631 ἀνδρὸς
923 5562 1096 5626 γάμον
1151 5558 1375 5622 ταύτης,
1442 5555 1515 5622 μὴ
1559 5552 1709 5619 ὀφείι-

177 5656 322 5711 λοντα
371 5641 792 5719 διασπασθῆναι.
837 5649 900 5701 Ἡ
938 5652 1116 5717 μέντοι
1166 5644 1246 5712 κβ¹
1290 5643 1710 5715 Ἰουστινιὰνειος

178 5750 488 5823 νεαρὰ,ὴτοι
527 5745 588 5796 τὸ
618 5748 662 5807 εξ
689 5739 815 5808 κεφ.
871 5741 962 5791 τού
1007 5737 1054 5802 ζ’
1083 5738 1257 5788 τίτλον
1291 5734 1382 5785 τοῦ
1440 5731 1520 5802 κη’
1565 5733 1706 5815 fudit.

179 5839 456 5909 διορίζεται
506 5834 597 5889 ἐπὶ
622 5831 942 5886 πενταετίαν
970 5831 1260 5897 ἀναμένειν
1320 5828 1415 5897 τὴν
1466 5827 1699 5891 γυναίκκ

1796 3282 2017 3350 prodest
2049 3280 2262 3334 mulieri
2297 3281 2629 3349 ignorantia,
2662 3281 2833 3336 multo
2863 3284 3032 3352 magis
3070 3294 3121 3338 et
3152 3284 3347 3349 virum,

1795 3372 1889 3441 qui
1939 3386 2058 3426 eam
2114 3371 2289 3444 duxit,
2356 3373 2663 3426 indemnem
2723 3373 2980 3440 nulloque
3035 3374 3349 3442 pragjudicio

1800 3461 2057 3516 allectum
2103 3463 2474 3525 conservabit,
2517 3473 2574 3515 ut
2605 3463 2696 3530 qui
2727 3479 2798 3517 ne
2827 3464 2969 3517 scire
3006 3463 3222 3531 quidem
3254 3465 3348 3519 de-

1796 3552 1937 3607 beat.
1974 3551 2113 3616 Quid
2159 3567 2311 3617 νει-(ι,
2342 3552 2389 3606 εἰ
2420 3553 2596 3606 miles
2630 3566 2782 3606 suam
2845 3569 3064 3608 uxorem
3110 3557 3351 3625 recipere

1797 3644 2055 3711 voluerit,
2089 3659 2158 3698 an
2199 3659 2264 3698 ea
2313 3647 2444 3700 lient
2480 3662 2602 3712 qua:
2632 3662 2843 3704 canone
2879 3651 3353 3718 comprehendite-

1801 3733 1926 3788 tur?
1978 3734 2074 3789 Sin
2128 3745 2311 3789 autem
2365 3747 2605 3802 recuset,
2654 3752 3034 3809 nequaquam;
3087 3741 3181 3795 sed
3232 3741 3350 3810 ipsa

1802 3839 1926 3878 cum
1952 3825 2060 3878 alio
2102 3826 2268 3881 vitam
2325 3828 2632 3897 transiget?
2660 3827 2894 3886 Salutio.
2943 3829 3070 3884 Post
3118 3831 3350 3884 reditum

1803 3915 2015 3977 militis,
2079 3916 2279 3969 exinde
2338 3920 2638 3972 secundum
2696 3920 3102 3974 matrimonium
3160 3922 3354 3977 dissol-

1808 4005 1954 4058 vitur
1982 4023 1996 4057 :
2032 4014 2085 4058 et
2113 4006 2158 4058 si
2192 4005 2323 4058 velit
2358 4006 2576 4074 quidem
2613 4008 2770 4064 miles
2801 4025 2920 4063 eam
2975 4010 3273 4081 suscipere,
3304 4014 3352 4065 ei

1768 4120 1772 4121 ί
1804 4096 1931 4150 licet
1964 4098 2064 4150 hoc
2091 4081 2291 4150 facere.
2330 4095 2424 4150 Sin
2452 4099 2654 4165 minus,
2684 4115 2784 4153 nec
2818 4117 2939 4154 cum
2973 4103 3211 4156 secundo
3234 4087 3356 4170 (έυὶ-

1769 4192 1926 4243 -dem
1965 4189 2461 4262 viro‘cobabitabit.
2492 4189 2656 4254 Multo
2690 4193 2860 4260 magis
2906 4202 3083 4245 autem
3129 4194 3173 4246 si
3230 4208 3351 4245 cum

1806 4295 1869 4334 eo
1899 4273 2082 4334 vivere
2113 4281 2568 4348 perseveraverit,
2600 4279 2648 4333 ei
2679 4282 2829 4333 venia
2864 4295 2969 4333 non
2987 4280 3227 4343 dabitur,
3261 4284 3353 4336 sed

1807 4383 1866 4423 ut
1897 4371 2139 4423 adultera
2175 4370 2453 4436 punietur.
2494 4368 2602 4421 Illis
2629 4370 2774 4422 enim
2812 4386 2931 4424 esse
2983 4372 3218 4425 dandam
3251 4377 3356 4437 ive-

1812 4460 1956 4513 uiatn
1989 4460 2174 4523 dicunt
2205 4457 2417 4523 Patres,
2467 4475 2586 4528 quae
2647 4475 2676 4512 a
2733 4461 2972 4514 secundo
3007 4464 3356 4516 matrinIOuio

1738 4531 1778 4586 θ
1812 4559 2058 4621 p-“ompte
2087 4551 2367 4616 recedunt,
2403 4559 2456 4604 et
2487 4555 2808 4620 ignorantia:
2855 4561 3137 4616 peccatum
3188 4569 3354 4622 agnu-

1813 4650 2015 4697 Scunt:
2064 4657 2168 4696 non
2207 4655 2390 4697 autem
2443 4657 2564 4709 quae
2595 4643 2872 4694 resistunt
2921 4649 2974 4696 et
3028 4643 3352 4697 adulterium

1808 4734 2035 4803 eligunt.
2066 4734 2130 4786 Et
2163 4734 2275 4785 haec
2320 4731 2538 4798 quidem
2587 4746 2784 4785 canon.
2837 4732 2945 4787 Lex
3000 4746 3177 4787 autem
3205 4733 3358 4803 ,εἰνὶ-

1812 4824 1899 4887 lis,
1931 4822 1993 4873 10
2043 4821 2251 4874 scilicet
2307 4836 2426 4889 cap.
2460 4821 2490 4874 7
2544 4825 2626 4874 tit.
2660 4837 2822 4876 xxvm
2872 4824 2991 4885 lib.,
3039 4823 3183 4893 quod
3231 4824 3358 4890 qui-

1811 4913 1932 4966 dem
1964 4918 2044 4963 est
2093 4911 2303 4964 novella
2348 4909 2550 4964 Justin.
2584 4912 2678 4965 H7
2717 4914 2848 4966 dicit
2902 4929 3098 4966 uxores
3146 4927 3356 4978 eorum,

1813 5003 1902 5070 qui
1932 5011 2058 5054 sunt
2121 5004 2171 5054 in
2225 5003 2360 5066 acie,
2414 5011 2467 5054 et
2524 5002 2578 5055 in
2639 5004 2902 5056 militares
2945 5002 3164 5056 ordines
3205 5004 3358 5056 relati

1814 5100 1960 5154 sunt,
2005 5091 2235 5142 militum
2287 5101 2340 5144 et
2396 5092 2750 5161 reliquorum,
2800 5091 2995 5145 debere
3044 5101 3362 5160 exspectaro

1815 5184 2129 5236 mazitorum
2163 5183 2421 5247 reditum,
2462 5192 2946 5252 quantumcunque
2981 5189 3192 5248 tempus
3221 5197 3361 5252 pra:-

1814 5275 2020 5329 terierit
2049 5292 2062 5327 :
2097 5288 2147 5329 et
2179 5275 2388 5328 etiamsi
2421 5274 2484 5326 de
2517 5275 2637 5340 ejus
2669 5279 2841 5325 morte
2868 5272 3064 5324 litteris
3093 5273 3357 5326 certiores

1815 5369 1970 5423 laetae
2031 5367 2280 5427 luerunt,
2344 5365 2544 5417 debere
2598 5378 2817 5432 quoque
2869 5365 3098 5416 alterum
3155 5377 3355 5416 annum

1815 5467 2152 5528 exspectare,
2185 5464 2238 5508 et
2280 5456 2325 5506 ei
2367 5463 2551 5522 postea
2586 5454 2793 5506 veniam
2833 5452 3064 5506 dandam
3116 5465 3259 5513 esse,
3309 5450 3354 5530 si

1816 5565 1938 5604 cum
1965 5549 2072 5600 alio
2104 5549 2218 5597 viro
2257 5545 2661 5596 matrimonium
2694 5545 3008 5605 contrahat,
3057 5544 3198 5610 quod
3231 5555 3362 5613 'non

1796 5640 1972 5692 debet
2005 5638 2267 5704 separari.
2297 5633 2565 5707 Vicesima
2595 5645 2771 5701 autem
2801 5633 3033 5687 secunda
3067 5629 3358 5682 Justiniani

1819 5717 2067 5790 novella,
2105 5730 2219 5781 sive
2281 5727 2311 5778 5
2367 5736 2530 5795 caput
2570 5726 2609 5776 '7
2661 5730 2743 5778 tit.
2796 5739 2968 5777 .xxvnt
3023 5721 3116 5783 lib,
3173 5723 3362 5774 statuit

1817 5799 2193 5888 quinquennio
2229 5820 2424 5871 debere
2455 5811 2771 5886 exspectare
2797 5816 3086 5870 mulierem
3131 5815 3212 5869 vel
3246 5813 3360 5867 m-
