3968 6346
118 443 237 510 833

1159 441 1242 500 IN
1280 439 1448 501 CAN.
1490 440 1678 503 xcm
1724 441 1936 504 conc.
1977 417 2061 503 1N
2097 440 2418 502 TRULLO.

3241 416 3347 509 834

131 517 415 611 Βασιλείου
484 556 925 628 θεσμοθετοῦσιν.
993 555 1069 606 ’ll.
1137 553 1270 622 ἄλλη
1317 552 1374 605 δὲ
1430 551 1582 604 οὐδέν
1641 569 1694 604 τι

1822 551 2064 620 rjusuzodi
2124 552 2380 621 allegare.
2440 552 2613 606 Simul
2649 557 2791 608 rnim
2840 568 2903 608 ac
2947 569 2978 609 ο
3033 554 3198 610 domo
3248 577 3345 613 sua

129 650 372 701 τοιοῦτον
422 649 826 718 προϐάλλεσθαι
852 645 1099 700 δύναται.
1155 644 1306 712 Ἀμα
1362 642 1469 710 γὰρ
1519 645 1584 712 τῇ
1628 643 1692 695 ἐκ

129 738 232 808 τῆς
251 740 432 801 οἰκίας
464 738 633 808 αὐτῆς
653 739 1001 808 ἀναχωρήσει
1045 734 1139 787 τοῦ
1193 734 1386 802 ἀνδρὸς
1427 734 1692 802 ἐγίνωσκε

126 828 234 900 τὴν
261 830 444 899 ἀφανῆ
471 828 663 882 τούτου
692 828 1006 898 ἀποδημίαν
1044 841 1059 857 ·
1097 827 1190 879 καὶ
1214 826 1302 878 διὰ
1358 824 1519 877 τοῦτο
1570 823 1692 877 οὐδὲ

130 922 464 989 συγγνώμης
498 921 767 987 ἀξιοῦται.
808 921 948 989 Πρὸς
969 918 1179 982 τούτοις
1225 919 1368 970 εῐποι
1399 935 1484 976 τις
1510 918 1584 978 ὼς
1599 916 1694 969 τοῦ

126 1008 314 1077 γάμου
343 1009 438 1062 τοῦ
463 1011 755 1079 γενομένου
794 1011 934 1080 μετὰ
961 1009 1052 1061 τοῦ
1067 1008 1517 1076 καταλειφθέντος
1545 1008 1695 1078 παρὰ

129 1102 240 1169 τῆς
260 1102 473 1165 οίκείας
534 1103 770 1170 συζύγου
812 1101 907 1153 καὶ
952 1103 1047 1170 τῆς
1088 1098 1376 1169 ἐλευθέρας
1417 1099 1693 1166 γυναικδς,

128 1191 512 1246 ἁνυποστὰτου
535 1194 708 1257 ὄντος,
741 1195 889 1253 ποῖος
909 1191 1066 1259 λόγος
1097 1189 1388 1242 ὑπελίπετο
1417 1189 1574 1258 χάριν
1603 1187 1698 1242 τοῦ

134 1283 217 1351 μὴ
244 1283 584 1353 συναφθῆναι
614 1285 785 1353 αὐτὴν
811 1282 981 1352 ἐτέρῳ
1008 1283 1183 1352 ἀνδρὶ,
1231 1280 1576 1349 ἁγνοήσασαν
1608 1281 1701 1332 καὶ

131 1373 317 1425 ταῦτα
357 1376 449 1427 τὸν
495 1375 712 1445 πρῶτον
745 1375 919 1443 γάμον
952 1373 1045 1424 τοῦ
1105 1371 1559 1440 καταλειφθέντος
1609 1373 1704 1424 ἁν-

135 1463 315 1533 δρὸς;
351 1466 562 1531 Λύσις.
598 1466 771 1520 Τινῶν
807 1465 1068 1532 λεγόντων
1091 1463 1192 1527 ὅτι,
1226 1462 1330 1516 κᾶν
1385 1462 1598 1532 μοιχεία
1640 1460 1701 1513 οὐ

129 1556 335 1624 γέγονε
366 1557 518 1628 παρὰ
541 1559 637 1624 τῆς
660 1556 920 1625 γυναικὸς
969 1556 1057 1609 διὰ
1104 1556 1204 1625 τὴν
1261 1555 1507 1622 ἄγνοιαν,
1569 1553 1705 1607 ἀλλὰ

128 1649 368 1718 πορνεία
391 1646 672 1717 ἐτελέσθη,
705 1647 802 1699 καὶ
853 1647 1116 1719 ὀφείλειη
1166 1646 1510 1716 πορνεύσασα
1568 1646 1706 1699 κατὰ

129 1740 268 1801 τοὺς
301 1739 429 1809 περὶ
456 1739 556 1806 τῆς
579 1737 839 1806 πορνείας
873 1737 1103 1800 κανόνας
1159 1737 1578 1805 ἐπιτιμηθῆναι,
1612 1738 1707 1792 καὶ

1796 635 2026 697 maritus
2057 645 2316 709 excessit,
2348 646 2613 698 incertam
2661 661 2876 714 quoque
2921 643 3042 714 eius
3090 663 3212 702 esse
3257 651 3350 702 ab-

1798 735 2036 789 sentiam
2063 737 2317 804 cognovit
2344 753 2357 787 :
2388 745 2439 788 et
2474 747 2757 804 propterea
2795 754 2861 792 ne
2891 736 3100 792 veniam
3127 740 3347 809 quidem

1794 835 2054 877 meretur.
2077 825 2156 878 Ad
2197 826 2309 880 lucc
2331 826 2531 881 dixerit
2559 830 2856 896 quispiam,
2883 828 3044 896 Quod
3071 846 3194 884 cum
3227 844 3348 886 m‘a-

1795 914 2280 976 lrimonium,cum
2332 931 2395 971 eo
2445 919 2598 986 quia
2635 922 2855 988 propria
2908 937 3078 976 uxore
3122 923 3352 980 relictus

1796 1015 1881 1059 cst
1911 1013 1963 1059 ct
1997 1007 2165 1059 libera
2197 1023 2293 1062 seu
2328 1010 2505 1064 ευιιιιιι
2543 1014 2788 1079 muliere,
2830 1030 2937 1069 non
2989 1017 3162 1085 possit
3213 1032 3352 1070 cnn-

1798 1097 2013 1162 sistere,
2051 1115 2297 1167 quaenam
2323 1102 2515 1154 relicta
2548 1112 2632 1157 est
2665 1105 2810 1157 ratio
2839 1106 2907 1160 de
2938 1121 3001 1160 ea
3037 1109 3188 1162 alteri
3234 1109 3353 1160 viro

1799 1203 1908 1241 non
1941 1190 2345 1258 cnnjungenda,
2378 1195 2612 1246 maxime
2637 1211 2758 1247 cum
2790 1197 3120 1265 ignoraverit
3161 1197 3354 1251 matri-

1804 1282 2042 1334 monium
2097 1282 2194 1334 ι·ὴί
2227 1282 2317 1350 qui
2354 1283 2574 1339 relictus
2613 1286 2725 1340 est?
2768 1287 2998 1342 Salutio.
3051 1289 3184 1342 Cum
3232 1291 3356 1358 qui—

1801 1369 1924 1424 dam
1956 1372 2222 1437 dicereut,
2257 1373 2400 1442 quod
2430 1375 2643 1428 etiamsi
2673 1392 2779 1431 non
2816 1377 2917 1430 fuit
2946 1379 3274 1432 adulterium
3322 1395 3350 1430 a

1803 1460 2029 1515 muliere
2048 1463 2396 1516 commissum
2434 1477 2654 1533 prepter
2686 1467 3070 1536 ignorantiam,
3110 1468 3349 1522 admissa

1804 1560 1888 1604 cst
1921 1560 2101 1605 tamen
2133 1551 2443 1619 fornicatio,
2499 1568 2556 1610 et
2586 1565 2729 1612 cum
2772 1562 2842 1614 sit
2875 1559 3158 1623 fornicata,
3194 1559 3357 1613 debet

1806 1658 1872 1696 ex
1904 1639 2310 1713 canonibuslde
2347 1639 2917 1718 lornicatione’puoiri,
2977 1659 3031 1704 ct
3083 1651 3204 1705 ideo
3255 1665 3355 1705 nec

1809 1739 1901 1792 alii
1931 1739 2153 1808 quidem
2182 1741 2312 1798 Viro
2339 1740 2599 1810 ceiijungi,
2637 1750 2697 1795 ut
2722 1757 2842 1812 qua:
2881 1742 2952 1796 sit
2999 1752 3152 1797 extra
3186 1744 3360 1797 ambi-

127 1828 227 1882 διὰ
247 1829 406 1883 τοῦτο
431 1829 566 1899 μηδὲ
587 1828 889 1898 συζυγῆναι
915 1829 1092 1900 ἀνδρὶ,
1136 1827 1213 1890 ὡς
1254 1826 1360 1890 ἔξω
1410 1824 1544 1879 οὖσα
1598 1827 1706 1878 τῶν

1822 1837 1902 1884 tus
1954 1829 2400 1893 ecclesiasticos:
2436 1829 2627 1885 Patres
2675 1832 2778 1885 hoc
2825 1832 2987 1884 etiam
3040 1832 3357 1896 solventes,

131 1919 614 1990 ἐκκλησιαπικῶν
643 1918 946 1990 περιὸόλων
973 1934 988 1950 '
1040 1921 1087 1972 οἱ
1138 1918 1383 1988 Πατέρες
1428 1919 1520 1970 καὶ
1553 1917 1711 1970 τοῦτο

131 2010 357 2075 λύοντες
390 2012 598 2083 ἔφησαν
625 2013 709 2067 δτι
739 2012 967 2082 πορνεία
991 2011 1091 2082 μὲν
1119 2013 1343 2080 γέγονεν
1379 2027 1394 2042 ⁸
1462 2010 1584 2064 ἐπεὶ
1653 2009 1708 2063 δὲ

132 2103 176 2171 ἡ
203 2103 344 2172 γυνὴ
368 2103 431 2154 οὺ
471 2103 712 2174 πορνικῷ
751 2107 959 2174 τρόπῳ,
983 2103 1386 2174 ἀλλάνομιμως
1440 2101 1713 2171 συνεζύγη

129 2190 221 2262 τῷ
278 2192 712 2260 καταλειφθέντι,
775 2193 1152 2264 πορνευόντων
1223 2194 1521 2262 ἐπιτιμίοις
1613 2196 1713 2246 οὐκ

133 2280 688 2360 ὓποπεσεῖται,ἁλλὰ
753 2282 854 2350 τῆς
918 2283 1377 2352 ἐκκλησιαστικῆς
1428 2282 1714 2344 κοινωνίας

132 2356 530 2449 ἀξιωθήσεται.
588 2374 707 2428 Ἵνα
761 2373 817 2426 δὲ
868 2375 941 2444 μὴ
999 2373 1191 2439 δόξωσι
1233 2375 1564 2444 προτρέπειν
1618 2375 1714 2436 τὰς

133 2467 414 2530 γυναῖκας
437 2463 675 2534 πρδςοτδ
725 2462 1208 2532 ἁνευλαὸέστερον,
1269 2460 1423 2516 εἷπον
1499 2461 1716 2515 κάλλιον

133 2550 294 2609 εἶναι
338 2556 632 2627 ἡσυχάζειν
656 2556 845 2618 αὐτάς.
874 2556 994 2609 Κᾶν
1041 2557 1150 2626 γὰρ
1222 2555 1279 2608 ἐν
1315 2555 1505 2625 ἀγνοίᾳ
1533 2554 1716 2624 ἥμαρ-

137 2663 241 2700 τον
259 2664 277 2678 ο
312 2647 428 2698 ἀλλ’
447 2647 570 2700 ὅσον
591 2647 652 2699 τὸ
675 2648 756 2710 είς
786 2647 958 2709 αὑτὰς
994 2647 1215 2716 πρῶτος
1238 2645 1413 2714 γάμος
1446 2643 1718 2710 λογίζεται

139 2739 330 2792 ἐκεῖνο
358 2715 418 2790 τὸ
449 2737 839 2801 ἀνυπόστατον,
867 2737 959 2790 καὶ
999 2739 1099 2790 οὐκ
1149 2735 1425 2804 ὀφείλουσι
1469 2734 1722 2803 δευτεροσ-

142 2831 426 2902 γαμῆσαι,
457 2831 508 2884 εί
535 2829 612 2900 μὴ
644 2829 926 2900 βούλονται
956 2831 1069 2889 τοῖς
1124 2827 1235 2879 τῶν
1263 2823 1722 2897 δευτερογαμούν-

144 2939 266 2978 των
296 2924 588 2994 ἐπιτιμίοις
609 2925 927 2977 ὑποπεσεῖν.
950 2921 1072 2973 Ἔτι
1101 2919 1371 2988 ἐρωτήσει
1417 2933 1522 2979 τις,
1575 2913 1720 2984 Ἆρα

145 3007 256 3073 atat
280 3015 308 3067 ὁ
336 3015 436 3083 τὴν
465 3015 558 3068 τοῦ
615 3013 955 3085 στρατιώτου
987 3012 1222 3080 γυναῖκα
1253 3010 1312 3062 ιν
1342 3009 1537 3075 ἀγνοίᾳ
1576 3008 1712 3073 ἀγα-

147 3106 390 3177 γὸμενος
414 3105 896 3175 συγγνωσθήσεται
927 3103 1176 3170 ;Λύσίς.
1203 3101 1316 3156 Καὶ
1376 3098 1628 3170 μάλιστα.
1662 3096 1724 3148 Et

1812 1920 2089 1986 dixerunt,
2123 1921 2268 1990 quod
2305 1920 2592 1975 lornicatio
2633 1922 2851 1990 quidem
2903 1923 3195 1982 commissa
3230 1930 3358 1986 est;

1812 2011 1908 2065 sed
1945 2013 2197 2080 quoniam
2224 2014 2443 2076 mulier,
2496 2029 2603 2067 non
2644 2028 2796 2068 more
2838 2013 3211 2078 l'ornicatorio,
3265 2015 3358 2066 sed

1814 2102 2052 2172 legitime
2120 2103 2346 2172 ei,'qui
2410 2104 2637 2159 relictus
2701 2114 2837 2166 erat,
2895 2104 3181 2172 conjuncta
3239 2103 3363 2165 fuit,

1772 2241 1785 2252 ,
1815 2205 2175 2249 scortatorum
2216 2185 2513 2266 pmna'non
2554 2197 2841 2265 punietur;
2872 2195 2962 2249 sed
3002 2195 3161 2265 digna
3188 2195 3358 2249 eccle-

1815 2287 2034 2343 siastica
2070 2287 2457 2340 communione
2493 2286 2828 2357 censebitur,
2859 2301 2959 2340 nec
2995 2286 3086 2339 alii
3110 2287 3367 2358 conjungi

1788 2375 2218 2444 prohibebitur.
2248 2374 2324 2428 Ne
2355 2384 2536 2428 autem
2578 2374 2895 2429 viderentur
2925 2374 3116 2432 Patres
3166 2377 3370 2430 adhor-

1819 2467 1926 2520 tari
1958 2467 2219 2523 mulieres
2255 2466 2320 2521 ad
2356 2467 2409 2521 id
2451 2466 2596 2536 quod
2641 2474 2726 2522 est
2776 2469 2955 2521 minus
3003 2468 3180 2537 pium,
3213 2467 3370 2523 dixe-

1818 2562 1951 2609 runt
2012 2569 2138 2609 esse
2201 2555 2398 2610 melius
2451 2563 2512 2608 ut
2567 2555 2870 2625 quiescant.
2919 2555 3031 2608 Etsi
3079 2557 3221 2610 enim
3276 2572 3372 2625 per

1821 2646 2184 2716 ignorantiam
2233 2654 2527 2716 peccarnnt
2557 2663 2573 2701 :
2609 2646 2704 2703 sed
2729 2648 2873 2717 quod
2910 2645 2975 2701 ad
3018 2661 3110 2701 eas
3155 2648 3370 2715 quidem

1822 2739 2064 2805 attinet,
2121 2737 2356 2808 primum
2428 2738 2835 2794 matrimonium
2899 2748 3180 2806 reputatur
3241 2738 3372 2792 illud

1826 2828 1974 2896 quod
2014 2843 2121 2882 non
2157 2838 2334 2897 potest
2381 2829 2708 2895 consistere,
2763 2841 2864 2882 nec
2907 2830 3103 2882 debent
3131 2830 3374 2883 secundo

1822 2921 2050 2985 nubere,
2101 2919 2209 2973 nisi
2260 2918 2427 2972 velint
2480 2919 2661 2988 pcenis
2692 2933 2904 2982 earum,
2964 2932 3082 2986 quae
3136 2920 3376 2980 secundo

1825 3012 2055 3074 nubunt,
2092 3011 2313 3081 subjici.
2349 3013 2621 3065 Praeterea
2673 3010 3028 3080 interrogabit
3080 3010 3372 3078 quispiam,

1826 3102 2100 3172 Numquid
2127 3113 2180 3157 et
2211 3102 2304 3171 qui
2357 3102 2546 3157 militis
2594 3117 2816 3154 uxorem
2873 3116 2968 3167 per
3021 3102 3376 3168 ignorantiam

149 3199 270 3267 γὰρ
289 3197 489 3266 ὠφελεῖ
526 3196 625 3266 τὴν
652 3198 892 3263 γυναῖκα
912 3196 946 3264 ἡ
964 3195 1179 3261 ἄγνοια,
1204 3190 1384 3259 πολλῷ
1406 3189 1608 3258 μᾶλλον
1633 3188 1720 3239 τὸν

1826 3191 2003 3256 duxit,
2032 3189 2081 3244 ei
2116 3190 2269 3243 venia
2307 3187 2566 3242 dabitur?
2598 3189 2828 3264 Solulio.
2862 3188 3112 3242 Maxime.
3153 3191 3208 3242 Si
3233 3191 3376 3244 enim

148 3290 334 3361 ἄνδρα
373 3289 466 3342 τὸν
526 3288 731 3357 ταύτην
803 3285 1145 3355 ἀγαγόμενον
1218 3277 1732 3349 ἁπροκριμάτιστονε

153 3384 514 3452 συντηρήσει,
556 3381 631 3443 ὡς
672 3378 810 3452 μηδὲ
847 3377 1043 3431 εἰδέναι
1080 3372 1384 3443 ὀφείλοντα.
1428 3370 1491 3422 Τί
1521 3369 1599 3432 δὲ,
1629 3367 1721 3421 τοῦ

155 3476 501 3544 στρατιώτου
522 3470 944 3540 αἱρετισαμένου
975 3468 1075 3537 μὲν
1104 3462 1474 3517 ἀναλαϐέσθαι
1502 3459 1602 3530 τὴν
1642 3460 1722 3510 oi-

156 3565 326 3618 κείαν
355 3562 644 3632 ὁμόζυγον,
669 3561 959 3628 γενήσεται
987 3555 1056 3608 τὰ
1083 3553 1162 3623 τῷ
1212 3551 1399 3604 κανόνι
1474 3546 1724 3617 περιεχό-

160 3670 350 3728 laeva;
389 3651 827 3721 ἀπαναινομένου
858 3647 934 3710 δὲ,
956 3644 1207 3713 οὐδαμῶς
1227 3658 1240 3672 ·
1275 3638 1557 3694 ἀλλ’ἐσται
1586 3637 1724 3728 αὑτὴ

145 3727 313 3820 ’μετὰ
345 3747 435 3799 τοῦ
467 3746 655 3814 ἐτέρου
691 3739 1155 3812 συμϐιοτεύουσας
1188 3736 1397 3798 Λύσις.
1447 3730 1600 3785 Μετὰ
1630 3727 1725 3796 τὴν

159 3841 521 3911 ὑποστροφὴν
551 3837 645 3890 τοῦ
677 3835 1041 3906 στρατιώτου,
1073 3826 1404 3883 ἀπεντεῦθεν
1435 3821 1729 3890 ὁδεύτερος

159 3938 348 4006 γάμος
385 3930 679 3982 διασπᾶται
714 3944 728 3957 ·
763 3935 856 3979 και
878 3927 925 3976 εί
959 3925 1060 3992 μὲν
1105 3922 1246 4004 θέλει
1311 3920 1339 3970 ὁ
1388 3911 1728 4006 στρατιωτης

162 4001 361 4080 λαθεῖν
381 4021 573 4090 αὐτὴν,
596 4018 708 4088 ἔχει
733 4018 818 4066 ἐπ’
844 4013 1024 4074 ἁδείας
1082 4001 1242 4061 τοῦτο
1273 4005 1450 4058 ποιεῖν
1489 4017 1503 4030 ’
1567 4002 1618 4052 εἰ
1670 4001 1727 4051 δὲ

168 4115 281 4186 μὴ.
330 4111 449 4163 οὐδὲ
488 4109 626 4178 μετὰ
703 4104 797 4156 τοῦ
851 4103 1100 4170 δευτέρου
1168 4095 1358 4186 ἀνδρὸς
1399 4091 1726 4186 συνοικήσει.

166 4184 394 4259 Μᾶλλον
422 4201 520 4270 μὲν
545 4193 637 4250 οὖν
659 4198 755 4249 καὶ
789 4195 835 4244 εί
868 4190 1126 4260 ἐπιμείνῃ
1167 4184 1302 4255 μετὰ
1338 4184 1530 4236 τούτου
1585 4196 1728 4246 συμ-

167 4293 524 4356 6ιοτεὺουσα,
562 4286 889 4356 συγγνώμης
927 4284 1025 4334 οὐκ
1070 4279 1452 4346 ἀξιωθήσεται,
1479 4273 1610 4325 ἀλλὰ
1642 4271 1732 4321 καὶ

168 4390 249 4449 ὡς
286 4383 530 4456 μοιχαλὶ,
567 4377 1035 4447 τιμωρηθήσεται.
1082 4372 1324 4430 Ἐκείνας
1359 4369 1466 4436 γὰρ
1487 4380 1733 4450 συγγνω-

178 4457 651 4552 μονείσθαίφασιν
688 4471 738 4522 οἱ
783 4464 1159 4534 Πατέρες,τὰς
1226 4459 1456 4552 ἑτοίμως
1502 4456 1735 4552 αφιστα-

1829 3280 2049 3348 prodest
2082 3279 2294 3332 mulieri
2329 3278 2661 3346 ignorantia,
2694 3279 2864 3332 multo
2895 3281 3063 3349 magis
3101 3291 3153 3334 et
3181 3281 3378 3346 virum,

1827 3370 1922 3439 qtti
1971 3384 2091 3424 eam
2146 3369 2321 3444 duxit,
2388 3370 2694 3424 indemnem
2754 3370 3011 3436 nulloque
3066 3371 3380 3439 prtejudicio

1833 3459 2090 3514 allectum
2136 3461 2506 3522 conservabit,
2549 3471 2606 3512 ut
2637 3460 2728 3526 qui
2759 3475 2829 3513 ne
2858 3461 3000 3514 scire
3037 3461 3253 3527 quidem
3285 3461 3380 3515 de-

1829 3550 1970 3605 beat.
2007 3548 2145 3613 Quid
2191 3564 2344 3615 vero,
2375 3550 2422 3603 si
2453 3550 2607 3603 miles
2662 3563 2814 3602 suam
2876 3565 3096 3604 uxorem
3142 3553 3382 3622 recipere

1829 3642 2089 3708 voluerit,
2122 3657 2191 3695 an
2233 3656 2296 3696 ea
2346 3643 2476 3696 [ient
2513 3657 2634 3708 qua:
2665 3658 2875 3700 canone
2910 3647 3384 3714 comprehendat-:-

1833 3731 1958 3787 tur?
2011 3731 2107 3786 Sin
2161 3742 2345 3787 autem
2398 3744 2636 3798 recuset,
2687 3749 3065 3804 nequaquam;
3121 3736 3213 3790 sed
3265 3736 3382 3806 ipsa

1835 3838 1958 3876 cum
1985 3823 2092 3876 alio
2135 3823 2301 3878 vitam
2358 3824 2664 3893 lransiget?
2692 3823 2925 3883 Salutio.
2975 3825 3102 3879 Post
3151 3826 3383 3880 reditum

1837 3913 2048 3975 militis,
2111 3913 2312 3967 exinde
2371 3917 2670 3968 secundum
2729 3917 3134 3970 matrimonium
3192 3917 3386 3973 dissol-

1841 4003 1987 4056 vitur
2015 4021 2029 4055 :
2065 4012 2118 4057 et
2146 4003 2191 4056 si
2225 4003 2356 4056 velit
2391 4003 2608 4071 quidem
2646 4004 2952 4059 mileseam
3006 4004 3305 4077 suscipere,
3337 4009 3385 4060 ei

1837 4095 1963 4148 licet
1997 4096 2097 4147 hoc
2124 4079 2324 4147 facere.
2363 4092 2456 4147 Sin
2484 4096 2686 4162 minus,
2717 4111 2817 4149 nec
2849 4112 2971 4150 cum
3004 4099 3244 4152 secundo
3267 4083 3390 4166 τιίυί-

1803 4190 1958 4240 .ι1ι;ιη
1998 4187 2120 4260 viro
2143 4185 2494 4240 cobabilabit.
2526 4187 2688 4251 Multo
2722 4189 2892 4256 magis
2938 4198 3115 4241 autem
3161 4190 3206 4242 si
3263 4205 3384 4242 cum

1839 4293 1902 4331 co
1933 4263 2115 4332 vivere
2146 4278 2600 4346 perseveraverit,
2633 4275 2680 4329 ei
2710 4277 2861 4329 venia
2897 4290 3001 4329 non
3019 4275 3260 4338 dabitur,
3294 4280 3386 4332 sed

1841 4380 1899 4421 ut
1931 4368 2173 4420 adultera
2209 4367 2486 4434 punietur.
2526 4365 2634 4417 Illis
2661 4365 2806 4418 enim
2844 4381 2964 4420 esse
3017 4368 3251 4421 dandam
3284 4373 3389 4432 {ve-

1845 4458 1990 4510 niam
2023 4457 2208 4521 dicunt
2238 4454 2450 4518 Patres,
2501 4471 2619 4525 quae
2680 4471 2708 4508 a
2766 4457 3004 4510 secundo
3040 4459 3389 4511 matrimonio

180 4530 350 4643 μένας
369 4567 465 4621 τοῦ
498 4563 752 4631 δευτέρου
790 4552 1144 4622 συνοικεσίου,
1200 4550 1292 4601 καὶ
1349 4544 1720 4611 συντιθεμένας

1845 4556 2092 4619 ντοιιιριο
2120 4547 2400 4612 recedunt,
2436 4556 2490 4602 et
2521 4551 2840 4617 ignorantiae
2887 4557 3170 4612 peccatum
3221 4565 3388 4618 agno-

174 4635 260 4730 τῴ
293 4660 348 4723 ἐξ
371 4656 593 4723 ἀγνοίας
632 4641 990 4724 ἁμαρτήματι
1035 4659 1047 4671 '
1082 4647 1139 4694 ο)
1169 4643 1273 4711 μὴν
1303 4639 1399 4699 τὰς
1474 4635 1730 4730 ἀνθισταο

182 4752 353 4822 μένας
381 4747 476 4799 καὶ
509 4744 606 4813 τὴν
642 4741 884 4812 μοιχείαν
908 4733 1292 4806 προελομένας.
1320 4730 1426 4782 Καὶ
1440 4726 1610 4778 ταῦτα
1636 4724 1736 4793 μὲν

179 4816 210 4895 δ
244 4839 445 4895 κανών.
497 4834 555 4887 '0
578 4834 636 4884 δὲ
666 4829 940 4891 πολιτικὸς
967 4827 1151 4893 νόμος,
1178 4824 1297 4893 ἢτοι
1329 4820 1390 4872 τὸ
1430 4824 1459 4870 ι’
1485 4834 1612 4886 κεφ,
1641 4816 1735 4868 τοῦ

183 4935 236 4997 ζ’
269 4929 446 4982 τίτλον
472 4925 568 4978 τοῦ
599 4929 681 4990 κη’
706 4922 869 4990 ﬁmi",
893 4922 1029 4986 ὅπερ
1058 4916 1172 4966 ἐστὶ
1202 4912 1370 4980 νεαρὰ
1431 4908 1742 4961 Ὶουστινιά-

183 5035 330 5082 veto;
359 5014 485 5087 ριξ,
524 5013 660 5083 φησι
679 5015 766 5071 τὰς
799 5012 1061 5074 γυναῖκας
1090 5003 1196 5054 τῶν
1233 5003 1289 5052 ἐν
1326 4998 1615 5062 ταξατιώνι
1649 4998 1741 5048 θν-

183 5129 297 5164 των
337 5112 432 5162 καὶ
465 5101 752 5174 στρατείας
783 5095 1231 5165 καταλεγομένων
1270 5090 1620 5160 στρατιωτῶν
1647 5087 1740 5139 καὶ

182 5206 402 5259 λοιπῶν
430 5198 746 5272 περιμένειν
777 5194 872 5262 τὴν
905 5189 1197 5259 ἐπιδημίαν
1221 5186 1328 5237 τῶν
1355 5184 1588 5253 ἀνδρῶν,
1620 5181 1725 5233 κᾶν

184 5301 311 5360 ὅσος
337 5293 587 5364 παρέλθῃ
610 5288 798 5360 χρόνος
818 5301 831 5315 ο
869 5286 960 5335 καὶ
993 5283 1092 5334 κᾶν
1124 5279 1381 5342 δέξωνται
1437 5275 1740 5343 γράμματα

188 5383 645 5455 πληροφορητικὰ
671 5379 766 5431 τοῦ
794 5374 1023 5428 θανάτου
1076 5371 1273 5434 αὐτῶν,
1323 5366 1616 5434 ἀναμένειν
1649 5364 1743 5414 καὶ

187 5482 381 5546 ἓτερον
416 5478 686 5538 ἐνιαυτὸν,
719 5473 813 5526 καὶ
847 5472 984 5539 μετὰ
1007 5464 1164 5517 τοῦτο
1193 5462 1568 5531 συγγνωστέον
1601 5456 1744 5511 εἶναι

187 5573 288 5626 τὸν
321 5568 459 5639 μετὰ
489 5566 679 5634 ἐτέρου
706 5563 897 5631 ἀνδρὸς
956 5562 1131 5625 γάμον
1185 5557 1410 5621 ταύτης,
1477 5555 1550 5620 μὴ
1594 5551 1743 5617 ὀφεει-

187 5662 358 5716 λοντα
405 5642 827 5720 διασπασθῆναι,
873 5649 934 5701 Ἡ
973 5652 1151 5717 μέντοι
1201 5643 1281 5712 κβ⁹
1325 5642 1745 5713 Ὶουστινιάνειος

188 5750 524 5824 νεαρὰ,ῆτοι
563 5745 624 5796 τὸ
654 5748 849 5808 εἴκεφ.
906 5741 997 5791 τοὺ
1043 5736 1088 5802 ς’
1118 5738 1292 5788 τίτλου
1327 5733 1418 5785 τοῦ
1475 5730 1556 5800 κη’
1601 5732 1742 5798 βιὸλ.

188 5840 491 5911 διορίζεται
541 5835 632 5889 ἐπὶ
658 5831 976 5886 πενταετίαν
1005 5831 1295 5895 ἀναμένειν
1355 5828 1450 5895 τὴν
1501 5826 1733 5890 γ’)ναῖκλ

1846 4647 2049 4694 scunt:
2098 4654 2201 4693 non
2241 4651 2423 4693 autem
2477 4653 2596 4707 quae
2629 4639 2905 4690 resistunt
2953 4646 3006 4692 et
3061 4639 3386 4692 adulterinum

1841 4733 2068 4801 eligunt.
2100 4731 2164 4784 Et
2197 4731 2310 4782 [nec
2353 4727 2572 4795 quidem
2621 4741 2817 4781 canon.
2869 4727 2977 4782 Lex
3033 4741 3211 4783 autem
3239 4729 3392 4798 Scivi-

1844 4822 1933 4885 lis,
1966 4820 2027 4871 l0
2077 4819 2285 4873 scilicet
2341 4833 2460 4886 cap.
2494 4819 2524 4870 7
2577 4822 2659 4871 tit.
2692 4834 2855 4872 xxvut
2905 4819 3024 4882 Iib.,
3073 4820 3217 4889 quod
3265 4819 3392 4898 qui:-

1845 4912 1966 4965 dem
1998 4915 2078 4961 est
2127 4907 2337 4961 novella
2382 4907 2583 4961 Justin.
2618 4909 2710 4962 H'l
2750 4909 2880 4962 dicit
2935 4925 3132 4963 uxores
3179 4923 3390 4974 eorum,

1846 5001 1935 5069 qui
1965 5009 2092 5053 sunt
2155 5002 2205 5051 in
2259 5001 2394 5064 acie,
2448 5008 2502 5051 et
2557 4999 2612 5052 in
2672 5001 2935 5053 militares
2979 4998 3198 5052 ordines
3238 5000 3392 5052 relati

1848 5098 1994 5152 sunt,
2038 5087 2269 5140 militum
2322 5098 2374 5141 ct
2430 5089 2784 5158 reliquorum,
2834 5088 3029 5141 debere
3077 5097 3395 5157 exspectaro

1848 5182 2163 5234 mazitorum
2197 5181 2454 5244 reditum,
2496 5188 2980 5248 quantumcunque
3015 5186 3225 5244 tempus
3255 5193 3394 5248 pra:—

1848 5273 2054 5328 terierit
2083 5291 2095 5325 :
2131 5285 2182 5326 et
2213 5272 2422 5325 etiamsi
2455 5271 2519 5323 de
2551 5271 2671 5337 ejus
2703 5276 2874 5321 morte
2902 5269 3098 5320 litteris
3128 5270 3391 5322 certiores

1849 5367 2004 5422 faeta!
2066 5366 2314 5424 luerunt,
2379 5362 2579 5414 debere
2633 5374 2851 5429 quoque
2903 5362 3133 5412 alterum
3190 5373 3388 5412 annum

1849 5465 2186 5526 exspectare,
2219 5461 2273 5506 et
2314 5454 2359 5504 ei
2401 5460 2586 5520 postea
2621 5451 2828 5502 veniam
2868 5448 3099 5502 dandam
3152 5461 3292 5508 esse,
3344 5447 3388 5498 si

1850 5564 1973 5602 cum
2000 5548 2106 5598 alio
2138 5547 2253 5596 viro
2291 5543 2696 5594 matrimonium
2729 5541 3043 5602 contrahat,
3093 5541 3232 5606 quod
3266 5551 3396 5610 .non

1831 5639 2007 5691 debet
2039 5635 2301 5702 separati.
2331 5631 2600 5684 Vicesitna
2629 5642 2806 5698 autem
2836 5630 3068 5683 secunda
3102 5625 3392 5678 Justiniaui

1854 5718 2102 5789 ti‘oVella,
2140 5727 2254 5779 sive
2316 5725 2346 5777 5
2402 5733 2565 5793 caput
2605 5723 2644 5774 '7
2696 5728 2778 5775 tit.
2845 5735 3004 5773 xxvnl
3060 5717 3152 5778 lib,
3209 5726 3396 5770 statuit

1852 5798 2228 5886 quinquennio
2264 5818 2458 5869 debere
2490 5809 2805 5884 exspectare
2832 5811 3122 5865 mulierem
3167 5811 3247 5864 vel
3281 5809 3394 5862 nia-
