3968 6346
106 434 208 494 8‘37

1155 439 1234 497 ιΝ
1277 439 1441 496 (IAN-
1488 438 1659 499 XCIV
1703 439 1911 499 CONC.
1941 441 2020 500 ΙΝ
2058 443 2384 507 TRULLO.

3226 461 3330 523 838

108 548 340 598 ποιεῖται
372 549 681 616 ἀκρίϐειαν,
718 550 860 603 ὥστε
898 557 972 621 μὴ
1015 552 1225 620 ἑτέροις
1267 552 1657 618 συνάπτεσθαι,

1777 569 1934 622 quam
1979 558 2396 628 diligentissime
2439 566 2617 638 legum
2665 573 2905 628 civilium
2949 580 3331 649 sanctionibus

108 638 154 688 ει
184 637 410 703 μάθοιεν
443 641 747 710 ἀνῃρῆσθαι
782 643 905 704 τοὺς
931 642 1129 713 ἄνδρας
1154 642 1357 706 αὐτῶν,
1391 643 1438 693 εἰ
1468 644 1541 710 μὴ
1565 644 1662 706 τὰς

109 731 527 798 παρατηρήσεις
586 732 918 798 φυλάξαιεν,
983 733 1048 796 ἃς
1105 735 1140 802 ἡ
1222 734 1658 804 ἑπτακαιδεκάτη

111 818 279 888 νεαρὰ
303 821 828 893 περιέχει,·κειμένη
858 825 936 884 είς
968 822 1171 893 βιϐλίον
1216 824 1322 874 τῶν
1364 821 1666 874 Βασιλικῶν

109 909 354 960 εἰκοστὸν
383 911 585 977 ὃγδοον,
613 913 788 968 τίτλον
837 913 880 980 ζ’
933 932 1059 982 κεφ.
1093 915 1158 977 ζ’.
1188 914 1248 967 Ei
1278 912 1333 966 δέ
1361 930 1466 976 τις,
1501 916 1664 983 φησιν

107 996 134 1044 6
162 995 344 1048 κανὼν
375 994 552 1062 οὗτος,
581 1001 719 1071 γυνὴ
744 1005 1049 1074 συνοικήσει
1077 1003 1152 1072 τῷ
1177 1003 1312 1072 προς
1344 1003 1536 1069 καιρὸν
1566 1021 1663 1055 κα-

115 1083 458 1153 ταλειφθέντι
498 1092 648 1158 παρὰ
675 1091 774 1157 τῆς
808 1092 945 1154 [δίας
980 1093 1272 1158 γυναικὸς,
1305 1092 1574 1159 ἀγνοοῦσα
1604 1095 1662 1145 το

113 1177 367 1245 πρᾶγμα,
421 1175 540 1231 εἶτα
591 1183 994 1253 ἐπανελθούσης
1044 1184 1142 1253 τῆς
1194 1185 1464 1253 προτέρας
1498 1185 1660 1238 αὑτοῦ

107 1267 365 1331 γυναικὸς
399 1271 733 1342 άποπεμφθῇ
787 1276 816 1342 ἡ
862 1276 1010 1344 αύτῴ
1061 1277 1198 1329 κατὰ
1223 1277 1474 1346 δεύτερον
1522 1281 1661 1348 τάχα

107 1358 478 1426 συνοικήσασα
521 1363 718 1430 γάμον,
773 1365 849 1425 ὡς
896 1365 1262 1434 πορνεύσασα,
1314 1369 1408 1418 καὶ
1457 1368 1553 1436 οὑχ
1589 1370 1664 1430 ὡς

113 1448 362 1514 μοιχαλὶς
396 1453 951 1523 καταδικασθήσεται,
986 1459 1077 1509 καὶ
1127 1460 1172 1508 εἰ
1207 1457 1455 1524 βούλεται
1491 1461 1663 1530 ἑτέρῳ

116 1539 269 1607 ἀνδρὶ
296 1541 511 1610 νομίμῳ
539 1545 817 1610 γενέσθαι,
849 1547 908 1599 οὑ
942 1548 1342 1618 κωλυθήσεται.
1374 1550 1483 1602 Καὶ
1508 1553 1660 1604 τοῦτο

106 1628 154 1679 δὲ
180 1629 274 1683 τοῦ
297 1633 533 1700 μεγάλου
566 1634 847 1690 Βασιλείου
875 1640 1054 1692 κανών
1086 1641 1200 1691 ἐστι
1230 1643 1662 1710 τεσσαρακοστὺς

114 1721 294 1783 ἕκτος.
329 1721 388 1775 Et
419 1725 475 1776 δὲ
513 1725 846 1794 στρατιώτου
878 1731 1014 1798 γυνὴ
1040 1731 1114 1790 ὡς
1144 1731 1236 1783 τοῦ
1273 1732 1462 1800 ἀνδρὸς
1497 1734 1665 1803 αὐτῆς

111 1809 358 1874 θανόντος
381 1813 564 1884 ἕτερον
590 1815 765 1880 λάϐοι,
795 1815 914 1873 εἶτα
939 1819 1224 1872 ἐπανέλθοι
1254 1821 1279 1871 6
1305 1821 1661 1890 στρατιώτης,

1776 651 1996 696 cautum
2025 657 2142 712 est;
2182 660 2238 702 ut
2263 659 2508 721 quamvis
2537 667 2784 716 nuntiato
2817 669 3053 725 virorum
3083 676 3328 746 interitu,

1777 743 2112 801 nontamen,
2167 740 2270 795 nisi
2309 743 2377 796 iis
2407 750 2660 805 oninibus
2697 771 2815 820 qua:
2849 759 3059 817 decima
3094 740 3328 836 septima

1768 827 1986 880 novella
2035 827 2087 882 in
2135 831 2273 884 libro
2303 836 2560 891 vicesimo
2608 855 2816 909 Octavo,
2859 851 3014 906 titulo
3061 827 3330 928 διιμιὶιηο,

1776 929 1893 982 cap.
1922 919 2151 986 septimo
2181 921 2397 978 Basilic.
2444 930 2614 994 posita
2665 939 3016 994 continentur
3076 919 3326 1013 servatis,

1777 1003 1931 1058 alteri
1961 1009 2191 1074 cuipiam
2233 1014 2462 1066 nubant.
2499 1014 2551 1069 Si
2590 1037 2710 1088 quae
2748 1041 2871 1078 vero
2907 1032 3118 1094 mulier,
3151 1003 3330 1105 inquii.

1780 1094 1864 1146 bic
1900 1112 2096 1158 canon,
2156 1100 2268 1154 viro
2320 1105 2386 1156 ad
2430 1117 2640 1172 tempus
2674 1114 2738 1163 ab
2767 1131 2935 1172 uxore
2976 1135 3070 1173 sua
3118 1094 3352 1190 relicto;

1778 1186 1979 1242 factum
2006 1193 2281 1261 ignorans,
2320 1205 2590 1268 nupserit,
2625 1217 2734 1258 tum
2776 1227 2939 1265 UXUI'C
2965 1217 3141 1282 priore
3177 1211 3329 1275 rede-

1781 1289 1906 1330 uute
1937 1282 2002 1333 ab
2040 1285 2126 1337 illo
2151 1285 2374 1342 dimissa
2411 1293 2588 1358 fuerit,
2619 1313 2738 1349 cum
2769 1317 2874 1366 quo
2908 1308 3161 1361 secundis
3196 1312 3328 1364 forte

1781 1370 1979 1435 nuptiis
2008 1375 2253 1440 repulata
2296 1381 2569 1435 coirerat:
2605 1388 2776 1440 instar
2806 1390 3194 1456 luruicatricis.
3222 1418 3325 1453 ιιι-ιι

1779 1467 1835 1509 ιιι
1876 1459 2119 1514 adultera
2167 1468 2648 1537 condemnabitur,
2696 1492 2796 1530 nec
2842 1481 3157 1550 quidquam,
3195 1505 3330 1553 ιιι-οι

1777 1548 1978 1611 minus,
2027 1550 2072 1602 si
2101 1553 2250 1616 velit,
2294 1557 2448 1609 alteri
2481 1560 2595 1613 viro
2630 1564 2818 1630 nubat,
2852 1548 3108 1625 obstabit.
3144 1548 3321 1644 Atque

1777 1641 1878 1691 hoc
1942 1656 2157 1709 quoque
2230 1650 2403 1716 magni
2457 1651 2583 1703 item
2653 1654 2836 1709 Basilii
2901 1641 3324 1735 quadragesimo

1775 1737 1927 1783 sexto
1961 1747 2170 1787 canone
2193 1744 2543 1794 constitutum
2566 1755 2670 1798 est.
2693 1749 2847 1810 Quod
2875 1753 2921 1804 si
2954 1771 3090 1808 uxor
3119 1761 3325 1820 militis.

1779 1820 2027 1872 maritum
2063 1824 2335 1882 interiisse
2398 1842 2536 1895 rata,
2568 1837 2719 1890 alteri
2757 1845 3025 1908 nupserit,
3063 1862 3124 1899 ac
3151 1866 3328 1902 rever-

109 1903 154 1952 εί
194 1902 473 1971 βούλεται,
518 1907 749 1976 λήψεται
794 1910 891 1979 τὴν
921 1909 1128 1963 οἰκείαν
1160 1913 1395 1980 γυναῖκα
1423 1929 1669 1982 συγγνω-

1777 1917 1914 1962 tatur
1967 1923 2146 1979 postea
2184 1919 2356 1981 miles,
2384 1938 2534 1975 suam
2576 1927 2642 1990 is,
2683 1923 2752 1984 si.
2803 1935 3055 1999 voluerit,
3103 1938 3323 1992 uxui'em

114 1997 444 2067 μονουμένην
466 1999 551 2050 διὰ
582 2000 679 2068 τὴν
698 2000 939 2066 ἄγνοιαν,
969 2001 1109 2053 ὥστε
1145 2003 1219 2070 μὴ
1247 2002 1666 2074 ὲπιτιμηθῆναι,

117 2084 372 2138 ἁλλόύδὲ
415 2091 444 2140 6
480 2090 653 2160 ταύτῃ
707 2093 951 2160 νομίμως
999 2094 1292 2161 συναφθεὶς
1329 2095 1666 2165 ιπιτιμηθή-

116 2191 259 2230 σεται
282 2180 368 2231 διὰ
398 2181 494 2247 τὴν
521 2182 690 2252 αὐτὴν
719 2184 922 2238 αἰτίαν.

113 2269 327 2323 ΑΡΙΣΤ.
391 2290 409 2322 ι
462 2272 680 2343 Ἀνδρος
722 2274 1155 2342 άφαντουμένου,
1194 2277 1228 2346 ἡ
1289 2275 1396 2345 πρὸ
1427 2277 1518 2329 τοῦ
1549 2294 1667 2329 πει-

188 2378 207 2413 »
253 2363 445 2429 σθῆναι
497 2365 736 2418 λαϐοῦσα
793 2368 1047 2436 μοιχᾶται
1087 2384 1102 2401 ο
1139 2370 1166 2421 6
1215 2367 1271 2420 δὲ
1323 2370 1670 2439 ὑποστρέψας

193 2469 213 2502 ι
253 2453 414 2521 ἀνὴρ,
445 2456 493 2504 εἰ
527 2457 859 2525 προῄρηται,
894 2457 1126 2526 λήψεται
1157 2459 1347 2527 αὑτήν.
1387 2477 1406 2509 ι

188 2636 400 2708 Συνᾴεει
433 2638 508 2706 τῷ
536 2639 759 2708 παρόντι
790 2641 972 2693 κανόνι
1005 2640 1099 2692 καὶ
1128 2642 1160 2712 ἡ
1210 2643 1474 2711 ὲκατοστὴ
1507 2643 1672 2694 ἑπτα-

121 2725 409 2793 καιδεκάτη
473 2727 905 2791 Ἰουστινιάνειος
951 2729 1120 2798 νεαρὰ
1145 2769 1159 2795 ,
1196 2732 1228 2798 ἡ
1266 2731 1322 2782 ὲν
1352 2731 1428 2798 τῷ
1460 2731 1672 2798 ἑϐδόμῳ

121 2814 274 2883 τίτλῳ
320 2815 413 2867 τοῦ
459 2817 707 2869 εἰκοστοῦ
751 2819 939 2887 ὀγδόου
984 2820 1197 2888 βιῦλίου
1228 2821 1335 2875 τῶν
1376 2823 1673 2875 Βασιλικῶν

126 2907 340 2976 κειμένη
377 2924 390 2937 ο
426 2909 757 2976 προστάττει
810 2909 918 2977 γὰρ
955 2912 1207 2978 κάκείνη,
1257 2912 1354 2975 ὡς,
1407 2913 1501 2963 ἐὰν
1534 2914 1671 2982 γυνὴ

127 2999 453 3070 στρατιώτην
486 3001 584 3069 ἔχῃ
611 3000 801 3069 ἄνδρα,
837 3004 930 3053 καὶ
957 3003 1014 3052 ὲν
1044 3001 1368 3071 ὲκστρατείᾳ
1396 3003 1672 3072 ἀποδημῇ,

125 3089 214 3139 καὶ
243 3090 386 3160 μάθῃ
415 3091 604 3143 τοῦτον
643 3091 1102 3161 τετελευτηκέναι,
1144 3092 1219 3161 μὴ
1253 3091 1424 3154 άλλως
1453 3094 1529 3155 είς
1559 3095 1674 3145 ὲτὲο

131 3195 246 3242 ρους
285 3181 454 3250 αὑτὴν
499 3183 759 3250 ἔρχεσθαι
808 3183 1058 3252 γάμους,
1103 3185 1150 3235 εί
1187 3182 1260 3252 μὴ
1297 3186 1676 3255 πληροφορίαν

130 3272 222 3338 σχῇ
276 3271 425 3339 παρὰ
473 3272 583 3323 τῶν
636 3271 868 3340 πρώτων
916 3278 1010 3323 τοῦ
1047 3272 1282 3340 ἀριθμοῦ
1315 3275 1372 3323 ἐν
1406 3269 1449 3338 ᾦ
1480 3276 1508 3323 6
1536 3275 1674 3344 ἀνὴρ

129 3361 286 3428 αὐτῆς
313 3358 735 3430 ἐστρατεύσατο,
772 3361 1148 3430 προκειμένων
1174 3359 1283 3411 τῶν
1312 3360 1476 3427 ἁγίων
1502 3362 1674 3427 Εὐαγ-

130 3451 310 3516 γελίων
331 3455 426 3504 καὶ
443 3453 536 3504 ἐπὶ
566 3451 817 3521 πράξεως
839 3451 1246 3522 ὑπομνημάτων
1269 3451 1673 3520 ὁμολογούντων

133 3543 201 3604 ὡς
229 3548 342 3605 ταῖς
376 3545 661 3612 ἀληθείαις
691 3548 718 3597 6
744 3546 883 3615 ἀνὴρ
912 3547 1081 3614 αὐτῆς
1112 3544 1449 3615 ἐτελεύτησε,
1479 3544 1573 3596 καὶ
1607 3543 1673 3596 τὰ

132 3634 341 3686 τοιαῦτα
379 3610 755 3703 ὑπομνήματα
787 3610 926 3703 λάθῃ
950 3673 963 3695 ,
1000 3610 1093 3685 καὶ
1132 3610 1395 3700 μεταίτην
1417 3633 1673 3700 τοιαύτην

136 3725 502 3795 πληροφορίαν
536 3726 805 3797 ἀναμείνῃ
831 3729 924 3776 καὶ
957 3724 1072 3785 ἑνὸς
1100 3717 1348 3775 ἐνιαυτοῦ
1379 3723 1669 3791 διάστημα.

138 3814 274 3866 Εἰᾶ
325 3817 476 3886 παρὰ
528 3816 628 3885 τὴν
670 3817 1054 3887 παρατήρησιν
1103 3813 1307 3883 ταύτην
1365 3819 1443 3877 είς
1489 3814 1674 3884 ἕτερον

135 3906 252 3978 ἔλθῃ
302 3909 478 3976 γάμον
535 3910 628 3960 καὶ
661 3892 830 3976 αὑτὴν
874 3909 969 3961 καὶ
1002 3910 1096 3960 τὸν
1128 3910 1468 3977 ἀγαγόμενον
1507 3911 1674 3979 αὐτὴν

135 3995 198 4054 ὼς
226 3998 434 4064 μοιχοὺς
487 3997 870 4065 τιμωρεῖσθαι.
916 3998 976 4048 Ei
1012 3997 1068 4048 δὲ
1113 3998 1211 4065 τῆς
1241 4001 1674 4068 παρατηρήσεως

138 4090 321 4158 ταύτης
351 4093 677 4160 γενομένης,
703 4091 1000 4160 εὑρεθῶσιν
1027 4091 1078 4142 οἱ
1113 4091 1230 4159 μεθ’
1275 4090 1437 4159 ὅρκου
1471 4092 1673 4160 πληρο-

140 4181 456 4251 φορήσαντες
520 4184 711 4251 αὑτὴνσ
745 4182 1111 4254 ψευδόμενοι,
1174 4184 1367 4245 αὑτοὺς
1427 4185 1523 4253 μὲν
1576 4184 1675 4252 τῆς

142 4275 409 4340 στρατείας
442 4275 914 4343 ἀπογυμνοῦσθαι,
941 4277 1031 4327 καὶ
1059 4275 1192 4328 δέκα
1225 4277 1425 4346 λιτρῶν
1453 4277 1673 4345 χρυσίου

143 4364 312 4435 ποινὴν
341 4369 478 4435 πρὸς
519 4368 750 4431 ἐκεῖνον,
785 4366 844 4416 ὃν
878 4354 1174 4442 ἐψεύσαντο
1208 4367 1671 4435 τετελευτηκέναι,

145 4457 438 4512 καταθεῖναι
472 4457 912 4528 παρακελεύεται
946 4472 960 4484 ·
1003 4451 1167 4508 αύτδν
1196 4457 1271 4518 δὲ,
1321 4459 1369 4508 εί
1415 4458 1672 4527 βουληθῇ,

145 4544 227 4613 τὴν
253 4546 379 4599 ἰδίαν
412 4548 658 4618 γαμετὴν
682 4549 968 4601 ἀναλαϐεῖν
995 4547 1054 4597 οὑ
1078 4546 1296 4599 κωλύει.

716 4638 944 4694 KANQN
983 4635 1092 4703 HA'.

154 4728 334 4791 «Τοὺς
387 4731 692 4796 ὀμνύοντας
762 4733 956 4801 ὅρκους
1028 4729 1373 4796 Ἑλληνικοὺς
1421 4731 1448 4781 6
1500 4729 1678 4785 κανὼν

216 4840 230 4870 ι
282 4822 574 4889 ἐπιτιμίοις
629 4823 1026 4875 καθυποὸάλλει
1062 4834 1076 4847 ⁸
1125 4824 1218 4873 καὶ
1262 4824 1419 4891 ἡμεῖς
1469 4825 1678 4885 τούτοις

212 4933 228 4963 ι
269 4913 354 4965 τὸν
387 4914 687 4980 άφορισμὸν
717 4915 986 4984 ὁρίζομεν.
1028 4930 1045 4963 ι

205 5006 388 5058 ΒΛΛΣ.
429 5006 495 5056 'O
528 5004 694 5071 μέγας
719 5005 1004 5066 “miluo;
1064 5005 1120 5054 ἐν
1177 5005 1361 5055 κανόνι
1409 5007 1498 5057 πα’
1555 5009 1677 5057 ἐπι·

147 5099 328 5165 τιμίοις
356 5095 756 5151 καθυποσάλλει
783 5099 843 5147 οὐ
891 5100 1052 5165 μόνον
1091 5096 1216 5157 τοὺς
1266 5095 1528 5158 ἑκουσίως
1572 5098 1680 5149 τῶν

148 5183 492 5256 δσιμονιωδῶν
527 5189 786 5256 θυμάτων
823 5188 1131 5258 ἁψαμένους
1161 5227 1176 5251 ,
1228 5188 1319 5238 καὶ
1375 5186 1677 5254 ὀμόσαντας

161 5275 490 5350 Ἑλληνικοὺς
541 5284 752 5352 ὅρκους,
802 5279 934 5331 ἀλλὰ
988 5281 1081 5332 καὶ
1133 5280 1256 5341 τοὺς
1292 5280 1555 5340 ἀκουσίως
1601 5281 1679 5342 είς

158 5369 296 5425 τοῦτο
327 5374 757 5443 συνωθηθέντας.
812 5370 1144 5432 Ἀκολούθως
1191 5367 1286 5424 οῦν
1337 5372 1417 5439 τῷ
1457 5373 1678 5444 τοιούτῳ

159 5460 319 5516 κανόνι
348 5466 443 5517 καὶ
466 5468 494 5518 6
519 5465 711 5536 παρὼν
737 5462 987 5534 ἀφορίζει
1017 5461 1260 5523 τούτους.
1302 5461 1599 5532 Ἐλληνικοὶ
1624 5465 1678 5515 δὲ

159 5551 288 5621 ὅρκοι
340 5555 476 5607 εἰσιν
529 5559 577 5608 οἱ
609 5557 757 5627 παρὰ
795 5556 900 5608 τῶν
943 5555 1208 5622 Ἑλλήνων
1249 5552 1559 5621 ὀμνύμενοι.
1616 5555 1679 5605 Οί

163 5645 245 5710 μὲν
297 5647 423 5717 γὰρ,
494 5651 574 5711 είς
638 5648 1021 5716 ψευδωνύμους
1083 5647 1234 5708 θεοὺς
1310 5644 1676 5709 πιστεύοντες,

161 5734 352 5802 ὤμνυον
400 5741 477 5801 είς
511 5740 580 5793 τὰ
625 5739 829 5807 Ιτούτων
873 5740 1112 5808 ὀνόματα
1142 5753 1157 5769 ο
1197 5737 1344 5789 ἄλλοι
1395 5737 1678 5787 ἐπίστευον

165 5828 232 5890 εἰς
264 5830 324 5886 τὰ
356 5833 611 5901 στοιχεῖα,
646 5829 740 5883 καὶ
771 5829 949 5899 ἕτεροι
982 5832 1060 5893 είς
1093 5829 1228 5884 άλλα
1261 5828 1399 5881 τινά.
1441 5826 1675 5895 Ἐρωτή-

1698 4550 1751 4608 D

1778 2002 2036 2068 recipiet;
2075 2008 2158 2057 cui
2210 2010 2426 2077 quidem
2478 2015 2546 2067 ob
2596 2017 2960 2086 ignorantiam
3025 2023 3325 2095 ignoscitur

1776 2089 1907 2145 adeo
1950 2105 2001 2144 ut
2042 2112 2144 2149 non
2182 2101 2472 2165 puniatur;
2507 2108 2801 2173 quinetiam
2837 2116 3024 2178 necis,
3072 2117 3164 2186 qui
3209 2136 3324 2174 eam

1775 2182 2011 2248 legitime
2043 2187 2217 2250 duxit,
2254 2193 2397 2244 illam
2422 2196 2490 2248 ob
2518 2213 2736 2252 causam
2775 2205 3056 2269 punietur.

1773 2273 2004 2328 AltlSl‘.
2065 2295 2082 2327 ι
2117 2280 2241 2332 Viro
2291 2297 2392 2335 non
2438 2299 2732 2354 apparente
2759 2331 2772 2354 ,
2823 2311 2942 2363 mite
2981 2298 3144 2351 alium
3182 2307 3330 2372 prius

1849 2385 1867 2416 ι
1906 2372 2196 2449 acceperit.
2229 2388 2385 2442 quam
2431 2381 2629 2433 certior
2664 2383 2801 2436 farta
2834 2387 2923 2449 sit,
2968 2390 3325 2448 adulti-ratur.

1851 2474 1867 2504 ι
1908 2455 1998 2508 Vir
2046 2469 2223 2513 autem
2278 2479 2565 2545 reversus,
2627 2472 2670 2523 si
2721 2474 3127 2539 voluerit,eam
3189 2487 3327 2536 reci-

1851 2563 1869 2595 ι
1916 2548 2042 2612 piet.
2075 2568 2092 2598 ι

1846 2638 2096 2692 Curicinit
2133 2647 2382 2710 praesenti
2429 2651 2624 2703 canoni
2677 2663 2727 2706 et
2769 2661 3062 2712 centesima
3118 2663 3323 2717 decima

1779 2730 2304 2796 septimaJustiniani
2327 2742 2528 2792 novella
2557 2743 2604 2794 in
2634 2748 2864 2814 ευριίιιιο
2903 2747 3056 2802 titulo
3089 2752 3328 2807 vicesimi

1778 2821 1951 2871 octavi
1974 2823 2135 2891 270
2164 2827 2282 2878 libri
2313 2828 2527 2884 Basilio.
2556 2821 2755 2899 posita.
2793 2835 2885 2889 Illa
2924 2842 3118 2892 etenim
3147 2843 3322 2908 jubet,

1778 2909 1922 2975 quod
1956 2913 1998 2962 si
2033 2915 2228 2967 mulier
2259 2917 2476 2971 militem
2519 2922 2770 2978 habuerit
2796 2928 2992 2986 vitum,
3019 2933 3107 2998 qui
3145 2933 3197 2983 in
3230 2949 3341 2985 ex-'

1777 3000 2045 3066 peditione
2077 3018 2295 3074 peregre
2332 3007 2605 3076 profectus
2638 3018 2727 3074 sit,
2767 3030 2830 3068 ea
2863 3027 3041 3071 autem
3071 3020 3323 3074 didicerit

1782 3093 1930 3152 illum
1963 3107 2189 3151 mortem
2223 3100 2463 3166 obiisse;
2512 3120 2620 3158 non
2664 3107 2822 3161 aliter
2859 3125 2919 3164 ea
2947 3112 3079 3166 alias
3109 3117 3324 3180 nuptias

1782 3185 1945 3250 ineat,
1997 3189 2098 3243 nisi
2138 3207 2233 3259 pro
2267 3207 2417 3248 certo
2453 3196 2700 3251 habuerit
2729 3215 2758 3252 a
2806 3203 2996 3270 primis
3028 3206 3232 3257 numeri
3273 3206 3324 3257 in

1776 3290 1884 3342 quo
1941 3278 2020 3330 vir
2055 3280 2173 3346 ejus
2219 3285 2501 3350 militabat,
2553 3290 2844 3357 propositis
2900 3292 3061 3344 etiam
3120 3297 3327 3347 sanctis

1775 3363 2079 3434 Evangeliis
2118 3380 2173 3423 et
2215 3388 2309 3439 per
2351 3378 2582 3429 actionis
2621 3389 2971 3433 lueiiumenla
3017 3381 3329 3435 conﬁtenti-

1777 3461 1897 3522 bus,
1933 3462 2074 3528 quod
2108 3465 2187 3515 vir
2209 3465 2327 3533 ejus
2357 3482 2542 3520 revera
2578 3470 2682 3522 vita
2715 3471 3009 3528 defunctus
3037 3477 3125 3539 sit,
3155 3489 3205 3528 et
3228 3478 3327 3529 bu-

1771 3549 2010 3632 jusm_odi
2054 3569 2398 3611 monumenta
2429 3563 2718 3629 acceperit,
2755 3574 2806 3615 et
2836 3574 2958 3632 post
2989 3575 3190 3618 certam
3225 3569 3325 3620 bu-

1770 3623 2007 3706 jusm’odi
2042 3649 2472 3711 persuasionem,
2510 3653 2669 3704 unius
2710 3656 2875 3708 etiam
2921 3658 3045 3709 anui
3091 3660 3322 3727 spatium

1775 3735 2056 3786 manserit.
2113 3734 2168 3787 Si
2227 3747 2406 3790 autem
2455 3743 2834 3812 praeter‘hanc
2887 3747 3321 3802 observationem

1778 3821 1914 3876 alias
1947 3824 2164 3891 nuptias
2190 3826 2433 3891 iniven’t,
2463 3839 2518 3884 et
2545 3832 2655 3896 illa,
2694 3841 2746 3886 et
2787 3836 2882 3902 qui
2915 3850 3032 3887 eam
3060 3837 3231 3899 ducit,
3269 3849 3325 3888 ut

1777 3911 2007 3964 adulteri
2038 3916 2296 3979 puniendi
2323 3924 2472 3968 sunt.
2513 3918 2567 3969 Si
2613 3930 2793 3973 autem
2831 3923 2930 3977 hac
2970 3924 3108 3977 facta
3141 3926 3327 3978 obser-

1777 4006 1990 4058 vatione
2023 4006 2131 4070 isti,
2167 4008 2258 4075 qui
2288 4022 2408 4060 cum
2432 4010 2740 4076 juramento
2773 4028 2888 4065 eam
2927 4016 3176 4070 fecerunt
3202 4034 3322 4071 cer-

1777 4094 1991 4160 tiorem,
2024 4098 2234 4151 mentiti
2264 4099 2431 4153 fuisse
2471 4101 2981 4170 deprehemlantur;
3019 4107 3151 4160 istos
3183 4112 3326 4161 mili-

1779 4188 1852 4240 tia
1889 4188 2241 4244 denudandos
2296 4207 2443 4254 esse,
2509 4201 2563 4245 et
2622 4195 2808 4250 decem
2883 4197 3143 4251 librarum
3207 4202 3323 4252 auri

1777 4296 1990 4348 paenam
2036 4283 2129 4345 ei,
2187 4299 2346 4351 quem
2404 4283 2538 4337 [also
2589 4289 2844 4339 dixerunt
2895 4289 3050 4340 diem:
3096 4291 3323 4354 obiiSse,

1778 4372 2087 4438 persolvere
2127 4372 2322 4437 jubet:
2367 4387 2489 4424 eum
2544 4384 2761 4441 autent,
2805 4376 2848 4429 si
2896 4378 3044 4441 velit,
3094 4395 3317 4434 uxorem

1778 4475 1927 4512 suam
1960 4462 2200 4529 recipere
2229 4478 2335 4516 non
2359 4464 2629 4530 prohibet.

2337 4640 2563 4694 CANON
2609 4642 2792 4699 XCIV.

1785 4745 1802 4778 ι
1847 4731 1950 4783 Eos
2009 4732 2098 4799 qui
2159 4735 2436 4800 gentilium
2500 4746 2835 4786 sacramenta
2881 4736 3092 4804 jurant,
3152 4756 3323 4795 canon

1855 4840 1873 4871 ι
1921 4824 2094 4889 pmnis
2124 4823 2342 4889 subjicit
2374 4839 2384 4872 :
2416 4832 2466 4874 et
2505 4837 2603 4877 nos
2630 4824 2694 4878 iis
2727 4840 2945 4896 quoilue
2994 4834 3321 4899 segregatio-

1856 4932 1873 4964 ι
1925 4930 2041 4966 nem
2073 4913 2430 4966 decernimus.
2463 4932 2480 4964 ι
3075 4924 3078 4926 ·

1852 5002 2041 5054 BALS.
2080 5002 2303 5071 Magnus
2380 5004 2610 5061 Basilius
2661 5007 2714 5060 in
2769 5024 2972 5061 canone
3027 5010 3088 5062 8|
3151 5013 3328 5078 poenis

1779 5092 1996 5158 subiicit
2029 5109 2134 5146 non
2158 5109 2252 5148 eos
2289 5095 2462 5149 solum
2494 5098 2584 5165 qui
2641 5112 2736 5150 sua
2778 5106 2968 5161 sponte
2999 5097 3327 5153 dmtnoniaca

1780 5182 2042 5236 sacriﬁcia
2068 5185 2383 5254 attigerunt,
2416 5195 2468 5240 et
2490 5187 2770 5254 gentilium
2803 5198 3144 5243 sacramenta
3173 5190 3329 5256 jura-

1782 5283 1938 5339 ruut,
1974 5276 2066 5329 sed
2097 5291 2192 5331 eos
2223 5280 2384 5329 etiam
2417 5277 2508 5343 qui
2546 5291 2651 5330 non
2681 5286 2875 5342 sponte
2909 5282 2974 5330 ad
3022 5295 3084 5333 ea
3123 5283 3327 5335 detrusi

1782 5380 1927 5425 sunt.
1968 5366 2028 5420 Ei
2062 5383 2187 5434 ergo
2217 5365 2408 5417 canoni
2443 5352 2865 5434 consequenter,
2910 5385 3151 5435 presseris
3191 5389 3330 5440 quo-

1781 5478 1887 5530 que
1919 5474 2092 5515 canon
2139 5472 2234 5511 eos
2283 5465 2548 5526 segregat.
2583 5457 2722 5511 Sunt
2757 5471 2935 5513 autem
2983 5472 3324 5515 sacramenta

1781 5552 2080 5623 gentilium,
2104 5564 2223 5617 qua:
2247 5549 2501 5616 jurantur
2543 5563 2570 5600 a
2604 5551 2920 5615 gentilibus.
2956 5555 3060 5607 Alii
3093 5553 3233 5607 enim
3270 5554 3324 5606 in

1782 5644 1911 5695 deos
1950 5640 2084 5693 falso
2114 5638 2410 5709 appellatos
2440 5639 2750 5701 Crede-ntus,
2788 5646 2841 5695 in
2873 5659 3061 5695 eorum
3107 5645 3327 5695 nomina

1776 5729 2054 5800 jurabant.
2102 5728 2207 5781 Alii
2257 5728 2550 5783 credebant
2606 5731 2656 5782 in
2701 5735 2988 5790 elementa,
3040 5740 3090 5781 et
3138 5732 3224 5783 abi
3274 5736 3326 5786 in

1781 5822 2027 5893 qua-dam
2079 5823 2204 5876 alia.
2251 5821 2538 5886 Rogavcrit
2594 5831 2768 5875 autem
2836 5821 3128 5890 quispiam,
3203 5837 3327 5875 cum
