3968 6346
676 392 784 454 903
1440 422 1446 429 -
1926 391 2206 452 THEOD.
2249 393 2655 456 BALSAMON
3764 408 3844 470 994

670 527 790 565 can.
831 521 1006 580 apom.
1037 510 1128 573 29,
1164 517 1217 564 et
1251 525 1374 563 can.
1407 510 1462 572 9.,
1493 501 1753 564 Chalced.
1790 525 1911 579 syn.
1965 510 2022 563 ld
2054 521 2209 562 auten

2335 508 2367 578 ἦ
2403 508 2576 572 άλλως
2598 527 2716 571 πως
2746 511 2804 563 ἐν
2842 511 3139 585 Ἐκκλησία
3164 513 3559 584 καταλεγῆναν
3583 515 3613 569 ὀ
3641 519 3843 582 τοιοῦτος

671 603 812 668 quod
843 598 1078 663 dicitur;
1136 598 1198 651 In
1227 599 1308 651 his
1330 616 1432 652 non
1459 608 1534 652 est
1567 597 1816 651 Dominus
1858 597 2015 661 Deus,
2065 613 2096 650 a
2126 599 2209 649 Par

2336 599 2646 661 κολαζέσθω
2680 602 2819 653 κατά
2874 602 2967 656 τὸν
3015 603 3104 657 κθε
3148 604 3502 660 ἀποστολικδν
3553 609 3746 661 κανόνα
3775 613 3844 663 καὶ

667 694 844 747 tribus
878 700 1158 762 acceptum
1203 700 1288 746 est
1317 707 1383 746 ex
1424 692 1580 746 tertio
1613 692 1703 744 lib.
1747 691 1976 758 Regum,
2011 697 2209 760 proptel

2331 691 2419 744 τὸν
2450 689 2494 760 β’
2526 691 2722 745 κανόνα
2755 693 2855 761 τῆς
2881 695 2938 747 ὲν
2967 695 3267 766 Χαλκηδόνι
3313 698 3552 753 συνόδου.
3591 700 3666 752 Τὸ
3697 701 3845 770 μέντοι

669 794 1009 856 arrogantes,
1041 793 1095 839 et
1118 801 1210 840 eos
1231 786 1322 854 qui
1345 800 1705 856 mammonam
1727 783 2036 853 praeferunt.
2092 781 2209 835 Cuu

2338 784 2491 854 ῥῆμα
2517 784 2578 836 τὸ
2640 784 2817 854 λέγον,
2869 787 2972 840 Ἐν
3001 789 3227 854 τούτοις
3249 791 3359 844 οὐκ
3413 790 3546 844 ἐστι
3588 794 3788 862 Κύριος
3823 796 3846 845 ὀ

669 888 848 932 autem
882 878 1038 932 audis
1086 893 1346 932 canonem
1386 879 1756 932 nominantem
1802 893 1943 941 eam,
1987 890 2108 944 qua}
2149 874 2209 928 Sit

2332 878 2493 944 Θεὸς,
2526 877 2794 951 ἐξελήφθη
2847 880 2997 951 παρὰ
3028 882 3137 934 τῶν
3175 882 3345 950 ἁγίων
3377 886 3634 954 Πατέρων
3668 888 3726 938 ἐκ
3768 887 3846 954 τῆς

672 979 861 1039 Sponte
888 971 968 1036 fit,
1011 973 1126 1024 auri
1160 971 1436 1025 dationem
1469 972 1732 1032 illicitam,
1775 987 1841 1023 ne
1869 970 2076 1026 dixeris
2105 982 2209 1024 call

2327 969 2514 1038 τρίτης
2537 970 2642 1020 τῶν
2671 970 2960 1024 Βασιλειῶν
2983 971 3069 1026 διὰ
3099 973 3225 1037 τοὺς
3271 973 3537 1038 ἀλαζόνας
3573 979 3671 1027 καὶ
3719 994 3841 1046 πρθ.

667 1079 789 1117 esse
825 1064 1175 1132 prohibitam,
1211 1074 1266 1117 et
1299 1064 1419 1118 ideo
1454 1065 1613 1118 etiam
1647 1063 1906 1128 illicitam,
1949 1072 2005 1118 ut
2050 1081 2110 1119 ea
2144 1081 2209 1120 es:

2326 1061 2669 1130 τιμωμένους
2727 1063 2794 1117 τὶ
2849 1062 2942 1114 τοῦ
3003 1066 3299 1134 μαμμωνᾶ.
3361 1064 3597 1118 ’Ᾱκοὺων
3661 1065 3716 1118 δὲ
3770 1066 3841 1118 τοῦ

668 1174 787 1225 qua:
843 1144 1106 1225 processit
1151 1157 1511 1212 ordinationis
1561 1152 1985 1211 vel‘clericatus
2031 1159 2199 1227 gratia

2318 1152 2544 1214 ,κανόνος
2567 1152 2919 1223 ὀνομάζοντος
2949 1154 3046 1224 τὴν
3076 1154 3248 1218 οὕτως
3279 1157 3541 1221 ἑκουσίως
3574 1160 3841 1227 γινομένην

673 1251 743 1303 De
770 1264 830 1303 ca
863 1250 1007 1303 enim
1040 1249 1295 1318 deinceps
1325 1252 1502 1305 decet.
1578 1249 1680 1303 Sed
1712 1267 1827 1304 eam
1869 1250 2056 1305 Patres
2103 1252 2209 1305 ider

2325 1243 2469 1296 δόσιν
2494 1245 2837 1315 τοῦ-χρυσίου
2876 1248 3131 1316 ἄθεσμον,
3166 1250 3240 1317 μὴ
3284 1250 3445 1320 εἴπῃς
3484 1246 3628 1305 εἷναι
3673 1250 3845 1319 ταύτην

672 1345 911 1398 illicitam
946 1344 1387 1406 nominaverunt,
1431 1342 1574 1411 quod
1605 1344 1668 1403 is.
1722 1342 1811 1412 qui
1860 1358 1979 1396 eam
2013 1342 2221 1407 offerat,

673 1445 888 1503 propter
929 1434 1069 1488 banc
1117 1433 1448 1487 oblationem
1493 1449 1553 1487 se
1598 1433 1810 1500 jactitet
1854 1442 1905 1486 et
1939 1432 2220 1501 glorietur.

669 1525 803 1580 Nota
835 1541 963 1594 ergo
995 1527 1107 1579 haec
1135 1535 1359 1594 propter
1385 1539 1480 1579 eos
1511 1524 1602 1592 qui
1637 1525 1927 1577 tondentur
1956 1524 2006 1576 in
2035 1538 2220 1578 mona-

665 1617 848 1670 steriis
875 1632 996 1670 cum
1031 1618 1383 1685 pecuniarum
1419 1617 1724 1686 largitione,
1764 1624 1818 1670 ct
1857 1624 2218 1684 proptereos.

667 1709 828 1780 294
855 1709 952 1778 qui
985 1709 1093 1764 Deo
1123 1723 1222 1764 sua
1263 1717 1456 1776 sponte
1483 1709 1782 1762 oblationes
1813 1707 2034 1761 faciunt.
2113 1705 2217 1761 Eos

665 1817 885 1868 autem,
917 1802 1006 1870 qui
1061 1801 1306 1870 pecuniis
1360 1803 1412 1854 in
1465 1804 1700 1855 externis
1747 1801 2086 1855 monasteriis
2128 1799 2218 1868 jus

666 1894 1015 1948 fraternitatis
1061 1895 1372 1962 acquirunt,
1417 1895 1712 1946 canonibns
1745 1892 1919 1946 teneri
1965 1906 2069 1946 non
2100 1891 2218 1945 exi-

666 1989 847 2048 stimo,
898 1985 1040 2053 quod
1098 1985 1166 2041 sit
1216 1983 1570 2053 vituperanda
1609 1984 1989 2038 alimentorum
2027 1982 2216 2050 acqui-

666 2080 810 2134 sitio.
893 2077 1034 2144 Quid
1067 2085 1267 2140 autem,
1298 2079 1391 2146 qui
1430 2086 1623 2147 sponte
1663 2076 1879 2144 quidem
1911 2091 1998 2129 res
2025 2075 2218 2130 obtulit

666 2175 745 2226 sic
793 2173 1042 2240 punitur;
1093 2169 1185 2240 qui
1222 2184 1367 2233 vero,
1407 2179 1465 2221 ut
1507 2179 1652 2223 esset
1720 2169 1958 2221 clericus
2006 2167 2088 2222 vel
2160 2177 2218 2219 ut

665 2265 998 2326 tonderetur,
1051 2277 1137 2318 res
1179 2261 1316 2316 ullas
1343 2261 1512 2327 dedit,
1565 2269 1844 2330 postquam
1873 2260 2092 2328 punitus
2134 2257 2218 2312 fu-

664 2355 790 2418 erit,
823 2370 978 2419 eane,
1005 2368 1122 2424 quae
1161 2338 1392 2419 dederit,
1435 2363 1577 2424 petet
1606 2351 1934 2407 efﬁcaciter?
1985 2349 2217 2406 Salutio.

666 2445 1042 2518 Nequaquam.
1091 2445 1180 2498 Ait
1218 2441 1362 2499 enim
1397 2458 1517 2513 cap.
1577 2443 1665 2505 ιι,
1709 2442 1795 2495 tit.
1834 2441 1889 2504 2.
1926 2441 2020 2496 lib.
2067 2451 2217 2495 xm.

666 2538 831 2591 Basil.
890 2537 988 2589 hoc
1044 2539 1239 2591 modo:
1309 2535 1459 2602 Quod
1515 2534 1655 2603 turpi
1709 2534 1996 2602 utriusque
2053 2547 2217 2587 causa

664 2629 845 2693 datur,
871 2628 1100 2697 ejusque
1125 2628 1216 2694 qui
1241 2627 1334 2681 dat
1359 2637 1411 2681 et
1432 2628 1550 2695 ejus
1575 2627 1664 2697 qui
1689 2625 1905 2696 accipit,
1932 2640 2035 2679 non
2058 2622 2215 2680 redit.

668 2721 729 2775 Et
750 2724 1069 2776 exteriorem
1102 2718 1257 2772 alrert
1287 2719 1371 2773 lex
1401 2719 1620 2786 antiqua
1650 2717 1932 2781 rationem,
1960 2716 2216 2785 quoniam

667 2817 718 2868 in
749 2816 861 2885 pari
889 2830 1055 2868 causa
1093 2813 1268 2884 potior
1298 2821 1380 2867 est
1411 2814 1499 2882 qui
1548 2809 1805 2880 possidet,
1849 2824 1913 2864 ex
1948 2824 2078 2863 xm.
2118 2807 2212 2861 lib.

667 2909 778 2963 lucc
809 2909 1032 2976 eligens.
1147 2895 1150 2898 ’

2327 1334 2736 1405 κεκωλυμένην,
2774 1337 3061 1390 κάντεῦθεν
3102 1337 3487 1409 καὶλᾶθεσμον,
3534 1339 3614 1401 ὡς
3672 1341 3844 1411 προϐά-

2328 1443 2424 1479 σαν
2472 1428 2634 1498 χάριν
2695 1428 3008 1498 ὲξωνήσεως
3047 1431 3372 1500 χειροτονίας
3417 1433 3450 1503 ἦ
3506 1429 3843 1502 κληρώσεως·

2323 1521 2450 1588 περὶ
2482 1518 2682 1590 ταύτης
2729 1521 2836 1588 γάρ
2891 1521 3088 1590 ἐφεξῆς
3143 1521 3378 1575 διδάσκει
3405 1539 3419 1552 ⁸
3474 1521 3590 1576 ἀλλ’
3633 1525 3845 1592 ἄθεσμον

2319 1613 2521 1682 ταύτην
2547 1616 2594 1665 oi
2624 1601 2866 1682 Πατέρες
2891 1614 3178 1685 ὠνόμασαν
3207 1614 3295 1667 διὰ
3316 1615 3406 1667 τόν
3433 1620 3844 1686 προσαγαγόντσ,

2321 1708 2413 1758 καὶ
2458 1706 2547 1759 διὰ
2593 1709 2796 1777 ταύτην
2859 1708 3221 1778 προσαγωγὴν
3274 1709 3720 1779 ἐναϐρυνόμενον.
3768 1709 3847 1776 Ση-

2323 1796 2550 1866 μείωσαι
2580 1796 2750 1850 ταῦτα
2776 1797 2860 1849 διά
2903 1798 3026 1860 τοὺς
3077 1796 3537 1866 ἀποκειρομένους
3577 1796 3660 1858 είς
3708 1812 3843 1864 μονα-

2321 1890 2516 1959 στήρια
2552 1891 2690 1958 μετά
2720 1888 2916 1952 δόσεως
2941 1890 3257 1960 χρημάτων,
3290 1890 3384 1941 καὶ
3426 1888 3513 1941 διὰ
3550 1888 3682 1950 τοὺς
3713 1888 3840 1939 αὐτο-

2319 1980 2662 2050 προαιρὲτως
2697 1979 2982 2041 ποιοῦντας
3031 1979 3395 2050 προσαγωγὰς
3433 1976 3510 2047 τῷ
3550 1976 3692 2046 Θεῷ.
3732 1975 3840 2034 Τοὺς

2322 2073 2505 2141 μέντοι
2589 2073 2994 2140 ὲπικτωμένους
3066 2070 3435 2142 ἐξωμονίτατα
3490 2071 3758 2138 ἀδελφάτα
3795 2069 3838 2118 iv

2323 2164 2707 2234 povdarqplm;
2753 2164 2840 2218 διὰ
2889 2164 3188 2234 χρημάτων
3241 2164 3302 2216 οὐ
3333 2163 3562 2234 -νομίῖω
3614 2163 3721 2217 ὑπὸ
3756 2161 3837 2215 τῶν

2323 2257 2561 2308 κανόνων
2602 2256 2949 2326 ἁλίσκεσθαι,
2999 2256 3087 2311 διά
3135 2257 3195 2311 τὺ
3248 2255 3322 2327 μὴ
3365 2252 3507 2311 εἶναι
3562 2258 3837 2328 ὲπίμομφσν

2317 2349 2415 2421 τὴν
2438 2349 2546 2402 τῶν
2577 2352 2900 2420 σιτηρεσίων
2930 2349 3236 2419 ἐπίκτησιν.
3267 2349 3332 2401 Τί
3364 2349 3444 2415 δὲ,
3472 2354 3501 2403 ὁ
3555 2353 3659 2419 μὲν
3683 2351 3838 2403 αὐθαι-

2321 2443 2488 2512 ρέτως
2520 2441 2884 2511 προσαγαγὼν
2916 2442 3192 2513 χρήματα,
3222 2442 3363 2496 οὕτω
3405 2444 3714 2509 κολάζεται,
3741 2449 3766 2498 ό
3801 2444 3837 2496 ii

2319 2534 2406 2586 διὰ
2458 2533 2517 2585 τὸ
2565 2533 2912 2601 κληρωθῆναι
2956 2533 2988 2604 ἢ
3029 2536 3374 2605 ἀποκαρῆναι
3423 2536 3549 2599 δοὺς
3599 2538 3837 2606 οίαδήτινι

2323 2627 2621 2697 πράγματα
2648 2628 2962 2697 ὲνδυνάμως
2993 2629 3216 2698 ζητήσει
3268 2630 3410 2698 μετὰ
3443 2631 3505 2683 τὸ
3545 2631 3842 2699 κολασθῆναι

2321 2721 2357 2775 ἃ
2389 2720 2623 2783 δέδωκε;
2657 2720 2864 2786 Λύσις.
2901 2721 3182 2795 Οὐδαμῶς.
3228 2723 3363 2792 Φησὶ
3413 2724 3521 2789 γὰρ
3566 2724 3627 2775 τὸ
3655 2722 3719 2776 ια’
3746 2739 3840 2788 κεφ.

2320 2807 2412 2861 τοῦ
2449 2810 2490 2879 β’
2520 2810 2696 2860 τίτλον
2732 2809 2822 2862 τοῦ
2855 2810 2931 2862 κδ’
2976 2810 3178 2880 βιϐλίου
3212 2812 3326 2882 τῶν⁴
3367 2813 3671 2868 Βασιλικῶν
3707 2813 3840 2867 οῦτω⁸

2219 2950 2232 2964 κ
2329 2903 2395 2954 Τὸ
2427 2902 2523 2954 ἐπὶ
2553 2901 2774 2971 αἰσχρᾷ
2800 2903 2957 2969 ιιίτίςι
2985 2903 3282 2972 ἑκατέρων
3308 2904 3650 2974 διδόμενον,
3681 2909 3774 2960 τοῦ
3797 2919 3842 2955 τε

664 3003 952 3061 λαϐόντος
972 2996 1194 3049 καὶτοῦ
1216 2995 1718 3064 παρέχοντος.οὺ)ι
1740 2996 2206 3064 ἀναστρέφεται.
2241 2995 2348 3048 Καὶ
2383 2995 2735 3066 προστίθησιν
2773 2995 2969 3059 ἔξωθεν
3001 2999 3028 3049 ό
3057 2997 3284 3060 παλαιὸς
3342 2999 3628 3066 λογισμὸν,
3679 2999 3754 3050 ὅτι
3802 2998 3843 3049 ἐν

668 3099 755 3162 ἰσῃ
783 3097 928 3157 αἰτίᾳ
959 3093 1223 3158 κρείττων
1269 3094 1416 3143 ἐστὶν
1457 3093 1484 3141 ὁ
1520 3093 1836 3158 νεμόμενος,
1871 3093 1936 3143 ἐκ
1975 3089 2068 3142 τοῦ
2102 3089 2184 3158 κβ¹
2216 3089 2418 3159 βιϐλίου
2445 3089 2601 3142 τοῦτο
2627 3090 3044 3159 ἀναλεξάμενος.

735 3187 979 3240 ZUNAR.
1045 3187 1320 3247 Nonnulli,
1341 3201 1462 3239 cum
1485 3186 1535 3239 in
1554 3187 1756 3238 clerum
1785 3185 1990 3255 legendi
2010 3195 2209 3250 essent,

2387 3186 2632 3239 ΖΩΝΑΡ.
2668 3185 2821 3247 Τινὲς
2846 3186 2928 3247 είς
2957 3185 3154 3256 κλῆρον
3187 3188 3557 3258 καταταγῆναι
3586 3187 3843 3256 μέλλοντες

667 3280 920 3349 pecunias
985 3279 1236 3332 Ecclesia:
1293 3276 1508 3341 oEerrc,
1569 3278 1781 3348 Deoque
1837 3277 2017 3331 dicare
2067 3277 2211 3331 Soliti

668 3382 829 3426 sunt:
883 3370 1078 3439 quibus
1129 3361 1324 3424 deinde
1377 3369 1732 3438 praefidentes,
1785 3382 1951 3438 seque
1999 3368 2051 3422 in
2081 3383 2213 3423 auro

669 3467 759 3521 illo
791 3464 1023 3534 gloriose
1053 3463 1342 3531 iactantes.
1379 3479 1688 3533 quicunque
1729 3464 1870 3517 nulla
1899 3465 2021 3517 data
2052 3478 2213 3532 pecu-

666 3561 753 3612 nia
778 3555 846 3610 ob
872 3554 1119 3608 virtutem
1153 3552 1311 3612 forte,
1357 3552 1435 3604 vel
1471 3553 1631 3605 etiam
1683 3554 1753 3605 ob
1786 3553 1996 3606 dicendi
2048 3551 2213 3604 facul-

666 3655 852 3707 tatem,
907 3644 1052 3699 clero
1097 3637 1356 3709 adscripti
1395 3640 1627 3704 fuerant,
1666 3650 1912 3710 proterve
1952 3641 2213 3695 conviciis

667 3735 1089 3790 insectabantur.
1151 3730 1469 3800 Huiusmodi
1500 3718 1677 3801 igitur
1723 3731 1988 3796 liciuines,
2038 3721 2213 3800 primo

664 3826 880 3896 quidem
911 3827 975 3878 de
1006 3827 1171 3893 gradu
1209 3825 1387 3894 dejici,
1441 3841 1505 3881 ac
1555 3826 1608 3877 in
1653 3833 1952 3878 extremum
2003 3823 2211 3878 ordinis

665 3922 748 3974 sui
783 3919 954 3972 locum
983 3917 1290 3971 amandari:
1346 3926 1457 3970 tum
1503 3918 1549 3970 si
1595 3916 1771 3969 adhuc
1809 3932 1837 3969 a
1863 3917 2068 3981 \malitia
2104 3930 2208 3971 non

664 4008 964 4069 discedant,
1015 4006 1192 4076 pmnis
1223 4020 1458 4074 quoque,
1513 4017 1571 4058 ut
1603 4023 1695 4076 per
1722 4024 1813 4062 eas
1844 4010 2207 4078 corrigantur,

668 4101 804 4159 allici
839 4117 1012 4156 canon
1062 4101 1232 4168 jubet.
1320 4096 1607 4153 Exordiutn
1663 4113 1787 4150 vero
1837 4101 1905 4153 ab
1942 4109 2211 4167 ap05t.,et

666 4212 856 4265 evang.
913 4195 1117 4249 Joanne
1177 4192 1404 4247 canonis
1461 4199 1711 4243 auctores
1771 4189 1996 4242 mutuati
2053 4198 2204 4242 sunt.

655 4289 814 4342 'lllius
851 4297 1094 4354 alantque
1139 4287 1300 4337 verba
1343 4283 1432 4336 illa
1463 4290 1607 4345 sunt,
1662 4279 1911 4351 inprima
1935 4278 2206 4332 Catholica

669 4379 929 4451 Epistola,
981 4377 1076 4430 Est
1126 4385 1386 4443 peccatum
1427 4376 1494 4428 ad
1537 4385 1785 4428 mortem:
1832 4388 1948 4442 quzc
1995 4371 2204 4440 quidem

670 4475 852 4528 Patres
886 4469 949 4520 de
981 4469 1066 4532 iis,
1117 4468 1207 4537 qui
1239 4475 1549 4536 pecearnnt,
1600 4477 1652 4518 et
1690 4481 1793 4519 non
1845 4466 2202 4535 resipueruut,

671 4570 1111 4639 interpretantur.
1167 4563 1229 4615 Et
1257 4576 1405 4626 vero,
1432 4545 1720 4628 nequiores
1741 4559 1915 4614 adhuc
1944 4562 2062 4615 illos
2085 4576 2205 4616 esse

668 4665 937 4718 asserunt,
973 4663 1026 4706 et
1059 4669 1239 4708 revera
1287 4659 1438 4718 sunt,
1470 4652 1561 4721 qui
1599 4659 1808 4719 patrato
1839 4650 2042 4703 nefario
2074 4651 2206 4703 faci-

671 4763 804 4801 nore
859 4743 1044 4798 tollere
1099 4756 1334 4809 cornua,-
1380 4745 1483 4797 hoc
1534 4748 1653 4804 est,
1706 4754 1822 4793 sese
1874 4736 2204 4806 impudente,

669 4837 856 4892 efferre
887 4836 1104 4890 minime
1137 4841 1402 4888 verentur.
1487 4835 1564 4888 Ac
1599 4833 1804 4887 facinus
1831 4830 2045 4901 quidem
2075 4829 2205 4883 illud

673 4929 957 4995 appellant,
1017 4929 1067 4979 in
1101 4924 1279 4979 oblata
1316 4926 1566 4978 nimirum
1597 4927 1822 4996 pecunia
1855 4938 1976 4978 sese
2001 4921 2204 4994 glorio-

675 5031 787 5067 stus
813 5017 1031 5083 jactare,
1066 5015 1339 5082 divinique
1375 5017 1619 5083 pracepti
1649 5015 1949 5070 auctoritati
1978 5013 2203 5068 canoni-

679 5118 858 5168 cisqne
913 5103 1384 5158 constitutionibus
1451 5085 1845 5164 tuannubnam,
1919 5103 2198 5171 pecuniam

680 5190 953 5254 videlicet,
1023 5194 1306 5246 anteferre.

2317 3279 2590 3346 προσῆγον
2622 3280 2688 3349 τῇ
2729 3275 3030 3350 Ἐκκλησία
3085 3281 3363 3350 χρήματα,
3392 3282 3468 3346 ὡς
3511 3284 3840 3354 ἀφιεροῦντες

2313 3370 2486 3423 ταῦτα
2535 3370 2612 3440 τῷ
2665 3371 2818 3440 Θεῷ·
2851 3366 2970 3424 εἶτα
3023 3373 3230 3436 τούτοις
3275 3373 3626 3446 θαρροῦντες,
3671 3378 3756 3428 καί
3787 3378 3841 3443 τῇ

2311 3458 2454 3512 δόσει
2481 3459 2574 3512 τοῦ
2600 3460 2820 3529 χρυσίου
2852 3461 3211 3531 καυχώμενοι,
3233 3445 3508 3527 ὠνείδιζον
3535 3464 3705 3527 ἀδεῶς
3736 3445 3842 3524 τοὺς

2311 3550 2508 3610 δόσεως
2562 3551 2783 3618 χρυσίου
2814 3552 2983 3619 χωρὶς
3005 3552 3092 3605 ⁴δι’
3122 3552 3321 3622 ἀρετὴν
3352 3554 3482 3618 ῐσως
3520 3555 3551 3624 ἢ
3586 3559 3678 3610 καὶ
3709 3557 3842 3623 λόγον

2278 3656 2279 3659 η
2313 3639 2719 3706 καταταγέντας
2746 3639 2823 3710 τῷ
2852 3637 3054 3712 κλήρῳ.
3091 3643 3227 3708 Τοὺς
3259 3643 3389 3712 γοῦν
3413 3648 3686 3710 τοιούτους
3716 3644 3842 3718 πρῶ-

2312 3747 2402 3782 τον
2453 3731 2549 3800 μὲν
2601 3732 3024 3796 ὐποόισάζεσθαι
3077 3735 3326 3804 βούλεται
3370 3737 3399 3790 ὁ
3449 3739 3632 3792 κανὼν
3679 3741 3740 3793 ἐκ
3764 3737 3841 3790 τοῦ

2309 3823 2508 3876 οίκείου
2568 3823 2799 3892 βαθμοῦ,
2854 3826 2950 3899 καὶ
2998 3827 3078 3889 είς
3125 3827 3214 3880 τὸν
3272 3827 3497 3899 ἔσχατον
3547 3834 3711 3886 τόπον
3763 3829 3840 3884 τοῦ

2309 3915 2603 3983 τάγματος,
2650 3918 2706 3971 ἐν
2734 3913 2777 3985 ᾦ
2805 3920 2932 3983 είσι,
2973 3919 3262 3974 τάττεσθαι
3289 3937 3303 3952 ’
3351 3923 3399 3975 εί
3446 3923 3503 3976 οὲ
3553 3926 3648 3979 καὶ
3686 3925 3762 3977 ἔτι
3787 3923 3842 3974 τά

2309 4009 2449 4061 αὐτὰ
2499 4011 2761 4076 ποιοῦσιν,
2815 4013 3168 4083 ἐπιτιμᾶσθαι
3223 4014 3580 4080 αὺ’τοὺς,.ἶνα
3633 4017 3839 4086 διορθω-

2313 4099 2472 4155 θὼσι.
2506 4104 2956 4173 Προοιμιάζονται
2986 4104 3041 4157 δὲ
3101 4107 3148 4157 οἱ
3201 4106 3292 4159 τὸν
3319 4107 3520 4160 κανόνα
3570 4108 3833 4175 ὲκθὲμενοι

2308 4191 2416 4240 ἀπὸ
2471 4191 2563 4242 τοῦ
2623 4193 2916 4244 ἀποστόλου
2970 4195 3068 4246 καὶ
3141 4193 3529 4262 εὐαγγελιστοῦ
3593 4198 3835 4251 Ἰωάννου.

2323 4278 2543 4348 Ἐκείνῳ
2595 4283 2702 4350 γάρ
2744 4285 2955 4351 εἴρηται
2980 4287 3036 4336 ὲν
3064 4287 3130 4355 τῇ
3183 4285 3374 4358 πρώτη
3405 4288 3678 4361 Καθολικῇ
3710 4290 3837 4342 Ἐπι-

2309 4370 2464 4440 στολῇ
2521 4371 2598 4435 τὸ,
2655 4373 2866 4426 Ἔστιν
2920 4376 3168 4443 ἁμαρτία
3217 4379 3361 4445 πρὸς
3419 4380 3710 4435 θάνατον’
3762 4383 3838 4434 καὶ

2307 4460 2732 4530 ἐκλαμϐάνονται
2779 4456 2922 4517 οὗτοι
2947 4467 3004 4518 τὸ
3036 4468 3200 4539 ῥητὸν
3245 4468 3469 4522 ἐπὶτῶν
3514 4473 3835 4540 ἀμαρτανόνο

2308 4571 2436 4617 των,
2479 4554 2572 4607 καὶ
2616 4556 2688 4625 μὴ
2723 4558 3142 4626 μετανοούντων.
3181 4557 3310 4614 Εἶτα
3337 4564 3428 4613 καὶ
3462 4565 3637 4631 χεῖρον
3665 4564 3836 4634 λέγου-

2313 4661 2415 4708 σιν,
2445 4646 2630 4716 ὥσπερ
2677 4649 2740 4719 δὴ
2796 4650 2888 4701 καί
2948 4651 3087 4715 ἐστι,
3115 4652 3173 4704 τὸ
3233 4653 3369 4720 μετά
3424 4653 3522 4722 τὴν
3584 4656 3835 4728 ἀμαρτὶαν

2309 4737 2640 4806 τραχηλιᾷν,
2701 4740 2867 4808 ἧγουν
2947 4743 3357 4812 ἀναισχυντεῖν·
3423 4745 3691 4819 ἁμαρτίαν
3746 4751 3834 4818 μὲν

2309 4825 2598 4887 καλοῦντες
2646 4827 2706 4879 τὸ
2748 4830 3114 4899 ἐγκαυχᾶσθαι
3156 4833 3245 4883 ἐπὶ
3270 4834 3334 4902 τῇ
3369 4842 3700 4910 προσαγωγῆ
3737 4840 3830 4892 τῶν

2308 4917 2622 4987 χρημάτων’
2681 4921 2772 4972 καὶ
2838 4930 3108 4994 ’πρθττνίλδᾳν
3159 4925 3255 4991 τῆς
3298 4925 3391 4979 τοῦ
3428 4930 3563 4983 Θεοῦ
3603 4933 3826 4997 ὑπακοῆς

2309 5014 2533 5066 καὶτῶν
2579 5019 2875 5095 κανονικὼν
2913 5018 3204 5082 διατάξεων
3245 5027 3580 5092 μαμμωνᾶν.
3611 5025 3672 5078 τά
3699 5000 3797 5093 ἱρή

2307 5122 2448 5174 ματα
2481 5106 2742 5176 δηλονότι.
2778 5107 3180 5177 Ἀναισχυντίαν
3205 5109 3259 5163 δὲ
3286 5113 3377 5166 τὸν
3402 5115 3696 5176 ὀνειδισμὸν
3736 5118 3820 5164 καὶ

1401 5190 1742 5259 impudentia:
1803 5205 1928 5243 vero
1986 5193 2200 5245 nomine

2310 5196 2400 5268 τὴν
2439 5201 2680 5269 ἀτιμίαν,
2729 5199 2795 5267 ἢν
2843 5200 3103 5276 ἐπάγουσι
3147 5206 3256 5267 τοῖς
3302 5205 3622 5276 κληρωοείσι
3662 5210 3823 5274 χωρὶς

672 5280 910 5335 convicia
945 5287 995 5334 et
1026 5285 1388 5345 contumelias,
1435 5296 1551 5351 qua:
1580 5279 1651 5332 illi
1687 5280 1736 5332 in
1769 5279 1968 5330 clerum
1999 5280 2200 5348 absque

2310 5291 2548 5360 παροχῆς
2590 5294 2903 5359 χρημάτων.
2943 5292 3035 5345 Ἐν
3082 5297 3312 5362 τούτοις
3355 5300 3467 5349 οὐκ
3495 5297 3639 5359 ἐστι,
3675 5300 3818 5366 φασὶ,

673 5371 908 5444 pecuniae
940 5373 1246 5441 praebitione
1281 5377 1543 5445 cooptatis
1577 5374 1843 5443 ingerunt,
1871 5373 2194 5426 intellexere.

675 5466 793 5520 Non
820 5475 893 5520 est
926 5466 977 5518 in
1003 5464 1102 5528 his,
1132 5464 1396 5534 inquiunt,
1427 5468 1673 5522 Dominus
1706 5467 1876 5532 Deus;
1930 5466 2027 5519 hoc
2058 5480 2194 5537 quo-

2302 5382 2511 5447 Κύριος
2561 5384 2592 5433 ό
2646 5384 2824 5448 Θεός·
2874 5387 2966 5438 καὶ
2996 5386 3150 5439 τοῦτο
3202 5387 3260 5438 δὲ
3316 5391 3600 5456 γραφικόν,
3639 5394 3697 5444 ἐκ
3730 5393 3817 5460 τῆς

2299 5472 2485 5541 τρίτης
2520 5474 2624 5524 τῶν
2679 5473 2985 5530 Βασιλειὼν.
3019 5479 3136 5546 Χρὴ
3196 5472 3288 5529 οὖν
3336 5478 3533 5544 αὐτοὺς
3563 5499 3807 5535 ταπεινω-

672 5576 775 5631 que
799 5576 864 5616 ex
893 5559 1188 5629 Scriptura,
1222 5558 1418 5627 llegum
1449 5564 1622 5618 tertio.
1690 5562 1795 5619 Eos
1825 5562 1982 5632 igitur
2005 5576 2194 5629 magna

2310 5565 2482 5628 iévta;
2530 5572 2853 5637 προσπεσεῖν
2882 5571 2958 5640 τῷ
2988 5569 3122 5639 Θεῷ,
3169 5571 3262 5623 καὶ
3305 5573 3482 5627 αίτεῑν
3531 5577 3614 5630 τοῦ
3640 5578 3809 5646 ἀμσρο

671 5654 996 5709 demissione
1027 5653 1135 5707 Deo
1165 5652 1484 5722 supplicare,
1537 5671 1598 5708 ac
1628 5655 1831 5726 peccati
1860 5655 2068 5709 veniam
2097 5671 2191 5708 ex-

673 5761 909 5817 poscere,
944 5763 1049 5801 non
1080 5758 1265 5800 contra
1299 5746 1480 5815 iniqua
1509 5747 1787 5814 largitione
1820 5749 1995 5804 eﬂ'crri
2030 5765 2189 5818 opor-

670 5849 764 5899 tet.
819 5830 1057 5910 lniq'uam
1104 5856 1227 5897 vero
1258 5840 1476 5907 appellat
1511 5841 1864 5910 largitionem,
1913 5858 2017 5896 non
2049 5844 2186 5911 quod

2294 5659 2532 5727 ’πήματος
2560 5659 2770 5729 ἄφεσιν,
2801 5663 2892 5715 καὶ
2915 5661 3036 5730 οὐχὶ
3061 5662 3257 5729 μᾶλλον
3285 5667 3600 5739 ἐπαίρεσθαι
3628 5673 3714 5722 ἐπὶ
3741 5673 3798 5735 τῇ

2294 5753 2434 5804 δόσει
2481 5757 2543 5824 τῇ
2590 5755 2832 5824 ἀθέσμῳ.
2866 5755 3130 5822 Ἀθεσμον
3163 5756 3215 5810 δὲ
3250 5761 3346 5830 τὴν
3394 5765 3531 5818 δόσιν
3560 5765 3706 5818 καλεῖ
3744 5763 3801 5811 οὐ

2297 5846 2414 5896 κατ’
2446 5846 2574 5896 αὑτό
2603 5861 2615 5876 ·
2645 5846 2693 5896 εί
2725 5845 2832 5913 γάρ
2878 5845 3109 5917 ἇθεσμος
3159 5844 3245 5922 ἦν,
3277 5853 3419 5908 διατί
3454 5853 3799 5928 προσεδέχθη;
