3988 6352
135 427 248 486 913

1058 436 1139 494 IN
1180 438 1343 499 CAN.
1387 440 1523 497 Vlll
1553 440 1756 501 CONC.
1803 443 1909 499 Vll
1944 443 2292 502 (ECUSIEN.

3205 408 3310 503 θα

106 522 494 589 καθαιρέσεως
527 539 542 554 ο
574 525 658 577 ὅτι
717 526 856 579 κατὰ
896 527 1030 604 πρλὺ
1071 528 1416 598 ἁκατάλληλά
1463 536 1566 585 είσι
1606 535 1669 583 τὰ

1778 533 2033 586 niendum
2065 537 2384 592 alttiSlilelll,
2434 543 2592 599 prout
2647 534 2852 587 scilicet
2900 534 3102 601 synodo
3135 532 3308 585 visum

108 612 483 683 ἐπταισμένα.

192 789 443 842 ΖΩΝΔΡ.
470 787 642 843 Τοῦτο
665 791 725 844 τὸ
747 792 1097 846 ἁποστολικὸν
1120 793 1279 863 ῥητὸν
1303 797 1330 848 ὁ
1365 797 1465 863 μὲν
1500 799 1670 866 μέγας

105 882 394 944 Βασίλειος
422 883 600 945 άλλως
633 884 917 948 ἐξελάὄετο
946 902 962 916 ⁶
987 881 1130 940 οὗτοι
1162 886 1217 940 δὲ
1245 891 1292 941 ot
1325 891 1562 958 Πατέρες
1586 895 1672 943 ὲν-

103 973 286 1026 ταῦθα
318 973 716 1044 ἁπλοῖκὼτερον
750 977 993 1041 ἐδέξαντο
1026 978 1105 1043 τὸ,
1137 980 1575 1048 ἐπακολουθοῦσι,
1613 987 1672 1037 τὸ

105 1065 345 1117 ἔπεσθαι
393 1067 635 1136 δηλονότι
676 1071 796 1132 ταῖς
831 1070 1227 1139 προλαεοὺσαις
1254 1076 1546 1144 ἁμαρτίαις
1577 1079 1670 1131 καὶ

105 1159 334 1228 ἑτέραις
365 1177 382 1192 ⁶
413 1163 506 1215 καὶ
534 1163 694 1216 τοῦτο
740 1165 964 1233 ἑκϐἦναί
996 1183 1160 1232 φασιν
1200 1169 1290 1221 ἐπὶ
1327 1169 1434 1224 τῶν
1464 1173 1668 1224 εἰκονο-

108 1249 334 1317 μάχων.
377 1251 652 1313 Ἐκείνους
697 1252 804 1322 γὰρ
833 1253 1157 1322 ὀνομάζουσι
1204 1257 1669 1327 Χριστιανοκατη-

112 1341 347 1409 γόρουςς
382 1343 455 1404 ὡς
490 1343 926 1413 κατηγοροῦντας
951 1346 1058 1397 τῶν
1090 1346 1429 1417 Χριστιανῶν
1460 1348 1672 1401 εἰδωλο-

107 1430 396 1498 λατρείαν.
430 1432 506 1484 Οὐ
541 1434 703 1501 μόνον
728 1434 834 1504 γὰρ
867 1435 965 1498 τὰς
1007 1437 1301 1507 ἐκκλησίας
1338 1439 1430 1490 τοῦ
1465 1439 1670 1508 κόσμου

101 1523 217 1578 τῶν
252 1523 470 1576 σεπτῶν
512 1525 736 1578 εἰκόνων
781 1529 1100 1600 ἐστέρησαν,
1130 1531 1264 1584 ἀλλὰ
1317 1533 1407 1585 καὶ
1438 1532 1532 1601 ἔθη
1569 1551 1672 1585 πα-

102 1615 233 1668 λαιά
283 1616 765 1684 παραλελοίπασιν,
816 1619 852 1672 ἁ
903 1622 996 1674 καὶ
1036 1622 1352 1676 ἀνανεοῦσιν
1388 1619 1548 1687 οὗτοι,
1583 1625 1668 1677 ἵνα

105 1709 200 1761 καὶ
229 1710 263 1777 ἡ
295 1710 573 1780 ἔγγραφος
605 1711 945 1781 θεσμοθεσία,
961 1713 1054 1765 καὶ
1087 1716 1118 1784 ἡ
1145 1715 1390 1783 ἄγραφος
1418 1719 1670 1788 συνήθεια

98 1799 301 1868 κρατῇ.
330 1799 402 1850 Τὸ
453 1800 512 1853 δὲ
544 1801 909 1870 παραλειφθὲν
940 1803 1060 1866 ἔθος
1091 1800 1158 1875 ἦν
1195 1804 1256 1856 τὸ
1298 1808 1355 1857 ἐν
1386 1811 1504 1869 ταῖς
1531 1811 1667 1862 καθ-

101 1890 358 1959 ιερώσεσι
411 1895 518 1946 τῶν
571 1895 730 1948 θείων
766 1896 907 1949 ναῶν
957 1896 1031 1967 μὴ
1071 1896 1313 1965 γίνεσθαι
1344 1900 1666 1964 καταθέσεις

98 1980 377 2048 λειψάνων
395 1982 596 2050 ’ἁγίωνῖ
630 1985 784 2038 Ὅσοι
816 1985 930 2051 οὖν,
957 1988 1111 2056 φασὶ,
1129 1989 1297 2057 χωρὶς
1326 1990 1670 2054 καταθέσεως

97 2074 279 2140 ἁγίων
309 2075 575 2144 λειψάνων
606 2076 1020 2147 καθιερώθησαν
1045 2080 1182 2141 ναοὶ,
1208 2078 1546 2144 δεξάσθωσαν
1576 2082 1672 2136 νῦν

98 2163 196 2215 καὶ
251 2164 388 2230 ἅγια
431 2164 662 2235 λείψανα
708 2167 1106 2236 κατατιθέμενα
1153 2170 1211 2219 ἐν
1261 2162 1463 2230 αὗτοίς.
1510 2170 1568 2224 '0
1611 2173 1667 2225 δὲ

101 2254 386 2323 καθιερῶν
413 2258 538 2310 ναὸν
567 2259 736 2328 χωρὶς
782 2260 938 2328 ἱερῶν
981 2258 1245 2326 λειψάνων
1275 2261 1666 2329 καθαιρείσθω,

95 2344 172 2406 ὡς
204 2347 534 2418 παραϐάτης
563 2349 670 2402 τῶν
699 2349 1128 2419 ὲκκλησιατικῶν
1158 2353 1528 2419 παραδόσεων.

1776 626 1958 690 fuerit,
2009 627 2099 679 sed
2128 642 2233 678 non
2278 640 2370 692 per
2396 625 2811 688 depositiouem.
2847 622 3042 676 Delicta
3075 623 3216 675 enim
3246 636 3303 675 ea

1775 725 1903 769 sunt
1936 718 2091 782 longe
2121 717 2337 784 lateque
2370 716 2717 771 dissidentia.
3155 783 3162 792 τ

1845 808 2094 885 ΖΟΝΑΒ.
2121 808 2343 876 Magnus
2375 808 2590 874 quidem
2627 807 2858 860 llasilius
2889 806 3044 858 aliter
3066 803 3164 856 hoc
3195 817 3311 867 apo-

1773 895 1895 954 stoli
1957 900 2158 953 dictum
2221 902 2604 965 interpretatus
2667 909 2772 952 cst.
2836 896 2896 948 lli
2951 910 3078 948 vero
3131 893 3313 946 Patres

1773 991 1996 1044 verbum
2031 990 2178 1052 illttd.
2212 999 2643 1058 consequuntur.
2694 989 2853 1057 paulo
2882 985 3182 1053 simplicius
3221 997 3308 1035 ac'

1773 1095 1989 1149 Cepere,
2021 1093 2076 1135 ut
2102 1082 2167 1135 ad
2205 1083 2387 1150 priora
2441 1081 2647 1135 scilicet
2683 1080 2928 1131 facinora
2961 1077 3062 1128 alia
3103 1089 3316 1140 quoque

1772 1172 1945 1226 solere
1975 1175 2126 1243 sequi
2160 1173 2566 1242 intelligendum
2617 1172 2705 1225 sit.
2764 1169 2917 1233 Quod
2953 1167 3165 1236 quidem
3197 1165 3313 1215 ico-

1773 1267 2054 1321 nomachis
2083 1269 2238 1322 aiunt
2265 1267 2579 1336 contigisse.
2628 1264 2750 1316 lllos
2792 1275 3024 1327 namque
3054 1257 3318 1312 Christia-

1773 1340 1964 1410 norum
2003 1366 2360 1420 accusatores,
2385 1357 2688 1418 nominant,
2709 1355 2906 1422 quippe
2936 1350 3024 1419 qui
3051 1348 3315 1402 Christia-
3387 1426 3390 1428 Ἴ

1773 1462 1872 1500 nos
1925 1447 2243 1501 idololatria:
2296 1457 2644 1500 accusarent.
2714 1445 2819 1499 Nec
2871 1444 3013 1497 enim
3071 1441 3104 1493 ii
3139 1438 3310 1492 solum
3392 1431 3394 1434 ’

1770 1537 2039 1592 ecclesias
2077 1553 2355 1592 sacrarum
2395 1538 2693 1606 imaginum
2746 1533 3086 1588 ornamentis
3114 1531 3313 1592 spolia-

1771 1633 1920 1692 ve're,
1947 1631 2041 1686 sed
2068 1633 2318 1700 antiquus
2363 1632 2524 1684 etiam
2556 1628 2983 1683 consuetudines
3019 1627 3312 1690 reliquere;

1772 1735 1890 1788 quae
1914 1721 2156 1788 quidem,
2214 1730 2271 1773 ut
2301 1722 2464 1775 simul
2498 1729 2550 1773 et
2586 1720 2805 1787 scriptis
2846 1717 3162 1781 consignata
3212 1720 3314 1770 lex.
3343 1711 3346 1714 ’

1773 1819 1955 1864 etnon
1985 1813 2188 1878 scripta
2222 1827 2439 1880 quoque
2469 1810 2813 1864 cnnsuetudo
2858 1817 3122 1867 servetur,
3158 1803 3315 1868 hujus

1773 1901 1998 1956 canonis
2054 1903 2274 1956 decreto
2334 1897 3090 1956 renovantur.‘Consuetudo
3155 1909 3315 1962 porro

1773 1993 2131 2062 praxtermissa
2194 2007 2256 2045 ea
2317 1990 2440 2055 fuit,
2502 1992 2647 2060 quod
2701 2006 2824 2045 cum
2884 1990 3061 2044 divina
3119 1986 3312 2053 templa

1773 2095 2244 2158 consecrarentur,
2301 2086 2462 2139 nulla:
2491 2085 2654 2138 simul
2690 2087 2741 2137 in
2773 2083 2852 2136 eis
2891 2093 3197 2136 sanctorum
3231 2093 3314 2128 reo

1775 2179 1955 2244 liquis:
1981 2178 2370 2233 conderentur.
2400 2179 2752 2246 Quaecunque
2797 2191 2926 2243 ergo
2971 2174 3186 2240 templa,
3236 2173 3316 2223 iu-

1773 2273 1993 2337 qttiunt.
2023 2272 2228 2337 absque
2273 2271 2507 2324 conditis
2533 2279 2844 2324 sanctorum
2903 2265 3150 2333 reliquiis
3183 2279 3317 2317 con-

1774 2345 2186 2425 secrata'sunt,
2239 2361 2292 2414 in
2344 2361 2424 2415 eis
2471 2375 2640 2415 sacrae
2672 2374 2887 2428 quoque
2929 2359 3170 2426 reliquize
3215 2357 3314 2408 hoc

96 2437 320 2493 demum
373 2447 614 2508 tempore
669 2442 1029 2498 collocentur.
1063 2443 1165 2509 Qui
1199 2459 1329 2498 vero
1393 2449 1679 2514 templum,
1735 2463 1842 2503 non
1916 2451 2173 2505 adhibitis
2223 2460 2534 2504 sanctorum
2585 2449 2830 2517 reliquiis
2878 2448 3308 2504 consecraverito

95 2549 242 2596 eunt,
291 2535 491 2605 quippe
519 2537 867 2591 trnditionmn
916 2553 1053 2606 quas
1095 2553 1123 2590 a
1159 2538 1456 2604 majoribus
1489 2543 1794 2608 accepimus
1829 2551 2306 2614 transgressorem,
2339 2545 2533 2626 deponi
2564 2543 2778 2612 iubent.

100 2625 330 2683 ΑΡΙΣΤ.
381 2647 400 2679 ι
449 2629 840 2683 Κατατιθέσθω
901 2629 1193 2701 μαρτύρων
1248 2631 1378 2696 ἅγια
1434 2632 1664 2699 λείψανα

172 2742 192 2775 ι
236 2727 301 2778 ἐν
320 2727 432 2786 τοῖς
463 2726 591 2778 ἄνευ
622 2725 798 2778 αὐτῶν
827 2724 1204 2794 καθιερωθεῖσι
1230 2729 1376 2788 ναοῖς
1404 2727 1540 2794 μετὰ
1566 2727 1668 2792 τῆς

179 2832 200 2866 ι
251 2816 513 2883 συνήθουε
543 2817 828 2886 εὐχῆς.¹⁹0
855 2817 911 2870 δὲ
946 2820 1074 2870 ἄνευ
1098 2819 1304 2871 τούτων
1327 2819 1668 2887 καθιερώσας

177 2925 197 2957 ι
247 2905 641 2975 καθαιρείσθω,
670 2909 745 2970 ὡς
791 2907 1044 2976 παραϐὰς
1071 2909 1170 2969 τὰς
1209 2908 1668 2978 ὲκκλησιαστικὰς

174 3016 193 3048 ο
239 2999 594 3070 παραδόσεις.
633 3017 654 3051 ι

170 3090 337 3144 Ὅσοι
369 3089 470 3160 μὲν
500 3091 619 3143 ναοὶ
660 3089 766 3162 πρὸ
796 3091 895 3159 τῆς
928 3090 1142 3144 συνόδου
1173 3089 1374 3160 ταύτης
1408 3091 1533 3144 ἄνευ
1566 3090 1665 3158 τῆς

1764 2621 1986 2688 ARIST.
2038 2655 2058 2687 ι
2105 2635 2318 2690 Sancte
2354 2621 2649 2706 martyrum
2692 2635 2937 2703 reliquiae
2990 2634 3042 2687 in
3081 2631 3293 2699 templis

1841 2745 1859 2778 ι
1905 2743 2028 2796 quae
2095 2729 2304 2794 alisque
2350 2729 2416 2781 iis
2461 2739 2773 2781 consecrata
2806 2734 2950 2788 sunt,
3003 2723 3162 2789 idque
3190 2737 3310 2772 cum

1842 2838 1860 2869 ι
1907 2819 2185 2872 consuetis
2234 2815 2507 2886 precibus,
2574 2823 2923 2885 reponantur.
2973 2815 3073 2878 Qui
3131 2822 3308 2866 autem

1840 2928 1859 2960 ι
1909 2911 2116 2977 absque
2151 2910 2220 2964 iis
2267 2919 2574 2970 consecrat.
2606 2919 2665 2962 ut
2700 2907 3099 2964 ecclesiasticas
3143 2905 3312 2958 tradi-

1843 3023 1870 3050 ι
1913 3003 2089 3057 tiones
2121 3011 2516 3070 tranSgressus,
2542 3003 2864 3070 deponatur.
2901 3019 2920 3051 ι

1837 3095 2182 3164 Quaecunque
2242 3095 2440 3164 templa
2496 3104 2624 3148 ante
2673 3095 2813 3149 hanc
2862 3092 3147 3164 synodum,
3195 3090 3314 3141 sine

108 3181 375 3250 συνήθους
403 3179 570 3250 εὐχῆς
600 3179 709 3234 τῶν
736 3182 1050 3236 ἐπισκόπων
1082 3183 1176 3235 καὶ
1198 3183 1466 3251 λειψάνων
1495 3183 1666 3252 ἁγίων

1770 3187 2048 3242 consuetis
2081 3187 2458 3257 episcoporum
2485 3187 2737 3256 precibus
2760 3194 2811 3239 et
2831 3191 3142 3238 sanctorum
3168 3196 3313 3234 mar-

110 3273 408 3344 μαρτύρων
437 3273 955 3344 ἀνῳκοδομήθησαν,
985 3273 1192 3344 ὡρίσθη
1216 3274 1464 3342 γενέσθαι
1496 3276 1664 3341 κατά-

106 3363 257 3419 θεσιν
309 3368 368 3418 ιν
421 3364 606 3426 αὐτοῖς
663 3366 934 3432 λειψάνων
976 3367 1146 3431 ἁγίων
1179 3366 1274 3418 καὶ
1317 3368 1414 3434 τὴν
1456 3367 1660 3435 συνήθη

106 3458 269 3528 εὐχὴν
291 3456 613 3524 τελεσθῆναι
637 3471 651 3486 ⁸
680 3457 796 3509 ὅσοι
825 3456 883 3509 δὲ
926 3455 1064 3524 μετὰ
1091 3456 1188 3526 τὴν
1225 3456 1442 3508 σύνοδον
1460 3455 1663 3524 ταύτην

106 3551 372 3617 ιὺρεθῶσι
397 3553 572 3622 χωρὶς
599 3551 868 3621 λειψάνων
898 3552 1277 3624 καθιεροῦντες
1306 3551 1446 3616 ναὸν,
1470 3553 1666 3604 καθαι-

111 3641 318 3706 ρεῖσθαι
360 3645 852 3714 κατεδικάσθησαν,
880 3645 955 3709 ὡς
983 3645 1294 3716 παραϐάται
1331 3645 1439 3699 τῶν
1466 3645 1657 3715 ἐκκλη-

109 3732 402 3784 σιαστικῶν
435 3735 810 3802 παραδόσεων.

712 3829 950 3880 ΚΑΝΩΝ
973 3827 1050 3882 H'.

114 3932 133 3964 ι
190 3914 408 3986 Ἐπειδὴ
454 3915 794 3984 πλανώμενοί
839 3934 983 3979 τινες
1025 3918 1088 3968 ἐκ
1124 3917 1225 3983 τῆς
1252 3917 1358 3969 τῶν
1399 3915 1662 3985 Ἐὗραίων

181 4026 201 4059 ι
245 4007 541 4077 θρησκείας
569 4007 915 4079 μυκτηρίζειν
959 4007 1138 4072 ἔδοξαν
1160 4007 1393 4075 Χριστὸν
1417 4009 1508 4059 τὸν
1528 4008 1660 4060 Θεὸν

180 4120 199 4149 ι
247 4100 450 4170 ἡμῶν,
525 4099 978 4171 προσποιούμενοι
1044 4100 1144 4166 μὲν
1211 4099 1609 4169 Χριστιανίζειν
1645 4140 1658 4161 ,

182 4209 200 4240 ι
245 4194 405 4245 αὑτὸν
454 4192 512 4246 δὲ
555 4191 878 4262 ἀρνούμενοι
923 4191 1192 4262 κρύϐδην,
1241 4193 1335 4244 καὶ
1387 4190 1662 4260 λαθραίως

191 4303 203 4326 ν
248 4282 690 4346 σαθὸατίζοντες,
711 4285 803 4334 καὶ
834 4283 998 4348 ἕτερα
1033 4282 1299 4335 Ἰουδαῖκᾶ
1341 4283 1617 4344 ποιοῦντες
1644 4299 1659 4314 ο

187 4393 205 4422 ι
246 4375 496 4446 ὁρίζομεν
523 4389 743 4436 τουτους
781 4375 918 4442 μήτε
953 4377 1032 4436 εἷς
1067 4374 1378 4435 κοινωνίαν,
1412 4374 1548 4438 μήτε
1582 4373 1660 4433 είς

189 4485 205 4514 ι
246 4464 431 4534 εὐχὴν,
480 4468 616 4536 μήτε
647 4466 725 4527 είς
760 4462 1050 4532 ἐκκλησίαν
1082 4461 1329 4530 δέχεσθαι
1353 4475 1368 4490 ο
1401 4460 1534 4511 ἀλλὰ
1562 4477 1660 4524 φα-

188 4575 204 4605 ι
251 4554 422 4625 νερῶς
454 4550 595 4611 εἶναι
645 4556 786 4611 κατὰ
812 4554 908 4624 τὴν
939 4553 1146 4605 ἑαυτῶν
1190 4552 1484 4622 θρησκείαν
1537 4549 1658 4602 Ἐὁ-
1692 4559 1734 4610 Ι)

189 4667 205 4700 ι
253 4648 474 4718 ραίους·
518 4649 657 4716 μήτε
700 4642 828 4710 τοὺς
875 4645 1069 4705 παῖδας
1121 4644 1299 4698 αὐτῶν
1354 4641 1658 4712 βαπτίζειν,

197 4761 212 4791 ι
260 4741 391 4810 μήτε
420 4735 605 4790 δοῦλον
637 4737 895 4794 ὠνεῖσθαι
931 4738 962 4808 ἢ
997 4735 1244 4790 κτᾶσθαι.
1275 4735 1336 4786 Et
1366 4735 1420 4786 δὲ
1449 4734 1505 4799 ἐξ
1530 4735 1662 4787 εἰλυ-

196 4855 213 4883 ι
257 4827 474 4903 κρινοῦς
504 4827 742 4888 πίστεως
784 4827 1095 4898 ἐπιστρέψει
1129 4844 1225 4890 ,τις
1262 4827 1322 4890 ἰξ
1355 4828 1532 4881 αὐτῶν
1571 4832 1662 4882 καὶ

201 4947 217 4975 ι
261 4922 582 4995 ὁμολογήσει
627 4919 687 4986 ἐξ
737 4909 864 4990 ὅλης
908 4921 1149 4991 καρδίας,
1201 4918 1547 4988 θριαμϐεύων
1595 4921 1663 4974 τὰ

198 5038 213 5068 ι
260 5015 378 5072 κατ’
426 5012 604 5070 αὐτῶν
647 5011 744 5082 ἔθη
786 5004 880 5065 καὶ
935 5017 1251 5084 πράγματα,
1293 5012 1430 5082 πρὸς
1469 5014 1531 5066 τὸ
1571 5013 1663 5064 καὶ

197 5127 214 5159 ι
255 5111 445 5173 ἄλλους
495 5103 815 5176 ἐλεγχθῆναι
861 5107 957 5157 καὶ
997 5105 1418 5178 διορθώσασθαι,
1477 5107 1663 5158 τοῦτον

203 5218 219 5247 ι
263 5197 674 5271 προσδέχεσθαι,
719 5195 815 5249 καὶ
861 5194 1142 5264 βαπτίζειν
1189 5199 1314 5259 τοὺς
1347 5196 1542 5258 παῖδας
1570 5195 1664 5249 αὐ-

201 5309 218 5339 ι
259 5292 374 5356 τοῦ,
419 5295 514 5347 καὶ
558 5289 945 5360 ἁσφαλίζεσθαι
993 5289 1186 5351 αὐτοὺς
1231 5291 1532 5357 ἀποστῆναι
1557 5287 1664 5341 τῶν

204 5401 222 5429 ι
268 5382 575 5449 Ἑϐραϊκῶν
629 5381 1070 5456 ἐπιτηδευμάτων
1099 5395 1113 5409 °
1166 5381 1215 5432 εί
1260 5380 1315 5432 δὲ
1373 5381 1448 5448 μὴ
1495 5378 1665 5440 οὕτως

204 5493 220 5523 ι
263 5475 454 5546 ἔχοιεν,
492 5475 750 5545 μηδαμῶς
784 5476 977 5535 αὐτοὺς
1016 5471 1419 5543 προσδέχεσθαι,
1467 5488 1484 5519 ι

205 5564 386 5619 ΒΑΛΣ.
459 5562 701 5616 Ἰουδαῖοί
741 5581 908 5631 τινες,
958 5565 1129 5634 ἔνοχοι
1167 5561 1528 5626 καταστάντες
1575 5559 1665 5611 ἐπί

137 5668 267 5712 τισιν
317 5654 658 5716 ὑποθέσεσιν,
713 5658 806 5708 καὶ
854 5657 1096 5720 θέλοντες
1143 5655 1340 5717 ταύτας
1385 5654 1664 5720 ἐκφυγεῖν,

143 5750 495 5820 προσήρχοντο
515 5747 581 5813 τῇ
615 5743 879 5814 ὀρθοδόξῳ
904 5747 1106 5810 πίστει,
1130 5749 1220 5800 καὶ
1249 5741 1666 5816 προσεποιοῦντο

153 5841 240 5894 μιν
267 5843 335 5895 τὰ
365 5839 470 5894 τῶν
502 5835 839 5900 Χριστιανῶν
873 5841 1110 5902 φρονεῖν,
1158 5841 1218 5904 τῇ
1267 5837 1490 5906 ἀληθείᾳ
1516 5835 1570 5888 δὲ
1600 5836 1665 5888 τὰ

1772 3292 1948 3348 Iyrum
1979 3281 2250 3345 reliquiis.
2309 3281 2534 3334 fundata
2565 3280 2803 3339 fuerunt,
2855 3277 2907 3328 in
2969 3276 3049 3328 eis
3099 3286 3314 3328 sanctas

1767 3373 2029 3440 reliquias
2079 3373 2300 3440 deponi,
2351 3379 2408 3424 et
2472 3381 2764 3425 consuetas
2811 3383 2996 3438 preces
3051 3369 3312 3422 celehrari

1748 3451 2043 3519 'deiinitunt
2068 3472 2171 3518 cst.
2198 3462 2518 3532 Quicunque
2543 3473 2720 3515 autem
2751 3472 2868 3531 post
2889 3461 3024 3514 hanc
3053 3460 3311 3530 synodum

1767 3557 1886 3610 sine
1915 3556 2160 3624 reliquiis
2202 3557 2461 3625 templum
2507 3569 2863 3608 consecrasse
2904 3551 3309 3620 deprehendan-

1770 3657 1878 3709 tur.
1912 3647 2251 3716 depositione
2275 3647 2624 3709 damnantur,
2681 3656 2738 3698 ut
2763 3645 3110 3697 lraditionum
3141 3642 3313 3696 cccle-

1769 3740 2112 3794 siasticarum
2147 3749 2598 3804 transgressores.

2245 3825 2409 3893 293
2445 3821 2667 3877 CANON
2711 3820 2843 3876 vut.

1773 3937 1791 3967 ι
1839 3917 2105 3983 Quoniam
2125 3917 2471 3971 Hebraeorum
2501 3916 2782 3985 religionis
2806 3918 3021 3984 quidam
3071 3927 3311 3970 errantes

1842 4029 1860 4062 ι
1906 4009 2183 4076 Christum
2205 4009 2372 4064 Deum
2406 4021 2651 4063 nosmtm
2675 4010 3015 4063 subsannare
3043 4008 3138 4060 visi
3165 4021 3310 4074 sunt,

1845 4121 1862 4151 ι
1910 4117 2032 4157 sese
2058 4103 2274 4172 quidem
2301 4101 2640 4156 Christianos
2668 4114 2788 4152 esse
2815 4099 3096 4165 ﬁngentes,
3135 4099 3304 4168 ipsum

1768 4207 1772 4213 ·
1841 4213 1860 4245 ι
1907 4207 2086 4249 autem
2113 4195 2327 4250 occulte
2355 4199 2576 4259 negant,
2618 4196 2672 4241 et
2713 4187 3022 4240 clanculum
3075 4188 3309 4244 Sabbata

1843 4305 1860 4335 ι
1904 4288 2230 4346 observant,
2291 4290 2345 4334 et
2395 4280 2560 4333 multa
2632 4279 2733 4336 alia
2786 4279 3006 4334 Judaica
3061 4281 3304 4337 faciunt:

1840 4395 1859 4427 ι
1909 4377 2221 4432 statuimus.
2285 4380 2342 4425 ιιι
2397 4371 2487 4426 isti
2539 4387 2715 4441 neque
2758 4371 2821 4424 ad
2850 4371 3314 4440 communionem.

1841 4484 1860 4516 ι
1910 4478 2086 4532 neque
2118 4462 2184 4516 ad
2211 4462 2542 4529 orationem,
2588 4479 2762 4530 neque
2799 4461 2864 4515 ad
2901 4462 3189 4517 ecclesiam
3219 4464 3310 4516 ad-

1839 4573 1856 4606 ι
1905 4556 2223 4619 mittantur;
2287 4555 2382 4610 sed
2415 4563 2601 4622 aperte
2652 4554 2761 4606 sint
2827 4555 3124 4624 secundum
3154 4569 3304 4607 suam

1842 4664 1860 4697 ι
1908 4646 2223 4718 religionem
2262 4645 2494 4707 Hebraei,
2517 4655 2571 4697 et
2612 4657 2788 4710 neque
2819 4643 2959 4699 ﬁlios
2979 4661 3106 4700 suos
3137 4645 3305 4712 bapti-

1842 4758 1860 4789 ι
1907 4749 2054 4802 zent,
2091 4733 2266 4806 ne'que
2296 4748 2511 4788 servum
2554 4743 2736 4788 emant
2756 4736 2837 4787 vel
2868 4737 3186 4803 possideant.
3247 4733 3300 4784 Si

1841 4847 1858 4880 ι
1906 4838 2086 4883 autem
2147 4841 2210 4880 ex
2244 4839 2378 4894 pura
2410 4833 2462 4878 et
2511 4825 2721 4879 sincera
2787 4827 2891 4880 (ide
2953 4827 3071 4892 quis
3116 4840 3298 4877 eorum

1836 4941 1856 4971 ‹
1902 4933 2215 4980 conversus,
2244 4925 2298 4970 et
2345 4931 2407 4970 ex
2441 4923 2556 4971 toto
2610 4916 2777 4971 corde
2805 4915 3082 4969 confessus
3117 4913 3298 4975 fuerit,

1839 5031 1856 5063 ι
1905 5025 2092 5064 eorum
2157 5009 2398 5064 morihus
2425 5019 2481 5064 et
2508 5009 2670 5064 rebus
2720 5005 2983 5060 insultans
3029 5020 3093 5057 ac
3136 5004 3297 5058 veluti

1837 5124 1854 5155 ι
1904 5103 2235 5170 triumphum
2287 5117 2452 5171 agens
2481 5141 2497 5164 ,
2548 5108 2608 5153 ut
2651 5106 2706 5151 et
2749 5095 2839 5148 alii
2899 5095 3215 5151 refellantur
3246 5106 3301 5150 et

1836 5216 1854 5247 ι
1902 5198 2283 5265 corrigantur;
2313 5208 2434 5246 eum
2470 5188 2771 5260 recipiant.
2801 5197 2856 5239 et
2890 5187 3159 5254 baptizent
3182 5188 3300 5257 ejus

1840 5310 1856 5339 ι
1906 5289 2144 5351 liberos;
2192 5294 2245 5339 et
2296 5288 2520 5342 caveant
2566 5278 2668 5347 ipsi
2728 5292 2788 5332 se
2833 5279 2898 5334 ah
2952 5280 3297 5333 Hebraeorum

1841 5398 1858 5430 ι
1907 5377 2103 5432 studiis
2129 5387 2180 5429 et
2213 5368 2471 5424 institutis
2497 5369 2798 5422 descituros
2828 5383 2842 5420 :
2875 5369 2956 5423 sin
2985 5378 3162 5420 autem
3192 5381 3295 5419 non

1839 5489 1855 5518 ι
1905 5469 1976 5520 ita
2010 5482 2066 5519 se
2101 5469 2309 5532 gerant.
2338 5475 2430 5513 eos
2456 5459 2602 5513 nullo
2633 5460 2790 5513 modo
2815 5460 3116 5513 admittant.
3166 5478 3181 5509 ι

1836 5556 2026 5610 BALS.
2064 5553 2230 5606 Judzei
2257 5550 2500 5619 quidatn,
2536 5565 2659 5605 cum
2712 5551 3066 5620 quorumdam
3116 5549 3297 5601 crimi-

1767 5666 1890 5702 num
1931 5647 2005 5700 rei
2065 5649 2376 5712 agerentur,
2429 5643 2631 5696 vellent
2665 5650 2843 5696 autem
2900 5639 3296 5694 damnationem

1765 5739 2019 5807 ell'ugere,
2077 5736 2140 5787 ad
2196 5734 2350 5786 iidem
2375 5731 2734 5787 Christianam
2766 5719 3111 5787 accedebant.
3149 5737 3201 5780 et
3240 5742 3298 5780 se

1768 5832 2072 5885 Christiana
2133 5826 2348 5896 quidem
2380 5825 2580 5877 sentire
2623 5837 2730 5891 pra:
2778 5836 2832 5873 se
2891 5817 3152 5884 furebant,
3205 5821 3297 5876 sed
