3988 6352
84 491 185 557 917

1087 501 1170 562 IN
1223 503 1388 566 CAN.
1431 505 1516 564 1x
1553 462 1899 571 corvom
1930 511 2288 573 (ECUMEN'.

3199 521 3305 583 918

86 606 339 675 καθαρᾶς
358 607 614 675 πίστεως,
632 608 752 666 ἀντὶ
773 607 889 676 τοῦ,
904 609 1159 684 καθαρῶς
1174 614 1266 667 καὶ
1279 616 1635 687 ἀνυποκρίτως

1756 622 1903 684 dere,
1954 624 2246 679 donatione
2282 624 2562 685 nimirum.
2618 635 2712 681 aut
2739 628 3173 697 permutatione,
3215 638 3308 681 aut

88 701 413 766 πιστεύσας,
441 703 759 772 ἐπιστρέψει⁷
786 722 867 768 τις
896 706 1078 759 αὐτῶν
1107 707 1202 759 καὶ
1234 708 1554 777 ὁμολογήσει
1589 711 1647 774 ἐξ

81 790 213 857 ὅλης
244 793 495 862 καρδίας,
538 795 657 847 ἀντὶ
689 794 809 859 τοῦ,
831 797 897 849 τὰ
927 798 1065 850 αὐτὰ
1096 800 1225 868 ἡμῖν
1260 799 1426 866 λέγει,
1457 802 1549 853 καὶ⁸
1579 804 1647 855 τὰ

86 880 183 951 ἔθη
211 884 281 935 τὰ
310 885 487 938 οίκεῖα
516 885 611 939 καὶ
653 887 751 938 ὅσα
780 888 1080 958 πράττουσι
1111 890 1453 958 θριαμϐεύει,
1481 893 1646 961 ἤγουν

80 976 161 1035 εἰς
184 974 246 1026 τὸ
276 975 509 1042 φανερὸν
542 978 857 1045 προτίθησι,
884 981 983 1031 καὶ
1010 981 1315 1034 συντίθεται
1350 982 1423 1049 μὴ
1452 984 1642 1045 ποιεῖν,

85 1065 227 1117 ὥστε
258 1067 355 1134 καὶ
382 1068 559 1131 ἄλλως
582 1070 907 1138 ἐλεγχθῆναι
953 1072 1285 1138 ὁμοπίστους
1323 1072 1491 1141 αὐτῷ,
1548 1076 1644 1126 καὶ

78 1156 439 1225 διορθωθῆναι
487 1159 578 1212 τὸν
599 1159 839 1239 τοιοῦτον
877 1163 1269 1232 προσδέχεσθαι
1312 1165 1402 1217 καὶ
1441 1164 1638 1233 βαπτί-

83 1246 218 1312 ζειν,
254 1251 351 1301 καὶ
381 1251 579 1313 παῖδας
607 1253 793 1314 αὐτοῦ,
845 1254 937 1306 καὶ
967 1255 1213 1324 ἀκριϐῶς
1243 1256 1529 1326 προσέχειν
1549 1259 1644 1309 αύ-

79 1338 211 1400 τοτς,
266 1337 407 1391 ὥστε
452 1340 753 1409 ἀποστῆναι
790 1342 898 1394 τῶν
932 1344 1238 1413 Ἑϐραϊκῶν
1275 1348 1642 1415 ἐπιτηδευμὰ-

78 1443 227 1479 των·
259 1430 435 1489 ἄλλως
492 1431 547 1483 δὲ
597 1432 793 1496 αὐτοὺς
848 1434 923 1505 μὴ
970 1436 1387 1505 προσδέχεσθαι.
1454 1438 1563 1489 Καὶ
1612 1440 1639 1491 6

78 1522 251 1587 μέγας
285 1521 342 1573 δὲ
377 1522 655 1587 Βασίλειος
673 1526 729 1577 ὲν
753 1525 988 1597 πέμπτῳ
1020 1529 1225 1594 κανόνι,
1258 1528 1396 1591 Τοὺς
1423 1546 1643 1597 μετανο·

76 1610 271 1674 οὗντας
304 1611 401 1674 δεῖ,
446 1615 608 1682 φησι,
649 1614 899 1685 δέχεσθαι
929 1632 945 1647 ·
980 1620 1080 1672 οὐκ
1124 1620 1361 1689 ἀκρίτως
1388 1620 1467 1680 δὲ,
1504 1622 1640 1674 ἀλλὰ

78 1702 402 1769 δοκιμάζειν
452 1706 502 1757 εί
581 1706 794 1775 ἀληθῶς
847 1710 941 1761 καὶ¹
994 1709 1230 1778 γνησίως
1294 1712 1635 1779 μετανοοῦσι.

81 1792 188 1843 Καὶ
219 1792 249 1843 6
284 1794 564 1858 πολιτικὸς
607 1798 769 1865 νόμος
825 1798 1027 1865 πολλὴν
1064 1801 1338 1853 ποιεῖσθαι
1391 1801 1637 1866 θεσπίζει

81 1882 206 1948 περὶ
257 1885 370 1939 τῶν
422 1891 882 1959 προσερχομένων
942 1891 1216 1944 Ἰουδαίων
1261 1892 1360 1963 τὴν
1415 1894 1639 1964 ἀκριεοτ

70 1972 277 2036 λογίαν.

1749 714 1853 766 alia
1885 730 2208 783 quacunque
2262 719 2475 772 ratione
2515 719 2825 787 quresitum,
2888 723 3111 774 minime
3145 722 3305 776 licere

1752 804 2018 857 decernit.
2054 805 2209 870 Quod
2241 809 2284 861 si
2314 823 2503 862 eorum
2534 809 2806 878 quispiam
2842 825 2906 863 ex
2937 822 3151 879 pura_et
3190 812 3303 865 sin—

1747 909 1870 945 cera
1900 895 2023 958 fide,
2056 896 2157 967 boc
2184 907 2287 960 est,
2318 913 2454 965 puro
2487 898 2669 951 animo
2701 908 2861 964 atque
2897 902 3041 952 omni
3078 899 3303 953 simula-

1748 984 1894 1037 tione
1923 974 2161 1049 sublata,
2181 986 2305 1039 fidei
2340 988 2611 1057 mysteriis
2644 1002 2907 1043 assensus
2933 998 3303 1052 convertatur,

1746 1083 1910 1141 atque
1936 1090 2000 1128 ex
2035 1086 2147 1131 toto
2174 1078 2343 1132 corde
2374 1080 2716 1140 confiteatur,
2750 1080 2852 1132 hoc
2883 1089 2986 1144 est,
3024 1081 3302 1134 nobiscum

1747 1164 1798 1215 in
1824 1167 2081 1223 omnibus
2104 1170 2263 1236 plane
2290 1173 2621 1233 consentiat,
2643 1182 2696 1226 et
2722 1174 2787 1226 de
2815 1188 3036 1227 suorum
3063 1174 3305 1224 moribus

1747 1270 1810 1309 ac
1846 1258 2111 1313 institutis
2144 1262 2451 1330 quibusque
2490 1262 2822 1329 triumphum
2857 1272 3007 1331 agat,
3063 1264 3164 1316 lioc
3201 1274 3305 1326 est,

1746 1361 1802 1399 se
1837 1347 1967 1399 nihil
1996 1350 2173 1403 simile
2204 1351 2472 1405 facturum
2500 1363 2681 1420 aperte
2710 1351 3023 1422 profiteatur
3058 1368 3120 1415 ac
3146 1367 3305 1418 spon-
3342 1378 3346 1383 ~

1743 1439 1891 1501 deat,
1930 1448 1987 1493 ut
2015 1457 2080 1495 ex
2110 1457 2176 1495 eo
2206 1443 2295 1497 alii
2332 1461 2549 1514 quoque
2600 1447 2803 1499 erroris
2841 1446 2973 1498 socii
3008 1444 3306 1497 refutentur

1745 1543 1808 1582 ac
1847 1532 2171 1599 resipiScant
2192 1552 2205 1587 :
2227 1538 2434 1588 admitti
2457 1538 2755 1601 hominem,
2783 1536 3071 1604 ipsumque
3094 1544 3145 1590 et
3170 1534 3305 1589 ﬁiiOS

1748 1620 2035 1691 baptizari,
2071 1626 2443 1694 studioseque
2484 1627 2652 1695 ipsos,
2689 1609 2759 1676 ‘ut
2808 1626 2875 1678 ab
2930 1623 3208 1679 Hebraicis
3248 1639 3305 1677 se

1743 1712 2009 1801 institutis
2057 1715 2384 1784 abjuugant,
2432 1716 2744 1779 obsnrvari;
2780 1730 2937 1769 secus
2972 1717 3194 1768 omnino
3225 1731 3307 1767 re-

1742 1804 1866 1871 pelli
1913 1805 2111 1871 placet.
2169 1804 2397 1874 Magnus
2432 1823 2560 1860 vero
2589 1808 2752 1861 etiam
2794 1806 3031 1861 Basilius
3063 1848 3076 1869 ,
3118 1807 3307 1874 quinto

1743 1910 1989 1950 canone:
2015 1897 2185 1962 Quos,
2218 1899 2432 1967 inquit,
2467 1899 2638 1952 errati
2683 1898 2935 1966 pmnitet,
2992 1895 3304 1950 admittendi

1739 1996 1906 2041 sunt:
1949 2004 2053 2041 non
2088 1998 2269 2043 tamen
2308 1992 2375 2044 iis
2410 2000 2613 2045 temere
2656 1990 2901 2045 habenda
2929 1990 3082 2051 fides,
3115 1988 3205 2042 scd
3240 2002 3306 2038 an

70 2081 318 2123 vereeos
351 2078 403 2124 et
436 2053 710 2126 exanimo
753 2073 1015 2142 paeniteat
1096 2076 1283 2131 sedulo
1338 2076 1802 2147 c0gnoscendnm.
1871 2078 1943 2132 De
2000 2078 2207 2136 Judaais
2265 2081 2473 2145 itidem,
2541 2092 2601 2136 ut
2656 2096 2768 2136 non
2853 2080 2957 2136 nisi
3022 2080 3308 2149 diligenter

69 2164 364 2218 examinati
402 2167 722 2237 probatique
771 2170 1129 2238 recipiantur,
1181 2172 1359 2226 civilia
1406 2187 1622 2241 quoque
1649 2173 1772 2242 jura
1817 2174 2143 2229 decernunt.

67 2254 285 2307 ΑΡΙΣΤ.
352 2275 372 2308 ι
426 2258 709 2327 Ἐϐραίους
778 2260 851 2328 μὴ
920 2261 1119 2329 χρῆναι
1207 2261 1624 2330 προσδέχεσθαι.
1680 2260 1683 2265 ’

140 2365 160 2397 ι
209 2348 258 2399 εί
302 2348 378 2416 μὴ
433 2349 707 2416 ῳαίνοιντο
758 2349 817 2414 ἐξ
864 2349 1194 2421 εἰλικρινοῦς
1239 2350 1462 2419 καρδίας
1508 2352 1628 2402 ἐπι-

142 2453 162 2485 ι
206 2437 549 2505 πρὲέροντες.
598 2457 616 2490 ι
664 2439 893 2506 Σαφής.

663 2530 903 2607 ΚΑΝΩΝ
1002 2562 1005 2565 μ

77 2636 92 2667 ι
139 2618 324 2674 Πάντα
384 2619 453 2672 τὰ
500 2620 838 2691 μειρακιώδη
886 2622 1179 2693 ἀθύρματα
1234 2627 1328 2675 καὶ
1383 2622 1625 2692 μανιώδη

141 2728 160 2759 ι
207 2708 586 2778 βακχεύματα,
624 2710 692 2763 τὰ
734 2710 1345 2783 ψευδοσυγγράμματα,
1372 2713 1439 2767 τὰ
1490 2712 1630 2766 κατὰ

140 2818 159 2849 ι
202 2800 315 2851 τῶν
338 2800 552 2853 σεπτῶν
581 2801 805 2854 εἰκόνων
830 2803 1113 2871 γινόμενα,
1142 2805 1261 2857 δέον
1295 2804 1515 2872 δοθῆναι
1549 2803 1626 2873 τῷ

145 2908 163 2939 ι
204 2890 545 2959 ἱπισκοπείῳ
600 2892 1250 2965 Κωνσταντινουπόλεως,
1290 2895 1372 2947 ἵνα
1431 2896 1630 2946 ἀποτε-

144 3000 161 3030 ι
207 2980 341 3034 θῶσι
379 2981 521 3049 μετὰ
560 2982 667 3034 τῶν
707 2982 913 3036 λοιπῶν
944 2985 1236 3054 αἱρετικῶν
1267 2984 1490 3055 βιϐλίων
1518 3001 1532 3015 ·
1579 2987 1630 3038 εἰ

145 3090 163 3122 ι
209 3072 266 3124 δέ
295 3089 377 3133 τις
402 3071 646 3142 εὑρεθείη
676 3074 845 3126 ταῦτα
873 3076 1148 3145 κρύπτων,
1180 3076 1229 3127 εί
1271 3077 1371 3144 μὲν
1406 3077 1631 3129 ἐπίσκο-

143 3183 162 3215 ι
208 3181 311 3226 πος
366 3166 398 3235 ἢ
455 3165 830 3236 πρεσϐύτερος
887 3167 919 3236 ἢ
970 3166 1382 3236 διάκονοςείη,
1438 3168 1632 3221 καθαι-

142 3273 161 3305 ι
210 3256 446 3324 ρείσθω·
505 3258 553 3308 εί
620 3256 675 3309 δὲ
751 3258 937 3321 λαῖκδς
994 3260 1026 3328 ἢ
1097 3260 1375 3330 μοναχὺς,
1428 3263 1629 3333 ἀφορι-

142 3366 159 3397 ι
207 3348 397 3411 ζέσθω.
440 3367 460 3399 ι
782 3375 786 3379 ·

137 3440 329 3493 ΒΑΛΣ.
370 3440 484 3508 Τῆς
526 3440 634 3493 τῶν
677 3441 1320 3511 Χριστιανοκατηγόρων.
1350 3442 1470 3510 ἦτοι
1515 3442 1623 3494 τῶν

78 3532 460 3584 εἰκονοκαυτῶν
512 3532 773 3601 αἱρέσεως
823 3534 1176 3603 κρατησάσης
1231 3533 1322 3587 ἐπὶ
1375 3532 1535 3599 πολὺ,
1580 3535 1629 3585 οῑ

77 3623 243 3693 ταύτῃ
290 3624 707 3692 προσκείμενοι,
756 3624 845 3677 διὰ
898 3624 1127 3692 γραφῶν
1177 3625 1277 3687 τὰς
1322 3625 1466 3677 κατᾶ
1519 3624 1630 3677 τῶν

80 3710 244 3779 ἁγίων
262 3715 487 3767 εἰκόνων
512 3714 646 3783 βλασ
657 3732 723 3782 aq
732 3714 861 3781 μίας
879 3715 1056 3767 αὐτῶν
1084 3716 1443 3785 ὲστηλίτευον.
1463 3717 1631 3769 Φασὶν

79 3799 165 3856 οὖν
188 3803 237 3853 οί
267 3802 763 3873 Πατέρεςδφείλειν
794 3804 997 3865 ταύτας
1042 3805 1260 3874 δοθῆναι
1308 3806 1393 3873 ἐφ’
1423 3801 1466 3875 ᾧ
1497 3809 1633 3858 ἀπο-

79 3892 305 3945 τεθεῖναι
361 3894 420 3944 ὲν
463 3893 544 3962 τῷ
597 3893 933 3962 ἐπισκοπείῳ
978 3894 1076 3962 τῆς
1117 3896 1631 3949 Κωνσταντινουπόο

82 3983 231 4048 λεως,
274 3985 403 4038 ἔνθα
456 3987 780 4039 ἀπόκεινται
825 3986 919 4039 καὶ
974 3987 1043 4039 τὰ
1079 3986 1238 4039 λοιπὰ
1292 3987 1471 4055 ﬁtﬁt:
1521 3987 1630 4039 τῶν

84 4076 387 4145 αἱρετικῶν.
421 4076 560 4139 Τοὺς
600 4075 656 4130 δὲ
701 4075 1039 4146 κρύπτοντας
1072 4077 1262 4138 ταῦτα,
1298 4076 1629 4146 ίερωμένους

92 4168 181 4240 μὲν
206 4167 386 4233 ὄντας,
416 4168 817 4238 καθαιρεῖσθαι,
847 4168 1069 4232 λαῖκοὺς
1102 4170 1159 4222 δὲ
1211 4169 1304 4222 καὶ
1340 4170 1631 4240 μοναχοὺς,

89 4238 451 4324 ἇᾷορίζεσθαι.
489 4258 687 4320 Καλῶς
730 4258 786 4310 δὲ
833 4257 1124 4326 ὠνόμασαν
1169 4262 1220 4313 οί
1275 4238 1521 4331 Πατέρες
1564 4261 1633 4312 τὰ

86 4347 298 4399 τοιαῦτα
331 4350 739 4418 συγγράμματα
767 4348 1098 4419 μειρακιώδη
1123 4350 1446 4419 ἀθύρματα,
1469 4352 1633 4420 ἧγουν

89 4425 318 4506 νηπῶδη
367 4439 597 4504 παίγνια
650 4440 742 4491 καὶ
799 4438 1039 4509 μανιώδη
1082 4438 1465 4510 βακχεύματα,
1514 4440 1631 4511 ἦτοι

94 4529 420 4595 μαινομένων
469 4528 688 4598 βακχῶν
744 4530 1111 4601 φλυαρὴματα
1140 4548 1153 4560 ·
1208 4532 1291 4584 ὃτι
1341 4531 1630 4584 εὐδιάλυτα

92 4623 179 4671 καὶ
214 4601 602 4675 εύκατάἆειστά
631 4620 768 4674 εἰσιν
798 4622 870 4685 ὡς
919 4623 988 4674 τὰ
1017 4621 1126 4674 τῶν
1158 4622 1461 4693 μειρακίων
1496 4624 1629 4675 παίο

1650 3378 1693 3433 C

1736 2262 1963 2316 ARIST.
2009 2283 2028 2316 ι
2064 2264 2319 2319 Ηθῐιικιιοε
2376 2267 2662 2319 admittere
2723 2281 2829 2323 non
2882 2272 3131 2334 oportet,
3200 2265 3302 2320 nisi

1805 2368 1825 2401 ι
1871 2369 1964 2406 eos
1999 2355 2214 2409 sincero
2237 2359 2400 2411 corde
2426 2371 2723 2411 conversos
2757 2372 2877 2413 esse
2914 2356 3240 2411 conmiterit.
3276 2376 3295 2408 υ

1807 2443 2156 2512 Perspicuus.

2321 2539 2550 2595 CANON
2613 2540 2706 2594 IX.

1739 2648 1758 2681 ι
1788 2631 2023 2684 Puerilia
2048 2634 2229 2685 omnia
2254 2632 2484 2686 ludibria
2509 2633 2822 2703 furiosaque
2843 2634 2984 2689 dicta
3007 2649 3065 2688 ac
3087 2633 3307 2701 scripta,

1816 2740 1834 2771 ι
1881 2738 2002 2789 qua:
2092 2723 2356 2777 adversus
2420 2723 2756 2777 venerabiles
2831 2723 3095 2789 imagines
3164 2723 3305 2774 edita

1808 2831 1826 2863 ι
1868 2801 2019 2876 sunt,
2055 2812 3105 2882 episcopioConstantinOpolitanotradi
3138 2826 3303 2877 oporo

1806 2921 1825 2954 ι
1874 2911 1969 2967 tet,
2022 2912 2079 2955 ut
2109 2919 2235 2956 cum
2268 2904 2491 2973 reliquis
2526 2890 2797 2957 haereticis
2832 2904 2989 2957 libris
3026 2904 3305 2971 deponan-

1805 3009 1825 3038 ι
1871 2998 1979 3043 tur.
2048 2988 2105 3042 Si
2135 2990 2259 3059 quis
2285 2998 2464 3044 autem
2491 2990 2604 3044 IIIBC
2633 2991 2809 3044 celare
2836 2992 3088 3045 iuventus
3123 2990 3307 3052 fuerit,

1814 3098 1834 3133 ι
1879 3082 1923 3135 si
1957 3080 2173 3151 quidem
2206 3082 2495 3150 episcopus
2519 3083 2600 3134 vel
2626 3083 2908 3152 presbyter
2936 3086 3017 3137 vel
3047 3084 3306 3136 diaconus

1812 3190 1832 3223 ι
1876 3172 1966 3235 sit,
1999 3171 2339 3239 deponatur:
2385 3174 2468 3228 sin
2497 3188 2625 3227 vero
2660 3174 2842 3234 laicus,
2867 3176 2945 3228 rel
2988 3174 3307 3235 monachus,

1811 3279 1830 3311 ι
1875 3270 2206 3333 segregetur.
2234 3281 2252 3313 ι

1805 3438 2001 3491 BALS.
2052 3437 2187 3491 Cum
2228 3436 2684 3492 Christianorum
2732 3437 2973 3493 hostium
3031 3455 3129 3494 seu
3172 3441 3305 3493 ima-

1734 3528 1919 3598 ginqu
1958 3516 2276 3601 egustorum
2328 3529 2419 3581 diu
2463 3528 2788 3582 invaluisst-t
2823 3526 3066 3595 haeresis,
3117 3534 3208 3601 qui
3258 3532 3310 3584 ei

1735 3620 2109 3683 adhaerebant,
2164 3635 2292 3674 suas
2337 3620 2601 3675 adversus
2630 3635 2823 3675 sacras
2859 3615 3119 3690 imagines
3163 3624 3307 3675 blat-

1735 3712 1983 3781 phemias
2009 3711 2203 3766 litteris
2244 3712 2602 3765 mandabant.
2677 3710 2877 3765 Dicunt
2923 3729 3051 3781 ergo
3093 3712 3305 3777 Patres,

1736 3818 1827 3857 eas
1851 3789 2254 3860 debereitradi.
2306 3811 2364 3854 ut
2404 3802 2457 3853 in
2493 3801 2775 3869 episcopio
2805 3799 3308 3870 ConSIantinopoli-

1734 3898 1865 3944 tano
1915 3898 2274 3959 reponantur,
2335 3891 2426 3945 ubi
2472 3901 2817 3960 reponuntur
2848 3892 3042 3963 reliqui
3092 3908 3310 3963 quoque

1736 3980 1859 4035 libri
1892 3981 2309 4036 haereticorum:
2356 3997 2452 4038 eos
2480 3991 2682 4047 autem,
2720 3983 2813 4052 qui
2853 3983 2965 4038 haec
2994 3984 3308 4051 cclaverint,

1737 4073 1780 4127 si
1820 4075 2036 4143 quidem
2088 4074 2262 4129 sacris
2311 4074 2601 4131 ordinibus
2640 4075 2837 4129 initiati
2883 4076 3013 4137 sint,
3070 4075 3306 4144 deponi;

1738 4166 1822 4219 sin
1852 4180 1978 4219 vero
2008 4164 2133 4219 laici
2161 4167 2245 4221 vel
2273 4166 2549 4229 monachi,
2582 4164 2885 4235 segregari.
2927 4166 3090 4221 Recte
3124 4179 3305 4222 autem

1735 4254 1927 4311 Patres
1981 4256 2252 4325 ejusmodi
2305 4258 2509 4320 scripta
2565 4256 2917 4312 nominarunt
2962 4260 3191 4327 puerilia
3226 4262 3308 4314 ln-

1735 4346 1934 4410 dibria,
1984 4348 2089 4401 hoc
2125 4356 2230 4409 est,
2258 4344 2466 4400 ludicra
2501 4345 2798 4416 puerorum
2834 4349 3225 4405 oblectamenta
3257 4361 3309 4405 et

1734 4439 1923 4493 insana
1955 4453 2017 4491 ac
2051 4438 2308 4492 baccliica
2359 4453 2643 4506 responsa,
2677 4439 3067 4494 insanientium
3096 4443 3306 4497 scilicet

1734 4529 2066 4583 bam-barum
2098 4543 2307 4596 nugas;
2339 4528 2465 4596 quia
2495 4540 2623 4584 sunt
2651 4530 2829 4582 solutu
2862 4526 3042 4583 facilia
3071 4540 3128 4586 et
3158 4533 3306 4585 nullo

1736 4619 1953 4689 negotio
2004 4619 2428 4683 labefactabilia,
2492 4628 2552 4674 ut
2609 4633 2899 4689 puerorum
2948 4621 3203 4687 ludibria,
3251 4632 3304 4674 et

94 4728 229 4775 γνια,
260 4710 351 4762 καὶ
378 4711 734 4778 ἁξιογέλαστα
763 4712 837 4775 ὡς
869 4713 936 4767 τὰ
961 4712 1085 4781 ,τῶν
1117 4715 1459 4782 μαινομένων
1495 4698 1631 4785 ἔργα

1743 4711 1962 4765 ridicula
1999 4720 2056 4763 ut
2090 4711 2422 4765 furiosorum
2447 4722 2501 4767 et
2520 4711 2798 4767 ebriorum
2832 4727 3019 4783 opera.
3084 4713 3305 4766 Bacchae

94 4804 180 4855 καὶ
218 4803 538 4870 μεθυόντων.
569 4803 634 4856 Δί
670 4800 868 4871 βάκχαι
902 4804 1009 4873 γὰρ
1058 4806 1209 4873 χοροὶ
1250 4800 1394 4873 ἦσαν
1440 4823 1631 4874 μαινοο

298 4888 555 4962 ἑπόμενοι
599 4893 678 4963 τῷ
711 4892 891 4968 ἐφόρεε
932 4897 1031 4965 τῆς
1082 4893 1250 4965 μέθης
1299 4896 1632 4968 ψευδωνύμιρ

96 4985 192 5052 θεῷ
218 4983 290 5055 τῷ
316 4983 575 5052 Διονύσῳ.
603 4985 667 5038 Ol
704 4983 886 5053 μέντοι
916 4986 1069 5055 νόμοι
1091 4985 1171 5037 τὰ·
1196 4985 1306 5038 τῶν
1332 4989 1630 5055 αίρετικῶν

101 5076 263 5139 emta
284 5075 603 5147 διορίζονται
628 5075 897 5128 καίεσθαι.
931 5078 1038 5129 Καὶ
1074 5076 1224 5146 ζήτει
1252 5093 1377 5145 κεφ.
1417 5087 1467 5143 γ’
1525 5080 1620 5132 τού

103 5161 160 5229 εβ¹
188 5164 350 5217 τίτλον
387 5150 497 5217 ’τοῦ
530 5162 794 5233 παρόντος
825 5167 1217 5235 συντάγματος,
1243 5167 1333 5218 καὶ
1376 5168 1629 5236 εὑρήσεις

101 5254 153 5303 ἐν
200 5254 339 5324 αὑτῷ
383 5254 809 5326 κατεστρωμένα
850 5271 976 5320 κεφ.
1015 5256 1247 5326 διάφορα
1297 5255 1452 5309 τοῦτο
1499 5258 1631 5309 αὐτὸ

105 5342 587 5412 παρακελευόμενα.
626 5343 781 5397 Εἴποι
809 5342 872 5395 δέ
917 5329 1018 5405 τις,
1052 5346 1129 5395 Δι’
1160 5348 1225 5414 ἢν
1270 5346 1450 5398 αἰτίαν
1477 5347 1504 5397 6
1532 5346 1629 5413 μὲν

108 5430 273 5485 κινῶν
313 5434 379 5486 τὰ
407 5435 518 5487 τῶν
569 5434 1181 5504 Χριστιανοκατηγόρων
1227 5435 1407 5504 βιϐλία
1444 5434 1632 5497 ἀποτί-

106 5521 277 5575 θεσθαι
320 5525 377 5577 ἐν
422 5523 499 5591 τῷ
535 5524 876 5591 ’ἑπισκοπείῳ
916 5524 1229 5592 διορίζεται,
1274 5528 1322 5577 οι
1372 5526 1522 5593 νόμοι
1576 5524 1632 5576 δὲ

109 5614 335 5667 καίεσθαι
370 5615 543 5668 ταῦτα
576 5616 898 5684 διορίζονται
921 5617 1151 5682 ;·Λύσις.
1183 5617 1391 5670 Ταυτόν
1424 5620 1540 5667 ἐστι
1571 5619 1633 5668 τὸ

110 5705 350 5775 καυθῆναι
381 5706 450 5759 τὰ
493 5705 694 5773 βέϐηλα
742 5708 1145 5776 συγγράμματα
1186 5706 1293 5759 τῶν
1338 5706 1631 5774 αἱρετικῶν

115 5795 195 5848 καὶ
220 5797 275 5848 τὺ
299 5796 620 5864 ἀποτεθῆναι
652 5796 707 5849 ἐν
733 5797 809 5867 τῷ
844 5798 1177 5866 ἐπισκοπείῳ
1207 5797 1304 5865 τῆς
1340 5799 1627 5849 Korn-rav-

120 5889 472 5952 τινουπζλεως.
526 5886 661 5942 Οὔτε
715 5889 821 5951 γὰρ
884 5891 1144 5955 καιόμενα
1194 5891 1270 5951 εἰς
1327 5890 1628 5955 ἀνάγνωσιν

1734 4803 1875 4857 enim
1906 4811 2062 4857 erant
2088 4804 2239 4856 cliori
2275 4803 2687 4865 insanientium,
2726 4805 3003 4859 ebrietatis
3021 4805 3302 4874 praesidem

1732 4903 2027 4961 aequentes
2064 4893 2361 4962 Bacchum,
2397 4897 2488 4965 qui
2523 4892 2661 4965 falso
2704 4894 2839 4949 deus
2866 4894 3300 4963 cognominatur.

1732 4980 1853 5055 Jam
1882 4998 2011 5037 vero
2055 4983 2197 5051 leges
2250 4984 2625 5045 haereticorum
2671 4982 2842 5038 libros
2887 4983 3039 5035 exuri
3086 4998 3302 5051 quoque

1733 5073 2047 5127 decernunt.
2122 5070 2315 5137 Quaere
2360 5081 2539 5125 autem
2604 5075 2817 5127 tertium
2885 5080 3045 5139 caput
3103 5074 3183 5127 tit.
3235 5075 3303 5127 12

1736 5165 2016 5234 praesentis
2055 5167 2255 5232 operis,
2301 5173 2356 5217 et
2397 5164 2639 5219 invenies
2687 5165 2899 5218 diversa
2930 5166 3107 5232 capita
3141 5166 3192 5218 in
3236 5182 3303 5220 eo

1734 5257 1935 5325 posita,
1999 5271 2121 5325 qua:
2180 5252 2282 5307 hoc
2334 5254 2507 5320 ipsum
2561 5255 2773 5321 jubent.
2869 5251 3076 5307 Dixerit
3120 5265 3296 5308 autem

1734 5347 2040 5413 quispiam:
2070 5342 2364 5407 Quamnam
2384 5343 2453 5397 ob
2473 5357 2689 5397 causam
2710 5355 2882 5395 canon
2906 5343 3121 5412 quidem
3143 5346 3299 5398 ﬁbri:

1737 5438 2037 5488 stiauorum
2094 5432 2329 5484 hostium
2392 5449 2487 5487 seu
2546 5431 2841 5499 imaginum
2892 5434 3291 5488 combustorum

1737 5528 1910 5579 libros
1945 5527 1996 5577 in
2028 5523 2311 5593 episcopio
2344 5523 2531 5592 reponi
2565 5523 2735 5589 jubet,
2795 5524 2939 5593 leges
2969 5535 3147 5577 autem
3199 5538 3293 5577 cos

1737 5615 1983 5671 comburi
2015 5615 2374 5684 permittunt?
2444 5613 2677 5667 Solutio.
2760 5610 2903 5671 Idem
2940 5627 3021 5670 est
3048 5616 3287 5666 comburi

1739 5707 1959 5775 profana
1990 5716 2043 5759 et
2078 5708 2236 5775 impia
2274 5705 2647 5757 luereticorum
2685 5708 2907 5775 scripta.
2964 5717 3013 5758 et
3057 5705 3107 5757 in
3147 5704 3290 5757 Con-

1737 5798 2222 5865 smntinopolitauo
2270 5796 2547 5864 (‘piscnpio
2607 5798 2818 5864 reponi.
2890 5794 3072 5860 Neque
3123 5796 3287 5857 enim,

1740 5891 1783 5942 si
1828 5889 2109 5945 combusta
2147 5886 2364 5948 fuerint,
2415 5886 2675 5953 legentur,
2736 5899 2835 5938 nec
2864 5884 2907 5937 si
2942 5884 2994 5937 in
3024 5885 3287 5951 ejusmodi
