3988 6352
81 431 197 493 999

1125 423 1205 481 IN
1246 420 1408 481 CAN.
1452 421 1567 479 ΧΗ
1596 420 1808 480 CONC.
1842 421 1945 480 VII
1983 421 2314 481 (ECUMEN

3184 425 3290 488 930

161 563 182 596 4
232 547 328 596 καὶ
351 541 804 596 ἁποκαθιστάσθω
841 540 918 612 τῷ
948 539 1278 608 ἐπισκοπείῳ
1310 538 1342 607 ἦ
1371 536 1447 604 τῷ
1474 554 1637 606 μονα⁴

1812 555 1831 588 ι
1873 538 2206 592 monasterio
2258 538 2594 591 restituetur.
2650 535 2823 592 Porro
2872 538 3162 607 episcopus
3206 544 3293 594 vel

160 651 182 683 ι
233 633 462 703 στηρίῳ.
519 634 630 686 Καὶ
673 633 701 686 ό
747 633 1034 692 ἐπίσκοπος
1071 631 1104 699 ἦ
1156 629 1456 700 ἡγούμενος
1485 627 1642 680 τοῦτο

162 743 184 774 ι
231 723 404 775 ποιιῖιν
424 721 765 792 ἐκδιωχθήτω
787 735 799 747 ⁸
823 723 850 772 6
874 721 969 789 μὲν
987 720 1282 781 ἐπίσκοπος
1308 717 1400 771 τοῦ
1423 720 1642 770 ἐπισκο-

162 833 185 866 ι
233 815 447 880 πείου,ὸ
474 814 526 867 δέ
551 813 848 884 ἡγούμενος
869 812 961 866 τοῦ
998 811 1352 882 μοναστηρίου
1373 849 1387 872 ,
1433 810 1506 873 ὡς
1527 811 1644 863 διαο

159 925 180 958 σ
229 905 614 976 σκορπίζοντες
646 905 826 968 κακῶς
861 904 897 958 ἃ
949 905 1013 957 οὔ
1043 905 1345 974 συνήγαγον
1412 921 1432 954 ι

163 997 369 1050 ΒΔΛΣ.
426 997 632 1064 Ἐφησε
667 995 752 1046 διὰ
781 994 1056 1054 Μωῦσέως
1097 993 1125 1044 6
1150 991 1283 1052 Θεὸς
1332 990 1402 1042 τὰ
1423 988 1499 1060 τῷ
1525 988 1642 1056 Θεῷ

85 1087 515 1158 προσφερόμενα
555 1089 627 1156 μὴ
661 1084 1138 1156 ἀνταλλάττεσθαιο
1166 1083 1278 1135 ἀλλ’
1311 1083 1640 1150 ἀνεκποίητα

83 1179 301 1248 μένειν,
348 1179 451 1230 κᾶν
489 1179 705 1247 χείρονα
741 1170 839 1228 ὦσι
888 1174 994 1227 τῶν
1041 1173 1471 1241 ἁντιδιδομένων.
1519 1173 1640 1224 Ἐὰν

74 1270 136 1324 δι
193 1270 498 1334 ἀλλάσσων,
530 1269 714 1336 φησιν,
741 1267 971 1338 ἀλλάξῃς
1019 1267 1167 1327 αὐτὸ,
1201 1265 1350 1318 ἔσται
1390 1267 1484 1319 καὶ
1515 1265 1641 1316 αὐτὸ

74 1361 141 1412 τὸ
180 1360 540 1428 ἀντάλλαγμα
569 1358 734 1410 αὑτοῦ
759 1358 932 1424 ἆγιον.
964 1357 1099 1426 Φησὶ
1131 1355 1260 1422 γοῦν
1291 1358 1380 1408 καὶ
1405 1357 1432 1406 6
1461 1357 1640 1411 κανὼν

82 1449 163 1516 μὴ
213 1448 571 1502 ἐκποιείσθαι-
611 1448 642 1516 ἢ
692 1447 988 1499 ἐκδίδοσθαι
1049 1447 1198 1515 παρὰ
1249 1446 1549 1498 ἐπισκόπου
1580 1447 1638 1514 ’ἢ

82 1541 403 1610 ἡγουμένου
447 1539 580 1608 πρὸς
604 1535 974 1609 οἱονδηποτοῧν
1009 1538 1294 1606 πρόσωπον
1325 1535 1642 1605 αὑτούργιον

77 1633 180 1699 τῆς
212 1632 524 1698 ἐπισκοπῆς
554 1631 586 1701 ἢ
616 1631 709 1684 τοῦ
754 1630 1142 1698 μοναστηρίου,
1181 1628 1212 1697 ἢ
1263 1629 1368 1696 μὴν
1398 1627 1637 1697 ἀκυροῦο

79 1725 210 1776 σθαι
269 1723 366 1793 τὴν
419 1724 702 1788 ἐκποίησιν
743 1724 774 1792 ἢ
817 1723 910 1792 τὴν
963 1721 1172 1774 ἔκδοσιν
1223 1720 1361 1772 κατὰ
1409 1719 1499 1770 τὸν
1557 1716 1639 1785 λη’

78 1814 452 1866 ἁποστολικὸν
502 1818 722 1868 κανόνα.
757 1813 1082 1882 Προστίθησι
1114 1812 1170 1866 δὲ
1193 1811 1287 1876 ὼς,
1328 1812 1482 1879 εἴπερ
1511 1828 1640 1879 προ-

1821 645 1840 677 ι
1882 630 2201 682 monasterii
2239 630 2548 698 praefectus,
2581 631 2670 700 qui
2727 630 2829 684 hoc
2874 629 3081 693 fecerit,
3106 637 3295 684 extur-

1820 736 1841 768 ι
1886 718 2073 784 betur;
2100 721 2395 789 episcopus
2429 721 2650 789 quidem
2684 721 2752 774 ab
2794 720 3145 790 episcopatu;
3179 737 3297 774 mo-

1821 827 1840 860 r
1883 811 2107 864 nasterii
2157 826 2284 866 vero
2315 811 2602 880 praefectus
2654 826 2683 864 a
2711 793 3043 866 plenasterio
3072 819 3173 878 :‘nt
3201 813 3291 879 qui

1817 918 1837 950 ‹
1885 899 2151 969 dissipent
2173 918 2305 970 qua:
2337 918 2441 956 non
2482 917 2901 974 congregavere.
2928 923 2946 955 ι
3077 914 3080 917 ·

1815 991 2007 1047 BALS.
2039 994 2184 1049 Dixit
2214 993 2356 1049 Deus
2389 1012 2484 1064 per
2514 995 2726 1055 Mosen.
2762 1012 2824 1050 ea
2865 1011 2972 1050 non
2998 1012 3116 1050 esse
3147 1011 3300 1048 com-

1747 1084 2004 1138 mutanda
2041 1101 2161 1153 quze
2186 1084 2294 1138 Deo
2317 1086 2496 1140 oblata
2531 1088 2655 1140 'sunt
2682 1103 2698 1146 ;
2730 1087 2821 1140 sed
2857 1103 2962 1140 non
2998 1086 3299 1140 alienabilia

1745 1191 1962 1232 manere
1999 1187 2268 1246 oportere.
2304 1179 2520 1233 etiamsi
2571 1179 2683 1233 sint
2735 1179 2803 1233 iis
2857 1194 2978 1247 quae
3009 1179 3207 1234 dantur
3243 1177 3295 1229 in
3359 1207 3362 1210 ο

1746 1272 2142 1338 permutatione
2189 1275 2345 1340 Iunge
2386 1271 2657 1329 deteriora
2695 1271 2838 1326 :sed
2873 1272 2918 1326 si
2960 1280 3299 1340 permutans.
3361 1278 3364 1282 ’

1747 1361 1940 1429 inquit,
1994 1362 2173 1430 ipsum
2207 1363 2630 1429 permutaveris,
2678 1363 2785 1418 erit
2837 1371 2889 1416 et
2931 1378 2994 1416 ea
3039 1363 3157 1430 ipsa
3187 1363 3306 1432 ejus

1747 1451 2081 1516 permutatio
2134 1461 2345 1505 sancta.
2398 1451 2541 1505 Dicit
2594 1467 2725 1522 ergo
2776 1466 2973 1517 canon,
3029 1468 3136 1507 non
3183 1467 3308 1507 esse.

1749 1539 2094 1595 alienandum
2119 1541 2201 1596 vel
2237 1543 2562 1596 tradendum
2589 1543 2658 1597 ab
2687 1544 2969 1611 episcopo,
2999 1544 3083 1597 vel
3126 1558 3190 1597 eo
3213 1545 3308 1611 qui

1749 1640 1940 1697 przeest
1984 1633 2341 1696 monasterio,
2378 1649 2565 1702 agrum
2603 1634 2950 1703 episcopatus
2984 1634 3070 1687 vel
3117 1649 3307 1687 mona-

1749 1722 1928 1786 sterii,
1958 1721 2040 1775 vel
2076 1738 2196 1775 esse
2229 1723 2438 1776 irritant
2496 1723 2909 1785 alienationem,
2941 1724 3022 1777 vel
3062 1724 3307 1778 traditio-

1748 1829 1894 1876 nem.
1926 1827 1983 1869 ut
2004 1817 2117 1868 vult
2138 1831 2315 1870 canon
2350 1817 2416 1870 58
2444 1816 3050 1885 apostolorum.Adjicit
3083 1827 3260 1871 autem
3291 1834 3304 1869 :

83 1904 384 1972 φασίζεται
431 1905 460 1956 6
515 1903 812 1967 ἐπίσκοπος
864 1903 894 1970 ἢ
933 1905 960 1954 ὁ
1009 1901 1306 1969 ἡγούμενος
1353 1901 1642 1971 ἀπρόσοδον

1751 1905 1899 1968 Quod
1947 1906 1993 1958 si
2035 1917 2296 1960 causetur
2343 1908 2562 1975 quidem
2622 1909 2932 1977 episcopus,
2989 1907 3072 1961 vel
3115 1923 3311 1961 mona-

77 1990 225 2045 εἷναι
281 1995 371 2045 τὸν
416 1993 601 2064 ἀγρὸν,
641 1995 734 2045 καὶ
788 1994 903 2053 ταῖς
961 1991 1276 2058 ἐκκλησίαις
1330 1982 1641 2059 ἐπιζήμιον,

79 2087 113 2155 ἡ
150 2086 257 2153 μὲν
308 2086 525 2147 ἔκδοσις
558 2085 748 2136 τούτου
787 2082 1041 2150 γινέσθω,
1080 2082 1217 2149 πλὴν
1249 2081 1321 2151 μὴ
1378 2083 1512 2150 πρὸς
1549 2083 1646 2150 ἀρ-

77 2174 314 2244 χοντικὰ
336 2167 625 2243 πρόσωπα,
659 2172 793 2224 ἀλλὰ
817 2159 953 2240 πρὸς
983 2171 1314 2242 χωριτικὰ.ἢ
1353 2169 1488 2241 πρὸς
1519 2170 1646 2238 κλη-

84 2265 306 2335 ρικούς.
352 2265 503 2319 Ἐπεὶ
527 2262 584 2314 δὲ
619 2262 727 2314 τῶν
762 2262 986 2313 εἰκότων
1019 2257 1083 2330 ἦν
1115 2264 1522 2331 περιγραφῆναι
1554 2263 1644 2313 τὸν

83 2358 311 2412 κανόνα.
335 2358 486 2425 παρά
517 2373 697 2416 τινων,
728 2354 932 2422 ὥρισαν
961 2355 1010 2403 oi.
1037 2355 1272 2420 Πατέρες
1304 2355 1398 2415 ὡς,
1433 2357 1484 2408 ei
1514 2372 1644 2406 ποτε

88 2446 234 2513 μετὰ
282 2442 613 2512 πανουργίας
676 2443 926 2512 περιέλθῃ
978 2448 1052 2505 εἰς
1099 2445 1320 2495 δυνατὸν
1358 2447 1644 2511 πρόσωπον

88 2537 330 2604 πρᾶγμα
360 2534 807 2604 ἐκκλησιαστικὸν
838 2534 926 2586 διὰ
956 2537 1118 2604 μέσου
1151 2535 1408 2588 ταπεινοῦ
1444 2535 1473 2602 ἢ
1512 2536 1642 2602 κλη-

85 2625 250 2696 ρικοῦ
289 2624 577 2694 προσώπου
631 2628 1138 2697 προσποιησαμένου
1199 2626 1644 2695 ἐκλαμὸἀνεσθαι

87 2719 146 2770 τὸ
182 2716 480 2787 ἇκίνὴτον·
518 2713 657 2770 εἶναι
715 2718 812 2786 μὲν
836 2719 934 2770 ’καὶ
976 2718 1114 2770 οὕτω
1160 2721 1227 2771 τὰ
1277 2719 1645 2790 προγεγονότα

89 2810 298 2879 ἁκυρα,
335 2811 428 2862 καὶ
458 2810 918 2863 ἀποκαθίστασθαι
951 2813 1013 2879 τῇ
1047 2811 1308 2878 ἐκκλησίᾳ
1337 2811 1399 2860 τὸ
1455 2810 1646 2877 ἀκίνη-

90 2914 183 2952 τον
207 2917 222 2931 ’
258 2900 625 2952 ἐκϐάλλεσθαι
659 2903 715 2953 δὲ
742 2903 832 2952 καὶ
861 2902 951 2952 τὸν
978 2900 1132 2952 τοῦτο
1167 2901 1472 2969 ποιήσαντα
1524 2900 1644 2951 ἐσπί-

91 2989 359 3060 σκοπονῆ
395 2989 695 3060 ἡγούμενον
721 2990 827 3042 ἀπὸ
861 2990 954 3042 τοῦ
984 2991 1332 3041 ἐπισκοπείου
1363 2988 1396 3058 ἢ
1432 2990 1495 3040 ὲκ
1543 2989 1636 3063 τοῦ

92 3085 471 3154 ἡγουμενείου.
522 3085 632 3136 Καὶ
699 3084 727 3134 6
772 3083 866 3153 μὲν
918 3085 1094 3135 κανὼν
1149 3083 1340 3135 ταῦτα.
1379 3082 1531 3134 Ἐπεὶ
1589 3081 1645 3133 δὲ

91 3173 398 3244 αὑτοῦργιά
418 3176 526 3226 εἰσι
552 3174 620 3226 τὰ
645 3175 702 3240 ἐξ
728 3172 904 3226 αὐτῶν
929 3173 1033 3225 τῶν
1060 3171 1396 3242 πραγμάτων
1417 3174 1510 3224 καὶ
1538 3165 1648 3224 οἷον

92 3263 310 3318 οἴκοθεν
364 3264 572 3335 διδόντα
627 3266 751 3326 τοὺς
809 3265 1076 3333 καρποὺς,
1124 3263 1198 3324 ὼς
1232 3263 1291 3316 α’ί.
1348 3263 1554 3329 ἁλικαὶ,
1593 3262 1644 3314 οἱ

92 3356 375 3417 ἐλαιῶνες,
410 3356 460 3407 οἱ
522 3354 860 3424 ἀμπελῶνες,
923 3356 972 3405 οι
1029 3353 1313 3405 λιόαδιαῖοι
1369 3355 1549 3415 τόποι,
1598 3354 1647 3404 οί

96 3448 410 3520 ὑδρόμυλοι,
439 3448 505 3500 τὰ
533 3450 818 3517 κεραμεῖα,
849 3449 922 3510 ὡς
953 3449 1044 3500 καὶ
1092 3448 1157 3498 τὰ
1190 3447 1348 3498 λοιπὰ
1382 3447 1606 3498 τοιαῦτα
1629 3463 1644 3476 ·

97 3540 372 3612 ἐρωτήσει
400 3555 503 3603 τις,
537 3540 668 3609 Περὶ
693 3542 943 3592 τοιούτων
978 3538 1320 3606 αὑτουργίων
1351 3537 1645 3606 διορίζεται

97 3634 394 3704 ὁκανὼνῆ
445 3633 570 3703 περὶ
621 3633 819 3694 παντὸς
872 3633 1197 3702 εὐπροσόδου
1233 3632 1512 3700 ἀκινήτου,
1554 3632 1651 3683 καὶ

101 3727 308 3799 μᾶλλον
362 3728 445 3779 ὃτι
478 3729 604 3795 περὶ
628 3726 692 3776 τὸ
714 3725 862 3786 τέλος
889 3725 1194 3792 ὲπιζημίων
1225 3723 1410 3793 ἀγρῶν
1444 3725 1653 3794 μέμνη-

99 3835 224 3885 tat;
274 3817 463 3878 Λύσις.
498 3817 630 3884 Περὶ
675 3815 995 3882 ἀμφοτέρων
1055 3815 1316 3880 θεσπίζει,
1371 3817 1466 3866 καί
1517 3831 1649 3884 φησι

101 3911 169 3964 τὰ
195 3910 298 3982 μὲν
321 3907 620 3978 εὐπρόσοδα
645 3907 715 3968 ὡς
741 3907 1032 3976 αὑτούργια
1063 3906 1137 3976 μὴ
1157 3906 1488 3958 ὲκποιείσθαι
1519 3888 1652 3975 μηδὲ

102 4000 439 4058 ἐκδίδοσθαι·
476 3999 569 4054 τὸν
602 3997 656 4051 δὲ
706 4001 772 4068 τῇ
803 3998 1024 4067 ἀληθεία
1056 4002 1148 4050 καὶ
1179 3999 1252 4067 μὴ
1279 4001 1417 4051 κατὰ
1448 3997 1670 4067 σκῆψιν¹

101 4093 228 4146 ὅντα
251 4083 555 4160 ἀπροσοδον
601 4088 770 4156 ἀγρὸν
823 4088 1145 4140 ἐκδίδοεθαι.
1191 4088 1373 4151 Ὥστε,
1401 4089 1494 4141 ἐὰν
1554 4089 1651 4158 μὲν

104 4188 160 4238 τὸ
188 4183 511 4251 αὐτούργιον
537 4179 755 4248 γένηται
789 4181 962 4248 πάντη
988 4179 1281 4247 ἀπρόσοδον
1311 4181 1494 4250 (τυχὸν
1545 4185 1652 4251 γὰρ

104 4279 132 4328 6
151 4275 444 4336 λιόαδιαῖος
466 4273 626 4333 τόπος
659 4253 994 4338 κατεκλύσθη
1019 4270 1120 4321 ὑπὸ
1155 4271 1420 4339 ποταμίου
1454 4273 1656 4341 ῥεύμα-

109 4365 218 4433 τος)
249 4366 287 4436 ἢ
321 4364 497 4419 καὶτὸ
523 4361 819 4431 ἐξώχωρον
843 4355 1148 4429 προάστιον,
1198 4363 1291 4414 ἐὰν
1331 4363 1654 4432 εὐπρόσοδον

110 4461 374 4528 καταστῇ,
399 4457 475 4520 ὡς
512 4455 599 4507 διὰ
635 4453 904 4522 παροίκων
934 4448 1168 4504 οἰκισθὲν
1204 4455 1270 4505 ἐκ
1312 4441 1456 4512 νέου,
1494 4449 1652 4503 τοῦτο

1746 1998 1896 2051 sterii
1947 1999 2262 2066 praefectus,
2318 2013 2509 2064 agrum
2565 2000 2770 2054 nullius
2817 2015 2941 2054 esse
2984 1997 3206 2060 reditus,
3254 2013 3310 2051 et

1745 2086 2000 2141 damnum
2030 2088 2279 2142 ecclesiis
2309 2086 2539 2154 aﬂerre;
2573 2089 2665 2141 fiat
2695 2089 2913 2159 quidem
2945 2089 3075 2157 .ejus
3105 2088 3311 2140 aliena-

1747 2180 1847 2245 tio,
1914 2181 2006 2234 sed
2069 2195 2176 2234 non
2236 2179 2398 2236 alicui
2461 2195 2708 2249 personae
2762 2182 3069 2251 principali,
3121 2195 3306 2234 verum

1745 2274 1956 2326 vicanis
1986 2272 2322 2327 autclericis
2357 2289 2371 2324 :
2417 2272 2510 2326 sed
2559 2273 2816 2340 quoniam
2866 2271 3138 2324 versimilc
3173 2279 3307 2330 eraf,

1745 2377 2006 2416 canonem
2036 2363 2104 2414 ab
2144 2363 2420 2430 aliquibus
2447 2362 2832 2417 circumscribi
2867 2365 3027 2431 eique
3067 2360 3305 2414 fraudem

1745 2451 1882 2514 fieri,
1918 2463 2226 2506 statuerunt
2257 2449 2471 2515 Patres,
2501 2461 2560 2510 ut
2589 2453 2634 2507 si
2669 2453 2886 2522 quando
2919 2469 3039 2508 cum
3065 2451 3304 2520 improba

1745 2541 2042 2595 calliditate
2073 2557 2161 2595 res
2181 2542 2562 2598 ecclesiastica
2590 2541 2655 2594 ad
2701 2549 2972 2608 potentem
3020 2555 3304 2607 personam

1749 2635 2078 2700 pervenerit,
2140 2633 2514 2688 intercedente
2555 2633 2642 2686 vili
2690 2647 2919 2701 persona
2972 2634 3052 2686 vel
3089 2631 3308 2693 clerico,

1746 2727 1838 2794 qui
1873 2725 2106 2794 ﬁngebat
2159 2741 2218 2780 se
2267 2742 2379 2779 rem
2435 2725 2769 2780 immobilem
2808 2726 3098 2793 accipere:
3141 2733 3193 2778 et
3231 2725 3316 2778 sic

1747 2799 1967 2886 quoque
2001 2818 2151 2886 prius
2185 2818 2325 2872 facta
2355 2817 2510 2870 irrita
2542 2820 2721 2870 forent
2766 2825 2820 2872 et
2869 2831 2958 2870 res
3014 2816 3310 2870 immobilis

1746 2907 1989 2961 ecclesia:
2039 2909 2453 2971 restitueretur;
2511 2913 2567 2957 et
2619 2905 2711 2972 qui
2784 2905 2886 2958 hoc
2931 2904 3141 2967 fecerit,
3194 2905 3310 2972 epi-

1747 3009 1945 3064 scopus
1990 2997 2072 3049 vel
2135 2996 2451 3050 monasterii
2512 2994 2822 3064 prrefectus,
2872 2996 2941 3050 ab
2989 2997 3306 3064 episcopatu

1748 3089 1830 3142 vel
1865 3089 2181 3158 praefectura
2212 3088 2596 3157 expelleretur.
2625 3088 2688 3141 Et
2719 3090 2831 3142 haec
2860 3087 3076 3158 quidem
3109 3104 3309 3146 canon.

1751 3182 2018 3248 Quoniam
2076 3191 2253 3236 autem
2312 3161 2612 3252 αὑτούργια
2667 3179 2853 3250 (quod
2912 3195 3073 3251 agros
3123 3179 3308 3234 Latine

1752 3275 2028 3340 diximus)
2057 3281 2191 3334 sunt
2226 3289 2347 3344 quae
2377 3287 2444 3327 ex
2477 3273 2639 3329 rebus
2681 3274 2817 3342 ipsis
2848 3280 2902 3326 et
2931 3282 3184 3339 tanquam
3211 3287 3306 3327 sua

1751 3379 1940 3434 sponte
1990 3367 2203 3423 fructus
2247 3367 2520 3440 praebent,
2581 3376 2640 3428 ut
2683 3374 2811 3425 sunt
2854 3363 3058 3426 salinze,
3091 3363 3308 3422 oliveta,
3348 3427 3359 3438 .

1749 3458 1951 3518 vineta,
1986 3465 2162 3524 prata,
2197 3456 2511 3510 molendina
2562 3455 2616 3508 in
2659 3454 2814 3524 aquis
2863 3455 2989 3516 sita,
3057 3454 3308 3523 ﬁgulimc.

1754 3557 1811 3602 ut
1843 3557 1894 3602 et
1925 3546 2196 3615 ejusmodi
2243 3546 2349 3598 alia
2387 3562 2402 3598 :
2439 3544 2854 3612 interrogaverit
2877 3545 3180 3613 quispiam:
3224 3545 3307 3598 Αιι

1753 3640 1819 3694 de
1843 3636 2110 3708 ejusmodi
2144 3635 2364 3705 prmdiis
2403 3649 2582 3687 canon
2615 3632 2886 3695 decernit,
2927 3647 2995 3686 an
3035 3633 3215 3702 potius
3241 3632 3312 3684 de

1751 3731 1944 3800 quovis
1985 3727 2275 3791 immobili.
2324 3726 2483 3793 cujus
2529 3735 2612 3781 est
2655 3725 2831 3790 bonus
2880 3724 3110 3784 reditus,
3162 3729 3214 3774 et
3243 3736 3313 3772 eo

1751 3822 1944 3891 magis.
1975 3819 2118 3889 quod
2151 3819 2402 3876 meminit
2428 3817 2482 3871 in
2515 3817 2621 3869 ﬁne
2683 3816 2753 3870 de
2808 3814 3087 3868 damnosis
3124 3810 3312 3881 agris?

1754 3908 1986 3964 Solutio.
2024 3906 2097 3959 De
2126 3906 2374 3973 utrisque
2415 3905 2686 3968 decernit,
2730 3911 2783 3956 et
2813 3901 2966 3964 dicit,
2997 3916 3060 3954 ea
3089 3900 3306 3968 quidem

1751 3999 1979 4071 praedia,
2011 4013 2133 4067 qua:
2169 4007 2297 4051 sunt
2331 3997 2459 4050 boni
2508 3995 2742 4060 reditus,
2793 4009 2899 4048 non
2953 3993 3175 4054 alienari
3209 4008 3307 4046 nec

1751 4093 1950 4146 elocari
1982 4108 1996 4144 :
2029 4105 2215 4158 agrum
2246 4103 2396 4150 vero,
2422 4090 2514 4157 qui
2545 4096 2626 4154 est
2675 4100 2884 4148 revera,
2918 4093 2974 4140 et
3032 4099 3135 4142 non
3188 4084 3304 4137 sola

1753 4185 1932 4254 specie
1967 4181 2170 4236 nullius
2202 4179 2430 4244 reditus,
2464 4180 2714 4236 alienari.
2746 4177 2926 4243 Quare
2966 4177 3010 4228 si
3072 4177 3141 4230 sit
3189 4179 3308 4244 qui-

1753 4278 1872 4336 dem
1909 4275 2166 4343 praadium
2204 4274 2425 4332 omnino
2459 4270 2647 4328 inutile
2685 4268 2846 4338 (forte
2901 4267 3046 4321 enim
3092 4277 3303 4336 pratum

1754 4369 1898 4423 ﬂuvii
1930 4366 2283 4424 inundatione
2306 4365 2572 4423 obrutum
2609 4368 2740 4430 est),
2771 4362 2851 4414 vel
2889 4360 2937 4414 si
2967 4359 3132 4422 etiam
3163 4377 3191 4414 ιι
3217 4377 3308 4414 re.

1755 4462 1914 4530 gione
1941 4464 2208 4516 remotum
2252 4453 2382 4508 boni
2416 4451 2626 4509 reditus
2661 4455 2734 4507 sit
2771 4450 3042 4514 effectum,
3077 4453 3308 4520 utquod

115 4551 210 4620 μὲν
233 4548 296 4600 τὸ
328 4544 608 4616 ἐξὼχωρον
643 4544 730 4596 διὰ
755 4541 814 4595 τὸ
843 4540 1163 4611 εὐπρόσοδον
1197 4543 1296 4593 οὐκ
1347 4540 1642 4611 ἐκποιηθή-

1753 4545 1824 4604 sit
1877 4559 1906 4597 a
1954 4541 2166 4603 colonis
2226 4556 2421 4595 recens
2467 4540 2767 4601 habitatum
2821 4547 2874 4593 et
2919 4551 3252 4596 exstructum
3288 4556 3307 4591 ξ

118 4663 265 4699 σεται
289 4660 304 4674 ·
340 4644 516 4693 ἐκεῖνο
548 4642 625 4702 δὲ,
655 4640 762 4692 κᾶν
813 4637 1125 4706 αὐτούργιον
1169 4636 1401 4702 ἐλέγετο,
1452 4635 1540 4687 διὰ
1593 4637 1652 4687 τὺ

117 4736 410 4807 ἀπρόσοδον
443 4733 537 4784 καὶ
586 4731 646 4783 τὸ
693 4726 962 4797 ἀνωφελὲς
1009 4727 1372 4796 ἐκδοθήσεται.
1420 4727 1492 4778 Οὐ
1544 4728 1651 4795 γὰρ

118 4824 202 4874 διὰ
227 4825 301 4876 τὰ
331 4822 589 4890 ὀνόματα,
641 4817 773 4872 ἀλλὰ
801 4817 886 4870 διὰ
910 4817 1009 4884 τὴν
1039 4817 1296 4886 πρόσοδον
1345 4817 1651 4885 ὀφείλουσιν

121 4914 475 4978 ἰκτιοιιῖσθαι,
512 4911 620 4964 εἴτε
648 4910 740 4962 καὶ
786 4911 884 4979 μή.
936 4907 1168 4960 Γίνωσκε
1205 4909 1258 4961 δὲ
1291 4909 1371 4961 ὅτι
1416 4910 1523 4961 ἀπὸ
1547 4907 1652 4960 τῶν

121 5011 301 5088 νόμων
328 5008 534 5088 κυρίως
575 5004 854 5070 ἐκποίησις
889 5001 984 5073 μὲν
1015 5001 1228 5068 λέγεται
1278 5003 1312 5072 ἡ
1368 5002 1655 5072 μετάθεσις

124 5109 220 5177 τῆς
247 5097 589 5167 δεσποτείας,
617 5097 783 5167 ἧγουν
809 5096 848 5164 ,ἡ
882 5092 1077 5163 δωρεὰ,
1129 5093 1163 5161 ή
1214 5096 1432 5163 πρᾶσις,
1493 5095 1526 5163 ἡ
1557 5095 1656 5160 ἐμ-

129 5183 462 5267 φύτευσιςξή
489 5186 817 5255 ἀπαλλαγὴ,
850 5185 944 5238 καὶ
972 5184 1040 5235 τὰ
1061 5183 1238 5251 ὃμοιαο
1286 5182 1491 5242 ἔκδοσις
1521 5181 1577 5233 δὲ
1623 5182 1655 5243 ἡ

128 5291 215 5340 ἐπὶ
263 5284 568 5356 προσώποις
609 5281 644 5348 ἢ
679 5279 890 5350 χρόνοις
929 5275 1248 5345 ὡρισμένοις
1297 5276 1653 5343 παραπομπῇ

129 5373 586 5448 Καταχρηστικῶς
610 5370 666 5420 δέ
697 5370 792 5424 κα)⁵
818 5369 851 5437 ἠ
877 5364 1083 5427 ἓκδοσις
1118 5363 1394 5433 ἐκποίησις
1419 5363 1655 5429 λέγεται,

134 5471 216 5520 καὶ
239 5469 275 5536 ἡ
303 5464 586 5534 ἐκποίησις
612 5459 836 5522 ἐκδοσις.
868 5457 990 5508 Ὀτι
1009 5456 1066 5507 δὲ
1091 5457 1161 5508 τὰ
1185 5455 1442 5525 πρόσοδον
1469 5453 1657 5523 ἔχοντα

132 5560 226 5611 οὐκ
253 5553 622 5616 ἐκποιοῦνται,
653 5550 718 5602 τὰ
740 5549 795 5601 δὲ
824 5545 1093 5616 ἀπρόσοδα
1109 5546 1203 5599 διὰ
1233 5547 1657 5613 κατεπείγουσαν

140 5649 380 5714 ἀνάγκην
432 5645 550 5706 ταῖς
592 5639 905 5710 ἐκκλησίαις
932 5635 1292 5700 ἐκποιοῦνται,
1333 5637 1658 5706 παρίσταται

140 5740 240 5793 ἀεὶ
275 5736 372 5789 τοῦ
411 5730 492 5788 κδ’
543 5733 760 5792 κανόνος
821 5730 920 5799 τῆς
961 5731 1018 5781 ὲν
1068 5727 1396 5798 Καρθαγένῃ
1445 5727 1660 5780 συνόδου

144 5822 518 5886 ἐπιτρέποντος
537 5815 700 5894 τοῦτο
737 5817 871 5885 μετὰ
913 5815 1254 5879 διαστίξεωςο
1301 5814 1360 5868 ὃν
1412 5814 1506 5867 καὶ
1536 5815 1661 5868 ἀνά-

1754 4636 1855 4690 hoc
1917 4633 2136 4701 quidem
2189 4632 2498 4701 seiunctum
2555 4629 2840 4701 prndium,
2907 4632 3002 4700 qui
3049 4639 3131 4690 est
3179 4630 3305 4683 boui.

1753 4724 1997 4784 reditus,
2051 4739 2158 4777 non
2206 4721 2560 4782 alienabitur;
2623 4718 2754 4772 illud
2807 4729 3033 4784 autem,
3090 4718 3303 4774 etiamsi

1755 4815 2087 4883 αὑτούργιον
2121 4812 2297 4881 (quasi
2334 4825 2430 4878 per
2461 4824 2522 4866 se
2559 4823 2726 4888 agens
2766 4826 2830 4867 ac
2873 4811 3176 4881 produceus
3208 4810 3300 4864 di—

1755 4910 1954 4976 catur),
1986 4895 2050 4961 eo
2080 4901 2222 4975 quod
2256 4909 2339 4955 est
2367 4899 2558 4974 inutile
2585 4910 2640 4956 et
2663 4902 2867 4967 nullius
2910 4901 3136 4965 reditus,
3173 4892 3302 4960 aue.

1755 4999 1991 5053 nabitur.
2026 4990 2145 5045 Non
2195 4991 2337 5051 enim
2390 4998 2611 5059 propter
2654 4990 2892 5052 nomina,
2945 4987 3041 5040 sed
3082 4995 3302 5056 propter

1757 5086 1961 5155 reditus
2015 5064 2240 5134 alienari
2295 5079 2378 5134 vel
2432 5095 2538 5142 non
2599 5078 2822 5140 alienari
2865 5076 3083 5134 debent.
3148 5073 3300 5135 Scias

1758 5183 1957 5234 autem,
1995 5171 2140 5242 quod
2176 5185 2206 5222 a
2237 5170 2452 5239 legibus
2480 5170 2697 5238 preprie
2742 5163 3031 5232 ἔκποιησις
3080 5164 3296 5234 quidem

1760 5257 1958 5335 (idest,
1991 5260 2270 5327 alienatio)
2312 5259 2511 5314 dicitur
2540 5255 2764 5324 dominii
2796 5255 3100 5338 translatio,
3159 5255 3301 5312 acilia

1759 5361 1844 5407 cet
1877 5353 2116 5415 donatio,
2147 5349 2408 5410 venditio,
2435 5345 2821 5414 empbyteusis,
2873 5345 3225 5413 permutatio,
3247 5351 3298 5394 ct

1732 5444 1734 5447 ’
1761 5446 1990 5510 similia;
2020 5444 2227 5505 ἔκδοσις
2255 5449 2432 5491 autem
2456 5437 2532 5507 (id
2555 5450 2658 5499 eat.
2681 5435 2928 5502 elocatio)
2959 5448 3044 5499 est
3085 5435 3150 5488 ad
3185 5448 3298 5502 per-

1761 5552 1924 5592 sonas
1952 5543 2006 5588 et
2054 5542 2294 5600 tempora
2347 5527 2612 5598 praefinita
2648 5525 3010 5592 transmissio.
3065 5525 3301 5600 Abusive

1762 5641 1937 5681 autem
1988 5635 2040 5676 et
2085 5621 2368 5688 ἐκποίησις
2418 5617 2648 5682 εκδοσις,
2673 5628 2726 5672 et
2758 5600 2967 5680 Εκδοσιξ
3013 5616 3297 5681 ἐκποίησις

1764 5719 1983 5773 dicitur.
2017 5714 2173 5779 Quod
2222 5725 2400 5765 autem
2449 5726 2567 5780 qum
2624 5712 2856 5767 reditum
2907 5708 3136 5761 alierunt
3190 5720 3297 5760 non

1765 5811 2090 5874 alienantur,
2152 5819 2270 5874 quae
2328 5813 2508 5860 autem
2561 5805 2793 5860 reditum
2870 5816 2976 5863 non
3049 5798 3300 5881 aderunt,
