3988 6352
139 407 254 470 93‘}

1148 403 1224 462 ΙΝ
1258 403 1418 462 CAN.
1454 402 1564 462 XII
1609 403 1813 460 CONC.
1857 403 1962 459 Vll
1993 401 2344 463 (ECUMEN.

3230 407 3336 468 934-

140 521 248 571 τῶν
278 521 394 573 ¹τοῦ
429 521 589 592 μέσου
622 520 812 590 χρόνου
870 519 1130 589 καρπῶν·
1189 519 1393 588 μενέτω
1443 518 1500 570 δὲ
1553 517 1679 586 παρ’

1785 518 2134 570 sanctissima:
2161 520 2401 572 ecclesiae
2435 520 2512 570 vel
2565 530 2922 572 sacrosancta:
2983 521 3163 571 domui
3217 537 3325 574 res,

141 613 278 682 ιὺτῇ
327 613 419 666 καὶ
460 615 520 664 τὸ
567 611 846 682 τίμημαῆ
896 611 955 662 τὸ
1007 611 1318 680 ἀντίδωρον,
1356 610 1387 678 ἢ
1427 610 1486 661 τὸ
1543 609 1680 676 ὑπὲρ

139 704 417 773 ἀμείψεως
446 703 477 772 ἢ
509 703 673 772 ἄλλης
719 702 933 754 οἱασοῦν
976 703 1153 764 αίτίας
1197 702 1331 770 αὐτῇ
1379 701 1680 767 δεδομένον.

136 793 196 844 Εἰ
231 793 290 846 δὲ
322 793 647 860 ἐμφύτευσις
683 793 950 861 πραχθείη
981 792 1124 860 παρὰ
1173 792 1239 843 τὰ
1286 789 1681 859 διηγορευμένα

134 886 295 952 ἡμῖν,
340 885 678 936 ἀναδίδοσθαι
725 887 788 952 τῇ
857 885 1134 954 ἁγιωτάτῃ
1179 882 1437 950 ἐκκλησία
1479 881 1509 950 ἦ
1571 883 1682 942 τοῖς

133 975 362 1040 εὐαγὲσι
395 976 580 1036 τόποις
611 976 668 1026 τὸ
707 974 838 1026 αὐτὸ
866 976 1094 1043 πρᾶγμα
1126 973 1436 1041 κελεύομεν,
1474 974 1564 1024 καὶ
1590 973 1680 1023 τὸν

131 1066 479 1134 ὲμφυτευτὴν
508 1067 566 1116 τὸ
601 1065 804 1116 πάκτον
831 1065 1001 1115 τελεῖν
1035 1068 1171 1118 κατά
1204 1065 1300 1131 τὴν
1327 1063 1551 1132 δύναμιν
1580 1065 1683 1116 τῶν

128 1157 551 1224 ἑμφυτευτικῶν
585 1157 942 1225 συμϐολαίων.
977 1157 1036 1208 ΕΞ
1073 1157 1128 1208 δὲ
1160 1157 1423 1226 δωρηυείη
1455 1160 1683 1224 πρᾶγμα

127 1247 584 1316 ὶκκλησιαστικὸν
619 1248 650 1318 ἢ
688 1249 872 1315 ἐτέρου
925 1248 1150 1316 εὐαγοῦς
1177 1247 1370 1308 οἴκου,
1415 1249 1508 1300 καὶ
1555 1248 1684 1300 αὐτὸ

125 1339 472 1391 ἀναδίδοσθαι
523 1343 589 1410 τῇ
642 1340 922 1410 ἁγιωτάτῃ
985 1340 1248 1408 ἐκκλησίᾳ,
1299 1342 1472 1408 ἧτοῐς
1505 1340 1683 1400 ἄλλοις

124 1433 385 1496 εὐαγέσιν
420 1426 592 1495 οἴκοις
634 1434 769 1501 μετά
821 1434 929 1485 τῶν
959 1434 1051 1484 τοῦ
1102 1434 1269 1500 μέσου
1319 1433 1509 1500 χρόνου
1547 1448 1679 1501 καρ-

125 1525 271 1588 πῶν,
309 1527 401 1577 καὶ
432 1529 684 1578 τοσοῦτον
716 1527 900 1596 ἓτερον
930 1529 1052 1577 ὅσου
1085 1526 1235 1591 ἄξιόν
1285 1529 1400 1577 ἐστι
1446 1526 1505 1575 τὸ
1542 1527 1682 1593 πρᾶ-

124 1632 268 1685 γμα.
299 1615 357 1668 ΕΞ
405 1617 460 1668 δὲ
498 1615 748 1685 ὑποθήκη
805 1618 954 1684 παρὰ
1003 1616 1180 1668 ταῦτα
1214 1607 1422 1684 δοθείη,
1453 1618 1479 1667 ὁ
1506 1615 1683 1666 δανει-

121 1709 258 1776 στῆς
291 1708 353 1760 τὸ
386 1707 802 1777 ὲποφειλὸμενον
833 1708 1138 1770 ἀπολλύτω,
1172 1710 1268 1760 καὶ
1295 1712 1354 1760 τὸ
1380 1708 1509 1758 αὐτὸ
1543 1710 1683 1776 πρᾶ-

119 1817 243 1868 γμα
273 1799 354 1868 τῷ
404 1799 594 1865 εὐαγεῖ
645 1799 793 1868 τύπῳ
845 1799 1162 1863 ἀποδιδότω,
1199 1801 1304 1850 τῶν
1357 1798 1681 1866 συμϐολαιο-

1783 628 1944 680 snper
1977 629 2082 679 qua
2107 616 2227 667 -tale
2261 616 2386 680 quid
2440 623 2790 666 consecutum
2821 624 2924 674 est,
2977 630 3096 667 cum
3158 615 3327 666 inter~

1784 703 1941 756 medii
1996 706 2250 772 temporis
2309 703 2607 767 frnctibus;
2678 711 2892 757 maneat
2952 713 3130 757 autem
3188 704 3323 770 apud

1783 798 1951 864 ipsam
1982 801 2211 865 pretium
2241 797 2320 851 vel
2352 796 2683 860 autidorum,
2734 807 2827 851 aut
2877 797 3018 866 quod
3077 813 3173 864 pro
3212 812 3328 863 per-

1782 890 2080 942 mutatione
2146 890 2226 943 vel
2290 903 2615 957 quacunque
2669 889 2771 942 alia
2810 904 2972 942 causa
3008 890 3189 941 datum
3222 895 3324 937 est.

1784 980 1878 1034 Sin
1935 991 2112 1034 autem
2152 980 2542 1049 emphyteums,
2599 990 2790 1048 prmter
2821 995 2881 1032 ea
2912 996 3030 1048 qua:
3082 995 3109 1030 a
3171 979 3327 1029 nobis

1780 1081 1928 1138 Sunt,
1966 1072 2102 1126 facta
2135 1071 2323 1134 fuerit;
2360 1081 2562 1125 saneta:
2591 1072 2830 1126 ecclesia:
2854 1073 2933 1126 vel
2967 1071 3328 1124 sacrosanctis

1780 1166 2029 1218 domibus
2097 1165 2337 1216 eamdem
2420 1179 2531 1214 rem
2589 1164 2736 1216 reddi
2786 1162 3038 1230 jubetnus
3070 1181 3081 1213 :
3115 1162 3330 1228 empliy-

1781 1265 1981 1309 teutam
2015 1264 2191 1306 autem
2225 1255 2274 1305 id
2302 1252 2443 1321 quod
2479 1260 2805 1304 conventum
2855 1258 2938 1304 est
2990 1252 3245 1318 pendere,
3278 1261 3331 1300 ut

1779 1346 2301 1415 cmpliyteuticorum
2335 1354 2701 1397 eoutractuum
2728 1343 2894 1396 robur
2915 1343 3098 1409 exigit.
3126 1344 3180 1395 Si
3210 1358 3332 1395 vero

1781 1437 2009 1488 donetur
2047 1450 2131 1488 res
2164 1435 2536 1488 ecclesiastica
2576 1434 2660 1485 vel
2694 1433 2923 1500 alicujus
2973 1444 3332 1486 sacrosanctae

1782 1528 2012 1587 domus;
2053 1541 2112 1577 ea
2142 1542 2354 1594 quoque
2385 1526 2742 1579 sanctissima:
2793 1525 3033 1577 eeclesim
3082 1525 3161 1576 vel
3215 1525 3332 1578 aliis

1782 1620 2143 1674 sacrosanctis
2201 1619 2493 1680 domibus,
2531 1634 2651 1670 cum
2706 1617 2974 1671 fructibus
3029 1616 3341 1669 intermedii'

1783 1714 2064 1781 temporis,
2096 1712 2370 1772 reddatur,
2409 1720 2460 1761 et
2493 1709 2699 1761 tantum
2737 1716 2994 1774 praeterea
3027 1707 3210 1774 quanti
3244 1721 3332 1758 res

1783 1805 1898 1870 ipsa
1933 1805 2114 1856 valet:
2169 1805 2249 1857 sin
2295 1811 2497 1865 autem,
2553 1808 2744 1868 praeter
2791 1799 2922 1859 hare,
2957 1797 3162 1865 pignori
3210 1797 3333 1849 data

123 1862 375 1963 γράφων,
405 1862 527 1944 τῶν*
545 1862 892 1961 θαρρούντων
920 1893 1068 1958 παρὰ
1099 1862 1192 1943 τδν
1224 1893 1355 1960 ήμῖν
1385 1862 1474 1942 τδν
1516 1893 1680 1958 νόμον

1785 1896 1962 1958 fuerit,
2010 1895 2248 1947 debitum
2295 1894 2481 1963 perdat
2510 1891 2777 1945 fenerator
2833 1897 2885 1942 et
2927 1890 3168 1942 eamdem
3224 1903 3332 1941 rem

121 1986 392 2048 τοιούτοις
444 1986 740 2054 ὑπουργεῖν
783 1983 1152 2053 συμϐολαίοις,
1204 1984 1439 2053 διηνεκεῖ
1487 1983 1674 2053 ἐξορίᾳ

120 2077 668 2147 καταδικαζομένων.

186 2339 496 2410 ¹Ἦριῖιτησε.
523 2341 582 2395 δέ
612 2358 695 2403 τις
723 2342 819 2393 καὶ
871 2339 1026 2393 τοῦτο
1049 2357 1064 2371 ·
1098 2340 1202 2392 Τοῦ
1241 2341 1462 2402 κανόνος
1499 2341 1682 2407 λέγον-

119 2449 215 2494 τος
249 2434 612 2486 ὲκὸἀλλεσθαι
661 2433 750 2486 τὸν
801 2433 1096 2485 ἐπίσκοπον
1147 2431 1254 2482 ἀπὸ
1305 2431 1681 2493 ἐπισκοπείου,

121 2524 219 2575 καὶ
261 2523 355 2574 τὸν
393 2522 693 2592 ἡγούμενον
725 2525 788 2574 ὲκ
830 2521 920 2574 τοῦ
952 2524 1337 2591 μοναστηρίου,
1369 2522 1442 2582 ὼς
1473 2521 1684 2589 λυμεῶ-

123 2631 222 2676 νας
271 2617 367 2666 καὶ
415 2613 687 2683 δολεροὺς,
737 2613 1164 2683 ἐπακολουθήσει
1196 2615 1259 2682 τῇ
1291 2613 1556 2682 ἐξωθήσει
1589 2615 1684 2663 καὶ
1719 2609 1728 2628 ⁴

124 2707 453 2776 καθαίρεσις
507 2705 538 2774 ἢ
590 2705 746 2774 οὐχί;
786 2707 892 2757 Καί
926 2722 1069 2766 τινες
1105 2706 1201 2774 μὲν
1264 2701 1412 2756 εἷπον
1459 2705 1547 2771 ,ὡς
1575 2706 1684 2756 τῶν

122 2798 308 2866 ἁγίων
359 2797 616 2865 Πατέρων
674 2796 839 2865 μηδὲν
883 2813 933 2848 τι
984 2794 1221 2848 τοιοῦτον
1275 2794 1682 2862 διοριζομένων,

126 2889 468 2957 προϐήσεται
503 2888 664 2956 μόνον
698 2887 1002 2955 νέξώθησιςσ
1043 2886 1167 2954 ἐμοὶ
1199 2885 1254 2936 δὲ
1287 2885 1435 2938 δοκεῖ
1461 2886 1555 2951 ὡς,
1585 2887 1684 2956 τῆς

123 2980 456 3050 ἑξώθησεως
487 2981 783 3048 γενομένης
807 2981 892 3032 διὰ
922 2979 1093 3040 δόλον,
1140 2977 1196 3042 ἐξ
1240 2978 1486 3048 ἀνάγκης
1545 2997 1687 3047 παρ-

129 3075 327 3126 έπεται
357 3075 448 3125 καὶ
489 3072 824 3141 καθαίρεσις.
883 3071 1066 3129 Οὐδεὶς
1099 3071 1225 3139 γὰρ,
1262 3070 1318 3134 ἐξ
1369 3070 1683 3138 ἀτιμοποιοῦ

1781 1996 2131 2043 sacrosancto
2169 1987 2290 2039 loco
2330 1985 2538 2044 reddat,
2576 1984 2980 2042 tabelliouibns,
3017 1980 3105 2048 qui
3144 1990 3334 2046 praeter

1785 2081 1922 2132 lianc
1980 2089 2224 2130 nostram
2280 2076 2450 2145 legem
2514 2075 2564 2126 in
2634 2072 2900 2142 ejusmodi
2967 2071 3335 2122 contractibus

1708 2245 1715 2252 Ι
1782 2186 2002 2240 operam
2062 2184 2215 2223 suam
2278 2166 2515 2237 praebere
2573 2165 2794 2226 audent,
2843 2171 3104 2230 perpetuo
3148 2162 3335 2213 exsilio

1782 2261 2072 2326 damnatis.

1857 2355 1965 2406 iloc
1997 2361 2176 2405 autent
2209 2347 2821 2414 etiam,interrogaverit
2874 2344 3178 2412 quispiam:
3206 2342 3335 2395 Cum

1787 2459 1960 2497 canon
1995 2443 2160 2504 dicat,
2190 2441 2505 2509 episcopum
2549 2454 2611 2489 ex
2665 2437 3004 2504 episcOpatu,
3049 2445 3100 2488 et
3150 2449 3339 2486 mona-

1785 2535 1936 2590 sterii
1965 2533 2276 2602 praefectum
2325 2546 2388 2582 ex
2421 2528 2776 2591 monasterio,
2829 2539 2885 2580 ut
2924 2528 3258 2596 perniciosos
3287 2537 3338 2577 et

1785 2627 2155 2682 fraudulentos
2204 2623 2421 2691 expelli,
2477 2621 2847 2674 detrusionem
2899 2628 3338 2686 consequeturne

1786 2720 2074 2788 depositio,
2111 2715 2334 2770 annon?
2368 2714 2432 2768 Et
2464 2715 2707 2766 nonnulli
2740 2713 2955 2781 quidem
2998 2710 3153 2780 305
3187 2710 3336 2761 dixe-

1789 2820 1933 2871 runt,
1968 2807 2108 2878 quod
2143 2823 2263 2860 cum
2301 2804 2488 2858 Patres
2526 2803 2658 2854 nihil
2692 2804 2799 2854 tale
2849 2801 3168 2857 decernant,
3225 2797 3337 2847 sola

1789 2902 2042 2971 procedet
2073 2898 2332 2951 extrusio.
2361 2896 2482 2946 Mihi
2525 2893 2954 2953 autemvidetur,
2997 2891 3167 2958 quod,
3212 2905 3334 2959 cum

1788 3000 2006 3060 prOpter
2030 2989 2213 3042 dolum
2244 2987 2332 3040 ﬁat
2367 2986 2583 3052 ejeelio,
2615 2983 2923 3036 necessario
2951 2982 3112 3034 etiam
3160 2982 3339 3048 sequi-

1791 3091 1876 3135 tur
1904 3073 2185 3148 depositio.
2213 3074 2378 3127 Netuo
2407 3076 2573 3134 enim,
2607 3088 2670 3125 ex
2703 3086 2865 3124 causa
2899 3069 3122 3123 lzedeute
3147 3071 3336 3120 laniant

129 3167 315 3229 αἰτίας
343 3165 855 3235 καταδικαζόμενος,
895 3162 1110 3231 ἕντιμός
1144 3162 1314 3214 ἐστιν.
1350 3161 1682 3231 Εὐχαριστη-

1789 3171 2213 3230 condemnatus,
2266 3168 2420 3220 bona:
2483 3173 2567 3218 est
2627 3164 3066 3217 existimationis.
3123 3161 3336 3212 Potenti

128 3262 253 3312 τέον
290 3255 382 3310 οὖν
417 3258 492 3326 τῷ
518 3255 759 3327 κραταιῷ
810 3255 902 3307 καὶ
954 3253 1092 3323 ἀγίῳ
1141 3255 1299 3322 ἡμῶν
1352 3253 1579 3322 βασιλεῖ,
1610 3253 1684 3322 τῷ

133 3353 544 3420 συντηρήσαντι
574 3347 883 3408 ἀκολούθως
917 3345 994 3415 τῷ
1019 3344 1358 3413 ἀποστολικῷ
1381 3347 1562 3397 κανόνι
1593 3348 1685 3397 καὶ

130 3442 203 3510 τῷ
237 3445 474 3511 παρόντι
525 3441 788 3511 διορισμῴ
818 3442 884 3494 ea:
915 3441 1023 3491 τῶν
1077 3439 1382 3508 ἐκκλησιῶν
1434 3443 1526 3492 καὶ
1577 3440 1683 3493 τῶν

128 3537 270 3589 κατὰ
310 3535 460 3587 πόλιν
509 3534 646 3594 τέως
699 3531 1079 3601 μοναστηρίων
1140 3531 1372 3599 ἀκίνητα
1427 3531 1681 3595 ἀνέπαφα

129 3634 190 3681 ἐκ
218 3629 319 3695 τῆς
367 3627 545 3697 χειρὸς
586 3624 678 3678 τοῦ
711 3623 969 3692 δημοσίου
1008 3623 1093 3675 διὰ
1141 3622 1305 3690 τριῶν
1352 3613 1680 3689 χρυσοδούλ-

128 3725 235 3774 λων
264 3723 363 3791 τῆς
396 3721 552 3787 ἁγίας
583 3718 854 3787 βασιλείας
886 3716 1069 3771 αὑτοῦ.
1100 3716 1188 3782 ἀφ’
1220 3710 1294 3767 ὧν
1324 3714 1382 3767 τὸ
1416 3715 1512 3782 μὲν
1543 3716 1684 3768 κατά

130 3816 220 3867 τὸν
292 3813 506 3865 Ἰούλιον
558 3812 705 3881 μῆνα
761 3809 857 3878 τῆς
913 3807 958 3860 α’
1008 3807 1330 3870 ἰνδικτιῶνος
1382 3806 1475 3860 τοῦ
1511 3809 1686 3879 ,δςχνδ’

132 3904 285 3966 ἔτους
313 3905 555 3971 γεγονὸς,
593 3906 685 3955 καὶ
727 3903 1094 3972 διοριζόμενον
1129 3901 1204 3969 μὴ
1237 3894 1569 3968 βλάπτεσθαι
1616 3898 1684 3951 τὰ

135 3997 472 4066 μοναστήρια
498 3997 562 4046 ὲκ
581 3993 674 4044 τοῦ
701 3993 829 4054 ἴσως
860 3992 1118 4061 χωλεύειν
1149 3990 1288 4041 κατά
1326 3993 1478 4043 τι,τά
1508 4006 1673 4057 προσ-

132 4093 258 4143 όντα
323 4090 534 4149 τούτοις
580 4085 922 4153 δικαιώματα
948 4098 964 4112 ο
997 4081 1167 4134 καὶτὸ
1199 4081 1337 4133 κατά
1368 4080 1456 4130 τὸν
1480 4077 1683 4130 Ὀκτὼ-

137 4184 293 4254 ὅριον
357 4183 498 4250 μῆνα
553 4180 647 4249 τῆς
696 4176 738 4242 ζ’
801 4176 1123 4236 ἰνδικτιῶνος
1176 4172 1267 4224 τοῦ
1310 4171 1476 4243 ,ςχξέ
1529 4172 1682 4233 ἔτους

136 4275 422 4339 ἁπολυθὲν,
458 4273 550 4326 καὶ
581 4271 1085 4342 παρακελευόμενον
1119 4267 1260 4336 ἔχειν
1289 4267 1354 4318 τά
1411 4263 1682 4334 μοναστή·

141 4389 230 4441 ρια
287 4369 428 4422 κατά
465 4367 526 4418 τὸ
581 4365 1002 4418 ἀναπόσπαστον
1057 4361 1123 4414 τὰ
1177 4362 1406 4428 ἀκίνητα
1459 4357 1682 4419 τούτων,

149 4464 250 4515 κᾶν
276 4459 600 4528 διαγνώσεις
625 4455 887 4522 ἐδόθησαν
913 4454 1094 4513 αὐτοῖς
1125 4453 1274 4521 παρὰ
1304 4451 1410 4502 τῶν
1440 4453 1679 4515 ἀναγρα-

1793 3280 1919 3333 ergo
1955 3272 2007 3317 et
2041 3271 2230 3316 sancto
2285 3271 2477 3312 nosuo
2534 3256 2842 3325 imperatori
2893 3253 3076 3326 gratiae
3124 3253 3336 3320 agendte

1794 3366 1937 3413 stitit.
1975 3354 2090 3423 qui,
2121 3353 2186 3405 ut
2207 3352 2318 3404 vult
2349 3351 2675 3418 apostolicus
2705 3361 2879 3401 canon
2905 3353 2957 3396 et
2992 3345 3099 3396 luec
3136 3346 3336 3396 consti-

1793 3448 1950 3508 tutio,
1976 3443 2326 3498 ecclesiarum
2352 3442 2697 3507 civitatisque
2747 3439 3203 3490 monasteriorum
3242 3439 3337 3487 imo

1793 3537 2008 3592 mobilia
2043 3557 2070 3587 a
2127 3550 2286 3586 manu
2344 3533 2451 3585 ﬁsci
2500 3548 2591 3584 seu
2649 3531 2869 3597 publici,
2902 3545 2995 3596 per
3031 3541 3136 3582 tres
3173 3545 3336 3578 sat-ra:

1792 3646 1903 3685 sine
1951 3628 2250 3696 maiestatis
2287 3641 2478 3678 aureas
2533 3624 2734 3686 bullas,
2798 3625 2994 3678 intacta
3032 3633 3084 3674 et
3133 3623 3333 3686 integra

1792 3723 2132 3777 conservavit
2167 3738 2178 3772 :
2217 3735 2446 3788 quarum
2491 3720 2658 3771 altera
2695 3717 2909 3786 quidem
2959 3713 3098 3767 Julio
3134 3728 3331 3771 mense,

1794 3816 2089 3870 indictione
2121 3813 2170 3874 l,
2229 3826 2371 3864 anno
2399 3809 2535 3863 6654
2586 3808 2726 3860 facta
2787 3816 2888 3866 est,
2932 3790 2985 3856 et
3040 3803 3332 3866 constituit,

1791 3921 1897 3958 non
1924 3903 2040 3955 lzedi
2076 3901 2422 3961 monasteria,
2481 3914 2544 3950 eo
2595 3896 2735 3964 quod
2784 3895 2926 3962 jura,
2959 3909 3075 3962 quae
3106 3894 3206 3944 illis
3241 3898 3332 3944 ad-

1789 4005 1936 4057 sunt,
1972 3993 2024 4045 in
2057 3993 2241 4059 aliquo
2269 3991 2410 4043 forte
2439 3989 2625 4041 mutila
2659 3988 2768 4042 siut
2798 3999 2852 4041 et
2891 3988 3198 4057 imperfecta
3235 4003 3247 4038 :
3283 4000 3332 4040 et

1786 4085 2023 4139 secunda
2058 4097 2238 4135 mense
2263 4079 2503 4142 Octobri,
2565 4080 2858 4133 indictione
2892 4079 2945 4139 7,
3002 4094 3140 4129 anno
3174 4077 3333 4139 6665,

1790 4180 1988 4235 emissa
2015 4174 2118 4241 est,
2155 4185 2202 4229 et
2233 4175 2388 4245 jubet
2418 4172 2741 4226 monasteria
2791 4169 3050 4222 iu'divulse
3087 4159 3138 4220 et
3190 4172 3356 4222 inser

1792 4271 2104 4341 parabiliter
2133 4250 2229 4323 sua
2264 4268 2460 4320 habere
2491 4261 2822 4320 immobilia;
2869 4263 3075 4315 etiamsi
3111 4263 3330 4323 uotitim,

1790 4380 1910 4433 quae
1938 4377 2033 4430 pro
2057 4360 2180 4428 jure
2207 4358 2322 4408 ﬁsci
2340 4356 2575 4426 iaciunt,
2609 4369 2636 4405 a
2670 4368 2866 4406 census
2907 4353 3330 4415 descriptoribus

1789 4459 1869 4509 eis
1898 4454 2031 4505 data:
2063 4454 2191 4511 sint,
2238 4463 2355 4516 qua:
2416 4446 2506 4499 hic
2537 4447 2658 4500 sita:
2705 4462 2810 4498 non
2852 4450 2997 4505 sunt,
3051 4445 3190 4511 quod
3228 4460 3330 4496 non

142 4554 287 4622 τρέων
316 4549 628 4607 δικαιοῦσαι
657 4548 746 4598 τὸν
778 4544 1057 4613 δημόσιον,
1090 4542 1247 4595 ἅτινα
1269 4543 1328 4592 οὑ
1372 4538 1680 4607 κατεστρώ-

1787 4555 2046 4616 perpetua
2086 4549 2267 4596 cautio
2292 4549 2344 4618 et
2371 4541 2573 4594 utilitas
2615 4536 2964 4592 monasteriis
2996 4553 3058 4590 ex
3106 4539 3170 4589 iis
3201 4552 3323 4601 sup-

138 4647 310 4715 θησαν
359 4644 596 4698 ἐνταῦθα
645 4639 734 4694 διὰ
785 4638 845 4689 τὸ
899 4635 1258 4700 αἱωνίζουσαν
1312 4633 1574 4700 ὠφέλειαν
1620 4633 1684 4682 ἐκ

140 4739 337 4792 τούτων
368 4735 442 4804 μὴ
477 4729 921 4804 ἐπιχορηγείσθαι
971 4732 1094 4790 ταῖς
1146 4729 1352 4796 μοναῖε,
1396 4724 1530 4777 ἀλλά
1562 4740 1686 4778 καιο

145 4829 298 4900 ρικήν
317 4832 332 4854 ⁸
361 4826 422 4878 τὸ
449 4823 506 4876 δὲ
539 4828 679 4876 κατά
705 4823 798 4876 τὸν
826 4820 1065 4887 Μάρτιον
1121 4819 1264 4887 μῆνα
1314 4817 1411 4886 τῆς
1455 4813 1507 4879 ς’
1561 4815 1684 4867 ἰνδι-

151 4922 365 4982 κτιῶνος
391 4917 486 4970 τοῦ
524 4915 706 4988 ,ςχξςδ
763 4917 914 4977 ἔτους
944 4912 1214 4980 ἐξενεχθὲν
1245 4912 1336 4963 καὶ
1369 4927 1685 4979 καταστρω-

151 5016 234 5070 θὲν
270 5016 325 5065 ἐν
357 5011 489 5062 πᾶσι
513 5009 628 5069 τοῖς
663 5008 937 5074 σεκρέτοις
972 5003 1405 5072 παρακελεύεται
1435 5004 1570 5072 μετά
1620 5004 1682 5054 τὸ

153 5107 426 5178 προοίμιον
461 5101 634 5154 ταῦτα
666 5098 842 5167 ῥητῶς
866 5115 880 5129 ·

219 5199 458 5268 Ἔφθασε
492 5192 588 5264 μὲν
609 5187 702 5243 οὖν
731 5188 834 5257 πρὸ
863 5190 1066 5258 χρόνων
1094 5183 1253 5238 τινῶν
1300 5183 1685 5250 χρυσόὸουλλον

149 5290 302 5356 λόγον
324 5282 717 5357 ἐπιδραὸεὗσαι
749 5279 860 5339 τοῖς
887 5295 943 5328 τε
973 5279 1093 5331 κατ’
1122 5275 1284 5344 αὐτὴν
1314 5273 1409 5341 τὴν
1444 5272 1684 5338 βασιλίδα

151 5373 253 5431 τῶν
280 5380 485 5433 πόλεων
501 5372 856 5443 διακειμένοις
880 5370 1257 5441 εὐαγεστάτοις
1287 5366 1681 5436 μοναστηρῖοις,

157 5469 245 5523 καὶ
274 5471 386 5530 τοῖς
425 5471 485 5520 τὺ
518 5467 729 5520 δυτικὸν
769 5463 929 5533 μέρος
951 5458 1044 5512 τοῦ
1080 5460 1285 5522 στενοῦ,
1316 5460 1436 5511 ὅσον
1473 5476 1526 5509 τε
1557 5459 1676 5508 κατ’

161 5561 408 5629 ιίγιαλὸν,
441 5562 531 5610 καὶ
562 5561 684 5612 ὅσον
741 5539 1052 5626 πόρρωθεν
1113 5550 1368 5610 ὡσαύτως
1426 5553 1516 5602 καὶ
1571 5553 1681 5611 τοῖς

161 5651 278 5722 περὶ
315 5650 405 5701 τὸν
445 5647 642 5701 κόλπον
676 5651 771 5718 τῆς
829 5642 1178 5713 Νικομηδίας,
1234 5641 1325 5690 καὶ
1383 5640 1543 5708 μέχρι
1591 5643 1683 5692 καὶ

167 5743 314 5810 αὐτῆς
341 5739 438 5810 τῆς
477 5737 827 5806 Νικομηδίας,
886 5741 976 5788 καί
1012 5738 1119 5796 τοῖς
1152 5734 1208 5783 ἐν
1232 5731 1347 5789 ταῖς
1389 5733 1586 5795 νήσοις,
1619 5732 1682 5797 τῇ

171 5832 362 5904 Ὀξείᾳ,
398 5831 460 5900 τῇ
494 5826 706 5899 Πρώτη,
734 5830 798 5895 τῇ
835 5827 1042 5896 Χάλκη,
1075 5828 1138 5894 τῇ
1173 5822 1374 5890 nti-.3,
1414 5822 1476 5889 τῇ
1521 5818 1678 5889 Ἀγίᾳ

1784 4639 2069 4708 peditetiir,
2097 4638 2190 4690 sed
2226 4635 2530 4703 temporalis
2559 4650 2572 4685 :
2608 4632 2710 4683 alia
2745 4644 2871 4681 vero
2909 4644 3089 4683 mense
3120 4628 3327 4688 Martio,

1785 4730 2080 4784 indictione
2108 4731 2160 4794 6,
2189 4744 2331 4781 anno
2357 4725 2494 4777 6666
2527 4722 2668 4774 edita
2719 4729 2824 4782 est,
2875 4731 2927 4773 et
2980 4722 3028 4772 in
3081 4719 3327 4773 omnibus

1786 4824 2011 4878 secretis
2045 4821 2238 4892 posita,
2275 4833 2392 4885 qua:
2422 4825 2540 4883 post
2586 4815 2910 4884 precantium
2941 4806 3035 4865 bd';
3081 4826 3327 4879 expresse

1785 4918 1950 4972 edicit
1977 4933 1989 4966 :

1854 5176 2068 5243 Aliquot
2101 5173 2299 5227 abltiuc
2341 5168 2496 5225 anuis
2569 5169 2929 5225 deﬁnitionem
2978 5183 3136 5222 aurea
3187 5169 3324 5221 null:l

1789 5271 2051 5323 munitam
2102 5269 2348 5322 emittere
2412 5266 2831 5330 dispensareque
2884 5262 3140 5330 pravenit
3213 5277 3322 5313 mea

1788 5365 2063 5430 majestas.
2094 5361 2430 5428 iisque,quze
2468 5354 2520 5406 in
2577 5355 2675 5405 hac
2728 5353 2940 5408 urbium
2991 5351 3174 5419 regina
3224 5355 3320 5406 sita

1789 5465 1934 5514 sunt,
1967 5449 2321 5506 sanctissimis
2354 5447 2720 5507 monasteriis,
2754 5457 2806 5498 et
2850 5447 2914 5496 iis
2942 5459 3063 5513 qua:
3104 5457 3227 5497 sunt
3271 5445 3318 5495 iu

1787 5545 2104 5598 occidentali
2156 5551 2305 5611 parte
2355 5536 2497 5602 freti,
2548 5549 2809 5607 quantum
2849 5518 2936 5589 est
2972 5537 3026 5591 in
3067 5538 3243 5589 littore
3273 5547 3318 5587 el

1787 5639 2023 5705 longius;
2049 5634 2294 5688 similiter
2325 5639 2376 5683 et
2409 5633 2473 5685 iis
2493 5648 2609 5701 qua:
2624 5628 2816 5684 suntin
2846 5630 2965 5681 sinu
2987 5625 3316 5681 Nicomediae.

1787 5744 1836 5782 et
1876 5743 2042 5795 usque
2078 5725 2144 5778 ad
2181 5725 2348 5793 ipsam
2382 5722 2768 5779 Nicomediam,
2795 5729 2847 5774 et
2878 5721 2942 5775 iis
2965 5736 3080 5787 qua:
3112 5727 3240 5771 sunt
3270 5717 3316 5769 in

1791 5819 2001 5884 insulis,
2027 5805 2189 5883 Oxea,
2226 5814 2425 5880 Prima,
2463 5812 2680 5878 Chalce,
2717 5809 2886 5880 l’late,
2920 5819 3105 5867 sancta
3130 5805 3318 5878 Glyce-
