  <div class='ocr_page' id='page_1' title='image "/cluster/home/n/w/nwhite01/storage/ocr_20150623/137/pst.000005714537/540.png"; bbox 0 0 3988 6352; ppageno 0'>
   <div class='ocr_carea' id='block_1_1' title="bbox 62 411 176 471">
    <p class='ocr_par' dir='ltr' id='par_1_1' title="bbox 62 411 176 471">
     <span class='ocr_line' id='line_1_1' title="bbox 62 411 176 471; baseline 0.026 -3"><span class='ocrx_word' id='word_1_1' title='bbox 62 411 176 471; x_wconf 83' lang='grc'><strong>977</strong></span> 
     </span>
    </p>
   </div>
   <div class='ocr_carea' id='block_1_2' title="bbox 114 1277 1576 1361">
    <p class='ocr_par' dir='ltr' id='par_1_2' title="bbox 114 1277 1576 1361">
     <span class='ocr_line' id='line_1_2' title="bbox 114 1277 1576 1361; baseline 0.014 -39"><span class='ocrx_word' id='word_1_2' title='bbox 114 1293 134 1322; x_wconf 71' lang='lat' dir='ltr'><strong><em>c</em></strong></span> <span class='ocrx_word' id='word_1_3' title='bbox 185 1277 495 1331; x_wconf 76' lang='grc' dir='ltr'>ἐπισκόπου</span> <span class='ocrx_word' id='word_1_4' title='bbox 521 1278 554 1340; x_wconf 72' lang='grc' dir='ltr'><strong>ἢ</strong></span> <span class='ocrx_word' id='word_1_5' title='bbox 586 1281 907 1352; x_wconf 78' lang='grc' dir='ltr'><strong>ἡγουμένου,</strong></span> <span class='ocrx_word' id='word_1_6' title='bbox 949 1286 1071 1355; x_wconf 84' lang='grc' dir='ltr'><strong>μηδ’</strong></span> <span class='ocrx_word' id='word_1_7' title='bbox 1112 1287 1246 1352; x_wconf 82' lang='grc' dir='ltr'><strong>ὅλως</strong></span> <span class='ocrx_word' id='word_1_8' title='bbox 1291 1291 1576 1361; x_wconf 79' lang='grc' dir='ltr'>ἐγχείρησι.</span> 
     </span>
    </p>
   </div>
   <div class='ocr_carea' id='block_1_3' title="bbox 113 1365 1587 1453">
    <p class='ocr_par' dir='ltr' id='par_1_3' title="bbox 113 1365 1587 1453">
     <span class='ocr_line' id='line_1_3' title="bbox 113 1365 1587 1453; baseline 0.013 -39"><span class='ocrx_word' id='word_1_9' title='bbox 113 1387 128 1414; x_wconf 77' lang='grc' dir='ltr'><strong>ι</strong></span> <span class='ocrx_word' id='word_1_10' title='bbox 181 1367 466 1421; x_wconf 77' lang='grc' dir='ltr'><strong>διακονίας</strong></span> <span class='ocrx_word' id='word_1_11' title='bbox 495 1365 776 1427; x_wconf 75' lang='grc' dir='ltr'>ποιεῖσθαι</span> <span class='ocrx_word' id='word_1_12' title='bbox 826 1377 948 1431; x_wconf 80' lang='grc' dir='ltr'>κατ’</span> <span class='ocrx_word' id='word_1_13' title='bbox 991 1379 1198 1433; x_wconf 82' lang='grc' dir='ltr'>ἐκεῖνον</span> <span class='ocrx_word' id='word_1_14' title='bbox 1269 1382 1363 1435; x_wconf 81' lang='grc' dir='ltr'>τὸν</span> <span class='ocrx_word' id='word_1_15' title='bbox 1410 1382 1587 1453; x_wconf 72' lang='grc' dir='ltr'>καιρὸν</span> 
     </span>
    </p>
   </div>
   <div class='ocr_carea' id='block_1_4' title="bbox 111 1451 1590 1542">
    <p class='ocr_par' dir='ltr' id='par_1_4' title="bbox 111 1451 1590 1542">
     <span class='ocr_line' id='line_1_4' title="bbox 111 1451 1590 1542; baseline 0.015 -38"><span class='ocrx_word' id='word_1_16' title='bbox 111 1474 129 1504; x_wconf 81' lang='grc' dir='ltr'><strong>ι</strong></span> <span class='ocrx_word' id='word_1_17' title='bbox 183 1460 349 1542; x_wconf 80' lang='grc' dir='ltr'>γυνὴ,</span> <span class='ocrx_word' id='word_1_18' title='bbox 380 1451 511 1513; x_wconf 71' lang='grc' dir='ltr'>ἀλλ’</span> <span class='ocrx_word' id='word_1_19' title='bbox 545 1454 797 1523; x_wconf 76' lang='grc' dir='ltr'>ίδιαζέτω</span> <span class='ocrx_word' id='word_1_20' title='bbox 831 1470 890 1521; x_wconf 87' lang='grc' dir='ltr'><strong>ἐν</strong></span> <span class='ocrx_word' id='word_1_21' title='bbox 936 1469 1106 1542; x_wconf 83' lang='grc' dir='ltr'><strong>ἑτέρῳ</strong></span> <span class='ocrx_word' id='word_1_22' title='bbox 1139 1473 1305 1541; x_wconf 86' lang='grc' dir='ltr'>τόπῳ,</span> <span class='ocrx_word' id='word_1_23' title='bbox 1352 1474 1458 1536; x_wconf 76' lang='grc' dir='ltr'>ἕως</span> <span class='ocrx_word' id='word_1_24' title='bbox 1513 1451 1590 1529; x_wconf 14' lang='grc' dir='ltr'>Ἵᾶν</span> 
     </span>
    </p>
   </div>
   <div class='ocr_carea' id='block_1_5' title="bbox 109 1540 1597 1630">
    <p class='ocr_par' dir='ltr' id='par_1_5' title="bbox 109 1540 1597 1630">
     <span class='ocr_line' id='line_1_5' title="bbox 109 1540 1597 1630; baseline 0.013 -31"><span class='ocrx_word' id='word_1_25' title='bbox 109 1565 128 1596; x_wconf 80' lang='grc' dir='ltr'><strong>ι</strong></span> <span class='ocrx_word' id='word_1_26' title='bbox 172 1540 282 1619; x_wconf 72' lang='grc' dir='ltr'>τὴν</span> <span class='ocrx_word' id='word_1_27' title='bbox 305 1553 728 1630; x_wconf 73' lang='grc' dir='ltr'>ὲπιιναχὼρησιν</span> <span class='ocrx_word' id='word_1_28' title='bbox 752 1561 1046 1630; x_wconf 80' lang='grc' dir='ltr'>ποιήσηται</span> <span class='ocrx_word' id='word_1_29' title='bbox 1140 1540 1464 1628; x_wconf 81' lang='grc' dir='ltr'>ἐπίσκοπος,</span> <span class='ocrx_word' id='word_1_30' title='bbox 1509 1563 1597 1618; x_wconf 82' lang='grc' dir='ltr'>διᾶ</span> 
     </span>
    </p>
   </div>
   <div class='ocr_carea' id='block_1_6' title="bbox 108 1642 717 1719">
    <p class='ocr_par' dir='ltr' id='par_1_6' title="bbox 108 1642 717 1719">
     <span class='ocr_line' id='line_1_6' title="bbox 108 1642 717 1719; baseline 0.015 -26"><span class='ocrx_word' id='word_1_31' title='bbox 108 1658 126 1687; x_wconf 79' lang='grc' dir='ltr'><strong>σ</strong></span> <span class='ocrx_word' id='word_1_32' title='bbox 160 1642 226 1694; x_wconf 73' lang='grc' dir='ltr'>τὸ</span> <span class='ocrx_word' id='word_1_33' title='bbox 255 1642 650 1719; x_wconf 73' lang='grc' dir='ltr'>ἁνεπί“ι.ηπτον.</span> <span class='ocrx_word' id='word_1_34' title='bbox 698 1670 717 1702; x_wconf 76' lang='grc' dir='ltr'><strong>ι</strong></span> 
     </span>
    </p>
   </div>
   <div class='ocr_carea' id='block_1_7' title="bbox 102 1730 1594 1822">
    <p class='ocr_par' dir='ltr' id='par_1_7' title="bbox 102 1730 1594 1822">
     <span class='ocr_line' id='line_1_7' title="bbox 102 1730 1594 1822; baseline 0.013 -39"><span class='ocrx_word' id='word_1_35' title='bbox 102 1730 307 1788; x_wconf 75' lang='grc' dir='ltr'><strong>ΒΑΛΣ.</strong></span> <span class='ocrx_word' id='word_1_36' title='bbox 344 1734 644 1810; x_wconf 85' lang='grc' dir='ltr'>Μαθόντες,</span> <span class='ocrx_word' id='word_1_37' title='bbox 675 1744 751 1807; x_wconf 85' lang='grc' dir='ltr'><strong>ὡς</strong></span> <span class='ocrx_word' id='word_1_38' title='bbox 780 1744 974 1811; x_wconf 78' lang='grc' dir='ltr'>ἔοικεν,</span> <span class='ocrx_word' id='word_1_39' title='bbox 1030 1749 1081 1801; x_wconf 76' lang='lat' dir='ltr'><strong>oi</strong></span> <span class='ocrx_word' id='word_1_40' title='bbox 1143 1749 1288 1816; x_wconf 79' lang='grc' dir='ltr'>ἅγιοι</span> <span class='ocrx_word' id='word_1_41' title='bbox 1350 1750 1594 1822; x_wconf 77' lang='grc' dir='ltr'>Πατέρες</span> 
     </span>
    </p>
   </div>
   <div class='ocr_carea' id='block_1_8' title="bbox 32 1821 1594 1911">
    <p class='ocr_par' dir='ltr' id='par_1_8' title="bbox 32 1821 1594 1911">
     <span class='ocr_line' id='line_1_8' title="bbox 32 1821 1594 1911; baseline 0.017 -40"><span class='ocrx_word' id='word_1_42' title='bbox 32 1821 110 1873; x_wconf 82' lang='grc' dir='ltr'><strong>δτι</strong></span> <span class='ocrx_word' id='word_1_43' title='bbox 141 1826 230 1884; x_wconf 76' lang='grc' dir='ltr'><strong>είς</strong></span> <span class='ocrx_word' id='word_1_44' title='bbox 263 1828 594 1884; x_wconf 85' lang='grc' dir='ltr'>ἐπισκοπεῖα</span> <span class='ocrx_word' id='word_1_45' title='bbox 655 1835 750 1888; x_wconf 81' lang='grc' dir='ltr'><strong>καὶ</strong></span> <span class='ocrx_word' id='word_1_46' title='bbox 801 1839 882 1899; x_wconf 86' lang='grc' dir='ltr'><strong>είς</strong></span> <span class='ocrx_word' id='word_1_47' title='bbox 952 1843 1288 1910; x_wconf 85' lang='grc' dir='ltr'>μοναστήρια</span> <span class='ocrx_word' id='word_1_48' title='bbox 1344 1843 1594 1911; x_wconf 87' lang='grc' dir='ltr'><strong>διάγουσι</strong></span> 
     </span>
    </p>
   </div>
   <div class='ocr_carea' id='block_1_9' title="bbox 1011 430 2317 521">
    <p class='ocr_par' dir='ltr' id='par_1_9' title="bbox 1011 430 2317 521">
     <span class='ocr_line' id='line_1_9' title="bbox 1011 430 2317 521; baseline 0.014 -33"><span class='ocrx_word' id='word_1_49' title='bbox 1011 430 1094 489; x_wconf 87' lang='grc' dir='ltr'>ΙΝ</span> <span class='ocrx_word' id='word_1_50' title='bbox 1131 431 1297 492; x_wconf 80' lang='lat' dir='ltr'><strong>CAN-</strong></span> <span class='ocrx_word' id='word_1_51' title='bbox 1331 431 1528 492; x_wconf 75' lang='lat' dir='ltr'><strong>XVIII</strong></span> <span class='ocrx_word' id='word_1_52' title='bbox 1569 432 1787 496; x_wconf 89' lang='lat' dir='ltr'><strong>CONC.</strong></span> <span class='ocrx_word' id='word_1_53' title='bbox 1825 438 1934 499; x_wconf 86' lang='lat' dir='ltr'><strong>VII</strong></span> <span class='ocrx_word' id='word_1_54' title='bbox 1969 442 2317 521; x_wconf 67' lang='lat' dir='ltr'><strong>(ECIJMEN.</strong></span> 
     </span>
    </p>
   </div>
   <div class='ocr_carea' id='block_1_10' title="bbox 114 531 1697 617">
    <p class='ocr_par' dir='ltr' id='par_1_10' title="bbox 114 531 1697 617">
     <span class='ocr_line' id='line_1_10' title="bbox 114 531 1697 617; baseline 0.017 -39"><span class='ocrx_word' id='word_1_55' title='bbox 114 543 158 579; x_wconf 71' lang='grc' dir='ltr'><strong>ἀ</strong></span> <span class='ocrx_word' id='word_1_56' title='bbox 214 531 342 586; x_wconf 83' lang='grc' dir='ltr'>σθαι</span> <span class='ocrx_word' id='word_1_57' title='bbox 379 533 436 585; x_wconf 84' lang='grc' dir='ltr'><strong>ἐν</strong></span> <span class='ocrx_word' id='word_1_58' title='bbox 465 536 832 602; x_wconf 82' lang='grc' dir='ltr'>ἐπισκοπείοις</span> <span class='ocrx_word' id='word_1_59' title='bbox 885 542 918 613; x_wconf 75' lang='grc' dir='ltr'>ἢ</span> <span class='ocrx_word' id='word_1_60' title='bbox 950 546 1363 617; x_wconf 67' lang='grc' dir='ltr'>-ιμοναστηρίοις</span> <span class='ocrx_word' id='word_1_61' title='bbox 1415 548 1618 612; x_wconf 82' lang='grc' dir='ltr'>παντὸς</span> <span class='ocrx_word' id='word_1_62' title='bbox 1642 546 1697 605; x_wconf 82' lang='grc' dir='ltr'><strong>Δ</strong></span> 
     </span>
    </p>
   </div>
   <div class='ocr_carea' id='block_1_11' title="bbox 131 629 1613 716">
    <p class='ocr_par' dir='ltr' id='par_1_11' title="bbox 131 629 1613 716">
     <span class='ocr_line' id='line_1_11' title="bbox 131 629 1613 716; baseline 0.015 -40"><span class='ocrx_word' id='word_1_63' title='bbox 131 644 152 675; x_wconf 80' lang='grc' dir='ltr'><strong>ι</strong></span> <span class='ocrx_word' id='word_1_64' title='bbox 211 629 642 699; x_wconf 80' lang='grc' dir='ltr'><strong>προσκόμματος</strong></span> <span class='ocrx_word' id='word_1_65' title='bbox 702 635 890 690; x_wconf 71' lang='grc' dir='ltr'>αἴτιον.</span> <span class='ocrx_word' id='word_1_66' title='bbox 947 638 1013 691; x_wconf 70' lang='lat' dir='ltr'><strong>Et</strong></span> <span class='ocrx_word' id='word_1_67' title='bbox 1059 657 1144 703; x_wconf 87' lang='grc' dir='ltr'><strong>τις</strong></span> <span class='ocrx_word' id='word_1_68' title='bbox 1188 637 1294 694; x_wconf 72' lang='grc' dir='ltr'>οὖν</span> <span class='ocrx_word' id='word_1_69' title='bbox 1336 642 1530 712; x_wconf 77' lang='grc' dir='ltr'>δούλην</span> <span class='ocrx_word' id='word_1_70' title='bbox 1579 646 1613 716; x_wconf 77' lang='grc' dir='ltr'>ἢ</span> 
     </span>
    </p>
   </div>
   <div class='ocr_carea' id='block_1_12' title="bbox 130 717 1616 803">
    <p class='ocr_par' dir='ltr' id='par_1_12' title="bbox 130 717 1616 803">
     <span class='ocr_line' id='line_1_12' title="bbox 130 717 1616 803; baseline 0.015 -38"><span class='ocrx_word' id='word_1_71' title='bbox 130 735 150 764; x_wconf 77' lang='grc' dir='ltr'><strong>ι</strong></span> <span class='ocrx_word' id='word_1_72' title='bbox 206 717 502 789; x_wconf 75' lang='grc' dir='ltr'><strong>ἐλευθέραν</strong></span> <span class='ocrx_word' id='word_1_73' title='bbox 525 721 582 775; x_wconf 87' lang='grc' dir='ltr'><strong>ἐν</strong></span> <span class='ocrx_word' id='word_1_74' title='bbox 607 722 684 793; x_wconf 82' lang='grc' dir='ltr'><strong>τῷ</strong></span> <span class='ocrx_word' id='word_1_75' title='bbox 709 725 1039 798; x_wconf 84' lang='grc' dir='ltr'>ἐπισκοπείῳ</span> <span class='ocrx_word' id='word_1_76' title='bbox 1092 729 1372 800; x_wconf 84' lang='grc' dir='ltr'><strong>κτώμενος</strong></span> <span class='ocrx_word' id='word_1_77' title='bbox 1431 750 1616 803; x_wconf 71' lang='grc' dir='ltr'>φωρα-</span> 
     </span>
    </p>
   </div>
   <div class='ocr_carea' id='block_1_13' title="bbox 128 808 1614 896">
    <p class='ocr_par' dir='ltr' id='par_1_13' title="bbox 128 808 1614 896">
     <span class='ocr_line' id='line_1_13' title="bbox 128 808 1614 896; baseline 0.015 -39"><span class='ocrx_word' id='word_1_78' title='bbox 128 826 148 857; x_wconf 77' lang='grc' dir='ltr'><strong>ι</strong></span> <span class='ocrx_word' id='word_1_79' title='bbox 203 808 348 877; x_wconf 86' lang='grc' dir='ltr'>θείη,</span> <span class='ocrx_word' id='word_1_80' title='bbox 402 810 436 881; x_wconf 77' lang='grc' dir='ltr'>ἢ</span> <span class='ocrx_word' id='word_1_81' title='bbox 484 814 932 896; x_wconf 9' lang='grc' dir='ltr'>ἐνὲμοναστηρίῳ</span> <span class='ocrx_word' id='word_1_82' title='bbox 980 821 1132 891; x_wconf 80' lang='grc' dir='ltr'>πρὸς,</span> <span class='ocrx_word' id='word_1_83' title='bbox 1163 823 1475 896; x_wconf 80' lang='grc' dir='ltr'>ἐγχείρησιν</span> <span class='ocrx_word' id='word_1_84' title='bbox 1502 825 1614 879; x_wconf 83' lang='grc' dir='ltr'>δια-</span> 
     </span>
    </p>
   </div>
   <div class='ocr_carea' id='block_1_14' title="bbox 125 894 1609 984">
    <p class='ocr_par' dir='ltr' id='par_1_14' title="bbox 125 894 1609 984">
     <span class='ocr_line' id='line_1_14' title="bbox 125 894 1609 984; baseline 0.016 -34"><span class='ocrx_word' id='word_1_85' title='bbox 125 917 147 950; x_wconf 84' lang='grc' dir='ltr'><strong>ι</strong></span> <span class='ocrx_word' id='word_1_86' title='bbox 199 900 393 960; x_wconf 80' lang='grc' dir='ltr'>κονίας</span> <span class='ocrx_word' id='word_1_87' title='bbox 421 894 587 971; x_wconf 66' lang='grc' dir='ltr'>τινὸς,</span> <span class='ocrx_word' id='word_1_88' title='bbox 616 910 956 979; x_wconf 82' lang='grc' dir='ltr'>ἐπιτιμὰσθω</span> <span class='ocrx_word' id='word_1_89' title='bbox 978 930 990 942; x_wconf 89' lang='grc'>·</span> <span class='ocrx_word' id='word_1_90' title='bbox 1017 915 1288 984; x_wconf 78' lang='grc' dir='ltr'><strong>ἐπιμένων</strong></span> <span class='ocrx_word' id='word_1_91' title='bbox 1414 921 1609 973; x_wconf 82' lang='grc' dir='ltr'>καθαι-</span> 
     </span>
    </p>
   </div>
   <div class='ocr_carea' id='block_1_15' title="bbox 122 994 1610 1081">
    <p class='ocr_par' dir='ltr' id='par_1_15' title="bbox 122 994 1610 1081">
     <span class='ocr_line' id='line_1_15' title="bbox 122 994 1610 1081; baseline 0.015 -38"><span class='ocrx_word' id='word_1_92' title='bbox 122 1011 140 1042; x_wconf 81' lang='grc' dir='ltr'><strong>ι</strong></span> <span class='ocrx_word' id='word_1_93' title='bbox 193 994 427 1062; x_wconf 74' lang='grc' dir='ltr'>’ρείσθω.</span> <span class='ocrx_word' id='word_1_94' title='bbox 468 999 532 1052; x_wconf 73' lang='lat' dir='ltr'><strong>El</strong></span> <span class='ocrx_word' id='word_1_95' title='bbox 557 999 613 1052; x_wconf 85' lang='grc' dir='ltr'>δὲ</span> <span class='ocrx_word' id='word_1_96' title='bbox 645 1003 738 1054; x_wconf 81' lang='grc' dir='ltr'>καὶ</span> <span class='ocrx_word' id='word_1_97' title='bbox 766 1003 917 1076; x_wconf 77' lang='grc' dir='ltr'>τύχοι</span> <span class='ocrx_word' id='word_1_98' title='bbox 946 1006 1003 1059; x_wconf 83' lang='grc' dir='ltr'><strong>ἐν</strong></span> <span class='ocrx_word' id='word_1_99' title='bbox 1036 1011 1384 1076; x_wconf 74' lang='grc' dir='ltr'>προαστείοις</span> <span class='ocrx_word' id='word_1_100' title='bbox 1422 1014 1610 1081; x_wconf 81' lang='grc' dir='ltr'>γυναῖ-</span> 
     </span>
    </p>
   </div>
   <div class='ocr_carea' id='block_1_16' title="bbox 65 1085 1611 1175">
    <p class='ocr_par' dir='ltr' id='par_1_16' title="bbox 65 1085 1611 1175">
     <span class='ocr_line' id='line_1_16' title="bbox 65 1085 1611 1175; baseline 0.016 -40"><span class='ocrx_word' id='word_1_101' title='bbox 65 1115 80 1127; x_wconf 87' lang='grc'><strong><em>-</em></strong></span> <span class='ocrx_word' id='word_1_102' title='bbox 117 1104 136 1135; x_wconf 83' lang='grc' dir='ltr'><strong>ι</strong></span> <span class='ocrx_word' id='word_1_103' title='bbox 189 1105 302 1151; x_wconf 89' lang='grc' dir='ltr'><strong>κας</strong></span> <span class='ocrx_word' id='word_1_104' title='bbox 345 1085 506 1158; x_wconf 72' lang='grc' dir='ltr'>εἶναι,</span> <span class='ocrx_word' id='word_1_105' title='bbox 539 1096 632 1149; x_wconf 82' lang='grc' dir='ltr'>καὶ</span> <span class='ocrx_word' id='word_1_106' title='bbox 665 1094 881 1167; x_wconf 83' lang='grc' dir='ltr'>θελήσοι</span> <span class='ocrx_word' id='word_1_107' title='bbox 913 1099 1209 1165; x_wconf 78' lang='grc' dir='ltr'>ἐπίσκοπος</span> <span class='ocrx_word' id='word_1_108' title='bbox 1238 1102 1270 1172; x_wconf 82' lang='grc' dir='ltr'><strong>ἦ</strong></span> <span class='ocrx_word' id='word_1_109' title='bbox 1304 1105 1611 1175; x_wconf 77' lang='grc' dir='ltr'>ἡγούμενος</span> 
     </span>
    </p>
   </div>
   <div class='ocr_carea' id='block_1_17' title="bbox 117 1181 1650 1270">
    <p class='ocr_par' dir='ltr' id='par_1_17' title="bbox 117 1181 1650 1270">
     <span class='ocr_line' id='line_1_17' title="bbox 117 1181 1650 1270; baseline 0.014 -38"><span class='ocrx_word' id='word_1_110' title='bbox 117 1200 136 1230; x_wconf 82' lang='grc' dir='ltr'><strong>ι</strong></span> <span class='ocrx_word' id='word_1_111' title='bbox 193 1185 427 1253; x_wconf 78' lang='grc' dir='ltr'>πορείαν</span> <span class='ocrx_word' id='word_1_112' title='bbox 453 1187 514 1238; x_wconf 87' lang='grc' dir='ltr'><strong>ἐν</strong></span> <span class='ocrx_word' id='word_1_113' title='bbox 542 1192 654 1247; x_wconf 84' lang='grc' dir='ltr'>τοῖς</span> <span class='ocrx_word' id='word_1_114' title='bbox 704 1189 881 1244; x_wconf 76' lang='grc' dir='ltr'>ἐκεῖσε</span> <span class='ocrx_word' id='word_1_115' title='bbox 930 1194 1284 1263; x_wconf 82' lang='grc' dir='ltr'>ποιήσασθαι,</span> <span class='ocrx_word' id='word_1_116' title='bbox 1339 1201 1599 1270; x_wconf 71' lang='grc' dir='ltr'>παρόντος</span> <span class='ocrx_word' id='word_1_117' title='bbox 1639 1181 1650 1189; x_wconf 55' lang='grc'><em>’</em></span> 
     </span>
    </p>
   </div>
   <div class='ocr_carea' id='block_1_18' title="bbox 3161 466 3261 524">
    <p class='ocr_par' dir='ltr' id='par_1_18' title="bbox 3161 466 3261 524">
     <span class='ocr_line' id='line_1_18' title="bbox 3161 466 3261 524; baseline 0.03 -2"><span class='ocrx_word' id='word_1_118' title='bbox 3161 466 3261 524; x_wconf 79' lang='grc'><strong>978</strong></span> 
     </span>
    </p>
   </div>
   <div class='ocr_carea' id='block_1_19' title="bbox 1799 554 3267 631">
    <p class='ocr_par' dir='ltr' id='par_1_19' title="bbox 1799 554 3267 631">
     <span class='ocr_line' id='line_1_19' title="bbox 1799 554 3267 631; baseline 0.016 -31"><span class='ocrx_word' id='word_1_119' title='bbox 1799 567 1818 600; x_wconf 84' lang='grc' dir='ltr'><strong>ι</strong></span> <span class='ocrx_word' id='word_1_120' title='bbox 1865 554 2152 623; x_wconf 85' lang='lat' dir='ltr'><strong>episcopiis</strong></span> <span class='ocrx_word' id='word_1_121' title='bbox 2188 558 2270 610; x_wconf 85' lang='lat' dir='ltr'><strong>vel</strong></span> <span class='ocrx_word' id='word_1_122' title='bbox 2312 563 2657 616; x_wconf 67' lang='lat' dir='ltr'><strong>monasteriis</strong></span> <span class='ocrx_word' id='word_1_123' title='bbox 2688 566 2916 631; x_wconf 84' lang='lat' dir='ltr'><strong>versari,</strong></span> <span class='ocrx_word' id='word_1_124' title='bbox 2968 577 3050 622; x_wconf 88' lang='lat' dir='ltr'><strong>est</strong></span> <span class='ocrx_word' id='word_1_125' title='bbox 3089 573 3267 624; x_wconf 88' lang='lat' dir='ltr'><strong>onmis</strong></span> 
     </span>
    </p>
   </div>
   <div class='ocr_carea' id='block_1_20' title="bbox 1796 644 3264 723">
    <p class='ocr_par' dir='ltr' id='par_1_20' title="bbox 1796 644 3264 723">
     <span class='ocr_line' id='line_1_20' title="bbox 1796 644 3264 723; baseline 0.015 -31"><span class='ocrx_word' id='word_1_126' title='bbox 1796 659 1816 692; x_wconf 82' lang='grc' dir='ltr'><strong>ι</strong></span> <span class='ocrx_word' id='word_1_127' title='bbox 1858 644 2173 702; x_wconf 66' lang='lat' dir='ltr'><strong>offensionis</strong></span> <span class='ocrx_word' id='word_1_128' title='bbox 2226 661 2414 704; x_wconf 85' lang='lat' dir='ltr'><strong>causa.</strong></span> <span class='ocrx_word' id='word_1_129' title='bbox 2464 652 2520 705; x_wconf 91' lang='lat' dir='ltr'><strong>Si</strong></span> <span class='ocrx_word' id='word_1_130' title='bbox 2569 654 2693 723; x_wconf 82' lang='lat' dir='ltr'><strong>quis</strong></span> <span class='ocrx_word' id='word_1_131' title='bbox 2737 671 2863 720; x_wconf 69' lang='lat' dir='ltr'><strong>ergo</strong></span> <span class='ocrx_word' id='word_1_132' title='bbox 2893 658 3143 711; x_wconf 81' lang='lat' dir='ltr'><strong>ancillam</strong></span> <span class='ocrx_word' id='word_1_133' title='bbox 3185 661 3264 713; x_wconf 97' lang='lat' dir='ltr'><strong>vei</strong></span> 
     </span>
    </p>
   </div>
   <div class='ocr_carea' id='block_1_21' title="bbox 1724 737 3265 816">
    <p class='ocr_par' dir='ltr' id='par_1_21' title="bbox 1724 737 3265 816">
     <span class='ocr_line' id='line_1_21' title="bbox 1724 737 3265 816; baseline 0.012 -29"><span class='ocrx_word' id='word_1_134' title='bbox 1724 809 1726 812; x_wconf 12' lang='grc' dir='ltr'>ν</span> <span class='ocrx_word' id='word_1_135' title='bbox 1793 753 1812 784; x_wconf 77' lang='grc' dir='ltr'><strong>ι</strong></span> <span class='ocrx_word' id='word_1_136' title='bbox 1862 737 2082 791; x_wconf 80' lang='lat' dir='ltr'><strong>liberam</strong></span> <span class='ocrx_word' id='word_1_137' title='bbox 2147 741 2199 793; x_wconf 93' lang='lat' dir='ltr'><strong>in</strong></span> <span class='ocrx_word' id='word_1_138' title='bbox 2251 744 2529 813; x_wconf 79' lang='lat' dir='ltr'><strong>episcopio</strong></span> <span class='ocrx_word' id='word_1_139' title='bbox 2569 748 2848 814; x_wconf 82' lang='lat' dir='ltr'><strong>possidere</strong></span> <span class='ocrx_word' id='word_1_140' title='bbox 2896 751 3265 816; x_wconf 80' lang='lat' dir='ltr'><strong>deprehensus</strong></span> 
     </span>
    </p>
   </div>
   <div class='ocr_carea' id='block_1_22' title="bbox 1791 829 3258 905">
    <p class='ocr_par' dir='ltr' id='par_1_22' title="bbox 1791 829 3258 905">
     <span class='ocr_line' id='line_1_22' title="bbox 1791 829 3258 905; baseline 0.01 -25"><span class='ocrx_word' id='word_1_141' title='bbox 1791 846 1810 878; x_wconf 81' lang='grc' dir='ltr'><strong>ι</strong></span> <span class='ocrx_word' id='word_1_142' title='bbox 1854 829 2036 895; x_wconf 78' lang='lat' dir='ltr'><strong>fuerit,</strong></span> <span class='ocrx_word' id='word_1_143' title='bbox 2063 831 2152 905; x_wconf 26' lang='lat' dir='ltr'><strong>[vel</strong></span> <span class='ocrx_word' id='word_1_144' title='bbox 2183 833 2236 885; x_wconf 89' lang='lat' dir='ltr'><strong>in</strong></span> <span class='ocrx_word' id='word_1_145' title='bbox 2278 838 2632 902; x_wconf 85' lang='lat' dir='ltr'><strong>monasterio,</strong></span> <span class='ocrx_word' id='word_1_146' title='bbox 2675 841 2740 893; x_wconf 88' lang='lat' dir='ltr'><strong>ad</strong></span> <span class='ocrx_word' id='word_1_147' title='bbox 2771 841 3127 894; x_wconf 75' lang='lat' dir='ltr'><strong>ministerium</strong></span> <span class='ocrx_word' id='word_1_148' title='bbox 3160 843 3258 895; x_wconf 83' lang='lat' dir='ltr'><strong>ali-</strong></span> 
     </span>
    </p>
   </div>
   <div class='ocr_carea' id='block_1_23' title="bbox 1788 921 3262 996">
    <p class='ocr_par' dir='ltr' id='par_1_23' title="bbox 1788 921 3262 996">
     <span class='ocr_line' id='line_1_23' title="bbox 1788 921 3262 996; baseline 0.01 -27"><span class='ocrx_word' id='word_1_149' title='bbox 1788 936 1810 969; x_wconf 87' lang='grc' dir='ltr'><strong>ι</strong></span> <span class='ocrx_word' id='word_1_150' title='bbox 1845 921 1987 987; x_wconf 83' lang='lat' dir='ltr'><strong>quod</strong></span> <span class='ocrx_word' id='word_1_151' title='bbox 2037 923 2377 986; x_wconf 84' lang='lat' dir='ltr'><strong>obeundum,</strong></span> <span class='ocrx_word' id='word_1_152' title='bbox 2409 930 2835 996; x_wconf 69' lang='lat' dir='ltr'><strong>reprehendatur</strong></span> <span class='ocrx_word' id='word_1_153' title='bbox 2879 949 2892 984; x_wconf 91' lang='lat'><strong>:</strong></span> <span class='ocrx_word' id='word_1_154' title='bbox 2951 932 3032 987; x_wconf 90' lang='lat' dir='ltr'><strong>sin</strong></span> <span class='ocrx_word' id='word_1_155' title='bbox 3087 942 3262 987; x_wconf 87' lang='lat' dir='ltr'><strong>autem</strong></span> 
     </span>
    </p>
   </div>
   <div class='ocr_carea' id='block_1_24' title="bbox 1743 1019 3265 1087">
    <p class='ocr_par' dir='ltr' id='par_1_24' title="bbox 1743 1019 3265 1087">
     <span class='ocr_line' id='line_1_24' title="bbox 1743 1019 3265 1087; baseline 0.01 -23"><span class='ocrx_word' id='word_1_156' title='bbox 1743 1053 1746 1056; x_wconf 79' lang='lat'><strong>.</strong></span> <span class='ocrx_word' id='word_1_157' title='bbox 1789 1031 1807 1065; x_wconf 86' lang='grc' dir='ltr'><strong>ι</strong></span> <span class='ocrx_word' id='word_1_158' title='bbox 1849 1025 2176 1086; x_wconf 84' lang='lat' dir='ltr'><strong>perseveret,</strong></span> <span class='ocrx_word' id='word_1_159' title='bbox 2233 1019 2555 1087; x_wconf 75' lang='lat' dir='ltr'><strong>deponatur.</strong></span> <span class='ocrx_word' id='word_1_160' title='bbox 2592 1023 2646 1074; x_wconf 85' lang='lat' dir='ltr'><strong>Si</strong></span> <span class='ocrx_word' id='word_1_161' title='bbox 2680 1039 2806 1078; x_wconf 85' lang='lat' dir='ltr'><strong>vero</strong></span> <span class='ocrx_word' id='word_1_162' title='bbox 2845 1025 3006 1078; x_wconf 86' lang='lat' dir='ltr'><strong>etiam</strong></span> <span class='ocrx_word' id='word_1_163' title='bbox 3035 1027 3088 1078; x_wconf 91' lang='lat' dir='ltr'><strong>in</strong></span> <span class='ocrx_word' id='word_1_164' title='bbox 3135 1027 3265 1079; x_wconf 86' lang='lat' dir='ltr'><strong>snh-</strong></span> 
     </span>
    </p>
   </div>
   <div class='ocr_carea' id='block_1_25' title="bbox 1781 1106 3263 1186">
    <p class='ocr_par' dir='ltr' id='par_1_25' title="bbox 1781 1106 3263 1186">
     <span class='ocr_line' id='line_1_25' title="bbox 1781 1106 3263 1186; baseline 0.012 -35"><span class='ocrx_word' id='word_1_165' title='bbox 1781 1122 1801 1152; x_wconf 77' lang='grc' dir='ltr'><strong>ι</strong></span> <span class='ocrx_word' id='word_1_166' title='bbox 1852 1106 2022 1161; x_wconf 89' lang='lat' dir='ltr'><strong>nrbiis</strong></span> <span class='ocrx_word' id='word_1_167' title='bbox 2048 1110 2303 1164; x_wconf 86' lang='lat' dir='ltr'><strong>mulieres</strong></span> <span class='ocrx_word' id='word_1_168' title='bbox 2325 1127 2443 1165; x_wconf 87' lang='lat' dir='ltr'><strong>esse</strong></span> <span class='ocrx_word' id='word_1_169' title='bbox 2477 1113 2784 1181; x_wconf 83' lang='lat' dir='ltr'><strong>contigerit,</strong></span> <span class='ocrx_word' id='word_1_170' title='bbox 2822 1127 2875 1168; x_wconf 83' lang='lat' dir='ltr'><strong>et</strong></span> <span class='ocrx_word' id='word_1_171' title='bbox 2899 1118 3125 1172; x_wconf 84' lang='lat' dir='ltr'><strong>voluerit</strong></span> <span class='ocrx_word' id='word_1_172' title='bbox 3155 1119 3263 1186; x_wconf 85' lang='lat' dir='ltr'><strong>epi-</strong></span> 
     </span>
    </p>
   </div>
   <div class='ocr_carea' id='block_1_26' title="bbox 1765 1201 3268 1272">
    <p class='ocr_par' dir='ltr' id='par_1_26' title="bbox 1765 1201 3268 1272">
     <span class='ocr_line' id='line_1_26' title="bbox 1765 1201 3268 1272; baseline 0.005 -19"><span class='ocrx_word' id='word_1_173' title='bbox 1765 1206 1784 1236; x_wconf 80' lang='lat'>‘</span> <span class='ocrx_word' id='word_1_174' title='bbox 1827 1201 2074 1270; x_wconf 76' lang='grc' dir='ltr'>εοοριιε,</span> <span class='ocrx_word' id='word_1_175' title='bbox 2125 1201 2208 1256; x_wconf 76' lang='lat' dir='ltr'><strong>vel</strong></span> <span class='ocrx_word' id='word_1_176' title='bbox 2267 1205 2584 1258; x_wconf 73' lang='lat' dir='ltr'><strong>monasterii</strong></span> <span class='ocrx_word' id='word_1_177' title='bbox 2638 1205 2926 1272; x_wconf 67' lang='lat' dir='ltr'><strong>prazfectus</strong></span> <span class='ocrx_word' id='word_1_178' title='bbox 2976 1208 3105 1263; x_wconf 88' lang='lat' dir='ltr'><strong>illuc</strong></span> <span class='ocrx_word' id='word_1_179' title='bbox 3168 1211 3268 1262; x_wconf 91' lang='lat' dir='ltr'><strong>iter</strong></span> 
     </span>
    </p>
   </div>
   <div class='ocr_carea' id='block_1_27' title="bbox 1756 1283 3266 1368">
    <p class='ocr_par' dir='ltr' id='par_1_27' title="bbox 1756 1283 3266 1368">
     <span class='ocr_line' id='line_1_27' title="bbox 1756 1283 3266 1368; baseline 0.009 -28"><span class='ocrx_word' id='word_1_180' title='bbox 1756 1301 1775 1336; x_wconf 78' lang='grc' dir='ltr'><strong><em>σ</em></strong></span> <span class='ocrx_word' id='word_1_181' title='bbox 1822 1283 2014 1348; x_wconf 76' lang='lat' dir='ltr'><strong>facere</strong></span> <span class='ocrx_word' id='word_1_182' title='bbox 2058 1297 2323 1368; x_wconf 71' lang='lat' dir='ltr'><strong>praesenti</strong></span> <span class='ocrx_word' id='word_1_183' title='bbox 2375 1298 2631 1364; x_wconf 87' lang='lat' dir='ltr'><strong>episcopo</strong></span> <span class='ocrx_word' id='word_1_184' title='bbox 2659 1299 2738 1350; x_wconf 88' lang='lat' dir='ltr'><strong>vel</strong></span> <span class='ocrx_word' id='word_1_185' title='bbox 2778 1301 3091 1352; x_wconf 74' lang='lat' dir='ltr'><strong>monasterii</strong></span> <span class='ocrx_word' id='word_1_186' title='bbox 3126 1317 3266 1368; x_wconf 69' lang='lat' dir='ltr'><strong>prte-</strong></span> 
     </span>
    </p>
   </div>
   <div class='ocr_carea' id='block_1_28' title="bbox 1754 1382 3266 1456">
    <p class='ocr_par' dir='ltr' id='par_1_28' title="bbox 1754 1382 3266 1456">
     <span class='ocr_line' id='line_1_28' title="bbox 1754 1382 3266 1456; baseline 0.001 -16"><span class='ocrx_word' id='word_1_187' title='bbox 1754 1404 1775 1440; x_wconf 75' lang='grc' dir='ltr'><strong>ι</strong></span> <span class='ocrx_word' id='word_1_188' title='bbox 1821 1386 1998 1441; x_wconf 69' lang='grc' dir='ltr'>[ροισι</span> <span class='ocrx_word' id='word_1_189' title='bbox 2038 1382 2246 1437; x_wconf 68' lang='lat' dir='ltr'><strong>mulier</strong></span> <span class='ocrx_word' id='word_1_190' title='bbox 2272 1399 2335 1440; x_wconf 86' lang='lat' dir='ltr'><strong>eo</strong></span> <span class='ocrx_word' id='word_1_191' title='bbox 2371 1397 2615 1456; x_wconf 87' lang='lat' dir='ltr'><strong>tempore</strong></span> <span class='ocrx_word' id='word_1_192' title='bbox 2645 1390 2794 1443; x_wconf 87' lang='lat' dir='ltr'><strong>nullo</strong></span> <span class='ocrx_word' id='word_1_193' title='bbox 2823 1391 2980 1444; x_wconf 83' lang='lat' dir='ltr'><strong>modo</strong></span> <span class='ocrx_word' id='word_1_194' title='bbox 3018 1391 3266 1444; x_wconf 85' lang='lat' dir='ltr'><strong>ministe-</strong></span> 
     </span>
    </p>
   </div>
   <div class='ocr_carea' id='block_1_29' title="bbox 1754 1458 3263 1550">
    <p class='ocr_par' dir='ltr' id='par_1_29' title="bbox 1754 1458 3263 1550">
     <span class='ocr_line' id='line_1_29' title="bbox 1754 1458 3263 1550; baseline 0.018 -33"><span class='ocrx_word' id='word_1_195' title='bbox 1754 1492 1776 1528; x_wconf 70' lang='grc' dir='ltr'>ι</span> <span class='ocrx_word' id='word_1_196' title='bbox 1825 1458 1976 1519; x_wconf 73' lang='lat' dir='ltr'><strong>rium</strong></span> <span class='ocrx_word' id='word_1_197' title='bbox 2001 1474 2204 1538; x_wconf 73' lang='lat' dir='ltr'><strong>obeat;</strong></span> <span class='ocrx_word' id='word_1_198' title='bbox 2256 1479 2348 1530; x_wconf 83' lang='lat' dir='ltr'><strong>sed</strong></span> <span class='ocrx_word' id='word_1_199' title='bbox 2400 1481 2506 1531; x_wconf 89' lang='lat' dir='ltr'><strong>alio</strong></span> <span class='ocrx_word' id='word_1_200' title='bbox 2540 1482 2590 1533; x_wconf 92' lang='lat' dir='ltr'><strong>in</strong></span> <span class='ocrx_word' id='word_1_201' title='bbox 2626 1482 2748 1534; x_wconf 83' lang='lat' dir='ltr'><strong>loco</strong></span> <span class='ocrx_word' id='word_1_202' title='bbox 2790 1498 3036 1535; x_wconf 68' lang='lat' dir='ltr'><strong>seorsum</strong></span> <span class='ocrx_word' id='word_1_203' title='bbox 3083 1483 3263 1550; x_wconf 66' lang='grc' dir='ltr'><strong>(ἱρείη,</strong></span> 
     </span>
    </p>
   </div>
   <div class='ocr_carea' id='block_1_30' title="bbox 1779 1561 3263 1645">
    <p class='ocr_par' dir='ltr' id='par_1_30' title="bbox 1779 1561 3263 1645">
     <span class='ocr_line' id='line_1_30' title="bbox 1779 1561 3263 1645; baseline 0.008 -27"><span class='ocrx_word' id='word_1_204' title='bbox 1779 1589 1798 1618; x_wconf 81' lang='grc' dir='ltr'><strong>ι</strong></span> <span class='ocrx_word' id='word_1_205' title='bbox 1836 1561 2017 1621; x_wconf 83' lang='lat' dir='ltr'><strong>donec</strong></span> <span class='ocrx_word' id='word_1_206' title='bbox 2045 1571 2343 1622; x_wconf 78' lang='lat' dir='ltr'><strong>recesserit</strong></span> <span class='ocrx_word' id='word_1_207' title='bbox 2383 1572 2677 1639; x_wconf 86' lang='lat' dir='ltr'><strong>episcopus</strong></span> <span class='ocrx_word' id='word_1_208' title='bbox 2711 1590 2725 1638; x_wconf 93' lang='lat'><strong>;</strong></span> <span class='ocrx_word' id='word_1_209' title='bbox 2776 1583 2832 1628; x_wconf 90' lang='lat' dir='ltr'><strong>ut</strong></span> <span class='ocrx_word' id='word_1_210' title='bbox 2877 1576 3052 1631; x_wconf 87' lang='lat' dir='ltr'><strong>omnis</strong></span> <span class='ocrx_word' id='word_1_211' title='bbox 3085 1593 3263 1645; x_wconf 77' lang='lat' dir='ltr'><strong>repre—</strong></span> 
     </span>
    </p>
   </div>
   <div class='ocr_carea' id='block_1_31' title="bbox 1774 1659 2664 1717">
    <p class='ocr_par' dir='ltr' id='par_1_31' title="bbox 1774 1659 2664 1717">
     <span class='ocr_line' id='line_1_31' title="bbox 1774 1659 2664 1717; baseline 0.01 -9"><span class='ocrx_word' id='word_1_212' title='bbox 1774 1670 1795 1702; x_wconf 73' lang='grc' dir='ltr'><strong>ι</strong></span> <span class='ocrx_word' id='word_1_213' title='bbox 1840 1659 2119 1715; x_wconf 89' lang='lat' dir='ltr'><strong>hensionis</strong></span> <span class='ocrx_word' id='word_1_214' title='bbox 2149 1663 2364 1715; x_wconf 87' lang='lat' dir='ltr'><strong>occasio</strong></span> <span class='ocrx_word' id='word_1_215' title='bbox 2389 1664 2609 1717; x_wconf 80' lang='lat' dir='ltr'><strong>vitetur.</strong></span> <span class='ocrx_word' id='word_1_216' title='bbox 2645 1684 2664 1716; x_wconf 84' lang='grc'><strong>›</strong></span> 
     </span>
    </p>
   </div>
   <div class='ocr_carea' id='block_1_32' title="bbox 1787 1743 3262 1823">
    <p class='ocr_par' dir='ltr' id='par_1_32' title="bbox 1787 1743 3262 1823">
     <span class='ocr_line' id='line_1_32' title="bbox 1787 1743 3262 1823; baseline 0.012 -28"><span class='ocrx_word' id='word_1_217' title='bbox 1787 1743 1977 1801; x_wconf 80' lang='lat' dir='ltr'><strong>BALS.</strong></span> <span class='ocrx_word' id='word_1_218' title='bbox 2026 1749 2162 1804; x_wconf 87' lang='lat' dir='ltr'><strong>Cum</strong></span> <span class='ocrx_word' id='word_1_219' title='bbox 2209 1753 2625 1820; x_wconf 82' lang='lat' dir='ltr'><strong>intellexissent,</strong></span> <span class='ocrx_word' id='word_1_220' title='bbox 2681 1764 2740 1809; x_wconf 89' lang='lat' dir='ltr'><strong>ut</strong></span> <span class='ocrx_word' id='word_1_221' title='bbox 2789 1757 3029 1823; x_wconf 90' lang='lat' dir='ltr'><strong>videtur,</strong></span> <span class='ocrx_word' id='word_1_222' title='bbox 3086 1760 3262 1815; x_wconf 88' lang='lat' dir='ltr'><strong>sancti</strong></span> 
     </span>
    </p>
   </div>
   <div class='ocr_carea' id='block_1_33' title="bbox 1701 1834 3259 1914">
    <p class='ocr_par' dir='ltr' id='par_1_33' title="bbox 1701 1834 3259 1914">
     <span class='ocr_line' id='line_1_33' title="bbox 1701 1834 3259 1914; baseline 0.008 -26"><span class='ocrx_word' id='word_1_223' title='bbox 1701 1834 1920 1900; x_wconf 78' lang='lat' dir='ltr'><strong>Patres,</strong></span> <span class='ocrx_word' id='word_1_224' title='bbox 1951 1842 2101 1906; x_wconf 87' lang='lat' dir='ltr'><strong>quod</strong></span> <span class='ocrx_word' id='word_1_225' title='bbox 2138 1844 2188 1895; x_wconf 91' lang='lat' dir='ltr'><strong>in</strong></span> <span class='ocrx_word' id='word_1_226' title='bbox 2209 1845 2499 1914; x_wconf 79' lang='lat' dir='ltr'><strong>cpiscOpiis</strong></span> <span class='ocrx_word' id='word_1_227' title='bbox 2532 1856 2584 1898; x_wconf 91' lang='lat' dir='ltr'><strong>et</strong></span> <span class='ocrx_word' id='word_1_228' title='bbox 2620 1850 2969 1904; x_wconf 84' lang='lat' dir='ltr'><strong>monasteriis</strong></span> <span class='ocrx_word' id='word_1_229' title='bbox 3011 1851 3259 1905; x_wconf 73' lang='lat' dir='ltr'><strong>mulieres</strong></span> 
     </span>
    </p>
   </div>
   <div class='ocr_carea' id='block_1_34' title="bbox 33 1903 1580 2012">
    <p class='ocr_par' dir='ltr' id='par_1_34' title="bbox 33 1903 1580 1999">
     <span class='ocr_line' id='line_1_34' title="bbox 33 1903 1580 1999; baseline 0.018 -36"><span class='ocrx_word' id='word_1_230' title='bbox 33 1919 318 1982; x_wconf 84' lang='grc' dir='ltr'>γυναῖκες,</span> <span class='ocrx_word' id='word_1_231' title='bbox 357 1915 512 1974; x_wconf 77' lang='grc' dir='ltr'>εἷπον</span> <span class='ocrx_word' id='word_1_232' title='bbox 545 1924 639 1988; x_wconf 87' lang='grc' dir='ltr'><strong>ὡς,</strong></span> <span class='ocrx_word' id='word_1_233' title='bbox 673 1927 796 1979; x_wconf 78' lang='grc' dir='ltr'>ἐπεὶ</span> <span class='ocrx_word' id='word_1_234' title='bbox 825 1931 853 1981; x_wconf 87' lang='grc' dir='ltr'><strong>ό</strong></span> <span class='ocrx_word' id='word_1_235' title='bbox 898 1930 1069 1999; x_wconf 77' lang='grc' dir='ltr'>μέγας</span> <span class='ocrx_word' id='word_1_236' title='bbox 1103 1903 1399 1996; x_wconf 73' lang='grc' dir='ltr'>ἀπόστολος</span> <span class='ocrx_word' id='word_1_237' title='bbox 1445 1903 1580 1990; x_wconf 56' lang='lat' dir='ltr'><strong>Ila»?-</strong></span> 
     </span>
    </p>
   </div>
   <div class='ocr_carea' id='block_1_35' title="bbox 1684 1903 3257 2012">
    <p class='ocr_par' dir='ltr' id='par_1_35' title="bbox 1697 1935 3257 2012">
     <span class='ocr_line' id='line_1_35' title="bbox 1697 1935 3257 2012; baseline 0.008 -31"><span class='ocrx_word' id='word_1_238' title='bbox 1697 1942 2006 1998; x_wconf 85' lang='lat' dir='ltr'><strong>versantur,</strong></span> <span class='ocrx_word' id='word_1_239' title='bbox 2049 1935 2327 1995; x_wconf 81' lang='lat' dir='ltr'><strong>dixerunt.</strong></span> <span class='ocrx_word' id='word_1_240' title='bbox 2376 1937 2519 2003; x_wconf 87' lang='lat' dir='ltr'><strong>quod</strong></span> <span class='ocrx_word' id='word_1_241' title='bbox 2556 1941 2815 2005; x_wconf 85' lang='lat' dir='ltr'><strong>quoniam</strong></span> <span class='ocrx_word' id='word_1_242' title='bbox 2856 1955 3086 2010; x_wconf 75' lang='lat' dir='ltr'><strong>magnus</strong></span> <span class='ocrx_word' id='word_1_243' title='bbox 3126 1958 3257 2012; x_wconf 86' lang='lat' dir='ltr'><strong>apo-</strong></span> 
     </span>
    </p>
   </div>
   <div class='ocr_carea' id='block_1_36' title="bbox 32 2006 1595 2097">
    <p class='ocr_par' dir='ltr' id='par_1_36' title="bbox 32 2006 1595 2097">
     <span class='ocr_line' id='line_1_36' title="bbox 32 2006 1595 2097; baseline 0.017 -42"><span class='ocrx_word' id='word_1_244' title='bbox 32 2006 115 2063; x_wconf 77' lang='grc' dir='ltr'><strong>λος</strong></span> <span class='ocrx_word' id='word_1_245' title='bbox 151 2010 300 2079; x_wconf 78' lang='grc' dir='ltr'>πρδς</span> <span class='ocrx_word' id='word_1_246' title='bbox 329 2013 657 2081; x_wconf 80' lang='grc' dir='ltr'>Κορινθίους</span> <span class='ocrx_word' id='word_1_247' title='bbox 701 2019 1030 2074; x_wconf 81' lang='grc' dir='ltr'>ἐπιστέλλων</span> <span class='ocrx_word' id='word_1_248' title='bbox 1057 2023 1344 2093; x_wconf 80' lang='grc' dir='ltr'>διωρίσατο</span> <span class='ocrx_word' id='word_1_249' title='bbox 1389 2029 1595 2097; x_wconf 88' lang='grc' dir='ltr'>ἀπροσ-</span> 
     </span>
    </p>
   </div>
   <div class='ocr_carea' id='block_1_37' title="bbox 32 2100 1592 2191">
    <p class='ocr_par' dir='ltr' id='par_1_37' title="bbox 32 2100 1592 2191">
     <span class='ocr_line' id='line_1_37' title="bbox 32 2100 1592 2191; baseline 0.015 -39"><span class='ocrx_word' id='word_1_250' title='bbox 32 2101 235 2166; x_wconf 75' lang='grc' dir='ltr'>κόπους</span> <span class='ocrx_word' id='word_1_251' title='bbox 291 2100 430 2161; x_wconf 79' lang='grc' dir='ltr'>εἷναι</span> <span class='ocrx_word' id='word_1_252' title='bbox 468 2110 656 2179; x_wconf 70' lang='grc' dir='ltr'>ἡμᾶς,</span> <span class='ocrx_word' id='word_1_253' title='bbox 702 2113 775 2182; x_wconf 83' lang='grc' dir='ltr'><strong>μὴ</strong></span> <span class='ocrx_word' id='word_1_254' title='bbox 832 2115 1014 2184; x_wconf 86' lang='grc' dir='ltr'>μόνοις</span> <span class='ocrx_word' id='word_1_255' title='bbox 1056 2120 1168 2177; x_wconf 86' lang='grc' dir='ltr'>τοῖς</span> <span class='ocrx_word' id='word_1_256' title='bbox 1223 2120 1395 2191; x_wconf 70' lang='grc' dir='ltr'>ἐντὸς,</span> <span class='ocrx_word' id='word_1_257' title='bbox 1459 2121 1592 2176; x_wconf 75' lang='grc' dir='ltr'>ἀλλὰ</span> 
     </span>
    </p>
   </div>
   <div class='ocr_carea' id='block_1_38' title="bbox 32 2195 1589 2276">
    <p class='ocr_par' dir='ltr' id='par_1_38' title="bbox 32 2195 1589 2276">
     <span class='ocr_line' id='line_1_38' title="bbox 32 2195 1589 2276; baseline 0.018 -36"><span class='ocrx_word' id='word_1_258' title='bbox 32 2195 258 2256; x_wconf 72' lang='grc' dir='ltr'>καὶτοῖς</span> <span class='ocrx_word' id='word_1_259' title='bbox 290 2197 510 2264; x_wconf 77' lang='grc' dir='ltr'>ἔξωθεν,</span> <span class='ocrx_word' id='word_1_260' title='bbox 542 2202 709 2273; x_wconf 72' lang='grc' dir='ltr'>ἤγουν</span> <span class='ocrx_word' id='word_1_261' title='bbox 734 2204 807 2274; x_wconf 81' lang='grc' dir='ltr'><strong>μὴ</strong></span> <span class='ocrx_word' id='word_1_262' title='bbox 837 2207 1018 2274; x_wconf 82' lang='grc' dir='ltr'>μόνοις</span> <span class='ocrx_word' id='word_1_263' title='bbox 1052 2211 1163 2272; x_wconf 85' lang='grc' dir='ltr'>τοῖς</span> <span class='ocrx_word' id='word_1_264' title='bbox 1196 2216 1427 2276; x_wconf 85' lang='grc' dir='ltr'>πιστοῖς,</span> <span class='ocrx_word' id='word_1_265' title='bbox 1454 2215 1589 2268; x_wconf 86' lang='grc' dir='ltr'><strong>ἀλλά</strong></span> 
     </span>
    </p>
   </div>
   <div class='ocr_carea' id='block_1_39' title="bbox 32 2287 1579 2371">
    <p class='ocr_par' dir='ltr' id='par_1_39' title="bbox 32 2287 1579 2371">
     <span class='ocr_line' id='line_1_39' title="bbox 32 2287 1579 2371; baseline 0.016 -34"><span class='ocrx_word' id='word_1_266' title='bbox 32 2287 118 2335; x_wconf 69' lang='grc' dir='ltr'><strong>καὶ</strong></span> <span class='ocrx_word' id='word_1_267' title='bbox 147 2291 263 2349; x_wconf 86' lang='grc' dir='ltr'>τοῖς</span> <span class='ocrx_word' id='word_1_268' title='bbox 294 2291 542 2357; x_wconf 77' lang='grc' dir='ltr'>ἀπίστοις</span> <span class='ocrx_word' id='word_1_269' title='bbox 574 2313 590 2328; x_wconf 90' lang='grc'><strong>·</strong></span> <span class='ocrx_word' id='word_1_270' title='bbox 613 2297 673 2348; x_wconf 84' lang='grc' dir='ltr'><strong>τὺ</strong></span> <span class='ocrx_word' id='word_1_271' title='bbox 709 2297 763 2349; x_wconf 82' lang='grc' dir='ltr'>δὲ</span> <span class='ocrx_word' id='word_1_272' title='bbox 800 2300 1103 2368; x_wconf 83' lang='grc' dir='ltr'>συνδιάγειν</span> <span class='ocrx_word' id='word_1_273' title='bbox 1136 2306 1272 2371; x_wconf 81' lang='grc' dir='ltr'>μετὰ</span> <span class='ocrx_word' id='word_1_274' title='bbox 1298 2309 1579 2371; x_wconf 78' lang='grc' dir='ltr'>γυναικῶν</span> 
     </span>
    </p>
   </div>
   <div class='ocr_carea' id='block_1_40' title="bbox 31 2377 1588 2468">
    <p class='ocr_par' dir='ltr' id='par_1_40' title="bbox 31 2377 1588 2468">
     <span class='ocr_line' id='line_1_40' title="bbox 31 2377 1588 2468; baseline 0.017 -42"><span class='ocrx_word' id='word_1_275' title='bbox 31 2377 367 2444; x_wconf 78' lang='grc' dir='ltr'>ἐπισκόπους</span> <span class='ocrx_word' id='word_1_276' title='bbox 391 2383 426 2453; x_wconf 78' lang='grc' dir='ltr'><strong>ἢ</strong></span> <span class='ocrx_word' id='word_1_277' title='bbox 450 2385 790 2454; x_wconf 78' lang='grc' dir='ltr'>ἡγουμένους</span> <span class='ocrx_word' id='word_1_278' title='bbox 829 2391 886 2442; x_wconf 86' lang='grc' dir='ltr'><strong>ἐν</strong></span> <span class='ocrx_word' id='word_1_279' title='bbox 915 2394 1264 2466; x_wconf 87' lang='grc' dir='ltr'>μοναστηρίῳ</span> <span class='ocrx_word' id='word_1_280' title='bbox 1297 2396 1332 2468; x_wconf 74' lang='grc' dir='ltr'><strong>ἤ</strong></span> <span class='ocrx_word' id='word_1_281' title='bbox 1369 2399 1428 2452; x_wconf 82' lang='grc' dir='ltr'><strong>ἐν</strong></span> <span class='ocrx_word' id='word_1_282' title='bbox 1463 2402 1588 2452; x_wconf 84' lang='grc' dir='ltr'>ἐπι-</span> 
     </span>
    </p>
   </div>
   <div class='ocr_carea' id='block_1_41' title="bbox 31 2472 1588 2555">
    <p class='ocr_par' dir='ltr' id='par_1_41' title="bbox 31 2472 1588 2555">
     <span class='ocr_line' id='line_1_41' title="bbox 31 2472 1588 2555; baseline 0.017 -36"><span class='ocrx_word' id='word_1_283' title='bbox 31 2472 272 2541; x_wconf 79' lang='grc' dir='ltr'>σκοπείῳ</span> <span class='ocrx_word' id='word_1_284' title='bbox 330 2477 532 2540; x_wconf 88' lang='grc' dir='ltr'>παντός</span> <span class='ocrx_word' id='word_1_285' title='bbox 589 2478 706 2534; x_wconf 85' lang='grc' dir='ltr'>ἐστι</span> <span class='ocrx_word' id='word_1_286' title='bbox 764 2483 1192 2553; x_wconf 81' lang='grc' dir='ltr'>προσκόμματος</span> <span class='ocrx_word' id='word_1_287' title='bbox 1254 2489 1446 2555; x_wconf 74' lang='grc' dir='ltr'>αἴτιον,</span> <span class='ocrx_word' id='word_1_288' title='bbox 1495 2494 1588 2547; x_wconf 79' lang='grc' dir='ltr'>καὶ</span> 
     </span>
    </p>
   </div>
   <div class='ocr_carea' id='block_1_42' title="bbox 30 2554 1586 2646">
    <p class='ocr_par' dir='ltr' id='par_1_42' title="bbox 30 2554 1586 2646">
     <span class='ocr_line' id='line_1_42' title="bbox 30 2554 1586 2646; baseline 0.02 -42"><span class='ocrx_word' id='word_1_289' title='bbox 30 2554 264 2626; x_wconf 80' lang='grc' dir='ltr'>λοιδορία</span> <span class='ocrx_word' id='word_1_290' title='bbox 305 2560 368 2614; x_wconf 81' lang='grc' dir='ltr'>οὐ</span> <span class='ocrx_word' id='word_1_291' title='bbox 399 2565 636 2636; x_wconf 63' lang='grc' dir='ltr'>τυχοῦσα</span> <span class='ocrx_word' id='word_1_292' title='bbox 668 2568 770 2638; x_wconf 83' lang='grc' dir='ltr'>τῆς</span> <span class='ocrx_word' id='word_1_293' title='bbox 815 2571 1280 2646; x_wconf 84' lang='grc' dir='ltr'>ἐκκλησιαστικῆς</span> <span class='ocrx_word' id='word_1_294' title='bbox 1304 2554 1586 2634; x_wconf 83' lang='grc' dir='ltr'>καταστά-</span> 
     </span>
    </p>
   </div>
   <div class='ocr_carea' id='block_1_43' title="bbox 30 2651 1590 2743">
    <p class='ocr_par' dir='ltr' id='par_1_43' title="bbox 30 2651 1590 2743">
     <span class='ocr_line' id='line_1_43' title="bbox 30 2651 1590 2743; baseline 0.021 -47"><span class='ocrx_word' id='word_1_295' title='bbox 30 2661 198 2707; x_wconf 76' lang='grc' dir='ltr'>σεωςο</span> <span class='ocrx_word' id='word_1_296' title='bbox 251 2651 564 2728; x_wconf 33' lang='grc' dir='ltr'>όφιείλουσιν</span> <span class='ocrx_word' id='word_1_297' title='bbox 609 2661 967 2728; x_wconf 74' lang='grc' dir='ltr'>ἐπιτιμᾶσθαι</span> <span class='ocrx_word' id='word_1_298' title='bbox 996 2667 1046 2718; x_wconf 78' lang='lat' dir='ltr'><strong>oi</strong></span> <span class='ocrx_word' id='word_1_299' title='bbox 1082 2668 1391 2724; x_wconf 80' lang='grc' dir='ltr'>τοιοῦτόν¹τι</span> <span class='ocrx_word' id='word_1_300' title='bbox 1430 2673 1590 2743; x_wconf 78' lang='grc' dir='ltr'>ποιή-</span> 
     </span>
    </p>
   </div>
   <div class='ocr_carea' id='block_1_44' title="bbox 31 2743 1584 2827">
    <p class='ocr_par' dir='ltr' id='par_1_44' title="bbox 31 2743 1584 2827">
     <span class='ocr_line' id='line_1_44' title="bbox 31 2743 1584 2827; baseline 0.023 -43"><span class='ocrx_word' id='word_1_301' title='bbox 31 2750 230 2801; x_wconf 82' lang='grc' dir='ltr'>σοντες,</span> <span class='ocrx_word' id='word_1_302' title='bbox 267 2743 617 2814; x_wconf 74' lang='grc' dir='ltr'>ἐπιμένοντες</span> <span class='ocrx_word' id='word_1_303' title='bbox 663 2753 718 2806; x_wconf 64' lang='lat' dir='ltr'><strong>ss</strong></span> <span class='ocrx_word' id='word_1_304' title='bbox 763 2756 1158 2825; x_wconf 86' lang='grc' dir='ltr'>καθαιρεῖσθαι.</span> <span class='ocrx_word' id='word_1_305' title='bbox 1207 2761 1296 2826; x_wconf 78' lang='grc' dir='ltr'><strong>Ὠς</strong></span> <span class='ocrx_word' id='word_1_306' title='bbox 1351 2764 1406 2817; x_wconf 86' lang='grc' dir='ltr'><strong>δέ</strong></span> <span class='ocrx_word' id='word_1_307' title='bbox 1437 2784 1584 2827; x_wconf 82' lang='grc' dir='ltr'>τινος</span> 
     </span>
    </p>
   </div>
   <div class='ocr_carea' id='block_1_45' title="bbox 29 2827 1584 2924">
    <p class='ocr_par' dir='ltr' id='par_1_45' title="bbox 29 2827 1584 2924">
     <span class='ocr_line' id='line_1_45' title="bbox 29 2827 1584 2924; baseline 0.02 -43"><span class='ocrx_word' id='word_1_308' title='bbox 29 2827 267 2895; x_wconf 70' lang='grc' dir='ltr'>εἰπόντος</span> <span class='ocrx_word' id='word_1_309' title='bbox 319 2834 634 2908; x_wconf 80' lang='grc' dir='ltr'>ἀδιάκριτον</span> <span class='ocrx_word' id='word_1_310' title='bbox 679 2839 907 2899; x_wconf 71' lang='grc' dir='ltr'>εἶναιτὸ</span> <span class='ocrx_word' id='word_1_311' title='bbox 964 2851 1309 2915; x_wconf 48' lang='grc' dir='ltr'>κολάζεσθαι,</span> <span class='ocrx_word' id='word_1_312' title='bbox 1341 2858 1584 2924; x_wconf 79' lang='grc' dir='ltr'>τούτους,</span> 
     </span>
    </p>
   </div>
   <div class='ocr_carea' id='block_1_46' title="bbox 31 2921 1583 3018">
    <p class='ocr_par' dir='ltr' id='par_1_46' title="bbox 31 2921 1583 3018">
     <span class='ocr_line' id='line_1_46' title="bbox 31 2921 1583 3018; baseline 0.019 -45"><span class='ocrx_word' id='word_1_313' title='bbox 31 2921 378 3018; x_wconf 50' lang='grc' dir='ltr'>όπωσδήποτι</span> <span class='ocrx_word' id='word_1_314' title='bbox 434 2931 572 3000; x_wconf 82' lang='grc' dir='ltr'>μετὰ</span> <span class='ocrx_word' id='word_1_315' title='bbox 604 2937 878 3000; x_wconf 69' lang='grc' dir='ltr'>γυναικῶν</span> <span class='ocrx_word' id='word_1_316' title='bbox 903 2941 1391 3011; x_wconf 72' lang='grc' dir='ltr'>συνδιαιτωμένους</span> <span class='ocrx_word' id='word_1_317' title='bbox 1417 2921 1583 3018; x_wconf 50' lang='grc' dir='ltr'>(συμέ</span> 
     </span>
    </p>
   </div>
   <div class='ocr_carea' id='block_1_47' title="bbox 35 3011 1583 3103">
    <p class='ocr_par' dir='ltr' id='par_1_47' title="bbox 35 3011 1583 3103">
     <span class='ocr_line' id='line_1_47' title="bbox 35 3011 1583 3103; baseline 0.021 -39"><span class='ocrx_word' id='word_1_318' title='bbox 35 3011 198 3068; x_wconf 71' lang='grc' dir='ltr'>ϐαίνει</span> <span class='ocrx_word' id='word_1_319' title='bbox 229 3018 340 3089; x_wconf 73' lang='grc' dir='ltr'>γάρ</span> <span class='ocrx_word' id='word_1_320' title='bbox 363 3038 486 3075; x_wconf 90' lang='grc' dir='ltr'>τινα</span> <span class='ocrx_word' id='word_1_321' title='bbox 517 3023 578 3089; x_wconf 82' lang='grc' dir='ltr'>ἐξ</span> <span class='ocrx_word' id='word_1_322' title='bbox 604 3025 783 3081; x_wconf 83' lang='grc' dir='ltr'>αὐτῶν</span> <span class='ocrx_word' id='word_1_323' title='bbox 827 3031 966 3086; x_wconf 82' lang='grc' dir='ltr'>κατὰ</span> <span class='ocrx_word' id='word_1_324' title='bbox 1013 3033 1243 3103; x_wconf 87' lang='grc' dir='ltr'>πάροδον</span> <span class='ocrx_word' id='word_1_325' title='bbox 1281 3011 1583 3096; x_wconf 81' lang='grc' dir='ltr'>καταλῦσαι</span> 
     </span>
    </p>
   </div>
   <div class='ocr_carea' id='block_1_48' title="bbox 33 3105 1584 3205">
    <p class='ocr_par' dir='ltr' id='par_1_48' title="bbox 33 3105 1584 3205">
     <span class='ocr_line' id='line_1_48' title="bbox 33 3105 1584 3205; baseline 0.021 -48"><span class='ocrx_word' id='word_1_326' title='bbox 33 3105 101 3205; x_wconf 54' lang='grc' dir='ltr'><strong>τίς</strong></span> <span class='ocrx_word' id='word_1_327' title='bbox 141 3111 468 3184; x_wconf 77' lang='grc' dir='ltr'>προάστειόν</span> <span class='ocrx_word' id='word_1_328' title='bbox 511 3134 563 3169; x_wconf 89' lang='grc' dir='ltr'><strong>τι</strong></span> <span class='ocrx_word' id='word_1_329' title='bbox 610 3123 872 3187; x_wconf 83' lang='grc' dir='ltr'>γυναῖκας</span> <span class='ocrx_word' id='word_1_330' title='bbox 901 3123 1048 3194; x_wconf 80' lang='grc' dir='ltr'>ἔχον,</span> <span class='ocrx_word' id='word_1_331' title='bbox 1076 3127 1168 3180; x_wconf 78' lang='grc' dir='ltr'>καὶ</span> <span class='ocrx_word' id='word_1_332' title='bbox 1206 3130 1267 3205; x_wconf 81' lang='grc' dir='ltr'>οὐ</span> <span class='ocrx_word' id='word_1_333' title='bbox 1304 3129 1526 3188; x_wconf 82' lang='grc' dir='ltr'>δύναται</span> <span class='ocrx_word' id='word_1_334' title='bbox 1555 3137 1584 3188; x_wconf 90' lang='grc' dir='ltr'><strong>ό</strong></span> 
     </span>
    </p>
   </div>
   <div class='ocr_carea' id='block_1_49' title="bbox 1694 2025 3257 2096">
    <p class='ocr_par' dir='ltr' id='par_1_49' title="bbox 1694 2025 3257 2096">
     <span class='ocr_line' id='line_1_49' title="bbox 1694 2025 3257 2096; baseline 0.005 -19"><span class='ocrx_word' id='word_1_335' title='bbox 1694 2025 1870 2077; x_wconf 88' lang='lat' dir='ltr'><strong>stolus</strong></span> <span class='ocrx_word' id='word_1_336' title='bbox 1918 2025 2118 2081; x_wconf 84' lang='lat' dir='ltr'><strong>Paulus</strong></span> <span class='ocrx_word' id='word_1_337' title='bbox 2164 2029 2229 2081; x_wconf 88' lang='lat' dir='ltr'><strong>ad</strong></span> <span class='ocrx_word' id='word_1_338' title='bbox 2274 2028 2592 2084; x_wconf 76' lang='lat' dir='ltr'><strong>Corinthios</strong></span> <span class='ocrx_word' id='word_1_339' title='bbox 2625 2031 2876 2085; x_wconf 87' lang='lat' dir='ltr'><strong>scribens</strong></span> <span class='ocrx_word' id='word_1_340' title='bbox 2909 2034 3124 2096; x_wconf 84' lang='lat' dir='ltr'><strong>statuit,</strong></span> <span class='ocrx_word' id='word_1_341' title='bbox 3156 2050 3257 2087; x_wconf 87' lang='lat' dir='ltr'><strong>nos</strong></span> 
     </span>
    </p>
   </div>
   <div class='ocr_carea' id='block_1_50' title="bbox 1695 2117 3255 2192">
    <p class='ocr_par' dir='ltr' id='par_1_50' title="bbox 1695 2117 3255 2192">
     <span class='ocr_line' id='line_1_50' title="bbox 1695 2117 3255 2192; baseline 0.006 -26"><span class='ocrx_word' id='word_1_342' title='bbox 1695 2117 1817 2170; x_wconf 83' lang='lat' dir='ltr'><strong>sine</strong></span> <span class='ocrx_word' id='word_1_343' title='bbox 1853 2117 2163 2187; x_wconf 23' lang='lat' dir='ltr'><strong>lofl‘ensione</strong></span> <span class='ocrx_word' id='word_1_344' title='bbox 2209 2134 2335 2174; x_wconf 91' lang='lat' dir='ltr'><strong>esse</strong></span> <span class='ocrx_word' id='word_1_345' title='bbox 2367 2120 2606 2186; x_wconf 85' lang='lat' dir='ltr'><strong>debere,</strong></span> <span class='ocrx_word' id='word_1_346' title='bbox 2667 2137 2775 2174; x_wconf 90' lang='lat' dir='ltr'><strong>non</strong></span> <span class='ocrx_word' id='word_1_347' title='bbox 2820 2123 2998 2176; x_wconf 88' lang='lat' dir='ltr'><strong>solum</strong></span> <span class='ocrx_word' id='word_1_348' title='bbox 3046 2125 3111 2177; x_wconf 89' lang='lat' dir='ltr'><strong>iis</strong></span> <span class='ocrx_word' id='word_1_349' title='bbox 3166 2125 3255 2192; x_wconf 87' lang='lat' dir='ltr'><strong>qui</strong></span> 
     </span>
    </p>
   </div>
   <div class='ocr_carea' id='block_1_51' title="bbox 1691 2210 3254 2281">
    <p class='ocr_par' dir='ltr' id='par_1_51' title="bbox 1691 2210 3254 2281">
     <span class='ocr_line' id='line_1_51' title="bbox 1691 2210 3254 2281; baseline 0.006 -19"><span class='ocrx_word' id='word_1_350' title='bbox 1691 2210 1861 2268; x_wconf 86' lang='lat' dir='ltr'><strong>intus.</strong></span> <span class='ocrx_word' id='word_1_351' title='bbox 1896 2211 1989 2265; x_wconf 88' lang='lat' dir='ltr'><strong>sed</strong></span> <span class='ocrx_word' id='word_1_352' title='bbox 2025 2211 2092 2265; x_wconf 90' lang='lat' dir='ltr'><strong>iis</strong></span> <span class='ocrx_word' id='word_1_353' title='bbox 2119 2212 2284 2266; x_wconf 85' lang='lat' dir='ltr'><strong>etiam</strong></span> <span class='ocrx_word' id='word_1_354' title='bbox 2311 2214 2403 2281; x_wconf 89' lang='lat' dir='ltr'><strong>qni</strong></span> <span class='ocrx_word' id='word_1_355' title='bbox 2427 2226 2578 2266; x_wconf 77' lang='lat' dir='ltr'><strong>extra</strong></span> <span class='ocrx_word' id='word_1_356' title='bbox 2608 2223 2758 2279; x_wconf 91' lang='lat' dir='ltr'><strong>sunt,</strong></span> <span class='ocrx_word' id='word_1_357' title='bbox 2791 2215 3000 2269; x_wconf 58' lang='lat' dir='ltr'><strong>scilicpt</strong></span> <span class='ocrx_word' id='word_1_358' title='bbox 3027 2233 3132 2268; x_wconf 86' lang='lat' dir='ltr'><strong>non</strong></span> <span class='ocrx_word' id='word_1_359' title='bbox 3167 2232 3254 2270; x_wconf 88' lang='lat' dir='ltr'><strong>so-</strong></span> 
     </span>
    </p>
   </div>
   <div class='ocr_carea' id='block_1_52' title="bbox 1694 2299 3256 2378">
    <p class='ocr_par' dir='ltr' id='par_1_52' title="bbox 1694 2299 3256 2378">
     <span class='ocr_line' id='line_1_52' title="bbox 1694 2299 3256 2378; baseline 0.007 -29"><span class='ocrx_word' id='word_1_360' title='bbox 1694 2299 1801 2352; x_wconf 86' lang='lat' dir='ltr'><strong>lum</strong></span> <span class='ocrx_word' id='word_1_361' title='bbox 1853 2300 2141 2378; x_wconf 79' lang='lat' dir='ltr'><strong>ﬁdelibus,</strong></span> <span class='ocrx_word' id='word_1_362' title='bbox 2191 2303 2285 2355; x_wconf 91' lang='lat' dir='ltr'><strong>sed</strong></span> <span class='ocrx_word' id='word_1_363' title='bbox 2326 2311 2381 2356; x_wconf 90' lang='lat' dir='ltr'><strong>et</strong></span> <span class='ocrx_word' id='word_1_364' title='bbox 2424 2300 2774 2370; x_wconf 77' lang='lat' dir='ltr'><strong>infidelibus;</strong></span> <span class='ocrx_word' id='word_1_365' title='bbox 2826 2309 3113 2375; x_wconf 82' lang='lat' dir='ltr'><strong>episcopos</strong></span> <span class='ocrx_word' id='word_1_366' title='bbox 3154 2325 3256 2360; x_wconf 83' lang='lat' dir='ltr'><strong>an-</strong></span> 
     </span>
    </p>
   </div>
   <div class='ocr_carea' id='block_1_53' title="bbox 1690 2390 3354 2462">
    <p class='ocr_par' dir='ltr' id='par_1_53' title="bbox 1690 2390 3354 2462">
     <span class='ocr_line' id='line_1_53' title="bbox 1690 2390 3354 2462; baseline 0.008 -22"><span class='ocrx_word' id='word_1_367' title='bbox 1690 2397 1797 2442; x_wconf 81' lang='lat' dir='ltr'><strong>tem</strong></span> <span class='ocrx_word' id='word_1_368' title='bbox 1858 2392 1939 2444; x_wconf 88' lang='lat' dir='ltr'><strong>vel</strong></span> <span class='ocrx_word' id='word_1_369' title='bbox 1993 2394 2307 2448; x_wconf 79' lang='lat' dir='ltr'><strong>monasterii</strong></span> <span class='ocrx_word' id='word_1_370' title='bbox 2350 2395 2633 2462; x_wconf 70' lang='lat' dir='ltr'><strong>praafectos</strong></span> <span class='ocrx_word' id='word_1_371' title='bbox 2693 2413 2817 2451; x_wconf 88' lang='lat' dir='ltr'><strong>cum</strong></span> <span class='ocrx_word' id='word_1_372' title='bbox 2868 2398 3087 2452; x_wconf 79' lang='lat' dir='ltr'><strong>feminis</strong></span> <span class='ocrx_word' id='word_1_373' title='bbox 3137 2413 3257 2454; x_wconf 83' lang='lat' dir='ltr'><strong>ver-</strong></span> <span class='ocrx_word' id='word_1_374' title='bbox 3334 2390 3354 2424; x_wconf 76' lang='lat'>&quot;</span> 
     </span>
    </p>
   </div>
   <div class='ocr_carea' id='block_1_54' title="bbox 1690 2473 3256 2557">
    <p class='ocr_par' dir='ltr' id='par_1_54' title="bbox 1690 2473 3256 2557">
     <span class='ocr_line' id='line_1_54' title="bbox 1690 2473 3256 2557; baseline 0.006 -23"><span class='ocrx_word' id='word_1_375' title='bbox 1690 2483 1825 2544; x_wconf 83' lang='lat' dir='ltr'><strong>sari.</strong></span> <span class='ocrx_word' id='word_1_376' title='bbox 1856 2484 1909 2537; x_wconf 92' lang='lat' dir='ltr'><strong>in</strong></span> <span class='ocrx_word' id='word_1_377' title='bbox 1941 2485 2275 2538; x_wconf 91' lang='lat' dir='ltr'><strong>monasterio</strong></span> <span class='ocrx_word' id='word_1_378' title='bbox 2304 2473 2388 2541; x_wconf 79' lang='lat' dir='ltr'><strong>vel</strong></span> <span class='ocrx_word' id='word_1_379' title='bbox 2419 2487 2471 2540; x_wconf 88' lang='lat' dir='ltr'><strong>in</strong></span> <span class='ocrx_word' id='word_1_380' title='bbox 2504 2488 2807 2557; x_wconf 83' lang='lat' dir='ltr'><strong>episcOpio.</strong></span> <span class='ocrx_word' id='word_1_381' title='bbox 2846 2500 2930 2545; x_wconf 90' lang='lat' dir='ltr'><strong>est</strong></span> <span class='ocrx_word' id='word_1_382' title='bbox 2969 2493 3144 2544; x_wconf 87' lang='lat' dir='ltr'><strong>onmis</strong></span> <span class='ocrx_word' id='word_1_383' title='bbox 3175 2491 3256 2544; x_wconf 81' lang='lat' dir='ltr'><strong>ol-</strong></span> 
     </span>
    </p>
   </div>
   <div class='ocr_carea' id='block_1_55' title="bbox 1690 2563 3256 2649">
    <p class='ocr_par' dir='ltr' id='par_1_55' title="bbox 1690 2563 3256 2649">
     <span class='ocr_line' id='line_1_55' title="bbox 1690 2563 3256 2649; baseline 0.003 -22"><span class='ocrx_word' id='word_1_384' title='bbox 1690 2573 1956 2629; x_wconf 79' lang='lat' dir='ltr'><strong>fensinnis</strong></span> <span class='ocrx_word' id='word_1_385' title='bbox 2002 2563 2168 2630; x_wconf 78' lang='lat' dir='ltr'><strong>eausa</strong></span> <span class='ocrx_word' id='word_1_386' title='bbox 2206 2583 2262 2631; x_wconf 91' lang='lat' dir='ltr'><strong>et</strong></span> <span class='ocrx_word' id='word_1_387' title='bbox 2303 2593 2412 2630; x_wconf 92' lang='lat' dir='ltr'><strong>non</strong></span> <span class='ocrx_word' id='word_1_388' title='bbox 2450 2579 2674 2647; x_wconf 85' lang='lat' dir='ltr'><strong>vulgare</strong></span> <span class='ocrx_word' id='word_1_389' title='bbox 2707 2580 2966 2649; x_wconf 88' lang='lat' dir='ltr'><strong>probrum</strong></span> <span class='ocrx_word' id='word_1_390' title='bbox 2999 2583 3256 2635; x_wconf 63' lang='lat' dir='ltr'><strong>ecclesia-</strong></span> 
     </span>
    </p>
   </div>
   <div class='ocr_carea' id='block_1_56' title="bbox 1686 2666 3251 2740">
    <p class='ocr_par' dir='ltr' id='par_1_56' title="bbox 1686 2666 3251 2740">
     <span class='ocr_line' id='line_1_56' title="bbox 1686 2666 3251 2740; baseline 0.003 -22"><span class='ocrx_word' id='word_1_391' title='bbox 1686 2666 1847 2719; x_wconf 68' lang='lat' dir='ltr'><strong>‘sticze-</strong></span> <span class='ocrx_word' id='word_1_392' title='bbox 1869 2668 2322 2735; x_wconf 88' lang='lat' dir='ltr'><strong>constitutionis;</strong></span> <span class='ocrx_word' id='word_1_393' title='bbox 2358 2670 2583 2734; x_wconf 86' lang='lat' dir='ltr'><strong>debent,</strong></span> <span class='ocrx_word' id='word_1_394' title='bbox 2622 2673 2714 2740; x_wconf 87' lang='lat' dir='ltr'><strong>qui</strong></span> <span class='ocrx_word' id='word_1_395' title='bbox 2745 2673 2851 2725; x_wconf 88' lang='lat' dir='ltr'><strong>tale</strong></span> <span class='ocrx_word' id='word_1_396' title='bbox 2886 2671 3013 2738; x_wconf 87' lang='lat' dir='ltr'><strong>quid</strong></span> <span class='ocrx_word' id='word_1_397' title='bbox 3060 2673 3251 2724; x_wconf 77' lang='lat' dir='ltr'><strong>facturi</strong></span> 
     </span>
    </p>
   </div>
   <div class='ocr_carea' id='block_1_57' title="bbox 1689 2761 3254 2831">
    <p class='ocr_par' dir='ltr' id='par_1_57' title="bbox 1689 2761 3254 2831">
     <span class='ocr_line' id='line_1_57' title="bbox 1689 2761 3254 2831; baseline 0.002 -18"><span class='ocrx_word' id='word_1_398' title='bbox 1689 2768 1837 2821; x_wconf 88' lang='lat' dir='ltr'><strong>sunt,</strong></span> <span class='ocrx_word' id='word_1_399' title='bbox 1874 2761 2055 2829; x_wconf 89' lang='lat' dir='ltr'><strong>puniri</strong></span> <span class='ocrx_word' id='word_1_400' title='bbox 2086 2777 2102 2814; x_wconf 88' lang='lat'><strong>:</strong></span> <span class='ocrx_word' id='word_1_401' title='bbox 2135 2763 2218 2816; x_wconf 90' lang='lat' dir='ltr'><strong>sin</strong></span> <span class='ocrx_word' id='word_1_402' title='bbox 2256 2770 2435 2816; x_wconf 84' lang='lat' dir='ltr'><strong>autem</strong></span> <span class='ocrx_word' id='word_1_403' title='bbox 2480 2769 2848 2831; x_wconf 86' lang='lat' dir='ltr'><strong>perseverent,</strong></span> <span class='ocrx_word' id='word_1_404' title='bbox 2871 2762 3088 2830; x_wconf 86' lang='lat' dir='ltr'><strong>deponi.</strong></span> <span class='ocrx_word' id='word_1_405' title='bbox 3123 2764 3254 2816; x_wconf 85' lang='lat' dir='ltr'><strong>Per-</strong></span> 
     </span>
    </p>
   </div>
   <div class='ocr_carea' id='block_1_58' title="bbox 1643 2851 3247 2922">
    <p class='ocr_par' dir='ltr' id='par_1_58' title="bbox 1643 2851 3247 2922">
     <span class='ocr_line' id='line_1_58' title="bbox 1643 2851 3247 2922; baseline 0.002 -19"><span class='ocrx_word' id='word_1_406' title='bbox 1643 2863 1649 2867; x_wconf 89' lang='lat'><strong><em>&#39;</em></strong></span> <span class='ocrx_word' id='word_1_407' title='bbox 1688 2851 1816 2904; x_wconf 90' lang='lat' dir='ltr'><strong>inde</strong></span> <span class='ocrx_word' id='word_1_408' title='bbox 1849 2859 2027 2904; x_wconf 86' lang='lat' dir='ltr'><strong>autem</strong></span> <span class='ocrx_word' id='word_1_409' title='bbox 2082 2867 2150 2906; x_wconf 88' lang='lat' dir='ltr'><strong>ac</strong></span> <span class='ocrx_word' id='word_1_410' title='bbox 2185 2853 2230 2907; x_wconf 90' lang='lat' dir='ltr'><strong>si</strong></span> <span class='ocrx_word' id='word_1_411' title='bbox 2254 2853 2480 2906; x_wconf 79' lang='lat' dir='ltr'><strong>dixisset</strong></span> <span class='ocrx_word' id='word_1_412' title='bbox 2504 2853 2727 2922; x_wconf 89' lang='lat' dir='ltr'><strong>aliquis,</strong></span> <span class='ocrx_word' id='word_1_413' title='bbox 2775 2868 2805 2906; x_wconf 88' lang='lat' dir='ltr'><strong>a</strong></span> <span class='ocrx_word' id='word_1_414' title='bbox 2853 2862 2999 2907; x_wconf 81' lang='lat' dir='ltr'><strong>recto</strong></span> <span class='ocrx_word' id='word_1_415' title='bbox 3043 2854 3247 2909; x_wconf 86' lang='lat' dir='ltr'><strong>discer-</strong></span> 
     </span>
    </p>
   </div>
   <div class='ocr_carea' id='block_1_59' title="bbox 1687 2937 3248 3015">
    <p class='ocr_par' dir='ltr' id='par_1_59' title="bbox 1687 2937 3248 3015">
     <span class='ocr_line' id='line_1_59' title="bbox 1687 2937 3248 3015; baseline 0.003 -22"><span class='ocrx_word' id='word_1_416' title='bbox 1687 2940 1850 2993; x_wconf 86' lang='lat' dir='ltr'><strong>nendi</strong></span> <span class='ocrx_word' id='word_1_417' title='bbox 1881 2940 2092 3009; x_wconf 86' lang='lat' dir='ltr'><strong>judicio</strong></span> <span class='ocrx_word' id='word_1_418' title='bbox 2129 2955 2250 2996; x_wconf 87' lang='lat' dir='ltr'><strong>esse</strong></span> <span class='ocrx_word' id='word_1_419' title='bbox 2287 2942 2564 3008; x_wconf 84' lang='lat' dir='ltr'><strong>alienum,</strong></span> <span class='ocrx_word' id='word_1_420' title='bbox 2610 2950 2670 2996; x_wconf 89' lang='lat' dir='ltr'><strong>ut</strong></span> <span class='ocrx_word' id='word_1_421' title='bbox 2704 2937 3001 3013; x_wconf 76' lang='lat' dir='ltr'><strong>pituiantur</strong></span> <span class='ocrx_word' id='word_1_422' title='bbox 3047 2939 3105 3008; x_wconf 88' lang='lat' dir='ltr'><strong>ii.</strong></span> <span class='ocrx_word' id='word_1_423' title='bbox 3158 2948 3248 3015; x_wconf 88' lang='lat' dir='ltr'><strong>qui</strong></span> 
     </span>
    </p>
   </div>
   <div class='ocr_carea' id='block_1_60' title="bbox 1684 3035 3250 3106">
    <p class='ocr_par' dir='ltr' id='par_1_60' title="bbox 1684 3035 3250 3106">
     <span class='ocr_line' id='line_1_60' title="bbox 1684 3035 3250 3106; baseline 0.004 -20"><span class='ocrx_word' id='word_1_424' title='bbox 1684 3035 2178 3106; x_wconf 81' lang='lat' dir='ltr'><strong>quomodocunque</strong></span> <span class='ocrx_word' id='word_1_425' title='bbox 2219 3049 2345 3089; x_wconf 90' lang='lat' dir='ltr'><strong>cum</strong></span> <span class='ocrx_word' id='word_1_426' title='bbox 2393 3037 2710 3091; x_wconf 86' lang='lat' dir='ltr'><strong>mulieribus</strong></span> <span class='ocrx_word' id='word_1_427' title='bbox 2761 3047 3048 3092; x_wconf 85' lang='lat' dir='ltr'><strong>versantur</strong></span> <span class='ocrx_word' id='word_1_428' title='bbox 3093 3046 3250 3106; x_wconf 82' lang='lat' dir='ltr'><strong>(con-</strong></span> 
     </span>
    </p>
   </div>
   <div class='ocr_carea' id='block_1_61' title="bbox 1685 3102 3249 3199">
    <p class='ocr_par' dir='ltr' id='par_1_61' title="bbox 1685 3102 3249 3199">
     <span class='ocr_line' id='line_1_61' title="bbox 1685 3102 3249 3199; baseline 0.003 -20"><span class='ocrx_word' id='word_1_429' title='bbox 1685 3102 1849 3196; x_wconf 80' lang='lat' dir='ltr'><strong>tingit</strong></span> <span class='ocrx_word' id='word_1_430' title='bbox 1888 3128 2032 3181; x_wconf 90' lang='lat' dir='ltr'><strong>enim</strong></span> <span class='ocrx_word' id='word_1_431' title='bbox 2089 3102 2147 3182; x_wconf 80' lang='lat' dir='ltr'><strong>ut</strong></span> <span class='ocrx_word' id='word_1_432' title='bbox 2179 3129 2380 3199; x_wconf 85' lang='lat' dir='ltr'><strong>aliquis</strong></span> <span class='ocrx_word' id='word_1_433' title='bbox 2415 3145 2604 3183; x_wconf 89' lang='lat' dir='ltr'><strong>eorum</strong></span> <span class='ocrx_word' id='word_1_434' title='bbox 2642 3130 2695 3183; x_wconf 92' lang='lat' dir='ltr'><strong>in</strong></span> <span class='ocrx_word' id='word_1_435' title='bbox 2743 3131 2976 3185; x_wconf 84' lang='lat' dir='ltr'><strong>transitu</strong></span> <span class='ocrx_word' id='word_1_436' title='bbox 3015 3131 3249 3184; x_wconf 84' lang='lat' dir='ltr'><strong>divertat</strong></span> 
     </span>
    </p>
   </div>
   <div class='ocr_carea' id='block_1_62' title="bbox 31 3194 1580 3306">
    <p class='ocr_par' dir='ltr' id='par_1_62' title="bbox 31 3194 1580 3296">
     <span class='ocr_line' id='line_1_62' title="bbox 31 3194 1580 3296; baseline 0.021 -50"><span class='ocrx_word' id='word_1_437' title='bbox 31 3194 314 3265; x_wconf 73' lang='grc' dir='ltr'>ἐπίσκοπος</span> <span class='ocrx_word' id='word_1_438' title='bbox 364 3203 467 3274; x_wconf 79' lang='grc' dir='ltr'><strong>τὴν</strong></span> <span class='ocrx_word' id='word_1_439' title='bbox 491 3208 632 3277; x_wconf 81' lang='grc' dir='ltr'>μετὰ</span> <span class='ocrx_word' id='word_1_440' title='bbox 678 3211 883 3267; x_wconf 76' lang='grc' dir='ltr'>τούτων</span> <span class='ocrx_word' id='word_1_441' title='bbox 934 3199 1226 3291; x_wconf 32' lang='grc' dir='ltr'>διαγωγὴν.</span> <span class='ocrx_word' id='word_1_442' title='bbox 1256 3223 1580 3296; x_wconf 73' lang='grc' dir='ltr'>ἀποπέμψα-</span> 
     </span>
    </p>
   </div>
   <div class='ocr_carea' id='block_1_63' title="bbox 1684 3194 3248 3306">
    <p class='ocr_par' dir='ltr' id='par_1_63' title="bbox 1689 3219 3248 3293">
     <span class='ocr_line' id='line_1_63' title="bbox 1689 3219 3248 3293; baseline 0.003 -21"><span class='ocrx_word' id='word_1_443' title='bbox 1689 3219 1742 3272; x_wconf 83' lang='grc' dir='ltr'><strong>ἰη</strong></span> <span class='ocrx_word' id='word_1_444' title='bbox 1771 3223 2113 3286; x_wconf 89' lang='lat' dir='ltr'><strong>suburbano,</strong></span> <span class='ocrx_word' id='word_1_445' title='bbox 2147 3223 2201 3277; x_wconf 92' lang='lat' dir='ltr'><strong>in</strong></span> <span class='ocrx_word' id='word_1_446' title='bbox 2231 3239 2340 3293; x_wconf 90' lang='lat' dir='ltr'><strong>quo</strong></span> <span class='ocrx_word' id='word_1_447' title='bbox 2368 3231 2498 3278; x_wconf 91' lang='lat' dir='ltr'><strong>sunt</strong></span> <span class='ocrx_word' id='word_1_448' title='bbox 2540 3223 2819 3287; x_wconf 86' lang='lat' dir='ltr'><strong>mulieres,</strong></span> <span class='ocrx_word' id='word_1_449' title='bbox 2851 3233 2904 3275; x_wconf 92' lang='lat' dir='ltr'><strong>et</strong></span> <span class='ocrx_word' id='word_1_450' title='bbox 2932 3238 3039 3276; x_wconf 85' lang='lat' dir='ltr'><strong>non</strong></span> <span class='ocrx_word' id='word_1_451' title='bbox 3070 3231 3248 3292; x_wconf 78' lang='lat' dir='ltr'><strong>potest</strong></span> 
     </span>
    </p>
   </div>
   <div class='ocr_carea' id='block_1_64' title="bbox 31 3290 1580 3385">
    <p class='ocr_par' dir='ltr' id='par_1_64' title="bbox 31 3290 1580 3385">
     <span class='ocr_line' id='line_1_64' title="bbox 31 3290 1580 3385; baseline 0.021 -45"><span class='ocrx_word' id='word_1_452' title='bbox 31 3290 186 3385; x_wconf 44' lang='lat' dir='ltr'><strong>eam),</strong></span> <span class='ocrx_word' id='word_1_453' title='bbox 204 3293 433 3363; x_wconf 79' lang='grc' dir='ltr'>ὥρισαν,</span> <span class='ocrx_word' id='word_1_454' title='bbox 451 3301 500 3352; x_wconf 84' lang='grc' dir='ltr'><strong>ει</strong></span> <span class='ocrx_word' id='word_1_455' title='bbox 525 3305 701 3374; x_wconf 74' lang='grc' dir='ltr'>συμϐῇ</span> <span class='ocrx_word' id='word_1_456' title='bbox 728 3307 906 3373; x_wconf 85' lang='grc' dir='ltr'>τοῦτο,</span> <span class='ocrx_word' id='word_1_457' title='bbox 930 3311 1052 3379; x_wconf 83' lang='grc' dir='ltr'>μηδ’</span> <span class='ocrx_word' id='word_1_458' title='bbox 1072 3290 1210 3377; x_wconf 61' lang='grc' dir='ltr'><strong>ὅλως</strong></span> <span class='ocrx_word' id='word_1_459' title='bbox 1229 3290 1463 3385; x_wconf 76' lang='grc' dir='ltr'>δρῶντος</span> <span class='ocrx_word' id='word_1_460' title='bbox 1484 3290 1580 3373; x_wconf 81' lang='grc' dir='ltr'><strong>τοῦ</strong></span> 
     </span>
    </p>
   </div>
   <div class='ocr_carea' id='block_1_65' title="bbox 31 3381 1567 3476">
    <p class='ocr_par' dir='ltr' id='par_1_65' title="bbox 31 3381 1567 3476">
     <span class='ocr_line' id='line_1_65' title="bbox 31 3381 1567 3476; baseline 0.021 -44"><span class='ocrx_word' id='word_1_461' title='bbox 31 3381 317 3439; x_wconf 76' lang='grc' dir='ltr'>ἐπισκόπου</span> <span class='ocrx_word' id='word_1_462' title='bbox 345 3389 378 3457; x_wconf 78' lang='grc' dir='ltr'>ἢ</span> <span class='ocrx_word' id='word_1_463' title='bbox 405 3389 498 3444; x_wconf 75' lang='grc' dir='ltr'><strong>τοῦ</strong></span> <span class='ocrx_word' id='word_1_464' title='bbox 530 3393 831 3464; x_wconf 78' lang='grc' dir='ltr'>ὴγόυμένου</span> <span class='ocrx_word' id='word_1_465' title='bbox 865 3399 1132 3454; x_wconf 80' lang='grc' dir='ltr'>διακονεῖν</span> <span class='ocrx_word' id='word_1_466' title='bbox 1154 3381 1567 3476; x_wconf 28' lang='grc' dir='ltr'>τὰςνγυναῖκας,</span> 
     </span>
    </p>
   </div>
   <div class='ocr_carea' id='block_1_66' title="bbox 33 3473 1577 3568">
    <p class='ocr_par' dir='ltr' id='par_1_66' title="bbox 33 3473 1577 3568">
     <span class='ocr_line' id='line_1_66' title="bbox 33 3473 1577 3568; baseline 0.021 -45"><span class='ocrx_word' id='word_1_467' title='bbox 33 3473 133 3526; x_wconf 78' lang='grc' dir='ltr'>ἀλλ’</span> <span class='ocrx_word' id='word_1_468' title='bbox 160 3478 217 3529; x_wconf 84' lang='grc' dir='ltr'><strong>ἐν</strong></span> <span class='ocrx_word' id='word_1_469' title='bbox 243 3481 395 3549; x_wconf 85' lang='grc' dir='ltr'>τόπῳ</span> <span class='ocrx_word' id='word_1_470' title='bbox 435 3481 610 3555; x_wconf 79' lang='grc' dir='ltr'>ἑτέρῳ</span> <span class='ocrx_word' id='word_1_471' title='bbox 662 3485 867 3550; x_wconf 86' lang='grc' dir='ltr'>ταύτας</span> <span class='ocrx_word' id='word_1_472' title='bbox 901 3489 1204 3568; x_wconf 73' lang='grc' dir='ltr'>ἀναχωρεῖν</span> <span class='ocrx_word' id='word_1_473' title='bbox 1234 3473 1327 3549; x_wconf 80' lang='grc' dir='ltr'>καὶ</span> <span class='ocrx_word' id='word_1_474' title='bbox 1364 3473 1577 3568; x_wconf 46' lang='grc' dir='ltr'>ήσυχάέ</span> 
     </span>
    </p>
   </div>
   <div class='ocr_carea' id='block_1_67' title="bbox 32 3563 1578 3653">
    <p class='ocr_par' dir='ltr' id='par_1_67' title="bbox 32 3563 1578 3653">
     <span class='ocr_line' id='line_1_67' title="bbox 32 3563 1578 3653; baseline 0.019 -38"><span class='ocrx_word' id='word_1_475' title='bbox 32 3563 133 3628; x_wconf 80' lang='grc' dir='ltr'>ζειν</span> <span class='ocrx_word' id='word_1_476' title='bbox 180 3568 296 3622; x_wconf 82' lang='grc' dir='ltr'>ἔστ’</span> <span class='ocrx_word' id='word_1_477' title='bbox 352 3571 420 3626; x_wconf 86' lang='grc' dir='ltr'>ἂν</span> <span class='ocrx_word' id='word_1_478' title='bbox 451 3568 598 3629; x_wconf 78' lang='grc' dir='ltr'>οὗτοι</span> <span class='ocrx_word' id='word_1_479' title='bbox 648 3578 1089 3651; x_wconf 83' lang='grc' dir='ltr'>ἀποχωρήσωσι·</span> <span class='ocrx_word' id='word_1_480' title='bbox 1122 3565 1226 3653; x_wconf 53' lang='grc' dir='ltr'><strong>⁴ἑὴν</strong></span> <span class='ocrx_word' id='word_1_481' title='bbox 1259 3586 1316 3640; x_wconf 79' lang='grc' dir='ltr'>δὲ</span> <span class='ocrx_word' id='word_1_482' title='bbox 1372 3591 1578 3644; x_wconf 79' lang='grc' dir='ltr'>τούτων</span> 
     </span>
    </p>
   </div>
   <div class='ocr_carea' id='block_1_68' title="bbox 31 3653 1579 3755">
    <p class='ocr_par' dir='ltr' id='par_1_68' title="bbox 31 3653 1579 3755">
     <span class='ocr_line' id='line_1_68' title="bbox 31 3653 1579 3755; baseline 0.021 -48"><span class='ocrx_word' id='word_1_483' title='bbox 31 3653 293 3714; x_wconf 77' lang='grc' dir='ltr'>διακονίαν</span> <span class='ocrx_word' id='word_1_484' title='bbox 315 3659 559 3731; x_wconf 79' lang='grc' dir='ltr'>γίνεσθαι</span> <span class='ocrx_word' id='word_1_485' title='bbox 587 3671 804 3736; x_wconf 83' lang='grc' dir='ltr'>πάντως</span> <span class='ocrx_word' id='word_1_486' title='bbox 835 3674 986 3744; x_wconf 74' lang='grc' dir='ltr'>παρὰ</span> <span class='ocrx_word' id='word_1_487' title='bbox 1015 3677 1246 3748; x_wconf 79' lang='grc' dir='ltr'>ἀνδρῶν,</span> <span class='ocrx_word' id='word_1_488' title='bbox 1283 3680 1437 3736; x_wconf 82' lang='grc' dir='ltr'>Οὕτω</span> <span class='ocrx_word' id='word_1_489' title='bbox 1469 3684 1579 3755; x_wconf 78' lang='grc' dir='ltr'>γὰρ</span> 
     </span>
    </p>
   </div>
   <div class='ocr_carea' id='block_1_69' title="bbox 33 3749 1578 3834">
    <p class='ocr_par' dir='ltr' id='par_1_69' title="bbox 33 3749 1578 3834">
     <span class='ocr_line' id='line_1_69' title="bbox 33 3749 1578 3834; baseline 0.021 -38"><span class='ocrx_word' id='word_1_490' title='bbox 33 3749 83 3797; x_wconf 74' lang='grc' dir='ltr'>τὸ</span> <span class='ocrx_word' id='word_1_491' title='bbox 105 3752 466 3824; x_wconf 79' lang='grc' dir='ltr'>ἀνεπίληπτον</span> <span class='ocrx_word' id='word_1_492' title='bbox 499 3763 617 3828; x_wconf 74' lang='grc' dir='ltr'>ἢτοι</span> <span class='ocrx_word' id='word_1_493' title='bbox 646 3764 1070 3821; x_wconf 85' lang='grc' dir='ltr'>ἀσκανδάλιστον</span> <span class='ocrx_word' id='word_1_494' title='bbox 1099 3771 1186 3823; x_wconf 79' lang='grc' dir='ltr'><strong>ἐπ’</strong></span> <span class='ocrx_word' id='word_1_495' title='bbox 1225 3773 1408 3834; x_wconf 86' lang='grc' dir='ltr'>αὐτοῖς</span> <span class='ocrx_word' id='word_1_496' title='bbox 1454 3791 1578 3827; x_wconf 88' lang='grc' dir='ltr'>συν-</span> 
     </span>
    </p>
   </div>
   <div class='ocr_carea' id='block_1_70' title="bbox 35 3844 1572 3930">
    <p class='ocr_par' dir='ltr' id='par_1_70' title="bbox 35 3844 1572 3930">
     <span class='ocr_line' id='line_1_70' title="bbox 35 3844 1572 3930; baseline 0.005 -32"><span class='ocrx_word' id='word_1_497' title='bbox 35 3844 304 3916; x_wconf 82' lang='grc' dir='ltr'>τηρηθείη.</span> <span class='ocrx_word' id='word_1_498' title='bbox 334 3845 482 3919; x_wconf 64' lang='grc' dir='ltr'>’Δρα</span> <span class='ocrx_word' id='word_1_499' title='bbox 530 3852 608 3917; x_wconf 85' lang='grc' dir='ltr'>δὲ,</span> <span class='ocrx_word' id='word_1_500' title='bbox 646 3855 740 3907; x_wconf 84' lang='grc' dir='ltr'>ἐὰν</span> <span class='ocrx_word' id='word_1_501' title='bbox 774 3856 833 3919; x_wconf 83' lang='grc' dir='ltr'>ἐξ</span> <span class='ocrx_word' id='word_1_502' title='bbox 887 3859 1296 3930; x_wconf 82' lang='grc' dir='ltr'>ἀντιδιαστολῆς</span> <span class='ocrx_word' id='word_1_503' title='bbox 1347 3865 1404 3915; x_wconf 85' lang='grc' dir='ltr'><strong>ἐν</strong></span> <span class='ocrx_word' id='word_1_504' title='bbox 1449 3867 1572 3917; x_wconf 75' lang='grc' dir='ltr'>ἐπι..</span> 
     </span>
    </p>
   </div>
   <div class='ocr_carea' id='block_1_71' title="bbox 35 3938 1575 4023">
    <p class='ocr_par' dir='ltr' id='par_1_71' title="bbox 35 3938 1575 4023">
     <span class='ocr_line' id='line_1_71' title="bbox 35 3938 1575 4023; baseline 0.016 -37"><span class='ocrx_word' id='word_1_505' title='bbox 35 3938 255 4007; x_wconf 83' lang='grc' dir='ltr'>σκοπείῳ</span> <span class='ocrx_word' id='word_1_506' title='bbox 291 3940 322 4010; x_wconf 77' lang='grc' dir='ltr'><strong>ἢ</strong></span> <span class='ocrx_word' id='word_1_507' title='bbox 355 3946 700 4016; x_wconf 81' lang='grc' dir='ltr'>μοναστηρίῳ</span> <span class='ocrx_word' id='word_1_508' title='bbox 731 3946 806 4017; x_wconf 80' lang='grc' dir='ltr'><strong>μὴ</strong></span> <span class='ocrx_word' id='word_1_509' title='bbox 840 3949 1164 4018; x_wconf 79' lang='grc' dir='ltr'>συνδιάγωσι</span> <span class='ocrx_word' id='word_1_510' title='bbox 1211 3969 1350 4022; x_wconf 69' lang='grc' dir='ltr'>μετα</span> <span class='ocrx_word' id='word_1_511' title='bbox 1380 3974 1575 4023; x_wconf 77' lang='grc' dir='ltr'>γυναι-</span> 
     </span>
    </p>
   </div>
   <div class='ocr_carea' id='block_1_72' title="bbox 35 4029 1571 4120">
    <p class='ocr_par' dir='ltr' id='par_1_72' title="bbox 35 4029 1571 4120">
     <span class='ocr_line' id='line_1_72' title="bbox 35 4029 1571 4120; baseline 0.017 -41"><span class='ocrx_word' id='word_1_512' title='bbox 35 4029 152 4094; x_wconf 82' lang='grc' dir='ltr'>κῶν,</span> <span class='ocrx_word' id='word_1_513' title='bbox 180 4032 297 4085; x_wconf 80' lang='grc' dir='ltr'>ἀλλ’</span> <span class='ocrx_word' id='word_1_514' title='bbox 324 4035 382 4085; x_wconf 84' lang='grc' dir='ltr'>ἑν</span> <span class='ocrx_word' id='word_1_515' title='bbox 417 4035 579 4107; x_wconf 82' lang='grc' dir='ltr'>ἐτέρᾳ</span> <span class='ocrx_word' id='word_1_516' title='bbox 602 4038 875 4110; x_wconf 64' lang='grc' dir='ltr'>κατοικία,</span> <span class='ocrx_word' id='word_1_517' title='bbox 911 4047 1571 4120; x_wconf 83' lang='grc' dir='ltr'>συγγνωμονηθήσονται;</span> 
     </span>
    </p>
   </div>
   <div class='ocr_carea' id='block_1_73' title="bbox 35 4123 1572 4214">
    <p class='ocr_par' dir='ltr' id='par_1_73' title="bbox 35 4123 1572 4214">
     <span class='ocr_line' id='line_1_73' title="bbox 35 4123 1572 4214; baseline 0.016 -40"><span class='ocrx_word' id='word_1_518' title='bbox 35 4125 225 4191; x_wconf 82' lang='grc' dir='ltr'>Λύσις.</span> <span class='ocrx_word' id='word_1_519' title='bbox 277 4128 342 4180; x_wconf 81' lang='grc' dir='ltr'>υἱ</span> <span class='ocrx_word' id='word_1_520' title='bbox 379 4123 477 4196; x_wconf 66' lang='grc' dir='ltr'>μέν</span> <span class='ocrx_word' id='word_1_521' title='bbox 529 4130 773 4196; x_wconf 83' lang='grc' dir='ltr'>κανόνες,</span> <span class='ocrx_word' id='word_1_522' title='bbox 804 4134 987 4199; x_wconf 87' lang='grc' dir='ltr'>καθὼς</span> <span class='ocrx_word' id='word_1_523' title='bbox 1020 4138 1280 4203; x_wconf 76' lang='grc' dir='ltr'>πολλάκις</span> <span class='ocrx_word' id='word_1_524' title='bbox 1320 4143 1572 4214; x_wconf 78' lang='grc' dir='ltr'>εἴπομεν,</span> 
     </span>
    </p>
   </div>
   <div class='ocr_carea' id='block_1_74' title="bbox 35 4215 1573 4304">
    <p class='ocr_par' dir='ltr' id='par_1_74' title="bbox 35 4215 1573 4304">
     <span class='ocr_line' id='line_1_74' title="bbox 35 4215 1573 4304; baseline 0.018 -39"><span class='ocrx_word' id='word_1_525' title='bbox 35 4215 118 4267; x_wconf 66' lang='grc' dir='ltr'>καὶ</span> <span class='ocrx_word' id='word_1_526' title='bbox 138 4219 197 4272; x_wconf 75' lang='grc' dir='ltr'>τὸ</span> <span class='ocrx_word' id='word_1_527' title='bbox 229 4219 305 4285; x_wconf 66' lang='grc' dir='ltr'>νζ*</span> <span class='ocrx_word' id='word_1_528' title='bbox 340 4239 467 4291; x_wconf 84' lang='grc' dir='ltr'>κεφ.</span> <span class='ocrx_word' id='word_1_529' title='bbox 516 4223 609 4276; x_wconf 85' lang='grc' dir='ltr'>τοῦ</span> <span class='ocrx_word' id='word_1_530' title='bbox 655 4231 704 4277; x_wconf 85' lang='grc' dir='ltr'>α’</span> <span class='ocrx_word' id='word_1_531' title='bbox 753 4227 930 4281; x_wconf 87' lang='grc' dir='ltr'>τίτλου</span> <span class='ocrx_word' id='word_1_532' title='bbox 973 4230 1067 4284; x_wconf 82' lang='grc' dir='ltr'>τοῦ</span> <span class='ocrx_word' id='word_1_533' title='bbox 1107 4239 1154 4300; x_wconf 82' lang='grc' dir='ltr'>γ’</span> <span class='ocrx_word' id='word_1_534' title='bbox 1198 4233 1404 4304; x_wconf 76' lang='grc' dir='ltr'>βιϐλίου</span> <span class='ocrx_word' id='word_1_535' title='bbox 1464 4240 1573 4292; x_wconf 84' lang='grc' dir='ltr'><strong>τῶν</strong></span> 
     </span>
    </p>
   </div>
   <div class='ocr_carea' id='block_1_75' title="bbox 38 4307 1571 4398">
    <p class='ocr_par' dir='ltr' id='par_1_75' title="bbox 38 4307 1571 4398">
     <span class='ocr_line' id='line_1_75' title="bbox 38 4307 1571 4398; baseline 0.016 -38"><span class='ocrx_word' id='word_1_536' title='bbox 38 4307 318 4378; x_wconf 78' lang='grc' dir='ltr'>Βασιλικῶν</span> <span class='ocrx_word' id='word_1_537' title='bbox 390 4318 830 4386; x_wconf 74' lang='grc' dir='ltr'>ἀπαγορεύουσιν</span> <span class='ocrx_word' id='word_1_538' title='bbox 901 4322 1198 4392; x_wconf 77' lang='grc' dir='ltr'>ἱερωμένον</span> <span class='ocrx_word' id='word_1_539' title='bbox 1247 4329 1371 4382; x_wconf 76' lang='grc' dir='ltr'>τινὰ</span> <span class='ocrx_word' id='word_1_540' title='bbox 1431 4333 1571 4398; x_wconf 82' lang='grc' dir='ltr'><strong>μετά</strong></span> 
     </span>
    </p>
   </div>
   <div class='ocr_carea' id='block_1_76' title="bbox 37 4399 1599 4486">
    <p class='ocr_par' dir='ltr' id='par_1_76' title="bbox 37 4399 1599 4486">
     <span class='ocr_line' id='line_1_76' title="bbox 37 4399 1599 4486; baseline 0.008 -28"><span class='ocrx_word' id='word_1_541' title='bbox 37 4399 257 4462; x_wconf 58' lang='lat' dir='ltr'><strong>tif-53730</strong></span> <span class='ocrx_word' id='word_1_542' title='bbox 293 4409 553 4475; x_wconf 77' lang='grc' dir='ltr'>γυναικὸς</span> <span class='ocrx_word' id='word_1_543' title='bbox 594 4409 925 4478; x_wconf 81' lang='grc' dir='ltr'>σννδιάγειν,</span> <span class='ocrx_word' id='word_1_544' title='bbox 959 4415 1098 4467; x_wconf 74' lang='grc' dir='ltr'>ἄνευ</span> <span class='ocrx_word' id='word_1_545' title='bbox 1127 4417 1358 4485; x_wconf 76' lang='grc' dir='ltr'>μητρὸς,</span> <span class='ocrx_word' id='word_1_546' title='bbox 1403 4407 1599 4486; x_wconf 66' lang='grc' dir='ltr'>Θυγα-’</span> 
     </span>
    </p>
   </div>
   <div class='ocr_carea' id='block_1_77' title="bbox 37 4493 1569 4580">
    <p class='ocr_par' dir='ltr' id='par_1_77' title="bbox 37 4493 1569 4580">
     <span class='ocr_line' id='line_1_77' title="bbox 37 4493 1569 4580; baseline 0.015 -37"><span class='ocrx_word' id='word_1_547' title='bbox 37 4493 160 4560; x_wconf 45' lang='lat' dir='ltr'><strong>spec,</strong></span> <span class='ocrx_word' id='word_1_548' title='bbox 191 4497 447 4569; x_wconf 77' lang='grc' dir='ltr'>ἀδελφῆς,</span> <span class='ocrx_word' id='word_1_549' title='bbox 480 4505 574 4558; x_wconf 78' lang='grc' dir='ltr'>καὶ</span> <span class='ocrx_word' id='word_1_550' title='bbox 624 4502 732 4555; x_wconf 81' lang='grc' dir='ltr'>τῶν</span> <span class='ocrx_word' id='word_1_551' title='bbox 759 4502 959 4556; x_wconf 80' lang='grc' dir='ltr'>λοιπῶν</span> <span class='ocrx_word' id='word_1_552' title='bbox 988 4506 1312 4560; x_wconf 80' lang='grc' dir='ltr'>ἀνυπόπτων</span> <span class='ocrx_word' id='word_1_553' title='bbox 1353 4512 1569 4580; x_wconf 84' lang='grc' dir='ltr'>προσώ-</span> 
     </span>
    </p>
   </div>
   <div class='ocr_carea' id='block_1_78' title="bbox 1684 3313 3244 3383">
    <p class='ocr_par' dir='ltr' id='par_1_78' title="bbox 1684 3313 3244 3383">
     <span class='ocr_line' id='line_1_78' title="bbox 1684 3313 3244 3383; baseline 0.004 -20"><span class='ocrx_word' id='word_1_554' title='bbox 1684 3315 2156 3367; x_wconf 81' lang='lat' dir='ltr'><strong>conversatinnem</strong></span> <span class='ocrx_word' id='word_1_555' title='bbox 2188 3329 2311 3367; x_wconf 84' lang='lat' dir='ltr'><strong>cum</strong></span> <span class='ocrx_word' id='word_1_556' title='bbox 2333 3315 2440 3367; x_wconf 85' lang='lat' dir='ltr'><strong>illis</strong></span> <span class='ocrx_word' id='word_1_557' title='bbox 2471 3313 2805 3383; x_wconf 88' lang='lat' dir='ltr'><strong>repudiare),</strong></span> <span class='ocrx_word' id='word_1_558' title='bbox 2836 3323 3168 3382; x_wconf 86' lang='lat' dir='ltr'><strong>statuerunt,</strong></span> <span class='ocrx_word' id='word_1_559' title='bbox 3200 3321 3244 3372; x_wconf 87' lang='lat' dir='ltr'><strong>si</strong></span> 
     </span>
    </p>
   </div>
   <div class='ocr_carea' id='block_1_79' title="bbox 1682 3401 3246 3482">
    <p class='ocr_par' dir='ltr' id='par_1_79' title="bbox 1682 3401 3246 3482">
     <span class='ocr_line' id='line_1_79' title="bbox 1682 3401 3246 3482; baseline 0.008 -28"><span class='ocrx_word' id='word_1_560' title='bbox 1682 3401 1785 3454; x_wconf 92' lang='lat' dir='ltr'><strong>hoc</strong></span> <span class='ocrx_word' id='word_1_561' title='bbox 1828 3404 2135 3474; x_wconf 76' lang='lat' dir='ltr'><strong>contigerit,</strong></span> <span class='ocrx_word' id='word_1_562' title='bbox 2185 3407 2336 3462; x_wconf 90' lang='lat' dir='ltr'><strong>nullo</strong></span> <span class='ocrx_word' id='word_1_563' title='bbox 2379 3410 2540 3464; x_wconf 90' lang='lat' dir='ltr'><strong>modo</strong></span> <span class='ocrx_word' id='word_1_564' title='bbox 2589 3410 2810 3465; x_wconf 88' lang='lat' dir='ltr'><strong>vidente</strong></span> <span class='ocrx_word' id='word_1_565' title='bbox 2851 3411 3109 3482; x_wconf 88' lang='lat' dir='ltr'><strong>episcopo</strong></span> <span class='ocrx_word' id='word_1_566' title='bbox 3162 3416 3246 3469; x_wconf 90' lang='lat' dir='ltr'><strong>vel</strong></span> 
     </span>
    </p>
   </div>
   <div class='ocr_carea' id='block_1_80' title="bbox 1659 3497 3247 3581">
    <p class='ocr_par' dir='ltr' id='par_1_80' title="bbox 1659 3497 3247 3581">
     <span class='ocr_line' id='line_1_80' title="bbox 1659 3497 3247 3581; baseline 0.009 -37"><span class='ocrx_word' id='word_1_567' title='bbox 1659 3497 1995 3570; x_wconf 68' lang='lat' dir='ltr'><strong>monasterii</strong></span> <span class='ocrx_word' id='word_1_568' title='bbox 2025 3497 2278 3566; x_wconf 55' lang='lat' dir='ltr'><strong>prafecto</strong></span> <span class='ocrx_word' id='word_1_569' title='bbox 2330 3501 2641 3557; x_wconf 89' lang='lat' dir='ltr'><strong>ministrare</strong></span> <span class='ocrx_word' id='word_1_570' title='bbox 2686 3503 2965 3569; x_wconf 86' lang='lat' dir='ltr'><strong>mulieres,</strong></span> <span class='ocrx_word' id='word_1_571' title='bbox 3014 3505 3108 3559; x_wconf 87' lang='lat' dir='ltr'><strong>sed</strong></span> <span class='ocrx_word' id='word_1_572' title='bbox 3145 3519 3247 3581; x_wconf 84' lang='lat' dir='ltr'><strong>eas</strong></span> 
     </span>
    </p>
   </div>
   <div class='ocr_carea' id='block_1_81' title="bbox 1680 3583 3260 3664">
    <p class='ocr_par' dir='ltr' id='par_1_81' title="bbox 1680 3583 3260 3664">
     <span class='ocr_line' id='line_1_81' title="bbox 1680 3583 3260 3664; baseline 0.004 -23"><span class='ocrx_word' id='word_1_573' title='bbox 1680 3588 1734 3641; x_wconf 90' lang='lat' dir='ltr'><strong>in</strong></span> <span class='ocrx_word' id='word_1_574' title='bbox 1770 3589 1936 3643; x_wconf 88' lang='lat' dir='ltr'><strong>alium</strong></span> <span class='ocrx_word' id='word_1_575' title='bbox 1962 3590 2140 3644; x_wconf 91' lang='lat' dir='ltr'><strong>locum</strong></span> <span class='ocrx_word' id='word_1_576' title='bbox 2173 3593 2446 3656; x_wconf 76' lang='lat' dir='ltr'><strong>secedere,</strong></span> <span class='ocrx_word' id='word_1_577' title='bbox 2483 3605 2534 3648; x_wconf 88' lang='lat' dir='ltr'><strong>et</strong></span> <span class='ocrx_word' id='word_1_578' title='bbox 2570 3599 2621 3649; x_wconf 90' lang='lat' dir='ltr'><strong>in</strong></span> <span class='ocrx_word' id='word_1_579' title='bbox 2650 3583 2866 3650; x_wconf 84' lang='lat' dir='ltr'><strong>silentio</strong></span> <span class='ocrx_word' id='word_1_580' title='bbox 2893 3597 3107 3664; x_wconf 81' lang='lat' dir='ltr'><strong>degere,</strong></span> <span class='ocrx_word' id='word_1_581' title='bbox 3147 3594 3260 3648; x_wconf 88' lang='lat' dir='ltr'><strong>do--</strong></span> 
     </span>
    </p>
   </div>
   <div class='ocr_carea' id='block_1_82' title="bbox 1681 3681 3240 3766">
    <p class='ocr_par' dir='ltr' id='par_1_82' title="bbox 1681 3681 3240 3766">
     <span class='ocr_line' id='line_1_82' title="bbox 1681 3681 3240 3766; baseline 0.006 -35"><span class='ocrx_word' id='word_1_582' title='bbox 1681 3695 1780 3735; x_wconf 90' lang='lat' dir='ltr'><strong>nec</strong></span> <span class='ocrx_word' id='word_1_583' title='bbox 1821 3681 1897 3736; x_wconf 90' lang='lat' dir='ltr'><strong>illi</strong></span> <span class='ocrx_word' id='word_1_584' title='bbox 1930 3685 2261 3739; x_wconf 86' lang='lat' dir='ltr'><strong>recesserint</strong></span> <span class='ocrx_word' id='word_1_585' title='bbox 2289 3704 2302 3751; x_wconf 90' lang='lat'><strong>;</strong></span> <span class='ocrx_word' id='word_1_586' title='bbox 2332 3686 2480 3742; x_wconf 86' lang='lat' dir='ltr'><strong>viros</strong></span> <span class='ocrx_word' id='word_1_587' title='bbox 2508 3697 2687 3742; x_wconf 85' lang='lat' dir='ltr'><strong>autem</strong></span> <span class='ocrx_word' id='word_1_588' title='bbox 2732 3689 2797 3740; x_wconf 91' lang='lat' dir='ltr'><strong>iis</strong></span> <span class='ocrx_word' id='word_1_589' title='bbox 2821 3683 3240 3766; x_wconf 38' lang='lat' dir='ltr'><strong>omninolmiui—</strong></span> 
     </span>
    </p>
   </div>
   <div class='ocr_carea' id='block_1_83' title="bbox 1678 3772 3234 3842">
    <p class='ocr_par' dir='ltr' id='par_1_83' title="bbox 1678 3772 3234 3842">
     <span class='ocr_line' id='line_1_83' title="bbox 1678 3772 3234 3842; baseline 0.006 -20"><span class='ocrx_word' id='word_1_590' title='bbox 1678 3781 1874 3825; x_wconf 75' lang='lat' dir='ltr'><strong>Strare.</strong></span> <span class='ocrx_word' id='word_1_591' title='bbox 1909 3772 1999 3826; x_wconf 89' lang='lat' dir='ltr'><strong>Sic</strong></span> <span class='ocrx_word' id='word_1_592' title='bbox 2043 3775 2188 3828; x_wconf 92' lang='lat' dir='ltr'><strong>enim</strong></span> <span class='ocrx_word' id='word_1_593' title='bbox 2222 3776 2403 3829; x_wconf 84' lang='lat' dir='ltr'><strong>omnis</strong></span> <span class='ocrx_word' id='word_1_594' title='bbox 2438 3778 2880 3842; x_wconf 86' lang='lat' dir='ltr'><strong>reprehensionis</strong></span> <span class='ocrx_word' id='word_1_595' title='bbox 2923 3778 3037 3831; x_wconf 89' lang='lat' dir='ltr'><strong>sive</strong></span> <span class='ocrx_word' id='word_1_596' title='bbox 3079 3792 3234 3832; x_wconf 90' lang='lat' dir='ltr'><strong>scan-</strong></span> 
     </span>
    </p>
   </div>
   <div class='ocr_carea' id='block_1_84' title="bbox 1676 3861 3242 3940">
    <p class='ocr_par' dir='ltr' id='par_1_84' title="bbox 1676 3861 3242 3940">
     <span class='ocr_line' id='line_1_84' title="bbox 1676 3861 3242 3940; baseline 0.009 -28"><span class='ocrx_word' id='word_1_597' title='bbox 1676 3861 1783 3914; x_wconf 90' lang='lat' dir='ltr'><strong>dali</strong></span> <span class='ocrx_word' id='word_1_598' title='bbox 1813 3862 2076 3917; x_wconf 87' lang='lat' dir='ltr'><strong>vitabitur</strong></span> <span class='ocrx_word' id='word_1_599' title='bbox 2100 3865 2364 3921; x_wconf 69' lang='lat' dir='ltr'><strong>1occasio.</strong></span> <span class='ocrx_word' id='word_1_600' title='bbox 2396 3864 2654 3936; x_wconf 87' lang='lat' dir='ltr'><strong>Nunquid</strong></span> <span class='ocrx_word' id='word_1_601' title='bbox 2701 3879 2882 3922; x_wconf 84' lang='lat' dir='ltr'><strong>autem</strong></span> <span class='ocrx_word' id='word_1_602' title='bbox 2920 3880 3242 3940; x_wconf 82' lang='lat' dir='ltr'><strong>argumento</strong></span> 
     </span>
    </p>
   </div>
   <div class='ocr_carea' id='block_1_85' title="bbox 1676 3956 3240 4031">
    <p class='ocr_par' dir='ltr' id='par_1_85' title="bbox 1676 3956 3240 4031">
     <span class='ocr_line' id='line_1_85' title="bbox 1676 3956 3240 4031; baseline 0.007 -27"><span class='ocrx_word' id='word_1_603' title='bbox 1676 3966 1705 4004; x_wconf 85' lang='lat' dir='ltr'><strong>a</strong></span> <span class='ocrx_word' id='word_1_604' title='bbox 1731 3956 2008 4010; x_wconf 88' lang='lat' dir='ltr'><strong>contrario</strong></span> <span class='ocrx_word' id='word_1_605' title='bbox 2037 3965 2257 4026; x_wconf 82' lang='lat' dir='ltr'><strong>sumpto</strong></span> <span class='ocrx_word' id='word_1_606' title='bbox 2281 3997 2296 4022; x_wconf 92' lang='lat'><strong>,</strong></span> <span class='ocrx_word' id='word_1_607' title='bbox 2337 3958 2382 4012; x_wconf 91' lang='lat' dir='ltr'><strong>si</strong></span> <span class='ocrx_word' id='word_1_608' title='bbox 2414 3958 2469 4013; x_wconf 94' lang='lat' dir='ltr'><strong>in</strong></span> <span class='ocrx_word' id='word_1_609' title='bbox 2505 3959 2785 4031; x_wconf 87' lang='lat' dir='ltr'><strong>episcopio</strong></span> <span class='ocrx_word' id='word_1_610' title='bbox 2814 3962 2909 4026; x_wconf 49' lang='lat' dir='ltr'><strong>,vel</strong></span> <span class='ocrx_word' id='word_1_611' title='bbox 2943 3962 2996 4015; x_wconf 88' lang='lat' dir='ltr'><strong>in</strong></span> <span class='ocrx_word' id='word_1_612' title='bbox 3048 3976 3240 4016; x_wconf 85' lang='lat' dir='ltr'><strong>mona-</strong></span> 
     </span>
    </p>
   </div>
   <div class='ocr_carea' id='block_1_86' title="bbox 1677 4046 3241 4117">
    <p class='ocr_par' dir='ltr' id='par_1_86' title="bbox 1677 4046 3241 4117">
     <span class='ocr_line' id='line_1_86' title="bbox 1677 4046 3241 4117; baseline 0.009 -19"><span class='ocrx_word' id='word_1_613' title='bbox 1677 4046 1845 4098; x_wconf 69' lang='lat' dir='ltr'><strong>SLerio</strong></span> <span class='ocrx_word' id='word_1_614' title='bbox 1888 4062 2013 4101; x_wconf 90' lang='lat' dir='ltr'><strong>eum</strong></span> <span class='ocrx_word' id='word_1_615' title='bbox 2067 4050 2394 4107; x_wconf 88' lang='lat' dir='ltr'><strong>mulieribus</strong></span> <span class='ocrx_word' id='word_1_616' title='bbox 2432 4069 2542 4107; x_wconf 90' lang='lat' dir='ltr'><strong>non</strong></span> <span class='ocrx_word' id='word_1_617' title='bbox 2588 4066 3000 4117; x_wconf 87' lang='lat' dir='ltr'><strong>conversentur,</strong></span> <span class='ocrx_word' id='word_1_618' title='bbox 3042 4059 3134 4109; x_wconf 86' lang='lat' dir='ltr'><strong>sed</strong></span> <span class='ocrx_word' id='word_1_619' title='bbox 3185 4056 3241 4112; x_wconf 88' lang='lat' dir='ltr'><strong>in</strong></span> 
     </span>
    </p>
   </div>
   <div class='ocr_carea' id='block_1_87' title="bbox 1677 4136 3236 4207">
    <p class='ocr_par' dir='ltr' id='par_1_87' title="bbox 1677 4136 3236 4207">
     <span class='ocr_line' id='line_1_87' title="bbox 1677 4136 3236 4207; baseline 0.008 -17"><span class='ocrx_word' id='word_1_620' title='bbox 1677 4139 1798 4194; x_wconf 88' lang='lat' dir='ltr'><strong>aliis</strong></span> <span class='ocrx_word' id='word_1_621' title='bbox 1851 4141 2081 4207; x_wconf 82' lang='lat' dir='ltr'><strong>aedibus,</strong></span> <span class='ocrx_word' id='word_1_622' title='bbox 2113 4143 2193 4199; x_wconf 87' lang='lat' dir='ltr'><strong>eis</strong></span> <span class='ocrx_word' id='word_1_623' title='bbox 2221 4145 2378 4199; x_wconf 86' lang='lat' dir='ltr'><strong>venia</strong></span> <span class='ocrx_word' id='word_1_624' title='bbox 2415 4136 2680 4199; x_wconf 80' lang='lat' dir='ltr'><strong>dabitur?</strong></span> <span class='ocrx_word' id='word_1_625' title='bbox 2727 4145 2958 4200; x_wconf 78' lang='lat' dir='ltr'><strong>Salutio.</strong></span> <span class='ocrx_word' id='word_1_626' title='bbox 2986 4144 3236 4202; x_wconf 88' lang='lat' dir='ltr'><strong>Canones</strong></span> 
     </span>
    </p>
   </div>
   <div class='ocr_carea' id='block_1_88' title="bbox 1675 4233 3235 4307">
    <p class='ocr_par' dir='ltr' id='par_1_88' title="bbox 1675 4233 3235 4307">
     <span class='ocr_line' id='line_1_88' title="bbox 1675 4233 3235 4307; baseline 0.006 -23"><span class='ocrx_word' id='word_1_627' title='bbox 1675 4233 1918 4299; x_wconf 86' lang='lat' dir='ltr'><strong>quidem,</strong></span> <span class='ocrx_word' id='word_1_628' title='bbox 1954 4243 2012 4299; x_wconf 77' lang='lat' dir='ltr'><strong>ut</strong></span> <span class='ocrx_word' id='word_1_629' title='bbox 2046 4250 2191 4304; x_wconf 64' lang='lat' dir='ltr'><strong>saepe</strong></span> <span class='ocrx_word' id='word_1_630' title='bbox 2214 4235 2469 4298; x_wconf 68' lang='lat' dir='ltr'><strong>diximus,</strong></span> <span class='ocrx_word' id='word_1_631' title='bbox 2503 4244 2557 4292; x_wconf 88' lang='lat' dir='ltr'><strong>et</strong></span> <span class='ocrx_word' id='word_1_632' title='bbox 2583 4253 2704 4307; x_wconf 84' lang='lat' dir='ltr'><strong>cap.</strong></span> <span class='ocrx_word' id='word_1_633' title='bbox 2728 4239 2817 4304; x_wconf 78' lang='grc'><strong>57,</strong></span> <span class='ocrx_word' id='word_1_634' title='bbox 2845 4241 2925 4290; x_wconf 87' lang='lat' dir='ltr'><strong>tit.</strong></span> <span class='ocrx_word' id='word_1_635' title='bbox 2962 4237 3012 4298; x_wconf 79' lang='grc' dir='ltr'>Ι,</span> <span class='ocrx_word' id='word_1_636' title='bbox 3042 4238 3136 4293; x_wconf 90' lang='lat' dir='ltr'><strong>lib.</strong></span> <span class='ocrx_word' id='word_1_637' title='bbox 3175 4233 3235 4294; x_wconf 85' lang='lat' dir='ltr'><strong>in</strong></span> 
     </span>
    </p>
   </div>
   <div class='ocr_carea' id='block_1_89' title="bbox 1673 4322 3306 4399">
    <p class='ocr_par' dir='ltr' id='par_1_89' title="bbox 1673 4322 3306 4399">
     <span class='ocr_line' id='line_1_89' title="bbox 1673 4322 3306 4399; baseline 0.007 -26"><span class='ocrx_word' id='word_1_638' title='bbox 1673 4322 1893 4376; x_wconf 72' lang='lat' dir='ltr'><strong>Basilio.</strong></span> <span class='ocrx_word' id='word_1_639' title='bbox 1924 4325 2200 4392; x_wconf 77' lang='lat' dir='ltr'><strong>prohibet,</strong></span> <span class='ocrx_word' id='word_1_640' title='bbox 2242 4339 2311 4380; x_wconf 91' lang='lat' dir='ltr'><strong>ne</strong></span> <span class='ocrx_word' id='word_1_641' title='bbox 2358 4329 2485 4396; x_wconf 88' lang='lat' dir='ltr'><strong>quis</strong></span> <span class='ocrx_word' id='word_1_642' title='bbox 2518 4344 2708 4385; x_wconf 88' lang='lat' dir='ltr'><strong>eorum</strong></span> <span class='ocrx_word' id='word_1_643' title='bbox 2737 4330 2830 4399; x_wconf 87' lang='lat' dir='ltr'><strong>qui</strong></span> <span class='ocrx_word' id='word_1_644' title='bbox 2859 4339 2987 4382; x_wconf 90' lang='lat' dir='ltr'><strong>sunt</strong></span> <span class='ocrx_word' id='word_1_645' title='bbox 3021 4345 3086 4383; x_wconf 77' lang='lat' dir='ltr'><strong>ex</strong></span> <span class='ocrx_word' id='word_1_646' title='bbox 3124 4322 3232 4386; x_wconf 51' lang='lat' dir='ltr'><strong>&#39;sa-</strong></span> <span class='ocrx_word' id='word_1_647' title='bbox 3301 4393 3306 4398; x_wconf 93' lang='lat'><strong>_</strong></span> 
     </span>
    </p>
   </div>
   <div class='ocr_carea' id='block_1_90' title="bbox 1670 4403 3230 4490">
    <p class='ocr_par' dir='ltr' id='par_1_90' title="bbox 1670 4403 3230 4490">
     <span class='ocr_line' id='line_1_90' title="bbox 1670 4403 3230 4490; baseline 0.009 -28"><span class='ocrx_word' id='word_1_648' title='bbox 1670 4412 1931 4464; x_wconf 87' lang='lat' dir='ltr'><strong>cerdotali</strong></span> <span class='ocrx_word' id='word_1_649' title='bbox 1985 4413 2180 4469; x_wconf 90' lang='lat' dir='ltr'><strong>ordine</strong></span> <span class='ocrx_word' id='word_1_650' title='bbox 2235 4403 2360 4472; x_wconf 85' lang='lat' dir='ltr'><strong>eum</strong></span> <span class='ocrx_word' id='word_1_651' title='bbox 2398 4431 2648 4490; x_wconf 83' lang='lat' dir='ltr'><strong>suspecta</strong></span> <span class='ocrx_word' id='word_1_652' title='bbox 2691 4420 2916 4474; x_wconf 86' lang='lat' dir='ltr'><strong>muliere</strong></span> <span class='ocrx_word' id='word_1_653' title='bbox 2964 4433 3230 4487; x_wconf 81' lang='lat' dir='ltr'><strong>versetur,</strong></span> 
     </span>
    </p>
   </div>
   <div class='ocr_carea' id='block_1_91' title="bbox 1670 4510 3309 4575">
    <p class='ocr_par' dir='ltr' id='par_1_91' title="bbox 1670 4510 3309 4575">
     <span class='ocr_line' id='line_1_91' title="bbox 1670 4510 3309 4575; baseline 0.01 -25"><span class='ocrx_word' id='word_1_654' title='bbox 1670 4511 2028 4570; x_wconf 74' lang='lat' dir='ltr'><strong>przeterquam</strong></span> <span class='ocrx_word' id='word_1_655' title='bbox 2088 4521 2211 4561; x_wconf 89' lang='lat' dir='ltr'><strong>cum</strong></span> <span class='ocrx_word' id='word_1_656' title='bbox 2261 4519 2432 4564; x_wconf 90' lang='lat' dir='ltr'><strong>matre</strong></span> <span class='ocrx_word' id='word_1_657' title='bbox 2468 4551 2484 4575; x_wconf 95' lang='lat'><strong>,</strong></span> <span class='ocrx_word' id='word_1_658' title='bbox 2541 4523 2768 4574; x_wconf 88' lang='lat' dir='ltr'><strong>sorore,</strong></span> <span class='ocrx_word' id='word_1_659' title='bbox 2824 4510 3033 4568; x_wconf 81' lang='lat' dir='ltr'><strong>ﬁlia&#39;et</strong></span> <span class='ocrx_word' id='word_1_660' title='bbox 3104 4516 3230 4568; x_wconf 88' lang='lat' dir='ltr'><strong>reli-</strong></span> <span class='ocrx_word' id='word_1_661' title='bbox 3307 4525 3309 4527; x_wconf 80' lang='lat'>‘</span> 
     </span>
    </p>
   </div>
   <div class='ocr_carea' id='block_1_92' title="bbox 40 4589 1580 4676">
    <p class='ocr_par' dir='ltr' id='par_1_92' title="bbox 40 4589 1569 4676">
     <span class='ocr_line' id='line_1_92' title="bbox 40 4589 1569 4676; baseline 0.012 -38"><span class='ocrx_word' id='word_1_662' title='bbox 40 4589 257 4643; x_wconf 74' lang='grc' dir='ltr'>πωνοτὺ</span> <span class='ocrx_word' id='word_1_663' title='bbox 303 4591 360 4644; x_wconf 81' lang='grc' dir='ltr'><strong>δέ</strong></span> <span class='ocrx_word' id='word_1_664' title='bbox 410 4593 486 4658; x_wconf 73' lang='grc' dir='ltr'>νζ*</span> <span class='ocrx_word' id='word_1_665' title='bbox 560 4615 686 4667; x_wconf 82' lang='grc' dir='ltr'>κεφ.</span> <span class='ocrx_word' id='word_1_666' title='bbox 740 4595 925 4661; x_wconf 83' lang='grc' dir='ltr'>αὑτοῦ,</span> <span class='ocrx_word' id='word_1_667' title='bbox 977 4599 1141 4670; x_wconf 84' lang='grc' dir='ltr'>μέρος</span> <span class='ocrx_word' id='word_1_668' title='bbox 1188 4601 1248 4654; x_wconf 83' lang='grc' dir='ltr'>ὃν</span> <span class='ocrx_word' id='word_1_669' title='bbox 1296 4605 1391 4674; x_wconf 80' lang='grc' dir='ltr'>τῆς</span> <span class='ocrx_word' id='word_1_670' title='bbox 1459 4607 1569 4676; x_wconf 73' lang='grc' dir='ltr'>ρλζν</span> 
     </span>
    </p>
   </div>
   <div class='ocr_carea' id='block_1_93' title="bbox 1684 4589 3230 4676">
    <p class='ocr_par' dir='ltr' id='par_1_93' title="bbox 1684 4593 3230 4674">
     <span class='ocr_line' id='line_1_93' title="bbox 1684 4593 3230 4674; baseline 0.006 -28"><span class='ocrx_word' id='word_1_671' title='bbox 1684 4593 1796 4661; x_wconf 78' lang='lat' dir='ltr'><strong>quis</strong></span> <span class='ocrx_word' id='word_1_672' title='bbox 1865 4598 2113 4660; x_wconf 80' lang='lat' dir='ltr'><strong>personis</strong></span> <span class='ocrx_word' id='word_1_673' title='bbox 2183 4599 2248 4653; x_wconf 93' lang='lat' dir='ltr'><strong>de</strong></span> <span class='ocrx_word' id='word_1_674' title='bbox 2305 4600 2500 4668; x_wconf 87' lang='lat' dir='ltr'><strong>quibus</strong></span> <span class='ocrx_word' id='word_1_675' title='bbox 2566 4599 2712 4654; x_wconf 88' lang='lat' dir='ltr'><strong>nulla</strong></span> <span class='ocrx_word' id='word_1_676' title='bbox 2778 4605 2988 4660; x_wconf 84' lang='lat' dir='ltr'><strong>oriatur</strong></span> <span class='ocrx_word' id='word_1_677' title='bbox 3055 4607 3230 4674; x_wconf 88' lang='lat' dir='ltr'><strong>suspi-</strong></span> 
     </span>
    </p>
   </div>
   <div class='ocr_carea' id='block_1_94' title="bbox 49 4681 1567 4762">
    <p class='ocr_par' dir='ltr' id='par_1_94' title="bbox 49 4681 1567 4762">
     <span class='ocr_line' id='line_1_94' title="bbox 49 4681 1567 4762; baseline 0.013 -31"><span class='ocrx_word' id='word_1_678' title='bbox 49 4681 450 4735; x_wconf 82' lang='grc' dir='ltr'>’ῐουστινιανείου</span> <span class='ocrx_word' id='word_1_679' title='bbox 497 4691 717 4758; x_wconf 81' lang='grc' dir='ltr'>νεαρᾶς,</span> <span class='ocrx_word' id='word_1_680' title='bbox 769 4689 913 4757; x_wconf 84' lang='grc' dir='ltr'>λέγει</span> <span class='ocrx_word' id='word_1_681' title='bbox 959 4690 1130 4743; x_wconf 80' lang='grc' dir='ltr'>ταῦτα</span> <span class='ocrx_word' id='word_1_682' title='bbox 1162 4692 1377 4762; x_wconf 79' lang='grc' dir='ltr'><strong>ρητῶς’</strong></span> <span class='ocrx_word' id='word_1_683' title='bbox 1412 4695 1567 4750; x_wconf 84' lang='grc' dir='ltr'>Ἐπί-</span> 
     </span>
    </p>
   </div>
   <div class='ocr_carea' id='block_1_95' title="bbox 42 4773 1566 4858">
    <p class='ocr_par' dir='ltr' id='par_1_95' title="bbox 42 4773 1566 4858">
     <span class='ocr_line' id='line_1_95' title="bbox 42 4773 1566 4858; baseline 0.014 -34"><span class='ocrx_word' id='word_1_684' title='bbox 42 4789 216 4828; x_wconf 79' lang='grc' dir='ltr'>σκοπον</span> <span class='ocrx_word' id='word_1_685' title='bbox 246 4773 306 4827; x_wconf 82' lang='grc' dir='ltr'>δὲ</span> <span class='ocrx_word' id='word_1_686' title='bbox 332 4776 600 4846; x_wconf 77' lang='grc' dir='ltr'>μηδεμίαν</span> <span class='ocrx_word' id='word_1_687' title='bbox 622 4782 896 4846; x_wconf 83' lang='grc' dir='ltr'>παντελῶς</span> <span class='ocrx_word' id='word_1_688' title='bbox 929 4785 1160 4850; x_wconf 80' lang='grc' dir='ltr'>γυναῖκα</span> <span class='ocrx_word' id='word_1_689' title='bbox 1185 4783 1328 4854; x_wconf 74' lang='grc' dir='ltr'>ἔχειν</span> <span class='ocrx_word' id='word_1_690' title='bbox 1359 4787 1390 4857; x_wconf 84' lang='grc' dir='ltr'>ἢ</span> <span class='ocrx_word' id='word_1_691' title='bbox 1426 4791 1566 4858; x_wconf 86' lang='grc' dir='ltr'>μετὰ</span> 
     </span>
    </p>
   </div>
   <div class='ocr_carea' id='block_1_96' title="bbox 41 4867 1565 4958">
    <p class='ocr_par' dir='ltr' id='par_1_96' title="bbox 41 4867 1565 4958">
     <span class='ocr_line' id='line_1_96' title="bbox 41 4867 1565 4958; baseline 0.014 -43"><span class='ocrx_word' id='word_1_692' title='bbox 41 4868 182 4936; x_wconf 68' lang='grc' dir='ltr'>αὐτῆς</span> <span class='ocrx_word' id='word_1_693' title='bbox 213 4867 380 4919; x_wconf 69' lang='grc' dir='ltr'>οἰκεῖν</span> <span class='ocrx_word' id='word_1_694' title='bbox 410 4872 800 4958; x_wconf 65' lang='grc' dir='ltr'>συγχωροῦμεν</span> <span class='ocrx_word' id='word_1_695' title='bbox 818 4892 834 4910; x_wconf 80' lang='grc' dir='ltr'><strong><em>ο</em></strong></span> <span class='ocrx_word' id='word_1_696' title='bbox 869 4875 915 4928; x_wconf 87' lang='grc' dir='ltr'><strong>εί</strong></span> <span class='ocrx_word' id='word_1_697' title='bbox 941 4874 995 4927; x_wconf 83' lang='grc' dir='ltr'>δὲ</span> <span class='ocrx_word' id='word_1_698' title='bbox 1019 4875 1358 4949; x_wconf 76' lang='grc' dir='ltr'>ἀποδειχθείη</span> <span class='ocrx_word' id='word_1_699' title='bbox 1384 4882 1565 4948; x_wconf 82' lang='grc' dir='ltr'>τοῦτο,</span> 
     </span>
    </p>
   </div>
   <div class='ocr_carea' id='block_1_97' title="bbox 40 4959 1566 5038">
    <p class='ocr_par' dir='ltr' id='par_1_97' title="bbox 40 4959 1566 5038">
     <span class='ocr_line' id='line_1_97' title="bbox 40 4959 1566 5038; baseline 0.009 -23"><span class='ocrx_word' id='word_1_700' title='bbox 40 4959 120 5020; x_wconf 77' lang='grc' dir='ltr'>τῆς</span> <span class='ocrx_word' id='word_1_701' title='bbox 160 4960 459 5030; x_wconf 79' lang='grc' dir='ltr'>ἐπισκοπῆς</span> <span class='ocrx_word' id='word_1_702' title='bbox 504 4959 865 5024; x_wconf 78' lang='grc' dir='ltr'>ἐκδαλλέσθω.</span> <span class='ocrx_word' id='word_1_703' title='bbox 900 4970 957 5021; x_wconf 84' lang='lat' dir='ltr'><strong>El</strong></span> <span class='ocrx_word' id='word_1_704' title='bbox 1010 4968 1138 5036; x_wconf 83' lang='grc' dir='ltr'>γοῦν</span> <span class='ocrx_word' id='word_1_705' title='bbox 1173 4973 1198 5021; x_wconf 87' lang='grc' dir='ltr'><strong>ό</strong></span> <span class='ocrx_word' id='word_1_706' title='bbox 1231 4971 1416 5038; x_wconf 77' lang='grc' dir='ltr'>ἁπλῶς</span> <span class='ocrx_word' id='word_1_707' title='bbox 1444 4995 1566 5029; x_wconf 89' lang='grc' dir='ltr'>συν-</span> 
     </span>
    </p>
   </div>
   <div class='ocr_carea' id='block_1_98' title="bbox 43 5052 1566 5128">
    <p class='ocr_par' dir='ltr' id='par_1_98' title="bbox 43 5052 1566 5128">
     <span class='ocr_line' id='line_1_98' title="bbox 43 5052 1566 5128; baseline 0.011 -26"><span class='ocrx_word' id='word_1_708' title='bbox 43 5053 178 5105; x_wconf 71' lang='grc' dir='ltr'>οιιῶν</span> <span class='ocrx_word' id='word_1_709' title='bbox 212 5052 514 5128; x_wconf 77' lang='grc' dir='ltr'>ἐπίσκοπος</span> <span class='ocrx_word' id='word_1_710' title='bbox 567 5054 704 5122; x_wconf 85' lang='grc' dir='ltr'>μετὰ</span> <span class='ocrx_word' id='word_1_711' title='bbox 767 5059 1022 5125; x_wconf 79' lang='grc' dir='ltr'>γυναικὸς</span> <span class='ocrx_word' id='word_1_712' title='bbox 1052 5060 1380 5128; x_wconf 80' lang='grc' dir='ltr'>οἱασδήτινος</span> <span class='ocrx_word' id='word_1_713' title='bbox 1431 5066 1566 5118; x_wconf 82' lang='grc' dir='ltr'>καθ-</span> 
     </span>
    </p>
   </div>
   <div class='ocr_carea' id='block_1_99' title="bbox 45 5126 1564 5223">
    <p class='ocr_par' dir='ltr' id='par_1_99' title="bbox 45 5126 1564 5223">
     <span class='ocr_line' id='line_1_99' title="bbox 45 5126 1564 5223; baseline 0.013 -32"><span class='ocrx_word' id='word_1_714' title='bbox 45 5126 273 5216; x_wconf 68' lang='grc' dir='ltr'>αιριῐτᾷι,</span> <span class='ocrx_word' id='word_1_715' title='bbox 317 5144 497 5216; x_wconf 85' lang='grc' dir='ltr'>πολλῷ</span> <span class='ocrx_word' id='word_1_716' title='bbox 558 5143 717 5199; x_wconf 69' lang='grc' dir='ltr'>πλέον</span> <span class='ocrx_word' id='word_1_717' title='bbox 760 5148 789 5198; x_wconf 84' lang='grc' dir='ltr'><strong>ό</strong></span> <span class='ocrx_word' id='word_1_718' title='bbox 845 5150 903 5203; x_wconf 87' lang='grc' dir='ltr'><strong>ἐν</strong></span> <span class='ocrx_word' id='word_1_719' title='bbox 939 5126 1267 5223; x_wconf 79' lang='grc' dir='ltr'>ἐπισκοπείῴ</span> <span class='ocrx_word' id='word_1_720' title='bbox 1324 5126 1564 5209; x_wconf 83' lang='grc' dir='ltr'>τοιοῦτόν</span> 
     </span>
    </p>
   </div>
   <div class='ocr_carea' id='block_1_100' title="bbox 44 5235 1565 5324">
    <p class='ocr_par' dir='ltr' id='par_1_100' title="bbox 44 5235 1565 5324">
     <span class='ocr_line' id='line_1_100' title="bbox 44 5235 1565 5324; baseline 0.015 -45"><span class='ocrx_word' id='word_1_721' title='bbox 44 5248 83 5281; x_wconf 81' lang='grc' dir='ltr'><strong>τι</strong></span> <span class='ocrx_word' id='word_1_722' title='bbox 127 5241 350 5309; x_wconf 77' lang='grc' dir='ltr'>ποιήσας</span> <span class='ocrx_word' id='word_1_723' title='bbox 398 5235 724 5300; x_wconf 65' lang='grc' dir='ltr'>ἀπέντεῦθεν</span> <span class='ocrx_word' id='word_1_724' title='bbox 775 5239 1267 5314; x_wconf 78' lang='grc' dir='ltr'>καθαιρεθήσεται,</span> <span class='ocrx_word' id='word_1_725' title='bbox 1325 5250 1400 5312; x_wconf 85' lang='grc' dir='ltr'><strong>ὡς</strong></span> <span class='ocrx_word' id='word_1_726' title='bbox 1443 5251 1565 5324; x_wconf 84' lang='grc' dir='ltr'>ἐμοὶ</span> 
     </span>
    </p>
   </div>
   <div class='ocr_carea' id='block_1_101' title="bbox 44 5322 1563 5410">
    <p class='ocr_par' dir='ltr' id='par_1_101' title="bbox 44 5322 1563 5410">
     <span class='ocr_line' id='line_1_101' title="bbox 44 5322 1563 5410; baseline 0.014 -38"><span class='ocrx_word' id='word_1_727' title='bbox 44 5322 180 5390; x_wconf 73' lang='grc' dir='ltr'>δοκεῖ,</span> <span class='ocrx_word' id='word_1_728' title='bbox 212 5332 298 5386; x_wconf 76' lang='grc' dir='ltr'><strong>διὰ</strong></span> <span class='ocrx_word' id='word_1_729' title='bbox 323 5334 386 5387; x_wconf 75' lang='grc' dir='ltr'>τὸ</span> <span class='ocrx_word' id='word_1_730' title='bbox 410 5333 509 5404; x_wconf 81' lang='grc' dir='ltr'>τῆς</span> <span class='ocrx_word' id='word_1_731' title='bbox 531 5333 725 5402; x_wconf 82' lang='grc' dir='ltr'>νεαρᾶς</span> <span class='ocrx_word' id='word_1_732' title='bbox 748 5331 1105 5391; x_wconf 81' lang='grc' dir='ltr'>ἀδιάστικτον.</span> <span class='ocrx_word' id='word_1_733' title='bbox 1138 5341 1210 5392; x_wconf 82' lang='grc' dir='ltr'><strong>Τὸ</strong></span> <span class='ocrx_word' id='word_1_734' title='bbox 1238 5342 1433 5410; x_wconf 81' lang='grc' dir='ltr'>,μέντοι</span> <span class='ocrx_word' id='word_1_735' title='bbox 1503 5322 1563 5394; x_wconf 83' lang='grc' dir='ltr'>ιε’</span> 
     </span>
    </p>
   </div>
   <div class='ocr_carea' id='block_1_102' title="bbox 47 5420 1564 5503">
    <p class='ocr_par' dir='ltr' id='par_1_102' title="bbox 47 5420 1564 5503">
     <span class='ocr_line' id='line_1_102' title="bbox 47 5420 1564 5503; baseline -0.003 -20"><span class='ocrx_word' id='word_1_736' title='bbox 47 5432 146 5482; x_wconf 53' lang='lat'><strong>‘59?-</strong></span> <span class='ocrx_word' id='word_1_737' title='bbox 172 5421 260 5474; x_wconf 81' lang='grc' dir='ltr'>τοῦ</span> <span class='ocrx_word' id='word_1_738' title='bbox 285 5425 542 5500; x_wconf 58' lang='grc' dir='ltr'>αιτίτλου</span> <span class='ocrx_word' id='word_1_739' title='bbox 573 5427 668 5479; x_wconf 76' lang='grc' dir='ltr'>τοῦ</span> <span class='ocrx_word' id='word_1_740' title='bbox 717 5420 768 5490; x_wconf 66' lang='grc' dir='ltr'>δ’,</span> <span class='ocrx_word' id='word_1_741' title='bbox 795 5425 996 5495; x_wconf 76' lang='grc' dir='ltr'>βιϐλίου</span> <span class='ocrx_word' id='word_1_742' title='bbox 1060 5432 1260 5484; x_wconf 73' lang='grc' dir='ltr'>κωλύει</span> <span class='ocrx_word' id='word_1_743' title='bbox 1297 5435 1356 5484; x_wconf 76' lang='grc' dir='ltr'>οὔ</span> <span class='ocrx_word' id='word_1_744' title='bbox 1403 5433 1564 5503; x_wconf 83' lang='grc' dir='ltr'>μόνον</span> 
     </span>
    </p>
   </div>
   <div class='ocr_carea' id='block_1_103' title="bbox 50 5507 1564 5598">
    <p class='ocr_par' dir='ltr' id='par_1_103' title="bbox 50 5507 1564 5598">
     <span class='ocr_line' id='line_1_103' title="bbox 50 5507 1564 5598; baseline 0.017 -39"><span class='ocrx_word' id='word_1_745' title='bbox 50 5507 94 5560; x_wconf 70' lang='grc' dir='ltr'>τὸ</span> <span class='ocrx_word' id='word_1_746' title='bbox 119 5518 427 5582; x_wconf 76' lang='grc' dir='ltr'>καταμεῖναι</span> <span class='ocrx_word' id='word_1_747' title='bbox 451 5522 686 5585; x_wconf 74' lang='grc' dir='ltr'>γυναῖκα</span> <span class='ocrx_word' id='word_1_748' title='bbox 713 5523 768 5572; x_wconf 83' lang='grc' dir='ltr'><strong>ἐν</strong></span> <span class='ocrx_word' id='word_1_749' title='bbox 797 5525 1137 5592; x_wconf 77' lang='grc' dir='ltr'>μοναστηρίῳ</span> <span class='ocrx_word' id='word_1_750' title='bbox 1162 5525 1406 5595; x_wconf 65' lang='grc' dir='ltr'>ἀνδμρῳ,</span> <span class='ocrx_word' id='word_1_751' title='bbox 1441 5527 1473 5598; x_wconf 80' lang='grc' dir='ltr'>ἦ</span> <span class='ocrx_word' id='word_1_752' title='bbox 1502 5530 1564 5580; x_wconf 75' lang='grc' dir='ltr'>τὸ</span> 
     </span>
    </p>
   </div>
   <div class='ocr_carea' id='block_1_104' title="bbox 52 5603 1562 5687">
    <p class='ocr_par' dir='ltr' id='par_1_104' title="bbox 52 5603 1562 5687">
     <span class='ocr_line' id='line_1_104' title="bbox 52 5603 1562 5687; baseline 0.015 -37"><span class='ocrx_word' id='word_1_753' title='bbox 52 5603 304 5670; x_wconf 74' lang='grc' dir='ltr'>ἀνάπαλιν,</span> <span class='ocrx_word' id='word_1_754' title='bbox 325 5605 460 5660; x_wconf 77' lang='grc' dir='ltr'>ἀλλὰ</span> <span class='ocrx_word' id='word_1_755' title='bbox 488 5611 583 5662; x_wconf 74' lang='grc' dir='ltr'>καὶ</span> <span class='ocrx_word' id='word_1_756' title='bbox 609 5612 667 5663; x_wconf 73' lang='grc' dir='ltr'>τὸ</span> <span class='ocrx_word' id='word_1_757' title='bbox 690 5613 822 5674; x_wconf 80' lang='grc' dir='ltr'>ὅλως</span> <span class='ocrx_word' id='word_1_758' title='bbox 852 5614 1108 5665; x_wconf 77' lang='grc' dir='ltr'>εἰσελθεῖν</span> <span class='ocrx_word' id='word_1_759' title='bbox 1140 5616 1196 5666; x_wconf 83' lang='grc' dir='ltr'><strong>ἐν</strong></span> <span class='ocrx_word' id='word_1_760' title='bbox 1220 5616 1372 5686; x_wconf 71' lang='grc' dir='ltr'><strong>ἀὐτῷ</strong></span> <span class='ocrx_word' id='word_1_761' title='bbox 1404 5619 1562 5687; x_wconf 83' lang='grc' dir='ltr'>χάριν</span> 
     </span>
    </p>
   </div>
   <div class='ocr_carea' id='block_1_105' title="bbox 50 5696 1561 5777">
    <p class='ocr_par' dir='ltr' id='par_1_105' title="bbox 50 5696 1561 5777">
     <span class='ocr_line' id='line_1_105' title="bbox 50 5696 1561 5777; baseline 0.013 -33"><span class='ocrx_word' id='word_1_762' title='bbox 50 5696 348 5768; x_wconf 69' lang='grc' dir='ltr'>οἱασδήτινος</span> <span class='ocrx_word' id='word_1_763' title='bbox 381 5699 711 5766; x_wconf 79' lang='grc' dir='ltr'>ὑποθέσεως.</span> <span class='ocrx_word' id='word_1_764' title='bbox 755 5707 1062 5777; x_wconf 78' lang='grc' dir='ltr'>Σημεὲωσαι</span> <span class='ocrx_word' id='word_1_765' title='bbox 1090 5701 1180 5760; x_wconf 81' lang='grc' dir='ltr'>οὖν</span> <span class='ocrx_word' id='word_1_766' title='bbox 1223 5710 1312 5760; x_wconf 77' lang='grc' dir='ltr'>τὸν</span> <span class='ocrx_word' id='word_1_767' title='bbox 1366 5708 1561 5765; x_wconf 88' lang='grc' dir='ltr'>κανόνα</span> 
     </span>
    </p>
   </div>
   <div class='ocr_carea' id='block_1_106' title="bbox 52 5785 1560 5869">
    <p class='ocr_par' dir='ltr' id='par_1_106' title="bbox 52 5785 1560 5869">
     <span class='ocr_line' id='line_1_106' title="bbox 52 5785 1560 5869; baseline 0.007 -30"><span class='ocrx_word' id='word_1_768' title='bbox 52 5785 236 5853; x_wconf 69' lang='grc' dir='ltr'>λέγοντα</span> <span class='ocrx_word' id='word_1_769' title='bbox 265 5793 343 5846; x_wconf 80' lang='grc' dir='ltr'><strong>δτι</strong></span> <span class='ocrx_word' id='word_1_770' title='bbox 371 5792 491 5845; x_wconf 76' lang='grc' dir='ltr'>οὐδέ</span> <span class='ocrx_word' id='word_1_771' title='bbox 515 5792 675 5860; x_wconf 81' lang='grc' dir='ltr'>δούλη</span> <span class='ocrx_word' id='word_1_772' title='bbox 717 5797 836 5848; x_wconf 70' lang='grc' dir='ltr'>οὐδὲ</span> <span class='ocrx_word' id='word_1_773' title='bbox 878 5799 1138 5869; x_wconf 82' lang='grc' dir='ltr'>ἐλευθέρα</span> <span class='ocrx_word' id='word_1_774' title='bbox 1183 5800 1383 5868; x_wconf 66' lang='grc' dir='ltr'>όξρεί).ῖι</span> <span class='ocrx_word' id='word_1_775' title='bbox 1431 5806 1560 5853; x_wconf 78' lang='grc' dir='ltr'>συν.-</span> 
     </span>
    </p>
   </div>
   <div class='ocr_carea' id='block_1_107' title="bbox 53 5878 1562 5963">
    <p class='ocr_par' dir='ltr' id='par_1_107' title="bbox 53 5878 1562 5963">
     <span class='ocr_line' id='line_1_107' title="bbox 53 5878 1562 5963; baseline 0.01 -31"><span class='ocrx_word' id='word_1_776' title='bbox 53 5878 224 5950; x_wconf 69' lang='grc' dir='ltr'>διὰγειν</span> <span class='ocrx_word' id='word_1_777' title='bbox 256 5886 390 5957; x_wconf 69' lang='grc' dir='ltr'>μετὰ</span> <span class='ocrx_word' id='word_1_778' title='bbox 417 5885 712 5940; x_wconf 64' lang='grc' dir='ltr'>ἐπισκόπου</span> <span class='ocrx_word' id='word_1_779' title='bbox 756 5887 784 5955; x_wconf 73' lang='grc' dir='ltr'>ἢ</span> <span class='ocrx_word' id='word_1_780' title='bbox 832 5887 1130 5958; x_wconf 68' lang='grc' dir='ltr'>ἡγουμένου</span> <span class='ocrx_word' id='word_1_781' title='bbox 1181 5893 1301 5946; x_wconf 77' lang='grc' dir='ltr'>καθ’</span> <span class='ocrx_word' id='word_1_782' title='bbox 1357 5893 1562 5963; x_wconf 63' lang='grc' dir='ltr'>οἷοδζ-</span> 
     </span>
    </p>
   </div>
   <div class='ocr_carea' id='block_1_108' title="bbox 1672 4686 3225 4767">
    <p class='ocr_par' dir='ltr' id='par_1_108' title="bbox 1672 4686 3225 4767">
     <span class='ocr_line' id='line_1_108' title="bbox 1672 4686 3225 4767; baseline 0.006 -29"><span class='ocrx_word' id='word_1_783' title='bbox 1672 4686 1777 4739; x_wconf 85' lang='lat' dir='ltr'><strong>cio.</strong></span> <span class='ocrx_word' id='word_1_784' title='bbox 1842 4689 1910 4742; x_wconf 84' lang='grc'><strong>57</strong></span> <span class='ocrx_word' id='word_1_785' title='bbox 1968 4702 2147 4746; x_wconf 90' lang='lat' dir='ltr'><strong>autem</strong></span> <span class='ocrx_word' id='word_1_786' title='bbox 2205 4688 2324 4758; x_wconf 82' lang='lat' dir='ltr'><strong>ejus</strong></span> <span class='ocrx_word' id='word_1_787' title='bbox 2385 4702 2583 4760; x_wconf 88' lang='lat' dir='ltr'><strong>caput,</strong></span> <span class='ocrx_word' id='word_1_788' title='bbox 2630 4697 2773 4766; x_wconf 88' lang='lat' dir='ltr'><strong>quod</strong></span> <span class='ocrx_word' id='word_1_789' title='bbox 2824 4708 2908 4753; x_wconf 89' lang='lat' dir='ltr'><strong>est</strong></span> <span class='ocrx_word' id='word_1_790' title='bbox 2957 4713 3078 4767; x_wconf 88' lang='lat' dir='ltr'><strong>pars</strong></span> <span class='ocrx_word' id='word_1_791' title='bbox 3129 4698 3225 4749; x_wconf 78' lang='grc'><strong>157</strong></span> 
     </span>
    </p>
   </div>
   <div class='ocr_carea' id='block_1_109' title="bbox 1667 4777 3223 4858">
    <p class='ocr_par' dir='ltr' id='par_1_109' title="bbox 1667 4777 3223 4858">
     <span class='ocr_line' id='line_1_109' title="bbox 1667 4777 3223 4858; baseline 0.008 -26"><span class='ocrx_word' id='word_1_792' title='bbox 1667 4777 1959 4858; x_wconf 63' lang='lat' dir='ltr'><strong>Justianini</strong></span> <span class='ocrx_word' id='word_1_793' title='bbox 1985 4781 2236 4843; x_wconf 55' lang='lat' dir='ltr'><strong>Novella,</strong></span> <span class='ocrx_word' id='word_1_794' title='bbox 2262 4783 2374 4837; x_wconf 73' lang='lat' dir='ltr'><strong>hazc</strong></span> <span class='ocrx_word' id='word_1_795' title='bbox 2405 4785 2539 4842; x_wconf 89' lang='lat' dir='ltr'><strong>dicit</strong></span> <span class='ocrx_word' id='word_1_796' title='bbox 2570 4803 2830 4858; x_wconf 83' lang='lat' dir='ltr'><strong>expresse</strong></span> <span class='ocrx_word' id='word_1_797' title='bbox 2857 4808 2871 4848; x_wconf 86' lang='lat'><strong>:</strong></span> <span class='ocrx_word' id='word_1_798' title='bbox 2900 4791 3223 4858; x_wconf 81' lang='lat' dir='ltr'><strong>Episcopum</strong></span> 
     </span>
    </p>
   </div>
   <div class='ocr_carea' id='block_1_110' title="bbox 1670 4852 3222 4940">
    <p class='ocr_par' dir='ltr' id='par_1_110' title="bbox 1670 4852 3222 4940">
     <span class='ocr_line' id='line_1_110' title="bbox 1670 4852 3222 4940; baseline 0.006 -16"><span class='ocrx_word' id='word_1_799' title='bbox 1670 4852 1850 4926; x_wconf 79' lang='lat' dir='ltr'><strong>autem</strong></span> <span class='ocrx_word' id='word_1_800' title='bbox 1884 4874 2084 4927; x_wconf 89' lang='lat' dir='ltr'><strong>nullam</strong></span> <span class='ocrx_word' id='word_1_801' title='bbox 2123 4875 2337 4940; x_wconf 89' lang='lat' dir='ltr'><strong>penitus</strong></span> <span class='ocrx_word' id='word_1_802' title='bbox 2368 4876 2571 4932; x_wconf 87' lang='lat' dir='ltr'><strong>habere</strong></span> <span class='ocrx_word' id='word_1_803' title='bbox 2603 4878 2857 4933; x_wconf 78' lang='lat' dir='ltr'><strong>feminam</strong></span> <span class='ocrx_word' id='word_1_804' title='bbox 2892 4881 2972 4933; x_wconf 90' lang='lat' dir='ltr'><strong>vel</strong></span> <span class='ocrx_word' id='word_1_805' title='bbox 3005 4894 3127 4932; x_wconf 89' lang='lat' dir='ltr'><strong>cum</strong></span> <span class='ocrx_word' id='word_1_806' title='bbox 3159 4896 3222 4934; x_wconf 85' lang='lat' dir='ltr'><strong>ea</strong></span> 
     </span>
    </p>
   </div>
   <div class='ocr_carea' id='block_1_111' title="bbox 1669 4961 3225 5030">
    <p class='ocr_par' dir='ltr' id='par_1_111' title="bbox 1669 4961 3225 5030">
     <span class='ocr_line' id='line_1_111' title="bbox 1669 4961 3225 5030; baseline 0.009 -17"><span class='ocrx_word' id='word_1_807' title='bbox 1669 4961 1916 5016; x_wconf 87' lang='lat' dir='ltr'><strong>habitare</strong></span> <span class='ocrx_word' id='word_1_808' title='bbox 1964 4965 2371 5030; x_wconf 87' lang='lat' dir='ltr'><strong>permittimus:</strong></span> <span class='ocrx_word' id='word_1_809' title='bbox 2410 4971 2452 5026; x_wconf 89' lang='lat' dir='ltr'><strong>si</strong></span> <span class='ocrx_word' id='word_1_810' title='bbox 2504 4971 2605 5025; x_wconf 89' lang='lat' dir='ltr'><strong>hoc</strong></span> <span class='ocrx_word' id='word_1_811' title='bbox 2652 4979 2831 5024; x_wconf 87' lang='lat' dir='ltr'><strong>autem</strong></span> <span class='ocrx_word' id='word_1_812' title='bbox 2883 4970 3225 5028; x_wconf 84' lang='lat' dir='ltr'><strong>demonstra-</strong></span> 
     </span>
    </p>
   </div>
   <div class='ocr_carea' id='block_1_112' title="bbox 1669 5056 3223 5135">
    <p class='ocr_par' dir='ltr' id='par_1_112' title="bbox 1669 5056 3223 5135">
     <span class='ocr_line' id='line_1_112' title="bbox 1669 5056 3223 5135; baseline 0.01 -29"><span class='ocrx_word' id='word_1_813' title='bbox 1669 5063 1781 5107; x_wconf 88' lang='lat' dir='ltr'><strong>tum</strong></span> <span class='ocrx_word' id='word_1_814' title='bbox 1819 5056 2002 5123; x_wconf 72' lang='lat' dir='ltr'><strong>fuerit,</strong></span> <span class='ocrx_word' id='word_1_815' title='bbox 2038 5059 2359 5133; x_wconf 80' lang='lat' dir='ltr'><strong>epiSCOpatu</strong></span> <span class='ocrx_word' id='word_1_816' title='bbox 2385 5065 2653 5131; x_wconf 85' lang='lat' dir='ltr'><strong>ejiciatur.</strong></span> <span class='ocrx_word' id='word_1_817' title='bbox 2686 5061 2761 5115; x_wconf 77' lang='lat' dir='ltr'><strong>-Si</strong></span> <span class='ocrx_word' id='word_1_818' title='bbox 2792 5077 2922 5133; x_wconf 82' lang='lat' dir='ltr'><strong>ergo</strong></span> <span class='ocrx_word' id='word_1_819' title='bbox 2944 5105 2957 5128; x_wconf 90' lang='lat'><strong>,</strong></span> <span class='ocrx_word' id='word_1_820' title='bbox 2991 5067 3082 5135; x_wconf 89' lang='lat' dir='ltr'><strong>qui</strong></span> <span class='ocrx_word' id='word_1_821' title='bbox 3126 5083 3223 5123; x_wconf 80' lang='lat' dir='ltr'><strong>so-</strong></span> 
     </span>
    </p>
   </div>
   <div class='ocr_carea' id='block_1_113' title="bbox 1669 5140 3273 5230">
    <p class='ocr_par' dir='ltr' id='par_1_113' title="bbox 1669 5140 3273 5230">
     <span class='ocr_line' id='line_1_113' title="bbox 1669 5140 3273 5230; baseline 0.008 -32"><span class='ocrx_word' id='word_1_822' title='bbox 1669 5145 1946 5201; x_wconf 87' lang='lat' dir='ltr'><strong>lummodo</strong></span> <span class='ocrx_word' id='word_1_823' title='bbox 1977 5140 2100 5204; x_wconf 85' lang='lat' dir='ltr'><strong>cum</strong></span> <span class='ocrx_word' id='word_1_824' title='bbox 2152 5168 2479 5222; x_wconf 85' lang='lat' dir='ltr'><strong>quacunque</strong></span> <span class='ocrx_word' id='word_1_825' title='bbox 2527 5152 2752 5207; x_wconf 89' lang='lat' dir='ltr'><strong>muliere</strong></span> <span class='ocrx_word' id='word_1_826' title='bbox 2795 5157 3074 5214; x_wconf 89' lang='lat' dir='ltr'><strong>cohabitat</strong></span> <span class='ocrx_word' id='word_1_827' title='bbox 3103 5162 3222 5230; x_wconf 75' lang='lat' dir='ltr'><strong>epi-</strong></span> <span class='ocrx_word' id='word_1_828' title='bbox 3271 5208 3273 5211; x_wconf 87' lang='lat'><strong>.</strong></span> 
     </span>
    </p>
   </div>
   <div class='ocr_carea' id='block_1_114' title="bbox 1666 5242 3232 5321">
    <p class='ocr_par' dir='ltr' id='par_1_114' title="bbox 1666 5242 3232 5321">
     <span class='ocr_line' id='line_1_114' title="bbox 1666 5242 3232 5321; baseline 0.01 -28"><span class='ocrx_word' id='word_1_829' title='bbox 1666 5253 1864 5309; x_wconf 68' lang='grc' dir='ltr'>εοοριιε</span> <span class='ocrx_word' id='word_1_830' title='bbox 1917 5242 2254 5311; x_wconf 87' lang='lat' dir='ltr'><strong>deponitur:</strong></span> <span class='ocrx_word' id='word_1_831' title='bbox 2302 5245 2672 5314; x_wconf 81' lang='lat' dir='ltr'><strong>multomagis</strong></span> <span class='ocrx_word' id='word_1_832' title='bbox 2714 5247 2808 5317; x_wconf 87' lang='lat' dir='ltr'><strong>qui</strong></span> <span class='ocrx_word' id='word_1_833' title='bbox 2851 5250 2956 5304; x_wconf 89' lang='lat' dir='ltr'><strong>tale</strong></span> <span class='ocrx_word' id='word_1_834' title='bbox 2999 5255 3128 5321; x_wconf 92' lang='lat' dir='ltr'><strong>quid</strong></span> <span class='ocrx_word' id='word_1_835' title='bbox 3168 5256 3232 5307; x_wconf 49' lang='lat' dir='ltr'><strong>inv</strong></span> 
     </span>
    </p>
   </div>
   <div class='ocr_carea' id='block_1_115' title="bbox 1667 5335 3216 5406">
    <p class='ocr_par' dir='ltr' id='par_1_115' title="bbox 1667 5335 3216 5406">
     <span class='ocr_line' id='line_1_115' title="bbox 1667 5335 3216 5406; baseline 0.007 -20"><span class='ocrx_word' id='word_1_836' title='bbox 1667 5335 1944 5403; x_wconf 88' lang='lat' dir='ltr'><strong>episcopio</strong></span> <span class='ocrx_word' id='word_1_837' title='bbox 1975 5337 2325 5401; x_wconf 82' lang='lat' dir='ltr'><strong>fecerit,ideo</strong></span> <span class='ocrx_word' id='word_1_838' title='bbox 2355 5336 2682 5406; x_wconf 86' lang='lat' dir='ltr'><strong>deponetur,</strong></span> <span class='ocrx_word' id='word_1_839' title='bbox 2739 5350 2796 5396; x_wconf 88' lang='lat' dir='ltr'><strong>ut</strong></span> <span class='ocrx_word' id='word_1_840' title='bbox 2830 5345 2969 5400; x_wconf 88' lang='lat' dir='ltr'><strong>mihi</strong></span> <span class='ocrx_word' id='word_1_841' title='bbox 2989 5347 3216 5406; x_wconf 82' lang='lat' dir='ltr'><strong>videtur.</strong></span> 
     </span>
    </p>
   </div>
   <div class='ocr_carea' id='block_1_116' title="bbox 1667 5428 3212 5505">
    <p class='ocr_par' dir='ltr' id='par_1_116' title="bbox 1667 5428 3212 5505">
     <span class='ocr_line' id='line_1_116' title="bbox 1667 5428 3212 5505; baseline 0.013 -27"><span class='ocrx_word' id='word_1_842' title='bbox 1667 5431 1794 5498; x_wconf 86' lang='lat' dir='ltr'><strong>quia</strong></span> <span class='ocrx_word' id='word_1_843' title='bbox 1829 5428 2046 5484; x_wconf 81' lang='lat' dir='ltr'><strong>Novella</strong></span> <span class='ocrx_word' id='word_1_844' title='bbox 2073 5431 2385 5484; x_wconf 86' lang='lat' dir='ltr'><strong>indistincte</strong></span> <span class='ocrx_word' id='word_1_845' title='bbox 2411 5431 2670 5501; x_wconf 86' lang='lat' dir='ltr'><strong>loquitur.</strong></span> <span class='ocrx_word' id='word_1_846' title='bbox 2698 5433 2815 5491; x_wconf 82' lang='lat' dir='ltr'><strong>Jam</strong></span> <span class='ocrx_word' id='word_1_847' title='bbox 2839 5454 2967 5494; x_wconf 87' lang='lat' dir='ltr'><strong>vero</strong></span> <span class='ocrx_word' id='word_1_848' title='bbox 2990 5455 3104 5505; x_wconf 90' lang='lat' dir='ltr'><strong>cap.</strong></span> <span class='ocrx_word' id='word_1_849' title='bbox 3127 5439 3212 5498; x_wconf 75' lang='lat' dir='ltr'><strong>l5.</strong></span> 
     </span>
    </p>
   </div>
   <div class='ocr_carea' id='block_1_117' title="bbox 1667 5521 3215 5590">
    <p class='ocr_par' dir='ltr' id='par_1_117' title="bbox 1667 5521 3215 5590">
     <span class='ocr_line' id='line_1_117' title="bbox 1667 5521 3215 5590; baseline 0.006 -18"><span class='ocrx_word' id='word_1_850' title='bbox 1667 5521 1754 5577; x_wconf 87' lang='lat' dir='ltr'><strong>tit.</strong></span> <span class='ocrx_word' id='word_1_851' title='bbox 1792 5522 1844 5585; x_wconf 71' lang='lat' dir='ltr'><strong>i,</strong></span> <span class='ocrx_word' id='word_1_852' title='bbox 1876 5523 1968 5574; x_wconf 87' lang='lat' dir='ltr'><strong>lib.</strong></span> <span class='ocrx_word' id='word_1_853' title='bbox 2008 5539 2080 5586; x_wconf 87' lang='grc' dir='ltr'><strong>ιν,</strong></span> <span class='ocrx_word' id='word_1_854' title='bbox 2116 5521 2397 5590; x_wconf 88' lang='lat' dir='ltr'><strong>prohibet,</strong></span> <span class='ocrx_word' id='word_1_855' title='bbox 2431 5539 2536 5577; x_wconf 90' lang='lat' dir='ltr'><strong>non</strong></span> <span class='ocrx_word' id='word_1_856' title='bbox 2565 5527 2742 5582; x_wconf 89' lang='lat' dir='ltr'><strong>solum</strong></span> <span class='ocrx_word' id='word_1_857' title='bbox 2774 5532 3051 5585; x_wconf 66' lang='lat' dir='ltr'><strong>mulierem</strong></span> <span class='ocrx_word' id='word_1_858' title='bbox 3101 5545 3215 5582; x_wconf 86' lang='lat' dir='ltr'><strong>ma-</strong></span> 
     </span>
    </p>
   </div>
   <div class='ocr_carea' id='block_1_118' title="bbox 1667 5603 3212 5680">
    <p class='ocr_par' dir='ltr' id='par_1_118' title="bbox 1667 5603 3212 5680">
     <span class='ocr_line' id='line_1_118' title="bbox 1667 5603 3212 5680; baseline 0.007 -13"><span class='ocrx_word' id='word_1_859' title='bbox 1667 5629 1796 5667; x_wconf 88' lang='lat' dir='ltr'><strong>nere</strong></span> <span class='ocrx_word' id='word_1_860' title='bbox 1860 5616 1910 5664; x_wconf 91' lang='lat' dir='ltr'><strong>in</strong></span> <span class='ocrx_word' id='word_1_861' title='bbox 1955 5615 2192 5665; x_wconf 84' lang='lat' dir='ltr'><strong>virorum</strong></span> <span class='ocrx_word' id='word_1_862' title='bbox 2253 5618 2604 5680; x_wconf 80' lang='lat' dir='ltr'><strong>monasterio,</strong></span> <span class='ocrx_word' id='word_1_863' title='bbox 2656 5622 2739 5674; x_wconf 81' lang='lat' dir='ltr'><strong>vel</strong></span> <span class='ocrx_word' id='word_1_864' title='bbox 2799 5603 2986 5674; x_wconf 85' lang='lat' dir='ltr'><strong>contra</strong></span> <span class='ocrx_word' id='word_1_865' title='bbox 3033 5636 3047 5671; x_wconf 88' lang='lat'><strong>:</strong></span> <span class='ocrx_word' id='word_1_866' title='bbox 3120 5624 3212 5678; x_wconf 83' lang='lat' dir='ltr'><strong>sed</strong></span> 
     </span>
    </p>
   </div>
   <div class='ocr_carea' id='block_1_119' title="bbox 1666 5704 3213 5780">
    <p class='ocr_par' dir='ltr' id='par_1_119' title="bbox 1666 5704 3213 5780">
     <span class='ocr_line' id='line_1_119' title="bbox 1666 5704 3213 5780; baseline 0.005 -21"><span class='ocrx_word' id='word_1_867' title='bbox 1666 5709 1830 5759; x_wconf 84' lang='lat' dir='ltr'><strong>etiam</strong></span> <span class='ocrx_word' id='word_1_868' title='bbox 1886 5704 2112 5774; x_wconf 86' lang='lat' dir='ltr'><strong>omnino</strong></span> <span class='ocrx_word' id='word_1_869' title='bbox 2180 5707 2232 5760; x_wconf 91' lang='lat' dir='ltr'><strong>in</strong></span> <span class='ocrx_word' id='word_1_870' title='bbox 2307 5708 2477 5776; x_wconf 79' lang='lat' dir='ltr'><strong>ipsum</strong></span> <span class='ocrx_word' id='word_1_871' title='bbox 2533 5711 2736 5780; x_wconf 82' lang='lat' dir='ltr'><strong>ingredi</strong></span> <span class='ocrx_word' id='word_1_872' title='bbox 2795 5727 3114 5780; x_wconf 85' lang='lat' dir='ltr'><strong>quacunque</strong></span> <span class='ocrx_word' id='word_1_873' title='bbox 3146 5714 3213 5767; x_wconf 85' lang='lat' dir='ltr'><strong>de</strong></span> 
     </span>
    </p>
   </div>
   <div class='ocr_carea' id='block_1_120' title="bbox 1668 5796 3209 5870">
    <p class='ocr_par' dir='ltr' id='par_1_120' title="bbox 1668 5796 3209 5870">
     <span class='ocr_line' id='line_1_120' title="bbox 1668 5796 3209 5870; baseline 0.005 -22"><span class='ocrx_word' id='word_1_874' title='bbox 1668 5812 1854 5851; x_wconf 88' lang='lat' dir='ltr'><strong>causa.</strong></span> <span class='ocrx_word' id='word_1_875' title='bbox 1888 5796 2022 5849; x_wconf 77' lang='lat' dir='ltr'><strong>Nota</strong></span> <span class='ocrx_word' id='word_1_876' title='bbox 2057 5813 2187 5867; x_wconf 81' lang='lat' dir='ltr'><strong>ergo</strong></span> <span class='ocrx_word' id='word_1_877' title='bbox 2212 5816 2475 5854; x_wconf 89' lang='lat' dir='ltr'><strong>eanonem</strong></span> <span class='ocrx_word' id='word_1_878' title='bbox 2509 5805 2601 5870; x_wconf 87' lang='lat' dir='ltr'><strong>qui</strong></span> <span class='ocrx_word' id='word_1_879' title='bbox 2635 5802 2804 5864; x_wconf 84' lang='lat' dir='ltr'><strong>dicit,</strong></span> <span class='ocrx_word' id='word_1_880' title='bbox 2855 5804 2997 5870; x_wconf 87' lang='lat' dir='ltr'><strong>quod</strong></span> <span class='ocrx_word' id='word_1_881' title='bbox 3045 5821 3209 5867; x_wconf 74' lang='lat' dir='ltr'><strong>neque</strong></span> 
     </span>
    </p>
   </div>
   <div class='ocr_carea' id='block_1_121' title="bbox 1626 5889 3200 5962">
    <p class='ocr_par' dir='ltr' id='par_1_121' title="bbox 1626 5889 3200 5962">
     <span class='ocr_line' id='line_1_121' title="bbox 1626 5889 3200 5962; baseline 0.006 -21"><span class='ocrx_word' id='word_1_882' title='bbox 1626 5935 1630 5940; x_wconf 90' lang='lat'><strong>.</strong></span> <span class='ocrx_word' id='word_1_883' title='bbox 1667 5889 1860 5943; x_wconf 85' lang='lat' dir='ltr'><strong>ancilla</strong></span> <span class='ocrx_word' id='word_1_884' title='bbox 1889 5905 2062 5960; x_wconf 86' lang='lat' dir='ltr'><strong>nequc</strong></span> <span class='ocrx_word' id='word_1_885' title='bbox 2095 5892 2258 5946; x_wconf 85' lang='lat' dir='ltr'><strong>libera</strong></span> <span class='ocrx_word' id='word_1_886' title='bbox 2287 5894 2443 5948; x_wconf 85' lang='lat' dir='ltr'><strong>debet</strong></span> <span class='ocrx_word' id='word_1_887' title='bbox 2465 5909 2584 5949; x_wconf 89' lang='lat' dir='ltr'><strong>cum</strong></span> <span class='ocrx_word' id='word_1_888' title='bbox 2616 5894 2873 5962; x_wconf 86' lang='lat' dir='ltr'><strong>cpisc0po</strong></span> <span class='ocrx_word' id='word_1_889' title='bbox 2908 5895 2987 5950; x_wconf 86' lang='lat' dir='ltr'><strong>vel</strong></span> <span class='ocrx_word' id='word_1_890' title='bbox 3021 5913 3200 5950; x_wconf 82' lang='lat' dir='ltr'><strong>mona-</strong></span> 
     </span>
    </p>
   </div>
  </div>
