3988 6352
91 412 238 476 ’985

1115 410 1198 471 IN
1222 409 1385 471 CAN.
1410 365 1549 469 xxx
1586 409 1777 470 couc
1842 416 1947 474 vn
1984 416 2331 485 uacuum
2407 435 2417 448 ε

3232 420 3332 482 986

116 526 310 588 ἄλλως
331 525 438 578 ἀπὸ
468 524 654 594 φήμης
677 522 834 577 τινῶν
856 522 888 592 ἢ
917 521 1008 574 καὶ
1032 523 1150 585 ἐνὸς
1180 522 1405 592 ἀκούσῃ,
1437 524 1555 575 τότε
1579 524 1675 572 εἰσι

1799 533 1854 575 et
1913 531 2279 596 patriarcham
2333 533 2695 590 delictum‘in
2751 535 3079 588 monasterio
3130 533 3329 588 factum

118 613 439 677 ελεύσεται,
487 613 563 674 ὡς
610 614 845 682 εἴρηται,
896 612 990 664 καὶ
1039 615 1317 681 ἐρευνήσει
1364 613 1432 665 τὰ
1483 611 1688 680 ψυχικὰ

123 707 455 774 σφάλματα,
501 705 600 756 κᾶν
636 705 710 773 μὴ
756 707 783 757 ὁ
833 705 1001 756 εἰπὼν
1045 705 1303 773 βούληται
1358 706 1687 758 ὑπεισελθεῖν

121 799 327 864 ἀγῶνα
385 798 731 861 ἀποδείξεως.
779 797 836 849 '0
884 797 993 864 γὰρ
1046 797 1366 866 Χριστιανὸς
1404 797 1685 866 ἄνθρωπος

120 890 298 957 χρέος
332 889 464 958 ἔχει,
492 890 618 941 ὅταν
649 906 701 940 τι
739 889 946 962 ἀκούσῃ
978 890 1267 954 γενόμενον
1296 890 1561 955 ἐναντίον,
1597 890 1686 940 λέ-

120 995 251 1041 γειν
277 979 435 1029 τοῦτο
457 977 533 1048 τῷ
556 977 717 1044 κοινῷ
747 979 1097 1047 πνευματικῷ
1116 980 1287 1047 Πατρὶ
1305 981 1394 1032 καὶ
1418 982 1679 1050 ἀρχιερεῖ.

125 1071 298 1132 Ἴσως
325 1072 382 1124 δὲ
425 1074 484 1124 οὺ
528 1073 601 1141 μὴ
659 1072 903 1140 βούλεται
955 1075 1288 1126 ὐπεισελθεῖν
1357 1077 1472 1128 τὸν»
1495 1076 1681 1141 ἀγῶνα

117 1157 318 1209 τοῦτον
339 1174 354 1188 °
386 1161 478 1211 καὶ
525 1159 584 1211 τὸ
614 1161 1118 1225 καταλιμπάνεσθαι
1157 1163 1244 1215 διὰ
1275 1164 1373 1233 τὴν
1428 1165 1680 1233 τοιαύτην

118 1251 311 1309 αἰτίαν
345 1253 415 1304 τὰ
444 1253 650 1322 ψυχικὰ
679 1257 884 1324 σφάλμς
908 1274 967 1306 τα
990 1259 1358 1328 ἀνεπιτήρ’ς,τα
1389 1259 1480 1310 καὶ
1506 1261 1536 1309 εὶ
1559 1260 1682 1329 ἰόρ-

117 1342 298 1407 θωτα,
335 1346 450 1399 ἔστι
474 1345 632 1399 τοῦτο
675 1349 883 1416 πάντη(
913 1367 1095 1413 τοπον,
1132 1352 1355 1420 μηδενὸς
1404 1352 1679 1422 ἐγγράφου

115 1437 452 1506 οἰουδήτινος
477 1438 758 1507 βασιλικοῦ
798 1444 829 1510 ἧ
861 1460 886 1493 τ
905 1444 1252 1512 ατριαρχικοῦ
1282 1445 1577 1506 κωλύοντος
1603 1448 1680 1509 είς

117 1527 303 1578 τοῦτο.
331 1527 476 1596 Πλὴν
506 1529 571 1580 τὰ
611 1534 882 1602 μοναστήρ
907 1550 948 1584 ,α
993 1533 1257 1600 ὀφείλουσι
1309 1533 1679 1602 διατηρεῖσοαι

120 1618 534 1688 ἁκαινοτόμητα
563 1620 622 1672 ἐν
643 1622 758 1683 ταῖς
779 1623 866 1691 ἐρε
907 1640 1024 1685 ναις
1047 1622 1153 1675 τῶν
1183 1624 1259 1676 ἀπ
1280 1624 1676 1691 ιστελλομένων,

120 1709 400 1776 μηδεμιᾶς
455 1709 707 1763 ἐντεῦθεν
755 1710 881 1772 διδοῖ
911 1712 1041 1780 ἑνης
1093 1712 1357 1781 Band-1c.
1405 1714 1538 1768 ⁷”ότε
1569 1715 1677 1783 γὰρ

118 1801 218 1850 καὶ
250 1801 283 1868 ἠ
318 1801 601 1870 διόρθωσις
627 1803 734 1855 τῶν
781 1803 1029 1871 ψυχικῶν
1077 1804 1406 1873 σφαλμάτων
1439 1806 1675 1868 εὐκόλως

118 1896 220 1945 σὺν
249 1893 370 1964 Θεῷ
399 1896 705 1964 γενήσεται.
753 1897 955 1950 Ἐπὶ·δὲ
1007 1917 1070 1965 γε
1105 1901 1214 1962 τοῖς
1268 1901 1386 1954 κατ’
1440 1901 1679 1952 ἐπίδοσιν

114 1983 322 2038 δοθεῖσι
372 1988 758 2057 μοναστηρίοις
819 1990 914 2043 καὶ
962 1991 1088 2043 κατ’
1126 1992 1440 2062 ἐφορείανῆ
1476 1993 1680 2043 οἰκονο-

121 2078 277 2145 μίαν,
315 2079 349 2148 ἢ
409 2081 686 2142 παντελῶς
739 2082 1071 2152 ἐλευθερίαν,
1119 2084 1180 2135 οὐ
1225 2084 1385 2149 μόνον
1441 2083 1508 2134 τὰ
1545 2081 1682 2136 ἄλλα

112 2169 322 2236 ψυχικὰ
353 2171 643 2238 σφάλματα
672 2173 1011 2242 ἐπιζητήσει,
1036 2173 1170 2227 ἀλλὰ
1195 2174 1288 2227 καὶ
1310 2176 1358 2227 εί
1381 2173 1680 2241 κατελύθη-

118 2275 244 2323 σαν,
275 2261 308 2329 ἧ
343 2261 703 2314 καταλύονται
739 2263 982 2330 μερικῶς
1028 2261 1060 2332 ἢ
1117 2262 1346 2315 καθόλου
1397 2263 1546 2331 παρὰ
1572 2257 1680 2314 τῶν

117 2349 397 2404 λαϐόντων
419 2351 593 2406 ταῦτα
614 2369 630 2384 ’
669 2355 760 2406 καὶ
790 2354 839 2406 εί
874 2356 1112 2424 εὑρήσει
1139 2355 1294 2416 τινὰς
1335 2355 1590 2422 μειώσεις
1621 2355 1679 2406 ἐν

116 2439 304 2502 αὐτοῖς
353 2443 664 2510 γινομένας,
710 2445 1116 2512 καταναγκάσει
1155 2445 1279 2504 τοὺς
1308 2444 1478 2496 ταῦτα
1524 2443 1680 2496 κατέ-

117 2548 316 2601 χοντας
337 2534 710 2605 ἁποκαθιστᾷν
742 2536 955 2599 ταῦτα,
989 2512 1172 2597 καθὼς
1209 2535 1556 2606 παρέλαϐον,
1584 2538 1677 2588 καὶ

116 2622 262 2673 κατὰ
284 2622 383 2693 τὴν
415 2623 676 2693 εὐπορίαν
705 2625 797 2677 τοῦ
829 2626 1190 2694 μοναστηρίου
1219 2643 1232 2657 ·
1270 2624 1407 2692 πλὴν
1431 2623 1518 2678 ἐπ’
1539 2626 1679 2677 ἐκεί-

116 2729 232 2775 νοις
265 2717 379 2778 τοῖς
424 2715 614 2777 ἐνδεῶς
649 2716 831 2785 ἔχουσι
886 2719 1021 2786 πρὸς
1052 2719 1152 2788 τὴν
1197 2719 1528 2771 κατάστασιν
1557 2719 1680 2772 καθ’

116 2805 186 2874 ῆν
236 2803 410 2859 ταῦτα
439 2805 794 2875 ’παρέλαϐον’
838 2809 905 2860 τὰ
973 2809 1031 2860 δέ
1077 2825 1140 2874 γε
1188 2806 1544 2877 βελτιωθέντα
1584 2809 1683 2876 καί.¹

119 2895 523 2966 ὲπαυξηθέντα,
565 2899 745 2962 καλῶς
797 2899 1010 2970 ἔχοντα,
1062 2901 1161 2952 οὐκ
1196 2900 1674 2967 ἐλαττωθήσονται,

117 2986 251 3040 ἀλλὰ
283 2990 539 3056 μένουσιν
579 2991 653 3052 ὡς
685 2992 918 3061 ἔχουσιν.
953 2994 1012 3044 Oi
1033 2992 1088 3045 δὲ
1124 2994 1244 3044 κατ’
1272 2993 1524 3060 ἐφορείαν
1557 3009 1678 3043 και-

121 3080 278 3149 ρικὴν
306 3083 400 3135 καὶ
429 3082 621 3151 ἑτέραν
660 3085 972 3168 οἰκονομίαν
1010 3085 1296 3137 ἐκδοθέντα
1335 3083 1673 3152 κατέχοντες,

1792 624 2116 686 pervenerit,
2156 626 2273 679 sive
2322 626 2519 695 alioqui
2563 643 2631 682 ex
2664 626 2822 685 J'ama
2880 628 3210 695 aliquorum,
3248 627 3328 676 vel

1788 713 1948 766 etiam
1982 715 2141 770 unius
2171 719 2461 788 audiverit,
2493 729 2646 784 tunc,
2686 729 2742 772 ut
2779 720 2985 774 dictum
3020 728 3125 780 est,
3154 721 3328 786 ingre-

1787 803 1991 868 dietur,
2025 818 2076 860 et
2129 811 2563 876 perscrutabitur
2618 811 2813 864 delicta
2852 810 3063 869 animae,
3090 808 3325 860 etiamsi

1787 895 1832 948 is
1886 899 1977 965 qui
2040 898 2193 960 dixit,
2253 902 2391 970 nolit
2445 903 2627 956 subire
2686 877 3324 969 probaudfpericulum.

1787 986 1958 1041 Homo
1988 992 2128 1043 enim
2162 991 2534 1056 Christianus,
2563 994 2781 1060 quando
2816 993 3017 1062 aliquid
3046 1007 3153 1046 non
3183 1000 3328 1044 recte

1787 1079 1989 1134 factum
2025 1084 2308 1145 audiverit,
2358 1085 2520 1140 debet
2574 1087 2675 1139 hoc
2709 1086 2885 1139 dicere
2909 1085 3182 1138 communi
3223 1082 3328 1148 spi-

1784 1173 1966 1227 rituali
1996 1175 2149 1229 Patri
2192 1185 2244 1230 et
2280 1170 2550 1237 antistiti;
2570 1175 2830 1238 Fortasse
2860 1183 3040 1230 autem
3082 1191 3190 1231 non
3214 1175 3328 1226 vult

1781 1262 1882 1315 hoc
1903 1264 2084 1319 subire
2114 1267 2451 1343 periculum;
2484 1282 2542 1336 ει
2568 1275 2770 1344 propter
2789 1265 3054 1337 ejusmodi
3082 1281 3325 1328 causam,

1784 1355 1978 1409 delicta
2012 1358 2205 1411 animae
2234 1360 2597 1435 inobsenau
2616 1368 2663 1413 et
2695 1359 3002 1413 incorrecta
3021 1356 3330 1428 relinquere

1784 1455 1866 1500 est
1905 1449 2060 1501 valde
2090 1448 2400 1515 absurdum,
2439 1473 2593 1526 "una
2615 1463 2944 1518 quocunque
2991 1447 3193 1516 scripto
3224 1448 3330 1499 im-

1784 1540 2060 1609 peratorio
2105 1541 2189 1593 vel
2238 1539 2589 1609 patriarcnali
2643 1542 2747 1593 hoc
2803 1538 3154 1608 prohibente.
3220 1537 3327 1592 Sed

1787 1635 2122 1686 monasteria
2148 1634 2364 1703 quidem
2389 1633 2586 1687 debent
2604 1647 2711 1685 non
2736 1632 2984 1685 innovate
3012 1629 3327 1686 conservari

1787 1723 1843 1777 in
1879 1718 2407 1804 per'scrutati‘onibus
2440 1741 2624 1778 eorum
2653 1718 2768 1792 'qui
2805 1704 3113 1786 mittuntur,
3165 1725 3328 1776 nullis

1789 1816 1986 1872 exinde
2034 1818 2172 1871 datis
2221 1819 2557 1886 sumptibus.
2605 1815 2762 1870 Tunc
2809 1815 2951 1868 enim
2998 1814 3191 1867 anima:
3230 1815 3327 1867 dc-

1785 1907 2038 1964 lictorum
2090 1908 2360 1962 correctio
2405 1907 2584 1970 facile,
2623 1909 2667 1961 si
2722 1908 2863 1961 Deus
2907 1907 3076 1967 volet,
3123 1905 3233 1959 (iet.
3266 1905 3324 1957 In

1783 2000 2130 2054 monasteriis
2163 2009 2343 2054 autem
2378 2015 2494 2071 quae
2525 1999 2589 2051 ad
2627 1998 3042 2062 incrementum,
3083 2006 3137 2051 et
3184 1999 3326 2068 regi-

1782 2107 1906 2145 men
1936 2093 2046 2144 sive
2075 2092 2629 2154 administrationem,
2661 2099 2756 2144 aut
2783 2090 3002 2145 omnino
3025 2090 3324 2143 libertatem

1782 2185 1905 2238 data
1942 2193 2090 2247 sunt,
2121 2199 2232 2236 non
2267 2184 2440 2236 solum
2478 2185 2584 2236 alia
2615 2185 2808 2237 animm
2834 2184 3031 2238 delicta
3058 2184 3324 2252 jnquiret,

1782 2278 1875 2333 sed
1906 2281 2069 2332 etiam
2108 2295 2172 2332 an
2220 2280 2477 2333 dissoluta
2528 2279 2659 2340 sint”,
2713 2279 2798 2331 vel
2848 2277 3220 2332 dissolvantur
3272 2279 3324 2329 in

1782 2382 1934 2439 parte
1960 2372 2042 2425 vel
2070 2372 2122 2424 in
2156 2372 2466 2426 universum
2501 2370 2567 2424 ab
2599 2371 2685 2434 iis,
2722 2369 2814 2438 qui
2844 2383 2905 2423 ea
2944 2383 3201 2436 accepere
3233 2377 3324 2422 :et

1781 2462 1826 2515 si
1859 2461 2098 2515 inveniet
2126 2462 2179 2514 in
2212 2461 2279 2515 iis
2308 2461 2522 2530 aliquas
2558 2460 2671 2512 ﬁeri
2712 2459 3138 2516 imminutiones.
3169 2466 3327 2526 coget

1779 2555 2084 2610 detinentes
2107 2570 2167 2609 ea
2192 2555 2497 2614 restituere,
2529 2551 2982 2622 quemadmodum
3041 2566 3322 2620 accepere,

1781 2657 1834 2703 et
1870 2648 2171 2702 secundum
2204 2647 2516 2700 monasterii
2563 2645 2912 2710 facultatem;
2964 2643 3055 2696 sed
3104 2642 3157 2695 in
3221 2641 3325 2695 illis

1780 2740 2024 2808 quidem,
2074 2739 2167 2805 qui
2223 2747 2442 2804 propter
2495 2736 2731 2805 inopiam
2791 2751 2898 2788 non
2955 2734 3229 2789 sufﬁciunt
3256 2733 3321 2785 ad

1779 2841 1977 2882 statum
2002 2832 2053 2880 in
2075 2844 2181 2896 quo
2206 2842 2266 2880 ea
2301 2841 2556 2895 accepere
2581 2843 2594 2889 ;
2627 2809 2747 2895 quae
2779 2834 2904 2878 sunt
2928 2835 3106 2878 autem
3131 2822 3321 2878 eﬂccta

1779 2922 2004 2974 meliora
2032 2929 2086 2974 et
2116 2927 2301 2985 aucta,
2337 2934 2457 2973 cum
2489 2925 2636 2971 recte
2665 2932 2724 2971 se
2759 2916 3012 2981 habeant,
3062 2931 3168 2969 non
3227 2917 3324 2968 mi.

1779 3026 2044 3075 nitentur,
2082 3013 2172 3067 sed
2210 3012 2507 3065 manebunt
2551 3017 2610 3063 ut
2642 3024 2700 3064 se
2729 3009 2950 3063 habent.
2990 3007 3092 3072 Qui
3143 3015 3319 3061 autem

1779 3124 1842 3160 ea
1877 3109 2142 3170 detinent,
2183 3121 2301 3174 qua:
2335 3111 2461 3157 sunt
2492 3102 2599 3156 illis
2636 3100 2859 3165 tradita,
2892 3110 2952 3154 ut
2985 3099 3222 3168 regimen
3268 3109 3322 3152 et

122 3173 215 3224 καὶ
245 3174 758 3242 καταλυμηνάμενοι
810 3176 1002 3239 ταῦτα,
1044 3176 1091 3226 εί
1131 3176 1204 3244 μὴ
1244 3176 1517 3244 βούλονται
1541 3178 1672 3229 ἀπο-

1782 3200 2308 3253 administrationem
2373 3197 2437 3249 ad
2479 3204 2712 3264 tempus
2766 3194 3099 3262 suscipiant,
3143 3202 3196 3245 et
3242 3193 3322 3246 eis

121 3259 378 3334 καθιστᾷν
408 3267 576 3319 ταῦτα
603 3268 681 3328 είς
715 3267 742 3318 ὃ
791 3265 1097 3336 παρέλαϐον
1141 3267 1344 3336 σχῆμα,
1381 3268 1466 3318 ἵνα
1511 3259 1674 3332 ἀφαιέ

124 3357 341 3421 ρῶνται,
373 3358 447 3427 μὴ
487 3357 852 3427 ὠφελούμενοι
877 3358 971 3425 ἀφ’
1002 3351 1075 3410 ὧν
1117 3357 1330 3426 ἔχουσιν
1361 3359 1672 3426 ἐγγράφων,

123 3449 450 3518 προθεσμίας
477 3449 756 3520 διδομένης
787 3450 969 3513 αὐτοῖς
999 3450 1360 3520 ἁρμοζούσης.
1380 3450 1595 3512 Μεταξὺ
1619 3450 1674 3500 δὲ

121 3541 218 3606 τῆς
241 3538 575 3608 προθεσμίας
610 3541 913 3607 ὀφείλουσιν
943 3542 1339 3612 ἐπιτηρείσθαι,
1375 3543 1424 3593 εἰ
1453 3542 1672 3611 φροντί-

124 3634 302 3692 ζουσιν
330 3631 511 3699 ἔργοις
545 3632 728 3694 αὐτοῖς
775 3635 904 3698 περὶ
937 3619 1035 3700 τῆς
1070 3635 1150 3693 είς
1201 3633 1268 3706 τὺλ
1310 3620 1538 3701 ἀρχαῖον
1568 3633 1674 3691 ,αὐ-

121 3723 226 3796 τῶν
253 3723 760 3785 κα-ταστάσεως,·ὼ;
815 3724 1132 3792 δεδήλωται.
1170 3723 1300 3784 Τότε
1331 3724 1438 3792 γὰρ
1478 3725 1505 3792 ἡ
1543 3742 1674 3802 προσ

124 3813 318 3883 θεσμία
365 3815 789 3885 φυλαχθήσεται.
826 3819 887 3870 Αἱ
924 3819 978 3868 δὲ
1019 3819 1309 3884 ἀποταγαί,
1366 3806 1487 3869 ἐπεὶ
1525 3799 1674 3884 παρᾶ

124 3911 348 3968 κανόνας
374 3908 604 3960 δίδονται
626 3911 719 3960 καὶ
757 3911 1148 3977 λαμὸάνονται,
1178 3911 1494 3979 σχολάσουσι
1531 3923 1668 3960 πιν-

124 4001 286 4063 τελῶς
306 4003 414 4055 ἀπὸ
441 4003 534 4056 τοῦ
573 4002 687 4063 νῦν,
725 4005 816 4055 καὶ
843 4005 870 4056 ό
903 4006 1285 4074 εὑρισκόμενος
1314 4003 1605 4074 λαμϐάνων
1635 4005 1669 4075 ἢ

124 4093 310 4159 διδοὺς,
345 4099 393 4149 εἰ
427 4101 528 4166 μέν
569 4100 718 4150 ἐστιν
743 4097 1062 4166 ἡγούμενος,
1095 4099 1179 4150 ἵνα
1213 4099 1538 4166 ὲκδιώκηται
1568 4099 1673 4150 ἀπὸ

125 4186 220 4254 τῆς
248 4191 640 4262 ἡγουμενείας·
675 4191 723 4242 εί
761 4190 817 4240 δὲ
851 4191 1276 4258 χαριστικάριος,
1311 4189 1672 4260 ἐκδιωχθήσε-

125 4296 211 4333 ται
251 4282 358 4333 ἀπὸ
383 4283 484 4349 τῆς
521 4281 711 4350 μονῆς.
752 4284 818 4332 At
847 4282 901 4334 δὲ
936 4283 1041 4333 ἀπὸ
1086 4285 1193 4335 τῶν
1223 4283 1672 4352 προσερχομένων

128 4373 204 4436 είς
237 4374 866 4443 άπόκαρσιν,γινόμεναι
910 4368 1172 4433 ἑκουσίως
1211 4373 1304 4422 καὶ
1330 4376 1336 4383 ’
1363 4356 1503 4423 κατὰ
1539 4371 1673 4438 γνώ-

1778 3293 2036 3345 damnum
2067 3291 2321 3352 afferunt,
2353 3291 2397 3341 si
2431 3289 2606 3341 nolint
2642 3290 2694 3341 in
2747 3302 2893 3348 eum,
2951 3299 3058 3352 quo
3105 3299 3322 3351 accepe-

1779 3392 1924 3444 runt,
1963 3391 2161 3446 statum
2195 3398 2254 3433 ea
2284 3382 2592 3443 restituere,
2630 3378 2970 3440 auferantur,
3007 3392 3121 3430 nee
3155 3377 3223 3429 ab
3253 3376 3319 3428 iis

1776 3491 1896 3543 quae
1926 3475 2122 3527 habent
2151 3456 2369 3541 scriptis
2405 3471 2682 3539 juventur,
2707 3471 2787 3525 eis
2815 3470 2944 3524 dato
2974 3469 3317 3523 convenienti

1776 3570 1863 3622 die
1905 3567 2196 3636 praeﬁnito.
2225 3568 2431 3619 lnterea
2464 3573 2664 3626 autem,
2714 3563 2837 3616 dum
2879 3560 3074 3630 pendet
3129 3560 3317 3613 termi-

1779 3678 1903 3724 nus,
1946 3661 2222 3714 observari
2258 3659 2474 3718 debent,
2518 3673 2584 3710 an
2642 3655 2761 3724 ipsi.
2793 3653 2940 3722 operi
2996 3639 3061 3704 de
3098 3640 3317 3720 restitu-

1779 3753 1924 3804 tione
1963 3751 2178 3803 scilicet
2216 3750 2267 3801 in
2335 3749 2600 3815 integrum
2655 3740 2870 3806 vacent,
2928 3751 2987 3793 ut
3038 3752 3315 3794 ostensum

1777 3850 1882 3894 est.
1910 3840 2051 3893 Tum
2082 3840 2224 3891 enim
2252 3839 2411 3891 etiam
2446 3836 2712 3889 terminus
2744 3832 3070 3887 servabitur.
3094 3830 3317 3884 Renun—

1775 3934 2026 3985 tiationes
2060 3941 2273 4003 autem,
2296 3928 2553 3997 quoniam
2605 3936 2800 3994 praeter
2835 3938 3071 3977 canones
3109 3924 3309 3974 dantur

1776 4033 1827 4079 et
1860 4024 2225 4091 accipiuntur,
2257 4019 2454 4075 dehinc
2488 4022 2716 4072 omnino
2770 4020 3082 4077 cessabunt,
3118 4025 3169 4065 et
3223 4016 3312 4082 qui

1777 4116 2024 4184 accipere
2065 4113 2144 4168 vel
2178 4114 2310 4167 dare
2353 4114 2608 4164 inventus
2643 4111 2824 4171 fuerit,
2872 4109 2918 4160 si
2977 4106 3044 4159 sit
3100 4107 3314 4173 quidem

1776 4208 2090 4262 monasterii
2127 4207 2440 4275 praefectus,
2477 4217 2543 4256 ex
2592 4202 2909 4269 praefectura
2963 4199 3266 4266 expellatur
3299 4214 3311 4248 :

1777 4303 1860 4356 sin
1899 4310 2078 4353 autem
2107 4295 2537 4364 praebendarius,
2577 4314 2607 4348 e
2640 4292 2966 4348 monasterio
2996 4292 3312 4355 expelletur.

1775 4393 1904 4458 Qum
1933 4397 2111 4442 autem
2143 4387 2208 4439 ab
2242 4386 2329 4451 iis,
2364 4387 2452 4455 qui
2486 4386 2549 4439 ad
2587 4378 2869 4437 tonsuram
2899 4382 3141 4442 veniunt,
3177 4378 3310 4430 ﬁunt
3380 4398 3387 4409 ι

127 4483 233 4533 μην
261 4467 366 4518 τῶν
415 4469 829 4535 προσφερόντων
860 4460 1215 4534 προσενὲξεις
1249 4465 1671 4536 προσδεχθήσον-

1777 4482 2107 4538 οίΐθτριιιίυιιι
2139 4491 2429 4548 spontaneo
2461 4478 2735 4530 voluntate
2767 4472 3090 4534 oblationes,
3111 4470 3301 4523 'Susci-

129 4574 236 4633 ται,
270 4563 364 4612 κα)⁵
388 4559 872 4631 ἀπογραφήσονται
928 4561 986 4610 ἐν
1032 4559 1107 4628 τῷ
1134 4559 1331 4630 βρεὸίῳ
1361 4559 1456 4627 τῆς
1483 4563 1668 4630 μονῆς,

133 4653 380 4722 ιίὸήσεως
407 4633 689 4722 διὼμένῆς
712 4654 838 4721 περὶ
865 4650 974 4703 τῶν
1002 4653 1460 4722 προσφερομένων
1481 4654 1572 4707 καὶ
1597 4653 1674 4721 τῷ
1704 4686 1709 4692 -

134 4743 409 4815 ἁγιωτάτῳ
439 4744 774 4815 πατριᾶρχῃ,
801 4749 900 4799 κᾶν
925 4746 974 4795 οἱ
995 4746 1058 4797 τὰ
1099 4748 1429 4815 μοναστήρια
1460 4747 1672 4816 ἔχοντες

134 4835 487 4905 ὑπομνήματα
509 4837 800 4912 κέκτηνται
824 4837 1056 4905 περὶτοῦ
1079 4839 1372 4907 λαμΰάνειν
1393 4840 1671 4905 ἀποταγὰς

111 4930 222 4984 ..καὶ
246 4931 611 4998 προσενέξεις,
641 4931 736 4982 καὶ
781 4932 1190 5001 ἀποκερδλίνειν
1223 4931 1421 4991 ταύτας
1446 4950 1460 4963 ·
1515 4933 1671 4984 τοῦτο

135 5023 234 5093 γὰρ
258 5022 360 5074 ἀπὸ
374 5021 477 5074 ,τοῦ
520 5022 616 5076 νῦν
639 5022 839 5087 ὀφείλει
869 5022 1141 5093 σχολάσαι,
1177 5024 1267 5075 καὶ
1297 5022 1538 5089 γίνεσθαι
1575 5004 1670 5078 κα-

139 5114 238 5176 θὼς
259 5114 457 5168 ἄνωθεν
482 5116 698 5182 εἴρηται
724 5131 738 5144 ·
779 5113 913 5173 ἀλλὰ
953 5117 1041 5168 καὶ
1059 5095 1122 5167 ἀί
1155 5116 1450 5186 σωζόμεναι
1479 5136 1672 5188 προσε-

139 5210 300 5274 νίξεις
323 5214 418 5264 οὑκ
443 5209 751 5279 ὀφείλουσιν
792 5190 1148 5280 ὲκποιηθῆναι
1189 5214 1254 5280 τῇ
1308 5196 1526 5281 ἀφορμῇ
1563 5215 1668 5266 τῶν

140 5301 553 5371 ὑπομνημάτων.
595 5302 662 5355 Ἥ
690 5303 872 5368 μέντοι
901 5301 1116 5370 φροντὶς
1144 5301 1203 5352 οὐ
1237 5302 1393 5369 μόνον
1435 5303 1542 5370 τῶν
1568 5305 1668 5371 ψυ-

139 5389 238 5459 χῶν
262 5387 366 5445 τῶν
398 5390 670 5462 μοναχῶν,
699 5390 833 5443 ἀλλὰ
868 5392 960 5442 καὶ
997 5391 1175 5444 αὐτῶν
1219 5391 1329 5442 τῶν
1367 5397 1661 5462 κοσμικών,

140 5479 214 5559 τῷ
251 5481 530 5553 ἁγιωτάτῳ
564 5473 873 5553 πατριάρχῃ
909 5483 1208 5536 ἐπίκειται·
1243 5483 1334 5533 καὶ
1371 5485 1495 5534 ὅταν
1543 5484 1665 5538 0εά-

145 5569 290 5636 σηταί
319 5588 437 5625 τινα
464 5573 572 5624 τῶν
595 5575 873 5641 κοσμικὼν
894 5573 1130 5641 διφῶντα
1151 5575 1247 5642 τὴν
1263 5573 1465 5626 οἰκείαν
1489 5593 1662 5642 σωτηι

150 5663 278 5729 ρίαν,
318 5665 428 5725 πῶς
473 5665 745 5734 ἐνδέχεται
797 5668 882 5718 ἵνα
916 5666 1192 5735 κωλύηται
1228 5667 1320 5718 τοῦ
1359 5668 1576 5718 τάσσειν
1606 5671 1662 5721 ἐν

147 5760 204 5823 τῇ
237 5759 361 5826 μονῇ
387 5755 475 5808 ἐπὶ
495 5758 730 5825 ψυχικῆς
763 5761 1028 5827 σωτηρίας
1056 5759 1148 5808 τοῦ
1179 5761 1609 5826 προσερχομένου
1642 5785 1654 5825 ;

152 5845 286 5908 Ἕξει
353 5846 457 5914 γὰρ
510 5846 781 5901 ἀκώλυτον
829 5851 854 5899 ὁ
899 5833 1194 5913 ἁγιώτατος
1234 5849 1564 5918 πατριάρχης
1598 5859 1652 5906 τὸ

1777 4574 1992 4642 pientur
2027 4579 2078 4624 et
2119 4571 2498 4624 describentur
2546 4567 2600 4617 in
2659 4562 2928 4617 breviario
2979 4557 3310 4616 monasterii,

1772 4665 1840 4730 de
1869 4666 1932 4718 iis
1960 4679 2079 4731 quae
2109 4662 2410 4716 offeruntur
2435 4659 2598 4711 etiam
2620 4657 2966 4711 sanctissimo
2996 4650 3312 4721 patriarcha:

1772 4759 2083 4826 cognitione
2120 4755 2241 4806 data
2266 4767 2280 4816 ;
2305 4749 2525 4819 etiamsi
2557 4743 2886 4802 monasteria
2929 4750 3167 4798 tenentes
3212 4741 3312 4793 do-

1773 4836 2293 4901 cumentahabeant
2320 4840 2387 4893 de
2438 4840 2774 4910 accipiendis
2816 4831 3311 4890 renuntiationibus

1771 4951 1824 4994 et
1848 4933 2233 4994 oblationibus,
2280 4941 2331 4985 et
2378 4933 2443 4986 iis
2493 4912 2896 4986 lucrifacien’dis
2951 4941 2968 4978 ε
3019 4924 3121 4976 hoc
3165 4922 3307 4976 enim

1769 5040 1984 5084 cessare
2009 5040 2151 5079 nunc
2192 5023 2368 5088 debet,
2401 5033 2454 5077 et
2484 5024 2594 5077 ﬁeri
2627 5014 3085 5088 quemadmodum
3133 5028 3300 5081 δυνος

1768 5124 1885 5178 rius
1918 5119 2118 5173 dictum
2149 5129 2263 5182 est;
2295 5118 2395 5172 sed
2423 5116 2581 5169 etiam
2621 5119 2846 5164 servatae
2869 5107 3173 5162 oblationes
3198 5121 3306 5159 non

1767 5211 1966 5265 debent
2026 5212 2243 5263 alienari
2307 5211 2568 5276 praetextu
2620 5204 3089 5274 documentorum.
3140 5197 3307 5250 Porro

1767 5297 1948 5359 autem
1986 5318 2092 5354 non
2128 5301 2299 5354 solum
2355 5311 2484 5350 cura
2541 5293 2845 5346 animarum
2890 5291 3304 5348 monachorum,

1766 5394 1860 5448 sed
1889 5395 2128 5464 ipsorum
2161 5390 2323 5442 etiam
2357 5386 2723 5446 seecularium,
2756 5385 3023 5438 incumbit
3061 5379 3293 5436 sanctis-

1765 5489 1900 5541 simo
1928 5485 2242 5552 patriarchae
2276 5497 2288 5530 :
2339 5489 2392 5532 et
2425 5479 2641 5547 quando
2690 5478 2884 5532 viderit
2917 5477 3147 5543 aliquem
3195 5485 3299 5523 sa:—

1764 5577 2029 5632 cularium
2085 5573 2357 5625 sitientem
2393 5570 2665 5638 propriam
2723 5570 2971 5628 Salutem,
3026 5562 3296 5630 quomodo

1764 5668 2038 5734 continget
2065 5662 2336 5730 prohiberi
2375 5665 2662 5731 quominus
2704 5662 2757 5714 in
2805 5655 3290 5713 mouasterimcum

1714 5757 1717 5760 ’
1763 5764 2008 5821 collocct,
2035 5758 2097 5808 ad
2129 5757 2357 5809 salutem
2387 5756 2577 5808 animae
2604 5754 2720 5821 ejus
2748 5752 2838 5818 qui
2875 5748 3112 5803 accedit?
3144 5746 3289 5800 Citra

1771 5858 1935 5910 ullum
1973 5854 2111 5904 enim
2146 5850 2582 5918 impedimentqu
2607 5844 2948 5898 sanctissimo
2975 5842 3290 5913 patriarcha:
