3988 6352
1298 312 1324 333 ι

616 410 714 475 991

1867 411 2147 475 THEOD.
2190 411 2590 475 BALSAMON

694 546 710 566 -
753 526 970 592 guiarcs
1005 520 1239 579 feminas
1266 523 1611 587 deferuntur.
1643 534 1796 582 extra
1821 538 2034 598 portam
2058 528 2174 580 tunc

2353 545 2371 575 ι
2409 524 2655 595 ἀνδρείου
2715 522 2914 594 μέρους
2963 523 3099 593 πρὸς
3140 522 3239 586 τὰς
3286 522 3575 586 κανονικὰς
3628 524 3809 578 tim

692 637 708 664 ι
749 615 981 684 accipiat
1035 616 1353 671 monasterii
1399 617 1685 675 muliebris
1731 614 2007 691 praal'ecta,
2046 636 2169 675 cum

684 728 701 757 ι
742 708 919 776 aliqua
958 723 1066 762 anu
1106 710 1391 766 monacba.
1423 710 1482 767 Si
1507 720 1694 769 autem
1719 714 1939 778 eveniat
1970 722 2031 786 ut
2071 715 2173 769 ali-

694 823 708 842 -
757 815 917 867 quam
997 801 1129 856 velit
1178 810 1468 873 cognatam
1526 804 1829 859 monachus
1882 799 2172 874 aspicere,

700 912 717 941 ι
759 901 1022 959 praesente
1053 891 1308 962 praefecta
1337 910 1463 950 cum
1508 909 1573 950 ea
1610 897 1955 968 colloquatur
1979 895 2176 967 exiguo

702 1010 721 1037 α
758 995 812 1040 et
846 986 995 1040 brevi
1024 1002 1300 1052 sermone,
1342 994 1399 1041 et
1428 1001 1553 1042 mox
1584 990 1654 1046 ab
1681 1005 1745 1046 ea
1772 990 2018 1046 recedat.
2044 1007 2064 1039 ι

694 1258 885 1335 BALS.
917 1257 974 1313 ln
1004 1259 1183 1330 primo
1221 1257 1446 1330 quidem
1496 1273 1621 1326 cap.
1649 1257 1747 1338 12-
1768 1257 1852 1312 tit.
1896 1267 2181 1328 praesentis

623 1338 802 1424 operis
838 1355 1071 1411 diversa;
1099 1355 1246 1425 leges
1279 1353 1348 1409 de
1375 1354 1722 1408 monasteriis
1762 1351 1977 1409 traditae
2004 1342 2134 1407 sunt
2164 1370 2180 1408 :

630 1463 869 1515 praesens
901 1455 1080 1500 autem
1118 1460 1291 1499 canon
1324 1444 1602 1513 contituit,
1634 1460 1740 1501 non
1780 1460 1903 1502 esse
1937 1444 2181 1500 facienda

623 1542 860 1607 duplicia
897 1540 1250 1606 monasteria,
1288 1555 1359 1593 ne
1387 1538 1545 1623 multi
1598 1554 1669 1619 ex
1711 1554 1780 1596 eo
1814 1538 2180 1595 offendantur.

623 1632 901 1702 Tanquam
940 1642 1121 1687 autem
1163 1634 1366 1688 dixerit
1416 1633 1716 1704 quispiam,
1767 1633 1873 1689 hoc
1910 1648 2033 1689 esse
2080 1634 2183 1707 ho-

627 1737 838 1782 nestum
870 1736 923 1781 et
944 1727 1067 1795 jure
1114 1726 1537 1790 admittendum,
1573 1726 2014 1799 quandoquidem
2040 1744 2185 1798 quae-

626 1820 747 1871 dam
779 1820 1019 1888 suspicio
1049 1819 1306 1875 inciderit
1336 1828 1560 1890 propter
1600 1835 1864 1891 personas
1908 1836 2013 1876 non
2038 1822 2176 1875 satis

631 1913 818 1967 ﬁrmas
854 1920 908 1967 et
939 1903 1188 1986 stabiles,
1224 1912 1293 1981 (si
1347 1913 1491 1968 enim
1547 1926 1578 1965 a
1633 1912 1947 1989 suspicione
1996 1913 2179 1977 alieni,

638 2005 855 2073 cognati
892 2004 1122 2060 fortasse
1150 2006 1235 2059 vel
1268 2005 1467 2061 fratres
1506 2005 1590 2060 vel
1622 2004 1713 2061 alii
1748 2005 2041 2075 ejusmodi,
2089 2022 2185 2060 ve—

629 2101 732 2151 lint
785 2113 904 2154 esse
960 2099 1238 2165 monachi,
1272 2113 1376 2153 cur
1428 2099 1647 2154 non‘eis
1679 2099 1865 2155 licebit
1895 2100 1951 2154 in
1980 2100 2183 2170 duplici

631 2193 962 2245 monasterio
1012 2191 1343 2263 habitare?)
1404 2191 1597 2267 dicunt
1656 2186 1871 2255 Patres,
1922 2194 2068 2261 quod
2119 2210 2188 2249 ne

630 2297 759 2339 tunc
809 2286 1026 2354 quidem
1085 2296 1351 2355 cognatos
1395 2286 1560 2341 simul
1614 2286 1878 2346 habitare.
1916 2294 2182 2355 oporteat,

631 2396 697 2434 ue
738 2380 905 2447 aliqui
940 2396 1006 2435 ex
1042 2365 1517 2453 eooﬂ'endantur:
1568 2381 1665 2437 sed
1715 2383 1802 2437 vir
1854 2382 2075 2451 quidem
2132 2382 2185 2435 in

630 2476 871 2527 virorum
934 2476 1212 2543 proprium
1272 2476 1666 2531 monasterium
1732 2478 1929 2540 abeat,
1993 2476 2188 2530 mulier

630 2577 811 2620 autem
850 2566 903 2618 in
934 2565 1241 2620 mulierum.
1286 2565 1379 2620 Sic
1431 2568 1577 2629 enim
1631 2567 1875 2623 viventes
1924 2568 2186 2636 separati.

634 2660 741 2714 lleo
768 2642 977 2729 accepti
1034 2659 1297 2713 servient.
1348 2658 1480 2724 Quae
1533 2661 1685 2728 prius
1733 2670 1914 2715 autem
1974 2660 2189 2715 fuerant

629 2753 866 2821 duplicia
907 2752 1245 2806 monasteria
1288 2767 1352 2806 ex
1394 2750 1645 2805 decreto,
1680 2759 1737 2807 et
1796 2752 2188 2808 constitutiOne

578 2832 579 2839 “
631 2845 809 2911 magni
851 2844 1029 2899 Patris
1083 2843 1273 2899 Basilii
1323 2844 1695 2900 administrari
1735 2845 2045 2916 jusserunt,
2082 2846 2188 2901 sci-

632 2934 757 2989 licet
784 2942 843 2988 ut
875 2950 982 2989 non
1015 2945 1430 3001 conversentur,
1464 2936 1567 2990 hoc
1590 2948 1695 3001 est,
1731 2952 1837 2991 non
1871 2936 2186 2991 cohabitent

630 3025 730 3078 viri
794 3035 854 3079 et'
918 3026 1173 3081 mulieres
1242 3028 1295 3103 in
1332 3042 1473 3087 ,uno
1522 3029 1885 3094 monasterio;
1928 3028 2185 3097 quoniam

633 3115 880 3170 adulterii
938 3116 1199 3183 suspicio
1234 3118 1411 3171 oritur
1468 3134 1535 3172 ex
1594 3120 2022 3175 cohabitatione.
2081 3120 2184 3173 Sed

2356 614 2686 703 rpiCovrat,
2717 614 2913 683 ἔξωθεν
2938 616 3037 687 τῆς
3075 615 3248 686 πύλης
3298 616 3473 671 ταῦτα
3503 615 3809 685 λαμϐανέτω

2354 729 2372 760 ι
2410 712 2443 779 ἡ
2475 708 2752 779 ἡγουμένη
2782 709 2876 763 τοῦ
2899 711 3213 785 γυναικείου
3251 709 3636 781 μοναστηρίου,
3688 714 3807 779 μετὰ

2260 860 2268 867 _
2353 819 2373 854 ι
2410 803 2579 872 γραός
2614 800 2759 867 τινος
2785 805 3147 876 μοναστρίας·
3191 806 3244 858 εἰ
3279 805 3336 858 δὲ
3357 805 3560 879 ωμσῇ,
3583 806 3673 859 καὶ
3697 822 3813 873 συγ-

2348 910 2367 943 r
2402 893 2531 963 γενῆ
2561 909 2680 946 τινα
2722 894 2865 947 θέλει
2902 893 3246 949 θεάσασθαιὸ
3277 896 3528 967 μοναχδς,
3562 896 3656 950 ἐπὶ
3686 913 3811 969 παρ-

2356 1005 2373 1035 ι
2414 986 2572 1057 ουσία
2617 989 2716 1054 τῆς
2767 988 3082 1061 ἡγουμένης
3110 989 3279 1060 ταύτῃ
3322 987 3812 1059 προσομιλείτωδιὰ

2360 1096 2379 1131 ι
2423 1080 2638 1151 μικρῶν
2676 1081 2769 1135 καὶ
2801 1081 3047 1155 βραχέων
3084 1081 3280 1152 λόγων,
3316 1082 3413 1137 καὶ
3446 1085 3719 1155 συντόμως
3763 1082 3813 1150 ἐξ

2356 1190 2377 1222 ι
2416 1172 2586 1244 αὐτῆς
2616 1172 3066 1245 ἀπαναχωρείτω.
3104 1180 3143 1227 ι’
3204 1197 3213 1207 -

2342 1261 2541 1318 ΒΑΔΣ.
2577 1263 2664 1316 Ἐν
2718 1260 2921 1336 μὲντῷ
2954 1272 3002 1320 α’
3033 1265 3227 1333 κεφαλ.
3257 1265 3352 1320 τοῦ
3400 1266 3470 1341 ιβξ
3531 1267 3707 1322 τίτλον
3735 1268 3815 1321 τοῦ

2280 1355 2548 1425 παρόντος
2572 1356 2948 1427 συντάγματος
3009 1358 3466 1430 κατεστρώθησαν
3500 1360 3724 1432 διάφορα
3746 1361 3819 1413 νό-

2283 1466 2426 1519 μιμα
2464 1452 2623 1521 χάριν
2678 1451 2786 1527 τῶν
2840 1453 3218 1523 μοναστηρίων
3241 1472 3255 1486 ·
3284 1456 3313 1508 ὀ
3340 1454 3619 1527 δὲιπαρὼν
3653 1457 3818 1511 κανὼν

2279 1538 2571 1611 διορίζεται
2623 1541 2697 1611 μὴ
2741 1542 2987 1610 γίνεσθαι
3040 1545 3205 1601 διπλᾶ
3250 1550 3607 1619 μοναστήρια,
3642 1548 3727 1603 διὰ
3766 1549 3817 1603 τὸ

2286 1630 2361 1701 μὴ
2407 1630 2857 1695 σκανδαλίζεσθαι
2879 1637 2947 1687 ἐκ
2981 1636 3174 1691 τούτου
3198 1637 3327 1700 τοὺς
3356 1636 3603 1702 πολλούς.
3636 1637 3723 1701 Ὃς
3766 1638 3815 1693 δέ

2281 1739 2426 1785 τινος
2458 1725 2702 1790 εἰπόντος
2729 1727 2894 1780 καλὸν
2938 1740 3075 1783 ειναι
3107 1730 3200 1783 καὶ
3227 1712 3633 1800 εύπαράδεκτον
3653 1732 3811 1797 τοῦτο,

2282 1812 2411 1865 ὅταν
2441 1812 2645 1880 ύποᾲία
2679 1833 2764 1879 τις
2800 1818 3068 1892 ύποτρέχῃ
3099 1821 3186 1873 διὰ
3230 1819 3298 1875 τὰ
3322 1822 3627 1892 ἀστήρικτα
3664 1824 3814 1896 πρόσ-

2282 1920 2405 1955 ωπα
2426 1942 2444 1969 ,
2468 1903 2538 1972 (εί
2568 1905 2674 1973 γὰρ
2716 1906 3034 1969 ἀνύποπτοι,
3060 1923 3065 1926 ’
3089 1913 3371 1980 συγγενεῖς
3396 1900 3579 1982 τυχὸν,
3614 1912 3813 1981 ,ἀδελφοὶ

2240 2026 2241 2029 η
2284 1992 2825 2066 ῆὲτεροιξτοιοῦτοι,
2876 2000 3158 2070 θελήσουσι
3217 2005 3448 2074 μονάσαι
3476 2045 3492 2073 ,
3550 2004 3635 2058 ἵνα
3672 2008 3719 2060 τί
3760 2006 3812 2061 ού

2289 2086 2859 2157 παραχωρηθήσονται
2909 2093 2988 2157 είς
3018 2093 3237 2148 διπλοῦν
3266 2100 3543 2150 κατοικεῖν
3569 2100 3812 2169 μοναστή-

2288 2197 2403 2250 ριον
2426 2182 2464 2249 ;)
2534 2184 2697 2249 φασὶν
2726 2186 2775 2237 οἱ
2804 2187 3045 2257 Πατέρες
3096 2187 3171 2250 ὡς
3202 2187 3339 2240 οὐδὲ·
3356 2188 3655 2259 τηνικαῦτα
3702 2191 3812 2253 »τοὺς

2290 2275 2575 2340 συγγενεῖς
2599 2275 2718 2329 δέον
2767 2277 2887 2331 ἐστὶ
2937 2282 3228 2343 συνοικεῖν,
3281 2280 3369 2333 ἵνα
3430 2283 3505 2353 μὴ
3543 2282 3611 2337 ἐκ
3646 2281 3813 2335 τούτου

2287 2366 2676 2435 προσκόπτωσί
2699 2385 2877 2431 τινες·
2933 2371 3047 2425 ἀλλ’
3091 2372 3119 2424 ὀ
3169 2370 3269 2443 μὲν
3315 2373 3457 2446 ἀνὴρ
3514 2374 3706 2429 ἀνιέτω
3748 2376 3814 2440 εἰς

2285 2456 2493 2529 ἀνδρῶν
2540 2462 2899 2532 μοναστήριον
2955 2463 3273 2518 ίδιαίτατοψ
3306 2466 3433 2536 ήΙδὲ
3472 2466 3606 2535 γυνὴ
3633 2468 3705 2529 είς
3730 2484 3811 2533 γυ·

2287 2552 2543 2603 ναικείον.
2578 2551 2736 2605 Οὕτω
2775 2555 2883 2625 γὰρ
2929 2542 3163 2618 ζῶντες⁸
3195 2546 3610 2628 κεχωρισμένοι,
3653 2557 3813 2626 εὐαρέ-

2290 2659 2432 2703 στως
2465 2644 2812 2698 δουλεύσουσι
2839 2646 2917 2716 τῷ
2940 2647 3081 2718 Θεῷ.
3126 2648 3204 2700 Τὰ
3238 2650 3423 2718 μέντοι
3480 2650 3811 2720 προγεγονότα

2288 2733 2452 2786 διπλᾶ
2509 2736 2841 2806 μοναστήρια
2902 2739 3375 2807 παρεκελεύσαντο
3446 2739 3812 2804 πολιτεύεσθαι,

2289 2826 2432 2880 κατὰ
2474 2829 2565 2881 τὸν
2607 2831 2834 2899 ὁρισμὸν
2876 2834 2970 2885 καὶ
3010 2831 3107 2904 τὴν
3150 2831 3413 2901 διαταγὴν
3463 2833 3559 2885 τοῦ
3606 2833 3813 2905 μεγάλου

2289 2922 2503 2993 Πατρδς
2531 2923 2835 2991 Βασιλείου,
2875 2926 3043 2995 ἤγουν
3080 2925 3159 2993 μὴ
3213 2926 3633 2988 συνδιαιτᾶσθαι,
3686 2939 3811 2977 τουτ-

2289 3015 2405 3068 έστι
2429 3016 2505 3085 μὴ
2536 3018 2799 3068 συνοικεῖν
2856 3017 3052 3083 ἄνδρας
3082 3017 3179 3069 καὶ
3215 3020 3480 3085 γυναῖκας
3538 3020 3595 3071 ἐν
3624 3016 3700 3069 ἐνὶ
3737 3030 3814 3085 μο-

2294 3110 2608 3177 ναστηρίῳο
2646 3109 2726 3161 ὅτι
2770 3108 2971 3178 ὑποψία
3023 3110 3139 3163 ἐστὶ
3179 3110 3422 3180 μοιχείας
3472 3111 3578 3164 ἀπὸ
3610 3111 3705 3177 τῆς
3740 3126 3816 3162 συ·

633 3204 809 3276 neqiic
838 3207 1153 3261 monachus
1174 3192 1497 3275 potestatem
1541 3209 1737 3269 habeat
1760 3224 1887 3263 cum
1920 3210 2182 3263 mouacha

2290 3199 2611 3266 νοικήσεως.
2660 3199 2822 3252 Ἀλλὰ
2858 3201 2991 3269 μηδὲ
3033 3202 3264 3273 μοναχδς
3294 3204 3467 3272 ἐχέτω
3504 3201 3679 3255 ἄδειαν
3702 3198 3817 3270 μετὰ

635 3314 877 3352 seorsum
914 3299 1333 3366 confabulandi,
1360 3300 1453 3363 vel
1482 3300 1825 3364 comedendi,
1860 3301 1945 3354 vel
1974 3300 2027 3354 in
2065 3317 2185 3355 mu-

639 3390 791 3443 liebri
857 3394 1186 3449 monasterio
1264 3395 1657 3463 pernoctandi;
1730 3393 2185 3462 quemadmodum

638 3503 737 3541 nec
766 3494 978 3539 contra.
1013 3485 1161 3553 Quae
1197 3497 1375 3540 autem
1434 3495 1562 3541 sunt
1602 3488 1963 3568 _monialibus‘
1992 3488 2057 3541 ad
2107 3489 2192 3543 vi-

635 3592 779 3633 ctum
831 3576 1154 3649 necessaria,
1211 3592 1241 3629 a
1279 3578 1411 3631 viris
1460 3579 1829 3645 recipiantur,
1887 3593 1992 3631 non
2024 3578 2189 3631 'intra

639 3671 1065 3731 moaasterium,’
1088 3668 1181 3723 sed
1219 3675 1372 3720 extra
1404 3674 1616 3736 portam
1652 3666 1791 3733 ejus,
1825 3682 1920 3734 per
1970 3682 2187 3721 manum

639 3762 949 3815 monasterii
1004 3761 1270 3829 pra'fectaz
1319 3769 1372 3815 et
1421 3760 1560 3814 anns
1608 3760 1908 3814 monaclim.
1963 3759 2017 3813 Si
2068 3761 2190 3830 quis

639 3867 815 3909 autem
847 3854 1143 3908 monachus
1188 3853 1319 3908 velit
1353 3851 1671 3907 monacham
1719 3863 2005 3921 cognatam
2035 3868 2190 3908 suam

640 3947 903 4015 aspicere,
937 3960 1003 3997 ne
1030 3944 1190 3996 liceat
1241 3945 1290 3996 ei
1321 3959 1581 4014 seorsum,
1602 3959 1727 3997 cum
1774 3961 1839 3999 ea
1868 3956 1871 3959 ‘
1897 3961 2184 4003 sermones

640 4018 930 4092 conferre:
970 4034 1061 4090 sed
1099 4035 1152 4087 in
1188 4032 1478 4103 praesentia
1527 4033 1796 4098 praetecta:
1846 4039 2188 4103 monasterii,

640 4137 694 4182 et
745 4131 993 4197 protinus
1038 4126 1312 4180 recedere.
1356 4102 1561 4175 Nomen
1601 4134 1781 4199 autem
1827 4124 2027 4189 δίαιτα,
2059 4142 2192 4194 non,

645 4231 703 4274 ut
735 4223 872 4289 apud
928 4218 1338 4291 grammaticos,
1379 4220 1478 4285 pro
1509 4216 1782 4282 convivio,
1829 4218 2064 4285 sed-pro
2094 4218 2192 4271 ha-

643 4312 903 4368 bitatione
960 4313 1263 4381 accipitur:
1316 4311 1496 4364 δίαιτα
1542 4311 1686 4365 enim
1738 4311 1881 4380 apud
1920 4311 2195 4379 iuriscon-

645 4407 819 4459 sultos
864 4414 946 4459 est
984 4402 1385 4462 habitaculum.
1418 4400 1660 4470 Duplicia
1703 4414 1885 4460 autem
1917 4415 2193 4459 monaste-

648 4514 723 4552 ra
782 4497 1197 4553 dici’nonnulli
1262 4494 1625 4558 afﬁrmabant,
1698 4511 1805 4548 non
1858 4500 1979 4565 quaé
2030 4499 2191 4553 simul

2296 3292 2533 3361 μοναχῆς
2564 3294 2685 3346 κατ’
2742 3293 2878 3346 ἰδίαν
2912 3294 3258 3364 προσομιλεῖν
3288 3294 3319 3363 ἧ
3353 3292 3668 3358 συνεσθίειν,
3716 3293 3818 3361 ἢέν

2288 3387 2584 3455 γυναικείῳ
2617 3387 2962 3455 μοναστηρίῳ
2988 3386 3459 3457 διανυκτερεύειν
3490 3386 3673 3457 ὥσπερ
3716 3386 3819 3439 om

2259 3478 2347 3529 ·τδ
2386 3477 2677 3531 ἀνάπαλιν.
2742 3476 2824 3527 Τὰ
2880 3476 2937 3529 δὲ
2986 3478 3259 3544 ἀναγκαῖα
3300 3480 3419 3541 ταῖς
3491 3480 3822 3548 μοναζούσαις

2290 3568 2725 3643 ἀποκομίζεσθαι
2754 3568 2846 3621 διὰ
2902 3569 3129 3639 ἀνδρῶν,
3178 3572 3297 3641 οὐχὶ
3349 3572 3503 3635 ἐντὸς
3535 3572 3629 3625 τοῦ
3676 3590 3819 3639 μοναο

2292 3661 2537 3731 στηρίου,
2568 3660 2702 3713 ἀλλὰ
2736 3660 2893 3725 ἐκτὸς
2922 3662 3020 3731 τῆς
3079 3661 3251 3733 πύλης
3311 3663 3478 3717 αὐτοῦ
3530 3664 3618 3718 διὰ
3664 3666 3824 3736 χειρὸς

2289 3752 2600 3820 ἡγουμένης
2634 3753 2723 3806 καὶ
2761 3755 3087 3823 μοναστρίας
3110 3756 3293 3824 γραός.
3330 3756 3393 3809 Εἰ
3422 3757 3622 3826 δήποτέ
3642 3775 3728 3820 τις
3746 3775 3828 3825 μο-

2291 3844 2450 3914 ναχὸς
2478 3843 2694 3911 θελήσει
2727 3844 3022 3899 θεάσασθαι
3066 3844 3401 3915 μονάζουσαν
3451 3850 3685 3917 συγγενῆ
3739 3849 3829 3901 αύ-

2289 3935 2404 4003 τοῦ,
2441 3936 2515 4007 μὴ
2563 3938 2997 4007 παραχωρείσθω
3036 3940 3150 3991 κατ’
3184 3937 3314 3991 ἰξίαν
3353 3940 3473 4006 μετ’
3520 3941 3684 4009 αὐτῆς
3713 3956 3829 3992 συνο

2291 4028 2458 4098 είρειν
2496 4027 2710 4095 λόγους,
2729 4028 2877 4082 ἀλλᾶ
2931 4031 3072 4082 κατὰ
3103 4026 3404 4100 παρουσίαν
3423 4034 3525 4101 τῆς
3550 4032 3832 4103 ἡγουμένης

2291 4123 2384 4173 καὶ
2411 4122 2470 4171 ἐν
2503 4121 2752 4189 συντόμῳ
2781 4121 3100 4189 ἀναχωρεῖν.
3147 4123 3219 4173 Τὸ
3264 4123 3437 4189 ὖνομα
3476 4122 3537 4173 δὲ
3578 4123 3671 4189 τῆς
3707 4118 3835 4172 διαεο

2291 4227 2389 4279 της
2435 4209 2535 4262 οὐκ
2607 4209 3006 4277 ὲκλαμεάνεται
3070 4212 3150 4271 είς
3208 4210 3480 4279 εὐωχίαν,
3532 4212 3671 4264 κατὰ
3717 4210 3831 4273 τοὺς

2293 4303 2732 4373 γραμματικοὺς,
2768 4301 2897 4379 αλλ’
2956 4304 3034 4364 είς
3108 4303 3459 4379 κατοίκησιν·
3505 4290 3681 4359 δίαιτα
3736 4302 3832 4375 γὰρ

2295 4396 2446 4466 παρὰ
2478 4398 2588 4460 τοῖς
2634 4382 2875 4465 νομικοῖς
2912 4398 2942 4465 ἡ
2982 4378 3249 4450 κατοικία
3279 4396 3420 4451 ἐστι.
3457 4397 3630 4450 Διπλᾶ
3663 4398 3717 4451 δὲ
3750 4415 3837 4465 μο-

2295 4492 2561 4557 ναστήρια
2612 4484 2765 4541 εἶπόν
2795 4506 2941 4552 τινες
2996 4488 3356 4557 λέγεσθαι.ού
3417 4488 3487 4541 τὰ
3543 4489 3732 4559 ἔχοντα
3784 4492 3837 4552 ἐν

645 4589 845 4655 habent
875 4582 1111 4640 viroset
1136 4587 1405 4651 feminas,
1447 4585 1538 4639 sed
1573 4598 1695 4654 qua
1752 4600 1919 4653 prepe
1960 4598 2015 4641 et
2061 4604 2190 4643 con-

2295 4582 2478 4650 ταυτῷ
2506 4582 2825 4653 καὶ,ἄνδρας
2853 4583 2948 4636 καὶ
2997 4582 3278 4651 γυναῖκας,
3318 4579 3455 4634 ἀλλὰ
3506 4583 3574 4636 τὰ
3624 4583 3838 4655 πλησίον

640 4683 827 4749 juncte
860 4677 1118 4733 aediﬁcata
1143 4688 1290 4742 sunt,
1315 4691 1384 4734 et-
1400 4689 1656 4748 tanquam
1684 4692 1851 4731 unum
1877 4686 2194 4746 reputantur
2218 4757 2227 4759 _

648 4784 861 4843 propter
893 4770 1115 4825 multam
1152 4772 1425 4824 unionem.
1458 4771 1565 4826 Sed
1592 4786 1658 4825 ex
1701 4770 1804 4824 hoc
1850 4782 2057 4821 canone
2098 4784 2193 4837 ap-

649 4874 820 4931 paret,
855 4880 959 4918 non
985 4863 1089 4917 dici
1127 4867 1411 4931 propterea
1438 4850 1669 4930 duplicia
1697 4859 2028 4917 monasteria
2053 4899 2068 4924 ,
2099 4859 2195 4914 sed

650 4957 793 5023 quod
852 4957 903 5009 in
961 4970 1069 5008 uno
1145 4953 1446 5019 eodemque
1501 4955 1835 5008 monasterio
1878 4934 2197 5009 habitarent

652 5027 941 5114 aliquando
972 5088 986 5113 ,
1034 5056 1094 5101 ut
1150 5054 1233 5102 est
1291 5042 1625 5106 verisimile,
1675 5046 1774 5098 viri
1824 5056 1877 5101 et
1918 5047 2195 5113 mulieres.

650 5140 942 5193 Constituit
974 5142 1142 5203 enim,
1172 5152 1230 5195 ut
1254 5137 1465 5210 cognati
1516 5134 1735 5201 abeant,
1775 5136 1852 5190 illi
1895 5138 2109 5206 quidem
2142 5138 2195 5191 in

655 5232 917 5290 virorum.
964 5229 1044 5283 hae
1071 5248 1201 5287 vero
1249 5232 1301 5286 in
1353 5227 1636 5283 mulierum
1678 5230 2044 5296 monasteria;
2080 5237 2198 5283 tan-

590 5340 593 5344 ι
654 5334 815 5389 quam
850 5326 995 5371 esset
1029 5322 1293 5384 prohibita
1326 5308 1378 5373 in
1409 5334 1517 5372 uno
1546 5324 1600 5373 et
1630 5316 1821 5371 eodem
1868 5316 1990 5369 loco
2013 5333 2195 5370 eorum

607 5458 611 5463 .
656 5409 945 5467 habitatio.
997 5408 1254 5464 Similiter
1301 5412 1453 5480 jubet
1502 5427 1571 5466 ne
1628 5418 2051 5472 conversenlur,
2097 5410 2200 5463 hoc

656 5516 760 5567 est,
791 5518 858 5557 ne
892 5503 943 5554 iu
974 5515 1083 5552 uno
1123 5504 1453 5577 monasterio
1508 5503 1817 5557 cohabitent
1844 5501 1941 5555 viri
1981 5508 2033 5554 et
2077 5514 2221 5557 mu-.

658 5599 841 5652 lieres.
900 5596 1037 5664 Lege
1085 5599 1137 5646 et
1198 5599 1366 5652 totum
1424 5596 1654 5660 primum
1700 5598 1785 5649 tit.
1838 5611 1891 5647 tv
1938 5594 2060 5655 lib.,
2105 5592 2199 5663 qui

663 5691 926 5759 ejusmodi
964 5687 1128 5742 multa
1162 5683 1319 5739 docet
1357 5688 1644 5751 etStatuit,
1678 5697 1737 5741 ut
1786 5704 1961 5758 neque
2012 5702 2200 5741 mona-

668 5783 802 5835 chus
834 5796 930 5835 nee
958 5764 1130 5836 laicus
1159 5777 1421 5832 muliebre
1450 5781 1835 5834 monasterium
1868 5783 2201 5850 ingrediatur

674 5889 1048 5945 quamcunque
1105 5876 1175 5932 ob
1232 5888 1445 5930 causam
1478 5890 1491 5925 :
1528 5883 1581 5928 et
1626 5873 1808 5927 deﬁnit
1863 5875 1928 5927 de
1986 5875 2071 5937 iis,
2114 5876 2203 5944 qui

2298 4674 2394 4724 καὶ
2430 4674 2722 4743 ἡνωμὲνως
2754 4676 3057 4739 κτισθέντα,
3088 4672 3181 4726 καὶ
3204 4672 3525 4744 λογιζόμενα
3560 4677 3620 4730 ἓν
3644 4674 3837 4731 ὡσανεὶ

2295 4762 2380 4814 διὰ
2432 4766 2529 4832 τὴν
2608 4763 2807 4834 πολλὴν
2876 4769 3118 4839 ἑνότητα.
3197 4765 3327 4817 Ἀπὸ
3368 4766 3425 4821 δὲ
3472 4769 3567 4823 τοῦ
3627 4770 3837 4825 κανόνος

2297 4854 2651 4921 ἀναφαίνεται
2681 4857 2754 4925 μὴ
2786 4856 3037 4924 λέγεσθαι
3064 4857 3151 4911 διὰ
3184 4857 3339 4912 τοῦτο
3381 4861 3551 4916 διπλᾶ
3577 4857 3835 4932 μοναίὲτή⁶

2301 4964 2413 5017 ρια,
2449 4945 2582 4999 ἀλλὰ
2614 4947 2693 4999 ὅτι
2724 4949 2781 5001 ἐν
2811 4950 2890 5003 ἑνὶ
2917 4954 3007 5005 καὶ
3037 4949 3111 5018 τῷ
3144 4950 3288 5022 αύτῷ
3344 4954 3687 5023 μοναστηρίῳ
3718 4963 3840 5001 κατ-

2297 5038 2474 5110 ῴκουν
2506 5039 2657 5101 ποτὲ,
2685 5040 2759 5103 ὼς
2816 5042 3011 5105 ἔοικεν,
3036 5041 3223 5111 ἄνδρες
3269 5045 3361 5097 καὶ
3404 5047 3676 5113 γυναῖκες.
3726 5040 3837 5090 Αιοο

2301 5129 2509 5199 ρίζεται
2533 5130 2638 5200 γὰρ
2661 5132 2786 5195 τοὺς
2814 5133 3135 5205 προσγενείς
3166 5134 3500 5204 ἀφίστασθαι
3533 5133 3611 5193 είς
3631 5127 3835 5205 ἁνδρῷα

2299 5221 2393 5272 καὶ
2416 5224 2695 5287 γυναικεῖα
2724 5204 3082 5292 μοναστήρια,
3114 5222 3188 5288 ὼς
3240 5222 3407 5291 οὔσης
3462 5204 3835 5289 κεαωλυμένῆς

2298 5312 2397 5380 τῆς
2442 5314 2522 5375 είς
2569 5313 2696 5366 αὐτὸ
2738 5313 2841 5365 ’καὶ
2866 5313 2923 5364 ἓν
2974 5317 3250 5377 κατοικίας
3299 5311 3523 5368 τούτων.
3571 5311 3829 5371 Ὡσαύτως

2302 5401 2731 5473 παρακελεύεται
2765 5405 2840 5475 μὴ
2880 5406 3205 5467 διαιτᾶσθαι,
3257 5401 3507 5455 τουτέστι
3537 5404 3612 5475 μὴ
3660 5419 3826 5456 συνοι-

2300 5504 2436 5561 κεῖν,
2502 5503 2558 5554 ἐν
2611 5501 2689 5552 ἑνὶ
2754 5500 3099 5570 μοναστηρίῳ
3165 5495 3362 5564 ἄνδρας
3411 5498 3507 5549 καὶ
3554 5500 3818 5565 γυναῖκας.

2312 5592 2605 5660 Ἀνάγνωθι
2638 5593 2726 5646 καὶ
2749 5593 2838 5644 τὸν
2868 5594 2986 5644 ὅλον
3012 5589 3223 5659 πρῶτον
3264 5586 3443 5641 τίτλον
3486 5591 3580 5649 ¹τοῦ
3644 5591 3682 5641 δ
3746 5586 3818 5655 βι-

2301 5684 2471 5751 ϐλίου,
2508 5686 2824 5739 διδάσκοντα
2869 5684 3015 5749 περί
3044 5678 3301 5733 τοιούτων
3354 5682 3582 5746 πολλῶν,
3610 5668 3812 5749 διοριζόο

2306 5798 2462 5850 μενον
2520 5781 2653 5848 μήτε
2686 5773 2916 5843 μοναχὸν
2954 5772 3089 5842 μήτε
3128 5773 3311 5827 λαῖκὺν
3376 5779 3589 5829 εἰσιέναι
3619 5775 3688 5832 είς
3716 5783 3808 5833 τυ·

2303 5874 2538 5925 ναικεῖον
2604 5866 2958 5936 μοναστήριον
3019 5865 3177 5935 χάριν
3239 5868 3563 5937 οἱασδήτινος
3611 5857 3799 5915 αἱτίας’
