3988 6352
181 379 283 446 9m
316 325 320 329 .

1291 379 1371 438 IN
1408 379 1567 439 CAN.
1611 378 1741 439 XVI
1779 377 1980 441 CONC.
2017 381 2128 441 VII
2170 381 2512 442 (ECUl‘tiEN.

3259 387 3354 446 993

176 495 364 564 αὐτὴν,
394 497 485 574 καὶ
514 497 764 560 συντάξαι
788 497 853 564 τῇ
879 496 1196 566 ἀδελφότητι
1219 497 1366 567 παρὰ
1386 496 1606 566 γνώμην
1622 497 1717 566 τῆς
1743 550 1744 555 η

1846 510 1947 561 ere,
1985 506 2037 552 et
2068 507 2316 568 praeterea
2342 501 2620 566 accipere,
2672 508 2724 551 et
2783 500 2920 553 inter
2969 510 3182 556 serorcs
3237 504 3347 556 sine

174 589 506 659 ἡγουμένης,
532 591 632 643 οὐκ
659 593 962 657 ἐπιτρέπει.

404 709 410 714 -
756 678 991 732 ΚΔΝΩΝ
1019 676 1146 732 ΚΒ¹.

177 786 198 821 ι
245 768 365 839 Θεῷ
400 770 496 839 μὲν
529 769 588 822 τὸ
624 771 734 824 πᾶν
767 771 1137 836 ἀνατίθεσθαι,
1170 770 1264 824 καὶ
1305 771 1364 825 οὐ
1409 776 1522 834 τοῖς
1575 755 1729 828 ἰδίοιςΔ

250 880 288 935 «ἱ
317 862 582 930 θελὴμασι
630 863 964 928 δουλοῦσθαι,
1019 866 1161 934 μέγα
1204 866 1390 935 χρῆμα
1434 865 1721 934 τυγχάνει’

252 969 271 1002 ι
313 952 447 1005 Εῖτε
472 954 581 1022 γὰρ
635 955 884 1016 ἐσθίετε,
922 955 1043 1007 εἴτε
1089 956 1311 1019 πίνετε,
1336 957 1363 1006 ὁ
1393 955 1530 1017 θεῖος
1562 946 1722 1006 Ἀπό-

247 1064 265 1091 ‹
313 1043 492 1106 στολός
522 1063 674 1113 φησι,
713 1046 908 1099 πάντα
941 1051 1026 1112 εὶς
1063 1046 1246 1109 δόξαν
1288 1046 1433 1100 Θεοῦ
1487 1045 1720 1099 ποιεῖτε.

247 1149 266 1182 ι
315 1133 545 1202 Χριστὸς
596 1135 650 1186 δὲ
681 1137 708 1187 ὁ
755 1135 883 1199 Θεὸς
927 1138 1082 1207 ἡμῶν
1131 1138 1189 1190 ὲν
1221 1143 1331 1199 τοῖς
1381 1137 1723 1204 Εὑαγγελίοις

248 1241 265 1272 ι
313 1224 474 1276 αὐτοῦ
521 1226 615 1287 τὰς
646 1208 831 1296 ἀρχὰς⁸
849 1227 954 1279 τῶν
1003 1229 1408 1298 ἁμαρτημάτων
1441 1229 1724 1280 ἐκκόπτειν

249 1332 267 1362 ι
321 1317 705 1385 προστέταχεν.
758 1320 828 1371 Οὐ
858 1318 962 1388 γὰρ
989 1323 1020 1389 ἠ
1052 1324 1264 1391 μοιχεία
1291 1315 1445 1389 μόνον
1475 1309 1602 1390 παρ’
1629 1322 1726 1373 αὺ-

244 1427 262 1457 ι
309 1409 399 1460 τοῦ
433 1410 734 1475 κολάζεται,
762 1412 895 1464 ἀλλὰ
930 1415 1022 1465 καὶ
1048 1414 1078 1482 ἡ
1109 1415 1316 1482 κίνησις
1341 1415 1434 1465 τοῦ
1466 1402 1722 1483 λογισμοῦ

245 1518 265 1548 ι
311 1500 446 1567 πρὸς
474 1501 573 1569 τὴν
619 1502 720 1570 τῆς
772 1505 1016 1572 μοιχείας
1059 1506 1366 1573 ἐγχείρησιν
1395 1509 1726 1576 κατακέκρι-

246 1612 264 1641 ι
307 1609 417 1657 ται,
471 1593 718 1660 λ’ἐγοντος
768 1597 930 1647 αὐτοῦ
963 1615 974 1625 ·
1039 1597 1104 1648 '0
1144 1597 1446 1666 ἐμϐλέψας
1477 1598 1728 1667 γυναῖκα

245 1699 264 1731 ς
311 1681 459 1746 πρὸς
487 1684 553 1734 τὸ
605 1684 968 1753 ἐπιθυμῆσαι
1006 1686 1195 1754 αὐτῆς
1230 1687 1344 1755 ἤδη
1374 1690 1740 1758 ἐμοίχευσεν

243 1791 265 1821 ‹
308 1774 682 1847 αὐτὴνέντῇ
724 1777 936 1845 καρδίᾳ
987 1779 1204 1831 αὐτοῦ’·
1247 1779 1516 1833 ἕνθεν“οὗν
1549 1783 1723 1850 μαθη-

242 1883 263 1913 ‹
312 1867 612 1932 τευθέντες,
647 1869 943 1943 λογισμοὺς
997 1871 1281 1939 ὀφείλομεν
1323 1872 1625 1942 καθαίρειν.
1665 1875 1723 1926 Εἰ

243 1972 266 2007 ι
311 1957 419 2023 γὰρ
449 1956 540 2008 καὶ
573 1957 750 2010 πάντα
782 1959 1018 2030 ἔξεστιν,
1045 1961 1160 2012 ἀλλ’
1202 1963 1259 2013 οὐ
1313 1965 1487 2016 πάντα
1519 1965 1727 2032 συμφέ-

241 2064 264 2098 ι
312 2065 417 2118 ρει,
463 2052 550 2126 ὠς.
585 2051 644 2115 ἐξ
707 2052 1069 2121 ἀποστολικῆς
1116 2057 1296 2122 φωνῆς
1341 2055 1724 2125 διδασκόμεθα.

242 2155 266 2188 ι
319 2138 659 2206 Ἐπάναγκες
709 2141 801 2194 οὖν
848 2139 964 2215 ἐστι
1010 2145 1171 2196 παντὶ⁵
1201 2145 1356 2217 ᾁνδρὶ
1401 2145 1486 2198 διὰ
1535 2149 1594 2200 τὸ
1630 2147 1727 2217 ζῇν

241 2247 266 2282 ι
308 2233 524 2286 ἐσθίειν.
558 2237 666 2287 Καὶ
695 2233 775 2298 οἷς
804 2238 901 2306 μὲν
921 2213 1037 2306 ’βίος
1063 2240 1176 2290 ἐστὶ
1200 2213 1377 2308 γάμου
1406 2242 1499 2293 κα)⁵
1524 2213 1728 2296 τέκνων

243 2341 263 2370 ε
309 2324 403 2375 καὶ
455 2325 647 2390 λαῑκῆς
697 2327 1007 2391 διαθέσεως,
1055 2329 1255 2399 ἀναμὶξ
1299 2330 1500 2382 ἐσθίειν
1529 2331 1727 2399 ἄνδρας

245 2429 269 2462 ι
311 2417 405 2466 καὶ
436 2419 700 2480 γυναῖκας
731 2416 839 2468 τῶν
884 2419 1224 2490 ἁδιαϐλήτων
1255 2422 1392 2483 ἐστὶ,
1443 2423 1601 2490 μόνον
1649 2422 1726 2491 τῷ

249 2523 293 2553 οι
314 2504 726 2578 διδόντιτροφὴν
745 2510 842 2580 τὴν
863 2512 1205 2579 εὐχαριστίαν
1232 2514 1622 2582 προσάγοντας,
1652 2518 1726 2585 μὴ

246 2612 268 2644 ι
314 2596 453 2665 μετά
499 2614 660 2650 τινων
695 2600 996 2667 θυμελικῶν
1044 2601 1502 2671 ἐπιτηδευμάτων,
1551 2605 1725 2658 εῐτουν

249 2704 271 2735 ι
315 2691 626 2743 σατανικῶν
652 2691 932 2762 ᾀσμάτων,
965 2694 1206 2764 κιθαρῶν
1239 2711 1298 2748 τε
1331 2699 1424 2748 καὶ
1457 2698 1727 2768 πορνικῶν

247 2793 276 2831 1
319 2778 690 2851 λυγισμάτων,
720 2779 798 2845 οἷς
832 2786 1119 2854 ἐπέρχεται
1147 2789 1454 2857 προφητικὴ
1478 2791 1604 2855 ἀρὰ,
1633 2791 1728 2842 οὖ-

250 2889 271 2922 ι
315 2877 482 2944 τωςὴ
532 2876 784 2945 λέγουσα·
838 2881 982 2933 Οὐαὶ
1023 2885 1076 2934 οἱ
1127 2884 1276 2950 μετὰ
1320 2867 1563 2948 κιθάρας
1627 2889 1725 2939 καὶ

254 2983 275 3013 σ
317 2968 657 3034 gruit/malai)
712 2971 820 3023 τὸν
862 2968 1032 3024 οἶνον
1053 2974 1336 3041 πίνοντες,
1383 2980 1467 3035 τὰ
1500 2977 1568 3034 δὲ
1591 2979 1727 3045 ἔργα

251 3076 274 3108 ε
319 3060 536 3126 Κυρίου
587 3063 694 3115 οὐκ
727 3062 1116 3130 ἐμϐλέπουσι,
1171 3067 1267 3120 καὶ
1314 3073 1377 3132 τὰ
1430 3074 1582 3147 ἔργα
1613 3070 1728 3122 τῶν

250 3169 272 3200 σ
319 3151 534 3219 χειρῶν
579 3155 764 3208 αὑτοῦ
830 3158 900 3210 οὐ
947 3158 1326 3214 κατανοοῦσι.
1385 3170 1492 3215 Καὶ
1533 3164 1582 3215 εἷ
1624 3163 1722 3215 πού
1751 3166 1795 3223 C

251 3259 274 3291 ι
320 3259 450 3294 ποτε
482 3241 590 3296 εἷεν
615 3247 843 3300 τοιοῦτοί
872 3251 928 3300 ἐν
956 3254 1068 3313 τοῖς
1097 3253 1459 3319 Χριστιανοῖς,
1491 3257 1732 3326 διορθού-

254 3349 276 3381 ι
324 3329 557 3385 σθωσαν·
588 3336 637 3385 εἰ
662 3334 718 3386 δὲ
746 3337 820 3405 μή
847 3353 928 3404 γε,
959 3334 1439 3406 κρατείτωσανὲιϊ
1459 3345 1639 3407 αὐτοῖς
1665 3351 1730 3399 τὰ

253 3441 274 3472 ‹
320 3423 473 3490 παρὰ
503 3423 612 3474 τῶν
644 3426 744 3494 πρὸ
773 3428 926 3495 ἡμῶν
956 3431 1252 3492 κανονικῶς
1294 3413 1597 3486 ἐκτεθέντα.
1633 3432 1729 3496 Οἷς

258 3532 279 3563 ε
323 3511 380 3563 δὲ
411 3518 437 3566 ὀ
467 3514 576 3583 βίος
611 3517 757 3569 ἐστὶν
787 3517 1004 3588 ἡσύχως
1051 3520 1143 3572 καὶ
1175 3523 1521 3591 μονότροπος,
1553 3526 1579 3574 ὁ
1607 3541 1720 3575 συν-

255 3626 277 3658 (
321 3605 622 3677 ταξάμενος
656 3610 844 3679 Κυρίῳ
877 3612 951 3681 τῷ
983 3612 1100 3682 Θεῷ
1129 3613 1288 3682 ζυγὸν
1335 3617 1542 3685 μονήρη
1575 3613 1730 3686 ἆραι,

256 3718 279 3752 ι
327 3701 610 3754 καθίσεται
645 3702 786 3753 κατὰ
824 3705 989 3770 μόνας
1020 3706 1112 3757 καὶ
1142 3708 1419 3775 σιωπήσῃ’
1457 3708 1591 3761 ἀλλὰ
1623 3711 1731 3780 μὴν

254 3807 280 3842 ι
325 3792 420 3844 καὶ
451 3794 562 3868 τοῖς
593 3793 864 3861 ἱερατικὸν
897 3793 1276 3862 ἐκλεξαμένοις
1324 3798 1438 3866 βίον
1469 3800 1576 3850 οὐδ’
1597 3802 1733 3862 ὅλως

255 3898 279 3932 ε
323 3880 497 3945 ἔξεστι
525 3882 646 3933 κατ’
687 3883 820 3934 ίδίαν
855 3883 1066 3950 γυναιξὶ
1098 3885 1412 3949 συνεσθίειν,
1449 3882 1600 3956 εἰμὴ
1632 3906 1732 3940 που

255 3990 279 4024 ι
329 3965 466 4040 μετά
492 3991 650 4027 τινων
695 3973 968 4042 θεοφόρων
1002 3976 1092 4027 καὶ
1120 3975 1360 4029 εὐλαδῶν
1389 3978 1596 4048 ἀνδρῶν
1641 3979 1732 4031 καὶ

254 4083 278 4116 ι
325 4064 613 4132 γυναικῶν,
635 4065 718 4116 ἵνα
749 4066 841 4116 καὶ
867 4063 1052 4136 αὐτὴὴ
1081 4065 1416 4130 συνεστίασις
1441 4069 1572 4136 πρὸς
1605 4084 1736 4120 κατ-

253 4175 279 4211 ι
322 4159 551 4229 ὄρθωσιν
594 4157 963 4228 πνευματικὴν
1014 4159 1226 4231 ἀπάγῃ.
1295 4159 1402 4212 Καὶ
1461 4160 1551 4212 ἐπὶ
1603 4178 1734 4229 συγ-

254 4269 276 4300 ι
324 4250 498 4317 γενῶν
545 4249 602 4302 δὲ
656 4248 715 4300 τὺ
768 4247 899 4300 αὐτὸ
940 4250 1180 4302 ποιείτω.
1219 4250 1293 4329 ,Εἰ
1340 4250 1394 4303 δὲ
1449 4256 1540 4304 καὶ
1581 4250 1736 4316 αὖθις

255 4361 276 4394 ι
327 4345 385 4395 ἐν
416 4344 693 4412 ὁδοιπορίᾳ
719 4343 899 4412 συμϐῇ
914 4343 1091 4413 τὰτῆς
1119 4344 1417 4412 ἀναγκαίας
1446 4347 1631 4416 χρείας
1658 4349 1737 4419 μὴ

254 4453 279 4486 τ
325 4436 680 4506 ιπιφέρεσθαι
735 4437 1030 4504 μοναχονῆ
1086 4435 1356 4503 ἱερατικὸν
1401 4439 1589 4507 ἄνδρα,
1639 4442 1731 4491 καὶ

223 4546 277 4598 ,ι
324 4527 414 4581 διὰ
438 4529 498 4582 τὸ
545 4528 839 4593 ἀναγκαῖον
888 4524 1186 4577 καταλῦσαι
1246 4525 1493 4592 βούλεται
1539 4528 1647 4578 εἴτε
1678 4531 1733 4579 ὲν

255 4639 279 4672 ι
326 4620 629 4690 πανδοκείῳ
657 4619 764 4671 εῐτε
795 4621 851 4670 ὲν
886 4615 1017 4685 οἴκῳ
1056 4617 1218 4679 τινὸς,
1241 4617 1420 4669 ἄδειαν
1452 4617 1596 4686 ἔχειν
1629 4620 1729 4672 αὖ·

257 4731 279 4764 α
328 4711 421 4766 τὸν
442 4710 600 4762 τοῦτο
621 4714 813 4771 ποιεῖν,
837 4709 909 4771 ῶς
930 4710 1025 4788 τῆς
1042 4709 1229 4777 χρείας
1248 4711 1695 4781 κατεπειγούσης.
1712 4729 1729 4761 ι

253 4803 457 4859 ΒΑΔΣ.
527 4802 584 4853 '0
619 4803 808 4872 παρὼν
863 4799 1036 4855 κανὼν
1088 4801 1283 4853 κωλύει
1340 4803 1463 4866 τοὺς
1518 4804 1739 4866 λαῖκοὺς

182 4899 330 4971 μετὰ
357 4894 663 4964 θυμελικῶν
689 4897 959 4962 παιγνίων
990 4895 1080 4947 καὶ
1105 4894 1382 4963 ὀρχήσεων
1407 4897 1620 4963 ἐσθίειν,
1649 4899 1739 4950 καὶ

177 4990 571 5064 παρεγγυᾶται
621 4989 733 5047 τοῖς
783 4989 1022 5043 τοιοῦτόν
1049 5006 1100 5040 τι
1141 4988 1347 5039 ποιοῦσι
1400 4991 1741 5061 Χριστιανοῖς

179 5083 564 5156 διορθοῦσθαι’
586 5079 633 5130 εἱ
667 5077 724 5131 δὲ
764 5079 860 5146 μὴ,
902 5082 1118 5150 κρατεῖν
1152 5077 1236 5127 ἐπ’
1270 5079 1451 5139 αὐτοῖς
1486 5083 1552 5132 τὰ
1590 5082 1740 5148 παρὰ

181 5179 300 5229 τῶν
332 5175 573 5228 κανόνων
626 5167 1038 5239 προορισθέντα.
1074 5169 1210 5230 Τοὺς
1245 5169 1424 5236 μέντοι
1479 5172 1742 5238 μοναχοὺς

184 5269 289 5320 καὶ
319 5268 445 5328 τοὺς
491 5261 810 5334 ίερωμένους
834 5261 1285 5329 ,παρακελεύεται
1341 5257 1412 5326 μὴ
1446 5263 1744 5312 συνεσθίειν

190 5354 336 5423 μετὰ
354 5355 631 5419 γυναικῶν
657 5350 771 5405 κατ’
796 5349 951 5412 ίδίαν,
977 5348 1078 5400 κᾶν
1106 5353 1169 5418 τῇ
1201 5349 1422 5418 ἀληθείᾳ
1447 5340 1544 5396 ὦσι
1572 5363 1740 5414 προσ-

179 5438 379 5512 ’γενεῖς
435 5443 611 5496 αὐτῶν
653 5460 665 5474 ·
697 5441 809 5494 ἀλλ’
842 5441 896 5490 ὲν
940 5439 1077 5503 φωτὶ
1110 5441 1200 5488 καὶ.
1234 5437 1368 5506 μετὰ
1408 5434 1644 5486 εὐλαϐῶν
1669 5451 1745 5484 τι-

189 5552 330 5597 νων,
370 5530 460 5582 διὰ
506 5534 565 5583 τὸ
609 5535 744 5603 μήτε
793 5531 986 5591 αὐτοὺς
1034 5528 1135 5581 ὑπὸ
1179 5529 1447 5594 λογισμῶν
1490 5526 1743 5577 ἐναντίων

189 5624 612 5688 κατασείεσθαι,
653 5625 1019 5697 μήτετάλλους
1063 5619 1448 5678 σκανδαλίζειν.
1491 5618 1575 5668 Ἐν
1606 5617 1743 5668 ὁδοι-

1823 588 2084 656 prafectae
2114 592 2384 645 voluntate
2412 593 2679 644 collocare
2707 606 2810 646 non
2841 594 3118 660 permittit.

2378 683 2603 738 CANON
2643 683 2807 737 XXII.

1827 793 1846 826 ι
1879 775 1988 830 Deo
2022 778 2232 845 quidem
2254 779 2563 831 universum
2593 779 2860 840 dedicare,
2887 788 2940 833 et
2968 794 3072 833 non
3123 780 3353 848 propriis

1899 888 1917 919 ‹
1956 873 2316 926 voluntatibus
2346 874 2582 935 servire,
2639 887 2723 924 res
2770 887 2958 938 magna
3000 883 3078 926 est
3112 891 3125 926 :
3165 893 3182 924 ι
3231 873 3352 927 Sive

1898 980 1915 1012 ι
1953 964 2094 1016 enim
2122 963 2438 1028 comeditis,
2480 966 2592 1018 sive
2623 966 2804 1018 bibitis
2835 1004 2851 1027 ,
2902 967 3077 1034 inquit
3137 967 3352 1020 divinus

1900 1069 1917 1100 ι
1953 1053 2264 1119 Apostolus,
2319 1054 2496 1106 omnia
2543 1053 2593 1104 in
2660 1052 2746 1104 Dci
2774 1045 2995 1120 gloriam
3033 1054 3187 1107 facite
3223 1054 3289 1106 ⁷⁸.
3330 1071 3348 1104 ›

1903 1163 1918 1195 ι
1959 1144 2206 1198 Christus
2238 1154 2411 1197 autem
2441 1143 2579 1199 Deus
2614 1155 2798 1198 noster
2829 1160 2879 1196 in
2909 1145 3023 1219 suis
3054 1146 3354 1212 Evangeliis

1901 1256 1917 1286 ι
1956 1237 2116 1305 jussit
2150 1245 2482 1304 peccatorum
2532 1235 2787 1301 principia
2808 1251 3068 1288 resecare.
3088 1235 3200 1288 Non
3219 1235 3355 1312 enim

1900 1347 1916 1376 ι
1959 1327 2284 1380 adulterium
2335 1329 2505 1379 solum
2539 1327 2678 1393 apud
2729 1327 2901 1393 ipsum
2959 1327 3207 1394 punitur;
3267 1327 3355 1380 sezl

1900 1441 1916 1472 ι
1957 1422 2116 1474 etiam
2147 1421 2469 1491 cognitionis
2497 1430 2670 1473 motus
2695 1420 2756 1472 ad
2778 1418 3359 1488 aggrediemlumadur-

1900 1534 1917 1566 ι
1963 1516 2154 1568 terinm
2181 1515 2590 1577 condemnatur,
2616 1516 2734 1580 ipso
2757 1510 3004 1564 dicente:
3029 1529 3045 1559 ι
3079 1510 3174 1574 Qui
3205 1523 3360 1576 aspc-
3451 1529 3455 1533 ~

1901 1625 1918 1657 ι
1957 1608 2032 1659 xit
2063 1607 2335 1660 mulierem
2370 1606 2434 1658 ad
2467 1604 2950 1672 concupiscendam
2987 1603 3158 1672 ipsam
3187 1643 3201 1664 ,
3240 1617 3356 1655 eain

1901 1716 1919 1748 ι
1951 1699 2059 1766 jam
2091 1699 2142 1752 in
2173 1697 2332 1752 corde
2382 1712 2476 1749 suo
2523 1694 2839 1747 adulteravit
2885 1693 2926 1724 ⁷¹
2965 1710 2977 1744 :
3016 1711 3033 1742 ι
3076 1692 3215 1746 unde
3260 1706 3357 1743 nos

1905 1805 1923 1837 ι
1964 1804 2179 1855 quoque
2207 1787 2405 1852 edocti,
2438 1785 2693 1838 debemus
2727 1782 3077 1851 cegitationes
3108 1795 3357 1849 purgare.

1903 1897 1919 1930 ι
1956 1881 2063 1932 Etsi
2092 1882 2230 1932 enim
2264 1881 2442 1931 omnia
2473 1879 2652 1939 licent,
2679 1891 2784 1927 non
2815 1883 2991 1927 tamen
3041 1871 3220 1925 omnia
3269 1887 3362 1923 cx-

1900 1990 1918 2022 ι
1955 1973 2173 2040 pediunt
2202 1972 2267 2036 τ’,
2306 1989 2323 2021 ι
2360 1981 2416 2024 nt
2473 1986 2501 2022 a
2549 1985 2679 2024 voce
2731 1968 3030 2038 apostolica
3089 1966 3362 2018 docemur.

1904 2083 1922 2115 ι
1960 2063 2142 2119 Cuivis
2168 2079 2296 2133 ergo
2328 2063 2531 2116 ho'mini
2581 2078 2801 2115 necesse
2855 2067 2942 2114 est
2979 2056 3265 2112 comedere
3307 2063 3366 2107 ut

1824 2222 1831 2228 '
1905 2177 1922 2208 ‹
1961 2158 2123 2210 vivat.
2154 2153 2214 2208 Et
2243 2153 2438 2223 quibus
2463 2161 2544 2206 est
2601 2152 2711 2203 vita
2761 2149 2972 2218 quidem
3024 2145 3363 2199 'matrimouii

1905 2269 1923 2301 ι
1960 2258 2022 2303 et'
2064 2249 2353 2302 liberorum
2387 2253 2438 2299 et
2489 2244 2636 2296 loica:
2682 2239 3103 2299 constitutionis,
3157 2237 3362 2289 mixtim

1903 2361 1919 2391 ι
1957 2338 2238 2394 comedere
2263 2337 2410 2388 viros
2443 2345 2495 2387 et
2537 2335 2789 2386 mulieres
2815 2371 2829 2394 ,
2862 2338 2945 2384 cst
2976 2332 3044 2384 ab
3083 2330 3224 2383 onmi
3273 2344 3364 2380 re-

1900 2448 1919 2478 ι
1958 2426 2312 2494 prehensione
2336 2424 2567 2477 alienum
2593 2438 2607 2486 ;
2632 2419 2681 2475 'si
2715 2420 2876 2475 modo
2905 2422 2952 2474 ei
2981 2461 2996 2484 ,
3029 2422 3114 2486 qui
3143 2421 3234 2474 dat
3262 2436 3366 2472 nu—

1903 2539 1920 2571 ι
1955 2520 2263 2573 trimentum
2288 2555 2302 2574 ,
2362 2515 2565 2584 gratias
2616 2522 2810 2581 agant,
2858 2529 2961 2567 non
2993 2528 3112 2566 cum
3143 2511 3366 2567 scenicis

1883 2629 1919 2662 λι
1960 2608 2276 2679 quibusdam
2306 2607 2502 2661 studiis
2533 2607 2648 2659 sive
2702 2603 2970 2659 Satanicis
3001 2607 3221 2660 canticis
3249 2641 3268 2670 ,
3314 2617 3368 2658 ct

1907 2722 1924 2753 ι
1963 2700 2326 2754 citharmdicis
2348 2715 2409 2753 ac
2438 2699 2758 2752 meretriciis
2785 2697 3025 2762 vocibus,
3056 2712 3190 2765 quos
3245 2712 3364 2764 pro-

1905 2813 1923 2845 ι
1949 2785 2171 2862 ’ριιοιὶεθ
2197 2793 2498 2846 exsecratio
2530 2788 2853 2842 ﬂexionihus
2878 2805 2968 2843 seu
3004 2788 3340 2854 cesticnlatio

1905 2905 1923 2936 ι
1968 2886 2122 2938 nibus
2155 2883 2513 2950 persequitur,
2569 2880 2647 2932 sic
2701 2880 2927 2932 dicens:
2964 2899 2980 2929 ι
3021 2877 3107 2930 Vze
3165 2879 3231 2931 iis
3277 2877 3368 2945 qui

1905 2973 2083 3031 ("cum
2113 2975 2311 3028 cithara
2341 2981 2393 3026 et
2424 2970 2680 3042 psalterio
2713 2971 2894 3022 vinum
2927 2969 3134 3028 bibunt,
3165 2970 3368 3021 Domini

1906 3088 1922 3118 ι
1965 3061 2140 3119 autem
2168 3079 2328 3131 opera
2360 3077 2462 3114 non
2501 3061 2814 3128 respiciunt,
2837 3068 2891 3112 et
2915 3076 3072 3128 opera
3117 3074 3366 3112 manuum

1905 3177 1922 3210 ‹
1959 3159 2075 3225 ejus
2109 3169 2211 3209 non
2241 3153 2586 3206 considerant
2616 3151 2684 3202 ⁷³.
2718 3169 2737 3201 ›
2776 3152 2837 3203 Ει
2872 3151 3041 3204 sicubi
3079 3151 3208 3205 tales
3256 3151 3372 3203 fur-

1907 3269 1925 3302 ι
1961 3250 2072 3305 rint
2104 3249 2243 3301 inter
2271 3245 2632 3308 Christianos,
2653 3243 2996 3312 corrigantur
3022 3261 3036 3296 :
3068 3245 3148 3296 sin
3174 3243 3369 3306 minus,

1907 3344 2222 3395 (adversus
2250 3354 2340 3391 eos
2375 3339 2538 3389 robur
2566 3348 2724 3388 suum
2767 3335 3081 3394 obtineant,
3137 3348 3253 3399 qua)
3303 3339 3369 3386 ab

1905 3454 1923 3486 ι
1959 3430 2388 3484 antecessoribus
2419 3426 2679 3478 canonice
2737 3424 2927 3475 tradita
2981 3433 3124 3478 sunt.
3166 3425 3370 3489 Quibus

1904 3545 1920 3575 ι
1960 3535 2135 3578 autem
2172 3523 2351 3589 quieta
2383 3527 2461 3570 est
2496 3517 2601 3568 vita
2630 3525 2681 3568 et
2712 3515 2974 3573 solitaria,
3023 3525 3074 3568 ut
3125 3517 3210 3582 qui
3270 3516 3373 3570 Do-

1823 3664 1826 3666 _
1905 3637 1922 3670 ι
1965 3616 2112 3670 mino
2145 3613 2252 3666 Deo
2301 3613 2486 3681 jugum
2539 3608 2897 3664 monasticum
2952 3608 3134 3662 tollere
3179 3603 3374 3661 statue-

1910 3730 1928 3762 ι
1967 3711 2094 3771 rint,
2130 3709 2180 3759 in
2211 3705 2499 3759 solitudine
2525 3710 2576 3756 et
2620 3700 2832 3754 silentio
2871 3699 3060 3753 sedere
3094 3700 3370 3752 convenit:

1907 3820 1926 3853 ι
1963 3801 2056 3854 sed
2090 3813 2186 3852 nec
2217 3797 2281 3850 iis
2312 3796 2496 3849 etiam.
2529 3793 2618 3860 qui
2644 3792 2807 3843 vitam
2840 3790 3224 3843 sacerdotalem
3264 3789 3371 3842 ele-

1908 3911 1926 3942 ι
1965 3890 2158 3959 gerint,
2186 3886 2308 3938 licet
2336 3874 2554 3937 omnino
2602 3894 2842 3934 seorsum
2889 3893 3011 3931 cum
3067 3878 3374 3932 mulieribus

1909 4001 1928 4034 ι
1957 3981 2277 4041 comedere;
2313 3976 2412 4029 nisi
2443 3974 2629 4042 utique
2653 3987 2775 4024 cum
2805 3971 3006 4025 divinis
3029 3979 3082 4025 et
3115 3971 3376 4040 religiosis

1912 4094 1929 4126 ι
1969 4071 2100 4125 viris
2125 4085 2186 4122 ac
2219 4066 2556 4124 mulieribus.
2594 4071 2649 4116 ut
2677 4063 2851 4129 ipsum
2883 4063 3045 4115 etiam
3073 4063 3372 4116 convivium

1913 4184 1931 4218 ι
1976 4163 2039 4217 ad
2070 4160 2399 4231 spiritualem
2423 4156 2808 4210 correctionem
2849 4154 3099 4207 adducat.
3129 4155 3293 4207 Porro
3324 4154 3374 4206 id

1913 4278 1929 4310 ι
1975 4257 2148 4327 ipsum
2184 4253 2344 4307 ctiam
2383 4253 2432 4303 in
2461 4247 2704 4316 cognatis
2731 4245 2842 4298 fiat.
2895 4243 2949 4297 Si
2984 4253 3378 4324 autem‘rursus

1907 4368 1928 4399 ι
1965 4348 2255 4410 contingat,
2293 4346 2349 4391 ut
2373 4351 2488 4404 qua:
2539 4339 2663 4387 sunt
2721 4333 2784 4386 ad
2849 4350 3003 4387 usum
3063 4336 3366 4387 necessaria

1913 4457 1930 4488 ι
1965 4451 2066 4489 non
2098 4431 2285 4482 aderat
2317 4425 2610 4478 monachus
2641 4424 2720 4478 vel
2753 4424 3040 4483 sacerdos,
3070 4430 3121 4474 et
3159 4433 3375 4489 propter

1913 4543 1931 4576 ι
1969 4523 2336 4576 necessitatem
2365 4517 2512 4580 velit,
2543 4517 2656 4570 sive
2685 4516 2748 4568 ad
2810 4513 3081 4582 publicum
3134 4513 3378 4564 diversu-

1915 4636 1932 4669 ι
1970 4617 2134 4677 rium,
2167 4613 2278 4668 sive
2309 4611 2373 4665 ad
2406 4610 2635 4677 alicujus
2690 4611 2906 4660 domum
2964 4601 3269 4667 divertere;
3329 4607 3377 4657 ei

1917 4726 1934 4761 ι
1973 4707 2132 4761 liceat
2163 4705 2264 4757 hoc
2291 4702 2484 4764 facere,
2522 4708 2704 4764 utpote
2724 4700 2947 4762 urgente
2979 4697 3317 4748 necessitate.
3353 4712 3370 4742 ›

1910 4797 2104 4852 BALS.
2143 4797 2380 4847 Praesens
2421 4802 2591 4840 canon
2630 4784 2876 4853 prohibet
2919 4785 3068 4838 laicis
3092 4827 3105 4848 ,
3141 4799 3206 4836 ne
3258 4799 3378 4836 cum

1843 4873 2072 4945 scenicis
2103 4880 2320 4935 ludicris
2350 4880 2402 4929 et
2434 4874 2808 4929 saltationibus
2839 4875 3136 4931 comcdant.
3159 4883 3208 4925 et
3259 4889 3380 4926 sua-

1841 4982 1931 5032 det
1959 4959 2277 5031 Christianis
2309 4968 2467 5038 329
2499 4968 2586 5037 qui
2624 4967 2726 5020 tale
2761 4968 2885 5036 quid
2921 4965 3161 5026 faciunt,
3215 4974 3271 5017 ut
3324 4979 3382 5018 se

1843 5069 2113 5135 corrigam
2150 5080 2163 5115 :
2194 5064 2275 5116 sin
2308 5062 2482 5114 minus
2512 5099 2526 5124 ,
2551 5062 2809 5113 adversus
2862 5070 2951 5108 eos
3004 5054 3178 5106 valere
3201 5093 3216 5117 ,
3265 5072 3382 5124 qua:

1842 5150 2139 5214 ca‘nonibus
2171 5164 2325 5207 antea
2358 5158 2642 5206 constituta
2681 5151 2825 5202 fuere
2851 5187 2866 5213 ,
2928 5146 3184 5200 decernit.
3218 5145 3385 5200 Porri)

1845 5262 1896 5306 et
1930 5247 2208 5302 monachis
2241 5254 2293 5299 et
2322 5245 2688 5300 sacerdotibus
2719 5236 2957 5307 praecipit
2983 5278 2996 5300 ,
3046 5253 3109 5289 ne
3137 5253 3379 5290 seorsum

1851 5357 1970 5396 cum
2004 5338 2316 5391 mulieribus
2346 5334 2653 5390 cmnvdant,
2699 5330 2904 5383 etiamsi
2958 5344 3140 5382 revera
3197 5344 3377 5382 eorum

1853 5444 2088 5503 cognatae
2121 5431 2317 5484 fuerint
2343 5448 2356 5492 ;
2385 5427 2474 5480 sed
2513 5426 2706 5491 palam,
2743 5430 2795 5474 et
2827 5437 2944 5474 cum
2981 5422 3248 5490 aliquibus
3287 5420 3381 5471 bn—

1852 5530 1934 5582 nis
1966 5537 2025 5574 ac
2069 5519 2350 5588 religiosis,
2379 5526 2433 5567 ut
2500 5530 2666 5581 neque
2699 5512 2798 5581 ipsi
2832 5527 2859 5565 a
2893 5512 3176 5566 contrariis
3237 5508 3372 5573 cogi.

1854 5613 2140 5668 tationibus
2203 5615 2552 5672 moveantur,
2616 5621 2785 5675 neque
2852 5605 2969 5660 aliis
3034 5601 3376 5658 offensionem

279 5808 525 5877 "lCor.
563 5807 732 5868 L31.
819 5809 858 5837 τι
902 5806 1086 5860 Matth.
1128 5823 1183 5868 ν,
1214 5803 1300 5856 28.
1387 5801 1471 5851 ⁷ιι
1512 5784 1629 5851 (ξων.
1661 5813 1726 5862 vr,

1846 5836 1849 5847 .
1931 5794 1973 5825 ⁷³
2001 5793 2101 5845 lsa.
2137 5807 2185 5854 ν,
2223 5789 2305 5852 li,
2345 5789 2424 5841 l2.
