3988 6352
499 123 529 144 ⁸⁷η

383 161 408 179 δι

30 187 58 209 ξε
109 187 248 209 ι-Ἱρ

53 523 190 587 1001

1052 515 1134 579 1N
1169 514 1334 577 CAN.
1367 513 1538 576 XXII
1565 510 1777 576 CONC.
1811 512 1924 578 VII
1967 512 2321 573 (ECUMEN.

3177 515 3312 582 1002

48 634 250 704 φησιν,
285 632 312 684 6
340 629 447 700 βίω
482 626 704 698 ἡσύχιος
735 628 826 679 καὶ
859 624 1209 696 μονότροπος,
1236 624 1373 678 ἀλλὰ
1404 626 1511 694 μὴν
1535 623 1628 675 καὶ

1742 622 1988 676 psalterio
2022 623 2451 687 vinum'bibuul;
2488 632 2533 676 el
2564 639 2679 694 qua:
2727 636 3052 696 sequuntur.
3105 631 3163 684 bi
3217 634 3310 699 qui

43 727 172 787 τοῖς
220 724 516 793 ἱερατικοῖς
546 719 645 771 οὐκ
675 719 849 784 ἔξεστι
891 716 1009 770 κατ’
1062 715 1198 769 ἰδίαν
1244 714 1460 782 γυναιξὶ
1508 731 1634 764 συν-

44 815 284 868 εσθίειν.
323 814 395 865 Εἰ
424 813 478 864 δὲ
521 828 651 864 ποτε
695 810 851 862 τοῦτο
884 809 1125 877 γίνεσθαι
1151 809 1352 875 δεήσει,
1383 823 1635 874 συμπαρ-

43 910 229 959 όντων
263 906 445 968 αὐτοῖς
481 905 678 970 τιμίων
725 903 933 972 ἀνδρῶν
963 919 1020 953 τε
1057 903 1148 954 καὶ
1189 901 1460 968 γυναικῶν
1508 917 1634 951 συν-

49 997 481 1068 εστιαθήσονται
524 993 793 1062 γυναιξὶν.
827 993 913 1046 ἵνα
947 992 1040 1044 καὶ
1071 990 1468 1062 ὴσυνεστίασις
1501 990 1635 1058 πρὸς

44 1088 400 1157 κατόρθωσιν
416 1084 1016 1157 πνευματικὴνιάπάγῃσ
1037 1083 1290 1153 κατορθοῖ
1305 1085 1411 1152 γὰρ
1427 1084 1452 1132 6
1465 1081 1636 1143 οὕτως

45 1182 386 1244 ἀνυπόπτως
443 1178 738 1232 συνεσθίων
806 1178 1020 1246 γυναιξὶ
1065 1179 1124 1228 τὸ
1175 1173 1495 1240 δοξάζεσθαι
1545 1172 1637 1225 τὸν

47 1273 215 1327 Θεόν.
243 1275 307 1326 Οί
345 1273 452 1341 γὰρ
475 1270 708 1342 ὁρῶντες
734 1269 911 1322 αὐτῶν
944 1269 1046 1335 ἔξω
1070 1268 1244 1336 πάσης
1275 1264 1634 1333 διατηροῦντα

47 1365 260 1418 ἑαυτὸν
290 1364 554 1433 ἀποψίας,
585 1362 870 1430 δοξάζουσι
891 1363 980 1416 τὸν
1003 1360 1329 1425 Θεὸν,·κατὰ
1360 1358 1450 1411 τὸν
1476 1359 1636 1425 εὐαγ-

45 1456 275 1526 γελικὸν
297 1455 452 1524 λόγον
480 1457 573 1509 τὸν
592 1455 840 1522 λέγονταο
865 1453 1166 1523 Λαμψιὶτω
1194 1453 1259 1506 τὸ
1289 1450 1416 1520 φῶς
1465 1449 1632 1519 ὑμῶν

41 1551 402 1620 ἔμπροσθεν
438 1548 555 1602 τῶν
585 1547 932 1616 ἀνθρώπων,
963 1547 1123 1612 ὅπως
1146 1545 1315 1599 ἴδωσι
1367 1544 1438 1598 τὰ
1481 1544 1639 1596 καλὰ

42 1642 202 1711 ἔργα
231 1639 398 1711 ὑμῶν
423 1641 522 1694 καὶ
567 1639 876 1704 δοξάσωσι
907 1639 1011 1692 τὸν
1040 1638 1273 1706 Πατέρα
1316 1635 1483 1703 ὑμῶν
1533 1635 1639 1689 τὸν

42 1737 122 1786 ἐν
148 1733 276 1800 τοῖς
296 1733 738 1802 οὐρανοῖς.,Καὶ
765 1733 826 1786 οὑ
865 1732 1025 1802 μόνον
1066 1731 1375 1801 ἀλλοτρίαις
1417 1728 1636 1797 γυναιξὶ

45 1826 363 1880 συνεσθίειν
392 1828 418 1879 6
454 1825 689 1895 μοναχὸς
733 1823 766 1894 ἢ
812 1825 840 1878 6
886 1824 1184 1894 ίερωμένος
1218 1824 1311 1876 ἐπὶ
1356 1821 1634 1892 παρουσίᾳ

46 1918 227 1971 τινῶν
268 1918 517 1971 εὐλαὸὦν
545 1919 886 1982 άπαιτεῖται,
919 1917 1054 1970 ἀλλὰ
1093 1917 1186 1968 καὶ
1211 1916 1300 1969 ὅτε
1337 1915 1632 1982 συγγενέσι

45 2006 275 2078 γυναιξὶ
327 2007 625 2061 συνεσθίει.
649 2007 764 2060 ιἙν
797 2007 855 2060 δὲ
899 2008 1228 2076 ὁδοιπορίαις
1270 2007 1566 2075 ίερωμένος
1601 2005 1634 2076 ἢ
1668 1983 1706 2035 Β

49 2101 317 2172 μοναχδς,
350 2102 399 2154 εί
433 2100 509 2171 μὴ
538 2099 650 2169 ἔχοι
681 2099 812 2152 ὅπου
841 2099 1242 2162 ἀναπαύσεται,
1275 2098 1430 2152 ἄδεια
1475 2097 1630 2152 ἔσται

48 2190 211 2261 αὐτῷ
240 2190 332 2243 καὶ
363 2191 420 2242 ὲν
448 2187 751 2258 πανδοκείῳ
779 2190 872 2240 καὶ
900 2189 956 2241 ὲν
980 2187 1112 2257 οἴκῳ
1144 2187 1290 2248 τινὸς
1321 2185 1630 2240 καταλῦσαι

48 2281 251 2350 χρείας
284 2278 738 2347 κατεπειγούσης·
785 2276 926 2344 πλὴν
980 2277 1142 2328 κάκεῖ
1186 2273 1304 2345 μετ’
1348 2275 1646 2340 εὐλαϐείας-

52 2368 314 2437 βούλεται
345 2371 373 2422 6
397 2368 578 2422 κανὼν
616 2366 714 2421 καὶ
745 2365 1038 2436 σωφρόνως
1069 2365 1268 2428 αὐτοὺς
1301 2365 1398 2438 τὴν
1428 2366 1633 2434 διαγω-

50 2460 159 2532 γὴν
195 2463 491 2515 ποιεῖσθαι.

1738 715 1904 785 igitur
1938 714 2248 783 huiusmodi
2294 716 2436 769 inter
2484 718 2828 774 Christianos
2876 722 2984 774 sint
3010 761 3026 785 ,
3067 724 3262 793 cerrigi
3296 739 3312 774 :

1738 807 1822 859 sin
1861 808 2063 870 minus,
2097 808 2444 876 antiquorum
2499 825 2769 862 canonum
2815 816 3227 876 constitutiones
3259 815 3311 866 itt

1738 899 1867 967 ipsis
1900 900 2103 954 servari
2135 900 2327 968 placet.
2362 901 2428 954 Et
2465 903 2577 955 lliCC
2609 903 2828 972 quidem
2868 907 2934 957 de
2963 906 3114 959 lait-is
3135 923 3309 960 canor-

1737 989 1950 1046 statuit.
1987 987 2193 1056 Quibus
2228 1009 2376 1058 vero,
2418 995 2591 1063 inquit
2617 1035 2629 1056 ,
2664 998 2789 1048 \‘ilil‘.
2839 1013 3010 1065 genus
3070 1000 3314 1066 quietum

1737 1092 1792 1135 et
1831 1069 2164 1148 εοὶῖιδνὶυιιι,
2195 1083 2323 1151 quin
2357 1094 2408 1139 et
2440 1085 2505 1139 iis
2546 1088 2635 1154 qui
2689 1087 2741 1137 in
2808 1105 3018 1142 snirunt
3066 1092 3313 1143 ordinem

1738 1165 1994 1239 cooptat”
2034 1183 2157 1239 sint,
2225 1176 2477 1243 privatim
2530 1178 2852 1232 mulieribus
2903 1183 3150 1234 cetwesci
3203 1195 3312 1235 non

1739 1266 1902 1321 lii-et.
1939 1263 2003 1326 Id
2041 1284 2140 1322 pro
2180 1269 2224 1322 si
2252 1269 2582 1338 quandoque
2620 1273 2928 1326 necessario
2962 1272 3074 1335 ﬁat,
3105 1289 3312 1341 nequa-

1738 1369 1904 1424 quatu
1943 1376 2055 1418 Clml
2095 1356 2314 1415 feminis
2359 1362 2708 1415 discumbere
2736 1404 2750 1427 ,
2813 1365 2915 1417 nisi
2954 1366 3315 1430 praesentibus
3351 1409 3356 1414 .

1740 1449 1982 1504 lmiiestis
2011 1453 2143 1506 viris
2175 1469 2237 1505 ac
2273 1454 2595 1509 mulieribus
2627 1492 2640 1518 .
2708 1458 3032 1524 permiSsum
3092 1459 3204 1521 sit,
3255 1467 3313 1511 ut

1741 1541 2080 1610 spiritualetu
2115 1545 2352 1612 aliquem
2385 1547 2618 1599 fructum
2674 1549 2790 1615 ipsa
2847 1548 2933 1601 illa
2990 1549 3311 1602 cenvivandi

1741 1636 1974 1688 societas
2016 1637 2210 1703 pariat.
2241 1636 2500 1706 Quisquis
2530 1639 2673 1691 enim
2705 1641 2806 1691 hoc
2846 1650 3002 1708 pacto
3041 1642 3173 1694 citra
3215 1657 3310 1695 stt-

1744 1729 2043 1796 spicioncai
2071 1743 2191 1782 cum
2217 1730 2534 1785 mulieribus
2553 1733 2813 1795 vesvitur,
2835 1742 3056 1787 cmlcros
3087 1736 3152 1788 ad
3179 1750 3316 1801 prte-

1741 1820 1964 1871 t'oniutu
1995 1819 2190 1876 divinae
2227 1822 2403 1874 laudis
2432 1823 2680 1890 impellit.
2721 1823 2852 1874 Nam
2911 1825 3000 1892 qtti
3041 1825 3107 1877 ab
3144 1837 3211 1878 eo
3249 1840 3316 1881 ne

1742 1911 2078 1964 teuuissimrn
2103 1913 2318 1981 quidem
2347 1915 2642 1982 suspicioni
2677 1917 2854 1968 locum
2885 1916 3110 1983 relinqui
3139 1918 3315 1969 anim-

1736 2002 2092 2063 adverteriut,
2131 2004 2297 2058 Deum
2335 2008 2587 2059 laudibus
2631 2006 2887 2069 echrnut,
2933 2019 2991 2060 ut
3040 2010 3093 2061 iit
3139 2008 3312 2061 Evan-

1735 2095 1878 2162 gelio
1913 2098 2182 2164 scriptum
2214 2105 2321 2159 est,
2362 2098 2467 2150 illis
2509 2099 2692 2150 verbis
2726 2115 2738 2150 :
2774 2097 2861 2151 Sic
2906 2100 3075 2152 luceat
3115 2102 3206 2151 lux
3233 2117 3316 2153 re-

1735 2198 1848 2239 τινα
1882 2203 2063 2240 coram
2095 2189 2395 2241 hominibus
2631 2199 2684 2242 nt
2725 2193 2933 2244 rideant
2965 2202 3117 2258 opera
3142 2202 3313 2245 reum

1735 2277 1915 2343 bona,
1979 2289 2029 2333 et
2076 2279 2376 2348 glorificent
2425 2279 2636 2332 Putrem
2682 2295 2908 2332 vestrum
2941 2319 2955 2342 ,
3004 2283 3092 2347 qui
3145 2291 3222 2334 es!
3260 2284 3313 2334 in

1735 2369 1879 2423 aclis
1908 2371 1974 2424 ".
2011 2369 2199 2439 Neque
2235 2372 2408 2422 solum
2443 2372 2887 2441 quamlocuuque
2938 2372 3313 2437 cum_alicnis.

1739 2459 1834 2540 sed
1864 2461 2028 2537 etiam
2054 2462 2099 2515 si
2130 2478 2254 2516 cum
2306 2463 2712 2532 propinquitate
2749 2463 2956 2532 junctis
3003 2464 3314 2519 mulieribus

54 2554 314 2608 monachi
342 2566 433 2608 aut
455 2555 630 2610 sacris
649 2555 845 2610 initiati
875 2555 1060 2610 cibum
1085 2553 1327 2623 capiant,
1386 2553 1652 2609 modestia
1681 2537 1960 2622 spectatos
1993 2555 2242 2610 homines
2265 2556 2513 2609 adhiberi
2542 2557 2643 2608 hoc
2675 2571 2886 2609 canone
2911 2565 3166 2610 statutum
3201 2567 3306 2614 est.

53 2643 106 2699 ln
159 2647 358 2701 itinere
396 2656 602 2712 tamen.
636 2647 726 2701 ubi
774 2646 912 2702 alius
968 2646 1342 2701 commorandi
1396 2646 1550 2700 locus
1597 2661 1704 2700 non
1747 2656 2018 2715 suppetat,
2052 2655 2268 2703 sacrato
2303 2648 2507 2702 homini
2541 2657 2632 2701 aut
2662 2652 2934 2704 monacho
2979 2653 3195 2722 itnpunc
3244 2651 3308 2704 ad

56 2755 361 2810 cauponam
384 2741 671 2805 divertere,
697 2751 786 2797 aut
811 2744 865 2798 itt
891 2743 1114 2798 alterius
1135 2741 1442 2810 cuiuspiam
1467 2740 1632 2795 domo
1677 2742 1902 2798 instanti
1939 2744 2258 2800 necessitati
2289 2744 2606 2799 satisfacere
2639 2760 2966 2801 concessum
3035 2750 3104 2801 sit
3136 2768 3148 2802 :

3219 2747 3311 2803 scd

60 2835 107 2887 in
152 2835 228 2903 iis
254 2848 469 2904 quoque
503 2833 636 2888 locis
671 2835 950 2902 religionis
981 2834 1340 2888 nihilominus
1389 2847 1456 2887 ac
1487 2837 1864 2902 temperantiae
1900 2837 2168 2890 rationem
2203 2835 2271 2890 ab
2302 2836 2413 2891 illis
2466 2851 2643 2891 canon
2679 2839 2866 2892 haberi
2899 2840 3067 2907 jubet.

61 2926 290 2980 ΔΡΙΣΤ.
340 2942 359 2975 t
389 2925 625 2988 Λαῐκοὺς
661 2925 758 2994 μὲν
791 2925 990 2994 ἄνδρας
1049 2923 1352 2976 συνεσθίειν
1387 2922 1635 2989 γυναιξὶν

135 3037 154 3070 ι
203 3015 549 3085 ἀδιάϐλητον·
578 2993 931 3087 μδνοτρόποις
957 3015 1013 3069 δὲ
1029 3016 1129 3068 οὐκ
1151 3013 1330 3078 ἔξεστι
1351 3015 1470 3067 κατ’
1498 3012 1634 3066 ἰδίαν

130 3129 149 3162 ι
205 3108 430 3176 γυναιξὶ
465 3108 792 3171 συνεσθίειν,
823 3110 872 3160 εί
915 3109 1122 3177 μήπου
1170 3106 1312 3192 μετα
1361 3106 1637 3173 θεοφόῦων

139 3222 157 3254 t
213 3203 311 3256 καὶ
347 3201 592 3255 εὐλαὸὦν
621 3200 830 3270 ἀνδρῶν
845 3196 915 3252 ’τε
955 3199 1364 3266 καὶγυναικῶν.
1406 3199 1494 3251 Ἐν
1535 3198 1639 3267 ὁδῷ

136 3315 156 3348 ι
205 3295 267 3346 δὲ
303 3294 534 3365 μοναχὸς
567 3293 598 3363 ἢ
640 3292 910 3364 ἰερατικὸς
937 3290 1096 3362 ἀνὴρ,
1131 3291 1208 3361 μὴ
1238 3289 1636 3360 ἐπιφερόμενος

139 3407 159 3440 ι
211 3389 284 3442 τὰ
316 3388 612 3456 ἀναγκαῖα,
649 3389 705 3439 ὲν
737 3385 1042 3456 πανδοκείῳ
1076 3383 1462 3439 καταλύσουσι.
1513 3401 1532 3434 ι

136 3655 214 3711 Τὸ
253 3652 353 3724 μὲν
389 3654 508 3724 μετ’
542 3653 894 3726 εὐχαριστίας
939 3655 1032 3708 καὶ
1067 3652 1236 3723 φόϐου
1270 3651 1428 3716 Θεοῦ,
1455 3650 1530 3720 μὴ
1556 3649 1645 3703 διά

81 3764 235 3802 τινων
270 3747 577 3817 θυμελικῶν
619 3747 713 3800 καὶ
749 3745 1066 3798 σατανικῶν
1092 3743 1376 3815 ᾀσμάτων,
1425 3740 1645 3802 λαῖκοὺς

84 3841 274 3911 ἄνδρας
295 3838 514 3906 γυναιξὶ
547 3837 847 3890 συνεσθίειν
868 3836 977 3889 τῶν
1001 3836 1344 3904 ἁδιαὸλήτων
1369 3833 1506 3886 ἐστί·
1532 3836 1646 3893 τοῖς

85 3934 162 3983 καὶ
193 3931 314 4000 βίον
351 3927 576 3998 ἡσύχιον
625 3928 828 3997 ἔχουσι,
867 3928 962 3982 καὶ
994 3925 1362 3997 μονοτρόπως,
1406 3923 1482 3986 ὡς
1518 3940 1644 3975 συν-

88 4001 402 4089 ταξαμένοις
439 4018 558 4088 Θεῷ
609 4021 700 4070 καὶ
737 4017 1050 4089 καταμόνας
1088 4016 1333 4075 καθίσαι.
1368 4015 1463 4069 καὶ
1520 4031 1649 4067 σιω-

90 4111 284 4180 πτῆται,
301 4111 420 4163 κατ’
443 4110 578 4164 ίδίαν
599 4111 734 4172 ὅλως
758 4110 856 4163 οὐκ
881 4109 1058 4174 ἔξεστι
1086 4106 1298 4177 γυναιξ)⁹
1325 4104 1644 4168 συνεσθίειν,

91 4206 128 4255 εί
157 4209 231 4275 μή
273 4221 374 4256 που
414 4203 555 4274 μετὰ
584 4221 746 4256 τινων
773 4201 1050 4270 θεοφόόων
1083 4201 1292 4271 ἀνδρῶν
1325 4217 1386 4253 τε
1422 4201 1517 4252 καὶ
1546 4215 1644 4267 γυ-

92 4299 283 4350 ναικῶν
316 4295 736 4366 συνεστιαθῆναι
789 4295 1128 4365 θελήσουσιν·
1185 4294 1271 4347 ἵνα
1307 4294 1402 4348 καὶ
1444 4294 1582 4364 αὑτὴ
1613 4295 1649 4363 ἡ

106 4389 434 4452 συνεστίασις
462 4388 597 4460 πρὸς
629 4389 970 4460 κατόρθωσιν
992 4387 1372 4459 πνευματικὴν
1397 4385 1647 4455 γένηται.

116 4479 186 4530 Ἑν
231 4479 341 4550 ὁδῷ
367 4479 441 4544 δὲ,
470 4479 519 4531 εί
550 4478 619 4532 τὰ
646 4480 918 4548 ἀναγκαῖα
949 4480 1049 4532 οὐκ
1081 4479 1459 4548 ἐπιφέρονται,
1494 4477 1650 4531 ἄδεια

99 4565 288 4622 δίδοται
316 4570 410 4623 καὶ
442 4567 661 4640 μοναχῷ
689 4569 783 4621 καὶ
809 4568 1071 4638 ἱερατικῷ
1095 4569 1252 4637 ἀνδρὶ
1268 4570 1326 4620 ὲν
1349 4565 1650 4634 πανδοκείῳ

103 4662 191 4714 είτε
237 4666 338 4716 καὶ
367 4667 424 4720 ὲν
459 4665 593 4734 οῐκῳ
629 4662 920 4719 καταλύειν
952 4663 1042 4719 διὰ
1076 4663 1172 4736 τὴν
1213 4662 1650 4732 κατεπείγουσαν

103 4755 296 4822 χρείαν.

161 4932 201 4966 ’⁸
223 4931 419 4990 Matth.
458 4949 512 5000 ν,
546 4933 634 4989 l6.

269 5983 284 6004 ο
350 6019 602 6078 Pyram.
653 6012 765 6073 Gtt.
811 6013 1155 6073 CXXXVII.

1747 2925 1976 2980 AlilST.
2019 2945 2037 2976 t
2091 2925 2292 2980 Laicos
2341 2927 2559 2993 quidem
2615 2929 2762 2980 viros
2815 2943 2936 2980 cum
3002 2930 3316 2986 mulieribus

1820 3035 1839 3068 ι
1881 3016 2133 3071 convesci
2167 3027 2249 3071 est
2289 3016 2356 3070 ab
2389 3017 2539 3071 omni
2569 3016 2992 3085 reprehensione
3026 3020 3257 3072 alienum
3293 3039 3308 3074 :

1820 3129 1836 3160 ι
1878 3109 2143 3166 solitariis
2168 3119 2349 3165 autem
2390 3111 2522 3165 viris
2559 3125 2681 3162 cum
2717 3111 3035 3164 mulieribus
3066 3113 3315 3179 privatim

1819 3217 1840 3250 ι
1885 3201 2164 3253 convivari
2195 3216 2302 3253 non
2342 3201 2468 3253 licet
2499 3217 2512 3263 ;
2546 3201 2648 3253 nisi
2681 3199 2908 3253 forsitan
2942 3217 3045 3254 una
3070 3220 3190 3256 enm
3223 3207 3314 3259 Dei

1824 3309 1842 3342 ι
1880 3293 2197 3347 timentibus
2228 3299 2281 3346 et
2317 3291 2587 3362 religiosis
2615 3292 2747 3346 viris
2779 3299 2832 3346 et
2887 3295 3224 3349 mulieribus.
3260 3297 3312 3348 In

1825 3403 1844 3436 ι
1885 3386 2079 3440 itinere
2112 3393 2294 3440 autem
2336 3385 2638 3440 monachus
2673 3386 2750 3440 vel
2785 3393 2839 3440 et
2873 3388 3041 3441 sacris
3079 3388 3317 3440 initiatus

1823 3492 1842 3522 ι
1889 3474 2000 3536 vir,
2031 3486 2217 3526 secum
2248 3473 2558 3526 necessaria
2597 3490 2702 3526 non
2745 3473 2998 3538 all‘erens,
3025 3474 3077 3526 in
3143 3477 3316 3541 publi-

1821 3581 1840 3614 ι
1881 3579 2008 3617 cum
2040 3561 2407 3618 diversorium
2433 3563 2687 3619 divertat.
2726 3581 2743 3614 ι

1816 3654 1952 3710 Cum
1985 3655 2285 3727 gratiarum
2315 3657 2533 3723 quidem
2569 3657 2784 3710 aetione
2831 3664 2884 3709 et
2930 3655 3021 3711 Dei
3080 3659 3268 3712 timore
3296 3701 3312 3722 ,

1749 3766 1856 3805 non
1892 3752 2127 3807 scenicis
2174 3751 2449 3822 aliquibus
2478 3759 2531 3805 et
2565 3751 2824 3806 satanicis
2904 3753 3128 3806 canticis
3158 3794 3173 3817 .
3223 3753 3316 3809 lai-

1747 3859 1844 3898 eos
1873 3843 2021 3898 viros
2076 3859 2200 3898 cum
2261 3843 2586 3897 mulieribus
2645 3841 2939 3905 convcsci.
3000 3843 3313 3911 reprehendi

1750 3934 1958 4000 nequit.
1996 3935 2084 3985 Eis
2117 3942 2320 3995 autem,
2348 3934 2441 4001 qui
2479 3927 2639 3985 vitam
2669 3934 2907 4000 quietam
2939 3941 2991 3985 et
3018 3935 3315 3986 solitariam

1748 4025 2056 4092 elegerunt,
2087 4031 2144 4078 ut
2177 4023 2268 4093 qui
2296 4023 2405 4077 lico
2430 4023 2839 4092 sp0ponderunt
2871 4022 3110 4079 solitarie
3133 4028 3317 4079 sciere

1749 4120 1802 4164 et
1831 4111 2012 4174 silere,
2049 4127 2156 4164 non
2191 4111 2415 4164 omnino
2454 4111 2582 4166 licet
2609 4127 2731 4166 cum
2764 4111 3086 4177 mulieribus
3137 4118 3318 4183 priva-

1749 4203 1845 4255 tim
1877 4202 2162 4257 comedere
2197 4219 2209 4255 :
2246 4201 2353 4256 nisi
2389 4201 2529 4256 forte
2590 4218 2713 4256 cum
2762 4203 3033 4270 religiosis
3087 4207 3313 4272 quibus-

1751 4295 1876 4349 dam
1919 4296 2056 4350 viris
2085 4303 2175 4349 aut.
2212 4296 2538 4350 mulieribus
2565 4294 2842 4347 convivari
2888 4293 3049 4347 velint
3081 4312 3097 4359 ;
3159 4304 3217 4350 nt
3266 4309 3321 4352 et

1754 4389 1931 4456 ipsum
1968 4388 2132 4442 etiam
2170 4387 2480 4441 convivium
2517 4384 2585 4436 ad
2642 4382 2981 4452 spiritualem
3018 4389 3320 4442 correctio-

1753 4493 1876 4532 nem
1910 4478 2116 4530 tendat.
2146 4475 2204 4529 ln
2238 4475 2435 4529 itinere
2471 4483 2652 4528 autem
2685 4514 2700 4537 .
2755 4474 2803 4529 si
2854 4480 3158 4532 necessaria
3212 4494 3318 4532 non
3381 4525 3387 4528 .

1753 4568 2080 4630 aﬂeruntur,
2111 4566 2237 4620 licet
2267 4566 2540 4624 monacho
2599 4575 2693 4620 aut
2736 4566 2943 4622 homini
2996 4568 3320 4622 sacerdotali

1755 4657 1810 4711 in
1853 4656 2131 4726 publicum
2164 4655 2551 4718 diversorium,
2587 4654 2668 4709 vel
2714 4653 2771 4707 in
2824 4652 3058 4723 alicujus
3096 4655 3317 4709 domum

1673 4763 1728 4825 D
1757 4751 2027 4808 divertere
2063 4756 2287 4821 propter
2315 4753 2598 4817 urgentem
2633 4742 2806 4812 ipsius
2841 4745 3243 4806 necessitatem.

2855 6013 2964 6074 32-
