3988 6352
115 455 272 523 1021

212 685 232 720 ι
279 669 413 740 χοῦς
440 671 722 738 ὑποδίκους
763 681 924 732 ποιεῖ.
974 698 992 731 ι

195 936 406 996 ΒΑΛΣ.
438 940 520 995 Τὰ
553 942 642 998 διὰ
666 944 763 1015 τὴν
789 947 986 1000 κακίαν
1009 951 1102 1002 καὶ
1147 949 1247 1020 τὴν
1298 951 1540 1004 ἐπίθεσιν
1584 954 1692 1005 τῶν

105 1028 511 1100 ιίκσνομὰχων
563 1037 912 1105 συμπεσόντα
944 1040 1091 1092 δεινὰ
1121 1045 1230 1104 τοῖς
1265 1046 1517 1113 μοναχοῖς
1563 1045 1691 1095 ἔπο-

108 1139 174 1173 νε
187 1120 394 1176 ίδιστον
419 1127 786 1196 ἀπειργάσατο
810 1131 870 1183 τὸ
913 1135 1201 1202 μοναχικὺν
1233 1128 1524 1201 σεϐἇσμιον
1558 1137 1692 1203 σχῆ-

109 1228 230 1276 μα,
265 1215 434 1282 φησὶν
456 1219 485 1270 ό
509 1220 707 1274 κανών.
738 1222 1043 1276 Κατέλιπον
1068 1223 1175 1294 γὰρ
1215 1225 1312 1288 τὰς
1357 1226 1492 1288 ίδίας
1525 1227 1691 1295 μονὰς

105 1303 168 1374 οξ
213 1307 550 1373 μονάζοντες
577 1310 664 1365 διὰ
707 1312 806 1382 τὴν
833 1315 943 1368 τῶν
971 1318 1264 1386 αίρετικῶν
1295 1321 1524 1390 ἀπειλήν
1555 1337 1568 1352 ’
1598 1325 1691 1374 καὶ

103 1399 167 1448 οἱ
209 1399 318 1466 μὲν
361 1403 441 1464 είς
465 1401 652 1474 ἕτερον
681 1408 980 1473 μετέπεσον
1012 1414 1392 1484 μοναστήριον,
1425 1416 1481 1466 οί,
1513 1415 1569 1467 δὲ
1610 1418 1690 1479 είς

103 1493 375 1560 κοσμικὰ
402 1495 703 1551 κατέλυσαν
732 1501 1085 1570 καταγώγια.¹
1107 1506 1213 1559 Καὶ
1246 1507 1368 1558 τότε
1401 1508 1500 1575 μὲν
1533 1509 1690 1561 ἀνεύ-

107 1579 293 1635 θυνον
326 1585 538 1655 ὑπῆρχε
569 1589 629 1640 τὸ
654 1591 967 1658 γενόμενον,
1011 1596 1311 1665 κατήντησε
1344 1599 1401 1651 δὲ
1425 1599 1580 1650 τοῦτο
1612 1602 1690 1661 είς

105 1673 351 1739 γέλωτα
386 1681 496 1740 τοῖς
545 1680 782 1745 πολλοῖς.
833 1685 1135 1754 ΠαυΘείσης
1164 1688 1274 1758 γὰρ
1316 1689 1417 1758 τῆς
1456 1691 1562 1743 ἁπδ
1595 1691 1688 1743 τοῦ

102 1764 375 1835 διωγμοῦ
407 1768 515 1821 τῶν
537 1771 880 1835 Χριστιανῶν
908 1776 1155 1848 ἀπειλῆς,
1197 1779 1287 1833 διὰ
1324 1780 1384 1832 τὸ
1433 1780 1690 1849 ὑφαπλω-

1321 482 1398 541 lN
1433 483 1601 544 CAN.
1652 482 1724 545 IV
1769 482 1977 546 CONC.
2012 486 2211 549 CPOL.

207 594 230 627 ‹
275 576 435 632 τοῦτο
462 579 584 635 οὔτε
607 582 734 646 τοὺς
758 583 1185 658 ὑποδεχομένους
1212 593 1334 646 οὕτε
1365 597 1490 658 τοὺς
1531 613 1694 665 μονα-
1723 598 1764 653 Α

3211 491 3342 557 1029

1885 619 1902 649 ι
1969 617 2154 655 eorum
2213 605 2304 674 qui
2370 603 2676 659 inhabitant
2735 605 2984 671 salutem,
3058 609 3344 664 traducere

1873 709 1891 739 ι
1931 693 2219 758 censuerit,
2253 694 2334 749 vel
2364 695 2417 748 in
2443 695 2636 762 quovis
2661 695 2768 750 alio
2803 695 2922 749 loco
2957 700 3344 766 praeponendos

1874 804 1891 835 ι
1941 787 2163 854 putarit,
2207 788 2309 842 hoc
2357 803 2532 856 neque
2584 804 2678 844 eos
2722 789 2814 858 qui
2869 790 3195 859 suscipiunt,
3243 806 3341 845 nec

1868 894 1888 926 ι
1921 877 2064 944 ipsos
2094 869 2389 935 monachos
2425 881 2693 935 obnoxios
2719 881 2924 935 reddet.
2970 901 2990 934 ι

1863 968 2058 1026 BALS.
2091 970 2220 1035 Quae
2248 983 2468 1040 propter
2505 974 2993 1026 lconomachorum
3024 973 3340 1042 improbita-

1793 1071 1896 1114 tem
1920 1070 1972 1115 et
1999 1062 2253 1118 iusultum
2291 1065 2430 1117 mala
2472 1065 2753 1118 monachis
2789 1065 3127 1129 acciderant,
3155 1071 3341 1119 mona-

1792 1155 1983 1227 sticum
2039 1154 2403 1208 venerandum
2471 1156 2710 1211 habitum
2779 1157 3098 1224 probrosum
3147 1153 3342 1208 effece-

1793 1254 1946 1308 runt,
1970 1255 2030 1298 ut
2057 1245 2235 1312 inquit
2255 1261 2455 1301 canon.
2483 1245 2731 1304 Monachi
2754 1247 2897 1322 enim
2925 1249 3134 1314 propria
3162 1259 3345 1297 mona-

1793 1339 1957 1390 steria
1992 1339 2352 1407 reliquerunt,
2385 1349 2609 1407 propter
2635 1337 2811 1390 minas
2838 1338 3216 1390 hereticorum
3251 1352 3264 1388 :
3292 1342 3345 1387 et

1794 1429 1881 1482 alii
1914 1428 2128 1496 quidem
2169 1445 2228 1483 se
2261 1429 2314 1482 in
2348 1429 2447 1483 alia
2491 1429 2816 1481 monasteria
2842 1427 3207 1488 contulerunt,
3254 1428 3346 1482 alii

1792 1533 1919 1572 vero
1951 1520 2003 1572 in
2057 1521 2348 1573 mundanis
2395 1518 2721 1572 habitaculis
2773 1517 2934 1570 vitam
2977 1525 3222 1585 egerunt.
3279 1516 3342 1568 Et

1794 1623 1922 1666 tunc
1951 1610 2206 1679 Equidem,
2256 1609 2401 1678 quod
2452 1611 2520 1663 ab
2568 1611 2644 1662 eis
2711 1603 3037 1670 fiebat,'erat
3087 1606 3154 1659 ab
3199 1606 3345 1660 omni

1795 1704 1950 1772 culpa
1985 1711 2040 1757 et
2065 1703 2487 1772 reprehensione
2515 1700 2748 1753 alienum
2782 1715 2795 1750 :
2829 1698 3002 1752 evasit
3029 1706 3208 1750 autem
3249 1696 3350 1747 hoc

1793 1804 1977 1862 postea
2027 1794 2216 1848 multis
2274 1793 2584 1847 ridiculum.
2631 1790 2766 1844 Cum
2815 1789 2958 1842 enim
3012 1786 3348 1840 cessaverint

105 1855 292 1925 θῆναι
325 1859 424 1964 την
454 1861 784 1929 ὀρθοδοξίαν,
803 1866 945 1927 τινὲς
970 1867 1078 1919 τῶν
1104 1872 1350 1938 μοναχῶν
1373 1871 1692 1944 ἁνερυοριᾲ-

1794 1887 1949 1940 minze
2001 1900 2121 1955 quae
2178 1885 2232 1938 in
2285 1884 2628 1940 Christianos
2680 1881 3087 1936 intentabantur
3129 1884 3349 1946 propter

107 1965 274 2013 στως
307 1951 549 2021 τολμῶσι
581 1958 755 2008 ποιεῖν
799 1955 942 2027 ἆπερ
967 1956 1052 2010 διὰ
1079 1958 1180 2028 τὴν
1206 1960 1452 2030 ἀνάγκην
1474 1962 1693 2015 ἀκινδύ-

109 2057 236 2105 νως
265 2044 518 2112 ἐγίνοντο
542 2050 695 2116 παρά
726 2067 910 2124 τινων.
941 2051 1030 2120 Τῷ
1054 2069 1133 2106 τοι
1166 2055 1257 2106 καὶ
1298 2056 1601 2124 ὑποχωρεῖν
1628 2057 1693 2109 ἐκ

104 2131 234 2182 τῶν
253 2133 480 2187 οἰκείων
506 2122 887 2206 άποκάρσεων,
906 2141 1001 2193 καὶ
1025 2141 1174 2210 παρὰ
1199 2145 1322 2206 ταῖς
1346 2122 1531 2198 πόλεσι
1556 2147 1694 2215 μετὰ

106 2221 338 2275 λαῖκῶν
361 2225 654 2297 διατρίϐειν
685 2229 785 2282 οὐκ
816 2231 1192 2300 αίσχύνονται,
1232 2235 1692 2304 προφασιζόμενοι

109 2315 221 2366 καὶ
265 2319 420 2383 παρὰ
454 2317 562 2370 τῶν
599 2320 705 2387 πρὸ
735 2320 916 2373 αὐτῶν
949 2323 1200 2390 μοναχῶν
1249 2322 1476 2377 τοιαῦτα
1521 2325 1694 2377 πολλὰ

108 2405 396 2483 γίνεσθαι.
459 2409 569 2462 Καὶ
625 2410 745 2463 ἐπεὶ
789 2412 946 2466 τοῦτο
989 2413 1350 2480 ἀνυποταξίας
1394 2417 1692 2486 κατηγορεῖ

111 2500 258 2563 τοὺς
302 2502 593 2570 μοναχοὺς,
625 2503 720 2556 καὶ
741 2503 839 2573 τὴν
877 2504 1218 2559 κατάστασιν
1266 2508 1378 2559 τῶν
1427 2524 1694 2578 μοναστη-

114 2591 260 2660 ρίων
295 2593 643 2663 λυμαίνεται,
673 2595 872 2662 ὥρισεν
903 2596 1318 2664 ἀφωρισμένους
1344 2594 1484 2650 εἶναι
1511 2599 1602 2650 τόν
1630 2616 1692 2651 τε

115 2683 237 2735 ἀπὸ
265 2685 371 2752 τῆς
403 2687 461 2738 ὲν
546 2686 851 2753 ἀπετάξατο
902 2687 1068 2756 μονῆς
1111 2688 1493 2758 ἀποδράσαντα
1526 2707 1691 2758 μονα-

114 2775 243 2845 χὸν,
271 2777 369 2828 καὶ
399 2779 476 2838 εἰς
509 2778 693 2845 ἕτερον
713 2779 969 2848 δεχῠέντα
1000 2781 1377 2850 μοναστήριον,
1411 2781 1546 2833 ἀλλὰ
1583 2783 1692 2854 μὴν

112 2870 228 2923 καὶ
251 2868 345 2920 τὸν
379 2871 566 2921 τοῦτον
590 2872 882 2940 δεξάμενον
905 2873 1226 2942 ἡγούμενον,
1256 2873 1368 2926 ἔστ’
1403 2874 1468 2926 ἂν
1497 2876 1526 2927 ὁ
1555 2876 1691 2929 ἀπο-

115 2956 326 3028 φυγὼν
357 2960 583 3029 μοναχὺς
613 2959 928 3033 ὑποστρέψῃ
972 2963 1052 3024 είς
1097 2963 1194 3033 τὴν
1242 2963 1451 3017 οἰκείαν
1501 2966 1687 3035 μονήν.

116 3052 242 3105 Καὶ
286 3051 459 3105 ταῦτα
517 3052 634 3119 μὲν,
680 3053 808 3105 ὅταν
858 3055 1099 3108 τοιοῦτόν
1143 3073 1195 3108 τι
1242 3056 1464 3125 γένηται
1522 3059 1692 3126 χωρὶς

116 3143 497 3210 ἐπισκοπικῆς
526 3144 792 3213 εἰδήσεως
859 3147 907 3196 εί
937 3146 990 3197 δὲ
1020 3147 1048 3197 ό
1082 3146 1223 3198 κατὰ
1253 3147 1438 3215 χώραν
1464 3148 1690 3201 ἐπίσκο-

117 3247 234 3293 πος
265 3234 593 3302 κατανοήσει
642 3235 799 3300 τήνδε
848 3232 1051 3303 (τυχὶν)
1086 3235 1184 3304 τὴν
1233 3236 1397 3307 μονὴν
1429 3237 1502 3307 μὴ
1550 3238 1695 3305 ἔχειν
1723 3229 1768 3290 C

121 3326 406 3396 γοναχοὺς
425 3325 694 3390 εὐλαϐεῖς,
721 3325 937 3389 ἱκανοὺς
968 3327 1032 3380 ὲκ
1058 3326 1167 3379 τῶν
1197 3329 1410 3382 οἰκείων
1440 3324 1692 3399 πράξεων

124 3418 232 3471 καὶ
261 3418 458 3480 ἄλλους
490 3419 623 3488 πρὸς
649 3420 922 3490 σωτηρίαν
959 3424 1312 3489 μεταγαγεῖν,
1351 3426 1446 3474 καὶ
1472 3423 1700 3492 δοκιμά-

128 3525 222 3560 σει
270 3508 550 3578 συμφέρον
582 3507 722 3562 εἶναι
757 3511 1141 3580 μετενεχθῆναι
1167 3513 1313 3565 τόνδε
1341 3513 1435 3565 τὸν
1463 3515 1694 3581 μοναχὸν

118 3600 224 3670 ἀφ’
255 3597 325 3671 ἦς
365 3602 620 3670 ἀπεκάρη
660 3605 826 3672 μονῆς
850 3605 928 3664 είς
964 3605 1177 3672 ἑτέραν,
1208 3605 1240 3672 ἢ
1284 3592 1694 3671 ἐγκαταστῆσαι

119 3696 209 3756 είς
248 3693 520 3762 κοσμικὰς
561 3694 738 3757 οἰκίας
784 3695 1122 3764 οίκονόμους,
1144 3695 1232 3748 διὰ
1275 3695 1550 3766 σωτηρίαν
1585 3697 1693 3748 τῶν

119 3784 536 3839 κατοικούντων
563 3786 622 3839 ἐν
647 3787 806 3856 αὐτῇ,
853 3786 885 3856 ἢ
936 3789 1029 3839 καὶ
1058 3787 1293 3857 ἀλλαχοῦ
1329 3805 1433 3840 που
1466 3789 1693 3842 tutata.

117 3880 318 3946 τῆσαι,
345 3880 629 3947 γενήσεται
661 3879 1331 3960 τοῦτορπαρεμποδίστως
1353 3896 1368 3913 ο
1423 3882 1561 3950 μήτε
1589 3882 1695 3933 τῶν

126 3969 386 4041 μοναχῶν
419 3970 555 4038 μήτε
585 3969 693 4020 τῶν
721 3970 1132 4037 ὑποδεχομένων
1154 3969 1350 4029 αὐτοὺς
1370 3968 1695 4033 ὀφειλόντων

126 4064 274 4122 ὅλως
298 4059 854 4128 προκριματισθῆναι.
889 4059 1104 4112 Τούτων
1134 4057 1307 4119 οὕτως
1338 4057 1588 4127 ἐχόντων,
1618 4052 1695 4110 εἷ-

131 4152 239 4204 πόν
267 4165 416 4210 τινες
445 4147 822 4207 ἐναντιοῦσθαι
842 4148 1012 4200 ταῦτα
1041 4151 1152 4210 τοῖς
1186 4147 1558 4200 θεσπισθεῖσιν
1591 4147 1693 4199 ὑπὸ

122 4241 226 4297 τοῦ
278 4245 334 4292 π’
411 4239 634 4302 κανόνος
687 4239 788 4308 τῆς
843 4239 900 4292 ἐν
943 4240 1268 4310 Καροαγένῃ
1315 4240 1553 4302 συνόδου,
1601 4240 1696 4293 καὶ

122 4331 522 4402 διοριζομένοις
571 4331 663 4384 τὸν
705 4331 943 4384 τοιοῦτόν
987 4348 1036 4383 τι
1075 4331 1336 4385 ποιοῦντα
1373 4332 1693 4395 ἐπίσκοπον,

122 4427 223 4482 καὶ
269 4425 682 4495 ὑποδεχόμενον,
713 4425 822 4477 ἀπὸ
866 4424 1145 4494 ἀλλοτρίου
1180 4425 1546 4494 μοναστηρίον
1598 4443 1693 4493 μοι

1795 1981 2224 2050 persecutionem
2276 1991 2342 2030 eo
2395 1977 2539 2044 quod
2597 1976 2898 2029 orthodoxa
2952 1972 3220 2025 sententia
3277 1972 3348 2022 sit

1795 2074 2020 2143 simplex
2051 2083 2103 2126 et
2133 2077 2354 2140 aperta;
2388 2068 2606 2138 quidam
2637 2077 2813 2121 tamen
2859 2063 3110 2119 monachi
3151 2064 3348 2117 audent

1795 2170 2001 2236 absque
2034 2166 2143 2219 ulto
2183 2165 2388 2234 pudore
2415 2177 2477 2216 ea
2512 2159 2712 2225 facere,
2746 2175 2865 2228 qua:
2898 2167 3120 2229 propter
3160 2171 3346 2210 neces—

1795 2261 2006 2314 sitatem
2050 2257 2118 2309 ab
2149 2253 2418 2322 aliquibus
2443 2267 2632 2307 secure
2683 2252 2900 2304 fiebant.
2929 2250 3044 2313 Quo
3075 2248 3154 2310 tit,
3190 2257 3245 2299 ut
3296 2255 3351 2299 et

1795 2368 1821 2404 a
1853 2335 2080 2422 propriis
2107 2358 2349 2403 tonsum
2382 2346 2515 2401 locis
2548 2346 2826 2410 recedant,
2860 2352 2913 2398 et
2949 2344 3001 2396 in
3034 2340 3347 2396 civitatibus
3389 2323 3397 2344 ’

1795 2459 1916 2497 cum
1951 2442 2102 2496 laicis
2141 2443 2344 2494 versari
2385 2452 2492 2492 non
2531 2437 2888 2501 erubescant;
2933 2435 3040 2490 hoc
3088 2442 3348 2502 praetextu

1798 2531 2031 2597 utentes“,
2076 2531 2217 2601 quod
2250 2546 2280 2584 a
2327 2527 2629 2585 monachis.
2667 2528 2760 2594 qui
2802 2540 2896 2578 eos
2938 2529 3347 2591 praecesserunt.

1795 2625 1961 2679 multa
2001 2619 2266 2692 ejusmodi
2298 2619 2438 2672 facta
2469 2618 2599 2672 sint.
2640 2619 2700 2669 Et
2735 2615 2990 2682 quoniam
3028 2614 3131 2666 hoc
3161 2626 3350 2664 mona-

1793 2717 2018 2770 chorum
2083 2710 2504 2768 inobedicntiam
2551 2709 2754 2776 arguit,
2799 2714 2851 2760 et
2897 2703 3348 2759 monasteriorum

1793 2808 2237 2864 constitutionem
2291 2803 2506 2869 evertit,
2557 2801 2748 2857 statuit
2795 2797 3055 2868 synodus,
3082 2804 3188 2847 tam
3224 2807 3348 2845 eum

1795 2900 1885 2970 qui
1913 2915 1939 2951 a
1975 2896 2306 2950 monasterio
2337 2895 2391 2949 in
2432 2908 2540 2961 quo
2566 2891 2896 2945 constitutus
2924 2895 3006 2941 est
3041 2883 3268 2951 aufugit,
3296 2889 3352 2933 et

1794 2996 1848 3049 in
1889 2993 2056 3046 altero
2090 2985 2428 3042 monasterio
2469 2988 2759 3048 susceptus
2795 2985 2902 3040 est,
2952 2989 3113 3043 quam
3171 2979 3348 3040 ipsum

1799 3085 1959 3140 etiam
2025 3078 2362 3150 pra-fectum,
2427 3072 2666 3143 quicum
2733 3059 2978 3133 susCepit
3037 3071 3352 3132 segregatos

1798 3191 1938 3237 esse,
1990 3173 2161 3227 donec
2211 3167 2511 3223 monachus
2560 3164 2651 3233 qui
2713 3159 2924 3228 aufugit
2970 3156 3036 3211 ad
3076 3155 3350 3224 proprium

1802 3264 2192 3322 monasterium
2241 3267 2562 3315 revertatur.
2600 3255 2665 3308 Et
2716 3254 2833 3307 ha‘c
2864 3251 3082 3320 quidem
3137 3244 3355 3312 quando

1799 3361 2006 3428 absque
2053 3353 2345 3425 episcopali
2395 3348 2621 3404 scientia
2661 3343 2866 3413 aliquid
2914 3334 3352 3428 liujusmodifa-

1799 3424 1944 3506 ctum
1969 3449 2057 3502 sit.
2088 3424 2142 3498 Si
2177 3455 2355 3497 autem
2393 3440 2512 3507 eius
2540 3437 2778 3506 regionis
2813 3433 3103 3499 episcopus
3131 3424 3353 3480 intelle-

1798 3541 1957 3602 xerit,
1995 3538 2097 3590 hnc
2129 3531 2299 3604 (verbi
2345 3527 2537 3600 gratia)
2574 3524 2959 3579 monasterium
2996 3522 3113 3589 pios
3135 3527 3186 3572 et
3222 3518 3351 3571 rcli-

1796 3633 1977 3702 giosns
2016 3626 2327 3682 monachos
2362 3637 2468 3675 nou
2505 3620 2727 3680 habere,
2764 3631 2862 3669 nec
2895 3613 3134 3685 propriis
3180 3612 3351 3664 actio-

1796 3699 1957 3779 nibus
1985 3731 2140 3792 aptos
2175 3726 2231 3774 ut
2258 3715 2322 3769 ad
2356 3714 2587 3771 salutem
2617 3710 2752 3764 alios
2785 3707 3093 3766 traducant,
3133 3711 3187 3756 et
3220 3699 3361 3754 utile

1796 3810 2282 3882 essejudicaverit,
2317 3816 2375 3861 ut
2404 3805 2495 3859 hic
2530 3801 2777 3882 videlicet
2809 3796 3111 3852 monachus
3160 3806 3186 3845 a
3233 3805 3350 3842 mo-

1798 3906 2054 3968 nasterio,
2092 3904 2144 3954 in
2181 3916 2292 3966 quo
2333 3884 2528 3949 tonsus
2561 3901 2664 3955 est,
2694 3892 2746 3944 in
2776 3887 2923 3942 aliud
2959 3882 3347 3939 transferatur,

1795 3997 1876 4049 vel
1913 3994 2070 4047 etiam
2123 3990 2189 4044 ad
2238 3986 2518 4043 szecularis
2565 3983 2762 4038 domus
2821 3974 3348 4031 administrationem

1799 4093 2017 4156 propter
2050 4096 2238 4136 eorum
2265 4079 2355 4146 qui
2392 4078 2445 4131 in
2479 4077 2595 4145 ipsa
2629 4074 2876 4128 habitant
2904 4071 3154 4130 salutem,
3189 4065 3351 4119 collo-

1795 4189 1966 4240 cetur,
1998 4176 2079 4230 vel
2111 4175 2308 4243 aliquo‘
2329 4170 2435 4224 alio
2471 4170 2525 4223 in
2563 4169 2684 4222 loco
2733 4164 3081 4233 prasticiatur,
3118 4161 3220 4212 hoc
3260 4163 3346 4211 tte:

1797 4269 1916 4325 sine
1936 4267 2046 4321 ullo
2078 4263 2466 4330 impedimento
2503 4276 2514 4311 :
2547 4263 2728 4320 utpote
2755 4266 2878 4305 cum
2911 4263 3010 4303 nec
3043 4247 3347 4309 monachis,

1795 4376 1897 4415 nec
1917 4359 1984 4413 iis
2007 4357 2097 4425 qui
2121 4355 2240 4408 illos
2259 4344 2778 4415 suscipiunt,debeat
2793 4339 2959 4392 ullum
2979 4336 3353 4410 pnejudiciunt

1797 4452 1997 4506 atIerri.
2027 4447 2150 4500 Ilaec
2183 4457 2304 4497 cum
2337 4443 2409 4494 ita
2443 4453 2501 4493 se
2543 4436 2802 4499 habeant,
2838 4433 3088 4486 dixerunt
3133 4427 3352 4499 quidam

123 4517 312 4586 ναχὶν,
338 4519 431 4568 καὶ
456 4517 710 4570 ποιοῦντα
739 4515 899 4568 αὑτὸν
921 4513 1177 4582 κληρικὸν
1204 4515 1235 4582 ἢ
1265 4516 1691 4583 καθηγούμενον,

1799 4543 1910 4596 haec
1929 4534 2198 4591 adversari
2222 4534 2288 4587 iis
2309 4546 2429 4602 quze
2461 4529 2530 4584 80
2548 4543 2669 4583 can.
2688 4519 3134 4590 Carthaginiensis
3161 4518 3353 4587 synodi
3411 4549 3415 4556 -

124 4607 238 4665 ἀπὸ
263 4607 364 4673 τῆς
391 4607 500 4660 τῶν
527 4607 728 4661 λοιπῶν
759 4604 1002 4674 ἀδελφῶν
1025 4603 1308 4665 κοινωνίας
1338 4603 1684 4671 χωρίζεσθαι,

125 4701 223 4754 καὶ
251 4698 320 4766 τῇ
375 4694 469 4748 τοῦ
507 4697 641 4751 ἰδίου
677 4698 808 4751 λαοῦ
840 4694 1094 4762 κοινωνίᾳ
1146 4693 1442 4761 ἀρκεῖσθαι
1467 4711 1481 4725 υ
1515 4694 1603 4746 τὸν
1633 4695 1690 4746 δὲ

133 4789 374 4861 μοναχὸν
424 4786 558 4855 μηδὲ
608 4787 872 4856 κληρικὸν
905 4786 1041 4841 εἶναι
1091 4786 1224 4854 μηδὲ
1263 4786 1689 4856 καθηγούμενον.

141 4881 285 4938 Ἀλλ’
338 4877 439 4932 οὐκ
482 4875 640 4941 είσὶν,
690 4879 764 4941 ὼς
795 4881 919 4948 ἐμοὶ
961 4879 1125 4942 δοκεῖ,
1170 4879 1388 4931 ἐναντία
1420 4896 1434 4911 ·
1485 4880 1694 4942 ἐκεῖνος

132 4975 235 5044 μὲν
292 4969 453 5040 γᾶρὸ
480 4968 659 5023 κανὼν
709 4970 929 5035 κολάζει
971 4972 1059 5024 τὸν
1106 4968 1402 5021 ἐπίσκοπον
1452 4971 1542 5022 τὸν
1585 4970 1693 5026 ἀπὸ

131 5063 423 5135 ἀλλοτρίας
453 5060 664 5128 ἔνορίας
689 5061 974 5132 δεχόμενον
1004 5061 1301 5130 οἱονδήτινα
1325 5061 1576 5130 μοναχὸν,
1597 5063 1694 5115 καὶ

131 5155 483 5210 καθιστῶντα
530 5150 718 5204 τοῦτον
761 5148 896 5219 πρὸς
936 5150 1277 5225 κλήρωσινῆ
1329 5152 1692 5219 ἡγουμενείαν

136 5247 310 5316 μονῆς
340 5245 704 5318 διαφερούσης
739 5244 888 5314 αὐτῷ
919 5249 1086 5313 χωρὶς
1131 5243 1384 5314 εἰδήσεως
1428 5243 1520 5294 τοῦ
1556 5262 1690 5313 προ-

130 5341 294 5410 τέρου
340 5342 640 5394 ἐπισκόπου
673 5335 838 5391 αὐτοῦ
864 5351 877 5365 '
912 5335 1173 5406 ὡσαύτως
1214 5337 1441 5407 τιμωρεῖ
1475 5337 1567 5386 καὶ
1603 5338 1692 5391 τλν

137 5432 375 5500 μοναχόν
399 5449 414 5464 ·
439 5435 468 5486 ό
486 5435 542 5488 δὲ
575 5431 765 5502 παρὼν
791 5431 1024 5498 ἐγχωρεῖ
1051 5430 1128 5498 τῷ
1156 5429 1436 5498 ὲπισκόπῳ
1462 5429 1569 5482 ἀπὸ
1587 5431 1691 5480 τῶν

134 5525 230 5576 δύο
252 5522 630 5589 διαφερουσῶν
663 5522 828 5575 αὐτοῦ
869 5519 1185 5589 μεταθέσεις
1232 5522 1406 5572 ποιεῖν
1440 5518 1692 5587 μοναχῶν

137 5613 279 5673 κατὰ
316 5611 377 5664 τὸ
409 5611 566 5674 δόξαν
614 5604 806 5685 τούτῳ.
849 5613 1084 5666 Γίνωσκε
1139 5610 1197 5662 δὲ
1241 5611 1324 5662 ὅτι
1361 5609 1553 5675 γέγονε
1599 5611 1690 5661 καὶ

139 5703 433 5777 σημείωμα
466 5702 742 5755 συνοδικὺν
771 5704 862 5756 ἐπὶ
883 5705 983 5774 τῆς
1013 5702 1314 5773 ἐφημερίας
1348 5700 1440 5752 τού
1465 5701 1692 5768 ἁγιωτάο

135 5814 227 5850 του
265 5791 600 5861 πατριάρχου
625 5791 790 5858 κυροῖ)
829 5794 1032 5858 Λουκᾶ,
1072 5793 1229 5862 χάριν
1257 5789 1350 5842 τοῦ
1381 5790 1690 5859 ἀποκριμα-

137 5889 332 5952 τίστως
386 5883 792 5954 καθηγουμένου
846 5886 923 5945 είς
969 5886 1306 5955 μοναστήρια
1355 5881 1683 5943 ὑποκείμενα

1794 4638 1995 4684 statuta
2034 4635 2185 4693 sunt,
2219 4625 2419 4694 quibus
2453 4631 2696 4683 cavetur,
2721 4625 2778 4670 ut
2805 4614 2896 4683 qui
2922 4611 3024 4665 tale
3061 4610 3188 4680 quid
3220 4610 3352 4694 facit
3417 4681 3419 4685 ι

1793 4723 2098 4793 cpiscopus,
2123 4692 2286 4789 338
2301 4726 2351 4771 et
2373 4712 2697 4768 monachum
2721 4721 2786 4760 ex
2815 4704 2990 4775 alieno
3017 4692 3353 4758 monasterio

1795 4791 2040 4883 suscipit,
2069 4819 2123 4863 et
2148 4810 2321 4878 ipsum
2344 4802 2425 4855 vel
2447 4799 2706 4854 clericum
2730 4795 2812 4849 vel
2837 4793 3146 4864 pr:efeetum
3198 4791 3345 4846 facit.

1793 4922 1821 4960 a
1847 4880 2158 4959 cmterorum
2188 4895 2414 4947 fratrum
2441 4888 2823 4944 communione
2854 4894 3152 4955 separetur,
3202 4888 3254 4934 et
3278 4880 3350 4934 sit

1794 4993 1992 5065 proprii
2023 4986 2203 5059 populi
2233 4981 2617 5040 communione
2658 4986 2946 5033 contentus
2978 4991 2992 5026 :
3049 4969 3354 5024 monachus

1793 5063 1967 5140 autem
1992 5093 2090 5134 nec
2119 5076 2191 5131 sit
2226 5074 2457 5130 clericus
2479 5086 2579 5126 nec
2606 5069 2913 5141 praefectus.
2939 5063 3043 5117 Sed
3068 5077 3170 5116 non
3197 5073 3348 5120 sum,

1793 5186 1850 5231 ut
1877 5172 2004 5228 mihi
2033 5169 2263 5233 videtur,
2293 5165 2583 5220 contraria.
2635 5160 2723 5212 Ille
2772 5155 2913 5210 enim
2966 5169 3139 5208 canon
3192 5155 3350 5224 punit
3397 5163 3402 5169 '

1792 5267 2127 5335 episcopum,
2167 5259 2258 5329 qui
2294 5265 2668 5326 quemcunque
2701 5245 3024 5300 monachum
3060 5261 3124 5300 ex
3171 5246 3350 5300 aliena

1793 5358 2010 5428 regione
2036 5352 2278 5420 suscipit,
2316 5356 2370 5402 et
2419 5358 2541 5398 eum
2596 5341 2678 5423 vel
2735 5339 2994 5394 clericum
3044 5338 3199 5404 facit,
3263 5337 3348 5391 vel

1793 5426 2126 5504 monasterio
2148 5442 2289 5513 quod
2315 5437 2377 5490 ad
2410 5450 2467 5488 se
2491 5431 2723 5502 pertinet
2747 5429 2990 5503 praeficit,
3015 5428 3132 5482 sine
3156 5426 3348 5496 prioris

1793 5542 1963 5610 ipsius
2003 5532 2241 5606 episc0pi
2290 5527 2540 5584 scientia.
2573 5523 2836 5579 Similiter
2859 5521 3183 5577 monachum
3207 5530 3343 5586 quo-

1791 5604 1894 5701 que
1943 5604 2114 5698 punit.
2173 5622 2270 5679 llic
2330 5629 2509 5673 autem
2563 5629 2801 5685 praesens
2848 5628 3028 5668 canon
3079 5604 3342 5701 permittit

1791 5691 2068 5785 episcopo,
2093 5721 2149 5765 ut
2182 5724 2247 5763 ex
2277 5707 2487 5761 duobus
2518 5710 2728 5757 tantmu
2755 5701 2820 5757 ad
2855 5715 2913 5755 se
2941 5691 3342 5769 pertinentibus

1793 5802 2133 5861 monasteriis
2154 5800 2314 5854 faciat
2341 5796 2728 5852 monachorum
2753 5789 3153 5848 translationes,
3181 5794 3344 5853 prout

1789 5899 1837 5953 ci
1871 5899 2039 5952 visum
2073 5893 2255 5951 fuerit.
2301 5889 2454 5946 Scias
2507 5899 2710 5952 autem,
2766 5881 2911 5953 quod
2950 5891 3190 5950 tempore
3243 5891 3336 5946 pa-
