3988 6352
679 452 819 513 109.3

1925 453 2024 512 TI]
2038 450 2132 511 ΕΟ
2141 451 2204 510 Ι).
2249 450 2339 508 BA
2351 449 2646 508 LSAMON

3780 449 3888 507 llﬂl

676 558 925 616 triarchae
956 557 1154 612 domini
1206 558 1364 614 Luca:
1411 560 1689 630 synodale
1722 560 2002 616 decretum
2038 562 2224 616 factuu

2348 561 2413 628 τῇ
2451 555 2636 628 ὲνορτᾳ
2665 555 2759 640 τοῦ
2811 557 3173 640 πατριάρχου,
3220 554 3293 624 μὴ
3341 550 3535 624 ἔχοντα
3571 553 3789 616 ἱκανοὺς
3829 561 3888 618 εἰς

673 662 778 715 est,
813 659 870 704 ut
917 651 1034 704 sine
1084 651 1397 720 prmjudicio
1443 653 1850 705 constituantur
1898 651 2135 722 praefecti
2187 653 2240 707 in

675 739 1021 792 monasteriis
1052 740 1373 808 patriarcha!
1405 741 1610 809 regioni
1648 741 1942 809 snbjectis,
1975 756 2098 811 quae
2131 758 2238 795 non

676 831 874 884 habent
922 831 1216 886 monachos
1266 833 1494 886 idoneos
1531 842 1590 887 ut
1644 836 1892 905 praesint,
1945 851 2010 890 ex
2071 837 2241 888 altero

676 925 1008 978 monasterio
1057 931 1204 992 quod
1260 934 1346 979 est
1393 925 1636 994 ejusdem
1693 930 1980 996 regionis:
2023 928 2237 982 etiamsi

675 1023 875 1068 statuta
905 1030 1092 1069 eorum
1128 1027 1374 1082 caveant,
1413 1034 1478 1073 ne
1508 1021 1600 1088 qui
1658 1020 1712 1073 in
1763 1029 1995 1074 externo
2046 1035 2239 1074 mona-

673 1107 839 1158 sterio
870 1114 1060 1160 tonsus
1091 1117 1196 1172 est,
1231 1109 1319 1160 liat
1342 1113 1530 1164 eorum
1574 1112 1884 1180 pra-fectus.
1937 1112 2093 1178 Quod
2141 1129 2242 1166 au-

672 1204 776 1246 tem
810 1211 837 1247 a
872 1212 1080 1250 canone
1101 1198 1385 1253 deﬁnitum
1419 1211 1524 1266 est,
1556 1211 1615 1256 ut
1640 1203 1693 1256 in
1753 1204 2002 1257 sa‘cnlari
2054 1205 2238 1269 domo,

673 1286 754 1338 vel
787 1287 837 1338 in
876 1287 1060 1356 aliquo
1084 1289 1188 1343 alio
1213 1291 1351 1355 loco,
1384 1293 1686 1348 monachus
1725 1295 1924 1350 virtute
1957 1297 2236 1365 pt'atditus,

668 1378 759 1442 qui
794 1379 1011 1446 quidem
1036 1381 1083 1433 ei
1112 1382 1390 1448 subjectus
1421 1393 1506 1440 est
1531 1386 1597 1439 ad
1637 1402 1827 1441 eorum
1855 1388 1949 1454 qni
1986 1390 2057 1441 ibi
2109 1398 2237 1442 simt

669 1469 920 1533 salutem,
968 1471 1036 1524 ab
1084 1475 1338 1539 episcopo
1388 1478 1705 1541 collocetur,
1757 1495 1825 1534 ne
1854 1493 2077 1534 'novmn
2137 1482 2234 1534 tibi

668 1559 937 1613 videatur.
972 1559 1157 1618 Sacris
1198 1567 1341 1618 enim
1381 1575 1436 1620 et
1469 1562 1670 1624 divinis
1714 1573 2019 1625 canonihus
2062 1573 2236 1627 solius

669 1649 864 1703 aninne
899 1651 1178 1707 hominum
1215 1657 1406 1714 salutis
1436 1673 1566 1714 cura
1598 1669 1700 1723 est,
1733 1670 1789 1715 et
1822 1663 2028 1717 nullius
2067 1664 2230 1717 alius.

666 1739 768 1802 Qui
802 1756 931 1810 ergo
966 1743 1131 1797 vitam
1161 1762 1224 1800 ex
1251 1747 1339 1801 Dei
1393 1755 1676 1819 praeceptis
1707 1753 1972 1817 instituit,
2023 1769 2052 1807 a
2114 1755 2236 1809 loco

667 1847 772 1883 non
822 1832 1043 1886 lasdetur
1077 1854 1090 1888 :
1129 1837 1222 1890 sed
1252 1848 1305 1891 et
1349 1840 1431 1894 eis
1460 1843 1552 1910 qui
1601 1858 1706 1896 una
1759 1853 1886 1897 sunt
1939 1846 2231 1901 admodum

666 1921 927 1986 proderit.
961 1924 1157 1989 Quidni
1182 1944 1307 1996 ergo
1336 1931 1428 1985 liet
1448 1947 1512 1986 ex
1551 1937 1801 1990 canone?
1830 1936 2064 2006 Propter
2088 1941 2229 1993 hanc

663 2014 805 2063 enim
835 2029 1053 2068 causam
1088 2019 1199 2085 ipse
1241 2037 1460 2091 quoque
1487 2027 1868 2082 sanctissimus
1918 2030 2224 2096 patriarcha

664 2102 916 2157 dominus
947 2105 1120 2161 Lucas
1161 2113 1410 2178 permisit
1443 2120 1816 2186 ‘monachoet
1848 2123 2119 2176 sacerdoti
2152 2123 2225 2176 illi

664 2193 884 2249 domino
937 2195 1169 2255 Macario
1201 2199 1683 2275 llierosolymiiano
1710 2220 1973 2278 perpetuo
2014 2214 2224 2266 versari

631 2287 786 2334 'rum
823 2285 988 2342 beata:
1034 2293 1306 2348 memoriae
1353 2294 1620 2364 imprimis
1671 2297 2014 2355 nobilissimo
2071 2302 2227 2372 logo-

664 2376 810 2429 theta
846 2395 1036 2434 cursus
1066 2385 1283 2440 domino
1329 2389 1590 2446 Michaele
1649 2395 2121 2462 Agiotheodorito,
2172 2407 2226 2450 ct

665 2481 769 2521 una
837 2486 960 2525 cum
1016 2491 1081 2529 eo
1132 2477 1184 2530 in
1233 2481 1483 2547 praesidio
1506 2487 1754 2550 ,versari,
1815 2499 1869 2540 et
1920 2489 2224 2544 scribarum

665 2563 842 2619 odii-io
880 2567 1050 2639 fungi.
1087 2571 1225 2624 Νοιει
1266 2589 1414 2643 ergo,
1455 2576 1601 2645 quod
1633 2582 1905 2635 suasione
1933 2592 1988 2636 et
2036 2583 2226 2652 proba-

665 2653 810 2706 tione
844 2658 1158 2727 episcopali,
1190 2664 1361 2718 multo
1390 2675 1572 2720 autem
1607 2671 1776 2738 magis
1812 2673 1977 2742 regia,
2015 2683 2070 2728 et
2104 2690 2225 2728 mo-

665 2743 819 2832 nachi
869 2754 920 2798 et
967 2749 1144 2802 clerici
1188 2752 1306 2806 sine
1351 2755 1670 2823 prajudicio
1715 2757 1934 2825 facient,
1987 2779 2110 2832 qua:
2162 2764 2228 2817 iis

665 2823 929 2897 permissa
967 2837 1190 2906 fuerint,
1221 2846 1746 2918 cnjnsmodicunque
1772 2865 1833 2904 ea
1877 2852 2010 2909 sint.

733 3002 981 3061 ZONAR.
1014 3008 1133 3076 Quo
1184 3022 1422 3082 tempore
1473 3021 1693 3073 meresis
1743 3021 2223 3081 lconomachorum

665 3098 942 3164 regnabat,
978 3118 1098 3156 cum
1126 3120 1314 3162 omnes
1343 3109 1455 3172 alii,
1488 3110 1580 3179 qui
1613 3126 1802 3168 sacras
1834 3117 2100 3189 imagines
2124 3138 2224 3176 co-

666 3179 864 3249 lerent,
900 3197 1013 3238 tum
1053 3191 1102 3241 in
1132 3195 1321 3258 primis
1367 3200 1640 3264 monachi,
1687 3179 2010 3270 conquisiti.
2066 3225 2130 3262 ac
2170 3210 2221 3262 in

664 3288 756 3326 eos
809 3278 1083 3346 ptmciptie
1132 3287 1304 3348 pinnis
1362 3289 1604 3343 saevitum
1659 3301 1763 3345 est.
1817 3293 2052 3351 Proinde
2111 3303 2227 3355 suis

667 3369 1011 3424 monasteriis
1061 3372 1286 3439 relictis,
1337 3379 1420 3431 vel
1469 3379 1523 3432 in
1569 3381 1674 3435 alia
1722 3398 1842 3439 sese
1900 3393 2226 3444 monasteria

667 3452 1016 3512 delitescendi
1051 3477 1216 3519 causa
1241 3468 1609 3532 contulerunt,
1653 3474 1734 3527 vel
1778 3477 1842 3528 ad
1886 3482 2224 3543 privatorum

665 3563 882 3616 quoqtte
930 3553 1070 3608 :edes
1129 3573 1191 3611 ac
1240 3560 1512 3618 domicilia
1551 3565 1908 3624 deﬂexcrnnt.
1963 3571 2067 3625 Sed
2122 3574 2224 3628 hoc

665 3638 862 3722 factum
929 3651 1054 3698 tunc
1094 3648 1333 3714 quidem,
1375 3653 1620 3721 inquiunt
1671 3661 1863 3725 synodi
1919 3660 2128 3722 Patres.
2174 3674 2226 3717 et

667 3731 739 3781 rei
772 3732 1050 3788 honestate
1081 3747 1134 3790 et
1169 3744 1425 3810 temporis
1453 3749 1862 3812 Opportunitate
1894 3750 2082 3806 beatos
2122 3752 2220 3806 ho-

671 3822 841 3876 mines
876 3826 1144 3882 efﬁciebat
1177 3848 1192 3884 :
1227 3849 1368 3888 nunc
1405 3852 1531 3908 vero
1569 3839 1773 3908 absque
1805 3843 2015 3898 ratione
2044 3845 2225 3897 consi-

665 3911 736 3963 lio
759 3930 844 3978 ine
878 3917 1156 3984 usitatum,
1189 3926 1426 3981 omnium
1464 3928 1898 3998 irrisioneihaud
1951 3936 2225 3990 immerito

665 4004 950 4071 excipitur.
1000 4007 1118 4061 Jam
1177 4017 1320 4065 enim
1368 4018 1592 4074 haeresis
1645 4030 1969 4091 tempestate
2035 4027 2220 4081 sedata

668 4109 874 4163 atraque
931 4099 1111 4166 pietati
1174 4103 1379 4158 reddita
1444 4107 1729 4176 libertate,
1763 4100 1944 4169 adhuc
1973 4125 2153 4171 tamen
2194 4135 2224 4172 e

672 4191 1015 4245 monasteriis
1075 4209 1135 4247 se
1187 4195 1572 4262 subducentes,
1615 4201 1786 4255 instar
1839 4204 2026 4258 ﬂuenti
2072 4208 2218 4273 quod

666 4285 959 4338 consistere
996 4301 1057 4338 ac
1105 4291 1371 4344 contineri
1411 4308 1518 4346 non
1554 4297 1742 4368 possit,
1777 4311 1894 4350 sese
1939 4298 2045 4352 huc
2093 4299 2221 4352 illuc

667 4375 910 4430 elutriant
953 4385 1004 4430 et
1037 4378 1340 4444 ell'undunt,
1379 4398 1442 4438 ac
1475 4390 1802 4442 monasteria
1851 4390 2024 4443 multo
2061 4391 2222 4446 dede-

668 4476 788 4514 core
821 4480 881 4517 ac
913 4465 1253 4523 deformitate
1293 4475 1580 4537 complent.
1619 4477 1700 4531 Ad
1753 4481 2216 4534 monasteriorum

668 4555 860 4622 quippe
895 4558 1229 4614 honeStatem
1255 4575 1318 4614 ac
1349 4561 1513 4617 decus
1541 4568 1774 4632 pertinet
1812 4582 1870 4621 ut
1898 4573 1949 4624 in
1970 4590 2078 4635 ,sua
2109 4587 2216 4628 sta-
2249 4581 2292 4636 ο
2323 4569 2510 4633 αὑταῖς
2537 4611 2553 4634 ,

667 4645 808 4698 tione
836 4663 1021 4702 eorum
1059 4655 1261 4707 alumni
1291 4656 1471 4725 quiete
1498 4657 1714 4727 degant,
1735 4677 1924 4732 lnoque
1953 4678 2217 4730 perpetuo

667 4737 768 4786 huc
805 4737 931 4789 illuc
973 4742 1090 4808 vagi
1132 4754 1186 4796 et
1243 4747 1433 4803 incerti
1487 4749 1748 4805 ferantur.
1808 4751 2034 4804 Multum
2093 4770 2219 4806 vero

667 4842 844 4879 secum
881 4830 1201 4895 petulantiae,
1240 4837 1429 4908 inquit,
1461 4843 1761 4908 adJncnnt,
1790 4843 1891 4897 hoc
1924 4853 2026 4905 cst,
2064 4856 2217 4912 petuo

666 4923 837 4972 lanter
865 4930 1084 4988 agentes
1119 4932 1460 4985 monasteriis
1492 4934 1748 4989 inferunt.
1788 4935 1982 4990 Verum
2013 4936 2220 5004 jucun-

667 5011 784 5064 dam
834 5015 937 5069 illis
983 5031 1100 5071 eam
1131 5034 1250 5071 esse
1299 5023 1666 5089 petulantiam,
1708 5033 1876 5085 verbo
1906 5031 2214 5099 κωμάζειν,

667 5116 924 5172 usurpato
973 5111 1140 5162 voluit
1191 5111 1454 5165 indicare.
1505 5115 1600 5166 Est
1640 5132 1874 5187 namque
1915 5124 2213 5191 κωμάζειν.

668 5198 866 5259 vinum,
899 5201 1134 5255 adhibito
1161 5205 1408 5256 tibiarum
1451 5219 1514 5258 ac
1552 5206 1772 5262 citharae
1805 5227 1938 5266 sono
1959 5222 2013 5268 et
2047 5214 2217 5268 canti-

666 5283 786 5346 htts,
833 5284 1032 5341 bibere.
1082 5290 1552 5355 Quemadmodum
1595 5295 1758 5365 igitur
1802 5300 1899 5364 illi,
1941 5304 2213 5371 inquiunt,

667 5371 768 5424 hoc
823 5384 978 5439 pacto
1036 5379 1276 5436 bibentes
1332 5385 1575 5457 thantur
1638 5406 1652 5442 :
1702 5390 1773 5443 ita
1822 5391 1942 5445 istis
1996 5411 2215 5464 quoque

666 5465 958 5533 ignominia
1000 5483 1079 5518 cst
1119 5474 1402 5541 voluptati.
1436 5477 1764 5534 Obedientim
1820 5495 2072 5550 praeterea
2114 5487 2213 5538 ho-

666 5565 929 5612 neslatem
959 5574 1169 5613 omnem
1197 5567 1504 5623 distrahunt
1525 5581 1685 5640 atque
1709 5575 2047 5644 dispertiunt.
2078 5576 2210 5629 Cum

665 5651 803 5703 enim
834 5666 895 5704 ex
924 5651 1169 5704 universa
1214 5653 1439 5710 fratrum
1471 5663 1813 5722 multitudine
1854 5685 2018 5722 unum
2059 5670 2212 5738 quasi

666 5757 859 5811 corpus
907 5743 1196 5803 efficiatur.
1237 5762 1297 5797 ac
1325 5747 1466 5802 illius
1503 5767 1564 5806 cx
1598 5756 1900 5811 obedientia
1958 5762 2212 5817 honestas

672 5837 846 5888 UllllliS
876 5852 934 5890 ac
967 5835 1219 5904 splendor
1250 5837 1493 5905 exsistat,
1529 5844 1832 5911 quicunque
1883 5851 1948 5903 ab
1991 5853 2078 5907 illa
2116 5854 2206 5907 de-

2349 633 2696 720 προστασίαιῖ
2723 651 3028 720 μοναχοὺς,
3082 637 3190 702 ἀπὸ
3224 648 3416 717 ἑτέρας
3449 647 3618 716 μονῆς
3647 646 3813 714 οὔσης
3843 651 3888 698 ὲκ

2340 744 2438 812 τῆς
2470 743 2640 812 αὐτῆς
2672 743 2904 809 ὲνορίας,
2934 742 3035 794 κᾶν
3061 739 3129 794 τά
3158 739 3360 792 τυπικὰ
3393 739 3598 791 τούτων
3634 738 3887 808 διορίζων-

2345 851 2438 886 ται
2495 834 2878 901 ξενοκουρίτην
2936 831 3011 902 μὴ
3046 829 3294 899 γίνεσθαι
3343 829 3779 899 καθηγούμενον.
3835 831 3889 880 ἠ

2351 931 2538 999 μέντοι
2573 930 2728 999 παρὰ
2760 929 2854 981 τοῦ
2885 929 3110 990 κανόνος
3157 925 3426 995 διορισθὲν
3459 925 3713 995 περὶτοῦ
3748 943 3886 976 uta-

2347 1019 2638 1073 τάττεσθαι
2677 1021 2757 1080 είς
2782 1018 3046 1088 κοσμικδν
3072 1017 3415 1084 καταγώγιον
3439 1017 3469 1085 ἢ
3503 1015 3744 1086 ἀλλαχοῦ
3766 1017 3888 1083 παρὰ

2347 1110 2442 1163 τοῦ
2476 1105 2782 1162 ἑπισκόπου
2817 1107 3054 1179 μοναχόν
3081 1127 3202 1162 τινα
3230 1110 3507 1178 ἐνάρετον,
3543 1108 3884 1176 ὑποκείμενον

2343 1201 2515 1272 αὐτῷ,
2548 1203 2638 1254 διὰ
2669 1202 2910 1272 ψυχικὴν
2947 1203 3231 1273 σωτηρίαν
3260 1200 3368 1252 τῶν
3395 1201 3453 1251 ὲν
3480 1200 3646 1268 αὐτῇ.
3682 1200 3758 1270 μὴ
3786 1200 3883 1265 δάξῖ

2341 1314 2426 1348 σοι
2451 1295 2657 1348 καινόν.
2689 1297 2813 1356 Τοῖς
2839 1295 2946 1364 γὰρ
2985 1296 3149 1363 ίεροτς
3191 1294 3282 1346 καὶ
3310 1293 3476 1354 θείοις
3506 1291 3704 1344 κανόσι
3747 1293 3883 1362 μόνης

2341 1388 2440 1453 τῆς
2467 1384 2706 1454 ψυχικῆς
2730 1385 2839 1436 τῶν
2867 1384 3169 1452 ἀνθρώπων
3201 1383 3472 1451 σωτηρίας
3506 1382 3778 1450 ἠμέλησε,
3812 1384 3878 1432 nl

2341 1477 2532 1547 ἑτέρου
2573 1475 2857 1538 παντελῶς
2906 1477 3141 1537 οὐδενός.
3197 1476 3255 1528 'O
3286 1474 3416 1542 γοῦν
3454 1475 3597 1526 κατά
3628 1473 3762 1524 Θεδν
3787 1475 3880 1525 ἀνιο

2342 1569 2712 1639 στρεφόμενος
2752 1570 2859 1623 ἀπὸ
2910 1567 3004 1622 τοῦ
3053 1568 3221 1620 τόπου
3271 1568 3330 1620 οὐ
3377 1564 3878 1634 παραδλαὸὴσεται·

2343 1660 2484 1713 άλλά
2509 1663 2606 1714 καὶ
2634 1661 2762 1723 τοὺς
2793 1662 2892 1714 σὺν
2925 1659 3073 1729 αὑτῷ
3107 1659 3379 1728 ὠφελήσει
3405 1659 3473 1711 τὰ
3501 1659 3760 1725 μέγιστα.
3791 1658 3880 1710 Ἰνι

2338 1751 2390 1803 τί
2421 1751 2551 1818 γοῦν
2575 1753 2635 1804 οὐ
2669 1755 2958 1821 γενήσεται
2982 1753 3123 1803 κατά
3150 1751 3242 1802 τὸν
3267 1752 3464 1801 κανόνα
3494 1766 3508 1813 ;
3539 1749 3628 1800 διὰ
3653 1748 3760 1816 γὰρ
3786 1748 3882 1800 τοῦ·

2343 1858 2404 1892 το
2436 1842 2532 1894 καὶ
2560 1843 2587 1894 ό
2617 1841 2780 1904 αὐτὸς
2821 1843 3124 1908 ἁγιώτατος
3168 1841 3515 1908 πατριάρχης
3564 1839 3736 1906 κυρδς
3777 1837 3882 1888 Λου-

2345 1933 2446 1994 κᾶς
2501 1933 2772 2004 ἐπέτρεψε
2823 1932 2902 2002 τῷ
2954 1931 3172 2000 μοναχῷ
3223 1933 3316 1982 καὶ
3354 1929 3490 1998 ἱερεῖ
3521 1928 3720 1996 ἐκείνῳ
3759 1928 3879 1996 κυρῷ

2338 2023 2617 2092 Μακαρίῳ
2648 2023 2728 2091 τῷ
2774 2023 3179 2092 Ἱεροσολυμίτῃ
3225 2021 3431 2085 διάγειν
3463 2019 3733 2085 διηνεκῶς
3765 2020 3878 2086 μετὰ

2326 2114 2423 2167 τοῦ
2451 2115 2756 2184 μακαρίτου
2793 2114 3368 2184 πρωτονωὸελλισίμοῦ
3381 2111 3655 2180 περτάτου
3695 2111 3786 2163 καὶ
3807 2110 3874 2161 λο-

2329 2205 2556 2273 γοθέτου
2595 2205 2692 2258 τοῦ
2725 2206 2927 2276 δρόμου
2964 2207 3148 2277 κυρού
3177 2204 3393 2274 Μιχαὴλ
3428 2201 3520 2255 τοῦ
3562 2201 3876 2269 Ἀγιοοεοδωα

2327 2296 2502 2366 ρίτου,
2556 2298 2649 2350 καὶ
2693 2297 3121 2364 συνταξειδεύειν
3155 2297 3273 2368 μετ’
3302 2292 3488 2356 αὑτοῦ,
3535 2291 3630 2346 καὶ
3683 2296 3748 2348 τά
3789 2294 3874 2344 τῶν

2324 2391 2730 2458 γραμματικῶν
2759 2392 3020 2458 ἐνεργεῖν.
3053 2387 3474 2460 Σημείωσαιοῦν
3501 2390 3584 2443 ὅτι
3616 2387 3757 2442 κατὰ
3779 2403 3877 2453 προ-

2325 2480 2533 2552 τροπὴν
2558 2483 2653 2534 καὶ
2681 2482 3008 2550 δοκιμασίαν
3026 2483 3412 2552 ἑπισκοπικὴν,
3449 2481 3633 2549 πολλῷ
3662 2479 3719 2532 δὲ
3742 2478 3874 2530 πλέον

2331 2574 2476 2627 κατὰ
2509 2574 2817 2644 βασιλικὴν,
2853 2577 2950 2628 καὶ
2980 2576 3204 2646 μοναχοὶ
3237 2576 3332 2630 καὶ
3371 2575 3633 2645 κληρικοὶ
3672 2574 3871 2638 ἀποκρι-

2336 2667 2615 2734 ματίστως
2645 2668 3010 2736 ἑνεργήσουσι
3056 2667 3126 2721 τὰ
3152 2668 3360 2730 τούτοις
3387 2667 3871 2736 ὲπιτραπησόμενι,

2329 2750 2420 2806 οἷα
2451 2753 2517 2808 ἂν
2549 2756 2639 2807 καὶ
2670 2749 2826 2810 ὦσιν.

2396 3016 2639 3069 ΖΩΝΛΡ,
2674 3015 2785 3085 Τῆς
2819 3015 2925 3069 τῶν
2961 3020 3338 3090 εἱκονομάχων
3367 3023 3770 3094 ἐπικρατούσης
3804 3027 3873 3078 alo

2329 3108 2532 3176 ρὲσεως
2557 3109 2652 3160 καὶ
2683 3109 2881 3172 πάντες
2916 3111 3014 3177 μὲν
3035 3114 3081 3164 οί
3107 3113 3215 3165 τῶν
3241 3115 3453 3167 σεπτιῖιν
3481 3116 3711 3170 είκόνων
3731 3135 3871 3187 προσ·

2249 3229 2294 3291 C
2329 3202 2559 3268 xuvq'cai.
2593 3201 2884 3271 ἐζητοῦντο
2927 3207 3019 3255 καὶ
3079 3206 3419 3271 ἐκολάζοντο,
3453 3205 3634 3278 πολλῷ
3655 3209 3709 3262 δὲ
3739 3210 3873 3262 πλέον

2329 3293 2378 3344 oi
2411 3289 2659 3362 μοναχοί.
2711 3294 2800 3346 Διὸ
2837 3297 3339 3362 καταλιμπάνοντες
3388 3297 3457 3350 τὰ
3494 3300 3704 3354 ἑαυτῶν
3738 3319 3874 3372 μονα-

2332 3385 2550 3451 στήρια,
2607 3385 2636 3452 ἢ
2685 3386 2763 3445 είς
2801 3386 2993 3453 ἑτέρας
3043 3386 3288 3455 ἀπῄεσαν
3334 3391 3522 3456 μονὰς,
3553 3393 3731 3445 ἑκείσε
3766 3409 3872 3462 κρυ-

2332 3475 2619 3540 πτόμενοι,
2654 3475 2684 3545 ἢ
2722 3478 2814 3528 καὶ
2863 3479 2942 3538 είς
2995 3479 3275 3546 κοσμικῶν
3311 3480 3489 3544 οἰκίας
3543 3484 3867 3550 μετέπιπτεν.

2329 3565 2502 3620 ’Ἂλλά
2543 3568 2721 3634 τοῦτο,
2759 3570 2922 3637 φασὶν
2949 3571 2995 3622 οί
3029 3571 3126 3641 τῆς
3155 3572 3372 3625 συνόδου
3411 3574 3679 3644 Πατέρες,
3717 3593 3870 3645 pexa-

2329 3661 2479 3728 ρίους
2535 3661 2632 3730 μὲν
2687 3665 2805 3714 τότε
2865 3646 3058 3729 ἐποίει,
3106 3666 3288 3729 καλῶς
3324 3669 3613 3735 γινόμενον
3638 3669 3727 3720 καὶ
3751 3668 3870 3720 κατὰ

2329 3751 2522 3817 καιρόν
2549 3765 2562 3778 ·
2606 3752 2699 3802 νῦν
2722 3753 2778 3803 δὲ
2815 3757 2894 3815 είς
2926 3755 3046 3817 ἔθος
3083 3757 3373 3823 γενόμενον
3412 3757 3630 3822 ἄλογον,
3664 3774 3872 3823 καταγι-

2329 3838 2559 3900 λάστους
2611 3843 2743 3904 τσὺς
2800 3843 3090 3907 ποιοῦντας
3138 3846 3274 3899 αὐτὸ
3324 3847 3526 3916 τίθησι.
3571 3849 3680 3919 Τῆς
3732 3850 3871 3917 ζάλης

2326 3932 2435 4001 γάρ
2463 3932 2562 3998 τῆς
2605 3934 2870 4005 αἱρέσεως
2915 3935 3312 4008 παρελθούσης,
3352 3942 3447 3991 καὶ
3479 3938 3579 4008 τῆς
3621 3943 3870 4003 εύσεεείας

2331 4025 2649 4094 παρρησίαν
2698 4026 2993 4091 λαϐούσης,
3043 4031 3138 4083 καὶ
3181 4029 3344 4084 πάλιν
3375 4030 3483 4083 τῶν
3521 4033 3734 4087 οἰκείων
3758 4035 3869 4086 ὑποσ

2326 4116 2633 4184 χωροῦντες
2669 4119 2869 4185 μονῶν,
2915 4113 3016 4172 ὦδε
3060 4121 3283 4173 κάκεῖσε
3317 4123 3757 4190 μεταγγίζονται,
3789 4139 3866 4174 κα-

2324 4204 2504 4273 οάπερ
2547 4223 2599 4256 τι
2630 4207 2807 4275 ῥεῦμα
2864 4211 2938 4275 μὴ
2985 4210 3282 4276 δυνάμενον
3329 4213 3746 4280 κατασχεθῆναι,
3790 4213 3867 4266 καὶ

2326 4298 2711 4369 μεταρῤἐουσκι,
2763 4299 2857 4350 καὶ
2895 4299 3115 4367 (πολλῆς
3168 4301 3439 4372 ἀκοσμίας
3503 4304 3765 4374 πληροῦσι
3811 4306 3864 4358 τὸ

2325 4388 2685 4456 μοναστήρια.
2732 4389 2950 4457 Κόσμος
3001 4391 3107 4457 γάρ
3136 4393 3252 4445 ἐστι
3297 4393 3406 4445 τῶν
3448 4397 3629 4458 μονῶν
3669 4399 3727 4452 τὸ
3762 4400 3864 4460 τοὺς

2322 4479 2628 4548 τροφίμους
2663 4482 2842 4533 αὐτῶν
2872 4485 2928 4535 ὲν
2955 4484 3155 4560 ἠσυχίᾳ
3183 4485 3409 4553 διάγειν,
3435 4489 3531 4540 καὶ
3560 4493 3861 4561 προσμένειν

2609 4572 2742 4640 μηδὲ
2813 4575 3052 4643 συνεχῶς
3104 4576 3372 4644 προϊέναι,
3429 4579 3638 4650 Πολλὴν
3691 4582 3743 4635 δὲ
3783 4581 3861 4649 τῆς

2319 4662 2548 4728 ἀταξίαν
2583 4664 2796 4725 ἑαυτοῖς
2841 4667 3367 4731 συνεισκωμάζουσι,
3424 4673 3703 4726 τουτέστιν
3756 4673 3860 4724 ὰτὰο

2320 4768 2463 4813 κτως
2491 4757 2853 4824 είσφέρουσιν.
2895 4760 3010 4810 Ἰνα
3053 4758 3161 4825 γάρ
3209 4758 3355 4831 δείξῃ
3389 4762 3448 4814 τὸ
3484 4765 3653 4833 ἡδέως
3691 4763 3859 4823 αὐτοὺς

2322 4842 2459 4908 πρὸς
2507 4845 2606 4912 τὴν
2656 4847 2882 4910 ἀταξίαν
2911 4848 3237 4913 διακεῖσθαι,
3275 4855 3338 4921 τῇ
3377 4851 3519 4917 λέξει
3567 4856 3662 4907 τοῦ
3694 4850 3856 4920 κωμά-

2319 4935 2435 4997 ζειν
2476 4938 2768 5006 ἐχρήσατο.
2802 4940 3095 5008 κωμάζειν
3139 4943 3246 5007 γάρ
3287 4944 3406 4997 ἐστι
3433 4947 3498 4998 τὸ
3539 4947 3674 5014 μετὰ
3705 4941 3856 4996 αὐλῶν

2322 5031 2414 5082 καὶ
2449 5030 2679 5100 κιθάρας
2706 5035 2797 5085 καὶ
2829 5033 2984 5103 ᾠδῶν
3018 5032 3109 5083 τὸν
3136 5031 3280 5088 οἶνον
3317 5038 3513 5094 πίνειν.
3560 5042 3645 5100 Ὠς
3673 5035 3791 5103 γοῦν
3811 5038 3850 5087 οὶ

2318 5121 2460 5173 οὕτω
2493 5125 2734 5184 πίνοντες
2767 5127 3002 5196 ἥδονται,
3023 5126 3112 5177 τὸν
3137 5129 3321 5196 ὅμοιον
3344 5133 3570 5200 τρόπον,
3600 5127 3743 5195 φασὶ,
3777 5125 3850 5177 καὶ

2318 5210 2459 5267 οὗτοι
2498 5217 2629 5284 πρὸς
2661 5219 2757 5286 τὴν
2797 5216 3022 5284 ἀτιμίαν
3054 5219 3226 5287 ἡδέως
3267 5222 3572 5281 διάκεινται
3645 5221 3731 5270 καὶ
3772 5218 3848 5285 τῆς

2319 5306 2601 5376 ὑποταγῆς
2631 5310 2689 5360 τὸ
2715 5309 2910 5374 σεμνὸν
2943 5309 3212 5363 διασπῶσι
3239 5313 3328 5362 καὶ
3360 5309 3844 5377 καταλυμαινοντιιι.

2323 5399 2417 5450 Ἐν
2449 5401 2554 5466 γὰρ
2584 5399 2741 5465 σῶμα
2770 5399 2868 5466 τῆς
2901 5401 3258 5470 ἀδελφότητος
3299 5398 3486 5466 οὕσης,
3518 5396 3584 5472 ἧς
3612 5403 3644 5472 ἡ
3678 5403 3847 5455 ὑποτα-

2317 5488 2385 5554 γὴ
2413 5489 2677 5555 σεμνότης
2708 5488 2801 5539 καὶ
2830 5490 3108 5559 καύχημα,
3130 5490 3175 5539 oi
3204 5490 3267 5540 ὲκ
3299 5489 3499 5559 ταύτης
3529 5490 3843 5564 ἀπορρηγνύ-

2320 5597 2467 5643 μενοι
2503 5582 2768 5636 διασπιῐ-σι
2816 5584 2876 5633 τὸ
2926 5580 3187 5647 σεμνύνων
3233 5579 3400 5650 αὐτὴν
3445 5587 3535 5639 καὶ
3586 5588 3661 5649 είς
3693 5585 3842 5651 λύμην

2316 5672 2407 5721 τοῦ
2454 5673 2576 5725 ὅλου
2628 5674 2877 5740 σώματος
2922 5670 3178 5735 γίνονται.
3219 5671 3329 5736 Διὸ,
3362 5677 3557 5743 φασὶν,
3609 5672 3839 5745 ὦρισενὴ

2318 5759 2448 5822 ἁγία
2485 5761 2696 5819 σύνοδος
2724 5760 2842 5818 τοὺς
2870 5757 2976 5808 τῶν
3011 5757 3154 5809 ἰδίων
3195 5760 3371 5826 μιμνών
3402 5766 3834 5838 ἐκδιδράσκοντας.

2319 5852 2419 5904 κᾶν
2470 5853 2543 5912 ei;
2595 5851 2754 5906 ἕτερα
2811 5851 3152 5910 μεταπέσωσι
3209 5857 3584 5914 μοναστήοιι.
3638 5853 3731 5904 κᾶν
3768 5849 3830 5907 εἰς
