3988 6352
80 456 236 524 1025

1294 467 1376 527 IN
1417 465 1588 526 CAN.
1626 469 1670 528 ιτ
1711 468 1922 536 coxa.
1988 435 2193 531 erm“

3201 473 3333 537 1096

75 570 333 641 κοσμικά
381 570 769 642 είσκωμάσωσι
826 570 1173 640 καταγώγια,
1229 575 1520 638 κάκείνους
1562 576 1652 630 καὶ

1755 579 2017 646 sciscuut,
2056 579 2399 650 Splendorem
2431 580 2584 636 illum
2616 596 2833 638 onmem
2875 585 3333 655 honestatemque

71 663 213 726 τοὺς
241 663 680 734 ὕποδεξιμένους
707 662 906 726 αὐτοὺς
926 665 1344 736 ἀφωρισμένως
1369 664 1531 730 εἶναι,
1553 666 1658 731 ἕως

77 753 150 807 ἂν
187 755 567 810 ἐπανέλθωσιν
589 757 640 810 οί
667 757 1042 826 ἀποφυγόντες
1080 759 1161 820 είς
1185 758 1285 828 τὴν
1309 759 1517 814 οἰκείαν
1560 776 1658 829 μο-

73 847 206 916 νήν.
233 848 301 903 Et
330 849 388 902 δὲ
418 851 447 902 ὁ
475 849 617 902 κατά
644 849 829 921 χώραν
858 849 1155 914 έπίσκοπός
1179 866 1330 914 τινας
1358 852 1467 903 τῶν
1496 859 1659 919 μονα-

72 941 197 1010 χῶν
250 942 342 994 ἐπ’
384 943 555 1013 ἀρεή
604 942 1074 1012 μαρτυρουμένοις
1118 943 1302 1014 σῡνίδῃ
1347 946 1428 1006 εἰς
1463 944 1655 1012 ἑτέραν

74 1032 264 1103 μονὴν
304 1032 396 1087 ἐπὶ
429 1035 763 1088 καταστάσει
802 1035 975 1104 αὐτῆς
1010 1036 1103 1089 καὶ
1151 1036 1390 1106 ὠφελείᾳ
1446 1034 1554 1087 τῶν
1599 1037 1657 1088 ὲν

71 1123 228 1192 αὐτῇ
283 1129 637 1194 μεταγαγεῖν,
683 1127 714 1198 ἢ
761 1128 852 1179 καὶ
890 1129 970 1190 εἰς
1006 1127 1275 1198 κοσμικὴν
1308 1127 1483 1179 οίκίαν
1514 1126 1658 1181 δοκι-

74 1215 255 1284 μάσει
283 1218 650 1289 καταστῆσαι,
682 1219 715 1289 ἢ
747 1219 1001 1288 ἀλλοχόσε
1027 1220 1311 1290 εὐδοκήσει
1339 1219 1652 1287 ἐπιστῆσαι,

71 1306 208 1360 οὔτε
257 1309 310 1362 οἱ
367 1312 615 1381 μοναχοὶ,
662 1314 713 1364 oi
765 1311 910 1364 οὕτω
959 1311 1400 1383 μετατιθέμενοι,
1445 1309 1567 1363 οὕτε
1605 1310 1652 1362 οἱ

71 1398 304 1462 τούτοις
326 1401 607 1472 δεχόμενοι
623 1387 712 1468 ¹τῷ
749 1403 1043 1474 ἀφορισμῷ
1076 1403 1315 1469 ὑπόδικοι
1344 1403 1578 1456 ἔσονται.

1762 669 2043 736 diripiunt,
2070 669 2495 737 universumque
2539 687 2738 739 corpus
2781 673 3056 728 societatis
3097 675 3328 730 laedunt.

1759 755 2408 827 Propterea'quicunque,
2442 760 2718 826 inquiunt,
2772 765 2937 816 esuis
2982 762 3331 815 monasteriis

1761 847 2088 914 aufugerim,
2118 848 2234 900 sive
2263 847 2328 899 in.
2364 849 2467 901 alia
2525 851 2854 903 monasteria
2901 852 3170 915 incidant,
3215 853 3328 903 sive

1758 940 2112 993 saecularibus
2136 955 2255 994 sese
2279 941 2606 996 habitaculis
2630 945 2978 1009 immiserint,
3018 956 3124 996 tam
3155 947 3326 1009 ipsos,

1728 1047 1917 1100 ‘quam
1949 1048 2043 1086 eos
2076 1047 2104 1085 a
2139 1033 2339 1102 quibus
2375 1035 2573 1103 recepti
2622 1035 2846 1101 fuerint,
2882 1039 3056 1091 donec
3108 1039 3176 1091 ad
3228 1050 3327 1092 soa

1758 1125 2084 1177 monasteria
2113 1126 2204 1192 qui
2242 1125 2496 1194 fugerant
2525 1138 2890 1191 revertantur.
2926 1137 3116 1188 sancta
3159 1126 3325 1199 sino-

1756 1214 1856 1268 dus
1907 1228 2220 1286 segregatos
2267 1234 2392 1272 esse
2429 1218 2695 1273 decernit.
2743 1219 2898 1285 Quod
2948 1223 2995 1277 si
3049 1219 3172 1288 eius
3219 1222 3329 1275 loci

1755 1310 2041 1378 episcopus
2074 1311 2368 1366 nonnullos
2399 1327 2427 1364 e
2460 1315 2851 1368 monachorum
2888 1315 3054 1386 339
3087 1325 3326 1373 numero

1758 1409 2014 1468 spectata:
2037 1402 2277 1465 virtutis,
2322 1414 2380 1457 ut
2424 1403 2477 1456 in
2511 1405 2656 1460 aliud
2696 1409 3088 1462 monasterium
3133 1412 3200 1464 ad
3234 1429 3325 1467 res

73 1496 403 1548 monasterii
435 1497 870 1572 constituendas,
903 1499 1104 1566 quique
1136 1498 1191 1551 in
1220 1512 1289 1552 eo
1317 1499 1517 1566 degunt
1549 1496 1846 1565 juvandos,
1881 1495 2265 1559 transcribere,
2299 1506 2393 1550 aut
2459 1498 2510 1550 in
2585 1499 2821 1555 hominis
2866 1503 3060 1570 privati
3132 1505 3324 1568 cujus-

73 1585 230 1654 piam
289 1587 568 1642 domicilio
623 1590 972 1652 constituere,
1024 1596 1117 1641 aut
1171 1588 1348 1643 ubivis
1405 1588 1623 1641 demum
1665 1578 1938 1640 collocare
1993 1595 2358 1654 Opportunum
2399 1589 2813 1655 existimaverit,
2870 1606 2969 1645 nec
3026 1574 3324 1652 monachos

72 1679 287 1743 quibus
316 1694 377 1734 ea
408 1681 678 1734 mutandae
706 1681 852 1736 sedis
881 1695 1043 1734 causa
1073 1680 1256 1746 fuerit,
1292 1696 1392 1736 nec
1423 1680 1765 1750 qui-eosdem
1811 1673 2136 1747 receperint,
2195 1696 2352 1749 pmna
2401 1682 2490 1734 illa
2534 1683 2926 1750 segregationis
2961 1683 3181 1740 adiciet.

74 1768 314 1824 ΑΡΙΣΤ.
384 1788 403 1822 ι
454 1769 521 1823 Et
570 1789 656 1835 τις
705 1772 938 1843 μοναχδς
981 1773 1084 1841 τῆς
1141 1773 1277 1836 ίδίας
1309 1773 1647 1843 ,ἀποδράσας

1819 1752 2047 1824 ΑΒΙΒΫ.
2091 1791 2110 1822 ι
2149 1770 2204 1825 Si
2229 1774 2356 1841 quis
2386 1774 2707 1836 monachus,
2739 1775 2957 1840 proprio
2990 1775 3179 1830 relicto
3207 1793 3323 1832 mo-

152 1879 173 1912 ι
227 1863 424 1933 μονῆς,
456 1863 489 1934 ἢ
526 1865 604 1927 είς
634 1865 824 1946 ,ἕτερον
866 1865 1162 1934 μεταπέσοι
1190 1867 1577 1937 μοναστήριον,
1619 1865 1652 1934 ἢ

154 1969 176 2004 ι
228 1956 314 2016 είς
339 1956 604 2024 κοσμικδν
631 1958 966 2024 εἰσκωμάσει
997 1959 1366 2028 καταγώγιον,
1404 1959 1569 2022 αὑτός
1595 1973 1654 2009 τε

153 2060 172 2092 ι
227 2043 328 2096 καὶ
347 2047 374 2096 ό
402 2045 798 2116 ὑποδεξάμενος
824 2045 1189 2115 ἀφοριζέσθμ),
1211 2050 1317 2111 ἓως
1347 2048 1654 2102 ἐπανέλθοι.

152 2153 174 2185 ι
235 2134 303 2185 '0
328 2134 385 2186 δὲ
438 2135 572 2205 παρ’
625 2138 922 2191 ἐπισκόπου
969 2139 1321 2210 ὁπωσδήποτε
1379 2141 1657 2204 καταστὰς

149 2232 202 2275 af
221 2225 552 2289 ἁναιτίατος.
593 2247 613 2279 ι

688 2407 925 2461 ΚΑΝΩΝ
974 2403 1052 2464 ις’.

78 2511 104 2548 ι
150 2495 271 2558 Τὰς
302 2496 562 2565 ἀκρίτους
619 2500 714 2553 καὶ
767 2499 1170 2569 ἀδοκιμάπους
1225 2499 1653 2579 ἀππαγάςὲπὶ

155 2607 175 2638 ι
232 2588 375 2641 πολὺ
431 2589 530 2659 τὴν
593 2593 896 2660 μοναχικὴν
935 2589 1193 2654 εὐταξίαν
1239 2589 1653 2659 ’λυμαινομένας

151 2697 171 2729 ι
225 2679 578 2748 εὑρίσκομεν.
615 2679 909 2751 Προπετῶς
934 2679 1235 2750 γάρ·τινες
1293 2679 1374 2741 είς
1427 2663 1526 2731 ⁴τὸν
1554 2694 1653 2746 μο-

156 2787 176 2818 1
239 2760 386 2838 νήρη
420 2769 536 2838 βίον
560 2771 788 2833 ἑαυτοὺς
821 2772 1258 2841 ὲπιῤῥὶπτοντες,
1296 2770 1552 2840 καὶπρὸς
1591 2769 1651 2822 τὸ

152 2875 173 2907 ι
221 2859 402 2926 τραχὺ
427 2859 522 2910 καὶ
544 2860 801 2912 ἐπίπονον
827 2860 1322 2929 κατολιγωροῦντες
1350 2853 1452 2929 τῆς
1481 2861 1653 2928 ἀσκηι

156 2963 175 2994 ι
225 2962 390 3010 σεως,
414 2945 506 2998 ἐπὶ
532 2948 620 2998 τιν
648 2946 980 3015 φιλόσαρκον
1002 2946 1095 2999 καὶ
1124 2945 1367 3015 ἡδονικδν
1398 2945 1511 3015 (49)
1537 2944 1651 3013 βίον

153 3054 174 3087 ι
218 3035 423 3100 ἀθλίως
445 3039 607 3094 πάλιν
637 3036 1161 3107 ἐπαναστρέφουσιν.
1193 3037 1412 3106 Ὧρισεν
1440 3035 1533 3089 οὖν
1561 3035 1649 3088 διὰ

152 3145 174 3178 ι
225 3127 389 3180 τοῦτο
415 3131 447 3199 ἡ
469 3130 599 3197 ἀγία
616 3129 831 3191 σύνοδος
857 3129 1060 3198 μηδένα
1085 3128 1180 3182 τοῦ
1203 3128 1492 3198 μοναχικοῦ
1519 3146 1650 3182 κατι-
1677 3122 1722 3181 (Ξ

153 3234 175 3268 ι
223 3219 507 3284 ἀξιοῦσθαι
567 3221 842 3288 σχήματος
889 3221 1021 3289 πρὶν
1053 3219 1120 3273 ἂν
1165 3223 1193 3272 ό
1251 3220 1347 3288 τῆς
1404 3220 1646 3290 τριετίας

157 3326 182 3360 ι
223 3309 420 3379 χρόνος
444 3311 523 3369 είς
546 3311 743 3377 πεῖραν
777 3306 959 3369 αὐτοῖς
989 3308 1214 3374 ἀφεθεὶς
1241 3307 1500 3376 δοκίμους
1543 3309 1646 3359 αὑ·-

153 3418 177 3453 ι
223 3403 357 3464 τοὺς
385 3399 482 3453 καὶ
508 3399 691 3464 ἀξίους
718 3400 815 3468 τῆς
845 3398 1178 3468 τηλικαύτης
1226 3398 1412 3468 βιοτῆς
1462 3414 1648 3468 παραυ

158 3510 183 3544 ι
231 3492 428 3564 στήσῃ.
460 3494 569 3546 Καὶ
607 3492 765 3546 τοῦτο
787 3494 1008 3563 κρατεῖν
1039 3493 1224 3555 ,παντὶ
1273 3493 1460 3563 τρόπῳ
1501 3509 1646 3562 παρ-

157 3603 177 3636 ι
228 3584 582 3649 εκελεύσατο,
619 3585 759 3654 πλὴν
791 3586 838 3636 εί
870 3585 1038 3652 μήπω
1071 3601 1156 3646 τις
1186 3583 1378 3654 βαρεῖα
1410 3601 1648 3654 προσπε-

82 3744 89 3751 _
163 3694 183 3728 ι
232 3674 407 3728 coan
437 3676 588 3736 νόσος
646 3674 740 3726 τὸν
803 3675 993 3741 χρόνον
1040 3674 1322 3742 ἀναγκάσῃ
1376 3673 1648 3741 συσταλῆ-

151 3784 172 3818 ι
219 3782 313 3820 ναι
353 3766 453 3834 τῆς
511 3767 830 3836 δοκιμασίας
860 3783 873 3795 ·
909 3762 1012 3834 ῆεί
1043 3767 1115 3834 μή
1167 3765 1253 3816 πώ
1282 3782 1364 3828 τις
1393 3763 1481 3834 εῑη
1508 3765 1645 3833 ἀνὴρ

155 3876 177 3911 ι
222 3858 481 3929 εὐλαϐὴς,
513 3861 606 3913 καὶ
631 3860 722 3926 τὸν
757 3859 1044 3929 μοναχικὺν
1070 3859 1184 3927 βίον
1210 3859 1267 3910 ὲν
1296 3858 1372 3925 τῷ
1398 3857 1646 3927 κοσμικῷ

155 3968 176 4001 ι
223 3949 460 4004 διανύων
501 3952 758 4019 σχήματι.
800 3951 924 4001 Ἐπὶ
981 3950 1090 4019 γὰρ
1127 3949 1218 4001 τοῦ
1261 3948 1510 4001 τοιούτου
1555 3949 1650 4000 ἀν-

154 4060 178 4096 ι
225 4044 355 4114 δρὸς
387 4045 466 4105 είς
497 4042 803 4110 ἀπόπειραν
835 4043 1072 4109 παντελῆ
1103 4043 1197 4093 καὶ¹
1227 4045 1255 4093 ὀ
1297 4044 1646 4109 ὲξαμηνιαῖος

159 4154 181 4186 ι
227 4134 453 4204 ἀρκέσει
479 4133 688 4202 χρόνος.
728 4132 789 4185 Εἰ
823 4132 878 4182 δέ
910 4149 992 4194 τις
1025 4132 1175 4201 παρὰ
1203 4133 1373 4184 ταῦτα
1414 4130 1647 4201 διαπράο

160 4246 177 4277 ι
226 4224 400 4289 ξεται,
426 4228 515 4276 τὸν
545 4226 642 4294 μὲν
670 4225 974 4293 ἡγούμενον
1015 4225 1112 4293 τῆς
1159 4223 1523 4292 ὴγουμενείας
1553 4225 1646 4275 ὲκ-

156 4330 176 4361 ι
233 4310 527 4381 πίπτοντας
558 4312 806 4365 παιδείαν
840 4311 932 4380 τῆς
979 4311 1205 4376 ἀταξίας
1229 4312 1329 4388 τὴν
1352 4313 1410 4363 ὲν
1438 4312 1646 4366 ὑποτα-

157 4420 176 4454 ι
223 4405 299 4472 γῇ
353 4402 630 4471 διαγωγὴν
686 4402 1031 4471 ὲφευρίσκειν
1055 4419 1071 4433 ’
1105 4403 1197 4454 τὸν
1234 4403 1290 4455 δὲ
1337 4406 1644 4489 μονάσαντα
1673 4447 1718 4504 D

161 4510 181 4544 ι
227 4496 289 4545 ὲν
324 4492 486 4562 ἑτέρᾳ
520 4493 658 4563 μονῇ
676 4492 772 4562 τὴν
803 4490 1101 4560 μοναχικὴν
1129 4477 1413 4560 ἀκρίϐειαν
1439 4477 1642 4557 φυλατ-

151 4601 172 4636 ι
219 4584 398 4654 τούσῃ
432 4583 844 4654 παραδίδοσθαι.
883 4601 901 4633 ι

151 4673 352 4728 ΒΔΛΣ.
389 4673 658 4733 Πολλάκις
714 4675 876 4738 τινὲς,
932 4673 1095 4740 φασὶν
1151 4673 1201 4724 οἱ
1262 4673 1524 4742 Πατέρες,
1555 4672 1644 4727 διὰ

86 4765 260 4839 θλίψιν
288 4766 323 4836 ἢ
345 4763 540 4837 ἑτέραν
563 4766 854 4834 ὀλιγωρίαν
880 4766 999 4817 τινὰ
1020 4764 1109 4814 τὸν
1129 4765 1339 4834 μονήρη
1370 4764 1484 4832 βίον
1511 4781 1645 4834 προ-

97 4866 266 4922 πετῶς
301 4845 681 4928 ὑποδυόμενοι,
721 4856 817 4907 καὶ
855 4858 931 4926 μὴ
967 4855 1255 4922 δυνάμενοι
1300 4857 1641 4924 καρτερῆσαι

99 4950 153 4996 τὸ
175 4950 420 5005 ὲπίπονον
448 4953 547 5020 τῆς
577 4949 884 5017 ἀσκήσεως,
916 4946 1337 5017 μεταμέλονται,
1376 4948 1473 5000 καὶ
1508 4950 1644 5019 πρὸς

103 5034 192 5098 τὴν
215 5043 485 5114 προτέραν
510 5041 781 5109 κοσμικὴν
820 5040 1095 5109 διαγωγὴν
1143 5040 1328 5102 κακῶς
1381 5041 1644 5111 ὑποστρέ.

105 5128 302 5202 φθυειν.
329 5127 552 5202 Ὦρισαν
583 5127 676 5182 οὖν
715 5128 916 5198 μηδένα
946 5128 1333 5190 καταξιοῦσθαι
1358 5133 1452 5181 τοῦ
1477 5146 1644 5198 μονα-

106 5201 254 5269 κιιωῦ
292 5201 566 5291 σχήματος
597 5219 705 5288 πρὸ
749 5219 1070 5285 δοκιμασίας
1110 5219 1203 5270 καὶ
1235 5219 1639 5282 κατεξετάσεως

105 5296 197 5374 τῆς
219 5299 493 5380 διαγωγῆς
512 5311 605 5363 τοῦ
637 5310 922 5378 ζητοῦντος,
955 5312 1114 5364 αὐτόο
1146 5309 1262 5361 ἀλλ’
1287 5311 1380 5361 ἐπὶ
1403 5309 1643 5378 τριετίαν

96 5396 505 5470 δοκιμάζεσθαι,
567 5400 662 5453 καὶ
708 5396 850 5450 οὕτω
893 5397 1186 5465 λαμϐάνειν
1235 5397 1296 5448 τὸ
1351 5396 1640 5465 μοναχικδν

98 5491 302 5559 σχῆμα.
336 5490 539 5543 Τούτου
563 5493 672 5560 γὰρ
703 5489 843 5542 οὕτω
867 5488 1174 5556 γινομένου,
1228 5489 1388 5551 αὑτός
1447 5503 1504 5538 τε
1554 5486 1642 5540 διὰ

96 5585 190 5653 την
221 5579 518 5652 ὀλιγωρίαν
545 5584 607 5635 οὐ
649 5581 1173 5652 μεταμεληθήσεται,
1207 5582 1325 5634 ἀλλ’
1366 5577 1639 5648 ὁλοψύχως

1764 1882 1782 1914 ι
1817 1864 2075 1927 nasterio,
2100 1865 2213 1916 sive
2245 1865 2309 1916 ad
2347 1866 2492 1919 aliud
2530 1867 2916 1920 monasterium
2967 1872 3318 1934 transmigra-

1760 1971 1782 2004 ι
1817 1956 1975 2017 verit,
2006 1953 2148 2022 sive"
2173 1959 2224 2008 in
2274 1960 2536 2008 saeculare
2584 1957 2953 2011 habitaculum
3006 1962 3320 2027 petulanter

1761 2063 1780 2096 ι
1820 2061 1877 2099 se
1933 2045 2223 2100 contulerit
2251 2084 2268 2106 .
2327 2057 2640 2115 segregetur
2675 2055 2784 2098 tam
2818 2048 2934 2115 ipse
2961 2087 2976 2111 ,
3023 2053 3184 2117 quam
3223 2053 3318 2119 qui

1761 2155 1780 2189 ι
1821 2138 1996 2207 ipsum
2029 2139 2291 2205 suscepit,
2329 2152 2507 2208 usque
2541 2137 2669 2190 dum
2705 2154 2960 2195 reversus
2990 2139 3177 2194 luerit.
3212 2129 3316 2207 Qui

1683 2253 1686 2255 λ
1763 2245 1782 2279 ι
1819 2243 1945 2282 vero
1974 2229 2041 2282 ab
2078 2229 2331 2297 episcopo
2359 2244 2690 2297 quocunque
2711 2229 2830 2282 loco
2852 2230 3188 2286 constitutus
3212 2240 3317 2296 est,

1759 2336 1779 2369 ι
1821 2320 1982 2387 culpa
2016 2327 2192 2371 vacat.
2240 2338 2260 2370 ι

2361 2407 2586 2464 CANON
2636 2408 2700 2462 ν.

1759 2516 1779 2552 ι
1812 2499 1943 2566 Quae
1969 2507 2176 2556 temere
2205 2509 2258 2555 et
2286 2502 2405 2556 sine
2441 2501 2650 2570 judicio
2694 2517 2756 2556 ac
2809 2503 3129 2572 probatione
3182 2503 3318 2558 ﬁunt

1829 2610 1850 2643 ι
1881 2582 2332 2657 renuntiationes,
2366 2595 2511 2647 houo
2537 2596 2838 2649 monastico
2859 2594 3035 2648 ordini
3061 2610 3312 2665 magnum

1826 2700 1847 2734 ι
1882 2682 2074 2736 aﬂ'erre
2096 2684 2500 2736 incommodum
2519 2685 2848 2739 invenimus.
2870 2683 2927 2738 In
2957 2688 3313 2739 monasticam

1831 2791 1850 2824 ι
1885 2774 2030 2828 enim
2069 2775 2231 2831 vitam
2255 2792 2316 2830 se
2347 2763 2835 2846 facilciinjicientes
2865 2779 3133 2842 nonnulli,
3164 2788 3218 2832 et
3248 2779 3315 2830 ad

1829 2884 1848 2915 ι
1889 2879 2133 2934 asperam
2161 2878 2213 2920 et
2240 2869 2572 2922 laboriosam
2623 2869 3063 2922 exercitationem
3114 2883 3172 2921 se
3224 2883 3315 2922 se-

1824 2973 1843 3006 ι
1877 2957 2054 3025 gniter
2075 2965 2349 3026 gerentes,
2395 2959 2463 3011 ad
2507 2959 2783 3012 carnalem
2839 2965 2891 3011 et
2949 2961 3315 3026 voluptariam

1830 3066 1847 3098 ι
1885 3047 2274 3102 νίιοιιιτυι-ειιε
2331 3051 2527 3104 misere
2590 3059 2957 3106 revertuntur.
3016 3048 3309 3118 Pr0pterea

1828 3159 1845 3190 ι
1883 3153 2011 3209 ergo
2035 3141 2225 3193 statuit
2255 3149 2442 3194 sancta
2475 3142 2746 3208 synodus,
2774 3147 2832 3193 ut
2879 3143 3182 3194 monastico
3217 3141 3314 3194 ha-

1822 3250 1840 3282 ι
1876 3231 1988 3285 bitu
2019 3232 2166 3302 digni
2195 3231 2330 3305 nulli
2363 3240 2622 3300 putentur
2651 3271 2666 3296 ,
2715 3235 3035 3302 priusquam
3089 3234 3309 3287 triennii

1821 3342 1841 3375 ι
1882 3323 2192 3392 tempusad
2220 3323 2611 3391 experientiam
2646 3322 2727 3376 eis
2756 3321 3009 3376 relictum
3053 3323 3312 3391 probatos

1823 3430 1842 3463 ι
1876 3427 1971 3466 eos
1998 3424 2122 3465 esse
2150 3417 2204 3464 et
2233 3410 2327 3462 tali
2359 3411 2467 3463 vita
2500 3409 2697 3479 dignos
2727 3408 3052 3462 ostenderit.
3102 3407 3167 3460 Et
3209 3411 3310 3463 hoc

1818 3521 1836 3553 ι
1874 3501 2020 3555 omni
2053 3500 2218 3555 modo
2247 3499 2526 3554 observari
2562 3501 2840 3568 praecepit,
2877 3508 3238 3569 prmterquam
3265 3502 3310 3555 si

1823 3612 1841 3644 ι
1877 3594 2057 3661 gravis
2108 3592 2310 3662 aliquis
2361 3591 2582 3646 morbus
2663 3592 2908 3647 incidens
2970 3592 3312 3661 probationis

1825 3702 1845 3734 ι
1887 3693 2132 3753 tempora
2160 3683 2412 3740 contrahi
2445 3685 2686 3753 coegerit
2720 3699 2734 3736 :
2765 3683 2852 3738 vel
2897 3684 3013 3753 nisi.
3048 3685 3172 3752 quis
3205 3686 3303 3736 ali-

1825 3791 1846 3824 ι
1884 3774 2062 3827 cunde
2093 3775 2167 3828 sit
2194 3774 2276 3826 vir
2307 3774 2596 3842 religiosus
2643 3783 2696 3828 et
2738 3773 2902 3826 vitam
2959 3777 3320 3827 monasticam

1826 3881 1844 3914 ι
1882 3867 1938 3917 in
1971 3863 2156 3916 habitu
2186 3864 2430 3915 saeculari
2463 3871 2700 3930 peragat.
2733 3860 2849 3913 Tali
2879 3864 3023 3916 enim
3081 3863 3198 3914 viro
3231 3863 3296 3940 ad

1822 3974 1840 4006 ι
1879 3954 2179 4008 absolutam
2213 3952 2609 4021 experientiam
2634 3961 2843 4020 tempus
2892 3961 3155 4007 semestre
3191 3953 3307 4008 suf-

1823 4064 1842 4096 ι
1879 4045 2043 4097 ﬁeiet.
2071 4043 2129 4097 Si
2155 4046 2280 4112 quis
2311 4054 2492 4098 autem
2524 4053 2718 4112 prteter
2750 4046 2862 4097 haec
2911 4045 3118 4109 fecerit,
3167 4059 3306 4113 pra:-

1823 4152 1843 4186 ι
1881 4136 2056 4188 lectus
2089 4133 2304 4202 quidem
2351 4133 2676 4203 prterectnra
2727 4135 2984 4190 excideris
3029 4150 3308 4204 perperam

1831 4245 1849 4278 ι
1886 4227 2157 4281 observati
2197 4223 2409 4281 ordinis
2436 4229 2826 4282 correctionem
2851 4266 2867 4290 ,
2915 4229 2967 4279 in
3004 4227 3311 4281 obedientia

1823 4335 1842 4368 ι
1879 4327 1933 4370 et
1961 4317 2300 4386 subiectione
2343 4319 2811 4370 conversationem
2844 4354 2860 4381 ,
2902 4316 3182 4372 inveniat:
3216 4319 3309 4387 qui

1825 4427 1845 4460 ι
1882 4417 1965 4463 est
2000 4418 2179 4463 autem
2213 4408 2264 4458 in
2300 4406 2406 4457 alio
2437 4406 2768 4460 monasterio
2827 4409 3124 4462 monachus
3148 4448 3165 4473 ,
3213 4409 3306 4462 alii

1830 4516 1849 4549 ι
1875 4488 2218 4552 ’ωοιιαειειὶο
2253 4495 2516 4558 tradatur,
2548 4497 2691 4564 quod
2736 4498 3086 4551 monasticam
3146 4498 3311 4551 disci-

1823 4605 1842 4638 ι
1878 4589 2077 4656 plinam
2111 4594 2365 4639 accurate
2406 4585 2748 4656 petfccteque
2779 4589 3048 4642 observet.
3087 4604 3106 4638 ι

1817 4675 2010 4732 BALS.
2041 4674 2296 4729 Nonnulli
2327 4692 2490 4743 saepe,
2528 4675 2780 4742 inquiunt
2805 4674 2997 4732 Patres
3027 4715 3043 4742 ,
3085 4686 3308 4746 propter

1724 4763 2090 4820 'aﬂlictionem
2118 4804 2135 4831 ,
2183 4767 2265 4820 vel
2292 4766 2456 4818 etiam
2488 4777 2584 4832 per
2612 4763 2998 4845 negligentiam
3021 4768 3259 4836 aliquam
3285 4789 3318 4833 ,-

1745 4860 1907 4911 vitam
1949 4856 2304 4912 monasticam
2328 4854 2489 4908 facile
2519 4854 2840 4921 subeuntes,
2869 4865 2924 4912 et
2960 4857 3307 4923 exercitatio-

1739 4946 1824 4998 nis
1853 4944 2090 4999 laborem
2137 4939 2366 4996 suﬂerre
2421 4956 2528 4995 non
2581 4943 2824 4998 valentes
2853 4982 2870 5008 ,
2926 4945 3302 5014 pmnitentiam

1739 5041 1930 5103 agunt,
1961 5041 2016 5088 et
2051 5030 2115 5084 ad
2145 5031 2379 5100 priorem
2409 5033 2725 5087 smcularem
2776 5032 2988 5087 vivendi
3035 5032 3304 5090 rationem

1737 5135 2104 5183 revertuntur.
2144 5123 2463 5181 Statuerunt
2497 5141 2649 5196 ergo,
2684 5140 2752 5178 ne
2774 5124 3076 5178 monastico
3105 5125 3293 5180 habitu

1739 5224 1937 5293 dignus
1973 5219 2095 5289 quis
2126 5219 2484 5283 existimetur,
2516 5227 2642 5272 ante
2671 5216 3047 5285 probationem
3079 5227 3131 5273 et
3153 5234 3286 5274 en.-

1740 5314 2091 5368 minationem
2118 5311 2238 5381 ejus
2293 5310 2388 5380 qui
2438 5309 2615 5378 ipsum
2667 5307 2860 5376 petiit;
2894 5295 3008 5362 sed
3069 5310 3302 5364 triennio

1747 5403 2024 5473 probetur,
2048 5407 2102 5456 et
2125 5401 2204 5456 sic
2243 5397 2605 5453 monasticam
2629 5395 2871 5451 habitum
2908 5399 3160 5468 accipiat.
3187 5398 3297 5453 Ηοό

1747 5492 1892 5545 enim
1918 5493 1990 5546 ita
2021 5491 2186 5555 facto,
2217 5504 2316 5544 nec
2345 5489 2457 5557 ipse
2471 5497 2692 5557 propter
2717 5487 3094 5558 negligentiam
3125 5488 3296 5559 paeni-

1749 5582 1919 5637 tentia
1989 5590 2273 5649 tangetur,
2333 5578 2424 5631 sed
2473 5578 2830 5633 monasticam
2881 5579 3121 5634 habitum
3183 5583 3301 5630 toto

1305 5677 1490 5739 Goill.
1529 5677 1848 5753 Beveregii
1890 5685 2079 5736 none.

167 5775 281 5846 (£9)
313 5776 692 5844 Φιλόσαρκαν
713 5782 808 5832 καὶ

100 5849 334 5927 ωιιίοιισ
363 5855 446 5902 est
470 5847 792 5919 φιλόσαρκον
817 5851 848 5918 ἢ
887 5851 1191 5921 φιλήδονον.

843 5780 1144 5847 Marmor.
1180 5780 1258 5836 lta
1291 5797 1411 5836 cum
1448 5780 1634 5836 codice
1675 5781 1970 5835 Bodleiano
2015 5780 2140 5847 legit
2169 5778 2330 5833 etiam
2365 5778 2852 5835 Amerbachianus.
2913 5779 2968 5833 ln
3009 5777 3297 5836 [θαι-ἰδίειιεὶ
