3988 6352
110 398 250 463 i029

1313 401 1394 461 IN
1431 402 1592 464 CAN.
1622 404 1663 463 γ
1705 403 1910 466 CONC.
1943 405 2144 466 CPOL.

3183 406 3318 470 1030

102 508 472 578 ἐνδυσάμενος
535 507 596 561 οὒ
631 509 1162 580 παραχωρηθήσετιι
1215 509 1341 577 χθὲς
1384 509 1481 578 μὲν
1524 509 1665 562 κατὰ

1787 515 2122 567 nnnasticum
2161 513 2372 582 induit,
2401 514 2450 569 ei
2501 531 2609 571 non
2666 518 3041 586 permittetur,
3103 525 3160 571 ut
3203 519 3316 574 heri

102 597 381 668 μοναχοὺς
413 598 508 652 ἐπὶ
543 600 752 668 ἀγορᾶς
799 599 1260 671 ἀναστρέφεσθαι,
1321 601 1563 670 σήμερον
1612 602 1668 653 δὲ

100 690 247 740 κατά
272 690 490 750 λαῖκοὺς
510 688 911 756 θεατρξζεσθαι,
949 691 1042 742 καὶ
1071 687 1181 743 οἷον
1208 691 1500 759 ἐμπαίζειν
1532 693 1670 744 κατὰ

104 780 408 848 σκηνικοὺς
437 778 497 830 τὸ
521 779 675 846 ἅγιον
699 781 882 850 σχῆμα
905 796 920 812 ·
991 781 1190 851 μᾶλλον
1234 781 1333 851 μὲν
1367 777 1462 834 οὖν
1500 785 1670 850 ἀναγ-

103 866 451 932 κασθήσεται
511 870 609 921 καὶ
671 868 821 922 ἄκων
879 871 1246 938 ἀποκαρῆναι.
1303 871 1567 939 Λέγοντες
1613 872 1668 923 δὲ

97 961 281 1013 ταῦτα
308 948 716 1023 κατεσκεύαζον
758 961 851 1015 τὸν
900 963 1056 1030 λόγον
1094 961 1273 1014 αὐτῶν
1311 963 1417 1015 ἀπὸ
1473 964 1568 1015 τοῦ
1619 961 1669 1031 γ’

104 1070 230 1121 κεφ.
260 1051 357 1104 τοῦ
413 1058 484 1104 ια’
518 1052 697 1105 τίτλον
728 1051 821 1104 τοῦ
862 1054 1124 1122 παρόντος
1154 1056 1551 1124 συντάγματος,
1582 1055 1671 1109 λέ-

108 1161 297 1211 τοντος
325 1147 456 1215 περὶ
485 1146 582 1207 τὰς
613 1144 787 1215 ἀρχὰς
846 1145 1017 1209 οὕτως
1045 1164 1058 1176 ·
1099 1147 1162 1200 Ἥ
1201 1148 1266 1199 δὲι
1321 1153 1388 1215 ιγ’
1428 1147 1671 1213 διάταξις

107 1234 196 1286 ῑοῦ
226 1241 276 1287 α’
312 1235 494 1287 τίτλου
534 1237 661 1303 ετῶν
703 1237 932 1308 Neapth
975 1256 1142 1308 φησιν
1195 1239 1278 1292 ὅτι
1312 1243 1360 1293 0i
1415 1244 1668 1313 παραμέ-

104 1345 288 1392 νοντες
314 1332 394 1392 ei;
432 1333 644 1401 μονήρη
680 1331 814 1400 βίον,
855 1333 965 1384 εἴτε
1000 1334 1272 1405 ἐλεύθεροι
1307 1335 1418 1388 εἴτε
1466 1335 1663 1401 δοῦλοι,

101 1422 378 1490 πρότερον
410 1425 655 1492 τριετίαν
713 1425 1330 1495 προσκαρτερείτωσαν,
1385 1427 1558 1494 κουρᾷ
1610 1444 1668 1479 τε

102 1510 200 1564 καὶ
226 1511 422 1581 ἐσθῆτι
461 1513 734 1584 χρώμενοι
763 1515 873 1567 τῶν
901 1516 1130 1579 laudm,
1177 1518 1270 1570 καὶ
1308 1516 1407 1580 τὰς
1446 1517 1670 1587 Γραφὰς

101 1602 496 1670 μανθάνοντες,
528 1604 622 1659 καὶ
657 1605 756 1675 τὴν
805 1606 977 1677 τύχην
1021 1609 1202 1670 αὐτῶν
1243 1608 1669 1675 ’ὁμολογοῦντεῃ

101 1695 198 1747 καὶ
226 1692 332 1764 τὴν
368 1696 553 1750 αἰτίαν
581 1696 672 1750 τοῦ
710 1697 887 1751 θέλειν
918 1699 1174 1768 μονάσαι.
1216 1699 1440 1770 μήποτε
1457 1717 1593 1768 πονη
1607 1699 1672 1765 ρὰ

99 1784 248 1851 ἐστι,
280 1785 377 1837 καὶ
403 1786 868 1840 νουθετείσοωσαν
894 1806 909 1819 ·
944 1788 1038 1842 καὶ
1059 1790 1108 1841 εί
1131 1793 1670 1860 προσκαρτερήσοοσι

99 1876 208 1942 τὴν
243 1878 493 1946 τριετίαν
545 1879 640 1930 καὶ
677 1879 821 1943 ἄξιοι·
848 1881 1060 1948 φανῶσι
1092 1880 1186 1932 τοῦ
1255 1881 1505 1949 μονάσαι,
1549 1881 1671 1932 τότε

98 1964 504 2035 κειρέσθωσαν.
533 1968 642 2022 Καὶ
670 1969 860 2044 ἤθελον
889 1971 954 2022 ἐκ
996 1969 1200 2037 ταύτης
1233 1969 1472 2039 Νεαρᾶς,
1510 1969 1675 2038 οὔσης

111 2054 586 2122 Ἰουστινιανείου,
622 2060 720 2129 τὴν
749 2059 981 2130 δοκιμὴν
1015 2059 1265 2129 γίνεσθαι
1305 2060 1444 2129 μετὰ
1474 2060 1677 2113 λαῖκῶν

100 2147 361 2217 ἁμερίων.»
412 2150 776 2220 Προσετίθουν
809 2152 864 2203 δὲ
897 2150 991 2214 ὡς,
1015 2150 1155 2212 ,ἐπεὶ
1191 2152 1252 2202 τὸ
1311 2156 1378 2229 ιγ’
1415 2167 1540 2217 κεφ.
1584 2149 1678 2202 τοῦ

99 2239 151 2292 α’
180 2241 373 2294 τίτλον
404 2241 498 2293 τοῦ
556 2244 598 2295 δ’
650 2242 859 2311 βιϐλίου
887 2243 995 2296 τῶν
1026 2243 1354 2310 Βασιλικῶν,
1385 2244 1523 2310 ὅπερ
1563 2243 1680 2293 ἐστὶ

100 2333 309 2402 κιφαλ.
344 2331 414 2396 ξδ’
458 2333 558 2401 τῆς
614 2339 734 2401 ρκγ¹
782 2335 1209 2388 ’1ουστινιανείου
1240 2334 1476 2402 Νεαρᾶς,
1509 2334 1675 2403 διορί-

101 2423 261 2485 ζεται
291 2425 419 2484 τοὺς
454 2423 837 2494 τολμήσαντας
869 2422 1213 2493 μιμήσασθαι
1271 2421 1459 2492 σχῆμα
1513 2438 1677 2490 μονα-

102 2514 206 2584 χοῦ
245 2515 284 2584 ἦ
338 2515 670 2584 ἀσκητρίας,
738 2516 835 2569 καὶ
886 2516 1026 2568 κατά
1071 2515 1362 2584 σκηνικοὺς
1421 2513 1679 2580 ἐμπαῖξαι

102 2605 274 2660 τοῦτο
297 2605 569 2676 οίῳδήτινι
594 2606 805 2676 τρόπῳ,
836 2606 1166 2677 σωματικῶς
1185 2604 1549 2674 τιμωρεῖσθαι
1585 2606 1682 2656 καὶ

105 2695 465 2767 ὲξορίξεσθαι
485 2713 500 2727 ⁸
543 2698 723 2768 πολλῷ
757 2698 814 2750 δὲ
847 2697 1008 2750 πλέον
1036 2696 1431 2765 κολασθήσεται
1457 2698 1484 2748 ὁ
1513 2696 1683 2761 ἐπαγ-

102 2786 441 2854 γειλάμενος
482 2787 780 2855 μοναδικὴν
835 2786 1137 2855 διαγωγὴν,
1168 2783 1262 2836 καὶ
1294 2784 1374 2846 εἰς
1408 2783 1683 2852 μοναστή-

107 2893 236 2944 ριον
266 2874 540 2938 ἀπελθὼν,
574 2876 667 2930 καὶ
701 2875 1006 2946 μοναχικὴν
1041 2875 1252 2944 ἐσθῆτα
1279 2873 1681 2942 περιὸαλλόμε-

105 2987 228 3034 νος,
275 2967 373 3021 ἐὰν
414 2967 639 3038 ὓστερον
668 2967 1112 3036 ἀνερυθριάστως
1140 2966 1218 3026 εἰς
1258 2963 1478 3024 λαῖκοὺς
1511 2978 1681 3031 μετα-

108 3059 498 3130 σχηματισθῖμ
539 3048 724 3112 Ἄλλοι
756 3057 811 3110 δὲ
840 3053 992 3111 εἷπον
1023 3058 1096 3119 ὼς
1121 3058 1170 3108 οἱ
1203 3054 1680 3126 ῥασοερορήσαντες

109 3151 265 3221 μετὰ
299 3147 602 3220 Τρισαγ-ίου
640 3152 703 3203 ού
760 3149 1337 3220 ψραχωρηθὴσονται
1397 3162 1678 3215 μετασχηο

111 3240 456 3312 ματισθῆναι
491 3241 828 3303 είςιλαῐκούς
855 3256 867 3269 ·
923 3244 971 3292 οί
998 3241 1052 3293 δὲ
1083 3240 1251 3310 χωρὶς
1281 3237 1468 3289 τούτου
1517 3253 1684 3306 μετα-

1774 603 1992 670 quidem
2025 605 2194 658 instar
2216 606 2601 660 monachorum
2636 609 2686 661 in
2718 607 2832 661 foro
2862 616 3132 677 versetur,
3165 610 3323 664 hodie

1769 707 1900 745 vero
1930 694 2102 746 instar
2130 693 2391 747 laicorum
2423 709 2481 748 se
2516 696 2777 751 theatrice
2807 697 3045 750 venditet
3067 738 3082 762 ,
3133 706 3190 752 et
3239 699 3320 751 in-

1770 797 1881 835 suar
1916 784 2252 837 scenicorum
2313 794 2557 838 sanctum
2610 785 2854 839 habitum
2914 788 3314 854 quodammodo

1770 872 2098 950 ludificetur,
2152 875 2338 929 Potius
2375 890 2502 944 ergo
2536 868 2760 945 cogetur
2808 879 2887 932 vel
2935 879 3133 932 invitus
3197 887 3324 932 ten-

1770 962 1903 1016 deri.
1941 961 2043 1028 Qui
2071 977 2247 1018 autem
2289 968 2401 1019 haec
2432 967 2700 1028 dicebant,
2734 967 2940 1020 dictum
2998 983 3154 1022 suum
3201 983 3326 1021 con-

1768 1053 2056 1108 ﬁrmabant
2087 1072 2148 1110 ex
2178 1057 2398 1125 Scapit.
2461 1059 2520 1110 11
2576 1058 2713 1110 tituli
2769 1059 3050 1127 prmsentis
3094 1060 3273 1129 operis
3308 1099 3321 1120 ,

1769 1147 1851 1201 sic
1909 1147 2051 1202 circa
2101 1150 2316 1205 initium
2371 1150 2651 1204 dicentis:
2705 1153 2771 1206 15
2823 1139 3141 1207 constittitio
3170 1153 3324 1222 primi

1770 1239 1910 1293 tituli
1947 1239 2286 1294 Novellarnm
2317 1241 2474 1306 dicit,
2525 1241 2666 1310 quod
2713 1244 2804 1311 qui
2854 1245 2975 1298 vita:
3008 1243 3330 1302 incumbunt

1770 1331 2081 1386 monasticae
2111 1371 2127 1395 ,
2181 1333 2292 1385 sive
2325 1333 2433 1386 sint
2467 1334 2619 1386 liberi
2686 1334 2802 1386 sive
2853 1338 2992 1386 servi
3024 1373 3038 1397 ,
3096 1333 3329 1386 triennio

1727 1424 1734 1432 ’
1772 1423 1922 1492 prius
1954 1433 2300 1491 perseverent
2331 1424 2592 1478 laicorum
2648 1433 2808 1478 tonsu
2849 1431 2903 1478 et
2943 1424 3139 1479 vestitu
3177 1435 3331 1478 uten-

1772 1522 1876 1573 tes,
1910 1523 1964 1565 et
1999 1501 2307 1581 Scripturas
2358 1515 2629 1566 discentes
2659 1552 2674 1574 ,
2734 1522 2787 1566 et
2842 1529 2997 1568 suam
3059 1513 3326 1567 fortunam

1773 1605 2119 1668 conﬁtcntes,
2160 1618 2206 1659 et
2239 1621 2456 1660 causam
2492 1620 2589 1659 cur
2649 1607 2896 1658 menachi
2953 1620 3074 1660 esse
3124 1608 3325 1660 velint:

1773 1694 2016 1768 ne‘forte
2049 1695 2184 1750 mala
2217 1698 2308 1762 sit,
2339 1707 2391 1750 et
2425 1697 2818 1750 admoneantur
2851 1716 2863 1750 :
2897 1706 2948 1751 et
3005 1700 3051 1751 si
3104 1698 3334 1752 triennio

1777 1789 2239 1856 perseveraverint
2270 1797 2324 1840 et
2366 1789 2697 1841 monasterio
2729 1787 2871 1855 digni
2926 1788 3024 1842 visi
3085 1789 3287 1842 fuerint
3316 1829 3331 1851 ,

1781 1887 1906 1930 tunc
1939 1880 2283 1931 tondeantur.
2321 1877 2382 1928 Et
2408 1895 2469 1930 ex
2513 1879 2614 1932 hac
2647 1879 2883 1941 Novella,
2911 1894 3030 1946 qua:
3063 1888 3144 1933 est
3170 1878 3337 1934 Justi-

1781 1968 1950 2042 niani,
1976 1969 2244 2031 volebant,
2264 1982 2385 2021 cum
2407 1969 2521 2021 laici
2549 1951 2787 2022 vestibus
2808 1972 2916 2024 fieri
2942 1971 3307 2040 probationem

1781 2059 2113 2127 Adjiciebant
2173 2067 2374 2124 autem,
2435 2059 2578 2128 quod
2628 2062 2883 2126 quoniam
2933 2063 2998 2115 13
3029 2077 3146 2128 cap.
3177 2063 3330 2130 primi

1786 2151 1952 2218 tituli,
1990 2167 2038 2220 tv
2070 2150 2162 2204 lib.
2193 2151 2412 2205 Basilic.
2462 2154 2604 2218 quod
2663 2153 2878 2219 quidem
2933 2160 3014 2206 est
3046 2153 3113 2206 64
3148 2169 3197 2206 c.
3236 2153 3338 2204 1‘23

1780 2239 2072 2294 Iustiniani
2107 2240 2360 2304 Novellee,
2395 2241 2680 2305 decernit,
2723 2252 2779 2296 ut
2833 2243 2923 2311 qtti
2970 2245 3084 2297 ausi
3138 2243 3337 2297 fuerint

1785 2331 2033 2384 monachi
2085 2332 2166 2385 vel
2233 2335 2488 2386 ascetriae'
2535 2334 2778 2386 habitum
2834 2334 3077 2397 imitari,
3149 2343 3202 2389 et
3263 2336 3342 2387 in-

1786 2431 1900 2476 star
1928 2404 2266 2476 scénicorum
2301 2425 2493 2494 quovis
2527 2426 2686 2477 modo
2725 2426 2875 2476 illum
2908 2425 3154 2491 ilhtdere,
3209 2441 3338 2478 cor-

1784 2525 1913 2574 pore
1966 2512 2260 2578 pnniaiitur
2288 2520 2340 2564 et
2394 2512 2878 2566 exterminentur:
2937 2514 3105 2568 multo
3165 2525 3340 2566 autem

1785 2595 1955 2664 magis
1989 2596 2265 2663 punietur,
2307 2599 2398 2677 qui
2436 2599 2600 2650 vitam
2653 2603 3008 2655 monasticam
3063 2602 3341 2669 professus

1748 2679 1838 2750 .in
1877 2684 2264 2737 monasterium
2297 2685 2575 2753 ingressus
2613 2695 2698 2742 est
2726 2729 2740 2753 ,
2773 2696 2826 2742 et
2865 2701 3009 2745 veste
3037 2690 3339 2743 monaebali

1786 2771 2037 2835 indutus;
2093 2775 2136 2827 si
2175 2784 2360 2842 postea
2419 2779 2566 2828 omni
2623 2786 2787 2830 exuto
2841 2779 3044 2846 pudore
3097 2778 3340 2831 laicalem

1784 2863 2033 2914 vestitum
2064 2864 2345 2929 receperit.
2383 2864 2487 2916 Alii
2526 2877 2705 2919 autem
2741 2865 3032 2929 dixerunt,
3071 2868 3213 2936 quod
3249 2869 3340 2935 qui

1785 2947 1908 3006 rasa
1943 2953 2114 3006 induti
2150 2954 2350 3009 iuerint
2383 2957 2504 3010 cum
2533 2954 2781 3026 Trisagio
2809 3000 2823 3022 ,
2857 2959 2921 3011 ad
2957 2959 3201 3013 laicalent
3259 2962 3346 3012 ba-

1785 3044 1954 3098 bitum
1983 3047 2158 3101 redire
2186 3064 2291 3102 non
2349 3050 2595 3102 sinentur
2628 3069 2641 3104 :
2677 3051 2767 3114 qui
2827 3065 2954 3106 vero
3009 3053 3217 3121 absque
3281 3071 3346 3105 co

1786 3135 2026 3190 habitum
2076 3149 2376 3207 ceperunt,
2431 3141 2749 3196 indistincte
2839 3144 2981 3198 intra
3055 3147 3346 3199 triennium

1787 3229 2209 3284 tnonastiearum
2243 3232 2464 3299 quidem
2489 3234 2723 3286 vestium
2761 3235 2931 3287 otium
2983 3237 3344 3295 damnabunt;

110 3350 221 3403 σχη
233 3332 590 3403 ματισθέντες
620 3332 986 3393 ἁδιαστίκτως
1008 3333 1158 3391 ἐντὸς
1180 3331 1278 3398 τῆς
1301 3329 1546 3397 τριετίας
1577 3329 1684 3379 τῶν

1787 3321 1945 3385 laicls
1977 3331 2162 3375 autem
2187 3323 2500 3378 lnduentur.
2529 3324 2662 3376 Nam
2696 3335 2744 3377 et
2785 3325 3035 3378 mulieres
3062 3366 3077 3390 ,
3104 3343 3223 3395 qua:
3254 3329 3350 3379 du—

113 3421 223 3489 μὶν
285 3418 599 3492 μοναχικῶν
655 3420 874 3489 ἀμφίων
929 3409 1124 3487 σχολήν
1186 3415 1711 3484 καταψηφίσονταιν

112 3514 510 3583 ἐνδυθήσονται
539 3513 595 3566 δὲ
619 3512 807 3566 λαῖκά.
844 3512 969 3562 Ὀτι
1013 3510 1108 3562 καὶ
1150 3511 1411 3575 γυναῖκες
1465 3506 1689 3558 πενθοῦ-

115 3623 218 3658 σαι
245 3607 373 3667 τοὺς
414 3603 868 3664 ὰποὸεὸιιυκότας
899 3602 1099 3670 ἄνδρας
1139 3600 1318 3663 αὐτῶν
1369 3599 1691 3668 μελανειμο-

115 3693 308 3750 νοῦσιν
341 3696 435 3746 ἐπὶ
474 3693 686 3761 καιρὸν.
719 3695 815 3743 καὶ
836 3682 1133 3750 ἀκινδύνως
1162 3687 1318 3751 αὖθις
1347 3689 1414 3740 τὰ
1447 3687 1690 3756 κοσμικᾶ

120 3787 563 3858 περιτιθέανται.
597 3785 702 3836 Καὶ
732 3783 884 3834 αὐτοὶ
921 3781 1019 3852 μὲν
1067 3780 1260 3834 ταῦτα.
1317 3780 1441 3842 Τοῖς
1482 3779 1688 3830 πλείόσι

116 3879 179 3932 δδ
212 3877 312 3931 καὶ
349 3873 767 3945 εὐλαϐεστέροι,
814 3872 875 3923 οὐ
925 3870 1070 3922 δοκεῖ
1100 3869 1160 3921 τὸ
1198 3868 1340 3938 ἔχειν
1377 3867 1460 3919 ἐπ’
1504 3865 1691 3925 ἀδείας

119 3969 218 4026 τὸν
257 3967 574 4024 εἰσελθόντα
602 3967 684 4024 είς
710 3954 1096 4030 μοναστήριον,
1127 3961 1244 4024 καὶ,
1280 3958 1356 4020 ὡς
1395 3957 1460 4010 ἂν
1505 3955 1604 4026 ἔχη
1632 3953 1693 4006 τὺ

121 4060 389 4135 πρᾶγμα,
421 4055 957 4127 μελανείμονήσαντα
997 4053 1089 4106 καὶ
1118 4045 1257 4104 κατὰ
1292 4050 1555 4118 μοναχοὺς
1579 4050 1693 4101 δια-

122 4151 413 4223 τρίϐοντα,
472 4136 1052 4218 μετασχηματισθῆναι
1118 4145 1196 4206 είς
1259 4141 1498 4205 λαῐκούς.
1538 4140 1695 4208 Ἐξῆν

124 4243 261 4316 γὰρ,
291 4243 482 4312 φασὶν,
513 4239 663 4310 αὐτῷ
687 4240 824 4310 μετὰ
851 4238 1055 4291 λαῖκῶν
1083 4238 1325 4306 ἐσθήτων
1356 4233 1696 4303 δοκιμασοῆ-

130 4351 222 4389 ναι
250 4333 400 4387 κατὰ
426 4332 518 4386 τὸν
539 4332 640 4400 τῆς
670 4336 914 4400 τριετέας
936 4329 1157 4398 καιρόν
1192 4328 1312 4380 ἐπεὶ
1340 4327 1399 4378 δὲ
1429 4325 1700 4394 μοναχικὰ

131 4423 460 4490 ἐνεδύσατο,
495 4407 980 4489 ἀναγκασθήσεται
1011 4413 1328 4487 περατῶσαι
1358 4413 1453 4481 τήν
1489 4412 1698 4464 οἰκείαν

1789 3401 2019 3466 functos
2063 3416 2207 3467 viros
2240 3408 2464 3482 lugent,
2526 3415 2655 3469 atris
2713 3417 2956 3470 vestibus
3010 3420 3076 3471 ad
3136 3426 3349 3488 tempus

1787 3503 2108 3570 induuntur,
2145 3513 2194 3558 et
2238 3521 2429 3559 rursus
2460 3506 2579 3559 sine
2631 3506 2870 3572 periculo
2918 3510 3206 3563 saeculares
3262 3512 3345 3562 in-

1789 3594 1987 3648 duuttt.
2030 3593 2092 3646 Et
2123 3595 2172 3647 hi
2207 3596 2422 3663 quidem
2448 3595 2563 3649 htee
2594 3597 2799 3648 dicunt.
2860 3596 3109 3650 Pluribus
3167 3605 3346 3650 autent

1791 3678 1839 3737 et
1876 3686 2306 3753 reiigiosioribus
2333 3704 2439 3740 non
2469 3688 2677 3760 videtur
2711 3689 2761 3739 in
2785 3688 2902 3755 ejus
2923 3703 3042 3740 esse
3063 3699 3348 3754 potestate,

1791 3778 1881 3847 qui
1916 3779 2301 3831 umnasteriutn
2337 3778 2638 3847 ingressus,
2671 3789 2744 3840 et,
2775 3777 3265 3849 quontodocunquc
3290 3798 3368 3839 se,

1793 3885 1881 3923 res
1913 3869 2125 3932 habeat,
2158 3870 2324 3940 nigris
2348 3871 2592 3924 vestibus
2624 3870 2844 3923 indutus
2875 3877 2957 3940 est
2987 3911 3001 3934 ,
3045 3885 3100 3926 et
3152 3888 3340 3924 mona-

1794 3960 1931 4013 stieo
1967 3974 2116 4014 more
2149 3961 2314 4030 degit,
2354 3961 2597 4015 habitum
2648 3962 2846 4014 laicutn
2895 3979 3190 4018 resumere.
3248 3963 3350 4031 Ipsi

1793 4049 1961 4124 enim,
1996 4051 2267 4118 inquiunt,
2301 4051 2500 4104 licebat
2536 4065 2660 4102 cum
2694 4051 2940 4124 vestibus
2994 4054 3147 4108 laicis
3180 4058 3355 4122 spatio

1797 4143 2014 4196 triennii
2050 4145 2314 4212 probari:
2370 4144 2423 4197 at
2470 4146 2595 4213 quia
2653 4157 2829 4200 vestes
2891 4121 3219 4200 monasticas
3270 4151 3354 4201 in-

1800 4237 1938 4300 duit,
1977 4249 2197 4309 cogetur
2226 4255 2390 4294 suuut
2416 4238 2537 4293 vita:
2573 4240 2908 4308 propositum
2944 4242 3234 4308 perlicere;
3269 4244 3354 4294 sin

1801 4344 1929 4381 vero
1998 4329 2100 4380 hoc
2145 4341 2285 4395 aegre
2346 4328 2521 4393 ferat,
2577 4329 2872 4397 punietur,
2930 4341 2988 4385 ut
3019 4327 3102 4384 lex
3143 4328 3272 4383 dicit
3300 4331 3353 4384 in

1799 4418 1977 4485 primo
2011 4411 2186 4479 titulo,
2217 4431 2268 4470 tv
2298 4418 2390 4470 lib.
2427 4417 2692 4482 Quoniam
2747 4411 2928 4474 autem
2980 4419 3157 4495 audivi
3216 4435 3356 4474 non-
3410 4402 3444 4425 ”

133 4502 402 4586 πρόθεσιν
433 4529 449 4544 ·
481 4516 532 4572 εί
571 4513 628 4566 δὲ
666 4510 804 4582 πρὸξ
835 4508 993 4562 τοῦτο
1025 4502 1485 4572 ἀπόδυσπετήσει,
1523 4517 1686 4570 τιμω‹

1803 4505 1982 4561 nullos
2005 4506 2164 4576 queri
2188 4507 2254 4561 de
2281 4507 2572 4578 przeiectis,
2605 4510 2700 4577 qui
2736 4510 2801 4563 ad
2853 4511 2996 4576 ipsos
3034 4510 3362 4589 accedentes
3415 4550 3419 4554 -

135 4605 466 4682 ρηθήσεται,
502 4590 690 4666 καθὼς
719 4603 749 4654 ὁ
775 4601 938 4671 νόμος
967 4595 1132 4667 φησὶν
1158 4598 1216 4649 ἐν
1241 4593 1317 4664 τῷ
1335 4590 1380 4645 α’
1424 4591 1585 4660 τίτλῳ
1606 4590 1698 4642 τοῦ

135 4700 173 4756 5'
211 4696 446 4770 βιϐλίου,
491 4682 646 4746 Ἐπεὶ
665 4694 721 4746 δὲ
765 4692 976 4764 ἡκουσά
997 4705 1156 4742 τινων
1184 4683 1553 4758 μεμφομένων
1576 4683 1702 4744 τοὺς

137 4786 617 4860 καθηγουμένους,
650 4785 773 4847 τοὺς
799 4785 875 4853 μὴ
919 4784 1056 4856 μετὰ
1109 4776 1435 4845 δοκιμασίαν
1475 4775 1701 4828 ἀποκείι

140 4896 345 4956 ροντας
369 4878 497 4939 τοὺς
526 4870 1004 4946 προσερχομένους
1029 4872 1232 4931 αὐτοῖς,
1259 4870 1352 4923 κα)⁵
1390 4869 1530 4922 κατὰ
1551 4867 1704 4921 τοῦτο

141 4955 579 5044 παραϐαίνοντας
601 4955 804 5017 ὡσανεὶ
834 4963 925 5015 τὸν
952 4960 1198 5034 παρόντα
1233 4959 1434 5013 κανόνα
1456 4975 1468 4988 ο
1502 4957 1704 5026 νομίζω

136 5043 315 5119 ὅτιτὸ
356 5065 403 5128 γ’
461 5072 587 5124 κεφ.
622 5052 717 5106 τοῦ
754 5057 801 5106 α’
850 5052 1032 5107 τίτλου
1078 5048 1168 5103 τοῦ
1221 5043 1262 5099 δ’
1304 5047 1528 5115 βιϐλίου,
1571 5048 1705 5114 ὅπερ

137 5150 262 5205 ἐστὶ
286 5151 329 5204 δ’
377 5147 573 5217 κεφὰλ.
597 5143 697 5213 τῆς
721 5137 838 5214 ρκγ¹
874 5137 1298 5219 Ἰουστινιανείου
1333 5136 1571 5204 Νεαρᾶς,
1591 5135 1706 5186 λύει

143 5238 243 5293 ul.
274 5237 339 5290 τὸ
370 5232 613 5292 τοιοῦτον
637 5229 957 5302 ἀμφίϐολον.
988 5228 1128 5299 Φησὶ
1155 5227 1262 5297 γάρ
1285 5241 1300 5256 ο
1329 5225 1394 5276 Ei
1419 5240 1500 5286 τις
1535 5222 1592 5274 δὲ
1626 5227 1706 5286 εις

145 5326 449 5402 μοναχικδν
474 5327 590 5399 βίον
617 5323 790 5379 ἐλθεῖν
827 5318 1138 5392 βουληθείη,
1167 5317 1482 5385 κελεύομεν,
1517 5315 1626 5377 ἵνα,
1657 5317 1707 5368 ει

144 5419 249 5491 μὶν
276 5416 594 5485 γνώρισμός
619 5418 768 5469 ἐστιν
799 5414 879 5466 ὅτι
914 5409 1138 5479 οὐδεμιᾷ
1161 5408 1299 5478 τύχῃ
1349 5405 1650 5468 ὑπόκειται,
1681 5407 1708 5456 ὁ

148 5505 458 5580 ἡγούμενος
489 5503 586 5553 τοῦ
617 5501 1004 5571 μοναστηρίου,
1054 5499 1142 5548 ὅτε
1190 5496 1396 5564 συνίδῃ,
1438 5495 1498 5545 τὸ
1526 5491 1709 5560 σχῆμα

145 5597 303 5668 αὑτῷ
345 5593 605 5665 παράσχῃ
631 5610 647 5626 ο
685 5597 734 5647 ei.
760 5595 819 5651 δὲ
847 5593 920 5663 μὴ
951 5589 1300 5662 γνωρίζεται,
1332 5589 1381 5638 εί
1425 5586 1709 5655 οίᾳδήποτε

150 5693 441 5747 ὐπόιιιται
475 5685 640 5757 τύχῃ,
686 5685 836 5747 ἐντὸς
868 5686 1034 5755 τριῶν
1076 5679 1338 5736 ἐνιαυτῶν
1371 5677 1447 5750 μὴ
1498 5678 1710 5746 λαμσὰ-

141 5801 264 5840 νιιν
295 5779 461 5837 αὐτὸν
487 5778 548 5832 τὺ
580 5775 875 5837 αονανικὸν
926 5778 1134 5843 σχῆμα,
1169 5773 1282 5828 ἀλλ’
1319 5769 1472 5834 ἐντὸς
1510 5768 1604 5822 τοῦ
1637 5770 1710 5821 εί-

1803 4609 1926 4669 post
1958 4600 2304 4670 probationes
2344 4617 2450 4654 non
2496 4602 2740 4662 tondent,
2768 4607 2834 4656 .et
2861 4600 3000 4652 eain
3034 4616 3092 4653 re
3119 4615 3360 4669 pra-sen-

1808 4703 1911 4747 tem
1973 4707 2234 4746 canonem
2294 4689 2456 4742 veluti
2516 4689 3023 4757 tranSgrediuntur;
3061 4675 3361 4751 existimo,

1804 4787 1946 4855 quod
1976 4787 2008 4837 5
2038 4799 2154 4849 cap.
2179 4781 2333 4850 primi
2393 4779 2531 4832 tituli
2554 4819 2569 4844 ,
2625 4795 2675 4834 tv
2709 4780 2828 4846 lib.,
2886 4781 3030 4850 Quod
3059 4790 3140 4834 est
3163 4782 3194 4832 4
3235 4795 3356 4844 cap.

1808 4875 1911 4932 195
1958 4872 2246 4927 Iustiniani
2282 4869 2514 4925 Novella!
2539 4911 2554 4935 ,
2594 4872 2698 4926 hoc
2742 4873 2961 4925 dubium
3012 4870 3188 4924 solvit.
3226 4869 3362 4924 Dicit

1807 4968 1946 5022 enim
1972 4983 1986 5018 :
2025 4963 2081 5016 Si
2112 4964 2232 5032 quis
2258 4963 2322 5015 ad
2356 4964 2706 5018 monasticam
2732 4962 2860 5015 velit
2890 4961 3054 5013 vitam
3083 4962 3358 5022 accedere,

1803 5059 2078 5129 jubetnus,
2111 5064 2190 5117 ut,
2226 5054 2269 5109 si
2302 5056 2374 5110 sit
2411 5056 2626 5125 quidem
2656 5062 2842 5106 notum
2875 5065 2996 5103 eum
3045 5049 3176 5102 nulli
3239 5053 3389 5104 esse

1809 5149 2037 5202 fortunae
2064 5146 2389 5215 subjectum,
2430 5140 2749 5198 monasterii
2778 5141 3088 5216 praefectus,
3125 5143 3345 5210 quando

1809 5240 1913 5294 hoc
1956 5238 2294 5308 cognoverit,
2329 5233 2678 5307 habitunrijli
2725 5227 2961 5303 prebeat
2997 5250 3009 5284 :
3054 5233 3139 5286 sin
3182 5246 3360 5287 autem

1810 5328 2075 5394 nescitur,
2101 5347 2168 5385 an
2207 5329 2299 5382 ulli
2335 5329 2404 5383 sit
2428 5320 2656 5379 fortuna:
2685 5324 2966 5394 subjectus
2994 5367 3008 5388 ,
3065 5326 3208 5380 intra
3253 5336 3362 5378 tres

1811 5437 1986 5475 annos
2015 5421 2370 5474 monasticam
2405 5414 2647 5467 habitum
2684 5428 2748 5466 ne
2770 5415 3038 5484 accipiat;
3075 5417 3168 5470 sed
3223 5417 3360 5468 intra

1811 5513 2010 5565 dictum
2044 5520 2271 5576 tempus,
2319 5506 2438 5574 ejus
2471 5506 2591 5558 vitae
2619 5502 3057 5575 cenversationis
3087 5546 3100 5569 ,
3163 5508 3206 5558 is
3271 5505 3363 5570 qui

1813 5600 2145 5655 monasterio
2175 5608 2388 5665 praeest,
2426 5594 2727 5666 periculum
2771 5598 2972 5663 faciat,
3049 5604 3101 5650 et
3146 5603 3361 5661 caetera.

1813 5690 2172 5759 Quamobrem
2207 5685 2493 5756 praefectus
2528 5697 2672 5743 recte
2700 5687 2887 5742 tondet
2913 5685 3261 5740 accedentem
3295 5685 3362 5738 ad

1813 5801 1959 5842 eum,
1989 5781 2203 5841 quando
2227 5779 2373 5834 illum
2397 5780 2641 5843 noverit;
2696 5786 2747 5834 et
2788 5777 3034 5843 probatio
3084 5775 3142 5830 iit
3187 5778 3367 5832 solum
