3988 6352
117 461 246 525 1097
1223 460 1302 517 IN
1344 459 1511 519 CAN.
1555 460 1580 517 1
1621 460 1837 520 CONC.
1868 459 2251 520 CARTHAG.
3016 440 3019 445 ’
3220 462 3353 524 1098

110 580 199 629 καὶ
264 572 380 645 μετ’
434 574 599 645 αὐτὴν
654 576 713 627 ἐν
787 571 1085 643 Ἀντιοχείᾳ
1133 572 1235 642 τῆς
1285 572 1484 644 Συρίας
1532 573 1676 627 κατὰ

1783 574 1882 629 fuit
1914 573 1969 627 in
1998 573 2289 627 Antiochia
2325 571 2496 644 Syrica
2528 575 2794 631 adversus
2848 575 3073 630 Paulum
3106 573 3358 631 Samosa-

109 666 315 722 Παῦλον
340 666 433 720 τοῦ
468 665 825 737 Σαμοσατέως
850 665 943 717 ἐπὶ
993 663 1334 732 Αὑρηλιανοῦ
1384 663 1673 733 βασιλέως.

1783 677 1966 722 tonum
1990 667 2093 722 sub
2134 666 2433 721 Aureliano
2459 667 2809 737 imperatore.
2857 668 3181 740 Congrcgati
3225 679 3358 724 sunt

110 760 583 835 Συνηθροίσθησαν
602 760 657 813 δὲ
685 760 764 821 είς
788 758 1116 828 Καρχηδόνα
1163 758 1499 826 ὀγδοήκοντα
1540 756 1676 826 πρὸς

1783 769 1962 813 autem
1988 757 2322 828 Carthagine
2347 758 2416 813 84
2462 759 2641 814 sancti
2691 758 2883 815 Patres
2909 801 2925 825 ,
2964 768 3018 813 et
3066 761 3358 831 quasitnn

110 856 220 917 τοις
253 855 548 921 τέσσαρσιν
591 850 740 920 ἅγιοι
773 850 1038 921 Πατέρες,
1068 849 1162 902 καὶ
1198 848 1598 919 συνεζήτησαν,
1628 849 1677 900 εί

1783 864 1885 918 est,
1913 869 1980 907 an
2019 854 2301 920 baptizare
2337 860 2581 921 oporteat
2602 867 2720 919 eos,
2758 851 2852 922 qui
2910 862 3262 907 revertuntur
3285 868 3358 908 ex

108 948 210 1018 χρὴ
236 943 594 1016 βαπτίζεσθαι
632 945 758 1005 τοὺς
806 941 867 1006 ἐξ
922 942 1182 1013 αἱρέσεως
1248 940 1677 1011 ἐπιστρέφοντας

1784 946 1976 1001 haeresi
2012 961 2204 999 eorum
2236 944 2329 1014 qui
2352 944 2515 999 idolis
2556 945 2995 1012 immolaverant,
3029 945 3359 1001 convenien-

108 1035 477 1100 εἰδωλοθύτας,
535 1034 675 1087 κατὰ
707 1033 806 1104 τὴν
846 1035 975 1106 περὶ
1016 1032 1207 1087 τούτου
1254 1030 1527 1104 ἐρώτησιν
1581 1031 1676 1085 τοῦ

1783 1045 1866 1092 ter
1888 1036 2305 1105 interrogationi
2351 1034 2511 1090 factm
2544 1035 2612 1089 de
2644 1050 2706 1089 ea
2748 1049 2806 1089 re
2854 1036 2922 1087 ab
2970 1036 3226 1113 episcopo
3256 1031 3358 1087 Jo—

107 1127 401 1181 ἐπισκόπου
471 1124 751 1179 Ἰοϐιανοῦ.
801 1124 927 1178 Ὅτι
978 1123 1034 1176 δέ
1082 1124 1203 1176 τότε
1231 1122 1329 1177 καὶ
1366 1127 1396 1173 ὁ
1424 1121 1678 1185 Ναυάτος

1783 1128 1968 1183 viano.
2022 1127 2161 1193 Quia
2207 1136 2391 1183 autem
2471 1134 2605 1182 tunc
2687 1127 2927 1181 Novatus
2986 1127 3358 1182 Romanorum

109 1216 481 1287 πρεσόύτερος
515 1213 590 1267 ὣν
640 1215 741 1283 τῆς
803 1212 1096 1283 Ῥωμαίων
1142 1210 1472 1294 ξΕκκλησεσς
1502 1211 1678 1283 καθῃ-

1785 1222 2043 1279 Ecclesia:
2084 1206 2375 1292 presbyter
2401 1220 2689 1290 depositus
2719 1231 2823 1285 est,
2865 1229 2922 1273 ut
2960 1220 3052 1289 qui
3092 1215 3161 1271 ad
3186 1218 3360 1286 peni-

108 1310 259 1380 ρέθη.
278 1307 353 1371 ὼς
388 1308 464 1377 μὴ
490 1306 781 1377 δεχόμενος
804 1308 884 1369 είς
919 1304 1208 1375 μετάνοιαν
1220 1310 1231 1325 ν’
1255 1304 1379 1366 τοὺς
1408 1304 1678 1367 θύσαντας

1786 1315 2008 1371 tentiam
2049 1322 2161 1369 non
2225 1313 2540 1367 admitteret
2572 1316 2679 1377 {eos
2715 1312 2810 1381 qui
2853 1312 3023 1367 .idolis
3076 1311 3361 1365 sacriﬁca-

106 1402 216 1462 τοῖς
243 1398 504 1462 εἰδώλοις,
532 1396 833 1452 κάντεῦθεν
859 1396 1032 1451 ἐποίει
1075 1394 1281 1467 σχίσμα
1320 1396 1459 1464 μετά
1515 1413 1678 1448 τινων

1783 1415 2009 1474 verant;
2051 1416 2105 1460 ct
2134 1405 2254 1460 ideo
2290 1420 2413 1459 cum
2443 1404 2774 1473 quibusdam
2832 1402 3217 1471 insipientibus
3270 1401 3358 1454 {a-

106 1490 400 1556 ἀσυνέτων,
415 1487 1040 1558 ἐπολυπραγμονήθης-εί
1056 1487 1163 1559 χρὴ
1181 1488 1275 1540 καὶ
1298 1489 1424 1549 τοὺς
1443 1503 1678 1557 σχισμα-

1782 1499 1964 1554 ciebat
1990 1499 2266 1553 schisma:
2306 1498 2573 1567 agitatum
2604 1506 2712 1561 est,
2744 1511 2815 1548 an
2868 1496 3035 1553 etiam
3082 1494 3355 1548 schism-

106 1582 289 1643 τικοὺς
320 1580 703 1651 βαπτίζεσθαι,
732 1578 807 1644 ὡς
844 1582 937 1633 καὶ
960 1579 1119 1632 τοῦτο
1147 1579 1527 1650 ἐρωτήσαντος
1551 1577 1679 1641 τοὺς

1784 1592 1925 1645 ticos
1979 1589 2264 1661 baptizare
2323 1596 2613 1657 oporteat,
2673 1596 2935 1657 tanquam
2991 1587 3091 1641 hoc
3138 1600 3358 1656 quoque

118 1672 401 1727 Ἰοόιανοῦ.
1794 1680 2061 1735 Jovianus
2090 1678 2455 1749 quaesivisset.

170 1767 421 1828 ΖΩΝΑΡ.
460 1767 612 1838 Αὕτη
671 1767 707 1837 ὴ
758 1767 974 1847 σύνοδος
1034 1768 1225 1821 πασῶν
1279 1765 1388 1823 τῶν
1444 1764 1678 1818 συνόδων

1854 1771 2109 1828 ZONAR.
2134 1760 2241 1827 Est
2261 1772 2378 1827 haec
2403 1771 2645 1841 synodus
2674 1769 2921 1822 omnium
2955 1768 3359 1837 antiquissima.

104 1862 505 1932 προγενεστέρα
535 1862 673 1916 ἐστί.
725 1861 1053 1933 Προτερεύει
1087 1861 1187 1931 μὲν
1218 1862 1324 1930 γὰρ
1368 1859 1477 1913 τῶν
1503 1857 1678 1915 ἄλλων

1788 1862 1921 1917 Nam
1973 1865 2098 1919 aliis
2128 1864 2361 1934 “quidem
2412 1864 2692 1933 antiquior
2748 1872 2830 1916 est
2886 1864 3124 1929 ea,'qua:
3170 1858 3363 1915 Antio-

102 1924 234 2021 ﬂ'tv-
277 1924 577 2024 Ἀντιοχείᾳ
597 1953 696 2022 τῆς
732 1924 935 2022 Συρίας
960 1924 1238 2019 γεγονυῖα*
1261 1924 1479 2011 συνοδος
1536 1947 1677 2000 κατά

1787 1958 1923 2013 οίιὶω
1952 1958 2009 2013 in
2044 1924 2206 2029 Syria
2242 1964 2437 2012 contra
2466 1924 2700 2010 Paulum
2731 1924 3152 2010 Samosatenum
3185 1954 3362 2007 Aure-

104 2042 317 2096 Παύλου
370 2044 483 2112 τοῦ,
512 2043 895 2115 Σαμοσατέως,
926 2044 1049 2113 ἥτις
1082 2042 1176 2116 ἐπὶ
1200 2041 1543 2114 Δὺρηλιανοῦ
1581 2041 1679 2110 βα·

1790 2051 1933 2105 Iiano
1955 2048 2335 2105 Romanorum
2386 2050 2728 2118 imperatore
2783 2044 3060 2100 celebrata
3097 2043 3222 2108 fuit,
3247 2044 3365 2097 hac

106 2134 298 2197 σιλέως
334 2133 642 2205 ἡθροίσθη·
708 2135 848 2207 αὕτη
918 2135 977 2189 δὲ
1032 2136 1297 2205 κάκείνης
1346 2134 1681 2205 ἀρχαιοτέρα

1789 2158 1921 2198 vero
1989 2150 2271 2197 vetustate
2321 2141 2470 2196 illam
2524 2154 2745 2210 quoque
2784 2137 3081 2193 antecedit.
3134 2134 3364 2207 Ἃιδου

104 2225 276 2279 ἐστίν.
312 2225 373 2278 'O
400 2227 510 2297 γὰρ
546 2226 719 2296 μέγας
738 2227 1055 2298 Κυπριανὸς
1080 2228 1173 2281 ἐπὶ
1196 2227 1389 2280 Δεκίου
1414 2226 1679 2296 βασιλέως

1791 2236 2058 2306 siquidem
2106 2234 2443 2306 Cyprianus,
2488 2230 2652 2287 Decio
2702 2232 3054 2298 imperatore,
3117 2225 3366 2297 martyrii

105 2318 193 2369 τὸν
246 2317 347 2388 τῆς
415 2319 727 2389 μαρτυρίας
779 2320 945 2390 ἡνυσε
1006 2319 1249 2391 δρόμον·
1298 2319 1591 2383 πολλοστὸς
1636 2320 1680 2371 δ’

1792 2342 2012 2384 cursum
2066 2325 2347 2381 confecit:
2404 2332 2458 2379 at
2517 2338 2649 2378 vero
2705 2322 2867 2391 longo
2910 2319 3196 2375 intervallo
3239 2329 3367 2387 post

112 2409 263 2461 ἔστιν
310 2410 339 2461 ὁ
396 2411 738 2481 Αὐρηλιανὸς
796 2411 935 2481 πρὸς
982 2412 1074 2465 τὸν
1098 2412 1315 2467 Δέκιον.
1345 2412 1541 2465 Πολλοὶ
1574 2413 1683 2483 γὰρ

1791 2422 2031 2477 Decium.
2080 2419 2418 2475 Aurelianus
2498 2416 2623 2472 fuit.
2675 2415 2833 2469 Multi
2893 2413 3163 2483 siquidem
3201 2411 3366 2467 Dedo

110 2498 248 2570 μετὰ
279 2500 371 2553 τὸν
402 2502 594 2556 Δέκιον
640 2502 955 2574 ἐκράτησαν
980 2504 1405 2575 αὐτοκράτορες,
1438 2506 1558 2579 μεθ’
1589 2506 1685 2571 οὒς

1793 2516 2076 2571 exstincto
2125 2524 2430 2580 regnavere
2479 2510 2865 2577 imperatores,
2898 2506 3099 2575 quibus
3148 2506 3368 2560 demum

104 2591 440 2663 Δὺρηλιανδς
501 2593 600 2655 τῆς
636 2593 919 2663 βασιλείας
978 2592 1201 2665 ἠξίωτο.
1251 2599 1408 2651 Οὕτω
1458 2599 1559 2668 μὲν
1589 2596 1679 2652 οὖν

1809 2605 2125 2659 turelianus
2156 2603 2210 2656 in
2256 2600 2492 2670 imperio
2517 2598 2782 2655 suﬂ'ectus
2827 2607 2934 2653 est.
2977 2598 3163 2667 Itaque
3208 2598 3384 2667 longe

109 2683 514 2753 προγενεστέρα
549 2682 741 2737 πασῶν
768 2686 936 2741 ἐστιν.
978 2684 1377 2758 Ἠθροίσθησαν
1405 2688 1449 2741 δ’
1481 2688 1541 2741 ἐν
1588 2688 1684 2743 αὒ-

1792 2694 1911 2749 haec
1935 2691 2182 2765 synodus
2211 2689 2460 2746 omnium
2488 2687 2881 2759 antiquissima
2911 2696 3015 2743 est.
3036 2686 3095 2740 In
3118 2701 3181 2739 ea
3202 2700 3367 2755 porro

106 2777 173 2847 τῆ
204 2776 497 2830 ἐπίσκοποι
539 2777 675 2846 πρὸς
712 2777 1005 2848 τέσσαρσιν
1038 2779 1681 2853 όγδοήκοντα,ζητήσεως

1792 2793 2029 2857 quatuor
2068 2799 2238 2855 supra
2267 2784 2549 2853 octoginta
2580 2779 2828 2851 episcopi
2862 2778 3183 2849 congregati
3211 2787 3367 2840 sunt,

112 2869 432 2941 γενομένης,
468 2872 517 2922 εί
545 2871 670 2933 τοὺς
704 2869 763 2935 ἐξ
804 2870 1069 2940 αἱρέσεως
1104 2871 1535 2945 ἐπιστρέφοντας
1592 2874 1687 2928 καὶ

1793 2892 1857 2933 ac
1891 2876 1958 2933 de
1989 2878 2081 2941 iis,
2108 2878 2203 2947 qui
2242 2874 2497 2929 abdicata
2528 2872 2720 2927 haeresi
2753 2870 3111 2939 resipiscunl,
3130 2883 3195 2922 ac
3214 2867 3368 2922 achi-

111 2963 233 3025 τοὺς
278 2964 671 3045 σχισματικοὺς
711 2963 1072 3033 βαπτίζεσθαι
1109 2970 1189 3021 δεῖ
1211 2969 1686 3038 προσερχομένους

1795 2971 2061 3034 smaticis,
2116 2969 2210 3037 qui
2248 2966 2317 3021 ad
2352 2964 2656 3019 Ecclesiam
2702 2968 3084 3021 revertuntur,
3142 2974 3214 3011 an
3273 2958 3370 3011 ba-

112 3057 177 3124 τῇ
210 3055 475 3128 καθολικῇ
520 3054 838 3128 Ἐκκλησία.
904 3059 1160 3124 Ἰοὸιανδς
1198 3061 1307 3132 γάρ
1340 3078 1423 3125 τις
1460 3062 1685 3115 ἐπίσκο-

1799 3062 2033 3133 ptizandi
2069 3062 2272 3125 forent,
2312 3058 2629 3128 quasitum.
2659 3052 2927 3108 Jovianus
2966 3050 3233 3120 siquidem
3253 3048 3374 3119 epla

115 3164 211 3211 πος
244 3149 526 3201 ἐπέστειλε
556 3150 685 3220 περὶ
710 3148 900 3203 τούτου
933 3152 1010 3222 τῷ
1042 3152 1170 3223 θείῳ
1201 3154 1525 3225 Κυπριανῷ,
1546 3156 1686 3224 ἐρω-

1795 3170 1997 3226 scopus
2041 3152 2292 3223 quidam,
2342 3165 2407 3205 ea
2446 3150 2514 3203 de
2567 3162 2649 3215 re,
2702 3162 2770 3201 an
2825 3144 3044 3201 scilicet
3100 3142 3370 3212 ejusmodi

113 3239 239 3304 τῶν,
274 3242 322 3292 ei
344 3240 427 3293 δεῖ
455 3243 579 3304 τοὺς
597 3244 871 3311 τοιούτους
894 3245 1273 3316 βαπτίζεσθαι.
1293 3247 1428 3299 Τότε
1457 3248 1567 3318 γὰρ
1598 3248 1688 3301 καὶ

1798 3234 2051 3303 homines
2080 3243 2352 3315 baptizari
2390 3247 2697 3310 oporteret,
2746 3238 3084 3308 Cyprianum
3109 3251 3206 3307 per
3248 3235 3369 3302 epi-

113 3332 140 3381 ό
167 3329 421 3394 Ναυάτος
467 3331 569 3400 τῆς
621 3335 729 3387 τῶν
753 3334 1065 3404 λεγομένων
1104 3338 1379 3408 Καθαρῶν
1422 3338 1688 3408 αἱρέσεως

1799 3342 1996 3396 stolam
2042 3339 2425 3395 consuluerat.
2460 3334 2618 3389 Tunc
2658 3334 2805 3388 enim
2855 3330 3098 3384 Navatus
3152 3341 3374 3396 quoque

111 3414 267 3492 ἦρξε.
313 3422 685 3493 πρεσδύτερος
733 3426 975 3493 γεγονὼς
1022 3427 1118 3497 τῆς
1164 3428 1492 3497 Ἐκκηλσίας
1560 3428 1686 3481 Ῥω-

1801 3446 1984 3488 eorum
2025 3438 2209 3493 sectae,
2246 3428 2339 3497 qui
2369 3425 2594 3480 Catbari
2628 3422 2756 3493 (hoc
2786 3430 2874 3475 est
2911 3419 3055 3489 puri)
3110 3418 3376 3474 diceban-

117 3514 315 3581 μαίων,
351 3516 710 3585 σχισματικδς
741 3514 819 3569 ὢν
855 3519 1081 3589 κυρίως,
1119 3519 1235 3573 ἀλλ’
1262 3520 1360 3590 οὐχ
1384 3520 1688 3592 αἱρετικός.

1801 3532 1905 3589 tur,
1934 3538 1993 3578 se
2022 3522 2328 3592 principem
2368 3516 2755 3587 proﬁtebatur.
2810 3511 3075 3567 Romana:
3119 3508 3376 3567 Ecclesia:

113 3604 186 3655 Οὐ
234 3606 347 3674 γὰρ
396 3606 533 3673 πρὸς
574 3607 750 3677 δόγμα
779 3625 833 3662 τι
885 3612 996 3673 τοῖς
1044 3610 1341 3685 ὀρθόφροσι
1372 3612 1687 3683 διεφέρετοτ

1801 3616 2108 3688 presbyter,
2142 3611 2537 3669 schismaticus
2588 3608 2837 3680 proprie,
2894 3619 3005 3661 non
3063 3604 3376 3661 hereticus.

113 3694 252 3749 ἀλλὰ
296 3698 410 3759 τοῖς
446 3696 505 3750 ἐν
551 3698 814 3765 διωγμοῖς
855 3699 1172 3771 ὑποκύψασί
1226 3721 1285 3755 τε
1336 3707 1433 3759 καὶ
1461 3704 1688 3758 θύσασιν

1800 3710 1907 3765 Nec
1935 3710 2081 3765 enim
2112 3709 2168 3762 in
2200 3706 2289 3770 iis,
2328 3719 2452 3777 quas
2490 3703 2559 3757 ad
2605 3702 2867 3773 dogmata
2914 3700 3214 3769 pertinent,
3258 3698 3375 3752 Illo

113 3785 422 3858 ἀπηγόρευε
450 3788 550 3857 τὴν
578 3793 889 3858 μετάνοιαν.
936 3791 1157 3863 Ἐπειδὴ
1189 3796 1216 3845 ό
1237 3794 1360 3847 τότε
1400 3796 1499 3864 τῆς
1542 3794 1683 3848 Ῥώ-

1800 3812 1964 3872 pacto
2006 3799 2369 3856 aCatholicis
2396 3796 2794 3854 dissentiebat:
2850 3793 2949 3851 sed
3004 3793 3100 3862 qui
3129 3790 3375 3845 adversis

116 3877 293 3945 μαίων
376 3875 705 3949 Ἐκκλησίας
775 3882 1131 3953 προεστηκὼς
1193 3885 1493 3956 Κορνήλιος
1552 3888 1691 3956 μετὰ

1801 3891 2112 3961 reipublicae
2126 3890 2456 3945 Christianae
2479 3884 2825 3954 temporibus
2852 3885 2996 3939 malo
3018 3882 3145 3938 victi
3170 3896 3376 3937 sucen-

113 3969 219 4022 τῶν
280 3968 373 4022 ὑπ’
423 3971 587 4025 αὑτὸν
636 3974 975 4042 ἐπισκόπων,
1025 3977 1363 4048 ζητήσαντες
1419 3980 1550 4049 περ).
1596 3979 1688 4033 τοῦ

1802 3982 2071 4045 buissent,
2092 3980 2313 4048 diisque
2339 3974 2743 4038 immolassent,
2765 3972 2831 4028 ad
2867 3972 3241 4042 paenitentiam
3264 3986 3377 4025 non

112 4062 501 4131 εἰσαγομένου,
569 4065 912 4136 ἐψηφίσαντο
975 4068 1228 4138 δέχεσθαι
1269 4069 1349 4133 είς
1400 4071 1687 4138 μετάνοιαν

1807 4069 2139 4124 admittebat.
2164 4066 2299 4122 Cum
2319 4080 2449 4121 vero
2462 4062 2721 4120 ECClesia‘.
2749 4062 3119 4119 Romanorum
3152 4060 3382 4132 prater:-

114 4155 370 4221 καὶτοὺς
403 4155 792 4222 ἐπιθύσαντας,
852 4161 881 4212 ό
926 4158 986 4213 δὲ
1030 4159 1285 4223 Ναυάτος
1332 4161 1434 4228 τῆς
1486 4162 1689 4225 οίκείας

1803 4170 1888 4216 tus
1900 4175 1965 4215 eo
1978 4168 2226 4231 tempore
2252 4154 2568 4221 Carnelius,
2585 4170 2707 4210 cum
2734 4154 2838 4210 sibi
2860 4152 3129 4222 subjectis
3158 4152 3378 4219 episeo-

118 4249 421 4314 ἐνστάσεως
466 4248 528 4303 οὐ
590 4251 847 4322 μεθίετοο
911 4251 1177 4322 ἐξέκοψαν
1228 4251 1328 4323 τῆς
1364 4252 1693 4324 Ἐκκλησίας

1806 4255 1909 4325 pis,
1945 4254 2149 4324 agitata
2188 4253 2515 4323 quastione,
2541 4264 2635 4303 eos
2667 4256 2888 4316 quoque
2924 4243 3016 4313 qui
3064 4243 3381 4298 immolave-

116 4343 328 4398 ἐκεῖνον
378 4346 476 4398 καὶ
532 4345 892 4418 ἁπεκήρυξαν
964 4346 1037 4410 ὡς
1094 4345 1446 4417 μισάδελφον.
1516 4347 1577 4401 '0
1638 4350 1691 4402 δὲ

1807 4358 1927 4402 rant
1958 4348 2027 4403 ad
2064 4345 2447 4417 paenitentiam
2502 4336 2878 4395 admittendos
2936 4350 3058 4391 esse
3108 4335 3382 4391 decrevis-

118 4437 212 4489 καὶ
268 4437 466 4500 ἄλλους
488 4437 798 4507 ὁμόφρονας
820 4438 1071 4509 ἐσχηκὼς
1102 4441 1221 4493 καθ’
1244 4442 1438 4494 ἑαυτὸν
1461 4442 1693 4493 ἐποιεῖτο

1807 4450 1945 4503 sent,
1992 4452 2174 4506 neque
2202 4444 2385 4489 tamen
2456 4430 2700 4486 Navatus
2737 4428 2945 4499 aliquid
2976 4427 3044 4481 de
3080 4425 3382 4493 pertinacia

1720 3268 1762 3327 ε

120 4533 547 4601 παρασυναξεις,
598 4534 693 4584 καὶ
716 4530 926 4599 σχίσμα
955 4534 1107 4603 παρὰ
1154 4536 1219 4603 τῇ
1265 4531 1567 4602 Ἐκκλησία
1596 4534 1694 4584 ὑπ’

1808 4531 2133 4593 remitteret,
2189 4527 2349 4585 illum
2381 4526 2451 4581 ab
2502 4522 2768 4579 Ecclesiae
2820 4532 3053 4587 corpore
3108 4516 3383 4603 escisnm,

116 4620 330 4675 ἐκείνου
366 4626 465 4679 καὶ
505 4624 615 4682 τῶν
669 4628 819 4695 αὑτῳ
882 4625 1397 4691 συγκοινωνούντων
1449 4621 1689 4690 ἐγένετο,

1806 4621 2003 4691 quippe
2068 4617 2304 4672 fratrum
2375 4630 2592 4671 osorem
2664 4610 2885 4664 decreto
2946 4600 3381 4672 promulgavere.

116 4713 255 4783 Περὶ
296 4719 673 4786 σχισματικῶν
703 4719 887 4773 τοίνυν
914 4716 1008 4770 καὶ
1043 4714 1344 4786 αἱρετικῶν
1370 4716 1690 4786 ἐρωτήσαν-

1809 4716 1955 4772 Alios
1989 4728 2123 4768 vero
2149 4713 2242 4767 ille
2273 4718 2577 4765 sectatores
2613 4710 2839 4764 nactus,
2869 4696 3103 4753 seorsim
3146 4709 3384 4748 conven-

116 4825 206 4872 τος
263 4806 552 4877 Ἰοϐιανοῦ,
600 4810 1017 4866 ἀντεπέστειλεν
1067 4810 1216 4881 αὐτῷ
1284 4825 1345 4863 τε
1431 4810 1543 4879 καὶ»
1584 4813 1691 4874 τοῖς

1810 4819 1895 4865 tus
1930 4818 2218 4877 peragere,
2276 4798 2691 4865 schismateque
2740 4793 2871 4849 hinc
2913 4791 3039 4845 inde
3085 4803 3209 4842 cum
3267 4788 3385 4841 suis

121 4902 549 4965 συνεπισκόποις
575 4902 743 4955 αὐτοῦ
770 4907 798 4957 ό
826 4906 1003 4975 μέγας
1029 4880 1349 4973 Κυπριανδς
1382 4902 1477 4955 καὶ
1506 4904 1538 4973 ἡ
1596 4903 1695 4957 σὺν

1806 4898 2122 4973 gregalibus
2174 4892 2482 4950 Ecclesiam
2536 4891 2784 4945 lacerare
2843 4887 3067 4942 adortus
3107 4890 3209 4936 est.
3242 4880 3379 4934 Cum

122 4996 269 5067 αὐτῷ
310 4995 530 5059 σύνοδος
567 4997 664 5067 τὴν
696 4972 981 5070 ἐπιστολὴν
1016 4972 1239 5065 ταύτὴν.
1528 4972 1533 4973 ί

1810 4972 1941 5063 ergo
1977 4992 2046 5047 de
2077 4986 2455 5047 schismaticis
2481 4992 2534 5041 et
2560 4983 2833 5039 hazreticis
2884 4985 3031 5033 esset
3059 4990 3087 5026 a
3151 4972 3382 5027 Joviano

123 5065 438 5157 quasitum,
471 5085 539 5141 ad
570 5065 693 5142 eum
723 5065 950 5159 ejusque
981 5087 1338 5158 coepiscopos
1371 5100 1605 5157 magnus
1629 5085 1932 5158 Cyprianus
1960 5097 2086 5138 cum
2110 5091 2211 5135 sua
2244 5078 2460 5151 synodo
2499 5076 2811 5133 rcscribens
2851 5068 3150 5137 subiectam
3176 5065 3382 5134 cpisto-

122 5176 226 5231 lam
255 5174 525 5232 exaravit.

734 5261 974 5315 ΚᾹΝΩΝ
1008 5262 1090 5319 A'.

2448 5252 2672 5309 CANON
2703 5250 2740 5305 ι.

734 5265 974 5315 ΚᾹΝΩΝ
1008 5265 1090 5319 A'.

128 5372 148 5407 ι
200 5354 306 5435 ἐκ
350 5351 697 5422 κοινοόουλίῳ
748 5352 1220 5422 δντες,ἀγαπηιτολ⁵
1261 5353 1501 5422 ἀδελφοὶ,
1573 5354 1698 5408 ἀνέ-

2448 5265 2741 5309 canunr.

1814 5375 1831 5409 ι
1877 5355 2015 5409 Cum
2051 5354 2107 5409 in
2146 5351 2428 5408 communi
2448 5346 2682 5402 consilio
2714 5356 2993 5407 essemus,
3028 5340 3213 5397 dilecti
3263 5340 3372 5392 fra-

197 5432 485 5520 ογνωμεν
527 5448 832 5521 γράμματα
882 5445 977 5513 ἀφ’
1024 5444 1179 5517 ὑμῶν
1238 5446 1507 5498 σταλέντα
1566 5448 1699 5516 περὶ

1884 5467 1902 5499 ι
1938 5456 2071 5512 tres,
2099 5445 2327 5517 legimus
2351 5441 2562 5495 litteras
2594 5451 2624 5490 a
2650 5436 2807 5491 vobis
2828 5437 3030 5491 missas
3053 5434 3121 5489 de
3148 5435 3240 5497 iis,
3278 5432 3375 5499 qui

1380 5558 1583 5621 Guill.
1615 5563 1950 5643 Beveregii
1992 5568 2181 5623 notae.

128 5683 473 5741 Balsamonis
502 5682 840 5741 editionibus
873 5699 1112 5741 canones
1167 5683 1361 5754 synodi
1403 5684 1692 5754 Carthagi-
1805 5686 1860 5738 in
1898 5682 2196 5754 Bodleiano
2221 5679 2409 5754 codice
2440 5695 2604 5749 quem
2635 5682 2838 5751 ubique
2870 5678 3173 5754 sequimur.
3328 5679 3386 5721 ει

129 5758 344 5817 nensis,
370 5763 430 5808 ut
460 5754 719 5827 aGraecia
773 5767 1059 5827 vocantur,
1126 5750 1227 5809 hoc
1288 5767 1393 5816 est,
1445 5750 1689 5827 codicem
1806 5753 2273 5827 Amerbachiano,
2310 5750 2453 5804 idem
2480 5754 2614 5827 ordo
2649 5754 2982 5824 synodorum
3032 5750 3383 5827 observatur.

129 5815 405 5882 canonum
455 5824 713 5879 Ecclesiae
773 5815 1067 5889 Africane,
1117 5827 1259 5893 inter
1325 5815 1694 5895 supradictam
1808 5838 1919 5892 quo
1949 5824 2063 5895 hic
2098 5824 2509 5891 imprimuntur,
2547 5815 2699 5891 juxta
2735 5838 2893 5891 quem
2951 5830 3187 5895 veterem
3234 5815 3383 5873 illam

130 5898 405 5972 synodum
440 5896 780 5964 Ancyranam
815 5896 1106 5965 interponi.
1146 5892 1366 5951 'Verum
1393 5892 1502 5951 no“
1534 5898 1696 5951 modo
1813 5893 2301 5966 Carthaginiensem
2334 5895 2570 5963 synodus
2606 5895 2893 5963 Ancyrana
2931 5892 3150 5959 excipit.

378 5993 649 6052 Ρηιιοι..
693 5990 810 6049 Cn.
856 5989 1222 6053 CXXXVII.

2934 5998 3046 6058 35.
