3988 6352
153 416 295 487 nol
825 389 827 392 ⁴
1289 414 1371 475 IN
1412 409 1582 473 CAN.
1620 409 1646 470 1
1686 407 1896 470 CONC.
1935 381 2309 472 CARTHAG.
3275 418 3410 482 1102

231 553 250 584 1
292 529 621 602 ἁμαρτωλοῦ
676 527 752 600 μὴ
774 526 1057 583 λιπανάτω
1087 524 1186 598 τὴν
1245 525 1487 595 κεφαλήν
1545 541 1670 594 μου.
1712 539 1730 572 1
1768 527 1813 583 Α

232 644 252 678 1
301 627 367 678 Ὀ
401 625 464 694 δὴ
495 625 591 678 καὶ
626 623 795 678 πάλαι
826 621 1068 692 ἐμήνυσε
1103 619 1162 673 τὸ
1215 617 1440 688 Πνεῦμα
1470 615 1533 668 τὸ
1584 615 1738 683 ἅγιον

238 738 256 770 1
303 719 362 772 ἐν
379 715 658 787 Ψαλμοῖς,
691 716 890 787 μήπως
919 711 1232 783 ἐξιχνιασθῇ
1261 727 1368 774 τις,
1399 712 1493 762 καὶ
1518 707 1739 775 ὑπὸτῆς

239 829 258 862 1
299 810 516 871 εὐθείας
581 805 704 861 ὀδοῦ
735 805 1029 874 πλανηθεὶς
1093 804 1245 875 παρά
1303 802 1415 864 τοῖς
1445 800 1738 873 αἱρετικοῖς

235 921 254 953 1
301 902 412 963 τοῖς
449 898 543 952 τοῦ
609 895 849 968 Χριστοῦ
880 895 1200 957 ἀντιπάλοις
1233 891 1458 961 χρισθῇ.
1516 890 1644 953 Πῶς
1683 890 1740 941 δέ

235 1011 256 1043 1
294 989 511 1054 εὔξεται
568 988 710 1060 ὑπὲρ
772 985 866 1040 τοῦ
915 984 1308 1058 βαπτισθέντος
1346 983 1467 1054 οὐχὶ
1536 981 1734 1051 ἱερεὺς,

234 1103 254 1136 1
294 1084 408 1137 ἀλλ’
479 1081 759 1153 ἱερόσυλος
800 1080 894 1132 καὶ
941 1077 1287 1150 ἁμαρτωλὸς,
1342 1073 1610 1144 λεγούσης
1641 1071 1738 1140 τῆς

237 1194 258 1226 1
299 1175 520 1244 Γραφῆς
556 1173 637 1227 ὅτι
693 1191 710 1222 ι
763 1171 824 1223 '0
875 1168 1006 1232 Θεὸς
1033 1166 1372 1240 ἁμαρτωλῶν
1401 1166 1502 1218 οὐκ
1529 1162 1737 1228 ἀκούει,

238 1284 260 1316 1
295 1264 410 1318 ἀλλ’
434 1264 528 1317 ἐάν
566 1278 650 1325 τις
700 1259 964 1330 θεοσεϐὴς
986 1255 1042 1329 ἦ,
1106 1259 1202 1313 καὶ
1225 1257 1284 1310 τὸ
1308 1255 1523 1327 θέλημα
1571 1252 1738 1308 αὑτοῦ

239 1377 262 1410 1
301 1360 454 1429 ποιῇ,
489 1355 686 1409 τούτου
709 1352 931 1420 ἀκούει;
973 1372 992 1406 1
1023 1354 1122 1406 Διά
1147 1352 1245 1422 τῆς
1306 1351 1466 1418 ἁγίας
1515 1348 1741 1418 Ἐκκλη-

236 1468 260 1501 1
306 1450 431 1512 σίας
468 1447 698 1517 νοοῦμεν
725 1445 921 1514 ἄφεσιν
977 1442 1266 1515 ἁμαρτιῶν
1300 1455 1314 1470 °
1364 1441 1448 1504 τίς
1488 1439 1543 1493 δὲ
1581 1439 1739 1491 δύνα-

231 1561 254 1591 ‹
295 1560 387 1595 ται
418 1540 604 1594 δοῦναι
632 1542 768 1611 ὅπερ
807 1538 974 1600 αὐτὸς
1001 1537 1104 1590 οὐκ
1133 1538 1280 1606 exat;
1311 1535 1344 1606 ἢ
1378 1534 1494 1598 πῶς
1517 1532 1738 1586 δύναται

232 1654 255 1684 1
301 1633 649 1703 πνευματικά
698 1614 1030 1702 ἐργάζεσθαι
1069 1628 1096 1680 ὁ
1157 1623 1452 1681 ἀποϐαλὼν
1514 1623 1739 1692 Πνεῦμα

234 1746 256 1777 ‹
295 1725 489 1794 ἀγιον;
548 1723 650 1776 Διά
705 1724 865 1776 τοῦτο
929 1721 1021 1774 καὶ
1081 1717 1437 1773 ἀνανεοῦσθαι
1487 1715 1741 1785 ὀφείλειὸ

235 1839 255 1870 1
310 1820 446 1888 πρὸς
501 1820 601 1887 τὴν
684 1815 1013 1886 Ἐκκλησίαν
1070 1812 1402 1883 ἐρχόμενος,
1454 1807 1544 1861 ἵνα
1629 1808 1739 1860 ἔσω

159 1905 166 1911 ’
235 1929 256 1959 1
303 1910 392 1961 διὰ
449 1910 558 1961 τῶν
631 1908 801 1975 ἁγίων
885 1903 1147 1974 ἁγιασθῇ.

231 2020 252 2050 1
304 2002 386 2054 ὅτι
421 2021 440 2054 1
484 2001 667 2070 ’Ἅγιοι
715 1995 924 2063 ἔσεσθε,
977 1996 1162 2059 καθὼς
1200 1995 1314 2062 ἐγὼ
1362 1993 1515 2063 ἆγιός
1539 1993 1677 2062 είμι,
1715 2011 1733 2043 1

161 2123 175 2172 χ
235 2113 256 2144 1
304 2094 455 2162 λέγει
496 2092 729 2164 Κύριος.
756 2092 879 2144 ἰνα
903 2093 1014 2172 καὶΔ
1035 2092 1064 2143 ὁ
1086 2089 1265 2160 πλάνῃ
1293 2087 1651 2159 βουκοληθεὶς
1683 2088 1740 2156 ἐν

231 2206 256 2238 1
302 2187 381 2254 τῷ
411 2187 601 2258 ἀληθεί
632 2187 729 2239 καὶ
750 2168 1198 2253 ἐκκλησιαστικῷ
1255 2180 1597 2252 βαπτίσματι
1649 2180 1743 2232 καὶ

235 2300 260 2332 1
309 2280 471 2343 αὐτὸς
515 2279 676 2332 τοῦτο
715 2277 1085 2347 ἀποδύσηται,
1125 2276 1272 2336 ὅστις
1299 2273 1441 2343 πρὸς
1473 2273 1607 2325 Θεὸν
1652 2274 1743 2341 ἐρ-

234 2394 256 2425 1
303 2373 531 2443 χόμενος
579 2371 890 2443 ἄνθρωπος,
948 2370 1042 2422 καὶ
1099 2367 1250 2436 ίερέα
1309 2365 1607 2434 ἐπιζητῶν,
1687 2365 1744 2416 ἐν

232 2487 256 2518 1
299 2466 472 2537 πλάνῃ
498 2465 742 2536 εὑρεθεὶς
764 2461 1026 2535 ίεροσύλῳ
1061 2460 1387 2532 προσέπεσε.
1419 2457 1744 2526 Δοκιμὰζειν

239 2581 262 2608 ι
307 2557 414 2627 γάρ
455 2558 571 2609 ἐστι
595 2556 657 2609 τὸ
687 2556 796 2609 τῶν
819 2553 1113 2625 αἱρετικῶν
1148 2551 1450 2622 βάπτισμα,
1472 2549 1532 2601 τὸ
1560 2565 1748 2601 συνευ-

236 2665 261 2697 1
306 2647 483 2698 δοπείν
510 2648 622 2710 τοῖς
653 2645 746 2698 ὑπ’
774 2645 998 2697 ἐκείνων
1021 2639 1505 2713 βεὸαπτισμένοις.
1533 2639 1608 2691 Οὐ
1635 2638 1747 2706 γὰρ

233 2758 257 2788 1
309 2738 534 2791 δύναται
563 2737 619 2791 ἐν
647 2736 803 2806 μέρει
835 2735 1210 2805 ὑπερισχύειν.
1244 2734 1306 2785 Et
1365 2731 1603 2802 ἠδυνήθη
1656 2730 1752 2800 βα-

246 2845 268 2875 1
325 2826 538 2887 πτίσαι,
575 2826 762 2896 ἴσχυσε
803 2827 896 2878 καὶ
957 2826 1111 2891 ἅγιον
1165 2823 1387 2894 Πνεῦμα
1423 2820 1639 2874 δοῦναιο
1700 2820 1750 2873 ει

245 2937 272 2970 1
321 2918 424 2970 ούκ
442 2916 706 2987 ἠδυνήθη,
739 2917 817 2969 ὄτι
842 2917 944 2980 ἐξω
966 2915 1039 2968 ὢν
1071 2915 1292 2982 Πνεῦμα
1309 2914 1461 2981 ἅγιον
1493 2913 1591 2966 οὐκ
1614 2911 1750 2980 ἔχει,

234 3030 256 3062 ε
304 3011 366 3063 ού
393 3008 616 3064 δύναται
646 3011 735 3061 τόν
787 3009 1091 3079 ἐρχόμενον
1122 3007 1410 3077 βαπτίσαιρ
1445 3005 1561 3066 ἐνὸς
1599 3004 1751 3066 ὄντος

240 3123 264 3154 1
318 3101 412 3155 τοῦ
463 3100 860 3172 βαπτίσματος,
923 3102 1020 3158 καὶ¹
1067 3101 1181 3163 ἐνὸς
1229 3098 1383 3159 ὖντος
1443 3094 1538 3149 τοῦ
1593 3095 1749 3162 ἁγίου

240 3216 261 3246 1
314 3193 651 3264 Πνεύματος,
682 3195 778 3245 καὶ
803 3194 934 3263 μιᾶς
983 3190 1313 3261 Ἐκκλησίας
1353 3189 1460 3243 ὑπὸ
1512 3187 1747 3259 Χριστοῦ

314 3288 409 3343 τοῦ
436 3289 643 3360 Κυρίου
665 3289 822 3358 ἡμῶν
842 3288 1028 3342 ἐπάνω
1059 3287 1266 3355 Πέτρου
1299 3287 1393 3338 τοῦ
1421 3282 1744 3348 ἀποστόλου,

325 3380 565 3450 ἀρχῆθεν
632 3379 907 3446 λέγοντος,
943 3378 1191 3447 ἐνότητος
1252 3375 1742 3445 τεθεμελιωμένης.

311 3471 420 3522 Καὶ
468 3470 558 3522 διὰ
598 3468 758 3522 τοῦτο
786 3467 854 3520 τά
898 3467 991 3519 ὑπ’
1040 3465 1220 3518 αὐτῶν
1265 3466 1530 3533 γινόμενα
1571 3463 1742 3532 ψευδῆ

309 3561 402 3614 καὶ
433 3563 565 3614 κενά
591 3561 906 3629 ὑπάρχοντα
934 3560 1111 3612 πάντα
1143 3559 1291 3611 ἐστὶν
1318 3557 1571 3627 ἀδόκιμα.
1612 3556 1748 3607 Οὐδὲ

311 3653 418 3721 γὰρ
447 3652 669 3706 δύναται
691 3651 882 3703 δεκτὸν
920 3651 1014 3702 καὶ
1035 3649 1250 3719 αίρετδν
1291 3643 1425 3700 εἶναι
1455 3648 1606 3717 παρά
1630 3645 1748 3714 Θεῷ

307 3742 414 3795 τῶν
447 3742 537 3794 ὑπ’
586 3739 813 3792 ἐκείνων
844 3738 1173 3808 γινομένων,
1213 3737 1306 3799 οὓς
1347 3738 1372 3788 ὁ
1400 3723 1604 3804 Κύριος
1660 3751 1749 3785 πο·

315 3834 537 3903 λεμίους
593 3835 687 3886 καὶ
735 3830 1068 3894 ἀντιπάλους
1107 3827 1270 3883 αὑτοῦ
1328 3829 1474 3896 λέγει
1531 3830 1589 3880 ἐν
1637 3829 1750 3889 τοῖς

318 3922 705 3992 Εὑαγγελίοις·
748 3941 765 3976 1
792 3923 851 3976 Ὀ
883 3921 959 3994 μὴ
1004 3921 1079 3974 ὢν
1129 3920 1404 3992 μετ’,ὲμοῦ
1435 3919 1555 3972 κατ’
1611 3915 1748 3986 ἐμοῦ

325 4017 465 4081 ἐστι,
488 4018 582 4068 καὶ
606 4018 633 4068 ό
665 4017 738 4085 μὴ
776 4017 1026 4080 συνάγων
1056 4013 1173 4080 μετ’
1204 4011 1361 4080 ἐμοῦ,
1390 4011 1700 4078 σκορπίζει.
1723 4027 1744 4058 1

324 4108 478 4158 Καὶὸ
531 4107 803 4176 μακάριος
841 4101 1138 4161 ἀπόστολος
1195 4101 1471 4165 Ἰωάννης,
1535 4098 1752 4159 ἐντολὰς

327 4199 535 4268 Κυρίου
597 4196 802 4268 τηρῶν,
842 4196 898 4247 ἐν
927 4197 993 4264 τῇ
1051 4193 1336 4261 Ἐπιστολῇ
1387 4189 1748 4258 προέγραψεν·

338 4291 636 4344 Ἠκούσατε
666 4290 751 4342 ὃτι
774 4287 1156 4357 όάντίχριστος
1175 4284 1411 4354 ἔρχεται,
1442 4282 1537 4334 καὶ
1564 4282 1656 4333 νῦν
1699 4281 1754 4333 δὲ

325 4383 657 4452 ἀντίχριστοι
716 4380 898 4432 πολλοὶ
928 4379 1217 4447 γεγόνασιν
1262 4376 1384 4427 ὅθεν
1418 4371 1756 4441 γινώσκομεν

328 4476 410 4527 ὅτι
445 4473 648 4543 ἐσχάτη
669 4471 785 4541 ὥρα
812 4471 981 4522 ἐστίν.
1020 4487 1038 4518 1
1085 4467 1176 4530 Ἐξ
1194 4465 1354 4535 ἡμῶν
1379 4465 1615 4533 ἐξῆλθον,
1642 4463 1755 4514 ἀλλ’

322 4657 457 4709 ιέναι
485 4656 778 4723 ὀφείλομεν
804 4654 897 4708 καὶ
936 4653 1097 4716 νοεῖν,
1126 4654 1174 4704 εί
1213 4653 1261 4703 οί
1298 4649 1480 4720 ἐχθροί⁸
1524 4649 1753 4718 Κυρίου,

335 4749 431 4799 καὶ
464 4747 514 4798 οί
552 4746 889 4815 ἀντίχριστοι
948 4743 1351 4813 ὠνομασμένοι,
1409 4741 1625 4793 δυνατοί⁷
1657 4742 1757 4794 οὐκ
1828 4734 1832 4737 ’

326 4838 439 4893 είεν
470 4842 631 4910 χάριν
670 4839 856 4891 δοῦναι
910 4839 1003 4891 τοῦ
1056 4837 1284 4906 Κυρίου,
1315 4839 1411 4890 καὶ
1459 4835 1547 4889 διὰ
1601 4834 1758 4888 τοῦτο

325 4933 490 5001 ἡμεῖς
533 4931 582 4982 οί
619 4932 716 4983 συν
739 4927 928 4999 Κυρίῳ
960 4929 1150 4991 ἰόντες,
1180 4927 1274 4979 καὶ
1298 4928 1523 4995 ἑνότητα
1552 4926 1756 4997 Κυρίου

335 5023 684 5095 κρατοῦντες,
706 5022 802 5074 καὶ
829 5023 969 5075 καιά
993 5022 1091 5093 τὴν
1110 5020 1266 5085 ἀξίαν
1296 5019 1459 5072 αὐτοῦ
1490 5019 1753 5090 χορηγού-

337 5134 508 5186 μενοι,
536 5117 634 5186 τὴν
666 5115 936 5185 ἱερατείαν
963 5114 1128 5168 αὑτοῦ
1154 5113 1212 5164 ἐν
1241 5111 1622 5181 τῇἚκκλησίᾳ
1647 5112 1758 5162 λει-

323 5209 705 5280 τουργοῦντες,
729 5209 830 5260 ὅσα
853 5209 900 5259 oi
927 5207 1292 5276 ἀντικείμενοι
1314 5204 1484 5272 αὐτῷ,
1507 5207 1756 5256 τουτέστι

332 5305 585 5374 πολέμιοι
634 5304 727 5356 καὶ
776 5299 1108 5369 ἀντίχριστοι
1164 5297 1434 5358 ποιοῦσιν,
1502 5295 1758 5348 ἀποδοκι-

332 5372 502 5462 μάσαι
535 5372 631 5447 καὶ
667 5392 1000 5460 ἀποποιῆσαι
1043 5395 1134 5443 καὶ
1195 5388 1523 5460 ἀπορρίψω,
1560 5389 1652 5441 καὶ
1680 5389 1753 5448 ὡς

334 5483 556 5553 βέϐηλα.
573 5485 740 5553 ἔχειν,
793 5485 1101 5553 ὀφείλομεν·
1141 5485 1372 5543 καὶτοῖς
1396 5485 1500 5536 ἀπὸ
1548 5483 1758 5548 πλάνης

340 5583 439 5634 καὶ
508 5582 893 5652 στρεϐλότητος
955 5583 1272 5652 ἐρχομένοις
1329 5583 1419 5632 ἐπὶ
1509 5584 1828 5657 γνὼτειτῆς
1906 5585 2168 5657 ἀληθινῆς
2221 5586 2313 5636 καὶ
2388 5583 2852 5652 ἐκκλησιαστικῆς
2933 5582 3164 5639 πίστεως

1237 1903 1553 1970 Γέγραπται
1606 1901 1675 1968 γά
1682 1917 1736 1970 ρ,
1770 1890 1812 1946 Β

238 3310 260 3343 ε

236 3401 262 3434 ο

239 3765 260 3797 ι

240 3946 264 3977 1

245 4591 268 4619 1
331 4567 432 4617 οὐκ
488 4561 631 4637 ἦσαν
694 4562 813 4634 μεθ’
862 4564 1042 4631 ἡμιέιν,
1114 4559 1239 4612 ὃθεν
1296 4559 1392 4610 καὶ
1432 4559 1591 4626 ἡμεῖς
1629 4572 1754 4606 συν-
1789 4588 1834 4645 D

246 4771 270 4800 ί

1920 537 1937 570 1
1977 520 2198 591 aliquis,
2227 532 2280 576 et
2306 536 2335 575 a
2372 530 2520 577 recta
2561 523 2646 578 via
2681 526 2949 581 aberrans
3002 524 3150 597 apud
3200 528 3417 585 hmreti‘

1917 624 2070 666 1cos
2139 610 2343 666 Christi
2425 614 2776 672 adversarios
2870 616 3193 689 inungatur.
3269 619 3414 684 Quo-

1915 721 1933 754 1
1969 704 2132 759 modo
2155 715 2341 760 autem
2372 721 2472 776 pro
2521 722 2589 761 eo
2639 709 2733 778 qui
2775 709 3080 776 baptizatus
3117 717 3201 764 est
3227 725 3417 778 preca—

1915 815 1934 848 1
1974 797 2143 864 bitur,
2177 812 2284 852 non
2315 801 2596 864 sacerdos,
2631 801 2724 855 sed
2758 802 3083 870 sacrilegus,
3121 810 3178 857 et
3225 815 3417 870 pecca-

1915 910 1933 942 1
1978 891 2098 946 tor?
2163 893 2376 968 dicente
2427 893 2706 964 Scriptura
2735 938 2748 962 ,
2803 897 2949 966 quod
2994 915 3012 949 1
3041 896 3186 951 Deus
3217 910 3416 965 pecca-

1915 1002 1933 1033 1
1969 993 2114 1040 tores
2147 1001 2256 1040 non
2288 987 2474 1041 audit:
2504 987 2598 1043 sed
2630 989 2672 1043 si
2733 990 2856 1057 quis
2909 999 2994 1044 est
3026 990 3148 1058 pius
3195 1004 3257 1042 ac
3286 987 3416 1039 reli-

1916 1096 1934 1127 1
1973 1079 2181 1148 giosus,
2201 1088 2255 1134 et
2272 1080 2388 1148 ejus
2413 1083 2753 1136 voluntatem
2776 1081 2925 1146 facit,
2948 1098 3069 1136 eum
3091 1082 3244 1136 audit
3269 1081 3319 1113 "
3342 1079 3364 1133 ?
3390 1097 3408 1130 1

1914 1187 1933 1221 1
1973 1171 2074 1224 Per
2105 1179 2353 1224 sanctam
2384 1171 2687 1227 Ecclesiam
2728 1184 3078 1242 peccatorum
3125 1171 3414 1228 remissio-

1917 1281 1934 1313 1
1969 1277 2094 1317 nem
2131 1258 2525 1334 intellegimus.
2589 1264 2726 1331 Quis
2761 1275 2946 1320 autem
2983 1267 3114 1320 dare
3139 1273 3321 1334 potest
3357 1264 3412 1319 id

1917 1371 1935 1403 1
1974 1355 2120 1424 quod
2177 1355 2295 1425 ipse
2345 1369 2456 1410 non
2517 1356 2835 1412 habet?vel
2901 1356 3184 1427 quomodo
3235 1363 3419 1425 pomst

1917 1465 1933 1496 1
1974 1447 2192 1515 operari
2218 1447 2549 1516 spiritualia,
2593 1449 2682 1518 qui
2718 1447 2983 1518 Spiritum
3019 1454 3268 1500 sanetum
3317 1445 3416 1499 ab-

1919 1537 2140 1607 1jeeit?
2179 1536 2244 1592 Et
2276 1539 2404 1593 ideo
2461 1539 2623 1593 etiam
2680 1541 2931 1593 renovari
2979 1538 3157 1604 debet,
3199 1538 3292 1607 qui
3349 1538 3416 1592 ad

1918 1646 1938 1679 1
1977 1628 2274 1683 Ecclesium
2308 1629 2542 1695 accedit,
2575 1638 2635 1684 ut
2685 1631 2835 1683 intus
2871 1645 2968 1698 per
3016 1637 3240 1683 sanctos
3287 1642 3415 1682 san-

1916 1742 1932 1774 1
1974 1721 2267 1776 ctilieetur.
2303 1721 2582 1792 Scriptum
2609 1731 2692 1775 est
2724 1723 2869 1776 enim
2900 1740 2912 1774 :
2948 1739 2964 1772 1
3009 1719 3197 1774 Sancti
3231 1720 3412 1780 eritis,

1917 1832 1936 1864 1
1978 1812 2120 1868 sicut
2151 1821 2203 1868 et
2223 1828 2326 1883 ego
2358 1823 2584 1869 sanctus
2618 1829 2740 1869 sum
2783 1815 2850 1880 8‘,
2877 1834 2896 1866 1
2936 1815 3070 1868 dicit
3111 1812 3412 1866 Dominus:

1917 1923 1932 1955 1
1972 1911 2032 1958 ut
2067 1903 2157 1972 qui
2194 1904 2250 1956 in
2281 1918 2470 1959 errore
2519 1914 2710 1974 pastus
2749 1914 2853 1970 est,
2902 1905 2956 1958 in
2988 1920 3116 1959 vero
3150 1913 3204 1958 et
3241 1905 3418 1960 eccle-

1921 2017 1938 2048 ι
1977 1996 2200 2051 siastico
2250 1998 2578 2068 baptismate
2651 2000 2768 2069 ipse
2819 2013 3039 2070 quoque
3081 1997 3185 2053 hoc
3224 2005 3411 2062 exuat,

1921 2109 1939 2140 1
1979 2090 2071 2160 qui
2105 2091 2269 2145 homo
2303 2091 2367 2144 ad
2401 2091 2568 2146 Deum
2628 2093 2920 2158 accedens,
2959 2099 3015 2146 et
3074 2090 3416 2145 sacerdotem

1923 2200 1941 2231 1
1982 2197 2269 2251 quaerens,
2331 2184 2386 2236 in
2443 2199 2630 2239 errore
2676 2186 2934 2239 inventus
2992 2183 3046 2237 in
3089 2182 3418 2250 sacrilegum

1924 2293 1942 2324 1
1990 2275 2200 2329 incidit.
2244 2274 2345 2329 Est
2375 2276 2520 2329 enim
2549 2276 2925 2331 hereticorum
2961 2274 3417 2329 etsehismatico-

1926 2385 1946 2419 1
1988 2382 2107 2421 rum
2137 2366 2374 2422 haai'esin
2416 2367 2740 2438 approbare,
2783 2367 2884 2432 eis,
2937 2367 3030 2436 qui
3074 2366 3142 2420 ab
3185 2366 3290 2419 illis
3323 2364 3420 2423 ba:

1882 2535 1891 2540 _
1925 2481 1941 2511 1
1977 2462 2164 2529 ptizati
2200 2467 2349 2526 sunt,
2396 2460 2727 2515 consentire.
2785 2457 2906 2513 Non
2955 2458 3100 2514 enim
3143 2466 3324 2527 potest
3363 2458 3419 2511 in

1927 2572 1944 2603 1
1986 2563 2136 2622 parte
2158 2553 2360 2608 valere.
2386 2552 2444 2606 Si
2469 2553 2645 2622 potuit
2676 2553 2975 2622 baptizare,
3010 2551 3189 2622 potuit
3209 2561 3262 2607 et
3288 2566 3420 2607 san-

1928 2666 1946 2696 1
1985 2656 2134 2699 ctum
2165 2645 2433 2714 Spiritum
2469 2643 2626 2700 dare:
2667 2646 2712 2699 si
2749 2646 2849 2700 hoc
2889 2659 2999 2700 non
3025 2643 3221 2713 potuit,
3269 2645 3420 2711 quia,

1930 2757 1948 2789 1
1987 2754 2107 2792 cum
2161 2752 2316 2792 extra
2345 2737 2438 2803 sit,
2481 2736 2742 2807 Spiritum
2785 2746 3034 2793 sanctum
3086 2753 3194 2790 non
3235 2734 3423 2802 habet,

1929 2849 1946 2881 1
1991 2845 2090 2885 nec
2124 2837 2301 2900 potest
2329 2830 2641 2885 venientem
2677 2830 2990 2897 baptizare;
3025 2841 3150 2881 cum
3176 2826 3246 2880 sit
3275 2840 3421 2880 unus

1934 2942 1949 2970 1
1987 2918 2316 2992 baptismus,
2347 2930 2402 2974 et
2455 2937 2602 2976 unus
2642 2930 2870 2974 sanctus
2917 2918 3178 2988 Spiritus,
3220 2926 3275 2971 et
3310 2934 3418 2972 una

1930 3032 1946 3061 1
1986 3010 2233 3066 Ecclesia
2268 3027 2297 3065 a
2329 3011 2549 3066 Chl‘iSlO
2585 3007 2814 3074 Domino
2851 3018 3064 3076 nostro,
3095 3011 3147 3064 id
3173 3011 3240 3084 ab
3262 3011 3421 3064 initio

1932 3120 1950 3150 1
1992 3101 2240 3166 dicente,
2312 3116 2480 3170 supra
2537 3100 2754 3155 Petrum
2818 3102 3129 3170 apostolum
3197 3101 3422 3157 fundata
3492 3111 3498 3116 ‘

1931 3210 1947 3242 1
1989 3193 2216 3246 unitate.
2245 3191 2311 3245 Et
2351 3190 2475 3246 ideo
2499 3206 2622 3262 qua:
2667 3191 2736 3246 ab
2801 3193 2882 3247 eis
2916 3176 3060 3247 facta
3103 3199 3250 3256 sunt,
3293 3207 3420 3246 cum

1929 3302 1945 3333 1
1987 3283 2097 3337 sint
2131 3281 2266 3335 falsa
2293 3291 2345 3335 et
2372 3297 2536 3347 vana,
2567 3284 2747 3336 omnia
2781 3291 2909 3337 sunt
2966 3283 3276 3349 reprobata.
3318 3281 3412 3337 Ne:

1927 3393 1944 3422 1
1976 3389 2083 3442 que
2112 3375 2254 3426 enim
2292 3373 2402 3426 Deo
2434 3380 2647 3442 gratum
2674 3382 2725 3426 et
2755 3383 3040 3441 acceptum
3097 3387 3218 3428 esse
3243 3383 3425 3444 potest

1923 3484 1939 3514 1
1983 3463 2280 3534 quidquam
2307 3478 2518 3527 eorum,
2551 3462 2713 3533 367
2742 3467 2861 3532 qua:
2886 3464 2953 3518 ab
2974 3463 3082 3520 illis
3103 3464 3260 3529 fiunt,
3285 3480 3423 3534 quos

1925 3574 1942 3606 1
1988 3555 2247 3610 Dominus
2283 3556 2466 3610 hostes
2507 3565 2563 3610 et
2602 3555 2947 3610 adversarios
2991 3556 3129 3610 dicit
3157 3559 3208 3611 in
3243 3557 3423 3612 Evan-

1927 3668 1944 3698 1
1981 3649 2164 3718 geliis:
2208 3668 2228 3700 1
2254 3648 2357 3715 Qui
2397 3664 2506 3703 non
2527 3657 2611 3703 est
2648 3663 2888 3712 mecum,
2944 3658 3137 3704 contra
3171 3665 3258 3704 me
3297 3660 3419 3704 est:

1926 3756 1943 3787 1
1981 3748 2034 3791 et
2073 3741 2165 3807 qui
2217 3755 2326 3793 non
2382 3739 2592 3808 colligit
2655 3754 2911 3802 mecum,
2968 3738 3234 3807 dispergit
3292 3738 3417 3792 ".1

1850 3861 1852 3864 -
1927 3850 1944 3880 1
1979 3830 2119 3896 Quin
2147 3831 2309 3885 etiam
2336 3830 2528 3884 beatus
2556 3830 2838 3898 apostolus
2862 3828 3122 3895 Joannes,
3156 3841 3421 3901 praecepta

1930 3942 1947 3972 1
1987 3921 2201 3976 Domini
2240 3937 2488 3985 servans,
2513 3919 2565 3974 in
2599 3920 2838 3990 Epistola
2879 3921 3244 3991 praescripsit:
3284 3923 3426 3976 1Au-

1931 4034 1948 4062 1
1985 4014 2198 4067 divistis
2234 4014 2378 4081 quod
2404 4005 2975 4078 Autichristus'venit,
3011 4022 3063 4068 et
3089 4029 3235 4068 nunc
3262 4014 3423 4070 etiam

1932 4124 1950 4154 1
1987 4105 2141 4158 multi
2200 4105 2513 4158 antichristi
2576 4103 2706 4158 facti
2735 4113 2903 4167 sunt;
2940 4106 3090 4159 unde
3146 4109 3429 4177 cognosci-

1911 4204 1952 4252 '1
1991 4216 2110 4254 mus
2135 4199 2279 4269 quod
2306 4207 2550 4254 extrema
2599 4199 2730 4253 hora
2795 4198 3037 4253 adest".
3077 4217 3096 4250 1
3144 4199 3220 4253 Ex
3271 4201 3428 4255 nobis

1931 4310 1950 4342 1
1989 4291 2259 4355 exierunt,
2296 4292 2391 4345 sed
2420 4307 2528 4344 non
2564 4299 2721 4346 erant
2759 4306 2885 4344 cum
2936 4291 3119 4352 nobis.
3181 4293 3321 4345 unde
3375 4301 3429 4345 et

1935 4402 1952 4432 1
1986 4397 2084 4435 nos
2119 4382 2424 4452 intelligere
2447 4393 2503 4436 et
2539 4384 2782 4452 cogitare
2807 4383 3092 4446 debemus,
3128 4382 3173 4434 si
3207 4380 3427 4436 Domini

1936 4493 1952 4522 1
1995 4472 2223 4536 inimici,
2249 4481 2303 4527 et
2334 4474 2423 4542 qui
2458 4475 2763 4530 antichrisxi
2800 4483 2927 4527 sunt
2960 4473 3244 4536 nominati,
3325 4474 3429 4528 Do-

1940 4584 1955 4614 1
2003 4564 2130 4617 mini
2196 4565 2423 4633 gratiam
2485 4566 2615 4619 dare
2647 4581 2754 4618 non
2798 4571 3068 4629 possunt;
3131 4566 3250 4618 ideo
3302 4583 3426 4632 nos,

1940 4676 1956 4706 1
1995 4657 2237 4723 quicum
2279 4656 2510 4708 Domino
2553 4658 2749 4719 sinitis,
2806 4665 2859 4708 et
2903 4654 3119 4709 Domini
3165 4656 3428 4712 unitatem

1940 4770 1955 4799 1
1997 4760 2266 4809 tenemus,
2299 4755 2356 4799 ut
2383 4763 2479 4816 pro
2537 4747 2656 4816 ejus
2689 4748 2954 4817 dignitate
3011 4747 3432 4804 subministran-

1947 4861 1962 4890 1
2007 4851 2106 4903 tes,
2142 4840 2513 4894 sacerdotium
2582 4840 2699 4909 ejus
2739 4842 2792 4893 in
2850 4838 3092 4893 Ecclesia
3150 4841 3429 4907 gerimus,

1947 4951 1962 4982 1
2002 4946 2341 5002 quaecunque
2374 4934 2676 4986 adversarii
2717 4933 2857 5001 ejus,
2887 4933 2988 4984 hoc
3011 4940 3113 4992 est,
3146 4932 3330 4988 hostes
3378 4945 3446 4989 ct-

1947 5042 1965 5074 1
2007 5023 2312 5076 antichristi
2368 5008 2597 5086 faciunt,
2651 5023 2966 5091 reprobare,
3031 5035 3335 5089 removere,
3377 5037 3430 5078 et

1945 5133 1962 5165 1
1995 5113 2252 5181 abjicerc,
2273 5124 2325 5168 et
2358 5131 2455 5184 pro
2488 5113 2729 5184 profanis
2767 5111 2963 5164 habere
2993 5110 3285 5166 debemus:
3333 5115 3398 5167 iis

1944 5225 1960 5257 1
2003 5222 2131 5276 que,
2171 5209 2258 5277 qui
2296 5209 2572 5260 aberrorc
2604 5213 2657 5255 et
2694 5203 3048 5271 perversitate
3083 5204 3149 5258 ad
3187 5220 3324 5259 vera:
3373 5214 3428 5258 et

1944 5300 2380 5354 «ecclesiastica:
2441 5297 2562 5351 ﬁdei
2613 5283 2977 5363 cognitionem
3039 5298 3285 5357 veniunt,
3348 5294 3429 5346 di-

1955 5414 1969 5444 1
2009 5397 2148 5449 vinas
2182 5392 2436 5464 potentia:
2465 5394 2815 5460 mysterium,
2855 5392 3079 5444 unitatis
3111 5401 3164 5444 et
3221 5387 3340 5442 ﬁdei
3377 5397 3431 5439 et

1943 5515 1962 5543 1
2006 5491 2268 5548 veritatis,
2303 5486 2529 5539 omnino
2572 5486 2722 5539 dare.

3248 5577 3431 5632 δοῦναι

330 5677 563 5730 καθόλου
596 5676 744 5737 θείας
785 5677 1064 5745 δυνάμεως
1092 5675 1416 5746 μυστήριον,
1451 5678 1696 5748 ἑνότητός
1741 5700 1796 5733 τε
1837 5684 1926 5734 καὶ
1961 5682 2197 5737 πίστεως
2238 5677 2330 5728 καὶ
2364 5675 2642 5744 ἀληθείας.
2685 5696 2700 5728 1

294 5859 350 5890 ⁸³
382 5855 540 5909 Joan.
578 5854 762 5921 11,51.
877 5855 922 5884 "
947 5854 1118 5908 Levit.
1153 5870 1228 5920 ιιι,
1271 5855 1356 5907 45.

1470 5853 1512 5884 εδ
1551 5855 1733 5909 Matth.
1770 5856 1976 5922 111,50.

2090 5854 2132 5883 δέ
2159 5850 2313 5908 Joan.
2353 5868 2412 5917 ιι,
2444 5853 2530 5907 18.
