3988 6352
583 511 724 577 1103

1824 477 2112 544 THEOD.
2138 469 2539 537 BALSAMON

3687 452 3825 520 1104

655 619 845 676 BALS.
901 613 1170 681 Scriptum
1205 615 1290 677 est
1313 605 1368 660 in
1401 597 1664 674 prommio
1697 609 1861 667 quam
1914 592 1984 646 ob
2014 604 2144 644 cau-
2171 601 2186 649 Α

2305 579 2501 634 ΒΔΑΣ.
2556 577 2645 630 Ἐν
2683 576 2762 646 τῷ
2784 569 3060 647 προοιμίῳ
3093 568 3406 640 γέγραπται
3453 563 3601 626 τίνος
3661 566 3827 633 χάριν

2472 671 2496 681 -
2607 668 2661 681 ..
2738 667 2782 681 ..ι
2857 667 2869 681 .
2997 663 3153 681 με.-
3200 660 3282 681 .-Α
3327 658 3460 681 με-..
3501 657 3596 681 ..λη
3657 655 3797 681 2---:

655 655 845 676 unus.
902 655 1170 681 υι..,,......
1207 655 1289 677 ν-..
1401 655 1451 674 Γ
1476 655 1520 656 ,,
1715 655 1731 667 _

585 730 698 769 sam
731 722 972 781 praesens
1005 701 1239 774 epistola
1290 696 1393 751 fuit
1451 692 1599 748 edita
1631 708 1643 744 :
1674 699 1728 743 et
1752 687 1870 756 ipsa
1919 682 2142 752 quidem

2324 671 2573 742 παροῦσα
2605 667 2823 737 ἐξετέθη
2854 663 3115 732 ἐπιστολὴ
3142 677 3154 692 ·
3197 660 3290 713 καὶ
3311 658 3464 729 «αὕτη
3498 657 3596 727 μὲν
3654 655 3830 724 διορί-

2505 764 2518 780 ς
2617 757 3086 781 _-_____,-.-1_.-..-
3139 757 3204 781 -.ι
3253 751 3513 781 ..-ΩΑἿηιέ
3592 747 3830 781 ’ἳννλνιμ

584 772 795 861 statuit,
832 796 1002 865 utqui
1023 772 1091 846 ad
1135 786 1462 845 catholicam
1497 778 1803 836 Ecclesiam
1827 775 1895 828 ab
1931 772 2149 827 haereti-

586 895 665 947 cis
690 890 772 946 vel
797 861 1162 946 sellistnaticis
1186 877 1486 937 accedunt,
1518 873 1885 941 baptizentur,
1933 861 2148 918 etiamsi

586 986 654 1038 ab
706 983 812 1036 illis
867 979 1021 1048 prius
1059 970 1320 1043 baptizati
1369 965 1596 1020 fuerint.
1638 961 1918 1032 Septimus
1967 964 2150 1011 autem

587 1063 760 1126 canon
801 1047 1050 1126 secundae
1081 1063 1276 1135 synodi
1308 1055 1629 1114 universalis
1678 1066 1891 1116 eorum,
1924 1049 2016 1119 qui
2056 1047 2153 1100 ba-

589 1137 883 1234 ptizari‘et
936 1160 1025 1229 qui
1066 1171 1175 1210 non
1225 1151 1485 1221 baptizari
1520 1146 1740 1207 debent,
1793 1137 2152 1196 diﬂerentiam

593 1232 977 1316 constituens,
1035 1251 1137 1302 alia
1198 1245 1444 1311 quaedam
1504 1237 1769 1310 pnecipit.
1833 1232 1976 1302 Lege
2028 1241 2155 1298 ergo

594 1363 738 1410 eum,
777 1354 829 1399 et
877 1353 1113 1398 mentem
1147 1336 1345 1391 adhibe
1391 1334 1460 1388 iis
1491 1346 1612 1401 qua:
1646 1331 1702 1382 in
1735 1328 1852 1395 ipso
1884 1330 2014 1380 sunt
2058 1334 2157 1390 po-

596 1440 844 1494 steriora.
899 1434 1040 1503 Lege
1085 1444 1216 1498 ergo
1246 1428 1411 1481 etiam
1438 1423 1475 1476 2
1506 1435 1769 1476 canonem
1802 1416 1992 1489 synodi
2039 1427 2161 1483 qua:

597 1542 678 1586 est
707 1531 756 1582 in
776 1527 982 1587 Trullo,
1018 1535 1072 1600 et
1100 1523 1261 1584 scies,
1289 1517 1436 1587 quod
1461 1531 1580 1584 qua:
1605 1516 1705 1568 hac
1732 1511 1955 1581 epistola
1980 1506 2160 1562 conti-

600 1635 817 1685 nentur,
875 1619 942 1672 ab
985 1601 1239 1669 omnibus
1282 1609 1536 1666 Patribus
1580 1606 1817 1659 admissa
1864 1617 1970 1655 non
2009 1608 2159 1654 sunt.

603 1717 694 1771 Sic
748 1714 891 1768 enim
922 1711 1054 1764 dicit
1087 1708 1219 1777 ipsis
1261 1700 1442 1759 verbis
1476 1718 1490 1753 :
1527 1696 1798 1752 Praiterea
1832 1704 2008 1746 autem
2042 1701 2096 1745 et
2134 1706 2164 1743 a

601 1804 893 1876 Cypriane,
933 1801 1025 1870 qui
1060 1798 1313 1852 Afrorum
1352 1789 1596 1860 regionis
1632 1786 1922 1854 episcopus
1965 1781 2068 1836 fuit
2113 1789 2168 1836 et

604 1874 827 1964 martyr,
888 1899 942 1944 et
998 1905 1024 1943 a
1084 1889 1331 1958 synodo,
1386 1895 1507 1952 quae
1556 1879 1625 1933 ab
1680 1877 1773 1930 illo
1829 1874 2011 1928 habita
2059 1879 2163 1933 est,

2253 767 2406 832 ζεται
2440 764 2566 826 τοὺς
2611 757 3086 832 προσερχομένους
3139 757 3207 824 τῇ
3253 751 3515 820 καθολικῇ
3592 747 3832 815 Ἐκκλη-

2258 859 2348 929 σία
2377 858 2483 912 ἀπὸ
2511 857 2805 927 αίρετικῶν
2832 853 2866 924 ἢ
2897 847 3274 922 σχισματικῶν
3316 842 3711 916 βαπτίζεσθαι,
3736 841 3834 893 κᾶν

2257 953 2347 1006 ὑπ’
2386 950 2612 1004 ἐκείνων
2645 937 3158 1018 προεόαπτίσθησαν
3196 952 3212 967 ·
3244 941 3270 992 ό
3297 938 3353 990 δὲ
3413 936 3459 1000 ζ’
3499 933 3692 989 κανὼν
3742 931 3835 999 τῆς

2258 1040 2642 1112 οίκουμενικῆς
2673 1038 2715 1109 β’
2757 1036 2996 1101 συνόδου,
3033 1031 3350 1102 ποιούμενος
3377 1027 3652 1097 διαίρεσιν
3733 1023 3836 1074 τῶν

2260 1135 2584 1203 ὀφειλόντων
2609 1129 2967 1200 βαπτίζεσθαι
2997 1126 3090 1179 καὶ
3117 1124 3213 1195 μὴ,
3241 1121 3407 1191 ἕτερά
3464 1137 3586 1172 τινα
3655 1131 3840 1186 παρα·

2263 1225 2563 1280 κελεύεται.
2605 1214 3016 1289 Ἀνάγνωθιοῦν
3048 1216 3258 1278 τοῦτον,
3293 1213 3388 1266 καὶ
3419 1211 3701 1281 πρόσσχες
3733 1209 3840 1266 τοῖς

2264 1322 2320 1372 ἐν
2353 1316 2503 1387 αύτῷ
2526 1312 3010 1386 μεταγενεστέροις
3036 1309 3206 1362 οὖσιν.
3286 1301 3583 1372 Ἀνάγνωθι
3618 1303 3727 1353 καὶ
3756 1299 3841 1353 τόν

2269 1412 2310 1482 β’
2345 1409 2546 1465 κανόνα
2580 1408 2676 1477 τῆς
2712 1409 2768 1459 ἐν
2821 1405 2903 1474 τῷ
2928 1402 3184 1472 Τρούλλῳ
3243 1398 3483 1459 συνόδου,
3517 1394 3612 1448 καὶ
3662 1393 3842 1464 μάθῃς

2267 1505 2349 1555 ὅτι
2377 1503 2444 1555 τὰ
2462 1504 2560 1570 τῆς
2591 1499 2873 1570 παρούσης
2905 1494 3190 1563 ἐπιστολῆς
3218 1492 3317 1545 ούκ
3349 1487 3657 1558 ἐδέχθησαν
3694 1484 3842 1553 παρὰ

2271 1595 2486 1650 πάντων
2514 1592 2623 1645 τῶν
2657 1590 2937 1659 Πατέρων.
2961 1587 3098 1656 Φησὶ
3138 1585 3243 1653 γὰρ
3287 1582 3429 1636 οὓτω
3482 1581 3734 1649 ῥήμασιν
3754 1575 3843 1627 αὖ·

2271 1688 2384 1747 τοῖς
2417 1701 2429 1716 ο
2474 1684 2596 1737 Ἔτι
2658 1682 2764 1752 μὴν
2805 1681 2896 1732 καὶ
2924 1681 3014 1732 τὸν
3052 1678 3156 1731 ὑπὸ
3216 1672 3556 1742 Κυπριανοῦ,
3605 1665 3846 1735 γενομέ-

2273 1794 2363 1830 νου
2398 1775 2697 1829 ἐπισκόπου
2729 1775 2827 1841 τῆς
2849 1771 3072 1839 Ἀφρων
3099 1767 3282 1838 χώρας
3307 1766 3401 1817 καὶ
3431 1755 3846 1832 μάρτυρος,καὶ

2276 1870 2374 1939 τῆς
2410 1866 2529 1919 κατ’
2559 1865 2723 1919 αὑτὸν
2755 1862 2974 1916 συνόδου
3037 1858 3338 1912 ἐκτεθέντα
3376 1855 3580 1909 κανόνα
3635 1851 3704 1915 ὃς
3761 1850 3850 1901 καὶ

604 1942 827 1964 ””“·’”.ιί
899 1942 938 1944 η
1003 1942 1010 1943 ί
1095 1942 1131 1958 ν.
1317 1942 1327 1948 -
1403 1942 1417 1952 .

603 1985 807 2040 editum
850 1994 1152 2044 canonem,
1188 1975 1281 2044 qui
1335 1973 1389 2026 in
1434 1969 1819 2041 praedictorum
1870 1963 2162 2034 praesulum

2291 1978 2325 2012 ην
2360 1961 2476 2020 τοῖς
2535 1957 2641 2009 τῶν
2690 1952 3106 2025 προειρημένων
3160 1947 3441 2020 προέδρων
3490 1945 3683 2002 τόποις
3762 1942 3850 1992 καὶ

606 2075 760 2137 locis,
791 2072 964 2139 iisque
992 2068 1147 2130 solis,
1173 2067 1326 2133 juxta
1370 2062 1480 2114 illis
1527 2057 1785 2112 traditam
1813 2053 2166 2108 consuetudi-

605 2176 751 2227 nem,
786 2159 1040 2212 obtinuit.
1075 2153 1211 2208 lline
1233 2167 1364 2219 ergo
1395 2157 1636 2212 notatur,
1670 2143 1816 2216 quod
1838 2158 1866 2197 a
1899 2140 2168 2212 principio

607 2267 716 2308 non
750 2259 866 2305 erat
913 2250 968 2302 in
998 2262 1098 2301 usu
1131 2243 1274 2313 apud
1318 2254 1510 2296 omnes
1552 2238 1639 2290 hic
1675 2249 1874 2289 canon.
1903 2232 2041 2285 Nota
2074 2246 2172 2285 au-

608 2353 741 2409 tem,
775 2341 916 2412 quod
940 2338 1054 2393 Afri
1080 2337 1342 2390 dicuntur
1379 2326 1857 2399 Cartltaglnenses.
1891 2326 2028 2389 Quia
2077 2339 2172 2376 au-

606 2447 720 2491 tem
781 2435 834 2487 in
884 2428 1162 2484 nonnullis
1205 2420 1607 2492 exemplaribus
1658 2428 1841 2490 aperte
1882 2416 2172 2483 descriptae

609 2525 961 2584 inveniuntur
1042 2520 1112 2572 84
1177 2517 1557 2586 epise0porum
1613 2510 1929 2572 sententiae,
1971 2507 2065 2576 qui
2118 2507 2174 2559 in

612 2618 803 2674 eadem
870 2614 1093 2666 fuerunt
1128 2608 1385 2677 Opinione
1441 2618 1565 2657 cum
1614 2609 1805 2655 sancto
1854 2600 2174 2667 Cypriano:

611 2723 829 2765 eramus
873 2719 964 2760 eas
1011 2713 1230 2771 quoque
1294 2695 1556 2765 scripturi
1618 2701 1672 2746 et
1725 2687 2174 2759 interpretaturi:

614 2801 710 2857 scd
741 2799 889 2867 quia,
929 2804 988 2850 ut
1019 2795 1224 2849 dictum
1253 2798 1361 2853 est,
1397 2786 1664 2856 septimus
1700 2784 1953 2836 secundae
1983 2778 2177 2851 synodi

614 2909 788 2952 canon
837 2893 941 2947 alia
998 2888 1245 2958 quaedam
1301 2882 1594 2938 constituit
1655 2879 1723 2932 ab
1764 2878 1852 2940 iis,
1904 2892 2024 2945 quae
2076 2878 2179 2929 hac

617 2985 871 3059 praesenti
923 2981 1152 3049 epistola
1216 2977 1606 3042 continentur,
1671 2970 1740 3023 de
1798 2968 2069 3021 haereticis
2127 2976 2183 3020 et

619 3057 987 3134 schismatieis
1038 3072 1131 3139 qui
1183 3066 1251 3120 ad
1286 3065 1446 3120 Iidem
1481 3061 1772 3126 accedunt,
1816 3057 2180 3128 praetermissa

621 3181 703 3227 est
728 3183 914 3222 eorum
937 3163 1225 3231 expositio.

694 3253 1217 3322 ZOMIL‘leistola
1260 3250 1374 3302 haec
1406 3260 1764 3318 quoscunque
1799 3245 1866 3298 ab
1909 3243 2180 3297 haereticis

627 3364 715 3406 ant
758 3349 1127 3406 schismaticis
1165 3344 1490 3412 baptizatos,
1545 3341 1591 3396 si
1651 3339 1717 3393 ad
1752 3337 2047 3392 Ecclesiam
2090 3352 2182 3390 ca-

628 3445 881 3499 tholicam
948 3455 1005 3495 se
1056 3437 1368 3506 recipiant,
1428 3435 1624 3486 iterum
1688 3429 1953 3500 baptizari
2004 3429 2182 3498 jubet,

629 3549 857 3602 eamque
904 3525 1422 3602 sententiamvariis
1443 3523 1954 3591 epicliirematibus,
1982 3525 2183 3590 enthy-

631 3621 876 3676 mematis
926 3599 1328 3685 Scripturzeque
1358 3650 1360 3652 -
1395 3613 1720 3669 testimoniis
1761 3609 2070 3665 conﬁrmat.
2121 3614 2189 3662 At

632 3725 761 3765 vero
789 3707 1026 3764 secunda
1062 3704 1398 3759 meumenica
1425 3701 1667 3770 synodus
1698 3715 1908 3753 canone
1939 3700 2189 3767 septimo,

635 3815 741 3856 non
779 3814 989 3861 omnes,
1022 3796 1115 3866 qni
1157 3811 1218 3847 ex
1276 3793 1469 3846 haeresi
1525 3790 1858 3859 demigrant,
1922 3790 2192 3857 baptismo

636 3896 829 3947 iterum
877 3887 1199 3959 expiandos,
1252 3887 1342 3940 sed
1391 3884 1531 3940 alios
1577 3882 1821 3952 quidem,
1861 3882 1906 3936 si
1946 3881 2090 3936 datis
2133 3884 2196 3934 li-

640 3982 792 4037 bellis
819 3995 971 4033 suam
1013 3989 1273 4046 prmterea
1312 3978 1547 4044 quisque
1576 3971 1835 4034 literesin,
1869 3984 2197 4038 omnemque

639 4092 667 4127 a
698 4073 962 4126 catholica
999 4078 1051 4121 et
1086 4068 1384 4135 apostolica
1440 4065 1533 4117 Dei
1565 4062 1808 4117 Ecclesia
1848 4061 2083 4115 alienum
2113 4075 2199 4114 er-

640 4175 817 4214 rorem
876 4165 1252 4218 exsecrentur,
1302 4156 1618 4208 charactere
1667 4161 1906 4217 notatos,
1956 4151 2060 4206 hoc
2115 4157 2200 4206 est

641 4261 831 4306 sancto
879 4251 1177 4302 chrismate
1226 4249 1484 4299 inunctos
1535 4243 1748 4297 admitti
1795 4252 2049 4311 oportere
2104 4241 2203 4295 de-

643 4345 855 4408 cernit;
915 4341 1049 4393 alios
1093 4353 1220 4391 vero
1272 4353 1485 4400 omnes,
1537 4351 1599 4392 ex
1649 4336 1848 4407 quibus
1909 4333 2203 4387 nonnullos

644 4435 967 4488 nominatim
1004 4431 1290 4499 designat,
1333 4429 1639 4496 baptizari,
1684 4437 1848 4497 atque
1896 4437 1953 4478 ut
1987 4423 2204 4478 Graecos

647 4524 879 4584 admitti,
925 4522 1098 4588 jubet.
1132 4519 1233 4583 Qui
1262 4519 1482 4587 quidem
1531 4518 1696 4571 etiam
1737 4532 1912 4570 canon
1954 4531 2058 4570 suo
2091 4519 2206 4570 loco

2275 2050 2455 2119 μόνοις
2493 2049 2637 2101 κατὰ
2668 2047 2728 2099 τὸ
2755 2044 3056 2116 παραδοθὲν
3112 2043 3297 2102 αὐτοῖς
3341 2037 3464 2099 ἐθος
3507 2079 3509 2087 ι
3546 2035 3842 2102 ἐκράτησε.

2273 2139 2559 2191 Δείκνυται
2594 2136 2685 2191 οὖν
2736 2133 2986 2188 ἐντεῦθεν
3016 2135 3095 2186 ὅτι
3121 2130 3365 2203 ἀρχῆθεν
3395 2129 3457 2182 οὒ
3498 2126 3655 2197 παρὰ
3687 2125 3847 2175 πᾶσιν

2273 2228 2338 2303 ἦν
2366 2230 2602 2298 ἐνεργῶν
2624 2232 2652 2282 ὁ
2675 2227 2874 2282 κανών.
2898 2226 3217 2297 Σημείωσαι
3267 2225 3324 2277 δέ
3387 2224 3473 2276 ὃτι
3503 2223 3710 2289 Ἀφροι
3765 2215 3848 2266 λέ·

2274 2338 2458 2390 γονται
2484 2323 2532 2374 οί
2558 2319 2942 2390 Καρχηδόνιοι.
3007 2317 3132 2370 Ἐπί⁵
3165 2315 3223 2368 δέ
3271 2313 3328 2367 ἐν
3354 2329 3498 2366 τισιν
3570 2309 3846 2380 ἀντιγρὰ-

2277 2430 2395 2483 φοις
2432 2400 2613 2484 ῥητῶς
2643 2412 2995 2482 εὑρίσκονται
3073 2405 3682 2478 καταγεγραμμέναιαί
3745 2405 3850 2456 τῶν

2275 2506 2608 2576 ὀγδοήκοντα
2637 2503 2775 2576 πρδς
2800 2504 2913 2567 τοῖς
2946 2502 3242 2570 τέσσαρσιν
3276 2497 3602 2560 ἐπισκόποις
3631 2497 3852 2566 γνῶμαι

2276 2597 2386 2649 τῶν
2415 2594 3092 2667 συνομογνωμονησάντων
3147 2590 3288 2660 μετὰ
3347 2592 3446 2643 τοῦ
3531 2589 3692 2656 ἁγίου
3750 2589 3856 2642 Κυ-

2281 2684 2532 2756 πριανοῦ,
2563 2685 2864 2755 ἐμέλλομεν
2893 2681 2988 2739 καὶ
3046 2681 3252 2745 ταύτας
3286 2680 3501 2752 γράψαι
3555 2682 3650 2733 καὶ
3683 2683 3857 2755 ἀραιρη-

2281 2776 2467 2833 νεῦσαι
2501 2789 2515 2803 ’
2549 2775 2630 2829 ὅτι
2659 2774 2737 2837 δέ,
2765 2775 2841 2837 ὡς
2864 2775 3105 2843 εἴρηται,
3126 2774 3157 2827 ὁ
3188 2770 3235 2838 ζ’
3267 2770 3448 2827 κανὼν
3480 2769 3578 2844 τῆς
3613 2768 3656 2842 β’
3689 2769 3848 2825 συνό-

2282 2871 2371 2924 δου
2402 2869 2568 2940 ἕτερά
2592 2884 2713 2923 τινα
2740 2865 2997 2919 ἐθέσπισε
3055 2863 3293 2934 παρὲτὰ
3353 2860 3728 2932 περιεχόμενα
3794 2859 3856 2929 τῇ

2284 2960 2532 3029 παρούσῃ
2584 2957 2840 3026 ἐπιστολῇ
2874 2955 3034 3025 χάριν
3088 2953 3198 3008 τῶν
3259 2952 3717 3022 προσερχομένων
3795 2953 3859 3018 τῇ

2285 3053 2467 3104 πίστει
2532 3049 2823 3120 αἱρετικῶν
2869 3048 2962 3101 καὶ
3037 3042 3436 3116 σχισματικῶν,
3509 3040 3754 3110 παρείθη
3828 3041 3860 3107 ἡ

2283 3143 2487 3196 τούτων
2511 3142 2796 3213 ἐξήγησις.

2361 3232 2602 3288 ΖΩΝᾹΡ.
2633 3233 2781 3299 Αὕτη
2810 3233 2843 3301 ἡ
2887 3229 3144 3298 ἐπιστολὴ
3159 3227 3414 3292 καθάπαξ
3439 3228 3564 3291 τοὺς
3590 3227 3692 3281 ὑπὸ
3711 3232 3864 3301 αίρεο

2283 3325 2452 3378 τικῶν
2486 3322 2517 3394 ἢ
2546 3321 2922 3393 σχισματικῶν
2956 3320 3363 3400 βαθπτισθέντας
3387 3323 3863 3390 προσερχομένους

2283 3422 2349 3488 τῇ
2387 3413 2957 3485 καθολικῇἘκκλησίᾳ
3003 3411 3366 3483 βαπτίζεσθαι
3382 3411 3750 3480 διατάττεται,
3775 3419 3867 3466 καὶ

2286 3511 2350 3563 ἐκ
2370 3509 2638 3577 διαφόρων
2661 3506 3055 3575 ἐνθυμημάτων
3074 3505 3165 3556 καὶ
3187 3503 3627 3575 ἐπιχειρημάτων
3651 3508 3748 3562 καὶ
3778 3511 3867 3577 ῥη-

2288 3604 2394 3656 τῶν
2426 3600 2712 3673 γραφικῶν
2733 3599 2823 3651 τὸν
2855 3599 3053 3651 οἰκεῖον
3097 3597 3255 3665 λόγον
3313 3599 3744 3662 κατασκευάζει.
3803 3598 3865 3651 'll

2290 3697 2344 3747 δέ
2377 3693 2606 3762 δευτέρα
2643 3689 2996 3760 οίκουμενικὴ
3053 3688 3291 3755 σύνοδος,
3323 3689 3384 3742 ἐν
3433 3691 3621 3743 κανόνι
3691 3695 3868 3761 αὐτῆς

2293 3786 2502 3856 ἑϐδόμῳ
2568 3785 2629 3837 οὐ
2694 3785 2901 3847 πάντας
2975 3782 3036 3847 ἐξ
3101 3782 3367 3852 αἱρέσεων
3436 3782 3865 3852 ἐπιστρέφοντας

2295 3876 2499 3931 ἄνωθεν
2561 3875 2779 3945 κελεύει
2830 3871 3214 3944 βαπτίζεσθαι,
3249 3872 3370 3926 ἀλλ’
3421 3874 3730 3944 ἀπαριθμεῖ
3789 3894 3869 3927 τι-

2298 3986 2395 4030 νας
2453 3968 2552 4038 μὲν
2633 3947 2720 4020 δεῖ
2792 3965 3043 4036 δέχεσθαι
3102 3964 3350 4027 διδόντας
3404 3964 3717 4036 λιὸέλλους,
3780 3970 3870 4021 καὶ

2299 4059 2802 4131 ἁναθεματίζοντας
2833 4062 2930 4129 τήν
2979 4074 3038 4110 τε
3066 4057 3275 4111 οίκείαν
3354 4059 3567 4130 αἵρεσιν
3617 4060 3866 4125 ἕκαστον,

2302 4155 2397 4207 καὶ
2438 4154 2619 4205 πᾶσαν
2669 4152 2744 4222 μὴ
2804 4150 3108 4220 φρονοῦσαν
3169 4149 3244 4214 ὡς
3295 4152 3330 4218 ἡ
3361 4144 3530 4219 ”ἁγία
3587 4151 3681 4204 τοῦ
3737 4151 3868 4205 Θεοῦ

2304 4242 2570 4312 καθολικὴ
2598 4244 2694 4296 καὶ
2730 4241 3066 4314 ἁποστολικὴ
3109 4241 3407 4312 Ἐκκλησία
3458 4245 3670 4313 φρονεῖ,
3697 4260 3864 4314 σφρα-

2306 4330 2625 4404 γιζομένους
2650 4333 2767 4403 ἦτοι
2814 4336 3134 4403 χριομένους
3161 4333 3242 4403 τῷ
3300 4333 3442 4403 ἁγίῳ
3496 4333 3655 4404 μύρῳ
3684 4349 3701 4363 ο
3750 4334 3868 4395 τοὺς

2309 4428 2366 4480 δὲ
2393 4413 2870 4506 λοιποὺςπάνταξ,
2903 4417 2978 4482 ὧν
3002 4441 3157 4488 τινας
3185 4431 3283 4478 καὶ
3333 4425 3600 4495 ὀνομαστὶ
3649 4427 3869 4479 καταλέ-

2317 4535 2425 4586 γει,
2451 4517 2814 4587 βαπτίζεσθαι
2849 4517 3118 4587 ὁρίζεται,
3153 4516 3478 4587 δεχομένους
3520 4516 3596 4580 ὡς
3665 4517 3862 4587 Ἐλλη-

648 4618 944 4683 explicatus
988 4622 1090 4667 est.
1132 4611 1283 4666 Unde
1311 4612 1430 4681 ejus
1469 4610 1699 4666 canonis
1746 4611 2186 4662 constitutionen‘

2311 4627 2407 4669 νας
2429 4626 2440 4638 ·
2475 4609 2536 4672 ὃς
2568 4609 2701 4678 δῆτα
2729 4607 2908 4661 κανὼν
2945 4611 3037 4661 καὶ
3069 4611 3128 4661 ἐν
3151 4608 3228 4679 τῷ
3259 4609 3373 4678 ίδίῳ
3396 4609 3549 4678 τόπῳ
3587 4610 3863 4680 ἐξήγηται.

650 4726 676 4759 a
723 4706 926 4759 sanctis
973 4715 1153 4771 postea
1201 4703 1456 4756 Patribus
1506 4710 1778 4769 receptam
1838 4699 1981 4753 haud
2031 4698 2204 4755 fuisse

650 4796 805 4850 facile
836 4805 1078 4863 apparet.
1107 4793 1243 4845 Cum
1272 4794 1434 4859 igitur
1471 4792 1536 4845 de
1556 4794 1742 4845 eadem
1776 4808 1833 4846 re
1872 4795 1988 4845 duze
2014 4793 2208 4861 synodi

652 4891 918 4941 contraria
953 4889 1094 4941 inter
1127 4901 1184 4939 se
1215 4888 1430 4938 decreta
1481 4884 1833 4950 protulerint,
1878 4885 2058 4952 potior
2115 4887 2213 4937 lia-

651 4981 828 5035 benda
885 4990 962 5033 est
1018 4975 1270 5033 secunda:
1338 4974 1528 5044 synodi
1583 4974 1899 5029 constitutio
1933 5013 1950 5039 ,
2014 4975 2213 5043 quippe

655 5088 774 5141 qua:
849 5079 901 5123 et
950 5071 1217 5138 posterior
1261 5065 1390 5126 fuit,
1453 5074 1507 5118 et
1570 5065 1928 5127 meumenica,
1989 5065 2042 5118 in
2107 5079 2214 5134 qua

657 5178 847 5215 omnes
921 5162 1132 5214 scilicet
1181 5160 1495 5226 quicunque
1546 5156 1973 5226 patriarchicam
2033 5159 2212 5210 sedem

657 5253 932 5322 obtinent,
985 5262 1080 5304 aut
1109 5251 1332 5319 ipsitnet
1360 5249 1710 5318 patriarchae,
1745 5261 1837 5300 aut
1864 5251 2104 5316 ipsorum
2142 5252 2216 5302 le-

647 5346 770 5414 gnti
811 5343 1115 5395 adfuerunt.
1159 5343 1329 5395 Porro
1376 5344 1520 5394 hunc
1569 5354 1830 5394 canonem
1875 5355 2215 5410 nequaquam

662 5457 690 5489 a
741 5437 948 5490 sanctis
979 5433 1230 5487 Patribus
1269 5433 1541 5484 universis
1578 5445 1852 5499 receptum
1888 5429 2080 5494 fuisse,
2135 5441 2219 5493 vel

663 5546 727 5581 ex
763 5524 1003 5580 secundo
1031 5539 1236 5576 canone
1286 5522 1476 5592 synodi
1522 5522 1576 5573 in
1607 5518 1789 5574 Trullo
1825 5523 2054 5584 habita),
2099 5537 2220 5590 quae

665 5620 1083 5679 sextadicitur,
1145 5618 1369 5686 ιιιιυιιιδι
1407 5618 1553 5670 licet.
1619 5615 1696 5668 lbi
1753 5632 1985 5685 namque
2044 5616 2216 5671 sancti

662 5712 854 5764 Patres
896 5712 960 5764 iis
991 5708 1317 5770 canonibus,
1347 5722 1578 5776 quorum
1604 5717 1725 5760 rata
1765 5708 2056 5760 auctoritas
2100 5722 2220 5762 esse

668 5803 843 5864 debet,
879 5799 1148 5868 sigillatim
1209 5796 1561 5858 enumeratis,
1595 5794 1660 5847 de
1691 5795 1791 5848 hoc
1826 5808 2030 5846 canone
2061 5794 2223 5863 368

663 5889 886 5942 totidem
934 5887 1152 5943 onmiuo
1193 5884 1370 5940 verbis
1431 5883 1502 5937 ita
1541 5881 1917 5951 pronuntiant.
1955 5881 2220 5936 Praeterea

2313 4699 2475 4752 Ὅθεν
2499 4699 2751 4769 φαίνεται
2777 4699 2974 4753 ὅτιούκ
3004 4699 3196 4770 ἐδέχθη
3227 4700 3379 4772 παρὰ
3429 4701 3538 4754 τῶν
3574 4705 3865 4772 μετέπειτα

2314 4792 2480 4858 ἁγίων
2510 4793 2772 4862 Πατέρων
2796 4793 2827 4862 ἠ
2855 4791 3084 4861 διαταγὴ
3117 4790 3282 4862 αὕτη.
3326 4793 3578 4846 Ἐναντία
3607 4795 3783 4846 τοίνυν
3815 4795 3868 4846 ἐν

2312 4883 2484 4952 τούτῳ
2507 4883 2584 4950 τῷ
2620 4883 2899 4953 κεφαλαίῳ
2941 4885 3048 4936 τῶν
3077 4882 3169 4936 δύο
3222 4883 3461 4937 συνόδων
3515 4885 3864 4953 εἰσαγουσῶν,

2314 4975 2380 5027 τὰ
2416 4975 2513 5043 τῆς
2546 4969 2806 5045 δευτέρας
2833 4977 3030 5043 κρατεῖ
3068 4975 3313 5039 συνόδου,
3376 4977 3461 5028 ὅτι
3485 4992 3543 5028 τε
3584 4993 3869 5048 μεταγενε-

2315 5066 2481 5137 στέρα
2504 5068 2638 5129 ἐστὶ,
2661 5069 2754 5121 καί⁵
2783 5068 2861 5120 ὅτι
2879 5068 3250 5139 οίκουμενικὴ,
3267 5059 3389 5139 ἐνῇ
3416 5067 3633 5134 πάντως
3649 5071 3711 5123 ἐκ
3738 5069 3867 5121 πᾶν·

2317 5175 2425 5210 των
2459 5159 2569 5212 τῶν
2596 5159 3018 5228 πατριαρχικῶν
3050 5158 3257 5229 θρόνων
3299 5160 3536 5229 συνῆσαν
3571 5163 3604 5230 ἢ
3663 5163 3708 5212 οί
3766 5176 3866 5211 παι

2317 5251 2572 5318 τριάρχαι
2608 5250 2781 5313 αὐτοὶ,
2812 5249 2843 5306 ἢ
2876 5251 3266 5322 τοποτηρηταί.
3291 5251 3410 5304 Ὀτι
3468 5253 3525 5305 δὲ
3559 5251 3657 5306 οὐκ
3681 5252 3861 5323 ἐδέχθη

2317 5342 2345 5393 ό
2378 5341 2564 5410 παρὼν
2616 5341 2796 5395 κανὼν
2838 5341 2990 5413 παρὰ
3010 5345 3227 5396 πάντων
3248 5343 3355 5397 τῶν
3383 5344 3555 5412 ἁγίων
3597 5345 3858 5414 Πατέρων,

2319 5431 2569 5500 δηλοῦται
2599 5434 2694 5485 καὶ
2720 5434 2784 5484 ἐκ
2817 5431 2910 5484 τοῦ
2944 5432 3199 5504 δευτέρου
3237 5434 3462 5496 κανόνος
3515 5433 3615 5503 τῆς
3668 5437 3724 5487 ἐν
3789 5431 3860 5500 τῷ

2323 5523 2575 5593 Τρού).).ῳ
2603 5525 2898 5594 γενομένης
2921 5524 3139 5578 συνόδου
3169 5525 3462 5594 λεγομένης
3491 5525 3674 5592 ἕκτης.
3710 5524 3861 5576 Ἀπα-

2325 5613 2578 5681 ρίθμησιν
2609 5613 2714 5682 γὰρ
2761 5615 2819 5665 ἐν
2856 5615 3003 5682 αύτῷ
3069 5600 3118 5665 οί
3170 5613 3394 5667 συνόδου
3470 5612 3860 5680 ἆγιοιΠατέρες

2323 5707 2537 5774 ἐκείνης
2577 5705 2892 5775 ποιούμενοι
2922 5705 3028 5757 τῶν
3047 5703 3370 5773 ὀφειλόντων
3413 5707 3636 5776 κρατεῖν
3711 5703 3858 5755 κανό-

2326 5812 2454 5858 νων,
2488 5795 2662 5846 ταῦτα
2698 5795 2825 5864 περὶ
2858 5793 2951 5847 τοῦ
2971 5795 3194 5858 κανόνος
3258 5793 3450 5848 τούτου
3517 5796 3740 5868 ῥήμασιν
3768 5789 3858 5844 σὺ·

2325 5890 2435 5947 τοῖς
2469 5887 2727 5952 διεξίασιν
2761 5903 2773 5919 ·
2807 5887 2888 5940 ἔτι
2930 5888 3038 5957 μὴν
3066 5885 3264 5943 καὶτὸν
3285 5887 3388 5941 ύπδ
3424 5882 3731 5960 Κυπριανοῦ
3773 5875 3858 5932 τοῦ
