3988 6352
143 473 280 535 1105

1265 478 1347 538 ΙΝ
1386 478 1552 540 CAN.
1597 479 1624 539 Ι
1668 479 2278 547 CONC.CARTIIAG.

3238 489 3373 555 1106

139 589 434 658 γενομένου
462 588 893 670 ἀρχιεπισκόπου
929 591 1028 661 τῆς
1086 593 1312 662 Ἀφρων
1357 593 1541 662 χώρας
1602 593 1698 647 καὶ

1817 610 1961 658 vero,
1991 596 2263 666 inquiunt,
2282 606 2336 652 et
2363 610 2393 651 a
2413 594 2706 668 Cypriano,
2738 600 2829 670 qui
2859 599 3116 656 Afrorum
3143 604 3377 672 regionis

142 681 448 752 μάρτυρος,
513 683 608 734 καὶ
639 683 742 752 τῆς
767 683 888 736 κατ’
910 685 1074 737 αὖτδν
1099 685 1357 748 ’συνόδου,
1419 685 1707 738 ἐκτεθέντα

139 773 368 837 κανόνα,
403 772 463 836 ὃς
489 773 545 824 ὲν
579 775 699 837 τοῖς
734 771 848 827 τῶν
869 775 1150 846 προέδρων
1177 777 1367 838 τόποις
1397 779 1493 830 καὶ
1528 777 1708 847 μόνοις

141 863 290 917 κατά
325 865 387 917 τὺ
411 865 723 935 παραδοθὲν
748 866 930 930 αὐτοῖς
958 867 1078 932 ἔθος
1125 869 1447 939 ἐκράτησεν.
1496 869 1710 922 Ἐντεῦ-

141 957 249 1008 θεν.
267 956 358 1009 οῦν
383 957 662 1012 δείκνυται
691 958 772 1010 ὅτι
799 960 892 1012 καὶ
932 958 1171 1029 ἀρχῆθεν
1218 960 1280 1013 οὐ
1345 962 1499 1029 παρὰ
1542 965 1708 1016 πᾶσιν

134 1043 211 1116 ἦν
234 1048 472 1118 ἐνεργῶν
499 1050 527 1102 ό
557 1049 758 1105 κανών.
782 1050 968 1106 Ταῦτα
1003 1052 1099 1122 μὲν
1128 1051 1220 1105 οῦν
1245 1054 1313 1107 τὰ
1359 1052 1474 1124 τῆς,
1493 1057 1709 1110 ἐπιστῆ-

137 1139 244 1208 λῆς
269 1156 285 1170 ο
319 1141 375 1194 αἱ
427 1141 485 1194 δὲ
514 1144 573 1195 ἐν
610 1144 675 1213 τῇ
705 1146 856 1216 κοινῇ
882 1145 1164 1213 διασκέψει
1194 1145 1434 1201 δοθεῖσαι
1488 1149 1706 1219 γνῶμαι

142 1231 283 1302 παρ’
321 1232 554 1288 ἑκάστου
583 1234 693 1288 τῶν
747 1237 806 1289 ὲν
869 1239 940 1308 τῇ
1014 1237 1218 1308 συνόδῳ
1280 1241 1709 1311 συνειλεγμένων

137 1319 361 1390 ἐχουσιν
387 1323 533 1378 οὕτω
596 1326 719 1378 κατ’
767 1327 1061 1397 ἐπιτομήν.

542 1548 546 1550 Ἴ
589 1507 932 1573 ιίύπριανὸς
956 1503 1146 1562 εἶπεν.

228 1591 552 1661 Ἠκούσατε,
587 1596 865 1668 ἀγαπητοὶ
895 1599 1307 1669 συνεπίσκοποι,
1339 1602 1395 1657 τί
1423 1620 1515 1673 μοι
1539 1604 1710 1675 ἔγρα·

134 1684 245 1749 ψεν
292 1684 550 1751 ’1ο6ιανδς
633 1688 1114 1754 όὋυνεπίσκοπος
1196 1693 1354 1763 ήμῶν
1404 1697 1712 1768 συμϐουλὴν

143 1778 305 1846 παρά
333 1778 433 1849 τῆς
466 1781 823 1850 μετριότητός
881 1799 981 1852 μου
1009 1782 1331 1853 βουλόμενος
1366 1784 1549 1840 λαϐεῖν
1583 1788 1711 1858 περὶ

132 1869 235 1924 τοῦ
269 1873 483 1926 ἀνοσίου
510 1873 606 1928 καὶ
626 1875 831 1945 ἀνόμου
863 1874 1238 1945 βαπτίσματος
1265 1877 1376 1931 τῶν
1397 1879 1706 1950 αἱρετικῶν,

134 1961 238 2015 καὶ
264 1963 316 2032 τί
349 1964 463 2034 ἐγὼ
491 1965 642 2035 αὑτῷ
670 1966 1013 2036 ἀντέγραψα,
1044 1967 1415 2037 δογματίζων,
1483 1971 1512 2024 δ
1565 1971 1712 2036 ἆπαξ
1744 1953 1787 2009 Β

135 2055 238 2108 καὶ
263 2053 518 2128 δεύτερον
548 2057 643 2113 καὶ
676 2057 936 2123 πολλάκις
966 2059 1284 2130 ἐκρίναμεν,
1350 2060 1477 2124 τοὺς
1506 2064 1713 2132 αίρετι-

131 2148 274 2210 κοὺς
301 2149 428 2212 τοὺς
463 2151 937 2222 προσερχομένους
967 2154 1038 2221 τῇ
1051 2152 1350 2225 Ἐκκλησία
1374 2152 1711 2223 βαπτίσματι

134 2237 512 2304 Βαπτίζεσθαι
544 2242 653 2295 δεῖν
684 2243 777 2297 καλ¹
800 2243 1150 2312 άγιάζεσθαι.
1185 2243 1420 2298 Ἔπειτα
1472 2243 1529 2298 δὲ
1590 2246 1713 2298 ἀνε-

134 2329 364 2401 γνώσθη
391 2333 522 2402 ὑμῖν
544 2335 641 2388 καὶ
671 2335 812 2389 ἀλλα
839 2335 1146 2406 γράμματα
1218 2323 1500 2400 Ἰοϐιανοῦ,
1534 2335 1606 2390 δι’
1638 2332 1715 2392 ὧν

133 2423 289 2479 κατὰ
318 2424 378 2478 τὸ
425 2425 593 2479 αὑτοῦ
616 2426 844 2489 εὐσεδὲς
893 2426 1253 2496 ἀντίγραμμα
1283 2426 1344 2479 οὐ
1391 2425 1552 2496 μόνον
1581 2429 1716 2498 ἡμῖν

133 2515 562 2586 συνευδόκησεν,
593 2517 729 2571 ἀλλά
762 2518 858 2572 καὶ
883 2521 950 2589 τῇ
983 2518 1283 2588 ἐπιγνώσει
1312 2519 1411 2588 τῆς
1452 2513 1716 2584 ἀληθείας

130 2613 304 2685 χάριν
328 2612 698 2685 ὡμολόγησεν.
735 2615 1060 2669 ’Υπόλοιπον
1094 2615 1186 2670 οὖν
1224 2616 1374 2686 περὶ
1425 2616 1590 2669 αὐτοῦ
1649 2615 1717 2669 τί

132 2701 380 2768 ἕκαστος
411 2704 572 2776 ἡμῶν
607 2707 800 2776 φρονεῖ
843 2707 1038 2772 εἰπεῖν,
1075 2705 1306 2777 μηδενὸς
1334 2707 1428 2774 ἀφ’
1471 2707 1636 2776 ἡμῶν
1657 2706 1717 2758 ὲν

130 2793 322 2864 τούτῳ
346 2795 698 2866 κρινομένου,
722 2797 892 2867 μηδὲ,
937 2799 984 2850 εί
1028 2798 1251 2852 ἐναντία
1325 2798 1574 2869 φρονοίη,
1622 2798 1718 2851 καὶ

132 2887 511 2957 ἁκοινωνήτου
568 2889 882 2960 γινομένου.
935 2889 1073 2944 Οὓτε
1125 2891 1236 2958 γάρ
1284 2907 1371 2954 τις
1422 2893 1718 2946 ἐπίσκοπον

130 2977 338 3032 ἑαυτὸν
387 2980 739 3046 καθίστησιν,
797 2983 919 3036 οὐδὲ
975 2986 1274 3055 τυραννικῇ
1325 2985 1584 3054 αὐθαδείᾳ
1637 2985 1718 3047 εἰς

129 3069 390 3140 ἀνάγκην
437 3069 533 3124 τοῦ
589 3071 822 3124 ἕπεσθαι
889 3073 1040 3142 αὐτῷ
1097 3075 1225 3138 τοὺς
1282 3075 1718 3136 συνεπισκόπους

132 3161 415 3232 βιάζεται,
445 3163 605 3216 ὁπότε
629 3159 711 3227 εἷς
727 3163 959 3227 ἕκαστος
1001 3163 1296 3227 ιπίσκοπος
1330 3166 1578 3229 ἐξουσίαν
1601 3165 1718 3231 ἔχει

129 3251 406 3321 πράττειν
432 3253 756 3325 ἐλευθερίως
788 3254 824 3308 ἃ
854 3255 1062 3326 φρονεῐ.
1107 3254 1196 3317 ’ος
1222 3254 1341 3324 γὰρ
1361 3255 1522 3316 αὐτὸς
1557 3255 1717 3308 ἀλλον

131 3348 334 3413 κρῖναι
369 3347 429 3398 οὐ
461 3345 710 3412 δύναται,
752 3344 925 3410 οὕτως
964 3345 1083 3399 οὐδὲ
1151 3345 1258 3398 ὑπὸ
1304 3344 1468 3397 mw
1530 3346 1720 3416 κριθῆι

128 3456 252 3493 ναι.
288 3438 664 3511 Περιμένομεν
691 3439 800 3511 γάρ
829 3440 1030 3504 πάντες
1059 3439 1157 3511 τὴν
1183 3439 1276 3494 τοῦ
1321 3439 1528 3510 Κυρίου
1564 3441 1721 3511 ἡμῶν

141 3530 333 3599 Ἰησοῦ
384 3529 626 3601 Χριστοῦ
707 3532 912 3602 κρίσιν,
963 3531 1022 3596 ὃς
1083 3531 1243 3600 μόνος
1297 3527 1550 3594 ἐξουσίαν
1606 3529 1720 3596 ἔχει

130 3620 444 3674 ἐπίσκοπον
481 3622 747 3690 καθιστᾷν
795 3623 854 3672 εν
916 3624 984 3689 τῇ
1044 3619 1215 3673 αὑτοῦ
1285 3615 1584 3686 Ἐκκλησία
1625 3617 1718 3668 καὶ

128 3711 262 3776 ἑνὸς
322 3711 558 3766 ἑκάστου
606 3710 708 3783 τὴν
754 3710 957 3785 πρᾶξιν
1017 3709 1293 3777 ἐξετάζειν
1352 3709 1447 3764 καὶ
1487 3706 1717 3777 δοκιμά-

128 3805 277 3870 ζειν.

449 3900 800 3966 Καικίλλιος
826 3897 1170 3967 Λιϐεράριος
1192 3893 1361 3952 εἶπεν

213 3994 318 4047 Ἐν
360 3993 646 4064 βάπτισμα
675 3995 737 4045 εν
786 3993 925 4063 μόνῃ
950 3993 1018 4061 τῇ
1061 3991 1361 4058 Ἐκκλησία
1412 3985 1554 4051 οῐδα,
1622 3990 1716 4042 καὶ

124 4089 298 4151 ἐκτὸς
324 4087 426 4156 τῆς
461 4086 796 4155 Ἐκκλησίας
860 4083 1122 4155 οὐδαμοῦ.
1154 4083 1324 4137 Ἐνθα
1357 4082 1466 4154 γάρ
1493 4083 1606 4136 ἐστι
1655 4081 1714 4134 τὸ

124 4182 192 4235 ιν
224 4180 536 4255 βάπτισμα,
576 4177 749 4243 δντως
776 4181 872 4232 καὶ
898 4177 1056 4242 ἐλπὶς
1098 4175 1358 4247 ἀληθείας
1419 4176 1560 4239 ἐστὶ,
1617 4176 1713 4228 καὶ

124 4267 344 4328 πίστις.
413 4265 572 4321 Οὕτω
623 4267 735 4340 γὰρ
788 4265 1123 4337 γέγραπται.
1184 4264 1306 4320 Μία
1371 4268 1597 4331 πίστις.
1643 4265 1714 4321 ἐν

117 4343 476 4432 βάπτισμα.
505 4361 580 4416 Οὐ
621 4360 731 4431 γὰρ
770 4362 885 4422 τοῖς
916 4360 1240 4430 αἱρετικοίς,
1303 4358 1436 4429 παρ’
1475 4354 1558 4423 οἷς
1610 4360 1717 4413 οὑ-

120 4452 303 4522 δεμία
333 4453 517 4516 πίστις
546 4453 646 4508 καὶ
673 4451 858 4517 ιλπὶς,
892 4453 1028 4506 ὅπου
1083 4451 1262 4505 πάντα
1328 4451 1528 4523 ψευδῆ,
1579 4452 1713 4506 ὅπου
1752 4515 1755 4519 _

121 4527 923 4616 ἐξορκίζειιδαιμονίζόμενος,
997 4545 1299 4612 μυστήριον
1340 4543 1543 4614 ἐρωτᾷ,
1570 4538 1632 4596 οὗ
1654 4542 1716 4595 τὸ

1816 688 1918 740 fuit
1952 690 2398 760 archiepiscopus
2435 699 2489 745 et
2529 700 2757 761 martyr,
2808 701 2863 747 et
2896 710 2924 748 a
2960 696 3205 764 synodo,
3256 713 3376 764 quae

1815 781 1917 834 sub
1974 796 2036 835 eo
2102 781 2227 846 l‘uit,
2272 784 2478 838 editum
2545 800 2840 852 canonem,
2888 772 2979 856 qui
3045 789 3101 841 in
3157 789 3374 843 illorum

1814 873 2106 940 praesulum
2138 873 2276 928 locis
2313 877 2688 931 tantummodo
2713 877 2869 947 juxta
2905 878 3156 932 traditam
3202 879 3269 930 ah
3295 880 3376 932 eis

1813 965 2266 1020 consuetudinem
2317 977 2565 1043 servatus
2609 979 2710 1023 est.
2756 967 2830 1023 Ex
2879 969 2982 1024 hoc
3033 969 3148 1023 loco
3189 968 3373 1038 igitur,

1814 1058 2006 1126 primis
2045 1073 2262 1128 quoque
2300 1060 2640 1130 temporibus
2675 1074 2936 1116 canonem
2984 1060 3127 1114 hunc
3170 1075 3374 1129 nequa-

1814 1164 1977 1217 quam
2007 1151 2145 1220 apud
2171 1165 2362 1205 omnes
2389 1151 2650 1214 valuisse,
2679 1152 2836 1207 facile
2863 1159 3112 1220 apparet.
3153 1151 3250 1206 llic
3275 1151 3374 1218 igi-

1814 1235 1907 1293 tur
1957 1250 2043 1296 est
2076 1249 2256 1296 textus
2293 1242 2540 1311 epistolae
2582 1259 2596 1296 :
2635 1258 2755 1311 qua:
2800 1259 2929 1297 vero
2985 1243 3039 1296 in
3101 1241 3417 1297 communi.

1814 1328 2212 1396 disceptatione
2251 1332 2396 1386 dicta
2426 1342 2552 1387 sunt
2586 1349 2615 1386 a
2653 1333 2902 1402 singulis,
2934 1334 3026 1402 qui
3082 1334 3134 1387 in
3171 1333 3380 1403 synodo

1817 1431 2205 1490 convenerant,
2237 1424 2309 1476 ita
2351 1440 2409 1478 se
2443 1426 2668 1479 habent.

2347 1515 2648 1586 Cyprianus
2679 1518 2839 1571 dixit.

1885 1601 2149 1666 Audistis,
2183 1601 2521 1656 dilectissimi
2563 1604 2872 1673 coepiscopi
2898 1645 2913 1669 ,
2954 1605 3086 1673 quid
3130 1605 3255 1658 mihi
3289 1601 3380 1656 ,Ιο-

1818 1693 2013 1748 vianus
2077 1692 2433 1766 coepiscopus
2472 1703 2678 1758 noster,
2710 1696 2775 1748 de
2801 1694 2992 1749 illicito
3034 1703 3088 1749 et
3150 1696 3375 1764 profano

1819 1786 2196 1840 haereticorum
2229 1786 2498 1855 baptismo
2519 1786 2948 1841 mediocritatem
2981 1795 3223 1841 nostram
3250 1801 3378 1839 con-

1819 1875 2039 1941 sulens,
2095 1875 2399 1945 scripserit,
2459 1889 2513 1930 et
2551 1879 2682 1947 quid
2729 1893 2828 1947 ego
2876 1879 2926 1932 ei
2981 1879 3379 1946 rescripscrim,

1813 1982 2042 2048 censen;
2074 1968 2324 2030 scilicet,
2351 1967 2493 2036 quod
2517 1969 2683 2022 semel
2722 1976 2887 2037 atque
2919 1970 3113 2022 iterum
3149 1977 3201 2022 ct
3240 1985 3382 2037 saepe

1814 2062 2156 2122 censuimus,
2184 2062 2474 2117 haereticos
2522 2063 2589 2116 ad
2633 2062 2938 2116 Ecclesiam
2981 2061 3261 2115 venientes
3290 2061 3384 2113 ha-

1813 2151 2012 2218 ptismo
2039 2151 2337 2219 (Ecclesiae)
2373 2152 2633 2220 baptizari
2658 2163 2710 2206 et
2745 2153 3077 2207 sanctiﬁcari
3108 2161 3379 2222 oportere.

1814 2241 1944 2296 item
1975 2237 2124 2296 leetae
2152 2251 2280 2295 sunt
2306 2241 2458 2296 vobis
2476 2253 2530 2296 et
2554 2244 2672 2296 alite
2695 2243 2890 2297 littera:
2910 2241 3149 2308 Joviani,
3185 2243 3384 2311 quibus

1818 2352 1926 2404 pro
1965 2351 2062 2391 sua
2099 2337 2310 2391 sincera
2347 2344 2400 2390 et
2448 2335 2700 2406 religiosa
2746 2336 3030 2390 devotione
3075 2337 3139 2388 ad
3184 2337 3385 2403 episto-

1817 2428 1925 2481 lam
1969 2436 2208 2483 nostram
2263 2426 2606 2489 rescribens,
2651 2441 2759 2479 non
2808 2434 3015 2493 tantum
3056 2425 3213 2479 nobis
3256 2441 3386 2477 eon-

1817 2521 2011 2585 sensit,
2060 2520 2154 2576 sed
2193 2521 2356 2573 etiam
2391 2519 2617 2574 veritate
2658 2520 2986 2574 instructum
3019 2533 3078 2572 se
3111 2533 3233 2572 esse
3263 2530 3388 2585 gra-

1820 2611 1921 2665 tias
1974 2611 2105 2681 egit.
2153 2609 2415 2680 Superest
2467 2610 2536 2664 de
2561 2610 2667 2666 hac
2711 2609 2825 2678 ipsa
2871 2625 2953 2673 re,
2997 2610 3126 2678 quid
3186 2609 3381 2677 singuli

1818 2705 2140 2770 sentiamus,
2194 2703 2462 2774 proferre,
2509 2699 2787 2757 neminem
2832 2702 3157 2770 judicantes.
3211 2711 3302 2754 aut
3353 2715 3382 2754 a

1813 2796 1937 2867 jure
1961 2795 2382 2860 communionis,
2405 2796 2449 2851 si
2467 2796 2744 2869 diversum
2764 2795 3017 2858 senserit,
3044 2801 3375 2847 amovcntcs.

1819 2886 2005 2958 Neque
2062 2888 2210 2943 enim
2268 2886 2916 2957 quisquamepiscopum
2969 2900 3026 2938 se
3076 2882 3384 2946 constituit,

1820 2989 1914 3032 aut
1945 2981 2230 3050 tyrannico
2278 2988 2486 3035 terrore
2522 2980 2589 3034 ad
2628 2977 2962 3047 obsequendi
3005 2975 3383 3029 necessitatem

1820 3075 2172 3142 coepiscopos
2223 3089 2356 3128 suos
2426 3074 2639 3142 adigit,
2701 3069 3136 3141 quandoquidem
3211 3067 3389 3124 omnis

1819 3163 2102 3230 epiSCOpus
2151 3168 2474 3233 potestatem
2529 3163 2692 3218 habet
2753 3163 2920 3216 libere
2987 3160 3216 3217 faciendi
3273 3174 3390 3227 quae

1822 3253 2010 3308 sentit.
2080 3253 2151 3310 Ut
2188 3257 2303 3325 ipse
2339 3256 2484 3310 enim
2531 3256 2696 3309 alium
2726 3254 2978 3321 judicare
3027 3269 3134 3308 non
3191 3261 3387 3319 potest,

1830 3348 1907 3404 sic
1950 3364 2050 3404 nec
2101 3350 2167 3404 ab
2211 3349 2317 3408 alio
2366 3349 2625 3418 iudicari.
2676 3348 2815 3401 Nam-
2873 3360 3062 3400 omnes
3113 3355 3391 3411 exspecta-

1823 3457 1946 3494 mus
1985 3441 2251 3510 judicium
2315 3439 2530 3491 Domini
2579 3439 2750 3491 nostri
2801 3437 2929 3491 Jesu
2988 3435 3237 3500 Christi,
3286 3438 3389 3503 ‘qui

1821 3532 1971 3585 solus
2030 3537 2350 3598 potestatem
2393 3528 2558 3582 habet
2581 3527 2636 3580 in
2668 3527 2907 3582 Ecclesia
2940 3542 3039 3582 sua
3070 3529 3384 3597 episcopum

1820 3623 2216 3688 constituendi,
2244 3631 2299 3677 et
2326 3628 2446 3676 acta
2475 3621 2914 3691 uniuscujusque
2960 3621 3305 3676 examinandi
3335 3629 3388 3675 ct

1815 3715 2115 3786 iudicandi.

2215 3894 2455 3949 Caecilius
2477 3892 2778 3946 Liberarius
2807 3891 2963 3944 diait.

1892 3987 2002 4059 Ego
2051 4002 2216 4042 unum
2282 3987 2552 4056 baptisma
2601 3987 2653 4040 in
2701 3985 2947 4041 Ecclesia
2983 3985 3096 4040 sola
3140 3985 3294 4047 scio,
3334 3993 3387 4038 et

1805 4089 1964 4140 ,cxtra
2017 4076 2318 4132 Eeclesiam
2367 4075 2579 4129 nullibi.
2618 4073 2692 4129 lbi
2736 4078 2880 4128 enim
2938 4082 3021 4126 est
3065 4087 3232 4126 unum
3280 4071 3388 4123 ba-

1817 4170 2038 4239 ptisma,
2103 4168 2195 4222 ubi
2245 4182 2370 4237 spes
2422 4181 2547 4221 vera
2605 4174 2658 4220 et
2702 4166 2834 4218 ﬁdes
2875 4172 3046 4216 certa.
3106 4162 3196 4215 Sic
3243 4162 3385 4214 enim

1817 4265 2077 4332 scriptum
2097 4272 2180 4318 est
2199 4278 2213 4316 :
2238 4259 2529 4328 Unci/ida,
2548 4272 2711 4309 unum
2735 4254 2997 4323 baptisma
3013 4254 3082 4306 ".
3103 4252 3219 4308 Non
3244 4255 3388 4307 enim

1818 4358 1962 4427 apud
1995 4355 2300 4416 haereticos,
2352 4351 2442 4404 ubi
2475 4363 2601 4418 spes
2633 4348 2784 4401 nulla
2817 4355 2919 4412 est,
2957 4354 3011 4402 et
3047 4348 3179 4402 ﬁdes
3222 4347 3387 4407 falsa;
3434 4332 3441 4339 ’

1816 4448 1909 4503 ubi
1955 4446 2138 4500 omnia
2188 4459 2282 4512 per
2322 4440 2667 4497 mendacium
2719 4447 2959 4508 aguntur
2987 4479 3002 4502 ,
3048 4439 3134 4493 ubi
3178 4439 3393 4494 exorci-

1817 4547 1904 4594 zat
1929 4539 2316 4600 dmmoniacus,
2350 4543 2753 4592 sacramentum
2788 4533 3102 4598 interrogat.
3143 4531 3298 4596 cujus
3325 4548 3388 4587 os

125 4638 319 4707 στόμα
349 4637 594 4709 λοιμώδη
626 4638 720 4691 καὶ
742 4632 873 4705 ίώδη
905 4631 1200 4703 φθέγγεται
1239 4647 1253 4660 ·
1283 4631 1470 4686 πίστιν
1525 4631 1582 4685 δὲ
1636 4631 1715 4684 δί-

1818 4629 2130 4700 pestilentia
2158 4638 2214 4683 et
2251 4641 2526 4683 venenosa
2573 4629 2782 4677 eructat
2814 4637 2838 4674 ι,
2892 4619 3049 4674 fidem
3083 4616 3392 4674 autem'dat
3459 4662 3474 4675 .

120 4732 302 4785 δωσιν
326 4728 577 4794 ἄπιστος,
601 4729 795 4798 ἄφεσιν
842 4723 1127 4796 ἀμαριιῶν
1165 4727 1396 4795 παρέχει
1447 4725 1713 4796 ἀμαρτω-

1822 4722 2079 4790 inﬁdelis,
2119 4722 2332 4777 veniam
2359 4718 2681 4773 delictorum
2726 4713 2918 4767 tribuit
2951 4713 3269 4777 sceleratus,
3335 4724 3391 4769 et

121 4822 247 4887 λδς,
272 4818 368 4872 καὶ
401 4820 482 4879 είς
519 4818 692 4889 ὄνομα
719 4819 957 4891 Χριστοῦ
992 4815 1281 4887 βασπτίζει
1342 4817 1709 4890 ἀντίχριστος,

122 4913 486 4982 ὑπισχνεῖται
507 4911 655 4982 ζωὴν
677 4915 894 4986 νεκρὸς,
933 4911 1159 4985 εἰρήνην
1209 4912 1431 4967 δίδωσιν
1481 4914 1709 4985 εἰρήνης

121 5005 445 5073 ἀλλότριος,
476 5000 612 5056 Θεὸν
659 5006 996 5078 ἐπικαλεῐται
1050 5002 1400 5075 βλάσφημος,
1464 5003 1711 5076 [apaula

121 5097 412 5168 κέχρηται
437 5092 664 5164 ἀσεϐής.
692 5094 757 5147 Oi
787 5079 971 5158 ἀὺτοϊς
1023 5094 1446 5167 συνηγοροῦντες
1472 5096 1713 5150 εἰπάτω·

124 5208 237 5243 σαν
260 5191 440 5244 ταῦτα
479 5188 660 5243 πάντα
695 5187 868 5257 ψευδῆ
884 5185 1026 5245 εἶναι
1058 5192 1190 5262 περὶ
1256 5189 1364 5242 τῶν
1391 5189 1710 5259 αἱρετικῶν.

135 5283 290 5334 Ἰδοὺ
321 5283 465 5336 τίσιν
496 5282 866 5351 ἀναγκάζεται
892 5285 926 5354 ἡ
992 5281 1292 5350 Ἐκκλησία
1344 5281 1706 5346 συνευδοκεῖν,

123 5373 225 5424 ἴνα
284 5375 453 5443 χωρὶς
510 5373 888 5445 βαπτίσματος
945 5376 1040 5429 καὶ
1110 5378 1359 5444 ἀφέσεως
1427 5372 1715 5443 ἁμαρτιῶν

122 5463 409 5543 τοιούτοις
437 5465 875 5539 συγκοινωνήσῃ.
930 5466 1115 5532 Ὅθεν,
1179 5465 1421 5536 ἀδελφοὶ,
1491 5463 1717 5533 φεύγειν

129 5559 238 5611 καὶ
298 5557 573 5613 ἐκκλίνειν
599 5561 911 5632 ὀφείλομεν,
941 5560 1034 5615 καὶ
1054 5562 1315 5631 χωρίζειν
1336 5560 1565 5620 ἑαυτοὺς
1607 5559 1717 5612 ἀπὸ

123 5647 409 5704 τοιούτων
467 5647 985 5723 πλημμελημάτων,
1011 5652 1104 5705 καὶ
1131 5649 1190 5704 ἐν
1248 5649 1530 5718 βάπτισμα
1558 5648 1719 5702 κατέ-

126 5759 261 5815 χειν
296 5738 360 5793 es
415 5740 580 5811 μόνον
605 5743 663 5796 ὲν
694 5745 764 5814 τῇ
806 5742 1104 5817 Ἐκκλησία
1154 5743 1246 5798 τοῦ
1273 5741 1430 5814 [Θεοῦ
1476 5740 1716 5812 δεδωρη·

130 5839 339 5910 μένον.

261 6005 316 6038 ⁸⁷
346 6006 551 6077 Ephes.
574 6020 650 6073 tv,
674 6007 706 6061 5

1823 4817 1877 4871 in
1901 4817 2126 4871 nomine
2147 4810 2350 4866 Christi
2377 4807 2620 4877 baptizat
2650 4805 3044 4867 Antichristus,
3083 4807 3247 4859 vitam
3276 4809 3394 4876 pol-

1821 4910 2018 4965 licetur
2041 4911 2308 4968 mortuus,
2333 4915 2520 4971 pacem
2542 4899 2632 4954 dat
2663 4899 3024 4969 itnpacilicus,
3045 4897 3211 4953 Deum
3241 4901 3394 4954 invo-

1819 5012 1907 5057 cat
1935 4998 2306 5069 blasphetnus,
2325 4993 2696 5051 sacerdotium
2731 4991 3076 5048 administrat
3107 4991 3392 5060 profanus.

1819 5096 2034 5158 Dicant,
2049 5092 2138 5162 qui
2160 5091 2267 5145 illis
2283 5088 2670 5160 astipulantur,
2704 5086 2818 5138 haec
2836 5085 3018 5138 omnia
3034 5084 3165 5140 falsa
3187 5101 3308 5140 esse
3329 5087 3394 5141 de

1820 5186 2108 5246 haereticis.
2125 5185 2264 5241 Ecce
2283 5183 2480 5254 quibus
2498 5177 2732 5235 Ecclesia
2753 5176 3061 5231 consentire
3079 5179 3311 5247 cogitur,
3336 5188 3396 5232 ut

1818 5283 1936 5337 sine
1956 5281 2226 5350 baptismo
2257 5293 2319 5332 ac
2334 5276 2487 5330 venia
2517 5272 2839 5326 delictorqu
2864 5286 2988 5324 cum
3025 5271 3228 5327 talibus
3251 5287 3394 5325 com-

1821 5375 2082 5433 municet.
2104 5374 2280 5439 Quam
2304 5383 2438 5430 rem,
2470 5364 2689 5429 fratres,
2725 5364 2909 5432 fugere
2927 5379 2992 5419 ac
3019 5365 3191 5420 vitare
3227 5365 3390 5419 debe-

1822 5483 1967 5531 mus,
1993 5475 2045 5520 et
2071 5481 2100 5519 a
2133 5471 2282 5518 tanto
2316 5455 2522 5512 scelere
2553 5469 2652 5508 nos
2678 5468 2954 5524 separare,
3010 5463 3063 5510 et
3101 5468 3264 5508 unum
3300 5453 3391 5503 ba-

1821 5562 2019 5633 ptisma
2067 5567 2267 5623 tenere,
2299 5549 2445 5622 quod
2480 5547 2662 5606 solum
2712 5546 2971 5606 Ecclesia
3019 5545 3118 5604 Dei
3165 5557 3393 5599 conces-

1829 5669 1947 5711 sum
1979 5659 2084 5708 est.
