3988 6352
601 503 737 566 11οἹ

970 610 1218 663 Priamus
1259 624 1291 659 a
1335 605 1592 674 Mastripa
1634 605 1790 659 dixit.

672 709 881 761 Censeo
910 701 1133 758 omnem
1174 700 1455 757 hominem
1502 699 1569 755 ab
1618 699 1812 756 haeresi
1864 695 2178 752 venientem

597 798 1006 868 baptizandum.
1054 795 1281 851 Frustra
1316 795 1462 850 enim
1507 793 1618 868 illic
1660 802 1814 864 putat
1837 807 1960 848 esse
2006 789 2182 858 bapti-

602 903 804 958 zatum,
858 905 986 946 cum
1036 903 1146 944 non
1196 888 1265 943 sit
1308 887 1415 943 nisi
1465 903 1633 941 unum
1669 886 1940 957 baptisma
1987 884 2044 938 in
2074 882 2181 944 Ec-

604 985 771 1040 clesia
813 984 930 1040 sola
965 1001 978 1038 :
1015 983 1144 1052 quia
1177 992 1230 1036 et
1257 979 1404 1036 Deus
1432 995 1573 1035 unus
1607 988 1664 1035 et
1685 977 1953 1049 baptisma
1987 989 2185 1038 unum,

602 1087 656 1131 et
684 1076 926 1130 Ecclesia
957 1089 1086 1137 una,
1134 1073 1191 1127 in
1233 1087 1342 1142 qua
1374 1071 1647 1140 baptisma
1692 1079 1744 1125 et
1795 1066 2180 1128 sanctiﬁcatio,

604 1182 658 1223 et
689 1182 1034 1238 quaecunque
1083 1166 1193 1221 alia
1237 1165 1317 1230 ad
1352 1166 1586 1220 salutem
1619 1172 1674 1220 et
1705 1163 1873 1218 vitam
1921 1171 2184 1216 aeternam

607 1271 874 1332 spectant,
930 1259 1312 1332 perﬁciuntur.
1357 1258 1492 1312 Nam
1540 1274 1662 1327 quae
1698 1267 1851 1312 extra
1882 1253 2184 1310 Ecclesiam

607 1362 953 1419 exercentur,
996 1353 1207 1407 nullum
1239 1351 1438 1406 habent
1469 1351 1664 1405 salutis
1691 1349 1969 1403 effectum.

929 1444 1267 1513 Polycarpus
1295 1442 1358 1494 ab
1395 1443 1684 1495 Adrumeto
1706 1441 1869 1496 dixit.

672 1537 774 1604 Qui
816 1538 1198 1593 haereticorum
1233 1536 1505 1605 baptisma
1533 1536 1790 1604 probant,
1821 1542 2069 1589 nostrum
2101 1547 2189 1588 re-

609 1631 842 1704 probum
869 1628 1132 1684 elliciunt.

917 1720 1160 1776 Novatus
1193 1739 1224 1775 α
1250 1720 1849 1781 Τήαηηυῡαεὶίὶωὶίπὶι.

683 1810 837 1867 Licet
877 1813 1123 1868 sciamus
1167 1827 1384 1866 omnem
1433 1811 1774 1880 Scripturam
1812 1808 2192 1866 testimonium

616 1904 844 1961 reddere
885 1904 954 1959 de
991 1905 1216 1960 salutari
1249 1904 1521 1975 baptismo
1557 1922 1569 1957 :
1605 1905 1870 1960 debemus
1906 1914 2087 1960 tamen
2126 1903 2193 1957 tie

1869 490 2151 554 TllEUD.
2189 481 2592 546 BALSAMON

2202 601 2250 652 Δ

3738 464 3857 532 1108

2559 588 2820 658 Πρίαμος
2851 585 2968 640 ἀπὸ
2997 581 3346 649 Μαστρίτης
3384 573 3543 634 εἶπε.

2357 681 2684 754 Δογματίξω
2717 681 2894 736 πάντα
2925 679 3213 748 ἄνθρωπον
3243 674 3353 727 ἀπὸ
3404 672 3685 743 αἱρέσεως
3714 668 3853 738 ἐρχό-

2289 794 2451 848 μενον
2490 776 2602 829 δεῖν
2663 769 3045 844 βαπτίζεσθαι.
3101 767 3298 835 Μάτην
3350 762 3460 834 γὰρ
3531 760 3700 816 αὐτὸν
3761 762 3858 812 ἐκεῖ

2287 867 2680 940 βεϐαπτίσθαι,
2706 865 2780 934 μὴ
2816 863 2969 926 ὄντος
3014 861 3063 913 εί
3095 858 3171 930 μὴ
3218 857 3340 918 ἐνὸς
3395 853 3777 926 βαπτίσματος
3814 854 3859 902 ἐν

2293 967 2363 1035 τῇ
2392 959 2690 1032 Ἐκκλησία
2725 961 2862 1030 μόνῃ
2882 976 2897 991 ο
2923 958 3047 1011 ἐπεὶ
3085 949 3231 1010 καῖὸ
3254 951 3387 1015 Θεὸς
3452 947 3558 1014 εἷς,
3623 950 3721 1003 καὶ
3779 947 3860 1016 βάς

2291 1071 2506 1126 πτισμα
2536 1053 2616 1118 ἐν,
2645 1053 2740 1106 καὶ
2784 1050 3083 1121 Ἐκκλησία
3115 1048 3239 1118 μία,
3270 1048 3330 1100 ἐν
3479 1043 3543 1095 τὸ
3593 1041 3860 1113 βάπτισμα

2293 1149 2389 1205 καὶ
2421 1149 2449 1200 δ
2483 1145 2759 1217 ἁγιασμὸς
2811 1145 2909 1199 καὶ
2944 1127 3046 1198 ὅσα
3079 1141 3218 1198 ἄλλα
3282 1141 3365 1201 είς
3437 1135 3724 1215 σωτηρίαν
3786 1134 3861 1184 καὶ

2292 1244 2375 1307 είς
2403 1242 2547 1313 ζωὴν
2577 1238 2798 1295 αἰώνιον
2823 1236 3179 1291 ἐπιτελεῖται.
3211 1232 3294 1286 Τά
3320 1232 3427 1300 γὰρ
3481 1228 3592 1293 ἐξω
3624 1228 3722 1296 τῆς
3757 1226 3859 1278 Ἐκ-

2293 1337 2524 1410 κλησίας
2552 1335 2816 1404 γινόμενα
2851 1334 2932 1396 εἰς
2950 1330 3104 1384 οὐδὲν
3130 1327 3339 1382 τούτων
3361 1325 3709 1391 ἀφικνεῖται.

2510 1429 2912 1510 Πολύχαρπος
2955 1421 3356 1490 Ἀδραμέντου
3381 1416 3578 1472 εἶπεν.

2366 1524 2428 1576 Oi
2454 1521 2515 1574 τὺ
2539 1521 2649 1574 τῶν
2680 1507 2974 1589 αίβετικῶν
3018 1516 3306 1586 βάπτισμα
3361 1508 3760 1580 δοκιμάζοντες
3818 1507 3863 1558 τὸ

2294 1614 2567 1686 ἡμέτερον
2597 1613 2858 1682 ἀδόκιμον
2885 1608 3123 1664 ποιοῦσι.
3215 1596 3218 1600 ’

2434 1699 2740 1770 Νὸυϐἀτος
2758 1703 2879 1758 ἀπὸ
2919 1696 3453 1761 Θαννουόασιλέως
3482 1690 3692 1748 εἶπεν.

2369 1801 2552 1854 Πᾶσαι
2585 1797 2644 1851 αί
2680 1796 2895 1866 Γραφαὶ
2933 1789 3276 1864 μαρτυροῦσι
3313 1789 3445 1859 περὶ
3499 1786 3626 1847 ἐνὸς
3669 1784 3758 1838 καὶ
3791 1783 3862 1852 μό·

2300 1910 2394 1946 νου
2428 1891 2523 1944 τοῦ
2559 1891 2619 1944 ἐν
2639 1891 2705 1959 τῇ
2768 1885 3068 1956 Ἐκκλησία
3127 1882 3509 1954 βαπτίσματος
3570 1877 3862 1945 σωτηρίου·

614 1997 736 2050 dem
770 2001 1014 2050 nostram
1045 1994 1212 2066 369
1235 1996 1564 2065 exprimere,
1596 1995 1955 2049 uthzereticos
1971 2004 2024 2050 et
2053 1992 2203 2049 schi-

2312 1985 2595 2054 ὄφειλομεν
2763 1979 3042 2051 ἡμετέραν
3114 1977 3301 2028 πίστιν
3344 1973 3716 2043 ὁμολογῆσαι,
3796 1969 3864 2020 ἵνα

615 2086 876 2142 smatieos
900 2089 968 2140 ad
1000 2085 1300 2142 Ecclesiam
1335 2088 1636 2152 venientes,
1654 2096 1776 2156 post
1793 2085 1989 2140 falsum
2008 2098 2200 2140 eorum

617 2177 892 2245 baptisma
945 2192 1079 2233 vero
1142 2180 1505 2250 baptizemus.
1553 2180 1786 2250 ideoque
1828 2194 2042 2243 omnes,
2110 2176 2200 2247 qui

615 2269 744 2323 inde
781 2269 847 2323 ad
873 2268 1174 2326 Ecclesium
1226 2274 1478 2328 conversi
1519 2279 1682 2337 sunt,
1719 2271 1836 2341 ipse
1889 2269 2198 2341 baptizavi,

615 2369 668 2412 et
721 2360 1036 2432 quicunque
1099 2378 1163 2418 ex
1208 2365 1356 2420 clero
1394 2364 1631 2420 ordinati
1677 2363 2008 2419 videbantur
2058 2363 2202 2417 inter

617 2452 786 2509 lauicos
822 2454 1018 2525 recepi.

959 2545 1311 2602 Nemesianus
1343 2566 1375 2602 α
1402 2547 1671 2603 Thubunis
1698 2549 1856 2605 dixit.

689 2633 990 2705 Baptisma,
1037 2639 1183 2708 quod
1235 2641 1329 2694 dat
1377 2642 1668 2697 haereticus
1698 2651 1751 2698 et
1780 2643 2198 2706 scliismatieus,

623 2741 732 2782 non
761 2742 887 2783 esse
919 2743 1135 2798 verum,
1183 2730 1387 2801 ubique
1421 2734 1477 2788 in
1516 2734 1817 2805 Scripturis
1868 2738 2076 2794 sanctis
2102 2737 2199 2790 de-

625 2821 890 2873 ('laratum
927 2828 1017 2876 est.
1047 2839 1061 2877 :
1096 2825 1358 2892 quoniam
1409 2826 1511 2895 ipsi
1544 2828 1826 2898 praepositi
1853 2843 2044 2884 eorum
2077 2828 2202 2884 falsi

623 2908 820 2963 cbristi
851 2917 1070 2966 suntet
1108 2911 1226 2967 falsi
1260 2915 1562 2984 prophetae.

1061 3001 1357 3056 Ianuarius
1391 3022 1424 3057 a
1452 3005 1601 3059 Laba
1626 3008 1782 3063 dixit.

695 3092 1009 3148 Secundum
1084 3094 1498 3165 Seripturarum
1563 3109 1888 3156 sanctarum
1963 3105 2206 3158 auctori-

623 3194 790 3238 tatem
823 3184 1062 3240 decerno
1092 3189 1382 3246 hmreticos
1414 3205 1606 3249 omnes
1633 3193 2016 3282 baptizandos.
2039 3205 2092 3251 et
2123 3199 2203 3254 sic

626 3279 679 3332 in
714 3278 1016 3333 Ecelesiam
1055 3293 1300 3335 sanctam
1333 3278 1733 3344 admittendos.

959 3371 1155 3427 Lucius
1187 3391 1219 3427 a
1246 3376 1599 3446 Castragalba
1632 3382 1793 3439 dixit.

699 3466 964 3523 Dominus
993 3468 1044 3522 in
1075 3469 1371 3541 Evangelia
1398 3471 1570 3526 dixit:
1626 3472 1725 3528 Vos
1751 3477 1878 3529 estis
1905 3480 1988 3531 sat
2012 3488 2206 3533 teme:

630 3556 678 3608 si
709 3567 884 3609 autent
915 3557 1000 3611 sal
1050 3560 1375 3630 infamatum
1417 3564 1600 3632 fuerit,
1648 3568 1704 3620 in
1745 3585 1847 3634 qua
1877 3570 2210 3625 satietur"?

627 3648 764 3699 Cum
819 3647 986 3717 igitur
1048 3652 1405 3708 manifestum
1464 3659 1537 3712 sit
1615 3659 1948 3727 haereticos,
2007 3663 2060 3716 id
2126 3673 2209 3719 est

630 3740 822 3793 hostes
877 3739 994 3805 Dei,
1030 3756 1137 3795 non
1176 3758 1340 3810 posse
1389 3761 1722 3816 quemquam
1773 3752 2046 3818 Spirituali
2081 3769 2213 3808 con~

630 3829 868 3884 t’essione
931 3832 1231 3896 viviticare,
1291 3835 1439 3903 quod
1497 3835 1755 3892 infatuati
1797 3843 1908 3895 sint
1944 3853 2000 3895 et
2051 3852 2206 3897 extra

634 3920 936 3975 licclesiam
967 3939 979 3987 ;
1029 3926 1354 3987 accedentes
1390 3941 1488 3983 eos
1516 3939 1710 3985 saneto
1744 3931 2073 4001 baptismate
2113 3937 2210 3992 ba-

637 4009 843 4077 ptizare
874 4010 1159 4068 debemus.

1081 4195 1328 4251 Crescens
1363 4212 1393 4248 a
1425 4194 1582 4251 Creta
1611 4197 1767 4253 dixit.

709 4289 924 4346 Censeo
946 4301 1001 4346 et
1024 4292 1140 4362 ipse
1174 4291 1465 4347 haereticos
1492 4302 1547 4365 et
1574 4293 1983 4360 sehismatieos,
2017 4297 2112 4365 qui
2149 4299 2213 4351 ad

636 4384 966 4438 catholicam
1032 4385 1334 4439 Ecelesiam
1367 4387 1642 4441 voluerint
1675 4388 1884 4454 venire,
1943 4404 2048 4442 non
2093 4398 2218 4444 ante

637 4477 1002 4547 recipiendos,
1049 4491 1212 4545 quam
1250 4481 1544 4533 exorcizati
1591 4491 1645 4535 et
1676 4484 1938 4554 baptizati
1969 4483 2214 4549 fuerint;

639 4569 882 4638 exceptis
913 4570 1000 4637 iis,
1032 4570 1124 4641 qui
1156 4571 1208 4623 in
1241 4568 1484 4625 Ecclesia
1535 4570 1739 4624 fuerint
1779 4587 1902 4630 ante
1931 4577 2215 4646 baptizati,

2231 3301 2279 3364 (ἶ

2302 2081 2430 2141 τοὺς
2472 2075 2788 2147 αίρετικοὺς
2816 2075 2914 2126 καὶ
2950 2067 3351 2140 σχισματικοὺς
3402 2061 3863 2134 προσερχομένοιές

2302 2175 2369 2243 τῇ
2422 2168 2725 2238 Ἐκκλησία
2764 2166 2903 2237 μετὰ
2931 2163 2994 2216 τὸ
3049 2163 3239 2233 ψευδὲς
3314 2158 3545 2212 ἐκείνων
3608 2155 3862 2225 βάπτισμα

2303 2265 2383 2335 τῷ
2419 2262 2614 2331 ἀληθεῖ
2642 2259 3020 2330 βαπτίσωμεν.
3054 2255 3167 2309 Καὶ
3226 2253 3314 2306 διὰ
3390 2249 3553 2303 τοῦτο
3602 2247 3717 2317 ἐγὼ
3769 2247 3865 2303 τοὺς

2303 2357 2515 2410 ἐκεῖθεν
2547 2354 2800 2415 ἐλθόντας
2834 2351 3046 2411 πάντας
3084 2346 3382 2409 ἐϐάπτισα,
3466 2342 3564 2395 καὶ
3620 2342 3746 2402 τοὺς
3782 2339 3864 2391 ἀπὸ

2305 2449 2510 2518 κλήρου
2558 2445 2741 2498 αὐτῶν
2768 2442 2992 2502 λαῑκοὺς
3022 2440 3247 2507 ἐστησα.

2540 2535 2918 2608 Νεμεσιαγὸς
2951 2533 3069 2588 ἀπὸ
3103 2530 3461 2585 Θουὸούνων
3487 2523 3646 2580 εἶπε.

2371 2633 2671 2700 Βάπτισμα
2703 2630 2732 2682 ὃ
2759 2628 2976 2682 δίδωσιν
3016 2623 3290 2696 αἱρετικὸς
3368 2620 3469 2674 καὶ
3529 2614 3866 2688 σχισματικδς

2312 2725 2388 2798 μὴ
2422 2719 2565 2777 εἶναι
2590 2721 2790 2792 ἀληθὲς
2822 2722 2996 2773 πᾶσαι
3064 2717 3120 2769 αἱ
3190 2714 3410 2785 Γραφαὶ
3465 2708 3826 2782 μαρτυροῦσιν

2308 2821 2432 2873 ἐπεὶ
2465 2817 2622 2871 αὐτοὶ
2659 2817 2707 2868 oi
2744 2812 3089 2884 προεστῶτες
3117 2808 3302 2862 αὐτῶν
3361 2803 3748 2877 ψευδόχριστοί
3785 2800 3868 2850 εἰσι

2309 2915 2404 2969 καὶ
2429 2909 2908 2984 ψευδοπροφῆται.

2552 2999 2956 3068 ἰαννουάριος
2985 2995 3106 3052 ἀπὸ
3143 2991 3346 3062 Λαϐῆς
3370 2988 3532 3050 εἶπε.

2382 3093 2541 3148 Κατὰ
2578 3092 2647 3144 τὰ
2682 3090 3086 3161 προστάγματα
3115 3087 3227 3139 τῶν
3255 3084 3429 3154 ἁγίων
3458 3081 3699 3154 Γραφῶν
3727 3076 3868 3148 κρὶνω

2307 3185 2419 3239 δεῖν
2483 3184 2693 3246 πάντας
2745 3182 2872 3245 τοὺς
2953 3180 3270 3251 αἱρετικοὺς
3352 3172 3742 3247 βαπτίζεσθαι,
3795 3168 3870 3221 καὶ

2308 3279 2480 3342 οὕτως
2517 3278 2600 3340 είς
2623 3277 2722 3348 τὴν
2768 3276 2939 3342 άγίαν
2983 3272 3317 3340 Ἐκκλησίαν
3349 3265 3779 3339 προσδέχεσθαι.

2543 3369 2794 3432 Λούκιος
2815 3368 2932 3421 ἀπὸ
2971 3360 3446 3433 Γαστρογαλόἦς
3473 3355 3668 3414 εἶπεν.

2391 3463 2449 3516 ⁸0
2484 3462 2689 3531 Κύριος
2716 3459 2774 3512 ἐν
2802 3459 2879 3526 τῷ
2911 3456 3232 3527 Εὑαγγελίῳ
3279 3456 3450 3526 φησίν
3484 3470 3500 3485 ·
3539 3453 3728 3523 Ὑμεῖς
3754 3435 3871 3506 ἐστε

2311 3559 2377 3613 τὸ
2412 3557 2566 3622 ἅλας
2587 3555 2699 3624 τῆς
2749 3553 2860 3624 ΙΓῆς
2884 3568 2900 3585 ⁶
2933 3552 3041 3606 ἐὰν
3073 3551 3141 3605 δὲ
3175 3552 3243 3604 τὸ
3317 3550 3472 3617 ἅλοις
3493 3545 3796 3620 μωρανθῇ,
3820 3544 3872 3595 ἐν

2312 3651 2901 3716 ττνιᾴλισθήσεται;
2970 3647 3133 3702 ὁπότε
3199 3640 3294 3700 οὖν
3363 3645 3538 3712 σαφές
3611 3645 3728 3696 ἐστι
3769 3639 3872 3698 τοὺς

2312 3744 2652 3811 αίρετικοὺς,
2691 3742 2978 3795 τουτέστιν
3001 3738 3236 3810 ἐχθροὺς
3307 3737 3403 3791 τοῦ
3443 3735 3604 3799 Θεοῦ,
3671 3735 3743 3803 μὴ
3783 3732 3873 3782 δεῖν

2315 3834 2577 3887 δύνασθαι
2614 3833 2954 3901 ζωοποιῆσαί
2985 3848 3108 3883 τινα
3181 3830 3534 3898 πνευματικῇ
3608 3822 3870 3897 ὁμολογίᾳ,

2322 3927 2712 3999 μωρανθέντας
2756 3924 2959 3987 αὐτοὺς
3001 3922 3096 3976 καὶ
3142 3920 3248 3988 ἔξω
3271 3922 3433 3984 ὄντας
3467 3920 3608 3990 (τῆς
3671 3917 3873 3982 Ἐκκλη·

2316 4017 2460 4079 σίας,
2491 4015 2632 4086 ἁγίῳ
2655 4013 2995 4086 βαπτίσματι
3025 4010 3314 4084 βαπτίζειν
3339 4012 3542 4076 αὐτοὺς
3566 4010 3874 4082 ἐρχομένους

2317 4108 2628 4179 ὀφείλομεν.

2672 4203 2944 4274 ιιζοίσκης
2981 4201 3101 4260 ἀπὸ
3124 4199 3363 4270 Κρήτης
3390 4196 3545 4254 εἶπε.

2390 4293 2502 4345 Καὶ
2530 4294 2692 4357 αὐτὸς
2736 4299 2860 4357 τοὺς
2899 4294 3237 4364 ἀίρετικοὺς
3331 4290 3429 4344 καὶ
3480 4288 3871 4360 σχισματικοὺς,

2319 4385 2523 4437 ὁπόταν
2560 4386 2640 4448 είς
2663 4386 2762 4456 τὴν
2803 4387 3138 4456 Ἐκκλησίαν
3172 4385 3273 4453 τὴν
3301 4382 3608 4452 καθολικὴν
3677 4381 3870 4441 ἔλθωσι,

2324 4477 2400 4549 μὴ
2441 4476 2706 4548 πρότερον
2736 4478 3019 4550 δεχθῆναι,
3060 4477 3193 4549 πρὶν
3219 4474 3584 4546 ἐξορκισθῶσι
3661 4478 3752 4528 καὶ
3790 4474 3869 4544 βα-

2324 4569 2614 4635 πτισθᾶηι,
2658 4571 2830 4641 χωρὶς
2853 4571 3081 4625 ἐκείνων
3129 4568 3240 4622 τῶν
3263 4569 3330 4639 τῇ
3377 4565 3678 4639 Ἐκκλησία
3704 4567 3873 4637 βαπτι-

585 4695 588 4699 -
640 4667 694 4713 et
724 4660 793 4715 ab
831 4676 894 4714 ea
929 4661 1255 4717 defecerint.
1286 4660 1346 4715 lli
1384 4660 1528 4715 enim
1562 4659 1945 4730 pmnitentiam
1989 4675 2203 4734 agente:

2328 4664 2564 4719 σθέντων
2596 4667 2689 4719 καὶ
2728 4667 3088 4721 ἀποστάντων
3119 4679 3136 4697 ο
3167 4656 3315 4717 οὗτοι
3350 4661 3462 4730 γὰρ
3487 4660 3761 4732 ὀφείλουσι
3798 4675 3875 4730 με·

639 4769 739 4823 per
770 4767 1030 4808 manuum
1061 4757 1469 4825 imposilionem
1519 4755 1691 4812 solam
1727 4754 1984 4811 Ecclesia:
2028 4775 2221 4814 recon-

640 4845 816 4901 ciliari
855 4843 1081 4903 debent.

988 4939 1040 4994 Ν
1048 4941 1309 4996 icomedes
1339 4961 1372 4996 α
1400 4945 1702 5017 Sergemeis
1731 4949 1893 5004 dixit.

709 5031 829 5086 Mea
879 5032 1153 5088 sententia
1205 5034 1323 5088 haec
1352 5045 1478 5089 est:
1536 5038 1606 5092 Ut
1645 5042 1887 5098 heretici
1928 5045 1993 5101 ad
2028 5043 2219 5099 Eccle-

641 5123 779 5177 siam
830 5127 1113 5184 venientes
1135 5126 1494 5198 .baptizentur
1536 5143 1603 5183 eo
1645 5135 1792 5198 quod
1837 5139 2040 5191 nullam
2082 5135 2216 5190 foris

643 5227 994 5285 peccatorum
1048 5221 1432 5278 remissionem
1465 5224 1746 5278 consecuti
1797 5226 1906 5280 sint
1941 5230 2011 5283 ab
2045 5230 2219 5283 luere-

642 5308 768 5364 ticis
796 5307 1078 5379 baptizati.

991 5401 1353 5460 Secundiauus
1381 5425 1411 5460 α
1445 5407 1704 5463 Carindia
1732 5409 1892 5462 dixit.

711 5494 851 5550 Cum
904 5493 1168 5551 Dominus
1195 5508 1382 5554 noster
1409 5500 1568 5556 Jesus
1595 5504 1851 5558 Christus
1884 5502 2032 5557 dicat
2065 5520 2077 5556 :
2118 5503 2221 5567 Qui

643 5602 746 5641 non
771 5597 850 5641 εει
893 5602 1117 5649 τηεεωη,
1149 5597 1337 5642 contra
1367 5609 1446 5645 me
1475 5603 1590 5658 est;
1623 5603 1676 5648 οι
1716 5593 1959 5654 Joannes
2003 5603 2221 5662 DPUSIO-

645 5678 732 5733 lus
774 5695 894 5744 eos,
941 5679 1033 5749 qui
1064 5678 1132 5732 ab
1169 5677 1413 5734 Ecclesia
1464 5694 1685 5750 exeunt,
1745 5687 2102 5743 antichristus
2142 5686 2225 5740 di-

2319 4761 2685 4828 τανοήσαντες
2725 4759 3073 4832 χειροθεσίας
3108 4755 3284 4836 μόνης
3310 4757 3520 4826 τυχεῖν.

2550 4940 2891 5009 Νικομήδης
2930 4940 3048 4995 ἀπὸ
3072 4939 3417 5010 Σεργομέων
3441 4954 3635 4996 εικεν.

2404 5035 2473 5088 Ἥ
2502 5034 2610 5104 ἐμὴ
2633 5033 2908 5103 ἀπόφασις
2935 5032 3074 5101 αὕτη
3098 5031 3247 5087 ἐστίν
3278 5049 3295 5067 ο
3362 5033 3486 5087 Ἵνα
3543 5036 3591 5087 oi
3635 5022 3871 5099 αἱρετικοὶ

2325 5129 2393 5200 τῇ
2439 5127 2738 5199 Ἐκκλησία
2798 5124 3232 5196 προσερχόμενοι
3325 5125 3738 5197 βαπτισθῶσιν·
3773 5114 3872 5170 ἐπεὶ

2330 5219 2599 5290 μηδεμίαν
2626 5220 2730 5285 ἔξω
2761 5221 2959 5288 άφεσιν
2993 5217 3276 5288 ἁμαρτιῶν
3301 5219 3593 5289 είλήφασιν
3658 5209 3756 5266 ὑπὸ
3783 5209 3870 5262 τῶν

2330 5314 2621 5384 αἱρετικῶν
2679 5311 3092 5385 βαπτισθέντες.

2495 5403 2935 5471 Σεκουνδιανὸς
2955 5404 3074 5459 ἀπὸ
3113 5402 3440 5472 Καρινδίας
3475 5394 3666 5454 εἶπεν.

2400 5503 2523 5557 Ὀτι
2546 5503 2575 5556 ὁ
2606 5501 2814 5575 Κύριος
2840 5499 3000 5569 ἡμῶν
3054 5498 3264 5570 Ἰησοῦς
3313 5493 3555 5565 Χριστὸς
3597 5494 3734 5562 λέγει
3763 5509 3777 5525 ο
3826 5489 3866 5540 '0

2322 5596 2406 5665 μὴ
2428 5595 2648 5665 (ὒν-μετ’
2691 5591 2839 5663 ἐμοῦ
2873 5592 3007 5646 κατ’
3037 5588 3184 5659 ἐμοῦ
3213 5587 3348 5640 ἐστι
3380 5601 3397 5616 ⁶
3431 5585 3525 5639 καὶ
3596 5587 3820 5652 Ἰωάννης
3844 5579 3864 5629 δ

2326 5691 2624 5752 ἀπόστολος
2662 5689 2788 5750 τοὺς
2816 5682 3209 5756 ἐξερχομένους
3236 5681 3340 5750 τῆς
3397 5679 3719 5751 Ἐκκλησίας
3743 5678 3862 5730 dva-

646 5781 769 5836 cat;
817 5773 1159 5844 impossibile
1212 5775 1356 5828 enim
1408 5785 1510 5839 εει,
1559 5787 1616 5830 ut
1655 5779 1755 5849 ipsi
1801 5784 1989 5850 gratiae
2030 5781 2123 5836 Dei
2169 5797 2197 5835 ο

2330 5784 2583 5855 χρίστους
2614 5779 2894 5851 ὀνομάζει.
2974 5771 3264 5827 Ἀδύνατον
3319 5772 3427 5846 γάρ
3488 5774 3640 5830 ἐστιν
3701 5769 3863 5824 αὐτους

756 5954 797 5984 οι
818 5955 1008 6010 uauh.
1050 5973 1101 6025 ν,
1147 5957 1230 6011 ιδ.
