3988 6352
116 449 265 516 1109

1247 461 1322 523 IN
1355 462 1522 525 CAN.
1571 453 1835 524 1coNc.
1884 451 2273 537 CARTl-IAG.

3235 480 3377 545 1110

106 569 464 639 ὑπηρετῆσαι
495 572 682 642 χάριτι
713 572 854 628 Θεοῦ
883 574 980 629 καὶ
1011 575 1264 648 σωτηρίῳ
1298 577 1645 648 βαπτίσματι
1671 592 1681 607 ·

1797 584 2017 642 salutari
2057 589 2336 659 baptismo
2377 591 2724 649 inserviant:
2761 595 2825 652 ἐι
2868 597 2989 656 ideo
3017 614 3217 660 censeo
3256 620 3374 664 eos.

103 661 206 713 καὶ
244 661 334 714 διὰ
358 664 518 718 τοῦτο
551 668 722 736 κρίνω
777 667 904 730 τοὺς
957 670 1026 738 τῇ
1093 667 1394 740 Ἐκκλησία
1461 671 1695 741 προσελι

105 751 312 820 οόντας
338 755 708 828 βαπτισθῆναι
744 761 876 830 παρ’
903 760 1081 831 ἡμῶν.

450 847 641 918 Φῆλιξ
667 852 786 906 ἀπὸ
814 853 1100 921 Γαμετῶν
1123 849 1315 908 εἶπεν.

189 941 282 1005 Ὧς
315 940 511 1008 τυφλὸς
545 944 747 1012 τυφλὸν
772 933 981 1014 ὁδηγῶν
1012 946 1129 1015 ἅμα
1157 947 1236 1010 είς
1269 946 1459 1019 βόθρον
1486 950 1694 1019 ἐμπίπ-

97 1049 200 1085 του
209 1051 316 1100 σιν,
339 1033 511 1098 οὕτως
526 1037 800 1105 αἱρετικὸς
815 1037 1092 1107 αἱρετικὸν
1118 1037 1392 1107 βαπτίζων
1404 1040 1479 1112 τῷ
1499 1042 1692 1112 βαπτι-

100 1123 324 1195 ζομένῳ
356 1127 809 1198 συναποθνήσκει.
837 1130 944 1183 Καὶ
979 1129 1068 1184 διὰ
1096 1130 1258 1184 τοῦτο
1283 1132 1412 1200 παρ’
1439 1136 1571 1202 ἡμῖν
1601 1136 1692 1188 τὸν

100 1215 387 1284 αἱρετικδν
429 1218 933 1289 βαπτισθῆναίδεῖ,
980 1223 1066 1276 (va.
1100 1223 1176 1295 μὴ
1221 1226 1384 1296 ἡμεῖς
1415 1229 1463 1280 οί
1487 1227 1691 1292 ζῶντες

107 1311 332 1378 νεκροῖς
362 1313 591 1379 κοινωνή
601 1329 803 1382 σωμεν.

212 1401 570 1469 Σουκέντιος
590 1403 713 1457 ἀπὸ
760 1406 1310 1480 Ἀϐιργεμανικιανῆ
1316 1433 1346 1477 ς
1364 1408 1556 1468 εἶπεν.

177 1492 542 1566 Δίρετικοῖςῆ
575 1496 728 1551 οὐδὲν
759 1498 996 1566 ἔξεστιν,
1037 1505 1069 1573 ἢ
1113 1505 1314 1560 πάντα.
1338 1506 1401 1559 Εί
1431 1507 1685 1561 δύνανται

102 1581 392 1650 ﬂaminia...
456 1587 714 1645 δύνανται
774 1595 867 1646 καὶ
944 1595 1170 1666 Πνεῦμα
1229 1596 1386 1667 ἅγιον
1478 1600 1685 1656 δοῦναι.

116 1674 274 1731 Ἐπει
295 1676 350 1732 δε
383 1678 458 1748 μὴ
481 1679 721 1750 ἔχουσιν,
757 1684 878 1739 οὐδὲ
903 1688 1290 1755 πνευματικῶς
1321 1691 1647 1760 βαπτίζουσι
1670 1708 1683 1722 ⁶

103 1765 203 1818 καὶ
233 1767 321 1820 διὰ
358 1768 521 1825 τοῦτο
545 1773 717 1840 κρίνω
746 1775 862 1828 δεῖν
935 1777 1062 1840 τοὺς
1117 1779 1432 1850 αίρετικοὺς
1489 1783 1685 1854 βαπτί-

97 1853 312 1917 ζεσθαι.

277 1952 695 2021 Φορτουνάτος
727 1957 845 2014 ἀπὸ
869 1962 1226 2032 Θουκναϐὧρ
1252 1961 1423 2020 εἷπεν
1447 1984 1459 1997 ·

170 2039 234 2093 Οί
258 2039 362 2108 ἔξω
391 2045 495 2114 τῆς
532 2047 858 2120 Ἐκκλησίας
880 2052 1035 2117 ὄντες
1062 2056 1297 2112 ἐναντίοι
1325 2060 1402 2128 τῷ
1433 2063 1672 2133 Χριστῷ,

90 2130 173 2194 ὡς
205 2133 275 2186 τὰ
307 2137 559 2206 πρόϐατα
599 2142 692 2194 καὶ⁴
723 2143 825 2214 τὴν
863 2145 1066 2216 ἀγέλην
1121 2149 1290 2204 αὐτοῦ
1347 2130 1676 2224 σκορπίζον-

91 2234 212 2291 τες,
242 2225 525 2296 βαπτίζειν
559 2233 664 2299 ἔξω
701 2235 763 2289 οὐ
803 2236 1084 2293 δύνανται.

443 2325 712 2392 Θήδατος
746 2329 864 2382 ἀπὸ
896 2331 1170 2400 Θουρϐῶν
1198 2337 1350 2390 εἶπε.

167 2406 326 2480 [Idan
363 2405 594 2482 δυνάμει
629 2416 965 2483 ἀγωνιστέον
997 2422 1083 2476 ἵνα
1115 2427 1189 2493 μὴ
1218 2426 1246 2479 ὁ
1277 2427 1376 2497 τὴν
1430 2431 1540 2484 τῶν
1591 2433 1676 2490 ai-

98 2502 337 2595 ρετικῶν
367 2504 578 2578 πλάνην
633 2510 793 2576 ἀφεὶς
851 2514 910 2568 τὸ
984 2517 1147 2585 μόνον
1171 2521 1270 2590 τῆς
1340 2523 1674 2595 Ἑκκλησίας

99 2590 387 2686 ﬁsa-1‘3"“
427 2597 656 2672 διστάσΐί
705 2604 913 2671 λαϐεῖν’
1003 2602 1047 2676 ᾧ
1086 2629 1169 2674 τις
1227 2615 1301 2685 μὴ
1353 2590 1676 2686 βαπτισθεὶς

88 2680 476 2755 ἀλλοτριοῦται
514 2695 615 2763 τῆς
645 2695 756 2749 τῶν
783 2699 1030 2769 οὐρανῶν
1061 2680 1362 2773 βασιλείαςξ

300 2782 705 2854 Προϐατιανὸς
744 2790 861 2845 ἀπὸ
903 2797 1192 2864 Σοφετίης
1207 2793 1398 2858 εἶπεν.

169 2863 373 2963 Είᾲὰπδ
402 2872 538 2929 Θεοῦ
574 2881 606 2949 ἡ
639 2880 853 2950 αἵρεσίς
885 2885 1058 2950 ἐστιν,
1106 2888 1219 2953 ἕξει
1255 2893 1536 2963 αίρετικδς
1577 2900 1673 2952 καὶ

91 2957 509 3033 δωρεὰνθθεοῦο
544 2971 593 3021 εί
617 2971 675 3024 δὲ
705 2975 779 3042 μή
823 2977 973 3029 ἐστιν
1000 2979 1108 3032 ἀπὸ
1154 2957 1332 3050 Θεοῦ,
1363 2987 1480 3050 πῶς
1510 2957 1670 3041 δύνα-

89 3067 183 3195 ἓιι
211 3053 374 3120 αὐτὸς
413 3057 675 3133 ἔχειντὴν
708 3065 870 3136 χάριν
915 3071 1009 3122 τοῦ
1057 3071 1195 3126 Θεοῦ
1253 3076 1347 3130 καὶ
1390 3079 1535 3147 ἄλλῳ
1594 3080 1673 3133 δι-

153 3161 287 3195 vat:

153 3161 287 3215 vat;

409 3243 763 3314 Μωούαλος
789 3250 908 3304 ἀπὸ
930 3253 1157 3322 Γέρεης
1187 3253 1339 3316 εἷπε.

160 3326 270 3383 ⁶ι¹οῦ
294 3331 503 3404 Κυρίου
535 3337 788 3406 λέγοντος
805 3360 820 3375 ·
841 3347 1186 3405 Βαπτίσατε
1219 3353 1504 3410 πάντατὰ
1525 3356 1670 3427 ἔθνη
1757 3339 1780 3376 ⁸

89 3424 179 3487 εἰς
207 3425 273 3476 τὸ
297 3425 482 3496 ὄνομα
507 3432 614 3485 τοῦ
639 3437 891 3504 Πατρός,
925 3439 1026 3493 καί
1063 3441 1170 3496 τοῦ
1214 3445 1370 3510 Υίοῦ,
1409 3450 1508 3500 καὶ
1565 3424 1670 3504 τοῦ

89 3512 266 3578 ἁγίου
310 3521 672 3589 Πνεύματος,
705 3526 928 3594 οἴδαμεν
956 3532 1146 3599 σαφῶς
1171 3534 1301 3596 τοὺς
1359 3538 1671 3607 αίρετικοὺς

95 3604 424 3701 μὴᾷΠατέῗρα
449 3611 598 3682 ἔχειν
631 3616 772 3688 μήτε
803 3619 930 3674 Υίὸν
1005 3624 1140 3692 μήτε
1201 3604 1433 3698 Πνεῦμα*
1488 3632 1665 3701 ἅγιον.

92 3696 185 3793 ξεῖ
207 3697 310 3793 *οὖν
341 3700 674 3772 ἐρχομένους
710 3710 792 3774 είς
825 3710 926 3784 τὴν
969 3715 1296 3788 Ἐκκλησίαν
1352 3696 1663 3793 βαπτίζειν,

90 3785 180 3840 ἵνα
197 3789 629 3864 ἁναγεννηθῶσι.

366 3889 725 3960 Πολιτιανὸς
771 3897 892 3950 ἀπὸ
916 3900 1148 3967 Mileum
1184 3897 1373 3959 εἶπεν.

169 3970 366 4070 ὈρθόνΔ
402 3981 518 4033 ὲστι
555 3983 648 4043 τὸν
701 3985 810 4038 ἀπὸ
843 3987 1110 4058 αἱρέσεως
1162 3994 1460 4064 ἐρχόμενον
1492 3999 1548 4061 ὲν
1594 4003 1658 4070 τῇ

102 4058 403 4138 Ἐκκλησία
444 4071 832 4140 βαπτίζεσθαι.

233 4155 476 4226 Θέογνις
506 4161 626 4217 ἀπὸ
670 4164 963 4236 Ἰππῶνος
1027 4171 1268 4242 Ῥηγίου
1295 4173 1486 4232 εἷπε-ν.

172 4244 513 4344 ’ἀκολούθως
532 4255 609 4327 τῷ
639 4261 925 4334 μυστηρίῳ
954 4263 1047 4317 τοῦ
1072 4265 1206 4320 Θεοῦ
1240 4269 1337 4323 καὶ
1361 4273 1460 4341 τῆς
1491 4276 1658 4344 οὖρα-

89 4333 201 4388 νίιου
227 4338 473 4409 χάριτος,
498 4344 567 4414 ἦν
606 4333 932 4421 εἰλήφαμεν,
954 4353 1260 4427 βάπτισμα,
1319 4359 1346 4412 ὅ
1405 4333 1571 4417 ἐστιν.
1598 4368 1656 4419 ὲν

87 4430 152 4498 τῇ
175 4429 311 4504 ἁγίᾳ
343 4433 666 4508 Ἐκκλησία,
691 4442 934 4509 οἴδαμεν.

436 4526 711 4592 Διατίους
738 4533 773 4584 ό
802 4534 1030 4602 Σεάδης
1058 4531 1250 4593 εἷπεν.

163 4591 433 4681 Ἦμέῖς,δ
457 4616 546 4686 ἐφ’
571 4621 706 4690 ἡμῖν
737 4623 907 4688 ἐστιν,
962 4591 1264 4695 αίρετικοῖς
1331 4634 1392 4685 οὐ
1461 4653 1654 4694 κοινω-
1689 4599 1733 4651 D

89 4699 444 4797 νοῦμεν,ὲὰν
472 4710 547 4780 μὴ
598 4712 656 4788 ἐν
700 4716 768 4785 τῇ
853 4714 1150 4787 Ἐκκλησία
1192 4720 1489 4797 βαπτισθῇ,
1563 4732 1658 4784 καὶ

89 4789 284 4861 ἄφεσιν
313 4796 603 4866 ἁμαρτιῶν
622 4802 788 4875 λάϐῃ.

365 4890 666 4958 Προΰάτος
685 4895 804 4950 ἀπὸ
846 4901 1144 4968 Σοφιστοῦ
1174 4917 1362 4960 exter.

169 4974 232 5028 '0
267 4976 577 5073 Gottpdev
638 4986 790 5064 ⁸ιταρά
848 4990 962 5052 τοῖς
1010 4990 1311 5060 αἱρετικοῖς
1371 4998 1654 5073 βάπτισμα

94 5057 230 5119 εἶναι
261 5066 316 5119 τί
353 5065 482 5121 ἄλλο
516 5070 548 5139 ῆ
583 5060 697 5135 τοῖς
719 5075 1016 5145 αἱρετικοῖς
1049 5085 1301 5136 κοινωνεῖ
1329 5103 1344 5150 ;

316 5160 696 5231 Ὁρτησιανός
723 5167 840 5223 ἀπὸ
860 5173 1202 5242 Λαὸούρνης
1231 5173 1381 5236 εἷπε.

159 5250 272 5348 Ecl.
304 5255 464 5324 ἡμεῖς
494 5256 553 5311 ἒν
613 5257 920 5333 βάπτισμα,
949 5267 1082 5336 ὅπερ
1137 5268 1196 5320 ἐν
1220 5271 1285 5339 τῇ
1353 5271 1654 5348 Ἐκκλησία

95 5339 335 5412 οἴδαμεν,
361 5348 516 5403 τοῦτο
542 5353 609 5422 τῇ
651 5352 950 5426 Ἐκκλησία
989 5357 1331 5428 ὲκδικοῦμεν,

409 5442 632 5510 Κάσιος
652 5443 769 5498 ἀπὸ
793 5449 1064 5516 Κομαζῶν
1084 5449 1272 5509 εἶπεν.

161 5524 428 5584 Ἐπεὶδύο
447 5533 801 5606 βαπτίσματα
823 5535 962 5592 εῖναι
977 5543 1034 5594 οὐ
1050 5543 1326 5607 δύναται,δ
1353 5551 1651 5620 συγχωρῶν

99 5617 206 5680 τοῖς
277 5619 574 5689 αίρετικοῖς
617 5625 901 5699 βάπτισμα
927 5631 1249 5701 ἑαυτὸνξτοῦ
1277 5617 1654 5707 βαπτίσματος

102 5707 406 5782 ἀποστερεῖ.
474 5715 564 5767 Διὸ
593 5718 838 5791 ὲπικυρῶ
864 5725 1168 5795 αίρετικοὺς
1198 5728 1476 5796 βαπτίζειν
1520 5733 1651 5798 δεῖν,

202 5893 248 5928 ⁸⁸
265 5893 454 5953 Matth.
479 5911 667 5974 xxvlu,
692 5897 775 5953 i9.

1799 669 1893 750 qui
1926 683 1993 735 ad
2032 682 2337 740 Ecclesiam
2365 684 2716 758 confugiunt,
2761 704 2789 744 a
2829 692 2988 748 nobis
3031 709 3151 751 esse
3196 696 3374 766 bapti-

1798 774 2022 830 zandos.

2233 872 2388 927 Felix
2420 891 2451 926 α
2494 873 2729 931 Gametis
2783 878 2942 934 dixit.

1875 961 2030 1016 Sicut
2075 977 2256 1018 caecus
2297 981 2501 1020 caecum
2530 968 2737 1021 ducens
2765 969 2927 1024 simul
2956 971 3008 1024 in
3036 970 3243 1024 foveam
3275 989 3370 1027 ca-

1795 1053 1973 1120 dunt;
2032 1056 2106 1110 ita
2165 1056 2457 1113 haereticus
2511 1058 2826 1114 haereticum
2881 1061 3167 1131 baptizans
3209 1064 3372 1118 simul

1795 1164 1918 1202 eum
1951 1163 2017 1204 eo
2044 1149 2095 1202 in
2126 1159 2358 1205 mortem
2396 1153 2562 1206 cadit.
2617 1153 2680 1206 Et
2732 1153 2855 1208 ideo
2888 1154 3251 1223 baptizandus
3283 1166 3369 1210 est

1794 1241 1937 1307 apud
1990 1256 2089 1296 nos
2129 1242 2441 1305 hmreticus,
2479 1260 2544 1298 ne
2578 1259 2676 1299 nos
2715 1245 2820 1298 vivi
2864 1247 3095 1301 mortuis
3122 1260 3371 1300 commu-

1794 1333 2062 1388 nicemus.

2009 1425 2321 1483 Sucrentius
2352 1429 2416 1483 ab
2459 1429 2962 1500 Abirgemaniciana
2996 1434 3156 1484 dixit.

1865 1518 2154 1577 liaereticfs
2181 1531 2278 1577 aut
2314 1524 2450 1578 nihil
2482 1525 2630 1589 licet,
2669 1534 2765 1578 aut
2801 1527 3006 1580 omnia.
3045 1527 3101 1581 Si
3140 1536 3371 1594 possunt

1791 1607 2095 1677 baptizare,
2152 1622 2387 1682 possunt
2446 1623 2501 1669 et
2556 1614 2690 1668 dare
2763 1614 3026 1684 Spiritum
3093 1627 3367 1673 sanetum.

1792 1701 2065 1768 Quoniam
2118 1715 2300 1760 autem
2333 1723 2441 1761 non
2486 1707 2714 1771 habent,
2749 1723 2847 1763 nec
2874 1709 3155 1778 baptizare
3205 1712 3365 1780 spiri-

1791 1793 2014 1848 tualiter
2057 1806 2291 1864 possunt
2322 1815 2335 1852 :
2391 1807 2682 1868 propterea
2716 1814 2915 1856 censeo
2953 1802 3235 1860 luereticos
3265 1804 3368 1857 ba-

1716 1913 1758 1968 B
1789 1883 2080 1954 ptizandos
2112 1902 2255 1942 esse.

2115 1980 2444 2036 Fortunatus
2477 2002 2507 2038 a
2541 1985 2879 2041 Thuchabori
2909 1989 3064 2041 dixit.

1862 2070 1964 2137 Qui
2017 2082 2174 2126 extra
2233 2073 2536 2130 Ecclesiam
2603 2086 2777 2140 sunt,
2831 2087 3024 2134 contra
3087 2079 3366 2134 Christum

1789 2168 2020 2226 stantes,
2049 2174 2108 2217 ut
2130 2165 2222 2234 qui
2257 2180 2388 2220 oves
2426 2167 2544 2235 ejus
2575 2175 2628 2221 et
2673 2183 2891 2238 gregem
2926 2151 3245 2240 disperguni
3269 2169 3366 2222 ha-

1788 2251 2001 2320 ptizare
2037 2253 2172 2308 foris
2201 2270 2306 2307 non
2341 2264 2594 2323 possunt.

2183 2345 2449 2399 T/iedatus
2478 2365 2508 2401 α
2535 2346 2761 2402 Thurbis
2798 2350 2949 2405 dixit.

1855 2434 2126 2495 Omnibus
2166 2440 2377 2495 viribus
2418 2441 2704 2496 nitendum
2742 2453 2849 2510 est,
2879 2459 2948 2498 ne
2992 2446 3118 2514 quis
3149 2446 3368 2504 haereti-

1783 2546 1972 2587 corum
2037 2547 2280 2588 errorem
2316 2534 2707 2604 derelinquens
2753 2537 3034 2606 singulare
3076 2547 3130 2596 et
3176 2556 3365 2596 verum

1785 2623 2044 2679 Ecclesia:
2073 2624 2640 2696 baptismajdetrectet
2671 2628 2945 2698 accipere,
2973 2646 3083 2700 quo
3116 2634 3364 2701 quisquis

1785 2733 1890 2773 non
1921 2718 2084 2773 fuerit
2125 2719 2435 2787 baptizatus
2466 2734 2494 2772 a
2519 2734 2690 2789 regno
2721 2721 2984 2776 caelorum
3039 2724 3096 2777 lit
3129 2725 3361 2780 alienus.

2135 2810 2498 2867 Probatianus
2537 2830 2568 2866 α
2601 2811 2854 2881 Sophetia
2874 2815 3033 2869 dixit.

1855 2904 1912 2959 Si
1955 2905 2181 2962 haeresis
2213 2921 2242 2959 a
2280 2907 2390 2962 Deo
2425 2915 2530 2973 est,
2575 2907 2797 2962 habebit
2842 2908 3130 2964 haereticus
3167 2916 3225 2963 et
3257 2911 3361 2973 in.

1782 2995 2119 3064 dulgentiam
2161 2996 2425 3052 divinam.
2481 2997 2536 3052 Si
2569 3011 2698 3052 vero
2735 3011 2764 3048 a
2801 2997 2910 3051 Deo
2953 3011 3058 3051 non
3089 3005 3194 3061 est,
3229 3014 3357 3069 quo-

1781 3085 1944 3139 modo
1977 3087 2209 3152 gratiam
2258 3086 2352 3141 Dei
2405 3089 2522 3157 ipse
2570 3087 2776 3143 habere
2811 3095 2866 3143 et
2897 3087 3149 3143 conferre
3194 3089 3355 3145 alicui

1779 3176 2002 3245 potest?

2206 3271 2496 3326 Monualus
2521 3289 2551 3324 α
2575 3271 2747 3325 Cerba
2777 3272 2934 3325 dixit.

1849 3363 2080 3418 Domino
2119 3364 2382 3420 dicente:
2413 3363 2688 3431 Baptizate
2727 3369 2905 3418 omnes
2939 3373 3113 3433 gentes
3155 3364 3208 3418 in
3257 3382 3354 3418 no-

1774 3455 1912 3507 mine
1944 3453 2126 3528 Batris
2163 3463 2211 3506 et
2241 3452 2373 3506 Filii
2416 3461 2462 3506 et
2499 3450 2730 3519 Spiritus
2753 3452 3028 3519 sancti”;
3062 3455 3351 3507 manifeste

1772 3548 1978 3602 scimus
2010 3547 2298 3602 hmreticos
2329 3561 2428 3602 nec
2458 3545 2678 3600 Patrem
2708 3545 2936 3604 habere,
2995 3558 3094 3598 nec
3125 3542 3347 3607 Filium,

1771 3654 1872 3694 nec
1909 3637 2175 3708 Spiritum
2225 3639 2390 3709 370
2449 3647 2726 3694 sanetum.
2786 3634 2992 3689 Debent
3047 3634 3212 3704 igitur
3265 3651 3348 3688 ve-

1771 3733 2004 3788 nientes»
2047 3733 2114 3787 ad
2176 3731 2479 3788 Ecclesium
2536 3729 2848 3800 baptizari,
2931 3737 2989 3781 ut
3055 3744 3350 3784 renascan-

1771 3834 1879 3878 tur.
2712 3853 2720 3858 -
3275 3823 3284 3835 “

2207 3901 2510 3970 Politianus
2543 3934 2574 3970 a
2604 3917 2767 3971 Mileo
2798 3918 2956 3971 dixit.

1839 4007 2052 4063 Justum
2099 4018 2183 4064 est
2232 4011 2284 4064 in
2345 4009 2590 4066 Ecclesia
2639 4011 2902 4079 baptizari
2950 4028 3094 4076 eum,
3146 4010 3238 4082 qui
3278 4009 3347 4064 ab

1767 4100 1964 4156 haeresi
2001 4104 2168 4156 venit.

2056 4171 2317 4242 Theognis
2356 4175 2420 4228 ab
2453 4173 2696 4244 Hippone
2718 4173 2876 4243 Regio
2899 4175 3058 4227 dixit.

1849 4266 2167 4324 Secundum
2193 4277 2601 4322 sacramentum
2638 4265 2730 4319 Dei
2770 4277 2825 4319 et
2863 4267 3052 4335 gratiae
3083 4264 3340 4329 caelestis,

1761 4374 1926 4428 quam
1970 4356 2307 4423 accepimus,
2341 4353 2637 4421 baptisma,
2691 4353 2834 4422 quod
2885 4363 2969 4410 est
3020 4355 3071 4408 in
3103 4352 3342 4409 Ecclesia

1760 4457 1950 4504 sancta
1984 4445 2255 4500 novimus.

2235 4535 2445 4590 Diutius
2477 4534 2650 4592 Seada
2681 4537 2840 4591 dixit.

1849 4633 1984 4699 Nos,
2012 4641 2277 4704 quantum
2315 4632 2369 4684 in
2405 4631 2563 4686 nobis
2586 4640 2690 4691 est,
2724 4628 2995 4686 haereticis
3034 4641 3140 4680 non
3181 4642 3330 4682 eom-

1767 4728 2158 4790 municamus;
2214 4723 2320 4778 nisi
2363 4719 2622 4788 baptizati
2657 4721 2710 4774 in
2743 4719 2987 4774 Ecclesia
3028 4717 3254 4783 iuerint,
3285 4729 3340 4772 et

1765 4815 2148 4871 remissionem
2187 4819 2534 4882 peccatorum
2566 4808 2905 4878 acceperint.

2161 4902 2426 4956 Probatus
2449 4918 2478 4953 a
2503 4900 2751 4967 Sophiste
2783 4900 2939 4953 dixit.

1838 4999 1940 5066 Qui
1981 4995 2362 5050 haereticorum
2407 4994 2734 5063 baptismum
2768 4989 2984 5059 probat,
3015 4989 3144 5058 quid
3188 4990 3335 5053 aliud

1769 5107 1934 5166 quam
1967 5087 2246 5143 haereticis
2270 5081 2683 5140 communicat?

2087 5176 2480 5232 Hortensianus
2516 5189 2548 5227 a
2575 5171 2830 5227 Laburna
2855 5172 3016 5226 dixit.

1839 5275 1949 5329 Nos
1976 5288 2146 5326 unum
2185 5271 2454 5340 baptisma
2479 5305 2493 5328 ,
2521 5265 2668 5335 quod
2703 5280 2808 5319 non
2850 5264 2955 5318 nisi
3004 5265 3057 5318 in
3095 5263 3329 5320 Ecclesia

1765 5367 2039 5430 novimus,
2072 5363 2324 5419 Ecclesiae
2351 5357 2717 5413 vindicamus.
2825 5358 2832 5362 ”

2159 5450 2376 5508 Cassius
2402 5467 2433 5506 a
2465 5448 2711 5505 Comazis
2748 5448 2909 5502 dixit.

1831 5550 1969 5604 Cum
2007 5544 2342 5614 baptismata
2373 5544 2484 5597 duo
2527 5554 2646 5595 esse
2683 5553 2792 5593 non
2829 5540 3059 5611 possint,
3091 5538 3179 5603 qui
3209 5537 3323 5590 hae-

1761 5639 1948 5694 reticis
2002 5637 2277 5708 baptisma
2325 5633 2612 5699 concedit,
2666 5632 2936 5702 baptisma
2990 5631 3093 5687 sibi
3162 5629 3324 5684 tollit.

1760 5730 1968 5787 Censeo
2000 5729 2185 5800 itaque
2220 5723 2578 5796 baptizandos
2600 5739 2722 5781 esse
2744 5724 3050 5787 hmreticos,
3093 5737 3214 5777 cum
3252 5723 3319 5776 ad
