3974 6346
116 453 267 530 1113

372 584 592 651 Ἄλλος
620 584 814 653 Φῆλιξ
841 585 956 639 ἀπὸ
991 586 1301 655 Μεκκόρας
1323 583 1475 644 εἷπε.

205 680 320 735 Καὶ
345 677 509 741 αὐτὸς
554 677 819 746 ἑπόμενος
844 675 920 747 τῷ
942 678 1129 732 κανόνι
1164 678 1271 733 τῶν
1294 681 1454 734 θείων
1472 683 1708 754 Γραφῶν

125 773 260 832 τοὺς
294 770 606 842 αἱρετικοὺς
636 770 732 824 καὶ
755 772 1149 842 σχισματικοὺς
1185 771 1542 844 βαπτίζεσθαι
1570 777 1706 832 ἀπο-

127 865 422 935 φαινόμαι.

372 956 740 1025 Ἰανουάριος
771 956 889 1011 ἀπὸ
919 957 1265 1025 Μουκούζης
1286 954 1454 1013 εἶπεν
1485 974 1503 991 ο

201 1049 264 1100 Ei
286 1047 556 1118 αἱρετικοὶ
584 1049 767 1117 ἔχουσι
819 1046 1117 1118 βᾶπτισμη,
1163 1050 1324 1116 ἡμεῖς
1349 1050 1447 1100 οὖν
1480 1050 1697 1121 ἔχομεν·

125 1138 179 1188 εί
211 1139 373 1207 ἡμεῖς
400 1137 622 1208 ἔχομεν,
643 1139 796 1207 αίρετ
832 1138 911 1191 not
938 1138 1084 1206 ἔχειν
1104 1139 1162 1190 οὐ
1208 1138 1461 1193 ιύνανται.
1504 1141 1705 1210 Ἀμφι-

126 1228 472 1299 οϐητήσιμον
496 1228 553 1281 δὲ
578 1228 678 1282 οὐκ
711 1228 803 1280 ἐστ
855 1229 954 1299 τὴν
995 1229 1186 1283 Ἐκκλτ
1209 1231 1324 1282 τίαν
1351 1231 1448 1299 τὴν
1474 1232 1705 1284 γαθολια

124 1320 235 1390 κὴν
291 1319 369 1390 τῷ
424 1319 521 1373 τοῦ
551 1319 796 1389 Χριστοῦ
839 1319 1177 1390 βαπτίσματι
1233 1323 1557 1393 κεχρῆσθαι,
1603 1323 1704 1394 τὴν

126 1412 303 1482 μόνην
335 1413 686 1483 κεκτημένην
714 1414 796 1484 ζχά
840 1430 886 1466 ιν
912 1415 1006 1467 καὶ
1059 1414 1179 1482 ἀγάτ
1207 1431 1279 1484 ην
1309 1415 1405 1466 καὶ
1442 1413 1705 1486 ἀλήθειαν

123 1505 222 1559 τοῦ
256 1506 300 1558 Χ
308 1504 516 1576 ριστοῦ.

376 1597 728 1666 Ἀδέλφιδος
752 1599 798 1653 ὰ.
831 1595 871 1650 ’ὸ
922 1597 1184 1650 ιῖασεέλ(
1211 1613 1270 1664 Ίς
1297 1596 1449 1650 εἶπε.

193 1689 392 1761 Μάτην
450 1690 612 1754 ’τινὲς
662 1693 730 1762 τῇ
796 1689 1024 1761 ἀληθείᾳ
1076 1687 1398 1758 πολεμοῦσι,
1451 1687 1704 1756 λέγοντες

118 1783 276 1850 ἡμᾶς
304 1782 718 1846 ἁναϐαπτίζειν.
770 1782 965 1852 Ἦγὰρ
1005 1780 1302 1850 Ἐκκλησία
1344 1782 1470 1843 τοὺς
1497 1782 1702 1852 αἱρετι-

119 1874 258 1935 κοὺς
282 1872 382 1926 οὐκ
409 1864 792 1937 ἀναόαπτίζει,
818 1870 954 1924 ἀλλὰ
977 1869 1251 1940 βαπτίζει.

379 1964 709 2033 Δημήτριος
735 1962 850 2018 ἀπὸ
883 1963 1230 2036 Πολεμόνου
1260 1955 1452 2015 εἶπεν.

197 2053 263 2110 Οί
294 2054 548 2123 λέγοντες
579 2056 663 2108 ὅτι
702 2055 752 2107 oi
785 2054 1057 2126 αἱρετικοὶ
1083 2052 1298 2122 ἀληθῶς
1330 2054 1425 2106 καὶ
1453 2049 1702 2122 νομίμως

117 2147 507 2223 βαπτίζουσιν,
557 2142 704 2202 οὗτοι
759 2147 819 2200 οὐ
864 2147 1026 2216 μόνον
1066 2144 1182 2209 δύο,
1224 2144 1359 2197 ἀλλά
1399 2144 1492 2197 καὶ
1532 2143 1702 2196 πολλὰ

85 2222 508 2310 ’βαπτίσματα
537 2241 871 2308 εἰσάγουσιν.
925 2237 1119 2292 Ὁπότε
1155 2236 1264 2306 γὰρ
1305 2236 1553 2306 διάφοροι
1607 2235 1702 2289 καὶ

115 2330 324 2384 ’πολλαὶ
342 2330 579 2402 αἱρέσεις
607 2331 738 2391 εἰσὶ,
787 2330 929 2384 κατὰ
977 2328 1069 2382 τὸν
1109 2327 1343 2397 ἀριθμὸν
1385 2327 1566 2379 αὐτῶν
1611 2327 1702 2380 καὶ

112 2423 190 2476 τὰ
228 2421 586 2491 βαπτίσματα
617 2421 957 2490 ἀριθμεῖται.

441 2514 762 2578 Οὐκέντιος
791 2513 908 2566 ἀπὸ
935 2510 1193 2580 Θιὸάρης
1218 2504 1370 2563 εἷπε.

191 2606 335 2669 Τοὺς
362 2606 677 2675 αίρετικοὺς
710 2605 933 2674 οῐδαμεν
958 2602 1209 2674 χείρονας
1251 2601 1359 2655 τῶν
1412 2616 1698 2671 σχισματι-

114 2697 262 2752 κῶν.
297 2695 422 2754 Ἐὰν
462 2698 519 2751 δὲ
563 2697 974 2768 μετανοήσωσιν
1017 2694 1191 2748 ὲλθεῖν
1230 2694 1310 2755 είς
1365 2693 1568 2747 κανόνα
1601 2693 1701 2762 τῆς

114 2788 410 2858 ἀληθείας,
465 2791 730 2862 πρότερον
791 2785 1116 2857 ἑξορκίζειν,
1166 2785 1358 2840 ἔπειτα
1415 2783 1700 2855 βαπτίζειν

115 2879 324 2943 αὐτοὺς
353 2881 450 2934 δεῖ.
504 2882 639 2934 Τότε
676 2880 782 2951 γὰρ
819 2878 1075 2933 δύνανται
1119 2880 1220 2949 τῆς
1244 2874 1481 2947 Χριστοῦ
1529 2877 1701 2945 ἑπαγ-

115 2972 314 3042 γελίας
340 2974 544 3041 τυχεῖν.
1082 3045 1087 3049 ἱ
1253 3036 1258 3041 ο

439 3061 704 3134 ἓΜάρκος
731 3065 851 3118 ἀπὸ
878 3062 1169 3130 Μαθάρων
1198 3059 1354 3117 εἶπε.

185 3157 402 3227 Κρίνω,
427 3155 503 3220 ὡς
533 3156 700 3228 μηδὲν
728 3155 969 3226 ἔχοντας,
996 3155 1123 3217 τοὺς
1154 3153 1466 3223 αίρετικοὺς
1498 3152 1699 3223 βαπτί-

114 3248 334 3315 ξασθαι.

393 3339 603 3406 Σάτιος
652 3339 771 3394 ἀπὸ
814 3337 1182 3404 Σακιλιϐύης
1223 3331 1432 3389 εἷπεν·

185 3433 254 3488 Ei
276 3434 389 3496 τοῖς
443 3415 737 3504 αἱρετικοῐς
774 3431 832 3484 ὲν
869 3429 947 3500 τῷ
979 3427 1322 3499 βαπτίσματι
1352 3427 1532 3480 αὐτῶν
1559 3426 1695 3497 ἄφε-

114 3545 207 3595 σις
235 3529 522 3601 ἁμαρτιῶν
553 3529 784 3597 γίνεται,
821 3525 996 3596 μάτην
1026 3527 1090 3594 τῇ
1126 3522 1427 3591 Ἐκκλησία
1454 3520 1694 3591 προσέρ-

111 3620 331 3689 χονται.
373 3619 537 3673 Οὐδὲν
567 3618 674 3686 γάρ
704 3614 910 3667 ἔστιτὸ
967 3613 1262 3683 δυνάμενον
1313 3611 1547 3680 φοϐῆσαι
1594 3608 1694 3661 αὖ·

111 3713 251 3775 τοὺς
285 3711 345 3763 ὲν
392 3710 461 3778 τῇ
502 3707 684 3779 κρίσει
726 3702 822 3761 τοῦ
871 3702 1130 3774 Χριστοῦ,
1166 3703 1362 3772 ἄφεσιν
1410 3701 1695 3773 ἁμαρτιῶν

71 3795 76 3799 ⁴
111 3800 438 3869 εἰληφότας.

437 3886 733 3956 Αὐρήλιος
753 3884 875 3940 ἀπὸ
911 3883 1172 3953 Ἀττικῆς
1200 3880 1351 3938 εἶπε.

178 3979 456 4048 Δεγοντος
500 3980 595 4032 τοῦ
655 3975 981 4030 ’Δποστόλου
1029 3975 1339 4045 ἀλλοτρίαις
1394 3973 1694 4044 ἁμαρτίαις

116 4071 199 4142 μὴ
222 4073 530 4134 κοινωνεῖν,
576 4070 749 4139 κρίνω
780 4066 1137 4137 βαπτίζεσθαι
1188 4067 1313 4127 τοὺς
1358 4066 1690 4133 αἱρετικοὺς,

113 4163 211 4216 ῐνα
237 4162 446 4215 λάϐωσι
489 4158 752 4229 πρότερον
800 4157 993 4228 ἄφεσιν
1019 4155 1327 4226 ἁμαρτιῶν,
1380 4155 1474 4210 καὶ
1520 4154 1694 4218 οὕτως

112 4257 310 4320 αὐτοῖς
333 4255 777 4326 κοινωνήσωμεν.

382 4347 612 4418 Ἰαμσὸς
644 4347 764 4402 ἀπὸ
805 4342 1233 4413 Γερμανικείας
1261 4343 1453 4398 εἶπεν.

188 4439 262 4498 οι
301 4440 364 4514 τὸ
413 4439 522 4493 τῶν
551 4438 843 4508 αἱρετικῶν
880 4437 1264 4506 δοκιμάζοντες
1288 4436 1599 4505 βάπτισμα,
1637 4437 1695 4487 τδ

111 4535 397 4607 ἡμέτερον
435 4516 953 4597 ἀποδοκιμάζουσιν.

330 4622 664 4687 Λουκιανὸς
702 4622 820 4676 ἀπὸ
855 4619 1228 4689 Ῥουκούμης
1255 4615 1447 4672 εἶπεν.

189 4718 257 4776 Εἰ
288 4716 510 4770 δυνατὸν
536 4715 651 4784 φῶς
673 4716 768 4767 καὶ
791 4713 983 4776 σκότος
1011 4703 1312 4776 κοινωνεῖν,
1340 4709 1562 4765 δύναται
1593 4709 1690 4763 καὶ

113 4811 258 4883 ἡμῖν
297 4809 392 4862 καὶ
422 4811 536 4872 τοῖς
576 4807 869 4878 αίρετικοῖς
916 4801 1057 4858 εἷναί
1084 4823 1132 4857 τι
1163 4805 1363 4859 κοινόν.
1387 4803 1571 4870 Κρίνω
1597 4801 1708 4856 οὖν.

112 4903 248 4965 τοὺς
271 4901 580 4971 αίρετικοὺς
617 4898 995 4968 βαπτίζεσθαι.

333 4989 625 5055 Πελάγιος
651 4991 768 5045 ἀπὸ
791 4988 1240 5058 Λουπερκιαγῆς
1269 4984 1451 5042 εἶπεν.

188 5087 257 5141 Ei
285 5085 494 5154 αἵρεσις
522 5081 623 5136 οὐκ
652 5082 796 5135 ἔστιν
833 5084 892 5136 ὲν
941 5081 1261 5149 Ἐκκλησία,
1313 5079 1433 5143 πῶς
1468 5079 1690 5133 δύναται

112 5178 277 5251 παρὰ
299 5179 408 5240 τοῖς
439 5176 737 5247 αἱρετικοῖς
781 5169 922 5229 εἶναι
965 5175 1025 5227 τὸ
1073 5173 1172 5243 τῆς
1209 5172 1534 5243 Ἐκκλησίας
1594 5172 1690 5243 βά·

110 5287 371 5340 sttuite;

524 5359 710 5426 ’Ῑὰδερ
736 5358 852 5414 ἀπὸ
875 5359 1134 5427 Μηδείας
1151 5354 1302 5410 εἶπε.

193 5452 318 5506 Mla
349 5454 576 5520 πίστις,
617 5450 687 5505 ἓν
734 5451 1050 5520 ,βάπτισμα
1081 5467 1096 5480 ·
1131 5450 1267 5504 ἀλλὰ
1315 5449 1382 5520 τῇ
1427 5449 1692 5524 καθολικῇ

159 5542 448 5611 Εκκλησῐᾳ
473 5543 650 5609 ἔξεστι
688 5540 991 5612 βαπτίζειν.

341 5632 564 5700 ’Ἄλλος
591 5634 782 5703 Φῆλιξ
805 5633 925 5688 ἀπὸ
953 5633 1294 5702 Μαρδιανῆς
1313 5627 1466 5692 εἷπε.

194 5722 281 5776 Τὰ
311 5723 466 5776 αὑτά.

489 5816 729 5882 Παῦλος
751 5818 867 5871 ἀπὸ
908 5816 1098 5885 Σαϐᾶς
1131 5812 1298 5871 εἶπεν
1320 5853 1335 5870 .

205 5909 274 5963 Et
305 5910 332 5961 ὁ
361 5907 491 5972 Θεὸς
526 5908 728 5980 ἀληθής
761 5911 896 5978 ἐστι,
930 5911 1044 5973 πῶς
1095 5910 1250 5964 ἔσται
1284 5905 1432 5980 παρὰ
1458 5911 1568 5973 τοῖς
1604 5911 1688 5962 αἱ·

1259 472 1340 533 ΙΝ
1375 474 1543 538 CAN.
1578 477 1603 536 Ι
1645 478 1852 546 CONC.
1887 484 2270 554 CARTHAG.

1735 604 1782 660 Δ

1724 1954 1774 2015 Β

1717 4639 1772 4702 D

3252 503 3388 571 1114

2163 608 2319 661 Atius
2359 609 2510 663 Felix
2529 626 2562 663 a
2592 609 2838 667 Meccora
2858 614 3024 672 dixit.

1883 691 1949 745 Et
1977 694 2091 764 ipse
2120 706 2344 755 secutus
2371 699 2679 757 divinarum
2731 703 3145 777 Scripturarum
3190 724 3384 770 aucto-

1809 786 2026 844 ritatem
2055 791 2346 849 haereticos
2371 803 2426 849 et
2453 795 2840 854 schismaticos
2862 800 3222 871 haptizandos
3260 823 3384 863 esse

1807 885 2127 949 pronuntio.

2154 975 2454 1039 Ianuarius
2511 999 2544 1036 a
2577 982 2826 1038 Hucuzn
2865 988 3030 1044 dixit.
3118 1003 3124 1006 '

1878 1062 1934 1118 Si
1966 1066 2206 1122 hxretici
2235 1071 2747 1144 habentbaptisma,
2776 1095 2876 1134 nos
2910 1096 3022 1134 non
3070 1081 3377 1139 habemus:

1805 1157 1848 1212 si
1881 1174 1980 1214 nos
2007 1161 2291 1228 habemus,
2326 1165 2564 1221 haeretici
2590 1169 2796 1226 habere
2829 1187 2937 1226 non
2982 1185 3240 1244 possunt.
3269 1175 3378 1230 Du-

1806 1251 1955 1305 bium
1990 1264 2173 1309 autem
2219 1272 2329 1312 non
2377 1268 2500 1324 est,
2552 1260 2857 1316 Ecclesiam
2905 1265 3227 1321 catholicam
3285 1269 3382 1323 ba-

1804 1347 2004 1413 ptismo
2026 1345 2231 1403 Christi
2290 1351 2413 1416 uti;
2460 1367 2581 1420 qua;
2625 1353 2741 1408 sola
2794 1354 3006 1411 Christi
3048 1360 3276 1430 gratiam
3322 1369 3380 1416 et

1805 1435 2127 1520 charitatem
2168 1448 2222 1495 et
2252 1441 2537 1497 veritatem
2566 1444 2880 1513 possideat.

2122 1613 2444 1683 Adelphidus
2487 1616 2839 1672 a.Tltasuelta
2891 1619 3052 1676 dixit.

1876 1703 2005 1758 Sine
2036 1720 2201 1759 causa
2225 1707 2446 1775 quidem
2473 1710 2802 1779 impugnant
2847 1715 3164 1781 veritatem,
3211 1726 3268 1771 ut
3294 1733 3376 1772 re-

1801 1794 2209 1865 baptizarenos
2242 1800 2443 1854 dicant.
2481 1802 2764 1870 Siquidem
2795 1804 3045 1860 Ecclesia
3083 1809 3374 1864 haereticos

1805 1902 1913 1940 non
1947 1888 2268 1958 rebaptizat,
2304 1895 2400 1947 sed
2444 1894 2697 1964 baptizat.

2152 1981 2448 2038 Demetrius
2480 2004 2512 2038 a
2551 1984 2834 2044 Polemone
2859 1992 3020 2046 dixit.

1874 2069 1976 2137 Qui
2013 2073 2201 2127 dicunt
2231 2076 2516 2133 haareticos
2551 2093 2677 2133 vere
2710 2091 2764 2135 et
2803 2083 3046 2152 legitime
3069 2085 3370 2156 baptizare,

1804 2163 1904 2232 ipsi
1938 2178 2045 2218 non
2079 2166 2256 2220 solum
2297 2167 2430 2232 duo,
2464 2168 2561 2226 sed
2582 2176 2636 2224 et
2671 2171 2846 2228 multa
2910 2173 3240 2244 baptismata
3287 2179 3373 2232 ἱει-

1805 2253 2119 2309 troducunt.
2153 2254 2290 2310 Nam
2321 2272 2444 2312 cum
2477 2257 2716 2321 hmreses
2735 2262 2904 2317 variae
2922 2279 2985 2319 ac
3015 2266 3198 2319 multa:
3242 2267 3370 2334 sint,

1802 2355 1902 2408 pro
1927 2356 2120 2398 earum
2152 2359 2383 2399 numero
2412 2356 2464 2400 et
2491 2346 2824 2416 haptismata
2883 2353 3372 2420 computabantur.

1884 2594 1888 2597 _
2188 2520 2484 2577 Vincentius
2524 2540 2555 2576 a
2591 2524 2827 2578 Thibara
2851 2526 3014 2579 dixit.

1873 2606 2166 2666 Haerettcos
2197 2612 2401 2667 scimus
2428 2628 2546 2668 esse
2578 2614 2791 2683 pejores
2848 2629 3011 2684 quam
3067 2615 3374 2672 schismati-

1801 2713 1917 2755 cos.
1950 2700 2005 2756 Si
2038 2716 2165 2756 vero
2191 2703 2568 2772 paenitentiam
2613 2714 2838 2773 agentes
2865 2705 2931 2760 ad
2993 2706 3236 2775 regulam
3281 2720 3374 2760 ve-

1801 2796 1988 2850 ritatis
2024 2796 2207 2852 venire
2257 2799 2566 2857 voluerint:
2605 2799 2762 2869 prius
2801 2799 3131 2863 exorcizari,
3174 2799 3371 2855 deinde

1802 2887 2062 2957 baptizari
2089 2903 2183 2943 eos
2215 2897 2451 2957 oportet.
2478 2888 2631 2944 Tunc
2647 2889 2789 2944 enim
2814 2889 3016 2945 Christi
3048 2891 3369 2959 promissio-

1801 2993 1924 3034 nem
1963 2980 2146 3034 sortiri
2183 2989 2435 3050 possunt.
2505 3019 2508 3024 -

2188 3073 2397 3127 Marcus
2435 3073 2767 3126 ablat/laris
2822 3073 2982 3128 dixit.
3055 3111 3058 3116 -
3146 3106 3148 3108 τ
3245 3067 3249 3070 ’

1867 3161 2062 3216 Iudico
2086 3161 2394 3230 haereticos,
2437 3171 2493 3216 ut
2522 3165 2613 3233 qui
2647 3163 2785 3218 nihil
2826 3165 3088 3229 habeant,
3122 3178 3241 3221 esse
3278 3164 3370 3220 ba-

1799 3253 2115 3322 ptizandos.
2902 3314 2911 3323 ,
3285 3248 3288 3250 ⁷

2221 3343 2406 3400 Satius
2432 3362 2464 3398 α
2486 3343 2761 3416 Sacilibya
2792 3344 2950 3400 dixit.

1871 3437 1928 3492 Si
1956 3437 2231 3494 haereticis
2261 3440 2314 3493 in
2357 3439 2632 3509 baptismo
2669 3442 2914 3507 ipsorum
2976 3446 3198 3509 peccata
3258 3436 3364 3490 do-

1796 3535 2021 3592 nantur,
2058 3528 2178 3581 sine
2206 3511 2375 3583 causa
2428 3528 2496 3581 ad
2550 3527 2853 3582 Ecclesiam
2919 3529 3166 3583 veniunt.
3217 3527 3368 3582 Nihil

1793 3617 1942 3672 enim
1981 3626 2084 3683 est,
2117 3618 2262 3686 quod
2307 3619 2501 3673 timere
2528 3619 2746 3689 possint
2795 3619 2852 3673 in
2890 3619 3102 3688 judicio
3137 3617 3364 3685 Christi,

1795 3711 1842 3766 si
1875 3718 2003 3766 sunt
2034 3711 2415 3768 remissionem
2445 3721 2802 3782 peccatorum
2840 3712 3150 3768 consecuti.

2181 3889 2428 3960 Aurelius
2477 3888 2541 3940 ab
2577 3889 2756 3940 Attica
2814 3888 2974 3941 dixit.

1867 3977 2004 4034 Cum
2026 3978 2175 4033 dicat
2210 3977 2527 4046 Apostolus,
2554 3993 2660 4033 non
2680 3978 3202 4043 communicandum
3239 3993 3368 4050 pec:

1795 4071 1936 4126 catis
1966 4070 2183 4133 alienis.
2215 4086 2414 4127 censeo
2436 4070 2796 4142 baptizandos
2821 4086 2946 4127 esse
2969 4070 3281 4138 haereticos,
3306 4079 3366 4126 ut

1795 4162 1952 4231 prius
1981 4163 2256 4229 accipiant
2310 4163 2692 4216 remissionem
2760 4170 3137 4231 peccatorum,
3182 4174 3232 4217 et
3284 4162 3363 4216 sic

1796 4255 1904 4312 illis
1937 4248 2433 4311 communicemus.

2147 4345 2360 4400 Iambus
2392 4362 2423 4398 a
2462 4341 2806 4398 Germanieia
2847 4342 3012 4399 dixit.

1866 4441 1969 4508 Qui
2019 4439 2400 4494 haereticorum
2454 4436 2730 4505 baptisma
2782 4434 3048 4502 probant,
3113 4441 3362 4501 nostrum

1795 4532 2131 4603 improbant.

2175 4621 2440 4677 Lucianus
2493 4637 2525 4674 α
2553 4618 2787 4674 Rucuma
2814 4620 2906 4671 dix
2932 4627 2973 4670 t.

1869 4713 1926 4770 Si
1960 4714 2076 4770 ﬁeri
2120 4724 2300 4786 potest
2333 4724 2391 4769 ut
2442 4715 2535 4768 lux
2593 4727 2713 4767 cum
2753 4709 2994 4766 tenebris
3041 4711 3359 4780 conveniat,

1798 4813 1976 4875 potest
2006 4815 2060 4861 et
2092 4806 2250 4861 nobis
2277 4814 2330 4858 et
2360 4801 2633 4856 haereticis
2660 4799 2865 4868 aliquid
2899 4813 3020 4854 essc
3045 4812 3358 4854 commune.

1794 4899 2088 4974 Propterea
2118 4910 2319 4951 censeo
2338 4895 2640 4950 haereticos
2673 4891 3043 4964 baptizandos
3072 4905 3216 4947 esse.

2145 4992 2450 5062 Pelagiusa
2481 4992 2813 5060 Luperciana
2846 4991 3006 5045 dixit.

1865 5089 1924 5143 Si
1956 5087 2186 5142 haresis
2222 5085 2279 5140 in
2339 5085 2582 5141 Ecclesia
2618 5102 2728 5140 non
2786 5091 2890 5148 est,
2925 5079 3202 5150 quomodo
3253 5079 3360 5136 Ec-

1791 5181 1970 5238 clcsiaa
2003 5181 2272 5248 baptisma
2306 5180 2446 5249 apud
2475 5177 2762 5232 haereticos
2788 5187 2913 5229 esse
2953 5172 3176 5242 potest?

2249 5355 2413 5410 Iader
2443 5371 2474 5407 α
2498 5350 2702 5406 Medeia
2733 5349 2891 5403 dixit.

1866 5449 1983 5506 Una
2011 5451 2163 5522 ﬁdes,
2197 5463 2358 5503 unum
2395 5445 2659 5515 baptisma
2689 5457 2708 5496 :
2731 5442 2828 5497 sed
2855 5441 3118 5499 Ecclesia“.
3161 5440 3351 5495 catho-

1793 5543 1912 5599 lica:
1945 5543 2072 5599 licet
2099 5541 2401 5610 baptizare.

2127 5632 2274 5685 Alius
2309 5629 2465 5685 Felix
2498 5645 2530 5682 a
2557 5627 2849 5684 Mardiana
2873 5627 3032 5682 dixit.

1866 5727 2095 5781 Eadem.

2248 5811 2455 5866 Paulus
2487 5827 2520 5866 a
2552 5811 2698 5866 Saba
2723 5809 2882 5866 dixit.

1867 5907 1925 5962 Si
1943 5905 2085 5963 Deus
2116 5919 2281 5963 verax
2304 5911 2406 5972 cst,
2443 5903 2717 5977 quomodo
2767 5899 2911 5970 apud
2945 5899 3233 5959 haereticos
3254 5918 3348 5961 vc-
