  <div class='ocr_page' id='page_1' title='image "/cluster/home/n/w/nwhite01/storage/ocr_20150623/137/pst.000005714537/612.png"; bbox 0 0 3974 6346; ppageno 0'>
   <div class='ocr_carea' id='block_1_1' title="bbox 172 665 1661 767">
    <p class='ocr_par' dir='ltr' id='par_1_1' title="bbox 172 665 1661 767">
     <span class='ocr_line' id='line_1_1' title="bbox 172 665 1661 767; baseline 0.025 -51"><span class='ocrx_word' id='word_1_1' title='bbox 172 665 236 719; x_wconf 87' lang='lat'><strong>&#39;0</strong></span> <span class='ocrx_word' id='word_1_2' title='bbox 272 668 386 731; x_wconf 78' lang='grc' dir='ltr'>τοῖς</span> <span class='ocrx_word' id='word_1_3' title='bbox 415 671 711 741; x_wconf 77' lang='grc' dir='ltr'>αἱρετικοῑς</span> <span class='ocrx_word' id='word_1_4' title='bbox 740 677 802 730; x_wconf 83' lang='grc' dir='ltr'>τὸ</span> <span class='ocrx_word' id='word_1_5' title='bbox 835 679 1116 755; x_wconf 82' lang='grc' dir='ltr'><strong>βάπτισμα</strong></span> <span class='ocrx_word' id='word_1_6' title='bbox 1171 691 1270 760; x_wconf 84' lang='grc' dir='ltr'>τῆς</span> <span class='ocrx_word' id='word_1_7' title='bbox 1333 693 1661 767; x_wconf 82' lang='grc' dir='ltr'>Ἐκκλησίας</span> 
     </span>
    </p>
   </div>
   <div class='ocr_carea' id='block_1_2' title="bbox 79 759 1660 862">
    <p class='ocr_par' dir='ltr' id='par_1_2' title="bbox 79 759 1660 862">
     <span class='ocr_line' id='line_1_2' title="bbox 79 759 1660 862; baseline 0.024 -54"><span class='ocrx_word' id='word_1_8' title='bbox 79 759 402 829; x_wconf 80' lang='grc' dir='ltr'>προδιδοὺς,</span> <span class='ocrx_word' id='word_1_9' title='bbox 432 762 486 814; x_wconf 79' lang='grc' dir='ltr'><strong>τί</strong></span> <span class='ocrx_word' id='word_1_10' title='bbox 514 763 643 818; x_wconf 77' lang='grc' dir='ltr'>ἄλλο</span> <span class='ocrx_word' id='word_1_11' title='bbox 667 768 698 838; x_wconf 80' lang='grc' dir='ltr'>ἢ</span> <span class='ocrx_word' id='word_1_12' title='bbox 734 770 834 841; x_wconf 83' lang='grc' dir='ltr'>τῆς</span> <span class='ocrx_word' id='word_1_13' title='bbox 855 774 1090 848; x_wconf 79' lang='grc' dir='ltr'><strong>Νύμφης</strong></span> <span class='ocrx_word' id='word_1_14' title='bbox 1132 781 1494 856; x_wconf 78' lang='grc' dir='ltr'>τοῦ-Χριστοῦ</span> <span class='ocrx_word' id='word_1_15' title='bbox 1522 759 1660 862; x_wconf 57' lang='grc' dir='ltr'>στροέ</span> 
     </span>
    </p>
   </div>
   <div class='ocr_carea' id='block_1_3' title="bbox 78 855 530 926">
    <p class='ocr_par' dir='ltr' id='par_1_3' title="bbox 78 855 530 926">
     <span class='ocr_line' id='line_1_3' title="bbox 78 855 530 926; baseline 0.015 -19"><span class='ocrx_word' id='word_1_16' title='bbox 78 855 252 926; x_wconf 67' lang='grc' dir='ltr'>Σὸτης</span> <span class='ocrx_word' id='word_1_17' title='bbox 284 858 496 926; x_wconf 86' lang='grc' dir='ltr'>γίνεται</span> <span class='ocrx_word' id='word_1_18' title='bbox 515 876 530 926; x_wconf 92' lang='lat'><strong>;</strong></span> 
     </span>
    </p>
   </div>
   <div class='ocr_carea' id='block_1_4' title="bbox 387 939 1358 1030">
    <p class='ocr_par' dir='ltr' id='par_1_4' title="bbox 387 939 1358 1030">
     <span class='ocr_line' id='line_1_4' title="bbox 387 939 1358 1030; baseline 0.02 -26"><span class='ocrx_word' id='word_1_19' title='bbox 387 952 644 1020; x_wconf 82' lang='grc' dir='ltr'><strong>Λούκιος</strong></span> <span class='ocrx_word' id='word_1_20' title='bbox 672 956 790 1009; x_wconf 76' lang='grc' dir='ltr'><strong>ἀπὸ</strong></span> <span class='ocrx_word' id='word_1_21' title='bbox 819 939 1166 1030; x_wconf 60' lang='grc' dir='ltr'>Μέμερέσης</span> <span class='ocrx_word' id='word_1_22' title='bbox 1205 968 1358 1025; x_wconf 80' lang='grc' dir='ltr'>εἷπε.</span> 
     </span>
    </p>
   </div>
   <div class='ocr_carea' id='block_1_5' title="bbox 158 1040 1656 1122">
    <p class='ocr_par' dir='ltr' id='par_1_5' title="bbox 158 1040 1656 1122">
     <span class='ocr_line' id='line_1_5' title="bbox 158 1040 1656 1122; baseline 0.019 -31"><span class='ocrx_word' id='word_1_23' title='bbox 158 1040 477 1122; x_wconf 83' lang='grc' dir='ltr'>Γέγραπται</span> <span class='ocrx_word' id='word_1_24' title='bbox 498 1045 579 1098; x_wconf 86' lang='grc' dir='ltr'>ὅτι</span> <span class='ocrx_word' id='word_1_25' title='bbox 617 1045 680 1099; x_wconf 84' lang='lat'><strong>&#39;0</strong></span> <span class='ocrx_word' id='word_1_26' title='bbox 709 1049 854 1115; x_wconf 84' lang='grc' dir='ltr'><strong>Θεὸς</strong></span> <span class='ocrx_word' id='word_1_27' title='bbox 883 1046 1248 1121; x_wconf 75' lang='grc' dir='ltr'><strong>ἀμαρτώλῶν</strong></span> <span class='ocrx_word' id='word_1_28' title='bbox 1294 1064 1405 1115; x_wconf 82' lang='grc' dir='ltr'>οὐκ</span> <span class='ocrx_word' id='word_1_29' title='bbox 1433 1063 1656 1119; x_wconf 86' lang='grc' dir='ltr'>ἀκούει.</span> 
     </span>
    </p>
   </div>
   <div class='ocr_carea' id='block_1_6' title="bbox 91 1130 1656 1215">
    <p class='ocr_par' dir='ltr' id='par_1_6' title="bbox 91 1130 1656 1215">
     <span class='ocr_line' id='line_1_6' title="bbox 91 1130 1656 1215; baseline 0.019 -34"><span class='ocrx_word' id='word_1_30' title='bbox 91 1130 158 1182; x_wconf 84' lang='lat'><strong>&#39;0</strong></span> <span class='ocrx_word' id='word_1_31' title='bbox 189 1132 250 1188; x_wconf 81' lang='grc' dir='ltr'><strong>δὲ</strong></span> <span class='ocrx_word' id='word_1_32' title='bbox 299 1135 577 1204; x_wconf 77' lang='grc' dir='ltr'>αίρετικὸς</span> <span class='ocrx_word' id='word_1_33' title='bbox 640 1137 717 1192; x_wconf 87' lang='grc' dir='ltr'>ὣν</span> <span class='ocrx_word' id='word_1_34' title='bbox 760 1142 1104 1214; x_wconf 80' lang='grc' dir='ltr'>ἁμαρτωλὸς,</span> <span class='ocrx_word' id='word_1_35' title='bbox 1159 1150 1277 1215; x_wconf 84' lang='grc' dir='ltr'><strong>πῶς</strong></span> <span class='ocrx_word' id='word_1_36' title='bbox 1307 1153 1566 1209; x_wconf 82' lang='grc' dir='ltr'><strong>ἀκούεται</strong></span> <span class='ocrx_word' id='word_1_37' title='bbox 1600 1158 1656 1209; x_wconf 82' lang='grc' dir='ltr'>ὲν</span> 
     </span>
    </p>
   </div>
   <div class='ocr_carea' id='block_1_7' title="bbox 79 1222 538 1296">
    <p class='ocr_par' dir='ltr' id='par_1_7' title="bbox 79 1222 538 1296">
     <span class='ocr_line' id='line_1_7' title="bbox 79 1222 538 1296; baseline 0.02 -24"><span class='ocrx_word' id='word_1_38' title='bbox 79 1222 166 1292; x_wconf 84' lang='grc' dir='ltr'>τῷ</span> <span class='ocrx_word' id='word_1_39' title='bbox 216 1223 502 1294; x_wconf 70' lang='grc' dir='ltr'><strong>βαπτίζειν</strong></span> <span class='ocrx_word' id='word_1_40' title='bbox 522 1247 538 1296; x_wconf 86' lang='grc'><strong>;</strong></span> 
     </span>
    </p>
   </div>
   <div class='ocr_carea' id='block_1_8' title="bbox 240 1319 1513 1406">
    <p class='ocr_par' dir='ltr' id='par_1_8' title="bbox 240 1319 1513 1406">
     <span class='ocr_line' id='line_1_8' title="bbox 240 1319 1513 1406; baseline 0.017 -35"><span class='ocrx_word' id='word_1_41' title='bbox 240 1319 465 1385; x_wconf 71' lang='grc' dir='ltr'>Ἄλλος</span> <span class='ocrx_word' id='word_1_42' title='bbox 494 1322 688 1391; x_wconf 75' lang='grc' dir='ltr'>Φῆλιξ</span> <span class='ocrx_word' id='word_1_43' title='bbox 711 1325 828 1380; x_wconf 85' lang='grc' dir='ltr'><strong>ἀπὸ</strong></span> <span class='ocrx_word' id='word_1_44' title='bbox 861 1330 1299 1406; x_wconf 77' lang='grc' dir='ltr'>Οὺαγλακηνῆς</span> <span class='ocrx_word' id='word_1_45' title='bbox 1324 1334 1513 1392; x_wconf 78' lang='grc' dir='ltr'>εἷπεν.</span> 
     </span>
    </p>
   </div>
   <div class='ocr_carea' id='block_1_9' title="bbox 174 1409 1658 1498">
    <p class='ocr_par' dir='ltr' id='par_1_9' title="bbox 174 1409 1658 1498">
     <span class='ocr_line' id='line_1_9' title="bbox 174 1409 1658 1498; baseline 0.016 -35"><span class='ocrx_word' id='word_1_46' title='bbox 174 1409 268 1464; x_wconf 83' lang='grc' dir='ltr'>Ἐν</span> <span class='ocrx_word' id='word_1_47' title='bbox 316 1413 395 1482; x_wconf 81' lang='grc' dir='ltr'>τῷ</span> <span class='ocrx_word' id='word_1_48' title='bbox 446 1417 838 1488; x_wconf 79' lang='grc' dir='ltr'>προσδέχεσθαι</span> <span class='ocrx_word' id='word_1_49' title='bbox 879 1425 1001 1486; x_wconf 84' lang='grc' dir='ltr'>τοὺς</span> <span class='ocrx_word' id='word_1_50' title='bbox 1049 1417 1360 1498; x_wconf 67' lang='grc' dir='ltr'>αἱρετικοίις</span> <span class='ocrx_word' id='word_1_51' title='bbox 1395 1431 1524 1484; x_wconf 84' lang='grc' dir='ltr'>ἄνευ</span> <span class='ocrx_word' id='word_1_52' title='bbox 1563 1433 1658 1487; x_wconf 74' lang='grc' dir='ltr'>τοῦ</span> 
     </span>
    </p>
   </div>
   <div class='ocr_carea' id='block_1_10' title="bbox 86 1501 1658 1592">
    <p class='ocr_par' dir='ltr' id='par_1_10' title="bbox 86 1501 1658 1592">
     <span class='ocr_line' id='line_1_10' title="bbox 86 1501 1658 1592; baseline 0.016 -40"><span class='ocrx_word' id='word_1_53' title='bbox 86 1501 192 1570; x_wconf 81' lang='grc' dir='ltr'>τῆς</span> <span class='ocrx_word' id='word_1_54' title='bbox 244 1503 569 1574; x_wconf 81' lang='grc' dir='ltr'>Ἐκκλησίας</span> <span class='ocrx_word' id='word_1_55' title='bbox 605 1507 982 1580; x_wconf 78' lang='grc' dir='ltr'><strong>βαπτίσματος</strong></span> <span class='ocrx_word' id='word_1_56' title='bbox 1020 1517 1211 1585; x_wconf 77' lang='grc' dir='ltr'>μηδεὶς</span> <span class='ocrx_word' id='word_1_57' title='bbox 1237 1521 1336 1590; x_wconf 77' lang='grc' dir='ltr'>τὴν</span> <span class='ocrx_word' id='word_1_58' title='bbox 1369 1522 1658 1592; x_wconf 84' lang='grc' dir='ltr'>συνήθειαν</span> 
     </span>
    </p>
   </div>
   <div class='ocr_carea' id='block_1_11' title="bbox 86 1593 1208 1676">
    <p class='ocr_par' dir='ltr' id='par_1_11' title="bbox 86 1593 1208 1676">
     <span class='ocr_line' id='line_1_11' title="bbox 86 1593 1208 1676; baseline 0.017 -32"><span class='ocrx_word' id='word_1_59' title='bbox 86 1593 254 1658; x_wconf 76' lang='grc' dir='ltr'>Λόγου</span> <span class='ocrx_word' id='word_1_60' title='bbox 288 1597 384 1649; x_wconf 76' lang='grc' dir='ltr'>καὶ</span> <span class='ocrx_word' id='word_1_61' title='bbox 412 1597 512 1666; x_wconf 83' lang='grc' dir='ltr'><strong>τῆς</strong></span> <span class='ocrx_word' id='word_1_62' title='bbox 558 1600 816 1669; x_wconf 75' lang='grc' dir='ltr'><strong>ἀληθείας</strong></span> <span class='ocrx_word' id='word_1_63' title='bbox 850 1609 1208 1676; x_wconf 80' lang='grc' dir='ltr'>προκρινέτω.</span> 
     </span>
    </p>
   </div>
   <div class='ocr_carea' id='block_1_12' title="bbox 165 1684 1584 1773">
    <p class='ocr_par' dir='ltr' id='par_1_12' title="bbox 165 1684 1584 1773">
     <span class='ocr_line' id='line_1_12' title="bbox 165 1684 1584 1773; baseline 0.016 -37"><span class='ocrx_word' id='word_1_64' title='bbox 165 1684 390 1751; x_wconf 74' lang='grc' dir='ltr'>Ἄλλος</span> <span class='ocrx_word' id='word_1_65' title='bbox 418 1690 776 1758; x_wconf 75' lang='grc' dir='ltr'>Σατορνῖνος</span> <span class='ocrx_word' id='word_1_66' title='bbox 814 1696 934 1749; x_wconf 78' lang='grc' dir='ltr'><strong>ἀπὸ</strong></span> <span class='ocrx_word' id='word_1_67' title='bbox 964 1702 1342 1773; x_wconf 79' lang='grc' dir='ltr'>Πλουτίμνης</span> <span class='ocrx_word' id='word_1_68' title='bbox 1393 1701 1584 1759; x_wconf 75' lang='grc' dir='ltr'>εἶπεν.</span> 
     </span>
    </p>
   </div>
   <div class='ocr_carea' id='block_1_13' title="bbox 159 1775 1654 1869">
    <p class='ocr_par' dir='ltr' id='par_1_13' title="bbox 159 1775 1654 1869">
     <span class='ocr_line' id='line_1_13' title="bbox 159 1775 1654 1869; baseline 0.017 -44"><span class='ocrx_word' id='word_1_69' title='bbox 159 1775 224 1826; x_wconf 81' lang='grc' dir='ltr'>Εἰ</span> <span class='ocrx_word' id='word_1_70' title='bbox 279 1776 505 1831; x_wconf 87' lang='grc' dir='ltr'>δύναται</span> <span class='ocrx_word' id='word_1_71' title='bbox 568 1781 938 1855; x_wconf 81' lang='grc' dir='ltr'>Ἀντίχριστος</span> <span class='ocrx_word' id='word_1_72' title='bbox 983 1790 1167 1845; x_wconf 83' lang='grc' dir='ltr'>δοῦναι</span> <span class='ocrx_word' id='word_1_73' title='bbox 1217 1797 1316 1864; x_wconf 78' lang='grc' dir='ltr'>τὴν</span> <span class='ocrx_word' id='word_1_74' title='bbox 1366 1797 1526 1869; x_wconf 80' lang='grc' dir='ltr'>χάριν</span> <span class='ocrx_word' id='word_1_75' title='bbox 1559 1798 1654 1850; x_wconf 83' lang='grc' dir='ltr'>τοῦ</span> 
     </span>
    </p>
   </div>
   <div class='ocr_carea' id='block_1_14' title="bbox 82 1869 1651 1962">
    <p class='ocr_par' dir='ltr' id='par_1_14' title="bbox 82 1869 1651 1962">
     <span class='ocr_line' id='line_1_14' title="bbox 82 1869 1651 1962; baseline 0.018 -42"><span class='ocrx_word' id='word_1_76' title='bbox 82 1869 349 1938; x_wconf 78' lang='grc' dir='ltr'><strong>Χριστοῦ,</strong></span> <span class='ocrx_word' id='word_1_77' title='bbox 400 1875 656 1932; x_wconf 86' lang='grc' dir='ltr'>δύνανται</span> <span class='ocrx_word' id='word_1_78' title='bbox 713 1880 808 1933; x_wconf 76' lang='grc' dir='ltr'><strong>καὶ</strong></span> <span class='ocrx_word' id='word_1_79' title='bbox 857 1883 904 1933; x_wconf 75' lang='lat' dir='ltr'><strong>oi</strong></span> <span class='ocrx_word' id='word_1_80' title='bbox 948 1887 1217 1956; x_wconf 75' lang='grc' dir='ltr'>αἱρετικοὶ</span> <span class='ocrx_word' id='word_1_81' title='bbox 1263 1893 1569 1962; x_wconf 77' lang='grc' dir='ltr'><strong>βαπτίζειν,</strong></span> <span class='ocrx_word' id='word_1_82' title='bbox 1604 1896 1651 1946; x_wconf 75' lang='lat' dir='ltr'><strong>oi</strong></span> 
     </span>
    </p>
   </div>
   <div class='ocr_carea' id='block_1_15' title="bbox 81 1961 879 2040">
    <p class='ocr_par' dir='ltr' id='par_1_15' title="bbox 81 1961 879 2040">
     <span class='ocr_line' id='line_1_15' title="bbox 81 1961 879 2040; baseline 0.019 -27"><span class='ocrx_word' id='word_1_83' title='bbox 81 1961 481 2032; x_wconf 70' lang='grc' dir='ltr'><strong>ὀνομασθέντες</strong></span> <span class='ocrx_word' id='word_1_84' title='bbox 521 1969 879 2040; x_wconf 78' lang='grc' dir='ltr'>ἀντίχριστοι.</span> 
     </span>
    </p>
   </div>
   <div class='ocr_carea' id='block_1_16' title="bbox 440 2059 1296 2139">
    <p class='ocr_par' dir='ltr' id='par_1_16' title="bbox 440 2059 1296 2139">
     <span class='ocr_line' id='line_1_16' title="bbox 440 2059 1296 2139; baseline 0.021 -26"><span class='ocrx_word' id='word_1_85' title='bbox 440 2059 690 2129; x_wconf 58' lang='grc' dir='ltr'>Κόιντος</span> <span class='ocrx_word' id='word_1_86' title='bbox 709 2066 826 2119; x_wconf 80' lang='grc' dir='ltr'><strong>ἀπὸ</strong></span> <span class='ocrx_word' id='word_1_87' title='bbox 853 2070 1082 2139; x_wconf 77' lang='grc' dir='ltr'><strong>οὐγϐᾶς</strong></span> <span class='ocrx_word' id='word_1_88' title='bbox 1106 2071 1296 2132; x_wconf 74' lang='grc' dir='ltr'>εἶπεν.</span> 
     </span>
    </p>
   </div>
   <div class='ocr_carea' id='block_1_17' title="bbox 170 2148 1658 2248">
    <p class='ocr_par' dir='ltr' id='par_1_17' title="bbox 170 2148 1658 2248">
     <span class='ocr_line' id='line_1_17' title="bbox 170 2148 1658 2248; baseline 0.022 -49"><span class='ocrx_word' id='word_1_89' title='bbox 170 2148 230 2201; x_wconf 89' lang='grc' dir='ltr'><strong>Ὀ</strong></span> <span class='ocrx_word' id='word_1_90' title='bbox 259 2149 391 2215; x_wconf 79' lang='grc' dir='ltr'>Θεὸς</span> <span class='ocrx_word' id='word_1_91' title='bbox 435 2148 516 2216; x_wconf 68' lang='grc' dir='ltr'>εἷς</span> <span class='ocrx_word' id='word_1_92' title='bbox 565 2157 701 2218; x_wconf 80' lang='grc' dir='ltr'>ἐστι,</span> <span class='ocrx_word' id='word_1_93' title='bbox 736 2160 833 2214; x_wconf 79' lang='grc' dir='ltr'><strong>καὶ</strong></span> <span class='ocrx_word' id='word_1_94' title='bbox 874 2156 1169 2236; x_wconf 69' lang='grc' dir='ltr'>Ἐκκλησία</span> <span class='ocrx_word' id='word_1_95' title='bbox 1196 2170 1296 2237; x_wconf 85' lang='grc' dir='ltr'><strong>μία</strong></span> <span class='ocrx_word' id='word_1_96' title='bbox 1335 2175 1428 2228; x_wconf 76' lang='grc' dir='ltr'><strong>καὶ</strong></span> <span class='ocrx_word' id='word_1_97' title='bbox 1475 2178 1532 2230; x_wconf 81' lang='grc' dir='ltr'>ἓν</span> <span class='ocrx_word' id='word_1_98' title='bbox 1563 2179 1658 2248; x_wconf 77' lang='grc' dir='ltr'><strong>βά-</strong></span> 
     </span>
    </p>
   </div>
   <div class='ocr_carea' id='block_1_18' title="bbox 85 2243 1653 2334">
    <p class='ocr_par' dir='ltr' id='par_1_18' title="bbox 85 2243 1653 2334">
     <span class='ocr_line' id='line_1_18' title="bbox 85 2243 1653 2334; baseline 0.024 -45"><span class='ocrx_word' id='word_1_99' title='bbox 85 2253 320 2310; x_wconf 74' lang='grc' dir='ltr'>πτισμα·</span> <span class='ocrx_word' id='word_1_100' title='bbox 352 2243 582 2308; x_wconf 79' lang='grc' dir='ltr'>καὶπῶς</span> <span class='ocrx_word' id='word_1_101' title='bbox 604 2247 827 2305; x_wconf 82' lang='grc' dir='ltr'>δύναταί</span> <span class='ocrx_word' id='word_1_102' title='bbox 855 2270 936 2316; x_wconf 89' lang='grc' dir='ltr'><strong>τις</strong></span> <span class='ocrx_word' id='word_1_103' title='bbox 957 2256 1320 2331; x_wconf 82' lang='grc' dir='ltr'>βαπτισθῆναι</span> <span class='ocrx_word' id='word_1_104' title='bbox 1351 2268 1488 2334; x_wconf 76' lang='grc' dir='ltr'>ἐκεῖ,</span> <span class='ocrx_word' id='word_1_105' title='bbox 1521 2271 1653 2325; x_wconf 86' lang='grc' dir='ltr'>ὅπου</span> 
     </span>
    </p>
   </div>
   <div class='ocr_carea' id='block_1_19' title="bbox 81 2332 1482 2427">
    <p class='ocr_par' dir='ltr' id='par_1_19' title="bbox 81 2332 1482 2427">
     <span class='ocr_line' id='line_1_19' title="bbox 81 2332 1482 2427; baseline 0.019 -42"><span class='ocrx_word' id='word_1_106' title='bbox 81 2332 208 2386; x_wconf 76' lang='grc' dir='ltr'>οὔτε</span> <span class='ocrx_word' id='word_1_107' title='bbox 240 2336 369 2402; x_wconf 81' lang='grc' dir='ltr'>Θεὸς</span> <span class='ocrx_word' id='word_1_108' title='bbox 410 2340 531 2393; x_wconf 79' lang='grc' dir='ltr'>οὔτε</span> <span class='ocrx_word' id='word_1_109' title='bbox 561 2343 795 2414; x_wconf 81' lang='grc' dir='ltr'>Χριστὸς</span> <span class='ocrx_word' id='word_1_110' title='bbox 828 2348 948 2401; x_wconf 73' lang='grc' dir='ltr'>οὔτε</span> <span class='ocrx_word' id='word_1_111' title='bbox 987 2351 1282 2422; x_wconf 75' lang='grc' dir='ltr'>Ἐκκλησία</span> <span class='ocrx_word' id='word_1_112' title='bbox 1316 2359 1433 2412; x_wconf 72' lang='grc' dir='ltr'>ἐστί</span> 
     </span>
    </p>
   </div>
   <div class='ocr_carea' id='block_1_20' title="bbox 297 2428 1438 2514">
    <p class='ocr_par' dir='ltr' id='par_1_20' title="bbox 297 2428 1438 2514">
     <span class='ocr_line' id='line_1_20' title="bbox 297 2428 1438 2514; baseline 0.02 -31"><span class='ocrx_word' id='word_1_113' title='bbox 297 2428 624 2504; x_wconf 73' lang='grc' dir='ltr'>Ἰουλιανὸς</span> <span class='ocrx_word' id='word_1_114' title='bbox 639 2437 760 2492; x_wconf 79' lang='grc' dir='ltr'><strong>ἀπὸ</strong></span> <span class='ocrx_word' id='word_1_115' title='bbox 775 2443 1228 2514; x_wconf 70' lang='grc' dir='ltr'>Μαρκελλιανῆς</span> <span class='ocrx_word' id='word_1_116' title='bbox 1248 2449 1438 2507; x_wconf 81' lang='grc' dir='ltr'>εἶπεν.</span> 
     </span>
    </p>
   </div>
   <div class='ocr_carea' id='block_1_21' title="bbox 159 2518 1651 2620">
    <p class='ocr_par' dir='ltr' id='par_1_21' title="bbox 159 2518 1651 2620">
     <span class='ocr_line' id='line_1_21' title="bbox 159 2518 1651 2620; baseline 0.021 -50"><span class='ocrx_word' id='word_1_117' title='bbox 159 2518 221 2571; x_wconf 78' lang='lat' dir='ltr'><strong>Et</strong></span> <span class='ocrx_word' id='word_1_118' title='bbox 243 2519 466 2576; x_wconf 83' lang='grc' dir='ltr'>δύναται</span> <span class='ocrx_word' id='word_1_119' title='bbox 498 2523 786 2599; x_wconf 65' lang='grc' dir='ltr'>ρνθρωπος</span> <span class='ocrx_word' id='word_1_120' title='bbox 812 2533 933 2586; x_wconf 78' lang='grc' dir='ltr'>δυσὶ</span> <span class='ocrx_word' id='word_1_121' title='bbox 969 2539 1181 2606; x_wconf 85' lang='grc' dir='ltr'>κυρίοις</span> <span class='ocrx_word' id='word_1_122' title='bbox 1204 2540 1499 2611; x_wconf 84' lang='grc' dir='ltr'>δουλεύειν,</span> <span class='ocrx_word' id='word_1_123' title='bbox 1529 2548 1651 2620; x_wconf 84' lang='grc' dir='ltr'>Θεῷ</span> 
     </span>
    </p>
   </div>
   <div class='ocr_carea' id='block_1_22' title="bbox 81 2611 1650 2708">
    <p class='ocr_par' dir='ltr' id='par_1_22' title="bbox 81 2611 1650 2708">
     <span class='ocr_line' id='line_1_22' title="bbox 81 2611 1650 2708; baseline 0.019 -48"><span class='ocrx_word' id='word_1_124' title='bbox 81 2611 180 2662; x_wconf 71' lang='grc' dir='ltr'><strong>καὶ</strong></span> <span class='ocrx_word' id='word_1_125' title='bbox 209 2616 510 2685; x_wconf 72' lang='grc' dir='ltr'>μαμιιωνᾷ,</span> <span class='ocrx_word' id='word_1_126' title='bbox 543 2616 765 2692; x_wconf 83' lang='grc' dir='ltr'>δύναται</span> <span class='ocrx_word' id='word_1_127' title='bbox 798 2625 977 2676; x_wconf 78' lang='grc' dir='ltr'>καὶτὸ</span> <span class='ocrx_word' id='word_1_128' title='bbox 1010 2626 1298 2697; x_wconf 81' lang='grc' dir='ltr'>βάπτισμα</span> <span class='ocrx_word' id='word_1_129' title='bbox 1321 2630 1474 2687; x_wconf 80' lang='grc' dir='ltr'>δυσὶν</span> <span class='ocrx_word' id='word_1_130' title='bbox 1506 2611 1650 2708; x_wconf 47' lang='grc' dir='ltr'>ὑπηλ</span> 
     </span>
    </p>
   </div>
   <div class='ocr_carea' id='block_1_23' title="bbox 77 2705 642 2770">
    <p class='ocr_par' dir='ltr' id='par_1_23' title="bbox 77 2705 642 2770">
     <span class='ocr_line' id='line_1_23' title="bbox 77 2705 642 2770; baseline 0.019 -17"><span class='ocrx_word' id='word_1_131' title='bbox 77 2705 280 2770; x_wconf 82' lang='grc' dir='ltr'>ρετείν.</span> <span class='ocrx_word' id='word_1_132' title='bbox 633 2761 642 2764; x_wconf 70' lang='grc'><strong>,</strong></span> 
     </span>
    </p>
   </div>
   <div class='ocr_carea' id='block_1_24' title="bbox 323 2797 1402 2872">
    <p class='ocr_par' dir='ltr' id='par_1_24' title="bbox 323 2797 1402 2872">
     <span class='ocr_line' id='line_1_24' title="bbox 323 2797 1402 2872; baseline 0.016 -21"><span class='ocrx_word' id='word_1_133' title='bbox 323 2797 513 2865; x_wconf 82' lang='grc' dir='ltr'><strong>Τέναξ</strong></span> <span class='ocrx_word' id='word_1_134' title='bbox 538 2800 659 2856; x_wconf 83' lang='grc' dir='ltr'><strong>ἀπὸ</strong></span> <span class='ocrx_word' id='word_1_135' title='bbox 695 2803 902 2872; x_wconf 67' lang='grc' dir='ltr'><em>Ὀρίων</em></span> <span class='ocrx_word' id='word_1_136' title='bbox 931 2810 1198 2864; x_wconf 83' lang='grc' dir='ltr'>Κελλίων</span> <span class='ocrx_word' id='word_1_137' title='bbox 1245 2809 1402 2869; x_wconf 75' lang='grc' dir='ltr'>εἷπε.</span> 
     </span>
    </p>
   </div>
   <div class='ocr_carea' id='block_1_25' title="bbox 152 2877 1427 2976">
    <p class='ocr_par' dir='ltr' id='par_1_25' title="bbox 152 2877 1427 2976">
     <span class='ocr_line' id='line_1_25' title="bbox 152 2877 1427 2976; baseline 0.02 -39"><span class='ocrx_word' id='word_1_138' title='bbox 152 2885 437 2959; x_wconf 80' lang='grc' dir='ltr'>Βάπτισμα</span> <span class='ocrx_word' id='word_1_139' title='bbox 468 2877 530 2946; x_wconf 56' lang='grc' dir='ltr'>ἓν</span> <span class='ocrx_word' id='word_1_140' title='bbox 557 2898 724 2963; x_wconf 79' lang='grc' dir='ltr'>ἐστιν,</span> <span class='ocrx_word' id='word_1_141' title='bbox 754 2897 890 2953; x_wconf 78' lang='grc' dir='ltr'>ἀλλὰ</span> <span class='ocrx_word' id='word_1_142' title='bbox 929 2901 1030 2972; x_wconf 83' lang='grc' dir='ltr'>τῆς</span> <span class='ocrx_word' id='word_1_143' title='bbox 1077 2903 1427 2976; x_wconf 86' lang='grc' dir='ltr'>Ἐκκλησίας,</span> 
     </span>
    </p>
   </div>
   <div class='ocr_carea' id='block_1_26' title="bbox 69 2972 601 3053">
    <p class='ocr_par' dir='ltr' id='par_1_26' title="bbox 69 2972 601 3053">
     <span class='ocr_line' id='line_1_26' title="bbox 69 2972 601 3053; baseline 0.019 -26"><span class='ocrx_word' id='word_1_144' title='bbox 69 2972 361 3047; x_wconf 80' lang='grc' dir='ltr'>βάπτισμα</span> <span class='ocrx_word' id='word_1_145' title='bbox 384 2982 601 3053; x_wconf 83' lang='grc' dir='ltr'>ἀληθές.</span> 
     </span>
    </p>
   </div>
   <div class='ocr_carea' id='block_1_27' title="bbox 256 3073 1440 3157">
    <p class='ocr_par' dir='ltr' id='par_1_27' title="bbox 256 3073 1440 3157">
     <span class='ocr_line' id='line_1_27' title="bbox 256 3073 1440 3157; baseline 0.019 -32"><span class='ocrx_word' id='word_1_146' title='bbox 256 3073 466 3140; x_wconf 70' lang='grc' dir='ltr'>Ἄλλος</span> <span class='ocrx_word' id='word_1_147' title='bbox 506 3080 767 3148; x_wconf 77' lang='grc' dir='ltr'><strong>Οὐῖκτωρ</strong></span> <span class='ocrx_word' id='word_1_148' title='bbox 796 3083 915 3137; x_wconf 80' lang='grc' dir='ltr'><strong>ἀπὸ</strong></span> <span class='ocrx_word' id='word_1_149' title='bbox 945 3085 1241 3157; x_wconf 75' lang='grc' dir='ltr'>’ᾼσούρας</span> <span class='ocrx_word' id='word_1_150' title='bbox 1267 3088 1440 3147; x_wconf 73' lang='grc' dir='ltr'>εἶπεν</span> 
     </span>
    </p>
   </div>
   <div class='ocr_carea' id='block_1_28' title="bbox 163 3162 412 3232">
    <p class='ocr_par' dir='ltr' id='par_1_28' title="bbox 163 3162 412 3232">
     <span class='ocr_line' id='line_1_28' title="bbox 163 3162 412 3232; baseline 0.016 -16"><span class='ocrx_word' id='word_1_151' title='bbox 163 3162 412 3232; x_wconf 77' lang='grc' dir='ltr'>Ὁμοίως.</span> 
     </span>
    </p>
   </div>
   <div class='ocr_carea' id='block_1_29' title="bbox 276 3261 1426 3339">
    <p class='ocr_par' dir='ltr' id='par_1_29' title="bbox 276 3261 1426 3339">
     <span class='ocr_line' id='line_1_29' title="bbox 276 3261 1426 3339; baseline 0.017 -28"><span class='ocrx_word' id='word_1_152' title='bbox 276 3261 693 3329; x_wconf 79' lang='grc' dir='ltr'>Δουνατοῢλος</span> <span class='ocrx_word' id='word_1_153' title='bbox 748 3266 866 3319; x_wconf 82' lang='grc' dir='ltr'><strong>ἀπὸ</strong></span> <span class='ocrx_word' id='word_1_154' title='bbox 920 3269 1172 3339; x_wconf 71' lang='grc' dir='ltr'>Κάμψης</span> <span class='ocrx_word' id='word_1_155' title='bbox 1233 3272 1426 3329; x_wconf 70' lang='grc' dir='ltr'>εἶπεν-ο</span> 
     </span>
    </p>
   </div>
   <div class='ocr_carea' id='block_1_30' title="bbox 164 3348 1637 3439">
    <p class='ocr_par' dir='ltr' id='par_1_30' title="bbox 164 3348 1637 3439">
     <span class='ocr_line' id='line_1_30' title="bbox 164 3348 1637 3439; baseline 0.016 -39"><span class='ocrx_word' id='word_1_156' title='bbox 164 3348 273 3402; x_wconf 80' lang='grc' dir='ltr'><strong>Ἀεὶ</strong></span> <span class='ocrx_word' id='word_1_157' title='bbox 298 3351 458 3405; x_wconf 85' lang='grc' dir='ltr'>τοῦτο</span> <span class='ocrx_word' id='word_1_158' title='bbox 489 3353 599 3422; x_wconf 75' lang='grc' dir='ltr'><strong>ἐγὼ</strong></span> <span class='ocrx_word' id='word_1_159' title='bbox 625 3356 922 3428; x_wconf 79' lang='grc' dir='ltr'>ἐφρόνησα,</span> <span class='ocrx_word' id='word_1_160' title='bbox 941 3361 1028 3413; x_wconf 81' lang='grc' dir='ltr'><strong>ῐνα</strong></span> <span class='ocrx_word' id='word_1_161' title='bbox 1063 3364 1114 3415; x_wconf 85' lang='grc' dir='ltr'><strong>οί</strong></span> <span class='ocrx_word' id='word_1_162' title='bbox 1140 3365 1433 3435; x_wconf 82' lang='grc' dir='ltr'>αἱρετικοὶ,</span> <span class='ocrx_word' id='word_1_163' title='bbox 1470 3369 1637 3439; x_wconf 84' lang='grc' dir='ltr'>μηδὲν</span> 
     </span>
    </p>
   </div>
   <div class='ocr_carea' id='block_1_31' title="bbox 69 3440 1637 3532">
    <p class='ocr_par' dir='ltr' id='par_1_31' title="bbox 69 3440 1637 3532">
     <span class='ocr_line' id='line_1_31' title="bbox 69 3440 1637 3532; baseline 0.015 -41"><span class='ocrx_word' id='word_1_164' title='bbox 69 3440 180 3506; x_wconf 76' lang='grc' dir='ltr'><strong>ἔξω</strong></span> <span class='ocrx_word' id='word_1_165' title='bbox 232 3442 415 3498; x_wconf 79' lang='grc' dir='ltr'>λαϐεῖν</span> <span class='ocrx_word' id='word_1_166' title='bbox 450 3445 757 3516; x_wconf 84' lang='grc' dir='ltr'>δυνάμενοι,</span> <span class='ocrx_word' id='word_1_167' title='bbox 801 3451 932 3511; x_wconf 79' lang='grc' dir='ltr'>ὅταν</span> <span class='ocrx_word' id='word_1_168' title='bbox 980 3454 1116 3525; x_wconf 73' lang='grc' dir='ltr'>πρὸς</span> <span class='ocrx_word' id='word_1_169' title='bbox 1159 3457 1259 3527; x_wconf 79' lang='grc' dir='ltr'>τὴν</span> <span class='ocrx_word' id='word_1_170' title='bbox 1317 3459 1637 3532; x_wconf 80' lang='grc' dir='ltr'>Ἐκκλησίαν</span> 
     </span>
    </p>
   </div>
   <div class='ocr_carea' id='block_1_32' title="bbox 67 3529 756 3604">
    <p class='ocr_par' dir='ltr' id='par_1_32' title="bbox 67 3529 756 3604">
     <span class='ocr_line' id='line_1_32' title="bbox 67 3529 756 3604; baseline 0.016 -22"><span class='ocrx_word' id='word_1_171' title='bbox 67 3529 291 3597; x_wconf 75' lang='grc' dir='ltr'>ἔλθωσι,</span> <span class='ocrx_word' id='word_1_172' title='bbox 357 3535 756 3604; x_wconf 87' lang='grc' dir='ltr'>βαπτισθῶσιν.</span> 
     </span>
    </p>
   </div>
   <div class='ocr_carea' id='block_1_33' title="bbox 253 3614 1445 3706">
    <p class='ocr_par' dir='ltr' id='par_1_33' title="bbox 253 3614 1445 3706">
     <span class='ocr_line' id='line_1_33' title="bbox 253 3614 1445 3706; baseline 0.017 -29"><span class='ocrx_word' id='word_1_173' title='bbox 253 3614 597 3692; x_wconf 68' lang='grc' dir='ltr'>οὐιὶρουλος</span> <span class='ocrx_word' id='word_1_174' title='bbox 642 3630 762 3684; x_wconf 77' lang='grc' dir='ltr'><strong>ἀπὸ</strong></span> <span class='ocrx_word' id='word_1_175' title='bbox 810 3633 1234 3706; x_wconf 76' lang='grc' dir='ltr'>Ῥουσικκάδος</span> <span class='ocrx_word' id='word_1_176' title='bbox 1251 3641 1445 3696; x_wconf 79' lang='grc' dir='ltr'>εἶπεν.</span> 
     </span>
    </p>
   </div>
   <div class='ocr_carea' id='block_1_34' title="bbox 147 3718 1633 3810">
    <p class='ocr_par' dir='ltr' id='par_1_34' title="bbox 147 3718 1633 3810">
     <span class='ocr_line' id='line_1_34' title="bbox 147 3718 1633 3810; baseline 0.017 -42"><span class='ocrx_word' id='word_1_177' title='bbox 147 3718 469 3788; x_wconf 76' lang='grc' dir='ltr'>Ἄνθρωπος</span> <span class='ocrx_word' id='word_1_178' title='bbox 498 3722 772 3792; x_wconf 80' lang='grc' dir='ltr'>αίρετικὺς</span> <span class='ocrx_word' id='word_1_179' title='bbox 829 3727 1054 3784; x_wconf 86' lang='grc' dir='ltr'>δύναται</span> <span class='ocrx_word' id='word_1_180' title='bbox 1119 3734 1301 3788; x_wconf 77' lang='grc' dir='ltr'>δοῦναι</span> <span class='ocrx_word' id='word_1_181' title='bbox 1330 3737 1358 3788; x_wconf 79' lang='grc' dir='ltr'>ὃ</span> <span class='ocrx_word' id='word_1_182' title='bbox 1393 3738 1464 3807; x_wconf 75' lang='grc' dir='ltr'><strong>μὴ</strong></span> <span class='ocrx_word' id='word_1_183' title='bbox 1497 3737 1633 3810; x_wconf 75' lang='grc' dir='ltr'>ἔχει,</span> 
     </span>
    </p>
   </div>
   <div class='ocr_carea' id='block_1_35' title="bbox 68 3809 1519 3898">
    <p class='ocr_par' dir='ltr' id='par_1_35' title="bbox 68 3809 1519 3898">
     <span class='ocr_line' id='line_1_35' title="bbox 68 3809 1519 3898; baseline 0.017 -37"><span class='ocrx_word' id='word_1_184' title='bbox 68 3809 208 3863; x_wconf 82' lang='grc' dir='ltr'>πολὺ</span> <span class='ocrx_word' id='word_1_185' title='bbox 245 3812 445 3882; x_wconf 82' lang='grc' dir='ltr'>μᾶλλον</span> <span class='ocrx_word' id='word_1_186' title='bbox 473 3818 851 3888; x_wconf 82' lang='grc' dir='ltr'>σχισματικὸς,</span> <span class='ocrx_word' id='word_1_187' title='bbox 880 3821 1017 3894; x_wconf 82' lang='grc' dir='ltr'>ὅπερ</span> <span class='ocrx_word' id='word_1_188' title='bbox 1050 3820 1193 3898; x_wconf 73' lang='grc' dir='ltr'>εῖχεν</span> <span class='ocrx_word' id='word_1_189' title='bbox 1226 3828 1519 3894; x_wconf 81' lang='grc' dir='ltr'>ἀπολέσας.</span> 
     </span>
    </p>
   </div>
   <div class='ocr_carea' id='block_1_36' title="bbox 1469 2904 1649 2980">
    <p class='ocr_par' dir='ltr' id='par_1_36' title="bbox 1469 2904 1649 2980">
     <span class='ocr_line' id='line_1_36' title="bbox 1469 2904 1649 2980; baseline 0.017 -19"><span class='ocrx_word' id='word_1_190' title='bbox 1469 2904 1536 2980; x_wconf 82' lang='grc' dir='ltr'>ἦς</span> <span class='ocrx_word' id='word_1_191' title='bbox 1586 2910 1649 2964; x_wconf 84' lang='grc' dir='ltr'>τὸ</span> 
     </span>
    </p>
   </div>
   <div class='ocr_carea' id='block_1_37' title="bbox 246 4000 1455 4075">
    <p class='ocr_par' dir='ltr' id='par_1_37' title="bbox 246 4000 1455 4075">
     <span class='ocr_line' id='line_1_37' title="bbox 246 4000 1455 4075; baseline 0.009 -22"><span class='ocrx_word' id='word_1_192' title='bbox 246 4000 679 4066; x_wconf 58' lang='lat' dir='ltr'><strong>[laudarunt-oc</strong></span> <span class='ocrx_word' id='word_1_193' title='bbox 708 4004 827 4059; x_wconf 80' lang='grc' dir='ltr'><strong>ἀπὸ</strong></span> <span class='ocrx_word' id='word_1_194' title='bbox 849 4007 1219 4075; x_wconf 76' lang='grc' dir='ltr'>Κουινκόλης</span> <span class='ocrx_word' id='word_1_195' title='bbox 1264 4004 1455 4064; x_wconf 77' lang='grc' dir='ltr'>εἶπεν.</span> 
     </span>
    </p>
   </div>
   <div class='ocr_carea' id='block_1_38' title="bbox 151 4091 1633 4171">
    <p class='ocr_par' dir='ltr' id='par_1_38' title="bbox 151 4091 1633 4171">
     <span class='ocr_line' id='line_1_38' title="bbox 151 4091 1633 4171; baseline 0.009 -27"><span class='ocrx_word' id='word_1_196' title='bbox 151 4091 277 4144; x_wconf 76' lang='grc' dir='ltr'>Ἐάν</span> <span class='ocrx_word' id='word_1_197' title='bbox 312 4107 398 4152; x_wconf 87' lang='grc' dir='ltr'><strong>τις</strong></span> <span class='ocrx_word' id='word_1_198' title='bbox 421 4093 530 4142; x_wconf 80' lang='grc' dir='ltr'><strong>ἀπὸ</strong></span> <span class='ocrx_word' id='word_1_199' title='bbox 559 4091 825 4159; x_wconf 74' lang='grc' dir='ltr'>αἱρέσεως</span> <span class='ocrx_word' id='word_1_200' title='bbox 850 4091 1002 4168; x_wconf 76' lang='grc' dir='ltr'>ἔλθῃ,</span> <span class='ocrx_word' id='word_1_201' title='bbox 1051 4095 1417 4171; x_wconf 82' lang='grc' dir='ltr'>βαπτισθῆναι</span> <span class='ocrx_word' id='word_1_202' title='bbox 1474 4105 1633 4158; x_wconf 78' lang='grc' dir='ltr'>αὐτὸν</span> 
     </span>
    </p>
   </div>
   <div class='ocr_carea' id='block_1_39' title="bbox 63 4175 1522 4252">
    <p class='ocr_par' dir='ltr' id='par_1_39' title="bbox 63 4175 1522 4252">
     <span class='ocr_line' id='line_1_39' title="bbox 63 4175 1522 4252; baseline 0.005 -19"><span class='ocrx_word' id='word_1_203' title='bbox 63 4179 244 4251; x_wconf 69' lang='grc' dir='ltr'>ὀρθῶς</span> <span class='ocrx_word' id='word_1_204' title='bbox 277 4181 370 4231; x_wconf 78' lang='grc' dir='ltr'>καὶ</span> <span class='ocrx_word' id='word_1_205' title='bbox 394 4179 618 4243; x_wconf 81' lang='grc' dir='ltr'>δικαίως</span> <span class='ocrx_word' id='word_1_206' title='bbox 649 4181 918 4252; x_wconf 79' lang='grc' dir='ltr'>κέκριται.</span> <span class='ocrx_word' id='word_1_207' title='bbox 1099 4175 1108 4184; x_wconf 69' lang='grc'><em>’</em></span> <span class='ocrx_word' id='word_1_208' title='bbox 1516 4249 1522 4252; x_wconf 95' lang='lat'>_</span> 
     </span>
    </p>
   </div>
   <div class='ocr_carea' id='block_1_40' title="bbox 192 4269 1490 4348">
    <p class='ocr_par' dir='ltr' id='par_1_40' title="bbox 192 4269 1490 4348">
     <span class='ocr_line' id='line_1_40' title="bbox 192 4269 1490 4348; baseline 0.013 -26"><span class='ocrx_word' id='word_1_209' title='bbox 192 4269 415 4338; x_wconf 80' lang='grc' dir='ltr'>Πέτρος</span> <span class='ocrx_word' id='word_1_210' title='bbox 447 4271 564 4326; x_wconf 83' lang='grc' dir='ltr'><strong>ἀπὸ</strong></span> <span class='ocrx_word' id='word_1_211' title='bbox 615 4274 901 4342; x_wconf 83' lang='grc' dir='ltr'>Ἰππῶνος</span> <span class='ocrx_word' id='word_1_212' title='bbox 941 4278 1263 4348; x_wconf 80' lang='grc' dir='ltr'>Διαρῤὐτου</span> <span class='ocrx_word' id='word_1_213' title='bbox 1291 4278 1490 4338; x_wconf 59' lang='lat' dir='ltr'><strong>sine)&quot;</strong></span> 
     </span>
    </p>
   </div>
   <div class='ocr_carea' id='block_1_41' title="bbox 147 4361 1626 4449">
    <p class='ocr_par' dir='ltr' id='par_1_41' title="bbox 147 4361 1626 4449">
     <span class='ocr_line' id='line_1_41' title="bbox 147 4361 1626 4449; baseline 0.011 -34"><span class='ocrx_word' id='word_1_214' title='bbox 147 4361 300 4416; x_wconf 81' lang='grc' dir='ltr'>Ἐπεὶ</span> <span class='ocrx_word' id='word_1_215' title='bbox 328 4364 388 4417; x_wconf 85' lang='grc' dir='ltr'>ἓν</span> <span class='ocrx_word' id='word_1_216' title='bbox 419 4364 706 4436; x_wconf 77' lang='grc' dir='ltr'>βάπτισμα</span> <span class='ocrx_word' id='word_1_217' title='bbox 734 4370 879 4423; x_wconf 79' lang='grc' dir='ltr'>ἐστιν</span> <span class='ocrx_word' id='word_1_218' title='bbox 913 4372 970 4423; x_wconf 81' lang='grc' dir='ltr'>ὲν</span> <span class='ocrx_word' id='word_1_219' title='bbox 1016 4374 1151 4444; x_wconf 87' lang='grc' dir='ltr'>μόνῃ</span> <span class='ocrx_word' id='word_1_220' title='bbox 1182 4377 1246 4444; x_wconf 84' lang='grc' dir='ltr'>τῇ</span> <span class='ocrx_word' id='word_1_221' title='bbox 1309 4377 1626 4449; x_wconf 72' lang='grc' dir='ltr'>Ἐκκλησία,</span> 
     </span>
    </p>
   </div>
   <div class='ocr_carea' id='block_1_42' title="bbox 59 4453 1632 4537">
    <p class='ocr_par' dir='ltr' id='par_1_42' title="bbox 59 4453 1632 4537">
     <span class='ocr_line' id='line_1_42' title="bbox 59 4453 1632 4537; baseline 0.011 -31"><span class='ocrx_word' id='word_1_222' title='bbox 59 4453 150 4507; x_wconf 75' lang='grc' dir='ltr'><strong>διὰ</strong></span> <span class='ocrx_word' id='word_1_223' title='bbox 175 4455 334 4509; x_wconf 80' lang='grc' dir='ltr'>τοῦτο</span> <span class='ocrx_word' id='word_1_224' title='bbox 358 4459 486 4521; x_wconf 80' lang='grc' dir='ltr'>τοὺς</span> <span class='ocrx_word' id='word_1_225' title='bbox 517 4459 623 4512; x_wconf 81' lang='grc' dir='ltr'>ἀπὸ</span> <span class='ocrx_word' id='word_1_226' title='bbox 652 4460 762 4513; x_wconf 84' lang='grc' dir='ltr'>τῶν</span> <span class='ocrx_word' id='word_1_227' title='bbox 811 4463 1098 4533; x_wconf 79' lang='grc' dir='ltr'>αἰρετικῶν</span> <span class='ocrx_word' id='word_1_228' title='bbox 1133 4467 1225 4518; x_wconf 74' lang='grc' dir='ltr'>καὶ</span> <span class='ocrx_word' id='word_1_229' title='bbox 1256 4471 1632 4537; x_wconf 83' lang='grc' dir='ltr'>σχισματικῶν</span> 
     </span>
    </p>
   </div>
   <div class='ocr_carea' id='block_1_43' title="bbox 59 4544 1628 4629">
    <p class='ocr_par' dir='ltr' id='par_1_43' title="bbox 59 4544 1628 4629">
     <span class='ocr_line' id='line_1_43' title="bbox 59 4544 1628 4629; baseline 0.012 -34"><span class='ocrx_word' id='word_1_230' title='bbox 59 4544 341 4616; x_wconf 73' lang='grc' dir='ltr'>ἐλθόντας,</span> <span class='ocrx_word' id='word_1_231' title='bbox 370 4552 445 4612; x_wconf 80' lang='grc' dir='ltr'>ὡς</span> <span class='ocrx_word' id='word_1_232' title='bbox 477 4550 644 4621; x_wconf 85' lang='grc' dir='ltr'>μηδὲν</span> <span class='ocrx_word' id='word_1_233' title='bbox 679 4553 886 4606; x_wconf 71' lang='grc' dir='ltr'>ἐκεῖθεν</span> <span class='ocrx_word' id='word_1_234' title='bbox 922 4556 1229 4623; x_wconf 70' lang='grc' dir='ltr'>εἰληφότας,</span> <span class='ocrx_word' id='word_1_235' title='bbox 1290 4560 1346 4610; x_wconf 84' lang='grc' dir='ltr'>ὲν</span> <span class='ocrx_word' id='word_1_236' title='bbox 1396 4563 1461 4629; x_wconf 82' lang='grc' dir='ltr'>τῇ</span> <span class='ocrx_word' id='word_1_237' title='bbox 1507 4563 1628 4614; x_wconf 86' lang='grc' dir='ltr'><strong>Ἑκ-</strong></span> 
     </span>
    </p>
   </div>
   <div class='ocr_carea' id='block_1_44' title="bbox 60 4639 863 4715">
    <p class='ocr_par' dir='ltr' id='par_1_44' title="bbox 60 4639 863 4715">
     <span class='ocr_line' id='line_1_44' title="bbox 60 4639 863 4715; baseline 0.007 -26"><span class='ocrx_word' id='word_1_238' title='bbox 60 4639 160 4710; x_wconf 81' lang='grc' dir='ltr'><strong>κλη</strong></span> <span class='ocrx_word' id='word_1_239' title='bbox 170 4639 262 4709; x_wconf 74' lang='grc' dir='ltr'><strong>σία</strong></span> <span class='ocrx_word' id='word_1_240' title='bbox 287 4640 645 4710; x_wconf 79' lang='grc' dir='ltr'>βαπτίζεσθαι</span> <span class='ocrx_word' id='word_1_241' title='bbox 676 4644 863 4715; x_wconf 86' lang='grc' dir='ltr'>κρίνω.</span> 
     </span>
    </p>
   </div>
   <div class='ocr_carea' id='block_1_45' title="bbox 241 4731 1432 4805">
    <p class='ocr_par' dir='ltr' id='par_1_45' title="bbox 241 4731 1432 4805">
     <span class='ocr_line' id='line_1_45' title="bbox 241 4731 1432 4805; baseline 0.008 -21"><span class='ocrx_word' id='word_1_242' title='bbox 241 4731 468 4798; x_wconf 69' lang='grc' dir='ltr'>Ἄλλος</span> <span class='ocrx_word' id='word_1_243' title='bbox 501 4735 752 4798; x_wconf 81' lang='grc' dir='ltr'>Λούκιος</span> <span class='ocrx_word' id='word_1_244' title='bbox 787 4734 904 4788; x_wconf 84' lang='grc' dir='ltr'><strong>ἀπὸ</strong></span> <span class='ocrx_word' id='word_1_245' title='bbox 930 4737 1215 4805; x_wconf 66' lang='grc' dir='ltr'>Αὐσάρης</span> <span class='ocrx_word' id='word_1_246' title='bbox 1242 4733 1432 4794; x_wconf 76' lang='grc' dir='ltr'><strong>εἶπεν.</strong></span> 
     </span>
    </p>
   </div>
   <div class='ocr_carea' id='block_1_46' title="bbox 137 4823 1624 4902">
    <p class='ocr_par' dir='ltr' id='par_1_46' title="bbox 137 4823 1624 4902">
     <span class='ocr_line' id='line_1_46' title="bbox 137 4823 1624 4902; baseline 0.006 -25"><span class='ocrx_word' id='word_1_247' title='bbox 137 4823 293 4887; x_wconf 82' lang='grc' dir='ltr'>Ἐνδς</span> <span class='ocrx_word' id='word_1_248' title='bbox 326 4826 478 4889; x_wconf 73' lang='grc' dir='ltr'>ὄντος</span> <span class='ocrx_word' id='word_1_249' title='bbox 501 4827 636 4881; x_wconf 76' lang='grc' dir='ltr'>Θεοῦ</span> <span class='ocrx_word' id='word_1_250' title='bbox 676 4827 772 4882; x_wconf 80' lang='grc' dir='ltr'>καὶ</span> <span class='ocrx_word' id='word_1_251' title='bbox 804 4828 1016 4898; x_wconf 79' lang='grc' dir='ltr'>[ἰατρὸς</span> <span class='ocrx_word' id='word_1_252' title='bbox 1048 4830 1140 4882; x_wconf 81' lang='grc' dir='ltr'>καὶ</span> <span class='ocrx_word' id='word_1_253' title='bbox 1185 4831 1314 4884; x_wconf 86' lang='grc' dir='ltr'><strong>Υίοῦ</strong></span> <span class='ocrx_word' id='word_1_254' title='bbox 1349 4835 1444 4886; x_wconf 75' lang='grc' dir='ltr'><strong>καὶ</strong></span> <span class='ocrx_word' id='word_1_255' title='bbox 1467 4833 1624 4902; x_wconf 80' lang='grc' dir='ltr'>ἁγίου</span> 
     </span>
    </p>
   </div>
   <div class='ocr_carea' id='block_1_47' title="bbox 63 4915 1624 4996">
    <p class='ocr_par' dir='ltr' id='par_1_47' title="bbox 63 4915 1624 4996">
     <span class='ocr_line' id='line_1_47' title="bbox 63 4915 1624 4996; baseline 0.007 -27"><span class='ocrx_word' id='word_1_256' title='bbox 63 4915 404 4984; x_wconf 82' lang='grc' dir='ltr'>Πνεύματος,</span> <span class='ocrx_word' id='word_1_257' title='bbox 432 4919 525 4970; x_wconf 74' lang='grc' dir='ltr'>καὶ</span> <span class='ocrx_word' id='word_1_258' title='bbox 551 4919 679 4989; x_wconf 83' lang='grc' dir='ltr'>μιᾶς</span> <span class='ocrx_word' id='word_1_259' title='bbox 703 4918 939 4984; x_wconf 78' lang='grc' dir='ltr'>ἐλπίδος,</span> <span class='ocrx_word' id='word_1_260' title='bbox 976 4921 1067 4971; x_wconf 81' lang='grc' dir='ltr'><strong>καὶ</strong></span> <span class='ocrx_word' id='word_1_261' title='bbox 1107 4924 1238 4990; x_wconf 84' lang='grc' dir='ltr'>μιᾶς</span> <span class='ocrx_word' id='word_1_262' title='bbox 1275 4923 1624 4996; x_wconf 83' lang='grc' dir='ltr'>Ἐκκλησίας,</span> 
     </span>
    </p>
   </div>
   <div class='ocr_carea' id='block_1_48' title="bbox 57 5005 1624 5080">
    <p class='ocr_par' dir='ltr' id='par_1_48' title="bbox 57 5005 1624 5080">
     <span class='ocr_line' id='line_1_48' title="bbox 57 5005 1624 5080; baseline 0.007 -20"><span class='ocrx_word' id='word_1_263' title='bbox 57 5007 125 5060; x_wconf 75' lang='grc' dir='ltr'>τὰ</span> <span class='ocrx_word' id='word_1_264' title='bbox 154 5005 307 5077; x_wconf 70' lang='grc' dir='ltr'>παρὰ</span> <span class='ocrx_word' id='word_1_265' title='bbox 339 5008 452 5067; x_wconf 77' lang='grc' dir='ltr'>τοῖς</span> <span class='ocrx_word' id='word_1_266' title='bbox 511 5009 810 5077; x_wconf 67' lang='grc' dir='ltr'>αἱρετικοϊς</span> <span class='ocrx_word' id='word_1_267' title='bbox 849 5011 1196 5080; x_wconf 83' lang='grc' dir='ltr'>πραττόμενα</span> <span class='ocrx_word' id='word_1_268' title='bbox 1257 5014 1478 5071; x_wconf 87' lang='grc' dir='ltr'>λύεσθαι</span> <span class='ocrx_word' id='word_1_269' title='bbox 1514 5018 1624 5071; x_wconf 86' lang='grc' dir='ltr'>δεῖν</span> 
     </span>
    </p>
   </div>
   <div class='ocr_carea' id='block_1_49' title="bbox 59 5097 1627 5179">
    <p class='ocr_par' dir='ltr' id='par_1_49' title="bbox 59 5097 1627 5179">
     <span class='ocr_line' id='line_1_49' title="bbox 59 5097 1627 5179; baseline -0.01 -13"><span class='ocrx_word' id='word_1_270' title='bbox 59 5119 224 5171; x_wconf 79' lang='grc' dir='ltr'>φημι.</span> <span class='ocrx_word' id='word_1_271' title='bbox 257 5097 350 5154; x_wconf 61' lang='grc' dir='ltr'><strong>καὶ</strong></span> <span class='ocrx_word' id='word_1_272' title='bbox 369 5099 495 5161; x_wconf 82' lang='grc' dir='ltr'>τοὺς</span> <span class='ocrx_word' id='word_1_273' title='bbox 533 5100 630 5156; x_wconf 65' lang='grc' dir='ltr'><strong>ἀπ’</strong></span> <span class='ocrx_word' id='word_1_274' title='bbox 668 5103 849 5161; x_wconf 83' lang='grc' dir='ltr'>αὐτῶν</span> <span class='ocrx_word' id='word_1_275' title='bbox 910 5103 1232 5175; x_wconf 73' lang='grc' dir='ltr'>ἐρχομένους</span> <span class='ocrx_word' id='word_1_276' title='bbox 1273 5107 1330 5159; x_wconf 82' lang='grc' dir='ltr'>ὲν</span> <span class='ocrx_word' id='word_1_277' title='bbox 1379 5111 1444 5179; x_wconf 78' lang='grc' dir='ltr'>τῇ</span> <span class='ocrx_word' id='word_1_278' title='bbox 1508 5109 1627 5163; x_wconf 78' lang='grc' dir='ltr'><strong>Ἐκ-</strong></span> 
     </span>
    </p>
   </div>
   <div class='ocr_carea' id='block_1_50' title="bbox 59 5189 593 5264">
    <p class='ocr_par' dir='ltr' id='par_1_50' title="bbox 59 5189 593 5264">
     <span class='ocr_line' id='line_1_50' title="bbox 59 5189 593 5264; baseline -0.004 -19"><span class='ocrx_word' id='word_1_279' title='bbox 59 5192 260 5264; x_wconf 77' lang='grc' dir='ltr'>κλησίᾳ</span> <span class='ocrx_word' id='word_1_280' title='bbox 289 5189 593 5261; x_wconf 78' lang='grc' dir='ltr'>βαπτίζειν.</span> 
     </span>
    </p>
   </div>
   <div class='ocr_carea' id='block_1_51' title="bbox 155 5279 1396 5358">
    <p class='ocr_par' dir='ltr' id='par_1_51' title="bbox 155 5279 1396 5358">
     <span class='ocr_line' id='line_1_51' title="bbox 155 5279 1396 5358; baseline 0.005 -22"><span class='ocrx_word' id='word_1_281' title='bbox 155 5279 158 5290; x_wconf 85' lang='grc'><em>’</em></span> <span class='ocrx_word' id='word_1_282' title='bbox 274 5285 489 5350; x_wconf 70' lang='grc' dir='ltr'>Ἄλλος</span> <span class='ocrx_word' id='word_1_283' title='bbox 518 5282 710 5350; x_wconf 71' lang='grc' dir='ltr'>Φῆλιξ</span> <span class='ocrx_word' id='word_1_284' title='bbox 739 5285 856 5340; x_wconf 80' lang='grc' dir='ltr'><strong>ἀπὸ</strong></span> <span class='ocrx_word' id='word_1_285' title='bbox 895 5285 1180 5358; x_wconf 77' lang='grc' dir='ltr'><strong>Τουριτῶν</strong></span> <span class='ocrx_word' id='word_1_286' title='bbox 1205 5282 1396 5342; x_wconf 76' lang='grc' dir='ltr'>εἶπεν.</span> 
     </span>
    </p>
   </div>
   <div class='ocr_carea' id='block_1_52' title="bbox 137 5376 1624 5450">
    <p class='ocr_par' dir='ltr' id='par_1_52' title="bbox 137 5376 1624 5450">
     <span class='ocr_line' id='line_1_52' title="bbox 137 5376 1624 5450; baseline 0.002 -17"><span class='ocrx_word' id='word_1_287' title='bbox 137 5379 283 5447; x_wconf 80' lang='grc' dir='ltr'><strong>Ἐγὼ</strong></span> <span class='ocrx_word' id='word_1_288' title='bbox 311 5379 504 5450; x_wconf 86' lang='grc' dir='ltr'>κρίνω,</span> <span class='ocrx_word' id='word_1_289' title='bbox 539 5376 623 5431; x_wconf 82' lang='grc' dir='ltr'><strong>ῐνα</strong></span> <span class='ocrx_word' id='word_1_290' title='bbox 660 5378 969 5443; x_wconf 82' lang='grc' dir='ltr'>ἀκολούθως</span> <span class='ocrx_word' id='word_1_291' title='bbox 1007 5383 1124 5442; x_wconf 84' lang='grc' dir='ltr'>ταῖς</span> <span class='ocrx_word' id='word_1_292' title='bbox 1171 5378 1345 5439; x_wconf 86' lang='grc' dir='ltr'>θείαις</span> <span class='ocrx_word' id='word_1_293' title='bbox 1377 5379 1624 5450; x_wconf 76' lang='grc' dir='ltr'>Γραφαῖς</span> 
     </span>
    </p>
   </div>
   <div class='ocr_carea' id='block_1_53' title="bbox 57 5467 1623 5545">
    <p class='ocr_par' dir='ltr' id='par_1_53' title="bbox 57 5467 1623 5545">
     <span class='ocr_line' id='line_1_53' title="bbox 57 5467 1623 5545; baseline 0.004 -25"><span class='ocrx_word' id='word_1_294' title='bbox 57 5467 248 5539; x_wconf 75' lang='grc' dir='ltr'>ἄνομοι</span> <span class='ocrx_word' id='word_1_295' title='bbox 270 5472 422 5545; x_wconf 80' lang='grc' dir='ltr'>παρὰ</span> <span class='ocrx_word' id='word_1_296' title='bbox 445 5473 558 5533; x_wconf 77' lang='grc' dir='ltr'>τοῖς</span> <span class='ocrx_word' id='word_1_297' title='bbox 605 5471 898 5540; x_wconf 80' lang='grc' dir='ltr'>αἱρετικοίς</span> <span class='ocrx_word' id='word_1_298' title='bbox 951 5471 1351 5540; x_wconf 67' lang='grc' dir='ltr'>βαπτισθέντες,</span> <span class='ocrx_word' id='word_1_299' title='bbox 1386 5471 1450 5522; x_wconf 83' lang='grc' dir='ltr'>ἂν</span> <span class='ocrx_word' id='word_1_300' title='bbox 1487 5475 1623 5542; x_wconf 87' lang='grc' dir='ltr'>πρὸς</span> 
     </span>
    </p>
   </div>
   <div class='ocr_carea' id='block_1_54' title="bbox 57 5559 1623 5633">
    <p class='ocr_par' dir='ltr' id='par_1_54' title="bbox 57 5559 1623 5633">
     <span class='ocr_line' id='line_1_54' title="bbox 57 5559 1623 5633; baseline 0.003 -21"><span class='ocrx_word' id='word_1_301' title='bbox 57 5559 150 5628; x_wconf 73' lang='grc' dir='ltr'>τὴν</span> <span class='ocrx_word' id='word_1_302' title='bbox 193 5561 524 5633; x_wconf 81' lang='grc' dir='ltr'>Ἐκκλησίαν</span> <span class='ocrx_word' id='word_1_303' title='bbox 563 5562 938 5631; x_wconf 76' lang='grc' dir='ltr'>καταφύγωσι,</span> <span class='ocrx_word' id='word_1_304' title='bbox 1001 5565 1075 5633; x_wconf 85' lang='grc' dir='ltr'>τῷ</span> <span class='ocrx_word' id='word_1_305' title='bbox 1133 5564 1232 5630; x_wconf 84' lang='grc' dir='ltr'>τῆς</span> <span class='ocrx_word' id='word_1_306' title='bbox 1300 5563 1623 5633; x_wconf 81' lang='grc' dir='ltr'>Ἐκκλησίας</span> 
     </span>
    </p>
   </div>
   <div class='ocr_carea' id='block_1_55' title="bbox 62 5649 1621 5725">
    <p class='ocr_par' dir='ltr' id='par_1_55' title="bbox 62 5649 1621 5725">
     <span class='ocr_line' id='line_1_55' title="bbox 62 5649 1621 5725; baseline 0.005 -22"><span class='ocrx_word' id='word_1_307' title='bbox 62 5649 420 5722; x_wconf 81' lang='grc' dir='ltr'>βαπτίσματι,</span> <span class='ocrx_word' id='word_1_308' title='bbox 451 5657 576 5710; x_wconf 70' lang='grc' dir='ltr'>ἔνθα</span> <span class='ocrx_word' id='word_1_309' title='bbox 605 5659 755 5710; x_wconf 85' lang='grc' dir='ltr'>πᾶσα</span> <span class='ocrx_word' id='word_1_310' title='bbox 785 5652 1000 5720; x_wconf 77' lang='grc' dir='ltr'>ἐξουσία</span> <span class='ocrx_word' id='word_1_311' title='bbox 1039 5657 1188 5725; x_wconf 77' lang='grc' dir='ltr'>παρὰ</span> <span class='ocrx_word' id='word_1_312' title='bbox 1212 5654 1302 5706; x_wconf 81' lang='grc' dir='ltr'>τοῦ</span> <span class='ocrx_word' id='word_1_313' title='bbox 1356 5653 1491 5709; x_wconf 77' lang='grc' dir='ltr'>Θεοῦ</span> <span class='ocrx_word' id='word_1_314' title='bbox 1529 5658 1621 5710; x_wconf 81' lang='grc' dir='ltr'><strong>δὲ-</strong></span> 
     </span>
    </p>
   </div>
   <div class='ocr_carea' id='block_1_56' title="bbox 59 5743 655 5816">
    <p class='ocr_par' dir='ltr' id='par_1_56' title="bbox 59 5743 655 5816">
     <span class='ocr_line' id='line_1_56' title="bbox 59 5743 655 5816; baseline 0.01 -20"><span class='ocrx_word' id='word_1_315' title='bbox 59 5743 230 5812; x_wconf 80' lang='grc' dir='ltr'>δοται,</span> <span class='ocrx_word' id='word_1_316' title='bbox 259 5743 655 5816; x_wconf 84' lang='grc' dir='ltr'>βαπτισθῶσιν.</span> 
     </span>
    </p>
   </div>
   <div class='ocr_carea' id='block_1_57' title="bbox 298 5840 1367 5908">
    <p class='ocr_par' dir='ltr' id='par_1_57' title="bbox 298 5840 1367 5908">
     <span class='ocr_line' id='line_1_57' title="bbox 298 5840 1367 5908; baseline 0 -15"><span class='ocrx_word' id='word_1_317' title='bbox 298 5842 667 5905; x_wconf 67' lang='grc' dir='ltr'>Πλουτιανὸς</span> <span class='ocrx_word' id='word_1_318' title='bbox 703 5842 822 5896; x_wconf 82' lang='grc' dir='ltr'><strong>ἀπὸ</strong></span> <span class='ocrx_word' id='word_1_319' title='bbox 869 5841 1145 5908; x_wconf 60' lang='lat' dir='ltr'><strong>Auﬁdi-nc</strong></span> <span class='ocrx_word' id='word_1_320' title='bbox 1167 5840 1367 5902; x_wconf 76' lang='grc' dir='ltr'>εἶπεν.</span> 
     </span>
    </p>
   </div>
   <div class='ocr_carea' id='block_1_58' title="bbox 136 5912 1611 6004">
    <p class='ocr_par' dir='ltr' id='par_1_58' title="bbox 136 5912 1611 6004">
     <span class='ocr_line' id='line_1_58' title="bbox 136 5912 1611 6004; baseline -0.003 -18"><span class='ocrx_word' id='word_1_321' title='bbox 136 5929 279 6000; x_wconf 74' lang='grc' dir='ltr'><strong>Ἐγὼ</strong></span> <span class='ocrx_word' id='word_1_322' title='bbox 321 5929 558 5983; x_wconf 80' lang='grc' dir='ltr'>πιστεύω</span> <span class='ocrx_word' id='word_1_323' title='bbox 590 5930 934 6000; x_wconf 83' lang='grc' dir='ltr'>βαπτίσματι</span> <span class='ocrx_word' id='word_1_324' title='bbox 969 5912 1242 6004; x_wconf 70' lang='grc' dir='ltr'>σωτηρίαν</span> <span class='ocrx_word' id='word_1_325' title='bbox 1275 5931 1347 6002; x_wconf 83' lang='grc' dir='ltr'><strong>μὴ</strong></span> <span class='ocrx_word' id='word_1_326' title='bbox 1381 5927 1537 5994; x_wconf 78' lang='grc' dir='ltr'>εἶναι,</span> <span class='ocrx_word' id='word_1_327' title='bbox 1567 5931 1611 5982; x_wconf 82' lang='grc' dir='ltr'><strong>εί</strong></span> 
     </span>
    </p>
   </div>
   <div class='ocr_carea' id='block_1_59' title="bbox 1225 489 2212 576">
    <p class='ocr_par' dir='ltr' id='par_1_59' title="bbox 1225 489 2212 576">
     <span class='ocr_line' id='line_1_59' title="bbox 1225 489 2212 576; baseline 0.028 -28"><span class='ocrx_word' id='word_1_328' title='bbox 1225 489 1306 550; x_wconf 83' lang='lat' dir='ltr'><strong>1N</strong></span> <span class='ocrx_word' id='word_1_329' title='bbox 1335 491 1497 553; x_wconf 82' lang='lat' dir='ltr'><strong>CAN-</strong></span> <span class='ocrx_word' id='word_1_330' title='bbox 1534 496 1560 556; x_wconf 86' lang='grc' dir='ltr'>Ι</span> <span class='ocrx_word' id='word_1_331' title='bbox 1594 498 1799 565; x_wconf 84' lang='lat' dir='ltr'><strong>CONC.</strong></span> <span class='ocrx_word' id='word_1_332' title='bbox 1844 505 2212 576; x_wconf 79' lang='lat' dir='ltr'><strong>CARTHAG.</strong></span> 
     </span>
    </p>
   </div>
   <div class='ocr_carea' id='block_1_60' title="bbox 1694 620 2970 697">
    <p class='ocr_par' dir='ltr' id='par_1_60' title="bbox 1694 620 2970 697">
     <span class='ocr_line' id='line_1_60' title="bbox 1694 620 2970 697; baseline 0.015 -20"><span class='ocrx_word' id='word_1_333' title='bbox 1694 620 1743 677; x_wconf 76' lang='grc' dir='ltr'><strong>Δ</strong></span> <span class='ocrx_word' id='word_1_334' title='bbox 2122 628 2415 697; x_wconf 80' lang='lat' dir='ltr'><strong>Thcrapius</strong></span> <span class='ocrx_word' id='word_1_335' title='bbox 2456 651 2487 686; x_wconf 92' lang='lat' dir='ltr'><strong><em>a</em></strong></span> <span class='ocrx_word' id='word_1_336' title='bbox 2527 633 2784 691; x_wconf 80' lang='lat' dir='ltr'><strong>Bulismio</strong></span> <span class='ocrx_word' id='word_1_337' title='bbox 2813 639 2970 696; x_wconf 87' lang='lat' dir='ltr'><strong>dixit.</strong></span> 
     </span>
    </p>
   </div>
   <div class='ocr_carea' id='block_1_61' title="bbox 3190 527 3323 592">
    <p class='ocr_par' dir='ltr' id='par_1_61' title="bbox 3190 527 3323 592">
     <span class='ocr_line' id='line_1_61' title="bbox 3190 527 3323 592; baseline 0.015 -2"><span class='ocrx_word' id='word_1_338' title='bbox 3190 527 3323 592; x_wconf 87' lang='lat'><strong>1118</strong></span> 
     </span>
    </p>
   </div>
   <div class='ocr_carea' id='block_1_62' title="bbox 1833 713 3319 807">
    <p class='ocr_par' dir='ltr' id='par_1_62' title="bbox 1833 713 3319 807">
     <span class='ocr_line' id='line_1_62' title="bbox 1833 713 3319 807; baseline 0.019 -41"><span class='ocrx_word' id='word_1_339' title='bbox 1833 713 1936 781; x_wconf 86' lang='lat' dir='ltr'><strong>Qui</strong></span> <span class='ocrx_word' id='word_1_340' title='bbox 1972 716 2241 775; x_wconf 68' lang='lat' dir='ltr'><strong>haereticis</strong></span> <span class='ocrx_word' id='word_1_341' title='bbox 2270 722 2524 780; x_wconf 79' lang='lat' dir='ltr'><strong>Ecclesiae</strong></span> <span class='ocrx_word' id='word_1_342' title='bbox 2551 729 2820 796; x_wconf 86' lang='lat' dir='ltr'><strong>baptisma</strong></span> <span class='ocrx_word' id='word_1_343' title='bbox 2858 734 3133 802; x_wconf 86' lang='lat' dir='ltr'><strong>concedit,</strong></span> <span class='ocrx_word' id='word_1_344' title='bbox 3186 740 3319 807; x_wconf 85' lang='lat' dir='ltr'><strong>quid</strong></span> 
     </span>
    </p>
   </div>
   <div class='ocr_carea' id='block_1_63' title="bbox 1769 807 3143 890">
    <p class='ocr_par' dir='ltr' id='par_1_63' title="bbox 1769 807 3143 890">
     <span class='ocr_line' id='line_1_63' title="bbox 1769 807 3143 890; baseline 0.017 -32"><span class='ocrx_word' id='word_1_345' title='bbox 1769 807 1916 861; x_wconf 86' lang='lat' dir='ltr'><strong>aliud</strong></span> <span class='ocrx_word' id='word_1_346' title='bbox 1942 826 2103 879; x_wconf 84' lang='lat' dir='ltr'><strong>quam</strong></span> <span class='ocrx_word' id='word_1_347' title='bbox 2135 814 2360 883; x_wconf 69' lang='lat' dir='ltr'><strong>Sponsa:</strong></span> <span class='ocrx_word' id='word_1_348' title='bbox 2379 816 2576 875; x_wconf 84' lang='lat' dir='ltr'><strong>Christi</strong></span> <span class='ocrx_word' id='word_1_349' title='bbox 2615 825 2858 890; x_wconf 85' lang='lat' dir='ltr'><strong>proditor</strong></span> <span class='ocrx_word' id='word_1_350' title='bbox 2886 828 3143 882; x_wconf 80' lang='lat' dir='ltr'><strong>exsistit?</strong></span> 
     </span>
    </p>
   </div>
   <div class='ocr_carea' id='block_1_64' title="bbox 2145 902 2936 970">
    <p class='ocr_par' dir='ltr' id='par_1_64' title="bbox 2145 902 2936 970">
     <span class='ocr_line' id='line_1_64' title="bbox 2145 902 2936 970; baseline 0.018 -14"><span class='ocrx_word' id='word_1_351' title='bbox 2145 902 2340 961; x_wconf 79' lang='lat' dir='ltr'><strong>Lucius</strong></span> <span class='ocrx_word' id='word_1_352' title='bbox 2385 926 2416 962; x_wconf 90' lang='lat' dir='ltr'><strong><em>a</em></strong></span> <span class='ocrx_word' id='word_1_353' title='bbox 2447 908 2740 968; x_wconf 79' lang='lat' dir='ltr'><strong>Memeresa</strong></span> <span class='ocrx_word' id='word_1_354' title='bbox 2777 916 2936 970; x_wconf 86' lang='lat' dir='ltr'><strong>dixit.</strong></span> 
     </span>
    </p>
   </div>
   <div class='ocr_carea' id='block_1_65' title="bbox 1834 991 3315 1068">
    <p class='ocr_par' dir='ltr' id='par_1_65' title="bbox 1834 991 3315 1068">
     <span class='ocr_line' id='line_1_65' title="bbox 1834 991 3315 1068; baseline 0.016 -23"><span class='ocrx_word' id='word_1_355' title='bbox 1834 991 2106 1062; x_wconf 75' lang='lat' dir='ltr'><strong>Scriptum</strong></span> <span class='ocrx_word' id='word_1_356' title='bbox 2133 1005 2255 1052; x_wconf 89' lang='lat' dir='ltr'><strong>est:</strong></span> <span class='ocrx_word' id='word_1_357' title='bbox 2283 998 2419 1054; x_wconf 85' lang='lat' dir='ltr'><strong>Deus</strong></span> <span class='ocrx_word' id='word_1_358' title='bbox 2467 1014 2764 1068; x_wconf 81' lang='lat' dir='ltr'><strong>peccatores</strong></span> <span class='ocrx_word' id='word_1_359' title='bbox 2798 1025 2899 1062; x_wconf 87' lang='lat' dir='ltr'><strong>non</strong></span> <span class='ocrx_word' id='word_1_360' title='bbox 2927 1011 3098 1066; x_wconf 87' lang='lat' dir='ltr'><strong>audit.</strong></span> <span class='ocrx_word' id='word_1_361' title='bbox 3133 1012 3315 1068; x_wconf 69' lang='lat' dir='ltr'><strong>llmrc-</strong></span> 
     </span>
    </p>
   </div>
   <div class='ocr_carea' id='block_1_66' title="bbox 1759 1081 3400 1168">
    <p class='ocr_par' dir='ltr' id='par_1_66' title="bbox 1759 1081 3400 1168">
     <span class='ocr_line' id='line_1_66' title="bbox 1759 1081 3400 1168; baseline 0.016 -36"><span class='ocrx_word' id='word_1_362' title='bbox 1759 1081 1905 1137; x_wconf 83' lang='lat' dir='ltr'><strong>ticus</strong></span> <span class='ocrx_word' id='word_1_363' title='bbox 1928 1092 2131 1148; x_wconf 88' lang='lat' dir='ltr'><strong>autem,</strong></span> <span class='ocrx_word' id='word_1_364' title='bbox 2191 1103 2315 1144; x_wconf 90' lang='lat' dir='ltr'><strong>cum</strong></span> <span class='ocrx_word' id='word_1_365' title='bbox 2375 1093 2445 1154; x_wconf 88' lang='lat' dir='ltr'><strong>sit</strong></span> <span class='ocrx_word' id='word_1_366' title='bbox 2498 1107 2773 1163; x_wconf 84' lang='lat' dir='ltr'><strong>peccator,</strong></span> <span class='ocrx_word' id='word_1_367' title='bbox 2819 1102 3095 1168; x_wconf 87' lang='lat' dir='ltr'><strong>quomodo</strong></span> <span class='ocrx_word' id='word_1_368' title='bbox 3135 1104 3316 1158; x_wconf 61' lang='lat' dir='ltr'><strong>in‘ba-</strong></span> <span class='ocrx_word' id='word_1_369' title='bbox 3396 1095 3400 1100; x_wconf 74' lang='grc'><em>’</em></span> 
     </span>
    </p>
   </div>
   <div class='ocr_carea' id='block_1_67' title="bbox 1759 1175 2427 1250">
    <p class='ocr_par' dir='ltr' id='par_1_67' title="bbox 1759 1175 2427 1250">
     <span class='ocr_line' id='line_1_67' title="bbox 1759 1175 2427 1250; baseline 0.016 -24"><span class='ocrx_word' id='word_1_370' title='bbox 1759 1175 1960 1242; x_wconf 89' lang='lat' dir='ltr'><strong>ptismo</strong></span> <span class='ocrx_word' id='word_1_371' title='bbox 1991 1177 2166 1232; x_wconf 88' lang='lat' dir='ltr'><strong>audiri</strong></span> <span class='ocrx_word' id='word_1_372' title='bbox 2202 1186 2427 1250; x_wconf 85' lang='lat' dir='ltr'><strong>potest?</strong></span> 
     </span>
    </p>
   </div>
   <div class='ocr_carea' id='block_1_68' title="bbox 2072 1361 2994 1436">
    <p class='ocr_par' dir='ltr' id='par_1_68' title="bbox 2072 1361 2994 1436">
     <span class='ocr_line' id='line_1_68' title="bbox 2072 1361 2994 1436; baseline 0.014 -23"><span class='ocrx_word' id='word_1_373' title='bbox 2072 1361 2219 1416; x_wconf 78' lang='lat' dir='ltr'><strong>Alius</strong></span> <span class='ocrx_word' id='word_1_374' title='bbox 2263 1361 2415 1417; x_wconf 81' lang='lat' dir='ltr'><strong>Felix</strong></span> <span class='ocrx_word' id='word_1_375' title='bbox 2444 1382 2474 1417; x_wconf 87' lang='grc' dir='ltr'><strong>ο</strong></span> <span class='ocrx_word' id='word_1_376' title='bbox 2504 1365 2802 1436; x_wconf 80' lang='lat' dir='ltr'><strong>Vaglacena</strong></span> <span class='ocrx_word' id='word_1_377' title='bbox 2835 1373 2994 1427; x_wconf 86' lang='lat' dir='ltr'><strong>dixit.</strong></span> 
     </span>
    </p>
   </div>
   <div class='ocr_carea' id='block_1_69' title="bbox 1825 1451 3306 1534">
    <p class='ocr_par' dir='ltr' id='par_1_69' title="bbox 1825 1451 3306 1534">
     <span class='ocr_line' id='line_1_69' title="bbox 1825 1451 3306 1534; baseline 0.009 -28"><span class='ocrx_word' id='word_1_378' title='bbox 1825 1451 1884 1506; x_wconf 82' lang='lat' dir='ltr'><strong>In</strong></span> <span class='ocrx_word' id='word_1_379' title='bbox 1917 1453 2189 1509; x_wconf 71' lang='lat' dir='ltr'><strong>haereticis</strong></span> <span class='ocrx_word' id='word_1_380' title='bbox 2217 1457 2336 1510; x_wconf 84' lang='lat' dir='ltr'><strong>sine</strong></span> <span class='ocrx_word' id='word_1_381' title='bbox 2366 1456 2620 1514; x_wconf 64' lang='lat' dir='ltr'><strong>Ecclesiae</strong></span> <span class='ocrx_word' id='word_1_382' title='bbox 2655 1461 2925 1529; x_wconf 77' lang='lat' dir='ltr'><strong>baptismo</strong></span> <span class='ocrx_word' id='word_1_383' title='bbox 2973 1467 3306 1534; x_wconf 84' lang='lat' dir='ltr'><strong>recipiendis</strong></span> 
     </span>
    </p>
   </div>
   <div class='ocr_carea' id='block_1_70' title="bbox 1758 1548 3307 1628">
    <p class='ocr_par' dir='ltr' id='par_1_70' title="bbox 1758 1548 3307 1628">
     <span class='ocr_line' id='line_1_70' title="bbox 1758 1548 3307 1628; baseline 0.012 -31"><span class='ocrx_word' id='word_1_384' title='bbox 1758 1558 1916 1598; x_wconf 89' lang='lat' dir='ltr'><strong>nemo</strong></span> <span class='ocrx_word' id='word_1_385' title='bbox 1939 1548 2390 1604; x_wconf 77' lang='lat' dir='ltr'><strong>consuetudinem</strong></span> <span class='ocrx_word' id='word_1_386' title='bbox 2427 1554 2707 1608; x_wconf 85' lang='lat' dir='ltr'><strong>rationiet</strong></span> <span class='ocrx_word' id='word_1_387' title='bbox 2743 1556 2956 1610; x_wconf 87' lang='lat' dir='ltr'><strong>veritati</strong></span> <span class='ocrx_word' id='word_1_388' title='bbox 3006 1572 3307 1628; x_wconf 61' lang='lat' dir='ltr'><strong>praeponat.</strong></span> 
     </span>
    </p>
   </div>
   <div class='ocr_carea' id='block_1_71' title="bbox 1997 1719 3066 1788">
    <p class='ocr_par' dir='ltr' id='par_1_71' title="bbox 1997 1719 3066 1788">
     <span class='ocr_line' id='line_1_71' title="bbox 1997 1719 3066 1788; baseline 0.015 -15"><span class='ocrx_word' id='word_1_389' title='bbox 1997 1719 2150 1776; x_wconf 79' lang='lat' dir='ltr'><strong>Alius</strong></span> <span class='ocrx_word' id='word_1_390' title='bbox 2177 1722 2494 1780; x_wconf 90' lang='lat' dir='ltr'><strong>Saturninns</strong></span> <span class='ocrx_word' id='word_1_391' title='bbox 2538 1745 2569 1782; x_wconf 89' lang='lat' dir='ltr'><strong><em>a</em></strong></span> <span class='ocrx_word' id='word_1_392' title='bbox 2598 1729 2872 1785; x_wconf 86' lang='lat' dir='ltr'><strong>Plutimna</strong></span> <span class='ocrx_word' id='word_1_393' title='bbox 2909 1735 3066 1788; x_wconf 87' lang='lat' dir='ltr'><strong>dixit.</strong></span> 
     </span>
    </p>
   </div>
   <div class='ocr_carea' id='block_1_72' title="bbox 1828 1806 3304 1897">
    <p class='ocr_par' dir='ltr' id='par_1_72' title="bbox 1828 1806 3304 1897">
     <span class='ocr_line' id='line_1_72' title="bbox 1828 1806 3304 1897; baseline 0.016 -38"><span class='ocrx_word' id='word_1_394' title='bbox 1828 1806 1886 1860; x_wconf 91' lang='lat' dir='ltr'><strong>Si</strong></span> <span class='ocrx_word' id='word_1_395' title='bbox 1933 1819 2115 1875; x_wconf 88' lang='lat' dir='ltr'><strong>potest</strong></span> <span class='ocrx_word' id='word_1_396' title='bbox 2152 1813 2527 1872; x_wconf 84' lang='lat' dir='ltr'><strong>Antichristus</strong></span> <span class='ocrx_word' id='word_1_397' title='bbox 2577 1826 2710 1876; x_wconf 75' lang='lat' dir='ltr'><strong>dare</strong></span> <span class='ocrx_word' id='word_1_398' title='bbox 2769 1827 2999 1892; x_wconf 75' lang='lat' dir='ltr'><strong>gratiam</strong></span> <span class='ocrx_word' id='word_1_399' title='bbox 3057 1826 3304 1897; x_wconf 77' lang='lat' dir='ltr'><strong>Christi,</strong></span> 
     </span>
    </p>
   </div>
   <div class='ocr_carea' id='block_1_73' title="bbox 1757 1907 3312 1989">
    <p class='ocr_par' dir='ltr' id='par_1_73' title="bbox 1757 1907 3312 1989">
     <span class='ocr_line' id='line_1_73' title="bbox 1757 1907 3312 1989; baseline 0.014 -34"><span class='ocrx_word' id='word_1_400' title='bbox 1757 1914 1981 1971; x_wconf 74' lang='lat' dir='ltr'><strong>possunt</strong></span> <span class='ocrx_word' id='word_1_401' title='bbox 2004 1912 2057 1958; x_wconf 89' lang='lat' dir='ltr'><strong>et</strong></span> <span class='ocrx_word' id='word_1_402' title='bbox 2127 1907 2369 1964; x_wconf 76' lang='lat' dir='ltr'><strong>literetici</strong></span> <span class='ocrx_word' id='word_1_403' title='bbox 2401 1912 2702 1981; x_wconf 81' lang='lat' dir='ltr'><strong>baptizare,</strong></span> <span class='ocrx_word' id='word_1_404' title='bbox 2750 1918 2842 1986; x_wconf 90' lang='lat' dir='ltr'><strong>qui</strong></span> <span class='ocrx_word' id='word_1_405' title='bbox 2894 1921 3150 1989; x_wconf 82' lang='lat' dir='ltr'><strong>appellati</strong></span> <span class='ocrx_word' id='word_1_406' title='bbox 3183 1931 3312 1977; x_wconf 81' lang='lat' dir='ltr'><strong>sunt</strong></span> 
     </span>
    </p>
   </div>
   <div class='ocr_carea' id='block_1_74' title="bbox 1757 1993 2088 2050">
    <p class='ocr_par' dir='ltr' id='par_1_74' title="bbox 1757 1993 2088 2050">
     <span class='ocr_line' id='line_1_74' title="bbox 1757 1993 2088 2050; baseline 0.012 -4"><span class='ocrx_word' id='word_1_407' title='bbox 1757 1993 2088 2050; x_wconf 81' lang='lat' dir='ltr'><strong>antichristi.</strong></span> 
     </span>
    </p>
   </div>
   <div class='ocr_carea' id='block_1_75' title="bbox 2181 2091 2886 2165">
    <p class='ocr_par' dir='ltr' id='par_1_75' title="bbox 2181 2091 2886 2165">
     <span class='ocr_line' id='line_1_75' title="bbox 2181 2091 2886 2165; baseline 0.017 -22"><span class='ocrx_word' id='word_1_408' title='bbox 2181 2091 2407 2158; x_wconf 83' lang='lat' dir='ltr'><strong>Quintus</strong></span> <span class='ocrx_word' id='word_1_409' title='bbox 2440 2095 2502 2146; x_wconf 83' lang='lat' dir='ltr'><strong>ab</strong></span> <span class='ocrx_word' id='word_1_410' title='bbox 2546 2096 2691 2165; x_wconf 86' lang='lat' dir='ltr'><strong>Ugba</strong></span> <span class='ocrx_word' id='word_1_411' title='bbox 2730 2099 2886 2157; x_wconf 89' lang='lat' dir='ltr'><strong>dixit.</strong></span> 
     </span>
    </p>
   </div>
   <div class='ocr_carea' id='block_1_76' title="bbox 1829 2178 3311 2264">
    <p class='ocr_par' dir='ltr' id='par_1_76' title="bbox 1829 2178 3311 2264">
     <span class='ocr_line' id='line_1_76' title="bbox 1829 2178 3311 2264; baseline 0.013 -32"><span class='ocrx_word' id='word_1_412' title='bbox 1829 2178 1973 2237; x_wconf 89' lang='lat' dir='ltr'><strong>Deus</strong></span> <span class='ocrx_word' id='word_1_413' title='bbox 2028 2197 2172 2238; x_wconf 91' lang='lat' dir='ltr'><strong>unus</strong></span> <span class='ocrx_word' id='word_1_414' title='bbox 2223 2192 2324 2249; x_wconf 83' lang='lat' dir='ltr'><strong>est,</strong></span> <span class='ocrx_word' id='word_1_415' title='bbox 2368 2195 2422 2240; x_wconf 85' lang='lat' dir='ltr'><strong>et</strong></span> <span class='ocrx_word' id='word_1_416' title='bbox 2493 2187 2732 2244; x_wconf 77' lang='lat' dir='ltr'><strong>Ecclesia</strong></span> <span class='ocrx_word' id='word_1_417' title='bbox 2767 2209 2895 2256; x_wconf 86' lang='lat' dir='ltr'><strong>una,</strong></span> <span class='ocrx_word' id='word_1_418' title='bbox 2941 2202 2995 2248; x_wconf 90' lang='lat' dir='ltr'><strong>et</strong></span> <span class='ocrx_word' id='word_1_419' title='bbox 3042 2196 3311 2264; x_wconf 78' lang='lat' dir='ltr'><strong>baptisma</strong></span> 
     </span>
    </p>
   </div>
   <div class='ocr_carea' id='block_1_77' title="bbox 1757 2277 3312 2358">
    <p class='ocr_par' dir='ltr' id='par_1_77' title="bbox 1757 2277 3312 2358">
     <span class='ocr_line' id='line_1_77' title="bbox 1757 2277 3312 2358; baseline 0.012 -34"><span class='ocrx_word' id='word_1_420' title='bbox 1757 2287 1960 2338; x_wconf 90' lang='lat' dir='ltr'><strong>unum;</strong></span> <span class='ocrx_word' id='word_1_421' title='bbox 1990 2277 2266 2343; x_wconf 89' lang='lat' dir='ltr'><strong>quomodo</strong></span> <span class='ocrx_word' id='word_1_422' title='bbox 2296 2294 2426 2348; x_wconf 65' lang='lat' dir='ltr'><strong>ergo</strong></span> <span class='ocrx_word' id='word_1_423' title='bbox 2453 2281 2564 2334; x_wconf 88' lang='lat' dir='ltr'><strong>illic</strong></span> <span class='ocrx_word' id='word_1_424' title='bbox 2599 2284 2856 2350; x_wconf 82' lang='lat' dir='ltr'><strong>haptizari</strong></span> <span class='ocrx_word' id='word_1_425' title='bbox 2903 2286 3099 2355; x_wconf 89' lang='lat' dir='ltr'><strong>aliquis</strong></span> <span class='ocrx_word' id='word_1_426' title='bbox 3135 2298 3312 2358; x_wconf 87' lang='lat' dir='ltr'><strong>potest</strong></span> 
     </span>
    </p>
   </div>
   <div class='ocr_carea' id='block_1_78' title="bbox 1753 2362 3034 2430">
    <p class='ocr_par' dir='ltr' id='par_1_78' title="bbox 1753 2362 3034 2430">
     <span class='ocr_line' id='line_1_78' title="bbox 1753 2362 3034 2430; baseline 0.012 -15"><span class='ocrx_word' id='word_1_427' title='bbox 1753 2362 1844 2416; x_wconf 87' lang='lat' dir='ltr'><strong>ubi</strong></span> <span class='ocrx_word' id='word_1_428' title='bbox 1885 2363 2025 2419; x_wconf 83' lang='lat' dir='ltr'><strong>Deus</strong></span> <span class='ocrx_word' id='word_1_429' title='bbox 2060 2375 2115 2419; x_wconf 91' lang='lat' dir='ltr'><strong>et</strong></span> <span class='ocrx_word' id='word_1_430' title='bbox 2131 2366 2378 2423; x_wconf 90' lang='lat' dir='ltr'><strong>Christus</strong></span> <span class='ocrx_word' id='word_1_431' title='bbox 2405 2380 2458 2423; x_wconf 87' lang='lat' dir='ltr'><strong>et</strong></span> <span class='ocrx_word' id='word_1_432' title='bbox 2496 2371 2735 2426; x_wconf 83' lang='lat' dir='ltr'><strong>Ecclesia</strong></span> <span class='ocrx_word' id='word_1_433' title='bbox 2772 2390 2875 2428; x_wconf 90' lang='lat' dir='ltr'><strong>non</strong></span> <span class='ocrx_word' id='word_1_434' title='bbox 2910 2378 3034 2430; x_wconf 89' lang='lat' dir='ltr'><strong>est?</strong></span> 
     </span>
    </p>
   </div>
   <div class='ocr_carea' id='block_1_79' title="bbox 2091 2455 2969 2520">
    <p class='ocr_par' dir='ltr' id='par_1_79' title="bbox 2091 2455 2969 2520">
     <span class='ocr_line' id='line_1_79' title="bbox 2091 2455 2969 2520; baseline 0.01 -10"><span class='ocrx_word' id='word_1_435' title='bbox 2091 2455 2340 2513; x_wconf 77' lang='lat' dir='ltr'><strong>Julianus</strong></span> <span class='ocrx_word' id='word_1_436' title='bbox 2373 2478 2405 2513; x_wconf 87' lang='lat' dir='ltr'><strong><em>a</em></strong></span> <span class='ocrx_word' id='word_1_437' title='bbox 2439 2461 2784 2518; x_wconf 79' lang='lat' dir='ltr'><strong>Marcelliana</strong></span> <span class='ocrx_word' id='word_1_438' title='bbox 2810 2464 2969 2520; x_wconf 88' lang='lat' dir='ltr'><strong>dixit.</strong></span> 
     </span>
    </p>
   </div>
   <div class='ocr_carea' id='block_1_80' title="bbox 1824 2544 3310 2624">
    <p class='ocr_par' dir='ltr' id='par_1_80' title="bbox 1824 2544 3310 2624">
     <span class='ocr_line' id='line_1_80' title="bbox 1824 2544 3310 2624; baseline 0.011 -25"><span class='ocrx_word' id='word_1_439' title='bbox 1824 2544 1880 2600; x_wconf 90' lang='lat' dir='ltr'><strong>Si</strong></span> <span class='ocrx_word' id='word_1_440' title='bbox 1913 2554 2093 2615; x_wconf 80' lang='lat' dir='ltr'><strong>potest</strong></span> <span class='ocrx_word' id='word_1_441' title='bbox 2125 2550 2286 2603; x_wconf 87' lang='lat' dir='ltr'><strong>homo</strong></span> <span class='ocrx_word' id='word_1_442' title='bbox 2313 2551 2526 2607; x_wconf 84' lang='lat' dir='ltr'><strong>duohus</strong></span> <span class='ocrx_word' id='word_1_443' title='bbox 2549 2554 2788 2611; x_wconf 85' lang='lat' dir='ltr'><strong>dominis</strong></span> <span class='ocrx_word' id='word_1_444' title='bbox 2836 2559 3066 2624; x_wconf 83' lang='lat' dir='ltr'><strong>servire,</strong></span> <span class='ocrx_word' id='word_1_445' title='bbox 3103 2561 3214 2613; x_wconf 85' lang='lat' dir='ltr'><strong>Deo</strong></span> <span class='ocrx_word' id='word_1_446' title='bbox 3253 2573 3310 2615; x_wconf 91' lang='lat' dir='ltr'><strong>et</strong></span> 
     </span>
    </p>
   </div>
   <div class='ocr_carea' id='block_1_81' title="bbox 1751 2644 3272 2713">
    <p class='ocr_par' dir='ltr' id='par_1_81' title="bbox 1751 2644 3272 2713">
     <span class='ocr_line' id='line_1_81' title="bbox 1751 2644 3272 2713; baseline 0.011 -25"><span class='ocrx_word' id='word_1_447' title='bbox 1751 2651 2098 2701; x_wconf 67' lang='lat' dir='ltr'><strong>mammonae,</strong></span> <span class='ocrx_word' id='word_1_448' title='bbox 2144 2648 2323 2708; x_wconf 84' lang='lat' dir='ltr'><strong>potest</strong></span> <span class='ocrx_word' id='word_1_449' title='bbox 2357 2651 2408 2696; x_wconf 87' lang='lat' dir='ltr'><strong>et</strong></span> <span class='ocrx_word' id='word_1_450' title='bbox 2436 2644 2705 2713; x_wconf 81' lang='lat' dir='ltr'><strong>baptisma</strong></span> <span class='ocrx_word' id='word_1_451' title='bbox 2746 2647 2962 2703; x_wconf 87' lang='lat' dir='ltr'><strong>duobus</strong></span> <span class='ocrx_word' id='word_1_452' title='bbox 2990 2648 3272 2704; x_wconf 77' lang='lat' dir='ltr'><strong>inservire.</strong></span> 
     </span>
    </p>
   </div>
   <div class='ocr_carea' id='block_1_82' title="bbox 2121 2819 2942 2888">
    <p class='ocr_par' dir='ltr' id='par_1_82' title="bbox 2121 2819 2942 2888">
     <span class='ocr_line' id='line_1_82' title="bbox 2121 2819 2942 2888; baseline 0.011 -15"><span class='ocrx_word' id='word_1_453' title='bbox 2121 2819 2301 2875; x_wconf 82' lang='lat' dir='ltr'><strong>Tenax</strong></span> <span class='ocrx_word' id='word_1_454' title='bbox 2335 2824 2398 2876; x_wconf 90' lang='lat' dir='ltr'><strong>ab</strong></span> <span class='ocrx_word' id='word_1_455' title='bbox 2431 2823 2756 2888; x_wconf 52' lang='lat' dir='ltr'><strong>OriirCetliis</strong></span> <span class='ocrx_word' id='word_1_456' title='bbox 2784 2828 2942 2883; x_wconf 84' lang='lat' dir='ltr'><strong>dixit.</strong></span> 
     </span>
    </p>
   </div>
   <div class='ocr_carea' id='block_1_83' title="bbox 1818 2906 3310 2979">
    <p class='ocr_par' dir='ltr' id='par_1_83' title="bbox 1818 2906 3310 2979">
     <span class='ocr_line' id='line_1_83' title="bbox 1818 2906 3310 2979; baseline 0.005 -19"><span class='ocrx_word' id='word_1_457' title='bbox 1818 2906 2092 2976; x_wconf 86' lang='lat' dir='ltr'><strong>Baptisma</strong></span> <span class='ocrx_word' id='word_1_458' title='bbox 2123 2921 2291 2964; x_wconf 90' lang='lat' dir='ltr'><strong>unum</strong></span> <span class='ocrx_word' id='word_1_459' title='bbox 2321 2921 2428 2974; x_wconf 87' lang='lat' dir='ltr'><strong>est,</strong></span> <span class='ocrx_word' id='word_1_460' title='bbox 2460 2914 2557 2966; x_wconf 91' lang='lat' dir='ltr'><strong>scd</strong></span> <span class='ocrx_word' id='word_1_461' title='bbox 2589 2912 2864 2978; x_wconf 73' lang='lat' dir='ltr'><strong>Ecclesiae,</strong></span> <span class='ocrx_word' id='word_1_462' title='bbox 2896 2913 3060 2979; x_wconf 85' lang='lat' dir='ltr'><strong>cujus</strong></span> <span class='ocrx_word' id='word_1_463' title='bbox 3090 2921 3176 2967; x_wconf 78' lang='lat' dir='ltr'><strong>est</strong></span> <span class='ocrx_word' id='word_1_464' title='bbox 3215 2929 3310 2968; x_wconf 80' lang='lat' dir='ltr'><strong>ve-</strong></span> 
     </span>
    </p>
   </div>
   <div class='ocr_carea' id='block_1_84' title="bbox 1745 2999 2687 3067">
    <p class='ocr_par' dir='ltr' id='par_1_84' title="bbox 1745 2999 2687 3067">
     <span class='ocr_line' id='line_1_84' title="bbox 1745 2999 2687 3067; baseline 0.002 -16"><span class='ocrx_word' id='word_1_465' title='bbox 1745 3012 1867 3052; x_wconf 85' lang='lat' dir='ltr'><strong>rum</strong></span> <span class='ocrx_word' id='word_1_466' title='bbox 1887 2999 2177 3067; x_wconf 85' lang='lat' dir='ltr'><strong>baptisma.</strong></span> <span class='ocrx_word' id='word_1_467' title='bbox 2681 3055 2687 3062; x_wconf 73' lang='grc'><strong>,</strong></span> 
     </span>
    </p>
   </div>
   <div class='ocr_carea' id='block_1_85' title="bbox 2095 3088 2927 3148">
    <p class='ocr_par' dir='ltr' id='par_1_85' title="bbox 2095 3088 2927 3148">
     <span class='ocr_line' id='line_1_85' title="bbox 2095 3088 2927 3148; baseline 0.006 -5"><span class='ocrx_word' id='word_1_468' title='bbox 2095 3088 2243 3145; x_wconf 80' lang='lat' dir='ltr'><strong>Alius</strong></span> <span class='ocrx_word' id='word_1_469' title='bbox 2284 3089 2461 3146; x_wconf 84' lang='lat' dir='ltr'><strong>Victor</strong></span> <span class='ocrx_word' id='word_1_470' title='bbox 2487 3094 2550 3147; x_wconf 90' lang='lat' dir='ltr'><strong>ab</strong></span> <span class='ocrx_word' id='word_1_471' title='bbox 2585 3095 2756 3148; x_wconf 77' lang='lat' dir='ltr'><strong>Asura</strong></span> <span class='ocrx_word' id='word_1_472' title='bbox 2790 3095 2927 3148; x_wconf 83' lang='lat' dir='ltr'><strong>dixit</strong></span> 
     </span>
    </p>
   </div>
   <div class='ocr_carea' id='block_1_86' title="bbox 1815 3177 2332 3235">
    <p class='ocr_par' dir='ltr' id='par_1_86' title="bbox 1815 3177 2332 3235">
     <span class='ocr_line' id='line_1_86' title="bbox 1815 3177 2332 3235; baseline 0.002 -1"><span class='ocrx_word' id='word_1_473' title='bbox 1815 3177 2100 3235; x_wconf 88' lang='lat' dir='ltr'><strong>Similiter.</strong></span> <span class='ocrx_word' id='word_1_474' title='bbox 2325 3183 2332 3188; x_wconf 87' lang='grc'><em>’</em></span> 
     </span>
    </p>
   </div>
   <div class='ocr_carea' id='block_1_87' title="bbox 2161 3273 2900 3345">
    <p class='ocr_par' dir='ltr' id='par_1_87' title="bbox 2161 3273 2900 3345">
     <span class='ocr_line' id='line_1_87' title="bbox 2161 3273 2900 3345; baseline 0.007 -18"><span class='ocrx_word' id='word_1_475' title='bbox 2161 3273 2462 3329; x_wconf 76' lang='lat' dir='ltr'><strong>Domnulus</strong></span> <span class='ocrx_word' id='word_1_476' title='bbox 2483 3292 2515 3328; x_wconf 86' lang='grc' dir='ltr'><strong>ιι</strong></span> <span class='ocrx_word' id='word_1_477' title='bbox 2537 3276 2709 3345; x_wconf 79' lang='lat' dir='ltr'><strong>Caspe</strong></span> <span class='ocrx_word' id='word_1_478' title='bbox 2737 3278 2900 3333; x_wconf 78' lang='lat' dir='ltr'><strong>dixit.</strong></span> 
     </span>
    </p>
   </div>
   <div class='ocr_carea' id='block_1_88' title="bbox 1812 3363 3300 3437">
    <p class='ocr_par' dir='ltr' id='par_1_88' title="bbox 1812 3363 3300 3437">
     <span class='ocr_line' id='line_1_88' title="bbox 1812 3363 3300 3437; baseline 0.002 -18"><span class='ocrx_word' id='word_1_479' title='bbox 1812 3363 1877 3419; x_wconf 88' lang='lat' dir='ltr'><strong>Et</strong></span> <span class='ocrx_word' id='word_1_480' title='bbox 1904 3380 2006 3435; x_wconf 76' lang='lat' dir='ltr'><strong>ego</strong></span> <span class='ocrx_word' id='word_1_481' title='bbox 2035 3366 2374 3434; x_wconf 88' lang='lat' dir='ltr'><strong>semperhoc</strong></span> <span class='ocrx_word' id='word_1_482' title='bbox 2413 3365 2582 3430; x_wconf 87' lang='lat' dir='ltr'><strong>sensi,</strong></span> <span class='ocrx_word' id='word_1_483' title='bbox 2639 3376 2697 3421; x_wconf 88' lang='lat' dir='ltr'><strong>ut</strong></span> <span class='ocrx_word' id='word_1_484' title='bbox 2737 3367 2993 3431; x_wconf 66' lang='lat' dir='ltr'><strong>haeretici,</strong></span> <span class='ocrx_word' id='word_1_485' title='bbox 3023 3369 3114 3437; x_wconf 88' lang='lat' dir='ltr'><strong>qui</strong></span> <span class='ocrx_word' id='word_1_486' title='bbox 3163 3369 3300 3422; x_wconf 87' lang='lat' dir='ltr'><strong>nihil</strong></span> 
     </span>
    </p>
   </div>
   <div class='ocr_carea' id='block_1_89' title="bbox 1739 3457 3294 3529">
    <p class='ocr_par' dir='ltr' id='par_1_89' title="bbox 1739 3457 3294 3529">
     <span class='ocr_line' id='line_1_89' title="bbox 1739 3457 3294 3529; baseline 0.005 -18"><span class='ocrx_word' id='word_1_487' title='bbox 1739 3457 1874 3514; x_wconf 76' lang='lat' dir='ltr'><strong>foris</strong></span> <span class='ocrx_word' id='word_1_488' title='bbox 1889 3459 2149 3526; x_wconf 80' lang='lat' dir='ltr'><strong>consequi</strong></span> <span class='ocrx_word' id='word_1_489' title='bbox 2173 3467 2425 3526; x_wconf 86' lang='lat' dir='ltr'><strong>possunt,</strong></span> <span class='ocrx_word' id='word_1_490' title='bbox 2450 3460 2670 3529; x_wconf 81' lang='lat' dir='ltr'><strong>quando</strong></span> <span class='ocrx_word' id='word_1_491' title='bbox 2728 3461 2793 3513; x_wconf 88' lang='lat' dir='ltr'><strong>ad</strong></span> <span class='ocrx_word' id='word_1_492' title='bbox 2830 3461 3128 3514; x_wconf 74' lang='lat' dir='ltr'><strong>Ecclesium</strong></span> <span class='ocrx_word' id='word_1_493' title='bbox 3160 3478 3294 3517; x_wconf 73' lang='grc' dir='ltr'>’νο-</span> 
     </span>
    </p>
   </div>
   <div class='ocr_carea' id='block_1_90' title="bbox 1737 3548 2325 3616">
    <p class='ocr_par' dir='ltr' id='par_1_90' title="bbox 1737 3548 2325 3616">
     <span class='ocr_line' id='line_1_90' title="bbox 1737 3548 2325 3616; baseline 0 -15"><span class='ocrx_word' id='word_1_494' title='bbox 1737 3550 1918 3611; x_wconf 85' lang='lat' dir='ltr'><strong>niunt,</strong></span> <span class='ocrx_word' id='word_1_495' title='bbox 1951 3548 2325 3616; x_wconf 84' lang='lat' dir='ltr'><strong>baptizeutur.</strong></span> 
     </span>
    </p>
   </div>
   <div class='ocr_carea' id='block_1_91' title="bbox 2007 3637 3000 3710">
    <p class='ocr_par' dir='ltr' id='par_1_91' title="bbox 2007 3637 3000 3710">
     <span class='ocr_line' id='line_1_91' title="bbox 2007 3637 3000 3710; baseline 0 -16"><span class='ocrx_word' id='word_1_496' title='bbox 2007 3639 2168 3710; x_wconf 78' lang='lat'><strong>373</strong></span> <span class='ocrx_word' id='word_1_497' title='bbox 2211 3637 2433 3694; x_wconf 76' lang='lat' dir='ltr'><strong>Verulus</strong></span> <span class='ocrx_word' id='word_1_498' title='bbox 2461 3657 2492 3692; x_wconf 91' lang='lat' dir='ltr'><strong>a</strong></span> <span class='ocrx_word' id='word_1_499' title='bbox 2519 3639 2810 3708; x_wconf 9' lang='lat' dir='ltr'><strong>Rvusiccade</strong></span> <span class='ocrx_word' id='word_1_500' title='bbox 2839 3642 3000 3698; x_wconf 88' lang='lat' dir='ltr'><strong>dixit.</strong></span> 
     </span>
    </p>
   </div>
   <div class='ocr_carea' id='block_1_92' title="bbox 1805 3729 3294 3802">
    <p class='ocr_par' dir='ltr' id='par_1_92' title="bbox 1805 3729 3294 3802">
     <span class='ocr_line' id='line_1_92' title="bbox 1805 3729 3294 3802; baseline 0.002 -18"><span class='ocrx_word' id='word_1_501' title='bbox 1805 3729 1979 3786; x_wconf 80' lang='lat' dir='ltr'><strong>Homo</strong></span> <span class='ocrx_word' id='word_1_502' title='bbox 2044 3731 2330 3786; x_wconf 66' lang='lat' dir='ltr'><strong>haereticus</strong></span> <span class='ocrx_word' id='word_1_503' title='bbox 2377 3732 2507 3786; x_wconf 86' lang='lat' dir='ltr'><strong>dare</strong></span> <span class='ocrx_word' id='word_1_504' title='bbox 2560 3742 2774 3801; x_wconf 83' lang='lat' dir='ltr'><strong>potest,</strong></span> <span class='ocrx_word' id='word_1_505' title='bbox 2846 3734 2990 3802; x_wconf 85' lang='lat' dir='ltr'><strong>quod</strong></span> <span class='ocrx_word' id='word_1_506' title='bbox 3038 3747 3142 3785; x_wconf 86' lang='lat' dir='ltr'><strong>non</strong></span> <span class='ocrx_word' id='word_1_507' title='bbox 3200 3733 3294 3787; x_wconf 84' lang='lat' dir='ltr'><strong>ha-</strong></span> 
     </span>
    </p>
   </div>
   <div class='ocr_carea' id='block_1_93' title="bbox 1735 3825 3299 3897">
    <p class='ocr_par' dir='ltr' id='par_1_93' title="bbox 1735 3825 3299 3897">
     <span class='ocr_line' id='line_1_93' title="bbox 1735 3825 3299 3897; baseline -0.003 -17"><span class='ocrx_word' id='word_1_508' title='bbox 1735 3825 1858 3891; x_wconf 82' lang='lat' dir='ltr'><strong>bet;</strong></span> <span class='ocrx_word' id='word_1_509' title='bbox 1909 3825 2080 3879; x_wconf 90' lang='lat' dir='ltr'><strong>multo</strong></span> <span class='ocrx_word' id='word_1_510' title='bbox 2137 3826 2307 3896; x_wconf 76' lang='lat' dir='ltr'><strong>magis</strong></span> <span class='ocrx_word' id='word_1_511' title='bbox 2352 3825 2759 3892; x_wconf 81' lang='lat' dir='ltr'><strong>schismaticus,</strong></span> <span class='ocrx_word' id='word_1_512' title='bbox 2804 3828 2897 3897; x_wconf 88' lang='lat' dir='ltr'><strong>qui</strong></span> <span class='ocrx_word' id='word_1_513' title='bbox 2944 3826 3087 3896; x_wconf 90' lang='lat' dir='ltr'><strong>quod</strong></span> <span class='ocrx_word' id='word_1_514' title='bbox 3136 3826 3299 3879; x_wconf 77' lang='lat' dir='ltr'><strong>hahct</strong></span> 
     </span>
    </p>
   </div>
   <div class='ocr_carea' id='block_1_94' title="bbox 1735 3916 2453 3986">
    <p class='ocr_par' dir='ltr' id='par_1_94' title="bbox 1735 3916 2453 3986">
     <span class='ocr_line' id='line_1_94' title="bbox 1735 3916 2453 3986; baseline 0.007 -16"><span class='ocrx_word' id='word_1_515' title='bbox 1735 3916 1939 3970; x_wconf 82' lang='lat' dir='ltr'><strong>amisit.</strong></span> <span class='ocrx_word' id='word_1_516' title='bbox 2043 3960 2048 3964; x_wconf 82' lang='lat'><strong>.</strong></span> <span class='ocrx_word' id='word_1_517' title='bbox 2451 3984 2453 3986; x_wconf 96' lang='lat'><em>_</em></span> 
     </span>
    </p>
   </div>
   <div class='ocr_carea' id='block_1_95' title="bbox 2064 4006 2978 4075">
    <p class='ocr_par' dir='ltr' id='par_1_95' title="bbox 2064 4006 2978 4075">
     <span class='ocr_line' id='line_1_95' title="bbox 2064 4006 2978 4075; baseline 0.007 -17"><span class='ocrx_word' id='word_1_518' title='bbox 2064 4006 2435 4062; x_wconf 74' lang='lat' dir='ltr'><strong>Pudentianus</strong></span> <span class='ocrx_word' id='word_1_519' title='bbox 2461 4025 2494 4062; x_wconf 86' lang='grc' dir='ltr'><strong>α</strong></span> <span class='ocrx_word' id='word_1_520' title='bbox 2525 4010 2788 4075; x_wconf 82' lang='lat' dir='ltr'><strong>Quincola</strong></span> <span class='ocrx_word' id='word_1_521' title='bbox 2822 4009 2978 4064; x_wconf 82' lang='lat' dir='ltr'><strong>dixit.</strong></span> 
     </span>
    </p>
   </div>
   <div class='ocr_carea' id='block_1_96' title="bbox 1807 4097 3302 4170">
    <p class='ocr_par' dir='ltr' id='par_1_96' title="bbox 1807 4097 3302 4170">
     <span class='ocr_line' id='line_1_96' title="bbox 1807 4097 3302 4170; baseline 0.003 -18"><span class='ocrx_word' id='word_1_522' title='bbox 1807 4097 1863 4152; x_wconf 92' lang='lat' dir='ltr'><strong>Si</strong></span> <span class='ocrx_word' id='word_1_523' title='bbox 1894 4098 2016 4168; x_wconf 86' lang='lat' dir='ltr'><strong>quis</strong></span> <span class='ocrx_word' id='word_1_524' title='bbox 2043 4114 2111 4153; x_wconf 80' lang='lat' dir='ltr'><strong>ex</strong></span> <span class='ocrx_word' id='word_1_525' title='bbox 2143 4100 2330 4156; x_wconf 71' lang='lat' dir='ltr'><strong>haeresi</strong></span> <span class='ocrx_word' id='word_1_526' title='bbox 2365 4101 2594 4164; x_wconf 81' lang='lat' dir='ltr'><strong>venerit,</strong></span> <span class='ocrx_word' id='word_1_527' title='bbox 2624 4101 2885 4170; x_wconf 84' lang='lat' dir='ltr'><strong>baptizari</strong></span> <span class='ocrx_word' id='word_1_528' title='bbox 2915 4116 3036 4156; x_wconf 89' lang='lat' dir='ltr'><strong>eum</strong></span> <span class='ocrx_word' id='word_1_529' title='bbox 3064 4110 3209 4158; x_wconf 89' lang='lat' dir='ltr'><strong>recte</strong></span> <span class='ocrx_word' id='word_1_530' title='bbox 3239 4117 3302 4156; x_wconf 87' lang='lat' dir='ltr'><strong>ac</strong></span> 
     </span>
    </p>
   </div>
   <div class='ocr_carea' id='block_1_97' title="bbox 1733 4191 2298 4255">
    <p class='ocr_par' dir='ltr' id='par_1_97' title="bbox 1733 4191 2298 4255">
     <span class='ocr_line' id='line_1_97' title="bbox 1733 4191 2298 4255; baseline 0.005 -10"><span class='ocrx_word' id='word_1_531' title='bbox 1733 4191 1879 4255; x_wconf 80' lang='lat' dir='ltr'><strong>iuste</strong></span> <span class='ocrx_word' id='word_1_532' title='bbox 1910 4199 2170 4246; x_wconf 87' lang='lat' dir='ltr'><strong>statutum</strong></span> <span class='ocrx_word' id='word_1_533' title='bbox 2195 4201 2298 4248; x_wconf 90' lang='lat' dir='ltr'><strong>est.</strong></span> 
     </span>
    </p>
   </div>
   <div class='ocr_carea' id='block_1_98' title="bbox 1980 4285 3043 4356">
    <p class='ocr_par' dir='ltr' id='par_1_98' title="bbox 1980 4285 3043 4356">
     <span class='ocr_line' id='line_1_98' title="bbox 1980 4285 3043 4356; baseline 0 -17"><span class='ocrx_word' id='word_1_534' title='bbox 1980 4285 2170 4341; x_wconf 78' lang='lat' dir='ltr'><strong>Petrus</strong></span> <span class='ocrx_word' id='word_1_535' title='bbox 2206 4290 2271 4343; x_wconf 89' lang='lat' dir='ltr'><strong>ab</strong></span> <span class='ocrx_word' id='word_1_536' title='bbox 2305 4288 2542 4356; x_wconf 76' lang='lat' dir='ltr'><strong>Hippone</strong></span> <span class='ocrx_word' id='word_1_537' title='bbox 2570 4287 2857 4355; x_wconf 68' lang='lat' dir='ltr'><strong>Diarrltyto</strong></span> <span class='ocrx_word' id='word_1_538' title='bbox 2887 4286 3043 4340; x_wconf 84' lang='lat' dir='ltr'><strong>dixit.</strong></span> 
     </span>
    </p>
   </div>
   <div class='ocr_carea' id='block_1_99' title="bbox 1802 4377 3294 4450">
    <p class='ocr_par' dir='ltr' id='par_1_99' title="bbox 1802 4377 3294 4450">
     <span class='ocr_line' id='line_1_99' title="bbox 1802 4377 3294 4450; baseline -0.002 -17"><span class='ocrx_word' id='word_1_539' title='bbox 1802 4378 1937 4433; x_wconf 88' lang='lat' dir='ltr'><strong>Cum</strong></span> <span class='ocrx_word' id='word_1_540' title='bbox 1968 4379 2232 4450; x_wconf 86' lang='lat' dir='ltr'><strong>baptisma</strong></span> <span class='ocrx_word' id='word_1_541' title='bbox 2266 4397 2430 4434; x_wconf 90' lang='lat' dir='ltr'><strong>unum</strong></span> <span class='ocrx_word' id='word_1_542' title='bbox 2456 4380 2527 4434; x_wconf 88' lang='lat' dir='ltr'><strong>sit</strong></span> <span class='ocrx_word' id='word_1_543' title='bbox 2551 4380 2602 4430; x_wconf 89' lang='lat' dir='ltr'><strong>in</strong></span> <span class='ocrx_word' id='word_1_544' title='bbox 2635 4378 2746 4432; x_wconf 88' lang='lat' dir='ltr'><strong>sola</strong></span> <span class='ocrx_word' id='word_1_545' title='bbox 2776 4377 3016 4433; x_wconf 84' lang='lat' dir='ltr'><strong>Ecclesia</strong></span> <span class='ocrx_word' id='word_1_546' title='bbox 3040 4419 3055 4441; x_wconf 86' lang='lat'><strong>,</strong></span> <span class='ocrx_word' id='word_1_547' title='bbox 3094 4382 3294 4432; x_wconf 77' lang='lat' dir='ltr'><strong>idcirco</strong></span> 
     </span>
    </p>
   </div>
   <div class='ocr_carea' id='block_1_100' title="bbox 1732 4469 3297 4536">
    <p class='ocr_par' dir='ltr' id='par_1_100' title="bbox 1732 4469 3297 4536">
     <span class='ocr_line' id='line_1_100' title="bbox 1732 4469 3297 4536; baseline 0 -14"><span class='ocrx_word' id='word_1_548' title='bbox 1732 4483 1848 4531; x_wconf 90' lang='lat' dir='ltr'><strong>cos,</strong></span> <span class='ocrx_word' id='word_1_549' title='bbox 1895 4469 1987 4536; x_wconf 90' lang='lat' dir='ltr'><strong>qui</strong></span> <span class='ocrx_word' id='word_1_550' title='bbox 2035 4470 2101 4521; x_wconf 83' lang='lat' dir='ltr'><strong>ah</strong></span> <span class='ocrx_word' id='word_1_551' title='bbox 2134 4469 2402 4524; x_wconf 68' lang='lat' dir='ltr'><strong>haereticis</strong></span> <span class='ocrx_word' id='word_1_552' title='bbox 2442 4479 2496 4522; x_wconf 91' lang='lat' dir='ltr'><strong>et</strong></span> <span class='ocrx_word' id='word_1_553' title='bbox 2525 4472 2888 4525; x_wconf 82' lang='lat' dir='ltr'><strong>schismaticis</strong></span> <span class='ocrx_word' id='word_1_554' title='bbox 2937 4473 3182 4534; x_wconf 84' lang='lat' dir='ltr'><strong>veniunt,</strong></span> <span class='ocrx_word' id='word_1_555' title='bbox 3237 4480 3297 4522; x_wconf 89' lang='lat' dir='ltr'><strong>ut</strong></span> 
     </span>
    </p>
   </div>
   <div class='ocr_carea' id='block_1_101' title="bbox 1731 4560 3298 4634">
    <p class='ocr_par' dir='ltr' id='par_1_101' title="bbox 1731 4560 3298 4634">
     <span class='ocr_line' id='line_1_101' title="bbox 1731 4560 3298 4634; baseline 0.006 -24"><span class='ocrx_word' id='word_1_556' title='bbox 1731 4560 1824 4625; x_wconf 87' lang='lat' dir='ltr'><strong>qui</strong></span> <span class='ocrx_word' id='word_1_557' title='bbox 1852 4560 1991 4626; x_wconf 84' lang='lat' dir='ltr'><strong>nihil</strong></span> <span class='ocrx_word' id='word_1_558' title='bbox 2019 4561 2142 4615; x_wconf 89' lang='lat' dir='ltr'><strong>inde</strong></span> <span class='ocrx_word' id='word_1_559' title='bbox 2168 4564 2499 4632; x_wconf 84' lang='lat' dir='ltr'><strong>acceperint,</strong></span> <span class='ocrx_word' id='word_1_560' title='bbox 2536 4564 2587 4619; x_wconf 91' lang='lat' dir='ltr'><strong>in</strong></span> <span class='ocrx_word' id='word_1_561' title='bbox 2627 4565 2869 4620; x_wconf 80' lang='lat' dir='ltr'><strong>Ecclesia</strong></span> <span class='ocrx_word' id='word_1_562' title='bbox 2899 4580 3095 4618; x_wconf 86' lang='lat' dir='ltr'><strong>censeo</strong></span> <span class='ocrx_word' id='word_1_563' title='bbox 3124 4565 3298 4634; x_wconf 85' lang='lat' dir='ltr'><strong>bapti-</strong></span> 
     </span>
    </p>
   </div>
   <div class='ocr_carea' id='block_1_102' title="bbox 1737 4652 2890 4722">
    <p class='ocr_par' dir='ltr' id='par_1_102' title="bbox 1737 4652 2890 4722">
     <span class='ocr_line' id='line_1_102' title="bbox 1737 4652 2890 4722; baseline 0.009 -18"><span class='ocrx_word' id='word_1_564' title='bbox 1737 4652 1845 4706; x_wconf 86' lang='lat' dir='ltr'><strong>zari</strong></span> <span class='ocrx_word' id='word_1_565' title='bbox 1877 4661 2148 4722; x_wconf 89' lang='lat' dir='ltr'><strong>oportere.</strong></span> <span class='ocrx_word' id='word_1_566' title='bbox 2881 4708 2890 4714; x_wconf 87' lang='lat'><strong>.</strong></span> 
     </span>
    </p>
   </div>
   <div class='ocr_carea' id='block_1_103' title="bbox 2070 4743 2954 4811">
    <p class='ocr_par' dir='ltr' id='par_1_103' title="bbox 2070 4743 2954 4811">
     <span class='ocr_line' id='line_1_103' title="bbox 2070 4743 2954 4811; baseline -0.007 -10"><span class='ocrx_word' id='word_1_567' title='bbox 2070 4747 2220 4801; x_wconf 80' lang='lat' dir='ltr'><strong>Alius</strong></span> <span class='ocrx_word' id='word_1_568' title='bbox 2253 4749 2446 4803; x_wconf 80' lang='lat' dir='ltr'><strong>Lucius</strong></span> <span class='ocrx_word' id='word_1_569' title='bbox 2473 4747 2536 4801; x_wconf 89' lang='lat' dir='ltr'><strong><em>ab</em></strong></span> <span class='ocrx_word' id='word_1_570' title='bbox 2567 4745 2771 4811; x_wconf 70' lang='lat' dir='ltr'><strong>Ausa/it</strong></span> <span class='ocrx_word' id='word_1_571' title='bbox 2798 4743 2954 4796; x_wconf 83' lang='lat' dir='ltr'><strong>dixit.</strong></span> 
     </span>
    </p>
   </div>
   <div class='ocr_carea' id='block_1_104' title="bbox 1806 4830 3296 4898">
    <p class='ocr_par' dir='ltr' id='par_1_104' title="bbox 1806 4830 3296 4898">
     <span class='ocr_line' id='line_1_104' title="bbox 1806 4830 3296 4898; baseline -0.008 1"><span class='ocrx_word' id='word_1_572' title='bbox 1806 4843 1944 4898; x_wconf 85' lang='lat' dir='ltr'><strong>Cum</strong></span> <span class='ocrx_word' id='word_1_573' title='bbox 2003 4843 2075 4898; x_wconf 89' lang='lat' dir='ltr'><strong>sit</strong></span> <span class='ocrx_word' id='word_1_574' title='bbox 2130 4855 2269 4892; x_wconf 91' lang='lat' dir='ltr'><strong>unus</strong></span> <span class='ocrx_word' id='word_1_575' title='bbox 2326 4837 2502 4898; x_wconf 89' lang='lat' dir='ltr'><strong>Deus,</strong></span> <span class='ocrx_word' id='word_1_576' title='bbox 2573 4842 2626 4888; x_wconf 89' lang='lat' dir='ltr'><strong>et</strong></span> <span class='ocrx_word' id='word_1_577' title='bbox 2686 4831 2846 4887; x_wconf 76' lang='lat' dir='ltr'><strong>Pater</strong></span> <span class='ocrx_word' id='word_1_578' title='bbox 2908 4841 2960 4887; x_wconf 88' lang='lat' dir='ltr'><strong>et</strong></span> <span class='ocrx_word' id='word_1_579' title='bbox 3016 4830 3182 4888; x_wconf 81' lang='lat' dir='ltr'><strong>Filius</strong></span> <span class='ocrx_word' id='word_1_580' title='bbox 3239 4843 3296 4887; x_wconf 83' lang='lat' dir='ltr'><strong>ct</strong></span> 
     </span>
    </p>
   </div>
   <div class='ocr_carea' id='block_1_105' title="bbox 1733 4923 3294 5003">
    <p class='ocr_par' dir='ltr' id='par_1_105' title="bbox 1733 4923 3294 5003">
     <span class='ocr_line' id='line_1_105' title="bbox 1733 4923 3294 5003; baseline -0.007 -16"><span class='ocrx_word' id='word_1_581' title='bbox 1733 4934 1968 5003; x_wconf 87' lang='lat' dir='ltr'><strong>Spiritus</strong></span> <span class='ocrx_word' id='word_1_582' title='bbox 1997 4940 2236 4989; x_wconf 83' lang='lat' dir='ltr'><strong>sanctus,</strong></span> <span class='ocrx_word' id='word_1_583' title='bbox 2295 4936 2346 4981; x_wconf 89' lang='lat' dir='ltr'><strong>et</strong></span> <span class='ocrx_word' id='word_1_584' title='bbox 2405 4943 2509 4981; x_wconf 88' lang='lat' dir='ltr'><strong>una</strong></span> <span class='ocrx_word' id='word_1_585' title='bbox 2553 4941 2710 4994; x_wconf 87' lang='lat' dir='ltr'><strong>spes,</strong></span> <span class='ocrx_word' id='word_1_586' title='bbox 2764 4934 2817 4980; x_wconf 89' lang='lat' dir='ltr'><strong>et</strong></span> <span class='ocrx_word' id='word_1_587' title='bbox 2864 4941 2969 4979; x_wconf 86' lang='lat' dir='ltr'><strong>una</strong></span> <span class='ocrx_word' id='word_1_588' title='bbox 3019 4923 3294 4991; x_wconf 79' lang='lat' dir='ltr'><strong>Ecclesia;</strong></span> 
     </span>
    </p>
   </div>
   <div class='ocr_carea' id='block_1_106' title="bbox 1732 5015 3293 5090">
    <p class='ocr_par' dir='ltr' id='par_1_106' title="bbox 1732 5015 3293 5090">
     <span class='ocr_line' id='line_1_106' title="bbox 1732 5015 3293 5090; baseline -0.006 -15"><span class='ocrx_word' id='word_1_589' title='bbox 1732 5037 1851 5090; x_wconf 75' lang='lat' dir='ltr'><strong>qure</strong></span> <span class='ocrx_word' id='word_1_590' title='bbox 1875 5020 2017 5089; x_wconf 83' lang='lat' dir='ltr'><strong>apud</strong></span> <span class='ocrx_word' id='word_1_591' title='bbox 2040 5018 2324 5073; x_wconf 74' lang='lat' dir='ltr'><strong>hmreticns</strong></span> <span class='ocrx_word' id='word_1_592' title='bbox 2349 5015 2488 5072; x_wconf 77' lang='lat' dir='ltr'><strong>facta</strong></span> <span class='ocrx_word' id='word_1_593' title='bbox 2509 5029 2636 5073; x_wconf 89' lang='lat' dir='ltr'><strong>sunt</strong></span> <span class='ocrx_word' id='word_1_594' title='bbox 2661 5015 2895 5071; x_wconf 77' lang='lat' dir='ltr'><strong>rescindi</strong></span> <span class='ocrx_word' id='word_1_595' title='bbox 2927 5015 3125 5069; x_wconf 85' lang='lat' dir='ltr'><strong>debere</strong></span> <span class='ocrx_word' id='word_1_596' title='bbox 3148 5016 3293 5078; x_wconf 69' lang='lat' dir='ltr'><strong>ilico,</strong></span> 
     </span>
    </p>
   </div>
   <div class='ocr_carea' id='block_1_107' title="bbox 1731 5105 3294 5179">
    <p class='ocr_par' dir='ltr' id='par_1_107' title="bbox 1731 5105 3294 5179">
     <span class='ocr_line' id='line_1_107' title="bbox 1731 5105 3294 5179; baseline -0.003 -13"><span class='ocrx_word' id='word_1_597' title='bbox 1731 5121 1786 5166; x_wconf 86' lang='lat' dir='ltr'><strong>et</strong></span> <span class='ocrx_word' id='word_1_598' title='bbox 1835 5126 1952 5175; x_wconf 88' lang='lat' dir='ltr'><strong>eos,</strong></span> <span class='ocrx_word' id='word_1_599' title='bbox 1999 5108 2090 5179; x_wconf 90' lang='lat' dir='ltr'><strong>qui</strong></span> <span class='ocrx_word' id='word_1_600' title='bbox 2124 5107 2250 5163; x_wconf 88' lang='lat' dir='ltr'><strong>inde</strong></span> <span class='ocrx_word' id='word_1_601' title='bbox 2281 5110 2526 5172; x_wconf 76' lang='lat' dir='ltr'><strong>veniunt,</strong></span> <span class='ocrx_word' id='word_1_602' title='bbox 2584 5111 2634 5162; x_wconf 91' lang='lat' dir='ltr'><strong>iu</strong></span> <span class='ocrx_word' id='word_1_603' title='bbox 2671 5107 2908 5160; x_wconf 83' lang='lat' dir='ltr'><strong>Ecclesia</strong></span> <span class='ocrx_word' id='word_1_604' title='bbox 2938 5105 3294 5175; x_wconf 76' lang='lat' dir='ltr'><strong>baptizandus</strong></span> 
     </span>
    </p>
   </div>
   <div class='ocr_carea' id='block_1_108' title="bbox 1731 5217 1871 5257">
    <p class='ocr_par' dir='ltr' id='par_1_108' title="bbox 1731 5217 1871 5257">
     <span class='ocr_line' id='line_1_108' title="bbox 1731 5217 1871 5257; baseline -0.014 -1"><span class='ocrx_word' id='word_1_605' title='bbox 1731 5217 1871 5257; x_wconf 75' lang='lat'><strong>0558.</strong></span> 
     </span>
    </p>
   </div>
   <div class='ocr_carea' id='block_1_109' title="bbox 2103 5285 2912 5346">
    <p class='ocr_par' dir='ltr' id='par_1_109' title="bbox 2103 5285 2912 5346">
     <span class='ocr_line' id='line_1_109' title="bbox 2103 5285 2912 5346; baseline -0.004 0"><span class='ocrx_word' id='word_1_606' title='bbox 2103 5292 2250 5346; x_wconf 72' lang='lat' dir='ltr'><strong>Alius</strong></span> <span class='ocrx_word' id='word_1_607' title='bbox 2279 5291 2437 5343; x_wconf 75' lang='lat' dir='ltr'><strong>Felix</strong></span> <span class='ocrx_word' id='word_1_608' title='bbox 2465 5305 2495 5340; x_wconf 85' lang='grc' dir='ltr'><strong>α</strong></span> <span class='ocrx_word' id='word_1_609' title='bbox 2532 5285 2726 5340; x_wconf 87' lang='lat' dir='ltr'><strong>Turitis</strong></span> <span class='ocrx_word' id='word_1_610' title='bbox 2755 5286 2912 5344; x_wconf 86' lang='lat' dir='ltr'><strong>dixit.</strong></span> 
     </span>
    </p>
   </div>
   <div class='ocr_carea' id='block_1_110' title="bbox 1805 5377 3292 5453">
    <p class='ocr_par' dir='ltr' id='par_1_110' title="bbox 1805 5377 3292 5453">
     <span class='ocr_line' id='line_1_110' title="bbox 1805 5377 3292 5453; baseline -0.011 -15"><span class='ocrx_word' id='word_1_611' title='bbox 1805 5383 1920 5453; x_wconf 76' lang='lat' dir='ltr'><strong>Ego</strong></span> <span class='ocrx_word' id='word_1_612' title='bbox 1971 5395 2205 5442; x_wconf 84' lang='lat' dir='ltr'><strong>censeo,</strong></span> <span class='ocrx_word' id='word_1_613' title='bbox 2306 5387 2363 5430; x_wconf 92' lang='lat' dir='ltr'><strong>ut</strong></span> <span class='ocrx_word' id='word_1_614' title='bbox 2411 5377 2711 5430; x_wconf 78' lang='lat' dir='ltr'><strong>secundum</strong></span> <span class='ocrx_word' id='word_1_615' title='bbox 2767 5387 3078 5434; x_wconf 89' lang='lat' dir='ltr'><strong>sanctarum</strong></span> <span class='ocrx_word' id='word_1_616' title='bbox 3141 5379 3292 5432; x_wconf 82' lang='lat' dir='ltr'><strong>Scri-</strong></span> 
     </span>
    </p>
   </div>
   <div class='ocr_carea' id='block_1_111' title="bbox 1729 5466 3293 5546">
    <p class='ocr_par' dir='ltr' id='par_1_111' title="bbox 1729 5466 3293 5546">
     <span class='ocr_line' id='line_1_111' title="bbox 1729 5466 3293 5546; baseline -0.006 -17"><span class='ocrx_word' id='word_1_617' title='bbox 1729 5482 2008 5546; x_wconf 88' lang='lat' dir='ltr'><strong>pturarum</strong></span> <span class='ocrx_word' id='word_1_618' title='bbox 2070 5475 2334 5536; x_wconf 79' lang='lat' dir='ltr'><strong>praecepta</strong></span> <span class='ocrx_word' id='word_1_619' title='bbox 2359 5466 2528 5537; x_wconf 90' lang='lat' dir='ltr'><strong>iniqui</strong></span> <span class='ocrx_word' id='word_1_620' title='bbox 2580 5470 2720 5536; x_wconf 84' lang='lat' dir='ltr'><strong>apud</strong></span> <span class='ocrx_word' id='word_1_621' title='bbox 2784 5471 3064 5525; x_wconf 64' lang='lat' dir='ltr'><strong>haireticos</strong></span> <span class='ocrx_word' id='word_1_622' title='bbox 3119 5469 3293 5536; x_wconf 80' lang='lat' dir='ltr'><strong>bapti-</strong></span> 
     </span>
    </p>
   </div>
   <div class='ocr_carea' id='block_1_112' title="bbox 1729 5559 3291 5633">
    <p class='ocr_par' dir='ltr' id='par_1_112' title="bbox 1729 5559 3291 5633">
     <span class='ocr_line' id='line_1_112' title="bbox 1729 5559 3291 5633; baseline -0.006 -12"><span class='ocrx_word' id='word_1_623' title='bbox 1729 5568 1855 5633; x_wconf 83' lang='lat' dir='ltr'><strong>zati,</strong></span> <span class='ocrx_word' id='word_1_624' title='bbox 1905 5566 1948 5620; x_wconf 91' lang='lat' dir='ltr'><strong>si</strong></span> <span class='ocrx_word' id='word_1_625' title='bbox 2001 5561 2064 5615; x_wconf 88' lang='lat' dir='ltr'><strong>ad</strong></span> <span class='ocrx_word' id='word_1_626' title='bbox 2113 5559 2414 5614; x_wconf 84' lang='lat' dir='ltr'><strong>Ecclesiam</strong></span> <span class='ocrx_word' id='word_1_627' title='bbox 2460 5562 2840 5632; x_wconf 82' lang='lat' dir='ltr'><strong>confugerint,</strong></span> <span class='ocrx_word' id='word_1_628' title='bbox 2897 5561 3149 5616; x_wconf 80' lang='lat' dir='ltr'><strong>Ecclesiae</strong></span> <span class='ocrx_word' id='word_1_629' title='bbox 3197 5559 3291 5611; x_wconf 77' lang='lat' dir='ltr'><strong>ba~</strong></span> 
     </span>
    </p>
   </div>
   <div class='ocr_carea' id='block_1_113' title="bbox 1726 5651 3292 5730">
    <p class='ocr_par' dir='ltr' id='par_1_113' title="bbox 1726 5651 3292 5730">
     <span class='ocr_line' id='line_1_113' title="bbox 1726 5651 3292 5730; baseline -0.004 -21"><span class='ocrx_word' id='word_1_630' title='bbox 1726 5652 2024 5730; x_wconf 82' lang='lat' dir='ltr'><strong>plismate,</strong></span> <span class='ocrx_word' id='word_1_631' title='bbox 2066 5651 2156 5705; x_wconf 87' lang='lat' dir='ltr'><strong>ubi</strong></span> <span class='ocrx_word' id='word_1_632' title='bbox 2213 5660 2456 5722; x_wconf 85' lang='lat' dir='ltr'><strong>potestas</strong></span> <span class='ocrx_word' id='word_1_633' title='bbox 2523 5653 2703 5707; x_wconf 88' lang='lat' dir='ltr'><strong>omnis</strong></span> <span class='ocrx_word' id='word_1_634' title='bbox 2758 5667 2787 5706; x_wconf 89' lang='lat' dir='ltr'><strong>a</strong></span> <span class='ocrx_word' id='word_1_635' title='bbox 2837 5652 2946 5707; x_wconf 89' lang='lat' dir='ltr'><strong>Deo</strong></span> <span class='ocrx_word' id='word_1_636' title='bbox 3006 5652 3125 5704; x_wconf 81' lang='lat' dir='ltr'><strong>data</strong></span> <span class='ocrx_word' id='word_1_637' title='bbox 3181 5659 3292 5714; x_wconf 80' lang='lat' dir='ltr'><strong>est,</strong></span> 
     </span>
    </p>
   </div>
   <div class='ocr_carea' id='block_1_114' title="bbox 1727 5749 2084 5818">
    <p class='ocr_par' dir='ltr' id='par_1_114' title="bbox 1727 5749 2084 5818">
     <span class='ocr_line' id='line_1_114' title="bbox 1727 5749 2084 5818; baseline -0.017 -14"><span class='ocrx_word' id='word_1_638' title='bbox 1727 5749 2084 5818; x_wconf 80' lang='lat' dir='ltr'><strong>baptizentur.</strong></span> 
     </span>
    </p>
   </div>
   <div class='ocr_carea' id='block_1_115' title="bbox 1822 5835 2887 5892">
    <p class='ocr_par' dir='ltr' id='par_1_115' title="bbox 1822 5835 2887 5892">
     <span class='ocr_line' id='line_1_115' title="bbox 1822 5835 2887 5892; baseline -0.008 1"><span class='ocrx_word' id='word_1_639' title='bbox 1822 5882 1824 5884; x_wconf 51' lang='grc' dir='ltr'><strong><em>τ</em></strong></span> <span class='ocrx_word' id='word_1_640' title='bbox 2109 5835 2394 5892; x_wconf 83' lang='lat' dir='ltr'><strong>Plutianus</strong></span> <span class='ocrx_word' id='word_1_641' title='bbox 2424 5854 2456 5890; x_wconf 83' lang='grc' dir='ltr'><strong>ο</strong></span> <span class='ocrx_word' id='word_1_642' title='bbox 2489 5836 2705 5891; x_wconf 82' lang='lat' dir='ltr'><strong>Labana</strong></span> <span class='ocrx_word' id='word_1_643' title='bbox 2736 5835 2887 5888; x_wconf 76' lang='lat' dir='ltr'><strong>dixit.</strong></span> 
     </span>
    </p>
   </div>
   <div class='ocr_carea' id='block_1_116' title="bbox 1800 5923 3291 6003">
    <p class='ocr_par' dir='ltr' id='par_1_116' title="bbox 1800 5923 3291 6003">
     <span class='ocr_line' id='line_1_116' title="bbox 1800 5923 3291 6003; baseline -0.005 -17"><span class='ocrx_word' id='word_1_644' title='bbox 1800 5931 1908 6003; x_wconf 74' lang='lat' dir='ltr'><strong>Ego</strong></span> <span class='ocrx_word' id='word_1_645' title='bbox 1937 5930 2096 5987; x_wconf 84' lang='lat' dir='ltr'><strong>credo</strong></span> <span class='ocrx_word' id='word_1_646' title='bbox 2121 5930 2387 6002; x_wconf 81' lang='lat' dir='ltr'><strong>baptisma</strong></span> <span class='ocrx_word' id='word_1_647' title='bbox 2413 5929 2649 5985; x_wconf 84' lang='lat' dir='ltr'><strong>salutare</strong></span> <span class='ocrx_word' id='word_1_648' title='bbox 2672 5941 2776 5981; x_wconf 88' lang='lat' dir='ltr'><strong>non</strong></span> <span class='ocrx_word' id='word_1_649' title='bbox 2806 5938 2948 5991; x_wconf 84' lang='lat' dir='ltr'><strong>esse,</strong></span> <span class='ocrx_word' id='word_1_650' title='bbox 2978 5923 3081 5980; x_wconf 88' lang='lat' dir='ltr'><strong>nisi</strong></span> <span class='ocrx_word' id='word_1_651' title='bbox 3107 5924 3291 5980; x_wconf 71' lang='lat' dir='ltr'><strong>solum</strong></span> 
     </span>
    </p>
   </div>
  </div>
