3974 6346
153 420 297 488 1125

1297 428 1379 490 IN
1417 428 1586 489 CAN.
1628 428 1688 488 ΙΙ
1729 426 1937 489 CONC.
1978 424 2243 488 ANCYR.

3145 422 3150 439 ⁸
3230 427 3363 501 1126

145 557 203 594 τι
232 541 361 597 ἄλλο
401 544 647 615 ἐνεργεῖν
688 544 998 615 ίερατικᾶνο
1029 544 1170 599 ὥστε
1210 546 1268 612 ἐξ
1312 542 1717 606 ἀντιδιαστολῆς

1822 548 1952 604 illud
1991 549 2329 607 sacerdotale
2371 560 2763 643 exsequantur.
2794 552 3159 621 Quamobrem
3200 568 3369 626 argn-

146 632 198 686 οἱ
238 632 438 705 ἕτεροι,
468 636 517 688 oi
550 637 699 706 παρά
740 636 961 701 τούτους
1004 638 1079 709 μὴ
1114 640 1539 709 πραγματικῶς,
1581 641 1718 695 ἀλλά

149 723 293 792 μετά
325 725 523 794 σκῆψιν
551 725 652 790 τὰς
682 726 949 797 βασάνους
990 730 1481 799 προφασισάμενοι,
1510 733 1603 785 καὶ
1627 734 1717 786 τὸν

146 812 286 867 Θεὸν
315 815 704 886 ἀρνησάμενοι,
739 817 863 871 οὐδὲ
903 818 1081 889 τιμῆς
1112 818 1145 890 ἢ
1183 820 1453 892 καθέδρας
1480 822 1715 894 ἀξιωθή-

148 922 357 960 σονται.
388 907 453 959 Τί
494 907 576 970 δὲ,
608 909 683 972 ὡς
713 910 1031 981 Χριστιανοὶ
1074 911 1261 976 ἁπλῶς
1301 914 1439 984 μετά
1467 916 1718 986 δακρύων

149 996 541 1065 μετανοοῦντες
597 1000 693 1054 καὶ
756 1000 1240 1074 ἐξομολογούμενοι
1301 1006 1363 1059 τὸ
1416 1008 1718 1080 ἁμάρτημα

143 1088 197 1141 δε
209 1090 501 1158 χθήσονται
524 1107 541 1158 ;
592 1093 746 1163 Ἐμοὶ
768 1094 905 1159 τέως
925 1094 1093 1151 δοκεῖ.
1120 1096 1197 1150 Οὐ
1221 1102 1327 1169 γάρ
1357 1100 1505 1155 ἐστιν
1535 1102 1718 1175 ἀμαρ-

145 1180 240 1233 τία
268 1182 474 1238 νικῶσα
496 1184 595 1255 τήν
616 1185 707 1239 τοῦ
734 1186 868 1240 Θεοῦ
897 1188 1305 1267 φιλανθρωπίαν
1334 1192 1467 1264 (70).

226 1362 472 1418 ΖΩΝΑΡ.
508 1352 629 1417 Τῶν
662 1366 1060 1439 ὑποκυψάντων
1101 1374 1159 1426 ὲν
1184 1375 1296 1438 τοῖς
1328 1375 1589 1447 διωγμοῖς
1612 1383 1723 1444 τοῖς

147 1454 438 1521 τυράννοις
468 1456 562 1507 καὶ
592 1455 872 1512 θυσάντων
896 1460 946 1513 οί
987 1463 1084 1530 μὲν
1110 1464 1363 1532 βασάνοις
1389 1466 1725 1537 ὑποϐληθέν-

146 1562 265 1608 τες,
291 1548 383 1598 καὶ
408 1550 473 1617 τῇ
506 1547 596 1619 βίᾳ
618 1547 791 1620 τούτῳ
818 1553 911 1605 καὶ
931 1555 995 1623 τῇ
1024 1553 1314 1626 δριμύτητι
1346 1557 1508 1631 μέχρι
1533 1560 1723 1624 τέλους

148 1638 427 1708 ἀντίσχειν
459 1642 532 1709 μὴ
560 1640 899 1709 δυναμένοις,
931 1645 1244 1717 ἡττήθησαν
1276 1650 1373 1702 καὶ
1417 1651 1514 1718 τὴν
1542 1653 1724 1707 πίστιν

146 1730 486 1800 ἠρνήσαντο·
517 1732 567 1786 oi
598 1733 656 1787 δὲ
696 1738 790 1789 καὶ
823 1736 928 1807 πρὸ
956 1741 1054 1809 τῆς
1100 1738 1299 1810 πείρας
1337 1741 1444 1795 τῶν
1478 1743 1725 1812 βασάνων

1812 650 1996 697 mento
2025 659 2054 697 a
2104 645 2380 699 contrario
2428 654 2671 716 sumpto,
2725 646 2815 700 alii
2865 657 3061 718 praeter
3118 646 3239 710 ltos,
3271 648 3367 715 qui

1808 751 1917 790 non
1951 751 2156 801 revera,
2209 737 2303 793 sed
2332 738 2583 793 simulate
2609 746 2882 793 tormenta
2936 745 3363 807 praetexuerunt,

1806 839 1861 883 et
1891 829 2057 885 Deum
2092 840 2445 900 negaverunt,
2480 846 2577 884 nee
2610 831 2819 886 honore
2869 831 3085 900 quidem
3139 830 3220 883 vel
3275 845 3371 883 (ao

1807 918 2002 973 tltedra
2028 918 2173 988 digni
2207 918 2573 974 habebuntur.
2605 919 2743 985 Quid
2771 935 2921 984 vero,
2958 935 3089 973 num
3126 929 3185 972 ut
3215 919 3370 972 Chri-

1810 1008 1976 1063 Sliani
2006 1009 2325 1080 simpliciter
2355 1006 2480 1064 cum
2515 1011 2766 1081 laerymis
2793 1010 3175 1079 paenitentiam
3206 1023 3370 1076 agen-

1810 1110 1917 1166 tes,
1970 1110 2025 1155 et
2075 1113 2351 1170 peccatum
2399 1102 2744 1167 confitcntes,
2793 1100 3163 1170 suscipientur
3193 1100 3215 1153 ἲ
3244 1099 3369 1153 Mihi

1808 1203 1957 1252 certe
1984 1194 2218 1249 videtur.
2246 1192 2360 1246 Non
2391 1202 2472 1248 est
2499 1193 2641 1247 enim
2671 1202 2974 1259 peccatum,
3013 1190 3157 1262 quod
3187 1191 3371 1246 vincat

1814 1286 1907 1342 Dei
1946 1284 2403 1340 misericordiam.
3444 1348 3447 1349 ν

1866 1378 2031 1449 376
2050 1376 2403 1443 ZONAR.Qui
2429 1377 2714 1447 ingruente
2730 1370 3125 1444 peréecutionis
3140 1374 3374 1445 procella

1815 1479 2170 1541 tyrannorum
2207 1470 2453 1539 imperiis
2483 1469 2728 1524 obsecuti
2758 1467 3145 1530 immolavere;
3177 1467 3371 1535 partim

1814 1560 2101 1616 tormentis
2129 1561 2412 1630 exagitati,
2445 1576 2567 1615 cum
2599 1575 2786 1614 eorum
2817 1562 2923 1613 vim
2959 1568 3013 1612 et
3029 1560 3375 1627 asperitatem

1815 1653 2060 1721 perferre
2099 1666 2205 1704 non
2239 1658 2484 1720 possent.
2537 1650 2666 1704 victi
2704 1658 2832 1705 sunt
2863 1656 2919 1704 ct
2956 1648 3112 1702 fidem
3143 1648 3376 1717 denega-

1813 1751 1981 1797 rnnt:
2041 1742 2265 1811 partim,
2314 1742 2639 1814 priusquam
2693 1741 2857 1796 etiam
2896 1745 3185 1793 ttormcnta
3244 1738 3375 1807 ipsis

154 1821 589 1888 μαλακισθέντες
640 1827 933 1893 ἐνέδωκαν,
968 1830 1084 1893 καὶ,
1136 1831 1220 1884 ἵνα
1270 1833 1346 1904 μὴ
1378 1833 1583 1888 δοκοῖεν
1630 1836 1721 1890 αύ-

1822 1833 2260 1897 admoverentur,
2314 1834 2542 1889 emolliti
2592 1831 2795 1887 dedere
2829 1836 3058 1895 manus‘;
3090 1838 3145 1884 et
3176 1844 3244 1883 ne
3278 1843 3375 1882 sua

151 1913 420 1985 θαιρέτως
459 1915 629 1985 θύειν,
663 1920 888 1976 ἔπεισαν
923 1926 1051 1988 τοὺς
1089 1898 1415 2000 κολαστικςῆ
1447 1932 1721 2004 χρήμασιν

1822 1924 2095 1980 voluntate
2123 1924 2435 1981 sacriﬁcare
2482 1926 2822 1989 viderentur,
2859 1923 3149 1987 satellites,
3199 1928 3259 1974 ut
3286 1935 3379 1973 ve-

148 2005 185 2075 ῆ
232 2008 633 2081 παρακλήσεσι
697 2014 1024 2086 πικρότερον
1086 2022 1515 2093 προσενεχθῆναι
1589 2026 1721 2095 τάχα

1822 2012 2302 2070 hementioreforte
2323 2016 2523 2083 impetu
2546 2014 2691 2083 ipsos
2713 2014 3051 2073 invaderent,
3072 2010 3381 2079 acriterque

150 2097 362 2162 αὐτοῖς.
395 2100 490 2154 καὶ
543 2104 798 2168 κολάσεις
828 2095 1031 2173 ἀὐτοῖς
1070 2110 1149 2182 τῷ
1177 2112 1353 2168 δοκεῖν
1402 2117 1721 2185 ἐπαγαγεῖν.

1822 2106 2193 2178 torquentium
2224 2108 2459 2176 speciem
2503 2106 2830 2177 przcbcrent,
2881 2105 3059 2174 pretio
3087 2100 3182 2158 aut
3209 2102 3382 2172 preci-

152 2186 227 2239 ῖν’
264 2187 407 2242 οὕτω
449 2189 715 2256 θύσαντες
743 2194 937 2262 δόξωσι
978 2200 1041 2267 τῇ
1084 2199 1177 2270 βίᾳ
1213 2202 1527 2271 νικηθέντες
1556 2204 1721 2273 ἀρνή‹

1822 2202 1924 2253 bus
1954 2197 2267 2263 adduxere;
2302 2206 2361 2251 ut
2384 2196 2475 2266 qui
2502 2197 2582 2252 sic
2615 2196 3016 2258 immolassent,
3048 2209 3158 2248 non
3184 2194 3382 2264 ignavo

154 2281 359 2336 σασθαι
407 2282 497 2337 τὸν
545 2284 802 2355 Χριστὸν,
850 2289 944 2341 καὶ
981 2289 1055 2360 μὴ
1106 2290 1557 2360 μαλακισθέντες.
1592 2295 1721 2357 Τοὺς

1822 2293 2077 2361 languore
2127 2288 2313 2353 animi,
2374 2289 2473 2346 sed
2519 2289 2860 2343 cruciatuum
2919 2285 3156 2341 duritate
3228 2286 3380 2346 victi,

152 2373 290 2441 γοῦν
322 2376 458 2445 μετά
495 2377 756 2450 ἀληθείας
782 2378 1167 2449 κολασθέντας,
1195 2385 1289 2437 καὶ
1321 2386 1386 2456 τῇ
1418 2382 1529 2438 τῶν
1561 2385 1721 2455 βασά-

1822 2384 2103 2440 Cliristuni
2152 2396 2385 2451 negasse
2447 2381 2915 2434 existimarentur.
2969 2377 3183 2443 Quibus
3218 2376 3384 2446 igitur

154 2479 268 2515 νων
298 2467 494 2537 πικρίᾳ
518 2468 1035 2540 ἐγκαρτερήσαντας
1063 2474 1225 2545 μέχρι
1252 2476 1417 2543 τ.νδς,
1441 2479 1534 2541 καὶ
1556 2477 1721 2543 οὕτως

1824 2492 1951 2531 vere
1979 2471 2258 2530 cruciatus
2293 2471 2547 2535 adhibiti,
2584 2471 2789 2541 quique
2840 2470 2894 2524 in
2927 2468 3227 2524 acerbitate
3274 2477 3385 2522 tor-

155 2554 496 2624 ῆττηθέντας
522 2557 631 2612 τῶν
666 2560 957 2629 ἀφορήτων
986 2562 1259 2617 κολάσεων
1292 2568 1387 2619 καί⁸
1437 2567 1721 2627 ίίττιθύσαν⁴

1823 2576 2135 2622 mentorum
2179 2562 2497 2631 aliquandiu
2557 2571 2890 2627 constantes,
2922 2561 2996 2615 ita
3027 2561 3243 2615 demum
3266 2560 3387 2615 illo-

151 2663 254 2709 τας
283 2647 359 2718 τῷ
410 2648 601 2720 βωμῷ,
654 2646 774 2705 εἶτα
803 2653 1312 2719 ἀναπαλαίσαντας,
1362 2658 1481 2712 ἀντὶ
1516 2659 1610 2713 τοῦ
1642 2660 1721 2714 tot

1823 2672 1944 2712 rum
1978 2656 2305 2712 intolerabili
2335 2655 2631 2725 asperitate
2658 2653 2926 2708 victi.aris
2947 2653 3385 2712 immolaverunt,

152 2738 353 2809 ἐχθρὸν
379 2742 438 2793 ὲν
467 2744 533 2813 τῇ
578 2742 757 2815 πλάνῃ
787 2743 1019 2816 ῥίψαντα
1064 2731 1280 2812 αὐτοὺς,
1312 2749 1402 2803 διὰ
1444 2750 1544 2816 τῆς
1571 2767 1721 2822 μετα-

1822 2749 2020 2805 deinde
2041 2763 2169 2803 vero
2190 2747 2384 2803 iterum
2418 2746 2666 2803 reluctati
2688 2752 2835 2807 sunt,
2870 2744 2972 2798 hoc
3007 2751 3112 2810 est,
3147 2745 3381 2805 hostem,

100 2825 112 2907 ί
151 2830 307 2891 votat;
346 2830 705 2901 ήττήσαντας,
738 2834 833 2886 καὶ
877 2833 1305 2900 καταϐαλόντας,
1351 2838 1446 2891 καὶ
1484 2837 1575 2890 ἐπὶ
1626 2837 1721 2892 τῶι

1827 2861 1854 2898 a
1886 2858 1998 2914 quo
2033 2841 2185 2912 prius
2206 2841 2260 2894 in
2292 2838 2591 2895 certamine
2620 2832 2816 2902 deiecti
2847 2835 3084 2897 fuerant,
3116 2833 3387 2902 perniten-

156 2921 438 2991 τυράννων
464 2918 620 2986 αὖθις
639 2923 739 2995 τὴν
774 2926 957 2978 πίστιν
981 2926 1423 2996 ὁμολογήσαντας
1443 2943 1459 2959 ο
1507 2928 1556 2981 εί
1608 2946 1721 2999 πρε-

1824 2936 1895 2989 tia
1916 2935 2052 2989 duce
2071 2938 2388 3000 superatum
2424 2928 2666 2983 vicissim
2713 2933 3084 2993 prostravere.
3117 2924 3385 2992 fidemque

154 3012 409 3083 σσύτεροι
430 3009 591 3083 ἦσαν,
621 3014 767 3083 ἔδοξε
795 3019 860 3088 τῇ
886 3017 1087 3088 συνόδῳ
1110 3019 1206 3088 τῆς
1230 3020 1392 3088 τιμῆς
1420 3020 1519 3089 μὲν
1549 3017 1648 3090 τῆς
1676 3020 1721 3073 ἐι

1825 3043 1979 3083 suam
2010 3024 2152 3094 apud
2196 3020 2466 3090 tyrannos
2515 3020 2711 3074 iterum
2743 3017 2970 3086 professi
3024 3016 3215 3071 fuere:
3267 3030 3383 3079 eos,

150 3107 277 3169 ταῖς
307 3107 601 3178 καθέδραις
629 3110 875 3179 μετέχειν
902 3110 1125 3177 αὐτοὺς,
1156 3111 1294 3181 μήτε
1321 3111 1379 3164 δὲ
1404 3112 1721 3183 προσφέρειι

1828 3092 2101 3189 siquidem
2164 3112 2482 3170 sacerdotio
2528 3110 2731 3164 initiati
2812 3109 3053 3172 fuerant,
3115 3092 3416 3161 cathedrae

154 3200 298 3267 μήτε
330 3200 559 3269 ὁμιλεῖν,
596 3201 719 3254 ἀντὶ
767 3200 861 3255 τοῦ
910 3201 1203 3267 διδάσκειν,
1251 3202 1392 3271 μήτε
1432 3202 1568 3266 ὅλως
1612 3202 1726 3257 λει-

152 3292 446 3359 τουργεῖν,
504 3292 627 3347 ἀντὶ
689 3292 784 3347 τοῦ
844 3293 1091 3363 ἐνεργεῖν
1144 3309 1198 3345 τι
1268 3293 1379 3348 τῶν
1437 3297 1726 3363 ἱερατικῶν

153 3383 400 3439 δικαίων.

733 3666 976 3721 ΚΑΝΩΝ
1018 3666 1104 3733 ιγ.

154 3776 175 3813 ι
216 3760 508 3821 Διακόνους
549 3757 751 3828 ὁμοίως
796 3756 1087 3823 θύσαντας,
1136 3754 1274 3826 μετά
1312 3755 1369 3809 δὲ
1398 3754 1567 3809 ταῦτα
1593 3755 1723 3809 ἀναο

226 3867 248 3902 ι
294 3849 699 3912 παλαίσαντας,
760 3847 857 3918 τὴν
919 3847 1017 3917 μὲν
1078 3846 1240 3915 ἄλλην
1310 3845 1474 3916 τιμὴν
1538 3844 1719 3913 ἔχειν,

228 3959 249 3993 ι
295 3939 606 3993 πεπαῦσθαι
666 3939 722 3992 δὲ
780 3938 975 4001 αὐτοὺς
1038 3937 1215 4005 πάσης
1273 3936 1373 4006 τῆς
1444 3936 1721 4005 ἱερατικῆς

230 4031 676 4102 «λειτουργίας,
734 4030 835 4099 τῆς
884 4047 945 4083 τε
1005 4030 1099 4082 τοῦ
1159 4030 1322 4098 ἄρτον
1371 4029 1403 4094 ἢ
1462 4029 1721 4097 ποτήριον

228 4142 250 4176 ι
292 4122 590 4192 ἀναφέρειν
641 4120 674 4192 ἢ
731 4119 1044 4191 κηρύσσειν.
1097 4120 1158 4170 Εἰ
1208 4120 1387 4189 μέντοι
1423 4120 1563 4179 τινὲς
1609 4120 1719 4173 τῶν

226 4234 249 4267 ι
294 4216 608 4268 ἐπισκόπων
658 4213 865 4277 τούτοις
926 4214 1187 4267 συνίδοιεν
1242 4213 1485 4281 κάματόν
1513 4228 1633 4266 τινα
1680 4215 1715 4284 ἢ

229 4325 249 4357 ι
297 4308 627 4361 ταπείνωσιν
674 4307 1001 4378 πραότητος,
1056 4306 1149 4358 καὶ
1198 4305 1427 4366 ἐθέλοιεν
1478 4305 1636 4358 πλέον
1666 4324 1717 4358 τι

228 4417 248 4449 ι
294 4399 495 4453 διδόναι
530 4401 562 4471 ἢ
598 4400 873 4469 ἀφαιρεῖν,
924 4398 1010 4451 ἐπ’
1044 4398 1224 4459 αὐτοῖς
1269 4391 1407 4448 εἶναι
1437 4384 1534 4467 τὴν
1570 4397 1717 4462 ἐξου-

180 4532 205 4537 s
230 4508 251 4541 ι
298 4490 439 4565 σίαν.
476 4509 496 4541 ι
1581 4474 1597 4487 ’

226 4582 428 4636 ΒΛΛΣ.
458 4583 565 4635 Καὶ
584 4583 613 4635 δ
641 4579 831 4651 παρὼν
854 4575 1031 4631 κανὼν
1055 4577 1123 4645 τά
1148 4576 1285 4630 αύτά
1310 4577 1437 4647 περὶ
1465 4576 1721 4628 διακόνων

146 4673 525 4743 διοριζόμενος
574 4673 927 4747 προστίθησιν
982 4670 1093 4732 ὡς,
1152 4670 1309 4740 εἴπερ
1364 4670 1411 4722 oi
1469 4669 1723 4739 ἐγχώριοι

148 4772 443 4824 ἐπίσκοποι
474 4769 867 4837 κατανοήσουσι
915 4766 1036 4827 τοὺς
1089 4762 1225 4833 μετά
1260 4761 1515 4831 ἀληθείας
1550 4761 1722 4830 βασα-

150 4858 444 4919 νισθέντας
495 4856 677 4922 ἀξίους
734 4860 915 4923 ἐλέους
969 4858 1055 4911 διὰ
1109 4857 1174 4909 τὰ
1224 4855 1430 4926 δάκρυα
1481 4856 1575 4909 καὶ
1625 4855 1723 4927 τὴν

146 4948 486 5004 ταπείνωσιν
534 4947 709 4999 αὐτῶν
739 4946 772 5016 ἢ
805 4947 1112 5002 τούναντίον
1164 4945 1438 5008 κολάσεως
1484 4946 1725 5009 πλείονος

148 5041 247 5094 διὰ
278 5040 377 5108 τὴν
406 5028 677 5091 ἀναίδειαν
697 5054 711 5068 ο
748 5040 1028 5108 ποιήσουσι
1076 5038 1215 5093 κατὰ
1248 5038 1303 5089 τὸ
1329 5037 1483 5101 δόξαν
1522 5040 1726 5104 αὐτοῖς,

148 5134 437 5189 τουτέστιν
487 5131 520 5201 ἢ
555 5128 917 5199 ὲπαυξήσουσι
960 5132 1057 5201 τὴν
1095 5128 1378 5200 τιμωρίαν,
1421 5127 1453 5197 ἦ
1493 5131 1729 5200 προσθή.

152 5242 316 5279 σο·.›σι
352 5224 554 5294 μᾶλλον
578 5222 675 5292 τὴν
707 5223 1065 5292 παρηγορίαν.
1099 5223 1253 5293 [Ιαρά
1282 5222 1389 5291 γὰρ
1415 5224 1477 5291 τῇ
1512 5221 1727 5292 ἐξουσίᾳ

152 5318 257 5373 καὶ
299 5319 367 5389 τῇ
420 5316 686 5387 διακρίσει
716 5314 894 5369 αὐτῶν
925 5314 990 5365 τὰ
1041 5317 1167 5386 περὶ
1214 5316 1401 5368 τούτου
1455 5312 1723 5367 ἀνέθεντο.

1828 3214 2045 3285 quidem
2076 3210 2339 3264 honorem
2374 3206 2642 3269 obtinere,
2695 3201 2897 3256 nullam
2960 3208 3139 3254 tamen
3184 3201 3250 3254 iis
3296 3209 3390 3250 aut

1825 3300 2090 3358 on‘erendi
2125 3307 2220 3353 aut
2260 3292 2644 3355 concionandi,
2676 3307 2778 3345 noc
2811 3300 2893 3346 est
2923 3288 3177 3351 docendi,
3214 3298 3389 3355 neque

1825 3393 2053 3448 omnino
2105 3387 2473 3442 ministerium
2525 3382 2765 3452 aliquod,
2796 3383 3007 3434 boc'cst
3053 3377 3391 3432 sacerdotale

1826 3500 2029 3542 munus
2066 3483 2429 3553 quodcunque
2483 3474 2721 3533 obeundi
2792 3472 3102 3528 facultatem
3149 3471 3391 3541 synodus

1826 3591 1950 3635 esse
1977 3573 2239 3632 decernit.
2684 3615 2690 3620 .
2789 3608 2791 3610 .

2434 3664 2662 3722 CANON
2711 3668 2780 3723 ll.

1833 3768 1851 3803 ι
1884 3752 2147 3809 Diaconos
2195 3757 2450 3814 similiter
2479 3763 2570 3829 qui
2599 3763 3006 3829 sacrificarunt,
3059 3772 3244 3833 postea
3284 3783 3385 3821 au-

1898 3860 1917 3892 ¢
1950 3852 2056 3896 tem
2114 3845 2363 3901 reluctati
2414 3858 2562 3913 sunt,
2618 3854 2782 3927 ali-uin
2850 3854 3070 3921 quidem
3126 3857 3381 3912 honoro-ru

1901 3931 2169 3999 (habere,
2202 3934 2350 4004 ipsos
2398 3948 2579 3992 autem
2614 3939 2681 3993 ab
2726 3941 2872 3993 omni
2923 3946 3246 3999 sacerdotali
3282 3949 3385 4000 mi-

1898 4040 1917 4073 ι
1953 4023 2178 4077 nistcrio
2200 4039 2439 4094 cessare,
2458 4040 2510 4082 et
2529 4044 2722 4094 panem
2750 4032 2830 4085 vel
2853 4033 3076 4089 calicem
3102 4034 3385 4104 oﬂerend‘,

1897 4132 1914 4163 ι
1949 4115 2029 4168 vel
2062 4117 2389 4183 praedicandi
2421 4136 2435 4170 :
2474 4119 2565 4171 sed
2617 4121 2663 4173 si
2708 4137 2777 4174 ex
2804 4124 3078 4194 episcopis
3113 4130 3277 4198 aliqui
3325 4134 3378 4186 iu

1900 4224 1918 4257 ι
1955 4205 2021 4262 iis
2054 4208 2138 4261 vel
2193 4207 2539 4265 amictionem
2597 4212 2836 4282 aliquam
2876 4216 2958 4269 vel
3017 4218 3378 4278 humilitatem

1900 4319 1916 4351 ι
1952 4316 2016 4355 ac
2068 4304 2543 4358 mansuetudinem
2591 4304 2850 4371 viderint,
2906 4315 2961 4362 et
3006 4310 3207 4379 aliquid
3261 4328 3363 4366 am-

1902 4410 1921 4441 ι
1955 4391 2097 4461 plius
2159 4393 2290 4446 dare
2346 4394 2427 4447 vel
2462 4394 2678 4449 auferre
2738 4397 3025 4465 voluerint,
3079 4403 3132 4456 in
3187 4417 3375 4459 eorum

1896 4499 1913 4526 ι
1946 4487 2212 4544 potestate
2235 4478 2289 4536 id
2313 4496 2454 4537 esse.
2485 4501 2505 4537 ι

1898 4573 2087 4630 BALS.
2131 4574 2374 4629 Prmseus
2408 4587 2625 4642 quoque
2662 4585 2832 4625 canon
2882 4569 3066 4621 eadem
3095 4567 3163 4622 de
3189 4568 3377 4622 diacn.

1829 4668 1914 4721 nis
1942 4666 2263 4730 decernens,
2316 4665 2524 4733 adjicit,
2571 4662 2713 4730 quod
2759 4660 2802 4713 si
2854 4658 3091 4727 regionis
3136 4661 3374 4728 cpiseopi

1824 4759 2306 4815 animadverterint
2368 4768 2483 4816 eos,
2536 4754 2627 4820 qui
2680 4766 2803 4804 vere
2861 4753 2984 4804 torti
3054 4761 3200 4815 sunt,
3254 4768 3375 4805 esse

1825 4848 2196 4908 misericordia
2244 4846 2458 4915 dignos,
2505 4856 2726 4915 propter
2779 4845 3045 4915 lacrymas
3091 4854 3141 4899 et
3187 4860 3377 4897 eorum

1830 4943 2228 5002 humilitatem;
2261 4938 2342 4991 vel
2377 4927 2564 4991 contra
2612 4938 2814 5005 majore
2861 4938 3126 5005 supplicio
3158 4947 3379 5003 propter

1830 5029 2250 5101 impudentiam;
2289 5026 2487 5082 facient
2525 5036 2689 5096 Prout
2716 5028 2795 5079 eis
2831 5026 3118 5085 videbitur,
3166 5025 3217 5075 id
3268 5030 3378 5087 est,

1826 5124 1912 5178 vel
1969 5135 2182 5191 ptenam
2240 5120 2537 5188 augebunt,
2592 5118 2671 5171 vel
2721 5116 2899 5184 potius
2948 5114 3375 5168 consolationem

1828 5218 2072 5273 afferent.
2121 5211 2194 5265 Ea
2238 5214 2382 5266 enim
2438 5212 2490 5265 in
2541 5223 2727 5263 eorum
2775 5215 3040 5275 potestate
3083 5217 3137 5259 et
3173 5207 3383 5277 judicio

1832 5310 1935 5365 sita
1968 5312 2115 5361 sunt.
2158 5304 2214 5360 Si
2243 5306 2365 5375 quis
2393 5314 2573 5377 autem
2602 5299 2765 5361 dicat,
2814 5306 3106 5367 praesentes
3143 5314 3382 5355 canones

1391 5466 1578 5544 Guill.
1631 5466 1951 5544 Bevcregii
1999 5468 2182 5525 notae.

234 5616 351 5685 (70)
385 5614 502 5688 Thr
557 5620 663 5673 τοῦ
716 5620 863 5674 Θεοῦ
913 5615 1383 5688 φιλανθρωπίαν.
1419 5614 1545 5688 Post
1605 5612 1718 5688 ltafc

158 5692 359 5747 ultima
416 5686 759 5744 Balsamonis
794 5692 851 5744 in
914 5684 1065 5744 hunc
1120 5700 1379 5741 canoncm
1430 5684 1608 5745 verba,
1664 5685 1718 5736 in

160 5758 463 5816 Parisiensi
513 5758 770 5819 editione,
823 5776 1029 5813 necnon
1086 5759 1268 5811 codice
1314 5764 1419 5807 tam
1457 5753 1719 5819 Atherba-

160 5835 389 5888 cltiatto,
419 5842 577 5894 quam
625 5816 951 5889 .‘Etoitiensi,
1001 5831 1232 5893 additur,
1270 5824 1401 5893 πλὴν
1456 5824 1547 5873 καὶ
1578 5816 1719 5873 οὗτοι

163 5904 265 5955 καὶ
296 5902 341 5949 ’.ί
397 5893 664 5966 δεχόμενοι
712 5899 789 5959 εἰς
829 5902 991 5965 μόνην
1043 5899 1204 5967 τιμὴν
1242 5893 1721 5962 ἐπιτιμηθίισονται

1826 5613 1965 5665 κατά
2014 5613 2136 5671 τοὺς
2167 5605 2565 5677 ῥηθησομένους
2610 5603 2856 5664 κανόνας.
2900 5602 3000 5657 Sed
3045 5613 3094 5677 et
3124 5604 3180 5665 ii,
3209 5610 3255 5653 et
3286 5602 3378 5667 qui

1830 5684 1896 5735 ad
1937 5675 2179 5734 honorent
2212 5675 2380 5730 solum
2419 5676 2792 5738 admittuntur,
2828 5689 2987 5741 jua‘ta
3022 5675 3183 5725 dictos
3215 5687 3378 5723 cano-

1831 5766 1916 5805 nes
1952 5752 2247 5818 punientur.
2288 5745 2396 5799 Nos
2447 5753 2623 5818 autent
2664 5746 2776 5818 haec
2826 5745 3026 5818 idcirco
3070 5742 3376 5805 omisimus,

1831 5815 1958 5892 quia
1990 5825 2041 5874 in
2075 5820 2261 5874 codice
2301 5825 2484 5871 nostro
2517 5815 2807 5869 Bodleiano
2837 5816 3179 5867 omittuntur.
