3974 6346
618 403 751 468 11‘27
1879 393 2154 459 THEUD.
2201 395 2601 457 BALSAMON
3728 384 3845 446 1123

614 516 706 570 Dei
743 514 917 587 gratia
952 514 1129 571 locum
1171 513 1334 572 hodie
1367 527 1479 570 non
1502 510 1730 575 habere,
1759 511 1889 581 quia
1918 519 2185 581 tyrannus

2297 509 2352 562 Ei
2381 510 2436 563 δέ
2469 527 2554 574 τις
2581 508 2700 580 ἐρεῐ
2749 505 2824 578 μὴ
2875 505 3058 576 χώραν
3093 505 3238 576 ἔχειν
3299 502 3366 558 τὰ
3415 502 3531 556 τῶν
3579 499 3845 570 παρόντων

614 624 723 664 non
759 614 987 678 praeest;
1039 607 1246 680 audiet,
1301 604 1451 684 quod
1485 603 1628 673 apud
1661 603 1938 673 Agareuos
1963 610 2016 656 et
2045 601 2182 656 alios

2297 603 2528 656 κανόνων
2589 601 2727 655 Θεοῦ
2781 599 2964 668 χάριτι
3020 599 3296 667 σήμερον,
3340 597 3424 649 ὅτι
3476 595 3740 671 τύραννος
3792 593 3846 645 οὐ

615 701 864 755 inﬁdeles
899 699 1067 753 multa
1116 701 1385 771 ejusmodi
1422 696 1598 762 ﬁunt;
1651 704 1706 749 et
1748 708 1987 750 canones
2036 706 2183 747 nunc

2297 696 2633 766 προκάθηται
2659 711 2673 725 ⁸
2701 695 2930 748 ἀκούσει
2973 693 3058 745 ὅτι
3085 691 3236 762 παρά
3258 692 3373 752 τοῖς
3413 689 3741 759 Ἀγαρηνοῖς
3765 688 3845 740 καὶ

614 809 834 864 quoque
875 792 1128 848 eﬂ'ectum
1180 806 1327 845 recte
1365 790 1691 846 sortientur.
1752 785 1887 841 Nota
1924 787 2084 843 etiam
2117 799 2185 839 ex

2297 789 2398 850 τοῖς
2431 787 2612 850 ἀλλοις
2640 785 2892 849 ἀπίστοις
2945 783 3116 837 πολλά
3162 783 3394 836 τοιαῦτα
3450 781 3735 849 γίνονται·
3767 781 3845 834 καὶ

615 887 719 939 hoc
749 884 1004 955 praesenti
1057 898 1288 942 canone.
1323 883 1465 950 quod
1517 883 1697 938 omnis
1749 882 1944 934 animae
1976 875 2186 932 medela

2297 879 2466 940 καλῶς
2501 879 2570 932 ea
2597 878 2708 932 τῶν
2765 881 3006 931 κανόνων
3053 875 3144 929 καὶ
3192 873 3288 928 νῦν
3337 871 3844 944 ἐνεργήσουσι.Ση-

613 977 880 1046 dependet.
906 977 976 1030 ab
1015 976 1263 1046 episcopi
1289 974 1501 1046 judicio
1527 991 1593 1030 ac
1627 974 1946 1046 prudentia.

2297 971 2525 1042 μείωσαι
2562 973 2659 1024 καὶ
2700 971 2809 1023 ἀπὸ
2859 968 2952 1024 τοῦ
3008 966 3281 1038 παρόντος
3337 965 3570 1029 κανόνος
3612 966 3698 1020 ὅτι
3721 966 3848 1019 πᾶσι

2288 1062 2495 1134 ψυχικὴ
2538 1060 2806 1133 θεραπεία
2865 1063 2948 1126 είς
3009 1060 3109 1149 ¹τὴν
3167 1058 3542 1129 ἐπισκοπικὴν
3577 1056 3844 1127 ἀνηρτὴθη

2289 1157 2594 1229 διάκρισιν.

688 1230 938 1285 ZONAR.
979 1229 1110 1299 Quze
1151 1229 1423 1302 superiori
1455 1229 1523 1283 de
1550 1230 1956 1296 sacerdotibus,
1994 1227 2187 1285 eadem

2362 1227 2603 1303 ZONAP.
2639 1248 2720 1303 Τά
2742 1245 2883 1302 αὐτά
2911 1246 3007 1301 καὶ
3029 1245 3157 1315 περὶ
3177 1245 3444 1300 διακόνων
3462 1245 3492 1298 ό
3513 1243 3700 1298 κανὼν
3720 1237 3849 1304 οὗτος

615 1323 682 1377 de
709 1324 954 1377 diacouis
987 1323 1093 1376 huc
1130 1331 1348 1393 quoque
1383 1338 1596 1379 canone
1631 1323 2023 1378 decernuntur.
2051 1320 2189 1376 Nam

2297 1341 2662 1405 διατάττεται,
2723 1340 2824 1409 ὅσα
2883 1338 3016 1409 περὶ
3074 1338 3467 1409 πρεσϐυτέρων
3500 1338 3530 1390 ό
3578 1335 3849 1404 ἀνώτερος.

613 1432 708 1470 eos
739 1430 976 1485 quoque,
1019 1416 1066 1468 si
1103 1416 1157 1469 in
1190 1415 1478 1471 tormentis
1529 1430 1625 1484 per
1679 1415 1948 1484 ignaviam
1987 1412 2189 1469 devicti

2297 1433 2619 1488 Πεπαῦσθαι
2639 1403 2749 1503 ’γὰρ
2779 1403 2874 1486 καὶ
2895 1403 3586 1501 αὐτοὺςίάνεπιτηδεύτως
3612 1403 3852 1498 ἡττηθέν-

616 1513 1087 1578 sacriﬁcaverint,
1163 1513 1363 1567 deinde
1419 1528 1550 1566 vero
1602 1511 1836 1581 repetito
1890 1510 2192 1565 certamine

2297 1542 2389 1589 τας
2418 1525 2528 1578 τῶν
2552 1524 2804 1597 βασάνων
2831 1524 2930 1578 καὶ
2987 1522 3378 1589 ἐπιθύσαντας,
3415 1517 3544 1576 εῐτα
3571 1520 3855 1576 ἀναπαλαί-

616 1621 838 1663 strenue
871 1609 1334 1679 depugnaverint,
1391 1607 1458 1662 ab
1488 1608 1637 1663 omni
1687 1621 1848 1663 sacro
1887 1607 2192 1661 ministerio

2297 1635 2520 1684 σαντας,
2582 1616 2802 1684 πάσης
2837 1615 2940 1684 τῆς
2996 1615 3148 1682 ἱερᾶς
3206 1613 3554 1684 λειτουργίας
3601 1613 3850 1677 θεσπίζει.

615 1716 833 1756 cessare
882 1702 1061 1770 jubet.
1097 1700 1256 1765 Quod
1309 1701 1353 1754 si
1394 1700 1646 1756 homines
1705 1707 1918 1769 postea,
1968 1701 2194 1770 subjicit

2297 1711 2632 1782 Προστίθησι
2670 1709 2716 1764 δ’
2771 1709 3005 1764 ἐνταῦθα
3085 1711 3191 1776 ὅτι,
3249 1709 3344 1763 ἐὰν
3400 1711 3514 1769 τοῖς
3556 1707 3852 1776 μετανοοῦσι

619 1808 818 1860 canon,
875 1793 930 1848 in
965 1803 1220 1863 suscepta
1274 1803 1498 1863 propter
1544 1793 1964 1863 abnegationcm
2019 1796 2194 1864 poeni-
2295 1805 2511 1869 τούτοις
2541 1803 2807 1858 συνίδοιεν
2836 1804 2884 1858 οι
2912 1803 3199 1857 ἐπίσκοποι
3233 1800 3478 1870 κάματόν
3506 1815 3660 1865 τινα,
3723 1815 3851 1850 τουτ-

616 1889 788 1940 teutia
824 1887 1045 1957 gravius
1101 1887 1370 1952 laborare,
1431 1893 1522 1939 aut
1553 1885 1623 1940 ob
1651 1886 1876 1941 admissi
1933 1885 2194 1943 facinoris

2298 1896 2415 1950 ἐστι
2461 1895 2629 1949 κόπον
2661 1897 2719 1950 ἐν
2748 1897 2814 1966 τῇ
2849 1895 3108 1966 μετανοίᾳ
3137 1895 3226 1947 διὰ
3262 1893 3363 1963 τὴν
3387 1893 3649 1964 ἄρνησιν,
3677 1890 3710 1960 ἢ
3765 1890 3850 1951 ὅτι,

617 1978 838 2044 culpam
891 1974 1240 2038 discruciari,
1285 1971 1808 2044 demissionemqhe,
1871 1988 1933 2028 ac
1990 1975 2046 2028 in
2105 1975 2193 2040 iis,

2301 1986 2682 2055 συντριϐέντες
2711 1986 2798 2039 διὰ
2820 1982 2884 2037 τὸ
2913 1984 3235 2056 ἁμάρτημα,
3283 1980 3752 2051 ἐταπεινώθησαν,
3779 1977 3854 2032 καὶ

619 2069 716 2138 qui
772 2055 1178 2137 pr'olapsionem
1216 2066 1625 2133 exprobrarim,
1676 2078 1770 2121 aut
1824 2067 1930 2121 alia
1982 2068 2194 2123 ratione

2297 2077 2580 2147 “936mm
2638 2077 2957 2146 ἐκτήσαντο.
3044 2055 3167 2139 τοτςί
3220 2075 3354 2138 ἴσως
3419 2073 3608 2137 αὐτοῖς
3687 2073 3850 2126 ὀνειδί-

622 2161 963 2221 insultariut,
1025 2166 1219 2229 pacate
1293 2169 1456 2229 atque
1513 2159 1798 2212 humiliter
1855 2157 2194 2229 perferendis

2298 2167 2451 2233 ζουσι
2503 2169 2594 2222 τὸν
2651 2167 2863 2221 δλισθον
2905 2166 3094 2238 πράως
3140 2163 3236 2219 καὶ
3292 2167 3430 2236 μετά
3485 2164 3850 2225 ταπεινώσεως

2299 2259 2760 2329 προσφερόμενοι,
2815 2256 2930 2310 ἀλλ’
2961 2257 3022 2310 οὒ
3055 2254 3454 2325 θρασυνόμενοι
3521 2255 3622 2306 καὶ
3668 2251 3850 2312 τούτοις

2301 2350 2816 2420 ἐμπικραινόμενοι,
2871 2349 2967 2402 καὶ
3018 2347 3250 2401 ἐθέλοιεν
3302 2346 3599 2400 ἐπίσκοποι
3657 2344 3744 2412 ὑφ’
3780 2343 3852 2405 οὓς

2297 2442 2511 2495 τελοῦσι
2536 2442 2694 2496 πλέον
2727 2459 2779 2495 τι
2810 2441 2920 2494 τῶν
2967 2440 3116 2511 παρά
3166 2441 3234 2511 τῇ
3289 2433 3494 2511 συνόδῳ
3525 2438 3850 2522 ὠρισθέντοιν

2299 2535 2478 2598 αὐτοῖς
2503 2535 2828 2605 παρασχεῖν,
2849 2533 2935 2587 διὰ
2960 2533 3060 2606 τὴν
3087 2532 3188 2602 τῆς
3216 2531 3506 2600 μετανοίας
3540 2529 3847 2601 θερμότητα,

2298 2625 2332 2696 ἢ
2362 2625 2577 2693 ἀφελεῖν
2601 2641 2652 2676 τι
2676 2625 2786 2677 τῶν
2803 2623 3168 2694 ρρισθέντων,
3202 2624 3278 2686 ὡς
3319 2626 3394 2694 μὴ
3427 2626 3675 2693 γνησίως
3701 2619 3853 2672 αὐτῶν

2303 2715 2783 2786 μεταμελομένων,
2848 2713 2985 2785 μηδέ
3038 2714 3520 2785 ταπεινουμένων·
3589 2711 3760 2767 ταῦτα
3799 2712 3850 2778 τῇ

618 2251 947 2305 modestiam
976 2249 1236 2316 retinere,
1264 2265 1374 2306 non
1403 2260 1596 2306 contra
1632 2251 1892 2307 audacter
1924 2251 2196 2308 obsistere

617 2350 714 2396 aut
746 2343 944 2410 aegrius
977 2355 1336 2407 succensere,
1392 2341 1630 2412 episcopi
1685 2343 2194 2410 animadverterint,

618 2448 688 2488 ac
722 2432 951 2501 proinde
979 2431 1186 2501 aliquid
1239 2433 1497 2502 amplius,
1550 2447 1714 2502 quam
1747 2433 1895 2502 quod
1925 2447 1954 2487 a
1985 2432 2197 2504 synodo

619 2539 945 2580 concessum
975 2534 1080 2590 est,
1120 2525 1188 2578 iis
1221 2525 1292 2581 ob
1328 2525 1707 2580 vehementius
1741 2527 2038 2595 paenitendi
2075 2535 2197 2582 stu-

619 2615 769 2669 dium
799 2614 1049 2684 elargiri,
1082 2623 1177 2666 aut
1213 2615 1455 2670 vicissim
1492 2614 1614 2669 ﬁcte
1647 2615 1960 2670 dolentibus
2005 2631 2106 2671 nec
2132 2616 2199 2670 de

620 2705 876 2776 superbia
929 2705 1338 2761 remittentibus
1371 2708 1590 2762 demere
1637 2707 1914 2779 quidpiam
1952 2705 2198 2771 velint,id

619 2813 794 2853 canon
827 2805 999 2851 totum
1033 2798 1278 2865 ipsorum
1341 2798 1596 2866 potestati
1628 2797 1946 2868 iudicioque
1974 2798 2194 2868 permit-

2301 2807 2520 2876 ἐξουσία
2543 2804 2652 2859 τῶν
2709 2806 3027 2860 ἐπισκόπων
3069 2805 3388 2874 ἀνατίθησιν
3409 2806 3437 2858 ό
3479 2804 3668 2859 κανὼν
3694 2804 3782 2857 καὶ
3799 2803 3851 2871 τῇ

621 2892 708 2943 tit.
745 2888 880 2945 Vide
932 2889 1126 2960 prima:
1171 2904 1391 2959 quoque
1420 2891 1772 2945 cecumenicaa
1806 2890 2001 2960 synodi
2032 2904 2194 2945 cano-

2298 2896 2574 2967 διακρίσει
2601 2895 2805 2950 αὐτῶν.
2841 2881 3141 2964 ’Ἀνάγνωθι
3174 2898 3269 2950 καὶ
3312 2899 3404 2953 τὸν
3437 2903 3504 2952 ια’
3551 2897 3750 2952 κανόνα
3773 2897 3851 2964 τῆς

624 2997 750 3034 nem
788 2980 1163 3034 undecimum.

2301 2985 2525 3056 πρώτης
2550 2985 2943 3054 οἰκουμενικῆς
2977 2985 3220 3041 συνόδου.

620 3068 847 3124 ARIST.
876 3088 894 3120 ι
921 3069 981 3122 in
1003 3084 1213 3124 canone
1242 3073 1420 3138 primo
1444 3081 1501 3126 et
1535 3070 1779 3128 secundo
1806 3070 2114 3143 presbyteri
2143 3077 2194 3126 et

2297 3076 2522 3131 ΔΡΙΣΤ.
2562 3095 2580 3129 ι
2628 3077 2767 3130 Καν.
2805 3074 2854 3130 α’
2887 3079 2981 3131 καὶ
3011 3077 3082 3149 β’,
3118 3077 3483 3152 πρεσϐύτεροι
3515 3080 3619 3134 καὶ
3644 3080 3852 3134 διάκονοι

700 3179 720 3212 ι
753 3160 990 3221 diaconi,
1016 3162 1110 3229 qui
1139 3176 1261 3215 cum
1290 3164 1439 3230 prius
1465 3165 1840 3219 sacriﬁcarent
1859 3173 2044 3233 postea
2069 3177 2194 3216 vero

2379 3187 2399 3223 ι
2445 3169 2504 3223 τὸ
2523 3171 2652 3241 πρὶν
2673 3171 3051 3238 ἐπιθύσαντες,
3075 3165 3193 3225 εἶτα
3217 3173 3276 3239 ἐξ
3297 3172 3555 3242 ἀληθείας
3585 3170 3854 3226 ἀναπαλαίο

699 3269 719 3304 ι
754 3250 1012 3306 rciuctati
1043 3262 1192 3315 sunt,
1226 3209 1390 3322 397
1424 3254 1695 3319 cathedra:
1730 3209 1900 3309 soliura
1927 3262 1981 3309 et
2019 3255 2194 3310 hono-

2380 3209 2398 3223 .
2455 3209 2504 3223 η.
2529 3209 2560 3222 ..
2608 3209 2650 3225 .,
2673 3209 3024 3236 eumn-..“
3075 3209 3193 3225 ω...
3217 3209 3243 3223 ς,
3297 3209 3382 3226 κη.
3406 3209 3552 3235 πη,
3585 3209 3852 3226 κωκυ..-

2375 3280 2394 3314 ι
2443 3209 2656 3330 σαντιες,
2721 3262 2892 3334 μόνης
2937 3212 3051 3332 τῆς,
3085 3209 3352 3332 καθέδρας
3386 3209 3502 3318 ικαὶ
3560 3264 3668 3332 τῆς
3695 3261 3852 3330 λτιμῆς

695 3361 714 3393 ι
751 3344 830 3396 ris
863 3343 972 3397 sint
1009 3347 1352 3416 participes,
1390 3346 1528 3401 nihil
1559 3357 1878 3404 sanctorum
1929 3361 2194 3419 peragen-

2366 3372 2384 3406 ι
2429 3355 2829 3424 μετεχέτωσαν,
2865 3351 3032 3423 μηδὲν
3055 3351 3164 3405 τῶν
3190 3352 3362 3421 ἁγίων
3389 3349 3783 3415 ἐπιτελοῦντες.
3833 3367 3848 3402 ι

700 3451 719 3483 ι
751 3441 855 3489 tes.
885 3453 906 3486 ο

2371 3526 2528 3579 Ὀσοι
2587 3526 2695 3579 τῶν
2749 3524 3136 3597 πρεσϐυτέρων
3183 3525 3280 3580 καὶ
3326 3526 3598 3580 διακόνων
3625 3527 3684 3580 ἐν
3703 3521 3855 3594 καιρῷ

2297 3617 2542 3689 διωγμοῦ
2574 3617 2888 3690 βιασθέντες
2931 3617 3150 3686 ἔθυσαν,
3205 3614 3411 3672 εἶτανὲν
3449 3618 3686 3687 ἀληθεία
3711 3630 3854 3687 προσ·

2298 3709 2461 3780 ἦλθον
2488 3710 2914 3771 ἀναπαλαίοντες
2948 3709 3084 3778 ὅπερ
3127 3709 3392 3780 ἔπραξαν,
3428 3707 3604 3778 μόνης
3645 3708 3743 3776 τῆς
3767 3724 3850 3759 κα-

2299 3801 2490 3864 θέδρας
2525 3801 2622 3853 καὶ
2652 3801 2751 3868 τῆς
2779 3801 2948 3869 τιμῆς
3006 3801 3258 3869 μετέχειν
3283 3799 3628 3867 ὀφείλουσιν
3672 3800 3852 3871 ίερατι·

2298 3893 2395 3945 κον
2423 3892 2480 3944 δέ
2510 3909 2564 3946 τι
2597 3894 2845 3964 ἐνεργεῖν
2892 3893 2993 3946 οὐκ
3056 3891 3274 3958 ἐξέσται
3319 3893 3526 3958 αὐτοῖς,
3559 3888 3676 3948 οἷον
3710 3893 3852 3964 ἀρτον

2297 3983 2332 4054 ἢ
2367 3985 2628 4055 ποτήριον
2658 3984 2953 4056 ἀναφέρειν
2982 3985 3014 4057 ἢ
3052 3985 3243 4054 λόγους
3264 3986 3621 4050 διδασκαλίας
3655 3985 3731 4059 τῷ
3757 3983 3852 4055 λαῷ

2297 4076 2605 4151 ποιεῖσθαι,
2632 4078 2668 4150 ἢ
2689 4079 2826 4144 ὅλως
2849 4096 2900 4133 τι
2920 4079 3026 4134 τῶν
3084 4079 3257 4148 ἀγίων
3296 4079 3656 4151 λειτουργιῶν
3694 4082 3853 4134 ἐπιτε-

2295 4170 2433 4226 λεϊν.

693 3522 1023 3594 Quicunque
1051 3529 1358 3599 presbyteri
1416 3531 1500 3586 vel
1531 3530 1744 3587 diaconi
1777 3540 2024 3602 tempore
2074 3547 2198 3601 per-

623 3616 923 3670 secutionis
952 3619 1222 3685 compulsi
1274 3621 1684 3686 sacriﬁcarunt,
1721 3631 1912 3691 postea
1943 3637 2074 3678 vero
2111 3636 2202 3677 ac-

623 3706 826 3759 cedunt
880 3712 1246 3762 retractantes
1295 3709 1559 3778 quidquid
1608 3707 1877 3777 fecerunt,
1926 3712 2200 3769 cathedrae

624 3795 794 3850 solius
824 3804 879 3850 et
910 3798 1141 3855 honoris
1192 3801 1490 3872 participes
1541 3818 1664 3859 esse
1699 3803 1937 3859 debent:
1997 3815 2055 3860 at
2110 3821 2202 3862 sa-

622 3886 904 3941 cerdotale
950 3891 1174 3958 aliquod
1228 3909 1428 3946 munus
1478 3894 1653 3961 obire,
1699 3904 2052 3964 putapanem
2105 3904 2200 3950 aut

625 3975 878 4042 poculum
929 3975 1154 4043 oﬁ‘erre,
1208 3988 1303 4032 aut
1352 3981 1614 4034 doctrina:
1665 3997 1947 4038 sermones
1998 3984 2200 4056 populo

626 4067 828 4132 facere,
867 4076 963 4121 aut
1013 4071 1241 4124 omnino
1293 4087 1518 4130 sacrum
1568 4075 1792 4146 aliquod
1829 4077 2197 4135 ministerium

624 4169 904 4225 peragere,
938 4157 1008 4214 iis
1044 4174 1154 4213 non
1195 4161 1344 4215 licet.

1230 4245 1461 4303 CANON
1503 4249 1595 4305 ΙΙΙ.

2742 4272 2744 4274 ⁷
2892 4263 3136 4317 ΚΑΝΩΝ
3190 4261 3270 4316 Γ¹.

627 4335 803 4402 «Eos,
869 4337 965 4408 qui
1021 4336 1296 4408 fugientes
1358 4345 1780 4413 comprenhensi
1845 4359 1993 4416 sunt,
2047 4349 2132 4407 vel
2167 4366 2194 4407 ε

2305 4366 2325 4401 ι
2371 4350 2510 4417 Τοὺς
2531 4353 2830 4423 φεύγοντας
2855 4353 2946 4407 καὶ
2979 4353 3402 4423 συλληφθέντας,
3430 4355 3462 4426 ἢ
3495 4354 3602 4410 ὑπὸ
3653 4355 3848 4410 οίκείων

698 4444 716 4477 ι
749 4427 1067 4484 domesticis
1101 4430 1306 4495 traditi,
1332 4433 1423 4490 ycl
1455 4434 1569 4487 suis
1605 4436 1811 4505 alioqui
1849 4438 2194 4496 facultatibus

2375 4462 2395 4496 ι
2414 4427 2866 4516 ’παραδοθέντας,
2901 4445 2934 4518 ἢ
2961 4445 3136 4510 ἄλλως
3189 4445 3261 4498 τά
3286 4447 3610 4520 ὑπάρχοντα
3643 4451 3847 4520 ἀφαιρε-

696 4534 717 4567 ι
754 4521 972 4587 privati,
1014 4521 1102 4575 vel
1155 4528 1426 4580 tormenta
1488 4527 1751 4593 perpessi,
1799 4529 1883 4582 vel
1927 4531 1980 4584 in
2017 4546 2194 4588 carce-

2374 4556 2394 4590 r
2440 4539 2650 4606 θέντας,
2686 4538 3150 4610 ήύπομείναντας
3209 4536 3500 4607 βασάνους,
3562 4540 3597 4612 ἦ
3649 4542 3726 4606 είς
3779 4541 3846 4592 6:-

697 4623 718 4657 ι
755 4622 867 4660 rem
901 4612 1134 4680 conjecti
1172 4622 1322 4680 svnt,
1356 4615 1655 4672 clamantes
1683 4633 1741 4673 se
1773 4635 1894 4675 esse
1924 4622 2196 4677 Christia-

694 4714 716 4747 ε
749 4711 869 4763 nos,
916 4709 969 4752 et
1021 4701 1216 4756 divulsi
1247 4720 1312 4760 ac
1357 4705 1603 4763 distracti
1655 4719 1802 4774 sunt,
1852 4711 1936 4765 vel
1989 4711 2055 4766 iis
2104 4714 2196 4782 qui

689 4805 710 4838 ι
743 4788 848 4841 vim
904 4787 1210 4843 atl'erebant
1266 4795 1320 4846 in
1373 4811 1568 4854 manus
1614 4801 1816 4870 aliquid
1857 4802 2196 4857 immittenti-

694 4898 713 4932 ι
747 4882 869 4946 bus,
899 4882 984 4936 vel
1009 4882 1131 4936 cibo
1155 4884 1336 4952 aliquo
1366 4901 1460 4955 per
1497 4895 1878 4950 necessitatem
1914 4907 2190 4965 suscepto.

695 4993 713 5025 ι
742 4990 801 5029 se
829 4984 1008 5030 tamen
1059 4993 1182 5034 esse
1231 4979 1577 5035 Christianos
1635 4995 1893 5054 perpetuo
1941 4987 2192 5052 fatentes,

695 5083 713 5114 ‹
743 5073 795 5117 et
821 5067 938 5136 ejus
970 5070 1115 5137 quod
1145 5071 1346 5127 accidit
1377 5071 1617 5125 dolorem
1661 5077 1809 5127 omni
1857 5078 2195 5133 cohibitione

697 5171 718 5206 ι
748 5166 802 5209 et
833 5159 1020 5214 habitu
1056 5170 1112 5214 et
1142 5164 1265 5218 vitae
1320 5163 1629 5218 humilitate
1678 5179 1789 5234 prae
1839 5182 1899 5221 se
1932 5168 2190 5237 ferentes,

691 5266 711 5300 ι
746 5258 804 5302 ut
834 5247 1144 5320 inculpatos
1182 5270 1212 5308 a
1243 5257 1629 5324 communione
1686 5273 1793 5313 non
1848 5263 2043 5318 arceri.
2096 5263 2190 5317 Sin

695 5357 716 5392 ι
750 5351 931 5396 autem
968 5344 1131 5401 etiam
1169 5352 1238 5406 ab
1268 5353 1455 5420 aliquo
1486 5359 1616 5407 sunt
1652 5350 1935 5422 prohibiti,
1965 5353 2189 5423 majoris

695 5448 715 5482 ι
750 5433 1025 5491 cautionis
1058 5444 1255 5507 gratia,
1308 5445 1389 5498 vel
1420 5447 1580 5497 etiam
1625 5455 1843 5513 propter
1878 5445 2185 5514 aliquorum

695 5543 713 5576 ι
746 5524 1132 5598 ignorantiam,
1187 5535 1372 5587 statim
1425 5535 1807 5590 admittantur.
1863 5535 1973 5590 Hoc
2004 5547 2185 5589 autem

689 5633 709 5667 ι
741 5620 992 5672 similiter
1028 5620 1082 5673 in
1112 5624 1331 5678 clericis
1358 5636 1410 5678 et
1443 5627 1563 5681 aliis
1597 5628 1774 5683 laicis.
1802 5626 1934 5682 Illud
1966 5643 2184 5697 quoque

694 5726 713 5758 ι
745 5718 825 5764 est
855 5715 1251 5780 examinatum,
1294 5732 1360 5769 an
1398 5721 1605 5786 possint
1633 5725 1793 5775 etiam
1831 5725 1972 5788 laici,
2002 5724 2094 5792 qui
2129 5725 2182 5776 in

691 5814 712 5849 ι
743 5803 983 5858 eamdem
1042 5808 1421 5864 necessitatem
1471 5811 1796 5877 inciderunt,
1833 5815 1898 5870 ad
1934 5814 2178 5870 ordinem

2371 4646 2392 4682 ι
2438 4632 2750 4700 σμωτήριον
2799 4629 3191 4701 ἐμϐληθέντας,
3240 4628 3478 4700 βοῶντας
3510 4648 3570 4685 τε
3625 4635 3708 4689 ὅτι
3756 4631 3844 4684 εἱσι

2373 4737 2391 4771 ι
2433 4721 2748 4790 Χριστιανοὶ
2805 4723 2900 4774 καὶ
2942 4719 3419 4791 περισχισθέντας,
3477 4725 3596 4798 ἦτοι
3658 4726 3737 4788 είς
3761 4722 3840 4783 τὰς

2373 4826 2394 4859 ι
2438 4811 2623 4881 χεῖράς
2655 4829 2708 4866 τι
2743 4813 2877 4883 πρὸς
2912 4810 3036 4881 βίαν
3064 4811 3414 4890 ἐμϐαλόντων
3468 4818 3577 4870 τῶν
3611 4814 3841 4887 βιαζομέ-

2374 4917 2392 4952 ι
2423 4901 2562 4968 νων,
2597 4902 2631 4975 ἢ
2675 4904 2874 4976 βρῶμά
2917 4919 2977 4956 τι
3028 4906 3163 4972 πρὸς
3216 4906 3469 4981 ἀνάγκην
3509 4909 3839 4976 δεξαμένουςς

2378 5010 2396 5044 ι
2436 4993 2828 5065 ὁμολογοῦντας
2861 4995 2916 5048 δὲ
2942 4994 3009 5047 δι’
3038 4995 3160 5048 ὅλου
3225 4998 3306 5054 ὃτι
3354 5004 3462 5055 εἰσὶ
3521 4999 3837 5068 Χριστιανοὶ,

2370 5103 2386 5134 ι
2431 5087 2523 5139 καὶ
2553 5088 2612 5141 τὸ
2641 5089 2836 5151 πένθος
2858 5086 2953 5140 τοῦ
2983 5091 3290 5160 συμϐάντος
3341 5094 3429 5148 ἀεὶ
3480 5090 3815 5159 ἐπιδεικνυμέ

2375 5195 2390 5228 ι
2434 5195 2557 5243 νους
2592 5184 2657 5252 τῇ
2683 5181 2830 5250 πάσῃ
2887 5183 3193 5255 καταστολῇ
3244 5185 3342 5237 καὶ
3361 5183 3452 5249 τῷ
3493 5185 3728 5252 σχήματι
3754 5182 3836 5235 καὶ

2368 5288 2385 5322 ι
2430 5271 2605 5342 τῇᾕοῦ
2633 5272 2749 5341 βίου
2780 5275 3148 5346 ταπεινότητι,
3182 5275 3404 5337 τούτους
3435 5275 3512 5336 ὼς
3540 5273 3645 5339 ἔξω
3673 5276 3834 5346 ἀμαρ-

2364 5381 2381 5413 ι
2425 5366 2666 5432 τήματος
2695 5365 2849 5429 ὄντας
2883 5369 2980 5440 τῆς
3007 5365 3294 5427 κοινωνίας
3329 5366 3406 5436 μὴ
3437 5366 3754 5426 κωλύεσθαι.
3779 5368 3829 5420 Ei

2365 5472 2384 5506 ι
2425 5455 2479 5507 δὲ
2511 5456 2603 5507 καὶ
2634 5456 2695 5508 τὸ
2733 5457 3081 5529 ἐκωλύθησαν
3116 5458 3221 5509 ὑπό
3253 5473 3423 5521 τινος,
3457 5462 3826 5530 περισσοτέρας

2363 5561 2382 5594 ι
2428 5546 2715 5615 ἀκριϐείας
2775 5548 3021 5617 ἐνεκενῆ
3065 5545 3159 5601 καί
3216 5562 3382 5600 τινων
3426 5551 3634 5623 ἀγνοίᾳ,
3682 5550 3824 5607 εὐθὺς

2362 5653 2380 5686 ι
2428 5638 2940 5708 προσδεχθήτωσαν.
3005 5637 3178 5690 Τοῦτο
3205 5638 3260 5692 δὲ
3293 5639 3499 5710 ὁμοίως
3538 5643 3625 5697 ἐπί
3654 5659 3709 5695 τε
3733 5638 3824 5690 τῶν

2360 5743 2377 5776 ι
2423 5727 2485 5778 ὲκ
2520 5729 2724 5796 κλήρου
2770 5730 2861 5779 καὶ
2883 5725 2990 5778 τῶν
3030 5727 3206 5782 ἀλλων
3240 5729 3469 5788 λαῖκῶν.
3504 5725 3824 5803 Προσεξητά·

2366 5836 2386 5869 ι
2433 5818 2534 5886 σθη
2562 5819 2616 5871 δὲ
2637 5819 2878 5885 κάκεῖνο,
2904 5821 2952 5875 εἰ
2977 5819 3234 5877 δύνανται
3273 5824 3369 5878 καὶ
3391 5823 3587 5893 λαίκοῖ,
3617 5826 3682 5894 τῇ
3702 5820 3819 5888 αὐτῇ
