3974 6346
206 437 340 504 1133

1319 439 1402 499 ΙΝ
1440 435 1606 498 CAN.
1646 436 1726 498 IV
1755 436 1969 499 CONC.
2009 436 2274 500 ANCYR.

3297 433 3433 497 1134

199 566 300 614 τας
319 551 390 602 τά
410 548 722 618 ὑπάρχοντα
754 548 958 615 αὐτοῖς,
987 548 1018 619 ἥ
1052 547 1450 618 ὑπομείναντας
1478 546 1764 617 βασάνους,

1879 546 1953 601 vel
1990 554 2259 601 tormenta
2294 546 2564 617 perpessi,
2615 546 2699 603 vcl
2734 547 2789 603 in
2845 561 3123 603 carcerem
3178 550 3434 621 conjecti,

199 644 233 714 ἢ
257 639 675 710 ὲγκλέισθέντας
703 642 1122 716 δεσμωτηρίοις,
1149 640 1322 693 διόλου
1355 639 1410 691 δὲ
1437 639 1765 710 ὁμολογοῦν-

199 752 301 797 τας
345 736 427 788 ὅτι
458 718 779 805 Χριστιανοί
841 734 970 799 είσι,
1027 735 1123 786 καὶ
1164 731 1610 804 περισχισθέντας
1641 729 1768 791 τοὺς

203 826 455 896 χιτῶνας,
506 827 602 880 καὶ
659 824 1068 894 γυμνωθέντας,
1126 827 1221 886 καὶ
1251 826 1282 894 ἢ
1318 826 1397 886 είς
1444 823 1541 885 τὰς
1580 823 1769 890 χεῖρας

203 917 384 971 αὐτῶν
433 919 568 985 πρὸς
621 916 740 986 βίαν
798 917 1038 968 ἀκόντων
1068 915 1289 969 ἐκείνων
1341 913 1688 984 ἐμϐαλόντων
1717 927 1768 962 τι

201 1008 311 1059 τῶν
342 1007 697 1078 βιαζομένων,
723 1006 832 1063 οἷον
877 1008 1176 1067 λιϐανωτὸν
1209 1007 1241 1076 ἢ
1268 1005 1453 1075 ἕτερόν
1482 1022 1532 1057 τι
1560 1003 1637 1065 εἰς
1672 1003 1766 1054 θυ-

203 1100 326 1152 σίαν
348 1102 461 1162 τοῖς
494 1101 912 1170 εἰδωλολάτραις
936 1098 1385 1170 προσαγομένων,
1417 1097 1450 1166 ἦ
1495 1095 1691 1166 βρῶμά
1717 1112 1768 1147 τι

199 1190 310 1247 τῶν
372 1191 736 1246 εἰδωλοθύτων
766 1193 1097 1258 δεξαμένους
1145 1194 1226 1253 εἰς
1264 1193 1326 1243 τὸ
1384 1188 1581 1257 στόμα,
1633 1187 1770 1258 πρὸς

201 1283 449 1351 ἀνάγκης
484 1283 617 1336 αὐτὸ
643 1283 751 1336 τῶν
789 1284 1027 1353 βιαστῶν
1049 1283 1415 1352 ἐμϐαλόντων,
1444 1281 1570 1344 τοὺς
1599 1279 1772 1342 τοιοῦ-

200 1372 298 1425 τόν
353 1390 408 1425 τι
463 1373 840 1440 πεπονθότας,
909 1375 1145 1444 βοῶντας
1201 1373 1256 1426 δὲ
1302 1373 1474 1425 διόλου
1523 1375 1603 1424 ὅτι
1665 1371 1772 1423 sisi.

202 1464 538 1535 Χριστιανοὶ,
595 1469 688 1520 καὶ
721 1467 809 1527 διὰ
861 1467 1018 1528 τοῦτο
1063 1465 1412 1527 πενθοῦντας,
1474 1464 1567 1516 καὶ
1597 1467 1661 1535 τῇ
1710 1481 1770 1517 τε

202 1560 513 1628 καταστολῇ
541 1558 735 1627 καὶτῷ
773 1559 1012 1628 σχήματι
1074 1560 1133 1611 τὺ
1179 1560 1376 1619 πένθος
1427 1556 1772 1625 ἐνδεικνυμέο

201 1666 328 1710 νους
358 1650 690 1719 (καταστολὴ
714 1652 768 1704 δὲ
803 1653 882 1704 τοι
915 1653 1133 1722 μέτριον
1188 1654 1280 1705 καὶ
1339 1650 1771 1718 κατεσταλμένον

201 1739 301 1797 τοῦ
330 1741 494 1809 ἤθους
549 1742 802 1812 ὲστὶν),ἢ
850 1743 916 1796 τὰ
968 1744 1352 1814 περιϐλήματα
1382 1739 1533 1810 καλή
1567 1741 1726 1810 στολή
1753 1758 1768 1774 ο

205 1832 393 1901 σχῆμα
423 1833 500 1898 δὲ,
533 1835 564 1903 ἡ
599 1834 799 1899 ἔξωθεν
831 1835 1130 1904 φαινομένη
1158 1835 1451 1903 κατήφεια,
1480 1832 1577 1903 τὴν
1593 1832 1771 1904 λύπην

199 1921 460 1992 δηλοῦσα,
491 1924 520 1976 ὃ
553 1926 646 1977 καὶ
680 1925 795 1992 βίου
855 1925 1222 1994 ταπεινότητα
1277 1925 1561 1993 ὠνόμασεν
1615 1925 1642 1978 ὁ
1671 1941 1764 1975 και

201 2011 310 2067 νὼν
342 2029 358 2045 ο
407 2014 630 2079 τούτους
680 2011 773 2070 οὖν
826 2017 992 2085 μηδὲν
1052 2017 1368 2085 ἁμαρτῆσαι
1413 2016 1461 2067 οἱ
1528 2016 1771 2083 Πατὲρες

202 2107 370 2172 φασίν
395 2123 411 2138 ο
472 2106 598 2158 οὔτε
649 2107 759 2177 γὰρ
786 2107 850 2159 τὺ
879 2106 1225 2167 εἰδωλόθυτόν
1283 2124 1333 2156 τι
1360 2105 1592 2168 ἄκοντας
1624 2106 1774 2170 δέξα-

202 2199 333 2251 σθαι
365 2199 445 2261 είς
479 2199 538 2251 τὸ
601 2200 796 2268 στόμα,
853 2197 977 2251 οὔτε
1001 2199 1059 2251 τὸ
1089 2201 1147 2251 ὲν
1199 2200 1320 2261 ταῖς
1363 2196 1551 2267 χερσὶν
1598 2196 1776 2250 αὐτῶν

201 2289 539 2359 ἐκϐληθῆναι
577 2289 872 2342 λιϐανωτὸν
905 2289 1151 2357 ἁμαρτία
1178 2289 1348 2350 ἐστὶν,
1381 2289 1429 2339 εί
1458 2289 1650 2340 ἐκεῖνοι
1681 2287 1776 2338 καὶ

199 2379 410 2439 τούτων
429 2381 731 2450 γινομένων
766 2380 1132 2440 ἐπεκαλοῦντο
1160 2378 1220 2432 τὸ
1273 2381 1442 2447 ὄνομα
1500 2381 1594 2431 τοῦ
1640 2379 1775 2447 Χριι

207 2471 361 2537 στοῦ,
405 2473 502 2526 καὶ
544 2474 676 2525 Θεὸν
725 2472 1039 2544 ὡμολόγουν
1088 2471 1283 2530 αὐτόν’
1339 2470 1433 2528 καὶ
1485 2471 1560 2532 ὡς
1610 2471 1776 2538 μηδὲν

212 2566 657 2636 ἁμαρτάνοντας,
692 2566 767 2633 μὴ
809 2563 1113 2616 κωλύεσθαι
1155 2563 1255 2630 τῆς
1292 2562 1574 2624 κοινωνίας
1636 2579 1774 2631 παρ-

204 2658 582 2723 εκελεύσαντο.
619 2657 738 2711 Κᾶν
786 2674 932 2719 τινες
967 2657 1095 2717 ἴσως
1129 2656 1497 2724 ἀγνοήσαντες
1521 2653 1578 2705 τὸ
1608 2670 1778 2722 προσ-

206 2752 426 2823 ῆχον,ἢ
470 2751 632 2804 πλέον
658 2749 752 2802 τοῦ
782 2750 996 2811 δέοντος
1021 2748 1122 2817 τῆς
1165 2747 1448 2818 ἀκριϐείας
1503 2747 1773 2817 ἐχόμενοι,

206 2838 493 2895 ἐκώλυσάν
553 2858 706 2902 τινας
761 2841 860 2908 τῆς
934 2840 1239 2904 κοινωνίας,
1310 2840 1471 2900 εὐθὺς
1523 2838 1777 2907 δεχθῆναι

204 2933 432 2994 τούτους
492 2932 961 3001 ὲγνωμοδότησαν,
1002 2933 1105 2984 κάν
1159 2948 1219 2990 τε
1276 2930 1385 2985 τῶν
1432 2928 1525 2981 τοῦ
1570 2928 1776 2998 κλήρου

206 3020 373 3096 ἦσαν,
414 3023 517 3076 κάν
540 3041 598 3076 τε
627 3022 844 3075 τῶντοῦ
879 3022 1030 3076 λαοῦ.
1069 3023 1334 3081 Τοσοῦτον
1380 3022 1457 3084 δὲ,
1491 3022 1678 3089 φασὶν,
1711 3021 1774 3071 ού

206 3115 593 3184 λογισθήσεται
623 3115 689 3168 τὰ
719 3114 832 3168 ἄνω
860 3117 1124 3185 είρημὲνα
1158 3115 1238 3177 είς
1271 3114 1599 3184 ἁμάρτημα,
1636 3111 1776 3164 ὥστε

1868 648 2132 707 perpetuo
2165 632 2377 706 tamen,
2406 632 2654 702 vestibus
2707 656 2927 712 quoque
2977 642 3289 701 dilaceratis
3316 662 3438 702 cor-

1869 730 2101 799 porique
2131 730 2421 799 detractis,
2475 748 2597 788 sese
2632 732 2983 790 Christianos
3028 750 3150 790 esse
3203 737 3434 806 professi

1869 827 2034 885 sunt;
2087 821 2302 878 etiamsi
2340 824 2421 877 vel
2454 823 2658 894 aliquid
2701 839 2798 893 per
2855 825 2962 878 vim
3015 832 3434 896 repugnantium

1870 916 2119 969 manibus
2144 917 2216 971 sit
2247 917 2528 987 injectum,
2556 919 2684 973 thus
2709 918 2962 974 videlicet
2988 927 3083 981 aut
3113 919 3256 973 aliud
3285 922 3435 988 quid-

1871 1007 2016 1076 piam
2059 1023 2274 1075 eorum,
2326 1025 2445 1079 qua:
2472 1011 2523 1062 in
2556 1010 2825 1066 idolorum
2865 1010 3151 1063 sacriﬁciis
3187 1012 3434 1069 adhiheri

1872 1098 2031 1158 solita
2062 1109 2210 1162 sunt,
2249 1100 2332 1153 vel
2365 1100 2473 1154 cibi
2522 1099 2728 1169 aliquid
2762 1116 2829 1156 ex
2863 1099 3161 1154 immolatis
3197 1117 3292 1170 per
3328 1103 3434 1154 vim

1869 1205 1900 1246 a
1937 1191 2281 1247 coactoribus
2320 1193 2625 1250 immissum
2655 1207 2750 1247 ore
2780 1207 3066 1260 excepere,
3099 1194 3190 1264 qui
3230 1195 3436 1263 aliquid

1870 1285 2137 1353 ejusmodi
2196 1288 2445 1357 perpessi
2499 1287 2728 1352 fuerint,
2788 1287 3128 1344 Christianos
3201 1305 3260 1343 se
3319 1306 3440 1345 esse

1871 1375 2232 1432 nihilominus
2273 1380 2481 1435 interea
2514 1379 2884 1445 clamitantes,
2925 1390 3090 1448 atque
3119 1381 3188 1434 ob
3219 1382 3268 1435 id
3294 1383 3438 1451 quod

1876 1465 2076 1520 factum
2112 1466 2214 1522 fuit
2252 1468 2523 1536 dolentes,
2560 1485 2623 1524 ac
2656 1472 2901 1525 dolorem
2949 1472 3279 1526 dcmissione
3342 1473 3442 1525 ha-

1873 1558 2098 1628 bituque
2126 1574 2234 1630 prae
2264 1576 2324 1614 se
2352 1561 2590 1638 ferentes
2615 1563 2721 1631 (est
2751 1573 2930 1619 autem
2968 1566 3214 1624 remissio
3256 1563 3442 1619 Graece

1875 1649 2200 1727 καταστολὴ,
2264 1652 2545 1720 aequabilis
2577 1668 2640 1706 ac
2687 1653 2967 1708 moderata
3023 1669 3229 1707 morum
3290 1671 3443 1708 com-

1875 1741 2115 1811 positio;
2170 1743 2420 1808 quamvis
2472 1744 2666 1797 eodem
2721 1744 2884 1798 verbo
2942 1745 3175 1804 amictus
3225 1761 3442 1813 quoque

1875 1840 2211 1900 ornatusque
2266 1830 2516 1901 c'orporis
2565 1835 2863 1900 signiﬁcari
2941 1843 3106 1904 qucat
3158 1854 3170 1887 :
3223 1836 3441 1889 habitus

1876 1939 2026 1988 vero,
2058 1924 2242 1980 Graece
2275 1925 2481 1994 σχῆμα.
2515 1921 2734 1979 tristitia
2771 1926 3113 1982 extrinsecus
3152 1940 3441 1995 apparens,

1874 2017 2094 2068 condit.
2126 2030 2265 2083 rtque
2322 2015 2507 2067 animo
2566 2030 2857 2068 mcerorcm
2925 2016 3218 2078 iudicans,
3278 2034 3442 2087 quam

1875 2108 2036 2160 etiam
2078 2107 2202 2159 vitae
2255 2107 2618 2159 humilitatem
2670 2122 2846 2159 canon
2888 2108 3239 2176 appellavit);
3275 2110 3342 2161 ab
3377 2111 3442 2162 iis

1876 2212 2008 2266 ergo
2042 2196 2177 2252 nihil
2213 2205 2496 2264 peccatum
2535 2210 2657 2250 esse
2690 2195 2881 2250 Patres
2938 2208 3214 2252 asserunt.
3262 2198 3445 2268 Neque

1875 2292 2045 2349 enim,
2077 2288 2222 2356 quod
2257 2288 2338 2339 vel
2374 2287 2735 2357 idolothytum
2766 2302 2861 2340 ore
2894 2289 2976 2342 vel
3018 2290 3161 2357 quod
3196 2293 3319 2347 thus
3351 2300 3444 2349 aut

1876 2379 2079 2446 aliquid
2139 2377 2316 2440 simile
2371 2377 2650 2439 manibus,
2702 2381 2953 2435 nolentes
3007 2382 3341 2448 exceperint,
3392 2384 3442 2436 id

1877 2467 2124 2524 Criminis
2192 2467 2309 2522 loco
2358 2468 2486 2538 poni
2528 2468 2726 2533 debet;
2776 2467 2820 2521 si
2877 2477 3056 2523 tamen
3109 2470 3184 2524 illi
3237 2473 3443 2525 interea

1877 2575 2113 2630 quoque,
2151 2559 2277 2611 dum
2316 2560 2430 2612 haec
2470 2558 2686 2620 fierent,
2741 2557 3023 2616 Christum
3074 2563 3439 2631 appellabant,

1874 2652 2036 2724 377
2071 2652 2346 2720 Deumque
2376 2650 2557 2718 ipsum
2593 2665 2717 2704 esse
2745 2650 3181 2720 proﬁtebantur:
3217 2669 3279 2708 ac
3321 2663 3445 2715 tan.

1878 2759 2039 2811 quam
2075 2742 2208 2799 nulli
2240 2743 2413 2811 culpa:
2445 2741 2658 2806 amnes,
2709 2743 2857 2800 nullo
2907 2745 3068 2800 modo
3118 2758 3147 2796 a
3196 2759 3440 2803 commu-

1877 2836 2044 2889 nione
2068 2834 2337 2887 arcendos
2371 2849 2493 2889 esse
2525 2835 2848 2888 delinivere.
2884 2834 3040 2899 Quod
3075 2837 3119 2890 si
3151 2839 3443 2897 nonnullos

1879 2925 2062 2986 etiam,
2095 2923 2370 2994 aequitatis
2401 2923 2540 2979 forte
2587 2925 2954 2994 ignoratione,
3007 2934 3100 2986 aut
3131 2928 3250 2997 plus
3293 2929 3444 2997 justo

1879 3016 2252 3085 diligentiores
2287 3017 2452 3087 aliqui
2486 3019 2869 3071 communione
2903 3019 3302 3087 prohibuerint,
3330 3023 3445 3076 sivo

1879 3124 1908 3162 e
1939 3112 2086 3163 clero
2116 3109 2192 3162 illi
2229 3110 2342 3163 sive
2373 3123 2402 3163 e
2435 3109 2638 3178 populo
2667 3107 2890 3175 fuerint,
2937 3110 3299 3172 admittendos
3324 3128 3445 3167 esse

208 3207 316 3259 κᾶν
343 3206 531 3268 λαῑκός
557 3203 700 3278 τιςῇ
739 3209 766 3260 ό
819 3208 989 3260 ταῦτα
1036 3207 1355 3274 ὑπομείνας,
1406 3204 1778 3274 κωλυθήσεται

1883 3202 2026 3273 illico
2085 3202 2396 3256 decrevere.
2447 3201 2681 3255 Tantum
2750 3217 2915 3270 porro
2971 3205 3143 3268 abest,
3207 3209 3268 3260 ut
3326 3220 3445 3273 quae

206 3298 300 3355 διὰ
323 3297 497 3352 ταῦτα
547 3301 625 3360 είς
653 3299 957 3368 ἱερωσύνην
1001 3296 1454 3366 προϐιϐασθῆναι,
1521 3296 1568 3345 εί
1608 3294 1778 3362 apto;

214 3387 386 3451 αὐτοῦ
415 3389 444 3441 ὁ
473 3389 578 3461 πρὸ
608 3387 799 3445 τούτου
831 3388 1196 3459 ἀνεπίληπτος
1223 3383 1290 3457 ἦν
1319 3388 1417 3439 καὶ
1456 3385 1631 3455 ὀρθῶς
1679 3400 1778 3445 πε-

211 3480 521 3542 πολίτευτο.

212 3745 438 3802 ΑΡΙΣΤ.
493 3761 511 3794 ι
547 3741 607 3795 Οἱ
641 3737 1063 3810 βασανισθέντες
1092 3722 1185 3790 καὶ
1229 3735 1543 3804 βιασθέντες
1565 3734 1780 3802 ἀληθῶς

297 3857 315 3889 ι
357 3839 454 3891 καὶ
507 3835 647 3903 μετὰ
675 3831 988 3906 τυραννίδος
1028 3830 1292 3900 βρώματα
1338 3827 1593 3890 λαϐόντες
1625 3825 1779 3879 εἰδώ-

305 3950 324 3983 ι
362 3932 478 3994 λου,
531 3929 631 3997 τῆς
690 3924 973 3987 κοινωνίας
1041 3923 1114 3993 μὴ
1176 3922 1591 3979 κωλυέσθωσαν.
1674 3920 1782 3971 Καὶ

301 4043 318 4074 ι
357 4021 539 4076 λαῖκοὶ
576 4021 630 4072 δὲ
659 4019 818 4070 τοῦτο
856 4016 1141 4078 παθόντες,
1188 4016 1261 4075 ὡς
1288 4013 1438 4065 οὐδὲν
1473 4012 1786 4081 ἡμαρτηκό-

310 4134 329 4169 σ
372 4131 483 4178 τες,
521 4113 568 4172 εί
641 4109 915 4180 βούλοιντο
947 4105 1283 4176 χειροτονίας
1318 4106 1520 4174 τυχεῖν,
1579 4119 1784 4170 τυγχα-

308 4225 330 4259 ι
366 4205 636 4263 νέτωσαν,
679 4200 852 4262 ἄλλως
884 4197 1239 4265 ἀνεπίληπτοι
1267 4194 1436 4257 ὄντες.
1481 4212 1498 4244 ι

290 4301 354 4351 Ol
393 4296 530 4367 μετὰ
585 4294 832 4364 βασάνων
884 4289 1232 4343 εἰδωλόθυτον
1278 4286 1470 4358 βρῶμα
1531 4284 1783 4348 δέξασθαι

218 4392 535 4466 βιασθέντες
571 4390 678 4442 τῶν
731 4385 1025 4456 βιαζόντων
1053 4382 1128 4450 τῷ
1161 4382 1386 4449 στόματι
1419 4378 1596 4431 αὐτῶν
1629 4375 1784 4429 τοῦτο

1882 3308 2043 3362 Supra
2080 3293 2655 3356 commemoravimus,
2683 3292 2899 3348 crimini
2951 3292 3058 3345 sint
3091 3295 3356 3360 ducenda,
3387 3308 3442 3349 ut

1880 3381 2090 3439 etiamsi
2149 3381 2288 3434 laico
2342 3380 2545 3434 homini
2584 3381 2816 3450 cuipiam
2849 3381 3166 3448 perferenda
3218 3384 3440 3452 iuerint,

1874 3474 2014 3536 nihil
2041 3484 2240 3536 tamen,
2269 3471 2427 3524 modo
2452 3473 2618 3524 vitam
2646 3471 2846 3540 alioqui
2880 3473 3194 3541 suSpicione
3220 3491 3440 3537 vaCuam

1883 3579 1945 3623 ac
1973 3564 2256 3635 probatam
2287 3564 2614 3625 traduxerit,
2656 3564 2952 3632 quominus
2984 3565 3047 3616 ad
3081 3580 3268 3622 sacros
3295 3567 3443 3631 ordi-

1884 3672 1980 3709 nes
2016 3655 2172 3708 cvehi
2207 3656 2387 3717 liceat,
2419 3655 2636 3710 obstare
2662 3655 2850 3712 velint.

1882 3745 2107 3798 AlllST.
2150 3764 2168 3798 ι
2205 3746 2305 3811 Qui
2343 3747 2626 3804 tormentis
2656 3746 2882 3812 subjecti
2912 3753 2966 3798 et
3015 3747 3117 3809 vim
3147 3763 3268 3802 vero
3301 3753 3443 3817 passi

1959 3852 1977 3883 ι
2023 3843 2168 3903 sunt,
2202 3845 2256 3887 ct
2289 3843 2411 3903 post
2435 3835 2777 3903 tyrannidem
2807 3837 2987 3895 cibum
3022 3837 3179 3891 idolis
3201 3838 3443 3897 oblatum

1961 3946 1979 3978 ι
2026 3935 2269 3985 sumunt.
2322 3940 2350 3978 a
2392 3928 2773 3980 communione
2807 3943 2874 3980 ne
2917 3928 3324 3996 prohibeantur.
3382 3933 3446 3984 Et

1964 4036 1980 4069 ι
2028 4017 2146 4069 laici
2180 4018 2278 4072 hoc
2310 4016 2476 4083 passi,
2511 4026 2566 4068 ut
2603 4016 2733 4069 nihil
2765 4022 3110 4085 transgressi,
3159 4021 3202 4073 si
3236 4021 3448 4074 ord'nu.

1962 4125 1980 4156 ι
2026 4108 2220 4159 tionem
2273 4106 2439 4159 velint
2480 4106 2762 4172 consequi,
2816 4106 3240 4176 consequantur,
3290 4116 3448 4174 mon

1962 4218 1980 4254 ι
2028 4199 2075 4254 al
2103 4207 2181 4251 ter
2216 4197 2469 4266 inculpati
2501 4198 2624 4250 sint.
2649 4216 2668 4253 ι

1957 4288 2058 4353 Qui
2114 4303 2236 4341 com
2295 4290 2583 4345 tormentis
2655 4290 2834 4343 cibum
2900 4289 3059 4347 idolis
3111 4291 3444 4352 immolatum

1889 4381 2129 4446 recipere
2162 4378 2333 4431 coacti
2364 4388 2510 4440 sunt,
2545 4379 2690 4440 istis,
2737 4380 2830 4449 qui
2866 4395 2960 4436 eos
3008 4390 3224 4449 cegunt,
3279 4383 3333 4436 in
3385 4401 3447 4442 os

217 4465 572 4556 ἔμϐαλόντων
636 4477 776 4546 μετά
819 4477 1083 4541 ἀνάγκης,
1153 4471 1412 4531 ὡσαύτως
1464 4469 1520 4522 δὲ
1581 4469 1675 4517 καὶ
1705 4465 1778 4581 ,οἱ

1888 4482 2076 4521 eorum
2132 4467 2262 4524 illud
2320 4467 2582 4525 violenter
2633 4468 3022 4538 injicientibus;
3085 4471 3335 4534 similiter
3394 4488 3448 4529 et

1888 4559 1930 4581 ,ε
1985 4558 2108 4581 αἱμα-ι
2161 4557 2345 4581 ,Αλλης
2401 4559 2557 4581 ,ηΑΔΛ
2602 4561 2650 4581 ζ..
2697 4573 2886 4581 _.-_.--
2921 4573 3043 4581 -._-..
3081 4561 3268 4581 _..-:__E_
3325 4575 3336 4581 -
3432 4575 3442 4581 .

217 4570 650 4641 τοιουτοτρόπως
679 4565 977 4622 λιϐανωτὸν
1008 4567 1088 4626 εἱς
1131 4563 1228 4622 τὰς
1262 4564 1447 4632 χεῖρας
1490 4559 1666 4612 αὐτῶν
1702 4557 1784 4609 δε-

219 4666 472 4735 ξάμενοι,
505 4663 600 4715 καλ⁸
627 4661 761 4730 πρὸς
807 4660 927 4727 βίον
960 4661 1038 4720 εἰς
1077 4657 1169 4707 τὸν
1217 4654 1444 4722 τρίποδα
1504 4649 1786 4721 ὲπιρῤίψαι

219 4755 386 4808 τοῦτο
430 4751 1007 4820 καταναγκασθὲντες·
1069 4745 1454 4815 ὁμολογοῦντες
1496 4744 1552 4795 δὲ
1613 4742 1805 4793 διόλου-

221 4851 312 4900 ὅτι
355 4845 461 4898 είσλ⁵
493 4843 827 4912 Χριστιανοὶ,
860 4842 954 4892 καὶ
1011 4838 1203 4891 τούτου
1237 4835 1542 4903 συμϐάντος
1597 4832 1788 4899 πένθος

222 4940 318 4992 ἀεὶ
340 4931 773 4998 ἐπιδεικνύμενοι
813 4935 877 4999 τῇ
926 4930 1070 4997 πάσῃ
1103 4925 1406 4993 καταστολῇ
1443 4923 1536 4976 καὶ
1560 4924 1636 4990 τῷ
1664 4923 1792 4991 σχή-

225 5045 387 5096 ματι,
418 5025 510 5077 καὶ
549 5025 612 5091 τῇ
645 5021 736 5073 τοῦ
792 5020 904 5089 βίον
936 5020 1306 5083 ταπεινότητι,
1367 5008 1514 5065 οὗτοι
1568 5015 1639 5075 ῶς
1688 5013 1792 5077 ἔξω

223 5115 628 5186 ἁμαρτήματος
652 5110 830 5170 ὄντες,
878 5108 978 5177 τῆς
1018 5105 1302 5167 κοινωνίας
1356 5104 1429 5172 μὴ
1475 5103 1793 5155 κωλυέσθω-

225 5223 361 5268 σαν,
393 5201 588 5256 ἀλλ’-ὲν
619 5202 684 5270 τῇ
715 5199 892 5267 οἰκείᾳ
913 5201 1047 5268 τιμῇ
1083 5197 1411 5267 μενέτωσαν.
1441 5194 1501 5244 El
1529 5193 1584 5244 δὲ
1616 5192 1791 5246 λαῖκοί

221 5298 373 5346 εἰσιν
402 5295 450 5344 οἱ
481 5290 734 5353 τοιοῦτοι,
768 5289 862 5341 καὶ
896 5286 1171 5356 βούλοιντο
1213 5282 1544 5355 χειροτονίας
1592 5284 1789 5349 τυχεῖν,

221 5377 666 5444 τυγχανέτωσαν,
701 5377 848 5438 eave
894 5372 1185 5442 προλα6ὼν
1240 5372 1353 5441 βίος
1405 5369 1588 5423 αὐτῶν
1645 5370 1790 5421 ἐστιν

222 5468 638 5536 ἀνεπίληπτος·
695 5469 759 5518 ὲκ
805 5463 994 5516 τούτου
1047 5465 1208 5530 μόνου
1266 5464 1326 5515 ού
1387 5461 1793 5529 κωλυθήσοντᾳι

220 5559 336 5625 τῆς
384 5555 636 5626 τοιαύτης
665 5558 942 5624 ἐπιτυχεῖν
994 5554 1182 5622 τιμῆς.

843 5645 1076 5700 ΚΔΝΩΝ
1108 5645 1181 5697 A'.

231 5751 256 5795 ὁ
302 5739 438 5806 Περὶ
473 5737 581 5789 τῶν
619 5737 756 5806 πρὸς
795 5736 914 5805 βίαν
947 5737 1245 5801 θυσάντων,
1275 5737 1365 5787 ἐπὶ
1387 5734 1442 5786 δὲ
1477 5732 1683 5795 τούτοις
1702 5733 1795 5785 καὶ

314 5847 334 5881 ι
375 5825 478 5880 τῶν
493 5826 894 5902 δειπνησάντων
918 5831 997 5889 εἰς
1022 5830 1088 5880 τὰ
1117 5829 1308 5881 εἴδωλα
1334 5827 1443 5885 ὅσοι
1472 5824 1566 5893 μὲν
1588 5824 1795 5897 ἀπαγό-

1885 4559 1931 4610 εὶ
1985 4558 2111 4610 thus
2158 4557 2346 4611 eodem
2401 4559 2560 4612 modo
2602 4561 2654 4612 in
2697 4573 2888 4612 manus
2920 4573 3047 4612 suas
3081 4561 3361 4629 recipiant,
3397 4575 3454 4632 et,

1891 4649 2021 4710 illud
2065 4663 2156 4715 per
2183 4650 2287 4700 vim
2321 4649 2370 4700 in
2403 4650 2670 4716 tripodem
2719 4650 2937 4717 injicere
2981 4653 3245 4718 compulsi
3299 4656 3451 4724 sint;

1891 4738 1982 4794 sed
2017 4739 2342 4790 ceiiﬁtentur
2371 4740 2594 4789 omnino
2620 4754 2677 4802 se
2710 4753 2829 4794 esse
2854 4740 3214 4804 Christianos,
3246 4753 3297 4795 et
3328 4759 3451 4798 cunt

1892 4828 1994 4885 hoc
2050 4826 2354 4894 contigerit,
2412 4827 2612 4882 luctum
2669 4831 2815 4887 otnni
2868 4833 3128 4887 modestia
3163 4841 3214 4885 et
3262 4833 3452 4897 habitu

1889 4927 1944 4971 et
1975 4918 2094 4970 vitae
2129 4918 2426 4974 humilitate
2462 4920 2777 4984 ostendunt,
2831 4923 2904 4983 lii,
2935 4930 2990 4972 ut
3020 4921 3111 4987 qui
3144 4931 3268 4976 sunt
3298 4939 3448 4986 extra

1893 5015 2192 5076 peccatum,
2253 5023 2281 5061 a
2334 5012 2712 5064 communione
2761 5026 2828 5062 ne
2879 5022 3185 5076 arceantur,
3249 5015 3341 5069 sed
3394 5001 3456 5077 in.

1893 5097 2111 5164 proprio
2165 5097 2370 5153 honore
2434 5106 2704 5161 maneant.
2805 5097 2859 5152 Si
2919 5110 3098 5154 autem
3154 5103 3292 5157 tales
3342 5106 3452 5165 sint
3500 5143 3505 5146 -

1894 5189 2012 5242 laici
2043 5199 2096 5242 et
2125 5190 2481 5250 ordinationis
2510 5199 2787 5257 compotes
2819 5206 2938 5244 esse
2968 5192 3213 5258 cupiunt,
3260 5208 3451 5247 conse-

1893 5287 2148 5349 quantur,
2179 5280 2224 5341 si
2260 5279 2568 5348 praecedens
2593 5295 2779 5335 eorum
2807 5282 2915 5334 vita
2949 5282 3222 5351 inculpata
3253 5284 3444 5337 fuerit:

1894 5386 1955 5422 ex
1999 5384 2062 5425 eo
2102 5369 2368 5437 ejusmodi
2403 5369 2627 5424 honoris
2679 5369 2966 5439 participes
3000 5386 3122 5428 esse
3167 5389 3234 5426 ne
3261 5372 3448 5441 prohi-

1899 5461 2146 5520 beantur.
2260 5459 2264 5462 “

2486 5621 2714 5686 CANON
2767 5632 2856 5686 IV.

1903 5748 1920 5780 ι
1960 5729 2030 5780 De
2063 5730 2150 5790 iis,
2181 5727 2270 5796 qui
2308 5727 2355 5778 vi
2393 5726 2792 5791 sacrilicarunt,
2839 5734 2894 5779 et
2927 5729 3180 5792 praeterea
3211 5723 3276 5774 ad
3312 5723 3454 5778 idola

1976 5839 1991 5872 ι
2041 5818 2222 5889 pransi
2273 5828 2422 5884 sunt,
2473 5820 2783 5888 quicunque
2831 5815 3046 5879 abducti
3093 5813 3350 5884 quidem,
3400 5822 3454 5876 et
