3974 6346
230 467 396 554 1137'

1379 505 1459 565 IN
1489 505 1654 570 CAN.
1694 508 1770 570 IV
1796 505 2002 570 CONC.
2040 510 2303 576 ANCYR.

3311 529 3445 595 1138

217 605 645 676 ὑποδεξαμένων
687 612 752 665 τὰ
786 614 985 685 βέϐηλα
1029 616 1198 683 δῶρα,
1240 624 1333 672 καὶ
1383 622 1548 690 μηδὲν
1593 624 1651 688 ἐξ
1707 641 1733 674 ο

1845 627 2252 708 tdeliqneruut,
2291 640 2343 686 et
2373 648 2582 692 eorum.
2621 634 2713 706 qui
2745 634 3191 708 aliquidimpium
3224 644 3270 698 vi
3304 644 3446 702 fece-

214 701 376 750 κείου
407 700 611 766 φάκτου
667 706 1024 774 ἐπταικότων,
1060 711 1153 762 καὶ
1183 711 1288 764 τῶν
1329 713 1432 781 ἀπὸ
1464 715 1584 784 βίας
1618 717 1782 785 ἔργα·

212 791 473 857 σαμένων
506 794 701 858 ἀσεϐές
727 816 800 858 τι,
831 799 965 866 ὅπερ
1001 801 1116 852 ἐστὶ
1155 801 1214 854 τὸ
1269 804 1558 858 ἀναπεσεῖν
1588 809 1664 866 εὶς
1691 808 1780 862 τὸν

205 879 453 938 δεῖπνον.
484 887 792 941 Κάντεῦθεν
819 892 1013 944 ἐκεῖνοι
1060 893 1178 960 μὲν,
1234 895 1308 958 ὡς
1351 895 1423 964 μὴ
1482 896 1715 965 διαπραξ

114 1019 120 1022 .
209 983 370 1038 μενοι
398 993 448 1028 τι
478 978 648 1032 κακὸν
681 980 852 1049 (παρά
885 982 1058 1035 ἄλλων
1090 986 1198 1054 γὰρ
1223 988 1302 1048 είς
1328 985 1384 1038 τὸ
1417 986 1590 1055 στόμα
1628 989 1659 1058 ἦ
1695 991 1775 1050 εἰς

201 1064 309 1125 τὰς
348 1067 532 1136 χεῖρας
558 1070 736 1122 αὐτῶν
793 1073 1055 1143 ὲνεὸλήθη
1123 1077 1182 1128 τὸ
1229 1077 1618 1148 εἰδωλόθυτον),
1675 1081 1774 1134 οὐκ

199 1156 576 1226 ἐπιτιμῶνται
598 1179 612 1193 ο
651 1155 796 1215 οὗτοι
827 1165 879 1216 δὲ
908 1207 921 1229 ,
944 1166 1019 1230 ὡς
1050 1167 1306 1221 ἀσέϐειαν
1340 1170 1773 1241 πλημμελήσαν-

195 1263 296 1307 τες
337 1249 475 1314 μετά
535 1252 735 1304 οἰκείου
803 1255 1032 1322 φὰκτου,
1087 1257 1328 1327 δηλονότι
1383 1261 1767 1328 ἀναπεσόντες,

195 1337 594 1406 ἐπι-τιμῶνται.
627 1343 814 1397 Ταῦτα
852 1347 905 1399 δὲ
945 1351 1239 1404 ἐθέσπισαν
1296 1352 1600 1416 ἀκολούθως
1659 1359 1771 1419 τοῖς

191 1425 309 1478 ὑπὸ
335 1432 496 1496 νόμον
530 1434 874 1501 διορισθεῖσι.
905 1441 1040 1509 Φησὶ
1085 1442 1192 1511 γὰρ
1227 1444 1283 1495 ἐν
1317 1443 1506 1513 βιϐλίῳ
1559 1447 1769 1518 δεκάτῳ

189 1519 311 1570 τῶν
349 1523 644 1576 Βλσιλικῶν
675 1527 839 1599 τίτλῳ
875 1531 943 1594 σι’,
982 1531 1054 1595 ὡς
1075 1533 1135 1584 τὸ
1168 1534 1265 1601 μὲν
1291 1537 1573 1608 κατὰ,βὶαν
1607 1541 1768 1608 ἀφαι-

193 1611 362 1677 ρεθὲν
403 1615 682 1677 ἀπό-τινος
713 1620 864 1686 μένει
904 1622 1064 1675 πάλιν
1094 1623 1190 1693 τῆς
1209 1625 1521 1692 δεσποτείας
1551 1632 1760 1694 τούτου,

188 1705 292 1752 καὶ
323 1704 577 1757 οὐδέποτε
621 1711 750 1778 παρ’
784 1712 1110 1780 cloud-quva;
1144 1715 1469 1782 δεσπόζεται
1503 1721 1636 1776 κατὰ
1673 1721 1764 1774 τὸν

185 1796 363 1857 νόμον
389 1794 478 1845 τὶν
510 1794 734 1863 λέγοντα
759 1814 770 1827 ·
805 1802 881 1852 Τὰ
916 1803 1184 1871 φούρτιϐα
1240 1807 1333 1859 καὶ
1381 1808 1450 1860 τὰ
1501 1809 1763 1877 βιπόσεσα

182 1884 450 1938 οὐδέποτε
476 1890 1204 1966 ούσουκαπιτεύονται,ἧτοι
1267 1899 1328 1950 ού
1388 1901 1757 1965 δεσπόζονται.

185 1977 266 2029 Τὸ
298 1978 354 2030 δὲ
391 1981 527 2033 κατὰ
558 1983 722 2050 φόϐον
761 1985 914 2038 δοθὲν
937 1988 1072 2058 πρός
1110 2007 1230 2042 τινα
1293 1994 1441 2061 παρά
1472 2011 1637 2058 τινος,
1673 1997 1763 2048 ού-

184 2073 652 2127 σουκαπιτεύεται
680 2076 830 2145 παρά
854 2077 945 2129 τοῦ
1003 2080 1142 2152 καλῇ
1176 2080 1354 2134 πίστει
1401 2085 1628 2151 νομέως,
1659 2085 1758 2138 κᾶν

180 2158 392 2214 ὕπεστι
422 2164 497 2233 τῷ
527 2167 675 2239 φόίῖῳ
709 2172 799 2221 καὶ
831 2171 955 2240 βίᾳο
1000 2172 1263 2241 μετετέθη
1306 2175 1411 2243 γὰρ
1453 2177 1609 2230 τοῦτο
1671 2179 1756 2232 διὰ

177 2253 392 2307 οἰκείου
453 2259 660 2325 φάκτου
716 2261 808 2313 τοῦ
871 2263 1102 2333 ἀληθοῦς
1151 2264 1433 2320 δεσπότου.
1501 2269 1753 2333 Εὑλόγως

176 2346 416 2401 τ·.ίν)νὸ
449 2350 613 2418 μηδὲν
658 2353 960 2424 ἐνεργήσας
1003 2355 1197 2417 ἀσεϐὲς
1256 2357 1356 2410 οὐκ
1410 2358 1750 2430 ἐπιτιμᾶται,

173 2435 375 2506 ὥσπερ
415 2444 851 2508 συγγινώσκεται
883 2448 975 2502 καὶ
1014 2451 1040 2500 ὁ
1082 2449 1221 2502 κατά
1260 2450 1382 2518 βίαν
1433 2453 1752 2521 ἀφαιρεθεὶς

173 2530 238 2580 τὸ
285 2533 505 2594 οἰκεῖον,
569 2536 658 2586 καὶ
723 2537 1069 2592 ἀνακαλεῖται
1130 2540 1262 2592 αὐτὸ
1294 2543 1454 2612 μέχρι
1501 2559 1753 2611 τριακον-

173 2625 437 2686 ταετίας·
481 2628 508 2677 ὁ
543 2626 595 2678 δὲ
663 2629 1037 2699 ἐργασάμενός
1075 2648 1129 2682 τι
1177 2632 1396 2697 ἀσεϐὲς,
1431 2634 1506 2694 ὡς
1552 2636 1579 2686 ό
1616 2636 1748 2688 ἀνα-

174 2713 364 2767 πεσὼν
400 2720 540 2771 κατά
571 2719 694 2790 βίαν
714 2713 815 2776 ¹ἐπὶ
835 2723 926 2774 τὸν
961 2723 1187 2792 βέϐηλον
1224 2725 1459 2789 δεῖπνον,
1491 2728 1749 2797 ἐπιτιμᾶ-

1692 898 1781 950 Salv

1850 697 2047 782 \ruut;
2081 721 2386 788 cujuszuodi
2419 725 2666 781 videlicet
2696 737 2776 781 est
2806 729 2872 782 ad
2906 732 3188 799 prandium
3223 750 3441 791 neeum-

1882 806 2028 862 bere.
2114 809 2259 865 Unde
2297 813 2371 867 illi
2404 816 2641 884 quidem,
2677 826 2734 872 ut
2763 821 2864 891 qui
2892 822 3016 876 mali
3053 825 3180 878 nihil
3217 825 3440 885 fecerint

1881 901 1969 966 (ab
1999 901 2116 954 aliis
2147 904 2284 956 enim
2312 905 2364 957 in
2402 920 2463 960 os
2497 908 2577 960 vel
2614 908 2664 962 in
2689 902 2894 965 manus
2917 912 3156 982 ipsorum
3179 916 3436 986 injectum

1877 999 1960 1044 est
1992 992 2521 1066 idolothytum),non
2557 1001 2892 1068 puniuntur;
2933 1005 2982 1057 hi
3013 1015 3214 1073 autem,
3251 1020 3307 1062 ut
3342 1011 3432 1078 qui

1878 1084 2096 1150 proprio
2125 1085 2266 1140 facto
2297 1103 2572 1156 peccatum
2605 1093 2961 1159 admiserunt,
3016 1097 3267 1152 nimirum
3302 1101 3435 1167 lapsi

1876 1185 2024 1233 Sunt.
2082 1177 2401 1244 puniuntur.
2489 1178 2612 1234 Haec
2660 1190 2840 1236 autem
2899 1198 3299 1255 consequenter
3350 1192 3434 1252 iis,

1876 1278 1997 1331 quae
2051 1281 2078 1319 a
2133 1268 2341 1336 lv-gihus
2381 1275 2581 1324 statuta
2628 1281 2756 1327 'sunt
2803 1274 3154 1334 deﬁnierunt.
3233 1280 3437 1335 Dicitur

1872 1358 2015 1410 enim
2065 1359 2117 1411 in
2164 1360 2254 1412 lib.
2309 1377 2335 1412 x
2395 1361 2559 1417 llasil.
2610 1371 2694 1416 ιιι.
2735 1363 2799 1427 1,
2851 1366 2995 1434 quod
3047 1368 3131 1433 id,
3185 1372 3328 1437 quod
3369 1375 3436 1427 ab

1870 1448 2052 1516 aliquo
2085 1436 2300 1519 quidem
2336 1450 2382 1503 vi
2417 1454 2652 1506 ablatum
2705 1467 2807 1519 est,
2859 1472 3051 1511 rursus
3094 1472 3269 1514 manet
3316 1463 3434 1529 ejus

1869 1539 2115 1605 dominii,
2170 1557 2268 1597 nec
2323 1543 2486 1598 ullius
2525 1560 2760 1612 unquam
2819 1547 3059 1602 dominio
3091 1558 3322 1615 tenetur,
3373 1562 3430 1607 ut

1869 1634 1979 1686 vult
2011 1639 2093 1687 lex
2130 1650 2248 1704 quae
2275 1635 2436 1690 dicit:
2473 1636 2690 1691 Furtiva
2717 1649 2768 1692 et
2800 1639 2844 1692 vi
2879 1654 3128 1710 possessa
3155 1658 3424 1710 nunquam

1869 1741 1966 1778 usu
1993 1727 2303 1793 capiuntur,
2333 1729 2444 1782 sive
2467 1717 2706 1783 dominio
2736 1737 3023 1784 tenentur:
3058 1733 3204 1799 quod
3243 1739 3421 1786 autem

1867 1817 2026 1869 alicui
2077 1817 2144 1870 ab
2195 1818 2378 1887 aliquo
2430 1829 2574 1873 metu
2627 1821 2808 1875 datmn
2860 1831 2962 1886 est,
2999 1837 3050 1882 ~a
3103 1824 3256 1877 bona:
3303 1824 3424 1878 fidei

1866 1920 2182 1973 possessore
2217 1923 2316 1961 usu
2349 1911 2582 1974 capitur,
2633 1910 2844 1965 etiamsi
2884 1914 3047 1965 metui
3098 1928 3310 1983 quoque
3342 1917 3422 1970 vis

1822 1999 1833 2054 ,'
1863 1999 2020 2051 insit:
2057 2000 2166 2051 veri
2195 1999 2337 2053 enim
2371 1999 2572 2054 dornini
2603 2002 2824 2070 proprio
2853 2004 2997 2058 facto
3031 2006 3287 2061 translata
3317 2019 3420 2062 est.

1859 2087 1988 2141 .lure
2022 2105 2170 2158 ergo,
2223 2091 2314 2156 qui
2353 2090 2486 2144 nihil
2538 2091 2775 2159 impium
2811 2086 2959 2157 fecit,
3015 2110 3124 2150 non
3162 2099 3422 2165 punitur;

1859 2180 2311 2248 quemadmodum
2337 2183 2454 2235 etei
2482 2181 2801 2251 ignoscitur,
2828 2182 2912 2236 cui
2938 2185 2988 2237 vi
3010 2198 3165 2239 suum
3187 2186 3420 2239 ablatum

1855 2281 1958 2332 est,
2012 2273 2058 2325 si
2106 2272 2156 2324 id
2205 2273 2268 2324 ad
2305 2275 2524 2342 triginta
2558 2288 2734 2329 annos
2773 2290 2941 2342 usque
2992 2286 3228 2330 revocat.
3317 2276 3417 2343 Qui

1855 2371 2034 2415 autem
2055 2362 2253 2430 aliquid
2272 2361 2492 2431 impium
2518 2363 2664 2429 fecit,
2691 2374 2750 2418 ut
2765 2366 2852 2434 qni
2873 2366 2926 2418 in
2952 2367 3181 2435 profano
3197 2368 3420 2436 prandio

1855 2454 1904 2506 vi
1935 2454 2210 2519 accubuit,
2245 2456 2500 2524 punitur;
2557 2457 3013 2524 quemadmodum
3049 2459 3096 2512 ei
3134 2474 3240 2513 non
3271 2459 3416 2527 igno-

1852 2547 2041 2608 scitur,
2100 2547 2190 2613 qul
2231 2549 2442 2614 propria
2479 2563 2661 2606 manu.
2719 2549 2861 2618 quod
2915 2563 3070 2602 suum
3105 2559 3206 2612 est,
3252 2553 3412 2605 alicui

1853 2644 1996 2690 metu
2034 2635 2273 2690 tradidit.
2341 2636 2468 2692 Post
2503 2636 2820 2692 decennium
2853 2640 2996 2693 enim
3035 2641 3268 2709 perdidit
3298 2640 3415 2710 ejus

1849 2728 2175 2783 dominium.

171 2822 287 2867 ται,
335 2809 513 2872 καθὼς
562 2813 623 2863 οὐ
690 2816 1128 2880 συγγινώσκεται
1151 2816 1244 2870 καὶ
1299 2817 1328 2869 δ
1380 2820 1522 2872 κατὰ
1577 2819 1738 2888 φόϐον
1758 2821 2128 2892 οίκειοχείρως
2173 2821 2447 2894 παραδοὺς
2517 2821 2654 2893 πρός
2694 2835 2814 2875 τινα
2865 2821 2924 2873 τὸ
2974 2823 3190 2875 οἰκεῖον.
3257 2821 3410 2874 Μετὰ

168 2902 284 2969 γὰρ
316 2902 600 2957 δεκαετίαν
629 2897 890 2959 ἀπόλλυσι
939 2906 1038 2977 τὴν
1067 2908 1385 2966 δεσποτείαν
1437 2914 1625 2969 αὑτοῦ.

243 2996 493 3051 ΖΩΝᾹΡ.
534 2998 710 3063 Ὅσοι,
745 3002 912 3070 φησὶν
943 3004 970 3052 ὁ
1002 3001 1206 3066 κανὼν,
1269 3004 1578 3072 βιασθέντες
1618 3008 1744 3061 ἐθυ-

170 3102 298 3145 σαν,
389 3092 478 3142 καὶ
510 3091 569 3143 ὲν
609 3095 721 3154 τοῖς
756 3093 994 3156 εἰδώλοις
1032 3097 1353 3168 ἐδείπνησαν
1377 3103 1739 3171 μετασχόντες

168 3176 282 3230 τῶν
309 3178 709 3248 εἰδωλοθύτων,
727 3183 932 3237 τούτων
955 3186 1054 3254 τὴν
1086 3185 1326 3240 διάθεσιν
1358 3190 1462 3259 χρὴ
1491 3194 1735 3259 σκοπεῖν,

166 3270 268 3320 καὶ
309 3274 444 3338 πρὸς
466 3271 681 3342 ἐκείνην
719 3275 924 3326 tosto-3v
971 3276 1156 3337 αὐτοῖς
1201 3277 1293 3328 καὶ
1337 3279 1407 3330 τὰ
1465 3280 1733 3350 ἐπιτίμια.

167 3358 234 3411 Ei
275 3359 376 3427 μὲν
397 3360 505 3429 γὰρ
531 3362 868 3433 ἀπαγόμενοι
904 3362 1037 3434 πρδς
1067 3363 1127 3418 τὺ
1173 3362 1330 3420 θῦσαι
1367 3365 1397 3440 ἢ
1426 3367 1732 3439 δειπνῆσαι,

165 3451 265 3500 καὶ
309 3450 493 3520 σχῆμα
520 3453 744 3522 φαιδρὸν
783 3456 1180 3523 ἐπεδείκνυντο,
1242 3460 1336 3513 καὶ
1380 3462 1564 3532 ἐσθῆτι
1597 3463 1732 3534 λαμ-

166 3543 283 3612 πεᾷ
324 3545 639 3616 ἐκόσμησαν
671 3547 921 3621 ἑαυτοὺς,
946 3552 1038 3603 καὶ
1076 3550 1186 3604 τῶν
1209 3553 1574 3608 εἰδωλοθύτων
1605 3574 1734 3627 μετα

169 3633 331 3703 ἔσχον
373 3637 717 3704 ἀδιαφόρως,
773 3641 1019 3693 τουτέστι
1068 3643 1144 3711 μὴ
1203 3643 1587 3715 διαφερόμενοι
1638 3649 1733 3702 καὶ

160 3731 486 3800 δακνόμενοι
511 3729 584 3792 ὼς
617 3732 1006 3800 μιμιασμένων
1055 3735 1359 3803 γευόμενοι,
1389 3739 1505 3790 ἀλλ’
1560 3740 1733 3808 ἐμφο-

167 3821 424 3890 ρούμενοι
462 3820 688 3886 τούτων,
745 3823 820 3886 ὡς
881 3823 930 3875 εί
991 3820 1130 3894 ἦσαν
1184 3827 1452 3896 ἀμίαντα·
1509 3830 1734 3894 τούτους

165 3911 416 3962 ἐνιαυτὸν
465 3910 567 3980 μὲν
614 3913 920 3985 ἀκροᾶσθαι
968 3916 1201 3982 κελεύει,
1260 3920 1317 3971 ἐν
1376 3917 1453 3990 τῷ
1500 3919 1730 3991 νάρθηκι

163 4005 513 4071 ἱσταμένους,
561 4007 652 4057 καὶ
694 4006 989 4071 ἀκούοντας
1034 4009 1143 4061 τῶν
1186 4011 1438 4079 Γραφῶν,
1494 4013 1620 4082 τρία
1677 4013 1732 4067 δὲ

162 4095 257 4164 ἐτη
291 4095 617 4149 ὑποπίπτειν
646 4099 764 4167 ἦτοι
788 4097 1010 4151 δπισθεν
1037 4098 1131 4150 τοῦ
1165 4094 1413 4168 ἄμϐωνας
1453 4101 1728 4168 ἵστασθαι,

163 4188 259 4240 καὶ
291 4189 428 4256 μετὰ
453 4188 559 4241 τῶν
601 4191 1023 4260 κατηχουμένων
1054 4191 1274 4257 ἐξιέναι,
1307 4193 1470 4262 εὐχῆς
1518 4194 1574 4248 δὲ
1631 4198 1729 4263 μό-

159 4295 260 4346 νης
304 4280 633 4351 κοινωνῆσαι
666 4282 759 4352 ἔτη
789 4282 904 4346 δύο,
936 4284 1073 4353 ὅπερ
1106 4285 1220 4337 ἐστὶ
1247 4284 1306 4338 τὸ
1329 4285 1493 4356 μέχρι
1543 4287 1729 4352 τέλους

161 4371 514 4426 συνίστασθαι
576 4376 668 4427 καὶ
731 4375 1088 4446 συνεύχεσθαι
1145 4380 1255 4442 τοῖς
1345 4380 1580 4444 πιστοῖς,
1633 4381 1726 4434 καὶ

163 4465 302 4533 μετά
324 4465 494 4521 ταῦτα
525 4466 702 4520 ἐλθεῖν
731 4469 820 4520 ἐπὶ
848 4467 908 4520 τὸ
931 4467 1155 4531 τέλειον,
1195 4471 1333 4534 ὅπερ
1369 4470 1517 4524 ἐστὶν
1551 4471 1582 4539 ἡ
1615 4471 1723 4523 τῶν

156 4555 516 4623 ἀγιασμᾶτων
555 4559 872 4630 μετάληψις.

1755 3419 1802 3482 C

1913 3005 2160 3062 Z‘ONAR.
2251 3005 2578 3075 Quicunque
2629 3006 2802 3061 coacti
2878 3005 3269 3075 immolavere,
3321 3007 3401 3060 vel

1839 3101 2006 3155 etiam
2044 3099 2098 3154 in
2133 3097 2291 3154 idolis
2326 3101 2714 3160 accumbentes
2765 3099 3059 3171 idolothyta
3095 3108 3432 3172 gustarunt.-

1839 3206 2048 3256 eorum,
2105 3191 2280 3262 inquit
2319 3206 2513 3258 canon,
2571 3183 2737 3247 animi
2799 3192 3135 3248 aﬂectioneni
3186 3193 3402 3251 intueri.

1843 3282 2047 3353 proque
2115 3285 2533 3339 illius'ratioue
2607 3286 2872 3356 supplicia
2948 3285 3140 3339 iisdem
3210 3285 3401 3336 luenda

1842 3375 2367 3450 moderari-oportet.
2415 3376 2645 3440 Etenim,
2673 3379 2715 3433 si
2739 3378 2866 3432 dum
2892 3378 2955 3432 ad
2982 3375 3399 3431 sacrificandum

1834 3469 2231 3539 epulandumve
2261 3471 2681 3533 abducerentur.
2715 3481 2766 3524 et
2799 3469 2980 3524 habitu
3010 3469 3162 3522 hilari
3216 3470 3396 3535 splen-

1835 3565 2151 3636 didioreque
2191 3567 2417 3621 vestium
2452 3574 2644 3620 ornatu
2668 3565 2842 3620 induti
2879 3565 3185 3624 incessere;
3214 3571 3266 3616 et
3295 3563 3396 3613 im—

1835 3656 2155 3710 molatarum
2188 3658 2393 3726 absque
2430 3658 2741 3714 discrimine
2767 3657 3054 3727 participes
3091 3653 3258 3714 fuere,
3294 3654 3395 3705 hoc

1833 3757 1916 3802 est
1946 3749 2165 3818 perinde
2199 3749 2355 3820 quasi
2400 3750 2534 3804 nihil
2569 3751 2636 3806 ab
2668 3749 2788 3805 aliis
2831 3749 3075 3804 ciborum
3106 3744 3396 3814 generibus

1835 3839 2131 3903 dill'errent,
2172 3842 2242 3895 ita
2279 3851 2334 3896 ut
2365 3843 2521 3905 nihil,
2576 3841 2722 3911 quod
2778 3841 2995 3910 pollutis
3024 3844 3393 3898 vescerentur,

1836 3927 2113 3994 dolerent;
2143 3945 2326 3983 verum
2348 3930 2415 3984 iis
2439 3945 2579 3992 sese,
2613 3931 2764 3997 quasi
2795 3943 2900 3982 non
2929 3927 3167 3997 pollutis,
3190 3924 3408 3978 allatim'
3436 3955 3438 3958 -

1835 4020 2268 4092 ingurgitareut:
2335 4036 2428 4076 eos
2479 4021 2642 4078 unius
2688 4022 2814 4076 anni
2871 4021 3046 4090 spatio
3096 4020 3282 4072 audire
3339 4017 3391 4068 in

1833 4115 2093 4170 narthece
2120 4125 2347 4178 stantes,
2399 4130 2787 4185 sacrarumque
2817 4114 3219 4182 Scripturarum
3258 4111 3391 4163 reci-

1835 4207 2027 4261 tationi
2061 4215 2295 4264 attentos
2317 4250 2330 4276 ,
2386 4209 2626 4263 triennio
2660 4221 2785 4261 vero
2821 4202 3119 4267 substerni,
3175 4203 3274 4254 hoc
3307 4210 3392 4253 est

1833 4308 1954 4365 post
2001 4299 2283 4353 ambonem
2334 4298 2657 4358 consistere,
2711 4303 2763 4347 et
2810 4308 2930 4346 cum
2986 4289 3388 4346 eatechumeris

1825 4389 2004 4453 egredi
2026 4427 2041 4451 ,
2095 4387 2311 4440 biennio
2344 4400 2471 4440 vero
2507 4384 2799 4455 precationi
2832 4383 3206 4438 tantummodo
3238 4393 3386 4433 cout-

1825 4477 2121 4542 municare,
2181 4479 2281 4531 hoc
2332 4490 2434 4540 est,
2485 4477 2550 4531 ad
2587 4478 2744 4532 linem
2781 4491 2954 4543 usque
2981 4488 3103 4529 cum
3136 4470 3382 4525 ﬁdelibus

1822 4569 2107 4636 interesse,
2165 4581 2217 4627 et
2248 4587 2370 4626 cum
2417 4572 2482 4626 iis
2517 4585 2620 4622 una
2657 4567 2948 4637 precationi
2981 4580 3169 4619 vacare
3197 4565 3381 4632 jubet;

157 4656 318 4715 atque
353 4650 422 4703 ita
457 4651 672 4705 demum
708 4665 889 4721 postea
922 4652 984 4705 ad
1019 4653 1069 4706 id
1105 4654 1244 4723 quod
1273 4654 1572 4725 perlectum
1620 4667 1724 4726 est,
1783 4676 2095 4719 sanctorum
2155 4666 2402 4718 videlicet
2480 4661 2861 4731 mysteriorum
2954 4660 3384 4730 perceptionem.

156 4738 443 4791 accedendi
478 4752 795 4806 potestatem
832 4744 976 4798 lavit.

156 4833 373 4892 ΔΡΙΣΤ.
416 4834 600 4888 ι”Οσοι
639 4841 976 4908 ἀπαγόμενοι
1016 4842 1149 4906 μετὰ
1185 4841 1450 4913 θυμηδίας
1487 4844 1714 4914 ἀνῆλθον

1845 4845 2041 4898 llllST.
2078 4865 2094 4896 ‹
2121 4846 2390 4915 Quotquot
2422 4843 2638 4899 abducti
2667 4860 2785 4898 cum
2807 4845 2987 4899 laetitia
3018 4842 3379 4898 ascenderunt

233 4947 253 4980 ε
295 4927 388 4979 καὶ
420 4928 642 4994 ἔφαγον,
673 4930 764 4980 ἐπὶ
795 4930 1036 4995 ἑξαετίαν
1063 4930 1517 4986 ὑποπιπτέτωσαν
1553 4954 1570 4985 ι

234 5021 389 5073 Ὅσοι
425 5017 582 5071 θῦσαι
613 5019 967 5090 ἐϐιάσθησαν,
1005 5023 1037 5092 ἢ
1089 5023 1182 5073 καὶ
1208 5022 1494 5086 δειπνῆσαι
1544 5027 1600 5078 ὲν
1639 5025 1714 5095 τῷ

153 5112 432 5180 είδωλείῳ,
461 5110 553 5162 ἐὰν
587 5110 727 5179 μετὰ
756 5114 912 5166 τοῦτο
954 5114 1272 5178 ὑπείξαντες
1310 5123 1443 5181 μετὰ
1504 5119 1716 5187 σχήμα-

154 5219 244 5266 τος
278 5202 636 5274 φαιδροτέρου
670 5203 927 5269 ἀνῆλθον,
957 5209 1050 5260 καὶ
1082 5207 1264 5275 ἐσθῆτι
1295 5209 1597 5276 ἐχρήσαντο
1622 5229 1714 5262 πο-

153 5294 531 5367 λυτελεστέρα,
565 5295 656 5349 καὶ
698 5294 793 5348 τοῦ
830 5296 1046 5352 δείπνου
1079 5302 1359 5369 μετέσχον,
1409 5299 1439 5370 ἢ
1487 5302 1580 5352 καὶ
1613 5304 1712 5372 τὴν

153 5379 345 5436 θυσίαν
397 5391 765 5459 προσέφερον*
807 5383 951 5441 οὗτοι
1002 5391 1094 5442 ἐπὶ
1145 5393 1388 5446 ἐνιαυτὸν
1432 5394 1570 5462 μετὰ
1605 5394 1712 5445 τῶν

153 5472 514 5543 ἀκροωμένων
546 5480 929 5551 ταχθήσονται,
990 5479 1082 5532 ἐπὶ
1121 5482 1176 5534 δὲ
1205 5483 1326 5551 τρία
1360 5469 1452 5549 ἔτη
1511 5482 1712 5534 ὑποπε-

154 5561 389 5628 σοῦνται,
415 5568 505 5618 καὶ
533 5571 615 5638 ιφ“
644 5571 805 5642 ἕτερα
842 5570 932 5623 δύο
961 5571 1053 5639 ἔτη
1085 5574 1220 5638 μετά
1253 5574 1358 5623 τῶν
1385 5572 1589 5624 πιστῶν
1614 5572 1710 5641 τὴν

154 5653 412 5707 σύστασιν
449 5657 713 5728 δέξονται,
747 5665 842 5717 καὶ
875 5664 1048 5733 μόνων
1073 5665 1180 5716 τῶν
1229 5663 1404 5732 εὐχῶν
1458 5667 1713 5730 κοινωνή-

153 5763 331 5801 σουσι·
382 5751 518 5817 μετά
563 5751 617 5803 δὲ
661 5753 757 5822 τὴν
803 5755 1053 5821 ἑξαετίαν
1101 5755 1302 5824 ταύτην
1351 5756 1447 5822 τῆς
1510 5755 1708 5807 τελειό-

152 5858 307 5909 τητος
350 5840 575 5911 τύχωσι,
625 5845 715 5897 καὶ
775 5846 881 5898 τῶν
933 5847 1091 5902 θείων
1144 5849 1501 5916 ἁγιασμᾲτων
1546 5847 1698 5911 μετά-

155 5949 256 6003 σχα.
268 5950 340 5990 :t.

1897 4960 1914 4990 ι
1960 4950 2010 4992 et
2043 4939 2413 5003 comederunt,
2450 4955 2542 4994 sex
2576 4954 2745 4995 annos
2777 4955 2832 4994 se
2859 4938 3197 4992 submittant.
3233 4956 3251 4988 ι

1889 5029 2208 5098 Quicunque
2259 5030 2570 5085 sacrificare
2609 5032 2689 5085 vel
2739 5032 2787 5082 in
2820 5029 2941 5081 idoli
2979 5029 3176 5095 templo
3215 5046 3378 5092 prau-

1819 5120 1945 5174 dcre
1976 5121 2145 5173 coaeti
2182 5131 2343 5187 sunt,
2395 5123 2441 5175 si
2478 5128 2662 5186 postea
2696 5120 2946 5172 cedentes
2979 5119 3160 5172 habitu
3193 5119 3379 5188 splen-

1817 5211 2013 5264 didiori
2044 5212 2382 5274 incedebant,
2416 5220 2507 5265 aut
2530 5213 2727 5262 amictu
2768 5210 3058 5261 utebantur
3087 5221 3370 5275 sumptuo-

1815 5304 1964 5363 siori,
2000 5313 2050 5354 et
2084 5303 2294 5370 prandii
2336 5312 2537 5372 partem
2569 5300 2926 5366 accipiebant,
2957 5306 3009 5354 et
3043 5299 3365 5354 sacriﬁcium

1817 5398 2130 5458 ollerehant,
2164 5396 2215 5451 hi
2245 5411 2354 5451 uno
2385 5411 2525 5451 anno
2555 5395 2693 5449 inter
2726 5394 3009 5450 audientes
3036 5394 3370 5448 COIISlittICIl-

1817 5500 1918 5548 lur.
1954 5498 2061 5542 tres
2090 5493 2266 5541 autem
2302 5502 2471 5541 annos
2503 5487 2936 5549 substernentur,
2982 5495 3037 5540 et
3063 5485 3198 5538 duos
3227 5483 3364 5536 alios

1816 5597 1986 5635 annos
2019 5594 2121 5632 una
2151 5594 2272 5632 cum
2298 5578 2543 5631 fidelibus
2575 5576 2822 5631 collocati
2853 5585 3033 5639 erunt,
3061 5583 3112 5630 et
3141 5587 3362 5643 precum

1810 5674 2049 5727 solarum
2106 5669 2619 5736 ernntparticipes;
2674 5679 2795 5737 post
2842 5683 2936 5723 sex
2992 5673 3168 5720 autem
3223 5665 3360 5720 istos

1813 5774 1980 5812 annos
2031 5759 2372 5826 perfectionis
2419 5770 2694 5829 compotes
2748 5759 2891 5822 ﬁent,
2948 5765 3000 5813 et
3049 5755 3358 5813 divinorum

1812 5862 2267 5907 sacramentorum
2304 5853 2613 5920 participes.
