3974 6346
123 442 243 508 1157

1195 451 1274 510 IN
1309 448 1476 509 CAN.
1514 446 1633 507 XII
1670 444 1879 510 CONC.
1907 450 2175 513 ANCYR.

3211 458 3348 524 1158

112 559 196 612 τοῦ
233 558 570 627 Εὖαγγελίου
610 558 687 630 τῷ
722 559 980 630 τραχήλῳ
1015 560 1214 622 αὐτῶν,
1250 560 1346 612 καὶ
1367 559 1435 613 δι’
1459 559 1690 626 ἐπικλή-

1801 560 1885 628 qui
1918 561 2136 615 ordinat
2173 563 2566 627 characterem,
2598 580 2718 620 cum
2750 569 2920 622 sancti
2948 569 3183 637 Spiritus
3215 573 3372 626 invo-

113 668 241 714 σεως
259 651 354 703 τοῦ
378 652 536 719 ἀγίου
563 651 880 722 Πνεύματος
909 653 1180 724 σφραγῖδα
1199 653 1291 705 τοῦ
1321 651 1688 722 χειροτονοῦν-

110 761 212 806 τος.
249 745 348 807 Εἰς
388 743 649 799 σύστασιν
685 745 744 798 δὲ
783 745 990 798 τούτων
1032 746 1252 798 πάντων
1289 746 1686 815 ἀναντίρρητον

111 838 341 908 χρῶνται
375 839 470 894 καὶ
501 838 580 909 τῷ
612 838 708 892 τοῦ
748 841 988 908 μεγάλου
1027 839 1328 909 Γρηγορίου
1362 840 1457 891 τοῦ
1493 837 1686 890 Θεολό-

110 948 196 998 γου
240 930 402 1000 λόγῳ,
449 925 511 984 οὗ
558 932 589 1000 ὴ
642 931 804 1002 ἀρχὴ,
858 932 1026 984 Πάλιν
1071 931 1160 985 ἐπ’
1191 932 1293 1001 ἐμὲ
1342 931 1552 1001 χρίσμα
1595 929 1690 982 καὶ

112 1022 338 1092 πνεῦμα.
380 1023 496 1092 Ἀφ’
519 1019 580 1077 οὗ
616 1025 795 1093 μάθῃς
828 1025 907 1075 ὅτι
938 1025 1088 1077 οὐδὲν
1117 1021 1280 1095 ἦττον
1310 1024 1552 1088 ἀξιοῦται
1587 1022 1688 1090 τῆς

109 1112 192 1164 τοῦ
228 1114 493 1181 παναγίου
530 1115 844 1182 Πνεῦματος
880 1117 1097 1185 χάριτος
1129 1116 1157 1167 ό
1191 1113 1423 1177 ἀναξίως
1454 1129 1692 1185 χειροτο-

109 1205 284 1273 νηθεὶς
304 1245 318 1268 ,
353 1208 446 1257 καὶ
480 1207 538 1258 ὲν
569 1206 906 1276 καθαρότητι
936 1207 1028 1259 τὸν
1061 1208 1198 1276 μετὰ
1228 1209 1325 1275 τὴν
1356 1182 1690 1276 χειροτονίαν

110 1296 214 1365 βῖον
251 1296 489 1372 ἀνύσας,
527 1297 620 1348 τοῦ
665 1297 830 1360 ἀξίως
871 1299 1372 1368 χειροτονηθέντοῖ,
1412 1300 1506 1351 καὶ
1553 1297 1693 1368 μετά

105 1394 195 1461 τῆς
232 1391 405 1460 αὐτῆς
446 1390 820 1460 καθαρότητος
855 1393 946 1443 τὸν
981 1394 1040 1444 ὲν
1074 1394 1203 1462 ἡμῖν
1242 1392 1356 1458 βίον
1390 1392 1690 1444 ἀπολιπόν-

105 1498 208 1539 τος.
250 1481 439 1533 Ταῦτα
482 1483 611 1551 περὶ
658 1483 993 1552 ἀρχιερέων·
1033 1483 1162 1552 περὶ
1205 1484 1313 1555 γὰρ
1359 1485 1551 1553 ἱερέων
1595 1483 1690 1536 καὶ

105 1573 302 1642 ἑτέρων
334 1574 612 1643 κληρικῶν
648 1576 800 1644 ζήτει
839 1574 1059 1628 συνόδου
1091 1576 1328 1637 Νικαίας
1364 1576 1565 1628 κανόνα
1602 1575 1688 1639 ιθ’,

106 1665 318 1718 συνόδου
353 1666 786 1738 Νεοκαιααρείας
824 1667 1026 1720 κανόνα
1048 1667 1114 1732 θ’,
1153 1674 1240 1734 ια’,
1275 1661 1560 1720 Βααιλείου
1590 1685 1692 1719 κα-

105 1754 222 1824 νόνα
258 1754 364 1818 κζ’,
396 1757 491 1808 καὶ
526 1757 788 1825 Θεοφίλου
816 1757 880 1808 ἐκ
910 1756 1004 1811 τοῦ
1042 1757 1450 1828 ὑπομνηστικοῦ
1488 1761 1692 1811 κανόνα

103 1844 160 1909 δ’,
189 1851 250 1911 ε’,
284 1845 354 1916 η’.
386 1846 500 1901 Καὶ
533 1848 841 1918 σημείωσαι
874 1849 938 1900 ὲκ
968 1849 1175 1902 τούτων
1203 1852 1281 1901 ὅτι
1316 1852 1348 1919 ἡ
1387 1850 1690 1920 χειροτονία

101 1935 203 1989 τῶν
241 1939 549 2009 ἀρχιερέων
591 1940 688 1992 καὶ
724 1938 786 1990 τὸ
823 1938 1032 2008 χρίσμα
1070 1939 1178 1994 τῶν
1239 1939 1506 2014 βασιλέων
1551 1941 1692 1992 ἀπα-

103 2028 343 2098 λείφουσι
375 2030 443 2082 τά
480 2029 586 2101 πρὸ
617 2031 719 2099 τῆς
752 2030 1088 2100 χειροτονίας
1126 2031 1220 2082 καὶ
1253 2030 1348 2082 τοῦ
1385 2032 1688 2101 χρίσματος

104 2124 508 2195 ἁμαρτήματα,
541 2118 630 2177 οἷα,
666 2125 732 2178 ἂν
761 2117 864 2178 ὦσι
889 2139 903 2151 ο
939 2121 1029 2174 διὰ
1067 2122 1358 2195 γάρτοῦτο
1395 2123 1612 2194 ἔχουσιν
1643 2123 1691 2173 οἱ

106 2214 390 2268 ἐπίσκοποι.
426 2214 680 2279 ἐξουσίαν
712 2217 931 2286 ἀφιέναι
969 2216 1344 2285 ἁμαρτήματα
1368 2252 1383 2277 ,
1417 2216 1492 2276 ὡς
1528 2211 1692 2270 ἀκού-

114 2323 304 2369 σαντες
326 2308 443 2376 ἅμα
461 2306 537 2376 τῷ
555 2308 1000 2380 χειροτονηθῆναι
1018 2348 1032 2372 ,
1049 2308 1207 2358 ’Ὅσα
1227 2303 1446 2372 δήσετε
1464 2303 1563 2356 ἐπὶ
1583 2302 1692 2371 τῆς

104 2397 231 2466 γῆς,
266 2399 439 2452 ἔσται
476 2399 765 2469 δεδεμένα
798 2400 869 2452 ἐν
896 2397 975 2464 τῷ
1006 2396 1260 2468 οὐρανῷ,
1296 2397 1393 2449 καὶ
1431 2396 1549 2449 ὅσα
1581 2396 1691 2449 λύ-

98 2506 240 2545 σετε
265 2493 366 2546 ἐπὶ
392 2489 501 2562 τῆς
540 2491 673 2563 τῆς,
703 2492 876 2547 ἔσται
900 2491 1209 2560 λελυμένα
1234 2490 1305 2543 ἐν
1329 2487 1410 2556 τῷ
1434 2487 1688 2557 οὐρανῷ.

115 2585 178 2638 Ἦ
214 2585 273 2638 δὲ
306 2585 416 2638 τῶν
451 2586 644 2656 ἱερέων
674 2588 768 2637 καὶ
798 2585 907 2637 τῶν
937 2584 1137 2637 λοιπῶν
1171 2583 1476 2656 χειροτονία
1518 2581 1692 2650 μικρά

106 2679 479 2749 ἁμαρτήματα
515 2677 843 2746 ἀπαλείφει,
880 2671 992 2728 οἷον
1027 2675 1457 2743 συγκατάθεσιν,
1495 2673 1691 2740 ψεῦδος

109 2773 200 2824 καὶ
232 2771 491 2836 τοιαῦτα,
531 2771 606 2843 μὴ
641 2771 920 2850 ἐπάγοντα
956 2768 1308 2838 καθαίρεσιν,
1347 2767 1602 2836 πορνείαν
1636 2767 1690 2821 δὲ

104 2863 245 2933 οῦχί.
271 2862 436 2916 Ὅθεν
473 2863 595 2916 οὐδὲ
634 2863 855 2932 ἀφιέναι
899 2863 1175 2932 ἁμαρτίας
1212 2864 1262 2912 oi
1305 2863 1470 2929 ἱερεῖς
1506 2859 1693 2912 δύναν-

108 2973 216 3009 ται.
265 2957 374 3008 Καὶ
417 2955 729 3023 ἀνάγνωσον
775 2955 876 3021 τῆς
919 2957 978 3006 ὲν
1023 2955 1422 3023 Νεοκαισαρεία
1470 2952 1690 3006 συνόδου

112 3049 315 3102 κανόνα
347 3048 414 3115 θ’,
449 3046 520 3100 τὰ
556 3048 697 3100 αὐτὰ
736 3049 865 3120 περὶ
903 3047 1096 3117 ἱερέων
1135 3047 1376 3114 λέγοντα.
1417 3045 1509 3118 Μὴ
1544 3047 1697 3097 ἐναν-

110 3141 280 3211 τιωθῇ
329 3141 387 3196 δέ
437 3157 520 3194 σοι
566 3142 595 3193 ό
645 3138 710 3205 ιζ’
741 3141 919 3192 κανὼν
963 3139 1072 3191 τῶν
1122 3139 1294 3207 ἁγίων
1345 3137 1692 3201 ἀποστόλων,

113 3234 288 3302 λέγων
313 3249 327 3261 °
370 3233 430 3285 '0
465 3232 587 3286 δυσὶ
623 3233 823 3301 γάμοις
861 3232 1201 3303 συμπλακεὶς
1229 3235 1370 3300 μετά
1404 3231 1462 3282 τὸ
1503 3231 1697 3301 βάπτι-

115 3347 254 3398 σμα,
357 3327 639 3399 παλλακὴν
666 3327 1039 3398 κτησάμενος,
1068 3327 1128 3378 οὐ
1159 3327 1381 3382 δύναται
1412 3323 1552 3378 εἶναι
1583 3327 1698 3377 ὲπί-

115 3440 336 3487 σκοπος,
361 3421 731 3492 πρεσϐύτερος
753 3421 785 3491 ἢ
808 3420 1074 3481 διάκονος,
1094 3418 1128 3489 ἢ
1148 3419 1284 3480 ὅλως
1305 3417 1396 3471 τοῦ
1419 3417 1695 3487 ἱερατικοῦ

110 3512 414 3578 καταλόγου
434 3555 447 3579 ,
487 3513 622 3584 μηδὲ
653 3515 682 3566 ό
718 3511 785 3582 ιη’
813 3513 882 3567 τά
915 3511 1054 3565 αὐτὰ
1089 3511 1270 3586 σχεδὸν
1303 3509 1693 3582 διοριζόμενος.

125 3606 265 3663 Ἀλλ’
286 3604 518 3658 ὲκλαὸοῦ
545 3605 605 3658 τὸ
635 3599 776 3659 εἶναι
808 3605 888 3678 είς
911 3604 972 3655 τὸ
1001 3603 1267 3668 γίνεσθαι,
1297 3605 1391 3656 καὶ
1421 3601 1566 3666 είπὲ,
1597 3601 1699 3654 Οὑ-

113 3700 222 3762 δεὶς
251 3697 425 3763 οὕτως
453 3698 745 3768 όλισθὴσας
773 3697 1137 3765 ἀξιωθήσεται
1166 3694 1528 3748 ὲπισκοπικοῦ
1557 3695 1588 3765 ἢ
1623 3695 1696 3748 ίεο

118 3791 343 3862 ρατικοῦ
367 3791 695 3862 ἀξιώματος.
724 3787 1003 3853 ’Λξιωθεὶς
1026 3788 1084 3841 δὲ
1109 3788 1258 3856 παρά
1286 3787 1352 3838 τά
1373 3786 1690 3853 δεδογμένα,

117 3890 162 3936 εἰ
203 3885 305 3954 μιν
339 3887 487 3940 ἐστιν
522 3884 842 3946 ἐπίσκοπος,
876 3882 974 3936 οὐκ
1012 3878 1442 3949 ἀνακριθήσεται
1475 3878 1565 3930 διὰ
1599 3876 1696 3938 τὰς

119 3978 378 4047 ῥηθείσας
408 3980 607 4043 αἰτίας,
638 3978 734 4030 καὶ
765 3976 815 4030 ol
844 3976 1120 4045 ἀρχιερεῖς
1153 3972 1269 4041 ἅμα
1293 3971 1369 4042 τῷ
1397 3987 1698 4042 χειροτονη-

116 4070 274 4142 θῇναι
314 4070 374 4120 οὗ
417 4069 577 4137 μόνον
612 4065 972 4120 ἀποστολικοῦ
1013 4064 1350 4134 χαρίσματος
1388 4060 1694 4127 ἀξιοῦνται,

116 4163 255 4215 ὀλλά
286 4161 380 4215 καὶ
415 4157 780 4230 προφητικοῦ.
814 4156 970 4210 Οὖτω
1003 4158 1111 4223 γὰρ
1145 4155 1235 4206 καὶ
1270 4151 1439 4204 Σαοὺλ
1474 4153 1531 4201 ὲν
1565 4166 1698 4219 προσ

117 4257 347 4325 φήταις,
391 4255 486 4307 καὶ
527 4251 781 4321 Καϊάφας
812 4249 960 4303 ἀκιυν
988 4246 1392 4315 προεφήτευαεν
1415 4258 1429 4272 '
1466 4238 1533 4313 ἦν
1569 4244 1696 4312 γὰρ,

119 4350 286 4418 φησὶν
307 4389 322 4413 ,
354 4349 642 4419 ἀρχιερεὺς
670 4345 762 4399 τοῦ
795 4339 1042 4396 ἐνιαυτοῦ
1075 4340 1282 4392 ἐκείνου
1307 4353 1321 4367 ο
1355 4337 1399 4389 εί
1432 4335 1486 4388 δὲ
1522 4335 1700 4406 ἱερεύς

120 4445 274 4495 ἐστιν
299 4441 333 4510 ἢ
359 4441 544 4510 ἔτερος
573 4438 886 4510 ίερωμένος,
919 4433 1403 4504 καθαιρεθήσεται.
1434 4428 1700 4497 Ἀνάγνω-

123 4555 212 4590 om
248 4538 344 4591 καὶ
374 4535 434 4586 τδ
468 4537 550 4584 κθ¹
575 4548 699 4599 κεφ.
732 4528 824 4581 τοῦ
860 4529 904 4580 θ’
927 4527 1104 4578 τίτλον
1137 4525 1231 4575 τοῦ
1268 4525 1532 4592 παρόντος
1568 4540 1694 4573 συνο

1789 654 2024 707 catione.
2075 655 2153 709 Ad
2209 655 2600 710 irrefutabilem
2650 669 2830 713 autem
2887 663 3081 714 horum
3127 667 3371 716 omnium

1790 747 2296 810 comprobationem
2323 787 2336 807 .
2371 751 2551 818 magni
2585 764 2804 820 quoque
2831 751 3078 820 Gregorii
3111 752 3370 824 'I'hcolugi

1791 854 2044 893 sermone
2069 848 2318 904 utuntur,
2350 842 2508 910 cujus
2541 843 2781 909 initium,
2841 843 3051 901 Rursus
3086 862 3249 915 super
3277 864 3363 900 me

1796 931 1982 984 unctio
2013 941 2065 983 et
2101 934 2346 1000 spiritus.
2393 932 2543 987 Unde
2577 935 2778 999 discas,
2826 937 2974 1005 quod
3012 939 3372 994 nihilominus

1793 1023 1964 1076 sancti
2008 1021 2248 1089 Spiritus
2282 1025 2457 1094 gratia
2508 1027 2711 1096 dignus
2747 1038 3005 1082 censetur
3044 1030 3110 1093 is,
3160 1031 3247 1097 qui
3291 1032 3373 1082 2n-

1793 1116 1953 1183 digne
1993 1117 2201 1171 electus
2243 1119 2295 1170 in
2335 1120 2572 1186 puritate
2610 1128 2730 1189 post
2765 1122 3164 1176 ordinationem
3205 1126 3369 1174 vitam

1793 1204 2064 1273 transigit,
2096 1220 2256 1274 quam
2287 1206 2330 1259 is
2365 1208 2456 1277 qui
2499 1209 2660 1278 digne
2688 1209 2916 1274 electus,
2966 1220 3018 1264 ct
3064 1221 3180 1280 post
3215 1214 3369 1266 istam

1796 1295 2084 1361 puritatem
2131 1300 2289 1351 vitam
2322 1312 2565 1355 nostram
2603 1303 2844 1371 reliquit.
2884 1303 3007 1356 ll:cc
3039 1305 3106 1357 de
3141 1305 3370 1356 antisti--

1799 1389 1968 1442 tibus.
2002 1388 2074 1441 De
2103 1391 2477 1445 sacerdotibus
2508 1395 2651 1447 enim
2680 1398 2748 1446 ‘et
2792 1395 2913 1448 aliis
2946 1395 3159 1448 clericis
3191 1405 3372 1463 qumre

1793 1482 1984 1552 synodi
2027 1481 2256 1537 Nicaeum
2287 1501 2549 1540 canoncm
2587 1486 2858 1540 decimum
2900 1503 3101 1540 nonum
3125 1528 3138 1546 ,
3176 1489 3370 1555 synodi

1794 1575 2252 1630 Neocarsariensis
2294 1592 2556 1630 canonem
2618 1576 2648 1630 9
2704 1585 2754 1631 et
2814 1579 2914 1637 Η.
2977 1577 3159 1631 Basilii
3208 1578 3373 1647 386

1794 1683 2060 1723 canonent
2093 1669 2164 1722 27
2193 1681 2244 1724 et
2278 1670 2558 1739 TheOphili
2590 1686 2653 1724 ex
2689 1673 3089 1724 conuuentario
3129 1686 3370 1725 canones

1801 1762 1854 1823 4,
1892 1762 1924 1815 5
1962 1769 2014 1814 et
2061 1761 2113 1816 8.
2162 1763 2227 1814 Et
2262 1769 2387 1814 nota
2422 1777 2484 1816 ex
2520 1762 2607 1822 iis,
2643 1763 2788 1830 quod
2818 1764 3121 1816 antistitum
3151 1763 3368 1831 quidem

1796 1853 2067 1907 ordinatio
2094 1862 2146 1906 ct
2184 1869 2369 1921 regum
2414 1854 2619 1916 unctio,
2655 1869 2774 1922 qua:
2808 1863 2932 1907 ante
2969 1855 3366 1906 ordinat'onem

1801 1956 1854 1999 et
1890 1946 2195 2001 unctionem
2242 1947 2482 2010 fuerunt,
2508 1937 2731 2000 rdelent.
2771 1944 3063 2013 Propterea
3093 1950 3236 1996 enim
3274 1945 3370 1995 ha-

1801 2039 1929 2090 bent
1973 2045 2291 2105 potestatem
2340 2038 2580 2105 episcopi
2633 2037 2941 2090 remittendi
3000 2046 3261 2103 peccata;
3311 2044 3368 2086 ut

1799 2133 2035 2201 quicum
2061 2129 2296 2199 primum
2335 2131 2571 2184 ordinati
2599 2130 3084 2184 suntaudiverint:
3112 2127 3371 2191 ριιητιιη-

1799 2241 1896 2293 que
1937 2224 2224 2293 ligaveritis
2267 2240 2423 2291 super
2469 2231 2661 2276 terram
2707 2233 2858 2274 erant
2908 2223 3075 2290 ligata
3111 2222 3162 2273 in
3203 2222 3368 2284 ralis,

1798 2326 1847 2371 et
1880 2333 2198 2386 qumrunque
2223 2317 2480 2370 solveritis
2507 2331 2660 2382 super
2699 2323 2890 2368 terram
2923 2325 3076 2366 erunt
3108 2316 3282 2366 soluta
3317 2316 3371 2365 in

1800 2409 1941 2462 caelis
1977 2409 2043 2461 ".
2090 2408 2448 2463 Sacerdotutn
2499 2415 2702 2470 autem,
2749 2415 2802 2460 et
2839 2407 3067 2460 aliorum
3119 2409 3208 2474 qui
3246 2414 3372 2459 sunt

1803 2502 1853 2554 in
1904 2492 2096 2564 sacris,
2136 2499 2432 2564 ordinatio,
2486 2514 2648 2568 parva
2686 2488 2903 2567 quidem
2953 2508 3173 2567 peccata
3208 2501 3368 2561 delet,

1801 2609 2131 2646 consensum
2171 2593 2294 2646 dico
2322 2602 2376 2646 et
2407 2591 2776 2651 mendacium,
2811 2599 2863 2644 et
2894 2592 3091 2645 similia
3127 2609 3248 2660 quae
3280 2591 3372 2644 de-

1803 2686 2130 2758 positionem
2183 2700 2290 2740 non
2333 2674 2638 2747 inducunt;
2684 2698 2790 2736 non
2837 2692 3015 2736 autem
3051 2683 3367 2735 fornicatio-

1804 2794 1949 2832 nem.
1989 2775 2141 2830 Unde
2175 2790 2273 2828 nec
2317 2776 2631 2828 sacerdotes
2663 2786 2891 2844 possunt
2921 2781 3139 2840 peccata
3181 2774 3368 2825 remit-

1766 2856 1768 2859 ’
1805 2877 1940 2919 tere.
1990 2864 2055 2915 Et
2089 2864 2206 2933 lege
2241 2862 2702 2917 Neocaesaricnsis
2743 2877 2861 2931 syn.
2894 2877 3156 2915 eanoncm
3188 2861 3240 2923 9,
3273 2861 3366 2929 qui

1802 2957 1989 3015 eadem
2019 2956 2150 3010 dicit
2181 2955 2246 3010 dc
2279 2956 2675 3010 sacerdotibus.
2725 2954 2780 3007 In
2827 2954 2909 3009 his
2951 2965 3128 3008 autem
3179 2970 3244 3006 ne
3276 2953 3370 3006 tibi

1802 3050 2110 3105 Contrarius
2152 3048 2399 3102 videatur
2457 3063 2630 3101 canon
2697 3047 2757 3099 Π
2791 3057 3101 3099 sanctorum
3156 3053 3399 3111 aposto-.

1805 3139 2001 3200 lorum,
2038 3139 2252 3198 dicens,
2281 3137 2383 3201 Qui
2410 3137 2623 3189 doobus
2658 3133 3019 3186 matrimoniis
3050 3142 3171 3200 post
3197 3133 3373 3200 bapti-

1804 3246 1981 3286 smum
2021 3229 2119 3283 luit
2147 3230 2454 3297 colligatus,
2492 3227 2572 3278 vel
2618 3225 2808 3277 habuit
2841 3211 3227 3285 concubiium,
3267 3239 3371 3276 non

1799 3333 1975 3395 potest
2004 3338 2125 3377 esse
2156 3325 2466 3390 episcopus,
2502 3327 2597 3372 aut
2627 3318 2932 3389 presbyter,
2967 3325 3059 3369 aut
3082 3317 3370 3380 diaconus,

1796 3417 1876 3470 vel
1900 3415 2124 3468 omnino
2153 3415 2207 3465 in
2242 3414 2493 3481 catalogo
2520 3408 2883 3469 sacerdotali;
2914 3422 3092 3476 neque
3128 3408 3373 3462 decimus

1797 3517 2020 3562 octavus
2067 3505 2258 3557 eadem
2325 3504 2437 3557 fere
2490 3509 2760 3556 statuens.
2821 3499 2928 3553 Sed
2975 3499 3164 3567 accipe
3213 3499 3370 3562 illud,

1799 3617 1938 3665 esse,
1977 3615 2094 3668 pro,
2130 3598 2286 3665 ﬁeri;
2322 3607 2376 3652 et
2401 3596 2509 3660 die,
2542 3594 2708 3664 quod
2734 3607 2920 3657 nemo,
2956 3593 3047 3663 qui
3080 3593 3160 3647 sic
3189 3593 3374 3660 lapsus

1797 3701 1899 3754 est,
1931 3691 2223 3761 episcopali
2265 3689 2344 3742 vel
2379 3686 2710 3742 sacerdotali
2745 3685 2946 3740 honori
2981 3686 3179 3754 dignus
3204 3684 3373 3736 habe-

1797 3782 1963 3835 bitur.
2001 3781 2102 3844 Qui
2150 3790 2329 3833 autem
2377 3788 2576 3848 praeter
2613 3776 2832 3830 decreta
2874 3775 3073 3844 dignus
3118 3772 3372 3835 habetur,

1797 3869 2065 3940 siquidem
2113 3876 2198 3922 est
2229 3868 2542 3936 episcopus,
2593 3880 2698 3918 non
2741 3863 3108 3933 postulabitur
3153 3870 3374 3930 propter

1799 3964 1974 4018 dictas
2007 3974 2226 4028 causas,
2259 3958 2481 4029 etquod
2519 3956 2791 4011 antistites
2827 3971 2950 4009 cum
2980 3955 3215 4024 primum
3249 3961 3376 4006 sunt

1799 4055 2058 4117 ordinati,
2095 4067 2203 4106 non
2244 4052 2419 4104 solum
2472 4049 2778 4119 apostolica
2820 4050 2992 4117 gratia
3038 4048 3185 4118 digni
3219 4057 3372 4110 sunt,

1801 4146 1894 4197 sed
1931 4144 2094 4194 ctiam
2131 4141 2472 4207 prophetica.
2520 4139 2611 4190 Sic
2649 4138 2797 4191 enim
2831 4147 2886 4189 et
2917 4137 3046 4189 Saul
3077 4139 3218 4189 inter
3249 4151 3378 4204 pro-

1802 4239 2015 4307 phetas,
2077 4244 2133 4289 et
2198 4232 2438 4300 Caiphas
2502 4231 2709 4284 invitus
2769 4229 3192 4298 prophetizavit.
3253 4229 3379 4282 Erat

1800 4331 1968 4390 enim,
2000 4330 2197 4397 inquit,
2229 4323 2468 4395 pontifex
2501 4323 2629 4377 anni
2663 4322 2829 4375 illius.
2871 4318 2966 4374 Sin
3004 4321 3260 4374 sacerdos
3285 4320 3375 4382 sit,

1802 4432 1893 4477 aut
1925 4423 2064 4475 alius
2106 4420 2282 4474 sacris
2321 4419 2594 4479 initiatus,
2631 4415 2959 4484 deponctur.
2999 4411 3140 4480 Lege
3169 4419 3222 4463 et
3255 4424 3375 4476 cap.

1801 4514 1869 4566 '29
1904 4515 1984 4565 tit.
2019 4511 2052 4564 9
2095 4511 2382 4579 praesentis
2426 4508 2630 4576 aperis,
2666 4515 2720 4557 et
2762 4503 3011 4555 invenies
3043 4502 3096 4554 in
3134 4516 3198 4554 eo
3231 4501 3377 4565 leges

120 4633 424 4697 τάγματος,
460 4624 553 4678 καὶ
596 4621 852 4694 εὑρήσεις
894 4619 951 4670 ἐν
990 4615 1135 4684 αὑτῴ
1178 4613 1376 4681 νόμους
1416 4612 1694 4681 διαφόρους

1808 4607 2073 4666 diversas,
2117 4618 2237 4671 quae
2279 4603 2446 4653 multa
2491 4597 2557 4651 de
2602 4592 2984 4649 sacerdmibus
3027 4604 3084 4647 et
3133 4591 3254 4644 aliis
3284 4591 3376 4659 qui

121 4721 296 4773 πολλά
328 4717 455 4786 περὶ
485 4717 675 4786 ἱερέων
705 4702 800 4767 καὶ
828 4711 1028 4780 ὲτερων
1061 4701 1701 4778 ίερωμένωνιδιαλαμὸά-

121 4827 315 4874 νοντας
339 4849 355 4874 ,
385 4809 701 4862 ἐπισκόπων
731 4806 786 4858 δὲ
820 4804 952 4864 ὅλως
990 4802 1181 4870 μνείαν
1216 4798 1291 4868 μὴ
1321 4798 1697 4866 ποιουμένους.

195 4903 440 4961 ΖΩΝΑΡ.
477 4901 552 4956 Τὸ
583 4900 809 4953 παλαιὸν
843 4897 902 4951 τὸ
940 4893 1036 4966 μὶν
1070 4895 1330 4961 κήρυγμα
1363 4888 1611 4958 ἐδέχοντο
1649 4889 1700 4941 οι

125 4999 370 5059 πλείους,
401 4992 494 5045 καὶ
529 4991 812 5045 ἐπίστευον
868 4990 944 5058 τῷ
978 4985 1215 5057 Χριστῷ,
1251 4979 1606 5052 βαπτίζεσθαι
1639 4979 1696 5030 δὲ

125 5077 534 5163 ὐπερετίθεντο.
573 5085 664 5140 Διδ
701 5085 796 5138 καὶ
834 5085 862 5138 ὁ
900 5083 1156 5148 Θεολόγος
1201 5075 1497 5148 Γρηγόριος
1541 5071 1631 5124 καὶ
1670 5071 1698 5124 ὁ

129 5187 304 5253 μέγας
337 5181 611 5240 Βασίλειος
634 5181 758 5238 τοὺς
789 5176 867 5237 είς
894 5175 952 5226 τὸ
980 5173 1132 5244 ἅγιον
1162 5172 1444 5242 βάπτισμα
1474 5181 1703 5238 προτρε-

129 5279 362 5338 πτικοὺς
389 5271 793 5343 συνεγράψαντο
821 5265 1227 5335 λόγους.⁷Ησαν
1250 5262 1342 5315 οὖν
1366 5264 1422 5313 ἐν
1444 5263 1555 5323 τοῖς
1586 5276 1705 5314 και-

131 5373 251 5441 ροῖς
288 5369 397 5420 τῶν
434 5366 687 5436 διωγμῶν
725 5357 954 5414 τοιοῦτοι
999 5357 1201 5418 πολλοὶ,
1246 5353 1562 5417 Χριστιανοὶ
1605 5351 1705 5419 μὲν

129 5464 288 5524 ὄντες
311 5503 323 5525 ,
364 5463 530 5530 μήπω
561 5461 618 5514 δὲ
657 5452 1061 5528 βαπτισθέντες.
1093 5452 1262 5519 Φησὶν
1298 5443 1388 5502 οὖν
1425 5442 1555 5514 περὶ
1589 5443 1706 5495 τού-

133 5572 246 5607 των
272 5556 298 5606 ὁ
328 5549 504 5603 κανὼν
530 5552 632 5615 ὅτι,
666 5552 758 5604 ὲάν
783 5565 923 5609 τινες
954 5543 1153 5597 ἔθυσαν
1181 5536 1603 5607 κατασχεθέντες
1633 5533 1707 5594 ὡς

133 5643 492 5717 Χριστιανοὶ,
525 5643 820 5709 ἀφώτιστοι
847 5639 904 5692 δὲ
936 5637 1084 5699 ὄντες
1120 5633 1257 5704 μετὰ
1283 5629 1454 5683 ταῦτα
1484 5624 1710 5679 ἐϐαπτί-

135 5742 371 5809 σθησαν,
399 5733 551 5787 οὐδὲν
577 5733 773 5795 αὐτοὺς
803 5732 1002 5784 κωλύει
1027 5728 1088 5783 τὸ
1118 5725 1279 5779 θῦσαι
1310 5723 1387 5785 είς
1417 5720 1475 5773 τὸ
1511 5734 1714 5790 προαρ-

211 5925 262 5957 νδ
298 5917 486 5975 Matth.
523 5929 632 5979 svr,
681 5911 765 5966 i9.

1804 4707 1931 4753 sunt
1982 4697 2034 4749 in
2082 4693 2256 4749 sacris
2307 4684 2582 4754 tractent;
2623 4688 3003 4758 episcoporum
3041 4698 3223 4740 autem
3259 4697 3377 4736 om~

1805 4794 1936 4848 nino
1973 4788 2296 4857 mentionem
2327 4800 2432 4840 non
2466 4782 2693 4837 iaciunt.

1878 4879 2128 4937 ZONAR.
2171 4877 2422 4948 Mysteria
2452 4874 2677 4943 quidem
2701 4871 2828 4924 olim
2858 4878 3060 4925 nostra:
3095 4868 3377 4938 religionis

1805 4975 1988 5028 audita
2021 4971 2203 5039 plures
2229 4951 2605 5026 admittebant,
2640 4978 2704 5015 ac
2735 4962 2880 5026 lidei,
2916 4975 3034 5030 qum
3063 4960 3128 5012 de
3156 4959 3380 5015 Christo

1806 5074 1910 5127 est,
1948 5063 2108 5130 plane
2141 5056 2624 5121 assentiebantur;
2662 5052 2756 5108 sed
2797 5050 3048 5120 baptismi
3081 5051 3222 5105 diem
3264 5052 3382 5107 lon-

1811 5158 1932 5226 gius
1977 5152 2335 5209 nihilominus
2366 5147 2748 5203 extrahebant.
2796 5141 2874 5194 Ex
2908 5156 3017 5209 quo
3053 5153 3106 5196 ct
3136 5141 3380 5209 Gregorii

1813 5248 2070 5315 Theol03i
2103 5254 2156 5298 et
2182 5242 2362 5310 magni
2395 5239 2579 5292 Basilii
2621 5234 2920 5298 orationes,
2955 5234 3150 5303 quibus
3184 5233 3249 5285 ad
3287 5235 3382 5287 ba-

1815 5346 2069 5414 ptismum
2106 5333 2487 5392 hortabantur,
2523 5326 2805 5382 exstitere.
2844 5327 3014 5380 Erant
3066 5328 3245 5391 itaque
3291 5340 3383 5395 per

1814 5452 1874 5489 ca
1917 5442 2183 5501 tempora,
2219 5423 2417 5492 quibus
2466 5436 2575 5475 rem
2625 5420 2994 5473 Christianam
3045 5418 3263 5486 tyranni
3296 5419 3376 5469 di-

1816 5527 2108 5586 vcxahanl,
2139 5515 2408 5590 ejusmodi
2444 5515 2693 5568 homines
2735 5511 2872 5562 haud
2906 5510 3092 5577 pauci,
3123 5510 3216 5580 qui
3261 5523 3379 5562 cum

1817 5617 2125 5676 Christiana
2179 5609 2518 5681 professione
2566 5609 2947 5665 censerentur,
3000 5601 3266 5670 baptismo
3301 5610 3382 5649 ta-

1821 5729 1939 5767 men
1996 5717 2336 5776 nequaquam
2380 5697 2557 5750 adhuc
2608 5692 2809 5763 cxpiati
2867 5690 3125 5750 fuissent.
3178 5689 3252 5745 De
3301 5689 3387 5745 his
