3974 6346
143 443 294 510 1157

1247 468 1327 528 IN
1362 468 1528 530 CAN.
1567 469 1684 529 XII
1722 469 1932 535 CONC.
1959 477 2228 542 ANCYR.

3205 579 3210 582 _
3264 502 3400 569 1153

132 561 237 614 τοῦ
283 563 621 632 Εὖαγγελίου
660 568 738 640 τῷ
773 572 1031 644 τραχήλῳ
1065 575 1265 638 αὐτῶν,
1301 579 1396 631 καὶ
1418 579 1486 633 δι’
1511 581 1708 650 ἐπικλή

135 656 400 678 ---.---π
435 658 542 678 L_AI,
613 662 655 678 l'l
737 661 749 677 ι
1145 669 1192 678 ...Α
1316 671 1339 678 ..
1650 674 1673 678 μ

1845 585 1936 653 qui
1969 589 2186 644 ordinat
2225 593 2617 662 characterem,
2649 616 2769 657 cum
2801 608 2971 662 sancti
2999 610 3234 678 Spiritus
3266 617 3423 671 invo-

134 668 290 718 σεως
307 656 403 708 τοῦ
426 658 586 725 ἁγίου
613 661 930 733 Πνεύματος
958 669 1229 738 σφραγῖδα
1249 671 1340 722 τοῦ
1371 674 1737 741 χειροτονοῦν-

129 763 257 808 τος.
297 749 395 812 Εἰς
436 750 698 807 σύστασιν
733 754 792 808 δὲ
831 757 1039 812 τούτων
1081 762 1300 814 πάντων
1338 766 1735 836 ἀναντίρρητον

131 841 387 909 χρῶνται
422 846 517 900 καὶ
548 847 628 918 τῷ
660 848 756 901 τοῦ
795 853 1034 918 μεγάλου
1074 856 1375 926 Γρηγορίου
1409 860 1504 911 τοῦ
1540 860 1733 912 Θεολόο

129 949 236 999 γου
287 935 448 1005 λόγῳ,
495 933 557 992 οὗ
604 941 635 1009 ἡ
688 942 850 1012 ἀρχὴ,
904 946 1072 998 Πάλιν
1117 948 1206 1001 ἐπ’
1237 950 1339 1019 ἐμὲ
1388 951 1598 1021 χρίσμα
1642 952 1735 1005 καὶ

131 1025 383 1096 πνεῦμα.
424 1029 542 1099 Ἀφ’
563 1028 624 1085 οὗ
660 1035 840 1104 μάθῃς
872 1037 952 1088 ὅτι
982 1039 1132 1092 οὐδὲν
1162 1037 1325 1112 ἧττον
1354 1043 1596 1108 ἀξιοῦται
1631 1045 1733 1113 τῆς

127 1114 231 1166 τοῦ
271 1120 537 1187 παναγίου
573 1123 887 1192 Πνεύματος
923 1130 1140 1198 χάριτος
1173 1133 1200 1182 6
1234 1132 1467 1196 ἀναξίως
1497 1152 1735 1206 χειροτο-

126 1207 325 1276 νηθεὶς
345 1250 360 1273 ,
395 1214 488 1263 καὶ
522 1214 580 1265 ἐν
613 1215 948 1288 καθαρότητι
978 1221 1071 1272 τὸν
1103 1224 1240 1290 μετὰ
1270 1227 1367 1293 τὴν
1398 1205 1732 1295 χειροτονίαν

127 1298 254 1366 βίον
294 1301 530 1374 ἀνύσας,
568 1305 662 1356 τοῦ
705 1308 870 1370 ἀξίως
911 1316 1412 1383 χειροτονηθέντοτ,
1453 1321 1546 1370 καὶ
1593 1320 1733 1389 μετὰ

121 1395 232 1463 τῆς
274 1395 445 1464 αὐτῆς
486 1397 861 1470 καθαρότητος
895 1407 986 1456 τ⁵ιν
1021 1408 1079 1459 ἐν
1114 1409 1242 1477 ἡμῖν
1281 1409 1396 1476 βίον
1429 1412 1728 1466 ἀπολιπόν-

120 1499 245 1542 τος.
291 1486 478 1539 Ταῦτα
521 1491 649 1558 περὶ
697 1493 1031 1563 ἀρχιερέων·
1071 1499 1200 1567 περὶ
1243 1501 1351 1572 γὰρ
1396 1504 1589 1572 ἱερέων
1633 1506 1727 1559 καὶ

120 1574 338 1645 ἐτέρων
371 1579 650 1649 κληρικῶν
686 1585 837 1653 ζήτει
876 1588 1096 1642 συνόδου
1127 1591 1364 1655 Νικαίας
1400 1597 1602 1648 κανόνα
1639 1597 1724 1661 ιο’,

121 1668 353 1721 συνόδου
389 1671 822 1746 Νεοκαισαρείας
860 1679 1061 1733 κανόνα
1084 1681 1149 1748 θ’,
1189 1691 1275 1750 ια’,
1310 1682 1594 1740 Βασιλείου
1625 1707 1727 1741 κα-

118 1757 258 1827 νόνα
295 1758 399 1822 κζ’,
431 1763 527 1814 καὶ
561 1764 823 1833 Θεοφίλου
850 1769 915 1820 ἐκ
944 1769 1039 1823 τοῦ
1076 1772 1484 1843 ὐπομνηστικοῦ
1523 1782 1725 1833 κανόνα

107 1846 188 1912 δ’,
221 1854 286 1914 ε’,
318 1849 388 1920 η’.
420 1852 534 1907 Καὶ
566 1857 875 1926 σημείωσαι
907 1861 972 1912 ἐκ
1001 1863 1208 1916 τούτων
1236 1869 1315 1918 ὅτι
1348 1869 1381 1936 ὴ
1419 1872 1723 1940 χειροτονία

114 1937 236 1991 τῶν
275 1944 581 2013 ἀρχιερέων
624 1948 720 2000 καὶ
757 1948 818 2001 τὸ
857 1949 1064 2020 χρίσμα
1103 1953 1210 2008 τῶν
1271 1937 1538 2030 βασιλέων
1583 1962 1723 2014 ἀπα-

116 2030 373 2101 λείφουσι
406 2036 474 2089 τά
511 2036 617 2108 πρὸ
648 2039 750 2108 τῆς
783 2044 1119 2111 χειροτονίας
1157 2047 1250 2097 καὶ
1284 2048 1378 2100 τοῦ
1416 2052 1718 2120 χρίσματος

116 2126 537 2198 ἁμαρτήματα,
572 2125 660 2184 οἷα
695 2134 761 2187 ἂν
791 2128 894 2189 ὦσι
919 2151 932 2162 ⁸
969 2133 1058 2186 διὰ
1097 2137 1212 2210 γάρ·
1231 2139 1388 2191 τοῦτο
1424 2142 1641 2214 ἔχουσιν
1671 2146 1720 2196 ot

117 2217 418 2272 ἐπίσκοποι
454 2220 709 2286 ἐξουσίαν
740 2227 960 2295 ἀφιέναι
997 2229 1372 2299 ἁμαρτήματα
1396 2271 1411 2295 ,
1445 2235 1521 2297 ὡς
1555 2233 1718 2291 ἀκού-

127 2325 330 2373 σαντες
352 2312 470 2381 ἅμα
488 2313 564 2383 τῷ
583 2319 1060 2390 χειροτονηθῆναι,
1077 2322 1235 2374 Ὅσα
1254 2320 1473 2388 δήσετε
1491 2324 1589 2376 ἐπὶ
1610 2325 1719 2394 τῆς

115 2399 258 2468 τῆς,
292 2402 465 2458 ἔσται
501 2406 791 2477 δεδεμένα
824 2410 895 2463 ἐν
922 2410 1000 2477 τῷ
1032 2412 1286 2482 οὐρανῷ,
1321 2415 1418 2466 καὶ
1456 2415 1574 2470 ὅσα
1607 2418 1716 2471 λύ-

108 2508 266 2548 σετε
292 2497 390 2550 ἐπὶ
417 2494 526 2568 τῆς
564 2499 698 2569 γῆς,
728 2502 900 2556 ἔσται
924 2506 1234 2574 λελυμένα
1259 2507 1329 2560 ἐν
1354 2505 1434 2575 τῷ
1459 2509 1713 2578 οὐρανῷ.

127 2587 201 2640 Ἦ
238 2589 297 2641 δὲ
329 2589 439 2643 τῶν
474 2592 667 2663 ἱερέων
697 2597 791 2646 καὶ
822 2597 930 2647 τῶν
960 2596 1160 2650 λοιπῶν
1194 2603 1499 2671 χειροτονία
1541 2602 1716 2672 μικρά

117 2681 501 2753 ἁμαρτήματα
537 2685 865 2754 ἀπαλείφει,
902 2683 1014 2741 οἷον
1049 2693 1479 2757 συγκατάθεσιν,
1517 2694 1714 2761 ψεῦδος

119 2775 221 2827 καὶ
254 2775 512 2842 τοιαῦτα,
552 2779 627 2850 μὴ
661 2781 940 2856 ἐπάγοντα
978 2782 1329 2854 καθαίρεσιν,
1368 2788 1624 2856 πορνείαν
1657 2789 1711 2843 δὲ

112 2865 266 2936 ορχί.
291 2866 456 2920 Ὅθεν
491 2870 614 2924 οὐδὲ
653 2873 874 2941 ἀφιέναι
919 2875 1195 2946 ἁμαρτίας
1231 2881 1281 2929 oi
1325 2881 1490 2947 ἱερεῖς
1525 2880 1713 2932 δύναν-
1786 2880 1788 2882 ’

117 2975 236 3012 ται.
283 2960 392 3012 Καὶ
435 2961 747 3030 ἀνάγνωσον
794 2965 894 3032 τῆς
937 2969 997 3018 ἐν
1041 2969 1441 3042 Νεοκαισαρεία
1489 2973 1709 3026 συνόδου

120 3051 330 3104 κανόνα
365 3052 430 3120 θ’,
466 3052 536 3107 τά
573 3056 714 3109 αὐτά
754 3060 882 3130 περὶ
920 3059 1112 3128 ἱερέων
1151 3062 1394 3129 λέγοντα.
1434 3065 1526 3137 Μὴ
1561 3067 1714 3118 ἐναν-

119 3143 296 3214 τιωθῇ
344 3145 401 3200 δέ
452 3162 536 3200 σοι
582 3149 611 3200 6
661 3147 726 3213 ιζ’
757 3152 934 3202 κανὼν
978 3152 1088 3205 τῶν
1137 3155 1310 3222 ἁγίων
1360 3158 1708 3223 ἀποστόλων,

120 3236 303 3304 λέγων
326 3252 340 3266 ⁶
385 3237 444 3291 Ὀ
480 3239 602 3292 δυσὶ
638 3242 838 3311 γάμοις
876 3245 1215 3314 συμπλακεὶς
1244 3253 1384 3315 μετὰ
1418 3249 1477 3300 τὸ
1516 3251 1712 3320 βάπτι-
1736 3283 1780 3342 C

120 3350 268 3402 σμα,
369 3333 653 3406 παλλακὴν
680 3338 1052 3408 κτησάμενος,
1081 3342 1140 3393 οὐ
1173 3342 1394 3398 δύναται
1425 3341 1565 3397 εἶναι
1595 3349 1711 3399 ἐπί-

118 3443 348 3491 σκοπος,
372 3428 643 3497 πρεσϐύτε
654 3446 744 3500 ρος
765 3430 796 3501 ἢ
821 3430 1086 3495 διάκονος,
1107 3433 1140 3504 ἢ
1161 3434 1296 3497 ὅλως
1317 3435 1408 3488 τοῦ
1431 3438 1707 3507 ἱερατικοῦ

113 3515 424 3583 καταλόγου
445 3561 458 3584 ,
497 3521 633 3592 μηδὲ
665 3524 693 3574 6
729 3520 796 3591 ιη’
824 3523 892 3578 τὰ
925 3525 1064 3578 αὐτὰ
1100 3527 1281 3600 σχεδὸν
1313 3527 1704 3601 διοριζόμενος.

129 3609 275 3666 Ἀλλ’
295 3609 528 3663 ἐκλαῦοὖ
555 3612 615 3665 τὸ
645 3608 786 3669 εἶναι
818 3616 898 3689 εἰς
921 3617 981 3668 τὸ
1011 3617 1276 3685 γίνεσθαι,
1307 3622 1400 3674 καὶ
1431 3621 1576 3687 είπέ,
1606 3624 1709 3676 Οὑ-

113 3705 232 3766 δεὶς
260 3701 433 3768 οὕτως
461 3705 754 3775 ὀλισθήσας
782 3708 1146 3778 ἀξιωθήσεται
1173 3714 1536 3766 ἐπισκοπικοῦ
1565 3716 1596 3785 ἢ
1632 3717 1704 3769 leo

119 3796 349 3866 ρατικοῦ
373 3797 702 3868 ἀξιώματος.
732 3797 1010 3864 ’Λξιωθεὶς
1033 3801 1090 3854 δὲ
1117 3804 1264 3871 παρὰ
1293 3804 1358 3855 τά
1379 3804 1697 3873 δεδογμένα,

116 3893 167 3940 εί
210 3889 310 3957 μέν
342 3891 493 3945 ἐστιν
528 3891 847 3956 ἐπίσκοπος,
882 3893 979 3947 οὐκ
1018 3894 1447 3964 ἀνακριθὴσεται
1481 3897 1570 3949 διὰ
1605 3898 1702 3960 τὰς

118 3980 383 4050 ῥηθείσας
412 3986 612 4050 αἰτίας,
642 3987 738 4037 καὶ
770 3986 819 4039 oi
849 3987 1124 4057 ἀρχιερεῖς
1157 3986 1274 4055 ἅμα
1297 3988 1374 4058 τῷ
1402 4007 1703 4062 χειροτονη-

115 4073 276 4146 θῇναι
317 4074 377 4125 οὗ
419 4075 580 4142 μόνον
615 4076 974 4130 ἀποστολικοῦ
1016 4079 1353 4147 χαρίσματος
1391 4079 1697 4146 ἀξιοῦνται,

115 4166 257 4218 ὀλλά
289 4166 382 4218 καὶ
417 4166 781 4236 προφητικοῦ.
816 4166 972 4219 Οὕτω
1006 4170 1113 4236 γὰρ
1147 4169 1238 4219 καὶ
1272 4168 1442 4221 Σαοὺλ
1476 4171 1534 4220 ἐν
1567 4187 1700 4239 προ-

117 4259 346 4328 φήταις,
391 4260 486 4312 καὶ
527 4260 781 4328 Καϊάφας
813 4259 961 4312 ἀκων
989 4261 1393 4330 προεφήτευσεν
1416 4275 1430 4289 °
1467 4257 1534 4332 ἦν
1570 4265 1697 4333 γὰρ,

117 4353 320 4420 φησὶν,
352 4354 642 4424 ἀρχιερεὺς
669 4353 761 4406 τοῦ
794 4352 1041 4406 ἐνιαυτοῦ
1074 4355 1281 4406 ἐκείνου
1307 4369 1321 4383 ⁸
1354 4354 1399 4407 εί
1432 4353 1486 4406 δὲ
1521 4355 1700 4426 ἱερεύς

119 4448 272 4498 ἐστιν
297 4445 329 4513 ἢ
357 4445 542 4514 ἕτερος
571 4446 884 4516 ίερωμένος,
917 4445 1402 4517 καθαιρεθήσεται.
1433 4448 1699 4518 Ἀνάγνωο

120 4558 214 4593 σον
247 4541 339 4593 καὶ
370 4539 430 4592 τὸ
465 4542 546 4589 κθ¹
571 4555 696 4605 κεφ.
728 4537 822 4589 τοῦ
857 4539 901 4589 θ’
924 4539 1101 4589 τίτλου
1134 4540 1228 4591 τοῦ
1265 4543 1530 4609 παρόντος
1565 4561 1690 4594 συν-

1839 680 2073 734 catione.
2124 683 2202 738 Ad
2258 685 2650 745 irrefutabilem
2701 707 2880 751 autem
2937 702 3131 756 horum
3176 711 3420 760 omnium

1838 775 2344 836 comprobationem
2372 819 2384 839 ,
2420 786 2599 852 magni
2632 801 2853 857 quoque
2880 789 3126 860 Gregorii
3160 795 3418 870 Tltcologi

1838 879 2091 920 sermone
2116 877 2365 936 utuntur,
2397 875 2555 943 cujus
2589 879 2828 947 initittm,
2889 883 3098 943 Rursus
3133 904 3296 958 super
3324 909 3410 945 me

1842 958 2027 1010 unctio
2059 969 2110 1011 et
2147 963 2393 1029 spiritus.
2439 965 2589 1022 Unde
2623 971 2824 1036 discas,
2873 978 3019 1044 quod
3058 981 3418 1040 nihilominus

1837 1051 2008 1103 sancti
2053 1049 2292 1118 Spiritus
2327 1059 2502 1126 gratia
2553 1062 2755 1131 dignus
2793 1078 3050 1122 censetur
3089 1072 3154 1135 is,
3205 1075 3292 1141 qui
3337 1077 3418 1128 Zu-

1837 1142 1996 1209 digne
2036 1145 2244 1201 electus
2286 1150 2338 1202 itt
2379 1154 2616 1219 puritate
2653 1165 2774 1224 post
2809 1161 3208 1218 ordinationem
3250 1170 3412 1219 vitam

1834 1231 2106 1299 transigit,
2138 1250 2296 1303 quam
2330 1238 2372 1291 is
2407 1242 2498 1309 qui
2542 1243 2702 1313 digne
2731 1246 2959 1314 electus,
3008 1261 3061 1304 et
3107 1264 3222 1322 post
3257 1258 3412 1310 istam

1836 1321 2125 1385 puritatem
2172 1329 2330 1382 vitam
2363 1345 2606 1390 nostram
2644 1339 2884 1408 reliquit.
2925 1342 3048 1397 Il:ec
3081 1321 3147 1399 de
3182 1350 3410 1401 antisti--

1839 1415 2007 1469 tibus.
2042 1416 2113 1470 De
2142 1422 2516 1478 sacerdotibus
2548 1431 2691 1481 enim
2721 1435 2788 1484 'ct
2831 1435 2952 1488 aliis
2985 1436 3198 1489 clericis
3231 1450 3412 1506 quarre

1831 1509 2022 1576 synodi
2064 1509 2294 1567 Nicrena)
2325 1532 2587 1573 canoncm
2626 1521 2897 1598 decimum
2938 1543 3176 1589 nonum,
3215 1534 3408 1599 synodi

1830 1599 2290 1660 Neocmsariensis
2331 1623 2593 1664 cauonem
2655 1612 2685 1665 9
2741 1595 2792 1667 et
2851 1617 2952 1676 ll.
3014 1618 3196 1674 Basilii
3245 1623 3410 1692 336

1829 1708 2096 1750 cauonem
2129 1697 2200 1751 27
2228 1711 2279 1754 et
2315 1702 2595 1772 TheOpltili
2626 1722 2689 1760 ex
2724 1715 3125 1766 commentario
3166 1730 3406 1770 cauom-.5

1835 1787 1888 1848 4,
1927 1788 1958 1840 5
1997 1795 2048 1841 et
2096 1789 2147 1844 8.
2197 1793 2261 1844 Et
2297 1802 2422 1846 nota
2457 1811 2519 1849 ex
2554 1797 2641 1859 iis,
2678 1801 2822 1866 quod
2853 1804 3156 1857 antistitum
3186 1808 3402 1874 quidem

1829 1878 2100 1934 ordinatio
2127 1892 2180 1935 ct
2217 1899 2402 1952 regunt
2448 1889 2652 1953 unctio,
2689 1906 2808 1959 qua:
2842 1903 2966 1947 ante
3003 1897 3400 1950 ordinatonem

1833 1981 1886 2024 et
1922 1973 2227 2029 unctionem
2274 1978 2515 2043 fuerunt,
2541 1972 2763 2037 'dclent.
2803 1983 3096 2053 Propterea
3126 2004 3270 2040 enim
3307 1991 3403 2040 lia—

1832 2063 1960 2117 hcnt
2004 2075 2322 2132 potestatem
2372 2073 2611 2140 episc0pi
2665 2075 2972 2129 remittendi
3032 2089 3293 2144 peccata;
3343 2090 3400 2131 ut

1829 2158 2064 2226 quicum
2090 2159 2326 2227 primum
2366 2165 2600 2217 ordinati
2629 2170 3115 2224 suntaudiverint:
3142 2170 3402 2234 ριιιιτιιη-

1826 2266 1924 2319 que
1965 2250 2252 2319 ligaveritt's
2295 2271 2451 2324 super
2497 2266 2690 2310 terram
2736 2273 2887 2313 erunt
2937 2262 3105 2330 ligata
3140 2265 3192 2315 in
3232 2267 3396 2330 ralis,

1825 2351 1874 2394 et
1907 2360 2226 2413 qumrunque
2250 2349 2508 2401 tto/veritis
2535 2367 2689 2418 super
2725 2361 2918 2405 terram
2950 2365 3104 2408 erunt
3136 2359 3310 2411 solum
3345 2361 3399 2410 in

1825 2434 1967 2487 ctrlt's
2003 2436 2069 2489 ".
2116 2436 2474 2493 Sacerdotum
2525 2450 2728 2506 autem,
2775 2454 2828 2498 et
2865 2447 3094 2501 aliorum
3146 2453 3234 2517 qui
3272 2459 3398 2504 sunt

1828 2526 1878 2578 in
1929 2520 2120 2608 sacris,
2161 2530 2456 2597 ordinatio,
2511 2550 2673 2602 parva
2711 2527 2928 2604 quidem
2979 2551 3198 2608 peccata
3233 2544 3393 2606 delet,

1825 2634 2155 2674 consensum
2194 2623 2318 2676 dico
2346 2635 2400 2678 et
2431 2627 2800 2690 mendacium,
2835 2638 2887 2683 et
2918 2633 3115 2686 similia
3151 2652 3270 2704 qua:
3303 2636 3396 2690 (le-

1825 2711 2152 2782 positionem
2206 2729 2313 2770 non
2356 2708 2660 2783 inducunt;
2707 2736 2812 2774 non
2860 2732 3038 2776 autem
3073 2726 3389 2780 fornicatio-

1824 2819 1970 2856 nem.
2011 2803 2163 2857 Unde
2195 2820 2294 2858 ncc
2338 2810 2652 2864 sacerdotes
2684 2826 2912 2881 possunt
2943 2824 3161 2880 peccata
3203 2819 3390 2869 remit-

1825 2901 1960 2943 tere.
2011 2891 2075 2942 Et
2110 2893 2226 2961 lege
2261 2893 2722 2952 Neocmsariensis
2763 2915 2881 2970 syn.
2914 2918 3176 2957 canonem
3209 2905 3260 2967 9,
3293 2907 3386 2974 qui

1820 2983 2007 3040 eadem
2037 2984 2169 3039 dicit
2199 2985 2264 3040 de
2298 2990 2694 3046 sacerdotibus.
2745 2992 2798 3045 In
2845 2994 2928 3048 his
2969 3006 3146 3049 autem
3198 3013 3262 3050 ne
3295 2999 3388 3051 tibi

1819 3077 2127 3130 contrarius
2170 3078 2417 3132 videatur
2475 3096 2647 3136 canon
2715 3084 2775 3135 Π
2809 3097 3119 3138 sanctorum
3174 3099 3418 3154 ﬂpOSIO-,

1821 3163 2017 3226 lorum,
2055 3166 2268 3228 dicens,
2298 3169 2400 3231 Qui
2426 3169 2640 3223 dnobus
2675 3172 3036 3224 matrimoniis
3067 3184 3186 3241 post
3214 3176 3389 3244 bapti-

1819 3272 1996 3310 smtttn
2037 3256 2134 3310 fuit
2162 3259 2470 3327 colligatus,
2507 3261 2588 3312 vel
2634 3261 2823 3313 habuit
2856 3253 3242 3328 concubinam,
3281 3283 3386 3321 non

1812 3358 1988 3418 potest
2017 3366 2139 3405 esse
2170 3355 2480 3422 cpiscopus,
2516 3362 2611 3407 aut
2640 3355 2946 3424 presbyter,
2981 3365 3074 3409 aut
3096 3359 3384 3424 diaconus,

1808 3441 1888 3495 vel
1912 3443 2136 3494 omnino
2167 3444 2219 3495 in
2255 3446 2505 3513 catalogo
2532 3447 2896 3508 sacerdotali;
2927 3461 3104 3516 neque
3141 3451 3385 3507 decimus

1807 3542 2031 3588 octavus
2078 3534 2269 3587 eadem
2337 3535 2448 3589 fere
2502 3543 2770 3590 statuens.
2833 3536 2940 3592 Sed
2986 3540 3174 3609 accipe
3225 3543 3381 3608 illud,

1807 3642 1948 3690 esse,
1988 3642 2104 3694 pro,
2140 3627 2296 3695 ﬁeri;
2332 3638 2385 3683 et
2411 3629 2519 3694 dic,
2552 3629 2698 3698 quod
2743 3645 2930 3696 nemo,
2967 3633 3057 3703 qui
3091 3635 3170 3690 sic
3199 3635 3385 3704 lapsus

1805 3726 1907 3779 est,
1940 3719 2232 3788 episcopali
2273 3719 2353 3773 vel
2388 3721 2718 3776 sacerdotali
2754 3723 2954 3779 honori
2990 3727 3188 3795 dignus
3213 3727 3382 3781 habe—

1805 3806 1970 3858 bitur.
2009 3809 2110 3871 Qui
2157 3820 2336 3868 autem
2383 3821 2584 3880 prater
2621 3811 2840 3867 decreta
2882 3814 3080 3884 dignus
3126 3815 3380 3880 habetur,

1803 3895 2070 3964 siquidem
2120 3905 2204 3950 est
2235 3898 2548 3967 episcopus,
2598 3916 2705 3952 non
2748 3904 3115 3970 postulabitur
3160 3914 3381 3974 propter

1803 3988 1978 4042 dictas
2011 4001 2230 4057 causas,
2263 3998 2316 4042 ct
2341 3991 2486 4060 quod
2524 3991 2796 4047 antistites
2833 4008 2955 4047 cum
2986 3996 3221 4065 prinmm
3255 4006 3382 4050 sunt

1803 4081 2062 4143 ordinati,
2098 4095 2206 4133 non
2248 4082 2423 4134 solum
2476 4085 2782 4152 apostolica
2824 4090 2996 4155 gratia
3042 4089 3189 4159 digni
3224 4101 3376 4155 sunt,

1803 4169 1896 4222 sed
1934 4169 2096 4220 etiam
2134 4171 2474 4236 prOphetica.
2523 4172 2614 4224 Sic
2650 4175 2801 4227 enim
2835 4186 2888 4228 et
2920 4177 3049 4229 Saul
3080 4180 3221 4232 inter
3253 4196 3380 4247 pro-

1803 4263 2015 4330 phetas,
2078 4271 2134 4316 et
2199 4262 2438 4331 Caiphas
2503 4264 2710 4318 invitus
2771 4268 3194 4336 prophetizavit.
3254 4274 3380 4326 Erat

1800 4356 1967 4418 enim,
2000 4357 2196 4425 inquit,
2230 4355 2467 4425 pontifex
2500 4358 2628 4410 anni
2663 4358 2830 4412 illius.
2872 4356 2966 4413 Sin
3005 4363 3261 4417 sacerdos
3285 4364 3375 4427 sit,

1779 4457 1892 4502 "aut
1924 4449 2063 4502 alius
2104 4450 2281 4503 sacris
2320 4451 2593 4514 initiatus,
2630 4451 2958 4520 deponetur.
2997 4452 3139 4521 Lege
3169 4463 3220 4506 et
3254 4468 3374 4521 cap.

1799 4540 1866 4591 νο
1902 4541 1981 4592 Iit.
2017 4540 2049 4592 9
2092 4542 2380 4608 praesentis
2423 4542 2626 4609 operis,
2663 4551 2717 4593 et
2761 4542 3010 4596 invenies
3042 4543 3094 4594 in
3132 4558 3196 4596 eo
3230 4543 3374 4609 leges

115 4635 418 4699 τάγματος,
455 4629 549 4683 καὶ
592 4628 848 4701 εὑρήσεις
890 4629 947 4680 ἐν
985 4628 1132 4698 αὐτῷ
1174 4627 1373 4697 νόμους
1411 4630 1697 4702 διαφόρους

1818 4633 2069 4694 litersas,
2113 4648 2234 4700 qua:
2275 4635 2441 4685 multa
2486 4631 2552 4685 de
2597 4631 2981 4687 saceru'mibus
3024 4645 3081 4687 et
3130 4635 3252 4688 aliis
3281 4636 3372 4704 qui

118 4723 289 4776 πολλὰ
321 4721 448 4790 περὶ
480 4722 669 4792 ἱερέων
700 4722 794 4775 καὶ
823 4721 1023 4791 ἐτερων
1056 4722 1697 4794 ίερωμένωνςῖιαλαμόά-

116 4831 307 4876 νοντας
330 4853 346 4878 ,
378 4815 694 4868 ἐπισκόπων
725 4815 780 4867 δὲ
813 4814 946 4876 ὅλως
983 4815 1175 4882 μνείαν
1209 4815 1284 4883 μὴ
1315 4819 1691 4886 ποιουμένους.

191 4907 431 4963 ΖΩΝΑΡ.
470 4907 544 4961 Τὸ
575 4907 801 4962 παλαιὸν
834 4907 894 4962 τὸ
932 4906 1029 4977 μὲν
1063 4909 1322 4975 κήρυγμα
1356 4907 1604 4978 ἐδέχοντο
1641 4913 1694 4962 oi

119 5001 359 5063 πλείους,
391 4998 483 5049 καὶ
519 4997 803 5053 ἐπίστευον
859 5001 935 5069 τῷ
969 4999 1206 5070 Χριστῷ,
1243 4998 1597 5068 βαπτίζεσθαι
1631 5001 1688 5053 δὲ

119 5082 522 5165 ὑπερετίθεντο.
562 5092 654 5146 Διὸ
691 5093 785 5146 καὶ
824 5094 852 5147 6
890 5094 1146 5162 Θεολόγος
1190 5094 1488 5164 Γρηγόριος
1531 5092 1622 5145 καὶ
1661 5094 1689 5146 6

121 5189 291 5256 μέγας
325 5186 600 5247 Βασίλιιος
623 5189 747 5246 τοὺς
777 5185 857 5247 είς
883 5186 941 5238 τὸ
970 5186 1121 5257 ἅγιον
1151 5187 1434 5256 βάπτισμα
1463 5203 1692 5258 προτρε-

120 5282 348 5341 πτικοὺς
376 5279 780 5349 συνεγράψαντο
809 5278 1021 5346 λόγους.
1039 5277 1214 5332 *Ησαν
1237 5279 1330 5332 οὖν
1353 5282 1410 5331 ἐν
1433 5283 1543 5343 τοῖς
1574 5298 1693 5335 και-

123 5374 238 5442 ροῖς
273 5372 384 5424 τῶν
420 5373 673 5443 διωγμῶν
712 5368 941 5423 τοιοῦτοι
986 5370 1188 5434 πολλοὶ,
1233 5372 1548 5434 Χριστιανοὶ
1591 5373 1692 5440 μὲν

121 5466 273 5527 ὄντες
295 5506 307 5528 ,
348 5467 516 5534 μήπω
547 5468 604 5520 δὲ
641 5463 1047 5536 βαπτισθέντες.
1079 5467 1247 5534 Φησὶν
1282 5461 1374 5518 οὖν
1410 5463 1541 5534 περὶ
1574 5466 1693 5517 τού-

123 5575 232 5609 των
256 5559 282 5609 ὁ
311 5555 488 5608 κανὼν
514 5558 616 5622 ὅτι,
650 5560 742 5613 ἐάν
767 5575 907 5620 τινες
938 5556 1137 5610 ἔθυσαν
1166 5555 1587 5625 κατασχεθέντες
1618 5555 1692 5617 ὡς

124 5647 475 5719 Χριστιανοὶ,
508 5649 803 5714 ἀφώτιστοι
830 5650 886 5703 δὲ
919 5649 1068 5712 ὅντες
1103 5649 1239 5719 μετά
1266 5647 1438 5701 ταῦτα
1468 5647 1693 5700 ἐϐαπτί-

125 5744 351 5812 σθησαν,
381 5739 533 5792 οὐδὲν
559 5740 754 5804 αὐτοὺς
785 5742 984 5796 κωλύει
1009 5741 1070 5795 τὸ
1100 5741 1260 5795 θῦσαι
1291 5741 1369 5804 είς
1399 5740 1456 5792 τὸ
1493 5756 1696 5811 προαρ-

198 5929 241 5960 ²³
275 5922 465 5978 Matth.
503 5935 611 5985 xw,
661 5919 744 5974 l9.

1799 4734 1926 4778 sunt
1977 4724 2029 4776 in
2077 4724 2251 4778 sacris
2302 4719 2577 4789 tractent;
2617 4725 2999 4795 episcoporum
3036 4740 3219 4782 autem
3255 4743 3372 4780 om-

1798 4820 1930 4874 nino
1967 4817 2289 4887 mentionem
2321 4832 2425 4872 nou
2460 4816 2687 4871 faciunt.

1870 4908 2121 4963 ZONAR.
2162 4909 2414 4978 Mysteria
2443 4909 2669 4976 quidem
2693 4907 2821 4961 olim
2850 4918 3053 4965 nostra:
3088 4911 3369 4981 religionis

1796 5001 1979 5053 audita
2013 4998 2194 5066 plures
2221 4984 2596 5060 admittebant,
2631 5014 2694 5051 ac
2726 5000 2871 5065 tidei,
2907 5017 3026 5070 quae
3054 5001 3119 5053 de
3148 5001 3371 5060 Christo

1797 5099 1900 5152 est,
1939 5090 2098 5158 plane
2131 5088 2614 5155 assentiebantur;
2652 5089 2747 5145 sed
2787 5091 3037 5158 baptismi
3072 5092 3213 5148 diem
3255 5096 3372 5151 lon-

1800 5183 1920 5251 gius
1967 5182 2323 5236 nihilominus
2354 5182 2736 5236 extrahebant.
2785 5179 2862 5233 Ex
2897 5196 3006 5248 quo
3042 5194 3094 5237 et
3125 5183 3369 5252 Gregorii

1801 5274 2058 5343 TlteolOgi
2090 5283 2143 5326 et
2170 5274 2349 5341 magni
2382 5273 2566 5326 Basilii
2608 5271 2908 5337 orationes,
2943 5275 3138 5343 quibus
3172 5277 3237 5328 ad
3275 5279 3370 5331 ba-

1801 5371 2055 5439 ptismum
2092 5363 2474 5425 hortabantur,
2509 5362 2791 5418 exstitere.
2829 5365 3001 5420 Erant
3053 5370 3232 5434 itaque
3277 5385 3370 5439 per

1799 5477 1858 5514 ea
1903 5468 2168 5528 tempora,
2204 5454 2402 5521 quibus
2451 5471 2560 5509 rem
2611 5455 2979 5510 Christianam
3030 5461 3248 5527 tyranni
3281 5463 3360 5514 di-

1800 5553 2091 5614 vexabant,
2123 5547 2392 5619 ejusmodi
2428 5548 2677 5602 homines
2719 5549 2856 5600 haud
2891 5551 3076 5616 pauci.
3108 5554 3200 5622 qui
3244 5568 3362 5606 cum
3439 5608 3441 5610 .

1800 5645 2108 5701 Christiana
2161 5640 2502 5711 professione
2549 5648 2930 5704 censerentur,
2983 5642 3248 5711 baptismo
3283 5653 3364 5694 ta-

1803 5754 1920 5792 men
1976 5748 2316 5804 nequaquam
2361 5730 2538 5784 adhuc
2589 5729 2791 5799 expiati
2849 5729 3106 5791 fuissent.
3160 5732 3233 5788 De
3283 5735 3367 5790 bis
