3974 6346
109 421 232 489 1181

1223 413 1304 475 ΙΝ
1344 410 1510 476 CAN.
1541 409 1681 473 XIV
1706 407 1916 470 CONC.
1956 408 2218 470 ANCYR.

3210 409 3342 477 1162

106 541 223 593 κατ’
257 535 558 608 ἐπιτροπὴν
592 533 771 590 αὐτῶν
796 530 1133 596 ἐπισκόπων,
1157 531 1217 583 οὐ
1251 530 1525 600 συγχωρεῖ
1556 529 1668 590 τοῖς

1789 525 1893 580 ίίηο
1923 526 2070 581 illius
2112 527 2378 581 sententia
2415 528 2484 582 ad
2516 528 2943 585 ecclesiasticum
2978 532 3340 594 ministerium

111 647 248 701 χωρε
263 630 542 690 πισκόποις
567 627 694 681 ἄνευ
721 624 949 724 γνώίμης
971 623 1136 677 αὐτοῦ
1167 639 1290 675 τινα
1346 623 1428 685 είς
1473 620 1669 691 ἐκκλη-

106 720 390 790 σιαστικὴν
426 719 728 789 ὑπηρεσίαν
766 712 1196 788 παραδέχεσθαι·
1252 712 1390 793 ἀλλὰ
1436 712 1668 778 κατεξε-

103 811 363 875 τάζεσθαι
400 811 499 880 μὲν
529 811 653 872 τοὺς
684 807 867 872 ἀξίους
894 807 1047 877 παρά
1068 807 1178 860 τῶν
1211 802 1667 876 χωρείτω-κόπων,

101 901 196 954 καὶ
248 896 670 968 παραδέχεσθαι.
717 899 792 966 μὴ
834 895 1193 965 συναριθμεῖν
1227 893 1282 946 δὲ
1343 891 1539 953 αὐτοὺς
1593 889 1670 958 τῷ

101 993 287 1063 κλήρῳ
317 991 546 1062 προτοῦ
592 990 904 1056 ἀνενεγκεῖν
958 987 1108 1057 αὑτῷ
1162 985 1230 1040 τὰ
1284 987 1408 1053 περὶ
1465 982 1668 1036 αὐτῶν.

103 1083 525 1155 Χωρεπίσκοποι
540 1082 598 1135 δέ
614 1083 755 1134 εἰσιν
772 1082 820 1133 oi
843 1079 1088 1150 σήμερον
1107 1078 1166 1132 ἐν
1190 1094 1302 1130 τισι
1331 1074 1548 1146 κώμαις
1575 1075 1671 1128 καὶ

100 1174 306 1247 χώραις
337 1172 772 1245 «patron-amitis;
801 1172 1107 1240 λεγόμενοι.

697 1265 938 1325 ΚΑΝΩΝ
972 1262 1070 1321 IA'.
1195 1331 1200 1334 τ

101 1369 126 1412 ί
159 1357 299 1423 τοὺς
314 1359 373 1424 ἐν
409 1357 615 1429 κλήρῳ,
648 1356 1060 1427 πρεσόυτέρους
1094 1357 1125 1426 ἢ
1157 1356 1443 1417 διακόνους
1486 1356 1672 1420 ὄντας,

175 1469 194 1504 ι
229 1449 610 1521 ἀπεχομένους
656 1448 860 1519 κρεῶν,
915 1447 1095 1514 ἔδοξεν
1157 1446 1524 1513 ἐφάπτεσθαι,
1581 1447 1676 1501 καὶ

177 1561 197 1595 ι
229 1541 428 1606 eam.
457 1524 515 1594 ει
545 1540 848 1610 βούλοιντο,
883 1539 1112 1610 κρατεῖν
1157 1537 1388 1590 ἐαυτῶψ
1425 1538 1472 1590 ει
1506 1538 1559 1590 δὲ
1597 1538 1673 1608 μὴ

175 1652 194 1686 ι
236 1632 536 1702 βούλοιντο,
571 1630 649 1694 ὡς
675 1629 811 1702 μηδὲ
865 1633 933 1683 τὰ
961 1628 1104 1699 μετά
1143 1629 1322 1698 κρεῶν
1368 1627 1674 1698 βαλλόμενα

176 1743 198 1778 ι
234 1725 444 1795 λάχανα
467 1722 691 1788 ἐσθίειν,
728 1721 822 1786 καὶ
857 1721 991 1793 μηδὲ
1049 1721 1328 1774 ὑπείκοιεν
1359 1719 1435 1791 τῷ
1464 1722 1670 1785 κανόνι,

167 1835 190 1875 ι
235 1813 555 1874 πεπαῦσθαι
577 1813 776 1877 αὐτοὺς
807 1813 905 1884 τῆς
938 1813 1164 1878 τάξεως.
1212 1833 1229 1864 ι

1772 619 2088 688 quempiam
2124 621 2455 687 admittere;
2494 622 2586 677 sed
2623 623 2819 691 dignos
2855 623 3076 693 quidem
3115 641 3143 679 a
3180 624 3344 680 ebor-

1772 711 2048 779 epiSCopis
2086 711 2308 781 inquiri,
2340 721 2391 767 et
2426 714 2663 776 admitti,
2701 731 2806 771 non
2849 725 3026 771 autem
3074 718 3220 774 eiero
3248 733 3345 774 eos

1773 818 2190 866 connnrncrare,
2221 805 2536 874 priusquam
2561 823 2682 875 quae
2713 810 2778 862 ad
2814 826 2908 864 eos
2938 820 3206 878 spectant,
3242 812 3343 880 ips:

1771 896 2030 962 epis-cepe
2066 897 2397 952 retulerunt.
2440 897 2831 970 Cborcpiscopi
2870 911 3049 956 autem
3090 913 3215 955 sunt
3249 903 3340 971 qui

1771 1001 1913 1040 nunc
1940 986 1991 1039 in
2022 986 2348 1053 quibusdam
2375 989 2508 1043 vicis
2525 999 2578 1045 et
2609 991 2922 1060 regionibus
2950 998 3342 1064 protopapadcs

1773 1078 2149 1131 nominantur.

2351 1258 2582 1316 CANON
2625 1262 2765 1316 XlV.

1779 1372 1795 1402 ι
1836 1352 1941 1408 Eos
1970 1355 2061 1422 qui
2096 1354 2148 1408 in
2185 1354 2336 1410 clero
2378 1365 2525 1421 sunt,
2564 1359 2912 1427 presbyteros
2945 1360 3026 1414 vel
3066 1361 3344 1424 diaconos.

1853 1459 1869 1490 ι
1911 1455 1936 1492 a
1982 1443 2244 1497 carnibus
2281 1445 2645 1511 abstinentes,
2679 1448 2882 1516 placuit
2915 1450 3031 1502 illas
3061 1453 3342 1522 attingi-re,

1854 1552 1870 1584 ι
1912 1541 1963 1587 et
2003 1536 2102 1597 sic.
2153 1535 2198 1589 si
2224 1537 2428 1608 velint,
2461 1539 2529 1592 ab
2558 1539 2639 1593 eis
2678 1540 2958 1595 abstinere
2993 1559 3007 1594 :
3045 1543 3128 1596 sin
3166 1555 3344 1596 autem

1854 1644 1870 1675 ι
1915 1626 2112 1688 nolint,
2146 1637 2207 1682 ut
2239 1643 2337 1682 nee
2377 1628 2546 1693 olera,
2575 1646 2694 1698 quze
2730 1647 2852 1684 cum
2884 1633 3142 1687 carnibus
3169 1651 3347 1703 appo-

1853 1738 1868 1768 ι
1907 1731 2134 1784 nuntur,
2174 1724 2487 1782 comedere,
2519 1729 2573 1775 et
2615 1723 2816 1775 canoni
2865 1737 2973 1777 non
3017 1725 3232 1787 cedant,
3281 1728 3346 1780 ab

1850 1824 1865 1853 ι
1907 1807 2099 1860 ordine
2135 1823 2376 1862 cessare.
2417 1828 2434 1859 ι

171 1873 368 1970 ΒΑΛΣ.
408 1907 492 1958 Τά
537 1873 1040 1975 περιεχόμενα
1074 1873 1151 1971 sti)
1190 1904 1540 1975 ἀποστολικῷ
1586 1922 1651 1958 να

1847 1895 2040 1951 BALS.
2083 1898 2216 1964 Qum
2260 1902 2565 1969 apostolico
2613 1917 2825 1958 canone
2873 1905 2932 1958 51
2977 1907 3345 1972 continentur,

98 2000 291 2054 κανόνι
347 1999 508 2070 χάριν
563 1997 674 2050 τῶν
727 1997 1091 2067 ἀπεχομένων
1136 1997 1338 2064 γάμου,
1378 1996 1523 2049 οῐνου
1575 1996 1668 2048 καὶ

97 2089 299 2160 κρεῶν,
328 2087 869 2160 προηρμηνεύθησαν
898 2088 1100 2141 ἐκεῖσεο
1127 2087 1268 2144 ,ἐπεὶ
1318 2087 1374 2141 δὲ
1403 2087 1668 2158 διελήφθη

97 2183 163 2256 ἐν.
190 2180 267 2250 τῷ
299 2179 526 2250 τοιούτῳ
555 2178 743 2233 κανόνι
774 2177 850 2249 μὴ
867 2177 1196 2242 κολάζεσθαι
1224 2179 1352 2240 τοὺς
1391 2178 1669 2248 διὰάσκη-

96 2289 183 2328 σιν
221 2272 609 2344 νηστεύοντας,
643 2270 782 2324 ἀλλά
840 2272 1208 2342 τιμωρεῖσθαι
1239 2271 1367 2334 τοὺς
1424 2270 1671 2340 βλασφη-

96 2365 338 2435 μοῦντας
387 2365 530 2419 κατά
586 2363 696 2422 τῶν
764 2362 1094 2432 οἰκονομιῶν
1144 2361 1241 2416 τοῦ
1299 2361 1456 2414 Θεοῦ·
1526 2361 1672 2424 εἰκὸς

96 2457 155 2511 δὲ
213 2456 388 2525 είπεῖν
419 2467 596 2523 τινας,
643 2455 752 2509 Καὶ
787 2454 952 2511 πόθεν
995 2453 1438 2524 ἀναφανήσονται
1487 2454 1537 2505 οἱ
1584 2451 1672 2506 διὰ

94 2548 305 2617 ἀγαθὸν
333 2548 533 2618 τρόπον
560 2547 655 2601 καὶ
692 2547 744 2600 οἱ
768 2547 856 2599 διὰ
898 2545 1102 2614 φαῦλον
1162 2545 1552 2612 νηστεύοντεςς
1617 2545 1669 2596 οί

95 2640 195 2707 τῆς
225 2639 509 2709 παρούσης
546 2636 765 2690 συνόδου
797 2636 1041 2707 Πατέρες
1073 2634 1332 2705 εὐμαρῶς
1379 2634 1472 2688 καὶ
1513 2633 1671 2688 τοῦτο

94 2729 493 2800 δηυλήτωσαν.
558 2728 807 2797 Ἔφασαν
840 2728 970 2799 γὰρ,
994 2728 1069 2789 ὡς
1102 2727 1164 2782 Et
1192 2727 1476 2797 βούλονται
1505 2728 1556 2780 οἱ
1580 2745 1674 2795 νη-

95 2817 382 2880 στεύοντες
431 2817 933 2873 ἀπανσκάνδαλον
987 2821 1369 2889 περιαιρῆσαι,
1435 2818 1674 2886 ἐφαπτέ-

98 2910 316 2963 σθωσαν
347 2908 508 2978 μόνον
553 2909 661 2962 τῶν
688 2909 886 2978 κρεῶν,
924 2909 1016 2963 καὶ
1043 2909 1202 2963 πάλιν
1236 2910 1669 2979 πιστευέτωσαν,

95 3005 147 3057 ei
183 3000 490 3072 αίροῦνται.
529 3001 592 3053 Ei
647 3001 705 3054 δὲ
735 3001 897 3054 τοῦτο
929 3001 990 3054 οὑ
1032 3001 1372 3072 ποιήσουσιν,
1408 2999 1521 3053 ἀλλ’
1552 3001 1672 3056 οὐδὲ

95 3092 165 3146 τὶ
197 3093 408 3164 λάχανα
436 3090 503 3144 τά
535 3091 672 3161 μετά
699 3090 808 3144 τῶν
838 3093 1018 3162 κρεῶν
1049 3091 1353 3163 βαλλόμενα
1383 3091 1672 3154 ἐσθίουσιν,

1773 1992 1839 2045 de
1873 1990 1940 2046 iis
1974 1991 2063 2060 qui
2102 2007 2128 2044 a
2164 1993 2368 2060 nuptiis
2411 2000 2466 2046 et
2499 2008 2623 2048 νιηο
2663 2004 2716 2059 et
2758 1997 3015 2052 carnibus
3054 1998 3344 2057 abstinent.

1772 2083 1883 2135 illic
1920 2093 2048 2138 sunt
2087 2086 2357 2153 exposita.
2412 2085 2684 2150 Quoniam
2730 2095 2911 2142 autem
2950 2089 3001 2142 in
3044 2104 3107 2143 co
3141 2105 3347 2144 canone

1772 2182 2064 2229 tractatum
2095 2186 2198 2238 est,
2223 2192 2318 2230 eos
2349 2192 2455 2231 non
2490 2179 2795 2247 puniendos
2821 2180 2913 2248 qui
2947 2193 3165 2248 propter
3194 2199 3350 2237 exer-

1772 2268 2090 2322 citationem
2131 2266 2421 2336 jejuuent;
2461 2269 2556 2322 sed
2593 2285 2684 2324 eos
2716 2285 2835 2325 esse
2873 2275 3228 2337 coercendos,
3259 2277 3347 2343 qui

1775 2360 2037 2415 adversus
2072 2360 2160 2415 Dei
2213 2361 2578 2415 oeconomiam
2626 2360 2892 2414 maledice
2927 2363 3351 2433 blaspbemeque

1772 2452 2112 2521 loquuntur;
2142 2462 2225 2506 cst
2254 2459 2436 2504 autem
2473 2444 2768 2505 verisimile
2802 2454 3012 2508 dixisse
3037 2458 3351 2525 nonnullos,

1777 2543 1843 2597 Et
1884 2543 2160 2597 nndenam
2199 2557 2228 2597 a
2262 2542 2422 2597 nobis
2450 2553 2857 2612 cognoscentur
2900 2549 2992 2616 qui
3028 2549 3170 2611 bono
3204 2567 3352 2603 more

1772 2646 1827 2693 et
1860 2637 1952 2706 qui
1987 2634 2444 2706 malojejunant?
2485 2637 2767 2705 prmsentis
2799 2641 2988 2710 synodi
3031 2641 3214 2696 Patres
3255 2643 3353 2696 lmc

1775 2743 1994 2799 quoque
2040 2727 2200 2782 facile
2246 2727 2635 2782 dissolverunt.
2690 2729 2882 2782 Dicunt
2915 2731 3080 2792 enim,
3125 2733 3266 2799 quod
3296 2731 3352 2802 Si

1774 2823 1988 2884 volunt,
2041 2820 2133 2886 qui
2187 2819 2467 2889 jejunant,
2530 2817 2747 2873 omnem
2799 2820 3156 2877 oﬂ‘ensionctn
3213 2825 3353 2898 tolli,

1774 2927 1972 2967 carnes
2011 2919 2218 2965 tantum
2266 2911 2559 2982 attingant,
2595 2921 2649 2964 et
2685 2912 2937 2981 jejunent
2973 2916 3016 2970 si
3057 2915 3222 2968 velint
3260 2933 3272 2967 :
3309 2919 3354 2982 si

1777 3014 1964 3060 autem
2003 3005 2108 3058 hoc
2141 3018 2250 3057 non
2288 3003 2509 3067 facient,
2551 3001 2642 3057 sed
2679 3019 2850 3072 neque
2891 3004 3036 3056 olera
3080 3020 3198 3073 qua:
3231 3016 3382 3074 sunt

1777 3113 1900 3154 cum
1944 3097 2208 3152 carnibus
2260 3096 2458 3164 injecta
2514 3095 2829 3160 comedunt,
2875 3098 3097 3151 omnino
3152 3100 3221 3153 ab
3251 3104 3356 3169 epi~

95 3183 534 3256 ᾁναγκαζόμενοι
556 3185 766 3248 πάντως
789 3184 940 3253 παρά
958 3182 1379 3254 τοῦλέπισκόπου
1401 3186 1465 3238 ὲκ
1500 3202 1677 3256 προσ-

1789 3205 1952 3260 scopo
1989 3189 2166 3244 coaeti
2209 3203 2273 3244 ex
2326 3188 3125 3261 aliquorumxdcnuutiatione,
3171 3193 3360 3262 depre-

97 3279 369 3349 αγγελίας
400 3278 581 3343 τινῶν,
633 3275 1153 3346 καταλαμϐάνονται
1209 3278 1297 3334 διὰ
1344 3279 1545 3346 τρόπον
1577 3280 1676 3332 οὑκ

97 3369 309 3439 ἀγαθὸν
340 3369 643 3440 ἀπέχεσθαι
668 3367 778 3423 τῶν
808 3369 1009 3439 κρεῶν,
1039 3369 1134 3428 καὶ
1173 3368 1673 3441 καθαιρείσθωσαν,

95 3462 174 3524 ὡς
206 3461 283 3530 μὴ
318 3461 396 3530 τῷ
436 3460 623 3516 κανόνι
658 3460 1108 3531 ὑποτασσόμενοι.
1143 3459 1341 3523 Καλῶς
1399 3461 1454 3513 δὲ
1496 3462 1675 3514 ἐκεῖσε

102 3555 208 3626 μὲν
239 3554 268 3606 ὁ
297 3551 479 3607 κανὼν
510 3547 666 3608 εἷπεν
704 3554 737 3624 ἢ
773 3553 1109 3625 παύεσθαιῆ
1143 3553 1530 3624 καθαιρεῖσθαι
1553 3553 1678 3607 τού-

97 3664 230 3709 τους
259 3662 276 3678 ·
308 3643 544 3699 ἐνταῦθα
581 3643 637 3697 δὲ
663 3643 934 3698 παύεσθαι
988 3645 1088 3714 τῆς
1118 3644 1324 3709 τάξεως
1355 3646 1404 3698 οἱ
1435 3645 1679 3714 Πατέρες

97 3737 456 3808 διωρίσαντο.
495 3736 618 3799 Ἔτι
675 3733 782 3807 γὰρ
813 3733 906 3788 τοῦ
943 3735 1250 3806 ἀμφιϐόλου
1299 3736 1374 3805 μὴ
1405 3735 1677 3799 λυθέντος,

101 3830 312 3900 ὤφειλε
337 3830 553 3895 πάντως
585 3828 614 3882 ὁ
642 3829 969 3898 αἰτιώμενος
983 3827 1434 3898 παρεγγυηθῆναι
1465 3843 1680 3896 περιαι-

103 3925 277 3994 ρῆσαι
326 3921 413 3975 διὰ
441 3922 535 3975 τοῦ
568 3922 971 3993 κρεωφαγῆσαι
995 3922 1055 3975 τὸ
1082 3919 1511 3986 σκάνδαλον,καῖ
1542 3920 1683 3974 οὕτω

101 4014 544 4086 κατακριθῆναι.
591 4015 858 4068 Ἐνταῦθα
888 4014 946 4068 δὲ
975 4015 1074 4085 τῆς
1099 4014 1341 4084 ὑποψίας
1363 4013 1683 4084 πἐριαιρουο

103 4108 286 4178 μένης
315 4104 407 4158 διά
427 4105 528 4175 τῆς
571 4104 1025 4174 ὑποτυπωθείσης
1060 4107 1377 4174 οἰκονομίας
1407 4105 1557 4172 παρὰ
1573 4105 1683 4160 τῶν

100 4198 396 4267 Πατέρων,
449 4197 507 4265 ἐξ
561 4197 802 4268 ἀνάγκης
839 4199 867 4251 ό
909 4196 984 4268 μὴ
1038 4197 1181 4251 κατά
1248 4196 1454 4267 ταύτην
1512 4198 1684 4252 ποιῶν

99 4291 462 4362 καθαιρεῖται
498 4290 854 4344 ἀπεντεῦθεν.
908 4291 1060 4345 Ἐπεὶ
1089 4291 1142 4344 δὲ
1172 4290 1562 4363 πρεσϐυτέρων
1594 4293 1685 4346 καὶ

100 4385 381 4439 διακόνων
419 4383 597 4454 μόνων
633 4382 882 4455 ἐμνήσθη
915 4386 942 4437 ὁ
969 4384 1160 4454 παρὼν
1192 4384 1397 4452 κανὼν,
1430 4386 1458 4437 ό
1500 4385 1556 4438 δέ
1591 4388 1686 4456 ρη-

99 4476 225 4540 θεὶς
278 4478 638 4541 ἀποστολικὸς
711 4477 892 4530 κανὼν
942 4477 1160 4528 πάντων
1219 4477 1328 4528 τῶν
1382 4476 1682 4543 ἀνθρώπων

1784 3285 2101 3339 itcnduntur
2124 3298 2232 3339 non
2267 3282 2414 3338 bono
2441 3297 2593 3337 more
2621 3298 2648 3336 a
2680 3283 2944 3337 carnibus
2983 3285 3274 3345 abstinere,
3304 3297 3358 3353 ct

1782 3380 2145 3446 deponantur,
2197 3383 2254 3427 ut
2298 3375 2394 3442 qui
2439 3374 2636 3428 canoni
2682 3388 2789 3426 non
2850 3373 3141 3428 obediant.
3191 3374 3360 3430 Recte

1782 3475 1963 3520 autem
2014 3465 2152 3519 dixit
2184 3464 2297 3520 illic
2330 3479 2530 3528 canon,
2576 3478 2670 3518 eos
2726 3465 2806 3517 vel
2853 3479 3094 3525 cessare.
3135 3468 3228 3520 vet
3265 3468 3357 3520 de-

1782 3560 1933 3629 poni.
1973 3557 2074 3614 llic
2112 3566 2294 3614 autem
2326 3572 2420 3613 eos
2458 3559 2527 3614 ab
2558 3557 2748 3612 Ordine
2789 3572 3008 3612 cessare
3042 3557 3232 3612 Patres
3261 3560 3354 3620 de:

1786 3651 1998 3708 (iniere.
2043 3651 2180 3706 Cum
2217 3650 2362 3707 enim
2406 3651 2633 3705 dubium
2669 3649 2853 3704 adhuc
2886 3665 2992 3704 non
3027 3657 3172 3704 esset
3212 3652 3358 3702 5qu-

1785 3752 1928 3807 tum,
1977 3744 2211 3800 debebat
2260 3746 2520 3808 omnino,
2572 3742 2665 3812 qui
2727 3741 3121 3804 accusabatur,
3171 3741 3360 3808 jubere

1786 3835 2059 3891 vescendo
2099 3848 2319 3890 carnem
2366 3836 2561 3887 tollere
2605 3833 2929 3888 scandalum
2959 3872 2973 3896 ,
3013 3839 3066 3884 ct
3116 3832 3194 3899 sic
3226 3846 3359 3904 eon-

1787 3928 2057 3984 demnari.
2097 3925 2196 3980 llic
2222 3909 2625 3998 autemablata
2667 3924 2980 3993 suspicione
3014 3939 3108 3992 per
3137 3941 3361 3987 ωςοιιοε

1788 4016 1953 4069 miam
1984 4029 2014 4069 a
2050 4013 2308 4069 Patribus
2342 4012 2699 4080 descriptam,
2743 4018 3079 4083 necessario,
3131 4022 3219 4088 qui
3256 4036 3359 4078 non

1787 4105 1922 4158 facit
1951 4105 2000 4158 ei
2033 4105 2454 4168 convenienter,
2491 4117 2556 4157 co
2591 4105 2711 4172 ipso
2746 4108 3058 4172 deponitur.
3094 4109 3357 4182 Quoniam

1790 4206 1967 4253 autem
2000 4197 2162 4268 39o
2187 4197 2631 4266 presbyterorum
2661 4202 2715 4249 et
2738 4196 3092 4252 diaconorum
3121 4203 3358 4255 solorum

1792 4293 2040 4347 meminit
2077 4305 2323 4362 przesens
2353 4305 2552 4357 canon,
2612 4290 2791 4344 dictus
2829 4302 3007 4346 autem
3040 4309 3208 4345 canon
3237 4307 3364 4361 apo-

1792 4385 2023 4438 stolicus
2076 4382 2318 4440 omnium
2373 4382 2659 4437 hominum
2714 4384 2965 4435 meminit
3023 4399 3036 4434 ι
3091 4382 3252 4436 debes
3305 4392 3362 4440 tu

1789 4488 2028 4542 quoque,
2058 4487 2178 4542 qua:
2205 4471 2318 4526 illic
2350 4471 2498 4526 dicta
2528 4482 2686 4537 sunt,
2725 4473 2789 4527 ad
2820 4489 3004 4527 ontnes
3047 4473 3360 4527 extendere.

103 4568 414 4639 μέμνηται,
449 4569 682 4640 ὀφείλεις
715 4568 805 4621 καὶ
839 4567 905 4629 σὺ
945 4567 1013 4622 τὰ
1047 4563 1285 4623 ἐνταῦθα
1339 4565 1678 4633 διορισθέντα

1791 4562 1860 4618 Ut
1892 4573 1976 4619 est
2008 4578 2138 4632 ergo
2170 4564 2490 4637 verisimile,
2529 4564 2561 4618 ii
2601 4579 2841 4633 quoque,
2881 4562 2970 4630 qui
3023 4560 3365 4632 Bogomilicae

99 4665 185 4726 εἰς
213 4661 429 4726 πάντας
469 4662 715 4728 ἑλκύσαι.
766 4659 854 4722 Ὠς
902 4657 1078 4714 ἔοικεν
1110 4653 1224 4723 οὖν,
1281 4657 1375 4710 καὶ
1406 4659 1454 4708 οἱ
1502 4656 1687 4710 αίτιώο

105 4773 272 4830 μενοι
301 4756 390 4809 διὰ
429 4758 816 4828 Βωγομιλικὴν
866 4756 1080 4827 αἵρεσιν
1114 4753 1425 4816 ἀκολούθως
1457 4753 1530 4823 τῷ
1550 4771 1690 4824 παρ-

103 4855 229 4907 όντι
265 4848 453 4903 κανόνι
488 4849 892 4916 ἀναγκάζονται
942 4837 1339 4918 κρεωφαγῆσαι
1377 4844 1409 4914 ἢ
1448 4863 1690 4915 τυροφα-

105 4950 308 5018 γῆσαι,
334 4945 426 4996 καὶ
454 4944 812 5013 περιαιρῆσαι
837 4944 936 5013 τὴν
964 4940 1204 5011 ὑποψίαν
1238 4941 1336 5011 τῆς
1387 4941 1690 5010 Βωγομιλι-

103 5044 216 5111 κῆς
254 5035 528 5108 νηστείας·
561 5033 700 5087 ἀλλά
735 5034 828 5086 καὶ
859 5037 909 5088 οἱ
968 5033 1188 5094 πλείους
1220 5032 1327 5085 τῶν
1377 5033 1692 5085 εὑλαΰεστέ-

108 5147 231 5203 ρων
268 5125 540 5198 μοναχῶν,
600 5123 676 5192 μὴ
719 5123 967 5187 θέλοντες
1021 5122 1329 5179 καταλῦσαι
1371 5123 1450 5182 είς
1504 5121 1691 5190 ἰχθύας

103 5223 201 5275 διὰ
231 5222 296 5273 τὸ
319 5220 417 5290 τῆς
449 5218 608 5286 ἁγίας
676 5217 1139 5287 Τεσσαρακοστῆς
1187 5214 1488 5283 αἰδέσιμον,
1547 5212 1692 5266 κατά

105 5312 316 5363 τοῦτον
368 5309 526 5378 δῆθεν
556 5307 646 5358 τὸν
700 5303 901 5357 κανόνα
954 5305 1163 5357 τούτων
1220 5305 1317 5372 μὲν
1373 5301 1687 5372 ἀπέχονται,

106 5400 368 5456 ἐσθίουσι
391 5402 448 5455 δὲ
478 5401 547 5454 τά
567 5397 969 5468 ἀποδράσματα
1017 5396 1200 5449 αὐτῶν
1226 5393 1319 5446 καὶ
1351 5393 1418 5444 τὰ
1447 5393 1548 5443 σὺν
1593 5393 1693 5445 αὐ-

106 5494 234 5554 τοῖς
297 5489 534 5557 ἑψόμενα
564 5491 790 5561 λάχανα.
838 5486 946 5538 Καὶ
979 5485 1039 5538 τὸ
1086 5486 1198 5554 μὲν,
1230 5483 1370 5536 οὓτω
1409 5482 1694 5549 γινόμενον

106 5588 197 5647 εἰς
232 5582 366 5640 τοὺς
391 5582 901 5652 κατηγορουμένους
939 5578 1028 5630 διὰ
1055 5573 1436 5643 Βωγομιλικὴν
1480 5573 1692 5640 αἵρεσιν

110 5670 311 5732 καλῶς
339 5671 598 5731 εῐποιλτις
630 5672 880 5736 γίνεσῦαι
912 5687 925 5700 ·
983 5671 1175 5736 ὥσπερ
1205 5665 1298 5716 καὶ
1338 5667 1400 5714 τὸ
1456 5662 1695 5728 ἀπογεύ-

114 5764 328 5823 σασθαι
384 5780 500 5815 τινα
536 5764 762 5829 κρέατος
825 5763 856 5832 ἢ
901 5765 1065 5832 τυροῦ
1128 5762 1205 5822 είς
1240 5761 1334 5820 τὰς
1398 5756 1697 5823 ἑϐδομαδας

117 5857 253 5917 καθ’
285 5855 349 5918 ἃς·
388 5853 715 5923 Ἀρμένιοιῆ
748 5853 901 5905 ἄλλοι
932 5852 1200 5924 αἰρετικοὶ
1226 5848 1564 5917 νηστεύουσι·
1601 5844 1693 5896 ml.

458 5952 728 6013 Parem.
766 5950 885 6009 Gn.
929 5950 1292 6013 CXXXVII.

1793 4657 2016 4713 haeresis
2059 4655 2426 4721 accusantur,
2469 4657 2725 4723 praesenti
2763 4655 2958 4716 canoni
2996 4666 3367 4711 concentanee

1793 4757 2071 4819 coguntur
2116 4747 2374 4801 carnibm
2409 4747 2492 4798 vel
2521 4759 2680 4797 caseo
2729 4746 2899 4809 vesci,
2951 4757 3002 4798 et
3053 4745 3364 4814 Bogomilici

1789 4841 1978 4910 jejunii
2010 4839 2382 4906 suspicionem
2420 4836 2608 4890 tollere
2645 4854 2656 4886 :
2691 4837 2823 4905 quin
2869 4845 2919 4891 et
2950 4838 3109 4908 paulo
3152 4836 3366 4904 religio-

1793 4932 1967 4983 siores
2001 4930 2312 4998 complures
2353 4930 2632 4993 monachi,
2669 4930 2913 4982 nolentes
2942 4925 3185 4994 piscibus
3209 4925 3363 4993 jeju—

1795 5021 1944 5081 nium
1974 5018 2211 5082 solvere,
2244 5025 2468 5089 prOpter
2500 5026 2702 5076 sanctae
2730 5013 3169 5081 Quadragcsimm
3199 5012 3342 5065 bono

1796 5125 1924 5172 rem,
1955 5110 2079 5163 huic
2106 5110 2295 5179 utique
2322 5110 2518 5168 eauoni
2544 5107 2931 5158 convenienter
2957 5104 3022 5155 ab
3046 5104 3124 5156 eis
3149 5103 3363 5171 quidem

1800 5203 2117 5265 abstinent;
2151 5217 2340 5256 eorum
2387 5211 2568 5253 autem
2608 5197 2731 5265 jura
2776 5194 3091 5256 comedunt,
3126 5205 3178 5247 et
3219 5194 3364 5246 olera

1805 5311 1922 5367 qua:
1953 5308 2074 5347 cum
2108 5280 2187 5353 eis
2218 5297 2555 5357 coquuntur.
2589 5289 2652 5354 Et
2682 5285 2825 5357 quod
2860 5285 2940 5342 sic
2975 5285 3197 5354 quidem
3228 5286 3280 5340 tit
3313 5283 3364 5341 in

1802 5403 1916 5450 eos,
1967 5384 2059 5454 Qui
2114 5381 2463 5452 Bogomilica:
2509 5381 2778 5435 haereseos
2826 5385 3175 5446 accuSantur,
3224 5380 3368 5425 recte

1805 5481 1918 5535 tieri
1966 5478 2167 5533 dixerit
2217 5477 2490 5546 quispiam
2536 5491 2550 5526 :
2585 5472 3042 5540 quemadmodum
3073 5477 3122 5528 et
3164 5465 3209 5517 si
3245 5465 3370 5531 quis

1804 5589 2021 5626 carnem
2080 5579 2259 5640 gustet
2305 5569 2385 5621 vel
2441 5578 2658 5620 caseum
2711 5563 2762 5615 in
2814 5559 3264 5617 hebdomadibus.
3303 5556 3369 5621 in

1804 5662 2005 5728 quibus
2073 5656 2311 5711 Armenii
2376 5653 2457 5708 vel
2522 5654 2611 5706 alii
2672 5653 2914 5707 haeretici
2979 5651 3263 5715 jejunant;
3318 5663 3370 5705 ct

1811 5753 2044 5806 maxime
2071 5749 2292 5817 quando
2325 5747 2379 5799 in
2413 5757 2662 5814 suspecta
2699 5745 2916 5811 regiOue
2954 5736 3224 5794 versatur.
3262 5741 3372 5796 Hoc

1819 5847 1959 5899 enim
1997 5842 2145 5908 facit,
2184 5858 2250 5896 ne
2285 5857 2389 5894 una
2423 5855 2542 5894 (uin
2582 5836 2850 5892 lzacrcticis
2881 5835 3129 5904 jejnnare
3162 5844 3367 5904 repnte.

2989 5932 3087 5991 37.
