3974 6346
1899 397 2176 460 THEOD.
2224 393 2623 456 BALSAMON
3735 381 3857 447 Ηθὲ

2381 521 2400 554 ι
2442 501 2613 555 ἐθνῶν
2643 497 3182 561 κατακολουθοῦντες,
3218 497 3249 568 ἦ
3279 493 3587 563 εἰσάγοντες
3611 510 3765 554 τινας
3793 498 3861 550 ες

2347 604 2356 611 ’
2381 613 2400 647 ι
2446 596 2572 656 τοὺς
2603 593 2812 645 ἑαυτῶν
2833 591 3014 652 οἴκους
3040 591 3136 644 ἐπὶ
3165 589 3450 659 ἀνευρέσει
3483 585 3855 658 φαρμακειῶν,

2379 703 2399 737 ε
2445 687 2476 753 ἢ
2513 685 2607 736 καὶ
2654 678 2942 753 καθάρσει,
2985 681 3088 734 ὑπὸ
3128 681 3223 733 τὸν
3274 680 3478 732 κανόνα
3521 677 3858 729 πιπτέτωσαν

2377 795 2398 828 ι
2441 776 2542 845 τῆς
2566 776 2887 836 πενταετίας
2916 774 3059 827 κατὰ
3079 773 3204 834 τοὺς
3244 771 3488 840 βαθμοὺς
3533 768 3857 840 ὡρισμένους

2380 888 2399 922 ε
2442 870 2569 938 τρία
2599 869 2692 938 ἔτη
2725 868 3113 928 ὑποπτὼσεως,
3135 863 3342 917 καὶδύο
3371 862 3465 932 ἔτη
3493 863 3685 930 εὐχῆς,
3707 857 3859 929 χωρὶς

2378 981 2396 1015 ι
2443 963 2777 1033 προσφορᾶς.
2820 979 2840 1012 ι

2373 1054 2452 1106 Ού
2489 1052 2685 1121 μόνους
2727 1051 2854 1114 τοὺς
2891 1053 3095 1120 γόητας
3140 1047 3382 1110 καὶτοὺς
3440 1047 3665 1114 μάντεις
3721 1042 3860 1099 κολὰ-

2305 1146 2490 1208 ζουσιν
2516 1145 2564 1198 ot
2595 1144 2841 1205 κανόνες,
2868 1143 3004 1194 ἀλλά
3035 1144 3125 1194 καὶ
3155 1141 3280 1202 τοὺς
3311 1137 3636 1203 γοωμένους
3667 1135 3858 1194 αὐτοῖς.

2318 1237 2472 1289 Ἐπεὶ
2497 1233 2588 1287 οῦν
2629 1251 2762 1297 τινες
2798 1232 3235 1302 νοσηλευόμενοι,
3275 1229 3370 1282 καὶ
3401 1225 3724 1296 νομίζοντες
3767 1222 3858 1276 ἀπὸ

2303 1329 2668 1400 φαρμακειῶν
2698 1329 2950 1396 πάσχειν,
2985 1325 3016 1395 ἢ
3052 1325 3148 1378 καὶ
3183 1320 3554 1380 ἀπολέσαντες
3595 1335 3723 1370 τινα
3765 1315 3858 1368 τῶν

2304 1423 2620 1492 προσόντων
2679 1421 2885 1486 αὐτοῖς,
2919 1418 3315 1490 μετεκαλοῦντο
3354 1416 3561 1485 γόητας
3621 1415 3704 1473 εἰς
3754 1413 3860 1475 τοὺς

2305 1515 2489 1577 οἴκους
2525 1511 2728 1578 αὐτῶν,
2762 1495 3018 1581 ὲφὲυρεῖν
3045 1507 3554 1578 ἐπαγγελλομένους
3605 1505 3662 1556 ἐν
3699 1503 3860 1566 aurai,-

2302 1605 2402 1669 τὰς
2444 1605 2702 1674 μαγείας,
2737 1603 2794 1670 ἐξ
2841 1598 2914 1656 ὧν
2960 1602 3119 1671 δῆθεν
3174 1599 3578 1666 κατεκλίθησαν
3632 1596 3684 1649 oi
3725 1611 3857 1661 νοτη·

2302 1699 2606 1768 λευόμενοι,
2640 1698 2734 1752 καὶ
2759 1698 2994 1767 καθᾶραι
3023 1696 3084 1748 τδ
3114 1695 3218 1748 ἀπὸ
3248 1691 3455 1746 τούτων
3481 1689 3680 1759 μῦσος,
3716 1689 3748 1758 ἢ
3781 1690 3858 1739 καὶ

2302 1790 2364 1844 τὸ
2404 1789 2711 1843 ἀπολεσθὲν
2765 1786 3187 1858 καταμηνύσαι·
3241 1783 3392 1839 ἄλλοι
3438 1783 3495 1835 δέ
3566 1779 3859 1849 συνηθείαις

2306 1882 2548 1944 ἐθνικαῖς
2606 1859 2965 1951 προσέχόντες
3016 1877 3146 1948 περὶ
3193 1876 3592 1946 εὐτυχημάτων
3633 1873 3727 1926 καὶ
3753 1871 3856 1924 Suo-

628 408 758 477 1191

702 537 723 571 ι
771 525 1036 586 qnuntur,
1060 516 1144 570 vel
1176 515 1228 570 in
1260 526 1391 568 suas
1418 509 1560 566 ardes
1586 509 1796 580 aliquos
1827 507 2198 567 introducunt,
2231 507 2273 564 Α

708 631 726 662 ε
769 611 836 665 ad
875 609 1268 664 medicamenta
1320 617 1436 659 arte
1475 601 1823 664 invenienda,
1873 600 1955 654 vel
1999 601 2201 653 lustra-

705 721 722 752 ε
766 703 986 766 tionem,
1053 700 1106 753 in
1159 695 1523 768 quinquennii
1589 708 1852 749 eanonem
1934 691 2198 752 incidant,

701 815 719 848 ι
767 796 1069 849 secundum
1108 791 1309 861 gradus
1358 790 1649 850 deﬁnitos;
1696 773 1811 842 tres
1859 800 2030 840 annos
2069 785 2202 840 sub-

701 906 721 936 ‹
769 884 1074 949 stratiouis,
1107 894 1161 938 et
1194 885 1326 938 duos
1359 896 1534 936 annos
1568 881 1830 937 oratiOuis
1878 880 1997 933 sine
2051 877 2204 932 obla-

702 999 720 1028 ι
767 977 935 1030 tione.
982 995 999 1028 ι

700 1067 895 1121 BALS.
934 1066 1220 1129 Nonfsnlos
1251 1066 1679 1136 prmstigiatores
1708 1074 1761 1118 et
1792 1073 1944 1120 vates
1970 1065 2202 1134 puniunt

627 1172 867 1211 canones
898 1197 913 1220 ,
939 1155 1040 1224 sed
1075 1164 1128 1209 ct
1167 1170 1261 1210 eos
1290 1157 1455 1211 etiam
1497 1156 1588 1225 qui
1639 1155 1745 1209 illis
1783 1162 2027 1207 utuntur.
2055 1152 2204 1218 Qun-

628 1250 771 1300 niaut
812 1261 940 1313 ergo
975 1247 1225 1300 nonnulli
1261 1254 1611 1315 :egrotantes,
1645 1254 1697 1300 et
1732 1245 1942 1300 artibus
1975 1244 2198 1313 magicis

629 1354 688 1390 se
732 1340 803 1392 ita
837 1338 976 1391 allici
1003 1338 1411 1402 existimantes,
1467 1337 1552 1392 vel
1586 1337 1746 1390 etiam
1778 1353 1900 1390 cum
1935 1336 2199 1406 quasdam

630 1442 716 1478 res
769 1428 835 1478 ad
866 1443 926 1481 se
971 1427 1312 1494 pertinentes
1371 1427 1778 1496 perdidissent,
1833 1427 2202 1484 incantatores

629 1515 684 1578 in
724 1517 867 1571 mdes
923 1531 1053 1571 snas
1121 1516 1498 1584 accersebant,
1555 1518 1648 1587 qui
1708 1517 2109 1593 pollicebantur
2143 1534 2203 1574 se

629 1617 774 1662 artes
811 1610 1052 1677 magicas
1076 1611 1414 1672 inventuros.
1446 1624 1512 1663 ex
1543 1609 1749 1678 quibus
1792 1610 2002 1664 scilicet
2028 1624 2205 1680 aegro-

630 1711 807 1754 tantes
844 1700 1267 1765 decumbebant,
1299 1709 1352 1755 et
1383 1713 1570 1755 eorum
1619 1699 2078 1755 abominationetu
2110 1715 2204 1755 ex-

626 1793 896 1862 piaturus;
938 1792 1020 1846 vel
1063 1792 1114 1845 id
1143 1793 1328 1858 etiam,
1364 1791 1512 1862 quod
1558 1793 1822 1846 amissum
1865 1800 2005 1857 erat,
2060 1791 2200 1845 indi-

625 1888 880 1946 caturos;
970 1881 1062 1934 alii
1131 1895 1262 1935 vero
1333 1881 1630 1951 gentilibus
1713 1882 2204 1964 consuetudinibus

626 1979 863 2023 mentem
913 1971 1257 2038 adhibentes,
1316 1971 1385 2026 de
1450 1971 1703 2030 felicibus
1768 1981 1822 2026 et
1888 1972 2199 2031 infelicibus

625 2062 833 2114 eventis
864 2060 1277 2131 interrogabant
1309 2063 1615 2131 astrologos
1642 2063 1806 2134 400
1829 2073 1881 2117 et
1912 2065 2071 2128 alios,
2107 2064 2199 2134 qui

627 2150 963 2210 (heluattiaea
1000 2165 1165 2220 Opera
1207 2160 1486 2207 tractant:
1517 2162 1830 2208 statuerunt
1878 2153 2092 2231 Patres,
2143 2163 2204 2208 ιιι

628 2241 664 2296 ii
700 2242 1076 2311 quinquennio
1117 2257 1311 2313 pmnas
1367 2243 1595 2312 darent;
1639 2255 1703 2298 ut
1755 2246 1931 2302 tribus
1996 2246 2206 2304 scilicet

625 2335 786 2389 anuis
812 2343 1000 2388 essent
1020 2335 1318 2402 substrati;
1347 2343 1403 2390 et
1427 2349 1616 2405 postea
1646 2337 1827 2392 divina
1861 2347 2201 2395 sacramenta

628 2427 911 2496 pen-ipere
940 2427 1088 2496 digni
1120 2418 1587 2483 existimarentur.
1618 2427 1758 2498 Lege
1799 2431 1962 2492 etiam
1997 2430 2056 2484 6i
2112 2445 2203 2486 ca-

626 2531 822 2572 uonem
863 2531 987 2586 syn.
1047 2517 1100 2570 in
1140 2517 1351 2583 Trullo,
1413 2529 1485 2592 et_
1522 2536 1646 2591 qua:
1707 2521 1760 2574 in
1821 2537 1956 2592 eum
2001 2524 2201 2593 scripta

625 2614 792 2673 sunt;
830 2617 884 2662 et
923 2608 995 2663 83
1025 2622 1293 2664 canouem
1339 2613 1514 2672 sancti
1545 2611 1755 2678 Basilii,
1801 2627 1894 2667 eos
1941 2614 2204 2677 sexennio

624 2700 961 2770 punientem.
1021 2702 1301 2756 Memento
1351 2708 1571 2768 autem,
1633 2719 1730 2758 eos
1797 2706 1960 2758 etiam
2011 2706 2202 2765 iisdem

626 2791 804 2857 pmnis
834 2791 1232 2859 subjiciendus,
1264 2794 1357 2865 qui
1389 2794 1849 2851 incantatricibus
1889 2805 1942 2850 et
1972 2797 2200 2864 critriis,

625 2889 680 2933 et
708 2879 797 2940 iis.
825 2895 947 2952 qua:
978 2895 1101 2934 cum
1146 2883 1352 2938 hordeo
1378 2883 1652 2952 divinant,
1710 2884 1868 2940 ﬁdetn
1916 2885 2196 2942 adhibent.

697 3059 952 3114 ZONAB.
991 3061 1285 3120 Vaticiniis
1336 3065 1414 3119 uti
1461 3044 1834 3122 Christianum
1897 3065 2198 3134 hominem,

2303 1975 2640 2046 τυχημάτων
2676 1976 2978 2044 ἐρωτήσεις
3037 1969 3328 2024 ἐποιοῦντο
3372 1968 3481 2022 ἁπδ
3517 1966 3853 2036 ἀστρολόγων

2304 2069 2400 2122 καὶ
2447 2067 2648 2134 ἑτέρων
2718 2062 3062 2135 δαιμωνιώδη
3113 2061 3651 2133 μεταχειριζομένων
3699 2057 3854 2126 ἔργα·

2303 2158 2516 2230 ὥρισαν
2555 2157 2605 2209 οἱ
2655 2155 2897 2224 Ιιατέρες
2940 2155 3032 2208 ἐπὶ
3068 2151 3393 2207 πενταετίαν
3426 2151 3659 2213 τούτους
3702 2149 3855 2202 tum:

2289 2249 2536 2320 μεῖσθαι,
2566 2249 2734 2320 ἤγουν
2759 2247 2853 2300 ἐπὶ
2883 2247 2985 2315 μὲν
3009 2244 3190 2314 τρισὶν
3215 2243 3393 2297 ἔτεσιν
3433 2242 3786 2302 ὑποπίπτειν,
3809 2242 3855 2291 ἐν

2303 2342 2359 2395 δὲ
2386 2341 2536 2399 δυσὶν
2562 2339 2814 2408 εῦχεσθαι
2851 2338 2988 2409 μετὰ
3019 2338 3128 2391 τῶν
3156 2337 3385 2399 πιστῶν,
3406 2335 3500 2388 καὶ
3535 2334 3677 2403 μετὰ
3702 2335 3854 2387 ταῦτα

2305 2430 2590 2498 ἀξιοῦσθαι
2629 2429 2739 2483 τῶν
2786 2429 2947 2493 θείων
2995 2428 3376 2497 ἁγιασμάτων.
3421 2426 3732 2495 ⁹Ανάγνωθι
3779 2422 3856 2483 καί

2305 2522 2396 2574 τὸν
2432 2520 2515 2594 ξα¹
2543 2520 2743 2574 κανόνα
2765 2519 2865 2590 τῆς
2894 2521 2952 2573 ἐν
2979 2519 3056 2589 τῷ
3085 2517 3344 2589 Τρούλλῳ
3391 2517 3648 2580 συνόδου,
3680 2517 3771 2570 καὶ
3801 2516 3855 2565 τὰ

2306 2616 2366 2668 ἐν
2400 2613 2549 2684 αύτῷ
2581 2613 2889 2684 γραφέντα,
2943 2613 3039 2665 καὶ
3067 2610 3161 2664 τδν
3190 2617 3281 2678 πγ
3325 2602 3672 2664 κανόνα’τοῦ
3721 2609 3858 2676 ἁγίου

2306 2704 2591 2757 Βασιλείου
2648 2703 2742 2756 ἐπὶ
2794 2703 3048 2769 ἑξαετίαν
3095 2702 3434 2770 ἐπιτιμῶντα
3468 2700 3719 2766 τούτους.
3751 2701 3858 2770 Ἔχε

2305 2795 2364 2849 δὲ
2396 2797 2488 2849 ἐπὶ
2538 2796 2761 2866 μνήμης
2808 2796 2892 2849 ὃτι
2926 2797 3038 2859 τοῖς
3068 2797 3254 2858 αὐτοῖς
3301 2795 3606 2863 ἐπιτιμίοις
3642 2794 3858 2848 ὑποϐαλ-

2302 2884 2492 2940 λονται
2522 2889 2615 2940 καὶ
2645 2887 2694 2940 oi
2719 2889 3152 2958 προσερχόμενοι
3179 2887 3583 2957 γοητευτρίαις,
3609 2888 3707 2940 καὶ
3754 2903 3856 2955 κριο

2305 2977 2486 3052 τρίαις
2508 2976 2603 3030 καὶ
2627 2979 2746 3038 ταῖς
2769 2978 2908 3046 μετὰ
2938 2976 3143 3045 κριθῶν
3175 2976 3631 3052 μαντευομέναις.

2382 3066 2630 3121 ΖΩΝΑΡ.
2695 3066 2769 3119 Τὸ
2832 3065 3138 3135 κεχρῆσθαι
3197 3065 3544 3138 μαντεύμασι
3607 3083 3704 3118 και
3757 3066 3858 3127 ταῖς

627 3152 970 3212 ethnicorum
1026 3162 1080 3207 ct
1127 3154 1446 3216 Graecorum
1505 3158 1928 3220 consuetudines
1977 3159 2196 3226 sectari,

2305 3157 2550 3222 ἐθνικαῖς
2596 3157 2629 3232 ἢ
2671 3158 2764 3209 καὶ
2806 3155 3146 3230 Ἑλληνικαῖς
3188 3157 3503 3219 ἀκολουθεῖν
3556 3157 3855 3229 συνηθείαις

630 3253 790 3313 atque
825 3244 890 3296 ad
921 3245 1049 3298 mali
1081 3247 1360 3315 phannaci
1410 3246 1738 3317 cujuspiam,
1783 3250 1886 3304 hoc
1921 3259 2006 3304 est
2041 3266 2204 3307 vene-

634 3335 738 3387 licii
793 3335 1163 3392 inventionem
1227 3339 1656 3409 praestigiatores
1713 3340 2000 3395 admittere
2053 3341 2199 3412 (qui-

633 3427 861 3481 busdam
898 3428 1036 3484 forte
1066 3431 1122 3483 in
1153 3446 1214 3484 ca
1249 3446 1306 3485 re
1354 3441 1483 3486 tunc
1527 3432 1754 3486 nimium
1801 3432 2078 3504 curiosis),
2116 3433 2200 3489 vel

634 3534 728 3572 eos
762 3518 826 3570 ad
863 3520 1101 3573 remedia
1132 3523 1413 3576 veneﬁciis
1459 3525 1748 3591 qumrenda
1794 3525 2052 3579 adhibere
2109 3526 2200 3580 hic

632 3625 804 3662 raaon
846 3619 991 3663 vetat
1025 3627 1038 3663 :
1077 3611 1281 3683 quique
1335 3611 1402 3665 iis
1433 3614 1519 3665 usi
1563 3612 1788 3678 fuerint,
1843 3614 2200 3683 quinquennii

633 3718 845 3770 ptpnatn
871 3702 1212 3770 'pcrsolvere,
1251 3719 1314 3768 ac
1356 3705 1532 3758 tribus
1573 3706 1790 3774 quidem
1848 3706 2010 3762 annis
2070 3709 2200 3762 sub-

631 3793 824 3857 Stcrni,
877 3794 1090 3855 duobus
1139 3793 1192 3857 in
1252 3803 1531 3860 conventu
1590 3795 1827 3855 ﬁdelium
1884 3797 2199 3863 consistere,

635 3885 1043 3953 precatiouique
1103 3885 1265 3940 simul
1324 3901 1557 3950 vacare,
1636 3888 2010 3957 quinquennio
2075 3903 2202 3943 vero

628 3977 842 4042 expleto
880 3975 944 4026 ad
1003 3975 1139 4028 Boni
1185 3974 1442 4041 praeterea
1495 3977 1930 4030 communionem
1991 3976 2201 4032 admitti

623 4066 798 4136 jubet.
863 4064 1086 4134 Magnus
1165 4079 1294 4118 vero
1353 4064 1583 4139 Basilius
1657 4059 1982 4136 octOgcsimo
2045 4069 2202 4123 tertio

628 4173 856 4221 canone,
883 4156 1152 4225 ejusmodi
1188 4155 1435 4212 homines
1473 4157 1720 4221 sexennii
1765 4174 1926 4229 poena
1967 4162 2201 4238 punien-

628 4246 728 4299 dos
764 4262 885 4300 esse
919 4249 1181 4302 decernit.

631 4333 858 4389 AlilST.
894 4355 912 4388 ι
955 4339 1058 4400 Qui
1090 4324 1366 4409 vaticiniis
1419 4340 1614 4397 utitur.
1666 4350 1718 4397 et
1757 4341 1848 4412 qui
1896 4344 2198 4414 quempiam

711 4447 729 4480 ι
771 4429 823 4480 in
854 4426 1074 4480 domum
1107 4427 1350 4482 veneﬁcii
1370 4431 1715 4498 exquirendi,
1745 4444 1834 4488 aut
1863 4436 2195 4495 lustrationis

710 4537 728 4569 ι
767 4533 929 4572 causa
965 4517 1286 4585 introducit,
1316 4520 1695 4590 quinquennio
1722 4525 2020 4592 subjaceat.
2066 4546 2083 4579 ι

702 4609 804 4673 Qui
836 4610 1049 4666 vatibus
1087 4619 1179 4664 aut
1209 4611 1662 4690 incantatoribus,
1712 4621 1806 4667 ant
1837 4617 2199 4671 amuletorum

628 4703 1036 4775 praebitoribus,
1078 4705 1163 4759 vel
1196 4706 1318 4761 aliis
1364 4705 1674 4762 istiusmodi
1727 4705 1966 4777 seipsum
2014 4708 2196 4770 tradit,

629 4805 689 4850 ut
722 4793 1030 4851 rcvelentur
1062 4807 1182 4864 qua:
1216 4796 1271 4850 in
1302 4798 1577 4853 desiderio
1605 4798 1790 4862 habet,
1829 4799 1913 4854 vel
1959 4815 2054 4871 per
2085 4815 2199 4853 me-

630 4889 932 4944 dicamenta
964 4886 1165 4944 malum
1212 4887 1355 4942 male
1401 4898 1582 4954 sanat,
1611 4891 1904 4946 triennium
1957 4893 2200 4948 subster-

545 4991 570 5019 ρ·
631 4986 810 5042 netur,
874 4987 927 5032 et
985 4978 1266 5034 biennium
1330 4992 1455 5032 cum
1513 4979 1761 5035 ﬁdelibus
1817 4985 2100 5049 consistet,
2146 4991 2200 5039 et

629 5079 854 5136 precum
890 5070 1132 5132 solarum
1167 5070 1444 5147 particeps
1473 5069 1598 5132 erit,
1648 5078 1702 5122 et
1752 5071 1832 5124 sic
1875 5084 1992 5140 post
2039 5074 2197 5144 quin-

616 5159 927 5225 quennium
978 5161 1044 5216 de
1091 5162 1364 5220 oblatione
1405 5159 1775 5234 participabit.
1816 5161 1883 5213 At
1925 5168 2200 5235 sexagesi-

636 5265 758 5304 mus
793 5252 1000 5321 primus
1028 5264 1198 5309 sexta:
1231 5255 1422 5324 synodi
1459 5256 1513 5307 ln
1550 5253 1736 5309 Trullo
1770 5268 1946 5307 canon
1979 5257 2136 5312 talem
2166 5273 2194 5311 a

637 5343 1014 5402 communione
1042 5362 1132 5399 se:
1161 5361 1336 5402 annos
1367 5347 1664 5402 arcendum
1702 5348 1910 5405 statuit.

1188 5521 1418 5578 CANON
1471 5522 1634 5579 XXV.

640 5637 660 5670 ε
705 5619 956 5685 Quidam,
993 5615 1078 5669 cui
1112 5625 1233 5667 erat
1263 5616 1534 5684 desponsa
1571 5617 1768 5689 puella,
1805 5631 2044 5672 sororem
2079 5618 2194 5688 ejus

708 5729 728 5762 ι
771 5711 1001 5775 vitiavit,
1037 5708 1107 5763 ita
1136 5715 1288 5761 utea
1331 5707 1497 5760 etiam
1546 5712 1877 5779 conciperet.
1930 5710 2192 5787 Sponsam

710 5819 729 5852 ι
773 5812 950 5857 autem
1004 5809 1189 5875 postea
1239 5814 1463 5856 uxorem
1511 5801 1665 5856 duxit
1710 5819 1724 5857 :
1774 5818 1834 5858 ea
1868 5811 2046 5857 autem
2101 5803 2192 5857 cui

2301 3250 2429 3314 τοὺς
2475 3249 2859 3315 Χριστιανοὺς,
2916 3250 3010 3303 καὶ
3068 3249 3272 3318 γόητας
3323 3248 3727 3318 προσδέχεσθαι
3781 3249 3858 3301 ἐπὶ

2303 3341 2588 3412 ἀνευρέσει
2620 3341 2973 3413 φαρκακειῶν
3003 3341 3122 3410 ἦτοι
3151 3338 3402 3408 μαγειῶν
3429 3339 3504 3401 ὡς
3535 3342 3682 3410 τάχα
3721 3339 3858 3410 παρά

2302 3450 2466 3487 τινων
2521 3430 3104 3502 περωργασθέντας,ἢ
3161 3430 3252 3483 ἐπὶ
3301 3430 3570 3501 καθάρσει
3614 3433 3725 3485 τῶν
3751 3449 3860 3499 γοη-

2301 3524 2462 3576 τειῶν
2491 3523 2921 3593 προσκαλεῖσθαι
2949 3523 3167 3587 αὐτοὺς,
3189 3524 3588 3594 ἀπηγόρευται,
3622 3527 3720 3580 καὶ
3749 3528 3856 3588 τοὺς

2302 3613 2512 3677 τούτοις
2535 3614 2852 3684 χρωμένους
2894 3617 2921 3668 ό
2955 3615 3134 3668 κανὼν
3165 3616 3271 3668 ὑπὸ
3296 3617 3582 3686 ἐπιτίμιον
3627 3619 3852 3669 ποιεῖται

2304 3709 2652 3774 πενταετίας,
2677 3709 2752 3771 ὡς
2798 3709 2924 3779 τρία
2969 3709 3063 3778 ἔτη
3115 3707 3468 3772 ὑποπίπτειν,
3504 3709 3599 3760 καὶ
3633 3708 3728 3761 δύο
3775 3710 3858 3780 ἐτη

2304 3798 2662 3868 συνεύχεσθαι
2707 3800 2820 3869 τοῖς
2854 3799 3066 3859 πιστοῖς
3088 3812 3102 3826 ο
3136 3796 3279 3865 μετὰ
3307 3794 3364 3846 δὲ
3409 3797 3510 3869 τὴν
3554 3799 3859 3852 πενταετίαν

2301 3888 2583 3951 ἀξιοῦνται
2619 3888 2714 3945 καὶ
2750 3887 2852 3963 τῆς
2897 3886 2989 3940 τοῦ
3034 3887 3260 3955 Ἀγαθοῦ
3307 3888 3687 3960 μεταλήψεως.
3733 3890 3787 3942 'U
3814 3887 3856 3942 δὲ

2306 3979 2476 4047 μέγας
2511 3977 2788 4042 Βασίλειος
2833 3979 2891 4032 ἐν
2926 3979 3266 4050 ὀγδοηκοστῷ
3294 3975 3467 4052 τρίτῳ
3497 3983 3690 4038 κανόνι
3723 3982 3857 4049 eius

2301 4071 2424 4135 τίας
2456 4071 2720 4144 ἐπιτιμίῳ
2750 4072 2875 4137 τοὺς
2906 4070 3183 4139 τοιούτους
3211 4072 3454 4140 κολᾴξει.

2301 4324 2522 4380 ΑΡΙΣΤ.
2591 4343 2612 4380 ε
2679 4328 2734 4379 '0
2776 4327 3348 4395 καταμαντευόμενος,
3401 4328 3498 4381 καὶ
3546 4328 3576 4379 ό
3637 4329 3853 4397 εἰσάγων

2381 4436 2400 4470 ι
2445 4421 2568 4471 τινὰ
2597 4419 2656 4473 ἐν
2687 4417 2762 4488 τῷ
2805 4420 2937 4488 οἴκῳ
2971 4418 3064 4472 ἐπὶ
3095 4420 3378 4491 ἁνευρέσει
3410 4423 3792 4490 φαρμακειῶν,
3825 4420 3850 4490 ἢ

2375 4531 2393 4566 ι
2441 4512 2727 4583 καθάρσει,
2763 4511 3085 4576 πενταετίαν
3112 4510 3490 4574 ὑποπιπτέτω.
3532 4530 3554 4562 ι

2393 4603 2453 4658 Ὀ
2500 4603 2841 4674 μάντεσιν,ἢ
2891 4605 3231 4673 γοητευταῑς,
3271 4603 3304 4671 ἢ
3351 4601 3768 4672 φυλακτηρίοις,
3822 4603 3848 4672 ἢ

2301 4697 2514 4764 ἑτέροις
2561 4697 2676 4746 τισὶ⁸
2723 4696 2983 4758 τοιούτοις
3031 4695 3224 4748 ἐαυτὸν
3278 4693 3619 4761 ἐκδεδωκὼς,
3649 4699 3740 4751 ἐπὶ
3785 4695 3852 4765 τῷ

2301 4785 2714 4858 ἐκκαλυφθῆναι
2763 4786 2798 4848 ἃ
2847 4787 2914 4839 δι’
2946 4781 3241 4856 ἐπιθυμίας
3274 4783 3410 4852 ἔχει,
3445 4786 3477 4858 ἢ
3509 4788 3602 4840 ἐπὶ
3649 4803 3848 4857 φαρμαο

2301 4881 2457 4944 κείας
2488 4880 2645 4950 κακῷ
2693 4880 2754 4931 τὸ
2799 4879 2966 4934 κακὸν
3016 4876 3243 4944 ίὼμενος
3266 4891 3280 4906 ·
3318 4878 3410 4930 ἐπὶ
3448 4883 3692 4950 τριετίαν
3731 4880 3848 4930 ὑπο·

2301 4952 2583 5034 πεσεῖται,⁵
2604 4972 2698 5024 καὶ
2729 4973 2820 5024 ἐπὶ
2849 4969 3054 5020 διετίαν
3105 4970 3438 5038 συστήσεται
3467 4974 3586 5034 τοῖς
3625 4969 3839 5029 πιστοῖς,

2301 5066 2394 5115 καὶ
2441 5061 2618 5132 μόνων
2655 5061 2764 5115 τῶν
2811 5060 2984 5128 εὐχῶν
3014 5062 3338 5132 κοινωνήσει
3363 5077 3379 5094 ο
3428 5065 3523 5115 καὶ
3552 5061 3694 5113 οὕτω
3722 5057 3842 5128 μετὰ

2298 5155 2400 5224 τὴν
2439 5153 2762 5206 πενταετίαν
2810 5150 3027 5221 μεθέξει
3070 5152 3167 5223 τῆς
3212 5154 3551 5222 προσφορᾶς.
3600 5152 3658 5202 Ὀ
3699 5149 3751 5215 δὲ
3778 5145 3843 5213 ξδ’

2300 5243 2478 5298 κανὼν
2545 5243 2645 5312 τῆς
2712 5245 2770 5295 ἐν
2826 5243 2904 5312 τῷ
2960 5245 3211 5315 Τρούλλῳ
3267 5247 3432 5314 ἕκτης
3492 5242 3709 5296 συνόδου
3762 5244 3841 5294 ἐπὶ

2299 5333 2548 5398 ἑξαετίαν
2593 5335 2759 5405 ὁρίζει
2790 5332 2880 5387 τὸν
2913 5337 3153 5390 τοιοῦτον
3181 5337 3280 5405 τῆς
3348 5333 3636 5396 κοινωνίας
3665 5333 3836 5403 imlp—

2298 5427 2510 5497 γεσθαι.

2868 5518 3106 5573 ΚΑΝΩΝ
3137 5512 3261 5569 κε’.

2305 5633 2323 5666 ι
2364 5614 2857 5684 Μνηστευσάμενός
2887 5629 2969 5673 τις
2999 5611 3187 5684 κόρην,
3221 5606 3578 5680 προσεφθάρη
3611 5611 3674 5680 τῇ
3703 5605 3831 5661 ἀδελ·

2376 5727 2396 5760 ε
2442 5711 2513 5777 φῇ
2550 5708 2739 5776 αὐτῆς,
2768 5706 2842 5767 ὡς
2898 5703 2994 5758 καὶ
3052 5699 3388 5770 ἐπιφορήσαι
3441 5702 3636 5769 αὐτὴν,
3679 5701 3826 5772 ἔγημα

2373 5818 2390 5854 ι
2433 5799 2487 5851 δὲ
2519 5799 2614 5866 τὴν
2659 5795 2900 5866 μνηστὴν
2945 5791 3083 5861 μετὰ
3131 5792 3342 5848 ταῦτα·
3385 5795 3419 5864 ἡ
3464 5794 3522 5848 δὲ
3574 5783 3818 5862 φθαρεῖπα
