3974 6346
41 407 132 470 197

1014 407 1095 465 ΙΝ
1141 406 1304 465 CAN.
1352 404 1409 464 Il
1436 406 1645 467 CONC.
1691 405 2123 466 NEOCESAR.

3083 400 3216 462 “98

63 521 256 576 ΒΑΛΣ.
296 522 357 576 '0
383 521 736 585 άποστολικδς
785 519 878 587 κς⁹
927 523 1105 577 κανὼν
1146 524 1268 586 τοὺς
1316 524 1409 576 τοῦ
1469 524 1561 594 βῘΓ

1738 524 1932 579 BALS.
1968 524 2312 594 Apostolicus
2341 485 2514 578 canon
2561 523 2628 577 26
2660 537 2774 588 eos,
2824 521 2914 590 qui
2963 532 3093 576 sunt
3129 536 3219 575 cc-

26 631 182 676 ιατος,
233 614 672 683 συναπτομένους
735 615 874 685 μετὰ
917 614 1016 684 τὴν
1068 615 1403 684 χετροτονίαν
1458 633 1556 682 γυ-

27 705 132 770 αιξὶ
165 705 304 757 κατᾶ
335 705 497 774 νόμον
539 705 738 774 γάμου,
771 704 1150 772 καθαιρεῖσθαι
1187 705 1553 760 διατάττεται.

26 797 99 846 ἰαὶ
152 797 177 846 ὸ
224 793 412 863 παρὼν
459 795 638 846 κανὼν
672 795 987 863 παρομοίως
1049 794 1194 863 αὐτῷ
1242 794 1553 864 διορίζεται.

27 886 228 950 Επεὶ-,ἐι
276 886 330 939 δὲ
374 888 481 951 ὅτι,
520 888 718 950 ὲάν“τις
756 888 814 952 ἐξ
858 887 1036 940 αὐτῶν
1064 887 1400 959 πορνεύσῃῆ
1437 904 1556 956 μοι-

33 979 177 1047 εύσῃ,
210 979 272 1029 ού
302 978 464 1046 μόνον
489 980 969 1049 καθαιρεθήσεται,
1005 979 1140 1033 ἀλλὰ
1173 979 1386 1047 καὶτῆς
1420 979 1558 1046 μετὰ

29 1069 96 1118 ὧν
121 1069 331 1119 πιστῶν
385 1070 673 1131 κοινωνίας
715 1069 1137 1139 ἐκϐληθήσεται,
1173 1072 1265 1123 καὶ
1314 1071 1559 1136 ἀναγκα-

32 1159 254 1225 θήσεται
282 1163 406 1222 τοὺς
434 1161 708 1230 τέσσαρας
737 1162 934 1224 τόπους
973 1162 1071 1230 τῆς
1107 1161 1391 1230 μετανοίας
1422 1160 1561 1213 διελ-

33 1254 124 1311 εῖν,
152 1252 245 1302 καὶ
280 1250 422 1303 οὕτω
462 1255 754 1320 μετασχεῖν
809 1252 918 1304 τῶν
967 1252 1127 1305 θείων
1177 1253 1560 1321 ἀγιασμάτων.

26 1342 68 1391 ’ὰ
100 1341 229 1410 περὶ
265 1341 469 1394 τούτων
517 1344 574 1394 δὲ
610 1343 957 1413 ἀνῄρέθησαν
987 1344 1093 1395 ἀπὸ
1115 1343 1206 1396 τοῦ
1235 1343 1316 1406 κζ’
1340 1346 1561 1406 κανόνος

29 1432 83 1500 ἧς
106 1434 160 1483 ὲν
199 1433 524 1503 Καρθαγένῃ
556 1436 796 1500 συνόδου,
825 1436 915 1486 καὶ
941 1436 1049 1487 ἀπὸ
1093 1437 1187 1488 τοῦ
1224 1436 1302 1504 λβ¹
1338 1437 1562 1499 κανόνος

27 1525 80 1575 οὗ
116 1525 354 1593 μεγάλου
401 1525 713 1590 Βασιλείου,
742 1525 1016 1593 λέγοντος·
1052 1527 1113 1578 Οἱ
1144 1527 1242 1594 τὴν
1294 1527 1434 1596 πρὸς
1465 1529 1562 1580 θά-

30 1632 144 1666 ατον
185 1615 462 1684 ἁμαρτίαν
492 1617 905 1686 ἁμαρτάνοντες
929 1616 1183 1686 κληρικοὶ
1215 1617 1309 1671 τοῦ
1348 1616 1560 1685 βαθμοῦ

26 1709 358 1775 ιατάγονται·
417 1709 512 1777 τῆς
582 1707 865 1782 κοινωνίας
922 1708 978 1759 δὲ
1039 1708 1149 1760 τῶν
1215 1707 1418 1761 λαῖκῶν
1465 1709 1563 1761 οὐκ

29 1799 347 1867 ξεέργονται.
385 1799 460 1851 Ού
487 1799 596 1867 γὰρ
628 1798 938 1866 ἑκδικήσεις
965 1798 1046 1860 δὶς
1071 1800 1164 1852 ἐπὶ
1192 1798 1252 1849 τὸ
1278 1799 1429 1852 αὑτό.

1610 645 1616 651 υ
1657 614 1949 670 clesiastici
1995 614 2226 677 ordinis,
2276 613 2322 667 si
2391 612 2631 682 legitimo
2703 611 3050 665 matrimonio
3101 621 3219 678 post

1658 706 2056 760 ordinationem
2081 706 2501 775 coniungantur,
2531 704 2724 773 deponi
2762 703 2931 772 jubet.
2973 695 3219 757 Praesens

1656 814 1873 869 quoque
1891 813 2064 852 canon
2079 799 2125 850 ei
2144 796 2392 852 similiter
2409 797 2670 850 decernit.
2695 794 2988 863 Sulijuugit
3008 807 3183 848 autem
3205 813 3218 846 ε

1660 889 1815 956 Quod
1848 891 1892 944 si
1926 891 2048 960 quis
2077 905 2140 942 ex
2177 888 2255 942 eis
2297 886 2603 942 fornicatus
2649 887 2828 951 fuerit,
2880 889 2962 940 vel
3013 887 3222 940 adulte-

1659 979 1800 1033 rium
1833 979 2186 1041 commiserit,
2223 992 2329 1030 non
2356 977 2530 1031 solum
2564 977 2887 1045 deponetur,
2934 976 3026 1031 sed
3062 978 3220 1029 etiam

1660 1089 1688 1126 a
1729 1073 1964 1127 ﬁdelium
2003 1073 2387 1127 communione
2413 1073 2683 1139 cjicietur,
2732 1081 2784 1125 et
2827 1080 3061 1140 quatuor
3105 1085 3224 1137 poe-

1659 1167 1899 1221 nitentia:
1930 1166 2044 1220 loca
2077 1165 2372 1234 pervadere
2415 1173 2656 1232 cogetur;
2706 1173 2758 1217 et
2806 1164 2885 1216 sic
2932 1178 3054 1216 esse
3085 1157 3240 1216 divi?

1662 1274 1854 1312 norum
1896 1265 2361 1312 sacramentorum
2405 1256 2698 1323 particeps.
2737 1254 2869 1317 Quae
2907 1263 3084 1306 autem
3123 1252 3226 1302 line

1660 1363 1870 1403 canone
1928 1348 2319 1408 continentur,
2372 1346 2584 1398 sublata
2611 1353 2738 1397 sunt
2799 1358 2827 1396 a
2892 1358 3102 1396 canone
3156 1343 3222 1394 97

1659 1437 2110 1507 Cartliagiuensis
2170 1436 2364 1506 synodi
2448 1446 2503 1490 et
2565 1451 2590 1486 a
2652 1450 2860 1490 canone
2919 1435 2988 1488 52
3045 1436 3222 1504 magni

1665 1529 1869 1591 Basilii,
1903 1527 2130 1581 dicentis
2165 1545 2177 1579 :
2211 1527 2428 1590 Clerici,
2472 1525 2563 1595 qui
2620 1535 2901 1594 peccatum
2955 1526 3097 1594 quod
3145 1536 3227 1578 cst

1661 1626 1728 1677 ad
1766 1632 1994 1675 mortem
2047 1629 2289 1692 peccant,
2342 1639 2370 1675 e
2426 1624 2595 1692 gradu
2651 1621 3017 1686 dejiciuntur:
3053 1620 3144 1675 sed
3197 1635 3225 1672 a

1664 1711 1924 1765 laicorum
1977 1711 2364 1766 communione
2414 1728 2518 1765 non
2575 1719 2850 1766 arcentur.
2906 1710 3023 1762 Non
3079 1711 3223 1763 enim

1663 1802 1966 1855 vindicabis
1995 1803 2076 1856 bis
2110 1803 2162 1855 in
2199 1802 2458 1871 idipsum.

66 1893 310 1944 ΖΩΝΑΡ.
359 1892 485 1945 Ἐὰν
533 1890 712 1958 γάμον
756 1891 986 1958 νομιμόν
1028 1889 1168 1959 τάχα
1196 1890 1374 1960 ἑαυτῷ
1422 1905 1554 1960 πρε-

1732 1891 1983 1947 ΖοΝΑιι.
2017 1894 2072 1947 Si
2111 1870 2389 1948 mulierem
2427 1895 2565 1949 forte
2605 1895 2857 1962 legitimis
2887 1895 3089 1962 nuptiis
3122 1894 3223 1948 sibi

26 1985 251 2054 τῦύτερος
281 1982 610 2055 συναλλάξῃ,
640 1982 991 2050 μετατίθεται
1016 1985 1111 2050 τῆς
1137 1981 1344 2046 τάξεως
1371 1981 1557 2046 αὐτοῦ,

26 2077 110 2125 uiti.
156 2073 278 2134 τοῦ,
321 2073 646 2125 ἐκϐάλλεται
681 2071 780 2139 τῆς
833 2072 1170 2142 ἱερωσύνης·
1215 2072 1560 2140 καθαιρεῖται

26 2166 119 2231 rip.
158 2165 288 2215 Ἐὰν
321 2163 378 2215 δὲ
412 2162 744 2231 πορνεύσῃῆ
776 2162 1061 2232 μοιχεύσῃ,
1093 2163 1312 2224 τελείως
1344 2164 1560 2228 ἐξωθεί-

26 2273 79 2305 ςαι
102 2256 195 2322 τῆς
230 2253 583 2322 Ἐκκλησίας,
633 2253 726 2305 καὶ
771 2254 852 2315 είς
910 2253 1317 2323 μετανοούντων
1364 2255 1558 2322 ἄγεται

26 2347 171 2407 τίπον,
221 2344 364 2395 ὥστε
411 2342 783 2411 προσκλαίειν,
832 2343 927 2395 καὶ
974 2343 1301 2412 ἀκροᾶσθαι,
1345 2344 1437 2396 καὶ
1494 2345 1564 2396 τὰ

26 2436 154 2487 ,οιπᾶ
188 2435 563 2503 ἀναπληροῦν.
585 2433 646 2488 '0
672 2434 729 2485 δὲ
771 2435 942 2504 μέγας
973 2433 1246 2496 Βασίλειος
1273 2435 1330 2487 ἐν
1354 2431 1432 2504 λβ⁹
1467 2452 1565 2486 κα-

26 2529 105 2580 ιόνι
158 2527 335 2580 ταῦτα
398 2525 545 2593 λέγει
607 2526 824 2596 ῥητῶς·
883 2526 945 2577 Οἱ
998 2527 1094 2596 τὴν
1149 2526 1285 2595 πρὸς
1333 2526 1562 2580 θάνατον

26 2621 271 2690 ιμαρτίαν
302 2619 709 2687 ἁμαρτάνοντες
741 2616 994 2686 κληρικοὶ
1019 2617 1113 2670 τοῦ
1154 2617 1362 2687 βαθμοῦ
1395 2618 1563 2671 κατά-

26 2688 222 2779 Γονται’·
255 2711 356 2780 τῆς
389 2710 673 2769 κοινωνίας
696 2709 752 2761 δὲ
783 2709 892 2760 τῶν
926 2709 1130 2761 λαῖκῶν
1157 2709 1258 2762 ούκ
1292 2710 1563 2778 ἐξείργον-

26 2820 104 2855 tat.
137 2805 210 2855 Οὐ
242 2803 354 2873 γὰρ
383 2803 688 2870 ὲκδικήσεις
712 2800 790 2862 δὶς
825 2800 919 2851 ἐπὶ
947 2800 1008 2851 τὸ
1038 2798 1187 2852 αὐτό.
1215 2799 1294 2852 Τά
1342 2799 1479 2851 αὐτὰ
1507 2799 1562 2850 δὲ

26 2895 76 2963 τῷ
108 2894 334 2964 μεγάλῳ
380 2893 646 2962 Βασιλεὶῳ
689 2892 780 2944 καὶ
821 2893 854 2960 ἡ
901 2893 958 2942 ἐν
990 2892 1318 2963 Καρθαγὲνῃ
1350 2890 1564 2956 σύνοδος

26 2986 339 3038 ῑιατάττεται
374 2989 430 3038 ὲν
480 2988 564 3049 κζ’
600 2987 788 3037 κανόνι
829 2985 1019 3052 αὐτῆς.
1057 2978 1327 3053 Ζητητέον
1361 2979 1452 3037 οὖν
1496 2987 1565 3035 τά

26 3081 115 3128 ἱκεῖ
135 3076 423 3146 εἰρημένα.
459 3075 629 3143 Οἶμαι
659 3075 715 3126 δὲ
746 3074 838 3126 τὸν
868 3073 964 3126 τοῦ
1000 3075 1241 3143 μεγάλου
1275 3075 1562 3129 Βασιλείου

26 3173 92 3218 ut
116 3168 208 3219 τὸν
234 3169 332 3236 τῆς
361 3169 417 3217 ὲν
442 3166 769 3237 Καρθαγένῃ
803 3165 1023 3217 συνόδου
1071 3167 1565 3237 ἐπικρατεστέρους
1594 3205 1636 3263 c

26 3254 162 3317 εἶναι,
190 3258 270 3320 ὡς
307 3258 822 3327 μεταγενεστέρους,
850 3256 942 3308 καὶ
993 3256 1067 3315 ὡς
1114 3257 1194 3326 τῷ
1222 3258 1565 3328 ἀποστολικῷ

26 3349 435 3418 τυμφωνοῦντας
467 3349 679 3412 κανόνι,
708 3347 768 3411 ὃς
794 3349 919 3410 τοὺς
951 3347 1043 3399 ἐπὶ
1077 3348 1304 3417 πορνείᾳ
1339 3348 1565 3410 ἁλόντας

26 3441 336 3511 ἱερωμένους
413 3437 819 3509 καθαιρεῖσθαι,
896 3437 1016 3492 καλδ
1069 3437 1144 3508 μὴ
1214 3439 1566 3507 ἀφορίζεσθαι

26 3531 171 3598 λέγει.

26 3811 226 3867 ΜῚΣΤ.
303 3829 322 3862 ι
375 3811 562 3882 Γήμας
614 3810 980 3882 πρεσϐύτερος
1055 3811 1425 3881 μετατιθέσθω
1471 3813 1570 3882 τῆς

88 3923 105 3957 ‹
143 3906 350 3970 τάξεως
373 3921 386 3934 ⁸
421 3905 726 3969 ἐξωθείσθω
756 3905 812 3958 δὲ
839 3904 1153 3975 μοιχεύσας,
1179 3903 1211 3973 ἢ
1245 3904 1568 3974 πορνεύσας,

84 4017 102 4050 ι
148 4002 242 4053 καὶ
273 3997 490 4066 ἀγέσθω
526 3998 605 4059 είς
641 3997 952 4066 μετάνοιαν.
995 4013 1014 4046 ι

97 4179 154 4230 ‘0
180 4179 419 4246 γυναῖκα
447 4176 625 4228 λαϐὼν
657 4175 1027 4244 πρεσϐύτερο;
1060 4175 1157 4242 τῆς
1190 4173 1288 4242 μὲν
1339 4175 1571 4244 ἱερωσύ-

26 4288 107 4341 νης
158 4272 560 4342 μετακινεῐται,
590 4270 688 4337 τῆς
738 4269 793 4321 δὲ
826 4269 990 4338 τιμῆς
1036 4271 1127 4320 καὶ
1176 4268 1272 4334 τῆς
1307 4267 1573 4334 καθέδρας

27 4366 251 4437 μετέχει.
317 4361 377 4414 Ὅ
430 4362 488 4414 δὲ
533 4361 860 4430 πορνεύσας,
914 4361 946 4428 ἢ
1005 4359 1319 4434 μοιχεύσας,
1361 4356 1575 4422 ,τέλειον

26 4441 316 4520 ὶξωθεῗται,
343 4456 437 4507 καὶ
463 4455 544 4514 είς
573 4452 860 4522 μετάνοιαν
891 4451 1100 4516 ἁγεται.
1282 4437 1284 4442 ’

611 4542 854 4595 ΚΑΝΩΝ
903 4541 976 4594 B'.

35 4654 52 4687 I
90 4636 248 4707 Γυνὴ,
306 4637 402 4690 ἐὰν
453 4636 699 4705 γήμηται
745 4633 838 4685 δύο
912 4631 1180 4700 ἀδελφοῖς,
1268 4629 1573 4694 ἐξωθείσθω

87 4745 104 4775 ι
147 4728 314 4796 μέχρι
341 4726 574 4780 θανάτου
613 4724 686 4794 μὴ
722 4722 1017 4789 πειθομένη
1049 4721 1206 4772 λῦσαι
1237 4719 1326 4770 τὸν
1356 4722 1532 4786 γάμον
1559 4733 1573 4747 ·
1607 4772 1610 4776 ί

94 4841 110 4871 ι
151 4822 297 4890 πλὴν
345 4821 405 4872 ἐν
456 4820 531 4887 τῷ
584 4820 796 4886 θανάτῳ
845 4816 931 4868 διὰ
985 4817 1085 4884 τὴν
1145 4814 1572 4880 φιλανθρωπίαν,

95 4929 112 4961 ι
157 4907 486 4969 είποῦσαυὼς
521 4909 787 4976 ὑγιάνασα
813 4906 965 4957 λύσει
995 4904 1084 4955 τὸν
1114 4904 1307 4971 γάμον,
1343 4902 1451 4963 ἕξει
1477 4902 1574 4971 τὴν

96 5022 114 5053 ι
156 4983 475 5072 μετάνοιαν.
496 4998 620 5050 Ἐὰν
644 5000 698 5051 δὲ
723 4997 1026 5065 τελευτήσῃ
1052 4997 1084 5062 ἡ
1108 4995 1242 5062 γυνὴ
1270 4994 1324 5043 ἐν
1353 4994 1575 5062 τοιούτῳ

98 5115 112 5144 ι
155 5095 320 5161 γάμῳ
349 5091 504 5152 οὖσα,
534 5091 651 5158 ἢτοι
684 5090 710 5141 ὁ
740 5090 901 5158 ἀνὴρ,
931 5085 1193 5154 δυσχερὴς
1225 5078 1300 5151 τῷ
1329 5083 1573 5151 μείναντι

93 5202 107 5232 ι
151 5185 183 5250 ὴ
223 5180 508 5252 μετάνοια.
556 5195 575 5229 ι

95 5359 289 5412 ΠΑΛΣ.
324 5360 388 5410 υἱ
422 5356 523 5425 τῆς
569 5354 850 5424 παρούσης
901 5354 1114 5406 συνόδου
1160 5351 1301 5416 ἅγιοι
1334 5349 1574 5417 Πατέρες

33 5446 308 5498 διώκουσιν
334 5448 440 5499 ἀπὸ
463 5448 560 5514 τῆς
585 5443 909 5512 Ἐκκλησίας
947 5443 1107 5510 μέχρι
1138 5439 1385 5498 θανάτου,
1409 5436 1574 5504 ἤγουν

38 5537 212 5606 μέχρις
243 5538 309 5590 ἂν
336 5538 410 5604 τῷ
437 5537 535 5605 βίῳ
566 5534 831 5603 περίεστι,
862 5531 955 5600 τὴν
987 5531 1258 5583 λαϐοῦσαν
1308 5527 1447 5580 κατὰ
1489 5528 1575 5577 νό-

40 5645 124 5695 μον
167 5629 349 5698 γάμου
396 5627 487 5678 δύο
534 5625 816 5693 ἀδελφοὺς,
848 5625 941 5675 καὶ
997 5623 1070 5690 μὴ
1114 5623 1428 5673 ἀποστᾶσαν
1479 5619 1576 5686 τῆς

36 5717 479 5784 ἀθεμιτογαμίας.
522 5709 608 5776 Ὠς
637 5716 693 5766 δέ
725 5733 869 5777 τινος
916 5713 1185 5772 εἰπόντος,
1213 5710 1272 5760 El
1298 5710 1354 5760 δὲ
1379 5725 1576 5760 καταν-

37 5810 172 5875 rigat
198 5809 276 5871 είς
303 5807 549 5871 θάνατον,
584 5807 701 5860 οὐδὲ
731 5805 851 5857 τότε
884 5805 989 5858 τῶν
1023 5803 1182 5856 θείων
1215 5798 1576 5868 ἁγιασμάτων

1597 4542 1652 4602 D

1663 1984 1948 2054 presbyter
1974 1985 2264 2053 copularit,
2296 1986 2501 2038 moveri
2532 1986 2743 2048 ordine,
2776 1985 2876 2038 hoc
2911 1994 3014 2049 est,
3047 2000 3226 2037 sacrr-

1662 2076 1796 2130 dotii
1858 2077 2120 2144 dignitate
2177 2077 2375 2146 privari
2449 2076 2794 2146 (depositioni
2883 2077 2928 2130 is
2995 2091 3226 2142 namque

1661 2165 1926 2218 obnoxius
1949 2165 2062 2232 est)
2097 2181 2113 2218 :
2142 2167 2224 2218 sin
2255 2175 2433 2219 autem
2469 2175 2659 2235 stupro
2715 2181 2770 2219 se
2821 2175 2915 2219 aut
2962 2166 3226 2220 adulti-rio

1665 2255 1935 2324 polluerit;
1971 2255 2038 2308 ab
2085 2255 2315 2309 ecclesia
2355 2270 2578 2324 prorsus
2608 2256 2821 2324 expelli,
2858 2270 2921 2308 ac
2948 2255 2999 2307 in
3048 2257 3226 2323 pumi-

1665 2346 1892 2400 tentiuin
1928 2347 2218 2418 stationem
2256 2346 2507 2418 relegari,
2542 2346 2721 2416 ibique
2755 2347 2961 2416 lugere,
3016 2348 3223 2409 audire,

1665 2437 1878 2505 aliaque
1924 2451 2206 2505 pmnaruin
2270 2436 2600 2505 persolvere,
2668 2436 2753 2490 hic
2809 2451 2986 2489 canon
3046 2437 3222 2505 jubet.

1666 2527 1885 2597 Magnus
1917 2536 2095 2581 autem
2124 2526 2352 2580 Basilius
2405 2527 2680 2581 tricesimo
2733 2529 2968 2582 secundo
3022 2543 3228 2581 canona

1666 2618 1886 2671 totidem
1919 2617 2100 2672 verbis
2135 2633 2197 2673 ea
2229 2633 2350 2687 quae
2375 2627 2680 2688 sequuntur
2708 2620 3024 2687 pronuntiat
3072 2639 3086 2674 :
3124 2618 3224 2683 Qui

1666 2719 1968 2778 peccatum,
2019 2710 2216 2779 inquit,
2267 2709 2332 2762 ad
2373 2721 2602 2765 mortem
2652 2710 2834 2764 clerici
2883 2720 3127 2779 peccaui,
3162 2712 3228 2762 de

1665 2799 1832 2868 gradu
1867 2813 1967 2852 suo
2000 2799 2372 2868 dejiciuntur;
2427 2815 2456 2851 a
2509 2799 2772 2854 laicorum
2816 2815 2941 2853 vero
2985 2815 3226 2853 contine.

1666 2888 1828 2942 nione
1857 2901 2198 2959 nequaquam
2227 2899 2507 2942 arcentur.
2561 2887 2678 2942 Non
2732 2890 2876 2943 enim
2929 2889 3228 2944 vindicaliis

1667 2980 1749 3035 bis
1785 2980 1838 3035 in
1864 2981 2116 3050 idipsum.
2148 2979 2346 3037 Eadem
2374 2996 2524 3048 vero,
2568 2996 2690 3051 qua:
2716 2996 2940 3050 magnus
2973 2982 3224 3044 Basilius,

1666 3072 2108 3142 Carthaginensis
2139 3087 2359 3142 quoque
2396 3073 2641 3142 synodus
2686 3074 2942 3127 vicesimo
2996 3075 3227 3141 septimo

1666 3180 1871 3221 canone
1904 3169 2116 3232 statuit;
2165 3182 2286 3235 qum
2336 3167 2404 3220 ibi
2431 3167 2666 3221 diximus
2702 3167 3011 3236 quaerenda.
3050 3165 3223 3235 Magni

1668 3273 1828 3327 porro
1849 3258 2102 3313 Basilil'ct
2123 3259 2571 3327 Cartliaginensis
2589 3259 2780 3328 synodi
2804 3273 3039 3311 canones
3059 3258 3227 3325 magis

1668 3355 1798 3415 puto
1851 3349 2162 3412 servandos,
2200 3349 2399 3415 quippe
2442 3347 2532 3414 qui
2585 3348 2920 3416 posteriores
2986 3348 3224 3410 fuerunt,

1671 3440 1952 3508 magisque
1974 3453 2096 3492 cum
2126 3438 2425 3507 apostolico
2457 3451 2666 3491 canone
2719 3437 3101 3501 consentiunt;
3135 3440 3224 3505 qui

1671 3538 1918 3586 sacratos
1969 3528 2214 3584 homines
2275 3528 2652 3583 fornicationis
2703 3543 2845 3590 reos,
2893 3528 3229 3597 depositione

1675 3626 1905 3684 tantum,
1966 3634 2073 3672 non
2099 3619 2262 3672 etiam
2320 3619 2698 3688 segregatione
2756 3618 3063 3672 multandos
3107 3633 3230 3672 esse

1670 3707 1934 3762 decernit.

1670 3799 1894 3854 ARIS'I‘.
1956 3817 1977 3850 ι
2027 3798 2310 3869 Presbyter
2356 3797 2449 3866 qui
2493 3813 2717 3850 uxorem
2764 3798 2997 3862 duxerit,
3043 3790 3230 3852 ordine

1751 3909 1769 3942 t
1807 3891 2143 3960 deponatur;
2195 3890 2240 3943 si
2279 3904 2407 3943 vero
2467 3889 2768 3944 mmehatus
2827 3898 2920 3943 aut
2957 3899 3227 3945 scortatus

1748 4000 1767 4032 t
1811 3983 1992 4046 fuerit,
2042 3983 2361 4052 expellatur,
2418 3991 2473 4036 et
2536 3981 2602 4034 ad
2652 3984 3027 4051 paenitentiam
3086 3984 3230 4036 redi-

1748 4088 1768 4122 ι
1811 4081 1984 4141 gatur.
2029 4089 2046 4121 ι

1744 4161 2031 4231 Presbyter
2072 4178 2294 4216 uxorem
2346 4162 2550 4218 ducens
2601 4163 2909 4217 sacerdotio
2964 4175 3227 4229 movetur,

1677 4255 1779 4308 sed
1808 4251 2072 4307 honorem
2104 4261 2156 4306 et
2188 4255 2496 4306 cathedram
2536 4255 2750 4307 retinet.
2787 4252 2888 4318 Qui
2935 4255 3233 4311 fornicatus

1675 4352 1852 4396 autem
1891 4343 2008 4402 fuit,
2047 4349 2139 4394 aut
2171 4342 2500 4395 adulterium
2530 4343 2824 4408 commisit,
2855 4347 3094 4414 perfecte
3135 4364 3231 4401 ex-

1676 4433 1913 4503 pellitur,
1945 4445 1997 4488 et
2021 4435 2084 4488 ad
2119 4435 2496 4503 paenitentiam
2527 4438 2806 4505 redigitur.

2287 4526 2512 4581 CANON
2551 4526 2608 4580 ll.

1685 4633 1704 4667 ι
1750 4615 1990 4683 Femina,
2024 4618 2068 4673 si
2107 4618 2320 4673 duobus
2356 4619 2613 4670 fratribus
2660 4617 2927 4685 nupserit,
2978 4622 3232 4671 extruda-

1755 4725 1774 4756 ι
1820 4715 1909 4758 tur
1933 4721 2103 4774 usque
2135 4708 2199 4758 ad
2236 4717 2482 4771 mortem,
2516 4706 2560 4759 si
2587 4708 2988 4759 matrimonium
3023 4710 3234 4764 solvere

1757 4813 1776 4844 ι
1823 4810 1930 4848 non
1965 4796 2351 4864 persuadeatur
2393 4814 2406 4850 :
2442 4805 2494 4849 at
2528 4797 2576 4850 in
2611 4806 2800 4859 morte,
2858 4807 3077 4865 propter
3136 4801 3234 4852 liu-

1756 4904 1774 4936 ι
1825 4888 2158 4951 nianilatem,
2226 4889 2272 4942 si
2327 4889 2542 4954 dixerit,
2597 4888 2737 4956 quod
2795 4888 3230 4957 si'convaluerii,

1754 4995 1772 5026 ι
1816 4978 1986 5031 solvet
2039 4980 2483 5041 matrimonium,
2562 4977 2781 5031 habebit
2836 4980 3245 5046 paenitentiam.-

1757 5086 1775 5116 t
1823 5069 1923 5121 Sed
1959 5069 2000 5122 si
2040 5080 2249 5124 mortua
2300 5071 2459 5124 fuerit
2495 5070 2690 5122 mulier
2753 5071 2804 5122 in
2840 5070 2928 5123 tali
2983 5075 3234 5142 conj‘ugio

1756 5177 1772 5208 ι
1815 5161 2100 5218 εκεὶειεηε.
2141 5162 2222 5213 vel
2253 5161 2369 5228 ejus
2397 5161 2640 5224 maritus,
2668 5159 2900 5215 difﬁcilis
2925 5172 3015 5216 est
3042 5179 3234 5231 super-

1755 5268 1772 5298 ‹
1819 5251 1928 5303 stiti
1964 5252 2295 5319 ptenitcntia.
2340 5268 2357 5300 ι

1753 5339 1944 5394 BALS.
1983 5341 2269 5394 Praesentis
2333 5341 2520 5411 synodi
2568 5341 2739 5395 sancti
2793 5325 2981 5397 Patres
3027 5343 3092 5395 ab
3144 5356 3234 5397 ec-

1681 5432 1840 5486 clesia
1873 5431 1937 5483 ad
1987 5438 2210 5483 mortem
2262 5445 2432 5499 usque
2471 5433 2769 5500 expellunt,
2805 5434 3014 5486 scilicet
3063 5433 3234 5484 donec

1681 5524 1730 5578 ei
1784 5525 1888 5577 vita
1944 5533 2206 5590 superest,
2243 5537 2361 5575 eam
2413 5536 2532 5590 qum
2592 5524 2835 5591 legitimo
2888 5522 3235 5576 matrimonio

1682 5615 1818 5668 duos
1849 5615 2038 5665 fratres
2069 5614 2356 5681 acceperit,
2414 5621 2471 5667 et
2520 5628 2548 5666 a
2616 5614 2824 5668 nefario
2885 5612 3235 5666 matrimonio

1685 5720 1791 5757 non
1824 5704 2116 5758 destiterit.
2147 5703 2429 5772 Tanquam
2462 5716 2640 5760 autem
2667 5703 2897 5757 dixisset
2925 5702 3232 5771 quispiam;

1685 5793 1781 5849 Siti
1819 5805 1997 5849 autem
2030 5793 2094 5847 ad
2136 5805 2359 5850 mortem
2395 5794 2720 5865 pervenerit,
2750 5806 2817 5846 ne
2854 5799 2984 5846 tunc
3019 5793 3235 5861 quidem
