3974 6346
183 454 328 522 19.33

1145 478 1154 489 '
1219 467 1300 526 IN
1326 467 1490 528 CAN.
1533 468 1644 527 VII
1687 467 1892 531 CONC.
1926 469 2363 538 NEOCAESAR.

3289 486 3420 583 nit

180 577 281 624 καὶ
313 573 375 624 οὐ
403 572 690 642 δυνήσεται
711 575 1038 646 ἐπιτιμῆσαι
1069 576 1160 632 τὸν
1189 581 1617 650 διγαμὴσαντα.
1647 584 1751 637 Ka-

1860 602 1959 640 nec
2009 592 2207 658 poterit
2251 611 2405 660 cum,
2447 596 2538 665 qui
2570 597 2707 654 duas
2747 614 2942 656 uxores
2983 600 3157 667 duxit,
3203 574 3418 673 punire.

175 664 295 727 λῶς
324 665 380 716 δὲ
400 665 720 736 διωρίσαντο
786 672 1168 725 συνεστιᾶσθαι
1229 673 1406 742 τούτῳ
1461 675 1554 727 τον
1604 674 1752 745 ἱερέα

181 756 329 824 μετὰ
355 756 448 808 τὸν
487 758 677 826 καιρὸν
707 757 801 811 τοῦ
825 762 1027 828 γάμου.
1058 763 1209 815 Μετὰ
1237 765 1347 833 γὰρ
1365 764 1456 817 τὸν
1488 765 1664 834 γάμον
1691 768 1751 820 ού

181 846 568 917 κωλυθήσεται
601 853 1222 921 συνανακεῖσθαιαὺτῷ,
1277 856 1354 917 ὡς
1407 857 1542 924 μηδὲ
1603 858 1754 909 ἀκοι-

187 937 416 1004 νωνήτῳ
445 935 584 990 δντι.
620 930 807 990 Εἰπὼν
830 940 886 992 δέ
922 943 1004 1000 τίς
1037 959 1167 994 ποτε
1211 942 1448 1008 ὀφείλειν
1476 945 1567 997 τὸν
1606 946 1751 1011 διγα-

186 1026 447 1092 μήσαντα
483 1028 624 1094 μετά
642 1031 743 1098 τὴν
772 1031 1072 1084 ἀπόστασιν
1093 1033 1190 1101 τῆς
1222 1035 1480 1103 διγαμίας
1495 1023 1752 1102 δέχεσθαι

178 1113 266 1175 εἰς
303 1116 617 1191 μετάνοιαν,
655 1120 749 1172 καὶ
784 1122 1145 1190 ιπιτιμᾶσθαι
1209 1124 1316 1193 (ἔτι
1373 1126 1480 1192 γὰρ
1536 1125 1628 1178 τοῦ
1658 1127 1756 1193 γά-

181 1220 295 1272 μου
326 1209 742 1278 συνισταμένου,
769 1211 941 1264 ταῦτα
980 1211 1164 1282 χώραν
1197 1215 1298 1267 οὐκ
1358 1215 1564 1284 ἔχουσι,
1606 1216 1749 1269 κατὰ

175 1297 278 1349 τὸν
301 1297 534 1353 καθόλου
565 1303 810 1367 κανόνα),
840 1305 1040 1374 ἡκουσε
1078 1306 1152 1375 μὴ
1193 1303 1333 1360 εἶναι
1404 1307 1583 1374 γάμον
1630 1307 1757 1360 ἀθέ-

182 1404 370 1456 μιτον,
403 1389 544 1443 ὥστε
581 1390 937 1450 διασπᾶσθαι.
1001 1399 1112 1451 Καὶ
1164 1399 1251 1450 διὰ
1289 1399 1448 1451 τοῦτο
1517 1399 1754 1470 ἔρρωται

183 1476 313 1547 μιν,
342 1480 665 1552 ιπιτιμᾶται
694 1483 753 1535 δὲ
782 1487 1051 1555 μετρίας,
1087 1487 1163 1552 ὡς
1194 1491 1436 1559 εἴρηται.

648 1743 854 1814 Ἑτέρα
881 1745 1160 1813 ἑρμηνεία
1197 1745 1332 1817 (99).

254 1832 317 1887 Ὀ
370 1833 563 1906 παρὼν
634 1835 817 1890 κανὼν
882 1837 1079 1891 κωλύει
1148 1840 1276 1902 τοὺς
1350 1842 1753 1910 πρεσϐυτέρους

183 1925 473 1979 ἑστιᾶσθαι
529 1929 664 1995 μετὰ
717 1929 988 1997 διγάμων,
1034 1930 1128 1981 καὶ
1175 1933 1412 2001 παριστᾷ
1445 1932 1531 1986 διὰ
1556 1934 1747 1986 τούτου
1782 1930 1826 1986 Β

176 2017 645 2087 ἔπιτετιμημένον
675 2014 816 2071 εἶναι
840 2020 928 2072 τὸν
964 2021 1218 2089 δεύτερον
1279 2025 1479 2090 γάμον.
1506 2025 1578 2078 Τὸ
1619 2027 1750 2078 αύτδ

173 2104 236 2157 δὲ
257 2107 504 2173 φαίνεται
533 2111 628 2162 καὶ
662 2110 768 2162 ἀπὸ
789 2110 880 2163 τοῦ
905 2109 950 2177 γ’
982 2129 1107 2164 καν.
1135 2112 1313 2181 τῆςέν
1340 2115 1748 2186 Νεοκαισαρείᾳ

181 2196 409 2250 συνόδου
445 2199 676 2266 atat-dno
704 2199 746 2253 δ’
773 2217 893 2254 xcv.
924 2201 1017 2254 τοῦ
1055 2203 1212 2268 ἁγίου
1245 2204 1553 2261 Βασιλεὶου.
1597 2208 1749 2259 Ἐπεὶ

173 2287 239 2341 δὲ
273 2288 548 2359 βλέπομεν
580 2310 733 2355 τινας
755 2292 1272 2362 σκανδαὶιζομένους
1328 2299 1394 2348 ἐκ
1458 2300 1552 2351 τοῦ
1617 2300 1749 2370 μηδὲ

171 2398 301 2433 τινα
326 2381 881 2453 δευτερογαμήσαντα
918 2386 1325 2455 ἐπιτιμηθῆναί
1402 2407 1556 2452 ποτε,
1611 2393 1746 2461 μήτε

173 2471 282 2542 τὴν
307 2473 564 2543 τοιαύτην
593 2476 902 2545 ἱερολογίαν
945 2477 1358 2547 ἐμποδίζεσθαι,
1403 2481 1606 2550 μᾶλλον
1650 2482 1748 2550 μὲν

168 2559 270 2616 οὖν
297 2564 442 2618 ἐστιν
475 2566 562 2619 ὅτε
593 2567 948 2639 ἐπιτρέπεται
978 2570 1067 2623 διὰ
1120 2572 1407 2624 πιττακίου
1474 2573 1744 2642 χαρτοφύ-

169 2656 344 2719 laxo;
385 2673 401 2686 '
436 2658 651 2729 εἴδομεν
685 2661 743 2715 δὲ
791 2664 1142 2733 πατριάρχας
1172 2665 1267 2716 καὶ
1299 2666 1584 2735 ἀρχιερεῖς
1614 2666 1745 2719 πολι

170 2746 305 2808 ἰοὺς
330 2749 712 2815 συνεσθίοντας
745 2753 884 2820 μετὰ
922 2754 1190 2823 βασιλέων
1221 2756 1624 2825 διγαμούντων,
1652 2757 1750 2810 καὶ

189 2838 365 2892 ᾶῖλων
386 2843 750 2908 μεγιστάνων,
779 2847 961 2916 φαμὲν
984 2848 1066 2901 ὃτι
1093 2848 1194 2900 κᾶν
1212 2849 1472 2916 ἐπιτιμίῳ
1488 2847 1747 2918 καιρικῆς

170 2930 580 3001 ἁκοινωνησίας
619 2935 682 2988 ἐκ
714 2937 808 2989 τοῦ
844 2938 1104 3006 ῥηθέντος
1140 2939 1365 2999 κανόνος
1410 2941 1458 2991 οἱ
1489 2939 1744 3006 δευτεροο

169 3021 495 3091 γαμοῦντες
527 3024 837 3092 ὑπέκειντο,
862 3027 978 3081 ἀλλ’
1003 3028 1030 3080 ὁ
1093 3029 1188 3098 τῆς
1239 3029 1487 3092 δνώσεως
1555 3031 1740 3100 τόμος,

168 3117 589 3185 καταστρωθεὶς
617 3122 750 3190 παρ’
812 3120 970 3190 ἡμῶν
1009 3123 1089 3184 είς
1159 3121 1252 3174 τὸν
1307 3120 1350 3176 δ’
1412 3123 1612 3176 κανόνα
1649 3122 1742 3174 τοῦ

168 3209 334 3280 ἁγίου
365 3208 672 3275 Βασιλείου,
703 3211 951 3276 ἐξισώσει
979 3212 1057 3280 τῷ
1114 3213 1316 3284 πρώτῳ
1353 3213 1515 3284 γάμῳ
1564 3214 1740 3267 διόλου

165 3304 265 3354 τὸν
291 3297 544 3367 δεύτερον
572 3313 587 3328 °
615 3297 710 3350 καὶ
750 3298 925 3354 είπὼν
954 3301 1086 3352 πότε
1121 3302 1217 3355 καὶ
1282 3295 1431 3353 οὗτοι
1482 3303 1743 3372 ἐπιτιμᾶ-

167 3389 303 3443 σθαι
335 3387 674 3457 ὀφείλουσιν,
704 3388 862 3443 ἔλυσε
889 3389 950 3441 τὸ
992 3391 1290 3460 ἐπιτίμιον.
1347 3393 1485 3460 Φησὶ
1519 3393 1628 3462 γὰρ
1685 3398 1744 3447 ὲν

168 3480 336 3549 μέρει
367 3478 542 3533 ταῦτα
579 3479 679 3552 μὲν
712 3480 960 3552 περὶτοῦ
987 3482 1172 3551 τρίτου
1232 3483 1413 3552 γάμου
1453 3499 1467 3512 ο
1516 3485 1577 3536 οὐ
1640 3485 1746 3554 μὴν

167 3571 301 3626 οὐδὲ
327 3572 418 3625 τὸν
460 3572 713 3643 δεύτερον
746 3573 869 3626 οὐδὲ
900 3573 990 3625 τὸν
1023 3573 1072 3626 α’
1102 3575 1273 3637 ἐκτὸς.
1308 3575 1608 3643 ἀσφαλείας
1641 3577 1746 3629 ἑῶ-

170 3680 278 3732 μεν
305 3679 320 3695 ο
355 3663 492 3718 ἀλλὰ
532 3663 825 3721 κάκείνους
848 3662 1104 3734 ὁρίζομεν
1167 3664 1310 3719 οὕτω
1369 3667 1744 3735 συνίστασθαι,

169 3754 322 3809 ὥστε
388 3755 662 3825 μηδεμίαν
720 3755 868 3823 ἔχειν
908 3757 1152 3824 πονηρὰν
1184 3757 1430 3826 αίτίανῆ
1471 3760 1529 3820 ἐξ
1571 3760 1748 3829 ἁρπα-

171 3848 282 3915 γῆς
307 3847 339 3914 ἢ
363 3844 834 3915 προηγησαμένης
873 3844 1142 3914 λαθραίας
1199 3847 1430 3915 φθορᾶς,
1463 3849 1601 3903 ἀλλὰ
1659 3868 1746 3903 νο-

169 3939 380 4007 μίμους
461 3936 559 3990 καὶ
634 3934 1043 4008 καθαρεύοντας
1099 3937 1207 3987 τῶν
1274 3936 1537 3990 τοιούτων
1583 3940 1750 4009 μολυ-

173 4027 402 4096 σμάτων
457 4028 554 4080 καὶ
623 4028 870 4098 πονηρᾶς
930 4026 1323 4096 ἀκαθαρσίαςο
1398 4029 1494 4081 καὶ
1553 4031 1752 4100 ἑφεξῆς

171 4116 521 4186 ἐπιτιμῶμεν
548 4116 771 4176 τούτους
809 4118 1000 4188 μόνους
1025 4134 1036 4145 ·
1096 4118 1225 4179 τοὺς
1267 4111 1324 4168 δὲ
1395 4117 1614 4182 λοιποὺς
1653 4122 1749 4175 άν-

170 4202 545 4279 επιτιμήτους
574 4211 848 4279 συντηρεῐ.

231 4302 474 4357 ΖΩΝΑΡ.
525 4302 588 4356 Ἦ
622 4304 857 4374 διγαμία
887 4303 992 4356 ὑπὸ
1022 4302 1297 4374 ἐπιτίμιόν
1324 4304 1497 4360 ἐστιν.
1542 4303 1756 4360 Ἐνιαυ-

169 4395 272 4446 τδν
305 4395 414 4464 γὰρ
444 4395 546 4462 τῆς
598 4394 758 4463 ἁγίας
824 4395 1179 4465 μεταλήψεως
1233 4396 1501 4469 εἴργεται.
1575 4399 1650 4450 Τὸ
1699 4400 1758 4453 δὲ

175 4487 458 4553 ἐπιτίμιον
485 4489 536 4540 oi
573 4489 735 4556 ἱερεῖς
769 4488 1094 4553 ἐπάγουσιν,
1132 4488 1212 4548 είς
1257 4489 1546 4555 μετάνοιαν
1600 4490 1758 4558 ὲρχο·

1861 678 2028 736 Recte
2058 691 2239 755 autem
2266 686 2624 753 deﬁnierunt,
2665 707 2733 745 ne
2767 694 3016 746 sacerdos
3049 709 3170 747 cum
3197 709 3262 748 eo
3284 710 3421 748 con-

1861 771 2071 824 vivetur
2099 781 2342 843 tempore
2367 778 2703 848 nuptiarum.
2733 779 2862 836 Post
2895 783 3108 852 nuptias
3133 784 3277 837 enim
3305 800 3416 839 non

1861 858 2238 925 prohibebitur
2285 879 2409 918 eum
2449 881 2516 921 eo
2561 869 2914 934 accumbere,
2960 881 3019 925 ut
3055 873 3145 940 qui
3195 888 3301 926 non
3346 873 3419 926 sit

1860 951 2084 1004 omnino
2117 955 2653 1012 excommunicatus.
2682 960 2816 1012 Cum
2851 969 3031 1016 autem
3061 963 3286 1017 dixisset
3315 963 3418 1016 alis

1861 1040 2079 1108 quando
2109 1044 2380 1113 quispiam
2406 1086 2422 1110 ,
2453 1047 2654 1103 debere
2682 1065 2804 1104 eum
2836 1052 2926 1120 qui
2959 1052 3252 1107 secundam
3285 1069 3418 1108 uxo-

1861 1146 1974 1184 rem
2003 1132 2181 1198 duxit,
2211 1134 2500 1205 postqriam
2534 1154 2564 1192 a
2593 1142 2836 1195 secundo
2865 1143 3209 1198 matrimonio
3233 1145 3418 1198 diver-

1861 1223 2005 1287 terit,
2033 1223 2098 1276 ad
2124 1226 2497 1294 pmnitentiam
2529 1231 2695 1298 recipi
2743 1241 2796 1285 et
2822 1233 2999 1300 puniri
3047 1233 3244 1302 (adhuc
3269 1235 3415 1288 enim

1864 1324 2146 1370 constante
2177 1319 2545 1384 matrimonio,
2575 1322 2689 1374 haec
2721 1322 2900 1376 locum
2938 1339 3041 1377 non
3077 1325 3297 1387 habent.
3330 1343 3419 1381 se-

1859 1408 2092 1460 cundum
2115 1409 2477 1466 universalem
2509 1413 2795 1481 regulam),
2822 1413 3023 1466 audivit
3046 1430 3151 1467 non
3169 1431 3290 1470 esse
3311 1416 3442 1469 illi-‘

1858 1498 2023 1552 citum
2054 1500 2482 1564 matrimonium.
2509 1513 2565 1557 nt
2592 1503 2831 1574 separari
2857 1504 3068 1558 debeat.
3091 1504 3155 1558 Et
3170 1513 3418 1574 propter-

1858 1603 1918 1641 ea
1953 1599 2038 1644 est
2101 1590 2318 1659 quidem
2351 1592 2753 1659 conﬁrmatum,
2805 1596 3018 1651 modice
3051 1603 3229 1650 autem
3260 1595 3418 1665 puni-

1859 1688 1968 1744 tur,
2003 1690 2067 1735 ut
2090 1682 2299 1737 dictum
2325 1692 2431 1739 est.

2334 1775 2515 1828 Altera
2549 1775 2939 1845 interpretatio.

1929 1862 2178 1920 Prmsrms
2212 1881 2385 1919 canon
2429 1868 2678 1936 prohibet
2726 1871 3070 1939 presbyteros
3102 1885 3222 1924 cum
3267 1871 3420 1940 diga-

1856 1959 1959 2013 mis
1992 1961 2269 2014 convivari
2290 2000 2304 2022 ,
2332 1971 2389 2015 et
2421 1977 2514 2029 per
2545 1962 2646 2017 hoc
2686 1965 2982 2018 secundum
3012 1965 3414 2019 matrimonium

1854 2050 2032 2117 puniri
2081 2051 2338 2130 ostendit.
2385 2051 2531 2105 idem
2567 2060 2748 2107 autem
2794 2065 3017 2122 apparet
3062 2063 3116 2108 et
3159 2071 3222 2108 ex
3258 2055 3416 2109 tertio

1852 2156 2060 2195 canone
2097 2156 2219 2216 syn.
2263 2139 2720 2207 Neocscsarianaa,
2750 2152 2804 2197 et
2843 2159 2909 2197 ex
2949 2159 3158 2200 canone
3184 2145 3218 2199 4
3244 2145 3417 2198 sam-ti

1853 2231 2057 2285 Basilii.
2090 2231 2358 2297 Quoniam
2388 2243 2568 2285 autem
2605 2234 2850 2288 videmus
2878 2236 3165 2289 nonnullos
3192 2236 3416 2300 oﬂ'cndi,

1850 2337 1915 2374 eo
1937 2307 2078 2388 quod
2105 2321 2287 2374 nullus
2311 2335 2522 2381 eorum,
2553 2321 2645 2389 qui
2675 2323 2970 2375 secundum
3005 2325 3414 2380 matrimonium

1849 2411 2138 2468 contraxit.
2165 2427 2406 2478 unquam
2435 2413 2712 2480 puniatur,
2739 2429 2836 2468 nec
2865 2413 2932 2468 iis
2955 2426 3417 2472 sacramentorum

1851 2501 2196 2570 participatio
2220 2504 2576 2572 impediatur,
2607 2505 2702 2558 sed
2729 2504 2920 2573 potius
2937 2506 3099 2560 etiam
3131 2523 3226 2576 per
3256 2511 3418 2563 cbar-

1849 2591 2150 2660 topltylacis
2175 2593 2455 2661 pitmeium
2479 2594 2859 2661 permittatur;
2893 2595 3132 2650 vidimus
3156 2605 3339 2651 autem
3361 2609 3418 2650 et

1851 2685 2188 2753 patriarchas
2208 2696 2260 2739 et
2277 2693 2478 2740 multos
2497 2686 2629 2740 alios
2647 2687 2920 2741 antistites
2939 2702 3059 2740 cum
3073 2689 3417 2754 imperatori-

1849 2776 1971 2839 bus,
2017 2777 2108 2845 qui
2141 2776 2413 2831 secundas
2443 2778 2664 2846 nuptias
2695 2777 2990 2837 celebrant,
3021 2785 3073 2830 et
3101 2777 3266 2848 408
3294 2794 3416 2832 cum

1846 2868 1967 2920 aliis
1992 2867 2330 2935 magnatibus
2353 2866 3008 2930 cemedentes;'dicimus,
3035 2867 3174 2933 quod
3200 2867 3414 2920 etiamsi

1846 2959 2164 3024 temporalis
2206 2955 2790 3010 exeommunicationis
2831 2971 3001 3023 pinna:
3039 2971 3105 3009 ex
3157 2955 3418 3024 pratdicto

1845 3064 1972 3103 ean.
2001 3049 2200 3117 digami
2248 3048 2476 3114 subjecti
2518 3048 2666 3111 siut,
2712 3047 2930 3100 unioois
2968 3057 3147 3101 tamen
3190 3047 3415 3112 decisio,

1846 3153 1965 3207 quae
1990 3153 2020 3191 a
2057 3138 2213 3192 nobis
2237 3137 2339 3190 sita
2367 3145 2447 3190 est
2475 3137 2528 3188 in
2567 3151 2687 3189 can.
2729 3137 2758 3188 li
2794 3138 2964 3189 sancti
2997 3135 3208 3193 Basilii.
3240 3135 3418 3203 primo

1850 3229 2197 3284 matrimonio
2237 3229 2535 3282 secundum
2585 3227 2811 3280 omnino
2852 3228 3117 3293 azquavit;
3163 3235 3214 3279 et
3250 3227 3414 3287 dixit.

1849 3319 2068 3388 quando
2098 3319 2132 3372 ii
2162 3319 2384 3372 omnino
2414 3317 2730 3385 punientur,
2761 3330 2973 3382 pmnam
3002 3315 3268 3383 dissolvit.
3297 3314 3421 3367 Haec

1846 3409 2010 3462 etiam
2050 3411 2104 3461 in
2135 3408 2453 3477 particulari
2484 3409 2617 3460 dicit
2652 3408 2717 3458 de
2749 3407 2906 3459 tertio
2938 3405 3284 3459 matrimonio
3311 3421 3323 3456 :
3359 3411 3420 3456 at

1849 3514 1951 3554 uec
1979 3498 2282 3553 secundum
2331 3513 2428 3550 nec
2474 3498 2710 3565 primum
2755 3498 2871 3550 sine
2909 3496 3202 3550 secoritate
3247 3496 3417 3548 relin-

1850 3592 2070 3659 quimus
2096 3610 2110 3646 :
2137 3590 2228 3644 sed
2253 3597 2309 3644 et
2338 3590 2432 3642 illa
2456 3589 2537 3642 sic
2562 3589 2945 3641 constituenda
2969 3587 3332 3650 decernimus,
3358 3596 3418 3638 ut

1851 3684 2053 3737 nullam
2099 3681 2397 3746 improbam
2443 3694 2664 3732 causam
2705 3677 2969 3740 habeant,
3006 3678 3087 3732 vel
3125 3693 3190 3731 ex
3232 3684 3414 3744 raptu,

1849 3780 1933 3833 vel
1965 3793 2031 3831 ex
2066 3777 2405 3832 clandestino
2443 3776 2784 3844 przecedente
2811 3774 2990 3837 coitu;
3025 3772 3118 3825 sed
3149 3772 3257 3825 sint
3292 3770 3422 3837 legi»

1853 3869 1981 3925 lima
2010 3877 2059 3921 et
2086 3869 2153 3921 ab
2179 3869 2447 3935 ejusmodi
2471 3865 2895 3932 inquinamentis
2920 3861 3280 3925 serdibusque
3307 3874 3420 3911 ma-

1852 3956 1919 4011 lis
1949 3957 2156 4024 aliena;
2189 3966 2243 4012 et
2282 3958 2536 4025 deinceps
2576 3968 2697 4023 qua:
2735 3962 2860 4006 sunt
2893 3951 3200 4019 huiusmodi
3242 3952 3416 4006 solum

1853 4049 2142 4118 ponimus;
2192 4049 2400 4118 reliqua
2450 4062 2578 4102 vero
2622 4046 2800 4116 panis
2849 4062 2960 4101 non
3003 4046 3236 4100 obnoxia
3285 4059 3419 4098 con-

1854 4148 2057 4199 βοτηε.

1928 4317 2180 4378 ZONAR.
2219 4319 2385 4373 Suam
2429 4315 2676 4384 digamia:
2724 4313 2949 4365 multam
2995 4325 3118 4365 can.
3159 4319 3422 4364 statuere.

1861 4413 1980 4468 Uno
2019 4410 2286 4478 siquidem
2319 4421 2463 4460 anno
2505 4406 2750 4475 digamos
2780 4419 2808 4455 a
2846 4403 3193 4472 perceptione
3239 4417 3422 4454 sacro-

1857 4516 1978 4556 rum
2009 4512 2299 4554 munerum
2331 4498 2503 4551 arceri
2529 4497 2742 4564 iubent.
2777 4497 2908 4550 Eam
2943 4511 3069 4547 vero
3093 4509 3303 4562 poenam
3334 4493 3421 4546 di-

180 4577 353 4648 μένου
379 4577 472 4639 τοῦ
500 4581 925 4649 διγαμήσαντος.
983 4575 1205 4648 Ὀλοῦν
1241 4573 1330 4628 διὰ
1388 4577 1489 4645 τῆς
1551 4596 1751 4648 παρου-

1863 4591 2066 4663 gamis,
2112 4591 2214 4645 sibi
2259 4606 2286 4642 a
2331 4588 2651 4658 pmoitentia
2688 4589 2984 4642 remedium
3031 4584 3422 4652 quarm-utilius,

179 4672 309 4732 σίας
337 4671 499 4723 αὑτοῦ
531 4674 800 4727 συναινεῖν
831 4669 1012 4724 δοκῶν
1043 4667 1119 4736 τῷ
1178 4668 1414 4740 δευτέρῳ
1471 4670 1633 4739 γάμῳ
1687 4671 1761 4724 le-

183 4764 315 4833 ρεὺς
342 4762 426 4823 τίς
454 4760 628 4830 ἔσται,
691 4765 855 4833 φησὶν
882 4766 908 4816 ὁ
929 4760 1124 4824 κανὼν,
1152 4762 1420 4828 τουτέστι,
1479 4761 1597 4826 πῶς
1665 4764 1765 4816 οὐκ

181 4855 568 4924 αἱδεσθῄσεται
653 4856 924 4926 ἐπιτιμῶν
1004 4854 1082 4924 τῷ
1153 4851 1647 4925 δευτερογαμοῦντι
1735 4857 1765 4907 ὁ

184 4947 279 5000 διὰ
311 4948 408 5015 τῆς
443 4946 748 5016 παρουσίας
783 4949 950 5000 αὐτοῦ
998 4945 1332 5000 συνευδοκῶν
1387 4949 1454 5015 τῇ
1511 4947 1764 5018 δευτερο-

180 5039 363 5108 γαμίᾳ
398 5053 412 5101 ;
449 5035 607 5091 Ἀλλὰ
635 5022 808 5087 ταῦτα
858 5039 917 5088 ὲν
938 5040 1283 5108 γράμμασιν.
1337 5032 1499 5103 Ἦμϊν
1561 5037 1618 5090 δὲ
1671 5038 1764 5090 καὶ

184 5130 536 5199 πατριάρχης
603 5125 779 5195 ὤφθη,
849 5130 946 5179 καὶ
1047 5128 1446 5200 μητροπολίται
1513 5126 1762 5200 διάφοροι

185 5221 608 5290 συνεστιώμενοι
637 5219 1176 5287 δευτερογαμήσαντι
1211 5219 1440 5292 βασιλεῖ.

1861 4683 2181 4738 sacerdotes
2237 4681 2548 4751 iniungunt.
2590 4679 2725 4743 Quis
2757 4690 2885 4744 ergo
2919 4673 3174 4726 sacerdos
3198 4713 3212 4734 .
3247 4673 3422 4742 inquit

1860 4788 2059 4834 canon,
2092 4771 2353 4827 secundis
2393 4768 2616 4833 nuptiis,
2652 4775 2712 4817 ut
2737 4778 2830 4817 eas
2861 4762 2940 4814 vel
2977 4765 3076 4816 hoc
3112 4764 3254 4832 ipso,
3281 4762 3422 4828 quod

1863 4866 2035 4925 adest,
2074 4862 2304 4930 probare
2333 4858 2600 4918 videatur,
2635 4856 2884 4926 intersit?
2919 4858 3021 4926 hoc
3051 4866 3158 4919 εει,
3193 4855 3280 4921 qui
3312 4853 3425 4906 ﬁeri

1865 4960 2044 5027 potest
2079 4963 2134 5006 ut
2167 4964 2383 5021 poenam
2426 4963 2455 5001 a
2486 4948 2699 5017 digamo
2742 4949 2957 5017 exigere
3001 4961 3105 4998 non
3151 4944 3322 5012 pudor
3355 4942 3426 4995 sit

1867 5047 1938 5108 ei,
1987 5041 2078 5112 qui
2127 5039 2327 5111 digami
2375 5037 2577 5094 factum
2626 5055 2654 5092 a
2701 5054 2758 5092 se
2799 5053 2900 5088 non
2941 5033 3254 5101 improbari,
3299 5048 3421 5085 cum

1869 5134 2071 5205 nuptiis
2117 5133 2377 5188 secundis
2414 5133 2532 5201 ipse
2572 5127 2908 5188 interfuerit.
2958 5125 3093 5178 salis
3137 5124 3429 5177 0513mm?

1873 5225 2072 5279 Verum
2110 5223 2224 5278 haec
2254 5225 2306 5278 in
2339 5223 2490 5279 libris
2522 5221 2718 5286 scripta
2755 5214 3116 5284 reperiuntur.
3161 5214 3270 5267 Nos
3331 5229 3426 5295 au.

187 5324 300 5368 tem
345 5324 400 5369 et
446 5315 809 5386 patriarcham
852 5323 906 5368 et
955 5317 1401 5385 metropolitanos
1442 5315 1753 5385 complures
1793 5322 1844 5375 in
1870 5319 2118 5376 convivio
2141 5318 2484 5391 imperatoris
2505 5310 2769 5371 secundas
2829 5310 3046 5380 nuptias
3090 5309 3425 5363 celebrantes

186 5413 522 5477 aspeximus.

1399 5520 1598 5584 Guili.
1631 5523 1963 5603 Beveregii
1986 5526 2175 5583 ποίεε.

263 5623 375 5690 (99)
396 5621 615 5696 ΔἙτέρα
643 5625 942 5696 ἑρμηνεία.
994 5624 1157 5696 Ποπιιῖ
1180 5624 1404 5696 alteram
1451 5624 1614 5691 huius
1643 5640 1734 5676 ca-

191 5697 352 5752 nonis
395 5693 890 5760 interpretationem
923 5697 1092 5750 codici
1130 5693 1418 5746 Bodleiano
1450 5701 1731 5761 acceptam

192 5767 442 5820 ferimus.
507 5763 691 5832 Neque
722 5767 870 5819 enim
916 5765 1104 5819 Gra‘ce
1155 5773 1327 5817 exstat
1363 5781 1374 5815 :
1413 5763 1505 5815 sed
1539 5761 1731 5815 Latina

188 5836 313 5907 eius
345 5834 522 5892 versio
553 5835 605 5889 in
638 5836 1016 5905 sopplcmeoto
1048 5834 1111 5889 ad
1147 5834 1509 5890 Parisiensem
1551 5831 1739 5887 Balsa-

1844 5627 2020 5681 monis
2066 5623 2358 5680 editionem
2412 5615 2664 5675 habetur.
2715 5627 2745 5668 e
2794 5611 2985 5666 codice
3031 5607 3244 5662 Tiliano
3300 5619 3411 5681 per-

1841 5675 2168 5749 6351a}.an
2232 5687 2541 5741 ilcrvetum‘
2580 5691 2758 5742 eruta.
2809 5683 2864 5738 in
2918 5681 3109 5737 codice
3136 5675 3410 5734 Amerba-

1841 5765 2036 5820 cbiauo
2064 5758 2425 5817 desideratur.
