3974 6346
211 449 359 515 1217

1280 457 1361 518 ΙΝ
1393 455 1558 517 CAN.
1600 457 1681 519 I-X
1721 459 1932 522 CONC.
1973 451 2409 532 NEOCAESAR.

3333 480 3475 548 1218

210 565 558 631 δικάζεσθαι,
623 585 722 641 την
761 567 1114 639 ὲλεγχθεῖταν
1195 572 1289 626 διὰ
1349 574 1602 646 φανερῶν
1664 575 1790 628 ἀπο-

1905 575 2007 632 bus
2036 580 2314 645 convicta.
2351 591 2408 636 ut
2443 581 2650 639 dictum
2686 594 2803 652 est;
2839 602 2944 642 non
2977 597 3157 647 autem
3185 606 3329 662 eam,
3359 613 3478 664 qua:

210 655 463 722 δείξεων,
494 658 569 722 ὡς
597 659 837 731 εῐρηται,
864 663 927 715 οὐ
955 661 1067 733 μὴν
1110 662 1211 734 τὴν
1237 664 1790 720 ὑποπτευθεῖσανὰπέ

1905 668 2005 730 fuit
2030 685 2282 744 suspecta
2319 685 2538 745 promer
2571 679 3026 748 collocationem,
3055 687 3137 740 vel
3175 701 3479 745 consuetu-

211 749 442 818 ὁμιλίας
473 751 504 822 ἢ
533 755 923 825 συνοικήσεως,
989 755 1024 826 ἢ
1059 755 1226 829 ἄλλης
1283 758 1430 820 τινὸς
1464 758 1666 822 αῖτίας.
1735 758 1799 810 Τί

213 842 302 909 δὲ,
335 844 431 896 ἐὰν
460 846 489 899 6
512 844 722 912 λαῖκὸς,
754 847 893 916 μετὰ
923 847 983 901 τὸ
1042 848 1400 919 μοιχευθῆναι
1433 849 1532 922 τὴν
1567 850 1799 920 γυναῖκα

212 932 435 1003 τούτου,
490 939 737 1012 ἀπολύσῃ
799 940 993 1013 αὐτὴν,
1049 942 1657 1014 προαναόισασθήσεται
1719 945 1795 1007 είς

217 1025 454 1099 βαθμὸν,
494 1029 686 1101 ὥσπερ
705 1031 765 1082 ού
814 1029 1162 1100 καθαιρεῖται
1193 1032 1222 1083 6
1251 1030 1566 1101 ἱερωμένης,
1602 1032 1629 1084 6
1658 1031 1799 1084 ἁπο-

213 1117 392 1184 λύσας
446 1125 545 1192 τὴν
607 1121 988 1193 μοιχευθεῖσαν
1042 1123 1278 1189 γυναῖκα
1323 1121 1524 1186 αὐτούς
1586 1122 1796 1188 Λύσις.

233 1211 374 1265 Ἀπὸ
405 1213 498 1265 τοῦ
555 1211 626 1283 ιη’
666 1214 1027 1268 ἀποστολικοῦ
1073 1214 1296 1279 κανόνος
1333 1214 1598 1268 κωλύεται
1665 1200 1798 1286 προέ

217 1302 654 1374 ανασισασθῆναι
679 1309 761 1370 είς
803 1306 1012 1378 βαθμὸν
1037 1309 1066 1360 6
1093 1309 1326 1376 γυναῖκα
1359 1307 1563 1379 πόρνην
1590 1307 1796 1378 ἀγόμε-

214 1407 312 1455 νος
349 1410 363 1424 ο
397 1392 579 1464 πολλῷ
599 1394 730 1463 γοῦν
763 1395 927 1451 πλέον
986 1397 1050 1450 οὐ
1132 1395 1742 1466 πῳαναὸιὸασθήσεται
1769 1400 1795 1449 6

222 1485 365 1553 μετὰ
390 1487 698 1557 μοιχαλίδος
731 1488 1099 1560 συμφθαρεὶς,
1151 1491 1256 1545 κᾶν
1289 1492 1348 1542 ὲν
1401 1491 1617 1563 ἀγνοίᾳ.
1695 1493 1795 1546 Διὰ

216 1578 332 1646 γὰρ
353 1577 512 1631 τοῦτο
548 1579 644 1632 καὶ
674 1582 723 1633 οἱ
753 1581 993 1653 Πατέρες
1022 1585 1116 1638 ἐπὶ
1146 1584 1243 1654 μὲν
1271 1583 1367 1638 τοῦ
1431 1585 1622 1639 λαῖκοῦ
1656 1587 1795 1641 διαί-

220 1681 382 1740 ρεσιν
410 1670 472 1721 οὐ
536 1675 892 1743 πεποιήκασι,
943 1676 1102 1746 χάριν
1154 1675 1249 1729 τοῦ
1303 1676 1637 1746 ἀπολυθῆναι
1693 1677 1793 1747 τὴν

221 1761 529 1831 μοιχαλίδα,
555 1765 647 1816 καὶ
669 1765 744 1834 μὴ
777 1764 1135 1837 ἀπολυθῆναι,
1168 1766 1303 1820 ἀλλὰ
1325 1768 1683 1833 ἀδιαστίκτως
1714 1770 1793 1824 δι·⁸

221 1855 496 1922 ωρίσαντο
527 1854 600 1927 μὴ
639 1856 898 1911 δύνασθαι
940 1861 1032 1914 τὸν
1067 1859 1234 1929 ἄνδρα
1291 1861 1459 1932 αὐτῆς
1510 1862 1590 1925 εἰς
1650 1863 1788 1932 ὕπτια

216 1945 410 2014 ρεσίαν
442 1947 613 2000 ἐλθεῖν
645 1964 659 1980 ·
694 1949 788 2003 ἐπὶ
838 1950 1002 2004 δὲτοῦ
1076 1952 1266 2022 ἱερέως
1335 1953 1630 2023 εἰσήγαγον
1686 1955 1786 2023 τὴν

212 2037 502 2109 διαίρεσιν.
555 2041 710 2096 Ἐστι
768 2043 827 2096 δὲ
900 2044 996 2097 καὶ
1046 2045 1282 2115 διαφορὰ
1329 2045 1425 2099 τοῦ
1488 2047 1656 2116 μήπω
1720 2047 1794 2099 ίε-

215 2133 487 2203 prompto;
564 2135 656 2188 καὶ
742 2135 838 2189 τοῦ
924 2136 1266 2204 ίερωθέντος,
1351 2137 1447 2191 καὶ
1547 2139 1641 2193 διά
1735 2157 1794 2194 τι

215 2223 470 2295 πταῖσμα
503 2223 897 2298 καθαιρεθῆναι
932 2226 1254 2296 μέλλοντος..
1319 2227 1378 2282 '0
1440 2228 1541 2298 μὲν
1572 2229 1682 2300 γὰρ
1717 2231 1793 2300 μὴ

213 2315 494 2386 ιπιτυχὼν
524 2316 778 2379 πλείονός
813 2334 957 2380 τινος
997 2317 1058 2369 οὐ
1085 2317 1341 2370 τοσοῦτον
1374 2317 1789 2390 βαρυθυμήσει,

212 2406 333 2460 ἀλλ’
360 2407 749 2478 ιύχαριστήσει
784 2407 1007 2478 μᾶλλον,
1050 2409 1124 2470 ὡς
1156 2408 1232 2481 τῷ
1273 2412 1458 2464 κανόνι
1513 2411 1587 2481 μὴ
1623 2429 1790 2484 προσ-

211 2497 455 2570 κρούσας
483 2518 496 2530 ·
525 2503 554 2553 6
583 2502 639 2555 δὲ
689 2502 778 2557 διά
804 2519 857 2556 τι
890 2505 1138 2574 πταῖσμα
1190 2506 1381 2574 ἑτέρου
1438 2508 1784 2578 ἀφαιρούμε-

212 2609 306 2657 νος
335 2593 397 2645 τὸ
448 2595 649 2664 προσὸν
687 2595 836 2666 αὐτῷ
863 2594 1076 2666 ἀξίωμα
1098 2598 1347 2666 μεγάλως
1381 2599 1780 2672 δεινοπαθήσει.

212 2682 293 2738 τὸ
339 2683 456 2757 γὰρ,
478 2688 555 2750 εἰς
593 2689 784 2758 πεῖραν
813 2705 948 2760 ηκον
978 2687 1200 2759 ἀνιαρὸν
1255 2691 1335 2755 είς
1365 2691 1674 2759 ἀφαίρεσιν.

288 2778 534 2835 ΖΩΝΑΡ.
586 2779 803 2850 ’Δνδρὸς
829 2779 1020 2832 λαῖκοῦ
1066 2780 1203 2851 γυνὴ
1275 2780 1647 2851 μοιχευθεῖσα,
1694 2784 1788 2838 καὶ

1901 766 2081 820 dinem
2113 781 2177 820 ac
2206 766 2655 834 laniiliarilatem,
2687 772 2769 826 vel
2801 774 3034 845 aliquam
3061 777 3218 831 aliam
3247 780 3316 834 ob
3343 797 3478 835 can-

1901 871 2040 911 sam.
2071 855 2211 930 Quid
2236 866 2446 924 autem,
2473 875 2539 914 an
2564 861 2758 927 laicus,
2786 867 2829 919 si
2861 876 3148 936 postquam
3174 871 3340 944 409
3356 876 3476 944 ejus

1901 965 2040 1006 uxor
2062 950 2164 1006 fuit
2192 953 2520 1020 adulterata,
2551 958 2819 1014 dimiserit
2839 977 2979 1028 eam,
3009 964 3079 1017 ad
3103 967 3331 1036 gradum
3353 987 3476 1040 pro-

1900 1044 2246 1111 movebitur;
2279 1045 2426 1101 sicut
2453 1063 2558 1104 non
2586 1050 2880 1120 deponitur
2905 1054 2952 1110 is
2983 1058 3072 1124 qui
3100 1066 3472 1127 estsacratns,

1899 1135 2124 1190 dimissa
2155 1151 2323 1192 uxore
2357 1153 2479 1204 sua,
2506 1156 2627 1210 qua:
2657 1144 2930 1198 commisit
2967 1146 3298 1204 adulterium
3325 1153 3348 1204 ?
3375 1151 3476 1206 So-

1901 1225 2051 1282 lutio.
2087 1227 2129 1281 A
2175 1244 2387 1285 canone
2433 1233 2733 1300 apostolico
2780 1235 2847 1288 18
2890 1237 3209 1304 prohibetur
3241 1241 3306 1295 ad
3351 1258 3477 1312 gra-

1898 1318 2024 1372 dum
2060 1323 2394 1389 promoveri,
2439 1323 2533 1392 qui
2569 1324 2724 1378 duxit
2758 1341 2988 1380 uxorem
3026 1328 3471 1387 fornicatriccm:

1897 1411 2067 1465 multo
2089 1429 2219 1482 ergo
2248 1415 2417 1485 magis
2450 1431 2556 1470 non
2586 1420 3013 1487 promovebitur,
3035 1423 3126 1490 qui
3159 1438 3284 1476 cum
3317 1425 3474 1478 adul-

1899 1515 2013 1558 tera
2055 1506 2136 1559 vel
2180 1507 2420 1563 insciens
2455 1525 2567 1564 rem
2605 1510 2814 1566 habuit.
2853 1511 3147 1582 Propterea
3179 1517 3323 1568 enim
3367 1516 3472 1571 Pa-

1900 1605 2008 1652 tres
2055 1599 2257 1653 nullam
2297 1601 2348 1653 in
2389 1600 2528 1656 laico
2565 1602 2892 1658 divisionem
2928 1603 3135 1669 fecere,
3178 1607 3247 1659 de
3286 1608 3476 1662 diinite

1896 1689 2057 1744 tenda
2088 1690 2356 1756 adultera,
2389 1693 2473 1747 vel
2503 1709 2610 1748 non
2636 1695 2957 1750 dimittenda
2986 1713 3002 1750 :
3028 1697 3120 1752 sed
3149 1699 3470 1754 indistincte

1893 1780 2248 1848 deﬁnierunt,
2281 1800 2386 1838 non
2421 1800 2581 1854 posse
2615 1787 2735 1855 ejus
2768 1789 3022 1841 maritum
3053 1789 3236 1844 venire
3263 1790 3329 1844 ad
3364 1794 3470 1844 mi-

1894 1874 2208 1928 nisterium.
2253 1877 2310 1929 In
2365 1879 2662 1934 sacerdote
2705 1889 2886 1934 autem
2935 1881 3251 1936 divisionem
3296 1875 3469 1937 introi

1897 1963 2124 2022 duxere.
2160 1965 2252 2022 Est
2283 1980 2461 2023 autem
2497 1969 2803 2024 differentia
2839 1973 2959 2041 ejus
2986 1974 3078 2043 qui
3111 1974 3351 2027 nondum
3387 1983 3472 2029 est

1893 2067 2166 2120 sacratus,
2202 2068 2255 2113 et
2281 2060 2398 2129 ejus
2435 2062 2524 2129 qui
2559 2070 2642 2114 est
2677 2071 2957 2128 sacratus;
2994 2065 3086 2119 sed
3118 2073 3343 2135 propter
3374 2067 3470 2120 dc-

1892 2150 2084 2204 lictum
2125 2152 2343 2220 aliquod
2379 2163 2461 2207 cst
2495 2152 2872 2224 deponendus.
2911 2155 3012 2221 Qui
3049 2157 3194 2210 enim
3233 2173 3341 2211 non
3385 2165 3470 2211 est

1892 2244 2071 2309 majus
2103 2244 2322 2313 aliquod
2364 2254 2671 2311 assecutus,
2708 2262 2812 2299 non
2850 2250 2956 2300 tam
2993 2264 3133 2317 aegre
3165 2249 3334 2303 feret:
3371 2249 3466 2303 sed

1889 2348 2045 2402 aequo
2074 2337 2255 2404 potius
2295 2336 2479 2390 animo
2516 2339 2754 2406 patietur
2783 2348 2835 2392 et
2869 2340 3162 2402 laetabitur,
3197 2340 3340 2408 quod
3372 2357 3466 2394 ca-

1897 2439 2095 2478 nonem
2130 2439 2240 2477 non
2286 2424 2595 2480 oflenderit.
2640 2426 2692 2482 ls
2719 2438 2919 2491 autem,
2955 2429 3042 2483 cui
3078 2439 3300 2499 propter
3329 2431 3467 2485 alte-

1896 2517 2014 2571 rius
2040 2517 2300 2572 delictum
2329 2517 2578 2572 aufertur
2605 2533 2668 2574 ea
2699 2535 2860 2587 quam
2889 2522 3050 2575 habet
3076 2522 3338 2591 dignitas,
3371 2525 3470 2576 ad-

1895 2609 2115 2660 modum
2144 2623 2284 2678 a-gre
2313 2610 2474 2662 feret.
2513 2609 2566 2662 ld
2595 2611 2742 2664 enim
2766 2611 2911 2680 quod
2936 2612 3050 2682 jam
3079 2623 3337 2682 expertus
3363 2624 3470 2680 est,

1894 2698 2180 2774 molestum
2213 2708 2299 2751 est
2339 2700 2384 2753 si
2423 2700 2731 2758 auferatur.
3405 2701 3408 2704 ’

1957 2788 2211 2847 ZONAIL
2249 2789 2307 2846 Si
2345 2791 2468 2846 laici
2507 2808 2646 2846 uxor
2703 2792 2956 2847 adulterii
3004 2795 3297 2852 manifesto
3334 2814 3468 2853 con-

214 2866 470 2937 φανερῶς
501 2868 848 2937 ἐλεγχθεῖσα,
911 2866 1225 2929 κωλύειτὸν
1257 2868 1427 2938 ἄνδρα
1483 2869 1652 2939 αὐτῆς
1708 2873 1788 2932 είς

1905 2879 2029 2934 ricta
2054 2881 2146 2944 sit,
2179 2882 2302 2950 ejus
2332 2883 2509 2937 virum
2542 2899 2570 2936 a
2609 2884 2932 2950 miuiStcrio,
2971 2899 3000 2938 a
3035 2874 3317 2939 sacrorum
3360 2887 3469 2940 sci-

211 2957 524 3029 ὑπηρεσίαν
563 2957 760 3025 ἐλθεῖν,
795 2959 1078 3014 τουτέστιν
1115 2960 1196 3021 είς
1259 2959 1468 3040 βαθμὸν
1515 2961 1788 3028 ίερατικόν

1908 2971 2017 3025 ieet
2058 2972 2314 3026 ordinum
2362 2975 2754 3041 susceptione,
2804 2975 2979 3029 arceri
3029 2974 3254 3047 [canon]
3292 2977 3467 3047 jubet;

209 3067 372 3106 τιναο
410 3043 608 3120 πλὴνή
643 3049 890 3118 φανερῶς
919 3049 1262 3119 ἐλεγχθεῖσα.
1298 3051 1396 3121 οὐχ
1422 3052 1454 3121 ἡ
1497 3055 1554 3106 ὲν
1578 3052 1785 3123 ὑποψίᾳ

1905 3061 2050 3116 nodo
2099 3070 2278 3116 tamen
2332 3063 2640 3118 manifestis
2692 3064 2907 3120 indiciis
2953 3066 3203 3121 convicta
3253 3059 3469 3133 mulier,

211 3142 488 3214 γινομένη
536 3140 696 3212 ἢκαὶ
743 3139 1186 3211 κατηγορηθεῖσα
1276 3142 1429 3210 παρά
1485 3157 1629 3203 τινος
1680 3142 1788 3194 τῶν

1907 3170 1996 3209 ton
2032 3164 2215 3210 autem
2243 3155 2326 3209 vel
2353 3157 2671 3226 suspicione
2705 3166 2910 3211 tantum
2939 3169 3147 3226 notata,
3177 3160 3258 3215 vel
3287 3149 3358 3216 ab
3379 3164 3468 3227 iis,

213 3236 570 3305 κατηγορεῖν,
622 3233 759 3287 ἀλλὰ
809 3234 990 3305 ῥητοῖς
1038 3229 1368 3303 προσώπων.
1408 3234 1482 3288 Οὐ
1557 3236 1666 3305 γὰρ
1711 3231 1788 3303 τῷ

1905 3247 2094 3317 quibus
2143 3262 2340 3301 nomen
2390 3247 2534 3300 illius
2582 3248 2858 3302 deferendi
2910 3257 3155 3329 potestas
3208 3265 3319 3304 non
3363 3264 3468 3318 est,

214 3327 529 3397 βουλομένῳ
583 3325 800 3392 ἐφεῖται
857 3324 989 3394 περὶ
1028 3323 1273 3393 μοιχείας
1334 3329 1660 3393 κατηγορεῖν
1722 3329 1782 3380 οὐ

209 3418 532 3488 δυναμένων
558 3417 725 3486 αὐτῆς
757 3415 1082 3486 προσώπων.
1112 3417 1320 3489 υὺγὰρ
1345 3417 1423 3488 τῷ
1478 3419 1792 3491 βουλομένῳ

211 3510 428 3577 ὲφεῖται
504 3509 630 3578 περὶ
707 3507 948 3579 μοιχείας
1027 3506 1347 3580 κατηῇορεῖν
1407 3509 1542 3564 ἀλλὰ
1620 3530 1788 3583 προσ-

209 3602 408 3665 ώποις.
458 3600 585 3654 Ἐὰν
635 3601 693 3656 δὲ
754 3601 849 3654 καὶ
923 3601 1220 3671 ἱερωμένου
1309 3595 1457 3674 γυνὴ
1504 3607 1792 3679 μοιχευθῇ,

208 3691 485 3747 ἀπολῦσαι
512 3691 930 3762 αὐτὴνοόφείλει,
957 3694 1200 3747 τουτέστι
1220 3694 1544 3770 διαζυγῆναι
1573 3698 1745 3768 αὐτῆς
1775 3737 1792 3754 .

196 3778 265 3844 ἀῖ
299 3784 355 3836 δὲ
388 3782 559 3854 συζῇν
586 3783 725 3854 αὐτῇ
775 3782 1068 3860 βούλεται,
1103 3783 1374 3836 κωλύεται·
1400 3788 1500 3853 τῆς
1553 3785 1794 3858 ίγχειρι-

210 3875 633 3947 σθείσηςναὺτῷ.
658 3875 952 3942 διακονίας,
982 3876 1108 3946 ,ἤτοι
1178 3878 1269 3928 τοῦ
1322 3875 1533 3948 βαθμοῦ
1595 3879 1673 3942 είς
1734 3879 1793 3934 ὃν

205 3969 550 4039 κατετάχθη.
635 3970 702 4022 'H
729 3970 838 4037 γὰρ
911 3969 1264 4039 μοιχευθεῖσα
1306 3970 1603 4040 μεμίανται
1640 3989 1654 4003 ο
1680 3971 1710 4023 6
1736 3971 1792 4024 δὲ

201 4060 390 4133 ταύτῃ
410 4060 753 4133 μιγνύμενος
777 4060 833 4114 ἓν
856 4062 1016 4130 σῶμα
1043 4062 1273 4129 γίνεται,
1308 4061 1400 4115 καὶ
1427 4061 1612 4124 λοιπὸν
1647 4071 1790 4133 μετ-

209 4155 610 4224 ἐχεικάκεῖνος
645 4153 740 4213 τοῦ
796 4153 1126 4220 μιάσματος.
1188 4152 1248 4200 ὐ
1299 4152 1355 4205 δι
1410 4157 1784 4221 μεμιασμένος

205 4243 336 4306 siti);
361 4244 684 4315 δεχθήσεται
709 4243 790 4306 ιῖς
812 4259 865 4296 τι
897 4242 1043 4295 θεῖον
1065 4241 1468 4311 λειτσύργημας

1895 3353 1989 3394 acc
2036 3348 2149 3392 sata
2188 3337 2377 3395 fuerit.
2415 3338 2523 3393 Nec
2558 3339 2702 3393 enim
2740 3341 3054 3410 cuicunque
3091 3341 3335 3406 volenti,
3376 3346 3469 3397 sed

1893 3429 2061 3484 certis
2116 3438 2332 3483 tantum
2384 3429 2720 3497 quibusdam.
2771 3429 3124 3494 hominibus,
3181 3434 3466 3486 mulierem

1893 3520 2145 3574 adulterii
2187 3534 2337 3574 ream
2363 3535 2525 3590 agere
2552 3535 2875 3575 concessum
2913 3533 3016 3576 est.
3045 3520 3204 3587 Quod
3237 3525 3282 3578 si
3316 3525 3472 3577 adul-

1895 3613 2087 3666 terium
2124 3624 2284 3664 sacro
2315 3610 2508 3664 ordine
2545 3609 2740 3663 initiati
2777 3610 3014 3664 hominis
3050 3610 3250 3680 conqu
3286 3622 3470 3682 patra-

1893 3703 2054 3766 vcrit,
2088 3716 2205 3756 eam
2247 3698 2638 3766 vir-dimittat,
2680 3699 2785 3754 hoc
2825 3709 2931 3766 est,
2973 3700 3042 3754 ab
3072 3700 3219 3754 illius
3253 3717 3312 3756 se
3341 3718 3471 3756 con-

1890 3789 2183 3845 suetudine
2213 3791 2675 3860 {commerciOque
2730 3790 3026 3862 sejungat:
3069 3792 3114 3847 si
3160 3807 3290 3847 vero
3345 3808 3468 3845 cum

1889 3876 1982 3931 illa
2015 3879 2138 3930 vita:
2176 3878 2496 3931 societatem
2527 3878 2730 3932 habere
2761 3881 3012 3942 voluerit,
3045 3877 3222 3949 ipsum
3257 3895 3287 3934 a
3318 3883 3469 3934 com“

1863 3968 2065 4025 'misso
2086 3967 2430 4030 ministerio,
2465 3967 2568 4021 hoc
2605 3975 2709 4032 est,
2741 3982 2771 4021 a
2806 3969 2889 4023 sui
2919 3970 3132 4025 ordinis
3165 3973 3359 4040 gradu,
3385 3975 3470 4026 di-

1895 4061 2104 4116 moveri
2146 4059 2434 4115 decretum
2487 4066 2594 4114 est.
2645 4057 2867 4113 Patralo
2918 4075 3156 4130 namque
3198 4061 3469 4118 adulterio

1897 4150 2095 4203 mulier
2135 4150 2347 4217 polluta
2376 4159 2496 4215 est;
2531 4150 2625 4217 qui
2658 4163 2789 4203 vero
2813 4150 3034 4218 polluta:
3066 4155 3468 4220 commiscctur,

1889 4256 2059 4296 unum
2105 4244 2306 4311 corpus
2365 4239 2620 4306 efﬁcitur,
2665 4241 2964 4311 eademque
3022 4247 3248 4314 proinde
3284 4257 3473 4302 conta-

205 4341 384 4413 gione
446 4342 624 4411 ipsum
701 4339 960 4394 maculari
1044 4352 1274 4393 necesse
1320 4346 1426 4392 est.
1497 4334 1782 4394 Hominem
1848 4339 1981 4392 vero
2033 4335 2301 4407 pollutum
2359 4337 2414 4390 in
2473 4349 2633 4393 sacro
2706 4337 2891 4409 aliquo
2987 4339 3295 4398 ministerio
3350 4347 3475 4414 quis

486 4540 506 4574 ι
556 4521 617 4574 '0
647 4519 859 4583 λαῖκδς,
894 4511 956 4570 οὗ
995 4519 1034 4587 ή
1065 4516 1203 4586 γυνὴ
1264 4517 1644 4587 μεμοίῖβυταθ
1726 4522 1789 4576 οὐ

1904 4521 2134 4583 ARIST.
2167 4543 2188 4579 ι
2227 4525 2426 4582 Laicus
2455 4525 2618 4598 cujus
2651 4540 2793 4580 uror
2824 4525 3130 4582 adulterata
3149 4520 3246 4584 est
3279 4545 3384 4584 non
3418 4530 3471 4582 fit

214 4630 218 4632 '
287 4635 307 4669 ι
338 4612 667 4684 κληροῦται-
702 4610 798 4664 καὶ
824 4611 852 4663 6
891 4611 950 4663 ὲν
1007 4607 1200 4677 κλήρῳ
1231 4608 1282 4667 εί
1306 4608 1528 4678 κατέχει
1567 4627 1790 4684 μοιχευ.

1979 4637 1998 4670 ι
2037 4615 2296 4680 clericus,
2332 4624 2386 4672 et
2413 4617 2648 4674 clericus
2676 4617 2768 4692 qui
2799 4632 2919 4673 eam
2951 4619 3151 4675 retinet
3183 4630 3470 4690 postquam

299 4727 320 4761 ε
363 4709 551 4761 θεῖσαν
572 4704 765 4776 αὐτὴν,
805 4702 1188 4755 ὲκδιώκεται.»

214 4825 218 4829 ·
291 4801 352 4854 Ei
388 4802 418 4854 6
451 4797 1011 4868 κεκληρωμένος,τὴν
1028 4795 1268 4861 γυναῖκα

210 4899 405 4951 θεῖσαν
439 4894 514 4963 μὴ
534 4882 814 4954 ἀπολύων,
844 4887 944 4960 τῆς
974 4886 1134 4955 ἀξίας
1197 4887 1574 4958 μετακινεῖται
1604 4903 1628 4920 ν
1671 4888 1789 4954 πῶς

208 4993 242 5043 6
274 4976 570 5048 λαῖκὸς,οὗ
598 4982 631 5052 ἡ
661 4974 802 5049 γυνὴ
832 4975 1211 5049 μεμοίχευται,
1244 4976 1325 5040 είς
1377 4976 1579 5046 κλῆρον
1612 4988 1790 5053 παρα.

205 5074 573 5144 δεχθήσεταις

372 5210 373 5213 η
835 5162 1074 5216 ΚΑΝΠΝ
1107 5163 1210 5218 8'.

215 5277 241 5315 ε
285 5257 684 5330 Πρεσὸύτερος,
725 5256 822 5309 ἐὰν
857 5254 1304 5325 προημαρτηκὼς
1359 5251 1596 5324 σώματι,
1643 5275 1781 5330 προ-

267 5367 288 5402 ι
319 5349 484 5420 αχθῇ,
505 5351 601 5405 καὶ
621 5347 930 5419 ὁμολογήσῃ
955 5349 1038 5400 ὃτι
1059 5350 1270 5416 ἥμαρτε
1290 5346 1394 5417 πρὸ
1417 5350 1772 5416 χειροτονίας,

283 5461 302 5495 ι
329 5430 423 5513 ’μὴ
445 5431 808 5514 προσφερέτω
839 5455 852 5469 ⁶
894 5440 1074 5508 μένων
1099 5441 1158 5491 ἂν
1188 5444 1302 5504 τοῖς
1332 5441 1539 5502 λοιποῖς
1566 5440 1655 5492 διὰ
1680 5441 1779 5513 τὴν

280 5554 300 5589 ι
331 5534 500 5605 ἀλλην
520 5535 786 5606 σπουδὴν.
817 5533 897 5586 Τὰ
929 5532 1037 5602 γὰρ
1053 5531 1216 5587 λοιπὰ
1239 5532 1613 5605 ἁμαρτήματα
1640 5531 1774 5602 ἔφα-

287 5646 307 5681 ι
347 5645 448 5682 σαν
469 5625 519 5679 oi
551 5626 735 5681 πολλοὶ
773 5627 869 5680 καὶ
895 5627 995 5697 τὴν
1020 5623 1362 5694 χειροθεσίαν
1393 5624 1628 5693 ἀφιέναι.
1649 5624 1773 5678 Ἐὰν

289 5738 309 5772 ι
338 5719 396 5774 δὲ
418 5718 574 5780 αὐτὸς
598 5719 674 5786 μὴ
696 5717 954 5787 ὁμολογῇ,
987 5713 1308 5784 ἐλεγχθῆναι
1336 5715 1392 5766 δὲ
1423 5714 1669 5785 φανερῶς
1694 5716 1770 5788 μὴ

275 5827 298 5865 ι
329 5807 654 5880 δυνηθῇ,ὲπ’
677 5808 824 5877 αὐτῷ
840 5809 1035 5877 ἐκείνῳ
1057 5806 1326 5859 ποιεῖσθαι
1351 5804 1762 5875 τὴνὲξουσίανη

284 5903 480 5957 ΒΛΔΣ.
534 5882 756 5972 Ἰερεὺς,
793 5899 1105 5970 πορνεύσας
1127 5898 1232 5970 πρὸ
1263 5899 1360 5968 τῆς
1406 5897 1763 5968 χειροτονίας.

1342 4793 1510 4847 αὑτοῦ
1564 4806 1786 4866 μοιχευ-
1823 4840 1829 4844 .

1972 4727 1992 4761 ι
2037 4698 2369 4765 adulterium
2408 4710 2709 4774 commisit,
2744 4710 3058 4780 expellitur.
3101 4731 3121 4764 ι

1965 4797 2023 4854 Si
2056 4794 2150 4854 ille
2174 4817 2268 4871 qut
2295 4802 2349 4858 in
2377 4801 2582 4857 clerum
2610 4813 2898 4874 c00ptatus
2927 4817 3032 4868 est.
3065 4818 3286 4860 uxorem
3311 4819 3466 4861 suam

1892 4889 2252 4947 adulteratam
2309 4902 2418 4948 non
2476 4891 2804 4958 dimittens,
2862 4894 3126 4964 dignitate
3176 4906 3466 4963 movetur:

1889 4982 2170 5053 quomodo
2202 4982 2377 5038 laicus
2419 4983 2578 5054 cujus
2623 4998 2764 5040 uxor
2807 4983 3114 5042 adulterata
3142 4996 3224 5044 est
3263 4989 3316 5044 in
3357 4991 3467 5046 cleo

1865 5068 2010 5126 'rutn
2046 5071 2410 5129 admittatur?

2486 5165 2720 5224 CANON
2768 5165 2864 5222 IX.
2903 5227 2906 5232 λ

1888 5278 1908 5313 ι
1949 5257 2006 5313 Si
2027 5257 2336 5334 presbyter,
2352 5259 2444 5332 qui
2466 5273 2697 5328 corpore
2711 5257 2867 5327 prius
2885 5266 3222 5330 peccaverat,
3243 5277 3464 5335 promo-

1957 5365 1976 5400 ι
1994 5360 2000 5366 '
2017 5356 2104 5401 tus
2125 5347 2307 5413 fuerit,
2339 5360 2394 5404 et
2421 5349 2466 5403 si
2486 5343 2612 5402 ante
2629 5348 3026 5406 ordinationem
3057 5365 3314 5420 peccasse
3332 5369 3464 5410 con-

1952 5457 1971 5490 ι
2017 5437 2196 5496 fessus
2229 5439 2510 5502 fuerit,ne
2545 5437 2739 5496 oﬂ‘erat
2770 5461 2783 5496 :
2821 5441 3124 5497 manensiu
3148 5445 3293 5511 aliis,
3319 5460 3455 5515 pro-

1953 5549 1973 5583 ι
2000 5541 2117 5601 pter
2136 5527 2284 5585 aliud
2305 5531 2420 5599 ejus
2449 5531 2605 5588 bona:
2632 5532 2755 5586 vitae
2772 5532 3036 5587 studium.
3060 5529 3289 5604 Reliqua
3308 5535 3454 5588 enim

1952 5643 1971 5676 ι
2011 5632 2236 5696 peccata
2261 5623 2451 5679 dicunt
2469 5625 2621 5680 multi
2650 5638 2906 5679 manuum
2936 5625 3284 5697 impositione
3314 5611 3456 5682 tolli.

1951 5734 1969 5767 ι
2001 5714 2154 5783 Quod
2175 5717 2219 5772 si
2235 5716 2354 5786 ipse
2367 5732 2473 5771 non
2487 5714 2829 5781 confiteatur,
2848 5727 3032 5787 aperte
3048 5724 3223 5774 autem
3243 5717 3458 5771 convin.

1951 5825 1969 5858 ι
2009 5808 2056 5861 ci
2097 5821 2204 5861 non
2239 5806 2499 5876 potuerit,
2543 5806 2690 5862 illius
2734 5807 3031 5883 quoqueci
3060 5807 3152 5861 fiat
3183 5814 3452 5877 potestas.

1943 5895 2143 5956 BALS.
2180 5894 2471 5960 Sacerdos,
2497 5895 2588 5965 qui
2621 5904 2747 5953 ante
2782 5896 3186 5952 ordinationem
3216 5895 3456 5952 fornica-
