3974 6346
556 397 687 463 ιριο
1791 363 2497 463 imm-Busirim
2615 450 2699 463 ..

569 440 841 546 lauerat,
884 489 1167 549 peccatum
1199 484 1294 526 sua
1336 478 1526 536 sponte
1571 473 1688 529 pust
1725 460 2120 514 ordinationem
2153 466 2173 517 ,ι

2279 457 2577 526 μολόγησεν
2610 450 2751 505 ἑκὼν
2781 447 2914 520 μετά
2963 446 3057 516 τὴν
3101 442 3443 515 χειροτονίαν
3470 441 3565 508 τὴν
3598 440 3793 506 ἁμαρο

557 577 738 633 fassus
784 529 904 627 est.I
931 569 1123 620 Dicunt
1165 578 1291 631 ergo
1341 559 1546 618 Patres,
1593 569 1756 618 eum,
1801 560 1858 603 ut
1889 552 1980 619 qui
2014 564 2112 602 sua

2273 552 2365 602 αν.
2396 546 2565 601 Φασὶν
2599 544 2692 597 οὖν
2713 545 2761 594 οἱ
2791 540 3030 607 Πατέρες
3065 539 3156 589 τὸν
3194 534 3437 587 τοιοῦτον
3490 531 3565 592 ὡς
3629 529 3798 581 αὐτος

560 623 755 735 sponte
793 664 974 716 fassus
1010 658 1104 719 sit,
1142 670 1170 705 a
1206 649 1460 706 sacrificii
1497 647 1713 715 quidem
1749 641 2116 696 celebratione

2273 641 2388 702 ιλῶς
2438 635 2980 707 ἐξομολογησάμενον
3010 629 3109 696 τῆς
3141 628 3240 697 μὲν
3302 623 3638 735 ίερουργίῗς
3665 636 3801 722 παίν-

561 713 803 815 c;s.~are,
839 752 1039 806 habere
1079 755 1259 800 autem
1294 743 1394 794 alia
1428 738 1770 793 sacerdotum
1809 733 2116 804 privilegia,

2273 735 2406 802 ιγναι,
2436 730 2579 800 ἔχειν
2605 728 2660 780 δὲ
2685 725 2848 780 τᾶλλα
2865 721 3138 792 προνόμια
3170 718 3277 771 τῶν
3307 715 3521 785 ἱερέων,
3547 713 3801 781 δηλονότι

564 850 774 903 scilicet
804 861 924 897 cum
968 837 1346 893 sacerdotibus
1385 821 1726 890 cathedram,
1756 835 2122 878 sacramento-

2273 837 2322 896 Ἰν
2353 825 2493 894 μετὰ
2537 820 2646 872 τῶν
2677 819 2868 887 ίερέων
2904 812 3201 883 καθέδραν,
3252 810 3353 878 τὴν
3407 808 3468 860 ἐν
3502 805 3581 875 τῷ
3609 803 3804 903 θέλσιαῒ

513 989 516 992 .
564 957 684 994 rum
722 942 773 990 in
805 934 960 989 altari
997 929 1494 1000 participationem,
1523 929 1577 975 et
1605 921 1710 973 alia
1742 917 1990 987 quaedam
2025 931 2039 966 :
2072 922 2126 966 et

2273 892 2438 989 τηρίῳ
2488 915 2597 968 τῶν
2665 909 3024 979 ἄγιασμάτων
3090 902 3412 974 μετάληψιν,
3479 897 3576 950 καὶ
3639 892 3805 1000 εκτερά

570 1031 802 1084 maxime
834 1028 876 1079 si
915 1027 988 1078 sit
1018 1015 1570 1073 virtutisxstudiosus.
1597 1010 1825 1065 Perinde
1853 1017 2033 1060 autem
2066 1019 2129 1058 ac

2273 987 2373 1073 ινα,
2407 1008 2503 1060 καὶ
2573 1004 2808 1075 μάλιστα
2861 1002 2956 1053 ἐὰν
3041 997 3178 1067 πρὸς
3223 993 3426 1064 ἀρετὴν
3507 987 3806 1084 σπουδαῖός

570 1119 617 1169 si
646 1116 869 1167 dixisset
895 1109 1186 1178 quispiam,
1212 1105 1315 1157 alia
1344 1115 1570 1170 quoque
1599 1103 1815 1166 peccata
1844 1093 1994 1162 sequi
2027 1093 2134 1143 for-

2273 1120 2399 1154 στιν.
2432 1101 2526 1163 Ὧς
2577 1114 2722 1159 τινος
2751 1095 2808 1147 δὲ
2853 1091 3097 1150 εἰπόντος
3161 1083 3550 1139 ἐπακολουθεῖν
3583 1079 3670 1149 τῷ
3707 1081 3806 1130 πά-

574 1205 861 1260 nii-ationis
898 1201 1108 1260 vitium,
1142 1209 1496 1253 consensum,
1527 1204 1721 1243 manus
1751 1183 2134 1241 contrectatio-

2273 1212 2320 1246 Et
2347 1193 2451 1260 τῆς
2486 1189 2744 1260 πορνείας
2771 1187 2863 1238 καὶ
2913 1183 3047 1237 ἄλλα
3073 1182 3193 1234 τινὰ
3232 1178 3634 1246 ἁμαρτήματα,
3673 1186 3802 1235 συγο

575 1313 720 1355 nem,
758 1294 966 1352 osrula.
1002 1299 1054 1343 et
1089 1285 1396 1355 huiusmodi
1430 1283 1568 1343 alia;
1601 1289 1654 1333 et
1682 1280 1749 1332 ab
1788 1278 1854 1331 iis
1884 1274 2132 1344 impediri

2276 1283 2551 1344 ατάθεσιν,
2604 1280 2747 1347 ἁφὴν
2803 1274 3007 1345 χειρὸς,
3043 1272 3345 1340 φιλήματα,
3405 1264 3498 1316 καὶ
3546 1261 3805 1355 τοιαῦτα,

574 1403 697 1441 cum
727 1386 817 1452 qui
858 1383 1035 1434 lassus
1066 1390 1170 1438 ρει,
1201 1393 1265 1428 ne
1296 1375 1490 1426 haheat
1520 1369 1821 1425 sacerdotis
1851 1369 2132 1421 honorem:

2278 1379 2334 1429 al.
2363 1376 2472 1428 ἀπὸ
2493 1375 2691 1426 τούτων
2716 1365 3104 1439 ἐμποδίζεσθαι
3137 1366 3229 1414 τον
3276 1353 3604 1429 ὲξομολογού
3617 1369 3808 1422 μενον,

575 1446 972 1544 subjunxerunt
1002 1469 1214 1529 Patres,
1248 1466 1399 1533 quod
1435 1462 1690 1529 quoniam
1723 1460 1790 1512 ab
1821 1456 2136 1526 hujusmodi

2273 1485 2380 1520 »στε
2420 1467 2563 1535 ἔχειν
2585 1465 2750 1533 τιμὴν
2776 1463 2985 1531 ίερὲως.
3019 1457 3295 1522 ἐπήγαγον
3321 1455 3370 1504 οἱ
3445 1449 3694 1515 Πατέρες
3714 1446 3806 1504 ὡς,

580 1539 793 1619 delictis
833 1577 935 1613 non
976 1559 1268 1624 impeditur
1298 1553 1590 1623 quispiam,
1627 1549 1922 1619 quominus
1955 1549 2020 1600 ad
2053 1561 2139 1602 sa-

2273 1559 2362 1611 πεὶ
2386 1559 2492 1609 ἀπὸ
2518 1557 2776 1607 τοιούτων
2836 1546 3254 1619 ἁμαρτημάτων
3302 1543 3402 1594 οὐκ
3452 1539 3806 1608 ἑμποδίζεταί

581 1649 882 1703 ccrdotium
940 1648 1295 1714 provehatur,
1334 1644 1463 1708 quia
1515 1641 1630 1692 haec
1674 1637 1742 1690 ab
1797 1636 2142 1690 ordinatione

2279 1668 2324 1711 ις
2357 1651 2435 1713 είς
2459 1647 2757 1716 ἱερωσύνην
2793 1635 3351 1711 προαναϐιὸασθῆναι,
3382 1634 3468 1686 διὰ
3502 1633 3560 1686 τὸ
3584 1627 3808 1682 λύεσθαι

587 1741 906 1798 solvuntur,
957 1750 1062 1787 non
1109 1732 1431 1800 impedictur
1471 1731 1536 1782 ab
1569 1729 1670 1793 iis,
1711 1726 2007 1795 quominus
2038 1729 2142 1780 alia

2277 1742 2418 1795 αὕτα
2459 1739 2562 1792 ὑπὸ
2588 1737 2688 1804 τῆς
2721 1733 3073 1804 χειροτονίας,
3101 1731 3161 1781 οὺ
3218 1727 3594 1795 κωλυθήσεται
3629 1723 3693 1788 ἐξ
3724 1725 3810 1773 αύ-

589 1831 782 1882 Iiabeal.
809 1825 1106 1895 privilegia.
1143 1821 1202 1874 Et
1228 1822 1341 1875 lucc
1371 1821 1610 1888 quidem,
1641 1819 1857 1888 quando
1887 1818 2144 1871 sacerdos

2273 1835 2353 1886 ῶν
2379 1833 2521 1901 ἔχειν
2548 1834 2616 1880 τὰ
2645 1829 2778 1882 ἄλλα
2813 1828 3111 1892 προνόμια.
3135 1821 3247 1871 Καὶ
3273 1818 3452 1871 ταῦτα
3521 1818 3646 1886 μὲν,
3687 1815 3813 1866 ὅταν

588 1932 743 1970 suum
799 1925 1075 1982 peccatum
1124 1915 1414 1965 coul'cssus
1453 1910 1634 1962 fuerit.
1683 1907 1775 1960 Sin
1819 1919 1996 1960 autem
2043 1921 2142 1959 nec

2273 1923 2485 1991 ,ἱερεὺς
2567 1921 3029 1989 ἐξομολογήσηται
3105 1915 3164 1965 τὸ
3204 1912 3540 1984 ἁμάρτημα·
3609 1907 3712 1958 ἐὰν
3762 1905 3810 1956 δὲ

588 2008 870 2059 confessus
905 2018 1003 2054 nec
1043 2013 1225 2069 aperte
1259 2003 1545 2053 cont-ictus
1583 1999 1765 2060 fuerit,
1804 1998 1952 2050 nullo
1987 1997 2146 2050 modo

2273 2015 2393 2082 ιήτε
2417 2013 2733 2081 ὁμολογήσῃ
2758 2013 2892 2079 μήτε
2915 2011 3144 2080 ἐλεγχθῇ
3176 2006 3445 2078 φανερῶς,
3471 1995 3812 2053 οὖδεπωσοῦν

585 2096 1040 2170 Ιθὺοίυριυιιιιιιιτ,
1075 2092 1166 2144 scd
1199 2093 1250 2143 in
1288 2091 1406 2158 ejus
1440 2098 1705 2157 potestate
1736 2088 1838 2141 erit
1868 2102 2028 2142 sacra
2061 2103 2149 2140 cc-

2273 2105 2807 2173 ταρασοιλευθήσεται
2835 2122 2846 2133 ·
2871 2102 3005 2155 ἀλλά
3040 2100 3171 2164 παρ’
3212 2097 3361 2168 αὐτῷ
3393 2094 3640 2147 κείσεται
3675 2088 3814 2151 ἐξου-

588 2188 802 2241 lebrare
832 2187 911 2237 vel
944 2199 1178 2245 cessare,
1221 2191 1380 2252 prout
1414 2183 1460 2235 ei
1494 2197 1590 2233 sua
1621 2181 1843 2233 dictarit
1869 2180 2150 2233 conscien-

2273 2199 2342 2249 ria
2379 2198 2472 2250 τοῦ
2497 2197 2800 2265 ἱερουργεῖν
2838 2196 2868 2264 ἢ
2917 2192 3228 2245 παύσασθαι
3297 2188 3436 2257 πρὸς
3483 2185 3544 2236 τὸ
3619 2182 3815 2232 οἰκεῖον

589 2280 706 2343 tia;
761 2278 1212 2344 quemadmodum
1268 2276 1313 2330 si
1371 2275 1658 2328 convictus
1713 2271 1907 2336 luerit,
1958 2270 2153 2325 exinde

2273 2289 2492 2350 ςυνειδός
2521 2305 2533 2317 ’
2568 2287 2761 2355 ὥσπερ
2794 2288 2886 2339 ἐὰν
2919 2285 3174 2354 ἐλεγχθῇ,
3220 2277 3559 2338 ἀπεντεῦθεν
3622 2273 3813 2326 act-19m.

590 2371 913 2435 depouelur,
944 2377 996 2419 et
1027 2383 1124 2419 nec
1150 2369 1356 2419 honore
1385 2379 1484 2417 nec
1513 2365 1620 2416 alio
1653 2364 1937 2433 privilegio
1959 2363 2154 2432 dignus

2273 2379 2567 2451 δεθήσεται,
2593 2381 2686 2430 καὶ
2710 2377 3057 2446 ούδὲτιμῆςῆ
3102 2375 3261 2428 ἄλλου
3314 2371 3620 2441 προνομῐου
3665 2365 3819 2428 ἀξιω-

2175 1789 2216 1845 Β

594 2460 900 2512 habebitur.
932 2457 1095 2527 410
1122 2456 1449 2524 Adjecerunt
1482 2467 1660 2509 autem
1696 2453 1884 2508 Patres
1913 2463 2152 2520 apertam

595 2548 1008 2615 probationem,
1048 2561 1112 2597 co
1152 2544 1294 2612 quod
1339 2560 1500 2597 nemo
1540 2545 1879 2611 deponatur,
1922 2543 2024 2595 nisi
2063 2557 2158 2611 per

595 2647 806 2705 apertas
824 2638 1188 2704 probationes,
1214 2635 1418 2687 scilicet
1447 2649 1546 2702 per
1568 2633 1977 2686 allirmationem
2005 2634 2162 2701 quin—

593 2742 699 2794 que
737 2728 956 2779 testium
981 2723 1306 2794 jurantiuui.
1338 2725 1478 2777 Dicit
1509 2733 1686 2776 autem
1723 2723 1886 2775 etiam
1919 2723 1998 2775 lex
2033 2724 2162 2775 ciri-

595 2819 697 2882 lis;
745 2817 934 2870 Melius
983 2827 1065 2871 est
1112 2827 1330 2884 peccata
1373 2814 1608 2882 relinqui
1645 2815 1943 2881 impunita,
1999 2829 2160 2881 quam

598 2908 814 2974 aliquos
846 2908 964 2959 sine
996 2919 1161 2956 causa
1197 2903 1401 2970 puniri.
1439 2902 1579 2972 Lege
1612 2911 1667 2954 et
1697 2917 1960 2954 cauoncm
1994 2902 2163 2955 sancti

597 2996 810 3057 Basilii,
846 2998 910 3048 ‘27
948 3005 1000 3049 et
1035 2997 1302 3049 novellam
1336 2995 1405 3049 29
1444 2994 1650 3047 domini
1685 2991 1885 3047 Leonis
1919 2991 2166 3046 Philoso-

2259 2472 2508 2538 θήσεται.
2552 2469 2881 2542 Προσέθεντο
2935 2465 2990 2518 δὲ
3025 2465 3078 2519 οἱ
3130 2461 3368 2531 Πατέρες
3418 2459 3510 2512 τὸν
3588 2453 3817 2523 φανερὸν

2259 2562 2503 2629 ἔλεγχον,
2537 2561 2625 2613 διὰ
2652 2561 2712 2611 τὸ
2747 2559 2952 2629 μηδένα
2977 2555 3362 2624 καθαιρεῖσθαι
3393 2552 3442 2605 εί
3493 2549 3570 2621 μὴ
3609 2548 3702 2602 διὰ
3727 2563 3818 2613 φα·

2260 2653 2433 2720 νερῶν
2459 2651 2814 2714 ἀποδείξεων,
2881 2652 3001 2718 ἢτοι
3055 2649 3142 2701 διὰ
3194 2647 3548 2705 καταθέσεως
3621 2641 3817 2711 papa-.3-

2267 2760 2376 2812 ρων
2440 2743 2601 2795 πέντε
2665 2743 2999 2811 όμνυόντων.
3076 2741 3213 2808 Φησὶ
3275 2739 3331 2791 δὲ
3381 2738 3476 2790 καὶ
3538 2737 3566 2787 ὁ
3622 2735 3815 2801 νόμος·

2268 2836 2537 2900 Κρεῑττόν
2567 2837 2684 2886 ὲστι
2715 2836 2784 2886 τὰ
2810 2833 3178 2904 ἁμαρτήματα
3192 2831 3527 2898 ἀνεκδίκητα
3558 2825 3816 2890 καταλιμ-

2269 2926 2556 2987 πάνεσθαι,
2592 2926 2806 2996 ἧτινας
2829 2924 3103 2985 ἀναιτίους
3139 2922 3481 2986 κολάζεσθαι.
3527 2915 3817 2986 Ἀνάγνωθι

2268 3018 2478 3070 καὶτὸν
2536 3019 2615 3081 κζ’
2647 3019 2846 3070 κανόνα
2877 3017 2970 3069 τοῦ
3011 3016 3168 3082 ἁγίου
3248 3012 3533 3067 Βασιλείου
3581 3011 3678 3062 καὶ
3729 3009 3818 3077 τὴν

604 3089 719 3155 phi,
750 3096 802 3139 et
836 3103 899 3140 ex
936 3087 1453 3157 interrogationibus
1487 3085 1648 3140 laetis
1680 3088 1733 3138 in
1769 3086 1979 3156 synodo
2016 3087 2162 3138 Con-

2273 3104 2340 3158 οθ¹
2363 3109 2558 3176 νεαρὰν
2585 3106 2678 3158 τοῦ
2715 3107 2974 3174 βασιλέως
3001 3106 3192 3174 κυρίου
3241 3104 3465 3165 Λέοντος
3529 3102 3627 3155 τοῦ
3680 3100 3817 3152 $0.0-

601 3180 1076 3244 stautinOpolitana
1101 3179 1597 3246 interpretationem
1643 3180 1915 3246 responsi,
1934 3177 2162 3229 dicentis

602 3270 862 3322 laeui-um
906 3271 1023 3322 loco
1053 3269 1260 3321 censeri
1292 3283 1418 3332 eos,
1448 3268 1539 3337 qui
1571 3268 1801 3336 depositi
1836 3268 2038 3322 fuerint
2065 3286 2078 3320 :
2113 3276 2165 3322 et

602 3363 690 3415 dic
738 3363 958 3430 paucis,
1007 3361 1144 3427 quod
1181 3370 1263 3414 est
1301 3359 1602 3412 dill'erentia
1635 3359 1753 3427 ejus
1788 3360 1878 3428 qui
1924 3360 2168 3426 pecravit

606 3460 732 3504 ante
756 3451 1150 3504 ordinationem
1177 3458 1230 3503 et
1260 3451 1546 3505 confessus
1576 3459 1660 3503 est
1688 3457 1743 3502 et
1775 3448 1890 3514 ejus
1920 3450 2009 3518 qui
2039 3464 2166 3518 pro-

609 3549 726 3605 pter
773 3541 980 3592 crimen
1015 3531 1412 3592 condemnatus
1455 3549 1535 3591 est
1581 3549 1704 3608 post
1745 3540 2166 3592 ordinationem.

609 3629 869 3683 Similiter
908 3639 959 3683 et
996 3630 1117 3699 ejus
1152 3616 1242 3699 qui
1281 3630 1383 3683 fuit
1430 3630 1682 3697 digamus
1716 3637 1839 3696 post
1868 3630 2167 3683 ordinatio-

609 3733 754 3785 nem,
798 3728 850 3772 ct
904 3722 1024 3787 ejus
1071 3722 1159 3772 cui
1211 3719 1574 3772 sacerdotiqu
1621 3720 1859 3772 ablatqu
1912 3731 2014 3773 est.
2066 3720 2169 3784 Qui

605 3812 787 3873 enim,
827 3813 969 3878 quod
1004 3822 1125 3864 ante
1168 3811 1562 3864 ordinationem
1631 3809 1939 3874 commisit,
1977 3825 2168 3879 pecca-

614 3909 728 3953 tum
761 3903 1047 3956 conl'essus
1073 3910 1180 3964 est,
1217 3903 1286 3954 ab
1325 3902 1600 3953 ol'l‘crendo
1632 3910 1839 3953 tantum
1872 3902 2173 3956 removebi-

616 4001 729 4055 tur,
763 3993 857 4046 sed
892 3992 1219 4045 sacerdotali
1253 3991 1512 4045 cathedra
1546 3991 1743 4059 dignus
1776 3991 2086 4061 habebitur,
2118 4000 2172 4045 et

615 4084 840 4151 reliquis
870 4084 1159 4152 ejusmodi,
1217 4095 1275 4137 ut
1307 4084 1426 4136 vult
1455 4097 1626 4136 canon
1660 4083 1728 4136 89
1761 4084 1932 4136 sancti
1965 4083 2167 4138 Basilii.

615 4175 718 4238 Qui
747 4183 925 4227 autem
956 4175 1250 4227 secundant
1282 4188 1506 4225 uxorem
1545 4172 1720 4234 duxit,
1753 4183 1805 4225 et
1831 4187 1890 4226 se
1915 4186 1981 4227 eo
2012 4174 2173 4226 modo

619 4264 923 4318 sacerdotio
954 4264 1120 4315 movit
1151 4303 1165 4327 ,
1202 4262 1541 4327 ministeriis,
1589 4277 1707 4330 qua:
1736 4270 1862 4315 sunt
1903 4271 2055 4315 extra
2086 4277 2173 4316 sa-

620 4369 774 4408 crum
811 4353 1068 4419 tribunal,
1096 4354 1290 4422 dignus
1320 4353 1628 4407 habebitur.
1659 4353 1761 4406 Sed
1788 4354 1883 4420 qui
1917 4362 2000 4409 est
2040 4368 2173 4407 oon-

620 4445 931 4508 demnatus,
974 4459 1038 4498 ne
1071 4446 1182 4497 haec
1213 4443 1430 4512 quidem
1463 4443 1753 4508 exercebit,
1787 4443 1878 4497 sed
1914 4444 1966 4496 in
2009 4444 2174 4497 laico-
2205 4480 2250 4533 υ

623 4549 740 4586 runt
775 4535 952 4586 locum
998 4534 1288 4600 rejicietur.
1325 4529 1466 4600 Lege
1505 4547 1628 4601 syn.
1678 4532 1732 4584 in
1782 4532 1970 4585 Trullo
2006 4547 2174 4585 cano-

625 4641 745 4677 nem
774 4625 837 4676 ΩΙ
871 4631 926 4675 et
950 4621 1039 4685 26,
1071 4633 1122 4674 et
1153 4639 1270 4691 qua:
1300 4630 1425 4676 sunt
1457 4624 1509 4675 in
1542 4625 1694 4690 ipsis.
1727 4623 1796 4676 79
1832 4631 2008 4677 autem
2041 4625 2172 4693 imp.

625 4715 829 4767 domini
863 4713 1061 4767 Leonis
1102 4711 1375 4779 Sapientis
1407 4712 1651 4776 novella,
1697 4714 1778 4766 sic
1821 4728 1878 4768 se
1911 4714 2072 4768 habet
2108 4715 2175 4767 ad

627 4801 888 4854 verbum:
920 4801 1050 4865 Qua:
1082 4799 1188 4854 Deo
1217 4801 1383 4854 semel
1423 4811 1548 4855 sunt
1577 4811 1925 4868 consecrata,
1969 4819 2030 4857 ea
2069 4819 2178 4857 non

627 4904 749 4942 esse
775 4889 1065 4940 auferenda
1101 4888 1358 4941 constitui
1389 4897 1633 4956 oportet;
1670 4888 1831 4957 idque
1864 4905 1968 4943 non
2000 4891 2176 4944 solum

632 4978 686 5030 in
732 4978 897 5030 rebus
947 4976 1196 5043 pretiosis
1243 4979 1606 5042 consecratis,
1654 4977 1751 5032 sed
1806 4977 1971 5032 multo
2015 4981 2177 5032 etiam

635 5067 806 5134 magis
850 5068 905 5120 in
959 5065 1306 5131 hominibus,
1352 5067 1544 5136 quibus
1576 5083 1668 5135 per
1714 5067 2030 5120 clericalum
2073 5066 2180 5119 Deo

635 5155 905 5212 dedicatio
941 5155 1200 5220 accessit;
1231 5157 1468 5223 etiamsi,
1515 5157 1816 5225 cujusuiodi
1860 5159 2027 5212 multa
2058 5167 2183 5211 sunt

637 5244 874 5297 humana
893 5245 1109 5309 delicta,
1135 5248 1202 5298 ab
1227 5260 1290 5298 eo
1315 5247 1522 5312 ordine,
1555 5247 1606 5300 in
1638 5265 1764 5316 quo,
1795 5259 1851 5302 ut
1875 5265 1933 5303 se
1958 5251 2182 5305 honeste

635 5337 998 5406 prteclareque
1022 5347 1288 5405 gererent,
1313 5337 1466 5391 electi
1493 5349 1641 5403 sunt,
1665 5341 2004 5408 tyrannidem
2031 5359 2184 5398 exer-

636 5442 768 5480 cens
815 5441 909 5480 eos
959 5438 1235 5494 peccatum
1281 5429 1596 5484 detruserit.
1629 5430 1840 5487 Veteris
1883 5434 2064 5502 itaque
2112 5435 2186 5486 le-

636 5521 908 5590 gislatoris
936 5519 1235 5574 institutum
1272 5538 1378 5576 non
1411 5523 1770 5589 admittimus,
1806 5527 1895 5592 qui
1929 5528 2040 5579 vult
2064 5542 2186 5597 pre-

641 5613 910 5679 sbyterum
936 5612 1017 5665 vel
1048 5612 1332 5667 diaconum
1364 5616 1443 5669 vel
1471 5617 1886 5680 subdiaconum,
1911 5619 2002 5686 qui
2035 5627 2185 5685 post-

642 5717 803 5769 quam
830 5704 878 5758 ei
909 5718 1103 5759 manus
1129 5715 1208 5762 est
1232 5705 1498 5774 imposita,
1517 5725 1639 5764 cum
1663 5709 1884 5763 muliere
1911 5708 2188 5779 conjungi-

2275 3198 2459 3263 σόφου,
2486 3198 2582 3248 καὶ
2615 3198 2722 3248 ἀπὸ
2764 3196 2871 3250 τῶν
2912 3197 3213 3264 γεγονυιῶν
3279 3195 3604 3265 ἐρωτήσεων
3628 3194 3705 3252 εἰς
3734 3190 3818 3256 τὴν

2268 3287 2566 3355 ἑρμηνείαν
2591 3288 2686 3356 τῆς
2725 3289 3097 3356 ἀποκρίσεως,
3127 3288 3225 3355 τῆς
3275 3286 3545 3354 λεγούσης
3597 3285 3681 3345 είς
3738 3285 3818 3332 τὴν

2268 3381 2433 3431 τόπον
2456 3380 2743 3431 τάττεσθαι
2795 3379 2899 3433 τῶν
2945 3377 3146 3430 λαῖκῶν
3195 3377 3321 3440 τοὺς
3354 3376 3776 3446 καθαιρεθέντας
3805 3385 3819 3401 ⁹

2273 3472 2368 3522 καὶ
2409 3471 2738 3538 συναγαγὼν
2777 3472 2896 3522 εἰπὲ
2922 3472 3000 3522 ὅτι
3033 3470 3270 3539 διαφορά
3303 3471 3419 3521 ἐστι
3465 3467 3559 3519 τοῦ
3595 3468 3706 3537 πρὸ
3733 3467 3819 3531 τῇς

2274 3561 2612 3627 χειροτονίας
2681 3559 3061 3628 ἡμαρτηκότος
3124 3560 3219 3612 καὶ
3263 3557 3818 3626 ἐξομολογησαμένου.

2270 3653 2364 3703 καὶ
2401 3650 2493 3702 τοῦ
2519 3651 3012 3712 καταδικασθέντος
3092 3650 3182 3703 διὰ
3229 3650 3484 3719 ἔγκλημα
3543 3651 3689 3719 μετά
3733 3650 3819 3711 τὴν

2268 3741 2603 3810 χειροτονίαν
2633 3755 2648 3769 ⁸
2699 3742 2954 3803 ὡσαύτως
2986 3743 3079 3794 ml.
3118 3741 3213 3793 τοῦ
3247 3742 3646 3811 διγαμήσαντος
3699 3738 3821 3804 μετὰ

2270 3831 2373 3898 τὴν
2407 3831 2769 3901 χειροτονίαν,
2802 3835 2893 3884 καὶ
2924 3833 3313 3901 ἀφαιρεθέντος
3341 3834 3440 3900 τὴν
3506 3831 3818 3901 ἱερωσύνην.

2282 3922 2340 3974 Ὀ
2370 3924 2468 3990 μὲν
2500 3923 2609 3991 γὰρ
2642 3924 3175 3993 ἐξομολογησάμενος
3211 3924 3309 3993 τὴν
3353 3924 3460 3991 πρὸ
3487 3923 3586 3990 τῆς
3647 3938 3820 3992 χειρο-

2270 4015 2452 4076 τονίας
2478 4015 2754 4084 ἁμαρτίαν
2801 4017 2966 4083 μόνου
2994 4014 3098 4067 τοῦ
3127 4016 3458 4084 προσφέρειν
3502 4014 3820 4081 στερηθήσε-

2269 4121 2360 4155 ται
2389 4119 2405 4135 ·
2431 4104 2703 4173 καθέδρας
2720 4104 2777 4157 δὲ
2819 4106 3100 4174 ἱερατικῆς
3116 4089 3485 4173 ἀξιωθῆσεται
3506 4104 3599 4157 καὶ
3619 4101 3822 4156 λοιπῶν

2270 4192 2552 4259 τοιούτων,
2596 4198 2734 4248 κατὰ
2759 4198 2852 4248 τὶν
2882 4193 2967 4248 1:0'
2987 4195 3185 4248 κανόνα
3208 4196 3301 4250 τοῦ
3333 4196 3493 4262 ἁγίου
3526 4194 3818 4246 Βασιλείαν.

2213 4327 2221 4333 .
2281 4279 2344 4334 Ὀ
2384 4283 2439 4334 δὲ
2518 4285 2846 4353 διγαμήσας,
2898 4288 2990 4338 καὶ
3055 4286 3243 4338 ἑαυτὸν
3305 4287 3735 4352 τοιουτοτρόπως
3769 4287 3821 4336 ἐκ

2275 4372 2376 4441 τῆς
2407 4373 2707 4443 ἱερωσύνης
2744 4379 3141 4446 μετακινήσας,
3176 4379 3283 4429 τῶν
3321 4377 3426 4441 ἔξω
3462 4377 3553 4436 τοῦ
3588 4378 3820 4448 βήματος

2271 4464 2555 4520 διακονιῶν
2584 4467 2964 4535 ἀξιωθήσεται.
3028 4469 3088 4520 '0
3142 4469 3201 4521 δδ
3234 4469 3649 4531 καταδικασθεὶς
3715 4470 3820 4522 οὐδὲ

2274 4553 2445 4603 ταῦτα
2471 4554 2774 4623 ἐνεργήσει,
2810 4555 2924 4610 ἀλλ’
2969 4556 3052 4618 εἷς
3110 4558 3200 4609 τὸν
3245 4557 3410 4610 τόπον
3453 4559 3559 4611 τῶν
3622 4557 3818 4612 λαίκῶν

2280 4642 2596 4711 ριφήσεται.
2639 4646 2936 4712 ’Δνάγκιωθι
2965 4654 3058 4699 καὶ
3089 4649 3187 4717 τῆς
3212 4649 3271 4700 ὲν
3293 4637 3368 4716 τῷ
3392 4649 3650 4718 Τρούλλῳ
3711 4668 3818 4706 συν-

2286 4731 2411 4783 όδου
2442 4733 2638 4785 κανόνα
2669 4735 2752 4786 κα’
2775 4740 2865 4789 καὶ
2901 4738 2971 4788 τὰ
2999 4739 3056 4790 εν
3083 4738 3284 4799 αὐτοῖς.
3351 4738 3412 4790 Ἠ
3444 4739 3501 4790 δὲ
3545 4742 3622 4790 σθ’
3669 4740 3817 4806 νε.)ρὰ

2279 4822 2372 4874 τοῦ
2404 4823 2667 4890 βασιλέως
2695 4830 2862 4894 κυροῦ
2898 4829 3124 4890 Λέοντος
3160 4828 3252 4880 τοῦ
3281 4829 3455 4896 Σοφοῦ
3511 4830 3627 4898 ἔχει
3695 4831 3814 4883 κατὰ

2283 4909 2435 4978 ῥῆμα
2472 4910 2640 4973 οὕτως
2676 4929 2689 4941 ·
2728 4913 2807 4964 Τὰ
2838 4914 2985 4977 ἆπαξ
3010 4916 3407 4986 ἀνατεθειμένα
3428 4917 3506 4986 τῷ
3534 4918 3659 4988 Θεῷ
3703 4921 3814 4972 ἀνι·

2284 5000 2516 5067 φαίρετα
2548 5003 2656 5053 δεῖν
2688 5001 2832 5056 εἶναι
2861 5005 3243 5070 καθίστασθαι,
3271 5009 3543 5062 καὶτοῦτο
3579 5013 3639 5062 ού
3675 5011 3815 5078 μόνον

2282 5089 2371 5140 ἐπὶ
2398 5094 2695 5162 κειμηλίων
2722 5097 3128 5164 ἀνιερωμένων,
3150 5099 3286 5151 ἀλλὰ
3316 5100 3450 5153 πολὺ
3494 5100 3695 5168 μᾶλλον
3741 5102 3813 5151 ἐπ’

2283 5185 2611 5254 ἀνθρώπων,
2636 5183 2714 5249 οἷς
2744 5189 2831 5240 διὰ
2855 5190 2950 5241 τοῦ
2984 5191 3186 5259 κλήρου
3241 5193 3606 5259 προσγένηται
3638 5193 3670 5262 ἡ
3701 5193 3811 5260 πρὶς

2283 5275 2342 5326 τὸ
2413 5277 2554 5328 θεῖον
2590 5279 2862 5342 ἀνάθεσις,
2905 5279 3137 5346 xii/mia.
3190 5283 3356 5334 πολλά
3400 5283 3469 5334 τὰ
3526 5283 3813 5351 ἀνθρώπινα

2285 5370 2622 5437 πταίσματα,
2651 5371 2751 5435 τῆς
2779 5374 2986 5436 τάξεως
3013 5375 3070 5424 ὲν
3195 5374 3519 5441 διαπρέπειν
3571 5374 3811 5441 κατεκλη-

2287 5458 2564 5526 ρώθησαν,
2603 5461 2633 5526 ἡ
2669 5462 2927 5529 τύραννος
2982 5466 3178 5524 αὐτοὺς
3212 5465 3538 5535 ὲξωθήσειεν
3570 5464 3805 5535 ἁμαρτία.

2291 5550 2403 5600 Οὐκ
2430 5551 2818 5619 ἀποδεχόμενοι
2842 5553 2933 5605 οὖν
2959 5555 3056 5622 τῆς
3087 5555 3461 5623 προαιρέσεως
3478 5556 3570 5607 τὲπν
3607 5553 3807 5608 παλαιὸν

2287 5639 2673 5707 νομοθέτηνβς
2725 5643 2972 5710 βούλεται
3017 5645 3382 5714 πρεσῦύτερον
3446 5645 3478 5715 ἢ
3535 5641 3807 5708 διάκονονῆ

2292 5730 2662 5795 ύποδιάκονον,
2706 5734 2842 5799 μετὰ
2875 5735 2969 5802 τὴν
3003 5733 3088 5786 ἐπ’
3127 5737 3275 5807 αύτῷ
3311 5738 3654 5808 χειροθεσίαν
3679 5750 3808 5788 συνι-
