3974 6346
159 412 300 478 ῙΞΞΙ

1225 421 1305 480 ΙΝ
1347 423 1508 482 CAN.
1545 423 1594 481 Χ
1631 420 1843 482 CONC.
1881 422 2312 486 NEOCJ’SSAR.

3264 429 3400 495 12‘22

149 535 438 603 πετόμενον
481 537 720 604 γαμετῇ,
748 534 1028 598 παντελῶς
1052 538 1292 588 τοιούτου
1348 538 1716 602 ὑπεξίστασθα

1845 551 1952 606 tur,
1989 542 2056 595 ab
2103 558 2165 595 co
2216 541 2399 595 habitu
2446 541 2976 608 omniuo'excidcrc,
3022 552 3074 599 et
3116 546 3181 599 ad
3233 548 3394 600 vitam

150 626 466 694 σχήματος,
497 629 586 678 καὶ
631 627 768 695 πρὸς
799 628 888 680 τὸν
930 628 1118 680 λαῖκὸν
1182 629 1296 698 βίον
1387 632 1730 700 ἐπαναστρέ-

152 718 390 782 φεσθαι,
426 719 745 788 ἀκυροῠμεν
793 723 851 773 τὴ
874 722 1071 790 δόγμα.
1109 722 1459 793 Θεσπίζομεν
1498 723 1552 775 δὲ
1577 725 1734 793 μόνον

145 809 224 878 τῇ
260 808 607 877 ὑποχωρήσει
644 811 742 880 τῆς
771 811 974 874 τάξεως
1009 810 1093 878 ἐφ’
1150 805 1183 883 ᾖ
1243 813 1346 881 πρὸ
1401 810 1494 864 τοῦ
1553 814 1731 880 γάμου

147 899 540 966 ὲγνωρίζοντο,
578 903 864 972 ἀρκεῖσθαι
895 903 993 972 τὴν
1020 903 1174 972 δίκην
1238 905 1420 966 αὐτοῖς
1462 921 1474 932 ο

148 1083 304 1145 σίσις
340 1084 664 1153 ὑπηρεσίας,
698 1080 763 1154 ἧς
799 1087 1139 1153 ἐφάπτεσθαι
1173 1093 1273 1140 οὐκ
1333 1089 1611 1158 ἀθέμιτον,
1657 1091 1730 1160 μὴ

147 1176 480 1227 παντάπασι
518 1176 615 1244 τὴν
647 1177 1004 1248 ἀλλοτρίωσιν
1043 1181 1520 1244 καταδικάζεσῧαι.

221 1268 468 1322 ΖΩΝΑΡ.
524 1270 652 1322 Ἐάν
686 1287 768 1331 τις
799 1271 906 1340 πρὸ
934 1272 1031 1340 τῆς
1060 1275 1170 1334 εἰς-
1197 1275 1500 1345 ίερωσύιην
1549 1291 1728 1347 χειρο-

149 1361 341 1421 τονίσς
370 1362 590 1432 ἁμάρτῃ
618 1363 856 1431 σώματι,
885 1365 1056 1435 ἥγουν
1086 1367 1248 1437 μέχρι
1282 1368 1482 1437 μίξεως
1541 1385 1730 1440 σαρκι-

143 1452 258 1520 κῆς
290 1453 440 1524 ἔλθῃ,
498 1449 616 1506 εἶτα
667 1457 938 1528 προαχθῇ,
1007 1461 1133 1513 ἀντὶ
1187 1460 1301 1527 τοῦ,
1363 1463 1731 1533 πρεσϐύτερος

143 1543 537 1613 χειροτονηθῇ,
570 1546 663 1597 καὶ
697 1547 841 1616 μετὰ
883 1549 980 1619 τὴν
1034 1554 1375 1621 χειροτονίαν
1417 1554 1730 1625 ὁμολογήσῃ

140 1631 252 1702 τὴν
287 1635 595 1704 ἁμαρτίαν,
629 1641 968 1713 προσφέρειν
1043 1643 1142 1712 μὲν
1206 1645 1264 1696 οὖ
1338 1648 1724 1715 συγχωρεῖται,

141 1727 432 1781 τουτέστιν
496 1730 806 1800 ἱερουργεῖν
845 1748 858 1761 °
928 1738 1080 1802 μενεῖ
1107 1734 1162 1788 δὲ
1201 1737 1258 1789 ὲν
1331 1739 1444 1800 τοῖς
1526 1737 1724 1803 ἄλλοις,

137 1821 435 1873 τουτέστιν
474 1825 530 1875 ἐν
558 1826 622 1893 τῇ
657 1827 787 1894 τιμῇ
815 1825 928 1878 τῶν
966 1826 1178 1897 ἱερέων,
1222 1830 1283 1881 ἐν
1329 1832 1398 1900 τῇ
1457 1830 1728 1902 καθέδρᾳ,

139 1913 246 1966 καὶ
288 1915 346 1965 ἐν
372 1914 450 1984 τῷ
485 1914 862 1988 θυσιαστηρίῳ
923 1917 1032 1970 τῶν
1081 1920 1456 1990 ἀγιασμάτωνκ
1493 1923 1730 1995 μεταλή-

139 2004 336 2074 ψεται,
367 2007 462 2059 καὶ
493 2008 626 2061 ἄλλα
665 2007 778 2074 ἕξει
805 2010 1074 2080 προνόμια
1118 2011 1203 2065 διὰ
1237 2013 1333 2084 τὴν
1365 2013 1531 2086 ἄλλην
1560 2032 1728 2069 σπου-

141 2097 245 2168 δὴν
274 2100 587 2162 σπουδαῖος.
639 2099 1041 2172 Ἀμαρτήματα
1079 2104 1202 2174 γὰρ·
1240 2106 1308 2158 τὰ
1386 2107 1613 2173 ἐλάττω,
1661 2109 1728 2164 τὰ

141 2191 291 2261 ’πρὸς
349 2192 446 2258 τῆς
479 2194 676 2260 μίξεως
723 2194 947 2264 δηλαδὴ,
979 2193 1091 2248 οἷον
1114 2197 1212 2268 τὴν
1297 2199 1724 2265 συγκατάθεσιν,

136 2284 206 2334 τὸ
240 2283 480 2350 ἅψασθαι
514 2286 661 2356 χειρὶ
708 2288 993 2352 γυναικὸς,
1061 2285 1120 2339 τὸ
1178 2288 1344 2359 μέχρι
1418 2290 1726 2358 φιλήματος

138 2372 461 2441 προελθεῖν,
494 2375 526 2443 ἡ
559 2373 872 2444 χειροθεσία
905 2374 1042 2440 λύει,
1070 2376 1228 2445 φησί.
1263 2377 1375 2429 Καὶ
1419 2377 1540 2431 οὐδὲ
1570 2378 1726 2430 τοῦτο

138 2461 224 2526 ὡς
250 2464 679 2534 ὁμολογούμενον
698 2464 845 2530 εἷπε,
871 2468 1009 2520 ἀλλὰ
1034 2467 1476 2536 κεκολασμένως,
1493 2468 1721 2534 ἔφασαν,

137 2553 335 2617 εἰπὼν,
367 2558 413 2608 οί
447 2556 654 2619 πολλοὶ,
681 2557 802 2609 ἀντὶ
835 2557 952 2621 τοῦ,
981 2557 1055 2620 ὡς
1081 2559 1232 2626 πλιρὰ
1268 2574 1426 2609 τινων
1476 2555 1720 2624 λᾶγεται.

137 2645 210 2698 El
250 2647 349 2716 μὲν
373 2646 467 2700 οὖν
524 2648 686 2712 αὐτὸς
736 2649 998 2718 ὁμολογεῖ·
1021 2649 1081 2702 το
1107 2651 1432 2718 ἁμάρτημα,
1459 2649 1527 2701 τὰ
1564 2651 1720 2719 εἰρη-

138 2737 284 2808 μένα
313 2740 602 2811 γενήσεται
641 2758 652 2769 ·
675 2740 724 2793 εἰ
756 2740 812 2792 δὲ
841 2739 940 2810 οὐχ
977 2741 1232 2811 ὁμολογεῖ
1258 2741 1380 2793 οὕτε
1427 2741 1722 2810 προφανῶς

137 2831 447 2900 ἐλέγχοιτο,
529 2833 650 2886 τότε
683 2832 791 2903 χρὴ
814 2834 919 2903 τὴν
955 2833 1204 2898 ἐξουσίαν
1225 2833 1316 2884 τοῦ
1354 2834 1659 2899 ἱερουργεῖν
1690 2831 1722 2900 ἢ

138 2925 467 2980 παύσασθαι
524 2927 733 2980 ἐκεῖνον
761 2928 927 2996 ἔχειν,
955 2926 1067 2986 ἶνα,
1101 2926 1147 2976 εἰ
1181 2924 1422 2977 σύνοιδεν
1452 2924 1630 2994 ἑαυτῷ
1661 2926 1721 2977 τὸ

139 3019 471 3090 ἁμάρτημα,
506 3018 784 3088 παύσηται
853 3017 951 3084 τῆς
1002 3018 1345 3086 λειτουργίας
1390 3035 1404 3049 ο
1466 3019 1720 3088 κρεῖσσον

135 3110 272 3176 γὰρ,
321 3109 453 3177 φησι
488 3126 591 3161 που
621 3110 856 3178 ὁνόμος,
913 3107 978 3160 τὰ
1026 3109 1399 3177 ἁμαρτήματα
1449 3107 1717 3178 καταλιμι

137 3201 409 3255 πάνεσθαι
438 3203 781 3272 ἀνεκδίκητα,
816 3201 849 3273 ἦ
887 3217 1037 3262 τινας
1088 3199 1340 3260 ἀναιτίως
1375 3198 1728 3263 καλάξεσθαι.

1525 902 1619 956 τοῦ
1678 902 1733 956 δὲ

147 991 426 1062 κληρικοῦ
460 994 749 1062 σχήματος
799 997 890 1047 καὶ
937 996 1038 1063 τῆς
1073 996 1238 1066 ἄλλης
1270 999 1325 1050 ἐν
1351 999 1468 1058 ταῖς
1535 996 1734 1068 ἐκκλη-

1837 636 2031 689 laicam
2078 635 2253 688 redirc
2293 651 2306 687 :
2352 643 2401 687 ct
2435 635 2710 688 decretum
2750 636 3107 690 inliunamus.
3148 639 3402 692 Decerni-

1837 745 1960 782 mus
1997 737 2173 780 autem
2211 729 2386 781 solum
2421 738 2473 780 ut
2504 729 2713 783 ordinis
2746 732 3017 793 ccssionc,
3053 730 3106 783 in
3135 747 3243 799 quo
3273 741 3400 786 ante

1837 818 2241 871 matrimonimn
2292 821 2756 888 c0gnosrcbatur,
2807 823 3056 889 supplicii
3110 823 3243 874 satis
3285 825 3394 877 sit:

1833 910 2020 965 clerici
2054 921 2232 962 autem
2284 908 2534 975 habitus,
2585 895 2634 964 et
2673 913 2816 964 alius
2861 915 2911 964 in
2954 916 3199 968 ecclesiis
3237 916 3396 966 mini-

1835 1003 2016 1065 smrii,
2066 1003 2206 1068 quod
2257 1002 2407 1055 nefas
2453 1019 2557 1055 non
2608 1015 2689 1055 cst
2731 1006 3025 1074 attingere,
3072 1008 3396 1063 alienatione

1834 1109 1940 1146 non
1969 1092 2189 1146 omnino
2218 1095 2628 1148 condemnetur.

1904 1273 2159 1333 ZONAR.
2186 1277 2264 1341 Si,
2300 1294 2618 1348 priusquam
2649 1281 2821 1333 sacris
2849 1279 3131 1333 ordinibus
3158 1282 3398 1332 initiare-

1835 1380 1942 1436 tur,
1975 1385 2207 1438 corpore
2240 1371 2509 1440 quispiam
2547 1375 2870 1440 peccaverit,
2907 1373 3005 1423 hoc
3037 1352 3138 1436 est,
3172 1373 3235 1424 ad
3275 1373 3394 1424 libi-

1831 1447 2078 1516 dinosam
2114 1478 2283 1531 usque
2331 1478 2616 1530 corporum
2658 1463 3088 1517 commistionem
3144 1479 3395 1533 pt'ngrt's-

1817 1545 1927 1611 ‘Sus
1969 1556 2134 1609 fuerit
2159 1596 2171 1619 ,
2207 1555 2403 1608 deinde
2445 1571 2571 1608 vero
2608 1555 2908 1610 admissum
2939 1555 3145 1608 crimen
3177 1571 3396 1624 promo-

1833 1661 1942 1714 tus,
1980 1650 2080 1703 hoc
2114 1658 2215 1711 est,
2249 1646 2336 1701 ubi
2380 1648 2636 1702 Sacerdos
2661 1659 2873 1701 creatus
2908 1648 3103 1710 fuerit,
3136 1647 3394 1700 conliiea-

1832 1752 1954 1806 tur,
2015 1740 2246 1805 offerre,
2307 1741 2413 1797 .lioc
2470 1750 2584 1805 cst,
2634 1755 2789 1796 sacra
2851 1739 3127 1794 celebrare
3189 1738 3390 1791 homini

1835 1846 2175 1902 nequaquam
2219 1831 2444 1886 licebit:
2492 1843 2745 1885 exierunt
2782 1821 2920 1896 alia,
2963 1831 3170 1884 sciliCt-t
3209 1844 3391 1882 sacer-

1832 1925 2016 1978 dotum
2056 1923 2315 1978 honorem
2345 1963 2359 1987 ,
2408 1922 2682 1976 cathedra:
2717 1924 3126 1992 praerogativam
3147 1961 3162 1985 ,
3194 1922 3394 1991 jusque

1829 2024 2088 2084 prmterca
2137 2015 2189 2067 in
2234 2013 2391 2068 altari
2438 2013 2895 2073 conununicandi,
2930 2011 3202 2073 retinebit,
3245 2012 3395 2062 aliis-

1830 2122 1934 2175 que
1986 2106 2056 2160 ob
2103 2105 2236 2158 alias
2285 2105 2546 2169 virtutes,
2577 2105 2619 2158 si
2655 2103 2908 2158 nimirum
2938 2103 3059 2156 Vllzt‘
3092 2103 3300 2172 integer
3330 2116 3393 2154 ac

1828 2198 2044 2252 virtutis
2083 2196 2400 2251 exercendae
2446 2197 2720 2249 studiosus
2753 2197 2850 2256 sit,
2888 2195 3181 2264 privilegiis
3224 2195 3393 2247 COllO-

1827 2288 2157 2343 ncstabitur.
2220 2287 2355 2342 Nam
2414 2289 2620 2358 reliqua
2683 2289 2893 2341 minora
2947 2287 3218 2349 crimina,
3271 2301 3394 2352 qum

1828 2378 2076 2432 videlicet
2097 2379 2540 2448 conjunctionem
2562 2393 2848 2447 corporum
2870 2376 3394 2444 comitantur,quale

1825 2483 1909 2527 est
1943 2471 2170 2526 facinori
2208 2471 2496 2534 assentiri,
2530 2478 2869 2523 contrectare
2909 2485 3069 2523 manu
3111 2469 3390 2532 feminam,

1823 2563 2072 2617 osculum
2129 2576 2347 2630 quoque
2405 2561 2577 2614 eidem
2637 2558 2930 2629 impertiri,
3001 2559 3142 2621 haec,
3194 2558 3392 2628 inquit,

1826 2669 2086 2709 manuum
2133 2653 2479 2722 impositione
2522 2651 2808 2705 tolluntur.
2843 2649 3040 2705 Verum
3079 2667 3146 2706 ne
3179 2651 3229 2704 id
3271 2653 3394 2719 qui-

1825 2742 1946 2796 dem
1977 2752 2233 2810 tanquam
2260 2743 2484 2794 omnino
2519 2751 2750 2804 certum,
2783 2739 2873 2792 sed
2911 2756 3029 2792 cum
3059 2755 3118 2792 ca
3148 2741 3393 2791 modera-

1825 2835 1974 2887 tione
2001 2834 2192 2887 dixere
2232 2833 2422 2895 multi,
2463 2832 2561 2884 hoc
2588 2839 2707 2896 est,
2741 2840 2798 2883 ut
2833 2847 2860 2882 a
2892 2831 3219 2897 quibusdam
3257 2830 3390 2883 dici-

1823 2934 1933 2988 tur,
1967 2927 2322 2979 asseveravit.
2354 2926 2528 2992 Atque
2564 2923 2674 2977 lucc
2704 2924 2942 2993 quidem,
2974 2939 3038 2977 eo
3072 2926 3249 2977 scelus
3282 2938 3390 2976 non

1825 3015 2135 3083 inficiente,
2183 3017 2412 3070 tenenda
2448 3025 2595 3071 sunt.
2641 3014 2793 3083 Quod
2832 3017 2874 3070 si
2924 3032 3023 3070 nec
3066 3017 3156 3070 ille
3183 3017 3390 3070 crimen

1823 3109 1981 3164 fateri
2012 3109 2162 3172 velit,
2197 3123 2376 3176 neque
2407 3107 2698 3161 manifesto
2728 3109 2979 3161 convinci
3016 3118 3227 3176 potest;
3265 3114 3404 3158 tunc”

1841 3216 1996 3256 sacra
2053 3198 2357 3261 ministeria
2417 3199 2690 3262 obeundi.
2746 3200 2957 3284 veltab
3009 3200 3087 3254 eis
3140 3198 3389 3253 cessandi

135 3305 390 3367 potestas
416 3298 562 3351 illius
592 3297 819 3351 arbitrio
849 3297 1090 3366 permitti
1118 3295 1304 3362 debet;
1336 3305 1395 3349 ut
1455 3295 1500 3351 si
1565 3297 1780 3367 quidem
1808 3297 2141 3352 conscientia
2164 3294 2352 3359 ﬂagitii
2377 3298 2661 3363 premitur,
2686 3311 2785 3350 sua
2811 3305 3008 3364 sponte
3048 3308 3078 3347 a
3107 3308 3387 3348 sacrorqu

139 3405 436 3446 munerum
526 3391 804 3444 iunctione
872 3389 1120 3444 desistat.
1179 3389 1440 3444 lllalelicia
1519 3406 1774 3459 namque,
1843 3391 2043 3444 alicubi
2102 3390 2184 3442 lex
2245 3391 2349 3453 ita,
2406 3390 2584 3460 potius
2633 3388 2898 3457 impunita
2949 3387 3186 3448 dimitti,
3229 3398 3389 3454 quam

137 3484 534 3541 innocentibus
559 3483 981 3552 quibuscunque
1012 3495 1225 3550 poenam
1257 3478 1509 3548 irrogari,
1536 3478 1710 3532 decet.

137 3575 401 3653 ΔΡῙΣΤ.‹
455 3575 580 3626 Ἐὰν
599 3573 908 3643 ὁμολογήσῃ
934 3590 1034 3643 πρε
1047 3570 1302 3641 σϐύτερος
1326 3571 1405 3623 ὅτι
1427 3571 1714 3641 προήμαρ-

1830 3564 2049 3620 ARIST.
2089 3582 2107 3616 ι
2149 3561 2206 3618 Si
2237 3564 2528 3635 presbyter
2553 3562 2840 3618 confessus
2870 3560 3032 3615 fuerit
3059 3574 3118 3615 se
3143 3563 3388 3629 pecassc,

217 3685 237 3719 ι
285 3683 364 3730 τε,
426 3664 498 3734 μὴ
552 3663 932 3732 προσφερέτω,
994 3664 1085 3715 καὶ
1116 3663 1455 3730 μόνον.Τινὰ
1474 3664 1581 3732 γὰρ
1612 3662 1720 3715 τῶν

222 3774 242 3808 ι
282 3757 694 3826 ἁμαρτημᾶτων
747 3755 801 3805 αἱ
875 3753 1205 3824 χειροτονίαν
1261 3753 1502 3817 ἀφιᾶσιν.
1550 3751 1612 3803 Et
1663 3752 1718 3804 δὲ

215 3865 236 3900 ι
283 3847 412 3918 μήθ’
450 3847 764 3917 ὁμολογοίη,
806 3845 930 3917 μήτ’
974 3845 1294 3914 ἐλέγχοιτο,
1338 3840 1497 3904 αὐτὸς
1546 3840 1717 3911 ἐχέτω

214 3958 236 3991 ‹
283 3939 379 4008 τὴν
400 3939 669 4004 ἐξουσίαν.
701 3959 718 3991 ι

212 4030 296 4084 Τὰ
330 4032 430 4099 μὲν
488 4033 622 4085 ἄλλα
667 4034 844 4084 πάντα
913 4032 1279 4099 ἁμαρτήματα
1327 4029 1360 4097 ἡ
1407 4025 1716 4099 χειροθεσία

131 4123 296 4177 λύει’
328 4124 494 4192 μόνης
523 4121 577 4174 δὲ
620 4122 718 4190 τῆς
752 4123 1074 4190 σωματικῆς
1119 4117 1398 4188 ἁμαρτίας
1453 4118 1705 4186 ἡττᾶται.

145 4211 280 4264 Ἐὰν
309 4207 401 4264 οὖν
429 4229 535 4275 τις,
562 4211 817 4279 πορνείαν
848 4206 1316 4278 προημαρτηκὼς,
1351 4206 1430 4264 είς
1459 4207 1590 4275 ίερω
1614 4204 1710 4256 σύ-

128 4321 237 4375 νην
277 4303 616 4376 παραδεχθῆ,
682 4304 776 4357 καὶ
803 4301 940 4372 μετά
966 4301 1064 4371 τὴν
1130 4297 1463 4368 χειροτονίαν
1495 4296 1708 4367 ὡμολό-

129 4409 276 4466 γησε
319 4395 386 4447 τὰ
416 4395 788 4464 ἁμαρτήματα
819 4407 834 4422 ·
865 4391 963 4460 τῆς
996 4390 1094 4460 μὲν
1123 4389 1387 4458 καθέδρας
1419 4388 1512 4441 καὶ
1542 4387 1710 4457 τιμῆς

129 4485 248 4539 τῶν
277 4486 662 4556 πρεσϐυτέρων
727 4483 998 4554 μεθέξει·
1067 4481 1342 4551 ιερατικὸν
1397 4480 1454 4532 δέ
1511 4495 1565 4532 τι
1606 4480 1706 4530 οὐκ

130 4577 445 4646 ἐνεργήσει.
471 4577 534 4630 Et
559 4576 614 4629 δὲ
639 4578 776 4648 μήτε
806 4573 968 4634 αὐτὸς
1024 4570 1338 4640 ὁμολογοίη,
1398 4573 1535 4638 μήτε
1573 4567 1706 4635 παρ’

130 4668 296 4723 ἄλλου
325 4666 603 4738 ἐλέγχοιτο
634 4666 908 4738 φανερῶς,
945 4663 1099 4732 παρὰ
1126 4665 1192 4733 τῇ
1255 4659 1421 4716 αὑτοῦ
1479 4659 1701 4730 ἐξουσία

130 4759 386 4814 κείσεται
408 4757 509 4825 τῆς
541 4757 846 4827 ἱερωσύνης
879 4753 1172 4820 παυθῆναι,
1225 4751 1340 4804 εἴτε
1374 4750 1468 4804 καί
1526 4750 1627 4820 μή.

759 4845 996 4906 ΚΑΝΩΝ
1055 4843 1113 4896 ι’.

137 4963 159 5000 ι
214 4943 448 5015 Ὁμοίως
503 4940 595 4994 καὶ
617 4940 887 5002 διάκονος,
932 4937 1025 4991 ἐὰν
1058 4938 1114 4988 ὲν
1145 4933 1222 5003 τῷ
1251 4934 1400 5005 αὐτῷ
1440 4931 1697 5003 ἁμαρτῆ-
1731 4919 1774 4974 D

210 5054 229 5087 ο
256 5051 386 5106 ματι
414 5030 706 5102 περιπέσῃ,
735 5029 835 5099 τὴν
859 5028 954 5081 τοῦ
984 5027 1256 5096 ὑπηρέτου
1281 5024 1433 5089 τάξιν
1467 5024 1690 5092 ἐχέτω.»

203 5126 406 5183 ΒΔΛΣ.
454 5125 544 5177 Ἐν
575 5122 653 5192 τῷ
703 5121 750 5173 θ’
785 5122 968 5173 κανόνι
1028 5122 1092 5173 τὰ
1124 5116 1251 5188 περὶ
1312 5117 1699 5188 πρεσϐυτέρων

135 5220 542 5291 ἡμαρτηκότων
573 5212 949 5282 διελέχθησαν·
992 5217 1049 5266 ὲν
1097 5213 1154 5267 δὲ
1181 5209 1254 5281 τῷ
1287 5208 1514 5275 παρόντι
1573 5207 1706 5278 περὶ

130 5312 424 5366 διακόνων.
463 5310 574 5363 Καὶ
603 5302 746 5360 οὗτοι
785 5307 911 5374 γὰρ,
950 5304 1456 5374 ἐξομολογούμενοι,
1490 5302 1581 5354 τοῦ
1605 5303 1724 5372 μὲν

135 5391 458 5457 διακονικιῶ
496 5401 809 5470 ἀξιώματος
840 5397 1224 5461 ἐκπεσοῦνται,
1253 5400 1329 5459 είς
1355 5393 1628 5461 ὑπηρέτου
1648 5394 1703 5446 δὲ

131 5497 292 5562 τάξιν
323 5495 915 5563 καταδιδασθήσονται,
962 5490 1081 5560 ἦτοι
1116 5491 1534 5560 ἀχειροτονήτου
1575 5487 1706 5538 ὕπο-

129 5587 386 5643 διακόνου
421 5587 454 5658 ἢ
487 5586 857 5653 ἀναγνώστου.

209 5680 457 5737 ΖΩΝΛΡ.
508 5681 852 5732 Ἐκπεσεῐται
885 5679 990 5748 γὰρ
1016 5677 1114 5746 τῆς
1149 5675 1448 5740 διακονίας,
1488 5672 1584 5724 καὶ
1612 5672 1692 5735 εἰς

137 5773 418 5843 ὑπηρέτου
443 5769 604 5821 τόπον
626 5771 1176 5843 καταϐιϐασθήσεται.
1205 5768 1268 5822 Οἱ
1295 5765 1402 5836 γὰρ
1429 5762 1699 5838 ὑπηρέται.

141 5870 195 5918 ο)
229 5863 652 5934 προσφέρουσιν.

1901 3676 1920 3708 ι
1959 3657 2026 3710 ab
2061 3655 2338 3711 oblatione
2369 3656 2660 3719 abstineat,
2691 3664 2745 3708 et
2777 3654 2845 3707 ab
2871 3668 2933 3706 ea
2969 3661 3203 3706 tantum.
3234 3652 3393 3716 Qua!-

1900 3766 1919 3798 ι
1963 3748 2084 3802 dam
2117 3747 2263 3802 enim
2302 3759 2525 3818 peccata
2565 3747 2789 3802 ordines
2818 3746 3125 3800 remittunt.
3170 3745 3225 3797 Si
3263 3758 3390 3796 vero

1897 3857 1917 3891 ι
1957 3852 2055 3891 nec
2103 3838 2428 3891 confiteatur
2457 3854 2556 3893 nec
2598 3840 2976 3900 convincatur,
3021 3839 3136 3904 ipse
3179 3837 3262 3888 sui
3295 3850 3390 3904 po-

1895 3950 1913 3983 ι
1953 3935 2202 3986 testatem
2239 3927 2456 3984 habeat.
2497 3948 2518 3981 ι

1887 4025 2080 4079 Omnia
2130 4024 2346 4093 quidem
2391 4023 2495 4077 alia
2545 4030 2768 4094 peccata
2813 4037 3074 4076 manuum
3109 4020 3387 4090 impositio

1816 4100 1976 4180 tollit,
2008 4115 2129 4167 solo
2159 4121 2339 4167 autem
2368 4117 2635 4183 corporali
2665 4124 2889 4181 peccato
2923 4117 3151 4167 inferior
3181 4123 3289 4168 cst.
3328 4113 3384 4167 Si

1812 4208 1932 4276 quis
1955 4206 2134 4274 itaque
2157 4203 2316 4275 41],
2343 4205 2433 4272 qui
2457 4204 2870 4258 fornicationem
2905 4213 3061 4257 antea
3085 4207 3381 4268 commisit,

1812 4301 1866 4356 in
1897 4299 2265 4355 sacerdotium
2302 4299 2578 4368 recipitur,
2611 4308 2664 4352 et
2697 4306 2817 4365 post
2843 4297 3236 4350 ordinationem
3255 4312 3383 4364 pec-

1811 4406 1932 4447 cata
1965 4405 2062 4444 sua
2081 4387 2362 4444 confessus
2384 4401 2464 4441 est
2487 4430 2498 4452 ,
2523 4388 2795 4441 cathedrre
2832 4388 3048 4455 quidem
3073 4396 3126 4438 et
3158 4389 3383 4443 honoris

1805 4487 2252 4554 presbyterorum
2287 4480 2558 4550 particeps
2588 4479 2729 4545 erit;
2760 4485 2814 4530 at
2869 4480 3208 4534 sacerdotale
3270 4480 3374 4532 ali-

1803 4576 1945 4644 quod
1971 4591 2168 4628 munus
2203 4589 2306 4629 non
2335 4571 2511 4626 obeat.
2540 4569 2595 4626 Si
2625 4581 2804 4625 autem
2827 4587 2925 4625 nec
2958 4571 3073 4641 ipse
3090 4571 3375 4624 confessus

1805 4669 1990 4728 luerit,
2021 4685 2116 4721 nec
2133 4668 2200 4720 ab
2217 4666 2323 4719 alio
2357 4662 2641 4717 manifeste
2673 4666 3049 4723 convincatur,
3083 4663 3134 4714 in
3160 4677 3254 4716 sua
3286 4679 3373 4716 rc-

1803 4760 2074 4828 linqoitur
2096 4765 2362 4828 potestate
2417 4772 2482 4807 an
2518 4770 2544 4804 a
2581 4751 2896 4806 sacerdotio
2913 4753 3152 4807 cessabit
3187 4769 3376 4810 mene.

2420 4843 2644 4899 CANON
2679 4842 2746 4898 Χ.

1824 4959 1841 4991 ι
1886 4937 2148 4993 Similiter
2173 4945 2228 4993 et
2257 4937 2544 5002 diaconus,
2580 4937 2623 4991 si
2674 4937 2728 4992 in
2785 4937 2925 4992 idem
2976 4944 3256 5007 peccatum
3292 4937 3377 4991 in-

2016 5050 2033 5082 ι
2082 5030 2301 5095 ciderit,
2333 5029 2574 5085 ministri
2604 5029 2849 5083 ordinem
2887 5029 3100 5082 habeat.
3146 5046 3165 5080 ι

1880 5119 2078 5199 BALS.
2122 5121 2178 5175 In
2236 5137 2446 5176 canone
2478 5120 2510 5176 9
2549 5122 2615 5176 de
2657 5118 2990 5190 presbyteris
3027 5121 3117 5187 qui
3170 5135 3360 5190 pecca-

1807 5222 1931 5266 runt
1982 5222 2275 5267 tractatum
2328 5220 2411 5268 est
2445 5229 2457 5264 :
2499 5215 2550 5266 in
2587 5209 2837 5281 praesenti
2865 5219 3043 5264 autem
3083 5211 3150 5266 de
3189 5212 3374 5266 diaco-

1809 5305 1890 5359 nis
1922 5320 1934 5354 :
1967 5319 2090 5356 nam
2132 5315 2187 5356 ct
2231 5304 2267 5357 li
2318 5305 2556 5360 confessi
2601 5318 2628 5356 a
2670 5302 2885 5355 diaconi
2922 5301 3189 5373 dignitate
3225 5304 3371 5356 exci-

1806 5397 1982 5451 dent:
2038 5394 2090 5447 in
2159 5395 2395 5449 ministri
2429 5406 2603 5450 autem
2671 5394 2914 5447 ordinem
2977 5395 3367 5462 deprimentur,

1809 5487 2170 5560 hypodiaconi
2223 5486 2450 5552 scilicet,
2517 5485 2607 5555 qui
2656 5500 2763 5539 non
2813 5495 2894 5540 est
2927 5486 3237 5548 ordinatus,
3281 5483 3364 5536 vel

1806 5578 2049 5634 lectoris.
3142 5631 3146 5637 ἰ

1879 5668 2128 5723 ZONAR.
2192 5665 2414 5721 Excidet
2447 5666 2591 5720 enim
2635 5681 2663 5720 a
2693 5665 3006 5730 diaconatu,
3050 5672 3104 5719 et
3145 5662 3197 5718 in
3260 5663 3363 5717 mi-

1805 5762 1963 5817 nistri
2023 5761 2200 5816 locum
2277 5759 2583 5830 dejicietur.
2665 5758 2896 5817 Ministri
2968 5769 3204 5826 namque
3253 5770 3362 5813 non

1803 5853 2055 5910 offerunt.
