3974 6346
147 436 285 504 1265

108 537 112 542 ’
767 557 1141 615 ΚΔΝΩΝΙΗἏ

147 662 166 698 ι
212 647 281 700 Εἴ
304 664 389 712 τις
423 648 510 701 διὰ
548 649 915 721 νομιζομένην
939 651 1176 723 ἄσκησιν
1231 657 1291 709 ὲν
1342 657 1408 726 τῇ
1462 657 1716 730 Κυριακῇ

499 765 519 796 ι
548 747 844 817 νηστεύσῃ,
873 748 1123 819 ἀνάθεμα
1150 751 1329 805 Eata»
1354 770 1374 804 ι

217 829 417 892 ΒΑΛΣ.
450 837 726 905 Πολλαχοῦ
760 839 1144 900 κεκανόνισται
1182 842 1258 912 μὴ
1315 843 1595 913 νηστεύειν
1629 843 1723 897 καὶ

147 928 578 998 σκυθρωπάζειν
607 931 754 1000 ἡμᾶς
790 931 931 985 κατὰ
969 933 1070 1003 τὴν
1102 936 1445 1005 χαρμόσυνον
1510 936 1722 1007 ἡμέραν

143 1020 245 1088 τῆς
272 1021 565 1091 Κυριακῆς
595 1022 683 1076 διὰ
708 1025 807 1091 τὴν
857 1023 1079 1094 ἔγερσιν
1122 1025 1252 1078 τοῦι
1279 1027 1509 1098 Κυρίου,
1586 1029 1723 1083 ἀλλὰ

144 1114 547 1183 πανηγυρῖζειν
571 1117 666 1167 καὶ
704 1117 1048 1187 εὐχαριστεῖν
1077 1117 1154 1188 τῷ
1181 1118 1320 1187 Θεῷ,
1344 1120 1420 1184 ὠς
1451 1120 1743 1173 ἀναστάν-·

145 1220 248 1266 τας
275 1206 341 1257 ὲκ
373 1204 467 1257 τοῦ
496 1205 791 1275 πτώματος
811 1210 908 1276 τῆς
944 1209 1238 1278 ἁμαρτίας.
1293 1211 1431 1274 Τοὺς
1481 1211 1610 1279 γοῦν
1634 1212 1724 1264 τὸν

91 1357 106 1363 _
147 1295 457 1351 Εὐστάθιον
479 1298 838 1370 διδάσκοντας
884 1302 1170 1371 νηστεύειν
1224 1304 1284 1358 ἐν
1334 1305 1454 1366 ταῖς
1517 1305 1727 1375 Κυρια-

146 1390 276 1452 autc
303 1389 651 1460 διά-ἄσκησιν
676 1391 863 1460 δῆθεν,
904 1394 1294 1464 ἁναθεματίζει
1357 1398 1386 1449 ὁ
1423 1394 1624 1450 κανών.
1666 1396 1726 1449 '0

145 1481 206 1534 δὲ
234 1481 307 1545 ξδ’
334 1481 697 1546 ἀποστολικδς
718 1481 904 1538 κανὼν
932 1487 1186 1557 ἀφορίζει
1227 1488 1372 1552 ’τοὺς
1429 1488 1574 1541 οὕτω
1624 1506 1726 1557 νη-

147 1573 439 1636 στεύοντας
470 1573 714 1638 λαῖκοὺς,
742 1576 930 1644 ὥσπερ
971 1580 1064 1630 καὶ
1090 1580 1217 1636 τοὺς
1243 1580 1544 1650 κληρικοίις
1567 1574 1569 1576 ’
1589 1580 1727 1632 καθ-

143 1666 314 1733 αιρεῖ.
373 1665 534 1734 Ζήτει
557 1667 650 1718 καὶ
679 1667 772 1718 τὸν
802 1666 874 1720 νε⁸
912 1667 1115 1723 κανόνα
1142 1669 1243 1739 τῆς
1287 1671 1348 1724 ὲν
1372 1654 1446 1739 τῷ
1468 1668 1728 1741 Τρούλλῳ

147 1754 404 1811 συνόδου.
1444 1805 1446 1807 ,
1591 1754 1601 1762 ’

219 1845 465 1900 ΖΩΝΑΡ.
508 1847 619 1899 Καὶ
639 1847 699 1901 ὲν
731 1851 850 1909 ταῖς
883 1849 1196 1919 Κυριακιϊς
1217 1854 1473 1923 νηστείαν
1496 1853 1595 1925 ὲκή
1607 1873 1732 1924 ρυτ-

1211 451 1290 511 lN
1321 451 1486 513 CAN.
1539 454 1676 514 XIX
1711 457 1922 521 CONC.
1954 463 2241 527 GANGR.

1739 577 1787 633 Α

3235 474 3370 541 1266

2381 580 2609 634 cauos
2643 581 2830 641 xvm.
3411 578 3423 586 '

1829 682 1848 715 ι
1885 664 1940 718 Si
1973 665 2095 734 quis
2131 675 2347 736 propter
2373 685 2513 736 eam,
2558 689 2679 741 qua:
2714 675 3079 742 existimatur,
3122 688 3381 733 exercna-

1899 775 1918 809 ‹
1958 759 2154 813 tionem
2186 761 2238 813 in
2273 761 2553 831 Dominico
2576 766 2811 835 jejunct,
2845 770 2914 824 sit
2945 770 3256 825 anathema.
3291 791 3310 816 ι

1896 849 2090 907 BALS.
2141 853 2322 911 Multis
2363 858 2665 913 canonibus
2699 869 2919 914 cautum
2948 871 3053 926 est,
3086 878 3154 916 ne
3175 861 3388 931 jejune-
3421 856 3429 863 ”

1827 952 1970 1006 ‘mus,
2007 953 2059 999 et
2091 947 2370 1003 tristitiam
2413 966 2524 1020 pra:
2553 953 2712 1005 nobis
2757 951 3017 1014 feramus,
3052 953 3105 1007 in
3152 953 3290 1008 festo
3312 969 3394 1018 ,τιο-

1829 1035 1945 1090 la-to
2013 1038 2098 1092 die
2141 1039 2442 1104 Dominico,
2503 1052 2722 1113 propter
2783 1043 3388 1099 Don'ii-niresurrectiu-

1828 1144 1988 1194 nem;
2029 1131 2123 1184 sed
2169 1132 2528 1197 celebremus,
2585 1145 2638 1189 et
2670 1135 2778 1190 Deo
2807 1135 3012 1204 gratias
3053 1149 3300 1205 agamus,
3330 1143 3387 1187 ut

1828 1219 1918 1286 qui
1969 1236 2036 1273 ex
2091 1224 2294 1290 peccati
2323 1225 2473 1292 lapsu
2517 1227 2949 1280 surrexerimus.
3000 1227 3400 1281 Eustathianos.

1826 1319 1977 1375 ergo,
2024 1308 2279 1365 docentes
2327 1327 2450 1367 esse
2493 1313 2545 1366 in
2571 1313 2766 1368 diebus
2812 1314 3113 1369 Dominicis
3142 1316 3392 1385 jejunan-

1780 1453 1782 1455 .
1827 1396 1978 1461 dum,
2027 1412 2248 1470 propter
2295 1405 2738 1459 exercitationem
2771 1405 3002 1468 scilicet,
3046 1405 3223 1460 cauOn
3263 1420 3392 1460 aua-

1829 1489 2065 1544 tbcmatc
2087 1496 2340 1563 percutit.
2363 1495 2745 1567 Sexagesimus
2769 1506 2995 1568 quartus
3023 1509 3198 1553 autem
3220 1514 3393 1552 canon

1830 1584 2162 1652 apostolicus
2180 1597 2428 1657 segregat
2455 1589 2648 1656 laicos,
2673 1593 2763 1660 qui
2794 1591 2873 1645 sic
2902 1589 3176 1659 jejunant,
3209 1605 3396 1657 «piem-

1830 1675 2121 1732 admodum
2164 1685 2218 1730 et
2264 1679 2493 1734 clericos
2542 1682 2783 1750 deponit.
2841 1681 3035 1747 Quaere
3071 1691 3125 1737 et
3178 1682 3248 1735 55
3303 1696 3392 1736 ca-

1833 1782 2030 1821 nonem
2062 1755 2256 1839 sinodi
2289 1770 2344 1825 in
2375 1769 2590 1826 Trullo.

1905 1857 2158 1912 ZONAR.
2203 1858 2477 1929 Jejunium
2523 1863 2802 1918 Dominica
2834 1879 3051 1935 quoque
3081 1865 3171 1918 die
3211 1863 3398 1918 Eusta-

147 1954 246 1989 τεν
271 1939 300 1990 ὁ
331 1938 650 2003 Εὑστάθιος,
682 1940 772 1992 ὅτε
801 1938 892 1992 διὰ
935 1942 1034 2011 τὴν
1077 1942 1296 2014 ἔγερσιν
1348 1944 1444 1998 τοῦ
1497 1947 1727 2015 Κυρίου,

1842 1951 1988 2006 thius
2015 1951 2239 2019 indixit;
2267 1969 2431 2024 quam
2465 1962 2670 2019 tamen,
2702 1956 2846 2026 quod
2874 1972 2970 2025 per
2997 1971 3116 2011 eam
3146 1955 3398 2011 Christus

148 2027 252 2079 καὶ
280 2027 383 2097 τὴν
417 2029 516 2097 τῆς
553 2029 802 2102 βροτείας
831 2033 1048 2102 φύσεως
1077 2036 1140 2087 ὲκ
1172 2034 1264 2087 τοῦ
1297 2036 1590 2107 πτώματος
1628 2041 1727 2109 τῆς

146 2122 430 2193 ἁμαρτῖας
455 2125 777 2190 ἀνάστασιν,
827 2129 1169 2200 εὐχαριστεῖν
1199 2131 1346 2199 ἡμᾶς
1365 2131 1448 2185 δεῖ
1475 2131 1552 2202 τῷ
1608 2134 1728 2204 Θεῷ

149 2215 255 2269 καὶ
279 2215 513 2285 χαίρειν.
560 2216 704 2272 Ἡδὲ
761 2221 994 2290 νηστεία
1045 2222 1340 2293 συντριόἦς
1397 2223 1493 2278 καὶ
1541 2217 1728 2297 λύπης

149 2307 275 2360 ἐστὶ
316 2307 610 2376 σύμϐολον.
655 2310 746 2362 Διὸ
774 2314 869 2364 καὶ
897 2316 1013 2377 τοῖς
1045 2315 1404 2386 νηστεύουσιν
1429 2319 1487 2373 ἐν
1509 2319 1724 2388 Κυρια-

147 2401 283 2463 καίς
333 2403 533 2476 ἐτάχθη
569 2404 842 2477 ἀνάθεμα.

141 2588 377 2644 ΔΡΙΣΤ.
408 2608 429 2644 ι
469 2590 529 2644 Ὀ
558 2592 661 2664 τὴν
695 2594 984 2664 Κυριακήν
1040 2594 1073 2667 ἦ
1114 2594 1173 2647 τὸ
1200 2594 1474 2651 Σάδδατον
1504 2595 1728 2664 ἀσιτῶν,

749 2705 768 2738 ι
806 2688 1067 2756 ἀνάθεμα.
1102 2706 1121 2738 ι

513 2832 554 2847 __
747 2779 985 2830 KANQN
1014 2779 1110 2834 ιδ’.

154 2883 176 2916 ι
223 2865 296 2919 Ei
319 2883 401 2928 τις
422 2866 531 2920 τῶν
562 2869 918 2938 ἀσκουμένων
959 2871 1132 2940 χωρλς
1178 2873 1503 2942 σωματικῆς
1564 2873 1736 2942 ἀνάγο

241 2977 263 3008 ι
302 2976 404 3027 κης
436 2956 933 3029 ὑπερηφανεύοιτο,
1009 2965 1103 3015 καὶ
1144 2965 1241 3026 τὰς
1289 2965 1734 3036 παραδεδομένας

239 3070 262 3103 σ
299 3050 556 3116 νηστείας
579 3053 662 3114 είς
681 3053 742 3104 τὸ
767 3055 964 3120 κοινῆν,
996 3055 1089 3107 καὶ
1141 3057 1569 3125 φυλασσομένας,
1629 3056 1735 3109 ὑπὸ

241 3141 394 3207 «τῆς
458 3140 810 3211 Ἐκκλησίας,
871 3144 1163 3212 παραλύοι,
1225 3143 1630 3214 ἀποκυροῦντος
1677 3146 1735 3197 ὲν

232 3251 259 3286 σ
304 3232 452 3302 αὐτῷ
474 3233 679 3287 τελείου
703 3234 986 3304 λογισμοῦ,
1028 3236 1274 3305 ἀνάθεμα
1301 3236 1494 3290 ἔστω.»

1836 2042 1903 2096 ab
1944 2043 2131 2098 inieris
2163 2043 2438 2099 redivivus
2470 2045 2768 2112 exstiterit,
2800 2055 3160 2114 naturamque
3207 2047 3396 2099 Imma-

1835 2148 1961 2189 nam
2012 2148 2042 2189 a
2091 2135 2300 2204 peccati
2345 2135 2499 2205 lapsu
2525 2138 3239 2205 exscitarit,exsultabundi
3289 2137 3397 2191 Deo

1835 2224 2038 2294 gratias
2091 2236 2311 2296 agentes
2359 2228 2660 2298 transigere
2704 2230 2988 2285 debemus.
3030 2230 3098 2282 At
3124 2228 3394 2298 jejunium

1835 2318 2041 2375 doloris
2062 2319 2407 2390 tristitimque
2422 2319 2586 2375 habet
2607 2330 3011 2392 argumentum.
3035 2321 3396 2388 Quamobrem

1835 2424 1886 2465 Cl
1916 2409 1973 2466 in
2001 2425 2118 2477 eos,
2146 2411 2238 2481 qui
2255 2411 2537 2468 Dominica
2570 2412 2658 2468 die
2684 2413 3033 2485 jejunarent,
3071 2426 3229 2483 poma
3275 2427 3399 2466 ana-

1837 2501 2100 2556 thematis
2131 2493 2430 2557 constituta
2468 2502 2591 2557 fuit.

1839 2591 2066 2649 ARIST.
2139 2611 2158 2646 ι
2210 2592 2315 2661 Qui
2366 2593 2511 2649 diem
2563 2594 2903 2664 Dominicam
2957 2596 3043 2651 vel
3102 2595 3401 2653 Sabbatum

2165 2707 2183 2741 ι
2223 2687 2693 2768 jejunusperagit,
2728 2690 3034 2756 anathema.
3060 2708 3079 2742 ι
3163 2740 3167 2744 ι

2399 2773 2630 2836 CANON
2671 2780 2816 2836 XIX.

1847 2888 1867 2921 ι
1909 2869 1966 2925 Si
2019 2871 2144 2939 quis
2190 2887 2400 2934 eorum,
2434 2873 2525 2942 qui
2557 2882 2904 2940 exercentur,
2940 2874 3152 2944 absque
3198 2889 3398 2945 corpo-

1917 2977 1936 3012 ι
1981 2960 2080 3014 rali
2130 2962 2456 3018 necessitate
2489 2979 2547 3018 se
2579 2963 2876 3018 insolenter
2907 2973 3079 3034 gerat,
3116 2972 3169 3019 et
3210 2968 3405 3021 tradita

1919 3071 1939 3104 ι
1976 3053 2210 3124 jejunia,
2243 3070 2364 3124 qum
2396 3057 2760 3112 communiter
2794 3065 3086 3110 servantur
3126 3057 3193 3112 ab
3227 3057 3383 3115 Ecclc

1923 3165 1941 3197 ι
1973 3147 2077 3210 sia,
2110 3148 2393 3210 dissolvat,
2422 3147 2665 3216 perfecta
2697 3151 2749 3202 in
2780 3164 2845 3203 eo
2873 3149 3145 3204 residente
3175 3152 3406 3213 ratione.

1920 3254 1938 3287 ι
1979 3237 2049 3290 sit
2080 3238 2390 3292 anathema.
2433 3256 2450 3289 ι

225 3296 436 3381 ΒᾹΛΣ.
469 3328 694 3400 Αἵρεσις
717 3296 1047 3400 Βόγομιλινκή
1074 3296 1222 3383 ἐστιν
1245 3331 1338 3383 ἐπί
1403 3347 1555 3394 τινας
1603 3331 1733 3400 χρό-

1914 3328 2105 3385 BALS.
2144 3328 2480 3414 Bogomelica
2512 3340 2595 3387 est
2629 3331 2872 3394 haaresis,
2907 3332 2972 3383 ad
3000 3329 3236 3401 aliquod
3274 3331 3379 3383 tem

148 3438 291 3482 νους
318 3421 462 3474 κατά
526 3424 710 3492 πᾶσαν
741 3424 952 3494 ἡμέραν
986 3423 1266 3492 νηστεύειν
1304 3425 1398 3476 καὶ
1450 3426 1721 3494 μηδέποτε

148 3513 479 3579 καταλύειν,
507 3515 584 3576 ώς
616 3517 756 3583 μετά
785 3517 878 3569 τὸν
911 3513 1169 3568 τοσοῦτον
1210 3515 1401 3586 καιρδν
1453 3516 1634 3582 λέγειν
1676 3519 1733 3567 ὲν

145 3604 460 3672 τελείοτητι
485 3608 739 3674 γενέσθαι
764 3611 890 3669 τοὺς
912 3607 1294 3678 νηστεύοντας,
1324 3608 1417 3660 καὶ
1445 3606 1734 3660 καταλύειν

147 3699 258 3752 καὶ
302 3698 640 3768 ἁμαρτάνειν
665 3699 1116 3768 ἀδιαφόρως,καὶ
1147 3701 1329 3752 πᾶσαν
1386 3700 1586 3752 κακῖαν
1647 3698 1734 3750 διὰ

147 3793 265 3860 τῆς
338 3789 674 3859 τελειότητος
730 3791 804 3853 ὡς
852 3789 958 3842 ὑπὸ
1056 3791 1228 3859 πυρὸς
1313 3789 1731 3842 κατακαεεσθαι.

147 3882 408 3938 Τοιαῦτα
433 3881 562 3949 γοῦν
590 3883 889 3940 ἐδίδασκον,
922 3883 996 3943 ώς
1032 3881 1204 3944 ἔοικε,
1275 3877 1456 3934 καὶ.οί
1494 3881 1622 3947 περὶ
1643 3879 1734 3931 τὸν

146 3975 503 4031 Εὖστάθιονο
537 3977 617 4030 διὸ
661 3982 756 4029 καὶ
821 3971 1349 4043 ἀνεθεματίσθησαν.
1415 3970 1736 4038 Ὀφείλομεν

152 4067 276 4138 γὰρ
307 4069 563 4119 οίπιστοὶ
606 4068 890 4135 νηστεύειν
943 4066 1079 4118 κατά
1137 4068 1235 4125 τὰς
1295 4064 1738 4134 παραδεδομένας

142 4160 435 4228 νηστείας,
471 4160 590 4230 ἦτοι
614 4153 885 4226 Τετράδα,
918 4156 1013 4208 καὶ
1043 4156 1142 4224 τὴν
1198 4156 1582 4223 Παρασκευὴν,
1639 4153 1736 4219 τὴν

146 4253 415 4326 μεγάλην
455 4247 916 4321 Τεσσαρακοστὴν
942 4250 1036 4300 καὶ
1065 4247 1164 4307 τὰς
1203 4245 1401 4305 λοιπὰς
1458 4242 1732 4313 νηστείας,

145 4347 260 4403 καὶ
290 4346 448 4408 αὖθις
477 4343 875 4413 πανηγυρίζειν
907 4340 1049 4393 κατά
1082 4338 1182 4402 τὰς
1207 4337 1568 4406 ἑορτασίμους
1599 4332 1738 4403 ήμέ⁸

151 4456 293 4513 ρας,
321 4440 370 4490 εί
409 4438 574 4507 μήπω
603 4435 692 4486 διὰ
711 4435 869 4485 νόσον
920 4431 1227 4485 καταλῦσαι
1278 4427 1734 4496 ἀναγκασθῶμεν.

146 4535 293 4587 Ὀτι
319 4530 456 4600 «mai
479 4529 572 4581 iui
608 4528 635 4578 ό
667 4525 746 4589 ξθ¹’
770 4525 1126 4588 (immolat);
1157 4522 1358 4583 κανὼν,
1391 4519 1531 4572 κατά
1557 4519 1736 4568 πᾶσαν

146 4622 416 4691 Τετράδα
460 4621 553 4672 καὶ
583 4615 943 4687 Παρασκευὴν
973 4615 1064 4665 καὶ
1112 4613 1214 4680 τὴν
1293 4607 1736 4676 τεσσαρακοστὴν

146 4711 260 4765 τοῦ
297 4715 489 4781 Πάσχα
534 4712 606 4781 μὴ
633 4708 925 4764 καταλύειν
958 4707 1126 4775 ἡμᾶς,
1158 4706 1209 4757 εί
1244 4704 1317 4773 μὴ
1357 4703 1422 4755 δι’
1453 4704 1738 4754 ἀσθένειαν

146 4804 508 4872 σωματικήν.

233 4894 484 4950 ΖΩΝΑΡ.
529 4894 588 4947 ’0
617 4893 973 4950 ἀποστολικὸς
995 4890 1289 4958 ὲξηκοστδς
1342 4891 1602 4962 τέταρτος
1638 4913 1742 4947 κα..

151 4989 279 5044 νὼν
309 4983 466 5036 τοῦτο
505 4984 686 5051 ῥητῶς
729 5001 892 5054 φησιν
922 4999 936 5014 ο
971 4980 1038 5034 Et
1067 4996 1150 5042 τις
1190 4980 1450 5049 κληρικδς
1494 4985 1742 5054 εὑρεθείη

149 5084 270 5153 τὴν
291 5075 579 5145 Κυριακὴν
615 5077 828 5145 ἡμέραν
896 5072 1194 5145 νηστεύων,
1239 5071 1272 5142 ἢ
1323 5073 1384 5125 τὸ
1435 5077 1740 5138 Σάὸὅατον,

151 5175 316 5244 πλὴν
341 5169 432 5224 τοῦ
468 5169 585 5230 ἑνὸς
646 5167 830 5235 μόνου,
876 5165 1247 5237 καθαιρείσθω
1273 5181 1287 5197 ο
1340 5167 1389 5220 εί
1439 5167 1495 5221 δὲ
1534 5168 1739 5231 λαῖκὲς,

144 5262 536 5336 ἀφοριζέσθω.
573 5258 682 5312 Καὶ
739 5259 766 5308 ό
820 5259 894 5322 EB’
980 5259 1079 5328 τὴν
1157 5261 1602 5329 τεσσαρακοστὴν
1648 5258 1741 5313 τοῦ

148 5361 369 5425 Πάσχα
391 5350 673 5424 νηστεύειν
703 5353 1014 5421 παρεγγυᾷ,
1035 5349 1129 5404 καὶ⁸
1151 5347 1395 5416 Τετράδα
1434 5351 1525 5399 καὶ
1557 5351 1743 5419 Παρα-

151 5448 415 5513 σκευήν·
470 5445 516 5495 εί
561 5441 634 5512 μὴ
666 5440 731 5493 δι’
765 5440 1050 5494 ἀσθένειάν
1073 5459 1158 5503 τις
1206 5435 1569 5508 ἐμποδίζοιτο.
1624 5441 1744 5493 Τῶν

144 5535 214 5589 δὲ
277 5536 410 5600 περὶ
450 5534 542 5586 τὸν
570 5530 865 5584 Εὐστάθιον
899 5529 997 5591 τὰς
1016 5530 1453 5598 παραδεδομένας
1492 5532 1745 5595 νηστείας

149 5625 435 5687 λυόντων,
465 5624 538 5684 ὠς
570 5625 712 5694 τάχα
743 5621 1065 5690 φθασάντων
1095 5623 1230 5691 πρὸς
1251 5621 1590 5690 τελειότητα,
1652 5623 1745 5676 καὶ

150 5715 367 5776 οὐκέτι
396 5715 666 5782 δεομένων
723 5717 996 5783 νηστείας,
1054 5713 1145 5764 τὸν
1194 5713 1393 5765 κανόνα
1455 5713 1643 5767 τοῦτον
1713 5717 1744 5784 ὴ

154 5806 394 5868 συνόδος
417 5803 780 5874 ἐξεφώνησεν,
799 5808 1046 5876 ἀνάθεμα
1096 5806 1610 5876 καταψηφιζόμενον
1640 5808 1745 5860 τῶν

154 5899 529 5962 ludam-.51,
571 5900 1006 5970 παραδεδομένας
1043 5900 1315 5970 κηττεῖας,
1365 5901 1456 5953 καὶ
1508 5901 1608 5953 ὑπὸ
1649 5901 1742 5969 τῆς

1847 3442 1945 3495 pus
2005 3428 2151 3483 omni
2213 3425 2299 3481 die
2332 3426 2602 3494 jejunare,
2663 3441 2764 3480 nec
2834 3441 3071 3495 unquam
3136 3425 3404 3494 jejunium

1845 3517 2079 3580 solvere,
2117 3522 2171 3568 ut
2203 3532 2318 3581 eos,
2354 3515 2446 3585 qui
2483 3524 2607 3585 post
2648 3524 2858 3570 tantum
2895 3524 3108 3585 tempus
3136 3515 3407 3586 jejuuaut.

1843 3608 2031 3661 dicant
2062 3592 2187 3662 esse
2223 3607 2274 3661 in
2322 3606 2676 3677 perfectione,
2714 3615 2769 3662 et
2808 3607 3077 3677 jejunium
3116 3607 3324 3664 solvere
3357 3614 3409 3659 et

1844 3713 2075 3766 peccare
2131 3697 2610 3753 indiscriminatim
2664 3713 2847 3768 posse,
2911 3705 2964 3751 et
3019 3711 3179 3750 omne
3218 3694 3406 3746 \‘itium

1845 3796 2107 3857 tanquam
2157 3804 2185 3841 a
2238 3788 2568 3856 perfectione
2616 3790 2684 3842 ab
2717 3789 2840 3857 igne
2874 3787 3049 3841 exuri.
3085 3783 3406 3853 llujusmodi

1843 3894 1995 3948 ergo,
2028 3887 2087 3934 ut
2143 3879 2379 3942 videtur,
2411 3878 2679 3933 docebant
2712 3888 2764 3932 et
2796 3877 3174 3942 Eustathiani;
3203 3885 3256 3929 et
3287 3876 3406 3930 ideo

1845 3973 2070 4028 fuerunt
2111 3974 2451 4029 anathemate
2497 3974 2761 4043 percussi.
2798 3973 3068 4029 Debemus
3102 3972 3244 4027 enim
3280 3974 3409 4027 (ide-

1845 4067 1926 4121 les
1976 4067 2031 4121 in
2081 4066 2295 4120 traditis
2325 4066 2571 4134 jejuniis,
2619 4067 2874 4120 nimirum
2923 4073 3112 4133 quarta
3158 4064 3407 4129 feria,.et

1836 4155 2162 4220 Parasceve,
2225 4164 2278 4209 et
2328 4169 2522 4223 magna
2573 4155 3022 4222 Quadragesima,
3080 4165 3133 4208 et
3187 4157 3409 4224 reliquis

1839 4248 2064 4318 jejuniis
2110 4248 2381 4318 jejunare,
2418 4259 2470 4302 ct
2511 4262 2701 4300 rursus
2748 4246 2918 4302 festos
2955 4247 3067 4300 dies
3103 4247 3403 4309 celebrare,

1846 4344 1950 4396 nisi
1981 4341 2118 4397 forte
2146 4353 2364 4410 prepter
2395 4339 2641 4394 morbum
2680 4340 2950 4409 jejunium
2984 4339 3194 4392 solvere
3224 4341 3400 4393 coacti

1847 4434 2039 4488 simus.
2091 4431 2230 4485 Dicit
2274 4431 2414 4484 enim
2453 4431 2519 4486 69
2544 4447 2718 4486 canon
2747 4429 3082 4500 apostolicus
3107 4471 3120 4492 ,
3174 4431 3225 4483 in
3261 4432 3405 4484 omni

1843 4534 2036 4593 quarta
2075 4523 2205 4578 feria
2237 4533 2291 4578 et
2324 4525 2621 4579 Parasceve
2653 4532 2705 4576 et
2756 4523 2807 4574 in
2839 4520 3061 4574 Pascha:
3099 4523 3406 4591 quadrage-

1752 4649 1814 4704 ,υ
1845 4616 1982 4670 sima
2032 4633 2133 4671 nos
2173 4616 2436 4683 jejunium
2473 4629 2580 4666 non
2625 4613 2836 4667 solvere
2881 4611 2983 4666 nisi
3030 4625 3246 4684 propter
3282 4629 3405 4669 cor-

1846 4709 2086 4778 poralem
2130 4705 2576 4760 imbecillitatem.

1917 4884 2166 4941 ZONAR.
2200 4884 2584 4955 Sexagesiinus
2613 4894 2841 4954 quartus
2872 4901 3044 4937 canon
3074 4888 3410 4953 apostolicus

1846 4981 1957 5034 haec
1977 4978 2199 5035 totidem
2223 4981 2403 5035 verbis
2433 4978 2592 5032 habet
2619 4992 2632 5034 :
2669 4977 2725 5030 Si
2754 4979 2900 5048 quis,
2934 4979 3130 5046 inquit,
3177 4981 3409 5036 clericus

1831 5071 2097 5136 inventus
2150 5071 2316 5127 fuerit
2364 5071 2451 5125 die
2491 5068 2776 5124 Dominico
2819 5069 3102 5140 jejunare,
3134 5071 3215 5124 vel
3268 5071 3407 5126 Sab-

1843 5162 1990 5228 bato,
2022 5175 2380 5235 praeterquam
2425 5177 2532 5216 uno
2561 5163 2698 5224 solo,
2734 5163 3039 5232 deponatur
3068 5181 3081 5216 :
3112 5165 3194 5218 sin
3226 5174 3402 5218 autem

1845 5255 2049 5324 laicus,
2096 5265 2428 5328 segregetur.
2463 5253 2845 5325 Sexagesimus
2881 5268 3008 5306 vero
3048 5270 3222 5309 nouus
3267 5272 3405 5324 qua--

1845 5348 2206 5417 dragesimam
2261 5346 2503 5409 Pascbze,
2548 5356 2601 5401 et
2645 5354 2898 5415 quartum
2946 5347 3109 5413 diem,
3154 5356 3207 5400 et
3242 5347 3405 5398 Para-

1845 5439 2068 5500 sceven,‘
2117 5436 2222 5491 nisi
2273 5434 2521 5502 corporis
2553 5435 2733 5502 aliqua
2771 5434 3060 5491 inﬁrmitas
3105 5435 3403 5498 obstiterit,

1841 5526 2048 5595 jejunio
2075 5526 2477 5595 transigendam
2511 5541 2632 5580 esse
2656 5527 2919 5586 decernit.
2963 5527 3097 5580 Cum
3135 5542 3262 5578 vero
3295 5527 3402 5579 Eu-

1845 5621 2126 5685 stathiani,
2160 5619 2311 5688 quasi
2340 5633 2612 5680 summum
2658 5619 2908 5688 perfectae
2942 5618 3160 5675 virtutis
3193 5617 3403 5686 apicem

1846 5716 2180 5782 attigissent,
2244 5729 2341 5767 nec
2398 5712 2546 5782 ipsos
2596 5712 2807 5783 jejunio
2863 5710 3118 5779 castigari
3172 5712 3404 5779 amplius

1846 5813 2141 5875 oporteret,
2179 5804 2374 5857 tradita
2407 5805 2609 5871 jejunia
2646 5805 2928 5865 violarent,
2963 5804 3107 5855 hunc
3142 5818 3402 5855 canoucm

1850 5899 2083 5970 synodus
2117 5896 2494 5966 pimnulg‘JViL,
2529 5910 2746 5965 COJQH“:
2783 5895 2872 5965 qui
2915 5894 3121 5964 j"i”“m
3173 5909 3198 5948 ³
3231 5893 3399 5960 ωδίὼ
