3974 6346
592 476 725 542 1271

1862 476 1963 534 ’ΠΙ
1976 476 2143 537 BOD.
2180 477 2411 535 BALSA
2421 476 2582 537 ΜοΝ

589 606 684 646 eos
715 598 866 644 extra
920 589 1220 655 Ecclesiam
1252 602 1399 644 -esse
1443 588 1656 643 statuit.
1705 588 1762 643 Si
1810 588 1937 658 quis
1977 589 2160 657 itaque

2277 585 2497 650 κανόνας
2529 584 2825 656 ὲκθεμένη,
2862 586 3017 649 ἐκτὸς
3050 584 3247 649 αὐτοὺς
3279 579 3419 640 εἶναι
3464 588 3562 656 τῆς
3602 587 3822 659 Ἐκκλη-

595 684 676 738 vel
715 682 933 750 nuptias
972 680 1250 750 legitimas
1302 679 1613 748 improbat,
1651 678 1733 733 vel
1759 694 1880 733 eum
1924 677 2018 746 qui
2046 693 2169 733 car—

596 790 717 828 nem
752 772 989 827 comedit
1025 781 1225 841 praeter
1261 771 1584 825 sull‘ocatam
1616 782 1669 824 et
1709 768 1873 823 idolis
1912 768 2165 823 immola-

596 874 703 917 tam
730 903 745 926 ,
796 863 1124 917 condemnat
1147 901 1161 925 ,
1194 861 1279 917 vel
1311 876 1500 916 servos
1539 860 1569 915 a
1612 860 1850 915 dominis
1883 859 2167 920 recedere,

595 958 811 1024 pietatis
842 964 1124 1025 praetextu,
1153 963 1208 1011 et
1231 954 1596 1010 ministerium
1623 968 1785 1008 suum
1814 960 2170 1008 contemnere

594 1047 793 1108 docet.
824 1055 917 1101 aut
958 1047 1177 1101 dubitat
1226 1045 1410 1100 divina
1458 1046 1710 1115 accipere
1746 1051 2093 1099 sacramenta
2140 1059 2171 1099 ι

596 1136 932 1207 presbyteris
964 1137 1059 1205 qui
1104 1151 1304 1192 uxores
1330 1137 1534 1191 habent
1557 1178 1573 1204 ,
1607 1136 1692 1191 vel
1741 1137 1810 1192 ab
1836 1136 2048 1192 adibus
2076 1135 2171 1191 Dei

594 1237 650 1283 et
700 1229 931 1282 ecclesia
996 1228 1262 1283 recedens
1299 1239 1360 1283 ut
1393 1242 1490 1283 eas
1550 1228 1701 1297 iuste
1744 1227 2174 1284 contemnendas

597 1323 829 1379 ducens.
862 1328 915 1374 et
949 1318 1200 1386 privatim
1251 1321 1580 1375 concionem
1611 1318 1846 1382 habens,
1889 1319 2025 1373 alias
2076 1319 2174 1373 in-

600 1410 931 1465 struetiones
978 1408 1209 1479 profert,
1240 1409 1325 1462 vel
1362 1420 1561 1476 praeter
1602 1407 1840 1477 episcopi
1895 1417 1986 1462 aut
2022 1424 2177 1479 pres-

604 1502 774 1571 byteri
799 1503 1153 1564 sententiam,
1184 1510 1243 1553 ttt
1270 1516 1365 1555 eos
1391 1508 1771 1561 contemnens,
1800 1500 2177 1555 ecclesiastica

601 1593 809 1659 peragit
871 1593 1166 1661 mysteria,
1224 1591 1352 1661 quia
1409 1605 1539 1647 suas
1590 1606 1786 1661 preces
1841 1604 2178 1661 magnopere

599 1682 894 1747 praevalere
916 1680 1200 1750 opinatur,
1236 1689 1331 1735 aut
1365 1682 1525 1735 docet
1570 1681 1845 1736 fructuum
1871 1681 2176 1737 oblationes

602 1770 859 1843 Ecclesiae
884 1773 1010 1825 olim
1042 1773 1222 1838 datas,
1256 1780 1309 1828 et
1342 1774 1407 1827 ad
1438 1774 1579 1828 bona
1613 1787 1777 1842 opera
1807 1780 2083 1841 erOgatas,
2124 1780 2179 1826 et

602 1862 667 1913 ab
694 1862 950 1930 episcopo
978 1871 1034 1916 et
1054 1863 1148 1929 {eis
1175 1863 1269 1931 qui
1308 1863 1374 1916 ad
1416 1878 1605 1917 eorum
1641 1862 2176 1917 administrationem

2274 678 2393 741 σίας
2424 676 2779 747 προσέταξεν.
2809 678 2874 731 Et
2898 694 2983 738 τις
3011 678 3143 744 γοῦν
3171 677 3206 748 ἢ
3254 677 3346 729 τδν
3388 678 3621 748 νόμιμον
3662 677 3823 746 γάμον

2272 771 2475 833 ἀθετεῖ,
2508 770 2541 841 ἢ
2572 770 2665 825 τὸν
2717 771 3146 841 κρεωφαγοῦντα
3194 771 3510 839 κατακρίνει
3564 772 3688 841 δίχα
3719 788 3827 823 mt-

2274 860 2405 915 κτοῦ
2431 862 2465 931 ἢ
2498 861 2854 917 εἰδωλοθύτου
2988 862 3208 926 δούλους
3230 862 3473 915 διδάσκει
3506 862 3617 915 τῶν
3649 864 3828 916 δεσπο-

2272 952 2382 1005 τῶν
2460 952 2844 1023 ὑπαναχωρεῖν
2910 953 3184 1023 προφάσει
3213 951 3544 1021 θεοσεϐείας,
3598 952 3695 1005 καὶ
3742 953 3828 1019 τῆς

2275 1028 2582 1113 ὑπηρεσίας
2637 1043 2820 1097 αὐτῶν
2869 1045 3231 1114 καταφρονεῖν
3260 1059 3275 1072 θ
3307 1042 3341 1113 ἢ
3370 1042 3703 1112 διακρίνοιτο
3730 1041 3829 1094 τῶν

2275 1133 2439 1187 θείων
2491 1133 2849 1204 ἀγιασμάτων
2909 1134 3232 1204 μεταλαϐεῖν
3294 1133 3404 1188 ἀπὸ
3452 1132 3829 1203 πρεσϐυτέριον

2278 1224 2643 1293 ὐπογυναίων·
2672 1224 2846 1294 ῆητῶν
2873 1223 3037 1277 οἴκων
3063 1223 3156 1276 τοῦ
3189 1222 3322 1276 Θεοῦ
3356 1224 3450 1277 καὶ
3476 1224 3576 1293 τῆς
3611 1222 3829 1291 Ἐκκλη-

2282 1315 2401 1378 σίας
2434 1315 2757 1385 ἀναχωρεῖν,
2791 1316 2867 1379 ὡς
2895 1316 3404 1385 εὐκαταφρονήτους
3430 1314 3631 1376 αὐτοὺς
3659 1313 3830 1381 οἰόμε-

2281 1423 2394 1469 νος.
2447 1408 2543 1461 καὶ
2593 1406 2702 1478 ἰδίᾳ
2773 1405 3171 1477 ἐκκλησιάζων,
3249 1404 3602 1467 διδασκαλίας
3650 1404 3832 1471 ἐτέρας

2283 1496 2510 1550 ποιοῖτο·
2542 1496 2575 1567 ἢ
2607 1496 2757 1566 παρά
2797 1495 3023 1566 γνώμην
3050 1496 3349 1549 ἑπισκόπου
3381 1497 3414 1565 ἢ
3447 1494 3830 1563 πρεσϐυτέρου,

2279 1586 2355 1649 ὡς
2402 1588 2765 1658 καταφρονῶν
2817 1587 3021 1652 αὐτῶν,
3070 1588 3138 1641 τὰ
3180 1587 3280 1656 τῆς
3320 1586 3652 1654 Ἐκκλησίας
3701 1584 3834 1635 tam

2276 1679 2581 1749 μυστήρια,
2641 1677 2733 1730 διά
2783 1677 2846 1730 τὸ
2895 1679 2997 1746 τὴν
3046 1676 3358 1749 προσευχὴν
3411 1675 3577 1728 αὐτοῦ
3636 1674 3835 1744 μεγάλα

2285 1763 2494 1836 ἰσχύειν
2521 1765 2748 1818 οἴεσθαι·
2799 1765 2833 1835 ἢ
2885 1765 3127 1819 διδάσκει
3150 1766 3249 1826 τὰς
3276 1761 3541 1817 ἀνέκαθεν
3574 1760 3689 1813 τῶν
3718 1760 3833 1829 196-

2279 1874 2387 1911 νων
2416 1855 2700 1926 διδομένας
2741 1855 3122 1927 καρποφορίας
3170 1858 3237 1926 τῇ
3292 1853 3612 1924 Ἐκκλησία,
3644 1853 3739 1904 καὶ
3768 1852 3836 1912 εἰς

601 1952 667 2005 ab
690 1952 806 2020 ipso
839 1953 1221 2022 designantur,
1253 1952 1515 2009 Ecclesiae
1543 1969 1651 2009 non
1674 1952 1892 2015 oiierre,
1933 1953 2028 2009 sed
2074 1952 2173 2007 sibi

2280 1947 2527 2000 εὐποιὲαν
2555 1946 3031 2017 κατακενουμένας
3049 1947 3201 2016 παρά
3229 1962 3287 1998 τε
3308 1944 3405 1997 τοῦ
3425 1945 3728 1996 ἐπισκόπου
3755 1945 3836 1995 καὶ

602 2051 695 2094 aut
728 2044 837 2096 illis
867 2045 958 2112 qui
995 2058 1184 2098 secum
1224 2054 1469 2100 sunteas
1497 2045 1650 2109 dare,
1687 2045 1772 2100 vel
1802 2044 2171 2112 virginitatem

603 2148 709 2187 non
741 2142 963 2203 prepter
989 2134 1163 2197 ipsam
1194 2135 1515 2201 bonitatem,
1561 2135 1912 2189 matrimonio
1930 2134 2172 2204 prtelert,

599 2223 695 2278 sed
730 2232 787 2279 ut
821 2224 1233 2280 matrimonium
1274 2242 1609 2290 exsccrans,
1650 2236 1705 2282 et
1739 2226 2009 2282 adversus
2041 2241 2174 2283 con-

598 2317 815 2381 jugatos
841 2318 1018 2370 elatus
1038 2356 1051 2379 ,
1079 2319 1164 2372 vel
1194 2333 1303 2373 non
1333 2319 1593 2372 convenit
1637 2319 1705 2373 iis
1732 2318 1826 2387 qui
1860 2318 1927 2373 ad
1964 2334 2174 2389 agapen

600 2415 933 2475 congregant
972 2407 1375 2475 postEcclesia:
1414 2408 1793 2465 dimissionem
1826 2410 1894 2463 ad
1935 2411 2091 2474 panis
2120 2419 2174 2464 et

603 2496 711 2548 vini
766 2497 1276 2565 participationem,
1317 2498 1409 2553 sed
1434 2514 1533 2553 eos
1563 2499 1744 2570 rejicit
1770 2540 1784 2563 ,
1825 2509 1880 2555 et
1929 2516 2055 2555 cum
2090 2502 2171 2557 eis

601 2587 1006 2641 communicare
1054 2596 1281 2643 vocatus
1320 2603 1417 2657 per
1464 2599 1838 2660 contemptum
1877 2604 1932 2646 et
1976 2607 2173 2659 super-

602 2678 742 2731 biant
770 2692 878 2729 non
912 2676 1171 2740 sustinet,
1201 2678 1284 2732 vel
1310 2693 1433 2733 cum
1466 2679 1677 2749 justitia
1722 2690 1775 2734 et
1810 2681 2170 2737 beneficentia

600 2769 951 2823 ditescentem
970 2777 1321 2835 aspernatur,
1343 2770 1425 2825 vel
1450 2778 1504 2825 et
1523 2786 1646 2826 eum
1674 2774 1767 2841 qui
1795 2775 2028 2827 sericam
2078 2789 2171 2828 ve-

602 2870 735 2911 stem
766 2858 959 2923 induit,
1021 2858 1177 2913 ﬂocci
1234 2859 1385 2924 facit,
1419 2860 1535 2931 ipse
1571 2863 1863 2933 peregrina
1920 2865 2170 2933 quietiam

602 2952 917 3018 excogitans
977 2950 1335 3015 indumenta,
1376 2960 1435 3006 ut
1497 2967 1569 3007 ex
1622 2954 1692 3009 iis
1753 2969 1811 3009 se
1878 2954 2170 3024 iustiﬁcari

606 3051 824 3107 putans,
855 3042 935 3094 vel
971 3042 1133 3095 etiam
1185 3043 1441 3096 mulieres
1486 3043 1734 3110 quaedam
1770 3042 1816 3098 si
1845 3045 2171 3099 vestimenta

602 3132 776 3185 virilia
822 3131 1047 3186 induere
1078 3132 1452 3199 inveniuntur,
1483 3135 1550 3189 ad
1590 3136 1906 3191 communis
1941 3137 2172 3191 femina-

604 3240 721 3275 rum
750 3223 981 3278 vestitus
1030 3225 1281 3289 ruinam,
1315 3235 1366 3279 et
1403 3235 1665 3295 tanquam
1702 3234 1961 3297 putantes
1998 3243 2058 3282 se
2102 3242 2168 3282 ex

604 3320 667 3367 iis
701 3322 919 3369 sanctas
966 3323 1018 3369 et
1057 3315 1234 3383 justas
1272 3317 1467 3381 videri,
1525 3330 1619 3372 aut
1674 3333 1702 3372 a
1753 3320 1870 3374 suis
1916 3319 2049 3373 viris
2114 3327 2173 3373 ιιι

603 3407 817 3473 nuptias
851 3406 1188 3463 detestantes
1240 3418 1591 3479 separantur,
1629 3410 1712 3465 vel
1747 3412 2002 3480 proprios
2034 3411 2173 3465 libe-

605 3506 697 3547 ros
750 3495 1068 3565 relinquunt
1092 3535 1107 3559 ,
1156 3508 1212 3551 et
1257 3514 1367 3553 non
1402 3508 1461 3553 ut
1498 3499 1707 3555 liberos
1745 3515 1842 3555 eos
1866 3501 2044 3564 alunt,
2074 3514 2172 3554 nec

603 3595 869 3651 quantum
926 3587 979 3639 in
1021 3602 1080 3642 se
1131 3598 1217 3643 est
1248 3589 1314 3642 ad
1369 3592 1692 3661 religionem
1750 3592 2169 3647 convenientem

604 3690 697 3729 eos
753 3675 1029 3741 excitant,
1100 3676 1195 3731 sed
1260 3681 1672 3737 exercitationis
1750 3692 2013 3751 praetextu
2078 3698 2174 3737 eos

606 3767 905 3835 negliguut,
933 3776 985 3819 et
1017 3781 1136 3835 qua:
1164 3783 1375 3823 comam
1406 3772 1725 3826 muliebrem
1760 3775 2078 3838 detondent,
2117 3781 2174 3827 ut

607 3857 862 3921 pietatem
919 3857 1278 3925 simulantes,
1319 3860 1400 3913 vel
1450 3862 1571 3915 vice
1626 3879 1805 3929 versa,
1851 3864 1896 3919 si
1955 3865 2107 3919 liberi
2141 3880 2169 3922 ι)

608 3948 922 4015 parentibus
966 3949 1219 4003 ﬁdelibus
1253 3950 1525 4013 resiliunt,
1554 3953 1815 4007 honorem
1850 3956 2172 4022 parentibus

607 4039 851 4103 debitum
902 4053 1007 4092 non
1045 4039 1378 4103 tribuentes,
1432 4050 1690 4110 tanquam
1726 4044 1980 4112 pietatem
2016 4045 2173 4097 nimi-

610 4143 728 4181 rum
755 4128 1127 4196 praeferentes,
1156 4129 1242 4181 vel
1281 4129 1325 4183 si
1360 4131 1484 4199 quis
1533 4131 1727 4185 tradita
1766 4133 1926 4187 nobis
1965 4132 2172 4201 jejunia

526 4270 529 4274 .
610 4220 1060 4289 transgrediatur,
1094 4228 1147 4272 et
1182 4208 1479 4286 profanant;
1521 4220 1637 4275 dies
1679 4221 1748 4275 ab
1785 4223 2030 4277 Ecclesia
2057 4239 2174 4277 ser-

610 4309 723 4363 vari
746 4310 1011 4370 sancitas,
1046 4309 1326 4391 Dominica
1349 4311 1431 4363 vel
1453 4312 1693 4365 Sabbato
1720 4312 2175 4383 eligaljejunare,

610 4396 692 4449 vel
726 4408 1024 4466 martyrum
1058 4396 1509 4463 congregationes
1557 4406 1611 4448 et
1642 4412 1798 4452 sacra
1850 4416 1973 4468 qua:
2026 4401 2076 4453 in
2108 4402 2174 4455 iis

611 4486 1043 4556 liuntmysteria.
1080 4493 1138 4537 ttt
1173 4501 1433 4555 arrogans
1465 4488 1861 4549 calumniatur.
1891 4502 1943 4544 et
1975 4492 2179 4547 abhor-

2278 2037 2390 2090 τῶν
2420 2037 2501 2100 είς
2530 2036 2628 2107 τὴν
2682 2037 2995 2107 οἰκονομίαν
3036 2036 3242 2091 τούτων
3276 2039 3406 2106 παρ’
3433 2035 3600 2090 αὐτοῦ
3648 2033 3836 2103 προϐε-

2280 2127 2591 2197 ϐλημένων,
2628 2128 2706 2197 μὴ
2727 2128 3059 2200 προσφέρειν
3085 2130 3152 2197 τῇ
3192 2126 3515 2196 Ἐκκλησία,
3552 2126 3675 2178 ἀλλ’
3700 2123 3836 2194 αὐτῷ

2275 2236 2337 2273 τε
2372 2220 2465 2273 καὶ
2501 2220 2617 2283 τοῖς
2653 2219 2753 2273 σὺν
2805 2219 2979 2289 αὐτῷ,
3023 2220 3099 2284 ὡς
3136 2221 3335 2290 ἁγίοις,
3368 2219 3574 2282 ταύτας
3605 2218 3834 2271 διδόναι’

2276 2315 2311 2385 ἢ
2337 2314 2439 2383 τὴν
2476 2313 2776 2385 παρθενίαν
2803 2314 2880 2383 μὴ
2906 2311 2974 2385 Bt’
3030 2314 3164 2367 αὐτδ
3215 2314 3278 2367 τδ
3332 2313 3497 2368 καλὸν
3534 2312 3629 2367 τοῦ
3663 2311 3835 2380 γάμου

2276 2404 2638 2474 προτιμᾶται,
2684 2402 2801 2458 ἀλλ’
2821 2403 2897 2468 ώς
2923 2396 3016 2458 τὸν
3044 2405 3225 2476 γάμον
3275 2403 3725 2474 βδελυσσόμενος,
3754 2400 3836 2454 καὶ

2274 2496 2384 2547 τῶν
2411 2495 2817 2565 γεγαμηκότων
2841 2495 3313 2567 κατεπαιρόμενος
3337 2510 3352 2526 ⁸
3380 2494 3415 2565 ἢ
3441 2496 3504 2548 οὐ
3534 2494 3837 2563 συνέρχοιτο

2274 2587 2385 2648 τοῖς
2434 2584 2770 2651 συγκαλοῦσι
2808 2586 2875 2639 δι’
2902 2585 3147 2657 ἀγάπην,
3173 2586 3315 2641 κατά
3350 2588 3450 2657 τὴν
3476 2586 3576 2655 τῆς
3622 2585 3843 2652 Ἐκκλη-

2278 2675 2399 2739 σξας
2436 2676 2728 2744 ἀπόλυσιν,
2764 2676 2847 2739 είς
2879 2676 3181 2749 μετάληψιν
3210 2678 3378 2749 ἀρτου
3410 2679 3509 2731 καὶ
3538 2679 3709 2741 οἴνου,
3734 2674 3824 2728 ἀλλ

2277 2767 2465 2821 ἀθετεῖ
2518 2766 2762 2831 τούτους,
2812 2768 2908 2821 καὶ
2940 2770 3331 2839 συγκοινωνεϊν
3378 2767 3504 2837 μετ’
3535 2766 3721 2820 αὐτῶν
3749 2783 3838 2819 και

2274 2860 2559 2931 λούμενος,
2606 2863 2709 2919 οὐκ
2739 2864 2988 2935 ἀνέχοιτο
3028 2865 3096 2919 δι’
3125 2864 3455 2937 ὑπεροψίαν·
3492 2863 3525 2933 ἢ
3560 2864 3651 2918 τὸν
3682 2863 3837 2918 πλον·

2272 2951 2476 3005 τούντα
2510 2953 2651 3022 μετὰ
2701 2954 3048 3019 δικαιοσύνης
3100 2957 3194 3012 καὶ
3244 2956 3506 3019 εὐποιίας
3549 2955 3834 3019 ἐξουθενεί-

2274 3042 2306 3113 ῆ
2338 3042 2433 3094 καὶ⁸
2462 3044 2555 3095 τὸν
2593 3047 2828 3115 σηρικὴν
2856 3046 3067 3115 ἐσθῆτα
3089 3048 3357 3118 φοροῦντα
3405 3045 3685 3114 φαυλίζει,
3722 3045 3837 3109 ξένα

2272 3131 2396 3185 τινὰ
2425 3132 2588 3195 αὐτδς
2637 3135 2868 3188 ἐπινοῶν
2899 3137 3289 3207 ἀμφιάσματα,
3325 3137 3401 3199 ὠς
3441 3138 3506 3191 ἐκ
3541 3136 3749 3190 τούτων
3769 3137 3840 3189 δι·

2274 3214 2564 3277 καιοῦσθαι
2622 3226 2869 3292 οἰόμενος
2893 3244 2906 3256 ·
2942 3228 2976 3298 ἢ
3008 3230 3103 3285 καὶ
3146 3229 3403 3296 γυναῖκές
3430 3247 3579 3291 τινες
3615 3231 3665 3281 εί
3696 3228 3837 3298 εὐρε-

2276 3332 2492 3369 σκοιντο
2523 3315 2753 3388 ἀνδρικα
2791 3316 2985 3388 ἱμάτια
3036 3321 3496 3390 περιϐαλλόμεναι
3530 3322 3623 3374 ἐπὶ
3676 3338 3839 3372 κατα·

2276 3406 2482 3490 πτώσει
2516 3408 2617 3475 τῆς
2644 3408 2830 3477 κοινῆς
2880 3411 2991 3462 τῶν
3040 3410 3319 3476 γυναικῶν
3371 3411 3723 3479 ἀμφιάσεως,
3754 3411 3840 3463 καὶ

2275 3492 2350 3555 ὡς
2378 3494 2443 3547 ὲκ
2472 3493 2677 3549 τούτων
2697 3496 2940 3566 οἰόμεναι
2973 3500 3170 3566 σεμναὶ
3197 3499 3375 3552 δοκεῖν
3406 3517 3467 3552 τε
3500 3501 3597 3552 καὶ
3618 3500 3837 3553 δίκαιαι·

2277 3584 2306 3652 ἦ
2340 3584 2446 3637 τῶν
2496 3586 2643 3639 ἰδίων
2672 3587 2904 3657 ἀνδρῶν,
2944 3588 3020 3651 ὡς
3063 3592 3157 3642 τὸν
3189 3591 3365 3659 γάμον
3396 3591 3849 3659 βδελυσσόμεναι,

2275 3675 2710 3744 διαζεύγνυνται,
2739 3679 2771 3749 ἢ
2800 3680 2867 3733 τὰ
2896 3681 3073 3757 οίκεϊα
3099 3681 3263 3735 τέκνα
3308 3683 3837 3751 καταλιμπάνουσαι.

2279 3767 2370 3819 καὶ
2404 3767 2480 3839 μὴ
2520 3770 2981 3840 τεκνοτροφοῖηαι
3031 3772 3224 3838 ταῦτα,
3258 3774 3355 3827 καὶ⁵
3394 3773 3455 3827 τὸ
3482 3776 3608 3827 ὅσον
3640 3777 3729 3829 ἐπ’
3754 3775 3841 3826 αὐ-

2276 3859 2399 3918 ταῖς
2445 3858 2581 3928 πρὸς
2614 3859 2923 3913 θεοσέϐειαν
2958 3863 3058 3931 τὴν
3095 3866 3483 3933 προσήκουσαν
3515 3864 3841 3932 ὐπαλείφου-

2281 3964 2391 4009 σαι,
2436 3948 2572 4000 ἀλλὰ
2625 3950 2894 4017 προφάσει
2928 3953 3217 4022 ἀσκήσεως
3268 3952 3574 4021 ἁμελοῦσαι
3616 3955 3839 4007 τούτων·

2281 4036 2374 4088 καὶ
2409 4037 2511 4107 τὴν
2553 4039 2733 4110 κόμην
2760 4041 2859 4110 τὴν
2892 4043 3214 4109 γυναικείαν
3252 4043 3728 4112 ἀποκειρόμεναι,
3770 4044 3839 4104 ὡς

2280 4128 2703 4198 ὐποκρινόμεναι
2740 4131 3070 4185 θεοσέϐειαν·
3103 4134 3137 4205 ἢ
3172 4133 3341 4187 πάλιν
3358 4136 3407 4185 εί
3444 4136 3611 4188 τέκνα
3638 4135 3841 4188 πιστῶν

2278 4218 2481 4286 γονέων
2519 4222 2914 4290 ἀποσκιρτῶσι,
2958 4223 3055 4293 τὴν
3088 4224 3406 4293 πρέπουσαν
3436 4226 3602 4295 τιμὴν
3629 4227 3840 4293 γονεῦσι

2281 4311 2356 4380 μὴ
2386 4313 2747 4381 ἀπονέμοντα,
2780 4314 2854 4377 ὡς
2888 4315 3281 4385 προτιμώμενα
3318 4316 3482 4385 δῆθεν
3526 4320 3624 4388 τὴν
3656 4318 3841 4387 ,θεοσέο

2280 4402 2455 4455 ϐειαν’
2487 4404 2519 4473 ἢ
2555 4404 2605 4472 εί
2628 4404 2957 4475 παραϐαίνει
2988 4424 3071 4470 τις
3100 4408 3200 4472 τὰς
3234 4407 3689 4478 παραδεδομένας
3714 4411 3840 4478 ἡμῖν

2282 4494 2559 4561 νηστείας,
2594 4495 2688 4548 καὶ
2722 4498 2916 4549 κοινῶν
2947 4497 3051 4550 ὐπὸ
3082 4496 3183 4567 τῆς
3221 4498 3547 4570 Ἐκκλησῐας
3583 4501 3841 4567 φυλάττε-

613 4590 712 4633 ret.
757 4577 812 4629 Si
847 4578 965 4645 quis
993 4576 1159 4647 428
1185 4576 1369 4646 itaque
1401 4594 1468 4632 ex
1500 4579 1566 4631 iis
1596 4596 1718 4649 qua:
1751 4596 1917 4652 supra
1944 4597 2173 4637 enume-

2284 4584 2408 4636 σθαι
2434 4585 2959 4655 νενομοθετημένας,
2996 4587 3097 4656 τὴν
3136 4590 3423 4659 Κυριακὴν
3483 4591 3515 4660 ἢ
3543 4590 3603 4641 τὸ
3632 4592 3841 4645 Σάϐϐα-

612 4677 825 4730 rantur,
841 4666 1135 4734 quidquam
1162 4664 1339 4719 facere
1354 4667 1797 4737 deprehenditur,
1826 4680 1880 4725 ut
1907 4686 1966 4727 se
1982 4679 2175 4726 contra

612 4772 705 4811 eos
746 4756 835 4826 qui
874 4756 1182 4825 simplicius
1231 4756 1460 4821 vivunt,
1504 4758 1763 4824 eﬂ'erens,
1824 4771 1878 4814 et
1906 4763 2175 4817 ecclesia-

616 4848 781 4901 sticas
811 4846 1127 4901 transiliens
1172 4847 1319 4915 leges
1365 4855 1419 4903 et
1460 4848 1838 4907 innovationes
1893 4868 1923 4907 e
1951 4857 2171 4924 propria

616 4936 867 5005 superbia
893 4936 1268 5001 introducens,
1301 4940 1374 4992 sit
1401 4941 1709 4995 anathema.
1748 4943 1993 4998 Ecclesia
2028 4948 2175 5000 enim

615 5030 978 5097 virginitatem
1034 5044 1158 5083 cum
1195 5030 1378 5083 animo
1440 5034 1677 5087 demisso
1725 5035 2065 5099 admiratur,
2125 5048 2179 5091 et

616 5120 985 5174 secessionem
1029 5135 1055 5173 a
1086 5120 1320 5189 negotiis
1370 5124 1725 5178 Saecularibus
1785 5127 1973 5180 eodem
2015 5128 2177 5181 modo

617 5210 817 5264 faetam
878 5207 1138 5274 admittit,
1190 5221 1244 5264 et
1296 5212 1685 5268 continentiam
1726 5230 1852 5268 cum
1912 5218 2176 5284 gravitate

618 5305 670 5348 et
726 5295 1009 5363 religione,
1060 5305 1113 5349 et
1164 5300 1529 5354 venerabilem
1613 5304 1942 5359 matrimonii
2015 5324 2173 5361 nsunt

617 5385 825 5438 honore
855 5386 1223 5452 prosequitur.
1260 5400 1313 5441 et
1340 5389 1565 5445 divitem
1612 5406 1733 5446 cum
1762 5394 1976 5463 justitia
2000 5406 2054 5450 et
2088 5398 2177 5452 be-

618 5473 901 5526 nelicentia
951 5488 1059 5527 non
1121 5476 1268 5542 parvi
1310 5480 1542 5546 pendet,
1592 5490 1643 5535 et
1678 5484 2080 5553 simplicitatem
2123 5498 2175 5541 ct

622 5562 988 5631 frugalitatem
1056 5567 1509 5623 vestimentorum
1558 5588 1668 5626 non
1720 5585 1937 5643 propter
1977 5594 2171 5647 super-

624 5649 785 5712 biam,
812 5651 900 5704 sed
930 5662 1147 5723 propter
1172 5656 1339 5711 solam
1362 5661 1604 5727 corporis
1635 5677 1821 5715 curam
1857 5663 1973 5719 sine
1994 5670 2179 5721 curio-

627 5740 788 5793 sitate
838 5740 1063 5807 factam,
1124 5748 1425 5815 approbato
1481 5752 1665 5815 nmit;
1717 5755 2175 5821 quemadmodum

623 5844 729 5887 non
765 5830 997 5887 admittit
1034 5850 1195 5891 etiam
1228 5856 1317 5894 eos
1344 5844 1432 5909 qui
1467 5841 1783 5908 dissolutas,
1822 5858 1870 5899 et
1911 5850 2173 5906 delicatas

2279 4691 2369 4726 τον
2407 4675 2645 4744 αίρεῖται
2676 4677 2981 4745 νηστεύεινο
3016 4678 3173 4749 ἢτάς
3221 4680 3329 4733 τῶν
3366 4681 3658 4751 μαρτύρων
3728 4701 3843 4736 συν-

2280 4766 2452 4829 άξεις,
2502 4768 2593 4819 καὶ
2622 4767 2722 4829 τὰς
2764 4770 2823 4819 ὲν
2853 4768 3043 4831 αὐταῖς
3073 4772 3359 4841 γινομένας
3389 4772 3733 4843 λειτουργὶας
3772 4776 3840 4835 ὡς

2278 4856 2630 4924 ὑπερήφανος
2654 4856 2959 4914 διαϐάλοιτο
3009 4861 3103 4913 καὶ
3138 4860 3470 4930 βδελύττοιτο
3489 4881 3504 4895 ·
3526 4867 3579 4917 ετ
3605 4883 3691 4929 τις
3721 4866 3839 4933 γοῦν

2280 4947 2344 5000 ἐκ
2374 4948 2481 4998 τῶν
2503 4947 2711 5001 ἀνωθεν
2734 4950 3205 5021 ἀπηριθμημένων
3229 4952 3533 5022 εὐρίσκοιτό
3559 4972 3613 5008 τι
3651 4959 3835 5019 ποιῶν,

2278 5039 2355 5097 ὡς
2383 5042 2854 5110 κατεπαιρόμενος
2883 5041 2994 5093 τῶν
3021 5045 3404 5116 ἀφελεστέρως
3430 5045 3717 5115 βιούντων,
3751 5049 3838 5101 καὶ

2277 5128 2429 5191 τοὺς
2468 5130 2959 5198 ἐκκλησιαστικοὺς
3016 5113 3381 5204 παραϐαίνων
3436 5118 3697 5209 θεσμοὶλςί
3749 5137 3839 5191 καὶ

2279 5222 2604 5289 καινισμούς
2640 5221 2877 5291 εἰσάγων
2910 5222 2971 5288 ἐξ
3028 5225 3167 5290 ίδίας
3217 5227 3519 5298 ὑπεροψίας
3549 5245 3566 5261 ’
3595 5230 3837 5301 ἀνάθεμα

2278 5309 2438 5365 ἔστω.
2480 5311 2545 5365 Ἥ
2577 5311 2683 5380 γὰρ
2706 5312 3004 5383 Ἐκκλησία
3032 5316 3127 5368 καὶ
3157 5316 3459 5386 παρθενίαν
3490 5321 3631 5391 μετά
3656 5339 3837 5376 ταπει-

2277 5403 2611 5471 νοφροσύνης
2639 5403 2931 5473 θαυμάζει,
2981 5406 3076 5458 καὶ
3140 5407 3491 5479 ἀναχώρησιν
3532 5410 3643 5463 τῶν
3686 5415 3835 5480 ἐγκο-

2280 5493 2454 5561 σμίων
2494 5494 2835 5563 πραγμάτων
2862 5494 3121 5559 ὡσαύτως
3158 5499 3451 5567 γινομένην
3498 5501 3828 5571 ἀποδέχεται,

2278 5583 2374 5635 καὶ
2424 5584 2749 5653 ὲγκράτειαν
2806 5586 2943 5653 μετὰ
2994 5588 3322 5657 σεμνότητος
3382 5589 3475 5642 καὶ
3506 5591 3828 5655 θεοσεϐείας,

2279 5673 2371 5724 καὶ
2395 5674 2597 5743 σεμνὴν
2628 5674 2891 5743 διοίκησιν
2918 5662 3098 5746 γάμου
3128 5680 3283 5748 τιμᾷ,
3317 5680 3411 5732 καὶ
3446 5681 3671 5734 πλοῦτον
3700 5677 3829 5751 μετὰ

2278 5764 2625 5833 δικαιοσύνης
2650 5767 2741 5820 καὶ
2764 5768 3007 5829 εὐποιίας
3029 5769 3127 5821 οὐκ
3152 5768 3439 5837 ἑξουθενεῖ,
3465 5773 3558 5825 καὶ
3580 5772 3826 5841 λιτότητα

2284 5856 2371 5905 καὶ
2427 5856 2700 5910 εὐτέλειαν
2730 5857 3129 5929 ἁμφιασμάεων
3184 5861 3243 5913 ο)
3280 5860 3366 5915 διὰ
3396 5880 3581 5934 τυφον,
3608 5863 3737 5918 ἀλλὰ
3765 5862 3827 5916 δι’

3706 475 3923 541 127Ξῖ
