3974 6346
88 453 233 518 [277

172 678 190 710 ι
232 665 329 713 καὶ
389 663 451 716 οὐ
506 665 667 734 μόνον
726 668 853 731 τοὺς
901 671 1177 738 τοιούτους
1238 679 1495 751 καθαιρεῖ
1556 682 1656 751 τῆς

175 769 194 803 ι
234 750 603 824 λειτουργίας,
636 758 772 813 ἀλλά
816 762 910 815 καὶ
936 764 1063 827 τοὺς
1099 750 1417 837 τολμῶντας
1442 750 1652 838 τούτοις

172 859 191 893 ι
232 848 508 899 κοινωνεῖν
538 848 675 918 μετὰ
698 851 798 921 τὴν
819 853 1156 925 καθαίρεσιν.
1184 858 1324 922 Τοὺς
1362 861 1419 914 δὲ
1457 863 1653 917 καθαις

169 950 190 983 ι
239 935 496 1022 ρεθέντας
525 941 951 1012 ἀποστερεῖσθαι
978 946 1074 1001 καὶ
1101 951 1201 1018 τῆς
1236 949 1435 1015 ἔξωθεν
1458 954 1647 1022 τιμῆς,

169 1045 186 1074 ι
235 1020 305 1093 ἦς
342 1026 372 1078 ό
415 1027 575 1096 ἅγιος
618 1031 801 1086 κανὼν
842 1033 937 1087 καὶ
966 1036 1026 1090 τὸ
1064 1037 1162 1092 τοῦ
1200 1038 1336 1092 Θεοῦ
1379 1020 1651 1113 ίερατεῖον

164 1134 186 1165 ι
234 1117 581 1188 μετείληφεν.
612 1128 641 1173 ιλ
910 1165 917 1171 .

148 1207 352 1263 ΒΔΛΣ.
393 1211 526 1282 Περὶ
553 1216 653 1284 τῆς
685 1214 881 1287 ἑορτῆς
917 1218 1012 1272 τοῦ
1054 1220 1212 1288 ἁγίου
1264 1221 1475 1293 Πάσχα,
1509 1225 1643 1278 πότε

64 1298 292 1365 ὀφείλει
330 1301 598 1369 γίνεσθαι,
623 1304 820 1370 ίκανῶς
849 1308 1109 1379 διελήφθη
1145 1313 1202 1364 ιν
1231 1312 1309 1383 τῷ
1337 1311 1383 1377 ζ’
1415 1317 1647 1370 ἀποστο-

68 1389 225 1459 λικῷ
262 1393 485 1446 κανόνιο
532 1396 628 1448 καὶ
670 1397 945 1467 ἀνάγνωθι
997 1399 1189 1456 τοῦτόν
1233 1421 1292 1458 τε
1338 1406 1434 1459 καὶ
1476 1407 1543 1460 τὰ
1588 1409 1647 1461 ἐν

66 1482 237 1552 αὐτῷ
267 1485 565 1555 γραφέντα.
598 1487 663 1540 Οἱ
694 1487 752 1541 δὲ
783 1489 886 1560 τῆς
928 1493 1210 1562 παρούσης
1241 1496 1461 1563 συνόδου
1494 1497 1645 1565 ἅγιοι

69 1572 329 1643 Πατέρες
362 1574 579 1642 λέγουσι
614 1578 685 1633 τὰ
711 1582 841 1651 περὶ
869 1582 965 1652 τῆς
1000 1584 1258 1654 τοιαύτης
1294 1589 1489 1658 ἑορτῆς
1522 1590 1642 1659 ὁρι-

68 1660 280 1732 σθῆναι
320 1666 469 1736 παρὰ
517 1668 617 1735 τῆς
665 1669 892 1741 πρώτης
930 1672 1171 1729 συνόδου.
1210 1676 1298 1728 Ἐν
1350 1678 1481 1746 γοῦν
1530 1680 1644 1743 τοῖς

68 1756 274 1809 κανόσι
304 1758 411 1809 τῶν
448 1759 507 1810 ὲν
534 1759 740 1833 Νικαίᾳ
764 1761 1021 1833 Πατέρων
1064 1766 1220 1819 τοῦτο
1250 1769 1346 1838 οὐχ
1378 1768 1605 1840 εὕρηται
1625 1785 1638 1799 ο

63 1846 151 1908 είς
178 1846 240 1899 δὲ
270 1848 336 1902 τὰ
373 1853 653 1919 πρακτικὰ
678 1854 779 1923 τῆς
810 1854 1034 1925 πρώτης
1058 1858 1277 1911 συνόδου
1301 1860 1636 1929 εὑρίσκεται.

62 1936 221 2000 Τοὺς
255 1940 434 1992 τοίνυν
482 1942 802 2012 τολμῶντας
846 1947 915 2000 τὰ
959 1947 1102 2000 οὕτω
1134 1949 1475 2021 διορισθέντα
1514 1956 1646 2025 περὶ
1675 1940 1715 1995 Β

60 2028 165 2079 τοῦ
195 2030 388 2099 Πάσχα
412 2032 721 2100 καταλύειν,
744 2037 839 2089 καὶ
865 2038 1005 2107 μετὰ
1041 2040 1313 2097 Ἰουδαίων
1339 2042 1641 2112 ἑορτάζειν,

58 2118 303 2183 λαῖκοὺς
338 2121 438 2189 μὲν
468 2122 629 2186 ὄντας
674 2128 769 2178 καὶ
802 2128 877 2197 μὴ
911 2128 1161 2199 ἑτοίμους
1190 2133 1645 2197 εύσυνθετοῦντας

62 2210 217 2279 πρὸς
270 2211 366 2279 τὴν
413 2212 875 2287 ὲκκλησιαστικὴν
938 2219 1261 2288 παράδοσιν,
1312 2222 1450 2275 ἀλλὰ
1496 2222 1644 2290 φιλο-

56 2302 415 2368 νεικοῦντας,
491 2304 818 2376 διορίζονται
899 2311 1299 2381 ἀκοινωνησίας
1364 2314 1641 2378 παντελῶς

61 2395 334 2466 ἐπιτιμίῳ
368 2395 917 2454 καθυποϐἀῖιλεσθαν
969 2404 1299 2473 ίερωμένους
1344 2406 1400 2460 δὲ
1443 2407 1641 2461 καθαι-

62 2488 293 2556 ρεῖσθαι
321 2504 334 2518 ·
381 2491 475 2542 καὶ
506 2489 567 2542 ού
595 2491 790 2558 μόνους
824 2492 1065 2558 τούτους,
1095 2495 1230 2549 ἀλλὰ
1254 2498 1345 2549 καὶ
1376 2496 1498 2558 τοὺς
1521 2515 1638 2550 κοι-

58 2581 374 2644 νωνοῦντας
402 2584 583 2647 αὐτοῖς
612 2587 748 2654 μετὰ
775 2584 872 2656 τὴν
896 2587 1239 2656 καθαίρεσιν.
1274 2589 1382 2643 Καὶ
1414 2590 1635 2653 τούτους

59 2673 120 2725 δὲ
158 2675 474 2742 κάκείνους,
509 2678 607 2731 σὺν
644 2681 708 2747 τῇ
742 2678 1164 2750 ἀλειτουργησίξ.
1200 2682 1294 2734 καὶ
1321 2681 1418 2747 τῆς
1436 2682 1636 2748 ἔξωθεν

62 2764 161 2816 τοῦ
190 2764 438 2834 βήματος
470 2769 780 2838 ἀνηκούσης
810 2773 995 2833 αὐτοῖς
1026 2772 1320 2840 κανονικῆς
1339 2773 1510 2842 τιμῆς
1561 2772 1637 2837 ὼς

63 2856 410 2923 ξερωμένους
469 2859 947 2930 ἀπαλλοτριοῦσιν.
1010 2862 1147 2914 Οὔτε
1203 2862 1309 2930 γὰρ
1366 2864 1637 2934 καθέδρας

62 2946 191 2999 οὔτε
222 2948 464 3017 κλήσεως
488 2951 903 3020 ἀξιωθήσονται,
934 2952 1055 3005 οὔτε
1093 2957 1196 3024 μὴν
1223 2953 1411 3022 ἑτέρου
1436 2970 1631 3021 προνο-

64 3040 196 3107 μίου
226 3041 521 3108 ἱερατικοῦ.
560 3043 874 3113 Σημείωσαι
902 3043 995 3097 οὖν
1040 3045 1146 3097 ἀπὸ
1188 3044 1379 3097 τούτου
1422 3046 1526 3108 ὅτι,
1583 3045 1631 3096 εί

64 3131 139 3201 μή
204 3134 326 3184 ἐστι
390 3132 629 3195 τοιοῦτον
691 3135 833 3201 μέγα
890 3135 951 3186 τὸ
1006 3133 1281 3203 ἔγκλημα,
1346 3134 1415 3187 δι’
1468 3135 1496 3188 ὃ
1547 3151 1633 3199 τις

1134 476 1217 535 1N
1247 477 1409 540 CAN.
1448 480 1477 540 ι
1507 459 1724 549 'CONc.
1760 488 1819 547 ll
1857 492 2209 560 ANTlOtllI.

174 576 196 619 ἢ
238 570 445 639 φθορᾶς
476 572 589 643 (40)
623 577 717 629 καὶ
759 578 1091 649 διαστροφῆς
1126 581 1297 637 αἴτιον
1326 589 1649 657 γινόμενον⁹
1684 598 1730 655 Α

3188 523 3206 586 1
3218 525 3317 589 273

1840 621 1858 654 ι
1901 605 2075 660 solum
2104 625 2201 664 eos
2261 627 2288 664 a
2328 613 2650 677 ministerio
2694 621 2939 691 deponit,
2973 627 3067 681 sed
3096 632 3318 699 ctillos,

1836 715 1855 749 ι
1903 701 1993 767 qui
2036 703 2240 757 audent
2290 705 2354 760 iis
2402 720 2520 775 post
2563 712 2953 778 dcpositioncm
3004 725 3317 777 communi-

1758 824 1765 833 .
1832 806 1852 841 ι
1897 805 2045 845 care.
2091 790 2381 863 Depositos
2413 808 2593 854 autem
2625 805 2788 859 etiam
2838 818 3063 865 externo
3109 814 3319 868 honore

1830 897 1848 930 ι
1896 881 2119 948 privari,
2151 884 2305 953 cujus
2336 897 2563 946 sanctus
2600 905 2772 947 canon
2825 906 2878 950 et
2923 897 3015 953 Dei
3067 903 3317 957 sacerdo-

1827 988 1846 1022 ι
1894 972 2025 1025 tium
2057 972 2159 1029 fuit
2200 979 2494 1050 particeps.
2541 1000 2561 1034 ι

1817 1239 2011 1298 BALS.
2065 1243 2138 1299 De
2180 1246 2317 1303 festo
2375 1259 2579 1303 sancta:
2619 1249 2865 1317 Paschze,
2896 1255 3118 1322 quando
3156 1256 3313 1311 debet

1751 1336 1862 1389 lieri
1887 1337 2023 1393 satis
2056 1347 2350 1394 tractatum
2386 1350 2467 1396 est
2498 1345 2550 1396 in
2577 1345 2809 1413 septimo
2840 1361 3047 1400 canone
3082 1359 3311 1417 aposto-

1750 1426 1973 1491 lico;et
2006 1429 2279 1497 Iegeeum,
2313 1441 2367 1485 et
2423 1449 2541 1503 quae
2570 1437 2624 1489 in
2683 1436 2863 1505 ipsum
2918 1439 3119 1505 scripta
3164 1451 3310 1493 sunt.

1748 1513 2043 1573 Praesentis
2070 1528 2251 1573 autem
2279 1522 2473 1592 synodi
2540 1529 2711 1579 sancti
2746 1527 2934 1581 Patres
2991 1528 3184 1581 dicunt
3246 1527 3334 1584 de'

1747 1606 1847 1661 hoc
1874 1608 2010 1663 festo
2046 1624 2075 1664 a
2110 1612 2285 1679 prima
2312 1615 2523 1683 synodo
2580 1616 2751 1670 fuisse
2781 1619 3083 1672 definitum.
3136 1622 3313 1689 Atque

1745 1699 1848 1755 hoc
1894 1700 1947 1753 in
1998 1703 2301 1757 canonibus
2336 1705 2555 1760 Patrum
2589 1706 2818 1761 Niczenze
2865 1710 3051 1777 synodi
3092 1727 3195 1763 non
3234 1716 3315 1765 in-

1742 1799 1960 1844 ventum
1994 1800 2105 1856 est;
2142 1792 2237 1847 sed
2290 1794 2345 1847 in
2391 1795 2735 1863 actisprimze
2769 1799 2957 1865 synodi
3015 1798 3309 1852 invenitur.

1744 1879 1852 1934 Eos
1882 1896 2011 1950 ergo
2029 1882 2119 1950 qui
2154 1883 2382 1947 audent,
2452 1900 2573 1952 quae
2615 1886 2679 1939 de
2713 1886 2918 1939 Pascha
2960 1887 3039 1941 sic
3086 1888 3309 1942 definita

1748 1981 1901 2036 sunt,
1935 1974 2146 2028 solvere
2182 1984 2235 2029 et
2258 1990 2383 2029 cutu
2417 1974 2620 2030 Iudaeis
2656 1977 2852 2031 festum
2909 1992 3089 2043 agere,
3126 1979 3169 2031 si
3199 1980 3311 2032 sint

1746 2065 1963 2131 quidem
1993 2065 2139 2129 laici,
2173 2074 2229 2120 et
2254 2066 2318 2119 ad
2338 2066 2771 2122 ecclesiasticam
2817 2069 3166 2122 traditionem
3200 2085 3306 2122 non

1746 2154 1902 2209 facile
1925 2156 2264 2224 redigantur,
2319 2156 2414 2212 sed
2476 2159 2821 2212 contentiosa
2878 2160 3170 2219 resistant.
3212 2162 3308 2211 de-

1741 2254 1977 2309 ccrnunt
2032 2247 2277 2301 absolute
2330 2250 2909 2302 excommunicationis
2952 2250 3126 2317 ρωιιίε
3176 2252 3305 2303 sul)-

1742 2339 1838 2409 jici
1879 2358 1893 2405 ;
1937 2354 2034 2394 eos
2080 2354 2232 2404 vero,
2268 2340 2361 2410 qui
2401 2348 2531 2394 sunt
2581 2340 2806 2403 sacrati,
2846 2340 3085 2406 deponi:
3114 2349 3166 2394 cl
3196 2357 3303 2394 non

1741 2430 1917 2485 solum
1942 2430 2112 2500 ipsos,
2150 2431 2243 2486 sed
2278 2438 2331 2486 et
2360 2446 2453 2486 eos
2484 2431 2574 2500 qui
2603 2431 2710 2485 illis
2739 2439 2863 2495 post
2897 2430 3301 2500 depositionem
3374 2460 3383 2471 -

1739 2514 2177 2574 communicant.
2209 2521 2349 2585 Quin
2388 2521 2548 2574 etiam
2601 2519 2668 2573 iis
2707 2520 2863 2589 ipsis,
2899 2535 3004 2574 una
3056 2536 3181 2573 cum
3219 2536 3304 2572 sa-

1737 2625 1955 2665 crorum
1989 2609 2443 2665 celebrandorum
2479 2612 2809 2681 privatione,
2852 2612 3116 2665 honorem
3165 2627 3304 2680 quo-

1737 2718 1842 2771 que
1870 2703 2218 2763 canonicum,
2274 2703 2365 2773 qui
2430 2706 2494 2756 ad
2556 2702 2714 2767 illos,
2775 2714 2959 2769 utpote
3011 2715 3286 2771 sacratos,

1736 2803 1889 2848 extra
1926 2808 2145 2849 sacrum
2182 2795 2419 2848 tribunal
2473 2797 2728 2865 pertinet.
2793 2795 3058 2849 adimunt.
3112 2793 3298 2861 Neque

1733 2887 1877 2940 enim
1914 2885 2184 2940 cathedra:
2216 2925 2229 2946 .
2285 2900 2461 2954 neque
2523 2870 2829 2939 vocationis
2892 2886 3097 2937 honore
3149 2886 3299 2952 digni

1736 2974 2083 3029 habebuntur
2118 2975 2254 3030 :sed
2297 2990 2397 3028 nec
2449 2975 2555 3029 alio
2591 2974 2919 3029 sacerdotali
2984 2976 3296 3042 privilegio.

1732 3063 1870 3120 Nota
1899 3082 2029 3135 ergo
2057 3082 2120 3119 ex
2153 3066 2274 3127 hoc,
2318 3067 2464 3134 quod
2518 3065 2563 3119 si
2610 3079 2718 3118 non
2761 3072 2847 3118 est
2898 3064 3300 3132 magnum-cri-

1734 3170 1855 3208 men
1883 3163 2102 3223 propter
2129 3155 2273 3222 quod
2306 3155 2577 3225 quispiam
2612 3163 2698 3207 est
2718 3153 3026 3220 depositus,
3063 3153 3156 3206 sed
3184 3138 3301 3207 levo

60 3222 377 3292 καθῃρέθη.
425 3222 559 3276 ἀλλὰ
600 3222 833 3293 ἐλαφρὸν
872 3224 1054 3295 (τυχὸν
1078 3224 1323 3294 ἐγάμησε
1364 3226 1503 3295 μετὰ
1530 3228 1631 3295 τὴν

1734 3222 1899 3313 (forte
1945 3244 2101 3299 duxit
2141 3260 2364 3299 uxorem
2392 3222 2513 3314 post
2561 3244 3023 3314 depositi‘onem).
3083 3259 3143 3297 ea
3177 3260 3299 3311 qua:

62 3314 455 3383 χειρετονίαν),
486 3315 771 3385 ἐνεργήσει
805 3315 875 3368 τὰ
916 3314 1021 3381 ἔξω
1066 3316 1159 3369 τοῦ
1202 3316 1479 3387 βήματοςο
1519 3316 1628 3381 {Eat

60 3402 117 3455 δὲ
148 3404 380 3473 καὶ¹τὴν
408 3405 511 3469 ἔξω
532 3407 718 3476 τιμήν.
761 3405 1062 3474 ’Ᾱνὰγνωθι
1105 3406 1198 3457 καὶ
1230 3406 1429 3459 κανόνα
1463 3403 1507 3459 θ’
1529 3405 1630 3476 τῆς

61 3497 116 3547 ὲν
142 3494 550 3566 Νεοκαισαρείᾳ
580 3496 819 3561 συνόδου,
849 3499 945 3550 καὶ
971 3497 1066 3567 τῆς
1090 3495 1141 3552 ς’
1161 3496 1377 3550 συνόδου
1400 3497 1631 3561 κανόνας

60 3586 145 3638 κα¹
207 3587 302 3638 καὶ
339 3586 453 3650 κς·’.

132 3677 576 3731 ΖΩΝΑΡ.Φασὶν
614 3678 664 3729 oi
716 3679 813 3746 τῆς
861 3679 1083 3730 συνόδου
1127 3676 1331 3748 τκύτης
1373 3678 1497 3740 τοὺς
1528 3677 1628 3747 τῆς

62 3772 289 3839 πρώτης
324 3768 542 3823 συνόδου
565 3770 755 3836 ἁγίους
779 3770 1028 3839 Πατέρας
1048 3771 1172 3839 ὅρον
1203 3769 1463 3823 ἐκθέσθαι
1497 3771 1628 3839 περὶ

60 3863 154 3931 τῆς
212 3863 408 3933 ἑορτῆς
452 3860 549 3914 τοῦ
606 3862 819 3931 Πάσχα.
862 3860 922 3924 ὃς
968 3863 1024 3914 ὲν
1069 3865 1185 3925 τοῖς
1228 3861 1357 3933 παρ’
1398 3862 1626 3915 ἐκείνων

61 3955 494 4022 συντεθειμένοις
517 3954 739 4007 κανόσιν
758 3954 855 4023 οὐχ
876 3953 1105 4025 εὕρηται
1124 3968 1138 3984 ⁸
1169 3955 1263 4008 καὶ
1290 3951 1447 4005 τοῦτο
1474 3949 1623 4018 παρὰ

63 4050 284 4102 πάντων
340 4046 707 4113 φυλάττεσθαι
753 4046 1098 4108 ἀπαιτοῦσιν,
1148 4044 1180 4113 ἢ
1226 4044 1624 4112 ἀκοινωνὴτους

59 4130 199 4187 εἶναι
236 4134 328 4187 καὶ
376 4134 715 4204 ἁποῦλήτους
760 4135 858 4205 τῆς
902 4134 1225 4206 Ἐκκλησίας
1270 4137 1396 4198 τοὺς
1427 4136 1501 4205 μὴ
1532 4135 1623 4187 τὸν

58 4230 179 4297 ὅρον
232 4230 437 4281 ἐκεῖνον
465 4228 771 4299 τηροῦντας
815 4227 1060 4291 λαῖκούς.
1118 4229 1177 4280 Ei
1231 4228 1289 4281 δὲ
1334 4229 1623 4298 ίερωμένοι

62 4310 169 4366 εἷεν
221 4318 268 4368 οί
310 4315 390 4385 τῷ
433 4317 546 4385 ὅρῳ
604 4316 798 4385 ἐκείνῳ
853 4315 1280 4386 ἐναντιούμενοι,
1334 4318 1430 4370 κα)⁵
1485 4320 1624 4386 μετὰ

74 4406 344 4459 Ἰουδαίων
378 4407 551 4459 τελεῖν
578 4407 638 4459 τὸ
663 4407 851 4476 Πάσχα
873 4408 1197 4468 διδάσκοιεν,
1236 4409 1619 4477 καθαιρεῖσθαι

62 4498 285 4563 αὐτοὺς,
306 4498 399 4551 καὶ
431 4501 555 4557 τοὺς
587 4500 863 4550 κοινωνεῖν
905 4498 1224 4565 τολμῶντας
1259 4498 1447 4559 αὐτοῖς
1480 4498 1619 4565 μετὰ

1732 3345 1862 3390 sunt
1903 3346 2058 3389 extra
2090 3336 2339 3389 tribunal
2379 3343 2600 3406 peraget
2630 3350 2644 3387 :
2672 3344 2726 3389 et
2783 3348 3071 3387 externum
3129 3337 3295 3386 etiam

1732 3429 1995 3482 honorem
2018 3429 2261 3482 habebit.
2298 3426 2441 3496 Lege
2465 3437 2517 3481 et
2538 3439 2812 3479 canonetn
2842 3422 3295 3477 9Neot-msarieno

1729 3520 1808 3573 sis
1832 3519 2048 3587 synoﬁ,
2096 3526 2150 3571 et
2184 3528 2349 3572 sexta:
2380 3516 2570 3588 synodi
2604 3530 2841 3570 canones
2872 3516 2933 3569 2|
2960 3523 3012 3569 et
3039 3515 3130 3587 26’.

1808 3674 2060 3731 ZONAR.
2113 3675 2395 3733 Decretum
2439 3691 2467 3729 a
2524 3678 2729 3733 sanctis
2792 3676 3041 3731 Patribns
3095 3677 3146 3729 in
3186 3677 3295 3747 pri-

1730 3785 1814 3821 ma
1848 3770 2055 3839 synodo
2080 3770 2456 3838 congregatis,
2494 3769 2633 3835 quod
2660 3776 2842 3823 tamen
2882 3772 3017 3820 inter
3055 3782 3293 3819 canones

1726 3859 1843 3926 ejus
1861 3857 2049 3927 synodi
2086 3873 2191 3910 non
2217 3868 2422 3920 exstat,
2461 3858 2526 3910 de
2549 3858 2768 3911 Pascha:
2791 3856 3020 3911 solemni
3061 3858 3147 3909 die
3178 3857 3294 3908 edi-

1727 3962 1836 4005 tum
1907 3951 2117 4014 fuisse,
2206 3950 2368 4019 hujus
2436 3948 2623 4020 synodi
2674 3959 2924 4004 auctores
2988 3938 3289 4025 asserunt;

1725 4044 1887 4112 idque
1935 4044 2006 4097 ab
2040 4044 2296 4098 omnibus
2340 4042 2547 4098 servari
2582 4081 2598 4105 ,
2657 4042 2857 4111 quique
2918 4043 2963 4094 ei
3022 4056 3128 4093 non
3198 4039 3292 4091 ob—

1724 4135 2187 4204 temperaverint,
2256 4134 2303 4187 si
2368 4133 2584 4201 quidem
2640 4133 2765 4185 laici
2835 4134 2983 4193 sint,
3046 4136 3291 4184 commu-

1717 4228 1887 4282 nione
1929 4225 2132 4296 privari
2168 4235 2222 4281 et
2268 4226 2336 4281 ab
2370 4225 2612 4281 Ecclesia
2673 4223 3025 4280 exterminari
3070 4222 3287 4289 jnbent.

1723 4321 1875 4386 Quod
1911 4322 1951 4373 si
1990 4335 2147 4374 sacro
2169 4319 2349 4372 ordini
2378 4318 2787 4372 constitutionis
2818 4317 2962 4369 illius
2995 4316 3288 4369 violatores

1721 4409 1977 4475 adscripti
2014 4408 2240 4471 fuerint,
2272 4407 2418 4477 iique
2445 4423 2570 4462 cum
2603 4406 2806 4463 Iuda-is
2834 4408 2973 4459 diem
3006 4404 3287 4457 Paschalis

1720 4499 2103 4553 celebrandum
2158 4514 2281 4559 esse
2324 4500 2583 4562 doceant,
2621 4499 2965 4566 depositione
3021 4496 3192 4563 ipsos,
3234 4504 3288 4550 ct

58 4584 153 4653 τὴν
180 4586 501 4655 καθαίρεσιν
532 4587 938 4649 δια-τάττονται,
972 4586 1067 4637 καὶ
1100 4586 1235 4655 μηδὲ
1272 4588 1439 4656 τιμῆς
1470 4590 1616 4658 ἱερα-

1732 4591 1812 4658 ῃιὶ
1866 4590 2061 4646 iisdem
2109 4600 2233 4661 pust
2277 4590 2668 4658 depositionem
2714 4588 3125 4641 communicare
3169 4589 3284 4642 ausi

63 4676 217 4743 τικῆς
242 4678 342 4744 τῆς
370 4676 574 4741 ἔξωθεν
604 4678 854 4747 μετέχειν
887 4677 1084 4740 αὐτούς
1112 4696 1128 4710 ·
1161 4678 1326 4742 ὥστε,
1379 4680 1483 4732 κᾶν
1512 4679 1613 4749 τῆς

66 4765 372 4837 ἱερουργίας
406 4769 747 4833 κωλύωνται,
786 4768 1052 4838 καθέδρας
1080 4768 1214 4832 τέως
1245 4772 1339 4823 καὶ
1370 4769 1617 4839 κλήσεως

64 4857 374 4911 ἐπισκόπων
413 4857 443 4926 ἢ
488 4859 679 4927 ἱερέων
713 4859 1023 4915 ἀπολαύειν.
1078 4860 1187 4913 Καὶ
1231 4861 1257 4911 ὁ
1304 4859 1530 4930 ἕϐδομος
1562 4862 1618 4915 δὲ

64 4950 236 5004 κανὼν
262 4949 370 5002 τῶν
414 4948 584 5016 ἁγίων
621 4950 955 5015 ἀποστόλων,
1002 4950 1125 5009 τοὺς
1166 4951 1303 5019 μετὰ
1349 4949 1618 5004 Ἰουδαίων

62 5043 118 5092 τὸ
154 5041 339 5111 Πάσχα
388 5037 743 5107 ἑορτάζοντας
794 5038 1170 5110 καθαιρεῖσθαι
1222 5040 1458 5094 κελεύει.
1520 5042 1609 5095 Ἑν

68 5131 159 5198 μὲν
196 5130 288 5185 οὖν
327 5133 440 5192 τοῖς
487 5129 673 5181 κανόσι
704 5130 803 5198 τῆς
850 5132 1072 5201 πρώῖης
1115 5131 1333 5183 συνόδου
1369 5134 1523 5185 οὐδέν
1557 5150 1611 5185 τι

65 5225 188 5294 περὶ
224 5225 317 5278 τοῦ
352 5224 538 5293 Πάσχα
568 5222 798 5291 εὓρηται
841 5222 1057 5290 όρισθέν
1079 5239 1090 5251 ·
1119 5224 1166 5276 εί
1213 5221 1258 5275 δ’
1309 5225 1467 5286 ἐκτὸς
1497 5224 1609 5281 τῶν

66 5315 296 5369 κανόνων
326 5334 378 5370 τι
406 5314 750 5386 ᾠκονόμηται
796 5314 993 5383 ἀγνοῶ,
1031 5314 1329 5389 πρακτικὸν
1368 5315 1464 5383 τῆς
1490 5332 1613 5370 συν-

68 5402 178 5457 όδου
220 5408 433 5478 ἐκείνης
469 5407 543 5479 μὴ
576 5405 734 5478 ἔχων.

1714 4683 1916 4738 fuerint
1942 4725 1957 4749 ,
2000 4683 2215 4740 multari
2250 4681 2480 4746 volunt;
2528 4694 2589 4735 ac
2629 4696 2695 4735 ne
2736 4692 3018 4736 externum
3066 4681 3283 4751 quidem

1713 4776 2019 4833 sacerdotii
2064 4777 2348 4839 honorem,
2382 4783 2441 4828 ut
2478 4788 2603 4828 cum
2638 4789 2666 4828 a
2714 4790 2997 4830 sacrorum
3047 4775 3287 4826 celeln-a-

1717 4869 1866 4921 tione
1919 4875 2247 4930 arceantur,
2306 4876 2486 4921 tamen
2548 4868 2818 4921 cathedra:
2873 4866 3283 4934 praerogativam

1718 4955 2071 5027 episcopique
2098 4966 2191 5009 aut
2216 4957 2515 5011 sacerdotis
2539 4956 2954 5024 appellationem
2983 4957 3282 5014 retineant.

1718 5047 2034 5102 hominibus
2080 5049 2307 5103 Conccdi
2358 5050 2665 5118 patiuntur,
2702 5048 2775 5101 Ac
2825 5047 2858 5099 ii
2913 5047 3158 5114 quidem,
3193 5050 3281 5113 qui

1710 5152 1834 5191 cum
1876 5134 2083 5191 Judaeis
2120 5136 2341 5193 Paschze
2385 5139 2526 5191 diem
2576 5145 2760 5207 agunt,
2794 5136 3027 5205 septimo
3069 5150 3283 5204 quoque

1711 5237 2023 5283 sanctorum
2072 5232 2443 5299 apostolorum
2493 5241 2701 5280 canone
2752 5227 2947 5295 deponi
2996 5227 3280 5297 jubentur-

1712 5320 1879 5373 Porro
1910 5318 2053 5371 inter
2097 5336 2337 5373 canones
2375 5320 2559 5384 prima:
2584 5319 2785 5387 'synodi
2815 5319 2947 5372 nihil
2980 5320 3274 5386 quidquam

1712 5411 1777 5465 de
1808 5409 2085 5475 Taschate
2128 5413 2406 5465 decretum
2456 5411 2727 5464 invenitur
2776 5427 2789 5463 ε
2832 5426 2896 5462 an
2934 5426 3063 5464 vero
3124 5419 3272 5461 extra

68 5510 296 5551 canones
342 5502 543 5571 aliquid
567 5498 828 5572 ejusmodi
876 5490 1233 5553 constitutum
1268 5497 1358 5567 sit,
1418 5513 1538 5554 cum
1582 5500 1726 5557 illius
1767 5500 1980 5555 concilii
2027 5502 2169 5570 apud
2222 5516 2306 5554 me
2350 5499 2483 5555 Acta
2515 5515 2619 5553 non
2656 5510 2892 5565 exstent,
2924 5500 3064 5552 haud
3117 5498 3274 5551 facile

70 5592 309 5648 dixerim.

1268 5705 1452 5767 Guill.
1495 5707 1818 5788 Beveregii
1852 5712 2039 5767 notae.

135 5808 239 5875 (ιο)
277 5806 460 5883 Ἀνίᾼὰ
490 5807 593 5859 παὶ
638 5809 889 5883 πολλοῖς
914 5805 1251 5883 διαφθορᾶς.
1284 5805 1373 5859 Sic
1401 5823 1592 5883 omnes

81 5876 254 5951 legunt
289 5879 504 5936 codices
536 5885 730 5949 praeter
774 5876 1290 5944 Amcrbaehianutn,
1322 5878 1412 5948 qui
1441 5876 1592 5949 legit,

1698 5810 1831 5930 ἀλλὲ
1867 5806 1961 5859 καὶ
2009 5806 2213 5879 πολλῆς
2258 5805 2557 5879 διαφθορᾶς
2605 5807 2694 5862 καὶ
2746 5803 3073 5876 διαστροφῆς
3097 5802 3270 5857 αἴτιον

1702 5896 1789 5930 τιν
1828 5893 2003 5930 μενον.

1702 5893 2003 5951 γινομενον.
