3974 6346
86 405 242 475 1%!

1235 411 1316 474 IN
1352 411 1520 475 CAN.
1561 413 1625 474 II
1662 413 1877 479 CONG.
1915 415 1974 476 II
2006 417 2362 483 ANTIOCH.

3228 432 3364 502 1282

80 526 263 593 ἀξίαν
293 530 589 598 μετάνοιαν
620 527 764 597 μετὰ
792 526 1239 598 ὲξομολογήσιως
1289 528 1662 594 ἐπιδείξωνται

1790 532 2009 607 dignam
2039 551 2161 590 cum
2202 538 2545 597 confesswne
2589 549 2966 616 pmnitentlam
3004 550 3365 610 ostenderim.

97 618 273 673 Ἐπεὶ
298 619 357 674 δὲ
402 621 552 683 εἰκὸς
572 615 664 691 ἦν,
689 624 801 685 τοῖς
830 620 1007 682 οὕτως
1058 622 1402 692 ἀφορισθεῖσι
1458 638 1678 689 συγκοι-

92 712 305 764 νωνεῖν
345 724 523 779 τινας,
551 713 722 784 ἤγουν
776 713 1155 784 συνεύχεσθαι,
1202 713 1326 784 οὐχὶ
1384 714 1441 767 ὲν
1472 716 1540 784 τῇ
1584 715 1682 767 ὲκ-

80 800 329 874 κλησίᾳ,
361 804 455 875 ἀφ’
483 799 552 879 ἧς
575 805 970 877 ἐξεϐλήθησαν,
992 806 1107 860 ἁλλ’
1135 809 1192 860 ἐν
1216 806 1493 876 εύκτηρίῳ
1519 806 1681 876 οἴκῳ,

77 895 121 966 ἢ
178 898 245 948 ἐν
270 896 436 968 ἑτέρᾳ
463 897 752 968 ἐκκλησίᾳ,
789 898 886 951 καὶ
913 894 1096 967 λέγειν
1122 899 1520 969 ’ἀνεπιτίμητον
1541 894 1682 952 εἰναι

73 986 281 1054 τοῦτο,
344 989 421 1053 ὡς
469 990 563 1043 τοῦ
588 990 979 1062 ἀφορισθέντος
1038 991 1148 1045 ἀπὸ
1203 992 1336 1063 μιᾶς
1381 991 1680 1061 ἐκκλησίας

73 1078 262 1148 δῆθεν
288 1081 633 1151 διωχθέντος,
663 1083 763 1151 τῆς
787 1082 893 1135 ὑπὸ
913 1083 982 1136 τὰ
1003 1082 1189 1137 δίκαια
1223 1082 1394 1153 οὔσης
1447 1084 1543 1137 τοῦ
1575 1084 1679 1152 ἁφ-

55 1151 408 1243 ’ῡρίσαντοῇ
435 1174 603 1243 φησὶν
636 1176 665 1228 ὁ
702 1174 883 1227 κανὼν
912 1175 1043 1244 μίαν
1073 1151 1368 1246 ἐκκλησίαν
1383 1172 1524 1229 εἶναι
1551 1151 1677 1238 τους

72 1248 433 1334 ὁπουδήποτε
462 1264 624 1328 ὄντας
649 1265 973 1334 εὐκτηρίους
996 1266 1181 1330 οἴκους
1221 1268 1317 1319 καὶ
1340 1267 1524 1330 ναούς.
1562 1269 1675 1321 Καὶ

75 1354 195 1408 οὐκ
224 1355 503 1424 ὀφείλουσί
538 1365 685 1421 τινες
709 1360 963 1432 κληρικοὶ
996 1360 1132 1431 μετὰ
1160 1338 1255 1413 ἑοῦ
1290 1360 1675 1430 ἀφορισθέντος

80 1446 480 1524 συνεύχεσθαι,
539 1450 645 1506 κᾶν
673 1453 783 1507 ἀπὸ
828 1453 1022 1524 ἐτέρας
1048 1446 1180 1507 ὦσιν
1236 1454 1489 1523 ὲνορίας·
1544 1456 1672 1517 τοὺς

74 1523 342 1610 δὲ’παρά
398 1540 574 1595 ταῦτα
629 1523 934 1608 ποιοῦντας
975 1543 1225 1616 τῷαύτῷ
1282 1545 1546 1624 επιτιμίῳ
1571 1545 1673 1616 τῆς

72 1632 490 1705 ἀκοινωνησίας
545 1637 1072 1693 καθυποόᾶιλλεσθαι.
1136 1640 1248 1693 Kal.
1291 1639 1361 1693 τὰ
1421 1639 1522 1709 μὲν
1572 1640 1668 1693 τοῦ

69 1725 316 1789 κανόνος
353 1726 414 1779 ὲν
462 1726 697 1793 τούτοις.
743 1731 816 1783 Σὺ
864 1731 922 1783 δὲ
977 1731 1252 1799 ἀνάγνωθι
1310 1731 1379 1785 τὰ
1431 1735 1490 1785 ὲν
1549 1734 1666 1795 τοῖς

74 1816 341 1886 ῥηθεῖσιν
401 1819 779 1884 ἀποστολικοῖς
831 1822 1019 1874 κανόσι
1048 1821 1350 1892 γραφέντα,
1403 1823 1501 1875 καὶ
1542 1822 1668 1875 κατ’

79 1909 280 1961 ἐκεῖνα
339 1910 451 1962 νόει
485 1912 580 1964 καὶ
622 1912 726 1975 τὸν
791 1915 1035 1983 παρόντα
1089 1912 1314 1977 κανόνα,
1371 1912 1467 1964 καὶ
1542 1913 1662 1964 εἰπὲ

1784 623 1921 690 Quia
1945 634 2121 682 autem
2151 629 2449 687 verisimile
2480 646 2615 700 erat,
2652 639 2741 702 iis,
2776 642 2869 709 qui
2902 642 2981 695 sic
3020 653 3146 697 sunt
3178 659 3368 715 segre-

1786 716 1917 785 gati,
1938 722 2338 803 communicare
2359 728 2642 792 quosdam,
2667 745 2760 785 seu
2786 745 2890 784 una
2914 748 3036 787 cum
3061 735 3141 790 eis
3163 752 3320 792 orare
3348 755 3364 804 ;

1785 820 1891 859 non
1937 806 1988 860 in
2022 810 2274 877 ecclesia,
2304 802 2367 867 ex
2403 829 2510 883 qua
2554 817 2717 887 ejecti
2747 828 2897 886 sunt,
2939 822 3036 877 sed
3068 823 3120 877 in
3151 802 3365 892 privato

1784 895 1978 953 domus
2004 901 2250 957 oratorio
2274 944 2289 970 ,
2328 904 2409 958 vel
2443 906 2497 958 in
2541 908 2645 960 alia
2689 910 2942 975 ecclesia,
2979 920 3034 965 et
3079 912 3259 968 dicere
3291 916 3364 969 ob

1784 985 1887 1039 hoc
1915 1003 2141 1056 poenam
2172 990 2223 1039 in
2271 1009 2330 1048 se
2374 1010 2479 1048 non
2515 999 2731 1063 cadere,
2764 1014 2831 1054 eo
2861 1005 3005 1068 quod
3048 1014 3364 1073 segregatus

1781 1078 1853 1133 sit
1892 1080 1954 1132 ab
1982 1092 2107 1139 una
2145 1084 2364 1141 ecclesia
2393 1087 2618 1156 eiectus,
2656 1092 2711 1145 in
2743 1108 2845 1159 qua
2869 1093 2959 1163 jus
2995 1095 3158 1150 habet
3191 1098 3237 1150 is
3266 1096 3361 1165 qui

1780 1185 1902 1225 eum
1926 1179 2235 1246 segregavit
2276 1196 2291 1232 :
2322 1180 2451 1235 dicit
2484 1196 2658 1236 canon
2699 1199 2859 1237 unam
2894 1200 3017 1241 esse
3046 1188 3358 1253 ecclesiam,

1780 1268 2020 1321 oratoria
2045 1280 2098 1321 et
2127 1270 2348 1340 templa,
2387 1274 2695 1343 ubicunque
2724 1284 2874 1341 sunt,
2910 1293 3010 1333 nec
3034 1280 3235 1335 debent
3264 1282 3356 1334 ulli

1777 1356 1958 1413 clerici
1990 1375 2109 1414 cum
2158 1377 2244 1429 eo,
2286 1366 2377 1433 qui
2417 1378 2498 1420 est
2541 1382 2878 1441 segregatus,
2930 1386 3110 1437 orare,
3138 1374 3355 1428 etiamsi

1775 1450 1886 1502 sint
1920 1462 1986 1503 ex
2017 1449 2123 1504 alia
2158 1452 2420 1521 regione:
2460 1456 2497 1510 ii
2530 1473 2733 1524 autem,
2777 1461 2867 1529 qui
2904 1473 3102 1529 praeter
3132 1462 3245 1518 hac
3273 1462 3357 1516 fa-

1774 1538 1925 1593 ciunt
1947 1538 2121 1594 eidem
2149 1546 2728 1604 excommunicationis
2760 1565 2933 1619 paena:
2959 1552 3348 1618 subjiciuntur.

1774 1631 1844 1685 Et
1886 1631 1997 1686 hanc
2026 1632 2247 1702 quidem
2279 1636 2411 1692 dicit
2434 1652 2635 1694 canon.
2674 1639 2755 1695 Tu
2782 1649 2964 1695 autem
2995 1644 3113 1713 lege
3143 1660 3263 1711 quae
3298 1645 3350 1699 in

1778 1723 1943 1777 dictis
1982 1726 2299 1794 apostolicis
2329 1730 2626 1785 canonibus
2657 1733 2858 1801 scripta
2892 1743 3038 1799 sunt,
3065 1744 3119 1789 et
3154 1750 3351 1788 secun-

1772 1814 1900 1868 dum
1951 1814 2039 1868 illa
2075 1827 2401 1883 pratseutem
2441 1837 2659 1890 quoque
2684 1839 2948 1879 canonem
3003 1827 3266 1895 intellige,
3296 1837 3351 1881 et

1772 1906 1879 1969 die,
1914 1907 2060 1974 quod
2103 1907 2139 1962 ii
2177 1926 2281 1964 non
2322 1912 2778 1968 existimabantur
2809 1930 3018 1969 sacram
3053 1920 3349 1987 participa-

68 2000 167 2053 ὅτι
216 2000 277 2054 ού
325 2000 742 2074 λογισθησονται
820 1971 1311 2074 ἀποστρεφόμενοιγ
1348 2003 1447 2074 τὴν
1488 2004 1662 2070 ἁγίαν

1774 1997 1975 2051 tionem
2004 2003 2268 2067 aversari,
2301 2002 2391 2071 qui
2415 2018 2536 2056 eam
2569 2006 2693 2059 odio
2724 2006 2927 2061 habent
2956 2018 3008 2061 et
3033 2010 3352 2064 abominan-

76 2092 397 2164 μετάληψιν
420 2096 469 2148 oi
490 2096 893 2167 μυσαττόμενοι
917 2096 1107 2167 αὐτὴν,
1133 2097 1188 2167 ἢ,
1218 2096 1294 2158 ὥς
1321 2114 1465 2157 τινες
1484 2090 1661 2163 εἶπον,

72 2188 139 2239 οί
174 2186 248 2241 δι’
273 2188 564 2243 εὐλάϐειαν
602 2190 699 2244 καὶ
722 2189 1223 2259 ταπεινοφροσύνην
1253 2189 1662 2258 ἀποφεύγοντες

69 2278 294 2348 ταύτην
326 2280 394 2350 (οί
430 2280 531 2349 μὲν
585 2282 693 2353 γὰρ
718 2282 779 2334 οὐ
811 2281 973 2350 μόνον
994 2280 1492 2351 νζιφορισθήσονται,
1525 2282 1661 2336 ἀλλὰ

70 2374 180 2425 καὶ
212 2371 768 2443 ἀποκηρυχθήσονται
798 2372 872 2437 ὡς
918 2374 1213 2446 αἱρετικοίο
1247 2376 1295 2426 oi
1319 2373 1376 2427 δὲ
1416 2374 1664 2443 συγγνώ-

75 2482 199 2534 μης
242 2463 639 2535 ἀξιωθήσονται
666 2466 756 2520 διὰ
797 2466 1226 2537 τὴν-εὐλάϐειαν
1280 2467 1373 2546 καὶ
1422 2467 1525 2537 τὴν
1580 2469 1663 2530 είς

68 2558 152 2610 τὰ
217 2557 351 2625 ἅγια
408 2559 568 2625 ἀξίαν
626 2558 816 2629 φειδὼ)
848 2559 967 2613 ἀλλ’
1022 2560 1223 2613 ἐκεῖνοι
1289 2560 1490 2619 οἵτινες
1546 2559 1659 2611 ἁπδ

71 2652 552 2721 καταφρονήσεως
582 2653 675 2704 καὶ⁵
707 2650 1026 2716 ἀλαζονείας
1056 2650 1164 2705 ἁπδ
1214 2651 1311 2722 τῆς
1363 2650 1659 2722 ἐκκλησίας

71 2742 401 2813 ἐξέρχονται
429 2744 536 2815 πρὸ
581 2746 682 2816 τῆς
716 2744 877 2814 ἁγίας
907 2744 1258 2815 μεταλήψεως
1285 2744 1656 2808 ἀσυντάκτως,

70 2835 179 2887 καὶ
208 2835 271 2887 οὐ
299 2836 664 2906 καρτεροῦσιν
708 2838 835 2889 ἰδεῖν
864 2837 961 2907 τὴν
984 2835 1092 2890 τῶν
1119 2836 1292 2903 ἁγίων
1342 2835 1657 2905 μυστηρίων

72 2924 240 2978 θείαν
263 2926 607 2997 μετάληψιν.
653 2927 893 2980 Ἀκούων
918 2927 973 2979 δὲ
1024 2927 1118 2980 τοῦ
1149 2927 1374 2989 κανόνος
1401 2926 1654 2993 λέγοντος

74 2990 485 3091 ἀκοινωνήτους
531 3014 674 3071 εἶναι
722 3020 848 3080 τοὺς
901 3019 1234 3080 ἐπισκόπους
1282 3018 1381 3070 καὶ
1434 3016 1657 3080 λοιποὺς

74 3109 419 3179 ίερωμένους
441 3110 569 3173 τοὺς
623 3112 1052 3182 συνευχομένους
1093 3112 1208 3174 τοῖς
1244 3112 1653 3181 ἀκοινωνὴτοις,

79 3198 164 3269 μὴ
195 3200 356 3271 εἴπης
405 3201 465 3267 ὲξ
506 3202 916 3272 ἀντιδιαστολῆς
972 3203 1299 3265 ἀνευθύνους
1348 3201 1488 3256 εἶναι
1529 3206 1656 3267 τοὺς

74 3293 304 3356 λαῖκοὺς
336 3292 489 3362 παρὰ
508 3293 599 3346 τὸν
632 3294 833 3349 κανόνα
866 3294 1174 3355 ποιοῦντας.
1222 3289 1333 3347 Kal.
1371 3285 1519 3346 οὗτοι
1543 3294 1654 3365 γὰρ
1684 3320 1729 3378 c

74 3382 549 3453 ἀφορισθήσονται
617 3382 758 3438 κατά
796 3384 888 3437 τὸν
946 3380 977 3435 ι’
1016 3382 1373 3453 ἀποστολικδν
1430 3385 1654 3451 κανόνα,

71 3477 176 3529 τὸν
200 3475 282 3545 μὴ
307 3475 689 3528 διαστέλλοντα
718 3476 1018 3546 κληρικοὺς
1049 3477 1145 3530 καὶ
1190 3479 1439 3539 λαῖκούς.
1497 3479 1661 3549 Ζήτει

75 3563 299 3618 καὶτὸν
321 3561 366 3614 θ’
422 3565 623 3617 κανόνα
649 3565 746 3633 τῆς
782 3569 838 3617 ὲν
871 3564 1198 3636 Καρθαγένῃ
1254 3566 1499 3619 συνόδου.
1556 3568 1659 3622 Διὰ

57 3656 182 3727 ,τὴν
213 3652 463 3725 ἀπειλὴν,
494 3653 567 3717 ὡς
599 3654 767 3718 ἔοικε,
813 3654 907 3706 τοῦ
935 3653 985 3723 η’
1030 3673 1153 3708 καν.
1172 3656 1266 3707 καὶ
1300 3654 1345 3708 θ’
1362 3658 1470 3709 τῶν
1491 3658 1662 3725 ἁγίων

74 3747 422 3810 ἀποστόλων,
456 3746 538 3799 ἔτι
587 3744 803 3801 καὶτοῦ
834 3746 1097 3816 παρόντος
1128 3746 1419 3817 ἐπενοήθη,
1447 3747 1521 3811 ὡς
1550 3748 1659 3801 ἔοις

80 3856 205 3903 κεν,
238 3838 391 3910 ὴτοῦ
441 3837 742 3911 ἀντιδωρου
777 3839 1051 3901 διάδοσιςί
1088 3838 1228 3892 ὥστε
1256 3841 1544 3910 καρτερεῖν
1600 3840 1658 3905 ἐξ

78 3933 331 4002 ἀνάγκης
362 3934 459 3995 καὶ
492 3933 695 3997 αὐτοὺς
713 3932 840 3995 τοὺς
869 3932 947 4003 μὴ
962 3932 1299 4004 δυναμένους
1326 3932 1659 4002 μεταλαΰεῖν

80 4022 193 4077 τῶν
224 4025 508 4095 ἁχράντων
543 4008 863 4093 μυστηρίων
896 4023 1055 4092 μέχρι
1084 4023 1185 4091 τῆς
1220 4021 1386 4092 εὐχῆς
1434 4023 1527 4103 καὶ
1558 4022 1658 4091 τῆς

78 4113 424 4175 ἀπολύσεως·
463 4113 549 4166 ἵνα
595 4113 831 4168 λάθωσιν
866 4111 1057 4165 ἐκτῶν
1108 4112 1308 4183 χειρῶν
1373 4112 1469 4165 τοῦ
1514 4115 1661 4183 ἱερα-

77 4202 377 4265 τεύσαντος
430 4201 530 4273 τὴν
572 4203 822 4271 εὐλογίαν
878 4200 973 4254 τοῦ
1018 4200 1353 4270 ήγιασμένου
1410 4202 1657 4269 κλάσμα-

80 4311 198 4359 τος.
241 4294 368 4350 Ἐπὶ
402 4294 506 4363 τῆς
552 4294 894 4365 λειτουργίας
926 4294 984 4370 δὲ
1030 4284 1125 4346 καὶ
1174 4295 1341 4363 μόνης
1394 4295 1503 4347 νόει
1531 4293 1662 4362 ⁸διο-

88 4386 343 4460 ρίζεσθαι
392 4385 565 4440 ταῦτα
620 4388 749 4448 τοὺς
795 4386 1061 4456 ῥηθέντας
1108 4387 1397 4447 κανόνας’.
1425 4386 1488 4439 σύ
1522 4384 1658 4453 μὴν

82 4478 185 4530 ἐπὶ
204 4476 314 4531 τῶν
348 4476 553 4547 ἐτέρων
584 4474 1062 4543 ὲκκλησιαστικῶν
1088 4472 1444 4526 ἀκολουθιῶν.
1501 4471 1657 4525 Ἐπεὶ

82 4566 150 4620 δὲ
198 4563 419 4634 λέγουσί
467 4581 633 4629 τινες,
669 4563 780 4616 Καὶ
801 4562 887 4615 διὰ
908 4562 960 4615 τί
991 4564 1017 4616 ὁ
1044 4562 1421 4629 οίκουμενικὺς
1461 4578 1656 4631 πατρι-

1773 2097 1857 2143 ιυι·
1883 2108 1897 2156 ;
1927 2091 2008 2146 vel
2035 2092 2149 2162 qui,
2174 2101 2234 2147 ut
2262 2096 2510 2149 nonnulli
2536 2096 2811 2162 dicebant,
2839 2110 3059 2167 propter
3090 2094 3347 2168 pietatem

1770 2193 1825 2236 et
1875 2184 2237 2240 humilitatem
2299 2202 2418 2241 eam
2468 2186 2679 2256 fugiunt
2713 2190 2813 2259 (illi
2834 2191 2999 2259 {enim
3021 2206 3123 2245 non
3171 2192 3348 2247 solum

1770 2275 2221 2344 segregabuntur,
2250 2280 2343 2332 sed
2367 2280 2531 2333 etiam
2554 2291 2611 2333 ut
2642 2281 2878 2334 lia-retici
2898 2284 3347 2339 exterminabuu—

1772 2374 1859 2419 tur
1887 2386 1902 2435 ;
1945 2369 1997 2423 hi
2025 2385 2173 2435 vero,
2210 2383 2433 2443 propter
2462 2374 2713 2444 pietatem
2742 2384 2793 2427 et
2826 2379 3147 2445 condignam
3168 2395 3350 2435 sacra-

1768 2471 2073 2515 mentorum
2128 2464 2489 2517 reverentiam
2523 2466 2676 2517 venia
2726 2468 2867 2534 digni
2912 2469 3278 2539 habebuntur)
3326 2487 3343 2529 :

1766 2548 1861 2602 sed
1891 2548 1988 2614 illi,
2023 2552 2113 2620 qui
2144 2566 2254 2621 prae
2284 2563 2595 2623 contemptu
2628 2567 2682 2609 et
2711 2559 3020 2627 arrogantia
3067 2574 3135 2614 ex
3169 2562 3347 2617 eccle-

1766 2640 1844 2696 sia
1869 2651 1993 2695 ante
2018 2654 2263 2699 Sanctam
2296 2646 2768 2715 participationem
2795 2649 3098 2705 inordinate
3122 2664 3341 2717 exeunt,

1769 2749 1868 2789 nec
1890 2749 2105 2789 Sacram
2130 2736 2435 2792 divinorum
2461 2743 2843 2810 mysteriorum
2872 2745 3341 2813 participationem

1768 2826 1966 2880 intueri
1996 2828 2286 2882 suatinent.
2308 2828 2446 2883 Cum
2475 2841 2650 2884 autem
2680 2834 2836 2885 audis
2866 2848 3129 2888 canonem
3158 2837 3344 2890 dicen-

1767 2924 1910 2981 tem,
1959 2932 2079 2971 esse
2124 2920 2624 2975 excommunicatos
2674 2924 2956 2992 episcopos
3006 2934 3059 2977 et
3104 2926 3339 2995 reliquos

1765 3008 1937 3062 sacris
1970 3008 2234 3073 initiatos,
2262 3012 2352 3079 qui
2384 3028 2488 3065 una
2523 3028 2643 3067 cum
2679 3018 3167 3071 excommunicatis
3210 3033 3335 3086 prec

1765 3108 1992 3165 cantur;
2025 3115 2093 3154 ne
2131 3100 2361 3167 dixeris,
2390 3116 2708 3175 argumento
2736 3121 2766 3159 a
2789 3111 3066 3164 contrario
3097 3121 3338 3178 sumpto,

1767 3188 1937 3245 laicos
1965 3192 2098 3245 nulli
2130 3209 2249 3247 esse
2276 3210 2453 3264 preme
2481 3196 2693 3263 amnes,
2724 3201 2813 3267 qui
2844 3211 3043 3267 praeter
3070 3216 3338 3256 canonem

1765 3279 1996 3335 iaciunt.
2038 3281 2172 3337 Nam
2206 3294 2264 3338 et
2301 3286 2339 3340 ii
2378 3289 2814 3355 segregabuntur
2840 3291 3137 3344 secundum
3183 3292 3335 3346 deci-

1764 3384 1908 3424 mum
1940 3386 2200 3427 canonem
2233 3376 2615 3440 apostolicum,
2641 3377 2733 3445 qni
2770 3393 2874 3432 non
2909 3381 3197 3448 distinguit
3226 3382 3340 3436 de-

1761 3461 1906 3517 ricos
1943 3471 1998 3517 et
2032 3462 2218 3517 laicos.
2256 3464 2451 3530 Quare
2486 3475 2541 3519 et
2570 3482 2773 3522 nonum
2810 3484 3076 3525 canonem
3103 3472 3340 3529 Cartha-

1759 3555 2024 3631 giniensis
2055 3558 2269 3626 synodi.
2305 3557 2539 3629 Propter
2567 3561 2775 3627 minas,
2808 3574 2867 3617 ut
2902 3565 3201 3621 verisimile
3225 3579 3336 3633 est,

1759 3660 2025 3703 canonum
2074 3646 2110 3701 8
2155 3656 2209 3701 et
2252 3650 2286 3703 9
2329 3662 2647 3707 sanctorum
2693 3656 3081 3724 apostolorum'
3113 3669 3167 3712 et
3200 3673 3339 3727 pra:-

1760 3739 1931 3793 scntis
1968 3740 2155 3806 etiam,
2198 3741 2503 3810 excogitata
2553 3751 2659 3809 est,
2709 3757 2769 3800 ut
2804 3746 3038 3813 videtur,
3084 3747 3335 3804 Antidori

1758 3829 2110 3897 distributio;
2158 3843 2217 3888 ut
2268 3849 2490 3891 necesse
2532 3835 2816 3902 haberent,
2866 3838 3029 3893 etiam
3081 3842 3173 3910 qui
3224 3856 3331 3895 non

1760 3934 1986 3992 possunt
2016 3924 2419 3981 incruentorum
2449 3930 2840 3983 sacriﬁciorum
2866 3931 3158 4001 participes
3184 3948 3329 4000 esse,

1762 4014 1931 4083 usque
1952 4016 2021 4069 ad
2052 4030 2241 4085 preces
2268 4027 2324 4072 et
2352 4018 2750 4075 absolutionem
2780 4038 3134 4091 perseverare
3159 4042 3175 4092 ;
3214 4036 3272 4080 ut
3302 4041 3334 4082 θ

1762 4103 2012 4158 manibus
2068 4118 2225 4176 sacra
2285 4108 2594 4175 peragentis
2648 4109 2972 4164 sanctiﬁcati
3038 4110 3331 4181 fragmenti

1759 4192 2192 4249 benedictionem
2216 4196 2554 4264 acciperent.
2584 4196 2657 4252 De
2685 4197 2899 4266 liturgia
2929 4208 3130 4266 autem,
3158 4216 3333 4273 eaque

1761 4286 1876 4339 sola
1925 4285 2100 4339 dictos
2141 4298 2383 4339 canones
2417 4287 2534 4340 haec
2563 4287 2872 4343 decrevisse
2911 4289 3186 4362 intellige,
3224 4309 3329 4348 non

1760 4377 1889 4431 item
1924 4376 1991 4429 de
2025 4375 2146 4431 aliis
2179 4377 2572 4433 ecclesiasticis
2604 4377 2820 4435 olliciis.
2852 4381 3119 4448 Quoniam
3147 4395 3327 4438 autem

1760 4470 1944 4523 dicunt
1967 4469 2208 4538 quidam,
2231 4479 2286 4522 et
2307 4470 2666 4537 quamobrem
2686 4472 2988 4542 patriarcha
3016 4472 3179 4542 432
3210 4477 3331 4529 uni-

1763 4560 1989 4616 versalis
2031 4570 2219 4616 sancta
2264 4560 2543 4618 Dominica
2574 4578 2605 4616 a
2652 4561 2769 4617 loco
2792 4561 2908 4631 ejus
2940 4564 3192 4630 prodiens
3221 4581 3329 4625 non

84 4657 267 4727 ἁρχης
300 4655 402 4727 τὴν
440 4658 635 4726 ἁγίαν
668 4653 956 4726 Κυριακὴν
1010 4656 1341 4724 προκύπτων
1395 4652 1505 4705 ἀπὸ
1556 4655 1649 4707 τοῦ

1766 4662 2070 4723 perseverat
2123 4668 2295 4723 usque
2342 4655 2409 4706 ad
2458 4654 2691 4722 liturgia:
2736 4654 3156 4722 absolutionem,
3232 4661 3329 4714 sed

86 4745 358 4800 στασιδίου
386 4745 549 4800 αὐτοῦ
580 4747 641 4798 οὺ
676 4745 932 4815 καρτερεῖ
968 4744 1129 4813 μέχρι
1187 4746 1287 4813 τῆς
1338 4743 1653 4813 ἀπολύσεως
1692 4762 1698 4765 ‘

81 4839 188 4909 τῆς
237 4838 596 4909 λειτουργίας,
638 4838 773 4904 ἀλλὰ
812 4837 951 4908 μετὰ
1006 4836 1064 4889 τὸ
1132 4837 1463 4907 Εὑαγγέλιον
1517 4834 1651 4891 ὑποὲ

87 4930 292 5002 χωρεῖς
326 4928 588 4996 τλέγομεν
642 4930 780 4997 πρὸς
835 4929 1055 4990 αὐτοὺς,
1119 4926 1201 4978 ὃτι
1232 4928 1435 4998 κυρίως
1467 4930 1499 4994 ἠ
1530 4927 1649 4981 θεία

52 5003 403 5090 κλειτουργία
462 5018 601 5089 μετά
657 5017 757 5088 τὴν
791 5016 885 5069 τοῦ
943 5018 1100 5085 ἁγίου
1154 5012 1486 5084 Εὐαγγελίου
1518 5018 1651 5071 ἁνὰ-

89 5128 289 5182 γνωσιν
345 5109 573 5178 γίνεται.
643 5107 796 5161 Ἐπεὶ
842 5108 952 5179 γὰρ
1027 5108 1241 5161 ἅπαντα
1294 5108 1363 5161 τά
1416 5112 1473 5160 ὲν
1528 5110 1650 5177 ταῖς

95 5206 279 5273 ἁγίαις
308 5202 629 5270 ἐκκλησίαις
668 5200 947 5269 ψάλλομεν
980 5203 1059 5264 είς
1088 5198 1243 5263 δόξαν
1270 5201 1366 5252 τοῦ
1408 5198 1564 5263 Θεοῦ,
1621 5200 1655 5269 ἢ

94 5297 206 5352 ἀπδ
247 5298 358 5351 τῶν
384 5300 482 5369 τῆξ
523 5294 763 5356 Halani;
819 5294 1092 5365 Διαθήκης
1130 5296 1266 5346 εἰσὶν
1322 5293 1355 5361 ἢ
1395 5292 1501 5345 ἀπὸ
1561 5293 1660 5362 τῆς

97 5393 241 5452 Νέας
263 5406 277 5420 ·
309 5393 451 5460 μετὰ
490 5392 593 5461 τὴν
626 5387 851 5457 ἁναρξιν
882 5386 990 5455 γὰρ
1012 5389 1206 5443 αὐτίκα
1229 5384 1432 5455 ψαλμοὶ
1484 5402 1659 5454 στιχο-

96 5483 380 5552 λογοῦνται
422 5482 587 5552 μέχρι
640 5481 741 5551 τῆς
780 5479 873 5531 τοῦ
926 5478 1247 5532 ’Δποστόλου
1282 5474 1653 5543 ἀναγνώσεως,

97 5579 289 5639 οἵτινες
339 5573 441 5645 τῆς
486 5576 731 5637 Παλαιὰ
788 5574 892 5626 εἰσι
925 5572 1222 5641 Διαθὴκης.
1285 5570 1440 5625 Μετὰ
1495 5570 1548 5621 δὲ
1596 5570 1656 5620 τὸ

101 5670 431 5739 Εὑαγγέλιον
452 5668 682 5736 ἁρχεται
708 5671 741 5736 ἠ
776 5664 967 5735 τελετὴ
1022 5666 1119 5731 τῆς
1157 5662 1500 5731 λειτουργίας
1559 5661 1657 5729 τῆς

103 5758 513 5832 ὑπεραχράντού
558 5758 787 5819 θυσίας·
852 5758 1031 5817 καλῶς
1095 5756 1122 5806 ὁ
1156 5754 1499 5823 πατριάρχης
1554 5751 1657 5822 πρὸ

101 5854 301 5920 ταύτης
354 5850 451 5904 καὶ
516 5849 653 5916 μετὰ
680 5850 741 5900 τὸ
767 5846 921 5913 ἅγιον
980 5846 1311 5912 Εύαγγέλιον
1362 5846 1657 5913 ὑποχωρεῖ,

109 5945 202 5999 καὶ
256 5945 315 5997 ού
378 5936 703 6014 προσκρούει
754 5942 862 6004 τοῖς
922 5940 1158 5993 κανόσιν.
1209 5938 1369 5989 Ὥστε
1425 5936 1543 5988 οὑδέ
1570 5951 1653 5998 τις

1754 4756 1877 4812 post
1905 4744 2252 4813 Evangelium
2293 4741 2533 4797 recedit?
2576 4744 2727 4800 hisce
2764 4745 3011 4810 dicimus,
3055 4747 3195 4815 quod
3244 4748 3328 4801 di-

1757 4837 1877 4888 vina
1902 4834 2114 4902 liturgia
2136 4843 2262 4904 post
2284 4834 2456 4888 sancti
2490 4834 2762 4905 Evangelii
2786 4836 3071 4891 lectionem
3105 4840 3325 4906 pr0prie

1754 4926 2079 4981 celebratur.
2111 4923 2564 4996 Quandoquidem
2587 4930 2729 4981 enim
2762 4927 2815 4978 in
2846 4926 3050 4981 sanetis
3077 4929 3324 4986 ecclesiis

1756 5022 1934 5076 omnia
1968 5020 2211 5076 canimus
2246 5021 2301 5076 in
2341 5022 2431 5075 Dei
2479 5020 2727 5090 gloriam,
2774 5021 2890 5073 sive
2926 5033 2956 5073 e
3004 5019 3178 5076 Veteri
3214 5023 3326 5077 sint

1756 5115 2123 5181 Testamento,
2169 5116 2284 5168 sive
2332 5128 2364 5167 e
2414 5111 2602 5176 Novo;
2653 5118 2778 5180 post-
2817 5112 3136 5180 principium
3179 5116 3321 5169 enim

1755 5207 2001 5277 protinus
2033 5205 2226 5260 ordine
2270 5204 2569 5256 recitantur
2613 5202 2827 5268 psalmi,
2865 5216 3035 5271 usque
3070 5206 3135 5257 ad
3178 5206 3321 5272 Apo-

1755 5297 1877 5351 stoli
1923 5295 2234 5357 lectionem,
2273 5292 2368 5363 qui
2395 5294 2609 5362 quidem
2646 5302 2769 5345 sunt
2807 5307 2870 5346 ex
2923 5292 3103 5349 Veteri
3139 5295 3324 5348 Testa.

1758 5395 1959 5448 mento,
2001 5395 2123 5455 post
2154 5381 2501 5450 Evangelium
2537 5391 2713 5435 autem
2765 5381 2954 5452 incipit
3002 5383 3321 5437 eteremonia

1757 5478 2065 5532 celebrandi
2123 5475 2391 5531 incruenti
2450 5472 2703 5527 sacriﬁcii
2767 5488 2783 5526 :
2835 5474 3139 5543 patriarcha
3199 5485 3324 5528 ante

1760 5572 1919 5632 hanc,
1954 5576 2008 5620 et
2051 5576 2168 5635 post
2208 5577 2457 5622 sanctum
2506 5562 2857 5633 Evangelium
2889 5576 3038 5623 recte
3071 5565 3320 5634 discedit,

1756 5673 1807 5713 et
1836 5671 2098 5710 canonem
2122 5672 2230 5710 non
2256 5652 2680 5721 transgreditur.
2703 5652 2771 5708 Ut
2795 5669 2893 5706 nec
2914 5654 3035 5721 quis
3052 5662 3325 5725 transgre-

1758 5752 1921 5813 ditur,
1981 5751 2027 5802 si
2080 5759 2201 5817 post
2253 5746 2604 5816 EVangelium
2668 5747 2749 5797 vel
2805 5756 2928 5797 ante
2976 5743 3319 5817 Evangelium

1757 5840 2028 5906 discedit;
2076 5854 2260 5890 verum
2294 5838 2363 5891 ob
2403 5837 2763 5892 necessariam
2800 5837 3052 5906 piamque
3078 5854 3319 5904 causam,

1763 5949 1873 5991 non
1912 5934 1980 5989 ob
2007 5931 2442 6003 vituperabilent.
