3974 6346
118 355 260 420 1285
1033 441 1044 451 ‘

719 471 979 528 KANQN.
1015 474 1088 531 1".

117 575 138 608 ι
183 557 250 611 Εῖ
268 575 354 622 τις
416 553 788 640 πρεσϐύτερος
834 562 869 631 ἢ
899 562 1163 628 διάκονος,
1197 563 1230 636 ἢ
1263 564 1399 626 ὅλως
1446 563 1554 616 τῶν
1587 561 1678 616 τοῦ

181 667 200 699 ι
247 649 512 718 ἱερατείου
535 651 990 715 τις,.καταλιπὼν
1010 655 1110 724 τὴν
1141 655 1336 719 ἑαυτοῦ
1365 655 1680 724 παροικίαν,

196 759 215 791 ι
254 743 331 804 είς
368 742 559 812 ἑτέραν
620 744 850 816 ἀπέλθῃ.
882 745 1072 800 ἔπειτα
1101 747 1378 824 παντελῶς
1407 748 1679 816 μεταστὰς

195 850 213 879 ι
258 831 554 902 διατρίϐειν
575 834 630 884 ὲν
658 836 796 907 ἄλλῃ
824 838 1080 909 παροικίᾳ
1109 842 1368 911 πειρᾶται
1387 839 1479 891 ἐπὶ
1500 838 1680 908 πολλῷ

194 941 212 973 ι
255 925 452 994 χρόνῳ,
485 928 679 995 μηκέτι
701 927 1056 998 λειτουργεῖν,
1089 933 1137 983 εί
1171 931 1404 1000 μάλιστα
1425 930 1678 993 καλοῦντι

196 1032 214 1063 ι
251 1017 328 1078 τῷ
363 1019 647 1087 ἐπισκόπῳ
676 1017 753 1086 τῷ
786 1018 901 1088 ίδίῳ
949 1021 1263 1073 ἐπανελθεῖν
1308 1021 1387 1084 είς
1409 1022 1508 1090 τὴν
1535 1038 1681 1091 παρ-

197 1124 216 1154 ι
255 1107 436 1161 οικίαν
483 1112 582 1177 τὴν
643 1112 834 1163 ἑαυτοῦ
899 1114 992 1166 καὶ
1039 1113 1388 1183 παραινοῦντι
1449 1114 1523 1182 μὴ
1578 1114 1680 1165 ὐπ-

191 1214 210 1246 ι
247 1199 459 1255 ἀκούει.
501 1201 562 1252 Εἰ
589 1202 643 1252 δὲ
670 1204 760 1254 καὶ
781 1204 1029 1271 ἐπιμένοι
1058 1207 1121 1274 τῇ
1156 1205 1369 1270 ἀταξία,
1405 1205 1680 1269 παντελῶς

197 1305 216 1338 ι
263 1292 425 1342 com
480 1291 859 1361 καθαιρεῖσθαι
895 1296 992 1364 τῆς
1025 1294 1406 1364 λειτουργίας,-
1437 1297 1510 1359 ὡς
1577 1315 1682 1367 μη-

186 1399 206 1430 (
250 1384 367 1435 κέτι
394 1381 578 1452 χώραν
611 1385 754 1453 ἐχειν
783 1386 1300 1449 ἀποκαταστάσεως.
1339 1389 1399 1440 El
1456 1387 1511 1439 δὲ
1546 1389 1679 1442 καθ-

197 1488 220 1523 α
255 1472 540 1540 αιρεθέντα
566 1475 654 1527 διὰ
675 1477 1004 1550 ταύτηνᾼτὴν
1052 1478 1231 1530 αἰτίαν
1258 1477 1675 1550 δέχοιτοέτερος

189 1582 210 1616 ι
247 1565 570 1631 ἒπίσκοπος,
603 1569 856 1620 κάκεῖνον
881 1547 1184 1634 ’ἐπιτιμίας
1240 1569 1525 1638 τυγχάνειν
1576 1570 1681 1622 ὑπὸ

173 1673 210 1730 ⁸ι
247 1659 432 1728 κοινῆς
487 1659 729 1722 συνόδου,
782 1661 855 1723 ὡς
891 1660 1239 1730 πάραλύοντα
1268 1663 1390 1724 τοὺς
1446 1661 1680 1729 Θεσμοῦς

197 1765 218 1798 ι
256 1749 382 1811 τοὺς
413 1749 914 1820 ἐκκλησιαστικοὺς.
955 1772 974 1804 ι

187 1840 388 1894 ΒΑΛΣ.
432 1844 569 1912 Περὶ
605 1845 714 1897 τῶν
755 1845 1286 1912 καταλιμπανόντων
1315 1846 1416 1910 τὰς
1468 1845 1678 1909 οἰκείας

110 1934 423 2001 παροικίας
462 1938 555 1986 καὶ
580 1937 660 1999 είς
697 1930 888 2006 ἐτέρας
922 1940 1319 2008 ἀπερχομένων
1376 1939 1531 2008 ζήτει
1571 1939 1681 1992 τῶν

113 2027 300 2093 ἁγίων
330 2027 648 2081 ἀποστόλων
678 2031 881 2083 κανόνα
915 2036 977 2082 ιε’
1013 2034 1111 2101 τῆς
1157 2029 1206 2085 α’
1242 2032 1459 2085 συνόδου
1479 2031 1682 2084 κανόνα

122 2124 205 2178 ις’
241 2117 336 2168 καὶ
387 2118 486 2187 τῆς
516 2117 556 2170 δ’
605 2120 808 2173 κανόνα
844 2127 908 2184 ε’,
978 2123 1075 2175 καὶ
1136 2113 1310 2195 μάθῃς
1351 2124 1414 2174 ὲκ
1462 2124 1569 2176 τῶν
1625 2125 1683 2175 ὲν

113 2206 335 2268 τούτοις
367 2206 687 2276 γραφέντων
720 2211 812 2262 καὶ
844 2211 910 2263 τὰ
946 2209 1024 2280 τῷ
1062 2211 1289 2280 παρόντι
1335 2213 1520 2265 κανόνι
1551 2212 1681 2266 διω-

114 2299 386 2368 ρισμένα.

591 2391 798 2460 Ἑτέρα
829 2394 1109 2464 ἑρμηνεία
1139 2395 1285 2464 ΚΗ).

205 2505 450 2577 Ἐπειδὴ,
492 2509 655 2560 τινῶν
681 2508 1090 2577 πρεσϐυτέρων,
1130 2510 1393 2563 διακόνων
1418 2511 1511 2562 καί⁸
1549 2511 1684 2563 ὑπο-

107 2597 387 2648 διακόνων
418 2598 784 2661 οἰκειοθελῶν,
831 2598 930 2650 οὐκ
965 2598 1024 2663 ἐξ
1062 2599 1361 2668 ἐπιτιμίου,
1393 2601 1484 2651 ἐπὶ
1517 2600 1684 2652 πολὺν

109 2689 313 2759 χρόνον
344 2692 420 2759 μὴ
478 2692 976 2760 ἱερουργησάντων,
1024 2693 1186 2744 πάλιν
1236 2694 1292 2744 δὲ
1347 2693 1686 2764 βουλομένων

110 2783 454 2853 ἱερουργεῖν,
507 2786 600 2837 καὶ
671 2785 1059 2855 κωλυομένων,
1119 2786 1454 2856 συνεζητήθη
1518 2788 1685 2848 πόσος

107 2874 448 2942 νοηθήσεται
508 2877 696 2945 χρόνος
729 2880 752 2929 ὁ
795 2876 893 2947 τὴν
925 2875 1242 2946 ἱερουργίαν
1280 2878 1684 2947 ἀφαιρούμενος

111 2965 235 3019 ἀπὸ
286 2966 380 3019 τοῦ
422 2968 497 3036 μὴ
550 2967 948 3037 ὲνεργήσαντος
974 2968 1283 3038 ταύτηνδι’
1314 2969 1434 3021 ὅλου
1484 2969 1680 3022 αὐτοῦ’

115 3058 290 3125 Λέγω
323 3059 405 3111 ὃτι
473 3061 640 3122 πολὺς
688 3062 880 3129 χρόνος
907 3060 1013 3114 ἀπὸ
1040 3059 1135 3112 τοῦ
1177 3061 1343 3125 νόμου
1381 3063 1414 3129 ἡ
1479 3063 1686 3130 τριετία

1169 363 1251 424 ΙΝ
1288 363 1451 424 CAN.
1489 365 1578 424 111.
1615 362 1826 426 CONC.
1866 366 1925 426 11
1956 368 2310 432 ANTlOClI.

1717 479 1762 536 A

2401 483 2628 540 CANON
2670 486 2760 541 111.

1789 585 1807 619 ι
1854 567 1910 623 Si
1939 571 2058 638 quis
2093 574 2394 644 presbyter,
2429 577 2510 629 vel
2547 579 2826 643 diaconus,
2859 577 2942 632 vel
2977 580 3094 648 quis
3126 584 3346 640 omnino

1860 680 1878 713 ι
1918 677 1982 715 ex
2020 667 2340 720 sacerdotali
2378 668 2566 722 ordine
2592 709 2607 732 ,
2644 670 2830 724 relicta
2875 687 2969 724 sua
3006 675 3257 740 parmcia,
3294 677 3345 732 in

1863 772 1882 806 ι
1923 755 2082 808 aliam
2115 758 2345 825 abierit;
2385 762 2578 816 deinde
2615 763 2838 819 omnino
2881 766 3265 834 commigrans,
3291 770 3344 822 id

1861 864 1879 898 ι
1918 848 2019 900 alia
2055 852 2288 916 parmcia
2319 851 2476 920 longo
2506 860 2747 920 tempore
2777 855 2976 908 versari
3007 865 3250 922 conatur,
3277 872 3343 911 ne

1860 957 1877 989 ι
1917 939 2142 1006 amplius
2190 941 2471 1009 celebret;
2516 945 2746 997 maxime
2789 945 2831 999 si
2875 948 3096 1015 proprio
3138 947 3348 1001 vocanti

1857 1045 1875 1078 ι
1919 1030 2193 1098 episcopo,
2228 1039 2282 1083 ut
2313 1031 2364 1084 in
2399 1047 2553 1085 suam
2592 1036 2877 1102 parteciam
2914 1039 3115 1102 redeat,
3147 1037 3344 1090 exhor-

1861 1138 1878 1169 ι
1918 1123 2182 1188 tantique,
2232 1139 2335 1176 nun
2385 1133 2587 1189 pareat.
2642 1125 2697 1178 Si
2743 1138 2917 1179 autem
2963 1128 3015 1179 in
3055 1128 3340 1182 insolentia

1861 1228 1879 1261 ι
1917 1225 2245 1279 perseverat,
2279 1216 2323 1266 is
2365 1208 2523 1284 433
2553 1217 2771 1269 omnino
2805 1234 2831 1269 a
2864 1233 3018 1272 sacro
3053 1219 3349 1271 ministerio

1860 1322 1878 1354 ι
1917 1304 2242 1383 deponatur,
2272 1318 2331 1360 ut
2372 1324 2469 1362 nec
2504 1309 2733 1376 amplius
2766 1311 3023 1362 redeundi
3058 1310 3228 1364 locum
3265 1311 3348 1363 in-

1858 1412 1877 1446 ι
1920 1397 2114 1450 Veniat.
2141 1397 2197 1451 Si
2227 1410 2405 1453 autem
2435 1415 2580 1465 eum,
2607 1401 2697 1464 qui
2727 1409 2941 1469 propter
2970 1402 3106 1455 hanc
3130 1417 3345 1454 causam

1862 1506 1880 1539 ι
1922 1479 2195 1556 depositus
2227 1500 2345 1560 est,
2404 1490 2540 1543 alius
2591 1493 2875 1560 episr'Opus
2920 1493 3223 1558 receperit;
3264 1493 3350 1545 ille

1865 1594 1883 1627 ι
1920 1592 2131 1646 quoque
2178 1594 2206 1630 a
2256 1580 2529 1632 communi
2586 1583 2794 1650 synodo
2833 1582 3107 1648 puniatur,
3156 1591 3211 1634 ut
3256 1583 3348 1650 qui

1860 1684 1879 1716 ι
1920 1668 2053 1721 ritus
2098 1668 2501 1724 ecclesiastieos
2533 1672 2811 1727 dissolvat.
2846 1690 2865 1722 ι

1860 1844 2059 1899 BALS.
2111 1845 2183 1900 De
2229 1847 2313 1911 iis,
2348 1847 2435 1916 qui
2479 1863 2605 1902 suas
2635 1852 2898 1918 parmcias
2940 1851 3266 1919 relinquunt,
3298 1860 3351 1904 et

1793 1940 1845 1990 in
1875 1939 2012 1992 alias
2048 1939 2329 2003 recedunt,
2362 1956 2543 2006 quinte
2588 1956 2848 1995 cauonem
2889 1953 3194 1996 sanctorum
3227 1959 3352 2011 apo.

1791 2015 2050 2085 stoloriun
2086 2032 2174 2094 l5,
2221 2034 2404 2101 prima:
2435 2032 2623 2102 synodi
2660 2047 2918 2086 canonem
2956 2034 3021 2086 l6
3063 2044 3116 2087 et
3149 2045 3350 2101 quarta:

1791 2139 2056 2179 canonem
2088 2125 2143 2186 5,
2174 2136 2226 2176 et
2257 2127 2432 2178 disces
2467 2140 2531 2176 ex
2566 2125 2631 2175 iis
2659 2139 2776 2192 qua:
2808 2125 2916 2177 illic
2960 2127 3161 2193 scripta
3197 2110 3344 2190 sunt,

1790 2216 1954 2275 etiam
1982 2228 2043 2269 ea
2072 2231 2189 2285 qua:
2223 2216 2325 2270 ltoc
2354 2231 2560 2270 canone
2586 2216 2873 2269 constituta
2903 2213 3071 2272 fuere.

2269 2399 2449 2452 Altera
2481 2402 2868 2468 interpretatio.

1864 2514 2133 2581 Quoniam
2180 2516 2426 2570 nonnulli
2469 2517 2794 2585 presbyteri,
2836 2513 3047 2570 diaconi
3089 2527 3141 2570 et
3183 2518 3350 2586 hypo-

1793 2606 2024 2671 diaconi,
2056 2608 2146 2676 qui
2189 2623 2284 2661 sua
2320 2619 2510 2675 Sponte
2534 2650 2546 2670 ,
2582 2619 2635 2661 et
2669 2625 2770 2661 non
2801 2591 2868 2662 ob
2899 2623 3109 2675 itmnam
3151 2610 3213 2660 iis
3249 2610 3352 2659 im-

1795 2699 2048 2764 positam,
2087 2713 2238 2752 sacra
2289 2699 2601 2765 aliquandiu
2654 2714 2758 2751 non
2807 2699 3117 2760 celebrant,
3169 2712 3355 2752 rurer

1794 2803 1946 2840 sacra
1995 2803 2251 2855 peragere
2295 2789 2534 2841 volentes
2585 2789 2850 2854 prohibiti
2885 2797 3040 2852 sunt;
3071 2790 3352 2855 quaésitum

1795 2890 1878 2932 est
1911 2892 2172 2947 quantum
2221 2881 2292 2932 sit
2340 2888 2572 2947 tempus,
2616 2882 2757 2947 quod
2797 2894 3074 2932 sacrorum
3118 2880 3351 2931 celebra-

1798 2972 1996 3024 tionem
2041 2973 2088 3024 ei
2138 2972 2348 3031 adimit,
2380 2972 2471 3038 qui
2516 2986 2634 3024 eam
2673 2987 2776 3023 non
2837 2973 3057 3023 omnino
3094 2973 3352 3038 exercuit.

1799 3065 1924 3118 Dico
1949 3063 2093 3131 quod
2141 3062 2364 3115 multum
2413 3073 2620 3128 tempus
2652 3075 2715 3113 ex
2758 3060 2876 3129 lege
2923 3071 3004 3112 est
3041 3062 3358 3113 triennium;

111 3151 298 3201 ἐστίν.
330 3150 391 3201 Εἰ
422 3149 554 3217 γοῦν
586 3153 881 3221 ἱερωμένος
911 3169 993 3214 τις
1044 3151 1113 3203 δι’
1152 3151 1281 3220 ὅλης
1316 3153 1553 3222 τριετίας
1591 3153 1687 3206 οὐκ

1796 3157 1850 3212 Si
1885 3170 2014 3223 ergo
2049 3153 2308 3208 sacerdos
2342 3154 2762 3231 quiSpEamJoto
2796 3152 3031 3203 triennio
3080 3167 3182 3203 non
3218 3153 3354 3205 cclc-

109 3241 432 3310 ὲνεργήσει,
463 3243 601 3310 μήτε
627 3241 736 3292 ἀπὸ
766 3242 945 3307 νόσιου,
980 3242 1117 3311 μήτε
1155 3242 1258 3294 ὑπὸ
1287 3243 1688 3312 αἰχμαλωσίας,

115 3334 152 3404 ἦ
189 3334 364 3404 ἄλλης
423 3335 676 3404 τοιαύτης
712 3333 1053 3403 κωλυόμενος
1078 3333 1284 3397 αἰτίας,
1343 3336 1527 3388 οὐκέτι
1580 3337 1689 3388 λει-

112 3425 433 3494 τουργῆσαι
489 3424 1062 3494 παραχωρηοήσεταιο
1123 3427 1174 3477 εἰ
1236 3424 1345 3494 γὰρ
1404 3426 1544 3479 κατὰ
1598 3427 1689 3481 τὸν

118 3515 373 3583 παρόντα
406 3517 608 3566 κανόνα
634 3504 1035 3585 καθαιρείταιό
1063 3518 1140 3579 είς
1171 3516 1366 3588 ἑτέραν
1397 3519 1688 3589 παροικίαν

113 3605 420 3676 διατρίϐων
454 3605 549 3656 ἐπὶ
581 3605 751 3656 πολὺν
785 3607 996 3677 χρόνον,
1045 3608 1213 3678 ἤγουν
1243 3608 1509 3678 τριετίαν,
1561 3612 1690 3675 ἴσως

114 3700 178 3752 δὲ
244 3701 337 3750 καὶ
369 3697 610 3766 ἐνεργῶν
658 3700 866 3750 ἐκεῖσεο
922 3699 1103 3767 πολλῷ
1138 3698 1300 3750 πλέον
1339 3700 1400 3750 οὐ
1429 3715 1689 3768 παραχω-

120 3791 432 3862 ρηθήσεται
463 3792 819 3862 ἱερουργῆσαι
853 3790 880 3842 ὁ
905 3790 1004 3860 τὴν
1035 3789 1244 3842 οἰκείαν
1280 3788 1560 3842 διακονίαν
1597 3791 1690 3842 ἐπὶ

115 3885 372 3953 τριετίαν
433 3884 805 3952 ἀποστραφεὶς
861 3882 895 3951 ἢ
943 3882 1038 3936 καὶ
1099 3881 1444 3952 ἁναξιότητος
1495 3882 1690 3936 ἑαυτὸν

121 3975 682 4043 καταψηφισάμενος.
719 3975 968 4027 Συνιστῶ
996 3975 1052 4025 δὲ
1097 3974 1286 4027 τοῦτον
1330 3976 1424 4029 καὶ
1461 3977 1570 4028 ἀπὸ
1597 3976 1690 4028 τοῦ

121 4067 420 4134 γεγονότος
453 4063 845 4134 σημειώματος
872 4065 1011 4115 κατὰ
1036 4063 1126 4115 τὸν
1153 4064 1397 4133 Μάρτιον
1426 4066 1574 4134 μῆνα
1594 4067 1692 4136 τῆς

119 4156 174 4227 γ’
204 4160 395 4210 ίνόικτ.
436 4158 524 4209 ἐπὶ
548 4157 644 4227 τῆς
675 4155 1044 4226 πατριαρχίας
1074 4153 1166 4207 τοῦ
1201 4155 1369 4224 κυροῦ
1393 4156 1690 4224 Νικολάου,

121 4248 386 4313 λέγοντος
423 4249 481 4299 ἐν
536 4249 694 4317 μέρει
729 4246 909 4317 ῥητῶς
946 4243 1121 4299 ταῦτα
1160 4244 1298 4316 πλὴν
1335 4247 1530 4311 κοινῶς
1559 4247 1691 4318 ὥρι-

123 4357 258 4394 σται
295 4341 446 4410 παρὰ
475 4339 692 4390 πάντων
720 4338 826 4390 τῶν
860 4338 919 4389 ὲν
961 4337 1164 4398 πάσαις
1221 4341 1340 4400 ταῖς
1398 4338 1693 4409 ἑϐδομάσιν

123 4431 599 4501 ὑπηρετουμένων
629 4429 817 4498 ἱερέων
867 4445 926 4480 τε
953 4431 1046 4479 καὶ
1094 4429 1352 4481 διακόνων
1401 4433 1532 4500 περὶ
1591 4434 1693 4502 μὲν

1791 3249 1932 3313 brat,
1965 3262 2072 3300 nun
2104 3246 2310 3309 morbo,
2346 3259 2446 3297 nec
2472 3244 2803 3310 captiritate,
2837 3257 2935 3294 nec
2966 3241 3066 3292 alia
3089 3241 3354 3310 ejusmodi

1787 3353 1951 3393 causa
1975 3337 2268 3403 impeditus
2296 3351 2310 3398 ;
2343 3348 2450 3386 non
2486 3333 2717 3401 amplius
2746 3331 3022 3387 celebrare
3048 3334 3270 3383 sinetur.
3299 3330 3354 3383 Si

1789 3429 1953 3491 enim,
2006 3435 2061 3477 ut
2113 3423 2222 3475 vult
2270 3423 2360 3475 hic
2408 3435 2644 3489 praesens
2698 3435 2894 3484 canon,
2925 3420 3223 3488 deponitur,
3267 3420 3354 3486 qui

1791 3519 1949 3588 longo
1996 3526 2256 3583 tempore,
2289 3513 2526 3567 triennio
2569 3512 2797 3576 scilicet,
2834 3511 2887 3564 in
2913 3512 3083 3563 aliena
3119 3510 3355 3578 pa'rtccia

1790 3622 2060 3674 versatur,
2102 3609 2228 3661 licet
2259 3607 2420 3666 etiam
2454 3604 2699 3659 fortassis
2746 3604 2854 3658 illic
2899 3603 3155 3665 celebret,
3189 3604 3356 3653 multo

1792 3700 1961 3768 magis
1993 3699 2083 3764 qui
2122 3711 2278 3750 suum
2315 3696 2672 3749 ministerium
2702 3709 2794 3762 per
2825 3693 3112 3747 triennium
3144 3701 3353 3744 averte-

1794 3792 1886 3856 rit,
1917 3788 1997 3842 vel
2042 3802 2103 3842 se
2132 3786 2296 3840 etiam
2350 3785 2684 3853 indignitatis
2714 3782 3177 3844 condemnaverit,
3217 3784 3356 3835 cele-

1794 3884 1951 3936 brare
1994 3898 2099 3936 non
2141 3880 2368 3934 sinetur.
2400 3877 2514 3931 Hoc
2561 3886 2738 3931 autem
2773 3875 2941 3943 probo
2982 3884 3036 3928 et
3073 3889 3135 3927 ex
3178 3875 3375 3930 edicto

1794 3975 1936 4028 facto
1971 3989 2156 4026 mense
2182 3971 2375 4024 Martio
2405 3970 2597 4024 indici.
2628 3968 2681 4033 3,
2710 3976 2949 4036 tempore
2981 3967 3152 4022 sancti
3185 3967 3355 4035 patri-

1792 4064 1970 4118 archa:
2027 4061 2232 4115 domini
2268 4059 2494 4121 Nicolai,
2527 4060 2665 4126 quod
2690 4059 2767 4110 sic
2794 4058 3015 4124 praecise
3040 4059 3214 4124 dicit;
3261 4060 3355 4115 5rd

1793 4154 2152 4212 communiter
2182 4151 2456 4206 delinitutn
2497 4159 2576 4204 est
2599 4150 2664 4204 de
2692 4147 2942 4203 oumibus
2967 4149 3058 4217 qui
3090 4150 3145 4202 in
3177 4152 3353 4202 omni-

1794 4250 1895 4305 bus
1923 4246 2244 4317 septimanis
2268 4244 2600 4306 deserviunt,
2624 4242 2994 4297 sacerdodbus
3017 4254 3064 4295 et
3094 4242 3350 4308 diacouis,

1795 4336 1862 4389 de
1930 4335 1995 4387 iis
2055 4333 2268 4400 quidem
2343 4331 2432 4399 qui
2501 4339 2628 4383 sunt
2695 4331 2747 4382 in
2819 4331 3030 4399 gradu,
3095 4331 3233 4398 quod
3301 4339 3354 4385 et

1795 4427 1920 4479 olim
1956 4422 2230 4476 dalinitum
2263 4420 2382 4474 fuit.
2421 4422 2493 4474 De
2533 4419 2816 4490 superﬂuis
2845 4431 3049 4484 autem,
3077 4437 3221 4483 eum,
3258 4423 3350 4491 qui

124 4528 241 4579 τῶν
265 4527 322 4576 ἐν
362 4525 555 4594 βαομῷ
585 4523 611 4576 ὃ
652 4523 745 4575 καὶ
778 4520 944 4576 πάλαι
983 4520 1284 4589 διώρισται·
1329 4527 1455 4591 περὶ
1500 4522 1555 4575 δὲ
1585 4526 1687 4576 τῶν

1796 4535 1824 4571 a
1852 4530 2042 4583 magna
2070 4515 2198 4568 urbe
2224 4528 2445 4584 peregre
2468 4511 2804 4578 profecturus
2833 4523 2934 4573 est,
2962 4513 3190 4576 aliquam
3223 4527 3351 4564 cau-

125 4616 432 4685 περισσῶν,
467 4615 558 4669 τὸν
592 4614 855 4684 μέλλοντα
896 4613 993 4675 τῆς
1021 4612 1225 4676 πόλεως
1249 4614 1508 4682 ἐκδημεῖν
1551 4616 1693 4669 κατά

121 4724 258 4761 τινα
290 4703 480 4775 χρείαν
513 4706 917 4773 συνταξάμενον
956 4701 1033 4772 τῷ
1065 4703 1431 4775 ἀρχιδιακόνῳ
1463 4705 1558 4758 καὶ
1579 4708 1691 4769 τοῖς

123 4799 509 4868 πρωτεύουσιν
545 4798 601 4846 ὲν
642 4803 707 4864 τῇ
743 4795 1003 4864 ὲϐδομάδι
1035 4794 1132 4862 τὴν
1180 4795 1491 4864 ἀποδημίαν
1538 4798 1692 4849 στέλ-

124 4890 346 4955 λεαθαι,
398 4887 485 4955 ἐφ’
541 4887 600 4948 ἐξ
669 4888 770 4956 μὲν
838 4887 1034 4954 μῆναςυ
1070 4884 1186 4934 οὐδὲ
1249 4884 1512 4956 σούπερον
1576 4887 1692 4940 ἀντ’

127 4981 306 5038 αὑτοῦ
363 4978 681 5041 ὲνιστῶντα,
744 4979 884 5046 μετὰ
939 4979 997 5029 δὲ
1045 4976 1252 5035 τούτοις
1303 4977 1405 5038 ἕως
1462 4980 1692 5050 πέρατος

123 5075 376 5143 τριετίας
408 5073 592 5139 ἕτερον
621 5070 736 5120 ἀντ’
757 5069 923 5120 αὑτοῦ
951 5074 1016 5140 τῇ
1060 5069 1272 5137 δουλεία
1302 5067 1694 5137 ὑποϐάλλοντα,

130 5167 226 5218 ἵνα
251 5167 283 5232 ὴ
321 5165 475 5235 παρὰ
508 5163 605 5231 τὴν
639 5161 946 5227 ἐκκλησίαν
999 5161 1243 5216 διακονία
1278 5159 1422 5228 αὑτῷ
1453 5163 1696 5233 ἀνάπληο

129 5255 328 5327 ροῦται
357 5257 444 5325 διὰ
473 5252 567 5306 τοῦ
599 5254 916 5321 ἀντισήκου.
957 5249 1088 5305 Εἶτα
1115 5256 1162 5305 εἰ
1197 5256 1270 5322 μὴ
1302 5249 1367 5304 δι’
1397 5251 1523 5317 ὅλης
1542 5269 1692 5321 τριε-

124 5347 254 5406 cia;
291 5346 585 5419 ἐπανέλθῃ,
626 5345 815 5415 πιερρῳ
835 5341 928 5395 τοῦ
957 5344 1339 5406 καθίστασοαι,
1373 5342 1694 5394 καὶὲκπτώ-

1795 4623 1909 4663 sam
1941 4606 2306 4661 necessariam
2342 4605 2733 4671 significantem
2763 4603 3169 4663 archidiacono,
3201 4612 3258 4655 et
3289 4604 3352 4657 iis

1794 4702 1884 4772 qui
1918 4702 1971 4755 in
2003 4699 2330 4754 hebdomade
2361 4699 2560 4765 primas
2589 4703 2799 4763 gerunt,
2830 4709 3052 4763 peregre
3086 4694 3352 4761 proﬁcisci

1798 4795 1864 4847 ad
1905 4809 1999 4848 sex
2047 4805 2294 4853 menses;
2341 4801 2437 4838 nec
2488 4784 2650 4837 alium
2697 4801 2946 4853 superum
2981 4786 3191 4851 quidem
3239 4785 3357 4838 loco

1800 4900 1896 4939 suo
1949 4883 2352 4940 subsistentem,
2406 4890 2589 4946 postea
2643 4888 2818 4932 autem
2871 4876 2937 4928 ad
2984 4877 3138 4927 linem
3189 4889 3355 4944 usque

1804 4974 2037 5037 triennii,
2093 4973 2316 5027 alterunt
2367 4986 2465 5041 pro
2513 4987 2572 5026 se
2614 4969 2829 5022 servitio
2861 4965 3258 5034 subjicientem,
3299 4981 3354 5022 ut

1795 5067 2036 5123 ecclesia:
2065 5065 2414 5119 ministerium
2438 5064 2486 5117 ei
2519 5061 2830 5129 suppleatur
2859 5073 2952 5126 per
2975 5058 3352 5112 substitutum.

1800 5160 1998 5214 Deinde
2029 5160 2072 5209 si
2121 5165 2238 5225 post
2286 5157 2553 5220 integrum
2613 5149 2899 5202 triennium
2949 5162 3053 5201 non
3105 5147 3351 5208 redierit,

1797 5250 1976 5323 procul
2010 5249 2387 5308 constituatur,
2424 5253 2476 5295 et
2507 5243 2572 5294 ab
2603 5239 2931 5296 hebdomade
2958 5240 3177 5293 ontnino
3209 5239 3354 5291 exci-

1799 5350 1908 5412 dat,
1947 5342 2075 5395 niliil
2112 5357 2232 5396 eum
2263 5339 2483 5407 juvante
2517 5335 2786 5391 subatiiuti
2818 5333 3038 5387 datioue
3077 5333 3159 5386 vel
3197 5330 3356 5385 resti-

1349 5488 1539 5549 Guill.
1579 5487 1905 5564 Beveregii
1942 5492 2128 5546 notua.

216 5614 327 5687 (Η)
376 5611 932 5687 'Eté1.a_éppqrs/u.
973 5609 1120 5664 llanc
1163 5609 1390 5687 alienant
1423 5609 1697 5687 Balsamoo

134 5678 239 5745 nis.
267 5678 776 5752 interpretationem
827 5701 928 5736 ms.
952 5691 1158 5752 inoslro
1213 5678 1506 5730 Bodleiano
1542 5681 1698 5731 (lebe-

137 5773 288 5815 mus.
337 5751 532 5809 Verum
588 5752 888 5806 chttanus
947 5751 1212 5805 Her-tetu;
1269 5767 1386 5803 eam
1435 5760 1694 5814 tanquam

1807 5607 2155 5680 appendicem
2205 5609 2273 5680 ad
2326 5605 2594 5680 ipriorern
2627 5601 3125 5680 interpretationem
3169 5612 3233 5651 ex
3261 5611 3358 5680 ρο·

1779 5671 1926 5743 dice
1967 5679 2182 5731 Ttliano
2219 5671 2412 5727 {Lati—nt:
2465 5675 2623 5742 vertit
2654 5692 2667 5729 :
2725 5674 2820 5728 sed
2856 5675 2909 5727 in
2961 5685 3064 5724 ms.
3095 5671 3357 5724 Amerba-

1806 5753 2004 5806 cliiano
2044 5753 2163 5803 lout
2189 5746 2544 5802 desideratur.
