3974 6346
135 430 264 498 1289

201 656 223 692 ι
259 637 483 702 σκόπου,
517 637 842 707 τολμήσειέν
866 653 920 690 τι
963 635 1168 706 πρᾶξαι
1202 635 1303 706 τῆς
1321 633 1700 705 λειτουργίας,

200 751 219 784 ι
261 733 372 784 εἴτε
411 734 438 784 ό
468 731 768 794 ἐπίσκοπος
823 730 967 784 κατὰ
1015 728 1116 800 τὴν
1152 729 1544 800 προάγουσαν.
1585 743 1711 780 συν-

199 839 219 872 ‹
262 822 477 891 ήθειαν,
544 822 657 873 εἴτε
702 823 729 872 ὁ
793 819 1191 891 ⁶πρεσϐύτερος,
1223 821 1333 872 εἴτε
1369 819 1398 864 ἱι
1436 816 1705 884 διάκονος,

203 931 222 963 ι
267 914 463 983 μηκέτι
497 912 614 976 ἐξὸν
649 910 790 965 εἶναι
840 913 990 982 αὑτῷ
1033 912 1158 981 μηδ’
1188 913 1248 964 ἐν
1286 912 1456 980 ἑτέρᾳ
1501 909 1708 977 συνόδῳ

210 1026 228 1058 ι
265 1007 454 1059 ἐλπίδα
481 1005 1010 1068 ἀποκαταστάσεως,
1035 1006 1172 1074 μήτε
1195 1000 1499 1068 ἀπολογίας
1519 1001 1706 1069 χώραν

197 1123 215 1155 ι
258 1104 423 1172 ἐχειν.
444 1097 604 1151 Ἀλλὰ
628 1098 725 1151 καὶ
747 1097 873 1160 τοὺς
900 1095 1299 1157 κοινωνοῦντας
1332 1095 1481 1163 αὐτῷ
1500 1094 1708 1155 πάντας

197 1215 216 1248 ι
257 1193 658 1257 ἀποϐάλλεσθαι
709 1190 810 1259 τῆς
872 1187 1226 1258 Ἐκκλησίας,
1287 1186 1383 1240 καὶ
1449 1186 1705 1256 μάλιστα,

200 1311 218 1342 ι
255 1292 302 1342 εί
339 1287 604 1357 μαθόντες
629 1286 728 1354 τὴν
755 1284 1036 1354 ἀπόφασιν
1069 1285 1170 1352 τὴν
1209 1281 1352 1336 κατὰ
1384 1281 1493 1332 τῶν
1513 1267 1706 1348 προει-

199 1401 218 1433 ι
261 1381 521 1450 ρημένων
560 1375 962 1447 ἐξενεχθεῖσαν,
996 1374 1328 1446 τολμήσειαν
1360 1374 1544 1436 αὐτοῖς
1586 1388 1705 1424 κοι-

196 1493 216 1524 «
253 1474 464 1524 νωνεῖᾭ.
498 1488 517 1520 ι

192 1565 387 1618 ΒΑΔΣ.
433 1563 492 1614 '0
524 1563 623 1630 μὲν
657 1565 744 1630 κη’
771 1558 1134 1622 ἁποστολικδς
1169 1556 1352 1611 κανὼν
1379 1555 1707 1627 ἀποκηρύσ-

120 1673 200 1708 σει
231 1656 355 1715 τοὺς
388 1650 819 1721 καθαιρεθέντας
852 1649 1100 1713 δικαίως,
1123 1650 1220 1702 xui.
1249 1641 1536 1718 αὖθιςτῆς
1570 1663 1703 1717 προ-

115 1753 282 1819 τέρας
346 1746 631 1817 ἐνεργείας
677 1744 1046 1812 ἁπτομένους·
1099 1745 1127 1796 ὁ
1180 1742 1238 1796 δὲ
1273 1741 1467 1813 παρὼν
1521 1741 1706 1802 κανῴν

115 1858 250 1911 φησι
286 1840 360 1909 μὴ
401 1839 548 1910 ἔχειν
589 1838 788 1900 αὐτοὺς
820 1836 1014 1889 ἐλπίδα
1044 1833 1603 1903 ἀποκαταστάσεωςῆ
1636 1833 1702 1886 δι’

113 1933 452 2003 ἐπικρίσεως
491 1931 687 2000 ἐτέρας
721 1930 944 1982 συνόδου
971 1945 985 1958 θ
1021 1929 1116 1982 καὶ
1149 1929 1277 1989 τοὺς
1305 1925 1703 1988 κοινωνοῦντας

113 2024 329 2086 τούτοις
358 2028 415 2076 ὲν
454 2024 660 2094 εἰδήσει
695 2023 1038 2091 ἀποὸλήτους
1078 2016 1218 2074 εἶναι
1250 2021 1314 2073 ὲκ
1334 2019 1434 2088 τῆς
1470 2015 1705 2082 Ἐκκλη-

112 2119 262 2176 σίας.
290 2116 552 2170 Δοκοῦσιν
586 2113 680 2170 οὖν
702 2116 750 2168 οἱ
789 2117 1014 2180 κανόνες
1051 2114 1130 2184 μὴ
1167 2111 1512 2178 ἐξισοῦσθαι.
1535 2107 1705 2180 Οἶμαι

109 2209 169 2262 δὲ
196 2209 513 2276 συμφωνεῖν
566 2207 624 2261 ἐν
677 2209 844 2261 πᾶσιν
907 2205 1130 2269 αὐτούς.
1197 2203 1542 2274 Διορίζονται
1597 2201 1707 2272 γὰρ

111 2300 257 2353 κατὰ
281 2299 374 2352 δύο
406 2303 606 2361 τόπους
640 2299 974 2362 κολάζεσθαι
1024 2298 1150 2361 τοὺς
1199 2296 1342 2367 μετὰ
1384 2293 1576 2365 ἐντελῆ
1607 2312 1706 2347 καο

107 2393 343 2462 ταδίκην
373 2373 650 2464 ἱερατικὸν
694 2407 745 2444 τι
782 2389 1168 2460 ἐνεργοῦντας.
1206 2389 1272 2443 ’0
1306 2389 1406 2458 μὲν
1439 2383 1535 2440 οὗν
1570 2389 1706 2440 ἀπο-

111 2485 362 2548 στολικὸς
388 2483 570 2537 κανών
612 2499 748 2552 φησι
794 2483 920 2545 τοὺς
973 2481 1205 2542 δικαίως
1245 2478 1704 2549 καθαιρεθέντας,

107 2578 285 2646 ἤγουν
318 2575 393 2646 μὴ
435 2576 660 2645 ἔχοντας
698 2574 955 2644 βοήθειαν
984 2573 1279 2643 ἐκκλήτου,
1338 2571 1432 2625 καὶ
1478 2571 1708 2642 ἐνεργή.

111 2684 320 2729 σαντας
380 2666 655 2737 ἱερατικὸν
695 2683 768 2732 τι,
802 2664 1318 2735 ἁποκηρύσσεσθαιο
1357 2667 1384 2717 ὁ
1414 2663 1470 2717 δὲ
1514 2661 1708 2731 παρὼν

111 2758 302 2812 κανὼν
331 2757 649 2827 παρομοίως
671 2755 864 2826 ἐκείνῳ
895 2756 1114 2826 πρῶτον
1163 2757 1264 2823 μὲν
1303 2756 1602 2828 διορίζεται
1629 2755 1704 2825 μὴ

110 2849 522 2920 προσδέχεσθαι
553 2849 685 2918 παρ’
720 2847 910 2917 ἑτέρας
958 2846 1186 2900 συνόδου
1225 2848 1354 2909 τοὺς
1383 2845 1490 2898 ὑπὸ
1547 2847 1706 2898 συνόο

105 2943 206 2997 ὅου
255 2942 462 3004 τελείας
498 2940 952 3009 καθαιρεθέντας,
985 2940 1087 3010 τῆς
1147 2942 1206 2992 ὲν
1256 2941 1703 2993 Κωνσταντινου-

106 3039 270 3089 πόλει
307 3035 491 3104 τυχὸν,
525 3032 648 3085 καθ’
682 3027 749 3103 ἧς
774 3031 895 3083 οὐδὲ
936 3029 1204 3100 ἔκκλητός
1250 3033 1393 3082 ἐστι·
1424 3029 1518 3081 καὶ
1577 3029 1704 3089 τοὺς

107 3131 199 3192 δὶς
242 3127 723 3195 ἐκκαλεσαμένους
755 3123 854 3176 καὶ
904 3121 1244 3192 ἡττηθέντας
1298 3121 1396 3174 καὶ
1439 3121 1579 3192 μετὰ
1642 3122 1706 3174 τὸ

1205 432 1290 492 1N
1333 430 1496 493 CAN.
1541 428 1618 491 1v
1659 428 1871 495 conc.
1914 431 1974 494 II
2013 403 2368 506 ANTIOCH.

204 563 224 597 ι
267 543 300 616 ἢ
334 541 772 615 πρεσϐύτεροςῆ
813 540 1060 606 διάκονος
1094 542 1203 596 ὑπὸ
1249 542 1348 596 τοῦ
1395 541 1534 594 ἰδίου
1585 541 1706 592 ἐπι·
1738 549 1780 600 Α

3257 441 3388 504 [290

1897 565 1916 595 ‹
1949 549 2211 608 diaconus
2242 569 2270 609 a
2307 555 2526 625 proprio
2559 555 2813 625 episeopo
2852 553 3151 625 depositus,
3185 553 3390 622 aliquid

1889 657 1908 687 ι
1952 639 2017 693 de
2049 642 2350 697 ministerio
2383 659 2543 714 agere
2579 657 2746 698 ausus
2779 643 2981 707 fuerit;
3026 644 3140 696 sive
3179 641 3391 710 episco-

1891 750 1910 780 ε
1951 749 2050 801 pus
2110 738 2406 790 secundum
2466 740 2860 806 prmcedentem
2916 737 3388 796 consuetudinem,

1886 845 1903 877 ι
1939 828 2051 882 sive
2083 831 2385 900 presbyter,
2432 832 2548 887 sive
2597 833 2875 894 diaconus,
2915 831 3114 884 nullam
3159 828 3390 896 amplius

1888 937 1906 970 ι
1943 927 2090 987 spem
2127 920 2489 975 restitutionis
2517 922 2568 975 in
2603 923 2703 975 alia
2741 922 2967 992 synodo,
3000 935 3173 988 neque
3204 918 3387 971 delen-

1885 1028 1903 1061 ι
1940 1011 2109 1065 sionis
2138 1011 2313 1066 locum
2343 1012 2391 1066 ei
2419 1014 2615 1067 habere
2640 1014 2820 1066 liceat.
2851 1012 2954 1066 Sed
2985 1020 3036 1064 et
3062 1025 3269 1068 omncs.
3297 1007 3387 1077 qui

1889 1119 1906 1150 ι
1944 1100 1993 1154 ei
2048 1104 2488 1168 communicant,
2538 1120 2602 1157 ex
2665 1105 2908 1158 Ecclesia
2973 1104 3281 1173 ejiciantur,
3337 1112 3391 1154 et

1890 1210 1907 1242 ι
1947 1195 2182 1247 maxime
2218 1195 2261 1247 si
2294 1209 2417 1248 cum
2454 1195 2780 1248 sententiam
2816 1197 3076 1248 adversus
3107 1193 3390 1262 przedictos

1887 1304 1905 1337 ι
1943 1285 2206 1353 prolatam
2237 1288 2550 1354 didicerint,
2583 1287 2662 1342 eis
2687 1287 3090 1342 communicare
3125 1285 3242 1338 ausi
3278 1285 3390 1338 lue-

1889 1395 1904 1427 ι
1944 1387 2068 1431 rint.
2111 1396 2130 1428 ι

1881 1561 2079 1618 BALS.
2127 1564 2424 1621 Vlcesimus
2451 1567 2668 1636 quidem
2701 1577 2926 1623 octavus
2959 1582 3131 1622 canon
3178 1574 3391 1634 ιψυειυο

1809 1654 1947 1708 licus
1977 1656 2194 1711 abdicat
2219 1659 2438 1728 eos,qui
2466 1660 2610 1729 juste
2631 1661 2856 1728 depositi
2881 1660 3100 1723 fuerint,
3129 1668 3183 1713 et
3207 1673 3394 1712 rursus

1809 1747 1958 1817 prius
1992 1750 2354 1804 ministerium
2394 1755 2683 1820 attingunt.
2722 1753 2972 1806 Praesens
3007 1760 3183 1805 autem
3219 1766 3391 1803 canon

1812 1841 1942 1896 dicit
1969 1855 2065 1896 eos
2091 1857 2198 1896 non
2223 1843 2422 1896 habere
2445 1858 2595 1912 Spem
2623 1844 2983 1898 restitutionis
3016 1844 3095 1896 vel
3126 1857 3222 1912 per
3249 1844 3392 1909 judi-

1809 1935 1950 1990 cium
1985 1935 2214 1990 alterius
2250 1937 2460 2004 synodi,
2493 1944 2544 1990 et
2579 1951 2694 1998 eos,
2728 1935 2818 2004 qui
2851 1936 2956 1990 illis
2989 1936 3222 1990 scientes
3243 1951 3393 1988 com-

1811 2027 2213 2090 municant,'ex
2248 2025 2491 2081 Ecclesia
2522 2027 2672 2095 ejici.
2703 2028 2964 2082 Videntur
3000 2043 3128 2096 ergo
3161 2042 3396 2081 canones

1816 2133 1923 2172 non
1959 2117 2260 2188 exaequari.
2293 2115 2430 2170 Puto
2471 2131 2651 2170 autem
2696 2132 2788 2172 eos
2817 2118 2870 2170 in
2913 2119 3168 2172 omnibus
3201 2134 3395 2170 conve-

1812 2211 1950 2263 nire.
2008 2207 2284 2262 Deﬁniunt
2326 2207 2494 2272 enim,
2540 2220 2598 2261 ut
2643 2208 2856 2263 duobus
2892 2209 3067 2263 modis
3108 2210 3396 2276 puniantur

1814 2303 1873 2366 il,
1909 2302 2001 2372 qui
2040 2310 2164 2379 post
2199 2299 2496 2372 perfectam
2541 2301 3049 2356 condemnationem
3085 2302 3286 2369 aliquid
3315 2317 3395 2353 sa—

1810 2382 2085 2448 cerdotale
2116 2401 2398 2446 exercent.
2440 2391 2789 2458 Apostolicus
2835 2391 3018 2459 itaque
3057 2406 3228 2445 canon
3267 2393 3398 2442 dicit

1809 2498 1929 2548 eos,
1965 2483 2053 2551 qui
2088 2481 2234 2548 iuste
2263 2481 2492 2550 depositi
2531 2481 2751 2542 fuerint,
2789 2480 3001 2535 scilicet
3033 2483 3121 2550 qui
3159 2497 3260 2534 non
3296 2480 3391 2532 lia-

1811 2578 1942 2630 bcnt
1988 2575 2371 2646 appellationis
2403 2575 2687 2638 auxilium,
2725 2585 2774 2628 et
2809 2575 3013 2643 aliquid
3060 2576 3398 2628 sacerdotale

1810 2680 2088 2735 exercent,
2119 2670 2382 2723 abdicari.
2414 2667 2661 2722 Praesens
2693 2675 2873 2720 autem
2910 2682 3081 2721 canon
3121 2668 3196 2721 illi
3218 2670 3395 2721 consi-

1810 2763 2048 2825 militer,
2102 2762 2342 2829 primum
2389 2760 2606 2828 quidem
2641 2760 2880 2812 decernit
2928 2761 2995 2813 ab
3040 2759 3143 2812 alia
3191 2765 3398 2830 synodo

1811 2869 1916 2908 non
1954 2853 2168 2908 admitti
2205 2867 2318 2916 eos,
2351 2852 2442 2922 qui
2475 2867 2502 2905 a
2542 2853 2781 2922 perfecta
2819 2853 3047 2923 synodo,
3080 2854 3396 2908 Constanti-

1812 2948 2149 3016 nopolitana,
2181 2947 2332 3001 verbi
2370 2946 2564 3016 gratia,
2600 2946 2828 3013 depositi
2870 2945 3096 3007 fuerint,
3137 2948 3398 3000 adversus

1808 3057 1971 3112 quam
2027 3056 2133 3094 non
2181 3049 2265 3094 est
2311 3039 2647 3108 appellatio;
2692 3054 2791 3092 nec
2824 3053 2918 3093 eos
2957 3040 3148 3104 etiam,
3185 3042 3272 3106 qui
3317 3039 3398 3093 bis

1813 3133 2246 3204 appellaverunt,
2298 3139 2354 3185 et
2385 3131 2514 3185 victi
2565 3139 2710 3194 sunt,
2746 3137 2799 3183 et
2843 3138 3128 3199 postquam
3166 3127 3401 3205 appella-

106 3216 786 3290 ἀπαγορευθῆναιαύτοῖς
811 3214 913 3284 τὴν
964 3213 1222 3283 βοήθειαν
1283 3214 1382 3281 τῆς
1438 3215 1704 3284 ἐκκλήτου

1840 3227 1980 3281 iouis
2013 3225 2279 3279 auxilium
2319 3224 2398 3278 eis
2424 3223 2748 3292 denegatum
2784 3221 2966 3286 fuerit,
3002 3219 3202 3286 aliquid
3230 3232 3401 3273 sacer-

104 3317 523 3384 ἐνεργήσαντας
549 3309 829 3379 ίερατικόν
853 3325 928 3361 τι.
963 3303 1094 3361 Εἶτα
1113 3305 1182 3358 δι’
1216 3299 1290 3359 ὧν
1314 3323 1480 3374 φησιν
1512 3306 1708 3358 ἐκσάλ-

103 3408 309 3463 λισθαι
345 3405 458 3458 ἀπὸ
501 3403 602 3470 τῆς
650 3401 980 3471 Ἐκκλησίας
1015 3401 1268 3463 καὶτοὺς
1311 3397 1709 3461 κοινωνοῦντας

103 3503 328 3562 αὐτοῖς,
383 3498 532 3549 δοκεῖ
593 3496 776 3562 λέγειν
838 3495 933 3548 καὶ
992 3493 1418 3562 ἀποκηρύκτους
1469 3491 1712 3560 ὀφείλειν

104 3590 379 3662 γενέσθαι
407 3584 628 3648 αὐτούς.
661 3585 848 3641 Οὕτως
890 3585 1235 3652 ὲρμήνευσον
1265 3584 1393 3643 τοὺς
1448 3583 1709 3645 κανόνας,

107 3685 218 3739 καὶ
261 3683 339 3754 μὴ
364 3682 530 3751 εἴπῃς
585 3677 680 3731 τὸν
731 3674 1133 3745 καθαιρεθέντα
1197 3673 1302 3727 ὑπὸ
1341 3673 1564 3726 συνόδου
1616 3674 1712 3726 καὶ

111 3779 322 3846 ιχοντα
382 3774 635 3845 βοήθειαν
693 3769 990 3839 ὲκκλήτου,
1061 3765 1396 3838 ἐνεργοῦντα
1434 3764 1712 3835 ίερατικόν

107 3887 171 3923 τι
209 3867 355 3938 μετὰ
388 3867 488 3934 τὴν
519 3863 868 3934 καθαίρεσιν,
899 3859 1296 3930 ἀποκήρυκτόν
1335 3875 1394 3911 τε
1428 3855 1573 3910 εἶναι
1617 3858 1715 3911 καὶ

110 3963 223 4032 τὴν
250 3961 509 4030 βοήθειαν
541 3957 810 4024 ἐκκλήτου
839 3954 1121 4016 ἀπόλλειν,
1151 3950 1337 4016 καθώς
1363 3965 1508 4011 τινες
1534 3945 1710 4003 εἷπον.

123 4051 549 4121 Ἐναντιωθήσῃ
591 4052 697 4116 γὰρ
768 4046 962 4098 κανόσι
1015 4044 1110 4096 καὶ
1158 4045 1349 4111 νόμοις
1406 4040 1714 4109 διαφόροις,

109 4145 526 4217 διοριζομένοις
555 4139 827 4212 ἀκεραίαν
857 4138 1005 4208 ἔχειν
1039 4136 1130 4190 τὸν
1171 4134 1586 4204 κατακριθέντα
1617 4131 1716 4204 τὴν

111 4241 344 4295 οἰκείαν
381 4236 742 4298 κατάστασιν,
779 4232 975 4302 μέχρις
1005 4230 1073 4283 ἂν
1107 4230 1201 4283 καὶ
1223 4229 1290 4281 τὰ
1324 4227 1715 4298 τῆςέκκλῄτου

109 4331 543 4401 γυμνασθῶσινο
580 4326 876 4396 ἐξαιρέτως
919 4324 977 4375 δὲ
1022 4321 1100 4391 τῷ
1155 4322 1198 4373 δ’
1256 4320 1444 4374 κανόνι
1497 4319 1598 4388 τῆς
1659 4321 1718 4372 ὲν

111 4424 373 4494 Σαρδικῇ
404 4421 648 4483 συνόδου,
695 4417 754 4470 ὃν
793 4416 888 4469 καὶ
927 4411 1229 4480 ἀνάγνωθι.
1272 4413 1437 4481 Ζήτει
1494 4413 1590 4465 τὸν
1646 4419 1717 4478 ιγ’

112 4519 223 4573 καὶ
255 4522 320 4567 ιε’
362 4514 561 4566 κανόνα
600 4515 698 4581 τῆς
753 4507 1042 4580 παρούσης
1087 4505 1332 4569 συνόδου,
1388 4503 1484 4554 καὶ
1525 4504 1622 4572 τῆς
1660 4505 1719 4555 ιν

114 4610 372 4680 Σαρδςκῇ
393 4608 596 4659 κανόνα
629 4606 671 4659 δ’
714 4601 1050 4672 ἀναιροῦντα
1089 4597 1339 4661 τούτους
1374 4598 1467 4649 καὶ
1507 4595 1714 4664 βιϐλίου

113 4701 240 4754 τῶν
309 4693 614 4748 Bacchatth
673 4691 719 4761 γ’
775 4692 954 4744 τίτλου
999 4693 1045 4739 α’
1086 4687 1388 4755 κεφάλαιον
1435 4692 1542 4755 με’,
1584 4680 1647 4739 οῦ
1685 4684 1718 4755 ἡ

116 4794 305 4866 ἀρχὴ,
350 4789 415 4844 Εἴ
447 4804 596 4850 τινες
626 4789 685 4841 δὲ
715 4787 1007 4841 όσιὼτατοι
1057 4781 1374 4834 ἐπίσκοπον
1408 4783 1502 4835 καὶ
1539 4781 1720 4852 μάθῃς

119 4888 252 4950 πῶς
287 4881 382 4935 καὶ
412 4877 564 4946 παρὰ
604 4877 715 4928 τίσι
748 4877 1061 4941 δικάζονται
1105 4874 1233 4940 περὶ
1288 4875 1719 4944 ἐγκληματικῶν

121 4979 456 5035 ὑποθέσεων
527 4972 819 5024 ἐπίσκοποι
899 4973 994 5024 καὶ
1063 4969 1342 5037 κληρικοὶ,
1417 4972 1512 5023 καὶ
1589 4976 1721 5025 ποτε

123 5075 227 5116 νηὶ
272 5071 427 5138 παρὰ
470 5065 614 5118 τίσιν
644 5062 1011 5115 ἐκκαλοῦνται
1051 5059 1574 5129 καταδικαζόμενοι.

207 5163 462 5216 ΖΩΝᾹΡ.
501 5158 563 5210 Ol
593 5155 696 5225 μὲν
751 5153 1067 5216 ἐπίσκοποι,
1111 5156 1201 5208 ἐπὶ
1248 5154 1564 5223 ἐγκλήμασι
1597 5173 1730 5208 κατ-

1814 3317 1996 3372 dotale
2022 3323 2303 3369 exercent.
2347 3315 2553 3367 Deinde
2601 3326 2696 3380 per
2733 3312 2783 3364 id
2830 3312 2974 3379 quod
3016 3310 3164 3371 dicit,
3210 3324 3303 3363 eos
3337 3325 3399 3362 ex

1813 3409 2058 3463 Ecclesia
2087 3407 2234 3477 ejici,
2267 3409 2359 3476 qui
2393 3406 2524 3474 ipsis
2555 3419 2674 3458 com
2695 3405 2995 3469 municant,
3031 3402 3229 3456 debere
3259 3403 3402 3470 ipsos

1814 3501 1981 3554 etiam
2016 3499 2298 3551 abdicatos
2343 3494 2462 3548 ﬁeri
2499 3494 2682 3548 dicere
2731 3491 2964 3546 videtur.
3004 3493 3093 3545 Sic
3136 3493 3401 3558 interpreo
3448 3536 3456 3546 .

1786 3576 1939 3648 Itare
1972 3605 2252 3656 canones;
2303 3602 2406 3643 nec
2435 3586 2643 3642 dixeris
2684 3601 2830 3649 eum,
2878 3583 2971 3654 qui
3011 3593 3092 3638 est
3130 3599 3159 3637 a
3200 3581 3402 3652 synodo

1817 3685 2116 3753 depositus,
2161 3695 2217 3736 et
2258 3683 2422 3737 liabet
2452 3681 2715 3735 auxilium
2765 3675 3162 3748 appellationis,
3207 3675 3250 3726 si
3283 3681 3404 3742 post

1815 3776 2210 3847 depositionem
2234 3773 2436 3844 aliquid
2463 3770 2817 3833 sacerdotale,
2836 3778 3087 3823 exerceat
3113 3780 3231 3820 esse
3256 3765 3404 3818 abdi-

1819 3881 2025 3937 catum,
2056 3878 2112 3924 et
2160 3865 2542 3940 appellationis
2584 3863 2841 3918 auxilium
2891 3862 3136 3930 perdere,
3183 3868 3239 3912 ut
3272 3873 3403 3911 non-

1818 3963 1948 4018 nulli
1978 3962 2254 4015 dixerunt.
2289 3959 2444 4014 Dices
2471 3958 2616 4012 enim
2647 3955 2999 4024 repugnantia
3028 3964 3081 4007 et
3107 3952 3403 4006 canouibus

1817 4063 1873 4110 et
1923 4053 2158 4107 diversis
2203 4049 2436 4119 legibus,
2491 4060 2611 4116 quae
2659 4053 2925 4107 statuunt,
2976 4057 3089 4106 eos,
3147 4046 3236 4111 qui
3274 4053 3403 4096 sunt

1817 4144 2169 4202 condemnati
2219 4143 2492 4210 integrum
2533 4148 2588 4191 et
2636 4140 2901 4191 intactum
2943 4144 3144 4188 statum
3183 4134 3402 4198 habere,

1824 4244 1995 4297 denec
2039 4238 2108 4292 de
2159 4235 2524 4305 appellatione
2572 4231 2851 4300 cognitum
2887 4227 3053 4282 fuerit
3095 4227 3406 4294 :prmcipue

1823 4344 2002 4388 autem
2028 4340 2222 4400 quarto
2244 4341 2454 4381 canone
2480 4323 2823 4379 Sardicensis
2846 4322 3036 4391 synodi
3061 4334 3215 4388 quem
3241 4320 3403 4371 etiam

1824 4429 1963 4497 lege.
2009 4423 2202 4491 Quaere
2236 4425 2400 4476 etiam
2429 4431 2665 4473 canones
2701 4417 2766 4471 15
2805 4425 2858 4469 et
2909 4413 2972 4467 l3
3002 4413 3280 4479 praesentis
3321 4426 3406 4478 sy-

1825 4520 1950 4573 nodi
1975 4530 2028 4572 et
2057 4517 2400 4573 Sardicensis
2426 4513 2615 4583 synodi
2669 4522 2926 4564 canonem
2955 4505 2986 4557 ι
3015 4507 3102 4572 qui
3127 4506 3220 4559 hos
3248 4507 3403 4568 tollit;

1824 4621 1878 4666 et
1915 4609 2034 4664 libri
2070 4625 2129 4663 in
2165 4607 2523 4664 Basilicarum
2558 4603 2642 4655 tit.
2680 4601 2729 4664 ί,
2769 4613 2884 4666 cap.
2919 4598 2987 4651 Η
3021 4597 3173 4664 cujus
3205 4599 3405 4666 princi-

1833 4706 1979 4775 pium
2016 4711 2119 4764 est,
2155 4701 2210 4754 Si
2251 4710 2432 4753 autem
2465 4693 2632 4763 aliqui
2671 4691 2999 4745 sanctissimi
3034 4689 3267 4758 episcopi
3305 4705 3314 4738 :
3358 4697 3411 4736 ct

1829 4801 1993 4861 scies,
2024 4794 2296 4865 quomodo
2325 4798 2379 4845 et
2425 4805 2450 4840 a
2483 4788 2681 4858 quibus
2718 4790 2783 4841 de
2824 4782 3004 4838 causis
3040 4779 3410 4833 criminaldnis

1826 4895 2140 4962 iudicantur
2169 4886 2406 4956 episcopi
2438 4896 2491 4938 et
2516 4883 2732 4942 clerici;
2765 4889 2815 4929 et
2843 4873 3062 4944 quando
3091 4885 3142 4925 et
3167 4890 3192 4925 a
3221 4874 3410 4939 quibus

1827 4985 2162 5055 appellantur
2193 4976 2559 5035 condemnati.

1899 5159 2151 5215 ZUNAR.
2200 5156 2450 5228 Episcopi
2512 5150 2726 5221 quidem
2774 5151 2819 5204 si
2875 5156 3216 5212 accusentur,
3264 5147 3408 5214 ipso-

130 5255 538 5326 ηγορούμενοι,
572 5247 793 5301 συνόδου
826 5247 1040 5297 δέονται
1081 5246 1406 5316 δικαζούσης
1463 5251 1558 5300 καὶ
1598 5251 1713 5304 ἀπο

1833 5269 1947 5310 sum
1974 5266 2193 5306 causam
2228 5265 2254 5300 a
2283 5246 2490 5318 synodo
2513 5240 2813 5298 examinari
2837 5253 2899 5292 ac
2920 5237 3133 5291 deﬁniri
3160 5245 3405 5306 oportet:

129 5346 509 5417 φαινομένης
551 5342 600 5395 οἱ
651 5339 706 5393 δὲ
762 5336 1165 5406 πρεσϐύτεροι,
1214 5341 1310 5392 καὶ
1361 5341 1410 5391 οἱ
1453 5338 1719 5410 διάκονοι,

132 5441 244 5494 καὶ
291 5439 342 5490 οί
363 5436 600 5505 καθεξῆς
641 5431 917 5503 κληρικοὶ,
951 5429 1059 5482 ὑπὸ
1107 5431 1202 5483 τοῦ
1249 5433 1381 5485 ίδίου
1425 5434 1737 5489 ἐπισκόποις

1835 5350 1898 5401 de
1937 5342 2271 5414 presbyteris
2304 5355 2455 5404 vero,
2505 5338 2765 5395 diaconis,
2804 5333 3033 5401 aliisque
3068 5329 3411 5386 inferioribus

1833 5438 2047 5494 clericis
2102 5435 2322 5503 proprio
2369 5434 2625 5500 episcopo
2671 5426 2918 5494 judicare
2971 5442 3032 5480 ac
3089 5423 3411 5478 sententiam

1392 5530 1577 5592 Guill.
1610 5534 1933 5613 Bevercgii
1965 5538 2157 5592 noue.

133 5638 358 5718 ptimus
401 5631 685 5718 prasentis
735 5631 929 5703 synodi
978 5646 1154 5708 canon
1196 5646 1261 5711 ex
1318 5632 1509 5712 eodem
1549 5637 1744 5693 codice

145 5703 440 5780 leguntur,
467 5703 570 5780 sub
629 5716 852 5780 nomine
881 5703 1223 5780 nonagesimi
1262 5703 1451 5780 quinti
1480 5714 1531 5756 et
1566 5721 1731 5760 noua-

180 5773 352 5840 estltti
385 5775 522 5831 sexti
556 5774 819 5846 canonis;
872 5788 984 5839 quo
1015 5775 1180 5827 etiam
1219 5773 1410 5846 ordine
1441 5773 1501 5846 in
1539 5792 1736 5846 supra-

180 5805 352 5840 CSIIIII
385 5805 522 5831 DCI"
556 5805 819 5849 ‘-al|V"'°_)
872 5805 984 5839 Ἱυυ
1015 5805 1180 5827 ειιαιιι
1219 5805 1410 5826 υιυιιιῠ
1443 5805 1494 5826 ΙΙΙ
1539 5805 1734 5846 θυμια-

135 5805 322 5912 gictis
379 5846 661 5905 codicibus
718 5852 1022 5898 etiamnum
1063 5845 1432 5912 reperiuntur.
1472 5845 1625 5912 Quod
1669 5850 1734 5904 ad

486 5947 753 6007 Pnnor.
805 5940 923 6003 Gn.
960 5937 1331 6002 CXXXVII.

1847 5643 2170 5706 praesentem
2200 5631 2435 5706 denique
2470 5642 2744 5706 caponern
2768 5631 2998 5706 spectat.
3115 5636 3139 5672 a
3184 5626 3412 5676 concilio

1842 5695 2278 5776 Aquisgranensl
2326 5695 2470 5776 anno
2532 5699 2746 5752 Domini
2800 5696 2923 5755 816,
2960 5695 3165 5758 habito,
3202 5709 3263 5747 ex
3295 5711 3414 5748 Vel--

1839 5772 1998 5836 sione
2033 5773 2367 5843 Dionysuana
2407 5772 2613 5827 citatur
2649 5783 2700 5824 et
2739 5774 3056 5822 renovatur.

3024 5940 3128 5996 41.
