3974 6346
184 422 323 488 1293

1239 424 1318 485 IN
1358 425 1518 485 CAN.
1556 427 1602 487 V
1644 424 1854 499 CONC,
1890 426 1947 486 lI
1981 426 2326 490 ANTIOCH.

3282 437 3416 499 1294

179 539 408 595 ΑΡΙΣΤ.
452 557 472 592 ι
517 539 578 594 ’0
607 537 714 592 ὕπδ
749 539 970 592 συνόδου
1017 538 1396 609 καθῃρημένος
1429 538 1728 602 ἐπίσκοπος

1852 540 2080 597 ARIST.
2126 561 2145 594 ι
2185 543 2478 613 Episcopus
2513 562 2541 599 a
2568 547 2771 616 synodo
2806 548 3114 619 depositus,
3169 553 3215 606 si
3255 568 3412 612 sacra

250 651 272 686 ε
312 637 361 686 εί
419 631 877 702 αὑθαδιαζόμενος
961 631 1355 703 λειτουργήσει,
1429 631 1505 701 μὴ
1579 632 1751 701 ἐχέτω

249 741 274 774 ε
312 721 662 775 κατάστασιν.
707 737 729 772 ο

264 815 324 868 '0
381 814 481 884 μὲν
538 811 720 866 κανὼν
771 805 926 877 οὗτος
957 811 1233 882 ἐμφαίνει,
1271 813 1536 878 ὡσαύτως
1577 814 1675 868 καὶ
1719 815 1749 866 δ

176 907 482 968 δωδέκατος
516 904 718 970 κανὼν,
753 904 1014 958 δύνασθαι
1045 905 1136 959 τὸν
1169 906 1275 959 ὑπὸ
1302 907 1520 961 συνόδου
1553 906 1748 959 καθαι-

184 995 416 1064 ρεθέντα
443 995 744 1047 ἐπίσκοπον
773 993 1145 1058 ἐκκαλεῖσθαι,
1178 993 1274 1062 καὶ
1303 996 1402 1064 τὴν
1427 997 1548 1048 κατ’
1578 994 1746 1048 αὐτοῦ

178 1086 383 1154 ψῆφον,
417 1087 463 1138 εί
495 1085 678 1147 κακῶς
706 1085 951 1154 γέγονεν,
979 1086 1068 1154 ὑφ’
1098 1086 1290 1156 ἑτέρας
1325 1086 1574 1157 μείζονος
1594 1089 1745 1159 διορ-

176 1174 405 1229 θοῦσθαι
435 1175 654 1228 συνόδου
675 1191 690 1206 ⁸
721 1178 770 1228 εί
796 1177 869 1248 μή
897 1194 999 1230 που
1024 1179 1051 1230 ὁ
1077 1177 1424 1248 καθαιρεθεὶς
1445 1179 1747 1243 έπίσκοπος

176 1266 304 1318 κατ’
338 1267 547 1320 οίκείαν
602 1266 895 1321 αὐθάδειαν
950 1269 1058 1339 πρὸ
1097 1269 1439 1341 διορθώσεως
1485 1270 1586 1340 τῆς
1625 1270 1744 1322 κατ’

175 1357 346 1410 αὑτοῦ
376 1358 704 1426 ἀποφάσεως
726 1359 1014 1429 τολμήσειε
1043 1362 1401 1432 λειτουργεῖν.
1427 1363 1744 1432 Τηνικαῦτα

174 1449 309 1518 γὰρ,
339 1450 458 1502 οὐδὲ
490 1453 539 1503 εί
579 1451 764 1514 κακῶς
801 1450 950 1518 λέγει
997 1453 1410 1524 καθαιρεθῆναι,
1462 1455 1742 1508 ἀποκατά-

176 1557 370 1593 στασιν
413 1540 547 1605 ἔξει,
596 1541 629 1611 ἢ
677 1540 862 1611 χώραν
911 1544 1204 1612 ἀπολογίας
1235 1544 1517 1616 δευτέρας.
1578 1546 1638 1597 ’0
1686 1546 1743 1599 δὲ

175 1629 667 1694 πεντεκα;δέκατος
703 1631 882 1685 κανὼν
909 1633 1009 1702 τῆς
1058 1633 1278 1686 συνόδου
1308 1635 1512 1704 ταύτης
1541 1633 1742 1704 φάσκει

171 1720 269 1772 τὸν
292 1721 398 1773 ὑπὸ
420 1721 637 1774 πάντων
655 1722 765 1774 τῶν
785 1724 843 1775 ὲν
862 1726 927 1793 τῇ
954 1725 1193 1795 ἐπαρχίᾳ
1213 1728 1528 1780 ἐπισκόπων
1549 1726 1742 1780 καθαι-

175 1811 404 1881 ρεθέντα
432 1815 630 1882 μηκέτι
645 1813 914 1869 δύνασθαι
934 1817 1306 1882 ἐκκαλεῖσθαι,
1331 1818 1466 1872 ἀλλά
1490 1819 1588 1889 τὴν
1617 1818 1739 1872 κατ’

1930 651 1949 683 ι
1985 634 2261 688 celebrare
2291 650 2458 691 ausus
2479 637 2664 704 luerit,
2688 639 2940 695 redeundi
2962 650 3282 712 potestatem
3306 662 3413 702 neu

1926 741 1948 773 ε
1986 723 2204 778 habeat.
2228 743 2247 776 ι

1921 813 2020 870 Ηίε
2068 817 2280 884 quidem
2331 831 2506 872 canon
2535 856 2551 880 ,
2607 828 2664 874 ut
2715 829 2772 875 et
2819 836 2997 877 canon
3041 825 3412 891 dnodecimus,

1849 907 2088 962 ostendit
2117 909 2430 978 episcOpum
2467 923 2494 962 a
2525 913 2730 981 synodo
2756 912 3063 981 depositum
3094 931 3255 984 posse
3290 932 3414 986 pre-

1851 1010 2065 1061 vocare,
2104 1006 2158 1050 et
2187 997 2509 1051 sententiam
2543 1009 2730 1052 contra
2775 1014 2834 1054 se
2869 1001 3068 1069 latam,
3127 1003 3172 1057 si
3217 1001 3415 1071 injuste

1848 1085 1985 1140 facta
2025 1085 2146 1151 fuit,
2178 1086 2246 1139 ab
2277 1087 2447 1140 altera
2485 1086 2676 1155 majori
2723 1088 3012 1143 emendare
3041 1090 3272 1158 synodo,
3311 1088 3414 1143 nisi

1847 1176 2068 1230 forsitan
2113 1179 2398 1246 episc0pus
2443 1180 2535 1246 qui
2587 1180 2876 1245 deponitur
2911 1195 3007 1248 per
3045 1180 3411 1249 arrogantiam

1847 1281 2000 1322 suam
2035 1280 2162 1323 ante
2204 1271 2487 1324 sententiae
2526 1280 2713 1324 contra
2753 1285 2809 1325 se
2855 1271 2977 1326 latae
3014 1274 3409 1328 correctionem

1845 1374 1998 1414 sacra
2034 1362 2214 1415 facere
2247 1377 2410 1416 ausus
2439 1361 2624 1418 fuerit.
2667 1361 2822 1418 Tunc
2865 1364 3008 1418 enim
3069 1378 3246 1431 neque
3286 1363 3410 1419 licet

1845 1453 2047 1522 injuste
2073 1467 2131 1505 se
2161 1453 2352 1521 deponi
2394 1454 2547 1532 dicit,
2586 1455 2984 1509 restitutionem
3021 1454 3273 1519 habebit,
3311 1469 3410 1510 nec

1844 1544 2094 1600 secundze
2124 1543 2384 1614 apologia:
2399 1543 2603 1625 locum.
2630 1546 2699 1599 At
2722 1547 2964 1601 decimus
2991 1547 3218 1616 quintus
3250 1547 3410 1615 hujus

1843 1637 2032 1704 synodi
2055 1650 2229 1690 canon
2259 1637 2370 1700 ait,
2403 1650 2524 1690 eum
2559 1636 2652 1704 qui
2679 1637 2747 1690 ab
2771 1637 3022 1690 omnibus
3058 1638 3111 1691 in
3134 1637 3409 1704 provincia
3509 1647 3512 1649 λ

1844 1727 2118 1798 episcopis
2167 1729 2455 1798 deponitur
2507 1738 2690 1796 postea
2737 1731 3032 1798 provocare
3077 1743 3182 1784 non
3225 1743 3408 1797 posse,

1841 1819 1936 1873 sed
1965 1820 2282 1873 sententiam
2303 1829 2493 1874 contra
2513 1835 2634 1876 eum
2654 1821 2813 1875 latam
2843 1821 3052 1874 firmam
3079 1835 3318 1875 manere.
3341 1821 3410 1874 At

171 1902 354 1954 αὑτοῦ
381 1905 658 1971 ἀπόφασιν
687 1905 870 1974 μένειν
901 1906 1145 1975 βεϐαίαν.
1198 1908 1256 1960 '0
1281 1896 1336 1960 δὲ
1377 1909 1475 1977 τῆς
1505 1909 1562 1961 ὲν
1596 1911 1733 1979 Σαρ·

1852 1910 2030 1976 synodi
2072 1908 2421 1968 Sardicensis,
2455 1919 2684 1978 quartus
2743 1918 2794 1963 et
2839 1911 3065 1978 quintus
3108 1925 3282 1963 canon
3345 1909 3412 1963 li-

168 1991 297 2062 δικῇ
337 1994 556 2046 συνόδου
599 1996 860 2065 τέταρτος
907 1999 1002 2063 καὶ
1034 1999 1279 2067 πέμπτος
1338 2000 1522 2051 κανὼν
1554 2000 1739 2053 ἄδειαν

125 2119 132 2124 ς
170 2082 360 2135 δίδωσι
398 2085 477 2155 τῷ
510 2085 615 2152 ὑπὸ
657 2086 878 2140 πάντων
905 2087 1013 2140 τῶν
1039 2089 1400 2159 ὲπαρχιωτῶν
1425 2093 1740 2146 ἐπισκόπων

171 2172 558 2242 καθαιρεθέντι
618 2177 907 2245 ἑπισκόπῳ
937 2177 1312 2241 ἐκκαλεῖσθαι,
1361 2181 1454 2233 καὶ
1506 2180 1611 2232 ὑπὸ
1647 2181 1738 2233 τὸν

172 2263 591 2333 μακαριώτατον
610 2266 704 2336 τῆς
743 2265 1030 2338 Ῥωμαίων
1077 2269 1405 2339 Ἐκκλησίας
1436 2271 1737 2324 έπίσκοπον

170 2356 542 2424 καταφεύγειν
608 2359 704 2412 καὶ
758 2361 895 2430 μηδὲ
944 2363 1023 2425 είς
1065 2363 1165 2431 τὴν
1207 2364 1516 2433 ἐπισκοπὴν
1568 2363 1736 2416 αὑτοῦ

168 2445 506 2516 ψηφίζεσθαι
559 2448 771 2520 ἕτερον,
829 2451 1024 2522 μέχρις
1072 2452 1140 2505 ἀν
1193 2453 1222 2504 ό
1283 2455 1382 2524 τῆς
1447 2452 1736 2522 Ῥωμαίων

171 2537 471 2601 ἐπίσκοπος
515 2539 583 2592 τὰ
617 2539 714 2609 τῆς
757 2542 1083 2608 ἀποφάσεως
1111 2543 1362 2613 ἐξετάσῃ,
1398 2545 1490 2596 καὶ
1526 2543 1735 2597 τελείαν

172 2630 474 2698 ποιήσηται
512 2630 612 2701 τὴν
643 2632 934 2700 διάγνωσιν
952 2650 966 2664 ο
995 2634 1089 2687 καὶ
1116 2633 1266 2687 ἐστιν
1313 2636 1346 2704 ή
1371 2635 1564 2706 γνώμη
1595 2635 1733 2705 αὕτη

167 2719 487 2792 δικαιοτέρα
515 2723 614 2775 καὶ
647 2723 1154 2800 φιλανθρωποτέρα,
1200 2726 1296 2780 καὶ
1323 2725 1610 2796 κρατοῦσα
1640 2726 1735 2779 καὶ

168 2829 288 2866 νυν.

767 2907 1009 2962 ΚΑΝΩΝ
1061 2909 1137 2963 E’.

173 3013 198 3050 ε
246 2996 312 3048 El’
336 3013 420 3058 τις
462 2995 832 3068 πρεσϐύτερος
889 2999 921 3069 ἢ
981 2998 1249 3064 διάκονος,
1308 3016 1730 3070 καταφρονήσας

241 3106 262 3139 ι
306 3088 404 3142 τοῦ
436 3082 738 3152 ἕπισκόπου
769 3089 863 3142 τοῦ
897 3090 1052 3155 ἰδίου,
1091 3089 1367 3160 ἀφώρισεν
1398 3092 1591 3146 ἑαυτὸν
1631 3083 1733 3162 τῆς

245 3197 265 3230 ε
321 3178 672 3249 Ἐκκλησίας,
704 3180 798 3232 καὶ
832 3179 937 3250 ἰδίᾳ
977 3181 1278 3250 συνήγαγε,
1312 3183 1408 3234 καὶ
1439 3182 1735 3253 θυσιαστήο

245 3287 267 3321 ε
317 3286 430 3338 ριον
483 3267 670 3341 ἔπηξε,
715 3267 808 3319 καὶ
851 3269 944 3320 τοῦ
995 3270 1295 3322 ἐπισκόπου
1349 3271 1731 3338 προσκαλεσα-

234 3378 256 3410 ε
307 3361 471 3429 μένου
503 3358 777 3427 ἀπειθοίη,
810 3360 904 3411 καί
948 3357 1024 3429 μὴ
1075 3357 1319 3427 βούλοιτο
1348 3358 1504 3428 αὐτῷ
1544 3359 1733 3411 πείθεο

239 3469 262 3503 ε
312 3453 455 3515 σθαι,
501 3445 636 3520 μηδὲ
682 3449 948 3502 ὑπακούοι
971 3449 1066 3502 καὶ
1094 3450 1309 3520 πρῶτον
1343 3451 1437 3504 καὶ
1481 3450 1737 3520 δεύτερον

246 3561 265 3596 ι
306 3541 584 3605 καλοῦντι,
635 3541 824 3595 τοῦτον
872 3541 1258 3610 καθαιρεῖσθαι
1301 3541 1606 3611 παντελῶς,
1638 3544 1733 3598 καὶ

241 3653 268 3687 1
318 3635 512 3704 μηκέτι
562 3631 861 3702 θεραπείας
907 3634 1220 3701 τυγχάνειν,
1282 3634 1420 3702 μήτε
1468 3633 1734 3688 δύνασθαι

239 3746 266 3779 1
308 3727 604 3796 λαμϐάνειν
641 3727 739 3795 τὴν
791 3724 984 3777 ἑαυτοῦ
1013 3725 1205 3793 τιμήν.
1240 3724 1302 3777 Ei
1330 3725 1387 3777 δὲ
1417 3725 1731 3792 παραμένοι

237 3836 260 3871 ε
302 3817 547 3888 θορυϐῶν
567 3816 660 3869 καὶ
680 3814 996 3868 ἀηστατῶν
1012 3817 1112 3884 τὴν
1153 3813 1503 3884 Ἐκκλησίαν,
1524 3814 1620 3868 διὰ·
1633 3814 1732 3879 τῆς

242 3930 262 3961 ε
309 3908 508 3973 ἐξωθεν
555 3908 802 3974 ἄξουσίας
847 3906 923 3968 ὡς
971 3906 1242 3975 στασιώδη
1271 3907 1436 3962 αὑτὸν
1475 3907 1732 3976 ἐπιστρέ-

235 4020 255 4053 ε
301 3999 572 4067 φεσθαι.»

243 4081 450 4145 ΒΔΔΣ.
486 4091 564 4144 Τά
597 4089 734 4143 αὐτὰ
771 4090 850 4161 τῷ
878 4088 1226 4159 ἀποστολικῷ
1249 4088 1327 4142 λα’
1361 4089 1542 4142 κανόνι
1568 4089 1662 4142 καὶ
1702 4091 1731 4141 ό

171 4183 368 4254 παρὼν
422 4181 608 4237 κανὼν
649 4181 977 4252 διορίζεταιο
1010 4181 1108 4233 καὶ
1144 4180 1378 4252 ἀρκοῦσι
1425 4182 1498 4236 τά
1545 4180 1730 4232 ἐκεῖσε

165 4275 476 4345 γραφέντα.
521 4271 856 4342 Προστίθησι
887 4271 944 4324 δὲ
974 4270 1102 4333 τοὺς
1132 4268 1495 4339 θορυϐοῦντας
1525 4269 1620 4322 καὶ
1647 4268 1729 4338 μὴ

163 4367 508 4436 ἐμμένοντας
559 4367 625 4434 τῇ
661 4364 778 4416 κατ’
830 4363 1012 4438 αὐτῶν
1033 4363 1333 4430 ἀποφάσει,
1362 4360 1576 4414 ivssu!
1593 4359 1730 4412 πάν-

164 4477 277 4520 τως
335 4457 493 4529 οὖσῃ,
559 4456 708 4525 παρά
764 4453 862 4521 τῆς
915 4451 1242 4521 ἀρχοντικῆς
1293 4449 1539 4513 ἔξουσίας
1600 4464 1728 4500 παι-

1841 2000 2073 2055 centiam
2105 2001 2371 2054 dederunt
2395 2000 2647 2069 episcopo
2683 1999 2772 2068 qui
2807 1998 2874 2054 ab
2899 1999 3152 2054 omnibus
3188 1999 3404 2068 provin-

1842 2093 2070 2148 cialibus
2107 2094 2393 2162 deponitur
2420 2093 2694 2168 episc0pis
2743 2106 3062 2160 provocare,
3106 2103 3163 2146 et
3189 2094 3255 2146 ad
3283 2091 3408 2146 bea-

1844 2184 2108 2236 tissimum
2139 2183 2392 2236 Ecclesia:
2434 2181 2693 2236 Romana!
2728 2184 3043 2251 episcopum
3089 2185 3404 2251 cOnfugere,

1843 2290 1942 2328 nec
1967 2279 2019 2327 in
2049 2276 2420 2344 episcopatum
2450 2273 2566 2343 ejus
2596 2274 2762 2328 alium
2793 2275 2928 2343 elegi
2958 2279 3272 2345 priusquam
3297 2274 3408 2329 Ro-

1841 2380 2122 2419 manorum
2176 2367 2460 2435 episcopus
2488 2367 2813 2419 sententiam
2881 2366 3298 2430 examinaverit,
3354 2375 3408 2421 et

1839 2459 2115 2512 decretum
2151 2458 2592 2523 confirmaverit;
2628 2467 2682 2511 et
2723 2456 2838 2511 haec
2880 2455 3097 2527 quidem
3137 2456 3404 2511 sententia

1834 2549 2031 2615 justior
2108 2556 2165 2600 et
2236 2547 2520 2600 humanior
2567 2557 2689 2609 est,
2737 2553 2793 2600 et
2839 2559 2984 2600 nunc
3043 2545 3212 2600 etiam
3264 2544 3404 2598 obti—

1839 2647 1944 2692 net.

2324 2903 2488 2975 1,36
2520 2901 2747 2958 canon
2789 2902 2856 2957 v.

1846 3013 1864 3044 ι
1895 2994 1950 3050 Si
1977 2994 2094 3063 quis
2117 3005 2413 3064 presnyter,
2440 2996 2519 3049 vel
2539 2995 2821 3060 diaconus,
2850 2992 3403 3063 proprio'contemplo

1914 3105 1932 3138 ι
1973 3088 2250 3155 episcopo,
2285 3087 2352 3139 ab
2382 3086 2621 3140 Ecclesia
2652 3086 2888 3154 seipsnm
2919 3084 3282 3155 segregaverit
3307 3125 3321 3150 ,
3351 3091 3406 3138 et

1918 3199 1934 3229 ι
1980 3179 2228 3248 privatim
2281 3179 2756 3248 congregationem
2802 3177 3080 3243 eil'ecerit,
3123 3187 3178 3232 et
3233 3177 3406 3230 altare

1917 3289 1936 3321 ι
1982 3271 2180 3336 ﬁxerit,
2220 3278 2275 3324 et
2306 3273 2560 3339 episcopo
2600 3281 2913 3325 accersente
2955 3286 3059 3323 non
3093 3269 3356 3323 obedierit
3385 3303 3403 3332 ,

1909 3377 1926 3409 ι
1973 3373 2070 3411 nec
2102 3357 2233 3410 velit
2259 3359 2306 3411 ci
2329 3373 2548 3426 parere,
2594 3374 2690 3412 nec
2725 3374 2926 3412 morem
2953 3358 3187 3427 gesserit
3228 3353 3405 3423 primo

1915 3469 1933 3502 ι
1970 3460 2022 3504 ει
2051 3452 2290 3505 secundo
2330 3452 2580 3515 vocanti;
2646 3452 2692 3505 is
2731 3452 2954 3504 omnino
2994 3446 3305 3518 deponitur,
3352 3463 3405 3506 et

1909 3559 1932 3592 ε
1973 3556 2079 3594 non
2125 3541 2356 3608 amplius
2399 3541 2742 3594 curationem
2797 3541 3058 3610 assequi,
3105 3555 3210 3596 nec
3248 3558 3404 3596 suum
3447 3610 3451 3617 ~

1907 3652 1926 3684 ε
1966 3633 2136 3701 possit
2175 3632 2455 3686 honorem.
2484 3647 2702 3702 capere.
2759 3632 2817 3688 Si
2866 3642 3046 3688 autem
3093 3645 3407 3702 perseveret

1913 3739 1931 3772 ε
1971 3722 2163 3777 turbas
2199 3728 2255 3775 ει
2292 3723 2614 3778 seditionem
2652 3723 2706 3777 in
2746 3723 2989 3778 Ecclesia
3032 3725 3326 3787 concitare,
3347 3725 3404 3780 is

1909 3830 1927 3863 ε
1967 3826 2062 3882 per
2107 3820 2386 3866 externam
2408 3811 2708 3879 potentiam
2745 3822 2804 3866 ut
2836 3813 3129 3868 seditiosus
3171 3815 3402 3882 castige—

1911 3924 1931 3958 ε
1967 3916 2072 3961 tur.

1898 4085 2099 4143 BALS.
2151 4087 2357 4142 Eadem
2403 4101 2533 4141 cum
2590 4099 2800 4142 canone
2857 4090 3156 4156 apostolico
3197 4092 3258 4146 5|
3313 4094 3425 4148 liic‘

1838 4193 2076 4249 praesens
2107 4193 2277 4233 caiion
2307 4177 2582 4242 decernit;
2611 4185 2663 4230 et
2698 4175 3107 4246 suﬂiciuntquze
3128 4180 3238 4236 illic
3267 4183 3404 4237 scri-

1832 4281 1924 4339 pta
1952 4281 2102 4325 sunt.
2134 4268 2335 4337 Adjicit
2357 4278 2559 4333 autem,
2591 4277 2650 4324 ut
2680 4278 2736 4324 et
2763 4269 2856 4339 qui
2901 4271 3088 4325 turbas
3132 4272 3398 4341 excitant,

1831 4371 1886 4415 et
1927 4361 2501 4428 sententi-emovemus
2539 4377 2635 4417 eos
2667 4362 2823 4426 latae,
2855 4378 2976 4432 qua
3019 4363 3236 4433 quidem
3274 4383 3399 4433 per—

1831 4452 1971 4507 fecta
2027 4460 2134 4516 est,
2192 4466 2299 4505 non
2346 4461 2517 4516 stant,
2551 4468 2645 4522 per
2691 4454 2927 4508 civilium
2978 4457 3395 4524 magistratuum

163 4549 437 4603 δεύεσθαι.
461 4549 618 4600 Ὥστε
634 4545 932 4616 σημείωσαι
954 4543 1062 4596 ἀπὸ
1081 4542 1173 4595 τοῦ
1197 4542 1460 4612 παρόντος
1481 4539 1722 4604 κανόνος,

1852 4553 2150 4598 intestatum
2197 4542 2556 4612 corrigantur.
2614 4542 2802 4609 Quare
2849 4553 2975 4599 nota
3018 4560 3085 4602 ex
3149 4552 3396 4616 praesenti

161 4642 360 4708 ὥσπερ
405 4641 499 4691 καὶ
540 4638 648 4690 ἀπὸ
675 4637 768 4693 τοῦ
801 4637 844 4689 θ’
885 4635 1106 4696 κανόνος
1131 4634 1228 4703 τῆς
1260 4637 1318 4688 ὲν
1348 4631 1425 4701 τῷ
1464 4631 1578 4699 ναῷ
1615 4632 1723 4683 τῶν

157 4731 380 4797 ’Ἁγίων
415 4728 748 4781 ’Δποστόλων
772 4726 1042 4795 συστάσης
1068 4724 1309 4786 συνόδου,
1332 4723 1416 4775 ὅτι
1438 4723 1720 4792 έπιτιμᾷν,

160 4826 228 4878 οὐ
285 4821 388 4892 μὴν
444 4817 754 4888 βασανίζειν
803 4819 854 4870 oi
911 4817 1200 4871 ὲπίσκοποι
1250 4813 1374 4875 τοὺς
1429 4813 1723 4875 πταίοντας

151 4916 463 4986 ὀφείλουσι.
492 4911 588 4981 Μὴ
619 4911 976 4979 πειθομένους
1026 4909 1134 4977 γάρ
1176 4905 1566 4974 παραδώσουσι
1610 4908 1721 4968 τοῖς

157 5011 420 5078 ᾰρχουσι.
438 5004 602 5071 Ζήτει
636 5004 733 5069 τῆς
756 5003 813 5054 εν
849 5002 1180 5073 Καρθαγένῃ
1208 4998 1428 5051 συνόδου
1453 4997 1648 5051 κανόνα
1667 4998 1722 5063 ι’,

159 5099 386 5154 συνόδου
434 5093 486 5159 ς’
539 5094 741 5146 κανόνα
766 5091 869 5156 λα’,
919 5093 1013 5145 καὶ
1057 5088 1272 5144 συνόδου
1323 5094 1372 5141 α’
1403 5087 1500 5140 καὶ
1530 5087 1574 5156 β’
1619 5105 1724 5141 κα·

158 5193 295 5246 νόνα
331 5190 418 5259 ιβ’,
455 5186 546 5256 ιγ,
576 5183 641 5237 ιδ’
671 5183 761 5237 καὶ
793 5188 872 5238 ιε’.
907 5184 1188 5254 Σκόπησον
1235 5175 1327 5233 οὖν
1373 5180 1570 5250 μήπως
1613 5181 1724 5234 ἀπὸ

157 5281 264 5337 τοῦ
293 5283 563 5352 παρόντος
593 5277 814 5340 κανόνος
857 5277 950 5328 καὶ
993 5276 1044 5327 οἱ
1091 5276 1178 5328 διά
1207 5272 1657 5341 πλαττογραφίαν
1690 5272 1722 5341 ἢ

158 5372 497 5428 καθοσίωσιν
552 5373 583 5441 ή
620 5367 921 5438 ἱεροσυλίαν
949 5365 983 5434 ἢ
1030 5366 1362 5435 δογματικὴν
1393 5364 1650 5418 ὑπόθεσιν
1687 5365 1721 5435 ἢ

157 5464 335 5532 ἀλλην
363 5459 618 5530 τοιαύτην
642 5458 823 5512 αἰτίαν
871 5456 992 5509 τινὰ
1034 5457 1480 5528 καθαιρούμενα,
1520 5456 1612 5508 καὶ
1647 5457 1722 5526 μὴ

158 5553 483 5621 πειθόμενοι
519 5548 805 5620 ίξαγορίαν
857 5544 1102 5615 καθαρὰν
1147 5549 1395 5614 ποιῆσαι,
1447 5546 1540 5597 καὶ
1591 5547 1723 5617 ’περὶ¹

158 5645 276 5700 τῶν
304 5641 634 5711 συνιστόρων
664 5639 1016 5708 ὁμολογῆσαι,
1066 5637 1447 5705 βασανίζονται
1478 5636 1581 5688 ὑπὸ
1613 5638 1721 5690 τῶν

163 5733 473 5794 πολιτικῶν
519 5730 817 5801 ἀρχόντων.
841 5743 844 5746 ’
868 5727 1099 5799 Εῐδομεν
1127 5729 1237 5796 γὰρ
1267 5726 1538 5797 διαφόρως
1563 5727 1720 5783 τοῦτο

157 5837 478 5906 γενόμενον.

1831 4650 2039 4690 canone
2068 4637 2207 4689 sicut
2234 4635 2398 4689 etiam
2429 4649 2494 4688 ex
2533 4649 2744 4689 canone
2769 4635 2807 4690 9
2834 4637 3026 4707 synodi
3059 4651 3178 4708 qua
3213 4640 3397 4696 babita

1830 4737 1912 4783 est
1964 4730 2016 4782 in
2077 4729 2193 4782 ede
2250 4725 2666 4795 Apostolorum,
2720 4731 2861 4797 quod
2913 4730 3142 4784 multare
3195 4731 3394 4787 debent

1832 4821 2068 4890 episcopi
2097 4821 2474 4890 delinquentes
2496 4860 2509 4884 ,
2545 4834 2650 4872 non
2682 4830 2859 4873 autem
2893 4835 2990 4874 eos
3031 4829 3308 4890 torquere.
3340 4825 3398 4879 Si

1830 4913 1975 4968 enim
2003 4925 2112 4966 non
2144 4919 2390 4980 pareant,
2423 4911 2642 4966 tradent
2680 4909 2930 4964 civilibus
2962 4912 3392 4980 magistratibus.

1834 4999 1977 5068 Lege
2001 5009 2054 5054 et
2078 4997 2526 5070 Cantiagincnais
2556 5000 2740 5069 synodi
2769 5013 3033 5054 calicum
3065 5001 3153 5068 lO,
3201 4997 3393 5077 synodi

1832 5100 2000 5146 sexta:
2023 5106 2288 5146 canonem
2325 5091 2388 5146 δι
2416 5099 2470 5145 et
2496 5090 2685 5159 synodi
2716 5093 2905 5160 prima:
2933 5101 2989 5146 et
3017 5099 3267 5151 secunda:
3299 5112 3393 5151 ca-

1830 5195 2000 5235 nones
2049 5181 2136 5248 li,
2179 5182 2266 5247 15,
2314 5183 2382 5235 Η
2410 5189 2464 5234 ει
2494 5180 2581 5233 15.
2620 5179 2916 5235 Considera
2943 5195 3094 5254 ergo,
3128 5188 3390 5253 numquid

1831 5276 1997 5328 etiam
2041 5289 2105 5328 ex
2137 5273 2387 5342 praesenti
2431 5286 2636 5326 canone
2674 5274 2739 5338 2,
2785 5273 2874 5341 qui
2906 5285 3129 5346 propter
3154 5277 3272 5330 falsi
3309 5279 3392 5330 νει

1832 5364 1970 5418 Ιαρεε
2019 5364 2312 5432 majestatis
2349 5361 2429 5414 vel
2474 5362 2741 5433 sacrilegii
2776 5365 3002 5431 crimen,
3046 5365 3127 5424 vel
3166 5381 3387 5420 causam

1830 5457 1898 5508 ad
1954 5455 2226 5525 religionis
2282 5455 2500 5508 decreta
2552 5456 2959 5522 pertinentem,
3011 5457 3092 5510 vel
3147 5456 3383 5525 aliquam

1829 5547 2090 5613 ejusmodi
2123 5561 2369 5607 causam,
2397 5549 2768 5612 deponuntur,
2800 5563 2897 5603 nec
2929 5558 3060 5616 pn're
3102 5549 3282 5621 eloqui
3327 5567 3390 5607 ac

1830 5637 2071 5709 proferre
2102 5647 2154 5690 et
2184 5639 2249 5690 de
2299 5640 2529 5693 consciis
2575 5639 2733 5695 fateri
2761 5638 3174 5710 persuadeatur,
3202 5656 3229 5694 a
3260 5645 3391 5698 civi-

1831 5732 1970 5784 libus
2030 5729 2431 5798 magistratibus
2490 5731 2665 5801 pmnis
2725 5729 3108 5800 subjiciuntur.
3175 5731 3389 5789 Scimus

1829 5825 1969 5879 enim
2010 5823 2106 5876 lioc
2134 5824 2278 5878 varie
2312 5823 2445 5878 lteri.
