3974 6346
127 477 275 543 1301

1212 491 1294 550 ΙΝ
1339 490 1505 552 CAN.
1551 490 1604 550 Χ
1641 489 1853 553 CONC.
1903 495 1961 555 ΙΙ
2009 496 2367 558 ANTIOCII.

3274 493 3409 561 i302

113 591 184 640 ἐν
216 590 391 645 ᾶπασι
423 596 726 663 συμφωνεῖ.
764 596 994 671 Ὥστε-ἃ
1026 597 1084 652 ἐν
1133 601 1330 673 ἐκείνῳ
1362 605 1582 676 εῖρηται
1615 604 1710 658 καὶ

1852 611 2094 677 ongruit.
2149 611 2225 665 Ex
2270 613 2338 666 iis
2369 626 2497 680 ergo
2536 625 2655 680 quae
2715 611 2788 667 ibi
2844 613 2986 669 dicta
3039 622 3184 680 sunt,
3234 614 3397 681 huju‘s

109 681 219 735 τὸν
245 682 441 737 τούτου
477 685 604 740 νσῦν
635 690 946 760 παριστῶσι
987 691 1065 762 τῷ
1102 693 1441 766 βουλομένῳ.

110 859 343 917 ΑΡΙΣΤ.
396 881 417 915 ι
465 864 572 918 Τοῦ
623 869 1024 937 μητροπολίτου
1063 871 1166 942 τῆς
1198 871 1429 944 γνώμης
1464 875 1711 946 ἀναρτᾶ-

199 970 220 1006 ι
267 953 395 1008 σθαι
442 957 572 1021 τοὺς
617 959 980 1028 ἐπισκόπους,
1011 963 1108 1016 καὶ
1165 964 1239 1033 μή
1270 982 1322 1017 τι
1374 969 1475 1036 τῆς
1529 967 1713 1022 αὐτῶν

204 1063 226 1096 ε
271 1047 534 1117 προνοίας
567 1051 880 1122 οἰκονομεῖν
915 1054 1064 1123 δίχα,
1112 1055 1144 1124 ἢ
1203 1053 1366 1124 μόνον
1401 1058 1472 1111 τὰ
1499 1061 1565 1129 τῇ
1601 1037 1729 1133 ἰδία.

199 1153 219 1188 ι
265 1138 457 1211 ἐνορία
486 1147 906 1213 προσπίπτοντα
937 1148 1034 1200 καὶ
1058 1151 1408 1218 χειροθεσίας
1446 1151 1713 1223 ἀνεπιλή-

197 1246 217 1281 ι
261 1246 418 1296 πτοις
443 1234 706 1305 ἀνδράσιν
734 1237 1034 1300 ἐπιτελεῖν.
1079 1262 1100 1297 ι

192 1323 281 1375 Τὰ
315 1326 458 1378 αύτά
479 1327 556 1398 τῷ
578 1330 892 1403 τριακοστῷ
915 1336 1169 1406 τετάρτῳ
1186 1337 1377 1390 κανόνι
1397 1337 1510 1391 τῶν
1540 1329 1714 1407 ἀγίων

109 1415 445 1472 ἀποστόλων
478 1422 576 1476 καὶ
612 1424 640 1475 ό
681 1424 863 1480 κανὼν
895 1420 1054 1492 οὗτος
1082 1429 1355 1498 διδάσκει,
1413 1431 1490 1485 τὰ
1525 1432 1713 1502 ἐπιγι-

108 1508 357 1564 νώσκειν
410 1513 539 1577 τοὺς
589 1515 926 1583 ἐπισκόπους
993 1521 1234 1592 ἐκάστης
1292 1524 1568 1596 ἐπαρχίας
1623 1524 1718 1578 τὸν

108 1599 318 1653 ἐαυτοῦ
350 1604 587 1674 πρῶτον,
637 1609 728 1662 καὶ
758 1609 888 1664 ἄνευ
919 1612 1146 1684 γνώμης
1201 1614 1368 1669 αὑτοῦ
1407 1616 1546 1688 μήτε
1597 1615 1721 1669 ἐπι-

110 1692 365 1757 σκόπους
437 1696 796 1767 ψηφίζεσθαι,
855 1704 1118 1774 μήτειτι
1185 1705 1374 1778 ἕτερον
1457 1708 1720 1778 περιττὸν

107 1781 389 1849 πράττειν
432 1786 540 1839 τῶν
589 1789 770 1842 ἐκεῖσε
849 1793 983 1862 παρ’
1025 1791 1185 1863 ήμῶν
1249 1795 1584 1868 εἰρημένων,
1669 1795 1719 1849 εἶ

112 1873 263 1940 μόνα
312 1874 376 1927 τὰ
405 1876 766 1934 ἐπιϐάλλοντα
828 1885 896 1953 τῇ
952 1885 1186 1940 ἑκάστου
1245 1886 1553 1959 παροικίαο
1620 1888 1719 1941 καὶ

107 1968 453 2035 χειροτονεῖν
523 1970 920 2044 πρεσϐύτερον,
966 1975 1062 2029 καὶ
1128 1977 1402 2043 διάκονον,
1463 1979 1560 2032 καὶ
1619 1980 1718 2034 ὅσα

104 2054 334 2121 τούτοις
361 2058 653 2117 ἀκόλουθα.

737 2155 886 2211 ΚΔΝ
895 2157 987 2212 ΩΝ
1035 2160 1093 2216 l’.

116 2252 138 2286 ι
193 2236 341 2302 Τοὺς
369 2240 428 2294 ἐν
455 2243 580 2306 ταῖς
628 2241 849 2314 κώμαις
885 2246 918 2317 ἢ
954 2250 1076 2312 ταῖς
1124 2247 1355 2322 χώραις,
1389 2251 1426 2323 ἢ
1452 2255 1579 2318 τοὺς
1611 2272 1715 2309 καο

197 2344 222 2379 ε
262 2327 559 2400 λουμένους
601 2337 1082 2408 χωρεπισκόπους,
1115 2341 1163 2393 εί
1206 2344 1300 2396 καὶ
1349 2345 1703 2413 χειροθεσίαν

203 2437 226 2473 ι
267 2417 380 2474 εἷεν
413 2425 714 2480 ἐπισκόπου
763 2428 1072 2499 εἰληφότες,
1102 2432 1250 2499 ἔδοξε
1294 2437 1362 2506 τῇ
1412 2436 1544 2507 ἁγίᾳ
1589 2455 1716 2490 συν-

198 2531 223 2566 ε
265 2513 372 2584 όδφ
421 2513 622 2570 εἰδέναι
671 2518 742 2572 τὰ
811 2521 1026 2580 ἑαυτῶν
1085 2523 1304 2594 μέτρα,
1342 2526 1436 2578 καὶ
1485 2527 1716 2581 διοικεῖν

201 2621 223 2656 ι
263 2604 363 2667 τὰς
407 2597 773 2678 ὑποκειμένας
839 2611 1032 2675 αὐτοῖς
1093 2614 1428 2686 ἐκκλησίας,
1495 2619 1591 2672 καὶ
1651 2621 1717 2689 τῇ

159 2759 162 2761 λ
203 2712 224 2747 ι
263 2697 470 2750 τούτων
496 2699 784 2770 ἀρκεῖσθαι
817 2703 1058 2773 φροντίδι
1089 2707 1185 2759 καὶ
1222 2707 1541 2780 κηδεμονίᾳ,
1579 2712 1713 2764 καθ-

204 2803 225 2837 ι
269 2787 423 2857 ιστᾷν
471 2787 529 2841 δέ
577 2791 938 2859 ἀναγνώστας
1002 2795 1098 2848 καλ⁸
1172 2796 1567 2864 ὑποδιακόνους
1623 2801 1720 2854 καὶ

205 2894 227 2929 ι
272 2878 626 2948 ἐφορκιστάς,
656 2883 751 2935 καὶ
777 2887 842 2954 τῇ
874 2883 1084 2940 τούτων
1120 2888 1413 2956 ἀρκεῖσθαι
1459 2908 1716 2960 προαγω-

202 2985 225 3020 ε
270 2972 367 3041 γῇ,
404 2971 546 3039 μήτε
589 2972 651 3025 δὲ
701 2974 1085 3043 πρεσϐύτερον
1122 2980 1264 3048 μήτε
1306 2980 1557 3034 διάκονον
1600 3001 1717 3050 χει-

206 3077 228 3111 σ
268 3062 510 3130 ροτονεῖν
537 3063 744 3133 τολμᾷν
784 3064 910 3135 δίχα
952 3066 1048 3118 τοῦ
1101 3070 1159 3121 ἐν
1189 3071 1256 3139 τῇ
1305 3072 1459 3123 πόλει
1491 3073 1720 3125 ἐπισκό-

205 3169 230 3203 ι
274 3169 404 3215 που,
501 3154 822 3209 ὑπόκεινται
849 3157 1014 3222 αὑτός
1055 3176 1113 3212 τε
1152 3163 1247 3214 καὶ
1275 3163 1306 3232 ἡ
1337 3161 1515 3234 χώρα.
1563 3165 1627 3218 El
1657 3165 1714 3218 δέ

209 3261 230 3294 ι
272 3243 682 3339 τολμησειέᾲτις
726 3249 1045 3339 παραϐῆναι
1074 3253 1141 3306 τὰ
1171 3254 1484 3325 ὁρισθέντα,
1516 3257 1715 3310 καθαι-
1742 3275 1788 3339 C

210 3351 233 3386 ι
277 3335 490 3404 ρεῖσθαι
535 3337 702 3415 αὑτὸν
750 3340 845 3391 καὶ
877 3335 946 3411 ἦς
980 3344 1199 3413 μετέχει
1227 3345 1394 3414 τιμῆς
1418 3362 1432 3377 ο
1469 3349 1717 3417 χωρεπί-

211 3441 232 3478 ι
279 3441 483 3478 σκοπον
529 3426 588 3480 δέ
643 3427 894 3496 γίνεσθαι
947 3429 1053 3484 ὑπὸ
1103 3433 1198 3484 τοῦ
1222 3432 1324 3501 τῆς
1379 3435 1621 3500 πόλεως,

211 3533 234 3566 ι
283 3515 586 3580 ὑπόκειται,
613 3519 940 3576 ἐπισκόπου.
983 3538 1001 3573 ι

213 3607 412 3662 ΒᾹΔΣ.
467 3609 870 3681 Κεκωλυμένον
927 3613 1034 3666 ὑπὸ
1093 3594 1202 3668 τῶν
1261 3615 1510 3668 κανόνων
1570 3618 1718 3671 ἐστὶν

127 3698 475 3763 ἐπισκόπους
509 3701 757 3768 γίνεσθαι
788 3704 867 3766 είς
927 3703 1191 3774 βραχείας
1232 3707 1420 3772 πόλεις
1468 3708 1563 3761 καὶ
1607 3708 1719 3762 κώ-

130 3805 243 3858 μας
269 3805 286 3820 ο
319 3790 411 3841 καὶ
434 3789 523 3842 διὰ
545 3789 704 3842 τοῦτο
736 3791 1107 3860 ἐχειροτόνουν
1130 3797 1210 3858 είς
1241 3797 1449 3859 ταύτας
1477 3801 1719 3870 πρεσϐυ-

126 3879 352 3950 τέρους,
394 3880 564 3951 ἤγουν
613 3883 1062 3951 πρωτοπαπάδας
1109 3885 1207 3938 καὶ
1243 3891 1719 3957 χωρεπισκόπους.

141 3968 302 4021 Ἐπεὶ
335 3967 391 4020 δέ
420 3985 563 4032 τινες
584 3968 693 4022 τῶν
725 3971 1169 4041 χωρεπισκόπων
1198 3974 1524 4044 ἐπεχείρουν
1556 3979 1723 4048 ἱερεῖς

130 4062 487 4133 χειροτονεῖν,
540 4061 636 4113 καὶ
703 4060 874 4132 ἶτερά
947 4079 1070 4116 τινα
1135 4064 1478 4119 ἐπισκοπικα
1530 4066 1718 4122 δίκαια

131 4151 406 4216 ἐνεργεῖν,
465 4150 561 4203 καὶ
632 4151 980 4218 αἰτιώμενοι,
1044 4153 1235 4220 ελεγον
1308 4154 1492 4218 καλῶς
1558 4155 1720 4210 τοῦτο

133 4244 339 4306 ποιεῖν,
382 4240 472 4295 διὰ
541 4241 601 4295 τὸ
669 4241 928 4306 δέξασθαι
979 4244 1324 4312 χειροθεσίαν
1376 4246 1718 4302 ἐπισκόπου·

132 4331 347 4401 ὥρισαν
377 4331 426 4383 oi
456 4330 702 4401 Πατέρες
733 4331 842 4383 ἀπὸ
871 4331 1064 4384 τούτου
1117 4332 1191 4403 μὴ
1243 4333 1579 4404 ὠφελεῖσθαι
1626 4341 1724 4393 αὐ-

131 4421 264 4482 τοὺς
291 4422 370 4483 είς
396 4420 457 4472 τὺ
489 4420 810 4491 παρεξιέναι
852 4420 926 4474 τὰ
959 4422 1068 4475 ἀπὸ
1099 4421 1210 4477 τῶν
1255 4425 1499 4480 κανόνων
1527 4429 1723 4498 ἐπιφι-

133 4509 502 4578 ὶοτιμηθέντα
551 4512 764 4572 τούτοις
808 4511 1129 4580 προνόμια,
1193 4514 1329 4582 μηδὲ
1391 4523 1721 4585 χειροτονεῖν

1815 719 2031 774 quoque
2080 704 2493 774 intelligentiam
2522 707 2702 776 facile,
2734 709 2826 780 qui
2855 708 3109 773 voluerit,
3142 722 3397 778 asseque-

1816 804 1929 851 tur.

1819 886 2050 943 ARIST.
2088 908 2107 943 ι
2153 889 2198 944 Α
2224 890 2581 961 motropolitae
2614 891 2882 946 sententia
2909 892 3148 962 pendere
3191 901 3402 963 oportet

1895 998 1915 1033 ι
1949 981 2259 1052 episcopos,
2294 991 2349 1037 et
2385 983 2521 1038 nihil
2558 985 2697 1038 citra
2730 985 2876 1039 illius
2912 987 3200 1040 consilium
3253 987 3404 1040 insli-

1892 1091 1912 1124 ι
1957 1081 2132 1140 tuere,
2167 1074 2269 1128 nisi
2294 1089 2357 1129 ea
2401 1075 2514 1130 sola
2545 1091 2665 1146 qua:
2701 1077 2768 1130 ad
2814 1093 2967 1132 suam
3016 1078 3278 1147 cujusque
3308 1093 3404 1146 pa-

1888 1180 1908 1214 ι
1947 1165 2173 1218 rmciam
2233 1175 2502 1234 spectant,
2551 1175 2607 1220 et
2665 1167 2798 1220 viris
2851 1167 3264 1236 reprehensioni
3299 1184 3402 1221 non

1889 1273 1908 1307 ι
1943 1256 2198 1312 obnoxiis
2227 1273 2418 1313 manus
2440 1260 2740 1328 imponere.
2779 1279 2797 1310 ι

1892 1343 2094 1400 Eadem
2139 1361 2204 1402 ac
2246 1347 2556 1403 tricesimus
2585 1359 2819 1418 quartus
2849 1357 3165 1405 sanctorum
3197 1352 3406 1413 aposto-

1819 1434 1998 1490 lorum
2034 1450 2210 1492 canon
2257 1438 2422 1492 etiam
2473 1440 2563 1494 hic
2613 1439 2795 1504 docet,
2827 1441 3117 1509 episcopos
3150 1437 3405 1490 nimirum

1820 1525 2253 1596 uniuscujusque
2286 1529 2584 1599 provinciae
2619 1530 2857 1599 primum
2893 1543 3053 1583 suum
3082 1543 3407 1597 cognoscere

1822 1624 1881 1670 et
1921 1616 2042 1672 siue
2071 1618 2189 1683 ejus
2221 1621 2495 1675 sententia
2549 1635 2647 1676 nec
2693 1621 2981 1690 episcopos
3033 1621 3256 1692 eligere,
3311 1636 3411 1675 nec

1824 1707 2027 1777 aliquid
2063 1709 2231 1774 aliud,
2267 1723 2332 1764 ex
2365 1710 2432 1765 iis
2461 1725 2580 1780 qua:
2617 1712 2688 1766 ibi
2719 1712 2998 1773 dicuntur,
3060 1711 3240 1780 magni
3294 1726 3409 1763 mo-

1825 1800 1995 1852 menti
2024 1797 2230 1864 facere,
2267 1803 2362 1856 sed
2394 1816 2458 1855 ea
2492 1803 2606 1856 sola
2652 1817 2774 1870 quae
2806 1802 2871 1854 ad
2904 1801 3166 1870 cujusque
3192 1802 3414 1869 provin-

1825 1890 1966 1964 ciam
1992 1899 2261 1959 spectant,
2285 1902 2339 1947 et
2355 1893 2729 1962 presbyterum
2748 1904 2812 1944 ac
2829 1891 3120 1946 diaconum
3138 1893 3411 1956 ordinare,

1822 1989 1876 2035 et
1903 1995 2243 2052 quascunque
2273 1983 2423 2040 hisce
2448 1992 2574 2039 sunt
2607 1983 2832 2040 similia.

2353 2156 2522 2229 539
2542 2158 2774 2213 CANON
2807 2157 2875 2213 Χ.

1828 2267 1847 2300 ι
1882 2245 1920 2300 li
1944 2246 2037 2317 qui
2062 2257 2192 2302 sunt
2214 2249 2266 2302 in
2289 2248 2426 2303 vicis
2450 2249 2533 2304 vel
2558 2249 2899 2319 regionibus,
2923 2247 3007 2303 vel
3028 2248 3121 2318 qui
3148 2248 3404 2303 dicuntur

1899 2357 1919 2389 ε
1951 2338 2353 2408 cborepiscopi,
2375 2340 2537 2393 etiam
2558 2340 2602 2393 si
2626 2339 2867 2406 episcopi
2896 2353 3157 2391 manuum
3185 2338 3412 2406 imposi-

1903 2446 1922 2480 ι
1960 2430 2163 2484 tionem
2200 2431 2534 2498 acceperint,
2569 2427 2821 2482 visume
2853 2435 2873 2480 t
2923 2437 3130 2481 sanetae
3183 2428 3412 2498 synodo,

1898 2537 1918 2571 ι
1955 2529 2013 2576 ut
2038 2537 2197 2577 suum
2225 2521 2447 2576 modum
2473 2521 2673 2583 sciant,
2702 2525 2758 2573 et
2791 2518 2896 2573 sibi
2929 2519 3207 2586 subjectas
3234 2520 3410 2572 cccle-

1904 2630 1924 2663 ι
1965 2612 2078 2668 sias
2107 2611 2520 2673 administrent,
2554 2625 2858 2676 earumque
2887 2625 3025 2665 cura
3056 2621 3109 2665 et
3141 2611 3404 2665 sollicitu-

1905 2721 1924 2755 ι
1965 2704 2090 2758 diue
2120 2703 2357 2773 gerenda
2383 2706 2628 2757 contenti
2663 2703 2775 2758 sint
2809 2720 2823 2756 :
2860 2705 3200 2758 constituant
3233 2716 3413 2758 autem

1903 2811 1923 2844 ι
1963 2793 2216 2858 lectores,
2252 2793 2658 2864 bypodiaconos
2689 2801 2744 2846 et
2769 2795 3101 2859 exorcistas,
3134 2804 3186 2848 et
3224 2809 3414 2847 eorum

1914 2901 1933 2934 ι
1973 2884 2303 2951 promotioni
2349 2884 2596 2938 sulIicere
2628 2883 2987 2947 existiment;
3032 2885 3415 2954 presbyterum

1906 2993 1926 3026 ι
1993 2991 2125 3030 vero
2179 2984 2273 3028 aut
2325 2975 2617 3030 diaconum
2673 2977 2936 3029 ordinare
2991 2991 3098 3028 non
3157 2976 3415 3036 audeant,

1909 3085 1928 3119 ι
1966 3067 2177 3136 absque
2211 3064 2366 3120 urbis
2395 3067 2676 3136 episcopo,
2728 3067 2817 3120 cui
2870 3067 3164 3134 subjicitur
3207 3069 3320 3136 ipse
3357 3077 3410 3122 et

1915 3177 1936 3212 ι
1983 3160 2152 3231 regio.
2192 3157 2248 3213 Si
2291 3159 2416 3228 quis
2467 3169 2647 3212 autem
2675 3161 2772 3219 'ea,
2825 3173 2945 3227 qua:
2989 3159 3211 3212 deﬁnita
3261 3169 3409 3223 sunt,

1904 3268 1922 3302 ι
1958 3249 2268 3320 transgredi
2306 3249 2522 3314 audeat,
2571 3249 2690 3318 ipse
2719 3263 2940 3318 quoque
2988 3250 3217 3312 honore,
3249 3265 3408 3318 quem

1908 3361 1929 3396 ι
1971 3344 2157 3407 habet,
2190 3344 2436 3413 privetur
2471 3361 2486 3396 :
2520 3343 2618 3395 liat
2640 3349 2823 3396 autem
2868 3341 3306 3412 chorcpiscopus
3343 3347 3410 3394 ab

1910 3451 1930 3483 ι
1964 3435 2228 3503 episcopo
2257 3434 2522 3499 civitatis,
2562 3434 2650 3486 cui
2679 3432 2996 3501 subjicitur.
3033 3451 3051 3484 ι

1889 3608 2084 3663 BALS.
2123 3609 2470 3665 Probibitum
2503 3621 2588 3666 est
2623 3625 2650 3662 a
2676 3609 3001 3674 canonibus,
3039 3626 3106 3663 ne
3147 3611 3196 3663 in
3229 3612 3414 3679 parvis

1824 3703 2052 3758 urbibus
2079 3713 2131 3758 et
2164 3704 2297 3758 vicis
2323 3705 2453 3756 {iant
2498 3704 2741 3772 episcOpi
2783 3719 2799 3770 ;
2837 3711 2891 3757 et
2945 3712 3234 3771 propterea
3291 3719 3419 3772 prc-

1824 3795 2078 3865 sbyteros
2109 3795 2164 3849 iu
2195 3795 2276 3848 eis
2315 3795 2672 3858 ordinabant,
2709 3809 2804 3847 seu
2837 3801 3168 3863 protupapas
3195 3802 3248 3846 et
3282 3795 3418 3846 clm-

1824 3886 2177 3955 repiscopos.
2239 3885 2379 3951 Quia
2445 3893 2626 3940 autem
2697 3885 2945 3940 nonnulli
3020 3885 3402 3952 clmrepiscopi

1822 3975 2173 4028 conabantur
2217 3975 2476 4028 ordinare
2520 3975 2863 4039 sacerdotes,
2897 3984 2952 4028 et
3005 3974 3109 4027 alia
3167 3977 3415 4043 quaedam

1819 4067 1945 4136 jura
1976 4066 2311 4135 episcopalia
2343 4079 2641 4128 exercere;
2674 4073 2728 4119 et
2773 4067 3026 4119 accusati
3070 4065 3324 4118 dicebant
3356 4082 3414 4119 se

1824 4158 1930 4211 hoc
1961 4163 2110 4209 recte
2140 4153 2341 4217 facere,
2370 4156 2784 4224 quod-epiSCOpi
2821 4170 3082 4207 manuum
3114 4155 3419 4222 impositio-

1825 4260 1950 4299 nem
1979 4243 2330 4313 accepissent
2364 4259 2378 4296 :
2415 4251 2732 4298 statuerunt
2765 4246 2954 4298 Patres
2983 4260 3079 4299 eos
3111 4261 3216 4298 non
3253 4260 3317 4298 ex
3351 4260 3414 4296 eo

1825 4334 2099 4405 adjuvari,
2131 4345 2192 4389 ut
2232 4334 2548 4405 privilegia,
2582 4347 2704 4403 qua:
2736 4333 2844 4388 illis
2885 4348 2914 4386 a
2953 4337 3262 4389 canonibus
3291 4351 3417 4389 con-

1824 4441 1981 4483 cessa
2003 4437 2154 4494 sunt,
2176 4427 2674 4497 transgrediantur,
2703 4441 2805 4479 nec
2826 4426 3085 4480 ordinent
3127 4426 3416 4481 diaconum

1827 4514 1909 4566 vel
1934 4514 2316 4582 presbyterum
2358 4513 2478 4567 sine
2510 4513 2796 4582 episcopo,
2827 4497 2922 4567 sed
2962 4514 3112 4568 stilos
3155 4515 3416 4574 lectores.

133 4601 389 4653 διάκονον
414 4599 448 4667 ἢ
481 4599 856 4669 πρεσϐύτερον
906 4601 1028 4668 δίχα
1064 4601 1159 4654 τοῦ
1218 4603 1549 4670 ἐπισκόπου,
1579 4608 1714 4664 ἀλλὰ

1851 4604 2198 4659 ιυὺιιίεοοιιοε
2223 4611 2276 4658 et
2304 4603 2636 4668 exorcistas,
2678 4605 2795 4660 slve
2829 4606 3185 4669 catecbistas,
3232 4616 3285 4659 et
3327 4609 3414 4658 ῐιιΙσ

141 4689 339 4758 μόνους
369 4689 750 4758 ἀναγνώστας,
781 4691 1176 4756 ὑποδιακόνους
1217 4694 1314 4746 καὶ
1357 4695 1719 4771 ἐφορκιστὰς,

138 4785 261 4850 ἦτοι
292 4784 628 4852 κατηχητὰς,
664 4783 888 4836 διοικεῖν
918 4801 977 4836 τε
1008 4786 1100 4836 καὶ
1127 4785 1195 4838 τὰ
1227 4786 1564 4843 ἀνατεθέντα
1593 4795 1724 4846 τού-

139 4891 256 4936 τοις
291 4872 722 4941 ἐκκλησιαστικά
756 4874 1085 4944 πράγματα,
1119 4875 1152 4944 ἦ
1211 4877 1319 4946 μὴν
1350 4879 1416 4930 ἐκ
1463 4884 1719 4952 παραϐαά

142 4967 265 5028 σίας
287 4964 397 5017 τῶν
431 4965 809 5034 διορισθέντων
831 4965 1153 5019 ὑποκεῖσθαι
1186 4968 1508 5037 καθαιρέσει
1533 4979 1627 5026 καὶ
1653 4971 1724 5045 ἦς

147 5058 416 5128 μετέσχον
444 5058 630 5125 τιμῆς.
664 5057 830 5110 Ἐπεὶ
856 5059 913 5111 δέ
943 5074 1093 5120 τινες
1121 5057 1454 5122 ἐσπούδαζον
1481 5062 1542 5129 ἐξ
1565 5059 1721 5117 ma.

144 5147 358 5212 ζονείας
406 5147 750 5218 χειροθεσίαν
782 5149 1209 5219 χωρεπισκόπου
1244 5147 1433 5201 λαϐεῖν
1481 5153 1590 5205 ἀπὸ
1620 5171 1725 5225 μη-

145 5235 470 5308 τροπολίτου
515 5237 944 5308 ⁴ιὶπατριὰρχου,
981 5241 1057 5311 μὴ
1109 5239 1572 5309 ἐπιστρεφόμενοι
1618 5244 1729 5297 τῶν

145 5328 434 5397 ἐγχωρίων
504 5328 858 5394 ἐπισκόπων,
915 5329 1164 5399 ἐκωλύθη
1226 5332 1322 5382 καὶ
1373 5332 1573 5385 τοῦτο·
1633 5335 1728 5386 καὶ

149 5419 364 5489 ὡρίσθη
393 5419 524 5489 παρ’
552 5420 721 5472 αὑτοῦ
770 5421 1076 5474 ἐπισκόπου
1108 5421 1208 5491 τῆς
1236 5420 1447 5482 πόλεως
1474 5423 1726 5489 γίνεσθαι

146 5513 242 5564 τὸν
270 5513 703 5581 χωρεπίσκοπον,
727 5511 816 5564 ἵνα
845 5513 1134 5566 ὑπόκειται
1159 5511 1333 5580 αύτῷ,
1365 5514 1459 5564 καὶ
1492 5515 1569 5583 μὴ
1617 5533 1719 5568 κα-

150 5605 396 5672 ταφρονῇ
424 5606 636 5666 τούτου,
663 5603 738 5664 ώς
789 5602 866 5672 μὴ
908 5603 1200 5663 δεδωκότος
1235 5603 1384 5672 αύτῷ
1413 5603 1512 5671 τὴν
1544 5621 1727 5674 χειρο-

152 5693 338 5747 θεσίαν
362 5696 458 5746 τοῦ
474 5695 802 5766 ἀξιώματος.
825 5695 1018 5758 Καλῶς
1042 5697 1101 5749 δέ
1132 5695 1261 5763 περὶ
1289 5697 1727 5764 χωρεπισκόπων

157 5784 319 5852 μόνον
346 5787 685 5855 πεποιήκασι
715 5785 807 5838 τὸν
839 5785 1053 5838 ἅπαντα
1100 5786 1258 5854 λόγον
1289 5785 1336 5836 οἱ
1369 5783 1633 5852 Πατέρες,
1665 5785 1725 5836 ού

157 5873 266 5944 μὴν
297 5873 390 5929 καὶ
420 5877 544 5944 περὶ
577 5877 987 5950 πρεσϐυτέρων.
1025 5876 1160 5930 Οὖδέ
1196 5875 1300 5946 γὰρ
1327 5868 1396 5944 ἦν
1426 5874 1724 5944 aggrediar

1829 4696 2146 4751 ministrent
2191 4710 2281 4750 res
2311 4695 2742 4761 ecclesiasticas,
2791 4712 2912 4763 quae
2941 4707 3070 4749 sunt
3104 4697 3214 4751 illis
3261 4701 3415 4751 attri-

1828 4787 2005 4851 butze;
2036 4788 2242 4857 alioqui
2289 4797 2513 4858 propter
2550 4801 2765 4849 eorum,
2818 4802 2943 4856 qua:
2990 4789 3214 4842 delinita
3268 4802 3414 4848 sunt,

1828 4877 2325 4945 transgressionem
2365 4873 2692 4941 depositioni
2729 4873 3118 4943 subjiciantur,
3149 4885 3202 4929 et
3243 4890 3270 4925 τι
3316 4894 3414 4929 snu

1828 4960 2040 5014 honore
2069 4960 2348 5013 excidant.
2391 4958 2529 5025 Quia
2579 4971 2762 5016 autem
2815 4962 3064 5014 nonnulli
3117 4968 3409 5018 (ωιιοιιάυο

1827 5051 1985 5115 bant,
2041 5058 2268 5120 propter
2318 5054 2716 5122 arrogantiam,
2767 5067 2797 5104 a
2853 5054 3274 5120 ηιειι-ομοιὶιιιηο
3333 5057 3410 5109 vel

1826 5144 1993 5200 etiam
2027 5145 2354 5213 jpatri-arcba
2403 5144 2780 5213 cborepiscopi
2824 5144 3223 5200 ordinationem
3268 5148 3408 5199 acci-

1828 5250 1980 5306 pere,
2007 5237 2395 5306 episcoporum
2427 5235 2665 5305 regionis
2690 5234 2896 5288 nullam
2919 5249 3110 5289 curam
3130 5247 3406 5306 gerentes;

1829 5326 1934 5380 hoc
1969 5340 2189 5396 quoque
2235 5325 2573 5396 prohibitum
2612 5332 2697 5378 est
2731 5339 2746 5378 :
2779 5333 2832 5378 et
2862 5325 3178 5381 ordinatum
3212 5325 3279 5377 ab
3320 5341 3405 5377 ur-

1829 5415 2198 5487 bis_episcopo
2221 5415 2336 5468 fieri
2371 5414 2857 5486 cborepiscopum,
2886 5428 2944 5472 ut
2973 5419 3022 5472 ei
3051 5416 3404 5484 subjiciatur;

1830 5523 1930 5564 nec
1965 5524 2088 5564 eum
2125 5515 2461 5570 contemnat,
2501 5518 2560 5560 ut
2603 5509 2700 5576 qui
2739 5507 2794 5563 ei
2836 5509 3116 5579 dignitatis
3158 5509 3402 5562 ordinem

1830 5616 1940 5655 non
1986 5599 2218 5655 dederit.
2264 5596 2432 5654 Recte
2474 5607 2656 5652 autem
2703 5600 2770 5655 de
2825 5601 2959 5656 solis
2999 5583 3401 5670 chorcpiscopis

1830 5693 1996 5746 verba
2022 5705 2237 5755 semper
2271 5689 2514 5745 fecerunt
2551 5689 2766 5756 Patres,
2813 5707 2920 5744 non
2965 5691 3128 5743 etiam
3169 5692 3234 5745 de
3287 5709 3400 5757 pre-

1829 5783 2086 5852 sbyteris.
2117 5781 2305 5852 Neque
2345 5785 2490 5836 enim
2536 5795 2653 5837 erat
2697 5785 2764 5838 de
2811 5785 2878 5836 iis
2915 5784 3161 5848 dubium,
3209 5795 3265 5838 ut
3315 5806 3400 5854 ιμιι

1833 5875 2037 5931 nullum
2074 5874 2278 5928 aditum
2316 5875 2657 5944 accepissent
2690 5875 2754 5928 ad
2785 5874 3186 5933 ordinati-metu
3241 5878 3399 5930 ullam
