  <div class='ocr_page' id='page_1' title='image "/cluster/home/n/w/nwhite01/storage/ocr_20150623/137/pst.000005714537/708.png"; bbox 0 0 3974 6346; ppageno 0'>
   <div class='ocr_carea' id='block_1_1' title="bbox 94 434 223 500">
    <p class='ocr_par' dir='ltr' id='par_1_1' title="bbox 94 434 223 500">
     <span class='ocr_line' id='line_1_1' title="bbox 94 434 223 500; baseline -0.016 0"><span class='ocrx_word' id='word_1_1' title='bbox 94 434 223 500; x_wconf 77' lang='grc'><strong>1305</strong></span> 
     </span>
    </p>
   </div>
   <div class='ocr_carea' id='block_1_2' title="bbox 158 645 1662 724">
    <p class='ocr_par' dir='ltr' id='par_1_2' title="bbox 158 645 1662 724">
     <span class='ocr_line' id='line_1_2' title="bbox 158 645 1662 724; baseline 0.007 -28"><span class='ocrx_word' id='word_1_2' title='bbox 158 663 178 696; x_wconf 81' lang='grc' dir='ltr'><strong>ι</strong></span> <span class='ocrx_word' id='word_1_3' title='bbox 221 645 460 716; x_wconf 79' lang='grc' dir='ltr'>ἐπαρχίᾳ</span> <span class='ocrx_word' id='word_1_4' title='bbox 485 647 823 713; x_wconf 86' lang='grc' dir='ltr'>ἐπισκόπων,</span> <span class='ocrx_word' id='word_1_5' title='bbox 857 649 953 703; x_wconf 72' lang='grc' dir='ltr'><strong>καὶ</strong></span> <span class='ocrx_word' id='word_1_6' title='bbox 982 650 1220 719; x_wconf 84' lang='grc' dir='ltr'>μάλιστα</span> <span class='ocrx_word' id='word_1_7' title='bbox 1251 652 1360 704; x_wconf 83' lang='grc' dir='ltr'><strong>τῶν</strong></span> <span class='ocrx_word' id='word_1_8' title='bbox 1388 656 1532 708; x_wconf 84' lang='grc' dir='ltr'><strong>κατά</strong></span> <span class='ocrx_word' id='word_1_9' title='bbox 1559 654 1662 724; x_wconf 80' lang='grc' dir='ltr'><strong>τὴν</strong></span> 
     </span>
    </p>
   </div>
   <div class='ocr_carea' id='block_1_3' title="bbox 154 737 1661 816">
    <p class='ocr_par' dir='ltr' id='par_1_3' title="bbox 154 737 1661 816">
     <span class='ocr_line' id='line_1_3' title="bbox 154 737 1661 816; baseline 0.009 -29"><span class='ocrx_word' id='word_1_10' title='bbox 154 753 173 786; x_wconf 82' lang='grc' dir='ltr'><strong>ι</strong></span> <span class='ocrx_word' id='word_1_11' title='bbox 228 737 585 806; x_wconf 85' lang='grc' dir='ltr'>μητρόπολιν,</span> <span class='ocrx_word' id='word_1_12' title='bbox 612 740 872 811; x_wconf 81' lang='grc' dir='ltr'>ὁρμήσειε</span> <span class='ocrx_word' id='word_1_13' title='bbox 920 743 1056 813; x_wconf 75' lang='grc' dir='ltr'>πρὸς</span> <span class='ocrx_word' id='word_1_14' title='bbox 1100 743 1326 813; x_wconf 76' lang='grc' dir='ltr'>βασιλέα</span> <span class='ocrx_word' id='word_1_15' title='bbox 1376 747 1661 816; x_wconf 82' lang='grc' dir='ltr'><strong>ἀπελθεῖν,</strong></span> 
     </span>
    </p>
   </div>
   <div class='ocr_carea' id='block_1_4' title="bbox 152 817 1664 910">
    <p class='ocr_par' dir='ltr' id='par_1_4' title="bbox 152 817 1664 910">
     <span class='ocr_line' id='line_1_4' title="bbox 152 817 1664 910; baseline 0.009 -30"><span class='ocrx_word' id='word_1_16' title='bbox 152 845 172 880; x_wconf 77' lang='grc' dir='ltr'><strong>ι</strong></span> <span class='ocrx_word' id='word_1_17' title='bbox 221 829 410 882; x_wconf 81' lang='grc' dir='ltr'>τοῦτον</span> <span class='ocrx_word' id='word_1_18' title='bbox 458 832 971 904; x_wconf 74' lang='grc' dir='ltr'><strong>ἀποκηρύττεσθαι,</strong></span> <span class='ocrx_word' id='word_1_19' title='bbox 999 817 1116 890; x_wconf 42' lang='grc' dir='ltr'>’καὶ</span> <span class='ocrx_word' id='word_1_20' title='bbox 1161 839 1472 910; x_wconf 77' lang='grc' dir='ltr'>ἀπόϐλητον</span> <span class='ocrx_word' id='word_1_21' title='bbox 1517 841 1664 908; x_wconf 79' lang='grc' dir='ltr'>γίνε-</span> 
     </span>
    </p>
   </div>
   <div class='ocr_carea' id='block_1_5' title="bbox 151 921 1664 1002">
    <p class='ocr_par' dir='ltr' id='par_1_5' title="bbox 151 921 1664 1002">
     <span class='ocr_line' id='line_1_5' title="bbox 151 921 1664 1002; baseline 0.011 -31"><span class='ocrx_word' id='word_1_22' title='bbox 151 941 168 971; x_wconf 86' lang='grc' dir='ltr'><strong>ι</strong></span> <span class='ocrx_word' id='word_1_23' title='bbox 217 921 343 974; x_wconf 77' lang='grc' dir='ltr'>σθαι</span> <span class='ocrx_word' id='word_1_24' title='bbox 402 923 460 975; x_wconf 84' lang='grc' dir='ltr'><strong>ού</strong></span> <span class='ocrx_word' id='word_1_25' title='bbox 509 925 673 992; x_wconf 82' lang='grc' dir='ltr'>μόνον</span> <span class='ocrx_word' id='word_1_26' title='bbox 719 927 817 994; x_wconf 79' lang='grc' dir='ltr'>τῆς</span> <span class='ocrx_word' id='word_1_27' title='bbox 865 930 1185 996; x_wconf 78' lang='grc' dir='ltr'><strong>κοινωνίας,</strong></span> <span class='ocrx_word' id='word_1_28' title='bbox 1240 931 1376 986; x_wconf 84' lang='grc' dir='ltr'><strong>ἀλλὰ</strong></span> <span class='ocrx_word' id='word_1_29' title='bbox 1424 933 1520 986; x_wconf 72' lang='grc' dir='ltr'><strong>καὶ</strong></span> <span class='ocrx_word' id='word_1_30' title='bbox 1562 933 1664 1002; x_wconf 86' lang='grc' dir='ltr'>τῆς</span> 
     </span>
    </p>
   </div>
   <div class='ocr_carea' id='block_1_6' title="bbox 158 1013 1663 1097">
    <p class='ocr_par' dir='ltr' id='par_1_6' title="bbox 158 1013 1663 1097">
     <span class='ocr_line' id='line_1_6' title="bbox 158 1013 1663 1097; baseline 0.009 -30"><span class='ocrx_word' id='word_1_31' title='bbox 158 1033 179 1067; x_wconf 79' lang='grc' dir='ltr'><strong>ι</strong></span> <span class='ocrx_word' id='word_1_32' title='bbox 223 1016 406 1081; x_wconf 82' lang='grc' dir='ltr'>ἀξίας,</span> <span class='ocrx_word' id='word_1_33' title='bbox 431 1013 499 1089; x_wconf 81' lang='grc' dir='ltr'>ἦς</span> <span class='ocrx_word' id='word_1_34' title='bbox 550 1020 795 1090; x_wconf 81' lang='grc' dir='ltr'><strong>μετέχων</strong></span> <span class='ocrx_word' id='word_1_35' title='bbox 846 1023 1125 1092; x_wconf 77' lang='grc' dir='ltr'><strong>τυγχάνει,</strong></span> <span class='ocrx_word' id='word_1_36' title='bbox 1181 1025 1257 1088; x_wconf 86' lang='grc' dir='ltr'>ὼς</span> <span class='ocrx_word' id='word_1_37' title='bbox 1302 1028 1663 1097; x_wconf 79' lang='grc' dir='ltr'><strong>παρενοχλεῖν</strong></span> 
     </span>
    </p>
   </div>
   <div class='ocr_carea' id='block_1_7' title="bbox 159 1110 1667 1189">
    <p class='ocr_par' dir='ltr' id='par_1_7' title="bbox 159 1110 1667 1189">
     <span class='ocr_line' id='line_1_7' title="bbox 159 1110 1667 1189; baseline 0.01 -30"><span class='ocrx_word' id='word_1_38' title='bbox 159 1127 179 1159; x_wconf 80' lang='grc' dir='ltr'><strong>ι</strong></span> <span class='ocrx_word' id='word_1_39' title='bbox 223 1110 516 1176; x_wconf 80' lang='grc' dir='ltr'><strong>τολμῶντα</strong></span> <span class='ocrx_word' id='word_1_40' title='bbox 576 1112 673 1173; x_wconf 89' lang='grc' dir='ltr'><strong>τάς</strong></span> <span class='ocrx_word' id='word_1_41' title='bbox 751 1114 844 1166; x_wconf 77' lang='grc' dir='ltr'><strong>τοῦ</strong></span> <span class='ocrx_word' id='word_1_42' title='bbox 911 1115 1325 1189; x_wconf 62' lang='grc' dir='ltr'>θεοριλεστάτου</span> <span class='ocrx_word' id='word_1_43' title='bbox 1397 1120 1667 1189; x_wconf 80' lang='grc' dir='ltr'>βασιλέως</span> 
     </span>
    </p>
   </div>
   <div class='ocr_carea' id='block_1_8' title="bbox 162 1188 1664 1281">
    <p class='ocr_par' dir='ltr' id='par_1_8' title="bbox 162 1188 1664 1281">
     <span class='ocr_line' id='line_1_8' title="bbox 162 1188 1664 1281; baseline 0.01 -28"><span class='ocrx_word' id='word_1_44' title='bbox 162 1192 181 1253; x_wconf 69' lang='grc' dir='ltr'><strong>ὲ</strong></span> <span class='ocrx_word' id='word_1_45' title='bbox 231 1202 390 1272; x_wconf 82' lang='grc' dir='ltr'>ἡμῶν</span> <span class='ocrx_word' id='word_1_46' title='bbox 419 1203 588 1266; x_wconf 73' lang='grc' dir='ltr'>ἀκοὰς</span> <span class='ocrx_word' id='word_1_47' title='bbox 629 1209 776 1274; x_wconf 75' lang='grc' dir='ltr'>παρὰ</span> <span class='ocrx_word' id='word_1_48' title='bbox 811 1207 903 1258; x_wconf 73' lang='grc' dir='ltr'><strong>τὸν</strong></span> <span class='ocrx_word' id='word_1_49' title='bbox 935 1206 1135 1275; x_wconf 65' lang='grc' dir='ltr'>θεσιιλν</span> <span class='ocrx_word' id='word_1_50' title='bbox 1158 1188 1276 1279; x_wconf 29' lang='grc' dir='ltr'>’τῆς</span> <span class='ocrx_word' id='word_1_51' title='bbox 1309 1188 1664 1281; x_wconf 64' lang='grc' dir='ltr'>Ἐκ·ιλησεας.</span> 
     </span>
    </p>
   </div>
   <div class='ocr_carea' id='block_1_9' title="bbox 159 1291 1668 1370">
    <p class='ocr_par' dir='ltr' id='par_1_9' title="bbox 159 1291 1668 1370">
     <span class='ocr_line' id='line_1_9' title="bbox 159 1291 1668 1370; baseline 0.009 -27"><span class='ocrx_word' id='word_1_52' title='bbox 159 1310 179 1343; x_wconf 75' lang='grc' dir='ltr'><strong>ι</strong></span> <span class='ocrx_word' id='word_1_53' title='bbox 227 1291 293 1345; x_wconf 81' lang='lat' dir='ltr'><strong>Ei</strong></span> <span class='ocrx_word' id='word_1_54' title='bbox 335 1292 393 1346; x_wconf 79' lang='grc' dir='ltr'><strong>δὲ</strong></span> <span class='ocrx_word' id='word_1_55' title='bbox 452 1295 727 1362; x_wconf 88' lang='grc' dir='ltr'>ἀναγκαία</span> <span class='ocrx_word' id='word_1_56' title='bbox 806 1297 971 1369; x_wconf 79' lang='grc' dir='ltr'>;αλοίη</span> <span class='ocrx_word' id='word_1_57' title='bbox 1024 1302 1144 1368; x_wconf 74' lang='grc' dir='ltr'>χρεὶ</span> <span class='ocrx_word' id='word_1_58' title='bbox 1245 1302 1384 1370; x_wconf 79' lang='grc' dir='ltr'>πρὸς</span> <span class='ocrx_word' id='word_1_59' title='bbox 1439 1303 1668 1369; x_wconf 47' lang='grc' dir='ltr'>,λασιλέα</span> 
     </span>
    </p>
   </div>
   <div class='ocr_carea' id='block_1_10' title="bbox 159 1383 1667 1463">
    <p class='ocr_par' dir='ltr' id='par_1_10' title="bbox 159 1383 1667 1463">
     <span class='ocr_line' id='line_1_10' title="bbox 159 1383 1667 1463; baseline 0.01 -27"><span class='ocrx_word' id='word_1_60' title='bbox 159 1403 178 1436; x_wconf 79' lang='grc' dir='ltr'><strong>ι</strong></span> <span class='ocrx_word' id='word_1_61' title='bbox 220 1383 426 1455; x_wconf 78' lang='grc' dir='ltr'>όρμᾷν,</span> <span class='ocrx_word' id='word_1_62' title='bbox 454 1386 613 1439; x_wconf 83' lang='grc' dir='ltr'>τοῦτο</span> <span class='ocrx_word' id='word_1_63' title='bbox 631 1387 782 1458; x_wconf 76' lang='grc' dir='ltr'>’πράτ</span> <span class='ocrx_word' id='word_1_64' title='bbox 807 1407 908 1442; x_wconf 75' lang='grc' dir='ltr'>τειν</span> <span class='ocrx_word' id='word_1_65' title='bbox 937 1392 1077 1459; x_wconf 84' lang='grc' dir='ltr'><strong>μετά</strong></span> <span class='ocrx_word' id='word_1_66' title='bbox 1116 1412 1151 1442; x_wconf 70' lang='grc' dir='ltr'>ι·</span> <span class='ocrx_word' id='word_1_67' title='bbox 1186 1393 1353 1462; x_wconf 39' lang='lat' dir='ltr'><strong>idem;</strong></span> <span class='ocrx_word' id='word_1_68' title='bbox 1395 1397 1489 1447; x_wconf 61' lang='grc' dir='ltr'><strong>καὶ</strong></span> <span class='ocrx_word' id='word_1_69' title='bbox 1526 1397 1667 1463; x_wconf 85' lang='grc' dir='ltr'>γνώ-</span> 
     </span>
    </p>
   </div>
   <div class='ocr_carea' id='block_1_11' title="bbox 161 1479 1670 1558">
    <p class='ocr_par' dir='ltr' id='par_1_11' title="bbox 161 1479 1670 1558">
     <span class='ocr_line' id='line_1_11' title="bbox 161 1479 1670 1558; baseline 0.01 -31"><span class='ocrx_word' id='word_1_70' title='bbox 161 1495 180 1527; x_wconf 84' lang='grc' dir='ltr'><strong>ι</strong></span> <span class='ocrx_word' id='word_1_71' title='bbox 229 1494 339 1547; x_wconf 83' lang='grc' dir='ltr'><strong>μης</strong></span> <span class='ocrx_word' id='word_1_72' title='bbox 389 1479 484 1532; x_wconf 79' lang='grc' dir='ltr'>τοῦ</span> <span class='ocrx_word' id='word_1_73' title='bbox 535 1482 678 1534; x_wconf 86' lang='grc' dir='ltr'><strong>κατά</strong></span> <span class='ocrx_word' id='word_1_74' title='bbox 725 1483 778 1534; x_wconf 68' lang='grc' dir='ltr'>τὲ</span> <span class='ocrx_word' id='word_1_75' title='bbox 809 1501 826 1531; x_wconf 69' lang='grc' dir='ltr'><strong>ι</strong></span> <span class='ocrx_word' id='word_1_76' title='bbox 882 1486 1146 1555; x_wconf 72' lang='grc' dir='ltr'>μητρόποῖ</span> <span class='ocrx_word' id='word_1_77' title='bbox 1194 1505 1221 1538; x_wconf 95' lang='grc' dir='ltr'><strong>ν</strong></span> <span class='ocrx_word' id='word_1_78' title='bbox 1265 1487 1363 1556; x_wconf 85' lang='grc' dir='ltr'>τῆς</span> <span class='ocrx_word' id='word_1_79' title='bbox 1394 1490 1670 1558; x_wconf 72' lang='grc' dir='ltr'><strong>ἐπαρχίας</strong></span> 
     </span>
    </p>
   </div>
   <div class='ocr_carea' id='block_1_12' title="bbox 155 1572 1671 1648">
    <p class='ocr_par' dir='ltr' id='par_1_12' title="bbox 155 1572 1671 1648">
     <span class='ocr_line' id='line_1_12' title="bbox 155 1572 1671 1648; baseline 0.009 -25"><span class='ocrx_word' id='word_1_80' title='bbox 155 1589 175 1623; x_wconf 79' lang='grc' dir='ltr'><strong>ι</strong></span> <span class='ocrx_word' id='word_1_81' title='bbox 217 1572 519 1625; x_wconf 81' lang='grc' dir='ltr'>ἐπισκόπου</span> <span class='ocrx_word' id='word_1_82' title='bbox 574 1575 670 1628; x_wconf 78' lang='grc' dir='ltr'>καὶ</span> <span class='ocrx_word' id='word_1_83' title='bbox 714 1579 822 1628; x_wconf 73' lang='grc' dir='ltr'><strong>τίῖο</strong></span> <span class='ocrx_word' id='word_1_84' title='bbox 864 1580 920 1631; x_wconf 84' lang='grc' dir='ltr'><strong>ἐν</strong></span> <span class='ocrx_word' id='word_1_85' title='bbox 979 1581 1150 1648; x_wconf 68' lang='grc' dir='ltr'>αὐτῇ,</span> <span class='ocrx_word' id='word_1_86' title='bbox 1201 1582 1314 1644; x_wconf 88' lang='grc' dir='ltr'>τοῖς</span> <span class='ocrx_word' id='word_1_87' title='bbox 1359 1599 1419 1634; x_wconf 83' lang='grc' dir='ltr'><strong>τε</strong></span> <span class='ocrx_word' id='word_1_88' title='bbox 1455 1582 1671 1636; x_wconf 84' lang='grc' dir='ltr'>τούτων</span> 
     </span>
    </p>
   </div>
   <div class='ocr_carea' id='block_1_13' title="bbox 160 1664 1050 1736">
    <p class='ocr_par' dir='ltr' id='par_1_13' title="bbox 160 1664 1050 1736">
     <span class='ocr_line' id='line_1_13' title="bbox 160 1664 1050 1736; baseline 0.01 -22"><span class='ocrx_word' id='word_1_89' title='bbox 160 1681 178 1714; x_wconf 81' lang='grc' dir='ltr'><strong>ι</strong></span> <span class='ocrx_word' id='word_1_90' title='bbox 219 1664 549 1735; x_wconf 83' lang='grc' dir='ltr'>γράμμασιν</span> <span class='ocrx_word' id='word_1_91' title='bbox 581 1668 785 1736; x_wconf 84' lang='grc' dir='ltr'>ἐφοδιά</span> <span class='ocrx_word' id='word_1_92' title='bbox 812 1672 984 1725; x_wconf 76' lang='grc' dir='ltr'>εσθαι.</span> <span class='ocrx_word' id='word_1_93' title='bbox 1031 1691 1050 1723; x_wconf 73' lang='grc' dir='ltr'><strong>ι</strong></span> 
     </span>
    </p>
   </div>
   <div class='ocr_carea' id='block_1_14' title="bbox 159 1756 1674 1839">
    <p class='ocr_par' dir='ltr' id='par_1_14' title="bbox 159 1756 1674 1839">
     <span class='ocr_line' id='line_1_14' title="bbox 159 1756 1674 1839; baseline 0.011 -31"><span class='ocrx_word' id='word_1_94' title='bbox 159 1756 360 1813; x_wconf 74' lang='grc' dir='ltr'><strong>ΒΑΛΣ.</strong></span> <span class='ocrx_word' id='word_1_95' title='bbox 402 1759 461 1812; x_wconf 86' lang='lat'><strong>&#39;0</strong></span> <span class='ocrx_word' id='word_1_96' title='bbox 495 1761 685 1830; x_wconf 87' lang='grc' dir='ltr'>παρὼν</span> <span class='ocrx_word' id='word_1_97' title='bbox 716 1781 778 1817; x_wconf 78' lang='grc' dir='ltr'><strong>κα</strong></span> <span class='ocrx_word' id='word_1_98' title='bbox 820 1765 894 1817; x_wconf 88' lang='grc' dir='ltr'>ὼν</span> <span class='ocrx_word' id='word_1_99' title='bbox 924 1766 1148 1836; x_wconf 68' lang='grc' dir='ltr'>ἳιορίζετ</span> <span class='ocrx_word' id='word_1_100' title='bbox 1195 1786 1207 1819; x_wconf 89' lang='grc' dir='ltr'><strong>ι</strong></span> <span class='ocrx_word' id='word_1_101' title='bbox 1235 1768 1309 1838; x_wconf 78' lang='grc' dir='ltr'>μὴ</span> <span class='ocrx_word' id='word_1_102' title='bbox 1353 1766 1535 1839; x_wconf 60' lang='grc' dir='ltr'>μόνον</span> <span class='ocrx_word' id='word_1_103' title='bbox 1564 1772 1674 1838; x_wconf 80' lang='grc' dir='ltr'><strong>ἀφ-</strong></span> 
     </span>
    </p>
   </div>
   <div class='ocr_carea' id='block_1_15' title="bbox 1153 434 2299 510">
    <p class='ocr_par' dir='ltr' id='par_1_15' title="bbox 1153 434 2299 510">
     <span class='ocr_line' id='line_1_15' title="bbox 1153 434 2299 510; baseline 0.007 -10"><span class='ocrx_word' id='word_1_104' title='bbox 1153 436 1234 500; x_wconf 61' lang='lat' dir='ltr'><strong>I‘i</strong></span> <span class='ocrx_word' id='word_1_105' title='bbox 1272 440 1438 501; x_wconf 80' lang='lat' dir='ltr'><strong>CAN.</strong></span> <span class='ocrx_word' id='word_1_106' title='bbox 1481 439 1565 500; x_wconf 81' lang='lat' dir='ltr'><strong>XI</strong></span> <span class='ocrx_word' id='word_1_107' title='bbox 1597 434 1820 501; x_wconf 80' lang='lat' dir='ltr'><strong>CONC.</strong></span> <span class='ocrx_word' id='word_1_108' title='bbox 1853 441 1912 501; x_wconf 88' lang='lat' dir='ltr'><strong>II</strong></span> <span class='ocrx_word' id='word_1_109' title='bbox 1944 442 2299 510; x_wconf 82' lang='lat' dir='ltr'><strong>ANTIOCH.</strong></span> 
     </span>
    </p>
   </div>
   <div class='ocr_carea' id='block_1_16' title="bbox 159 553 1731 633">
    <p class='ocr_par' dir='ltr' id='par_1_16' title="bbox 159 553 1731 633">
     <span class='ocr_line' id='line_1_16' title="bbox 159 553 1731 633; baseline 0.008 -29"><span class='ocrx_word' id='word_1_110' title='bbox 159 574 177 604; x_wconf 84' lang='grc' dir='ltr'><strong>ι</strong></span> <span class='ocrx_word' id='word_1_111' title='bbox 221 554 390 619; x_wconf 80' lang='grc' dir='ltr'>νόνος,</span> <span class='ocrx_word' id='word_1_112' title='bbox 421 554 551 610; x_wconf 75' lang='grc' dir='ltr'>ἄνευ</span> <span class='ocrx_word' id='word_1_113' title='bbox 603 553 828 627; x_wconf 82' lang='grc' dir='ltr'><strong>γνώμης</strong></span> <span class='ocrx_word' id='word_1_114' title='bbox 859 557 951 612; x_wconf 69' lang='grc' dir='ltr'><strong>καὶ</strong></span> <span class='ocrx_word' id='word_1_115' title='bbox 981 560 1329 628; x_wconf 73' lang='grc' dir='ltr'><strong>γραμμάτων</strong></span> <span class='ocrx_word' id='word_1_116' title='bbox 1360 561 1471 615; x_wconf 86' lang='grc' dir='ltr'><strong>τῶν</strong></span> <span class='ocrx_word' id='word_1_117' title='bbox 1499 563 1557 616; x_wconf 79' lang='grc' dir='ltr'><strong>ἐν</strong></span> <span class='ocrx_word' id='word_1_118' title='bbox 1586 565 1653 633; x_wconf 80' lang='grc' dir='ltr'>τῇ</span> <span class='ocrx_word' id='word_1_119' title='bbox 1685 560 1731 615; x_wconf 85' lang='grc' dir='ltr'><strong>Δ</strong></span> 
     </span>
    </p>
   </div>
   <div class='ocr_carea' id='block_1_17' title="bbox 3213 456 3348 520">
    <p class='ocr_par' dir='ltr' id='par_1_17' title="bbox 3213 456 3348 520">
     <span class='ocr_line' id='line_1_17' title="bbox 3213 456 3348 520; baseline -0.03 0"><span class='ocrx_word' id='word_1_120' title='bbox 3213 456 3348 520; x_wconf 82' lang='lat'><strong>1306</strong></span> 
     </span>
    </p>
   </div>
   <div class='ocr_carea' id='block_1_18' title="bbox 1852 566 3344 640">
    <p class='ocr_par' dir='ltr' id='par_1_18' title="bbox 1852 566 3344 640">
     <span class='ocr_line' id='line_1_18' title="bbox 1852 566 3344 640; baseline 0.006 -22"><span class='ocrx_word' id='word_1_121' title='bbox 1852 583 1873 618; x_wconf 79' lang='grc' dir='ltr'><strong>ι</strong></span> <span class='ocrx_word' id='word_1_122' title='bbox 1905 566 2296 622; x_wconf 76' lang='lat' dir='ltr'><strong>ecclesiastica:</strong></span> <span class='ocrx_word' id='word_1_123' title='bbox 2349 567 2548 639; x_wconf 70' lang='lat' dir='ltr'><strong>regula:</strong></span> <span class='ocrx_word' id='word_1_124' title='bbox 2592 569 2897 640; x_wconf 85' lang='lat' dir='ltr'><strong>subjectus,</strong></span> <span class='ocrx_word' id='word_1_125' title='bbox 2947 571 3083 626; x_wconf 89' lang='lat' dir='ltr'><strong>citra</strong></span> <span class='ocrx_word' id='word_1_126' title='bbox 3119 585 3344 628; x_wconf 78' lang='lat' dir='ltr'><strong>senten-</strong></span> 
     </span>
    </p>
   </div>
   <div class='ocr_carea' id='block_1_19' title="bbox 1847 661 3347 732">
    <p class='ocr_par' dir='ltr' id='par_1_19' title="bbox 1847 661 3347 732">
     <span class='ocr_line' id='line_1_19' title="bbox 1847 661 3347 732; baseline 0.005 -20"><span class='ocrx_word' id='word_1_127' title='bbox 1847 678 1868 712; x_wconf 80' lang='grc' dir='ltr'><strong>ι</strong></span> <span class='ocrx_word' id='word_1_128' title='bbox 1907 661 2037 714; x_wconf 88' lang='lat' dir='ltr'><strong>tiam</strong></span> <span class='ocrx_word' id='word_1_129' title='bbox 2070 671 2125 714; x_wconf 82' lang='lat' dir='ltr'><strong>et</strong></span> <span class='ocrx_word' id='word_1_130' title='bbox 2148 661 2359 716; x_wconf 87' lang='lat' dir='ltr'><strong>litteras</strong></span> <span class='ocrx_word' id='word_1_131' title='bbox 2395 665 2782 732; x_wconf 88' lang='lat' dir='ltr'><strong>episcoporum</strong></span> <span class='ocrx_word' id='word_1_132' title='bbox 2818 665 3116 732; x_wconf 84' lang='lat' dir='ltr'><strong>provinciae</strong></span> <span class='ocrx_word' id='word_1_133' title='bbox 3146 673 3200 718; x_wconf 90' lang='lat' dir='ltr'><strong>et</strong></span> <span class='ocrx_word' id='word_1_134' title='bbox 3235 682 3347 719; x_wconf 84' lang='lat' dir='ltr'><strong>ma-</strong></span> 
     </span>
    </p>
   </div>
   <div class='ocr_carea' id='block_1_20' title="bbox 1849 755 3347 825">
    <p class='ocr_par' dir='ltr' id='par_1_20' title="bbox 1849 755 3347 825">
     <span class='ocr_line' id='line_1_20' title="bbox 1849 755 3347 825; baseline 0.005 -21"><span class='ocrx_word' id='word_1_135' title='bbox 1849 770 1867 804; x_wconf 85' lang='grc' dir='ltr'><strong>ι</strong></span> <span class='ocrx_word' id='word_1_136' title='bbox 1900 768 2044 808; x_wconf 75' lang='grc' dir='ltr'>ιιῐιιε</span> <span class='ocrx_word' id='word_1_137' title='bbox 2079 756 2647 823; x_wconf 90' lang='lat' dir='ltr'><strong>metropolitanorum,</strong></span> <span class='ocrx_word' id='word_1_138' title='bbox 2675 755 2741 808; x_wconf 89' lang='lat' dir='ltr'><strong>ad</strong></span> <span class='ocrx_word' id='word_1_139' title='bbox 2766 757 3150 822; x_wconf 72' lang='lat' dir='ltr'><strong>imperatorem</strong></span> <span class='ocrx_word' id='word_1_140' title='bbox 3179 759 3347 825; x_wconf 87' lang='lat' dir='ltr'><strong>proli-</strong></span> 
     </span>
    </p>
   </div>
   <div class='ocr_carea' id='block_1_21' title="bbox 1843 842 3348 924">
    <p class='ocr_par' dir='ltr' id='par_1_21' title="bbox 1843 842 3348 924">
     <span class='ocr_line' id='line_1_21' title="bbox 1843 842 3348 924; baseline 0.007 -32"><span class='ocrx_word' id='word_1_141' title='bbox 1843 859 1861 892; x_wconf 87' lang='grc' dir='ltr'><strong>ι</strong></span> <span class='ocrx_word' id='word_1_142' title='bbox 1894 842 2028 897; x_wconf 89' lang='lat' dir='ltr'><strong>cisci</strong></span> <span class='ocrx_word' id='word_1_143' title='bbox 2063 860 2354 914; x_wconf 82' lang='lat' dir='ltr'><strong>aggressus</strong></span> <span class='ocrx_word' id='word_1_144' title='bbox 2379 844 2541 900; x_wconf 78' lang='lat' dir='ltr'><strong>fuerit</strong></span> <span class='ocrx_word' id='word_1_145' title='bbox 2573 863 2586 898; x_wconf 92' lang='lat'><strong>:</strong></span> <span class='ocrx_word' id='word_1_146' title='bbox 2619 848 2664 900; x_wconf 90' lang='lat' dir='ltr'><strong>is</strong></span> <span class='ocrx_word' id='word_1_147' title='bbox 2693 845 2982 924; x_wconf 48' lang='lat' dir='ltr'><strong>abdicetur</strong></span> <span class='ocrx_word' id='word_1_148' title='bbox 3009 857 3063 902; x_wconf 92' lang='lat' dir='ltr'><strong>et</strong></span> <span class='ocrx_word' id='word_1_149' title='bbox 3093 849 3348 916; x_wconf 82' lang='lat' dir='ltr'><strong>ejiciatur</strong></span> 
     </span>
    </p>
   </div>
   <div class='ocr_carea' id='block_1_22' title="bbox 1855 935 3349 1007">
    <p class='ocr_par' dir='ltr' id='par_1_22' title="bbox 1855 935 3349 1007">
     <span class='ocr_line' id='line_1_22' title="bbox 1855 935 3349 1007; baseline 0.003 -22"><span class='ocrx_word' id='word_1_150' title='bbox 1855 951 1875 984; x_wconf 82' lang='grc' dir='ltr'><strong>ι</strong></span> <span class='ocrx_word' id='word_1_151' title='bbox 1911 949 2017 987; x_wconf 91' lang='lat' dir='ltr'><strong>non</strong></span> <span class='ocrx_word' id='word_1_152' title='bbox 2054 935 2231 988; x_wconf 90' lang='lat' dir='ltr'><strong>solum</strong></span> <span class='ocrx_word' id='word_1_153' title='bbox 2264 952 2293 990; x_wconf 89' lang='lat' dir='ltr'><strong>a</strong></span> <span class='ocrx_word' id='word_1_154' title='bbox 2328 938 2736 1002; x_wconf 86' lang='lat' dir='ltr'><strong>communione,</strong></span> <span class='ocrx_word' id='word_1_155' title='bbox 2770 939 2865 994; x_wconf 86' lang='lat' dir='ltr'><strong>sed</strong></span> <span class='ocrx_word' id='word_1_156' title='bbox 2907 939 3074 992; x_wconf 85' lang='lat' dir='ltr'><strong>etiam</strong></span> <span class='ocrx_word' id='word_1_157' title='bbox 3108 954 3136 990; x_wconf 90' lang='lat' dir='ltr'><strong>a</strong></span> <span class='ocrx_word' id='word_1_158' title='bbox 3170 939 3349 1007; x_wconf 80' lang='lat' dir='ltr'><strong>digni-</strong></span> 
     </span>
    </p>
   </div>
   <div class='ocr_carea' id='block_1_23' title="bbox 1849 1029 3345 1099">
    <p class='ocr_par' dir='ltr' id='par_1_23' title="bbox 1849 1029 3345 1099">
     <span class='ocr_line' id='line_1_23' title="bbox 1849 1029 3345 1099; baseline 0.003 -23"><span class='ocrx_word' id='word_1_159' title='bbox 1849 1042 1869 1076; x_wconf 75' lang='grc' dir='ltr'><strong>ι</strong></span> <span class='ocrx_word' id='word_1_160' title='bbox 1916 1034 2046 1088; x_wconf 83' lang='lat' dir='ltr'><strong>tate,</strong></span> <span class='ocrx_word' id='word_1_161' title='bbox 2070 1029 2230 1095; x_wconf 85' lang='lat' dir='ltr'><strong>cujus</strong></span> <span class='ocrx_word' id='word_1_162' title='bbox 2260 1036 2343 1083; x_wconf 92' lang='lat' dir='ltr'><strong>est</strong></span> <span class='ocrx_word' id='word_1_163' title='bbox 2375 1030 2687 1098; x_wconf 87' lang='lat' dir='ltr'><strong>particeps;</strong></span> <span class='ocrx_word' id='word_1_164' title='bbox 2727 1037 2786 1081; x_wconf 90' lang='lat' dir='ltr'><strong>ut</strong></span> <span class='ocrx_word' id='word_1_165' title='bbox 2816 1029 2908 1097; x_wconf 92' lang='lat' dir='ltr'><strong>qni</strong></span> <span class='ocrx_word' id='word_1_166' title='bbox 2943 1029 3345 1099; x_wconf 73' lang='lat' dir='ltr'><strong>religiOsissimi</strong></span> 
     </span>
    </p>
   </div>
   <div class='ocr_carea' id='block_1_24' title="bbox 1839 1118 3351 1199">
    <p class='ocr_par' dir='ltr' id='par_1_24' title="bbox 1839 1118 3351 1199">
     <span class='ocr_line' id='line_1_24' title="bbox 1839 1118 3351 1199; baseline 0.003 -30"><span class='ocrx_word' id='word_1_167' title='bbox 1839 1137 1870 1199; x_wconf 71' lang='grc' dir='ltr'><strong>⁸ι</strong></span> <span class='ocrx_word' id='word_1_168' title='bbox 1920 1118 2268 1189; x_wconf 84' lang='lat' dir='ltr'><strong>imperatoris</strong></span> <span class='ocrx_word' id='word_1_169' title='bbox 2311 1122 2482 1174; x_wconf 73' lang='lat' dir='ltr'><strong>nosui</strong></span> <span class='ocrx_word' id='word_1_170' title='bbox 2536 1122 2762 1175; x_wconf 88' lang='lat' dir='ltr'><strong>auribus</strong></span> <span class='ocrx_word' id='word_1_171' title='bbox 2808 1121 3112 1175; x_wconf 82' lang='lat' dir='ltr'><strong>molestiam</strong></span> <span class='ocrx_word' id='word_1_172' title='bbox 3159 1120 3351 1174; x_wconf 80' lang='lat' dir='ltr'><strong>all&#39;erre</strong></span> 
     </span>
    </p>
   </div>
   <div class='ocr_carea' id='block_1_25' title="bbox 1854 1211 3355 1281">
    <p class='ocr_par' dir='ltr' id='par_1_25' title="bbox 1854 1211 3355 1281">
     <span class='ocr_line' id='line_1_25' title="bbox 1854 1211 3355 1281; baseline 0.002 -18"><span class='ocrx_word' id='word_1_173' title='bbox 1854 1230 1870 1262; x_wconf 87' lang='grc' dir='ltr'><strong>ι</strong></span> <span class='ocrx_word' id='word_1_174' title='bbox 1905 1211 2103 1265; x_wconf 86' lang='lat' dir='ltr'><strong>audeat</strong></span> <span class='ocrx_word' id='word_1_175' title='bbox 2135 1223 2332 1281; x_wconf 71' lang='lat' dir='ltr'><strong>praeter</strong></span> <span class='ocrx_word' id='word_1_176' title='bbox 2365 1213 2528 1266; x_wconf 89' lang='lat' dir='ltr'><strong>ritum</strong></span> <span class='ocrx_word' id='word_1_177' title='bbox 2557 1212 2833 1266; x_wconf 61' lang='lat' dir='ltr'><strong>Ecclesia}.</strong></span> <span class='ocrx_word' id='word_1_178' title='bbox 2869 1212 2928 1266; x_wconf 91' lang='lat' dir='ltr'><strong>Si</strong></span> <span class='ocrx_word' id='word_1_179' title='bbox 2956 1221 3136 1266; x_wconf 90' lang='lat' dir='ltr'><strong>autem</strong></span> <span class='ocrx_word' id='word_1_180' title='bbox 3168 1228 3355 1266; x_wconf 89' lang='lat' dir='ltr'><strong>neces-</strong></span> 
     </span>
    </p>
   </div>
   <div class='ocr_carea' id='block_1_26' title="bbox 1851 1303 3351 1375">
    <p class='ocr_par' dir='ltr' id='par_1_26' title="bbox 1851 1303 3351 1375">
     <span class='ocr_line' id='line_1_26' title="bbox 1851 1303 3351 1375; baseline -0.001 -19"><span class='ocrx_word' id='word_1_181' title='bbox 1851 1324 1868 1356; x_wconf 88' lang='grc' dir='ltr'><strong>ι</strong></span> <span class='ocrx_word' id='word_1_182' title='bbox 1905 1307 2083 1363; x_wconf 89' lang='lat' dir='ltr'><strong>sarius</strong></span> <span class='ocrx_word' id='word_1_183' title='bbox 2113 1322 2242 1362; x_wconf 88' lang='lat' dir='ltr'><strong>usus</strong></span> <span class='ocrx_word' id='word_1_184' title='bbox 2277 1309 2476 1375; x_wconf 80' lang='lat' dir='ltr'><strong>exigat,</strong></span> <span class='ocrx_word' id='word_1_185' title='bbox 2519 1315 2578 1360; x_wconf 93' lang='lat' dir='ltr'><strong>ut</strong></span> <span class='ocrx_word' id='word_1_186' title='bbox 2604 1303 2671 1357; x_wconf 91' lang='lat' dir='ltr'><strong>ad</strong></span> <span class='ocrx_word' id='word_1_187' title='bbox 2701 1307 3091 1373; x_wconf 85' lang='lat' dir='ltr'><strong>imperatorem</strong></span> <span class='ocrx_word' id='word_1_188' title='bbox 3119 1319 3178 1358; x_wconf 91' lang='lat' dir='ltr'><strong>se</strong></span> <span class='ocrx_word' id='word_1_189' title='bbox 3219 1320 3351 1356; x_wconf 87' lang='lat' dir='ltr'><strong>con-</strong></span> 
     </span>
    </p>
   </div>
   <div class='ocr_carea' id='block_1_27' title="bbox 1856 1398 3352 1468">
    <p class='ocr_par' dir='ltr' id='par_1_27' title="bbox 1856 1398 3352 1468">
     <span class='ocr_line' id='line_1_27' title="bbox 1856 1398 3352 1468; baseline 0 -18"><span class='ocrx_word' id='word_1_190' title='bbox 1856 1417 1874 1450; x_wconf 80' lang='grc' dir='ltr'><strong>ι</strong></span> <span class='ocrx_word' id='word_1_191' title='bbox 1919 1400 2078 1462; x_wconf 82' lang='lat' dir='ltr'><strong>ferat,</strong></span> <span class='ocrx_word' id='word_1_192' title='bbox 2128 1400 2181 1453; x_wconf 93' lang='lat' dir='ltr'><strong>id</strong></span> <span class='ocrx_word' id='word_1_193' title='bbox 2233 1407 2356 1468; x_wconf 78' lang='lat' dir='ltr'><strong>agat</strong></span> <span class='ocrx_word' id='word_1_194' title='bbox 2396 1415 2522 1454; x_wconf 88' lang='lat' dir='ltr'><strong>cum</strong></span> <span class='ocrx_word' id='word_1_195' title='bbox 2553 1398 2949 1452; x_wconf 84' lang='lat' dir='ltr'><strong>deliberatione</strong></span> <span class='ocrx_word' id='word_1_196' title='bbox 2992 1404 3045 1450; x_wconf 87' lang='lat' dir='ltr'><strong>et</strong></span> <span class='ocrx_word' id='word_1_197' title='bbox 3075 1398 3352 1451; x_wconf 84' lang='lat' dir='ltr'><strong>sententia</strong></span> 
     </span>
    </p>
   </div>
   <div class='ocr_carea' id='block_1_28' title="bbox 1866 1487 3352 1562">
    <p class='ocr_par' dir='ltr' id='par_1_28' title="bbox 1866 1487 3352 1562">
     <span class='ocr_line' id='line_1_28' title="bbox 1866 1487 3352 1562; baseline -0.004 -17"><span class='ocrx_word' id='word_1_198' title='bbox 1866 1513 1884 1545; x_wconf 83' lang='grc' dir='ltr'><strong>ι</strong></span> <span class='ocrx_word' id='word_1_199' title='bbox 1929 1494 2330 1560; x_wconf 84' lang='lat' dir='ltr'><strong>metmpolitani</strong></span> <span class='ocrx_word' id='word_1_200' title='bbox 2383 1492 2700 1562; x_wconf 69' lang='lat' dir='ltr'><strong>provinciae,</strong></span> <span class='ocrx_word' id='word_1_201' title='bbox 2734 1501 2786 1543; x_wconf 91' lang='lat' dir='ltr'><strong>et</strong></span> <span class='ocrx_word' id='word_1_202' title='bbox 2830 1490 3213 1558; x_wconf 84' lang='lat' dir='ltr'><strong>episcoporum</strong></span> <span class='ocrx_word' id='word_1_203' title='bbox 3259 1487 3352 1554; x_wconf 89' lang='lat' dir='ltr'><strong>qui</strong></span> 
     </span>
    </p>
   </div>
   <div class='ocr_carea' id='block_1_29' title="bbox 1847 1578 3357 1653">
    <p class='ocr_par' dir='ltr' id='par_1_29' title="bbox 1847 1578 3357 1653">
     <span class='ocr_line' id='line_1_29' title="bbox 1847 1578 3357 1653; baseline -0.005 -15"><span class='ocrx_word' id='word_1_204' title='bbox 1847 1605 1864 1638; x_wconf 84' lang='grc' dir='ltr'><strong>ι</strong></span> <span class='ocrx_word' id='word_1_205' title='bbox 1898 1594 2026 1641; x_wconf 91' lang='lat' dir='ltr'><strong>sunt</strong></span> <span class='ocrx_word' id='word_1_206' title='bbox 2066 1586 2119 1638; x_wconf 90' lang='lat' dir='ltr'><strong>in</strong></span> <span class='ocrx_word' id='word_1_207' title='bbox 2149 1600 2250 1650; x_wconf 86' lang='lat' dir='ltr'><strong>ea;</strong></span> <span class='ocrx_word' id='word_1_208' title='bbox 2300 1599 2604 1653; x_wconf 86' lang='lat' dir='ltr'><strong>eorumque</strong></span> <span class='ocrx_word' id='word_1_209' title='bbox 2630 1584 2832 1638; x_wconf 86' lang='lat' dir='ltr'><strong>litteris</strong></span> <span class='ocrx_word' id='word_1_210' title='bbox 2861 1582 3110 1636; x_wconf 88' lang='lat' dir='ltr'><strong>munitus</strong></span> <span class='ocrx_word' id='word_1_211' title='bbox 3135 1578 3357 1649; x_wconf 80' lang='lat' dir='ltr'><strong>proﬁci-</strong></span> 
     </span>
    </p>
   </div>
   <div class='ocr_carea' id='block_1_30' title="bbox 1858 1689 2188 1737">
    <p class='ocr_par' dir='ltr' id='par_1_30' title="bbox 1858 1689 2188 1737">
     <span class='ocr_line' id='line_1_30' title="bbox 1858 1689 2188 1737; baseline -0.006 -3"><span class='ocrx_word' id='word_1_212' title='bbox 1858 1701 1878 1734; x_wconf 80' lang='grc' dir='ltr'><strong>ι</strong></span> <span class='ocrx_word' id='word_1_213' title='bbox 1921 1689 2125 1737; x_wconf 85' lang='lat' dir='ltr'><strong>scatur.</strong></span> <span class='ocrx_word' id='word_1_214' title='bbox 2171 1699 2188 1732; x_wconf 78' lang='grc' dir='ltr'><strong>ι</strong></span> 
     </span>
    </p>
   </div>
   <div class='ocr_carea' id='block_1_31' title="bbox 1853 1763 3356 1828">
    <p class='ocr_par' dir='ltr' id='par_1_31' title="bbox 1853 1763 3356 1828">
     <span class='ocr_line' id='line_1_31' title="bbox 1853 1763 3356 1828; baseline -0.009 -3"><span class='ocrx_word' id='word_1_215' title='bbox 1853 1771 2046 1825; x_wconf 76' lang='lat' dir='ltr'><strong>B.\LS.</strong></span> <span class='ocrx_word' id='word_1_216' title='bbox 2067 1772 2316 1826; x_wconf 80' lang='lat' dir='ltr'><strong>Praesens</strong></span> <span class='ocrx_word' id='word_1_217' title='bbox 2377 1783 2549 1825; x_wconf 89' lang='lat' dir='ltr'><strong>canon</strong></span> <span class='ocrx_word' id='word_1_218' title='bbox 2583 1766 2850 1828; x_wconf 80' lang='lat' dir='ltr'><strong>decernit,</strong></span> <span class='ocrx_word' id='word_1_219' title='bbox 2899 1778 3004 1817; x_wconf 91' lang='lat' dir='ltr'><strong>non</strong></span> <span class='ocrx_word' id='word_1_220' title='bbox 3034 1763 3212 1816; x_wconf 91' lang='lat' dir='ltr'><strong>solum</strong></span> <span class='ocrx_word' id='word_1_221' title='bbox 3263 1774 3356 1813; x_wconf 88' lang='lat' dir='ltr'><strong>se-</strong></span> 
     </span>
    </p>
   </div>
   <div class='ocr_carea' id='block_1_32' title="bbox 86 1847 1679 1959">
    <p class='ocr_par' dir='ltr' id='par_1_32' title="bbox 86 1847 1674 1931">
     <span class='ocr_line' id='line_1_32' title="bbox 86 1847 1674 1931; baseline 0.012 -33"><span class='ocrx_word' id='word_1_222' title='bbox 86 1847 564 1914; x_wconf 77' lang='grc' dir='ltr'>ορίζεσθαι,ἀλλά</span> <span class='ocrx_word' id='word_1_223' title='bbox 595 1856 688 1907; x_wconf 78' lang='grc' dir='ltr'>καὶ</span> <span class='ocrx_word' id='word_1_224' title='bbox 735 1858 1112 1927; x_wconf 76' lang='grc' dir='ltr'>καθαιρεῖσθαι</span> <span class='ocrx_word' id='word_1_225' title='bbox 1156 1861 1280 1924; x_wconf 78' lang='grc' dir='ltr'>τοὺς</span> <span class='ocrx_word' id='word_1_226' title='bbox 1323 1862 1404 1924; x_wconf 69' lang='grc' dir='ltr'><strong>εἰς</strong></span> <span class='ocrx_word' id='word_1_227' title='bbox 1448 1863 1674 1931; x_wconf 80' lang='grc' dir='ltr'>βασιλέα</span> 
     </span>
    </p>
   </div>
   <div class='ocr_carea' id='block_1_33' title="bbox 1811 1847 3357 1959">
    <p class='ocr_par' dir='ltr' id='par_1_33' title="bbox 1815 1853 3357 1934">
     <span class='ocr_line' id='line_1_33' title="bbox 1815 1853 3357 1934; baseline -0.008 -18"><span class='ocrx_word' id='word_1_228' title='bbox 1815 1867 2017 1934; x_wconf 79' lang='lat' dir='ltr'><strong>regari,</strong></span> <span class='ocrx_word' id='word_1_229' title='bbox 2039 1866 2130 1918; x_wconf 89' lang='lat' dir='ltr'><strong>sed</strong></span> <span class='ocrx_word' id='word_1_230' title='bbox 2150 1866 2310 1919; x_wconf 88' lang='lat' dir='ltr'><strong>etiam</strong></span> <span class='ocrx_word' id='word_1_231' title='bbox 2331 1863 2526 1931; x_wconf 89' lang='lat' dir='ltr'><strong>deponi</strong></span> <span class='ocrx_word' id='word_1_232' title='bbox 2556 1861 2842 1930; x_wconf 92' lang='lat' dir='ltr'><strong>episcopos</strong></span> <span class='ocrx_word' id='word_1_233' title='bbox 2874 1857 2957 1910; x_wconf 88' lang='lat' dir='ltr'><strong>vel</strong></span> <span class='ocrx_word' id='word_1_234' title='bbox 2980 1854 3236 1916; x_wconf 89' lang='lat' dir='ltr'><strong>clericos,</strong></span> <span class='ocrx_word' id='word_1_235' title='bbox 3263 1853 3357 1922; x_wconf 88' lang='lat' dir='ltr'><strong>qui</strong></span> 
     </span>
    </p>
   </div>
   <div class='ocr_carea' id='block_1_34' title="bbox 86 1941 1675 2023">
    <p class='ocr_par' dir='ltr' id='par_1_34' title="bbox 86 1941 1675 2023">
     <span class='ocr_line' id='line_1_34' title="bbox 86 1941 1675 2023; baseline 0.01 -31"><span class='ocrx_word' id='word_1_236' title='bbox 86 1941 506 2012; x_wconf 77' lang='grc' dir='ltr'><strong>ἀπερχομένους</strong></span> <span class='ocrx_word' id='word_1_237' title='bbox 535 1950 869 2015; x_wconf 78' lang='grc' dir='ltr'>ἐπισκόπους</span> <span class='ocrx_word' id='word_1_238' title='bbox 898 1952 929 2020; x_wconf 82' lang='grc' dir='ltr'><strong>ἢ</strong></span> <span class='ocrx_word' id='word_1_239' title='bbox 959 1953 1258 2021; x_wconf 78' lang='grc' dir='ltr'>κληρικοὺς</span> <span class='ocrx_word' id='word_1_240' title='bbox 1303 1953 1433 2006; x_wconf 83' lang='grc' dir='ltr'>ἄνευ</span> <span class='ocrx_word' id='word_1_241' title='bbox 1482 1971 1675 2023; x_wconf 83' lang='grc' dir='ltr'>γραμ-</span> 
     </span>
    </p>
   </div>
   <div class='ocr_carea' id='block_1_35' title="bbox 91 2035 1672 2116">
    <p class='ocr_par' dir='ltr' id='par_1_35' title="bbox 91 2035 1672 2116">
     <span class='ocr_line' id='line_1_35' title="bbox 91 2035 1672 2116; baseline 0.009 -30"><span class='ocrx_word' id='word_1_242' title='bbox 91 2035 283 2102; x_wconf 77' lang='grc' dir='ltr'>μάτων</span> <span class='ocrx_word' id='word_1_243' title='bbox 309 2038 404 2090; x_wconf 76' lang='grc' dir='ltr'>τοῦ</span> <span class='ocrx_word' id='word_1_244' title='bbox 434 2042 575 2094; x_wconf 81' lang='grc' dir='ltr'><strong>κατά</strong></span> <span class='ocrx_word' id='word_1_245' title='bbox 610 2043 793 2113; x_wconf 82' lang='grc' dir='ltr'>χώραν</span> <span class='ocrx_word' id='word_1_246' title='bbox 824 2046 1150 2110; x_wconf 81' lang='grc' dir='ltr'>ἐπισκόπου,</span> <span class='ocrx_word' id='word_1_247' title='bbox 1186 2048 1284 2105; x_wconf 67' lang='grc' dir='ltr'><strong>καὶ</strong></span> <span class='ocrx_word' id='word_1_248' title='bbox 1315 2049 1554 2116; x_wconf 85' lang='grc' dir='ltr'>μάλιστα</span> <span class='ocrx_word' id='word_1_249' title='bbox 1577 2048 1672 2101; x_wconf 80' lang='grc' dir='ltr'>τοῦ</span> 
     </span>
    </p>
   </div>
   <div class='ocr_carea' id='block_1_36' title="bbox 90 2129 1676 2208">
    <p class='ocr_par' dir='ltr' id='par_1_36' title="bbox 90 2129 1676 2208">
     <span class='ocr_line' id='line_1_36' title="bbox 90 2129 1676 2208; baseline 0.01 -31"><span class='ocrx_word' id='word_1_250' title='bbox 90 2129 539 2196; x_wconf 82' lang='grc' dir='ltr'>μητροπολίτου,</span> <span class='ocrx_word' id='word_1_251' title='bbox 582 2134 658 2196; x_wconf 86' lang='grc' dir='ltr'>ὼς</span> <span class='ocrx_word' id='word_1_252' title='bbox 722 2136 1191 2207; x_wconf 73' lang='grc' dir='ltr'>παρενοχλοῦντας</span> <span class='ocrx_word' id='word_1_253' title='bbox 1241 2139 1340 2202; x_wconf 76' lang='grc' dir='ltr'><strong>τὰς</strong></span> <span class='ocrx_word' id='word_1_254' title='bbox 1387 2139 1676 2208; x_wconf 80' lang='grc' dir='ltr'>βασιλικὰς</span> 
     </span>
    </p>
   </div>
   <div class='ocr_carea' id='block_1_37' title="bbox 87 2219 1673 2302">
    <p class='ocr_par' dir='ltr' id='par_1_37' title="bbox 87 2219 1673 2302">
     <span class='ocr_line' id='line_1_37' title="bbox 87 2219 1673 2302; baseline 0.009 -31"><span class='ocrx_word' id='word_1_255' title='bbox 87 2219 266 2280; x_wconf 80' lang='grc' dir='ltr'>ἀκοάς</span> <span class='ocrx_word' id='word_1_256' title='bbox 295 2224 448 2290; x_wconf 83' lang='grc' dir='ltr'><strong>παρά</strong></span> <span class='ocrx_word' id='word_1_257' title='bbox 479 2224 548 2275; x_wconf 85' lang='grc' dir='ltr'>τὰ</span> <span class='ocrx_word' id='word_1_258' title='bbox 579 2225 876 2295; x_wconf 81' lang='grc' dir='ltr'>δεδογμένα</span> <span class='ocrx_word' id='word_1_259' title='bbox 897 2231 959 2298; x_wconf 84' lang='grc' dir='ltr'>τῇ</span> <span class='ocrx_word' id='word_1_260' title='bbox 996 2231 1294 2302; x_wconf 76' lang='grc' dir='ltr'>Ἐκκλησία</span> <span class='ocrx_word' id='word_1_261' title='bbox 1315 2247 1326 2259; x_wconf 73' lang='grc'><strong><em>⁸</em></strong></span> <span class='ocrx_word' id='word_1_262' title='bbox 1362 2233 1673 2299; x_wconf 78' lang='grc' dir='ltr'>ἀναγκαίας</span> 
     </span>
    </p>
   </div>
   <div class='ocr_carea' id='block_1_38' title="bbox 88 2309 1678 2394">
    <p class='ocr_par' dir='ltr' id='par_1_38' title="bbox 88 2309 1678 2394">
     <span class='ocr_line' id='line_1_38' title="bbox 88 2309 1678 2394; baseline 0.009 -31"><span class='ocrx_word' id='word_1_263' title='bbox 88 2309 144 2364; x_wconf 72' lang='grc' dir='ltr'>δι</span> <span class='ocrx_word' id='word_1_264' title='bbox 194 2314 575 2384; x_wconf 79' lang='grc' dir='ltr'>προκειμένης</span> <span class='ocrx_word' id='word_1_265' title='bbox 623 2319 836 2382; x_wconf 70' lang='grc' dir='ltr'>αἰτίας,</span> <span class='ocrx_word' id='word_1_266' title='bbox 890 2325 1216 2391; x_wconf 84' lang='grc' dir='ltr'>παραχωρεῖ</span> <span class='ocrx_word' id='word_1_267' title='bbox 1266 2324 1402 2393; x_wconf 76' lang='grc' dir='ltr'>πρὸς</span> <span class='ocrx_word' id='word_1_268' title='bbox 1451 2325 1678 2394; x_wconf 79' lang='grc' dir='ltr'>βασιλέα</span> 
     </span>
    </p>
   </div>
   <div class='ocr_carea' id='block_1_39' title="bbox 89 2406 1679 2483">
    <p class='ocr_par' dir='ltr' id='par_1_39' title="bbox 89 2406 1679 2483">
     <span class='ocr_line' id='line_1_39' title="bbox 89 2406 1679 2483; baseline 0.01 -27"><span class='ocrx_word' id='word_1_269' title='bbox 89 2406 286 2474; x_wconf 77' lang='grc' dir='ltr'>ὁρμᾷν</span> <span class='ocrx_word' id='word_1_270' title='bbox 308 2406 446 2474; x_wconf 81' lang='grc' dir='ltr'><strong>μετά</strong></span> <span class='ocrx_word' id='word_1_271' title='bbox 475 2409 752 2477; x_wconf 60' lang='grc' dir='ltr'>ἐγγράφου</span> <span class='ocrx_word' id='word_1_272' title='bbox 785 2414 1147 2483; x_wconf 76' lang='grc' dir='ltr'>ἐκχωρήσεως</span> <span class='ocrx_word' id='word_1_273' title='bbox 1174 2417 1480 2481; x_wconf 84' lang='grc' dir='ltr'>συνοδικῆς.</span> <span class='ocrx_word' id='word_1_274' title='bbox 1515 2417 1679 2471; x_wconf 79' lang='grc' dir='ltr'><strong>Ἀνά-</strong></span> 
     </span>
    </p>
   </div>
   <div class='ocr_carea' id='block_1_40' title="bbox 88 2498 1676 2578">
    <p class='ocr_par' dir='ltr' id='par_1_40' title="bbox 88 2498 1676 2578">
     <span class='ocr_line' id='line_1_40' title="bbox 88 2498 1676 2578; baseline 0.009 -29"><span class='ocrx_word' id='word_1_275' title='bbox 88 2498 268 2561; x_wconf 83' lang='grc' dir='ltr'>γνωθι</span> <span class='ocrx_word' id='word_1_276' title='bbox 305 2499 404 2567; x_wconf 84' lang='grc' dir='ltr'>τῆς</span> <span class='ocrx_word' id='word_1_277' title='bbox 449 2503 507 2553; x_wconf 87' lang='grc' dir='ltr'><strong>ἐν</strong></span> <span class='ocrx_word' id='word_1_278' title='bbox 556 2503 792 2574; x_wconf 84' lang='grc' dir='ltr'>Σαρδικῇ</span> <span class='ocrx_word' id='word_1_279' title='bbox 841 2506 1059 2559; x_wconf 84' lang='grc' dir='ltr'>συνόδου</span> <span class='ocrx_word' id='word_1_280' title='bbox 1104 2511 1338 2571; x_wconf 85' lang='grc' dir='ltr'>κανόνας</span> <span class='ocrx_word' id='word_1_281' title='bbox 1388 2511 1457 2574; x_wconf 79' lang='grc' dir='ltr'><strong>ζ’,</strong></span> <span class='ocrx_word' id='word_1_282' title='bbox 1506 2510 1579 2578; x_wconf 82' lang='grc' dir='ltr'>η’,</span> <span class='ocrx_word' id='word_1_283' title='bbox 1609 2509 1676 2572; x_wconf 78' lang='grc' dir='ltr'>θ’,</span> 
     </span>
    </p>
   </div>
   <div class='ocr_carea' id='block_1_41' title="bbox 90 2592 1679 2672">
    <p class='ocr_par' dir='ltr' id='par_1_41' title="bbox 90 2592 1679 2672">
     <span class='ocr_line' id='line_1_41' title="bbox 90 2592 1679 2672; baseline 0.009 -30"><span class='ocrx_word' id='word_1_284' title='bbox 90 2595 205 2654; x_wconf 71' lang='grc' dir='ltr'>καν,</span> <span class='ocrx_word' id='word_1_285' title='bbox 235 2592 332 2644; x_wconf 78' lang='grc' dir='ltr'><strong>καὶ</strong></span> <span class='ocrx_word' id='word_1_286' title='bbox 377 2596 479 2663; x_wconf 82' lang='grc' dir='ltr'>τῆς</span> <span class='ocrx_word' id='word_1_287' title='bbox 520 2598 580 2650; x_wconf 89' lang='grc' dir='ltr'><strong>ἐν</strong></span> <span class='ocrx_word' id='word_1_288' title='bbox 629 2599 957 2670; x_wconf 82' lang='grc' dir='ltr'>Καρθαγένῃ</span> <span class='ocrx_word' id='word_1_289' title='bbox 1002 2602 1202 2655; x_wconf 87' lang='grc' dir='ltr'>κανόνα</span> <span class='ocrx_word' id='word_1_290' title='bbox 1252 2602 1362 2672; x_wconf 72' lang='lat' dir='ltr'><strong>pg’.</strong></span> <span class='ocrx_word' id='word_1_291' title='bbox 1416 2603 1571 2656; x_wconf 80' lang='grc' dir='ltr'>Ἐπεὶ</span> <span class='ocrx_word' id='word_1_292' title='bbox 1621 2604 1679 2656; x_wconf 85' lang='grc' dir='ltr'>δέ</span> 
     </span>
    </p>
   </div>
   <div class='ocr_carea' id='block_1_42' title="bbox 88 2679 1679 2758">
    <p class='ocr_par' dir='ltr' id='par_1_42' title="bbox 88 2679 1679 2758">
     <span class='ocr_line' id='line_1_42' title="bbox 88 2679 1679 2758; baseline 0.011 -29"><span class='ocrx_word' id='word_1_293' title='bbox 88 2690 244 2737; x_wconf 69' lang='grc' dir='ltr'>τινες</span> <span class='ocrx_word' id='word_1_294' title='bbox 274 2679 386 2749; x_wconf 68' lang='grc'><strong>(47)</strong></span> <span class='ocrx_word' id='word_1_295' title='bbox 413 2682 522 2736; x_wconf 84' lang='grc' dir='ltr'><strong>τῶν</strong></span> <span class='ocrx_word' id='word_1_296' title='bbox 552 2686 817 2756; x_wconf 80' lang='grc' dir='ltr'>ῥημάτων</span> <span class='ocrx_word' id='word_1_297' title='bbox 859 2689 951 2741; x_wconf 86' lang='grc' dir='ltr'>τοῦ</span> <span class='ocrx_word' id='word_1_298' title='bbox 996 2691 1261 2758; x_wconf 76' lang='grc' dir='ltr'>παρόντος</span> <span class='ocrx_word' id='word_1_299' title='bbox 1332 2693 1555 2755; x_wconf 86' lang='grc' dir='ltr'>κανόνος</span> <span class='ocrx_word' id='word_1_300' title='bbox 1589 2693 1679 2757; x_wconf 81' lang='grc' dir='ltr'>ἐξ·</span> 
     </span>
    </p>
   </div>
   <div class='ocr_carea' id='block_1_43' title="bbox 90 2768 1682 2853">
    <p class='ocr_par' dir='ltr' id='par_1_43' title="bbox 90 2768 1682 2853">
     <span class='ocr_line' id='line_1_43' title="bbox 90 2768 1682 2853; baseline 0.014 -35"><span class='ocrx_word' id='word_1_301' title='bbox 90 2768 356 2838; x_wconf 73' lang='grc' dir='ltr'>σχόμενοι</span> <span class='ocrx_word' id='word_1_302' title='bbox 404 2775 526 2842; x_wconf 83' lang='grc' dir='ltr'>(τῆς</span> <span class='ocrx_word' id='word_1_303' title='bbox 575 2778 683 2847; x_wconf 80' lang='grc' dir='ltr'>γὰρ</span> <span class='ocrx_word' id='word_1_304' title='bbox 734 2780 939 2842; x_wconf 81' lang='grc' dir='ltr'>ἐννοίας</span> <span class='ocrx_word' id='word_1_305' title='bbox 993 2783 1424 2853; x_wconf 84' lang='grc' dir='ltr'>ἀποδιίστανται)</span> <span class='ocrx_word' id='word_1_306' title='bbox 1465 2785 1682 2840; x_wconf 80' lang='grc' dir='ltr'>θέλουσι</span> 
     </span>
    </p>
   </div>
   <div class='ocr_carea' id='block_1_44' title="bbox 91 2859 1682 2944">
    <p class='ocr_par' dir='ltr' id='par_1_44' title="bbox 91 2859 1682 2944">
     <span class='ocr_line' id='line_1_44' title="bbox 91 2859 1682 2944; baseline 0.011 -34"><span class='ocrx_word' id='word_1_307' title='bbox 91 2859 233 2921; x_wconf 79' lang='grc' dir='ltr'>τοὺς</span> <span class='ocrx_word' id='word_1_308' title='bbox 284 2861 659 2933; x_wconf 77' lang='grc' dir='ltr'>ἐνδημοῦντας</span> <span class='ocrx_word' id='word_1_309' title='bbox 703 2870 986 2939; x_wconf 75' lang='grc' dir='ltr'>ἀρχιερεῖς</span> <span class='ocrx_word' id='word_1_310' title='bbox 1031 2874 1112 2935; x_wconf 72' lang='grc' dir='ltr'>εἰς</span> <span class='ocrx_word' id='word_1_311' title='bbox 1160 2875 1259 2944; x_wconf 79' lang='grc' dir='ltr'><strong>τὴν</strong></span> <span class='ocrx_word' id='word_1_312' title='bbox 1309 2874 1420 2926; x_wconf 88' lang='grc' dir='ltr'><strong>τῶν</strong></span> <span class='ocrx_word' id='word_1_313' title='bbox 1468 2877 1682 2929; x_wconf 89' lang='grc' dir='ltr'>πόλεων</span> 
     </span>
    </p>
   </div>
   <div class='ocr_carea' id='block_1_45' title="bbox 95 2947 1677 3034">
    <p class='ocr_par' dir='ltr' id='par_1_45' title="bbox 95 2947 1677 3034">
     <span class='ocr_line' id='line_1_45' title="bbox 95 2947 1677 3034; baseline 0.012 -33"><span class='ocrx_word' id='word_1_314' title='bbox 95 2947 498 3019; x_wconf 74' lang='grc' dir='ltr'>βασιλεύουσαν</span> <span class='ocrx_word' id='word_1_315' title='bbox 549 2961 687 3029; x_wconf 85' lang='grc' dir='ltr'><strong>μετά</strong></span> <span class='ocrx_word' id='word_1_316' title='bbox 738 2962 995 3032; x_wconf 73' lang='grc' dir='ltr'>εἱδήσεως</span> <span class='ocrx_word' id='word_1_317' title='bbox 1040 2965 1134 3017; x_wconf 75' lang='grc' dir='ltr'>καὶ</span> <span class='ocrx_word' id='word_1_318' title='bbox 1191 2967 1514 3034; x_wconf 81' lang='grc' dir='ltr'>προτροπῆς</span> <span class='ocrx_word' id='word_1_319' title='bbox 1570 2985 1677 3020; x_wconf 85' lang='grc' dir='ltr'>πα-</span> 
     </span>
    </p>
   </div>
   <div class='ocr_carea' id='block_1_46' title="bbox 92 3045 1684 3128">
    <p class='ocr_par' dir='ltr' id='par_1_46' title="bbox 92 3045 1684 3128">
     <span class='ocr_line' id='line_1_46' title="bbox 92 3045 1684 3128; baseline 0.011 -34"><span class='ocrx_word' id='word_1_320' title='bbox 92 3045 457 3114; x_wconf 82' lang='grc' dir='ltr'>τριαρχικῆς,</span> <span class='ocrx_word' id='word_1_321' title='bbox 483 3051 577 3103; x_wconf 74' lang='grc' dir='ltr'>καὶ</span> <span class='ocrx_word' id='word_1_322' title='bbox 613 3052 685 3120; x_wconf 84' lang='grc' dir='ltr'><strong>μὴ</strong></span> <span class='ocrx_word' id='word_1_323' title='bbox 718 3053 914 3117; x_wconf 80' lang='grc' dir='ltr'>ἄλλως,</span> <span class='ocrx_word' id='word_1_324' title='bbox 952 3057 1030 3116; x_wconf 76' lang='grc' dir='ltr'><strong>εἰς</strong></span> <span class='ocrx_word' id='word_1_325' title='bbox 1070 3056 1336 3124; x_wconf 79' lang='grc' dir='ltr'>βασιλέως</span> <span class='ocrx_word' id='word_1_326' title='bbox 1365 3059 1684 3128; x_wconf 82' lang='grc' dir='ltr'>προσκύνη·</span> 
     </span>
    </p>
   </div>
   <div class='ocr_carea' id='block_1_47' title="bbox 99 3138 1682 3221">
    <p class='ocr_par' dir='ltr' id='par_1_47' title="bbox 99 3138 1682 3221">
     <span class='ocr_line' id='line_1_47' title="bbox 99 3138 1682 3221; baseline 0.011 -34"><span class='ocrx_word' id='word_1_327' title='bbox 99 3153 189 3187; x_wconf 84' lang='grc' dir='ltr'><strong>σιν</strong></span> <span class='ocrx_word' id='word_1_328' title='bbox 221 3138 578 3208; x_wconf 82' lang='grc' dir='ltr'>ἀπέρχεσθαι,</span> <span class='ocrx_word' id='word_1_329' title='bbox 598 3147 790 3213; x_wconf 84' lang='grc' dir='ltr'>φαμὲν</span> <span class='ocrx_word' id='word_1_330' title='bbox 809 3148 889 3201; x_wconf 79' lang='grc' dir='ltr'><strong>ὅτι</strong></span> <span class='ocrx_word' id='word_1_331' title='bbox 921 3149 984 3201; x_wconf 83' lang='grc' dir='ltr'><strong>τά</strong></span> <span class='ocrx_word' id='word_1_332' title='bbox 1011 3148 1106 3202; x_wconf 83' lang='grc' dir='ltr'>τοῦ</span> <span class='ocrx_word' id='word_1_333' title='bbox 1135 3150 1403 3221; x_wconf 80' lang='grc' dir='ltr'>παρόντος</span> <span class='ocrx_word' id='word_1_334' title='bbox 1437 3151 1682 3218; x_wconf 80' lang='grc' dir='ltr'>κανόνος,</span> 
     </span>
    </p>
   </div>
   <div class='ocr_carea' id='block_1_48' title="bbox 1785 1943 3360 2025">
    <p class='ocr_par' dir='ltr' id='par_1_48' title="bbox 1785 1943 3360 2025">
     <span class='ocr_line' id='line_1_48' title="bbox 1785 1943 3360 2025; baseline -0.01 -17"><span class='ocrx_word' id='word_1_335' title='bbox 1785 1957 1850 2008; x_wconf 90' lang='lat' dir='ltr'><strong>ad</strong></span> <span class='ocrx_word' id='word_1_336' title='bbox 1889 1956 2275 2025; x_wconf 86' lang='lat' dir='ltr'><strong>imperatorem</strong></span> <span class='ocrx_word' id='word_1_337' title='bbox 2319 1951 2768 2021; x_wconf 83' lang='lat' dir='ltr'><strong>proﬁciscuntur,</strong></span> <span class='ocrx_word' id='word_1_338' title='bbox 2818 1948 2937 2001; x_wconf 87' lang='lat' dir='ltr'><strong>sine</strong></span> <span class='ocrx_word' id='word_1_339' title='bbox 2988 1944 3186 1998; x_wconf 85' lang='lat' dir='ltr'><strong>litteris</strong></span> <span class='ocrx_word' id='word_1_340' title='bbox 3241 1943 3360 2009; x_wconf 88' lang='lat' dir='ltr'><strong>epi-</strong></span> 
     </span>
    </p>
   </div>
   <div class='ocr_carea' id='block_1_49' title="bbox 1783 2033 3359 2115">
    <p class='ocr_par' dir='ltr' id='par_1_49' title="bbox 1783 2033 3359 2115">
     <span class='ocr_line' id='line_1_49' title="bbox 1783 2033 3359 2115; baseline -0.009 -15"><span class='ocrx_word' id='word_1_341' title='bbox 1783 2047 1938 2114; x_wconf 84' lang='lat' dir='ltr'><strong>seopi</strong></span> <span class='ocrx_word' id='word_1_342' title='bbox 1990 2045 2247 2115; x_wconf 87' lang='lat' dir='ltr'><strong>regionis,</strong></span> <span class='ocrx_word' id='word_1_343' title='bbox 2292 2052 2344 2097; x_wconf 88' lang='lat' dir='ltr'><strong>et</strong></span> <span class='ocrx_word' id='word_1_344' title='bbox 2395 2043 2631 2095; x_wconf 79' lang='lat' dir='ltr'><strong>maxime</strong></span> <span class='ocrx_word' id='word_1_345' title='bbox 2670 2037 3102 2106; x_wconf 87' lang='lat' dir='ltr'><strong>metropolitani,</strong></span> <span class='ocrx_word' id='word_1_346' title='bbox 3147 2045 3203 2087; x_wconf 90' lang='lat' dir='ltr'><strong>ut</strong></span> <span class='ocrx_word' id='word_1_347' title='bbox 3266 2033 3359 2102; x_wconf 86' lang='lat' dir='ltr'><strong>qui</strong></span> 
     </span>
    </p>
   </div>
   <div class='ocr_carea' id='block_1_50' title="bbox 1785 2131 3360 2207">
    <p class='ocr_par' dir='ltr' id='par_1_50' title="bbox 1785 2131 3360 2207">
     <span class='ocr_line' id='line_1_50' title="bbox 1785 2131 3360 2207; baseline -0.01 -14"><span class='ocrx_word' id='word_1_348' title='bbox 1785 2139 2132 2207; x_wconf 86' lang='lat' dir='ltr'><strong>imperatoris</strong></span> <span class='ocrx_word' id='word_1_349' title='bbox 2151 2136 2377 2191; x_wconf 83' lang='lat' dir='ltr'><strong>auribus</strong></span> <span class='ocrx_word' id='word_1_350' title='bbox 2411 2135 2710 2187; x_wconf 86' lang='lat' dir='ltr'><strong>molestiam</strong></span> <span class='ocrx_word' id='word_1_351' title='bbox 2731 2131 3044 2192; x_wconf 79' lang='lat' dir='ltr'><strong>exhibeant,</strong></span> <span class='ocrx_word' id='word_1_352' title='bbox 3063 2137 3256 2197; x_wconf 62' lang='lat' dir='ltr'><strong>praeter</strong></span> <span class='ocrx_word' id='word_1_353' title='bbox 3277 2142 3360 2190; x_wconf 86' lang='lat' dir='ltr'><strong>ea,</strong></span> 
     </span>
    </p>
   </div>
   <div class='ocr_carea' id='block_1_51' title="bbox 1787 2219 3360 2303">
    <p class='ocr_par' dir='ltr' id='par_1_51' title="bbox 1787 2219 3360 2303">
     <span class='ocr_line' id='line_1_51' title="bbox 1787 2219 3360 2303; baseline -0.011 -17"><span class='ocrx_word' id='word_1_354' title='bbox 1787 2250 1909 2303; x_wconf 84' lang='lat' dir='ltr'><strong>quae</strong></span> <span class='ocrx_word' id='word_1_355' title='bbox 1936 2243 2062 2287; x_wconf 91' lang='lat' dir='ltr'><strong>sunt</strong></span> <span class='ocrx_word' id='word_1_356' title='bbox 2095 2234 2161 2286; x_wconf 86' lang='lat' dir='ltr'><strong>ab</strong></span> <span class='ocrx_word' id='word_1_357' title='bbox 2186 2231 2427 2285; x_wconf 89' lang='lat' dir='ltr'><strong>Ecclesia</strong></span> <span class='ocrx_word' id='word_1_358' title='bbox 2454 2229 2672 2283; x_wconf 87' lang='lat' dir='ltr'><strong>decreta</strong></span> <span class='ocrx_word' id='word_1_359' title='bbox 2708 2242 2721 2277; x_wconf 90' lang='lat'><strong>:</strong></span> <span class='ocrx_word' id='word_1_360' title='bbox 2749 2227 2791 2278; x_wconf 89' lang='lat' dir='ltr'><strong>si</strong></span> <span class='ocrx_word' id='word_1_361' title='bbox 2829 2231 3014 2275; x_wconf 90' lang='lat' dir='ltr'><strong>autem</strong></span> <span class='ocrx_word' id='word_1_362' title='bbox 3053 2219 3360 2273; x_wconf 76' lang='lat' dir='ltr'><strong>necessaria</strong></span> 
     </span>
    </p>
   </div>
   <div class='ocr_carea' id='block_1_52' title="bbox 1788 2314 3358 2393">
    <p class='ocr_par' dir='ltr' id='par_1_52' title="bbox 1788 2314 3358 2393">
     <span class='ocr_line' id='line_1_52' title="bbox 1788 2314 3358 2393; baseline -0.015 -11"><span class='ocrx_word' id='word_1_363' title='bbox 1788 2330 1859 2383; x_wconf 87' lang='lat' dir='ltr'><strong>sit</strong></span> <span class='ocrx_word' id='word_1_364' title='bbox 1897 2342 2062 2380; x_wconf 83' lang='lat' dir='ltr'><strong>causa</strong></span> <span class='ocrx_word' id='word_1_365' title='bbox 2108 2325 2419 2393; x_wconf 80' lang='lat' dir='ltr'><strong>proposila,</strong></span> <span class='ocrx_word' id='word_1_366' title='bbox 2466 2320 2714 2375; x_wconf 79' lang='lat' dir='ltr'><strong>concedit</strong></span> <span class='ocrx_word' id='word_1_367' title='bbox 2756 2325 2812 2369; x_wconf 89' lang='lat' dir='ltr'><strong>ut</strong></span> <span class='ocrx_word' id='word_1_368' title='bbox 2862 2315 2930 2368; x_wconf 89' lang='lat' dir='ltr'><strong>ad</strong></span> <span class='ocrx_word' id='word_1_369' title='bbox 2977 2314 3358 2379; x_wconf 78' lang='lat' dir='ltr'><strong>imperamrem</strong></span> 
     </span>
    </p>
   </div>
   <div class='ocr_carea' id='block_1_53' title="bbox 1788 2402 3363 2489">
    <p class='ocr_par' dir='ltr' id='par_1_53' title="bbox 1788 2402 3363 2489">
     <span class='ocr_line' id='line_1_53' title="bbox 1788 2402 3363 2489; baseline -0.013 -16"><span class='ocrx_word' id='word_1_370' title='bbox 1788 2419 2207 2489; x_wconf 80' lang='lat' dir='ltr'><strong>proﬁciscantur</strong></span> <span class='ocrx_word' id='word_1_371' title='bbox 2253 2430 2378 2468; x_wconf 91' lang='lat' dir='ltr'><strong>cum</strong></span> <span class='ocrx_word' id='word_1_372' title='bbox 2420 2413 2633 2476; x_wconf 80' lang='lat' dir='ltr'><strong>litteris</strong></span> <span class='ocrx_word' id='word_1_373' title='bbox 2692 2409 2946 2463; x_wconf 88' lang='lat' dir='ltr'><strong>mandata</strong></span> <span class='ocrx_word' id='word_1_374' title='bbox 2993 2402 3363 2473; x_wconf 88' lang='lat' dir='ltr'><strong>permissione</strong></span> 
     </span>
    </p>
   </div>
   <div class='ocr_carea' id='block_1_54' title="bbox 1789 2494 3362 2586">
    <p class='ocr_par' dir='ltr' id='par_1_54' title="bbox 1789 2494 3362 2586">
     <span class='ocr_line' id='line_1_54' title="bbox 1789 2494 3362 2586; baseline -0.016 -16"><span class='ocrx_word' id='word_1_375' title='bbox 1789 2514 2058 2586; x_wconf 82' lang='lat' dir='ltr'><strong>synodali.</strong></span> <span class='ocrx_word' id='word_1_376' title='bbox 2079 2512 2218 2581; x_wconf 83' lang='lat' dir='ltr'><strong>Lege</strong></span> <span class='ocrx_word' id='word_1_377' title='bbox 2242 2506 2589 2564; x_wconf 87' lang='lat' dir='ltr'><strong>Sardicensis</strong></span> <span class='ocrx_word' id='word_1_378' title='bbox 2617 2501 2810 2574; x_wconf 86' lang='lat' dir='ltr'><strong>synodi</strong></span> <span class='ocrx_word' id='word_1_379' title='bbox 2849 2513 3093 2553; x_wconf 88' lang='lat' dir='ltr'><strong>canones</strong></span> <span class='ocrx_word' id='word_1_380' title='bbox 3132 2496 3184 2558; x_wconf 75' lang='lat'><strong>7,</strong></span> <span class='ocrx_word' id='word_1_381' title='bbox 3219 2494 3274 2558; x_wconf 93' lang='lat'><strong>8,</strong></span> <span class='ocrx_word' id='word_1_382' title='bbox 3307 2494 3362 2554; x_wconf 86' lang='lat'><strong>9.</strong></span> 
     </span>
    </p>
   </div>
   <div class='ocr_carea' id='block_1_55' title="bbox 1791 2589 3362 2670">
    <p class='ocr_par' dir='ltr' id='par_1_55' title="bbox 1791 2589 3362 2670">
     <span class='ocr_line' id='line_1_55' title="bbox 1791 2589 3362 2670; baseline -0.018 -10"><span class='ocrx_word' id='word_1_383' title='bbox 1791 2608 1879 2669; x_wconf 68' lang='grc'><strong>12,</strong></span> <span class='ocrx_word' id='word_1_384' title='bbox 1910 2615 1961 2660; x_wconf 89' lang='lat' dir='ltr'><strong>et</strong></span> <span class='ocrx_word' id='word_1_385' title='bbox 1990 2601 2435 2670; x_wconf 80' lang='lat' dir='ltr'><strong>Carthaginensis</strong></span> <span class='ocrx_word' id='word_1_386' title='bbox 2451 2610 2714 2652; x_wconf 83' lang='lat' dir='ltr'><strong>canonetn</strong></span> <span class='ocrx_word' id='word_1_387' title='bbox 2741 2591 2860 2645; x_wconf 80' lang='grc'><strong>106.</strong></span> <span class='ocrx_word' id='word_1_388' title='bbox 2887 2589 3154 2655; x_wconf 82' lang='lat' dir='ltr'><strong>Quoniam</strong></span> <span class='ocrx_word' id='word_1_389' title='bbox 3185 2593 3362 2638; x_wconf 91' lang='lat' dir='ltr'><strong>autem</strong></span> 
     </span>
    </p>
   </div>
   <div class='ocr_carea' id='block_1_56' title="bbox 1790 2676 3366 2758">
    <p class='ocr_par' dir='ltr' id='par_1_56' title="bbox 1790 2676 3366 2758">
     <span class='ocr_line' id='line_1_56' title="bbox 1790 2676 3366 2758; baseline -0.017 -3"><span class='ocrx_word' id='word_1_390' title='bbox 1790 2697 2037 2755; x_wconf 89' lang='lat' dir='ltr'><strong>nonnulli</strong></span> <span class='ocrx_word' id='word_1_391' title='bbox 2088 2695 2268 2749; x_wconf 85' lang='lat' dir='ltr'><strong>verbis</strong></span> <span class='ocrx_word' id='word_1_392' title='bbox 2320 2691 2604 2758; x_wconf 69' lang='lat' dir='ltr'><strong>prmsenlis</strong></span> <span class='ocrx_word' id='word_1_393' title='bbox 2647 2686 2877 2741; x_wconf 89' lang='lat' dir='ltr'><strong>canonis</strong></span> <span class='ocrx_word' id='word_1_394' title='bbox 2929 2682 3275 2734; x_wconf 68' lang='lat' dir='ltr'><strong>adhmrcntes</strong></span> <span class='ocrx_word' id='word_1_395' title='bbox 3314 2676 3366 2745; x_wconf 74' lang='grc' dir='ltr'><strong>(λ</strong></span> 
     </span>
    </p>
   </div>
   <div class='ocr_carea' id='block_1_57' title="bbox 1790 2769 3369 2856">
    <p class='ocr_par' dir='ltr' id='par_1_57' title="bbox 1790 2769 3369 2856">
     <span class='ocr_line' id='line_1_57' title="bbox 1790 2769 3369 2856; baseline -0.018 -8"><span class='ocrx_word' id='word_1_396' title='bbox 1790 2793 2060 2850; x_wconf 86' lang='lat' dir='ltr'><strong>sententia</strong></span> <span class='ocrx_word' id='word_1_397' title='bbox 2091 2789 2234 2842; x_wconf 90' lang='lat' dir='ltr'><strong>enim</strong></span> <span class='ocrx_word' id='word_1_398' title='bbox 2266 2789 2426 2856; x_wconf 75' lang='lat' dir='ltr'><strong>longe</strong></span> <span class='ocrx_word' id='word_1_399' title='bbox 2461 2781 2684 2847; x_wconf 85' lang='lat' dir='ltr'><strong>absunt)</strong></span> <span class='ocrx_word' id='word_1_400' title='bbox 2723 2777 2998 2832; x_wconf 88' lang='lat' dir='ltr'><strong>antistites</strong></span> <span class='ocrx_word' id='word_1_401' title='bbox 3030 2773 3245 2831; x_wconf 88' lang='lat' dir='ltr'><strong>volunt,</strong></span> <span class='ocrx_word' id='word_1_402' title='bbox 3276 2769 3369 2838; x_wconf 89' lang='lat' dir='ltr'><strong>qui</strong></span> 
     </span>
    </p>
   </div>
   <div class='ocr_carea' id='block_1_58' title="bbox 1791 2864 3374 2950">
    <p class='ocr_par' dir='ltr' id='par_1_58' title="bbox 1791 2864 3374 2950">
     <span class='ocr_line' id='line_1_58' title="bbox 1791 2864 3374 2950; baseline -0.017 -12"><span class='ocrx_word' id='word_1_403' title='bbox 1791 2888 1846 2938; x_wconf 91' lang='lat' dir='ltr'><strong>in</strong></span> <span class='ocrx_word' id='word_1_404' title='bbox 1874 2885 2062 2950; x_wconf 83' lang='lat' dir='ltr'><strong>regina</strong></span> <span class='ocrx_word' id='word_1_405' title='bbox 2103 2879 2317 2932; x_wconf 67' lang='lat' dir='ltr'><strong>urbium</strong></span> <span class='ocrx_word' id='word_1_406' title='bbox 2361 2882 2674 2932; x_wconf 83' lang='lat' dir='ltr'><strong>versantur,</strong></span> <span class='ocrx_word' id='word_1_407' title='bbox 2704 2884 2831 2922; x_wconf 91' lang='lat' dir='ltr'><strong>cum</strong></span> <span class='ocrx_word' id='word_1_408' title='bbox 2881 2864 3109 2919; x_wconf 85' lang='lat' dir='ltr'><strong>scientia</strong></span> <span class='ocrx_word' id='word_1_409' title='bbox 3154 2868 3207 2914; x_wconf 89' lang='lat' dir='ltr'><strong>et</strong></span> <span class='ocrx_word' id='word_1_410' title='bbox 3236 2874 3374 2928; x_wconf 64' lang='lat' dir='ltr'><strong>,per-</strong></span> 
     </span>
    </p>
   </div>
   <div class='ocr_carea' id='block_1_59' title="bbox 1791 2954 3367 3037">
    <p class='ocr_par' dir='ltr' id='par_1_59' title="bbox 1791 2954 3367 3037">
     <span class='ocr_line' id='line_1_59' title="bbox 1791 2954 3367 3037; baseline -0.018 -10"><span class='ocrx_word' id='word_1_411' title='bbox 1791 2973 2054 3027; x_wconf 81' lang='lat' dir='ltr'><strong>missione</strong></span> <span class='ocrx_word' id='word_1_412' title='bbox 2080 2965 2423 3037; x_wconf 54' lang='lat' dir='ltr'><strong>patriarchae,</strong></span> <span class='ocrx_word' id='word_1_413' title='bbox 2444 2971 2495 3015; x_wconf 93' lang='lat' dir='ltr'><strong>et</strong></span> <span class='ocrx_word' id='word_1_414' title='bbox 2525 2974 2633 3014; x_wconf 90' lang='lat' dir='ltr'><strong>non</strong></span> <span class='ocrx_word' id='word_1_415' title='bbox 2661 2957 2845 3019; x_wconf 89' lang='lat' dir='ltr'><strong>aliter,</strong></span> <span class='ocrx_word' id='word_1_416' title='bbox 2882 2955 2948 3006; x_wconf 90' lang='lat' dir='ltr'><strong>ad</strong></span> <span class='ocrx_word' id='word_1_417' title='bbox 2979 2954 3367 3020; x_wconf 86' lang='lat' dir='ltr'><strong>imperatorem</strong></span> 
     </span>
    </p>
   </div>
   <div class='ocr_carea' id='block_1_60' title="bbox 1793 3044 3374 3130">
    <p class='ocr_par' dir='ltr' id='par_1_60' title="bbox 1793 3044 3374 3130">
     <span class='ocr_line' id='line_1_60' title="bbox 1793 3044 3374 3130; baseline -0.016 -8"><span class='ocrx_word' id='word_1_418' title='bbox 1793 3064 2137 3122; x_wconf 83' lang='lat' dir='ltr'><strong>salutandum</strong></span> <span class='ocrx_word' id='word_1_419' title='bbox 2201 3057 2470 3130; x_wconf 77' lang='lat' dir='ltr'><strong>proﬁcisci</strong></span> <span class='ocrx_word' id='word_1_420' title='bbox 2525 3068 2539 3105; x_wconf 92' lang='lat'><strong>:</strong></span> <span class='ocrx_word' id='word_1_421' title='bbox 2589 3052 2848 3112; x_wconf 88' lang='lat' dir='ltr'><strong>dicimus,</strong></span> <span class='ocrx_word' id='word_1_422' title='bbox 2891 3047 3038 3117; x_wconf 92' lang='lat' dir='ltr'><strong>quod</strong></span> <span class='ocrx_word' id='word_1_423' title='bbox 3090 3059 3211 3113; x_wconf 67' lang='lat' dir='ltr'><strong>qua:</strong></span> <span class='ocrx_word' id='word_1_424' title='bbox 3272 3044 3374 3096; x_wconf 83' lang='lat' dir='ltr'><strong>huc</strong></span> 
     </span>
    </p>
   </div>
   <div class='ocr_carea' id='block_1_61' title="bbox 1794 3134 3375 3216">
    <p class='ocr_par' dir='ltr' id='par_1_61' title="bbox 1794 3134 3375 3216">
     <span class='ocr_line' id='line_1_61' title="bbox 1794 3134 3375 3216; baseline -0.018 -2"><span class='ocrx_word' id='word_1_425' title='bbox 1794 3174 2005 3216; x_wconf 89' lang='lat' dir='ltr'><strong>canone</strong></span> <span class='ocrx_word' id='word_1_426' title='bbox 2059 3155 2431 3214; x_wconf 85' lang='lat' dir='ltr'><strong>continentur,</strong></span> <span class='ocrx_word' id='word_1_427' title='bbox 2490 3159 2545 3202; x_wconf 88' lang='lat' dir='ltr'><strong>et</strong></span> <span class='ocrx_word' id='word_1_428' title='bbox 2594 3146 2804 3213; x_wconf 87' lang='lat' dir='ltr'><strong>reliqua</strong></span> <span class='ocrx_word' id='word_1_429' title='bbox 2871 3154 3109 3212; x_wconf 88' lang='lat' dir='ltr'><strong>quorum</strong></span> <span class='ocrx_word' id='word_1_430' title='bbox 3169 3137 3262 3191; x_wconf 84' lang='lat' dir='ltr'><strong>hic</strong></span> <span class='ocrx_word' id='word_1_431' title='bbox 3317 3134 3375 3188; x_wconf 84' lang='lat' dir='ltr'><strong>lit</strong></span> 
     </span>
    </p>
   </div>
   <div class='ocr_carea' id='block_1_62' title="bbox 101 3231 1679 3314">
    <p class='ocr_par' dir='ltr' id='par_1_62' title="bbox 101 3231 1679 3313">
     <span class='ocr_line' id='line_1_62' title="bbox 101 3231 1679 3313; baseline 0.007 -29"><span class='ocrx_word' id='word_1_432' title='bbox 101 3232 200 3284; x_wconf 77' lang='grc' dir='ltr'>καὶ</span> <span class='ocrx_word' id='word_1_433' title='bbox 237 3231 345 3286; x_wconf 87' lang='grc' dir='ltr'><strong>τῶν</strong></span> <span class='ocrx_word' id='word_1_434' title='bbox 371 3233 576 3290; x_wconf 85' lang='grc' dir='ltr'>λοιπῶν</span> <span class='ocrx_word' id='word_1_435' title='bbox 625 3238 733 3290; x_wconf 83' lang='grc' dir='ltr'><strong>τῶν</strong></span> <span class='ocrx_word' id='word_1_436' title='bbox 784 3241 1018 3294; x_wconf 80' lang='grc' dir='ltr'>ἐνταῦθα</span> <span class='ocrx_word' id='word_1_437' title='bbox 1052 3244 1550 3311; x_wconf 79' lang='grc' dir='ltr'>μνημονευομένων</span> <span class='ocrx_word' id='word_1_438' title='bbox 1578 3244 1679 3313; x_wconf 86' lang='grc' dir='ltr'><strong>χώ-</strong></span> 
     </span>
    </p>
   </div>
   <div class='ocr_carea' id='block_1_63' title="bbox 1811 3231 3377 3314">
    <p class='ocr_par' dir='ltr' id='par_1_63' title="bbox 1811 3235 3377 3314">
     <span class='ocr_line' id='line_1_63' title="bbox 1811 3235 3377 3314; baseline -0.02 -5"><span class='ocrx_word' id='word_1_439' title='bbox 1811 3253 1998 3309; x_wconf 88' lang='lat' dir='ltr'><strong>nentio</strong></span> <span class='ocrx_word' id='word_1_440' title='bbox 2031 3251 2208 3302; x_wconf 88' lang='lat' dir='ltr'><strong>locum</strong></span> <span class='ocrx_word' id='word_1_441' title='bbox 2247 3244 2469 3314; x_wconf 81' lang='lat' dir='ltr'><strong>habent,</strong></span> <span class='ocrx_word' id='word_1_442' title='bbox 2520 3237 2739 3308; x_wconf 89' lang='lat' dir='ltr'><strong>quando</strong></span> <span class='ocrx_word' id='word_1_443' title='bbox 2796 3235 3030 3286; x_wconf 89' lang='lat' dir='ltr'><strong>antistes</strong></span> <span class='ocrx_word' id='word_1_444' title='bbox 3059 3245 3097 3288; x_wconf 68' lang='grc' dir='ltr'><em>λ</em></span> <span class='ocrx_word' id='word_1_445' title='bbox 3130 3244 3228 3284; x_wconf 91' lang='lat' dir='ltr'><strong>sua</strong></span> <span class='ocrx_word' id='word_1_446' title='bbox 3290 3242 3377 3280; x_wconf 83' lang='lat' dir='ltr'><strong>re-</strong></span> 
     </span>
    </p>
   </div>
   <div class='ocr_carea' id='block_1_64' title="bbox 104 3324 1689 3405">
    <p class='ocr_par' dir='ltr' id='par_1_64' title="bbox 104 3324 1689 3405">
     <span class='ocr_line' id='line_1_64' title="bbox 104 3324 1689 3405; baseline 0.008 -29"><span class='ocrx_word' id='word_1_447' title='bbox 104 3339 211 3392; x_wconf 87' lang='grc' dir='ltr'><strong>ραν</strong></span> <span class='ocrx_word' id='word_1_448' title='bbox 240 3324 474 3395; x_wconf 75' lang='grc' dir='ltr'>ἔχουσιν,</span> <span class='ocrx_word' id='word_1_449' title='bbox 518 3331 567 3381; x_wconf 82' lang='grc' dir='ltr'>εἰ</span> <span class='ocrx_word' id='word_1_450' title='bbox 599 3332 626 3381; x_wconf 81' lang='grc' dir='ltr'><em>ὁ</em></span> <span class='ocrx_word' id='word_1_451' title='bbox 657 3331 952 3399; x_wconf 81' lang='grc' dir='ltr'>ἀρχιερεὺς</span> <span class='ocrx_word' id='word_1_452' title='bbox 1001 3333 1111 3385; x_wconf 76' lang='grc' dir='ltr'><strong>ἀπὸ</strong></span> <span class='ocrx_word' id='word_1_453' title='bbox 1149 3336 1248 3402; x_wconf 81' lang='grc' dir='ltr'>τῆς</span> <span class='ocrx_word' id='word_1_454' title='bbox 1276 3335 1552 3405; x_wconf 81' lang='grc' dir='ltr'>λαχούσης</span> <span class='ocrx_word' id='word_1_455' title='bbox 1583 3337 1689 3389; x_wconf 80' lang='grc' dir='ltr'>αὺ-</span> 
     </span>
    </p>
   </div>
   <div class='ocr_carea' id='block_1_65' title="bbox 100 3414 1693 3497">
    <p class='ocr_par' dir='ltr' id='par_1_65' title="bbox 100 3414 1693 3497">
     <span class='ocr_line' id='line_1_65' title="bbox 100 3414 1693 3497; baseline 0.006 -29"><span class='ocrx_word' id='word_1_456' title='bbox 100 3414 203 3468; x_wconf 78' lang='grc' dir='ltr'>τοῦ</span> <span class='ocrx_word' id='word_1_457' title='bbox 273 3417 620 3489; x_wconf 85' lang='grc' dir='ltr'>αύθόρμητος</span> <span class='ocrx_word' id='word_1_458' title='bbox 673 3423 754 3484; x_wconf 76' lang='grc' dir='ltr'>εἰς</span> <span class='ocrx_word' id='word_1_459' title='bbox 823 3422 1048 3491; x_wconf 87' lang='grc' dir='ltr'>βασιλέα</span> <span class='ocrx_word' id='word_1_460' title='bbox 1098 3425 1343 3495; x_wconf 84' lang='grc' dir='ltr'>ἀπέλθῃ·</span> <span class='ocrx_word' id='word_1_461' title='bbox 1394 3427 1525 3479; x_wconf 81' lang='grc' dir='ltr'>ὅταν</span> <span class='ocrx_word' id='word_1_462' title='bbox 1581 3426 1693 3497; x_wconf 91' lang='grc' dir='ltr'><strong>γάρ</strong></span> 
     </span>
    </p>
   </div>
   <div class='ocr_carea' id='block_1_66' title="bbox 103 3507 1693 3585">
    <p class='ocr_par' dir='ltr' id='par_1_66' title="bbox 103 3507 1693 3585">
     <span class='ocr_line' id='line_1_66' title="bbox 103 3507 1693 3585; baseline 0.006 -26"><span class='ocrx_word' id='word_1_463' title='bbox 103 3507 324 3579; x_wconf 72' lang='grc' dir='ltr'>ἐνδημῇ</span> <span class='ocrx_word' id='word_1_464' title='bbox 377 3512 434 3562; x_wconf 83' lang='grc' dir='ltr'><strong>ἐν</strong></span> <span class='ocrx_word' id='word_1_465' title='bbox 483 3513 552 3580; x_wconf 81' lang='grc' dir='ltr'>τῇ</span> <span class='ocrx_word' id='word_1_466' title='bbox 614 3511 996 3585; x_wconf 82' lang='grc' dir='ltr'>βασιλευούσῃ,</span> <span class='ocrx_word' id='word_1_467' title='bbox 1056 3517 1152 3568; x_wconf 73' lang='grc' dir='ltr'><strong>καὶ</strong></span> <span class='ocrx_word' id='word_1_468' title='bbox 1209 3515 1351 3568; x_wconf 86' lang='grc' dir='ltr'>κατὰ</span> <span class='ocrx_word' id='word_1_469' title='bbox 1410 3517 1693 3584; x_wconf 82' lang='grc' dir='ltr'>βασιλικὸν</span> 
     </span>
    </p>
   </div>
   <div class='ocr_carea' id='block_1_67' title="bbox 99 3598 1695 3676">
    <p class='ocr_par' dir='ltr' id='par_1_67' title="bbox 99 3598 1695 3676">
     <span class='ocr_line' id='line_1_67' title="bbox 99 3598 1695 3676; baseline 0.007 -27"><span class='ocrx_word' id='word_1_470' title='bbox 99 3598 342 3666; x_wconf 78' lang='grc' dir='ltr'>ὁρισμὸν</span> <span class='ocrx_word' id='word_1_471' title='bbox 367 3599 397 3670; x_wconf 75' lang='grc' dir='ltr'>ἦ</span> <span class='ocrx_word' id='word_1_472' title='bbox 423 3601 566 3654; x_wconf 80' lang='grc' dir='ltr'>κατὰ</span> <span class='ocrx_word' id='word_1_473' title='bbox 616 3604 1024 3674; x_wconf 80' lang='grc' dir='ltr'>πατριαρχικὴν</span> <span class='ocrx_word' id='word_1_474' title='bbox 1043 3607 1366 3676; x_wconf 82' lang='grc' dir='ltr'>ἐπιτροπὴν</span> <span class='ocrx_word' id='word_1_475' title='bbox 1395 3607 1695 3670; x_wconf 82' lang='grc' dir='ltr'>ἀκωλύτως</span> 
     </span>
    </p>
   </div>
   <div class='ocr_carea' id='block_1_68' title="bbox 106 3694 1696 3769">
    <p class='ocr_par' dir='ltr' id='par_1_68' title="bbox 106 3694 1696 3769">
     <span class='ocr_line' id='line_1_68' title="bbox 106 3694 1696 3769; baseline 0.006 -27"><span class='ocrx_word' id='word_1_476' title='bbox 106 3695 491 3762; x_wconf 82' lang='grc' dir='ltr'>προσκυνήσει</span> <span class='ocrx_word' id='word_1_477' title='bbox 543 3695 636 3746; x_wconf 80' lang='grc' dir='ltr'>τὸν</span> <span class='ocrx_word' id='word_1_478' title='bbox 681 3696 901 3762; x_wconf 82' lang='grc' dir='ltr'>βασιλέα</span> <span class='ocrx_word' id='word_1_479' title='bbox 956 3699 1048 3750; x_wconf 79' lang='grc' dir='ltr'>καὶ</span> <span class='ocrx_word' id='word_1_480' title='bbox 1086 3698 1399 3767; x_wconf 77' lang='grc' dir='ltr'>ὑπομνήσει</span> <span class='ocrx_word' id='word_1_481' title='bbox 1450 3702 1581 3769; x_wconf 76' lang='grc' dir='ltr'>περὶ</span> <span class='ocrx_word' id='word_1_482' title='bbox 1618 3694 1696 3754; x_wconf 85' lang='grc' dir='ltr'>ὧν</span> 
     </span>
    </p>
   </div>
   <div class='ocr_carea' id='block_1_69' title="bbox 108 3781 1695 3860">
    <p class='ocr_par' dir='ltr' id='par_1_69' title="bbox 108 3781 1695 3860">
     <span class='ocr_line' id='line_1_69' title="bbox 108 3781 1695 3860; baseline 0.006 -25"><span class='ocrx_word' id='word_1_483' title='bbox 108 3781 394 3838; x_wconf 77' lang='grc' dir='ltr'>Βούλεται.</span> <span class='ocrx_word' id='word_1_484' title='bbox 423 3785 496 3835; x_wconf 84' lang='grc' dir='ltr'>Τὸ</span> <span class='ocrx_word' id='word_1_485' title='bbox 526 3785 582 3837; x_wconf 79' lang='grc' dir='ltr'><strong>δὲ</strong></span> <span class='ocrx_word' id='word_1_486' title='bbox 621 3787 760 3854; x_wconf 86' lang='grc' dir='ltr'><strong>μετά</strong></span> <span class='ocrx_word' id='word_1_487' title='bbox 791 3787 1069 3855; x_wconf 79' lang='grc' dir='ltr'>βασιλικὸν</span> <span class='ocrx_word' id='word_1_488' title='bbox 1093 3790 1323 3858; x_wconf 73' lang='grc' dir='ltr'>ὁρισμὸν</span> <span class='ocrx_word' id='word_1_489' title='bbox 1347 3790 1695 3860; x_wconf 82' lang='grc' dir='ltr'>ἀπέρχεσθαι</span> 
     </span>
    </p>
   </div>
   <div class='ocr_carea' id='block_1_70' title="bbox 104 3873 1698 3950">
    <p class='ocr_par' dir='ltr' id='par_1_70' title="bbox 104 3873 1698 3950">
     <span class='ocr_line' id='line_1_70' title="bbox 104 3873 1698 3950; baseline 0.005 -25"><span class='ocrx_word' id='word_1_490' title='bbox 104 3873 246 3934; x_wconf 76' lang='grc' dir='ltr'>τοὺς</span> <span class='ocrx_word' id='word_1_491' title='bbox 296 3875 612 3943; x_wconf 84' lang='grc' dir='ltr'>ἀρχιερεῖς,</span> <span class='ocrx_word' id='word_1_492' title='bbox 664 3877 793 3929; x_wconf 76' lang='grc' dir='ltr'>ἔνθα</span> <span class='ocrx_word' id='word_1_493' title='bbox 850 3878 916 3930; x_wconf 86' lang='grc' dir='ltr'><strong>ἂν</strong></span> <span class='ocrx_word' id='word_1_494' title='bbox 973 3880 1372 3948; x_wconf 84' lang='grc' dir='ltr'>προσταχθεῖεν</span> <span class='ocrx_word' id='word_1_495' title='bbox 1422 3881 1515 3933; x_wconf 73' lang='grc' dir='ltr'><strong>καὶ</strong></span> <span class='ocrx_word' id='word_1_496' title='bbox 1572 3881 1698 3950; x_wconf 83' lang='grc' dir='ltr'>δίχα</span> 
     </span>
    </p>
   </div>
   <div class='ocr_carea' id='block_1_71' title="bbox 112 3965 1697 4045">
    <p class='ocr_par' dir='ltr' id='par_1_71' title="bbox 112 3965 1697 4045">
     <span class='ocr_line' id='line_1_71' title="bbox 112 3965 1697 4045; baseline 0.006 -27"><span class='ocrx_word' id='word_1_497' title='bbox 112 3965 410 4034; x_wconf 82' lang='grc' dir='ltr'>συνοδικῆς</span> <span class='ocrx_word' id='word_1_498' title='bbox 461 3968 743 4038; x_wconf 82' lang='grc' dir='ltr'>εἰδήσεως,</span> <span class='ocrx_word' id='word_1_499' title='bbox 781 3969 839 4023; x_wconf 87' lang='grc' dir='ltr'><strong>ἐν</strong></span> <span class='ocrx_word' id='word_1_500' title='bbox 886 3971 1167 4039; x_wconf 80' lang='grc' dir='ltr'>διαφόροις</span> <span class='ocrx_word' id='word_1_501' title='bbox 1219 3973 1470 4027; x_wconf 90' lang='grc' dir='ltr'>κανόνων</span> <span class='ocrx_word' id='word_1_502' title='bbox 1517 3975 1697 4045; x_wconf 81' lang='grc' dir='ltr'>ἑρμη-</span> 
     </span>
    </p>
   </div>
   <div class='ocr_carea' id='block_1_72' title="bbox 117 4058 1518 4139">
    <p class='ocr_par' dir='ltr' id='par_1_72' title="bbox 117 4058 1518 4139">
     <span class='ocr_line' id='line_1_72' title="bbox 117 4058 1518 4139; baseline 0.004 -27"><span class='ocrx_word' id='word_1_503' title='bbox 117 4058 290 4120; x_wconf 60' lang='lat' dir='ltr'><strong>atat;</strong></span> <span class='ocrx_word' id='word_1_504' title='bbox 322 4058 587 4131; x_wconf 73' lang='grc' dir='ltr'>ἐδηλώθη,</span> <span class='ocrx_word' id='word_1_505' title='bbox 621 4065 714 4116; x_wconf 67' lang='grc' dir='ltr'><strong>καὶ</strong></span> <span class='ocrx_word' id='word_1_506' title='bbox 744 4065 805 4116; x_wconf 84' lang='grc' dir='ltr'><strong>οὐ</strong></span> <span class='ocrx_word' id='word_1_507' title='bbox 835 4065 940 4139; x_wconf 66' lang='grc' dir='ltr'><strong>χρῇ</strong></span> <span class='ocrx_word' id='word_1_508' title='bbox 967 4067 1114 4133; x_wconf 76' lang='grc' dir='ltr'>ἡμᾶς</span> <span class='ocrx_word' id='word_1_509' title='bbox 1145 4065 1518 4133; x_wconf 86' lang='grc' dir='ltr'>ταυτολογεῖν.</span> 
     </span>
    </p>
   </div>
   <div class='ocr_carea' id='block_1_73' title="bbox 198 4148 1699 4223">
    <p class='ocr_par' dir='ltr' id='par_1_73' title="bbox 198 4148 1699 4223">
     <span class='ocr_line' id='line_1_73' title="bbox 198 4148 1699 4223; baseline 0.006 -22"><span class='ocrx_word' id='word_1_510' title='bbox 198 4148 449 4204; x_wconf 77' lang='grc' dir='ltr'><strong>ΖΩΝΔΡ.</strong></span> <span class='ocrx_word' id='word_1_511' title='bbox 474 4151 535 4202; x_wconf 82' lang='grc' dir='ltr'>Εἰ</span> <span class='ocrx_word' id='word_1_512' title='bbox 562 4153 636 4220; x_wconf 77' lang='grc' dir='ltr'>μὴ</span> <span class='ocrx_word' id='word_1_513' title='bbox 664 4155 747 4205; x_wconf 83' lang='grc' dir='ltr'>ὅτι</span> <span class='ocrx_word' id='word_1_514' title='bbox 775 4156 926 4206; x_wconf 77' lang='grc' dir='ltr'>πᾶσα</span> <span class='ocrx_word' id='word_1_515' title='bbox 962 4155 1200 4223; x_wconf 77' lang='grc' dir='ltr'>ἀνάγκη,</span> <span class='ocrx_word' id='word_1_516' title='bbox 1233 4156 1296 4207; x_wconf 83' lang='grc' dir='ltr'><strong>οὐ</strong></span> <span class='ocrx_word' id='word_1_517' title='bbox 1326 4154 1616 4223; x_wconf 83' lang='grc' dir='ltr'>βούλονται</span> <span class='ocrx_word' id='word_1_518' title='bbox 1648 4158 1699 4210; x_wconf 82' lang='grc' dir='ltr'><strong>οι</strong></span> 
     </span>
    </p>
   </div>
   <div class='ocr_carea' id='block_1_74' title="bbox 1795 3321 3374 3416">
    <p class='ocr_par' dir='ltr' id='par_1_74' title="bbox 1795 3321 3374 3416">
     <span class='ocr_line' id='line_1_74' title="bbox 1795 3321 3374 3416; baseline -0.019 -16"><span class='ocrx_word' id='word_1_519' title='bbox 1795 3348 1952 3416; x_wconf 80' lang='lat' dir='ltr'><strong>gione</strong></span> <span class='ocrx_word' id='word_1_520' title='bbox 1972 3350 2166 3408; x_wconf 89' lang='lat' dir='ltr'><strong>sponte</strong></span> <span class='ocrx_word' id='word_1_521' title='bbox 2191 3353 2288 3392; x_wconf 91' lang='lat' dir='ltr'><strong>sua</strong></span> <span class='ocrx_word' id='word_1_522' title='bbox 2314 3337 2378 3388; x_wconf 91' lang='lat' dir='ltr'><strong>ad</strong></span> <span class='ocrx_word' id='word_1_523' title='bbox 2405 3335 2784 3403; x_wconf 86' lang='lat' dir='ltr'><strong>imperatorem</strong></span> <span class='ocrx_word' id='word_1_524' title='bbox 2807 3324 3088 3395; x_wconf 79' lang='lat' dir='ltr'><strong>profectus</strong></span> <span class='ocrx_word' id='word_1_525' title='bbox 3109 3333 3216 3416; x_wconf 64' lang='lat' dir='ltr'><strong>est:</strong></span> <span class='ocrx_word' id='word_1_526' title='bbox 3238 3321 3374 3416; x_wconf 45' lang='lat' dir='ltr'><strong>(ium</strong></span> 
     </span>
    </p>
   </div>
   <div class='ocr_carea' id='block_1_75' title="bbox 1793 3411 3374 3498">
    <p class='ocr_par' dir='ltr' id='par_1_75' title="bbox 1793 3411 3374 3498">
     <span class='ocr_line' id='line_1_75' title="bbox 1793 3411 3374 3498; baseline -0.016 -9"><span class='ocrx_word' id='word_1_527' title='bbox 1793 3411 1938 3489; x_wconf 71' lang='lat' dir='ltr'><strong>enim</strong></span> <span class='ocrx_word' id='word_1_528' title='bbox 1965 3434 2017 3486; x_wconf 90' lang='lat' dir='ltr'><strong>in</strong></span> <span class='ocrx_word' id='word_1_529' title='bbox 2042 3425 2261 3484; x_wconf 89' lang='lat' dir='ltr'><strong>urbium</strong></span> <span class='ocrx_word' id='word_1_530' title='bbox 2277 3426 2462 3493; x_wconf 84' lang='lat' dir='ltr'><strong>regina</strong></span> <span class='ocrx_word' id='word_1_531' title='bbox 2482 3431 2748 3498; x_wconf 73' lang='lat' dir='ltr'><strong>versetur,</strong></span> <span class='ocrx_word' id='word_1_532' title='bbox 2772 3419 2856 3469; x_wconf 84' lang='lat' dir='ltr'><strong>vel</strong></span> <span class='ocrx_word' id='word_1_533' title='bbox 2904 3411 3374 3482; x_wconf 76' lang='lat' dir='ltr'><strong>imperatorisjus-</strong></span> 
     </span>
    </p>
   </div>
   <div class='ocr_carea' id='block_1_76' title="bbox 1796 3505 3376 3594">
    <p class='ocr_par' dir='ltr' id='par_1_76' title="bbox 1796 3505 3376 3594">
     <span class='ocr_line' id='line_1_76' title="bbox 1796 3505 3376 3594; baseline -0.018 -11"><span class='ocrx_word' id='word_1_534' title='bbox 1796 3545 1881 3593; x_wconf 91' lang='lat' dir='ltr'><strong>su,</strong></span> <span class='ocrx_word' id='word_1_535' title='bbox 1914 3528 1994 3580; x_wconf 85' lang='lat' dir='ltr'><strong>vel</strong></span> <span class='ocrx_word' id='word_1_536' title='bbox 2020 3517 2365 3594; x_wconf 85' lang='lat' dir='ltr'><strong>patriarchali</strong></span> <span class='ocrx_word' id='word_1_537' title='bbox 2386 3513 2768 3582; x_wconf 81' lang='lat' dir='ltr'><strong>pcrmissione,</strong></span> <span class='ocrx_word' id='word_1_538' title='bbox 2789 3508 2926 3562; x_wconf 90' lang='lat' dir='ltr'><strong>citra</strong></span> <span class='ocrx_word' id='word_1_539' title='bbox 2947 3507 3116 3560; x_wconf 89' lang='lat' dir='ltr'><strong>ullum</strong></span> <span class='ocrx_word' id='word_1_540' title='bbox 3142 3505 3376 3572; x_wconf 82' lang='lat' dir='ltr'><strong>impedi-</strong></span> 
     </span>
    </p>
   </div>
   <div class='ocr_carea' id='block_1_77' title="bbox 1797 3598 3373 3682">
    <p class='ocr_par' dir='ltr' id='par_1_77' title="bbox 1797 3598 3373 3682">
     <span class='ocr_line' id='line_1_77' title="bbox 1797 3598 3373 3682; baseline -0.017 -6"><span class='ocrx_word' id='word_1_541' title='bbox 1797 3628 2037 3676; x_wconf 89' lang='lat' dir='ltr'><strong>mentum</strong></span> <span class='ocrx_word' id='word_1_542' title='bbox 2079 3617 2456 3682; x_wconf 87' lang='lat' dir='ltr'><strong>imperatorem</strong></span> <span class='ocrx_word' id='word_1_543' title='bbox 2491 3603 2809 3664; x_wconf 86' lang='lat' dir='ltr'><strong>conveniet,</strong></span> <span class='ocrx_word' id='word_1_544' title='bbox 2848 3610 2903 3654; x_wconf 85' lang='lat' dir='ltr'><strong>et</strong></span> <span class='ocrx_word' id='word_1_545' title='bbox 2951 3613 3100 3663; x_wconf 87' lang='lat' dir='ltr'><strong>eum,</strong></span> <span class='ocrx_word' id='word_1_546' title='bbox 3153 3598 3373 3650; x_wconf 85' lang='lat' dir='ltr'><strong>illorum</strong></span> 
     </span>
    </p>
   </div>
   <div class='ocr_carea' id='block_1_78' title="bbox 1797 3690 3376 3785">
    <p class='ocr_par' dir='ltr' id='par_1_78' title="bbox 1797 3690 3376 3785">
     <span class='ocr_line' id='line_1_78' title="bbox 1797 3690 3376 3785; baseline -0.016 -18"><span class='ocrx_word' id='word_1_547' title='bbox 1797 3728 1922 3785; x_wconf 71' lang='lat' dir='ltr'><strong>qua:</strong></span> <span class='ocrx_word' id='word_1_548' title='bbox 1954 3707 2205 3768; x_wconf 89' lang='lat' dir='ltr'><strong>voluerit,</strong></span> <span class='ocrx_word' id='word_1_549' title='bbox 2241 3698 2572 3755; x_wconf 82' lang='lat' dir='ltr'><strong>admonebit.</strong></span> <span class='ocrx_word' id='word_1_550' title='bbox 2613 3692 2964 3762; x_wconf 84' lang='lat' dir='ltr'><strong>Imperatoris</strong></span> <span class='ocrx_word' id='word_1_551' title='bbox 2992 3699 3172 3743; x_wconf 87' lang='lat' dir='ltr'><strong>autem</strong></span> <span class='ocrx_word' id='word_1_552' title='bbox 3218 3690 3376 3756; x_wconf 78' lang='lat' dir='ltr'><strong>jussu</strong></span> 
     </span>
    </p>
   </div>
   <div class='ocr_carea' id='block_1_79' title="bbox 1799 3782 3379 3873">
    <p class='ocr_par' dir='ltr' id='par_1_79' title="bbox 1799 3782 3379 3873">
     <span class='ocr_line' id='line_1_79' title="bbox 1799 3782 3379 3873; baseline -0.017 -17"><span class='ocrx_word' id='word_1_553' title='bbox 1799 3782 2071 3873; x_wconf 73' lang='lat' dir='ltr'><strong>proﬁcisci</strong></span> <span class='ocrx_word' id='word_1_554' title='bbox 2103 3794 2398 3857; x_wconf 79' lang='lat' dir='ltr'><strong>antistites,</strong></span> <span class='ocrx_word' id='word_1_555' title='bbox 2421 3805 2527 3860; x_wconf 91' lang='lat' dir='ltr'><strong>quo</strong></span> <span class='ocrx_word' id='word_1_556' title='bbox 2545 3787 2683 3856; x_wconf 84' lang='lat' dir='ltr'><strong>jussi</strong></span> <span class='ocrx_word' id='word_1_557' title='bbox 2708 3784 2930 3847; x_wconf 80' lang='lat' dir='ltr'><strong>iuerint,</strong></span> <span class='ocrx_word' id='word_1_558' title='bbox 2954 3783 3116 3835; x_wconf 90' lang='lat' dir='ltr'><strong>etiam</strong></span> <span class='ocrx_word' id='word_1_559' title='bbox 3143 3782 3258 3833; x_wconf 86' lang='lat' dir='ltr'><strong>sine</strong></span> <span class='ocrx_word' id='word_1_560' title='bbox 3289 3795 3379 3862; x_wconf 50' lang='lat'><strong>5&#39;,&quot;-</strong></span> 
     </span>
    </p>
   </div>
   <div class='ocr_carea' id='block_1_80' title="bbox 1800 3874 3378 3950">
    <p class='ocr_par' dir='ltr' id='par_1_80' title="bbox 1800 3874 3378 3950">
     <span class='ocr_line' id='line_1_80' title="bbox 1800 3874 3378 3950; baseline -0.019 -1"><span class='ocrx_word' id='word_1_561' title='bbox 1800 3892 1982 3950; x_wconf 88' lang='lat' dir='ltr'><strong>nodali</strong></span> <span class='ocrx_word' id='word_1_562' title='bbox 2033 3903 2329 3948; x_wconf 83' lang='lat' dir='ltr'><strong>consensu,</strong></span> <span class='ocrx_word' id='word_1_563' title='bbox 2381 3881 2430 3932; x_wconf 90' lang='lat' dir='ltr'><strong>in</strong></span> <span class='ocrx_word' id='word_1_564' title='bbox 2463 3876 2697 3932; x_wconf 79' lang='lat' dir='ltr'><strong>diversis</strong></span> <span class='ocrx_word' id='word_1_565' title='bbox 2740 3889 3010 3930; x_wconf 85' lang='lat' dir='ltr'><strong>canonum</strong></span> <span class='ocrx_word' id='word_1_566' title='bbox 3051 3874 3378 3939; x_wconf 82' lang='lat' dir='ltr'><strong>interpreta-</strong></span> 
     </span>
    </p>
   </div>
   <div class='ocr_carea' id='block_1_81' title="bbox 1801 3963 3374 4041">
    <p class='ocr_par' dir='ltr' id='par_1_81' title="bbox 1801 3963 3374 4041">
     <span class='ocr_line' id='line_1_81' title="bbox 1801 3963 3374 4041; baseline -0.017 -2"><span class='ocrx_word' id='word_1_567' title='bbox 1801 3983 2045 4039; x_wconf 84' lang='lat' dir='ltr'><strong>tionibus</strong></span> <span class='ocrx_word' id='word_1_568' title='bbox 2087 3980 2418 4033; x_wconf 87' lang='lat' dir='ltr'><strong>declaratum</strong></span> <span class='ocrx_word' id='word_1_569' title='bbox 2451 3985 2568 4041; x_wconf 89' lang='lat' dir='ltr'><strong>est;</strong></span> <span class='ocrx_word' id='word_1_570' title='bbox 2618 3987 2719 4028; x_wconf 87' lang='lat' dir='ltr'><strong>nec</strong></span> <span class='ocrx_word' id='word_1_571' title='bbox 2762 3977 2888 4023; x_wconf 92' lang='lat' dir='ltr'><strong>sunt</strong></span> <span class='ocrx_word' id='word_1_572' title='bbox 2920 3980 2983 4020; x_wconf 88' lang='lat' dir='ltr'><strong>ea</strong></span> <span class='ocrx_word' id='word_1_573' title='bbox 3028 3979 3056 4017; x_wconf 91' lang='lat' dir='ltr'><strong>a</strong></span> <span class='ocrx_word' id='word_1_574' title='bbox 3092 3963 3252 4017; x_wconf 83' lang='lat' dir='ltr'><strong>nobis</strong></span> <span class='ocrx_word' id='word_1_575' title='bbox 3286 3977 3374 4013; x_wconf 86' lang='lat' dir='ltr'><strong>re-</strong></span> 
     </span>
    </p>
   </div>
   <div class='ocr_carea' id='block_1_82' title="bbox 1801 4075 3379 4238">
    <p class='ocr_par' dir='ltr' id='par_1_82' title="bbox 1801 4075 3379 4238">
     <span class='ocr_line' id='line_1_82' title="bbox 1801 4075 3379 4238; baseline -0.02 -11"><span class='ocrx_word' id='word_1_576' title='bbox 1801 4075 2453 4233; x_wconf 46' lang='lat' dir='ltr'><strong>pegggikﬁpiseopos</strong></span> <span class='ocrx_word' id='word_1_577' title='bbox 2495 4159 2882 4238; x_wconf 83' lang='lat' dir='ltr'><strong>imperatorem</strong></span> <span class='ocrx_word' id='word_1_578' title='bbox 2928 4149 3105 4208; x_wconf 85' lang='lat' dir='ltr'><strong>adire,</strong></span> <span class='ocrx_word' id='word_1_579' title='bbox 3148 4147 3379 4238; x_wconf 71' lang='lat' dir='ltr'><strong>ejusque</strong></span> 
     </span>
    </p>
   </div>
   <div class='ocr_carea' id='block_1_83' title="bbox 109 4236 1679 4329">
    <p class='ocr_par' dir='ltr' id='par_1_83' title="bbox 109 4242 1679 4316">
     <span class='ocr_line' id='line_1_83' title="bbox 109 4242 1679 4316; baseline 0.002 -18"><span class='ocrx_word' id='word_1_580' title='bbox 109 4242 348 4304; x_wconf 74' lang='grc' dir='ltr'>κανόνες</span> <span class='ocrx_word' id='word_1_581' title='bbox 379 4245 509 4306; x_wconf 81' lang='grc' dir='ltr'>τοὺς</span> <span class='ocrx_word' id='word_1_582' title='bbox 533 4245 868 4307; x_wconf 85' lang='grc' dir='ltr'>ἐπισκόπους</span> <span class='ocrx_word' id='word_1_583' title='bbox 899 4245 1307 4316; x_wconf 84' lang='grc' dir='ltr'>προσέρχεσθαι</span> <span class='ocrx_word' id='word_1_584' title='bbox 1345 4247 1578 4315; x_wconf 87' lang='grc' dir='ltr'>βασιλεῖ,</span> <span class='ocrx_word' id='word_1_585' title='bbox 1605 4251 1679 4301; x_wconf 88' lang='grc' dir='ltr'><strong>κα</strong></span> 
     </span>
    </p>
   </div>
   <div class='ocr_carea' id='block_1_84' title="bbox 1811 4236 3384 4329">
    <p class='ocr_par' dir='ltr' id='par_1_84' title="bbox 1811 4236 3384 4329">
     <span class='ocr_line' id='line_1_84' title="bbox 1811 4236 3384 4329; baseline -0.022 -10"><span class='ocrx_word' id='word_1_586' title='bbox 1811 4277 1967 4319; x_wconf 82' lang='lat' dir='ltr'><strong>aures</strong></span> <span class='ocrx_word' id='word_1_587' title='bbox 2010 4258 2231 4329; x_wconf 58' lang='lat' dir='ltr'><strong>privatae</strong></span> <span class='ocrx_word' id='word_1_588' title='bbox 2271 4254 2348 4308; x_wconf 88' lang='lat' dir='ltr'><strong>rei</strong></span> <span class='ocrx_word' id='word_1_589' title='bbox 2393 4264 2559 4305; x_wconf 87' lang='lat' dir='ltr'><strong>causa</strong></span> <span class='ocrx_word' id='word_1_590' title='bbox 2597 4236 2929 4315; x_wconf 85' lang='lat' dir='ltr'><strong>importunis</strong></span> <span class='ocrx_word' id='word_1_591' title='bbox 2975 4238 3236 4329; x_wconf 82' lang='lat' dir='ltr'><strong>precibus</strong></span> <span class='ocrx_word' id='word_1_592' title='bbox 3269 4236 3384 4329; x_wconf 73' lang='lat' dir='ltr'><strong>cb—</strong></span> 
     </span>
    </p>
   </div>
   <div class='ocr_carea' id='block_1_85' title="bbox 112 4326 1679 4415">
    <p class='ocr_par' dir='ltr' id='par_1_85' title="bbox 112 4332 1679 4415">
     <span class='ocr_line' id='line_1_85' title="bbox 112 4332 1679 4415; baseline 0.003 -28"><span class='ocrx_word' id='word_1_593' title='bbox 112 4332 360 4402; x_wconf 68' lang='grc' dir='ltr'>ινοχλεῖν</span> <span class='ocrx_word' id='word_1_594' title='bbox 385 4335 534 4405; x_wconf 83' lang='grc' dir='ltr'>αὐτῷ</span> <span class='ocrx_word' id='word_1_595' title='bbox 561 4337 702 4406; x_wconf 78' lang='grc' dir='ltr'>ὑπὲρ</span> <span class='ocrx_word' id='word_1_596' title='bbox 725 4338 950 4415; x_wconf 28' lang='grc' dir='ltr'>ὀἰκείων</span> <span class='ocrx_word' id='word_1_597' title='bbox 990 4339 1256 4410; x_wconf 88' lang='grc' dir='ltr'>δεήσεων.</span> <span class='ocrx_word' id='word_1_598' title='bbox 1298 4341 1460 4395; x_wconf 82' lang='grc' dir='ltr'><strong>Ἀλλά</strong></span> <span class='ocrx_word' id='word_1_599' title='bbox 1490 4343 1586 4395; x_wconf 80' lang='grc' dir='ltr'>καὶ</span> <span class='ocrx_word' id='word_1_600' title='bbox 1613 4344 1679 4396; x_wconf 69' lang='grc' dir='ltr'><strong>ὅτι</strong></span> 
     </span>
    </p>
   </div>
   <div class='ocr_carea' id='block_1_86' title="bbox 1811 4326 3378 4415">
    <p class='ocr_par' dir='ltr' id='par_1_86' title="bbox 1811 4326 3378 4415">
     <span class='ocr_line' id='line_1_86' title="bbox 1811 4326 3378 4415; baseline -0.02 -7"><span class='ocrx_word' id='word_1_601' title='bbox 1811 4326 2057 4415; x_wconf 78' lang='lat' dir='ltr'><strong>tundere,</strong></span> <span class='ocrx_word' id='word_1_602' title='bbox 2085 4349 2187 4404; x_wconf 85' lang='lat' dir='ltr'><strong>nisi</strong></span> <span class='ocrx_word' id='word_1_603' title='bbox 2217 4361 2338 4400; x_wconf 90' lang='lat' dir='ltr'><strong>eum</strong></span> <span class='ocrx_word' id='word_1_604' title='bbox 2373 4343 2423 4397; x_wconf 90' lang='lat' dir='ltr'><strong>id</strong></span> <span class='ocrx_word' id='word_1_605' title='bbox 2461 4354 2685 4410; x_wconf 90' lang='lat' dir='ltr'><strong>prorsus</strong></span> <span class='ocrx_word' id='word_1_606' title='bbox 2717 4333 3030 4390; x_wconf 87' lang='lat' dir='ltr'><strong>necessario</strong></span> <span class='ocrx_word' id='word_1_607' title='bbox 3067 4326 3378 4415; x_wconf 81' lang='lat' dir='ltr'><strong>iaciendum</strong></span> 
     </span>
    </p>
   </div>
   <div class='ocr_carea' id='block_1_87' title="bbox 118 4411 1679 4507">
    <p class='ocr_par' dir='ltr' id='par_1_87' title="bbox 118 4411 1679 4507">
     <span class='ocr_line' id='line_1_87' title="bbox 118 4411 1679 4507; baseline 0.008 -31"><span class='ocrx_word' id='word_1_608' title='bbox 118 4424 314 4494; x_wconf 73' lang='grc' dir='ltr'>μέλλοι</span> <span class='ocrx_word' id='word_1_609' title='bbox 367 4443 452 4489; x_wconf 89' lang='grc' dir='ltr'><strong>τις</strong></span> <span class='ocrx_word' id='word_1_610' title='bbox 496 4411 794 4496; x_wconf 83' lang='grc' dir='ltr'>ἀναγκαῖόν</span> <span class='ocrx_word' id='word_1_611' title='bbox 847 4448 899 4482; x_wconf 86' lang='grc' dir='ltr'><strong>τι</strong></span> <span class='ocrx_word' id='word_1_612' title='bbox 952 4432 1270 4500; x_wconf 84' lang='grc' dir='ltr'>ἀνενεγκεῖν</span> <span class='ocrx_word' id='word_1_613' title='bbox 1321 4432 1564 4507; x_wconf 82' lang='grc' dir='ltr'>βασιλεῖ,</span> <span class='ocrx_word' id='word_1_614' title='bbox 1627 4437 1679 4505; x_wconf 62' lang='grc' dir='ltr'>μὶ</span> 
     </span>
    </p>
   </div>
   <div class='ocr_carea' id='block_1_88' title="bbox 1811 4411 3382 4507">
    <p class='ocr_par' dir='ltr' id='par_1_88' title="bbox 1811 4411 3382 4507">
     <span class='ocr_line' id='line_1_88' title="bbox 1811 4411 3382 4507; baseline -0.02 -9"><span class='ocrx_word' id='word_1_615' title='bbox 1811 4444 1898 4507; x_wconf 85' lang='lat' dir='ltr'><strong>sit,</strong></span> <span class='ocrx_word' id='word_1_616' title='bbox 1930 4411 2164 4494; x_wconf 86' lang='lat' dir='ltr'><strong>canones</strong></span> <span class='ocrx_word' id='word_1_617' title='bbox 2186 4435 2328 4487; x_wconf 88' lang='lat' dir='ltr'><strong>haud</strong></span> <span class='ocrx_word' id='word_1_618' title='bbox 2364 4431 2575 4484; x_wconf 90' lang='lat' dir='ltr'><strong>sinunt.</strong></span> <span class='ocrx_word' id='word_1_619' title='bbox 2620 4426 2822 4480; x_wconf 79' lang='lat' dir='ltr'><strong>Verum</strong></span> <span class='ocrx_word' id='word_1_620' title='bbox 2853 4427 2909 4477; x_wconf 82' lang='lat' dir='ltr'><strong>et</strong></span> <span class='ocrx_word' id='word_1_621' title='bbox 2939 4421 2984 4475; x_wconf 91' lang='lat' dir='ltr'><strong>si</strong></span> <span class='ocrx_word' id='word_1_622' title='bbox 3031 4415 3249 4487; x_wconf 89' lang='lat' dir='ltr'><strong>quando</strong></span> <span class='ocrx_word' id='word_1_623' title='bbox 3282 4413 3382 4467; x_wconf 84' lang='lat' dir='ltr'><strong>all-</strong></span> 
     </span>
    </p>
   </div>
   <div class='ocr_carea' id='block_1_89' title="bbox 115 4504 1679 4603">
    <p class='ocr_par' dir='ltr' id='par_1_89' title="bbox 115 4504 1679 4591">
     <span class='ocr_line' id='line_1_89' title="bbox 115 4504 1679 4591; baseline 0.004 -22"><span class='ocrx_word' id='word_1_624' title='bbox 115 4515 465 4586; x_wconf 84' lang='grc' dir='ltr'>ἀπέρχεσθαι</span> <span class='ocrx_word' id='word_1_625' title='bbox 489 4518 615 4571; x_wconf 77' lang='grc' dir='ltr'>ἄνευ</span> <span class='ocrx_word' id='word_1_626' title='bbox 643 4518 868 4590; x_wconf 86' lang='grc' dir='ltr'>γνώμης</span> <span class='ocrx_word' id='word_1_627' title='bbox 901 4521 1008 4573; x_wconf 86' lang='grc' dir='ltr'><strong>τῶν</strong></span> <span class='ocrx_word' id='word_1_628' title='bbox 1055 4523 1155 4590; x_wconf 82' lang='grc' dir='ltr'>τῆς</span> <span class='ocrx_word' id='word_1_629' title='bbox 1183 4516 1450 4591; x_wconf 78' lang='grc' dir='ltr'>ἐπαρχῑᾶς</span> <span class='ocrx_word' id='word_1_630' title='bbox 1477 4504 1679 4576; x_wconf 68' lang='grc' dir='ltr'>ἐπισκό</span> 
     </span>
    </p>
   </div>
   <div class='ocr_carea' id='block_1_90' title="bbox 1811 4504 3383 4603">
    <p class='ocr_par' dir='ltr' id='par_1_90' title="bbox 1811 4504 3383 4603">
     <span class='ocr_line' id='line_1_90' title="bbox 1811 4504 3383 4603; baseline -0.018 -16"><span class='ocrx_word' id='word_1_631' title='bbox 1811 4504 1939 4603; x_wconf 87' lang='lat' dir='ltr'><strong>quid</strong></span> <span class='ocrx_word' id='word_1_632' title='bbox 1989 4529 2055 4583; x_wconf 88' lang='lat' dir='ltr'><strong>ad</strong></span> <span class='ocrx_word' id='word_1_633' title='bbox 2108 4529 2488 4594; x_wconf 88' lang='lat' dir='ltr'><strong>imperatorem</strong></span> <span class='ocrx_word' id='word_1_634' title='bbox 2542 4519 2759 4573; x_wconf 81' lang='lat' dir='ltr'><strong>deferre</strong></span> <span class='ocrx_word' id='word_1_635' title='bbox 2815 4514 3084 4586; x_wconf 87' lang='lat' dir='ltr'><strong>quispiam</strong></span> <span class='ocrx_word' id='word_1_636' title='bbox 3154 4521 3383 4603; x_wconf 76' lang='lat' dir='ltr'><strong>necesse</strong></span> 
     </span>
    </p>
   </div>
   <div class='ocr_carea' id='block_1_91' title="bbox 117 4598 1679 4687">
    <p class='ocr_par' dir='ltr' id='par_1_91' title="bbox 117 4605 1679 4684">
     <span class='ocr_line' id='line_1_91' title="bbox 117 4605 1679 4684; baseline 0.004 -24"><span class='ocrx_word' id='word_1_637' title='bbox 117 4625 270 4674; x_wconf 84' lang='grc' dir='ltr'>πων,</span> <span class='ocrx_word' id='word_1_638' title='bbox 303 4609 398 4676; x_wconf 84' lang='grc' dir='ltr'><strong>ἀφ’</strong></span> <span class='ocrx_word' id='word_1_639' title='bbox 423 4605 493 4679; x_wconf 83' lang='grc' dir='ltr'><strong>ἧς</strong></span> <span class='ocrx_word' id='word_1_640' title='bbox 525 4611 619 4662; x_wconf 78' lang='grc' dir='ltr'>καὶ</span> <span class='ocrx_word' id='word_1_641' title='bbox 661 4614 689 4664; x_wconf 90' lang='grc' dir='ltr'><strong>ό</strong></span> <span class='ocrx_word' id='word_1_642' title='bbox 737 4612 997 4665; x_wconf 80' lang='grc' dir='ltr'>ἀπελθεῖν</span> <span class='ocrx_word' id='word_1_643' title='bbox 1045 4612 1258 4681; x_wconf 87' lang='grc' dir='ltr'>μέλλων</span> <span class='ocrx_word' id='word_1_644' title='bbox 1286 4614 1423 4679; x_wconf 72' lang='grc' dir='ltr'>ἐστὶ,</span> <span class='ocrx_word' id='word_1_645' title='bbox 1461 4614 1679 4684; x_wconf 74' lang='grc' dir='ltr'>μάλιστα</span> 
     </span>
    </p>
   </div>
   <div class='ocr_carea' id='block_1_92' title="bbox 1811 4598 3385 4687">
    <p class='ocr_par' dir='ltr' id='par_1_92' title="bbox 1814 4598 3385 4687">
     <span class='ocr_line' id='line_1_92' title="bbox 1814 4598 3385 4687; baseline -0.02 -8"><span class='ocrx_word' id='word_1_646' title='bbox 1814 4598 2088 4687; x_wconf 70' lang='lat' dir='ltr'><strong>liabuerit,</strong></span> <span class='ocrx_word' id='word_1_647' title='bbox 2120 4618 2220 4672; x_wconf 91' lang='lat' dir='ltr'><strong>nisi</strong></span> <span class='ocrx_word' id='word_1_648' title='bbox 2255 4617 2372 4684; x_wconf 87' lang='lat' dir='ltr'><strong>ejus</strong></span> <span class='ocrx_word' id='word_1_649' title='bbox 2399 4612 2715 4681; x_wconf 73' lang='lat' dir='ltr'><strong>provincire,</strong></span> <span class='ocrx_word' id='word_1_650' title='bbox 2747 4623 2810 4662; x_wconf 78' lang='lat' dir='ltr'><strong>ex</strong></span> <span class='ocrx_word' id='word_1_651' title='bbox 2840 4619 2944 4672; x_wconf 91' lang='lat' dir='ltr'><strong>qua</strong></span> <span class='ocrx_word' id='word_1_652' title='bbox 2979 4602 3093 4668; x_wconf 90' lang='lat' dir='ltr'><strong>ipse</strong></span> <span class='ocrx_word' id='word_1_653' title='bbox 3124 4606 3230 4658; x_wconf 86' lang='lat' dir='ltr'><strong>est,</strong></span> <span class='ocrx_word' id='word_1_654' title='bbox 3264 4598 3385 4664; x_wconf 88' lang='lat' dir='ltr'><strong>epi-</strong></span> 
     </span>
    </p>
   </div>
   <div class='ocr_carea' id='block_1_93' title="bbox 121 4688 1679 4783">
    <p class='ocr_par' dir='ltr' id='par_1_93' title="bbox 121 4700 1679 4774">
     <span class='ocr_line' id='line_1_93' title="bbox 121 4700 1679 4774; baseline 0.003 -19"><span class='ocrx_word' id='word_1_655' title='bbox 121 4702 180 4755; x_wconf 72' lang='grc' dir='ltr'><strong>δὲ</strong></span> <span class='ocrx_word' id='word_1_656' title='bbox 214 4700 311 4755; x_wconf 81' lang='grc' dir='ltr'>τοῦ</span> <span class='ocrx_word' id='word_1_657' title='bbox 347 4703 746 4771; x_wconf 77' lang='grc' dir='ltr'>μητροπολίτου</span> <span class='ocrx_word' id='word_1_658' title='bbox 788 4706 886 4772; x_wconf 81' lang='grc' dir='ltr'>τῆς</span> <span class='ocrx_word' id='word_1_659' title='bbox 917 4703 1188 4773; x_wconf 73' lang='grc' dir='ltr'>ἐπαρχίας</span> <span class='ocrx_word' id='word_1_660' title='bbox 1215 4704 1452 4774; x_wconf 79' lang='grc' dir='ltr'>ἐκείνης.</span> <span class='ocrx_word' id='word_1_661' title='bbox 1504 4708 1609 4760; x_wconf 84' lang='grc' dir='ltr'>Τὸν</span> <span class='ocrx_word' id='word_1_662' title='bbox 1647 4707 1679 4760; x_wconf 81' lang='grc' dir='ltr'><em>δ</em></span> 
     </span>
    </p>
   </div>
   <div class='ocr_carea' id='block_1_94' title="bbox 1811 4688 3381 4783">
    <p class='ocr_par' dir='ltr' id='par_1_94' title="bbox 1814 4688 3381 4783">
     <span class='ocr_line' id='line_1_94' title="bbox 1814 4688 3381 4783; baseline -0.022 -11"><span class='ocrx_word' id='word_1_663' title='bbox 1814 4715 2023 4783; x_wconf 81' lang='lat' dir='ltr'><strong>scopis,</strong></span> <span class='ocrx_word' id='word_1_664' title='bbox 2058 4726 2120 4765; x_wconf 89' lang='lat' dir='ltr'><strong>ac</strong></span> <span class='ocrx_word' id='word_1_665' title='bbox 2161 4706 2576 4774; x_wconf 88' lang='lat' dir='ltr'><strong>metropolitano</strong></span> <span class='ocrx_word' id='word_1_666' title='bbox 2614 4697 2914 4768; x_wconf 81' lang='lat' dir='ltr'><strong>praesertim</strong></span> <span class='ocrx_word' id='word_1_667' title='bbox 2957 4688 3202 4783; x_wconf 38' lang='lat' dir='ltr'><strong>ejusd‘ein</strong></span> <span class='ocrx_word' id='word_1_668' title='bbox 3253 4701 3381 4755; x_wconf 86' lang='lat' dir='ltr'><strong>pro-</strong></span> 
     </span>
    </p>
   </div>
   <div class='ocr_carea' id='block_1_95' title="bbox 114 4779 1679 4866">
    <p class='ocr_par' dir='ltr' id='par_1_95' title="bbox 114 4793 1679 4866">
     <span class='ocr_line' id='line_1_95' title="bbox 114 4793 1679 4866; baseline 0.001 -20"><span class='ocrx_word' id='word_1_669' title='bbox 114 4793 451 4862; x_wconf 68' lang='grc' dir='ltr'>ὁρμήσαντα</span> <span class='ocrx_word' id='word_1_670' title='bbox 481 4793 650 4862; x_wconf 68' lang='grc' dir='ltr'>χωρὶς</span> <span class='ocrx_word' id='word_1_671' title='bbox 680 4796 903 4865; x_wconf 85' lang='grc' dir='ltr'>γνώμης</span> <span class='ocrx_word' id='word_1_672' title='bbox 939 4795 1048 4864; x_wconf 73' lang='grc'>(48)</span> <span class='ocrx_word' id='word_1_673' title='bbox 1074 4795 1170 4847; x_wconf 76' lang='grc' dir='ltr'>καὶ</span> <span class='ocrx_word' id='word_1_674' title='bbox 1210 4797 1561 4866; x_wconf 80' lang='grc' dir='ltr'>γραμμάτων</span> <span class='ocrx_word' id='word_1_675' title='bbox 1606 4798 1679 4850; x_wconf 65' lang='lat' dir='ltr'><strong>toi</strong></span> 
     </span>
    </p>
   </div>
   <div class='ocr_carea' id='block_1_96' title="bbox 1811 4779 3384 4866">
    <p class='ocr_par' dir='ltr' id='par_1_96' title="bbox 1813 4779 3384 4858">
     <span class='ocr_line' id='line_1_96' title="bbox 1813 4779 3384 4858; baseline -0.018 -1"><span class='ocrx_word' id='word_1_676' title='bbox 1813 4779 2008 4858; x_wconf 75' lang='lat' dir='ltr'><strong>vincia:</strong></span> <span class='ocrx_word' id='word_1_677' title='bbox 2051 4794 2446 4852; x_wconf 88' lang='lat' dir='ltr'><strong>consentiente,</strong></span> <span class='ocrx_word' id='word_1_678' title='bbox 2501 4786 2769 4857; x_wconf 82' lang='lat' dir='ltr'><strong>proﬁcisci</strong></span> <span class='ocrx_word' id='word_1_679' title='bbox 2826 4790 3036 4837; x_wconf 84' lang='lat' dir='ltr'><strong>vetant.</strong></span> <span class='ocrx_word' id='word_1_680' title='bbox 3095 4779 3194 4841; x_wconf 89' lang='lat' dir='ltr'><strong>Qui</strong></span> <span class='ocrx_word' id='word_1_681' title='bbox 3253 4792 3384 4830; x_wconf 88' lang='lat' dir='ltr'><strong>vero</strong></span> 
     </span>
    </p>
   </div>
   <div class='ocr_carea' id='block_1_97' title="bbox 127 4871 1679 4961">
    <p class='ocr_par' dir='ltr' id='par_1_97' title="bbox 127 4883 1670 4957">
     <span class='ocr_line' id='line_1_97' title="bbox 127 4883 1670 4957; baseline 0.006 -27"><span class='ocrx_word' id='word_1_682' title='bbox 127 4883 540 4953; x_wconf 70' lang='grc' dir='ltr'>μητροπολίτω</span> <span class='ocrx_word' id='word_1_683' title='bbox 574 4885 829 4940; x_wconf 87' lang='grc' dir='ltr'>ἀπελθεῖν</span> <span class='ocrx_word' id='word_1_684' title='bbox 861 4888 997 4956; x_wconf 74' lang='grc' dir='ltr'>πρὸς</span> <span class='ocrx_word' id='word_1_685' title='bbox 1031 4886 1254 4955; x_wconf 87' lang='grc' dir='ltr'>βασιλέα</span> <span class='ocrx_word' id='word_1_686' title='bbox 1285 4888 1670 4957; x_wconf 86' lang='grc' dir='ltr'>καθαιρεῖσθαι</span> 
     </span>
    </p>
   </div>
   <div class='ocr_carea' id='block_1_98' title="bbox 1811 4871 3385 4961">
    <p class='ocr_par' dir='ltr' id='par_1_98' title="bbox 1815 4871 3385 4961">
     <span class='ocr_line' id='line_1_98' title="bbox 1815 4871 3385 4961; baseline -0.022 -11"><span class='ocrx_word' id='word_1_687' title='bbox 1815 4895 2024 4961; x_wconf 86' lang='lat' dir='ltr'><strong>absque</strong></span> <span class='ocrx_word' id='word_1_688' title='bbox 2060 4882 2459 4952; x_wconf 86' lang='lat' dir='ltr'><strong>metropolitani</strong></span> <span class='ocrx_word' id='word_1_689' title='bbox 2486 4895 2756 4934; x_wconf 89' lang='lat' dir='ltr'><strong>consensu</strong></span> <span class='ocrx_word' id='word_1_690' title='bbox 2796 4891 2858 4929; x_wconf 91' lang='lat' dir='ltr'><strong>ac</strong></span> <span class='ocrx_word' id='word_1_691' title='bbox 2889 4873 3082 4927; x_wconf 89' lang='lat' dir='ltr'><strong>litteris</strong></span> <span class='ocrx_word' id='word_1_692' title='bbox 3110 4871 3174 4923; x_wconf 87' lang='lat' dir='ltr'><strong>ad</strong></span> <span class='ocrx_word' id='word_1_693' title='bbox 3216 4871 3385 4938; x_wconf 78' lang='lat' dir='ltr'><strong>impe.</strong></span> 
     </span>
    </p>
   </div>
   <div class='ocr_carea' id='block_1_99' title="bbox 138 4963 1679 5048">
    <p class='ocr_par' dir='ltr' id='par_1_99' title="bbox 138 4975 1679 5048">
     <span class='ocr_line' id='line_1_99' title="bbox 138 4975 1679 5048; baseline 0.002 -21"><span class='ocrx_word' id='word_1_694' title='bbox 138 4976 202 5028; x_wconf 88' lang='lat'><strong>&#39;0</strong></span> <span class='ocrx_word' id='word_1_695' title='bbox 253 4976 310 5027; x_wconf 76' lang='grc' dir='ltr'><strong>δὲ</strong></span> <span class='ocrx_word' id='word_1_696' title='bbox 356 4975 456 5044; x_wconf 75' lang='grc' dir='ltr'>τῆς</span> <span class='ocrx_word' id='word_1_697' title='bbox 500 4977 558 5028; x_wconf 86' lang='grc' dir='ltr'><strong>ἐν</strong></span> <span class='ocrx_word' id='word_1_698' title='bbox 605 4977 836 5046; x_wconf 84' lang='grc' dir='ltr'>Σαρδικῇ</span> <span class='ocrx_word' id='word_1_699' title='bbox 883 4979 1102 5030; x_wconf 81' lang='grc' dir='ltr'>συνόδου</span> <span class='ocrx_word' id='word_1_700' title='bbox 1142 4975 1186 5038; x_wconf 79' lang='grc' dir='ltr'><strong>ζ’</strong></span> <span class='ocrx_word' id='word_1_701' title='bbox 1210 4975 1392 5029; x_wconf 88' lang='grc' dir='ltr'>κανὼν</span> <span class='ocrx_word' id='word_1_702' title='bbox 1425 4979 1520 5030; x_wconf 56' lang='grc' dir='ltr'><strong>καὶ⁵</strong></span> <span class='ocrx_word' id='word_1_703' title='bbox 1550 4984 1623 5048; x_wconf 87' lang='grc' dir='ltr'>η’,</span> <span class='ocrx_word' id='word_1_704' title='bbox 1657 4996 1679 5030; x_wconf 91' lang='grc' dir='ltr'><strong>ε</strong></span> 
     </span>
    </p>
   </div>
   <div class='ocr_carea' id='block_1_100' title="bbox 1811 4963 3385 5048">
    <p class='ocr_par' dir='ltr' id='par_1_100' title="bbox 1811 4963 3385 5040">
     <span class='ocr_line' id='line_1_100' title="bbox 1811 4963 3385 5040; baseline -0.017 0"><span class='ocrx_word' id='word_1_705' title='bbox 1811 4995 2047 5040; x_wconf 85' lang='lat' dir='ltr'><strong>ratorem</strong></span> <span class='ocrx_word' id='word_1_706' title='bbox 2099 4978 2249 5030; x_wconf 88' lang='lat' dir='ltr'><strong>adire</strong></span> <span class='ocrx_word' id='word_1_707' title='bbox 2295 4974 2351 5027; x_wconf 88' lang='lat' dir='ltr'><strong>in</strong></span> <span class='ocrx_word' id='word_1_708' title='bbox 2403 4973 2644 5027; x_wconf 89' lang='lat' dir='ltr'><strong>animum</strong></span> <span class='ocrx_word' id='word_1_709' title='bbox 2700 4967 2995 5026; x_wconf 82' lang='lat' dir='ltr'><strong>induxerit,</strong></span> <span class='ocrx_word' id='word_1_710' title='bbox 3040 4963 3385 5031; x_wconf 89' lang='lat' dir='ltr'><strong>depositione</strong></span> 
     </span>
    </p>
   </div>
   <div class='ocr_carea' id='block_1_101' title="bbox 128 5055 1679 5143">
    <p class='ocr_par' dir='ltr' id='par_1_101' title="bbox 128 5059 1679 5141">
     <span class='ocr_line' id='line_1_101' title="bbox 128 5059 1679 5141; baseline 0.002 -19"><span class='ocrx_word' id='word_1_711' title='bbox 128 5069 226 5123; x_wconf 87' lang='grc' dir='ltr'><strong>διὰ</strong></span> <span class='ocrx_word' id='word_1_712' title='bbox 251 5059 509 5140; x_wconf 84' lang='grc' dir='ltr'>βοήθειαν</span> <span class='ocrx_word' id='word_1_713' title='bbox 537 5071 724 5141; x_wconf 86' lang='grc' dir='ltr'>χηρῶν</span> <span class='ocrx_word' id='word_1_714' title='bbox 754 5072 848 5124; x_wconf 76' lang='grc' dir='ltr'><strong>καὶ</strong></span> <span class='ocrx_word' id='word_1_715' title='bbox 875 5072 1131 5141; x_wconf 77' lang='grc' dir='ltr'>ὀρφανῶν</span> <span class='ocrx_word' id='word_1_716' title='bbox 1180 5070 1273 5123; x_wconf 61' lang='grc' dir='ltr'><strong>καὶ⁸</strong></span> <span class='ocrx_word' id='word_1_717' title='bbox 1302 5070 1574 5140; x_wconf 81' lang='grc' dir='ltr'>πενήτων,</span> <span class='ocrx_word' id='word_1_718' title='bbox 1614 5090 1679 5125; x_wconf 83' lang='grc' dir='ltr'><strong>κα</strong></span> 
     </span>
    </p>
   </div>
   <div class='ocr_carea' id='block_1_102' title="bbox 1811 5055 3383 5143">
    <p class='ocr_par' dir='ltr' id='par_1_102' title="bbox 1812 5055 3383 5143">
     <span class='ocr_line' id='line_1_102' title="bbox 1812 5055 3383 5143; baseline -0.017 -11"><span class='ocrx_word' id='word_1_719' title='bbox 1812 5073 2027 5133; x_wconf 84' lang='lat' dir='ltr'><strong>multari</strong></span> <span class='ocrx_word' id='word_1_720' title='bbox 2063 5072 2277 5143; x_wconf 86' lang='lat' dir='ltr'><strong>jubent.</strong></span> <span class='ocrx_word' id='word_1_721' title='bbox 2317 5064 2654 5122; x_wconf 88' lang='lat' dir='ltr'><strong>Sardicensis</strong></span> <span class='ocrx_word' id='word_1_722' title='bbox 2710 5076 2840 5116; x_wconf 87' lang='lat' dir='ltr'><strong>vero</strong></span> <span class='ocrx_word' id='word_1_723' title='bbox 2888 5055 3080 5124; x_wconf 88' lang='lat' dir='ltr'><strong>synodi</strong></span> <span class='ocrx_word' id='word_1_724' title='bbox 3140 5068 3383 5109; x_wconf 89' lang='lat' dir='ltr'><strong>canones</strong></span> 
     </span>
    </p>
   </div>
   <div class='ocr_carea' id='block_1_103' title="bbox 129 5148 1679 5236">
    <p class='ocr_par' dir='ltr' id='par_1_103' title="bbox 129 5160 1679 5233">
     <span class='ocr_line' id='line_1_103' title="bbox 129 5160 1679 5233; baseline 0.003 -19"><span class='ocrx_word' id='word_1_725' title='bbox 129 5160 347 5217; x_wconf 80' lang='grc' dir='ltr'>λαῖκῶν</span> <span class='ocrx_word' id='word_1_726' title='bbox 380 5162 838 5230; x_wconf 84' lang='grc' dir='ltr'>προσφευγόντων</span> <span class='ocrx_word' id='word_1_727' title='bbox 863 5166 928 5233; x_wconf 75' lang='grc' dir='ltr'>τῇ</span> <span class='ocrx_word' id='word_1_728' title='bbox 961 5163 1230 5232; x_wconf 77' lang='grc' dir='ltr'>ἐκκλησίᾳ</span> <span class='ocrx_word' id='word_1_729' title='bbox 1261 5161 1638 5233; x_wconf 76' lang='grc' dir='ltr'>ἀδικουμένων</span> <span class='ocrx_word' id='word_1_730' title='bbox 1670 5171 1679 5220; x_wconf 90' lang='lat' dir='ltr'><strong>i</strong></span> 
     </span>
    </p>
   </div>
   <div class='ocr_carea' id='block_1_104' title="bbox 1811 5148 3386 5236">
    <p class='ocr_par' dir='ltr' id='par_1_104' title="bbox 1814 5148 3386 5236">
     <span class='ocr_line' id='line_1_104' title="bbox 1814 5148 3386 5236; baseline -0.015 -15"><span class='ocrx_word' id='word_1_731' title='bbox 1814 5171 1844 5221; x_wconf 88' lang='lat'><strong>7</strong></span> <span class='ocrx_word' id='word_1_732' title='bbox 1900 5173 1952 5218; x_wconf 86' lang='lat' dir='ltr'><strong>et</strong></span> <span class='ocrx_word' id='word_1_733' title='bbox 1984 5163 2016 5217; x_wconf 87' lang='lat'>8</span> <span class='ocrx_word' id='word_1_734' title='bbox 2076 5161 2357 5233; x_wconf 85' lang='lat' dir='ltr'><strong>episcopo,</strong></span> <span class='ocrx_word' id='word_1_735' title='bbox 2408 5168 2465 5212; x_wconf 94' lang='lat' dir='ltr'><strong>ut</strong></span> <span class='ocrx_word' id='word_1_736' title='bbox 2507 5157 2792 5209; x_wconf 88' lang='lat' dir='ltr'><strong>viduarum</strong></span> <span class='ocrx_word' id='word_1_737' title='bbox 2840 5148 3282 5219; x_wconf 88' lang='lat' dir='ltr'><strong>pupillorumquc</strong></span> <span class='ocrx_word' id='word_1_738' title='bbox 3334 5155 3386 5236; x_wconf 84' lang='lat' dir='ltr'><strong>et</strong></span> 
     </span>
    </p>
   </div>
   <div class='ocr_carea' id='block_1_105' title="bbox 134 5235 1679 5330">
    <p class='ocr_par' dir='ltr' id='par_1_105' title="bbox 134 5252 1679 5327">
     <span class='ocr_line' id='line_1_105' title="bbox 134 5252 1679 5327; baseline 0.001 -19"><span class='ocrx_word' id='word_1_739' title='bbox 134 5254 762 5323; x_wconf 81' lang='grc' dir='ltr'>καταδυναστευομένων</span> <span class='ocrx_word' id='word_1_740' title='bbox 806 5253 839 5323; x_wconf 72' lang='grc' dir='ltr'><strong>ἢ</strong></span> <span class='ocrx_word' id='word_1_741' title='bbox 882 5252 1375 5325; x_wconf 71' lang='grc' dir='ltr'>ἀποστερουμένων</span> <span class='ocrx_word' id='word_1_742' title='bbox 1415 5254 1527 5307; x_wconf 86' lang='grc' dir='ltr'><strong>τῶν</strong></span> <span class='ocrx_word' id='word_1_743' title='bbox 1579 5257 1679 5327; x_wconf 85' lang='grc' dir='ltr'><strong>ἁνη</strong></span> 
     </span>
    </p>
   </div>
   <div class='ocr_carea' id='block_1_106' title="bbox 1811 5235 3383 5330">
    <p class='ocr_par' dir='ltr' id='par_1_106' title="bbox 1821 5235 3383 5330">
     <span class='ocr_line' id='line_1_106' title="bbox 1821 5235 3383 5330; baseline -0.014 -21"><span class='ocrx_word' id='word_1_744' title='bbox 1821 5240 2119 5330; x_wconf 84' lang='lat' dir='ltr'><strong>pauperum</strong></span> <span class='ocrx_word' id='word_1_745' title='bbox 2152 5265 2372 5305; x_wconf 89' lang='lat' dir='ltr'><strong>causam</strong></span> <span class='ocrx_word' id='word_1_746' title='bbox 2404 5255 2545 5316; x_wconf 81' lang='lat' dir='ltr'><strong>agat,</strong></span> <span class='ocrx_word' id='word_1_747' title='bbox 2578 5258 2641 5295; x_wconf 87' lang='lat' dir='ltr'><strong>ac</strong></span> <span class='ocrx_word' id='word_1_748' title='bbox 2677 5241 2834 5296; x_wconf 90' lang='lat' dir='ltr'><strong>laicis</strong></span> <span class='ocrx_word' id='word_1_749' title='bbox 2869 5239 3268 5310; x_wconf 84' lang='lat' dir='ltr'><strong>patrocinetur,</strong></span> <span class='ocrx_word' id='word_1_750' title='bbox 3292 5235 3383 5304; x_wconf 90' lang='lat' dir='ltr'><strong>qui</strong></span> 
     </span>
    </p>
   </div>
   <div class='ocr_carea' id='block_1_107' title="bbox 1395 5362 2167 5476">
    <p class='ocr_par' dir='ltr' id='par_1_107' title="bbox 1395 5362 2167 5476">
     <span class='ocr_line' id='line_1_107' title="bbox 1395 5362 2167 5476; baseline 0.005 -26"><span class='ocrx_word' id='word_1_751' title='bbox 1395 5391 1584 5455; x_wconf 89' lang='lat' dir='ltr'><strong>Guill.</strong></span> <span class='ocrx_word' id='word_1_752' title='bbox 1619 5395 1944 5476; x_wconf 76' lang='lat' dir='ltr'><strong>Bevercgii</strong></span> <span class='ocrx_word' id='word_1_753' title='bbox 1976 5362 2167 5456; x_wconf 78' lang='lat' dir='ltr'><strong>notae.</strong></span> 
     </span>
    </p>
   </div>
   <div class='ocr_carea' id='block_1_108' title="bbox 238 5520 3381 5616">
    <p class='ocr_par' dir='ltr' id='par_1_108' title="bbox 238 5520 3381 5616">
     <span class='ocr_line' id='line_1_108' title="bbox 238 5520 3381 5616; baseline -0.004 -20"><span class='ocrx_word' id='word_1_754' title='bbox 238 5544 330 5613; x_wconf 70' lang='lat'><strong>47)</strong></span> <span class='ocrx_word' id='word_1_755' title='bbox 366 5541 532 5616; x_wconf 57' lang='lat' dir='ltr'><strong>‘Eazet</strong></span> <span class='ocrx_word' id='word_1_756' title='bbox 565 5544 631 5598; x_wconf 83' lang='grc' dir='ltr'><em>δέ</em></span> <span class='ocrx_word' id='word_1_757' title='bbox 659 5545 853 5616; x_wconf 41' lang='grc' dir='ltr'>τινεόη</span> <span class='ocrx_word' id='word_1_758' title='bbox 883 5540 1008 5616; x_wconf 60' lang='lat' dir='ltr'><strong>ﬂa’c</strong></span> <span class='ocrx_word' id='word_1_759' title='bbox 1038 5556 1212 5610; x_wconf 88' lang='lat' dir='ltr'><strong>usque</strong></span> <span class='ocrx_word' id='word_1_760' title='bbox 1253 5542 1319 5616; x_wconf 70' lang='lat' dir='ltr'><strong>ad</strong></span> <span class='ocrx_word' id='word_1_761' title='bbox 1349 5540 1516 5616; x_wconf 63' lang='lat' dir='ltr'><strong>linem</strong></span> <span class='ocrx_word' id='word_1_762' title='bbox 1540 5543 1708 5611; x_wconf 86' lang='lat' dir='ltr'><strong>hujus</strong></span> <span class='ocrx_word' id='word_1_763' title='bbox 1808 5546 2088 5616; x_wconf 87' lang='lat' dir='ltr'><strong>sequentia</strong></span> <span class='ocrx_word' id='word_1_764' title='bbox 2121 5544 2347 5616; x_wconf 66' lang='lat' dir='ltr'><strong>zonarae</strong></span> <span class='ocrx_word' id='word_1_765' title='bbox 2375 5535 2535 5616; x_wconf 69' lang='lat' dir='ltr'><strong>verba</strong></span> <span class='ocrx_word' id='word_1_766' title='bbox 2561 5532 2735 5616; x_wconf 75' lang='lat' dir='ltr'><strong>codex</strong></span> <span class='ocrx_word' id='word_1_767' title='bbox 2761 5520 3381 5616; x_wconf 33' lang='lat' dir='ltr'><strong>Anierbacltiftdl‘lf‘itlf:</strong></span> 
     </span>
    </p>
   </div>
   <div class='ocr_carea' id='block_1_109' title="bbox 138 5590 1679 5686">
    <p class='ocr_par' dir='ltr' id='par_1_109' title="bbox 138 5590 1679 5686">
     <span class='ocr_line' id='line_1_109' title="bbox 138 5590 1679 5686; baseline -0.001 -17"><span class='ocrx_word' id='word_1_768' title='bbox 138 5590 1679 5686; x_wconf 41' lang='lat' dir='ltr'><strong>Batiam:insistens;ante:animast;</strong></span> 
     </span>
    </p>
   </div>
   <div class='ocr_carea' id='block_1_110' title="bbox 1811 5590 3389 5686">
    <p class='ocr_par' dir='ltr' id='par_1_110' title="bbox 1811 5590 3389 5686">
     <span class='ocr_line' id='line_1_110' title="bbox 1811 5590 3389 5686; baseline -0.022 -14"><span class='ocrx_word' id='word_1_769' title='bbox 2382 5609 2437 5658; x_wconf 79' lang='grc' dir='ltr'><strong>δὲ</strong></span> <span class='ocrx_word' id='word_1_770' title='bbox 2464 5605 2790 5686; x_wconf 51' lang='grc' dir='ltr'>ὁρμήσαντα</span> 
     </span>
    </p>
   </div>
   <div class='ocr_carea' id='block_1_111' title="bbox 138 5660 1679 5758">
    <p class='ocr_par' dir='ltr' id='par_1_111' title="bbox 138 5660 1678 5758">
     <span class='ocr_line' id='line_1_111' title="bbox 138 5660 1678 5758; baseline 0 -20"><span class='ocrx_word' id='word_1_771' title='bbox 138 5660 418 5758; x_wconf 57' lang='grc' dir='ltr'>ἶῖενίιιιιιε</span> <span class='ocrx_word' id='word_1_772' title='bbox 447 5699 464 5736; x_wconf 89' lang='lat'><strong>:</strong></span> <span class='ocrx_word' id='word_1_773' title='bbox 492 5660 846 5758; x_wconf 36' lang='lat' dir='ltr'><strong>s_edfe§stant</strong></span> <span class='ocrx_word' id='word_1_774' title='bbox 885 5682 1049 5758; x_wconf 67' lang='lat' dir='ltr'><strong>etiam</strong></span> <span class='ocrx_word' id='word_1_775' title='bbox 1106 5680 1162 5758; x_wconf 78' lang='lat' dir='ltr'><strong>in</strong></span> <span class='ocrx_word' id='word_1_776' title='bbox 1218 5660 1678 5758; x_wconf 71' lang='lat' dir='ltr'><strong>Amerbachianor</strong></span> 
     </span>
    </p>
   </div>
   <div class='ocr_carea' id='block_1_112' title="bbox 1811 5660 3388 5758">
    <p class='ocr_par' dir='ltr' id='par_1_112' title="bbox 1811 5660 3388 5758">
     <span class='ocr_line' id='line_1_112' title="bbox 1811 5660 3388 5758; baseline -0.006 9"><span class='ocrx_word' id='word_1_777' title='bbox 1811 5660 2666 5758; x_wconf 40' lang='lat' dir='ltr'><strong>timeas:&quot;approach.</strong></span> <span class='ocrx_word' id='word_1_778' title='bbox 2834 5660 2845 5666; x_wconf 90' lang='grc'>·</span> <span class='ocrx_word' id='word_1_779' title='bbox 3005 5660 3388 5758; x_wconf 55' lang='grc' dir='ltr'>ξιξξιξ</span> 
     </span>
    </p>
   </div>
   <div class='ocr_carea' id='block_1_113' title="bbox 142 5733 1679 5822">
    <p class='ocr_par' dir='ltr' id='par_1_113' title="bbox 142 5733 1679 5819">
     <span class='ocr_line' id='line_1_113' title="bbox 142 5733 1679 5819; baseline -0.003 -9"><span class='ocrx_word' id='word_1_780' title='bbox 142 5733 462 5809; x_wconf 46' lang='lat' dir='ltr'><strong>aestas—ia</strong></span> <span class='ocrx_word' id='word_1_781' title='bbox 493 5733 955 5819; x_wconf 50' lang='lat' dir='ltr'><strong>‘raia‘aa‘riain</strong></span> <span class='ocrx_word' id='word_1_782' title='bbox 972 5733 979 5734; x_wconf 14' lang='lat'><em>7</em></span> <span class='ocrx_word' id='word_1_783' title='bbox 999 5733 1314 5806; x_wconf 54' lang='lat' dir='ltr'><strong>Geminius</strong></span> <span class='ocrx_word' id='word_1_784' title='bbox 1334 5733 1623 5808; x_wconf 51' lang='lat' dir='ltr'><strong>uertem;</strong></span> <span class='ocrx_word' id='word_1_785' title='bbox 1637 5733 1679 5809; x_wconf 62' lang='grc' dir='ltr'><strong>ἐς</strong></span> 
     </span>
    </p>
   </div>
   <div class='ocr_carea' id='block_1_114' title="bbox 1811 5733 3387 5822">
    <p class='ocr_par' dir='ltr' id='par_1_114' title="bbox 1811 5733 3387 5822">
     <span class='ocr_line' id='line_1_114' title="bbox 1811 5733 3387 5822; baseline -0.019 -12"><span class='ocrx_word' id='word_1_786' title='bbox 1811 5733 2501 5822; x_wconf 50' lang='grc' dir='ltr'>ἀπέλθΓεῖνῙιρδξβᾶσὶλέα,</span> <span class='ocrx_word' id='word_1_787' title='bbox 2537 5743 2827 5800; x_wconf 81' lang='grc' dir='ltr'>ἐκπίπτειν</span> <span class='ocrx_word' id='word_1_788' title='bbox 2859 5737 2960 5805; x_wconf 85' lang='grc' dir='ltr'><strong>τῆς</strong></span> <span class='ocrx_word' id='word_1_789' title='bbox 3017 5733 3173 5800; x_wconf 78' lang='grc' dir='ltr'>ἀξίας</span> <span class='ocrx_word' id='word_1_790' title='bbox 3211 5733 3387 5787; x_wconf 81' lang='grc' dir='ltr'>αὑτοῦ</span> 
     </span>
    </p>
   </div>
   <div class='ocr_carea' id='block_1_115' title="bbox 141 5822 2365 5901">
    <p class='ocr_par' dir='ltr' id='par_1_115' title="bbox 141 5822 2365 5901">
     <span class='ocr_line' id='line_1_115' title="bbox 141 5822 2365 5901; baseline -0.013 2"><span class='ocrx_word' id='word_1_791' title='bbox 141 5825 322 5901; x_wconf 57' lang='lat' dir='ltr'><strong>WB}?</strong></span> <span class='ocrx_word' id='word_1_792' title='bbox 355 5822 560 5901; x_wconf 48' lang='grc' dir='ltr'><strong>Σίῗτίίὲ.</strong></span> <span class='ocrx_word' id='word_1_793' title='bbox 617 5894 629 5901; x_wconf 89' lang='grc'>.</span> <span class='ocrx_word' id='word_1_794' title='bbox 733 5891 745 5901; x_wconf 94' lang='grc'><em>.</em></span> <span class='ocrx_word' id='word_1_795' title='bbox 1099 5891 1111 5901; x_wconf 85' lang='grc'><strong>,</strong></span> <span class='ocrx_word' id='word_1_796' title='bbox 1275 5890 1289 5901; x_wconf 89' lang='grc'><strong>,</strong></span> <span class='ocrx_word' id='word_1_797' title='bbox 1496 5892 1537 5901; x_wconf 86' lang='lat'>__</span> <span class='ocrx_word' id='word_1_798' title='bbox 1808 5828 1927 5901; x_wconf 66' lang='grc' dir='ltr'>ἦτοι</span> <span class='ocrx_word' id='word_1_799' title='bbox 1961 5823 2365 5895; x_wconf 85' lang='grc' dir='ltr'>καθαιρεῖσθαι.</span> 
     </span>
    </p>
   </div>
   <div class='ocr_carea' id='block_1_116' title="bbox 218 5890 1702 5965">
    <p class='ocr_par' dir='ltr' id='par_1_116' title="bbox 218 5890 1702 5965">
     <span class='ocr_line' id='line_1_116' title="bbox 218 5890 1702 5965; baseline 0.001 -17"><span class='ocrx_word' id='word_1_800' title='bbox 218 5893 330 5965; x_wconf 71' lang='lat'><strong>(48)</strong></span> <span class='ocrx_word' id='word_1_801' title='bbox 358 5891 469 5947; x_wconf 81' lang='grc' dir='ltr'><strong>Τὸν</strong></span> <span class='ocrx_word' id='word_1_802' title='bbox 500 5891 567 5946; x_wconf 78' lang='grc' dir='ltr'><strong>δὲ</strong></span> <span class='ocrx_word' id='word_1_803' title='bbox 599 5891 947 5962; x_wconf 72' lang='grc' dir='ltr'>ὁρμήσαντα</span> <span class='ocrx_word' id='word_1_804' title='bbox 973 5891 1150 5964; x_wconf 65' lang='grc' dir='ltr'>χωρὶς</span> <span class='ocrx_word' id='word_1_805' title='bbox 1185 5890 1438 5964; x_wconf 69' lang='grc' dir='ltr'>γνώμης.</span> <span class='ocrx_word' id='word_1_806' title='bbox 1496 5892 1620 5950; x_wconf 69' lang='lat' dir='ltr'><strong>llaec</strong></span> <span class='ocrx_word' id='word_1_807' title='bbox 1649 5905 1702 5952; x_wconf 90' lang='lat' dir='ltr'><strong>ct</strong></span> 
     </span>
    </p>
   </div>
  </div>
