3974 6346
627 465 756 528 13οἾ

1879 467 2152 559 ΤΗΕΟΙ).
2194 468 2422 528 BALSA
2435 470 2594 531 ΜοΝ

3749 473 3774 535 1
3786 469 3865 531 $33

624 598 680 634 se
712 580 1085 650 periniurium
1131 595 1160 634 a
1210 580 1608 650 potentioribus
1655 580 1910 651 Opprimi,
1976 596 2183 651 suaque

2329 584 2500 636 όντων
2532 587 2738 651 αὐτοῖς,
2772 587 2804 659 ἢ
2841 587 2934 641 καὶ
2963 586 3380 657 περιορισθῆναι
3405 585 3494 639 διὰ
3549 585 3868 654 πταίσματι

624 674 724 725 sibi
746 673 938 737 injuste
953 671 1083 740 eripi
1103 681 1425 743 queruntur,
1450 681 1843 742 proptereaque
1859 673 1927 728 ab
1948 673 2190 728 Ecclesia

625 763 728 816 sibi
773 761 929 832 441
980 763 1242 816 auxilium
1289 772 1609 831 exposcunt,
1655 771 1749 818 aut
1779 763 1942 817 etiam
1991 764 2190 832 quibus

625 857 695 906 ob
736 855 944 924 aliquas
973 854 1152 909 delicti
1190 853 1518 909 oﬂ'eusiones
1545 855 1723 909 exsilii
1758 871 1916 925 pmna
1952 856 2189 925 irrogata

626 955 731 1008 est,
771 946 1150 1014 imperatorem
1193 946 1422 1001 adeundi
1460 946 1770 1001 facultatem
1827 959 1953 1002 esse
1998 948 2186 1002 decer-

2298 679 2844 744 καταδικασθέντων,
2892 681 3206 755 προσελθεῖν
3274 679 3453 732 ἐθέλοι
3501 679 3586 748 τῷ
3642 678 3866 749 βασιλεῖ,

2297 768 2601 838 ὲκχωροῦσι
2627 771 2704 840 τῷ
2735 770 2958 840 τοιούτῳ
2991 770 3210 824 ἀπιέναι
3236 785 3250 800 ·
3283 769 3484 837 μᾶλλον
3517 769 3584 829 ea
3622 768 3868 821 διάκονεί

2297 859 2537 912 στέλλειν
2567 863 2768 915 οἰκεῖον
2789 863 2924 932 πρὸς
2956 862 3048 914 τὸν
3077 861 3303 931 βασιλέα
3341 860 3480 929 μετά
3515 861 3867 928 γραμμάτων

2294 951 2375 1012 είς
2409 952 2735 1020 ἐπικουρίαν
2758 953 2866 1006 τῶν
2894 953 3346 1023 προσφευγόντων
3372 953 3438 1020 τῇ
3477 948 3816 1019 Ἐκκλησία.

629 1046 759 1091 nunt
798 1039 1127 1094 :diacouum
1152 1047 1332 1096 tamen
1389 1042 1570 1111 potius
1610 1056 1734 1097 cum
1780 1043 1975 1098 litteris
2017 1057 2178 1098 suum
2219 1043 2286 1098 ad
2330 1045 2716 1115 imperatorem
2749 1047 2912 1113 mitti,
2941 1061 3114 1116 eoque
3155 1052 3314 1114 pacto
3394 1043 3661 1098 Ecclesia:
3757 1059 3868 1111 sup-

630 1131 860 1197 plicibus
881 1131 1132 1200 opitulari
1165 1132 1362 1202 placet.

591 1284 599 1290 ,
627 1225 851 1280 ARIST.
890 1246 907 1278 ‹
950 1227 1252 1296 Episcopus
1283 1229 1362 1282 vel
1395 1230 1696 1300 presbyter,
1724 1229 1819 1310 qui
1849 1245 1945 1284 sua
1977 1241 2193 1300 sponte,

704 1335 722 1367 ‹
755 1326 809 1371 et
847 1333 949 1370 non
985 1318 1276 1385 provincias
1303 1321 1709 1390 metropolitani
1739 1321 1898 1390 jussu
1963 1323 2198 1391 impera-

713 1425 732 1458 ι
783 1416 952 1461 torem
996 1407 1134 1474 adit,
1162 1411 1546 1466 communione
1587 1412 1790 1480 pariter
1831 1427 1893 1467 ac
1926 1412 2196 1482 dignitate
2271 1485 2273 1490 η

709 1515 727 1546 ι
763 1499 998 1552 excidat.
1041 1518 1059 1551 ι

704 1583 1130 1659 lnobedientiam
1181 1591 1232 1642 in
1284 1593 1539 1648 omnibus
1584 1594 1837 1650 tollentes
1890 1595 2098 1660 Patres,
2141 1602 2194 1649 et

632 1679 1255 1735 ronstitntum'ordiucm
1278 1695 1683 1751 conservantes,
1704 1687 1990 1755 prohibent
2011 1695 2065 1741 et
2084 1689 2196 1755 epi-

2292 1227 2518 1281 ΔΡΙΣΤ.
2589 1245 2607 1279 ι
2663 1228 2722 1282 Ὀ
2755 1227 2996 1299 προσιὼν
3026 1228 3350 1298 αὐτομάτως
3376 1227 3455 1297 τῷ
3490 1226 3719 1294 βασιλεῖ
3760 1226 3866 1278 tt!—

2375 1337 2394 1370 ι
2441 1335 2663 1381 σκοπος,
2710 1320 2743 1389 ἢ
2792 1320 3182 1390 πρεσϐύτερος,
3237 1319 3332 1372 καὶ
3381 1319 3504 1388 ούχὶ
3557 1317 3868 1378 κελευσθεὶς

2371 1428 2390 1461 ι
2435 1410 2590 1478 παρὰ
2621 1410 2716 1463 τοῦ
2759 1411 2858 1480 τῆς
2905 1411 3092 1481 χώρας
3137 1410 3559 1482 μητροπολίτου,
3596 1411 3750 1479 με.τά
3789 1408 3869 1476 τῆς

2375 1521 2393 1554 ι
2435 1503 2720 1565 κοινωνίας
2746 1503 3058 1556 ἐκπιπτέτω
3089 1504 3182 1556 καὶ
3208 1503 3307 1572 τῆς
3336 1502 3515 1566 ἀξίας.
3564 1520 3582 1552 ι

2372 1592 2445 1644 Τὸ
2470 1593 2844 1646 ἀνυπότακτον
2871 1596 2928 1647 ἐν
2959 1595 3128 1647 πᾶσιν
3162 1597 3208 1647 οἱ
3242 1593 3489 1664 Πατέρες
3512 1597 3843 1660 περιαιροίο.

2299 1701 2411 1746 τες,
2443 1684 2535 1735 καὶ
2581 1683 2641 1736 τὺ
2691 1684 2955 1737 εὔτακτον
3009 1684 3424 1757 συντηροῦντες,
3453 1684 3741 1736 κωλύουσι
3797 1681 3870 1733 καὶ

633 1783 846 1834 scopos,
874 1777 925 1821 ct
951 1771 1293 1839 presbyteros
1327 1783 1379 1827 et
1409 1771 1545 1829 alios
1568 1776 1800 1844 eatalogi
1835 1776 2195 1830 sacerdotalis

2332 1775 2422 1836 οὺς
2450 1775 2808 1838 ἐπισκόπους,
2837 1777 2931 1828 καὶ
2970 1777 3100 1838 τοὺς
3151 1775 3588 1846 πρεσϐυτέρους,
3621 1777 3723 1825 καὶ
3758 1774 3870 1833 τοὺς

633 1856 747 1908 sine
781 1859 1026 1924 primatis
1059 1861 1143 1914 sui
1179 1860 1375 1916 litteris
1406 1879 1581 1932 regem
1618 1865 1771 1918 adire
1809 1873 1863 1920 et
1887 1881 2049 1922 aures
2074 1866 2193 1932 ejus

2328 1863 2493 1925 ὶλλους
2523 1862 2617 1916 τοῦ
2653 1864 2928 1933 ἱερατικοῦ
2976 1865 3284 1933 καταλόγου
3330 1865 3462 1917 ἄνευ
3517 1864 3868 1933 γραμμάτων

631 1946 938 2010 obturbare,
964 1959 1015 2004 ct
1046 1951 1343 2021 quidquam
1375 1953 1441 2007 de
1466 1955 1736 2024 aliquibus
1765 1956 1990 2012 referre.
2023 1957 2089 2012 Et
2114 1957 2196 2010 id-

630 2037 778 2089 circo
807 2054 927 2091 eum
955 2041 1046 2108 qui
1071 2042 1188 2096 sine
1223 2045 1390 2108 illius,
1412 2047 1505 2114 qui
1541 2048 1835 2114 provinciae
1869 2050 2190 2118 metropolis

630 2137 714 2181 est
760 2129 1068 2197 episcopus,
1110 2135 1378 2188 sententia
1425 2151 1606 2206 regem
1651 2138 1782 2201 adit,
1832 2148 1887 2193 et
1932 2139 2196 2211 dignitate

631 2219 828 2287 deponi
854 2221 1067 2289 jubeant,
1103 2233 1155 2278 et
1182 2239 1212 2277 a
1246 2227 1632 2283 communione
1669 2229 1862 2284 arceri.

1233 2485 1458 2540 CANON
1489 2488 1607 2542 Xil.

643 2587 662 2620 ι
693 2568 745 2622 Si
770 2572 890 2638 quis
924 2573 1202 2643 presbyter
1226 2576 1304 2628 vel
1327 2576 1588 2632 diaconus
1613 2593 1641 2632 a
1673 2580 1892 2648 proprio
1915 2578 2192 2647 episcopo,

715 2683 732 2714 ι
768 2666 848 2716 vel
883 2667 1172 2733 episcopus
1207 2681 1234 2718 a
1274 2669 1479 2737 synodo
1515 2669 1820 2739 depositus,
1863 2685 2032 2724 ausus
2083 2669 2197 2724 fue-

721 2774 738 2805 ι
779 2755 848 2808 rit
897 2757 1238 2824 imperatoris
1294 2760 1516 2811 auribus
1568 2761 1872 2814 molestiam
1915 2761 2193 2824 exhibere,

718 2868 735 2898 ι
780 2864 902 2901 cum
937 2856 1180 2915 oporteat
1210 2849 1275 2901 ad
1309 2851 1568 2918 majorem
1604 2850 1875 2920 synodum
1920 2851 2188 2915 converti,

718 2953 735 2984 ‹
771 2935 958 3002 etjus,
1009 2937 1149 3003 quod
1191 2951 1249 2990 se
1305 2938 1503 2992 habere
1543 2950 1716 3008 putat,
1760 2941 1826 2995 ad
1866 2940 2048 3008 plures
2083 2941 2198 3010 epi-

717 3044 735 3076 ι
781 3041 971 3094 senpos
1013 3027 1240 3091 referre,
1285 3045 1585 3098 eorumque
1626 3033 2083 3086 examinationem
2139 3040 2193 3084 et

719 3132 737 3165 ι
769 3114 1029 3182 judicium
1084 3118 1364 3185 suscipere
1397 3135 1412 3170 :
1450 3119 1493 3173 si
1531 3119 1709 3188 itaque
1749 3121 1832 3175 his
1867 3122 2194 3189 contemptis

721 3223 738 3255 ι
787 3206 1097 3274 imperatori
1131 3210 1394 3262 molestus
1435 3207 1615 3273 fuerit,
1648 3211 1693 3266 is
1726 3211 1873 3264 nulla
1921 3212 2078 3266 venia
2119 3212 2203 3264 di-

619 3318 622 3322 ~
721 3313 738 3346 ι
779 3310 938 3363 gnus,
973 3311 1147 3364 neque
1170 3298 1254 3351 sui
1283 3297 1602 3353 defendendi
1637 3300 1813 3354 locum
1845 3300 2062 3364 habeat,
2101 3315 2201 3355 nec

722 3405 740 3438 ι
783 3390 1137 3446 restitutionis
1171 3390 1362 3444 futura:
1387 3405 1536 3458 Spem
1576 3401 1867 3462 exspectet.
1906 3410 1924 3444 ι

718 3477 912 3554 BALS.
943 3482 1133 3537 Cuivis
1165 3482 1550 3547 condemnato,
1581 3485 1675 3554 qui
1728 3502 1786 3541 se
1827 3486 2028 3557 injuria
2070 3491 2206 3546 affe-

650 3583 793 3623 ctum
821 3583 986 3638 putet,
1014 3575 1391 3642 appellationis
1415 3575 1674 3628 auxilium
1698 3577 1883 3632 datum
1922 3589 2026 3634 est.
2067 3580 2208 3636 Dicit

653 3675 779 3728 ergo
803 3675 997 3723 canon,
1026 3663 1166 3729 quod
1187 3663 1287 3716 etsi
1321 3664 1420 3717 hoc
1437 3665 1710 3734 episc0pis
1730 3666 2044 3734 datumest.
2061 3669 2210 3722 simi-

654 3750 773 3804 liter
833 3759 886 3804 et
937 3752 1184 3816 clericls;
1224 3767 1331 3806 non
1379 3761 1557 3806 tamen
1607 3756 1689 3810 eis
1733 3757 2054 3823 permissum
2085 3764 2207 3826 :est,

656 3857 814 3895 aures
847 3842 1022 3910 regias
1046 3841 1114 3895 de
1142 3857 1203 3896 ea
1231 3859 1287 3897 re
1314 3845 1632 3920 obtundere.
1669 3843 1725 3898 Si
1749 3847 1870 3914 quis
1901 3862 2050 3916 ergo,
2076 3850 2207 3904 reli-

656 3940 744 3986 cto
776 3933 841 3986 ad
885 3932 1148 4003 majorem
1191 3935 1457 4006 synodum
1498 3936 1672 4000 aditu,
1716 3940 2208 4010 prmtermissisque

655 4023 795 4092 jurzs
815 4025 897 4077 sui
917 4039 1098 4078 coram
1119 4041 1181 4078 ea
1207 4027 1623 4091 allegationibus
1646 4043 1742 4090 per
1764 4030 2206 4096 appellationem,

659 4115 725 4167 de
748 4129 807 4165 ea
842 4130 899 4168 re
921 4117 1230 4182 imperatori
1255 4119 1514 4171 molestus
1542 4117 1728 4183 fuerit,
1761 4134 1868 4172 uon
1898 4120 2071 4174 solum
2101 4137 2208 4178 non

660 4203 958 4273 juvabitur,
994 4207 1087 4262 sed
1121 4207 1341 4276 perinde
1370 4210 1596 4262 ac'nulla
1627 4210 1778 4263 venia
1824 4210 2039 4279 dignus,
2092 4228 2212 4266 om-

665 4312 781 4350 nem
805 4299 888 4351 sui
919 4299 1061 4366 juris
1099 4300 1431 4368 prOponendi
1458 4299 1678 4366 januam
1713 4302 1816 4354 sibi
1848 4303 2118 4367 occludet,
2159 4314 2212 4357 et

649 4404 762 4442 -ncc
794 4405 944 4457 spem
974 4390 1187 4457 quidem
1214 4391 1570 4444 restitutionis
1594 4391 1833 4445 habebit.
1885 4391 2088 4447 Dixerit
2119 4410 2214 4447 au-

2300 1955 2393 2007 τοῦ
2430 1955 2650 2024 πρώτου
2705 1955 2886 2008 αὐτῶν
2932 1955 3070 2028 πρὸς
3115 1956 3339 2026 βασιλέα
3381 1956 3760 2024 ἀπέρχεσθαι,
3794 1957 3871 2007 καὶ

2300 2047 2397 2108 τὰς
2425 2046 2599 2108 ἀκοὰς
2637 2046 2804 2100 αὐτοῦ
2849 2049 3225 2118 παρενοχλεῖν,
3253 2048 3350 2101 καὶ
3397 2046 3701 2115 ἀναφέρειν
3739 2046 3870 2114 ’περί

2299 2151 2486 2188 τινων.
2531 2136 2639 2188 Καὶ
2667 2135 2757 2187 διὰ
2796 2136 2955 2188 τοῦτο
3002 2137 3093 2188 τὸν
3148 2137 3274 2190 ἀνευ
3323 2134 3550 2202 γνώμης
3597 2133 3696 2186 τοῦ
3738 2136 3869 2186 κατὰ

2300 2224 2398 2294 τὴν
2431 2226 2762 2295 μητρόπολιν
2802 2230 2900 2295 τῆς
2924 2226 3195 2299 ἐπαρχίας
3227 2226 3527 2282 ἐπισκόπου
3559 2225 3638 2294 τῷ
3667 2225 3873 2293 βασιλεῖ

2301 2318 2593 2384 προσιόντα
2617 2321 2710 2371 καὶ
2741 2317 2836 2386 τῆς
2861 2318 3017 2383 ἀξίας
3042 2317 3424 2387 καθαιρεῖσθαι
3449 2317 3872 2386 προστάττουσι,

2302 2409 2400 2460 καὶ
2429 2409 2528 2478 τῆς
2555 2409 2840 2470 κοινωνίας
2870 2408 3254 2478 ἀπείργεσθαι.

2903 2500 3141 2551 ΚΔΝΩΝ
3167 2499 3264 2552 IB’.

2314 2607 2334 2641 ι
2373 2591 2440 2643 Et
2479 2608 2562 2652 τις
2611 2591 2715 2643 ὑπὸ
2744 2590 2836 2642 τοῦ
2870 2590 2999 2642 ίδίου
3028 2591 3324 2644 ἐπισκόπου
3365 2591 3713 2663 καθαιρεθεὶς
3753 2611 3874 2660 πρεο

2371 2699 2390 2732 ι
2439 2680 2700 2750 σὸύτερος
2758 2680 3096 2750 ἢδιάκονος,
3147 2682 3178 2751 ἢ
3236 2684 3330 2734 καὶ
3390 2684 3706 2745 ἐπίσκοπος
3780 2687 3874 2736 ὑπὸ

2381 2791 2400 2823 ι
2446 2774 2700 2835 συνόδου,
2763 2773 2994 2842 όχλῆσαι
3051 2774 3344 2844 τολμήσειε
3406 2773 3517 2838 τὰς
3589 2777 3874 2844 βασιλικὰς

2376 2881 2395 2914 ι
2437 2864 2629 2926 ἀκοὰς,
2671 2864 2794 2916 δέον
2841 2864 2934 2916 ἐπὶ
3001 2864 3224 2932 μείζονα
3290 2865 3608 2917 ἐπισκόπων
3661 2867 3873 2919 σύνοδον

2380 2972 2398 3005 ι
2438 2954 2755 3021 τρέπεσθαι,
2792 2955 2886 3007 καὶ
3023 2954 3230 3022 νομίζει
3277 2954 3460 3007 δίκαια
3502 2953 3649 3024 ἔχειν
3705 2972 3871 3025 προπ-

2375 3061 2395 3096 ι
2438 3045 2728 3112 αναφέρειν
2773 3045 3015 3097 πλείοσιν
3064 3044 3402 3108 ἐπισκόποις,
3457 3047 3554 3098 καὶ
3595 3046 3693 3116 τὴν
3746 3044 3872 3110 παρ’

2377 3154 2397 3189 ι
2439 3138 2622 3190 αὐτῶν
2665 3137 2916 3200 ἐξέτασίν
2956 3154 3015 3189 τε
3071 3139 3167 3190 καὶ
3208 3137 3492 3205 ἐπίκρισιν
3534 3135 3871 3205 ἐκδέχεσθαι·

2376 3247 2394 3278 ι
2438 3230 2485 3280 εί
2515 3229 2569 3280 δὲ
2608 3229 2812 3280 τούτων
2852 3228 3194 3297 ὀλιγωρήσας
3239 3228 3549 3298 ἐνοχλήσειε
3613 3227 3690 3296 τῷ
3727 3226 3872 3294 βασι-

2373 3336 2391 3370 ι
2433 3319 2536 3382 λεί,
2584 3320 2685 3386 καὶ,
2728 3318 2918 3371 τοῦτον
2965 3318 3104 3388 μηδὲ
3150 3319 3277 3388 μιᾶς
3324 3319 3662 3386 συγγνώμης
3683 3317 3866 3381 ἀξιοῦ-

2383 3427 2402 3461 ι
2447 3410 2592 3476 σθαι,
2627 3411 2762 3480 μηδὲ
2813 3410 2997 3480 χώραν
3037 3411 3334 3477 ἀπολογίας
3383 3411 3554 3479 ἔχειν,
3600 3409 3736 3479 μηδὲ
3781 3409 3876 3461 ἐ).-

2383 3519 2401 3552 ι
2443 3502 2571 3552 πίδα
2603 3501 2903 3571 μελλούσης
2934 3499 3432 3561 ἀποκαταστάσεως
3477 3499 3812 3568 προσδοκᾷν.
3854 3515 3872 3549 ι

2388 3593 2583 3645 ΒΔΛΣ.
2639 3593 2809 3644 Παντὶ
2875 3591 3359 3659 καταδικαζομένῳ
3416 3589 3513 3645 καὶ
3572 3590 3874 3643 ἀδικεῖσθαι

2308 3680 2542 3748 οἰομένῳ
2585 3682 2617 3748 ἡ
2665 3681 2761 3749 τῆς
2797 3681 3064 3750 ἐκκλήτου
3095 3681 3251 3749 ἐδόθη
3286 3669 3536 3750 βοήθεια.
3568 3684 3710 3751 Φησὶ
3750 3682 3875 3748 γοῦν

2309 3772 2338 3824 ὁ
2370 3771 2549 3824 κανὼν
2582 3771 2675 3836 ὡς,
2708 3773 2757 3824 εί
2794 3775 2888 3825 καὶ
2928 3771 3333 3842 ἐνεδόθηντοῦτο
3377 3775 3492 3835 τοῖς
3535 3775 3874 3834 ἐπισκόποις,

2311 3865 2574 3927 ὡσαύτως
2620 3866 2716 3917 καὶ
2752 3867 2864 3928 τοῖς
2906 3865 3212 3936 κληρικοῖς,
3259 3866 3374 3918 ἀλλ’
3417 3867 3520 3920 οὐκ
3568 3868 3872 3936 ἐξεχωρήθη

2314 3956 2410 4007 καὶ⁵
2438 3954 2536 4016 τὰς
2556 3953 2839 4022 βασιλικὰς
2864 3953 3032 4019 ἀκοὰς
3053 3956 3218 4024 χάριν
3242 3956 3438 4020 τούτου
3470 3959 3670 4027 ὀχλείν.
3701 3959 3764 4009 Et
3791 3975 3871 4018 τις

2312 4044 2404 4098 οὖν
2443 4043 2760 4098 καταλιπὼν
2799 4045 2860 4098 τὸ
2911 4046 3228 4115 προσελθεῖν
3273 4043 3485 4116 μείζονι
3543 4049 3747 4118 συνόδῳ
3785 4050 3876 4099 καὶ

2315 4135 2599 4204 γυμνάσαι
2633 4136 2731 4198 τὰς
2759 4135 2973 4198 δικαίας
3019 4136 3385 4205 δικαιολογίας
3416 4144 3560 4193 κατά
3593 4140 3751 4206 λόγον
3780 4140 3871 4190 ἐκο

2315 4225 2541 4294 κλήτου,
2567 4225 2787 4296 όχλήσει
2821 4227 3046 4296 βασιλέα
3075 4229 3204 4298 περὶ
3233 4228 3452 4294 τούτου,
3487 4231 3551 4284 οὐ
3586 4231 3742 4299 μόνον
3771 4231 3867 4281 οὐκ

2315 4315 2750 4385 ὠφεληθήσεται,
2783 4318 2899 4372 ἀλλ’
2928 4320 3001 4381 ὡς
3040 4319 3309 4388 μηδεμιᾶς
3342 4319 3674 4389 συγγνώμης
3697 4319 3873 4381 ἀξιού-

2318 4423 2516 4474 μενος,
2569 4408 2751 4461 πᾶσαν
2795 4407 2967 4478 θύραν
3018 4408 3224 4469 οἰκείας
3269 4400 3649 4476 ’δικαιολογίας
3703 4408 3872 4476 ἐαυτῷ

669 4487 770 4529 tem
837 4479 1143 4546 quispiam;
1179 4479 1312 4532 Cum
1359 4495 1534 4536 canon
1582 4481 1724 4535 dicat
1769 4481 2046 4550 dcpositos
2101 4501 2208 4538 non

2328 4495 2665 4564 lmCaytbast,
2700 4499 2788 4552 καὶ
2816 4499 2937 4551 οὐδὲ
2973 4500 3161 4552 ἐλπίδα
3217 4499 3326 4564 ἕξει
3361 4501 3868 4560 ἀποκαταστάσεως.

667 4566 859 4619 debere
895 4566 958 4620 ad
995 4567 1370 4635 imperatorem
1396 4570 1672 4635 accedere,
1706 4572 1798 4625 sed
1843 4573 1910 4625 ad
1946 4576 2212 4643 majorem

667 4657 954 4726 synodum,
989 4668 1046 4710 ut
1082 4660 1148 4721 is,
1181 4661 1270 4725 qui
1295 4659 1429 4712 forte
1463 4661 1528 4713 ab
1565 4661 1839 4728 Ephesin
1869 4665 1950 4716 vel
1985 4665 2212 4722 Thessa-

669 4749 928 4801 lonicensi
951 4749 1225 4816 depositus
1261 4760 1363 4814 est,
1399 4752 1463 4805 ad
1509 4754 1871 4822 patriarciiam
1924 4757 2214 4812 universa-

666 4841 830 4893 salem
855 4849 998 4894 recte
1017 4844 1269 4897 accedere
1287 4855 1542 4914 cogetur:
1571 4848 1662 4916 qui
1687 4864 1812 4903 vero
1837 4864 1864 4902 a
1907 4852 2216 4919 patriarcha

670 4932 1058 4987 condemnatus
1105 4943 1208 4994 est,
1251 4948 1371 4986 cum
1419 4951 1524 4988 non
1557 4937 1749 4993 habeat
1785 4954 1892 5006 quo
1916 4941 2216 5010 confugiat,

674 5021 735 5071 ad
762 5021 1134 5089 imperatorem
1168 5026 1452 5088 accedens,
1488 5030 1758 5094 punietur,
1784 5046 1853 5084 an
1888 5033 2033 5085 non?
2062 5032 2219 5087 Solu-

672 5113 764 5165 tio.
800 5111 1046 5166 Nonnulli
1084 5114 1357 5180 dicebant,
1399 5119 1451 5168 in
1482 5131 1667 5170 eorum
1693 5133 1903 5188 quoque
1924 5125 2220 5179 sententias

673 5205 847 5258 locum
884 5205 1079 5259 habere
1111 5219 1196 5270 ea,
1239 5222 1358 5273 quae
1391 5222 1419 5261 a
1447 5223 1654 5263 canone
1689 5210 1963 5274 dicuntur,
1992 5225 2222 5283 excepto

678 5297 987 5356 universali,
1031 5300 1286 5367 quoniam
1333 5297 1804 5372 llierosolymitani
1851 5308 2115 5360 sententia
2155 5307 2222 5361 ab

677 5386 1010 5440 Antioiheno
1044 5390 1389 5456 dijudicetur,
1419 5401 1473 5444 et
1529 5394 1846 5449 Antiochensi
1889 5396 1956 5448 ab
1989 5398 2224 5452 Alexan-

676 5475 852 5538 drino,
884 5484 935 5528 et
962 5477 1041 5530 sic
1067 5478 1319 5548 deinceps
1349 5480 1644 5535 secundum
1675 5487 1930 5554 majorem
1957 5491 2218 5543 uniuscu-

674 5553 868 5635 jusque
913 5568 1178 5622 ordinem.
1221 5571 1349 5624 Mihi
1395 5581 1572 5626 autem
1622 5574 1827 5630 videtur
1875 5565 2224 5636 canon'esse

679 5659 854 5710 editus
909 5667 1128 5726 propter
1166 5663 1459 5718 sententias
1495 5662 1722 5718 aliorqu
1756 5669 2129 5736 episc0porum
2171 5681 2223 5724 et

685 5746 1227 5815 metropolitanorum,
1254 5754 1532 5805 nonetiam
1554 5756 2005 5823 patriarcharum.
2027 5758 2223 5820 Eorum

684 5835 835 5889 enim.
869 5839 1142 5894 sententia:
1179 5842 1519 5910 appellationi
1567 5861 1671 5899 non
1731 5848 2220 5924 subjiciunturtﬂt

2323 4588 2481 4640 Εἴποι
2529 4589 2586 4642 δέ
2626 4607 2711 4653 τις
2745 4589 2841 4656 ὡς,
2877 4590 2970 4642 τοῦ
3001 4592 3222 4653 κανόνος
3254 4591 3505 4660 λέγοντος
3543 4593 3615 4661 μὴ
3648 4590 3871 4659 προσέρ-

2321 4675 2511 4744 χεσθαι
2541 4679 2632 4728 τὸν
2665 4679 3060 4747 καθαιρεθέντα
3101 4679 3334 4748 βασιλεῖ,
3381 4682 3520 4734 ἀλλὰ
3559 4681 3754 4750 μείζονι
3784 4696 3874 4731 συ-

2321 4766 2474 4835 νόδῳ,
2507 4767 2535 4819 ὁ
2581 4767 2680 4837 μὲν
2725 4769 3072 4836 καθαιρεθεὶς
3116 4771 3220 4824 ὑπὸ
3251 4771 3347 4824 τοῦ
3385 4772 3616 4839 Ἐφέσου
3659 4769 3866 4838 vexavi,

2321 4861 2414 4909 τοῦ
2444 4858 2840 4927 Θεσσαλονίκης
2857 4860 2932 4930 τῷ
2959 4862 3347 4932 οίκουμενικῷ,
3386 4866 3692 4933 πατριὰρχῃ
3719 4863 3865 4913 εὐλό-

2321 4961 2432 5012 γως
2467 4946 2784 5016 προσελθεῖν
2808 4949 3306 5020 ἀναγκασθήσεταιο
3336 4953 3365 5004 ό
3391 4952 3448 5004 δὲ
3479 4952 3580 5004 ὑπὸ
3611 4950 3863 5018 πατριάρ-

2324 5055 2417 5106 χου
2473 5039 2888 5104 καταδικασθεὶς
2941 5040 3020 5110 μὴ
3060 5041 3202 5110 ἔχων
3253 5043 3392 5096 ὅπου
3445 5045 3747 5114 προσφύγῃο
3787 5040 3864 5109 τῷ

2324 5125 2531 5196 βασιλεί
2571 5131 3001 5200 προσερχόμενος
3024 5133 3438 5203 κολασθήσεται,
3472 5135 3504 5205 ἢ
3535 5136 3628 5199 ob;
3667 5133 3858 5194 Λύσις.

2324 5218 2478 5280 Τινὲς
2509 5219 2604 5288 μὲν
2626 5221 2776 5274 εἷπον
2802 5223 2893 5274 καὶ
2919 5222 2996 5283 είς
3019 5223 3115 5287 τάς
3140 5223 3445 5290 ἀποφάσεις
3474 5227 3672 5279 τούτων
3694 5222 3860 5292 χώραν

2328 5306 2470 5376 ἔχειν
2500 5309 2566 5360 τά
2593 5311 2684 5362 τοῦ
2721 5313 2945 5374 κανόνος
2973 5315 3100 5366 ἄνευ
3145 5313 3239 5366 τοῦ
3271 5315 3672 5385 ιῄκουμενικοῦ,
3698 5315 3771 5365 διὰ
3798 5315 3858 5362 τὸ

2325 5399 2423 5468 τὴν
2451 5401 2545 5452 τοῦ
2591 5401 2972 5471 Ἱεροσολύμων
3004 5403 3276 5471 ἀπόφασιν
3307 5407 3687 5474 ἀνακρίνεσθαι
3721 5405 3857 5467 παρὰ

2325 5489 2418 5541 τοῦ
2460 5488 2810 5560 ’Δντιοχείας,
2848 5495 2936 5544 καί
2970 5494 3068 5562 τὴν
3093 5493 3187 5547 τοῦ
3242 5497 3557 5565 Δντιοχείας
3605 5495 3738 5564 παρὰ
3764 5492 3852 5543 τοῦ

2338 5577 2764 5648 Ἀλεξανδρείας,
2795 5583 2888 5634 καὶ
2919 5583 3116 5652 ἐφεξῆς
3161 5585 3303 5637 κατά
3335 5583 3435 5652 τὴν
3478 5588 3692 5655 μείζονα
3718 5581 3854 5644 τάξιν

2327 5669 2554 5722 ἑκάστου
2588 5671 2796 5724 αὐτῶν·
2833 5673 2955 5741 ἐμοὶ
2999 5673 3056 5727 δὲ
3090 5673 3239 5726 δοκεῖ
3274 5674 3365 5727 τὸν
3399 5678 3601 5730 κανόνα
3636 5679 3846 5741 item”?

2331 5761 2488 5829 θῆναι
2515 5761 2602 5814 διὰ
2634 5762 2732 5825 τὰς
2764 5763 3070 5832 ἀποφάσεις
3100 5762 3210 5817 τῶν
3238 5763 3415 5824 ἀλλων
3442 5766 3738 5820 ἐπισκόπων
3763 5765 3846 5814 καὶ

2330 5853 2435 5904 τῶν
2491 5854 2919 5924 μητροπολιτῶν,
2950 5854 3010 5907 οὐ
3064 5853 3168 5926 μὴν
3215 5856 3308 5911 καὶ
3351 5854 3461 5912 τῶν
3505 5852 3843 5932 πατριαρκῶν·
