3974 6346
84 503 223 571 1309

1121 514 1201 574 IN
1241 515 1403 578 CAN.
1445 518 1562 578 XII
1602 518 1810 581 CUNC.
1849 522 1909 583 ll
1945 524 2302 589 ANTlOCH.

3176 536 3307 600 13η

80 621 143 669 Αἱ
175 618 354 708 ψῆφοι
383 617 490 690 γὰρ
518 620 724 676 τούτων
754 623 1005 695 ικκλήτῳ
1048 624 1148 695 ούχ
1182 628 1525 681 ὑπόκεινται.
1563 628 1655 680 Διὸ

1776 633 1897 701 dco,
1920 638 2011 705 qui
2047 638 2428 706 imperatorem
2455 641 2669 708 adierit,
2693 653 2750 698 ut
2780 646 2847 700 de
2872 661 3061 701 eorum
3089 661 3310 704 senten-

81 708 182 761 καὶ
226 707 258 759 6
305 709 621 778 προσελθὼν
673 711 886 781 βασιλεῖ
935 715 1097 785 χάριν
1145 719 1241 771 τοῦ
1288 719 1653 789 ἀνακριθῆναι

80 802 206 853 κατ’
268 800 533 873 ἔκκλητον
580 805 853 874 ἀπόφασιν
911 807 1138 873 τούτων,
1208 811 1654 881 τιμωρηθήσεται

80 892 231 973 κατά
263 895 357 947 τὸν
386 896 632 963 παρόντα
664 898 886 953 κανόνα.
918 900 1058 971 Φησὶ
1083 901 1193 971 γὰρ
1221 902 1253 970 η
1286 902 1397 971 ρλζο
1434 902 1652 955 Ἰουστιο

78 986 321 1048 νιάνειος
352 986 563 1056 Νεαρὰ,
590 990 623 1057 η
659 990 882 1059 κειμένη
908 992 965 1044 ὲν
989 991 1179 1061 βιϐλίῳ
1202 993 1374 1063 τρίτῳ
1412 994 1523 1046 τῶν
1553 993 1661 1047 Βα-

80 1076 317 1131 σὰικῶν
362 1095 470 1134 τιτ.
504 1086 577 1144 α’,
611 1099 737 1151 κεφ.
792 1090 872 1151 με’
900 1100 917 1115 ·
964 1082 1033 1138 Εἰ
1077 1099 1222 1147 τινες
1266 1085 1323 1139 δε
1370 1084 1656 1139 δσιώτατοι

79 1173 381 1225 ἐπίσκοποι
430 1173 531 1241 τῆς
584 1175 753 1244 αὐτῆς
799 1178 1018 1231 συνόδου
1074 1178 1484 1247 ἁμφισϐήτησίν
1532 1194 1655 1232 τινα

82 1262 227 1334 πρὸς
273 1264 537 1336 ἀλλήλους
590 1266 789 1336 ἔχοιεν,
842 1270 951 1323 εῖτε
1009 1270 1149 1340 ὑπὲρ
1200 1270 1657 1340 ἐκκλησιαστικοῦ

80 1354 327 1417 δικαίου,
346 1357 457 1409 είτε
490 1358 631 1426 ὑπὲρ
653 1359 829 1413 ἄλλων
858 1362 1021 1415 τινῶν
1051 1362 1418 1431 πραγμάτων’,
1454 1364 1654 1432 πρότε-

86 1462 183 1515 ρον
212 1449 242 1501 ό
274 1447 676 1519 μητροπολίτης
708 1450 889 1504 αὐτῶν
938 1449 1057 1520 μεθ’
1104 1452 1311 1521 ἐτέρων
1341 1452 1436 1504 δύο
1460 1456 1524 1505 ὲκ
1556 1455 1664 1522 τῆς

82 1536 261 1604 αὐτῆς
302 1536 523 1590 συνόδου
558 1540 871 1597 ἐπισκόπων
902 1542 963 1595 τὸ
994 1544 1227 1612 πρᾶγμα
1272 1544 1525 1614 κρινέτω,
1558 1546 1657 1597 aut

83 1626 131 1678 εί
186 1628 265 1697 μὴ
309 1630 541 1702 ἐμμείνῃ
592 1632 856 1701 ἑκάτερον
905 1634 1073 1701 μέρος
1121 1637 1236 1696 τοῖς
1284 1636 1657 1704 κεκριμένοις,

83 1720 389 1787 τηνικαῦτα
413 1724 442 1775 6
472 1726 891 1795 μακαριώτατος
925 1727 1270 1794 πατριάρχης
1309 1727 1526 1795 εκείνης
1559 1728 1660 1794 τῆς

83 1810 410 1881 διοικήσεως
467 1817 669 1884 μεταξὺ
731 1816 911 1869 αὑτῶν
966 1818 1376 1884 άκροασάσθω,
1426 1820 1659 1872 κάκεῖνα

83 1899 323 1970 ὑριξέτω
350 1903 508 1956 ἅτινα
538 1909 651 1969 τοῖς
678 1908 1156 1977 ὲκκλησιαστικοῖς
1181 1910 1372 1961 κανόσι
1400 1910 1496 1962 καὶ
1545 1912 1656 1970 τοῖς

87 1992 281 2060 νόμοις
331 1998 673 2067 συνᾴδουσιν,
703 2000 916 2062 οὐδενὸς
960 2000 1155 2069 μέρους
1182 2002 1323 2053 κατά
1351 2001 1450 2069 τῆς
1477 2002 1660 2070 ψήφου

88 2081 260 2135 αὐτοῦ
330 2086 631 2155 ἀντιλέγειν
702 2090 1027 2158 δυναμένου.
1084 2091 1209 2143 Ὅτι
1277 2092 1335 2144 δὲ
1395 2092 1661 2155 πολλάκις

87 2181 463 2253 ὲτρακταῒσθη
490 2183 539 2232 εἰ
574 2182 677 2249 χρὴ
708 2182 956 2253 ἐκκλήτῳ
1005 2182 1325 2236 ὑποκεῖσθαι
1358 2182 1658 2254 τὴψῆφον

87 2272 231 2335 τέως
256 2272 352 2325 τοῦ
385 2273 1033 2337 Κωνσταντινουπόλεως,
1060 2274 1205 2340 ἐδοξέ
1234 2291 1324 2343 μοι
1357 2275 1659 2340 αναγκαῖον

89 2366 271 2418 εἰπεῖν
322 2366 383 2419 τὸ
432 2367 625 2420 δοκοῦν
670 2385 759 2438 μοι
804 2368 965 2437 χάριν
1014 2367 1231 2432 τούτου,
1267 2366 1363 2420 καὶ
1408 2367 1478 2418 τὰ
1511 2365 1664 2435 παρά

88 2473 257 2511 τινων
287 2450 795 2528 δικαιολογούμενα.
826 2458 1058 2525 Δέγουσί
1087 2475 1235 2520 τινες
1269 2458 1371 2519 ὡς,
1412 2458 1535 2510 lusi
1563 2457 1663 2527 τὴν

96 2548 199 2617 μὲν
258 2550 539 2617 ἀπόφασιν
588 2549 680 2602 τοῦ
731 2550 989 2620 ἐπάρχου,
1018 2548 1128 2602 τῶν
1171 2548 1524 2619 πραιτωρίων
1569 2550 1663 2599 καὶ

91 2640 193 2705 τὴν
223 2640 503 2706 ἀπόφασιν
541 2639 638 2693 τοῦ
673 2640 754 2703 δὶς
796 2642 1081 2709 γεγονότος
1126 2641 1368 2709 ιπάρχου
1424 2638 1525 2707 τῆς
1565 2639 1664 2690 πό-

93 2732 258 2797 λεως,
323 2724 372 2787 δι
436 2733 592 2803 νόμοι
622 2734 800 2802 ῥητῶς
844 2733 1168 2804 διορίζονται
1222 2732 1297 2803 μὴ
1341 2732 1665 2785 ὑποκεῖσθαι

96 2821 379 2891 ὲκκλήτῳ,
426 2822 835 2892 πατριαρχικὴν
877 2822 933 2874 δὲ
984 2823 1260 2891 ἀπόφασιν
1287 2821 1382 2875 τοῦ
1420 2821 1663 2875 τοιούτου

99 2914 399 2982 προνομίαυ
447 2915 629 2985 ῥητῶς
676 2916 779 2969 ούκ
826 2916 1089 2985 ⁴ιιξίωσαν,
1125 2916 1273 2968 κατά
1326 2914 1425 2975 τὰς
1465 2912 1667 2974 πολλὰς

100 3004 195 3073 καὶ
242 3006 519 3073 τυχόντων
563 3007 836 3060 δικαστῶν
880 3008 1116 3075 ψήψους,
1144 3006 1240 3057 καὶ
1274 3003 1414 3071 αὕτη
1461 3004 1665 3070 ἐκκλη-

99 3096 455 3161 τευθήσεται.
505 3096 647 3166 Πρὸς
709 3096 1065 3150 ὲπισύστασιν
1110 3096 1205 3147 τοῦ
1268 3095 1429 3162 λόγου
1485 3093 1666 3147 αὐτῶν

1760 728 1830 780 tia
1856 744 1951 795 per
1980 730 2399 797 appellationem
2434 730 2721 801 quaeratur,
2748 747 2803 789 ut
2822 739 2937 790 vult
2967 739 3054 793 hic
3071 756 3307 808 praesens

1755 830 1950 881 canon,
1973 820 2245 885 punietur.
2277 820 2413 874 Dicit
2444 824 2586 876 enim
2612 822 2902 879 Iustiniani
2937 827 3159 881 Novella
3188 829 3308 889 137,

1755 921 1874 974 qua:
1905 907 1958 961 in
2015 908 2111 961 lib.
2152 908 2188 963 3
2230 910 2603 978 Basilicorum,
2652 917 2717 968 tit
2755 917 2804 982 l,
2840 933 2941 985 cap
2972 919 3060 980 45.
3091 920 3195 973 sita
3228 929 3312 974 est

1755 998 1836 1051 sic
1854 1013 2113 1068 expresse
2139 1015 2154 1053 :
2182 999 2237 1053 Si
2261 1002 2353 1070 qui
2382 1012 2559 1057 autem
2588 1007 3099 1076 sanctissimihujus
3123 1009 3315 1078 synodi

1752 1093 1994 1162 episcOpi
2018 1093 2255 1163 aliquam
2283 1095 2426 1149 inter
2450 1111 2570 1152 sese
2598 1100 3027 1154 controversiam
3054 1100 3309 1162 habeant,

1754 1186 1871 1241 sive
1898 1186 1967 1241 de
1992 1186 2136 1259 jure,
2159 1187 2552 1253 ecclesiastico,
2588 1190 2701 1245 sive
2747 1206 2843 1260 pro
2878 1192 3153 1260 aliquibus
3188 1191 3309 1244 aliis

1758 1278 1953 1346 rebus;
1992 1280 2145 1349 prius
2175 1295 2360 1335 eorum
2388 1281 2839 1349 metropolitanus
2876 1298 3000 1337 cum
3027 1284 3146 1336 aliis
3179 1283 3318 1336 duo-

1756 1371 1856 1426 bus
1876 1371 2118 1441 ejusdem
2149 1372 2340 1443 synodi
2370 1373 2637 1441 episcopis
2672 1389 2786 1428 rem
2830 1374 3059 1442 judicet.
3112 1383 3166 1427 et
3206 1376 3311 1428 nisi

1758 1473 1985 1531 utraque
2044 1477 2171 1529 pars
2226 1473 2333 1518 stet
2377 1464 2447 1518 iis
2486 1479 2604 1533 quae
2641 1464 2880 1533 judicata
2923 1465 3143 1527 fuerint,
3186 1473 3315 1518 tunc

1759 1551 2105 1614 beatissimus
2163 1555 2473 1623 patriarcha
2526 1554 2672 1608 illius
2726 1554 2977 1608 dimcesis
3024 1554 3167 1607 inter
3223 1570 3325 1609 eos

1759 1644 1961 1707 audiat,
1986 1653 2038 1697 et
2064 1644 2152 1695 illa
2180 1644 2422 1710 deﬁniat,
2453 1660 2573 1712 quae
2596 1644 2983 1699 ecclesiasticis
3017 1644 3320 1699 canonibus

1758 1743 1812 1789 et
1849 1735 2056 1803 legibus
2092 1736 2447 1799 conveniunt,
2479 1735 2624 1787 nulla
2671 1745 2823 1801 parte
2874 1734 2994 1801 ejus
3033 1734 3325 1787 sententia:

1759 1827 2135 1880 contradicere
2178 1826 2408 1880 valente.
2436 1823 2573 1890 Quia
2617 1835 2796 1878 autem
2838 1840 2980 1893 sa‘pe
3032 1833 3319 1877 tractatum

1759 1926 1865 1978 est,
1885 1932 1953 1969 an
1970 1927 2187 1986 oportet
2205 1917 2673 1986 Coustantinopol.
2692 1916 2851 1987 “2
2871 1914 3183 1969 sententiam
3200 1927 3327 1966 esse

1765 2008 2104 2076 appellationi
2142 2009 2466 2077 subjectum,
2512 2010 2682 2062 visum
2724 2018 2806 2061 est
2843 2015 3116 2075 oportere,
3177 2002 3325 2072 quod

1764 2102 1894 2155 mihi
1928 2102 2165 2167 videtur,
2192 2103 2258 2156 de
2289 2117 2355 2156 eo
2378 2100 2585 2164 dicere,
2612 2108 2665 2154 et
2691 2116 2753 2154 ea
2781 2114 2996 2169 quoque
3018 2113 3138 2167 qua:
3171 2097 3237 2150 de
3261 2110 3322 2148 ea

1762 2194 1915 2247 reab
1939 2189 2062 2246 aliis
2106 2194 2385 2247 dicuntur.
2439 2193 2635 2246 Dicunt
2682 2190 2949 2253 nonnulli,
2981 2188 3125 2258 quod
3184 2202 3321 2254 quu-

1764 2286 2270 2359 niam_sententlam
2319 2284 2558 2352 praefecti
2594 2283 2868 2351 pratorio,
2900 2288 2954 2334 et
2997 2277 3321 2333 sententiain

1763 2377 1904 2446 ejus.
1934 2376 2026 2445 qui
2070 2375 2154 2429 bis
2210 2375 2310 2426 fuit
2363 2373 2675 2442 praefectus
2712 2372 2885 2436 urbis,
2944 2370 3087 2437 leges
3139 2373 3324 2433 aperte

1764 2474 2010 2524 statuunt
2054 2465 2405 2535 appellationi
2449 2479 2557 2517 non
2607 2462 2832 2530 subjici;
2904 2457 3318 2528 patriarchalem

1765 2571 1945 2614 autem
1976 2536 2302 2613 sententiam
2331 2570 2396 2609 eo
2439 2554 2723 2623 privilegio
2753 2552 2970 2621 dignam
3018 2565 3121 2602 non
3168 2550 3323 2617 judi-

1764 2663 1957 2705 cavere
2011 2664 2025 2701 :
2073 2644 2530 2719 quemadmodum
2575 2658 2604 2695 a
2661 2642 2845 2695 multis
2886 2650 2943 2696 et
2998 2641 3327 2708 quibuslibet

1762 2742 2059 2814 judicihus,
2089 2741 2160 2792 ita
2210 2738 2376 2791 etiam
2424 2736 2491 2790 ab
2532 2751 2599 2790 eo
2650 2734 3053 2804 provocabitur.
3107 2733 3183 2784 Ad
3236 2734 3317 2785 sui

1767 2842 1947 2889 autem
1984 2832 2115 2885 dicti
2147 2829 2616 2885 confirmationem
2664 2836 2892 2880 utuntur
2934 2832 2988 2878 et
3027 2823 3323 2877 Justiniaui

1765 2928 1984 2983 Novella
2009 2926 2064 2989 3,
2099 2923 2153 2977 in
2198 2921 2339 2975 libro
2363 2921 2397 2973 5
2442 2918 2819 2979 Basiliccrum,
2858 2916 2943 2967 tit.
2979 2914 3013 2965 2
3052 2914 3174 2976 sita,
3208 2928 3329 2982 qua:

1766 3014 2012 3069 decernit
2044 3010 2409 3080 patriarchsm
2438 3005 2751 3074 imperatori
2788 3002 3052 3055 rationem
3078 3000 3326 3064 reddere,

1767 3104 1812 3177 si
1844 3104 2105 3159 clericum
2135 3100 2276 3154 ultra
2313 3111 2599 3152 numerum
2630 3095 2917 3149 ordinarit.
2958 3092 3057 3145 Alii
3093 3093 3329 3160 patriar-

102 3186 346 3258 χρῶνται
395 3188 491 3241 καὶ
538 3190 605 3257 τῇ
665 3188 824 3261 τρίτῃ
894 3187 1303 3256 Ἰουστινιανείῳ
1344 3185 1551 3256 Νεαρᾷ,
1597 3188 1663 3255 τῇ

1772 3194 1945 3249 chalis
1970 3189 2362 3263 magnitudinis
2411 3185 2762 3241 eminentiam
2802 3182 2967 3237 veluti
3012 3187 3332 3234 venerantes

105 3280 341 3349 κειμένῃ
383 3280 441 3331 ὲν
498 3278 664 3349 βίϐλῳ
708 3281 877 3349 τρίτῳ
919 3278 1029 3331 τῶν
1060 3278 1364 3330 Βασιλικῶν
1392 3276 1570 3330 τίτλου
1602 3275 1667 3346 β’,

1772 3288 1958 3343 dicunt
1989 3299 2089 3339 nec
2115 3283 2342 3337 omnino
2364 3277 2772 3350 a'patriarchali
2816 3275 3081 3331 sententia
3114 3273 3330 3341 penitus

107 3372 202 3423 καὶ
227 3371 575 3441 διοριζομένῃ
604 3370 925 3424 εὐθύνεσθαι
969 3371 1122 3440 παρὰ
1154 3369 1250 3423 τοῦ
1283 3370 1547 3437 βασιλέως
1576 3370 1669 3421 τὸν

1772 3370 2163 3427 excludendam
2222 3382 2344 3422 esse
2418 3364 2875 3435 appellationem,
2946 3374 3047 3413 nec
3111 3358 3335 3409 omnino

110 3461 481 3531 πατριάρχην,
530 3460 693 3529 εἴπερ
736 3460 1087 3532 χειροτονήσῃ
1140 3458 1438 3526 ὑπέρθετον
1480 3458 1671 3525 κληρι-

1774 3448 2198 3515 concedendam.
2229 3456 2334 3509 Sed
2367 3456 2411 3511 si
2443 3463 2623 3524 partes
2674 3453 2914 3523 quidem,
2949 3465 3069 3519 quae
3098 3450 3150 3501 in
3179 3448 3334 3515 judi-

109 3552 228 3604 κόν.
260 3551 471 3616 Ἄλλοι,
512 3552 615 3622 τῆς
658 3552 1062 3622 πατριαρχικῆς
1106 3551 1531 3621 μεγαλειότητος
1575 3548 1671 3617 τὴν

1774 3552 1861 3605 cio
1888 3548 2247 3610 contendunt,
2280 3553 2409 3602 sunt
2456 3545 2540 3599 vel
2580 3545 2901 3599 clericorum
2940 3540 3020 3595 vel
3047 3539 3338 3593 monachoo

110 3640 388 3711 ὑπεροχὴν
425 3643 670 3713 ὡσπερεὶ
713 3644 1084 3714 σεδαζόμενοι,
1111 3643 1246 3711 φασὶ
1288 3645 1426 3714 μήτε
1454 3643 1674 3704 πάντως

112 3727 503 3783 ἀποκλειστέον
554 3732 700 3785 κατὰ
742 3732 843 3802 τῆς
904 3732 1307 3800 πατριαρχικῆς
1349 3730 1681 3799 ἀποφάσεως

111 3823 211 3892 τὴν
240 3821 528 3892 ἔκκλητον,
576 3823 718 3891 μήτε
758 3822 938 3889 πάντη
991 3820 1254 3873 ἔνδοτέον.
1290 3820 1431 3873 Ἀλλ’
1484 3820 1535 3871 εί
1578 3820 1679 3888 μιν

111 3914 181 3967 τὰ
218 3914 364 3983 μέρη
406 3912 473 3966 τὰ
504 3911 837 3981 δικαζόμενα
885 3911 987 3981 τῆς
1028 3910 1135 3964 τῶν
1169 3912 1485 3980 ἱερωμένων
1517 3912 1550 3981 ἢ
1581 3910 1677 3963 καὶ

119 4005 371 4077 μναχῶν
427 4006 533 4058 sic:
584 4005 792 4075 τύχης,
831 4005 865 4073 ή
909 4003 1049 4059 κατά
1094 4019 1241 4065 τινος
1292 4002 1499 4056 τούτων
1542 4002 1682 4061 ὲεεν-

114 4099 340 4167 ιχθεῖσα
371 4098 647 4166 ἀπόφασις
675 4100 775 4149 οὐκ
802 4097 1228 4165 άντκριθήσεται
1247 4112 1263 4127 ⁶
1291 4098 1342 4148 εί
1374 4097 1431 4147 δὲ
1457 4097 1681 4163 θάτερον

116 4188 226 4241 τῶν
258 4185 503 4257 μερῶνῆ
537 4185 632 4238 καὶ
658 4184 826 4253 ἄμφω
852 4186 910 4236 ὲν
943 4185 1111 4254 μοίρᾳ
1148 4187 1432 4236 τάττοιντο
1464 4184 1681 4245 λαῖκοῦ,

118 4278 346 4349 ἀμάχως
397 4276 918 4347 ἑκκλητευθήσεται·
978 4276 1156 4344 ἕτεροι
1212 4276 1314 4343 τῆς
1365 4276 1679 4338 ὑποθέσεως

119 4369 215 4438 τὴν
242 4370 505 4437 ποιότητα
538 4368 765 4434 λέγουσι
789 4366 1115 4435 γεννήτριαν
1144 4359 1282 4416 εἶναι
1310 4363 1411 4430 τῆς
1444 4364 1679 4433 Ἐκκλη-

122 4462 264 4526 σίας.
309 4462 375 4514 Ἦ
405 4462 503 4529 μὲν
534 4461 644 4529 γὰρ
670 4456 1101 4527 ἐκκλησιαστικὴ
1136 4455 1365 4526 ζήτησις
1411 4456 1512 4508 οὐκ
1560 4455 1684 4506 ὠδί-

1777 3657 1897 3697 rum
1926 3639 2156 3707 ordinis,
2190 3640 2401 3711 prolata
2441 3638 2702 3691 adversus
2731 3636 2963 3703 aliquem
2989 3646 3176 3685 eorum
3209 3644 3335 3683 sen-

1778 3734 1967 3796 tentia,
1994 3747 2104 3785 non
2147 3728 2351 3785 rursus
2388 3726 2790 3783 cxaminabitur
2825 3738 2843 3778 ι
2894 3726 2940 3776 si
2994 3737 3119 3776 vero
3164 3720 3345 3773 altera

1780 3840 1906 3893 pars
1949 3825 2033 3879 vel
2076 3831 2310 3890 utraque
2359 3819 2469 3873 sint
2516 3817 2637 3871 laici
2690 3814 2924 3873 ordinis,
2983 3810 3121 3863 citra
3170 3808 3334 3860 ullam

1778 3912 2201 3970 controversiam
2226 3908 2606 3976 appellabitur.
2628 3906 2730 3956 Alii
2756 3917 2881 3955 vero
2900 3900 3091 3952 dicunt
3114 3911 3335 3950 causam

1780 4021 1899 4060 esse
1924 3999 2305 4073 appellationis
2333 3997 2670 4065 genitricem.
2697 3992 2873 4047 Causa
2897 3991 3041 4045 enim
3084 3988 3341 4041 ecclesia-

1782 4100 1915 4153 stica
1952 4110 2059 4149 non
2103 4093 2265 4162 parit.
2313 4090 2588 4160 inquiunt,
2642 4084 2809 4139 fetum
2861 4081 3273 4152 appellaturium
3320 4092 3336 4129 :

1784 4186 2099 4257 pecuniaria
2160 4180 2536 4261 autem'parit
2576 4175 3016 4245 appellationem,
3078 4182 3334 4235 tanquam

1781 4279 2084 4349 viperinam
2115 4273 2409 4344 quamdam
2449 4267 2789 4323 abortionem
2840 4264 3077 4331 parentis
3130 4262 3340 4312 viscera

1786 4373 2131 4424 lacerantem.
2164 4366 2269 4417 Alli
2305 4363 2392 4424 iis,
2419 4362 2507 4426 qui
2538 4360 2650 4412 haec
2675 4358 2885 4421 dicunt,
2912 4368 2974 4409 os
2996 4353 3341 4406 occludcntes

1783 4465 2009 4513 censent
2074 4453 2497 4524 patriarchalem
2571 4452 2898 4503 sententiam
2977 4454 3106 4498 tunc
3166 4444 3339 4496 solum

121 4568 221 4617 νει,
252 4551 409 4627 φασὶ,
463 4551 677 4607 παιδίον
725 4548 1197 4617 δκκλητοπόθητον
1224 4562 1240 4579 ο
1277 4550 1312 4616 ἡ
1353 4546 1410 4597 δὲ
1460 4559 1671 4612 χρημα-

1787 4547 2133 4619 appellationi
2199 4543 2417 4614 subjici,
2464 4539 2681 4611 quando
2739 4538 2992 4591 mandato
3066 4530 3338 4600 imperiali

2221 4638 2233 4649 .
2340 4638 2351 4649 .
2802 4624 3179 4649 --_:....:-:..-.-
3260 4622 3338 4649 ...ιι

122 4643 247 4713 τικὴ
284 4622 497 4696 κυῖσκει
524 4643 624 4711 τὴν
667 4639 951 4707 ἔκκλητον,
1001 4638 1077 4699 ὡς
1110 4637 1374 4705 ἑχιδναῖον
1403 4636 1671 4703 άμόλωμα

1790 4640 2041 4714 praesidet
2096 4638 2405 4708 patriarcha
2454 4649 2575 4687 cum
2623 4630 2744 4683 aliis
2796 4624 3208 4693 conjudicibus,
3260 4622 3345 4674 vel

123 4736 217 4803 τῆς
238 4733 503 4803 τεκούσης
548 4734 874 4803 σπαράττων
912 4728 981 4781 τὰ
1023 4729 1255 4795 ἔγκατα.
1302 4727 1507 4789 Ἀλλοι,
1552 4730 1681 4790 τοὺς

125 4824 297 4878 ταῦτα
341 4823 599 4890 λέγοντας
643 4818 1111 4889 ἐπιστομίζοντες,
1162 4818 1373 4880 ἀξιοῦσι
1422 4819 1543 4871 τότε
1591 4822 1686 4893 καὶ

132 4916 288 4986 μόνον
315 4914 637 4968 ὑποκεῖσθαι
667 4914 917 4981 ἐκκλήτῳ
952 4908 1050 4979 τὴν
1097 4912 1503 4981 πατριαρχικὴν
1551 4910 1688 4964 and.

130 5023 312 5077 φασιν,
340 5007 432 5059 ὅτε
461 5006 607 5059 κατὰ
635 5004 913 5075 βασιλικὸν
944 5002 1170 5071 ὁρισμὸν
1214 5002 1559 5073 προκάθηται
1601 5003 1683 5056 διο

132 5100 309 5165 κάζων
334 5098 363 5151 6
398 5098 736 5167 πατριάρχης
770 5098 908 5167 μετὰ
936 5093 1323 5162 συνδικαστῶν,
1354 5084 1388 5165 ἢ
1416 5096 1510 5150 καὶ
1548 5094 1685 5167 μετὰ

130 5194 225 5262 τῆς
261 5190 467 5253 οἰκείας
511 5189 749 5243 συνόδου.
786 5190 943 5261 Ἐμολ
972 5189 1030 5242 δὲ
1058 5187 1206 5241 δοκεῖ
1228 5187 1323 5250 ὡς,
1358 5187 1484 5240 ιπεὶ
1518 5191 1566 5242 οἱ
1602 5188 1687 5240 νό-

137 5300 226 5353 μοι
258 5276 363 5354 πρθ
389 5280 484 5333 τοῦ
517 5278 853 5347 καταστῆναι
904 5282 1005 5349 τὴν
1037 5278 1497 5349 ἐκκλησιαστικὴν
1534 5279 1688 5342 τάξιν

138 5378 573 5448 συνετράφησαν,
606 5375 699 5427 καὶ
734 5373 783 5426 οι
818 5372 1034 5435 πλείους
1064 5371 1269 5427 τούτων
1304 5372 1457 5439 παρὰ
1495 5370 1688 5441 Ἑλλή-

138 5482 262 5533 νων,
298 5468 479 5531 καλῶς
504 5465 604 5519 οὐκ
641 5464 991 5534 εμνήσθησαν
1020 5462 1393 5535 πατριάρχῶν.
1432 5462 1494 5512 Et
1523 5461 1580 5515 δέ
1606 5479 1690 5525 τις

140 5558 253 5633 ipsi
278 5564 375 5616 καὶ
392 5561 543 5632 παρὰ
576 5556 838 5629 βασιλέων
878 5556 1172 5627 ὀρθοδόξων
1199 5553 1448 5625 γενέσθαι
1466 5554 1513 5607 Ν
1521 5555 1691 5625 sain

146 5653 279 5720 μετὰ
328 5652 392 5705 τὸ
444 5654 739 5723 τιμηθῆναι
784 5650 908 5711 τοὺς
958 5647 1389 5719 πατριαρχικοὺς
1445 5645 1690 5715 θρόνους,

145 5744 362 5799 ἀκούσει
404 5745 618 5813 πρῶτον
652 5745 752 5814 μὲν
795 5742 870 5805 ὡς
917 5741 1035 5793 οὐδὲ
1074 5743 1155 5803 είς
1195 5740 1491 5809 ενθύμησιν
1531 5736 1693 5811 ἦλθεν

146 5836 401 5908 ὀρθοδόξῳ
434 5835 639 5906 βασιλεῖ
662 5837 901 5891 τοιοῦτόν
922 5853 975 5889 τι
1005 5831 1338 5903 τολμηθῆναί
1380 5848 1510 5884 ποτε
1543 5832 1695 5903 παρά

156 5945 309 5993 τινος,
350 5927 445 5979 καὶ
497 5926 672 5980 εἰπεῖν
715 5927 814 5996 τὴν
846 5927 1025 5997 κρίσιν
1064 5922 1156 5978 τοῦ
1189 5920 1422 5995 τοσαύτῃ
1461 5908 1686 5993 τετιμη-

1785 4712 1907 4786 cum
1928 4738 2026 4784 sna
2050 4725 2433 4797 synodo.Mihi
2452 4732 2630 4773 autem
2657 4719 2890 4779 videtur,
2915 4714 3057 4782 quod
3080 4712 3339 4781 quoniam

1781 4815 1950 4888 leges,
1972 4826 2263 4883 antequam
2280 4810 2683 4866 ecclesiasticus
2700 4816 2875 4863 status
2897 4807 3343 4864 conslituerclu",

1784 4908 2109 4973 conscripta:
2130 4914 2282 4970 sunt,
2310 4913 2364 4958 et
2394 4903 2706 4970 complures
2738 4915 2921 4954 earnm
2950 4912 2978 4948 a
3012 4895 3237 4955 Graecis,
3267 4911 3351 4946 re-

1784 5010 1870 5057 cte
1926 5000 2130 5054 nullam
2179 4996 2612 5066 patriarcharum
2676 4992 3005 5045 mentionem
3052 4986 3247 5041 fecere.
3293 4985 3348 5037 Si

1786 5094 1909 5163 quis
1954 5100 2132 5145 autem
2178 5090 2326 5144 dicat
2357 5091 2517 5143 etiam
2542 5088 2608 5137 ab
2641 5080 2964 5136 orthodoxis
3004 5080 3349 5149 imperatori—

1786 5188 1889 5242 bus
1907 5185 2105 5239 factam
2132 5183 2299 5238 fuisse
2320 5180 2617 5257 Kovellam,
2634 5185 2919 5244 postquam
2943 5172 3099 5225 sedes
3120 5171 3351 5241 patriar-

1786 5278 1968 5333 chales
1998 5278 2205 5331 honore
2233 5273 2439 5328 alfec'ta:
2454 5268 2562 5321 sint
2584 5306 2598 5330 ,
2633 5266 2866 5335 primum
2891 5262 3110 5331 quidem
3143 5258 3346 5315 audiet,

1786 5368 1928 5437 quod
1988 5366 2294 5422 orthodoxo
2342 5356 2653 5427 imperatori
2690 5369 2967 5422 nunquam
3012 5353 3064 5405 in
3113 5357 3346 5403 mentem

1788 5436 1952 5522 venit,
1970 5455 2211 5511 futurum
2236 5461 2294 5504 ut
2318 5450 2444 5518 quis
2477 5448 2579 5502 hoc
2605 5444 2849 5508 auderet,
2872 5454 2928 5498 et
2955 5444 3178 5499 diceret,
3204 5436 3347 5504 quod

1790 5566 1819 5604 a
1860 5558 2014 5604 tanta
2052 5545 2381 5602 auctoritate
2426 5540 2648 5610 praedito
2679 5545 2900 5607 tamque
2937 5537 3204 5589 honorato
3255 5529 3351 5597 juo

1790 5642 2029 5697 dicatum
2064 5641 2135 5694 sit
2157 5652 2279 5692 esse
2316 5650 2505 5688 rursus
2540 5636 2594 5685 in
2638 5631 2900 5700 judicium
2954 5623 3218 5678 revuaand
3246 5639 3349 5678 un.

1796 5734 1997 5787 Deinde
2028 5742 2078 5787 et
2108 5726 2403 5784 Iustiniani
2430 5725 2727 5786 Noveliam,
2760 5722 2812 5774 in
2862 5714 3141 5786 praesentis
3181 5728 3349 5767 cano-

1795 5826 1881 5879 nis
1919 5819 2369 5889 interpretatione
2412 5819 2668 5887 positam,
2715 5824 2825 5864 cua
2856 5814 3079 5864 cavetur
3124 5820 3189 5859 ne
3223 5806 3348 5872 quis

1813 5910 2163 5987 patriarchali
2204 5909 2489 5967 sentcntiae
2522 5900 2877 5965 contradicat,
2915 5894 3162 5953 suﬂicere
3190 5892 3254 5947 ad
3283 5907 3344 5947 os
