4008 6352
567 427 737 540 11311

1868 473 2144 535 THEOD.
2192 473 2588 534 BALSAMON'

3728 474 3835 542 i312

601 593 684 644 eis
712 590 925 659 penitus
956 586 1354 644 occludendum
1380 605 1397 642 :
1433 588 1503 643 ab
1530 602 1597 643 eo
1619 598 1803 642 autem
1837 587 1904 642 de
1932 588 2023 650 iis,
2055 601 2174 657 quae

2310 589 2442 642 ιένου
2480 590 2861 660 μεγαλειότητι
2910 588 3323 660 άνακρίνεσθαι.
3356 584 3493 644 Εἶτα
3520 589 3581 644 δὲ
3618 593 3714 645 καὶ
3756 594 3834 663 τὴν

604 682 672 737 ab
712 683 804 737 illo
838 682 992 737 facta:
1025 689 1155 738 sunt
1182 682 1684 752 super-numerariis
1715 682 2179 745 ordinationibus,

606 774 875 829 rationem
915 774 1081 844 exigi,
1106 789 1215 827 non
1258 774 1558 829 introducit
1594 775 1716 845 ejus
1744 774 2083 843 iudiciorum
2113 774 2184 828 de

608 867 818 938 integro
845 867 1333 921 examinationem.
1359 866 1499 922 Illud
1541 867 1692 922 enim
1719 874 1804 923 est
1833 866 2037 921 factum
2067 881 2187 935 pro-

612 961 790 1029 prium
820 976 835 1013 :
862 961 967 1013 hoc
1006 974 1158 1023 vero,
1189 958 1338 1013 sedis
1369 958 1742 1027 privilegium.
1777 956 2051 1025 Quoniam
2082 955 2185 1025 lgi-

604 1062 703 1107 tur
727 1060 991 1107 statutum
1032 1060 1135 1114 est,
1166 1049 1378 1104 nullum
1407 1065 1505 1120 per
1524 1050 1691 1103 alium
1723 1048 1925 1119 injuria
1950 1046 2189 1103 adicien.

608 1143 764 1207 dum,
838 1142 953 1208 ipse
1015 1140 1234 1209 quidem
1288 1139 1356 1192 ab
1410 1139 1739 1208 imperatore
1783 1138 1879 1208 qui
1933 1136 2190 1193 Ecclesiae

608 1233 774 1286 habet
824 1232 1112 1299 pOtestatis
1159 1230 1471 1293 scientiam,
1530 1228 1899 1298 judicabitur,
1952 1226 2094 1283 forte
2131 1233 2190 1280 ut

536 1387 543 1393 ρ
610 1322 910 1385 sacrilegus
950 1320 1034 1373 vel
1066 1320 1207 1373 male
1254 1319 1321 1372 dc
1354 1317 1461 1374 ﬁde
1510 1317 1916 1397 sentiens,'vel
1950 1318 2189 1389 alicujus

610 1412 749 1464 alius
772 1411 1018 1465 criminis
1039 1425 1187 1466 reus.
1223 1409 1338 1465 lloc
1356 1410 1502 1464 enim
1527 1409 1980 1487 nosjudicialiter
2005 1420 2187 1465 actum

610 1518 733 1555 esse
775 1502 1012 1557 vidimus
1038 1503 1272 1557 diversis
1301 1503 1667 1572 temporibus,
1694 1503 1818 1573 ejus
1839 1509 2021 1558 autem
2041 1501 2197 1573 judi-

614 1596 753 1645 cium
808 1594 860 1647 in
906 1594 1365 1663 disceptationem
1407 1597 1833 1662 non.revocari,
1868 1611 1970 1651 nec
2019 1594 2087 1651 de
2125 1610 2194 1653 eo

616 1684 755 1739 ratio
804 1686 1068 1755 postulari
1114 1688 1273 1742 debet
1303 1697 1526 1757 propter
1579 1691 1729 1745 sedis
1786 1691 2193 1746 excellentiam.

616 1777 752 1842 Quia
776 1794 905 1832 vero
932 1778 1195 1834 adversus
1228 1780 1372 1835 hanc
1398 1781 1683 1836 Novellam
1714 1783 1937 1853 quidam
1973 1798 2197 1854 perver-

622 1884 741 1923 sam
812 1869 1056 1939 linguam
1098 1872 1477 1939 immitemque
1527 1883 1826 1939 exacuunt,
1880 1883 1934 1929 et
1977 1874 2193 1939 dicunt,

2283 677 2759 749 καταστμυθείσαν
2784 680 3005 748 Νεαρὰν
3050 679 3144 733 τοῦ
3190 678 3583 735 ’ῐουστινιανοῦ
3636 684 3717 745 εἰς
3758 684 3834 753 τὴν

2282 766 2378 821 τοῦ
2422 768 2691 839 παρόντος
2734 769 2960 833 κανόνος
3009 769 3335 841 ἑρμηνείαν,
3363 770 3459 823 καὶ
3479 770 3837 841 διοριζομένην

2289 859 2493 930 μηδένα
2540 859 2844 927 ἀντιλέγειν
2896 861 3035 915 κατά
3062 862 3162 930 τῆς
3200 862 3619 932 πατριαρχικῆς
3664 861 3836 929 ψήφου,

2285 953 2477 1023 ἀρκεῖν
2523 953 2605 1016 εἰς
2656 952 2896 1022 παντελῆ
2956 954 3159 1007 τούτων
3206 955 3657 1023 ἑπιστομισμόν’
3705 954 3758 1007 τὺ
3796 954 3839 1006 ει

2284 1040 2747 1113 λογοπραγείσθαι
2789 1041 2979 1097 τοῦτον
3009 1043 3171 1113 χάριν
3198 1043 3309 1096 τῶν
3357 1044 3490 1113 παρ’
3520 1042 3693 1095 αὐτοῦ
3720 1061 3839 1111 γινο-

2290 1136 2470 1207 μένων
2512 1135 2929 1207 ὕπεραριθμίων
2968 1136 3315 1207 χειροτονιῶν
3366 1137 3468 1189 οὐκ
3517 1135 3735 1201 εἰσάγει
3768 1138 3841 1187 καὶ

2288 1228 2397 1281 τῶν
2422 1227 2659 1298 κρίσεων
2686 1227 2878 1281 τούτου
2912 1227 3219 1297 ἀνάκρισιν.
3250 1227 3324 1279 Τδ
3375 1227 3473 1297 μὲν
3501 1229 3622 1297 γάρ
3668 1226 3843 1293 (pium
3902 1262 3909 1293 ρ

2289 1318 2488 1373 οἰκεῖόν
2522 1320 2658 1384 ἔστι,
2707 1320 2768 1372 τὸ
2794 1320 2853 1373 δὲ
2899 1319 2994 1374 τοῦ
3023 1321 3215 1389 θρόνου
3248 1321 3581 1391 προνόμιον.
3616 1321 3739 1372 Ὅτι
3772 1315 3846 1370 οὖν

2290 1410 2603 1479 νενόμισται
2630 1411 2835 1481 μηδένα
2868 1412 2937 1465 δι’
2981 1411 3170 1481 ἑτέρου
3200 1412 3530 1476 ἀδικεῖσθαι,
3568 1412 3732 1472 αὐτὸς
3765 1415 3844 1480 μὲν

2293 1502 2443 1572 παρά
2474 1502 2550 1573 τῷ
2578 1504 3029 1578 έπιστημσνάρχῃ
3053 1507 3151 1575 τῆς
3187 1505 3515 1574 Ἑκκλησίας
3548 1506 3631 1573 τῷ
3662 1505 3848 1574 βασιλεῖ

2296 1596 2636 1666 κριθήσεται,
2662 1595 2739 1659 ὡς
2786 1596 3061 1666 ἱερόσυλος
3103 1596 3329 1668 τυχδν·ἢ
3368 1598 3706 1666 ἐτερόδοξος.
3732 1598 3762 1665 ἢ
3792 1599 3850 1658 ὡς

2294 1688 2482 1758 ἕτερόν
2504 1706 2558 1742 τι
2587 1688 2949 1759 ἡμαρτηκὼς.
2986 1690 3214 1757 Είδομεν
3258 1688 3369 1760 γάρ
3418 1692 3581 1743 τοῦτο
3612 1692 3707 1743 καὶ
3735 1708 3849 1759 πρα-

2296 1780 2583 1850 γματικῶς
2630 1779 2854 1848 γεγονὸς
2898 1780 3037 1849 μετὰ
3086 1780 3380 1851 διαφόρους
3432 1781 3688 1853 καιρούς.
3715 1783 3782 1834 τὸ
3808 1782 3851 1834 δί

2297 1874 2646 1943 δικαστήριον
2669 1873 2835 1927 αὐτοῦ
2866 1874 3279 1944 ἀλογόπρακτον
3318 1873 3472 1928 ἔσται
3517 1874 3614 1928 διὰ
3650 1875 3750 1942 τὴν
3772 1873 3850 1927 τοῦ

618 1968 751 2013 tunc
799 1976 907 2013 non
968 1976 1133 2029 posse
1194 1964 1520 2031 patriarcha:
1581 1965 1797 2034 judicio
1856 1966 2191 2031 contradici,

2310 1965 2492 2035 θρόνου
2542 1967 2839 2037 ὑπεροχήν.
2896 1965 3049 2019 Ἐπεὶ⁵
3081 1943 3164 2020 δέ
3217 1983 3366 2027 τινες
3423 1969 3516 2020 καὶ
3579 1968 3728 2020 κατὰ
3771 1967 3855 2031 τῆς

618 2050 839 2119 quando
865 2054 1174 2120 patriarcha
1204 2055 1355 2108 audit
1385 2071 1483 2125 per
1513 2058 1935 2126 appellationem
1960 2058 2182 2113 antisti-

624 2143 693 2195 tis
741 2145 1096 2206 scntentiam,
1130 2159 1195 2198 eo
1226 2147 1371 2214 quod
1417 2147 1553 2201 nolit
1604 2148 1827 2202 Novella
1872 2164 2094 2204 causam
2140 2151 2193 2204 in

622 2232 837 2286 duobus
864 2234 1089 2302 judiciis
1133 2238 1394 2306 agitatam
1437 2237 1502 2292 ad
1528 2241 1751 2293 tertium
1801 2240 2029 2308 deduci;
2088 2258 2196 2297 non

622 2335 800 2377 autem
848 2328 1062 2395 quando
1129 2330 1307 2397 primo
1364 2330 1483 2384 loco
1546 2312 1805 2400 judicat,‘
1846 2341 1906 2387 et
1965 2336 2199 2389 maxime

624 2415 795 2470 laicos
829 2433 843 2467 :
868 2418 1015 2481 dico,
1042 2433 1126 2471 me
1158 2435 1317 2486 posse
1336 2420 1555 2489 quidem
1580 2423 1747 2477 multa
1771 2426 1835 2477 ad
1861 2426 1974 2480 lucc
1995 2426 2197 2494 dicere,

623 2517 677 2559 et
716 2507 1004 2562 ostendere
1058 2510 1206 2578 ipsos
1258 2526 1367 2565 non
1406 2522 1554 2568 recte
1582 2513 1786 2570 dicere.
1821 2515 1960 2581 Quia
2017 2529 2197 2572 autem

627 2614 799 2651 (anon
832 2599 864 2651 4
918 2599 1264 2657 Sardicensis
1293 2605 1487 2674 synodi
1516 2605 1766 2661 decernit
1810 2608 1973 2662 licere
2000 2610 2072 2672 ci,
2105 2611 2196 2680 qui

623 2697 707 2741 est
734 2690 1156 2752 candemuatus,
1192 2693 1274 2746 bis
1317 2695 1616 2763 appellare,
1654 2707 1716 2751 ut
1768 2698 2025 2754 ultimum
2051 2700 2201 2769 judi-

624 2780 767 2831 cium
804 2780 917 2833 tieri
950 2796 975 2832 a
1005 2788 1135 2850 papa
1163 2781 1414 2839 Romano
1450 2803 1465 2840 :
1511 2802 1619 2841 non
1658 2791 1790 2853 sinit
1837 2790 1939 2845 hoc
1965 2792 2045 2845 eis
2080 2806 2202 2859 pro-

624 2869 840 2923 cedere.
873 2870 989 2925 Alia
1016 2874 1233 2941 quidem
1270 2878 1661 2945 praetermitto;
1692 2880 1794 2935 hoc
1835 2891 2015 2935 autem
2055 2882 2196 2948 dico,

626 2961 771 3027 quod
804 2964 1062 3029 quoniam
1101 2968 1274 3018 sancti
1305 2966 1652 3024 Constantini
1691 2971 1969 3027 decretum
2010 2976 2074 3027 ad
2102 2990 2200 3043 pa-

628 3065 750 3118 pam
786 3050 1112 3107 Silvestrum
1164 3055 1389 3125 factum,
1431 3074 1460 3112 a
1505 3062 1665 3117 nobis
1695 3062 1748 3116 in
1778 3078 1898 3132 cap.
1952 3066 2005 3130 1,
2052 3066 2137 3119 tit.
2170 3064 2202 3119 8

628 3144 916 3211 przcsemis
942 3146 1124 3211 operis
1159 3149 1618 3217 interpretatione
1656 3154 1821 3207 situm
1857 3157 2070 3216 statuit,
2101 3171 2203 3225 pa-

630 3248 752 3301 pam
774 3233 974 3289 habere
1000 3238 1331 3306 omuiajura
1388 3242 1690 3310 impcrialia
1745 3245 1983 3297 secunda
2021 3254 2201 3297 autem

634 3320 957 3381 universalis
990 3330 1230 3397 synodus
1263 3342 1315 3384 et
1348 3341 1541 3400 quarta
1576 3334 1845 3388 dederunt
1881 3338 2207 3405 ptariarchze

632 3416 1249 3489 Constantinopolitano
1280 3426 1563 3495 privilegia
1600 3422 1751 3497 papte
1792 3438 1844 3481 et
1874 3437 2206 3497 statuerunt,

634 3518 712 3573 ut,
745 3513 1208 3577 quemadmodum
1245 3508 1297 3569 et
1328 3518 1438 3581 ille,
1476 3520 1529 3571 in
1566 3522 1823 3575 omnibus
1864 3514 2206 3577 lionoret‘ur:

635 3603 950 3655 necessario
977 3604 1031 3655 in
1071 3606 1192 3673 ejus
1221 3611 1545 3663 sententiam
1579 3614 2011 3680 appellatio‘uon
2042 3618 2206 3679 cadit;

635 3694 1095 3762 quemadmodum
1145 3696 1309 3768 443
1359 3693 1565 3757 ηεοόθ
1598 3702 1865 3773 imperiali
1944 3707 2210 3760 sententia

639 3786 923 3853 quieritur.
958 3786 1252 3858 Propterea
1272 3792 1465 3857 “enim,
1493 3801 1550 3846 ut
1589 3804 1672 3847 est
1696 3805 2213 3859 consentaneum,et

638 3878 918 3946 synodalia
952 3880 1129 3935 edicta
1166 3886 1340 3937 instar
1387 3884 1793 3955 privilegiorum
1824 3889 2083 3959 regalium
2101 3890 2215 3945 edi-

638 3980 853 4023 ctorum
883 3972 1227 4028 emittuntur.
1268 3976 1405 4030 Cum
1435 3977 1537 4031 hoc
1572 3988 1755 4034 autem
1784 3981 1856 4033 ita
1897 3997 1956 4036 se
1992 3982 2210 4048 habeat,

645 4062 865 4128 reliquae
902 4077 1120 4131 quoque
1161 4078 1353 4118 eorum
1397 4078 1619 4121 cessant
1660 4060 2039 4137 allegationes.
2074 4071 2209 4125 Nam

642 4151 757 4203 sive
787 4153 1020 4206 clericos
1056 4156 1172 4209 sive
1198 4156 1367 4212 laicos
1390 4156 1720 4228 judicaverit
1751 4163 2079 4229 patriarcha,
2104 4164 2216 4219 sive

646 4242 839 4294 laicum
873 4261 994 4297 cum
1026 4247 1251 4312 clerico,
1294 4250 1409 4305 sive
1452 4252 1611 4323 jussu
1670 4252 2049 4321 imperatorio,
2100 4256 2216 4310 sive

639 4334 765 4401 jure
801 4340 1043 4403 proprio,
1088 4341 1201 4396 sive
1234 4358 1358 4397 cum
1393 4344 1709 4415 conjudice,
1743 4345 1858 4400 sive
1907 4348 2083 4409 solus,
2113 4348 2219 4400 erit

646 4443 973 4497 quacunque
1004 4433 1415 4489 examinatione
1440 4446 1495 4489 et
1532 4437 1877 4505 judicatione
1911 4437 2164 4505 superior
2199 4456 2216 4504 ;

645 4528 699 4571 et
726 4522 815 4587 qui
849 4535 1018 4576 ausus
1036 4520 1198 4576 fuerit
1230 4523 1296 4577 ad
1332 4527 1720 4594 imperatorem
1749 4529 2046 4598 appellare,
2075 4539 2133 4585 ut
2157 4530 2221 4586 de

2299 2056 2557 2128 τοιαύτης
2590 2058 3135 2127 Νεαρᾶςὸπλίζουσι
3202 2057 3450 2125 γλῶτταν
3505 2058 3734 2112 σκολιὰν
3783 2059 3857 2110 καὶ

2303 2151 2611 2216 ἀτίθασσον,
2649 2152 2741 2203 καί¹
2774 2150 2991 2218 λέγουσι
3034 2152 3154 2204 τότε
3188 2152 3262 2222 μὴ
3298 2152 3558 2205 δύνασθαι
3596 2154 3692 2204 τὸν
3728 2150 3857 2220 παρὰ

2303 2243 2617 2311 πατριάρχῃ
2646 2240 3010 2310 δικασάμενον
3033 2240 3357 2310 ἀντιλέγειν,
3388 2243 3476 2296 ὅτε
3517 2242 3649 2296 κατ’
3680 2242 3861 2310 ἐκκλη-

2303 2350 2396 2385 τον
2438 2334 2465 2385 ὁ
2490 2333 2833 2401 πατριάρχης
2885 2333 3151 2398 ἀκροᾶται
3192 2334 3292 2401 τῆς
3334 2335 3623 2402 ἱερατικῆς
3664 2331 3861 2400 ἀποφά-

2308 2438 2466 2488 σεως,
2496 2423 2582 2475 διὰ
2613 2424 2673 2475 τὸ
2725 2424 2797 2492 μὴ
2846 2423 3049 2477 ἐθέλειν
3105 2424 3204 2491 τὴν
3242 2424 3460 2493 Νεαρὰν
3513 2424 3615 2494 τὴν
3672 2424 3752 2485 εἰς
3791 2420 3866 2474 δύο

2304 2516 2635 2586 δικαστήρια
2693 2516 3022 2585 ζητηθεῖσαν
3079 2515 3371 2580 ὑπόθεσιν,
3427 2516 3522 2569 καὶ
3563 2518 3649 2579 εἰς
3706 2514 3867 2583 τρίτην
3951 2514 3953 2571 l

2304 2611 2650 2679 εἰσάγεσθαι,
2684 2611 2745 2664 ού
2795 2610 2899 2678 μὴν
2953 2611 3081 2661 ὅταν
3130 2611 3507 2679 πρωτοτύπως
3557 2609 3761 2679 δικάζῃ
3792 2606 3867 2658 καὶ
3954 2616 3955 2635 ‘

2310 2703 2544 2771 μάλιστα
2587 2700 2837 2762 λαῖκούςο
2892 2700 3033 2767 λέγω
3086 2704 3167 2754 ὅτι
3218 2697 3363 2771 εἰχον
3410 2702 3510 2769 μὲν
3548 2701 3693 2768 πρὸς
3730 2698 3869 2750 τοῦτο

2310 2792 2479 2846 πολλά
2530 2794 2721 2856 εἰπεῖν,
2760 2792 2856 2845 καὶ
2909 2794 3257 2863 παραστῆσαι
3315 2793 3517 2854 αὐτοὺς
3569 2792 3650 2860 μὴ
3710 2790 3870 2851 καλῶς

2307 2886 2521 2965 λέγειν·
2557 2890 2637 2940 ὅτι
2676 2888 2784 2941 δὲὸ
2824 2888 2866 2941 δ’
2907 2886 3088 2940 κανὼν
3132 2887 3231 2954 τῆς
3278 2885 3336 2938 ἐν
3370 2884 3606 2963 Σαρδικῇ
3667 2881 3868 2933 συνόδου

2307 2981 2601 3053 διορίζεται
2628 2982 2775 3051 ἔχειν
2821 2983 2909 3035 ἐπ’
2949 2980 3132 3041 ἀδείας
3163 2977 3257 3031 τὸν
3288 2975 3773 3031 καταδικασθέντα
3803 2976 3871 3036 δὶς

2309 3075 2678 3139 ἐκκαλεῖσθαι,
2723 3077 2818 3129 καὶ
2870 3073 2969 3143 τὴν
3026 3070 3341 3125 τελευταίαν
3398 3070 3581 3140 κρίσιν
3632 3067 3869 3136 γίνεσθαι

2310 3170 2463 3238 παρὰ
2489 3170 2584 3223 τοῦ
2628 3168 2829 3221 πάππα
2878 3168 2975 3235 τῆς
3020 3165 3260 3232 Ῥώμης,
3293 3165 3353 3218 οὐ
3405 3164 3738 3234 παραχωρεῖ
3764 3162 3871 3213 τού-

2309 3278 2425 3323 τοις
2458 3259 2681 3312 τοιαῦτα
2738 3259 3069 3328 προτιθέναι.
3123 3258 3203 3311 Τὰ
3266 3258 3364 3327 μὲν
3424 3256 3563 3310 ἀλλα
3621 3254 3875 3324 παρίημι,

2306 3353 2451 3421 λέγω
2488 3354 2545 3407 δὲ
2596 3352 2697 3417 ὅτι,
2726 3353 2847 3404 ἐπεὶ
2876 3351 2935 3403 τὸ
2980 3352 3077 3419 μὲν
3112 3350 3205 3403 τοῦ
3254 3349 3413 3417 ἁγίου
3466 3346 3871 3401 Κωνσταντὶνον

2308 3445 2585 3515 θέσπισμα
2632 3444 2691 3496 τὸ
2748 3444 2884 3511 πρὸς
2934 3445 3023 3495 τὸν
3074 3443 3227 3509 Ξιγιον
3277 3440 3599 3511 Σίλὸεστρον
3633 3437 3873 3504 γεγονὸς,

2312 3536 2705 3607 καταστρωθὲν
2758 3536 2888 3603 παρ’
2934 3534 3092 3602 ἡμῶν
3148 3535 3228 3593 εἷς
3264 3531 3379 3615 ,τὴν
3431 3530 3738 3601 ἑρμηνείαν
3794 3528 3878 3582 τοῦ

2312 3630 2529 3698 πρώτου
2561 3645 2685 3694 κεφ.
2717 3627 2812 3678 τοῦ
2836 3634 2885 3696 η’
2916 3628 3096 3679 τετλνω
3123 3624 3217 3678 τοῦ
3253 3627 3521 3695 παρόντος
3564 3624 3873 3691 συντάγμα-

2312 3736 2424 3785 τος,
2455 3720 2744 3788 διορίζεται
2781 3719 2923 3789 ἔχειν
2947 3720 3037 3773 τὸν
3069 3720 3302 3773 πάππαν
3329 3718 3507 3772 πάντα
3532 3720 3597 3772 τά
3625 3716 3875 3786 βασιλικά

2312 3813 2534 3865 δίκαια·
2568 3814 2599 3883 ὴ
2630 3811 2686 3864 δὲ
2734 3812 2963 3883 δευτέρα
3020 3812 3373 3883 οἰκουμενικὴ
3431 3812 3649 3871 σύνοδος
3706 3810 3802 3862 καὶ
3850 3809 3877 3876 ἡ

2313 3905 2544 3973 τετάρτη
2595 3903 2857 3956 δεδώκασι
2900 3903 2975 3972 τῷ
3022 3904 3335 3974 πατριάρχῃ
3369 3899 3881 3955 Κωνσταντινουπό-

2315 3992 2450 4053 λεως
2501 3992 2571 4043 τα
2618 3992 2888 4057 προνόμια
2940 3991 3033 4043 τοῦ
3092 3991 3313 4053 πάππα,
3362 3989 3454 4042 καὶ
3508 3989 3720 4058 ὥρισαν
3773 3986 3883 4040 κατ’

2317 4083 2525 4133 ἐκεῖνον
2576 4081 2666 4131 ἐπὶ
2715 4082 2882 4133 πᾶσιν
2930 4080 3224 4151 τιμᾶσθαι-
3269 4081 3328 4148 ἐξ
3362 4081 3614 4150 ἀνάγκης
3644 4079 3885 4149 ἐκκλήτῳ

2318 4174 2412 4244 οὺχ
2434 4174 2684 4244 ύποπέσῃ
2728 4175 2759 4244 ή
2813 4174 3002 4227 τούτου
3045 4173 3341 4241 ἀπόφασις,
3371 4174 3561 4243 ὥσπερ
3586 4173 3709 4226 οὐδὲ
3736 4174 3768 4243 ἠ
3798 4171 3885 4243 p1-

2322 4265 2505 4335 σιλικὴ
2554 4265 2830 4333 ἀπόφασις
2880 4264 3254 4333 ἀνακρίνεται.
3299 4264 3397 4315 Διά
3440 4263 3553 4331 γὰρ
3601 4262 3782 4323 τοῦτο,
3820 4260 3887 4323 ὡς

2323 4356 2611 4418 ἔοικε,κα“ι
2631 4358 2700 4408 τὰ
2753 4358 3004 4408 συνοδικὰ
3052 4353 3597 4423 πμειὼματααατά
3653 4354 3725 4405 τὰ
3763 4368 3887 4422 προ-

2324 4445 2487 4514 νόμια
2550 4446 2657 4497 τῶν
2712 4446 3006 4514 βασιλικῶν
3069 4445 3477 4514 σημειωμάτων
3540 4436 3881 4497 ἀπολύονται.

2326 4537 2528 4591 Τούτου
2562 4536 2618 4591 δὲ
2654 4535 2831 4602 οὕτως
2883 4536 3119 4605 ἔχοντος,
3155 4538 3373 4601 πάντως
3418 4536 3769 4604 ἀπρακτοῦσι
3802 4535 3885 4589 καὶ

653 4614 979 4681 patriarchm
1003 4616 1273 4670 sententia
1298 4634 1489 4673 rursus
1508 4617 1802 4686 iudicetur,
1830 4622 1934 4675 erit
1962 4635 2195 4692 przesent

2325 4630 2393 4683 τὰ
2423 4629 2585 4684 λοιπά
2622 4629 3109 4699 δικαιολογήματα.
3154 4629 3273 4682 Κᾶν
3320 4628 3429 4695 γάρ
3476 4614 3783 4697 ἱερατικούς
3816 4645 3888 4681 τι-

652 4706 847 4758 canoni
876 4708 1168 4763 obnoxius.
1211 4710 1265 4763 Si
1296 4709 1440 4765 enim
1476 4727 1583 4765 non
1618 4714 1958 4783 permittitur
1989 4716 2223 4786 impera-

652 4807 822 4851 torem
872 4802 1119 4855 molestia
1160 4802 1398 4870 afﬂccre,
1448 4821 1549 4875 pro
1578 4823 1774 4863 rursus
1813 4812 2119 4865 revocanda
2165 4812 2219 4865 in

648 4890 913 4959 judicium
966 4894 1196 4961 alicujus
1239 4901 1648 4965 metropolitani
1691 4902 1957 4957 sententia
1988 4944 2003 4967 ,
2050 4904 2224 4957 multo

660 4982 833 5051 magis
886 5000 990 5039 non
1020 4986 1367 5056 permittetur
1432 4990 1854 5057 patriarchalem
1896 4994 2226 5047 sententiam

654 5074 722 5127 ad
779 5071 1157 5143 imperatorem
1182 5080 1475 5135 introduci.

652 5170 810 5239 θῆναι
866 5170 963 5235 τὴν
1024 5173 1301 5243 ἀπόφασιν
1354 5177 1453 5245 τὴν
1514 5174 1949 5243 πατριαρχικὴν.

2327 4740 2423 4784 νας
2452 4724 2648 4794 δικάσῃ
2674 4725 2700 4773 ὀ
2741 4726 3108 4795 πατριάρχης,
3142 4722 3245 4775 κᾶν
3295 4719 3541 4783 λαῑκοὺς,
3572 4722 3670 4774 κᾶν
3714 4720 3889 4775 λαῖιιὸν

2333 4815 2471 4885 μετά
2525 4817 2848 4884 ἱερωμένου,
2902 4817 3002 4870 κᾶν
3044 4816 3131 4869 διά
3186 4812 3478 4884 βασιλικῆς
3531 4816 3888 4885 προστάξεως.

2332 4905 2433 4957 κᾶν
2459 4906 2646 4973 οἰκείῳ
2678 4907 2893 4977 δικαίῳ,
2931 4907 3034 4961 κᾶν
3058 4907 3198 4975 μετά
3237 4897 3621 4982 afﬁngas-:05,
3665 4907 3769 4958 κᾶν
3803 4906 3887 4972 μό-

2333 5011 2444 5060 νος,
2471 4994 2654 5064 πάσης
2682 4998 3024 5069 ἀνακρίσεως
3056 4997 3208 5049 ἔσται
3239 4994 3505 5049 ἐπέκεινα
3527 5012 3542 5027 ·
3586 4997 3684 5051 καὶ
3731 5007 3754 5042 ι
3784 4995 3882 5044 τώ-

2340 5086 2521 5155 μήσας
2550 5087 2952 5144 ἐκκαλέσασθαι
2983 5092 3062 5153 εἰς
3090 5086 3319 5155 βασιλέα
3358 5088 3521 5160 χάριν
3549 5090 3645 5141 τοῦ
3675 5089 3888 5153 ἀνακρι-

2038 5175 2293 5239 ὑπόδικος
2331 5176 2485 5231 ἐσται
2512 5179 2589 5249 τῷ
2622 5182 2855 5252 παρόντι
2888 5181 3095 5236 κανόνι.
3122 5180 3183 5232 Εἰ
3233 5182 3343 5254 γάρ
3366 5182 3468 5235 οὐκ
3500 5182 3710 5249 ἐφεῖται
3746 5175 3887 5243 βασι·

650 5265 733 5317 λετ
770 5263 947 5333 ὀχλείν
986 5266 1146 5334 χάριν
1195 5268 1289 5321 τοῦ
1344 5270 1711 5341 ἁνακριθῆναι
1762 5268 1861 5337 τὴν
1910 5264 2004 5320 τοῦ
2052 5268 2224 5331 δεῖνος
2267 5273 2677 5339 μητροπολίτου
2704 5277 3017 5343 ἀπόφασδνο
3059 5273 3243 5345 πο).λῷ
3306 5276 3469 5330 πλέον
3506 5278 3607 5329 οὐκ
3658 5272 3889 5337 ἐκχωρῆ-

652 5360 876 5427 θήσεται
945 5362 1353 5432 πατριαρχεκὴν
1431 5362 1728 5430 διάγνωσιν
1798 5360 1951 5430 παρά
2004 5359 2218 5430 βασιλεῖ
2256 5363 2509 5430 γενέσθαι
2542 5367 2930 5435 εἰσαγώγιμον.

727 5451 979 5507 ΖΟΝΑΙὶ.
1023 5451 1310 5521 Episc0po,
1346 5470 1507 5525 quem
1541 5457 1803 5527 synodus,
1864 5455 1949 5510 vel
2006 5456 2226 5520 clerico,

656 5560 813 5611 quem
849 5545 1135 5613 episcopus
1166 5544 1495 5610 deposuerit,
1524 5563 1630 5615 quo
1665 5556 1822 5617 pacto
1849 5549 1914 5601 de
1960 5548 2229 5602 sententia

657 5650 765 5686 suae
810 5633 1195 5697 damnationis,
1227 5633 1270 5687 si
1310 5636 1559 5703 injustam
1604 5652 1722 5692 esse
1762 5647 1989 5702 asserat,
2019 5638 2230 5693 exami-

663 5726 836 5775 nanda
886 5739 1045 5793 agere
1096 5726 1276 5791 liceat,
1304 5725 1417 5794 jam
1466 5738 1625 5782 antea
1663 5732 2093 5799 explicavimus:
2131 5732 2233 5785 hoc

665 5831 795 5871 vero
836 5820 949 5872 loco
976 5836 1091 5885 eos,
1123 5820 1214 5893 qui
1273 5800 1611 5888 depositione
1644 5824 1853 5877 multati
1898 5832 2026 5877 sunt
2058 5824 2232 5893 impe-

673 5917 909 5963 ratorem
964 5913 1134 5981 adire,
1196 5915 1352 5984 eique
1411 5913 1669 5971 molestos
1713 5930 1853 5984 esse,
1913 5930 1977 5971 ac
2009 5917 2074 5971 ad
2109 5929 2231 5973 eum

2410 5461 2651 5516 ZﬂNAP.
2704 5463 2933 5531 Εἴρηται
2966 5462 3224 5532 ἀνωτέρω
3253 5463 3372 5526 πῶς
3404 5464 3443 5531 ἢ
3472 5462 3764 5522 ἐπίσκοπος
3792 5456 3887 5511 ὖπδ

2348 5550 2568 5603 συνόδου
2622 5550 2991 5619 καθαιρεθεὶς,
3045 5552 3074 5621 ἦ
3134 5551 3394 5621 κληρικδς
3456 5549 3562 5601 ὑπὸ
3610 5548 3701 5599 τοῦ
3763 5546 3879 5599 ἰδίου

2339 5641 2669 5707 ἐπισκόπου,
2689 5642 2911 5696 δύναται
2941 5643 3128 5710 ζητεῖν
3162 5637 3571 5711 δοκιμασθῆναι
3597 5638 3695 5701 τὴν
3717 5637 3879 5707 ψῆφον

2340 5730 2440 5794 τὴν
2494 5735 2615 5785 κατ’
2644 5734 2864 5797 αὐτοὺς,
2903 5736 2949 5786 εἰ
2993 5734 3141 5786 δοκεῖ
3186 5728 3530 5783 ἀδικεῖσθαι·
3585 5728 3807 5783 ἐνταῦθα
3836 5724 3882 5775 δι

2341 5817 2675 5887 ἀπαγορεύει
2715 5824 2825 5884 τοῖς
2870 5819 3324 5891 καθαιρουμένοις
3353 5820 3387 5871 ὁ·
3410 5818 3592 5872 κανὼν
3623 5815 3882 5888 προσιέναι

2344 5910 2577 5979 βασιλεῖ,
2630 5915 2722 5966 καὶ
2764 5913 3003 5983 ἐνοχλεῖν
3056 5911 3226 5984 αὐτῷ,
3278 5913 3372 5967 καὶ
3409 5911 3595 5987 ζητεῖν
3636 5912 3732 5981 τὴν
3777 5904 3883 5961 κατ’
