  <div class='ocr_page' id='page_1' title='image "/cluster/home/n/w/nwhite01/storage/ocr_20150623/137/pst.000005714537/718.png"; bbox 0 0 4008 6352; ppageno 0'>
   <div class='ocr_carea' id='block_1_1' title="bbox 153 406 284 472">
    <p class='ocr_par' dir='ltr' id='par_1_1' title="bbox 153 406 284 472">
     <span class='ocr_line' id='line_1_1' title="bbox 153 406 284 472; baseline -0.031 -1"><span class='ocrx_word' id='word_1_1' title='bbox 153 406 284 472; x_wconf 78' lang='lat'><strong>1325</strong></span> 
     </span>
    </p>
   </div>
   <div class='ocr_carea' id='block_1_2' title="bbox 220 516 1767 592">
    <p class='ocr_par' dir='ltr' id='par_1_2' title="bbox 220 516 1767 592">
     <span class='ocr_line' id='line_1_2' title="bbox 220 516 1767 592; baseline -0.006 -17"><span class='ocrx_word' id='word_1_2' title='bbox 220 545 239 575; x_wconf 79' lang='grc' dir='ltr'><strong>ι</strong></span> <span class='ocrx_word' id='word_1_3' title='bbox 277 525 356 583; x_wconf 88' lang='grc' dir='ltr'><strong>εἰς</strong></span> <span class='ocrx_word' id='word_1_4' title='bbox 384 521 449 591; x_wconf 78' lang='grc' dir='ltr'>ἢν</span> <span class='ocrx_word' id='word_1_5' title='bbox 485 522 866 592; x_wconf 68' lang='grc' dir='ltr'><strong>ἐχειροτονήθη</strong></span> <span class='ocrx_word' id='word_1_6' title='bbox 895 521 1208 584; x_wconf 78' lang='grc' dir='ltr'><strong>ἐπίσκοπος,</strong></span> <span class='ocrx_word' id='word_1_7' title='bbox 1229 518 1289 572; x_wconf 83' lang='grc' dir='ltr'>οὐ</span> <span class='ocrx_word' id='word_1_8' title='bbox 1329 517 1416 569; x_wconf 75' lang='grc' dir='ltr'><strong>διὰ</strong></span> <span class='ocrx_word' id='word_1_9' title='bbox 1443 517 1540 586; x_wconf 80' lang='grc' dir='ltr'>τὴν</span> <span class='ocrx_word' id='word_1_10' title='bbox 1573 516 1696 567; x_wconf 73' lang='grc' dir='ltr'>ἐαυο</span> <span class='ocrx_word' id='word_1_11' title='bbox 1727 521 1767 575; x_wconf 70' lang='grc' dir='ltr'>Α</span> 
     </span>
    </p>
   </div>
   <div class='ocr_carea' id='block_1_3' title="bbox 219 606 1708 681">
    <p class='ocr_par' dir='ltr' id='par_1_3' title="bbox 219 606 1708 681">
     <span class='ocr_line' id='line_1_3' title="bbox 219 606 1708 681; baseline -0.006 -17"><span class='ocrx_word' id='word_1_12' title='bbox 219 632 237 664; x_wconf 74' lang='grc' dir='ltr'><strong>ι</strong></span> <span class='ocrx_word' id='word_1_13' title='bbox 277 614 370 665; x_wconf 88' lang='grc' dir='ltr'><strong>τοῦ</strong></span> <span class='ocrx_word' id='word_1_14' title='bbox 408 612 609 675; x_wconf 79' lang='grc' dir='ltr'>αἰτίαν,</span> <span class='ocrx_word' id='word_1_15' title='bbox 633 612 750 664; x_wconf 83' lang='grc' dir='ltr'>ἀλλ’</span> <span class='ocrx_word' id='word_1_16' title='bbox 792 611 1018 681; x_wconf 69' lang='grc' dir='ltr'>ἧτοιδιὰ</span> <span class='ocrx_word' id='word_1_17' title='bbox 1061 611 1164 680; x_wconf 85' lang='grc' dir='ltr'>τὴν</span> <span class='ocrx_word' id='word_1_18' title='bbox 1211 609 1304 660; x_wconf 87' lang='grc' dir='ltr'><strong>τοῦ</strong></span> <span class='ocrx_word' id='word_1_19' title='bbox 1339 608 1476 665; x_wconf 75' lang='grc' dir='ltr'>λαοῦ</span> <span class='ocrx_word' id='word_1_20' title='bbox 1509 606 1708 675; x_wconf 72' lang='grc' dir='ltr'>παραίσ</span> 
     </span>
    </p>
   </div>
   <div class='ocr_carea' id='block_1_4' title="bbox 217 693 1712 772">
    <p class='ocr_par' dir='ltr' id='par_1_4' title="bbox 217 693 1712 772">
     <span class='ocr_line' id='line_1_4' title="bbox 217 693 1712 772; baseline -0.009 -17"><span class='ocrx_word' id='word_1_21' title='bbox 217 721 239 754; x_wconf 70' lang='grc' dir='ltr'><strong>ι</strong></span> <span class='ocrx_word' id='word_1_22' title='bbox 273 701 506 772; x_wconf 85' lang='grc' dir='ltr'>τησιν,ἢ</span> <span class='ocrx_word' id='word_1_23' title='bbox 537 701 604 753; x_wconf 78' lang='grc' dir='ltr'>δι’</span> <span class='ocrx_word' id='word_1_24' title='bbox 633 701 828 769; x_wconf 78' lang='grc' dir='ltr'><strong>ἑτέραν</strong></span> <span class='ocrx_word' id='word_1_25' title='bbox 859 699 1040 752; x_wconf 81' lang='grc' dir='ltr'><strong>αἰτίαν</strong></span> <span class='ocrx_word' id='word_1_26' title='bbox 1079 701 1178 750; x_wconf 72' lang='grc' dir='ltr'>οὐκ</span> <span class='ocrx_word' id='word_1_27' title='bbox 1212 697 1270 761; x_wconf 82' lang='grc' dir='ltr'>ἐξ</span> <span class='ocrx_word' id='word_1_28' title='bbox 1295 694 1459 747; x_wconf 80' lang='grc' dir='ltr'>αὐτοῦ</span> <span class='ocrx_word' id='word_1_29' title='bbox 1486 693 1712 760; x_wconf 82' lang='grc' dir='ltr'>γενομέ-</span> 
     </span>
    </p>
   </div>
   <div class='ocr_carea' id='block_1_5' title="bbox 219 780 1712 859">
    <p class='ocr_par' dir='ltr' id='par_1_5' title="bbox 219 780 1712 859">
     <span class='ocr_line' id='line_1_5' title="bbox 219 780 1712 859; baseline -0.009 -16"><span class='ocrx_word' id='word_1_30' title='bbox 219 809 239 844; x_wconf 77' lang='lat' dir='ltr'><strong>t</strong></span> <span class='ocrx_word' id='word_1_31' title='bbox 278 808 376 859; x_wconf 86' lang='grc' dir='ltr'><strong>νην</strong></span> <span class='ocrx_word' id='word_1_32' title='bbox 406 805 420 820; x_wconf 83' lang='grc'><em>’</em></span> <span class='ocrx_word' id='word_1_33' title='bbox 439 789 626 842; x_wconf 88' lang='grc' dir='ltr'>τοῦτον</span> <span class='ocrx_word' id='word_1_34' title='bbox 655 790 900 858; x_wconf 75' lang='grc' dir='ltr'><strong>μετέχειν</strong></span> <span class='ocrx_word' id='word_1_35' title='bbox 919 788 1017 856; x_wconf 82' lang='grc' dir='ltr'>τῆς</span> <span class='ocrx_word' id='word_1_36' title='bbox 1043 787 1208 854; x_wconf 80' lang='grc' dir='ltr'>τιμῆς</span> <span class='ocrx_word' id='word_1_37' title='bbox 1229 786 1320 836; x_wconf 75' lang='grc' dir='ltr'>καὶ</span> <span class='ocrx_word' id='word_1_38' title='bbox 1352 786 1449 852; x_wconf 80' lang='grc' dir='ltr'>τῆς</span> <span class='ocrx_word' id='word_1_39' title='bbox 1474 780 1712 848; x_wconf 87' lang='grc' dir='ltr'>λειτουρ-</span> 
     </span>
    </p>
   </div>
   <div class='ocr_carea' id='block_1_6' title="bbox 220 873 1712 950">
    <p class='ocr_par' dir='ltr' id='par_1_6' title="bbox 220 873 1712 950">
     <span class='ocr_line' id='line_1_6' title="bbox 220 873 1712 950; baseline -0.007 -17"><span class='ocrx_word' id='word_1_40' title='bbox 220 898 239 933; x_wconf 81' lang='lat' dir='ltr'><strong>t</strong></span> <span class='ocrx_word' id='word_1_41' title='bbox 276 880 418 948; x_wconf 87' lang='grc' dir='ltr'>γίας,</span> <span class='ocrx_word' id='word_1_42' title='bbox 463 882 622 950; x_wconf 86' lang='grc' dir='ltr'>μόνον</span> <span class='ocrx_word' id='word_1_43' title='bbox 647 878 812 948; x_wconf 81' lang='grc' dir='ltr'>μηδὲν</span> <span class='ocrx_word' id='word_1_44' title='bbox 835 877 1266 946; x_wconf 78' lang='grc' dir='ltr'>παρενοχλοῦντα</span> <span class='ocrx_word' id='word_1_45' title='bbox 1287 877 1396 935; x_wconf 87' lang='grc' dir='ltr'>τοῖς</span> <span class='ocrx_word' id='word_1_46' title='bbox 1420 873 1712 941; x_wconf 74' lang='grc' dir='ltr'><strong>πράγμασι</strong></span> 
     </span>
    </p>
   </div>
   <div class='ocr_carea' id='block_1_7' title="bbox 218 963 1711 1044">
    <p class='ocr_par' dir='ltr' id='par_1_7' title="bbox 218 963 1711 1044">
     <span class='ocr_line' id='line_1_7' title="bbox 218 963 1711 1044; baseline -0.006 -23"><span class='ocrx_word' id='word_1_47' title='bbox 218 988 238 1021; x_wconf 73' lang='grc' dir='ltr'><strong>ι</strong></span> <span class='ocrx_word' id='word_1_48' title='bbox 274 972 373 1038; x_wconf 79' lang='grc' dir='ltr'>τῆς</span> <span class='ocrx_word' id='word_1_49' title='bbox 403 971 718 1040; x_wconf 77' lang='grc' dir='ltr'><strong>ἐκκλησίας,</strong></span> <span class='ocrx_word' id='word_1_50' title='bbox 750 969 877 1028; x_wconf 69' lang='grc' dir='ltr'>ἔνθα</span> <span class='ocrx_word' id='word_1_51' title='bbox 906 969 970 1033; x_wconf 81' lang='grc' dir='ltr'>ἂν</span> <span class='ocrx_word' id='word_1_52' title='bbox 1025 968 1325 1034; x_wconf 85' lang='grc' dir='ltr'>συνάγοιτο.</span> <span class='ocrx_word' id='word_1_53' title='bbox 1364 963 1711 1044; x_wconf 83' lang='grc' dir='ltr'>Ἐκδέχεσθαι</span> 
     </span>
    </p>
   </div>
   <div class='ocr_carea' id='block_1_8' title="bbox 219 1055 1709 1131">
    <p class='ocr_par' dir='ltr' id='par_1_8' title="bbox 219 1055 1709 1131">
     <span class='ocr_line' id='line_1_8' title="bbox 219 1055 1709 1131; baseline -0.005 -17"><span class='ocrx_word' id='word_1_54' title='bbox 219 1080 238 1114; x_wconf 81' lang='grc' dir='ltr'><strong>ι</strong></span> <span class='ocrx_word' id='word_1_55' title='bbox 268 1063 325 1116; x_wconf 83' lang='grc' dir='ltr'>δὲ</span> <span class='ocrx_word' id='word_1_56' title='bbox 349 1062 557 1126; x_wconf 87' lang='grc' dir='ltr'>τοῦτον,</span> <span class='ocrx_word' id='word_1_57' title='bbox 593 1063 622 1114; x_wconf 78' lang='grc' dir='ltr'><strong>ὃ</strong></span> <span class='ocrx_word' id='word_1_58' title='bbox 652 1063 719 1115; x_wconf 85' lang='grc' dir='ltr'>ἂν</span> <span class='ocrx_word' id='word_1_59' title='bbox 749 1064 782 1131; x_wconf 89' lang='grc' dir='ltr'><strong>ή</strong></span> <span class='ocrx_word' id='word_1_60' title='bbox 807 1062 906 1130; x_wconf 77' lang='grc' dir='ltr'>τῆς</span> <span class='ocrx_word' id='word_1_61' title='bbox 936 1061 1201 1130; x_wconf 78' lang='grc' dir='ltr'><strong>ἐπαρχίας</strong></span> <span class='ocrx_word' id='word_1_62' title='bbox 1260 1057 1442 1110; x_wconf 78' lang='grc' dir='ltr'>τελεία</span> <span class='ocrx_word' id='word_1_63' title='bbox 1492 1055 1709 1117; x_wconf 80' lang='grc' dir='ltr'><strong>σύνοδος</strong></span> 
     </span>
    </p>
   </div>
   <div class='ocr_carea' id='block_1_9' title="bbox 224 1151 1269 1222">
    <p class='ocr_par' dir='ltr' id='par_1_9' title="bbox 224 1151 1269 1222">
     <span class='ocr_line' id='line_1_9' title="bbox 224 1151 1269 1222; baseline -0.002 -18"><span class='ocrx_word' id='word_1_64' title='bbox 224 1171 243 1204; x_wconf 77' lang='grc' dir='ltr'><strong>ι</strong></span> <span class='ocrx_word' id='word_1_65' title='bbox 279 1154 510 1221; x_wconf 77' lang='grc' dir='ltr'><strong>κρίνασα</strong></span> <span class='ocrx_word' id='word_1_66' title='bbox 532 1154 592 1206; x_wconf 76' lang='grc' dir='ltr'>τὸ</span> <span class='ocrx_word' id='word_1_67' title='bbox 624 1153 1028 1222; x_wconf 78' lang='grc' dir='ltr'><strong>παριστάμενον</strong></span> <span class='ocrx_word' id='word_1_68' title='bbox 1057 1151 1269 1221; x_wconf 75' lang='grc' dir='ltr'>ὁρίσῃ.»</span> 
     </span>
    </p>
   </div>
   <div class='ocr_carea' id='block_1_10' title="bbox 216 1238 1710 1314">
    <p class='ocr_par' dir='ltr' id='par_1_10' title="bbox 216 1238 1710 1314">
     <span class='ocr_line' id='line_1_10' title="bbox 216 1238 1710 1314; baseline -0.005 -17"><span class='ocrx_word' id='word_1_69' title='bbox 216 1246 414 1300; x_wconf 79' lang='grc' dir='ltr'><strong>ΒΔΛΣ.</strong></span> <span class='ocrx_word' id='word_1_70' title='bbox 471 1246 555 1297; x_wconf 86' lang='grc' dir='ltr'>Ἐν</span> <span class='ocrx_word' id='word_1_71' title='bbox 582 1245 681 1314; x_wconf 81' lang='grc' dir='ltr'>μὲν</span> <span class='ocrx_word' id='word_1_72' title='bbox 707 1245 784 1314; x_wconf 84' lang='grc' dir='ltr'>τῷ</span> <span class='ocrx_word' id='word_1_73' title='bbox 821 1245 882 1307; x_wconf 82' lang='grc' dir='ltr'><strong>ιζ’</strong></span> <span class='ocrx_word' id='word_1_74' title='bbox 906 1244 1091 1296; x_wconf 89' lang='grc' dir='ltr'>κανόνι</span> <span class='ocrx_word' id='word_1_75' title='bbox 1165 1241 1483 1304; x_wconf 75' lang='grc' dir='ltr'>κολάζουσιν</span> <span class='ocrx_word' id='word_1_76' title='bbox 1515 1239 1563 1290; x_wconf 88' lang='grc' dir='ltr'><strong>οί</strong></span> <span class='ocrx_word' id='word_1_77' title='bbox 1595 1238 1710 1290; x_wconf 82' lang='grc' dir='ltr'><strong>Πα-</strong></span> 
     </span>
    </p>
   </div>
   <div class='ocr_carea' id='block_1_11' title="bbox 143 1331 1711 1405">
    <p class='ocr_par' dir='ltr' id='par_1_11' title="bbox 143 1331 1711 1405">
     <span class='ocr_line' id='line_1_11' title="bbox 143 1331 1711 1405; baseline -0.005 -16"><span class='ocrx_word' id='word_1_78' title='bbox 143 1337 299 1405; x_wconf 84' lang='grc' dir='ltr'>τέρες</span> <span class='ocrx_word' id='word_1_79' title='bbox 329 1340 421 1390; x_wconf 82' lang='grc' dir='ltr'>τὸν</span> <span class='ocrx_word' id='word_1_80' title='bbox 463 1338 913 1405; x_wconf 70' lang='grc' dir='ltr'><strong>χειροτονηθέντα</strong></span> <span class='ocrx_word' id='word_1_81' title='bbox 945 1339 1037 1389; x_wconf 67' lang='grc' dir='ltr'><strong>καὶ</strong></span> <span class='ocrx_word' id='word_1_82' title='bbox 1066 1335 1137 1404; x_wconf 85' lang='grc' dir='ltr'>μὴ</span> <span class='ocrx_word' id='word_1_83' title='bbox 1206 1334 1522 1401; x_wconf 86' lang='grc' dir='ltr'>πειθόμενον</span> <span class='ocrx_word' id='word_1_84' title='bbox 1547 1331 1711 1382; x_wconf 84' lang='grc' dir='ltr'>ἀπελ-</span> 
     </span>
    </p>
   </div>
   <div class='ocr_carea' id='block_1_12' title="bbox 144 1425 1708 1497">
    <p class='ocr_par' dir='ltr' id='par_1_12' title="bbox 144 1425 1708 1497">
     <span class='ocr_line' id='line_1_12' title="bbox 144 1425 1708 1497; baseline -0.004 -18"><span class='ocrx_word' id='word_1_85' title='bbox 144 1427 259 1480; x_wconf 84' lang='grc' dir='ltr'>θεῖν</span> <span class='ocrx_word' id='word_1_86' title='bbox 285 1433 363 1492; x_wconf 88' lang='grc' dir='ltr'><strong>είς</strong></span> <span class='ocrx_word' id='word_1_87' title='bbox 392 1429 488 1497; x_wconf 83' lang='grc' dir='ltr'><strong>τήν</strong></span> <span class='ocrx_word' id='word_1_88' title='bbox 512 1429 792 1497; x_wconf 77' lang='grc' dir='ltr'>λαχοῦσαν</span> <span class='ocrx_word' id='word_1_89' title='bbox 822 1430 983 1481; x_wconf 79' lang='grc' dir='ltr'>αὐτόν</span> <span class='ocrx_word' id='word_1_90' title='bbox 1014 1445 1028 1458; x_wconf 77' lang='grc'><strong><em>⁸</em></strong></span> <span class='ocrx_word' id='word_1_91' title='bbox 1054 1431 1112 1479; x_wconf 87' lang='grc' dir='ltr'><strong>ἐν</strong></span> <span class='ocrx_word' id='word_1_92' title='bbox 1141 1427 1197 1478; x_wconf 85' lang='grc' dir='ltr'><strong>δέ</strong></span> <span class='ocrx_word' id='word_1_93' title='bbox 1224 1427 1302 1493; x_wconf 79' lang='grc' dir='ltr'>τῷ</span> <span class='ocrx_word' id='word_1_94' title='bbox 1330 1425 1552 1494; x_wconf 66' lang='grc' dir='ltr'>παρόπι</span> <span class='ocrx_word' id='word_1_95' title='bbox 1577 1440 1708 1489; x_wconf 85' lang='grc' dir='ltr'>συγ-</span> 
     </span>
    </p>
   </div>
   <div class='ocr_carea' id='block_1_13' title="bbox 143 1515 1711 1590">
    <p class='ocr_par' dir='ltr' id='par_1_13' title="bbox 143 1515 1711 1590">
     <span class='ocr_line' id='line_1_13' title="bbox 143 1515 1711 1590; baseline -0.005 -18"><span class='ocrx_word' id='word_1_96' title='bbox 143 1521 364 1590; x_wconf 86' lang='grc' dir='ltr'>γνώμης</span> <span class='ocrx_word' id='word_1_97' title='bbox 425 1520 634 1583; x_wconf 82' lang='grc' dir='ltr'>ἀξιοῦσι</span> <span class='ocrx_word' id='word_1_98' title='bbox 696 1521 787 1572; x_wconf 70' lang='grc' dir='ltr'>τὸν</span> <span class='ocrx_word' id='word_1_99' title='bbox 851 1517 1292 1589; x_wconf 77' lang='grc' dir='ltr'>χειροτονηθέντα</span> <span class='ocrx_word' id='word_1_100' title='bbox 1337 1516 1432 1568; x_wconf 80' lang='grc' dir='ltr'><strong>καὶ</strong></span> <span class='ocrx_word' id='word_1_101' title='bbox 1489 1515 1711 1566; x_wconf 86' lang='grc' dir='ltr'>θέλοντα</span> 
     </span>
    </p>
   </div>
   <div class='ocr_carea' id='block_1_14' title="bbox 146 1607 1708 1683">
    <p class='ocr_par' dir='ltr' id='par_1_14' title="bbox 146 1607 1708 1683">
     <span class='ocr_line' id='line_1_14' title="bbox 146 1607 1708 1683; baseline -0.004 -18"><span class='ocrx_word' id='word_1_102' title='bbox 146 1614 250 1683; x_wconf 84' lang='grc' dir='ltr'>μὲν</span> <span class='ocrx_word' id='word_1_103' title='bbox 280 1613 540 1666; x_wconf 73' lang='grc' dir='ltr'>ἀπελθεῖν</span> <span class='ocrx_word' id='word_1_104' title='bbox 562 1617 641 1674; x_wconf 87' lang='grc' dir='ltr'><strong>είς</strong></span> <span class='ocrx_word' id='word_1_105' title='bbox 692 1613 760 1682; x_wconf 83' lang='grc' dir='ltr'>ἦν</span> <span class='ocrx_word' id='word_1_106' title='bbox 819 1611 1198 1681; x_wconf 72' lang='grc' dir='ltr'>ἐχειροτονήθη</span> <span class='ocrx_word' id='word_1_107' title='bbox 1251 1609 1566 1678; x_wconf 81' lang='grc' dir='ltr'>παροικέαν,</span> <span class='ocrx_word' id='word_1_108' title='bbox 1634 1607 1708 1674; x_wconf 85' lang='grc' dir='ltr'>μὴ</span> 
     </span>
    </p>
   </div>
   <div class='ocr_carea' id='block_1_15' title="bbox 145 1697 1708 1775">
    <p class='ocr_par' dir='ltr' id='par_1_15' title="bbox 145 1697 1708 1775">
     <span class='ocr_line' id='line_1_15' title="bbox 145 1697 1708 1775; baseline -0.005 -18"><span class='ocrx_word' id='word_1_109' title='bbox 145 1707 648 1775; x_wconf 62' lang='grc' dir='ltr'>παραχωρούμενον</span> <span class='ocrx_word' id='word_1_110' title='bbox 683 1705 737 1756; x_wconf 89' lang='grc' dir='ltr'>δὲ</span> <span class='ocrx_word' id='word_1_111' title='bbox 767 1706 799 1774; x_wconf 84' lang='grc' dir='ltr'>ἢ</span> <span class='ocrx_word' id='word_1_112' title='bbox 836 1704 924 1755; x_wconf 83' lang='grc' dir='ltr'>διὰ</span> <span class='ocrx_word' id='word_1_113' title='bbox 965 1704 1062 1772; x_wconf 80' lang='grc' dir='ltr'>τὴν</span> <span class='ocrx_word' id='word_1_114' title='bbox 1094 1701 1187 1754; x_wconf 87' lang='grc' dir='ltr'><strong>τοῦ</strong></span> <span class='ocrx_word' id='word_1_115' title='bbox 1247 1703 1304 1752; x_wconf 92' lang='grc' dir='ltr'><strong>ἐν</strong></span> <span class='ocrx_word' id='word_1_116' title='bbox 1341 1702 1525 1770; x_wconf 81' lang='grc' dir='ltr'>ἐκείνῃ</span> <span class='ocrx_word' id='word_1_117' title='bbox 1577 1697 1708 1749; x_wconf 89' lang='grc' dir='ltr'>λαοῦ</span> 
     </span>
    </p>
   </div>
   <div class='ocr_carea' id='block_1_16' title="bbox 143 1792 1710 1866">
    <p class='ocr_par' dir='ltr' id='par_1_16' title="bbox 143 1792 1710 1866">
     <span class='ocr_line' id='line_1_16' title="bbox 143 1792 1710 1866; baseline -0.006 -16"><span class='ocrx_word' id='word_1_118' title='bbox 143 1796 556 1865; x_wconf 81' lang='grc' dir='ltr'>ἀναισχυντίαν,</span> <span class='ocrx_word' id='word_1_119' title='bbox 585 1797 616 1866; x_wconf 83' lang='grc' dir='ltr'>ἢ</span> <span class='ocrx_word' id='word_1_120' title='bbox 651 1796 737 1848; x_wconf 78' lang='grc' dir='ltr'>διὰ</span> <span class='ocrx_word' id='word_1_121' title='bbox 768 1797 1067 1865; x_wconf 85' lang='grc' dir='ltr'>ἐπιδρομὴν</span> <span class='ocrx_word' id='word_1_122' title='bbox 1114 1794 1314 1845; x_wconf 85' lang='grc' dir='ltr'>ἐθνῶν·</span> <span class='ocrx_word' id='word_1_123' title='bbox 1352 1792 1430 1844; x_wconf 79' lang='grc' dir='ltr'><strong>διδ</strong></span> <span class='ocrx_word' id='word_1_124' title='bbox 1475 1793 1568 1843; x_wconf 73' lang='grc' dir='ltr'>καὶ</span> <span class='ocrx_word' id='word_1_125' title='bbox 1589 1792 1710 1842; x_wconf 87' lang='grc' dir='ltr'>ἐπι-</span> 
     </span>
    </p>
   </div>
   <div class='ocr_carea' id='block_1_17' title="bbox 147 1882 1706 1960">
    <p class='ocr_par' dir='ltr' id='par_1_17' title="bbox 147 1882 1706 1960">
     <span class='ocr_line' id='line_1_17' title="bbox 147 1882 1706 1960; baseline -0.006 -18"><span class='ocrx_word' id='word_1_126' title='bbox 147 1888 426 1958; x_wconf 69' lang='grc' dir='ltr'>τρέπουσι,</span> <span class='ocrx_word' id='word_1_127' title='bbox 505 1888 638 1958; x_wconf 84' lang='grc' dir='ltr'>παρ’</span> <span class='ocrx_word' id='word_1_128' title='bbox 695 1883 825 1960; x_wconf 79' lang='grc' dir='ltr'>ᾖᾶν</span> <span class='ocrx_word' id='word_1_129' title='bbox 887 1889 1208 1956; x_wconf 80' lang='grc' dir='ltr'><strong>εὑρίσκηται</strong></span> <span class='ocrx_word' id='word_1_130' title='bbox 1279 1885 1482 1954; x_wconf 77' lang='grc' dir='ltr'>ἐνορίᾳ,</span> <span class='ocrx_word' id='word_1_131' title='bbox 1539 1882 1706 1950; x_wconf 78' lang='grc' dir='ltr'>τιμῆς</span> 
     </span>
    </p>
   </div>
   <div class='ocr_carea' id='block_1_18' title="bbox 144 1976 1709 2048">
    <p class='ocr_par' dir='ltr' id='par_1_18' title="bbox 144 1976 1709 2048">
     <span class='ocr_line' id='line_1_18' title="bbox 144 1976 1709 2048; baseline -0.004 -17"><span class='ocrx_word' id='word_1_132' title='bbox 144 1978 444 2043; x_wconf 74' lang='grc' dir='ltr'>ἀξιοῦσθαι,</span> <span class='ocrx_word' id='word_1_133' title='bbox 475 1979 642 2048; x_wconf 72' lang='grc' dir='ltr'>ἡγουιι</span> <span class='ocrx_word' id='word_1_134' title='bbox 668 1978 932 2047; x_wconf 72' lang='grc' dir='ltr'>καθέδρας</span> <span class='ocrx_word' id='word_1_135' title='bbox 987 1977 1080 2029; x_wconf 69' lang='grc' dir='ltr'><strong>καὶ</strong></span> <span class='ocrx_word' id='word_1_136' title='bbox 1108 1977 1354 2044; x_wconf 75' lang='grc' dir='ltr'><strong>κλήσεως</strong></span> <span class='ocrx_word' id='word_1_137' title='bbox 1413 1977 1506 2027; x_wconf 69' lang='grc' dir='ltr'>καὶ</span> <span class='ocrx_word' id='word_1_138' title='bbox 1561 1976 1709 2043; x_wconf 85' lang='grc' dir='ltr'>ἐνερ-</span> 
     </span>
    </p>
   </div>
   <div class='ocr_carea' id='block_1_19' title="bbox 148 2064 1708 2138">
    <p class='ocr_par' dir='ltr' id='par_1_19' title="bbox 148 2064 1708 2138">
     <span class='ocr_line' id='line_1_19' title="bbox 148 2064 1708 2138; baseline -0.001 -19"><span class='ocrx_word' id='word_1_139' title='bbox 148 2071 300 2134; x_wconf 72' lang='grc' dir='ltr'>γείας</span> <span class='ocrx_word' id='word_1_140' title='bbox 339 2069 753 2138; x_wconf 74' lang='grc' dir='ltr'>ἀρχιερατικῆς,</span> <span class='ocrx_word' id='word_1_141' title='bbox 793 2071 928 2138; x_wconf 67' lang='grc' dir='ltr'>μετὰ</span> <span class='ocrx_word' id='word_1_142' title='bbox 975 2070 1227 2135; x_wconf 74' lang='grc' dir='ltr'>είδήσεως</span> <span class='ocrx_word' id='word_1_143' title='bbox 1276 2064 1369 2119; x_wconf 73' lang='grc' dir='ltr'>καὶ</span> <span class='ocrx_word' id='word_1_144' title='bbox 1407 2067 1708 2135; x_wconf 79' lang='grc' dir='ltr'>ἐπιτροπῆς</span> 
     </span>
    </p>
   </div>
   <div class='ocr_carea' id='block_1_20' title="bbox 146 2156 1708 2230">
    <p class='ocr_par' dir='ltr' id='par_1_20' title="bbox 146 2156 1708 2230">
     <span class='ocr_line' id='line_1_20' title="bbox 146 2156 1708 2230; baseline -0.002 -19"><span class='ocrx_word' id='word_1_145' title='bbox 146 2157 244 2214; x_wconf 86' lang='grc' dir='ltr'><strong>τοῦ</strong></span> <span class='ocrx_word' id='word_1_146' title='bbox 291 2163 561 2230; x_wconf 78' lang='grc' dir='ltr'>ἐγχωρίου</span> <span class='ocrx_word' id='word_1_147' title='bbox 618 2161 1129 2230; x_wconf 73' lang='grc' dir='ltr'>ἐπισκόπουσπλήν</span> <span class='ocrx_word' id='word_1_148' title='bbox 1183 2159 1366 2230; x_wconf 86' lang='grc' dir='ltr'>μέντοι</span> <span class='ocrx_word' id='word_1_149' title='bbox 1426 2157 1500 2226; x_wconf 83' lang='grc' dir='ltr'>μὴ</span> <span class='ocrx_word' id='word_1_150' title='bbox 1562 2156 1708 2225; x_wconf 77' lang='grc' dir='ltr'>ἔχειν</span> 
     </span>
    </p>
   </div>
   <div class='ocr_carea' id='block_1_21' title="bbox 145 2248 1709 2320">
    <p class='ocr_par' dir='ltr' id='par_1_21' title="bbox 145 2248 1709 2320">
     <span class='ocr_line' id='line_1_21' title="bbox 145 2248 1709 2320; baseline -0.001 -18"><span class='ocrx_word' id='word_1_151' title='bbox 145 2252 282 2314; x_wconf 77' lang='grc' dir='ltr'>ὅλως</span> <span class='ocrx_word' id='word_1_152' title='bbox 327 2254 618 2320; x_wconf 81' lang='grc' dir='ltr'>μετουσίαν</span> <span class='ocrx_word' id='word_1_153' title='bbox 666 2254 722 2304; x_wconf 84' lang='grc' dir='ltr'><strong>ἐν</strong></span> <span class='ocrx_word' id='word_1_154' title='bbox 749 2254 859 2313; x_wconf 86' lang='grc' dir='ltr'>τοῖς</span> <span class='ocrx_word' id='word_1_155' title='bbox 910 2252 1201 2320; x_wconf 79' lang='grc' dir='ltr'>πράγμασι</span> <span class='ocrx_word' id='word_1_156' title='bbox 1257 2251 1357 2316; x_wconf 72' lang='grc' dir='ltr'>τῆς</span> <span class='ocrx_word' id='word_1_157' title='bbox 1417 2248 1709 2317; x_wconf 78' lang='grc' dir='ltr'>ἐκκλησίας</span> 
     </span>
    </p>
   </div>
   <div class='ocr_carea' id='block_1_22' title="bbox 144 2340 1709 2410">
    <p class='ocr_par' dir='ltr' id='par_1_22' title="bbox 144 2340 1709 2410">
     <span class='ocr_line' id='line_1_22' title="bbox 144 2340 1709 2410; baseline -0.004 -15"><span class='ocrx_word' id='word_1_158' title='bbox 144 2343 362 2410; x_wconf 79' lang='grc' dir='ltr'>ἐκείνης</span> <span class='ocrx_word' id='word_1_159' title='bbox 396 2343 522 2395; x_wconf 79' lang='grc' dir='ltr'>ἔνθα</span> <span class='ocrx_word' id='word_1_160' title='bbox 577 2347 840 2405; x_wconf 70' lang='grc' dir='ltr'>κατοικεῖ,</span> <span class='ocrx_word' id='word_1_161' title='bbox 907 2342 1074 2410; x_wconf 69' lang='grc' dir='ltr'>ἤγουν</span> <span class='ocrx_word' id='word_1_162' title='bbox 1143 2344 1218 2410; x_wconf 86' lang='grc' dir='ltr'>μὴ</span> <span class='ocrx_word' id='word_1_163' title='bbox 1263 2341 1553 2403; x_wconf 78' lang='grc' dir='ltr'>διδάσκειν,</span> <span class='ocrx_word' id='word_1_164' title='bbox 1635 2340 1709 2406; x_wconf 83' lang='grc' dir='ltr'>μὴ</span> 
     </span>
    </p>
   </div>
   <div class='ocr_carea' id='block_1_23' title="bbox 146 2430 1709 2504">
    <p class='ocr_par' dir='ltr' id='par_1_23' title="bbox 146 2430 1709 2504">
     <span class='ocr_line' id='line_1_23' title="bbox 146 2430 1709 2504; baseline -0.004 -19"><span class='ocrx_word' id='word_1_165' title='bbox 146 2436 492 2504; x_wconf 69' lang='grc' dir='ltr'>χειροτονεῖν,</span> <span class='ocrx_word' id='word_1_166' title='bbox 527 2435 602 2504; x_wconf 84' lang='grc' dir='ltr'>μὴ</span> <span class='ocrx_word' id='word_1_167' title='bbox 662 2434 848 2504; x_wconf 86' lang='grc' dir='ltr'>ἓτερόν</span> <span class='ocrx_word' id='word_1_168' title='bbox 901 2451 953 2485; x_wconf 91' lang='grc' dir='ltr'><strong>τι</strong></span> <span class='ocrx_word' id='word_1_169' title='bbox 1020 2435 1265 2502; x_wconf 82' lang='grc' dir='ltr'>ἐνεργεῖν</span> <span class='ocrx_word' id='word_1_170' title='bbox 1324 2430 1709 2500; x_wconf 78' lang='grc' dir='ltr'>ἁρχιερατικδν</span> 
     </span>
    </p>
   </div>
   <div class='ocr_carea' id='block_1_24' title="bbox 147 2520 1708 2596">
    <p class='ocr_par' dir='ltr' id='par_1_24' title="bbox 147 2520 1708 2596">
     <span class='ocr_line' id='line_1_24' title="bbox 147 2520 1708 2596; baseline -0.004 -20"><span class='ocrx_word' id='word_1_171' title='bbox 147 2527 315 2596; x_wconf 69' lang='grc' dir='ltr'>χωρὶς</span> <span class='ocrx_word' id='word_1_172' title='bbox 373 2526 678 2595; x_wconf 84' lang='grc' dir='ltr'>ἐπιτροπῆς</span> <span class='ocrx_word' id='word_1_173' title='bbox 736 2525 830 2577; x_wconf 88' lang='grc' dir='ltr'><strong>τοῦ</strong></span> <span class='ocrx_word' id='word_1_174' title='bbox 890 2526 1155 2594; x_wconf 79' lang='grc' dir='ltr'>ἐγχωρίου</span> <span class='ocrx_word' id='word_1_175' title='bbox 1210 2525 1534 2586; x_wconf 76' lang='grc' dir='ltr'>ἐπισκόπου,</span> <span class='ocrx_word' id='word_1_176' title='bbox 1594 2520 1708 2573; x_wconf 83' lang='grc' dir='ltr'>ἀλλ’</span> 
     </span>
    </p>
   </div>
   <div class='ocr_carea' id='block_1_25' title="bbox 148 2614 1710 2687">
    <p class='ocr_par' dir='ltr' id='par_1_25' title="bbox 148 2614 1710 2687">
     <span class='ocr_line' id='line_1_25' title="bbox 148 2614 1710 2687; baseline -0.003 -20"><span class='ocrx_word' id='word_1_177' title='bbox 148 2615 441 2685; x_wconf 73' lang='grc' dir='ltr'>ἡσυχάζειν</span> <span class='ocrx_word' id='word_1_178' title='bbox 474 2618 667 2687; x_wconf 85' lang='grc' dir='ltr'>μέχρις</span> <span class='ocrx_word' id='word_1_179' title='bbox 706 2617 770 2670; x_wconf 83' lang='grc' dir='ltr'>ἂν</span> <span class='ocrx_word' id='word_1_180' title='bbox 802 2617 862 2668; x_wconf 84' lang='grc' dir='ltr'>τὸ</span> <span class='ocrx_word' id='word_1_181' title='bbox 904 2618 1150 2684; x_wconf 77' lang='grc' dir='ltr'>ποιητέον</span> <span class='ocrx_word' id='word_1_182' title='bbox 1180 2615 1326 2684; x_wconf 79' lang='grc' dir='ltr'>μάθῃ</span> <span class='ocrx_word' id='word_1_183' title='bbox 1359 2614 1467 2666; x_wconf 83' lang='grc' dir='ltr'><strong>ἀπὸ</strong></span> <span class='ocrx_word' id='word_1_184' title='bbox 1505 2615 1710 2664; x_wconf 87' lang='grc' dir='ltr'>οἰκονο-</span> 
     </span>
    </p>
   </div>
   <div class='ocr_carea' id='block_1_26' title="bbox 150 2707 1170 2776">
    <p class='ocr_par' dir='ltr' id='par_1_26' title="bbox 150 2707 1170 2776">
     <span class='ocr_line' id='line_1_26' title="bbox 150 2707 1170 2776; baseline 0 -18"><span class='ocrx_word' id='word_1_185' title='bbox 150 2710 275 2776; x_wconf 88' lang='grc' dir='ltr'>μίας</span> <span class='ocrx_word' id='word_1_186' title='bbox 316 2707 408 2758; x_wconf 68' lang='grc' dir='ltr'>καὶ</span> <span class='ocrx_word' id='word_1_187' title='bbox 436 2708 668 2774; x_wconf 83' lang='grc' dir='ltr'>κρίσεως</span> <span class='ocrx_word' id='word_1_188' title='bbox 691 2708 904 2766; x_wconf 83' lang='grc' dir='ltr'>τελείας</span> <span class='ocrx_word' id='word_1_189' title='bbox 929 2707 1170 2759; x_wconf 82' lang='grc' dir='ltr'>συνόδου.</span> 
     </span>
    </p>
   </div>
   <div class='ocr_carea' id='block_1_27' title="bbox 221 2793 1709 2867">
    <p class='ocr_par' dir='ltr' id='par_1_27' title="bbox 221 2793 1709 2867">
     <span class='ocr_line' id='line_1_27' title="bbox 221 2793 1709 2867; baseline -0.002 -18"><span class='ocrx_word' id='word_1_190' title='bbox 221 2798 463 2850; x_wconf 74' lang='grc' dir='ltr'><strong>ΖΩΝΑΡ.</strong></span> <span class='ocrx_word' id='word_1_191' title='bbox 507 2796 565 2849; x_wconf 84' lang='grc'><strong>’0</strong></span> <span class='ocrx_word' id='word_1_192' title='bbox 600 2797 992 2867; x_wconf 82' lang='grc' dir='ltr'>χειροτονηθεὶς</span> <span class='ocrx_word' id='word_1_193' title='bbox 1023 2798 1101 2858; x_wconf 87' lang='grc' dir='ltr'><strong>είς</strong></span> <span class='ocrx_word' id='word_1_194' title='bbox 1135 2793 1430 2865; x_wconf 80' lang='grc' dir='ltr'>ἐκκλησίαν</span> <span class='ocrx_word' id='word_1_195' title='bbox 1481 2796 1709 2860; x_wconf 88' lang='grc' dir='ltr'>πόλεως,</span> 
     </span>
    </p>
   </div>
   <div class='ocr_carea' id='block_1_28' title="bbox 148 2886 1712 2964">
    <p class='ocr_par' dir='ltr' id='par_1_28' title="bbox 148 2886 1712 2964">
     <span class='ocr_line' id='line_1_28' title="bbox 148 2886 1712 2964; baseline -0.001 -26"><span class='ocrx_word' id='word_1_196' title='bbox 148 2890 246 2964; x_wconf 74' lang='grc' dir='ltr'>καὶ</span> <span class='ocrx_word' id='word_1_197' title='bbox 281 2890 356 2957; x_wconf 81' lang='grc' dir='ltr'><strong>μή</strong></span> <span class='ocrx_word' id='word_1_198' title='bbox 388 2889 632 2956; x_wconf 74' lang='grc' dir='ltr'>δυνηθεὶς</span> <span class='ocrx_word' id='word_1_199' title='bbox 651 2891 729 2950; x_wconf 81' lang='grc' dir='ltr'><strong>είς</strong></span> <span class='ocrx_word' id='word_1_200' title='bbox 750 2889 920 2956; x_wconf 82' lang='grc' dir='ltr'>αὐτὴν</span> <span class='ocrx_word' id='word_1_201' title='bbox 937 2886 1207 2950; x_wconf 85' lang='grc' dir='ltr'>ἀπελθεῖν,</span> <span class='ocrx_word' id='word_1_202' title='bbox 1233 2888 1361 2949; x_wconf 78' lang='grc' dir='ltr'>ἴσως</span> <span class='ocrx_word' id='word_1_203' title='bbox 1391 2887 1493 2939; x_wconf 82' lang='grc' dir='ltr'><strong>ὑπὸ</strong></span> <span class='ocrx_word' id='word_1_204' title='bbox 1527 2887 1712 2947; x_wconf 82' lang='grc' dir='ltr'>ἔθνους</span> 
     </span>
    </p>
   </div>
   <div class='ocr_carea' id='block_1_29' title="bbox 150 2975 1709 3049">
    <p class='ocr_par' dir='ltr' id='par_1_29' title="bbox 150 2975 1709 3049">
     <span class='ocr_line' id='line_1_29' title="bbox 150 2975 1709 3049; baseline 0 -19"><span class='ocrx_word' id='word_1_205' title='bbox 150 2980 566 3047; x_wconf 82' lang='grc' dir='ltr'>κυριευομένην,</span> <span class='ocrx_word' id='word_1_206' title='bbox 606 2979 638 3049; x_wconf 78' lang='grc' dir='ltr'>ἢ</span> <span class='ocrx_word' id='word_1_207' title='bbox 667 2980 849 3049; x_wconf 85' lang='grc' dir='ltr'>χώρας</span> <span class='ocrx_word' id='word_1_208' title='bbox 868 2980 932 3031; x_wconf 79' lang='grc' dir='ltr'><strong>δι’</strong></span> <span class='ocrx_word' id='word_1_209' title='bbox 962 2975 1027 3049; x_wconf 82' lang='grc' dir='ltr'><strong>ἧς</strong></span> <span class='ocrx_word' id='word_1_210' title='bbox 1057 2978 1269 3031; x_wconf 73' lang='grc' dir='ltr'>ὁδεῦσαι</span> <span class='ocrx_word' id='word_1_211' title='bbox 1302 2979 1466 3031; x_wconf 81' lang='grc' dir='ltr'>αὑτὸν</span> <span class='ocrx_word' id='word_1_212' title='bbox 1499 2980 1709 3048; x_wconf 85' lang='grc' dir='ltr'>ἀνάγκη</span> 
     </span>
    </p>
   </div>
   <div class='ocr_carea' id='block_1_30' title="bbox 152 3069 1710 3140">
    <p class='ocr_par' dir='ltr' id='par_1_30' title="bbox 152 3069 1710 3140">
     <span class='ocr_line' id='line_1_30' title="bbox 152 3069 1710 3140; baseline -0.001 -19"><span class='ocrx_word' id='word_1_213' title='bbox 152 3070 260 3121; x_wconf 77' lang='grc' dir='ltr'><strong>ὑπὸ</strong></span> <span class='ocrx_word' id='word_1_214' title='bbox 297 3069 588 3140; x_wconf 78' lang='grc' dir='ltr'>βαρϐάρων</span> <span class='ocrx_word' id='word_1_215' title='bbox 619 3073 1014 3140; x_wconf 84' lang='grc' dir='ltr'>κατεχομένης,</span> <span class='ocrx_word' id='word_1_216' title='bbox 1067 3071 1098 3139; x_wconf 83' lang='grc' dir='ltr'>ἢ</span> <span class='ocrx_word' id='word_1_217' title='bbox 1166 3071 1260 3122; x_wconf 83' lang='grc' dir='ltr'><strong>τοῦ</strong></span> <span class='ocrx_word' id='word_1_218' title='bbox 1311 3070 1441 3122; x_wconf 83' lang='grc' dir='ltr'>λαοῦ</span> <span class='ocrx_word' id='word_1_219' title='bbox 1477 3072 1575 3139; x_wconf 85' lang='grc' dir='ltr'>τῆς</span> <span class='ocrx_word' id='word_1_220' title='bbox 1611 3073 1710 3121; x_wconf 85' lang='grc' dir='ltr'><strong>πὸ-</strong></span> 
     </span>
    </p>
   </div>
   <div class='ocr_carea' id='block_1_31' title="bbox 147 3160 1781 3245">
    <p class='ocr_par' dir='ltr' id='par_1_31' title="bbox 147 3160 1781 3245">
     <span class='ocr_line' id='line_1_31' title="bbox 147 3160 1781 3245; baseline -0.002 -33"><span class='ocrx_word' id='word_1_221' title='bbox 147 3162 284 3222; x_wconf 88' lang='grc' dir='ltr'>λεως</span> <span class='ocrx_word' id='word_1_222' title='bbox 309 3161 374 3212; x_wconf 81' lang='grc' dir='ltr'><strong>δι’</strong></span> <span class='ocrx_word' id='word_1_223' title='bbox 393 3161 618 3222; x_wconf 76' lang='grc' dir='ltr'>ἀταξίαν</span> <span class='ocrx_word' id='word_1_224' title='bbox 655 3161 865 3212; x_wconf 83' lang='grc' dir='ltr'>οἰκείαν</span> <span class='ocrx_word' id='word_1_225' title='bbox 917 3163 989 3228; x_wconf 80' lang='grc' dir='ltr'><strong>μή</strong></span> <span class='ocrx_word' id='word_1_226' title='bbox 1016 3161 1306 3229; x_wconf 74' lang='grc' dir='ltr'>δεχομένου</span> <span class='ocrx_word' id='word_1_227' title='bbox 1385 3160 1568 3221; x_wconf 78' lang='grc' dir='ltr'>αὑτὸν,</span> <span class='ocrx_word' id='word_1_228' title='bbox 1612 3160 1711 3228; x_wconf 81' lang='grc' dir='ltr'><strong>τήν</strong></span> <span class='ocrx_word' id='word_1_229' title='bbox 1739 3190 1781 3245; x_wconf 75' lang='lat' dir='ltr'>c</span> 
     </span>
    </p>
   </div>
   <div class='ocr_carea' id='block_1_32' title="bbox 153 3251 1703 3321">
    <p class='ocr_par' dir='ltr' id='par_1_32' title="bbox 153 3251 1703 3321">
     <span class='ocr_line' id='line_1_32' title="bbox 153 3251 1703 3321; baseline -0.003 -16"><span class='ocrx_word' id='word_1_230' title='bbox 153 3255 254 3320; x_wconf 74' lang='grc' dir='ltr'>μὲν</span> <span class='ocrx_word' id='word_1_231' title='bbox 281 3254 445 3321; x_wconf 84' lang='grc' dir='ltr'>τιμὴν</span> <span class='ocrx_word' id='word_1_232' title='bbox 476 3254 574 3321; x_wconf 81' lang='grc' dir='ltr'>τὴν</span> <span class='ocrx_word' id='word_1_233' title='bbox 605 3254 987 3321; x_wconf 84' lang='grc' dir='ltr'>προσήκουσαν</span> <span class='ocrx_word' id='word_1_234' title='bbox 1019 3251 1303 3318; x_wconf 84' lang='grc' dir='ltr'>ἐπισκόπῳ</span> <span class='ocrx_word' id='word_1_235' title='bbox 1330 3251 1438 3315; x_wconf 69' lang='grc' dir='ltr'>ἕξει</span> <span class='ocrx_word' id='word_1_236' title='bbox 1473 3251 1570 3301; x_wconf 78' lang='grc' dir='ltr'><strong>καὶ</strong></span> <span class='ocrx_word' id='word_1_237' title='bbox 1605 3251 1703 3316; x_wconf 82' lang='grc' dir='ltr'>τὴν</span> 
     </span>
    </p>
   </div>
   <div class='ocr_carea' id='block_1_33' title="bbox 153 3341 1710 3413">
    <p class='ocr_par' dir='ltr' id='par_1_33' title="bbox 153 3341 1710 3413">
     <span class='ocr_line' id='line_1_33' title="bbox 153 3341 1710 3413; baseline -0.002 -17"><span class='ocrx_word' id='word_1_238' title='bbox 153 3344 535 3413; x_wconf 77' lang='grc' dir='ltr'>λειτουργίαν·</span> <span class='ocrx_word' id='word_1_239' title='bbox 573 3343 632 3394; x_wconf 84' lang='grc' dir='ltr'>οὐ</span> <span class='ocrx_word' id='word_1_240' title='bbox 681 3344 788 3411; x_wconf 83' lang='grc' dir='ltr'>γὰρ</span> <span class='ocrx_word' id='word_1_241' title='bbox 853 3344 1023 3404; x_wconf 75' lang='grc' dir='ltr'>αἴτιος</span> <span class='ocrx_word' id='word_1_242' title='bbox 1074 3342 1235 3403; x_wconf 84' lang='grc' dir='ltr'>αὑτός</span> <span class='ocrx_word' id='word_1_243' title='bbox 1285 3344 1402 3392; x_wconf 86' lang='grc' dir='ltr'>ἐστι</span> <span class='ocrx_word' id='word_1_244' title='bbox 1458 3341 1550 3392; x_wconf 89' lang='grc' dir='ltr'><strong>τοῦ</strong></span> <span class='ocrx_word' id='word_1_245' title='bbox 1635 3341 1710 3410; x_wconf 81' lang='grc' dir='ltr'>μὴ</span> 
     </span>
    </p>
   </div>
   <div class='ocr_carea' id='block_1_34' title="bbox 149 3433 1710 3504">
    <p class='ocr_par' dir='ltr' id='par_1_34' title="bbox 149 3433 1710 3504">
     <span class='ocr_line' id='line_1_34' title="bbox 149 3433 1710 3504; baseline -0.005 -14"><span class='ocrx_word' id='word_1_246' title='bbox 149 3436 408 3502; x_wconf 71' lang='grc' dir='ltr'>ἀπελθεῖν</span> <span class='ocrx_word' id='word_1_247' title='bbox 440 3438 518 3497; x_wconf 87' lang='grc' dir='ltr'><strong>εἰς</strong></span> <span class='ocrx_word' id='word_1_248' title='bbox 549 3436 645 3503; x_wconf 82' lang='grc' dir='ltr'><strong>τήν</strong></span> <span class='ocrx_word' id='word_1_249' title='bbox 673 3433 945 3504; x_wconf 84' lang='grc' dir='ltr'>λαχοῦσαν</span> <span class='ocrx_word' id='word_1_250' title='bbox 978 3435 1157 3488; x_wconf 76' lang='grc' dir='ltr'>αὑτὸν,</span> <span class='ocrx_word' id='word_1_251' title='bbox 1196 3433 1488 3501; x_wconf 85' lang='grc' dir='ltr'>ἐκκλησίαν</span> <span class='ocrx_word' id='word_1_252' title='bbox 1522 3447 1536 3462; x_wconf 81' lang='grc' dir='ltr'><strong><em>ο</em></strong></span> <span class='ocrx_word' id='word_1_253' title='bbox 1570 3449 1710 3500; x_wconf 88' lang='grc' dir='ltr'>παρ-</span> 
     </span>
    </p>
   </div>
   <div class='ocr_carea' id='block_1_35' title="bbox 150 3524 1712 3596">
    <p class='ocr_par' dir='ltr' id='par_1_35' title="bbox 150 3524 1712 3596">
     <span class='ocr_line' id='line_1_35' title="bbox 150 3524 1712 3596; baseline -0.003 -15"><span class='ocrx_word' id='word_1_254' title='bbox 150 3528 388 3596; x_wconf 76' lang='grc' dir='ltr'>ενοχλεῖν</span> <span class='ocrx_word' id='word_1_255' title='bbox 412 3526 468 3578; x_wconf 81' lang='grc' dir='ltr'>δὲ</span> <span class='ocrx_word' id='word_1_256' title='bbox 502 3528 612 3588; x_wconf 87' lang='grc' dir='ltr'>τοῖς</span> <span class='ocrx_word' id='word_1_257' title='bbox 649 3529 934 3594; x_wconf 80' lang='grc' dir='ltr'>πράγμασι</span> <span class='ocrx_word' id='word_1_258' title='bbox 991 3526 1084 3592; x_wconf 82' lang='grc' dir='ltr'>τῆς</span> <span class='ocrx_word' id='word_1_259' title='bbox 1118 3524 1434 3593; x_wconf 80' lang='grc' dir='ltr'>ἐκκλησίας,</span> <span class='ocrx_word' id='word_1_260' title='bbox 1487 3524 1613 3575; x_wconf 74' lang='grc' dir='ltr'>ἔνθα</span> <span class='ocrx_word' id='word_1_261' title='bbox 1645 3526 1712 3577; x_wconf 84' lang='grc' dir='ltr'>ἂν</span> 
     </span>
    </p>
   </div>
   <div class='ocr_carea' id='block_1_36' title="bbox 153 3599 1714 3688">
    <p class='ocr_par' dir='ltr' id='par_1_36' title="bbox 153 3599 1714 3688">
     <span class='ocr_line' id='line_1_36' title="bbox 153 3599 1714 3688; baseline -0.001 -16"><span class='ocrx_word' id='word_1_262' title='bbox 153 3621 444 3685; x_wconf 78' lang='grc' dir='ltr'>συνάγοιτο</span> <span class='ocrx_word' id='word_1_263' title='bbox 466 3619 526 3669; x_wconf 84' lang='grc' dir='ltr'>οὒ</span> <span class='ocrx_word' id='word_1_264' title='bbox 552 3599 982 3688; x_wconf 82' lang='grc' dir='ltr'>παραχωρεῖται.</span> <span class='ocrx_word' id='word_1_265' title='bbox 1006 3620 1095 3680; x_wconf 82' lang='grc' dir='ltr'>Εἰς</span> <span class='ocrx_word' id='word_1_266' title='bbox 1126 3618 1232 3685; x_wconf 79' lang='grc' dir='ltr'><strong>γάρ</strong></span> <span class='ocrx_word' id='word_1_267' title='bbox 1256 3636 1377 3669; x_wconf 91' lang='grc' dir='ltr'>τινα</span> <span class='ocrx_word' id='word_1_268' title='bbox 1411 3619 1561 3671; x_wconf 87' lang='grc' dir='ltr'>πόλιν</span> <span class='ocrx_word' id='word_1_269' title='bbox 1584 3621 1714 3681; x_wconf 81' lang='grc' dir='ltr'>ἴσως</span> 
     </span>
    </p>
   </div>
   <div class='ocr_carea' id='block_1_37' title="bbox 147 3706 1716 3776">
    <p class='ocr_par' dir='ltr' id='par_1_37' title="bbox 147 3706 1716 3776">
     <span class='ocr_line' id='line_1_37' title="bbox 147 3706 1716 3776; baseline -0.001 -15"><span class='ocrx_word' id='word_1_270' title='bbox 147 3710 303 3762; x_wconf 67' lang='grc' dir='ltr'>ἕσται</span> <span class='ocrx_word' id='word_1_271' title='bbox 327 3707 534 3776; x_wconf 82' lang='grc' dir='ltr'>αὑτῷή</span> <span class='ocrx_word' id='word_1_272' title='bbox 571 3709 850 3772; x_wconf 86' lang='grc' dir='ltr'>κατοικία,</span> <span class='ocrx_word' id='word_1_273' title='bbox 875 3710 966 3758; x_wconf 77' lang='grc' dir='ltr'>καὶ</span> <span class='ocrx_word' id='word_1_274' title='bbox 1006 3706 1154 3774; x_wconf 67' lang='grc' dir='ltr'>παρὰ</span> <span class='ocrx_word' id='word_1_275' title='bbox 1205 3709 1272 3776; x_wconf 81' lang='grc' dir='ltr'><strong>τῇ</strong></span> <span class='ocrx_word' id='word_1_276' title='bbox 1333 3708 1432 3775; x_wconf 84' lang='grc' dir='ltr'>τῆς</span> <span class='ocrx_word' id='word_1_277' title='bbox 1509 3708 1716 3770; x_wconf 82' lang='grc' dir='ltr'>πόλεως</span> 
     </span>
    </p>
   </div>
   <div class='ocr_carea' id='block_1_38' title="bbox 147 3796 1716 3866">
    <p class='ocr_par' dir='ltr' id='par_1_38' title="bbox 147 3796 1716 3866">
     <span class='ocr_line' id='line_1_38' title="bbox 147 3796 1716 3866; baseline -0.002 -15"><span class='ocrx_word' id='word_1_278' title='bbox 147 3798 364 3865; x_wconf 80' lang='grc' dir='ltr'>ἐκείνης</span> <span class='ocrx_word' id='word_1_279' title='bbox 390 3797 650 3866; x_wconf 76' lang='grc' dir='ltr'>ἐκκλησία</span> <span class='ocrx_word' id='word_1_280' title='bbox 715 3799 997 3863; x_wconf 74' lang='grc' dir='ltr'>συνάγοιτο</span> <span class='ocrx_word' id='word_1_281' title='bbox 1064 3796 1148 3848; x_wconf 72' lang='grc' dir='ltr'>ἄν.</span> <span class='ocrx_word' id='word_1_282' title='bbox 1195 3797 1460 3865; x_wconf 85' lang='grc' dir='ltr'>Ἐνοχλεῖν</span> <span class='ocrx_word' id='word_1_283' title='bbox 1482 3797 1573 3850; x_wconf 81' lang='grc' dir='ltr'><strong>οῦν</strong></span> <span class='ocrx_word' id='word_1_284' title='bbox 1603 3801 1716 3858; x_wconf 90' lang='grc' dir='ltr'>τοῖς</span> 
     </span>
    </p>
   </div>
   <div class='ocr_carea' id='block_1_39' title="bbox 155 3875 1710 3956">
    <p class='ocr_par' dir='ltr' id='par_1_39' title="bbox 155 3875 1710 3956">
     <span class='ocr_line' id='line_1_39' title="bbox 155 3875 1710 3956; baseline -0.004 -16"><span class='ocrx_word' id='word_1_285' title='bbox 155 3890 449 3956; x_wconf 86' lang='grc' dir='ltr'>πράγμασι</span> <span class='ocrx_word' id='word_1_286' title='bbox 483 3887 582 3955; x_wconf 78' lang='grc' dir='ltr'>τῆς</span> <span class='ocrx_word' id='word_1_287' title='bbox 625 3887 916 3951; x_wconf 83' lang='grc' dir='ltr'>ἐκκλησίας</span> <span class='ocrx_word' id='word_1_288' title='bbox 943 3875 1157 3954; x_wconf 77' lang='grc' dir='ltr'>ἐκείνης</span> <span class='ocrx_word' id='word_1_289' title='bbox 1181 3886 1279 3937; x_wconf 79' lang='grc' dir='ltr'>οὐκ</span> <span class='ocrx_word' id='word_1_290' title='bbox 1312 3887 1710 3954; x_wconf 78' lang='grc' dir='ltr'>ἐξέσταιαύτῴ·</span> 
     </span>
    </p>
   </div>
   <div class='ocr_carea' id='block_1_40' title="bbox 148 3976 1711 4044">
    <p class='ocr_par' dir='ltr' id='par_1_40' title="bbox 148 3976 1711 4044">
     <span class='ocr_line' id='line_1_40' title="bbox 148 3976 1711 4044; baseline -0.001 -16"><span class='ocrx_word' id='word_1_291' title='bbox 148 3976 277 4031; x_wconf 74' lang='grc' dir='ltr'>οὔτε</span> <span class='ocrx_word' id='word_1_292' title='bbox 325 3978 432 4044; x_wconf 79' lang='grc' dir='ltr'>γὰρ</span> <span class='ocrx_word' id='word_1_293' title='bbox 450 3976 718 4029; x_wconf 86' lang='grc' dir='ltr'>διδάσκειν</span> <span class='ocrx_word' id='word_1_294' title='bbox 746 3976 966 4027; x_wconf 86' lang='grc' dir='ltr'>δύναται</span> <span class='ocrx_word' id='word_1_295' title='bbox 995 3979 1127 4037; x_wconf 77' lang='grc' dir='ltr'>ἐκεῖ,</span> <span class='ocrx_word' id='word_1_296' title='bbox 1183 3977 1306 4028; x_wconf 81' lang='grc' dir='ltr'>οὔτε</span> <span class='ocrx_word' id='word_1_297' title='bbox 1369 3981 1711 4044; x_wconf 81' lang='grc' dir='ltr'>χειροτονεῖν,</span> 
     </span>
    </p>
   </div>
   <div class='ocr_carea' id='block_1_41' title="bbox 147 4065 1714 4136">
    <p class='ocr_par' dir='ltr' id='par_1_41' title="bbox 147 4065 1714 4136">
     <span class='ocr_line' id='line_1_41' title="bbox 147 4065 1714 4136; baseline -0.004 -15"><span class='ocrx_word' id='word_1_298' title='bbox 147 4068 275 4121; x_wconf 78' lang='grc' dir='ltr'>οὒτε</span> <span class='ocrx_word' id='word_1_299' title='bbox 303 4069 617 4136; x_wconf 82' lang='grc' dir='ltr'>ἱερουργεῖν,</span> <span class='ocrx_word' id='word_1_300' title='bbox 645 4069 692 4119; x_wconf 83' lang='grc' dir='ltr'><strong>εί</strong></span> <span class='ocrx_word' id='word_1_301' title='bbox 727 4070 800 4135; x_wconf 81' lang='grc' dir='ltr'>μὴ</span> <span class='ocrx_word' id='word_1_302' title='bbox 827 4068 1174 4135; x_wconf 80' lang='grc' dir='ltr'>ἐπιτραπείη,</span> <span class='ocrx_word' id='word_1_303' title='bbox 1211 4066 1333 4118; x_wconf 74' lang='grc' dir='ltr'>οὔτε</span> <span class='ocrx_word' id='word_1_304' title='bbox 1363 4083 1412 4118; x_wconf 91' lang='grc' dir='ltr'><strong>τι</strong></span> <span class='ocrx_word' id='word_1_305' title='bbox 1446 4065 1553 4117; x_wconf 84' lang='grc' dir='ltr'>τῶν</span> <span class='ocrx_word' id='word_1_306' title='bbox 1585 4084 1714 4135; x_wconf 75' lang='grc' dir='ltr'>προ-</span> 
     </span>
    </p>
   </div>
   <div class='ocr_carea' id='block_1_42' title="bbox 154 4156 1717 4228">
    <p class='ocr_par' dir='ltr' id='par_1_42' title="bbox 154 4156 1717 4228">
     <span class='ocr_line' id='line_1_42' title="bbox 154 4156 1717 4228; baseline -0.002 -18"><span class='ocrx_word' id='word_1_307' title='bbox 154 4159 327 4210; x_wconf 84' lang='grc' dir='ltr'>σόδων</span> <span class='ocrx_word' id='word_1_308' title='bbox 362 4160 768 4228; x_wconf 75' lang='grc' dir='ltr'>σφετερίζεσθαι</span> <span class='ocrx_word' id='word_1_309' title='bbox 799 4158 896 4223; x_wconf 83' lang='grc' dir='ltr'>τῆς</span> <span class='ocrx_word' id='word_1_310' title='bbox 923 4157 1214 4224; x_wconf 75' lang='grc' dir='ltr'>ἐκκλησίας</span> <span class='ocrx_word' id='word_1_311' title='bbox 1247 4156 1484 4221; x_wconf 78' lang='grc' dir='ltr'>ἐκείνης.</span> <span class='ocrx_word' id='word_1_312' title='bbox 1541 4156 1717 4225; x_wconf 78' lang='grc' dir='ltr'>Αναρ-</span> 
     </span>
    </p>
   </div>
   <div class='ocr_carea' id='block_1_43' title="bbox 149 4248 1716 4322">
    <p class='ocr_par' dir='ltr' id='par_1_43' title="bbox 149 4248 1716 4322">
     <span class='ocr_line' id='line_1_43' title="bbox 149 4248 1716 4322; baseline -0.003 -18"><span class='ocrx_word' id='word_1_313' title='bbox 149 4252 322 4322; x_wconf 77' lang='grc' dir='ltr'>τῆσαι</span> <span class='ocrx_word' id='word_1_314' title='bbox 379 4250 436 4301; x_wconf 88' lang='grc' dir='ltr'><strong>δέ</strong></span> <span class='ocrx_word' id='word_1_315' title='bbox 466 4250 534 4301; x_wconf 73' lang='grc' dir='ltr'>τὸ</span> <span class='ocrx_word' id='word_1_316' title='bbox 557 4253 664 4303; x_wconf 77' lang='grc' dir='ltr'>πᾶν</span> <span class='ocrx_word' id='word_1_317' title='bbox 701 4251 908 4317; x_wconf 80' lang='grc' dir='ltr'>ὀφείλει</span> <span class='ocrx_word' id='word_1_318' title='bbox 931 4251 1008 4310; x_wconf 86' lang='grc' dir='ltr'><strong>είς</strong></span> <span class='ocrx_word' id='word_1_319' title='bbox 1060 4248 1154 4317; x_wconf 79' lang='grc' dir='ltr'>τὴν</span> <span class='ocrx_word' id='word_1_320' title='bbox 1188 4249 1366 4314; x_wconf 84' lang='grc' dir='ltr'>κρίσιν</span> <span class='ocrx_word' id='word_1_321' title='bbox 1395 4249 1488 4300; x_wconf 75' lang='grc' dir='ltr'>καὶ</span> <span class='ocrx_word' id='word_1_322' title='bbox 1509 4250 1716 4300; x_wconf 88' lang='grc' dir='ltr'>οἰκονο-</span> 
     </span>
    </p>
   </div>
   <div class='ocr_carea' id='block_1_44' title="bbox 1109 399 2344 466">
    <p class='ocr_par' dir='ltr' id='par_1_44' title="bbox 1109 399 2344 466">
     <span class='ocr_line' id='line_1_44' title="bbox 1109 399 2344 466; baseline 0 -4"><span class='ocrx_word' id='word_1_323' title='bbox 1109 405 1186 466; x_wconf 76' lang='lat' dir='ltr'><strong>IN</strong></span> <span class='ocrx_word' id='word_1_324' title='bbox 1226 403 1382 463; x_wconf 64' lang='lat' dir='ltr'><strong>CAN.</strong></span> <span class='ocrx_word' id='word_1_325' title='bbox 1418 401 1616 465; x_wconf 78' lang='lat' dir='ltr'><strong>XVIII</strong></span> <span class='ocrx_word' id='word_1_326' title='bbox 1651 399 1858 460; x_wconf 68' lang='lat' dir='ltr'><strong>CONlI.</strong></span> <span class='ocrx_word' id='word_1_327' title='bbox 1902 402 1960 461; x_wconf 87' lang='lat' dir='ltr'><strong>Il</strong></span> <span class='ocrx_word' id='word_1_328' title='bbox 1992 401 2344 463; x_wconf 77' lang='lat' dir='ltr'><strong>ANTIOCH.</strong></span> 
     </span>
    </p>
   </div>
   <div class='ocr_carea' id='block_1_45' title="bbox 3231 398 3362 462">
    <p class='ocr_par' dir='ltr' id='par_1_45' title="bbox 3231 398 3362 462">
     <span class='ocr_line' id='line_1_45' title="bbox 3231 398 3362 462; baseline 0.015 -4"><span class='ocrx_word' id='word_1_329' title='bbox 3231 398 3362 462; x_wconf 79' lang='lat'><strong>1326</strong></span> 
     </span>
    </p>
   </div>
   <div class='ocr_carea' id='block_1_46' title="bbox 1913 514 3364 585">
    <p class='ocr_par' dir='ltr' id='par_1_46' title="bbox 1913 514 3364 585">
     <span class='ocr_line' id='line_1_46' title="bbox 1913 514 3364 585; baseline 0.003 -21"><span class='ocrx_word' id='word_1_330' title='bbox 1913 533 1931 564; x_wconf 78' lang='grc' dir='ltr'><strong>ι</strong></span> <span class='ocrx_word' id='word_1_331' title='bbox 1978 531 2136 585; x_wconf 87' lang='lat' dir='ltr'><strong>quam</strong></span> <span class='ocrx_word' id='word_1_332' title='bbox 2158 527 2239 570; x_wconf 87' lang='lat' dir='ltr'><strong>est</strong></span> <span class='ocrx_word' id='word_1_333' title='bbox 2261 514 2543 569; x_wconf 89' lang='lat' dir='ltr'><strong>ordinatus</strong></span> <span class='ocrx_word' id='word_1_334' title='bbox 2569 515 2879 584; x_wconf 82' lang='lat' dir='ltr'><strong>episcopus,</strong></span> <span class='ocrx_word' id='word_1_335' title='bbox 2899 530 3004 569; x_wconf 91' lang='lat' dir='ltr'><strong>non</strong></span> <span class='ocrx_word' id='word_1_336' title='bbox 3033 530 3126 568; x_wconf 91' lang='lat' dir='ltr'><strong>sua</strong></span> <span class='ocrx_word' id='word_1_337' title='bbox 3149 515 3364 583; x_wconf 87' lang='lat' dir='ltr'><strong>quidem</strong></span> 
     </span>
    </p>
   </div>
   <div class='ocr_carea' id='block_1_47' title="bbox 1889 607 3357 676">
    <p class='ocr_par' dir='ltr' id='par_1_47' title="bbox 1889 607 3357 676">
     <span class='ocr_line' id='line_1_47' title="bbox 1889 607 3357 676; baseline 0.001 -20"><span class='ocrx_word' id='word_1_338' title='bbox 1889 625 1906 656; x_wconf 77' lang='grc' dir='ltr'><strong>ι</strong></span> <span class='ocrx_word' id='word_1_339' title='bbox 1953 609 2134 676; x_wconf 90' lang='lat' dir='ltr'><strong>culpa,</strong></span> <span class='ocrx_word' id='word_1_340' title='bbox 2166 607 2262 661; x_wconf 89' lang='lat' dir='ltr'><strong>sed</strong></span> <span class='ocrx_word' id='word_1_341' title='bbox 2318 618 2537 676; x_wconf 83' lang='lat' dir='ltr'><strong>prepter</strong></span> <span class='ocrx_word' id='word_1_342' title='bbox 2577 608 2759 676; x_wconf 83' lang='lat' dir='ltr'><strong>populi</strong></span> <span class='ocrx_word' id='word_1_343' title='bbox 2812 607 3230 667; x_wconf 76' lang='lat' dir='ltr'><strong>recusationem,</strong></span> <span class='ocrx_word' id='word_1_344' title='bbox 3276 607 3357 660; x_wconf 85' lang='lat' dir='ltr'><strong>vel</strong></span> 
     </span>
    </p>
   </div>
   <div class='ocr_carea' id='block_1_48' title="bbox 1890 700 3359 769">
    <p class='ocr_par' dir='ltr' id='par_1_48' title="bbox 1890 700 3359 769">
     <span class='ocr_line' id='line_1_48' title="bbox 1890 700 3359 769; baseline 0.001 -18"><span class='ocrx_word' id='word_1_345' title='bbox 1890 719 1907 751; x_wconf 78' lang='grc' dir='ltr'><strong>ι</strong></span> <span class='ocrx_word' id='word_1_346' title='bbox 1953 700 2186 769; x_wconf 81' lang='lat' dir='ltr'><strong>aliquam</strong></span> <span class='ocrx_word' id='word_1_347' title='bbox 2225 700 2385 752; x_wconf 88' lang='lat' dir='ltr'><strong>aliam</strong></span> <span class='ocrx_word' id='word_1_348' title='bbox 2426 714 2669 759; x_wconf 87' lang='lat' dir='ltr'><strong>causam,</strong></span> <span class='ocrx_word' id='word_1_349' title='bbox 2700 714 2818 766; x_wconf 70' lang='lat' dir='ltr'><strong>quae</strong></span> <span class='ocrx_word' id='word_1_350' title='bbox 2841 714 2870 751; x_wconf 88' lang='lat' dir='ltr'><strong>a</strong></span> <span class='ocrx_word' id='word_1_351' title='bbox 2919 713 2976 752; x_wconf 92' lang='lat' dir='ltr'><strong>se</strong></span> <span class='ocrx_word' id='word_1_352' title='bbox 3005 713 3108 751; x_wconf 88' lang='lat' dir='ltr'><strong>non</strong></span> <span class='ocrx_word' id='word_1_353' title='bbox 3141 700 3314 751; x_wconf 87' lang='lat' dir='ltr'><strong>oritur</strong></span> <span class='ocrx_word' id='word_1_354' title='bbox 3342 714 3359 752; x_wconf 85' lang='lat'><strong>:</strong></span> 
     </span>
    </p>
   </div>
   <div class='ocr_carea' id='block_1_49' title="bbox 1890 794 3360 862">
    <p class='ocr_par' dir='ltr' id='par_1_49' title="bbox 1890 794 3360 862">
     <span class='ocr_line' id='line_1_49' title="bbox 1890 794 3360 862; baseline -0.003 -11"><span class='ocrx_word' id='word_1_355' title='bbox 1890 817 1907 850; x_wconf 84' lang='grc' dir='ltr'><strong>ι</strong></span> <span class='ocrx_word' id='word_1_356' title='bbox 1952 800 2000 851; x_wconf 89' lang='lat' dir='ltr'><strong>is</strong></span> <span class='ocrx_word' id='word_1_357' title='bbox 2024 798 2095 851; x_wconf 87' lang='lat' dir='ltr'><strong>sit</strong></span> <span class='ocrx_word' id='word_1_358' title='bbox 2123 804 2177 850; x_wconf 91' lang='lat' dir='ltr'><strong>et</strong></span> <span class='ocrx_word' id='word_1_359' title='bbox 2206 795 2429 849; x_wconf 85' lang='lat' dir='ltr'><strong>honoris</strong></span> <span class='ocrx_word' id='word_1_360' title='bbox 2487 804 2538 847; x_wconf 90' lang='lat' dir='ltr'><strong>et</strong></span> <span class='ocrx_word' id='word_1_361' title='bbox 2574 794 2818 848; x_wconf 88' lang='lat' dir='ltr'><strong>muneris</strong></span> <span class='ocrx_word' id='word_1_362' title='bbox 2862 794 3155 862; x_wconf 76' lang='lat' dir='ltr'><strong>particeps,</strong></span> <span class='ocrx_word' id='word_1_363' title='bbox 3204 796 3360 848; x_wconf 80' lang='lat' dir='ltr'><strong>dum-</strong></span> 
     </span>
    </p>
   </div>
   <div class='ocr_carea' id='block_1_50' title="bbox 1886 885 3363 950">
    <p class='ocr_par' dir='ltr' id='par_1_50' title="bbox 1886 885 3363 950">
     <span class='ocr_line' id='line_1_50' title="bbox 1886 885 3363 950; baseline -0.003 -9"><span class='ocrx_word' id='word_1_364' title='bbox 1886 910 1904 941; x_wconf 78' lang='grc' dir='ltr'><strong>ι</strong></span> <span class='ocrx_word' id='word_1_365' title='bbox 1952 889 2111 942; x_wconf 92' lang='lat' dir='ltr'><strong>modo</strong></span> <span class='ocrx_word' id='word_1_366' title='bbox 2146 888 2346 940; x_wconf 80' lang='lat' dir='ltr'><strong>nullam</strong></span> <span class='ocrx_word' id='word_1_367' title='bbox 2398 886 2558 939; x_wconf 91' lang='lat' dir='ltr'><strong>rebus</strong></span> <span class='ocrx_word' id='word_1_368' title='bbox 2608 885 2879 946; x_wconf 70' lang='lat' dir='ltr'><strong>ecclesiae,</strong></span> <span class='ocrx_word' id='word_1_369' title='bbox 2915 885 2967 938; x_wconf 93' lang='lat' dir='ltr'><strong>in</strong></span> <span class='ocrx_word' id='word_1_370' title='bbox 3018 900 3124 950; x_wconf 86' lang='lat' dir='ltr'><strong>qua</strong></span> <span class='ocrx_word' id='word_1_371' title='bbox 3167 901 3363 942; x_wconf 79' lang='lat' dir='ltr'><strong>conve-</strong></span> 
     </span>
    </p>
   </div>
   <div class='ocr_carea' id='block_1_51' title="bbox 1887 973 3360 1042">
    <p class='ocr_par' dir='ltr' id='par_1_51' title="bbox 1887 973 3360 1042">
     <span class='ocr_line' id='line_1_51' title="bbox 1887 973 3360 1042; baseline -0.002 -11"><span class='ocrx_word' id='word_1_372' title='bbox 1887 996 1906 1030; x_wconf 79' lang='grc' dir='ltr'><strong>ι</strong></span> <span class='ocrx_word' id='word_1_373' title='bbox 1955 979 2054 1039; x_wconf 88' lang='lat' dir='ltr'><strong>nit,</strong></span> <span class='ocrx_word' id='word_1_374' title='bbox 2089 977 2394 1040; x_wconf 73' lang='lat' dir='ltr'><strong>molestiam</strong></span> <span class='ocrx_word' id='word_1_375' title='bbox 2426 973 2634 1027; x_wconf 65' lang='lat' dir='ltr'><strong>aderat.</strong></span> <span class='ocrx_word' id='word_1_376' title='bbox 2674 975 2724 1027; x_wconf 90' lang='lat' dir='ltr'><strong>Is</strong></span> <span class='ocrx_word' id='word_1_377' title='bbox 2759 982 2939 1028; x_wconf 87' lang='lat' dir='ltr'><strong>autem</strong></span> <span class='ocrx_word' id='word_1_378' title='bbox 2995 974 3045 1026; x_wconf 89' lang='lat' dir='ltr'><strong>id</strong></span> <span class='ocrx_word' id='word_1_379' title='bbox 3080 976 3360 1042; x_wconf 85' lang='lat' dir='ltr'><strong>suscipiat,</strong></span> 
     </span>
    </p>
   </div>
   <div class='ocr_carea' id='block_1_52' title="bbox 1890 1057 3362 1139">
    <p class='ocr_par' dir='ltr' id='par_1_52' title="bbox 1890 1057 3362 1139">
     <span class='ocr_line' id='line_1_52' title="bbox 1890 1057 3362 1139; baseline -0.001 -17"><span class='ocrx_word' id='word_1_380' title='bbox 1890 1089 1908 1122; x_wconf 84' lang='grc' dir='ltr'><strong>ι</strong></span> <span class='ocrx_word' id='word_1_381' title='bbox 1955 1070 2100 1139; x_wconf 87' lang='lat' dir='ltr'><strong>quod</strong></span> <span class='ocrx_word' id='word_1_382' title='bbox 2130 1068 2366 1139; x_wconf 81' lang='lat' dir='ltr'><strong>perfecta</strong></span> <span class='ocrx_word' id='word_1_383' title='bbox 2414 1057 2701 1136; x_wconf 66' lang='lat' dir='ltr'><strong>previnciat</strong></span> <span class='ocrx_word' id='word_1_384' title='bbox 2727 1066 2984 1134; x_wconf 80' lang='lat' dir='ltr'><strong>synodus.</strong></span> <span class='ocrx_word' id='word_1_385' title='bbox 3015 1066 3159 1134; x_wconf 89' lang='lat' dir='ltr'><strong>quod</strong></span> <span class='ocrx_word' id='word_1_386' title='bbox 3194 1067 3256 1119; x_wconf 90' lang='lat' dir='ltr'><strong>ad</strong></span> <span class='ocrx_word' id='word_1_387' title='bbox 3302 1082 3362 1120; x_wconf 85' lang='lat' dir='ltr'><strong>se</strong></span> 
     </span>
    </p>
   </div>
   <div class='ocr_carea' id='block_1_53' title="bbox 1886 1159 3003 1228">
    <p class='ocr_par' dir='ltr' id='par_1_53' title="bbox 1886 1159 3003 1228">
     <span class='ocr_line' id='line_1_53' title="bbox 1886 1159 3003 1228; baseline -0.005 -14"><span class='ocrx_word' id='word_1_388' title='bbox 1886 1181 1905 1214; x_wconf 83' lang='grc' dir='ltr'><strong>ι</strong></span> <span class='ocrx_word' id='word_1_389' title='bbox 1953 1162 2172 1215; x_wconf 88' lang='lat' dir='ltr'><strong>allatum</strong></span> <span class='ocrx_word' id='word_1_390' title='bbox 2207 1170 2288 1215; x_wconf 91' lang='lat' dir='ltr'><strong>est</strong></span> <span class='ocrx_word' id='word_1_391' title='bbox 2315 1159 2631 1228; x_wconf 89' lang='lat' dir='ltr'><strong>judicando,</strong></span> <span class='ocrx_word' id='word_1_392' title='bbox 2664 1160 2937 1211; x_wconf 85' lang='lat' dir='ltr'><strong>statuerit.</strong></span> <span class='ocrx_word' id='word_1_393' title='bbox 2985 1176 3003 1208; x_wconf 76' lang='grc' dir='ltr'><strong>ι</strong></span> 
     </span>
    </p>
   </div>
   <div class='ocr_carea' id='block_1_54' title="bbox 1885 1251 3365 1321">
    <p class='ocr_par' dir='ltr' id='par_1_54' title="bbox 1885 1251 3365 1321">
     <span class='ocr_line' id='line_1_54' title="bbox 1885 1251 3365 1321; baseline -0.001 -15"><span class='ocrx_word' id='word_1_394' title='bbox 1885 1251 2075 1306; x_wconf 78' lang='lat' dir='ltr'><strong>BALS.</strong></span> <span class='ocrx_word' id='word_1_395' title='bbox 2117 1254 2172 1306; x_wconf 94' lang='lat' dir='ltr'><strong>ln</strong></span> <span class='ocrx_word' id='word_1_396' title='bbox 2202 1255 2434 1321; x_wconf 89' lang='lat' dir='ltr'><strong>septimo</strong></span> <span class='ocrx_word' id='word_1_397' title='bbox 2457 1251 2668 1305; x_wconf 88' lang='lat' dir='ltr'><strong>decimo</strong></span> <span class='ocrx_word' id='word_1_398' title='bbox 2687 1252 2914 1319; x_wconf 87' lang='lat' dir='ltr'><strong>‘quidem</strong></span> <span class='ocrx_word' id='word_1_399' title='bbox 2949 1265 3155 1304; x_wconf 81' lang='lat' dir='ltr'><strong>canone</strong></span> <span class='ocrx_word' id='word_1_400' title='bbox 3180 1251 3365 1305; x_wconf 84' lang='lat' dir='ltr'><strong>Patres</strong></span> 
     </span>
    </p>
   </div>
   <div class='ocr_carea' id='block_1_55' title="bbox 1812 1342 3365 1415">
    <p class='ocr_par' dir='ltr' id='par_1_55' title="bbox 1812 1342 3365 1415">
     <span class='ocr_line' id='line_1_55' title="bbox 1812 1342 3365 1415; baseline -0.002 -16"><span class='ocrx_word' id='word_1_401' title='bbox 1812 1363 1932 1399; x_wconf 87' lang='lat' dir='ltr'><strong>etnn</strong></span> <span class='ocrx_word' id='word_1_402' title='bbox 1965 1347 2218 1415; x_wconf 91' lang='lat' dir='ltr'><strong>puniunt,</strong></span> <span class='ocrx_word' id='word_1_403' title='bbox 2270 1347 2361 1414; x_wconf 88' lang='lat' dir='ltr'><strong>qui</strong></span> <span class='ocrx_word' id='word_1_404' title='bbox 2420 1345 2708 1397; x_wconf 90' lang='lat' dir='ltr'><strong>ordinatus</strong></span> <span class='ocrx_word' id='word_1_405' title='bbox 2742 1342 2928 1404; x_wconf 80' lang='lat' dir='ltr'><strong>fuerit,</strong></span> <span class='ocrx_word' id='word_1_406' title='bbox 2981 1352 3034 1397; x_wconf 91' lang='lat' dir='ltr'><strong>et</strong></span> <span class='ocrx_word' id='word_1_407' title='bbox 3087 1359 3193 1398; x_wconf 89' lang='lat' dir='ltr'><strong>non</strong></span> <span class='ocrx_word' id='word_1_408' title='bbox 3241 1359 3365 1414; x_wconf 84' lang='lat' dir='ltr'><strong>per-</strong></span> 
     </span>
    </p>
   </div>
   <div class='ocr_carea' id='block_1_56' title="bbox 1812 1434 3364 1504">
    <p class='ocr_par' dir='ltr' id='par_1_56' title="bbox 1812 1434 3364 1504">
     <span class='ocr_line' id='line_1_56' title="bbox 1812 1434 3364 1504; baseline -0.003 -12"><span class='ocrx_word' id='word_1_409' title='bbox 1812 1437 2070 1492; x_wconf 72' lang='lat' dir='ltr'><strong>suadetur</strong></span> <span class='ocrx_word' id='word_1_410' title='bbox 2102 1436 2167 1489; x_wconf 88' lang='lat' dir='ltr'><strong>ad</strong></span> <span class='ocrx_word' id='word_1_411' title='bbox 2208 1437 2492 1490; x_wconf 81' lang='lat' dir='ltr'><strong>ecclesiam</strong></span> <span class='ocrx_word' id='word_1_412' title='bbox 2527 1434 2819 1504; x_wconf 79' lang='lat' dir='ltr'><strong>proﬁcisci,</strong></span> <span class='ocrx_word' id='word_1_413' title='bbox 2848 1449 2966 1502; x_wconf 85' lang='lat' dir='ltr'><strong>qu:e</strong></span> <span class='ocrx_word' id='word_1_414' title='bbox 2997 1434 3145 1487; x_wconf 83' lang='lat' dir='ltr'><strong>illum</strong></span> <span class='ocrx_word' id='word_1_415' title='bbox 3176 1436 3364 1488; x_wconf 89' lang='lat' dir='ltr'><strong>sortita</strong></span> 
     </span>
    </p>
   </div>
   <div class='ocr_carea' id='block_1_57' title="bbox 1810 1526 3366 1597">
    <p class='ocr_par' dir='ltr' id='par_1_57' title="bbox 1810 1526 3366 1597">
     <span class='ocr_line' id='line_1_57' title="bbox 1810 1526 3366 1597; baseline -0.002 -15"><span class='ocrx_word' id='word_1_416' title='bbox 1810 1528 1911 1582; x_wconf 84' lang='lat' dir='ltr'><strong>est.</strong></span> <span class='ocrx_word' id='word_1_417' title='bbox 1947 1526 2003 1580; x_wconf 84' lang='lat' dir='ltr'><strong>In</strong></span> <span class='ocrx_word' id='word_1_418' title='bbox 2033 1528 2283 1597; x_wconf 70' lang='lat' dir='ltr'><strong>prmsenti</strong></span> <span class='ocrx_word' id='word_1_419' title='bbox 2314 1535 2493 1579; x_wconf 90' lang='lat' dir='ltr'><strong>autem</strong></span> <span class='ocrx_word' id='word_1_420' title='bbox 2521 1527 2810 1580; x_wconf 83' lang='lat' dir='ltr'><strong>canone-ei</strong></span> <span class='ocrx_word' id='word_1_421' title='bbox 2856 1528 2986 1577; x_wconf 91' lang='lat' dir='ltr'><strong>dant</strong></span> <span class='ocrx_word' id='word_1_422' title='bbox 3018 1528 3250 1589; x_wconf 84' lang='lat' dir='ltr'><strong>veniam,</strong></span> <span class='ocrx_word' id='word_1_423' title='bbox 3276 1528 3366 1594; x_wconf 86' lang='lat' dir='ltr'><strong>qui</strong></span> 
     </span>
    </p>
   </div>
   <div class='ocr_carea' id='block_1_58' title="bbox 1812 1616 3363 1686">
    <p class='ocr_par' dir='ltr' id='par_1_58' title="bbox 1812 1616 3363 1686">
     <span class='ocr_line' id='line_1_58' title="bbox 1812 1616 3363 1686; baseline -0.001 -16"><span class='ocrx_word' id='word_1_424' title='bbox 1812 1616 2094 1670; x_wconf 89' lang='lat' dir='ltr'><strong>ordinatus</strong></span> <span class='ocrx_word' id='word_1_425' title='bbox 2123 1626 2225 1680; x_wconf 90' lang='lat' dir='ltr'><strong>est,</strong></span> <span class='ocrx_word' id='word_1_426' title='bbox 2262 1629 2315 1671; x_wconf 90' lang='lat' dir='ltr'><strong>et</strong></span> <span class='ocrx_word' id='word_1_427' title='bbox 2343 1619 2454 1668; x_wconf 89' lang='lat' dir='ltr'><strong>vult</strong></span> <span class='ocrx_word' id='word_1_428' title='bbox 2500 1616 2718 1684; x_wconf 90' lang='lat' dir='ltr'><strong>quidem</strong></span> <span class='ocrx_word' id='word_1_429' title='bbox 2752 1617 2835 1669; x_wconf 76' lang='lat' dir='ltr'><strong>‘ad</strong></span> <span class='ocrx_word' id='word_1_430' title='bbox 2893 1632 3037 1679; x_wconf 87' lang='lat' dir='ltr'><strong>eam,</strong></span> <span class='ocrx_word' id='word_1_431' title='bbox 3087 1617 3152 1669; x_wconf 90' lang='lat' dir='ltr'><strong>ad</strong></span> <span class='ocrx_word' id='word_1_432' title='bbox 3204 1632 3363 1686; x_wconf 89' lang='lat' dir='ltr'><strong>quam</strong></span> 
     </span>
    </p>
   </div>
   <div class='ocr_carea' id='block_1_59' title="bbox 1810 1707 3366 1778">
    <p class='ocr_par' dir='ltr' id='par_1_59' title="bbox 1810 1707 3366 1778">
     <span class='ocr_line' id='line_1_59' title="bbox 1810 1707 3366 1778; baseline -0.001 -14"><span class='ocrx_word' id='word_1_433' title='bbox 1810 1710 2099 1764; x_wconf 81' lang='lat' dir='ltr'><strong>ordinatus</strong></span> <span class='ocrx_word' id='word_1_434' title='bbox 2143 1719 2247 1773; x_wconf 88' lang='lat' dir='ltr'><strong>est,</strong></span> <span class='ocrx_word' id='word_1_435' title='bbox 2290 1708 2580 1778; x_wconf 68' lang='lat' dir='ltr'><strong>parteciam</strong></span> <span class='ocrx_word' id='word_1_436' title='bbox 2637 1707 2943 1777; x_wconf 89' lang='lat' dir='ltr'><strong>prolicisci,</strong></span> <span class='ocrx_word' id='word_1_437' title='bbox 3000 1724 3107 1763; x_wconf 88' lang='lat' dir='ltr'><strong>non</strong></span> <span class='ocrx_word' id='word_1_438' title='bbox 3167 1710 3366 1762; x_wconf 79' lang='lat' dir='ltr'><strong>sinitur</strong></span> 
     </span>
    </p>
   </div>
   <div class='ocr_carea' id='block_1_60' title="bbox 1815 1801 3366 1870">
    <p class='ocr_par' dir='ltr' id='par_1_60' title="bbox 1815 1801 3366 1870">
     <span class='ocr_line' id='line_1_60' title="bbox 1815 1801 3366 1870; baseline 0.001 -17"><span class='ocrx_word' id='word_1_439' title='bbox 1815 1811 2018 1863; x_wconf 86' lang='lat' dir='ltr'><strong>autem,</strong></span> <span class='ocrx_word' id='word_1_440' title='bbox 2055 1802 2138 1854; x_wconf 89' lang='lat' dir='ltr'><strong>vel</strong></span> <span class='ocrx_word' id='word_1_441' title='bbox 2173 1811 2393 1869; x_wconf 83' lang='lat' dir='ltr'><strong>propter</strong></span> <span class='ocrx_word' id='word_1_442' title='bbox 2425 1802 2608 1870; x_wconf 88' lang='lat' dir='ltr'><strong>populi</strong></span> <span class='ocrx_word' id='word_1_443' title='bbox 2657 1801 3067 1869; x_wconf 87' lang='lat' dir='ltr'><strong>impudentiam,</strong></span> <span class='ocrx_word' id='word_1_444' title='bbox 3120 1805 3199 1855; x_wconf 90' lang='lat' dir='ltr'><strong>vel</strong></span> <span class='ocrx_word' id='word_1_445' title='bbox 3243 1818 3366 1870; x_wconf 89' lang='lat' dir='ltr'><strong>pro-</strong></span> 
     </span>
    </p>
   </div>
   <div class='ocr_carea' id='block_1_61' title="bbox 1815 1891 3363 1962">
    <p class='ocr_par' dir='ltr' id='par_1_61' title="bbox 1815 1891 3363 1962">
     <span class='ocr_line' id='line_1_61' title="bbox 1815 1891 3363 1962; baseline -0.001 -17"><span class='ocrx_word' id='word_1_446' title='bbox 1815 1903 1929 1962; x_wconf 88' lang='lat' dir='ltr'><strong>pter</strong></span> <span class='ocrx_word' id='word_1_447' title='bbox 1955 1896 2198 1962; x_wconf 79' lang='lat' dir='ltr'><strong>gentium</strong></span> <span class='ocrx_word' id='word_1_448' title='bbox 2234 1893 2600 1944; x_wconf 90' lang='lat' dir='ltr'><strong>incursionem</strong></span> <span class='ocrx_word' id='word_1_449' title='bbox 2636 1909 2650 1944; x_wconf 89' lang='lat'><strong>:</strong></span> <span class='ocrx_word' id='word_1_450' title='bbox 2689 1901 2741 1944; x_wconf 89' lang='lat' dir='ltr'><strong>et</strong></span> <span class='ocrx_word' id='word_1_451' title='bbox 2773 1891 2894 1944; x_wconf 91' lang='lat' dir='ltr'><strong>ideo</strong></span> <span class='ocrx_word' id='word_1_452' title='bbox 2930 1892 3272 1959; x_wconf 88' lang='lat' dir='ltr'><strong>permittunt,</strong></span> <span class='ocrx_word' id='word_1_453' title='bbox 3305 1903 3363 1945; x_wconf 94' lang='lat' dir='ltr'><strong>ut</strong></span> 
     </span>
    </p>
   </div>
   <div class='ocr_carea' id='block_1_62' title="bbox 1811 1983 3362 2055">
    <p class='ocr_par' dir='ltr' id='par_1_62' title="bbox 1811 1983 3362 2055">
     <span class='ocr_line' id='line_1_62' title="bbox 1811 1983 3362 2055; baseline -0.001 -18"><span class='ocrx_word' id='word_1_454' title='bbox 1811 1987 1863 2037; x_wconf 92' lang='lat' dir='ltr'><strong>in</strong></span> <span class='ocrx_word' id='word_1_455' title='bbox 1893 2000 1998 2054; x_wconf 91' lang='lat' dir='ltr'><strong>qua</strong></span> <span class='ocrx_word' id='word_1_456' title='bbox 2029 1984 2301 2036; x_wconf 84' lang='lat' dir='ltr'><strong>invenitur</strong></span> <span class='ocrx_word' id='word_1_457' title='bbox 2333 1983 2639 2055; x_wconf 81' lang='lat' dir='ltr'><strong>provincia,</strong></span> <span class='ocrx_word' id='word_1_458' title='bbox 2671 1987 2875 2036; x_wconf 87' lang='lat' dir='ltr'><strong>honore</strong></span> <span class='ocrx_word' id='word_1_459' title='bbox 2925 1983 3119 2052; x_wconf 73' lang='lat' dir='ltr'><strong>dignus</strong></span> <span class='ocrx_word' id='word_1_460' title='bbox 3165 1985 3362 2037; x_wconf 76' lang='lat' dir='ltr'><strong>habea-</strong></span> 
     </span>
    </p>
   </div>
   <div class='ocr_carea' id='block_1_63' title="bbox 1812 2074 3365 2144">
    <p class='ocr_par' dir='ltr' id='par_1_63' title="bbox 1812 2074 3365 2144">
     <span class='ocr_line' id='line_1_63' title="bbox 1812 2074 3365 2144; baseline -0.001 -16"><span class='ocrx_word' id='word_1_461' title='bbox 1812 2084 1936 2140; x_wconf 89' lang='lat' dir='ltr'><strong>tur;</strong></span> <span class='ocrx_word' id='word_1_462' title='bbox 1973 2074 2232 2130; x_wconf 82' lang='lat' dir='ltr'><strong>cathedra</strong></span> <span class='ocrx_word' id='word_1_463' title='bbox 2258 2075 2469 2127; x_wconf 82' lang='lat' dir='ltr'><strong>Scilicet</strong></span> <span class='ocrx_word' id='word_1_464' title='bbox 2508 2084 2561 2126; x_wconf 88' lang='lat' dir='ltr'><strong>et</strong></span> <span class='ocrx_word' id='word_1_465' title='bbox 2608 2075 2895 2129; x_wconf 87' lang='lat' dir='ltr'><strong>vocatione</strong></span> <span class='ocrx_word' id='word_1_466' title='bbox 2940 2088 2993 2129; x_wconf 89' lang='lat' dir='ltr'><strong>et</strong></span> <span class='ocrx_word' id='word_1_467' title='bbox 3042 2077 3365 2144; x_wconf 70' lang='lat' dir='ltr'><strong>episcopalis</strong></span> 
     </span>
    </p>
   </div>
   <div class='ocr_carea' id='block_1_64' title="bbox 1812 2166 3364 2234">
    <p class='ocr_par' dir='ltr' id='par_1_64' title="bbox 1812 2166 3364 2234">
     <span class='ocr_line' id='line_1_64' title="bbox 1812 2166 3364 2234; baseline -0.002 -13"><span class='ocrx_word' id='word_1_468' title='bbox 1812 2167 1973 2221; x_wconf 78' lang='lat' dir='ltr'><strong>oliicii</strong></span> <span class='ocrx_word' id='word_1_469' title='bbox 2009 2166 2291 2229; x_wconf 79' lang='lat' dir='ltr'><strong>exercitio,</strong></span> <span class='ocrx_word' id='word_1_470' title='bbox 2316 2180 2437 2216; x_wconf 92' lang='lat' dir='ltr'><strong>cum</strong></span> <span class='ocrx_word' id='word_1_471' title='bbox 2489 2166 2715 2218; x_wconf 88' lang='lat' dir='ltr'><strong>scientia</strong></span> <span class='ocrx_word' id='word_1_472' title='bbox 2760 2176 2810 2218; x_wconf 93' lang='lat' dir='ltr'><strong>et</strong></span> <span class='ocrx_word' id='word_1_473' title='bbox 2861 2167 3216 2234; x_wconf 88' lang='lat' dir='ltr'><strong>permissione</strong></span> <span class='ocrx_word' id='word_1_474' title='bbox 3249 2169 3364 2234; x_wconf 88' lang='lat' dir='ltr'><strong>epi—</strong></span> 
     </span>
    </p>
   </div>
   <div class='ocr_carea' id='block_1_65' title="bbox 1811 2256 3365 2325">
    <p class='ocr_par' dir='ltr' id='par_1_65' title="bbox 1811 2256 3365 2325">
     <span class='ocr_line' id='line_1_65' title="bbox 1811 2256 3365 2325; baseline -0.003 -14"><span class='ocrx_word' id='word_1_475' title='bbox 1811 2258 1960 2325; x_wconf 85' lang='lat' dir='ltr'><strong>scopi</strong></span> <span class='ocrx_word' id='word_1_476' title='bbox 1999 2257 2144 2309; x_wconf 88' lang='lat' dir='ltr'><strong>illius</strong></span> <span class='ocrx_word' id='word_1_477' title='bbox 2177 2257 2445 2323; x_wconf 79' lang='lat' dir='ltr'><strong>regionis;</strong></span> <span class='ocrx_word' id='word_1_478' title='bbox 2482 2269 2580 2307; x_wconf 90' lang='lat' dir='ltr'><strong>nec</strong></span> <span class='ocrx_word' id='word_1_479' title='bbox 2616 2264 2794 2306; x_wconf 87' lang='lat' dir='ltr'><strong>tamen</strong></span> <span class='ocrx_word' id='word_1_480' title='bbox 2829 2270 2887 2308; x_wconf 90' lang='lat' dir='ltr'><strong>se</strong></span> <span class='ocrx_word' id='word_1_481' title='bbox 2908 2257 3131 2308; x_wconf 87' lang='lat' dir='ltr'><strong>omnino</strong></span> <span class='ocrx_word' id='word_1_482' title='bbox 3158 2256 3365 2324; x_wconf 76' lang='lat' dir='ltr'><strong>ingerat</strong></span> 
     </span>
    </p>
   </div>
   <div class='ocr_carea' id='block_1_66' title="bbox 1812 2345 3363 2413">
    <p class='ocr_par' dir='ltr' id='par_1_66' title="bbox 1812 2345 3363 2413">
     <span class='ocr_line' id='line_1_66' title="bbox 1812 2345 3363 2413; baseline -0.001 -14"><span class='ocrx_word' id='word_1_483' title='bbox 1812 2346 2039 2413; x_wconf 80' lang='lat' dir='ltr'><strong>negotiis</strong></span> <span class='ocrx_word' id='word_1_484' title='bbox 2072 2346 2216 2398; x_wconf 91' lang='lat' dir='ltr'><strong>illius</strong></span> <span class='ocrx_word' id='word_1_485' title='bbox 2269 2345 2538 2406; x_wconf 60' lang='lat' dir='ltr'><strong>ecclesia},</strong></span> <span class='ocrx_word' id='word_1_486' title='bbox 2574 2346 2626 2396; x_wconf 92' lang='lat' dir='ltr'><strong>in</strong></span> <span class='ocrx_word' id='word_1_487' title='bbox 2659 2359 2769 2412; x_wconf 90' lang='lat' dir='ltr'><strong>qua</strong></span> <span class='ocrx_word' id='word_1_488' title='bbox 2807 2345 3031 2409; x_wconf 83' lang='lat' dir='ltr'><strong>habitat,</strong></span> <span class='ocrx_word' id='word_1_489' title='bbox 3060 2345 3270 2398; x_wconf 87' lang='lat' dir='ltr'><strong>scilicet</strong></span> <span class='ocrx_word' id='word_1_490' title='bbox 3296 2361 3363 2398; x_wconf 92' lang='lat' dir='ltr'><strong>ne</strong></span> 
     </span>
    </p>
   </div>
   <div class='ocr_carea' id='block_1_67' title="bbox 1810 2436 3364 2506">
    <p class='ocr_par' dir='ltr' id='par_1_67' title="bbox 1810 2436 3364 2506">
     <span class='ocr_line' id='line_1_67' title="bbox 1810 2436 3364 2506; baseline 0 -16"><span class='ocrx_word' id='word_1_491' title='bbox 1810 2439 2022 2501; x_wconf 88' lang='lat' dir='ltr'><strong>doceat,</strong></span> <span class='ocrx_word' id='word_1_492' title='bbox 2059 2455 2122 2492; x_wconf 91' lang='lat' dir='ltr'><strong>ne</strong></span> <span class='ocrx_word' id='word_1_493' title='bbox 2155 2437 2390 2498; x_wconf 76' lang='lat' dir='ltr'><strong>ordinet,</strong></span> <span class='ocrx_word' id='word_1_494' title='bbox 2421 2453 2595 2504; x_wconf 88' lang='lat' dir='ltr'><strong>neque</strong></span> <span class='ocrx_word' id='word_1_495' title='bbox 2645 2436 2846 2504; x_wconf 79' lang='lat' dir='ltr'><strong>aliquid</strong></span> <span class='ocrx_word' id='word_1_496' title='bbox 2892 2436 3036 2490; x_wconf 87' lang='lat' dir='ltr'><strong>aliud</strong></span> <span class='ocrx_word' id='word_1_497' title='bbox 3088 2439 3364 2506; x_wconf 88' lang='lat' dir='ltr'><strong>epicopale</strong></span> 
     </span>
    </p>
   </div>
   <div class='ocr_carea' id='block_1_68' title="bbox 1812 2527 3362 2595">
    <p class='ocr_par' dir='ltr' id='par_1_68' title="bbox 1812 2527 3362 2595">
     <span class='ocr_line' id='line_1_68' title="bbox 1812 2527 3362 2595; baseline 0 -14"><span class='ocrx_word' id='word_1_498' title='bbox 1812 2532 2084 2587; x_wconf 72' lang='lat' dir='ltr'><strong>exerceat,</strong></span> <span class='ocrx_word' id='word_1_499' title='bbox 2115 2529 2229 2580; x_wconf 88' lang='lat' dir='ltr'><strong>sine</strong></span> <span class='ocrx_word' id='word_1_500' title='bbox 2261 2527 2409 2580; x_wconf 91' lang='lat' dir='ltr'><strong>illius</strong></span> <span class='ocrx_word' id='word_1_501' title='bbox 2435 2528 2671 2592; x_wconf 81' lang='lat' dir='ltr'><strong>regionis</strong></span> <span class='ocrx_word' id='word_1_502' title='bbox 2698 2527 2940 2595; x_wconf 84' lang='lat' dir='ltr'><strong>episcopi</strong></span> <span class='ocrx_word' id='word_1_503' title='bbox 2970 2528 3362 2595; x_wconf 87' lang='lat' dir='ltr'><strong>permissione;</strong></span> 
     </span>
    </p>
   </div>
   <div class='ocr_carea' id='block_1_69' title="bbox 1811 2618 3361 2688">
    <p class='ocr_par' dir='ltr' id='par_1_69' title="bbox 1811 2618 3361 2688">
     <span class='ocr_line' id='line_1_69' title="bbox 1811 2618 3361 2688; baseline -0.002 -15"><span class='ocrx_word' id='word_1_504' title='bbox 1811 2621 1903 2673; x_wconf 88' lang='lat' dir='ltr'><strong>sed</strong></span> <span class='ocrx_word' id='word_1_505' title='bbox 1944 2620 2215 2688; x_wconf 88' lang='lat' dir='ltr'><strong>quiescat,</strong></span> <span class='ocrx_word' id='word_1_506' title='bbox 2248 2619 2418 2671; x_wconf 90' lang='lat' dir='ltr'><strong>donec</strong></span> <span class='ocrx_word' id='word_1_507' title='bbox 2451 2618 2578 2684; x_wconf 91' lang='lat' dir='ltr'><strong>quid</strong></span> <span class='ocrx_word' id='word_1_508' title='bbox 2633 2618 2704 2671; x_wconf 85' lang='lat' dir='ltr'><strong>sit</strong></span> <span class='ocrx_word' id='word_1_509' title='bbox 2747 2621 3010 2684; x_wconf 79' lang='lat' dir='ltr'><strong>agendum</strong></span> <span class='ocrx_word' id='word_1_510' title='bbox 3048 2619 3296 2672; x_wconf 81' lang='lat' dir='ltr'><strong>didicerit</strong></span> <span class='ocrx_word' id='word_1_511' title='bbox 3334 2635 3361 2670; x_wconf 92' lang='lat' dir='ltr'><strong>a</strong></span> 
     </span>
    </p>
   </div>
   <div class='ocr_carea' id='block_1_70' title="bbox 1814 2712 2611 2781">
    <p class='ocr_par' dir='ltr' id='par_1_70' title="bbox 1814 2712 2611 2781">
     <span class='ocr_line' id='line_1_70' title="bbox 1814 2712 2611 2781; baseline 0.006 -19"><span class='ocrx_word' id='word_1_512' title='bbox 1814 2712 2064 2779; x_wconf 71' lang='lat' dir='ltr'><strong>perfecta:</strong></span> <span class='ocrx_word' id='word_1_513' title='bbox 2093 2713 2283 2781; x_wconf 84' lang='lat' dir='ltr'><strong>synodi</strong></span> <span class='ocrx_word' id='word_1_514' title='bbox 2320 2713 2611 2767; x_wconf 90' lang='lat' dir='ltr'><strong>sententia.</strong></span> 
     </span>
    </p>
   </div>
   <div class='ocr_carea' id='block_1_71' title="bbox 1885 2803 3368 2871">
    <p class='ocr_par' dir='ltr' id='par_1_71' title="bbox 1885 2803 3368 2871">
     <span class='ocr_line' id='line_1_71' title="bbox 1885 2803 3368 2871; baseline 0.002 -15"><span class='ocrx_word' id='word_1_515' title='bbox 1885 2803 2134 2856; x_wconf 73' lang='grc' dir='ltr'><strong>ΖΟΝΛΒ.</strong></span> <span class='ocrx_word' id='word_1_516' title='bbox 2172 2805 2498 2871; x_wconf 87' lang='lat' dir='ltr'><strong>Quicunque</strong></span> <span class='ocrx_word' id='word_1_517' title='bbox 2558 2804 2843 2856; x_wconf 90' lang='lat' dir='ltr'><strong>ordinatus</strong></span> <span class='ocrx_word' id='word_1_518' title='bbox 2890 2815 2991 2868; x_wconf 89' lang='lat' dir='ltr'><strong>est,</strong></span> <span class='ocrx_word' id='word_1_519' title='bbox 3027 2813 3084 2856; x_wconf 88' lang='lat' dir='ltr'><strong>ut</strong></span> <span class='ocrx_word' id='word_1_520' title='bbox 3125 2806 3368 2859; x_wconf 68' lang='lat' dir='ltr'><strong>ecclesia:</strong></span> 
     </span>
    </p>
   </div>
   <div class='ocr_carea' id='block_1_72' title="bbox 1816 2894 3367 2963">
    <p class='ocr_par' dir='ltr' id='par_1_72' title="bbox 1816 2894 3367 2963">
     <span class='ocr_line' id='line_1_72' title="bbox 1816 2894 3367 2963; baseline -0.001 -15"><span class='ocrx_word' id='word_1_521' title='bbox 1816 2897 1965 2948; x_wconf 79' lang='lat' dir='ltr'><strong>urbis</strong></span> <span class='ocrx_word' id='word_1_522' title='bbox 1996 2894 2228 2961; x_wconf 89' lang='lat' dir='ltr'><strong>alicujus</strong></span> <span class='ocrx_word' id='word_1_523' title='bbox 2265 2897 2466 2960; x_wconf 64' lang='lat' dir='ltr'><strong>prmsit,</strong></span> <span class='ocrx_word' id='word_1_524' title='bbox 2520 2902 2574 2945; x_wconf 89' lang='lat' dir='ltr'><strong>et</strong></span> <span class='ocrx_word' id='word_1_525' title='bbox 2621 2894 2685 2945; x_wconf 86' lang='lat' dir='ltr'><strong>ad</strong></span> <span class='ocrx_word' id='word_1_526' title='bbox 2742 2908 2861 2946; x_wconf 90' lang='lat' dir='ltr'><strong>eam</strong></span> <span class='ocrx_word' id='word_1_527' title='bbox 2901 2896 2981 2946; x_wconf 88' lang='lat' dir='ltr'><strong>vel</strong></span> <span class='ocrx_word' id='word_1_528' title='bbox 3041 2896 3165 2963; x_wconf 78' lang='lat' dir='ltr'><strong>quin</strong></span> <span class='ocrx_word' id='word_1_529' title='bbox 3232 2896 3367 2947; x_wconf 78' lang='lat' dir='ltr'><strong>forte</strong></span> 
     </span>
    </p>
   </div>
   <div class='ocr_carea' id='block_1_73' title="bbox 1815 2983 3365 3051">
    <p class='ocr_par' dir='ltr' id='par_1_73' title="bbox 1815 2983 3365 3051">
     <span class='ocr_line' id='line_1_73' title="bbox 1815 2983 3365 3051; baseline -0.001 -12"><span class='ocrx_word' id='word_1_530' title='bbox 1815 2987 2154 3039; x_wconf 90' lang='lat' dir='ltr'><strong>ethnicorum</strong></span> <span class='ocrx_word' id='word_1_531' title='bbox 2200 2984 2392 3036; x_wconf 89' lang='lat' dir='ltr'><strong>ditioni</strong></span> <span class='ocrx_word' id='word_1_532' title='bbox 2443 2983 2682 3051; x_wconf 85' lang='lat' dir='ltr'><strong>subjecta</strong></span> <span class='ocrx_word' id='word_1_533' title='bbox 2727 2984 2817 3044; x_wconf 88' lang='lat' dir='ltr'><strong>sit,</strong></span> <span class='ocrx_word' id='word_1_534' title='bbox 2844 2985 2926 3036; x_wconf 86' lang='lat' dir='ltr'><strong>vel</strong></span> <span class='ocrx_word' id='word_1_535' title='bbox 2974 2985 3118 3050; x_wconf 79' lang='lat' dir='ltr'><strong>quod</strong></span> <span class='ocrx_word' id='word_1_536' title='bbox 3173 2986 3365 3038; x_wconf 84' lang='lat' dir='ltr'><strong>itinera</strong></span> 
     </span>
    </p>
   </div>
   <div class='ocr_carea' id='block_1_74' title="bbox 1816 3076 3366 3146">
    <p class='ocr_par' dir='ltr' id='par_1_74' title="bbox 1816 3076 3366 3146">
     <span class='ocr_line' id='line_1_74' title="bbox 1816 3076 3366 3146; baseline 0.001 -17"><span class='ocrx_word' id='word_1_537' title='bbox 1816 3094 1844 3130; x_wconf 88' lang='lat' dir='ltr'><strong>a</strong></span> <span class='ocrx_word' id='word_1_538' title='bbox 1879 3078 2130 3130; x_wconf 83' lang='lat' dir='ltr'><strong>Barbaris</strong></span> <span class='ocrx_word' id='word_1_539' title='bbox 2158 3076 2531 3138; x_wconf 86' lang='lat' dir='ltr'><strong>obsideantur,</strong></span> <span class='ocrx_word' id='word_1_540' title='bbox 2593 3077 2670 3129; x_wconf 92' lang='lat' dir='ltr'><strong>vel</strong></span> <span class='ocrx_word' id='word_1_541' title='bbox 2729 3077 2872 3143; x_wconf 89' lang='lat' dir='ltr'><strong>quod</strong></span> <span class='ocrx_word' id='word_1_542' title='bbox 2931 3093 2959 3129; x_wconf 90' lang='lat' dir='ltr'><strong>a</strong></span> <span class='ocrx_word' id='word_1_543' title='bbox 3001 3079 3200 3145; x_wconf 86' lang='lat' dir='ltr'><strong>populo</strong></span> <span class='ocrx_word' id='word_1_544' title='bbox 3251 3079 3366 3146; x_wconf 72' lang='lat' dir='ltr'><strong>ejus</strong></span> 
     </span>
    </p>
   </div>
   <div class='ocr_carea' id='block_1_75' title="bbox 1816 3165 3366 3233">
    <p class='ocr_par' dir='ltr' id='par_1_75' title="bbox 1816 3165 3366 3233">
     <span class='ocr_line' id='line_1_75' title="bbox 1816 3165 3366 3233; baseline 0.002 -15"><span class='ocrx_word' id='word_1_545' title='bbox 1816 3167 1968 3219; x_wconf 86' lang='lat' dir='ltr'><strong>urbis</strong></span> <span class='ocrx_word' id='word_1_546' title='bbox 2000 3167 2322 3218; x_wconf 88' lang='lat' dir='ltr'><strong>insolentius</strong></span> <span class='ocrx_word' id='word_1_547' title='bbox 2360 3166 2624 3233; x_wconf 85' lang='lat' dir='ltr'><strong>pervicaci</strong></span> <span class='ocrx_word' id='word_1_548' title='bbox 2649 3181 2755 3217; x_wconf 91' lang='lat' dir='ltr'><strong>non</strong></span> <span class='ocrx_word' id='word_1_549' title='bbox 2778 3165 3119 3229; x_wconf 85' lang='lat' dir='ltr'><strong>admittatur,</strong></span> <span class='ocrx_word' id='word_1_550' title='bbox 3149 3170 3366 3222; x_wconf 88' lang='lat' dir='ltr'><strong>minime</strong></span> 
     </span>
    </p>
   </div>
   <div class='ocr_carea' id='block_1_76' title="bbox 1816 3235 3366 3326">
    <p class='ocr_par' dir='ltr' id='par_1_76' title="bbox 1816 3235 3366 3326">
     <span class='ocr_line' id='line_1_76' title="bbox 1816 3235 3366 3326; baseline 0.002 -20"><span class='ocrx_word' id='word_1_551' title='bbox 1816 3256 2084 3325; x_wconf 77' lang='lat' dir='ltr'><strong>proficisci</strong></span> <span class='ocrx_word' id='word_1_552' title='bbox 2115 3259 2368 3325; x_wconf 86' lang='lat' dir='ltr'><strong>potuerit,</strong></span> <span class='ocrx_word' id='word_1_553' title='bbox 2413 3257 2727 3322; x_wconf 81' lang='lat' dir='ltr'><strong>dignitatem</strong></span> <span class='ocrx_word' id='word_1_554' title='bbox 2749 3257 2836 3308; x_wconf 91' lang='lat' dir='ltr'><strong>ille</strong></span> <span class='ocrx_word' id='word_1_555' title='bbox 2854 3257 3068 3322; x_wconf 86' lang='lat' dir='ltr'><strong>quidem</strong></span> <span class='ocrx_word' id='word_1_556' title='bbox 3103 3235 3366 3326; x_wconf 78' lang='lat' dir='ltr'><strong>episc0pi,</strong></span> 
     </span>
    </p>
   </div>
   <div class='ocr_carea' id='block_1_77' title="bbox 1816 3340 3364 3414">
    <p class='ocr_par' dir='ltr' id='par_1_77' title="bbox 1816 3340 3364 3414">
     <span class='ocr_line' id='line_1_77' title="bbox 1816 3340 3364 3414; baseline 0.001 -17"><span class='ocrx_word' id='word_1_557' title='bbox 1816 3346 2154 3413; x_wconf 64' lang='lat' dir='ltr'><strong>liturgimque</strong></span> <span class='ocrx_word' id='word_1_558' title='bbox 2185 3345 2496 3396; x_wconf 79' lang='lat' dir='ltr'><strong>exercenda:</strong></span> <span class='ocrx_word' id='word_1_559' title='bbox 2547 3343 2882 3406; x_wconf 71' lang='lat' dir='ltr'><strong>facultatem,</strong></span> <span class='ocrx_word' id='word_1_560' title='bbox 2926 3340 3191 3399; x_wconf 70' lang='lat' dir='ltr'><strong>obtinebit</strong></span> <span class='ocrx_word' id='word_1_561' title='bbox 3245 3347 3364 3414; x_wconf 87' lang='lat' dir='ltr'><strong>(nec</strong></span> 
     </span>
    </p>
   </div>
   <div class='ocr_carea' id='block_1_78' title="bbox 1816 3434 3364 3503">
    <p class='ocr_par' dir='ltr' id='par_1_78' title="bbox 1816 3434 3364 3503">
     <span class='ocr_line' id='line_1_78' title="bbox 1816 3434 3364 3503; baseline 0.002 -17"><span class='ocrx_word' id='word_1_562' title='bbox 1816 3436 1959 3487; x_wconf 87' lang='lat' dir='ltr'><strong>enim</strong></span> <span class='ocrx_word' id='word_1_563' title='bbox 2013 3452 2103 3503; x_wconf 86' lang='lat' dir='ltr'><strong>per</strong></span> <span class='ocrx_word' id='word_1_564' title='bbox 2162 3436 2337 3503; x_wconf 89' lang='lat' dir='ltr'><strong>ipsum</strong></span> <span class='ocrx_word' id='word_1_565' title='bbox 2382 3434 2582 3486; x_wconf 79' lang='lat' dir='ltr'><strong>factum</strong></span> <span class='ocrx_word' id='word_1_566' title='bbox 2637 3442 2740 3495; x_wconf 89' lang='lat' dir='ltr'><strong>est,</strong></span> <span class='ocrx_word' id='word_1_567' title='bbox 2776 3444 2833 3484; x_wconf 91' lang='lat' dir='ltr'><strong>ut</strong></span> <span class='ocrx_word' id='word_1_568' title='bbox 2885 3435 2952 3497; x_wconf 88' lang='lat' dir='ltr'><strong>ab</strong></span> <span class='ocrx_word' id='word_1_569' title='bbox 2979 3437 3245 3499; x_wconf 58' lang='lat' dir='ltr'><strong>ecclesiae,</strong></span> <span class='ocrx_word' id='word_1_570' title='bbox 3278 3441 3364 3490; x_wconf 89' lang='lat' dir='ltr'><strong>cui</strong></span> 
     </span>
    </p>
   </div>
   <div class='ocr_carea' id='block_1_79' title="bbox 1816 3524 3364 3595">
    <p class='ocr_par' dir='ltr' id='par_1_79' title="bbox 1816 3524 3364 3595">
     <span class='ocr_line' id='line_1_79' title="bbox 1816 3524 3364 3595; baseline -0.001 -15"><span class='ocrx_word' id='word_1_571' title='bbox 1816 3527 2118 3580; x_wconf 83' lang='lat' dir='ltr'><strong>destinatus</strong></span> <span class='ocrx_word' id='word_1_572' title='bbox 2135 3537 2216 3579; x_wconf 90' lang='lat' dir='ltr'><strong>est</strong></span> <span class='ocrx_word' id='word_1_573' title='bbox 2244 3528 2476 3578; x_wconf 81' lang='lat' dir='ltr'><strong>statione</strong></span> <span class='ocrx_word' id='word_1_574' title='bbox 2496 3526 2697 3578; x_wconf 86' lang='lat' dir='ltr'><strong>diutius</strong></span> <span class='ocrx_word' id='word_1_575' title='bbox 2722 3524 2981 3591; x_wconf 80' lang='lat' dir='ltr'><strong>abesset),</strong></span> <span class='ocrx_word' id='word_1_576' title='bbox 2997 3524 3162 3595; x_wconf 65' lang='lat' dir='ltr'><strong>M8</strong></span> <span class='ocrx_word' id='word_1_577' title='bbox 3182 3544 3364 3580; x_wconf 87' lang='lat' dir='ltr'><strong>verum</strong></span> 
     </span>
    </p>
   </div>
   <div class='ocr_carea' id='block_1_80' title="bbox 1819 3616 3362 3684">
    <p class='ocr_par' dir='ltr' id='par_1_80' title="bbox 1819 3616 3362 3684">
     <span class='ocr_line' id='line_1_80' title="bbox 1819 3616 3362 3684; baseline -0.003 -12"><span class='ocrx_word' id='word_1_578' title='bbox 1819 3635 1884 3672; x_wconf 90' lang='lat' dir='ltr'><strong>ne</strong></span> <span class='ocrx_word' id='word_1_579' title='bbox 1912 3635 1970 3671; x_wconf 90' lang='lat' dir='ltr'><strong>se</strong></span> <span class='ocrx_word' id='word_1_580' title='bbox 2001 3619 2146 3670; x_wconf 89' lang='lat' dir='ltr'><strong>illius</strong></span> <span class='ocrx_word' id='word_1_581' title='bbox 2176 3617 2446 3676; x_wconf 72' lang='lat' dir='ltr'><strong>Ecclesiae,</strong></span> <span class='ocrx_word' id='word_1_582' title='bbox 2474 3617 2526 3668; x_wconf 90' lang='lat' dir='ltr'><strong>in</strong></span> <span class='ocrx_word' id='word_1_583' title='bbox 2557 3632 2661 3684; x_wconf 87' lang='lat' dir='ltr'><strong>qua</strong></span> <span class='ocrx_word' id='word_1_584' title='bbox 2711 3616 2876 3683; x_wconf 77' lang='lat' dir='ltr'><strong>degit,</strong></span> <span class='ocrx_word' id='word_1_585' title='bbox 2913 3618 3144 3683; x_wconf 61' lang='lat' dir='ltr'><strong>negotiis</strong></span> <span class='ocrx_word' id='word_1_586' title='bbox 3186 3618 3362 3669; x_wconf 90' lang='lat' dir='ltr'><strong>immi-</strong></span> 
     </span>
    </p>
   </div>
   <div class='ocr_carea' id='block_1_81' title="bbox 1816 3694 3362 3772">
    <p class='ocr_par' dir='ltr' id='par_1_81' title="bbox 1816 3694 3362 3772">
     <span class='ocr_line' id='line_1_81' title="bbox 1816 3694 3362 3772; baseline -0.006 -7"><span class='ocrx_word' id='word_1_587' title='bbox 1816 3722 1984 3772; x_wconf 87' lang='lat' dir='ltr'><strong>sceat,</strong></span> <span class='ocrx_word' id='word_1_588' title='bbox 2037 3708 2404 3763; x_wconf 84' lang='lat' dir='ltr'><strong>interdictum.</strong></span> <span class='ocrx_word' id='word_1_589' title='bbox 2465 3705 2557 3757; x_wconf 86' lang='lat' dir='ltr'><strong>Est</strong></span> <span class='ocrx_word' id='word_1_590' title='bbox 2603 3706 2746 3758; x_wconf 88' lang='lat' dir='ltr'><strong>enim</strong></span> <span class='ocrx_word' id='word_1_591' title='bbox 2804 3706 2877 3758; x_wconf 92' lang='lat' dir='ltr'><strong>illi</strong></span> <span class='ocrx_word' id='word_1_592' title='bbox 2939 3704 3077 3757; x_wconf 81' lang='lat' dir='ltr'><strong>forte</strong></span> <span class='ocrx_word' id='word_1_593' title='bbox 3129 3694 3191 3757; x_wconf 31' lang='lat' dir='ltr'><strong>in‘</strong></span> <span class='ocrx_word' id='word_1_594' title='bbox 3232 3707 3362 3757; x_wconf 80' lang='lat' dir='ltr'><strong>urbe</strong></span> 
     </span>
    </p>
   </div>
   <div class='ocr_carea' id='block_1_82' title="bbox 1817 3781 3361 3866">
    <p class='ocr_par' dir='ltr' id='par_1_82' title="bbox 1817 3781 3361 3866">
     <span class='ocr_line' id='line_1_82' title="bbox 1817 3781 3361 3866; baseline -0.003 -16"><span class='ocrx_word' id='word_1_595' title='bbox 1817 3801 1993 3866; x_wconf 82' lang='lat' dir='ltr'><strong>aliqua</strong></span> <span class='ocrx_word' id='word_1_596' title='bbox 2029 3799 2385 3860; x_wconf 89' lang='lat' dir='ltr'><strong>domicilium,</strong></span> <span class='ocrx_word' id='word_1_597' title='bbox 2414 3781 2732 3862; x_wconf 42' lang='lat' dir='ltr'><strong>suosque&#39;in</strong></span> <span class='ocrx_word' id='word_1_598' title='bbox 2768 3795 2911 3847; x_wconf 89' lang='lat' dir='ltr'><strong>illius</strong></span> <span class='ocrx_word' id='word_1_599' title='bbox 2953 3796 3101 3848; x_wconf 89' lang='lat' dir='ltr'><strong>urbis</strong></span> <span class='ocrx_word' id='word_1_600' title='bbox 3133 3795 3361 3846; x_wconf 76' lang='lat' dir='ltr'><strong>ecclesia</strong></span> 
     </span>
    </p>
   </div>
   <div class='ocr_carea' id='block_1_83' title="bbox 1818 3884 3360 3956">
    <p class='ocr_par' dir='ltr' id='par_1_83' title="bbox 1818 3884 3360 3956">
     <span class='ocr_line' id='line_1_83' title="bbox 1818 3884 3360 3956; baseline -0.005 -13"><span class='ocrx_word' id='word_1_601' title='bbox 1818 3899 2117 3943; x_wconf 87' lang='lat' dir='ltr'><strong>conventus</strong></span> <span class='ocrx_word' id='word_1_602' title='bbox 2163 3889 2290 3956; x_wconf 80' lang='lat' dir='ltr'><strong>agit.</strong></span> <span class='ocrx_word' id='word_1_603' title='bbox 2337 3887 2468 3955; x_wconf 70' lang='lat' dir='ltr'><strong>Ejus</strong></span> <span class='ocrx_word' id='word_1_604' title='bbox 2525 3887 2684 3954; x_wconf 76' lang='lat' dir='ltr'><strong>igitur</strong></span> <span class='ocrx_word' id='word_1_605' title='bbox 2735 3885 2978 3937; x_wconf 72' lang='lat' dir='ltr'><strong>ecclesia:</strong></span> <span class='ocrx_word' id='word_1_606' title='bbox 3022 3884 3360 3951; x_wconf 81' lang='lat' dir='ltr'><strong>negetiorntn</strong></span> 
     </span>
    </p>
   </div>
   <div class='ocr_carea' id='block_1_84' title="bbox 1816 3973 3360 4049">
    <p class='ocr_par' dir='ltr' id='par_1_84' title="bbox 1816 3973 3360 4049">
     <span class='ocr_line' id='line_1_84' title="bbox 1816 3973 3360 4049; baseline -0.005 -16"><span class='ocrx_word' id='word_1_607' title='bbox 1816 3991 2020 4049; x_wconf 88' lang='lat' dir='ltr'><strong>partem</strong></span> <span class='ocrx_word' id='word_1_608' title='bbox 2086 3979 2321 4046; x_wconf 86' lang='lat' dir='ltr'><strong>aliquam</strong></span> <span class='ocrx_word' id='word_1_609' title='bbox 2373 3978 2639 4046; x_wconf 79' lang='lat' dir='ltr'><strong>attingere</strong></span> <span class='ocrx_word' id='word_1_610' title='bbox 2692 3975 2894 4028; x_wconf 89' lang='lat' dir='ltr'><strong>homini</strong></span> <span class='ocrx_word' id='word_1_611' title='bbox 2947 3974 3084 4026; x_wconf 87' lang='lat' dir='ltr'><strong>haud</strong></span> <span class='ocrx_word' id='word_1_612' title='bbox 3158 3973 3360 4027; x_wconf 68' lang='lat' dir='ltr'><strong>licehiz.</strong></span> 
     </span>
    </p>
   </div>
   <div class='ocr_carea' id='block_1_85' title="bbox 1813 4062 3363 4138">
    <p class='ocr_par' dir='ltr' id='par_1_85' title="bbox 1813 4062 3363 4138">
     <span class='ocr_line' id='line_1_85' title="bbox 1813 4062 3363 4138; baseline -0.003 -15"><span class='ocrx_word' id='word_1_613' title='bbox 1813 4072 2001 4138; x_wconf 85' lang='lat' dir='ltr'><strong>Neque</strong></span> <span class='ocrx_word' id='word_1_614' title='bbox 2033 4062 2195 4122; x_wconf 55' lang='lat' dir='ltr'><strong>&#39;enien</strong></span> <span class='ocrx_word' id='word_1_615' title='bbox 2247 4067 2301 4119; x_wconf 91' lang='lat' dir='ltr'><strong>in</strong></span> <span class='ocrx_word' id='word_1_616' title='bbox 2357 4083 2419 4120; x_wconf 88' lang='lat' dir='ltr'><strong>ea</strong></span> <span class='ocrx_word' id='word_1_617' title='bbox 2473 4068 2726 4130; x_wconf 88' lang='lat' dir='ltr'><strong>docendi,</strong></span> <span class='ocrx_word' id='word_1_618' title='bbox 2765 4081 2941 4134; x_wconf 89' lang='lat' dir='ltr'><strong>neque</strong></span> <span class='ocrx_word' id='word_1_619' title='bbox 2978 4067 3184 4120; x_wconf 89' lang='lat' dir='ltr'><strong>ordinis</strong></span> <span class='ocrx_word' id='word_1_620' title='bbox 3230 4081 3363 4119; x_wconf 92' lang='lat' dir='ltr'><strong>con-</strong></span> 
     </span>
    </p>
   </div>
   <div class='ocr_carea' id='block_1_86' title="bbox 1818 4154 3362 4226">
    <p class='ocr_par' dir='ltr' id='par_1_86' title="bbox 1818 4154 3362 4226">
     <span class='ocr_line' id='line_1_86' title="bbox 1818 4154 3362 4226; baseline -0.003 -12"><span class='ocrx_word' id='word_1_621' title='bbox 1818 4159 2044 4221; x_wconf 80' lang='lat' dir='ltr'><strong>lerendi,</strong></span> <span class='ocrx_word' id='word_1_622' title='bbox 2076 4173 2252 4226; x_wconf 89' lang='lat' dir='ltr'><strong>neque</strong></span> <span class='ocrx_word' id='word_1_623' title='bbox 2293 4171 2448 4211; x_wconf 85' lang='lat' dir='ltr'><strong>sacra</strong></span> <span class='ocrx_word' id='word_1_624' title='bbox 2498 4154 2756 4218; x_wconf 78' lang='lat' dir='ltr'><strong>faciendi,</strong></span> <span class='ocrx_word' id='word_1_625' title='bbox 2799 4157 2904 4208; x_wconf 86' lang='lat' dir='ltr'><strong>nisi</strong></span> <span class='ocrx_word' id='word_1_626' title='bbox 2941 4156 3062 4224; x_wconf 87' lang='lat' dir='ltr'><strong>ejus</strong></span> <span class='ocrx_word' id='word_1_627' title='bbox 3108 4158 3183 4210; x_wconf 91' lang='lat' dir='ltr'><strong>rei</strong></span> <span class='ocrx_word' id='word_1_628' title='bbox 3229 4171 3362 4210; x_wconf 88' lang='lat' dir='ltr'><strong>eon-</strong></span> 
     </span>
    </p>
   </div>
   <div class='ocr_carea' id='block_1_87' title="bbox 1817 4248 3364 4317">
    <p class='ocr_par' dir='ltr' id='par_1_87' title="bbox 1817 4248 3364 4317">
     <span class='ocr_line' id='line_1_87' title="bbox 1817 4248 3364 4317; baseline -0.001 -12"><span class='ocrx_word' id='word_1_629' title='bbox 1817 4265 1971 4305; x_wconf 86' lang='lat' dir='ltr'><strong>cessa</strong></span> <span class='ocrx_word' id='word_1_630' title='bbox 2014 4251 2293 4314; x_wconf 78' lang='lat' dir='ltr'><strong>facultate,</strong></span> <span class='ocrx_word' id='word_1_631' title='bbox 2328 4264 2501 4317; x_wconf 88' lang='lat' dir='ltr'><strong>neque</strong></span> <span class='ocrx_word' id='word_1_632' title='bbox 2529 4263 2656 4302; x_wconf 88' lang='lat' dir='ltr'><strong>vero</strong></span> <span class='ocrx_word' id='word_1_633' title='bbox 2690 4248 2891 4316; x_wconf 88' lang='lat' dir='ltr'><strong>aliquid</strong></span> <span class='ocrx_word' id='word_1_634' title='bbox 2925 4265 2987 4302; x_wconf 87' lang='lat' dir='ltr'><strong>ex</strong></span> <span class='ocrx_word' id='word_1_635' title='bbox 3015 4249 3158 4304; x_wconf 89' lang='lat' dir='ltr'><strong>illius</strong></span> <span class='ocrx_word' id='word_1_636' title='bbox 3191 4250 3364 4304; x_wconf 87' lang='lat' dir='ltr'><strong>eccle-</strong></span> 
     </span>
    </p>
   </div>
   <div class='ocr_carea' id='block_1_88' title="bbox 158 4339 1714 4415">
    <p class='ocr_par' dir='ltr' id='par_1_88' title="bbox 158 4339 1714 4415">
     <span class='ocr_line' id='line_1_88' title="bbox 158 4339 1714 4415; baseline -0.006 -17"><span class='ocrx_word' id='word_1_637' title='bbox 158 4348 295 4415; x_wconf 91' lang='grc' dir='ltr'>μίαν</span> <span class='ocrx_word' id='word_1_638' title='bbox 325 4345 424 4413; x_wconf 83' lang='grc' dir='ltr'>τῆς</span> <span class='ocrx_word' id='word_1_639' title='bbox 452 4343 662 4405; x_wconf 84' lang='grc' dir='ltr'>τελείας</span> <span class='ocrx_word' id='word_1_640' title='bbox 696 4343 934 4408; x_wconf 81' lang='grc' dir='ltr'>συνόδου,</span> <span class='ocrx_word' id='word_1_641' title='bbox 974 4341 1112 4393; x_wconf 83' lang='grc' dir='ltr'>ὥστε</span> <span class='ocrx_word' id='word_1_642' title='bbox 1158 4342 1285 4408; x_wconf 81' lang='grc' dir='ltr'>παρ’</span> <span class='ocrx_word' id='word_1_643' title='bbox 1334 4341 1546 4406; x_wconf 84' lang='grc' dir='ltr'>ἐκείνης</span> <span class='ocrx_word' id='word_1_644' title='bbox 1568 4339 1714 4410; x_wconf 82' lang='grc' dir='ltr'>αὐτῷ</span> 
     </span>
    </p>
   </div>
   <div class='ocr_carea' id='block_1_89' title="bbox 1815 4339 3362 4415">
    <p class='ocr_par' dir='ltr' id='par_1_89' title="bbox 1818 4339 3362 4415">
     <span class='ocr_line' id='line_1_89' title="bbox 1818 4339 3362 4415; baseline -0.001 -20"><span class='ocrx_word' id='word_1_645' title='bbox 1818 4343 1911 4396; x_wconf 67' lang='lat' dir='ltr'><strong>sia‘.</strong></span> <span class='ocrx_word' id='word_1_646' title='bbox 1943 4342 2207 4395; x_wconf 88' lang='lat' dir='ltr'><strong>reditibus</strong></span> <span class='ocrx_word' id='word_1_647' title='bbox 2258 4341 2311 4394; x_wconf 90' lang='lat' dir='ltr'><strong>in</strong></span> <span class='ocrx_word' id='word_1_648' title='bbox 2345 4355 2476 4394; x_wconf 89' lang='lat' dir='ltr'><strong>suos</strong></span> <span class='ocrx_word' id='word_1_649' title='bbox 2527 4354 2660 4415; x_wconf 85' lang='lat' dir='ltr'><strong>usus</strong></span> <span class='ocrx_word' id='word_1_650' title='bbox 2712 4339 3071 4394; x_wconf 78' lang='lat' dir='ltr'><strong>transferendi</strong></span> <span class='ocrx_word' id='word_1_651' title='bbox 3124 4351 3362 4408; x_wconf 85' lang='lat' dir='ltr'><strong>potestas</strong></span> 
     </span>
    </p>
   </div>
   <div class='ocr_carea' id='block_1_90' title="bbox 154 4432 714 4504">
    <p class='ocr_par' dir='ltr' id='par_1_90' title="bbox 154 4432 714 4504">
     <span class='ocr_line' id='line_1_90' title="bbox 154 4432 714 4504; baseline -0.005 -15"><span class='ocrx_word' id='word_1_652' title='bbox 154 4435 416 4504; x_wconf 77' lang='grc' dir='ltr'>γενέσθαι</span> <span class='ocrx_word' id='word_1_653' title='bbox 437 4432 714 4504; x_wconf 80' lang='grc' dir='ltr'>πρόνοιαν.</span> 
     </span>
    </p>
   </div>
   <div class='ocr_carea' id='block_1_91' title="bbox 1819 4409 3455 4499">
    <p class='ocr_par' dir='ltr' id='par_1_91' title="bbox 1819 4409 3455 4499">
     <span class='ocr_line' id='line_1_91' title="bbox 1819 4409 3455 4499; baseline 0 -16"><span class='ocrx_word' id='word_1_654' title='bbox 1819 4433 1943 4483; x_wconf 86' lang='lat' dir='ltr'><strong>erit.</strong></span> <span class='ocrx_word' id='word_1_655' title='bbox 1986 4429 2250 4485; x_wconf 78' lang='lat' dir='ltr'><strong>Universa</strong></span> <span class='ocrx_word' id='word_1_656' title='bbox 2280 4445 2443 4499; x_wconf 90' lang='lat' dir='ltr'><strong>porro</strong></span> <span class='ocrx_word' id='word_1_657' title='bbox 2472 4428 2538 4482; x_wconf 86' lang='lat' dir='ltr'><strong>ab</strong></span> <span class='ocrx_word' id='word_1_658' title='bbox 2569 4409 2664 4482; x_wconf 90' lang='lat' dir='ltr'><strong>illo</strong></span> <span class='ocrx_word' id='word_1_659' title='bbox 2699 4428 2949 4499; x_wconf 72' lang='lat' dir='ltr'><strong>perfecta:</strong></span> <span class='ocrx_word' id='word_1_660' title='bbox 2991 4430 3188 4499; x_wconf 77' lang='lat' dir='ltr'><strong>synodi.</strong></span> <span class='ocrx_word' id='word_1_661' title='bbox 3216 4429 3362 4495; x_wconf 89' lang='lat' dir='ltr'><strong>jndi-</strong></span> <span class='ocrx_word' id='word_1_662' title='bbox 3449 4485 3455 4491; x_wconf 88' lang='lat'>_</span> 
     </span>
    </p>
   </div>
   <div class='ocr_carea' id='block_1_92' title="bbox 153 4515 3359 4612">
    <p class='ocr_par' dir='ltr' id='par_1_92' title="bbox 153 4515 3359 4612">
     <span class='ocr_line' id='line_1_92' title="bbox 153 4515 3359 4612; baseline -0.002 -30"><span class='ocrx_word' id='word_1_663' title='bbox 153 4528 248 4582; x_wconf 79' lang='lat' dir='ltr'><strong>cio</strong></span> <span class='ocrx_word' id='word_1_664' title='bbox 299 4515 638 4595; x_wconf 87' lang='lat' dir='ltr'><strong>consilioque</strong></span> <span class='ocrx_word' id='word_1_665' title='bbox 688 4524 924 4592; x_wconf 88' lang='lat' dir='ltr'><strong>permitti</strong></span> <span class='ocrx_word' id='word_1_666' title='bbox 985 4524 1161 4586; x_wconf 90' lang='lat' dir='ltr'><strong>decet,</strong></span> <span class='ocrx_word' id='word_1_667' title='bbox 1228 4530 1288 4576; x_wconf 88' lang='lat' dir='ltr'><strong>ut</strong></span> <span class='ocrx_word' id='word_1_668' title='bbox 1335 4523 1481 4592; x_wconf 90' lang='lat' dir='ltr'><strong>quod</strong></span> <span class='ocrx_word' id='word_1_669' title='bbox 1539 4524 1711 4593; x_wconf 84' lang='lat' dir='ltr'><strong>ipsius</strong></span> <span class='ocrx_word' id='word_1_670' title='bbox 1750 4522 2057 4612; x_wconf 77' lang='lat' dir='ltr'><strong>rationibus</strong></span> <span class='ocrx_word' id='word_1_671' title='bbox 2111 4523 2344 4576; x_wconf 82' lang='lat' dir='ltr'><strong>maxime</strong></span> <span class='ocrx_word' id='word_1_672' title='bbox 2409 4530 2777 4596; x_wconf 80' lang='lat' dir='ltr'><strong>Opportunum</strong></span> <span class='ocrx_word' id='word_1_673' title='bbox 2871 4520 2986 4575; x_wconf 75' lang='lat' dir='ltr'><strong>fore</strong></span> <span class='ocrx_word' id='word_1_674' title='bbox 3074 4520 3359 4574; x_wconf 81' lang='lat' dir='ltr'><strong>videbitur.</strong></span> 
     </span>
    </p>
   </div>
   <div class='ocr_carea' id='block_1_93' title="bbox 153 4623 384 4675">
    <p class='ocr_par' dir='ltr' id='par_1_93' title="bbox 153 4623 384 4675">
     <span class='ocr_line' id='line_1_93' title="bbox 153 4623 384 4675; baseline -0.004 -6"><span class='ocrx_word' id='word_1_675' title='bbox 153 4623 384 4675; x_wconf 65' lang='lat' dir='ltr'><strong>statuat.</strong></span> 
     </span>
    </p>
   </div>
   <div class='ocr_carea' id='block_1_94' title="bbox 154 4675 1714 4781">
    <p class='ocr_par' dir='ltr' id='par_1_94' title="bbox 154 4709 1714 4781">
     <span class='ocr_line' id='line_1_94' title="bbox 154 4709 1714 4781; baseline -0.004 -14"><span class='ocrx_word' id='word_1_676' title='bbox 154 4711 387 4770; x_wconf 81' lang='grc' dir='ltr'><strong>ΔΡΙΣΤ.</strong></span> <span class='ocrx_word' id='word_1_677' title='bbox 413 4730 432 4761; x_wconf 79' lang='grc' dir='ltr'><strong>ι</strong></span> <span class='ocrx_word' id='word_1_678' title='bbox 463 4712 753 4781; x_wconf 74' lang='grc' dir='ltr'>Μετεχέτω</span> <span class='ocrx_word' id='word_1_679' title='bbox 779 4713 875 4778; x_wconf 82' lang='grc' dir='ltr'>τῆς</span> <span class='ocrx_word' id='word_1_680' title='bbox 899 4710 1062 4776; x_wconf 73' lang='grc' dir='ltr'>τιμῆς</span> <span class='ocrx_word' id='word_1_681' title='bbox 1078 4710 1367 4770; x_wconf 86' lang='grc' dir='ltr'>ἐπίσκοπος</span> <span class='ocrx_word' id='word_1_682' title='bbox 1416 4709 1446 4758; x_wconf 86' lang='grc' dir='ltr'>ὁ</span> <span class='ocrx_word' id='word_1_683' title='bbox 1479 4725 1714 4778; x_wconf 79' lang='grc' dir='ltr'>χειροτο-</span> 
     </span>
    </p>
   </div>
   <div class='ocr_carea' id='block_1_95' title="bbox 1815 4675 3362 4781">
    <p class='ocr_par' dir='ltr' id='par_1_95' title="bbox 1822 4675 3362 4775">
     <span class='ocr_line' id='line_1_95' title="bbox 1822 4675 3362 4775; baseline 0.003 -16"><span class='ocrx_word' id='word_1_684' title='bbox 1822 4704 2050 4775; x_wconf 67' lang='grc' dir='ltr'><strong>ΑΒΙΒΤ.</strong></span> <span class='ocrx_word' id='word_1_685' title='bbox 2088 4723 2107 4755; x_wconf 86' lang='grc' dir='ltr'><strong>ι</strong></span> <span class='ocrx_word' id='word_1_686' title='bbox 2149 4675 2454 4774; x_wconf 82' lang='lat' dir='ltr'><strong>Episcopus</strong></span> <span class='ocrx_word' id='word_1_687' title='bbox 2496 4704 2779 4757; x_wconf 88' lang='lat' dir='ltr'><strong>ordinatus</strong></span> <span class='ocrx_word' id='word_1_688' title='bbox 2823 4717 2877 4758; x_wconf 91' lang='lat' dir='ltr'><strong>et</strong></span> <span class='ocrx_word' id='word_1_689' title='bbox 2921 4720 2951 4759; x_wconf 90' lang='lat' dir='ltr'><strong>a</strong></span> <span class='ocrx_word' id='word_1_690' title='bbox 2991 4705 3207 4758; x_wconf 81' lang='lat' dir='ltr'><strong>civitate</strong></span> <span class='ocrx_word' id='word_1_691' title='bbox 3255 4724 3362 4765; x_wconf 86' lang='lat' dir='ltr'><strong>non</strong></span> 
     </span>
    </p>
   </div>
   <div class='ocr_carea' id='block_1_96' title="bbox 237 4796 1714 4872">
    <p class='ocr_par' dir='ltr' id='par_1_96' title="bbox 237 4796 1714 4872">
     <span class='ocr_line' id='line_1_96' title="bbox 237 4796 1714 4872; baseline -0.003 -17"><span class='ocrx_word' id='word_1_692' title='bbox 237 4822 258 4855; x_wconf 71' lang='grc' dir='ltr'><strong>ε</strong></span> <span class='ocrx_word' id='word_1_693' title='bbox 294 4800 500 4870; x_wconf 80' lang='grc' dir='ltr'>νηθεὶς,</span> <span class='ocrx_word' id='word_1_694' title='bbox 529 4805 622 4855; x_wconf 82' lang='grc' dir='ltr'><strong>καὶ</strong></span> <span class='ocrx_word' id='word_1_695' title='bbox 677 4801 940 4872; x_wconf 84' lang='grc' dir='ltr'>μηδαμῶς</span> <span class='ocrx_word' id='word_1_696' title='bbox 967 4800 1247 4866; x_wconf 79' lang='grc' dir='ltr'>δεχόμενος</span> <span class='ocrx_word' id='word_1_697' title='bbox 1275 4796 1420 4865; x_wconf 72' lang='grc' dir='ltr'>παρὰ</span> <span class='ocrx_word' id='word_1_698' title='bbox 1469 4799 1566 4867; x_wconf 79' lang='grc' dir='ltr'>τῆς</span> <span class='ocrx_word' id='word_1_699' title='bbox 1620 4799 1714 4851; x_wconf 87' lang='grc' dir='ltr'>πό-</span> 
     </span>
    </p>
   </div>
   <div class='ocr_carea' id='block_1_97' title="bbox 237 4887 1712 4962">
    <p class='ocr_par' dir='ltr' id='par_1_97' title="bbox 237 4887 1712 4962">
     <span class='ocr_line' id='line_1_97' title="bbox 237 4887 1712 4962; baseline -0.006 -12"><span class='ocrx_word' id='word_1_700' title='bbox 237 4914 260 4950; x_wconf 74' lang='lat' dir='ltr'><strong>t</strong></span> <span class='ocrx_word' id='word_1_701' title='bbox 291 4893 430 4955; x_wconf 85' lang='grc' dir='ltr'>λεως</span> <span class='ocrx_word' id='word_1_702' title='bbox 471 4894 586 4944; x_wconf 72' lang='grc' dir='ltr'><strong>’καὶ</strong></span> <span class='ocrx_word' id='word_1_703' title='bbox 630 4891 1010 4962; x_wconf 85' lang='grc' dir='ltr'>λειτουργείτω</span> <span class='ocrx_word' id='word_1_704' title='bbox 1042 4889 1221 4960; x_wconf 82' lang='grc' dir='ltr'>μόνον,</span> <span class='ocrx_word' id='word_1_705' title='bbox 1256 4887 1538 4956; x_wconf 78' lang='grc' dir='ltr'>ἀναμένων</span> <span class='ocrx_word' id='word_1_706' title='bbox 1594 4890 1622 4941; x_wconf 88' lang='grc' dir='ltr'><strong>ὅ</strong></span> <span class='ocrx_word' id='word_1_707' title='bbox 1661 4905 1712 4941; x_wconf 87' lang='grc' dir='ltr'><strong>τι</strong></span> 
     </span>
    </p>
   </div>
   <div class='ocr_carea' id='block_1_98' title="bbox 239 4980 1532 5053">
    <p class='ocr_par' dir='ltr' id='par_1_98' title="bbox 239 4980 1532 5053">
     <span class='ocr_line' id='line_1_98' title="bbox 239 4980 1532 5053; baseline -0.006 -13"><span class='ocrx_word' id='word_1_708' title='bbox 239 5006 261 5040; x_wconf 75' lang='grc' dir='ltr'><strong>ε</strong></span> <span class='ocrx_word' id='word_1_709' title='bbox 302 4985 370 5038; x_wconf 75' lang='grc' dir='ltr'>ἂν</span> <span class='ocrx_word' id='word_1_710' title='bbox 401 4986 434 5053; x_wconf 81' lang='grc' dir='ltr'><strong>ἡ</strong></span> <span class='ocrx_word' id='word_1_711' title='bbox 463 4986 562 5050; x_wconf 82' lang='grc' dir='ltr'>τῆς</span> <span class='ocrx_word' id='word_1_712' title='bbox 593 4983 860 5052; x_wconf 82' lang='grc' dir='ltr'>ἐπαρχίας</span> <span class='ocrx_word' id='word_1_713' title='bbox 891 4981 1243 5050; x_wconf 71' lang='grc' dir='ltr'>ἀποφαίνοιτο</span> <span class='ocrx_word' id='word_1_714' title='bbox 1270 4980 1532 5042; x_wconf 78' lang='grc' dir='ltr'>σύνοδος.»</span> 
     </span>
    </p>
   </div>
   <div class='ocr_carea' id='block_1_99' title="bbox 249 5072 1714 5149">
    <p class='ocr_par' dir='ltr' id='par_1_99' title="bbox 249 5072 1714 5149">
     <span class='ocr_line' id='line_1_99' title="bbox 249 5072 1714 5149; baseline -0.004 -22"><span class='ocrx_word' id='word_1_715' title='bbox 249 5080 311 5134; x_wconf 86' lang='lat'><strong>&#39;0</strong></span> <span class='ocrx_word' id='word_1_716' title='bbox 343 5076 418 5146; x_wconf 79' lang='grc' dir='ltr'>μὴ</span> <span class='ocrx_word' id='word_1_717' title='bbox 443 5075 572 5145; x_wconf 88' lang='grc' dir='ltr'>παρ’</span> <span class='ocrx_word' id='word_1_718' title='bbox 600 5073 778 5126; x_wconf 76' lang='grc' dir='ltr'>αἰτίαν</span> <span class='ocrx_word' id='word_1_719' title='bbox 805 5076 938 5127; x_wconf 85' lang='grc' dir='ltr'>ἰδίαν</span> <span class='ocrx_word' id='word_1_720' title='bbox 973 5072 1124 5149; x_wconf 65' lang='grc' dir='ltr'>παρὰ</span> <span class='ocrx_word' id='word_1_721' title='bbox 1151 5073 1249 5140; x_wconf 79' lang='grc' dir='ltr'>τῆς</span> <span class='ocrx_word' id='word_1_722' title='bbox 1293 5072 1493 5132; x_wconf 87' lang='grc' dir='ltr'>πόλεως</span> <span class='ocrx_word' id='word_1_723' title='bbox 1546 5087 1714 5140; x_wconf 86' lang='grc' dir='ltr'>προσ-</span> 
     </span>
    </p>
   </div>
   <div class='ocr_carea' id='block_1_100' title="bbox 157 5147 1714 5247">
    <p class='ocr_par' dir='ltr' id='par_1_100' title="bbox 157 5147 1714 5247">
     <span class='ocr_line' id='line_1_100' title="bbox 157 5147 1714 5247; baseline -0.009 -23"><span class='ocrx_word' id='word_1_724' title='bbox 157 5169 374 5247; x_wconf 70' lang='grc' dir='ltr'>δεχθεὶς</span> <span class='ocrx_word' id='word_1_725' title='bbox 419 5169 476 5219; x_wconf 77' lang='grc' dir='ltr'><strong>ἐν</strong></span> <span class='ocrx_word' id='word_1_726' title='bbox 565 5166 961 5235; x_wconf 79' lang='grc' dir='ltr'>ἐχειροτονήθη,</span> <span class='ocrx_word' id='word_1_727' title='bbox 998 5147 1130 5217; x_wconf 79' lang='grc' dir='ltr'>ἀλλὰ</span> <span class='ocrx_word' id='word_1_728' title='bbox 1163 5165 1310 5230; x_wconf 76' lang='grc' dir='ltr'>παρὰ</span> <span class='ocrx_word' id='word_1_729' title='bbox 1348 5162 1444 5231; x_wconf 80' lang='grc' dir='ltr'>τὴν</span> <span class='ocrx_word' id='word_1_730' title='bbox 1469 5160 1562 5212; x_wconf 86' lang='grc' dir='ltr'><strong>τοῦ</strong></span> <span class='ocrx_word' id='word_1_731' title='bbox 1586 5158 1714 5212; x_wconf 87' lang='grc' dir='ltr'>λαοῦ</span> 
     </span>
    </p>
   </div>
   <div class='ocr_carea' id='block_1_101' title="bbox 167 5251 1715 5332">
    <p class='ocr_par' dir='ltr' id='par_1_101' title="bbox 167 5251 1715 5332">
     <span class='ocr_line' id='line_1_101' title="bbox 167 5251 1715 5332; baseline -0.009 -19"><span class='ocrx_word' id='word_1_732' title='bbox 167 5257 478 5332; x_wconf 84' lang='grc' dir='ltr'>μοχθηρίαν</span> <span class='ocrx_word' id='word_1_733' title='bbox 507 5268 523 5285; x_wconf 81' lang='grc'><strong>⁸</strong></span> <span class='ocrx_word' id='word_1_734' title='bbox 559 5256 652 5306; x_wconf 77' lang='grc' dir='ltr'>καὶ</span> <span class='ocrx_word' id='word_1_735' title='bbox 679 5255 776 5321; x_wconf 81' lang='grc' dir='ltr'>τῆς</span> <span class='ocrx_word' id='word_1_736' title='bbox 800 5254 968 5323; x_wconf 77' lang='grc' dir='ltr'>τιμῇς</span> <span class='ocrx_word' id='word_1_737' title='bbox 999 5253 1235 5324; x_wconf 83' lang='grc' dir='ltr'>μετέχει,</span> <span class='ocrx_word' id='word_1_738' title='bbox 1266 5254 1360 5306; x_wconf 73' lang='grc' dir='ltr'>καὶ</span> <span class='ocrx_word' id='word_1_739' title='bbox 1385 5251 1715 5318; x_wconf 87' lang='grc' dir='ltr'>λειτουργεῖν</span> 
     </span>
    </p>
   </div>
   <div class='ocr_carea' id='block_1_102' title="bbox 163 5340 1713 5418">
    <p class='ocr_par' dir='ltr' id='par_1_102' title="bbox 163 5340 1713 5418">
     <span class='ocr_line' id='line_1_102' title="bbox 163 5340 1713 5418; baseline -0.008 -17"><span class='ocrx_word' id='word_1_740' title='bbox 163 5351 231 5402; x_wconf 79' lang='grc' dir='ltr'>οὐ</span> <span class='ocrx_word' id='word_1_741' title='bbox 264 5347 586 5401; x_wconf 81' lang='grc' dir='ltr'>κεκώλυται.</span> <span class='ocrx_word' id='word_1_742' title='bbox 651 5343 969 5418; x_wconf 80' lang='grc' dir='ltr'>Ὀφείλειδὲ</span> <span class='ocrx_word' id='word_1_743' title='bbox 1002 5344 1444 5413; x_wconf 87' lang='grc' dir='ltr'>προσκαρτερεῖν,</span> <span class='ocrx_word' id='word_1_744' title='bbox 1500 5343 1591 5390; x_wconf 80' lang='grc' dir='ltr'>καὶ</span> <span class='ocrx_word' id='word_1_745' title='bbox 1639 5340 1713 5408; x_wconf 83' lang='grc' dir='ltr'><strong>μή</strong></span> 
     </span>
    </p>
   </div>
   <div class='ocr_carea' id='block_1_103' title="bbox 165 5431 1717 5506">
    <p class='ocr_par' dir='ltr' id='par_1_103' title="bbox 165 5431 1717 5506">
     <span class='ocr_line' id='line_1_103' title="bbox 165 5431 1717 5506; baseline -0.007 -13"><span class='ocrx_word' id='word_1_746' title='bbox 165 5455 276 5493; x_wconf 84' lang='grc' dir='ltr'>τινι</span> <span class='ocrx_word' id='word_1_747' title='bbox 309 5436 669 5506; x_wconf 84' lang='grc' dir='ltr'>στρατιωτικῇ</span> <span class='ocrx_word' id='word_1_748' title='bbox 707 5433 925 5504; x_wconf 75' lang='grc' dir='ltr'>βοηθείᾳ</span> <span class='ocrx_word' id='word_1_749' title='bbox 964 5433 1290 5505; x_wconf 85' lang='grc' dir='ltr'>χρήσασθαι,</span> <span class='ocrx_word' id='word_1_750' title='bbox 1339 5434 1372 5486; x_wconf 67' lang='grc' dir='ltr'>ἦ</span> <span class='ocrx_word' id='word_1_751' title='bbox 1432 5431 1717 5500; x_wconf 72' lang='grc' dir='ltr'>δυναστείᾳ.</span> 
     </span>
    </p>
   </div>
   <div class='ocr_carea' id='block_1_104' title="bbox 1893 4791 3361 4862">
    <p class='ocr_par' dir='ltr' id='par_1_104' title="bbox 1893 4791 3361 4862">
     <span class='ocr_line' id='line_1_104' title="bbox 1893 4791 3361 4862; baseline 0.004 -16"><span class='ocrx_word' id='word_1_752' title='bbox 1893 4814 1912 4846; x_wconf 76' lang='grc' dir='ltr'><strong>ι</strong></span> <span class='ocrx_word' id='word_1_753' title='bbox 1961 4793 2469 4862; x_wconf 59' lang='grc' dir='ltr'>δεεεριιιεςιιοιιοιε</span> <span class='ocrx_word' id='word_1_754' title='bbox 2520 4791 2749 4856; x_wconf 81' lang='lat' dir='ltr'><strong>fruatur,</strong></span> <span class='ocrx_word' id='word_1_755' title='bbox 2802 4802 2855 4846; x_wconf 91' lang='lat' dir='ltr'><strong>et</strong></span> <span class='ocrx_word' id='word_1_756' title='bbox 2911 4807 3106 4846; x_wconf 85' lang='lat' dir='ltr'><strong>munus</strong></span> <span class='ocrx_word' id='word_1_757' title='bbox 3155 4803 3361 4852; x_wconf 89' lang='lat' dir='ltr'><strong>tantum</strong></span> 
     </span>
    </p>
   </div>
   <div class='ocr_carea' id='block_1_105' title="bbox 1894 4869 3363 4954">
    <p class='ocr_par' dir='ltr' id='par_1_105' title="bbox 1894 4869 3363 4954">
     <span class='ocr_line' id='line_1_105' title="bbox 1894 4869 3363 4954; baseline 0.004 -18"><span class='ocrx_word' id='word_1_758' title='bbox 1894 4904 1912 4936; x_wconf 78' lang='grc' dir='ltr'><strong>ι</strong></span> <span class='ocrx_word' id='word_1_759' title='bbox 1960 4885 2154 4947; x_wconf 86' lang='lat' dir='ltr'><strong>obeat,</strong></span> <span class='ocrx_word' id='word_1_760' title='bbox 2211 4891 2534 4950; x_wconf 74' lang='lat' dir='ltr'><strong>exspecutns</strong></span> <span class='ocrx_word' id='word_1_761' title='bbox 2585 4885 2715 4954; x_wconf 90' lang='lat' dir='ltr'><strong>quid</strong></span> <span class='ocrx_word' id='word_1_762' title='bbox 2783 4869 3075 4950; x_wconf 78' lang='lat' dir='ltr'><strong>provincia:</strong></span> <span class='ocrx_word' id='word_1_763' title='bbox 3125 4891 3363 4952; x_wconf 81' lang='lat' dir='ltr'><strong>synodus</strong></span> 
     </span>
    </p>
   </div>
   <div class='ocr_carea' id='block_1_106' title="bbox 1894 4973 2474 5043">
    <p class='ocr_par' dir='ltr' id='par_1_106' title="bbox 1894 4973 2474 5043">
     <span class='ocr_line' id='line_1_106' title="bbox 1894 4973 2474 5043; baseline -0.002 -18"><span class='ocrx_word' id='word_1_764' title='bbox 1894 4992 1912 5025; x_wconf 84' lang='grc' dir='ltr'><strong>ι</strong></span> <span class='ocrx_word' id='word_1_765' title='bbox 1961 4973 2416 5043; x_wconf 82' lang='lat' dir='ltr'><strong>pronuntiaveril.</strong></span> <span class='ocrx_word' id='word_1_766' title='bbox 2455 4991 2474 5024; x_wconf 74' lang='grc' dir='ltr'><strong>ι</strong></span> 
     </span>
    </p>
   </div>
   <div class='ocr_carea' id='block_1_107' title="bbox 1889 5061 3360 5131">
    <p class='ocr_par' dir='ltr' id='par_1_107' title="bbox 1889 5061 3360 5131">
     <span class='ocr_line' id='line_1_107' title="bbox 1889 5061 3360 5131; baseline -0.001 -13"><span class='ocrx_word' id='word_1_767' title='bbox 1889 5065 1994 5131; x_wconf 87' lang='lat' dir='ltr'><strong>Qui</strong></span> <span class='ocrx_word' id='word_1_768' title='bbox 2021 5079 2130 5120; x_wconf 88' lang='lat' dir='ltr'><strong>non</strong></span> <span class='ocrx_word' id='word_1_769' title='bbox 2161 5078 2314 5118; x_wconf 90' lang='lat' dir='ltr'><strong>suam</strong></span> <span class='ocrx_word' id='word_1_770' title='bbox 2349 5063 2419 5116; x_wconf 91' lang='lat' dir='ltr'><strong>ob</strong></span> <span class='ocrx_word' id='word_1_771' title='bbox 2448 5077 2665 5121; x_wconf 87' lang='lat' dir='ltr'><strong>causam</strong></span> <span class='ocrx_word' id='word_1_772' title='bbox 2713 5076 2741 5112; x_wconf 85' lang='lat' dir='ltr'><strong>a</strong></span> <span class='ocrx_word' id='word_1_773' title='bbox 2792 5061 3010 5115; x_wconf 82' lang='lat' dir='ltr'><strong>civitate</strong></span> <span class='ocrx_word' id='word_1_774' title='bbox 3059 5065 3360 5119; x_wconf 85' lang='lat' dir='ltr'><strong>admittitur</strong></span> 
     </span>
    </p>
   </div>
   <div class='ocr_carea' id='block_1_108' title="bbox 1819 5151 3358 5226">
    <p class='ocr_par' dir='ltr' id='par_1_108' title="bbox 1819 5151 3358 5226">
     <span class='ocr_line' id='line_1_108' title="bbox 1819 5151 3358 5226; baseline -0.001 -19"><span class='ocrx_word' id='word_1_775' title='bbox 1819 5158 1872 5220; x_wconf 82' lang='lat' dir='ltr'><strong>in</strong></span> <span class='ocrx_word' id='word_1_776' title='bbox 1909 5171 2072 5224; x_wconf 88' lang='lat' dir='ltr'><strong>quam</strong></span> <span class='ocrx_word' id='word_1_777' title='bbox 2104 5156 2388 5208; x_wconf 86' lang='lat' dir='ltr'><strong>ordinatus</strong></span> <span class='ocrx_word' id='word_1_778' title='bbox 2414 5152 2536 5226; x_wconf 80' lang='lat' dir='ltr'><strong>fuit,</strong></span> <span class='ocrx_word' id='word_1_779' title='bbox 2568 5151 2662 5204; x_wconf 81' lang='lat' dir='ltr'><strong>sed</strong></span> <span class='ocrx_word' id='word_1_780' title='bbox 2695 5160 2913 5222; x_wconf 88' lang='lat' dir='ltr'><strong>propter</strong></span> <span class='ocrx_word' id='word_1_781' title='bbox 2942 5156 3124 5221; x_wconf 86' lang='lat' dir='ltr'><strong>p0pu|i</strong></span> <span class='ocrx_word' id='word_1_782' title='bbox 3154 5157 3358 5224; x_wconf 88' lang='lat' dir='ltr'><strong>impro-</strong></span> 
     </span>
    </p>
   </div>
   <div class='ocr_carea' id='block_1_109' title="bbox 1822 5242 3355 5312">
    <p class='ocr_par' dir='ltr' id='par_1_109' title="bbox 1822 5242 3355 5312">
     <span class='ocr_line' id='line_1_109' title="bbox 1822 5242 3355 5312; baseline -0.002 -13"><span class='ocrx_word' id='word_1_783' title='bbox 1822 5249 2042 5300; x_wconf 88' lang='lat' dir='ltr'><strong>bitatem</strong></span> <span class='ocrx_word' id='word_1_784' title='bbox 2068 5263 2083 5298; x_wconf 87' lang='lat'><strong>:</strong></span> <span class='ocrx_word' id='word_1_785' title='bbox 2110 5255 2162 5299; x_wconf 91' lang='lat' dir='ltr'><strong>et</strong></span> <span class='ocrx_word' id='word_1_786' title='bbox 2189 5242 2409 5297; x_wconf 88' lang='lat' dir='ltr'><strong>honoris</strong></span> <span class='ocrx_word' id='word_1_787' title='bbox 2445 5242 2714 5312; x_wconf 89' lang='lat' dir='ltr'><strong>particeps</strong></span> <span class='ocrx_word' id='word_1_788' title='bbox 2742 5254 2841 5306; x_wconf 87' lang='lat' dir='ltr'><strong>est,</strong></span> <span class='ocrx_word' id='word_1_789' title='bbox 2885 5250 2940 5296; x_wconf 89' lang='lat' dir='ltr'><strong>et</strong></span> <span class='ocrx_word' id='word_1_790' title='bbox 2989 5259 3144 5299; x_wconf 86' lang='lat' dir='ltr'><strong>sacra</strong></span> <span class='ocrx_word' id='word_1_791' title='bbox 3179 5245 3355 5297; x_wconf 83' lang='lat' dir='ltr'><strong>facere</strong></span> 
     </span>
    </p>
   </div>
   <div class='ocr_carea' id='block_1_110' title="bbox 1821 5331 3355 5406">
    <p class='ocr_par' dir='ltr' id='par_1_110' title="bbox 1821 5331 3355 5406">
     <span class='ocr_line' id='line_1_110' title="bbox 1821 5331 3355 5406; baseline -0.002 -15"><span class='ocrx_word' id='word_1_792' title='bbox 1821 5353 1924 5391; x_wconf 91' lang='lat' dir='ltr'><strong>non</strong></span> <span class='ocrx_word' id='word_1_793' title='bbox 1955 5336 2290 5406; x_wconf 91' lang='lat' dir='ltr'><strong>prohibetur.</strong></span> <span class='ocrx_word' id='word_1_794' title='bbox 2326 5331 2492 5388; x_wconf 86' lang='lat' dir='ltr'><strong>Debet</strong></span> <span class='ocrx_word' id='word_1_795' title='bbox 2521 5345 2701 5389; x_wconf 85' lang='lat' dir='ltr'><strong>autem</strong></span> <span class='ocrx_word' id='word_1_796' title='bbox 2732 5335 3006 5402; x_wconf 88' lang='lat' dir='ltr'><strong>patienter</strong></span> <span class='ocrx_word' id='word_1_797' title='bbox 3033 5350 3269 5396; x_wconf 87' lang='lat' dir='ltr'><strong>manere,</strong></span> <span class='ocrx_word' id='word_1_798' title='bbox 3300 5345 3355 5388; x_wconf 90' lang='lat' dir='ltr'><strong>et</strong></span> 
     </span>
    </p>
   </div>
   <div class='ocr_carea' id='block_1_111' title="bbox 1820 5424 3352 5495">
    <p class='ocr_par' dir='ltr' id='par_1_111' title="bbox 1820 5424 3352 5495">
     <span class='ocr_line' id='line_1_111' title="bbox 1820 5424 3352 5495; baseline -0.001 -14"><span class='ocrx_word' id='word_1_799' title='bbox 1820 5443 1929 5481; x_wconf 91' lang='lat' dir='ltr'><strong>non</strong></span> <span class='ocrx_word' id='word_1_800' title='bbox 1963 5427 2181 5481; x_wconf 86' lang='lat' dir='ltr'><strong>militari</strong></span> <span class='ocrx_word' id='word_1_801' title='bbox 2204 5424 2388 5495; x_wconf 87' lang='lat' dir='ltr'><strong>aliquo</strong></span> <span class='ocrx_word' id='word_1_802' title='bbox 2418 5427 2492 5479; x_wconf 89' lang='lat' dir='ltr'><strong>uti</strong></span> <span class='ocrx_word' id='word_1_803' title='bbox 2542 5424 2742 5479; x_wconf 79' lang='lat' dir='ltr'><strong>auxilio</strong></span> <span class='ocrx_word' id='word_1_804' title='bbox 2785 5433 2879 5478; x_wconf 89' lang='lat' dir='ltr'><strong>aut</strong></span> <span class='ocrx_word' id='word_1_805' title='bbox 2911 5425 3014 5478; x_wconf 78' lang='lat' dir='ltr'><strong>alia</strong></span> <span class='ocrx_word' id='word_1_806' title='bbox 3063 5431 3352 5493; x_wconf 76' lang='lat' dir='ltr'><strong>potestate,</strong></span> 
     </span>
    </p>
   </div>
   <div class='ocr_carea' id='block_1_112' title="bbox 1383 5595 2145 5672">
    <p class='ocr_par' dir='ltr' id='par_1_112' title="bbox 1383 5595 2145 5672">
     <span class='ocr_line' id='line_1_112' title="bbox 1383 5595 2145 5672; baseline -0.01 -12"><span class='ocrx_word' id='word_1_807' title='bbox 1383 5597 1568 5660; x_wconf 89' lang='lat' dir='ltr'><strong>Guill.</strong></span> <span class='ocrx_word' id='word_1_808' title='bbox 1606 5595 1924 5672; x_wconf 79' lang='lat' dir='ltr'><strong>Beveregii</strong></span> <span class='ocrx_word' id='word_1_809' title='bbox 1955 5597 2145 5655; x_wconf 60' lang='lat' dir='ltr'><strong>nota.</strong></span> 
     </span>
    </p>
   </div>
   <div class='ocr_carea' id='block_1_113' title="bbox 174 5745 1709 5817">
    <p class='ocr_par' dir='ltr' id='par_1_113' title="bbox 174 5745 1709 5817">
     <span class='ocr_line' id='line_1_113' title="bbox 174 5745 1709 5817; baseline -0.008 -11"><span class='ocrx_word' id='word_1_810' title='bbox 174 5749 390 5817; x_wconf 69' lang='lat' dir='ltr'><strong>Magne</strong></span> <span class='ocrx_word' id='word_1_811' title='bbox 439 5748 685 5802; x_wconf 79' lang='lat' dir='ltr'><strong>Ecclesia:</strong></span> <span class='ocrx_word' id='word_1_812' title='bbox 739 5747 1452 5817; x_wconf 72' lang='lat' dir='ltr'><strong>Constantinopolitanorum,</strong></span> <span class='ocrx_word' id='word_1_813' title='bbox 1483 5745 1544 5817; x_wconf 64' lang='lat' dir='ltr'><strong>ab</strong></span> <span class='ocrx_word' id='word_1_814' title='bbox 1593 5745 1709 5795; x_wconf 84' lang='lat' dir='ltr'><strong>uni-</strong></span> 
     </span>
    </p>
   </div>
   <div class='ocr_carea' id='block_1_114' title="bbox 175 5814 1712 5885">
    <p class='ocr_par' dir='ltr' id='par_1_114' title="bbox 175 5814 1712 5885">
     <span class='ocr_line' id='line_1_114' title="bbox 175 5814 1712 5885; baseline -0.007 -9"><span class='ocrx_word' id='word_1_815' title='bbox 175 5814 331 5876; x_wconf 59' lang='lat' dir='ltr'><strong>rcria</strong></span> <span class='ocrx_word' id='word_1_816' title='bbox 364 5818 596 5873; x_wconf 78' lang='lat' dir='ltr'><strong>Ecclesia</strong></span> <span class='ocrx_word' id='word_1_817' title='bbox 630 5822 901 5884; x_wconf 63' lang='lat' dir='ltr'><strong>quasitus,</strong></span> <span class='ocrx_word' id='word_1_818' title='bbox 946 5829 992 5872; x_wconf 83' lang='lat' dir='ltr'><strong>et</strong></span> <span class='ocrx_word' id='word_1_819' title='bbox 1047 5819 1110 5870; x_wconf 80' lang='lat' dir='ltr'><strong>ab</strong></span> <span class='ocrx_word' id='word_1_820' title='bbox 1151 5814 1460 5885; x_wconf 70' lang='lat' dir='ltr'><strong>imperatore</strong></span> <span class='ocrx_word' id='word_1_821' title='bbox 1502 5815 1712 5867; x_wconf 83' lang='lat' dir='ltr'><strong>domino</strong></span> 
     </span>
    </p>
   </div>
   <div class='ocr_carea' id='block_1_115' title="bbox 1816 5734 3350 5863">
    <p class='ocr_par' dir='ltr' id='par_1_115' title="bbox 1816 5734 3350 5863">
     <span class='ocr_line' id='line_1_115' title="bbox 1816 5734 3350 5863; baseline -0.002 -70"><span class='ocrx_word' id='word_1_822' title='bbox 1816 5738 2307 5863; x_wconf 50' lang='grc' dir='ltr'>Ιοηιὲἒειςοηιηεηο</span> <span class='ocrx_word' id='word_1_823' title='bbox 2339 5738 2529 5793; x_wconf 74' lang='lat' dir='ltr'><strong>electus</strong></span> <span class='ocrx_word' id='word_1_824' title='bbox 2569 5752 2744 5812; x_wconf 22' lang='lat' dir='ltr'><strong>.mcnse</strong></span> <span class='ocrx_word' id='word_1_825' title='bbox 2775 5737 2936 5798; x_wconf 80' lang='lat' dir='ltr'><strong>Maio,</strong></span> <span class='ocrx_word' id='word_1_826' title='bbox 2962 5734 3239 5790; x_wconf 78' lang='lat' dir='ltr'><strong>indictione</strong></span> <span class='ocrx_word' id='word_1_827' title='bbox 3271 5737 3350 5799; x_wconf 64' lang='lat'><strong>12,</strong></span> 
     </span>
     <span class='ocr_line' id='line_1_116' title="bbox 1821 5817 2100 5863; baseline -0.004 0"><span class='ocrx_word' id='word_1_828' title='bbox 1821 5828 1909 5863; x_wconf 86' lang='lat' dir='ltr'><strong>an.</strong></span> <span class='ocrx_word' id='word_1_829' title='bbox 2014 5849 2016 5851; x_wconf 91' lang='grc'><strong><em>-</em></strong></span> <span class='ocrx_word' id='word_1_830' title='bbox 2045 5817 2100 5863; x_wconf 68' lang='grc'>2.</span> 
     </span>
    </p>
   </div>
   <div class='ocr_carea' id='block_1_116' title="bbox 1821 5817 2100 5864">
    <p class='ocr_par' dir='ltr' id='par_1_116' title="bbox 1821 5817 2100 5864">
     <span class='ocr_line' id='line_1_117' title="bbox 1821 5817 2100 5864; baseline -0.007 0"><span class='ocrx_word' id='word_1_831' title='bbox 1821 5828 1909 5864; x_wconf 85' lang='lat' dir='ltr'><strong>an.</strong></span> <span class='ocrx_word' id='word_1_832' title='bbox 1939 5817 2100 5863; x_wconf 58' lang='grc'>6642.</span> 
     </span>
    </p>
   </div>
  </div>
