4008 6352
177 483 321 546 [389

1260 484 1338 542 ΙΝ
1373 484 1538 544 CAN.
1574 483 1807 544 XXXVI
1853 481 2060 541 CONC.
2107 484 2327 544 LAOD.

3270 484 3402 546 1390

165 591 566 660 Μαθηματικοὶ
600 593 647 642 οί
681 591 747 642 τά
783 591 1007 658 οὐράνια
1049 588 1273 656 σώματα
1311 589 1563 653 δόξαντες
1602 589 1731 658 Exeo

1849 605 1943 643 nes
1970 591 2036 642 ad
2063 607 2214 646 suam
2271 592 2602 645 voluntatem
2648 591 2946 646 attrahunt.
3001 591 3362 646 Mathematici
3393 636 3406 654 ,

161 685 276 754 τὴν
316 684 410 735 τοῦ
455 683 654 745 παντὸς
696 683 1030 751 κυριότητα,
1071 683 1164 735 καὶ
1211 683 1352 734 κατὰ
1386 683 1485 752 τὴν
1528 684 1741 752 κίνησιν

157 778 376 829 τούτων
403 775 725 829 διοικεῖσθαι
756 776 822 827 τὰ.
850 776 971 828 καθ’
996 776 1163 844 ἡμᾶς.
1202 774 1546 846 ’Λοτρολόγοι
1576 775 1624 826 oi
1655 775 1744 827 διὰ

159 869 282 920 τῶν
321 870 536 938 ἄστρων
575 867 968 936 μαντευόμενοι
1009 869 1148 919 κατὰ
1190 864 1510 936 δαιμονικὴν
1551 881 1742 934 συνερ-

158 959 318 1026 γίαν,
347 960 442 1012 καὶ
467 959 678 1021 τούτοις
707 957 1074 1021 πιστεύοντες.
1108 959 1262 1011 Ἐπεὶ
1285 958 1342 1011 δὲ
1367 959 1610 1027 τέσσαρά
1637 959 1742 1008 είσι

157 1051 240 1100 τὰ.
273 1049 596 1118 μαθήματα,
620 1050 983 1121 ἀριθμητικὴ,
1014 1049 1271 1119 μουσικὴ,
1303 1049 1616 1118 γεωμετρία
1649 1049 1744 1100 καὶ

158 1139 507 1210 ἀστρονομία
528 1182 545 1204 ,
582 1141 658 1212 μὴ
691 1142 849 1212 εἴπῃς
881 1142 1031 1212 παρὰ
1061 1142 1154 1194 τοῦ
1188 1141 1412 1204 κανόνος
1440 1131 1742 1194 κωλύεσθαι

155 1233 267 1282 καὶ
300 1233 368 1286 τὰ
400 1233 641 1299 τέσσαρα
663 1272 677 1296 ,
713 1233 848 1286 ἀλλά
881 1235 1050 1303 μόνην
1081 1233 1180 1302 τὴν
1211 1232 1598 1303 ἀστρονομίαν.
1635 1233 1744 1285 Καὶ

156 1323 442 1390 ἀνάγνωθι
472 1325 531 1375 τὸ
559 1323 641 1394 κβ¹
669 1325 862 1392 κεφάλ.
892 1325 986 1377 τοῦ
1015 1323 1090 1378 λθ⁹
1114 1326 1292 1378 τίτλου
1320 1324 1412 1377 τοῦ
1445 1325 1485 1391 ξ’
1514 1324 1740 1394 βιϐλίου,

157 1415 364 1481 λέγον·
402 1415 464 1465 Ἠ
510 1416 608 1481 μὲν
649 1417 1000 1486 γεωμετρικὴ
1040 1417 1289 1486 δημοσίᾳ.
1315 1417 1666 1470 διδάσκεται·
1709 1418 1742 1486 ἡ

153 1507 217 1557 δὲ
262 1508 615 1574 μαθηματικὴ
650 1510 1069 1578 κατακρίνεται,
1099 1509 1169 1569 ὡς
1200 1511 1622 1579 ἀπηγορευμένη
1652 1511 1745 1561 καὶ

156 1599 280 1648 τῶν
313 1596 510 1658 ἔξωθεν
544 1598 798 1650 παλαιόν.
831 1599 1236 1667 Μαθηματικὴν
1265 1596 1387 1650 εἰπὲ
1419 1599 1516 1665 τὴν
1546 1601 1742 1666 ἀστρο-

160 1691 381 1754 νομίαν.
421 1689 548 1753 Περὶ
580 1689 636 1743 δὲ
669 1689 759 1740 τοῦ
799 1689 911 1746 πῶς
943 1688 1257 1750 κολάζονται
1289 1687 1394 1739 ὑπὸ
1423 1689 1530 1740 τῶν
1560 1688 1743 1756 νόμων

159 1783 215 1829 οἱ
264 1782 424 1846 μάγοι
461 1779 554 1829 καὶ
585 1780 634 1830 oi
667 1779 905 1831 ἐπτοιδοὶ
945 1780 1032 1830 καὶ
1067 1778 1318 1841 τοιοῦτοι,
1342 1777 1613 1844 άνίὶγνωθι
1647 1778 1743 1829 τοῦ

159 1871 336 1922 αὑτοῦ
383 1868 458 1920 λθ⁹
488 1871 666 1921 τίτλου
709 1871 800 1922 τοῦ
849 1868 888 1934 ξ’
919 1871 1122 1939 βιϐλίου
1165 1871 1226 1921 τὸ
1273 1867 1352 1936 κγ’
1386 1868 1602 1937 κεφὰλ.,
1650 1861 1743 1920 καὶ

1848 683 2256 751 quiopinantnr
2318 700 2547 752 corpora
2612 685 2856 746 etelestia
2915 685 3114 738 habere
3171 686 3407 739 universi

1849 775 2302 840 dominationem,
2340 777 2632 846 omniaque
2665 789 2848 832 nostra
2905 778 2974 829 ab
3021 792 3210 830 eorum
3263 789 3408 830 motu

1848 866 2240 921 administrari.
2279 867 2592 937 Astrologi,
2624 870 2717 938 qui
2771 885 2865 938 per
2923 879 3070 922 astra
3121 867 3364 921 divinant
3394 906 3409 926 .

1849 960 2108 1012 auxilium
2138 962 2216 1014 eis
2245 959 2458 1015 ferente
2490 962 2760 1026 daemone,
2793 969 2850 1015 et
2873 961 2955 1014 eis
2986 959 3234 1014 credunt.
3273 958 3410 1023 Quia

1849 1060 2030 1105 autem
2064 1063 2189 1106 sunt
2211 1062 2448 1124 quatuor
2479 1054 2806 1106 mathemata
2830 1092 2847 1118 ,
2883 1053 3224 1106 arithmetica
3246 1089 3262 1115 ,
3292 1066 3414 1103 ιιιιι-

1850 1141 1984 1204 sica,
2025 1144 2318 1209 geometria
2369 1151 2422 1196 et
2466 1142 2803 1196 astronomia
2829 1180 2845 1206 ,
2879 1157 2948 1196 ne
2988 1142 3190 1195 dixeris
3245 1142 3407 1194 etiam

1850 1247 2083 1302 quatuor
2113 1254 2142 1291 a
2170 1253 2378 1291 canone
2419 1238 2739 1307 prohiberi;
2800 1238 2896 1292 sed
2949 1237 3120 1291 solam
3160 1245 3410 1292 astrono-

1851 1331 2036 1382 miam.
2076 1330 2138 1383 Et
2168 1331 2280 1399 lege
2305 1346 2427 1397 cap.
2455 1329 2550 1392 τε,
2584 1331 2670 1384 tit.
2699 1330 2792 1390 59.
2828 1330 2919 1382 lib.
2953 1345 3015 1381 ιτ
3056 1328 3405 1381 Basilicorttm

1849 1421 1992 1488 quod
2031 1422 2200 1484 dicit,
2251 1421 2555 1474 Geometria
2603 1421 2823 1490 quidem
2880 1422 3096 1490 publice
3141 1422 3363 1474 docetur
3392 1461 3405 1478 ,

1855 1511 2235 1564 mathematica
2270 1522 2448 1564 autem
2481 1513 2893 1570 condemnatur.
2932 1521 2989 1564 ut
3022 1514 3286 1576 prohibita
3319 1528 3410 1563 ex-

1853 1613 2002 1654 terna
2029 1603 2141 1667 lege
2174 1604 2359 1656 veteri.
2386 1604 2479 1655 Dic
2500 1600 2965 1666 mathematicam,
2992 1614 3402 1656 astronomiam.

1851 1693 2131 1759 Quomodo
2164 1707 2338 1747 autem
2369 1711 2397 1746 a
2432 1696 2637 1763 legibus
2674 1697 2976 1763 puniuntur
3021 1695 3157 1760 magi
3181 1735 3194 1757 ,
3227 1693 3407 1744 incan-

1856 1795 2084 1846 Iaiores,
2125 1794 2178 1836 et
2205 1785 2495 1852 ejusmodi,
2529 1785 2641 1853 lege
2668 1783 2915 1851 ejusdem
2948 1783 3031 1834 tit.
3068 1783 3158 1843 59,
3193 1783 3286 1836 lib.
3319 1798 3405 1842 ις,

1853 1886 1974 1939 Cap.
2008 1873 2077 1925 25
2108 1882 2160 1926 et
2188 1873 2445 1948 deinceps
2477 1889 2648 1942 usque
2671 1873 2735 1927 ad
2766 1874 2946 1925 linem.
2980 1871 3170 1936 Quane
3198 1883 3249 1926 et
3283 1888 3402 1940 cap.

156 1963 368 2029 ἐφεξῆς
403 1963 563 2030 μέχρι
594 1964 801 2023 τέλους.
835 1937 996 2030 Ζήτει
1028 1965 1121 2014 καὶ
1152 1961 1210 2014 τὸ
1238 1961 1288 2028 γ’
1311 1963 1503 2030 κειράλ.
1539 1960 1636 2013 τοῦ
1674 1959 1731 2030 ιβ¹

1851 1963 1905 2025 5,
1934 1963 2018 2016 ιίι.
2049 1963 2112 2015 i9.
2152 1945 2429 2032 pra-sentis
2462 1968 2664 2032 operis.

156 2053 351 2104 τίτλου
379 2052 473 2102 τοῦ
507 2053 772 2121 παρόντος
803 2054 1196 2120 συντάγματος.

236 2145 484 2196 ΖΩΝΑΡ.
528 2144 775 2210 Μαγείας
821 2144 1179 2212 μετέρχεσθαι
1222 2145 1252 2212 ἢ
1298 2145 1575 2206 ίιταοιδίας
1613 2146 1738 2207 τοὺς

157 2235 620 2303 κεκ).ηριι›μένου;
649 2237 675 2284 ὁ
709 2236 884 2284 κανὼν
914 2236 1128 2286 κωλύει.
1169 2235 1444 2287 Ἐπαοιδαὶ
1474 2236 1527 2286 δὲ
1561 2237 1612 2287 αἱ
1643 2254 1738 2302 γο-

159 2328 346 2394 ητεῖαί
387 2329 544 2376 εἰσιν.
583 2325 758 2391 Ἀοιδὴ
797 2330 901 2392 γάρ
936 2327 966 2393 ἡ
999 2327 1270 2394 τραγῳδία
1307 2327 1468 2380 ἐστίν.
1505 2328 1566 2378 ΟΞ
1603 2325 1736 2393 γοῦν

157 2418 363 2483 γόητες
397 2416 577 2475 ἀοιδάς
610 2432 761 2476 τινας
781 2455 797 2476 ,
829 2416 991 2483 ἡγςυν
1019 2416 1229 2484 ἐπῳδὰς
1261 2417 1506 2482 λέγοντες
1526 2457 1540 2477 ,
1574 2417 1734 2483 ἐφέλ-

159 2523 355 2557 κονται
384 2506 659 2571 δαίμονας,
696 2506 723 2574 ἢ
756 2506 846 2556 καὶ
875 2505 1034 2573 θηρία
1066 2505 1480 2573 καταδεσμοῦσι,
1515 2507 1607 2556 καὶ
1637 2507 1730 2573 ἑρ-

157 2600 329 2651 ruri.
361 2598 477 2649 Εἰσὶ
508 2601 615 2666 γάρ
644 2615 788 2660 τινες
819 2597 887 2658 οἶ,
920 2599 1148 2665 κτήνους
1178 2598 1282 2662 ἔξω
1311 2615 1410 2648 που
1443 2599 1538 2664 τῆς
1568 2598 1737 2649 ἐπαύ-

157 2690 304 2751 λεως
340 2689 518 2744 αὐτῶν
554 2690 1022 2757 καταλειφθέντος,
1062 2690 1127 2741 δι’
1162 2688 1438 2750 ὲπαοιδίας
1477 2688 1737 2757 δεσμοῦσι

154 2782 292 2840 τοὺς
339 2778 554 2840 λύκους,
597 2778 736 2830 ὥστε
783 2780 854 2848 μὴ
900 2780 1153 2832 δύνασθαι
1196 2779 1392 2839 αὐτοὺς
1437 2779 1636 2848 βλάψαι
1676 2779 1738 2830 τὸ

159 2869 312 2932 ζῶον
343 2871 460 2937 μετ’
480 2869 646 2922 αὐτοῦ
675 2869 1200 2940 ἀναστρεφομένους,
1228 2870 1302 2932 ὡς
1330 2871 1468 2938 τάχα
1496 2870 1736 2938 πληροῦο

159 2964 296 3016 σθαι
323 2965 383 3016 τὸ
411 2965 510 3032 τῆς
544 2965 762 3032 Γραφῆς
782 3005 796 3026 .
829 2965 921 3030 τὸ.
952 2963 1517 3033 Συμϐοσκηθήσεται
1548 2966 1736 3030 λύκος

155 3056 316 3120 μετὰ
351 3056 567 3124 ἀρνός·
605 3059 699 3108 καὶ
735 3058 882 3111 ἄλλοι
921 3058 1068 3126 ὄφεις
1107 3060 1568 3126 καταγοητεύουσι
1590 3101 1604 3121 ,
1641 3058 1735 3112 καὶ

157 3146 389 3207 τούτους
426 3148 889 3215 μεταχειρίζονται
909 3186 930 3209 τ
959 3149 1050 3200 καὶ
1083 3148 1303 3217 ἇδηκτοι
1336 3151 1393 3214 ἐξ
1426 3151 1602 3203 αὐτῶν
1633 3152 1730 3220 μέ-

1912 2139 2079 2209 470
2115 2137 2363 2192 ZONAR.
2402 2137 2687 2193 Veneficiis
2729 2149 2890 2205 atque
2945 2140 3403 2192 incantationibus

1840 2245 2063 2296 operam
2116 2244 2315 2282 navare
2365 2230 2547 2283 clerici
2605 2231 2706 2283 hoc
2747 2243 2955 2282 canone
3023 2231 3398 2298 prohibentur.

1833 2319 1980 2370 Sunt
2015 2333 2140 2370 vero
2165 2318 2434 2379 ὲπαοιδαὶ,
2462 2316 2513 2370 id
2539 2305 2642 2374 est:
2673 2319 3070 2371 ineatttatioues
3095 2319 3230 2372 ident
3255 2319 3396 2382 quod

1840 2409 2142 2478 praestigiae.
2193 2409 2371 2478 Ἀοιδὴ
2401 2412 2566 2472 cuitu,
2601 2411 2652 2463 id
2683 2420 2786 2470 est,
2819 2413 3000 2462 cantio
3030 2426 3123 2464 seu
3155 2426 3396 2473 carmen,

1840 2504 2100 2571 tragoedia
2141 2514 2242 2557 est.
2276 2502 2708 2571 Pra'stigiatores
2740 2517 2870 2571 ergo
2903 2502 3241 2555 carminibus
3281 2500 3400 2569 qui-

1841 2596 2070 2652 busdam
2103 2598 2219 2649 sive
2249 2597 2711 2649 incantationibus
2735 2598 3013 2648 daemones
3045 2595 3111 2646 ad
3170 2611 3228 2650 se
3276 2587 3398 2647 alli-

1839 2688 2014 2746 ciunt.
2049 2702 2111 2739 ac
2142 2686 2287 2741 feras
2313 2702 2530 2755 quoque
2559 2694 2610 2738 et
2639 2685 2850 2754 reptilia
2899 2687 3234 2739 devinciunt.
3263 2684 3399 2738 Sunt

1836 2779 2026 2842 etiam,
2057 2778 2149 2846 qui
2171 2777 2420 2845 jumento
2447 2794 2545 2831 suo
2575 2785 2726 2830 extra
2766 2778 2950 2832 urbem
2998 2778 3188 2831 relicto
3212 2817 3227 2838 ,
3277 2792 3397 2829 car-
3481 2793 3483 2798 ·

1841 2869 2078 2922 minibus
2106 2871 2178 2919 ita
2207 2871 2363 2937 lupos
2392 2868 2877 2937 obstupefaciunt,
2914 2879 2972 2921 ut
3015 2870 3150 2922 nihil
3199 2870 3264 2922 ab
3318 2871 3396 2934 eis

1839 2975 2016 3021 ueste,
2069 2958 2317 3026 quamvis
2369 2973 2469 3011 una
2521 2959 2842 3027 degentibus
2892 2960 3151 3013 anitnanti
3209 2960 3396 3013 inferri

1836 3060 1995 3119 queat
2021 3067 2035 3109 ;
2076 3065 2141 3102 ex
2173 3066 2281 3118 quo
2310 3049 2537 3118 proinde
2564 3049 2700 3104 forte
2724 3051 2854 3104 illud
2887 3068 2951 3104 ex
2982 3056 3149 3103 sacris
3178 3049 3395 3103 Litteris

1839 3120 2102 3208 nsurpare
2134 3140 2322 3191 liceat:
2359 3134 2614 3190 Pascetur
2643 3139 2796 3206 lupus
2835 3155 2950 3190 cum
2976 3141 3123 3207 agitis
3173 3139 3235 3190 "‘.
3287 3141 3394 3193 Alii

157 3252 367 3288 νουσιν.
400 3236 535 3288 Ἀλλ’
557 3238 675 3288 οὐδὲ
709 3240 1117 3308 μαθηματικοὺς
1145 3244 1176 3311 ἢ
1206 3246 1560 3314 αστρολόγους
1587 3242 1726 3298 εἶναι

1839 3227 2121 3298 serpentes
2195 3230 2498 3282 incantatos
2571 3229 2642 3280 ita
2698 3230 2947 3282 manibus
3004 3237 3279 3289 tractant,
3336 3240 3395 3280 ιιι

158 3328 292 3386 τοὺς
323 3327 648 3395 ίερωμένους
675 3329 940 3397 βούλεται.
967 3333 1216 3402 Τέσσαρα
1237 3336 1298 3387 δέ
1327 3339 1429 3388 είσι
1453 3337 1519 3388 τά
1549 3337 1732 3405 βιϐλία

157 3421 229 3470 τά
257 3419 519 3486 λεγόμενα
543 3420 922 3488 μαθηματικά,
941 3424 1295 3495 ἀριθμητικὴ,
1318 3428 1536 3494 μουσικὶ
1594 3445 1731 3494 γεω-

161 3512 396 3579 μετρία,
433 3503 525 3564 καὶ
562 3514 907 3582 ἀστρονομία.
946 3517 1016 3567 Ού
1053 3517 1219 3568 ταῦτα
1255 3518 1430 3570 τοίνυν
1463 3520 1729 3586 ἀναγινώ-

163 3615 322 3650 σκειν
350 3604 378 3650 ὁ
408 3599 616 3656 κανὼν.
647 3597 828 3669 οἶμαι,
861 3604 1142 3672 ἀπείργει,
1174 3607 1308 3658 ἀλλὰ
1337 3608 1395 3658 τὸ
1427 3608 1730 3677 περιέργως

159 3691 350 3740 αὐτοῖς
379 3692 704 3758 κεχρῆσθαι·
729 3696 779 3745 εί
803 3696 910 3762 γάρ
929 3712 1010 3756 τις
1037 3697 1198 3763 εἰδείη
1223 3699 1304 3748 ὅτι
1327 3699 1358 3765 ἡ
1385 3699 1551 3764 μονὰς
1576 3700 1731 3767 ἀριθ-

163 3783 268 3847 μδς
295 3781 392 3832 ούκ
424 3782 564 3842 ἔστι,
594 3782 766 3834 καίτοι
793 3787 1080 3852 γεννητικὴ
1109 3784 1240 3838 οὖσα
1270 3789 1464 3847 παντὸς
1493 3789 1727 3856 ἀριθμοῦ

163 3863 420 3938 (άρίθμὸς
452 3870 560 3940 γὰρ
593 3871 651 3922 τὸ
685 3873 748 3923 ὲκ
783 3873 1022 3941 μονάδων
1055 3873 1256 3941 πλῆθος
1286 3874 1546 3942 ὁρίζεται,
1581 3878 1645 3930 δι’
1670 3880 1730 3932 ὄν

162 3960 327 4025 λόγον
370 3961 565 4030 οιὶὀὲ“ή
609 3964 738 4024 δυάς
781 3962 998 4028 λέγεται
1045 3965 1303 4034 ἀριθμὸς,
1345 3969 1428 4019 ὅτι
1471 3970 1569 4020 οὐκ
1613 3970 1727 4038 ἔχει

165 4050 372 4117 πλῆθος
413 4053 698 4119 μονάδων),
736 4055 828 4105 καί
870 4056 949 4107 ὅτι
991 4057 1023 4120 ἠ
1064 4055 1194 4116 δυὰς
1234 4058 1328 4108 καὶ
1369 4060 1726 4129 συντιθεμένη

165 4144 263 4192 καὶ
281 4141 856 4212 πολλαπλασιαζομένη
871 4145 977 4196 τῶν
993 4148 1230 4214 τέσσαρα
1247 4146 1556 4218 συνίστησιν
1573 4150 1728 4219 ἀριθ-

169 4235 302 4301 μὸν,
335 4233 428 4284 καὶ
455 4235 514 4285 οὐ
546 4235 705 4286 πλέον
734 4253 784 4287 τι
817 4236 918 4305 (δὶς
946 4236 1052 4305 γάρ
1077 4237 1247 4290 εἰπὼν
1271 4241 1340 4291 τά
1367 4239 1458 4291 δύο
1487 4242 1726 4312 τέσσαρα

139 4370 142 4373 .
168 4323 418 4388 συνάξεις
441 4363 454 4382 ,
485 4323 582 4374 καὶ
610 4325 699 4377 δύο
730 4327 821 4378 καὶ
851 4325 941 4377 δύο
970 4326 1208 4378 ἐπειπὼν
1229 4369 1245 4394 ,
1276 4331 1374 4380 οὐκ
1404 4330 1561 4384 ἄλλον
1590 4334 1726 4385 ἀποο

164 4414 406 4473 τελέσεις
451 4415 680 4482 ἀριθμὸν
723 4417 898 4487 ἀλλ’ἢ
939 4418 1029 4469 τὸν
1071 4419 1252 4487 αὑτὸν)
1304 4421 1398 4474 καὶ
1430 4421 1579 4498 ,τίνες
1617 4423 1726 4475 τῶν

165 4503 418 4571 ἀριθμῶν
445 4506 710 4573 περιττοὶ,
741 4509 834 4558 καὶ
857 4509 999 4570 τίνες
1028 4509 1223 4576 ἄρτιοι,
1253 4513 1346 4564 καὶ
1369 4512 1510 4575 τίνες
1539 4529 1725 4582 περισ-

169 4594 332 4654 σάκις
364 4596 634 4665 περισσοὶ,
666 4596 760 4646 καὶ
788 4595 928 4656 τίνες
957 4598 1207 4664 ἀρτιάκις
1235 4601 1429 4667 ἄρτιοι,
1462 4607 1552 4656 καὶ
1580 4606 1721 4667 τίνες

166 4683 421 4750 ἀρτιάκις
450 4686 690 4754 περιττοί
714 4703 728 4715 ο
759 4687 851 4738 κα)⁵
879 4689 1021 4738 ποίοι
1051 4689 1376 4755 περισσάκις
1405 4693 1602 4762 ἄρτιοι,
1631 4695 1723 4748 καὶ

163 4775 312 4833 τίνες
339 4772 445 4824 τῶν
470 4775 720 4844 ἀριθμῶν
747 4775 973 4840 τέλειοι,
995 4779 1137 4840 τίνες
1159 4779 1215 4831 δὲ
1245 4781 1484 4846 ἀτελεῖς,
1515 4789 1653 4840 ποῖοι
1679 4787 1723 4838 δ’

165 4863 415 4916 ἐπίπεδοι
437 4903 452 4925 ,
491 4868 588 4918 καὶ
626 4870 766 4920 ποῖοι
803 4869 1046 4934 λέγονται
1084 4872 1327 4942 στερεοὶ,
1370 4877 1510 4941 τίνες
1546 4879 1592 4931 δ’
1618 4880 1722 4932 εἰσὶ

167 4955 649 5021 τετράγωνοι,’καὶ
675 4959 816 5021 τίνες
843 4959 1128 5013 καλοῦνται
1161 4964 1345 5026 κύϐοι,
1377 4971 1468 5020 καὶ
1496 4971 1549 5022 τί
1578 4972 1722 5023 ἐστιν

168 5046 448 5112 ἀναλογία,
477 5049 568 5098 καὶ
591 5047 666 5109 ὡς
692 5051 825 5132 δέκα
855 5046 1012 5106 αὗται
1053 5053 1144 5105 τὸν
1170 5055 1418 5126 ἀριθμὸν,
1446 5065 1537 5114 καὶ
1563 5063 1596 5132 ἡ
1625 5064 1722 5133 μὲν

167 5135 529 5206 ἀριθμητικὴ,
557 5139 592 5207 ἡ
621 5137 678 5190 δὲ
707 5142 1080 5212 γεωμετρικὴ.
1108 5143 1142 5211 ἡ
1171 5144 1226 5196 δέ
1255 5163 1331 5207 τις
1366 5147 1656 5221 ἁρμονικὴ.
1689 5153 1720 5219 ἡ

168 5227 216 5278 δ’
245 5226 459 5279 ἐναντία
487 5229 688 5300 ταύτῃ,
723 5233 816 5282 καί
851 5234 908 5284 ai
949 5235 1165 5297 λοιπαὶ,
1197 5237 1290 5288 καὶ
1316 5237 1481 5292 τᾶλλα
1520 5243 1616 5296 ὅσα
1645 5242 1720 5310 τῷ

174 5317 456 5396 μαθήματι
483 5319 655 5388 τούτῳ
683 5321 1131 5394 ιμπεριείληπτσι
1150 5341 1165 5356 ⁶
1198 5328 1246 5378 εί
1279 5326 1323 5378 δ’
1345 5329 1436 5379 ἐπὶ
1459 5332 1557 5400 τῆς
1593 5352 1722 5401 μου-

175 5410 332 5476 σικῆς
359 5409 511 5476 γνοίη
537 5426 623 5471 τις
648 5411 700 5462 τί
747 5412 848 5479 μέν
885 5416 997 5466 ἐστι
1027 5415 1280 5483 φθόγγος,
1307 5418 1357 5469 τί
1384 5419 1441 5469 δὲ
1472 5422 1720 5492 φθόγγων

169 5496 464 5569 διάστημα,
501 5502 552 5552 τί
587 5501 642 5553 δὲ
681 5503 946 5573 σύστημα,
985 5509 1075 5559 καὶ
1111 5512 1164 5558 τί
1202 5511 1455 5580 ἁρμονία.
1497 5518 1587 5568 καὶ
1624 5517 1719 5578 τὰς

171 5591 282 5644 τῶν
314 5594 565 5662 φθόγγων
599 5599 963 5666 προσηγορίας
986 5642 1000 5660 ,
1035 5602 1121 5653 καὶ
1154 5595 1216 5652 τί
1250 5605 1347 5672 μὲν
1380 5606 1512 5674 νήτη
1533 5648 1548 5668 ,
1584 5610 1634 5659 τί
1673 5608 1717 5660 δ’

177 5681 378 5752 ὑπάτη,
408 5686 500 5737 καὶ
533 5688 840 5756 παρυπάτη,
873 5691 1017 5744 οὐδὲν
1045 5688 1174 5762 πρὶς
1207 5695 1404 5756 πίστιν,
1435 5699 1552 5751 οὐδὲ
1583 5702 1716 5771 πρὸς

250 5861 292 5892 ⁸⁸
315 5858 415 5915 lea.
438 5877 562 5926 ιη,
593 5867 682 5920 25.

1841 3327 2022 3376 mtirsu
2055 3333 2235 3377 tamen
2265 3325 2332 3377 ab
2362 3324 2471 3378 illis
2500 3339 2841 3392 nequaquam
2897 3333 3243 3393 appetantur.
3285 3324 3391 3377 Sed

1837 3417 2344 3469 mathematicorum
2381 3429 2596 3484 quoque
2619 3425 2714 3469 aut
2766 3418 3168 3484 astrologorum
3223 3417 3380 3469 disci-

1836 3506 2013 3574 plinas
2039 3501 2109 3559 ab
2135 3505 2223 3568 iis,
2255 3505 2346 3574 qui
2379 3520 2540 3558 sacro
2566 3503 2748 3558 ordini
2795 3505 2990 3558 initiati
3027 3517 3192 3570 sunt,
3232 3523 3388 3560 οχον,

1835 3601 1943 3654 ceri
1977 3616 2084 3653 non
2116 3601 2266 3654 sinit.
2303 3597 2547 3664 Quatuor
2586 3614 2750 3668 porro
2783 3599 2903 3651 libri
2932 3612 3057 3652 sunt
3089 3583 3388 3654 matbema-

1837 3690 1924 3743 tici
1953 3690 2269 3758 nuncupati,
2302 3691 2504 3758 quibus
2531 3689 2830 3757 disciplina:
2859 3701 3094 3755 quatuor
3139 3693 3390 3744 arithme-

1833 3783 1958 3845 tica,
1978 3783 2206 3844 musica,
2229 3783 2539 3850 geometria,
2561 3781 2997 3849 astronomiaque
3021 3785 3384 3834 continentur.

1833 3870 1948 3923 Non
1993 3873 2158 3940 igitur
2184 3911 2198 3934 ,
2235 3884 2292 3924 ut
2323 3879 2450 3939 puto
2484 3911 2497 3933 ,
2531 3885 2624 3922 eos
2660 3870 2828 3922 libros
2856 3868 3077 3921 omnino
3112 3869 3210 3935 legi
3241 3883 3255 3932 ;
3291 3867 3385 3920 sed

1837 3964 2062 4014 nimium
2090 3965 2143 4014 in
2171 3965 2252 4016 eis
2281 3964 2515 4017 studium
2578 3976 2754 4015 canon
2809 3960 3051 4013 adhiberi
3104 3968 3265 4012 vetat.
3327 3959 3385 4013 Si

1829 4055 1952 4120 quis
1981 4055 2182 4108 etetiim
2214 4057 2482 4110 unitatem.
2507 4072 2612 4110 non
2644 4071 2766 4111 esse
2793 4070 3108 4116 numerum,
3137 4055 3383 4122 quamvis

1831 4147 1998 4200 totius
2033 4147 2245 4199 numeri
2281 4146 2628 4209 etfectricem,
2658 4147 2872 4201 noverit
2905 4147 3186 4215 (numerus
3231 4161 3383 4199 nam-

1831 4252 1936 4305 que
1963 4235 2251 4308 multitudo
2283 4238 2551 4288 unitatum
2588 4249 2706 4288 esse
2731 4233 2991 4287 definitur
3016 4251 3030 4292 ;
3058 4244 3383 4302 quapropter

1833 4344 2008 4396 neque
2038 4329 2284 4382 binarius
2318 4343 2574 4383 numerus
2615 4341 2734 4382 esse
2762 4337 3015 4380 censetur
3049 4313 3068 4389 ,’
3089 4329 3227 4394 quod
3262 4329 3382 4378 uui-

1829 4428 2004 4471 tatum
2041 4419 2388 4474 multitudine
2405 4422 2646 4489 careat);
2678 4421 2724 4474 si
2756 4421 2883 4474 item
2912 4435 2977 4474 ex
3007 4419 3235 4479 binario,
3267 4421 3379 4470 sive

1832 4510 2154 4576 composito,
2190 4511 2306 4564 sive
2332 4512 2578 4578 repetito,
2609 4510 2739 4563 nihil
2762 4524 2924 4579 supra
2972 4509 3376 4578 quaternm-iuni

1753 4586 1798 4642 Ῑ)
1827 4597 1960 4653 allici
2000 4601 2135 4653 sciat
2170 4601 2326 4669 (sive
2353 4603 2496 4655 enim
2525 4601 2607 4653 bis
2658 4599 2767 4654 duo
2794 4641 2809 4666 ,
2843 4600 2958 4655 sive
3010 4602 3115 4653 duo
3166 4611 3220 4652 et
3269 4600 3379 4654 duo

1827 4691 2054 4754 dixeris,
2088 4707 2192 4746 non
2219 4694 2356 4746 alius
2397 4684 2517 4745 inde
2542 4707 2572 4744 a
2597 4695 2948 4762 quateruario
2976 4707 3230 4747 numerus
3280 4710 3375 4748 ex-

1824 4783 2003 4851 sistet)
2027 4801 2040 4848 ;
2061 4798 2408 4836 tietiierorum
2438 4796 2677 4851 quoque,
2715 4781 2804 4852 qui
2839 4784 3068 4850 impares
3085 4784 3196 4847 sint
3217 4785 3376 4851 Quive

1825 4889 2026 4943 pares;
2081 4875 2300 4942 quinam
2363 4875 2702 4942 inaequaliter
2751 4877 3023 4942 impares,
3089 4880 3180 4946 qui
3247 4896 3374 4931 vero

1823 4967 2105 5039 aequaliter
2133 4979 2327 5035 pares;
2361 4967 2581 5033 quinam
2620 4966 2902 5035 aequaliter
2946 4968 3181 5037 impares
3209 5008 3224 5032 ,
3253 4972 3370 5045 qui-

1822 5074 1929 5128 que
1957 5059 2293 5126 inzequaliter
2329 5075 2516 5128 pares;
2550 5061 2640 5126 qui
2664 5059 2858 5112 deinde
2905 5074 2971 5113 ex
3022 5060 3104 5116 eis
3152 5058 3370 5132 perfecti

1823 5156 2026 5223 quique
2065 5153 2399 5222 imperfecti;
2429 5152 2646 5217 quinam
2689 5149 2868 5218 plani,
2919 5153 3008 5221 qui
3051 5152 3205 5207 solidi
3230 5192 3243 5212 ,
3278 5153 3367 5218 qui

1822 5243 2093 5315 quadrati,
2129 5246 2324 5300 cubive
2356 5241 2737 5306 nominentur;
2785 5251 2899 5296 tum
2947 5259 3077 5297 vero
3119 5243 3245 5310 quid
3301 5247 3362 5296 sit

1821 5338 2090 5407 analogia,
2121 5339 2416 5403 decemque
2455 5333 2598 5387 illius
2648 5332 2886 5399 formas,
2931 5334 3323 5387 arithmeticam
3348 5373 3363 5394 ,

1821 5429 2221 5499 geometricam,
2249 5427 2617 5480 harmoniam
2641 5465 2657 5490 ,
2690 5432 2806 5480 tum
2842 5426 2966 5480 huic
2995 5425 3319 5477 contrariam
3350 5465 3365 5489 ,

1824 5522 2061 5588 aliasque
2087 5529 2364 5589 praaterea,
2390 5531 2454 5569 ac
2492 5532 2828 5587 quaecunque
2875 5517 3089 5569 demum
3136 5515 3236 5569 hac
3277 5516 3364 5569 di-

1822 5615 2046 5680 sciplina
2080 5613 2460 5674 continentur;
2496 5610 2692 5665 deinde
2727 5626 2792 5665 ex
2829 5609 3045 5661 musicis
3071 5648 3084 5670 ,
3119 5609 3242 5677 quid
3297 5610 3366 5662 sit

1823 5682 1990 5756 sonus
2015 5744 2026 5758 .
2058 5717 2176 5766 quae
2199 5716 2453 5755 sonorum
2498 5701 2776 5756 intervalla
2819 5700 3323 5768 complcx'nucsque
3346 5741 3362 5764 ,
