4008 6352
604 441 734 507 1391

1861 443 2131 505 TlIEOD.
2179 443 2581 505 BA'LSAMON

3691 435 3803 499 lim

523 627 527 636 ’
591 558 722 627 quid
750 557 1028 610 bat-mania
1095 573 1213 626 quae
1245 571 1502 612 sonorum
1543 554 1930 628 appellationes
1958 597 1974 620 ,
2015 555 2148 625 quid

2256 558 2365 627 βίον
2397 556 2544 627 αὐτῷ
2576 553 2959 624 λυμανοῦνται.
2995 550 3054 602 Ei
3084 550 3144 603 δὲ
3175 549 3345 607 ταῦτα
3381 545 3538 609 εἰδὼς
3559 584 3575 608 ,
3609 545 3698 598 καὶ
3727 548 3802 614 ὁρ-

594 657 736 710 netc,
773 648 990 718 hypate,
1023 649 1422 720 parhypathm
1451 651 1795 719 signiﬁcent:
1848 649 2050 703 nullam
2076 649 2152 701 id-

595 741 743 791 circo
771 751 833 791 ex
866 755 925 790 ea
951 757 1007 791 re
1043 738 1160 792 ﬁdei
1198 750 1289 794 aut
1331 740 1614 811 probitatis
1644 742 1908 810 jactur-am
1933 741 2147 796 sentiet.

597 829 870 883 Verum'sl
900 831 997 882 hac
1019 831 1603 899 cognitimieimbutus,
1641 832 1996 883 instrumenta
2016 845 2150 898 quo-

593 933 698 985 que
735 933 953 970 musicae
981 921 1112 971 artis
1142 921 1421 982 adhibeat,
1478 921 1949 988 cantiunculisque
1995 919 2152 976 lasci-

594 1009 743 1061 viens
771 1010 1069 1062 oblectatur
1094 1028 1106 1062 :
1135 1009 1185 1063 id
1222 1013 1434 1065 demum
1462 1028 1488 1065 a
1515 1029 1758 1083 personae
1782 1013 1890 1067 Deo
1913 1020 2151 1067 sacrata:

594 1102 1112 1168 gravitate'ahenum
1147 1102 1327 1157 fuerit.
1358 1104 1414 1156 In
1463 1107 1755 1173 geometria
1807 1119 2044 1176 quoque,
2088 1105 2147 1158 -3i

596 1191 714 1256 quis
745 1191 932 1244 eodem
965 1192 1144 1257 modo,
1183 1194 1308 1260 quid
1347 1205 1606 1264 punctum
1641 1197 1714 1250 Sit
1741 1234 1757 1259 ,
1801 1195 1930 1263 quid
1967 1196 2106 1248 Iinca'
2131 1233 2148 1257 ,

594 1282 718 1348 quid
755 1283 1083 1350 superﬁcies,
1116 1285 1311 1352 quidve
1333 1288 1459 1340 item
1483 1288 1688 1357 ﬁgura;
1717 1297 1829 1341 ttttn
1863 1287 2147 1348 linearum,

597 1389 718 1439 qua:
745 1382 907 1437 recta,
943 1390 1061 1443 qua:
1089 1391 1254 1429 curva
1281 1416 1294 1439 ,
1323 1391 1440 1444 qua:
1471 1380 1690 1432 sinuOsa
1713 1417 1731 1443 ,
1757 1393 1876 1446 qnze
1897 1379 2146 1445 obliqua,

593 1479 714 1533 qua}
751 1467 1008 1531 roliinda;
1041 1460 1361 1535 anguloran
1398 1480 1654 1537 prieterea
1695 1470 1918 1538 quinam
1950 1470 2151 1523 rectili-

596 1557 704 1618 nci,
736 1557 826 1624 qui
858 1557 1285 1620 secus;initium
1311 1559 1732 1630 quoque'ﬁguree
1765 1561 1938 1628 planae
1966 1561 2151 1629 cujus-

597 1661 702 1713 que
718 1661 836 1698 esse
870 1647 1185 1711 trilaterum,
1212 1663 1452 1718 quasque
1487 1649 1540 1703 in
1565 1651 1776 1719 spocies
1801 1651 1850 1704 id
1879 1650 2151 1704 tribuatur

593 1739 963 1804 tributumque
990 1737 1179 1789 iterum
1211 1739 1508 1803 dividatur,
1532 1755 1595 1793 ac
1624 1740 1888 1812 circulum
1922 1741 2147 1811 ﬁguram

593 1840 714 1880 esse
768 1827 1020 1892 pinnam,
1072 1841 1298 1894 quaeque
1353 1845 1474 1883 eum
1536 1830 1994 1883 absolvatlineam
2024 1846 2146 1886 esse

2259 651 2408 718 γάνῳ
2435 651 2698 718 κέχρηται
2727 642 2994 715 μουσικῷ,
3017 643 3112 696 καὶ
3134 640 3291 693 τοῦτο
3319 639 3804 709 μεταχειριζόμενος

2257 744 2478 815 ᾄσματα
2507 740 2646 812 ᾅδει,
2677 737 2772 792 καὶ
2800 736 2977 808 χαίρει
3005 734 3214 792 τούτοις
3245 733 3528 801 ἡδόμενος,
3562 731 3713 783 τοῦτο
3741 732 3804 782 Ie-

2259 835 2519 904 ρωμένων
2543 831 2783 900 ἀνάξιον.
2811 831 2922 883 Καὶ
2946 828 3039 880 ἐπὶ
3061 827 3158 897 τῆς
3185 825 3527 894 γεωμετρίας
3554 825 3703 886 εἴτις
3725 820 3806 876 αὗ-

2256 928 2341 990 θις
2367 925 2624 993 γινώσκοι
2651 923 2704 976 τί
2736 921 2836 992 μὲν
2866 921 3088 990 σημεῖόν
3114 921 3252 982 ἐστι,
3280 917 3334 970 τί
3360 917 3419 968 δὲ
3447 916 3700 986 γραμμὴ,
3727 928 3807 979 καὶ

2255 1019 2306 1070 τί
2338 1016 2628 1085 ἐπιφάνεια
2649 1050 2663 1076 ,
2698 1014 2794 1065 καὶ
2826 1013 3014 1080 σχῆμα
3045 1010 3100 1062 δὲ
3132 1009 3184 1062 τί
3206 1049 3220 1070 ,
3257 1008 3353 1061 καὶ
3385 1009 3468 1069 τίς
3503 1006 3614 1058 τῶν
3648 1023 3801 1074 γραμ-

2259 1109 2374 1178 μῶν
2412 1107 2613 1169 εὐθεῖα,
2653 1105 2783 1158 ποία
2826 1103 2883 1156 δὲ
2929 1102 3215 1172 καμπύλη,
3255 1098 3349 1152 καὶ
3389 1098 3471 1159 τίς
3514 1097 3808 1170 ἑλικοειδὴς,

2256 1195 2338 1258 τίς
2384 1194 2442 1246 δὲ
2485 1193 2695 1257 σκολιὰ,
2735 1192 2829 1245 καὶ
2871 1193 3004 1244 ποία
3043 1189 3366 1259 περιφερὴς,
3408 1189 3503 1240 καὶ
3543 1188 3685 1248 τίνες
3722 1187 3810 1237 τῶν

2256 1287 2466 1354 γωνιῶν
2492 1281 2896 1354 εὐθύγραμμοι,
2926 1282 3070 1343 τίνες
3100 1280 3155 1332 δὲ
3185 1281 3245 1332 ού
3274 1278 3547 1338 τοιαῦται,
3577 1279 3655 1330 ὅτι
3685 1278 3808 1345 ἀρχὴ

2255 1376 2363 1428 τῶν
2391 1373 2663 1426 ἐπιπέδων
2691 1372 2985 1441 σχημάτων
3009 1369 3071 1422 τὸ
3095 1369 3438 1438 τρίπλευρον,
3466 1368 3565 1418 καὶ
3591 1368 3667 1427 εἰς
3693 1369 3811 1416 πόσα

2256 1465 2413 1520 τοῦτο
2446 1464 2735 1534 διῄρηται,
2770 1462 2867 1516 καὶ
2902 1459 3260 1530 ὐποδιῄρηται
3283 1497 3296 1520 ,
3335 1456 3428 1511 καὶ
3459 1459 3543 1509 ὅτι
3576 1457 3606 1507 6
3639 1454 3812 1515 κύκλος

2257 1557 2442 1627 σχῆμα
2475 1535 2765 1616 ἐπίπεδον,
2800 1552 2895 1605 καὶ¹
2925 1550 2960 1621 ἡ
2991 1550 3181 1603 τοῦτον
3229 1547 3572 1601 ἀποτελοῦσα
3605 1546 3810 1614 γραμμὴ

2256 1647 2610 1719 περιφέρεια,
2635 1646 2730 1700 καὶ
2751 1643 2805 1698 τί
2833 1643 2929 1714 μὲν
2955 1640 3199 1711 κέντρον,
3225 1640 3278 1692 τί
3303 1640 3360 1692 δὲ
3392 1640 3708 1708 διάμετρος,
3733 1637 3810 1689 καὶ

2255 1740 2337 1801 τίς
2356 1739 2396 1790 ’ό
2419 1736 2512 1790 τοῦ
2541 1736 2743 1803 κύκλου
2771 1733 2974 1804 τομεύς
2993 1749 3007 1762 ·
3039 1733 3068 1783 ό
3094 1732 3326 1803 γνώμων
3352 1731 3409 1783 δὲ
3432 1731 3540 1793 τίς,
3569 1733 3662 1783 καὶ
3685 1731 3810 1791 ὅπως

2254 1830 2282 1880 ό
2315 1828 2509 1901 κύκλος
2535 1823 2838 1896 ’σχημάτων
2871 1825 3022 1877 ἐστὶν
3056 1825 3309 1878 ἁπάντων
3347 1821 3486 1894 ἀρχὴ
3509 1863 3527 1887 ,
3563 1825 3658 1874 καὶ
3691 1841 3806 1875 παν-

595 1916 1108 1979 circuml’erentiam,
1134 1917 1260 1984 quid
1294 1932 1455 1985 porro
1483 1929 1726 1971 centrum
1750 1958 1767 1983 ,
1799 1918 1927 1988 quid
1945 1919 2150 1974 diame-

2256 1920 2474 1980 ταίτιος,
2518 1919 2612 1970 καὶ
2649 1915 2840 1978 τᾶλλα,
2883 1916 2973 1967 ἵνα
3018 1915 3094 1983 μὴ
3136 1914 3367 1967 ἕκαστον
3410 1912 3808 1981 καταλέγωμεν-

599 2019 698 2066 ter,
730 2008 859 2075 quid
885 2016 1061 2060 sector
1084 2008 1296 2071 circuli,
1329 2009 1457 2076 quid
1482 2010 1764 2074 gnomonis
1814 2001 2029 2064 nomine
2067 2011 2148 2064 in-

587 2098 973 2165 telligendum;
1030 2108 1301 2166 postremo
1347 2099 1611 2152 circulum
1673 2115 1792 2155 esse
1852 2101 2146 2172 ﬁgurarum

600 2192 837 2240 omnium
864 2189 1070 2239 initium
1099 2226 1114 2250 ,
1148 2196 1200 2241 et
1231 2203 1449 2242 causam
1479 2229 1493 2254 ,
1527 2191 1632 2243 alia
1674 2191 1906 2261 denique
1931 2234 1946 2256 ,
1981 2209 2047 2248 ne
2094 2194 2146 2248 in

555 2283 557 2286 '
599 2279 822 2345 singulis
846 2279 1223 2345 percensendis
1254 2280 1456 2334 diutius
1488 2281 1837 2335 immorentur
1860 2323 1876 2350 ,
1922 2285 1994 2337 sit
2022 2286 2148 2338 edo-

598 2380 738 2421 ctus.
765 2369 899 2422 Tum
933 2371 984 2422 in
1020 2371 1347 2424 astronomia
1370 2411 1384 2433 ,
1439 2355 1493 2424 si
1521 2373 1648 2440 quid
1715 2374 1921 2442 sphrera
1945 2415 1960 2440 ,
2021 2376 2149 2444 quid

600 2472 836 2516 centrum
870 2461 1006 2529 eius.
1046 2476 1252 2525 ncesse
1277 2471 1518 2516 centrum
1552 2466 1714 2518 veluti
1761 2474 1958 2520 terram
2007 2470 2149 2530 C(BIp

599 2562 999 2621 cotnparatam;
1034 2552 1075 2603 si
1105 2552 1231 2617 quid
1265 2551 1546 2614 diameter,
1575 2563 1626 2605 ct
1658 2557 1876 2622 quando
1926 2558 2043 2611 axis
2067 2559 2148 2610 di-

599 2653 786 2706 catur;
825 2644 866 2694 si
894 2658 994 2710 qua
1026 2643 1232 2694 ratione
1261 2642 1309 2692 in
1333 2643 1538 2708 spliwra
1566 2645 1818 2697 zodiacus
1851 2645 2050 2711 jaceat,
2078 2647 2147 2699 illi

599 2735 1008 2795 cuncentricus;
1040 2733 1085 2788 si
1118 2732 1258 2784 unde
1290 2733 1622 2798 planetarum
1685 2747 1887 2799 motus,
1913 2746 1971 2788 ut
2000 2739 2150 2791 vidc-

601 2838 689 2876 tur
726 2826 997 2890 inaequalis
1030 2824 1770 2892 etreciprocns,_.c:eteraque
1827 2826 1911 2878 his
1962 2841 2150 2880 conse-

600 2917 819 2986 quentia
851 2914 991 2968 liaud
1027 2914 1231 2983 ignoret
1267 2928 1278 2963 :
1316 2914 1482 2967 nihilo
1512 2928 1762 2982 prmterea
1817 2920 1997 2972 minus
2021 2933 2151 2974 con-

601 3014 803 3059 stanter
825 3019 950 3073 erga
978 3004 1096 3056 ﬁdei
1128 3004 1379 3071 mysteria
1425 3003 1695 3058 hominem
1741 3004 1988 3060 aﬂectum
2029 3023 2152 3062 esse

602 3097 894 3160 putandum
925 3102 1025 3147 est.
1055 3091 1108 3145 Si
1145 3094 1266 3161 quis
1294 3108 1419 3146 vero
1450 3096 1559 3147 lucc
1595 3095 1666 3148 ita
1695 3096 1903 3154 didicit.
1931 3106 1988 3150 ut
2013 3099 2066 3150 in
2086 3114 2150 3154 eo

605 3185 901 3254 disciplina:
934 3198 1128 3248 genere
1153 3184 1313 3237 nimis
1338 3186 1552 3238 curiose
1573 3186 1646 3239 sit
1673 3195 1941 3258 versatus,
1974 3203 2038 3244 ac
2079 3190 2150 3244 si-

2256 2013 2363 2063 Καὶ
2393 2011 2484 2062 ἐπὶ
2521 2013 2618 2079 τῆς
2661 2007 3032 2084 ἀστρονομίας.
3057 2007 3111 2059 εἴ
3145 2025 3230 2070 τις
3273 2006 3436 2075 εἰδείη
3473 2006 3525 2057 τί
3579 2007 3676 2075 μέν
3715 2008 3811 2056 ἐστι

2257 2101 2482 2168 σφαῖρα,
2507 2097 2558 2149 τί
2587 2097 2644 2149 δὲ
2673 2097 2894 2166 κέντρον
2917 2096 3108 2164 αὐτῆς,
3133 2096 3225 2147 καὶ
3255 2095 3337 2146 ὅτι
3366 2095 3619 2164 κέντρον,
3647 2094 3810 2166 ὥσπερ

2245 2190 2288 2258 ’ὴ
2331 2193 2398 2256 γῆ
2443 2189 2578 2257 πρὸς
2612 2188 2700 2239 τὸν
2741 2188 3001 2256 οὐρανὸν,
3043 2186 3139 2239 καὶ
3176 2186 3258 2249 τίς
3294 2189 3326 2256 ὴ
3368 2186 3691 2256 διάμετρος,
3730 2183 3809 2238 καὶ

2254 2283 2385 2333 πότε
2411 2279 2554 2343 ἄξων
2577 2279 2793 2346 λέγεται
2820 2277 2984 2350 αὕτη,
3009 2277 3102 2332 καὶ
3123 2277 3272 2340 ὅπως
3297 2277 3432 2347 πρὸς
3457 2278 3558 2348 τὴν
3587 2279 3804 2349 σφαῖραν

2252 2375 2281 2425 ὁ
2321 2371 2581 2435 ζωδιακδς
2626 2373 2798 2424 κεῖται
2841 2370 3068 2433 κύκλος,
3107 2369 3438 2438 ὁμόκεντρος
3470 2370 3679 2439 ταύτης
3718 2359 3805 2426 ὢν.

2256 2465 2350 2516 καὶ
2380 2463 2499 2515 ὅθεν
2529 2464 2560 2530 ἡ
2587 2461 2818 2513 δοκοῦσα
2843 2462 2952 2512 τῶν
2983 2460 3270 2529 πλανήτων
3296 2457 3586 2530 ἀνώμαλος
3619 2459 3809 2527 γίνεται

2255 2555 2350 2606 καὶ
2394 2553 2798 2621 παλινόρμητος
2843 2552 3075 2619 κίνησις,
3119 2550 3215 2616 καὶ
3252 2549 3581 2614 τᾶλλα,-ὅσα
3618 2551 3808 2610 τούτοις

2225 2643 2229 2646 ”
2257 2644 2599 2712 παρέπεται,
2627 2644 2780 2694 οὐδὲν
2812 2643 2879 2706 ἂν
2909 2645 2988 2704 είς
3015 2642 3074 2694 τὸ
3106 2642 3204 2710 τῆς
3240 2642 3476 2703 πίστεως
3507 2641 3807 2711 λυμανεῖται

2261 2734 2581 2802 μυστήριον.
2614 2733 2673 2784 El
2703 2732 2760 2783 δέ
2789 2749 2872 2794 τις
2896 2732 3073 2786 ταῦτα
3104 2731 3258 2794 είδὼς
3288 2733 3710 2803 περιεργότερον
3734 2732 3807 2783 κέ-

2257 2806 2455 2890 χρηται
2490 2820 2568 2889 τῷ
2603 2820 2909 2889 μαθήματι,
2944 2821 3038 2874 καὶ
3071 2822 3190 2883 ταῖς
3221 2820 3331 2872 τῶν
3363 2821 3635 2890 οὐρανίων
3672 2821 3805 2889 κινή-

2257 2929 2377 2964 σεσι
2407 2911 2913 2981 συμπεριφέρεσθαι
2945 2913 3314 2965 πιστεύωνιτά
3343 2913 3614 2983 ἡμέτερα,
3646 2913 3806 2981 ἵστησί

2256 3019 2315 3053 τε
2351 3004 2417 3053 τά
2456 3005 2675 3071 κεντρα,
2711 3004 2804 3054 καὶ
2836 3003 2932 3063 τὰς
2973 3001 3249 3071 ἀναφορᾶς
3281 3018 3340 3053 τε
3379 2988 3477 3054 καί
3512 3003 3806 3060 ἀνακλίσεις

2257 3093 2350 3145 τοῦ
2397 3093 2672 3164 ζωοφόρου
2720 3094 2917 3147 κύκλου
2969 3094 3394 3162 καταμανθάνοι,
3439 3095 3805 3153 οἰκοδεσπότας

2254 3201 2315 3236 τε
2346 3185 2440 3238 καὶ
2467 3187 2663 3248 τόπους
2690 3185 3004 3255 σχημάτων,
3030 3189 3122 3237 καὶ
3151 3186 3272 3252 ὅρια
3304 3185 3404 3237 ὅσα
3431 3185 3639 3237 τούτων
3667 3187 3805 3252 ἀμεί-

605 3277 713 3328 tnul
749 3290 870 3327 cuin
907 3272 1028 3324 cceli
1063 3272 1292 3324 motibus
1335 3282 1516 3324 nostra
1557 3286 1770 3342 quoque
1815 3275 2151 3331 circumferri

2256 3294 2330 3329 νω
2348 3314 2363 3340 ,
2396 3279 2490 3328 καὶ
2519 3278 2620 3328 ὅσα
2652 3261 2869 3344 χείρονα
2893 3314 2910 3340 ,
2939 3277 3029 3328 καί
3059 3292 3180 3328 τινα
3209 3277 3315 3327 τῶν
3346 3260 3805 3352 ὲσομὲνωνῐιοῖεται

602 3362 940 3420 existimans,
974 3372 1083 3410 tum
1107 3368 1287 3412 centra
1325 3359 1571 3426 collocat,
1602 3367 1714 3413 tum
1737 3362 1976 3431 signiferi
2001 3365 2152 3418 orbis

605 3466 881 3514 ascensus,
910 3464 974 3504 ac
998 3450 1339 3517 delapsiones
1370 3459 1540 3513 notat,
1572 3450 1940 3521 domiciliique
1967 3454 2161 3522 μηθείς

605 3546 719 3605 des,
742 3553 795 3593 et
824 3541 1110 3608 ﬁgurarum
1137 3541 1274 3601 lOCa,
1315 3549 1366 3616 et
1396 3539 1675 3592 stellarum
1726 3544 1982 3596 terminos
2025 3557 2155 3597 con-

607 3632 766 3706 Ii/luit,
797 3645 1020 3696 quaeque
1045 3646 1107 3682 ex
1143 3631 1223 3683 bis
1244 3629 1394 3691 boni,
1419 3644 1603 3697 qtneye
1625 3633 1743 3684 mali
1769 3622 1967 3687 ominis
2018 3635 2148 3697 sint,

2263 3366 2661 3437 προγινώσκειν
2690 3369 2753 3419 ὲκ
2778 3366 2980 3420 τούτων
3009 3366 3102 3419 καὶ
3132 3365 3635 3438 προμαντεύεσθαι,
3663 3365 3733 3426 ὡς
3758 3365 3807 3427 ἐξ

2260 3457 2504 3526 ἀνάγκης
2534 3457 2968 3527 συμὸησομὲνων
2991 3459 3080 3510 διὰ
3108 3459 3204 3526 τὴν
3231 3457 3450 3510 τοιάνδε
3469 3457 3687 3526 κίνησιν
3712 3455 3804 3507 τῶν

2260 3548 2498 3615 ἄστρων,
2526 3548 2684 3599 τοῦτό
2713 3552 2858 3599 ἐστιν
2883 3548 3267 3618 ἀποτρόπαιον,
3295 3548 3392 3601 καὶ
3415 3547 3577 3601 τοῦτο
3600 3551 3667 3619 τῇ
3697 3564 3806 3601 συν-

2260 3635 2363 3705 όδῳ
2393 3635 2571 3698 καλῶς
2604 3637 2998 3705 ἀπηγόρευται.

607 3738 788 3786 nOsse,
845 3733 1008 3788 seQue
1039 3734 1130 3788 per
1179 3735 1242 3774 ea
1275 3735 1394 3788 quae
1442 3725 1631 3779 didicit
1665 3731 1892 3776 eventus
1922 3724 2154 3791 aliquos,
2190 3732 2446 3795 tanquam
2469 3742 2535 3780 ex
2558 3728 2650 3781 illo
2677 3737 2947 3783 astrorum
3014 3735 3168 3781 motu
3229 3729 3540 3784 necessario
3602 3731 3804 3784 futuros

603 3813 921 3885 praesentire
946 3826 1008 3865 ac
1059 3812 1301 3872 divinare
1357 3811 1858 3883 posse'arbitretur
1889 3831 1902 3866 :
1935 3813 1987 3868 id
2044 3801 2195 3879 vero,
2230 3818 2620 3871 exsecrandqu
2645 3819 2826 3873 scelus
2849 3827 2952 3882 est,
2984 3832 3046 3872 ac
3081 3834 3111 3872 a
3145 3819 3375 3890 synodo,
3399 3835 3466 3874 ne
3489 3823 3618 3890 quis
3677 3822 3801 3890 ejus-

611 3905 753 3959 modi
786 3905 974 3958 studiis
1004 3917 1174 3969 vacet,
1197 3906 1321 3973 jure
1345 3919 1550 3976 Oplltllo
1572 3908 1955 3963 constitutum.

609 4017 1026 4088 A71'ARIST.
1075 4033 1091 4064 ι
1130 4014 1232 4078 Qui
1277 4017 1642 4072 Sacerdotium
1698 4022 1999 4089 proﬁtetur,
2051 4037 2158 4074 non

694 4131 709 4159 ς
749 4113 848 4161 erit
896 4125 1100 4176 magus,
1137 4109 1216 4161 vel
1251 4110 1577 4177 ineant-ator,
1612 4114 1692 4166 vel
1723 4115 2158 4176 mathematicus,

686 4224 702 4248 ι
743 4203 822 4252 vel
867 4203 1191 4267 astroIOgus,
1238 4203 1318 4254 vel
1363 4215 1427 4254 ex
1477 4204 1544 4255 iis
1584 4205 1676 4270 qui
1731 4206 1964 4257 antuleta
2005 4208 2163 4259 collis

691 4309 706 4337 ι
743 4294 1074 4357 appendunt.
1116 4309 1132 4338 ι

694 4403 748 4454 Si
803 4403 952 4454 enim
1012 4402 1440 4469 deprehendatur
1493 4408 1755 4474 quispiam
1815 4409 2008 4461 malam
2061 4411 2161 4462 bu-

617 4492 849 4558 iusmodi
884 4503 1052 4546 artem
1085 4499 1412 4562 consectari,
1449 4495 1692 4550 Ecclesia
1729 4499 1967 4567 eiicitur.

1114 4708 1344 4763 CANON
1390 4709 1629 4764 XXXVII

624 4839 642 4870 ι
681 4817 830 4882 Quod
872 4836 975 4870 non
1027 4830 1260 4886 oportet,
1293 4838 1411 4891 qua:
1463 4838 1489 4873 a
1526 4824 1725 4878 ludatis
1773 4825 1853 4878 vel
1887 4827 2155 4879 luereticis

691 4927 709 4959 ι
747 4911 1031 4962 mittuntur
1061 4910 1247 4964 festiva
1280 4914 1548 4982 accipere,
1587 4932 1764 4983 neque
1794 4933 1897 4969 una
1927 4932 2051 4970 cum
2082 4919 2161 4972 eis
2189 4894 2240 4953 Β

695 5017 712 5048 ‹
744 4997 941 5051 festum
966 5016 1162 5067 agere:
1181 5017 1201 5050 ›

1099 5089 1322 5144 υΑΝοΝ
1379 5093 1661 5148 XXXVIII.

704 5200 722 5231 ι
756 5179 910 5244 Quod
954 5194 1060 5233 non
1105 5190 1322 5251 oportet
1364 5199 1392 5235 a
1422 5185 1622 5240 Iudaeis
1664 5201 1846 5256 azyma
1890 5191 2158 5258 accipere,

763 5293 780 5323 ι
818 5272 903 5327 vel
930 5285 1118 5326 eorum
1143 5275 1504 5343 impietatibus
1535 5280 1955 5346 communicare.

1139 5364 1364 5426 ΟΑΝΟΝ
1408 5365 1647 5422 XXXIX.

635 5470 650 5501 ι
687 5451 836 5514 Quod
861 5467 968 5506 non
996 5461 1211 5522 oportet
1244 5469 1362 5509 cum
1393 5457 1643 5524 gentibus
1671 5460 1867 5512 festum
1903 5474 2083 5529 agere,
2103 5467 2156 5513 et

871 5563 887 5594 ι
926 5560 1107 5598 eorum
1146 5544 1410 5618 impietati
1448 5550 1868 5604 communicare.
1901 5568 1919 5599 ι

707 5631 1068 5712 BALS.'_Lege
1114 5647 1422 5690 sanctorum
1481 5640 1842 5712 apostolorum
1895 5654 2154 5694 canonem

629 5726 692 5778 70
737 5733 788 5776 et
836 5710 940 5786 7i,
987 5735 1041 5778 et
1067 5710 1532 5796 Carthagini-usis
1558 5733 1745 5799 synodi
1781 5746 2035 5785 canonem
2063 5733 2150 5785 60.

698 5813 943 5868 ZONAR.
984 5814 1059 5869 Ne
1106 5816 1273 5872 festos
1317 5819 1430 5873 dics
1473 5835 1589 5871 cum
1615 5820 1821 5877 Judaeis
1858 5823 2150 5885 celebrare,

2261 4022 2478 4075 ΑΡΙΣΤ.
2514 4039 2531 4072 ι
2563 4021 2677 4075 Οὐκ
2703 4022 2853 4075 ἔσται
2887 4024 3080 4092 μάγος,
3112 4025 3142 4093 ἥ
3180 4024 3453 4088 ὲπαοιδδς,
3486 4026 3517 4095 ἢ
3546 4031 3796 4098 μαθημα-

2337 4132 2354 4163 ι
2386 4114 2534 4174 τικὸς
2558 4113 2640 4197 ,κῆ
2668 4114 3010 4184 ἀστρολόγος,
3038 4115 3071 4185 ἢ
3107 4117 3453 4195 περιάπτηςη,
3483 4120 3512 4170 ό
3541 4120 3801 4190 ἱερατείαν

2337 4222 2358 4253 ‹
2391 4198 2875 4272 ἐπαγγειλάμενος.

2335 4407 2396 4457 EI
2426 4407 2532 4473 γὰρ
2562 4406 2755 4476 εὑρεθῇ
2787 4423 2868 4468 τις
2908 4409 3017 4460 τῶν
3065 4409 3373 4478 ἱερωμένων
3405 4411 3666 4481 τοιαύτην
3691 4413 3797 4464 τινὰ

2263 4498 2616 4564 κακοτεχνίαν
2653 4497 3051 4568 ’μετερχόμενος
3072 4542 3086 4567 ,
3117 4502 3216 4569 τῆς
3261 4503 3591 4572 Ἐκκλησίας
3619 4503 3798 4557 ὲκὸἀλ-

2264 4587 2434 4641 λεται.

2828 4726 3066 4779 ΚΑΝΩΝ
3091 4727 3210 4783 ΛΖ’.

2269 4856 2286 4888 ι
2319 4838 2440 4887 Ὀτι
2472 4837 2529 4886 οὐ
2557 4836 2636 4886 δεῖ
2664 4834 2810 4902 παρά
2857 4835 2961 4888 τῶν
2991 4836 3264 4890 Ἰουδαίων
3311 4840 3342 4908 ἢ
3397 4841 3690 4910 αἱρετικῶν
3736 4843 3792 4894 τὰ

2339 4944 2356 4975 ι
2398 4927 2723 4992 πεμπόμενι
2767 4925 3087 4994 ἑορταστικά
3131 4928 3464 4996 λαμϐάνειν,
3522 4932 3654 5001 μηδὲ
3686 4951 3793 4985 συν-

2335 5033 2350 5063 ι
2393 5015 2672 5083 εορτάζειν
2697 5014 2905 5077 αὐτοῖς.
2946 5034 2964 5067 ι

2825 5107 3062 5159 ΚΑΝΩΝ
3094 5108 3227 5164 AH’.

2263 5211 2280 5243 ι
2316 5193 2440 5245 Ὅτι
2469 5195 2528 5246 οὐ
2557 5196 2634 5246 δεῖ
2664 5197 2812 5268 παρά
2835 5199 3225 5252 τῶνΊουδαίων
3255 5201 3443 5269 ἀξυμα
3472 5203 3779 5275 λαμσάνειν,

2479 5299 2495 5331 ι
2532 5283 2563 5351 ἢ
2598 5289 2869 5337 κοινωνεῖν
2896 5288 3014 5347 ταῖς
3043 5284 3317 5352 ἀσεϐείαις
3339 5292 3539 5349 αὐτῶν.
3567 5316 3585 5346 ι

2817 5377 3053 5429 ΚΔΝΩΝ
3083 5381 3207 5433 ΛΘί.

2266 5480 2285 5513 ι
2320 5462 2443 5515 Ὀτι
2471 5465 2530 5515 οὐ
2573 5466 2653 5517 δεῖ
2693 5467 2802 5528 τοῖς
2833 5468 3008 5520 ἔθνεσι
3051 5471 3452 5539 συνεορτάζειν,
3491 5477 3584 5534 καὶ
3610 5494 3784 5530 κοινω-

2629 5573 2645 5604 ι
2678 5558 2786 5605 νεῖν
2819 5560 2883 5624 τῇ
2910 5556 3155 5627 ἀθεότητι
3181 5562 3381 5614 αὐτῶν.
3403 5580 3436 5612 ς»

2330 5641 2529 5695 ΒΑΛΣ.
2571 5643 2904 5710 ’Λνάγνωαον
2949 5647 3055 5699 τῶν
3117 5650 3286 5715 ἁγίων
3337 5653 3644 5712 ἀποστόλων
3693 5673 3781 5708 κα-

2260 5733 2382 5784 νόνα
2407 5732 2446 5783 o'
2477 5737 2568 5784 καὶ
2601 5733 2698 5798 οα’,
2724 5737 2814 5786 καὶ
2843 5735 2939 5803 τῆς
2962 5738 3019 5788 ὲν
3048 5738 3375 5814 Καρθαγένῃ
3404 5748 3601 5799 κανόνα
3631 5746 3688 5811 ξ’.

2330 5823 2567 5875 ΖΩΝΛΡ.
2612 5827 2670 5876 '0
2706 5826 3096 5895 ὲῦδομηκοστὸς
3143 5830 3322 5884 κανὼν
3366 5838 3460 5889 καὶ
3503 5840 3531 5883 ὁ
3573 5835 3650 5890 (ια’
3685 5835 3776 5887 τῶν
