4008 6352
651 401 783 462 1415

1899 404 2173 461 ΤΗΕυυ.
2208 405 2601 464 ΒΑιδΑΜυΝ

3732 402 3848 466 1416

642 522 870 566 troeaut.
905 511 1060 577 Quod
1094 511 1139 567 si
1197 510 1318 580 quis
1381 509 1744 567 inﬁrmitatem
1800 514 2056 578 obtendat
2111 513 2190 566 vel

2298 517 2436 584 μετὰ
2462 517 2556 570 τοῦ
2585 521 2905 573 ἐπισκόπου.
2966 520 3054 580 Ὠς
3085 520 3141 572 δέ
3193 536 3334 580 τινος
3366 515 3688 589 ἀρρωστίαν
3733 534 3846 582 προ-

640 603 872 674 episcopi
911 602 1393 672 peregrinationem
1433 617 1447 653 :
1481 598 1728 656 dixerunt
1773 601 2037 670 ejusmodi
2066 616 2194 656 can-

640 713 728 750 sas
753 711 872 750 esse
886 696 1083 763 justas,
1109 702 1163 748 et
1212 692 1509 748 sacerdotis
1565 693 1619 747 in
1673 693 1898 747 chorum
1958 693 2192 764 priorem

639 791 927 840 adventum
962 801 1066 838 non
1104 784 1422 852 impediunt.

707 875 1281 958 ZONAR.AS‘ummam
1341 890 1372 928 a
1427 874 1565 929 sacri
1624 873 1831 929 ordinis
1886 873 2196 929 hominibus

641 972 913 1024 modestia:
945 953 1210 1022 rationem
1242 968 1429 1021 haberi
1463 966 1692 1020 maxime
1740 968 1912 1020 decet.
1961 964 2193 1036 Presby-

643 1082 784 1124 teros
817 1083 996 1136 porro,
1023 1081 1131 1135 quo
1163 1076 1403 1134 tempore
1450 1065 1733 1133 episcopus
1778 1066 1841 1115 ad
1898 1062 2067 1136 altare
2105 1079 2194 1116 ac-

639 1178 887 1217 cessurus
922 1170 1001 1214 est
1031 1201 1046 1218 .
1091 1169 1216 1212 ante
1245 1159 1390 1212 illum
1421 1159 1624 1226 ingredi
1664 1157 1848 1226 ibique.
1885 1133 2070 1211 sedere
2097 1161 2196 1220 ,‘ct

641 1258 788 1308 illum
811 1255 982 1308 solum
1018 1252 1353 1320 relinquere,
1408 1261 1492 1304 aut
1545 1249 1700 1319 paulo
1753 1259 1870 1315 post
1918 1249 2192 1303 introitum

642 1347 816 1399 facere
843 1386 860 1408 ,
901 1342 1212 1410 petulantiae
1248 1341 1503 1409 quiddam
1556 1340 1863 1408 summique
1911 1323 2190 1405 saéerdotii

642 1445 1008 1505 contemptum
1042 1433 1298 1487 ostendit.
1339 1433 1394 1486 Id
1418 1447 1545 1501 ergo
1596 1434 1769 1485 canori
1837 1430 1950 1484 ﬁeri
2005 1438 2189 1482 vetat:

640 1545 758 1582 cum
788 1529 1038 1597 episcopo
1071 1541 1197 1579 vero
1229 1524 1391 1579 simul
1431 1524 1632 1594 ingredi
1687 1523 1993 1577 sacerdotes
2020 1565 2032 1585 ,
2088 1521 2192 1574 nisi

640 1622 758 1690 quis
786 1620 923 1675 forte
957 1619 1274 1688 intemperie
1310 1657 1324 1680 ,
1359 1617 1458 1670 hoc
1516 1626 1619 1678 eSt,
1657 1615 1971 1685 aegritudine
2017 1613 2191 1680 aliqua

640 1726 908 1776 teneatur,
966 1725 1140 1778 neque
1199 1709 1497 1776 longiorem
1557 1707 1734 1760 standi
1786 1721 1990 1759 moram
2054 1704 2193 1757 ferre

637 1814 816 1873 queat,
853 1806 1113 1859 decernit.
1165 1799 1317 1866 Quod
1353 1799 1397 1852 si
1429 1799 1591 1851 etiam
1655 1811 1875 1866 peregre
1923 1796 2192 1865 prolectus

2295 605 2618 674 ϐαλλομένου
2664 609 2696 676 ἢ
2745 611 3052 681 ἀποδημίαν
3080 611 3173 663 τοῦ
3216 611 3537 672 ἐπισκόπου,
3590 605 3748 659 εἷπον
3792 608 3848 659 τὰ

2292 699 2514 756 τοιαῦτα
2532 703 2678 755 αἴτια
2724 701 2918 772 εὔλογα
2947 693 3104 768 εἶναι,
3147 682 3244 754 καὶ.
3267 705 3366 770 τήν
3396 699 3630 770 πρόοδον
3660 698 3757 768 τὴν
3779 703 3847 759 εἰς

2293 791 2354 842 τὸ
2380 790 2528 860 βῆμα
2552 793 2646 845 τοῦ
2694 795 2880 862 ἱερέως
2919 794 3016 847 ούκ
3045 793 3440 862 ἐμποδίζουσιν.

2364 885 2606 942 ΖΩΝΑΡ.
2639 888 2823 940 Πᾶςαν
2867 885 3116 950 εὐταξίαν
3170 889 3228 938 ὲν
3280 888 3388 946 τοῖς
3425 882 3747 953 ἱερωμένοις
3780 883 3848 932 δεῖ

2294 975 2690 1030 πολιτεύεσθαι.
2732 978 2802 1029 Τὸ
2828 957 2907 1036 δὲ,
2940 977 3034 1030 τοῦ
3065 976 3362 1031 ἐπισκόπου
3397 976 3694 1044 μέλλοντος
3721 976 3847 1024 εἰσιν⁹

2294 1067 2467 1119 δεύειν
2531 1071 2609 1144 εὶς
2653 1070 2712 1120 τὸ
2775 1070 3194 1138 θυσιαστήριον,
3257 1068 3379 1129 τοὺς
3445 1064 3844 1136 πρεσϐυτέρους

2295 1161 2739 1231 πωειόέρχεσθαι
2796 1160 2895 1218 καὶ
2923 1159 3188 1227 καθῆσθαι
3233 1159 3366 1226 ἐκεῖ,
3412 1157 3674 1208 κάκεῖνον
3700 1154 3845 1221 μόνον

2292 1253 2462 1323 ὲᾷν,ἦ
2502 1253 2620 1321 μετ’
2642 1243 2824 1318 ’ὀλίγον
2851 1251 2948 1319 τὴν
2978 1249 3178 1302 εἴσοδον
3211 1252 3384 1301 ποιεῖν
3407 1289 3421 1308 .
3453 1245 3691 1308 ἀταξίας
3718 1242 3840 1302 ἐστὶ,

2294 1346 2385 1399 καὶ
2419 1348 2497 1409 εἰς
2555 1345 2953 1413 καταφρόνησιν
2988 1331 3092 1394 τοῦ
3135 1340 3461 1411 ἀρχιερέως.
3498 1339 3596 1389 Διὸ
3660 1334 3843 1388 κωλύει

2291 1439 2446 1490 τοῦτο
2499 1440 2526 1490 ὁ
2556 1436 2770 1489 κανώνο
2824 1435 3150 1490 συνεισιέναι
3181 1435 3237 1487 δὲ
3280 1434 3366 1501 ’τῷ
3410 1432 3706 1497 ὲπισκὸπῳ
3736 1428 3844 1489 τοὺς

2295 1529 2455 1595 ἱερεῖς
2475 1528 2784 1597 διορίζεται,
2808 1515 2854 1579 εἶ
2887 1528 2960 1597 μή
2986 1526 3086 1579 πού
3107 1543 3188 1588 τις
3212 1525 3507 1593 ἀνωμάλως
3529 1525 3672 1592 ἔχει,
3695 1523 3845 1589 ήγουν

2293 1618 2660 1689 νοσηλεύεται,
2684 1619 2775 1671 καὶ
2799 1619 2857 1670 οὐ
2885 1618 3106 1670 δύναται
3141 1616 3232 1669 ἐπὶ
3264 1616 3398 1670 πολὺ
3431 1613 3717 1667 ἵστασθαι.
3750 1611 3845 1663 Καὶ

2291 1711 2378 1764 ὅτε
2408 1711 2462 1762 δὲ
2498 1711 2765 1780 ἀποδημεῖ
2808 1713 2834 1762 ό
2856 1710 3165 1784 ἀρχιερεὺς,
3194 1709 3291 1760 ούκ
3327 1709 3405 1769 εἰς
3442 1704 3846 1773 καταφρόνησιν

2292 1801 2455 1856 αὑτοῦ
2493 1802 2700 1869 γίνεται
2728 1801 2786 1854 τό
2815 1818 2966 1863 τινας
2996 1799 3105 1852 τῶν
3139 1799 3437 1870 ἀρχιερέων
3463 1799 3602 1860 ἴσως
3637 1809 3848 1866 προεισ-

638 1899 798 1951 [υει-ἰι
832 1898 1077 1958 antistes,
1121 1892 1367 1963 quamvis
1393 1890 1480 1944 alii
1537 1889 1668 1943 alios
1695 1889 1714 1952 ,'
1749 1886 1874 1941 dum
1917 1888 1981 1940 ad
2029 1885 2194 1938 altare

2294 1893 2468 1947 ελθεῑν
2495 1894 2601 1946 τῶν
2620 1892 2799 1947 ἄλλων
2825 1893 2904 1956 εἰς
2929 1892 2988 1946 τὸ
3017 1892 3423 1960 θυσιαστήριον.

640 1981 1036 2056 ingrediuntur,
1072 1991 1432 2043 antevertant,
1463 1978 1606 2034 nulla
1645 1991 1712 2031 ex
1737 1992 1801 2030 eo
1835 1990 2045 2031 sunnno
2103 1988 2193 2029 sa-

642 2081 850 2136 cerd0ti
887 2080 1131 2147 irrogata
1158 2075 1351 2144 injuria
1377 2069 1793 2126 existimabitur.

639 2172 864 2229 ARIST.
903 2190 921 2223 ι
966 2170 1253 2239 Presbyter
1303 2163 1538 2220 tribunal
1590 2169 1717 2217 ante
1769 2160 2075 2230 episcopum
2127 2171 2195 2212 ne

724 2285 742 2317 ι
786 2263 1135 2334 ingrediatur,
1168 2272 1343 2324 neque
1366 2257 1574 2310 sedeat.
1613 2272 1631 2304 ο

718 2359 984 2426 Episcopo
1012 2361 1280 2424 praesente
1311 2356 1364 2403 et
1393 2347 1733 2412 ministrante
1786 2351 1910 2397 ante
1955 2341 2070 2411 ejus
2113 2340 2197 2393 in-

644 2453 862 2504 troitntu
896 2448 1175 2516 presbyter
1210 2442 1443 2497 tribunal
1479 2455 1583 2494 non
1615 2437 1980 2507 ingredietur,
2007 2442 2062 2488 et
2105 2447 2193 2486 se-

640 2544 805 2598 debit.
844 2540 956 2594 l‘loc
1005 2539 1148 2593 enim
1197 2544 1279 2590 est
1329 2533 1533 2589 ordinis
1583 2528 1924 2588 conturbatio
1970 2539 2026 2581 et
2067 2539 2196 2580 con-

642 2637 798 2691 fusio.

1194 2714 1422 2772 CANON
1480 2711 1636 2766 LVII.

646 2835 664 2867 ι
707 2814 856 2881 Q‘uod
888 2827 994 2866 non
1025 2817 1238 2878 oportet
1269 2809 1318 2859 in
1347 2806 1478 2858 vicis
1531 2813 1583 2856 et
1634 2799 1943 2870 regionibus
1991 2797 2196 2869 episco-

717 2925 736 2958 ι
772 2922 866 2976 pos
911 2903 1184 2966 constitui,
1218 2902 1310 2954 sed
1344 2897 1657 2953 circuitores
1693 2914 1703 2947 :
1734 2909 1828 2948 eos
1851 2904 2027 2946 autem
2061 2931 2076 2955 ,
2099 2890 2192 2959 qni

720 3019 737 3051 ι
781 2999 930 3067 prius
952 2995 1224 3050 constituti
1258 2992 1492 3053 fuerunt,
1523 2973 1652 3042 nihil
1689 3003 1848 3053 agere
1903 2986 2019 3038 sine
2068 3000 2198 3038 cou-

723 3108 741 3140 ι
775 3101 935 3142 sensu
986 3082 1223 3150 episcopi
1283 3079 1540 3135 civitatis.
1597 3077 1859 3130 Similiter
1921 3084 2097 3128 autem
2142 3085 2196 3126 et

717 3193 735 3226 ι
778 3172 1118 3242 presbyteros
1190 3166 1320 3221 nihil
1371 3180 1529 3236 agere
1601 3164 1715 3217 sine
1771 3177 2028 3215 consensu
2084 3161 2264 3244 ονε-α

717 3281 735 3312 ι
776 3276 948 3329 scopi.
984 3277 1001 3310 ι

713 3352 907 3406 BALS.
935 3352 1037 3408 Alii
1075 3350 1292 3421 quidem
1327 3363 1562 3404 canones
1615 3349 1665 3402 in
1699 3349 1832 3404 vicis
1881 3358 1934 3403 et
1965 3343 2193 3413 regioni-

645 3450 745 3501 bus
801 3444 1214 3513 chorepiscopos
1290 3451 1343 3496 et
1393 3442 1732 3512 presbyteros
1789 3437 2193 3496 constituendos

642 3539 965 3592 deﬁnierunt
1001 3552 1016 3588 :
1050 3549 1282 3603 praesens
1308 3545 1484 3589 autem
1516 3534 1849 3602 canonjnbet
1881 3533 2194 3587 circuitores

645 3627 782 3688 tieri,
802 3634 854 3679 et
887 3637 993 3677 non
1023 3621 1303 3691 episcopos
1328 3638 1344 3687 ;
1372 3638 1440 3675 ne
1472 3622 1702 3691 dignitas
1721 3621 2036 3688 episcopalis
2073 3617 2192 3670 rtlis

641 3729 694 3772 et
726 3713 1279 3785 contempta/evadat,
1313 3720 1496 3782 utpote
1526 3727 1646 3765 cum
1676 3726 1779 3766 non
1816 3713 2006 3766 habeat
2027 3712 2192 3780 regio,

641 3809 694 3862 in
729 3824 830 3877 qua
857 3807 1134 3860 ordinatus
1159 3813 1242 3860 est
1289 3803 1589 3873 episcopus,
1624 3801 1899 3856 hominum
1953 3801 2193 3855 multitu-

640 3900 822 3953 dinem
851 3900 917 3950 ad
957 3895 1049 3950 Dei
1073 3905 1126 3948 et
1149 3896 1491 3964 episcopatus
1518 3893 1796 3946 honorem.
1841 3893 1896 3945 Si
1950 3893 2041 3960 qui
2098 3907 2190 3942 au-

640 4001 771 4052 tem,
806 3987 998 4055 inquit,
1030 3995 1154 4039 ante
1187 3999 1446 4037 canonem
1479 3991 1605 4037 sunt
1633 3983 1685 4037 in
1714 3983 1793 4035 his
1827 3982 1958 4037 locis
1989 3981 2191 4037 consti-

636 4079 742 4137 tuti
776 4077 1032 4147 episcopi,
1065 4090 1134 4128 ne
1167 4074 1480 4146 ejiciantnr;
1537 4073 1633 4127 sed
1677 4075 1856 4144 omnia
1908 4085 2191 4129 exerceant

640 4183 764 4222 cum
799 4167 1021 4223 scientia
1050 4165 1473 4233 metropolitani,
1500 4163 1590 4234 qui
1621 4180 1713 4219 eos
1747 4165 2030 4218 ordinavit.
2086 4164 2188 4218 Sed

641 4269 696 4314 et
719 4256 1036 4327 presbyteri,
1067 4255 1269 4324 inquit,
1293 4255 1427 4308 nihil
1454 4264 1612 4324 agant
1636 4256 1752 4309 sine
1782 4265 2044 4309 consensu
2075 4253 2191 4321 epi-

641 4350 809 4419 scopi.
838 4347 955 4400 Htec
986 4349 1306 4402 decernente
1336 4359 1561 4410 canone,
1593 4345 1790 4398 dixerit
1826 4343 2091 4414 quispiam
2122 4359 2187 4397 ex

641 4445 759 4509 ejus
793 4439 1134 4507 intelligentia
1165 4440 1527 4506 conjecturam
1579 4435 1820 4502 faciens,
1868 4436 2007 4504 quod
2059 4450 2191 4502 quo-

2292 2158 2516 2212 ΑΡΙΣΤ.
2561 2175 2580 2209 ι
2611 2156 2982 2227 Πρεσϐύτερος
3007 2157 3088 2219 εἰς
3123 2155 3273 2225 βῆμα
3303 2155 3406 2226 πρὸ
3429 2153 3522 2208 τοῦ
3554 2151 3846 2205 ἐπισκόπου

2615 2270 2632 2301 ι
2659 2251 2771 2303 ὀὑκ
2799 2250 3047 2310 εἴσεισιν,
3079 2249 3198 2301 οὐδὲ
3229 2247 3482 2318 κάθηται.
3514 2265 3534 2297 ›

2369 2342 2639 2411 Παρόντος
2668 2341 2762 2394 τοῦ
2796 2341 3092 2417 ιπισκόπου
3119 2343 3212 2394 καὶ
3249 2337 3701 2408 λειτουργοῦντος
3751 2335 3842 2404 πρὸ

2293 2437 2388 2506 τῆς
2411 2435 2614 2487 εἰσόδου
2658 2434 2830 2488 αὑτοῦ
2872 2433 2973 2487 οὐκ
3013 2433 3232 2504 εξσέλθῃ
3277 2432 3650 2500 πρεσϐύτερος
3681 2431 3740 2482 ὲν
3777 2426 3842 2497 τῷ

2296 2530 2518 2599 βήματι,
2563 2529 2656 2581 καὶ
2686 2526 2917 2580 καθίσει.
2967 2525 3137 2578 Τοῦτο
3186 2525 3294 2595 γὰρ
3346 2523 3544 2590 ἀταξία,
3588 2523 3712 2575 ἐστὶ
3766 2524 3843 2573 καὶ

2296 2622 2580 2692 σύγχυσις.
3093 2665 3099 2672 .
3227 2613 3233 2622 ’

2872 2711 3109 2765 ΚΑΝΩΝ
3143 2711 3266 2763 ΝΖ’.

2300 2826 2319 2859 ι
2364 2807 2484 2862 Ὀτι
2515 2809 2574 2861 ού
2629 2809 2708 2860 δεῖ
2752 2809 2810 2860 ἐν
2841 2806 2956 2867 ταῖς
3003 2803 3213 2871 κώμαις
3250 2800 3342 2852 καὶ
3393 2801 3449 2850 ὲν
3475 2801 3594 2862 ταῖς
3653 2795 3839 2866 χώραις

2368 2921 2385 2954 ι
2421 2899 2773 2954 καθίστασθαι
2831 2896 3206 2956 ἐπισκόπους,
3264 2891 3400 2946 ἀλλὰ
3465 2888 3835 2960 negotianti:

2370 3014 2388 3046 ι
2421 2997 2544 3058 τοὺς
2576 2995 2754 3064 μέντοι
2789 2993 2886 3062 ήδη
2913 2987 3456 3060 προκατασταθέντας
3480 2988 3651 3055 μηδὲν
3684 2984 3837 3050 πράτ-

2366 3104 2385 3136 c
2424 3103 2538 3139 τειν
2565 3085 2690 3139 ἄνευ
2726 3084 2946 3154 γνώμης
2979 3081 3070 3134 τοῦ
3117 3081 3415 3134 ἐπισκόπου
3444 3079 3536 3132 τοῦ
3574 3082 3635 3130 ἐν
3668 3080 3731 3145 τῇ
3757 3075 3839 3127 πό-

2369 3193 2387 3225 (
2421 3176 2522 3228 λει.
2590 3172 2860 3250 Ὡσαύτως
2887 3173 2942 3225 δὲ
2983 3173 3073 3226 καὶ
3101 3173 3225 3235 τοὺς
3259 3172 3664 3241 πρεσϐυτέρους
3693 3165 3840 3236 μηδὲν

2371 3287 2389 3319 ι
2430 3267 2690 3337 πράττειν
2713 3266 2843 3319 ἄνευ
2873 3265 2972 3334 τῆς
2999 3265 3222 3333 γνώμης
3247 3262 3339 3315 τοῦ
3368 3262 3695 3315 ἐπισκόπου.
3737 3275 3756 3308 ι

2363 3359 2554 3412 ΒΑΛΣ.
2595 3358 2775 3412 ’Ἄλλοι
2805 3356 2902 3427 μὲν
2941 3356 3160 3417 κανόνες
3200 3355 3261 3407 ὲν
3287 3355 3406 3415 ταῖς
3432 3352 3649 3414 κώμαις
3682 3346 3771 3401 καὶ
3792 3349 3841 3399 ὲν

2289 3450 2401 3510 τοῖς
2437 3447 2653 3519 χωρίοις
2695 3445 3142 3515 χωριπισκόπους
3174 3444 3270 3495 καὶ
3321 3441 3730 3511 πρεσϐυτέρους
3755 3455 3841 3491 κα-

2293 3537 2572 3590 θίστασθαι
2622 3537 2976 3604 διωρίσαντο·
3006 3535 3035 3586 ό
3060 3533 3114 3587 δὲ
3143 3531 3328 3600 παρών
3361 3530 3548 3583 κανὼν
3574 3530 3843 3599 περιοδευο

2291 3627 2388 3689 τὰς
2415 3627 2856 3695 παρακελεύεται
2876 3625 3141 3694 γίνεσθαι.
3162 3627 3253 3677 καὶ
3287 3623 3359 3694 μή
3385 3621 3740 3683 ἐπισκόπους,
3768 3621 3843 3690 ἵνα

2293 3719 2366 3788 μὴ
2395 3719 2614 3787 γένηται
2647 3715 3114 3786 εὐκαταφρόνητος
3218 3711 3624 3784 ἀρχιερωσύνη,
3656 3711 3731 3772 ὡς
3777 3707 3840 3778 μὴ

2289 3809 2516 3877 ἐχούσης
2542 3811 2638 3878 τῆς
2672 3814 2855 3880 χώρας
2880 3811 2937 3861 ὲν
3035 3805 3414 3876 ἐχειροτονήθη
3463 3805 3494 3855 ό
3536 3805 3839 3860 ἐπίσκοπος,

2291 3897 2493 3965 πλῆθος
2544 3898 2846 3967 ἀνθρώπων
2892 3898 2972 3959 εἰς
3005 3899 3169 3966 τιμὴν
3211 3895 3305 3947 τοῦ
3342 3893 3477 3946 Θεοῦ
3510 3895 3727 3962 καὶτῆς
3753 3894 3840 3959 ἁρ-

2290 3984 2642 4055 χιερωσύνης.
2674 3987 2733 4037 El
2759 3987 2814 4038 δέ
2836 4001 3003 4049 τινες,
3038 3987 3204 4056 φησὶ,
3258 3984 3361 4053 πρὸ
3386 3984 3480 4036 τοῦ
3513 3987 3736 4045 κανόνος
3756 3999 3841 4034 κα-

2288 4079 2628 4148 τεστάθησαν
2655 4079 2711 4130 ὲν
2758 4082 2868 4142 τοῖς
2899 4075 3161 4143 τοιούτοις
3207 4079 3514 4140 ἐπίσκοποι,
3548 4078 3627 4148 μὴ
3657 4064 3841 4142 ἐκϐλη-

2290 4169 2538 4239 θήτωσαν
2560 4190 2572 4203 ·
2608 4170 2723 4226 ἀλλ’
2760 4171 3000 4223 ἔστωσαν
3033 4170 3380 4241 ἐνεργοῦντες
3411 4169 3479 4221 τὰ
3506 4170 3691 4221 πάντα
3719 4163 3838 4234 μετά

2290 4259 2544 4326 εἰδήσεως
2573 4261 2664 4315 τοῦ
2711 4263 3184 4331 χειροτονήσαντος
3207 4258 3402 4321 αὐτοὺς
3429 4257 3836 4329 μητροπολίτου.

2301 4347 2462 4403 Ἀλλὰ
2507 4356 2600 4405 καὶ
2631 4353 2680 4404 οἱ
2724 4353 3106 4422 πρεσϐύτεροι,
3141 4353 3308 4420 φησὶ,
3351 4350 3516 4418 μηδὲν
3549 4351 3682 4403 ἄνευ
3710 4350 3832 4417 γνώο

2297 4458 2402 4510 μης
2431 4439 2523 4493 τοῦ
2566 4443 2864 4509 ἐπισκόπου
2896 4440 3496 4509 πραττέτωσαν.Ταῦτα
3516 4439 3608 4492 τοῦ
3633 4443 3836 4503 κανόνος

645 4540 784 4590 niant
821 4535 885 4589 ad
919 4532 1010 4584 Dei
1037 4539 1092 4584 et
1118 4533 1454 4601 episcopatus
1487 4529 1652 4599 vergit
1676 4528 1927 4596 dedecus,
1977 4529 2022 4583 si
2073 4531 2189 4596 epi-

2294 4533 2674 4604 διοριζομένου,
2715 4531 2858 4584 εἴποι
2886 4549 2988 4596 τις,
3011 4536 3108 4602 τῆς
3130 4533 3334 4594 ἑννοίας
3368 4534 3555 4584 τούτου
3586 4551 3832 4587 κατιστοο

644 4644 837 4695 sc0pus
865 4626 1056 4694 exiguo
1088 4622 1278 4691 populo
1303 4623 1500 4689 praesit.
1525 4631 1579 4678 et
1617 4621 1735 4676 ideo
1765 4631 2136 4676 contemnatur
2172 4637 2203 4674 εκ

648 4719 808 4780 tuttth
859 4717 1028 4785 magis
1083 4729 1185 4767 non
1222 4717 1401 4766 est-ad
1438 4714 1529 4768 Dei
1565 4715 1838 4777 honorem,
1873 4713 1917 4768 si
1968 4715 2191 4768 antistes

647 4817 856 4875 propter
880 4814 1242 4876 paupertatem
1273 4811 1361 4856 eat
1391 4806 1568 4871 pedes,
1600 4816 1652 4860 et
1681 4807 1915 4874 privetur
1942 4820 2190 4861 necessa-

651 4898 760 4953 riis.
794 4893 1047 4961 Quocirca
1083 4894 1136 4948 in
1182 4891 1434 4947 Ecclesiis
1463 4888 1822 4947 Orientalibus
1848 4933 1862 4957 ,
1915 4894 1968 4948 in
2000 4899 2192 4964 quibus

647 5003 750 5042 non
784 4987 1065 5040 admodum
1102 4985 1252 5041 multi
1311 4980 1651 5036 inveniuntur
1705 4983 1988 5040 Christiani
2020 5028 2033 5049 ,
2080 4989 2192 5055 epi-

583 5084 600 5105 '
647 5073 835 5145 scopus
869 5078 986 5145 eligi
1013 5086 1184 5130 tutum
1215 5090 1317 5129 non
1350 5084 1453 5129 est.
1495 5072 1625 5127 Sunt
1648 5084 1823 5127 autem
1851 5077 2190 5144 circuitores,

645 5171 732 5239 qui
769 5167 928 5221 hodie
963 5173 1028 5222 ab
1057 5167 1321 5238 episcopis
1349 5177 1730 5237 promoventur
1755 5163 1918 5236 480
1955 5173 2192 5224 exarchi.

646 5261 708 5313 Hi
740 5259 882 5312 enim
908 5257 1350 5334 circumcursant,
1371 5268 1426 5312 et
1452 5257 1641 5311 delicta
1665 5260 1856 5312 animae
1888 5262 2192 5328 observant,

644 5367 696 5406 et
713 5351 892 5405 ﬁdeles
914 5332 1209 5417 perﬁciunt.
1228 5351 1363 5420 Lege
1381 5351 1537 5404 etiam
1560 5332 1770 5406 sextum
1795 5366 2047 5410 canoncnt
2073 5357 2197 5411 Sar-

647 5444 875 5499 dicensis
894 5439 1102 5508 synodi.
1929 5427 1931 5430 ⁴

2297 4624 2610 4694 χαζόμενος.
2639 4625 2734 4688 ὼς,
2765 4624 2884 4676 ἐπεὶ
2914 4626 3104 4693 ἀτιμία
3131 4623 3224 4675 τοῦ
3255 4621 3388 4675 Θεοῦ
3425 4625 3516 4675 καὶ
3541 4625 3637 4693 τῆς
3671 4627 3834 4695 ἀρχιε-

2299 4715 2541 4787 ρωσύνης
2580 4718 2696 4769 ἐστὶ
2742 4718 2800 4767 τὸ
2835 4713 3191 4786 προΐστασθαι
3251 4715 3340 4764 τὸν
3372 4713 3831 4770 ἐπίσκοπον-λαοῦ

2296 4804 2499 4872 ὀλίγον.
2559 4808 2848 4862 κάντεῦθεν
2909 4804 3048 4859 εἶναι
3094 4805 3609 4874 εὐκαταφρόνητον⁸
3674 4796 3831 4871 πολλῷ

2293 4896 2454 4948 πλέον
2483 4899 2581 4951 οὐκ
2633 4899 2785 4952 ἔσται
2811 4877 2946 4968 πρὶς
2976 4894 3137 4966 τιμὴν
3165 4895 3256 4947 τοῦ
3284 4897 3416 4963 Θεοῦ
3447 4899 3506 4949 τό
3524 4895 3674 4967 ’πεζῇ
3703 4885 3830 4964 βαδί-

2291 4987 2402 5050 ζειν
2425 4991 2684 5059 ἀρχιερέα
2728 4989 2814 5043 διὰ
2846 4987 3034 5040 πενίαν
3068 4987 3158 5038 καὶ
3191 4990 3500 5058 στερεῖσθαι
3540 4990 3647 5042 τῶν
3676 4990 3820 5049 ἁναγσ

2291 5081 2476 5135 καίων.
2506 5083 2663 5135 Ὀθεν
2691 5083 2749 5135 τὸ
2788 5078 3118 5150 ψηφίζεσθαι
3153 5082 3483 5142 ἐπισκόπους
3536 5083 3616 5142 εἰς
3644 5075 3823 5142 ἐκκλη-

2300 5172 2416 5235 σίας
2445 5177 2783 5237 ἀνατολικὰς,
2827 5175 2903 5236 εἰς
2957 5171 3026 5236 ἃς
3073 5173 3281 5243 μέτριοι
3336 5177 3478 5229 πάνυ
3507 5153 3824 5244 εὑρίσκονται

2301 5265 2635 5335 Χριστιανοὶ,
2679 5269 2777 5319 οὐκ
2808 5264 3062 5331 ἀσφαλές.
3111 5268 3459 5338 Περιοδευταὶ
3515 5265 3571 5318 δέ
3617 5266 3748 5316 εἰσιν
3784 5265 3822 5316 οὶ

2303 5360 2536 5431 σήμερον
2562 5357 2985 5427 προϐαλλόμενοι
3034 5361 3184 5430 παρὰ
3212 5361 3319 5414 τῶν
3348 5359 3656 5413 ἐπισκόπων
3687 5359 3823 5428 ἐξαρ-

2301 5468 2407 5520 χοι.
2439 5449 2594 5507 οὗτοι
2623 5453 2730 5519 γὰρ
2758 5452 3125 5521 περιοδεύουσι
3161 5456 3254 5508 καὶ
3297 5454 3615 5524 ιπιτηροῦσι
3644 5460 3705 5510 τὰ
3734 5457 3818 5525 du.

647 5553 775 5603 χικα
825 5534 1135 5601 σφάλματα,
1190 5535 1282 5586 καὶ
1331 5539 1708 5610 καταρτῐςουσι
1742 5540 1868 5605 τοὺς
1921 5543 2182 5604 πιστούς·
2229 5541 2502 5613 ἀνάγνωθι
2556 5544 2765 5597 καὶτὸν
2818 5544 2868 5610 ς’
2915 5549 3113 5602 κανόνα
3164 5550 3263 5616 τῆς
3295 5549 3354 5599 ὲν
3418 5549 3651 5626 Σαρδικῇ
3711 5565 3816 5606 συν·

648 5628 784 5680 ὁδου.

720 5715 966 5774 ZONAR.
997 5719 1204 5774 Eximia
1227 5728 1309 5775 est
1336 5724 1529 5776 summi
1577 5726 1870 5783 sacerdotis
1921 5730 2144 5800 dignitas
2174 5747 2190 5786 :

647 5820 701 5864 at
732 5810 774 5864 si
802 5808 858 5864 in
890 5811 1037 5872 vico.
1070 5822 1158 5865 aut
1212 5810 1260 5864 in
1295 5811 1506 5880 regione
1531 5851 1546 5877 ,
1589 5813 1640 5866 in
1672 5827 1773 5881 qua
1825 5832 1993 5886 neque
2034 5820 2193 5875 urbes

2372 5725 2614 5780 ΖΩΝΛΡ.
2650 5726 2723 5779 Τὸ
2749 5726 3124 5798 ἀρχιερατικδν
3175 5726 3389 5800 ἀξίωμα
3441 5733 3655 5804 ἔντιμόν
3682 5740 3810 5790 ἐστι·

2296 5817 2355 5872 τὸ
2374 5818 2428 5869 δὲ
2453 5819 2510 5868 ὲν
2555 5819 2711 5892 κώμῃ
2739 5819 2768 5884 ἢ
2798 5821 2857 5872 ὲν
2885 5817 3056 5888 χώρα,
3097 5817 3222 5875 ἔνθα
3273 5825 3349 5895 μή
3384 5826 3536 5894 πόλις
3566 5830 3676 5880 toti
3701 5826 3811 5894 μηδὲ
