4008 6352
127 546 289 613 1449

1264 541 1345 602 ΙΝ
1377 539 1542 600 CAN.
1587 536 1697 598 V11
1758 535 1964 598 CONC.
2021 534 2316 600 SARDIC.

3257 535 3387 597 1450

121 665 384 734 γίνεται,
413 636 524 715 ἀλλ’
553 652 634 725 οἷς
661 659 698 730 ἡ
743 656 1047 729 χειροτονία
1089 655 1202 710 τῶν
1235 653 1554 708 ἐπισκόπων
1585 653 1717 705 ἀπο-

1827 648 1964 702 ratio
2000 657 2103 712 est,
2132 655 2190 701 et
2227 643 2423 724 abiis,
2467 644 2666 715 quibus
2713 644 2999 716 episcopos
3038 644 3254 699 creandi
3303 645 3387 712 jus

117 757 460 826 νενέμηται,
489 753 689 806 ἐκεῖνοι
715 750 803 804 διὰ
833 747 940 803 τῶν
973 747 1292 802 ἐπισκόπων
1318 745 1416 815 τῆς
1445 742 1718 813 ἐπαρχίας

122 847 476 919 ψηφίζονται
526 845 656 908 τοὺς
686 841 986 912 ἀρχιερεῖς.
1037 838 1198 909 Ἑξῆς
1237 837 1295 892 δὲ
1324 837 1364 888 ὀ.
1397 833 1577 888 κανὼν
1604 833 1721 888 δια-

116 941 398 994 τάττεται
447 934 524 1006 μὴ
573 932 821 1003 γίνεσθαι
878 930 1180 982 ἐπίσκοπον
1225 925 1287 980 ἐν
1320 923 1486 994 κώμῃ
1534 921 1643 976 τινὶ
1683 922 1716 992 ἢ

117 1030 297 1084 πόλει
339 1028 532 1099 μικρᾷ,
571 1019 733 1100 ᾖκαῖ
786 1015 868 1085 εἷς
921 1018 1297 1092 πρεσϐύτερος
1342 1017 1532 1086 ἅρκεῖ’
1564 1013 1594 1066 ὃ
1623 1013 1719 1066 καὶ

119 1123 155 1174 ὁ
199 1119 284 1185 νς
311 1117 494 1173 κανὼν
540 1117 643 1186 τῆς
694 1116 754 1168 ὲν
797 1111 1092 1182 Λαοδικείᾳ
1135 1108 1356 1164 συνόδου
1399 1105 1716 1186 διωρίσατο.

129 1211 482 1283 Προστίθησι
537 1184 608 1263 δὲή
645 1209 674 1262 ὁ
731 1205 911 1260 κανὼν
959 1198 1116 1268 οὗτος
1151 1203 1235 1256 ὃτι
1286 1184 1720 1266 οὐκάναγκαῖόν

129 1307 299 1356 ἐστιν
331 1303 628 1355 ἐπίσκοπον
657 1299 776 1351 ἐκεῖ
802 1295 1184 1357 καθίστασθαι,
1209 1294 1286 1356 ὡς
1313 1292 1381 1346 ἂν
1416 1291 1492 1360 μὴ
1523 1306 1722 1342 κατευ-

122 1396 426 1463 τελίζηται
455 1393 516 1445 τὸ
542 1391 711 1460 ὄνομα
746 1389 841 1443 κα)⁸
874 1389 908 1455 ἡ
942 1386 1206 1442 αὑθεντία
1243 1383 1340 1437 τοῦ
1368 1381 1672 1436 ἐπισκόπου
1694 1395 1710 1412 ο

127 1488 264 1540 ἀλλ’
293 1488 343 1539 οἱ
369 1485 468 1555 τῆς
496 1481 768 1553 ἐπαρχίας
809 1479 1016 1550 πρῶτοι
1050 1477 1366 1538 ἐπίσκοποι,
1401 1475 1452 1527 οί
1506 1488 1712 1543 μητρο-

127 1580 364 1634 πολῖται
388 1576 608 1648 δηλαδὴ,
630 1577 826 1627 ἐκεῖνοι
853 1571 1127 1640 ὀφείλουσι
1152 1570 1326 1621 ποιεῖν
1356 1565 1715 1648 ἑπισκόπους,

126 1675 284 1726 ὅπου
328 1645 745 1738 καὶ-πρότερον,
783 1666 951 1735 ἤγουν
1001 1665 1066 1715 ὲκ
1109 1659 1373 1723 παλαιοῦ,
1415 1645 1718 1729 ἦσανηὲπίο

129 1780 365 1818 σκοποι.
399 1761 463 1813 Ei
490 1761 546 1813 δέ
579 1775 685 1821 τις,
729 1758 884 1827 φησὶ,
930 1754 1086 1818 πόλις
1112 1754 1379 1823 πρότερον
1414 1751 1489 1821 μὴ
1517 1748 1718 1819 ἔχουσα

130 1857 356 1926 πλῆθος
406 1853 541 1907 πολὺ
574 1851 833 1912 πολιτῶν,
868 1849 1181 1921 εὑρίσκοιτο
1231 1844 1372 1916 μετὰ
1405 1843 1581 1896 ταῦτα
1621 1857 1716 1910 γε·

129 1947 351 2019 νομένη
402 1941 786 2012 πολυπληοὴς,
828 1939 903 2004 ώς
966 1939 1124 2006 ἀξίαν
1177 1936 1348 2007 αὐτὴν
1388 1933 1716 2005 νομισθῆναι

1820 749 1927 802 est,
1957 738 2151 795 summi
2187 751 2404 807 quoque
2453 737 2764 793 sacerdotes
2811 753 2906 806 per
2952 739 3229 806 episcopos
3263 753 3383 805 pro-

1823 831 2012 886 vincia:
2035 830 2366 900 deliguntur.
2402 829 2458 883 In
2483 829 2549 882 iis
2583 845 2744 899 porro
2765 845 2884 899 quae
2911 838 3228 899 sequuntur,
3258 844 3386 883 con-

1820 923 1972 978 stitui
2013 923 2323 990 episcopum
2358 922 2411 975 in
2440 922 2633 991 Oppido
2662 924 2912 991 quopiam
2939 960 2954 985 ,
2984 922 3178 976 exilire
3231 923 3387 982 urbe,

1821 1013 1912 1069 cui
1939 1013 2023 1068 vel
2049 1027 2191 1068 unus
2224 1011 2503 1080 presbyter
2540 1010 2866 1066 suffecturus
2902 1013 2991 1077 sit,
3022 1026 3190 1064 canon
3224 1020 3387 1063 vetat.

1820 1105 1984 1178 492
2017 1103 2173 1170 Quod
2203 1103 2424 1174 quidem
2462 1102 2775 1157 Laodicena‘.
2812 1117 3026 1172 quoque
3076 1101 3263 1171 synodi
3288 1101 3387 1165 lse-

1822 1200 1994 1268 ptimo
2015 1206 2069 1250 et
2096 1196 2546 1267 quinquagesimo
2571 1211 2776 1250 canone
2799 1194 3073 1248 definitum
3097 1195 3211 1245 fuit.
3231 1191 3388 1244 Addit

1821 1304 1953 1344 vero
1984 1289 2070 1343 hic
2103 1304 2277 1344 canon
2321 1298 2605 1356 praetcrea,
2659 1286 2767 1342 non
2819 1302 2937 1341 esse
2988 1294 3207 1340 necesse
3237 1286 3290 1339 in
3325 1284 3388 1338 iis

1821 1380 1958 1436 locis
1987 1381 2302 1450 episcopum
2348 1381 2641 1443 constitui,
2674 1394 2741 1433 ne
2771 1373 2982 1434 scilicet
3010 1379 3242 1448 episcopi
3294 1392 3389 1430 no-

1823 1488 1953 1528 men
1991 1488 2054 1527 ac
2085 1474 2380 1527 auctoritas
2428 1472 2584 1526 facile
2618 1472 2879 1525 vilescat:
2913 1486 3094 1524 verum
3146 1486 3172 1521 a
3203 1470 3389 1538 primis

1821 1567 2117 1636 provincia:
2147 1565 2441 1635 episcopis,
2477 1565 2727 1619 videlicet
2761 1581 2790 1616 a
2842 1563 3284 1630 mctr0politauis,
3335 1563 3388 1614 in

1822 1657 1891 1712 iis
1923 1664 2134 1712 tantum
2167 1657 2323 1722 locis,
2366 1657 2455 1711 ubi
2489 1657 2656 1711 etiam
2687 1656 2858 1726 prius,
2892 1657 2992 1710 hoc
3022 1667 3123 1718 est,
3156 1657 3222 1710 ab
3256 1655 3391 1709 anti-

1822 1765 1930 1819 quo
1959 1759 2199 1820 tempore
2226 1750 2464 1815 fuerant,
2510 1749 2748 1819 episc0pi
2794 1749 3048 1802 collocari
3083 1750 3297 1803 debent.
3328 1750 3386 1802 Si

1823 1849 2001 1897 tamen
2033 1844 2249 1907 urbem,
2279 1843 2472 1909 inquit,
2507 1857 2613 1896 non
2649 1842 2720 1894 ita
2762 1840 3051 1904 celebrem,
3073 1855 3204 1894 mox
3238 1841 3390 1893 inco-

1799 1933 1992 1988 tlarum
2056 1949 2288 1997 numero,
2345 1933 2673 2001 frequentari
2711 1933 3020 2005 contingat,
3053 1922 3239 1996 utinm
3269 1949 3388 1985 am-

133 2036 456 2105 ἐπισκοπῆς
507 2034 596 2088 διὰ
649 2033 712 2086 τὸ
762 2030 961 2101 πλῆθος
1021 2025 1117 2080 τοῦ
1175 2025 1331 2090 λαοῦ,
1381 2020 1714 2094 λαμὸανέτω

1827 2024 2052 2093 plilicata
2090 2025 2387 2095 frequentia
2412 2023 2684 2093 "episcopo!
2717 2024 2874 2090 digna
2924 2024 3075 2077 sedes
3099 2023 3385 2091 iudicetur;

131 2130 470 2196 ἐπίσκοπον,
503 2127 605 2182 κᾶν
635 2124 712 2197 μὴ
748 2127 812 2178 ἐκ
839 2119 1070 2177 παλαιοῦ
1100 2114 1270 2191 εἶχεν.

133 2317 372 2370 ΛΡΙΣΤ.
407 2335 426 2367 ι
463 2315 547 2379 Εί,
583 2312 689 2367 τῶν
715 2310 859 2364 λαῶν
901 2306 1336 2376 ὲπικομιζόντων
1391 2303 1715 2366 ἐπίσκοπον,

226 2429 246 2462 ι
285 2410 335 2461 οἱ
363 2408 652 2460 ἐπίσκοποι
698 2403 1183 2471 παρουσιάσουσιν,
1212 2391 1292 2458 εἷς
1325 2393 1382 2446 δέ
1415 2410 1501 2455 τις
1525 2391 1714 2462 λείπῃ,

220 2518 246 2553 σ
292 2497 702 2569 προσκαλείσθω
731 2495 1000 2555 κάκεῖνος.
1030 2491 1090 2542 El
1121 2489 1178 2542 δὲ
1205 2486 1717 2557 προσκαλούμενος,

231 2608 253 2642 ι
292 2589 414 2641 οὔτε
449 2587 702 2657 γράφειν,
733 2582 854 2636 οὔτε
884 2581 1134 2652 ἐνδημεῖν
1161 2579 1425 2650 βούλοιτο,
1457 2577 1489 2628 ’ὁ
1522 2576 1721 2645 ζητού-

231 2701 253 2733 (
297 2696 454 2750 μενος
489 2676 925 2748 χειροτονείσθω.
961 2692 982 2725 ι
1617 2659 1626 2670 ’

229 2772 402 2825 Τοῦτο
430 2771 526 2824 νῦν
552 2771 651 2822 οὐκ
681 2770 1007 2839 ἐνεργεῖται,
1041 2765 1102 2821 τδ
1130 2765 1279 2835 παρὰ
1306 2766 1414 2818 τῶν
1443 2761 1722 2833 κληρικῶν

140 2868 250 2920 καὶ
279 2865 389 2918 τῶν
414 2863 646 2935 πρώτων
689 2860 790 2930 τῆς
839 2859 1050 2919 πόλεως
1080 2858 1180 2920 τὰς
1202 2857 1421 2925 ψήφους
1453 2857 1562 2907 τών
1604 2857 1722 2908 ὲπι-

142 2960 376 3012 σκόπων
437 2954 706 3026 γίνεσθαι,
757 2950 894 3005 ἀλλὰ
950 2950 1102 3020 παρὰ
1148 2945 1576 3020 ’μητροπολιτῶν
1628 2947 1723 2997 καὶ

143 3051 471 3105 ἐπισκόπων
523 3042 683 3101 αὗται
730 3038 1154 3114 προϐαίνουσιν·
1205 3041 1281 3105 ὡς
1337 3042 1365 3095 ὁ
1415 3039 1720 3108 δωδέκατος

143 3143 337 3198 κανὼν
367 3143 464 3210 τῆς
493 3142 549 3191 ὲν
572 3138 864 3208 Λαοδικείᾳ.
911 3135 1132 3190 συνόδου
1165 3135 1538 3197 διατάττεται,
1573 3133 1669 3184 καὶ
1695 3131 1723 3182 ὁ

148 3235 635 3293 ἐννεακαιδέκατος
656 3234 753 3302 τῆς
783 3232 840 3282 ὲν
870 3227 1196 3298 Ἀντιοχείᾳ,
1211 3229 1306 3280 καὶ
1339 3225 1487 3278 ἄλλοι
1516 3224 1725 3278 πολλοί.

147 3330 250 3380 Δεῖ
272 3326 400 3392 γοῦν
435 3325 466 3392 ἢ
494 3300 704 3382 πάντας
730 3322 986 3390 παρεῖναι
1015 3319 1141 3380 τοὺς
1171 3315 1509 3378 ἐπισκόπους
1532 3314 1626 3368 ἐπὶ
1656 3315 1720 3382 τῇ

145 3420 344 3489 ψήφῳ,
381 3416 414 3487 ἢ
456 3418 549 3468 καὶ
580 3414 705 3476 τοὺς
741 3411 982 3474 ἀπόντας
1008 3409 1098 3462 διὰ
1123 3408 1472 3478 γραμμάτων
1509 3404 1726 3475 συμψή-

148 3529 292 3580 φους
322 3511 568 3580 γίνεσθαι
603 3511 712 3570 τοῖς
743 3505 999 3574 παροῦσι.

147 3603 380 3658 ΔΡΙΣΤ.
415 3621 434 3654 ι
477 3598 891 3672 Μητροπολίτου
921 3596 1342 3664 καθισταμενου,
1378 3588 1473 3642 καὶ
1495 3588 1544 3641 οἱ
1591 3587 1726 3656 πλη-

357 3688 395 3744 ἰ
438 3693 690 3759 σιόχώροι
740 3689 1126 3759 μετάπεμπτοι
1171 3686 1440 3737 ἔστωσαν.
1484 3699 1502 3731 ι

228 3785 649 3856 Μητροπολίτου
681 3781 968 3850 μέλλοντος
1009 3776 1375 3845 ψηφισθῆναι,
1409 3773 1471 3823 οὐ
1519 3771 1725 3831 πάντες

150 3881 259 3948 τῆς
304 3879 590 3947 ἅπανταχῆ
638 3873 958 3942 διοικήσεως
995 3871 1043 3921 οί
1097 3863 1492 3936 μητροπολῖται
1525 3863 1602 3923 είς
1629 3862 1728 3930 τὴν

151 3971 342 4041 ψῆφον
391 3968 556 4021 αὑτοῦ
607 3965 992 4035 κληθήσονται,
1046 3957 1162 4012 ἀλλ’
1213 3957 1262 4008 οἱ
1319 3953 1725 4024 πλησιόχωροι·

155 4064 338 4116 ἐκεῖνο
381 4062 487 4130 γὰρ
519 4059 610 4111 καὶ
638 4057 901 4110 ἀδύνατον
933 4051 1212 4120 γενέσθαι,
1245 4048 1426 4117 εἴπερ,
1469 4049 1609 4097 κατὰ
1637 4044 1730 4095 τὸν

157 4153 408 4206 εἰκοστὸν
437 4151 686 4218 πέμπτον
739 4145 957 4203 κανόνα,
984 4141 1084 4210 τῆς
1134 4143 1192 4192 ὲν
1235 4138 1543 4205 Χαλκηδόνι
1577 4135 1732 4186 συνό-

158 4249 281 4307 δου,
311 4243 460 4302 ἐντὸς
513 4241 681 4309 τριῶν
732 4235 918 4306 μηνῶν
969 4235 1025 4286 at
1069 4227 1394 4300 χειροτονίαι
1450 4225 1729 4294 ὀφείλουσι

161 4335 416 4406 γίνεσθαι
441 4331 548 4384 τῶν
573 4329 923 4401 χηρευουσῶν
955 4322 1290 4379 ἐπισκοπῶν.

162 4428 388 4483 ΛΡΙΣΤ.
414 4447 430 4478 ι
453 4427 542 4486 Εἰς
565 4425 750 4493 ὀλίγην
770 4425 921 4476 πόλιν
936 4424 1029 4475 καὶ
1055 4419 1271 4488 κώμην,
1299 4409 1444 4491 ᾖκαὶ
1462 4409 1539 4475 εἷς
1567 4411 1736 4465 αὑτά-

249 4539 266 4570 ι
311 4538 445 4589 ρκης
475 4516 863 4588 πρεσϐύτερος,
892 4515 1192 4575 ἐπίσκοπος
1223 4511 1282 4563 οὺ
1309 4509 1656 4577 καθίσταται·
1687 4505 1734 4556 εἰ

250 4625 267 4657 ‹
312 4607 366 4658 δὲ
381 4606 613 4659 πολυανθ
624 4605 909 4675 ρωποτὰτη
922 4604 1133 4669 γένοιτο
1149 4600 1321 4661 πόλις,
1343 4598 1444 4650 οὐκ
1456 4594 1696 4656 ἀνάξιον.
1711 4610 1728 4673 ξ

1749 3366 1796 3426 C

1816 2114 1961 2169 inea
1997 2129 2206 2184 quoque
2261 2116 2602 2184 episcopum,
2657 2112 2901 2182 quamvis
2962 2122 3117 2168 antea
3187 2114 3386 2168 nullum

1817 2206 2088 2272 habuerit,
2117 2207 2370 2262 constitui
2405 2207 2564 2260 licere
2594 2207 2852 2260 decernit.

1817 2298 2047 2377 ARIST.
2092 2317 2109 2349 ι
2151 2299 2435 2380 εἰθρορυίο
2467 2298 2780 2367 episcopum
2824 2305 3106 2364 appetente
3150 2295 3387 2364 episcopi

1897 2409 1917 2443 ι
1955 2400 2250 2461 praesentes
2280 2389 2502 2452 fuerint,
2536 2405 2673 2442 unus
2701 2402 2829 2442 vero
2862 2388 3120 2450 abfuerit,
3158 2389 3200 2440 is
3224 2387 3386 2441 etiam

1896 2501 1917 2534 ι
1959 2494 2200 2537 vocetur.
2233 2483 2289 2538 Si
2327 2486 2544 2536 vocatus
2589 2492 2764 2534 autem
2798 2495 2972 2546 neque
3000 2480 3254 2539 scribere.
3281 2495 3389 2544 ne-

1898 2593 1918 2626 ‹
1960 2575 2356 2645 que'accedere
2384 2574 2543 2632 velit,
2580 2576 2622 2626 is
2663 2572 2753 2641 qui
2803 2571 3325 2641 petitur-ordinetur.
3363 2591 3381 2621 ›

1895 2755 2042 2812 Istud
2077 2753 2238 2808 hodie
2266 2769 2370 2808 non
2399 2762 2482 2807 est
2517 2753 2569 2806 in
2608 2767 2708 2806 usu
2737 2793 2752 2817 ,
2780 2759 2838 2805 ut
2871 2768 2898 2805 a
2935 2751 3224 2823 clericiset
3253 2752 3384 2804 civi-

1825 2848 1949 2902 tatis
1982 2847 2311 2917 primoribus
2338 2836 2710 2914 episcoporum
2740 2843 3029 2897 electiones
3062 2844 3267 2905 fierent,
3294 2843 3387 2894 scd

1827 2940 1942 2993 istae.
1979 2954 2122 2992 nunc
2150 2954 2176 2990 a
2213 2938 2643 3001 metropolitanis
2672 2945 2724 2989 et
2769 2936 3035 3002 episcopis
3067 2938 3385 3002 procedunt.

1804 3031 1897 3086 .Ut
1928 3031 2278 3086 duodecimus
2308 3030 2498 3100 synodi
2536 3029 2880 3083 Laodicensis
2907 3043 3076 3082 canon
3101 3034 3303 3090 statuit,
3334 3040 3388 3081 et

1829 3125 2260 3180 undevicesimus
2306 3124 2674 3183 Antiocheam},
2710 3134 2762 3176 et
2797 3123 2887 3175 alii
2933 3123 3104 3175 multi.
3149 3123 3226 3177 Ad
3263 3140 3385 3176 sen-

1827 3221 2052 3274 tentiam
2085 3219 2265 3287 itaque
2294 3219 2570 3273 ferendum
2601 3217 2683 3270 vel
2733 3231 2919 3269 omnes
2946 3216 3225 3285 episcopos
3255 3233 3388 3281 prm-

1828 3309 2010 3366 senfes
2042 3327 2184 3374 esse,
2219 3312 2301 3363 vcl
2340 3323 2391 3362 et
2420 3312 2670 3363 absentes
2711 3325 2806 3375 per
2854 3311 3062 3361 litteras
3115 3313 3390 3376 pra-scuti-

1827 3407 1928 3461 bus
1960 3406 2269 3461 consentire
2296 3416 2525 3472 oportet.

1798 3584 2049 3640 VARIST.
2088 3599 2110 3634 ι
2148 3581 2283 3635 Cum
2330 3580 2777 3646 metrOpOlitanus
2805 3576 3169 3634 constituitur.
3210 3570 3372 3624 etiam

2086 3690 2105 3722 ι
2147 3669 2305 3723 vicini
2333 3664 2567 3734 episcopi
2605 3673 2731 3732 sunt
2759 3661 3090 3714 accersendi.
3124 3678 3142 3710 ι

1899 3768 2033 3822 Cum
2091 3761 2534 3830 metropolitanns
2574 3765 2656 3808 cst
2707 3755 3004 3822 eligendus,
3061 3770 3161 3806 non
3206 3768 3362 3806 omne

1832 3860 2143 3923 ubicunque
2190 3855 2320 3915 sint,
2367 3852 2617 3906 dimcesis
2651 3849 3006 3915 metropolitw
3055 3850 3120 3897 ad
3172 3846 3392 3897 electio-

1833 3965 1952 4002 nem
1985 3947 2105 4014 ejus
2138 3943 2496 4009 voeabuntur,
2529 3941 2619 3993 sed
2658 3938 2839 3991 vicini.
2875 3937 3007 3989 Illud
3041 3935 3184 3988 enim
3213 3946 3265 3985 ct
3294 3936 3391 3984 IIII-

1835 4035 2090 4106 possibile
2112 4043 2194 4086 est
2227 4033 2364 4091 fieri,
2407 4031 2451 4082 si
2489 4028 2784 4082 secundum
2820 4023 3115 4076 vicesinum
3150 4022 3388 4088 quintum

1836 4126 2026 4195 synodi
2056 4121 2507 4178 Chalcedonensis
2538 4131 2800 4172 eanonem
2847 4115 3147 4167 vacantium
3182 4113 3392 4180 cpiSco-
3447 4128 3450 4131 ·

1833 4231 2052 4282 paulum
2084 4214 2452 4269 ordinationes
2487 4212 2621 4262 intra
2657 4217 2763 4258 tres
2801 4218 3009 4256 menses
3037 4204 3147 4252 fieri
3180 4204 3392 4253 debent.

1833 4392 2163 4450 ARIST.rln
2198 4406 2361 4459 parva
2390 4388 2518 4441 urbe
2549 4394 2602 4438 et
2627 4384 2762 4449 vico,
2790 4383 2872 4435 cui
2909 4381 3070 4434 etiam
3095 4394 3229 4430 unus
3255 4379 3399 4430 sulli-

1915 4508 1933 4540 ι
1972 4488 2078 4543 ciat
2117 4485 2417 4554 presbyter,
2455 4482 2735 4550 episcopus
2766 4490 2871 4530 non
2908 4472 3263 4526 constituitur.
3302 4472 3396 4522 Su

1913 4603 1931 4633 ι
1974 4582 2168 4650 populo
2199 4573 2628 4646 frequentissima
2653 4571 2722 4624 sit
2747 4568 2894 4628 urbs,
2929 4581 3032 4618 non
3067 4562 3390 4626 indignum.»

242 4702 354 4752 Οὐκ
377 4657 689 4765 ἀναγκαῖον,
728 4657 986 4764 βραχείας
1019 4691 1187 4762 οὔσης
1211 4657 1316 4760 τῆς
1342 4688 1547 4746 πόλεως
1573 4684 1606 4752 ἢ
1633 4666 1723 4753 τῆς

1908 4675 2023 4730 Non
2059 4687 2278 4728 necesse
2307 4678 2410 4733 est,
2441 4668 2486 4723 si
2515 4666 2705 4734 exigua
2743 4662 2814 4713 sit
2855 4657 3042 4711 civitas
3082 4663 3172 4707 aut
3207 4670 3392 4720 pagus.

175 4793 392 4860 κώμης,
408 4790 462 4840 ὲν
541 4789 632 4840 καὶ
653 4782 732 4850 εἷς
762 4781 1132 4853 πρεσὸύτερος
1154 4780 1410 4849 ἐπαρκεῖ,
1434 4777 1735 4827 ἐπίσκοπον

175 4869 442 4953 γίνεσθαι,
476 4882 561 4932 ἵνα
602 4880 674 4949 μὴ
705 4874 1156 4940 κατευτελίζηται
1184 4873 1245 4923 τὸ
1286 4869 1381 4922 τοῦ
1427 4868 1736 4919 ἐπισκόπου

176 4973 529 5045 ὃνομα,Εἱδὲ
575 4972 666 5023 καὶ
708 4971 938 5038 βραχεῖα
991 4964 1143 5024 πόλις
1198 4958 1735 5027 πολυανθρωποτὰτη

181 5074 410 5140 γένοιτο,
445 5067 544 5117 οὐκ
587 5064 812 5126 ἀπεικὸς
861 5063 956 5115 καὶ
1002 5061 1059 5110 ἐν
1107 5054 1246 5120 αὐτῇ
1283 5047 1736 5120 χειροτονηθῆναι

181 5166 495 5217 ἐπίσκοπον.

787 5239 1026 5292 ΚΑΝΩΝ
1063 5238 1136 5290 Z'.

198 5367 215 5396 ι
261 5348 446 5406 Ὀσιος
477 5340 768 5397 ἐπίσκοπος
795 5328 971 5384 ἐἶπεν
995 5347 1010 5362 ο
1060 5331 1125 5382 Ἦ
1170 5324 1398 5393 ἀκαιρία
1441 5318 1616 5389 ἡμῶν,
1649 5319 1743 5373 καὶ

263 5429 357 5506 «ἡ
416 5415 582 5504 πολλῆ
636 5427 906 5496 συνέχεια,
957 5425 1053 5476 καὶ
1121 5421 1179 5474 αἱ
1250 5419 1426 5473 ἄδικοι
1489 5411 1743 5474 ἀξιώσεις

265 5551 282 5580 ι
328 5532 692 5600 πεποιήκαςιν
738 5520 888 5589 ἡμᾶς
935 5516 1206 5582 τοσαύτην
1263 5512 1339 5581 μὴ
1379 5509 1525 5578 ἔχειν
1554 5506 1742 5574 ¹χάριν

265 5645 282 5671 ι
330 5621 424 5672 καὶ
468 5616 796 5690 παρρησίαν,
865 5612 994 5678 ὅσην
1061 5604 1349 5674 ὀφείλομεν
1412 5595 1738 5665 κεκτῆσθαι.

261 5735 278 5763 ι
329 5709 516 5764 Πολλοὶ⁵
553 5688 661 5780 γὰρ
690 5708 795 5760 τών
828 5700 1141 5755 ἐπισκόπων
1173 5696 1231 5747 οὐ
1256 5691 1626 5745 διαλείπουσιν
1661 5688 1742 5748 εἰς

265 5827 282 5859 ι
329 5805 385 5856 τὸ
443 5779 798 5870 στρατόπεδον
848 5789 1303 5862 παραγενόμενοι,
1355 5784 1446 5834 καὶ
1507 5779 1744 5850 μάλιστα

271 5923 286 5950 ι
329 5899 376 5951 οἱ
411 5867 643 5961 ’Λφροιο
691 5891 912 5951 οἵτινες,
966 5880 1146 5943 καθὼς
1183 5879 1430 5944 ἔγνωμεν
1465 5872 1615 5940 παρὰ
1650 5867 1741 5922 τοῦ

273 6018 290 6049 ι
337 5986 615 6061 ἀγαπητοῦ
663 5981 892 6048 ἀδελφοῦ
953 5977 1108 6048 ἡμῶν
1177 5972 1273 6023 καὶ
1341 5962 1744 6026 συνεπισκὸπου

513 6090 776 6145 I’at‘aoL.
823 6080 937 6135 «in.
981 6074 1078 6132 CX
1096 6065 1334 6129 XXVII.

1840 4771 1927 4823 ubi
1958 4777 2013 4819 et
2044 4781 2185 4819 unus
2219 4763 2494 4832 presbyter
2524 4754 2774 4814 sulliciat,
2806 4749 3117 4818 episcopum
3160 4747 3295 4808 ficri,
3332 4760 3395 4796 ne

1837 4857 2072 4928 episcopi
2103 4869 2299 4906 nomen
2333 4849 2478 4919 parvi
2509 4846 2679 4898 fieret.
2711 4841 2768 4895 Si
2793 4842 2984 4909 exigua
3008 4847 3178 4890 autem
3207 4835 3395 4889 civrtas

1838 4946 2252 5021 quamplurimis
2305 4933 2508 5008 repleta
2559 4939 2631 4990 sit
2683 4935 3012 4994 hominibus,
3064 4945 3166 4982 non
3213 4930 3396 4982 incon-

1840 5058 2033 5111 gruum
2063 5046 2229 5093 est’et
2259 5036 2310 5089 in
2345 5048 2407 5088 ea
2439 5030 2680 5085 ordinari
2715 5028 3046 5095 episcopum.

2419 5204 2647 5264 CANON
2704 5203 2818 5256 VII.

1848 5331 1866 5365 ι
1907 5312 2068 5366 Osius
2102 5308 2386 5376 episcopus
2440 5299 2620 5352 dixit:
2670 5289 3053 5361 Importunitas
3097 5297 3295 5347 nostra,
3343 5291 3398 5336 et

1923 5426 1941 5457 ι
1979 5404 2142 5459 multa
2176 5398 2485 5455 assiduitas,
2520 5401 2573 5445 ct
2614 5389 2825 5454 injustas
2852 5381 3233 5451 postulationes
3265 5376 3394 5428 clIe-
3426 5403 3431 5408 -

1925 5514 1943 5546 ι
1985 5501 2194 5555 cerunt,
2224 5499 2280 5541 ut
2311 5502 2406 5541 nos
2432 5501 2536 5537 non
2570 5479 2824 5532 habemus
2850 5481 3052 5524 tantam
3088 5467 3308 5536 gratiam
3339 5476 3395 5517 et

1921 5607 1940 5638 ‹
1984 5586 2285 5639 libertatem
2319 5577 2549 5638 dicendi,
2597 5578 2851 5637 quantam
2886 5567 3077 5619 habere
3122 5560 3393 5610 debemus.

1921 5698 1940 5731 ι
1979 5678 2130 5731 M‘ulti
2154 5676 2297 5730 enim
2327 5664 2560 5738 episcopi
2605 5677 2710 5714 non
2744 5647 3187 5731 intermittuntad
3225 5659 3395 5709 castra

1927 5787 1944 5819 ι
1979 5767 2254 5826 accedere,
2293 5773 2344 5812 et
2401 5756 2631 5808 maxime
2665 5750 2821 5813 Afri;
2878 5743 2986 5812 qui,
3049 5746 3395 5808 quemadnm-

1928 5882 1942 5913 ι
1985 5860 2109 5914 dum
2146 5853 2488 5922 cognovimus
2519 5864 2546 5900 a
2579 5847 2770 5900 dilecto
2823 5841 2982 5890 fratre
3020 5845 3200 5913 nostro
3231 5841 3284 5884 et
3312 5845 3399 5883 eo-

1928 5975 1944 6007 ι
1984 5953 2233 6024 episcopo
2271 5947 2457 6011 Grato,
2499 5938 2749 5998 salutaria
2798 5930 3024 5986 consilia
3054 5946 3158 5984 non
3203 5924 3392 5978 admit.-

2949 6025 3018 6085 40
