4008 6352
185 499 330 560 1453

1320 502 1398 562 ΙΝ
1425 501 1584 559 CAN.
1628 502 1736 562 Vl]
1778 499 1983 560 CONC.
2031 500 2325 562 SARDIC.

3283 497 3416 560 1454

188 609 455 678 βασιλέως
483 609 914 685 ἀνακρινομένου
939 611 1065 682 περὶ
1103 612 1247 675 τίνος
1274 614 1468 676 αὐτοὺς
1503 630 1745 683 μετακα-

1859 625 2125 678 acrersat;
2160 626 2258 668 nec
2287 613 2320 666 ii
2360 615 2433 667 rei
2464 612 2626 668 futuri
2668 614 2794 677 sint,
2838 623 2896 668 ut
2938 613 3256 682 quijubenti
3313 615 3414 666 ἰιιι-

187 701 387 764 λεῖται,
419 703 557 770 μήτε
608 701 819 754 τούτων
875 693 1252 773 εὖθυνομένων
1283 704 1358 768 ὡς
1408 705 1744 759 ὑπεικόντων

186 790 584 860 προστάττοντι
607 791 837 859 βασιλεῖ.
881 793 1174 860 ’Λνὰγνωθι
1209 796 1305 864 τῆς
1354 799 1408 847 ἐν
1449 795 1748 865 Ἀντιοχείᾳ

186 883 410 934 συνόδου
443 883 642 936 κανόνα
659 889 765 948 ἰα’,
800 883 888 953 ιβ’,
919 886 1012 938 καὶ
1044 887 1142 955 τῆς
1191 889 1470 957 παρούσης
1524 890 1746 941 συνόδου

185 977 388 1028 κανόνα
412 984 480 1044 η’.
521 977 565 1030 θ’
593 979 686 1032 καὶ
717 986 820 1034 ια’.

261 1069 500 1126 ΖΩΝΔΡ.
554 1071 709 1133 Τινὲς
762 1073 868 1125 τῶν
901 1075 1216 1127 ἐπισκόπων
1269 1077 1361 1127 καὶ
1407 1076 1748 1145 μάλισταοὶ

190 1162 413 1228 ’Λφροι,
446 1163 493 1212 οἱ
530 1163 587 1214 ὲν
628 1162 855 1232 ’Δφρικῇ
891 1163 1150 1233 δηλονότι,
1174 1167 1410 1235 συνεχῶς
1443 1167 1749 1237 προσῄεσαν

185 1252 304 1312 τοῖς
357 1250 688 1318 βασιλεῦσιν,
742 1255 995 1321 αἰτήσεις
1065 1256 1268 1318 οἰκείας
1330 1259 1423 1312 καὶ
1497 1259 1749 1324 ἀξιώσεις

183 1341 422 1408 ἔχοντες,
452 1343 572 1395 οὐδὲ
614 1344 828 1408 δικαίας
860 1347 1011 1409 ἴσως.
1043 1349 1211 1401 Τοῦτο
1259 1347 1351 1403 οὖν
1390 1351 1747 1422 διορθουμένη

183 1435 460 1503 ήισύνοδος
489 1435 650 1505 αὕτη,
675 1441 858 1508 φησιν,
884 1442 962 1493 ὅτι
999 1442 1060 1494 Ἦ
1090 1443 1314 1513 ἀκαιρία
1341 1445 1514 1514 ἡμῶν,
1545 1446 1662 1514 ἦτοι
1689 1446 1750 1498 τὸ

189 1528 270 1596 μὴ
296 1528 567 1596 εὐκαίρως
603 1532 883 1596 προσιέναι
913 1535 1022 1595 τοῖς
1045 1534 1346 1603 βασιλεῦσι,
1395 1537 1630 1605 συνεχῶς
1689 1537 1746 1589 δὲ

184 1620 284 1672 καὶ
319 1621 374 1671 αἱ
399 1620 574 1673 ἄδικοι
608 1621 863 1685 ἀξιώσεις
886 1630 1249 1692 πεποιήκασιν
1275 1628 1415 1695 ἡμᾶς
1453 1627 1527 1697 μὴ
1555 1631 1748 1681 τοσαύ-

183 1730 291 1782 την
321 1713 468 1781 ἔχειν
497 1713 678 1784 χάριν,
706 1716 875 1784 ἤγουν
912 1717 986 1788 μὴ
1017 1717 1188 1781 οὕτως
1239 1713 1376 1769 εἶναι
1414 1720 1748 1787 κεχαρισμέο

185 1820 312 1865 νους
342 1805 434 1857 καὶ
462 1805 643 1866 αἰδοῦς
670 1806 853 1870 ἀξίους
885 1807 1218 1878 νομίζεσθαι,
1267 1811 1403 1879 μηδὲ
1439 1811 1750 1879 παρρησιά-

183 1895 374 1956 ζεσθαι
413 1895 694 1962 δύνασθαι,
727 1899 868 1967 ὅσονε
893 1899 1201 1967 ὀιρείλομεν.
1256 1901 1444 1951 Πολλοὶ
1506 1903 1611 1971 γὰρ
1643 1902 1749 1953 τῶν

1850 707 2085 773 peratori
2116 707 2504 775 obsequantur.
2544 706 2676 761 Vide
2728 706 3178 776 Cartliagineusis
3217 705 3410 776 synodi

1850 812 2085 852 canones
2101 799 2192 862 il,
2225 799 2312 864 12,
2337 809 2389 853 et
2412 800 2694 867 prazsetttis
2728 801 2919 868 synodi
2954 800 3008 864 8,
3055 800 3087 858 9
3123 808 3178 852 et
3209 799 3298 852 ﬁt.

1927 1065 2177 1121 ZONAR.
2242 1067 2485 1134 Episcopi
2513 1068 2755 1136 quidam,
2825 1081 2888 1120 ac
2915 1067 3031 1120 Afri
3095 1067 3414 1135 praesertim,

1853 1157 1954 1212 loc
1987 1168 2088 1221 est,
2133 1159 2222 1227 qui
2259 1161 2307 1210 in
2345 1158 2525 1211 Africa
2545 1160 2822 1227 degerent,
2851 1159 3077 1227 privatis
3136 1160 3200 1212 de
3257 1159 3417 1212 rebus

1850 1251 2117 1319 postulata
2152 1262 2202 1302 et
2232 1266 2439 1318 preces,
2473 1265 2588 1319 quae
2612 1266 2800 1317 parum
2834 1250 2996 1304 etiam
3041 1239 3195 1302 forte
3246 1251 3414 1318 :rqni-

1855 1342 1979 1393 tatis
2012 1342 2292 1403 baberent,
2323 1342 2387 1391 ad
2418 1342 2795 1407 imperatorem
2834 1340 3049 1392 assidue
3077 1340 3412 1392 deferebant.

1859 1432 1953 1484 Cui
1985 1432 2202 1498 quidem
2241 1432 2380 1484 malo
2416 1435 2652 1500 synodus
2713 1434 2824 1486 haec
2888 1433 3109 1492 mederi,
3145 1432 3367 1499 cupiens
3403 1449 3414 1483 :

1854 1523 2072 1587 Nostra,
2113 1524 2306 1592 inquit,
2354 1507 2758 1590 importunitas,
2798 1526 2897 1578 hoc
2929 1533 3032 1586 est,
3079 1534 3257 1576 nostra
3292 1539 3422 1576 con-

1855 1617 2084 1669 suetudo
2115 1618 2178 1668 ad
2210 1617 2590 1684 imperatorem
2617 1617 2830 1669 assidue
2901 1628 3141 1683 tempore
3199 1616 3419 1668 minimc

1854 1717 2157 1772 opportuno
2179 1704 2431 1768 adeundi,
2461 1705 2778 1772 injustmqne
2811 1703 3186 1772 ﬂagitationes,
3206 1717 3412 1771 notan-

1857 1805 1966 1846 tum
2001 1797 2184 1863 gratia:
2218 1797 2534 1859 habeamus,
2571 1796 2673 1850 hoc
2711 1806 2812 1858 est,
2844 1805 2901 1848 ut
2941 1795 3120 1849 minus
3174 1797 3310 1864 grati
3341 1798 3417 1848 si-

1857 1902 1994 1950 mus,
2035 1902 2133 1939 nec
2167 1888 2236 1938 ita
2267 1887 2614 1941 veneratione
2671 1888 2815 1957 dTgni
2851 1888 3248 1953 existimemur,
3292 1889 3420 1942 elic-

185 1986 504 2039 ἒπισκόπων
526 1986 586 2039 οὐ
612 1987 978 2042 διαλείπουσιν
1017 1993 1096 2051 είς
1133 1992 1192 2043 τὸ
1247 1993 1604 2061 στρατόπεδον
1640 2010 1747 2045 πα-

1859 1989 2071 2042 cerunt,
2107 1993 2278 2044 neque
2313 1992 2504 2046 parum
2540 1979 2606 2030 de
2646 1992 2731 2040 ea,
2766 1994 2926 2045 quam
2956 1981 3208 2032 obtinere
3233 1981 3421 2034 deimi-

188 2077 563 2145 ραγινόμενοι,
599 2078 693 2130 καὶ
743 2066 976 2148 μάλιστα
1013 2083 1059 2132 οἱ
1097 2082 1316 2148 Ἀφροι.
1376 2082 1746 2148 Στρατοπεδου

185 2165 244 2218 δὲ
276 2169 544 2237 ἐμνήσθη,
577 2169 657 2221 ὅτι
684 2151 760 2230 ὡς
794 2172 885 2222 ἐπὶ
910 2171 968 2223 τὸ
992 2172 1124 2223 πολὺ
1153 2173 1200 2223 οἱ
1234 2172 1468 2241 βασιλεῖς
1492 2174 1750 2241 στρατείᾳ

184 2258 501 2327 ἐσχόλαζον.
535 2259 748 2322 Οῖτινες
788 2262 1075 2314 ἐπίσκοποι
1095 2263 1192 2324 τὰς
1221 2264 1584 2333 σωτηριώδεις
1609 2279 1749 2333 συμ-

187 2350 395 2413 ϐουλὰς
449 2352 510 2404 οὐ
547 2353 969 2422 παραδέχονται,
1027 2354 1162 2407 ἀλλὰ
1202 2355 1604 2424 καταφρονοῦσι
1642 2357 1751 2408 τῶν

189 2442 490 2495 συνοδικῶν
516 2444 892 2512 παραινέσεων
917 2444 1274 2509 οὕτως,ιῶστὲ
1302 2447 1587 2516 ἄνθρωπον
1611 2448 1751 2517 (ἦτοι

185 2534 514 2605 ἐπίσκοπον)
550 2537 647 2588 ἕνα
678 2538 878 2601 πολλὰς
914 2540 1005 2591 καὶ
1061 2539 1350 2609 διαφόρους
1382 2543 1630 2610 αἰτήπις.
1657 2558 1749 2592 κο·-

189 2629 375 2691 μίζειν
412 2629 490 2690 είς
523 2630 582 2679 τὸ
615 2629 1005 2697 στρατόπεδον,
1035 2632 1125 2683 καὶ
1159 2631 1233 2701 μὴ
1267 2632 1572 2700 δυναμένας
1606 2632 1753 2700 ὡφεα

186 2723 357 2788 λῆσαι
389 2711 484 2783 τὰς
512 2720 832 2790 ἐκκλησίας,
875 2723 968 2773 καὶ
1000 2703 1075 2790 μῆ
1109 2710 1356 2789 γίνεσθαι
1382 2721 1566 2784 καθὼς
1594 2725 1753 2790 χρέος

188 2813 316 2864 ἐστὶ
352 2816 535 2864 ποιεῖν.
554 2813 680 2873 τοὺς
710 2814 1066 2878 ἐπισκόπους,
1098 2816 1188 2864 καὶ
1241 2813 1424 2873 καθὼς
1457 2814 1750 2883 ἐνδέχεται.

191 2905 264 2956 Τί
299 2905 354 2956 δὲ
384 2905 540 2958 τοῦτό
568 2909 725 2972 toti;
760 2906 832 2957 Τὺ
869 2906 944 2976 μὴ
978 2907 1334 2974 συναίρεσθαι
1371 2907 1463 2958 καὶ
1494 2907 1755 2974 ἀντιλαμ-

193 2994 461 3047 ϐάνεσθαι
495 2996 590 3048 καὶ
619 2995 835 3065 βοηθεῖν
885 2999 995 3058 τοῖς
1020 2998 1216 3066 πένησι
1250 2997 1342 3048 καὶ
1401 2999 1519 3058 ταῖς
1557 2998 1754 3066 χήραις

189 3087 223 3154 ἢ
267 3088 380 3147 τοῖς
416 3087 647 3151 λαῖκοίς,
684 3085 822 3139 ἀλλὰ
849 3088 1088 3156 κοσμικὰ
1119 3087 1409 3156 ἀξιώματα
1456 3089 1551 3141 καὶ
1602 3095 1754 3157 ἐνερ-

189 3178 354 3243 γείας
404 3179 498 3259 καὶ
544 3179 803 3240 τοιαύτας
853 3179 1115 3240 ἐπινοεῖν,
1167 3180 1289 3232 ἀντὶ
1352 3181 1446 3231 τοῦ
1506 3181 1598 3232 ἐπὶ
1632 3183 1754 3232 νοῦν

191 3267 456 3338 ἔρχεσθαι
490 3268 697 3332 αὐτοῖς,
730 3270 826 3323 καὶ
855 3269 1080 3320 τοιαῦτα
1120 3271 1314 3321 αἰτεῖν.
1351 3269 1497 3339 Αὕτη
1551 3273 1750 3334 τοίνυν,

192 3359 388 3426 φησιν,
427 3359 459 3427 ἠ
501 3359 782 3434 σκαιότης,
816 3358 848 3424 ὴ
908 3350 1096 3422 κακία,
1132 3359 1164 3426 ἡ
1205 3361 1462 3429 πονηρία,
1508 3361 1756 3429 προξενεῖ

192 3456 332 3521 ἡμῖν
364 3452 457 3503 τ’»ν
508 3450 812 3520 θραυσμὺν,
846 3451 1090 3502 τουτέστι
1137 3452 1326 3521 θραύει
1391 3452 1560 3521 ἡμᾶς,
1614 3451 1754 3506 ὥστε

197 3545 340 3613 μήτε
398 3543 713 3611 παρῤησίαν
741 3542 998 3596 δύνασθαι
1052 3544 1215 3614 ἔχειν,
1253 3544 1755 3614 σκανδαλιζομένων

196 3633 287 3701 ἐφ’
303 3635 432 3702 ἡμῖν
447 3632 556 3684 τῶν
584 3633 885 3702 ἀνθρώπων
912 3637 1005 3687 καὶ
1027 3637 1549 3701 καταγινωσκόντων
1574 3638 1750 3705 ἡμῶν.

195 3725 438 3791 ῐιρέπειν
469 3723 525 3775 δὲ
560 3723 786 3792 μᾶλλον,
824 3726 977 3792 φησὶ,
1007 3726 1290 3794 λογίζομαι
1329 3726 1416 3777 τὸν
1456 3725 1755 3779 ἐπίσκοπον

198 3816 418 3884 βοηθεῖν
481 3816 673 3884 ἐκείνῳ
726 3801 808 3886 τῷ·
838 3815 960 3884 βίαν
997 3816 1100 3868 ὑπό
1136 3833 1283 3878 τινος
1338 3817 1622 3887 πάσχοντι,
1662 3820 1758 3871 καὶ

200 3907 318 3966 ταῖς
372 3906 758 3974 ἀδικουμέναις
810 3908 1025 3976 χήραις,
1070 3907 1160 3958 καὶ
1198 3891 1323 3970 θεοῖς’
1359 3909 1633 3977 ὀρφανοῖς,
1664 3910 1758 3973 οὓς

199 3995 568 4064 ἁποστεροῦσί
615 4011 761 4059 τινες
806 3997 918 4050 τῶν
966 3998 1149 4060 αὐτοῖς
1203 3999 1562 4069 διαφερόντων
1593 4018 1607 4032 ·
1665 4004 1758 4055 καὶ

203 4087 417 4148 τούτοις
447 4086 504 4138 δὲ
531 4090 646 4150 τοῖς
677 4089 956 4158 ὀρφανοῖς,
997 4090 1087 4142 καὶ
1119 4092 1237 4150 ταῖς
1270 4093 1484 4161 χήραις,
1526 4092 1618 4142 καὶ
1647 4093 1759 4154 τοῖς

205 4173 828 4247 καταδυναστευομένοις
851 4177 971 4229 τότε
999 4178 1229 4247 βοηθεῖν,
1255 4181 1345 4230 ὅτε
1374 4180 1554 4231 δίκαια
1581 4179 1762 4244 ἀξιοῦ-

208 4288 314 4322 σιν.
347 4255 411 4320 Εἰ
439 4270 546 4338 γὰρ
576 4268 758 4322 ἄδικόν
786 4288 837 4321 τι
867 4270 1128 4332 αἰτοῦσιν,
1157 4270 1275 4322 οὐδὲ
1303 4271 1527 4323 ἐκείνων
1563 4275 1617 4324 ὲν
1644 4274 1758 4327 ἁδί-

202 4376 326 4420 κοις
353 4359 745 4411 ἀντιποιεῖσθαι
780 4360 886 4429 χρὴ
914 4362 1037 4421 τοὺς
1094 4359 1448 4421 ἐπισκόπους.
1484 4362 1545 4413 Εἰ
1582 4363 1770 4433 τοίνυν

203 4450 368 4502 τοῦτο
392 4451 544 4504 δοκεῖ
569 4453 726 4518 πᾶσι,
763 4453 927 4519 φησὶν
973 4453 1000 4503 ό
1029 4452 1234 4515 Ὀσιος,
1274 4451 1611 4522 ἐπικρίνατε,
1643 4453 1787 4509 ἀντὶε

205 4542 331 4602 τοῦ,
376 4542 663 4611 κυρώσατε
710 4542 810 4609 τὴν
857 4543 1082 4611 γνώμην
1110 4544 1333 4610 ταύτην,
1363 4539 1503 4593 ὥστε
1560 4544 1762 4619 μηδένα

1858 2087 1996 2132 tnus,
2025 2069 2280 2137 loquendi
2349 2070 2600 2123 libertate
2655 2071 3029 2126 detraxerunt.
3070 2071 3221 2125 Multi
3274 2077 3418 2128 enim

1853 2164 2209 2232 episcopi,ac
2248 2163 2360 2216 Afri
2435 2164 2690 2224 maxime,
2730 2162 2792 2214 ad
2848 2174 3027 2216 castra
3080 2171 3414 2220 commeandi

1853 2251 2013 2303 ﬁnem
2063 2252 2266 2303 nullum
2316 2251 2541 2306 faciunt.
2585 2251 2897 2309 Castrorum
2955 2270 3084 2308 vero
3142 2258 3409 2322 meminit,

1853 2343 2219 2410 quod'militiaa
2279 2351 2333 2395 ut
2368 2344 2658 2411 plurimum
2721 2343 3077 2414 imperatores
3131 2360 3413 2402 vacarent.

1854 2436 1954 2501 Qui
1986 2438 2198 2504 quidem
2235 2437 2468 2504 episcopi
2496 2437 2751 2489 salutaria
2808 2439 3036 2492 consilia
3080 2454 3414 2508 nequaquam

1855 2531 2099 2588 audiunt,
2157 2546 2342 2582 verum
2397 2532 2681 2600 synodicas
2734 2533 3133 2586 admonitiones
3181 2550 3420 2603 eousque

1857 2632 2232 2683 contemnunt,
2306 2629 2366 2672 ιιι
2424 2635 2561 2673 unus
2632 2621 2789 2673 homo
2839 2621 3148 2690 (episcopus
3205 2634 3418 2692 nempe)

1860 2713 2056 2762 umltas
2085 2721 2137 2763 et
2172 2711 2414 2763 diversas
2446 2710 2834 2778 postulationes
2865 2714 2916 2764 in
2951 2722 3131 2766 eastra
3183 2713 3418 2780 deferat,

1855 2817 1977 2869 qua:
2007 2816 2180 2868 neque
2205 2800 2457 2854 Ecclesiae
2484 2801 2729 2854 utilitatis
2757 2803 2956 2869 aliquid
3011 2802 3153 2857 ferre
3188 2807 3416 2871 possint,

1859 2909 2034 2961 neque
2070 2895 2203 2946 tales
2247 2893 2374 2958 sint,
2427 2893 2617 2961 quales
2666 2894 2991 2962 episc0palis
3045 2894 3201 2949 oﬂicii
3261 2901 3418 2961 ratio,

1859 2988 2080 3056 ipsaque
2110 3000 2285 3036 rerum
2322 2995 2511 3037 natura
2547 2983 2872 3052 praescribit.
2900 2983 3035 3050 Quid
3067 3000 3193 3039 vero
3224 2985 3276 3040 id
3304 2990 3422 3043 est?

1863 3077 1929 3131 Ut
1957 3091 2138 3144 neque
2165 3076 2373 3129 scilicet
2417 3079 2743 3145 pauperibus
2782 3088 2837 3130 et
2893 3078 3072 3132 viduis
3122 3091 3212 3132 aut
3272 3079 3422 3134 laicis

1859 3170 2288 3236 patrocinentur,
2332 3185 2620 3237 operatnve
2671 3169 2739 3223 iis
2795 3164 3287 3224 sublevandis'aut
3327 3173 3418 3241 ju-

1856 3260 2404 3327 vandisimpendant,
2455 3261 2549 3314 sed
2581 3260 2838 3329 profanas
2870 3263 3161 3330 dignitates
3204 3279 3269 3317 ac
3302 3281 3418 3317 ιιιιι-

1860 3369 2048 3406 nerum
2081 3353 2342 3419 ejusmodi
2381 3336 2693 3408 l‘uncti'oncs
2722 3353 2985 3422 cogitent,
3023 3356 3123 3409 lioc
3156 3365 3260 3421 est,
3296 3358 3416 3409 ani-

1859 3459 1949 3496 mo
2008 3451 2246 3505 versent,
2312 3443 2486 3512 deque
2542 3443 2608 3497 iis
2667 3444 3039 3511 tantummodo
3116 3446 3421 3500 obtinendis

1859 3533 2130 3586 laborent.
2184 3532 2306 3586 lla:e
2362 3533 2524 3598 igitur
2581 3533 2758 3599 nobis,
2788 3534 3004 3602 inquit,
3063 3540 3414 3604 perversitas,

1860 3627 2198 3693 improbitas,
2231 3626 2469 3694 nequitia
2498 3627 2876 3681 detrimentum
2897 3629 3167 3694 conciliat,
3191 3632 3286 3682 hoc
3309 3640 3416 3693 est,

1859 3716 1932 3765 ita
1970 3726 2180 3768 mistras
2207 3721 2345 3769 vires
2372 3716 2569 3783 frangit
2596 3760 2611 3782 ,
2656 3727 2711 3768 ut
2740 3719 2901 3770 etiam
2938 3719 3103 3788 libere
3162 3721 3408 3785 loquendi

1860 3804 2271 3866 facultatetn,ob
2301 3820 2360 3858 ea
2390 3820 2510 3874 qua:
2541 3806 3264 3874 agimusoﬂ'misishominum
3300 3809 3417 3861 aui-

1863 3897 1984 3961 mis,
2021 3912 2221 3963 nosque
2254 3913 2350 3951 sua
2377 3899 2780 3952 existimatione
2810 3901 3297 3953 ccudemnantibus
3327 3917 3425 3954 uo-

1862 3995 1945 4048 bis
1966 3993 2180 4059 eripiat.
2214 3991 2382 4061 Magis
2417 4008 2540 4045 vero
2571 3994 2773 4056 dicere,
2840 3969 3016 4058 inquit
3061 3995 3334 4057 existimo,
3370 4003 3427 4048 ut

1861 4086 1965 4149 cis,
2014 4086 2106 4154 qui
2137 4086 2371 4152 potentia
2397 4084 3118 4152 cujuSpiam-opprimuntur,
3147 4103 3208 4140 ac
3233 4089 3424 4150 viduis,

1864 4193 1981 4243 qtne
2010 4194 2103 4246 per
2133 4179 2380 4246 injuriam
2401 4175 2686 4238 vexantur,
2721 4186 2828 4244 tum
2860 4177 3094 4245 pupillis,
3129 4194 3262 4243 quos
3289 4194 3424 4233 non-

1871 4272 2004 4325 nulli
2039 4273 2268 4323 fortunis
2297 4277 2568 4330 evertunt,
2614 4270 2898 4338 episcopus
2946 4286 3102 4338 opem
3133 4271 3300 4324 ferat:
3343 4285 3424 4326 at-

1864 4379 1967 4432 que
2003 4365 2084 4415 bis
2117 4375 2329 4430 quoque
2361 4361 2576 4427 pupillis
2611 4373 2664 4415 ct
2694 4362 2894 4429 viduis,
2943 4378 3007 4417 ac
3061 4365 3143 4427 iis,
3194 4367 3284 4431 qui
3321 4383 3419 4434 po-

1864 4457 2155 4507 tcntiormu
2200 4451 2367 4524 595.
2391 4453 2666 4508 dominatu
2699 4463 3040 4522 premuntur,
3098 4457 3166 4509 ita
3206 4455 3422 4510 denmm

1865 4557 2062 4614 praasto
2087 4549 2175 4613 sit,
2200 4551 2242 4600 si
2281 4546 2409 4600 nihil
2439 4548 2506 4600 ab
2557 4547 2662 4601 illis
2740 4548 2984 4615 iniQuum
3036 4548 3294 4615 postulari
3332 4565 3425 4604 co-

206 4635 510 4688 ἐπίσκοπον
542 4635 623 4695 είς
650 4635 710 4687 τὸ
733 4632 1114 4701 στρατόπεδον,
1138 4632 1255 4701 ᾕτοί
1285 4636 1360 4695 εἰς
1389 4633 1635 4701 βασιλέα,
1666 4652 1756 4688 πα-

1867 4637 2134 4701 gnoverit.
2179 4636 2310 4690 Nam
2344 4637 2387 4691 si
2425 4636 2623 4704 aliquid
2655 4638 2885 4690 alienum
2915 4639 2981 4688 ab
3036 4640 3287 4706 arquitate
3353 4642 3425 4694 illi

210 4724 533 4796 ραγίνεσθαι
561 4723 690 4776 ἄνευ
725 4723 831 4777 τῶν
858 4722 1148 4793 γράμμασι
1181 4722 1478 4791 βασιλικοῖς
1517 4739 1763 4789 petax:-

207 4803 509 4884 λουμένων.
578 4814 731 4866 Ἐπεὶ
760 4817 817 4868 δὲ
863 4814 1046 4867 πολλοὶ
1109 4816 1507 4884 προσφεύγουσι
1552 4819 1616 4887 τῇ
1677 4821 1767 4888 ὲκέ

212 4908 435 4977 κλησὶᾳη
459 4906 641 4967 ὲλέους
677 4904 944 4972 δεόμενοι,
984 4904 1078 4958 καὶ
1108 4905 1192 4961 διὰ
1232 4907 1547 4975 πταίσματα
1579 4925 1768 4977 περιο-

214 4995 522 5068 ρισθῆναιῆ
559 4994 828 5064 εἰς’νῆσον
862 4995 1176 5064 πεμφθῆναι
1201 4995 1707 5062 καταδικασθέντες,
1734 4995 1767 5064 ἢ

215 5091 430 5142 ἔκδοτοι
456 5088 742 5154 γενόμενοι
791 5087 1062 5152 ἀποφάσει
1114 5086 1308 5156 ἑτέρας
1336 5086 1628 5151 κολάσεως,
1661 5093 1773 5150 τοίς

216 5176 505 5237 τοιούτοις,
549 5175 739 5244 φησιν,
767 5175 828 5228 οὐ
862 5175 967 5243 χρὴ
1002 5175 1077 5244 μὴ
1101 5175 1339 5244 βοηθεῖν,
1375 5174 1510 5228 ἀλλὰ
1568 5179 1772 5248 μελλη-

221 5267 387 5332 σμοῦ,
422 5266 539 5336 ἦτοι
567 5264 919 5335 βραδυτῆτος,
945 5266 1116 5334 χωρὶς
1157 5268 1248 5318 καὶ
1271 5266 1573 5335 δισταγμοῦ
1604 5270 1775 5322 αἰτεῖ-

230 5355 356 5408 σθαι
385 5358 565 5416 αὐτοῖς
600 5355 971 5424 συγχώρησιν.

1841 4771 1844 4775 λ
1871 4740 2083 4793 quoque
2122 4724 2382 4795 ﬂagitent,
2410 4740 2474 4780 ne
2501 4728 2566 4781 iis
2597 4730 2808 4796 quidem
2838 4731 3118 4796 ep'scopos
3167 4731 3217 4783 in
3269 4747 3330 4785 ea
3373 4746 3425 4785 re

1871 4819 2200 4883 patrocinari
2235 4816 2316 4870 fas
2349 4828 2449 4871 est.
2482 4818 2535 4872 Si
2577 4827 2705 4887 ergo
2729 4821 2981 4876 omnibus
3026 4822 3162 4874 idem
3194 4823 3423 4886 videtur,

1875 4908 2251 4977 inquitOSius,
2287 4910 2386 4963 hoc
2405 4913 2724 4981 approbate,
2779 4911 2832 4964 id
2884 4924 2987 4975 est,
3035 4911 3170 4965 hanc
3217 4923 3428 4967 senten-

1876 5001 2001 5053 tiam
2041 5010 2216 5055 vestro
2248 5001 2467 5057 decreto
2523 5001 2865 5068 contirmate,
2892 5019 2958 5056 ne
2991 5006 3113 5071 quis
3137 5007 3223 5058 ‘ad
3271 5021 3425 5060 exer-

1871 5092 2066 5156 citum,
2113 5094 2215 5147 hoc
2240 5104 2344 5158 est,
2376 5096 2441 5146 ad
2467 5095 2871 5160 imperatorem,
2925 5107 3121 5162 printer
3183 5114 3278 5150 eos
3338 5096 3427 5162 qui

1869 5178 2111 5246 ejusdem
2141 5181 2481 5249 imperatoris
2505 5179 2700 5234 litteris
2724 5181 2930 5235 evocati
2962 5181 3183 5245 fuerint,
3216 5183 3428 5250 episco-

1869 5283 1970 5338 pus
2012 5281 2273 5328 transeat.
2307 5271 2569 5336 Quoniam
2625 5287 2754 5327 vero
2809 5271 2958 5325 multi
3006 5274 3424 5328 misericordiam
3460 5331 3467 5338 ,

1861 5363 2222 5428 implorantes
2243 5362 2306 5415 ad
2325 5363 2607 5418 ecclesiam
2635 5363 2970 5431 confugiunt,
2993 5369 3058 5418 ob
3081 5365 3302 5417 crimina
3331 5381 3428 5416 ex-

220 5439 345 5509 silio
377 5456 454 5505 vel
487 5455 538 5504 in
575 5451 800 5504 insulam
833 5451 1212 5521 deportatimti,
1233 5451 1315 5504 vel
1340 5451 1489 5508 alteri
1527 5452 1762 5523 cuipiam
1792 5457 2052 5525 supplicio
2078 5459 2309 5524 addicti;
2340 5459 2477 5527 3e08,
2544 5461 2735 5529 inquit,
2787 5462 2853 5516 ab
2905 5447 3168 5532 episcopis
3221 5465 3426 5530 repelli,

219 5561 444 5614 opemve
477 5545 834 5612 ﬂagitantibus
861 5546 1110 5616 denegari
1147 5559 1250 5599 non
1285 5553 1526 5610 oportet;
1564 5562 1751 5602 verum
1790 5551 1992 5616 absque
2057 5554 2557 5622 procrastinatione,
2614 5557 2716 5612 hoc
2748 5573 2850 5624 es,
2912 5574 3250 5617 cunctatione
3307 5582 3429 5619 om-

225 5643 280 5693 ni
309 5637 742 5707 dubitatioueque
799 5639 1029 5701 sublata,
1095 5654 1189 5704 pro
1237 5639 1471 5704 ipsorum
1521 5639 1774 5706 periculis
1801 5644 2101 5712 deprecari.
2419 5647 2422 5652 ’

231 5730 454 5786 ΔΡΙΣΤ.
499 5747 516 5780 t
565 5730 854 5799 Ὀρφανοῦ,
911 5729 1001 5781 καὶ
1033 5730 1230 5798 χήρας,
1262 5729 1354 5780 καὶ
1384 5729 1771 5798 ἀπεριστάτου,

304 5843 321 5874 ι
369 5823 728 5893 βιαζομένων,
797 5826 873 5883 είς
917 5821 1170 5892 βοήθειαν
1225 5819 1623 5890 κατατολμήσει
1676 5823 1772 5874 καλ⁵

308 5935 328 5969 ι
371 5914 808 5987 προσελεύσεται,
838 5914 914 5982 τῷ
952 5914 1160 5983 βασιλεί
1207 5914 1233 5965 ὁ
1292 5913 1587 5975 ἐπίσκοπος
1612 5929 1625 5945 ο
1655 5913 1769 5964 ἀλλ’

1873 5734 2098 5789 ARIST.
2136 5754 2154 5787 ι
2193 5735 2464 5806 Orphano,
2501 5738 2680 5804 vidua,
2711 5753 2764 5796 et
2823 5743 2890 5796 ab
2941 5743 3058 5797 aliis
3097 5745 3330 5808 deserto,
3379 5750 3426 5802 \i

1954 5842 1972 5874 ι
2004 5817 2605 5899 ορριεεείε,ἐυνρειὶοε
2642 5820 2705 5886 iis
2768 5832 2921 5896 feret,
2970 5847 3021 5888 et
3050 5837 3421 5906 imperatorem

1953 5935 1971 5966 ι
2010 5915 2172 5972 adibit
2208 5922 2528 5990 episc0pus;
2577 5931 2939 5980 verumtamen
2992 5925 3255 5994 ejusmodi
3288 5943 3424 5994 prm-
