4008 6352
216 448 359 512 1465

214 661 302 741 είς
329 662 392 716 τὸ
419 663 519 732 τῆς
542 665 849 737 ἐπισκοπῆς
876 668 1009 738 ὕψος
1038 671 1250 742 ἀθρόως
1301 672 1601 743 ἀνάγεσθαι
1636 696 1773 746 συγ-

215 757 411 825 χωρεῖν
468 756 606 811 ἀλλὰ
656 758 789 822 τοὺς
843 763 1148 832 ίερατικοῦς
1200 766 1504 838 πρότερον-
1531 768 1773 840 βαθμοὺς

214 847 527 916 προελθεῖν,
562 852 631 905 ἐν
678 852 896 929 ἑκάστῳ
951 855 1194 926 τάγματι
1247 858 1340 911 τὸν
1385 861 1774 931 νενομισμένον

214 941 534 1013 πληροῦντα
561 945 772 1015 χρόνον,
804 946 899 1001 καὶ
926 948 1048 1001 τότε
1070 949 1171 1021 τῆς
1188 951 1493 1022 ἐπισκοπῆς
1523 954 1623 1021 τὴν
1655 970 1771 1025 χει-

216 1037 471 1105 ροτονίαν
501 1032 774 1108 δέχεσθαι.
1605 1030 1620 1042 “

775 1133 1016 1189 KA'NON
1036 1136 1113 1191 .IA
1131 1176 1147 1193 .

220 1241 242 1275 ε
285 1223 643 1293 Ἐπίσκοπος,
670 1229 800 1283 ὅταν
829 1230 887 1297 ἐξ
910 1230 1107 1303 ἐτέρας
1134 1234 1344 1300 πόλεως
1395 1236 1767 1309 παραγίνηταὶ

289 1337 309 1370 ε
346 1320 429 1381 είς
456 1319 654 1392 ἐτέραν
700 1320 877 1391 πόλιν,
908 1325 943 1397 ἢ
975 1324 1084 1381 ἀπὸ
1140 1327 1338 1399 ἐτέρας
1384 1329 1655 1402 ἐπαρχίας
1685 1333 1769 1395 είς

294 1428 314 1462 ε
355 1412 552 1483 ἑτέραν
603 1414 897 1487 ἐπαρχίαν,
963 1419 1177 1490 κόμπου
1237 1419 1396 1491 χάριν
1455 1424 1770 1494 ’ἐγκωμίοις

292 1521 312 1555 ι
346 1504 570 1568 οίκείοις
597 1506 1061 1579 ὑηρετοὺμενος,
1092 1511 1125 1578 ἢ
1164 1511 1460 1582 θρησκείας
1491 1516 1767 1571 καθοσιώ-

296 1613 317 1647 ε
357 1611 464 1658 σει,
493 1597 588 1651 καὶ
623 1598 845 1653 πλείονα
870 1600 1062 1672 χρόνον
1094 1600 1334 1672 βούλοιτο
1385 1604 1615 1674 διάγειν,
1662 1607 1768 1661 ικαὶ

296 1706 317 1740 ι
358 1687 434 1759 μὴ
458 1689 487 1741 ὀ
512 1689 612 1759 τῆς
642 1691 849 1757 πόλεως
884 1693 1099 1764 ἐκείνης
1142 1697 1443 1762 ἐπίσκοπος
1503 1698 1768 1769 ἔμπειρος

295 1799 315 1832 ε
355 1775 787 1856 ᾗδιδασκαλίας,
844 1787 918 1856 μὴ
985 1788 1326 1861 καταφρονῇ’
1364 1791 1597 1855 ἐκείνου,
1671 1795 1769 1847 καὶ

1338 463 1419 521 IN
1459 464 1621 526 CAN.
1664 467 1747 526 X1
1780 463 1986 525 CONC.
2028 463 2321 529 SARDIC.

3190 130 3213 149 ii
3314 142 3327 149 ι.
3350 126 3381 149 Ἡ,

3289 475 3421 539 1466

212 564 282 617 ἐκ
306 560 518 638 φαύλης
548 567 667 622 ἐστὶ
694 570 993 643 διαγωγῆς,
1042 577 1158 630 ἀλλ’
1195 578 1316 633 οὐδὲ
1343 579 1452 633 τῶν
1500 586 1771 655 μοναχῶν,

1880 588 1983 630 tem
2041 579 2320 635 confestim
2367 584 2668 649 promoveri
2711 588 2997 655 permittit.
3062 588 3169 645 Sed
3226 590 3422 659 gradus

1874 671 2022 740 prius
2083 674 2375 740 pervadere
2424 678 2799 742 sacerdotales,
2855 681 2909 735 in
2961 696 3175 752 quoque
3231 682 3419 737 ordine

1874 765 2083 834 legibus
2114 767 2395 822 sancitum"
2412 777 2620 840 tempus
2655 773 2985 842 expleutem,
3030 784 3084 830 et
3137 784 3261 831 tunc
3306 777 3422 845 epl-

1869 866 2124 926 scopatus
2149 856 2547 916 ordinationem
2576 863 2843 933 accipere.

2454 1160 2684 1217 CANON
2736 1162 2828 1221 XI.

1876 1266 1896 1302 ι
1921 1251 2146 1318 Quando
2174 1252 2457 1324 episcopus
2480 1269 2546 1310 ex
2569 1256 2672 1309 alia
2701 1255 2919 1311 civitate
2948 1259 3002 1310 in
3034 1257 3192 1313 aliam
3225 1260 3418 1314 civita-

1946 1362 1965 1395 ι
2002 1351 2135 1410 tem,
2158 1345 2240 1399 vel
2274 1361 2341 1401 ex
2368 1346 2470 1400 alia
2514 1346 2787 1416 provincia
2819 1348 2870 1401 in
2900 1348 3058 1403 aliam
3092 1352 3419 1418 provinciam

1945 1454 1965 1488 ε
2001 1438 2315 1509 accesserit,
2354 1439 2664 1505 iactationis
2698 1440 2869 1511 gratia
2911 1442 3143 1510 propriis
3174 1442 3423 1498 laudibus

1948 1548 1967 1581 ι
2005 1530 2269 1592 serviens,
2293 1531 2375 1587 vel
2406 1533 2682 1602 religionis
2707 1534 3160 1601 sanctiﬁcationi;
3205 1545 3257 1589 et
3296 1537 3423 1592 velit

1945 1638 1965 1671 ι
2003 1621 2230 1694 longiori
2260 1632 2507 1693 tempore
2536 1621 2647 1671 illic
2671 1637 2823 1685 agere
2847 1662 2865 1686 ,
2903 1625 3048 1680 illius
3078 1639 3258 1682 autem
3286 1631 3420 1683 civi-

1945 1729 1964 1763 ι
2002 1713 2127 1767 tatis
2158 1713 2444 1784 episcopus
2480 1703 2737 1762 doctrina:
2757 1723 2852 1761 non
2895 1716 3061 1772 fuerit
3089 1721 3323 1789 peritus:
3358 1737 3425 1777 ne

1942 1802 2158 1861 «illum
2215 1805 2507 1875 despiciat,
2559 1806 2613 1861 et
2665 1793 2992 1864 Ιτειιυεηιῑιιε
3054 1814 3421 1878 concionetur,

290 1887 313 1923 ι
346 1868 731 1948 συνεχεστερον
761 1878 949 1950 ὁμιλῇ,
1003 1880 1390 1965 καταισχύνειν
1437 1884 1533 1939 καὶ
1563 1884 1767 1939 εὐτελί-

1941 1916 1960 1947 ‹
1999 1896 2218 1952 studens
2251 1868 2518 1956 dedecore
2559 1894 2772 1951 alitcere
2801 1895 2852 1943 et
2873 1899 3212 1972 vilipendere
3246 1868 3425 1973 ρει-δοί-

297 1981 318 2016 ι
352 1963 467 2029 ζειν
504 1967 567 2020 τὸ
596 1967 889 2038 πρόσωπον
914 1970 1008 2025 τοῦ
1040 1962 1555 2029 αὑτόθιέπισκόπου
1596 1994 1766 2033 σπου·

296 2056 549 2139 «μδάζων.
583 2060 736 2132 Αὕτη
767 2064 875 2133 γάρ
904 2065 937 2134 ἡ
984 2065 1259 2139 πρόφασις
1301 2066 1460 2121 εἴωθε
1498 2069 1773 2141 ταράχους

304 2169 323 2203 ι
367 2154 564 2214 ποιεῖν,
593 2155 689 2207 καὶ
736 2154 802 2207 ἐκ
821 2155 927 2223 τῆς
973 2156 1226 2227 τοιαύτης
1280 2161 1615 2230 πανουργίας
1669 2163 1770 2233 τὴν

293 2260 314 2295 ι
354 2241 642 2313 ἀλλοτρίαν
693 2245 962 2315 καθέδραν
1025 2246 1203 2316 ἐαυτῷ
1262 2251 1771 2320 προμνηστεύεσθαι

292 2353 314 2388 ε
354 2336 448 2390 καὶ
476 2336 869 2406 παρασπᾶσθαι
903 2338 1215 2404 σπουδάζει,
1242 2340 1317 2411 μὴ
1355 2341 1626 2404 διστάζων
1667 2344 1769 2416 τὴν

292 2447 313 2480 ι
349 2429 501 2500 αὖτῷ
524 2429 926 2499 παραδοθεῖσαν
961 2432 1263 2501 ἐκκλησίαν
1308 2434 1770 2505 καταλιμπάνειν,

298 2536 319 2571 ε
356 2519 454 2573 καὶ
476 2522 557 2585 είς
591 2521 787 2593 ἑτέραν
816 2522 1193 2592 μεθίστασθαι.
1241 2525 1520 2595 Ὀριστέόν
1546 2524 1640 2581 οὖν
1675 2529 1772 2584 ἐπὶ

293 2627 315 2662 ε
339 2609 525 2702 ,τούτῳ
555 2612 770 2683 χρόνονο
801 2613 1007 2685 ,ἐπειδὴ
1060 2612 1155 2669 καί
1188 2616 1248 2685 τὸ
1293 2618 1367 2686 μὴ
1416 2618 1774 2690 ὑποδέχεσθαι

299 2698 654 2755 «ἐπίσκοπον
684 2702 792 2757 τῶν
818 2703 1199 2772 άπανθρὼπων
1235 2706 1328 2760 καὶ
1377 2709 1583 2761 σκαιῶν
1632 2705 1774 2764 εἶναι

299 2793 1036 2864 «νενόμισταιηΜέμνησθε
1086 2796 1143 2849 δὲ
1214 2797 1272 2860 ἐν
1343 2798 1421 2867 τῷ
1478 2803 1773 2869 προάγοντι

301 2903 320 2933 ε
358 2886 537 2955 χρόνῳ
572 2886 697 2949 τοὺς
721 2886 970 2957 Πατέρας
1014 2888 1174 2959 ὴμῶν
1220 2891 1556 2961 κεκρικέναι.
1589 2892 1697 2953 ἴνα,
1724 2894 1780 2973 εἴ
1873 2895 1882 2903 ’

298 2993 318 3027 ε
350 2993 435 3039 τις
495 2976 679 3042 λαῖκὸς
726 2981 784 3033 ἐν
842 2979 994 3034 πόλει
1049 2980 1250 3049 διάγων
1302 2985 1450 3053 τρεῖς
1506 2984 1777 3054 κυριακὰς

297 3085 317 3118 ι
353 3068 567 3139 ἡμέρας
612 3070 673 3123 ἐν
717 3070 897 3141 τρισὶν
950 3071 1208 3141 ἑϐδομάσι
1281 3073 1357 3144 μὴ
1438 3075 1774 3147 συνέρχοιτο,

302 3176 321 3208 ι
368 3160 677 3213 άποκινοίτο
715 3162 813 3232 τῆς
846 3164 1150 3226 κοινωνίας.
1201 3167 1467 3221 Είτοίνυν
1492 3170 1620 3239 περὶ
1664 3170 1775 3223 τῶν
1852 3190 1855 3223 ;

1947 2005 1967 2039 ι
2002 2002 2124 2041 nam
2160 1989 2433 2059 episcopi,
2462 1985 2554 2061 qui
2583 1983 2649 2041 ibi
2684 1988 2791 2040 est.
2821 1981 2920 2046 Hie
2947 1983 3103 2067 enim'
3133 2005 3424 2062 prmtextus

1946 2098 1965 2131 ε
2004 2078 2137 2136 solet
2182 2082 2369 2139 turbas
2416 2083 2689 2151 excitare,
2734 2094 2786 2139 et
2828 2086 3091 2151 ejusmodi
3136 2087 3424 2141 calliditate

1944 2190 1964 2225 ε
1998 2172 2228 2228 alienam
2288 2176 2466 2251 sedem
2523 2175 2624 2230 sibi
2685 2176 2973 2231 conciliare
3034 2187 3088 2231 et
3156 2178 3426 2232 attrahere

1949 2282 1969 2316 ε
2004 2264 2203 2329 studet,
2234 2266 2500 2322 cum'uon
2548 2266 2754 2323 dubitet
2788 2268 2888 2323 sibi
2946 2268 3189 2322 traditam
3247 2270 3429 2324 Eccle-

1948 2373 1968 2406 ι
2004 2356 2142 2411 siam
2174 2353 2498 2429 relinquer’e,
2542 2368 2596 2437 et
2638 2359 2691 2414 in
2731 2361 2888 2415 aliam
2918 2350 3166 2415 transire.
3216 2363 3294 2414 Ad
3327 2364 3426 2417 hoc

1950 2466 1969 2502 ‹
1999 2463 2130 2520 ergo
2160 2461 2370 2522 tempus
2400 2452 2759 2508 definiendum
2803 2462 2885 2509 est
2911 2472 2925 2508 :
2966 2470 3086 2506 nam
3118 2456 3423 2519 episcopum

1950 2560 1971 2595 ι
2002 2557 2108 2600 non
2143 2544 2328 2613 recipi,
2363 2543 2710 2599 inhumanum
2733 2555 2787 2600 et
2821 2546 3032 2600 inrivile
3066 2548 3423 2600 existimatum

1950 2653 1970 2687 ι
2010 2632 2533 2710 esL'Recordemini
2597 2644 2775 2692 autem
2826 2620 3019 2689 Patres
3079 2647 3287 2691 nostros
3363 2636 3415 2689 iu

1938 2747 1969 2783 ει
2011 2736 2251 2797 tempore
2280 2728 2552 2799 praeterito
2604 2729 2887 2789 statuisse,
2916 2737 2974 2781 ut
3024 2728 3067 2780 si
3099 2725 3221 2796 quis
3258 2728 3425 2781 Inicus

1948 2837 1966 2866 ε
2003 2818 2056 2871 in
2085 2820 2218 2874 urbe
2244 2834 2409 2889 agens
2438 2819 2608 2874 tribus
2639 2819 2827 2873 diebus
2856 2818 3148 2873 Dominicis
3173 2821 3222 2872 in
3254 2819 3421 2873 tribus

1940 2926 1959 2958 ε
2001 2908 2423 2964 hebdomadibus
2466 2910 2569 2961 non
2617 2908 2937 2973 conveniat,
2974 2908 3018 2962 is
3048 2911 3425 2962 communione

1952 3018 1973 3050 ‹
2009 3007 2304 3054 moveatur.
2346 2998 2511 3071 498
2552 2998 2607 3053 Si
2649 3000 2749 3053 hoc
2790 3013 2917 3065 ergo
2962 2999 3024 3051 de
3053 2999 3205 3053 laicis
3250 3008 3423 3052 statu-

1952 3110 1971 3143 ε
2008 3101 2118 3146 tum
2162 3101 2262 3157 est,
2305 3108 2409 3146 non
2440 3099 2666 3161 oportet,
2701 3107 2797 3146 nec
2825 3092 3093 3156 convenit,
3120 3092 3423 3159 sed’neque

1949 3204 1968 3236 ε
2005 3196 2088 3240 est
2128 3186 2280 3250 utile,
2322 3185 2654 3256 episcopum,
2695 3185 2737 3238 si
2775 3185 2969 3239 nullam
3010 3186 3169 3239 habet
3211 3186 3422 3253 gravio-

300 3268 317 3299 ι
358 3250 561 3303 λαῖκῶν
580 3251 737 3305 τοῦτο
755 3253 1125 3320 τεθέσπισται,
1152 3253 1369 3326 οἰδ-χρὴ,
1396 3258 1514 3312 οὐδὲ
1547 3260 1770 3329 πρέπει,

1954 3298 1971 3328 ‹
2012 3295 2123 3333 rem
2163 3280 2535 3335 necessitatem
2568 3278 2649 3333 vel
2686 3279 2952 3347 negotium
2982 3278 3273 3343 difficilius,
3311 3280 3424 3331 lon-

302 3360 321 3391 ι
364 3342 477 3394 ἀλλ’
516 3342 636 3395 οὐδὲ
670 3343 961 3414 συμφέρει,
1018 3346 1337 3410 ἐπίσκοπον,
1392 3350 1440 3401 εἰ
1498 3351 1769 3421 μηδεμίαν

299 3452 319 3483 ε
361 3432 663 3503 βαρυτέραν
694 3436 938 3505 ἀνάγκην
974 3438 1106 3506 ἔχοι,
1138 3439 1171 3509 ἢ
1212 3440 1445 3509 πρᾶγμα
1481 3441 1765 3511 δυσχερὲς,

298 3542 318 3575 ε
353 3526 693 3581 ἐπιπλείστον
749 3529 1141 3586 ἀπολείπεσθαι
1173 3534 1270 3601 τῆς
1321 3532 1512 3587 ἐαυτοῦ
1572 3535 1773 3605 ἐκκλη-

300 3637 319 3671 ε
356 3620 498 3685 σίας,
534 3622 647 3675 ’καὶ
688 3622 890 3677 θλίϐειν
928 3623 1019 3676 τὸν
1058 3626 1562 3707 ἐμπεπιστευμένον
1623 3627 1777 3697 αὐτῷ

301 3734 319 3769 ε
357 3716 506 3770 λαόν.
566 3716 839 3780 Ἅπαντες
896 3720 944 3771 οί
993 3719 1281 3772 ἐπίσκοποι
1357 3720 1611 3790 εἰρήκασι
1670 3723 1769 3775 καὶ

295 3826 315 3859 ι
351 3809 552 3878 ταύτην
608 3808 705 3879 τὴν
753 3810 979 3880 γνώμην
1038 3810 1247 3880 σφόδρα
1290 3806 1432 3865 εἶναι
1481 3810 1768 3887 πρεπωδειο

298 3916 317 3950 ι
356 3902 579 3969 στάτην.
618 3918 635 3949 ι

292 3990 485 4045 ΒΑΛΣ.
513 3992 699 4046 Πάσαν
727 3992 1022 4047 σκανδάλου
1058 3995 1332 4064 πρόφασιν
1356 3993 1771 4067 περιαιροῦντες

220 4081 271 4131 οι
314 4080 575 4154 Πατρρες,
604 4082 926 4151 διωρίσαντο
977 4082 1050 4152 μὴ
1096 4082 1441 4150 μεταϐαίνειν
1474 4082 1771 4139 ἐπίσκοπον

224 4169 335 4224 άπὸ
362 4168 568 4233 πόλεως
599 4174 677 4234 είς
705 4172 858 4224 πόλιν
884 4170 915 4239 ἢ
960 4168 1069 4223 άπδ
1096 4170 1358 4240 ἐπαρχίας
1399 4173 1479 4233 είς
1500 4174 1771 4244 ἐπαρχίαν

224 4262 369 4315 κατὰ
401 4261 602 4330 τρόπον
640 4262 1012 4333 ἀλαζονείαςῆ
1055 4261 1385 4325 πλεονεξίας.
1418 4262 1480 4315 Et
1528 4263 1585 4317 δὲ
1613 4265 1771 4319 τοῦτο

221 4354 283 4406 οὐ
316 4353 538 4423 γένηται
567 4352 653 4407 διὰ
687 4356 942 4424 τοιαύτην
963 4355 1162 4419 αἰτίαν,
1194 4353 1331 4408 ἀλλὰ
1381 4354 1472 4408 διά
1501 4349 1771 4425 πρόσκαι-

188 4442 200 4453 ’
224 4462 319 4515 ρον
346 4446 666 4508 ἀνάπαυσιν,
690 4445 723 4513 ἢ
757 4445 949 4515 ἑτέραν
980 4444 1198 4512 εὔλογον
1223 4446 1496 4515 ἀφορμὴν,
1534 4447 1606 4515 μὴ
1634 4464 1767 4500 κατ-

220 4534 546 4604 επαίρεσθαι
577 4534 756 4597 αὑτὸν,
782 4532 962 4601 λόγιον
988 4535 1149 4606 τυχὸν
1190 4534 1341 4594 ὄντα,
1370 4535 1473 4603 ⁴τοῦ
1498 4537 1766 4608 ἐγχωρίου

1945 3386 1964 3421 ι
2001 3370 2119 3437 gius
2165 3378 2205 3423 a‘
2225 3385 2320 3423 sua
2352 3370 2540 3425 abesse
2586 3369 2831 3431 ecclesia,
2872 3378 2926 3422 et
2948 3370 3046 3422 sibi
3076 3370 3425 3423 commissum

1946 3476 1965 3509 ε
2004 3459 2256 3529 populum
2291 3459 2475 3515 doldre
2514 3459 2746 3513 allicere.
2778 3457 3241 3528 Omnes-episcopi
3276 3462 3421 3513 dixe—

1950 3568 1967 3601 ι
2006 3560 2159 3616 runt,
2205 3550 2343 3605 hanc
2372 3566 2585 3622 quoque
2609 3550 2929 3605 sententiam
2959 3541 3079 3606 esse
3100 3554 3424 3607 convenierk‘

1952 3661 1971 3693 ε
2012 3642 2293 3698 tissimam.
2327 3658 2350 3695 ι

1939 3992 2133 4051 BALS.
2170 3991 2395 4049 Omnem
2437 3991 2673 4049 scandali
2716 3992 3053 4048 occasionem
3115 3990 3419 4045 auferentes

1873 4085 2046 4139 sancti
2080 4084 2291 4148 Patres,
2326 4093 2677 4147 statuerunt,
2723 4099 2791 4138 ne
2833 4084 3115 4153 episcopus
3141 4098 3169 4135 a
3204 4082 3418 4135 civitate

1874 4177 1926 4231 in
1950 4176 2245 4239 civitatem,
2275 4175 2409 4229 vela
2443 4172 2713 4242 provincia
2744 4173 2796 4226 in
2829 4174 3182 4241 provinciam,
3219 4190 3313 4242 per
3338 4189 3421 4223 ar-

1874 4268 2170 4336 rogantiam
2232 4266 2313 4319 vel
2367 4254 2931 4335 avaritiamtranseat,
2974 4262 3030 4316 Si
3088 4272 3267 4339 putem
3314 4280 3417 4317 nou

1874 4353 1968 4408 hat
1996 4366 2212 4423 propter
2240 4369 2357 4421 eam
2389 4368 2636 4415 causam,
2682 4352 2775 4405 sed
2808 4358 3021 4420 propter
3065 4348 3265 4418 aliquot
3307 4352 3419 4405 die-

1871 4460 1990 4497 rum
2020 4446 2277 4514 quietem,
2308 4446 2389 4499 vel
2416 4444 2647 4514 aliquam
2671 4444 2825 4499 aliam
2853 4446 3047 4515 justam
3076 4457 3287 4495 causam
3312 4460 3326 4507 ;
3353 4457 3418 4496 ne

1873 4536 2006 4605 ipse,
2053 4550 2171 4589 cum
2228 4536 2296 4589 sit
2356 4536 2563 4599 doctus,
2595 4535 2816 4590 insultet
2888 4535 3118 4603 regionis
3147 4534 3416 4602 .episcopo

223 4626 551 4688 ἐπισκόπου.
582 4624 825 4697 ἀμαθοῦς
858 4626 984 4689 ἴσως
1015 4629 1388 4698 τυγχάνοντος*
1435 4627 1570 4697 μηδὲ
1605 4630 1767 4684 αὑτὸν

1873 4626 1961 4694 qui
2005 4626 2139 4680 forte
2177 4635 2261 4679 est
2289 4623 2534 4679 indoctus
2560 4666 2573 4688 ,
2621 4639 2718 4679 nec
2747 4625 2860 4694 ipse
2906 4625 3111 4678 laudem
3150 4624 3417 4679 desideret

223 4716 326 4786 μὲν
378 4718 632 4786 ἐφίεσθαι
668 4716 957 4786 ἐγκωμίων
1006 4717 1095 4769 διὰ
1126 4716 1471 4787 δογματικῶν
1516 4717 1767 4775 διδασκαξ-

220 4808 351 4862 λιῶν
412 4811 588 4878 (τοῦτο
645 4810 755 4878 γάρ
794 4813 941 4863 ἐστιν
984 4809 1017 4875 ἡ
1064 4808 1345 4877 θρησκεία,
1410 4810 1685 4864 τουτέστιν
1732 4814 1765 4883 ή

222 4899 448 4969 λατρεία
476 4902 632 4969 καὶὴ
676 4899 905 4968 πίστις),
942 4896 1035 4949 τοῦ
1079 4895 1135 4948 δὲ
1165 4898 1428 4967 ἐγχωρίου
1466 4894 1767 4954 ἐπισκόπου

224 4992 607 5057 καταφρονεῖν,
640 4991 713 5052 ὡς
743 4990 1037 5059 ἐμπειρίαν
1064 4987 1401 5057 δογματικῆς
1421 4987 1770 5054 διδασκαλίας

228 5077 305 5149 μὴ
342 5078 574 5147 ἔχοντος,
611 5079 747 5132 ἀλλὰ
768 5079 1061 5149 ἡσυχάζειν
1092 5076 1184 5129 καὶ
1214 5077 1358 5146 ἔχειν
1385 5076 1483 5145 τὴν
1508 5076 1769 5144 ἀνάλογον

221 5170 386 5239 τιμὴν
416 5168 554 5236 πρὸς
590 5168 679 5221 τὸν
711 5168 977 5239 ἐγχώριον
1000 5168 1318 5223 ἐπίσκοπον.
1355 5168 1427 5222 Τὸ
1470 5166 1578 5237 γάρ
1612 5166 1762 5239 παρά

224 5260 397 5314 ταῦτα
426 5259 730 5327 γινόμενον,
784 5264 966 5329 φασὶν,
1014 5259 1300 5331 παραίτιόν
1359 5262 1474 5313 ἐστι
1526 5260 1770 5330 ταραχῆς
1820 5306 1824 5315 .

228 5351 427 5419 πολλῆς
475 5351 568 5401 καὶ
614 5350 818 5421 ὑποψία
869 5352 965 5407 τοῦ
1013 5350 1336 5416 σπουδάζειν
1389 5351 1480 5405 τὸν
1532 5350 1771 5405 τοιοῦτον

225 5441 546 5494 καταλιπεῖν
568 5441 665 5509 τὴν
700 5440 973 5510 λαχοῦσαν
1006 5442 1188 5506 αὐτὸν,
1216 5440 1309 5494 καὶ
1347 5439 1767 5509 σφετερίσασθαι

223 5532 322 5599 τὴν
353 5530 531 5602 ἑτέρῳ
562 5533 873 5602 ἀνήκουσαν
898 5534 1212 5602 ἐκκλησίαν.
1244 5533 1341 5587 Διά
1369 5550 1451 5587 τοι
1478 5528 1655 5594 τοῦτο,
1694 5530 1768 5600 μὴ

224 5620 452 5673 ἀνεκτὸν
490 5621 820 5691 ἡγησάμενοι
852 5623 944 5673 ἐπὶ
972 5624 1138 5676 πολὺν
1165 5622 1353 5692 χρόνον
1392 5623 1613 5686 διάγειν
1648 5621 1769 5673 ἐπί-

227 5727 423 5763 σκοπον
474 5710 555 5772 είς
607 5713 891 5783 ἀλλοτρίαν
928 5714 1159 5778 ἐνορίαν,
1189 5713 1466 5781 ἐπήγαγον
1514 5712 1607 5773 ὠς,
1648 5713 1767 5764 ἐπεὶ

226 5800 286 5853 τὸ
314 5800 387 5870 μὴ
414 5801 772 5870 ὑποδέχεσθαι
798 5808 919 5869 τοὺς
964 5807 1254 5874 ἐγχωρίους
1304 5804 1630 5865 ἐπισκόπους
1670 5806 1768 5874 ἀρ-

230 5893 653 5961 χιεμῖςέτέρων
680 5896 899 5962 ἐνοριῶν
922 5898 1278 5963 dedituri»;
1324 5898 1433 5948 ἐστι
1464 5895 1553 5949 καὶ
1593 5896 1765 5949 ἀπάν-

1874 4730 1971 4783 per
2012 4714 2340 4781 dogmatieas
2381 4714 2645 4769 doctrinas
2680 4716 2753 4782 (id
2802 4714 2941 4767 enim
2988 4720 3071 4765 est
3114 4712 3318 4779 religio,
3360 4712 3413 4765 id

1870 4812 1975 4861 est.
2007 4802 2180 4855 cultus
2201 4814 2254 4855 et
2280 4801 2453 4868 ﬁdes),
2482 4792 2912 4871 regionisautem
2948 4800 3252 4866 episcopum
3284 4816 3415 4853 con-

1874 4901 2095 4953 temnat,
2119 4901 2181 4946 ut
2230 4893 2319 4961 qui
2375 4894 2687 4961 dogmaticae
2725 4890 2981 4943 doctrina:
3027 4891 3409 4957 experientiam

1871 4999 1977 5045 non
2000 4983 2237 5038 habeat:
2284 4984 2375 5039 sed
2432 4986 2713 5054 quiescat,
2773 4992 2827 5035 et
2879 4983 3113 5050 regionis
3163 4984 3411 5050 episcopo

1869 5076 2272 5131 convenientem
2320 5078 2573 5131 honorem
2638 5072 2849 5130 habeat.
2902 5072 3053 5137 Quod
3116 5076 3276 5134 enim,
3334 5074 3415 5123 in-

1871 5169 2083 5237 quiunt,
2136 5178 2328 5234 praeter
2364 5169 2464 5220 hoc
2513 5166 2599 5228 lit,
2656 5166 2834 5219 multae
2875 5174 2953 5219 est
2992 5164 3410 5233 perturbationis

1869 5274 2053 5321 causa,
2100 5270 2152 5314 et
2206 5256 2457 5323 suspicio,
2492 5256 2631 5325 quod
2660 5257 2705 5311 is
2735 5255 2942 5310 studeat
2985 5258 3289 5324 relinquere
3318 5244 3409 5307 ec-

1870 5350 2087 5406 elesiam
2117 5363 2234 5419 quae
2260 5348 2407 5401 illum
2432 5348 2619 5402 sortita
2653 5355 2752 5410 est,
2784 5355 2839 5400 et
2869 5363 3009 5409 eam,
3043 5361 3156 5413 quae
3182 5346 3244 5397 ad
3275 5346 3409 5397 alte-

1868 5452 1989 5494 rum
2032 5439 2280 5507 pertinet,
2320 5436 2419 5491 sibi
2458 5436 2749 5491 vindicare.
2788 5422 3158 5506 Etpropterea
3192 5450 3294 5487 non
3332 5446 3410 5488 to-

1871 5528 2145 5585 lerandum
2189 5542 2307 5582 esse
2345 5528 2489 5591 rati,
2538 5534 2597 5581 ut
2640 5527 2919 5595 episcopus
2962 5528 3117 5591 longo
3171 5535 3409 5593 tempore

1868 5632 2113 5677 versetur
2168 5621 2220 5673 in
2270 5620 2442 5672 aliena
2499 5619 2716 5674 dimcesl
2744 5661 2759 5684 ,
2802 5617 3221 5685 subiunxerunt,
3264 5618 3415 5683 quod

1870 5711 1991 5777 quia
2046 5720 2187 5763 esset
2242 5711 2585 5763 inhumanum
2644 5721 2697 5763 et
2748 5727 2773 5761 a
2826 5707 3059 5760 fraterna
3125 5709 3405 5763 dilectione

1870 5802 2121 5865 alienum,
2147 5802 2190 5853 si
2221 5800 2450 5867 regionis
2484 5803 2712 5869 episcopi
2745 5800 2965 5852 aliarum
2990 5800 3290 5867 dia‘ceseon
3312 5816 3405 5851 au-

1871 5896 2064 5950 tistites
2088 5909 2187 5949 non
2223 5896 2557 5950 admitterent
2587 5914 2598 5949 :
2634 5907 2832 5947 canone
2855 5902 3027 5946 autem
3051 5902 3263 5949 cautum
3300 5903 3399 5955 est,
