4008 6352
153 382 297 455 1469

231 610 254 648 σ
288 609 402 656 τος,
442 592 515 662 μὴ
545 592 931 664 συνεχέστερον
958 593 1327 664 δημηγοροίηο
1364 597 1554 664 μῶμος
1598 596 1705 666 γὰρ

231 705 254 739 ι
305 685 464 738 τοῦτο
491 685 584 738 τοῦ
613 676 970 750 ἰδιώτου,’καὶ
1023 688 1286 755 μνηστεία
1325 688 1424 756 τῆς
1477 689 1702 742 ἐπισκο-

204 791 257 827 ·‹
294 776 403 845 πῆς
434 775 645 828 ἐκείνου
670 793 685 808 ·
725 778 819 830 καὶ
861 776 1144 846 ἀμφότερα
1184 779 1286 830 οὐκ
1344 778 1640 848 ἀμώμητα.
1679 798 1699 830 ι

143 865 375 920 ΔΡΙΣΤ.
445 882 465 917 ι
536 864 807 936 Ἀνάγκης
856 866 976 936 δίχα
1030 865 1287 938 βραχείας
1336 869 1596 939 δυσχερὲς
1645 868 1705 922 τὸ

239 975 258 1008 ι
301 957 392 1010 ἐπὶ
420 955 672 1011 πλεῖστον
697 958 789 1012 τὸν
812 960 1110 1014 ἐπίσκοπον
1133 963 1234 1033 τῆς
1260 961 1469 1020 οίκείας
1509 962 1706 1033 ἐκκληο

236 1068 254 1099 ι
303 1049 424 1112 σίας
454 1049 954 1118 ἀπολιμπάνεσθαι.
997 1070 1017 1104 ι

226 1141 293 1198 Ei’
321 1157 407 1202 τις
429 1139 538 1194 τῶν
585 1142 894 1196 ἐπισκόπων
960 1143 1041 1206 είς
1095 1144 1286 1214 ἑτέραν
1324 1145 1704 1213 παραγένηται

144 1230 328 1296 πόλιν,
349 1232 499 1300 παρά
522 1231 614 1285 τοῦ
637 1233 775 1286 κατὰ
791 1234 973 1304 χώραν
996 1233 1359 1304 προσκληθεὶς
1378 1235 1701 1300 ἐπισκόπου,

143 1324 250 1374 καὶ
273 1323 300 1376 ό
331 1324 848 1397 προσκαλεσάμενος
873 1325 1035 1377 αὑτὸν
1058 1324 1156 1376 οὐκ
1193 1324 1308 1376 ἔστι
1341 1323 1701 1387 διδασκαλίας

143 1414 414 1485 ἔμπειρος
444 1433 458 1448 ο
516 1416 590 1486 μὴ
639 1416 936 1471 διδασκέτω
995 1417 1384 1486 συνεχέστερον
1429 1417 1520 1469 τὸν
1552 1415 1701 1478 λαὸν,

143 1503 249 1553 καὶ
283 1502 624 1573 δημηγορίας
649 1505 894 1559 ποιείτω.
925 1504 1095 1558 Τοῦτο
1123 1505 1233 1574 γὰρ
1262 1506 1506 1575 ταραχὰς
1545 1503 1700 1558 εἴωθε

142 1592 464 1663 προξενεῖν,
498 1593 591 1647 καὶ
626 1596 1026 1666 καταφρόνησιν
1064 1599 1313 1665 ἐμποιεῖν
1349 1598 1428 1667 τῷ
1453 1614 1700 1667 προσκα·

139 1676 569 1739 λέσαντιάὐτδν
602 1687 907 1757 ἐπισκόπῳ.
938 1689 1098 1741 Δοκεῖ
1121 1688 1175 1741 δὲ
1203 1688 1298 1742 καὶ
1326 1689 1414 1741 διὰ
1459 1689 1556 1755 τῆς
1585 1689 1702 1741 ἐπι-

139 1776 369 1841 δείξεως
399 1776 602 1847 ταύτης
629 1779 730 1849 τὴν
760 1779 1044 1849 ἀλλοτρίαν
1073 1781 1580 1851 προμνηστεύεσθαι
1609 1783 1700 1834 ἐκ·

140 1869 406 1934 κλησίαν,
441 1861 535 1922 κάι
559 1872 646 1923 τὸν
677 1870 801 1923 λαὸν
831 1873 909 1933 είς
932 1871 1123 1927 ἑαυτὸν
1149 1872 1352 1934 ἕλκειν,
1393 1873 1486 1925 καὶ
1534 1890 1701 1926 σπου*

136 1955 329 2022 δείξειν
350 1960 614 2032 τὴνιαύτῷ
633 1963 1024 2032 παραδοθεῖσαν
1042 1963 1337 2033 ἐκκλησίαν
1357 1965 1698 2031 καταλιπεῖν,

139 2050 246 2103 καὶ
281 2053 363 2114 εἰς
383 2054 585 2122 ταύτην
620 2054 1003 2124 μετατεθῆναι,
1029 2054 1217 2126 Ὤρισε
1249 2055 1380 2130 γοῦν
1412 2057 1499 2126 διὰ¹
1525 2057 1695 2108 ταῦτα

140 2147 175 2213 ἡ
219 2145 353 2210 ἁγία
417 2144 633 2208 σύνοδος
698 2148 772 2216 μὴ
820 2148 980 2202 πλέον
1029 2147 1192 2217 τριῶν
1245 2148 1557 2217 ἑϐδομάδων
1610 2149 1702 2202 τὸν

142 2235 554 2306 προσδεχθέντα
580 2237 876 2293 ἐπίσκοπον
905 2239 1000 2306 τῆς
1023 2238 1219 2291 ἐαυτοῦ
1245 2239 1538 2306 ἐκκλησίας
1562 2241 1700 2292 ἀπο-

137 2325 552 2393 λιμπάνεσθαι·
581 2327 697 2380 ἀλλ’
749 2330 829 2392 είς
857 2327 947 2381 τὸν
995 2329 1501 2399 ἐμπεπιστευμένον
1553 2313 1700 2399 αὑτῷ

1265 394 1344 452 1N
1383 395 1544 456 CAN.
1587 396 1704 456 XII
1746 397 1951 464 CONC.
1995 401 2288 466 SARDIC.

241 519 262 553 ι
300 517 429 564 που,
461 499 552 553 τοῦ
584 499 1096 570 προσκαλεσαμένου
1136 501 1345 554 ἰδιώτου
1395 505 1696 572 τυγχάνον·-
1727 510 1774 565 Α

1727 1840 1774 1900 Β

3219 407 3353 477 1470

1884 527 1904 561 ι
1934 513 2164 565 accersit
2217 513 2289 567 sit
2346 513 2639 583 imperitus,
2675 531 2737 571 ne
2761 517 2919 572 nimis
2948 519 3161 574 assidue
3215 539 3346 576 coii-

1886 617 1906 651 ι
1944 601 2207 668 ciouetur,
2241 606 2339 669 lch
2365 607 2504 658 enim
2547 609 2794 677 imperito
2826 609 3065 663 dedecori
3091 611 3199 664 erit
3223 651 3240 675 ,
3293 623 3347 664 et

1885 709 1904 740 ι
1943 692 2081 745 alter
2133 695 2499 764 episcopatum
2553 698 2667 765 ejus
2700 699 2905 752 ambire
2965 699 3249 756 videbitur.
3282 702 3348 756 Et

1885 796 1906 831 ι
1938 788 2222 848 utrumque
2268 784 2816 851 reprehendendum.)

1800 870 2029 927 ARIST.
2074 892 2093 925 ι
2126 872 2253 929 Sine
2282 878 2428 944 gravi
2459 881 2771 936 necessitate
2821 883 3123 951 episcopum
3177 897 3204 934 a
3249 897 3345 934 sua

1979 980 1998 1014 ι
2032 962 2230 1019 diutius
2271 967 2459 1021 abesse
2502 967 2732 1024 Ecclesia
2762 974 2983 1028 arduum
3016 982 3117 1026 est.
3148 990 3166 1022 ι

1878 1138 1932 1191 Si
1966 1140 2086 1206 quis
2110 1142 2396 1211 cpiscopus
2448 1146 2513 1198 ad
2568 1146 2724 1200 aliam
2788 1151 3007 1204 accedat
3055 1151 3345 1208 civitatem.

1801 1230 1870 1284 ab
1899 1233 2015 1301 ipso
2049 1234 2281 1300 regionis
2305 1238 2554 1306 episcopo
2581 1252 2820 1305 vocatus,
2838 1244 2991 1310 etqui
3011 1260 3127 1296 eum
3147 1244 3349 1296 vocavit

1803 1340 1908 1380 non
1937 1328 2284 1381 estdoctriua
2317 1329 2635 1397 instructus,
2702 1350 2766 1389 ne
2823 1334 3132 1402 frequenter
3181 1315 3349 1402 pop";

1801 1417 1907 1470 lum
1939 1419 2148 1484 doceat,
2180 1431 2232 1474 et
2264 1421 2549 1477 conciones
2582 1425 2756 1479 faciat.
2817 1426 2926 1480 lloc
2954 1429 3093 1481 enim
3148 1427 3348 1479 tumul—

1802 1517 1887 1564 tus
1927 1510 2170 1564 excitare
2199 1513 2356 1577 solet,
2411 1524 2464 1567 et
2513 1517 2894 1586 episvopoqui
2941 1535 3058 1570 cum
3119 1518 3347 1579 \‘OCnVil,

1802 1610 2177 1670 contemptum
2210 1602 2422 1658 afferre.
2457 1606 2680 1659 Videtur
2716 1614 2914 1660 autem
2947 1618 2999 1660 et
3051 1624 3143 1673 per
3170 1620 3350 1661 osten-

1801 1692 2058 1746 tationem
2085 1693 2241 1748 istam
2267 1694 2494 1749 alienam
2537 1698 2739 1751 ambire
2775 1696 3069 1753 Ecclesiam
3100 1710 3154 1751 et
3183 1714 3345 1764 popu-

1800 1779 1908 1834 lum
1931 1783 1999 1838 ad
2026 1798 2083 1837 se
2113 1787 2406 1853 attrahere,
2436 1798 2488 1842 et
2535 1797 2751 1844 studere
2813 1791 2912 1844 sibi
2967 1791 3214 1842 traditam
3254 1788 3352 1839 Er-

1806 1874 2370 1948 clesiamrelinquere,
2399 1893 2450 1936 et
2481 1882 2532 1936 in
2566 1898 2681 1936 eam
2708 1882 3013 1937 transferri.
3054 1882 3341 1947 Propterea

1809 1967 2245 2036 itaqueldecrevit
2277 1986 2459 2027 sancta
2493 1976 2722 2044 synodus
2741 1977 3042 2043 episcopum
3061 1975 3348 2026 admissum

1807 2071 1912 2109 non
1930 2057 2209 2127 plusquam
2226 2071 2337 2116 tres
2353 2063 2673 2129 septimauas
2692 2081 2842 2117 suam
2866 2066 3162 2131 relinquere
3180 2064 3352 2117 cccle.

1801 2153 1962 2216 siam,
1993 2154 2082 2207 sed
2118 2155 2184 2207 ad
2213 2157 2460 2224 p0pulum
2491 2158 2589 2210 sibi
2623 2159 2984 2211 concreditum
3018 2149 3208 2215 redire,
3251 2157 3349 2208 nisi

1800 2244 2029 2298 fortasse
2053 2248 2368 2314 gravissima
2398 2250 2576 2318 aliqua
2629 2252 2937 2311 necessitas,
2965 2259 3052 2302 aut
3081 2249 3348 2317 negotium

1800 2333 2021 2402 aliquod
2042 2337 2253 2392 difﬁcile
2284 2354 2403 2392 eum
2438 2340 2646 2414 longius
2674 2343 2857 2395 abesse
2899 2352 3088 2407 cogat,

137 2417 278 2472 λαὸν
317 2419 696 2489 ὑποστρέφειν,
749 2423 796 2476 εί
829 2413 904 2494 μή
954 2422 1054 2477 πού
1095 2440 1177 2487 τις
1208 2423 1366 2479 αὐτὸν
1401 2421 1676 2494 βαρυτάτη
1714 2424 1992 2498 ἀνάγκηῆ
2026 2420 2257 2501 πρᾶγμά
2289 2449 2340 2485 τι
2409 2431 2666 2502 δυσχερὲς
2719 2433 2810 2485 καὶ
2862 2433 2953 2484 ἐπὶ
3001 2433 3161 2484 πλέον
3221 2433 3348 2483 ἀπο-

137 2514 196 2568 λι
203 2515 514 2584 μπάνεσθαι
536 2514 796 2573 ἐκῦιάσοι.
994 2514 999 2516 ’
1050 2583 1052 2585 μ

737 2613 974 2667 ΚΑΝΩΝ
1020 2610 1118 2676 lB'.

149 2717 172 2752 ι
230 2701 384 2764 Τινὲς
408 2701 516 2755 τῶν
541 2701 783 2771 ἀδελφῶν
809 2705 902 2757 καὶ
937 2704 1351 2758 συνεπισκόπων
1380 2705 1436 2756 ἐν
1465 2705 1582 2766 ταῖς
1605 2702 1702 2755 πό-

231 2809 250 2844 ι
295 2793 463 2858 λεσιν,
495 2795 553 2847 ἐν
607 2791 696 2858 αἷς
747 2796 1036 2850 ἐπίσκοποι
1077 2797 1446 2858 καθίστανται,
1483 2793 1700 2847 δοκοῦσι

233 2901 251 2933 ι
298 2885 597 2954 κεκτῆσθαι
652 2886 855 2958 σφόδρα
911 2887 1066 2954 ὀλίγα
1117 2887 1432 2957 ὑπάρχοντα
1484 2885 1610 2949 ίδια,
1640 2886 1697 2938 ἐν

231 2994 249 3026 ι
296 2975 504 3047 ἑτέροις
536 2978 594 3031 δὲ
626 2982 812 3043 τόποις
843 2981 1066 3049 κτήσεις
1099 2979 1359 3048 μεγάλας,
1407 2978 1467 3042 ἐξ
1497 2973 1571 3031 ῶν
1603 2978 1697 3033 καὶ

239 3084 258 3117 ι
300 3066 616 3138 ἐπικουρεῖν
647 3070 861 3124 δυνατοί
885 3071 990 3123 είσι
1017 3073 1127 3133 τοῖς
1150 3069 1346 3139 πένησι
1365 3086 1379 3101 ο
1404 3068 1575 3132 οὕτως
1600 3070 1697 3123 αὑ-

230 3182 248 3214 ι
291 3163 404 3224 τοῖς
440 3163 825 3234 συγχωρητέον
853 3154 1210 3231 εἶναι’κρίνω,
1234 3156 1346 3225 ¹ἵνα,
1374 3163 1422 3214 εί
1459 3161 1701 3230 μέλλοιεν

241 3272 257 3305 ι
302 3255 382 3315 εἰς
408 3253 504 3316 τὰς
530 3253 738 3306 ἑαυτῶν
783 3251 1175 3322 παραγίνεσθαι
1211 3255 1450 3318 κτήσεις,
1487 3253 1580 3302 καὶ
1606 3250 1702 3321 τὴν
1749 3311 1758 3318 _

231 3369 250 3400 ι
308 3347 641 3418 συγκομιδὴν
684 3346 791 3400 τῶν
820 3347 1050 3416 καρπῶν
1084 3346 1355 3406 ποεῖσθαι,
1390 3346 1537 3414 τρεῖς
1588 3345 1701 3397 Κυ-

230 3463 247 3494 ι
270 3426 489 3509 ’ριακάς
523 3443 758 3514 ἡμέρας,
791 3440 934 3496 τοῦτ’
976 3439 1092 3492 ἔστι
1122 3441 1270 3510 τρεῖς
1296 3436 1614 3508 ἑϐδομάδας,
1644 3437 1704 3491 ἐν

229 3552 247 3582 ι
275 3537 407 3600 ,τοῖς
437 3533 644 3585 ἑαυτῶν
665 3535 936 3602 κτήμασιν
962 3533 1155 3594 αὐτοὺς
1181 3531 1406 3600 διάγειν,
1440 3535 1533 3583 καὶ
1559 3530 1614 3583 ἐν
1635 3530 1702 3601 τῇ

245 3645 262 3675 ι
309 3623 706 3693 ἀγχιστευούσῃ
739 3623 1022 3692 ἐκκλησίᾳ,
1042 3618 1151 3691 ἐν
1174 3621 1541 3692 πρεσϐύτερος
1574 3639 1702 3674 συν-

237 3735 254 3766 ι
309 3705 454 3783 αγει,
496 3714 632 3782 ὑπὲρ
660 3712 750 3766 τοῦ
786 3714 860 3781 μὴ
903 3711 1071 3780 χωρὶς
1105 3709 1474 3770 συνελεύσεως
1541 3709 1702 3761 αὑτὸν

180 3795 189 3809 ’
236 3830 253 3857 ι
309 3807 486 3858 δοκεῖν
517 3806 677 3864 εἶναι,
711 3802 1066 3872 συνέρχεσθαι
1099 3803 1194 3853 καὶ
1244 3800 1576 3868 λειτουργεῖν
1609 3800 1703 3851 καὶ

228 3917 245 3949 ι
308 3895 380 3965 μὴ
415 3895 800 3965 συνεχέστερον
830 3897 908 3956 είς
934 3893 1032 3962 τὴν
1061 3894 1236 3956 πόλιν,
1270 3893 1325 3943 ἐν
1416 3892 1560 3946 ἐστιν
1587 3889 1704 3941 ἐπί-

234 4012 250 4042 ι
300 3986 526 4049 σκοπος,
554 3983 963 4055 παραγίγνοιτο.
1017 3985 1216 4039 Τοῦτον
1248 3985 1358 4055 γὰρ
1390 3985 1478 4038 τὸν
1509 3984 1704 4054 τρόπον

237 4104 252 4134 ι
306 4081 398 4134 καὶ
427 4079 494 4130 τὰ
521 4061 884 4130 οίκεῖαὶίιτοῦ
913 4077 1209 4146 πράγματα
1241 4075 1510 4144 παρά’τὴν
1543 4075 1703 4128 αὑτοῦ

237 4195 253 4225 ι
311 4170 577 4226 ἀπουσίαν
633 4168 886 4239 οὐδεμίαν
937 4169 1194 4237 ὐπομένει
1227 4167 1453 4235 ζημίαν,
1496 4158 1589 4216 καλ
1645 4165 1705 4216 τὸ

233 4290 248 4317 ι
309 4268 407 4337 τῆς
441 4260 757 4324 ἀλαζονείας
787 4261 880 4315 καὶ
909 4260 1002 4314 τοῦ
1036 4259 1208 4328 τύφου
1258 4258 1528 4326 ἐκκλίνειν
1556 4256 1698 4322 δόξει

126 4389 130 4392 -
232 4379 250 4410 ι
289 4360 561 4426 ἔγκλημα.
599 4354 873 4414 ’Ἅπαντες
901 4355 950 4406 oi
984 4354 1264 4406 ἐπίσκοποι
1302 4347 1453 4404 εἷπον
1478 4366 1491 4378 ·
1555 4348 1706 4419 Ἀρέ-

237 4467 253 4497 ι
283 4465 425 4519 ,σκει
458 4449 549 4499 καὶ
580 4443 716 4512 αὕτη
753 4444 784 4510 ἡ
819 4442 1169 4505 διατύπωσις.
1211 4460 1230 4493 ι

237 4540 432 4595 ΒᾹΛΣ.
477 4539 534 4590 '0
562 4537 660 4606 μὲν
696 4540 767 4586 ια’
797 4533 974 4585 κανὼν
1001 4533 1241 4588 διδάσκει
1282 4532 1410 4600 περὶ
1435 4532 1543 4583 τῶν
1571 4530 1707 4581 ἀπο·
1749 4521 1760 4546 ⁸

161 4613 521 4701 δημησάντων
597 4629 909 4701 ἐπισκόπων
955 4626 1064 4678 ἀπὸ
1101 4626 1304 4689 τῷλεως
1331 4625 1416 4684 εἰς
1471 4619 1707 4690 πόλιν,ἢ

165 4724 269 4777 ἀπὸ
301 4725 566 4793 ἐπαρχίας
599 4724 676 4785 είς
707 4716 969 4790 ἐπαρχίαν
991 4732 1005 4745 '
1029 4718 1057 4768 ό
1085 4718 1141 4769 δὲ
1174 4716 1359 4788 παρὼν
1388 4713 1568 4766 κανὼν
1601 4713 1708 4764 διο-

173 4816 380 4888 ρίζεται
412 4817 538 4878 τοὺς
565 4814 931 4874 ἐπισκόπους,
975 4810 1100 4871 τοὺς
1150 4809 1372 4878 ἔχοντας
1421 4807 1709 4874 ἀκινήτους

173 4909 410 4978 μεγάλας
433 4910 654 4974 κτήσεις
691 4909 770 4969 είς
809 4903 1091 4972 ἀλλοτρίας
1121 4901 1711 4970 ἐνορίαςρἀαρεμπφ

168 5002 361 5060 δίστως
390 4999 469 5058 εἰς
491 4997 694 5068 ταύτας
731 4996 1066 5067 ἀπέρχεσθαι
1099 4992 1184 5044 διὰ
1231 4992 1336 5064 τὴν·
1374 4990 1710 5060 συγκομιδὴν

168 5094 281 5145 τῶν
310 5088 556 5159 καρπῶν,
594 5091 684 5141 καὶ
709 5089 850 5142 οὕτω
899 5085 1259 5159 χειραγωγεῖν
1294 5086 1419 5148 τοὺς
1451 5080 1707 5152 πένητας.

171 5187 337 5254 Πλὴν,
375 5182 528 5253 φησὶ,
564 5182 658 5233 ἐπὶ
694 5184 792 5252 μὲν
819 5183 966 5255 τρισὶ
994 5179 1299 5252 Κυριακαϊς
1321 5176 1520 5246 ὀφείλει
1543 5175 1572 5226 ὀ
1598 5175 1713 5227 ἐπί.

172 5293 370 5340 σκοπος
397 5275 600 5341 διάγειν
628 5272 707 5334 είς
729 5260 796 5324 τά
825 5275 1000 5326 οἰκεῖα
1025 5273 1295 5339 κτήματα,
1327 5267 1420 5320 καὶ
1444 5265 1579 5336 μετά
1606 5267 1713 5319 τῶν

179 5367 456 5435 ἐγχωρίων
481 5363 691 5417 πιστῶν
715 5355 1099 5432 ἐκκλησιάζειν
1126 5361 1217 5414 καὶ
1261 5357 1711 5425 συλλειτουργεῖν,

180 5458 299 5527 ἢτοι
332 5455 683 5527 συνεύχεσθαι
727 5453 864 5524 μετὰ
897 5453 990 5505 τοῦ
1026 5454 1205 5507 ἐκεῖσε
1235 5452 1382 5513 ὄντος
1406 5446 1713 5530 πρεσϐυτέ-

178 5569 289 5623 ρου,
319 5550 403 5604 ῖνα
438 5549 512 5619 μὴ
532 5552 660 5622 δοκῇ
689 5547 856 5620 χωρὶς
885 5543 1245 5605 συνελεύσεως
1262 5540 1714 5611 ἐκκλησιαστικῆς

177 5642 330 5708 εἶναι,
360 5637 1020 5719 καὶπροσκρούεινπρὺς
1052 5637 1146 5690 τὸν
1194 5638 1451 5715 ἀνωτέρω
1492 5632 1715 5701 εἰρημὲ-

180 5753 264 5789 νον
293 5735 490 5788 κανόνα
521 5733 612 5786 τὸν
637 5735 960 5805 ἀφορίζοντα
981 5729 1106 5794 τοὺς
1133 5729 1225 5782 ἐπὶ
1252 5731 1398 5798 τρεῖς
1422 5726 1716 5797 ἑϐδομάδας

184 5829 254 5899 μὴ
301 5828 575 5889 συνιόντας
625 5827 704 5889 είς
745 5824 1056 5897 ἐκκλησίαν,
1105 5820 1256 5877 Μετὰ
1300 5820 1356 5875 δὲ
1399 5819 1494 5883 τὰς
1553 5821 1700 5889 τρεῖς

2389 2614 2617 2671 CANON
2683 2614 2797 2669 XII.

1809 2724 1828 2757 ι
1865 2706 2088 2773 Quidam
2125 2706 2323 2761 fratres
2348 2717 2401 2761 et
2458 2707 2754 2774 coepiscOpi
2810 2707 2859 2758 in
2910 2705 3238 2763 civitatibus.
3296 2704 3346 2754 in

1878 2815 1898 2847 ι
1940 2797 2130 2863 quibus
2183 2797 2416 2864 episcopi
2469 2797 2885 2860 constituuntur,
2920 2795 3162 2846 videntur
3199 2794 3349 2846 valde

1879 2904 1897 2937 ι
1937 2902 2105 2957 pauca
2132 2928 2146 2948 ,
2180 2902 2300 2957 qua:
2331 2887 2428 2941 sibi
2477 2886 2585 2939 sint
2638 2885 2878 2954 propria,
2933 2884 3241 2953 possidere;
3294 2883 3346 2933 in

1883 2999 1901 3033 ι
1932 2980 2050 3034 aliis
2090 2987 2269 3033 autem
2303 2977 2434 3033 locis
2461 2992 2678 3046 magnas
2702 2978 3087 3044 possessiones,
3118 2990 3180 3026 ex
3225 2971 3347 3040 qui-

1882 3095 1900 3128 ι
1942 3076 2041 3130 bus
2103 3074 2263 3128 etiam
2316 3080 2543 3141 possunt
2591 3086 2741 3138 opem
2800 3069 2938 3122 ferre
2995 3067 3350 3134 pauperibus;

1883 3188 1902 3221 ι
1935 3168 2000 3222 iis
2040 3169 2108 3221 ita
2139 3180 2259 3220 esse
2281 3163 2679 3219 concedendum
2714 3161 2916 3231 judico,
2944 3169 2998 3211 ut
3021 3159 3061 3210 si
3117 3158 3167 3209 iu
3225 3170 3347 3207 suus

1879 3278 1900 3312 ι
1935 3261 2307 3329 possessiones
2351 3255 2560 3310 venturi
2594 3257 2720 3317 sint,
2754 3265 2804 3307 et
2828 3253 3032 3304 fructus
3063 3262 3190 3302 suos
3239 3245 3349 3296 θοι-

1877 3372 1896 3404 ι
1932 3352 2150 3410 lecturi.
2199 3350 2370 3403 tribus
2401 3347 2591 3400 diebus
2627 3343 2933 3404 Dominicis,
2971 3341 3021 3393 id
3051 3350 3154 3400 est,
3183 3338 3351 3390 trilms

1878 3462 1897 3496 ι
1941 3441 2292 3512 septimanis.
2348 3439 2400 3492 in
2462 3437 2572 3491 suis
2634 3433 3053 3506 possessionibus
3119 3429 3348 3496 degant;

1879 3557 1896 3590 ι
1940 3537 2071 3590 etin
2109 3534 2340 3589 ecclesia
2386 3546 2501 3600 quae
2546 3543 2707 3597 prope
2727 3526 2905 3589 est,in
2941 3539 3043 3591 qua
3077 3523 3353 3592 presbyter

1881 3650 1899 3683 ι
1932 3631 2180 3698 pupulum
2235 3634 2544 3695 congregat,
2577 3638 2641 3677 ne
2674 3637 2700 3674 a
2737 3619 3108 3675 communione
3139 3616 3349 3667 alienus

1887 3738 1904 3770 ι
1942 3718 2190 3770 videatur
2243 3711 2569 3782 (episcopus)
2601 3710 2902 3769 conveniat,
2932 3718 2984 3759 ct
3032 3703 3352 3757 sacriﬁcium

1879 3830 1897 3862 ι
1934 3808 2209 3869 celebret,
2239 3813 2373 3860 etne
2399 3802 2727 3870 frequentius
2766 3801 2816 3852 in
2849 3800 3087 3856 civitate,
3139 3797 3190 3847 in
3239 3809 3343 3858 qua

1879 3922 1897 3952 ι
1950 3912 2028 3954 est
2052 3899 2357 3968 episcopus,
2390 3895 2552 3949 adsit.
2586 3893 2659 3946 Eo
2681 3893 2820 3946 enim
2849 3891 3022 3950 modo,
3053 3895 3108 3939 et
3139 3902 3220 3938 res
3239 3883 3352 3948 citis

1880 4012 1899 4044 ι
1927 4003 2143 4060 propter
2171 3991 2337 4058 ipsius
2381 3987 2690 4051 absentiam,
2726 3984 2854 4037 nihil
2919 3977 3214 4034 detrimenti
3265 3993 3362 4040 pa~

1882 4102 1899 4134 ι
1933 4083 2150 4144 tieutur,
2177 4089 2228 4133 et
2280 4075 2596 4142 arrogantiae
2630 4087 2690 4135 ac
2714 4071 2976 4137 superbia:
3011 4065 3359 4120 crimczieﬂ‘ns

1880 4193 1897 4224 ι
1929 4189 2055 4242 gere
2098 4169 2388 4224 videbitur.
2419 4165 2615 4220 Omnes
2644 4161 2875 4231 episcopi
2907 4159 3154 4213 dixerunt
3199 4155 3355 4208 :I‘la-

1884 4284 1902 4318 ι
1928 4275 2012 4321 cet
2042 4267 2152 4318 haec
2181 4269 2394 4334 quoque
2424 4258 2750 4313 constitutio.
2781 4273 2798 4305 ι

1891 4526 2084 4581 BALS.
2151 4522 2474 4576 Undecimus
2515 4533 2686 4575 canon
2744 4518 2897 4571 docet
2946 4512 3011 4568 de
3059 4511 3353 4580 episcopis,

1811 4623 1957 4692 quia
2008 4617 2228 4687 civitate
2268 4615 2321 4667 in
2367 4614 2888 4678 civitatem‘pcregre
2915 4604 3362 4674 proficiscuntur,

1809 4716 1892 4767 vel
1920 4729 1945 4764 a
1975 4708 2250 4781 provincia
2280 4707 2335 4761 in
2368 4702 2737 4775 prmiuciam:
2774 4693 3009 4766 prtesens
3058 4703 3233 4747 autem
3268 4709 3357 4747 ca-

1811 4823 1916 4861 non
1950 4805 2156 4866 statuit,
2186 4811 2247 4860 ut
2269 4794 2526 4868 episcopi.
2559 4793 2646 4862 qui
2682 4805 2901 4860 magnas
2934 4788 3128 4843 habent
3163 4786 3358 4840 immo-

1811 4900 1946 4954 biles
1976 4893 2338 4965 p'ossesslones
2358 4887 2408 4938 in
2445 4884 2645 4937 alienis
2676 4883 3005 4953 regionibus,
3041 4879 3092 4931 in
3121 4893 3212 4933 eas
3245 4867 3370 4933 sine"

1811 4989 1919 5042 ullo
1948 4984 2334 5054 impedimento
2386 4977 2798 5046 proﬁciscantur
2839 4974 2906 5028 ad
2946 4970 3151 5023 fructus
3207 4970 3355 5023 colli-

1811 5078 2030 5146 gendos,
2066 5083 2120 5126 et
2160 5072 2238 5125 sic
2282 5085 2543 5140 pauperes
2567 5074 2891 5121 sustentent.
2941 5063 3206 5114 Cmterum
3261 5060 3354 5111 tri-

1811 5171 1932 5232 bus,
1965 5163 2160 5234 inquit,
2189 5163 2484 5217 Dominicis
2518 5164 2674 5215 debet
2696 5164 2978 5226 episcopus
2999 5155 3050 5207 in
3076 5156 3188 5208 suis
3229 5166 3354 5219 pos—

1813 5239 2147 5317 sessionibus
2180 5270 2359 5323 agere.
2399 5264 2452 5306 et
2497 5265 2617 5308 cum
2646 5251 2785 5302 illius
2836 5247 3070 5315 regionis
3109 5242 3356 5298 fidelibus

1812 5354 1865 5408 iu
1893 5340 2177 5405 ecclesiam
2205 5325 2592 5409 convenire,“
2634 5356 2734 5392 una
2776 5339 3068 5402 celebrare,
3118 5350 3207 5389 seu
3248 5349 3352 5386 una

1813 5456 1971 5498 orare
1995 5457 2118 5496 cum
2168 5439 2480 5509 presbytero
2529 5433 2616 5499 qui
2676 5431 2780 5485 illic
2820 5442 2958 5496 est;
3019 5442 3082 5479 ne
3106 5426 3353 5478 videatur

1814 5549 1935 5591 esse
1965 5532 2033 5587 ab
2067 5531 2429 5587 ecclesiastica
2481 5525 2853 5578 communione
2904 5521 3129 5578 alienus.
3189 5528 3244 5572 et
3301 5517 3354 5569 in

1815 5641 2075 5684 canonem
2094 5638 2255 5692 supra
2305 5619 2538 5687 positum
2576 5615 2863 5677 offendere,
2897 5612 2984 5680 qui
3014 5610 3228 5679 quidem
3262 5623 3357 5675 eos

1815 5729 2078 5790 segregat,
2137 5717 2225 5787 qui
2257 5715 2430 5767 tribus
2472 5711 2760 5766 Dominicis
2809 5709 2859 5761 in
2908 5706 3192 5760 ecclesiam
3251 5718 3353 5759 non

1817 5813 2160 5879 conveniunt,
2190 5809 2454 5864 (laterum
2480 5817 2592 5877 post
2614 5815 2720 5860 tres
2753 5801 3062 5855 Dominicus
3096 5815 3200 5855 non
3248 5797 3354 5851 fre-
