4186 6438
253 416 312 480 13
1709 411 2040 473 NOTITIA.
3413 417 3478 480 ιι

246 547 358 586 cum
383 529 585 582 Comm.
627 526 980 582 BalsamOnis.
1017 557 1082 566 —
1121 526 1175 580 In
1203 528 1321 581 cod.
1357 528 1444 594 50,
1479 527 1718 594 Jamesii,
1757 531 2018 598 Excerpta
2055 545 2116 586 ex
2147 546 2340 585 canon.
2377 541 2428 586 et
2460 531 2826 586 Commentar.
2867 533 3202 589 Balsamonis
3262 535 3323 590 γ.
3352 535 3474 596 Cat.

245 620 388 673 codd.
421 616 642 686 Anglize,
671 615 712 680 Ι,
736 631 856 685 pag.
889 615 1013 669 263.
1052 614 1105 669 ln
1138 619 1259 672 eod.
1288 619 1452 671 catal.
1485 628 1614 672 tom.
1647 617 1710 682 ll,
1755 636 1808 671 ιι.
1842 618 1999 685 1856,
2036 618 2087 672 in
2121 619 2243 672 cod.
2281 631 2547 672 canonum
2606 619 2814 687 collegii
2854 618 3142 675 Etonensis
3176 660 3191 684 ,
3221 623 3310 688 qui
3345 638 3475 676 cou-

240 707 369 760 tinet
399 704 604 775 praefat.
637 703 843 759 Theod.
881 704 1232 771 Balsamonis,
1267 706 1607 759 Nomocanon
1640 707 1816 761 Photii
1849 721 1968 760 cum
2028 715 2317 760 comment.
2355 706 2688 760 Balsamonis
2715 724 2727 769 ;
2762 708 3088 774 quaestiones
3119 713 3472 776 quorumdam

245 794 623 847 monachorum
653 803 707 846 et
735 807 1015 861 responsa,
1054 807 1287 848 canones
1320 792 1684 862 apostolorum
1719 793 1926 846 Niczen.
1956 792 2158 846 CPolit.
2199 793 2448 859 Ephesin.
2483 792 2736 846 Chalced.
2777 809 2898 845 cum
2930 795 3231 849 Comment.
3267 795 3473 850 Theod.

246 879 591 934 Balsamoais.
620 910 690 919 —
722 876 856 933 Ibid.
893 880 1158 949 synodum
1188 880 1442 948 Carthag.
1482 881 1801 949 pr.csidente
1832 890 2017 934 sancto
2039 880 2308 949 Cypriane
2351 895 2472 932 οιιιιι
2505 881 2716 933 Comm.
2746 878 2978 934 Balsam.
3011 889 3115 934 etc.
3152 913 3221 922 -—
3252 883 3387 936 lbid.
3418 900 3474 938 ιι.

240 966 390 1024 5459.
426 966 476 1018 in
517 967 635 1018 cod.
666 964 902 1019 Nort'olc.
936 965 1058 1031 510,
1096 965 1357 1028 Concilia,
1393 982 1514 1020 cum
1543 966 1890 1034 Expositione
1914 967 2250 1020 Balsamonis
2276 977 2328 1020 et
2359 966 2602 1028 Zonarzn,
2647 997 2714 1006 -—-
2742 967 2872 1022 Ibid.
2921 985 2974 1021 n.
3010 969 3171 1031 5905,
3204 970 3256 1023 in
3280 971 3473 1025 Thom.

241 1054 384 1117 Gale,
421 1053 541 1106 cod.
576 1054 635 1106 7|
673 1053 921 1108 Canones
948 1063 1258 1108 sanctorum
1290 1053 1654 1122 apostolorum
1685 1064 1739 1108 et
1764 1056 2136 1118 conciliorum,
2174 1055 2224 1107 in
2266 1054 2514 1124 catalogo
2548 1055 2701 1119 plene
2749 1055 3145 1121 iudicatorum;
3195 1057 3320 1111 item
3375 1058 3478 1112 Pe-
3531 1105 3542 1116 ,

245 1147 327 1208 tri,
359 1145 746 1213 archiepiscopi
781 1145 1132 1198 Alexandrini
1168 1143 1404 1214 Epistola
1433 1159 1552 1198 cum
1587 1145 1804 1198 scholiis
1841 1144 2198 1206 Balsamonis,
2221 1154 2274 1196 et
2302 1143 2428 1206 alia,
2453 1158 2572 1211 qua:
2611 1146 2790 1196 omnia
2853 1144 2902 1196 in
2938 1145 3119 1198 multis
3171 1145 3305 1199 locis
3357 1161 3478 1200 esse
3536 1150 3539 1154 '

243 1233 513 1300 impressis
535 1232 686 1286 libris
710 1234 976 1295 auctiora,
1022 1233 1245 1285 adnotat
1277 1232 1553 1286 confector
1588 1231 1837 1298 catalogi.
1871 1260 1939 1271 —
1971 1231 2181 1283 Duhlini
2209 1232 2526 1296 (secundum
2561 1231 2806 1284 euindem
2843 1231 3070 1299 catalog.
3109 1232 3216 1286 vol.
3243 1231 3309 1297 ll,
3345 1248 3477 1300 p.11,

243 1334 353 1387 pag.
383 1317 510 1382 251,
544 1335 596 1372 ιι,
629 1318 755 1388 277)
793 1320 843 1373 in
873 1319 1079 1387 collegii
1129 1318 1186 1371 S.
1215 1319 1466 1372 Trinitat.
1524 1320 1646 1372 cod.
1685 1319 1808 1382 157,
1843 1335 1892 1370 n.
1929 1319 1987 1370 11
2054 1334 2172 1385 sqq.
2226 1318 2447 1385 epistola
2497 1317 2704 1371 Tarasii
2765 1318 2868 1372 ΕΡ.
2912 1319 2976 1369 ad
3024 1318 3246 1372 Adrian.
3289 1335 3478 1387 papam

241 1404 276 1457 f.
318 1405 405 1467 66,
438 1420 526 1474 ap.
570 1405 805 1459 Balsam.
839 1422 891 1476 p.
925 1405 1080 1468 1083,
1111 1421 1231 1460 cum
1267 1407 1438 1470 notis;
1471 1404 1720 1475 Synodns
1752 1419 1766 1457 ι
1800 1405 1897 1458 sub
1924 1405 2134 1466 Photio,
2161 1406 2205 1480 f.
2228 1406 2296 1460 68
2331 1409 2382 1459 h.
2423 1407 2652 1459 Balsam.
2691 1421 2742 1472 p.
2776 1406 2878 1459 519
2913 1421 2961 1458 c.
2993 1416 3106 1460 not.
3163 1409 3254 1460 sed
3282 1409 3478 1475 imper-

239 1492 428 1557 fectis;
465 1494 702 1562 synodus
739 1509 776 1547 ιι
813 1492 912 1546 sub
951 1493 1142 1548 Photio
1175 1493 1210 1546 f.
1244 1494 1306 1546 71
1339 1509 1386 1547 c.
1419 1504 1530 1547 not.
1566 1509 1652 1562 ap.
1684 1493 1916 1546 Balsam.
1963 1507 2018 1562 p.
2059 1493 2197 1556 583;
2237 1493 2473 1562 Dionysii
2509 1493 2662 1546 Alex.
2703 1494 2768 1545 ad
2807 1490 3027 1545 Basilid.
3061 1492 3293 1560 Epistola
3325 1494 3362 1548 f.
3394 1495 3479 1553 7:2.

240 1579 372 1648 apud
401 1578 709 1637 Balsamon.
743 1594 794 1643 β.
830 1579 970 1645 879;
1005 1580 1060 1636 S.
1090 1581 1254 1645 Petri,
1298 1581 1452 1634 Alex.
1483 1582 1739 1649 martyris
1776 1595 2029 1644 canones,
2064 1582 2152 1648 qui
2192 1581 2439 1634 feruntur
2469 1581 2520 1633 in
2573 1595 2822 1634 sermone
2854 1581 2918 1631 de
2969 1581 3306 1648 pmnitentia,
3335 1582 3371 1638 f.
3414 1583 3481 1633 75

239 1664 288 1718 b.
319 1665 628 1721 Balsamon.
657 1667 761 1721 887
792 1668 866 1738 (ᾳ)
894 1679 1045 1724 caret
1068 1685 1175 1723 uno
1205 1669 1240 1722 f.
1277 1671 1417 1723 inter
1446 1669 1516 1722 '78
1550 1678 1604 1722 et
1633 1668 1720 1733 79,
1751 1669 1914 1722 etiam
1943 1668 1992 1722 in
2021 1668 2123 1722 fine
2152 1687 2166 1733 ;
2198 1669 2474 1721 Athanasii
2525 1668 2675 1721 Alex.
2724 1666 2949 1736 epistola
2991 1668 3318 1736 ἐορτατιςκὴ
3372 1669 3440 1721 59
3466 1709 3480 1730 ,

239 1751 327 1805 fol.
363 1751 454 1818 84,
490 1765 638 1808 caret
667 1754 844 1819 initio,
881 1764 936 1809 et
966 1756 1153 1826 incipit
1175 1772 1229 1826 p.
1263 1756 1388 1819 929,
1421 1772 1506 1821 ap.
1535 1755 1904 1811 Balsamonem
1932 1776 1946 1820 ;
1983 1767 2092 1811 tres
2125 1755 2182 1809 S.
2226 1755 2409 1810 Basilii
2443 1755 2695 1825 Epistolas
2736 1755 3030 1819 canonicte,
3058 1757 3218 1808 ctiam
3249 1771 3334 1822 ap.
3361 1757 3482 1808 Bal-

239 1855 445 1896 samon.
479 1841 743 1911 Sellapud
777 1843 920 1898 hunc
944 1859 1048 1898 non
1079 1855 1257 1899 exstat
1287 1845 1536 1898 Prcefatio
1563 1846 1815 1913 Epistolae
1844 1846 2053 1909 tertiae;
2099 1844 2278 1897 Basilii
2316 1842 2540 1911 epistola
2591 1844 2656 1894 ad
2707 1842 3168 1910 Amphilochium,
3205 1842 3362 1896 aliter
3399 1844 3483 1895 in-

237 1931 456 1999 scripta,
491 1946 552 1984 ac
580 1948 668 2002 ap.
703 1931 1013 1986 Balsamon.
1048 1933 1085 1986 f.
1127 1933 1246 2000 101,
1279 1942 1332 1988 et
1361 1935 1522 1986 inulta
1554 1935 1655 1986 alia
1685 1949 1801 2001 «pne
1833 1933 1885 1986 in
1923 1933 2042 1986 Cat.
2082 1934 2412 1985 indicantur.
2443 1961 2512 1970 —
2542 1929 2798 1984 Florent.!
2845 1930 2894 1982 in
2942 1933 3056 1983 cod.
3117 1929 3307 1982 Medic.
3342 1929 3486 1982 Lau-

241 2029 378 2074 rent.
408 2019 467 2082 2,
501 2017 761 2074 Collectio
789 2035 1069 2075 sacrorum
1097 2036 1363 2075 canonum
1391 2038 1510 2075 cum
1536 2022 1888 2089 Expositione
1913 2020 2159 2080 lanam,
2187 2018 2527 2072 Balsamonis
2551 2028 2604 2071 et
2628 2017 2907 2087 anonymi,
2932 2032 3092 2086 quam
3115 2017 3485 2070 collectionem

240 2106 290 2158 in
320 2089 569 2163 illo‘cod.
609 2109 779 2163 fusius
805 2120 1052 2164 recenset
1081 2120 1136 2164 et
1169 2111 1320 2180 plura
1344 2110 1410 2165 de
1440 2112 1666 2178 singulis
1699 2111 1940 2176 partibus
1973 2110 2137 2164 refert
2169 2107 2397 2160 Bandin.
2431 2108 2483 2160 in
2505 2106 2624 2160 Cat.
2658 2107 2815 2158 codd.
2847 2105 2941 2159 Gr.
2971 2105 3132 2159 Laur.
3165 2105 3205 2168 Ι,
3245 2121 3296 2171 p.
3332 2106 3482 2157 1-11.

239 2227 303 2235 -
337 2194 496 2251 Haud
527 2213 694 2264 pauca
728 2199 1071 2252 Bulsamonis
1114 2198 1185 2252 ib.
1217 2199 1266 2252 in
1297 2201 1416 2253 cod.
1452 2200 1521 2253 40
1555 2199 1868 2252 continente
1895 2212 2130 2251 canones
2160 2195 2558 2249 ecclesiasticos
2613 2194 2965 2246 diversorum.
3004 2192 3064 2246 V.
3109 2191 3332 2245 Bandin.
3366 2191 3406 2256 Ι,
3433 2206 3484 2244 c.

238 2299 356 2354 pag.
388 2287 456 2340 70
489 2302 608 2356 sqq.
645 2287 754 2355 qui,
795 2295 854 2340 ut
887 2287 952 2341 de
979 2287 1258 2356 superiore
1290 2288 1412 2340 cod.
1447 2297 1746 2349 notaverat,
1777 2286 1938 2339 etiam
1971 2283 2059 2336 ubi
2089 2281 2296 2351 singula
2328 2281 2433 2334 sint
2467 2280 2606 2333 edita
2641 2280 2854 2346 aliaque
2895 2280 3294 2332 animadvertit.
3331 2278 3391 2333 P.
3418 2279 3486 2332 76

235 2387 318 2442 sq.
352 2375 560 2442 primus
590 2391 654 2428 ex
692 2375 782 2428 illo
821 2377 944 2430 cod.
975 2375 1069 2430 Gr.
1114 2376 1387 2444 evolgavit
1418 2375 1644 2428 Joannis
1679 2373 2001 2443 patriarcha:
2050 2370 2252 2424 CPolit.
2300 2367 2625 2437 Synodicam
2670 2365 3108 2433 dijudicationcm
3137 2364 3176 2418 f.
3208 2365 3490 2420 Constitu-

237 2460 436 2515 tionem
460 2463 525 2517 de
547 2464 726 2526 rebus,
756 2479 875 2532 qua:
910 2465 974 2517 ad
1011 2467 1336 2518 monasteria
1368 2466 1659 2534 pertinent,
1694 2473 1796 2516 etc.
1825 2461 1952 2529 l’ag.
1982 2459 2070 2520 81,
2103 2474 2165 2512 ex
2193 2456 2311 2510 eod.
2338 2458 2394 2519 2,
2431 2473 2487 2508 ιι.
2539 2452 2642 2507 100
2669 2454 2760 2507 Gr.
2795 2453 3089 2522 publicavit
3153 2452 3488 2507 Balsamonis

233 2550 503 2619 epilogum
539 2551 591 2604 in
628 2550 1080 2616 Nomocanonem,
1117 2553 1366 2608 versibus
1395 2552 1610 2616 iambis,
1639 2552 1726 2620 qui
1760 2551 1907 2603 deest
1942 2549 1993 2600 in
2029 2546 2299 2613 Beveregii
2337 2543 2614 2596 Pandectis
2651 2557 2911 2593 canonum
2939 2548 2992 2594 et
3026 2541 3076 2592 in
3107 2538 3319 2593 Justelli
3343 2540 3485 2593 Bibl.

237 2637 365 2699 iuris
401 2639 647 2692 canonici
671 2641 875 2693 veteris.
904 2671 972 2679 —
1009 2640 1066 2694 In
1093 2641 1211 2695 cod.
1247 2640 1282 2693 2
1314 2641 1402 2709 (V.
1442 2640 1665 2693 Bandin.
1697 2638 1737 2702 l,
1766 2653 1887 2706 pag.
1928 2638 2013 2701 11,
2045 2652 2099 2687 ιι.
2135 2633 2257 2700 101)
2303 2640 2386 2685 est
2413 2631 2573 2684 etiam
2603 2629 2943 2683 Balsamonis
2959 2629 3024 2681 de
3045 2628 3231 2680 ordine
3257 2630 3490 2681 tencndo

237 2724 287 2778 in
318 2727 544 2780 sedibus
576 2743 602 2779 a
635 2728 1070 2796 metropolitanis
1097 2737 1149 2781 et
1182 2729 1627 2797 archiepiscopis,
1657 2725 1948 2780 secundum
1985 2736 2172 2775 eorum
2206 2717 2641 2785 descriptionem,
2675 2728 2793 2782 qua:
2819 2723 2902 2766 est
2931 2713 2983 2765 in
3013 2712 3486 2782 cliartOphylacio;

234 2821 411 2867 exstat
439 2814 653 2882 quidem
683 2814 734 2868 in
767 2815 1201 2871 Leunclaviolib.
1230 2833 1312 2880 ιιι,
1347 2831 1465 2885 pag.
1498 2816 1625 2878 943,
1668 2815 1760 2868 sed
1790 2809 2025 2865 auctoris
2048 2821 2242 2861 nomen
2280 2821 2386 2859 non
2418 2819 2524 2873 prze
2555 2818 2612 2857 se
2642 2801 2766 2856 fert.
2789 2829 2857 2841 -ά-
2893 2799 3114 2854 Taurini
3158 2802 3209 2853 in
3238 2801 3359 2856 cod.
3387 2799 3489 2854 105

233 2911 314 2952 est
340 2902 676 2970 amplissima
713 2917 991 2958 sacrorum
1036 2905 1388 2960 conciliorum
1413 2903 1744 2973 generalium
1807 2907 1861 2954 et
1928 2895 2358 2964 particulnrium.
2399 2907 2497 2944 nec
2548 2905 2650 2943 ηοη
2695 2888 3040 2956 epistulam")
3104 2888 3488 2942 εοηοηίητιιειι

235 2987 514 3051 Collectio,
544 2989 726 3042 addito
753 2990 1092 3045 Balsamonis
1122 2991 1562 3056 Commentario;
1596 2990 1668 3044 ib.
1703 2989 1754 3042 in
1783 2987 1907 3041 col.
1945 2985 2072 3047 219,
2104 2981 2314 3037 Theod.
2355 2980 2588 3032 Balsam.
2625 2977 3022 3031 Commentaria
3067 2976 3117 3028 in
3153 2973 3490 3029 Nomocano-

235 3091 349 3129 nem
380 3074 583 3142 Photii,
629 3093 859 3133 necnon
888 3080 1218 3147 apostolicos
1254 3089 1309 3134 et
1363 3077 1716 3133 conciliorum
1778 3073 2112 3144 generalium
2183 3085 2247 3123 ac
2279 3065 2690 3138 provincialium
2747 3065 2998 3119 Canones
3035 3072 3089 3116 et
3131 3062 3230 3117 SS.
3267 3061 3487 3119 Patrum

238 3163 510 3232 Epistolas
527 3167 836 3220 canonicas.
863 3165 1024 3220 Prazit
1054 3183 1230 3220 rerum
1268 3166 1454 3230 Index,
1485 3169 1550 3220 ad
1582 3165 1734 3230 cujus
1763 3163 1968 3218 calcem
2001 3161 2254 3229 leguntur
2286 3171 2473 3210 versus
2501 3152 2706 3208 heroici
2740 3152 2979 3220 ejusdem
3031 3150 3388 3205 Balsamonis.
3419 3151 3487 3205 V.

234 3251 350 3304 Cat.
382 3253 542 3306 codd.
573 3252 668 3307 Gr.
698 3250 863 3308 Taur.
901 3270 1022 3324 pag.
1060 3254 1310 3314 191-212,
1345 3263 1396 3309 et
1423 3269 1545 3323 pag.
1581 3252 1703 3306 510.
1731 3282 1799 3291 -
1829 3249 1887 3304 νε

1831 3249 2020 3304 Venet.
2057 3249 2108 3301 in
2161 3245 2296 3300 bibl.
2330 3244 2492 3297 Marc.
2533 3242 2691 3296 codd.
2764 3240 2863 3293 l68
2915 3249 2965 3292 et
3024 3239 3167 3304 169,
3217 3252 3484 3292 canonum

233 3340 499 3394 Collectio
533 3356 653 3394 cum
687 3343 918 3397 Scholiis
953 3343 1160 3398 Theod.
1197 3342 1552 3396 Balsamonis.
1600 3339 1660 3393 ν.
1702 3339 2092 3393 Recensionem
2152 3335 2204 3388 in
2264 3333 2384 3386 Cat.
2443 3330 2603 3385 codd.
2651 3327 2748 3382 Gr.
2779 3343 2900 3397 pag.
2928 3325 3117 3382 115-98.
3148 3326 3485 3382 Curatiorem

236 3437 416 3480 tamen
450 3428 500 3480 in
529 3443 578 3483 c.
615 3428 820 3483 Morelli
853 3431 985 3483 bibl.
1021 3442 1146 3484 mst.
1180 3429 1274 3483 Gr.
1304 3440 1354 3484 et
1385 3429 1504 3482 Lat.
1537 3428 1575 3489 l,
1615 3443 1736 3496 pag.
1775 3428 1844 3481 96
1879 3442 1963 3495 sq.
1991 3455 2060 3464 —-
2087 3423 2259 3478 Paris.
2289 3421 2526 3475 Balsam.
2561 3417 2775 3472 Scholia
2805 3417 2856 3470 in
2884 3431 3116 3470 canones
3134 3417 3485 3472 conciliorum

233 3524 287 3568 et
318 3515 369 3568 in
403 3516 578 3569 Photii
611 3516 903 3570 Nomocan.
933 3517 985 3570 in
1024 3517 1180 3571 codd.
1214 3518 1372 3577 1518,
1403 3533 1454 3570 n.
1492 3518 1542 3580 1,
1569 3517 1737 3580 3-39;
1772 3525 1886 3569 etn.

1844 3531 1896 3568 ιι.
1923 3513 2010 3580 10,
2034 3512 2268 3566 Balsam.
2287 3509 2552 3578 epilogus.
2577 3504 2828 3559 versibus
2848 3503 3092 3557 iambicis
3113 3504 3489 3573 “329435”,

235 3603 287 3655 in
318 3617 431 3672 quo
461 3605 622 3658 etiam
653 3605 880 3672 plurima
915 3615 1060 3669 sunt,
1093 3620 1209 3674 qua:
1244 3605 1453 3659 Fabric.
1485 3613 1617 3658 sect.
1656 3620 1714 3666 ιι,
1746 3619 1802 3657 ιιι
1839 3612 1888 3657 et

1839 3612 1890 3657 et
1917 3618 1988 3666 Iv,
2022 3599 2295 3654 recensuit
2326 3599 2375 3650 in
2401 3595 2522 3650 cod.
2562 3594 2718 3656 1519,
2752 3609 2804 3646 n.
2860 3593 2914 3656 ‘2,
2956 3591 3183 3646 Zonaras
3236 3601 3288 3646 et
3368 3592 3490 3644 Bal-

234 3691 477 3746 sammiis
507 3693 871 3746 Commentar.
906 3692 957 3745 in
996 3691 1096 3748 SS.
1129 3692 1345 3744 Patrum
1379 3690 1644 3760 Epistolas
1672 3690 1964 3746 canonicas
1990 3706 2007 3755 ;
2039 3718 2107 3727 —
2133 3686 2189 3741 In
2216 3687 2335 3740 cod.
2366 3682 2701 3740 Coisliuiano
2722 3680 2789 3734 59
2817 3679 3040 3733 ZOnara:
3069 3687 3121 3731 et
3154 3677 3489 3734 Balsamonis

235 3792 491 3842 canones,
523 3789 575 3830 et
605 3779 704 3831 aha
741 3795 859 3847 qua:
894 3794 1084 3848 magna
1113 3794 1177 3832 ex
1213 3789 1361 3847 parte
1392 3793 1516 3831 cusa
1549 3793 1652 3830 non
1677 3794 1816 3838 esse,
1845 3786 2071 3832 testatur
2105 3772 2396 3830 Montfauc.
2430 3773 2483 3825 in
2539 3769 2666 3823 bibl.
2701 3767 2932 3822 Coislin.
2967 3782 3018 3832 p.
3050 3766 3152 3820 115
3177 3781 3260 3834 sq.
3295 3766 3487 3820 Venet.

235 3865 286 3917 in
322 3867 448 3918 cod.
479 3863 743 3931 Naniano,
779 3867 881 3921 155
911 3865 1277 3918 Nomocanon.
1307 3881 1334 3917 a
1360 3863 1514 3918 Joau.
1551 3865 1776 3918 Trulino
1803 3863 2048 3919 Cretensi
2078 3903 2092 3928 ,
2147 3877 2211 3917 ex
2247 3857 2570 3915 testimoniis
2624 3870 2794 3910 sacrae
2850 3854 3150 3922 Scriptura:
3173 3893 3186 3915 ,
3225 3852 3442 3906 Patrum
3475 3895 3489 3915 ,

235 3955 615 4017 conciliorum,
646 3955 821 4023 legum
849 3954 1107 4019 civilium,
1143 3953 1507 4018 Novellarum,
1537 3954 1926 4008 nomocanonis
1959 3949 2157 4005 Photii.
2193 3944 2531 4001 Balsatnonis
2584 3943 2920 4009 aliorumque
2969 3949 3273 3994 contextus.
3327 3939 3488 3994 Plura

236 4058 366 4096 vero
399 4043 468 4097 de
495 4059 561 4097 eo
596 4043 649 4095 in
680 4045 798 4097 Cat.
834 4043 992 4097 codd.
1025 4042 1120 4096 Gr.
1153 4041 1291 4096 Nan.
1327 4059 1379 4112 p.
1411 4043 1534 4096 4‘28.
1578 4072 1646 4080 —
1679 4041 1943 4095 Przmerea
1972 4037 2272 4092 notandum
2308 4042 2414 4101 est,
2445 4034 2680 4102 priorem
2709 4029 2885 4083 Photii
2940 4027 3332 4080 Nomocauouis
3356 4029 3485 4083 edit.

231 4146 356 4185 cum
395 4129 700 4184 Comment.
727 4131 932 4185 Theod.
965 4129 1304 4185 Balsamonis
1337 4129 1471 4195 in-l,
1511 4144 1614 4184 non
1652 4131 1719 4184 ab
1749 4128 1982 4183 Henrico
2009 4124 2253 4189 Justello,
2291 4120 2387 4176 sed
2417 4121 2483 4173 ab
2514 4119 2632 4188 ejus
2649 4125 2818 4186 patre,
2837 4112 3488 4183 ChristophoroJuatello,

231 4232 352 4272 esse
377 4228 649 4281 curatam,
679 4226 866 4271 contra
893 4219 1118 4271 alteram
1150 4219 1238 4274 ed.
1275 4217 1441 4269 multo
1473 4219 1795 4282 auctiorem,
1830 4217 1944 4269 sive
1975 4212 2351 4266 Bibliothecam
2377 4207 2518 4276 juris
2553 4204 2792 4258 canonici
2825 4203 3028 4264 veteris,
3060 4203 3113 4254 in
3145 4201 3281 4257 duos
3317 4211 3490 4255 tomos

233 4306 604 4360 distributam.
633 4320 738 4359 etc.
769 4304 994 4359 Lutetia:
1028 4307 1221 4369 Paris.,
1262 4305 1389 4358 1661
1423 4305 1474 4358 1η
1511 4304 1600 4356 fol.
1641 4306 1839 4358 editam
1875 4318 1995 4356 esse
2029 4300 2095 4354 ab
2119 4299 2238 4368 ejus
2269 4297 2379 4350 ﬁlio
2415 4293 2647 4348 Henrico
2671 4290 2915 4344 Justello.
2947 4289 3078 4341 Nam
3121 4289 3492 4356 inscriptionis

231 4397 409 4448 altera
443 4411 569 4462 pars
596 4395 648 4448 id
685 4394 887 4448 diserte
927 4394 1166 4448 declarat
1197 4413 1208 4448 :
1245 4411 1264 4445 ι
1305 4393 1457 4447 Alter
1482 4407 1608 4446 vero
1641 4390 1864 4461 (tomus)
1904 4389 2224 4458 insigniores
2253 4384 2390 4452 juris
2422 4380 2668 4436 canonici
2716 4387 2928 4432 veteres
2966 4377 3312 4430 collectiones
3339 4375 3492 4430 Cra:-

234 4500 329 4547 cos
359 4485 602 4538 exhibet.
639 4483 715 4538 Ex
740 4483 978 4553 antiquis
1009 4484 1168 4538 codd.
1204 4498 1334 4537 mss.
1372 4483 1708 4537 bibliotheca:
1740 4475 2116 4547 Clll'lSlOpltOl‘i
2151 4471 2378 4527 Justelli.
2419 4469 2619 4522 Horum
2646 4466 2814 4536 major
2848 4479 2969 4534 pars
3000 4479 3142 4518 nunc
3169 4464 3399 4532 primum
3437 4465 3490 4516 in

234 4575 414 4627 lucem
441 4573 766 4641 prodit,cum
796 4573 1136 4626 versioaibus
1169 4572 1394 4636 Latinis,
1431 4571 1863 4640 praefationibus,
1899 4566 2041 4618 notis
2072 4571 2127 4617 et
2158 4561 2426 4615 indicibus
2459 4557 2583 4611 huic
2619 4553 2840 4609 editioni
2875 4553 3214 4613 necessariis,
3241 4567 3404 4641 opera
3436 4561 3491 4641 et

234 4662 418 4713 studio
441 4639 590 4714 Guil.
623 4658 814 4723 Voelli,
848 4658 1101 4728 Theologi
1137 4667 1190 4712 et
1219 4639 1693 4718 llenricilnstelli,
1721 4653 2096 4723 Christophori
2130 4649 2191 4703 F.
2229 4667 2246 4700 ι
2289 4647 2584 4714 Utramque
2613 4643 2782 4696 habeo
2809 4643 2940 4695 edit.
2997 4642 3143 4693 conf.
3192 4640 3353 4703 infra,
3381 4639 3487 4728 vol.

236 4745 328 4811 XI,
358 4764 484 4816 pag.
516 4749 585 4801 50
614 4763 733 4816 sqq.
773 4747 844 4801 De
878 4727 1152 4815 Bevercgii
1189 4745 1457 4814 Synodiro
1483 4746 1588 4800 vid.
1620 4745 1778 4807 infra,
1809 4743 1858 4796 in
1891 4742 1996 4794 vol.
2029 4738 2119 4799 Xl,
2165 4753 2283 4806 pag.
2318 4735 2386 4791 51
2417 4749 2535 4803 sqq.
2568 4741 2621 4785 et
2671 4729 2828 4785 Joan.
2888 4729 3119 4783 Fabricii
3159 4728 3302 4816 Hist.
3363 4727 3489 4783 bibl.

239 4815 462 4887 Fabric.
497 4844 638 4902 part.
676 4815 732 4897 ιι,
766 4849 888 4903 pag.
913 4833 1018 4888 555
1047 4849 1169 4903 sqq.
1200 4833 1421 4902 Insuper
1447 4831 1593 4887 conf.
1629 4847 1813 4899 supra,
1851 4845 1892 4880 vt

1851 4829 1956 4883 vol.
1992 4825 2078 4890 Vl,
2110 4842 2230 4896 pag.
2267 4821 2392 4885 698,
2429 4820 2531 4874 vol.
2572 4818 2662 4882 IX,
2692 4834 2742 4888 p.
2780 4817 2900 4882 168,
2929 4833 2981 4871 ιι.
3010 4816 3111 4881 10;
3144 4815 3350 4869 etinfra
3380 4817 3486 4868 vol.

233 4921 326 4983 IX,
353 4939 476 4992 pag.
510 4923 599 4986 47,
637 4921 724 4985 49,
757 4932 862 4976 etc.
894 4921 979 4976 ed.
1003 4930 1108 4974 vet.
1136 4919 1357 4989 (HARL.)
1391 4949 1459 4957 ——
1507 4918 1580 4973 De
1637 4919 1878 4972 Florent.

1841 4929 1878 4971 ι.
1937 4915 2053 4969 cod.
2117 4915 2167 4966 in
2220 4910 2368 4965 bibli.
2405 4909 2470 4961 Μ.
2498 4907 2698 4969 Ducis,
2736 4905 2793 4956 V.
2838 4903 2982 4958 Frid.
3026 4904 3388 4973 Lindenbrog.
3436 4905 3486 4957 itt

233 5011 452 5065 Comm.
487 5013 538 5064 in
576 5011 612 5064 l.
651 5010 883 5076 unicam,
920 5009 976 5065 Si
1006 5011 1119 5079 quis
1154 5009 1465 5078 imperatori
1511 5007 1864 5068 maletlixerit,
1900 5014 1950 5058 to
1976 5021 2028 5055 ιι.
2057 5002 2123 5056 ιν
2166 4999 2319 5053 Thes.
2347 4996 2486 5067 juris
2521 4995 2793 5049 Ottoniau.
2826 5008 2947 5062 pag.
2980 4992 3105 5044 548.

313 5141 376 5195 ll.
412 5139 536 5193 Τῶν
565 5139 1037 5210 ὲκκλησιαστικῶν
1071 5135 1370 5202 διατάξεων
1405 5137 1658 5206 συλλογὴ.
1694 5134 1958 5191 Constitut

1843 5136 2146 5187 titutionum
2181 5125 2651 5195 imperatoriarum
2673 5125 2736 5178 de
2772 5124 2923 5178 rebus
2962 5123 3337 5177 ecclesiasticis
3366 5122 3490 5177 libri

235 5232 328 5298 lll,
359 5234 414 5286 1θ
446 5247 513 5286 ex
538 5231 816 5290 codice.2“
847 5246 910 5284 ex
941 5229 1173 5299 Digestis
1215 5240 1268 5284 et
1297 5229 1563 5283 lnstitut..
1599 5237 1764 5294 atquc
1793 5225 1850 5278 5⁸
1880 5239 1942 5277 ex
1980 5219 2234 5274 Novellis.
2276 5216 2387 5271 Sub
2441 5213 2828 5268 Paratitlorum
2871 5214 3090 5268 nomine
3131 5213 3300 5266 edidit
3332 5210 3490 5266 Joan.

236 5321 600 5377 Leunclavius
631 5318 844 5385 Latine,
874 5316 1126 5373 Francof.
1164 5334 1253 5372 an.
1289 5317 1447 5375 1595.
1480 5317 1512 5371 8
1536 5316 1636 5386 (2).
1670 5314 1777 5371 Sed
1806 5314 1992 5369 Griece
2019 5325 2142 5364 cum
2189 5305 2500 5361 Leuuclavii
2537 5304 2785 5359 versione
2821 5311 2876 5360 et
2908 5302 3117 5358 duobus
3155 5301 3484 5356 nomtorium

310 5567 386 5635 (ᾳ)
415 5566 473 5619 ln
506 5581 612 5636 quo
636 5563 969 5620 Balsauonis
997 5562 1352 5634 Syntagmate
1400 5573 1529 5619 sunt
1570 5579 1809 5619 canones
1920 5558 2132 5636 nes..V_.
2173 5555 2399 5636 Bandin.
2440 5553 2734 5636 l..e..p.

238 5619 454 5701 15,..sed
490 5619 538 5688 1ιῖ
565 5640 682 5690 cod.
711 5619 966 5690 Laurent.
993 5619 1080 5698 40,
1116 5619 1427 5700 ιι.”“2ό,-διιιιι
1459 5637 1524 5688 14
1553 5650 1809 5688 canones.
1995 5633 2065 5700 (ι’)
2097 5629 2248 5683 .loan.
2299 5619 2608 5701 lmunclavii
2647 5621 2982 5701 _No't_‘atorum
3042 5619 3163 5701 libri
3203 5619 3307 5701 duo
3370 5623 3497 5695 sunt.

238 5687 1081 5775 ἐλὲιῖιιξτιιιεῖιὶοιηῖιιῖέιῖζ“ν,“ρζ
1117 5687 1249 5759 55οί
1504 5687 1749 5774 aliosque
1781 5687 1810 5756 a
1924 5687 2204 5775 recu'si___in
2236 5697 2723 5775 _l".verh.n0ttuni_s_
2740 5691 3006 5775 thesauro
3037 5689 3180 5775 juris.
3208 5687 3493 5775 firm/[11.53

238 5757 561 5829 marina
580 5757 892 5830 ααιζςδαέι.
921 5757 1231 5832 eam;
1264 5757 1319 5836 ιζ
1338 5757 1459 5845 ᾖῗιέζ
1512 5757 1602 5839 is,
1631 5757 1815 5828 lauda-

1928 5783 2056 5845 tom.
2098 5769 2159 5823 Ill
2189 5811 2201 5835 ,
2236 5769 2405 5839 L'Ig-l.
2446 5767 2629 5821 Batav.
2669 5763 2798 5817 F727
2831 5763 2967 5827 ,101,
3001 5776 3122 5829 pag.
3164 5759 3300 5812 Hii
3339 5757 3491 5811 1361.

243 5859 326 5901 tos
355 5865 367 5902 :
399 5863 450 5900 ιιι
474 5848 593 5902 cod.
625 5858 800 5902 autem
831 5847 886 5912 2,
917 5864 970 5901 ιι.
1022 5849 1111 5912 59,
1153 5857 1278 5901 sunt
1311 5842 1620 5917 quindecim
1654 5862 1815 5900 cano-
1929 5842 2126 5911 Ιιλῑιιι)
