4186 6438
773 393 835 454 15
1170 418 1189 449 ἰ
2233 397 2426 457 NOTI'

2344 398 2569 458 τιΤιΑ.
3943 409 3997 472 15

769 506 941 572 libris,
970 504 1260 574 Carolique
1290 505 1571 560 Annibalis
1598 504 1865 570 Fabrotti,
1896 506 1987 575 qui
2025 507 2325 563 versionem
2362 527 2483 565 cuin
2516 510 2719 567 Graecis
2747 527 2881 566 mss.
2920 514 3165 579 contufit,
3204 513 3346 569 notis
3374 516 3687 584 prodierunt
3716 517 3767 572 in
3807 518 3873 573 li.
3909 520 3999 573 Ju-

764 594 903 650 stclli
933 592 1074 646 Bibl.
1103 590 1373 645 Canoni'ca
1416 602 1544 644 tom.
1584 592 1650 657 ll,
1683 608 1805 660 pag.
1835 592 1995 648 1223.
2024 593 2200 650 Paris.
2236 595 2392 660 1661,
2431 598 2522 651 t'ol.
2558 596 2689 651 Vide
2716 607 2769 651 ct
2796 598 3108 654 Fabrottimi
3142 601 3207 653 ad
3238 601 3648 656 Constantinum
3679 603 3999 673 Manassein,

765 697 882 751 pag.
923 680 1046 742 195,
1080 680 1167 732 ubi
1199 679 1266 732 de
1298 677 1481 732 codice
1518 694 1618 733 ins.
1660 677 1870 746 (FABR.)
1903 680 2058 733 Conf.
2091 681 2246 744 intra,
2279 684 2385 736 vol.
2423 684 2551 749 XII;
2584 700 2636 753 p.
2664 684 2789 751 105,
2812 684 2927 740 Jos.
2954 686 3087 740 Mar.
3120 686 3359 742 Suaresii
3390 686 3560 742 Notit.
3597 687 3954 745 Basilicarum
3983 730 3998 757 ,

769 771 855 823 ed.
895 767 955 821 D.
989 767 1189 821 Christi
1223 764 1371 820 Frid.
1408 765 1599 830 Polilii,
1634 765 1779 835 Lips.
1811 766 1949 820 1806
1971 806 1985 829 ,
2020 766 2074 829 8,
2113 766 2141 839 §
2176 768 2227 830 9,
2259 784 2378 838 pag.
2429 770 2517 825 23.
2568 800 2633 812 —-
2660 771 2853 826 Exstat
2892 771 3223 826 Balsaniouis
3256 773 3511 827 Collectio
3545 766 3996 830 constitutionum

766 855 930 909 variis
963 856 1014 908 in
1047 853 1201 907 codd.
1240 870 1270 906 e
1297 851 1394 907 Gr.
1431 851 1731 907 Viudohon.
1769 854 1859 915 16,
1892 870 1947 912 n.
1984 856 2017 909 3
2045 856 2386 909 Novellaruin
2423 858 2881 921 Constitutionuin
2916 858 3047 921 imp.
3077 858 3367 913 Justiniani
3404 858 3422 911 l
3458 859 3701 926 Epitome
3742 861 3998 913 ecclesia-

765 945 921 1003 stica.
958 958 986 996 a
1016 940 1301 995 Tticoilnro
1336 939 1564 1003 Balsain,
1593 942 1911 1008 composita,
1942 951 1995 994 et
2024 942 2078 995 in
2126 958 2285 1012 capp.
2331 946 2605 1014 octoginta
2634 956 2837 1015 septem
2869 948 3060 1001 divisa.
3100 948 3163 1001 V.
3196 947 3447 1001 Lambec.
3487 947 3550 1001 Vl
3577 988 3593 1011 ,
3626 958 3766 1017 part.
3802 948 3840 1012 Ι,
3873 964 3993 1017 pag.

768 1031 869 1084 118
896 1045 1015 1099 sqq.
1055 1030 1141 1083 ed.
1177 1027 1377 1083 Kollar.
1408 1027 1583 1096 Atque
1609 1025 1863 1083 Lainliec.
1893 1030 2190 1096 adnotavit,
2222 1041 2437 1087 exstare
2477 1035 2692 1101 quidem
2732 1035 2782 1088 id
2812 1034 3127 1104 Opusrulum
3179 1036 3230 1088 in
3273 1033 3437 1088 Voelli
3487 1044 3542 1088 et
3585 1034 3795 1089 Justelli
3854 1035 3992 1090 Bibl.

766 1118 861 1173 Gr.
902 1117 1019 1171 Lat.
1047 1113 1195 1200 Jpﬁs
1221 1115 1466 1200 canonici
1503 1123 1610 1168 vet.
1646 1124 1774 1169 tom.
1810 1114 1872 1181 ll,
1907 1132 1958 1185 p.
1985 1116 2321 1185 1512-1361,
2345 1116 2437 1171 sed
2470 1116 2623 1186 longe
2647 1116 2826 1179 aliter,
2857 1133 3016 1187 quam
3048 1119 3099 1170 in
3130 1118 3231 1171 hoc
3264 1119 3451 1171 codice
3473 1119 3675 1173 Caesar.
3711 1120 3851 1181 (sed.
3888 1119 3993 1172 viil.

767 1206 932 1276 paulo
965 1199 1091 1275 post
1111 1204 1177 1259 de
1214 1202 1373 1256 codd.
1403 1199 1626 1255 Taurin.
1662 1212 1714 1257 et
1742 1201 2039 1273 Marciano)
2072 1204 2310 1258 Fabrott.
2346 1210 2522 1255 autem
2560 1202 2614 1255 in
2662 1201 2838 1255 fronte
2869 1213 3070 1256 monet.
3102 1212 3318 1257 exstare
3353 1204 3404 1256 in
3448 1203 3622 1258 Vatic.
3656 1206 3777 1258 cod.
3810 1205 3914 1259 856
3945 1214 3998 1258 «ει

764 1290 995 1383 Palatin.
1026 1291 1146 1346 cod.
1176 1288 1282 1343 226
1312 1288 1409 1343 Gr.
1437 1287 1711 1343 simillima
1741 1288 2018 1342 Paratitla.
2049 1288 2362 1344 —Florent.
2393 1287 2449 1342 in
2477 1290 2601 1343 cod.
2635 1287 2891 1343 Laurent.
2920 1290 2973 1353 8,
3010 1306 3063 1342 ιι.
3097 1290 3184 1355 56,
3217 1291 3348 1357 plut.
3378 1289 3432 1353 9,
3470 1299 3523 1343 et
3556 1292 3676 1344 cod.
3717 1292 3805 1354 15,
3838 1308 3892 1346 ii.
3925 1292 3989 1346 15

764 1398 883 1451 sqq.
920 1376 1052 1450 plut.
1082 1380 1177 1451 εδδ,
1202 1382 1269 1433 de
1296 1378 1487 1446 quibus
1529 1376 1589 1430 V.
1631 1377 1855 1431 Bandin.
1886 1380 1937 1431 in
1966 1376 2087 1433 Cat.
2125 1380 2284 1435 codd.
2315 1376 2407 1433 Gr.
2446 1377 2611 1434 Laur.
2642 1378 2685 1441 l,
2716 1394 2834 1447 pag.
2875 1378 2999 1442 102,
3038 1388 3091 1432 et
3128 1389 3258 1434 tom.
3288 1377 3355 1445 ll,
3389 1394 3443 1449 p.
3472 1378 3594 1433 310.
3615 1379 3909 1434 —Taurini
3939 1381 3991 1436 in

761 1474 883 1532 eod,
917 1485 1026 1537 reg.
1061 1463 1131 1521 ‘ZB
1170 1466 1259 1533 qui
1285 1463 1526 1519 continet
1571 1464 1719 1518 varia
1751 1463 2021 1519 Tlieodor.
2056 1465 2287 1519 Balsam.
2328 1464 2525 1535 Opusc.
2567 1466 3113 1534 juriilico-canonica,
3152 1482 3311 1535 quem
3355 1465 3633 1522 confector
3679 1477 3785 1521 cal.
3836 1469 3993 1523 codd.

764 1575 845 1626 gr.
874 1557 1033 1619 Taur,
1065 1570 1117 1625 p.
1149 1554 1217 1609 96
1248 1568 1367 1622 sqq.
1399 1560 1586 1607 curate
1614 1553 1936 1621 cepioseque
1968 1562 2236 1608 recenset.
2271 1552 2511 1606 Primum
2559 1562 2739 1605 monet
2771 1561 2955 1606 contra
3004 1551 3325 1617 Nesselium,
3355 1552 3409 1606 in
3446 1554 3565 1606 Cat.
3600 1554 3727 1608 bibl.
3763 1553 3990 1611 Vindob.

762 1652 898 1713 part.
934 1659 993 1705 ιι,
1027 1658 1079 1709 p.
1114 1640 1207 1705 22,
1242 1656 1295 1706 ιι,
1327 1640 1383 1694 5.
1418 1640 1526 1704 (cui
1581 1650 1757 1694 tanien
1789 1640 1922 1708 jam,
1973 1649 2029 1693 ut
2065 1641 2313 1703 vidimus,
2351 1638 2558 1709 pi-reivit
2589 1636 2868 1707 Lambcc.)
2903 1636 3279 1703 aﬂirmanteni,
3320 1639 3445 1693 illud
3494 1638 3829 1696 Balsamonis
3860 1657 3995 1711 opus

762 1733 819 1786 in
854 1732 972 1785 cod.
1009 1729 1235 1784 Vindob.
1265 1737 1477 1781 exstare
1508 1726 1560 1781 in
1596 1725 1762 1781 \‘oelli
1796 1737 1849 1781 et
1878 1725 2085 1781 Justelli
2120 1726 2453 1781 Bibliotheca
2479 1764 2496 1788 ,
2532 1734 2661 1779 tom.
2704 1725 2769 1779 ll.
2811 1725 2995 1794 Longe
3046 1726 3201 1781 aliter
3248 1735 3424 1781 tamen
3474 1728 3780 1797 expositum
3829 1738 3992 1797 atque

762 1823 1057 1897 diversum,
1082 1817 1230 1871 valde
1262 1829 1483 1879 errare;
1518 1824 1570 1869 et
1604 1824 1887 1879 tractatus,
1919 1814 2009 1883 qui
2036 1814 2165 1897 editi
2196 1811 2414 1866 fuerunt
2434 1828 2462 1867 a
2491 1811 2675 1868 \‘bello
2702 1823 2755 1868 et
2781 1812 3028 1878 Justello,
3058 1814 3193 1869 alios
3220 1829 3440 1884 prorsus
3461 1829 3580 1870 esse
3609 1825 3663 1869 et
3691 1815 3982 1871 distinctos

760 1910 829 1963 ab
860 1893 1023 1977 opere
1058 1907 1109 1959 in
1137 1906 1258 1959 coil.
1294 1903 1519 1957 Taurin.
1555 1903 1809 1972 (quocum
1838 1904 1958 1956 cod.
1993 1894 2249 1956 Laurent.
2297 1910 2648 1971 memoratus,
2682 1901 2867 1968 paucis
2901 1901 3053 1956 initio
3084 1904 3331 1970 exceptis
3356 1943 3371 1969 ,
3404 1902 3717 1967 concordat,
3747 1904 3993 1957 animad-

759 2004 1003 2051 verti-nte
1033 1994 1257 2046 Bandin.
1290 1991 1325 2044 l.
1357 1991 1431 2058 c.)
1467 1988 1624 2055 lliuc,
1656 1990 1800 2056 quod
1862 1990 1913 2043 id
1968 1988 2201 2058 primum
2265 1987 2580 2056 opusculum
2615 1978 2892 2055 (nimirum
2930 1988 3019 2054 87,
3056 1990 3233 2058 priora
3275 1989 3527 2059 capitula)
3567 1990 3990 2060 praetermissum

756 2083 859 2136 fuit
890 2084 940 2136 in
963 2064 1133 2136 Voelli
1155 2089 1208 2132 et
1233 2068 1440 2133 Jus'tclli
1472 2077 1607 2129 Bibl.
1638 2079 1783 2143 (nam
1819 2077 1870 2128 in
1892 2075 1991 2129 hac
2020 2075 2245 2144 reliqua,
2280 2088 2399 2144 qua:
2420 2088 2449 2126 a
2482 2072 2613 2127 lolio
2647 2074 2751 2128 100
2784 2075 3039 2144 deinceps
3066 2085 3365 2143 sequuntur
3395 2075 3447 2129 in
3478 2077 3683 2138 codice,
3719 2086 3845 2129 sunt
3877 2076 3992 2127 vnl-

757 2170 924 2239 gain).
957 2168 1234 2221 confector
1284 2165 1403 2242 Cit.
1442 2165 1624 2217 titulos
1669 2162 1999 2231 singulorum
2044 2164 2278 2231 capitum
2314 2177 2375 2214 ex
2423 2161 2544 2215 cod.
2583 2162 2806 2227 protulit
2838 2176 2958 2230 pag.
2994 2161 3218 2215 96-107.
3254 2191 3325 2200 —
3370 2163 3429 2215 lii
3460 2162 3644 2216 codice
3675 2161 3766 2227 26,
3805 2177 3833 2214 a
3864 2161 3991 2215 folio

754 2259 881 2320 262,
910 2255 963 2311 2.
1000 2255 1063 2309 ι’.
1101 2253 1259 2310 catal.
1288 2252 1380 2307 cit.
1417 2266 1469 2321 p.
1503 2249 1622 2304 198.
1656 2278 1723 2289 -
1756 2248 1991 2302 Vcnctiis
2026 2252 2077 2302 in
2104 2250 2225 2303 ccd.
2260 2247 2535 2301 Marciano
2566 2247 2693 2302 260.
2733 2246 2797 2304 γ.
2821 2248 2939 2302 Cat.
2975 2249 3132 2303 codd.
3163 2248 3256 2303 Gr.
3282 2249 3445 2304 Marc.
3482 2266 3532 2319 p.
3560 2250 3650 2306 98.
3690 2249 3797 2303 Sed
3827 2250 3992 2304 multo

756 2343 1069 2399 distinctius
1114 2340 1383 2395 recensuit
1411 2354 1532 2392 eum
1567 2338 1671 2391 cel.
1700 2335 1924 2401 Morelli,
1962 2335 2014 2389 in
2050 2334 2180 2390 bibl.
2213 2350 2340 2390 mss.
2373 2333 2467 2388 Gr.
2502 2344 2568 2411 et;
2597 2332 2713 2388 Lat.
2749 2337 2792 2400 ι,
2842 2351 2963 2405 pag.
2995 2336 3087 2399 97,
3122 2350 3315 2405 nempe
3346 2337 3531 2390 insunt
3565 2354 3579 2390 :
3620 2338 3672 2390 1°
3715 2336 3992 2391 Constitu-

668 2476 669 2479 η
758 2434 953 2493 tiones,
982 2443 1046 2482 ex
1079 2430 1144 2482 iis
1178 2430 1412 2491 selectae,
1450 2439 1586 2493 quas
1620 2434 1744 2493 post
1772 2424 2108 2477 Novellaruin
2141 2424 2383 2478 codiceni
2407 2421 2748 2478 Justiiiianus
2781 2422 2965 2486 edidit,
2998 2417 3099 2476 sub
3136 2437 3287 2490 capp.
3314 2422 3404 2486 87,
3441 2424 3679 2494 syllogen
3707 2464 3721 2488 ,
3756 2440 3783 2475 a
3814 2422 3992 2477 Theo-

755 2523 888 2572 doro
921 2515 1152 2569 Balsam.
1185 2516 1525 2576 adornatam,
1562 2510 1817 2574 efficiunt,
1848 2510 2058 2579 qualem
2091 2511 2309 2565 exhibet
2341 2511 2461 2564 cod.
2496 2508 2875 2571 Taurinensis,
2909 2519 2961 2563 ct
2993 2524 3111 2576 qua:
3143 2509 3344 2579 sylloge
3374 2525 3405 2562 a
3445 2509 3737 2565 Lambecio
3775 2511 3825 2563 in
3866 2512 3985 2564 cod.

754 2604 1060 2673 \‘indobon.
1093 2615 1317 2654 memor.
1352 2614 1447 2667 pro
1479 2598 1723 2666 sequenti
1762 2597 2093 2651 Balsanionis
2118 2613 2278 2666 apere
2309 2611 2589 2666 perperam
2624 2595 2805 2650 habita
2840 2605 2943 2649 est.
2993 2593 3186 2649 Exstat
3231 2611 3443 2665 quoque
3495 2597 3549 2649 in
3593 2598 3712 2651 cod.
3764 2596 3986 2651 Coislin.

744 2692 876 2761 pag.
905 2690 992 2752 87,
1028 2688 1165 2743 Bibl.
1194 2686 1555 2741 Coislinianaz.
1611 2684 1667 2737 2ο
1700 2683 1840 2738 χιιι
1872 2684 2291 2738 Coustitutioncs
2322 2686 2498 2753 legum
2530 2682 2770 2736 civilium
2801 2699 2866 2736 ex
2899 2681 3138 2746 Noveilis
3164 2684 3493 2748 Justiniani,
3526 2693 3582 2737 ut
3613 2685 3662 2737 in
3688 2685 3809 2737 cod.
3840 2682 3983 2737 Tau-

754 2779 856 2832 rin.
895 2792 947 2845 p.
987 2774 1108 2828 101.
1142 2776 1301 2829 catal.
1334 2781 1389 2825 et
1420 2770 1677 2824 Laurent.
1710 2785 1796 2837 ap.
1829 2768 2053 2823 Bandin.
2092 2770 2131 2834 Ι,
2163 2785 2216 2837 p.
2249 2768 2373 2834 «178,
2411 2787 2466 2823 ιι.
2502 2768 2661 2835 7ο25)
2695 2772 2811 2823 dua:
2845 2770 3188 2824 collectiones
3235 2788 3356 2824 cum
3411 2772 3582 2826 titulis
3635 2773 3830 2836 tribus,
3865 2787 3981 2841 qua:

754 2866 1035 2918 continent
1064 2861 1401 2913 Balsamonis
1442 2856 1823 2910 Collectionem
1852 2854 2162 2908 Constituit.
2195 2856 2705 2919 ecclesiasticarum,
2732 2858 2903 2911 tribus
2930 2858 3079 2911 libris
3112 2858 3447 2923 distinctam,
3482 2861 3698 2929 qualem
3731 2861 3859 2913 bibl.
3888 2860 3982 2914 Ju-

757 2951 895 3005 sielli
926 2948 1319 3017 complectitur.
1351 2972 1422 2984 --
1450 2944 1621 2997 Paris.
1659 2944 1710 2995 in
1743 2944 1861 2995 cod.
1897 2942 2051 3003 1555,
2089 2952 2254 3011 atque
2284 2957 2402 3011 cap.
2440 2943 2499 2996 1|
2535 2956 2588 2997 et
2624 2944 2688 2996 12
2719 2944 2773 2997 in
2823 2942 2944 2997 cod.
2992 2943 3149 3009 1532,
3189 2960 3244 2998 ιι.
3296 2946 3387 3010 51,
3440 2946 3571 2999 bibl.
3618 2946 3767 3013 publ.
3825 2946 3981 2999 (Ioni.

756 3040 918 3092 etiam
958 3037 1018 3090 υ.
1046 3037 1203 3100 Casp.
1240 3033 1432 3086 Achat.
1464 3029 1623 3093 Beck,
1661 3031 1733 3083 De
1764 3026 1995 3082 Novellis
2025 3028 2215 3082 Leonis
2241 3029 2403 3099 Aug,
2439 3041 2544 3086 etc.
2583 3032 2672 3086 ed.
2720 3032 2783 3087 D.
2832 3031 2958 3086 Car.
3011 3030 3158 3087 Frid.
3187 3031 3481 3101 Zepernick
3507 3072 3523 3099 ,
3563 3034 3707 3089 llalic
3742 3033 3902 3100 1779,
3930 3035 3983 3101 8,

755 3144 811 3197 p.
835 3125 933 3190 9.7;
967 3123 1147 3190 ibique
1179 3130 1290 3173 not.
1320 3116 1680 3187 Zepernickii,
1713 3125 1765 3169 et
1800 3116 1939 3168 hunc
1967 3132 2018 3184 p.
2052 3115 2177 3169 562.
2213 3114 2441 3188 (Harum)

825 3211 911 3266 lll.
955 3212 1231 3278 llcsponsa
1263 3206 1410 3258 varia
1438 3215 1490 3258 cl.
1519 3201 1863 3271 imperatoria
1894 3200 2066 3255 edicta
2095 3218 2289 3258 causas
2314 3205 2715 3260 ecclesiasticas
2744 3204 3064 3273 spectantia,
3091 3220 3209 3275 quze
3239 3215 3454 3261 exstant
3474 3207 3534 3273 in
3568 3206 3704 3261 libro
3733 3207 3976 3262 secundo

754 3302 900 3357 .lui'is
932 3294 1381 3354 (iunco-Romani
1433 3308 1462 3346 a
1506 3292 1713 3361 Marqu.
1750 3290 1985 3346 Fi‘clicro
2032 3290 2219 3379 Grtcce
2261 3303 2316 3347 et
2350 3292 2463 3346 Lat.
2500 3292 2627 3346 editi
2684 3289 2934 3387 Fran‘c/ol‘.
2966 3291 3127 3357 1596,
3171 3293 3262 3347 ubi
3296 3292 3632 3348 Balsamonis
3661 3310 3857 3348 nomen
3892 3308 3983 3348 oc-

755 3388 929 3445 currit
962 3401 977 3439 :
2146 3374 2161 3401 ³

830 3479 882 3531 1.
916 3475 1052 3543 Περὶ
1081 3472 1176 3527 ταῦ
1206 3471 1494 3541 ἐφειμένον
1523 3465 1661 3521 εἶναι
1711 3469 1787 3537 τῷ
1838 3468 2068 3537 βασιλεῖ,
2099 3469 2324 3535 ἀνάγειν
2356 3470 2449 3529 τὰς
2482 3492 2483 3515 ;

2356 3470 2449 3529 τὰς
2482 3466 2789 3529 ἐπισκοπᾶς
2822 3467 2900 3529 εἰς
2937 3467 3299 3536 μητροπόλεις
3334 3468 3421 3535 (s).
3468 3466 3622 3531 Quod
3668 3468 3978 3536 imperatori

756 3565 1065 3633 permissum
1096 3561 1163 3613 sit
1204 3561 1525 3628 epist-epatris
1560 3559 1613 3610 in
1644 3556 1951 3620 metropoles
1980 3558 2197 3623 erigere,
2235 3570 2286 3623 p.
2327 3555 2449 3609 150.

828 3652 884 3704 2.
910 3649 1044 3719 Περὶ
1072 3649 1250 3715 γάμου
1289 3644 1436 3705 θείας
1469 3645 1561 3698 καὶ
1593 3644 1819 3712 ἀνεψιᾶς
1851 3644 1987 3712 μετὰ
2017 3643 2163 3695 θείς-δ
2190 3643 2284 3694 καὶ
2306 3644 2481 3711 the?“

2325 3642 2528 3711 ινενᾲιοῦ
2560 3643 2622 3712 (1)
2673 3658 2686 3694 :
2743 3641 2818 3695 De
2849 3641 3041 3706 mip:iis
3074 3642 3253 3693 amita:
3278 3649 3325 3693 et
3357 3640 3543 3704 [ratiis
3589 3641 3715 3707 ﬁlia:
3762 3640 3978 3710 legitimi

759 3741 883 3791 cunt
910 3737 1019 3804 (ilio
1051 3734 1234 3801 fratris
1272 3743 1319 3784 et
1351 3745 1538 3797 patruo
1574 3731 1838 3797 ineundis,
1890 3746 1990 3799 pag
2027 3730 2147 3783 158.
2178 3729 2361 3798 (Faun.
2399 3730 2598 3799 (Cotti.
2654 3732 2773 3784 cod.
2824 3727 3052 3781 Nanian.
3084 3726 3208 3791 2‘29,
3250 3744 3301 3779 ιι.
3336 3727 3385 3791 1,
3413 3737 3468 3781 ct
3512 3725 3629 3780 Cat.
3680 3729 3837 3781 codd.
3883 3726 3976 3781 Cr.

761 3825 899 3877 Nan.
934 3841 983 3889 ι).
1024 3821 1148 3873 425.
1183 3819 1404 3886 diam.)

830 3912 883 3964 ὖ.
921 3910 1053 3979 Περὶ
1096 3908 1203 3959 τῶν
1247 3903 1625 3974 ψηφισοέντων
1659 3904 1734 3965 εἰς
1777 3904 1872 3966 τὰς
1910 3901 2251 3963 Ἀνατθλικὰς
2319 3900 2481 3953 Ἐκκ).

2325 3899 2642 3969 Ἐκκὶησξας
2692 3900 2771 3983 (u)
2824 3916 2837 3952 :
2893 3900 2970 3955 De
3021 3901 3195 3954 electis
3226 3902 3291 3953 ad
3348 3900 3645 3956 Orientales
3696 3898 3978 3968 Ecciesias,

762 4013 886 4066 pag.
931 3996 1054 4049 153.

830 4086 885 4136 4.
922 4083 1055 4152 Περὶ
1078 4080 1434 4151 δικαστηρίου
1467 4080 1572 4130 τῶν
1607 4078 1885 4152 κλτζρικῶν
1935 4078 2005 4146 (ιι)
2043 4094 2056 4131 :
2088 4077 2163 4131 De
2190 4077 2305 4143 {oro
2342 4076 2483 4129 clerii

1278 4080 1434 4151 moiou
1467 4080 1572 4130 τῶν
1607 4078 1885 4152 κλτζρικῶν
1935 4078 2005 4146 (ιι)
2043 4094 2056 4131 :
2088 4077 2163 4131 De
2190 4077 2305 4143 {oro
2342 4076 2674 4137 clericorum,
2711 4090 2762 4141 p.
2804 4075 2924 4129 159.

834 4171 887 4224 ὃ.
931 4171 1064 4239 Περὶ
1087 4168 1181 4220 τοῦ
1215 4164 1618 4236 nuptam-.205
1656 4166 1864 4218 δικαίου
1899 4166 2088 4216 ἐπἰ·τὰ
2122 4165 2461 4233 μοναστήρια

2332 4165 2461 4232 ﬁgi:
2494 4162 2571 4231 (:r)
2604 4177 2620 4214 :
2657 4162 2727 4214 De
2748 4162 2888 4230 jar?
2920 4164 3267 4227 ratriarcliico
3309 4164 3361 4217 in
3397 4163 3734 4231 monasteria,
3765 4178 3818 4231 p.
3858 4162 3978 4217 H0.

760 4258 958 4330 [Paris
993 4258 1044 4311 in
1078 4258 1197 4311 cod.
1230 4256 1473 4327 1552;“.
1509 4251 1622 4323 43.]
2122 4320 2133 4335 .

830 4345 884 4398 6.
919 4345 1054 4408 Περὶ
1080 4342 1418 4395 διδασκάλων
1451 4343 1525 4409 (y)
1558 4355 1572 4390 .'
1612 4340 1683 4393 De
1709 4340 2029 4403 doctoribus,
2062 4355 2115 4407 p.
2150 4338 2271 4392 115.

832 4431 1056 4499 7,-11ερὶ
1085 4429 1470 4496 δικαιωμάτων
1525 4428 1631 4478 τῶν
1678 4426 1991 4495 ἅπαντα.χοῦ
2050 4425 2355 4496 ἐκκλησιῶν
2395 4422 2485 4474 ἐπὶ

2329 4442 2355 4474 ν
2395 4422 2487 4474 ἐπὶ
2530 4426 2595 4493 τῇ
2634 4427 2835 4494 κκτοχῇ
2863 4425 2969 4478 τῶν
3000 4425 3273 4494 ἀκινήτων
3322 4424 3396 4495 (s)
3438 4446 3450 4480 :
3492 4424 3569 4478 De
3613 4427 3977 4479 instrumentis

759 4510 1014 4572 omnium,
1048 4524 1163 4577 qua:
1199 4509 1400 4575 ubique,
1428 4507 1760 4581 ecclesiarum
1802 4506 1862 4557 ob
1895 4509 2264 4573 possessionem
2301 4510 2664 4570 iiimioi'iitiiim.
2699 4526 2749 4580 p.
2788 4512 2909 4566 149.

832 4600 884 4651 8.
925 4597 1057 4665 Περὶ
1093 4594 1313 4662 ἡμερῶν
1347 4595 1643 4662 ἀπράκτων
1683 4592 1756 4661 (η)
1792 4611 1804 4647 :
1844 4592 1919 4645 De
1946 4592 2111 4667 feriis,
2166 4610 2287 4663 pag.
2321 4595 2443 4648 160.

2327 4595 2443 4648 160.
2494 4596 2707 4664 (ΡΑιιιι.)
2762 4597 3159 4651 Eruditissimis
3206 4599 3425 4652 sclioliis
3476 4612 3503 4649 a
3558 4595 3876 4651 Balsamone
3930 4598 3980 4651 in

759 4683 1067 4739 Siininiario
1101 4684 1165 4734 ad
1206 4680 1452 4734 Novellus
1484 4679 1732 4732 illustrari
1765 4694 1796 4732 a
1823 4674 1961 4732 Μίιιιζ
1992 4679 2265 4735 Coinncno
2298 4685 2731 4769 constitutionem
2772 4687 2837 4738 de
2874 4683 3045 4748 feriis,
3075 4700 3179 4737 non
3212 4686 3468 4739 iliﬂitctur
3495 4682 3612 4736 Nic.
3646 4683 3975 4749 Comnenus,

754 4788 814 4863 Β.
832 4766 1320 4863 ιξξςὸζυειιδςιιιιοιιίι
1346 4765 1481 4818 alias
1517 4764 1768 4863 iniquior:

830 4854 920 4907 ιν.
961 4852 1224 4921 Respoma
1255 4853 1320 4903 ad
1352 4855 1656 4921 qua-stiones
1688 4849 1871 4904 LXIV
1896 4854 2195 4915 canonicas,
2240 4856 2352 4911 sive
2386 4854 2459 4908 De
2510 4857 2632 4926 jure
2681 4858 3067 4922 ecclesiastico,
3102 4858 3407 4926 propositas
3454 4873 3483 4910 a
3535 4858 3715 4911 Marco
3748 4858 3984 4911 Alexan-

760 4943 916 4996 drino
946 4940 1280 5010 patriarcha.
1308 4938 1628 4991 l’i'odieruiit
1658 4940 1708 4991 in
1738 4940 1859 5006 jure
1887 4940 2142 4993 Urientali
2195 4954 2316 4992 cuin
2350 4942 2599 4998 versione
2644 4945 2927 4999 Enimundi
2964 4945 3218 4999 Boneﬂdii
3260 4946 3404 5000 edito
3442 4962 3533 4999 an.
3564 4947 3725 5011 1575,
3752 4946 3807 5008 8,
3842 4944 3983 5013 apud

762 5027 1050 5093 llcnricum
1085 5026 1435 5094 Stephanum,
1472 5027 1609 5079 libro
1643 5027 1818 5087 tertio,
1848 5024 2031 5079 Graece
2063 5042 2113 5093 p.
2140 5026 2405 5089 257-500,
2436 5036 2489 5080 et
2514 5026 2703 5084 Latine
2734 5046 2855 5100 pag.
2885 5030 3147 5086 263-509.
3182 5029 3247 5084 Et
3283 5033 3346 5085 iit
3365 5030 3492 5085 Jure
3517 5031 3983 5086 Gnaeo-Romano

759 5100 1067 5181 Marqnardi
1100 5112 1340 5174 Frelici'i,
1370 5113 1505 5166 libro
1537 5114 1744 5181 quinto,
1782 5127 1899 5180 pag.
1931 5112 2167 5167 362-594
2200 5113 2471 5183 (Francol'.
2534 5114 2692 5179 1596,
2725 5116 2861 5187 fol.).
2895 5118 2984 5187 ubi
3015 5134 3067 5186 p.
3090 5117 3237 5185 (588,
3262 5117 3447 5171 lacuna
3472 5119 3761 5187 supplenda
3790 5118 3983 5186 κυρίου

760 5201 1056 5263 Νικολάου,
1086 5209 1143 5251 ιιι
1171 5214 1236 5252 ex
1265 5197 1595 5250 Balsainonis
1621 5212 1887 5251 canonum
1919 5198 2246 5253 Collectione
2271 5201 2576 5256 observavit
2597 5183 3148 5270 Coteleriusﬁonial,
3182 5206 3247 5259 ad
3269 5205 3457 5260 Patres
3491 5183 3834 5274 apostolicos,
3858 5183 3983 5273 pag.

760 5288 885 5342 526.
918 5285 993 5339 Ex
1019 5288 1282 5354 proccmio
1311 5285 1554 5355 colligas.
1587 5302 1637 5339 a.
1672 5286 1731 5338 C.
1765 5284 1902 5338 1205
1927 5286 2126 5354 scripta
2160 5286 2328 5341 fuisse
2354 5286 2668 5359 Responsa;
2700 5292 2792 5344 sed
2823 5297 3103 5345 numerum
3127 5301 3436 5361 corruptum
3467 5306 3604 5360 esse,
3634 5308 3738 5348 non
3767 5292 3979 5346 dubitat

835 5516 901 5581 (s)
933 5514 1066 5585 (Iuni
1111 5509 1356 5585 versione
1392 5507 1888 5585 Latinahiiiiiniiindi
1919 5508 2174 5585 Bonelidii
2218 5524 2309 5563 ex-
2493 5510 2561 5579 (υ)
2704 5511 2796 5585 gr.
2824 5525 2875 5579 p.
2908 5512 3133 5585 7:5:Lat.
3170 5529 3222 5584 p.
3256 5514 3345 5568 51.

762 5577 949 5635 statin
984 5583 1100 5649 ejus
1125 5579 1253 5650 lure
1278 5579 1539 5650 orientali.
1571 5578 1662 5650 lib.
1700 5593 1713 5631 ι
1747 5580 1863 5641 Gr.,
1894 5595 1943 5646 μ.
1968 5577 2071 5650 61;
2109 5579 2225 5632 Lat.
2259 5594 2311 5647 p.
2492 5577 2569 5648 μέ)
2603 5582 2676 5634 Id.
2710 5580 2802 5634 Gr.
2828 5577 2884 5645 ιι.
2915 5582 3003 5647 71;
3038 5581 3154 5638 Lat.
3172 5577 3240 5650 'p.
3274 5584 3362 5637 5|.

766 5654 858 5713 sit,
900 5647 1067 5703 Paris.
1112 5648 1283 5720 1575,
1306 5662 1393 5720 ap_.
1432 5647 1981 5720 llenr._$teplianum,
2014 5648 2065 5702 8.
2494 5652 2570 5718 ty)
2604 5650 2679 5720 id.
2712 5651 2804 5720 Gr.
2834 5665 2887 5718 p.
2916 5652 3010 5713 6|;
3043 5653 3155 5704 Lat.
3185 5647 3233 5720 p.
3264 5653 3332 5705 41

834 5693 989 5791 ξηίἷὶ
1006 5693 1981 5791 ’ἇ’ς.’ὖ.”ϊοῖ¹ίεἰ’.⁷ἱ›’.’2ἧῖ”””“”“,’ί’’
2018 5693 2065 5702 ”’
2495 5693 2569 5789 iii
2604 5693 2685 5791 1T.
2710 5693 2804 5791 6E
2832 5693 2887 5786 ΒΣ
2917 5693 3014 5774 ius}
3036 5693 3413 5791 ζίζιῗύῗῖε).

832 5785 910 5861 (ιι)
943 5789 1048 5843 Gr.
1072 5788 1396 5850 Boiictidius,
1430 5802 1479 5854 p.
1514 5787 1613 5857 02‘;
1656 5785 1772 5840 Lat.
1804 5801 1855 5855 p.
1891 5788 1977 5840 -Ξὶη

1734 5795 1772 5840 ι.
1804 5801 1855 5855 p.
1891 5788 1977 5840 -Ξξη
2604 5789 2679 5843 Id.
2708 5789 2800 5844 Gr.
2914 5791 3012 5855 811;
3054 5792 3169 5845 Lat.
3206 5785 3256 5861 p.
3294 5792 3381 5846 58.
