4186 6438
249 425 310 491 ιτ
1673 419 1900 480 ΧυΤΙΤ

1819 422 2006 480 “1Τ1.‹1.
3409 407 3472 471 18

236 537 478 598 Allatius,
523 550 577 604 p.
613 535 737 596 705.
774 535 842 590 de
873 549 1162 598 consensu,
1197 543 1249 588 et
1279 549 1460 587 verum
1490 548 1580 587 an.
1618 534 1774 595 H95,
1806 550 1889 588 res

1816 534 2225 588 restituendum.
2265 532 2478 601 (ΡΑιικ.)
2507 561 2575 570 -
2606 531 2780 585 Paris.
2823 531 2875 583 in
2907 538 3109 598 septem
3144 527 3302 584 codd.
3336 527 3469 579 bibl.

236 624 450 690 publ.-—
485 621 776 689 Sexaginta
805 635 900 675 sex
953 622 1302 688 quaestiones,
1330 630 1434 673 etc.
1476 620 1699 673 Vindob.
1736 621 1787 671 in
1816 622 1934 674 cod.
1968 621 2057 680 15,
2102 620 2190 671 1|.
2238 617 2297 670 V.
2339 617 2588 670 Lambec.
2625 618 2684 671 Vl
2712 656 2725 676 ,
2777 626 2917 686 part.
2964 631 3022 680 ι,
3073 631 3193 684 pag.
3235 613 3356 667 106.
3404 641 3476 654 —

238 708 438 763 Monac.
477 709 526 760 in
558 708 678 760 cod.
709 706 899 762 Bavar.
933 708 1022 760 85.
1075 707 1135 760 l’.
1169 707 1357 760 llardt.
1400 709 1450 760 in
1483 706 1685 760 Aretini
1717 705 2052 776 Beytrzegen,
2086 714 2214 767 etc.,
2250 705 2406 768 1804,
2438 713 2574 772 part.
2605 719 2656 764 ν,
2687 719 2804 771 pag.
2844 704 2904 754 t7
2940 713 2992 756 et
3019 703 3177 756 18.-—
3203 701 3392 753 Venet.
3422 699 3474 751 in

233 796 351 848 cod.
387 794 619 847 Nanian.
649 795 756 846 228
787 795 874 855 15,
908 795 970 847 V.
1003 794 1120 847 Cat.
1159 795 1315 848 codd.
1339 792 1437 850 Gr.
1469 793 1606 846 Nan.
1636 809 1755 862 pag.
1789 791 1913 845 4'20.
1941 821 2014 831 -—-
2055 791 2296 845 Florent.
2326 791 2378 844 in
2407 792 2528 844 cod.
2557 789 2813 843 Laurent.
2849 791 2904 853 2,
2940 806 2992 843 ιι.
3025 789 3119 848 96,
3152 789 3289 856 plut.
3330 787 3382 848 5,
3421 794 3476 839 et

231 880 355 933 cod.
387 880 472 941 40,
510 896 564 932 ιι.
599 879 660 932 61
707 878 765 932 γ.
803 878 1030 932 Bandin.
1063 888 1172 932 cat.
1206 880 1299 932 cit.
1332 879 1368 941 Ι,
1399 895 1523 947 pag.
1553 878 1618 931 10
1647 889 1699 930 et
1734 877 1824 932 78.
1863 881 1954 933 ubi
1987 880 2230 933 adnotat.
2262 880 2312 931 in
2342 879 2611 941 versione,
2644 894 2761 944 qurc
2791 894 2818 930 a
2857 878 3180 931 Leunclavio
3213 876 3302 928 lib.
3339 890 3392 936 ν,
3422 887 3477 940 p.

242 968 371 1030 562,
414 965 659 1030 aﬂ’ertur,
698 967 865 1019 multa
902 966 1220 1034 reprehendi
1256 982 1284 1019 a
1314 965 1430 1019 Jac.
1466 965 1743 1032 Gretsero,
1777 963 1914 1034 Opp.
1947 978 2075 1020 tom.
2111 965 2276 1031 XVII,
2310 982 2361 1034 p.
2393 965 2481 1030 16,
2517 967 2603 1019 ed.
2630 965 3086 1019 Ratishon.—-LX
3117 963 3474 1030 Quaestiones,

233 1066 360 1116 etc.,
412 1053 716 1122 .llosqucnsi
773 1054 862 1113 52,
917 1070 968 1108 ιι.
1016 1055 1105 1107 45.
1141 1053 1200 1107 γ.
1257 1054 1490 1107 Matthaei
1545 1052 1710 1106 Notit;
1767 1070 1821 1123 p.
1883 1056 1970 1119 54,
2006 1053 2100 1108 101.
2156 1054 2313 1123 paulo
2376 1055 2529 1107 aliter
2579 1054 2632 1108 iu
2693 1054 2778 1110 ed.
2807 1055 2859 1107 in
2891 1054 2944 1120 8,
2969 1069 3021 1123 p.
3054 1054 3142 1116 47,
3172 1051 3300 1105 ibid.
3327 1066 3382 1104 ιι.
3412 1048 3481 1102 55

235 1146 588 1208 Balsamonis,
621 1145 837 1214 εἰσῆλθε
868 1147 928 1198 τὸ
957 1146 1174 1216 ἀξίωμά
1210 1161 1327 1199 σου⁶
1360 1156 1413 1199 et
1437 1146 1675 1215 ejusdem
1703 1146 1826 1203 alia.
1856 1148 2075 1216 ("aut")

308 1232 372 1284 ν.
408 1233 647 1284 Μελέται
695 1234 814 1301 ἦτοι
872 1235 1216 1302 ἀποκρίσεις·
1266 1233 1638 1288 Meditationes
1686 1234 1789 1287 sive
1844 1235 1961 1304 lies)

1844 1235 2131 1304 Responsa.
2187 1236 2239 1288 1°
2290 1235 2464 1304 Χάριν
2512 1234 2622 1287 τῶν
2670 1233 3087 1303 πατριάρχεκῶν
3140 1229 3479 1300 προνομιῶν·

237 1320 312 1372 De
339 1321 764 1385 patriarcharum
796 1321 1103 1389 privilegiis,
1134 1332 1264 1375 tom.
1290 1321 1383 1375 Vll
1412 1321 1560 1374 luris
1589 1321 1955 1374 Greco-Rom.
1986 1337 2036 1389 p.
2068 1321 2193 1373 442.
2224 1318 2434 1389 (Pana)
2462 1318 2516 1371 1ιι
2543 1319 2663 1372 cod.
2699 1317 3002 1385 Mosquensi
3049 1316 3136 1379 52,
3172 1333 3227 1369 ιι.
3265 1314 3332 1367 59
3360 1328 3481 1381 sqq.

238 1420 354 1459 sec.
397 1405 632 1459 llatthtei
660 1405 828 1460 Notit.
871 1422 924 1475 p.
962 1409 1030 1461 55
1059 1409 1144 1463 ed.
1185 1411 1236 1463 in
1273 1409 1362 1462 fol.
1391 1418 1515 1463 sunt
1556 1409 1813 1473 Μελέται,
1838 1415 1968 1467 etc.,
2010 1407 2060 1469 1,
2103 1408 2156 1469 4,
2189 1406 2221 1459 5
2245 1414 2297 1458 et
2324 1407 2376 1459 6.
2406 1405 2728 1458 -—Vindoh.
2767 1405 2818 1456 in
2851 1404 2971 1457 cod.
2999 1403 3203 1455 Caesar.
3234 1401 3320 1462 15,
3346 1415 3400 1451 ιι.
3427 1399 3482 1460 4,

247 1501 370 1544 sunt
398 1492 632 1546 Balsam.
663 1493 920 1548 meditata
954 1494 1066 1548 sive
1098 1510 1353 1564 responsa
1382 1495 1754 1548 ecclesiastica
1781 1505 1924 1558 octo,
1953 1509 1982 1547 e
2008 1495 2204 1563 quibus
2230 1493 2472 1562 quinque
2495 1501 2709 1546 exstant
2737 1493 2788 1544 in
2811 1491 3027 1545 Freheri
3048 1491 3178 1544 Jure
3204 1486 3485 1542 Gr.-Itom.

239 1596 359 1650 pag.
399 1581 667 1646 412-478;
704 1583 910 1652 reliqua
947 1585 1048 1638 tria
1087 1585 1157 1638 ibi
1193 1585 1409 1646 desunt,
1452 1586 1680 1639 docente
1715 1584 1966 1638 Lambec.
2007 1581 2109 1634 vol.
2144 1580 2235 1642 Vl,
2269 1588 2406 1648 part.
2439 1595 2477 1643 t,
2512 1593 2634 1648 pag.
2669 1579 2788 1640 115,
2833 1579 2920 1631 ubi
2956 1592 3170 1646 quoque
3201 1591 3252 1627 ν.
3280 1573 3485 1627 Kollar.

245 1677 359 1720 not.
392 1669 534 1722 Inter
565 1685 627 1722 ea
655 1685 775 1738 quae
815 1686 920 1725 non
949 1672 1089 1725 edita
1119 1681 1264 1734 sunt,
1300 1682 1383 1725 est
1413 1671 1653 1738 Epistola
1682 1672 1745 1725 de
1788 1671 1920 1724 libro
1974 1668 2340 1722 mathematica
2373 1683 2474 1720 non
2524 1666 2762 1735 tegendo,
2799 1670 2934 1733 'quae
2985 1675 3163 1719 tamen
3211 1661 3483 1730 reperitur

241 1771 462 1824 quoque
489 1757 543 1810 in
573 1759 694 1812 cod.
725 1758 899 1815 Paris.
935 1759 1096 1823 1552,
1126 1775 1179 1812 ιι.
1214 1761 1283 1813 48
1331 1759 1462 1814 bibl.
1494 1759 1640 1827 publ.
1675 1760 1749 1828 (in
1783 1772 1890 1825 quo
1923 1757 2084 1810 etiam
2115 1765 2330 1808 exstant
2379 1763 2582 1820 septem
2634 1753 2911 1822 Responsa
2965 1751 3189 1804 secund.
3238 1747 3488 1802 ordinem

245 1841 466 1898 Fabric.
516 1854 569 1897 et
620 1845 808 1899 Venet.
847 1846 899 1898 in
946 1847 1067 1899 cod.
1111 1844 1384 1900 Marciano
1417 1845 1540 1908 168,
1589 1846 1638 1898 in
1683 1859 1792 1913 quo
1823 1846 1945 1898 cod.
1984 1852 2110 1897 sunt
2155 1849 2411 1908 praeterea
2459 1839 2718 1903 Μελέται,
2755 1855 2807 1893 ιι.
2840 1839 2894 1902 2,
2931 1839 2986 1906 4,
3027 1838 3060 1891 5
3094 1846 3148 1891 et
3179 1835 3232 1899 7,
3261 1850 3288 1887 a
3325 1832 3488 1887 Fabr.

236 1926 496 1997 signate.
525 1929 642 1983 Vill.
680 1940 784 1984 cat.
812 1932 968 1986 codd.
999 1932 1095 1986 Gr.
1133 1932 1299 1987 Marc.
1335 1947 1388 1999 p.
1421 1933 1509 1993 96,
1545 1941 1598 1985 et
1635 1931 1778 1984 conf.
1815 1929 1979 1992 intra,
2015 1930 2121 1982 vol.
2153 1927 2271 1993 XII,
2301 1943 2355 1996 p.
2389 1927 2516 1981 494.
2553 1926 2777 1994 (11Αιιι.)

306 2020 386 2074 2°.
441 2021 618 2091 Χάριν
648 2021 757 2073 τῶν
783 2023 876 2074 δύο
907 2022 1201 2090 ὀφφικῖων,
1241 2024 1335 2077 τοῦ
1363 2040 1420 2075 τε
1453 2022 1868 2092 χαρτοφύλαιιος
1898 2038 1959 2074 κα

1836 2039 1868 2084 ης
1898 2022 1993 2074 καὶ
2027 2019 2121 2074 τοῦ
2155 2019 2563 2091 πρωτεκδίκου·
2597 2019 2673 2074 De
2700 2019 2902 2074 duobus
2931 2020 3134 2089 ofﬁciis,
3169 2019 3489 2072 chartularii

236 2123 300 2159 ac
332 2109 492 2172 primi
531 2107 844 2175 defensoris,
876 2125 931 2178 p.
955 2110 1084 2163 455.
1589 2099 1684 2105 “'-

308 2195 386 2247 5’.
442 2195 618 2262 Χάριν
643 2195 741 2247 τοῦ
767 2195 1098 2266 λαληθέντος
1133 2198 1434 2260 συνοδικῶς
1475 2197 1812 2266 ζητήματος,
1845 2196 1976 2267 περὶ
2001 2196 2117 2257 τοῦ,
2153 2197 2200 2248 εἰ
2225 2196 2329 2266 χρὴ
2361 2196 2454 2248 τὸν
2482 2194 2648 2249 αὑτὸν
2681 2196 2772 2247 κα1
2803 2194 2900 2246 ἕνα
2930 2193 3053 2245 δυσὶ
3077 2192 3493 2259 δισεξαδὲ).φαις

240 2281 622 2335 συνάπτεσθαι
649 2299 663 2313 ’
695 2282 770 2336 De
796 2284 1084 2352 disceptata
1113 2288 1167 2337 in
1197 2287 1396 2354 synodo
1419 2287 1728 2354 quastione,
1765 2301 1889 2337 num
1915 2301 2048 2336 unus
2075 2294 2122 2337 et
2156 2285 2293 2336 idem
2343 2283 2550 2336 duabus
2579 2284 2806 2336 sobrtuis
2836 2282 2991 2352 jungi
3023 2283 3234 2342 debeat,
3287 2297 3339 2348 p.
3366 2280 3492 2332 465.

239 2365 460 2434 (Ρηιι.)
499 2369 558 2421 In
596 2369 720 2423 cod.
746 2369 972 2425 Barocc.
1003 2371 1388 2426 149.—Paris.
1423 2373 1476 2425 in
1511 2374 1670 2427 codd.
1701 2372 1858 2437 1527,

1844 2413 1858 2437 ,
1897 2390 1951 2425 ιι.
1986 2371 2073 2433 15,
2102 2382 2156 2425 et
2185 2371 2315 2424 1551
2350 2412 2365 2436 ,
2404 2386 2462 2426 ιι.
2489 2371 2598 2434 49ς
2641 2369 2948 2424 Vindobon.
2983 2369 3036 2420 in
3073 2368 3195 2421 cod.
3234 2368 3321 2426 15,
3348 2382 3406 2420 ιι.
3437 2367 3490 2427 9,

239 2470 307 2508 ex
341 2471 454 2523 quo
482 2454 850 2524 Responsum,
890 2457 940 2510 in
980 2458 1204 2513 Frcheri
1231 2458 1362 2512 Jure
1390 2458 1486 2512 Gr.
1523 2458 1673 2512 Rom.
1708 2466 1841 2512 tom.
1874 2458 1918 2521 l,
1942 2475 1996 2527 p.
2023 2459 2127 2512 465
2161 2460 2386 2521 editum,
2438 2471 2598 2527 posse
2639 2456 2916 2512 emendari
2947 2471 3011 2509 ac
3042 2455 3307 2524 suppleri,
3337 2454 3498 2509 Lam-

240 2547 366 2599 hec.
407 2545 492 2609 Vl,
522 2555 662 2612 part.
697 2561 735 2607 ι,
764 2560 818 2611 ιι.
857 2546 981 2612 105,
1020 2556 1277 2613 testatur,
1328 2556 1382 2604 et
1446 2547 1501 2602 in
1554 2548 1677 2602 cod.
1732 2547 1861 2612 270,
1892 2564 1950 2602 ιι.
1986 2547 2042 2612 8,
2080 2546 2349 2616 Excerpta
2384 2561 2414 2599 a
2472 2545 2732 2600 Simeone
2765 2545 3092 2600 Thessalon.
3146 2544 3308 2608 facta,
3359 2552 3496 2597 teste

239 2631 502 2686 Lambec.
538 2629 602 2696 γ,
638 2647 689 2699 ρ.
727 2632 855 2687 455.
897 2633 1125 2703 (ιιιιιι.)

308 2721 391 2773 4’.
459 2719 749 2789 Ἐπιστολὴ
782 2722 946 2789 χάριν
977 2722 1086 2774 τῶν
1112 2721 1408 2790 διδομένων
1440 2721 1804 2791 θυμιαμάτων
1838 2721 1989 2792 παρὰ
2022 2720 2116 2774 τοῦ
2158 2722 2504 2792 πατριάρχου
2566 2720 2709 2774 κατὰ
2751 2719 2846 2790 τὴν
2885 2719 3101 2790 ἡμέραν
3131 2719 3228 2788 τῆς
3255 2716 3501 2787 κατηχή-

248 2824 394 2871 σεως
413 2824 428 2838 ο
465 2806 707 2873 Epistola
733 2809 796 2862 de
825 2811 1070 2876 incensis,
1100 2827 1217 2880 qua:
1247 2828 1279 2864 a
1305 2812 1614 2877 patriarcha
1645 2813 1765 2864 dari
1794 2811 1956 2865 solent
1991 2825 2049 2862 eo
2070 2810 2155 2863 die
2182 2827 2281 2878 quo
2313 2810 2593 2864 calechesis
2637 2811 2877 2872 habetur,
2913 2823 2965 2876 p.
2999 2807 3123 2861 470.

314 2892 394 2946 5°.
457 2891 676 2960 Μελέτη
709 2894 871 2962 χάριν
898 2895 996 2963 τῆς
1026 2895 1108 2956 εἰς
1139 2895 1266 2956 τοὺς
1298 2894 1478 2957 θείους
1506 2896 1668 2958 ναοὺς
1703 2895 1813 2947 τῶν
1845 2897 2226 2966 μοναστηρῑων
2254 2897 2549 2966 γινομένης
2577 2897 2967 2966 μετακλήσεως
2996 2894 3085 2948 διὰ
3109 2892 3503 2964 σημαντηρίων

242 2979 451 3049 τριῶν·
489 2977 804 3032 Meditatum
839 2981 903 3033 de
937 2984 1320 3045 conrocatione,
1345 2999 1463 3052 qua?
1484 2983 1545 3050 fit
1583 2984 1652 3035 ad
1686 2998 1868 3036 sacras
1903 2986 2336 3038 monasteriorum
2376 2985 2513 3038 mdes
2556 3000 2647 3051 per
2687 2985 2794 3036 tria
2835 2985 3006 3053 signa,
3040 2999 3094 3052 p.
3123 2981 3246 3036 476.
3283 2980 3500 3047 (Mam)

244 3067 300 3121 In
330 3068 460 3121 cod.
491 3065 740 3120 Naniano
763 3068 894 3130 228.
926 3085 980 3124 ιι.
1008 3070 1061 3124 5.
1090 3069 1156 3124 γ.
1187 3069 1307 3125 Cat.
1340 3071 1495 3123 codd.
1531 3070 1624 3124 Gr.
1655 3069 1887 3124 Nanian.
1923 3087 1977 3138 p.
2007 3071 2131 3127 419.
2164 3070 2389 3141 (11Αιιι..)

313 3154 399 3208 6ο.
463 3155 754 3225 Ἐπιστολὴ
787 3156 948 3226 χάριν
987 3157 1097 3209 τῶν
1146 3157 1479 3226 ὀφειλουσῶν
1527 3157 1802 3212 τελεῖσθαι
1839 3159 2108 3228 νηστειῶν
2157 3159 2396 3213 ἑκάστου
2433 3159 2626 3223 ἔτους,
2674 3159 2990 3229 πεμφθεῖσα
3020 3157 3157 3227 πρὸς
3200 3159 3326 3220 τοὺς
3380 3157 3502 3210 ’Λνο

241 3244 488 3312 τιοχεῐς·
528 3241 769 3310 Epistola
805 3245 869 3298 de
897 3245 1144 3315 jejuniis,
1178 3263 1295 3315 qua:
1346 3246 1528 3316 peragi
1568 3246 1751 3300 debent
1794 3264 1883 3314 per
1923 3247 2159 3316 singulos
2195 3233 2400 3312 annos,
2450 3250 2611 3302 missa
2651 3250 2720 3301 ad
2753 3246 3150 3306 Antias/tenses,
3180 3254 3233 3298 et
3266 3247 3498 3313 primum

241 3329 438 3383 Grzcce
467 3344 531 3383 ac
564 3329 760 3385 Latine
785 3334 927 3385 edita
957 3349 984 3385 a
1013 3333 1175 3387 Jahn.
1209 3332 1452 3400 Baptista
1483 3334 1762 3400 Cotelerio,
1802 3344 1932 3388 tom.
1965 3333 2008 3387 ll
2043 3335 2370 3389 Monument.
2426 3334 2679 3389 Ecclesia:
2722 3337 2891 3389 στανδ.
2932 3351 2982 3404 p.
3025 3333 3292 3396 492-514,
3323 3333 3499 3387 Paris.

243 3417 411 3478 1681,
442 3417 494 3471 4.
524 3417 741 3485 (Fam)
775 3416 865 3489 [ν.
904 3418 1136 3474 Βιιιιιίίιιί
1165 3420 1286 3474 Cat.
1316 3421 1473 3475 codd.
1516 3421 1612 3473 Gr.
1647 3420 1904 3476 Laurent.
1932 3421 1974 3485 l,
2021 3424 2189 3491 p.11,
2221 3439 2275 3476 ιι.
2300 3422 2406 3486 99;
2447 3434 2502 3477 et
2535 3439 2588 3491 p.
2624 3425 2712 3485 78,
2751 3437 2809 3477 ιι.
2846 3422 2944 3487 60;
2977 3429 3031 3476 et
3058 3420 3250 3474 Lamb.
3285 3419 3393 3475 vol.
3437 3422 3498 3482 ν.

241 3520 298 3572 p.
327 3503 440 3558 558
470 3519 554 3573 sq.
579 3521 633 3558 ιι.
673 3506 760 3566 12,
796 3506 978 3573 ibique
1010 3506 1212 3560 Kollar.
1247 3506 1301 3561 In
1329 3510 1447 3563 cod.
1484 3507 1654 3563 Paris.
1698 3508 1858 3569 1528.

1844 3549 1858 3569 .
1899 3525 1952 3562 ιι.
1978 3509 2065 3562 41.
2104 3507 2364 3581 (Ηλῐιι.)]
2415 3509 2632 3563 Tomum
2685 3511 3001 3578 synodicum-
3047 3508 3277 3578 appellat
3308 3507 3497 3562 Balsa-

245 3605 374 3643 mon
403 3589 473 3643 ad
507 3591 843 3658 interrogata
880 3591 1045 3644 Marci
1077 3594 1235 3648 Alex.
1274 3604 1468 3663 quaest.
1504 3595 1593 3656 55,
1623 3604 1676 3648 et
1719 3596 1909 3664 paucis
1943 3599 2164 3650 mutatis
2187 3598 2351 3650 etiam
2394 3601 2459 3649 ad
2498 3597 2866 3649 Theodosium
2917 3596 3282 3663 Sarpeiotem,
3310 3610 3508 3648 mona-

241 3679 410 3731 chum
449 3678 498 3732 in
533 3679 666 3734 valle
704 3678 762 3734 S.
794 3681 1049 3734 Auxentii
1087 3683 1310 3736 missum
1343 3699 1370 3735 a
1406 3698 1465 3737 se
1502 3690 1737 3736 testatur
1796 3683 1847 3734 in
1882 3681 2145 3748 Responso
2185 3682 2373 3752 synodi
2434 3681 2598 3736 CPol.
2652 3682 2748 3734 sub
2797 3681 3025 3735 Nicolao
3064 3681 3373 3749 patriarcha
3423 3685 3492 3732 ait

242 3768 588 3835 questionem
647 3768 856 3819 tertiam
891 3769 1266 3820 monachorum
1309 3771 1677 3837 quorumdam,
1716 3769 1868 3835 cuius
1913 3783 2142 3838 partem,
2179 3772 2366 3827 Latine
2415 3782 2620 3826 tantum
2652 3773 2720 3826 ab
2765 3771 2998 3827 Herveto
3046 3772 3273 3835 editam,
3303 3770 3496 3826 Graece

249 3869 388 3908 mss.
424 3855 567 3920 regis
600 3853 982 3908 Christianiss.
1006 3856 1153 3909 dedit
1177 3856 1316 3910 idem
1345 3855 1652 3911 Cotelerius
1677 3859 1727 3910 in
1763 3857 1918 3912 Notis
1943 3861 2008 3910 ad
2039 3858 2474 3914 Constitutiones
2501 3861 2733 3930 apostol.
2763 3860 2856 3913 lib.
2885 3875 2940 3925 ν,
2965 3875 3085 3928 cap.
3125 3860 3222 3916 20.

320 3941 400 3996 7°.
471 3941 766 4012 Ἐπιστολὴ
796 3943 959 4013 χάριν
988 3944 1098 3997 τῶν
1139 3947 1462 4016 ρασοφόρων
1488 3965 1500 3978 ·
1527 3947 1766 4015 Epistola
1789 3947 1852 4000 de
1879 3965 1973 4002 ras.

1879 3949 2178 4016 rasophoris
2201 3948 2298 4019 (ὁ),
2329 3950 2443 4004 sive
2470 3948 2750 4002 monachis
2797 3949 2863 4002 ad
2908 3947 3277 4004 Theodosium
3314 3962 3506 4001 mona-

244 4028 412 4082 chum
439 4028 764 4100 καθηγητὴν
796 4029 908 4083 τῶν
932 4030 1076 4084 κατὰ
1105 4033 1383 4086 Παπέκιον
1427 4035 1806 4104 μοναστηρίων
1839 4050 1897 4103 pr

1850 4037 2184 4103 praepositum
2219 4035 2434 4104 Papicii-
2469 4037 2952 4089 monasteriorum.
3005 4035 3157 4088 Edita
3200 4035 3270 4088 ab
3314 4035 3503 4089 eodem

243 4117 544 4183 Cotelerio,
580 4127 711 4171 tom.
749 4117 816 4171 lll
848 4117 1179 4176 Monument.
1212 4136 1335 4190 pag.
1371 4123 1500 4188 475,
1533 4125 1656 4187 491,
1692 4123 1865 4177 Paris.
1899 4123 2054 4186 1686,
2086 4124 2141 4177 4.
2174 4123 2390 4193 (Fam)
2438 4123 2742 4179 Viudobon.
2780 4125 2834 4177 in
2869 4123 2991 4178 cod.
3023 4122 3090 4177 15
3123 4121 3328 4177 Caesar.
3364 4137 3416 4174 ιι.
3449 4125 3502 4175 4.

247 4206 314 4262 ν.
348 4205 608 4260 Lambec.
642 4205 728 4271 Vl,
764 4217 906 4276 part.
939 4226 979 4268 ι,
1006 4225 1129 4278 pag.
1168 4211 1292 4274 115,
1323 4211 1409 4265 ubi
1442 4212 1645 4266 Kollar.
1680 4213 1732 4265 iu
1762 4222 1876 4265 not.
1917 4223 1983 4262 ex
2017 4208 2275 4264 Cotelerii
2313 4211 2454 4277 loco,
2513 4225 2544 4265 a
2579 4210 2831 4266 Fabricio
2863 4209 2979 4280 jam
3012 4210 3205 4275 citato,
3236 4211 3504 4264 adnotatt.

245 4293 314 4347 de
343 4292 565 4360 Papicio
593 4303 646 4348 et
680 4296 998 4364 rasophoris
1027 4307 1312 4366 excerptas
1338 4300 1592 4353 reddidit.
1623 4298 1850 4367 (HABL.)

317 4378 578 4434 Nicolaus
605 4379 917 4436 Comnenus
937 4381 1265 4453 Papadopoli
1305 4385 1355 4437 in
1385 4385 1811 4439 Prwnotiouibus
1843 4387 2237 4457 mystagogicis,
2262 4402 2386 4458 pag.
2414 4389 2468 4451 5,
2500 4388 2631 4442 citat
2656 4387 3019 4457 Athenagora:
3049 4386 3417 4441 testimonium
3441 4400 3509 4441 ex

245 4467 590 4521 Balsamouis
623 4467 877 4532 Respons.
908 4471 976 4522 ad
1006 4473 1166 4536 epist.
1197 4471 1375 4542 Cypri.
1409 4489 1518 4542 quo
1549 4486 1748 4538 monet,
1779 4474 2135 4530 ordinationis
2167 4477 2442 4541 negotium
2477 4477 2813 4546 negotiorum
2845 4475 3101 4530 omnium
3132 4474 3192 4528 in
3254 4474 3496 4528 Ecclesia

246 4555 547 4609 maximum
577 4570 639 4608 ac
669 4556 1074 4610 divinissimum
1099 4560 1166 4612 ab
1201 4560 1332 4625 ipsis
1361 4560 1524 4614 fuisse
1559 4561 1800 4615 habitum
1832 4562 2113 4630 apostolis.
2144 4562 2364 4632 (ΡΑιιιι.)

317 4643 380 4696 In
410 4642 533 4696 cod.
562 4643 742 4698 Paris.
778 4643 911 4698 bibl.
950 4645 1098 4712 publ.
1138 4647 1297 4714 1528,
1331 4664 1385 4702 ιι.
1411 4649 1472 4703 21
1512 4664 1633 4718 sqq.
1682 4649 2019 4704 Balsarnonis
2053 4651 2259 4705 scholia
2309 4653 2374 4705 ad
2422 4651 2686 4722 quasdam
2718 4650 2970 4721 Gregorii
3019 4648 3512 4709 Neocmsariensis,

245 4729 559 4792 Athanasii,
595 4729 800 4796 Basilii,
837 4732 1082 4802 Gregorii
1115 4731 1368 4804 Nysseni,
1397 4746 1529 4798 etc.,
1567 4736 1857 4801 Epistolas.
1886 4765 1957 4776 --
1987 4735 2123 4791 Tres
2167 4738 2507 4792 Balsamonis
2536 4737 2815 4808 Epistolas,
2856 4739 2912 4792 in
2948 4738 3072 4793 cod.
3105 4738 3348 4791 Naniano
3376 4738 3507 4801 281,

247 4835 304 4871 ιι.
336 4818 460 4871 121.
492 4816 612 4871 Vid.
636 4820 756 4873 Cat.
785 4819 938 4872 codd.
972 4820 1067 4874 Gr.
1109 4821 1242 4876 Nan.
1274 4839 1326 4893 p.
1352 4824 1458 4877 470
1517 4823 1654 4877 Add.
1685 4838 1869 4891 supra,
1905 4825 2010 4878 vol.
2041 4825 2148 4887 VII,
2184 4842 2236 4895 p.
2271 4827 2397 4891 655,
2427 4828 2530 4880 sub
2565 4829 2665 4879 tiu.

321 4904 666 4960 Balsamonis
688 4904 963 4962 Carmina.
999 4910 1192 4963 Venet.
1231 4910 1282 4963 in
1317 4913 1441 4965 co.l.
1481 4912 1593 4965 bib.
1640 4909 1942 4964 Marciame-
1977 4913 2102 4967 521.
2141 4913 2202 4968 ν.
2239 4913 2359 4967 Cat.
2409 4915 2568 4969 codd.
2604 4914 2703 4969 Gr.
2744 4913 2912 4968 Marc.
2942 4929 2997 4982 p.
3031 4913 3161 4967 285.
3200 4943 3268 4954 --
3298 4912 3505 4968 Versus

248 4994 651 5064 quinquaginta
693 4995 910 5050 iambici
969 4998 1022 5049 in
1076 4996 1331 5066 Lapidem
1357 4999 1668 5068 quemdam,
1726 5008 1830 5054 etc.
1865 4999 2102 5056 Florent.
2139 5001 2189 5054 in
2224 5001 2344 5055 cod.
2380 4999 2638 5055 Laureut.
2706 5000 2772 5065 ν,
2801 5018 2854 5055 ιι.
2883 5001 2974 5055 27.
3001 4999 3068 5054 γ.
3116 5001 3349 5054 Bandin.
3385 5001 3507 5053 Cat.

251 5081 417 5135 cmld.
445 5079 540 5134 Gr.
573 5080 737 5135 Laur.
764 5081 829 5144 ΙΙ,
853 5097 906 5151 p.
939 5082 1064 5137 665.

324 5167 643 5239 Martyrium
676 5169 970 5233 Theodori,
1005 5171 1308 5234 orientalis,
1347 5180 1401 5227 et
1436 5173 1668 5238 Claudii,
1703 5184 1924 5230 auctore
1958 5173 2271 5243 Theodoro,
2299 5176 2613 5247 patriarcha
2643 5179 3010 5246 Antiocheno,
3034 5179 3096 5234 in-
3120 5181 3242 5235 cod.
3280 5180 3505 5235 Selden.

250 5255 345 5315 62,
388 5271 435 5310 s.
461 5273 514 5311 ιι.
554 5257 714 5319 5274,
752 5258 802 5309 in
830 5257 948 5311 Cat.
978 5259 1134 5312 codd.
1173 5259 1399 5327 Angliae,
1429 5270 1562 5325 etc.,
1594 5271 1729 5315 tom.
1761 5261 1804 5316 Ι.

330 5343 600 5414 Dionysii,
625 5345 867 5412 archiep.
895 5345 1269 5411 Alexandrini,
1301 5347 1542 5413 Epistola
1597 5349 1662 5403 de
1711 5350 1839 5403 hora
1869 5349 2062 5417 ieiunii
2096 5350 2356 5417 Paschte,
2417 5366 2541 5407 cum
2581 5353 2991 5408 Commentario
3055 5357 3415 5422 Balsamonis,
3455 5359 3510 5412 in

253 5433 402 5490 Bibl.
439 5433 594 5487 Patr.
628 5433 804 5490 Paris.
839 5436 998 5502 1575,
1031 5436 1140 5491 vol.
1173 5435 1226 5502 l;
1265 5437 1397 5493 ibid.
1433 5438 1592 5503 1589,
1623 5438 1730 5493 vol.
1766 5438 1850 5505 lll,
1887 5439 1985 5494 Gr.
2012 5455 2076 5495 ac
2108 5440 2266 5504 Lat.;
2305 5441 2437 5495 ibid.
2463 5441 2569 5496 vol.
2602 5440 2644 5505 l,
2668 5457 2721 5512 p.
2750 5443 2876 5505 275,
2907 5443 3002 5497 fol.
3037 5443 3259 5516 (11.ιιιι..)

329 5619 407 5689 (b)
449 5619 770 5701 'Racocpdpor
813 5623 974 5676 etiam
1031 5623 1373 5701 pacemQui,
1429 5642 1550 5683 raso
1590 5626 1707 5683 sive
1741 5626 1932 5682 viliore
1969 5643 1982 5695 ι

1855 5639 1932 5682 ire
1969 5642 2146 5695 panno
2180 5628 2372 5683 induti.
2441 5629 2572 5686 Vide
2607 5630 2796 5701 Cangii
2866 5629 3108 5685 Glossar.
3172 5637 3226 5684 et
3291 5628 3508 5682 Cotele-

256 5691 425 5756 rium,
461 5691 551 5746 lib.
585 5709 637 5746 ut
669 5693 994 5748 Momtment.
1032 5691 1087 5764 'p.
1119 5695 1242 5751 659.
1362 5691 1365 5692 ⁷
1971 5691 1981 5695 ⁷
2671 5714 2684 5728 ’
