4186 6438
738 394 798 452 29
1789 401 1995 464 ϐυΠ..
2029 399 2391 461 BEVEREGi

2325 399 2437 460 Gil
2471 402 2878 467 ΡΠᾸΞΕΑΤΙΟ.
3909 403 3975 466 ‘37)

1641 552 1863 571 ’.κ’-ε-

1827 741 1982 829 ΕΧ
2072 741 2875 835 PBJEFATIONE

1313 965 2247 1082 GUILIELMI
2396 974 3409 1092 BEVEREGII

1511 1209 1578 1268 In
1616 1205 1947 1268 Pandectis
1981 1226 2311 1284 canonum,
2345 1211 2384 1270 2
2418 1209 2543 1270 vol.
2577 1208 2735 1273 folio
2767 1213 3000 1275 Oxonii
3038 1214 3210 1274 t6‘72.

808 1541 957 1596 Jurls
991 1543 1237 1597 can'onici
1282 1546 1519 1599 studium
1563 1546 1886 1603 duodecimo
1932 1553 2199 1620 praecipue
2247 1555 2444 1618 smctilo
2471 1557 2522 1608 in
2551 1554 2776 1611 Oriente
2813 1559 3001 1626 uiguit,
3039 1571 3146 1626 quo
3175 1562 3432 1610 currente
3465 1561 3575 1607 tres
3616 1550 3974 1607 eruditissimi

741 1632 866 1695 viri,
899 1630 1216 1686 Theodorus
1247 1631 1551 1698 Balsamon,
1601 1634 1840 1692 Joannes
1889 1639 2219 1699 Zonaraset
2244 1640 2465 1694 Alexius
2505 1641 2791 1697 Aristenus
2820 1641 3156 1707 claruerunt,
3181 1641 3272 1710 qui
3301 1655 3491 1695 omnes
3528 1638 3799 1708 egregiam
3847 1638 3974 1692 huic

742 1721 818 1774 rei
850 1735 1068 1785 operam
1104 1719 1389 1779 dederunt.
1424 1720 1630 1777 Horum
1660 1723 1842 1793 itaque
1872 1725 2206 1794 singulorum
2236 1727 2442 1782 scholia
2495 1729 2549 1780 in
2583 1727 2684 1782 hoc
2718 1728 2856 1781 libro
2885 1728 3229 1793 exhibemus,
3284 1727 3444 1795 idque
3488 1740 3550 1779 ea
3596 1723 3869 1788 methodo,
3917 1733 3979 1776 ut

741 1803 937 1868 singuli
965 1819 1201 1858 canones
1227 1806 1389 1860 trium
1419 1805 1642 1861 istorum
1669 1808 2026 1877 interpretum
2049 1816 2438 1867 commentaria
2466 1813 2569 1868 sibi
2595 1829 2800 1868 annexa
2829 1815 3085 1869 habeant.
3110 1814 3167 1868 In
3198 1814 3395 1882 quibus
3419 1822 3596 1866 tamen
3630 1808 3977 1879 disponendis

741 1888 987 1944 ordinem
1023 1893 1305 1961 temporis,
1340 1908 1446 1960 quo
1481 1893 1709 1962 quisque
1735 1898 1973 1964 scripsit,
2017 1913 2123 1952 non
2166 1900 2540 1962 observamus,
2591 1902 2685 1956 sed
2735 1900 3082 1956 Theodorum
3126 1900 3527 1962 Balsamonem,
3587 1900 3680 1967 qui
3732 1906 3978 1951 tempore

740 1990 1047 2044 postremus
1079 1980 1201 2044 fuit,
1245 1984 1419 2049 primo
1455 1982 1505 2035 in
1543 1982 1657 2038 loco
1683 1986 2085 2047 constituimus,
2121 1988 2376 2042 nimirum
2403 1990 2474 2043 ob
2496 2005 2766 2043 summam
2812 1990 2928 2058 ejus
2957 1989 3010 2042 in
3056 1990 3204 2044 hisce
3251 1989 3447 2043 studiis
3483 1987 3887 2045 auctoritatem,
3925 1992 3981 2036 et

744 2071 1036 2124 maximam
1073 2071 1123 2125 in
1157 2072 1397 2127 Ecclesia
1432 2073 1786 2144 dignitatem;
1825 2091 1946 2129 nam
1991 2078 2301 2144 patriarcha
2335 2077 2455 2140 fuit,
2504 2085 2562 2130 ut
2607 2091 2727 2130 mox
2777 2076 3152 2131 ostendemus.
3205 2076 3282 2128 De
3327 2073 3552 2144 singulis
3596 2081 3774 2125 autem
3831 2069 3980 2122 hisce

741 2159 1070 2233 scholiastis,
1103 2173 1238 2228 quos
1267 2163 1478 2214 edimus
1504 2162 1693 2216 ordine
1727 2178 1886 2231 quem
1925 2165 1977 2218 in
2010 2167 2150 2219 libro
2183 2173 2472 2234 occupant,
2497 2162 2635 2216 ratio
2666 2163 2874 2231 pariter
2906 2171 3066 2231 atque
3099 2162 3431 2217 consuetudo
3469 2160 3728 2231 postulat,
3759 2166 3816 2210 ut
3844 2170 3979 2210 uou-

739 2245 870 2298 nihil
895 2247 994 2299 hoc
1022 2244 1142 2300 loco
1161 2247 1574 2322 prmmittarpus.

810 2358 1128 2412 Theodorus
1156 2357 1440 2414 Balsamon
1472 2360 1936 2430 Constantinopoli
1968 2363 2236 2418 oriundus
2266 2373 2369 2418 est.
2417 2364 2536 2428 ipse
2565 2361 2710 2415 enim
2743 2375 2799 2415 se
2832 2359 3494 2426 Constantinopolitauum
3531 2358 3764 2428 appellat
3812 2359 3864 2414 in
3902 2359 3980 2414 al-

741 2453 854 2497 tera
883 2443 1330 2511 interpretatione
1359 2446 1795 2502 duodetricesimi
1845 2447 2068 2502 canonis
2099 2448 2392 2503 Chalcedor

2325 2449 2580 2512 loneusis,
2623 2449 2853 2503 dicens:
2899 2445 3042 2514 Ἐγὼ
3093 2448 3151 2499 δὲ
3197 2446 3842 2511 Κωνσταντινουπολίτης
3904 2446 3978 2498 ὢν

739 2532 1235 2601 ἀκραιφνέστατος,
1268 2534 1362 2586 καὶ
1391 2532 1485 2586 τοῦ
1517 2535 1821 2601 ἀγιωτάτου
1853 2534 2045 2604 θρόνου
2074 2535 2175 2604 τῆς
2214 2536 2846 2598 Κωνσταντινουπόλεως
2876 2535 3041 2606 μέρος
3073 2534 3336 2601 γεγονώς.
3381 2534 3492 2604 Ego
3525 2551 3657 2591 t'ero.
3694 2551 3813 2587 cum
3845 2533 3980 2588 Con-

743 2619 1245 2683 stantinonolitanus
1270 2621 1396 2672 civis
1422 2621 1517 2673 sim
1553 2622 1941 2691 integerrimus,
1977 2629 2024 2672 et
2072 2623 2388 2674 sanctissimi
2421 2623 2594 2674 throni
2636 2621 3207 2687 Constantinopolitani
3243 2638 3371 2689 pars
3401 2622 3596 2688 factus.
3638 2619 3790 2674 Unde
3819 2622 3977 2672 simul

742 2705 1013 2774 colligitur
1035 2719 1156 2761 eum
1192 2705 1244 2758 in
1277 2705 1380 2760 ista
1413 2704 1651 2763 Ecclesia
1683 2709 1859 2776 primo
1889 2709 2199 2774 ordinatum
2260 2709 2450 2762 fuisse.
2507 2707 2773 2762 Nimirum
2819 2709 3103 2772 diaconus,
3155 2709 3541 2776 uomophylax,
3602 2719 3765 2776 atque
3817 2708 3977 2759 etiam

743 2790 1139 2861 chartophylax
1173 2791 1328 2846 istius
1361 2792 1619 2847 Ecclesiae
1667 2793 1790 2855 fuit,
1836 2803 1895 2846 ut
1947 2804 2091 2864 patet
2121 2810 2184 2847 ex
2228 2795 2582 2863 inscriptione
2637 2794 3092 2847 Constitutionum
3142 2793 3629 2848 ecclesiasticarum
3675 2807 3812 2860 quas
3864 2791 3980 2859 ipse

742 2877 980 2946 collegit,
1006 2893 1124 2945 qua:
1155 2878 1205 2930 in
1246 2877 1432 2932 codice
1462 2895 1564 2933 ms.
1591 2878 1793 2934 Nicolai
1832 2880 2111 2943 Peirescii,
2144 2885 2414 2936 senatoris
2446 2881 2928 2946 Aquissextiensis.
2963 2897 2989 2933 a
3020 2881 3215 2934 Carolo
3245 2881 3506 2934 Annibale
3543 2879 3776 2932 Fabroto
3801 2879 3853 2931 iu
3880 2893 3977 2929 uo-

743 2966 812 3018 tis
843 2967 908 3016 ad
939 2966 1156 3019 easdem
1187 2964 1619 3021 Constitutiones
1642 2969 1828 3031 citato,
1855 2968 1929 3020 sic
1952 2984 2013 3021 se
2051 2968 2211 3022 habet
2248 2988 2261 3024 :
2295 2970 2396 3021 Θεο

2324 2969 2575 3038 ὶεοδὼρου
2599 2969 2846 3021 διακόνου
2878 2971 2976 3037 τῆς
3004 2969 3316 3037 ἁγιωτάτης
3340 2969 3435 3021 τοῦ
3468 2966 3603 3020 Θεοῦ
3651 2965 3977 3034 Ἐκκλησίας

741 3053 1144 3120 νομοφύλακος,
1177 3055 1731 3124 καὶχαρτοφύλακος,
1775 3057 1868 3109 καὶ
1899 3056 2116 3124 πρώτου
2146 3057 2254 3108 τῶν
2284 3057 2628 3126 Βλαχερνῶν,
2659 3056 2751 3108 τοῦ
2803 3055 3190 3125 Βαλσαμῶνος.
3241 3056 3336 3108 τοῦ
3376 3056 3513 3125 μετὰ
3553 3054 3779 3123 χρόνους
3828 3052 3978 3113 τινὰς

741 3142 1028 3207 γεγονότος
1063 3143 1404 3212 πατριάρχου
1439 3143 1788 3205 Θεουπόλειιῖς
1822 3144 2063 3213 μεγάλης
2103 3145 2394 3213 Ἀντιοχεξα

2325 3146 2458 3205 εξας.
2491 3141 2745 3196 Theodori
2774 3143 2984 3195 diaconi
3016 3144 3360 3196 sanctissima:
3393 3141 3488 3194 Dei
3522 3141 3773 3193 Ecclesia'
3801 3154 3978 3192 nomo-

743 3230 979 3298 phylncis
1008 3241 1052 3283 et
1078 3230 1520 3299 cltartopliylacis,
1545 3240 1593 3284 et
1620 3233 1777 3300 primi
1809 3231 2223 3284 Blachernarum
2258 3229 2616 3290 Balsamonis,
2643 3237 2759 3294 post
2787 3228 2984 3298 aliquot
3016 3245 3132 3282 vero
3160 3245 3326 3292 annos
3358 3229 3672 3290 patriarcha:
3701 3225 3978 3292 Tlteopolis

751 3333 958 3385 magum
990 3319 1304 3370 Amice/tim.
1346 3319 1476 3384 Qua:
1505 3321 1692 3371 eadem
1729 3319 1839 3371 lere
1863 3319 2125 3372 habentur
2147 3331 2200 3372 et
2227 3319 2277 3371 in
2316 3317 2671 3385 inscriptione
2723 3316 2883 3382 hujus
2923 3318 3100 3384 operis
3136 3333 3255 3370 mox
3289 3317 3528 3370 citanda.
3571 3315 3711 3381 Quin
3753 3315 3918 3366 etiam
3948 3327 3978 3364 a

745 3403 1035 3458 Pbilotheo
1069 3405 1378 3472 patriarcha
1417 3405 1467 3456 iu
1505 3404 1852 3458 Relutatione
1882 3408 2318 3459 exsecrationem
2370 3403 2438 3456 ab
2473 3402 2881 3471 llarmenOpulo
2930 3403 3258 3470 scriptarum
3291 3406 3318 3456 6
3354 3404 3516 3470 σοφὸς
3544 3399 3858 3468 νομοφύλαξ
3888 3413 3980 3467 ap-

740 3487 993 3552 pellatur.
1027 3486 1141 3553 lpse
1169 3487 1330 3540 etiam
1369 3502 1427 3540 se
1457 3487 1927 3556 cliart0phy|acem
1965 3486 2130 3540 fuisse
2159 3489 2210 3539 in
2256 3489 2482 3544 scholiis
2512 3491 2577 3542 ad
2608 3491 2841 3558 primum
2887 3492 3075 3560 synodi
3119 3489 3347 3544 Nicaeum
3383 3506 3398 3543 ι
3432 3503 3694 3543 canonem
3753 3495 3979 3540 testatus

739 3583 845 3637 est,
881 3575 964 3630 his
1001 3575 1199 3638 verbis,
1233 3576 1339 3628 Καὶ
1368 3576 1456 3626 ὅτε
1481 3575 1539 3627 τὸ
1574 3573 2049 3644 χαρτοφυλακικὸν
2084 3575 2352 3643 ἐνήργουν
2390 3600 2392 3616 ι

2325 3594 2352 3627 ν
2390 3577 2649 3644 ὁφφίκιον
2691 3577 2783 3628 καὶ
2820 3577 2958 3645 μετά
2987 3577 3048 3630 τὸ
3088 3575 3544 3645 πατριαρχεῦσαι.
3584 3575 3624 3628 Ε
3662 3574 3860 3643 quibus
3896 3570 3975 3626 ul-

741 3663 887 3716 timis
921 3663 1098 3715 verbis
1129 3677 1186 3716 se
1217 3661 1580 3728 patriarcham
1614 3663 1775 3714 etiam
1805 3661 1972 3715 luiSse
2001 3661 2160 3715 ﬁdem
2194 3662 2353 3726 facit;
2393 3664 2694 3717 Antiochiae
2727 3664 2956 3724 scilicet,
2990 3679 3152 3731 quam
3190 3663 3602 3730 patriarchalem
3632 3662 3816 3714 sedem
3853 3673 3974 3710 eum

741 3763 1038 3815 occupasse
1069 3748 1254 3802 lsaacii
1286 3749 1473 3814 Angeli
1503 3748 1709 3812 diebus,
1746 3749 1838 3818 qui
1873 3750 2140 3815 imperare
2191 3751 2353 3817 ccepit
2400 3765 2543 3803 anno
2601 3751 2808 3802 Domini
2847 3744 2983 3803 1185
3011 3767 3076 3802 ex
3108 3749 3308 3803 Nieeta:
3353 3748 3632 3802 Choniata:
3683 3745 3978 3798 Annalibus

742 3837 1041 3898 discimus;
1083 3836 1170 3901 qui
1205 3837 1477 3888 memoria:
1507 3835 1750 3897 tradidit,
1782 3845 1838 3887 ut
1868 3836 2042 3888 dictus
2069 3836 2361 3903 imperator
2386 3836 2436 3889 in
2468 3837 2650 3890 animo
2678 3838 2884 3891 habens
2921 3837 3232 3890 Dositheum
3263 3834 3625 3905 patriarcham
3661 3831 3976 3898 Hierosoly-

738 3923 1006 3976 mitanum
1031 3922 1097 3973 ad
1130 3920 1312 3974 sedem
1337 3920 1984 3989 Constantinopolitanam
2019 3921 2229 3975 Leontii
2258 3922 2468 3989 expulsi
2518 3925 2637 3976 loco
2685 3938 3025 3990 promovere,
3077 3932 3131 3976 et
3185 3927 3388 3977 certior
3442 3923 3617 3975 factus
3657 3920 3759 3974 hoc
3792 3927 3976 3972 contra

745 4024 983 4065 canones
1012 4022 1150 4073 esse,
1183 4009 1248 4062 ad
1282 4007 1655 4062 Balsamonem
1686 4009 2107 4074 Antiochenam,
2139 4020 2320 4075 utpote
2343 4010 2466 4078 jure
2501 4009 2764 4063 canonico
2797 4009 3310 4063 exercitatissimum
3345 4023 3403 4062 se
3433 4007 3749 4070 contulerit,
3790 4007 3856 4059 de
3882 4007 3984 4057 hac

745 4113 806 4151 re
836 4094 1178 4149 consulturus
1204 4113 1218 4149 :
1260 4093 1427 4155 Εἰδὼς
1455 4095 1508 4147 δὲ
1535 4096 1661 4156 τοὺς
1685 4095 1914 4157 κανόνας
1940 4095 2099 4147 τοῦτο
2139 4096 2212 4164 μὴ
2243 4095 2686 4165 συγχωροῦντας,
2723 4095 2964 4162 μέτεισιν
2999 4096 3250 4158 ὑπούλως
3289 4094 3379 4147 τὸν
3405 4094 3659 4147 διέποντα
3677 4092 3768 4143 τὸν
3794 4090 3981 4159 θρόνον

746 4182 842 4235 τοῦ
874 4182 1012 4234 Θεοῦ
1043 4183 1251 4246 πόλεως
1288 4184 1528 4252 μεγάλης
1573 4184 1926 4250 Ἀντιοχείας,
1963 4183 2236 4252 Θεόδωρον
2283 4184 2374 4235 τὸν
2416 4182 2748 4251 Βαλσαμὼν.
2783 4182 2952 4252 ἄνδρα
2977 4183 3080 4235 ὑπὸ
3101 4184 3229 4245 τοὺς
3271 4183 3392 4236 τότε
3425 4181 3636 4242 πάντας
3665 4180 3798 4230 ὄντα.
3826 4193 3984 4244 νομο·

740 4269 925 4338 τριδῆ.
956 4268 1107 4333 Quod
1149 4285 1263 4320 cum
1293 4286 1518 4321 canones
1553 4255 1979 4337 non'permittere
2008 4271 2268 4334 sciret,ad
2306 4270 2631 4323 Theodorum
2672 4270 3034 4324 Balsamonem
3068 4271 3311 4323 thronum
3361 4269 3455 4322 Dei
3493 4268 3721 4336 civitatis
3779 4279 3985 4332 magna:

742 4357 1033 4411 Antiochia:
1052 4357 1528 4420 administrantem,
1569 4357 1733 4409 virum
1768 4373 1829 4408 ea
1878 4369 2030 4409 (etate
2075 4374 2235 4422 supra
2285 4373 2459 4409 omnes
2511 4358 2644 4409 alios
2683 4358 2827 4424 juris
2885 4358 3332 4410 consultissimum
3387 4354 3603 4409 subdole
3656 4353 3876 4405 accedit.
3921 4351 3979 4403 Et

743 4446 930 4514 paucis
968 4443 1268 4512 interjectis
1299 4443 1506 4508 scribit,
1538 4453 1593 4496 ut
1627 4445 1766 4496 idem
1805 4444 2098 4511 imperator
2131 4461 2251 4498 cum
2281 4445 2607 4498 Balsamone
2645 4446 2957 4514 colloquens
2991 4447 3330 4499 simulaverit
3372 4460 3430 4497 se
3451 4459 3573 4497 eum
3605 4444 3838 4496 voluisse
3871 4445 3981 4493 Anc

745 4533 942 4585 tiocltia
974 4531 1501 4599 Constantinopolim
1537 4530 1850 4591 uattsferre.
1903 4531 2016 4609 Καιξῖ
2047 4530 2252 4602 τοξαῧεν
2291 4531 2398 4602 ἔτερ

2327 4548 2451 4602 τερα
2479 4532 2903 4598 σχετλιαστικῶς
2926 4532 3467 4602 προαναὸαλόμενος,
3518 4531 3769 4597 ἐπήγαγε
3812 4529 3980 4579 πάλαι

745 4627 845 4695 μὲν
880 4625 1168 4695 βούλεσθαι
1201 4628 1547 4695 μετενεγκεῖν
1579 4626 1742 4677 αὑτὸν
1786 4626 1850 4677 ἐκ
1897 4626 1995 4691 τῆς
2041 4627 2368 4694 Ἀντιοχέων
2439 4627 2771 4696 Ἐκκλησίας
2822 4630 2900 4690 εἰς
2949 4627 3048 4696 τὴν
3108 4627 3502 4696 οἰκουμενικὴν
3560 4623 3854 4694 περιωπὴν
3903 4624 3977 4686 ὡς

741 4713 932 4783 λύχνον
971 4715 1073 4781 τῆς
1098 4715 1208 4765 τῶν
1230 4714 1409 4782 νόμων
1431 4713 1766 4781 τηλαυγείας
1802 4714 2130 4781 πάμφωτον.
2173 4713 2299 4766 11αέ
2331 4725 2375 4767 et

2331 4725 2375 4767 et
2410 4714 2462 4766 id
2489 4731 2648 4782 genus
2700 4715 2808 4769 alia
2843 4731 2942 4767 non
2977 4716 3090 4768 sine
3129 4727 3309 4784 questu
3367 4713 3621 4780 praefatus
3681 4712 3974 4779 subjnna'it,

749 4804 870 4854 olim
906 4804 1064 4867 fuisse
1096 4803 1189 4853 sibi
1217 4802 1268 4853 in
1298 4801 1472 4852 animo
1502 4801 1648 4850 illum
1680 4816 1742 4851 ea:
1770 4801 2092 4852 Antiorltena
2131 4800 2369 4855 Ecclesia
2397 4802 2466 4853 ad
2490 4804 2858 4854 mcumenicnm
2898 4802 3225 4870 dignitatem,
3266 4812 3321 4852 ut
3368 4801 3626 4853 illustrem
3661 4799 3843 4866 legatis
3884 4814 3983 4864 pu-

751 4891 923 4942 ritatis
949 4889 1553 4956 lncernanqtransferre.
1587 4888 1763 4940 Nicet.
1798 4889 2045 4940 tilioniat.
2078 4889 2128 4940 in
2173 4889 2344 4941 Isaac.
2379 4890 2563 4956 Angel.
2598 4891 2690 4942 lib.
2727 4906 2784 4943 ll.
2817 4889 2857 4941 E
2888 4891 3083 4958 quibus
3109 4889 3267 4942 simul
3299 4888 3723 4956 constatquanti
3749 4887 3984 4939 nominis

749 4987 910 5045 atque
945 4978 994 5028 in
1023 4978 1144 5046 jure
1173 4977 1436 5028 canonico
1462 4975 1804 5027 auctoritatis
1839 4973 2158 5028 Theodorus
2194 4975 2283 5027 hic
2310 4975 2683 5028 Antioclieuus
2723 4985 2833 5027 tum
2863 4975 3073 5028 dierum
3130 4975 3313 5027 fuerit.
3358 4974 3460 5038 Qui
3518 4973 3874 5026 nihilominus
3915 4974 3981 5025 ad

751 5064 1004 5116 thronum
1042 5062 1141 5117 sibi
1174 5062 1519 5116 commissum
1563 5075 1836 5128 nunquam
1871 5064 2132 5116 accedere
2161 5065 2357 5131 potuit,
2410 5063 2617 5115 Latinis
2658 5072 2786 5114 tunc
2828 5063 3088 5129 temporis
3139 5062 3478 5115 Antiochiam
3531 5061 3858 5123 tenentibus,
3920 5074 3983 5111 ac

749 5158 1032 5218 propterea
1061 5150 1240 5202 omnia
1271 5147 1657 5212 ecclesiastica,
1690 5162 1810 5216 quae
1833 5146 1899 5203 ad
1928 5149 2356 5238 patriarchatum
2388 5165 2544 5204 suum
2575 5149 2916 5216 pertinebant
2957 5148 3172 5220 negotia
3220 5146 3687 5216 Constantinopoli
3748 5146 3982 5200 admini-

749 5246 927 5292 strare
958 5247 1179 5290 εοεαιιιε
1211 5244 1316 5290 ρει.
2396 5251 2412 5260 ”

820 5345 974 5399 llunc
1004 5360 1164 5412 porro
1195 5343 1540 5398 Theodorum
1576 5330 1950 5399 Balsamonem
1985 5347 2105 5412 jure
2134 5343 2397 5397 canonico
2433 5343 2636 5412 pariter
2661 5358 2723 5397 ac
2755 5344 2900 5396 civili
2950 5344 3431 5398 instructissimum
3483 5342 3674 5411 fuisse,
3723 5357 3828 5395 non
3874 5352 3982 5395 tam

751 5449 817 5488 ex
847 5435 1076 5486 aliorqu
1108 5431 1459 5494 testimoniis,
1491 5447 1653 5499 quam
1683 5447 1746 5484 ex
1782 5433 1893 5485 suis
1927 5428 2092 5500 ipsius
2116 5433 2376 5500 operibus
2413 5440 2646 5484 constat.
2681 5430 2844 5483 Multa
2895 5430 3161 5498 siquidem
3192 5432 3520 5499 composuit,
3554 5444 3673 5497 quae
3707 5429 3887 5481 omnia
3919 5431 3984 5480 ad

749 5520 1232 5592 jurisprudentiam
1270 5527 1535 5585 Spectant.
1573 5519 1670 5571 llic
1709 5520 1851 5572 cnim
1888 5530 2078 5572 auctor
2118 5520 2215 5571 fuit
2249 5517 2593 5573 collectionis
2639 5517 2779 5568 illius
2820 5516 3277 5570 Constitutionum
3322 5517 3834 5577 ecclesiasticarum,
3867 5530 3986 5583 quae

750 5610 854 5660 sub
887 5605 1265 5659 l’aratitlorum
1294 5604 1510 5657 nomine
1542 5619 1569 5655 a
1598 5603 1802 5666 Joanne
1829 5603 2153 5658 Lennclavio
2193 5607 2369 5674 primo
2395 5604 2584 5656 Latine
2609 5605 2752 5657 edita
2786 5614 2889 5666 est,
2921 5615 2974 5657 et
3005 5613 3185 5671 postea
3220 5603 3411 5657 Graece
3442 5619 3471 5657 a
3495 5603 3690 5656 Carolo
3723 5602 3985 5655 Annibale

751 5696 987 5750 Fabroto
1025 5692 1074 5744 J.
1107 5693 1193 5754 C.,
1227 5701 1286 5745 ut
1316 5693 1455 5746 idem
1495 5690 1761 5745 Fabrotus
1790 5692 1840 5743 in
1876 5694 2019 5746 uotis
2049 5694 2312 5760 probavit.
2361 5693 2628 5746 Plurimos
2652 5692 2812 5743 etiam
2852 5700 3114 5744 tractatus
3142 5691 3487 5758 conscripsit,
3538 5701 3594 5742 ut
3646 5691 3711 5742 de
3759 5691 3988 5758 patriar-

749 5785 975 5840 charum
1009 5779 1303 5850 privilegiis
1328 5795 1343 5847 ;
1375 5778 1441 5834 de
1470 5779 1676 5834 duobus
1706 5778 1809 5836 illis
1835 5777 2026 5836 oﬂiciis
2052 5779 2491 5851 chartOphylacis
2522 5789 2572 5834 et
2597 5779 2755 5848 primi
2783 5778 3128 5842 defensoris;
3161 5779 3226 5833 de
3255 5781 3552 5846 qumstioue
3580 5776 3705 5843 ista,
3741 5777 3822 5830 Au
3849 5793 3986 5831 unus
